captured_at,time,ticker,price,volume,buyer,seller,aggressor
2026-07-01T14:48:59.582741+00:00,00:48:53,AAPL,142.5,500,AverageAlmonds,YieldingYams,buy
2026-07-01T14:48:59.582741+00:00,00:48:53,ASML_202612_100P,69.5,52,FortunateFerrets,EssentialEagles,sell
2026-07-01T14:48:59.582741+00:00,00:48:53,AAPL,142.7,200,YieldingYams,WavyWalnuts,buy
2026-07-01T14:48:59.582741+00:00,00:48:53,SAP,52.9,200,WavyWalnuts,YieldingYams,sell
2026-07-01T14:48:59.582741+00:00,00:48:53,SAP,52.9,200,Sze-Yong Ng,YieldingYams,sell
2026-07-01T14:48:59.582741+00:00,00:48:53,OB5X_ETF,46.3,500,NecessaryNutmegs,MarvelousMilkshakes,buy
2026-07-01T14:48:59.582741+00:00,00:48:53,SAP,52.9,200,WavyWalnuts,YieldingYams,buy
2026-07-01T14:48:59.582741+00:00,00:48:53,OB5X_202612_100C,102.3,47,ScholarlySpearmints,TactfulTangerines,buy
2026-07-01T14:48:59.582741+00:00,00:48:53,ASML_202612_050P,29.3,49,FortunateFerrets,EssentialEagles,sell
2026-07-01T14:48:59.582741+00:00,00:48:53,ASML_202706_F,93.3,100,CapableCoyotes,BoundlessBisons,sell
2026-07-01T14:48:59.582741+00:00,00:48:53,AAPL,142.8,200,YieldingYams,WavyWalnuts,sell
2026-07-01T14:48:59.582741+00:00,00:48:54,SAP_DUAL,53.6,59,GroovyGrapefruits,InfiniteIcecreams,buy
2026-07-01T14:48:59.582741+00:00,00:48:54,NVDA,51.7,200,WavyWalnuts,YieldingYams,sell
2026-07-01T14:48:59.582741+00:00,00:48:54,OB5X_ETF,46.3,250,LivelyLasagnas,MarvelousMilkshakes,buy
2026-07-01T14:48:59.582741+00:00,00:48:54,ASML,90.0,200,WavyWalnuts,YieldingYams,buy
2026-07-01T14:48:59.582741+00:00,00:48:54,OB5X_202703_F,182.6,51,OriginalOlives,PowerfulPineapples,buy
2026-07-01T14:48:59.582741+00:00,00:48:54,ASML_DUAL,90.1,47,DiligentDonuts,CostlyCorianders,sell
2026-07-01T14:48:59.582741+00:00,00:48:55,OB5X_ETF,46.3,205,LivelyLasagnas,KindlyKales,sell
2026-07-01T14:48:59.582741+00:00,00:48:55,NVDA,51.6,200,YieldingYams,WavyWalnuts,sell
2026-07-01T14:48:59.582741+00:00,00:48:55,ASML_DUAL,90.2,50,FlawlessFlatbreads,EarnestEspressos,buy
2026-07-01T14:48:59.582741+00:00,00:48:55,SAP,52.9,25,WavyWalnuts,YieldingYams,buy
2026-07-01T14:48:59.582741+00:00,00:48:55,SAP,53.0,175,WavyWalnuts,Sze-Yong Ng,buy
2026-07-01T14:48:59.582741+00:00,00:48:55,TSLA,8.6,200,Sze-Yong Ng,WavyWalnuts,sell
2026-07-01T14:48:59.582741+00:00,00:48:55,ASML_202612_075C,64.7,47,FortunateFerrets,EssentialEagles,sell
2026-07-01T14:48:59.582741+00:00,00:48:55,SAP,53.0,25,YieldingYams,Sze-Yong Ng,buy
2026-07-01T14:48:59.582741+00:00,00:48:55,SAP,53.0,100,YieldingYams,Kelvin Chan,buy
2026-07-01T14:48:59.582741+00:00,00:48:55,AAPL,142.9,200,WavyWalnuts,YieldingYams,sell
2026-07-01T14:48:59.582741+00:00,00:48:55,SAP_DUAL,53.1,50,InfiniteIcecreams,JazzyJellies,sell
2026-07-01T14:48:59.582741+00:00,00:48:55,ASML,90.0,200,WavyWalnuts,YieldingYams,buy
2026-07-01T14:48:59.582741+00:00,00:48:55,ASML_202612_F,91.1,50,Kelvin Chan,DownrightDogfish,sell
2026-07-01T14:48:59.582741+00:00,00:48:56,ASML_202703_F,91.6,50,BoundlessBisons,DownrightDogfish,sell
2026-07-01T14:48:59.582741+00:00,00:48:56,OB5X_ETF,46.3,45,LivelyLasagnas,NecessaryNutmegs,sell
2026-07-01T14:48:59.582741+00:00,00:48:56,OB5X_ETF,46.3,1,Kelvin Chan,NecessaryNutmegs,sell
2026-07-01T14:48:59.582741+00:00,00:48:56,OB5X_ETF,46.3,454,MarvelousMilkshakes,NecessaryNutmegs,sell
2026-07-01T14:48:59.582741+00:00,00:48:56,OB5X_202706_F,184.7,50,RadiantRisottos,PowerfulPineapples,buy
2026-07-01T14:48:59.582741+00:00,00:48:56,ASML_202706_F,92.4,50,BoundlessBisons,DownrightDogfish,sell
2026-07-01T14:49:01.272433+00:00,00:48:56,OB5X_202703_F,182.6,49,RadiantRisottos,PowerfulPineapples,buy
2026-07-01T14:49:01.272433+00:00,00:48:56,OB5X_202703_F,182.6,1,RadiantRisottos,Kelvin Chan,buy
2026-07-01T14:49:01.272433+00:00,00:48:56,TSLA,8.7,20,BrilliantBurritos,Sze-Yong Ng,buy
2026-07-01T14:49:01.272433+00:00,00:48:56,OB5X_202612_F,181.0,50,RadiantRisottos,PowerfulPineapples,buy
2026-07-01T14:49:01.272433+00:00,00:48:56,OB5X_202612_F,181.0,50,OriginalOlives,PowerfulPineapples,buy
2026-07-01T14:49:01.272433+00:00,00:48:56,OB5X_202612_F,181.1,9,OriginalOlives,QuirkyQuinoas,buy
2026-07-01T14:49:01.272433+00:00,00:48:56,TSLA,8.6,200,YieldingYams,WavyWalnuts,sell
2026-07-01T14:49:01.272433+00:00,00:48:56,AAPL,142.7,200,WavyWalnuts,YieldingYams,buy
2026-07-01T14:49:01.272433+00:00,00:48:56,OB5X_202706_F,184.6,25,PowerfulPineapples,Kelvin Chan,sell
2026-07-01T14:49:01.272433+00:00,00:48:56,SAP,53.0,20,WavyWalnuts,BrilliantBurritos,sell
2026-07-01T14:49:01.272433+00:00,00:48:56,SAP_DUAL,53.3,57,InfiniteIcecreams,GroovyGrapefruits,sell
2026-07-01T14:49:01.272433+00:00,00:48:56,ASML_DUAL,90.2,45,CostlyCorianders,EarnestEspressos,buy
2026-07-01T14:49:06.685178+00:00,00:48:56,OB5X_202612_080C,112.6,50,VersatileVinegars,ScholarlySpearmints,sell
2026-07-01T14:49:06.685178+00:00,00:48:56,OB5X_202612_080C,112.5,4,TactfulTangerines,ScholarlySpearmints,sell
2026-07-01T14:49:06.685178+00:00,00:48:57,ASML,90.0,200,WavyWalnuts,YieldingYams,sell
2026-07-01T14:49:06.685178+00:00,00:48:57,ASML_202703_F,92.1,24,Kelvin Chan,CapableCoyotes,sell
2026-07-01T14:49:06.685178+00:00,00:48:57,ASML_202612_F,91.3,100,BoundlessBisons,CapableCoyotes,buy
2026-07-01T14:49:06.685178+00:00,00:48:57,ASML_202706_F,92.9,20,Kelvin Chan,CapableCoyotes,sell
2026-07-01T14:49:06.685178+00:00,00:48:57,ASML_202703_F,91.9,100,BoundlessBisons,CapableCoyotes,buy
2026-07-01T14:49:06.685178+00:00,00:48:57,TSLA,8.6,20,Sze-Yong Ng,YieldingYams,sell
2026-07-01T14:49:06.685178+00:00,00:48:57,TSLA,8.5,500,AverageAlmonds,YieldingYams,sell
2026-07-01T14:49:06.685178+00:00,00:48:57,TSLA,8.4,105,WavyWalnuts,YieldingYams,sell
2026-07-01T14:49:06.685178+00:00,00:48:57,ASML_DUAL,90.0,4,Kelvin Chan,FlawlessFlatbreads,sell
2026-07-01T14:49:06.685178+00:00,00:48:57,ASML_DUAL,89.9,46,DiligentDonuts,FlawlessFlatbreads,sell
2026-07-01T14:49:06.685178+00:00,00:48:57,ASML_202706_F,92.7,100,BoundlessBisons,CapableCoyotes,buy
2026-07-01T14:49:06.685178+00:00,00:48:57,SAP_DUAL,53.4,43,GroovyGrapefruits,Kelvin Chan,buy
2026-07-01T14:49:06.685178+00:00,00:48:57,SAP_DUAL,53.8,13,GroovyGrapefruits,InfiniteIcecreams,buy
2026-07-01T14:49:06.685178+00:00,00:48:57,OB5X_202706_F,184.6,20,PowerfulPineapples,Kelvin Chan,sell
2026-07-01T14:49:06.685178+00:00,00:48:57,ASML_202703_F,91.9,16,Kelvin Chan,CapableCoyotes,buy
2026-07-01T14:49:06.685178+00:00,00:48:57,SAP,53.1,12,WavyWalnuts,Kelvin Chan,buy
2026-07-01T14:49:06.685178+00:00,00:48:57,SAP,53.1,188,WavyWalnuts,YieldingYams,buy
2026-07-01T14:49:06.685178+00:00,00:48:57,TSLA,8.5,200,AverageAlmonds,WavyWalnuts,sell
2026-07-01T14:49:06.685178+00:00,00:48:57,OB5X_ETF,46.3,296,MarvelousMilkshakes,LivelyLasagnas,sell
2026-07-01T14:49:06.685178+00:00,00:48:58,OB5X_202706_F,184.8,54,OriginalOlives,QuirkyQuinoas,buy
2026-07-01T14:49:06.685178+00:00,00:48:58,OB5X_202612_F,181.1,59,OriginalOlives,QuirkyQuinoas,buy
2026-07-01T14:49:06.685178+00:00,00:48:58,OB5X_202612_F,180.8,41,PowerfulPineapples,OriginalOlives,sell
2026-07-01T14:49:06.685178+00:00,00:48:58,ASML_202612_F,91.3,50,DownrightDogfish,CapableCoyotes,buy
2026-07-01T14:49:06.685178+00:00,00:48:58,OB5X_ETF,46.1,500,LivelyLasagnas,NecessaryNutmegs,sell
2026-07-01T14:49:06.685178+00:00,00:48:58,OB5X_202612_120P,32.6,5,ScholarlySpearmints,Kelvin Chan,buy
2026-07-01T14:49:06.685178+00:00,00:48:58,OB5X_202612_120P,32.9,38,ScholarlySpearmints,TactfulTangerines,buy
2026-07-01T14:49:06.685178+00:00,00:48:58,ASML_202703_F,91.9,10,DownrightDogfish,CapableCoyotes,buy
2026-07-01T14:49:06.685178+00:00,00:48:58,NVDA,51.7,200,YieldingYams,WavyWalnuts,buy
2026-07-01T14:49:06.685178+00:00,00:48:58,ASML_202706_F,92.7,30,DownrightDogfish,CapableCoyotes,buy
2026-07-01T14:49:06.685178+00:00,00:48:58,TSLA,8.7,180,YieldingYams,Sze-Yong Ng,buy
2026-07-01T14:49:06.685178+00:00,00:48:58,TSLA,8.7,20,YieldingYams,Sze-Yong Ng,buy
2026-07-01T14:49:06.685178+00:00,00:48:58,TSLA,8.7,425,YieldingYams,AverageAlmonds,buy
2026-07-01T14:49:06.685178+00:00,00:48:58,ASML_202612_F,91.4,11,AttentiveAntelopes,Kelvin Chan,buy
2026-07-01T14:49:06.685178+00:00,00:48:58,ASML_202612_F,91.9,45,AttentiveAntelopes,BoundlessBisons,buy
2026-07-01T14:49:06.685178+00:00,00:48:58,NVDA,51.7,200,YieldingYams,WavyWalnuts,sell
2026-07-01T14:49:06.685178+00:00,00:48:58,SAP,53.1,200,WavyWalnuts,AverageAlmonds,buy
2026-07-01T14:49:06.685178+00:00,00:48:58,TSLA,8.5,200,AverageAlmonds,WavyWalnuts,sell
2026-07-01T14:49:06.685178+00:00,00:48:58,SAP_DUAL,53.4,12,GroovyGrapefruits,Kelvin Chan,buy
2026-07-01T14:49:06.685178+00:00,00:48:59,SAP,53.1,300,YieldingYams,AverageAlmonds,buy
2026-07-01T14:49:06.685178+00:00,00:48:59,SAP,53.1,325,YieldingYams,AverageAlmonds,sell
2026-07-01T14:49:06.685178+00:00,00:48:59,ASML_202612_050P,29.3,5,Kelvin Chan,EssentialEagles,sell
2026-07-01T14:49:06.685178+00:00,00:48:59,OB5X_202612_F,181.0,17,OriginalOlives,Kelvin Chan,buy
2026-07-01T14:49:06.685178+00:00,00:48:59,TSLA,8.5,200,Sze-Yong Ng,YieldingYams,sell
2026-07-01T14:49:06.685178+00:00,00:48:59,TSLA,8.5,425,AverageAlmonds,YieldingYams,sell
2026-07-01T14:49:06.685178+00:00,00:48:59,NVDA,51.6,200,WavyWalnuts,YieldingYams,buy
2026-07-01T14:49:06.685178+00:00,00:48:59,ASML_202706_F,92.8,5,Kelvin Chan,AttentiveAntelopes,sell
2026-07-01T14:49:06.685178+00:00,00:49:00,TSLA,8.5,200,AverageAlmonds,WavyWalnuts,sell
2026-07-01T14:49:06.685178+00:00,00:49:00,OB5X_ETF,46.1,500,MarvelousMilkshakes,NecessaryNutmegs,sell
2026-07-01T14:49:06.685178+00:00,00:49:00,ASML_202612_F,91.3,24,CapableCoyotes,Kelvin Chan,buy
2026-07-01T14:49:06.685178+00:00,00:49:00,SAP,52.9,100,Kelvin Chan,YieldingYams,sell
2026-07-01T14:49:06.685178+00:00,00:49:00,ASML_202703_F,92.4,23,CapableCoyotes,Kelvin Chan,buy
2026-07-01T14:49:06.685178+00:00,00:49:00,ASML_202703_F,92.5,100,CapableCoyotes,BoundlessBisons,buy
2026-07-01T14:49:06.685178+00:00,00:49:00,ASML_202612_F,92.0,46,DownrightDogfish,Sze-Yong Ng,buy
2026-07-01T14:49:06.685178+00:00,00:49:00,OB5X_ETF,46.3,204,KindlyKales,LivelyLasagnas,buy
2026-07-01T14:49:06.685178+00:00,00:49:00,OB5X_ETF,46.3,21,KindlyKales,MarvelousMilkshakes,buy
2026-07-01T14:49:06.685178+00:00,00:49:00,ASML_DUAL,90.0,2,Kelvin Chan,CostlyCorianders,sell
2026-07-01T14:49:06.685178+00:00,00:49:00,ASML_DUAL,89.8,44,DiligentDonuts,CostlyCorianders,sell
2026-07-01T14:49:06.685178+00:00,00:49:00,ASML_202612_F,91.8,15,CapableCoyotes,Kelvin Chan,sell
2026-07-01T14:49:06.685178+00:00,00:49:00,ASML_202703_F,92.5,15,CapableCoyotes,Kelvin Chan,sell
2026-07-01T14:49:06.685178+00:00,00:49:00,ASML_202612_F,91.8,100,CapableCoyotes,BoundlessBisons,sell
2026-07-01T14:49:06.685178+00:00,00:49:00,ASML_202703_F,92.6,30,DownrightDogfish,Sze-Yong Ng,buy
2026-07-01T14:49:06.685178+00:00,00:49:00,ASML_202703_F,93.0,20,DownrightDogfish,CapableCoyotes,buy
2026-07-01T14:49:06.685178+00:00,00:49:00,ASML_202706_F,93.2,15,CapableCoyotes,Kelvin Chan,buy
2026-07-01T14:49:06.685178+00:00,00:49:00,ASML_202706_F,93.4,50,DownrightDogfish,BoundlessBisons,buy
2026-07-01T14:49:06.685178+00:00,00:49:00,ASML_202703_F,92.5,12,CapableCoyotes,BoundlessBisons,sell
2026-07-01T14:49:06.685178+00:00,00:49:00,ASML,90.0,200,YieldingYams,WavyWalnuts,buy
2026-07-01T14:49:06.685178+00:00,00:49:01,ASML_202706_F,93.3,100,CapableCoyotes,BoundlessBisons,sell
2026-07-01T14:49:06.685178+00:00,00:49:01,OB5X_202612_120C,92.9,48,ScholarlySpearmints,TactfulTangerines,buy
2026-07-01T14:49:06.685178+00:00,00:49:01,NVDA,51.7,200,WavyWalnuts,Sze-Yong Ng,buy
2026-07-01T14:49:06.685178+00:00,00:49:01,TSLA,8.7,200,YieldingYams,Sze-Yong Ng,buy
2026-07-01T14:49:06.685178+00:00,00:49:01,TSLA,8.7,425,YieldingYams,AverageAlmonds,buy
2026-07-01T14:49:06.685178+00:00,00:49:01,SAP,52.9,200,WavyWalnuts,YieldingYams,buy
2026-07-01T14:49:06.685178+00:00,00:49:01,TSLA,8.6,200,AverageAlmonds,WavyWalnuts,sell
2026-07-01T14:49:06.685178+00:00,00:49:01,OB5X_202612_120P,32.0,3,Kelvin Chan,ScholarlySpearmints,sell
2026-07-01T14:49:06.685178+00:00,00:49:01,OB5X_202612_120P,31.6,52,TactfulTangerines,ScholarlySpearmints,sell
2026-07-01T14:49:06.685178+00:00,00:49:01,ASML_DUAL,90.3,50,FlawlessFlatbreads,DiligentDonuts,buy
2026-07-01T14:49:06.685178+00:00,00:49:01,OB5X_202612_100P,21.8,3,Kelvin Chan,ScholarlySpearmints,sell
2026-07-01T14:49:06.685178+00:00,00:49:01,OB5X_202612_100P,21.6,42,VersatileVinegars,ScholarlySpearmints,sell
2026-07-01T14:49:06.685178+00:00,00:49:01,ASML_202612_075P,49.0,3,EssentialEagles,Kelvin Chan,buy
2026-07-01T14:49:06.685178+00:00,00:49:01,ASML_202612_075P,49.3,37,EssentialEagles,GenerousGeckos,buy
2026-07-01T14:49:06.685178+00:00,00:49:01,ASML_202612_100P,69.9,3,EssentialEagles,Kelvin Chan,buy
2026-07-01T14:49:06.685178+00:00,00:49:01,ASML_202612_100P,70.1,45,EssentialEagles,GenerousGeckos,buy
2026-07-01T14:49:06.685178+00:00,00:49:01,ASML_DUAL,90.3,44,CostlyCorianders,DiligentDonuts,buy
2026-07-01T14:49:06.685178+00:00,00:49:01,AAPL,142.8,20,WavyWalnuts,BrilliantBurritos,sell
2026-07-01T14:49:06.685178+00:00,00:49:01,ASML_202703_F,92.0,11,Kelvin Chan,AttentiveAntelopes,sell
2026-07-01T14:49:06.685178+00:00,00:49:01,ASML_202612_F,91.8,8,CapableCoyotes,Kelvin Chan,sell
2026-07-01T14:49:06.685178+00:00,00:49:02,ASML,90.0,200,WavyWalnuts,YieldingYams,sell
2026-07-01T14:49:06.685178+00:00,00:49:02,OB5X_ETF,46.2,500,NecessaryNutmegs,MarvelousMilkshakes,buy
2026-07-01T14:49:06.685178+00:00,00:49:02,NVDA,51.8,20,BrilliantBurritos,Kelvin Chan,buy
2026-07-01T14:49:06.685178+00:00,00:49:02,NVDA,51.7,200,YieldingYams,WavyWalnuts,sell
2026-07-01T14:49:06.685178+00:00,00:49:02,SAP,53.0,200,YieldingYams,WavyWalnuts,sell
2026-07-01T14:49:06.685178+00:00,00:49:02,TSLA,8.5,200,Sze-Yong Ng,YieldingYams,sell
2026-07-01T14:49:06.685178+00:00,00:49:02,TSLA,8.5,425,AverageAlmonds,YieldingYams,sell
2026-07-01T14:49:06.685178+00:00,00:49:02,ASML_202612_F,91.8,3,CapableCoyotes,Kelvin Chan,sell
2026-07-01T14:49:06.685178+00:00,00:49:02,ASML_202706_F,93.3,8,CapableCoyotes,Kelvin Chan,sell
2026-07-01T14:49:06.685178+00:00,00:49:02,ASML,89.9,20,AverageAlmonds,BrilliantBurritos,sell
2026-07-01T14:49:06.685178+00:00,00:49:02,ASML_202612_F,91.5,5,DownrightDogfish,Kelvin Chan,buy
2026-07-01T14:49:06.685178+00:00,00:49:02,ASML_202612_F,92.3,45,DownrightDogfish,CapableCoyotes,buy
2026-07-01T14:49:06.685178+00:00,00:49:03,ASML,90.0,200,WavyWalnuts,YieldingYams,buy
2026-07-01T14:49:06.685178+00:00,00:49:03,ASML_202703_F,92.2,50,DownrightDogfish,BoundlessBisons,buy
2026-07-01T14:49:08.381353+00:00,00:49:03,ASML_202706_F,93.5,27,DownrightDogfish,Sze-Yong Ng,buy
2026-07-01T14:49:08.381353+00:00,00:49:03,NVDA,51.8,20,BrilliantBurritos,Kelvin Chan,buy
2026-07-01T14:49:08.381353+00:00,00:49:03,NVDA,51.6,200,Sze-Yong Ng,YieldingYams,sell
2026-07-01T14:49:08.381353+00:00,00:49:03,NVDA,51.6,200,WavyWalnuts,YieldingYams,buy
2026-07-01T14:49:08.381353+00:00,00:49:03,ASML_202706_F,93.3,5,CapableCoyotes,Kelvin Chan,sell
2026-07-01T14:49:08.381353+00:00,00:49:03,TSLA,8.5,200,AverageAlmonds,WavyWalnuts,sell
2026-07-01T14:49:08.381353+00:00,00:49:03,ASML,90.0,20,YieldingYams,BrilliantBurritos,sell
2026-07-01T14:49:08.381353+00:00,00:49:03,ASML_202612_100P,69.9,7,EssentialEagles,Kelvin Chan,buy
2026-07-01T14:49:08.381353+00:00,00:49:03,ASML_202612_100P,70.1,35,EssentialEagles,FortunateFerrets,buy
2026-07-01T14:49:08.381353+00:00,00:49:03,ASML_202612_050P,29.3,1,Kelvin Chan,EssentialEagles,sell
2026-07-01T14:49:08.381353+00:00,00:49:03,ASML_202706_F,93.3,4,CapableCoyotes,Kelvin Chan,sell
2026-07-01T14:49:08.381353+00:00,00:49:03,ASML_DUAL,90.1,5,Kelvin Chan,CostlyCorianders,sell
2026-07-01T14:49:08.381353+00:00,00:49:03,ASML_DUAL,90.1,39,EarnestEspressos,CostlyCorianders,sell
2026-07-01T14:49:08.381353+00:00,00:49:03,OB5X_202612_120C,92.0,8,Kelvin Chan,ScholarlySpearmints,sell
2026-07-01T14:49:08.381353+00:00,00:49:03,OB5X_202612_120C,91.5,37,TactfulTangerines,ScholarlySpearmints,sell
2026-07-01T14:49:08.381353+00:00,00:49:03,TSLA,8.7,200,YieldingYams,Sze-Yong Ng,buy
2026-07-01T14:49:08.381353+00:00,00:49:03,TSLA,8.7,425,YieldingYams,AverageAlmonds,buy
2026-07-01T14:49:08.381353+00:00,00:49:03,ASML_202706_F,93.3,4,CapableCoyotes,Kelvin Chan,sell
2026-07-01T14:49:08.381353+00:00,00:49:04,OB5X_ETF,46.2,236,KindlyKales,MarvelousMilkshakes,buy
2026-07-01T14:49:08.381353+00:00,00:49:04,ASML_202612_F,91.5,4,BoundlessBisons,Kelvin Chan,buy
2026-07-01T14:49:08.381353+00:00,00:49:04,ASML_202612_F,91.5,96,BoundlessBisons,CapableCoyotes,buy
2026-07-01T14:49:08.381353+00:00,00:49:04,SAP_DUAL,53.1,28,Kelvin Chan,GroovyGrapefruits,sell
2026-07-01T14:49:08.381353+00:00,00:49:04,SAP_DUAL,53.1,13,InfiniteIcecreams,GroovyGrapefruits,sell
2026-07-01T14:49:08.381353+00:00,00:49:04,ASML_202703_F,92.1,100,BoundlessBisons,CapableCoyotes,buy
2026-07-01T14:49:08.381353+00:00,00:49:04,ASML_202706_F,92.9,100,BoundlessBisons,CapableCoyotes,buy
2026-07-01T14:49:08.381353+00:00,00:49:04,OB5X_ETF,46.2,14,NecessaryNutmegs,MarvelousMilkshakes,buy
2026-07-01T14:49:08.381353+00:00,00:49:04,OB5X_ETF,46.3,486,NecessaryNutmegs,LivelyLasagnas,buy
2026-07-01T14:49:08.381353+00:00,00:49:04,TSLA,8.5,200,Sze-Yong Ng,WavyWalnuts,sell
2026-07-01T14:49:08.381353+00:00,00:49:04,NVDA,51.7,200,YieldingYams,Sze-Yong Ng,buy
2026-07-01T14:49:08.381353+00:00,00:49:04,NVDA,51.7,200,YieldingYams,WavyWalnuts,buy
2026-07-01T14:49:08.381353+00:00,00:49:04,ASML_202612_050C,70.2,2,EssentialEagles,Kelvin Chan,buy
2026-07-01T14:49:08.381353+00:00,00:49:04,ASML_202612_050C,70.3,50,EssentialEagles,GenerousGeckos,buy
2026-07-01T14:49:08.381353+00:00,00:49:05,OB5X_202612_080P,13.7,8,ScholarlySpearmints,Kelvin Chan,buy
2026-07-01T14:49:08.381353+00:00,00:49:05,OB5X_202612_080P,13.9,40,ScholarlySpearmints,TactfulTangerines,buy
2026-07-01T14:49:08.381353+00:00,00:49:05,SAP,52.8,20,Kelvin Chan,BrilliantBurritos,sell
2026-07-01T14:49:08.381353+00:00,00:49:05,ASML_202612_F,91.2,31,Kelvin Chan,DownrightDogfish,sell
2026-07-01T14:49:08.381353+00:00,00:49:05,ASML_202612_F,91.0,19,CapableCoyotes,DownrightDogfish,sell
2026-07-01T14:49:08.381353+00:00,00:49:05,OB5X_202612_080C,112.7,7,Kelvin Chan,ScholarlySpearmints,sell
2026-07-01T14:49:08.381353+00:00,00:49:05,OB5X_202612_080C,112.7,50,VersatileVinegars,ScholarlySpearmints,sell
2026-07-01T14:49:08.381353+00:00,00:49:05,OB5X_202612_080C,112.6,2,TactfulTangerines,ScholarlySpearmints,sell
2026-07-01T14:49:12.524212+00:00,00:49:05,ASML_202703_F,92.0,26,Kelvin Chan,DownrightDogfish,sell
2026-07-01T14:49:12.524212+00:00,00:49:05,ASML_202703_F,91.9,24,Sze-Yong Ng,DownrightDogfish,sell
2026-07-01T14:49:12.524212+00:00,00:49:05,AAPL,142.9,200,YieldingYams,Sze-Yong Ng,sell
2026-07-01T14:49:12.524212+00:00,00:49:05,ASML,90.0,200,AverageAlmonds,WavyWalnuts,sell
2026-07-01T14:49:12.524212+00:00,00:49:05,ASML_202706_F,92.8,18,Kelvin Chan,DownrightDogfish,sell
2026-07-01T14:49:12.524212+00:00,00:49:05,ASML_202706_F,92.8,32,Sze-Yong Ng,DownrightDogfish,sell
2026-07-01T14:49:12.524212+00:00,00:49:05,ASML_DUAL,90.5,50,FlawlessFlatbreads,DiligentDonuts,buy
2026-07-01T14:49:12.524212+00:00,00:49:05,SAP,52.8,200,Sze-Yong Ng,YieldingYams,sell
2026-07-01T14:49:12.524212+00:00,00:49:05,SAP,52.8,200,WavyWalnuts,YieldingYams,sell
2026-07-01T14:49:12.524212+00:00,00:49:05,OB5X_202612_F,180.7,16,Kelvin Chan,OriginalOlives,sell
2026-07-01T14:49:12.524212+00:00,00:49:05,OB5X_202612_F,180.6,42,QuirkyQuinoas,OriginalOlives,sell
2026-07-01T14:49:12.524212+00:00,00:49:05,ASML_202612_100C,61.0,3,Kelvin Chan,EssentialEagles,sell
2026-07-01T14:49:12.524212+00:00,00:49:05,ASML_202612_100C,60.8,49,GenerousGeckos,EssentialEagles,sell
2026-07-01T14:49:12.524212+00:00,00:49:05,ASML_202612_075P,48.8,1,Kelvin Chan,EssentialEagles,sell
2026-07-01T14:49:12.524212+00:00,00:49:05,ASML_202612_075P,48.8,44,GenerousGeckos,EssentialEagles,sell
2026-07-01T14:49:12.524212+00:00,00:49:05,ASML_202612_050C,69.9,3,Kelvin Chan,EssentialEagles,sell
2026-07-01T14:49:12.524212+00:00,00:49:05,ASML_202612_050C,69.8,51,FortunateFerrets,EssentialEagles,sell
2026-07-01T14:49:12.524212+00:00,00:49:05,TSLA,8.6,500,AverageAlmonds,YieldingYams,buy
2026-07-01T14:49:12.524212+00:00,00:49:06,SAP,52.7,200,YieldingYams,WavyWalnuts,sell
2026-07-01T14:49:12.524212+00:00,00:49:06,NVDA,51.7,200,WavyWalnuts,YieldingYams,sell
2026-07-01T14:49:12.524212+00:00,00:49:06,NVDA,51.6,200,Sze-Yong Ng,YieldingYams,sell
2026-07-01T14:49:12.524212+00:00,00:49:06,NVDA,51.5,20,Kelvin Chan,YieldingYams,sell
2026-07-01T14:49:12.524212+00:00,00:49:06,NVDA,51.5,205,AverageAlmonds,YieldingYams,sell
2026-07-01T14:49:12.524212+00:00,00:49:06,ASML_202612_F,91.5,48,AttentiveAntelopes,CapableCoyotes,buy
2026-07-01T14:49:12.524212+00:00,00:49:06,TSLA,8.6,200,YieldingYams,WavyWalnuts,buy
2026-07-01T14:49:12.524212+00:00,00:49:06,TSLA,8.7,425,YieldingYams,AverageAlmonds,buy
2026-07-01T14:49:12.524212+00:00,00:49:06,OB5X_ETF,46.3,14,NecessaryNutmegs,LivelyLasagnas,buy
2026-07-01T14:49:12.524212+00:00,00:49:06,OB5X_ETF,46.3,486,NecessaryNutmegs,MarvelousMilkshakes,buy
2026-07-01T14:49:12.524212+00:00,00:49:06,OB5X_202612_120C,92.0,5,Kelvin Chan,ScholarlySpearmints,sell
2026-07-01T14:49:12.524212+00:00,00:49:06,OB5X_202612_120P,32.6,5,ScholarlySpearmints,Kelvin Chan,buy
2026-07-01T14:49:12.524212+00:00,00:49:06,OB5X_202612_120P,32.9,54,ScholarlySpearmints,TactfulTangerines,buy
2026-07-01T14:49:12.524212+00:00,00:49:07,OB5X_202706_F,184.7,40,OriginalOlives,QuirkyQuinoas,buy
2026-07-01T14:49:12.524212+00:00,00:49:07,OB5X_202612_100C,102.3,47,ScholarlySpearmints,TactfulTangerines,buy
2026-07-01T14:49:12.524212+00:00,00:49:07,OB5X_202703_F,182.6,53,OriginalOlives,QuirkyQuinoas,buy
2026-07-01T14:49:12.524212+00:00,00:49:07,OB5X_202612_F,180.7,14,Kelvin Chan,OriginalOlives,sell
2026-07-01T14:49:12.524212+00:00,00:49:07,TSLA,8.6,200,AverageAlmonds,WavyWalnuts,sell
2026-07-01T14:49:12.524212+00:00,00:49:07,ASML_202612_F,91.6,4,CapableCoyotes,Kelvin Chan,buy
2026-07-01T14:49:12.524212+00:00,00:49:07,ASML_202612_F,91.8,19,CapableCoyotes,Kelvin Chan,sell
2026-07-01T14:49:12.524212+00:00,00:49:07,OB5X_202612_120C,91.5,4,Kelvin Chan,ScholarlySpearmints,buy
2026-07-01T14:49:12.524212+00:00,00:49:07,SAP,52.7,15,Kelvin Chan,BrilliantBurritos,sell
2026-07-01T14:49:12.524212+00:00,00:49:07,SAP,52.7,5,YieldingYams,BrilliantBurritos,sell
2026-07-01T14:49:12.524212+00:00,00:49:07,ASML_202703_F,92.3,3,CapableCoyotes,Kelvin Chan,buy
2026-07-01T14:49:12.524212+00:00,00:49:07,NVDA,51.8,140,YieldingYams,Kelvin Chan,buy
2026-07-01T14:49:12.524212+00:00,00:49:07,NVDA,51.8,200,YieldingYams,WavyWalnuts,buy
2026-07-01T14:49:12.524212+00:00,00:49:07,ASML_202612_F,92.3,50,DownrightDogfish,CapableCoyotes,buy
2026-07-01T14:49:12.524212+00:00,00:49:07,ASML_202612_F,91.8,100,CapableCoyotes,BoundlessBisons,sell
2026-07-01T14:49:12.524212+00:00,00:49:07,ASML_202703_F,92.9,50,DownrightDogfish,BoundlessBisons,buy
2026-07-01T14:49:12.524212+00:00,00:49:07,ASML_202706_F,93.2,3,CapableCoyotes,Kelvin Chan,buy
2026-07-01T14:49:12.524212+00:00,00:49:07,ASML_202706_F,93.7,50,DownrightDogfish,CapableCoyotes,buy
2026-07-01T14:49:12.524212+00:00,00:49:07,ASML_DUAL,90.5,50,FlawlessFlatbreads,DiligentDonuts,buy
2026-07-01T14:49:12.524212+00:00,00:49:07,TSLA,8.6,500,AverageAlmonds,YieldingYams,sell
2026-07-01T14:49:12.524212+00:00,00:49:07,ASML_202612_F,91.8,14,CapableCoyotes,Kelvin Chan,sell
2026-07-01T14:49:12.524212+00:00,00:49:07,ASML,90.1,2,WavyWalnuts,Kelvin Chan,buy
2026-07-01T14:49:12.524212+00:00,00:49:07,ASML_202703_F,92.4,100,CapableCoyotes,BoundlessBisons,sell
2026-07-01T14:49:12.524212+00:00,00:49:08,ASML_DUAL,90.5,47,CostlyCorianders,EarnestEspressos,buy
2026-07-01T14:49:12.524212+00:00,00:49:08,ASML_202706_F,93.2,100,CapableCoyotes,BoundlessBisons,sell
2026-07-01T14:49:12.524212+00:00,00:49:08,ASML_202612_F,91.8,11,CapableCoyotes,Kelvin Chan,sell
2026-07-01T14:49:12.524212+00:00,00:49:08,ASML_202703_F,92.4,10,CapableCoyotes,Kelvin Chan,sell
2026-07-01T14:49:12.524212+00:00,00:49:08,ASML_202706_F,93.2,10,CapableCoyotes,Kelvin Chan,sell
2026-07-01T14:49:12.524212+00:00,00:49:08,OB5X_202612_120C,91.5,3,Kelvin Chan,ScholarlySpearmints,buy
2026-07-01T14:49:12.524212+00:00,00:49:08,SAP_DUAL,53.2,49,GroovyGrapefruits,InfiniteIcecreams,buy
2026-07-01T14:49:12.524212+00:00,00:49:08,SAP,52.8,500,AverageAlmonds,YieldingYams,sell
2026-07-01T14:49:12.524212+00:00,00:49:08,SAP,52.7,125,WavyWalnuts,YieldingYams,sell
2026-07-01T14:49:12.524212+00:00,00:49:08,TSLA,8.6,125,AverageAlmonds,YieldingYams,buy
2026-07-01T14:49:15.840400+00:00,00:49:08,NVDA,51.9,200,WavyWalnuts,Sze-Yong Ng,buy
2026-07-01T14:49:15.840400+00:00,00:49:08,ASML_202612_F,91.8,2,CapableCoyotes,Kelvin Chan,sell
2026-07-01T14:49:15.840400+00:00,00:49:08,ASML_202703_F,92.4,4,CapableCoyotes,Kelvin Chan,sell
2026-07-01T14:49:15.840400+00:00,00:49:08,ASML_202706_F,93.2,4,CapableCoyotes,Kelvin Chan,sell
2026-07-01T14:49:15.840400+00:00,00:49:08,OB5X_ETF,46.4,500,NecessaryNutmegs,LivelyLasagnas,buy
2026-07-01T14:49:15.840400+00:00,00:49:08,OB5X_ETF,46.3,220,MarvelousMilkshakes,KindlyKales,sell
2026-07-01T14:49:15.840400+00:00,00:49:08,ASML_202703_F,92.4,2,CapableCoyotes,Kelvin Chan,sell
2026-07-01T14:49:15.840400+00:00,00:49:08,NVDA,51.7,200,Sze-Yong Ng,YieldingYams,sell
2026-07-01T14:49:15.840400+00:00,00:49:08,NVDA,51.7,160,Kelvin Chan,YieldingYams,sell
2026-07-01T14:49:15.840400+00:00,00:49:08,SAP_DUAL,53.1,6,Kelvin Chan,GroovyGrapefruits,sell
2026-07-01T14:49:15.840400+00:00,00:49:08,SAP_DUAL,52.8,35,HomelyHerrings,GroovyGrapefruits,sell
2026-07-01T14:49:15.840400+00:00,00:49:09,ASML_202612_F,91.2,18,Kelvin Chan,AttentiveAntelopes,sell
2026-07-01T14:49:15.840400+00:00,00:49:09,ASML_202612_F,91.2,40,Sze-Yong Ng,AttentiveAntelopes,sell
2026-07-01T14:49:15.840400+00:00,00:49:09,ASML,90.2,2,WavyWalnuts,Kelvin Chan,buy
2026-07-01T14:49:15.840400+00:00,00:49:09,ASML,90.2,198,WavyWalnuts,YieldingYams,buy
2026-07-01T14:49:15.840400+00:00,00:49:09,TSLA,8.7,200,YieldingYams,WavyWalnuts,buy
2026-07-01T14:49:15.840400+00:00,00:49:09,TSLA,8.7,425,YieldingYams,AverageAlmonds,buy
2026-07-01T14:49:15.840400+00:00,00:49:09,ASML_202703_F,92.4,5,CapableCoyotes,Kelvin Chan,sell
2026-07-01T14:49:15.840400+00:00,00:49:09,ASML_202703_F,92.4,4,CapableCoyotes,Kelvin Chan,sell
2026-07-01T14:49:15.840400+00:00,00:49:09,ASML_202706_F,93.2,4,CapableCoyotes,Kelvin Chan,sell
2026-07-01T14:49:15.840400+00:00,00:49:09,OB5X_ETF,46.5,204,KindlyKales,MarvelousMilkshakes,buy
2026-07-01T14:49:15.840400+00:00,00:49:09,ASML_202703_F,92.4,2,CapableCoyotes,Kelvin Chan,sell
2026-07-01T14:49:15.840400+00:00,00:49:09,OB5X_202612_080P,13.3,8,Kelvin Chan,ScholarlySpearmints,sell
2026-07-01T14:49:15.840400+00:00,00:49:09,OB5X_202612_080P,13.2,36,VersatileVinegars,ScholarlySpearmints,sell
2026-07-01T14:49:15.840400+00:00,00:49:09,NVDA,51.7,200,WavyWalnuts,YieldingYams,buy
2026-07-01T14:49:15.840400+00:00,00:49:09,TSLA,8.7,200,WavyWalnuts,AverageAlmonds,buy
2026-07-01T14:49:15.840400+00:00,00:49:09,SAP,52.8,200,AverageAlmonds,WavyWalnuts,sell
2026-07-01T14:49:15.840400+00:00,00:49:09,ASML_202703_F,92.4,2,CapableCoyotes,Kelvin Chan,sell
2026-07-01T14:49:15.840400+00:00,00:49:09,ASML_202706_F,93.2,2,CapableCoyotes,Kelvin Chan,sell
2026-07-01T14:49:15.840400+00:00,00:49:09,OB5X_202612_120P,32.0,3,Kelvin Chan,ScholarlySpearmints,sell
2026-07-01T14:49:15.840400+00:00,00:49:09,OB5X_202612_120P,31.6,50,TactfulTangerines,ScholarlySpearmints,sell
2026-07-01T14:49:15.840400+00:00,00:49:09,ASML_202612_075P,49.0,4,EssentialEagles,Kelvin Chan,buy
2026-07-01T14:49:15.840400+00:00,00:49:09,ASML_202612_075P,49.3,45,EssentialEagles,FortunateFerrets,buy
2026-07-01T14:49:15.840400+00:00,00:49:09,ASML_DUAL,90.5,50,FlawlessFlatbreads,EarnestEspressos,buy
2026-07-01T14:49:15.840400+00:00,00:49:09,ASML_202612_100P,69.9,4,EssentialEagles,Kelvin Chan,buy
2026-07-01T14:49:15.840400+00:00,00:49:09,ASML_202612_100P,70.1,47,EssentialEagles,FortunateFerrets,buy
2026-07-01T14:49:17.893977+00:00,00:49:09,ASML_202612_F,91.3,31,Kelvin Chan,DownrightDogfish,sell
2026-07-01T14:49:17.893977+00:00,00:49:09,ASML_202612_F,91.2,19,Sze-Yong Ng,DownrightDogfish,sell
2026-07-01T14:49:17.893977+00:00,00:49:10,ASML_202703_F,92.4,18,CapableCoyotes,DownrightDogfish,sell
2026-07-01T14:49:17.893977+00:00,00:49:10,ASML_202703_F,91.9,32,Sze-Yong Ng,DownrightDogfish,sell
2026-07-01T14:49:17.893977+00:00,00:49:10,NVDA,51.7,180,YieldingYams,Kelvin Chan,buy
2026-07-01T14:49:17.893977+00:00,00:49:10,NVDA,51.8,200,YieldingYams,Sze-Yong Ng,buy
2026-07-01T14:49:17.893977+00:00,00:49:10,NVDA,51.9,245,YieldingYams,AverageAlmonds,buy
2026-07-01T14:49:17.893977+00:00,00:49:10,ASML_202706_F,93.2,27,CapableCoyotes,DownrightDogfish,sell
2026-07-01T14:49:17.893977+00:00,00:49:10,ASML_202706_F,92.8,23,Sze-Yong Ng,DownrightDogfish,sell
2026-07-01T14:49:17.893977+00:00,00:49:10,SAP_DUAL,53.0,50,InfiniteIcecreams,JazzyJellies,sell
2026-07-01T14:49:17.893977+00:00,00:49:10,TSLA,8.6,500,AverageAlmonds,YieldingYams,sell
2026-07-01T14:49:17.893977+00:00,00:49:10,ASML_202706_F,92.8,9,Sze-Yong Ng,AttentiveAntelopes,sell
2026-07-01T14:49:17.893977+00:00,00:49:10,ASML_202706_F,92.8,12,Kelvin Chan,AttentiveAntelopes,sell
2026-07-01T14:49:17.893977+00:00,00:49:10,OB5X_202706_F,184.8,12,PowerfulPineapples,Kelvin Chan,buy
2026-07-01T14:49:17.893977+00:00,00:49:10,OB5X_202703_F,182.7,12,PowerfulPineapples,Kelvin Chan,buy
2026-07-01T14:49:17.893977+00:00,00:49:10,TSLA,8.3,125,AverageAlmonds,YieldingYams,buy
2026-07-01T14:49:17.893977+00:00,00:49:10,OB5X_ETF,46.4,500,LivelyLasagnas,NecessaryNutmegs,sell
2026-07-01T14:49:17.893977+00:00,00:49:10,NVDA,51.9,200,WavyWalnuts,AverageAlmonds,buy
2026-07-01T14:49:17.893977+00:00,00:49:10,TSLA,8.7,200,WavyWalnuts,AverageAlmonds,buy
2026-07-01T14:49:17.893977+00:00,00:49:10,SAP,52.8,200,YieldingYams,WavyWalnuts,sell
2026-07-01T14:49:17.893977+00:00,00:49:10,TSLA,8.6,200,AverageAlmonds,Sze-Yong Ng,sell
2026-07-01T14:49:17.893977+00:00,00:49:11,AAPL,142.7,200,YieldingYams,WavyWalnuts,buy
2026-07-01T14:49:17.893977+00:00,00:49:11,OB5X_202612_120C,92.3,7,ScholarlySpearmints,Kelvin Chan,buy
2026-07-01T14:49:17.893977+00:00,00:49:11,OB5X_202612_120C,92.8,33,ScholarlySpearmints,VersatileVinegars,buy
2026-07-01T14:49:17.893977+00:00,00:49:11,ASML_202612_F,91.7,2,BoundlessBisons,Kelvin Chan,buy
2026-07-01T14:49:17.893977+00:00,00:49:11,ASML_202612_F,91.7,98,BoundlessBisons,CapableCoyotes,buy
2026-07-01T14:49:17.893977+00:00,00:49:11,ASML_202703_F,92.2,100,BoundlessBisons,CapableCoyotes,buy
2026-07-01T14:49:17.893977+00:00,00:49:11,SAP,52.8,500,AverageAlmonds,YieldingYams,buy
2026-07-01T14:49:17.893977+00:00,00:49:11,OB5X_202706_F,184.8,16,PowerfulPineapples,Kelvin Chan,sell
2026-07-01T14:49:17.893977+00:00,00:49:11,ASML_202706_F,93.1,100,BoundlessBisons,CapableCoyotes,buy
2026-07-01T14:49:17.893977+00:00,00:49:11,ASML_DUAL,90.5,43,DiligentDonuts,CostlyCorianders,sell
2026-07-01T14:49:17.893977+00:00,00:49:11,TSLA,8.7,500,YieldingYams,AverageAlmonds,buy
2026-07-01T14:49:17.893977+00:00,00:49:11,OB5X_202612_F,181.1,52,PowerfulPineapples,OriginalOlives,sell
2026-07-01T14:49:17.893977+00:00,00:49:12,SAP,52.8,125,AverageAlmonds,YieldingYams,buy
2026-07-01T14:49:17.893977+00:00,00:49:12,TSLA,8.7,125,YieldingYams,AverageAlmonds,sell
2026-07-01T14:49:17.893977+00:00,00:49:12,ASML_DUAL,90.8,10,FlawlessFlatbreads,Zijun Feng,buy
2026-07-01T14:49:17.893977+00:00,00:49:12,ASML_DUAL,90.9,40,FlawlessFlatbreads,EarnestEspressos,buy
2026-07-01T14:49:17.893977+00:00,00:49:12,NVDA,52.0,200,WavyWalnuts,YieldingYams,buy
2026-07-01T14:49:17.893977+00:00,00:49:12,TSLA,8.7,200,WavyWalnuts,AverageAlmonds,buy
2026-07-01T14:49:17.893977+00:00,00:49:12,ASML_DUAL,90.9,45,CostlyCorianders,EarnestEspressos,buy
2026-07-01T14:49:17.893977+00:00,00:49:12,AAPL,142.7,200,YieldingYams,WavyWalnuts,sell
2026-07-01T14:49:17.893977+00:00,00:49:12,SAP,52.9,200,YieldingYams,WavyWalnuts,buy
2026-07-01T14:49:19.541163+00:00,00:49:12,OB5X_202612_F,181.1,14,PowerfulPineapples,Kelvin Chan,sell
2026-07-01T14:49:19.541163+00:00,00:49:12,OB5X_202703_F,182.7,14,PowerfulPineapples,Kelvin Chan,sell
2026-07-01T14:49:19.541163+00:00,00:49:12,ASML_202706_F,92.9,23,Kelvin Chan,DownrightDogfish,sell
2026-07-01T14:49:19.541163+00:00,00:49:12,SAP_DUAL,53.0,3,Kelvin Chan,JazzyJellies,sell
2026-07-01T14:49:19.541163+00:00,00:49:12,SAP_DUAL,52.9,47,HomelyHerrings,JazzyJellies,sell
2026-07-01T14:49:19.541163+00:00,00:49:12,ASML,90.3,3,Zijun Feng,Kelvin Chan,buy
2026-07-01T14:49:19.541163+00:00,00:49:12,ASML,90.3,7,Zijun Feng,WavyWalnuts,buy
2026-07-01T14:49:19.541163+00:00,00:49:12,OB5X_202612_120P,32.0,3,Kelvin Chan,ScholarlySpearmints,sell
2026-07-01T14:49:19.541163+00:00,00:49:12,OB5X_202612_120P,31.5,39,TactfulTangerines,ScholarlySpearmints,sell
2026-07-01T14:49:19.541163+00:00,00:49:12,ASML,90.2,200,YieldingYams,WavyWalnuts,sell
2026-07-01T14:49:19.541163+00:00,00:49:12,OB5X_202612_100P,22.5,58,ScholarlySpearmints,TactfulTangerines,buy
2026-07-01T14:49:19.541163+00:00,00:49:12,ASML_202612_050P,29.1,50,GenerousGeckos,EssentialEagles,sell
2026-07-01T14:49:19.541163+00:00,00:49:12,ASML_202612_050P,29.1,5,FortunateFerrets,EssentialEagles,sell
2026-07-01T14:49:19.541163+00:00,00:49:13,TSLA,8.6,500,AverageAlmonds,YieldingYams,sell
2026-07-01T14:49:19.541163+00:00,00:49:13,TSLA,8.6,125,Sze-Yong Ng,YieldingYams,sell
2026-07-01T14:49:19.541163+00:00,00:49:13,OB5X_202706_F,184.9,7,OriginalOlives,Kelvin Chan,buy
2026-07-01T14:49:19.541163+00:00,00:49:13,ASML_DUAL,90.8,10,EarnestEspressos,Zijun Feng,buy
2026-07-01T14:49:19.541163+00:00,00:49:13,TSLA,8.7,200,WavyWalnuts,AverageAlmonds,buy
2026-07-01T14:49:19.541163+00:00,00:49:13,SAP,52.9,200,YieldingYams,WavyWalnuts,sell
2026-07-01T14:49:19.541163+00:00,00:49:13,OB5X_202706_F,185.0,5,QuirkyQuinoas,Kelvin Chan,sell
2026-07-01T14:49:19.541163+00:00,00:49:13,OB5X_202612_F,181.1,6,PowerfulPineapples,Kelvin Chan,sell
2026-07-01T14:49:19.541163+00:00,00:49:13,OB5X_202703_F,182.8,6,QuirkyQuinoas,Kelvin Chan,buy
2026-07-01T14:49:19.541163+00:00,00:49:13,ASML,90.2,6,Zijun Feng,Kelvin Chan,buy
2026-07-01T14:49:21.654845+00:00,00:49:13,ASML,90.2,6,WavyWalnuts,Kelvin Chan,buy
2026-07-01T14:49:21.654845+00:00,00:49:13,ASML,90.3,194,WavyWalnuts,YieldingYams,buy
2026-07-01T14:49:21.654845+00:00,00:49:14,ASML,90.3,4,Zijun Feng,YieldingYams,buy
2026-07-01T14:49:21.654845+00:00,00:49:14,ASML_202612_075P,48.7,47,GenerousGeckos,EssentialEagles,sell
2026-07-01T14:49:21.654845+00:00,00:49:14,OB5X_ETF,46.4,207,MarvelousMilkshakes,KindlyKales,sell
2026-07-01T14:49:21.654845+00:00,00:49:14,ASML_202612_075C,65.5,50,EssentialEagles,GenerousGeckos,buy
2026-07-01T14:49:21.654845+00:00,00:49:14,ASML_202612_075C,65.6,1,EssentialEagles,FortunateFerrets,buy
2026-07-01T14:49:21.654845+00:00,00:49:14,SAP_DUAL,53.3,49,GroovyGrapefruits,HomelyHerrings,buy
2026-07-01T14:49:21.654845+00:00,00:49:14,ASML_DUAL,90.8,50,EarnestEspressos,FlawlessFlatbreads,sell
2026-07-01T14:49:21.654845+00:00,00:49:14,ASML_202612_F,91.6,11,CapableCoyotes,Kelvin Chan,buy
2026-07-01T14:49:21.654845+00:00,00:49:14,ASML_202612_F,91.8,59,CapableCoyotes,Sze-Yong Ng,buy
2026-07-01T14:49:21.654845+00:00,00:49:14,ASML_202612_F,92.1,10,CapableCoyotes,Kelvin Chan,sell
2026-07-01T14:49:21.654845+00:00,00:49:14,TSLA,8.7,20,BrilliantBurritos,Sze-Yong Ng,buy
2026-07-01T14:49:21.654845+00:00,00:49:14,ASML_202703_F,92.4,9,CapableCoyotes,Kelvin Chan,buy
2026-07-01T14:49:21.654845+00:00,00:49:14,ASML_202703_F,92.5,56,CapableCoyotes,Sze-Yong Ng,buy
2026-07-01T14:49:21.654845+00:00,00:49:14,SAP,53.0,100,WavyWalnuts,Kelvin Chan,buy
2026-07-01T14:49:21.654845+00:00,00:49:14,SAP,53.0,100,WavyWalnuts,YieldingYams,buy
2026-07-01T14:49:21.654845+00:00,00:49:14,TSLA,8.7,105,WavyWalnuts,Sze-Yong Ng,buy
2026-07-01T14:49:21.654845+00:00,00:49:14,TSLA,8.7,95,WavyWalnuts,YieldingYams,buy
2026-07-01T14:49:21.654845+00:00,00:49:14,ASML_202612_F,92.1,50,CapableCoyotes,DownrightDogfish,sell
2026-07-01T14:49:21.654845+00:00,00:49:14,OB5X_202703_F,182.8,58,QuirkyQuinoas,OriginalOlives,sell
2026-07-01T14:49:21.654845+00:00,00:49:14,SAP_DUAL,52.9,50,InfiniteIcecreams,JazzyJellies,sell
2026-07-01T14:49:21.654845+00:00,00:49:14,ASML_202612_F,92.1,20,CapableCoyotes,BoundlessBisons,sell
2026-07-01T14:49:21.654845+00:00,00:49:14,ASML_202706_F,93.2,6,CapableCoyotes,Kelvin Chan,buy
2026-07-01T14:49:21.654845+00:00,00:49:14,ASML_202706_F,93.3,64,CapableCoyotes,Sze-Yong Ng,buy
2026-07-01T14:49:21.654845+00:00,00:49:14,ASML_202703_F,92.6,5,CapableCoyotes,Kelvin Chan,sell
2026-07-01T14:49:21.654845+00:00,00:49:14,ASML_202703_F,92.6,50,CapableCoyotes,DownrightDogfish,sell
2026-07-01T14:49:21.654845+00:00,00:49:14,ASML_202706_F,93.5,50,CapableCoyotes,DownrightDogfish,sell
2026-07-01T14:49:21.654845+00:00,00:49:14,ASML_202703_F,92.6,4,CapableCoyotes,Kelvin Chan,sell
2026-07-01T14:49:21.654845+00:00,00:49:15,OB5X_ETF,46.5,500,NecessaryNutmegs,LivelyLasagnas,buy
2026-07-01T14:49:21.654845+00:00,00:49:15,SAP,52.8,500,AverageAlmonds,YieldingYams,buy
2026-07-01T14:49:21.654845+00:00,00:49:15,ASML,90.4,200,YieldingYams,WavyWalnuts,sell
2026-07-01T14:49:21.654845+00:00,00:49:15,ASML_202612_100P,69.5,48,FortunateFerrets,EssentialEagles,sell
2026-07-01T14:49:21.654845+00:00,00:49:15,ASML_202612_050C,70.2,1,GenerousGeckos,Kelvin Chan,buy
2026-07-01T14:49:21.654845+00:00,00:49:15,OB5X_202612_080P,13.7,4,ScholarlySpearmints,Kelvin Chan,buy
2026-07-01T14:49:21.654845+00:00,00:49:15,OB5X_202612_080P,13.9,47,ScholarlySpearmints,TactfulTangerines,buy
2026-07-01T14:49:21.654845+00:00,00:49:15,ASML_202703_F,92.6,3,CapableCoyotes,Kelvin Chan,sell
2026-07-01T14:49:21.654845+00:00,00:49:15,ASML_202706_F,93.5,3,CapableCoyotes,Kelvin Chan,sell
2026-07-01T14:49:21.654845+00:00,00:49:15,AAPL,142.5,20,WavyWalnuts,BrilliantBurritos,sell
2026-07-01T14:49:21.654845+00:00,00:49:15,OB5X_202612_120P,31.5,48,TactfulTangerines,ScholarlySpearmints,sell
2026-07-01T14:49:21.654845+00:00,00:49:15,ASML_202703_F,92.8,59,AttentiveAntelopes,BoundlessBisons,buy
2026-07-01T14:49:21.654845+00:00,00:49:15,SAP,52.8,125,AverageAlmonds,YieldingYams,buy
2026-07-01T14:49:21.654845+00:00,00:49:15,OB5X_202706_F,185.0,3,QuirkyQuinoas,Kelvin Chan,sell
2026-07-01T14:49:21.654845+00:00,00:49:15,ASML_202703_F,92.6,2,CapableCoyotes,Kelvin Chan,sell
2026-07-01T14:49:21.654845+00:00,00:49:15,SAP_DUAL,53.0,34,Kelvin Chan,InfiniteIcecreams,sell
2026-07-01T14:49:21.654845+00:00,00:49:15,OB5X_ETF,46.5,3,KindlyKales,Kelvin Chan,buy
2026-07-01T14:49:21.654845+00:00,00:49:15,OB5X_ETF,46.6,229,KindlyKales,MarvelousMilkshakes,buy
2026-07-01T14:49:21.654845+00:00,00:49:15,NVDA,52.0,200,WavyWalnuts,AverageAlmonds,buy
2026-07-01T14:49:21.654845+00:00,00:49:15,TSLA,8.6,75,Sze-Yong Ng,WavyWalnuts,sell
2026-07-01T14:49:21.654845+00:00,00:49:15,TSLA,8.6,20,Sze-Yong Ng,WavyWalnuts,sell
2026-07-01T14:49:21.654845+00:00,00:49:15,TSLA,8.6,105,Sze-Yong Ng,WavyWalnuts,sell
2026-07-01T14:49:21.654845+00:00,00:49:15,SAP_DUAL,53.0,17,Kelvin Chan,InfiniteIcecreams,buy
2026-07-01T14:49:21.654845+00:00,00:49:15,OB5X_202612_F,181.5,47,OriginalOlives,PowerfulPineapples,buy
2026-07-01T14:49:21.654845+00:00,00:49:16,ASML_202612_100C,61.7,59,EssentialEagles,FortunateFerrets,buy
2026-07-01T14:49:21.654845+00:00,00:49:16,SAP,53.0,200,WavyWalnuts,YieldingYams,sell
2026-07-01T14:49:21.654845+00:00,00:49:16,AAPL,142.5,200,WavyWalnuts,YieldingYams,sell
2026-07-01T14:49:21.654845+00:00,00:49:16,AAPL,142.4,200,Sze-Yong Ng,YieldingYams,buy
2026-07-01T14:49:21.654845+00:00,00:49:16,OB5X_ETF,46.4,211,MarvelousMilkshakes,KindlyKales,sell
2026-07-01T14:49:21.654845+00:00,00:49:16,ASML_202612_050C,70.5,43,EssentialEagles,FortunateFerrets,buy
2026-07-01T14:49:21.654845+00:00,00:49:16,ASML,90.4,200,WavyWalnuts,YieldingYams,buy
2026-07-01T14:49:21.654845+00:00,00:49:16,ASML_DUAL,90.8,50,EarnestEspressos,FlawlessFlatbreads,sell
2026-07-01T14:49:21.654845+00:00,00:49:16,ASML_202703_F,92.6,1,CapableCoyotes,Kelvin Chan,sell
2026-07-01T14:49:21.654845+00:00,00:49:16,ASML_202703_F,92.6,1,CapableCoyotes,Kelvin Chan,sell
2026-07-01T14:49:21.654845+00:00,00:49:16,OB5X_202612_080C,113.5,1,ScholarlySpearmints,Kelvin Chan,buy
2026-07-01T14:49:21.654845+00:00,00:49:16,OB5X_202612_080C,114.0,42,ScholarlySpearmints,TactfulTangerines,buy
2026-07-01T14:49:21.654845+00:00,00:49:16,SAP_DUAL,52.9,7,Kelvin Chan,JazzyJellies,sell
2026-07-01T14:49:21.654845+00:00,00:49:16,SAP_DUAL,52.9,43,HomelyHerrings,JazzyJellies,sell
2026-07-01T14:49:21.654845+00:00,00:49:16,ASML,90.3,1,YieldingYams,Kelvin Chan,buy
2026-07-01T14:49:21.654845+00:00,00:49:16,OB5X_202612_080C,113.0,12,Kelvin Chan,ScholarlySpearmints,buy
2026-07-01T14:49:21.654845+00:00,00:49:16,ASML_202612_F,91.7,1,AttentiveAntelopes,Kelvin Chan,buy
2026-07-01T14:49:21.654845+00:00,00:49:16,ASML_202612_F,92.0,44,AttentiveAntelopes,BoundlessBisons,buy
2026-07-01T14:49:21.654845+00:00,00:49:16,ASML_202703_F,92.8,41,AttentiveAntelopes,BoundlessBisons,buy
2026-07-01T14:49:21.654845+00:00,00:49:16,NVDA,52.1,200,WavyWalnuts,YieldingYams,buy
2026-07-01T14:49:21.654845+00:00,00:49:16,AAPL,142.4,200,WavyWalnuts,YieldingYams,buy
2026-07-01T14:49:21.654845+00:00,00:49:17,ASML_202703_F,92.6,19,CapableCoyotes,DownrightDogfish,sell
2026-07-01T14:49:21.654845+00:00,00:49:17,OB5X_ETF,46.6,500,NecessaryNutmegs,MarvelousMilkshakes,buy
2026-07-01T14:49:21.654845+00:00,00:49:17,ASML_202706_F,93.5,27,CapableCoyotes,DownrightDogfish,sell
2026-07-01T14:49:21.654845+00:00,00:49:17,ASML_202612_100P,69.5,52,FortunateFerrets,EssentialEagles,sell
2026-07-01T14:49:21.654845+00:00,00:49:17,OB5X_202706_F,185.2,54,OriginalOlives,PowerfulPineapples,buy
2026-07-01T14:49:21.654845+00:00,00:49:17,OB5X_202612_F,181.5,42,OriginalOlives,PowerfulPineapples,buy
2026-07-01T14:49:21.654845+00:00,00:49:17,OB5X_202612_F,181.4,49,QuirkyQuinoas,OriginalOlives,sell
2026-07-01T14:49:21.654845+00:00,00:49:17,SAP,52.8,20,WavyWalnuts,BrilliantBurritos,sell
2026-07-01T14:49:21.654845+00:00,00:49:17,AAPL,142.6,200,YieldingYams,WavyWalnuts,buy
2026-07-01T14:49:23.332363+00:00,00:49:17,OB5X_202706_F,185.2,3,PowerfulPineapples,Kelvin Chan,sell
2026-07-01T14:49:23.332363+00:00,00:49:17,OB5X_202612_F,181.4,4,QuirkyQuinoas,Kelvin Chan,sell
2026-07-01T14:49:23.332363+00:00,00:49:17,OB5X_202703_F,183.0,4,PowerfulPineapples,Kelvin Chan,sell
2026-07-01T14:49:23.332363+00:00,00:49:17,OB5X_202612_F,181.4,2,QuirkyQuinoas,Kelvin Chan,sell
2026-07-01T14:49:23.332363+00:00,00:49:17,SAP_DUAL,52.9,40,HomelyHerrings,GroovyGrapefruits,sell
2026-07-01T14:49:23.332363+00:00,00:49:17,ASML_202612_F,91.5,100,BoundlessBisons,CapableCoyotes,sell
2026-07-01T14:49:23.332363+00:00,00:49:17,ASML_202612_F,91.4,37,Kelvin Chan,CapableCoyotes,sell
2026-07-01T14:49:23.332363+00:00,00:49:17,ASML_202612_F,91.4,13,Sze-Yong Ng,CapableCoyotes,sell
2026-07-01T14:49:23.332363+00:00,00:49:17,OB5X_202612_120C,92.3,10,Kelvin Chan,ScholarlySpearmints,sell
2026-07-01T14:49:23.332363+00:00,00:49:17,OB5X_202612_120C,92.0,44,TactfulTangerines,ScholarlySpearmints,sell
2026-07-01T14:49:23.332363+00:00,00:49:18,NVDA,52.1,500,YieldingYams,AverageAlmonds,buy
2026-07-01T14:49:23.332363+00:00,00:49:18,OB5X_202612_080P,13.7,11,ScholarlySpearmints,Kelvin Chan,buy
2026-07-01T14:49:23.332363+00:00,00:49:18,OB5X_202612_080P,13.9,41,ScholarlySpearmints,VersatileVinegars,buy
2026-07-01T14:49:23.332363+00:00,00:49:18,ASML_202703_F,92.2,100,BoundlessBisons,CapableCoyotes,sell
2026-07-01T14:49:23.332363+00:00,00:49:18,ASML_202703_F,92.1,50,Sze-Yong Ng,CapableCoyotes,sell
2026-07-01T14:49:23.332363+00:00,00:49:18,NVDA,52.2,125,YieldingYams,AverageAlmonds,sell
2026-07-01T14:49:23.332363+00:00,00:49:18,NVDA,52.1,200,Sze-Yong Ng,AverageAlmonds,sell
2026-07-01T14:49:23.332363+00:00,00:49:18,ASML_DUAL,90.5,40,EarnestEspressos,CostlyCorianders,sell
2026-07-01T14:49:23.332363+00:00,00:49:18,ASML_202706_F,93.0,100,BoundlessBisons,CapableCoyotes,sell
2026-07-01T14:49:23.332363+00:00,00:49:18,ASML_202706_F,92.8,12,Kelvin Chan,CapableCoyotes,sell
2026-07-01T14:49:23.332363+00:00,00:49:18,ASML_202612_050C,70.3,49,GenerousGeckos,EssentialEagles,sell
2026-07-01T14:49:23.332363+00:00,00:49:18,ASML_202612_050C,70.0,5,Kelvin Chan,EssentialEagles,sell
2026-07-01T14:49:23.332363+00:00,00:49:18,TSLA,8.7,200,YieldingYams,Sze-Yong Ng,buy
2026-07-01T14:49:23.332363+00:00,00:49:18,TSLA,8.7,425,YieldingYams,AverageAlmonds,buy
2026-07-01T14:49:23.332363+00:00,00:49:18,ASML_202706_F,92.8,38,BoundlessBisons,CapableCoyotes,buy
2026-07-01T14:49:23.332363+00:00,00:49:18,ASML_DUAL,90.5,50,EarnestEspressos,FlawlessFlatbreads,sell
2026-07-01T14:49:23.332363+00:00,00:49:18,SAP,52.9,200,YieldingYams,WavyWalnuts,buy
2026-07-01T14:49:23.332363+00:00,00:49:18,SAP,53.0,200,YieldingYams,Sze-Yong Ng,buy
2026-07-01T14:49:23.332363+00:00,00:49:18,SAP,53.0,225,YieldingYams,AverageAlmonds,buy
2026-07-01T14:49:24.978281+00:00,00:49:19,ASML_202612_100C,61.2,50,GenerousGeckos,EssentialEagles,sell
2026-07-01T14:49:24.978281+00:00,00:49:19,ASML_202612_100C,61.2,3,FortunateFerrets,EssentialEagles,sell
2026-07-01T14:49:24.978281+00:00,00:49:19,ASML,90.3,200,WavyWalnuts,YieldingYams,sell
2026-07-01T14:49:24.978281+00:00,00:49:19,TSLA,8.7,200,WavyWalnuts,AverageAlmonds,buy
2026-07-01T14:49:24.978281+00:00,00:49:19,ASML_202612_075P,49.2,40,EssentialEagles,GenerousGeckos,buy
2026-07-01T14:49:24.978281+00:00,00:49:19,SAP_DUAL,53.3,55,GroovyGrapefruits,InfiniteIcecreams,buy
2026-07-01T14:49:24.978281+00:00,00:49:19,TSLA,8.6,200,Sze-Yong Ng,YieldingYams,sell
2026-07-01T14:49:24.978281+00:00,00:49:19,TSLA,8.6,425,AverageAlmonds,YieldingYams,sell
2026-07-01T14:49:24.978281+00:00,00:49:19,ASML_DUAL,90.5,100,DiligentDonuts,EarnestEspressos,sell
2026-07-01T14:49:24.978281+00:00,00:49:19,ASML,90.3,200,WavyWalnuts,YieldingYams,buy
2026-07-01T14:49:24.978281+00:00,00:49:20,SAP,52.8,200,WavyWalnuts,YieldingYams,sell
2026-07-01T14:49:24.978281+00:00,00:49:20,SAP,52.7,200,Sze-Yong Ng,YieldingYams,sell
2026-07-01T14:49:24.978281+00:00,00:49:20,SAP,52.7,225,AverageAlmonds,YieldingYams,sell
2026-07-01T14:49:24.978281+00:00,00:49:20,AAPL,142.7,200,YieldingYams,WavyWalnuts,buy
2026-07-01T14:49:24.978281+00:00,00:49:20,ASML_202612_075P,49.2,10,EssentialEagles,GenerousGeckos,buy
2026-07-01T14:49:24.978281+00:00,00:49:20,ASML_202612_075P,49.3,42,EssentialEagles,FortunateFerrets,buy
2026-07-01T14:49:24.978281+00:00,00:49:20,ASML_DUAL,90.0,50,EarnestEspressos,FlawlessFlatbreads,sell
2026-07-01T14:49:24.978281+00:00,00:49:20,SAP,52.7,200,AverageAlmonds,WavyWalnuts,sell
2026-07-01T14:49:24.978281+00:00,00:49:20,TSLA,8.7,200,WavyWalnuts,Sze-Yong Ng,buy
2026-07-01T14:49:24.978281+00:00,00:49:20,ASML,90.5,20,BrilliantBurritos,WavyWalnuts,buy
2026-07-01T14:49:26.676544+00:00,00:49:20,SAP_DUAL,53.1,50,JazzyJellies,HomelyHerrings,buy
2026-07-01T14:49:26.676544+00:00,00:49:20,OB5X_202612_100C,101.7,42,TactfulTangerines,ScholarlySpearmints,sell
2026-07-01T14:49:26.676544+00:00,00:49:20,TSLA,8.7,500,YieldingYams,AverageAlmonds,buy
2026-07-01T14:49:26.676544+00:00,00:49:20,TSLA,8.8,125,YieldingYams,WavyWalnuts,buy
2026-07-01T14:49:26.676544+00:00,00:49:21,ASML,90.3,200,YieldingYams,WavyWalnuts,sell
2026-07-01T14:49:26.676544+00:00,00:49:21,ASML_202612_F,92.0,100,CapableCoyotes,BoundlessBisons,buy
2026-07-01T14:49:26.676544+00:00,00:49:21,ASML_202612_F,92.1,13,CapableCoyotes,Sze-Yong Ng,buy
2026-07-01T14:49:26.676544+00:00,00:49:21,OB5X_ETF,46.5,500,LivelyLasagnas,NecessaryNutmegs,sell
2026-07-01T14:49:26.676544+00:00,00:49:21,AAPL,142.8,200,WavyWalnuts,Sze-Yong Ng,sell
2026-07-01T14:49:26.676544+00:00,00:49:21,ASML_202612_F,92.1,37,CapableCoyotes,DownrightDogfish,sell
2026-07-01T14:49:26.676544+00:00,00:49:21,ASML_202612_F,91.5,13,Sze-Yong Ng,DownrightDogfish,sell
2026-07-01T14:49:26.676544+00:00,00:49:21,ASML_202612_075P,49.3,58,EssentialEagles,FortunateFerrets,buy
2026-07-01T14:49:26.676544+00:00,00:49:21,ASML_202703_F,92.6,54,CapableCoyotes,AttentiveAntelopes,sell
2026-07-01T14:49:26.676544+00:00,00:49:21,ASML_202703_F,92.6,50,CapableCoyotes,DownrightDogfish,sell
2026-07-01T14:49:26.676544+00:00,00:49:21,NVDA,52.1,200,WavyWalnuts,Sze-Yong Ng,buy
2026-07-01T14:49:26.676544+00:00,00:49:21,SAP,52.9,200,YieldingYams,WavyWalnuts,sell
2026-07-01T14:49:26.676544+00:00,00:49:21,ASML_202706_F,93.4,50,CapableCoyotes,DownrightDogfish,sell
2026-07-01T14:49:26.676544+00:00,00:49:21,AAPL,142.8,200,YieldingYams,WavyWalnuts,sell
2026-07-01T14:49:26.676544+00:00,00:49:21,ASML_202703_F,92.6,46,CapableCoyotes,BoundlessBisons,sell
2026-07-01T14:49:26.676544+00:00,00:49:21,SAP_DUAL,53.1,50,InfiniteIcecreams,HomelyHerrings,buy
2026-07-01T14:49:26.676544+00:00,00:49:22,ASML_202706_F,93.4,100,CapableCoyotes,BoundlessBisons,sell
2026-07-01T14:49:26.676544+00:00,00:49:22,ASML,90.4,200,YieldingYams,WavyWalnuts,sell
2026-07-01T14:49:26.676544+00:00,00:49:22,ASML_DUAL,90.5,42,CostlyCorianders,EarnestEspressos,buy
2026-07-01T14:49:26.676544+00:00,00:49:22,ASML_DUAL,90.1,10,Zijun Feng,FlawlessFlatbreads,sell
2026-07-01T14:49:26.676544+00:00,00:49:22,ASML_DUAL,90.0,40,EarnestEspressos,FlawlessFlatbreads,sell
2026-07-01T14:49:26.676544+00:00,00:49:22,AAPL,143.0,20,BrilliantBurritos,YieldingYams,buy
2026-07-01T14:49:26.676544+00:00,00:49:22,ASML_DUAL,90.5,100,EarnestEspressos,DiligentDonuts,buy
2026-07-01T14:49:26.676544+00:00,00:49:22,ASML_202612_050P,29.5,40,EssentialEagles,GenerousGeckos,buy
2026-07-01T14:49:26.676544+00:00,00:49:23,AAPL,142.9,200,YieldingYams,WavyWalnuts,sell
2026-07-01T14:49:28.758202+00:00,00:49:23,SAP_DUAL,53.2,50,InfiniteIcecreams,JazzyJellies,sell
2026-07-01T14:49:28.758202+00:00,00:49:23,ASML,90.4,10,YieldingYams,Zijun Feng,sell
2026-07-01T14:49:28.758202+00:00,00:49:23,NVDA,52.0,20,BrilliantBurritos,YieldingYams,buy
2026-07-01T14:49:28.758202+00:00,00:49:23,TSLA,8.6,200,Sze-Yong Ng,YieldingYams,sell
2026-07-01T14:49:28.758202+00:00,00:49:23,TSLA,8.6,200,WavyWalnuts,YieldingYams,sell
2026-07-01T14:49:28.758202+00:00,00:49:23,TSLA,8.6,225,AverageAlmonds,YieldingYams,sell
2026-07-01T14:49:28.758202+00:00,00:49:23,ASML_202612_F,91.5,38,Sze-Yong Ng,DownrightDogfish,sell
2026-07-01T14:49:28.758202+00:00,00:49:23,ASML_202612_F,91.5,12,Sze-Yong Ng,DownrightDogfish,sell
2026-07-01T14:49:28.758202+00:00,00:49:23,ASML_202612_100C,61.7,50,EssentialEagles,GenerousGeckos,buy
2026-07-01T14:49:28.758202+00:00,00:49:23,ASML_202612_100C,61.8,6,EssentialEagles,FortunateFerrets,buy
2026-07-01T14:49:28.758202+00:00,00:49:23,OB5X_202612_F,181.5,45,PowerfulPineapples,OriginalOlives,sell
2026-07-01T14:49:28.758202+00:00,00:49:24,ASML_202703_F,92.1,14,Sze-Yong Ng,DownrightDogfish,sell
2026-07-01T14:49:28.758202+00:00,00:49:24,ASML_202703_F,92.0,36,BoundlessBisons,DownrightDogfish,sell
2026-07-01T14:49:28.758202+00:00,00:49:24,OB5X_202706_F,185.3,50,PowerfulPineapples,RadiantRisottos,sell
2026-07-01T14:49:28.758202+00:00,00:49:24,ASML_202612_075P,48.8,44,FortunateFerrets,EssentialEagles,sell
2026-07-01T14:49:28.758202+00:00,00:49:24,ASML_202706_F,92.7,50,Sze-Yong Ng,DownrightDogfish,sell
2026-07-01T14:49:28.758202+00:00,00:49:24,ASML_202612_100P,69.5,47,GenerousGeckos,EssentialEagles,sell
2026-07-01T14:49:28.758202+00:00,00:49:24,TSLA,8.6,200,AverageAlmonds,WavyWalnuts,sell
2026-07-01T14:49:28.758202+00:00,00:49:24,ASML_202612_F,91.9,40,AttentiveAntelopes,BoundlessBisons,buy
2026-07-01T14:49:30.436218+00:00,00:49:24,ASML,90.2,200,WavyWalnuts,YieldingYams,sell
2026-07-01T14:49:30.436218+00:00,00:49:24,ASML,90.1,425,AverageAlmonds,YieldingYams,sell
2026-07-01T14:49:30.436218+00:00,00:49:24,ASML_DUAL,90.6,50,EarnestEspressos,FlawlessFlatbreads,sell
2026-07-01T14:49:30.436218+00:00,00:49:24,OB5X_202612_100C,102.0,34,Kelvin Chan,ScholarlySpearmints,sell
2026-07-01T14:49:30.436218+00:00,00:49:24,OB5X_202612_100C,101.7,12,TactfulTangerines,ScholarlySpearmints,sell
2026-07-01T14:49:30.436218+00:00,00:49:24,TSLA,8.6,500,AverageAlmonds,YieldingYams,sell
2026-07-01T14:49:30.436218+00:00,00:49:24,ASML_202612_F,91.5,1,Sze-Yong Ng,CapableCoyotes,sell
2026-07-01T14:49:30.436218+00:00,00:49:24,ASML_202612_F,91.4,100,BoundlessBisons,CapableCoyotes,sell
2026-07-01T14:49:30.436218+00:00,00:49:24,OB5X_202612_100P,22.0,2,Kelvin Chan,ScholarlySpearmints,sell
2026-07-01T14:49:30.436218+00:00,00:49:25,ASML_202703_F,92.1,50,Kelvin Chan,CapableCoyotes,sell
2026-07-01T14:49:30.436218+00:00,00:49:25,ASML_202703_F,92.0,64,BoundlessBisons,CapableCoyotes,sell
2026-07-01T14:49:30.436218+00:00,00:49:25,ASML_202706_F,93.0,19,Kelvin Chan,CapableCoyotes,sell
2026-07-01T14:49:30.436218+00:00,00:49:25,ASML_202706_F,92.7,14,Sze-Yong Ng,CapableCoyotes,sell
2026-07-01T14:49:30.436218+00:00,00:49:25,ASML_202706_F,92.7,100,BoundlessBisons,CapableCoyotes,sell
2026-07-01T14:49:30.436218+00:00,00:49:25,ASML_202703_F,91.8,36,BoundlessBisons,CapableCoyotes,buy
2026-07-01T14:49:30.436218+00:00,00:49:25,TSLA,8.6,125,AverageAlmonds,YieldingYams,buy
2026-07-01T14:49:30.436218+00:00,00:49:25,SAP_DUAL,53.0,49,HomelyHerrings,GroovyGrapefruits,sell
2026-07-01T14:49:30.436218+00:00,00:49:25,ASML_202706_F,92.7,17,BoundlessBisons,CapableCoyotes,buy
2026-07-01T14:49:30.436218+00:00,00:49:25,SAP,52.8,20,BrilliantBurritos,YieldingYams,buy
2026-07-01T14:49:30.436218+00:00,00:49:25,OB5X_ETF,46.6,500,NecessaryNutmegs,LivelyLasagnas,buy
2026-07-01T14:49:30.436218+00:00,00:49:25,ASML_202612_F,91.3,15,Kelvin Chan,CapableCoyotes,buy
2026-07-01T14:49:30.436218+00:00,00:49:25,NVDA,52.0,180,Kelvin Chan,YieldingYams,sell
2026-07-01T14:49:30.436218+00:00,00:49:25,NVDA,52.0,200,WavyWalnuts,YieldingYams,sell
2026-07-01T14:49:30.436218+00:00,00:49:25,NVDA,51.9,200,Sze-Yong Ng,YieldingYams,sell
2026-07-01T14:49:30.436218+00:00,00:49:26,ASML_202612_F,91.2,55,BoundlessBisons,AttentiveAntelopes,sell
2026-07-01T14:49:30.436218+00:00,00:49:26,ASML_DUAL,90.4,100,DiligentDonuts,EarnestEspressos,sell
2026-07-01T14:49:30.436218+00:00,00:49:26,ASML,90.1,200,YieldingYams,WavyWalnuts,sell
2026-07-01T14:49:30.436218+00:00,00:49:26,TSLA,8.7,200,YieldingYams,Sze-Yong Ng,buy
2026-07-01T14:49:30.436218+00:00,00:49:26,TSLA,8.7,200,YieldingYams,WavyWalnuts,buy
2026-07-01T14:49:30.436218+00:00,00:49:26,TSLA,8.7,225,YieldingYams,AverageAlmonds,buy
2026-07-01T14:49:30.436218+00:00,00:49:26,ASML_202612_F,91.2,45,BoundlessBisons,DownrightDogfish,sell
2026-07-01T14:49:30.436218+00:00,00:49:26,OB5X_202612_100P,22.5,46,ScholarlySpearmints,TactfulTangerines,buy
2026-07-01T14:49:30.436218+00:00,00:49:26,TSLA,8.6,20,AverageAlmonds,BrilliantBurritos,sell
2026-07-01T14:49:30.436218+00:00,00:49:26,ASML_202703_F,92.1,14,Kelvin Chan,DownrightDogfish,sell
2026-07-01T14:49:30.436218+00:00,00:49:26,ASML_202703_F,92.0,36,BoundlessBisons,DownrightDogfish,sell
2026-07-01T14:49:30.436218+00:00,00:49:26,ASML_202706_F,92.7,50,BoundlessBisons,DownrightDogfish,sell
2026-07-01T14:49:30.436218+00:00,00:49:26,NVDA,51.8,20,YieldingYams,BrilliantBurritos,sell
2026-07-01T14:49:30.436218+00:00,00:49:26,SAP_DUAL,53.1,43,GroovyGrapefruits,InfiniteIcecreams,buy
2026-07-01T14:49:30.436218+00:00,00:49:26,ASML_202612_100C,61.1,59,FortunateFerrets,EssentialEagles,sell
2026-07-01T14:49:30.436218+00:00,00:49:26,ASML_202612_F,91.3,6,Kelvin Chan,CapableCoyotes,buy
2026-07-01T14:49:30.436218+00:00,00:49:26,ASML_202612_050P,29.3,11,Kelvin Chan,EssentialEagles,sell
2026-07-01T14:49:30.436218+00:00,00:49:26,SAP,52.7,41,Kelvin Chan,YieldingYams,sell
2026-07-01T14:49:30.436218+00:00,00:49:26,SAP,52.7,500,AverageAlmonds,YieldingYams,sell
2026-07-01T14:49:30.436218+00:00,00:49:26,SAP,52.7,84,WavyWalnuts,YieldingYams,sell
2026-07-01T14:49:30.436218+00:00,00:49:26,AAPL,142.9,200,YieldingYams,WavyWalnuts,buy
2026-07-01T14:49:32.117218+00:00,00:49:26,ASML_DUAL,89.7,50,EarnestEspressos,FlawlessFlatbreads,sell
2026-07-01T14:49:32.117218+00:00,00:49:27,SAP_DUAL,53.1,50,JazzyJellies,InfiniteIcecreams,buy
2026-07-01T14:49:32.117218+00:00,00:49:27,NVDA,51.9,200,YieldingYams,WavyWalnuts,buy
2026-07-01T14:49:32.117218+00:00,00:49:27,OB5X_202612_120C,93.4,45,ScholarlySpearmints,TactfulTangerines,buy
2026-07-01T14:49:32.117218+00:00,00:49:27,OB5X_202612_120C,92.0,44,TactfulTangerines,ScholarlySpearmints,sell
2026-07-01T14:49:32.117218+00:00,00:49:27,ASML_202612_050C,70.4,19,EssentialEagles,Kelvin Chan,buy
2026-07-01T14:49:32.117218+00:00,00:49:27,ASML_202612_050C,70.6,39,EssentialEagles,FortunateFerrets,buy
2026-07-01T14:49:32.117218+00:00,00:49:27,TSLA,8.6,200,WavyWalnuts,YieldingYams,sell
2026-07-01T14:49:32.117218+00:00,00:49:27,TSLA,8.6,200,Sze-Yong Ng,YieldingYams,sell
2026-07-01T14:49:32.117218+00:00,00:49:27,TSLA,8.6,225,AverageAlmonds,YieldingYams,sell
2026-07-01T14:49:32.117218+00:00,00:49:27,OB5X_202612_080C,113.3,40,TactfulTangerines,ScholarlySpearmints,sell
2026-07-01T14:49:32.117218+00:00,00:49:27,OB5X_ETF,46.5,500,MarvelousMilkshakes,NecessaryNutmegs,sell
2026-07-01T14:49:32.117218+00:00,00:49:27,AAPL,143.0,425,YieldingYams,AverageAlmonds,sell
2026-07-01T14:49:32.117218+00:00,00:49:27,OB5X_202612_100C,102.0,10,Kelvin Chan,ScholarlySpearmints,sell
2026-07-01T14:49:32.117218+00:00,00:49:27,OB5X_202612_100C,101.7,44,TactfulTangerines,ScholarlySpearmints,sell
2026-07-01T14:49:32.117218+00:00,00:49:27,TSLA,8.7,20,BrilliantBurritos,WavyWalnuts,buy
2026-07-01T14:49:32.117218+00:00,00:49:27,ASML_202706_F,93.2,48,AttentiveAntelopes,BoundlessBisons,buy
2026-07-01T14:49:32.117218+00:00,00:49:28,ASML_202612_F,91.6,26,CapableCoyotes,Kelvin Chan,buy
2026-07-01T14:49:32.117218+00:00,00:49:28,ASML_202612_F,91.7,100,CapableCoyotes,BoundlessBisons,buy
2026-07-01T14:49:34.181767+00:00,00:49:28,ASML_202612_F,91.8,50,DownrightDogfish,Sze-Yong Ng,buy
2026-07-01T14:49:34.181767+00:00,00:49:28,ASML_202612_F,91.7,22,CapableCoyotes,Kelvin Chan,sell
2026-07-01T14:49:34.181767+00:00,00:49:28,OB5X_ETF,46.5,224,MarvelousMilkshakes,KindlyKales,sell
2026-07-01T14:49:34.181767+00:00,00:49:28,ASML_202703_F,92.5,21,DownrightDogfish,Kelvin Chan,buy
2026-07-01T14:49:34.181767+00:00,00:49:28,ASML_202703_F,92.5,29,DownrightDogfish,BoundlessBisons,buy
2026-07-01T14:49:34.181767+00:00,00:49:28,ASML_202612_050P,29.5,2,EssentialEagles,Kelvin Chan,buy
2026-07-01T14:49:34.181767+00:00,00:49:28,ASML_202612_050P,29.6,51,EssentialEagles,FortunateFerrets,buy
2026-07-01T14:49:34.181767+00:00,00:49:28,ASML_202612_F,91.7,2,CapableCoyotes,BoundlessBisons,sell
2026-07-01T14:49:34.181767+00:00,00:49:28,ASML_202612_F,91.2,7,Kelvin Chan,BoundlessBisons,sell
2026-07-01T14:49:34.181767+00:00,00:49:28,ASML_202612_F,91.1,50,Sze-Yong Ng,BoundlessBisons,sell
2026-07-01T14:49:34.181767+00:00,00:49:28,ASML_202706_F,93.2,50,DownrightDogfish,BoundlessBisons,buy
2026-07-01T14:49:34.181767+00:00,00:49:28,ASML_202612_F,91.1,31,Kelvin Chan,BoundlessBisons,buy
2026-07-01T14:49:34.181767+00:00,00:49:28,ASML_202703_F,92.3,100,CapableCoyotes,BoundlessBisons,sell
2026-07-01T14:49:34.181767+00:00,00:49:28,ASML_202612_F,91.1,10,Kelvin Chan,BoundlessBisons,buy
2026-07-01T14:49:34.181767+00:00,00:49:28,ASML_202706_F,93.1,100,CapableCoyotes,BoundlessBisons,sell
2026-07-01T14:49:34.181767+00:00,00:49:29,ASML_DUAL,90.0,50,DiligentDonuts,FlawlessFlatbreads,sell
2026-07-01T14:49:34.181767+00:00,00:49:29,NVDA,52.0,200,WavyWalnuts,Sze-Yong Ng,buy
2026-07-01T14:49:34.181767+00:00,00:49:29,AAPL,143.0,200,WavyWalnuts,YieldingYams,buy
2026-07-01T14:49:34.181767+00:00,00:49:29,SAP_DUAL,53.0,50,InfiniteIcecreams,GroovyGrapefruits,sell
2026-07-01T14:49:34.181767+00:00,00:49:29,SAP,52.8,200,WavyWalnuts,YieldingYams,sell
2026-07-01T14:49:34.181767+00:00,00:49:29,SAP_DUAL,53.2,50,JazzyJellies,HomelyHerrings,buy
2026-07-01T14:49:34.181767+00:00,00:49:29,TSLA,8.6,20,YieldingYams,BrilliantBurritos,sell
2026-07-01T14:49:34.181767+00:00,00:49:29,AAPL,143.1,500,YieldingYams,AverageAlmonds,buy
2026-07-01T14:49:34.181767+00:00,00:49:29,AAPL,143.1,125,YieldingYams,AverageAlmonds,sell
2026-07-01T14:49:34.181767+00:00,00:49:29,ASML_202612_F,91.6,13,AttentiveAntelopes,Kelvin Chan,buy
2026-07-01T14:49:34.181767+00:00,00:49:29,ASML_202612_F,91.8,14,AttentiveAntelopes,Sze-Yong Ng,buy
2026-07-01T14:49:34.181767+00:00,00:49:29,ASML_202612_F,91.8,20,AttentiveAntelopes,Sze-Yong Ng,buy
2026-07-01T14:49:34.181767+00:00,00:49:29,SAP_DUAL,53.2,50,GroovyGrapefruits,HomelyHerrings,buy
2026-07-01T14:49:34.181767+00:00,00:49:29,SAP_DUAL,53.0,56,InfiniteIcecreams,GroovyGrapefruits,sell
2026-07-01T14:49:34.181767+00:00,00:49:29,OB5X_ETF,46.6,500,NecessaryNutmegs,LivelyLasagnas,buy
2026-07-01T14:49:34.181767+00:00,00:49:29,ASML_202612_100C,61.4,3,EssentialEagles,Kelvin Chan,buy
2026-07-01T14:49:34.181767+00:00,00:49:29,ASML,90.1,2,Kelvin Chan,YieldingYams,sell
2026-07-01T14:49:34.181767+00:00,00:49:29,ASML_202612_050C,70.4,6,EssentialEagles,Kelvin Chan,buy
2026-07-01T14:49:35.825651+00:00,00:49:30,TSLA,8.7,200,YieldingYams,Sze-Yong Ng,buy
2026-07-01T14:49:35.825651+00:00,00:49:30,TSLA,8.7,425,YieldingYams,AverageAlmonds,buy
2026-07-01T14:49:35.825651+00:00,00:49:30,OB5X_202703_F,183.0,23,Kelvin Chan,OriginalOlives,sell
2026-07-01T14:49:35.825651+00:00,00:49:30,OB5X_202703_F,182.7,19,QuirkyQuinoas,OriginalOlives,sell
2026-07-01T14:49:35.825651+00:00,00:49:30,NVDA,51.9,200,WavyWalnuts,YieldingYams,buy
2026-07-01T14:49:35.825651+00:00,00:49:30,SAP_DUAL,53.4,50,GroovyGrapefruits,Kelvin Chan,buy
2026-07-01T14:49:35.825651+00:00,00:49:30,TSLA,8.7,200,WavyWalnuts,AverageAlmonds,buy
2026-07-01T14:49:35.825651+00:00,00:49:30,OB5X_ETF,46.4,500,LivelyLasagnas,MarvelousMilkshakes,sell
2026-07-01T14:49:35.825651+00:00,00:49:30,OB5X_202612_120C,93.1,5,ScholarlySpearmints,Kelvin Chan,buy
2026-07-01T14:49:35.825651+00:00,00:49:30,OB5X_202612_120C,93.3,40,ScholarlySpearmints,TactfulTangerines,buy
2026-07-01T14:49:35.825651+00:00,00:49:30,SAP,52.8,20,BrilliantBurritos,YieldingYams,buy
2026-07-01T14:49:35.825651+00:00,00:49:30,SAP,52.8,200,YieldingYams,WavyWalnuts,buy
2026-07-01T14:49:37.495025+00:00,00:49:30,ASML_202612_F,91.6,19,DownrightDogfish,Kelvin Chan,buy
2026-07-01T14:49:37.495025+00:00,00:49:30,ASML_202612_F,91.8,30,DownrightDogfish,Sze-Yong Ng,buy
2026-07-01T14:49:37.495025+00:00,00:49:30,ASML_202612_F,92.2,1,DownrightDogfish,CapableCoyotes,buy
2026-07-01T14:49:37.495025+00:00,00:49:30,ASML,90.1,200,WavyWalnuts,YieldingYams,buy
2026-07-01T14:49:37.495025+00:00,00:49:30,ASML_202612_050P,29.2,54,FortunateFerrets,EssentialEagles,sell
2026-07-01T14:49:37.495025+00:00,00:49:30,ASML_202703_F,92.4,15,DownrightDogfish,Kelvin Chan,buy
2026-07-01T14:49:37.495025+00:00,00:49:30,ASML_202703_F,92.5,35,DownrightDogfish,Sze-Yong Ng,buy
2026-07-01T14:49:37.495025+00:00,00:49:31,OB5X_202706_F,185.0,19,Kelvin Chan,RadiantRisottos,sell
2026-07-01T14:49:37.495025+00:00,00:49:31,ASML_202706_F,93.2,12,DownrightDogfish,Kelvin Chan,buy
2026-07-01T14:49:37.495025+00:00,00:49:31,ASML_202706_F,93.3,38,DownrightDogfish,Sze-Yong Ng,buy
2026-07-01T14:49:37.495025+00:00,00:49:31,ASML_DUAL,89.8,50,EarnestEspressos,FlawlessFlatbreads,sell
2026-07-01T14:49:37.495025+00:00,00:49:31,ASML_DUAL,90.2,47,CostlyCorianders,DiligentDonuts,buy
2026-07-01T14:49:37.495025+00:00,00:49:31,OB5X_202612_F,181.2,18,Kelvin Chan,RadiantRisottos,sell
2026-07-01T14:49:37.495025+00:00,00:49:31,OB5X_ETF,46.4,233,KindlyKales,MarvelousMilkshakes,buy
2026-07-01T14:49:37.495025+00:00,00:49:31,SAP_DUAL,53.0,18,Kelvin Chan,GroovyGrapefruits,sell
2026-07-01T14:49:37.495025+00:00,00:49:31,SAP_DUAL,52.7,32,HomelyHerrings,GroovyGrapefruits,sell
2026-07-01T14:49:37.495025+00:00,00:49:31,TSLA,8.6,200,Sze-Yong Ng,YieldingYams,sell
2026-07-01T14:49:37.495025+00:00,00:49:31,TSLA,8.6,425,AverageAlmonds,YieldingYams,sell
2026-07-01T14:49:37.495025+00:00,00:49:31,NVDA,51.8,200,YieldingYams,WavyWalnuts,sell
2026-07-01T14:49:37.495025+00:00,00:49:31,ASML_DUAL,89.8,40,EarnestEspressos,CostlyCorianders,sell
2026-07-01T14:49:37.495025+00:00,00:49:31,OB5X_202703_F,183.0,44,OriginalOlives,QuirkyQuinoas,buy
2026-07-01T14:49:37.495025+00:00,00:49:31,TSLA,8.7,20,BrilliantBurritos,AverageAlmonds,buy
2026-07-01T14:49:37.495025+00:00,00:49:31,OB5X_ETF,46.4,17,NecessaryNutmegs,MarvelousMilkshakes,buy
2026-07-01T14:49:37.495025+00:00,00:49:32,ASML_202703_F,92.1,6,Kelvin Chan,CapableCoyotes,sell
2026-07-01T14:49:37.495025+00:00,00:49:32,OB5X_202612_100C,102.4,9,ScholarlySpearmints,Kelvin Chan,buy
2026-07-01T14:49:37.495025+00:00,00:49:32,OB5X_202612_100C,102.8,41,ScholarlySpearmints,TactfulTangerines,buy
2026-07-01T14:49:37.495025+00:00,00:49:32,ASML_202612_F,91.4,100,BoundlessBisons,CapableCoyotes,buy
2026-07-01T14:49:37.495025+00:00,00:49:32,ASML_202703_F,92.0,100,BoundlessBisons,CapableCoyotes,buy
2026-07-01T14:49:37.495025+00:00,00:49:32,ASML_DUAL,90.0,35,Tanishq Panjwani,EarnestEspressos,buy
2026-07-01T14:49:37.495025+00:00,00:49:32,ASML,90.1,35,YieldingYams,Tanishq Panjwani,sell
2026-07-01T14:49:37.495025+00:00,00:49:32,ASML_202706_F,92.9,100,BoundlessBisons,CapableCoyotes,buy
2026-07-01T14:49:37.495025+00:00,00:49:32,NVDA,51.8,500,AverageAlmonds,YieldingYams,sell
2026-07-01T14:49:37.495025+00:00,00:49:32,NVDA,51.8,125,Sze-Yong Ng,YieldingYams,sell
2026-07-01T14:49:37.495025+00:00,00:49:32,ASML_DUAL,90.0,35,Tanishq Panjwani,EarnestEspressos,buy
2026-07-01T14:49:37.495025+00:00,00:49:32,ASML,90.1,25,WavyWalnuts,Lachlan Han,sell
2026-07-01T14:49:37.495025+00:00,00:49:32,ASML,90.1,35,WavyWalnuts,Tanishq Panjwani,sell
2026-07-01T14:49:37.495025+00:00,00:49:32,ASML_DUAL,90.0,25,Lachlan Han,EarnestEspressos,buy
2026-07-01T14:49:37.495025+00:00,00:49:32,ASML_DUAL,90.0,35,Tanishq Panjwani,EarnestEspressos,buy
2026-07-01T14:49:37.495025+00:00,00:49:32,ASML,90.1,35,WavyWalnuts,Tanishq Panjwani,sell
2026-07-01T14:49:37.495025+00:00,00:49:32,AAPL,142.9,200,WavyWalnuts,AverageAlmonds,sell
2026-07-01T14:49:37.495025+00:00,00:49:32,ASML_202703_F,92.0,33,Kelvin Chan,CapableCoyotes,buy
2026-07-01T14:49:37.495025+00:00,00:49:32,ASML_202703_F,92.0,11,AttentiveAntelopes,CapableCoyotes,buy
2026-07-01T14:49:37.495025+00:00,00:49:32,ASML_202703_F,92.5,29,AttentiveAntelopes,Sze-Yong Ng,buy
2026-07-01T14:49:37.495025+00:00,00:49:32,ASML_202703_F,92.5,10,AttentiveAntelopes,Kelvin Chan,buy
2026-07-01T14:49:37.495025+00:00,00:49:32,ASML_DUAL,90.0,20,Tanishq Panjwani,EarnestEspressos,buy
2026-07-01T14:49:37.495025+00:00,00:49:32,ASML,90.1,20,WavyWalnuts,Tanishq Panjwani,sell
2026-07-01T14:49:37.495025+00:00,00:49:32,TSLA,8.7,200,WavyWalnuts,Sze-Yong Ng,buy
2026-07-01T14:49:37.495025+00:00,00:49:32,ASML,90.1,20,WavyWalnuts,BrilliantBurritos,sell
2026-07-01T14:49:37.495025+00:00,00:49:32,TSLA,8.6,500,AverageAlmonds,YieldingYams,sell
2026-07-01T14:49:37.495025+00:00,00:49:32,ASML_202706_F,92.9,5,Kelvin Chan,CapableCoyotes,buy
2026-07-01T14:49:37.495025+00:00,00:49:33,ASML_202612_075C,65.4,3,EssentialEagles,Kelvin Chan,buy
2026-07-01T14:49:37.495025+00:00,00:49:33,ASML_202612_075C,65.5,55,EssentialEagles,FortunateFerrets,buy
2026-07-01T14:49:37.495025+00:00,00:49:33,TSLA,8.5,125,AverageAlmonds,YieldingYams,buy
2026-07-01T14:49:37.495025+00:00,00:49:33,ASML_DUAL,89.7,50,DiligentDonuts,FlawlessFlatbreads,sell
2026-07-01T14:49:37.495025+00:00,00:49:33,SAP,52.9,200,WavyWalnuts,YieldingYams,sell
2026-07-01T14:49:37.495025+00:00,00:49:33,ASML,90.1,200,YieldingYams,WavyWalnuts,sell
2026-07-01T14:49:37.495025+00:00,00:49:33,AAPL,143.0,500,YieldingYams,AverageAlmonds,buy
2026-07-01T14:49:37.495025+00:00,00:49:33,OB5X_202612_100C,101.9,4,Kelvin Chan,ScholarlySpearmints,sell
2026-07-01T14:49:37.495025+00:00,00:49:33,OB5X_202612_100C,101.5,43,VersatileVinegars,ScholarlySpearmints,sell
2026-07-01T14:49:37.495025+00:00,00:49:33,SAP_DUAL,53.1,50,JazzyJellies,InfiniteIcecreams,buy
2026-07-01T14:49:37.495025+00:00,00:49:33,SAP_DUAL,53.1,53,GroovyGrapefruits,InfiniteIcecreams,buy
2026-07-01T14:49:37.495025+00:00,00:49:33,ASML_202706_F,92.9,1,Kelvin Chan,CapableCoyotes,buy
2026-07-01T14:49:37.495025+00:00,00:49:33,NVDA,51.9,200,YieldingYams,WavyWalnuts,buy
2026-07-01T14:49:37.495025+00:00,00:49:33,NVDA,52.0,180,YieldingYams,Kelvin Chan,buy
2026-07-01T14:49:37.495025+00:00,00:49:33,NVDA,52.0,125,YieldingYams,Sze-Yong Ng,buy
2026-07-01T14:49:37.495025+00:00,00:49:33,NVDA,52.1,120,YieldingYams,AverageAlmonds,buy
2026-07-01T14:49:37.495025+00:00,00:49:33,ASML,90.1,3,Tanishq Panjwani,YieldingYams,buy
2026-07-01T14:49:37.495025+00:00,00:49:33,ASML_DUAL,90.3,3,Kelvin Chan,Tanishq Panjwani,sell
2026-07-01T14:49:37.495025+00:00,00:49:33,AAPL,143.0,125,YieldingYams,AverageAlmonds,sell
2026-07-01T14:49:37.495025+00:00,00:49:33,SAP,52.8,200,WavyWalnuts,YieldingYams,buy
2026-07-01T14:49:37.495025+00:00,00:49:33,ASML,90.1,3,Tanishq Panjwani,YieldingYams,buy
2026-07-01T14:49:37.495025+00:00,00:49:33,ASML_DUAL,90.3,3,Kelvin Chan,Tanishq Panjwani,sell
2026-07-01T14:49:37.495025+00:00,00:49:33,TSLA,8.7,200,WavyWalnuts,AverageAlmonds,buy
2026-07-01T14:49:37.495025+00:00,00:49:33,AAPL,142.9,200,WavyWalnuts,AverageAlmonds,buy
2026-07-01T14:49:37.495025+00:00,00:49:34,ASML,90.1,3,Tanishq Panjwani,YieldingYams,buy
2026-07-01T14:49:37.495025+00:00,00:49:34,ASML_DUAL,90.3,3,Kelvin Chan,Tanishq Panjwani,sell
2026-07-01T14:49:37.495025+00:00,00:49:34,OB5X_ETF,46.6,500,NecessaryNutmegs,LivelyLasagnas,buy
2026-07-01T14:49:37.495025+00:00,00:49:34,ASML_202703_F,92.1,24,Kelvin Chan,AttentiveAntelopes,sell
2026-07-01T14:49:37.495025+00:00,00:49:34,ASML_202703_F,91.5,20,CapableCoyotes,AttentiveAntelopes,sell
2026-07-01T14:49:37.495025+00:00,00:49:34,SAP_DUAL,52.9,45,HomelyHerrings,GroovyGrapefruits,sell
2026-07-01T14:49:37.495025+00:00,00:49:34,ASML_202612_050P,29.3,2,Kelvin Chan,EssentialEagles,sell
2026-07-01T14:49:37.495025+00:00,00:49:34,ASML,90.0,6,Kelvin Chan,WavyWalnuts,sell
2026-07-01T14:49:37.495025+00:00,00:49:34,OB5X_202612_080P,13.8,4,ScholarlySpearmints,Kelvin Chan,buy
2026-07-01T14:49:37.495025+00:00,00:49:34,OB5X_202612_080P,14.0,55,ScholarlySpearmints,TactfulTangerines,buy
2026-07-01T14:49:37.495025+00:00,00:49:34,SAP,52.9,200,YieldingYams,Sze-Yong Ng,buy
2026-07-01T14:49:37.495025+00:00,00:49:34,AAPL,143.0,500,YieldingYams,AverageAlmonds,buy
2026-07-01T14:49:39.164091+00:00,00:49:34,OB5X_202612_100C,102.4,8,ScholarlySpearmints,Kelvin Chan,buy
2026-07-01T14:49:39.164091+00:00,00:49:34,OB5X_202612_100C,102.8,47,ScholarlySpearmints,TactfulTangerines,buy
2026-07-01T14:49:39.164091+00:00,00:49:35,AAPL,143.0,125,YieldingYams,AverageAlmonds,sell
2026-07-01T14:49:39.164091+00:00,00:49:35,ASML,90.0,194,YieldingYams,WavyWalnuts,buy
2026-07-01T14:49:39.164091+00:00,00:49:35,ASML_202612_F,91.6,10,CapableCoyotes,Kelvin Chan,buy
2026-07-01T14:49:39.164091+00:00,00:49:35,ASML_DUAL,90.2,1,Kelvin Chan,FlawlessFlatbreads,sell
2026-07-01T14:49:39.164091+00:00,00:49:35,ASML_DUAL,89.9,49,DiligentDonuts,FlawlessFlatbreads,sell
2026-07-01T14:49:39.164091+00:00,00:49:35,ASML_202612_F,91.7,58,CapableCoyotes,AttentiveAntelopes,sell
2026-07-01T14:49:39.164091+00:00,00:49:35,ASML_202612_100C,61.2,2,Kelvin Chan,EssentialEagles,sell
2026-07-01T14:49:39.164091+00:00,00:49:35,ASML_202612_100C,60.9,38,FortunateFerrets,EssentialEagles,sell
2026-07-01T14:49:39.164091+00:00,00:49:35,ASML_202612_075P,48.9,2,Kelvin Chan,EssentialEagles,sell
2026-07-01T14:49:39.164091+00:00,00:49:35,ASML_202612_075P,48.8,48,FortunateFerrets,EssentialEagles,sell
2026-07-01T14:49:39.164091+00:00,00:49:35,ASML_202612_F,91.7,50,CapableCoyotes,DownrightDogfish,sell
2026-07-01T14:49:39.164091+00:00,00:49:35,ASML_202703_F,92.3,50,CapableCoyotes,DownrightDogfish,sell
2026-07-01T14:49:39.164091+00:00,00:49:35,ASML_202706_F,93.2,10,CapableCoyotes,Kelvin Chan,buy
2026-07-01T14:49:39.164091+00:00,00:49:35,ASML_202612_F,91.7,32,CapableCoyotes,BoundlessBisons,sell
2026-07-01T14:49:39.164091+00:00,00:49:35,ASML_202706_F,93.2,20,CapableCoyotes,Kelvin Chan,sell
2026-07-01T14:49:39.164091+00:00,00:49:35,ASML,90.1,200,YieldingYams,WavyWalnuts,sell
2026-07-01T14:49:39.164091+00:00,00:49:35,SAP_DUAL,52.9,10,Kelvin Chan,JazzyJellies,sell
2026-07-01T14:49:39.164091+00:00,00:49:35,SAP_DUAL,52.9,40,InfiniteIcecreams,JazzyJellies,sell
2026-07-01T14:49:39.164091+00:00,00:49:35,ASML_202706_F,93.2,50,CapableCoyotes,DownrightDogfish,sell
2026-07-01T14:49:39.164091+00:00,00:49:35,SAP_DUAL,53.3,40,GroovyGrapefruits,Kelvin Chan,buy
2026-07-01T14:49:39.164091+00:00,00:49:35,ASML_202703_F,92.3,100,CapableCoyotes,BoundlessBisons,sell
2026-07-01T14:49:39.164091+00:00,00:49:35,ASML_202706_F,93.2,17,CapableCoyotes,Kelvin Chan,sell
2026-07-01T14:49:39.164091+00:00,00:49:35,ASML_202706_F,93.2,13,CapableCoyotes,Kelvin Chan,sell
2026-07-01T14:49:39.164091+00:00,00:49:35,ASML_202706_F,93.2,40,CapableCoyotes,BoundlessBisons,sell
2026-07-01T14:49:39.164091+00:00,00:49:35,ASML_202706_F,92.8,3,Kelvin Chan,BoundlessBisons,sell
2026-07-01T14:49:39.164091+00:00,00:49:36,OB5X_ETF,46.7,1,NecessaryNutmegs,Kelvin Chan,buy
2026-07-01T14:49:39.164091+00:00,00:49:36,OB5X_ETF,46.7,499,NecessaryNutmegs,MarvelousMilkshakes,buy
2026-07-01T14:49:39.164091+00:00,00:49:36,ASML_DUAL,90.2,2,Kelvin Chan,CostlyCorianders,sell
2026-07-01T14:49:39.164091+00:00,00:49:36,ASML_DUAL,90.1,44,EarnestEspressos,CostlyCorianders,sell
2026-07-01T14:49:40.866251+00:00,00:49:36,NVDA,52.0,200,WavyWalnuts,AverageAlmonds,buy
2026-07-01T14:49:40.866251+00:00,00:49:36,OB5X_ETF,46.6,225,LivelyLasagnas,KindlyKales,sell
2026-07-01T14:49:40.866251+00:00,00:49:36,NVDA,51.9,180,Kelvin Chan,YieldingYams,sell
2026-07-01T14:49:40.866251+00:00,00:49:36,NVDA,51.9,200,Sze-Yong Ng,YieldingYams,sell
2026-07-01T14:49:40.866251+00:00,00:49:36,ASML,90.0,35,Tanishq Panjwani,YieldingYams,buy
2026-07-01T14:49:40.866251+00:00,00:49:36,ASML_DUAL,90.1,35,EarnestEspressos,Tanishq Panjwani,sell
2026-07-01T14:49:40.866251+00:00,00:49:36,ASML_DUAL,90.1,25,EarnestEspressos,Lachlan Han,sell
2026-07-01T14:49:40.866251+00:00,00:49:36,ASML,90.0,25,Lachlan Han,YieldingYams,buy
2026-07-01T14:49:40.866251+00:00,00:49:36,ASML_DUAL,90.1,46,EarnestEspressos,DiligentDonuts,sell
2026-07-01T14:49:40.866251+00:00,00:49:36,SAP_DUAL,52.9,44,InfiniteIcecreams,GroovyGrapefruits,sell
2026-07-01T14:49:40.866251+00:00,00:49:36,ASML_202612_075P,49.1,3,EssentialEagles,Kelvin Chan,buy
2026-07-01T14:49:40.866251+00:00,00:49:36,ASML_202612_075P,49.3,46,EssentialEagles,GenerousGeckos,buy
2026-07-01T14:49:40.866251+00:00,00:49:36,ASML_202706_F,92.8,22,Kelvin Chan,BoundlessBisons,buy
2026-07-01T14:49:40.866251+00:00,00:49:36,ASML_202706_F,92.8,14,Kelvin Chan,BoundlessBisons,buy
2026-07-01T14:49:40.866251+00:00,00:49:36,ASML_202706_F,92.8,8,Kelvin Chan,BoundlessBisons,buy
2026-07-01T14:49:40.866251+00:00,00:49:37,ASML_202706_F,92.7,38,Sze-Yong Ng,AttentiveAntelopes,sell
2026-07-01T14:49:40.866251+00:00,00:49:37,ASML_202706_F,92.3,18,BoundlessBisons,AttentiveAntelopes,sell
2026-07-01T14:49:40.866251+00:00,00:49:37,ASML_202706_F,92.8,4,Kelvin Chan,BoundlessBisons,buy
2026-07-01T14:49:40.866251+00:00,00:49:37,OB5X_202612_080P,13.2,7,Kelvin Chan,ScholarlySpearmints,sell
2026-07-01T14:49:40.866251+00:00,00:49:37,OB5X_202612_080P,13.2,39,TactfulTangerines,ScholarlySpearmints,sell
2026-07-01T14:49:40.866251+00:00,00:49:37,TSLA,8.6,20,Sze-Yong Ng,BrilliantBurritos,sell
2026-07-01T14:49:40.866251+00:00,00:49:37,AAPL,142.8,200,WavyWalnuts,YieldingYams,sell
2026-07-01T14:49:40.866251+00:00,00:49:37,ASML_DUAL,89.5,50,DiligentDonuts,FlawlessFlatbreads,sell
2026-07-01T14:49:40.866251+00:00,00:49:37,NVDA,51.8,200,YieldingYams,WavyWalnuts,sell
2026-07-01T14:49:40.866251+00:00,00:49:37,TSLA,8.7,200,WavyWalnuts,YieldingYams,buy
2026-07-01T14:49:40.866251+00:00,00:49:37,NVDA,51.9,180,YieldingYams,Kelvin Chan,buy
2026-07-01T14:49:42.917938+00:00,00:49:37,ASML_202612_F,91.2,12,Kelvin Chan,DownrightDogfish,sell
2026-07-01T14:49:42.917938+00:00,00:49:37,SAP,52.9,20,BrilliantBurritos,WavyWalnuts,buy
2026-07-01T14:49:42.917938+00:00,00:49:37,ASML_202706_F,92.8,2,Kelvin Chan,BoundlessBisons,buy
2026-07-01T14:49:42.917938+00:00,00:49:37,ASML_202703_F,92.0,15,Kelvin Chan,DownrightDogfish,sell
2026-07-01T14:49:42.917938+00:00,00:49:37,ASML_202703_F,91.9,35,Sze-Yong Ng,DownrightDogfish,sell
2026-07-01T14:49:42.917938+00:00,00:49:38,NVDA,52.0,20,BrilliantBurritos,Sze-Yong Ng,buy
2026-07-01T14:49:42.917938+00:00,00:49:38,TSLA,8.7,20,YieldingYams,Sze-Yong Ng,buy
2026-07-01T14:49:42.917938+00:00,00:49:38,TSLA,8.7,500,YieldingYams,AverageAlmonds,buy
2026-07-01T14:49:42.917938+00:00,00:49:38,OB5X_ETF,46.6,247,LivelyLasagnas,KindlyKales,sell
2026-07-01T14:49:42.917938+00:00,00:49:38,TSLA,8.7,105,YieldingYams,AverageAlmonds,sell
2026-07-01T14:49:42.917938+00:00,00:49:38,OB5X_ETF,46.7,2,NecessaryNutmegs,Kelvin Chan,buy
2026-07-01T14:49:42.917938+00:00,00:49:38,OB5X_ETF,46.8,498,NecessaryNutmegs,LivelyLasagnas,buy
2026-07-01T14:49:42.917938+00:00,00:49:38,OB5X_202612_F,181.4,20,OriginalOlives,Kelvin Chan,buy
2026-07-01T14:49:42.917938+00:00,00:49:38,OB5X_202612_F,181.4,37,OriginalOlives,PowerfulPineapples,buy
2026-07-01T14:49:42.917938+00:00,00:49:38,OB5X_202612_080C,113.4,5,Kelvin Chan,ScholarlySpearmints,sell
2026-07-01T14:49:42.917938+00:00,00:49:38,OB5X_202612_080C,112.9,49,TactfulTangerines,ScholarlySpearmints,sell
2026-07-01T14:49:42.917938+00:00,00:49:38,OB5X_202612_120P,32.2,4,ScholarlySpearmints,Kelvin Chan,buy
2026-07-01T14:49:42.917938+00:00,00:49:38,OB5X_202612_120P,32.7,40,ScholarlySpearmints,TactfulTangerines,buy
2026-07-01T14:49:42.917938+00:00,00:49:38,SAP,52.9,180,YieldingYams,WavyWalnuts,buy
2026-07-01T14:49:44.557519+00:00,00:49:38,SAP,52.9,200,YieldingYams,WavyWalnuts,sell
2026-07-01T14:49:44.557519+00:00,00:49:38,ASML,89.9,3,Kelvin Chan,Chester Au,sell
2026-07-01T14:49:44.557519+00:00,00:49:38,ASML_DUAL,89.7,3,Tanishq Panjwani,EarnestEspressos,buy
2026-07-01T14:49:44.557519+00:00,00:49:38,ASML_DUAL,89.7,3,Chester Au,EarnestEspressos,buy
2026-07-01T14:49:44.557519+00:00,00:49:38,SAP_DUAL,53.2,53,GroovyGrapefruits,InfiniteIcecreams,buy
2026-07-01T14:49:44.557519+00:00,00:49:38,ASML_DUAL,89.7,35,Tanishq Panjwani,EarnestEspressos,buy
2026-07-01T14:49:44.557519+00:00,00:49:38,ASML,89.8,35,YieldingYams,Tanishq Panjwani,sell
2026-07-01T14:49:44.557519+00:00,00:49:38,ASML_DUAL,89.7,45,CostlyCorianders,EarnestEspressos,buy
2026-07-01T14:49:44.557519+00:00,00:49:38,ASML,89.8,3,YieldingYams,Tanishq Panjwani,sell
2026-07-01T14:49:44.557519+00:00,00:49:38,ASML_202703_F,92.0,9,Kelvin Chan,AttentiveAntelopes,sell
2026-07-01T14:49:44.557519+00:00,00:49:38,ASML_202703_F,91.9,29,Sze-Yong Ng,AttentiveAntelopes,sell
2026-07-01T14:49:44.557519+00:00,00:49:38,ASML_202612_F,91.2,12,Kelvin Chan,CapableCoyotes,sell
2026-07-01T14:49:44.557519+00:00,00:49:38,ASML_202612_F,90.9,64,Sze-Yong Ng,CapableCoyotes,sell
2026-07-01T14:49:44.557519+00:00,00:49:38,ASML_202612_F,90.8,74,BoundlessBisons,CapableCoyotes,sell
2026-07-01T14:49:44.557519+00:00,00:49:38,ASML_202706_F,92.8,7,AttentiveAntelopes,BoundlessBisons,buy
2026-07-01T14:49:44.557519+00:00,00:49:38,ASML_DUAL,89.7,35,Tanishq Panjwani,EarnestEspressos,buy
2026-07-01T14:49:44.557519+00:00,00:49:38,ASML,89.8,35,YieldingYams,Tanishq Panjwani,sell
2026-07-01T14:49:44.557519+00:00,00:49:38,ASML,89.8,25,YieldingYams,Lachlan Han,sell
2026-07-01T14:49:44.557519+00:00,00:49:38,ASML_DUAL,89.7,25,Lachlan Han,EarnestEspressos,buy
2026-07-01T14:49:44.557519+00:00,00:49:39,ASML_202703_F,91.5,100,BoundlessBisons,CapableCoyotes,sell
2026-07-01T14:49:44.557519+00:00,00:49:39,ASML_DUAL,89.7,4,Tanishq Panjwani,EarnestEspressos,buy
2026-07-01T14:49:44.557519+00:00,00:49:39,ASML,89.8,4,YieldingYams,Tanishq Panjwani,sell
2026-07-01T14:49:44.557519+00:00,00:49:39,NVDA,52.0,180,YieldingYams,Sze-Yong Ng,buy
2026-07-01T14:49:44.557519+00:00,00:49:39,NVDA,52.0,445,YieldingYams,AverageAlmonds,buy
2026-07-01T14:49:44.557519+00:00,00:49:39,ASML_202706_F,92.3,82,BoundlessBisons,CapableCoyotes,sell
2026-07-01T14:49:44.557519+00:00,00:49:39,SAP_DUAL,52.9,22,Kelvin Chan,GroovyGrapefruits,sell
2026-07-01T14:49:44.557519+00:00,00:49:39,SAP_DUAL,52.9,37,HomelyHerrings,GroovyGrapefruits,sell
2026-07-01T14:49:44.557519+00:00,00:49:39,TSLA,8.6,180,Sze-Yong Ng,YieldingYams,sell
2026-07-01T14:49:44.557519+00:00,00:49:39,TSLA,8.6,20,Sze-Yong Ng,YieldingYams,sell
2026-07-01T14:49:44.557519+00:00,00:49:39,TSLA,8.6,200,WavyWalnuts,YieldingYams,sell
2026-07-01T14:49:44.557519+00:00,00:49:39,TSLA,8.6,225,AverageAlmonds,YieldingYams,sell
2026-07-01T14:49:44.557519+00:00,00:49:39,ASML_DUAL,90.0,40,CostlyCorianders,DiligentDonuts,buy
2026-07-01T14:49:44.557519+00:00,00:49:39,OB5X_ETF,46.7,200,KindlyKales,LivelyLasagnas,buy
2026-07-01T14:49:44.557519+00:00,00:49:39,ASML_DUAL,90.0,14,FlawlessFlatbreads,DiligentDonuts,buy
2026-07-01T14:49:44.557519+00:00,00:49:39,OB5X_202612_120C,93.1,6,ScholarlySpearmints,Kelvin Chan,buy
2026-07-01T14:49:44.557519+00:00,00:49:39,OB5X_202612_120C,93.1,49,ScholarlySpearmints,VersatileVinegars,buy
2026-07-01T14:49:44.557519+00:00,00:49:39,ASML_202612_075P,49.3,52,EssentialEagles,FortunateFerrets,buy
2026-07-01T14:49:44.557519+00:00,00:49:39,OB5X_202612_080C,113.9,7,ScholarlySpearmints,Kelvin Chan,buy
2026-07-01T14:49:44.557519+00:00,00:49:39,OB5X_202612_080C,114.0,34,ScholarlySpearmints,TactfulTangerines,buy
2026-07-01T14:49:44.557519+00:00,00:49:39,ASML_202612_050C,70.2,1,Kelvin Chan,EssentialEagles,sell
2026-07-01T14:49:44.557519+00:00,00:49:39,ASML_202612_050C,70.0,58,FortunateFerrets,EssentialEagles,sell
2026-07-01T14:49:44.557519+00:00,00:49:39,SAP,52.8,200,WavyWalnuts,YieldingYams,sell
2026-07-01T14:49:44.557519+00:00,00:49:39,SAP,52.8,200,Sze-Yong Ng,YieldingYams,sell
2026-07-01T14:49:44.557519+00:00,00:49:39,SAP_DUAL,53.2,50,JazzyJellies,InfiniteIcecreams,buy
2026-07-01T14:49:44.557519+00:00,00:49:39,SAP_DUAL,53.2,47,GroovyGrapefruits,InfiniteIcecreams,buy
2026-07-01T14:49:44.557519+00:00,00:49:39,SAP_DUAL,53.3,3,GroovyGrapefruits,Kelvin Chan,buy
2026-07-01T14:49:44.557519+00:00,00:49:39,SAP_DUAL,53.4,8,GroovyGrapefruits,HomelyHerrings,buy
2026-07-01T14:49:44.557519+00:00,00:49:39,NVDA,51.9,20,Kelvin Chan,BrilliantBurritos,sell
2026-07-01T14:49:44.557519+00:00,00:49:39,SAP,52.8,200,WavyWalnuts,YieldingYams,buy
2026-07-01T14:49:44.557519+00:00,00:49:39,OB5X_202703_F,182.5,54,QuirkyQuinoas,OriginalOlives,sell
2026-07-01T14:49:44.557519+00:00,00:49:39,TSLA,8.6,200,AverageAlmonds,WavyWalnuts,sell
2026-07-01T14:49:44.557519+00:00,00:49:39,AAPL,142.7,200,YieldingYams,WavyWalnuts,sell
2026-07-01T14:49:46.643591+00:00,00:49:40,ASML_202612_F,91.1,50,DownrightDogfish,BoundlessBisons,buy
2026-07-01T14:49:46.643591+00:00,00:49:40,ASML_202703_F,91.4,50,DownrightDogfish,CapableCoyotes,buy
2026-07-01T14:49:46.643591+00:00,00:49:40,OB5X_ETF,46.7,300,NecessaryNutmegs,LivelyLasagnas,buy
2026-07-01T14:49:46.643591+00:00,00:49:40,OB5X_ETF,46.8,200,NecessaryNutmegs,MarvelousMilkshakes,buy
2026-07-01T14:49:46.643591+00:00,00:49:40,NVDA,51.9,160,Kelvin Chan,YieldingYams,sell
2026-07-01T14:49:46.643591+00:00,00:49:40,NVDA,51.9,200,WavyWalnuts,YieldingYams,sell
2026-07-01T14:49:46.643591+00:00,00:49:40,NVDA,51.8,20,Sze-Yong Ng,YieldingYams,sell
2026-07-01T14:49:46.643591+00:00,00:49:40,NVDA,51.8,180,Sze-Yong Ng,YieldingYams,sell
2026-07-01T14:49:46.643591+00:00,00:49:40,ASML_202706_F,92.3,50,DownrightDogfish,CapableCoyotes,buy
2026-07-01T14:49:46.643591+00:00,00:49:40,ASML,89.8,200,WavyWalnuts,YieldingYams,sell
2026-07-01T14:49:46.643591+00:00,00:49:40,ASML,89.8,425,AverageAlmonds,YieldingYams,sell
2026-07-01T14:49:46.643591+00:00,00:49:40,SAP,52.8,20,BrilliantBurritos,YieldingYams,buy
2026-07-01T14:49:46.643591+00:00,00:49:40,ASML_202612_075P,49.3,46,EssentialEagles,FortunateFerrets,buy
2026-07-01T14:49:46.643591+00:00,00:49:40,ASML_202612_075P,48.9,3,Kelvin Chan,EssentialEagles,sell
2026-07-01T14:49:46.643591+00:00,00:49:40,ASML_202612_075P,48.8,40,GenerousGeckos,EssentialEagles,sell
2026-07-01T14:49:46.643591+00:00,00:49:40,SAP_DUAL,53.2,45,InfiniteIcecreams,Kelvin Chan,buy
2026-07-01T14:49:46.643591+00:00,00:49:41,ASML_202612_F,91.1,6,Kelvin Chan,BoundlessBisons,buy
2026-07-01T14:49:46.643591+00:00,00:49:41,ASML_202612_F,91.1,4,Kelvin Chan,BoundlessBisons,buy
2026-07-01T14:49:46.643591+00:00,00:49:41,ASML_202703_F,91.8,1,Kelvin Chan,BoundlessBisons,buy
2026-07-01T14:49:46.643591+00:00,00:49:41,SAP,52.9,200,YieldingYams,Sze-Yong Ng,buy
2026-07-01T14:49:46.643591+00:00,00:49:41,SAP,53.0,55,YieldingYams,Kelvin Chan,buy
2026-07-01T14:49:46.643591+00:00,00:49:41,SAP,53.0,200,YieldingYams,WavyWalnuts,buy
2026-07-01T14:49:46.643591+00:00,00:49:41,SAP,53.0,170,YieldingYams,AverageAlmonds,buy
2026-07-01T14:49:46.643591+00:00,00:49:41,NVDA,51.8,65,WavyWalnuts,YieldingYams,buy
2026-07-01T14:49:46.643591+00:00,00:49:41,NVDA,51.9,135,WavyWalnuts,Kelvin Chan,buy
2026-07-01T14:49:46.643591+00:00,00:49:41,AAPL,142.8,200,Sze-Yong Ng,YieldingYams,buy
2026-07-01T14:49:46.643591+00:00,00:49:41,OB5X_202612_080P,13.2,58,TactfulTangerines,ScholarlySpearmints,sell
2026-07-01T14:49:46.643591+00:00,00:49:41,SAP,52.9,20,BrilliantBurritos,WavyWalnuts,buy
2026-07-01T14:49:46.643591+00:00,00:49:41,OB5X_202612_100C,102.2,6,ScholarlySpearmints,Kelvin Chan,buy
2026-07-01T14:49:46.643591+00:00,00:49:41,ASML,90.0,200,YieldingYams,WavyWalnuts,buy
2026-07-01T14:49:46.643591+00:00,00:49:41,SAP_DUAL,53.2,100,InfiniteIcecreams,HomelyHerrings,sell
2026-07-01T14:49:46.643591+00:00,00:49:41,TSLA,8.6,200,WavyWalnuts,YieldingYams,sell
2026-07-01T14:49:46.643591+00:00,00:49:41,TSLA,8.6,425,AverageAlmonds,YieldingYams,sell
2026-07-01T14:49:46.643591+00:00,00:49:42,OB5X_202612_100C,102.4,5,ScholarlySpearmints,Kelvin Chan,sell
2026-07-01T14:49:46.643591+00:00,00:49:42,ASML_202612_F,91.1,2,Kelvin Chan,BoundlessBisons,buy
2026-07-01T14:49:46.643591+00:00,00:49:42,SAP_DUAL,53.3,18,JazzyJellies,Kelvin Chan,buy
2026-07-01T14:49:46.643591+00:00,00:49:42,SAP_DUAL,53.7,32,JazzyJellies,InfiniteIcecreams,buy
2026-07-01T14:49:46.643591+00:00,00:49:42,SAP,52.8,20,WavyWalnuts,BrilliantBurritos,sell
2026-07-01T14:49:46.643591+00:00,00:49:42,ASML_202612_F,91.1,38,CapableCoyotes,BoundlessBisons,buy
2026-07-01T14:49:46.643591+00:00,00:49:42,ASML_202612_F,91.5,33,CapableCoyotes,Kelvin Chan,buy
2026-07-01T14:49:46.643591+00:00,00:49:42,NVDA,51.9,200,YieldingYams,WavyWalnuts,sell
2026-07-01T14:49:46.643591+00:00,00:49:42,ASML_202706_F,92.3,18,AttentiveAntelopes,CapableCoyotes,buy
2026-07-01T14:49:46.643591+00:00,00:49:42,ASML_202706_F,92.6,39,AttentiveAntelopes,BoundlessBisons,buy
2026-07-01T14:49:46.643591+00:00,00:49:42,TSLA,8.6,200,AverageAlmonds,WavyWalnuts,sell
2026-07-01T14:49:46.643591+00:00,00:49:42,ASML_202703_F,91.8,99,CapableCoyotes,BoundlessBisons,buy
2026-07-01T14:49:46.643591+00:00,00:49:42,ASML_202703_F,91.9,51,CapableCoyotes,Sze-Yong Ng,buy
2026-07-01T14:49:46.643591+00:00,00:49:42,AAPL,142.7,200,YieldingYams,WavyWalnuts,buy
2026-07-01T14:49:46.643591+00:00,00:49:42,OB5X_ETF,46.7,500,LivelyLasagnas,NecessaryNutmegs,sell
2026-07-01T14:49:46.643591+00:00,00:49:42,ASML_202703_F,91.9,13,DownrightDogfish,Sze-Yong Ng,buy
2026-07-01T14:49:46.643591+00:00,00:49:42,ASML_202703_F,92.2,28,DownrightDogfish,Kelvin Chan,buy
2026-07-01T14:49:46.643591+00:00,00:49:42,ASML_202706_F,92.6,61,CapableCoyotes,BoundlessBisons,buy
2026-07-01T14:49:46.643591+00:00,00:49:42,OB5X_202612_120C,93.0,4,ScholarlySpearmints,Kelvin Chan,buy
2026-07-01T14:49:46.643591+00:00,00:49:42,OB5X_202612_120C,93.0,50,ScholarlySpearmints,VersatileVinegars,buy
2026-07-01T14:49:46.643591+00:00,00:49:42,OB5X_202612_080C,113.3,7,Kelvin Chan,ScholarlySpearmints,sell
2026-07-01T14:49:46.643591+00:00,00:49:42,OB5X_202612_080C,112.8,50,TactfulTangerines,ScholarlySpearmints,sell
2026-07-01T14:49:46.643591+00:00,00:49:43,ASML_202612_F,91.5,23,CapableCoyotes,Kelvin Chan,sell
2026-07-01T14:49:46.643591+00:00,00:49:43,SAP,52.8,20,WavyWalnuts,BrilliantBurritos,sell
2026-07-01T14:49:48.324332+00:00,00:49:43,TSLA,8.6,500,AverageAlmonds,YieldingYams,sell
2026-07-01T14:49:48.324332+00:00,00:49:43,ASML_202612_F,91.5,18,CapableCoyotes,Kelvin Chan,sell
2026-07-01T14:49:48.324332+00:00,00:49:43,SAP_DUAL,53.2,5,InfiniteIcecreams,GroovyGrapefruits,sell
2026-07-01T14:49:48.324332+00:00,00:49:43,SAP_DUAL,52.9,14,Kelvin Chan,GroovyGrapefruits,sell
2026-07-01T14:49:48.324332+00:00,00:49:43,SAP_DUAL,52.7,34,HomelyHerrings,GroovyGrapefruits,sell
2026-07-01T14:49:48.324332+00:00,00:49:43,TSLA,8.6,125,AverageAlmonds,YieldingYams,buy
2026-07-01T14:49:48.324332+00:00,00:49:43,NVDA,51.9,200,WavyWalnuts,YieldingYams,buy
2026-07-01T14:49:48.324332+00:00,00:49:43,SAP,52.9,200,WavyWalnuts,YieldingYams,buy
2026-07-01T14:49:48.324332+00:00,00:49:43,ASML_DUAL,90.0,43,EarnestEspressos,CostlyCorianders,sell
2026-07-01T14:49:48.324332+00:00,00:49:43,TSLA,8.6,200,AverageAlmonds,WavyWalnuts,sell
2026-07-01T14:49:48.324332+00:00,00:49:43,SAP,53.0,7,YieldingYams,Kelvin Chan,buy
2026-07-01T14:49:48.324332+00:00,00:49:43,SAP,53.0,500,YieldingYams,AverageAlmonds,buy
2026-07-01T14:49:48.324332+00:00,00:49:43,SAP,53.0,118,YieldingYams,WavyWalnuts,buy
2026-07-01T14:49:48.324332+00:00,00:49:43,ASML_202612_F,91.5,15,CapableCoyotes,Kelvin Chan,sell
2026-07-01T14:49:48.324332+00:00,00:49:44,OB5X_202612_100C,101.3,57,TactfulTangerines,ScholarlySpearmints,sell
2026-07-01T14:49:48.324332+00:00,00:49:44,ASML,90.0,200,WavyWalnuts,YieldingYams,sell
2026-07-01T14:49:48.324332+00:00,00:49:44,SAP_DUAL,53.0,40,Kelvin Chan,GroovyGrapefruits,sell
2026-07-01T14:49:48.324332+00:00,00:49:44,TSLA,8.7,200,YieldingYams,Sze-Yong Ng,buy
2026-07-01T14:49:48.324332+00:00,00:49:44,TSLA,8.7,425,YieldingYams,AverageAlmonds,buy
2026-07-01T14:49:49.995433+00:00,00:49:44,ASML_202612_F,91.5,12,CapableCoyotes,Kelvin Chan,sell
2026-07-01T14:49:49.995433+00:00,00:49:44,NVDA,52.0,200,WavyWalnuts,Sze-Yong Ng,buy
2026-07-01T14:49:49.995433+00:00,00:49:44,SAP,53.0,200,WavyWalnuts,AverageAlmonds,buy
2026-07-01T14:49:49.995433+00:00,00:49:44,TSLA,8.6,200,AverageAlmonds,WavyWalnuts,sell
2026-07-01T14:49:49.995433+00:00,00:49:44,ASML_202612_F,91.5,11,CapableCoyotes,DownrightDogfish,sell
2026-07-01T14:49:49.995433+00:00,00:49:45,OB5X_202703_F,182.9,13,RadiantRisottos,Kelvin Chan,buy
2026-07-01T14:49:49.995433+00:00,00:49:45,ASML_202706_F,92.9,50,CapableCoyotes,DownrightDogfish,sell
2026-07-01T14:49:49.995433+00:00,00:49:45,SAP,52.8,79,Kelvin Chan,YieldingYams,sell
2026-07-01T14:49:49.995433+00:00,00:49:45,OB5X_202612_F,181.2,50,RadiantRisottos,QuirkyQuinoas,buy
2026-07-01T14:49:49.995433+00:00,00:49:45,OB5X_ETF,46.7,500,MarvelousMilkshakes,LivelyLasagnas,sell
2026-07-01T14:49:49.995433+00:00,00:49:45,TSLA,8.6,20,AverageAlmonds,BrilliantBurritos,sell
2026-07-01T14:49:49.995433+00:00,00:49:45,OB5X_202612_120C,93.1,58,ScholarlySpearmints,TactfulTangerines,buy
2026-07-01T14:49:49.995433+00:00,00:49:45,ASML,90.0,200,WavyWalnuts,YieldingYams,buy
2026-07-01T14:49:52.070283+00:00,00:49:45,ASML_202706_F,93.0,7,AttentiveAntelopes,Kelvin Chan,buy
2026-07-01T14:49:52.070283+00:00,00:49:45,ASML_202612_050P,29.6,52,EssentialEagles,FortunateFerrets,buy
2026-07-01T14:49:52.070283+00:00,00:49:45,ASML_202706_F,92.9,39,CapableCoyotes,AttentiveAntelopes,sell
2026-07-01T14:49:52.070283+00:00,00:49:45,ASML_202706_F,92.6,10,BoundlessBisons,AttentiveAntelopes,sell
2026-07-01T14:49:52.070283+00:00,00:49:45,OB5X_202612_120P,31.7,3,Kelvin Chan,ScholarlySpearmints,sell
2026-07-01T14:49:52.070283+00:00,00:49:45,OB5X_202612_120P,31.6,50,VersatileVinegars,ScholarlySpearmints,sell
2026-07-01T14:49:52.070283+00:00,00:49:45,OB5X_202612_120P,31.5,5,TactfulTangerines,ScholarlySpearmints,sell
2026-07-01T14:49:52.070283+00:00,00:49:45,ASML,90.1,20,BrilliantBurritos,YieldingYams,buy
2026-07-01T14:49:52.070283+00:00,00:49:45,ASML_202612_F,91.2,100,BoundlessBisons,CapableCoyotes,sell
2026-07-01T14:49:52.070283+00:00,00:49:45,ASML_202612_F,91.1,24,Kelvin Chan,CapableCoyotes,sell
2026-07-01T14:49:52.070283+00:00,00:49:45,ASML_202612_F,90.9,26,Kelvin Chan,CapableCoyotes,buy
2026-07-01T14:49:52.070283+00:00,00:49:46,ASML_202703_F,91.8,100,BoundlessBisons,CapableCoyotes,sell
2026-07-01T14:49:52.070283+00:00,00:49:46,ASML_202703_F,91.8,24,Kelvin Chan,CapableCoyotes,sell
2026-07-01T14:49:52.070283+00:00,00:49:46,ASML_202703_F,91.7,26,Sze-Yong Ng,CapableCoyotes,sell
2026-07-01T14:49:52.070283+00:00,00:49:46,NVDA,51.9,200,WavyWalnuts,YieldingYams,buy
2026-07-01T14:49:52.070283+00:00,00:49:46,SAP,52.8,200,WavyWalnuts,YieldingYams,buy
2026-07-01T14:49:52.070283+00:00,00:49:46,OB5X_ETF,46.7,208,KindlyKales,MarvelousMilkshakes,buy
2026-07-01T14:49:52.070283+00:00,00:49:46,ASML_202706_F,92.6,90,BoundlessBisons,CapableCoyotes,sell
2026-07-01T14:49:52.070283+00:00,00:49:46,ASML_202706_F,92.6,6,Kelvin Chan,CapableCoyotes,sell
2026-07-01T14:49:52.070283+00:00,00:49:46,SAP_DUAL,53.2,36,JazzyJellies,Kelvin Chan,buy
2026-07-01T14:49:52.070283+00:00,00:49:46,SAP_DUAL,53.3,14,JazzyJellies,InfiniteIcecreams,buy
2026-07-01T14:49:52.070283+00:00,00:49:46,ASML,89.9,5,Kelvin Chan,BrilliantBurritos,sell
2026-07-01T14:49:52.070283+00:00,00:49:46,ASML,89.9,15,YieldingYams,BrilliantBurritos,sell
2026-07-01T14:49:52.070283+00:00,00:49:46,ASML_202706_F,92.4,54,BoundlessBisons,CapableCoyotes,buy
2026-07-01T14:49:52.070283+00:00,00:49:46,AAPL,142.8,200,YieldingYams,WavyWalnuts,buy
2026-07-01T14:49:52.070283+00:00,00:49:46,ASML_DUAL,90.2,46,CostlyCorianders,EarnestEspressos,buy
2026-07-01T14:49:52.070283+00:00,00:49:46,OB5X_ETF,46.7,500,NecessaryNutmegs,MarvelousMilkshakes,buy
2026-07-01T14:49:52.070283+00:00,00:49:46,OB5X_ETF,46.5,1,Kelvin Chan,KindlyKales,sell
2026-07-01T14:49:52.070283+00:00,00:49:46,OB5X_ETF,46.5,234,LivelyLasagnas,KindlyKales,sell
2026-07-01T14:49:52.070283+00:00,00:49:46,SAP_DUAL,53.3,54,GroovyGrapefruits,InfiniteIcecreams,buy
2026-07-01T14:49:53.720831+00:00,00:49:47,ASML_202706_F,92.6,3,Kelvin Chan,AttentiveAntelopes,sell
2026-07-01T14:49:53.720831+00:00,00:49:47,ASML_202706_F,92.5,46,BoundlessBisons,AttentiveAntelopes,sell
2026-07-01T14:49:53.720831+00:00,00:49:47,ASML_202612_F,91.2,7,Kelvin Chan,DownrightDogfish,sell
2026-07-01T14:49:53.720831+00:00,00:49:47,ASML_202612_F,90.9,43,BoundlessBisons,DownrightDogfish,sell
2026-07-01T14:49:53.720831+00:00,00:49:47,OB5X_202706_F,185.0,50,RadiantRisottos,QuirkyQuinoas,buy
2026-07-01T14:49:53.720831+00:00,00:49:47,NVDA,51.9,200,YieldingYams,WavyWalnuts,sell
2026-07-01T14:49:53.720831+00:00,00:49:47,SAP,52.9,200,WavyWalnuts,YieldingYams,buy
2026-07-01T14:49:53.720831+00:00,00:49:47,SAP,52.7,20,Kelvin Chan,BrilliantBurritos,sell
2026-07-01T14:49:53.720831+00:00,00:49:47,ASML_202703_F,91.8,12,Kelvin Chan,DownrightDogfish,sell
2026-07-01T14:49:53.720831+00:00,00:49:47,ASML_202703_F,91.7,38,BoundlessBisons,DownrightDogfish,sell
2026-07-01T14:49:53.720831+00:00,00:49:47,OB5X_202703_F,182.8,50,RadiantRisottos,QuirkyQuinoas,buy
2026-07-01T14:49:53.720831+00:00,00:49:47,ASML_202706_F,91.9,50,CapableCoyotes,DownrightDogfish,sell
2026-07-01T14:49:53.720831+00:00,00:49:47,OB5X_202703_F,182.6,21,Kelvin Chan,OriginalOlives,sell
2026-07-01T14:49:53.720831+00:00,00:49:47,OB5X_202703_F,182.5,35,PowerfulPineapples,OriginalOlives,sell
2026-07-01T14:49:53.720831+00:00,00:49:47,OB5X_202612_F,181.2,50,RadiantRisottos,QuirkyQuinoas,buy
2026-07-01T14:49:53.720831+00:00,00:49:47,ASML,90.0,200,YieldingYams,WavyWalnuts,sell
2026-07-01T14:49:53.720831+00:00,00:49:47,ASML_202612_075P,48.9,1,Kelvin Chan,EssentialEagles,sell
2026-07-01T14:49:53.720831+00:00,00:49:47,ASML_202612_075P,48.8,50,GenerousGeckos,EssentialEagles,sell
2026-07-01T14:49:53.720831+00:00,00:49:48,TSLA,8.7,20,BrilliantBurritos,YieldingYams,buy
2026-07-01T14:49:53.720831+00:00,00:49:48,OB5X_202612_080C,113.2,8,Kelvin Chan,ScholarlySpearmints,sell
2026-07-01T14:49:53.720831+00:00,00:49:48,OB5X_202612_080C,112.7,38,VersatileVinegars,ScholarlySpearmints,sell
2026-07-01T14:49:53.720831+00:00,00:49:48,SAP_DUAL,53.3,35,JazzyJellies,Kelvin Chan,buy
2026-07-01T14:49:53.720831+00:00,00:49:48,SAP_DUAL,53.5,15,JazzyJellies,InfiniteIcecreams,buy
2026-07-01T14:49:53.720831+00:00,00:49:48,OB5X_202612_100C,102.4,4,ScholarlySpearmints,Kelvin Chan,buy
2026-07-01T14:49:53.720831+00:00,00:49:48,OB5X_202612_100C,102.5,44,ScholarlySpearmints,VersatileVinegars,buy
2026-07-01T14:49:53.720831+00:00,00:49:48,NVDA,52.0,45,WavyWalnuts,Kelvin Chan,buy
2026-07-01T14:49:53.720831+00:00,00:49:48,NVDA,52.0,155,WavyWalnuts,YieldingYams,buy
2026-07-01T14:49:53.720831+00:00,00:49:48,SAP,52.9,200,YieldingYams,WavyWalnuts,sell
2026-07-01T14:49:53.720831+00:00,00:49:48,TSLA,8.6,200,Sze-Yong Ng,WavyWalnuts,sell
2026-07-01T14:49:53.720831+00:00,00:49:48,TSLA,8.7,500,YieldingYams,AverageAlmonds,buy
2026-07-01T14:49:53.720831+00:00,00:49:48,OB5X_202612_100C,101.9,7,Kelvin Chan,ScholarlySpearmints,sell
2026-07-01T14:49:53.720831+00:00,00:49:48,OB5X_202612_100C,101.2,49,VersatileVinegars,ScholarlySpearmints,sell
2026-07-01T14:49:53.720831+00:00,00:49:48,TSLA,8.7,125,YieldingYams,Sze-Yong Ng,sell
2026-07-01T14:49:53.720831+00:00,00:49:48,OB5X_202612_100P,21.8,2,Kelvin Chan,ScholarlySpearmints,sell
2026-07-01T14:49:53.720831+00:00,00:49:48,OB5X_202612_100P,21.6,50,TactfulTangerines,ScholarlySpearmints,sell
2026-07-01T14:49:53.720831+00:00,00:49:48,OB5X_202612_F,181.1,55,QuirkyQuinoas,OriginalOlives,sell
2026-07-01T14:49:53.720831+00:00,00:49:48,AAPL,142.8,20,YieldingYams,BrilliantBurritos,sell
2026-07-01T14:49:53.720831+00:00,00:49:48,ASML_202612_100P,69.8,2,EssentialEagles,Kelvin Chan,buy
2026-07-01T14:49:53.720831+00:00,00:49:48,ASML_202612_100P,70.1,45,EssentialEagles,GenerousGeckos,buy
2026-07-01T14:49:53.720831+00:00,00:49:49,ASML_202612_050C,70.3,44,EssentialEagles,GenerousGeckos,buy
2026-07-01T14:49:53.720831+00:00,00:49:49,ASML_202612_050P,29.2,3,Kelvin Chan,EssentialEagles,sell
2026-07-01T14:49:53.720831+00:00,00:49:49,ASML_202612_050P,29.2,49,FortunateFerrets,EssentialEagles,sell
2026-07-01T14:49:53.720831+00:00,00:49:49,SAP,53.0,20,BrilliantBurritos,Kelvin Chan,buy
2026-07-01T14:49:53.720831+00:00,00:49:49,ASML_202612_F,91.4,100,CapableCoyotes,BoundlessBisons,buy
2026-07-01T14:49:53.720831+00:00,00:49:49,ASML_202612_F,91.4,50,CapableCoyotes,DownrightDogfish,sell
2026-07-01T14:49:53.720831+00:00,00:49:49,NVDA,52.0,500,YieldingYams,AverageAlmonds,buy
2026-07-01T14:49:53.720831+00:00,00:49:49,ASML_202612_F,91.1,16,Kelvin Chan,BoundlessBisons,sell
2026-07-01T14:49:53.720831+00:00,00:49:49,ASML_DUAL,90.0,1,Kelvin Chan,CostlyCorianders,sell
2026-07-01T14:49:53.720831+00:00,00:49:49,ASML_DUAL,90.0,45,EarnestEspressos,CostlyCorianders,sell
2026-07-01T14:49:53.720831+00:00,00:49:49,ASML_202703_F,92.0,50,CapableCoyotes,DownrightDogfish,sell
2026-07-01T14:49:53.720831+00:00,00:49:49,NVDA,52.0,125,YieldingYams,WavyWalnuts,sell
2026-07-01T14:49:53.720831+00:00,00:49:49,NVDA,51.9,75,Sze-Yong Ng,WavyWalnuts,sell
2026-07-01T14:49:53.720831+00:00,00:49:49,TSLA,8.6,125,Sze-Yong Ng,WavyWalnuts,sell
2026-07-01T14:49:53.720831+00:00,00:49:49,TSLA,8.6,75,AverageAlmonds,WavyWalnuts,sell
2026-07-01T14:49:53.720831+00:00,00:49:49,SAP_DUAL,53.3,23,GroovyGrapefruits,Kelvin Chan,buy
2026-07-01T14:49:53.720831+00:00,00:49:49,ASML_202706_F,92.8,50,CapableCoyotes,DownrightDogfish,sell
2026-07-01T14:49:53.720831+00:00,00:49:49,ASML_202703_F,92.0,100,CapableCoyotes,BoundlessBisons,sell
2026-07-01T14:49:53.720831+00:00,00:49:49,TSLA,8.6,425,AverageAlmonds,YieldingYams,sell
2026-07-01T14:49:53.720831+00:00,00:49:49,ASML_202706_F,92.8,100,CapableCoyotes,BoundlessBisons,sell
2026-07-01T14:49:53.720831+00:00,00:49:49,ASML_202612_F,90.9,10,Kelvin Chan,BoundlessBisons,buy
2026-07-01T14:49:53.720831+00:00,00:49:50,TSLA,8.5,200,AverageAlmonds,YieldingYams,buy
2026-07-01T14:49:53.720831+00:00,00:49:50,TSLA,8.6,200,AverageAlmonds,Sze-Yong Ng,buy
2026-07-01T14:49:53.720831+00:00,00:49:50,ASML_202612_100C,60.8,47,FortunateFerrets,EssentialEagles,sell
2026-07-01T14:49:53.720831+00:00,00:49:50,SAP_DUAL,53.0,10,Kelvin Chan,GroovyGrapefruits,sell
2026-07-01T14:49:53.720831+00:00,00:49:50,SAP_DUAL,53.0,48,InfiniteIcecreams,GroovyGrapefruits,sell
2026-07-01T14:49:53.720831+00:00,00:49:50,ASML_202612_F,90.9,6,Kelvin Chan,BoundlessBisons,buy
2026-07-01T14:49:53.720831+00:00,00:49:50,ASML_202612_F,90.9,3,Kelvin Chan,BoundlessBisons,buy
2026-07-01T14:49:53.720831+00:00,00:49:50,NVDA,51.8,135,Kelvin Chan,YieldingYams,sell
2026-07-01T14:49:53.720831+00:00,00:49:50,NVDA,51.8,200,WavyWalnuts,YieldingYams,sell
2026-07-01T14:49:53.720831+00:00,00:49:50,NVDA,51.8,200,WavyWalnuts,YieldingYams,buy
2026-07-01T14:49:55.787660+00:00,00:49:50,TSLA,8.6,200,AverageAlmonds,WavyWalnuts,sell
2026-07-01T14:49:55.787660+00:00,00:49:50,OB5X_ETF,46.7,500,MarvelousMilkshakes,NecessaryNutmegs,sell
2026-07-01T14:49:55.787660+00:00,00:49:50,ASML,90.1,200,YieldingYams,WavyWalnuts,buy
2026-07-01T14:49:55.787660+00:00,00:49:50,ASML,90.2,2,YieldingYams,Kelvin Chan,buy
2026-07-01T14:49:55.787660+00:00,00:49:50,ASML_202612_F,90.9,2,Kelvin Chan,BoundlessBisons,buy
2026-07-01T14:49:55.787660+00:00,00:49:51,TSLA,8.7,500,YieldingYams,AverageAlmonds,buy
2026-07-01T14:49:55.787660+00:00,00:49:51,OB5X_202612_100C,101.7,7,Kelvin Chan,ScholarlySpearmints,sell
