captured_at,time,ticker,price,volume,buyer,seller,aggressor
2026-07-02T10:00:05.396140+00:00,19:59:54,ASML,116.8,25,AverageAlmonds,Lachlan Han,sell
2026-07-02T10:00:05.396140+00:00,19:59:54,ASML_DUAL,116.7,25,Lachlan Han,EarnestEspressos,buy
2026-07-02T10:00:05.396140+00:00,19:59:54,SAP_DUAL,53.1,50,JazzyJellies,InfiniteIcecreams,buy
2026-07-02T10:00:05.396140+00:00,19:59:54,ASML,116.8,25,AverageAlmonds,Lachlan Han,sell
2026-07-02T10:00:05.396140+00:00,19:59:54,ASML_DUAL,116.7,25,Lachlan Han,EarnestEspressos,buy
2026-07-02T10:00:05.396140+00:00,19:59:54,TSLA,9.5,75,Sze-Yong Ng,YieldingYams,sell
2026-07-02T10:00:05.396140+00:00,19:59:54,TSLA,9.5,125,Sze-Yong Ng,YieldingYams,sell
2026-07-02T10:00:05.396140+00:00,19:59:54,OB5X_202612_080C,149.0,5,ScholarlySpearmints,Kelvin Chan,sell
2026-07-02T10:00:05.396140+00:00,19:59:54,SAP,53.1,200,WavyWalnuts,YieldingYams,sell
2026-07-02T10:00:05.396140+00:00,19:59:54,SAP,53.0,200,Sze-Yong Ng,YieldingYams,sell
2026-07-02T10:00:05.396140+00:00,19:59:54,ASML_202612_F,118.0,50,CapableCoyotes,DownrightDogfish,sell
2026-07-02T10:00:05.396140+00:00,19:59:55,OB5X_202612_080P,10.2,2,Kelvin Chan,ScholarlySpearmints,sell
2026-07-02T10:00:05.396140+00:00,19:59:55,OB5X_202612_080P,10.0,49,VersatileVinegars,ScholarlySpearmints,sell
2026-07-02T10:00:05.396140+00:00,19:59:55,ASML_202612_100C,83.6,40,GenerousGeckos,EssentialEagles,sell
2026-07-02T10:00:05.396140+00:00,19:59:55,ASML_202703_F,119.1,41,Sze-Yong Ng,DownrightDogfish,sell
2026-07-02T10:00:05.396140+00:00,19:59:55,ASML_202703_F,119.0,9,CapableCoyotes,DownrightDogfish,sell
2026-07-02T10:00:05.396140+00:00,19:59:55,AAPL,142.6,200,YieldingYams,WavyWalnuts,buy
2026-07-02T10:00:05.396140+00:00,19:59:55,ASML_202706_F,120.0,13,Sze-Yong Ng,DownrightDogfish,sell
2026-07-02T10:00:05.396140+00:00,19:59:55,ASML_202706_F,119.8,37,CapableCoyotes,DownrightDogfish,sell
2026-07-02T10:00:05.396140+00:00,19:59:55,SAP,52.9,200,WavyWalnuts,YieldingYams,buy
2026-07-02T10:00:05.396140+00:00,19:59:55,TSLA,9.5,200,WavyWalnuts,YieldingYams,buy
2026-07-02T10:00:05.396140+00:00,19:59:55,ASML_202612_F,118.5,2,Kelvin Chan,CapableCoyotes,buy
2026-07-02T10:00:05.396140+00:00,19:59:55,ASML_202703_F,119.5,1,Kelvin Chan,CapableCoyotes,buy
2026-07-02T10:00:05.396140+00:00,19:59:55,ASML_202706_F,120.3,1,Kelvin Chan,CapableCoyotes,buy
2026-07-02T10:00:05.396140+00:00,19:59:55,SAP_DUAL,53.1,37,GroovyGrapefruits,InfiniteIcecreams,buy
2026-07-02T10:00:05.396140+00:00,19:59:55,SAP_DUAL,53.2,8,GroovyGrapefruits,Kelvin Chan,buy
2026-07-02T10:00:05.396140+00:00,19:59:55,NVDA,58.8,20,YieldingYams,BrilliantBurritos,sell
2026-07-02T10:00:05.396140+00:00,19:59:55,SAP_DUAL,53.1,12,InfiniteIcecreams,Xuanyu Liu,sell
2026-07-02T10:00:05.396140+00:00,19:59:55,SAP,52.9,12,Xuanyu Liu,YieldingYams,buy
2026-07-02T10:00:05.396140+00:00,19:59:55,AAPL,142.6,200,YieldingYams,WavyWalnuts,sell
2026-07-02T10:00:05.396140+00:00,19:59:56,ASML_DUAL,116.7,47,FlawlessFlatbreads,EarnestEspressos,buy
2026-07-02T10:00:05.396140+00:00,19:59:56,ASML_DUAL,117.2,3,FlawlessFlatbreads,Kelvin Chan,buy
2026-07-02T10:00:05.396140+00:00,19:59:56,TSLA,9.5,200,YieldingYams,Sze-Yong Ng,buy
2026-07-02T10:00:05.396140+00:00,19:59:56,ASML_202612_100C,84.1,7,EssentialEagles,Kelvin Chan,buy
2026-07-02T10:00:05.396140+00:00,19:59:56,ASML_202612_100C,84.3,44,EssentialEagles,GenerousGeckos,buy
2026-07-02T10:00:05.396140+00:00,19:59:56,SAP,53.0,200,YieldingYams,Sze-Yong Ng,buy
2026-07-02T10:00:05.396140+00:00,19:59:56,ASML_202612_100P,65.6,7,Kelvin Chan,EssentialEagles,sell
2026-07-02T10:00:05.396140+00:00,19:59:56,ASML_202612_100P,65.4,43,FortunateFerrets,EssentialEagles,sell
2026-07-02T10:00:05.396140+00:00,19:59:56,OB5X_ETF,54.8,500,NecessaryNutmegs,LivelyLasagnas,buy
2026-07-02T10:00:05.396140+00:00,19:59:56,OB5X_202612_080C,148.3,7,Kelvin Chan,ScholarlySpearmints,sell
2026-07-02T10:00:05.396140+00:00,19:59:56,OB5X_202612_080C,148.0,49,VersatileVinegars,ScholarlySpearmints,sell
2026-07-02T10:00:05.396140+00:00,19:59:56,SAP,53.0,200,YieldingYams,WavyWalnuts,sell
2026-07-02T10:00:05.396140+00:00,19:59:56,TSLA,9.5,200,YieldingYams,WavyWalnuts,sell
2026-07-02T10:00:05.396140+00:00,19:59:56,OB5X_202612_100P,17.4,2,Kelvin Chan,ScholarlySpearmints,sell
2026-07-02T10:00:05.396140+00:00,19:59:56,OB5X_202612_100P,17.0,44,VersatileVinegars,ScholarlySpearmints,sell
2026-07-02T10:00:05.396140+00:00,19:59:56,OB5X_ETF,54.8,2,MarvelousMilkshakes,Kelvin Chan,buy
2026-07-02T10:00:05.396140+00:00,19:59:56,ASML,116.8,500,AverageAlmonds,YieldingYams,sell
2026-07-02T10:00:05.396140+00:00,19:59:56,ASML,116.7,125,WavyWalnuts,YieldingYams,sell
2026-07-02T10:00:05.396140+00:00,19:59:56,SAP_DUAL,53.1,50,InfiniteIcecreams,JazzyJellies,sell
2026-07-02T10:00:05.396140+00:00,19:59:56,ASML_202612_F,118.7,100,CapableCoyotes,BoundlessBisons,sell
2026-07-02T10:00:05.396140+00:00,19:59:56,ASML_202703_F,119.7,100,CapableCoyotes,BoundlessBisons,sell
2026-07-02T10:00:05.396140+00:00,19:59:57,ASML_202706_F,120.6,100,CapableCoyotes,BoundlessBisons,sell
2026-07-02T10:00:05.396140+00:00,19:59:57,ASML_202612_F,119.0,32,AttentiveAntelopes,Kelvin Chan,buy
2026-07-02T10:00:05.396140+00:00,19:59:57,ASML_202612_F,119.2,14,AttentiveAntelopes,Sze-Yong Ng,buy
2026-07-02T10:00:05.396140+00:00,19:59:57,ASML_202612_F,119.2,8,AttentiveAntelopes,Sze-Yong Ng,buy
2026-07-02T10:00:05.396140+00:00,19:59:57,ASML_202612_F,118.7,50,CapableCoyotes,AttentiveAntelopes,sell
2026-07-02T10:00:05.396140+00:00,19:59:57,ASML_202612_F,118.7,1,Kelvin Chan,AttentiveAntelopes,sell
2026-07-02T10:00:05.396140+00:00,19:59:57,ASML_202703_F,119.7,44,CapableCoyotes,AttentiveAntelopes,sell
2026-07-02T10:00:05.396140+00:00,19:59:57,ASML_202612_F,118.1,50,BoundlessBisons,DownrightDogfish,sell
2026-07-02T10:00:05.396140+00:00,19:59:57,OB5X_ETF,54.8,203,MarvelousMilkshakes,KindlyKales,sell
2026-07-02T10:00:05.396140+00:00,19:59:57,ASML_202706_F,120.6,40,CapableCoyotes,AttentiveAntelopes,sell
2026-07-02T10:00:05.396140+00:00,19:59:57,OB5X_202706_F,225.8,50,RadiantRisottos,QuirkyQuinoas,buy
2026-07-02T10:00:05.396140+00:00,19:59:57,OB5X_202612_F,219.9,47,OriginalOlives,PowerfulPineapples,buy
2026-07-02T10:00:05.396140+00:00,19:59:57,ASML_202612_100C,84.1,6,EssentialEagles,Kelvin Chan,buy
2026-07-02T10:00:05.396140+00:00,19:59:57,ASML_202612_100C,84.3,6,EssentialEagles,GenerousGeckos,buy
2026-07-02T10:00:05.396140+00:00,19:59:57,ASML_202612_100C,84.4,30,EssentialEagles,FortunateFerrets,buy
2026-07-02T10:00:05.396140+00:00,19:59:57,ASML_202703_F,119.7,6,CapableCoyotes,DownrightDogfish,sell
2026-07-02T10:00:05.396140+00:00,19:59:57,ASML_202703_F,119.6,1,Kelvin Chan,DownrightDogfish,sell
2026-07-02T10:00:05.396140+00:00,19:59:57,ASML_202703_F,119.0,43,BoundlessBisons,DownrightDogfish,sell
2026-07-02T10:00:05.396140+00:00,19:59:57,TSLA,9.5,200,Sze-Yong Ng,YieldingYams,sell
2026-07-02T10:00:05.396140+00:00,19:59:57,TSLA,9.4,200,WavyWalnuts,YieldingYams,sell
2026-07-02T10:00:05.396140+00:00,19:59:57,TSLA,9.4,225,AverageAlmonds,YieldingYams,sell
2026-07-02T10:00:05.396140+00:00,19:59:57,OB5X_202703_F,222.1,50,RadiantRisottos,PowerfulPineapples,buy
2026-07-02T10:00:05.396140+00:00,19:59:57,ASML_202706_F,120.6,10,CapableCoyotes,DownrightDogfish,sell
2026-07-02T10:00:05.396140+00:00,19:59:57,ASML_202706_F,120.5,1,Kelvin Chan,DownrightDogfish,sell
2026-07-02T10:00:05.396140+00:00,19:59:57,ASML_202706_F,119.9,39,BoundlessBisons,DownrightDogfish,sell
2026-07-02T10:00:05.396140+00:00,19:59:57,SAP,52.9,200,Sze-Yong Ng,YieldingYams,sell
2026-07-02T10:00:05.396140+00:00,19:59:57,OB5X_202612_F,219.9,50,RadiantRisottos,PowerfulPineapples,buy
2026-07-02T10:00:05.396140+00:00,19:59:57,OB5X_202612_120C,124.3,8,Kelvin Chan,ScholarlySpearmints,sell
2026-07-02T10:00:05.396140+00:00,19:59:57,OB5X_202612_120C,123.7,39,TactfulTangerines,ScholarlySpearmints,sell
2026-07-02T10:00:05.396140+00:00,19:59:57,OB5X_202612_080P,10.8,7,ScholarlySpearmints,Kelvin Chan,buy
2026-07-02T10:00:05.396140+00:00,19:59:57,OB5X_202612_080P,10.8,40,ScholarlySpearmints,TactfulTangerines,buy
2026-07-02T10:00:05.396140+00:00,19:59:57,SAP,52.9,200,WavyWalnuts,YieldingYams,buy
2026-07-02T10:00:05.396140+00:00,19:59:57,AAPL,142.6,200,WavyWalnuts,YieldingYams,sell
2026-07-02T10:00:05.396140+00:00,19:59:57,ASML,116.9,200,WavyWalnuts,YieldingYams,sell
2026-07-02T10:00:05.396140+00:00,19:59:57,ASML_DUAL,116.9,3,EarnestEspressos,Xuanyu Liu,sell
2026-07-02T10:00:05.396140+00:00,19:59:57,ASML,116.8,3,Xuanyu Liu,YieldingYams,buy
2026-07-02T10:00:05.396140+00:00,19:59:57,ASML_DUAL,116.9,25,EarnestEspressos,Lachlan Han,sell
2026-07-02T10:00:05.396140+00:00,19:59:57,ASML,116.8,25,Lachlan Han,YieldingYams,buy
2026-07-02T10:00:05.396140+00:00,19:59:58,TSLA,9.5,20,BrilliantBurritos,WavyWalnuts,buy
2026-07-02T10:00:05.396140+00:00,19:59:58,AAPL,142.5,200,Sze-Yong Ng,YieldingYams,buy
2026-07-02T10:00:05.396140+00:00,19:59:58,ASML_DUAL,116.9,25,EarnestEspressos,Lachlan Han,sell
2026-07-02T10:00:05.396140+00:00,19:59:58,ASML_DUAL,117.1,50,FlawlessFlatbreads,DiligentDonuts,buy
2026-07-02T10:00:05.396140+00:00,19:59:58,ASML,116.8,25,Lachlan Han,YieldingYams,buy
2026-07-02T10:00:05.396140+00:00,19:59:58,ASML,116.7,1,Kelvin Chan,BrilliantBurritos,sell
2026-07-02T10:00:05.396140+00:00,19:59:58,ASML,116.7,19,AverageAlmonds,BrilliantBurritos,sell
2026-07-02T10:00:05.396140+00:00,19:59:58,ASML_202612_100C,83.9,1,Kelvin Chan,EssentialEagles,sell
2026-07-02T10:00:05.396140+00:00,19:59:58,ASML_202612_100C,83.6,10,GenerousGeckos,EssentialEagles,sell
2026-07-02T10:00:05.396140+00:00,19:59:58,ASML_202612_100C,83.5,44,FortunateFerrets,EssentialEagles,sell
2026-07-02T10:00:05.396140+00:00,19:59:58,ASML_DUAL,116.9,25,EarnestEspressos,Lachlan Han,sell
2026-07-02T10:00:05.396140+00:00,19:59:58,ASML,116.8,25,Lachlan Han,YieldingYams,buy
2026-07-02T10:00:05.396140+00:00,19:59:58,SAP_DUAL,53.1,50,InfiniteIcecreams,GroovyGrapefruits,sell
2026-07-02T10:00:05.396140+00:00,19:59:58,ASML_202612_050C,94.7,7,EssentialEagles,Kelvin Chan,buy
2026-07-02T10:00:05.396140+00:00,19:59:58,NVDA,59.0,180,YieldingYams,Sze-Yong Ng,buy
2026-07-02T10:00:05.396140+00:00,19:59:58,ASML_202612_050P,27.3,1,EssentialEagles,Kelvin Chan,buy
2026-07-02T10:00:05.396140+00:00,19:59:58,ASML_202612_050P,27.3,46,EssentialEagles,GenerousGeckos,buy
2026-07-02T10:00:05.396140+00:00,19:59:58,ASML_DUAL,116.9,25,EarnestEspressos,Lachlan Han,sell
2026-07-02T10:00:05.396140+00:00,19:59:58,ASML,116.8,25,Lachlan Han,YieldingYams,buy
2026-07-02T10:00:05.396140+00:00,19:59:58,OB5X_202706_F,225.5,22,Kelvin Chan,OriginalOlives,sell
2026-07-02T10:00:05.396140+00:00,19:59:58,TSLA,9.5,180,YieldingYams,WavyWalnuts,buy
2026-07-02T10:00:05.396140+00:00,19:59:58,TSLA,9.6,200,YieldingYams,Sze-Yong Ng,buy
2026-07-02T10:00:05.396140+00:00,19:59:58,TSLA,9.6,245,YieldingYams,AverageAlmonds,buy
2026-07-02T10:00:05.396140+00:00,19:59:58,ASML_DUAL,116.9,25,EarnestEspressos,Lachlan Han,sell
2026-07-02T10:00:05.396140+00:00,19:59:58,ASML,116.8,25,Lachlan Han,YieldingYams,buy
2026-07-02T10:00:05.396140+00:00,19:59:58,SAP,53.0,200,YieldingYams,Sze-Yong Ng,buy
2026-07-02T10:00:05.396140+00:00,19:59:58,SAP,53.1,200,YieldingYams,WavyWalnuts,buy
2026-07-02T10:00:05.396140+00:00,19:59:58,SAP_DUAL,52.9,33,Kelvin Chan,JazzyJellies,sell
2026-07-02T10:00:05.396140+00:00,19:59:58,SAP_DUAL,52.8,17,HomelyHerrings,JazzyJellies,sell
2026-07-02T10:00:05.396140+00:00,19:59:58,SAP,53.1,200,YieldingYams,WavyWalnuts,sell
2026-07-02T10:00:05.396140+00:00,19:59:58,SAP_DUAL,53.1,13,Xuanyu Liu,InfiniteIcecreams,buy
2026-07-02T10:00:05.396140+00:00,19:59:58,SAP,53.1,13,YieldingYams,Xuanyu Liu,sell
2026-07-02T10:00:05.396140+00:00,19:59:58,TSLA,9.6,200,WavyWalnuts,AverageAlmonds,buy
2026-07-02T10:00:05.396140+00:00,19:59:59,ASML_DUAL,116.9,22,EarnestEspressos,Lachlan Han,sell
2026-07-02T10:00:05.396140+00:00,19:59:59,ASML,116.8,22,Lachlan Han,YieldingYams,buy
2026-07-02T10:00:05.396140+00:00,19:59:59,OB5X_202612_120C,124.2,7,Kelvin Chan,ScholarlySpearmints,sell
2026-07-02T10:00:05.396140+00:00,19:59:59,OB5X_202612_120C,123.6,48,VersatileVinegars,ScholarlySpearmints,sell
2026-07-02T10:00:09.132198+00:00,19:59:59,OB5X_ETF,54.8,236,MarvelousMilkshakes,KindlyKales,sell
2026-07-02T10:00:09.132198+00:00,19:59:59,ASML_202612_F,118.7,11,Kelvin Chan,CapableCoyotes,sell
2026-07-02T10:00:09.132198+00:00,19:59:59,OB5X_202706_F,225.8,13,PowerfulPineapples,Kelvin Chan,buy
2026-07-02T10:00:09.132198+00:00,19:59:59,OB5X_202612_100P,17.5,2,Kelvin Chan,ScholarlySpearmints,sell
2026-07-02T10:00:09.132198+00:00,19:59:59,OB5X_202612_100P,17.0,38,VersatileVinegars,ScholarlySpearmints,sell
2026-07-02T10:00:09.132198+00:00,19:59:59,ASML_202703_F,119.6,10,Kelvin Chan,CapableCoyotes,sell
2026-07-02T10:00:09.132198+00:00,19:59:59,NVDA,59.1,200,WavyWalnuts,YieldingYams,buy
2026-07-02T10:00:09.132198+00:00,19:59:59,ASML,116.8,20,BrilliantBurritos,WavyWalnuts,buy
2026-07-02T10:00:09.132198+00:00,19:59:59,OB5X_202706_F,225.8,15,PowerfulPineapples,Kelvin Chan,sell
2026-07-02T10:00:09.132198+00:00,19:59:59,SAP_DUAL,53.1,44,GroovyGrapefruits,InfiniteIcecreams,buy
2026-07-02T10:00:09.132198+00:00,19:59:59,ASML_202706_F,120.5,7,Kelvin Chan,CapableCoyotes,sell
2026-07-02T10:00:09.132198+00:00,19:59:59,OB5X_202706_F,225.8,12,PowerfulPineapples,Kelvin Chan,sell
2026-07-02T10:00:09.132198+00:00,19:59:59,ASML_202612_F,118.2,7,Kelvin Chan,CapableCoyotes,buy
2026-07-02T10:00:09.132198+00:00,19:59:59,ASML_202703_F,119.1,6,Kelvin Chan,CapableCoyotes,buy
2026-07-02T10:00:09.132198+00:00,20:00:00,TSLA,9.5,500,AverageAlmonds,YieldingYams,sell
2026-07-02T10:00:09.132198+00:00,20:00:00,TSLA,9.5,125,Sze-Yong Ng,YieldingYams,sell
2026-07-02T10:00:09.132198+00:00,20:00:00,TSLA,9.6,200,WavyWalnuts,AverageAlmonds,buy
2026-07-02T10:00:09.132198+00:00,20:00:00,SAP,53.0,200,Sze-Yong Ng,YieldingYams,sell
2026-07-02T10:00:09.132198+00:00,20:00:00,SAP,53.0,200,WavyWalnuts,YieldingYams,sell
2026-07-02T10:00:09.132198+00:00,20:00:00,ASML_202612_F,118.2,100,BoundlessBisons,CapableCoyotes,buy
2026-07-02T10:00:09.132198+00:00,20:00:00,NVDA,58.9,20,Kelvin Chan,BrilliantBurritos,sell
2026-07-02T10:00:09.132198+00:00,20:00:00,OB5X_ETF,54.9,214,KindlyKales,LivelyLasagnas,buy
2026-07-02T10:00:09.132198+00:00,20:00:00,ASML_DUAL,117.1,50,FlawlessFlatbreads,DiligentDonuts,buy
2026-07-02T10:00:09.132198+00:00,20:00:00,ASML_DUAL,116.7,3,Xuanyu Liu,EarnestEspressos,buy
2026-07-02T10:00:09.132198+00:00,20:00:00,ASML,116.7,2,Kelvin Chan,Xuanyu Liu,sell
2026-07-02T10:00:09.132198+00:00,20:00:00,ASML,116.7,1,YieldingYams,Xuanyu Liu,sell
2026-07-02T10:00:09.132198+00:00,20:00:00,OB5X_202706_F,226.2,57,OriginalOlives,QuirkyQuinoas,buy
2026-07-02T10:00:09.132198+00:00,20:00:00,ASML_202703_F,119.1,100,BoundlessBisons,CapableCoyotes,buy
2026-07-02T10:00:09.132198+00:00,20:00:00,OB5X_ETF,54.9,286,NecessaryNutmegs,LivelyLasagnas,buy
2026-07-02T10:00:09.132198+00:00,20:00:00,OB5X_ETF,54.9,214,NecessaryNutmegs,MarvelousMilkshakes,buy
2026-07-02T10:00:09.132198+00:00,20:00:00,ASML_202706_F,120.0,100,BoundlessBisons,CapableCoyotes,buy
2026-07-02T10:00:09.132198+00:00,20:00:00,ASML_202612_F,118.2,4,Kelvin Chan,CapableCoyotes,buy
2026-07-02T10:00:09.132198+00:00,20:00:00,ASML_202612_100C,84.1,6,EssentialEagles,Kelvin Chan,buy
2026-07-02T10:00:09.132198+00:00,20:00:00,ASML_202612_100C,84.2,34,EssentialEagles,FortunateFerrets,buy
2026-07-02T10:00:09.132198+00:00,20:00:00,OB5X_202612_080C,148.9,43,ScholarlySpearmints,VersatileVinegars,buy
2026-07-02T10:00:09.132198+00:00,20:00:00,TSLA,9.5,20,AverageAlmonds,BrilliantBurritos,sell
2026-07-02T10:00:09.132198+00:00,20:00:00,OB5X_202612_080C,148.3,6,Kelvin Chan,ScholarlySpearmints,sell
2026-07-02T10:00:09.132198+00:00,20:00:00,ASML_202612_F,118.2,4,Kelvin Chan,CapableCoyotes,buy
2026-07-02T10:00:09.132198+00:00,20:00:00,ASML_202703_F,119.1,4,Kelvin Chan,CapableCoyotes,buy
2026-07-02T10:00:09.132198+00:00,20:00:00,NVDA,59.1,200,WavyWalnuts,YieldingYams,buy
2026-07-02T10:00:09.132198+00:00,20:00:00,OB5X_202612_080C,148.3,9,Kelvin Chan,ScholarlySpearmints,buy
2026-07-02T10:00:09.132198+00:00,20:00:00,ASML_202612_F,118.2,2,Kelvin Chan,CapableCoyotes,buy
2026-07-02T10:00:09.132198+00:00,20:00:00,ASML_202703_F,119.1,2,Kelvin Chan,CapableCoyotes,buy
2026-07-02T10:00:09.132198+00:00,20:00:00,SAP_DUAL,53.1,50,JazzyJellies,InfiniteIcecreams,buy
2026-07-02T10:00:09.132198+00:00,20:00:01,ASML_DUAL,116.6,48,DiligentDonuts,CostlyCorianders,sell
2026-07-02T10:00:09.132198+00:00,20:00:01,NVDA,59.1,20,YieldingYams,Kelvin Chan,buy
2026-07-02T10:00:09.132198+00:00,20:00:01,NVDA,59.1,500,YieldingYams,AverageAlmonds,buy
2026-07-02T10:00:09.132198+00:00,20:00:01,OB5X_202612_080C,148.3,8,Kelvin Chan,ScholarlySpearmints,buy
2026-07-02T10:00:09.132198+00:00,20:00:01,OB5X_202612_080C,148.3,7,Kelvin Chan,ScholarlySpearmints,buy
2026-07-02T10:00:09.132198+00:00,20:00:01,NVDA,59.1,105,YieldingYams,AverageAlmonds,sell
2026-07-02T10:00:09.132198+00:00,20:00:01,SAP,53.0,200,WavyWalnuts,YieldingYams,buy
2026-07-02T10:00:09.132198+00:00,20:00:01,OB5X_202612_080C,148.3,7,Kelvin Chan,ScholarlySpearmints,buy
2026-07-02T10:00:09.132198+00:00,20:00:01,TSLA,9.5,200,AverageAlmonds,WavyWalnuts,sell
2026-07-02T10:00:09.132198+00:00,20:00:01,TSLA,9.6,125,YieldingYams,Sze-Yong Ng,buy
2026-07-02T10:00:09.132198+00:00,20:00:01,TSLA,9.6,500,YieldingYams,AverageAlmonds,buy
2026-07-02T10:00:09.132198+00:00,20:00:01,OB5X_202612_080C,148.3,6,Kelvin Chan,ScholarlySpearmints,buy
2026-07-02T10:00:09.132198+00:00,20:00:01,SAP,53.1,200,YieldingYams,Sze-Yong Ng,buy
2026-07-02T10:00:09.132198+00:00,20:00:01,SAP,53.1,200,YieldingYams,WavyWalnuts,buy
2026-07-02T10:00:09.132198+00:00,20:00:01,SAP,53.2,36,YieldingYams,Kelvin Chan,buy
2026-07-02T10:00:09.132198+00:00,20:00:01,SAP,53.2,189,YieldingYams,AverageAlmonds,buy
2026-07-02T10:00:09.132198+00:00,20:00:01,ASML_202612_100C,83.4,59,FortunateFerrets,EssentialEagles,sell
2026-07-02T10:00:09.132198+00:00,20:00:01,OB5X_202612_080C,148.3,2,Kelvin Chan,ScholarlySpearmints,buy
2026-07-02T10:00:09.132198+00:00,20:00:01,ASML_202612_F,118.2,1,Kelvin Chan,CapableCoyotes,buy
2026-07-02T10:00:09.132198+00:00,20:00:01,ASML_202703_F,119.1,1,Kelvin Chan,CapableCoyotes,buy
2026-07-02T10:00:09.132198+00:00,20:00:01,ASML_202612_F,118.0,22,Sze-Yong Ng,DownrightDogfish,sell
2026-07-02T10:00:09.132198+00:00,20:00:01,ASML_202612_F,117.7,28,CapableCoyotes,DownrightDogfish,sell
2026-07-02T10:00:09.132198+00:00,20:00:01,ASML,116.7,20,BrilliantBurritos,WavyWalnuts,buy
2026-07-02T10:00:09.132198+00:00,20:00:02,NVDA,59.1,20,BrilliantBurritos,AverageAlmonds,buy
2026-07-02T10:00:09.132198+00:00,20:00:02,OB5X_202706_F,225.8,50,PowerfulPineapples,RadiantRisottos,sell
2026-07-02T10:00:09.132198+00:00,20:00:02,ASML_202703_F,118.6,50,CapableCoyotes,DownrightDogfish,sell
2026-07-02T10:00:09.132198+00:00,20:00:02,OB5X_202612_120C,124.2,5,Kelvin Chan,ScholarlySpearmints,sell
2026-07-02T10:00:09.132198+00:00,20:00:02,ASML_202706_F,119.5,50,CapableCoyotes,DownrightDogfish,sell
2026-07-02T10:00:09.132198+00:00,20:00:02,OB5X_202612_F,219.9,50,PowerfulPineapples,RadiantRisottos,sell
2026-07-02T10:00:09.132198+00:00,20:00:02,OB5X_202612_080C,148.9,7,ScholarlySpearmints,VersatileVinegars,buy
2026-07-02T10:00:09.132198+00:00,20:00:02,OB5X_202612_080C,149.0,4,ScholarlySpearmints,Kelvin Chan,buy
2026-07-02T10:00:09.132198+00:00,20:00:02,OB5X_202612_080C,149.0,42,ScholarlySpearmints,TactfulTangerines,buy
2026-07-02T10:00:09.132198+00:00,20:00:02,NVDA,59.0,200,WavyWalnuts,YieldingYams,sell
2026-07-02T10:00:09.132198+00:00,20:00:02,NVDA,58.9,160,Kelvin Chan,YieldingYams,sell
2026-07-02T10:00:09.132198+00:00,20:00:02,NVDA,58.9,200,Sze-Yong Ng,YieldingYams,sell
2026-07-02T10:00:09.132198+00:00,20:00:02,ASML_DUAL,116.7,50,FlawlessFlatbreads,EarnestEspressos,buy
2026-07-02T10:00:09.132198+00:00,20:00:02,OB5X_202612_100C,135.7,1,ScholarlySpearmints,Kelvin Chan,buy
2026-07-02T10:00:09.132198+00:00,20:00:02,OB5X_202612_100C,135.8,48,ScholarlySpearmints,VersatileVinegars,buy
2026-07-02T10:00:09.132198+00:00,20:00:02,TSLA,9.5,200,Sze-Yong Ng,WavyWalnuts,sell
2026-07-02T10:00:09.132198+00:00,20:00:02,OB5X_202612_100C,135.1,5,Kelvin Chan,ScholarlySpearmints,sell
2026-07-02T10:00:09.132198+00:00,20:00:02,OB5X_ETF,54.9,500,NecessaryNutmegs,MarvelousMilkshakes,buy
2026-07-02T10:00:09.132198+00:00,20:00:02,SAP,53.1,500,YieldingYams,AverageAlmonds,buy
2026-07-02T10:00:09.132198+00:00,20:00:02,SAP,53.1,125,YieldingYams,WavyWalnuts,buy
2026-07-02T10:00:09.132198+00:00,20:00:03,SAP_DUAL,53.3,35,JazzyJellies,Kelvin Chan,buy
2026-07-02T10:00:09.132198+00:00,20:00:03,SAP_DUAL,53.6,15,JazzyJellies,InfiniteIcecreams,buy
2026-07-02T10:00:09.132198+00:00,20:00:03,ASML,116.6,1,Kelvin Chan,WavyWalnuts,sell
2026-07-02T10:00:09.132198+00:00,20:00:03,ASML,116.6,199,AverageAlmonds,WavyWalnuts,sell
2026-07-02T10:00:09.132198+00:00,20:00:03,OB5X_ETF,54.8,205,LivelyLasagnas,KindlyKales,sell
2026-07-02T10:00:09.132198+00:00,20:00:03,SAP,52.9,20,WavyWalnuts,BrilliantBurritos,sell
2026-07-02T10:00:09.132198+00:00,20:00:03,OB5X_202612_100C,135.0,5,Kelvin Chan,ScholarlySpearmints,buy
2026-07-02T10:00:09.132198+00:00,20:00:03,OB5X_202612_100C,135.0,5,Kelvin Chan,ScholarlySpearmints,buy
2026-07-02T10:00:09.132198+00:00,20:00:03,NVDA,59.0,200,YieldingYams,Sze-Yong Ng,buy
2026-07-02T10:00:09.132198+00:00,20:00:03,NVDA,59.0,160,YieldingYams,Kelvin Chan,buy
2026-07-02T10:00:09.132198+00:00,20:00:03,NVDA,59.0,200,YieldingYams,WavyWalnuts,buy
2026-07-02T10:00:09.132198+00:00,20:00:03,NVDA,59.1,65,YieldingYams,AverageAlmonds,buy
2026-07-02T10:00:09.132198+00:00,20:00:03,SAP,53.1,200,WavyWalnuts,AverageAlmonds,buy
2026-07-02T10:00:09.132198+00:00,20:00:03,TSLA,9.6,200,WavyWalnuts,YieldingYams,buy
2026-07-02T10:00:09.132198+00:00,20:00:03,OB5X_202612_100C,135.0,5,Kelvin Chan,ScholarlySpearmints,buy
2026-07-02T10:00:09.132198+00:00,20:00:03,ASML_202612_100C,84.1,8,EssentialEagles,Kelvin Chan,buy
2026-07-02T10:00:09.132198+00:00,20:00:03,ASML_202612_100C,84.2,34,EssentialEagles,FortunateFerrets,buy
2026-07-02T10:00:09.132198+00:00,20:00:03,OB5X_202612_080C,148.3,4,Kelvin Chan,ScholarlySpearmints,sell
2026-07-02T10:00:09.132198+00:00,20:00:03,OB5X_202612_080C,148.2,37,VersatileVinegars,ScholarlySpearmints,sell
2026-07-02T10:00:09.132198+00:00,20:00:04,TSLA,9.6,200,YieldingYams,Sze-Yong Ng,buy
2026-07-02T10:00:09.132198+00:00,20:00:04,TSLA,9.6,425,YieldingYams,AverageAlmonds,buy
2026-07-02T10:00:09.132198+00:00,20:00:04,SAP_DUAL,53.1,8,InfiniteIcecreams,Xuanyu Liu,sell
2026-07-02T10:00:09.132198+00:00,20:00:04,SAP,53.0,8,Xuanyu Liu,YieldingYams,buy
2026-07-02T10:00:09.132198+00:00,20:00:04,ASML_202612_F,118.2,50,DownrightDogfish,BoundlessBisons,buy
2026-07-02T10:00:09.132198+00:00,20:00:04,ASML_202703_F,119.1,50,DownrightDogfish,BoundlessBisons,buy
2026-07-02T10:00:09.132198+00:00,20:00:04,ASML_202706_F,120.1,50,DownrightDogfish,BoundlessBisons,buy
2026-07-02T10:00:09.132198+00:00,20:00:04,ASML_DUAL,116.9,50,FlawlessFlatbreads,EarnestEspressos,buy
2026-07-02T10:00:09.132198+00:00,20:00:04,OB5X_202612_F,219.8,12,Kelvin Chan,RadiantRisottos,sell
2026-07-02T10:00:09.132198+00:00,20:00:04,OB5X_ETF,54.8,500,MarvelousMilkshakes,NecessaryNutmegs,sell
2026-07-02T10:00:09.132198+00:00,20:00:04,ASML_202703_F,119.1,50,AttentiveAntelopes,BoundlessBisons,buy
2026-07-02T10:00:09.132198+00:00,20:00:04,ASML_202703_F,119.1,4,AttentiveAntelopes,Sze-Yong Ng,buy
2026-07-02T10:00:09.132198+00:00,20:00:04,ASML_202612_075P,45.6,6,Kelvin Chan,EssentialEagles,sell
2026-07-02T10:00:09.132198+00:00,20:00:04,ASML_202612_075P,45.4,47,FortunateFerrets,EssentialEagles,sell
2026-07-02T10:00:09.132198+00:00,20:00:05,SAP,53.0,200,WavyWalnuts,YieldingYams,buy
2026-07-02T10:00:09.132198+00:00,20:00:05,TSLA,9.5,200,AverageAlmonds,WavyWalnuts,sell
2026-07-02T10:00:09.132198+00:00,20:00:05,ASML_202612_100P,65.6,6,Kelvin Chan,EssentialEagles,sell
2026-07-02T10:00:09.132198+00:00,20:00:05,ASML_202612_100P,65.4,44,FortunateFerrets,EssentialEagles,sell
2026-07-02T10:00:09.132198+00:00,20:00:05,OB5X_202612_120P,25.7,3,Kelvin Chan,ScholarlySpearmints,sell
2026-07-02T10:00:09.132198+00:00,20:00:05,TSLA,9.5,300,AverageAlmonds,YieldingYams,sell
2026-07-02T10:00:09.132198+00:00,20:00:05,TSLA,9.5,200,Sze-Yong Ng,YieldingYams,sell
2026-07-02T10:00:09.132198+00:00,20:00:05,OB5X_202612_120P,25.6,9,Kelvin Chan,ScholarlySpearmints,buy
2026-07-02T10:00:09.132198+00:00,20:00:05,SAP,53.1,500,YieldingYams,AverageAlmonds,buy
2026-07-02T10:00:12.894041+00:00,20:00:05,OB5X_202612_120P,25.6,8,Kelvin Chan,ScholarlySpearmints,buy
2026-07-02T10:00:12.894041+00:00,20:00:05,TSLA,9.5,125,AverageAlmonds,YieldingYams,buy
2026-07-02T10:00:12.894041+00:00,20:00:05,SAP,53.1,125,YieldingYams,AverageAlmonds,sell
2026-07-02T10:00:12.894041+00:00,20:00:05,OB5X_202612_120P,25.6,8,Kelvin Chan,ScholarlySpearmints,buy
2026-07-02T10:00:12.894041+00:00,20:00:05,AAPL,142.4,200,WavyWalnuts,YieldingYams,sell
2026-07-02T10:00:12.894041+00:00,20:00:05,OB5X_202612_120P,25.6,7,Kelvin Chan,ScholarlySpearmints,buy
2026-07-02T10:00:12.894041+00:00,20:00:05,ASML_202612_F,118.2,4,Kelvin Chan,BoundlessBisons,buy
2026-07-02T10:00:12.894041+00:00,20:00:05,SAP_DUAL,53.1,55,InfiniteIcecreams,GroovyGrapefruits,sell
2026-07-02T10:00:12.894041+00:00,20:00:05,OB5X_ETF,54.9,235,KindlyKales,LivelyLasagnas,buy
2026-07-02T10:00:12.894041+00:00,20:00:05,ASML_DUAL,116.9,48,CostlyCorianders,EarnestEspressos,buy
2026-07-02T10:00:12.894041+00:00,20:00:05,OB5X_202612_120P,25.6,7,Kelvin Chan,ScholarlySpearmints,buy
2026-07-02T10:00:12.894041+00:00,20:00:06,ASML_202612_100P,66.0,50,EssentialEagles,GenerousGeckos,buy
2026-07-02T10:00:12.894041+00:00,20:00:06,ASML_202612_100P,66.1,5,EssentialEagles,FortunateFerrets,buy
2026-07-02T10:00:12.894041+00:00,20:00:06,TSLA,9.6,200,WavyWalnuts,Sze-Yong Ng,buy
2026-07-02T10:00:12.894041+00:00,20:00:06,ASML_202612_100P,65.6,8,Kelvin Chan,EssentialEagles,sell
2026-07-02T10:00:12.894041+00:00,20:00:06,ASML_202612_100P,65.4,37,FortunateFerrets,EssentialEagles,sell
2026-07-02T10:00:12.894041+00:00,20:00:06,ASML_202703_F,119.1,60,CapableCoyotes,Sze-Yong Ng,buy
2026-07-02T10:00:12.894041+00:00,20:00:06,ASML_202612_F,118.2,46,DownrightDogfish,BoundlessBisons,buy
2026-07-02T10:00:12.894041+00:00,20:00:06,ASML_202612_F,118.6,4,DownrightDogfish,Sze-Yong Ng,buy
2026-07-02T10:00:12.894041+00:00,20:00:06,TSLA,9.5,20,AverageAlmonds,BrilliantBurritos,sell
2026-07-02T10:00:12.894041+00:00,20:00:06,ASML_DUAL,117.0,5,FlawlessFlatbreads,Kelvin Chan,buy
2026-07-02T10:00:12.894041+00:00,20:00:06,ASML_DUAL,117.1,45,FlawlessFlatbreads,DiligentDonuts,buy
2026-07-02T10:00:12.894041+00:00,20:00:06,TSLA,9.6,500,YieldingYams,AverageAlmonds,buy
2026-07-02T10:00:12.894041+00:00,20:00:06,TSLA,9.7,125,YieldingYams,WavyWalnuts,buy
2026-07-02T10:00:12.894041+00:00,20:00:06,ASML_202703_F,119.1,54,CapableCoyotes,AttentiveAntelopes,sell
2026-07-02T10:00:12.894041+00:00,20:00:06,OB5X_202706_F,225.7,50,QuirkyQuinoas,RadiantRisottos,sell
2026-07-02T10:00:12.894041+00:00,20:00:06,ASML_202706_F,120.1,50,DownrightDogfish,BoundlessBisons,buy
2026-07-02T10:00:12.894041+00:00,20:00:06,OB5X_202703_F,222.0,50,QuirkyQuinoas,RadiantRisottos,sell
2026-07-02T10:00:12.894041+00:00,20:00:06,ASML_202706_F,120.1,5,Kelvin Chan,Sze-Yong Ng,buy
2026-07-02T10:00:12.894041+00:00,20:00:06,AAPL,142.4,200,WavyWalnuts,YieldingYams,buy
2026-07-02T10:00:12.894041+00:00,20:00:06,OB5X_202612_F,219.8,50,QuirkyQuinoas,RadiantRisottos,sell
2026-07-02T10:00:12.894041+00:00,20:00:06,ASML_DUAL,116.8,44,EarnestEspressos,CostlyCorianders,sell
2026-07-02T10:00:12.894041+00:00,20:00:06,OB5X_ETF,54.7,500,LivelyLasagnas,NecessaryNutmegs,sell
2026-07-02T10:00:12.894041+00:00,20:00:07,ASML,116.7,500,AverageAlmonds,YieldingYams,sell
2026-07-02T10:00:12.894041+00:00,20:00:07,ASML,116.6,125,WavyWalnuts,YieldingYams,sell
2026-07-02T10:00:12.894041+00:00,20:00:07,ASML_202612_075P,46.0,54,EssentialEagles,FortunateFerrets,buy
2026-07-02T10:00:12.894041+00:00,20:00:07,ASML_202612_100P,66.1,59,EssentialEagles,FortunateFerrets,buy
2026-07-02T10:00:12.894041+00:00,20:00:07,ASML_202706_F,120.1,4,Kelvin Chan,Sze-Yong Ng,buy
2026-07-02T10:00:12.894041+00:00,20:00:07,ASML_202612_050P,27.2,8,Kelvin Chan,EssentialEagles,sell
2026-07-02T10:00:12.894041+00:00,20:00:07,ASML_202612_050P,26.9,49,GenerousGeckos,EssentialEagles,sell
2026-07-02T10:00:12.894041+00:00,20:00:07,ASML_202706_F,120.1,5,Kelvin Chan,Sze-Yong Ng,buy
2026-07-02T10:00:12.894041+00:00,20:00:07,SAP,53.0,200,WavyWalnuts,YieldingYams,buy
2026-07-02T10:00:12.894041+00:00,20:00:07,TSLA,9.6,200,WavyWalnuts,AverageAlmonds,buy
2026-07-02T10:00:12.894041+00:00,20:00:07,ASML_DUAL,117.1,46,CostlyCorianders,DiligentDonuts,buy
2026-07-02T10:00:12.894041+00:00,20:00:07,ASML_202706_F,120.1,4,Kelvin Chan,Sze-Yong Ng,buy
2026-07-02T10:00:12.894041+00:00,20:00:07,ASML_202706_F,120.1,46,BoundlessBisons,Sze-Yong Ng,buy
2026-07-02T10:00:12.894041+00:00,20:00:07,NVDA,58.9,200,WavyWalnuts,YieldingYams,sell
2026-07-02T10:00:12.894041+00:00,20:00:07,OB5X_202703_F,222.0,54,QuirkyQuinoas,OriginalOlives,sell
2026-07-02T10:00:12.894041+00:00,20:00:07,NVDA,58.9,20,BrilliantBurritos,YieldingYams,buy
2026-07-02T10:00:12.894041+00:00,20:00:07,SAP_DUAL,53.1,47,InfiniteIcecreams,GroovyGrapefruits,sell
2026-07-02T10:00:12.894041+00:00,20:00:07,ASML,116.8,200,AverageAlmonds,WavyWalnuts,buy
2026-07-02T10:00:12.894041+00:00,20:00:08,NVDA,58.9,200,WavyWalnuts,YieldingYams,buy
2026-07-02T10:00:12.894041+00:00,20:00:08,AAPL,142.4,200,YieldingYams,WavyWalnuts,sell
2026-07-02T10:00:12.894041+00:00,20:00:08,ASML_DUAL,117.0,5,CostlyCorianders,Kelvin Chan,buy
2026-07-02T10:00:12.894041+00:00,20:00:08,ASML_DUAL,117.1,9,CostlyCorianders,DiligentDonuts,buy
2026-07-02T10:00:12.894041+00:00,20:00:08,ASML_DUAL,117.3,31,CostlyCorianders,EarnestEspressos,buy
2026-07-02T10:00:12.894041+00:00,20:00:08,ASML,116.8,200,AverageAlmonds,WavyWalnuts,sell
2026-07-02T10:00:12.894041+00:00,20:00:08,ASML_202612_075C,88.7,1,Kelvin Chan,EssentialEagles,sell
2026-07-02T10:00:12.894041+00:00,20:00:08,ASML_202612_075C,88.3,40,GenerousGeckos,EssentialEagles,sell
2026-07-02T10:00:12.894041+00:00,20:00:08,ASML_202612_100P,65.8,1,EssentialEagles,Kelvin Chan,buy
2026-07-02T10:00:12.894041+00:00,20:00:08,ASML_DUAL,116.8,47,EarnestEspressos,CostlyCorianders,sell
2026-07-02T10:00:12.894041+00:00,20:00:08,TSLA,9.5,200,Sze-Yong Ng,WavyWalnuts,sell
2026-07-02T10:00:12.894041+00:00,20:00:08,ASML_DUAL,117.0,5,DiligentDonuts,Kelvin Chan,buy
2026-07-02T10:00:12.894041+00:00,20:00:08,ASML_DUAL,117.0,3,DiligentDonuts,Xuanyu Liu,sell
2026-07-02T10:00:12.894041+00:00,20:00:08,ASML,116.9,3,Xuanyu Liu,Kelvin Chan,buy
2026-07-02T10:00:12.894041+00:00,20:00:08,ASML_DUAL,117.0,50,DiligentDonuts,FlawlessFlatbreads,sell
2026-07-02T10:00:12.894041+00:00,20:00:08,ASML_DUAL,117.0,25,DiligentDonuts,Lachlan Han,sell
2026-07-02T10:00:12.894041+00:00,20:00:08,ASML,116.9,7,Lachlan Han,Kelvin Chan,buy
2026-07-02T10:00:12.894041+00:00,20:00:08,ASML,116.9,18,Lachlan Han,YieldingYams,buy
2026-07-02T10:00:12.894041+00:00,20:00:08,NVDA,59.0,500,YieldingYams,AverageAlmonds,buy
2026-07-02T10:00:12.894041+00:00,20:00:09,OB5X_ETF,54.7,500,MarvelousMilkshakes,NecessaryNutmegs,sell
2026-07-02T10:00:12.894041+00:00,20:00:09,ASML_DUAL,117.0,17,DiligentDonuts,Lachlan Han,sell
2026-07-02T10:00:12.894041+00:00,20:00:09,ASML,116.9,17,Lachlan Han,YieldingYams,buy
2026-07-02T10:00:12.894041+00:00,20:00:09,NVDA,59.0,125,YieldingYams,AverageAlmonds,sell
2026-07-02T10:00:12.894041+00:00,20:00:09,TSLA,9.6,200,YieldingYams,Sze-Yong Ng,buy
2026-07-02T10:00:12.894041+00:00,20:00:09,TSLA,9.6,425,YieldingYams,AverageAlmonds,buy
2026-07-02T10:00:12.894041+00:00,20:00:09,OB5X_202703_F,222.3,3,OriginalOlives,Kelvin Chan,buy
2026-07-02T10:00:12.894041+00:00,20:00:09,OB5X_202703_F,222.3,42,OriginalOlives,PowerfulPineapples,buy
2026-07-02T10:00:12.894041+00:00,20:00:09,NVDA,59.0,200,WavyWalnuts,AverageAlmonds,buy
2026-07-02T10:00:16.283763+00:00,20:00:09,SAP_DUAL,52.9,20,Kelvin Chan,JazzyJellies,sell
2026-07-02T10:00:16.283763+00:00,20:00:09,SAP_DUAL,52.8,30,InfiniteIcecreams,JazzyJellies,sell
2026-07-02T10:00:16.283763+00:00,20:00:09,SAP,53.0,200,YieldingYams,WavyWalnuts,sell
2026-07-02T10:00:16.283763+00:00,20:00:09,TSLA,9.5,200,Sze-Yong Ng,WavyWalnuts,sell
2026-07-02T10:00:16.283763+00:00,20:00:10,ASML_DUAL,117.1,5,CostlyCorianders,Kelvin Chan,buy
2026-07-02T10:00:16.283763+00:00,20:00:10,ASML_DUAL,117.2,39,CostlyCorianders,EarnestEspressos,buy
2026-07-02T10:00:16.283763+00:00,20:00:10,ASML,116.9,10,AverageAlmonds,Kelvin Chan,buy
2026-07-02T10:00:16.283763+00:00,20:00:10,ASML,116.9,200,AverageAlmonds,WavyWalnuts,buy
2026-07-02T10:00:16.283763+00:00,20:00:10,ASML,116.9,290,AverageAlmonds,YieldingYams,buy
2026-07-02T10:00:16.283763+00:00,20:00:10,NVDA,58.9,200,WavyWalnuts,YieldingYams,buy
2026-07-02T10:00:16.283763+00:00,20:00:10,SAP,52.9,200,Sze-Yong Ng,YieldingYams,sell
2026-07-02T10:00:16.283763+00:00,20:00:10,SAP,52.9,200,WavyWalnuts,YieldingYams,sell
2026-07-02T10:00:16.283763+00:00,20:00:10,TSLA,9.6,20,BrilliantBurritos,Sze-Yong Ng,buy
2026-07-02T10:00:16.283763+00:00,20:00:10,ASML_DUAL,116.8,1,Kelvin Chan,CostlyCorianders,sell
2026-07-02T10:00:16.283763+00:00,20:00:10,ASML_DUAL,116.7,39,EarnestEspressos,CostlyCorianders,sell
2026-07-02T10:00:16.283763+00:00,20:00:10,ASML_202703_F,119.4,100,BoundlessBisons,CapableCoyotes,buy
2026-07-02T10:00:16.283763+00:00,20:00:11,SAP,52.9,200,WavyWalnuts,YieldingYams,buy
2026-07-02T10:00:16.283763+00:00,20:00:11,TSLA,9.5,200,YieldingYams,WavyWalnuts,sell
2026-07-02T10:00:16.283763+00:00,20:00:11,OB5X_ETF,54.8,500,NecessaryNutmegs,MarvelousMilkshakes,buy
2026-07-02T10:00:16.283763+00:00,20:00:11,ASML_202612_F,118.4,50,BoundlessBisons,DownrightDogfish,sell
2026-07-02T10:00:16.283763+00:00,20:00:11,ASML_202612_100P,65.9,2,EssentialEagles,Kelvin Chan,buy
2026-07-02T10:00:16.283763+00:00,20:00:11,ASML_202706_F,120.2,50,BoundlessBisons,DownrightDogfish,sell
2026-07-02T10:00:16.283763+00:00,20:00:11,NVDA,58.8,20,Kelvin Chan,YieldingYams,sell
2026-07-02T10:00:16.283763+00:00,20:00:11,SAP_DUAL,52.9,42,Kelvin Chan,JazzyJellies,sell
2026-07-02T10:00:16.283763+00:00,20:00:11,SAP_DUAL,52.7,8,HomelyHerrings,JazzyJellies,sell
2026-07-02T10:00:16.283763+00:00,20:00:11,ASML,116.9,9,AverageAlmonds,Kelvin Chan,buy
2026-07-02T10:00:18.393012+00:00,20:00:11,NVDA,58.8,200,WavyWalnuts,YieldingYams,buy
2026-07-02T10:00:18.393012+00:00,20:00:11,AAPL,142.5,200,YieldingYams,WavyWalnuts,sell
2026-07-02T10:00:18.393012+00:00,20:00:11,AAPL,142.7,20,BrilliantBurritos,YieldingYams,buy
2026-07-02T10:00:18.393012+00:00,20:00:11,TSLA,9.5,20,Sze-Yong Ng,YieldingYams,sell
2026-07-02T10:00:18.393012+00:00,20:00:11,TSLA,9.5,500,AverageAlmonds,YieldingYams,sell
2026-07-02T10:00:18.393012+00:00,20:00:11,SAP,53.0,200,YieldingYams,WavyWalnuts,buy
2026-07-02T10:00:18.393012+00:00,20:00:11,SAP,53.0,200,YieldingYams,Sze-Yong Ng,buy
2026-07-02T10:00:18.393012+00:00,20:00:11,SAP,53.1,225,YieldingYams,AverageAlmonds,buy
2026-07-02T10:00:18.393012+00:00,20:00:12,TSLA,9.4,105,AverageAlmonds,YieldingYams,buy
2026-07-02T10:00:18.393012+00:00,20:00:12,TSLA,9.5,200,AverageAlmonds,Sze-Yong Ng,buy
2026-07-02T10:00:18.393012+00:00,20:00:12,ASML,117.0,500,AverageAlmonds,YieldingYams,buy
2026-07-02T10:00:18.393012+00:00,20:00:12,AAPL,142.6,200,YieldingYams,Sze-Yong Ng,sell
2026-07-02T10:00:18.393012+00:00,20:00:12,SAP,52.8,1,Kelvin Chan,WavyWalnuts,sell
2026-07-02T10:00:18.393012+00:00,20:00:12,SAP,52.8,199,AverageAlmonds,WavyWalnuts,sell
2026-07-02T10:00:18.393012+00:00,20:00:12,OB5X_202612_F,220.1,17,OriginalOlives,Kelvin Chan,buy
2026-07-02T10:00:18.393012+00:00,20:00:12,TSLA,9.5,195,AverageAlmonds,WavyWalnuts,sell
2026-07-02T10:00:20.507400+00:00,20:00:12,TSLA,9.5,5,AverageAlmonds,WavyWalnuts,buy
2026-07-02T10:00:20.507400+00:00,20:00:12,NVDA,58.8,200,WavyWalnuts,YieldingYams,buy
2026-07-02T10:00:20.507400+00:00,20:00:12,AAPL,142.6,200,YieldingYams,WavyWalnuts,sell
2026-07-02T10:00:20.507400+00:00,20:00:12,ASML_DUAL,117.1,4,FlawlessFlatbreads,Kelvin Chan,buy
2026-07-02T10:00:20.507400+00:00,20:00:12,ASML_DUAL,117.3,46,FlawlessFlatbreads,DiligentDonuts,buy
2026-07-02T10:00:20.507400+00:00,20:00:13,OB5X_ETF,54.9,210,KindlyKales,LivelyLasagnas,buy
2026-07-02T10:00:20.507400+00:00,20:00:13,OB5X_202612_120C,124.0,3,Kelvin Chan,ScholarlySpearmints,sell
2026-07-02T10:00:20.507400+00:00,20:00:13,OB5X_202612_080C,148.9,5,ScholarlySpearmints,Kelvin Chan,buy
2026-07-02T10:00:20.507400+00:00,20:00:13,OB5X_202612_080C,149.1,50,ScholarlySpearmints,VersatileVinegars,buy
2026-07-02T10:00:20.507400+00:00,20:00:13,OB5X_202612_080C,149.2,1,ScholarlySpearmints,TactfulTangerines,buy
2026-07-02T10:00:20.507400+00:00,20:00:13,OB5X_ETF,54.9,290,NecessaryNutmegs,LivelyLasagnas,buy
2026-07-02T10:00:20.507400+00:00,20:00:13,OB5X_ETF,54.9,210,NecessaryNutmegs,MarvelousMilkshakes,buy
2026-07-02T10:00:20.507400+00:00,20:00:13,OB5X_202612_120C,123.9,7,Kelvin Chan,ScholarlySpearmints,buy
2026-07-02T10:00:20.507400+00:00,20:00:13,OB5X_202612_100C,135.0,3,Kelvin Chan,ScholarlySpearmints,sell
2026-07-02T10:00:20.507400+00:00,20:00:13,OB5X_202612_100C,134.8,46,VersatileVinegars,ScholarlySpearmints,sell
2026-07-02T10:00:20.507400+00:00,20:00:13,OB5X_202612_120C,123.9,7,Kelvin Chan,ScholarlySpearmints,buy
2026-07-02T10:00:20.507400+00:00,20:00:13,ASML_202612_100C,84.0,6,EssentialEagles,Kelvin Chan,buy
2026-07-02T10:00:20.507400+00:00,20:00:13,ASML_202612_100C,84.4,39,EssentialEagles,FortunateFerrets,buy
2026-07-02T10:00:20.507400+00:00,20:00:13,ASML_202612_100P,65.9,2,EssentialEagles,Kelvin Chan,buy
2026-07-02T10:00:20.507400+00:00,20:00:13,SAP,52.9,77,Kelvin Chan,WavyWalnuts,sell
2026-07-02T10:00:20.507400+00:00,20:00:13,SAP,52.9,123,YieldingYams,WavyWalnuts,sell
2026-07-02T10:00:20.507400+00:00,20:00:13,TSLA,9.5,200,Sze-Yong Ng,WavyWalnuts,sell
2026-07-02T10:00:20.507400+00:00,20:00:13,ASML_202612_100P,65.6,6,Kelvin Chan,EssentialEagles,sell
2026-07-02T10:00:20.507400+00:00,20:00:13,ASML_202612_100P,65.3,49,FortunateFerrets,EssentialEagles,sell
2026-07-02T10:00:20.507400+00:00,20:00:13,OB5X_202706_F,226.0,12,OriginalOlives,Kelvin Chan,buy
2026-07-02T10:00:20.507400+00:00,20:00:13,OB5X_202706_F,226.1,34,OriginalOlives,QuirkyQuinoas,buy
2026-07-02T10:00:20.507400+00:00,20:00:13,OB5X_202612_120C,123.9,7,Kelvin Chan,ScholarlySpearmints,buy
2026-07-02T10:00:20.507400+00:00,20:00:13,OB5X_202612_F,220.1,13,OriginalOlives,Kelvin Chan,buy
2026-07-02T10:00:20.507400+00:00,20:00:14,NVDA,58.8,200,WavyWalnuts,YieldingYams,buy
2026-07-02T10:00:20.507400+00:00,20:00:14,ASML,116.9,200,YieldingYams,WavyWalnuts,sell
2026-07-02T10:00:20.507400+00:00,20:00:14,AAPL,142.5,20,YieldingYams,BrilliantBurritos,sell
2026-07-02T10:00:20.507400+00:00,20:00:14,NVDA,58.7,20,Kelvin Chan,BrilliantBurritos,sell
2026-07-02T10:00:20.507400+00:00,20:00:14,OB5X_202612_120C,124.4,4,ScholarlySpearmints,Kelvin Chan,buy
2026-07-02T10:00:20.507400+00:00,20:00:14,OB5X_202612_120C,125.2,37,ScholarlySpearmints,VersatileVinegars,buy
2026-07-02T10:00:20.507400+00:00,20:00:14,ASML_202612_100P,65.7,5,Kelvin Chan,EssentialEagles,sell
2026-07-02T10:00:20.507400+00:00,20:00:14,ASML_202612_100P,65.3,51,FortunateFerrets,EssentialEagles,sell
2026-07-02T10:00:20.507400+00:00,20:00:14,SAP,52.9,200,YieldingYams,WavyWalnuts,sell
2026-07-02T10:00:20.507400+00:00,20:00:15,ASML_DUAL,117.1,3,FlawlessFlatbreads,Kelvin Chan,buy
2026-07-02T10:00:20.507400+00:00,20:00:15,ASML_DUAL,117.3,47,FlawlessFlatbreads,EarnestEspressos,buy
2026-07-02T10:00:20.507400+00:00,20:00:15,ASML_DUAL,117.0,43,DiligentDonuts,CostlyCorianders,sell
2026-07-02T10:00:20.507400+00:00,20:00:15,ASML,116.9,500,AverageAlmonds,YieldingYams,buy
2026-07-02T10:00:20.507400+00:00,20:00:15,NVDA,58.8,200,WavyWalnuts,YieldingYams,buy
2026-07-02T10:00:20.507400+00:00,20:00:15,OB5X_ETF,54.8,500,LivelyLasagnas,NecessaryNutmegs,sell
2026-07-02T10:00:24.250394+00:00,20:00:15,NVDA,58.9,500,YieldingYams,AverageAlmonds,buy
2026-07-02T10:00:24.250394+00:00,20:00:15,ASML_202612_100P,65.7,5,Kelvin Chan,EssentialEagles,sell
2026-07-02T10:00:24.250394+00:00,20:00:15,OB5X_202612_080C,149.0,5,ScholarlySpearmints,Kelvin Chan,buy
2026-07-02T10:00:24.250394+00:00,20:00:15,OB5X_202612_080C,149.2,48,ScholarlySpearmints,TactfulTangerines,buy
2026-07-02T10:00:24.250394+00:00,20:00:15,ASML_202612_F,118.6,50,DownrightDogfish,Sze-Yong Ng,buy
2026-07-02T10:00:24.250394+00:00,20:00:15,TSLA,9.5,200,WavyWalnuts,YieldingYams,sell
2026-07-02T10:00:24.250394+00:00,20:00:15,TSLA,9.5,425,AverageAlmonds,YieldingYams,sell
2026-07-02T10:00:24.250394+00:00,20:00:15,ASML,116.9,125,AverageAlmonds,YieldingYams,buy
2026-07-02T10:00:24.250394+00:00,20:00:15,ASML,116.9,200,AverageAlmonds,WavyWalnuts,buy
2026-07-02T10:00:24.250394+00:00,20:00:15,NVDA,58.9,125,YieldingYams,AverageAlmonds,sell
2026-07-02T10:00:24.250394+00:00,20:00:15,ASML_202703_F,119.4,50,DownrightDogfish,BoundlessBisons,buy
2026-07-02T10:00:24.250394+00:00,20:00:15,SAP,52.9,200,WavyWalnuts,YieldingYams,sell
2026-07-02T10:00:24.250394+00:00,20:00:16,ASML_202706_F,120.4,19,DownrightDogfish,Kelvin Chan,buy
2026-07-02T10:00:24.250394+00:00,20:00:16,ASML_202706_F,120.4,31,DownrightDogfish,BoundlessBisons,buy
2026-07-02T10:00:24.250394+00:00,20:00:16,ASML_DUAL,117.2,3,CostlyCorianders,Kelvin Chan,buy
2026-07-02T10:00:24.250394+00:00,20:00:16,ASML_DUAL,117.5,43,CostlyCorianders,DiligentDonuts,buy
2026-07-02T10:00:24.250394+00:00,20:00:16,OB5X_202703_F,222.3,10,OriginalOlives,Kelvin Chan,buy
2026-07-02T10:00:24.250394+00:00,20:00:16,OB5X_202703_F,222.4,40,OriginalOlives,QuirkyQuinoas,buy
2026-07-02T10:00:24.250394+00:00,20:00:16,ASML_202612_100C,83.8,1,Kelvin Chan,EssentialEagles,sell
2026-07-02T10:00:24.250394+00:00,20:00:16,ASML_202612_100C,83.6,49,FortunateFerrets,EssentialEagles,sell
2026-07-02T10:00:24.250394+00:00,20:00:16,NVDA,58.7,140,Kelvin Chan,YieldingYams,sell
2026-07-02T10:00:24.250394+00:00,20:00:16,ASML_202612_075P,45.9,1,EssentialEagles,Kelvin Chan,buy
2026-07-02T10:00:24.250394+00:00,20:00:16,ASML_202612_075P,46.0,46,EssentialEagles,FortunateFerrets,buy
2026-07-02T10:00:24.250394+00:00,20:00:16,ASML_202612_075C,88.8,4,EssentialEagles,Kelvin Chan,buy
2026-07-02T10:00:24.250394+00:00,20:00:17,TSLA,9.6,200,YieldingYams,WavyWalnuts,buy
2026-07-02T10:00:24.250394+00:00,20:00:17,TSLA,9.6,425,YieldingYams,AverageAlmonds,buy
2026-07-02T10:00:24.250394+00:00,20:00:17,ASML_DUAL,117.5,50,FlawlessFlatbreads,DiligentDonuts,buy
2026-07-02T10:00:24.250394+00:00,20:00:17,SAP,52.9,200,WavyWalnuts,YieldingYams,buy
2026-07-02T10:00:24.250394+00:00,20:00:17,TSLA,9.6,75,WavyWalnuts,AverageAlmonds,buy
2026-07-02T10:00:24.250394+00:00,20:00:17,OB5X_202612_080C,149.2,45,ScholarlySpearmints,VersatileVinegars,buy
2026-07-02T10:00:24.250394+00:00,20:00:17,OB5X_ETF,54.9,500,NecessaryNutmegs,LivelyLasagnas,buy
2026-07-02T10:00:24.250394+00:00,20:00:17,OB5X_202612_100C,135.5,3,ScholarlySpearmints,Kelvin Chan,buy
2026-07-02T10:00:24.250394+00:00,20:00:17,OB5X_202612_100C,136.0,44,ScholarlySpearmints,VersatileVinegars,buy
2026-07-02T10:00:24.250394+00:00,20:00:17,SAP_DUAL,53.1,50,GroovyGrapefruits,Kelvin Chan,buy
2026-07-02T10:00:24.250394+00:00,20:00:17,SAP_DUAL,53.1,5,GroovyGrapefruits,HomelyHerrings,buy
2026-07-02T10:00:24.250394+00:00,20:00:17,ASML,117.0,5,AverageAlmonds,Kelvin Chan,buy
2026-07-02T10:00:24.250394+00:00,20:00:17,ASML,117.0,200,AverageAlmonds,WavyWalnuts,buy
2026-07-02T10:00:24.250394+00:00,20:00:17,ASML,117.0,295,AverageAlmonds,YieldingYams,buy
2026-07-02T10:00:24.250394+00:00,20:00:17,TSLA,9.6,125,WavyWalnuts,AverageAlmonds,sell
2026-07-02T10:00:24.250394+00:00,20:00:17,OB5X_ETF,54.8,202,MarvelousMilkshakes,KindlyKales,sell
2026-07-02T10:00:24.250394+00:00,20:00:17,NVDA,58.7,200,WavyWalnuts,YieldingYams,buy
2026-07-02T10:00:24.250394+00:00,20:00:17,ASML_202612_075C,88.5,3,Kelvin Chan,EssentialEagles,sell
2026-07-02T10:00:24.250394+00:00,20:00:17,ASML_202612_075C,88.5,48,FortunateFerrets,EssentialEagles,sell
2026-07-02T10:00:24.250394+00:00,20:00:17,ASML_202612_100P,65.9,3,EssentialEagles,Kelvin Chan,buy
2026-07-02T10:00:24.250394+00:00,20:00:17,ASML_202612_100P,66.0,50,EssentialEagles,GenerousGeckos,buy
2026-07-02T10:00:24.250394+00:00,20:00:17,ASML_202703_F,119.6,14,AttentiveAntelopes,Kelvin Chan,buy
2026-07-02T10:00:24.250394+00:00,20:00:17,ASML_202703_F,119.8,31,AttentiveAntelopes,CapableCoyotes,buy
2026-07-02T10:00:24.250394+00:00,20:00:17,ASML_202612_050C,94.7,4,EssentialEagles,Kelvin Chan,buy
2026-07-02T10:00:24.250394+00:00,20:00:17,ASML_202612_050C,94.9,45,EssentialEagles,FortunateFerrets,buy
2026-07-02T10:00:24.250394+00:00,20:00:18,ASML,117.0,330,AverageAlmonds,YieldingYams,buy
2026-07-02T10:00:24.250394+00:00,20:00:18,ASML,117.0,170,AverageAlmonds,WavyWalnuts,buy
2026-07-02T10:00:24.250394+00:00,20:00:18,SAP,53.0,200,WavyWalnuts,YieldingYams,buy
2026-07-02T10:00:24.250394+00:00,20:00:18,TSLA,9.5,500,AverageAlmonds,YieldingYams,sell
2026-07-02T10:00:24.250394+00:00,20:00:18,TSLA,9.5,125,WavyWalnuts,YieldingYams,sell
2026-07-02T10:00:24.250394+00:00,20:00:18,OB5X_202612_080C,148.4,8,Kelvin Chan,ScholarlySpearmints,sell
2026-07-02T10:00:24.250394+00:00,20:00:18,OB5X_202612_080C,148.1,42,VersatileVinegars,ScholarlySpearmints,sell
2026-07-02T10:00:24.250394+00:00,20:00:18,ASML,117.0,30,AverageAlmonds,WavyWalnuts,buy
2026-07-02T10:00:24.250394+00:00,20:00:18,ASML,117.0,4,AverageAlmonds,Kelvin Chan,buy
2026-07-02T10:00:24.250394+00:00,20:00:18,ASML_DUAL,117.2,2,Xuanyu Liu,Kelvin Chan,buy
2026-07-02T10:00:24.250394+00:00,20:00:18,ASML,117.2,2,YieldingYams,Xuanyu Liu,sell
2026-07-02T10:00:24.250394+00:00,20:00:18,ASML_202612_100C,84.1,2,EssentialEagles,Kelvin Chan,buy
2026-07-02T10:00:24.250394+00:00,20:00:18,ASML_202612_100C,84.4,41,EssentialEagles,FortunateFerrets,buy
2026-07-02T10:00:24.250394+00:00,20:00:18,ASML,117.2,200,YieldingYams,WavyWalnuts,sell
2026-07-02T10:00:24.250394+00:00,20:00:19,ASML_202612_100P,65.8,6,EssentialEagles,Kelvin Chan,buy
2026-07-02T10:00:24.250394+00:00,20:00:19,ASML_202612_100P,66.0,35,EssentialEagles,FortunateFerrets,buy
2026-07-02T10:00:24.250394+00:00,20:00:19,ASML_DUAL,117.6,50,FlawlessFlatbreads,DiligentDonuts,buy
2026-07-02T10:00:24.250394+00:00,20:00:19,ASML_DUAL,117.3,47,EarnestEspressos,CostlyCorianders,sell
2026-07-02T10:00:24.250394+00:00,20:00:19,ASML_DUAL,117.3,2,EarnestEspressos,Kelvin Chan,sell
2026-07-02T10:00:24.250394+00:00,20:00:19,ASML_DUAL,117.3,2,EarnestEspressos,Kelvin Chan,sell
2026-07-02T10:00:24.250394+00:00,20:00:19,OB5X_ETF,54.9,500,NecessaryNutmegs,MarvelousMilkshakes,buy
2026-07-02T10:00:24.250394+00:00,20:00:19,SAP,53.1,200,WavyWalnuts,YieldingYams,buy
2026-07-02T10:00:24.250394+00:00,20:00:19,ASML_DUAL,117.3,1,EarnestEspressos,Kelvin Chan,sell
2026-07-02T10:00:24.250394+00:00,20:00:19,ASML_DUAL,117.3,1,EarnestEspressos,Kelvin Chan,sell
2026-07-02T10:00:24.250394+00:00,20:00:19,ASML_DUAL,117.3,1,EarnestEspressos,Kelvin Chan,sell
2026-07-02T10:00:24.250394+00:00,20:00:19,ASML_DUAL,117.6,40,CostlyCorianders,DiligentDonuts,buy
2026-07-02T10:00:24.250394+00:00,20:00:19,OB5X_ETF,54.9,250,LivelyLasagnas,MarvelousMilkshakes,buy
2026-07-02T10:00:24.250394+00:00,20:00:19,SAP_DUAL,53.1,7,Xuanyu Liu,Kelvin Chan,buy
2026-07-02T10:00:24.250394+00:00,20:00:19,SAP,53.1,7,YieldingYams,Xuanyu Liu,sell
2026-07-02T10:00:24.250394+00:00,20:00:20,SAP_DUAL,52.8,19,Kelvin Chan,JazzyJellies,sell
2026-07-02T10:00:24.250394+00:00,20:00:20,SAP_DUAL,52.7,31,HomelyHerrings,JazzyJellies,sell
2026-07-02T10:00:24.250394+00:00,20:00:20,ASML_202612_075C,89.2,46,EssentialEagles,FortunateFerrets,buy
2026-07-02T10:00:24.250394+00:00,20:00:20,ASML,117.2,200,YieldingYams,WavyWalnuts,sell
2026-07-02T10:00:24.250394+00:00,20:00:20,ASML_DUAL,117.3,96,EarnestEspressos,Chester Au,sell
2026-07-02T10:00:24.250394+00:00,20:00:20,ASML,117.1,13,Xuanyu Liu,YieldingYams,buy
2026-07-02T10:00:24.250394+00:00,20:00:20,AAPL,142.6,20,BrilliantBurritos,YieldingYams,buy
2026-07-02T10:00:24.250394+00:00,20:00:20,ASML,117.1,96,Chester Au,YieldingYams,buy
2026-07-02T10:00:24.250394+00:00,20:00:20,ASML_202612_F,118.6,10,CapableCoyotes,Sze-Yong Ng,buy
2026-07-02T10:00:24.250394+00:00,20:00:20,ASML_202612_F,118.7,10,CapableCoyotes,Kelvin Chan,buy
2026-07-02T10:00:24.250394+00:00,20:00:20,ASML_202612_F,118.7,100,CapableCoyotes,BoundlessBisons,buy
2026-07-02T10:00:24.250394+00:00,20:00:20,ASML_202703_F,119.6,7,CapableCoyotes,Kelvin Chan,buy
2026-07-02T10:00:24.250394+00:00,20:00:20,ASML_202703_F,119.7,100,CapableCoyotes,BoundlessBisons,buy
2026-07-02T10:00:24.250394+00:00,20:00:20,ASML_202612_F,118.7,30,CapableCoyotes,DownrightDogfish,sell
2026-07-02T10:00:24.250394+00:00,20:00:20,ASML_202706_F,120.4,6,CapableCoyotes,Kelvin Chan,buy
2026-07-02T10:00:24.250394+00:00,20:00:20,ASML_202703_F,119.7,43,CapableCoyotes,DownrightDogfish,sell
2026-07-02T10:00:24.250394+00:00,20:00:20,SAP,53.1,500,YieldingYams,AverageAlmonds,sell
2026-07-02T10:00:24.250394+00:00,20:00:20,NVDA,58.7,200,YieldingYams,WavyWalnuts,buy
2026-07-02T10:00:24.250394+00:00,20:00:20,NVDA,58.7,425,YieldingYams,AverageAlmonds,buy
2026-07-02T10:00:24.250394+00:00,20:00:20,ASML_202706_F,120.5,50,CapableCoyotes,DownrightDogfish,sell
2026-07-02T10:00:24.250394+00:00,20:00:20,TSLA,9.6,200,WavyWalnuts,Sze-Yong Ng,buy
2026-07-02T10:00:27.683629+00:00,20:00:21,OB5X_202612_080C,148.6,9,Kelvin Chan,ScholarlySpearmints,sell
2026-07-02T10:00:27.683629+00:00,20:00:21,OB5X_202612_080C,148.2,49,VersatileVinegars,ScholarlySpearmints,sell
2026-07-02T10:00:27.683629+00:00,20:00:21,ASML_202612_075C,88.6,6,Kelvin Chan,EssentialEagles,sell
2026-07-02T10:00:27.683629+00:00,20:00:21,ASML_202612_075C,88.4,51,FortunateFerrets,EssentialEagles,sell
2026-07-02T10:00:27.683629+00:00,20:00:21,OB5X_202706_F,225.9,48,QuirkyQuinoas,OriginalOlives,sell
2026-07-02T10:00:27.683629+00:00,20:00:21,ASML_202612_100P,65.8,6,EssentialEagles,Kelvin Chan,buy
2026-07-02T10:00:27.683629+00:00,20:00:21,ASML_202612_100P,66.0,43,EssentialEagles,FortunateFerrets,buy
2026-07-02T10:00:27.683629+00:00,20:00:21,NVDA,58.7,20,BrilliantBurritos,AverageAlmonds,buy
2026-07-02T10:00:27.683629+00:00,20:00:21,ASML_202612_F,118.7,5,BoundlessBisons,Kelvin Chan,buy
2026-07-02T10:00:27.683629+00:00,20:00:21,SAP,53.0,200,Sze-Yong Ng,YieldingYams,sell
2026-07-02T10:00:27.683629+00:00,20:00:21,SAP,53.0,200,WavyWalnuts,YieldingYams,sell
2026-07-02T10:00:27.683629+00:00,20:00:21,OB5X_202612_100P,17.8,6,ScholarlySpearmints,Kelvin Chan,buy
2026-07-02T10:00:27.683629+00:00,20:00:21,OB5X_202612_100P,18.0,40,ScholarlySpearmints,VersatileVinegars,buy
2026-07-02T10:00:27.683629+00:00,20:00:21,ASML_DUAL,117.5,100,DiligentDonuts,Chester Au,sell
2026-07-02T10:00:27.683629+00:00,20:00:21,ASML,117.1,23,Xuanyu Liu,YieldingYams,buy
2026-07-02T10:00:27.683629+00:00,20:00:21,ASML,117.1,100,Chester Au,YieldingYams,buy
2026-07-02T10:00:27.683629+00:00,20:00:21,ASML,117.1,200,WavyWalnuts,YieldingYams,buy
2026-07-02T10:00:27.683629+00:00,20:00:21,ASML_DUAL,117.0,4,Kelvin Chan,FlawlessFlatbreads,sell
2026-07-02T10:00:27.683629+00:00,20:00:21,AAPL,142.5,200,WavyWalnuts,YieldingYams,sell
2026-07-02T10:00:27.683629+00:00,20:00:21,AAPL,142.5,200,Sze-Yong Ng,YieldingYams,buy
2026-07-02T10:00:27.683629+00:00,20:00:21,OB5X_ETF,54.9,250,LivelyLasagnas,NecessaryNutmegs,sell
2026-07-02T10:00:27.683629+00:00,20:00:21,ASML_202612_F,118.8,7,BoundlessBisons,Kelvin Chan,sell
2026-07-02T10:00:27.683629+00:00,20:00:21,OB5X_ETF,54.7,215,MarvelousMilkshakes,KindlyKales,sell
2026-07-02T10:00:27.683629+00:00,20:00:21,ASML_202612_F,118.8,6,BoundlessBisons,Kelvin Chan,sell
2026-07-02T10:00:27.683629+00:00,20:00:21,ASML_202612_F,118.8,5,BoundlessBisons,Kelvin Chan,sell
2026-07-02T10:00:27.683629+00:00,20:00:21,SAP_DUAL,53.1,36,GroovyGrapefruits,Kelvin Chan,buy
2026-07-02T10:00:27.683629+00:00,20:00:21,SAP_DUAL,53.2,8,GroovyGrapefruits,HomelyHerrings,buy
2026-07-02T10:00:27.683629+00:00,20:00:21,ASML_202612_F,118.8,4,BoundlessBisons,Kelvin Chan,sell
2026-07-02T10:00:27.683629+00:00,20:00:22,TSLA,9.6,200,WavyWalnuts,YieldingYams,buy
2026-07-02T10:00:27.683629+00:00,20:00:22,SAP_DUAL,52.8,14,Kelvin Chan,JazzyJellies,sell
2026-07-02T10:00:27.683629+00:00,20:00:22,SAP_DUAL,52.8,36,InfiniteIcecreams,JazzyJellies,sell
2026-07-02T10:00:27.683629+00:00,20:00:22,OB5X_202612_080C,148.5,8,Kelvin Chan,ScholarlySpearmints,sell
2026-07-02T10:00:27.683629+00:00,20:00:22,OB5X_202612_080C,148.2,1,VersatileVinegars,ScholarlySpearmints,sell
2026-07-02T10:00:27.683629+00:00,20:00:22,OB5X_202612_080C,148.1,35,TactfulTangerines,ScholarlySpearmints,sell
2026-07-02T10:00:27.683629+00:00,20:00:22,ASML_202703_F,119.8,59,BoundlessBisons,AttentiveAntelopes,sell
2026-07-02T10:00:27.683629+00:00,20:00:22,ASML_DUAL,117.0,1,Xuanyu Liu,EarnestEspressos,buy
2026-07-02T10:00:27.683629+00:00,20:00:22,ASML,117.0,37,YieldingYams,Xuanyu Liu,sell
2026-07-02T10:00:27.683629+00:00,20:00:22,SAP,52.9,200,YieldingYams,WavyWalnuts,buy
2026-07-02T10:00:27.683629+00:00,20:00:22,SAP,53.0,200,YieldingYams,Sze-Yong Ng,buy
2026-07-02T10:00:27.683629+00:00,20:00:22,SAP,53.1,225,YieldingYams,AverageAlmonds,buy
2026-07-02T10:00:27.683629+00:00,20:00:22,AAPL,142.5,200,WavyWalnuts,YieldingYams,buy
2026-07-02T10:00:27.683629+00:00,20:00:22,OB5X_202612_100P,18.0,42,ScholarlySpearmints,VersatileVinegars,buy
2026-07-02T10:00:27.683629+00:00,20:00:22,ASML,117.1,25,WavyWalnuts,Lachlan Han,sell
2026-07-02T10:00:27.683629+00:00,20:00:22,ASML_DUAL,117.0,25,Lachlan Han,EarnestEspressos,buy
2026-07-02T10:00:27.683629+00:00,20:00:22,OB5X_ETF,55.0,1,KindlyKales,Kelvin Chan,buy
2026-07-02T10:00:27.683629+00:00,20:00:22,OB5X_ETF,54.9,202,MarvelousMilkshakes,KindlyKales,sell
2026-07-02T10:00:27.683629+00:00,20:00:22,ASML,117.1,175,WavyWalnuts,YieldingYams,sell
2026-07-02T10:00:27.683629+00:00,20:00:22,ASML_DUAL,117.0,5,Kelvin Chan,EarnestEspressos,buy
2026-07-02T10:00:27.683629+00:00,20:00:22,ASML,117.1,20,BrilliantBurritos,YieldingYams,buy
2026-07-02T10:00:27.683629+00:00,20:00:22,ASML_202612_F,118.8,4,BoundlessBisons,Kelvin Chan,sell
2026-07-02T10:00:27.683629+00:00,20:00:22,ASML_DUAL,117.0,5,Kelvin Chan,EarnestEspressos,buy
2026-07-02T10:00:27.683629+00:00,20:00:22,OB5X_202706_F,225.9,50,QuirkyQuinoas,RadiantRisottos,sell
2026-07-02T10:00:27.683629+00:00,20:00:22,SAP_DUAL,53.0,52,GroovyGrapefruits,HomelyHerrings,buy
2026-07-02T10:00:27.683629+00:00,20:00:23,OB5X_202703_F,222.1,50,QuirkyQuinoas,RadiantRisottos,sell
2026-07-02T10:00:27.683629+00:00,20:00:23,OB5X_ETF,54.9,500,MarvelousMilkshakes,LivelyLasagnas,sell
2026-07-02T10:00:27.683629+00:00,20:00:23,OB5X_202612_F,219.9,50,QuirkyQuinoas,RadiantRisottos,sell
2026-07-02T10:00:27.683629+00:00,20:00:23,ASML_202612_F,118.8,4,BoundlessBisons,Kelvin Chan,sell
2026-07-02T10:00:27.683629+00:00,20:00:23,ASML_202612_100C,83.9,5,Kelvin Chan,EssentialEagles,sell
2026-07-02T10:00:27.683629+00:00,20:00:23,ASML_202612_100C,83.5,52,FortunateFerrets,EssentialEagles,sell
2026-07-02T10:00:27.683629+00:00,20:00:23,NVDA,58.5,200,WavyWalnuts,YieldingYams,sell
2026-07-02T10:00:27.683629+00:00,20:00:23,NVDA,58.5,200,Sze-Yong Ng,YieldingYams,sell
2026-07-02T10:00:27.683629+00:00,20:00:23,ASML_202612_075P,45.7,1,Kelvin Chan,EssentialEagles,sell
2026-07-02T10:00:27.683629+00:00,20:00:23,ASML_202612_075P,45.4,46,FortunateFerrets,EssentialEagles,sell
2026-07-02T10:00:27.683629+00:00,20:00:23,ASML_DUAL,117.0,5,Kelvin Chan,EarnestEspressos,buy
2026-07-02T10:00:27.683629+00:00,20:00:23,ASML_202612_F,118.8,4,BoundlessBisons,Kelvin Chan,sell
2026-07-02T10:00:27.683629+00:00,20:00:23,ASML_202703_F,119.8,4,BoundlessBisons,Kelvin Chan,sell
2026-07-02T10:00:27.683629+00:00,20:00:23,ASML_DUAL,116.5,50,EarnestEspressos,FlawlessFlatbreads,sell
2026-07-02T10:00:27.683629+00:00,20:00:23,OB5X_202706_F,225.7,18,Kelvin Chan,QuirkyQuinoas,sell
2026-07-02T10:00:27.683629+00:00,20:00:23,OB5X_202706_F,225.6,100,PowerfulPineapples,QuirkyQuinoas,sell
2026-07-02T10:00:27.683629+00:00,20:00:23,OB5X_ETF,55.0,3,NecessaryNutmegs,Kelvin Chan,buy
2026-07-02T10:00:27.683629+00:00,20:00:23,OB5X_ETF,55.1,497,NecessaryNutmegs,MarvelousMilkshakes,buy
2026-07-02T10:00:27.683629+00:00,20:00:23,OB5X_202703_F,222.1,22,Kelvin Chan,QuirkyQuinoas,sell
2026-07-02T10:00:27.683629+00:00,20:00:23,OB5X_202703_F,222.0,100,PowerfulPineapples,QuirkyQuinoas,sell
2026-07-02T10:00:27.683629+00:00,20:00:23,ASML_202612_F,118.8,61,BoundlessBisons,CapableCoyotes,sell
2026-07-02T10:00:27.683629+00:00,20:00:23,ASML_202612_F,118.5,32,Kelvin Chan,CapableCoyotes,sell
2026-07-02T10:00:27.683629+00:00,20:00:23,ASML_202612_F,118.4,57,Sze-Yong Ng,CapableCoyotes,sell
2026-07-02T10:00:27.683629+00:00,20:00:23,OB5X_ETF,55.1,201,KindlyKales,MarvelousMilkshakes,buy
2026-07-02T10:00:27.683629+00:00,20:00:23,OB5X_202612_F,219.9,15,Kelvin Chan,QuirkyQuinoas,sell
2026-07-02T10:00:27.683629+00:00,20:00:23,OB5X_202612_F,219.7,100,PowerfulPineapples,QuirkyQuinoas,sell
2026-07-02T10:00:31.631765+00:00,20:00:23,TSLA,9.6,20,BrilliantBurritos,WavyWalnuts,buy
2026-07-02T10:00:31.631765+00:00,20:00:23,ASML_202703_F,119.8,37,BoundlessBisons,CapableCoyotes,sell
2026-07-02T10:00:31.631765+00:00,20:00:24,ASML_202706_F,120.6,100,BoundlessBisons,CapableCoyotes,sell
2026-07-02T10:00:31.631765+00:00,20:00:24,ASML_202706_F,120.2,26,Kelvin Chan,CapableCoyotes,sell
2026-07-02T10:00:31.631765+00:00,20:00:24,ASML_202706_F,120.2,24,Sze-Yong Ng,CapableCoyotes,sell
2026-07-02T10:00:31.631765+00:00,20:00:24,SAP_DUAL,53.0,48,JazzyJellies,HomelyHerrings,buy
2026-07-02T10:00:31.631765+00:00,20:00:24,SAP_DUAL,53.1,2,JazzyJellies,Kelvin Chan,buy
2026-07-02T10:00:31.631765+00:00,20:00:24,TSLA,9.5,200,Sze-Yong Ng,WavyWalnuts,sell
2026-07-02T10:00:31.631765+00:00,20:00:24,ASML_DUAL,117.0,100,DiligentDonuts,EarnestEspressos,buy
2026-07-02T10:00:31.631765+00:00,20:00:24,NVDA,58.5,200,YieldingYams,WavyWalnuts,buy
2026-07-02T10:00:33.322472+00:00,20:00:24,ASML_202703_F,119.0,100,BoundlessBisons,CapableCoyotes,buy
2026-07-02T10:00:33.322472+00:00,20:00:24,ASML_202703_F,119.0,13,Kelvin Chan,CapableCoyotes,buy
2026-07-02T10:00:33.322472+00:00,20:00:25,ASML,117.1,1,WavyWalnuts,Kelvin Chan,buy
2026-07-02T10:00:33.322472+00:00,20:00:25,ASML,117.1,199,WavyWalnuts,YieldingYams,buy
2026-07-02T10:00:33.322472+00:00,20:00:25,OB5X_202612_120C,124.6,4,ScholarlySpearmints,Kelvin Chan,buy
2026-07-02T10:00:33.322472+00:00,20:00:25,ASML_202612_F,118.6,50,DownrightDogfish,BoundlessBisons,buy
2026-07-02T10:00:33.322472+00:00,20:00:25,SAP,52.9,200,YieldingYams,WavyWalnuts,buy
2026-07-02T10:00:33.322472+00:00,20:00:25,SAP_DUAL,52.9,8,Xuanyu Liu,InfiniteIcecreams,buy
2026-07-02T10:00:33.322472+00:00,20:00:25,SAP,53.0,8,YieldingYams,Xuanyu Liu,sell
2026-07-02T10:00:33.322472+00:00,20:00:25,ASML_202703_F,119.6,50,DownrightDogfish,BoundlessBisons,buy
2026-07-02T10:00:33.322472+00:00,20:00:25,ASML_202612_F,118.6,42,AttentiveAntelopes,BoundlessBisons,buy
2026-07-02T10:00:33.322472+00:00,20:00:25,ASML_202706_F,120.4,50,DownrightDogfish,BoundlessBisons,buy
2026-07-02T10:00:33.322472+00:00,20:00:25,OB5X_202612_120C,125.2,8,ScholarlySpearmints,Kelvin Chan,sell
2026-07-02T10:00:33.322472+00:00,20:00:25,OB5X_202706_F,225.6,12,Kelvin Chan,QuirkyQuinoas,buy
2026-07-02T10:00:33.322472+00:00,20:00:25,OB5X_202612_F,219.7,13,Kelvin Chan,QuirkyQuinoas,buy
2026-07-02T10:00:33.322472+00:00,20:00:25,OB5X_202703_F,221.9,28,OriginalOlives,QuirkyQuinoas,buy
2026-07-02T10:00:33.322472+00:00,20:00:25,OB5X_202703_F,222.1,21,OriginalOlives,PowerfulPineapples,buy
2026-07-02T10:00:33.322472+00:00,20:00:25,ASML_DUAL,116.9,50,EarnestEspressos,FlawlessFlatbreads,sell
2026-07-02T10:00:33.322472+00:00,20:00:25,TSLA,9.6,200,WavyWalnuts,Sze-Yong Ng,buy
2026-07-02T10:00:33.322472+00:00,20:00:25,SAP,53.0,200,YieldingYams,WavyWalnuts,sell
2026-07-02T10:00:33.322472+00:00,20:00:25,OB5X_202612_120C,125.2,9,ScholarlySpearmints,Kelvin Chan,sell
2026-07-02T10:00:33.322472+00:00,20:00:25,ASML_202612_050P,26.8,55,FortunateFerrets,EssentialEagles,sell
2026-07-02T10:00:33.322472+00:00,20:00:25,OB5X_ETF,54.9,500,MarvelousMilkshakes,NecessaryNutmegs,sell
2026-07-02T10:00:33.322472+00:00,20:00:26,SAP,53.1,20,BrilliantBurritos,YieldingYams,buy
2026-07-02T10:00:33.322472+00:00,20:00:26,NVDA,58.5,200,YieldingYams,WavyWalnuts,sell
2026-07-02T10:00:33.322472+00:00,20:00:26,TSLA,9.6,500,YieldingYams,AverageAlmonds,buy
2026-07-02T10:00:33.322472+00:00,20:00:26,OB5X_202612_120C,125.2,8,ScholarlySpearmints,Kelvin Chan,sell
2026-07-02T10:00:33.322472+00:00,20:00:26,SAP_DUAL,52.9,50,JazzyJellies,InfiniteIcecreams,buy
2026-07-02T10:00:33.322472+00:00,20:00:26,SAP,53.0,20,YieldingYams,BrilliantBurritos,sell
2026-07-02T10:00:33.322472+00:00,20:00:26,OB5X_202612_120C,125.0,7,ScholarlySpearmints,Kelvin Chan,sell
2026-07-02T10:00:33.322472+00:00,20:00:26,OB5X_202706_F,225.6,14,Kelvin Chan,QuirkyQuinoas,buy
2026-07-02T10:00:33.322472+00:00,20:00:26,OB5X_202612_120C,125.0,43,ScholarlySpearmints,VersatileVinegars,sell
2026-07-02T10:00:33.322472+00:00,20:00:26,OB5X_202612_F,219.7,13,Kelvin Chan,QuirkyQuinoas,buy
2026-07-02T10:00:33.322472+00:00,20:00:26,OB5X_202612_100C,135.2,4,Kelvin Chan,ScholarlySpearmints,sell
2026-07-02T10:00:33.322472+00:00,20:00:26,OB5X_202612_100C,134.9,50,VersatileVinegars,ScholarlySpearmints,sell
2026-07-02T10:00:33.322472+00:00,20:00:26,OB5X_202612_100C,134.9,1,TactfulTangerines,ScholarlySpearmints,sell
2026-07-02T10:00:33.322472+00:00,20:00:26,TSLA,9.6,125,YieldingYams,AverageAlmonds,sell
2026-07-02T10:00:33.322472+00:00,20:00:26,OB5X_202703_F,222.1,41,OriginalOlives,PowerfulPineapples,buy
2026-07-02T10:00:33.322472+00:00,20:00:26,OB5X_202703_F,221.6,49,PowerfulPineapples,OriginalOlives,sell
2026-07-02T10:00:33.322472+00:00,20:00:26,ASML_202612_075C,89.2,54,EssentialEagles,FortunateFerrets,buy
2026-07-02T10:00:33.322472+00:00,20:00:27,ASML_202612_100P,65.4,47,GenerousGeckos,EssentialEagles,sell
2026-07-02T10:00:33.322472+00:00,20:00:27,OB5X_202706_F,225.7,100,QuirkyQuinoas,PowerfulPineapples,buy
2026-07-02T10:00:33.322472+00:00,20:00:27,ASML_202612_050C,95.0,51,EssentialEagles,FortunateFerrets,buy
2026-07-02T10:00:33.322472+00:00,20:00:27,OB5X_202703_F,222.1,38,QuirkyQuinoas,PowerfulPineapples,buy
2026-07-02T10:00:33.322472+00:00,20:00:27,ASML_202612_F,118.6,8,CapableCoyotes,BoundlessBisons,buy
2026-07-02T10:00:33.322472+00:00,20:00:27,ASML_202612_F,118.7,57,CapableCoyotes,Sze-Yong Ng,buy
2026-07-02T10:00:33.322472+00:00,20:00:27,NVDA,58.4,200,WavyWalnuts,YieldingYams,sell
2026-07-02T10:00:33.322472+00:00,20:00:27,OB5X_202706_F,225.8,50,QuirkyQuinoas,PowerfulPineapples,sell
2026-07-02T10:00:33.322472+00:00,20:00:27,OB5X_202612_F,219.9,100,QuirkyQuinoas,PowerfulPineapples,buy
2026-07-02T10:00:33.322472+00:00,20:00:27,ASML_202703_F,119.6,50,CapableCoyotes,BoundlessBisons,buy
2026-07-02T10:00:33.322472+00:00,20:00:27,ASML_202703_F,119.6,16,CapableCoyotes,Kelvin Chan,buy
2026-07-02T10:00:33.322472+00:00,20:00:27,ASML_202612_F,118.8,17,DownrightDogfish,Kelvin Chan,buy
2026-07-02T10:00:33.322472+00:00,20:00:27,ASML_202612_F,119.2,33,DownrightDogfish,CapableCoyotes,buy
2026-07-02T10:00:33.322472+00:00,20:00:27,NVDA,58.4,20,BrilliantBurritos,YieldingYams,buy
2026-07-02T10:00:33.322472+00:00,20:00:27,ASML_202703_F,120.2,50,DownrightDogfish,CapableCoyotes,buy
2026-07-02T10:00:33.322472+00:00,20:00:27,ASML_DUAL,116.9,47,EarnestEspressos,CostlyCorianders,sell
2026-07-02T10:00:33.322472+00:00,20:00:27,ASML_202703_F,119.7,10,CapableCoyotes,Kelvin Chan,sell
2026-07-02T10:00:33.322472+00:00,20:00:27,ASML_202706_F,120.4,50,CapableCoyotes,BoundlessBisons,buy
2026-07-02T10:00:33.322472+00:00,20:00:27,ASML_202706_F,120.5,24,CapableCoyotes,Sze-Yong Ng,buy
2026-07-02T10:00:33.322472+00:00,20:00:27,ASML_202706_F,120.6,9,CapableCoyotes,Kelvin Chan,buy
2026-07-02T10:00:33.322472+00:00,20:00:27,TSLA,9.5,200,Sze-Yong Ng,YieldingYams,sell
2026-07-02T10:00:33.322472+00:00,20:00:27,TSLA,9.5,200,WavyWalnuts,YieldingYams,sell
2026-07-02T10:00:33.322472+00:00,20:00:27,TSLA,9.5,225,AverageAlmonds,YieldingYams,sell
2026-07-02T10:00:33.322472+00:00,20:00:27,ASML_202706_F,121.1,50,DownrightDogfish,CapableCoyotes,buy
2026-07-02T10:00:33.322472+00:00,20:00:27,ASML_202703_F,119.7,6,CapableCoyotes,Kelvin Chan,sell
2026-07-02T10:00:33.322472+00:00,20:00:27,OB5X_202703_F,222.1,50,QuirkyQuinoas,RadiantRisottos,sell
2026-07-02T10:00:33.322472+00:00,20:00:27,OB5X_202612_F,219.9,50,QuirkyQuinoas,PowerfulPineapples,sell
2026-07-02T10:00:33.322472+00:00,20:00:27,OB5X_202612_120C,124.9,7,ScholarlySpearmints,VersatileVinegars,buy
2026-07-02T10:00:33.322472+00:00,20:00:27,OB5X_202612_120C,125.0,8,ScholarlySpearmints,Kelvin Chan,buy
2026-07-02T10:00:33.322472+00:00,20:00:27,ASML_DUAL,116.9,50,EarnestEspressos,FlawlessFlatbreads,sell
2026-07-02T10:00:33.322472+00:00,20:00:27,OB5X_202612_080P,10.7,3,ScholarlySpearmints,Kelvin Chan,buy
2026-07-02T10:00:33.322472+00:00,20:00:27,OB5X_202612_080P,10.8,50,ScholarlySpearmints,TactfulTangerines,buy
2026-07-02T10:00:33.322472+00:00,20:00:27,TSLA,9.5,20,AverageAlmonds,BrilliantBurritos,sell
2026-07-02T10:00:33.322472+00:00,20:00:27,OB5X_202612_120C,125.1,9,ScholarlySpearmints,Kelvin Chan,sell
2026-07-02T10:00:33.322472+00:00,20:00:28,AAPL,142.7,200,YieldingYams,WavyWalnuts,buy
2026-07-02T10:00:33.322472+00:00,20:00:28,OB5X_ETF,54.9,250,MarvelousMilkshakes,NecessaryNutmegs,sell
2026-07-02T10:00:33.322472+00:00,20:00:28,OB5X_ETF,54.8,250,LivelyLasagnas,NecessaryNutmegs,sell
2026-07-02T10:00:33.322472+00:00,20:00:28,NVDA,58.3,20,YieldingYams,BrilliantBurritos,sell
2026-07-02T10:00:33.322472+00:00,20:00:28,TSLA,9.5,200,AverageAlmonds,WavyWalnuts,sell
2026-07-02T10:00:33.322472+00:00,20:00:28,ASML_DUAL,117.4,41,CostlyCorianders,EarnestEspressos,buy
2026-07-02T10:00:33.322472+00:00,20:00:28,OB5X_202612_120C,125.1,8,ScholarlySpearmints,Kelvin Chan,sell
2026-07-02T10:00:33.322472+00:00,20:00:28,OB5X_202706_F,225.5,10,Kelvin Chan,OriginalOlives,sell
2026-07-02T10:00:33.322472+00:00,20:00:28,OB5X_202706_F,225.3,49,PowerfulPineapples,OriginalOlives,sell
2026-07-02T10:00:33.322472+00:00,20:00:28,OB5X_ETF,54.8,250,LivelyLasagnas,MarvelousMilkshakes,sell
2026-07-02T10:00:33.322472+00:00,20:00:28,ASML_202612_075P,45.9,5,EssentialEagles,Kelvin Chan,buy
2026-07-02T10:00:33.322472+00:00,20:00:28,ASML_202612_075P,46.0,41,EssentialEagles,FortunateFerrets,buy
2026-07-02T10:00:33.322472+00:00,20:00:28,OB5X_202612_120C,125.1,23,ScholarlySpearmints,TactfulTangerines,sell
2026-07-02T10:00:33.322472+00:00,20:00:28,ASML_202706_F,121.1,47,AttentiveAntelopes,CapableCoyotes,buy
2026-07-02T10:00:33.322472+00:00,20:00:28,ASML_202612_075C,88.7,5,Kelvin Chan,EssentialEagles,sell
2026-07-02T10:00:33.322472+00:00,20:00:28,ASML_202612_075C,88.5,39,FortunateFerrets,EssentialEagles,sell
2026-07-02T10:00:33.322472+00:00,20:00:28,SAP_DUAL,53.1,37,JazzyJellies,Kelvin Chan,buy
2026-07-02T10:00:33.322472+00:00,20:00:28,SAP_DUAL,53.1,13,JazzyJellies,InfiniteIcecreams,buy
2026-07-02T10:00:33.322472+00:00,20:00:28,ASML_202703_F,119.7,5,CapableCoyotes,Kelvin Chan,sell
2026-07-02T10:00:33.322472+00:00,20:00:28,ASML_202706_F,120.6,5,CapableCoyotes,Kelvin Chan,sell
2026-07-02T10:00:33.322472+00:00,20:00:28,ASML_DUAL,117.0,5,Kelvin Chan,CostlyCorianders,sell
2026-07-02T10:00:33.322472+00:00,20:00:28,ASML_DUAL,116.9,100,DiligentDonuts,EarnestEspressos,sell
2026-07-02T10:00:33.322472+00:00,20:00:28,TSLA,9.6,200,YieldingYams,Sze-Yong Ng,buy
2026-07-02T10:00:33.322472+00:00,20:00:28,TSLA,9.6,425,YieldingYams,AverageAlmonds,buy
2026-07-02T10:00:33.322472+00:00,20:00:28,ASML,117.0,25,WavyWalnuts,Lachlan Han,sell
2026-07-02T10:00:33.322472+00:00,20:00:28,ASML_DUAL,116.9,5,Kelvin Chan,EarnestEspressos,buy
2026-07-02T10:00:33.322472+00:00,20:00:28,ASML_202703_F,119.7,3,CapableCoyotes,Kelvin Chan,sell
2026-07-02T10:00:33.322472+00:00,20:00:28,ASML_202706_F,120.6,3,CapableCoyotes,Kelvin Chan,sell
2026-07-02T10:00:33.322472+00:00,20:00:28,OB5X_ETF,54.8,2,Kelvin Chan,MarvelousMilkshakes,buy
2026-07-02T10:00:33.322472+00:00,20:00:28,ASML_DUAL,116.9,25,Lachlan Han,EarnestEspressos,buy
2026-07-02T10:00:33.322472+00:00,20:00:29,ASML_DUAL,116.9,5,Kelvin Chan,EarnestEspressos,buy
2026-07-02T10:00:33.322472+00:00,20:00:29,SAP,52.9,200,WavyWalnuts,YieldingYams,sell
2026-07-02T10:00:33.322472+00:00,20:00:29,ASML,117.0,15,WavyWalnuts,Lachlan Han,sell
2026-07-02T10:00:33.322472+00:00,20:00:29,ASML_DUAL,116.9,15,Lachlan Han,EarnestEspressos,buy
2026-07-02T10:00:33.322472+00:00,20:00:29,SAP,52.9,425,AverageAlmonds,YieldingYams,buy
2026-07-02T10:00:33.322472+00:00,20:00:29,ASML_202703_F,119.7,4,CapableCoyotes,Kelvin Chan,sell
2026-07-02T10:00:33.322472+00:00,20:00:29,ASML_202706_F,120.6,4,CapableCoyotes,Kelvin Chan,sell
2026-07-02T10:00:33.322472+00:00,20:00:29,OB5X_ETF,54.8,210,KindlyKales,MarvelousMilkshakes,buy
2026-07-02T10:00:33.322472+00:00,20:00:29,SAP,52.9,75,AverageAlmonds,WavyWalnuts,sell
2026-07-02T10:00:33.322472+00:00,20:00:29,SAP,52.8,7,Kelvin Chan,WavyWalnuts,sell
2026-07-02T10:00:33.322472+00:00,20:00:29,SAP,52.8,118,Sze-Yong Ng,WavyWalnuts,sell
2026-07-02T10:00:33.322472+00:00,20:00:29,AAPL,142.8,200,YieldingYams,WavyWalnuts,buy
2026-07-02T10:00:35.143845+00:00,20:00:29,ASML,117.0,160,WavyWalnuts,YieldingYams,sell
2026-07-02T10:00:35.143845+00:00,20:00:29,OB5X_202612_120P,25.6,2,Kelvin Chan,ScholarlySpearmints,sell
2026-07-02T10:00:35.143845+00:00,20:00:29,OB5X_202612_120P,25.5,41,VersatileVinegars,ScholarlySpearmints,sell
2026-07-02T10:00:35.143845+00:00,20:00:29,ASML_202612_075P,45.9,8,EssentialEagles,Kelvin Chan,buy
2026-07-02T10:00:35.143845+00:00,20:00:29,ASML_202612_075P,46.0,47,EssentialEagles,FortunateFerrets,buy
2026-07-02T10:00:35.143845+00:00,20:00:29,ASML_202612_075P,45.4,55,FortunateFerrets,EssentialEagles,sell
2026-07-02T10:00:35.143845+00:00,20:00:29,ASML_202706_F,120.6,4,CapableCoyotes,Kelvin Chan,sell
2026-07-02T10:00:35.143845+00:00,20:00:29,ASML_202703_F,119.7,3,CapableCoyotes,Kelvin Chan,sell
2026-07-02T10:00:35.143845+00:00,20:00:29,OB5X_202612_100P,17.2,5,Kelvin Chan,ScholarlySpearmints,sell
2026-07-02T10:00:35.143845+00:00,20:00:29,OB5X_202612_100P,17.1,50,VersatileVinegars,ScholarlySpearmints,sell
2026-07-02T10:00:35.143845+00:00,20:00:29,OB5X_202612_100P,17.0,1,TactfulTangerines,ScholarlySpearmints,sell
2026-07-02T10:00:35.143845+00:00,20:00:29,ASML_202703_F,119.7,3,CapableCoyotes,Kelvin Chan,sell
2026-07-02T10:00:35.143845+00:00,20:00:29,ASML_202703_F,119.7,44,CapableCoyotes,AttentiveAntelopes,sell
2026-07-02T10:00:35.143845+00:00,20:00:29,ASML,117.0,200,WavyWalnuts,YieldingYams,buy
2026-07-02T10:00:35.143845+00:00,20:00:29,ASML_DUAL,116.9,5,Kelvin Chan,FlawlessFlatbreads,sell
2026-07-02T10:00:35.143845+00:00,20:00:29,ASML_DUAL,116.4,45,EarnestEspressos,FlawlessFlatbreads,sell
2026-07-02T10:00:35.143845+00:00,20:00:29,OB5X_202706_F,225.8,50,OriginalOlives,PowerfulPineapples,buy
2026-07-02T10:00:35.143845+00:00,20:00:29,OB5X_202706_F,225.9,4,OriginalOlives,Kelvin Chan,buy
2026-07-02T10:00:35.143845+00:00,20:00:29,ASML_202706_F,120.6,3,CapableCoyotes,Kelvin Chan,sell
2026-07-02T10:00:35.143845+00:00,20:00:30,OB5X_ETF,54.7,500,LivelyLasagnas,NecessaryNutmegs,sell
2026-07-02T10:00:35.143845+00:00,20:00:30,ASML_202703_F,119.7,2,CapableCoyotes,Kelvin Chan,sell
2026-07-02T10:00:35.143845+00:00,20:00:30,TSLA,9.5,200,Sze-Yong Ng,YieldingYams,sell
2026-07-02T10:00:35.143845+00:00,20:00:30,TSLA,9.5,200,WavyWalnuts,YieldingYams,sell
2026-07-02T10:00:35.143845+00:00,20:00:30,TSLA,9.5,225,AverageAlmonds,YieldingYams,sell
2026-07-02T10:00:35.143845+00:00,20:00:30,ASML_DUAL,117.4,47,CostlyCorianders,DiligentDonuts,buy
2026-07-02T10:00:35.143845+00:00,20:00:30,ASML_202706_F,120.6,2,CapableCoyotes,Kelvin Chan,sell
2026-07-02T10:00:35.143845+00:00,20:00:30,ASML_202703_F,119.7,1,CapableCoyotes,Kelvin Chan,sell
2026-07-02T10:00:35.143845+00:00,20:00:30,SAP,53.1,200,YieldingYams,WavyWalnuts,sell
2026-07-02T10:00:35.143845+00:00,20:00:30,ASML_202703_F,119.7,1,CapableCoyotes,Kelvin Chan,sell
2026-07-02T10:00:35.143845+00:00,20:00:30,ASML_202706_F,120.6,1,CapableCoyotes,Kelvin Chan,sell
2026-07-02T10:00:35.143845+00:00,20:00:30,ASML,117.1,500,YieldingYams,AverageAlmonds,buy
2026-07-02T10:00:35.143845+00:00,20:00:30,OB5X_202612_080C,148.5,3,Kelvin Chan,ScholarlySpearmints,sell
2026-07-02T10:00:35.143845+00:00,20:00:30,OB5X_202612_080C,148.0,50,TactfulTangerines,ScholarlySpearmints,sell
2026-07-02T10:00:35.143845+00:00,20:00:30,ASML_202612_075C,88.7,8,Kelvin Chan,EssentialEagles,sell
2026-07-02T10:00:35.143845+00:00,20:00:30,OB5X_202706_F,225.7,21,PowerfulPineapples,Kelvin Chan,buy
2026-07-02T10:00:35.143845+00:00,20:00:30,OB5X_202706_F,225.7,79,PowerfulPineapples,QuirkyQuinoas,buy
2026-07-02T10:00:35.143845+00:00,20:00:30,ASML_DUAL,116.9,5,Kelvin Chan,CostlyCorianders,sell
2026-07-02T10:00:35.143845+00:00,20:00:30,OB5X_202612_120P,26.1,3,ScholarlySpearmints,Kelvin Chan,buy
2026-07-02T10:00:35.143845+00:00,20:00:30,OB5X_202612_120P,26.7,38,ScholarlySpearmints,TactfulTangerines,buy
2026-07-02T10:00:36.947148+00:00,20:00:30,OB5X_202703_F,222.1,100,PowerfulPineapples,QuirkyQuinoas,buy
2026-07-02T10:00:36.947148+00:00,20:00:31,ASML,117.1,125,YieldingYams,AverageAlmonds,sell
2026-07-02T10:00:36.947148+00:00,20:00:31,AAPL,142.9,200,WavyWalnuts,YieldingYams,buy
2026-07-02T10:00:36.947148+00:00,20:00:31,OB5X_202612_F,219.8,100,PowerfulPineapples,QuirkyQuinoas,buy
2026-07-02T10:00:36.947148+00:00,20:00:31,ASML_DUAL,116.8,46,DiligentDonuts,CostlyCorianders,sell
2026-07-02T10:00:36.947148+00:00,20:00:31,TSLA,9.6,200,YieldingYams,Sze-Yong Ng,buy
2026-07-02T10:00:36.947148+00:00,20:00:31,TSLA,9.6,200,YieldingYams,WavyWalnuts,buy
2026-07-02T10:00:36.947148+00:00,20:00:31,TSLA,9.6,225,YieldingYams,AverageAlmonds,buy
2026-07-02T10:00:38.666167+00:00,20:00:31,SAP,53.1,200,YieldingYams,WavyWalnuts,sell
2026-07-02T10:00:38.666167+00:00,20:00:31,SAP,53.0,82,Sze-Yong Ng,YieldingYams,sell
2026-07-02T10:00:38.666167+00:00,20:00:31,SAP_DUAL,53.0,9,InfiniteIcecreams,Xuanyu Liu,sell
2026-07-02T10:00:38.666167+00:00,20:00:31,SAP,53.0,9,Xuanyu Liu,YieldingYams,buy
2026-07-02T10:00:38.666167+00:00,20:00:31,OB5X_ETF,54.8,237,MarvelousMilkshakes,KindlyKales,sell
2026-07-02T10:00:38.666167+00:00,20:00:32,ASML_202612_075C,88.9,1,EssentialEagles,Kelvin Chan,buy
2026-07-02T10:00:38.666167+00:00,20:00:32,ASML_202612_075C,89.1,46,EssentialEagles,GenerousGeckos,buy
2026-07-02T10:00:38.666167+00:00,20:00:32,ASML_202612_100P,65.3,42,FortunateFerrets,EssentialEagles,sell
2026-07-02T10:00:38.666167+00:00,20:00:32,ASML_202612_F,118.7,50,BoundlessBisons,DownrightDogfish,sell
2026-07-02T10:00:38.666167+00:00,20:00:32,ASML,117.0,200,WavyWalnuts,AverageAlmonds,sell
2026-07-02T10:00:38.666167+00:00,20:00:32,OB5X_202612_080P,10.7,4,ScholarlySpearmints,Kelvin Chan,buy
2026-07-02T10:00:38.666167+00:00,20:00:32,OB5X_202612_080P,10.8,50,ScholarlySpearmints,VersatileVinegars,buy
2026-07-02T10:00:38.666167+00:00,20:00:32,OB5X_202612_080P,10.9,5,ScholarlySpearmints,TactfulTangerines,buy
2026-07-02T10:00:38.666167+00:00,20:00:32,OB5X_ETF,54.8,500,MarvelousMilkshakes,NecessaryNutmegs,sell
2026-07-02T10:00:38.666167+00:00,20:00:32,ASML_202703_F,119.5,50,BoundlessBisons,DownrightDogfish,sell
2026-07-02T10:00:38.666167+00:00,20:00:32,ASML,117.0,200,WavyWalnuts,AverageAlmonds,buy
2026-07-02T10:00:38.666167+00:00,20:00:32,AAPL,142.9,200,YieldingYams,Sze-Yong Ng,sell
2026-07-02T10:00:38.666167+00:00,20:00:32,ASML_202706_F,120.4,50,BoundlessBisons,DownrightDogfish,sell
2026-07-02T10:00:38.666167+00:00,20:00:32,OB5X_202612_100P,17.2,3,Kelvin Chan,ScholarlySpearmints,sell
2026-07-02T10:00:38.666167+00:00,20:00:32,OB5X_202612_100P,17.0,51,TactfulTangerines,ScholarlySpearmints,sell
2026-07-02T10:00:38.666167+00:00,20:00:32,OB5X_ETF,54.8,13,MarvelousMilkshakes,LivelyLasagnas,sell
2026-07-02T10:00:38.666167+00:00,20:00:32,OB5X_ETF,54.7,3,Kelvin Chan,LivelyLasagnas,sell
2026-07-02T10:00:38.666167+00:00,20:00:32,TSLA,9.6,20,BrilliantBurritos,WavyWalnuts,buy
2026-07-02T10:00:38.666167+00:00,20:00:32,SAP_DUAL,53.0,50,InfiniteIcecreams,JazzyJellies,sell
2026-07-02T10:00:38.666167+00:00,20:00:32,OB5X_202706_F,225.7,45,OriginalOlives,QuirkyQuinoas,buy
2026-07-02T10:00:38.666167+00:00,20:00:32,OB5X_202703_F,222.1,40,OriginalOlives,QuirkyQuinoas,buy
2026-07-02T10:00:38.666167+00:00,20:00:32,OB5X_202612_F,219.6,9,Kelvin Chan,OriginalOlives,sell
2026-07-02T10:00:38.666167+00:00,20:00:32,OB5X_202612_F,219.3,34,QuirkyQuinoas,OriginalOlives,sell
2026-07-02T10:00:38.666167+00:00,20:00:32,SAP,53.0,200,WavyWalnuts,YieldingYams,buy
2026-07-02T10:00:38.666167+00:00,20:00:33,ASML_202612_075P,45.7,1,Kelvin Chan,EssentialEagles,sell
2026-07-02T10:00:38.666167+00:00,20:00:33,ASML,117.0,200,WavyWalnuts,AverageAlmonds,buy
2026-07-02T10:00:38.666167+00:00,20:00:33,NVDA,58.4,20,AverageAlmonds,BrilliantBurritos,sell
2026-07-02T10:00:38.666167+00:00,20:00:33,OB5X_202612_120C,124.9,6,ScholarlySpearmints,Kelvin Chan,buy
2026-07-02T10:00:38.666167+00:00,20:00:33,OB5X_ETF,54.7,234,KindlyKales,LivelyLasagnas,buy
2026-07-02T10:00:38.666167+00:00,20:00:33,OB5X_202612_120P,26.1,5,ScholarlySpearmints,Kelvin Chan,buy
2026-07-02T10:00:38.666167+00:00,20:00:33,OB5X_202612_120P,26.7,41,ScholarlySpearmints,TactfulTangerines,buy
2026-07-02T10:00:40.877963+00:00,20:00:34,ASML_DUAL,117.3,44,CostlyCorianders,EarnestEspressos,buy
2026-07-02T10:00:40.877963+00:00,20:00:34,AAPL,142.9,200,WavyWalnuts,AverageAlmonds,sell
2026-07-02T10:00:40.877963+00:00,20:00:34,ASML_202706_F,120.6,46,AttentiveAntelopes,CapableCoyotes,buy
2026-07-02T10:00:40.877963+00:00,20:00:34,OB5X_202612_100P,17.1,3,Kelvin Chan,ScholarlySpearmints,sell
2026-07-02T10:00:40.877963+00:00,20:00:34,OB5X_202612_100P,17.0,48,TactfulTangerines,ScholarlySpearmints,sell
2026-07-02T10:00:40.877963+00:00,20:00:34,OB5X_202612_100P,17.0,3,VersatileVinegars,ScholarlySpearmints,sell
2026-07-02T10:00:40.877963+00:00,20:00:34,TSLA,9.5,200,Sze-Yong Ng,WavyWalnuts,sell
2026-07-02T10:00:40.877963+00:00,20:00:34,TSLA,9.5,500,AverageAlmonds,YieldingYams,sell
2026-07-02T10:00:40.877963+00:00,20:00:34,OB5X_ETF,54.7,250,NecessaryNutmegs,LivelyLasagnas,buy
2026-07-02T10:00:40.877963+00:00,20:00:34,OB5X_202706_F,225.6,100,QuirkyQuinoas,PowerfulPineapples,sell
2026-07-02T10:00:40.877963+00:00,20:00:34,ASML_202612_F,118.7,50,BoundlessBisons,DownrightDogfish,sell
2026-07-02T10:00:40.877963+00:00,20:00:34,OB5X_202703_F,221.9,10,Kelvin Chan,PowerfulPineapples,sell
2026-07-02T10:00:40.877963+00:00,20:00:34,OB5X_202703_F,221.9,90,QuirkyQuinoas,PowerfulPineapples,sell
2026-07-02T10:00:40.877963+00:00,20:00:34,OB5X_202706_F,225.6,50,QuirkyQuinoas,RadiantRisottos,sell
2026-07-02T10:00:40.877963+00:00,20:00:34,ASML_202703_F,119.5,50,BoundlessBisons,DownrightDogfish,sell
2026-07-02T10:00:40.877963+00:00,20:00:34,OB5X_ETF,54.7,3,Kelvin Chan,MarvelousMilkshakes,sell
2026-07-02T10:00:40.877963+00:00,20:00:34,TSLA,9.5,125,AverageAlmonds,YieldingYams,buy
2026-07-02T10:00:40.877963+00:00,20:00:34,OB5X_202703_F,221.9,50,QuirkyQuinoas,RadiantRisottos,sell
2026-07-02T10:00:40.877963+00:00,20:00:34,ASML_202706_F,120.4,50,BoundlessBisons,DownrightDogfish,sell
2026-07-02T10:00:40.877963+00:00,20:00:34,OB5X_202612_F,219.7,100,QuirkyQuinoas,PowerfulPineapples,sell
2026-07-02T10:00:40.877963+00:00,20:00:34,OB5X_202706_F,225.4,15,Kelvin Chan,OriginalOlives,sell
2026-07-02T10:00:40.877963+00:00,20:00:34,OB5X_202706_F,224.8,42,PowerfulPineapples,OriginalOlives,sell
2026-07-02T10:00:40.877963+00:00,20:00:34,SAP_DUAL,53.1,50,JazzyJellies,InfiniteIcecreams,buy
2026-07-02T10:00:40.877963+00:00,20:00:34,OB5X_202612_F,219.7,50,QuirkyQuinoas,RadiantRisottos,sell
2026-07-02T10:00:40.877963+00:00,20:00:34,OB5X_ETF,54.7,1,Kelvin Chan,MarvelousMilkshakes,buy
2026-07-02T10:00:40.877963+00:00,20:00:35,ASML_202612_F,118.6,32,Kelvin Chan,BoundlessBisons,sell
2026-07-02T10:00:40.877963+00:00,20:00:35,ASML_202612_F,118.6,64,Sze-Yong Ng,BoundlessBisons,sell
2026-07-02T10:00:40.877963+00:00,20:00:35,ASML_202612_F,118.4,4,CapableCoyotes,BoundlessBisons,sell
2026-07-02T10:00:40.877963+00:00,20:00:35,ASML_202612_050P,27.0,1,Kelvin Chan,EssentialEagles,sell
2026-07-02T10:00:40.877963+00:00,20:00:35,SAP,53.0,200,YieldingYams,WavyWalnuts,sell
2026-07-02T10:00:40.877963+00:00,20:00:35,ASML_202703_F,119.3,8,Kelvin Chan,BoundlessBisons,sell
2026-07-02T10:00:40.877963+00:00,20:00:35,ASML_202703_F,119.3,64,Sze-Yong Ng,BoundlessBisons,sell
2026-07-02T10:00:40.877963+00:00,20:00:35,ASML_202703_F,119.3,28,CapableCoyotes,BoundlessBisons,sell
2026-07-02T10:00:40.877963+00:00,20:00:35,TSLA,9.6,200,YieldingYams,Sze-Yong Ng,buy
2026-07-02T10:00:40.877963+00:00,20:00:35,TSLA,9.6,425,YieldingYams,AverageAlmonds,buy
2026-07-02T10:00:40.877963+00:00,20:00:35,ASML_202706_F,120.3,100,CapableCoyotes,BoundlessBisons,sell
2026-07-02T10:00:42.531961+00:00,20:00:35,ASML_202612_F,118.5,25,Kelvin Chan,AttentiveAntelopes,sell
2026-07-02T10:00:42.531961+00:00,20:00:35,ASML_202703_F,119.7,2,AttentiveAntelopes,Kelvin Chan,buy
2026-07-02T10:00:42.531961+00:00,20:00:35,ASML_202703_F,119.8,46,AttentiveAntelopes,CapableCoyotes,buy
2026-07-02T10:00:42.531961+00:00,20:00:35,NVDA,58.4,200,WavyWalnuts,YieldingYams,buy
2026-07-02T10:00:42.531961+00:00,20:00:36,NVDA,58.3,20,YieldingYams,BrilliantBurritos,sell
2026-07-02T10:00:42.531961+00:00,20:00:36,ASML_DUAL,117.0,50,FlawlessFlatbreads,DiligentDonuts,buy
2026-07-02T10:00:42.531961+00:00,20:00:36,ASML_202612_050P,27.3,1,EssentialEagles,Kelvin Chan,buy
2026-07-02T10:00:42.531961+00:00,20:00:36,ASML_202612_050P,27.3,41,EssentialEagles,FortunateFerrets,buy
2026-07-02T10:00:42.531961+00:00,20:00:36,OB5X_ETF,54.7,201,KindlyKales,MarvelousMilkshakes,buy
2026-07-02T10:00:42.531961+00:00,20:00:36,NVDA,58.4,180,YieldingYams,Kelvin Chan,buy
2026-07-02T10:00:42.531961+00:00,20:00:36,OB5X_202706_F,225.4,12,Kelvin Chan,OriginalOlives,sell
2026-07-02T10:00:42.531961+00:00,20:00:36,TSLA,9.5,200,Sze-Yong Ng,WavyWalnuts,sell
2026-07-02T10:00:42.531961+00:00,20:00:36,SAP,53.0,200,WavyWalnuts,YieldingYams,buy
2026-07-02T10:00:42.531961+00:00,20:00:36,SAP_DUAL,52.9,43,HomelyHerrings,GroovyGrapefruits,sell
2026-07-02T10:00:42.531961+00:00,20:00:36,ASML_202612_F,118.8,2,DownrightDogfish,Kelvin Chan,buy
2026-07-02T10:00:42.531961+00:00,20:00:36,ASML_202612_F,118.9,48,DownrightDogfish,CapableCoyotes,buy
2026-07-02T10:00:42.531961+00:00,20:00:36,TSLA,9.5,500,AverageAlmonds,YieldingYams,sell
2026-07-02T10:00:42.531961+00:00,20:00:36,ASML_202703_F,119.8,50,DownrightDogfish,CapableCoyotes,buy
2026-07-02T10:00:42.531961+00:00,20:00:36,SAP_DUAL,53.2,27,JazzyJellies,Kelvin Chan,buy
2026-07-02T10:00:42.531961+00:00,20:00:36,SAP_DUAL,53.4,23,JazzyJellies,HomelyHerrings,buy
2026-07-02T10:00:42.531961+00:00,20:00:36,OB5X_202612_080C,148.7,7,ScholarlySpearmints,Kelvin Chan,buy
2026-07-02T10:00:42.531961+00:00,20:00:36,ASML_202706_F,120.7,1,DownrightDogfish,Kelvin Chan,buy
2026-07-02T10:00:42.531961+00:00,20:00:36,ASML_202706_F,120.8,49,DownrightDogfish,CapableCoyotes,buy
2026-07-02T10:00:42.531961+00:00,20:00:36,SAP,53.1,200,YieldingYams,Sze-Yong Ng,buy
2026-07-02T10:00:42.531961+00:00,20:00:36,SAP,53.1,200,YieldingYams,WavyWalnuts,buy
2026-07-02T10:00:42.531961+00:00,20:00:36,OB5X_202703_F,221.9,10,QuirkyQuinoas,RadiantRisottos,sell
2026-07-02T10:00:42.531961+00:00,20:00:37,TSLA,9.4,125,AverageAlmonds,YieldingYams,buy
2026-07-02T10:00:42.531961+00:00,20:00:37,ASML,116.9,200,WavyWalnuts,AverageAlmonds,sell
2026-07-02T10:00:42.531961+00:00,20:00:37,ASML,116.9,300,YieldingYams,AverageAlmonds,sell
2026-07-02T10:00:42.531961+00:00,20:00:37,ASML,116.9,200,YieldingYams,WavyWalnuts,sell
2026-07-02T10:00:44.261481+00:00,20:00:37,NVDA,58.4,200,YieldingYams,WavyWalnuts,sell
2026-07-02T10:00:44.261481+00:00,20:00:37,OB5X_202612_080C,148.8,10,ScholarlySpearmints,Kelvin Chan,sell
2026-07-02T10:00:44.261481+00:00,20:00:37,AAPL,142.9,20,BrilliantBurritos,YieldingYams,buy
2026-07-02T10:00:44.261481+00:00,20:00:37,OB5X_202612_080C,148.8,9,ScholarlySpearmints,Kelvin Chan,sell
2026-07-02T10:00:44.261481+00:00,20:00:37,ASML_202612_050C,94.6,5,Kelvin Chan,EssentialEagles,sell
2026-07-02T10:00:44.261481+00:00,20:00:37,ASML_202612_050C,94.4,41,FortunateFerrets,EssentialEagles,sell
2026-07-02T10:00:44.261481+00:00,20:00:37,OB5X_ETF,54.6,204,LivelyLasagnas,KindlyKales,sell
2026-07-02T10:00:44.261481+00:00,20:00:37,TSLA,9.6,200,WavyWalnuts,Sze-Yong Ng,buy
2026-07-02T10:00:44.261481+00:00,20:00:37,SAP,53.1,200,YieldingYams,WavyWalnuts,sell
2026-07-02T10:00:44.261481+00:00,20:00:37,NVDA,58.4,180,Kelvin Chan,YieldingYams,sell
2026-07-02T10:00:44.261481+00:00,20:00:37,NVDA,58.4,445,AverageAlmonds,YieldingYams,sell
2026-07-02T10:00:44.261481+00:00,20:00:38,TSLA,9.6,500,YieldingYams,AverageAlmonds,buy
2026-07-02T10:00:44.261481+00:00,20:00:38,OB5X_202612_120C,124.4,3,Kelvin Chan,ScholarlySpearmints,sell
2026-07-02T10:00:44.261481+00:00,20:00:38,OB5X_202612_120C,123.6,40,VersatileVinegars,ScholarlySpearmints,sell
2026-07-02T10:00:44.261481+00:00,20:00:38,ASML,116.8,7,Kelvin Chan,BrilliantBurritos,sell
2026-07-02T10:00:44.261481+00:00,20:00:38,OB5X_202612_080P,10.1,3,Kelvin Chan,ScholarlySpearmints,sell
2026-07-02T10:00:44.261481+00:00,20:00:38,OB5X_202612_080P,10.1,56,TactfulTangerines,ScholarlySpearmints,sell
2026-07-02T10:00:44.261481+00:00,20:00:38,TSLA,9.6,125,YieldingYams,AverageAlmonds,sell
2026-07-02T10:00:44.261481+00:00,20:00:38,SAP,53.0,200,Sze-Yong Ng,YieldingYams,sell
2026-07-02T10:00:44.261481+00:00,20:00:38,SAP,53.0,425,AverageAlmonds,YieldingYams,sell
2026-07-02T10:00:44.261481+00:00,20:00:38,OB5X_202612_100P,17.8,3,ScholarlySpearmints,Kelvin Chan,buy
2026-07-02T10:00:44.261481+00:00,20:00:38,OB5X_202612_100P,18.0,44,ScholarlySpearmints,VersatileVinegars,buy
2026-07-02T10:00:44.261481+00:00,20:00:38,OB5X_ETF,54.6,296,LivelyLasagnas,NecessaryNutmegs,sell
2026-07-02T10:00:44.261481+00:00,20:00:38,OB5X_ETF,54.6,3,Kelvin Chan,NecessaryNutmegs,sell
2026-07-02T10:00:44.261481+00:00,20:00:38,ASML,116.9,200,YieldingYams,WavyWalnuts,buy
2026-07-02T10:00:44.261481+00:00,20:00:38,ASML_202612_F,118.5,18,Kelvin Chan,AttentiveAntelopes,sell
2026-07-02T10:00:44.261481+00:00,20:00:38,ASML_202612_F,118.5,32,CapableCoyotes,AttentiveAntelopes,sell
2026-07-02T10:00:44.261481+00:00,20:00:38,SAP_DUAL,53.2,50,JazzyJellies,InfiniteIcecreams,buy
2026-07-02T10:00:44.261481+00:00,20:00:38,TSLA,9.5,200,Sze-Yong Ng,WavyWalnuts,sell
2026-07-02T10:00:44.261481+00:00,20:00:38,SAP,53.0,200,AverageAlmonds,WavyWalnuts,sell
2026-07-02T10:00:44.261481+00:00,20:00:39,ASML_202612_F,118.5,50,CapableCoyotes,DownrightDogfish,sell
2026-07-02T10:00:44.261481+00:00,20:00:39,ASML_202703_F,119.4,14,Kelvin Chan,DownrightDogfish,sell
2026-07-02T10:00:44.261481+00:00,20:00:39,ASML_202703_F,119.4,36,CapableCoyotes,DownrightDogfish,sell
2026-07-02T10:00:44.261481+00:00,20:00:39,ASML_202706_F,120.3,50,CapableCoyotes,DownrightDogfish,sell
2026-07-02T10:00:44.261481+00:00,20:00:39,TSLA,9.5,500,AverageAlmonds,YieldingYams,sell
2026-07-02T10:00:44.261481+00:00,20:00:39,TSLA,9.4,125,WavyWalnuts,YieldingYams,sell
2026-07-02T10:00:44.261481+00:00,20:00:39,ASML,116.9,200,YieldingYams,WavyWalnuts,sell
2026-07-02T10:00:44.261481+00:00,20:00:39,NVDA,58.4,200,AverageAlmonds,WavyWalnuts,sell
2026-07-02T10:00:44.261481+00:00,20:00:39,SAP,53.2,8,YieldingYams,Kelvin Chan,buy
2026-07-02T10:00:44.261481+00:00,20:00:39,SAP,53.3,200,YieldingYams,Sze-Yong Ng,buy
2026-07-02T10:00:44.261481+00:00,20:00:39,SAP,53.3,417,YieldingYams,AverageAlmonds,buy
2026-07-02T10:00:44.261481+00:00,20:00:39,OB5X_202706_F,225.3,46,PowerfulPineapples,OriginalOlives,sell
2026-07-02T10:00:44.261481+00:00,20:00:39,OB5X_202612_080P,10.1,41,TactfulTangerines,ScholarlySpearmints,sell
2026-07-02T10:00:44.261481+00:00,20:00:39,OB5X_202703_F,221.9,51,OriginalOlives,QuirkyQuinoas,buy
2026-07-02T10:00:44.261481+00:00,20:00:39,OB5X_202612_F,219.6,57,OriginalOlives,QuirkyQuinoas,buy
2026-07-02T10:00:44.261481+00:00,20:00:40,TSLA,9.5,200,AverageAlmonds,WavyWalnuts,sell
2026-07-02T10:00:44.261481+00:00,20:00:40,OB5X_ETF,54.7,200,KindlyKales,MarvelousMilkshakes,buy
2026-07-02T10:00:44.261481+00:00,20:00:40,ASML_202612_100C,83.9,3,Kelvin Chan,EssentialEagles,sell
2026-07-02T10:00:44.261481+00:00,20:00:40,ASML_202612_100C,83.6,56,FortunateFerrets,EssentialEagles,sell
2026-07-02T10:00:44.261481+00:00,20:00:40,ASML_DUAL,116.9,2,Kelvin Chan,FlawlessFlatbreads,sell
2026-07-02T10:00:44.261481+00:00,20:00:40,ASML_202612_075C,88.7,3,Kelvin Chan,EssentialEagles,sell
2026-07-02T10:00:44.261481+00:00,20:00:40,ASML_202612_075C,88.5,42,FortunateFerrets,EssentialEagles,sell
2026-07-02T10:00:44.261481+00:00,20:00:40,ASML_202612_100P,65.5,3,Kelvin Chan,EssentialEagles,sell
2026-07-02T10:00:44.261481+00:00,20:00:40,ASML_202612_100P,65.3,44,FortunateFerrets,EssentialEagles,sell
2026-07-02T10:00:44.261481+00:00,20:00:40,ASML_202612_050P,27.2,3,EssentialEagles,Kelvin Chan,buy
2026-07-02T10:00:44.261481+00:00,20:00:40,ASML_202612_050P,27.3,40,EssentialEagles,FortunateFerrets,buy
2026-07-02T10:00:44.261481+00:00,20:00:40,OB5X_ETF,54.7,500,NecessaryNutmegs,MarvelousMilkshakes,buy
2026-07-02T10:00:44.261481+00:00,20:00:40,ASML_DUAL,116.7,42,EarnestEspressos,CostlyCorianders,sell
2026-07-02T10:00:44.261481+00:00,20:00:40,TSLA,9.6,200,YieldingYams,Sze-Yong Ng,buy
2026-07-02T10:00:44.261481+00:00,20:00:40,TSLA,9.6,425,YieldingYams,AverageAlmonds,buy
2026-07-02T10:00:44.261481+00:00,20:00:40,ASML,116.9,200,WavyWalnuts,YieldingYams,buy
2026-07-02T10:00:44.261481+00:00,20:00:40,NVDA,58.3,200,YieldingYams,WavyWalnuts,sell
2026-07-02T10:00:44.261481+00:00,20:00:40,OB5X_ETF,54.7,500,MarvelousMilkshakes,LivelyLasagnas,buy
2026-07-02T10:00:46.401979+00:00,20:00:41,AAPL,142.7,200,WavyWalnuts,YieldingYams,sell
2026-07-02T10:00:46.401979+00:00,20:00:41,OB5X_202612_F,219.5,100,PowerfulPineapples,QuirkyQuinoas,sell
2026-07-02T10:00:46.401979+00:00,20:00:41,SAP,53.1,200,WavyWalnuts,YieldingYams,buy
2026-07-02T10:00:46.401979+00:00,20:00:41,ASML_202612_F,118.5,10,Kelvin Chan,DownrightDogfish,sell
2026-07-02T10:00:46.401979+00:00,20:00:41,ASML_202612_F,118.4,40,BoundlessBisons,DownrightDogfish,sell
2026-07-02T10:00:46.401979+00:00,20:00:41,OB5X_202703_F,221.7,15,Kelvin Chan,OriginalOlives,sell
2026-07-02T10:00:46.401979+00:00,20:00:41,OB5X_202703_F,221.4,29,PowerfulPineapples,OriginalOlives,sell
2026-07-02T10:00:46.401979+00:00,20:00:41,ASML_202703_F,119.4,8,Kelvin Chan,DownrightDogfish,sell
2026-07-02T10:00:46.401979+00:00,20:00:41,ASML_202703_F,119.2,42,BoundlessBisons,DownrightDogfish,sell
2026-07-02T10:00:46.401979+00:00,20:00:41,ASML_202706_F,120.2,40,Sze-Yong Ng,DownrightDogfish,sell
2026-07-02T10:00:46.401979+00:00,20:00:41,ASML_202706_F,120.2,6,Kelvin Chan,DownrightDogfish,sell
2026-07-02T10:00:46.401979+00:00,20:00:41,ASML_202706_F,120.2,4,Sze-Yong Ng,DownrightDogfish,sell
2026-07-02T10:00:46.401979+00:00,20:00:41,ASML_202612_100P,65.8,2,EssentialEagles,Kelvin Chan,buy
2026-07-02T10:00:46.401979+00:00,20:00:41,ASML_202612_100P,66.0,54,EssentialEagles,FortunateFerrets,buy
2026-07-02T10:00:46.401979+00:00,20:00:41,ASML_DUAL,117.0,46,CostlyCorianders,DiligentDonuts,buy
2026-07-02T10:00:48.129979+00:00,20:00:41,ASML_202612_F,118.6,58,AttentiveAntelopes,CapableCoyotes,buy
2026-07-02T10:00:48.129979+00:00,20:00:41,TSLA,9.5,200,AverageAlmonds,WavyWalnuts,buy
2026-07-02T10:00:48.129979+00:00,20:00:41,ASML,116.9,200,WavyWalnuts,YieldingYams,buy
2026-07-02T10:00:48.129979+00:00,20:00:41,NVDA,58.4,200,WavyWalnuts,YieldingYams,buy
2026-07-02T10:00:48.129979+00:00,20:00:41,AAPL,142.7,200,WavyWalnuts,YieldingYams,buy
2026-07-02T10:00:48.129979+00:00,20:00:42,TSLA,9.5,300,AverageAlmonds,YieldingYams,sell
2026-07-02T10:00:48.129979+00:00,20:00:42,TSLA,9.4,200,Sze-Yong Ng,YieldingYams,sell
2026-07-02T10:00:48.129979+00:00,20:00:42,TSLA,9.4,125,WavyWalnuts,YieldingYams,sell
2026-07-02T10:00:48.129979+00:00,20:00:42,NVDA,58.3,20,YieldingYams,BrilliantBurritos,sell
2026-07-02T10:00:48.129979+00:00,20:00:42,SAP,52.9,200,Sze-Yong Ng,YieldingYams,sell
2026-07-02T10:00:48.129979+00:00,20:00:42,SAP,52.9,425,AverageAlmonds,YieldingYams,sell
2026-07-02T10:00:48.129979+00:00,20:00:42,OB5X_ETF,54.7,237,MarvelousMilkshakes,KindlyKales,sell
2026-07-02T10:00:48.129979+00:00,20:00:42,ASML_DUAL,117.0,50,FlawlessFlatbreads,DiligentDonuts,buy
2026-07-02T10:00:48.129979+00:00,20:00:42,OB5X_202612_100C,135.5,50,ScholarlySpearmints,VersatileVinegars,buy
2026-07-02T10:00:48.129979+00:00,20:00:42,OB5X_202612_100C,135.7,2,ScholarlySpearmints,Kelvin Chan,buy
2026-07-02T10:00:48.129979+00:00,20:00:43,ASML_202612_100P,65.5,6,Kelvin Chan,EssentialEagles,sell
2026-07-02T10:00:48.129979+00:00,20:00:43,ASML_202612_100P,65.3,43,FortunateFerrets,EssentialEagles,sell
2026-07-02T10:00:48.129979+00:00,20:00:43,SAP_DUAL,53.3,16,JazzyJellies,Kelvin Chan,buy
2026-07-02T10:00:48.129979+00:00,20:00:43,SAP_DUAL,53.4,34,JazzyJellies,HomelyHerrings,buy
2026-07-02T10:00:48.129979+00:00,20:00:43,NVDA,58.4,200,WavyWalnuts,YieldingYams,buy
2026-07-02T10:00:48.129979+00:00,20:00:43,OB5X_202703_F,221.6,11,Kelvin Chan,OriginalOlives,sell
2026-07-02T10:00:48.129979+00:00,20:00:43,OB5X_202703_F,221.4,35,PowerfulPineapples,OriginalOlives,sell
2026-07-02T10:00:48.129979+00:00,20:00:43,TSLA,9.6,200,YieldingYams,WavyWalnuts,buy
2026-07-02T10:00:48.129979+00:00,20:00:43,TSLA,9.6,425,YieldingYams,AverageAlmonds,buy
2026-07-02T10:00:48.129979+00:00,20:00:43,SAP,53.1,200,WavyWalnuts,YieldingYams,sell
2026-07-02T10:00:48.129979+00:00,20:00:43,SAP_DUAL,53.1,1,InfiniteIcecreams,Xuanyu Liu,sell
2026-07-02T10:00:48.129979+00:00,20:00:43,SAP,53.1,1,Xuanyu Liu,YieldingYams,buy
2026-07-02T10:00:48.129979+00:00,20:00:43,ASML_202612_F,118.4,5,Kelvin Chan,DownrightDogfish,sell
2026-07-02T10:00:48.129979+00:00,20:00:43,ASML_202612_F,118.2,45,BoundlessBisons,DownrightDogfish,sell
2026-07-02T10:00:48.129979+00:00,20:00:43,TSLA,9.6,200,WavyWalnuts,AverageAlmonds,buy
2026-07-02T10:00:48.129979+00:00,20:00:43,SAP_DUAL,53.1,8,InfiniteIcecreams,Xuanyu Liu,sell
2026-07-02T10:00:48.129979+00:00,20:00:43,SAP,53.0,8,Xuanyu Liu,WavyWalnuts,buy
2026-07-02T10:00:48.129979+00:00,20:00:43,ASML_202703_F,119.4,4,Kelvin Chan,DownrightDogfish,sell
2026-07-02T10:00:48.129979+00:00,20:00:43,ASML_202703_F,119.1,46,BoundlessBisons,DownrightDogfish,sell
2026-07-02T10:00:48.129979+00:00,20:00:43,ASML_202706_F,120.3,4,Kelvin Chan,DownrightDogfish,sell
2026-07-02T10:00:48.129979+00:00,20:00:43,ASML_202706_F,120.2,20,Sze-Yong Ng,DownrightDogfish,sell
2026-07-02T10:00:48.129979+00:00,20:00:43,ASML_202706_F,120.0,26,BoundlessBisons,DownrightDogfish,sell
2026-07-02T10:00:48.129979+00:00,20:00:44,ASML_DUAL,117.1,45,CostlyCorianders,EarnestEspressos,buy
2026-07-02T10:00:48.129979+00:00,20:00:44,OB5X_202612_120C,124.7,8,ScholarlySpearmints,Kelvin Chan,buy
2026-07-02T10:00:48.129979+00:00,20:00:44,AAPL,142.8,200,YieldingYams,WavyWalnuts,sell
2026-07-02T10:00:48.129979+00:00,20:00:44,ASML_DUAL,117.2,2,FlawlessFlatbreads,Kelvin Chan,buy
2026-07-02T10:00:48.129979+00:00,20:00:44,ASML_DUAL,117.4,48,FlawlessFlatbreads,DiligentDonuts,buy
2026-07-02T10:00:48.129979+00:00,20:00:44,OB5X_202612_120C,124.7,36,ScholarlySpearmints,VersatileVinegars,sell
2026-07-02T10:00:48.129979+00:00,20:00:44,TSLA,9.5,500,AverageAlmonds,YieldingYams,sell
2026-07-02T10:00:48.129979+00:00,20:00:44,ASML_DUAL,116.9,47,DiligentDonuts,CostlyCorianders,sell
2026-07-02T10:00:48.129979+00:00,20:00:44,AAPL,142.8,20,YieldingYams,BrilliantBurritos,sell
2026-07-02T10:00:48.129979+00:00,20:00:44,SAP,53.0,192,YieldingYams,WavyWalnuts,buy
2026-07-02T10:00:51.631795+00:00,20:00:44,TSLA,9.5,125,AverageAlmonds,YieldingYams,buy
2026-07-02T10:00:51.631795+00:00,20:00:44,OB5X_ETF,54.6,500,LivelyLasagnas,NecessaryNutmegs,sell
2026-07-02T10:00:51.631795+00:00,20:00:45,TSLA,9.6,200,WavyWalnuts,Sze-Yong Ng,buy
2026-07-02T10:00:51.631795+00:00,20:00:45,ASML_202612_075P,45.7,1,Kelvin Chan,EssentialEagles,sell
2026-07-02T10:00:51.631795+00:00,20:00:45,ASML,116.9,200,WavyWalnuts,YieldingYams,sell
2026-07-02T10:00:51.631795+00:00,20:00:45,ASML_DUAL,116.9,3,DiligentDonuts,Xuanyu Liu,sell
2026-07-02T10:00:51.631795+00:00,20:00:45,ASML_DUAL,116.9,25,DiligentDonuts,Lachlan Han,sell
2026-07-02T10:00:51.631795+00:00,20:00:45,ASML,116.8,3,Xuanyu Liu,YieldingYams,buy
2026-07-02T10:00:51.631795+00:00,20:00:45,ASML,116.8,25,Lachlan Han,YieldingYams,buy
2026-07-02T10:00:51.631795+00:00,20:00:45,SAP_DUAL,53.1,50,InfiniteIcecreams,JazzyJellies,sell
2026-07-02T10:00:51.631795+00:00,20:00:45,SAP,53.1,20,BrilliantBurritos,WavyWalnuts,buy
2026-07-02T10:00:51.631795+00:00,20:00:45,ASML_DUAL,116.9,25,DiligentDonuts,Lachlan Han,sell
2026-07-02T10:00:51.631795+00:00,20:00:45,ASML,116.8,25,Lachlan Han,YieldingYams,buy
2026-07-02T10:00:51.631795+00:00,20:00:45,ASML,116.8,200,WavyWalnuts,YieldingYams,buy
2026-07-02T10:00:51.631795+00:00,20:00:45,AAPL,142.8,200,YieldingYams,WavyWalnuts,sell
2026-07-02T10:00:51.631795+00:00,20:00:45,ASML_202612_F,118.4,3,Kelvin Chan,BoundlessBisons,sell
2026-07-02T10:00:51.631795+00:00,20:00:45,ASML_202612_F,118.3,97,CapableCoyotes,BoundlessBisons,sell
2026-07-02T10:00:55.085059+00:00,20:00:45,ASML_202703_F,119.4,3,Kelvin Chan,BoundlessBisons,sell
2026-07-02T10:00:55.085059+00:00,20:00:45,ASML_202703_F,119.2,97,CapableCoyotes,BoundlessBisons,sell
2026-07-02T10:00:55.085059+00:00,20:00:45,TSLA,9.6,500,YieldingYams,AverageAlmonds,buy
2026-07-02T10:00:55.085059+00:00,20:00:45,TSLA,9.7,125,YieldingYams,WavyWalnuts,buy
2026-07-02T10:00:55.085059+00:00,20:00:46,ASML_202706_F,120.2,2,Kelvin Chan,BoundlessBisons,sell
2026-07-02T10:00:55.085059+00:00,20:00:46,ASML_202706_F,120.1,98,CapableCoyotes,BoundlessBisons,sell
2026-07-02T10:00:55.085059+00:00,20:00:46,ASML_202612_F,118.7,50,DownrightDogfish,Sze-Yong Ng,buy
2026-07-02T10:00:55.085059+00:00,20:00:46,ASML_202703_F,119.6,50,DownrightDogfish,Sze-Yong Ng,buy
2026-07-02T10:00:55.085059+00:00,20:00:46,TSLA,9.6,200,WavyWalnuts,AverageAlmonds,buy
2026-07-02T10:00:55.085059+00:00,20:00:46,OB5X_202612_F,219.3,8,Kelvin Chan,OriginalOlives,sell
2026-07-02T10:00:55.085059+00:00,20:00:46,OB5X_202612_F,219.3,37,QuirkyQuinoas,OriginalOlives,sell
2026-07-02T10:00:55.085059+00:00,20:00:46,ASML_202706_F,120.4,44,DownrightDogfish,Sze-Yong Ng,buy
2026-07-02T10:00:55.085059+00:00,20:00:46,ASML_202706_F,120.4,6,DownrightDogfish,Sze-Yong Ng,buy
2026-07-02T10:00:55.085059+00:00,20:00:46,ASML_202612_075P,45.8,8,Kelvin Chan,EssentialEagles,sell
2026-07-02T10:00:55.085059+00:00,20:00:46,ASML_202612_100P,65.7,1,EssentialEagles,Kelvin Chan,buy
2026-07-02T10:00:55.085059+00:00,20:00:46,ASML_202612_100P,66.0,55,EssentialEagles,FortunateFerrets,buy
2026-07-02T10:00:55.085059+00:00,20:00:46,ASML_DUAL,117.2,5,FlawlessFlatbreads,Kelvin Chan,buy
2026-07-02T10:00:55.085059+00:00,20:00:46,ASML_DUAL,117.4,45,FlawlessFlatbreads,EarnestEspressos,buy
2026-07-02T10:00:55.085059+00:00,20:00:46,AAPL,142.9,200,YieldingYams,WavyWalnuts,sell
2026-07-02T10:00:55.085059+00:00,20:00:46,NVDA,58.5,180,YieldingYams,Kelvin Chan,buy
2026-07-02T10:00:55.085059+00:00,20:00:46,OB5X_ETF,54.7,500,NecessaryNutmegs,LivelyLasagnas,buy
2026-07-02T10:00:55.085059+00:00,20:00:47,AAPL,142.9,20,YieldingYams,BrilliantBurritos,sell
2026-07-02T10:00:55.085059+00:00,20:00:47,SAP_DUAL,53.0,44,Kelvin Chan,GroovyGrapefruits,sell
2026-07-02T10:00:55.085059+00:00,20:00:47,SAP_DUAL,52.9,3,HomelyHerrings,GroovyGrapefruits,sell
2026-07-02T10:00:55.085059+00:00,20:00:47,SAP_DUAL,53.0,35,Kelvin Chan,JazzyJellies,sell
2026-07-02T10:00:55.085059+00:00,20:00:47,SAP_DUAL,53.0,15,HomelyHerrings,JazzyJellies,sell
2026-07-02T10:00:55.085059+00:00,20:00:47,SAP,53.1,200,WavyWalnuts,YieldingYams,buy
2026-07-02T10:00:55.085059+00:00,20:00:47,AAPL,143.0,20,YieldingYams,BrilliantBurritos,sell
2026-07-02T10:00:55.085059+00:00,20:00:47,ASML,117.0,200,YieldingYams,WavyWalnuts,buy
2026-07-02T10:00:55.085059+00:00,20:00:47,OB5X_202706_F,225.3,100,QuirkyQuinoas,PowerfulPineapples,buy
2026-07-02T10:00:55.085059+00:00,20:00:47,OB5X_202706_F,225.4,24,QuirkyQuinoas,Kelvin Chan,buy
2026-07-02T10:00:55.085059+00:00,20:00:48,OB5X_202706_F,225.4,21,QuirkyQuinoas,Kelvin Chan,sell
2026-07-02T10:00:55.085059+00:00,20:00:48,AAPL,143.0,200,YieldingYams,WavyWalnuts,sell
2026-07-02T10:00:55.085059+00:00,20:00:48,OB5X_202706_F,225.4,5,QuirkyQuinoas,Kelvin Chan,sell
2026-07-02T10:00:55.085059+00:00,20:00:48,OB5X_202703_F,221.7,100,QuirkyQuinoas,PowerfulPineapples,buy
2026-07-02T10:00:55.085059+00:00,20:00:48,OB5X_202703_F,221.8,17,QuirkyQuinoas,Kelvin Chan,buy
2026-07-02T10:00:55.085059+00:00,20:00:48,ASML,117.1,10,BrilliantBurritos,Kelvin Chan,buy
