captured_at,time,ticker,price,volume,buyer,seller,aggressor
2026-07-12T12:57:09.489505+00:00,22:56:55,ASML,61.0,200,WavyWalnuts,YieldingYams,sell
2026-07-12T12:57:09.489505+00:00,22:56:55,ASML_202706_F,59.6,7,CapableCoyotes,Kelvin Chan,sell
2026-07-12T12:57:09.489505+00:00,22:56:55,ASML_DUAL,60.6,1,xingzhi Dang,EarnestEspressos,buy
2026-07-12T12:57:09.489505+00:00,22:56:55,ASML,60.8,1,Kelvin Chan,xingzhi Dang,sell
2026-07-12T12:57:09.489505+00:00,22:56:55,ASML_202612_100C,36.4,1,EssentialEagles,Kelvin Chan,buy
2026-07-12T12:57:09.489505+00:00,22:56:55,OB5X_202612_120C,84.0,4,Kelvin Chan,ScholarlySpearmints,sell
2026-07-12T12:57:09.489505+00:00,22:56:55,OB5X_202612_120C,83.7,49,TactfulTangerines,ScholarlySpearmints,sell
2026-07-12T12:57:09.489505+00:00,22:56:55,ASML_202612_050C,42.9,2,GenerousGeckos,EssentialEagles,sell
2026-07-12T12:57:09.489505+00:00,22:56:55,OB5X_ETF,40.3,11,LivelyLasagnas,NecessaryNutmegs,sell
2026-07-12T12:57:09.489505+00:00,22:56:55,OB5X_ETF,40.1,1,Kelvin Chan,NecessaryNutmegs,sell
2026-07-12T12:57:09.489505+00:00,22:56:55,OB5X_ETF,40.1,488,MarvelousMilkshakes,NecessaryNutmegs,sell
2026-07-12T12:57:09.489505+00:00,22:56:55,NVDA,42.5,200,YieldingYams,WavyWalnuts,sell
2026-07-12T12:57:09.489505+00:00,22:56:55,ASML_202612_F,59.0,5,CapableCoyotes,Kelvin Chan,sell
2026-07-12T12:57:09.489505+00:00,22:56:55,OB5X_202612_100C,90.6,6,ScholarlySpearmints,Kelvin Chan,buy
2026-07-12T12:57:09.489505+00:00,22:56:55,OB5X_202612_100C,90.7,42,ScholarlySpearmints,TactfulTangerines,buy
2026-07-12T12:57:09.489505+00:00,22:56:55,OB5X_202612_100P,21.9,6,ScholarlySpearmints,Kelvin Chan,buy
2026-07-12T12:57:09.489505+00:00,22:56:55,OB5X_202612_100P,22.3,45,ScholarlySpearmints,TactfulTangerines,buy
2026-07-12T12:57:09.489505+00:00,22:56:55,ASML_202703_F,59.3,3,CapableCoyotes,Kelvin Chan,sell
2026-07-12T12:57:09.489505+00:00,22:56:55,ASML_202612_F,59.0,2,CapableCoyotes,Kelvin Chan,sell
2026-07-12T12:57:09.489505+00:00,22:56:55,ASML_202706_F,59.6,2,CapableCoyotes,Kelvin Chan,sell
2026-07-12T12:57:09.489505+00:00,22:56:56,OB5X_ETF,40.3,212,KindlyKales,MarvelousMilkshakes,buy
2026-07-12T12:57:09.489505+00:00,22:56:56,ASML,60.8,1,Kelvin Chan,Harry Stankovic,sell
2026-07-12T12:57:09.489505+00:00,22:56:56,ASML,60.8,9,YieldingYams,Harry Stankovic,sell
2026-07-12T12:57:09.489505+00:00,22:56:56,ASML_DUAL,60.6,10,Harry Stankovic,EarnestEspressos,buy
2026-07-12T12:57:09.489505+00:00,22:56:56,ASML_202612_F,59.0,1,CapableCoyotes,Kelvin Chan,sell
2026-07-12T12:57:09.489505+00:00,22:56:56,ASML,61.0,200,WavyWalnuts,YieldingYams,buy
2026-07-12T12:57:09.489505+00:00,22:56:56,ASML_202612_F,59.0,19,CapableCoyotes,DownrightDogfish,sell
2026-07-12T12:57:09.489505+00:00,22:56:56,TSLA,12.8,200,YieldingYams,WavyWalnuts,buy
2026-07-12T12:57:09.489505+00:00,22:56:56,TSLA,12.8,425,YieldingYams,AverageAlmonds,buy
2026-07-12T12:57:09.489505+00:00,22:56:56,ASML_DUAL,60.6,1,xingzhi Dang,EarnestEspressos,buy
2026-07-12T12:57:09.489505+00:00,22:56:56,ASML,60.8,1,YieldingYams,xingzhi Dang,sell
2026-07-12T12:57:09.489505+00:00,22:56:56,NVDA,42.4,200,WavyWalnuts,YieldingYams,sell
2026-07-12T12:57:09.489505+00:00,22:56:56,NVDA,42.4,425,AverageAlmonds,YieldingYams,sell
2026-07-12T12:57:09.489505+00:00,22:56:56,ASML_202703_F,59.3,1,CapableCoyotes,DownrightDogfish,sell
2026-07-12T12:57:09.489505+00:00,22:56:56,ASML_202612_050C,42.9,8,Kelvin Chan,EssentialEagles,sell
2026-07-12T12:57:09.489505+00:00,22:56:56,ASML_202706_F,59.6,2,CapableCoyotes,Kelvin Chan,sell
2026-07-12T12:57:09.489505+00:00,22:56:56,ASML_202706_F,59.6,13,CapableCoyotes,DownrightDogfish,sell
2026-07-12T12:57:09.489505+00:00,22:56:56,ASML_202612_050P,31.8,9,EssentialEagles,Kelvin Chan,buy
2026-07-12T12:57:09.489505+00:00,22:56:56,ASML_202612_050P,31.9,49,EssentialEagles,GenerousGeckos,buy
2026-07-12T12:57:09.489505+00:00,22:56:56,ASML_DUAL,60.4,1,Kelvin Chan,FlawlessFlatbreads,sell
2026-07-12T12:57:09.489505+00:00,22:56:56,ASML_DUAL,60.4,49,DiligentDonuts,FlawlessFlatbreads,sell
2026-07-12T12:57:09.489505+00:00,22:56:56,ASML_202612_F,58.7,100,BoundlessBisons,CapableCoyotes,buy
2026-07-12T12:57:09.489505+00:00,22:56:56,OB5X_202612_F,174.4,17,OriginalOlives,Kelvin Chan,buy
2026-07-12T12:57:09.489505+00:00,22:56:56,OB5X_202612_F,174.5,27,OriginalOlives,QuirkyQuinoas,buy
2026-07-12T12:57:09.489505+00:00,22:56:57,ASML_202703_F,59.0,100,BoundlessBisons,CapableCoyotes,buy
2026-07-12T12:57:09.489505+00:00,22:56:57,OB5X_202612_120C,84.6,5,ScholarlySpearmints,Kelvin Chan,buy
2026-07-12T12:57:09.489505+00:00,22:56:57,OB5X_202612_120C,85.1,40,ScholarlySpearmints,VersatileVinegars,buy
2026-07-12T12:57:09.489505+00:00,22:56:57,SAP_DUAL,51.6,50,HomelyHerrings,JazzyJellies,sell
2026-07-12T12:57:09.489505+00:00,22:56:57,OB5X_202612_080P,12.9,5,Kelvin Chan,ScholarlySpearmints,sell
2026-07-12T12:57:09.489505+00:00,22:56:57,ASML_202706_F,59.3,100,BoundlessBisons,CapableCoyotes,buy
2026-07-12T12:57:09.489505+00:00,22:56:57,OB5X_202612_080C,105.7,5,Kelvin Chan,ScholarlySpearmints,sell
2026-07-12T12:57:09.489505+00:00,22:56:57,OB5X_202612_080C,105.4,51,TactfulTangerines,ScholarlySpearmints,sell
2026-07-12T12:57:09.489505+00:00,22:56:57,OB5X_202706_F,184.0,14,Kelvin Chan,RadiantRisottos,sell
2026-07-12T12:57:09.489505+00:00,22:56:57,ASML_DUAL,60.6,1,xingzhi Dang,EarnestEspressos,buy
2026-07-12T12:57:09.489505+00:00,22:56:57,ASML,60.8,1,Kelvin Chan,xingzhi Dang,sell
2026-07-12T12:57:09.489505+00:00,22:56:57,OB5X_202612_100C,90.5,5,ScholarlySpearmints,Kelvin Chan,buy
2026-07-12T12:57:09.489505+00:00,22:56:57,OB5X_202612_100C,90.7,49,ScholarlySpearmints,TactfulTangerines,buy
2026-07-12T12:57:09.489505+00:00,22:56:57,ASML,60.9,200,WavyWalnuts,YieldingYams,buy
2026-07-12T12:57:09.489505+00:00,22:56:57,OB5X_202612_100C,90.0,5,Kelvin Chan,ScholarlySpearmints,sell
2026-07-12T12:57:09.489505+00:00,22:56:57,OB5X_202612_100C,89.4,50,TactfulTangerines,ScholarlySpearmints,sell
2026-07-12T12:57:09.489505+00:00,22:56:57,OB5X_202612_080P,12.8,6,Kelvin Chan,ScholarlySpearmints,buy
2026-07-12T12:57:09.489505+00:00,22:56:57,OB5X_ETF,40.1,500,MarvelousMilkshakes,NecessaryNutmegs,sell
2026-07-12T12:57:09.489505+00:00,22:56:57,OB5X_202612_100P,22.0,6,ScholarlySpearmints,Kelvin Chan,buy
2026-07-12T12:57:09.489505+00:00,22:56:57,OB5X_202612_100P,22.3,52,ScholarlySpearmints,TactfulTangerines,buy
2026-07-12T12:57:09.489505+00:00,22:56:57,ASML_202612_075P,52.3,58,FortunateFerrets,EssentialEagles,sell
2026-07-12T12:57:09.489505+00:00,22:56:57,OB5X_202612_080P,12.8,6,Kelvin Chan,ScholarlySpearmints,buy
2026-07-12T12:57:09.489505+00:00,22:56:57,TSLA,12.7,180,Kelvin Chan,YieldingYams,sell
2026-07-12T12:57:09.489505+00:00,22:56:57,TSLA,12.7,200,WavyWalnuts,YieldingYams,sell
2026-07-12T12:57:09.489505+00:00,22:56:57,TSLA,12.7,245,AverageAlmonds,YieldingYams,sell
2026-07-12T12:57:09.489505+00:00,22:56:57,NVDA,42.5,200,YieldingYams,WavyWalnuts,buy
2026-07-12T12:57:09.489505+00:00,22:56:57,NVDA,42.6,180,YieldingYams,Kelvin Chan,buy
2026-07-12T12:57:09.489505+00:00,22:56:57,NVDA,42.7,245,YieldingYams,AverageAlmonds,buy
2026-07-12T12:57:09.489505+00:00,22:56:57,ASML_202612_100P,73.8,47,GenerousGeckos,EssentialEagles,sell
2026-07-12T12:57:09.489505+00:00,22:56:57,SAP,51.6,200,YieldingYams,WavyWalnuts,buy
2026-07-12T12:57:09.489505+00:00,22:56:57,AAPL,139.4,200,YieldingYams,WavyWalnuts,buy
2026-07-12T12:57:09.489505+00:00,22:56:57,AAPL,139.5,425,YieldingYams,AverageAlmonds,buy
2026-07-12T12:57:09.489505+00:00,22:56:58,OB5X_202612_080P,12.8,6,Kelvin Chan,ScholarlySpearmints,buy
2026-07-12T12:57:09.489505+00:00,22:56:58,OB5X_202612_080P,12.8,5,Kelvin Chan,ScholarlySpearmints,buy
2026-07-12T12:57:09.489505+00:00,22:56:58,ASML_DUAL,60.4,41,DiligentDonuts,CostlyCorianders,sell
2026-07-12T12:57:09.489505+00:00,22:56:58,ASML_DUAL,60.6,1,xingzhi Dang,EarnestEspressos,buy
2026-07-12T12:57:09.489505+00:00,22:56:58,ASML,60.9,1,YieldingYams,xingzhi Dang,sell
2026-07-12T12:57:09.489505+00:00,22:56:58,OB5X_202612_080P,12.8,5,Kelvin Chan,ScholarlySpearmints,buy
2026-07-12T12:57:09.489505+00:00,22:56:58,ASML_202612_F,58.7,50,DownrightDogfish,CapableCoyotes,buy
2026-07-12T12:57:09.489505+00:00,22:56:58,OB5X_202612_080P,12.8,5,Kelvin Chan,ScholarlySpearmints,buy
2026-07-12T12:57:09.489505+00:00,22:56:58,ASML,61.0,200,WavyWalnuts,YieldingYams,buy
2026-07-12T12:57:09.489505+00:00,22:56:58,ASML_202703_F,59.0,50,DownrightDogfish,CapableCoyotes,buy
2026-07-12T12:57:09.489505+00:00,22:56:58,ASML_202612_075C,39.1,8,Kelvin Chan,EssentialEagles,sell
2026-07-12T12:57:09.489505+00:00,22:56:58,ASML_202612_075C,39.0,33,GenerousGeckos,EssentialEagles,sell
2026-07-12T12:57:09.489505+00:00,22:56:58,ASML_DUAL,60.4,10,DiligentDonuts,FlawlessFlatbreads,sell
2026-07-12T12:57:09.489505+00:00,22:56:58,ASML_DUAL,60.1,40,EarnestEspressos,FlawlessFlatbreads,sell
2026-07-12T12:57:09.489505+00:00,22:56:58,ASML_202706_F,59.3,50,DownrightDogfish,CapableCoyotes,buy
2026-07-12T12:57:09.489505+00:00,22:56:59,TSLA,12.7,200,YieldingYams,WavyWalnuts,buy
2026-07-12T12:57:09.489505+00:00,22:56:59,NVDA,42.6,200,WavyWalnuts,YieldingYams,sell
2026-07-12T12:57:09.489505+00:00,22:56:59,NVDA,42.6,180,Kelvin Chan,YieldingYams,sell
2026-07-12T12:57:09.489505+00:00,22:56:59,NVDA,42.5,245,AverageAlmonds,YieldingYams,sell
2026-07-12T12:57:09.489505+00:00,22:56:59,SAP,51.6,200,WavyWalnuts,YieldingYams,sell
2026-07-12T12:57:09.489505+00:00,22:56:59,TSLA,12.7,200,YieldingYams,WavyWalnuts,sell
2026-07-12T12:57:09.489505+00:00,22:56:59,ASML_DUAL,60.6,1,xingzhi Dang,EarnestEspressos,buy
2026-07-12T12:57:09.489505+00:00,22:56:59,ASML,60.9,1,YieldingYams,xingzhi Dang,sell
2026-07-12T12:57:11.225504+00:00,22:56:59,ASML_202612_050C,43.1,2,EssentialEagles,Kelvin Chan,buy
2026-07-12T12:57:11.225504+00:00,22:56:59,ASML_202612_050C,43.3,38,EssentialEagles,FortunateFerrets,buy
2026-07-12T12:57:11.225504+00:00,22:56:59,OB5X_ETF,40.1,500,LivelyLasagnas,NecessaryNutmegs,sell
2026-07-12T12:57:11.225504+00:00,22:56:59,OB5X_202706_F,184.1,45,OriginalOlives,QuirkyQuinoas,buy
2026-07-12T12:57:11.225504+00:00,22:57:00,ASML_202612_F,59.0,1,CapableCoyotes,Kelvin Chan,buy
2026-07-12T12:57:11.225504+00:00,22:57:00,ASML_202612_F,59.2,100,CapableCoyotes,BoundlessBisons,buy
2026-07-12T12:57:11.225504+00:00,22:57:00,OB5X_202612_080P,12.8,4,Kelvin Chan,ScholarlySpearmints,sell
2026-07-12T12:57:11.225504+00:00,22:57:00,OB5X_202612_080P,12.7,50,TactfulTangerines,ScholarlySpearmints,sell
2026-07-12T12:57:11.225504+00:00,22:57:00,ASML_202703_F,59.2,1,CapableCoyotes,Kelvin Chan,buy
2026-07-12T12:57:11.225504+00:00,22:57:00,ASML_202703_F,59.6,100,CapableCoyotes,BoundlessBisons,buy
2026-07-12T12:57:11.225504+00:00,22:57:00,TSLA,12.6,200,WavyWalnuts,YieldingYams,sell
2026-07-12T12:57:11.225504+00:00,22:57:00,TSLA,12.6,425,AverageAlmonds,YieldingYams,sell
2026-07-12T12:57:11.225504+00:00,22:57:00,OB5X_202612_100P,22.1,7,ScholarlySpearmints,Kelvin Chan,buy
2026-07-12T12:57:11.225504+00:00,22:57:00,OB5X_202612_100P,22.3,38,ScholarlySpearmints,TactfulTangerines,buy
2026-07-12T12:57:11.225504+00:00,22:57:00,ASML_202706_F,59.5,6,CapableCoyotes,Kelvin Chan,buy
2026-07-12T12:57:11.225504+00:00,22:57:00,ASML_202706_F,59.9,100,CapableCoyotes,BoundlessBisons,buy
2026-07-12T12:57:11.225504+00:00,22:57:00,ASML_202612_F,59.4,49,CapableCoyotes,BoundlessBisons,sell
2026-07-12T12:57:11.225504+00:00,22:57:00,ASML,61.0,200,WavyWalnuts,YieldingYams,sell
2026-07-12T12:57:11.225504+00:00,22:57:00,ASML_DUAL,60.6,1,xingzhi Dang,EarnestEspressos,buy
2026-07-12T12:57:11.225504+00:00,22:57:00,ASML,60.8,1,Kelvin Chan,xingzhi Dang,sell
2026-07-12T12:57:11.225504+00:00,22:57:00,ASML_202703_F,59.8,49,CapableCoyotes,BoundlessBisons,sell
2026-07-12T12:57:11.225504+00:00,22:57:00,TSLA,12.7,20,WavyWalnuts,BrilliantBurritos,sell
2026-07-12T12:57:11.225504+00:00,22:57:00,ASML_202706_F,60.1,44,CapableCoyotes,BoundlessBisons,sell
2026-07-12T12:57:11.225504+00:00,22:57:00,ASML_DUAL,60.6,50,FlawlessFlatbreads,EarnestEspressos,buy
2026-07-12T12:57:11.225504+00:00,22:57:00,ASML_202612_075P,52.4,1,Kelvin Chan,EssentialEagles,sell
2026-07-12T12:57:11.225504+00:00,22:57:00,SAP,51.5,200,YieldingYams,WavyWalnuts,sell
2026-07-12T12:57:11.225504+00:00,22:57:00,ASML_202612_075C,39.3,1,EssentialEagles,Kelvin Chan,buy
2026-07-12T12:57:11.225504+00:00,22:57:00,ASML_202612_075C,39.5,40,EssentialEagles,GenerousGeckos,buy
2026-07-12T12:57:11.225504+00:00,22:57:01,ASML_202612_075C,39.1,8,Kelvin Chan,EssentialEagles,sell
2026-07-12T12:57:11.225504+00:00,22:57:01,ASML_202612_075C,39.0,42,FortunateFerrets,EssentialEagles,sell
2026-07-12T12:57:11.225504+00:00,22:57:01,ASML,60.8,9,Kelvin Chan,Harry Stankovic,sell
2026-07-12T12:57:11.225504+00:00,22:57:01,ASML,60.8,1,YieldingYams,Harry Stankovic,sell
2026-07-12T12:57:11.225504+00:00,22:57:01,ASML_DUAL,60.6,10,Harry Stankovic,EarnestEspressos,buy
2026-07-12T12:57:11.225504+00:00,22:57:01,ASML_DUAL,60.2,48,DiligentDonuts,CostlyCorianders,sell
2026-07-12T12:57:11.225504+00:00,22:57:01,SAP_DUAL,51.5,12,Kelvin Chan,GroovyGrapefruits,sell
2026-07-12T12:57:11.225504+00:00,22:57:01,SAP_DUAL,51.4,42,HomelyHerrings,GroovyGrapefruits,sell
2026-07-12T12:57:13.398505+00:00,22:57:01,SAP_DUAL,51.4,50,HomelyHerrings,JazzyJellies,sell
2026-07-12T12:57:13.398505+00:00,22:57:01,OB5X_202612_120C,84.0,5,Kelvin Chan,ScholarlySpearmints,sell
2026-07-12T12:57:13.398505+00:00,22:57:01,OB5X_202612_120C,83.6,50,VersatileVinegars,ScholarlySpearmints,sell
2026-07-12T12:57:13.398505+00:00,22:57:01,OB5X_202612_120C,83.5,3,TactfulTangerines,ScholarlySpearmints,sell
2026-07-12T12:57:13.398505+00:00,22:57:01,OB5X_202612_080P,13.3,8,ScholarlySpearmints,Kelvin Chan,buy
2026-07-12T12:57:13.398505+00:00,22:57:01,OB5X_202612_080P,13.5,41,ScholarlySpearmints,VersatileVinegars,buy
2026-07-12T12:57:13.398505+00:00,22:57:01,TSLA,12.6,200,AverageAlmonds,WavyWalnuts,sell
2026-07-12T12:57:13.398505+00:00,22:57:01,NVDA,42.5,200,YieldingYams,WavyWalnuts,sell
2026-07-12T12:57:13.398505+00:00,22:57:01,ASML_DUAL,60.7,1,xingzhi Dang,DiligentDonuts,buy
2026-07-12T12:57:13.398505+00:00,22:57:01,ASML,60.8,1,YieldingYams,xingzhi Dang,sell
2026-07-12T12:57:13.398505+00:00,22:57:01,SAP,51.4,14,Kelvin Chan,YieldingYams,sell
2026-07-12T12:57:13.398505+00:00,22:57:01,SAP,51.4,500,AverageAlmonds,YieldingYams,sell
2026-07-12T12:57:13.398505+00:00,22:57:01,ASML,60.9,200,YieldingYams,WavyWalnuts,buy
2026-07-12T12:57:13.398505+00:00,22:57:01,OB5X_ETF,40.2,500,NecessaryNutmegs,MarvelousMilkshakes,buy
2026-07-12T12:57:13.398505+00:00,22:57:01,OB5X_202612_100P,22.1,7,ScholarlySpearmints,Kelvin Chan,buy
2026-07-12T12:57:13.398505+00:00,22:57:01,OB5X_202612_100P,22.2,43,ScholarlySpearmints,ScholarlySpearmints,sell
2026-07-12T12:57:13.398505+00:00,22:57:01,OB5X_202612_100P,21.5,4,Kelvin Chan,ScholarlySpearmints,sell
2026-07-12T12:57:13.398505+00:00,22:57:01,OB5X_202612_100P,21.3,9,TactfulTangerines,ScholarlySpearmints,sell
2026-07-12T12:57:13.398505+00:00,22:57:02,SAP,51.4,111,AverageAlmonds,YieldingYams,buy
2026-07-12T12:57:13.398505+00:00,22:57:02,OB5X_ETF,40.2,500,MarvelousMilkshakes,LivelyLasagnas,buy
2026-07-12T12:57:13.398505+00:00,22:57:02,ASML_202612_F,58.8,29,Kelvin Chan,AttentiveAntelopes,sell
2026-07-12T12:57:13.398505+00:00,22:57:02,ASML_202612_F,58.7,26,BoundlessBisons,AttentiveAntelopes,sell
2026-07-12T12:57:13.398505+00:00,22:57:02,ASML_DUAL,60.6,1,xingzhi Dang,EarnestEspressos,buy
2026-07-12T12:57:13.398505+00:00,22:57:02,ASML,60.9,1,YieldingYams,xingzhi Dang,sell
2026-07-12T12:57:13.398505+00:00,22:57:02,TSLA,12.7,200,YieldingYams,WavyWalnuts,sell
2026-07-12T12:57:13.398505+00:00,22:57:02,TSLA,12.8,180,YieldingYams,Kelvin Chan,buy
2026-07-12T12:57:13.398505+00:00,22:57:02,TSLA,12.8,445,YieldingYams,AverageAlmonds,buy
2026-07-12T12:57:13.398505+00:00,22:57:02,NVDA,42.5,500,AverageAlmonds,YieldingYams,sell
2026-07-12T12:57:13.398505+00:00,22:57:02,NVDA,42.5,125,WavyWalnuts,YieldingYams,sell
2026-07-12T12:57:13.398505+00:00,22:57:02,SAP,51.6,200,YieldingYams,WavyWalnuts,buy
2026-07-12T12:57:13.398505+00:00,22:57:02,ASML_DUAL,60.5,50,FlawlessFlatbreads,DiligentDonuts,buy
2026-07-12T12:57:13.398505+00:00,22:57:03,AAPL,139.3,200,YieldingYams,WavyWalnuts,buy
2026-07-12T12:57:13.398505+00:00,22:57:03,OB5X_202612_080C,106.2,4,ScholarlySpearmints,Kelvin Chan,buy
2026-07-12T12:57:13.398505+00:00,22:57:03,OB5X_202612_080C,106.3,50,ScholarlySpearmints,VersatileVinegars,buy
2026-07-12T12:57:13.398505+00:00,22:57:03,OB5X_202612_080C,106.5,4,ScholarlySpearmints,Kelvin Chan,sell
2026-07-12T12:57:13.398505+00:00,22:57:03,ASML_202612_F,58.8,23,Kelvin Chan,DownrightDogfish,sell
2026-07-12T12:57:13.398505+00:00,22:57:03,ASML_202612_F,58.7,27,BoundlessBisons,DownrightDogfish,sell
2026-07-12T12:57:13.398505+00:00,22:57:03,SAP_DUAL,51.5,2,Kelvin Chan,JazzyJellies,sell
2026-07-12T12:57:13.398505+00:00,22:57:03,SAP_DUAL,51.4,8,HomelyHerrings,JazzyJellies,sell
2026-07-12T12:57:13.398505+00:00,22:57:03,SAP_DUAL,51.4,40,InfiniteIcecreams,JazzyJellies,sell
2026-07-12T12:57:13.398505+00:00,22:57:03,ASML_202703_F,59.1,50,BoundlessBisons,DownrightDogfish,sell
2026-07-12T12:57:13.398505+00:00,22:57:03,ASML_202706_F,59.3,50,BoundlessBisons,DownrightDogfish,sell
2026-07-12T12:57:13.398505+00:00,22:57:03,ASML_DUAL,60.5,49,CostlyCorianders,DiligentDonuts,buy
2026-07-12T12:57:13.398505+00:00,22:57:03,ASML_DUAL,60.5,1,xingzhi Dang,DiligentDonuts,buy
2026-07-12T12:57:13.398505+00:00,22:57:03,ASML,60.9,1,YieldingYams,xingzhi Dang,sell
2026-07-12T12:57:13.398505+00:00,22:57:03,ASML_202703_F,59.1,50,BoundlessBisons,CapableCoyotes,sell
2026-07-12T12:57:13.398505+00:00,22:57:03,ASML_202612_F,58.8,18,Kelvin Chan,CapableCoyotes,buy
2026-07-12T12:57:13.398505+00:00,22:57:03,OB5X_ETF,40.2,250,MarvelousMilkshakes,NecessaryNutmegs,sell
2026-07-12T12:57:13.398505+00:00,22:57:03,OB5X_ETF,40.1,250,LivelyLasagnas,NecessaryNutmegs,sell
2026-07-12T12:57:13.398505+00:00,22:57:03,SAP_DUAL,51.9,40,GroovyGrapefruits,InfiniteIcecreams,buy
2026-07-12T12:57:17.261019+00:00,22:57:04,TSLA,12.8,200,WavyWalnuts,AverageAlmonds,buy
2026-07-12T12:57:17.261019+00:00,22:57:04,ASML_202612_F,58.7,44,BoundlessBisons,AttentiveAntelopes,sell
2026-07-12T12:57:17.261019+00:00,22:57:04,ASML_DUAL,60.3,3,Kelvin Chan,CostlyCorianders,sell
2026-07-12T12:57:17.261019+00:00,22:57:04,OB5X_202703_F,177.0,21,Kelvin Chan,OriginalOlives,sell
2026-07-12T12:57:17.261019+00:00,22:57:04,OB5X_202703_F,177.0,32,QuirkyQuinoas,OriginalOlives,sell
2026-07-12T12:57:17.261019+00:00,22:57:04,ASML_202706_F,59.4,100,BoundlessBisons,CapableCoyotes,buy
2026-07-12T12:57:17.261019+00:00,22:57:04,ASML_202612_075C,39.1,5,Kelvin Chan,EssentialEagles,sell
2026-07-12T12:57:17.261019+00:00,22:57:04,ASML_202612_100P,73.9,3,Kelvin Chan,EssentialEagles,sell
2026-07-12T12:57:17.261019+00:00,22:57:04,TSLA,12.7,180,Kelvin Chan,YieldingYams,sell
2026-07-12T12:57:17.261019+00:00,22:57:04,TSLA,12.6,445,AverageAlmonds,YieldingYams,sell
2026-07-12T12:57:17.261019+00:00,22:57:04,NVDA,42.6,180,YieldingYams,Kelvin Chan,buy
2026-07-12T12:57:17.261019+00:00,22:57:04,AAPL,139.4,500,YieldingYams,AverageAlmonds,buy
2026-07-12T12:57:17.261019+00:00,22:57:04,OB5X_202612_080P,12.8,4,Kelvin Chan,ScholarlySpearmints,sell
2026-07-12T12:57:17.261019+00:00,22:57:04,OB5X_202612_080P,12.7,45,VersatileVinegars,ScholarlySpearmints,sell
2026-07-12T12:57:17.261019+00:00,22:57:04,OB5X_ETF,40.3,1,KindlyKales,Kelvin Chan,buy
2026-07-12T12:57:17.261019+00:00,22:57:04,OB5X_ETF,40.3,237,KindlyKales,LivelyLasagnas,buy
2026-07-12T12:57:17.261019+00:00,22:57:04,AAPL,139.4,125,YieldingYams,AverageAlmonds,sell
2026-07-12T12:57:17.261019+00:00,22:57:04,AAPL,139.3,200,WavyWalnuts,AverageAlmonds,sell
2026-07-12T12:57:17.261019+00:00,22:57:04,ASML_DUAL,60.6,1,xingzhi Dang,Kelvin Chan,buy
2026-07-12T12:57:17.261019+00:00,22:57:04,ASML,60.9,1,YieldingYams,xingzhi Dang,sell
2026-07-12T12:57:17.261019+00:00,22:57:04,ASML,60.9,200,YieldingYams,WavyWalnuts,sell
2026-07-12T12:57:17.261019+00:00,22:57:05,ASML_DUAL,60.2,50,EarnestEspressos,FlawlessFlatbreads,sell
2026-07-12T12:57:17.261019+00:00,22:57:05,TSLA,12.7,180,WavyWalnuts,Kelvin Chan,buy
2026-07-12T12:57:17.261019+00:00,22:57:05,ASML_202612_075C,39.4,6,EssentialEagles,Kelvin Chan,buy
2026-07-12T12:57:17.261019+00:00,22:57:05,ASML_202612_075C,39.5,10,EssentialEagles,GenerousGeckos,buy
2026-07-12T12:57:17.261019+00:00,22:57:05,ASML_202612_075C,39.6,28,EssentialEagles,FortunateFerrets,buy
2026-07-12T12:57:17.261019+00:00,22:57:05,ASML_202612_050P,31.6,1,Kelvin Chan,EssentialEagles,sell
2026-07-12T12:57:17.261019+00:00,22:57:05,ASML_202612_050P,31.6,50,GenerousGeckos,EssentialEagles,sell
2026-07-12T12:57:17.261019+00:00,22:57:05,ASML_202612_050P,31.5,3,FortunateFerrets,EssentialEagles,sell
2026-07-12T12:57:17.261019+00:00,22:57:05,OB5X_202703_F,177.3,48,OriginalOlives,PowerfulPineapples,buy
2026-07-12T12:57:17.261019+00:00,22:57:05,ASML_202612_F,58.8,56,AttentiveAntelopes,CapableCoyotes,buy
2026-07-12T12:57:17.261019+00:00,22:57:05,TSLA,12.7,20,WavyWalnuts,YieldingYams,sell
2026-07-12T12:57:17.261019+00:00,22:57:05,TSLA,12.7,180,Kelvin Chan,YieldingYams,sell
2026-07-12T12:57:17.261019+00:00,22:57:05,ASML_202703_F,59.1,51,AttentiveAntelopes,CapableCoyotes,buy
2026-07-12T12:57:17.261019+00:00,22:57:05,ASML_DUAL,60.6,1,xingzhi Dang,Kelvin Chan,buy
2026-07-12T12:57:17.261019+00:00,22:57:05,ASML,60.9,1,AverageAlmonds,xingzhi Dang,sell
2026-07-12T12:57:17.261019+00:00,22:57:05,ASML,61.0,200,WavyWalnuts,YieldingYams,buy
2026-07-12T12:57:17.261019+00:00,22:57:06,ASML_DUAL,60.6,3,CostlyCorianders,Kelvin Chan,buy
2026-07-12T12:57:17.261019+00:00,22:57:06,ASML_DUAL,60.7,45,CostlyCorianders,EarnestEspressos,buy
2026-07-12T12:57:17.261019+00:00,22:57:06,ASML,60.9,10,AverageAlmonds,Harry Stankovic,sell
2026-07-12T12:57:17.261019+00:00,22:57:06,ASML_DUAL,60.6,3,Harry Stankovic,Kelvin Chan,buy
2026-07-12T12:57:17.261019+00:00,22:57:06,ASML_DUAL,60.7,2,Harry Stankovic,EarnestEspressos,buy
2026-07-12T12:57:17.261019+00:00,22:57:06,NVDA,42.7,200,WavyWalnuts,YieldingYams,buy
2026-07-12T12:57:17.261019+00:00,22:57:06,OB5X_202706_F,183.9,18,Kelvin Chan,RadiantRisottos,sell
2026-07-12T12:57:17.261019+00:00,22:57:06,OB5X_202706_F,183.9,32,QuirkyQuinoas,RadiantRisottos,sell
2026-07-12T12:57:17.261019+00:00,22:57:06,OB5X_202703_F,177.0,50,QuirkyQuinoas,RadiantRisottos,sell
2026-07-12T12:57:17.261019+00:00,22:57:06,ASML_DUAL,60.6,1,xingzhi Dang,Kelvin Chan,buy
2026-07-12T12:57:17.261019+00:00,22:57:06,ASML,60.8,1,Kelvin Chan,xingzhi Dang,sell
2026-07-12T12:57:17.261019+00:00,22:57:06,OB5X_202612_F,174.0,10,Kelvin Chan,RadiantRisottos,sell
2026-07-12T12:57:17.261019+00:00,22:57:06,OB5X_202612_F,173.9,40,QuirkyQuinoas,RadiantRisottos,sell
2026-07-12T12:57:17.261019+00:00,22:57:06,TSLA,12.7,180,YieldingYams,Kelvin Chan,buy
2026-07-12T12:57:17.261019+00:00,22:57:06,TSLA,12.7,200,YieldingYams,WavyWalnuts,buy
2026-07-12T12:57:17.261019+00:00,22:57:06,OB5X_202612_120P,31.6,3,Kelvin Chan,ScholarlySpearmints,sell
2026-07-12T12:57:17.261019+00:00,22:57:06,OB5X_202612_120P,31.3,55,TactfulTangerines,ScholarlySpearmints,sell
2026-07-12T12:57:17.261019+00:00,22:57:07,OB5X_202612_100P,21.5,4,Kelvin Chan,ScholarlySpearmints,sell
2026-07-12T12:57:17.261019+00:00,22:57:07,OB5X_202612_100P,21.4,38,TactfulTangerines,ScholarlySpearmints,sell
2026-07-12T12:57:17.261019+00:00,22:57:07,AAPL,139.3,200,YieldingYams,WavyWalnuts,sell
2026-07-12T12:57:17.261019+00:00,22:57:07,ASML_DUAL,60.3,2,Kelvin Chan,FlawlessFlatbreads,sell
2026-07-12T12:57:17.261019+00:00,22:57:07,ASML_DUAL,60.3,48,DiligentDonuts,FlawlessFlatbreads,sell
2026-07-12T12:57:17.261019+00:00,22:57:07,OB5X_ETF,40.2,239,KindlyKales,MarvelousMilkshakes,buy
2026-07-12T12:57:17.261019+00:00,22:57:07,ASML_202612_F,58.9,100,CapableCoyotes,BoundlessBisons,sell
2026-07-12T12:57:17.261019+00:00,22:57:07,ASML_202612_075P,52.6,3,EssentialEagles,Kelvin Chan,buy
2026-07-12T12:57:17.261019+00:00,22:57:07,ASML_202612_075P,52.7,50,EssentialEagles,GenerousGeckos,buy
2026-07-12T12:57:17.261019+00:00,22:57:07,ASML_202612_075P,52.7,1,EssentialEagles,FortunateFerrets,buy
2026-07-12T12:57:17.261019+00:00,22:57:07,ASML_202703_F,59.2,100,CapableCoyotes,BoundlessBisons,sell
2026-07-12T12:57:17.261019+00:00,22:57:07,SAP_DUAL,51.6,50,InfiniteIcecreams,JazzyJellies,sell
2026-07-12T12:57:17.261019+00:00,22:57:07,ASML_202706_F,59.5,100,CapableCoyotes,BoundlessBisons,sell
2026-07-12T12:57:17.261019+00:00,22:57:07,ASML_DUAL,60.6,1,xingzhi Dang,Kelvin Chan,buy
2026-07-12T12:57:17.261019+00:00,22:57:07,ASML,60.9,1,WavyWalnuts,xingzhi Dang,sell
2026-07-12T12:57:17.261019+00:00,22:57:07,ASML_202612_F,58.9,50,CapableCoyotes,DownrightDogfish,sell
2026-07-12T12:57:17.261019+00:00,22:57:08,ASML_202703_F,59.2,50,CapableCoyotes,DownrightDogfish,sell
2026-07-12T12:57:17.261019+00:00,22:57:08,OB5X_ETF,40.2,500,NecessaryNutmegs,MarvelousMilkshakes,buy
2026-07-12T12:57:17.261019+00:00,22:57:08,ASML_202706_F,59.5,50,CapableCoyotes,DownrightDogfish,sell
2026-07-12T12:57:17.261019+00:00,22:57:08,TSLA,12.7,200,WavyWalnuts,YieldingYams,sell
2026-07-12T12:57:17.261019+00:00,22:57:08,TSLA,12.7,180,Kelvin Chan,YieldingYams,sell
2026-07-12T12:57:17.261019+00:00,22:57:08,TSLA,12.6,245,AverageAlmonds,YieldingYams,sell
2026-07-12T12:57:17.261019+00:00,22:57:08,SAP,51.8,40,YieldingYams,Kelvin Chan,buy
2026-07-12T12:57:17.261019+00:00,22:57:08,SAP,51.8,200,YieldingYams,WavyWalnuts,buy
2026-07-12T12:57:17.261019+00:00,22:57:08,SAP,51.9,385,YieldingYams,AverageAlmonds,buy
2026-07-12T12:57:17.261019+00:00,22:57:08,ASML,60.9,199,WavyWalnuts,YieldingYams,sell
2026-07-12T12:57:17.261019+00:00,22:57:08,ASML_202612_075P,52.6,4,EssentialEagles,Kelvin Chan,buy
2026-07-12T12:57:17.261019+00:00,22:57:08,ASML_202612_075P,52.7,44,EssentialEagles,FortunateFerrets,buy
2026-07-12T12:57:17.261019+00:00,22:57:08,ASML_202612_075P,52.4,3,Kelvin Chan,EssentialEagles,sell
2026-07-12T12:57:17.261019+00:00,22:57:08,OB5X_202612_120C,84.4,7,ScholarlySpearmints,Kelvin Chan,buy
2026-07-12T12:57:17.261019+00:00,22:57:08,OB5X_202612_120C,84.9,39,ScholarlySpearmints,TactfulTangerines,buy
2026-07-12T12:57:17.261019+00:00,22:57:08,ASML_202612_075C,39.2,4,Kelvin Chan,EssentialEagles,sell
2026-07-12T12:57:17.261019+00:00,22:57:08,ASML_202612_075C,39.0,47,GenerousGeckos,EssentialEagles,sell
2026-07-12T12:57:20.784018+00:00,22:57:08,OB5X_202612_120C,83.9,5,Kelvin Chan,ScholarlySpearmints,sell
2026-07-12T12:57:20.784018+00:00,22:57:08,OB5X_202612_F,174.0,15,Kelvin Chan,OriginalOlives,sell
2026-07-12T12:57:20.784018+00:00,22:57:08,OB5X_202612_F,173.9,42,QuirkyQuinoas,OriginalOlives,sell
2026-07-12T12:57:20.784018+00:00,22:57:08,OB5X_202612_080P,13.4,5,ScholarlySpearmints,Kelvin Chan,buy
2026-07-12T12:57:20.784018+00:00,22:57:08,OB5X_202612_080P,13.5,46,ScholarlySpearmints,TactfulTangerines,buy
2026-07-12T12:57:20.784018+00:00,22:57:08,ASML_DUAL,60.3,40,DiligentDonuts,CostlyCorianders,sell
2026-07-12T12:57:20.784018+00:00,22:57:08,OB5X_202612_080C,105.6,5,Kelvin Chan,ScholarlySpearmints,sell
2026-07-12T12:57:20.784018+00:00,22:57:08,OB5X_202612_080C,105.4,45,VersatileVinegars,ScholarlySpearmints,sell
2026-07-12T12:57:20.784018+00:00,22:57:08,OB5X_202612_120C,83.7,3,Kelvin Chan,ScholarlySpearmints,buy
2026-07-12T12:57:20.784018+00:00,22:57:08,ASML_202706_F,59.2,13,Kelvin Chan,AttentiveAntelopes,sell
2026-07-12T12:57:20.784018+00:00,22:57:08,ASML_202706_F,59.0,34,BoundlessBisons,AttentiveAntelopes,sell
2026-07-12T12:57:20.784018+00:00,22:57:08,TSLA,12.6,200,AverageAlmonds,WavyWalnuts,sell
2026-07-12T12:57:20.784018+00:00,22:57:08,NVDA,42.7,200,WavyWalnuts,YieldingYams,buy
2026-07-12T12:57:20.784018+00:00,22:57:08,ASML_DUAL,60.6,1,xingzhi Dang,Kelvin Chan,buy
2026-07-12T12:57:20.784018+00:00,22:57:08,ASML,60.8,1,Kelvin Chan,xingzhi Dang,sell
2026-07-12T12:57:20.784018+00:00,22:57:08,OB5X_202612_100C,89.7,4,Kelvin Chan,ScholarlySpearmints,sell
2026-07-12T12:57:20.784018+00:00,22:57:08,OB5X_202612_100C,89.4,41,TactfulTangerines,ScholarlySpearmints,sell
2026-07-12T12:57:20.784018+00:00,22:57:08,OB5X_202706_F,183.9,11,Kelvin Chan,RadiantRisottos,sell
2026-07-12T12:57:20.784018+00:00,22:57:08,OB5X_202706_F,183.9,39,QuirkyQuinoas,RadiantRisottos,sell
2026-07-12T12:57:20.784018+00:00,22:57:09,OB5X_202612_100P,22.1,3,ScholarlySpearmints,Kelvin Chan,buy
2026-07-12T12:57:20.784018+00:00,22:57:09,OB5X_202612_100P,22.3,50,ScholarlySpearmints,VersatileVinegars,buy
2026-07-12T12:57:20.784018+00:00,22:57:09,OB5X_202612_100P,22.4,6,ScholarlySpearmints,TactfulTangerines,buy
2026-07-12T12:57:20.784018+00:00,22:57:09,OB5X_202703_F,177.0,10,Kelvin Chan,RadiantRisottos,sell
2026-07-12T12:57:20.784018+00:00,22:57:09,OB5X_202703_F,177.0,40,QuirkyQuinoas,RadiantRisottos,sell
2026-07-12T12:57:20.784018+00:00,22:57:09,ASML_DUAL,60.7,44,CostlyCorianders,EarnestEspressos,buy
2026-07-12T12:57:20.784018+00:00,22:57:09,OB5X_202612_F,173.9,50,QuirkyQuinoas,RadiantRisottos,sell
2026-07-12T12:57:20.784018+00:00,22:57:09,ASML_DUAL,60.5,50,FlawlessFlatbreads,DiligentDonuts,buy
2026-07-12T12:57:22.602018+00:00,22:57:09,SAP,51.8,88,WavyWalnuts,Kelvin Chan,buy
2026-07-12T12:57:22.602018+00:00,22:57:09,SAP,51.8,112,WavyWalnuts,AverageAlmonds,buy
2026-07-12T12:57:22.602018+00:00,22:57:09,TSLA,12.7,180,YieldingYams,Kelvin Chan,buy
2026-07-12T12:57:22.602018+00:00,22:57:09,TSLA,12.8,445,YieldingYams,AverageAlmonds,buy
2026-07-12T12:57:22.602018+00:00,22:57:09,NVDA,42.8,500,YieldingYams,AverageAlmonds,buy
2026-07-12T12:57:22.602018+00:00,22:57:09,ASML_202612_100C,36.4,1,EssentialEagles,Kelvin Chan,buy
2026-07-12T12:57:22.602018+00:00,22:57:09,ASML,60.9,200,YieldingYams,WavyWalnuts,buy
2026-07-12T12:57:22.602018+00:00,22:57:09,ASML,61.1,1,WavyWalnuts,Kelvin Chan,buy
2026-07-12T12:57:22.602018+00:00,22:57:09,ASML,61.1,199,WavyWalnuts,YieldingYams,buy
2026-07-12T12:57:22.602018+00:00,22:57:09,SAP_DUAL,51.6,50,InfiniteIcecreams,JazzyJellies,sell
2026-07-12T12:57:22.602018+00:00,22:57:09,ASML_DUAL,60.5,1,xingzhi Dang,DiligentDonuts,buy
2026-07-12T12:57:22.602018+00:00,22:57:09,ASML,60.9,1,YieldingYams,xingzhi Dang,sell
2026-07-12T12:57:22.602018+00:00,22:57:09,NVDA,42.8,125,YieldingYams,AverageAlmonds,sell
2026-07-12T12:57:22.602018+00:00,22:57:10,OB5X_ETF,40.1,235,MarvelousMilkshakes,KindlyKales,sell
2026-07-12T12:57:22.602018+00:00,22:57:10,NVDA,42.8,200,WavyWalnuts,AverageAlmonds,buy
2026-07-12T12:57:22.602018+00:00,22:57:10,OB5X_202612_F,174.3,48,OriginalOlives,PowerfulPineapples,buy
2026-07-12T12:57:22.602018+00:00,22:57:10,OB5X_ETF,40.1,500,MarvelousMilkshakes,NecessaryNutmegs,sell
2026-07-12T12:57:22.602018+00:00,22:57:10,OB5X_202612_080C,105.4,5,VersatileVinegars,ScholarlySpearmints,sell
2026-07-12T12:57:22.602018+00:00,22:57:10,OB5X_202612_080C,105.4,2,Kelvin Chan,ScholarlySpearmints,sell
2026-07-12T12:57:22.602018+00:00,22:57:10,OB5X_202612_080C,105.3,49,TactfulTangerines,ScholarlySpearmints,sell
2026-07-12T12:57:22.602018+00:00,22:57:10,ASML_202612_100C,36.4,6,EssentialEagles,Kelvin Chan,buy
2026-07-12T12:57:22.602018+00:00,22:57:10,ASML_202612_100C,36.7,50,EssentialEagles,GenerousGeckos,buy
2026-07-12T12:57:22.602018+00:00,22:57:10,ASML_202612_100C,36.7,2,EssentialEagles,FortunateFerrets,buy
2026-07-12T12:57:22.602018+00:00,22:57:10,ASML_202612_F,58.7,12,Kelvin Chan,CapableCoyotes,sell
2026-07-12T12:57:22.602018+00:00,22:57:10,ASML_202612_075P,52.6,3,EssentialEagles,Kelvin Chan,buy
2026-07-12T12:57:22.602018+00:00,22:57:10,SAP,51.6,200,WavyWalnuts,YieldingYams,buy
2026-07-12T12:57:22.602018+00:00,22:57:10,SAP_DUAL,51.4,2,Kelvin Chan,GroovyGrapefruits,sell
2026-07-12T12:57:22.602018+00:00,22:57:10,SAP_DUAL,51.1,42,HomelyHerrings,GroovyGrapefruits,sell
2026-07-12T12:57:22.602018+00:00,22:57:10,ASML_202612_050C,43.1,1,EssentialEagles,Kelvin Chan,buy
2026-07-12T12:57:22.602018+00:00,22:57:10,ASML_202612_050C,43.4,52,EssentialEagles,FortunateFerrets,buy
2026-07-12T12:57:22.602018+00:00,22:57:10,ASML_202703_F,59.0,12,Kelvin Chan,CapableCoyotes,sell
2026-07-12T12:57:22.602018+00:00,22:57:10,SAP_DUAL,51.5,40,Kelvin Chan,InfiniteIcecreams,buy
2026-07-12T12:57:22.602018+00:00,22:57:10,ASML_202612_F,58.4,11,Kelvin Chan,CapableCoyotes,buy
2026-07-12T12:57:22.602018+00:00,22:57:10,ASML,61.1,200,WavyWalnuts,YieldingYams,buy
2026-07-12T12:57:22.602018+00:00,22:57:10,TSLA,12.7,180,Kelvin Chan,YieldingYams,sell
2026-07-12T12:57:22.602018+00:00,22:57:10,TSLA,12.6,200,WavyWalnuts,YieldingYams,sell
2026-07-12T12:57:22.602018+00:00,22:57:10,TSLA,12.6,245,AverageAlmonds,YieldingYams,sell
2026-07-12T12:57:22.602018+00:00,22:57:10,NVDA,42.6,180,Kelvin Chan,YieldingYams,sell
2026-07-12T12:57:22.602018+00:00,22:57:10,ASML_202612_F,58.4,100,BoundlessBisons,CapableCoyotes,buy
2026-07-12T12:57:22.602018+00:00,22:57:10,ASML_202706_F,59.3,10,Kelvin Chan,CapableCoyotes,sell
2026-07-12T12:57:22.602018+00:00,22:57:10,ASML_202706_F,59.0,66,BoundlessBisons,CapableCoyotes,sell
2026-07-12T12:57:22.602018+00:00,22:57:10,ASML_DUAL,60.5,1,xingzhi Dang,DiligentDonuts,buy
2026-07-12T12:57:22.602018+00:00,22:57:10,ASML,60.9,1,AverageAlmonds,xingzhi Dang,sell
2026-07-12T12:57:22.602018+00:00,22:57:11,ASML_202703_F,58.8,100,BoundlessBisons,CapableCoyotes,buy
2026-07-12T12:57:22.602018+00:00,22:57:11,OB5X_ETF,40.1,15,MarvelousMilkshakes,KindlyKales,sell
2026-07-12T12:57:22.602018+00:00,22:57:11,OB5X_ETF,40.1,194,LivelyLasagnas,KindlyKales,sell
2026-07-12T12:57:22.602018+00:00,22:57:11,ASML,60.9,10,AverageAlmonds,Harry Stankovic,sell
2026-07-12T12:57:22.602018+00:00,22:57:11,ASML_DUAL,60.5,10,Harry Stankovic,DiligentDonuts,buy
2026-07-12T12:57:22.602018+00:00,22:57:11,ASML_DUAL,60.5,2,Harry Stankovic,DiligentDonuts,buy
2026-07-12T12:57:22.602018+00:00,22:57:11,SAP_DUAL,51.5,42,GroovyGrapefruits,InfiniteIcecreams,buy
2026-07-12T12:57:22.602018+00:00,22:57:11,ASML_202706_F,59.0,74,BoundlessBisons,CapableCoyotes,buy
2026-07-12T12:57:22.602018+00:00,22:57:11,ASML_202706_F,59.6,8,BoundlessBisons,Kelvin Chan,buy
2026-07-12T12:57:22.602018+00:00,22:57:11,TSLA,12.6,200,AverageAlmonds,WavyWalnuts,sell
2026-07-12T12:57:22.602018+00:00,22:57:11,NVDA,42.6,200,WavyWalnuts,YieldingYams,buy
2026-07-12T12:57:22.602018+00:00,22:57:11,OB5X_202706_F,184.0,50,PowerfulPineapples,RadiantRisottos,sell
2026-07-12T12:57:22.602018+00:00,22:57:11,OB5X_202703_F,177.1,50,PowerfulPineapples,RadiantRisottos,sell
2026-07-12T12:57:22.602018+00:00,22:57:11,ASML_DUAL,60.5,36,FlawlessFlatbreads,DiligentDonuts,buy
2026-07-12T12:57:22.602018+00:00,22:57:11,ASML_DUAL,60.6,4,FlawlessFlatbreads,Kelvin Chan,buy
2026-07-12T12:57:22.602018+00:00,22:57:11,ASML_DUAL,60.8,10,FlawlessFlatbreads,EarnestEspressos,buy
2026-07-12T12:57:22.602018+00:00,22:57:11,OB5X_202612_F,174.0,50,PowerfulPineapples,RadiantRisottos,sell
2026-07-12T12:57:22.602018+00:00,22:57:11,ASML_DUAL,60.3,46,EarnestEspressos,CostlyCorianders,sell
2026-07-12T12:57:22.602018+00:00,22:57:11,OB5X_202612_120C,84.4,8,ScholarlySpearmints,Kelvin Chan,buy
2026-07-12T12:57:22.602018+00:00,22:57:11,OB5X_202612_120C,85.0,37,ScholarlySpearmints,TactfulTangerines,buy
2026-07-12T12:57:22.602018+00:00,22:57:11,SAP_DUAL,51.5,49,GroovyGrapefruits,InfiniteIcecreams,buy
2026-07-12T12:57:22.602018+00:00,22:57:11,ASML_202612_050P,31.8,1,EssentialEagles,Kelvin Chan,buy
2026-07-12T12:57:22.602018+00:00,22:57:11,ASML_202612_050P,32.0,50,EssentialEagles,GenerousGeckos,buy
2026-07-12T12:57:22.602018+00:00,22:57:11,ASML_202612_050P,32.0,2,EssentialEagles,FortunateFerrets,buy
2026-07-12T12:57:22.602018+00:00,22:57:11,OB5X_ETF,40.1,306,LivelyLasagnas,MarvelousMilkshakes,sell
2026-07-12T12:57:22.602018+00:00,22:57:11,ASML_202706_F,59.7,18,BoundlessBisons,Kelvin Chan,sell
2026-07-12T12:57:22.602018+00:00,22:57:11,ASML_202612_F,58.4,7,Kelvin Chan,CapableCoyotes,buy
2026-07-12T12:57:22.602018+00:00,22:57:11,ASML_202703_F,58.8,6,Kelvin Chan,CapableCoyotes,buy
2026-07-12T12:57:22.602018+00:00,22:57:11,OB5X_ETF,40.1,3,Kelvin Chan,MarvelousMilkshakes,buy
2026-07-12T12:57:22.602018+00:00,22:57:11,OB5X_202612_100C,90.3,7,ScholarlySpearmints,Kelvin Chan,buy
2026-07-12T12:57:22.602018+00:00,22:57:11,OB5X_202612_100C,90.6,40,ScholarlySpearmints,TactfulTangerines,buy
2026-07-12T12:57:22.602018+00:00,22:57:11,ASML_DUAL,60.8,1,xingzhi Dang,EarnestEspressos,buy
2026-07-12T12:57:22.602018+00:00,22:57:12,ASML_202612_F,58.4,6,Kelvin Chan,CapableCoyotes,buy
2026-07-12T12:57:22.602018+00:00,22:57:12,ASML_202703_F,58.8,6,Kelvin Chan,CapableCoyotes,buy
2026-07-12T12:57:22.602018+00:00,22:57:12,ASML,60.9,1,YieldingYams,xingzhi Dang,sell
2026-07-12T12:57:22.602018+00:00,22:57:12,ASML,61.0,200,WavyWalnuts,YieldingYams,buy
2026-07-12T12:57:22.602018+00:00,22:57:12,AAPL,139.7,200,WavyWalnuts,YieldingYams,buy
2026-07-12T12:57:22.602018+00:00,22:57:12,TSLA,12.7,180,YieldingYams,Kelvin Chan,buy
2026-07-12T12:57:22.602018+00:00,22:57:12,TSLA,12.8,445,YieldingYams,AverageAlmonds,buy
2026-07-12T12:57:22.602018+00:00,22:57:12,SAP_DUAL,51.1,44,HomelyHerrings,GroovyGrapefruits,sell
2026-07-12T12:57:22.602018+00:00,22:57:12,ASML_202612_F,58.4,4,Kelvin Chan,CapableCoyotes,buy
2026-07-12T12:57:22.602018+00:00,22:57:12,TSLA,12.7,180,Kelvin Chan,WavyWalnuts,sell
2026-07-12T12:57:22.602018+00:00,22:57:12,TSLA,12.6,20,AverageAlmonds,WavyWalnuts,sell
2026-07-12T12:57:22.602018+00:00,22:57:12,NVDA,42.7,180,WavyWalnuts,Kelvin Chan,buy
2026-07-12T12:57:22.602018+00:00,22:57:12,ASML_202612_F,58.4,10,DownrightDogfish,CapableCoyotes,buy
2026-07-12T12:57:22.602018+00:00,22:57:12,ASML_202612_F,58.9,29,DownrightDogfish,Kelvin Chan,buy
2026-07-12T12:57:22.602018+00:00,22:57:12,ASML_202612_F,59.6,11,DownrightDogfish,BoundlessBisons,buy
2026-07-12T12:57:22.602018+00:00,22:57:12,ASML_202703_F,58.8,26,DownrightDogfish,CapableCoyotes,buy
2026-07-12T12:57:22.602018+00:00,22:57:12,ASML_202703_F,59.4,8,DownrightDogfish,Kelvin Chan,buy
2026-07-12T12:57:22.602018+00:00,22:57:12,ASML_202703_F,59.9,16,DownrightDogfish,BoundlessBisons,buy
2026-07-12T12:57:22.602018+00:00,22:57:12,ASML_202706_F,59.6,10,DownrightDogfish,Kelvin Chan,buy
2026-07-12T12:57:22.602018+00:00,22:57:12,ASML_202706_F,60.2,40,DownrightDogfish,BoundlessBisons,buy
2026-07-12T12:57:22.602018+00:00,22:57:12,SAP_DUAL,51.1,14,HomelyHerrings,GroovyGrapefruits,sell
2026-07-12T12:57:22.602018+00:00,22:57:12,SAP_DUAL,51.0,44,InfiniteIcecreams,GroovyGrapefruits,sell
2026-07-12T12:57:22.602018+00:00,22:57:12,ASML_202612_100P,74.0,4,Kelvin Chan,EssentialEagles,sell
2026-07-12T12:57:22.602018+00:00,22:57:12,TSLA,12.7,20,BrilliantBurritos,Kelvin Chan,buy
2026-07-12T12:57:22.602018+00:00,22:57:12,ASML_202612_050P,31.9,50,EssentialEagles,GenerousGeckos,buy
2026-07-12T12:57:22.602018+00:00,22:57:12,ASML_202612_050P,31.9,3,EssentialEagles,FortunateFerrets,buy
2026-07-12T12:57:22.602018+00:00,22:57:13,ASML_DUAL,60.8,1,xingzhi Dang,EarnestEspressos,buy
2026-07-12T12:57:22.602018+00:00,22:57:13,ASML,61.0,1,YieldingYams,xingzhi Dang,sell
2026-07-12T12:57:22.602018+00:00,22:57:13,SAP,51.6,20,YieldingYams,BrilliantBurritos,sell
2026-07-12T12:57:22.602018+00:00,22:57:13,ASML,61.0,200,YieldingYams,WavyWalnuts,sell
2026-07-12T12:57:22.602018+00:00,22:57:13,AAPL,139.6,200,WavyWalnuts,YieldingYams,buy
2026-07-12T12:57:22.602018+00:00,22:57:13,OB5X_202612_080C,105.4,3,Kelvin Chan,ScholarlySpearmints,sell
2026-07-12T12:57:22.602018+00:00,22:57:13,OB5X_202612_080C,105.3,51,TactfulTangerines,ScholarlySpearmints,sell
2026-07-12T12:57:22.602018+00:00,22:57:13,OB5X_202612_080C,105.3,4,VersatileVinegars,ScholarlySpearmints,sell
2026-07-12T12:57:22.602018+00:00,22:57:13,OB5X_202706_F,184.2,10,OriginalOlives,Kelvin Chan,buy
2026-07-12T12:57:22.602018+00:00,22:57:13,OB5X_202706_F,184.2,32,OriginalOlives,QuirkyQuinoas,buy
2026-07-12T12:57:22.602018+00:00,22:57:13,OB5X_202703_F,177.1,41,PowerfulPineapples,OriginalOlives,sell
2026-07-12T12:57:22.602018+00:00,22:57:13,TSLA,12.6,500,AverageAlmonds,YieldingYams,sell
2026-07-12T12:57:22.602018+00:00,22:57:13,TSLA,12.5,20,Kelvin Chan,YieldingYams,sell
2026-07-12T12:57:22.602018+00:00,22:57:13,SAP,51.7,200,YieldingYams,WavyWalnuts,buy
2026-07-12T12:57:22.602018+00:00,22:57:13,ASML_DUAL,60.8,50,FlawlessFlatbreads,EarnestEspressos,buy
2026-07-12T12:57:22.602018+00:00,22:57:13,ASML_DUAL,60.5,44,DiligentDonuts,CostlyCorianders,sell
2026-07-12T12:57:22.602018+00:00,22:57:13,SAP_DUAL,51.6,50,InfiniteIcecreams,Kelvin Chan,buy
2026-07-12T12:57:22.602018+00:00,22:57:13,SAP_DUAL,51.6,100,InfiniteIcecreams,HomelyHerrings,sell
2026-07-12T12:57:22.602018+00:00,22:57:13,TSLA,12.5,105,AverageAlmonds,YieldingYams,buy
2026-07-12T12:57:22.602018+00:00,22:57:13,OB5X_202706_F,184.0,50,PowerfulPineapples,RadiantRisottos,sell
2026-07-12T12:57:22.602018+00:00,22:57:13,TSLA,12.6,200,AverageAlmonds,WavyWalnuts,sell
2026-07-12T12:57:22.602018+00:00,22:57:13,OB5X_202703_F,177.1,9,PowerfulPineapples,RadiantRisottos,sell
2026-07-12T12:57:22.602018+00:00,22:57:13,OB5X_202703_F,177.0,4,Kelvin Chan,RadiantRisottos,sell
2026-07-12T12:57:22.602018+00:00,22:57:13,OB5X_202612_F,174.0,50,PowerfulPineapples,RadiantRisottos,sell
2026-07-12T12:57:22.602018+00:00,22:57:13,SAP_DUAL,51.7,36,JazzyJellies,Kelvin Chan,buy
2026-07-12T12:57:22.602018+00:00,22:57:14,ASML_202612_F,58.9,22,CapableCoyotes,Kelvin Chan,buy
2026-07-12T12:57:22.602018+00:00,22:57:14,ASML_DUAL,60.6,1,xingzhi Dang,Kelvin Chan,buy
2026-07-12T12:57:22.602018+00:00,22:57:14,ASML,61.0,1,YieldingYams,xingzhi Dang,sell
2026-07-12T12:57:22.602018+00:00,22:57:14,ASML_202612_100C,36.2,1,Kelvin Chan,EssentialEagles,sell
2026-07-12T12:57:22.602018+00:00,22:57:14,ASML_202612_100C,36.1,47,GenerousGeckos,EssentialEagles,sell
2026-07-12T12:57:22.602018+00:00,22:57:14,ASML_202703_F,59.3,22,CapableCoyotes,Kelvin Chan,buy
2026-07-12T12:57:22.602018+00:00,22:57:14,OB5X_202706_F,183.9,3,Kelvin Chan,PowerfulPineapples,sell
2026-07-12T12:57:22.602018+00:00,22:57:14,SAP,51.7,200,YieldingYams,WavyWalnuts,sell
2026-07-12T12:57:22.602018+00:00,22:57:14,OB5X_202703_F,177.0,7,Kelvin Chan,PowerfulPineapples,sell
2026-07-12T12:57:22.602018+00:00,22:57:14,ASML_202706_F,59.6,17,CapableCoyotes,Kelvin Chan,buy
2026-07-12T12:57:22.602018+00:00,22:57:14,ASML_202612_F,59.0,100,CapableCoyotes,BoundlessBisons,sell
2026-07-12T12:57:22.602018+00:00,22:57:14,ASML,61.1,5,WavyWalnuts,Kelvin Chan,buy
2026-07-12T12:57:22.602018+00:00,22:57:14,OB5X_202612_120C,84.5,9,ScholarlySpearmints,Kelvin Chan,buy
2026-07-12T12:57:22.602018+00:00,22:57:14,OB5X_202612_120C,85.0,38,ScholarlySpearmints,TactfulTangerines,buy
2026-07-12T12:57:22.602018+00:00,22:57:14,AAPL,139.6,200,WavyWalnuts,YieldingYams,buy
2026-07-12T12:57:22.602018+00:00,22:57:14,OB5X_ETF,40.1,441,NecessaryNutmegs,MarvelousMilkshakes,buy
2026-07-12T12:57:22.602018+00:00,22:57:14,OB5X_ETF,40.2,59,NecessaryNutmegs,LivelyLasagnas,buy
2026-07-12T12:57:22.602018+00:00,22:57:14,OB5X_202612_120C,83.9,2,Kelvin Chan,ScholarlySpearmints,sell
2026-07-12T12:57:22.602018+00:00,22:57:14,OB5X_202612_120C,83.6,41,TactfulTangerines,ScholarlySpearmints,sell
2026-07-12T12:57:22.602018+00:00,22:57:14,OB5X_202612_F,173.9,4,Kelvin Chan,PowerfulPineapples,sell
2026-07-12T12:57:22.602018+00:00,22:57:14,ASML_202703_F,59.4,100,CapableCoyotes,BoundlessBisons,sell
2026-07-12T12:57:22.602018+00:00,22:57:14,ASML_202706_F,59.7,100,CapableCoyotes,BoundlessBisons,sell
2026-07-12T12:57:22.602018+00:00,22:57:14,OB5X_202612_120P,32.2,1,ScholarlySpearmints,Kelvin Chan,buy
2026-07-12T12:57:22.602018+00:00,22:57:14,OB5X_202612_120P,32.4,55,ScholarlySpearmints,TactfulTangerines,buy
2026-07-12T12:57:22.602018+00:00,22:57:14,ASML_202612_F,59.0,28,CapableCoyotes,AttentiveAntelopes,sell
2026-07-12T12:57:22.602018+00:00,22:57:14,ASML_202612_F,58.6,13,Kelvin Chan,AttentiveAntelopes,sell
2026-07-12T12:57:22.602018+00:00,22:57:14,ASML_202612_F,58.4,4,BoundlessBisons,AttentiveAntelopes,sell
2026-07-12T12:57:26.469046+00:00,22:57:14,TSLA,12.7,160,YieldingYams,Kelvin Chan,buy
2026-07-12T12:57:26.469046+00:00,22:57:14,ASML_202703_F,59.4,28,CapableCoyotes,AttentiveAntelopes,sell
2026-07-12T12:57:26.469046+00:00,22:57:14,ASML_202703_F,59.0,13,Kelvin Chan,AttentiveAntelopes,sell
2026-07-12T12:57:26.469046+00:00,22:57:14,ASML_202703_F,58.7,18,BoundlessBisons,AttentiveAntelopes,sell
2026-07-12T12:57:26.469046+00:00,22:57:14,NVDA,42.7,200,YieldingYams,WavyWalnuts,buy
2026-07-12T12:57:26.469046+00:00,22:57:14,NVDA,42.7,425,YieldingYams,AverageAlmonds,buy
2026-07-12T12:57:26.469046+00:00,22:57:14,OB5X_ETF,40.2,441,MarvelousMilkshakes,LivelyLasagnas,buy
2026-07-12T12:57:26.469046+00:00,22:57:14,TSLA,12.7,200,YieldingYams,WavyWalnuts,sell
2026-07-12T12:57:26.469046+00:00,22:57:14,ASML_202612_F,58.4,50,BoundlessBisons,DownrightDogfish,sell
2026-07-12T12:57:26.469046+00:00,22:57:14,OB5X_ETF,40.3,1,KindlyKales,Kelvin Chan,buy
2026-07-12T12:57:26.469046+00:00,22:57:14,OB5X_ETF,40.4,247,KindlyKales,MarvelousMilkshakes,buy
2026-07-12T12:57:26.469046+00:00,22:57:15,ASML_202703_F,58.7,50,BoundlessBisons,DownrightDogfish,sell
2026-07-12T12:57:26.469046+00:00,22:57:15,ASML_DUAL,60.6,1,xingzhi Dang,Kelvin Chan,buy
2026-07-12T12:57:26.469046+00:00,22:57:15,ASML,61.1,1,WavyWalnuts,xingzhi Dang,sell
2026-07-12T12:57:26.469046+00:00,22:57:15,ASML_202706_F,59.7,33,CapableCoyotes,DownrightDogfish,sell
2026-07-12T12:57:26.469046+00:00,22:57:15,ASML_202706_F,59.3,3,Kelvin Chan,DownrightDogfish,sell
2026-07-12T12:57:26.469046+00:00,22:57:15,ASML_202706_F,59.0,14,BoundlessBisons,DownrightDogfish,sell
2026-07-12T12:57:26.469046+00:00,22:57:15,OB5X_202612_F,173.9,50,OriginalOlives,PowerfulPineapples,buy
2026-07-12T12:57:26.469046+00:00,22:57:15,SAP,51.6,200,WavyWalnuts,YieldingYams,buy
2026-07-12T12:57:26.469046+00:00,22:57:15,ASML_DUAL,60.6,1,CostlyCorianders,Kelvin Chan,buy
2026-07-12T12:57:26.469046+00:00,22:57:15,ASML_DUAL,61.0,45,CostlyCorianders,DiligentDonuts,buy
2026-07-12T12:57:26.469046+00:00,22:57:15,AAPL,139.7,200,WavyWalnuts,YieldingYams,buy
2026-07-12T12:57:26.469046+00:00,22:57:15,ASML,61.0,3,YieldingYams,Lam Anh Pham,sell
2026-07-12T12:57:26.469046+00:00,22:57:15,ASML_DUAL,61.0,3,Lam Anh Pham,EarnestEspressos,buy
2026-07-12T12:57:26.469046+00:00,22:57:15,OB5X_202706_F,183.9,50,RadiantRisottos,PowerfulPineapples,buy
2026-07-12T12:57:26.469046+00:00,22:57:16,OB5X_202703_F,177.0,50,RadiantRisottos,PowerfulPineapples,buy
2026-07-12T12:57:26.469046+00:00,22:57:16,TSLA,12.7,160,Kelvin Chan,YieldingYams,sell
2026-07-12T12:57:26.469046+00:00,22:57:16,TSLA,12.6,465,AverageAlmonds,YieldingYams,sell
2026-07-12T12:57:26.469046+00:00,22:57:16,NVDA,42.6,180,Kelvin Chan,YieldingYams,sell
2026-07-12T12:57:26.469046+00:00,22:57:16,NVDA,42.6,200,WavyWalnuts,YieldingYams,sell
2026-07-12T12:57:26.469046+00:00,22:57:16,NVDA,42.5,245,AverageAlmonds,YieldingYams,sell
2026-07-12T12:57:26.469046+00:00,22:57:16,TSLA,12.6,35,AverageAlmonds,WavyWalnuts,sell
2026-07-12T12:57:26.469046+00:00,22:57:16,TSLA,12.5,165,YieldingYams,WavyWalnuts,sell
2026-07-12T12:57:26.469046+00:00,22:57:16,OB5X_202612_100P,22.3,50,ScholarlySpearmints,VersatileVinegars,buy
2026-07-12T12:57:26.469046+00:00,22:57:16,OB5X_202612_100P,22.3,2,ScholarlySpearmints,Kelvin Chan,buy
2026-07-12T12:57:26.469046+00:00,22:57:16,NVDA,42.5,200,AverageAlmonds,WavyWalnuts,sell
2026-07-12T12:57:26.469046+00:00,22:57:16,ASML_DUAL,61.0,2,Harry Stankovic,EarnestEspressos,buy
2026-07-12T12:57:26.469046+00:00,22:57:16,OB5X_202612_F,173.9,46,RadiantRisottos,PowerfulPineapples,buy
2026-07-12T12:57:26.469046+00:00,22:57:16,ASML_DUAL,61.0,1,xingzhi Dang,EarnestEspressos,buy
2026-07-12T12:57:26.469046+00:00,22:57:16,ASML,61.1,1,YieldingYams,xingzhi Dang,sell
2026-07-12T12:57:26.469046+00:00,22:57:16,ASML_202612_100P,74.2,5,EssentialEagles,Kelvin Chan,buy
2026-07-12T12:57:26.469046+00:00,22:57:16,ASML_202612_100P,74.3,35,EssentialEagles,GenerousGeckos,buy
2026-07-12T12:57:26.469046+00:00,22:57:16,ASML_202612_050P,31.6,4,Kelvin Chan,EssentialEagles,sell
2026-07-12T12:57:26.469046+00:00,22:57:16,ASML_202612_050P,31.5,43,GenerousGeckos,EssentialEagles,sell
2026-07-12T12:57:26.469046+00:00,22:57:16,OB5X_ETF,40.2,309,MarvelousMilkshakes,NecessaryNutmegs,sell
2026-07-12T12:57:26.469046+00:00,22:57:16,OB5X_ETF,40.2,191,LivelyLasagnas,NecessaryNutmegs,sell
2026-07-12T12:57:26.469046+00:00,22:57:16,OB5X_202612_100P,22.3,2,ScholarlySpearmints,Kelvin Chan,sell
2026-07-12T12:57:26.469046+00:00,22:57:16,SAP,51.7,200,YieldingYams,WavyWalnuts,sell
2026-07-12T12:57:26.469046+00:00,22:57:16,OB5X_202612_100P,22.3,1,ScholarlySpearmints,Kelvin Chan,sell
2026-07-12T12:57:26.469046+00:00,22:57:16,OB5X_202706_F,183.9,43,OriginalOlives,PowerfulPineapples,buy
2026-07-12T12:57:26.469046+00:00,22:57:17,OB5X_202612_F,173.8,5,Kelvin Chan,OriginalOlives,sell
2026-07-12T12:57:26.469046+00:00,22:57:17,AAPL,139.7,20,WavyWalnuts,BrilliantBurritos,sell
2026-07-12T12:57:26.469046+00:00,22:57:17,ASML_202612_F,59.0,14,DownrightDogfish,Kelvin Chan,buy
2026-07-12T12:57:26.469046+00:00,22:57:17,ASML_202612_F,59.5,36,DownrightDogfish,CapableCoyotes,buy
2026-07-12T12:57:26.469046+00:00,22:57:17,ASML_DUAL,61.0,1,xingzhi Dang,EarnestEspressos,buy
2026-07-12T12:57:26.469046+00:00,22:57:17,ASML,61.1,1,YieldingYams,xingzhi Dang,sell
2026-07-12T12:57:26.469046+00:00,22:57:17,ASML_202703_F,59.4,14,DownrightDogfish,Kelvin Chan,buy
2026-07-12T12:57:26.469046+00:00,22:57:17,ASML_202703_F,59.9,36,DownrightDogfish,CapableCoyotes,buy
2026-07-12T12:57:26.469046+00:00,22:57:17,TSLA,12.6,200,AverageAlmonds,WavyWalnuts,sell
2026-07-12T12:57:26.469046+00:00,22:57:17,NVDA,42.7,180,WavyWalnuts,Kelvin Chan,buy
2026-07-12T12:57:26.469046+00:00,22:57:17,NVDA,42.8,20,BrilliantBurritos,AverageAlmonds,buy
2026-07-12T12:57:26.469046+00:00,22:57:17,ASML_202706_F,59.7,9,DownrightDogfish,Kelvin Chan,buy
2026-07-12T12:57:26.469046+00:00,22:57:17,ASML_202706_F,60.2,41,DownrightDogfish,CapableCoyotes,buy
2026-07-12T12:57:32.052559+00:00,22:57:17,ASML_202612_050P,31.8,4,EssentialEagles,Kelvin Chan,buy
2026-07-12T12:57:32.052559+00:00,22:57:17,OB5X_ETF,40.2,222,LivelyLasagnas,KindlyKales,sell
2026-07-12T12:57:32.052559+00:00,22:57:17,ASML_DUAL,61.0,50,FlawlessFlatbreads,DiligentDonuts,buy
2026-07-12T12:57:32.052559+00:00,22:57:17,ASML_202612_F,58.8,100,BoundlessBisons,CapableCoyotes,buy
2026-07-12T12:57:32.052559+00:00,22:57:17,SAP,51.5,31,Kelvin Chan,WavyWalnuts,sell
2026-07-12T12:57:32.052559+00:00,22:57:17,SAP,51.5,169,YieldingYams,WavyWalnuts,sell
2026-07-12T12:57:32.052559+00:00,22:57:17,ASML_202703_F,59.2,100,BoundlessBisons,CapableCoyotes,buy
2026-07-12T12:57:32.052559+00:00,22:57:18,SAP,51.5,20,YieldingYams,BrilliantBurritos,sell
2026-07-12T12:57:32.052559+00:00,22:57:18,ASML_202706_F,59.5,40,AttentiveAntelopes,CapableCoyotes,buy
2026-07-12T12:57:32.052559+00:00,22:57:18,ASML_202706_F,59.5,100,BoundlessBisons,CapableCoyotes,buy
2026-07-12T12:57:32.052559+00:00,22:57:18,ASML_DUAL,61.0,1,xingzhi Dang,DiligentDonuts,buy
2026-07-12T12:57:32.052559+00:00,22:57:18,ASML,61.1,1,WavyWalnuts,xingzhi Dang,sell
2026-07-12T12:57:32.052559+00:00,22:57:18,TSLA,12.6,200,YieldingYams,WavyWalnuts,sell
2026-07-12T12:57:32.052559+00:00,22:57:18,NVDA,42.7,200,YieldingYams,WavyWalnuts,sell
2026-07-12T12:57:32.052559+00:00,22:57:18,OB5X_202703_F,177.0,45,PowerfulPineapples,OriginalOlives,sell
2026-07-12T12:57:32.052559+00:00,22:57:18,OB5X_ETF,40.3,500,NecessaryNutmegs,MarvelousMilkshakes,buy
2026-07-12T12:57:32.052559+00:00,22:57:18,ASML_202612_100C,36.2,43,GenerousGeckos,EssentialEagles,sell
2026-07-12T12:57:32.052559+00:00,22:57:18,ASML_DUAL,60.7,1,DiligentDonuts,Kelvin Chan,buy
2026-07-12T12:57:32.052559+00:00,22:57:18,ASML_202612_050C,43.2,2,EssentialEagles,Kelvin Chan,buy
2026-07-12T12:57:32.052559+00:00,22:57:18,ASML_202612_050P,31.8,7,EssentialEagles,Kelvin Chan,buy
2026-07-12T12:57:32.052559+00:00,22:57:18,ASML_DUAL,60.7,1,DiligentDonuts,Kelvin Chan,sell
2026-07-12T12:57:32.052559+00:00,22:57:18,ASML_DUAL,60.7,1,DiligentDonuts,Kelvin Chan,sell
2026-07-12T12:57:32.052559+00:00,22:57:18,OB5X_202612_100C,90.3,9,ScholarlySpearmints,Kelvin Chan,buy
2026-07-12T12:57:32.052559+00:00,22:57:18,OB5X_202612_100C,90.3,49,ScholarlySpearmints,TactfulTangerines,buy
2026-07-12T12:57:32.052559+00:00,22:57:18,ASML_DUAL,60.7,1,DiligentDonuts,Kelvin Chan,sell
2026-07-12T12:57:32.052559+00:00,22:57:19,OB5X_202612_100P,21.8,10,Kelvin Chan,ScholarlySpearmints,sell
2026-07-12T12:57:32.052559+00:00,22:57:19,OB5X_202612_100P,21.4,38,TactfulTangerines,ScholarlySpearmints,sell
2026-07-12T12:57:32.052559+00:00,22:57:19,SAP,51.5,98,Kelvin Chan,WavyWalnuts,sell
2026-07-12T12:57:32.052559+00:00,22:57:19,SAP,51.5,102,AverageAlmonds,WavyWalnuts,sell
2026-07-12T12:57:32.052559+00:00,22:57:19,SAP_DUAL,51.5,41,GroovyGrapefruits,InfiniteIcecreams,buy
2026-07-12T12:57:32.052559+00:00,22:57:19,ASML,61.2,3,WavyWalnuts,Kelvin Chan,buy
2026-07-12T12:57:32.052559+00:00,22:57:19,ASML,61.2,197,WavyWalnuts,AverageAlmonds,buy
2026-07-12T12:57:32.052559+00:00,22:57:19,ASML_202612_F,58.8,50,DownrightDogfish,CapableCoyotes,buy
2026-07-12T12:57:32.052559+00:00,22:57:19,ASML_202703_F,59.2,50,DownrightDogfish,CapableCoyotes,buy
2026-07-12T12:57:32.052559+00:00,22:57:19,ASML_202612_100C,36.2,7,GenerousGeckos,EssentialEagles,sell
2026-07-12T12:57:32.052559+00:00,22:57:19,ASML_202612_100C,36.2,49,FortunateFerrets,EssentialEagles,sell
2026-07-12T12:57:32.052559+00:00,22:57:19,ASML_202612_075C,39.4,2,EssentialEagles,Kelvin Chan,buy
2026-07-12T12:57:32.052559+00:00,22:57:19,ASML_202612_075C,39.7,50,EssentialEagles,GenerousGeckos,buy
2026-07-12T12:57:32.052559+00:00,22:57:19,ASML_202612_075C,39.7,5,EssentialEagles,FortunateFerrets,buy
2026-07-12T12:57:32.052559+00:00,22:57:19,ASML_202706_F,59.5,10,DownrightDogfish,CapableCoyotes,buy
2026-07-12T12:57:32.052559+00:00,22:57:19,ASML_202706_F,59.7,7,DownrightDogfish,Kelvin Chan,buy
2026-07-12T12:57:32.052559+00:00,22:57:19,ASML_202706_F,60.0,33,DownrightDogfish,BoundlessBisons,buy
2026-07-12T12:57:32.052559+00:00,22:57:19,NVDA,42.7,200,YieldingYams,WavyWalnuts,sell
2026-07-12T12:57:32.052559+00:00,22:57:19,ASML_DUAL,60.7,43,DiligentDonuts,CostlyCorianders,sell
2026-07-12T12:57:32.052559+00:00,22:57:19,ASML_202703_F,59.3,8,AttentiveAntelopes,Kelvin Chan,buy
2026-07-12T12:57:32.052559+00:00,22:57:19,ASML_DUAL,60.8,2,FlawlessFlatbreads,xingzhi Dang,buy
2026-07-12T12:57:32.052559+00:00,22:57:19,SAP_DUAL,51.4,20,Kelvin Chan,InfiniteIcecreams,sell
2026-07-12T12:57:32.052559+00:00,22:57:20,SAP,51.6,20,BrilliantBurritos,YieldingYams,buy
2026-07-12T12:57:32.052559+00:00,22:57:20,NVDA,42.6,180,Kelvin Chan,YieldingYams,sell
2026-07-12T12:57:32.052559+00:00,22:57:20,NVDA,42.6,200,WavyWalnuts,YieldingYams,sell
2026-07-12T12:57:32.052559+00:00,22:57:20,OB5X_202612_120C,83.4,50,VersatileVinegars,ScholarlySpearmints,sell
2026-07-12T12:57:32.052559+00:00,22:57:20,OB5X_202612_120C,83.3,3,TactfulTangerines,ScholarlySpearmints,sell
2026-07-12T12:57:32.052559+00:00,22:57:20,SAP_DUAL,51.1,44,HomelyHerrings,GroovyGrapefruits,sell
2026-07-12T12:57:32.052559+00:00,22:57:20,OB5X_202612_080P,13.4,1,ScholarlySpearmints,Kelvin Chan,buy
2026-07-12T12:57:32.052559+00:00,22:57:20,OB5X_202612_080P,13.5,50,ScholarlySpearmints,VersatileVinegars,buy
2026-07-12T12:57:32.052559+00:00,22:57:20,SAP_DUAL,51.4,50,JazzyJellies,InfiniteIcecreams,buy
2026-07-12T12:57:32.052559+00:00,22:57:20,ASML,61.1,2,xingzhi Dang,AverageAlmonds,buy
2026-07-12T12:57:32.052559+00:00,22:57:20,ASML,61.1,200,WavyWalnuts,AverageAlmonds,buy
2026-07-12T12:57:32.052559+00:00,22:57:20,OB5X_202706_F,183.9,50,PowerfulPineapples,RadiantRisottos,sell
2026-07-12T12:57:32.052559+00:00,22:57:20,TSLA,12.6,20,WavyWalnuts,BrilliantBurritos,sell
2026-07-12T12:57:32.052559+00:00,22:57:20,OB5X_202703_F,177.0,50,PowerfulPineapples,RadiantRisottos,sell
2026-07-12T12:57:32.052559+00:00,22:57:20,OB5X_ETF,40.1,500,MarvelousMilkshakes,NecessaryNutmegs,sell
2026-07-12T12:57:32.052559+00:00,22:57:20,OB5X_202612_F,173.9,50,PowerfulPineapples,RadiantRisottos,sell
2026-07-12T12:57:32.052559+00:00,22:57:20,NVDA,42.6,200,WavyWalnuts,YieldingYams,buy
2026-07-12T12:57:32.052559+00:00,22:57:20,TSLA,12.7,180,WavyWalnuts,Kelvin Chan,buy
2026-07-12T12:57:32.052559+00:00,22:57:20,TSLA,12.7,20,WavyWalnuts,YieldingYams,buy
2026-07-12T12:57:32.052559+00:00,22:57:20,ASML_202612_050P,31.8,7,EssentialEagles,Kelvin Chan,buy
2026-07-12T12:57:32.052559+00:00,22:57:21,ASML_202612_F,58.9,4,CapableCoyotes,Kelvin Chan,buy
2026-07-12T12:57:32.052559+00:00,22:57:21,ASML_202612_F,59.3,5,CapableCoyotes,Kelvin Chan,sell
2026-07-12T12:57:32.052559+00:00,22:57:21,ASML_DUAL,61.0,1,Harry Stankovic,EarnestEspressos,buy
2026-07-12T12:57:32.052559+00:00,22:57:21,ASML_202703_F,59.4,4,CapableCoyotes,Kelvin Chan,buy
2026-07-12T12:57:32.052559+00:00,22:57:21,ASML_202703_F,59.7,100,CapableCoyotes,BoundlessBisons,buy
2026-07-12T12:57:32.052559+00:00,22:57:21,NVDA,42.7,180,YieldingYams,Kelvin Chan,buy
2026-07-12T12:57:32.052559+00:00,22:57:21,NVDA,42.8,445,YieldingYams,AverageAlmonds,buy
2026-07-12T12:57:32.052559+00:00,22:57:21,ASML_202612_F,59.3,100,CapableCoyotes,BoundlessBisons,sell
2026-07-12T12:57:32.052559+00:00,22:57:21,ASML_202706_F,59.7,4,CapableCoyotes,Kelvin Chan,buy
2026-07-12T12:57:32.052559+00:00,22:57:21,ASML_202612_F,59.3,1,CapableCoyotes,Kelvin Chan,sell
2026-07-12T12:57:32.052559+00:00,22:57:21,ASML_202703_F,59.7,46,CapableCoyotes,BoundlessBisons,sell
2026-07-12T12:57:32.052559+00:00,22:57:21,ASML_202706_F,59.9,100,CapableCoyotes,BoundlessBisons,sell
2026-07-12T12:57:32.052559+00:00,22:57:21,ASML_202612_F,59.3,40,CapableCoyotes,DownrightDogfish,sell
2026-07-12T12:57:32.052559+00:00,22:57:21,ASML_202612_F,58.6,10,Kelvin Chan,DownrightDogfish,sell
2026-07-12T12:57:32.052559+00:00,22:57:21,ASML_202706_F,59.9,1,CapableCoyotes,Kelvin Chan,sell
2026-07-12T12:57:32.052559+00:00,22:57:21,ASML_DUAL,60.8,2,FlawlessFlatbreads,xingzhi Dang,buy
2026-07-12T12:57:32.052559+00:00,22:57:21,ASML_DUAL,61.0,48,FlawlessFlatbreads,EarnestEspressos,buy
2026-07-12T12:57:32.052559+00:00,22:57:22,ASML_202703_F,59.0,21,Kelvin Chan,DownrightDogfish,sell
2026-07-12T12:57:32.052559+00:00,22:57:22,ASML_202703_F,58.8,29,BoundlessBisons,DownrightDogfish,sell
2026-07-12T12:57:32.052559+00:00,22:57:22,ASML_202706_F,59.9,7,CapableCoyotes,Kelvin Chan,sell
2026-07-12T12:57:32.052559+00:00,22:57:22,ASML_202706_F,59.9,5,CapableCoyotes,Kelvin Chan,sell
2026-07-12T12:57:32.052559+00:00,22:57:22,ASML_202706_F,59.9,33,CapableCoyotes,DownrightDogfish,sell
2026-07-12T12:57:32.052559+00:00,22:57:22,ASML_202706_F,59.4,17,Kelvin Chan,DownrightDogfish,sell
2026-07-12T12:57:32.052559+00:00,22:57:22,ASML_202612_100C,36.2,49,FortunateFerrets,EssentialEagles,sell
2026-07-12T12:57:32.052559+00:00,22:57:22,NVDA,42.6,180,Kelvin Chan,WavyWalnuts,sell
2026-07-12T12:57:32.052559+00:00,22:57:22,TSLA,12.7,200,YieldingYams,WavyWalnuts,sell
2026-07-12T12:57:32.052559+00:00,22:57:22,ASML_202612_075C,39.7,45,EssentialEagles,FortunateFerrets,buy
2026-07-12T12:57:32.052559+00:00,22:57:22,OB5X_ETF,40.2,234,KindlyKales,MarvelousMilkshakes,buy
2026-07-12T12:57:32.052559+00:00,22:57:22,ASML,61.1,2,xingzhi Dang,WavyWalnuts,buy
2026-07-12T12:57:32.052559+00:00,22:57:22,SAP_DUAL,51.4,50,JazzyJellies,InfiniteIcecreams,buy
2026-07-12T12:57:32.052559+00:00,22:57:22,NVDA,42.6,20,YieldingYams,WavyWalnuts,buy
2026-07-12T12:57:32.052559+00:00,22:57:22,AAPL,139.6,200,YieldingYams,WavyWalnuts,buy
2026-07-12T12:57:32.052559+00:00,22:57:22,ASML_202703_F,59.1,27,Kelvin Chan,AttentiveAntelopes,sell
2026-07-12T12:57:32.052559+00:00,22:57:22,ASML_202703_F,58.8,18,BoundlessBisons,AttentiveAntelopes,sell
2026-07-12T12:57:32.052559+00:00,22:57:22,ASML,61.1,20,BrilliantBurritos,WavyWalnuts,buy
2026-07-12T12:57:32.052559+00:00,22:57:22,SAP_DUAL,51.4,30,GroovyGrapefruits,InfiniteIcecreams,buy
2026-07-12T12:57:32.052559+00:00,22:57:22,SAP_DUAL,51.6,19,GroovyGrapefruits,HomelyHerrings,buy
2026-07-12T12:57:32.052559+00:00,22:57:22,OB5X_202612_120C,84.3,9,ScholarlySpearmints,Kelvin Chan,buy
2026-07-12T12:57:32.052559+00:00,22:57:22,OB5X_202612_120C,84.6,42,ScholarlySpearmints,VersatileVinegars,buy
2026-07-12T12:57:37.621585+00:00,22:57:22,OB5X_202612_120C,83.8,2,Kelvin Chan,ScholarlySpearmints,sell
2026-07-12T12:57:37.621585+00:00,22:57:22,OB5X_202612_120C,83.5,42,TactfulTangerines,ScholarlySpearmints,sell
2026-07-12T12:57:37.621585+00:00,22:57:23,OB5X_202612_080P,13.5,3,ScholarlySpearmints,Kelvin Chan,buy
2026-07-12T12:57:37.621585+00:00,22:57:23,SAP_DUAL,51.6,100,InfiniteIcecreams,HomelyHerrings,sell
2026-07-12T12:57:37.621585+00:00,22:57:23,OB5X_202612_080P,13.5,3,ScholarlySpearmints,Kelvin Chan,sell
2026-07-12T12:57:37.621585+00:00,22:57:23,OB5X_202612_080P,13.5,3,ScholarlySpearmints,Kelvin Chan,sell
2026-07-12T12:57:37.621585+00:00,22:57:23,ASML_202612_075C,39.4,2,EssentialEagles,Kelvin Chan,buy
2026-07-12T12:57:37.621585+00:00,22:57:23,ASML_202612_075C,39.7,50,EssentialEagles,FortunateFerrets,buy
2026-07-12T12:57:37.621585+00:00,22:57:23,OB5X_202703_F,176.9,40,OriginalOlives,PowerfulPineapples,buy
2026-07-12T12:57:37.621585+00:00,22:57:23,TSLA,12.7,200,WavyWalnuts,YieldingYams,buy
2026-07-12T12:57:37.621585+00:00,22:57:23,OB5X_202612_080P,13.5,3,ScholarlySpearmints,Kelvin Chan,sell
2026-07-12T12:57:37.621585+00:00,22:57:23,ASML_DUAL,60.6,2,EarnestEspressos,xingzhi Dang,buy
2026-07-12T12:57:37.621585+00:00,22:57:23,SAP,51.6,200,YieldingYams,WavyWalnuts,sell
2026-07-12T12:57:37.621585+00:00,22:57:23,NVDA,42.6,200,WavyWalnuts,YieldingYams,sell
2026-07-12T12:57:37.621585+00:00,22:57:24,SAP,51.6,500,AverageAlmonds,YieldingYams,sell
2026-07-12T12:57:37.621585+00:00,22:57:24,ASML,61.1,200,YieldingYams,WavyWalnuts,buy
2026-07-12T12:57:37.621585+00:00,22:57:24,ASML,61.1,425,YieldingYams,AverageAlmonds,buy
2026-07-12T12:57:37.621585+00:00,22:57:24,ASML_DUAL,60.8,2,FlawlessFlatbreads,Kelvin Chan,buy
2026-07-12T12:57:37.621585+00:00,22:57:24,ASML_DUAL,61.0,48,FlawlessFlatbreads,DiligentDonuts,buy
2026-07-12T12:57:37.621585+00:00,22:57:24,ASML,61.1,75,WavyWalnuts,AverageAlmonds,buy
2026-07-12T12:57:37.621585+00:00,22:57:24,ASML_202612_F,59.1,1,DownrightDogfish,Kelvin Chan,buy
2026-07-12T12:57:37.621585+00:00,22:57:24,ASML_202612_F,59.8,49,DownrightDogfish,CapableCoyotes,buy
2026-07-12T12:57:37.621585+00:00,22:57:24,ASML_202703_F,59.3,50,DownrightDogfish,BoundlessBisons,buy
2026-07-12T12:57:37.621585+00:00,22:57:24,ASML_202703_F,59.3,4,AttentiveAntelopes,BoundlessBisons,buy
2026-07-12T12:57:37.621585+00:00,22:57:24,ASML_202703_F,59.4,1,AttentiveAntelopes,Kelvin Chan,buy
2026-07-12T12:57:37.621585+00:00,22:57:24,ASML_202706_F,59.8,4,DownrightDogfish,Kelvin Chan,buy
2026-07-12T12:57:37.621585+00:00,22:57:24,ASML_202706_F,60.5,46,DownrightDogfish,CapableCoyotes,buy
2026-07-12T12:57:37.621585+00:00,22:57:24,ASML,61.2,2,xingzhi Dang,Kelvin Chan,buy
2026-07-12T12:57:37.621585+00:00,22:57:24,SAP,51.6,125,AverageAlmonds,YieldingYams,buy
2026-07-12T12:57:37.621585+00:00,22:57:24,ASML,61.1,125,WavyWalnuts,AverageAlmonds,sell
2026-07-12T12:57:37.621585+00:00,22:57:24,SAP_DUAL,51.7,20,JazzyJellies,Kelvin Chan,buy
2026-07-12T12:57:37.621585+00:00,22:57:24,SAP_DUAL,52.1,30,JazzyJellies,InfiniteIcecreams,buy
2026-07-12T12:57:37.621585+00:00,22:57:24,NVDA,42.5,200,YieldingYams,WavyWalnuts,sell
2026-07-12T12:57:37.621585+00:00,22:57:24,TSLA,12.8,200,WavyWalnuts,YieldingYams,buy
2026-07-12T12:57:37.621585+00:00,22:57:24,OB5X_202612_100P,21.4,46,VersatileVinegars,ScholarlySpearmints,sell
2026-07-12T12:57:37.621585+00:00,22:57:24,OB5X_202703_F,176.6,47,QuirkyQuinoas,OriginalOlives,sell
2026-07-12T12:57:37.621585+00:00,22:57:24,OB5X_202612_F,173.9,42,OriginalOlives,PowerfulPineapples,buy
2026-07-12T12:57:37.621585+00:00,22:57:24,OB5X_ETF,40.2,243,MarvelousMilkshakes,KindlyKales,sell
2026-07-12T12:57:37.621585+00:00,22:57:25,OB5X_ETF,40.2,500,MarvelousMilkshakes,NecessaryNutmegs,sell
2026-07-12T12:57:37.621585+00:00,22:57:25,SAP,51.6,200,AverageAlmonds,WavyWalnuts,sell
2026-07-12T12:57:37.621585+00:00,22:57:25,TSLA,12.8,500,YieldingYams,AverageAlmonds,buy
2026-07-12T12:57:37.621585+00:00,22:57:25,TSLA,12.9,125,YieldingYams,WavyWalnuts,buy
2026-07-12T12:57:37.621585+00:00,22:57:25,SAP,51.7,88,YieldingYams,Kelvin Chan,buy
2026-07-12T12:57:37.621585+00:00,22:57:25,ASML_202612_100C,36.4,2,EssentialEagles,Kelvin Chan,buy
2026-07-12T12:57:37.621585+00:00,22:57:25,OB5X_ETF,40.2,7,MarvelousMilkshakes,LivelyLasagnas,sell
2026-07-12T12:57:37.621585+00:00,22:57:25,ASML_202612_075P,52.4,2,Kelvin Chan,EssentialEagles,sell
2026-07-12T12:57:37.621585+00:00,22:57:25,ASML_202612_075P,52.2,45,GenerousGeckos,EssentialEagles,sell
2026-07-12T12:57:37.621585+00:00,22:57:25,ASML_DUAL,60.8,1,xingzhi Dang,Kelvin Chan,buy
2026-07-12T12:57:37.621585+00:00,22:57:25,ASML,61.0,1,YieldingYams,xingzhi Dang,sell
2026-07-12T12:57:37.621585+00:00,22:57:25,ASML_202612_075C,39.4,3,EssentialEagles,Kelvin Chan,buy
2026-07-12T12:57:37.621585+00:00,22:57:25,TSLA,12.6,20,Kelvin Chan,BrilliantBurritos,sell
2026-07-12T12:57:37.621585+00:00,22:57:25,ASML_DUAL,61.0,48,CostlyCorianders,DiligentDonuts,buy
2026-07-12T12:57:37.621585+00:00,22:57:25,ASML_202612_075C,39.1,5,Kelvin Chan,EssentialEagles,sell
2026-07-12T12:57:37.621585+00:00,22:57:25,ASML_202612_075C,39.1,50,GenerousGeckos,EssentialEagles,sell
2026-07-12T12:57:37.621585+00:00,22:57:25,ASML_202612_075C,39.1,3,FortunateFerrets,EssentialEagles,sell
2026-07-12T12:57:37.621585+00:00,22:57:25,ASML_202612_100P,74.0,2,Kelvin Chan,EssentialEagles,sell
2026-07-12T12:57:37.621585+00:00,22:57:25,ASML_202612_100P,73.8,50,GenerousGeckos,EssentialEagles,sell
2026-07-12T12:57:37.621585+00:00,22:57:25,ASML_202612_F,58.9,48,BoundlessBisons,AttentiveAntelopes,sell
2026-07-12T12:57:37.621585+00:00,22:57:25,ASML_202706_F,59.8,10,AttentiveAntelopes,Kelvin Chan,buy
2026-07-12T12:57:37.621585+00:00,22:57:25,ASML_202706_F,59.8,48,AttentiveAntelopes,CapableCoyotes,buy
2026-07-12T12:57:37.621585+00:00,22:57:25,TSLA,12.8,200,WavyWalnuts,AverageAlmonds,buy
2026-07-12T12:57:37.621585+00:00,22:57:25,NVDA,42.6,20,WavyWalnuts,BrilliantBurritos,sell
2026-07-12T12:57:37.621585+00:00,22:57:25,OB5X_202612_100P,22.1,2,ScholarlySpearmints,Kelvin Chan,buy
2026-07-12T12:57:37.621585+00:00,22:57:26,SAP_DUAL,51.6,47,InfiniteIcecreams,GroovyGrapefruits,sell
2026-07-12T12:57:37.621585+00:00,22:57:26,ASML_DUAL,61.0,50,FlawlessFlatbreads,DiligentDonuts,buy
2026-07-12T12:57:37.621585+00:00,22:57:26,SAP,51.8,200,YieldingYams,WavyWalnuts,sell
2026-07-12T12:57:37.621585+00:00,22:57:26,OB5X_202612_F,173.7,6,Kelvin Chan,OriginalOlives,sell
2026-07-12T12:57:37.621585+00:00,22:57:26,SAP_DUAL,51.7,23,JazzyJellies,Kelvin Chan,buy
2026-07-12T12:57:37.621585+00:00,22:57:26,SAP_DUAL,51.8,27,JazzyJellies,InfiniteIcecreams,buy
2026-07-12T12:57:37.621585+00:00,22:57:26,SAP,51.6,500,AverageAlmonds,YieldingYams,sell
2026-07-12T12:57:37.621585+00:00,22:57:26,OB5X_202612_100P,22.3,2,ScholarlySpearmints,Kelvin Chan,sell
2026-07-12T12:57:37.621585+00:00,22:57:26,ASML_202612_100C,36.6,52,EssentialEagles,FortunateFerrets,buy
2026-07-12T12:57:37.621585+00:00,22:57:26,ASML_202612_075C,39.5,2,EssentialEagles,Kelvin Chan,buy
2026-07-12T12:57:37.621585+00:00,22:57:26,ASML_202612_075C,39.6,50,EssentialEagles,GenerousGeckos,buy
2026-07-12T12:57:37.621585+00:00,22:57:26,SAP,51.6,125,AverageAlmonds,YieldingYams,buy
2026-07-12T12:57:37.621585+00:00,22:57:27,NVDA,42.6,200,YieldingYams,WavyWalnuts,sell
2026-07-12T12:57:37.621585+00:00,22:57:27,TSLA,12.7,200,WavyWalnuts,YieldingYams,buy
2026-07-12T12:57:37.621585+00:00,22:57:27,OB5X_202612_100C,89.7,2,Kelvin Chan,ScholarlySpearmints,sell
2026-07-12T12:57:37.621585+00:00,22:57:27,OB5X_202612_100C,89.3,48,TactfulTangerines,ScholarlySpearmints,sell
2026-07-12T12:57:37.621585+00:00,22:57:27,ASML_202703_F,59.4,8,AttentiveAntelopes,Kelvin Chan,buy
2026-07-12T12:57:37.621585+00:00,22:57:27,ASML_202703_F,59.4,43,AttentiveAntelopes,CapableCoyotes,buy
2026-07-12T12:57:37.621585+00:00,22:57:27,ASML_202706_F,59.5,44,BoundlessBisons,AttentiveAntelopes,sell
2026-07-12T12:57:37.621585+00:00,22:57:27,SAP_DUAL,51.7,11,GroovyGrapefruits,Kelvin Chan,buy
2026-07-12T12:57:37.621585+00:00,22:57:27,SAP_DUAL,51.8,37,GroovyGrapefruits,InfiniteIcecreams,buy
2026-07-12T12:57:39.335645+00:00,22:57:27,TSLA,12.6,20,Kelvin Chan,BrilliantBurritos,sell
2026-07-12T12:57:39.335645+00:00,22:57:27,SAP,51.7,200,AverageAlmonds,WavyWalnuts,sell
2026-07-12T12:57:39.335645+00:00,22:57:27,OB5X_ETF,40.1,244,KindlyKales,MarvelousMilkshakes,buy
2026-07-12T12:57:39.335645+00:00,22:57:27,SAP,51.9,5,YieldingYams,Kelvin Chan,buy
2026-07-12T12:57:39.335645+00:00,22:57:28,OB5X_ETF,40.1,205,KindlyKales,MarvelousMilkshakes,buy
2026-07-12T12:57:39.335645+00:00,22:57:28,NVDA,42.6,200,WavyWalnuts,YieldingYams,buy
2026-07-12T12:57:39.335645+00:00,22:57:28,ASML_DUAL,60.8,2,DiligentDonuts,xingzhi Dang,buy
2026-07-12T12:57:39.335645+00:00,22:57:28,ASML_DUAL,60.9,1,DiligentDonuts,Kelvin Chan,buy
2026-07-12T12:57:39.335645+00:00,22:57:28,ASML,61.1,2,Sze-Yong Ng,YieldingYams,buy
2026-07-12T12:57:39.335645+00:00,22:57:28,ASML_DUAL,60.9,2,DiligentDonuts,Sze-Yong Ng,sell
2026-07-12T12:57:39.335645+00:00,22:57:28,ASML_DUAL,61.2,50,FlawlessFlatbreads,EarnestEspressos,buy
2026-07-12T12:57:39.335645+00:00,22:57:28,SAP,52.0,20,BrilliantBurritos,AverageAlmonds,buy
2026-07-12T12:57:39.335645+00:00,22:57:28,OB5X_202612_080C,105.3,1,Kelvin Chan,ScholarlySpearmints,sell
2026-07-12T12:57:39.335645+00:00,22:57:28,OB5X_202612_080C,105.2,46,VersatileVinegars,ScholarlySpearmints,sell
2026-07-12T12:57:39.335645+00:00,22:57:28,SAP_DUAL,51.6,44,HomelyHerrings,GroovyGrapefruits,sell
2026-07-12T12:57:39.335645+00:00,22:57:28,ASML_DUAL,60.9,1,DiligentDonuts,Kelvin Chan,sell
2026-07-12T12:57:39.335645+00:00,22:57:28,OB5X_202612_120P,32.3,1,ScholarlySpearmints,Kelvin Chan,buy
2026-07-12T12:57:39.335645+00:00,22:57:28,OB5X_202612_120P,32.5,50,ScholarlySpearmints,VersatileVinegars,buy
2026-07-12T12:57:39.335645+00:00,22:57:28,OB5X_202612_120P,32.6,4,ScholarlySpearmints,TactfulTangerines,buy
2026-07-12T12:57:39.335645+00:00,22:57:28,ASML,61.1,2,xingzhi Dang,YieldingYams,buy
2026-07-12T12:57:39.335645+00:00,22:57:28,ASML_DUAL,60.9,1,DiligentDonuts,Kelvin Chan,sell
2026-07-12T12:57:39.335645+00:00,22:57:28,OB5X_202612_100P,21.5,10,Kelvin Chan,ScholarlySpearmints,sell
2026-07-12T12:57:39.335645+00:00,22:57:28,OB5X_202612_100P,21.4,4,VersatileVinegars,ScholarlySpearmints,sell
2026-07-12T12:57:39.335645+00:00,22:57:28,OB5X_202612_100P,21.3,39,TactfulTangerines,ScholarlySpearmints,sell
2026-07-12T12:57:39.335645+00:00,22:57:28,ASML_DUAL,60.9,1,DiligentDonuts,Kelvin Chan,sell
2026-07-12T12:57:39.335645+00:00,22:57:28,OB5X_ETF,40.0,244,LivelyLasagnas,KindlyKales,sell
2026-07-12T12:57:39.335645+00:00,22:57:28,ASML_202612_100C,36.1,5,Kelvin Chan,EssentialEagles,sell
2026-07-12T12:57:39.335645+00:00,22:57:28,ASML_202612_100C,36.1,49,GenerousGeckos,EssentialEagles,sell
2026-07-12T12:57:39.335645+00:00,22:57:28,SAP_DUAL,51.7,2,JazzyJellies,Kelvin Chan,buy
2026-07-12T12:57:39.335645+00:00,22:57:28,SAP_DUAL,51.8,48,JazzyJellies,InfiniteIcecreams,buy
2026-07-12T12:57:39.335645+00:00,22:57:28,SAP,51.9,200,YieldingYams,WavyWalnuts,sell
2026-07-12T12:57:39.335645+00:00,22:57:28,ASML_202612_F,59.1,6,DownrightDogfish,Kelvin Chan,buy
2026-07-12T12:57:39.335645+00:00,22:57:28,ASML_202612_F,59.1,44,DownrightDogfish,CapableCoyotes,buy
2026-07-12T12:57:39.335645+00:00,22:57:28,ASML_202703_F,59.4,5,DownrightDogfish,Kelvin Chan,buy
2026-07-12T12:57:39.335645+00:00,22:57:28,ASML_202703_F,59.5,45,DownrightDogfish,CapableCoyotes,buy
2026-07-12T12:57:39.335645+00:00,22:57:29,AAPL,139.5,200,WavyWalnuts,YieldingYams,buy
2026-07-12T12:57:39.335645+00:00,22:57:29,ASML_202706_F,59.8,4,DownrightDogfish,Kelvin Chan,buy
2026-07-12T12:57:39.335645+00:00,22:57:29,ASML_202706_F,59.8,46,DownrightDogfish,CapableCoyotes,buy
2026-07-12T12:57:39.335645+00:00,22:57:29,SAP,51.9,20,YieldingYams,BrilliantBurritos,sell
2026-07-12T12:57:39.335645+00:00,22:57:29,ASML,61.0,2,Sze-Yong Ng,WavyWalnuts,buy
2026-07-12T12:57:39.335645+00:00,22:57:29,ASML_DUAL,60.9,2,DiligentDonuts,Sze-Yong Ng,sell
2026-07-12T12:57:39.335645+00:00,22:57:29,TSLA,12.8,200,YieldingYams,WavyWalnuts,buy
2026-07-12T12:57:39.335645+00:00,22:57:29,TSLA,12.8,425,YieldingYams,AverageAlmonds,buy
2026-07-12T12:57:39.335645+00:00,22:57:29,OB5X_ETF,40.1,301,NecessaryNutmegs,MarvelousMilkshakes,buy
2026-07-12T12:57:39.335645+00:00,22:57:29,NVDA,42.4,20,YieldingYams,BrilliantBurritos,sell
2026-07-12T12:57:39.335645+00:00,22:57:29,ASML_DUAL,60.9,46,DiligentDonuts,CostlyCorianders,sell
2026-07-12T12:57:39.335645+00:00,22:57:29,SAP_DUAL,51.8,1,InfiniteIcecreams,Kelvin Chan,sell
2026-07-12T12:57:39.335645+00:00,22:57:29,SAP_DUAL,51.8,1,InfiniteIcecreams,Kelvin Chan,sell
2026-07-12T12:57:39.335645+00:00,22:57:29,AAPL,139.5,20,BrilliantBurritos,YieldingYams,buy
2026-07-12T12:57:39.335645+00:00,22:57:29,OB5X_202612_080C,105.8,10,ScholarlySpearmints,Kelvin Chan,buy
2026-07-12T12:57:39.335645+00:00,22:57:29,OB5X_202612_080C,106.1,40,ScholarlySpearmints,TactfulTangerines,buy
2026-07-12T12:57:39.335645+00:00,22:57:29,OB5X_202706_F,183.7,50,PowerfulPineapples,RadiantRisottos,sell
2026-07-12T12:57:39.335645+00:00,22:57:29,ASML_202612_075C,39.3,7,Kelvin Chan,EssentialEagles,sell
2026-07-12T12:57:39.335645+00:00,22:57:29,ASML_202612_075C,39.1,34,GenerousGeckos,EssentialEagles,sell
2026-07-12T12:57:39.335645+00:00,22:57:30,OB5X_202612_100C,90.1,9,ScholarlySpearmints,Kelvin Chan,buy
2026-07-12T12:57:39.335645+00:00,22:57:30,OB5X_202612_100C,90.4,42,ScholarlySpearmints,VersatileVinegars,buy
2026-07-12T12:57:39.335645+00:00,22:57:30,OB5X_202703_F,176.8,50,PowerfulPineapples,RadiantRisottos,sell
2026-07-12T12:57:39.335645+00:00,22:57:30,OB5X_202612_F,173.7,4,Kelvin Chan,RadiantRisottos,sell
2026-07-12T12:57:39.335645+00:00,22:57:30,OB5X_202612_F,173.7,46,PowerfulPineapples,RadiantRisottos,sell
2026-07-12T12:57:39.335645+00:00,22:57:30,ASML_DUAL,61.0,2,CostlyCorianders,xingzhi Dang,buy
2026-07-12T12:57:39.335645+00:00,22:57:30,ASML_DUAL,61.3,40,CostlyCorianders,EarnestEspressos,buy
2026-07-12T12:57:39.335645+00:00,22:57:30,ASML_202703_F,59.1,54,BoundlessBisons,AttentiveAntelopes,sell
2026-07-12T12:57:39.335645+00:00,22:57:30,ASML_DUAL,61.3,50,FlawlessFlatbreads,EarnestEspressos,buy
2026-07-12T12:57:39.335645+00:00,22:57:30,TSLA,12.7,200,WavyWalnuts,YieldingYams,sell
2026-07-12T12:57:39.335645+00:00,22:57:30,TSLA,12.6,140,Kelvin Chan,YieldingYams,sell
2026-07-12T12:57:39.335645+00:00,22:57:30,TSLA,12.6,285,AverageAlmonds,YieldingYams,sell
2026-07-12T12:57:39.335645+00:00,22:57:30,SAP,51.8,200,WavyWalnuts,YieldingYams,sell
2026-07-12T12:57:39.335645+00:00,22:57:30,ASML,61.0,2,xingzhi Dang,YieldingYams,buy
2026-07-12T12:57:39.335645+00:00,22:57:30,SAP_DUAL,52.1,50,JazzyJellies,HomelyHerrings,buy
2026-07-12T12:57:43.263675+00:00,22:57:30,SAP_DUAL,51.8,43,InfiniteIcecreams,GroovyGrapefruits,sell
2026-07-12T12:57:43.263675+00:00,22:57:31,OB5X_202612_120C,83.8,3,Kelvin Chan,ScholarlySpearmints,sell
2026-07-12T12:57:43.263675+00:00,22:57:31,OB5X_202612_120C,83.3,47,VersatileVinegars,ScholarlySpearmints,sell
2026-07-12T12:57:43.263675+00:00,22:57:31,OB5X_ETF,40.0,214,LivelyLasagnas,KindlyKales,sell
2026-07-12T12:57:43.263675+00:00,22:57:31,ASML_DUAL,60.9,44,DiligentDonuts,CostlyCorianders,sell
2026-07-12T12:57:43.263675+00:00,22:57:31,ASML_DUAL,60.8,3,EarnestEspressos,CostlyCorianders,sell
2026-07-12T12:57:43.263675+00:00,22:57:31,TSLA,12.7,20,BrilliantBurritos,Kelvin Chan,buy
2026-07-12T12:57:43.263675+00:00,22:57:31,ASML_202612_F,59.1,50,DownrightDogfish,CapableCoyotes,buy
2026-07-12T12:57:43.263675+00:00,22:57:31,OB5X_202612_080C,105.8,9,ScholarlySpearmints,Kelvin Chan,buy
2026-07-12T12:57:43.263675+00:00,22:57:31,OB5X_202612_080C,106.1,31,ScholarlySpearmints,TactfulTangerines,buy
2026-07-12T12:57:43.263675+00:00,22:57:31,ASML_202703_F,59.4,3,DownrightDogfish,Kelvin Chan,buy
2026-07-12T12:57:43.263675+00:00,22:57:31,ASML_202703_F,59.5,47,DownrightDogfish,CapableCoyotes,buy
2026-07-12T12:57:43.263675+00:00,22:57:31,OB5X_202612_100C,90.2,9,ScholarlySpearmints,Kelvin Chan,buy
2026-07-12T12:57:43.263675+00:00,22:57:31,OB5X_202612_100C,90.4,8,ScholarlySpearmints,VersatileVinegars,buy
2026-07-12T12:57:43.263675+00:00,22:57:31,ASML_202706_F,59.8,50,DownrightDogfish,CapableCoyotes,buy
2026-07-12T12:57:43.263675+00:00,22:57:31,OB5X_ETF,40.2,500,NecessaryNutmegs,LivelyLasagnas,buy
2026-07-12T12:57:43.263675+00:00,22:57:31,ASML,61.0,200,WavyWalnuts,YieldingYams,buy
2026-07-12T12:57:43.263675+00:00,22:57:31,ASML_202612_F,59.1,4,CapableCoyotes,Kelvin Chan,buy
2026-07-12T12:57:43.263675+00:00,22:57:31,ASML_202612_F,59.2,100,CapableCoyotes,BoundlessBisons,buy
2026-07-12T12:57:43.263675+00:00,22:57:31,NVDA,42.4,20,WavyWalnuts,BrilliantBurritos,sell
2026-07-12T12:57:43.263675+00:00,22:57:31,OB5X_202706_F,183.6,3,Kelvin Chan,PowerfulPineapples,sell
2026-07-12T12:57:43.263675+00:00,22:57:31,OB5X_202706_F,183.6,97,QuirkyQuinoas,PowerfulPineapples,sell
2026-07-12T12:57:43.263675+00:00,22:57:31,TSLA,12.7,20,BrilliantBurritos,Kelvin Chan,buy
2026-07-12T12:57:43.263675+00:00,22:57:31,ASML_202706_F,59.4,3,Kelvin Chan,AttentiveAntelopes,sell
2026-07-12T12:57:43.263675+00:00,22:57:31,ASML_202706_F,59.4,37,BoundlessBisons,AttentiveAntelopes,sell
2026-07-12T12:57:43.263675+00:00,22:57:31,OB5X_202703_F,176.7,4,Kelvin Chan,PowerfulPineapples,sell
2026-07-12T12:57:43.263675+00:00,22:57:31,OB5X_202703_F,176.7,96,QuirkyQuinoas,PowerfulPineapples,sell
2026-07-12T12:57:43.263675+00:00,22:57:31,ASML_202706_F,59.8,3,CapableCoyotes,Kelvin Chan,buy
2026-07-12T12:57:43.263675+00:00,22:57:31,ASML_202706_F,59.9,100,CapableCoyotes,BoundlessBisons,buy
2026-07-12T12:57:43.263675+00:00,22:57:31,ASML,61.0,20,BrilliantBurritos,YieldingYams,buy
2026-07-12T12:57:43.263675+00:00,22:57:31,TSLA,12.6,200,AverageAlmonds,WavyWalnuts,sell
2026-07-12T12:57:43.263675+00:00,22:57:31,SAP,51.7,200,YieldingYams,WavyWalnuts,buy
2026-07-12T12:57:43.263675+00:00,22:57:31,OB5X_202612_100C,90.4,8,ScholarlySpearmints,Kelvin Chan,sell
2026-07-12T12:57:43.263675+00:00,22:57:31,ASML_202612_050P,31.8,6,EssentialEagles,Kelvin Chan,buy
2026-07-12T12:57:43.263675+00:00,22:57:31,ASML_202703_F,59.6,100,CapableCoyotes,BoundlessBisons,sell
2026-07-12T12:57:43.263675+00:00,22:57:32,OB5X_202612_F,173.7,8,Kelvin Chan,PowerfulPineapples,sell
2026-07-12T12:57:43.263675+00:00,22:57:32,OB5X_202612_F,173.6,92,QuirkyQuinoas,PowerfulPineapples,sell
2026-07-12T12:57:43.263675+00:00,22:57:32,ASML_DUAL,60.9,2,CostlyCorianders,xingzhi Dang,buy
2026-07-12T12:57:43.263675+00:00,22:57:32,ASML_DUAL,61.0,45,CostlyCorianders,DiligentDonuts,buy
2026-07-12T12:57:43.263675+00:00,22:57:32,ASML_202706_F,59.9,47,CapableCoyotes,BoundlessBisons,sell
2026-07-12T12:57:43.263675+00:00,22:57:32,OB5X_202612_100C,90.4,9,ScholarlySpearmints,Kelvin Chan,sell
2026-07-12T12:57:43.263675+00:00,22:57:32,SAP,51.8,200,YieldingYams,WavyWalnuts,sell
2026-07-12T12:57:43.263675+00:00,22:57:32,ASML_DUAL,61.0,50,FlawlessFlatbreads,DiligentDonuts,buy
2026-07-12T12:57:43.263675+00:00,22:57:32,OB5X_202612_100C,90.4,8,ScholarlySpearmints,Kelvin Chan,sell
2026-07-12T12:57:43.263675+00:00,22:57:32,OB5X_202706_F,183.5,12,Kelvin Chan,QuirkyQuinoas,buy
2026-07-12T12:57:43.263675+00:00,22:57:32,OB5X_202612_F,173.6,13,Kelvin Chan,QuirkyQuinoas,buy
2026-07-12T12:57:43.263675+00:00,22:57:32,SAP_DUAL,52.2,45,GroovyGrapefruits,HomelyHerrings,buy
2026-07-12T12:57:43.263675+00:00,22:57:32,OB5X_202706_F,183.5,9,Kelvin Chan,QuirkyQuinoas,buy
2026-07-12T12:57:43.263675+00:00,22:57:32,ASML,61.0,2,xingzhi Dang,YieldingYams,buy
2026-07-12T12:57:43.263675+00:00,22:57:32,OB5X_202612_F,173.6,9,Kelvin Chan,QuirkyQuinoas,buy
2026-07-12T12:57:43.263675+00:00,22:57:32,ASML_202612_F,59.2,5,CapableCoyotes,Kelvin Chan,sell
2026-07-12T12:57:43.263675+00:00,22:57:32,OB5X_ETF,40.1,226,KindlyKales,LivelyLasagnas,buy
2026-07-12T12:57:43.263675+00:00,22:57:33,ASML_202612_050C,43.3,1,EssentialEagles,Kelvin Chan,buy
2026-07-12T12:57:43.263675+00:00,22:57:33,TSLA,12.6,200,YieldingYams,WavyWalnuts,sell
2026-07-12T12:57:43.263675+00:00,22:57:33,NVDA,42.5,180,WavyWalnuts,Kelvin Chan,buy
2026-07-12T12:57:43.263675+00:00,22:57:33,NVDA,42.5,20,WavyWalnuts,AverageAlmonds,buy
2026-07-12T12:57:43.263675+00:00,22:57:33,ASML_DUAL,61.0,5,EarnestEspressos,DiligentDonuts,buy
2026-07-12T12:57:43.263675+00:00,22:57:33,SAP,51.7,200,WavyWalnuts,YieldingYams,sell
2026-07-12T12:57:43.263675+00:00,22:57:33,ASML,61.0,2,Sze-Yong Ng,YieldingYams,buy
2026-07-12T12:57:43.263675+00:00,22:57:33,ASML_DUAL,61.2,2,EarnestEspressos,Sze-Yong Ng,sell
2026-07-12T12:57:43.263675+00:00,22:57:33,ASML_202612_F,59.3,50,DownrightDogfish,BoundlessBisons,buy
2026-07-12T12:57:43.263675+00:00,22:57:33,ASML_202612_F,59.2,4,CapableCoyotes,Kelvin Chan,sell
2026-07-12T12:57:43.263675+00:00,22:57:33,ASML,61.0,6,Gourab Sharma,YieldingYams,buy
2026-07-12T12:57:43.263675+00:00,22:57:33,OB5X_ETF,40.0,1,Kelvin Chan,KindlyKales,sell
2026-07-12T12:57:43.263675+00:00,22:57:33,OB5X_ETF,40.0,210,MarvelousMilkshakes,KindlyKales,sell
2026-07-12T12:57:43.263675+00:00,22:57:33,OB5X_202703_F,176.6,6,Kelvin Chan,QuirkyQuinoas,buy
2026-07-12T12:57:43.263675+00:00,22:57:33,ASML_202703_F,59.6,3,CapableCoyotes,Kelvin Chan,sell
2026-07-12T12:57:43.263675+00:00,22:57:33,ASML_DUAL,61.2,6,EarnestEspressos,Gourab Sharma,sell
2026-07-12T12:57:43.263675+00:00,22:57:33,ASML_202703_F,60.1,50,DownrightDogfish,CapableCoyotes,buy
2026-07-12T12:57:43.263675+00:00,22:57:33,ASML,61.0,1,xingzhi Dang,YieldingYams,buy
2026-07-12T12:57:43.263675+00:00,22:57:33,ASML_DUAL,61.2,1,EarnestEspressos,xingzhi Dang,sell
2026-07-12T12:57:43.263675+00:00,22:57:33,ASML_202706_F,59.8,50,DownrightDogfish,BoundlessBisons,buy
2026-07-12T12:57:43.263675+00:00,22:57:33,ASML,61.0,13,Lam Anh Pham,YieldingYams,buy
2026-07-12T12:57:43.263675+00:00,22:57:33,ASML_DUAL,61.2,13,EarnestEspressos,Lam Anh Pham,sell
2026-07-12T12:57:43.263675+00:00,22:57:34,OB5X_202612_080C,105.2,1,Kelvin Chan,ScholarlySpearmints,sell
2026-07-12T12:57:43.263675+00:00,22:57:34,OB5X_202612_080C,105.0,48,VersatileVinegars,ScholarlySpearmints,sell
2026-07-12T12:57:43.263675+00:00,22:57:34,SAP,51.7,425,AverageAlmonds,YieldingYams,buy
2026-07-12T12:57:43.263675+00:00,22:57:34,OB5X_202612_120P,31.8,7,Kelvin Chan,ScholarlySpearmints,sell
2026-07-12T12:57:43.263675+00:00,22:57:34,OB5X_202612_120P,31.4,34,TactfulTangerines,ScholarlySpearmints,sell
2026-07-12T12:57:43.263675+00:00,22:57:34,SAP_DUAL,52.2,46,GroovyGrapefruits,HomelyHerrings,buy
2026-07-12T12:57:43.263675+00:00,22:57:34,TSLA,12.6,200,YieldingYams,WavyWalnuts,sell
2026-07-12T12:57:43.263675+00:00,22:57:34,TSLA,12.6,500,AverageAlmonds,YieldingYams,sell
2026-07-12T12:57:43.263675+00:00,22:57:34,NVDA,42.5,200,YieldingYams,WavyWalnuts,buy
2026-07-12T12:57:43.263675+00:00,22:57:34,NVDA,42.6,425,YieldingYams,AverageAlmonds,buy
2026-07-12T12:57:43.263675+00:00,22:57:34,OB5X_202703_F,176.1,51,PowerfulPineapples,OriginalOlives,sell
2026-07-12T12:57:44.989189+00:00,22:57:34,AAPL,139.5,200,YieldingYams,WavyWalnuts,buy
2026-07-12T12:57:44.989189+00:00,22:57:34,ASML,60.9,200,WavyWalnuts,YieldingYams,sell
2026-07-12T12:57:44.989189+00:00,22:57:34,ASML,60.9,1,Sze-Yong Ng,YieldingYams,buy
2026-07-12T12:57:44.989189+00:00,22:57:34,ASML_DUAL,61.2,1,EarnestEspressos,Sze-Yong Ng,sell
2026-07-12T12:57:44.989189+00:00,22:57:34,ASML,60.9,7,Gourab Sharma,YieldingYams,buy
2026-07-12T12:57:44.989189+00:00,22:57:34,ASML_DUAL,61.2,7,EarnestEspressos,Gourab Sharma,sell
2026-07-12T12:57:44.989189+00:00,22:57:34,ASML_DUAL,61.3,50,FlawlessFlatbreads,DiligentDonuts,buy
2026-07-12T12:57:44.989189+00:00,22:57:34,ASML,60.9,1,xingzhi Dang,YieldingYams,buy
2026-07-12T12:57:44.989189+00:00,22:57:34,OB5X_202706_F,183.5,3,Kelvin Chan,QuirkyQuinoas,buy
2026-07-12T12:57:44.989189+00:00,22:57:34,ASML_DUAL,61.2,1,EarnestEspressos,xingzhi Dang,sell
2026-07-12T12:57:44.989189+00:00,22:57:34,TSLA,12.6,125,AverageAlmonds,YieldingYams,buy
2026-07-12T12:57:44.989189+00:00,22:57:34,ASML_202612_075P,52.2,50,GenerousGeckos,EssentialEagles,sell
2026-07-12T12:57:44.989189+00:00,22:57:34,ASML_202612_075P,52.2,5,FortunateFerrets,EssentialEagles,sell
2026-07-12T12:57:44.989189+00:00,22:57:34,ASML,60.9,1,Lam Anh Pham,YieldingYams,buy
2026-07-12T12:57:44.989189+00:00,22:57:34,ASML_DUAL,61.2,1,EarnestEspressos,Lam Anh Pham,sell
2026-07-12T12:57:44.989189+00:00,22:57:35,ASML_202612_F,58.8,23,Kelvin Chan,CapableCoyotes,sell
2026-07-12T12:57:44.989189+00:00,22:57:35,ASML_202612_F,58.8,100,BoundlessBisons,CapableCoyotes,sell
2026-07-12T12:57:44.989189+00:00,22:57:35,ASML,60.9,200,WavyWalnuts,YieldingYams,buy
2026-07-12T12:57:44.989189+00:00,22:57:35,ASML_202612_F,58.8,27,BoundlessBisons,CapableCoyotes,buy
2026-07-12T12:57:44.989189+00:00,22:57:35,OB5X_202706_F,183.4,100,PowerfulPineapples,QuirkyQuinoas,sell
2026-07-12T12:57:44.989189+00:00,22:57:35,ASML_202706_F,59.5,30,Kelvin Chan,CapableCoyotes,sell
2026-07-12T12:57:44.989189+00:00,22:57:35,ASML_202703_F,59.3,100,BoundlessBisons,CapableCoyotes,buy
2026-07-12T12:57:44.989189+00:00,22:57:35,TSLA,12.6,200,AverageAlmonds,WavyWalnuts,sell
2026-07-12T12:57:44.989189+00:00,22:57:35,OB5X_202612_080C,105.7,50,ScholarlySpearmints,TactfulTangerines,buy
2026-07-12T12:57:44.989189+00:00,22:57:35,ASML_202706_F,59.5,100,BoundlessBisons,CapableCoyotes,buy
2026-07-12T12:57:44.989189+00:00,22:57:35,ASML_202706_F,59.5,20,Kelvin Chan,CapableCoyotes,buy
2026-07-12T12:57:44.989189+00:00,22:57:35,OB5X_ETF,40.0,500,MarvelousMilkshakes,NecessaryNutmegs,sell
2026-07-12T12:57:44.989189+00:00,22:57:35,OB5X_202612_F,173.4,5,Kelvin Chan,QuirkyQuinoas,sell
2026-07-12T12:57:44.989189+00:00,22:57:35,OB5X_202612_F,173.4,100,PowerfulPineapples,QuirkyQuinoas,sell
2026-07-12T12:57:44.989189+00:00,22:57:35,NVDA,42.5,200,WavyWalnuts,YieldingYams,sell
2026-07-12T12:57:44.989189+00:00,22:57:35,NVDA,42.4,180,Kelvin Chan,YieldingYams,sell
2026-07-12T12:57:44.989189+00:00,22:57:35,NVDA,42.3,245,AverageAlmonds,YieldingYams,sell
2026-07-12T12:57:44.989189+00:00,22:57:35,ASML,60.9,1,xingzhi Dang,YieldingYams,buy
2026-07-12T12:57:44.989189+00:00,22:57:35,ASML_DUAL,61.2,1,EarnestEspressos,xingzhi Dang,sell
2026-07-12T12:57:44.989189+00:00,22:57:35,ASML_202612_100C,36.2,6,Kelvin Chan,EssentialEagles,sell
2026-07-12T12:57:44.989189+00:00,22:57:35,ASML_202612_100C,35.9,38,GenerousGeckos,EssentialEagles,sell
2026-07-12T12:57:44.989189+00:00,22:57:35,ASML_202612_F,59.1,50,BoundlessBisons,DownrightDogfish,sell
2026-07-12T12:57:44.989189+00:00,22:57:35,ASML,60.9,1,Lam Anh Pham,YieldingYams,buy
2026-07-12T12:57:44.989189+00:00,22:57:35,ASML_DUAL,61.2,1,EarnestEspressos,Lam Anh Pham,sell
2026-07-12T12:57:44.989189+00:00,22:57:36,ASML_202703_F,59.2,20,Kelvin Chan,DownrightDogfish,sell
2026-07-12T12:57:44.989189+00:00,22:57:36,ASML_202703_F,58.8,30,CapableCoyotes,DownrightDogfish,sell
2026-07-12T12:57:44.989189+00:00,22:57:36,ASML_202706_F,59.5,3,Kelvin Chan,DownrightDogfish,sell
2026-07-12T12:57:44.989189+00:00,22:57:36,ASML_202706_F,59.0,47,CapableCoyotes,DownrightDogfish,sell
2026-07-12T12:57:44.989189+00:00,22:57:36,ASML_DUAL,61.2,10,EarnestEspressos,Harry Stankovic,sell
2026-07-12T12:57:44.989189+00:00,22:57:36,ASML,60.9,10,Harry Stankovic,YieldingYams,buy
2026-07-12T12:57:44.989189+00:00,22:57:36,AAPL,139.5,200,WavyWalnuts,YieldingYams,buy
2026-07-12T12:57:44.989189+00:00,22:57:36,ASML_202703_F,58.8,46,CapableCoyotes,AttentiveAntelopes,sell
2026-07-12T12:57:44.989189+00:00,22:57:36,NVDA,42.5,180,WavyWalnuts,Kelvin Chan,buy
2026-07-12T12:57:44.989189+00:00,22:57:36,ASML_DUAL,61.3,50,FlawlessFlatbreads,DiligentDonuts,buy
2026-07-12T12:57:44.989189+00:00,22:57:36,ASML_202612_100C,36.5,50,EssentialEagles,GenerousGeckos,buy
2026-07-12T12:57:44.989189+00:00,22:57:36,ASML_202612_100C,36.5,4,EssentialEagles,FortunateFerrets,buy
2026-07-12T12:57:44.989189+00:00,22:57:36,ASML_202612_100P,74.2,3,EssentialEagles,Kelvin Chan,buy
2026-07-12T12:57:44.989189+00:00,22:57:36,ASML_202612_100P,74.3,49,EssentialEagles,GenerousGeckos,buy
2026-07-12T12:57:44.989189+00:00,22:57:36,SAP_DUAL,51.9,51,HomelyHerrings,GroovyGrapefruits,sell
2026-07-12T12:57:44.989189+00:00,22:57:37,TSLA,12.7,140,YieldingYams,Kelvin Chan,buy
2026-07-12T12:57:44.989189+00:00,22:57:37,TSLA,12.7,200,YieldingYams,WavyWalnuts,buy
2026-07-12T12:57:46.724705+00:00,22:57:37,SAP,51.8,200,YieldingYams,WavyWalnuts,sell
2026-07-12T12:57:46.724705+00:00,22:57:37,ASML_DUAL,60.9,40,EarnestEspressos,CostlyCorianders,sell
2026-07-12T12:57:46.724705+00:00,22:57:37,OB5X_ETF,40.0,233,KindlyKales,MarvelousMilkshakes,buy
2026-07-12T12:57:46.724705+00:00,22:57:37,ASML_DUAL,61.1,2,DiligentDonuts,xingzhi Dang,buy
2026-07-12T12:57:46.724705+00:00,22:57:37,OB5X_ETF,39.9,500,LivelyLasagnas,NecessaryNutmegs,sell
2026-07-12T12:57:46.724705+00:00,22:57:37,ASML,61.0,2,xingzhi Dang,YieldingYams,buy
2026-07-12T12:57:46.724705+00:00,22:57:37,TSLA,12.8,200,WavyWalnuts,YieldingYams,buy
2026-07-12T12:57:46.724705+00:00,22:57:37,ASML_202612_100C,35.9,12,GenerousGeckos,EssentialEagles,sell
2026-07-12T12:57:46.724705+00:00,22:57:37,ASML_202612_100C,35.9,37,FortunateFerrets,EssentialEagles,sell
2026-07-12T12:57:46.724705+00:00,22:57:37,OB5X_ETF,40.0,500,LivelyLasagnas,MarvelousMilkshakes,buy
2026-07-12T12:57:46.724705+00:00,22:57:38,OB5X_202612_080P,13.6,1,ScholarlySpearmints,Kelvin Chan,buy
2026-07-12T12:57:46.724705+00:00,22:57:38,OB5X_202612_080P,13.7,51,ScholarlySpearmints,TactfulTangerines,buy
2026-07-12T12:57:46.724705+00:00,22:57:38,OB5X_202612_080C,105.1,1,Kelvin Chan,ScholarlySpearmints,sell
2026-07-12T12:57:46.724705+00:00,22:57:38,ASML_202612_F,59.1,23,BoundlessBisons,DownrightDogfish,sell
2026-07-12T12:57:46.724705+00:00,22:57:38,ASML_202612_F,58.9,14,Kelvin Chan,DownrightDogfish,sell
2026-07-12T12:57:46.724705+00:00,22:57:38,ASML_202612_F,58.3,13,CapableCoyotes,DownrightDogfish,sell
2026-07-12T12:57:46.724705+00:00,22:57:38,OB5X_202612_120P,32.7,53,ScholarlySpearmints,TactfulTangerines,buy
2026-07-12T12:57:46.724705+00:00,22:57:38,ASML_202703_F,59.3,42,AttentiveAntelopes,CapableCoyotes,buy
2026-07-12T12:57:46.724705+00:00,22:57:38,ASML_202703_F,59.2,13,Kelvin Chan,DownrightDogfish,sell
2026-07-12T12:57:46.724705+00:00,22:57:38,ASML_202703_F,58.8,37,CapableCoyotes,DownrightDogfish,sell
2026-07-12T12:57:46.724705+00:00,22:57:38,TSLA,12.7,180,Kelvin Chan,YieldingYams,sell
2026-07-12T12:57:46.724705+00:00,22:57:38,SAP,51.7,200,AverageAlmonds,WavyWalnuts,sell
2026-07-12T12:57:46.724705+00:00,22:57:38,ASML_202706_F,59.5,13,Kelvin Chan,DownrightDogfish,sell
2026-07-12T12:57:46.724705+00:00,22:57:38,ASML_202706_F,59.0,37,CapableCoyotes,DownrightDogfish,sell
2026-07-12T12:57:46.724705+00:00,22:57:38,AAPL,139.5,200,WavyWalnuts,YieldingYams,sell
2026-07-12T12:57:46.724705+00:00,22:57:38,OB5X_202612_100P,21.5,8,Kelvin Chan,ScholarlySpearmints,sell
2026-07-12T12:57:46.724705+00:00,22:57:38,OB5X_202612_100P,21.4,50,TactfulTangerines,ScholarlySpearmints,sell
2026-07-12T12:57:46.724705+00:00,22:57:38,SAP,51.9,20,BrilliantBurritos,YieldingYams,buy
2026-07-12T12:57:46.724705+00:00,22:57:38,ASML,60.9,200,WavyWalnuts,YieldingYams,buy
2026-07-12T12:57:46.724705+00:00,22:57:38,ASML_202612_F,59.1,100,CapableCoyotes,BoundlessBisons,sell
2026-07-12T12:57:46.724705+00:00,22:57:38,ASML_DUAL,61.2,3,FlawlessFlatbreads,Kelvin Chan,buy
2026-07-12T12:57:46.724705+00:00,22:57:38,ASML_DUAL,61.4,47,FlawlessFlatbreads,EarnestEspressos,buy
2026-07-12T12:57:46.724705+00:00,22:57:38,ASML,60.9,1,xingzhi Dang,YieldingYams,buy
2026-07-12T12:57:46.724705+00:00,22:57:38,ASML_DUAL,61.1,1,DiligentDonuts,xingzhi Dang,sell
2026-07-12T12:57:50.573794+00:00,22:57:38,ASML_202703_F,59.4,100,CapableCoyotes,BoundlessBisons,sell
2026-07-12T12:57:50.573794+00:00,22:57:38,ASML_202612_075P,52.4,5,Kelvin Chan,EssentialEagles,sell
2026-07-12T12:57:50.573794+00:00,22:57:38,ASML_202612_075P,52.3,43,FortunateFerrets,EssentialEagles,sell
2026-07-12T12:57:50.573794+00:00,22:57:39,TSLA,12.7,200,WavyWalnuts,YieldingYams,buy
2026-07-12T12:57:50.573794+00:00,22:57:39,NVDA,42.6,200,WavyWalnuts,AverageAlmonds,buy
2026-07-12T12:57:50.573794+00:00,22:57:39,ASML_202706_F,59.7,100,CapableCoyotes,BoundlessBisons,sell
2026-07-12T12:57:50.573794+00:00,22:57:39,OB5X_202612_F,173.5,32,OriginalOlives,Kelvin Chan,buy
2026-07-12T12:57:50.573794+00:00,22:57:39,OB5X_202612_F,173.7,16,OriginalOlives,PowerfulPineapples,buy
2026-07-12T12:57:50.573794+00:00,22:57:39,SAP,51.7,200,YieldingYams,WavyWalnuts,sell
2026-07-12T12:57:50.573794+00:00,22:57:39,TSLA,12.7,180,YieldingYams,Kelvin Chan,buy
2026-07-12T12:57:50.573794+00:00,22:57:39,TSLA,12.8,200,YieldingYams,WavyWalnuts,buy
2026-07-12T12:57:50.573794+00:00,22:57:39,TSLA,12.8,245,YieldingYams,AverageAlmonds,buy
2026-07-12T12:57:50.573794+00:00,22:57:39,OB5X_202612_120C,84.2,10,ScholarlySpearmints,Kelvin Chan,buy
2026-07-12T12:57:50.573794+00:00,22:57:39,OB5X_202612_120C,84.3,38,ScholarlySpearmints,TactfulTangerines,buy
2026-07-12T12:57:50.573794+00:00,22:57:39,AAPL,139.4,200,WavyWalnuts,YieldingYams,sell
2026-07-12T12:57:50.573794+00:00,22:57:39,ASML_202612_050C,43.3,46,EssentialEagles,GenerousGeckos,buy
2026-07-12T12:57:50.573794+00:00,22:57:39,ASML,61.0,1,xingzhi Dang,YieldingYams,buy
2026-07-12T12:57:50.573794+00:00,22:57:39,ASML_202612_F,59.1,45,CapableCoyotes,AttentiveAntelopes,sell
2026-07-12T12:57:50.573794+00:00,22:57:39,ASML_202612_050C,43.0,2,Kelvin Chan,EssentialEagles,sell
2026-07-12T12:57:50.573794+00:00,22:57:39,ASML_DUAL,61.1,1,DiligentDonuts,xingzhi Dang,sell
2026-07-12T12:57:50.573794+00:00,22:57:39,ASML_202706_F,59.7,47,CapableCoyotes,AttentiveAntelopes,sell
2026-07-12T12:57:50.573794+00:00,22:57:39,ASML_202612_050P,31.6,50,GenerousGeckos,EssentialEagles,sell
2026-07-12T12:57:50.573794+00:00,22:57:39,ASML_202612_050P,31.6,2,Kelvin Chan,EssentialEagles,sell
2026-07-12T12:57:50.573794+00:00,22:57:40,OB5X_202612_100C,89.9,58,ScholarlySpearmints,TactfulTangerines,buy
2026-07-12T12:57:50.573794+00:00,22:57:40,OB5X_202612_100P,21.6,8,Kelvin Chan,ScholarlySpearmints,sell
2026-07-12T12:57:50.573794+00:00,22:57:40,OB5X_202612_100P,21.4,48,VersatileVinegars,ScholarlySpearmints,sell
2026-07-12T12:57:50.573794+00:00,22:57:40,NVDA,42.6,200,WavyWalnuts,YieldingYams,buy
2026-07-12T12:57:50.573794+00:00,22:57:40,ASML_202612_F,59.1,5,CapableCoyotes,DownrightDogfish,sell
2026-07-12T12:57:50.573794+00:00,22:57:40,ASML_202612_F,58.9,7,Kelvin Chan,DownrightDogfish,sell
2026-07-12T12:57:50.573794+00:00,22:57:40,ASML_202612_F,58.4,38,BoundlessBisons,DownrightDogfish,sell
2026-07-12T12:57:50.573794+00:00,22:57:40,NVDA,42.5,20,Kelvin Chan,BrilliantBurritos,sell
2026-07-12T12:57:50.573794+00:00,22:57:40,OB5X_ETF,40.2,2,KindlyKales,Kelvin Chan,buy
2026-07-12T12:57:50.573794+00:00,22:57:40,OB5X_ETF,40.2,245,KindlyKales,LivelyLasagnas,buy
2026-07-12T12:57:50.573794+00:00,22:57:40,ASML_202703_F,59.4,50,CapableCoyotes,DownrightDogfish,sell
2026-07-12T12:57:52.721795+00:00,22:57:40,ASML_202706_F,59.7,3,CapableCoyotes,DownrightDogfish,sell
2026-07-12T12:57:52.721795+00:00,22:57:40,ASML_202706_F,59.5,5,Kelvin Chan,DownrightDogfish,sell
2026-07-12T12:57:52.721795+00:00,22:57:40,ASML_202706_F,59.1,42,BoundlessBisons,DownrightDogfish,sell
2026-07-12T12:57:52.721795+00:00,22:57:40,ASML_202612_100C,36.4,5,EssentialEagles,Kelvin Chan,buy
2026-07-12T12:57:52.721795+00:00,22:57:40,ASML,61.0,1,xingzhi Dang,YieldingYams,buy
2026-07-12T12:57:52.721795+00:00,22:57:40,ASML_DUAL,61.1,1,DiligentDonuts,xingzhi Dang,sell
2026-07-12T12:57:52.721795+00:00,22:57:40,ASML_202612_075C,39.4,50,EssentialEagles,GenerousGeckos,buy
2026-07-12T12:57:52.721795+00:00,22:57:40,TSLA,12.7,180,Kelvin Chan,YieldingYams,sell
2026-07-12T12:57:52.721795+00:00,22:57:40,TSLA,12.7,200,WavyWalnuts,YieldingYams,sell
2026-07-12T12:57:52.721795+00:00,22:57:40,TSLA,12.6,245,AverageAlmonds,YieldingYams,sell
2026-07-12T12:57:52.721795+00:00,22:57:41,NVDA,42.6,500,YieldingYams,AverageAlmonds,buy
2026-07-12T12:57:52.721795+00:00,22:57:41,NVDA,42.7,125,YieldingYams,WavyWalnuts,buy
2026-07-12T12:57:52.721795+00:00,22:57:41,ASML_202612_100P,74.0,5,Kelvin Chan,EssentialEagles,sell
2026-07-12T12:57:52.721795+00:00,22:57:41,AAPL,139.4,20,BrilliantBurritos,YieldingYams,buy
2026-07-12T12:57:52.721795+00:00,22:57:41,ASML,60.9,200,WavyWalnuts,YieldingYams,buy
2026-07-12T12:57:52.721795+00:00,22:57:41,OB5X_202706_F,183.6,21,OriginalOlives,Kelvin Chan,buy
2026-07-12T12:57:52.721795+00:00,22:57:41,OB5X_202706_F,183.6,19,OriginalOlives,PowerfulPineapples,buy
2026-07-12T12:57:52.721795+00:00,22:57:41,ASML_DUAL,61.1,10,DiligentDonuts,Harry Stankovic,sell
2026-07-12T12:57:52.721795+00:00,22:57:41,ASML,60.9,10,Harry Stankovic,YieldingYams,buy
2026-07-12T12:57:52.721795+00:00,22:57:41,OB5X_ETF,40.1,500,MarvelousMilkshakes,LivelyLasagnas,sell
2026-07-12T12:57:52.721795+00:00,22:57:41,OB5X_202703_F,176.6,21,OriginalOlives,Kelvin Chan,buy
2026-07-12T12:57:52.721795+00:00,22:57:41,OB5X_202703_F,176.7,38,OriginalOlives,QuirkyQuinoas,buy
2026-07-12T12:57:52.721795+00:00,22:57:41,SAP_DUAL,51.7,50,Kelvin Chan,JazzyJellies,sell
2026-07-12T12:57:52.721795+00:00,22:57:41,OB5X_202612_080P,13.0,8,Kelvin Chan,ScholarlySpearmints,sell
2026-07-12T12:57:52.721795+00:00,22:57:41,OB5X_202612_080P,12.9,44,TactfulTangerines,ScholarlySpearmints,sell
2026-07-12T12:57:52.721795+00:00,22:57:41,TSLA,12.6,200,AverageAlmonds,WavyWalnuts,sell
2026-07-12T12:57:52.721795+00:00,22:57:41,OB5X_202612_080C,105.2,8,ScholarlySpearmints,Kelvin Chan,buy
2026-07-12T12:57:52.721795+00:00,22:57:41,OB5X_202612_080C,105.6,38,ScholarlySpearmints,TactfulTangerines,buy
2026-07-12T12:57:56.171308+00:00,22:57:41,ASML_202612_F,59.2,22,AttentiveAntelopes,Kelvin Chan,buy
2026-07-12T12:57:56.171308+00:00,22:57:41,ASML_202703_F,59.5,21,AttentiveAntelopes,Kelvin Chan,buy
2026-07-12T12:57:56.171308+00:00,22:57:42,ASML,60.9,1,xingzhi Dang,YieldingYams,buy
2026-07-12T12:57:56.171308+00:00,22:57:42,ASML_DUAL,61.1,1,DiligentDonuts,xingzhi Dang,sell
2026-07-12T12:57:56.171308+00:00,22:57:42,ASML_202612_F,58.9,7,Kelvin Chan,CapableCoyotes,sell
2026-07-12T12:57:56.171308+00:00,22:57:42,ASML_202612_F,58.4,62,BoundlessBisons,CapableCoyotes,sell
2026-07-12T12:57:56.171308+00:00,22:57:42,ASML_202612_F,58.4,14,Kelvin Chan,CapableCoyotes,buy
2026-07-12T12:57:56.171308+00:00,22:57:42,SAP,51.7,200,WavyWalnuts,YieldingYams,buy
2026-07-12T12:57:56.171308+00:00,22:57:42,ASML_202612_F,58.4,11,Kelvin Chan,CapableCoyotes,buy
2026-07-12T12:57:56.171308+00:00,22:57:42,ASML_202703_F,59.1,4,Kelvin Chan,CapableCoyotes,sell
2026-07-12T12:57:56.171308+00:00,22:57:42,ASML_202703_F,58.8,100,BoundlessBisons,CapableCoyotes,sell
2026-07-12T12:57:56.171308+00:00,22:57:42,ASML_202612_F,58.4,8,Kelvin Chan,CapableCoyotes,buy
2026-07-12T12:57:56.171308+00:00,22:57:42,ASML_202703_F,58.7,8,Kelvin Chan,CapableCoyotes,buy
2026-07-12T12:57:56.171308+00:00,22:57:42,ASML_202612_F,58.4,48,BoundlessBisons,CapableCoyotes,buy
2026-07-12T12:57:56.171308+00:00,22:57:42,TSLA,12.7,180,YieldingYams,Kelvin Chan,buy
2026-07-12T12:57:56.171308+00:00,22:57:42,ASML_202706_F,59.5,4,Kelvin Chan,CapableCoyotes,sell
2026-07-12T12:57:56.171308+00:00,22:57:42,ASML_202706_F,59.1,58,BoundlessBisons,CapableCoyotes,sell
2026-07-12T12:57:56.171308+00:00,22:57:42,SAP,51.8,200,YieldingYams,WavyWalnuts,buy
2026-07-12T12:57:56.171308+00:00,22:57:42,ASML,60.9,20,BrilliantBurritos,YieldingYams,buy
2026-07-12T12:57:56.171308+00:00,22:57:42,ASML_202703_F,58.7,38,BoundlessBisons,CapableCoyotes,buy
2026-07-12T12:57:56.171308+00:00,22:57:42,ASML_202706_F,59.0,88,BoundlessBisons,CapableCoyotes,buy
2026-07-12T12:57:56.171308+00:00,22:57:42,SAP_DUAL,51.9,46,GroovyGrapefruits,InfiniteIcecreams,buy
2026-07-12T12:57:56.171308+00:00,22:57:42,TSLA,12.7,200,YieldingYams,WavyWalnuts,sell
2026-07-12T12:57:56.171308+00:00,22:57:42,NVDA,42.5,160,Kelvin Chan,WavyWalnuts,sell
2026-07-12T12:57:56.171308+00:00,22:57:42,OB5X_202612_120C,83.5,1,Kelvin Chan,ScholarlySpearmints,sell
2026-07-12T12:57:56.171308+00:00,22:57:42,OB5X_202612_120C,83.0,49,VersatileVinegars,ScholarlySpearmints,sell
2026-07-12T12:57:56.171308+00:00,22:57:42,ASML_202612_F,58.8,4,Kelvin Chan,DownrightDogfish,sell
2026-07-12T12:57:56.171308+00:00,22:57:42,ASML_202612_F,58.7,46,BoundlessBisons,DownrightDogfish,sell
2026-07-12T12:57:56.171308+00:00,22:57:43,ASML_202703_F,59.2,50,BoundlessBisons,DownrightDogfish,sell
2026-07-12T12:57:56.171308+00:00,22:57:43,ASML,61.0,1,xingzhi Dang,WavyWalnuts,buy
2026-07-12T12:57:56.171308+00:00,22:57:43,ASML_DUAL,61.1,1,DiligentDonuts,xingzhi Dang,sell
2026-07-12T12:57:56.171308+00:00,22:57:43,ASML_DUAL,61.5,50,FlawlessFlatbreads,EarnestEspressos,buy
2026-07-12T12:57:56.171308+00:00,22:57:43,ASML_202706_F,59.5,12,BoundlessBisons,DownrightDogfish,sell
