captured_at,time,ticker,price,volume,buyer,seller,aggressor
2026-07-03T16:00:01.072477+00:00,01:59:51,ASML_202706_F,123.0,100,CapableCoyotes,BoundlessBisons,sell
2026-07-03T16:00:01.072477+00:00,01:59:51,TSLA,8.0,125,AverageAlmonds,YieldingYams,buy
2026-07-03T16:00:01.072477+00:00,01:59:51,ASML_DUAL,118.7,50,FlawlessFlatbreads,EarnestEspressos,buy
2026-07-03T16:00:01.072477+00:00,01:59:51,SAP_DUAL,58.0,43,GroovyGrapefruits,InfiniteIcecreams,buy
2026-07-03T16:00:01.072477+00:00,01:59:51,NVDA,59.1,200,WavyWalnuts,YieldingYams,buy
2026-07-03T16:00:01.072477+00:00,01:59:51,ASML_DUAL,119.1,41,CostlyCorianders,Alan Niu,buy
2026-07-03T16:00:01.072477+00:00,01:59:51,ASML_DUAL,119.5,6,CostlyCorianders,DiligentDonuts,buy
2026-07-03T16:00:01.072477+00:00,01:59:51,ASML,118.9,41,Alan Niu,YieldingYams,buy
2026-07-03T16:00:01.072477+00:00,01:59:52,OB5X_202612_120C,129.2,42,ScholarlySpearmints,VersatileVinegars,buy
2026-07-03T16:00:01.072477+00:00,01:59:52,OB5X_202706_F,232.1,51,OriginalOlives,QuirkyQuinoas,buy
2026-07-03T16:00:01.072477+00:00,01:59:52,ASML_202612_100P,65.0,52,Gourab Sharma,EssentialEagles,sell
2026-07-03T16:00:01.072477+00:00,01:59:52,TSLA,8.3,200,AverageAlmonds,WavyWalnuts,sell
2026-07-03T16:00:01.072477+00:00,01:59:52,ASML_DUAL,118.6,45,Alan Niu,CostlyCorianders,sell
2026-07-03T16:00:01.072477+00:00,01:59:52,OB5X_202612_100C,139.8,41,ScholarlySpearmints,VersatileVinegars,buy
2026-07-03T16:00:01.072477+00:00,01:59:52,SAP_DUAL,58.0,50,JazzyJellies,InfiniteIcecreams,buy
2026-07-03T16:00:01.072477+00:00,01:59:52,ASML,118.8,45,WavyWalnuts,Alan Niu,sell
2026-07-03T16:00:01.072477+00:00,01:59:52,TSLA,8.3,300,AverageAlmonds,YieldingYams,sell
2026-07-03T16:00:01.072477+00:00,01:59:52,OB5X_202706_F,231.6,50,QuirkyQuinoas,RadiantRisottos,sell
2026-07-03T16:00:01.072477+00:00,01:59:52,OB5X_202703_F,227.3,50,QuirkyQuinoas,RadiantRisottos,sell
2026-07-03T16:00:01.072477+00:00,01:59:52,OB5X_202612_F,224.7,50,QuirkyQuinoas,RadiantRisottos,sell
2026-07-03T16:00:01.072477+00:00,01:59:52,TSLA,8.0,325,AverageAlmonds,YieldingYams,buy
2026-07-03T16:00:01.072477+00:00,01:59:52,AAPL,156.5,200,AverageAlmonds,WavyWalnuts,buy
2026-07-03T16:00:01.072477+00:00,01:59:52,AAPL,156.5,20,AverageAlmonds,BrilliantBurritos,sell
2026-07-03T16:00:01.072477+00:00,01:59:53,ASML_202706_F,122.3,43,AttentiveAntelopes,CapableCoyotes,buy
2026-07-03T16:00:01.072477+00:00,01:59:53,TSLA,8.3,200,AverageAlmonds,WavyWalnuts,sell
2026-07-03T16:00:01.072477+00:00,01:59:53,SAP,57.1,200,WavyWalnuts,YieldingYams,buy
2026-07-03T16:00:01.072477+00:00,01:59:53,ASML_DUAL,119.1,44,CostlyCorianders,DiligentDonuts,buy
2026-07-03T16:00:01.072477+00:00,01:59:53,OB5X_202612_120C,129.2,8,ScholarlySpearmints,VersatileVinegars,buy
2026-07-03T16:00:01.072477+00:00,01:59:53,OB5X_202612_120C,129.2,43,ScholarlySpearmints,TactfulTangerines,buy
2026-07-03T16:00:01.072477+00:00,01:59:53,ASML_DUAL,119.1,50,FlawlessFlatbreads,DiligentDonuts,buy
2026-07-03T16:00:01.072477+00:00,01:59:53,OB5X_202612_080P,9.7,47,TactfulTangerines,ScholarlySpearmints,sell
2026-07-03T16:00:01.072477+00:00,01:59:53,TSLA,8.3,300,AverageAlmonds,YieldingYams,sell
2026-07-03T16:00:01.072477+00:00,01:59:53,ASML_202612_F,120.6,50,DownrightDogfish,CapableCoyotes,buy
2026-07-03T16:00:01.072477+00:00,01:59:53,AAPL,156.5,500,AverageAlmonds,YieldingYams,sell
2026-07-03T16:00:01.072477+00:00,01:59:53,AAPL,156.4,125,WavyWalnuts,YieldingYams,sell
2026-07-03T16:00:01.072477+00:00,01:59:53,ASML_202703_F,121.4,50,DownrightDogfish,CapableCoyotes,buy
2026-07-03T16:00:01.072477+00:00,01:59:53,TSLA,8.3,325,AverageAlmonds,YieldingYams,buy
2026-07-03T16:00:01.072477+00:00,01:59:53,OB5X_202706_F,231.6,100,PowerfulPineapples,QuirkyQuinoas,sell
2026-07-03T16:00:01.072477+00:00,01:59:53,OB5X_202703_F,227.3,51,QuirkyQuinoas,OriginalOlives,sell
2026-07-03T16:00:01.072477+00:00,01:59:53,ASML_202706_F,122.3,50,DownrightDogfish,CapableCoyotes,buy
2026-07-03T16:00:01.072477+00:00,01:59:53,AAPL,156.5,200,AverageAlmonds,WavyWalnuts,sell
2026-07-03T16:00:01.072477+00:00,01:59:54,SAP_DUAL,58.4,40,GroovyGrapefruits,HomelyHerrings,buy
2026-07-03T16:00:01.072477+00:00,01:59:54,ASML_DUAL,118.9,46,EarnestEspressos,CostlyCorianders,sell
2026-07-03T16:00:01.072477+00:00,01:59:54,ASML_202612_100C,85.5,22,Gourab Sharma,EssentialEagles,sell
2026-07-03T16:00:01.072477+00:00,01:59:54,ASML_202612_100C,85.0,32,FortunateFerrets,EssentialEagles,sell
2026-07-03T16:00:01.072477+00:00,01:59:54,SAP,57.0,200,YieldingYams,WavyWalnuts,sell
2026-07-03T16:00:01.072477+00:00,01:59:54,ASML_202612_F,120.6,100,BoundlessBisons,CapableCoyotes,buy
2026-07-03T16:00:01.072477+00:00,01:59:54,ASML_202612_050C,96.7,49,EssentialEagles,FortunateFerrets,buy
2026-07-03T16:00:01.072477+00:00,01:59:54,OB5X_ETF,55.3,500,NecessaryNutmegs,LivelyLasagnas,buy
2026-07-03T16:00:01.072477+00:00,01:59:54,ASML_202703_F,121.4,100,BoundlessBisons,CapableCoyotes,buy
2026-07-03T16:00:01.072477+00:00,01:59:54,AAPL,156.4,20,AverageAlmonds,BrilliantBurritos,sell
2026-07-03T16:00:01.072477+00:00,01:59:54,TSLA,8.4,20,BrilliantBurritos,AverageAlmonds,buy
2026-07-03T16:00:01.072477+00:00,01:59:54,ASML_202706_F,122.3,57,BoundlessBisons,CapableCoyotes,buy
2026-07-03T16:00:01.072477+00:00,01:59:54,TSLA,8.4,480,YieldingYams,AverageAlmonds,buy
2026-07-03T16:00:01.072477+00:00,01:59:54,TSLA,8.4,145,YieldingYams,WavyWalnuts,buy
2026-07-03T16:00:01.072477+00:00,01:59:55,OB5X_202612_120P,25.8,49,ScholarlySpearmints,VersatileVinegars,buy
2026-07-03T16:00:01.072477+00:00,01:59:55,NVDA,59.1,200,YieldingYams,WavyWalnuts,sell
2026-07-03T16:00:01.072477+00:00,01:59:55,OB5X_202612_100P,16.5,50,VersatileVinegars,ScholarlySpearmints,sell
2026-07-03T16:00:01.072477+00:00,01:59:55,ASML_202612_100C,85.2,44,EssentialEagles,Gourab Sharma,buy
2026-07-03T16:00:01.072477+00:00,01:59:55,ASML_202612_075C,90.6,43,EssentialEagles,FortunateFerrets,buy
2026-07-03T16:00:01.072477+00:00,01:59:55,ASML_202612_100P,65.0,28,Gourab Sharma,EssentialEagles,sell
2026-07-03T16:00:01.072477+00:00,01:59:55,ASML_DUAL,118.9,50,EarnestEspressos,FlawlessFlatbreads,sell
2026-07-03T16:00:01.072477+00:00,01:59:55,ASML_202612_050C,96.7,49,EssentialEagles,FortunateFerrets,buy
2026-07-03T16:00:01.072477+00:00,01:59:56,ASML_202612_F,121.2,50,CapableCoyotes,DownrightDogfish,sell
2026-07-03T16:00:01.072477+00:00,01:59:56,ASML_202703_F,122.0,50,CapableCoyotes,DownrightDogfish,sell
2026-07-03T16:00:01.072477+00:00,01:59:56,TSLA,8.3,500,AverageAlmonds,YieldingYams,sell
2026-07-03T16:00:01.072477+00:00,01:59:56,TSLA,8.3,125,WavyWalnuts,YieldingYams,sell
2026-07-03T16:00:01.072477+00:00,01:59:56,ASML_202706_F,122.8,50,CapableCoyotes,DownrightDogfish,sell
2026-07-03T16:00:01.072477+00:00,01:59:56,NVDA,59.0,200,YieldingYams,WavyWalnuts,sell
2026-07-03T16:00:01.072477+00:00,01:59:56,OB5X_202612_120C,127.7,50,VersatileVinegars,ScholarlySpearmints,sell
2026-07-03T16:00:01.072477+00:00,01:59:56,OB5X_202612_120C,127.6,1,TactfulTangerines,ScholarlySpearmints,sell
2026-07-03T16:00:01.072477+00:00,01:59:56,ASML,118.9,200,WavyWalnuts,YieldingYams,buy
2026-07-03T16:00:01.072477+00:00,01:59:56,ASML_202612_100C,85.2,36,FortunateFerrets,Gourab Sharma,buy
2026-07-03T16:00:01.072477+00:00,01:59:56,OB5X_202612_080P,10.4,50,ScholarlySpearmints,VersatileVinegars,buy
2026-07-03T16:00:01.072477+00:00,01:59:56,ASML_DUAL,118.9,100,DiligentDonuts,EarnestEspressos,sell
2026-07-03T16:00:01.072477+00:00,01:59:56,SAP_DUAL,57.9,50,HomelyHerrings,JazzyJellies,sell
2026-07-03T16:00:01.072477+00:00,01:59:56,ASML_202612_100P,65.1,58,EssentialEagles,Gourab Sharma,buy
2026-07-03T16:00:01.072477+00:00,01:59:56,OB5X_202612_080P,10.4,5,ScholarlySpearmints,VersatileVinegars,sell
2026-07-03T16:00:03.198479+00:00,01:59:56,OB5X_202612_100P,17.3,45,ScholarlySpearmints,ScholarlySpearmints,sell
2026-07-03T16:00:03.198479+00:00,01:59:56,TSLA,8.3,200,AverageAlmonds,WavyWalnuts,sell
2026-07-03T16:00:03.198479+00:00,01:59:56,SAP,57.0,100,WavyWalnuts,Gourab Sharma,buy
2026-07-03T16:00:03.198479+00:00,01:59:56,OB5X_202703_F,227.3,52,OriginalOlives,QuirkyQuinoas,buy
2026-07-03T16:00:03.198479+00:00,01:59:56,NVDA,59.0,500,AverageAlmonds,YieldingYams,sell
2026-07-03T16:00:03.198479+00:00,01:59:56,NVDA,59.0,100,Gourab Sharma,YieldingYams,buy
2026-07-03T16:00:03.198479+00:00,01:59:57,OB5X_202612_F,224.6,44,OriginalOlives,QuirkyQuinoas,buy
2026-07-03T16:00:03.198479+00:00,01:59:57,OB5X_202706_F,231.5,50,PowerfulPineapples,RadiantRisottos,sell
2026-07-03T16:00:03.198479+00:00,01:59:57,OB5X_202703_F,227.2,50,PowerfulPineapples,RadiantRisottos,sell
2026-07-03T16:00:03.198479+00:00,01:59:57,OB5X_202612_F,224.5,50,PowerfulPineapples,RadiantRisottos,sell
2026-07-03T16:00:03.198479+00:00,01:59:57,OB5X_ETF,55.2,500,LivelyLasagnas,MarvelousMilkshakes,sell
2026-07-03T16:00:03.198479+00:00,01:59:57,NVDA,59.0,25,AverageAlmonds,YieldingYams,buy
2026-07-03T16:00:03.198479+00:00,01:59:57,NVDA,59.0,200,AverageAlmonds,WavyWalnuts,sell
2026-07-03T16:00:03.198479+00:00,01:59:57,TSLA,8.4,500,YieldingYams,AverageAlmonds,buy
2026-07-03T16:00:03.198479+00:00,01:59:57,ASML,118.9,200,WavyWalnuts,YieldingYams,buy
2026-07-03T16:00:07.342477+00:00,01:59:57,SAP,57.0,100,WavyWalnuts,YieldingYams,sell
2026-07-03T16:00:07.342477+00:00,01:59:57,ASML_202612_075P,45.5,53,Gourab Sharma,EssentialEagles,sell
2026-07-03T16:00:07.342477+00:00,01:59:57,ASML_DUAL,118.5,50,Alan Niu,FlawlessFlatbreads,sell
2026-07-03T16:00:07.342477+00:00,01:59:57,ASML,118.8,50,YieldingYams,Alan Niu,sell
2026-07-03T16:00:07.342477+00:00,01:59:57,ASML_202612_050P,26.7,32,Gourab Sharma,EssentialEagles,sell
2026-07-03T16:00:07.342477+00:00,01:59:57,ASML_202612_050P,26.6,14,GenerousGeckos,EssentialEagles,sell
2026-07-03T16:00:07.342477+00:00,01:59:58,ASML_202612_F,121.2,100,CapableCoyotes,BoundlessBisons,sell
2026-07-03T16:00:07.342477+00:00,01:59:58,TSLA,8.4,125,YieldingYams,AverageAlmonds,sell
2026-07-03T16:00:07.342477+00:00,01:59:58,TSLA,8.4,200,WavyWalnuts,AverageAlmonds,buy
2026-07-03T16:00:07.342477+00:00,01:59:58,ASML_202703_F,122.0,100,CapableCoyotes,BoundlessBisons,sell
2026-07-03T16:00:07.342477+00:00,01:59:58,NVDA,59.2,100,YieldingYams,Gourab Sharma,buy
2026-07-03T16:00:07.342477+00:00,01:59:58,OB5X_202612_100C,138.4,46,VersatileVinegars,ScholarlySpearmints,sell
2026-07-03T16:00:07.342477+00:00,01:59:58,ASML_202706_F,122.8,100,CapableCoyotes,BoundlessBisons,sell
2026-07-03T16:00:07.342477+00:00,01:59:58,SAP_DUAL,57.9,50,HomelyHerrings,GroovyGrapefruits,sell
2026-07-03T16:00:07.342477+00:00,01:59:58,SAP_DUAL,57.8,2,InfiniteIcecreams,GroovyGrapefruits,sell
2026-07-03T16:00:07.342477+00:00,01:59:58,ASML_202612_F,120.2,50,BoundlessBisons,DownrightDogfish,sell
2026-07-03T16:00:07.342477+00:00,01:59:58,ASML_202703_F,121.3,50,BoundlessBisons,DownrightDogfish,sell
2026-07-03T16:00:07.342477+00:00,01:59:58,SAP_DUAL,58.3,50,JazzyJellies,InfiniteIcecreams,buy
2026-07-03T16:00:07.342477+00:00,01:59:58,ASML_202706_F,122.1,50,BoundlessBisons,DownrightDogfish,sell
2026-07-03T16:00:07.342477+00:00,01:59:58,NVDA,59.3,200,YieldingYams,WavyWalnuts,sell
2026-07-03T16:00:07.342477+00:00,01:59:58,ASML,119.0,200,WavyWalnuts,YieldingYams,buy
2026-07-03T16:00:07.342477+00:00,01:59:58,OB5X_ETF,55.2,250,NecessaryNutmegs,MarvelousMilkshakes,buy
2026-07-03T16:00:07.342477+00:00,01:59:58,TSLA,8.3,500,AverageAlmonds,YieldingYams,sell
2026-07-03T16:00:07.342477+00:00,01:59:59,ASML_202612_F,120.6,48,AttentiveAntelopes,CapableCoyotes,buy
2026-07-03T16:00:07.342477+00:00,01:59:59,OB5X_ETF,55.1,80,Gourab Sharma,KindlyKales,sell
2026-07-03T16:00:07.342477+00:00,01:59:59,OB5X_ETF,55.0,152,MarvelousMilkshakes,KindlyKales,sell
2026-07-03T16:00:09.020477+00:00,01:59:59,TSLA,8.2,125,AverageAlmonds,YieldingYams,buy
2026-07-03T16:00:09.020477+00:00,01:59:59,TSLA,8.4,200,WavyWalnuts,AverageAlmonds,buy
2026-07-03T16:00:09.020477+00:00,01:59:59,SAP_DUAL,57.8,59,InfiniteIcecreams,GroovyGrapefruits,sell
2026-07-03T16:00:09.020477+00:00,01:59:59,OB5X_ETF,55.2,80,LivelyLasagnas,Gourab Sharma,buy
2026-07-03T16:00:09.020477+00:00,01:59:59,OB5X_202706_F,231.9,49,OriginalOlives,QuirkyQuinoas,buy
2026-07-03T16:00:09.020477+00:00,01:59:59,OB5X_202703_F,227.5,40,OriginalOlives,QuirkyQuinoas,buy
2026-07-03T16:00:09.020477+00:00,01:59:59,ASML_DUAL,119.2,50,FlawlessFlatbreads,DiligentDonuts,buy
2026-07-03T16:00:09.020477+00:00,02:00:00,ASML_202612_075P,45.5,27,Gourab Sharma,EssentialEagles,sell
2026-07-03T16:00:09.020477+00:00,02:00:00,ASML_202612_075P,45.1,14,FortunateFerrets,EssentialEagles,sell
2026-07-03T16:00:09.020477+00:00,02:00:00,ASML_202612_100P,65.0,30,Gourab Sharma,EssentialEagles,sell
2026-07-03T16:00:09.020477+00:00,02:00:00,TSLA,8.4,500,YieldingYams,AverageAlmonds,buy
2026-07-03T16:00:09.020477+00:00,02:00:00,TSLA,8.4,100,YieldingYams,Gourab Sharma,buy
2026-07-03T16:00:09.020477+00:00,02:00:00,TSLA,8.5,100,Gourab Sharma,YieldingYams,buy
2026-07-03T16:00:09.020477+00:00,02:00:00,ASML_DUAL,119.0,95,EarnestEspressos,Alan Niu,sell
2026-07-03T16:00:09.020477+00:00,02:00:00,ASML,118.9,95,Alan Niu,YieldingYams,buy
2026-07-03T16:00:09.020477+00:00,02:00:00,TSLA,8.4,25,YieldingYams,AverageAlmonds,sell
2026-07-03T16:00:09.020477+00:00,02:00:00,TSLA,8.4,200,WavyWalnuts,AverageAlmonds,buy
2026-07-03T16:00:09.020477+00:00,02:00:00,SAP,56.9,100,Gourab Sharma,WavyWalnuts,sell
2026-07-03T16:00:09.020477+00:00,02:00:00,SAP,56.9,100,YieldingYams,WavyWalnuts,sell
2026-07-03T16:00:09.020477+00:00,02:00:00,SAP_DUAL,58.1,50,JazzyJellies,HomelyHerrings,buy
2026-07-03T16:00:09.020477+00:00,02:00:00,ASML_202612_F,120.2,50,BoundlessBisons,DownrightDogfish,sell
2026-07-03T16:00:09.020477+00:00,02:00:00,ASML_202703_F,121.3,50,BoundlessBisons,DownrightDogfish,sell
2026-07-03T16:00:09.020477+00:00,02:00:00,ASML_DUAL,119.0,43,EarnestEspressos,CostlyCorianders,sell
2026-07-03T16:00:09.020477+00:00,02:00:00,OB5X_202612_120C,128.8,50,ScholarlySpearmints,VersatileVinegars,buy
2026-07-03T16:00:09.020477+00:00,02:00:00,OB5X_202612_120C,128.9,7,ScholarlySpearmints,TactfulTangerines,buy
2026-07-03T16:00:09.020477+00:00,02:00:00,ASML_202612_075P,45.3,44,Gourab Sharma,EssentialEagles,sell
2026-07-03T16:00:09.020477+00:00,02:00:00,ASML_202706_F,122.1,50,BoundlessBisons,DownrightDogfish,sell
2026-07-03T16:00:09.020477+00:00,02:00:01,ASML,118.9,200,WavyWalnuts,YieldingYams,buy
2026-07-03T16:00:09.020477+00:00,02:00:01,OB5X_202612_100P,17.5,50,ScholarlySpearmints,VersatileVinegars,buy
2026-07-03T16:00:09.020477+00:00,02:00:01,OB5X_202612_100P,17.5,2,ScholarlySpearmints,TactfulTangerines,buy
2026-07-03T16:00:09.020477+00:00,02:00:01,OB5X_202612_100P,16.5,45,VersatileVinegars,ScholarlySpearmints,sell
2026-07-03T16:00:09.020477+00:00,02:00:01,SAP_DUAL,58.1,41,GroovyGrapefruits,HomelyHerrings,buy
2026-07-03T16:00:09.020477+00:00,02:00:01,TSLA,8.3,500,AverageAlmonds,YieldingYams,sell
2026-07-03T16:00:11.102478+00:00,02:00:01,TSLA,8.2,125,AverageAlmonds,YieldingYams,buy
2026-07-03T16:00:11.102478+00:00,02:00:01,SAP,56.9,200,WavyWalnuts,YieldingYams,buy
2026-07-03T16:00:11.102478+00:00,02:00:01,OB5X_202703_F,227.4,50,QuirkyQuinoas,RadiantRisottos,sell
2026-07-03T16:00:11.102478+00:00,02:00:01,ASML_202612_100C,85.5,59,Gourab Sharma,EssentialEagles,sell
2026-07-03T16:00:11.102478+00:00,02:00:01,SAP,56.7,20,YieldingYams,BrilliantBurritos,sell
2026-07-03T16:00:11.102478+00:00,02:00:02,NVDA,59.3,200,WavyWalnuts,YieldingYams,buy
2026-07-03T16:00:11.102478+00:00,02:00:02,OB5X_202612_120C,127.6,49,TactfulTangerines,ScholarlySpearmints,sell
2026-07-03T16:00:11.102478+00:00,02:00:02,AAPL,156.6,200,YieldingYams,WavyWalnuts,sell
2026-07-03T16:00:11.102478+00:00,02:00:02,SAP_DUAL,58.2,53,GroovyGrapefruits,HomelyHerrings,buy
2026-07-03T16:00:11.102478+00:00,02:00:02,OB5X_202706_F,231.9,59,OriginalOlives,PowerfulPineapples,buy
2026-07-03T16:00:11.102478+00:00,02:00:02,OB5X_ETF,55.3,500,MarvelousMilkshakes,LivelyLasagnas,sell
2026-07-03T16:00:11.102478+00:00,02:00:02,TSLA,8.4,200,YieldingYams,WavyWalnuts,buy
2026-07-03T16:00:11.102478+00:00,02:00:02,TSLA,8.4,425,YieldingYams,AverageAlmonds,buy
2026-07-03T16:00:11.102478+00:00,02:00:03,ASML,119.0,200,YieldingYams,WavyWalnuts,buy
2026-07-03T16:00:11.102478+00:00,02:00:03,TSLA,8.4,200,WavyWalnuts,AverageAlmonds,buy
2026-07-03T16:00:11.102478+00:00,02:00:03,ASML_202612_F,120.2,50,CapableCoyotes,DownrightDogfish,sell
2026-07-03T16:00:11.102478+00:00,02:00:03,ASML_DUAL,118.8,150,Alan Niu,EarnestEspressos,buy
2026-07-03T16:00:11.102478+00:00,02:00:03,ASML,119.0,150,YieldingYams,Alan Niu,sell
2026-07-03T16:00:11.102478+00:00,02:00:03,OB5X_ETF,55.3,227,MarvelousMilkshakes,KindlyKales,sell
2026-07-03T16:00:11.102478+00:00,02:00:03,ASML_202703_F,121.2,50,BoundlessBisons,DownrightDogfish,sell
2026-07-03T16:00:11.102478+00:00,02:00:03,ASML_202706_F,122.0,50,BoundlessBisons,DownrightDogfish,sell
2026-07-03T16:00:11.102478+00:00,02:00:03,ASML_202612_F,120.6,47,AttentiveAntelopes,BoundlessBisons,buy
2026-07-03T16:00:11.102478+00:00,02:00:03,AAPL,156.6,200,YieldingYams,WavyWalnuts,sell
2026-07-03T16:00:11.102478+00:00,02:00:03,OB5X_202612_080C,152.6,49,VersatileVinegars,ScholarlySpearmints,sell
2026-07-03T16:00:11.102478+00:00,02:00:03,OB5X_202706_F,231.9,41,RadiantRisottos,PowerfulPineapples,buy
2026-07-03T16:00:11.102478+00:00,02:00:03,OB5X_202612_120P,25.8,47,ScholarlySpearmints,TactfulTangerines,buy
2026-07-03T16:00:11.102478+00:00,02:00:04,OB5X_202612_120P,24.6,49,VersatileVinegars,ScholarlySpearmints,sell
2026-07-03T16:00:11.102478+00:00,02:00:04,OB5X_202703_F,227.5,50,RadiantRisottos,PowerfulPineapples,buy
2026-07-03T16:00:11.102478+00:00,02:00:04,SAP_DUAL,57.7,54,HomelyHerrings,GroovyGrapefruits,sell
2026-07-03T16:00:11.102478+00:00,02:00:04,ASML_DUAL,119.2,44,CostlyCorianders,DiligentDonuts,buy
2026-07-03T16:00:11.102478+00:00,02:00:04,ASML_DUAL,118.8,50,Alan Niu,FlawlessFlatbreads,sell
2026-07-03T16:00:11.102478+00:00,02:00:04,OB5X_202612_F,224.9,50,RadiantRisottos,PowerfulPineapples,buy
2026-07-03T16:00:11.102478+00:00,02:00:04,TSLA,8.3,500,AverageAlmonds,YieldingYams,sell
2026-07-03T16:00:11.102478+00:00,02:00:04,ASML_202612_075P,45.3,19,Gourab Sharma,EssentialEagles,sell
2026-07-03T16:00:11.102478+00:00,02:00:04,TSLA,8.3,125,WavyWalnuts,YieldingYams,buy
2026-07-03T16:00:11.102478+00:00,02:00:04,ASML,119.0,200,WavyWalnuts,YieldingYams,sell
2026-07-03T16:00:11.102478+00:00,02:00:04,ASML_DUAL,118.7,50,DiligentDonuts,Alan Niu,sell
2026-07-03T16:00:14.833477+00:00,02:00:04,NVDA,59.3,200,WavyWalnuts,YieldingYams,buy
2026-07-03T16:00:14.833477+00:00,02:00:04,ASML,119.0,200,WavyWalnuts,YieldingYams,buy
2026-07-03T16:00:14.833477+00:00,02:00:05,ASML_202706_F,122.3,40,AttentiveAntelopes,CapableCoyotes,buy
2026-07-03T16:00:14.833477+00:00,02:00:05,ASML_202612_F,120.2,50,CapableCoyotes,DownrightDogfish,sell
2026-07-03T16:00:14.833477+00:00,02:00:05,TSLA,8.4,500,YieldingYams,AverageAlmonds,buy
2026-07-03T16:00:14.833477+00:00,02:00:05,ASML_202703_F,121.1,50,BoundlessBisons,DownrightDogfish,sell
2026-07-03T16:00:14.833477+00:00,02:00:05,OB5X_ETF,55.3,247,KindlyKales,MarvelousMilkshakes,buy
2026-07-03T16:00:14.833477+00:00,02:00:05,ASML_202706_F,121.9,50,BoundlessBisons,DownrightDogfish,sell
2026-07-03T16:00:14.833477+00:00,02:00:05,OB5X_ETF,55.3,500,LivelyLasagnas,MarvelousMilkshakes,buy
2026-07-03T16:00:14.833477+00:00,02:00:05,TSLA,8.4,125,YieldingYams,AverageAlmonds,sell
2026-07-03T16:00:14.833477+00:00,02:00:06,OB5X_202703_F,227.5,50,OriginalOlives,PowerfulPineapples,buy
2026-07-03T16:00:14.833477+00:00,02:00:06,OB5X_202612_F,224.9,45,OriginalOlives,PowerfulPineapples,buy
2026-07-03T16:00:14.833477+00:00,02:00:06,OB5X_202703_F,227.8,100,PowerfulPineapples,QuirkyQuinoas,buy
2026-07-03T16:00:14.833477+00:00,02:00:06,ASML_DUAL,119.1,50,EarnestEspressos,FlawlessFlatbreads,sell
2026-07-03T16:00:14.833477+00:00,02:00:06,TSLA,8.3,200,AverageAlmonds,WavyWalnuts,sell
2026-07-03T16:00:14.833477+00:00,02:00:06,SAP_DUAL,58.1,51,GroovyGrapefruits,InfiniteIcecreams,buy
2026-07-03T16:00:14.833477+00:00,02:00:06,OB5X_202612_080P,10.4,42,ScholarlySpearmints,TactfulTangerines,buy
2026-07-03T16:00:14.833477+00:00,02:00:06,SAP,56.8,200,YieldingYams,WavyWalnuts,buy
2026-07-03T16:00:14.833477+00:00,02:00:06,AAPL,156.7,20,YieldingYams,BrilliantBurritos,sell
2026-07-03T16:00:14.833477+00:00,02:00:07,ASML_202612_075C,89.9,47,FortunateFerrets,EssentialEagles,sell
2026-07-03T16:00:14.833477+00:00,02:00:07,ASML,119.0,20,WavyWalnuts,BrilliantBurritos,sell
2026-07-03T16:00:14.833477+00:00,02:00:07,ASML_202612_050C,96.1,41,FortunateFerrets,EssentialEagles,sell
2026-07-03T16:00:14.833477+00:00,02:00:07,OB5X_ETF,55.4,80,NecessaryNutmegs,Gourab Sharma,buy
2026-07-03T16:00:14.833477+00:00,02:00:07,ASML_202612_F,120.2,50,CapableCoyotes,DownrightDogfish,sell
2026-07-03T16:00:14.833477+00:00,02:00:07,ASML_202703_F,121.1,50,BoundlessBisons,DownrightDogfish,sell
2026-07-03T16:00:14.833477+00:00,02:00:07,ASML_202706_F,122.0,50,CapableCoyotes,DownrightDogfish,sell
2026-07-03T16:00:14.833477+00:00,02:00:08,ASML_202612_100C,85.6,43,EssentialEagles,Gourab Sharma,buy
2026-07-03T16:00:14.833477+00:00,02:00:08,ASML_202612_075P,45.3,48,EssentialEagles,Gourab Sharma,buy
2026-07-03T16:00:14.833477+00:00,02:00:08,TSLA,8.4,500,YieldingYams,AverageAlmonds,buy
2026-07-03T16:00:14.833477+00:00,02:00:08,TSLA,8.4,125,YieldingYams,WavyWalnuts,buy
2026-07-03T16:00:14.833477+00:00,02:00:08,ASML,119.1,20,BrilliantBurritos,AverageAlmonds,buy
2026-07-03T16:00:14.833477+00:00,02:00:08,ASML_202612_075C,90.6,46,EssentialEagles,FortunateFerrets,buy
2026-07-03T16:00:14.833477+00:00,02:00:08,OB5X_202612_080P,10.4,53,ScholarlySpearmints,TactfulTangerines,buy
2026-07-03T16:00:14.833477+00:00,02:00:08,ASML_202612_100P,65.0,55,EssentialEagles,Gourab Sharma,buy
2026-07-03T16:00:14.833477+00:00,02:00:08,ASML,119.1,480,YieldingYams,AverageAlmonds,buy
2026-07-03T16:00:14.833477+00:00,02:00:08,ASML_202612_050C,96.6,49,EssentialEagles,GenerousGeckos,buy
2026-07-03T16:00:14.833477+00:00,02:00:08,OB5X_202612_080C,153.7,42,ScholarlySpearmints,VersatileVinegars,buy
2026-07-03T16:00:14.833477+00:00,02:00:08,ASML_202612_050P,26.7,44,EssentialEagles,Gourab Sharma,buy
2026-07-03T16:00:14.833477+00:00,02:00:08,ASML_202612_F,120.6,52,AttentiveAntelopes,BoundlessBisons,buy
2026-07-03T16:00:14.833477+00:00,02:00:08,ASML_202706_F,122.4,42,AttentiveAntelopes,BoundlessBisons,buy
2026-07-03T16:00:14.833477+00:00,02:00:08,ASML,119.1,145,YieldingYams,AverageAlmonds,sell
2026-07-03T16:00:14.833477+00:00,02:00:08,ASML_DUAL,119.1,50,EarnestEspressos,FlawlessFlatbreads,sell
2026-07-03T16:00:14.833477+00:00,02:00:08,NVDA,59.4,100,WavyWalnuts,Gourab Sharma,buy
2026-07-03T16:00:14.833477+00:00,02:00:08,NVDA,59.4,100,WavyWalnuts,YieldingYams,buy
2026-07-03T16:00:14.833477+00:00,02:00:08,ASML,119.0,200,WavyWalnuts,AverageAlmonds,buy
2026-07-03T16:00:16.528478+00:00,02:00:08,ASML_DUAL,119.1,50,EarnestEspressos,Alan Niu,sell
2026-07-03T16:00:16.528478+00:00,02:00:08,ASML,119.0,50,Alan Niu,AverageAlmonds,buy
2026-07-03T16:00:16.528478+00:00,02:00:08,OB5X_202706_F,232.2,50,PowerfulPineapples,RadiantRisottos,sell
2026-07-03T16:00:16.528478+00:00,02:00:08,OB5X_202703_F,227.8,50,QuirkyQuinoas,RadiantRisottos,sell
2026-07-03T16:00:16.528478+00:00,02:00:08,ASML_DUAL,119.0,48,DiligentDonuts,CostlyCorianders,sell
2026-07-03T16:00:16.528478+00:00,02:00:08,OB5X_202612_F,225.1,50,PowerfulPineapples,RadiantRisottos,sell
2026-07-03T16:00:16.528478+00:00,02:00:09,OB5X_ETF,55.3,500,MarvelousMilkshakes,LivelyLasagnas,sell
2026-07-03T16:00:16.528478+00:00,02:00:09,ASML_DUAL,119.0,52,DiligentDonuts,EarnestEspressos,sell
2026-07-03T16:00:16.528478+00:00,02:00:09,OB5X_ETF,55.5,500,NecessaryNutmegs,MarvelousMilkshakes,buy
2026-07-03T16:00:16.528478+00:00,02:00:09,ASML_202612_F,120.1,100,BoundlessBisons,CapableCoyotes,sell
2026-07-03T16:00:16.528478+00:00,02:00:09,TSLA,8.3,500,AverageAlmonds,YieldingYams,sell
2026-07-03T16:00:16.528478+00:00,02:00:09,TSLA,8.3,125,WavyWalnuts,YieldingYams,sell
2026-07-03T16:00:16.528478+00:00,02:00:09,TSLA,8.3,20,WavyWalnuts,BrilliantBurritos,sell
2026-07-03T16:00:16.528478+00:00,02:00:09,OB5X_202706_F,232.2,100,QuirkyQuinoas,PowerfulPineapples,sell
2026-07-03T16:00:16.528478+00:00,02:00:09,ASML_202612_100P,65.0,25,EssentialEagles,Gourab Sharma,buy
2026-07-03T16:00:16.528478+00:00,02:00:09,ASML_202612_100P,65.5,27,EssentialEagles,FortunateFerrets,buy
2026-07-03T16:00:16.528478+00:00,02:00:09,ASML_202612_100P,65.0,40,Gourab Sharma,EssentialEagles,sell
2026-07-03T16:00:16.528478+00:00,02:00:09,OB5X_202612_080P,10.2,47,ScholarlySpearmints,ScholarlySpearmints,sell
2026-07-03T16:00:16.528478+00:00,02:00:09,OB5X_202703_F,227.8,100,QuirkyQuinoas,PowerfulPineapples,sell
2026-07-03T16:00:16.528478+00:00,02:00:09,ASML_DUAL,118.7,98,Alan Niu,EarnestEspressos,buy
2026-07-03T16:00:16.528478+00:00,02:00:09,ASML,118.8,98,YieldingYams,Alan Niu,sell
2026-07-03T16:00:16.528478+00:00,02:00:09,ASML,119.0,200,WavyWalnuts,YieldingYams,buy
2026-07-03T16:00:16.528478+00:00,02:00:09,ASML_202706_F,121.9,100,BoundlessBisons,CapableCoyotes,sell
2026-07-03T16:00:16.528478+00:00,02:00:09,OB5X_202612_F,225.1,100,QuirkyQuinoas,PowerfulPineapples,sell
2026-07-03T16:00:16.528478+00:00,02:00:10,ASML_202612_F,120.1,50,DownrightDogfish,CapableCoyotes,buy
2026-07-03T16:00:16.528478+00:00,02:00:10,NVDA,59.4,200,YieldingYams,WavyWalnuts,buy
2026-07-03T16:00:16.528478+00:00,02:00:10,ASML_202703_F,121.1,50,DownrightDogfish,CapableCoyotes,buy
2026-07-03T16:00:16.528478+00:00,02:00:10,ASML_202706_F,121.9,50,DownrightDogfish,CapableCoyotes,buy
2026-07-03T16:00:16.528478+00:00,02:00:10,OB5X_202703_F,227.2,57,PowerfulPineapples,OriginalOlives,sell
2026-07-03T16:00:16.528478+00:00,02:00:10,ASML_202612_075C,90.2,59,FortunateFerrets,EssentialEagles,sell
2026-07-03T16:00:16.528478+00:00,02:00:10,ASML_DUAL,118.6,2,Alan Niu,FlawlessFlatbreads,sell
2026-07-03T16:00:16.528478+00:00,02:00:10,ASML_DUAL,118.2,48,EarnestEspressos,FlawlessFlatbreads,sell
2026-07-03T16:00:16.528478+00:00,02:00:10,OB5X_ETF,55.3,213,MarvelousMilkshakes,KindlyKales,sell
2026-07-03T16:00:16.528478+00:00,02:00:10,ASML,118.8,2,YieldingYams,Alan Niu,sell
2026-07-03T16:00:16.528478+00:00,02:00:10,TSLA,8.4,500,YieldingYams,AverageAlmonds,buy
2026-07-03T16:00:16.528478+00:00,02:00:10,TSLA,8.4,125,YieldingYams,WavyWalnuts,buy
2026-07-03T16:00:16.528478+00:00,02:00:10,AAPL,156.7,200,WavyWalnuts,YieldingYams,sell
2026-07-03T16:00:16.528478+00:00,02:00:10,OB5X_202612_080C,152.9,50,VersatileVinegars,ScholarlySpearmints,sell
2026-07-03T16:00:16.528478+00:00,02:00:10,OB5X_202612_080C,152.9,5,TactfulTangerines,ScholarlySpearmints,sell
2026-07-03T16:00:16.528478+00:00,02:00:11,OB5X_202612_100C,138.9,48,TactfulTangerines,ScholarlySpearmints,sell
2026-07-03T16:00:16.528478+00:00,02:00:11,OB5X_ETF,55.5,206,KindlyKales,MarvelousMilkshakes,buy
2026-07-03T16:00:16.528478+00:00,02:00:11,SAP_DUAL,58.2,50,JazzyJellies,HomelyHerrings,buy
2026-07-03T16:00:16.528478+00:00,02:00:11,SAP,56.9,500,YieldingYams,AverageAlmonds,sell
2026-07-03T16:00:16.528478+00:00,02:00:11,SAP,56.9,125,YieldingYams,WavyWalnuts,sell
2026-07-03T16:00:16.528478+00:00,02:00:11,ASML_202612_050P,26.6,44,Gourab Sharma,EssentialEagles,sell
2026-07-03T16:00:16.528478+00:00,02:00:11,ASML_202703_F,121.1,54,AttentiveAntelopes,CapableCoyotes,buy
2026-07-03T16:00:18.215477+00:00,02:00:11,OB5X_202703_F,227.4,42,QuirkyQuinoas,OriginalOlives,sell
2026-07-03T16:00:18.215477+00:00,02:00:12,NVDA,59.4,200,WavyWalnuts,AverageAlmonds,sell
2026-07-03T16:00:18.215477+00:00,02:00:12,NVDA,59.4,300,YieldingYams,AverageAlmonds,sell
2026-07-03T16:00:18.215477+00:00,02:00:12,NVDA,59.4,200,YieldingYams,WavyWalnuts,sell
2026-07-03T16:00:18.215477+00:00,02:00:12,TSLA,8.3,200,WavyWalnuts,YieldingYams,sell
2026-07-03T16:00:18.215477+00:00,02:00:12,TSLA,8.3,425,AverageAlmonds,YieldingYams,sell
2026-07-03T16:00:18.215477+00:00,02:00:12,NVDA,59.5,20,BrilliantBurritos,YieldingYams,buy
2026-07-03T16:00:18.215477+00:00,02:00:12,OB5X_ETF,55.3,247,MarvelousMilkshakes,KindlyKales,sell
2026-07-03T16:00:18.215477+00:00,02:00:12,OB5X_202612_080C,152.9,44,TactfulTangerines,ScholarlySpearmints,sell
2026-07-03T16:00:18.215477+00:00,02:00:12,ASML_202612_F,119.6,50,CapableCoyotes,DownrightDogfish,sell
2026-07-03T16:00:18.215477+00:00,02:00:12,SAP,56.8,20,WavyWalnuts,BrilliantBurritos,sell
2026-07-03T16:00:18.215477+00:00,02:00:12,ASML_202703_F,120.6,50,CapableCoyotes,DownrightDogfish,sell
2026-07-03T16:00:18.215477+00:00,02:00:12,ASML_202706_F,121.4,50,CapableCoyotes,DownrightDogfish,sell
2026-07-03T16:00:18.215477+00:00,02:00:12,NVDA,59.4,125,YieldingYams,AverageAlmonds,sell
2026-07-03T16:00:18.215477+00:00,02:00:12,ASML_DUAL,118.7,50,EarnestEspressos,FlawlessFlatbreads,sell
2026-07-03T16:00:18.215477+00:00,02:00:12,NVDA,59.2,100,Gourab Sharma,YieldingYams,sell
2026-07-03T16:00:18.215477+00:00,02:00:12,NVDA,59.2,200,WavyWalnuts,YieldingYams,sell
2026-07-03T16:00:18.215477+00:00,02:00:12,ASML_202612_100C,85.5,21,Gourab Sharma,EssentialEagles,sell
2026-07-03T16:00:18.215477+00:00,02:00:12,ASML_202612_100C,85.4,27,FortunateFerrets,EssentialEagles,sell
2026-07-03T16:00:18.215477+00:00,02:00:12,ASML_202612_075C,90.2,41,FortunateFerrets,EssentialEagles,sell
2026-07-03T16:00:18.215477+00:00,02:00:12,ASML_202612_075C,90.0,11,GenerousGeckos,EssentialEagles,sell
2026-07-03T16:00:18.215477+00:00,02:00:12,ASML_202612_F,120.1,100,CapableCoyotes,BoundlessBisons,buy
2026-07-03T16:00:18.215477+00:00,02:00:12,ASML_202612_F,120.4,40,CapableCoyotes,AttentiveAntelopes,sell
2026-07-03T16:00:18.215477+00:00,02:00:13,ASML_202703_F,121.0,100,CapableCoyotes,BoundlessBisons,buy
2026-07-03T16:00:18.215477+00:00,02:00:13,OB5X_ETF,55.3,500,LivelyLasagnas,MarvelousMilkshakes,sell
2026-07-03T16:00:18.215477+00:00,02:00:13,ASML_202706_F,121.8,100,CapableCoyotes,BoundlessBisons,buy
2026-07-03T16:00:19.909063+00:00,02:00:13,TSLA,8.4,20,BrilliantBurritos,WavyWalnuts,buy
2026-07-03T16:00:19.909063+00:00,02:00:13,AAPL,156.8,200,WavyWalnuts,AverageAlmonds,buy
2026-07-03T16:00:19.909063+00:00,02:00:13,SAP_DUAL,58.4,50,JazzyJellies,InfiniteIcecreams,buy
2026-07-03T16:00:19.909063+00:00,02:00:13,SAP,56.7,200,WavyWalnuts,YieldingYams,sell
2026-07-03T16:00:19.909063+00:00,02:00:13,ASML,118.9,200,YieldingYams,WavyWalnuts,buy
2026-07-03T16:00:19.909063+00:00,02:00:13,AAPL,156.8,300,YieldingYams,AverageAlmonds,buy
2026-07-03T16:00:19.909063+00:00,02:00:13,OB5X_ETF,55.3,250,NecessaryNutmegs,MarvelousMilkshakes,buy
2026-07-03T16:00:19.909063+00:00,02:00:13,OB5X_ETF,55.5,250,NecessaryNutmegs,LivelyLasagnas,buy
2026-07-03T16:00:19.909063+00:00,02:00:13,OB5X_202612_100C,140.3,48,ScholarlySpearmints,VersatileVinegars,buy
2026-07-03T16:00:19.909063+00:00,02:00:13,AAPL,156.8,325,YieldingYams,AverageAlmonds,sell
2026-07-03T16:00:19.909063+00:00,02:00:13,ASML_202612_100P,65.3,41,EssentialEagles,Gourab Sharma,buy
2026-07-03T16:00:19.909063+00:00,02:00:13,SAP,56.6,200,YieldingYams,WavyWalnuts,sell
2026-07-03T16:00:19.909063+00:00,02:00:13,NVDA,59.2,200,YieldingYams,WavyWalnuts,buy
2026-07-03T16:00:22.016063+00:00,02:00:14,SAP_DUAL,58.0,41,HomelyHerrings,GroovyGrapefruits,sell
2026-07-03T16:00:22.016063+00:00,02:00:14,NVDA,59.2,200,YieldingYams,WavyWalnuts,sell
2026-07-03T16:00:22.016063+00:00,02:00:14,ASML,118.9,200,YieldingYams,WavyWalnuts,sell
2026-07-03T16:00:22.016063+00:00,02:00:14,AAPL,156.8,200,WavyWalnuts,AverageAlmonds,buy
2026-07-03T16:00:22.016063+00:00,02:00:14,NVDA,59.3,20,BrilliantBurritos,YieldingYams,buy
2026-07-03T16:00:22.016063+00:00,02:00:14,TSLA,8.3,200,WavyWalnuts,YieldingYams,sell
2026-07-03T16:00:22.016063+00:00,02:00:14,TSLA,8.3,425,AverageAlmonds,YieldingYams,sell
2026-07-03T16:00:22.016063+00:00,02:00:14,ASML_202612_F,120.4,10,CapableCoyotes,DownrightDogfish,sell
2026-07-03T16:00:22.016063+00:00,02:00:14,ASML_DUAL,118.7,50,EarnestEspressos,FlawlessFlatbreads,sell
2026-07-03T16:00:22.016063+00:00,02:00:14,ASML_202612_075P,45.2,44,EssentialEagles,Gourab Sharma,buy
2026-07-03T16:00:22.016063+00:00,02:00:14,SAP_DUAL,58.1,50,GroovyGrapefruits,HomelyHerrings,buy
2026-07-03T16:00:22.016063+00:00,02:00:14,ASML_202612_075C,90.7,57,EssentialEagles,FortunateFerrets,buy
2026-07-03T16:00:22.016063+00:00,02:00:14,ASML_202703_F,121.2,50,CapableCoyotes,DownrightDogfish,sell
2026-07-03T16:00:22.016063+00:00,02:00:14,TSLA,8.4,20,BrilliantBurritos,WavyWalnuts,buy
2026-07-03T16:00:22.016063+00:00,02:00:14,NVDA,59.3,20,BrilliantBurritos,YieldingYams,buy
2026-07-03T16:00:22.016063+00:00,02:00:14,ASML_202706_F,122.1,50,CapableCoyotes,DownrightDogfish,sell
2026-07-03T16:00:22.016063+00:00,02:00:15,OB5X_202706_F,231.7,59,PowerfulPineapples,OriginalOlives,sell
2026-07-03T16:00:22.016063+00:00,02:00:15,SAP,56.6,200,YieldingYams,WavyWalnuts,sell
2026-07-03T16:00:22.016063+00:00,02:00:15,OB5X_202703_F,227.3,56,PowerfulPineapples,OriginalOlives,sell
2026-07-03T16:00:22.016063+00:00,02:00:15,OB5X_202612_080P,10.4,56,ScholarlySpearmints,ScholarlySpearmints,sell
2026-07-03T16:00:22.016063+00:00,02:00:15,OB5X_202612_080P,9.7,1,VersatileVinegars,ScholarlySpearmints,sell
2026-07-03T16:00:22.016063+00:00,02:00:15,NVDA,59.1,200,WavyWalnuts,YieldingYams,sell
2026-07-03T16:00:22.016063+00:00,02:00:15,OB5X_202612_080C,153.7,50,ScholarlySpearmints,VersatileVinegars,buy
2026-07-03T16:00:22.016063+00:00,02:00:15,OB5X_202612_080C,153.7,7,ScholarlySpearmints,TactfulTangerines,buy
2026-07-03T16:00:22.016063+00:00,02:00:15,OB5X_202612_080C,152.5,43,VersatileVinegars,ScholarlySpearmints,sell
2026-07-03T16:00:22.016063+00:00,02:00:15,OB5X_ETF,55.3,80,Gourab Sharma,LivelyLasagnas,sell
2026-07-03T16:00:22.016063+00:00,02:00:15,SAP_DUAL,58.1,50,JazzyJellies,HomelyHerrings,buy
2026-07-03T16:00:22.016063+00:00,02:00:15,OB5X_202612_100P,16.4,50,VersatileVinegars,ScholarlySpearmints,sell
2026-07-03T16:00:22.016063+00:00,02:00:15,NVDA,59.1,200,WavyWalnuts,YieldingYams,buy
2026-07-03T16:00:22.016063+00:00,02:00:15,AAPL,156.7,200,WavyWalnuts,YieldingYams,buy
2026-07-03T16:00:22.016063+00:00,02:00:15,ASML_202706_F,121.9,57,BoundlessBisons,AttentiveAntelopes,sell
2026-07-03T16:00:22.016063+00:00,02:00:15,TSLA,8.4,200,YieldingYams,WavyWalnuts,buy
2026-07-03T16:00:22.016063+00:00,02:00:15,TSLA,8.4,425,YieldingYams,AverageAlmonds,buy
2026-07-03T16:00:22.016063+00:00,02:00:16,OB5X_ETF,55.3,420,MarvelousMilkshakes,LivelyLasagnas,buy
2026-07-03T16:00:22.016063+00:00,02:00:16,NVDA,59.1,225,AverageAlmonds,YieldingYams,buy
2026-07-03T16:00:22.016063+00:00,02:00:16,TSLA,8.4,200,WavyWalnuts,AverageAlmonds,buy
2026-07-03T16:00:22.016063+00:00,02:00:16,ASML_202612_F,120.2,100,BoundlessBisons,CapableCoyotes,sell
2026-07-03T16:00:22.016063+00:00,02:00:16,OB5X_ETF,55.3,200,MarvelousMilkshakes,KindlyKales,sell
2026-07-03T16:00:22.016063+00:00,02:00:16,OB5X_202612_F,225.0,43,OriginalOlives,QuirkyQuinoas,buy
2026-07-03T16:00:22.016063+00:00,02:00:16,ASML_202703_F,121.1,100,BoundlessBisons,CapableCoyotes,sell
2026-07-03T16:00:22.016063+00:00,02:00:16,NVDA,59.2,200,YieldingYams,WavyWalnuts,buy
2026-07-03T16:00:22.016063+00:00,02:00:16,ASML_202612_100C,85.3,43,Gourab Sharma,EssentialEagles,sell
2026-07-03T16:00:22.016063+00:00,02:00:16,ASML_202612_100C,85.2,15,FortunateFerrets,EssentialEagles,sell
2026-07-03T16:00:22.016063+00:00,02:00:16,ASML_202706_F,121.9,43,BoundlessBisons,CapableCoyotes,sell
2026-07-03T16:00:22.016063+00:00,02:00:16,OB5X_202612_120P,25.8,50,ScholarlySpearmints,VersatileVinegars,buy
2026-07-03T16:00:22.016063+00:00,02:00:16,OB5X_202612_120P,25.9,1,ScholarlySpearmints,TactfulTangerines,buy
2026-07-03T16:00:22.016063+00:00,02:00:16,ASML_DUAL,118.6,50,DiligentDonuts,FlawlessFlatbreads,sell
2026-07-03T16:00:22.016063+00:00,02:00:16,NVDA,59.3,200,YieldingYams,WavyWalnuts,sell
2026-07-03T16:00:22.016063+00:00,02:00:16,OB5X_202612_100C,140.0,50,ScholarlySpearmints,VersatileVinegars,buy
2026-07-03T16:00:22.016063+00:00,02:00:16,ASML,118.8,200,WavyWalnuts,YieldingYams,buy
2026-07-03T16:00:22.016063+00:00,02:00:16,AAPL,156.7,200,WavyWalnuts,YieldingYams,buy
2026-07-03T16:00:22.016063+00:00,02:00:16,ASML_202612_F,119.7,50,DownrightDogfish,CapableCoyotes,buy
2026-07-03T16:00:22.016063+00:00,02:00:17,ASML_202703_F,120.6,50,DownrightDogfish,CapableCoyotes,buy
2026-07-03T16:00:22.016063+00:00,02:00:17,ASML_202706_F,121.4,50,DownrightDogfish,CapableCoyotes,buy
2026-07-03T16:00:22.016063+00:00,02:00:17,TSLA,8.4,500,YieldingYams,AverageAlmonds,buy
2026-07-03T16:00:22.016063+00:00,02:00:17,NVDA,59.3,20,YieldingYams,BrilliantBurritos,sell
2026-07-03T16:00:22.016063+00:00,02:00:17,SAP,56.6,200,WavyWalnuts,YieldingYams,sell
2026-07-03T16:00:22.016063+00:00,02:00:17,TSLA,8.4,125,YieldingYams,AverageAlmonds,sell
2026-07-03T16:00:22.016063+00:00,02:00:17,ASML_202612_F,120.7,54,AttentiveAntelopes,BoundlessBisons,buy
2026-07-03T16:00:22.016063+00:00,02:00:17,TSLA,8.4,200,WavyWalnuts,AverageAlmonds,buy
2026-07-03T16:00:22.016063+00:00,02:00:17,SAP_DUAL,58.4,50,JazzyJellies,InfiniteIcecreams,buy
2026-07-03T16:00:22.016063+00:00,02:00:17,OB5X_ETF,55.5,500,NecessaryNutmegs,MarvelousMilkshakes,buy
2026-07-03T16:00:22.016063+00:00,02:00:17,ASML_202612_100P,65.3,39,EssentialEagles,Gourab Sharma,buy
2026-07-03T16:00:22.016063+00:00,02:00:17,ASML_202612_100P,65.5,17,EssentialEagles,FortunateFerrets,buy
2026-07-03T16:00:27.771062+00:00,02:00:17,SAP_DUAL,57.9,54,InfiniteIcecreams,GroovyGrapefruits,sell
2026-07-03T16:00:27.771062+00:00,02:00:18,SAP,56.6,425,AverageAlmonds,YieldingYams,buy
2026-07-03T16:00:27.771062+00:00,02:00:18,TSLA,8.3,500,AverageAlmonds,YieldingYams,sell
2026-07-03T16:00:27.771062+00:00,02:00:18,TSLA,8.0,125,AverageAlmonds,YieldingYams,buy
2026-07-03T16:00:27.771062+00:00,02:00:18,SAP,56.7,200,YieldingYams,WavyWalnuts,buy
2026-07-03T16:00:27.771062+00:00,02:00:18,TSLA,8.4,200,WavyWalnuts,AverageAlmonds,buy
2026-07-03T16:00:27.771062+00:00,02:00:18,SAP,56.8,200,YieldingYams,WavyWalnuts,sell
2026-07-03T16:00:27.771062+00:00,02:00:18,ASML,118.8,200,WavyWalnuts,YieldingYams,sell
2026-07-03T16:00:27.771062+00:00,02:00:18,NVDA,59.1,20,YieldingYams,BrilliantBurritos,sell
2026-07-03T16:00:27.771062+00:00,02:00:18,ASML_DUAL,118.4,50,EarnestEspressos,FlawlessFlatbreads,sell
2026-07-03T16:00:27.771062+00:00,02:00:19,SAP_DUAL,58.3,49,GroovyGrapefruits,HomelyHerrings,buy
2026-07-03T16:00:27.771062+00:00,02:00:19,ASML_202706_F,121.4,54,AttentiveAntelopes,CapableCoyotes,buy
2026-07-03T16:00:27.771062+00:00,02:00:19,NVDA,59.1,500,AverageAlmonds,YieldingYams,sell
2026-07-03T16:00:27.771062+00:00,02:00:19,NVDA,59.1,125,AverageAlmonds,YieldingYams,buy
2026-07-03T16:00:27.771062+00:00,02:00:19,TSLA,8.3,100,AverageAlmonds,Gourab Sharma,sell
2026-07-03T16:00:27.771062+00:00,02:00:19,ASML_202612_F,119.5,50,BoundlessBisons,DownrightDogfish,sell
2026-07-03T16:00:29.835062+00:00,02:00:19,ASML_202703_F,120.4,50,BoundlessBisons,DownrightDogfish,sell
2026-07-03T16:00:29.835062+00:00,02:00:19,ASML_202706_F,121.2,50,BoundlessBisons,DownrightDogfish,sell
2026-07-03T16:00:29.835062+00:00,02:00:19,OB5X_202612_080C,153.6,55,ScholarlySpearmints,ScholarlySpearmints,sell
2026-07-03T16:00:29.835062+00:00,02:00:19,OB5X_202612_080C,152.5,4,VersatileVinegars,ScholarlySpearmints,sell
2026-07-03T16:00:29.835062+00:00,02:00:19,ASML_202612_F,120.0,100,CapableCoyotes,BoundlessBisons,buy
2026-07-03T16:00:29.835062+00:00,02:00:19,TSLA,8.3,100,AverageAlmonds,Gourab Sharma,sell
2026-07-03T16:00:29.835062+00:00,02:00:19,TSLA,8.3,400,AverageAlmonds,YieldingYams,sell
2026-07-03T16:00:29.835062+00:00,02:00:19,OB5X_ETF,55.3,500,MarvelousMilkshakes,NecessaryNutmegs,sell
2026-07-03T16:00:29.835062+00:00,02:00:19,SAP,56.8,200,YieldingYams,WavyWalnuts,sell
2026-07-03T16:00:29.835062+00:00,02:00:20,ASML_202703_F,120.9,100,CapableCoyotes,BoundlessBisons,buy
2026-07-03T16:00:29.835062+00:00,02:00:20,AAPL,156.6,200,WavyWalnuts,YieldingYams,sell
2026-07-03T16:00:29.835062+00:00,02:00:20,ASML_202706_F,121.7,100,CapableCoyotes,BoundlessBisons,buy
2026-07-03T16:00:29.835062+00:00,02:00:20,SAP,56.8,20,BrilliantBurritos,YieldingYams,buy
2026-07-03T16:00:29.835062+00:00,02:00:20,TSLA,8.3,225,AverageAlmonds,YieldingYams,buy
2026-07-03T16:00:29.835062+00:00,02:00:20,TSLA,8.3,200,AverageAlmonds,WavyWalnuts,buy
2026-07-03T16:00:29.835062+00:00,02:00:20,NVDA,59.3,200,YieldingYams,WavyWalnuts,sell
2026-07-03T16:00:29.835062+00:00,02:00:20,ASML_202612_075P,45.2,36,EssentialEagles,Gourab Sharma,buy
2026-07-03T16:00:29.835062+00:00,02:00:20,ASML_202612_075P,45.7,18,EssentialEagles,FortunateFerrets,buy
2026-07-03T16:00:29.835062+00:00,02:00:20,ASML_202612_100P,65.4,22,EssentialEagles,Gourab Sharma,buy
2026-07-03T16:00:29.835062+00:00,02:00:21,OB5X_ETF,55.4,218,KindlyKales,LivelyLasagnas,buy
2026-07-03T16:00:29.835062+00:00,02:00:21,OB5X_202612_080C,153.5,40,ScholarlySpearmints,VersatileVinegars,buy
2026-07-03T16:00:29.835062+00:00,02:00:21,ASML_DUAL,118.4,50,EarnestEspressos,FlawlessFlatbreads,sell
2026-07-03T16:00:29.835062+00:00,02:00:21,AAPL,156.5,200,WavyWalnuts,AverageAlmonds,sell
2026-07-03T16:00:29.835062+00:00,02:00:21,TSLA,8.4,20,BrilliantBurritos,AverageAlmonds,buy
2026-07-03T16:00:29.835062+00:00,02:00:21,TSLA,8.3,200,AverageAlmonds,WavyWalnuts,sell
2026-07-03T16:00:29.835062+00:00,02:00:21,SAP,56.8,200,WavyWalnuts,YieldingYams,buy
2026-07-03T16:00:29.835062+00:00,02:00:21,OB5X_202612_120P,25.7,46,ScholarlySpearmints,ScholarlySpearmints,sell
2026-07-03T16:00:29.835062+00:00,02:00:21,ASML_DUAL,118.8,49,CostlyCorianders,DiligentDonuts,buy
2026-07-03T16:00:29.835062+00:00,02:00:21,OB5X_202612_100P,16.4,56,TactfulTangerines,ScholarlySpearmints,sell
2026-07-03T16:00:29.835062+00:00,02:00:21,ASML_202612_F,120.3,50,CapableCoyotes,DownrightDogfish,sell
2026-07-03T16:00:29.835062+00:00,02:00:21,ASML_202703_F,121.1,50,CapableCoyotes,DownrightDogfish,sell
2026-07-03T16:00:29.835062+00:00,02:00:21,ASML,118.9,200,WavyWalnuts,YieldingYams,buy
2026-07-03T16:00:29.835062+00:00,02:00:21,ASML_202706_F,122.0,50,CapableCoyotes,DownrightDogfish,sell
2026-07-03T16:00:29.835062+00:00,02:00:21,ASML_DUAL,118.4,45,CostlyCorianders,EarnestEspressos,buy
2026-07-03T16:00:29.835062+00:00,02:00:21,ASML_202612_100C,85.9,57,EssentialEagles,FortunateFerrets,buy
2026-07-03T16:00:29.835062+00:00,02:00:22,OB5X_ETF,55.3,250,MarvelousMilkshakes,NecessaryNutmegs,sell
2026-07-03T16:00:29.835062+00:00,02:00:22,OB5X_ETF,55.3,250,LivelyLasagnas,NecessaryNutmegs,sell
2026-07-03T16:00:29.835062+00:00,02:00:22,OB5X_202612_120C,129.1,50,ScholarlySpearmints,VersatileVinegars,buy
2026-07-03T16:00:29.835062+00:00,02:00:22,OB5X_202612_120C,129.1,2,ScholarlySpearmints,TactfulTangerines,buy
2026-07-03T16:00:29.835062+00:00,02:00:22,TSLA,8.4,200,WavyWalnuts,YieldingYams,buy
2026-07-03T16:00:29.835062+00:00,02:00:22,OB5X_202612_120C,127.5,50,VersatileVinegars,ScholarlySpearmints,sell
2026-07-03T16:00:29.835062+00:00,02:00:22,OB5X_202612_120C,127.5,8,TactfulTangerines,ScholarlySpearmints,sell
2026-07-03T16:00:29.835062+00:00,02:00:22,OB5X_202706_F,232.0,50,RadiantRisottos,PowerfulPineapples,buy
2026-07-03T16:00:29.835062+00:00,02:00:22,TSLA,8.4,500,YieldingYams,AverageAlmonds,buy
2026-07-03T16:00:29.835062+00:00,02:00:22,OB5X_202612_080C,153.5,10,ScholarlySpearmints,VersatileVinegars,buy
2026-07-03T16:00:29.835062+00:00,02:00:22,OB5X_202612_080C,153.5,30,ScholarlySpearmints,TactfulTangerines,buy
2026-07-03T16:00:29.835062+00:00,02:00:22,OB5X_ETF,55.3,250,LivelyLasagnas,MarvelousMilkshakes,sell
2026-07-03T16:00:29.835062+00:00,02:00:22,SAP,56.7,200,WavyWalnuts,YieldingYams,sell
2026-07-03T16:00:29.835062+00:00,02:00:22,SAP,56.6,425,AverageAlmonds,YieldingYams,sell
2026-07-03T16:00:29.835062+00:00,02:00:22,TSLA,8.4,125,YieldingYams,AverageAlmonds,sell
2026-07-03T16:00:29.835062+00:00,02:00:22,ASML_202612_075C,90.6,50,EssentialEagles,FortunateFerrets,buy
2026-07-03T16:00:29.835062+00:00,02:00:23,ASML_202612_100P,64.9,48,FortunateFerrets,EssentialEagles,sell
2026-07-03T16:00:29.835062+00:00,02:00:23,OB5X_ETF,55.3,228,KindlyKales,MarvelousMilkshakes,buy
2026-07-03T16:00:29.835062+00:00,02:00:23,ASML_DUAL,118.3,50,DiligentDonuts,FlawlessFlatbreads,sell
2026-07-03T16:00:29.835062+00:00,02:00:23,ASML_202612_F,120.0,100,BoundlessBisons,CapableCoyotes,sell
2026-07-03T16:00:29.835062+00:00,02:00:23,ASML_202612_F,119.8,49,AttentiveAntelopes,CapableCoyotes,buy
2026-07-03T16:00:29.835062+00:00,02:00:23,ASML_DUAL,118.3,42,DiligentDonuts,CostlyCorianders,sell
2026-07-03T16:00:29.835062+00:00,02:00:23,ASML_202703_F,120.8,100,BoundlessBisons,CapableCoyotes,sell
2026-07-03T16:00:29.835062+00:00,02:00:23,ASML_202706_F,121.7,100,BoundlessBisons,CapableCoyotes,sell
2026-07-03T16:00:29.835062+00:00,02:00:23,ASML,118.8,20,YieldingYams,BrilliantBurritos,sell
2026-07-03T16:00:29.835062+00:00,02:00:23,OB5X_ETF,55.3,230,KindlyKales,MarvelousMilkshakes,buy
2026-07-03T16:00:29.835062+00:00,02:00:23,TSLA,8.3,500,AverageAlmonds,YieldingYams,sell
2026-07-03T16:00:29.835062+00:00,02:00:23,TSLA,8.3,125,WavyWalnuts,YieldingYams,sell
2026-07-03T16:00:29.835062+00:00,02:00:23,SAP,56.8,200,YieldingYams,WavyWalnuts,buy
2026-07-03T16:00:29.835062+00:00,02:00:24,OB5X_202703_F,227.7,58,OriginalOlives,QuirkyQuinoas,buy
2026-07-03T16:00:29.835062+00:00,02:00:24,ASML_202612_075P,45.1,59,FortunateFerrets,EssentialEagles,sell
2026-07-03T16:00:35.660062+00:00,02:00:24,OB5X_202612_F,225.0,55,OriginalOlives,QuirkyQuinoas,buy
2026-07-03T16:00:35.660062+00:00,02:00:24,SAP_DUAL,58.3,55,HomelyHerrings,GroovyGrapefruits,sell
2026-07-03T16:00:35.660062+00:00,02:00:24,TSLA,8.4,200,WavyWalnuts,AverageAlmonds,buy
2026-07-03T16:00:35.660062+00:00,02:00:24,SAP,56.9,200,YieldingYams,WavyWalnuts,sell
2026-07-03T16:00:35.660062+00:00,02:00:24,SAP_DUAL,58.3,41,HomelyHerrings,GroovyGrapefruits,sell
2026-07-03T16:00:35.660062+00:00,02:00:24,ASML_202612_F,119.8,1,AttentiveAntelopes,CapableCoyotes,buy
2026-07-03T16:00:35.660062+00:00,02:00:24,ASML_202612_F,120.5,53,AttentiveAntelopes,BoundlessBisons,buy
2026-07-03T16:00:35.660062+00:00,02:00:25,ASML,119.0,200,YieldingYams,WavyWalnuts,buy
2026-07-03T16:00:35.660062+00:00,02:00:25,ASML_DUAL,118.3,50,DiligentDonuts,FlawlessFlatbreads,sell
2026-07-03T16:00:35.660062+00:00,02:00:25,TSLA,8.4,20,BrilliantBurritos,YieldingYams,buy
2026-07-03T16:00:35.660062+00:00,02:00:25,ASML,119.0,200,YieldingYams,WavyWalnuts,sell
2026-07-03T16:00:35.660062+00:00,02:00:25,AAPL,156.5,200,WavyWalnuts,YieldingYams,buy
2026-07-03T16:00:35.660062+00:00,02:00:25,OB5X_202612_100P,16.5,45,TactfulTangerines,ScholarlySpearmints,sell
2026-07-03T16:00:35.660062+00:00,02:00:25,OB5X_ETF,55.4,500,MarvelousMilkshakes,LivelyLasagnas,buy
2026-07-03T16:00:35.660062+00:00,02:00:25,NVDA,59.3,200,YieldingYams,WavyWalnuts,buy
2026-07-03T16:00:35.660062+00:00,02:00:26,TSLA,8.3,200,YieldingYams,WavyWalnuts,sell
2026-07-03T16:00:35.660062+00:00,02:00:26,SAP,56.9,200,YieldingYams,WavyWalnuts,sell
2026-07-03T16:00:35.660062+00:00,02:00:26,SAP_DUAL,58.7,50,JazzyJellies,InfiniteIcecreams,buy
2026-07-03T16:00:35.660062+00:00,02:00:26,OB5X_ETF,55.6,500,NecessaryNutmegs,MarvelousMilkshakes,buy
2026-07-03T16:00:35.660062+00:00,02:00:26,ASML_202612_F,120.2,50,DownrightDogfish,BoundlessBisons,buy
2026-07-03T16:00:35.660062+00:00,02:00:26,ASML_202703_F,120.7,50,DownrightDogfish,CapableCoyotes,buy
2026-07-03T16:00:35.660062+00:00,02:00:26,OB5X_ETF,55.4,224,MarvelousMilkshakes,KindlyKales,sell
2026-07-03T16:00:35.660062+00:00,02:00:26,TSLA,8.4,500,YieldingYams,AverageAlmonds,buy
2026-07-03T16:00:35.660062+00:00,02:00:26,ASML_202706_F,121.6,50,DownrightDogfish,CapableCoyotes,buy
2026-07-03T16:00:35.660062+00:00,02:00:26,TSLA,8.4,125,YieldingYams,AverageAlmonds,sell
2026-07-03T16:00:35.660062+00:00,02:00:26,NVDA,59.3,20,YieldingYams,BrilliantBurritos,sell
2026-07-03T16:00:35.660062+00:00,02:00:26,NVDA,59.4,200,WavyWalnuts,AverageAlmonds,buy
2026-07-03T16:00:35.660062+00:00,02:00:26,ASML,119.0,20,BrilliantBurritos,YieldingYams,buy
2026-07-03T16:00:35.660062+00:00,02:00:26,ASML,119.0,200,WavyWalnuts,YieldingYams,buy
2026-07-03T16:00:35.660062+00:00,02:00:26,SAP,56.9,20,BrilliantBurritos,YieldingYams,buy
2026-07-03T16:00:35.660062+00:00,02:00:26,ASML_202612_F,120.2,50,CapableCoyotes,BoundlessBisons,buy
2026-07-03T16:00:35.660062+00:00,02:00:26,OB5X_202612_080C,152.7,50,VersatileVinegars,ScholarlySpearmints,sell
2026-07-03T16:00:35.660062+00:00,02:00:26,ASML_202703_F,121.0,100,CapableCoyotes,BoundlessBisons,buy
2026-07-03T16:00:35.660062+00:00,02:00:27,OB5X_202612_080C,152.4,5,TactfulTangerines,ScholarlySpearmints,buy
2026-07-03T16:00:35.660062+00:00,02:00:27,ASML_202706_F,121.9,100,CapableCoyotes,BoundlessBisons,buy
2026-07-03T16:00:35.660062+00:00,02:00:27,TSLA,8.4,200,WavyWalnuts,AverageAlmonds,buy
2026-07-03T16:00:35.660062+00:00,02:00:27,ASML_202612_100P,65.5,42,EssentialEagles,FortunateFerrets,buy
2026-07-03T16:00:35.660062+00:00,02:00:27,ASML,119.0,20,BrilliantBurritos,YieldingYams,buy
2026-07-03T16:00:35.660062+00:00,02:00:27,ASML_DUAL,118.2,50,EarnestEspressos,FlawlessFlatbreads,sell
2026-07-03T16:00:35.660062+00:00,02:00:27,ASML_DUAL,118.6,40,CostlyCorianders,DiligentDonuts,buy
2026-07-03T16:00:35.660062+00:00,02:00:27,AAPL,156.5,500,YieldingYams,AverageAlmonds,sell
2026-07-03T16:00:35.660062+00:00,02:00:27,NVDA,59.3,200,WavyWalnuts,YieldingYams,buy
2026-07-03T16:00:35.660062+00:00,02:00:27,AAPL,156.5,20,YieldingYams,BrilliantBurritos,sell
2026-07-03T16:00:35.660062+00:00,02:00:27,AAPL,156.5,200,WavyWalnuts,YieldingYams,sell
2026-07-03T16:00:35.660062+00:00,02:00:28,ASML_DUAL,118.6,43,CostlyCorianders,DiligentDonuts,buy
2026-07-03T16:00:35.660062+00:00,02:00:28,SAP_DUAL,58.4,50,JazzyJellies,HomelyHerrings,buy
2026-07-03T16:00:35.660062+00:00,02:00:28,AAPL,156.4,20,BrilliantBurritos,YieldingYams,buy
2026-07-03T16:00:35.660062+00:00,02:00:28,NVDA,59.3,20,BrilliantBurritos,YieldingYams,buy
2026-07-03T16:00:35.660062+00:00,02:00:28,OB5X_ETF,55.4,26,MarvelousMilkshakes,NecessaryNutmegs,sell
2026-07-03T16:00:35.660062+00:00,02:00:28,ASML_202612_100C,85.3,59,FortunateFerrets,EssentialEagles,sell
2026-07-03T16:00:35.660062+00:00,02:00:28,TSLA,8.4,200,WavyWalnuts,YieldingYams,buy
2026-07-03T16:00:35.660062+00:00,02:00:28,SAP_DUAL,58.4,49,GroovyGrapefruits,HomelyHerrings,buy
2026-07-03T16:00:35.660062+00:00,02:00:28,ASML_202612_100P,65.3,51,Gourab Sharma,EssentialEagles,sell
2026-07-03T16:00:35.660062+00:00,02:00:28,ASML_202612_050C,96.3,57,FortunateFerrets,EssentialEagles,sell
2026-07-03T16:00:35.660062+00:00,02:00:28,ASML_202612_F,120.4,50,CapableCoyotes,DownrightDogfish,sell
2026-07-03T16:00:35.660062+00:00,02:00:28,OB5X_202706_F,231.9,41,PowerfulPineapples,OriginalOlives,sell
2026-07-03T16:00:35.660062+00:00,02:00:28,ASML_202703_F,121.3,50,CapableCoyotes,DownrightDogfish,sell
2026-07-03T16:00:35.660062+00:00,02:00:28,OB5X_202612_F,224.9,54,PowerfulPineapples,OriginalOlives,sell
2026-07-03T16:00:37.782062+00:00,02:00:28,ASML_202706_F,122.2,50,CapableCoyotes,DownrightDogfish,sell
2026-07-03T16:00:37.782062+00:00,02:00:29,AAPL,156.4,200,WavyWalnuts,YieldingYams,buy
2026-07-03T16:00:37.782062+00:00,02:00:29,TSLA,8.4,500,YieldingYams,AverageAlmonds,buy
2026-07-03T16:00:37.782062+00:00,02:00:29,SAP,56.8,20,WavyWalnuts,BrilliantBurritos,sell
2026-07-03T16:00:37.782062+00:00,02:00:29,ASML_202612_100P,65.5,58,EssentialEagles,FortunateFerrets,buy
2026-07-03T16:00:37.782062+00:00,02:00:29,OB5X_202612_120C,127.8,50,VersatileVinegars,ScholarlySpearmints,sell
2026-07-03T16:00:37.782062+00:00,02:00:29,OB5X_202612_120C,127.8,2,TactfulTangerines,ScholarlySpearmints,sell
2026-07-03T16:00:37.782062+00:00,02:00:29,ASML_DUAL,118.1,50,DiligentDonuts,FlawlessFlatbreads,sell
2026-07-03T16:00:37.782062+00:00,02:00:29,TSLA,8.4,125,YieldingYams,AverageAlmonds,sell
2026-07-03T16:00:37.782062+00:00,02:00:29,OB5X_202612_080C,153.8,50,ScholarlySpearmints,VersatileVinegars,buy
2026-07-03T16:00:37.782062+00:00,02:00:29,OB5X_202612_080C,153.8,9,ScholarlySpearmints,TactfulTangerines,buy
2026-07-03T16:00:37.782062+00:00,02:00:29,SAP,56.8,200,YieldingYams,WavyWalnuts,sell
2026-07-03T16:00:37.782062+00:00,02:00:29,NVDA,59.2,200,WavyWalnuts,YieldingYams,sell
2026-07-03T16:00:37.782062+00:00,02:00:29,NVDA,59.1,425,AverageAlmonds,YieldingYams,sell
2026-07-03T16:00:37.782062+00:00,02:00:29,OB5X_202612_100C,138.7,50,VersatileVinegars,ScholarlySpearmints,sell
2026-07-03T16:00:37.782062+00:00,02:00:29,OB5X_202612_100C,138.6,1,TactfulTangerines,ScholarlySpearmints,sell
2026-07-03T16:00:37.782062+00:00,02:00:29,OB5X_202612_100P,17.4,50,ScholarlySpearmints,VersatileVinegars,buy
2026-07-03T16:00:37.782062+00:00,02:00:29,OB5X_202612_100P,17.4,3,ScholarlySpearmints,TactfulTangerines,buy
2026-07-03T16:00:37.782062+00:00,02:00:30,TSLA,8.4,20,BrilliantBurritos,AverageAlmonds,buy
2026-07-03T16:00:37.782062+00:00,02:00:30,ASML_202612_F,120.4,50,CapableCoyotes,AttentiveAntelopes,sell
2026-07-03T16:00:37.782062+00:00,02:00:30,ASML_202612_F,120.3,1,BoundlessBisons,AttentiveAntelopes,sell
2026-07-03T16:00:37.782062+00:00,02:00:30,OB5X_202612_F,225.2,40,OriginalOlives,QuirkyQuinoas,buy
2026-07-03T16:00:37.782062+00:00,02:00:30,NVDA,59.3,100,WavyWalnuts,Gourab Sharma,buy
2026-07-03T16:00:37.782062+00:00,02:00:30,ASML_202612_F,120.3,99,BoundlessBisons,CapableCoyotes,sell
2026-07-03T16:00:37.782062+00:00,02:00:30,TSLA,8.3,200,WavyWalnuts,YieldingYams,sell
2026-07-03T16:00:37.782062+00:00,02:00:30,OB5X_ETF,55.3,500,LivelyLasagnas,NecessaryNutmegs,sell
2026-07-03T16:00:37.782062+00:00,02:00:30,ASML_202703_F,121.1,100,BoundlessBisons,CapableCoyotes,sell
2026-07-03T16:00:37.782062+00:00,02:00:30,SAP,57.0,500,YieldingYams,AverageAlmonds,buy
2026-07-03T16:00:37.782062+00:00,02:00:30,OB5X_ETF,55.3,234,MarvelousMilkshakes,KindlyKales,sell
2026-07-03T16:00:37.782062+00:00,02:00:30,ASML_202706_F,121.9,100,BoundlessBisons,CapableCoyotes,sell
2026-07-03T16:00:37.782062+00:00,02:00:30,SAP_DUAL,58.2,45,InfiniteIcecreams,GroovyGrapefruits,sell
2026-07-03T16:00:37.782062+00:00,02:00:30,SAP,57.0,125,YieldingYams,AverageAlmonds,sell
2026-07-03T16:00:37.782062+00:00,02:00:30,ASML_202612_F,119.9,50,DownrightDogfish,CapableCoyotes,buy
2026-07-03T16:00:37.782062+00:00,02:00:31,ASML_202703_F,120.8,50,DownrightDogfish,CapableCoyotes,buy
2026-07-03T16:00:37.782062+00:00,02:00:31,OB5X_202612_120P,25.9,45,ScholarlySpearmints,VersatileVinegars,buy
2026-07-03T16:00:37.782062+00:00,02:00:31,OB5X_202612_120P,24.6,40,VersatileVinegars,ScholarlySpearmints,sell
2026-07-03T16:00:37.782062+00:00,02:00:31,ASML_202706_F,121.6,50,DownrightDogfish,CapableCoyotes,buy
2026-07-03T16:00:37.782062+00:00,02:00:31,OB5X_ETF,55.5,218,KindlyKales,LivelyLasagnas,buy
2026-07-03T16:00:37.782062+00:00,02:00:31,ASML_DUAL,118.5,48,CostlyCorianders,EarnestEspressos,buy
2026-07-03T16:00:37.782062+00:00,02:00:31,SAP_DUAL,58.7,58,GroovyGrapefruits,HomelyHerrings,buy
2026-07-03T16:00:37.782062+00:00,02:00:31,ASML_202612_050P,26.8,40,EssentialEagles,Gourab Sharma,buy
2026-07-03T16:00:37.782062+00:00,02:00:31,NVDA,59.4,200,YieldingYams,WavyWalnuts,sell
2026-07-03T16:00:37.782062+00:00,02:00:31,ASML_DUAL,118.3,50,DiligentDonuts,FlawlessFlatbreads,sell
2026-07-03T16:00:37.782062+00:00,02:00:31,TSLA,8.3,200,YieldingYams,WavyWalnuts,buy
2026-07-03T16:00:37.782062+00:00,02:00:31,ASML,119.0,200,WavyWalnuts,YieldingYams,sell
2026-07-03T16:00:41.480062+00:00,02:00:31,OB5X_202612_F,225.0,48,PowerfulPineapples,OriginalOlives,sell
2026-07-03T16:00:41.480062+00:00,02:00:32,SAP,56.8,100,Gourab Sharma,WavyWalnuts,sell
2026-07-03T16:00:41.480062+00:00,02:00:32,SAP,56.8,100,YieldingYams,WavyWalnuts,sell
2026-07-03T16:00:41.480062+00:00,02:00:32,SAP_DUAL,58.2,46,HomelyHerrings,GroovyGrapefruits,sell
2026-07-03T16:00:41.480062+00:00,02:00:32,OB5X_ETF,55.3,500,LivelyLasagnas,NecessaryNutmegs,sell
2026-07-03T16:00:41.480062+00:00,02:00:32,OB5X_202612_080C,153.8,41,ScholarlySpearmints,TactfulTangerines,buy
2026-07-03T16:00:41.480062+00:00,02:00:32,ASML_202612_050P,26.7,44,Gourab Sharma,EssentialEagles,sell
2026-07-03T16:00:41.480062+00:00,02:00:32,ASML_202612_050P,26.5,12,FortunateFerrets,EssentialEagles,sell
2026-07-03T16:00:41.480062+00:00,02:00:33,TSLA,8.3,200,WavyWalnuts,YieldingYams,sell
2026-07-03T16:00:41.480062+00:00,02:00:33,TSLA,8.2,425,AverageAlmonds,YieldingYams,sell
2026-07-03T16:00:41.480062+00:00,02:00:33,ASML_DUAL,118.3,41,DiligentDonuts,CostlyCorianders,sell
2026-07-03T16:00:41.480062+00:00,02:00:33,ASML_202612_F,119.4,50,CapableCoyotes,DownrightDogfish,sell
2026-07-03T16:00:41.480062+00:00,02:00:33,OB5X_ETF,55.4,217,KindlyKales,MarvelousMilkshakes,buy
2026-07-03T16:00:41.480062+00:00,02:00:33,ASML_202703_F,120.3,50,CapableCoyotes,DownrightDogfish,sell
2026-07-03T16:00:41.480062+00:00,02:00:33,ASML_202706_F,121.1,50,CapableCoyotes,DownrightDogfish,sell
2026-07-03T16:00:41.480062+00:00,02:00:33,ASML_202612_075C,90.6,50,EssentialEagles,GenerousGeckos,buy
2026-07-03T16:00:41.480062+00:00,02:00:33,ASML_202612_075C,90.7,4,EssentialEagles,FortunateFerrets,buy
2026-07-03T16:00:41.480062+00:00,02:00:33,ASML_202612_050P,26.6,40,Gourab Sharma,EssentialEagles,sell
2026-07-03T16:00:41.480062+00:00,02:00:33,ASML_DUAL,118.3,50,EarnestEspressos,FlawlessFlatbreads,sell
2026-07-03T16:00:41.480062+00:00,02:00:33,ASML_202612_F,119.9,100,CapableCoyotes,BoundlessBisons,buy
2026-07-03T16:00:41.480062+00:00,02:00:33,ASML_202703_F,120.7,100,CapableCoyotes,BoundlessBisons,buy
2026-07-03T16:00:41.480062+00:00,02:00:34,ASML_202706_F,121.5,100,CapableCoyotes,BoundlessBisons,buy
2026-07-03T16:00:41.480062+00:00,02:00:34,OB5X_202612_080C,153.8,43,ScholarlySpearmints,VersatileVinegars,buy
2026-07-03T16:00:41.480062+00:00,02:00:34,OB5X_202612_100C,138.8,40,VersatileVinegars,ScholarlySpearmints,sell
2026-07-03T16:00:41.480062+00:00,02:00:34,TSLA,8.4,200,YieldingYams,WavyWalnuts,buy
2026-07-03T16:00:41.480062+00:00,02:00:34,TSLA,8.4,425,YieldingYams,AverageAlmonds,buy
2026-07-03T16:00:41.480062+00:00,02:00:34,OB5X_202612_100P,17.4,49,ScholarlySpearmints,VersatileVinegars,buy
2026-07-03T16:00:41.480062+00:00,02:00:34,SAP_DUAL,58.7,50,JazzyJellies,HomelyHerrings,buy
2026-07-03T16:00:41.480062+00:00,02:00:34,AAPL,156.5,200,YieldingYams,WavyWalnuts,buy
2026-07-03T16:00:41.480062+00:00,02:00:34,TSLA,8.4,200,WavyWalnuts,AverageAlmonds,buy
2026-07-03T16:00:41.480062+00:00,02:00:34,OB5X_ETF,55.4,500,NecessaryNutmegs,MarvelousMilkshakes,buy
2026-07-03T16:00:41.480062+00:00,02:00:34,SAP_DUAL,58.2,48,HomelyHerrings,GroovyGrapefruits,sell
2026-07-03T16:00:41.480062+00:00,02:00:34,ASML_202703_F,121.5,54,AttentiveAntelopes,CapableCoyotes,buy
2026-07-03T16:00:41.480062+00:00,02:00:34,ASML_202703_F,121.0,50,CapableCoyotes,AttentiveAntelopes,sell
2026-07-03T16:00:41.480062+00:00,02:00:34,ASML_202706_F,121.9,48,CapableCoyotes,AttentiveAntelopes,sell
2026-07-03T16:00:41.480062+00:00,02:00:34,ASML_202612_075P,45.3,48,Gourab Sharma,EssentialEagles,sell
2026-07-03T16:00:41.480062+00:00,02:00:34,ASML_202612_075C,89.9,44,FortunateFerrets,EssentialEagles,sell
2026-07-03T16:00:41.480062+00:00,02:00:34,ASML_202612_100P,65.5,50,EssentialEagles,Gourab Sharma,buy
2026-07-03T16:00:41.480062+00:00,02:00:35,NVDA,59.5,20,BrilliantBurritos,WavyWalnuts,buy
2026-07-03T16:00:41.480062+00:00,02:00:35,AAPL,156.5,200,YieldingYams,WavyWalnuts,sell
2026-07-03T16:00:41.480062+00:00,02:00:35,ASML_DUAL,118.4,44,CostlyCorianders,DiligentDonuts,buy
2026-07-03T16:00:41.480062+00:00,02:00:35,OB5X_ETF,55.4,500,MarvelousMilkshakes,LivelyLasagnas,buy
2026-07-03T16:00:41.480062+00:00,02:00:35,ASML_202612_F,120.6,50,DownrightDogfish,CapableCoyotes,buy
2026-07-03T16:00:41.480062+00:00,02:00:35,OB5X_202612_100P,17.4,1,ScholarlySpearmints,VersatileVinegars,buy
2026-07-03T16:00:41.480062+00:00,02:00:35,OB5X_202612_100P,17.4,53,ScholarlySpearmints,TactfulTangerines,buy
2026-07-03T16:00:41.480062+00:00,02:00:35,TSLA,8.2,100,Gourab Sharma,YieldingYams,sell
2026-07-03T16:00:41.480062+00:00,02:00:35,TSLA,8.2,500,AverageAlmonds,YieldingYams,sell
2026-07-03T16:00:41.480062+00:00,02:00:35,ASML_202703_F,121.5,50,DownrightDogfish,CapableCoyotes,buy
2026-07-03T16:00:41.480062+00:00,02:00:35,TSLA,8.2,25,WavyWalnuts,YieldingYams,buy
2026-07-03T16:00:41.480062+00:00,02:00:35,TSLA,8.4,175,WavyWalnuts,AverageAlmonds,buy
2026-07-03T16:00:41.480062+00:00,02:00:35,SAP,56.9,100,WavyWalnuts,Gourab Sharma,buy
2026-07-03T16:00:41.480062+00:00,02:00:35,SAP,56.9,100,WavyWalnuts,YieldingYams,buy
2026-07-03T16:00:41.480062+00:00,02:00:35,ASML_202706_F,122.4,50,DownrightDogfish,CapableCoyotes,buy
2026-07-03T16:00:45.251075+00:00,02:00:35,ASML_DUAL,118.0,50,EarnestEspressos,FlawlessFlatbreads,sell
2026-07-03T16:00:45.251075+00:00,02:00:36,SAP,56.7,20,YieldingYams,BrilliantBurritos,sell
2026-07-03T16:00:45.251075+00:00,02:00:36,ASML_202612_075P,45.3,32,Gourab Sharma,EssentialEagles,sell
2026-07-03T16:00:45.251075+00:00,02:00:36,ASML_202612_075P,45.1,10,GenerousGeckos,EssentialEagles,sell
2026-07-03T16:00:45.251075+00:00,02:00:36,ASML_202612_100P,65.4,58,Gourab Sharma,EssentialEagles,sell
2026-07-03T16:00:45.251075+00:00,02:00:36,ASML_202612_050P,26.7,53,EssentialEagles,Gourab Sharma,buy
2026-07-03T16:00:45.251075+00:00,02:00:36,ASML_202612_F,120.6,43,AttentiveAntelopes,CapableCoyotes,buy
2026-07-03T16:00:45.251075+00:00,02:00:36,ASML_202703_F,121.5,46,AttentiveAntelopes,CapableCoyotes,buy
2026-07-03T16:00:45.251075+00:00,02:00:36,SAP_DUAL,58.2,50,HomelyHerrings,JazzyJellies,sell
2026-07-03T16:00:45.251075+00:00,02:00:36,OB5X_202612_120C,129.3,50,ScholarlySpearmints,VersatileVinegars,buy
2026-07-03T16:00:45.251075+00:00,02:00:36,OB5X_202612_120C,129.4,9,ScholarlySpearmints,TactfulTangerines,buy
2026-07-03T16:00:45.251075+00:00,02:00:36,OB5X_ETF,55.7,500,NecessaryNutmegs,MarvelousMilkshakes,buy
2026-07-03T16:00:45.251075+00:00,02:00:36,TSLA,8.3,100,WavyWalnuts,Gourab Sharma,buy
2026-07-03T16:00:45.251075+00:00,02:00:36,OB5X_202612_080C,152.8,41,VersatileVinegars,ScholarlySpearmints,sell
2026-07-03T16:00:45.251075+00:00,02:00:36,TSLA,8.4,500,YieldingYams,AverageAlmonds,buy
2026-07-03T16:00:45.251075+00:00,02:00:36,TSLA,8.4,125,YieldingYams,WavyWalnuts,buy
2026-07-03T16:00:45.251075+00:00,02:00:37,SAP,56.7,100,Gourab Sharma,YieldingYams,sell
2026-07-03T16:00:45.251075+00:00,02:00:37,SAP,56.7,200,WavyWalnuts,YieldingYams,sell
2026-07-03T16:00:45.251075+00:00,02:00:37,SAP,56.7,325,AverageAlmonds,YieldingYams,buy
2026-07-03T16:00:45.251075+00:00,02:00:37,NVDA,59.6,200,WavyWalnuts,YieldingYams,buy
2026-07-03T16:00:45.251075+00:00,02:00:37,ASML_DUAL,118.2,41,DiligentDonuts,CostlyCorianders,sell
2026-07-03T16:00:45.251075+00:00,02:00:37,OB5X_202612_F,225.4,49,OriginalOlives,QuirkyQuinoas,buy
2026-07-03T16:00:45.251075+00:00,02:00:37,ASML_202612_F,120.5,50,DownrightDogfish,CapableCoyotes,buy
2026-07-03T16:00:45.251075+00:00,02:00:37,ASML_DUAL,118.2,50,DiligentDonuts,FlawlessFlatbreads,sell
2026-07-03T16:00:45.251075+00:00,02:00:37,ASML_202703_F,121.4,50,DownrightDogfish,CapableCoyotes,buy
2026-07-03T16:00:45.251075+00:00,02:00:38,ASML_202706_F,122.2,50,DownrightDogfish,CapableCoyotes,buy
2026-07-03T16:00:45.251075+00:00,02:00:38,SAP,56.8,100,WavyWalnuts,Gourab Sharma,buy
2026-07-03T16:00:45.251075+00:00,02:00:38,ASML_202612_075P,45.3,50,EssentialEagles,Gourab Sharma,buy
2026-07-03T16:00:45.251075+00:00,02:00:38,ASML_202612_075C,90.7,52,EssentialEagles,FortunateFerrets,buy
2026-07-03T16:00:45.251075+00:00,02:00:38,TSLA,8.3,200,WavyWalnuts,YieldingYams,sell
2026-07-03T16:00:45.251075+00:00,02:00:38,ASML_202612_100C,85.2,80,FortunateFerrets,Gourab Sharma,buy
2026-07-03T16:00:45.251075+00:00,02:00:38,AAPL,156.5,200,YieldingYams,WavyWalnuts,buy
2026-07-03T16:00:45.251075+00:00,02:00:38,AAPL,156.5,425,YieldingYams,AverageAlmonds,buy
2026-07-03T16:00:45.251075+00:00,02:00:38,OB5X_202706_F,232.4,50,RadiantRisottos,QuirkyQuinoas,buy
2026-07-03T16:00:45.251075+00:00,02:00:38,ASML,119.0,200,YieldingYams,WavyWalnuts,sell
2026-07-03T16:00:45.251075+00:00,02:00:38,OB5X_202703_F,228.0,50,RadiantRisottos,QuirkyQuinoas,buy
2026-07-03T16:00:45.251075+00:00,02:00:38,NVDA,59.6,200,WavyWalnuts,YieldingYams,sell
2026-07-03T16:00:45.251075+00:00,02:00:39,ASML_DUAL,118.4,40,CostlyCorianders,EarnestEspressos,buy
2026-07-03T16:00:45.251075+00:00,02:00:39,NVDA,59.4,20,BrilliantBurritos,YieldingYams,buy
2026-07-03T16:00:45.251075+00:00,02:00:39,SAP,56.9,200,YieldingYams,WavyWalnuts,sell
2026-07-03T16:00:45.251075+00:00,02:00:39,ASML_202612_075P,45.2,45,Gourab Sharma,EssentialEagles,sell
2026-07-03T16:00:45.251075+00:00,02:00:39,ASML_202612_075C,90.8,42,EssentialEagles,FortunateFerrets,buy
2026-07-03T16:00:45.251075+00:00,02:00:39,OB5X_202612_120P,24.6,47,VersatileVinegars,ScholarlySpearmints,sell
2026-07-03T16:00:45.251075+00:00,02:00:39,OB5X_202612_F,225.0,50,PowerfulPineapples,OriginalOlives,sell
2026-07-03T16:00:45.251075+00:00,02:00:39,TSLA,8.3,200,YieldingYams,WavyWalnuts,buy
2026-07-03T16:00:45.251075+00:00,02:00:39,ASML_DUAL,118.2,9,DiligentDonuts,CostlyCorianders,sell
2026-07-03T16:00:45.251075+00:00,02:00:39,ASML_DUAL,117.9,34,EarnestEspressos,CostlyCorianders,sell
2026-07-03T16:00:45.251075+00:00,02:00:39,ASML_202612_F,120.5,100,BoundlessBisons,CapableCoyotes,buy
2026-07-03T16:00:45.251075+00:00,02:00:39,NVDA,59.4,200,WavyWalnuts,YieldingYams,buy
2026-07-03T16:00:45.251075+00:00,02:00:39,SAP,56.7,20,WavyWalnuts,BrilliantBurritos,sell
2026-07-03T16:00:45.251075+00:00,02:00:39,ASML,119.0,200,YieldingYams,WavyWalnuts,sell
2026-07-03T16:00:45.251075+00:00,02:00:40,ASML_DUAL,117.9,50,EarnestEspressos,FlawlessFlatbreads,sell
2026-07-03T16:00:45.251075+00:00,02:00:40,ASML_202612_F,121.0,50,DownrightDogfish,BoundlessBisons,buy
2026-07-03T16:00:45.251075+00:00,02:00:40,ASML_202703_F,121.4,50,DownrightDogfish,CapableCoyotes,buy
2026-07-03T16:00:45.251075+00:00,02:00:40,ASML_202706_F,122.2,50,DownrightDogfish,CapableCoyotes,buy
2026-07-03T16:00:45.251075+00:00,02:00:40,TSLA,8.4,200,WavyWalnuts,YieldingYams,buy
2026-07-03T16:00:45.251075+00:00,02:00:40,SAP,56.9,200,WavyWalnuts,YieldingYams,buy
2026-07-03T16:00:45.251075+00:00,02:00:40,ASML_202612_075P,45.3,30,EssentialEagles,Gourab Sharma,buy
2026-07-03T16:00:45.251075+00:00,02:00:40,ASML_202612_075P,45.6,13,EssentialEagles,FortunateFerrets,buy
2026-07-03T16:00:45.251075+00:00,02:00:40,SAP_DUAL,58.1,50,HomelyHerrings,JazzyJellies,sell
2026-07-03T16:00:45.251075+00:00,02:00:40,OB5X_202612_080P,9.7,41,VersatileVinegars,ScholarlySpearmints,sell
2026-07-03T16:00:45.251075+00:00,02:00:40,OB5X_ETF,55.6,500,NecessaryNutmegs,LivelyLasagnas,buy
2026-07-03T16:00:45.251075+00:00,02:00:41,AAPL,156.4,500,YieldingYams,AverageAlmonds,buy
2026-07-03T16:00:45.251075+00:00,02:00:41,ASML,119.0,20,YieldingYams,BrilliantBurritos,sell
2026-07-03T16:00:45.251075+00:00,02:00:41,AAPL,156.4,125,YieldingYams,AverageAlmonds,sell
2026-07-03T16:00:45.251075+00:00,02:00:41,AAPL,156.3,200,WavyWalnuts,AverageAlmonds,sell
2026-07-03T16:00:45.251075+00:00,02:00:41,NVDA,59.5,200,YieldingYams,WavyWalnuts,sell
2026-07-03T16:00:49.021656+00:00,02:00:41,OB5X_202706_F,232.4,58,OriginalOlives,QuirkyQuinoas,buy
2026-07-03T16:00:49.021656+00:00,02:00:41,AAPL,156.3,20,BrilliantBurritos,AverageAlmonds,buy
2026-07-03T16:00:49.021656+00:00,02:00:41,ASML_202703_F,121.7,50,CapableCoyotes,AttentiveAntelopes,sell
2026-07-03T16:00:49.021656+00:00,02:00:41,ASML_DUAL,117.9,40,DiligentDonuts,CostlyCorianders,sell
2026-07-03T16:00:49.021656+00:00,02:00:41,ASML_202612_050P,26.7,27,EssentialEagles,Gourab Sharma,buy
2026-07-03T16:00:49.021656+00:00,02:00:41,ASML_202612_050P,27.0,23,EssentialEagles,FortunateFerrets,buy
2026-07-03T16:00:49.021656+00:00,02:00:41,OB5X_ETF,55.5,210,MarvelousMilkshakes,KindlyKales,sell
2026-07-03T16:00:49.021656+00:00,02:00:41,SAP,56.9,200,YieldingYams,WavyWalnuts,sell
2026-07-03T16:00:53.117657+00:00,02:00:42,SAP,57.1,20,BrilliantBurritos,YieldingYams,buy
2026-07-03T16:00:53.117657+00:00,02:00:42,ASML_DUAL,117.9,50,DiligentDonuts,FlawlessFlatbreads,sell
2026-07-03T16:00:53.117657+00:00,02:00:42,TSLA,8.4,500,YieldingYams,AverageAlmonds,buy
2026-07-03T16:00:53.117657+00:00,02:00:42,TSLA,8.4,125,YieldingYams,WavyWalnuts,buy
2026-07-03T16:00:53.117657+00:00,02:00:42,ASML,119.1,200,YieldingYams,WavyWalnuts,buy
2026-07-03T16:00:53.117657+00:00,02:00:42,ASML,119.2,425,YieldingYams,AverageAlmonds,buy
2026-07-03T16:00:53.117657+00:00,02:00:42,SAP_DUAL,58.6,51,GroovyGrapefruits,HomelyHerrings,buy
2026-07-03T16:00:53.117657+00:00,02:00:42,NVDA,59.6,200,YieldingYams,WavyWalnuts,buy
2026-07-03T16:00:53.117657+00:00,02:00:42,NVDA,59.6,425,YieldingYams,AverageAlmonds,sell
2026-07-03T16:00:53.117657+00:00,02:00:42,ASML,119.0,20,WavyWalnuts,BrilliantBurritos,sell
2026-07-03T16:00:53.117657+00:00,02:00:42,SAP_DUAL,58.1,50,HomelyHerrings,JazzyJellies,sell
2026-07-03T16:00:53.117657+00:00,02:00:43,OB5X_202706_F,232.3,49,QuirkyQuinoas,OriginalOlives,sell
2026-07-03T16:00:53.117657+00:00,02:00:43,OB5X_ETF,55.5,500,MarvelousMilkshakes,NecessaryNutmegs,sell
2026-07-03T16:00:53.117657+00:00,02:00:43,SAP_DUAL,58.5,50,GroovyGrapefruits,HomelyHerrings,buy
2026-07-03T16:00:53.117657+00:00,02:00:43,NVDA,59.4,20,WavyWalnuts,BrilliantBurritos,sell
2026-07-03T16:00:53.117657+00:00,02:00:43,ASML_202612_F,120.9,100,CapableCoyotes,BoundlessBisons,sell
2026-07-03T16:00:53.117657+00:00,02:00:43,ASML_DUAL,118.1,49,CostlyCorianders,DiligentDonuts,buy
2026-07-03T16:00:53.117657+00:00,02:00:43,TSLA,8.3,200,WavyWalnuts,YieldingYams,sell
2026-07-03T16:00:53.117657+00:00,02:00:43,TSLA,8.2,100,Gourab Sharma,YieldingYams,sell
2026-07-03T16:00:53.117657+00:00,02:00:43,TSLA,8.2,325,AverageAlmonds,YieldingYams,sell
2026-07-03T16:00:53.117657+00:00,02:00:43,ASML_202703_F,121.7,100,CapableCoyotes,BoundlessBisons,sell
2026-07-03T16:00:53.117657+00:00,02:00:43,ASML,119.0,200,WavyWalnuts,YieldingYams,sell
2026-07-03T16:00:53.117657+00:00,02:00:43,NVDA,59.6,20,BrilliantBurritos,AverageAlmonds,buy
2026-07-03T16:00:53.117657+00:00,02:00:43,ASML_202612_075P,45.5,43,EssentialEagles,Gourab Sharma,buy
2026-07-03T16:00:53.117657+00:00,02:00:43,ASML_202706_F,122.5,100,CapableCoyotes,BoundlessBisons,sell
2026-07-03T16:00:53.117657+00:00,02:00:43,SAP,56.9,20,BrilliantBurritos,WavyWalnuts,buy
2026-07-03T16:00:53.117657+00:00,02:00:44,NVDA,59.5,100,Gourab Sharma,AverageAlmonds,sell
2026-07-03T16:00:53.117657+00:00,02:00:44,ASML_DUAL,117.6,48,DiligentDonuts,CostlyCorianders,sell
2026-07-03T16:00:53.117657+00:00,02:00:44,TSLA,8.2,200,AverageAlmonds,WavyWalnuts,sell
2026-07-03T16:00:53.117657+00:00,02:00:44,ASML_DUAL,117.6,50,DiligentDonuts,FlawlessFlatbreads,sell
2026-07-03T16:00:53.117657+00:00,02:00:44,ASML_202612_F,120.3,100,BoundlessBisons,CapableCoyotes,sell
2026-07-03T16:00:53.117657+00:00,02:00:44,OB5X_202706_F,232.3,100,QuirkyQuinoas,PowerfulPineapples,sell
2026-07-03T16:00:53.117657+00:00,02:00:44,ASML_202612_F,120.3,47,AttentiveAntelopes,CapableCoyotes,buy
2026-07-03T16:00:53.117657+00:00,02:00:44,OB5X_202703_F,227.9,54,QuirkyQuinoas,OriginalOlives,sell
2026-07-03T16:00:53.117657+00:00,02:00:44,ASML_202703_F,121.2,100,BoundlessBisons,CapableCoyotes,sell
2026-07-03T16:00:53.117657+00:00,02:00:44,OB5X_202703_F,227.9,96,QuirkyQuinoas,PowerfulPineapples,sell
2026-07-03T16:00:53.117657+00:00,02:00:44,ASML_202706_F,122.0,100,BoundlessBisons,CapableCoyotes,sell
2026-07-03T16:00:53.117657+00:00,02:00:44,OB5X_202612_F,225.3,100,QuirkyQuinoas,PowerfulPineapples,sell
2026-07-03T16:00:53.117657+00:00,02:00:44,ASML_202612_100C,85.5,41,Gourab Sharma,EssentialEagles,sell
2026-07-03T16:00:53.117657+00:00,02:00:44,OB5X_ETF,55.4,500,LivelyLasagnas,MarvelousMilkshakes,sell
2026-07-03T16:00:53.117657+00:00,02:00:44,OB5X_202612_080C,154.0,51,ScholarlySpearmints,TactfulTangerines,buy
2026-07-03T16:00:53.117657+00:00,02:00:44,ASML_202612_F,119.8,50,CapableCoyotes,DownrightDogfish,sell
2026-07-03T16:00:53.117657+00:00,02:00:44,OB5X_202612_120P,25.8,52,ScholarlySpearmints,TactfulTangerines,buy
2026-07-03T16:00:53.117657+00:00,02:00:45,ASML_202703_F,120.6,50,CapableCoyotes,DownrightDogfish,sell
2026-07-03T16:00:53.117657+00:00,02:00:45,ASML_202706_F,121.4,50,CapableCoyotes,DownrightDogfish,sell
2026-07-03T16:00:53.117657+00:00,02:00:45,OB5X_ETF,55.2,500,MarvelousMilkshakes,NecessaryNutmegs,sell
2026-07-03T16:00:53.117657+00:00,02:00:45,SAP,56.9,20,WavyWalnuts,BrilliantBurritos,sell
2026-07-03T16:00:53.117657+00:00,02:00:45,OB5X_ETF,55.4,209,KindlyKales,MarvelousMilkshakes,buy
2026-07-03T16:00:53.117657+00:00,02:00:45,TSLA,8.3,200,YieldingYams,WavyWalnuts,sell
2026-07-03T16:00:53.117657+00:00,02:00:45,ASML,119.1,20,BrilliantBurritos,WavyWalnuts,buy
2026-07-03T16:00:53.117657+00:00,02:00:46,ASML,119.0,200,YieldingYams,WavyWalnuts,sell
2026-07-03T16:00:53.117657+00:00,02:00:46,OB5X_202612_080C,153.2,51,TactfulTangerines,ScholarlySpearmints,sell
2026-07-03T16:00:53.117657+00:00,02:00:46,ASML_DUAL,118.0,40,CostlyCorianders,EarnestEspressos,buy
2026-07-03T16:00:53.117657+00:00,02:00:46,TSLA,8.2,500,AverageAlmonds,YieldingYams,sell
2026-07-03T16:00:53.117657+00:00,02:00:46,TSLA,8.2,20,BrilliantBurritos,YieldingYams,buy
2026-07-03T16:00:53.117657+00:00,02:00:46,ASML_DUAL,117.5,50,EarnestEspressos,FlawlessFlatbreads,sell
2026-07-03T16:00:53.117657+00:00,02:00:46,TSLA,8.2,105,AverageAlmonds,YieldingYams,buy
2026-07-03T16:00:53.117657+00:00,02:00:46,SAP_DUAL,58.1,55,InfiniteIcecreams,GroovyGrapefruits,sell
2026-07-03T16:00:53.117657+00:00,02:00:46,SAP,56.8,200,YieldingYams,WavyWalnuts,sell
2026-07-03T16:00:53.117657+00:00,02:00:46,ASML_202612_100C,85.7,41,EssentialEagles,Gourab Sharma,buy
2026-07-03T16:00:53.117657+00:00,02:00:46,ASML_202612_075P,45.3,58,Gourab Sharma,EssentialEagles,sell
2026-07-03T16:00:53.117657+00:00,02:00:46,ASML_202612_050C,96.7,41,EssentialEagles,FortunateFerrets,buy
2026-07-03T16:00:53.117657+00:00,02:00:46,ASML_202612_050P,26.7,41,Gourab Sharma,EssentialEagles,sell
2026-07-03T16:00:53.117657+00:00,02:00:47,ASML_202703_F,121.1,50,BoundlessBisons,CapableCoyotes,buy
2026-07-03T16:00:53.117657+00:00,02:00:47,SAP_DUAL,58.6,59,GroovyGrapefruits,HomelyHerrings,buy
2026-07-03T16:00:53.117657+00:00,02:00:47,SAP_DUAL,58.6,41,JazzyJellies,HomelyHerrings,buy
2026-07-03T16:00:53.117657+00:00,02:00:47,ASML,118.9,200,YieldingYams,WavyWalnuts,sell
2026-07-03T16:00:53.117657+00:00,02:00:47,ASML_202612_F,120.2,50,BoundlessBisons,DownrightDogfish,sell
2026-07-03T16:00:53.117657+00:00,02:00:47,ASML_202706_F,121.9,50,BoundlessBisons,CapableCoyotes,buy
2026-07-03T16:00:58.552656+00:00,02:00:47,ASML_202703_F,121.1,50,BoundlessBisons,DownrightDogfish,sell
2026-07-03T16:00:58.552656+00:00,02:00:47,OB5X_ETF,55.3,500,LivelyLasagnas,NecessaryNutmegs,sell
2026-07-03T16:00:58.552656+00:00,02:00:47,ASML_202706_F,121.9,50,BoundlessBisons,DownrightDogfish,sell
2026-07-03T16:00:58.552656+00:00,02:00:47,TSLA,8.3,200,YieldingYams,WavyWalnuts,buy
2026-07-03T16:00:58.552656+00:00,02:00:47,TSLA,8.4,425,YieldingYams,AverageAlmonds,buy
2026-07-03T16:00:58.552656+00:00,02:00:47,OB5X_202612_120C,128.2,45,VersatileVinegars,ScholarlySpearmints,sell
2026-07-03T16:00:58.552656+00:00,02:00:47,SAP,56.8,200,YieldingYams,WavyWalnuts,sell
2026-07-03T16:00:58.552656+00:00,02:00:47,OB5X_202706_F,232.3,100,PowerfulPineapples,QuirkyQuinoas,buy
2026-07-03T16:00:58.552656+00:00,02:00:47,OB5X_202703_F,227.9,100,PowerfulPineapples,QuirkyQuinoas,buy
2026-07-03T16:00:58.552656+00:00,02:00:48,OB5X_202612_F,225.3,100,PowerfulPineapples,QuirkyQuinoas,buy
2026-07-03T16:00:58.552656+00:00,02:00:48,ASML_DUAL,118.0,40,CostlyCorianders,DiligentDonuts,buy
2026-07-03T16:00:58.552656+00:00,02:00:48,ASML_DUAL,118.0,50,FlawlessFlatbreads,DiligentDonuts,buy
2026-07-03T16:00:58.552656+00:00,02:00:48,SAP_DUAL,58.1,45,HomelyHerrings,GroovyGrapefruits,sell
2026-07-03T16:00:58.552656+00:00,02:00:48,ASML,119.0,20,BrilliantBurritos,YieldingYams,buy
2026-07-03T16:00:58.552656+00:00,02:00:48,ASML_DUAL,118.0,10,CostlyCorianders,DiligentDonuts,buy
2026-07-03T16:00:58.552656+00:00,02:00:48,NVDA,59.5,20,BrilliantBurritos,AverageAlmonds,buy
2026-07-03T16:00:58.552656+00:00,02:00:48,TSLA,8.4,200,YieldingYams,WavyWalnuts,buy
2026-07-03T16:00:58.552656+00:00,02:00:48,TSLA,8.4,425,YieldingYams,AverageAlmonds,buy
2026-07-03T16:00:58.552656+00:00,02:00:48,TSLA,8.4,200,WavyWalnuts,AverageAlmonds,buy
2026-07-03T16:00:58.552656+00:00,02:00:49,SAP,56.8,200,WavyWalnuts,YieldingYams,buy
2026-07-03T16:00:58.552656+00:00,02:00:49,SAP_DUAL,58.1,43,HomelyHerrings,GroovyGrapefruits,sell
2026-07-03T16:00:58.552656+00:00,02:00:49,SAP_DUAL,58.4,50,JazzyJellies,InfiniteIcecreams,buy
2026-07-03T16:00:58.552656+00:00,02:00:49,NVDA,59.5,200,YieldingYams,WavyWalnuts,buy
2026-07-03T16:00:58.552656+00:00,02:00:49,NVDA,59.5,425,YieldingYams,AverageAlmonds,buy
2026-07-03T16:00:58.552656+00:00,02:00:49,OB5X_ETF,55.3,223,MarvelousMilkshakes,KindlyKales,sell
2026-07-03T16:00:58.552656+00:00,02:00:49,ASML_202612_F,120.7,50,DownrightDogfish,BoundlessBisons,buy
2026-07-03T16:00:58.552656+00:00,02:00:49,ASML_202703_F,121.6,50,DownrightDogfish,BoundlessBisons,buy
2026-07-03T16:01:00.670681+00:00,02:00:49,ASML_202706_F,122.4,50,DownrightDogfish,BoundlessBisons,buy
2026-07-03T16:01:00.670681+00:00,02:00:50,TSLA,8.3,100,Gourab Sharma,YieldingYams,sell
2026-07-03T16:01:00.670681+00:00,02:00:50,TSLA,8.3,200,WavyWalnuts,YieldingYams,buy
2026-07-03T16:01:00.670681+00:00,02:00:50,SAP,56.9,200,WavyWalnuts,YieldingYams,buy
2026-07-03T16:01:00.670681+00:00,02:00:50,ASML,118.8,200,WavyWalnuts,YieldingYams,sell
2026-07-03T16:01:00.670681+00:00,02:00:50,OB5X_202612_080C,154.1,41,ScholarlySpearmints,VersatileVinegars,buy
2026-07-03T16:01:00.670681+00:00,02:00:50,OB5X_202706_F,232.2,50,QuirkyQuinoas,RadiantRisottos,sell
2026-07-03T16:01:00.670681+00:00,02:00:50,OB5X_202612_120P,24.5,50,VersatileVinegars,ScholarlySpearmints,sell
2026-07-03T16:01:00.670681+00:00,02:00:50,OB5X_202612_120P,24.5,8,TactfulTangerines,ScholarlySpearmints,sell
2026-07-03T16:01:00.670681+00:00,02:00:50,ASML_202612_F,120.6,100,CapableCoyotes,BoundlessBisons,sell
2026-07-03T16:01:00.670681+00:00,02:00:50,NVDA,59.5,20,BrilliantBurritos,WavyWalnuts,buy
2026-07-03T16:01:00.670681+00:00,02:00:50,ASML_202612_075P,45.3,22,Gourab Sharma,EssentialEagles,sell
2026-07-03T16:01:00.670681+00:00,02:00:50,ASML_202612_075P,45.1,20,GenerousGeckos,EssentialEagles,sell
2026-07-03T16:01:00.670681+00:00,02:00:50,OB5X_202703_F,227.7,50,QuirkyQuinoas,RadiantRisottos,sell
2026-07-03T16:01:00.670681+00:00,02:00:50,ASML_202612_050C,96.0,42,FortunateFerrets,EssentialEagles,sell
2026-07-03T16:01:00.670681+00:00,02:00:50,ASML_DUAL,117.8,50,FlawlessFlatbreads,EarnestEspressos,buy
2026-07-03T16:01:00.670681+00:00,02:00:50,OB5X_202612_100C,140.2,50,ScholarlySpearmints,VersatileVinegars,buy
2026-07-03T16:01:00.670681+00:00,02:00:50,OB5X_202612_100C,140.5,7,ScholarlySpearmints,TactfulTangerines,buy
2026-07-03T16:01:00.670681+00:00,02:00:50,OB5X_202612_F,225.2,50,QuirkyQuinoas,RadiantRisottos,sell
2026-07-03T16:01:00.670681+00:00,02:00:50,ASML_202703_F,121.4,100,CapableCoyotes,BoundlessBisons,sell
2026-07-03T16:01:00.670681+00:00,02:00:50,NVDA,59.4,200,WavyWalnuts,YieldingYams,sell
2026-07-03T16:01:00.670681+00:00,02:00:50,SAP_DUAL,58.6,42,GroovyGrapefruits,HomelyHerrings,buy
2026-07-03T16:01:00.670681+00:00,02:00:50,ASML_202706_F,122.2,56,CapableCoyotes,AttentiveAntelopes,sell
2026-07-03T16:01:00.670681+00:00,02:00:50,ASML_202706_F,122.2,94,CapableCoyotes,BoundlessBisons,sell
2026-07-03T16:01:00.670681+00:00,02:00:50,OB5X_202612_F,225.2,44,QuirkyQuinoas,OriginalOlives,sell
2026-07-03T16:01:00.670681+00:00,02:00:50,ASML,118.8,200,WavyWalnuts,YieldingYams,buy
2026-07-03T16:01:00.670681+00:00,02:00:51,OB5X_202706_F,232.2,100,QuirkyQuinoas,PowerfulPineapples,sell
2026-07-03T16:01:00.670681+00:00,02:00:51,SAP_DUAL,58.1,50,HomelyHerrings,JazzyJellies,sell
2026-07-03T16:01:00.670681+00:00,02:00:51,TSLA,8.4,500,YieldingYams,AverageAlmonds,buy
2026-07-03T16:01:00.670681+00:00,02:00:51,TSLA,8.4,125,YieldingYams,WavyWalnuts,sell
2026-07-03T16:01:00.670681+00:00,02:00:51,SAP,56.8,200,YieldingYams,WavyWalnuts,sell
2026-07-03T16:01:00.670681+00:00,02:00:51,OB5X_202703_F,227.7,100,QuirkyQuinoas,PowerfulPineapples,sell
2026-07-03T16:01:00.670681+00:00,02:00:51,OB5X_ETF,55.3,500,NecessaryNutmegs,MarvelousMilkshakes,buy
2026-07-03T16:01:00.670681+00:00,02:00:51,ASML,118.8,500,YieldingYams,AverageAlmonds,buy
2026-07-03T16:01:00.670681+00:00,02:00:51,OB5X_202612_F,225.2,56,QuirkyQuinoas,PowerfulPineapples,sell
2026-07-03T16:01:00.670681+00:00,02:00:51,OB5X_ETF,55.2,247,LivelyLasagnas,KindlyKales,sell
2026-07-03T16:01:00.670681+00:00,02:00:51,NVDA,59.3,200,YieldingYams,WavyWalnuts,buy
2026-07-03T16:01:00.670681+00:00,02:00:51,ASML,118.8,125,YieldingYams,AverageAlmonds,sell
2026-07-03T16:01:00.670681+00:00,02:00:51,OB5X_202612_100P,17.2,59,ScholarlySpearmints,ScholarlySpearmints,sell
2026-07-03T16:01:00.670681+00:00,02:00:52,NVDA,59.5,200,YieldingYams,WavyWalnuts,sell
2026-07-03T16:01:00.670681+00:00,02:00:52,AAPL,156.1,200,YieldingYams,WavyWalnuts,sell
2026-07-03T16:01:00.670681+00:00,02:00:52,ASML_202612_100C,85.5,39,Gourab Sharma,EssentialEagles,sell
2026-07-03T16:01:00.670681+00:00,02:00:52,ASML_202612_100C,84.9,19,GenerousGeckos,EssentialEagles,sell
2026-07-03T16:01:00.670681+00:00,02:00:52,ASML_202612_075P,45.2,46,Gourab Sharma,EssentialEagles,sell
2026-07-03T16:01:00.670681+00:00,02:00:52,ASML_202612_F,119.7,54,BoundlessBisons,AttentiveAntelopes,sell
2026-07-03T16:01:00.670681+00:00,02:00:52,ASML_DUAL,117.6,40,DiligentDonuts,CostlyCorianders,sell
2026-07-03T16:01:00.670681+00:00,02:00:52,AAPL,156.4,20,BrilliantBurritos,YieldingYams,buy
2026-07-03T16:01:00.670681+00:00,02:00:52,TSLA,8.3,200,WavyWalnuts,AverageAlmonds,buy
2026-07-03T16:01:00.670681+00:00,02:00:52,ASML_DUAL,117.8,50,FlawlessFlatbreads,EarnestEspressos,buy
2026-07-03T16:01:00.670681+00:00,02:00:52,TSLA,8.2,500,AverageAlmonds,YieldingYams,sell
2026-07-03T16:01:00.670681+00:00,02:00:52,OB5X_202612_F,224.6,44,RadiantRisottos,PowerfulPineapples,buy
2026-07-03T16:01:00.670681+00:00,02:00:53,TSLA,8.2,125,AverageAlmonds,YieldingYams,buy
2026-07-03T16:01:00.670681+00:00,02:00:53,NVDA,59.5,200,YieldingYams,WavyWalnuts,sell
2026-07-03T16:01:00.670681+00:00,02:00:53,OB5X_202612_120C,128.1,50,VersatileVinegars,ScholarlySpearmints,sell
2026-07-03T16:01:00.670681+00:00,02:00:53,OB5X_202612_120C,128.1,7,TactfulTangerines,ScholarlySpearmints,sell
2026-07-03T16:01:00.670681+00:00,02:00:53,NVDA,59.4,200,WavyWalnuts,YieldingYams,sell
2026-07-03T16:01:00.670681+00:00,02:00:53,NVDA,59.3,425,AverageAlmonds,YieldingYams,sell
2026-07-03T16:01:00.670681+00:00,02:00:53,OB5X_202612_080P,9.7,54,TactfulTangerines,ScholarlySpearmints,sell
2026-07-03T16:01:00.670681+00:00,02:00:53,SAP_DUAL,58.0,50,HomelyHerrings,JazzyJellies,sell
2026-07-03T16:01:02.367681+00:00,02:00:53,ASML_202612_100C,85.7,40,EssentialEagles,FortunateFerrets,buy
2026-07-03T16:01:02.367681+00:00,02:00:53,OB5X_ETF,55.2,235,KindlyKales,LivelyLasagnas,buy
2026-07-03T16:01:02.367681+00:00,02:00:53,SAP,56.7,200,YieldingYams,WavyWalnuts,sell
2026-07-03T16:01:02.367681+00:00,02:00:53,ASML_202612_F,120.1,100,BoundlessBisons,CapableCoyotes,buy
2026-07-03T16:01:02.367681+00:00,02:00:53,NVDA,59.2,20,AverageAlmonds,BrilliantBurritos,sell
2026-07-03T16:01:02.367681+00:00,02:00:53,OB5X_202703_F,226.7,51,PowerfulPineapples,OriginalOlives,sell
2026-07-03T16:01:02.367681+00:00,02:00:53,ASML_202612_F,119.6,51,CapableCoyotes,AttentiveAntelopes,sell
2026-07-03T16:01:02.367681+00:00,02:00:54,TSLA,8.3,500,YieldingYams,AverageAlmonds,buy
2026-07-03T16:01:02.367681+00:00,02:00:54,TSLA,8.3,125,YieldingYams,WavyWalnuts,buy
2026-07-03T16:01:02.367681+00:00,02:00:54,ASML_202703_F,120.9,100,BoundlessBisons,CapableCoyotes,buy
2026-07-03T16:01:02.367681+00:00,02:00:54,ASML_202612_F,120.1,50,DownrightDogfish,CapableCoyotes,buy
2026-07-03T16:01:02.367681+00:00,02:00:54,ASML_202706_F,121.6,100,BoundlessBisons,CapableCoyotes,buy
2026-07-03T16:01:02.367681+00:00,02:00:54,OB5X_ETF,55.2,265,MarvelousMilkshakes,LivelyLasagnas,buy
2026-07-03T16:01:02.367681+00:00,02:00:54,ASML_202703_F,120.9,50,DownrightDogfish,CapableCoyotes,buy
2026-07-03T16:01:02.367681+00:00,02:00:54,OB5X_ETF,55.2,215,MarvelousMilkshakes,KindlyKales,sell
2026-07-03T16:01:02.367681+00:00,02:00:54,ASML_202706_F,121.6,50,DownrightDogfish,CapableCoyotes,buy
2026-07-03T16:01:02.367681+00:00,02:00:54,AAPL,156.2,20,BrilliantBurritos,YieldingYams,buy
2026-07-03T16:01:02.367681+00:00,02:00:54,OB5X_202612_080P,10.4,50,ScholarlySpearmints,VersatileVinegars,buy
2026-07-03T16:01:02.367681+00:00,02:00:54,OB5X_202612_080P,10.5,1,ScholarlySpearmints,TactfulTangerines,buy
2026-07-03T16:01:02.367681+00:00,02:00:54,OB5X_202706_F,231.3,100,PowerfulPineapples,QuirkyQuinoas,buy
2026-07-03T16:01:02.367681+00:00,02:00:54,ASML_DUAL,117.8,50,FlawlessFlatbreads,DiligentDonuts,buy
2026-07-03T16:01:02.367681+00:00,02:00:54,OB5X_ETF,55.4,208,KindlyKales,MarvelousMilkshakes,buy
2026-07-03T16:01:02.367681+00:00,02:00:54,OB5X_202703_F,226.9,100,PowerfulPineapples,QuirkyQuinoas,buy
2026-07-03T16:01:02.367681+00:00,02:00:54,OB5X_202706_F,231.3,50,RadiantRisottos,QuirkyQuinoas,buy
2026-07-03T16:01:02.367681+00:00,02:00:55,TSLA,8.3,200,WavyWalnuts,AverageAlmonds,buy
2026-07-03T16:01:02.367681+00:00,02:00:55,SAP,56.7,200,WavyWalnuts,YieldingYams,buy
2026-07-03T16:01:02.367681+00:00,02:00:55,OB5X_202703_F,226.9,50,RadiantRisottos,QuirkyQuinoas,buy
2026-07-03T16:01:02.367681+00:00,02:00:55,OB5X_202612_F,224.3,100,PowerfulPineapples,QuirkyQuinoas,buy
2026-07-03T16:01:02.367681+00:00,02:00:55,SAP_DUAL,58.5,50,JazzyJellies,HomelyHerrings,buy
2026-07-03T16:01:02.367681+00:00,02:00:55,ASML_DUAL,117.6,43,EarnestEspressos,CostlyCorianders,sell
2026-07-03T16:01:02.367681+00:00,02:00:55,AAPL,156.2,200,WavyWalnuts,YieldingYams,buy
2026-07-03T16:01:02.367681+00:00,02:00:55,ASML_202612_075C,89.8,51,FortunateFerrets,EssentialEagles,sell
2026-07-03T16:01:02.367681+00:00,02:00:55,ASML_202703_F,121.2,43,CapableCoyotes,AttentiveAntelopes,sell
2026-07-03T16:01:02.367681+00:00,02:00:55,OB5X_ETF,55.2,270,MarvelousMilkshakes,NecessaryNutmegs,sell
2026-07-03T16:01:02.367681+00:00,02:00:55,ASML_202612_100P,65.6,48,EssentialEagles,GenerousGeckos,buy
2026-07-03T16:01:02.367681+00:00,02:00:55,ASML_202612_100P,64.9,52,FortunateFerrets,EssentialEagles,sell
2026-07-03T16:01:02.367681+00:00,02:00:55,NVDA,59.5,200,YieldingYams,WavyWalnuts,buy
2026-07-03T16:01:02.367681+00:00,02:00:56,SAP,56.8,200,YieldingYams,WavyWalnuts,sell
2026-07-03T16:01:02.367681+00:00,02:00:56,AAPL,156.0,20,YieldingYams,BrilliantBurritos,sell
2026-07-03T16:01:02.367681+00:00,02:00:56,SAP_DUAL,58.5,51,GroovyGrapefruits,InfiniteIcecreams,buy
2026-07-03T16:01:02.367681+00:00,02:00:56,ASML,118.5,20,WavyWalnuts,BrilliantBurritos,sell
2026-07-03T16:01:02.367681+00:00,02:00:56,ASML_202612_F,120.3,50,CapableCoyotes,DownrightDogfish,sell
2026-07-03T16:01:02.367681+00:00,02:00:56,ASML_202703_F,121.2,50,CapableCoyotes,DownrightDogfish,sell
2026-07-03T16:01:02.367681+00:00,02:00:56,TSLA,8.2,500,AverageAlmonds,YieldingYams,sell
2026-07-03T16:01:02.367681+00:00,02:00:56,TSLA,8.2,125,WavyWalnuts,YieldingYams,sell
2026-07-03T16:01:02.367681+00:00,02:00:56,ASML_202706_F,122.0,50,CapableCoyotes,DownrightDogfish,sell
2026-07-03T16:01:02.367681+00:00,02:00:56,OB5X_202612_080C,153.1,50,TactfulTangerines,VersatileVinegars,sell
2026-07-03T16:01:02.367681+00:00,02:00:56,OB5X_202703_F,227.5,51,OriginalOlives,QuirkyQuinoas,buy
2026-07-03T16:01:02.367681+00:00,02:00:56,ASML_DUAL,117.8,50,FlawlessFlatbreads,DiligentDonuts,buy
2026-07-03T16:01:02.367681+00:00,02:00:57,ASML_202612_075P,45.7,48,EssentialEagles,FortunateFerrets,buy
2026-07-03T16:01:02.367681+00:00,02:00:57,NVDA,59.4,200,WavyWalnuts,YieldingYams,sell
2026-07-03T16:01:02.367681+00:00,02:00:57,OB5X_202706_F,231.4,50,QuirkyQuinoas,RadiantRisottos,sell
2026-07-03T16:01:02.367681+00:00,02:00:57,OB5X_202703_F,227.0,50,QuirkyQuinoas,RadiantRisottos,sell
2026-07-03T16:01:02.367681+00:00,02:00:57,ASML_202612_F,120.3,100,CapableCoyotes,BoundlessBisons,sell
2026-07-03T16:01:02.367681+00:00,02:00:57,OB5X_202612_080C,153.0,57,ScholarlySpearmints,TactfulTangerines,buy
2026-07-03T16:01:02.367681+00:00,02:00:57,OB5X_ETF,55.2,246,KindlyKales,MarvelousMilkshakes,buy
2026-07-03T16:01:02.367681+00:00,02:00:57,OB5X_202612_F,224.4,50,QuirkyQuinoas,RadiantRisottos,sell
2026-07-03T16:01:02.367681+00:00,02:00:57,ASML_202703_F,121.2,57,CapableCoyotes,BoundlessBisons,sell
2026-07-03T16:01:02.367681+00:00,02:00:57,OB5X_202612_100P,16.6,46,VersatileVinegars,ScholarlySpearmints,sell
2026-07-03T16:01:02.367681+00:00,02:00:57,SAP_DUAL,58.3,50,InfiniteIcecreams,JazzyJellies,sell
2026-07-03T16:01:02.367681+00:00,02:00:57,ASML_202706_F,122.0,100,CapableCoyotes,BoundlessBisons,sell
2026-07-03T16:01:02.367681+00:00,02:00:57,TSLA,8.3,200,YieldingYams,WavyWalnuts,buy
2026-07-03T16:01:02.367681+00:00,02:00:57,TSLA,8.4,425,YieldingYams,AverageAlmonds,buy
2026-07-03T16:01:02.367681+00:00,02:00:58,OB5X_ETF,55.1,246,LivelyLasagnas,KindlyKales,sell
2026-07-03T16:01:02.367681+00:00,02:00:58,AAPL,156.2,200,WavyWalnuts,YieldingYams,sell
2026-07-03T16:01:04.062682+00:00,02:00:58,ASML_202612_050C,96.4,51,EssentialEagles,FortunateFerrets,buy
2026-07-03T16:01:04.062682+00:00,02:00:58,OB5X_202706_F,231.4,49,QuirkyQuinoas,OriginalOlives,sell
2026-07-03T16:01:04.062682+00:00,02:00:58,SAP_DUAL,58.3,55,InfiniteIcecreams,GroovyGrapefruits,sell
2026-07-03T16:01:04.062682+00:00,02:00:58,ASML_202612_F,119.7,54,AttentiveAntelopes,CapableCoyotes,buy
2026-07-03T16:01:04.062682+00:00,02:00:58,OB5X_ETF,55.2,205,KindlyKales,MarvelousMilkshakes,buy
2026-07-03T16:01:04.062682+00:00,02:00:58,OB5X_202612_F,224.4,100,QuirkyQuinoas,PowerfulPineapples,sell
2026-07-03T16:01:04.062682+00:00,02:00:58,ASML,118.6,20,BrilliantBurritos,YieldingYams,buy
2026-07-03T16:01:06.151681+00:00,02:00:58,ASML_DUAL,117.9,50,FlawlessFlatbreads,EarnestEspressos,buy
2026-07-03T16:01:06.151681+00:00,02:00:59,SAP_DUAL,58.3,45,InfiniteIcecreams,GroovyGrapefruits,sell
2026-07-03T16:01:06.151681+00:00,02:00:59,SAP_DUAL,58.1,8,HomelyHerrings,GroovyGrapefruits,sell
2026-07-03T16:01:06.151681+00:00,02:00:59,OB5X_202612_080C,151.8,50,VersatileVinegars,ScholarlySpearmints,sell
2026-07-03T16:01:06.151681+00:00,02:00:59,OB5X_202612_080C,151.8,2,TactfulTangerines,ScholarlySpearmints,sell
2026-07-03T16:01:06.151681+00:00,02:00:59,TSLA,8.3,20,BrilliantBurritos,WavyWalnuts,buy
2026-07-03T16:01:06.151681+00:00,02:00:59,AAPL,156.2,200,WavyWalnuts,YieldingYams,buy
2026-07-03T16:01:06.151681+00:00,02:00:59,SAP,56.9,200,YieldingYams,WavyWalnuts,buy
2026-07-03T16:01:06.151681+00:00,02:00:59,SAP,56.9,425,YieldingYams,AverageAlmonds,buy
2026-07-03T16:01:07.821682+00:00,02:00:59,NVDA,59.3,200,AverageAlmonds,WavyWalnuts,buy
2026-07-03T16:01:07.821682+00:00,02:00:59,SAP_DUAL,58.1,50,HomelyHerrings,JazzyJellies,sell
2026-07-03T16:01:07.821682+00:00,02:00:59,SAP,57.0,200,WavyWalnuts,YieldingYams,buy
2026-07-03T16:01:07.821682+00:00,02:00:59,ASML_202612_F,119.7,40,AttentiveAntelopes,CapableCoyotes,buy
2026-07-03T16:01:07.821682+00:00,02:00:59,OB5X_202706_F,231.5,41,OriginalOlives,PowerfulPineapples,buy
2026-07-03T16:01:07.821682+00:00,02:00:59,ASML_202703_F,120.5,43,AttentiveAntelopes,CapableCoyotes,buy
2026-07-03T16:01:07.821682+00:00,02:00:59,OB5X_ETF,55.0,500,MarvelousMilkshakes,NecessaryNutmegs,sell
2026-07-03T16:01:07.821682+00:00,02:01:00,ASML_202706_F,121.3,40,AttentiveAntelopes,CapableCoyotes,buy
2026-07-03T16:01:07.821682+00:00,02:01:00,ASML_202612_075C,89.7,54,FortunateFerrets,EssentialEagles,sell
2026-07-03T16:01:07.821682+00:00,02:01:00,ASML_202612_050P,26.8,39,Gourab Sharma,EssentialEagles,sell
2026-07-03T16:01:07.821682+00:00,02:01:00,NVDA,59.4,100,Gourab Sharma,WavyWalnuts,sell
2026-07-03T16:01:07.821682+00:00,02:01:00,TSLA,8.3,200,YieldingYams,WavyWalnuts,buy
2026-07-03T16:01:07.821682+00:00,02:01:00,ASML,118.6,200,YieldingYams,WavyWalnuts,buy
2026-07-03T16:01:07.821682+00:00,02:01:00,SAP_DUAL,58.2,54,GroovyGrapefruits,InfiniteIcecreams,buy
2026-07-03T16:01:07.821682+00:00,02:01:00,ASML_202612_F,119.7,56,BoundlessBisons,CapableCoyotes,buy
2026-07-03T16:01:07.821682+00:00,02:01:01,ASML_202703_F,120.5,100,BoundlessBisons,CapableCoyotes,buy
2026-07-03T16:01:07.821682+00:00,02:01:01,ASML_202612_F,120.6,50,DownrightDogfish,BoundlessBisons,buy
2026-07-03T16:01:07.821682+00:00,02:01:01,SAP,56.9,200,WavyWalnuts,YieldingYams,buy
2026-07-03T16:01:07.821682+00:00,02:01:01,ASML_DUAL,117.9,50,FlawlessFlatbreads,DiligentDonuts,buy
2026-07-03T16:01:07.821682+00:00,02:01:01,ASML_202612_050C,96.4,47,EssentialEagles,FortunateFerrets,buy
2026-07-03T16:01:07.821682+00:00,02:01:01,ASML_202703_F,120.5,7,DownrightDogfish,CapableCoyotes,buy
2026-07-03T16:01:07.821682+00:00,02:01:01,ASML_202703_F,121.4,43,DownrightDogfish,BoundlessBisons,buy
2026-07-03T16:01:07.821682+00:00,02:01:01,ASML_202706_F,121.3,100,BoundlessBisons,CapableCoyotes,buy
2026-07-03T16:01:07.821682+00:00,02:01:01,ASML_202706_F,121.3,10,DownrightDogfish,CapableCoyotes,buy
2026-07-03T16:01:07.821682+00:00,02:01:01,ASML_202706_F,122.3,40,DownrightDogfish,BoundlessBisons,buy
2026-07-03T16:01:07.821682+00:00,02:01:01,SAP_DUAL,58.2,52,GroovyGrapefruits,InfiniteIcecreams,buy
2026-07-03T16:01:07.821682+00:00,02:01:01,OB5X_202612_080C,153.0,43,ScholarlySpearmints,TactfulTangerines,buy
2026-07-03T16:01:07.821682+00:00,02:01:01,SAP,56.9,20,BrilliantBurritos,YieldingYams,buy
2026-07-03T16:01:07.821682+00:00,02:01:01,OB5X_202612_080C,153.2,12,ScholarlySpearmints,ScholarlySpearmints,sell
2026-07-03T16:01:07.821682+00:00,02:01:01,OB5X_202612_080C,151.8,35,TactfulTangerines,ScholarlySpearmints,sell
2026-07-03T16:01:07.821682+00:00,02:01:01,NVDA,59.4,200,WavyWalnuts,YieldingYams,buy
2026-07-03T16:01:07.821682+00:00,02:01:01,OB5X_202706_F,231.5,100,PowerfulPineapples,QuirkyQuinoas,buy
2026-07-03T16:01:07.821682+00:00,02:01:01,TSLA,8.3,200,WavyWalnuts,YieldingYams,sell
2026-07-03T16:01:07.821682+00:00,02:01:01,OB5X_202706_F,231.5,50,RadiantRisottos,QuirkyQuinoas,buy
2026-07-03T16:01:07.821682+00:00,02:01:01,SAP_DUAL,58.2,44,JazzyJellies,InfiniteIcecreams,buy
2026-07-03T16:01:07.821682+00:00,02:01:01,SAP,56.9,500,YieldingYams,AverageAlmonds,buy
2026-07-03T16:01:07.821682+00:00,02:01:02,OB5X_202703_F,227.1,50,RadiantRisottos,QuirkyQuinoas,buy
2026-07-03T16:01:07.821682+00:00,02:01:02,OB5X_202612_F,224.4,100,PowerfulPineapples,QuirkyQuinoas,buy
2026-07-03T16:01:07.821682+00:00,02:01:02,OB5X_202612_F,224.4,50,RadiantRisottos,QuirkyQuinoas,buy
2026-07-03T16:01:07.821682+00:00,02:01:02,TSLA,8.2,200,YieldingYams,WavyWalnuts,sell
2026-07-03T16:01:07.821682+00:00,02:01:02,SAP,57.0,200,WavyWalnuts,YieldingYams,buy
2026-07-03T16:01:07.821682+00:00,02:01:02,ASML_202612_050P,26.8,49,EssentialEagles,Gourab Sharma,buy
2026-07-03T16:01:11.546682+00:00,02:01:02,NVDA,59.4,200,YieldingYams,WavyWalnuts,sell
2026-07-03T16:01:11.546682+00:00,02:01:02,ASML,118.6,200,WavyWalnuts,YieldingYams,buy
2026-07-03T16:01:11.546682+00:00,02:01:03,OB5X_202703_F,227.1,56,OriginalOlives,QuirkyQuinoas,buy
2026-07-03T16:01:11.546682+00:00,02:01:03,OB5X_202612_100P,17.5,48,ScholarlySpearmints,TactfulTangerines,buy
2026-07-03T16:01:11.546682+00:00,02:01:03,ASML_DUAL,117.6,50,DiligentDonuts,FlawlessFlatbreads,sell
2026-07-03T16:01:11.546682+00:00,02:01:03,AAPL,156.1,200,WavyWalnuts,YieldingYams,sell
2026-07-03T16:01:11.546682+00:00,02:01:03,AAPL,156.0,20,BrilliantBurritos,YieldingYams,buy
2026-07-03T16:01:11.546682+00:00,02:01:03,ASML_202612_F,120.4,50,CapableCoyotes,DownrightDogfish,sell
2026-07-03T16:01:11.546682+00:00,02:01:03,TSLA,8.3,200,WavyWalnuts,YieldingYams,buy
2026-07-03T16:01:11.546682+00:00,02:01:03,SAP,56.9,200,WavyWalnuts,YieldingYams,buy
2026-07-03T16:01:11.546682+00:00,02:01:03,ASML_202703_F,121.3,50,CapableCoyotes,DownrightDogfish,sell
2026-07-03T16:01:11.546682+00:00,02:01:03,ASML_202706_F,122.1,50,CapableCoyotes,DownrightDogfish,sell
2026-07-03T16:01:11.546682+00:00,02:01:04,SAP_DUAL,58.4,50,InfiniteIcecreams,JazzyJellies,sell
2026-07-03T16:01:11.546682+00:00,02:01:04,SAP_DUAL,58.4,56,InfiniteIcecreams,GroovyGrapefruits,sell
2026-07-03T16:01:11.546682+00:00,02:01:04,AAPL,156.0,200,WavyWalnuts,YieldingYams,buy
2026-07-03T16:01:11.546682+00:00,02:01:04,OB5X_ETF,55.1,500,MarvelousMilkshakes,NecessaryNutmegs,sell
2026-07-03T16:01:11.546682+00:00,02:01:04,TSLA,8.2,500,AverageAlmonds,YieldingYams,sell
2026-07-03T16:01:11.546682+00:00,02:01:04,ASML_202703_F,121.3,100,CapableCoyotes,BoundlessBisons,sell
2026-07-03T16:01:11.546682+00:00,02:01:04,SAP_DUAL,58.6,41,GroovyGrapefruits,HomelyHerrings,buy
2026-07-03T16:01:11.546682+00:00,02:01:04,TSLA,8.2,125,AverageAlmonds,YieldingYams,buy
2026-07-03T16:01:11.546682+00:00,02:01:04,TSLA,8.4,200,WavyWalnuts,AverageAlmonds,buy
2026-07-03T16:01:11.546682+00:00,02:01:04,ASML_202706_F,122.1,100,CapableCoyotes,BoundlessBisons,sell
2026-07-03T16:01:11.546682+00:00,02:01:05,SAP_DUAL,58.4,44,InfiniteIcecreams,GroovyGrapefruits,sell
2026-07-03T16:01:11.546682+00:00,02:01:05,SAP_DUAL,58.1,9,HomelyHerrings,GroovyGrapefruits,sell
2026-07-03T16:01:11.546682+00:00,02:01:05,NVDA,59.3,200,AverageAlmonds,WavyWalnuts,buy
2026-07-03T16:01:11.546682+00:00,02:01:05,OB5X_202706_F,231.7,100,QuirkyQuinoas,PowerfulPineapples,sell
2026-07-03T16:01:11.546682+00:00,02:01:05,ASML_DUAL,118.1,50,FlawlessFlatbreads,EarnestEspressos,buy
2026-07-03T16:01:11.546682+00:00,02:01:05,OB5X_202703_F,227.3,100,QuirkyQuinoas,PowerfulPineapples,sell
2026-07-03T16:01:11.546682+00:00,02:01:05,OB5X_202612_F,224.7,100,QuirkyQuinoas,PowerfulPineapples,sell
2026-07-03T16:01:11.546682+00:00,02:01:05,ASML_202612_075C,89.7,50,GenerousGeckos,EssentialEagles,sell
2026-07-03T16:01:11.546682+00:00,02:01:05,ASML_202612_075C,89.6,1,FortunateFerrets,EssentialEagles,sell
2026-07-03T16:01:11.546682+00:00,02:01:05,ASML_202612_F,120.0,50,BoundlessBisons,DownrightDogfish,sell
2026-07-03T16:01:11.546682+00:00,02:01:05,ASML_202703_F,120.7,50,BoundlessBisons,DownrightDogfish,sell
2026-07-03T16:01:11.546682+00:00,02:01:05,OB5X_202612_100C,139.8,43,ScholarlySpearmints,VersatileVinegars,buy
2026-07-03T16:01:11.546682+00:00,02:01:05,SAP,57.0,200,YieldingYams,WavyWalnuts,buy
2026-07-03T16:01:11.546682+00:00,02:01:05,SAP,57.0,425,YieldingYams,AverageAlmonds,buy
2026-07-03T16:01:11.546682+00:00,02:01:05,SAP,57.0,75,WavyWalnuts,AverageAlmonds,buy
2026-07-03T16:01:11.546682+00:00,02:01:05,AAPL,156.0,200,WavyWalnuts,YieldingYams,sell
2026-07-03T16:01:11.546682+00:00,02:01:06,ASML_202706_F,121.6,50,BoundlessBisons,DownrightDogfish,sell
2026-07-03T16:01:11.546682+00:00,02:01:06,SAP_DUAL,58.6,50,JazzyJellies,HomelyHerrings,buy
2026-07-03T16:01:11.546682+00:00,02:01:06,OB5X_ETF,55.3,500,NecessaryNutmegs,MarvelousMilkshakes,buy
2026-07-03T16:01:11.546682+00:00,02:01:06,NVDA,59.3,200,WavyWalnuts,YieldingYams,sell
2026-07-03T16:01:11.546682+00:00,02:01:06,NVDA,59.2,425,AverageAlmonds,YieldingYams,sell
2026-07-03T16:01:11.546682+00:00,02:01:06,SAP,57.1,125,WavyWalnuts,AverageAlmonds,sell
2026-07-03T16:01:11.546682+00:00,02:01:06,AAPL,156.0,200,WavyWalnuts,YieldingYams,buy
2026-07-03T16:01:11.546682+00:00,02:01:06,OB5X_202612_F,224.7,50,QuirkyQuinoas,RadiantRisottos,sell
2026-07-03T16:01:11.546682+00:00,02:01:06,ASML_202612_100C,85.1,41,Gourab Sharma,EssentialEagles,sell
2026-07-03T16:01:11.546682+00:00,02:01:06,ASML_202612_075C,90.3,59,EssentialEagles,FortunateFerrets,buy
2026-07-03T16:01:11.546682+00:00,02:01:06,ASML_DUAL,118.1,41,CostlyCorianders,DiligentDonuts,buy
2026-07-03T16:01:11.546682+00:00,02:01:07,ASML_202612_050C,95.9,48,FortunateFerrets,EssentialEagles,sell
2026-07-03T16:01:11.546682+00:00,02:01:07,TSLA,8.3,100,YieldingYams,Gourab Sharma,buy
2026-07-03T16:01:11.546682+00:00,02:01:07,TSLA,8.3,200,YieldingYams,WavyWalnuts,buy
2026-07-03T16:01:11.546682+00:00,02:01:07,TSLA,8.4,200,WavyWalnuts,AverageAlmonds,buy
2026-07-03T16:01:11.546682+00:00,02:01:07,SAP,56.9,100,WavyWalnuts,Gourab Sharma,buy
2026-07-03T16:01:11.546682+00:00,02:01:07,SAP,57.1,100,WavyWalnuts,AverageAlmonds,buy
2026-07-03T16:01:11.546682+00:00,02:01:07,SAP_DUAL,58.5,46,GroovyGrapefruits,InfiniteIcecreams,buy
2026-07-03T16:01:11.546682+00:00,02:01:07,SAP,56.9,100,Gourab Sharma,YieldingYams,sell
2026-07-03T16:01:11.546682+00:00,02:01:07,SAP,56.7,500,AverageAlmonds,YieldingYams,sell
2026-07-03T16:01:11.546682+00:00,02:01:07,OB5X_ETF,55.1,233,LivelyLasagnas,KindlyKales,sell
2026-07-03T16:01:11.546682+00:00,02:01:07,ASML_DUAL,118.1,50,FlawlessFlatbreads,DiligentDonuts,buy
2026-07-03T16:01:13.629682+00:00,02:01:07,OB5X_202612_100P,17.3,44,ScholarlySpearmints,ScholarlySpearmints,sell
2026-07-03T16:01:13.629682+00:00,02:01:07,SAP,56.7,25,AverageAlmonds,YieldingYams,buy
