captured_at,time,ticker,price,volume,buyer,seller,aggressor
2026-07-03T19:23:16.170986+00:00,05:23:07,OB5X_ETF,54.2,500,MarvelousMilkshakes,NecessaryNutmegs,sell
2026-07-03T19:23:16.170986+00:00,05:23:07,NVDA,57.9,100,Gourab Sharma,WavyWalnuts,sell
2026-07-03T19:23:16.170986+00:00,05:23:07,NVDA,57.9,100,YieldingYams,WavyWalnuts,sell
2026-07-03T19:23:16.170986+00:00,05:23:08,OB5X_202612_080P,9.8,50,VersatileVinegars,ScholarlySpearmints,sell
2026-07-03T19:23:16.170986+00:00,05:23:08,OB5X_202612_080P,9.8,8,TactfulTangerines,ScholarlySpearmints,sell
2026-07-03T19:23:16.170986+00:00,05:23:08,ASML_202612_075P,46.2,47,EssentialEagles,GenerousGeckos,buy
2026-07-03T19:23:16.170986+00:00,05:23:08,ASML_202612_075C,85.3,45,FortunateFerrets,EssentialEagles,sell
2026-07-03T19:23:16.170986+00:00,05:23:08,AAPL,163.5,200,YieldingYams,WavyWalnuts,buy
2026-07-03T19:23:16.170986+00:00,05:23:08,OB5X_ETF,54.1,500,LivelyLasagnas,MarvelousMilkshakes,sell
2026-07-03T19:23:16.170986+00:00,05:23:08,TSLA,8.7,200,YieldingYams,WavyWalnuts,sell
2026-07-03T19:23:16.170986+00:00,05:23:08,SAP,58.8,200,WavyWalnuts,YieldingYams,buy
2026-07-03T19:23:16.170986+00:00,05:23:08,ASML,113.7,20,BrilliantBurritos,WavyWalnuts,buy
2026-07-03T19:23:16.170986+00:00,05:23:08,SAP,59.0,20,BrilliantBurritos,AverageAlmonds,buy
2026-07-03T19:23:16.170986+00:00,05:23:09,NVDA,57.9,200,YieldingYams,WavyWalnuts,sell
2026-07-03T19:23:16.170986+00:00,05:23:09,AAPL,163.6,200,YieldingYams,WavyWalnuts,sell
2026-07-03T19:23:16.170986+00:00,05:23:09,ASML,113.7,200,WavyWalnuts,YieldingYams,buy
2026-07-03T19:23:16.170986+00:00,05:23:09,ASML_202612_100C,80.8,41,EssentialEagles,Gourab Sharma,buy
2026-07-03T19:23:16.170986+00:00,05:23:09,ASML_202612_050P,27.3,40,EssentialEagles,Gourab Sharma,buy
2026-07-03T19:23:16.170986+00:00,05:23:09,ASML_202612_F,114.6,100,BoundlessBisons,CapableCoyotes,sell
2026-07-03T19:23:16.170986+00:00,05:23:09,OB5X_202706_F,227.9,100,QuirkyQuinoas,PowerfulPineapples,sell
2026-07-03T19:23:16.170986+00:00,05:23:09,ASML_DUAL,113.2,50,DiligentDonuts,FlawlessFlatbreads,sell
2026-07-03T19:23:16.170986+00:00,05:23:09,TSLA,8.7,500,AverageAlmonds,YieldingYams,sell
2026-07-03T19:23:16.170986+00:00,05:23:09,ASML_202703_F,115.5,100,BoundlessBisons,CapableCoyotes,sell
2026-07-03T19:23:16.170986+00:00,05:23:09,OB5X_202703_F,223.5,100,QuirkyQuinoas,PowerfulPineapples,sell
2026-07-03T19:23:16.170986+00:00,05:23:09,ASML_202706_F,116.3,100,BoundlessBisons,CapableCoyotes,sell
2026-07-03T19:23:16.170986+00:00,05:23:09,OB5X_202612_F,221.0,100,QuirkyQuinoas,PowerfulPineapples,sell
2026-07-03T19:23:16.170986+00:00,05:23:09,TSLA,8.7,125,AverageAlmonds,YieldingYams,buy
2026-07-03T19:23:16.170986+00:00,05:23:09,OB5X_202612_080P,10.6,43,ScholarlySpearmints,TactfulTangerines,buy
2026-07-03T19:23:16.170986+00:00,05:23:09,TSLA,8.7,200,AverageAlmonds,WavyWalnuts,sell
2026-07-03T19:23:16.170986+00:00,05:23:09,SAP_DUAL,59.5,50,HomelyHerrings,JazzyJellies,sell
2026-07-03T19:23:16.170986+00:00,05:23:10,TSLA,8.8,100,YieldingYams,Gourab Sharma,buy
2026-07-03T19:23:16.170986+00:00,05:23:10,TSLA,8.9,500,YieldingYams,AverageAlmonds,buy
2026-07-03T19:23:16.170986+00:00,05:23:10,SAP,58.9,20,WavyWalnuts,BrilliantBurritos,sell
2026-07-03T19:23:16.170986+00:00,05:23:10,TSLA,8.9,25,YieldingYams,AverageAlmonds,sell
2026-07-03T19:23:16.170986+00:00,05:23:10,TSLA,8.9,200,WavyWalnuts,AverageAlmonds,buy
2026-07-03T19:23:16.170986+00:00,05:23:10,OB5X_202612_120C,124.6,59,TactfulTangerines,ScholarlySpearmints,sell
2026-07-03T19:23:16.170986+00:00,05:23:11,ASML_202612_F,114.5,50,DownrightDogfish,CapableCoyotes,buy
2026-07-03T19:23:16.170986+00:00,05:23:11,ASML_202612_075C,86.0,57,EssentialEagles,FortunateFerrets,buy
2026-07-03T19:23:16.170986+00:00,05:23:11,ASML_202703_F,115.4,50,DownrightDogfish,CapableCoyotes,buy
2026-07-03T19:23:16.170986+00:00,05:23:11,OB5X_ETF,54.1,206,KindlyKales,MarvelousMilkshakes,buy
2026-07-03T19:23:16.170986+00:00,05:23:11,SAP,58.9,200,WavyWalnuts,YieldingYams,sell
2026-07-03T19:23:16.170986+00:00,05:23:11,ASML_202706_F,116.2,50,DownrightDogfish,CapableCoyotes,buy
2026-07-03T19:23:16.170986+00:00,05:23:11,OB5X_ETF,54.1,500,MarvelousMilkshakes,LivelyLasagnas,buy
2026-07-03T19:23:16.170986+00:00,05:23:11,ASML_DUAL,113.4,41,CostlyCorianders,EarnestEspressos,buy
2026-07-03T19:23:16.170986+00:00,05:23:11,AAPL,163.4,200,YieldingYams,WavyWalnuts,sell
2026-07-03T19:23:16.170986+00:00,05:23:11,OB5X_ETF,54.4,500,NecessaryNutmegs,MarvelousMilkshakes,buy
2026-07-03T19:23:16.170986+00:00,05:23:11,OB5X_202706_F,227.6,50,RadiantRisottos,QuirkyQuinoas,buy
2026-07-03T19:23:16.170986+00:00,05:23:11,OB5X_202703_F,223.2,50,RadiantRisottos,QuirkyQuinoas,buy
2026-07-03T19:23:16.170986+00:00,05:23:11,OB5X_202612_F,220.7,50,RadiantRisottos,QuirkyQuinoas,buy
2026-07-03T19:23:18.292983+00:00,05:23:12,TSLA,8.8,200,WavyWalnuts,YieldingYams,buy
2026-07-03T19:23:18.292983+00:00,05:23:12,ASML_202612_100P,65.7,45,EssentialEagles,Gourab Sharma,buy
2026-07-03T19:23:18.292983+00:00,05:23:12,OB5X_202612_F,220.7,47,OriginalOlives,QuirkyQuinoas,buy
2026-07-03T19:23:18.292983+00:00,05:23:12,OB5X_ETF,54.2,250,MarvelousMilkshakes,LivelyLasagnas,sell
2026-07-03T19:23:18.292983+00:00,05:23:12,SAP,58.9,200,YieldingYams,WavyWalnuts,buy
2026-07-03T19:23:18.292983+00:00,05:23:12,NVDA,57.9,200,WavyWalnuts,YieldingYams,sell
2026-07-03T19:23:18.292983+00:00,05:23:12,NVDA,57.8,425,AverageAlmonds,YieldingYams,sell
2026-07-03T19:23:18.292983+00:00,05:23:12,ASML_202612_F,114.6,100,CapableCoyotes,BoundlessBisons,buy
2026-07-03T19:23:18.292983+00:00,05:23:12,OB5X_202706_F,227.6,100,PowerfulPineapples,QuirkyQuinoas,buy
2026-07-03T19:23:19.954985+00:00,05:23:12,ASML_202703_F,115.5,100,CapableCoyotes,BoundlessBisons,buy
2026-07-03T19:23:19.954985+00:00,05:23:12,OB5X_202703_F,223.2,100,PowerfulPineapples,QuirkyQuinoas,buy
2026-07-03T19:23:19.954985+00:00,05:23:13,ASML_202706_F,116.3,100,CapableCoyotes,BoundlessBisons,buy
2026-07-03T19:23:19.954985+00:00,05:23:13,OB5X_202612_F,220.7,53,PowerfulPineapples,QuirkyQuinoas,buy
2026-07-03T19:23:19.954985+00:00,05:23:13,AAPL,163.4,20,AverageAlmonds,BrilliantBurritos,sell
2026-07-03T19:23:19.954985+00:00,05:23:13,OB5X_202612_120C,125.8,51,ScholarlySpearmints,TactfulTangerines,sell
2026-07-03T19:23:19.954985+00:00,05:23:13,SAP_DUAL,59.9,41,GroovyGrapefruits,HomelyHerrings,buy
2026-07-03T19:23:19.954985+00:00,05:23:13,TSLA,8.9,500,YieldingYams,AverageAlmonds,buy
2026-07-03T19:23:19.954985+00:00,05:23:13,ASML,113.7,200,YieldingYams,WavyWalnuts,buy
2026-07-03T19:23:19.954985+00:00,05:23:13,ASML_DUAL,113.4,3,Xuanyu Liu,EarnestEspressos,buy
2026-07-03T19:23:19.954985+00:00,05:23:13,ASML,113.7,3,YieldingYams,Xuanyu Liu,sell
2026-07-03T19:23:19.954985+00:00,05:23:13,ASML_DUAL,113.0,50,DiligentDonuts,FlawlessFlatbreads,sell
2026-07-03T19:23:19.954985+00:00,05:23:13,OB5X_202703_F,223.7,52,OriginalOlives,PowerfulPineapples,buy
2026-07-03T19:23:19.954985+00:00,05:23:13,OB5X_ETF,54.2,250,NecessaryNutmegs,LivelyLasagnas,buy
2026-07-03T19:23:19.954985+00:00,05:23:13,OB5X_ETF,54.4,250,NecessaryNutmegs,MarvelousMilkshakes,buy
2026-07-03T19:23:19.954985+00:00,05:23:13,ASML_202612_F,115.2,45,CapableCoyotes,AttentiveAntelopes,sell
2026-07-03T19:23:19.954985+00:00,05:23:13,SAP,58.9,200,WavyWalnuts,YieldingYams,sell
2026-07-03T19:23:19.954985+00:00,05:23:13,NVDA,57.9,200,YieldingYams,WavyWalnuts,buy
2026-07-03T19:23:19.954985+00:00,05:23:13,NVDA,58.0,100,YieldingYams,Gourab Sharma,buy
2026-07-03T19:23:19.954985+00:00,05:23:13,NVDA,58.2,325,YieldingYams,AverageAlmonds,buy
2026-07-03T19:23:19.954985+00:00,05:23:13,NVDA,58.1,20,BrilliantBurritos,Gourab Sharma,buy
2026-07-03T19:23:19.954985+00:00,05:23:13,TSLA,8.9,125,YieldingYams,AverageAlmonds,sell
2026-07-03T19:23:19.954985+00:00,05:23:13,TSLA,8.9,200,WavyWalnuts,AverageAlmonds,sell
2026-07-03T19:23:19.954985+00:00,05:23:13,AAPL,163.4,200,YieldingYams,WavyWalnuts,sell
2026-07-03T19:23:19.954985+00:00,05:23:14,ASML_DUAL,113.5,40,CostlyCorianders,DiligentDonuts,buy
2026-07-03T19:23:19.954985+00:00,05:23:14,SAP_DUAL,59.5,50,InfiniteIcecreams,JazzyJellies,sell
2026-07-03T19:23:19.954985+00:00,05:23:14,ASML_202612_075C,85.3,57,FortunateFerrets,EssentialEagles,sell
2026-07-03T19:23:19.954985+00:00,05:23:14,ASML_202612_100P,65.7,35,EssentialEagles,Gourab Sharma,buy
2026-07-03T19:23:19.954985+00:00,05:23:14,ASML_202612_100P,66.3,11,EssentialEagles,FortunateFerrets,buy
2026-07-03T19:23:19.954985+00:00,05:23:14,SAP,58.8,200,WavyWalnuts,YieldingYams,buy
2026-07-03T19:23:19.954985+00:00,05:23:14,TSLA,8.8,200,WavyWalnuts,YieldingYams,sell
2026-07-03T19:23:19.954985+00:00,05:23:14,TSLA,8.7,425,AverageAlmonds,YieldingYams,sell
2026-07-03T19:23:21.649983+00:00,05:23:15,AAPL,163.4,500,AverageAlmonds,YieldingYams,buy
2026-07-03T19:23:21.649983+00:00,05:23:15,ASML_202612_075C,85.9,47,EssentialEagles,GenerousGeckos,buy
2026-07-03T19:23:21.649983+00:00,05:23:15,ASML_202612_050C,91.3,45,FortunateFerrets,EssentialEagles,sell
2026-07-03T19:23:21.649983+00:00,05:23:15,OB5X_202612_080C,149.1,50,VersatileVinegars,ScholarlySpearmints,sell
2026-07-03T19:23:21.649983+00:00,05:23:15,SAP_DUAL,59.5,59,InfiniteIcecreams,GroovyGrapefruits,sell
2026-07-03T19:23:21.649983+00:00,05:23:15,OB5X_202612_100P,17.8,54,ScholarlySpearmints,TactfulTangerines,buy
2026-07-03T19:23:21.649983+00:00,05:23:15,ASML_202612_F,115.5,50,DownrightDogfish,BoundlessBisons,buy
2026-07-03T19:23:21.649983+00:00,05:23:15,AAPL,163.4,125,AverageAlmonds,YieldingYams,buy
2026-07-03T19:23:21.649983+00:00,05:23:15,AAPL,163.4,200,AverageAlmonds,WavyWalnuts,buy
2026-07-03T19:23:21.649983+00:00,05:23:15,TSLA,8.8,100,WavyWalnuts,Gourab Sharma,buy
2026-07-03T19:23:21.649983+00:00,05:23:15,SAP,58.9,200,WavyWalnuts,YieldingYams,buy
2026-07-03T19:23:21.649983+00:00,05:23:15,OB5X_ETF,54.3,500,NecessaryNutmegs,LivelyLasagnas,buy
2026-07-03T19:23:21.649983+00:00,05:23:15,ASML_DUAL,113.2,46,EarnestEspressos,CostlyCorianders,sell
2026-07-03T19:23:21.649983+00:00,05:23:15,ASML_202703_F,116.5,50,DownrightDogfish,BoundlessBisons,buy
2026-07-03T19:23:21.649983+00:00,05:23:15,ASML_202706_F,117.2,50,DownrightDogfish,BoundlessBisons,buy
2026-07-03T19:23:21.649983+00:00,05:23:16,SAP_DUAL,59.5,41,InfiniteIcecreams,GroovyGrapefruits,sell
2026-07-03T19:23:21.649983+00:00,05:23:16,SAP_DUAL,59.3,18,HomelyHerrings,GroovyGrapefruits,sell
2026-07-03T19:23:21.649983+00:00,05:23:16,ASML_202612_F,115.0,100,BoundlessBisons,CapableCoyotes,sell
2026-07-03T19:23:21.649983+00:00,05:23:16,ASML_202703_F,116.0,100,BoundlessBisons,CapableCoyotes,sell
2026-07-03T19:23:21.649983+00:00,05:23:16,OB5X_ETF,54.2,225,MarvelousMilkshakes,KindlyKales,sell
2026-07-03T19:23:21.649983+00:00,05:23:16,ASML_202612_100C,80.7,48,Gourab Sharma,EssentialEagles,sell
2026-07-03T19:23:21.649983+00:00,05:23:16,ASML_202706_F,116.7,100,BoundlessBisons,CapableCoyotes,sell
2026-07-03T19:23:21.649983+00:00,05:23:16,ASML_202612_100P,65.9,55,Gourab Sharma,EssentialEagles,sell
2026-07-03T19:23:21.649983+00:00,05:23:16,OB5X_202612_080C,149.7,41,ScholarlySpearmints,TactfulTangerines,buy
2026-07-03T19:23:21.649983+00:00,05:23:16,OB5X_202706_F,228.2,100,QuirkyQuinoas,PowerfulPineapples,buy
2026-07-03T19:23:21.649983+00:00,05:23:16,AAPL,163.5,20,BrilliantBurritos,WavyWalnuts,buy
2026-07-03T19:23:21.649983+00:00,05:23:16,OB5X_202703_F,223.8,100,QuirkyQuinoas,PowerfulPineapples,buy
2026-07-03T19:23:21.649983+00:00,05:23:16,OB5X_202612_100P,17.7,40,ScholarlySpearmints,VersatileVinegars,buy
2026-07-03T19:23:21.649983+00:00,05:23:16,ASML_202703_F,115.3,57,CapableCoyotes,AttentiveAntelopes,sell
2026-07-03T19:23:21.649983+00:00,05:23:16,OB5X_202612_100P,16.8,55,TactfulTangerines,ScholarlySpearmints,sell
2026-07-03T19:23:21.649983+00:00,05:23:16,TSLA,8.8,200,YieldingYams,WavyWalnuts,sell
2026-07-03T19:23:21.649983+00:00,05:23:16,OB5X_ETF,54.4,223,KindlyKales,MarvelousMilkshakes,buy
2026-07-03T19:23:21.649983+00:00,05:23:17,OB5X_202612_F,221.2,100,QuirkyQuinoas,PowerfulPineapples,buy
2026-07-03T19:23:21.649983+00:00,05:23:17,SAP_DUAL,59.3,82,HomelyHerrings,InfiniteIcecreams,sell
2026-07-03T19:23:21.649983+00:00,05:23:17,SAP_DUAL,59.2,25,Xuanyu Liu,InfiniteIcecreams,buy
2026-07-03T19:23:21.649983+00:00,05:23:17,SAP,58.7,25,YieldingYams,Xuanyu Liu,sell
2026-07-03T19:23:23.718984+00:00,05:23:17,AAPL,163.5,180,YieldingYams,WavyWalnuts,buy
2026-07-03T19:23:23.718984+00:00,05:23:17,OB5X_ETF,54.2,218,MarvelousMilkshakes,KindlyKales,sell
2026-07-03T19:23:23.718984+00:00,05:23:17,ASML_202612_100C,80.8,39,EssentialEagles,Gourab Sharma,buy
2026-07-03T19:23:23.718984+00:00,05:23:17,ASML_202612_100C,81.3,6,EssentialEagles,FortunateFerrets,buy
2026-07-03T19:23:23.718984+00:00,05:23:17,ASML_202612_075P,46.1,34,Gourab Sharma,EssentialEagles,sell
2026-07-03T19:23:23.718984+00:00,05:23:17,ASML_202612_075P,45.7,15,FortunateFerrets,EssentialEagles,sell
2026-07-03T19:23:23.718984+00:00,05:23:17,ASML_DUAL,113.5,50,FlawlessFlatbreads,DiligentDonuts,buy
2026-07-03T19:23:23.718984+00:00,05:23:17,SAP,58.8,200,YieldingYams,WavyWalnuts,buy
2026-07-03T19:23:23.718984+00:00,05:23:17,SAP_DUAL,59.2,9,Xuanyu Liu,InfiniteIcecreams,buy
2026-07-03T19:23:23.718984+00:00,05:23:17,SAP,58.8,9,YieldingYams,Xuanyu Liu,sell
2026-07-03T19:23:23.718984+00:00,05:23:17,SAP_DUAL,59.2,34,GroovyGrapefruits,InfiniteIcecreams,buy
2026-07-03T19:23:23.718984+00:00,05:23:17,SAP_DUAL,59.8,24,GroovyGrapefruits,HomelyHerrings,buy
2026-07-03T19:23:23.718984+00:00,05:23:18,OB5X_ETF,54.4,225,KindlyKales,MarvelousMilkshakes,buy
2026-07-03T19:23:25.407984+00:00,05:23:18,SAP,58.8,200,YieldingYams,WavyWalnuts,sell
2026-07-03T19:23:25.407984+00:00,05:23:18,ASML_202703_F,115.6,50,BoundlessBisons,DownrightDogfish,sell
2026-07-03T19:23:25.407984+00:00,05:23:18,SAP_DUAL,59.8,50,JazzyJellies,HomelyHerrings,buy
2026-07-03T19:23:25.407984+00:00,05:23:18,OB5X_202612_120P,25.2,43,TactfulTangerines,ScholarlySpearmints,sell
2026-07-03T19:23:25.407984+00:00,05:23:18,OB5X_202612_100C,135.8,41,ScholarlySpearmints,TactfulTangerines,buy
2026-07-03T19:23:25.407984+00:00,05:23:18,OB5X_202706_F,228.2,46,QuirkyQuinoas,OriginalOlives,sell
2026-07-03T19:23:25.407984+00:00,05:23:18,ASML,113.7,200,WavyWalnuts,YieldingYams,sell
2026-07-03T19:23:25.407984+00:00,05:23:18,OB5X_202706_F,228.2,4,QuirkyQuinoas,RadiantRisottos,sell
2026-07-03T19:23:25.407984+00:00,05:23:18,OB5X_202703_F,223.8,50,QuirkyQuinoas,RadiantRisottos,sell
2026-07-03T19:23:25.407984+00:00,05:23:18,OB5X_202612_F,221.2,50,QuirkyQuinoas,RadiantRisottos,sell
2026-07-03T19:23:25.407984+00:00,05:23:18,ASML_DUAL,113.5,40,CostlyCorianders,DiligentDonuts,buy
2026-07-03T19:23:25.407984+00:00,05:23:18,ASML_202612_075C,85.9,3,EssentialEagles,GenerousGeckos,buy
2026-07-03T19:23:25.407984+00:00,05:23:18,ASML_202612_075C,86.0,50,EssentialEagles,FortunateFerrets,buy
2026-07-03T19:23:25.407984+00:00,05:23:19,SAP,58.8,100,Gourab Sharma,YieldingYams,buy
2026-07-03T19:23:25.407984+00:00,05:23:19,NVDA,58.1,20,BrilliantBurritos,Gourab Sharma,buy
2026-07-03T19:23:25.407984+00:00,05:23:19,SAP,58.8,200,WavyWalnuts,YieldingYams,buy
2026-07-03T19:23:25.407984+00:00,05:23:19,TSLA,8.8,200,YieldingYams,WavyWalnuts,sell
2026-07-03T19:23:25.407984+00:00,05:23:19,ASML_DUAL,113.3,48,DiligentDonuts,CostlyCorianders,sell
2026-07-03T19:23:25.407984+00:00,05:23:19,SAP_DUAL,59.7,43,GroovyGrapefruits,HomelyHerrings,buy
2026-07-03T19:23:29.301985+00:00,05:23:19,SAP_DUAL,59.2,1,HomelyHerrings,Xuanyu Liu,sell
2026-07-03T19:23:29.301985+00:00,05:23:19,SAP,58.8,1,Xuanyu Liu,YieldingYams,buy
2026-07-03T19:23:29.301985+00:00,05:23:19,ASML_DUAL,113.5,50,FlawlessFlatbreads,EarnestEspressos,buy
2026-07-03T19:23:29.301985+00:00,05:23:19,TSLA,8.7,500,AverageAlmonds,YieldingYams,sell
2026-07-03T19:23:29.301985+00:00,05:23:19,TSLA,8.7,125,WavyWalnuts,YieldingYams,sell
2026-07-03T19:23:29.301985+00:00,05:23:20,ASML,113.7,200,YieldingYams,WavyWalnuts,sell
2026-07-03T19:23:29.301985+00:00,05:23:20,OB5X_ETF,54.3,500,LivelyLasagnas,NecessaryNutmegs,sell
2026-07-03T19:23:29.301985+00:00,05:23:20,SAP_DUAL,59.2,54,HomelyHerrings,GroovyGrapefruits,sell
2026-07-03T19:23:29.301985+00:00,05:23:20,OB5X_202703_F,224.2,54,OriginalOlives,PowerfulPineapples,buy
2026-07-03T19:23:29.301985+00:00,05:23:20,SAP_DUAL,59.3,8,InfiniteIcecreams,Xuanyu Liu,sell
2026-07-03T19:23:29.301985+00:00,05:23:20,SAP,58.8,8,Xuanyu Liu,YieldingYams,buy
2026-07-03T19:23:29.301985+00:00,05:23:20,ASML_202612_050C,91.3,53,FortunateFerrets,EssentialEagles,sell
2026-07-03T19:23:29.301985+00:00,05:23:20,OB5X_202612_F,221.6,42,OriginalOlives,PowerfulPineapples,buy
2026-07-03T19:23:29.301985+00:00,05:23:20,OB5X_202612_F,221.1,40,PowerfulPineapples,OriginalOlives,sell
2026-07-03T19:23:29.301985+00:00,05:23:20,SAP,58.9,100,YieldingYams,Gourab Sharma,buy
2026-07-03T19:23:29.301985+00:00,05:23:20,ASML_202612_F,114.9,50,CapableCoyotes,DownrightDogfish,sell
2026-07-03T19:23:29.301985+00:00,05:23:20,ASML_DUAL,113.7,43,CostlyCorianders,EarnestEspressos,buy
2026-07-03T19:23:29.301985+00:00,05:23:20,ASML,113.9,20,BrilliantBurritos,AverageAlmonds,buy
2026-07-03T19:23:29.301985+00:00,05:23:20,ASML_202703_F,115.8,50,CapableCoyotes,DownrightDogfish,sell
2026-07-03T19:23:29.301985+00:00,05:23:20,SAP,58.9,200,YieldingYams,WavyWalnuts,sell
2026-07-03T19:23:29.301985+00:00,05:23:20,TSLA,8.8,200,AverageAlmonds,WavyWalnuts,sell
2026-07-03T19:23:29.301985+00:00,05:23:20,ASML_202706_F,116.6,50,CapableCoyotes,DownrightDogfish,sell
2026-07-03T19:23:29.301985+00:00,05:23:21,ASML_DUAL,113.7,42,CostlyCorianders,EarnestEspressos,buy
2026-07-03T19:23:29.301985+00:00,05:23:21,ASML_202612_050P,27.2,26,Gourab Sharma,EssentialEagles,sell
2026-07-03T19:23:29.301985+00:00,05:23:21,ASML_202612_050P,26.9,14,FortunateFerrets,EssentialEagles,sell
2026-07-03T19:23:29.301985+00:00,05:23:21,TSLA,8.8,300,AverageAlmonds,YieldingYams,sell
2026-07-03T19:23:29.301985+00:00,05:23:21,TSLA,8.7,200,WavyWalnuts,YieldingYams,sell
2026-07-03T19:23:29.301985+00:00,05:23:21,TSLA,8.7,125,AverageAlmonds,YieldingYams,buy
2026-07-03T19:23:29.301985+00:00,05:23:21,ASML,113.6,200,WavyWalnuts,YieldingYams,sell
2026-07-03T19:23:29.301985+00:00,05:23:21,TSLA,8.8,200,AverageAlmonds,WavyWalnuts,sell
2026-07-03T19:23:29.301985+00:00,05:23:21,SAP,58.7,200,YieldingYams,WavyWalnuts,sell
2026-07-03T19:23:29.301985+00:00,05:23:21,ASML_DUAL,113.7,50,FlawlessFlatbreads,EarnestEspressos,buy
2026-07-03T19:23:29.301985+00:00,05:23:22,ASML_DUAL,113.3,49,DiligentDonuts,CostlyCorianders,sell
2026-07-03T19:23:29.301985+00:00,05:23:22,ASML_DUAL,113.3,100,EarnestEspressos,DiligentDonuts,sell
2026-07-03T19:23:29.301985+00:00,05:23:22,TSLA,8.9,500,YieldingYams,AverageAlmonds,buy
2026-07-03T19:23:29.301985+00:00,05:23:22,SAP_DUAL,59.7,50,JazzyJellies,HomelyHerrings,buy
2026-07-03T19:23:29.301985+00:00,05:23:22,ASML_202703_F,115.8,51,CapableCoyotes,AttentiveAntelopes,sell
2026-07-03T19:23:29.301985+00:00,05:23:22,ASML_DUAL,113.7,15,CostlyCorianders,EarnestEspressos,buy
2026-07-03T19:23:29.301985+00:00,05:23:22,OB5X_202612_120C,124.6,50,VersatileVinegars,ScholarlySpearmints,sell
2026-07-03T19:23:29.301985+00:00,05:23:22,OB5X_202612_120C,124.3,6,TactfulTangerines,ScholarlySpearmints,sell
2026-07-03T19:23:34.367984+00:00,05:23:22,OB5X_202612_100C,135.3,50,VersatileVinegars,ScholarlySpearmints,sell
2026-07-03T19:23:34.367984+00:00,05:23:23,TSLA,8.9,125,YieldingYams,AverageAlmonds,sell
2026-07-03T19:23:34.367984+00:00,05:23:23,TSLA,8.8,200,AverageAlmonds,WavyWalnuts,sell
2026-07-03T19:23:34.367984+00:00,05:23:23,SAP,58.7,200,YieldingYams,WavyWalnuts,sell
2026-07-03T19:23:34.367984+00:00,05:23:23,SAP,58.7,100,Gourab Sharma,YieldingYams,sell
2026-07-03T19:23:34.367984+00:00,05:23:23,SAP_DUAL,59.3,9,InfiniteIcecreams,Xuanyu Liu,sell
2026-07-03T19:23:34.367984+00:00,05:23:23,SAP,58.7,9,Xuanyu Liu,YieldingYams,buy
2026-07-03T19:23:34.367984+00:00,05:23:23,ASML_202612_100C,81.1,44,EssentialEagles,Gourab Sharma,buy
2026-07-03T19:23:34.367984+00:00,05:23:23,ASML_202612_050P,27.2,59,EssentialEagles,Gourab Sharma,buy
2026-07-03T19:23:34.367984+00:00,05:23:23,OB5X_202706_F,228.1,44,PowerfulPineapples,OriginalOlives,sell
2026-07-03T19:23:34.367984+00:00,05:23:23,OB5X_202703_F,223.7,41,PowerfulPineapples,OriginalOlives,sell
2026-07-03T19:23:34.367984+00:00,05:23:23,OB5X_ETF,54.3,247,MarvelousMilkshakes,KindlyKales,sell
2026-07-03T19:23:34.367984+00:00,05:23:23,OB5X_202612_F,221.1,47,PowerfulPineapples,OriginalOlives,sell
2026-07-03T19:23:34.367984+00:00,05:23:23,AAPL,163.5,200,WavyWalnuts,YieldingYams,buy
2026-07-03T19:23:34.367984+00:00,05:23:23,NVDA,58.0,200,YieldingYams,WavyWalnuts,sell
2026-07-03T19:23:34.367984+00:00,05:23:23,OB5X_202706_F,228.1,56,PowerfulPineapples,QuirkyQuinoas,sell
2026-07-03T19:23:34.367984+00:00,05:23:23,TSLA,8.8,500,AverageAlmonds,YieldingYams,sell
2026-07-03T19:23:34.367984+00:00,05:23:23,TSLA,8.7,100,Gourab Sharma,YieldingYams,sell
2026-07-03T19:23:34.367984+00:00,05:23:23,TSLA,8.6,25,WavyWalnuts,YieldingYams,sell
2026-07-03T19:23:34.367984+00:00,05:23:23,OB5X_202703_F,223.7,59,PowerfulPineapples,QuirkyQuinoas,sell
2026-07-03T19:23:34.367984+00:00,05:23:23,ASML,113.7,20,BrilliantBurritos,AverageAlmonds,buy
2026-07-03T19:23:34.367984+00:00,05:23:23,TSLA,8.8,20,BrilliantBurritos,Gourab Sharma,buy
2026-07-03T19:23:34.367984+00:00,05:23:24,ASML_DUAL,113.2,45,EarnestEspressos,CostlyCorianders,sell
2026-07-03T19:23:34.367984+00:00,05:23:24,ASML_DUAL,113.7,50,FlawlessFlatbreads,EarnestEspressos,buy
2026-07-03T19:23:34.367984+00:00,05:23:24,OB5X_202612_080C,149.3,41,VersatileVinegars,ScholarlySpearmints,sell
2026-07-03T19:23:34.367984+00:00,05:23:24,TSLA,8.8,80,AverageAlmonds,Gourab Sharma,buy
2026-07-03T19:23:34.367984+00:00,05:23:24,AAPL,163.7,20,BrilliantBurritos,WavyWalnuts,buy
2026-07-03T19:23:34.367984+00:00,05:23:24,TSLA,8.8,200,AverageAlmonds,WavyWalnuts,sell
2026-07-03T19:23:34.367984+00:00,05:23:24,ASML_202612_F,114.4,46,CapableCoyotes,AttentiveAntelopes,sell
2026-07-03T19:23:34.367984+00:00,05:23:24,OB5X_ETF,54.2,500,LivelyLasagnas,NecessaryNutmegs,sell
2026-07-03T19:23:34.367984+00:00,05:23:24,OB5X_202612_100C,136.5,50,ScholarlySpearmints,VersatileVinegars,buy
2026-07-03T19:23:34.367984+00:00,05:23:24,ASML_202612_050P,27.1,59,Gourab Sharma,EssentialEagles,sell
2026-07-03T19:23:34.367984+00:00,05:23:24,SAP_DUAL,59.2,50,HomelyHerrings,JazzyJellies,sell
2026-07-03T19:23:34.367984+00:00,05:23:24,SAP,58.7,200,AverageAlmonds,WavyWalnuts,buy
2026-07-03T19:23:34.367984+00:00,05:23:24,ASML,113.7,200,WavyWalnuts,YieldingYams,buy
2026-07-03T19:23:34.367984+00:00,05:23:25,ASML_202612_F,114.8,50,DownrightDogfish,BoundlessBisons,buy
2026-07-03T19:23:34.367984+00:00,05:23:25,ASML_202703_F,115.7,50,DownrightDogfish,CapableCoyotes,buy
2026-07-03T19:23:34.367984+00:00,05:23:25,ASML_DUAL,113.7,43,CostlyCorianders,EarnestEspressos,buy
2026-07-03T19:23:34.367984+00:00,05:23:25,ASML_202706_F,116.5,50,DownrightDogfish,BoundlessBisons,buy
2026-07-03T19:23:34.367984+00:00,05:23:25,OB5X_202612_120C,125.9,49,ScholarlySpearmints,TactfulTangerines,buy
2026-07-03T19:23:34.367984+00:00,05:23:25,ASML_DUAL,113.3,48,DiligentDonuts,CostlyCorianders,sell
2026-07-03T19:23:34.367984+00:00,05:23:25,OB5X_202612_100C,136.3,40,ScholarlySpearmints,TactfulTangerines,buy
2026-07-03T19:23:34.367984+00:00,05:23:26,SAP,58.8,200,AverageAlmonds,WavyWalnuts,buy
2026-07-03T19:23:34.367984+00:00,05:23:26,SAP,58.8,300,AverageAlmonds,YieldingYams,buy
2026-07-03T19:23:34.367984+00:00,05:23:26,ASML_DUAL,113.7,50,FlawlessFlatbreads,EarnestEspressos,buy
2026-07-03T19:23:34.367984+00:00,05:23:26,OB5X_ETF,54.3,500,NecessaryNutmegs,MarvelousMilkshakes,buy
2026-07-03T19:23:34.367984+00:00,05:23:26,TSLA,8.9,200,YieldingYams,WavyWalnuts,buy
2026-07-03T19:23:34.367984+00:00,05:23:26,TSLA,8.9,425,YieldingYams,AverageAlmonds,buy
2026-07-03T19:23:34.367984+00:00,05:23:26,ASML_202612_075P,46.1,55,EssentialEagles,Gourab Sharma,buy
2026-07-03T19:23:34.367984+00:00,05:23:26,ASML_DUAL,113.8,100,EarnestEspressos,DiligentDonuts,buy
2026-07-03T19:23:34.367984+00:00,05:23:26,ASML_DUAL,113.8,3,EarnestEspressos,Xuanyu Liu,sell
2026-07-03T19:23:34.367984+00:00,05:23:26,ASML,113.9,3,Xuanyu Liu,WavyWalnuts,buy
2026-07-03T19:23:34.367984+00:00,05:23:26,OB5X_202706_F,228.1,94,PowerfulPineapples,QuirkyQuinoas,buy
2026-07-03T19:23:34.367984+00:00,05:23:26,SAP_DUAL,59.7,50,JazzyJellies,HomelyHerrings,buy
2026-07-03T19:23:34.367984+00:00,05:23:26,OB5X_202703_F,223.7,91,PowerfulPineapples,QuirkyQuinoas,buy
2026-07-03T19:23:34.367984+00:00,05:23:26,ASML_DUAL,114.3,49,CostlyCorianders,EarnestEspressos,buy
2026-07-03T19:23:34.367984+00:00,05:23:26,NVDA,58.0,200,WavyWalnuts,YieldingYams,sell
2026-07-03T19:23:34.367984+00:00,05:23:27,OB5X_202612_F,221.2,100,PowerfulPineapples,QuirkyQuinoas,buy
2026-07-03T19:23:34.367984+00:00,05:23:27,OB5X_202612_120C,124.6,58,TactfulTangerines,ScholarlySpearmints,sell
2026-07-03T19:23:34.367984+00:00,05:23:27,ASML,113.8,500,YieldingYams,AverageAlmonds,sell
2026-07-03T19:23:34.367984+00:00,05:23:27,OB5X_ETF,54.3,500,MarvelousMilkshakes,LivelyLasagnas,buy
2026-07-03T19:23:34.367984+00:00,05:23:27,NVDA,58.0,200,WavyWalnuts,YieldingYams,buy
2026-07-03T19:23:34.367984+00:00,05:23:27,OB5X_202612_100C,135.2,50,TactfulTangerines,ScholarlySpearmints,sell
2026-07-03T19:23:34.367984+00:00,05:23:27,ASML_202612_F,114.8,50,DownrightDogfish,BoundlessBisons,buy
2026-07-03T19:23:34.367984+00:00,05:23:27,OB5X_202612_100P,17.7,50,ScholarlySpearmints,VersatileVinegars,buy
2026-07-03T19:23:34.367984+00:00,05:23:27,OB5X_202612_100P,17.7,3,ScholarlySpearmints,TactfulTangerines,buy
2026-07-03T19:23:34.367984+00:00,05:23:27,ASML_202703_F,115.8,50,DownrightDogfish,BoundlessBisons,buy
2026-07-03T19:23:34.367984+00:00,05:23:27,ASML_202706_F,116.5,50,DownrightDogfish,BoundlessBisons,buy
2026-07-03T19:23:34.367984+00:00,05:23:27,ASML_202612_F,115.1,100,BoundlessBisons,CapableCoyotes,buy
2026-07-03T19:23:34.367984+00:00,05:23:27,OB5X_202612_F,221.0,48,QuirkyQuinoas,OriginalOlives,sell
2026-07-03T19:23:34.367984+00:00,05:23:27,SAP_DUAL,59.7,50,GroovyGrapefruits,HomelyHerrings,buy
2026-07-03T19:23:34.367984+00:00,05:23:27,SAP_DUAL,59.7,4,GroovyGrapefruits,InfiniteIcecreams,buy
2026-07-03T19:23:34.367984+00:00,05:23:27,ASML_202703_F,116.0,100,BoundlessBisons,CapableCoyotes,buy
2026-07-03T19:23:34.367984+00:00,05:23:27,ASML_202612_075P,45.9,50,Gourab Sharma,EssentialEagles,sell
2026-07-03T19:23:34.367984+00:00,05:23:27,TSLA,8.7,100,Gourab Sharma,YieldingYams,sell
2026-07-03T19:23:34.367984+00:00,05:23:27,TSLA,8.7,200,WavyWalnuts,YieldingYams,sell
2026-07-03T19:23:34.367984+00:00,05:23:27,TSLA,8.7,325,AverageAlmonds,YieldingYams,sell
2026-07-03T19:23:34.367984+00:00,05:23:27,ASML,113.7,200,WavyWalnuts,YieldingYams,sell
2026-07-03T19:23:34.367984+00:00,05:23:27,ASML_DUAL,113.8,14,EarnestEspressos,Xuanyu Liu,sell
2026-07-03T19:23:34.367984+00:00,05:23:27,TSLA,8.7,200,AverageAlmonds,WavyWalnuts,sell
2026-07-03T19:23:34.367984+00:00,05:23:27,ASML,113.6,14,Xuanyu Liu,YieldingYams,buy
2026-07-03T19:23:34.367984+00:00,05:23:27,TSLA,8.7,100,AverageAlmonds,Gourab Sharma,sell
2026-07-03T19:23:34.367984+00:00,05:23:27,OB5X_202706_F,228.2,6,PowerfulPineapples,RadiantRisottos,sell
2026-07-03T19:23:34.367984+00:00,05:23:27,OB5X_202706_F,228.0,44,QuirkyQuinoas,RadiantRisottos,sell
2026-07-03T19:23:34.367984+00:00,05:23:27,AAPL,163.4,200,WavyWalnuts,YieldingYams,sell
2026-07-03T19:23:34.367984+00:00,05:23:27,AAPL,163.4,425,AverageAlmonds,YieldingYams,sell
2026-07-03T19:23:34.367984+00:00,05:23:28,OB5X_202703_F,223.8,9,PowerfulPineapples,RadiantRisottos,sell
2026-07-03T19:23:34.367984+00:00,05:23:28,OB5X_202703_F,223.6,41,QuirkyQuinoas,RadiantRisottos,sell
2026-07-03T19:23:34.367984+00:00,05:23:28,OB5X_202612_F,221.0,50,QuirkyQuinoas,RadiantRisottos,sell
2026-07-03T19:23:34.367984+00:00,05:23:28,SAP,58.8,200,YieldingYams,WavyWalnuts,buy
2026-07-03T19:23:34.367984+00:00,05:23:28,ASML_DUAL,114.3,50,FlawlessFlatbreads,EarnestEspressos,buy
2026-07-03T19:23:34.367984+00:00,05:23:28,OB5X_ETF,54.3,250,MarvelousMilkshakes,LivelyLasagnas,sell
2026-07-03T19:23:34.367984+00:00,05:23:28,OB5X_ETF,54.3,250,NecessaryNutmegs,LivelyLasagnas,buy
2026-07-03T19:23:34.367984+00:00,05:23:28,OB5X_ETF,54.5,250,NecessaryNutmegs,MarvelousMilkshakes,buy
2026-07-03T19:23:34.367984+00:00,05:23:28,ASML,113.6,200,WavyWalnuts,YieldingYams,buy
2026-07-03T19:23:34.367984+00:00,05:23:28,ASML_202612_075P,46.1,25,EssentialEagles,Gourab Sharma,buy
2026-07-03T19:23:34.367984+00:00,05:23:28,SAP_DUAL,59.6,10,HomelyHerrings,Xuanyu Liu,sell
2026-07-03T19:23:34.367984+00:00,05:23:28,SAP,58.9,10,Xuanyu Liu,Gourab Sharma,buy
2026-07-03T19:23:34.367984+00:00,05:23:28,ASML_DUAL,113.8,33,EarnestEspressos,DiligentDonuts,sell
2026-07-03T19:23:34.367984+00:00,05:23:28,ASML_202612_100P,65.9,25,Gourab Sharma,EssentialEagles,sell
2026-07-03T19:23:34.367984+00:00,05:23:28,ASML_202612_100P,65.6,30,FortunateFerrets,EssentialEagles,sell
2026-07-03T19:23:34.367984+00:00,05:23:28,OB5X_202612_120P,25.1,41,TactfulTangerines,ScholarlySpearmints,sell
2026-07-03T19:23:34.367984+00:00,05:23:28,SAP_DUAL,59.7,50,JazzyJellies,InfiniteIcecreams,buy
2026-07-03T19:23:34.367984+00:00,05:23:29,OB5X_202612_F,221.0,44,QuirkyQuinoas,OriginalOlives,sell
2026-07-03T19:23:34.367984+00:00,05:23:29,SAP,58.9,90,WavyWalnuts,Gourab Sharma,buy
2026-07-03T19:23:34.367984+00:00,05:23:29,SAP,58.9,110,WavyWalnuts,YieldingYams,buy
2026-07-03T19:23:34.367984+00:00,05:23:29,ASML_DUAL,113.8,11,Xuanyu Liu,DiligentDonuts,buy
2026-07-03T19:23:34.367984+00:00,05:23:29,ASML,113.7,11,YieldingYams,Xuanyu Liu,sell
2026-07-03T19:23:34.367984+00:00,05:23:29,AAPL,163.6,200,YieldingYams,WavyWalnuts,buy
2026-07-03T19:23:34.367984+00:00,05:23:29,SAP,58.9,20,BrilliantBurritos,YieldingYams,buy
2026-07-03T19:23:34.367984+00:00,05:23:29,NVDA,58.1,60,YieldingYams,Gourab Sharma,buy
2026-07-03T19:23:34.367984+00:00,05:23:29,NVDA,58.1,500,YieldingYams,AverageAlmonds,buy
2026-07-03T19:23:34.367984+00:00,05:23:29,NVDA,58.1,65,YieldingYams,AverageAlmonds,sell
2026-07-03T19:23:34.367984+00:00,05:23:29,SAP_DUAL,59.6,42,HomelyHerrings,GroovyGrapefruits,sell
2026-07-03T19:23:34.367984+00:00,05:23:29,ASML_202612_F,114.6,50,CapableCoyotes,DownrightDogfish,sell
2026-07-03T19:23:34.367984+00:00,05:23:29,AAPL,163.7,200,YieldingYams,WavyWalnuts,sell
2026-07-03T19:23:34.367984+00:00,05:23:29,ASML,113.7,200,YieldingYams,WavyWalnuts,sell
2026-07-03T19:23:34.367984+00:00,05:23:29,ASML_202703_F,115.5,50,CapableCoyotes,DownrightDogfish,sell
2026-07-03T19:23:34.367984+00:00,05:23:29,ASML_202706_F,116.7,50,BoundlessBisons,DownrightDogfish,sell
2026-07-03T19:23:34.367984+00:00,05:23:29,ASML_202612_050C,91.2,50,GenerousGeckos,EssentialEagles,sell
2026-07-03T19:23:34.367984+00:00,05:23:29,ASML_202612_050C,91.1,5,FortunateFerrets,EssentialEagles,sell
2026-07-03T19:23:34.367984+00:00,05:23:30,SAP_DUAL,60.0,55,GroovyGrapefruits,InfiniteIcecreams,buy
2026-07-03T19:23:34.367984+00:00,05:23:30,TSLA,8.7,500,AverageAlmonds,YieldingYams,sell
2026-07-03T19:23:34.367984+00:00,05:23:30,TSLA,8.7,125,WavyWalnuts,YieldingYams,sell
2026-07-03T19:23:34.367984+00:00,05:23:30,ASML_DUAL,113.8,50,FlawlessFlatbreads,DiligentDonuts,buy
2026-07-03T19:23:36.465984+00:00,05:23:30,OB5X_ETF,54.4,80,NecessaryNutmegs,Gourab Sharma,buy
2026-07-03T19:23:36.465984+00:00,05:23:30,OB5X_ETF,54.4,420,NecessaryNutmegs,MarvelousMilkshakes,buy
2026-07-03T19:23:36.465984+00:00,05:23:30,ASML_DUAL,113.8,6,CostlyCorianders,DiligentDonuts,buy
2026-07-03T19:23:36.465984+00:00,05:23:30,NVDA,58.0,200,WavyWalnuts,YieldingYams,sell
2026-07-03T19:23:36.465984+00:00,05:23:30,NVDA,57.9,100,Gourab Sharma,YieldingYams,sell
2026-07-03T19:23:36.465984+00:00,05:23:30,NVDA,57.8,325,AverageAlmonds,YieldingYams,sell
2026-07-03T19:23:36.465984+00:00,05:23:30,ASML,113.6,200,YieldingYams,WavyWalnuts,sell
2026-07-03T19:23:36.465984+00:00,05:23:30,SAP_DUAL,60.0,50,JazzyJellies,InfiniteIcecreams,buy
2026-07-03T19:23:36.465984+00:00,05:23:31,ASML_202612_F,114.9,50,AttentiveAntelopes,BoundlessBisons,buy
2026-07-03T19:23:36.465984+00:00,05:23:31,SAP_DUAL,59.6,9,HomelyHerrings,Xuanyu Liu,sell
2026-07-03T19:23:36.465984+00:00,05:23:31,SAP,58.8,9,Xuanyu Liu,WavyWalnuts,buy
2026-07-03T19:23:36.465984+00:00,05:23:31,ASML_202703_F,115.8,55,AttentiveAntelopes,BoundlessBisons,buy
2026-07-03T19:23:36.465984+00:00,05:23:31,TSLA,8.8,200,YieldingYams,WavyWalnuts,buy
2026-07-03T19:23:36.465984+00:00,05:23:31,TSLA,8.9,425,YieldingYams,AverageAlmonds,buy
2026-07-03T19:23:36.465984+00:00,05:23:31,OB5X_ETF,54.4,214,KindlyKales,MarvelousMilkshakes,buy
2026-07-03T19:23:36.465984+00:00,05:23:31,OB5X_ETF,54.3,233,LivelyLasagnas,KindlyKales,sell
2026-07-03T19:23:36.465984+00:00,05:23:31,OB5X_202612_120P,26.4,50,ScholarlySpearmints,VersatileVinegars,buy
2026-07-03T19:23:36.465984+00:00,05:23:31,NVDA,58.0,20,WavyWalnuts,BrilliantBurritos,sell
2026-07-03T19:23:36.465984+00:00,05:23:31,SAP_DUAL,59.5,57,InfiniteIcecreams,GroovyGrapefruits,sell
2026-07-03T19:23:36.465984+00:00,05:23:31,AAPL,163.7,20,BrilliantBurritos,YieldingYams,buy
2026-07-03T19:23:36.465984+00:00,05:23:32,ASML_202612_100C,81.1,36,EssentialEagles,Gourab Sharma,buy
2026-07-03T19:23:36.465984+00:00,05:23:32,ASML_202612_100C,81.4,19,EssentialEagles,GenerousGeckos,buy
2026-07-03T19:23:38.147985+00:00,05:23:32,OB5X_ETF,54.4,116,KindlyKales,MarvelousMilkshakes,buy
2026-07-03T19:23:38.147985+00:00,05:23:32,ASML_DUAL,113.7,40,DiligentDonuts,CostlyCorianders,sell
2026-07-03T19:23:38.147985+00:00,05:23:32,ASML_DUAL,113.7,50,DiligentDonuts,FlawlessFlatbreads,sell
2026-07-03T19:23:38.147985+00:00,05:23:32,OB5X_ETF,54.3,267,LivelyLasagnas,NecessaryNutmegs,sell
2026-07-03T19:23:38.147985+00:00,05:23:32,OB5X_ETF,54.2,80,Gourab Sharma,NecessaryNutmegs,sell
2026-07-03T19:23:38.147985+00:00,05:23:32,OB5X_ETF,54.2,153,MarvelousMilkshakes,NecessaryNutmegs,sell
2026-07-03T19:23:39.896985+00:00,05:23:32,TSLA,8.8,100,Gourab Sharma,YieldingYams,sell
2026-07-03T19:23:39.896985+00:00,05:23:32,TSLA,8.8,200,WavyWalnuts,YieldingYams,sell
2026-07-03T19:23:39.896985+00:00,05:23:32,TSLA,8.7,325,AverageAlmonds,YieldingYams,sell
2026-07-03T19:23:39.896985+00:00,05:23:32,OB5X_202612_080C,149.2,50,VersatileVinegars,ScholarlySpearmints,sell
2026-07-03T19:23:39.896985+00:00,05:23:32,OB5X_202612_080C,149.2,5,TactfulTangerines,ScholarlySpearmints,sell
2026-07-03T19:23:39.896985+00:00,05:23:33,ASML_202612_050C,91.3,58,FortunateFerrets,EssentialEagles,sell
2026-07-03T19:23:39.896985+00:00,05:23:33,ASML_202612_050P,27.2,21,EssentialEagles,Gourab Sharma,buy
2026-07-03T19:23:39.896985+00:00,05:23:33,ASML_202612_050P,27.4,27,EssentialEagles,FortunateFerrets,buy
2026-07-03T19:23:39.896985+00:00,05:23:33,ASML,113.6,200,WavyWalnuts,YieldingYams,sell
2026-07-03T19:23:39.896985+00:00,05:23:33,ASML_202612_F,114.9,50,AttentiveAntelopes,BoundlessBisons,buy
2026-07-03T19:23:39.896985+00:00,05:23:33,SAP_DUAL,59.6,41,InfiniteIcecreams,GroovyGrapefruits,sell
2026-07-03T19:23:39.896985+00:00,05:23:33,ASML,113.6,200,WavyWalnuts,YieldingYams,buy
2026-07-03T19:23:39.896985+00:00,05:23:33,AAPL,163.7,200,WavyWalnuts,YieldingYams,buy
2026-07-03T19:23:39.896985+00:00,05:23:33,NVDA,58.1,200,YieldingYams,WavyWalnuts,buy
2026-07-03T19:23:39.896985+00:00,05:23:33,OB5X_202706_F,227.9,100,QuirkyQuinoas,PowerfulPineapples,sell
2026-07-03T19:23:39.896985+00:00,05:23:33,OB5X_202703_F,223.5,100,QuirkyQuinoas,PowerfulPineapples,sell
2026-07-03T19:23:39.896985+00:00,05:23:33,ASML_DUAL,114.0,49,CostlyCorianders,EarnestEspressos,buy
2026-07-03T19:23:39.896985+00:00,05:23:33,SAP,58.8,200,WavyWalnuts,YieldingYams,buy
2026-07-03T19:23:39.896985+00:00,05:23:34,OB5X_202612_F,220.9,100,QuirkyQuinoas,PowerfulPineapples,sell
2026-07-03T19:23:39.896985+00:00,05:23:34,ASML_202612_075C,86.1,45,EssentialEagles,FortunateFerrets,buy
2026-07-03T19:23:39.896985+00:00,05:23:34,ASML_202612_075C,85.4,56,FortunateFerrets,EssentialEagles,sell
2026-07-03T19:23:39.896985+00:00,05:23:34,ASML_202612_F,115.0,50,DownrightDogfish,CapableCoyotes,buy
2026-07-03T19:23:39.896985+00:00,05:23:34,TSLA,8.8,200,YieldingYams,WavyWalnuts,buy
2026-07-03T19:23:39.896985+00:00,05:23:34,TSLA,8.9,425,YieldingYams,AverageAlmonds,buy
2026-07-03T19:23:39.896985+00:00,05:23:34,SAP_DUAL,59.6,53,InfiniteIcecreams,GroovyGrapefruits,sell
2026-07-03T19:23:39.896985+00:00,05:23:34,ASML_202703_F,115.8,45,DownrightDogfish,BoundlessBisons,buy
2026-07-03T19:23:39.896985+00:00,05:23:34,ASML_202703_F,115.9,5,DownrightDogfish,CapableCoyotes,buy
2026-07-03T19:23:39.896985+00:00,05:23:34,OB5X_202612_080C,149.2,43,TactfulTangerines,ScholarlySpearmints,sell
2026-07-03T19:23:39.896985+00:00,05:23:34,ASML_202706_F,116.7,50,DownrightDogfish,BoundlessBisons,buy
2026-07-03T19:23:39.896985+00:00,05:23:34,SAP_DUAL,59.6,1,InfiniteIcecreams,Xuanyu Liu,sell
2026-07-03T19:23:39.896985+00:00,05:23:34,SAP,58.8,1,Xuanyu Liu,YieldingYams,buy
2026-07-03T19:23:39.896985+00:00,05:23:34,NVDA,58.2,200,WavyWalnuts,AverageAlmonds,buy
2026-07-03T19:23:39.896985+00:00,05:23:34,OB5X_202612_120P,26.4,58,ScholarlySpearmints,TactfulTangerines,buy
2026-07-03T19:23:39.896985+00:00,05:23:34,ASML_DUAL,114.0,50,FlawlessFlatbreads,EarnestEspressos,buy
2026-07-03T19:23:39.896985+00:00,05:23:34,OB5X_ETF,54.3,80,Gourab Sharma,NecessaryNutmegs,sell
2026-07-03T19:23:39.896985+00:00,05:23:34,OB5X_ETF,54.3,420,MarvelousMilkshakes,NecessaryNutmegs,sell
2026-07-03T19:23:39.896985+00:00,05:23:34,OB5X_202706_F,227.8,50,RadiantRisottos,QuirkyQuinoas,buy
2026-07-03T19:23:39.896985+00:00,05:23:34,ASML_202612_F,114.8,51,BoundlessBisons,AttentiveAntelopes,sell
2026-07-03T19:23:39.896985+00:00,05:23:34,OB5X_202703_F,223.4,50,RadiantRisottos,QuirkyQuinoas,buy
2026-07-03T19:23:39.896985+00:00,05:23:35,OB5X_202612_F,220.8,50,RadiantRisottos,QuirkyQuinoas,buy
2026-07-03T19:23:39.896985+00:00,05:23:35,ASML_202612_100P,65.7,56,EssentialEagles,Gourab Sharma,buy
2026-07-03T19:23:39.896985+00:00,05:23:35,SAP_DUAL,59.8,50,JazzyJellies,HomelyHerrings,buy
2026-07-03T19:23:39.896985+00:00,05:23:35,TSLA,8.9,20,BrilliantBurritos,AverageAlmonds,buy
2026-07-03T19:23:39.896985+00:00,05:23:35,TSLA,8.8,100,Gourab Sharma,YieldingYams,sell
2026-07-03T19:23:39.896985+00:00,05:23:35,TSLA,8.8,200,WavyWalnuts,YieldingYams,sell
2026-07-03T19:23:39.896985+00:00,05:23:35,NVDA,58.0,200,WavyWalnuts,YieldingYams,buy
2026-07-03T19:23:39.896985+00:00,05:23:35,SAP_DUAL,59.8,50,GroovyGrapefruits,HomelyHerrings,buy
2026-07-03T19:23:39.896985+00:00,05:23:35,SAP_DUAL,60.1,7,GroovyGrapefruits,InfiniteIcecreams,buy
2026-07-03T19:23:41.615984+00:00,05:23:36,OB5X_202612_120P,26.4,40,ScholarlySpearmints,TactfulTangerines,buy
2026-07-03T19:23:41.615984+00:00,05:23:36,ASML_202612_F,115.0,50,DownrightDogfish,CapableCoyotes,buy
2026-07-03T19:23:41.615984+00:00,05:23:36,OB5X_202612_F,220.8,59,OriginalOlives,QuirkyQuinoas,buy
2026-07-03T19:23:43.282984+00:00,05:23:36,ASML_202703_F,115.9,50,DownrightDogfish,CapableCoyotes,buy
2026-07-03T19:23:43.282984+00:00,05:23:36,ASML_DUAL,114.0,50,FlawlessFlatbreads,DiligentDonuts,buy
2026-07-03T19:23:43.282984+00:00,05:23:36,ASML_202706_F,116.7,50,DownrightDogfish,CapableCoyotes,buy
2026-07-03T19:23:43.282984+00:00,05:23:36,TSLA,8.8,200,YieldingYams,WavyWalnuts,buy
2026-07-03T19:23:43.282984+00:00,05:23:37,AAPL,163.6,200,YieldingYams,WavyWalnuts,sell
2026-07-03T19:23:43.282984+00:00,05:23:37,ASML_DUAL,113.8,11,EarnestEspressos,Xuanyu Liu,sell
2026-07-03T19:23:43.282984+00:00,05:23:37,ASML,113.6,11,Xuanyu Liu,WavyWalnuts,buy
2026-07-03T19:23:43.282984+00:00,05:23:37,ASML,113.6,189,YieldingYams,WavyWalnuts,buy
2026-07-03T19:23:43.282984+00:00,05:23:37,ASML_202612_F,115.3,100,CapableCoyotes,BoundlessBisons,buy
2026-07-03T19:23:43.282984+00:00,05:23:37,OB5X_ETF,54.4,80,KindlyKales,Gourab Sharma,buy
2026-07-03T19:23:43.282984+00:00,05:23:37,OB5X_ETF,54.4,137,KindlyKales,LivelyLasagnas,buy
2026-07-03T19:23:43.282984+00:00,05:23:37,OB5X_202706_F,227.8,100,PowerfulPineapples,QuirkyQuinoas,buy
2026-07-03T19:23:43.282984+00:00,05:23:37,ASML_202703_F,116.2,100,CapableCoyotes,BoundlessBisons,buy
2026-07-03T19:23:43.282984+00:00,05:23:37,OB5X_202703_F,223.4,50,RadiantRisottos,QuirkyQuinoas,buy
2026-07-03T19:23:43.282984+00:00,05:23:37,OB5X_202703_F,223.4,50,PowerfulPineapples,QuirkyQuinoas,buy
2026-07-03T19:23:43.282984+00:00,05:23:37,ASML_202612_075P,46.0,51,Gourab Sharma,EssentialEagles,sell
2026-07-03T19:23:43.282984+00:00,05:23:37,OB5X_202612_F,220.8,41,RadiantRisottos,QuirkyQuinoas,buy
2026-07-03T19:23:43.282984+00:00,05:23:37,TSLA,8.9,200,WavyWalnuts,AverageAlmonds,buy
2026-07-03T19:23:43.282984+00:00,05:23:38,NVDA,58.1,20,WavyWalnuts,BrilliantBurritos,sell
2026-07-03T19:23:43.282984+00:00,05:23:38,ASML,113.7,200,YieldingYams,WavyWalnuts,sell
2026-07-03T19:23:43.282984+00:00,05:23:38,SAP_DUAL,59.6,51,HomelyHerrings,GroovyGrapefruits,sell
2026-07-03T19:23:43.282984+00:00,05:23:38,SAP_DUAL,59.6,1,HomelyHerrings,Xuanyu Liu,sell
2026-07-03T19:23:43.282984+00:00,05:23:38,SAP,58.8,1,Xuanyu Liu,WavyWalnuts,buy
2026-07-03T19:23:43.282984+00:00,05:23:38,ASML_202612_075P,46.0,29,Gourab Sharma,EssentialEagles,sell
2026-07-03T19:23:43.282984+00:00,05:23:38,ASML_202612_075P,45.7,13,GenerousGeckos,EssentialEagles,sell
2026-07-03T19:23:43.282984+00:00,05:23:38,ASML_202612_050C,91.7,49,EssentialEagles,FortunateFerrets,buy
2026-07-03T19:23:43.282984+00:00,05:23:38,OB5X_202612_120C,125.6,54,ScholarlySpearmints,TactfulTangerines,buy
2026-07-03T19:23:43.282984+00:00,05:23:38,ASML_202612_050P,27.2,43,Gourab Sharma,EssentialEagles,sell
2026-07-03T19:23:43.282984+00:00,05:23:38,TSLA,8.8,200,WavyWalnuts,YieldingYams,buy
2026-07-03T19:23:43.282984+00:00,05:23:38,OB5X_202612_080C,149.8,42,ScholarlySpearmints,TactfulTangerines,buy
2026-07-03T19:23:43.282984+00:00,05:23:38,ASML_DUAL,113.8,50,EarnestEspressos,FlawlessFlatbreads,sell
2026-07-03T19:23:43.282984+00:00,05:23:38,ASML_202612_F,115.4,50,BoundlessBisons,DownrightDogfish,sell
2026-07-03T19:23:45.013984+00:00,05:23:39,OB5X_ETF,54.4,500,NecessaryNutmegs,MarvelousMilkshakes,buy
2026-07-03T19:23:45.013984+00:00,05:23:39,OB5X_202612_100C,136.0,58,ScholarlySpearmints,TactfulTangerines,buy
2026-07-03T19:23:45.013984+00:00,05:23:39,ASML_202703_F,116.4,50,BoundlessBisons,DownrightDogfish,sell
2026-07-03T19:23:45.013984+00:00,05:23:39,SAP,58.9,20,BrilliantBurritos,WavyWalnuts,buy
2026-07-03T19:23:45.013984+00:00,05:23:39,ASML_202706_F,117.1,50,BoundlessBisons,DownrightDogfish,sell
2026-07-03T19:23:45.013984+00:00,05:23:39,ASML,113.5,200,YieldingYams,WavyWalnuts,sell
2026-07-03T19:23:45.013984+00:00,05:23:39,TSLA,8.7,500,AverageAlmonds,YieldingYams,sell
2026-07-03T19:23:45.013984+00:00,05:23:39,OB5X_202706_F,228.3,50,QuirkyQuinoas,RadiantRisottos,sell
2026-07-03T19:23:45.013984+00:00,05:23:39,ASML_202612_075P,46.0,41,EssentialEagles,Gourab Sharma,buy
2026-07-03T19:23:45.013984+00:00,05:23:39,OB5X_202703_F,223.9,50,QuirkyQuinoas,RadiantRisottos,sell
2026-07-03T19:23:45.013984+00:00,05:23:39,ASML_202612_050C,91.7,47,EssentialEagles,FortunateFerrets,buy
2026-07-03T19:23:45.013984+00:00,05:23:39,OB5X_202612_F,221.3,50,QuirkyQuinoas,RadiantRisottos,sell
2026-07-03T19:23:45.013984+00:00,05:23:39,TSLA,8.7,125,AverageAlmonds,YieldingYams,buy
2026-07-03T19:23:45.013984+00:00,05:23:40,SAP,58.8,200,YieldingYams,WavyWalnuts,sell
2026-07-03T19:23:45.013984+00:00,05:23:40,NVDA,58.1,200,WavyWalnuts,YieldingYams,sell
2026-07-03T19:23:45.013984+00:00,05:23:40,SAP,58.7,20,YieldingYams,BrilliantBurritos,sell
2026-07-03T19:23:45.013984+00:00,05:23:40,TSLA,8.8,20,BrilliantBurritos,WavyWalnuts,buy
2026-07-03T19:23:45.013984+00:00,05:23:40,OB5X_ETF,54.3,201,LivelyLasagnas,KindlyKales,sell
2026-07-03T19:23:45.013984+00:00,05:23:40,OB5X_202612_120P,25.2,44,TactfulTangerines,ScholarlySpearmints,sell
2026-07-03T19:23:45.013984+00:00,05:23:40,ASML,113.4,20,YieldingYams,BrilliantBurritos,sell
2026-07-03T19:23:47.073985+00:00,05:23:40,ASML_202612_F,115.4,50,BoundlessBisons,CapableCoyotes,sell
2026-07-03T19:23:47.073985+00:00,05:23:40,OB5X_202706_F,228.3,100,QuirkyQuinoas,PowerfulPineapples,sell
2026-07-03T19:23:47.073985+00:00,05:23:40,ASML_202703_F,116.4,50,BoundlessBisons,CapableCoyotes,sell
2026-07-03T19:23:47.073985+00:00,05:23:40,TSLA,8.8,180,YieldingYams,WavyWalnuts,buy
2026-07-03T19:23:47.073985+00:00,05:23:40,TSLA,8.9,445,YieldingYams,AverageAlmonds,buy
2026-07-03T19:23:47.073985+00:00,05:23:40,NVDA,58.1,20,BrilliantBurritos,YieldingYams,buy
2026-07-03T19:23:47.073985+00:00,05:23:40,OB5X_202703_F,223.9,100,QuirkyQuinoas,PowerfulPineapples,sell
2026-07-03T19:23:47.073985+00:00,05:23:40,AAPL,163.6,20,WavyWalnuts,BrilliantBurritos,sell
2026-07-03T19:23:47.073985+00:00,05:23:40,ASML_202706_F,117.1,50,BoundlessBisons,CapableCoyotes,sell
2026-07-03T19:23:47.073985+00:00,05:23:41,OB5X_202612_F,221.3,100,QuirkyQuinoas,PowerfulPineapples,sell
2026-07-03T19:23:47.073985+00:00,05:23:41,SAP,58.7,200,YieldingYams,WavyWalnuts,sell
2026-07-03T19:23:47.073985+00:00,05:23:41,ASML_202612_F,115.0,50,DownrightDogfish,CapableCoyotes,buy
2026-07-03T19:23:48.762984+00:00,05:23:41,ASML_202703_F,115.9,50,DownrightDogfish,CapableCoyotes,buy
2026-07-03T19:23:48.762984+00:00,05:23:41,OB5X_202612_120C,125.6,46,ScholarlySpearmints,TactfulTangerines,buy
2026-07-03T19:23:48.762984+00:00,05:23:41,OB5X_202612_120C,126.2,10,ScholarlySpearmints,VersatileVinegars,buy
2026-07-03T19:23:48.762984+00:00,05:23:41,ASML_202706_F,116.8,50,DownrightDogfish,CapableCoyotes,buy
2026-07-03T19:23:48.762984+00:00,05:23:41,OB5X_202612_100C,135.5,50,VersatileVinegars,ScholarlySpearmints,sell
2026-07-03T19:23:48.762984+00:00,05:23:41,OB5X_202612_100C,134.6,3,TactfulTangerines,ScholarlySpearmints,sell
2026-07-03T19:23:48.762984+00:00,05:23:41,NVDA,58.0,200,YieldingYams,WavyWalnuts,sell
2026-07-03T19:23:48.762984+00:00,05:23:41,OB5X_ETF,54.3,230,KindlyKales,LivelyLasagnas,buy
2026-07-03T19:23:48.762984+00:00,05:23:42,TSLA,8.7,20,WavyWalnuts,BrilliantBurritos,sell
2026-07-03T19:23:48.762984+00:00,05:23:42,TSLA,8.7,200,YieldingYams,WavyWalnuts,sell
2026-07-03T19:23:48.762984+00:00,05:23:42,SAP,58.6,200,YieldingYams,WavyWalnuts,sell
2026-07-03T19:23:48.762984+00:00,05:23:42,OB5X_ETF,54.2,247,MarvelousMilkshakes,KindlyKales,sell
2026-07-03T19:23:48.762984+00:00,05:23:42,ASML_202703_F,115.9,46,AttentiveAntelopes,CapableCoyotes,buy
2026-07-03T19:23:48.762984+00:00,05:23:42,ASML_202612_100C,81.1,49,Gourab Sharma,EssentialEagles,sell
2026-07-03T19:23:48.762984+00:00,05:23:42,ASML_202703_F,115.5,52,BoundlessBisons,AttentiveAntelopes,sell
2026-07-03T19:23:48.762984+00:00,05:23:42,SAP,58.6,100,Gourab Sharma,YieldingYams,sell
2026-07-03T19:23:48.762984+00:00,05:23:42,SAP,58.5,500,AverageAlmonds,YieldingYams,sell
2026-07-03T19:23:48.762984+00:00,05:23:42,SAP_DUAL,59.4,9,HomelyHerrings,Xuanyu Liu,sell
2026-07-03T19:23:48.762984+00:00,05:23:42,SAP,58.5,9,Xuanyu Liu,YieldingYams,buy
2026-07-03T19:23:48.762984+00:00,05:23:42,OB5X_202612_120P,25.2,48,TactfulTangerines,ScholarlySpearmints,sell
2026-07-03T19:23:48.762984+00:00,05:23:43,NVDA,58.1,500,AverageAlmonds,YieldingYams,buy
2026-07-03T19:23:48.762984+00:00,05:23:43,TSLA,8.7,500,AverageAlmonds,YieldingYams,sell
2026-07-03T19:23:48.762984+00:00,05:23:43,TSLA,8.7,125,AverageAlmonds,YieldingYams,buy
2026-07-03T19:23:48.762984+00:00,05:23:43,NVDA,58.1,125,AverageAlmonds,YieldingYams,buy
2026-07-03T19:23:48.762984+00:00,05:23:43,NVDA,58.1,200,AverageAlmonds,WavyWalnuts,buy
2026-07-03T19:23:48.762984+00:00,05:23:43,SAP,58.5,16,AverageAlmonds,YieldingYams,buy
2026-07-03T19:23:48.762984+00:00,05:23:43,SAP_DUAL,59.7,50,JazzyJellies,InfiniteIcecreams,buy
2026-07-03T19:23:48.762984+00:00,05:23:43,ASML_202612_F,114.5,50,CapableCoyotes,DownrightDogfish,sell
2026-07-03T19:23:48.762984+00:00,05:23:43,TSLA,8.7,200,AverageAlmonds,WavyWalnuts,sell
2026-07-03T19:23:50.835983+00:00,05:23:43,OB5X_ETF,54.3,201,KindlyKales,LivelyLasagnas,buy
2026-07-03T19:23:50.835983+00:00,05:23:43,ASML_202703_F,115.5,48,BoundlessBisons,DownrightDogfish,sell
2026-07-03T19:23:50.835983+00:00,05:23:43,ASML_202703_F,115.4,2,CapableCoyotes,DownrightDogfish,sell
2026-07-03T19:23:50.835983+00:00,05:23:43,ASML_202706_F,116.2,50,CapableCoyotes,DownrightDogfish,sell
2026-07-03T19:23:50.835983+00:00,05:23:44,ASML_DUAL,113.6,46,EarnestEspressos,CostlyCorianders,sell
2026-07-03T19:23:50.835983+00:00,05:23:44,SAP,58.6,200,WavyWalnuts,YieldingYams,sell
2026-07-03T19:23:50.835983+00:00,05:23:44,ASML_202612_F,115.0,100,CapableCoyotes,BoundlessBisons,buy
2026-07-03T19:23:50.835983+00:00,05:23:44,OB5X_202706_F,227.9,50,RadiantRisottos,QuirkyQuinoas,buy
2026-07-03T19:23:50.835983+00:00,05:23:44,OB5X_202706_F,227.9,100,PowerfulPineapples,QuirkyQuinoas,buy
2026-07-03T19:23:50.835983+00:00,05:23:44,NVDA,58.2,100,Gourab Sharma,WavyWalnuts,sell
2026-07-03T19:23:50.835983+00:00,05:23:44,NVDA,58.2,100,YieldingYams,WavyWalnuts,sell
2026-07-03T19:23:50.835983+00:00,05:23:44,OB5X_202703_F,223.4,50,RadiantRisottos,QuirkyQuinoas,buy
2026-07-03T19:23:50.835983+00:00,05:23:44,ASML_202703_F,116.0,100,CapableCoyotes,BoundlessBisons,buy
2026-07-03T19:23:50.835983+00:00,05:23:44,ASML_202612_F,115.1,48,CapableCoyotes,AttentiveAntelopes,sell
2026-07-03T19:23:50.835983+00:00,05:23:44,OB5X_202706_F,228.6,59,OriginalOlives,PowerfulPineapples,buy
2026-07-03T19:23:50.835983+00:00,05:23:44,OB5X_202703_F,223.4,100,PowerfulPineapples,QuirkyQuinoas,buy
2026-07-03T19:23:50.835983+00:00,05:23:44,OB5X_202612_F,220.8,50,RadiantRisottos,QuirkyQuinoas,buy
2026-07-03T19:23:52.518983+00:00,05:23:44,ASML_202706_F,116.7,100,CapableCoyotes,BoundlessBisons,buy
2026-07-03T19:23:52.518983+00:00,05:23:44,OB5X_202612_F,220.8,100,PowerfulPineapples,QuirkyQuinoas,buy
2026-07-03T19:23:52.518983+00:00,05:23:44,ASML_202612_075C,85.9,55,EssentialEagles,FortunateFerrets,buy
2026-07-03T19:23:52.518983+00:00,05:23:44,TSLA,8.9,500,YieldingYams,AverageAlmonds,buy
2026-07-03T19:23:52.518983+00:00,05:23:44,TSLA,9.0,100,YieldingYams,Gourab Sharma,buy
2026-07-03T19:23:52.518983+00:00,05:23:44,TSLA,9.0,25,YieldingYams,AverageAlmonds,sell
2026-07-03T19:23:52.518983+00:00,05:23:44,ASML_202612_100P,65.6,50,GenerousGeckos,EssentialEagles,sell
2026-07-03T19:23:52.518983+00:00,05:23:44,TSLA,8.7,200,AverageAlmonds,WavyWalnuts,sell
2026-07-03T19:23:52.518983+00:00,05:23:45,ASML_DUAL,114.0,40,CostlyCorianders,DiligentDonuts,buy
2026-07-03T19:23:52.518983+00:00,05:23:45,ASML_DUAL,113.6,50,EarnestEspressos,FlawlessFlatbreads,sell
2026-07-03T19:23:52.518983+00:00,05:23:45,OB5X_ETF,54.4,500,NecessaryNutmegs,MarvelousMilkshakes,buy
2026-07-03T19:23:52.518983+00:00,05:23:45,SAP,58.5,500,AverageAlmonds,YieldingYams,sell
2026-07-03T19:23:52.518983+00:00,05:23:45,SAP,58.5,125,WavyWalnuts,YieldingYams,sell
2026-07-03T19:23:52.518983+00:00,05:23:45,NVDA,58.2,200,YieldingYams,WavyWalnuts,sell
2026-07-03T19:23:52.518983+00:00,05:23:45,SAP_DUAL,59.7,50,JazzyJellies,HomelyHerrings,buy
2026-07-03T19:23:52.518983+00:00,05:23:45,ASML_202612_100C,81.1,31,Gourab Sharma,EssentialEagles,sell
2026-07-03T19:23:52.518983+00:00,05:23:45,ASML_202612_100C,80.5,25,FortunateFerrets,EssentialEagles,sell
2026-07-03T19:23:52.518983+00:00,05:23:45,ASML_202612_075P,45.9,47,Gourab Sharma,EssentialEagles,sell
2026-07-03T19:23:52.518983+00:00,05:23:45,ASML_202612_075C,85.2,40,FortunateFerrets,EssentialEagles,sell
2026-07-03T19:23:52.518983+00:00,05:23:45,ASML_202612_F,115.5,50,DownrightDogfish,BoundlessBisons,buy
2026-07-03T19:23:52.518983+00:00,05:23:45,ASML_202612_050C,91.1,41,FortunateFerrets,EssentialEagles,sell
2026-07-03T19:23:52.518983+00:00,05:23:45,SAP,58.5,20,WavyWalnuts,BrilliantBurritos,sell
2026-07-03T19:23:52.518983+00:00,05:23:45,ASML_202703_F,116.4,50,DownrightDogfish,BoundlessBisons,buy
2026-07-03T19:23:52.518983+00:00,05:23:46,TSLA,8.7,200,AverageAlmonds,WavyWalnuts,sell
2026-07-03T19:23:52.518983+00:00,05:23:46,TSLA,8.9,500,YieldingYams,AverageAlmonds,buy
2026-07-03T19:23:52.518983+00:00,05:23:46,ASML_202706_F,117.2,50,DownrightDogfish,BoundlessBisons,buy
2026-07-03T19:23:52.518983+00:00,05:23:46,OB5X_ETF,54.5,500,MarvelousMilkshakes,LivelyLasagnas,buy
2026-07-03T19:23:52.518983+00:00,05:23:46,ASML,113.7,20,BrilliantBurritos,YieldingYams,buy
2026-07-03T19:23:52.518983+00:00,05:23:46,OB5X_ETF,54.6,243,MarvelousMilkshakes,KindlyKales,sell
2026-07-03T19:23:52.518983+00:00,05:23:46,TSLA,9.0,125,YieldingYams,AverageAlmonds,sell
2026-07-03T19:23:52.518983+00:00,05:23:46,SAP,58.7,100,YieldingYams,Gourab Sharma,buy
2026-07-03T19:23:52.518983+00:00,05:23:46,SAP,58.7,200,YieldingYams,WavyWalnuts,buy
2026-07-03T19:23:52.518983+00:00,05:23:46,SAP,58.9,325,YieldingYams,AverageAlmonds,buy
2026-07-03T19:23:52.518983+00:00,05:23:46,NVDA,58.3,500,YieldingYams,AverageAlmonds,buy
2026-07-03T19:23:52.518983+00:00,05:23:46,NVDA,58.3,125,YieldingYams,WavyWalnuts,sell
2026-07-03T19:23:52.518983+00:00,05:23:46,ASML_202612_100C,80.9,40,EssentialEagles,Gourab Sharma,buy
2026-07-03T19:23:52.518983+00:00,05:23:46,ASML_DUAL,113.5,46,DiligentDonuts,CostlyCorianders,sell
2026-07-03T19:23:52.518983+00:00,05:23:47,ASML_202612_050P,27.2,37,Gourab Sharma,EssentialEagles,sell
2026-07-03T19:23:52.518983+00:00,05:23:47,OB5X_202612_120P,25.2,47,TactfulTangerines,ScholarlySpearmints,sell
2026-07-03T19:23:52.518983+00:00,05:23:47,TSLA,8.7,200,AverageAlmonds,WavyWalnuts,sell
2026-07-03T19:23:52.518983+00:00,05:23:47,ASML_DUAL,113.7,50,FlawlessFlatbreads,EarnestEspressos,buy
2026-07-03T19:23:52.518983+00:00,05:23:47,OB5X_ETF,54.6,7,MarvelousMilkshakes,LivelyLasagnas,sell
2026-07-03T19:23:52.518983+00:00,05:23:47,TSLA,8.7,300,AverageAlmonds,YieldingYams,sell
2026-07-03T19:23:52.518983+00:00,05:23:47,TSLA,8.6,100,Gourab Sharma,YieldingYams,sell
2026-07-03T19:23:52.518983+00:00,05:23:47,TSLA,8.6,200,WavyWalnuts,YieldingYams,sell
2026-07-03T19:23:52.518983+00:00,05:23:47,OB5X_ETF,54.4,500,LivelyLasagnas,NecessaryNutmegs,sell
2026-07-03T19:23:52.518983+00:00,05:23:47,OB5X_202706_F,228.1,43,QuirkyQuinoas,OriginalOlives,sell
2026-07-03T19:23:52.518983+00:00,05:23:47,ASML_202612_F,115.0,100,BoundlessBisons,CapableCoyotes,sell
2026-07-03T19:23:52.518983+00:00,05:23:47,OB5X_202706_F,228.1,100,QuirkyQuinoas,PowerfulPineapples,sell
2026-07-03T19:23:52.518983+00:00,05:23:47,ASML_202703_F,115.9,100,BoundlessBisons,CapableCoyotes,sell
2026-07-03T19:23:52.518983+00:00,05:23:47,TSLA,8.6,25,AverageAlmonds,YieldingYams,buy
2026-07-03T19:23:52.518983+00:00,05:23:47,OB5X_202703_F,223.7,100,QuirkyQuinoas,PowerfulPineapples,sell
2026-07-03T19:23:52.518983+00:00,05:23:47,NVDA,58.1,200,WavyWalnuts,YieldingYams,sell
2026-07-03T19:23:52.518983+00:00,05:23:47,ASML_202706_F,116.7,100,BoundlessBisons,CapableCoyotes,sell
2026-07-03T19:23:52.518983+00:00,05:23:48,OB5X_202612_F,221.1,100,QuirkyQuinoas,PowerfulPineapples,sell
2026-07-03T19:23:52.518983+00:00,05:23:48,ASML_202612_075C,85.9,45,EssentialEagles,FortunateFerrets,buy
2026-07-03T19:23:52.518983+00:00,05:23:48,ASML_202612_075C,86.0,7,EssentialEagles,GenerousGeckos,buy
2026-07-03T19:23:52.518983+00:00,05:23:48,ASML_202612_F,114.8,50,DownrightDogfish,CapableCoyotes,buy
2026-07-03T19:23:54.184983+00:00,05:23:48,TSLA,8.7,200,AverageAlmonds,WavyWalnuts,sell
2026-07-03T19:23:54.184983+00:00,05:23:48,ASML_DUAL,113.7,45,CostlyCorianders,EarnestEspressos,buy
2026-07-03T19:23:54.184983+00:00,05:23:48,ASML_DUAL,113.5,44,DiligentDonuts,CostlyCorianders,sell
2026-07-03T19:23:54.184983+00:00,05:23:48,ASML,113.6,20,BrilliantBurritos,WavyWalnuts,buy
2026-07-03T19:23:54.184983+00:00,05:23:48,ASML_202612_F,115.1,59,AttentiveAntelopes,BoundlessBisons,buy
2026-07-03T19:23:54.184983+00:00,05:23:48,AAPL,163.6,200,WavyWalnuts,YieldingYams,sell
2026-07-03T19:23:54.184983+00:00,05:23:48,ASML_202612_F,114.6,40,BoundlessBisons,AttentiveAntelopes,sell
2026-07-03T19:23:55.873984+00:00,05:23:49,ASML_202612_075P,46.0,39,EssentialEagles,Gourab Sharma,buy
2026-07-03T19:23:55.873984+00:00,05:23:49,ASML_202612_075P,46.3,16,EssentialEagles,FortunateFerrets,buy
2026-07-03T19:23:55.873984+00:00,05:23:49,SAP,58.6,100,Gourab Sharma,YieldingYams,sell
2026-07-03T19:23:55.873984+00:00,05:23:49,SAP,58.6,200,WavyWalnuts,YieldingYams,sell
2026-07-03T19:23:55.873984+00:00,05:23:49,ASML_202612_100P,65.7,24,EssentialEagles,Gourab Sharma,buy
2026-07-03T19:23:55.873984+00:00,05:23:49,ASML_202612_100P,66.3,26,EssentialEagles,GenerousGeckos,buy
2026-07-03T19:23:55.873984+00:00,05:23:49,SAP_DUAL,59.5,1,HomelyHerrings,Xuanyu Liu,sell
2026-07-03T19:23:55.873984+00:00,05:23:49,SAP,58.6,1,Xuanyu Liu,YieldingYams,buy
2026-07-03T19:23:55.873984+00:00,05:23:49,ASML_DUAL,113.5,50,DiligentDonuts,FlawlessFlatbreads,sell
2026-07-03T19:23:55.873984+00:00,05:23:49,OB5X_ETF,54.3,80,Gourab Sharma,NecessaryNutmegs,sell
2026-07-03T19:23:55.873984+00:00,05:23:49,OB5X_ETF,54.2,420,MarvelousMilkshakes,NecessaryNutmegs,sell
2026-07-03T19:23:55.873984+00:00,05:23:49,SAP,58.6,200,WavyWalnuts,YieldingYams,buy
2026-07-03T19:23:55.873984+00:00,05:23:49,SAP,58.6,20,BrilliantBurritos,YieldingYams,buy
2026-07-03T19:23:55.873984+00:00,05:23:50,TSLA,8.9,500,YieldingYams,AverageAlmonds,buy
2026-07-03T19:23:55.873984+00:00,05:23:50,TSLA,8.9,125,YieldingYams,WavyWalnuts,buy
2026-07-03T19:23:55.873984+00:00,05:23:50,OB5X_202612_120P,26.4,48,ScholarlySpearmints,TactfulTangerines,buy
2026-07-03T19:23:55.873984+00:00,05:23:50,ASML,113.5,200,WavyWalnuts,YieldingYams,sell
2026-07-03T19:23:55.873984+00:00,05:23:50,OB5X_202612_100C,136.1,46,ScholarlySpearmints,TactfulTangerines,buy
2026-07-03T19:23:55.873984+00:00,05:23:50,OB5X_202612_100P,17.8,41,ScholarlySpearmints,TactfulTangerines,buy
2026-07-03T19:23:55.873984+00:00,05:23:50,ASML,113.5,200,WavyWalnuts,YieldingYams,buy
2026-07-03T19:23:55.873984+00:00,05:23:50,ASML,113.5,20,BrilliantBurritos,YieldingYams,buy
2026-07-03T19:23:55.873984+00:00,05:23:50,ASML_202703_F,115.5,50,BoundlessBisons,DownrightDogfish,sell
2026-07-03T19:23:55.873984+00:00,05:23:51,OB5X_202703_F,223.5,56,OriginalOlives,QuirkyQuinoas,buy
2026-07-03T19:23:55.873984+00:00,05:23:51,OB5X_202706_F,227.7,50,PowerfulPineapples,RadiantRisottos,sell
2026-07-03T19:23:55.873984+00:00,05:23:51,ASML_202703_F,116.0,100,CapableCoyotes,BoundlessBisons,buy
2026-07-03T19:23:55.873984+00:00,05:23:51,OB5X_202612_120C,124.1,59,TactfulTangerines,ScholarlySpearmints,sell
2026-07-03T19:23:55.873984+00:00,05:23:51,OB5X_ETF,54.2,247,MarvelousMilkshakes,KindlyKales,sell
2026-07-03T19:23:57.942984+00:00,05:23:51,NVDA,58.0,200,YieldingYams,WavyWalnuts,sell
2026-07-03T19:23:57.942984+00:00,05:23:51,ASML_DUAL,113.5,50,EarnestEspressos,FlawlessFlatbreads,sell
2026-07-03T19:23:57.942984+00:00,05:23:51,OB5X_202612_120P,25.7,42,ScholarlySpearmints,ScholarlySpearmints,sell
2026-07-03T19:23:57.942984+00:00,05:23:51,OB5X_ETF,54.4,500,NecessaryNutmegs,MarvelousMilkshakes,buy
2026-07-03T19:23:57.942984+00:00,05:23:51,SAP,58.6,200,WavyWalnuts,YieldingYams,sell
2026-07-03T19:23:57.942984+00:00,05:23:51,NVDA,58.0,500,AverageAlmonds,YieldingYams,sell
2026-07-03T19:23:57.942984+00:00,05:23:51,ASML_202703_F,116.0,48,CapableCoyotes,AttentiveAntelopes,sell
2026-07-03T19:23:57.942984+00:00,05:23:52,SAP_DUAL,59.9,50,JazzyJellies,HomelyHerrings,buy
2026-07-03T19:23:57.942984+00:00,05:23:52,NVDA,58.0,125,AverageAlmonds,YieldingYams,buy
2026-07-03T19:23:57.942984+00:00,05:23:52,TSLA,8.8,500,AverageAlmonds,YieldingYams,buy
2026-07-03T19:24:01.716983+00:00,05:23:52,ASML_202612_050P,27.2,58,EssentialEagles,Gourab Sharma,buy
2026-07-03T19:24:01.716983+00:00,05:23:52,TSLA,8.8,200,YieldingYams,WavyWalnuts,buy
2026-07-03T19:24:01.716983+00:00,05:23:52,TSLA,8.9,425,YieldingYams,AverageAlmonds,buy
2026-07-03T19:24:01.716983+00:00,05:23:52,SAP,58.5,200,AverageAlmonds,WavyWalnuts,buy
2026-07-03T19:24:01.716983+00:00,05:23:52,NVDA,58.1,100,WavyWalnuts,Gourab Sharma,buy
2026-07-03T19:24:01.716983+00:00,05:23:52,ASML_202612_F,115.3,50,DownrightDogfish,BoundlessBisons,buy
2026-07-03T19:24:01.716983+00:00,05:23:52,ASML_DUAL,113.3,47,EarnestEspressos,CostlyCorianders,sell
2026-07-03T19:24:01.716983+00:00,05:23:52,ASML_202703_F,116.2,50,DownrightDogfish,BoundlessBisons,buy
2026-07-03T19:24:01.716983+00:00,05:23:53,ASML_202706_F,116.9,50,DownrightDogfish,BoundlessBisons,buy
2026-07-03T19:24:01.716983+00:00,05:23:53,NVDA,58.2,200,YieldingYams,WavyWalnuts,buy
2026-07-03T19:24:01.716983+00:00,05:23:53,ASML_202706_F,116.7,52,CapableCoyotes,AttentiveAntelopes,sell
2026-07-03T19:24:01.716983+00:00,05:23:53,ASML_202612_100C,80.9,40,EssentialEagles,Gourab Sharma,buy
2026-07-03T19:24:01.716983+00:00,05:23:53,ASML_DUAL,113.3,50,EarnestEspressos,FlawlessFlatbreads,sell
2026-07-03T19:24:01.716983+00:00,05:23:53,ASML_202612_050P,27.2,22,EssentialEagles,Gourab Sharma,buy
2026-07-03T19:24:01.716983+00:00,05:23:53,ASML_202612_050P,27.4,26,EssentialEagles,FortunateFerrets,buy
2026-07-03T19:24:01.716983+00:00,05:23:53,OB5X_202612_120C,124.1,41,TactfulTangerines,ScholarlySpearmints,sell
2026-07-03T19:24:01.716983+00:00,05:23:53,OB5X_202612_120C,124.0,3,VersatileVinegars,ScholarlySpearmints,sell
2026-07-03T19:24:01.716983+00:00,05:23:53,OB5X_ETF,54.2,500,LivelyLasagnas,NecessaryNutmegs,sell
2026-07-03T19:24:01.716983+00:00,05:23:53,OB5X_202612_080P,10.6,45,ScholarlySpearmints,VersatileVinegars,buy
2026-07-03T19:24:01.716983+00:00,05:23:53,TSLA,8.8,200,YieldingYams,WavyWalnuts,buy
2026-07-03T19:24:01.716983+00:00,05:23:53,NVDA,58.3,200,YieldingYams,WavyWalnuts,sell
2026-07-03T19:24:01.716983+00:00,05:23:54,OB5X_202612_080C,148.7,43,TactfulTangerines,ScholarlySpearmints,sell
2026-07-03T19:24:01.716983+00:00,05:23:54,OB5X_202612_100C,134.7,43,TactfulTangerines,ScholarlySpearmints,sell
2026-07-03T19:24:01.716983+00:00,05:23:54,SAP_DUAL,59.6,50,HomelyHerrings,JazzyJellies,sell
2026-07-03T19:24:01.716983+00:00,05:23:54,SAP_DUAL,59.9,47,GroovyGrapefruits,InfiniteIcecreams,buy
2026-07-03T19:24:01.716983+00:00,05:23:54,SAP,58.6,200,WavyWalnuts,YieldingYams,sell
2026-07-03T19:24:01.716983+00:00,05:23:54,SAP,58.5,425,AverageAlmonds,YieldingYams,sell
2026-07-03T19:24:01.716983+00:00,05:23:54,OB5X_202706_F,227.9,100,PowerfulPineapples,QuirkyQuinoas,buy
2026-07-03T19:24:01.716983+00:00,05:23:54,OB5X_202703_F,223.5,100,PowerfulPineapples,QuirkyQuinoas,buy
2026-07-03T19:24:01.716983+00:00,05:23:54,OB5X_202612_F,220.9,100,PowerfulPineapples,QuirkyQuinoas,buy
2026-07-03T19:24:01.716983+00:00,05:23:55,ASML_DUAL,113.2,14,Xuanyu Liu,EarnestEspressos,buy
2026-07-03T19:24:01.716983+00:00,05:23:55,ASML,113.3,14,YieldingYams,Xuanyu Liu,sell
2026-07-03T19:24:01.716983+00:00,05:23:55,NVDA,58.3,200,WavyWalnuts,YieldingYams,buy
2026-07-03T19:24:01.716983+00:00,05:23:55,SAP_DUAL,59.6,8,HomelyHerrings,Xuanyu Liu,sell
2026-07-03T19:24:01.716983+00:00,05:23:55,SAP,58.6,8,Xuanyu Liu,Gourab Sharma,buy
2026-07-03T19:24:03.399983+00:00,05:23:55,ASML_202612_F,114.8,50,BoundlessBisons,DownrightDogfish,sell
2026-07-03T19:24:03.399983+00:00,05:23:55,TSLA,8.8,200,WavyWalnuts,YieldingYams,sell
2026-07-03T19:24:03.399983+00:00,05:23:55,ASML,113.4,200,YieldingYams,WavyWalnuts,buy
2026-07-03T19:24:03.399983+00:00,05:23:55,ASML_202612_F,115.0,100,BoundlessBisons,CapableCoyotes,buy
2026-07-03T19:24:03.399983+00:00,05:23:55,SAP,58.5,20,AverageAlmonds,BrilliantBurritos,sell
2026-07-03T19:24:03.399983+00:00,05:23:55,OB5X_202612_100C,136.1,54,ScholarlySpearmints,TactfulTangerines,buy
2026-07-03T19:24:03.399983+00:00,05:23:55,OB5X_202612_100C,136.1,4,ScholarlySpearmints,VersatileVinegars,buy
2026-07-03T19:24:03.399983+00:00,05:23:55,ASML_202703_F,115.8,100,BoundlessBisons,CapableCoyotes,buy
2026-07-03T19:24:03.399983+00:00,05:23:55,ASML,113.4,20,YieldingYams,BrilliantBurritos,sell
2026-07-03T19:24:03.399983+00:00,05:23:55,ASML_DUAL,113.2,50,FlawlessFlatbreads,EarnestEspressos,buy
2026-07-03T19:24:03.399983+00:00,05:23:55,SAP,58.6,92,WavyWalnuts,Gourab Sharma,buy
2026-07-03T19:24:03.399983+00:00,05:23:55,ASML_202706_F,116.7,100,BoundlessBisons,CapableCoyotes,buy
2026-07-03T19:24:03.399983+00:00,05:23:55,ASML_202612_100C,80.9,58,Gourab Sharma,EssentialEagles,sell
2026-07-03T19:24:03.399983+00:00,05:23:55,OB5X_202706_F,227.9,50,QuirkyQuinoas,RadiantRisottos,sell
2026-07-03T19:24:03.399983+00:00,05:23:55,NVDA,58.4,500,YieldingYams,AverageAlmonds,buy
2026-07-03T19:24:03.399983+00:00,05:23:55,NVDA,58.5,125,YieldingYams,WavyWalnuts,buy
2026-07-03T19:24:03.399983+00:00,05:23:55,OB5X_ETF,54.3,80,NecessaryNutmegs,Gourab Sharma,buy
2026-07-03T19:24:03.399983+00:00,05:23:55,OB5X_ETF,54.3,420,NecessaryNutmegs,MarvelousMilkshakes,buy
2026-07-03T19:24:03.399983+00:00,05:23:55,OB5X_202703_F,223.6,50,QuirkyQuinoas,RadiantRisottos,sell
2026-07-03T19:24:03.399983+00:00,05:23:56,OB5X_202612_F,220.9,50,QuirkyQuinoas,RadiantRisottos,sell
2026-07-03T19:24:03.399983+00:00,05:23:56,SAP_DUAL,60.0,40,GroovyGrapefruits,InfiniteIcecreams,buy
2026-07-03T19:24:03.399983+00:00,05:23:56,SAP_DUAL,59.6,42,HomelyHerrings,JazzyJellies,sell
2026-07-03T19:24:03.399983+00:00,05:23:56,SAP_DUAL,59.5,8,InfiniteIcecreams,JazzyJellies,sell
2026-07-03T19:24:03.399983+00:00,05:23:56,ASML,113.4,200,YieldingYams,WavyWalnuts,sell
2026-07-03T19:24:03.399983+00:00,05:23:56,NVDA,58.3,100,WavyWalnuts,Gourab Sharma,buy
2026-07-03T19:24:03.399983+00:00,05:23:56,NVDA,58.4,100,WavyWalnuts,AverageAlmonds,buy
2026-07-03T19:24:03.399983+00:00,05:23:56,OB5X_ETF,54.3,232,KindlyKales,MarvelousMilkshakes,buy
2026-07-03T19:24:03.399983+00:00,05:23:56,TSLA,8.8,200,YieldingYams,WavyWalnuts,buy
2026-07-03T19:24:03.399983+00:00,05:23:56,OB5X_202612_080P,9.9,42,TactfulTangerines,ScholarlySpearmints,sell
2026-07-03T19:24:03.399983+00:00,05:23:56,OB5X_202612_080C,149.8,45,ScholarlySpearmints,VersatileVinegars,buy
2026-07-03T19:24:03.399983+00:00,05:23:56,OB5X_202612_080C,148.8,43,VersatileVinegars,ScholarlySpearmints,buy
2026-07-03T19:24:03.399983+00:00,05:23:57,OB5X_202612_100C,134.7,58,TactfulTangerines,ScholarlySpearmints,sell
2026-07-03T19:24:03.399983+00:00,05:23:57,NVDA,58.2,100,Gourab Sharma,YieldingYams,sell
2026-07-03T19:24:03.399983+00:00,05:23:57,OB5X_202612_100P,16.8,50,VersatileVinegars,ScholarlySpearmints,sell
2026-07-03T19:24:03.399983+00:00,05:23:57,OB5X_202612_100P,16.8,8,TactfulTangerines,ScholarlySpearmints,sell
2026-07-03T19:24:03.399983+00:00,05:23:57,OB5X_202703_F,224.0,54,OriginalOlives,PowerfulPineapples,buy
2026-07-03T19:24:03.399983+00:00,05:23:57,OB5X_202703_F,223.6,46,QuirkyQuinoas,OriginalOlives,sell
2026-07-03T19:24:03.399983+00:00,05:23:57,ASML,113.3,200,WavyWalnuts,YieldingYams,buy
2026-07-03T19:24:03.399983+00:00,05:23:57,NVDA,58.2,200,WavyWalnuts,YieldingYams,buy
2026-07-03T19:24:03.399983+00:00,05:23:57,ASML_202612_075P,46.0,53,Gourab Sharma,EssentialEagles,sell
2026-07-03T19:24:03.399983+00:00,05:23:57,ASML_202612_075C,85.7,49,EssentialEagles,FortunateFerrets,buy
2026-07-03T19:24:03.399983+00:00,05:23:57,SAP_DUAL,59.5,57,InfiniteIcecreams,GroovyGrapefruits,sell
2026-07-03T19:24:03.399983+00:00,05:23:57,TSLA,8.8,200,WavyWalnuts,YieldingYams,sell
2026-07-03T19:24:03.399983+00:00,05:23:57,TSLA,8.7,425,AverageAlmonds,YieldingYams,sell
2026-07-03T19:24:03.399983+00:00,05:23:58,OB5X_202706_F,227.9,50,QuirkyQuinoas,RadiantRisottos,sell
2026-07-03T19:24:03.399983+00:00,05:23:58,OB5X_202706_F,227.9,50,QuirkyQuinoas,PowerfulPineapples,sell
2026-07-03T19:24:03.399983+00:00,05:23:58,SAP_DUAL,59.8,57,GroovyGrapefruits,HomelyHerrings,buy
2026-07-03T19:24:03.399983+00:00,05:23:58,OB5X_202703_F,223.6,50,QuirkyQuinoas,RadiantRisottos,sell
2026-07-03T19:24:03.399983+00:00,05:23:58,OB5X_202703_F,223.6,4,QuirkyQuinoas,PowerfulPineapples,sell
2026-07-03T19:24:03.399983+00:00,05:23:58,OB5X_202612_F,220.9,50,QuirkyQuinoas,RadiantRisottos,sell
2026-07-03T19:24:03.399983+00:00,05:23:58,SAP_DUAL,59.5,50,InfiniteIcecreams,JazzyJellies,sell
2026-07-03T19:24:03.399983+00:00,05:23:58,NVDA,58.3,500,YieldingYams,AverageAlmonds,buy
2026-07-03T19:24:03.399983+00:00,05:23:58,OB5X_202612_120C,125.7,47,ScholarlySpearmints,TactfulTangerines,buy
2026-07-03T19:24:03.399983+00:00,05:23:58,OB5X_202612_120C,124.4,46,VersatileVinegars,ScholarlySpearmints,sell
2026-07-03T19:24:03.399983+00:00,05:23:58,NVDA,58.4,125,YieldingYams,AverageAlmonds,sell
2026-07-03T19:24:03.399983+00:00,05:23:58,ASML,113.4,200,WavyWalnuts,YieldingYams,buy
2026-07-03T19:24:03.399983+00:00,05:23:58,NVDA,58.3,100,WavyWalnuts,Gourab Sharma,sell
2026-07-03T19:24:03.399983+00:00,05:23:58,ASML_DUAL,113.4,43,CostlyCorianders,DiligentDonuts,buy
2026-07-03T19:24:03.399983+00:00,05:23:58,OB5X_ETF,54.3,500,MarvelousMilkshakes,LivelyLasagnas,buy
2026-07-03T19:24:03.399983+00:00,05:23:58,ASML_202612_F,115.2,100,CapableCoyotes,BoundlessBisons,sell
2026-07-03T19:24:05.099984+00:00,05:23:59,OB5X_ETF,54.3,248,MarvelousMilkshakes,KindlyKales,sell
2026-07-03T19:24:05.099984+00:00,05:23:59,ASML_202703_F,116.0,100,CapableCoyotes,BoundlessBisons,sell
2026-07-03T19:24:05.099984+00:00,05:23:59,TSLA,8.7,200,WavyWalnuts,YieldingYams,sell
2026-07-03T19:24:05.099984+00:00,05:23:59,TSLA,8.7,425,AverageAlmonds,YieldingYams,sell
2026-07-03T19:24:05.099984+00:00,05:23:59,TSLA,8.8,20,BrilliantBurritos,Gourab Sharma,buy
2026-07-03T19:24:05.099984+00:00,05:23:59,ASML_202706_F,116.9,100,CapableCoyotes,BoundlessBisons,sell
2026-07-03T19:24:05.099984+00:00,05:23:59,TSLA,8.8,80,AverageAlmonds,Gourab Sharma,buy
2026-07-03T19:24:05.099984+00:00,05:23:59,TSLA,8.8,200,AverageAlmonds,WavyWalnuts,buy
2026-07-03T19:24:05.099984+00:00,05:23:59,TSLA,8.8,200,AverageAlmonds,WavyWalnuts,sell
2026-07-03T19:24:05.099984+00:00,05:23:59,NVDA,58.3,100,WavyWalnuts,YieldingYams,sell
2026-07-03T19:24:05.099984+00:00,05:23:59,SAP,58.7,200,YieldingYams,WavyWalnuts,buy
2026-07-03T19:24:06.784983+00:00,05:23:59,ASML_202612_F,115.2,50,CapableCoyotes,DownrightDogfish,sell
2026-07-03T19:24:06.784983+00:00,05:23:59,ASML_202612_100C,80.9,22,Gourab Sharma,EssentialEagles,sell
2026-07-03T19:24:06.784983+00:00,05:23:59,ASML_202612_100C,80.3,32,FortunateFerrets,EssentialEagles,sell
2026-07-03T19:24:06.784983+00:00,05:23:59,ASML_DUAL,113.4,50,FlawlessFlatbreads,DiligentDonuts,buy
2026-07-03T19:24:06.784983+00:00,05:23:59,ASML_202703_F,116.0,50,CapableCoyotes,DownrightDogfish,sell
2026-07-03T19:24:06.784983+00:00,05:23:59,ASML_202612_100P,65.9,42,Gourab Sharma,EssentialEagles,sell
2026-07-03T19:24:06.784983+00:00,05:23:59,ASML,113.4,200,WavyWalnuts,YieldingYams,buy
2026-07-03T19:24:06.784983+00:00,05:23:59,NVDA,58.2,200,WavyWalnuts,YieldingYams,buy
2026-07-03T19:24:06.784983+00:00,05:24:00,ASML_202706_F,116.9,45,CapableCoyotes,AttentiveAntelopes,sell
2026-07-03T19:24:06.784983+00:00,05:24:00,OB5X_ETF,54.4,500,NecessaryNutmegs,LivelyLasagnas,buy
2026-07-03T19:24:06.784983+00:00,05:24:00,ASML_202612_050P,27.3,54,EssentialEagles,Gourab Sharma,buy
2026-07-03T19:24:06.784983+00:00,05:24:00,ASML_202706_F,116.9,5,CapableCoyotes,DownrightDogfish,sell
2026-07-03T19:24:06.784983+00:00,05:24:00,ASML_202706_F,115.8,45,BoundlessBisons,DownrightDogfish,sell
2026-07-03T19:24:06.784983+00:00,05:24:00,TSLA,8.9,500,YieldingYams,AverageAlmonds,buy
2026-07-03T19:24:06.784983+00:00,05:24:00,SAP_DUAL,60.0,50,JazzyJellies,InfiniteIcecreams,buy
2026-07-03T19:24:06.784983+00:00,05:24:00,TSLA,8.9,125,YieldingYams,AverageAlmonds,sell
2026-07-03T19:24:06.784983+00:00,05:24:00,TSLA,8.9,200,WavyWalnuts,AverageAlmonds,buy
2026-07-03T19:24:06.784983+00:00,05:24:00,SAP,58.8,200,WavyWalnuts,YieldingYams,buy
2026-07-03T19:24:08.469983+00:00,05:24:00,SAP_DUAL,59.6,41,HomelyHerrings,GroovyGrapefruits,sell
2026-07-03T19:24:08.469983+00:00,05:24:01,ASML_202612_100C,80.7,49,EssentialEagles,Gourab Sharma,buy
2026-07-03T19:24:08.469983+00:00,05:24:01,ASML_202612_100P,65.9,38,Gourab Sharma,EssentialEagles,sell
2026-07-03T19:24:08.469983+00:00,05:24:01,NVDA,58.1,100,Gourab Sharma,WavyWalnuts,sell
2026-07-03T19:24:08.469983+00:00,05:24:01,NVDA,58.1,100,YieldingYams,WavyWalnuts,sell
2026-07-03T19:24:08.469983+00:00,05:24:01,OB5X_202612_080P,10.6,47,ScholarlySpearmints,VersatileVinegars,buy
2026-07-03T19:24:08.469983+00:00,05:24:01,OB5X_202612_080C,149.0,7,VersatileVinegars,ScholarlySpearmints,sell
2026-07-03T19:24:08.469983+00:00,05:24:01,OB5X_202612_080C,148.7,41,TactfulTangerines,ScholarlySpearmints,sell
2026-07-03T19:24:08.469983+00:00,05:24:01,AAPL,163.4,20,BrilliantBurritos,YieldingYams,buy
2026-07-03T19:24:08.469983+00:00,05:24:01,OB5X_ETF,54.5,204,KindlyKales,MarvelousMilkshakes,buy
2026-07-03T19:24:08.469983+00:00,05:24:01,TSLA,8.9,200,WavyWalnuts,AverageAlmonds,buy
2026-07-03T19:24:08.469983+00:00,05:24:01,TSLA,8.8,500,AverageAlmonds,YieldingYams,sell
2026-07-03T19:24:08.469983+00:00,05:24:01,SAP_DUAL,60.1,41,GroovyGrapefruits,HomelyHerrings,buy
2026-07-03T19:24:08.469983+00:00,05:24:01,OB5X_202612_F,220.9,100,PowerfulPineapples,QuirkyQuinoas,buy
2026-07-03T19:24:08.469983+00:00,05:24:02,AAPL,163.2,200,WavyWalnuts,YieldingYams,sell
2026-07-03T19:24:08.469983+00:00,05:24:02,ASML_DUAL,113.7,46,CostlyCorianders,DiligentDonuts,buy
2026-07-03T19:24:08.469983+00:00,05:24:02,OB5X_202706_F,227.8,100,PowerfulPineapples,QuirkyQuinoas,sell
2026-07-03T19:24:08.469983+00:00,05:24:02,ASML_202612_F,114.8,50,DownrightDogfish,CapableCoyotes,buy
2026-07-03T19:24:08.469983+00:00,05:24:02,OB5X_ETF,54.2,20,Gourab Sharma,NecessaryNutmegs,sell
2026-07-03T19:24:08.469983+00:00,05:24:02,OB5X_ETF,54.2,480,LivelyLasagnas,NecessaryNutmegs,sell
2026-07-03T19:24:08.469983+00:00,05:24:02,ASML_202703_F,115.6,50,DownrightDogfish,CapableCoyotes,buy
2026-07-03T19:24:08.469983+00:00,05:24:02,OB5X_202703_F,223.4,100,PowerfulPineapples,QuirkyQuinoas,sell
2026-07-03T19:24:08.469983+00:00,05:24:02,TSLA,8.7,125,AverageAlmonds,YieldingYams,buy
2026-07-03T19:24:08.469983+00:00,05:24:02,ASML_202706_F,116.5,50,DownrightDogfish,CapableCoyotes,buy
2026-07-03T19:24:08.469983+00:00,05:24:02,SAP,58.9,20,BrilliantBurritos,WavyWalnuts,buy
2026-07-03T19:24:08.469983+00:00,05:24:02,NVDA,58.2,200,YieldingYams,WavyWalnuts,sell
2026-07-03T19:24:08.469983+00:00,05:24:02,ASML_202612_F,114.8,100,BoundlessBisons,CapableCoyotes,buy
2026-07-03T19:24:08.469983+00:00,05:24:02,AAPL,163.2,20,BrilliantBurritos,YieldingYams,buy
2026-07-03T19:24:08.469983+00:00,05:24:02,ASML_202703_F,115.6,100,BoundlessBisons,CapableCoyotes,buy
2026-07-03T19:24:08.469983+00:00,05:24:02,SAP_DUAL,60.1,50,JazzyJellies,HomelyHerrings,buy
2026-07-03T19:24:08.469983+00:00,05:24:02,OB5X_202612_080P,10.6,3,ScholarlySpearmints,VersatileVinegars,buy
2026-07-03T19:24:08.469983+00:00,05:24:02,OB5X_202612_080P,10.6,49,ScholarlySpearmints,TactfulTangerines,buy
2026-07-03T19:24:08.469983+00:00,05:24:02,OB5X_202706_F,227.7,50,RadiantRisottos,QuirkyQuinoas,buy
2026-07-03T19:24:08.469983+00:00,05:24:02,ASML_202706_F,116.5,100,BoundlessBisons,CapableCoyotes,buy
2026-07-03T19:24:08.469983+00:00,05:24:02,OB5X_202703_F,223.3,50,RadiantRisottos,QuirkyQuinoas,buy
2026-07-03T19:24:08.469983+00:00,05:24:02,ASML,113.5,20,BrilliantBurritos,WavyWalnuts,buy
2026-07-03T19:24:08.469983+00:00,05:24:02,OB5X_202612_F,220.8,50,RadiantRisottos,QuirkyQuinoas,buy
2026-07-03T19:24:08.469983+00:00,05:24:02,TSLA,8.9,200,WavyWalnuts,AverageAlmonds,buy
2026-07-03T19:24:08.469983+00:00,05:24:03,TSLA,8.9,300,YieldingYams,AverageAlmonds,buy
2026-07-03T19:24:08.469983+00:00,05:24:03,ASML_202612_075P,46.2,56,EssentialEagles,Gourab Sharma,buy
2026-07-03T19:24:08.469983+00:00,05:24:03,ASML_202612_075C,85.1,50,GenerousGeckos,EssentialEagles,sell
2026-07-03T19:24:08.469983+00:00,05:24:03,ASML_202612_075C,84.9,3,FortunateFerrets,EssentialEagles,sell
2026-07-03T19:24:08.469983+00:00,05:24:03,TSLA,8.9,325,YieldingYams,AverageAlmonds,sell
2026-07-03T19:24:08.469983+00:00,05:24:03,ASML_DUAL,113.5,43,DiligentDonuts,CostlyCorianders,sell
2026-07-03T19:24:08.469983+00:00,05:24:03,NVDA,58.2,200,YieldingYams,WavyWalnuts,sell
2026-07-03T19:24:17.964985+00:00,05:24:03,SAP,58.8,200,YieldingYams,WavyWalnuts,buy
2026-07-03T19:24:17.964985+00:00,05:24:03,SAP,58.9,425,YieldingYams,AverageAlmonds,buy
2026-07-03T19:24:17.964985+00:00,05:24:03,OB5X_ETF,54.2,204,LivelyLasagnas,KindlyKales,sell
2026-07-03T19:24:17.964985+00:00,05:24:04,ASML_DUAL,113.7,43,CostlyCorianders,EarnestEspressos,buy
2026-07-03T19:24:17.964985+00:00,05:24:04,TSLA,8.9,200,WavyWalnuts,AverageAlmonds,buy
2026-07-03T19:24:17.964985+00:00,05:24:04,ASML_DUAL,113.5,50,DiligentDonuts,FlawlessFlatbreads,sell
2026-07-03T19:24:17.964985+00:00,05:24:04,OB5X_202612_080C,148.7,47,TactfulTangerines,ScholarlySpearmints,sell
2026-07-03T19:24:17.964985+00:00,05:24:04,OB5X_ETF,54.2,296,LivelyLasagnas,NecessaryNutmegs,sell
2026-07-03T19:24:17.964985+00:00,05:24:04,OB5X_ETF,54.1,204,MarvelousMilkshakes,NecessaryNutmegs,sell
2026-07-03T19:24:17.964985+00:00,05:24:04,ASML_202612_100C,80.7,31,EssentialEagles,Gourab Sharma,buy
2026-07-03T19:24:17.964985+00:00,05:24:04,ASML_202612_100C,81.0,23,EssentialEagles,FortunateFerrets,buy
2026-07-03T19:24:17.964985+00:00,05:24:04,ASML_202612_F,115.4,50,DownrightDogfish,BoundlessBisons,buy
2026-07-03T19:24:17.964985+00:00,05:24:04,ASML_202612_100P,65.8,40,EssentialEagles,Gourab Sharma,buy
2026-07-03T19:24:17.964985+00:00,05:24:04,ASML,113.4,200,WavyWalnuts,YieldingYams,sell
2026-07-03T19:24:17.964985+00:00,05:24:04,ASML_DUAL,113.5,3,DiligentDonuts,Xuanyu Liu,sell
2026-07-03T19:24:17.964985+00:00,05:24:04,ASML,113.4,3,Xuanyu Liu,YieldingYams,buy
2026-07-03T19:24:17.964985+00:00,05:24:04,ASML_202612_050C,91.5,41,EssentialEagles,FortunateFerrets,buy
2026-07-03T19:24:17.964985+00:00,05:24:04,ASML_202703_F,116.3,50,DownrightDogfish,BoundlessBisons,buy
2026-07-03T19:24:17.964985+00:00,05:24:04,ASML_202706_F,117.1,50,DownrightDogfish,BoundlessBisons,buy
2026-07-03T19:24:17.964985+00:00,05:24:04,SAP_DUAL,59.7,50,HomelyHerrings,JazzyJellies,sell
2026-07-03T19:24:17.964985+00:00,05:24:04,ASML,113.4,200,WavyWalnuts,YieldingYams,buy
2026-07-03T19:24:17.964985+00:00,05:24:04,NVDA,58.1,200,YieldingYams,WavyWalnuts,sell
2026-07-03T19:24:17.964985+00:00,05:24:05,TSLA,8.8,500,AverageAlmonds,YieldingYams,buy
2026-07-03T19:24:17.964985+00:00,05:24:05,TSLA,8.8,125,WavyWalnuts,YieldingYams,buy
2026-07-03T19:24:17.964985+00:00,05:24:05,OB5X_202706_F,227.4,100,QuirkyQuinoas,PowerfulPineapples,buy
2026-07-03T19:24:17.964985+00:00,05:24:05,TSLA,8.9,500,YieldingYams,AverageAlmonds,buy
2026-07-03T19:24:17.964985+00:00,05:24:05,TSLA,8.9,125,YieldingYams,WavyWalnuts,buy
2026-07-03T19:24:17.964985+00:00,05:24:05,OB5X_202703_F,223.0,100,QuirkyQuinoas,PowerfulPineapples,buy
2026-07-03T19:24:17.964985+00:00,05:24:05,OB5X_202612_100C,136.0,50,ScholarlySpearmints,VersatileVinegars,buy
2026-07-03T19:24:17.964985+00:00,05:24:05,OB5X_202612_100C,136.1,9,ScholarlySpearmints,TactfulTangerines,buy
2026-07-03T19:24:17.964985+00:00,05:24:05,TSLA,8.9,20,BrilliantBurritos,WavyWalnuts,buy
2026-07-03T19:24:17.964985+00:00,05:24:05,OB5X_202612_F,220.5,100,QuirkyQuinoas,PowerfulPineapples,buy
2026-07-03T19:24:17.964985+00:00,05:24:05,OB5X_202612_100C,134.8,51,TactfulTangerines,ScholarlySpearmints,sell
2026-07-03T19:24:17.964985+00:00,05:24:05,ASML_202612_F,115.2,100,CapableCoyotes,BoundlessBisons,sell
2026-07-03T19:24:17.964985+00:00,05:24:06,ASML,113.5,200,WavyWalnuts,YieldingYams,buy
2026-07-03T19:24:17.964985+00:00,05:24:06,NVDA,58.1,200,AverageAlmonds,WavyWalnuts,sell
2026-07-03T19:24:17.964985+00:00,05:24:06,ASML_202703_F,116.0,100,CapableCoyotes,BoundlessBisons,sell
2026-07-03T19:24:17.964985+00:00,05:24:06,ASML_202706_F,116.9,100,CapableCoyotes,BoundlessBisons,sell
2026-07-03T19:24:17.964985+00:00,05:24:06,ASML_DUAL,113.5,4,DiligentDonuts,FlawlessFlatbreads,sell
2026-07-03T19:24:17.964985+00:00,05:24:06,OB5X_ETF,54.2,217,KindlyKales,MarvelousMilkshakes,buy
2026-07-03T19:24:17.964985+00:00,05:24:06,TSLA,8.8,200,AverageAlmonds,WavyWalnuts,sell
2026-07-03T19:24:17.964985+00:00,05:24:06,SAP,58.8,100,WavyWalnuts,Gourab Sharma,buy
2026-07-03T19:24:17.964985+00:00,05:24:06,SAP,58.8,100,WavyWalnuts,YieldingYams,buy
2026-07-03T19:24:17.964985+00:00,05:24:06,ASML_202612_050P,27.1,41,Gourab Sharma,EssentialEagles,sell
2026-07-03T19:24:17.964985+00:00,05:24:06,SAP_DUAL,59.6,57,InfiniteIcecreams,GroovyGrapefruits,sell
2026-07-03T19:24:17.964985+00:00,05:24:06,SAP_DUAL,60.1,50,JazzyJellies,InfiniteIcecreams,buy
2026-07-03T19:24:17.964985+00:00,05:24:06,ASML_202703_F,116.0,50,CapableCoyotes,AttentiveAntelopes,sell
2026-07-03T19:24:17.964985+00:00,05:24:06,ASML_202706_F,116.9,49,CapableCoyotes,AttentiveAntelopes,sell
2026-07-03T19:24:17.964985+00:00,05:24:07,TSLA,8.8,300,AverageAlmonds,YieldingYams,sell
2026-07-03T19:24:17.964985+00:00,05:24:07,TSLA,8.7,200,WavyWalnuts,YieldingYams,sell
2026-07-03T19:24:17.964985+00:00,05:24:07,TSLA,8.7,125,AverageAlmonds,YieldingYams,buy
2026-07-03T19:24:17.964985+00:00,05:24:07,ASML,113.5,200,YieldingYams,WavyWalnuts,sell
2026-07-03T19:24:17.964985+00:00,05:24:07,OB5X_202612_120C,125.5,50,ScholarlySpearmints,VersatileVinegars,buy
2026-07-03T19:24:17.964985+00:00,05:24:07,OB5X_202612_120C,126.1,9,ScholarlySpearmints,TactfulTangerines,buy
2026-07-03T19:24:17.964985+00:00,05:24:07,ASML_DUAL,113.7,40,CostlyCorianders,DiligentDonuts,buy
2026-07-03T19:24:17.964985+00:00,05:24:07,NVDA,58.1,500,AverageAlmonds,YieldingYams,sell
2026-07-03T19:24:17.964985+00:00,05:24:07,OB5X_202612_100P,17.8,45,ScholarlySpearmints,TactfulTangerines,buy
2026-07-03T19:24:17.964985+00:00,05:24:07,OB5X_202612_100C,135.1,56,TactfulTangerines,ScholarlySpearmints,buy
2026-07-03T19:24:17.964985+00:00,05:24:07,ASML_202612_100C,80.7,41,Gourab Sharma,EssentialEagles,sell
2026-07-03T19:24:17.964985+00:00,05:24:07,ASML_202612_050P,27.3,10,EssentialEagles,Gourab Sharma,buy
2026-07-03T19:24:17.964985+00:00,05:24:07,ASML_202612_050P,27.4,45,EssentialEagles,FortunateFerrets,buy
2026-07-03T19:24:17.964985+00:00,05:24:07,NVDA,58.1,125,AverageAlmonds,YieldingYams,buy
2026-07-03T19:24:17.964985+00:00,05:24:07,SAP,58.8,200,YieldingYams,WavyWalnuts,sell
2026-07-03T19:24:17.964985+00:00,05:24:07,SAP_DUAL,60.1,46,GroovyGrapefruits,HomelyHerrings,buy
2026-07-03T19:24:17.964985+00:00,05:24:08,OB5X_ETF,54.2,202,KindlyKales,MarvelousMilkshakes,buy
2026-07-03T19:24:17.964985+00:00,05:24:08,TSLA,8.8,200,WavyWalnuts,YieldingYams,sell
2026-07-03T19:24:17.964985+00:00,05:24:08,NVDA,58.2,100,Gourab Sharma,WavyWalnuts,buy
2026-07-03T19:24:17.964985+00:00,05:24:08,OB5X_ETF,54.3,80,NecessaryNutmegs,Gourab Sharma,buy
2026-07-03T19:24:17.964985+00:00,05:24:08,OB5X_ETF,54.3,420,NecessaryNutmegs,LivelyLasagnas,buy
2026-07-03T19:24:17.964985+00:00,05:24:08,NVDA,58.2,100,YieldingYams,WavyWalnuts,buy
2026-07-03T19:24:17.964985+00:00,05:24:08,OB5X_202612_080P,10.7,51,ScholarlySpearmints,TactfulTangerines,buy
2026-07-03T19:24:17.964985+00:00,05:24:09,TSLA,8.7,200,YieldingYams,WavyWalnuts,sell
2026-07-03T19:24:17.964985+00:00,05:24:09,OB5X_202612_080C,150.2,52,ScholarlySpearmints,TactfulTangerines,buy
2026-07-03T19:24:17.964985+00:00,05:24:09,ASML_202612_F,115.0,50,DownrightDogfish,CapableCoyotes,buy
2026-07-03T19:24:17.964985+00:00,05:24:09,OB5X_202612_120P,25.2,50,VersatileVinegars,ScholarlySpearmints,sell
2026-07-03T19:24:17.964985+00:00,05:24:09,OB5X_202612_120P,25.1,5,TactfulTangerines,ScholarlySpearmints,sell
2026-07-03T19:24:17.964985+00:00,05:24:09,ASML_202703_F,115.7,50,DownrightDogfish,CapableCoyotes,buy
2026-07-03T19:24:17.964985+00:00,05:24:09,ASML_202706_F,116.6,50,DownrightDogfish,CapableCoyotes,buy
2026-07-03T19:24:17.964985+00:00,05:24:09,ASML_202612_F,115.0,100,BoundlessBisons,CapableCoyotes,buy
2026-07-03T19:24:17.964985+00:00,05:24:09,ASML_202703_F,115.7,100,BoundlessBisons,CapableCoyotes,buy
2026-07-03T19:24:17.964985+00:00,05:24:09,NVDA,58.3,200,YieldingYams,WavyWalnuts,sell
2026-07-03T19:24:17.964985+00:00,05:24:09,ASML_202706_F,116.6,100,BoundlessBisons,CapableCoyotes,buy
2026-07-03T19:24:17.964985+00:00,05:24:09,ASML_DUAL,113.4,40,EarnestEspressos,CostlyCorianders,sell
2026-07-03T19:24:19.644984+00:00,05:24:10,OB5X_202706_F,228.0,54,OriginalOlives,PowerfulPineapples,buy
2026-07-03T19:24:19.644984+00:00,05:24:10,ASML_202612_050C,91.0,50,FortunateFerrets,EssentialEagles,sell
2026-07-03T19:24:19.644984+00:00,05:24:10,OB5X_202703_F,223.6,49,OriginalOlives,PowerfulPineapples,buy
2026-07-03T19:24:19.644984+00:00,05:24:10,TSLA,8.8,500,AverageAlmonds,YieldingYams,buy
2026-07-03T19:24:19.644984+00:00,05:24:10,TSLA,8.8,125,WavyWalnuts,YieldingYams,buy
2026-07-03T19:24:19.644984+00:00,05:24:10,SAP,58.9,200,WavyWalnuts,AverageAlmonds,buy
2026-07-03T19:24:19.644984+00:00,05:24:10,TSLA,8.8,20,WavyWalnuts,BrilliantBurritos,sell
2026-07-03T19:24:19.644984+00:00,05:24:10,ASML_DUAL,113.9,50,FlawlessFlatbreads,EarnestEspressos,buy
2026-07-03T19:24:19.644984+00:00,05:24:10,OB5X_ETF,54.2,500,MarvelousMilkshakes,NecessaryNutmegs,sell
2026-07-03T19:24:19.644984+00:00,05:24:10,OB5X_202612_120P,26.4,47,ScholarlySpearmints,TactfulTangerines,buy
2026-07-03T19:24:19.644984+00:00,05:24:10,SAP_DUAL,59.8,50,HomelyHerrings,GroovyGrapefruits,sell
2026-07-03T19:24:19.644984+00:00,05:24:10,AAPL,163.2,500,YieldingYams,AverageAlmonds,sell
2026-07-03T19:24:19.644984+00:00,05:24:10,OB5X_202612_100P,17.7,44,ScholarlySpearmints,VersatileVinegars,buy
2026-07-03T19:24:19.644984+00:00,05:24:10,AAPL,163.2,125,YieldingYams,WavyWalnuts,sell
2026-07-03T19:24:19.644984+00:00,05:24:10,TSLA,8.9,200,YieldingYams,WavyWalnuts,buy
2026-07-03T19:24:19.644984+00:00,05:24:10,TSLA,8.9,425,YieldingYams,AverageAlmonds,buy
2026-07-03T19:24:19.644984+00:00,05:24:11,ASML,113.5,200,WavyWalnuts,YieldingYams,sell
2026-07-03T19:24:19.644984+00:00,05:24:11,ASML_202612_100P,65.6,40,Gourab Sharma,EssentialEagles,sell
2026-07-03T19:24:19.644984+00:00,05:24:11,ASML_202612_100P,65.6,12,FortunateFerrets,EssentialEagles,sell
2026-07-03T19:24:19.644984+00:00,05:24:11,TSLA,8.9,20,BrilliantBurritos,AverageAlmonds,buy
2026-07-03T19:24:19.644984+00:00,05:24:11,TSLA,8.9,100,Gourab Sharma,AverageAlmonds,buy
2026-07-03T19:24:19.644984+00:00,05:24:11,TSLA,8.7,200,AverageAlmonds,WavyWalnuts,sell
2026-07-03T19:24:19.644984+00:00,05:24:11,SAP,58.9,500,YieldingYams,AverageAlmonds,buy
2026-07-03T19:24:19.644984+00:00,05:24:11,OB5X_ETF,54.2,500,LivelyLasagnas,MarvelousMilkshakes,sell
2026-07-03T19:24:19.644984+00:00,05:24:11,OB5X_202612_F,220.7,44,QuirkyQuinoas,OriginalOlives,sell
2026-07-03T19:24:19.644984+00:00,05:24:11,OB5X_ETF,54.1,80,Gourab Sharma,KindlyKales,sell
2026-07-03T19:24:19.644984+00:00,05:24:11,SAP_DUAL,60.2,47,GroovyGrapefruits,InfiniteIcecreams,buy
2026-07-03T19:24:19.644984+00:00,05:24:11,SAP,58.9,20,YieldingYams,BrilliantBurritos,sell
2026-07-03T19:24:19.644984+00:00,05:24:11,NVDA,58.2,20,BrilliantBurritos,WavyWalnuts,buy
2026-07-03T19:24:19.644984+00:00,05:24:12,ASML,113.5,200,WavyWalnuts,YieldingYams,buy
2026-07-03T19:24:19.644984+00:00,05:24:12,NVDA,58.1,200,YieldingYams,WavyWalnuts,sell
2026-07-03T19:24:19.644984+00:00,05:24:12,TSLA,8.8,100,YieldingYams,Gourab Sharma,buy
2026-07-03T19:24:19.644984+00:00,05:24:12,TSLA,8.9,500,YieldingYams,AverageAlmonds,buy
2026-07-03T19:24:19.644984+00:00,05:24:12,ASML_202612_100C,80.9,32,EssentialEagles,Gourab Sharma,buy
2026-07-03T19:24:19.644984+00:00,05:24:12,ASML_202612_100C,81.2,27,EssentialEagles,GenerousGeckos,buy
2026-07-03T19:24:19.644984+00:00,05:24:12,ASML_202612_075P,46.0,27,Gourab Sharma,EssentialEagles,sell
2026-07-03T19:24:19.644984+00:00,05:24:12,ASML_202612_075P,45.7,32,FortunateFerrets,EssentialEagles,sell
2026-07-03T19:24:19.644984+00:00,05:24:12,OB5X_ETF,54.2,250,LivelyLasagnas,MarvelousMilkshakes,buy
2026-07-03T19:24:19.644984+00:00,05:24:12,ASML_DUAL,113.9,50,FlawlessFlatbreads,DiligentDonuts,buy
2026-07-03T19:24:19.644984+00:00,05:24:12,TSLA,8.9,25,YieldingYams,AverageAlmonds,sell
2026-07-03T19:24:19.644984+00:00,05:24:12,SAP,58.9,105,YieldingYams,WavyWalnuts,sell
2026-07-03T19:24:19.644984+00:00,05:24:12,OB5X_ETF,54.2,250,LivelyLasagnas,NecessaryNutmegs,sell
2026-07-03T19:24:19.644984+00:00,05:24:12,SAP,58.7,100,Gourab Sharma,YieldingYams,sell
2026-07-03T19:24:19.644984+00:00,05:24:12,SAP,58.7,200,WavyWalnuts,YieldingYams,sell
2026-07-03T19:24:19.644984+00:00,05:24:12,SAP_DUAL,59.7,3,InfiniteIcecreams,Xuanyu Liu,sell
2026-07-03T19:24:19.644984+00:00,05:24:12,SAP,58.7,3,Xuanyu Liu,YieldingYams,buy
2026-07-03T19:24:19.644984+00:00,05:24:12,ASML_202612_F,115.5,100,CapableCoyotes,BoundlessBisons,sell
2026-07-03T19:24:19.644984+00:00,05:24:13,ASML_202703_F,116.2,100,CapableCoyotes,BoundlessBisons,sell
2026-07-03T19:24:19.644984+00:00,05:24:13,SAP_DUAL,60.1,50,JazzyJellies,HomelyHerrings,buy
2026-07-03T19:24:19.644984+00:00,05:24:13,ASML_DUAL,113.4,47,EarnestEspressos,CostlyCorianders,sell
2026-07-03T19:24:19.644984+00:00,05:24:13,NVDA,58.1,500,AverageAlmonds,YieldingYams,buy
2026-07-03T19:24:19.644984+00:00,05:24:13,ASML_202706_F,117.1,100,CapableCoyotes,BoundlessBisons,sell
2026-07-03T19:24:19.644984+00:00,05:24:13,AAPL,163.0,200,WavyWalnuts,YieldingYams,buy
2026-07-03T19:24:19.644984+00:00,05:24:13,OB5X_202706_F,228.2,55,OriginalOlives,PowerfulPineapples,buy
2026-07-03T19:24:19.644984+00:00,05:24:13,OB5X_202612_120P,25.1,59,TactfulTangerines,ScholarlySpearmints,sell
2026-07-03T19:24:19.644984+00:00,05:24:13,OB5X_202703_F,223.4,43,QuirkyQuinoas,OriginalOlives,sell
2026-07-03T19:24:19.644984+00:00,05:24:13,OB5X_202612_F,220.8,55,QuirkyQuinoas,OriginalOlives,sell
2026-07-03T19:24:19.644984+00:00,05:24:13,TSLA,8.8,200,WavyWalnuts,YieldingYams,sell
2026-07-03T19:24:21.746984+00:00,05:24:13,ASML_202612_F,115.5,50,CapableCoyotes,DownrightDogfish,sell
2026-07-03T19:24:21.746984+00:00,05:24:13,NVDA,58.1,125,AverageAlmonds,YieldingYams,buy
2026-07-03T19:24:21.746984+00:00,05:24:13,SAP,58.7,200,WavyWalnuts,YieldingYams,buy
2026-07-03T19:24:21.746984+00:00,05:24:13,ASML_202703_F,116.2,50,CapableCoyotes,DownrightDogfish,sell
2026-07-03T19:24:21.746984+00:00,05:24:14,ASML_202706_F,117.1,50,CapableCoyotes,DownrightDogfish,sell
2026-07-03T19:24:21.746984+00:00,05:24:14,NVDA,58.2,200,YieldingYams,WavyWalnuts,buy
2026-07-03T19:24:21.746984+00:00,05:24:14,NVDA,58.3,100,YieldingYams,Gourab Sharma,buy
2026-07-03T19:24:21.746984+00:00,05:24:14,NVDA,58.5,325,YieldingYams,AverageAlmonds,buy
2026-07-03T19:24:21.746984+00:00,05:24:14,SAP,58.9,100,YieldingYams,Gourab Sharma,sell
2026-07-03T19:24:21.746984+00:00,05:24:14,SAP,58.9,20,YieldingYams,BrilliantBurritos,sell
2026-07-03T19:24:21.746984+00:00,05:24:14,NVDA,58.2,100,Gourab Sharma,WavyWalnuts,sell
2026-07-03T19:24:21.746984+00:00,05:24:14,NVDA,58.1,100,AverageAlmonds,WavyWalnuts,sell
2026-07-03T19:24:21.746984+00:00,05:24:14,AAPL,163.0,200,WavyWalnuts,YieldingYams,buy
2026-07-03T19:24:21.746984+00:00,05:24:14,ASML_DUAL,113.6,50,FlawlessFlatbreads,EarnestEspressos,buy
2026-07-03T19:24:21.746984+00:00,05:24:14,OB5X_202612_120C,125.9,43,ScholarlySpearmints,VersatileVinegars,buy
2026-07-03T19:24:21.746984+00:00,05:24:14,ASML_DUAL,113.6,41,CostlyCorianders,EarnestEspressos,buy
2026-07-03T19:24:21.746984+00:00,05:24:14,OB5X_ETF,54.2,500,MarvelousMilkshakes,NecessaryNutmegs,sell
2026-07-03T19:24:21.746984+00:00,05:24:14,OB5X_202706_F,228.2,44,OriginalOlives,PowerfulPineapples,buy
2026-07-03T19:24:21.746984+00:00,05:24:15,OB5X_202612_100P,17.7,6,ScholarlySpearmints,VersatileVinegars,buy
2026-07-03T19:24:21.746984+00:00,05:24:15,OB5X_202612_100P,17.8,42,ScholarlySpearmints,TactfulTangerines,buy
2026-07-03T19:24:21.746984+00:00,05:24:15,SAP,58.9,500,YieldingYams,AverageAlmonds,sell
2026-07-03T19:24:21.746984+00:00,05:24:15,OB5X_202612_100P,16.8,48,TactfulTangerines,ScholarlySpearmints,sell
2026-07-03T19:24:21.746984+00:00,05:24:15,TSLA,8.8,200,WavyWalnuts,YieldingYams,buy
2026-07-03T19:24:21.746984+00:00,05:24:15,SAP,58.9,5,YieldingYams,WavyWalnuts,sell
2026-07-03T19:24:21.746984+00:00,05:24:15,SAP_DUAL,59.6,56,HomelyHerrings,GroovyGrapefruits,sell
2026-07-03T19:24:21.746984+00:00,05:24:15,SAP_DUAL,60.1,50,JazzyJellies,HomelyHerrings,buy
2026-07-03T19:24:21.746984+00:00,05:24:15,OB5X_ETF,54.2,222,MarvelousMilkshakes,KindlyKales,sell
2026-07-03T19:24:21.746984+00:00,05:24:15,NVDA,58.2,200,YieldingYams,WavyWalnuts,sell
2026-07-03T19:24:21.746984+00:00,05:24:15,AAPL,163.0,200,WavyWalnuts,AverageAlmonds,buy
2026-07-03T19:24:21.746984+00:00,05:24:15,OB5X_ETF,54.2,28,MarvelousMilkshakes,LivelyLasagnas,sell
2026-07-03T19:24:21.746984+00:00,05:24:16,NVDA,58.3,20,BrilliantBurritos,Gourab Sharma,buy
2026-07-03T19:24:21.746984+00:00,05:24:16,ASML_202612_F,114.9,50,DownrightDogfish,CapableCoyotes,buy
2026-07-03T19:24:21.746984+00:00,05:24:16,OB5X_202706_F,227.8,100,PowerfulPineapples,QuirkyQuinoas,sell
2026-07-03T19:24:21.746984+00:00,05:24:16,TSLA,8.9,500,YieldingYams,AverageAlmonds,buy
2026-07-03T19:24:21.746984+00:00,05:24:16,ASML_202703_F,115.7,50,DownrightDogfish,CapableCoyotes,buy
2026-07-03T19:24:21.746984+00:00,05:24:16,OB5X_202706_F,227.8,50,OriginalOlives,QuirkyQuinoas,buy
2026-07-03T19:24:21.746984+00:00,05:24:16,OB5X_202706_F,228.3,2,OriginalOlives,PowerfulPineapples,buy
2026-07-03T19:24:21.746984+00:00,05:24:16,ASML,113.4,20,WavyWalnuts,BrilliantBurritos,sell
2026-07-03T19:24:21.746984+00:00,05:24:16,ASML,113.4,180,WavyWalnuts,YieldingYams,sell
2026-07-03T19:24:21.746984+00:00,05:24:16,TSLA,8.9,125,YieldingYams,AverageAlmonds,sell
2026-07-03T19:24:21.746984+00:00,05:24:16,AAPL,162.9,500,YieldingYams,AverageAlmonds,sell
2026-07-03T19:24:21.746984+00:00,05:24:16,ASML_202706_F,116.5,50,DownrightDogfish,CapableCoyotes,buy
2026-07-03T19:24:21.746984+00:00,05:24:16,ASML_202612_F,114.9,100,BoundlessBisons,CapableCoyotes,buy
2026-07-03T19:24:21.746984+00:00,05:24:16,OB5X_202612_F,220.8,100,PowerfulPineapples,QuirkyQuinoas,sell
2026-07-03T19:24:21.746984+00:00,05:24:16,ASML_202612_075P,46.0,47,EssentialEagles,Gourab Sharma,buy
2026-07-03T19:24:21.746984+00:00,05:24:16,OB5X_202612_100C,135.0,45,VersatileVinegars,ScholarlySpearmints,sell
2026-07-03T19:24:21.746984+00:00,05:24:16,ASML_202703_F,115.7,100,BoundlessBisons,CapableCoyotes,buy
2026-07-03T19:24:21.746984+00:00,05:24:16,ASML_202706_F,116.5,100,BoundlessBisons,CapableCoyotes,buy
2026-07-03T19:24:21.746984+00:00,05:24:16,ASML_DUAL,113.6,50,FlawlessFlatbreads,EarnestEspressos,buy
2026-07-03T19:24:21.746984+00:00,05:24:16,SAP,58.7,100,Gourab Sharma,YieldingYams,sell
2026-07-03T19:24:21.746984+00:00,05:24:16,SAP,58.7,200,WavyWalnuts,YieldingYams,sell
2026-07-03T19:24:23.451984+00:00,05:24:16,OB5X_ETF,54.2,472,NecessaryNutmegs,LivelyLasagnas,buy
2026-07-03T19:24:23.451984+00:00,05:24:16,OB5X_ETF,54.4,28,NecessaryNutmegs,MarvelousMilkshakes,buy
2026-07-03T19:24:23.451984+00:00,05:24:16,ASML,113.4,200,WavyWalnuts,YieldingYams,buy
2026-07-03T19:24:23.451984+00:00,05:24:16,NVDA,58.2,200,YieldingYams,WavyWalnuts,sell
2026-07-03T19:24:23.451984+00:00,05:24:16,ASML_DUAL,113.5,40,DiligentDonuts,CostlyCorianders,sell
2026-07-03T19:24:23.451984+00:00,05:24:17,SAP_DUAL,60.1,50,JazzyJellies,InfiniteIcecreams,buy
2026-07-03T19:24:23.451984+00:00,05:24:17,TSLA,8.7,200,WavyWalnuts,YieldingYams,sell
2026-07-03T19:24:23.451984+00:00,05:24:17,TSLA,8.7,425,AverageAlmonds,YieldingYams,sell
2026-07-03T19:24:23.451984+00:00,05:24:17,TSLA,8.8,200,AverageAlmonds,WavyWalnuts,buy
2026-07-03T19:24:23.451984+00:00,05:24:17,TSLA,8.8,100,AverageAlmonds,Gourab Sharma,sell
2026-07-03T19:24:23.451984+00:00,05:24:17,TSLA,8.8,200,AverageAlmonds,WavyWalnuts,sell
2026-07-03T19:24:23.451984+00:00,05:24:17,SAP,58.7,200,WavyWalnuts,YieldingYams,buy
2026-07-03T19:24:23.451984+00:00,05:24:17,ASML_DUAL,114.0,44,CostlyCorianders,DiligentDonuts,buy
2026-07-03T19:24:23.451984+00:00,05:24:17,OB5X_ETF,54.4,213,KindlyKales,MarvelousMilkshakes,buy
2026-07-03T19:24:23.451984+00:00,05:24:18,AAPL,162.8,200,WavyWalnuts,AverageAlmonds,sell
2026-07-03T19:24:23.451984+00:00,05:24:18,AAPL,162.8,300,YieldingYams,AverageAlmonds,sell
2026-07-03T19:24:23.451984+00:00,05:24:18,NVDA,58.3,80,WavyWalnuts,Gourab Sharma,buy
2026-07-03T19:24:23.451984+00:00,05:24:18,SAP,58.8,200,YieldingYams,WavyWalnuts,buy
2026-07-03T19:24:23.451984+00:00,05:24:18,SAP,58.9,425,YieldingYams,AverageAlmonds,buy
2026-07-03T19:24:23.451984+00:00,05:24:18,NVDA,58.3,120,WavyWalnuts,YieldingYams,sell
2026-07-03T19:24:23.451984+00:00,05:24:18,ASML_202612_075P,46.0,33,EssentialEagles,Gourab Sharma,buy
2026-07-03T19:24:23.451984+00:00,05:24:18,ASML_202612_050P,27.2,52,Gourab Sharma,EssentialEagles,sell
2026-07-03T19:24:23.451984+00:00,05:24:18,TSLA,8.8,200,AverageAlmonds,WavyWalnuts,sell
2026-07-03T19:24:23.451984+00:00,05:24:18,SAP,58.7,100,WavyWalnuts,Gourab Sharma,buy
2026-07-03T19:24:23.451984+00:00,05:24:18,TSLA,8.8,300,AverageAlmonds,YieldingYams,sell
2026-07-03T19:24:23.451984+00:00,05:24:18,SAP_DUAL,60.1,46,GroovyGrapefruits,InfiniteIcecreams,buy
2026-07-03T19:24:23.451984+00:00,05:24:18,ASML,113.5,200,WavyWalnuts,YieldingYams,sell
2026-07-03T19:24:23.451984+00:00,05:24:19,OB5X_ETF,54.3,500,NecessaryNutmegs,MarvelousMilkshakes,buy
2026-07-03T19:24:23.451984+00:00,05:24:19,OB5X_202612_120C,125.6,50,ScholarlySpearmints,TactfulTangerines,sell
2026-07-03T19:24:25.116983+00:00,05:24:19,TSLA,8.8,325,AverageAlmonds,YieldingYams,buy
2026-07-03T19:24:25.116983+00:00,05:24:19,SAP_DUAL,60.1,53,GroovyGrapefruits,InfiniteIcecreams,buy
2026-07-03T19:24:25.116983+00:00,05:24:19,ASML_202612_100C,80.9,42,Gourab Sharma,EssentialEagles,sell
2026-07-03T19:24:25.116983+00:00,05:24:19,SAP_DUAL,59.7,50,HomelyHerrings,JazzyJellies,sell
2026-07-03T19:24:25.116983+00:00,05:24:19,OB5X_ETF,54.3,235,KindlyKales,MarvelousMilkshakes,buy
2026-07-03T19:24:25.116983+00:00,05:24:19,OB5X_202706_F,227.9,100,QuirkyQuinoas,PowerfulPineapples,buy
2026-07-03T19:24:25.116983+00:00,05:24:19,ASML_202612_050P,27.2,28,Gourab Sharma,EssentialEagles,sell
2026-07-03T19:24:25.116983+00:00,05:24:19,ASML_202612_050P,27.0,18,FortunateFerrets,EssentialEagles,sell
2026-07-03T19:24:25.116983+00:00,05:24:19,OB5X_202612_F,220.9,100,QuirkyQuinoas,PowerfulPineapples,buy
2026-07-03T19:24:25.116983+00:00,05:24:19,ASML_202612_F,115.4,100,CapableCoyotes,BoundlessBisons,sell
2026-07-03T19:24:25.116983+00:00,05:24:19,SAP_DUAL,59.7,50,HomelyHerrings,GroovyGrapefruits,sell
2026-07-03T19:24:25.116983+00:00,05:24:19,SAP_DUAL,59.6,3,InfiniteIcecreams,GroovyGrapefruits,sell
2026-07-03T19:24:25.116983+00:00,05:24:19,TSLA,8.8,200,AverageAlmonds,WavyWalnuts,sell
2026-07-03T19:24:25.116983+00:00,05:24:20,ASML,113.5,20,BrilliantBurritos,YieldingYams,buy
2026-07-03T19:24:25.116983+00:00,05:24:20,ASML_202703_F,116.2,100,CapableCoyotes,BoundlessBisons,sell
2026-07-03T19:24:25.116983+00:00,05:24:20,TSLA,8.9,500,YieldingYams,AverageAlmonds,buy
2026-07-03T19:24:25.116983+00:00,05:24:20,ASML_202706_F,117.0,100,CapableCoyotes,BoundlessBisons,sell
2026-07-03T19:24:25.116983+00:00,05:24:20,SAP_DUAL,60.2,100,InfiniteIcecreams,HomelyHerrings,buy
2026-07-03T19:24:25.116983+00:00,05:24:20,ASML_DUAL,113.7,11,EarnestEspressos,Xuanyu Liu,sell
2026-07-03T19:24:25.116983+00:00,05:24:20,ASML,113.5,11,Xuanyu Liu,WavyWalnuts,buy
2026-07-03T19:24:25.116983+00:00,05:24:20,SAP_DUAL,60.3,4,InfiniteIcecreams,Xuanyu Liu,sell
2026-07-03T19:24:25.116983+00:00,05:24:20,SAP,58.8,4,Xuanyu Liu,YieldingYams,buy
2026-07-03T19:24:25.116983+00:00,05:24:20,ASML_202612_F,115.4,50,CapableCoyotes,AttentiveAntelopes,sell
2026-07-03T19:24:25.116983+00:00,05:24:20,TSLA,9.1,125,YieldingYams,AverageAlmonds,sell
2026-07-03T19:24:25.116983+00:00,05:24:20,AAPL,162.7,500,YieldingYams,AverageAlmonds,sell
2026-07-03T19:24:25.116983+00:00,05:24:20,ASML_DUAL,113.7,43,EarnestEspressos,CostlyCorianders,sell
2026-07-03T19:24:25.116983+00:00,05:24:20,ASML_202706_F,117.0,50,CapableCoyotes,AttentiveAntelopes,sell
2026-07-03T19:24:28.909984+00:00,05:24:20,ASML_202612_075P,46.0,41,Gourab Sharma,EssentialEagles,sell
2026-07-03T19:24:28.909984+00:00,05:24:20,ASML_202612_075C,85.8,50,EssentialEagles,GenerousGeckos,buy
2026-07-03T19:24:28.909984+00:00,05:24:20,ASML_202612_F,114.4,50,BoundlessBisons,DownrightDogfish,sell
2026-07-03T19:24:28.909984+00:00,05:24:20,ASML_202703_F,116.2,50,CapableCoyotes,DownrightDogfish,sell
2026-07-03T19:24:28.909984+00:00,05:24:20,NVDA,58.4,20,BrilliantBurritos,AverageAlmonds,buy
2026-07-03T19:24:28.909984+00:00,05:24:21,ASML_202706_F,116.1,50,BoundlessBisons,DownrightDogfish,sell
2026-07-03T19:24:28.909984+00:00,05:24:21,AAPL,162.7,20,YieldingYams,BrilliantBurritos,sell
2026-07-03T19:24:28.909984+00:00,05:24:21,ASML_DUAL,113.7,50,EarnestEspressos,FlawlessFlatbreads,sell
2026-07-03T19:24:28.909984+00:00,05:24:21,OB5X_ETF,54.3,500,MarvelousMilkshakes,LivelyLasagnas,buy
2026-07-03T19:24:28.909984+00:00,05:24:21,AAPL,162.7,105,YieldingYams,AverageAlmonds,sell
2026-07-03T19:24:28.909984+00:00,05:24:21,AAPL,162.7,200,WavyWalnuts,AverageAlmonds,sell
2026-07-03T19:24:28.909984+00:00,05:24:21,TSLA,8.8,200,AverageAlmonds,WavyWalnuts,sell
2026-07-03T19:24:28.909984+00:00,05:24:21,OB5X_202703_F,223.5,50,RadiantRisottos,PowerfulPineapples,buy
