captured_at,time,ticker,price,volume,buyer,seller,aggressor
2026-07-11T21:06:53.656870+00:00,06:44:04,NVDA,37.5,200,YieldingYams,WavyWalnuts,buy
2026-07-11T21:06:53.656870+00:00,06:44:04,NVDA,37.6,425,YieldingYams,AverageAlmonds,buy
2026-07-11T21:06:53.656870+00:00,06:44:04,SAP_DUAL,58.7,50,InfiniteIcecreams,JazzyJellies,sell
2026-07-11T21:06:53.656870+00:00,06:44:04,ASML_DUAL,47.6,4,Xinhong Shan,CostlyCorianders,sell
2026-07-11T21:06:53.656870+00:00,06:44:04,ASML_DUAL,47.6,40,DiligentDonuts,CostlyCorianders,sell
2026-07-11T21:06:53.656870+00:00,06:44:04,ASML_202612_100C,25.5,46,GenerousGeckos,EssentialEagles,sell
2026-07-11T21:06:53.656870+00:00,06:44:04,NVDA,37.6,200,WavyWalnuts,AverageAlmonds,buy
2026-07-11T21:06:53.656870+00:00,06:44:04,TSLA,10.8,200,YieldingYams,WavyWalnuts,sell
2026-07-11T21:06:53.656870+00:00,06:44:05,SAP_DUAL,59.0,44,GroovyGrapefruits,Shen Jiang,buy
2026-07-11T21:06:53.656870+00:00,06:44:05,ASML_DUAL,47.6,48,DiligentDonuts,CostlyCorianders,sell
2026-07-11T21:06:53.656870+00:00,06:44:05,ASML_DUAL,47.6,12,DiligentDonuts,FlawlessFlatbreads,sell
2026-07-11T21:06:53.656870+00:00,06:44:05,ASML_DUAL,47.3,38,EarnestEspressos,FlawlessFlatbreads,sell
2026-07-11T21:06:53.656870+00:00,06:44:05,OB5X_202612_080P,15.6,42,ScholarlySpearmints,ScholarlySpearmints,sell
2026-07-11T21:06:53.656870+00:00,06:44:05,OB5X_ETF,35.5,500,LivelyLasagnas,NecessaryNutmegs,sell
2026-07-11T21:06:53.656870+00:00,06:44:05,TSLA,10.7,200,Shen Jiang,YieldingYams,sell
2026-07-11T21:06:53.656870+00:00,06:44:05,TSLA,10.7,200,WavyWalnuts,YieldingYams,sell
2026-07-11T21:06:53.656870+00:00,06:44:05,TSLA,10.7,225,AverageAlmonds,YieldingYams,sell
2026-07-11T21:06:53.656870+00:00,06:44:05,ASML_202612_050C,31.4,52,EssentialEagles,FortunateFerrets,buy
2026-07-11T21:06:53.656870+00:00,06:44:05,OB5X_ETF,35.6,232,MarvelousMilkshakes,KindlyKales,sell
2026-07-11T21:06:53.656870+00:00,06:44:05,NVDA,37.5,200,WavyWalnuts,YieldingYams,buy
2026-07-11T21:06:53.656870+00:00,06:44:06,ASML_202612_F,44.7,50,DownrightDogfish,BoundlessBisons,buy
2026-07-11T21:06:53.656870+00:00,06:44:06,ASML_202703_F,45.0,50,DownrightDogfish,BoundlessBisons,buy
2026-07-11T21:06:53.656870+00:00,06:44:06,AAPL,163.4,200,WavyWalnuts,YieldingYams,sell
2026-07-11T21:06:53.656870+00:00,06:44:06,ASML_202706_F,45.2,50,DownrightDogfish,BoundlessBisons,buy
2026-07-11T21:06:53.656870+00:00,06:44:06,OB5X_ETF,35.6,500,MarvelousMilkshakes,LivelyLasagnas,sell
2026-07-11T21:06:53.656870+00:00,06:44:06,SAP_DUAL,59.1,50,JazzyJellies,HomelyHerrings,buy
2026-07-11T21:06:53.656870+00:00,06:44:06,TSLA,10.9,20,BrilliantBurritos,WavyWalnuts,buy
2026-07-11T21:06:53.656870+00:00,06:44:06,ASML_202612_075P,55.6,50,EssentialEagles,FortunateFerrets,buy
2026-07-11T21:06:53.656870+00:00,06:44:07,TSLA,10.9,180,YieldingYams,WavyWalnuts,buy
2026-07-11T21:06:53.656870+00:00,06:44:07,TSLA,10.9,200,YieldingYams,Shen Jiang,buy
2026-07-11T21:06:53.656870+00:00,06:44:07,TSLA,10.9,245,YieldingYams,AverageAlmonds,buy
2026-07-11T21:06:53.656870+00:00,06:44:07,NVDA,37.5,20,BrilliantBurritos,YieldingYams,buy
2026-07-11T21:06:53.656870+00:00,06:44:07,NVDA,37.5,200,WavyWalnuts,YieldingYams,buy
2026-07-11T21:06:53.656870+00:00,06:44:07,NVDA,37.6,500,YieldingYams,AverageAlmonds,buy
2026-07-11T21:06:53.656870+00:00,06:44:07,OB5X_202706_F,164.9,50,RadiantRisottos,PowerfulPineapples,buy
2026-07-11T21:06:53.656870+00:00,06:44:07,ASML_DUAL,47.3,4,Xinhong Shan,FlawlessFlatbreads,sell
2026-07-11T21:06:53.656870+00:00,06:44:07,ASML_DUAL,47.3,46,DiligentDonuts,FlawlessFlatbreads,sell
2026-07-11T21:06:53.656870+00:00,06:44:07,OB5X_202612_120C,69.0,48,TactfulTangerines,ScholarlySpearmints,buy
2026-07-11T21:06:53.656870+00:00,06:44:07,OB5X_202706_F,164.9,50,QuirkyQuinoas,PowerfulPineapples,buy
2026-07-11T21:06:53.656870+00:00,06:44:07,NVDA,37.7,125,YieldingYams,AverageAlmonds,sell
2026-07-11T21:06:53.656870+00:00,06:44:07,NVDA,37.6,200,Shen Jiang,AverageAlmonds,sell
2026-07-11T21:06:53.656870+00:00,06:44:07,AAPL,163.3,200,WavyWalnuts,AverageAlmonds,sell
2026-07-11T21:06:53.656870+00:00,06:44:07,SAP_DUAL,59.2,44,GroovyGrapefruits,InfiniteIcecreams,buy
2026-07-11T21:06:53.656870+00:00,06:44:07,ASML,46.8,200,WavyWalnuts,YieldingYams,sell
2026-07-11T21:06:53.656870+00:00,06:44:07,ASML,46.8,425,AverageAlmonds,YieldingYams,sell
2026-07-11T21:06:53.656870+00:00,06:44:07,OB5X_202703_F,158.4,100,QuirkyQuinoas,PowerfulPineapples,buy
2026-07-11T21:06:53.656870+00:00,06:44:07,OB5X_ETF,35.8,216,KindlyKales,MarvelousMilkshakes,buy
2026-07-11T21:06:53.656870+00:00,06:44:07,OB5X_202612_F,155.5,100,QuirkyQuinoas,PowerfulPineapples,buy
2026-07-11T21:06:53.656870+00:00,06:44:08,TSLA,10.8,200,WavyWalnuts,YieldingYams,sell
2026-07-11T21:06:53.656870+00:00,06:44:08,TSLA,10.8,200,Shen Jiang,YieldingYams,sell
2026-07-11T21:06:53.656870+00:00,06:44:08,TSLA,10.7,225,AverageAlmonds,YieldingYams,sell
2026-07-11T21:06:53.656870+00:00,06:44:08,OB5X_202612_080P,15.7,52,ScholarlySpearmints,TactfulTangerines,buy
2026-07-11T21:06:53.656870+00:00,06:44:08,NVDA,37.6,200,WavyWalnuts,Shen Jiang,buy
2026-07-11T21:06:53.656870+00:00,06:44:08,TSLA,10.7,200,AverageAlmonds,WavyWalnuts,sell
2026-07-11T21:06:53.656870+00:00,06:44:08,SAP,59.1,200,WavyWalnuts,AverageAlmonds,buy
2026-07-11T21:06:53.656870+00:00,06:44:08,OB5X_202612_080P,14.9,54,TactfulTangerines,ScholarlySpearmints,sell
2026-07-11T21:06:53.656870+00:00,06:44:08,NVDA,37.3,500,AverageAlmonds,YieldingYams,sell
2026-07-11T21:06:53.656870+00:00,06:44:08,NVDA,37.3,125,Shen Jiang,YieldingYams,sell
2026-07-11T21:06:53.656870+00:00,06:44:08,ASML,46.8,200,AverageAlmonds,WavyWalnuts,sell
2026-07-11T21:06:53.656870+00:00,06:44:08,ASML_202612_F,44.2,50,CapableCoyotes,DownrightDogfish,sell
2026-07-11T21:06:53.656870+00:00,06:44:08,AAPL,163.2,20,YieldingYams,BrilliantBurritos,sell
2026-07-11T21:06:53.656870+00:00,06:44:08,ASML_202703_F,44.5,43,CapableCoyotes,AttentiveAntelopes,sell
2026-07-11T21:06:53.656870+00:00,06:44:08,ASML_202703_F,44.5,50,CapableCoyotes,DownrightDogfish,sell
2026-07-11T21:06:53.656870+00:00,06:44:08,ASML_202706_F,44.9,50,CapableCoyotes,DownrightDogfish,sell
2026-07-11T21:06:53.656870+00:00,06:44:08,ASML_202612_075C,27.9,45,FortunateFerrets,EssentialEagles,sell
2026-07-11T21:07:02.650431+00:00,06:44:08,OB5X_202706_F,165.1,53,QuirkyQuinoas,OriginalOlives,sell
2026-07-11T21:07:02.650431+00:00,06:44:09,ASML,46.9,5,AverageAlmonds,Xinhong Shan,buy
2026-07-11T21:07:02.650431+00:00,06:44:09,ASML_DUAL,47.3,50,DiligentDonuts,FlawlessFlatbreads,sell
2026-07-11T21:07:02.650431+00:00,06:44:09,NVDA,37.6,125,WavyWalnuts,Shen Jiang,buy
2026-07-11T21:07:02.650431+00:00,06:44:09,NVDA,37.6,75,WavyWalnuts,AverageAlmonds,buy
2026-07-11T21:07:02.650431+00:00,06:44:09,SAP,59.0,200,WavyWalnuts,YieldingYams,sell
2026-07-11T21:07:02.650431+00:00,06:44:09,ASML,46.9,200,AverageAlmonds,WavyWalnuts,sell
2026-07-11T21:07:02.650431+00:00,06:44:09,OB5X_ETF,35.6,500,NecessaryNutmegs,MarvelousMilkshakes,buy
2026-07-11T21:07:02.650431+00:00,06:44:09,OB5X_202703_F,158.6,50,QuirkyQuinoas,RadiantRisottos,sell
2026-07-11T21:07:02.650431+00:00,06:44:09,OB5X_202612_F,155.7,50,QuirkyQuinoas,RadiantRisottos,sell
2026-07-11T21:07:02.650431+00:00,06:44:10,OB5X_202612_100P,24.3,44,TactfulTangerines,ScholarlySpearmints,sell
2026-07-11T21:07:02.650431+00:00,06:44:10,NVDA,37.6,200,WavyWalnuts,YieldingYams,buy
2026-07-11T21:07:02.650431+00:00,06:44:10,TSLA,10.9,200,YieldingYams,Shen Jiang,buy
2026-07-11T21:07:02.650431+00:00,06:44:10,TSLA,10.9,425,YieldingYams,AverageAlmonds,buy
2026-07-11T21:07:02.650431+00:00,06:44:10,ASML,47.0,5,WavyWalnuts,Xinhong Shan,buy
2026-07-11T21:07:02.650431+00:00,06:44:11,ASML_202703_F,44.5,50,CapableCoyotes,DownrightDogfish,sell
2026-07-11T21:07:02.650431+00:00,06:44:11,ASML,47.0,5,WavyWalnuts,Sze-Yong Ng,sell
2026-07-11T21:07:02.650431+00:00,06:44:11,ASML_DUAL,47.6,5,Sze-Yong Ng,DiligentDonuts,buy
2026-07-11T21:07:02.650431+00:00,06:44:11,ASML_202706_F,44.9,50,CapableCoyotes,DownrightDogfish,sell
2026-07-11T21:07:02.650431+00:00,06:44:11,ASML_DUAL,47.6,41,CostlyCorianders,DiligentDonuts,buy
2026-07-11T21:07:02.650431+00:00,06:44:11,ASML,47.0,3,WavyWalnuts,Freddie Hurd-Wood,sell
2026-07-11T21:07:02.650431+00:00,06:44:11,ASML_DUAL,47.6,3,Freddie Hurd-Wood,DiligentDonuts,buy
2026-07-11T21:07:02.650431+00:00,06:44:11,AAPL,163.2,500,YieldingYams,AverageAlmonds,buy
2026-07-11T21:07:02.650431+00:00,06:44:11,ASML_DUAL,47.2,50,EarnestEspressos,FlawlessFlatbreads,sell
2026-07-11T21:07:02.650431+00:00,06:44:11,ASML_DUAL,47.6,47,CostlyCorianders,DiligentDonuts,buy
2026-07-11T21:07:02.650431+00:00,06:44:11,AAPL,163.2,125,YieldingYams,AverageAlmonds,sell
2026-07-11T21:07:02.650431+00:00,06:44:11,AAPL,163.1,200,WavyWalnuts,AverageAlmonds,sell
2026-07-11T21:07:02.650431+00:00,06:44:11,ASML_202703_F,44.5,100,BoundlessBisons,CapableCoyotes,sell
2026-07-11T21:07:02.650431+00:00,06:44:12,NVDA,37.6,200,WavyWalnuts,YieldingYams,buy
2026-07-11T21:07:02.650431+00:00,06:44:12,OB5X_202703_F,158.4,48,PowerfulPineapples,OriginalOlives,sell
2026-07-11T21:07:02.650431+00:00,06:44:12,ASML,47.0,20,WavyWalnuts,BrilliantBurritos,sell
2026-07-11T21:07:02.650431+00:00,06:44:12,ASML_202612_050P,33.8,48,FortunateFerrets,EssentialEagles,sell
2026-07-11T21:07:02.650431+00:00,06:44:12,TSLA,10.8,200,WavyWalnuts,YieldingYams,sell
2026-07-11T21:07:02.650431+00:00,06:44:12,TSLA,10.7,425,AverageAlmonds,YieldingYams,sell
2026-07-11T21:07:02.650431+00:00,06:44:12,ASML,47.0,5,Xinhong Shan,Freddie Hurd-Wood,sell
2026-07-11T21:07:02.650431+00:00,06:44:12,ASML,47.0,5,YieldingYams,Freddie Hurd-Wood,sell
2026-07-11T21:07:02.650431+00:00,06:44:12,ASML_DUAL,47.6,4,Freddie Hurd-Wood,DiligentDonuts,buy
2026-07-11T21:07:02.650431+00:00,06:44:12,ASML_DUAL,47.6,4,Freddie Hurd-Wood,Xinhong Shan,buy
2026-07-11T21:07:02.650431+00:00,06:44:12,ASML_DUAL,47.7,2,Freddie Hurd-Wood,EarnestEspressos,buy
2026-07-11T21:07:02.650431+00:00,06:44:12,SAP,59.0,200,YieldingYams,WavyWalnuts,buy
2026-07-11T21:07:02.650431+00:00,06:44:12,ASML_DUAL,47.2,44,EarnestEspressos,CostlyCorianders,sell
2026-07-11T21:07:02.650431+00:00,06:44:12,OB5X_202612_080P,14.9,46,TactfulTangerines,ScholarlySpearmints,sell
2026-07-11T21:07:02.650431+00:00,06:44:12,OB5X_202612_080P,14.9,1,VersatileVinegars,ScholarlySpearmints,sell
2026-07-11T21:07:02.650431+00:00,06:44:12,SAP_DUAL,58.8,42,HomelyHerrings,GroovyGrapefruits,sell
2026-07-11T21:07:02.650431+00:00,06:44:12,ASML,47.0,15,YieldingYams,Sze-Yong Ng,sell
2026-07-11T21:07:02.650431+00:00,06:44:12,ASML_DUAL,47.4,15,Sze-Yong Ng,EarnestEspressos,buy
2026-07-11T21:07:02.650431+00:00,06:44:12,SAP_DUAL,59.2,50,JazzyJellies,InfiniteIcecreams,buy
2026-07-11T21:07:02.650431+00:00,06:44:13,ASML_202612_050C,31.5,45,EssentialEagles,FortunateFerrets,buy
2026-07-11T21:07:02.650431+00:00,06:44:13,ASML_DUAL,47.4,100,DiligentDonuts,EarnestEspressos,buy
2026-07-11T21:07:02.650431+00:00,06:44:13,ASML_DUAL,47.4,35,CostlyCorianders,EarnestEspressos,buy
2026-07-11T21:07:02.650431+00:00,06:44:13,ASML_DUAL,47.7,4,CostlyCorianders,Xinhong Shan,buy
2026-07-11T21:07:02.650431+00:00,06:44:13,ASML_202612_F,44.3,50,DownrightDogfish,CapableCoyotes,buy
2026-07-11T21:07:02.650431+00:00,06:44:13,SAP,59.1,200,WavyWalnuts,AverageAlmonds,buy
2026-07-11T21:07:02.650431+00:00,06:44:13,TSLA,10.7,200,AverageAlmonds,WavyWalnuts,sell
2026-07-11T21:07:02.650431+00:00,06:44:13,ASML_202612_F,44.2,51,BoundlessBisons,AttentiveAntelopes,sell
2026-07-11T21:07:02.650431+00:00,06:44:13,ASML_202703_F,44.4,50,DownrightDogfish,CapableCoyotes,buy
2026-07-11T21:07:02.650431+00:00,06:44:13,AAPL,163.1,200,YieldingYams,WavyWalnuts,sell
2026-07-11T21:07:02.650431+00:00,06:44:13,ASML_202706_F,44.9,53,AttentiveAntelopes,CapableCoyotes,buy
2026-07-11T21:07:02.650431+00:00,06:44:13,ASML_202706_F,44.9,50,DownrightDogfish,CapableCoyotes,buy
2026-07-11T21:07:02.650431+00:00,06:44:13,TSLA,10.8,500,YieldingYams,AverageAlmonds,buy
2026-07-11T21:07:02.650431+00:00,06:44:13,ASML_DUAL,48.0,50,FlawlessFlatbreads,DiligentDonuts,buy
2026-07-11T21:07:02.650431+00:00,06:44:13,OB5X_202612_F,155.7,48,OriginalOlives,QuirkyQuinoas,buy
2026-07-11T21:07:02.650431+00:00,06:44:13,TSLA,10.9,125,YieldingYams,AverageAlmonds,sell
2026-07-11T21:07:02.650431+00:00,06:44:13,TSLA,10.8,200,Shen Jiang,AverageAlmonds,sell
2026-07-11T21:07:02.650431+00:00,06:44:14,SAP,59.1,20,BrilliantBurritos,YieldingYams,buy
2026-07-11T21:07:02.650431+00:00,06:44:14,OB5X_202706_F,165.1,100,PowerfulPineapples,QuirkyQuinoas,buy
2026-07-11T21:07:02.650431+00:00,06:44:14,OB5X_ETF,35.6,500,MarvelousMilkshakes,NecessaryNutmegs,sell
2026-07-11T21:07:02.650431+00:00,06:44:14,OB5X_202703_F,158.5,100,PowerfulPineapples,QuirkyQuinoas,buy
2026-07-11T21:07:02.650431+00:00,06:44:14,ASML,47.1,5,YieldingYams,Xinhong Shan,buy
2026-07-11T21:07:02.650431+00:00,06:44:14,ASML,47.1,500,YieldingYams,AverageAlmonds,buy
2026-07-11T21:07:02.650431+00:00,06:44:14,SAP_DUAL,59.1,55,InfiniteIcecreams,GroovyGrapefruits,sell
2026-07-11T21:07:02.650431+00:00,06:44:14,OB5X_202612_F,155.7,100,PowerfulPineapples,QuirkyQuinoas,buy
2026-07-11T21:07:02.650431+00:00,06:44:14,ASML,47.1,120,YieldingYams,AverageAlmonds,sell
2026-07-11T21:07:02.650431+00:00,06:44:14,ASML,47.1,5,Xinhong Shan,AverageAlmonds,sell
2026-07-11T21:07:02.650431+00:00,06:44:14,TSLA,10.7,500,AverageAlmonds,YieldingYams,sell
2026-07-11T21:07:02.650431+00:00,06:44:14,SAP_DUAL,59.3,49,GroovyGrapefruits,HomelyHerrings,buy
2026-07-11T21:07:02.650431+00:00,06:44:15,ASML_202612_050P,33.8,52,FortunateFerrets,EssentialEagles,sell
2026-07-11T21:07:02.650431+00:00,06:44:15,ASML_DUAL,47.2,4,Xinhong Shan,CostlyCorianders,sell
2026-07-11T21:07:02.650431+00:00,06:44:15,SAP_DUAL,59.1,50,InfiniteIcecreams,JazzyJellies,sell
2026-07-11T21:07:02.650431+00:00,06:44:15,NVDA,37.4,200,Shen Jiang,YieldingYams,buy
2026-07-11T21:07:02.650431+00:00,06:44:15,ASML_202612_F,44.4,100,CapableCoyotes,BoundlessBisons,buy
2026-07-11T21:07:02.650431+00:00,06:44:15,OB5X_ETF,35.6,500,LivelyLasagnas,MarvelousMilkshakes,sell
2026-07-11T21:07:02.650431+00:00,06:44:15,ASML,46.8,500,AverageAlmonds,YieldingYams,sell
2026-07-11T21:07:02.650431+00:00,06:44:15,ASML,46.8,5,Xinhong Shan,YieldingYams,sell
2026-07-11T21:07:02.650431+00:00,06:44:15,ASML_202612_F,44.4,50,CapableCoyotes,DownrightDogfish,sell
2026-07-11T21:07:02.650431+00:00,06:44:15,ASML_DUAL,46.9,48,EarnestEspressos,CostlyCorianders,sell
2026-07-11T21:07:02.650431+00:00,06:44:16,ASML_202703_F,44.6,50,CapableCoyotes,DownrightDogfish,sell
2026-07-11T21:07:02.650431+00:00,06:44:16,ASML_202706_F,45.0,100,CapableCoyotes,BoundlessBisons,buy
2026-07-11T21:07:02.650431+00:00,06:44:16,AAPL,162.9,20,YieldingYams,BrilliantBurritos,sell
2026-07-11T21:07:02.650431+00:00,06:44:16,ASML_202706_F,45.0,50,CapableCoyotes,DownrightDogfish,sell
2026-07-11T21:07:02.650431+00:00,06:44:16,TSLA,10.8,200,YieldingYams,Shen Jiang,buy
2026-07-11T21:07:02.650431+00:00,07:06:44,SAP,59.0,20,BrilliantBurritos,YieldingYams,buy
2026-07-11T21:07:02.650431+00:00,07:06:44,ASML,46.8,20,BrilliantBurritos,YieldingYams,buy
2026-07-11T21:07:02.650431+00:00,07:06:44,SAP_DUAL,59.3,50,JazzyJellies,Shen Jiang,buy
2026-07-11T21:07:02.650431+00:00,07:06:44,ASML_DUAL,47.5,47,CostlyCorianders,EarnestEspressos,buy
2026-07-11T21:07:02.650431+00:00,07:06:47,ASML,46.7,200,AverageAlmonds,WavyWalnuts,buy
2026-07-11T21:07:02.650431+00:00,07:06:47,TSLA,10.7,200,AverageAlmonds,WavyWalnuts,buy
2026-07-11T21:07:02.650431+00:00,07:06:47,NVDA,37.5,200,AverageAlmonds,WavyWalnuts,buy
2026-07-11T21:07:02.650431+00:00,07:06:47,AAPL,162.9,200,WavyWalnuts,AverageAlmonds,sell
2026-07-11T21:07:02.650431+00:00,07:06:47,SAP,58.6,200,WavyWalnuts,AverageAlmonds,sell
2026-07-11T21:07:02.650431+00:00,07:06:49,AAPL,154.0,200,WavyWalnuts,AverageAlmonds,buy
2026-07-11T21:07:02.650431+00:00,07:06:49,SAP,56.3,200,WavyWalnuts,AverageAlmonds,buy
2026-07-11T21:07:02.650431+00:00,07:06:49,ASML,68.0,200,AverageAlmonds,WavyWalnuts,sell
2026-07-11T21:07:02.650431+00:00,07:06:49,TSLA,12.4,200,AverageAlmonds,WavyWalnuts,sell
2026-07-11T21:07:02.650431+00:00,07:06:49,NVDA,44.9,200,AverageAlmonds,WavyWalnuts,sell
2026-07-11T21:07:04.413059+00:00,07:06:50,AAPL,154.1,200,WavyWalnuts,AverageAlmonds,buy
2026-07-11T21:07:04.413059+00:00,07:06:50,SAP,56.3,200,WavyWalnuts,AverageAlmonds,buy
2026-07-11T21:07:04.413059+00:00,07:06:50,ASML,68.0,200,AverageAlmonds,WavyWalnuts,sell
2026-07-11T21:07:04.413059+00:00,07:06:50,TSLA,12.4,200,AverageAlmonds,WavyWalnuts,sell
2026-07-11T21:07:04.413059+00:00,07:06:50,NVDA,44.9,200,AverageAlmonds,WavyWalnuts,sell
2026-07-11T21:07:04.413059+00:00,07:06:51,AAPL,153.2,20,AverageAlmonds,BrilliantBurritos,sell
2026-07-11T21:07:04.413059+00:00,07:06:51,ASML,47.0,200,AverageAlmonds,WavyWalnuts,buy
2026-07-11T21:07:04.413059+00:00,07:06:51,TSLA,12.4,200,AverageAlmonds,WavyWalnuts,sell
2026-07-11T21:07:04.413059+00:00,07:06:51,NVDA,44.9,200,AverageAlmonds,WavyWalnuts,sell
2026-07-11T21:07:04.413059+00:00,07:06:51,AAPL,162.8,200,WavyWalnuts,AverageAlmonds,sell
2026-07-11T21:07:04.413059+00:00,07:06:51,SAP,58.4,200,WavyWalnuts,AverageAlmonds,sell
2026-07-11T21:07:04.413059+00:00,07:06:52,TSLA,12.4,20,AverageAlmonds,BrilliantBurritos,sell
2026-07-11T21:07:04.413059+00:00,07:06:52,OB5X_202612_120C,94.5,42,ScholarlySpearmints,ScholarlySpearmints,sell
2026-07-11T21:07:04.413059+00:00,07:06:52,OB5X_202706_F,194.5,48,OriginalOlives,PowerfulPineapples,buy
2026-07-11T21:07:04.413059+00:00,07:06:52,ASML,68.1,200,YieldingYams,WavyWalnuts,sell
2026-07-11T21:07:04.413059+00:00,07:06:52,AAPL,153.5,200,WavyWalnuts,YieldingYams,buy
2026-07-11T21:07:04.413059+00:00,07:06:52,SAP,55.9,200,WavyWalnuts,YieldingYams,buy
2026-07-11T21:07:04.413059+00:00,07:06:52,TSLA,12.4,200,YieldingYams,WavyWalnuts,sell
2026-07-11T21:07:04.413059+00:00,07:06:52,NVDA,44.9,200,YieldingYams,WavyWalnuts,sell
2026-07-11T21:07:04.413059+00:00,07:06:53,ASML,68.1,200,YieldingYams,WavyWalnuts,sell
2026-07-11T21:07:04.413059+00:00,07:06:53,AAPL,153.5,200,WavyWalnuts,YieldingYams,buy
2026-07-11T21:07:04.413059+00:00,07:06:53,SAP,55.9,200,WavyWalnuts,YieldingYams,buy
2026-07-11T21:07:04.413059+00:00,07:06:53,TSLA,12.4,200,AverageAlmonds,WavyWalnuts,sell
2026-07-11T21:07:04.413059+00:00,07:06:53,NVDA,44.9,200,AverageAlmonds,WavyWalnuts,sell
2026-07-11T21:07:04.413059+00:00,07:06:53,OB5X_202612_120C,93.3,42,ScholarlySpearmints,TactfulTangerines,buy
2026-07-11T21:07:04.413059+00:00,07:06:54,OB5X_202706_F,194.5,52,OriginalOlives,PowerfulPineapples,buy
2026-07-11T21:07:04.413059+00:00,07:06:54,OB5X_202612_100C,100.4,50,ScholarlySpearmints,VersatileVinegars,sell
2026-07-11T21:07:04.413059+00:00,07:06:54,OB5X_202612_100C,100.4,5,ScholarlySpearmints,TactfulTangerines,sell
2026-07-11T21:07:04.413059+00:00,07:06:54,OB5X_202703_F,187.2,50,PowerfulPineapples,OriginalOlives,sell
2026-07-11T21:07:06.162558+00:00,07:06:55,ASML_202612_050C,49.3,54,FortunateFerrets,EssentialEagles,sell
2026-07-11T21:07:06.162558+00:00,07:06:55,ASML,68.1,200,YieldingYams,WavyWalnuts,sell
2026-07-11T21:07:06.162558+00:00,07:06:55,AAPL,153.7,200,WavyWalnuts,YieldingYams,buy
2026-07-11T21:07:06.162558+00:00,07:06:55,SAP,56.2,200,WavyWalnuts,YieldingYams,buy
2026-07-11T21:07:06.162558+00:00,07:06:55,TSLA,12.4,200,YieldingYams,WavyWalnuts,sell
2026-07-11T21:07:06.162558+00:00,07:06:55,NVDA,44.9,200,YieldingYams,WavyWalnuts,sell
2026-07-11T21:07:06.162558+00:00,07:06:55,ASML,68.1,500,AverageAlmonds,YieldingYams,sell
2026-07-11T21:07:06.162558+00:00,07:06:55,SAP,56.2,500,YieldingYams,AverageAlmonds,buy
2026-07-11T21:07:06.162558+00:00,07:06:55,TSLA,12.4,500,AverageAlmonds,YieldingYams,sell
2026-07-11T21:07:06.162558+00:00,07:06:55,NVDA,44.9,500,AverageAlmonds,YieldingYams,sell
2026-07-11T21:07:06.162558+00:00,07:06:55,ASML,67.9,20,YieldingYams,BrilliantBurritos,sell
2026-07-11T21:07:06.162558+00:00,07:06:55,NVDA,44.7,20,YieldingYams,BrilliantBurritos,sell
2026-07-11T21:07:06.162558+00:00,07:06:55,ASML,68.1,125,AverageAlmonds,YieldingYams,buy
2026-07-11T21:07:06.162558+00:00,07:06:55,TSLA,12.3,125,AverageAlmonds,YieldingYams,buy
2026-07-11T21:07:06.162558+00:00,07:06:55,NVDA,44.9,125,AverageAlmonds,YieldingYams,buy
2026-07-11T21:07:06.162558+00:00,07:06:55,SAP,56.2,125,YieldingYams,AverageAlmonds,sell
2026-07-11T21:07:06.162558+00:00,07:06:55,ASML_DUAL,68.6,42,EarnestEspressos,CostlyCorianders,sell
2026-07-11T21:07:06.162558+00:00,07:06:55,AAPL,153.7,20,YieldingYams,BrilliantBurritos,sell
2026-07-11T21:07:06.162558+00:00,07:06:55,OB5X_202706_F,193.8,100,PowerfulPineapples,QuirkyQuinoas,sell
2026-07-11T21:07:06.162558+00:00,07:06:56,OB5X_ETF,42.8,500,MarvelousMilkshakes,LivelyLasagnas,buy
2026-07-11T21:07:06.162558+00:00,07:06:56,ASML_202612_075P,51.5,52,EssentialEagles,FortunateFerrets,buy
2026-07-11T21:07:06.162558+00:00,07:06:56,ASML_202612_075C,45.6,51,EssentialEagles,FortunateFerrets,buy
2026-07-11T21:07:06.162558+00:00,07:06:56,ASML_202612_F,65.9,100,BoundlessBisons,CapableCoyotes,sell
2026-07-11T21:07:06.162558+00:00,07:06:56,ASML_DUAL,68.9,48,CostlyCorianders,DiligentDonuts,buy
2026-07-11T21:07:06.162558+00:00,07:06:56,ASML,68.1,200,AverageAlmonds,WavyWalnuts,sell
2026-07-11T21:07:06.162558+00:00,07:06:56,AAPL,153.9,200,WavyWalnuts,YieldingYams,buy
2026-07-11T21:07:06.162558+00:00,07:06:56,SAP,56.2,200,WavyWalnuts,AverageAlmonds,buy
2026-07-11T21:07:06.162558+00:00,07:06:56,TSLA,12.4,200,AverageAlmonds,WavyWalnuts,sell
2026-07-11T21:07:06.162558+00:00,07:06:56,NVDA,44.9,200,AverageAlmonds,WavyWalnuts,sell
2026-07-11T21:07:06.162558+00:00,07:06:56,ASML_202703_F,66.3,100,BoundlessBisons,CapableCoyotes,sell
2026-07-11T21:07:06.162558+00:00,07:06:56,ASML_DUAL,68.9,50,FlawlessFlatbreads,DiligentDonuts,buy
2026-07-11T21:07:06.162558+00:00,07:06:56,TSLA,12.5,500,YieldingYams,AverageAlmonds,buy
2026-07-11T21:07:06.162558+00:00,07:06:56,ASML_202706_F,66.9,100,BoundlessBisons,CapableCoyotes,sell
2026-07-11T21:07:06.162558+00:00,07:06:56,OB5X_202612_080P,11.9,50,VersatileVinegars,ScholarlySpearmints,sell
2026-07-11T21:07:06.162558+00:00,07:06:56,OB5X_202612_080P,11.8,3,TactfulTangerines,ScholarlySpearmints,sell
2026-07-11T21:07:06.162558+00:00,07:06:56,SAP_DUAL,56.2,50,HomelyHerrings,JazzyJellies,sell
2026-07-11T21:07:06.162558+00:00,07:06:56,AAPL,153.8,20,BrilliantBurritos,YieldingYams,buy
2026-07-11T21:07:06.162558+00:00,07:06:56,TSLA,12.5,125,YieldingYams,AverageAlmonds,sell
2026-07-11T21:07:06.162558+00:00,07:06:56,OB5X_202612_100P,20.9,49,ScholarlySpearmints,TactfulTangerines,buy
2026-07-11T21:07:06.162558+00:00,07:06:57,ASML_202612_F,65.6,50,AttentiveAntelopes,CapableCoyotes,buy
2026-07-11T21:07:06.162558+00:00,07:06:57,ASML_202703_F,66.1,50,AttentiveAntelopes,CapableCoyotes,buy
2026-07-11T21:07:06.162558+00:00,07:06:57,SAP,55.9,20,YieldingYams,BrilliantBurritos,sell
2026-07-11T21:07:06.162558+00:00,07:06:57,OB5X_ETF,42.8,250,MarvelousMilkshakes,NecessaryNutmegs,sell
2026-07-11T21:07:06.162558+00:00,07:06:57,OB5X_ETF,42.6,250,LivelyLasagnas,NecessaryNutmegs,sell
2026-07-11T21:07:06.162558+00:00,07:06:57,AAPL,153.8,20,BrilliantBurritos,YieldingYams,buy
2026-07-11T21:07:06.162558+00:00,07:06:57,OB5X_202706_F,193.8,50,RadiantRisottos,QuirkyQuinoas,buy
2026-07-11T21:07:06.162558+00:00,07:06:57,OB5X_202703_F,187.1,50,RadiantRisottos,QuirkyQuinoas,buy
2026-07-11T21:07:06.162558+00:00,07:06:57,ASML_202612_F,66.5,50,DownrightDogfish,BoundlessBisons,buy
2026-07-11T21:07:06.162558+00:00,07:06:57,OB5X_202612_F,184.0,50,RadiantRisottos,QuirkyQuinoas,buy
2026-07-11T21:07:06.162558+00:00,07:06:57,ASML_202612_050P,31.0,49,EssentialEagles,FortunateFerrets,buy
2026-07-11T21:07:06.162558+00:00,07:06:57,ASML,68.3,200,YieldingYams,WavyWalnuts,sell
2026-07-11T21:07:06.162558+00:00,07:06:57,ASML_202703_F,66.8,50,DownrightDogfish,BoundlessBisons,buy
2026-07-11T21:07:06.162558+00:00,07:06:57,AAPL,153.8,200,WavyWalnuts,YieldingYams,buy
2026-07-11T21:07:06.162558+00:00,07:06:57,SAP,56.1,200,WavyWalnuts,YieldingYams,buy
2026-07-11T21:07:06.162558+00:00,07:06:57,TSLA,12.3,200,AverageAlmonds,WavyWalnuts,sell
2026-07-11T21:07:06.162558+00:00,07:06:57,NVDA,45.0,200,YieldingYams,WavyWalnuts,sell
2026-07-11T21:07:06.162558+00:00,07:06:57,OB5X_202706_F,194.3,57,OriginalOlives,PowerfulPineapples,buy
2026-07-11T21:07:06.162558+00:00,07:06:57,ASML_202706_F,66.6,50,DownrightDogfish,CapableCoyotes,buy
2026-07-11T21:07:06.162558+00:00,07:06:57,OB5X_202703_F,187.1,52,OriginalOlives,QuirkyQuinoas,buy
2026-07-11T21:07:06.162558+00:00,07:06:57,AAPL,153.6,20,YieldingYams,BrilliantBurritos,sell
2026-07-11T21:07:06.162558+00:00,07:06:57,SAP,56.2,500,YieldingYams,AverageAlmonds,buy
2026-07-11T21:07:06.162558+00:00,07:06:57,TSLA,12.3,300,AverageAlmonds,YieldingYams,sell
2026-07-11T21:07:06.162558+00:00,07:06:57,NVDA,44.9,500,AverageAlmonds,YieldingYams,sell
2026-07-11T21:07:06.162558+00:00,07:06:58,TSLA,12.2,325,AverageAlmonds,YieldingYams,buy
2026-07-11T21:07:06.162558+00:00,07:06:58,NVDA,44.9,125,AverageAlmonds,YieldingYams,buy
2026-07-11T21:07:06.162558+00:00,07:06:58,ASML,68.1,500,AverageAlmonds,YieldingYams,buy
2026-07-11T21:07:06.162558+00:00,07:06:58,SAP,56.2,125,YieldingYams,AverageAlmonds,sell
2026-07-11T21:07:06.162558+00:00,07:06:58,OB5X_202612_100C,98.0,48,VersatileVinegars,ScholarlySpearmints,sell
2026-07-11T21:07:06.162558+00:00,07:06:58,NVDA,45.3,20,BrilliantBurritos,AverageAlmonds,buy
2026-07-11T21:07:06.162558+00:00,07:06:58,ASML_202612_075P,51.0,55,FortunateFerrets,EssentialEagles,sell
2026-07-11T21:07:06.162558+00:00,07:06:58,OB5X_202612_100P,19.9,45,TactfulTangerines,ScholarlySpearmints,sell
2026-07-11T21:07:07.922669+00:00,07:06:58,ASML_DUAL,68.8,49,DiligentDonuts,CostlyCorianders,sell
2026-07-11T21:07:07.922669+00:00,07:06:58,TSLA,12.3,20,AverageAlmonds,BrilliantBurritos,sell
2026-07-11T21:07:07.922669+00:00,07:06:58,ASML_DUAL,68.9,50,FlawlessFlatbreads,EarnestEspressos,buy
2026-07-11T21:07:07.922669+00:00,07:06:58,ASML,68.0,200,AverageAlmonds,WavyWalnuts,sell
2026-07-11T21:07:07.922669+00:00,07:06:58,AAPL,154.0,200,WavyWalnuts,YieldingYams,buy
2026-07-11T21:07:07.922669+00:00,07:06:58,SAP,56.1,200,WavyWalnuts,AverageAlmonds,buy
2026-07-11T21:07:07.922669+00:00,07:06:58,TSLA,12.4,200,AverageAlmonds,WavyWalnuts,sell
2026-07-11T21:07:07.922669+00:00,07:06:58,NVDA,44.9,200,AverageAlmonds,WavyWalnuts,sell
2026-07-11T21:07:07.922669+00:00,07:06:58,SAP_DUAL,55.9,50,InfiniteIcecreams,JazzyJellies,sell
2026-07-11T21:07:07.922669+00:00,07:06:58,ASML_202706_F,66.1,45,CapableCoyotes,AttentiveAntelopes,sell
2026-07-11T21:07:07.922669+00:00,07:06:59,ASML_DUAL,68.8,45,DiligentDonuts,CostlyCorianders,sell
2026-07-11T21:07:07.922669+00:00,07:06:59,TSLA,12.4,300,AverageAlmonds,YieldingYams,sell
2026-07-11T21:07:07.922669+00:00,07:06:59,OB5X_202706_F,194.2,100,QuirkyQuinoas,PowerfulPineapples,buy
2026-07-11T21:07:07.922669+00:00,07:06:59,OB5X_ETF,42.6,500,LivelyLasagnas,NecessaryNutmegs,sell
2026-07-11T21:07:07.922669+00:00,07:06:59,ASML_202612_100C,42.2,41,EssentialEagles,GenerousGeckos,buy
2026-07-11T21:07:07.922669+00:00,07:06:59,TSLA,12.4,325,AverageAlmonds,YieldingYams,buy
2026-07-11T21:07:09.662867+00:00,07:06:59,OB5X_202703_F,187.3,100,QuirkyQuinoas,PowerfulPineapples,buy
2026-07-11T21:07:09.662867+00:00,07:06:59,ASML_202612_050P,31.0,40,EssentialEagles,FortunateFerrets,buy
2026-07-11T21:07:09.662867+00:00,07:06:59,ASML_202612_050P,30.7,50,GenerousGeckos,EssentialEagles,sell
2026-07-11T21:07:09.662867+00:00,07:06:59,AAPL,154.0,20,YieldingYams,BrilliantBurritos,sell
2026-07-11T21:07:09.662867+00:00,07:06:59,OB5X_202612_F,184.3,100,QuirkyQuinoas,PowerfulPineapples,buy
2026-07-11T21:07:09.662867+00:00,07:06:59,ASML_202612_F,65.8,100,CapableCoyotes,BoundlessBisons,buy
2026-07-11T21:07:09.662867+00:00,07:06:59,ASML_202612_F,66.5,50,DownrightDogfish,CapableCoyotes,buy
2026-07-11T21:07:09.662867+00:00,07:06:59,ASML_202703_F,66.1,100,CapableCoyotes,BoundlessBisons,buy
2026-07-11T21:07:09.662867+00:00,07:06:59,AAPL,154.1,200,WavyWalnuts,AverageAlmonds,buy
2026-07-11T21:07:09.662867+00:00,07:06:59,ASML,68.1,200,YieldingYams,WavyWalnuts,sell
2026-07-11T21:07:09.662867+00:00,07:06:59,SAP,56.0,200,WavyWalnuts,YieldingYams,buy
2026-07-11T21:07:09.662867+00:00,07:07:00,TSLA,12.4,200,AverageAlmonds,WavyWalnuts,sell
2026-07-11T21:07:09.662867+00:00,07:07:00,NVDA,45.1,200,YieldingYams,WavyWalnuts,sell
2026-07-11T21:07:09.662867+00:00,07:07:00,ASML_202706_F,66.7,100,CapableCoyotes,BoundlessBisons,buy
2026-07-11T21:07:09.662867+00:00,07:07:00,ASML,68.1,500,AverageAlmonds,YieldingYams,sell
2026-07-11T21:07:09.662867+00:00,07:07:00,TSLA,12.5,500,YieldingYams,AverageAlmonds,buy
2026-07-11T21:07:09.662867+00:00,07:07:00,ASML,68.0,125,AverageAlmonds,YieldingYams,buy
2026-07-11T21:07:09.662867+00:00,07:07:00,TSLA,12.7,125,YieldingYams,AverageAlmonds,sell
2026-07-11T21:07:09.662867+00:00,07:07:00,OB5X_202612_080P,12.7,47,ScholarlySpearmints,VersatileVinegars,buy
2026-07-11T21:07:09.662867+00:00,07:07:00,ASML_DUAL,68.9,50,FlawlessFlatbreads,EarnestEspressos,buy
2026-07-11T21:07:09.662867+00:00,07:07:00,ASML_DUAL,68.9,44,CostlyCorianders,EarnestEspressos,buy
2026-07-11T21:07:09.662867+00:00,07:07:00,SAP_DUAL,55.6,50,HomelyHerrings,JazzyJellies,sell
2026-07-11T21:07:11.799497+00:00,07:07:01,ASML,68.1,200,AverageAlmonds,WavyWalnuts,sell
2026-07-11T21:07:11.799497+00:00,07:07:01,AAPL,154.2,200,WavyWalnuts,YieldingYams,buy
2026-07-11T21:07:11.799497+00:00,07:07:01,SAP,55.9,200,WavyWalnuts,YieldingYams,buy
2026-07-11T21:07:11.799497+00:00,07:07:01,TSLA,12.3,200,AverageAlmonds,WavyWalnuts,sell
2026-07-11T21:07:11.799497+00:00,07:07:01,NVDA,44.9,200,YieldingYams,WavyWalnuts,sell
2026-07-11T21:07:11.799497+00:00,07:07:01,ASML_DUAL,69.1,100,EarnestEspressos,DiligentDonuts,buy
2026-07-11T21:07:11.799497+00:00,07:07:01,SAP_DUAL,55.6,50,HomelyHerrings,GroovyGrapefruits,sell
2026-07-11T21:07:11.799497+00:00,07:07:01,ASML,68.1,20,AverageAlmonds,BrilliantBurritos,sell
2026-07-11T21:07:11.799497+00:00,07:07:01,ASML_202612_F,65.9,49,CapableCoyotes,AttentiveAntelopes,sell
2026-07-11T21:07:11.799497+00:00,07:07:01,ASML_202612_075P,51.5,50,EssentialEagles,GenerousGeckos,buy
2026-07-11T21:07:11.799497+00:00,07:07:01,ASML_202703_F,66.5,43,CapableCoyotes,AttentiveAntelopes,sell
2026-07-11T21:07:11.799497+00:00,07:07:01,ASML_202612_075C,45.0,56,FortunateFerrets,EssentialEagles,sell
2026-07-11T21:07:11.799497+00:00,07:07:01,AAPL,154.3,500,YieldingYams,AverageAlmonds,buy
2026-07-11T21:07:11.799497+00:00,07:07:01,TSLA,12.5,500,YieldingYams,AverageAlmonds,buy
2026-07-11T21:07:11.799497+00:00,07:07:01,NVDA,44.9,500,AverageAlmonds,YieldingYams,sell
2026-07-11T21:07:11.799497+00:00,07:07:01,OB5X_ETF,42.7,224,KindlyKales,MarvelousMilkshakes,buy
2026-07-11T21:07:11.799497+00:00,07:07:02,OB5X_202612_080P,11.9,50,VersatileVinegars,ScholarlySpearmints,sell
2026-07-11T21:07:11.799497+00:00,07:07:02,OB5X_202612_080P,11.9,7,TactfulTangerines,ScholarlySpearmints,sell
2026-07-11T21:07:11.799497+00:00,07:07:02,NVDA,44.6,125,AverageAlmonds,YieldingYams,buy
2026-07-11T21:07:11.799497+00:00,07:07:02,AAPL,154.3,125,YieldingYams,AverageAlmonds,sell
2026-07-11T21:07:11.799497+00:00,07:07:02,TSLA,12.5,125,YieldingYams,AverageAlmonds,sell
2026-07-11T21:07:11.799497+00:00,07:07:02,ASML,68.2,200,YieldingYams,WavyWalnuts,sell
2026-07-11T21:07:11.799497+00:00,07:07:02,AAPL,154.3,200,WavyWalnuts,AverageAlmonds,buy
2026-07-11T21:07:11.799497+00:00,07:07:02,SAP,56.1,200,WavyWalnuts,YieldingYams,buy
2026-07-11T21:07:11.799497+00:00,07:07:02,TSLA,12.3,200,AverageAlmonds,WavyWalnuts,sell
2026-07-11T21:07:11.799497+00:00,07:07:02,NVDA,44.9,200,AverageAlmonds,WavyWalnuts,sell
2026-07-11T21:07:11.799497+00:00,07:07:02,SAP_DUAL,55.9,58,GroovyGrapefruits,HomelyHerrings,buy
2026-07-11T21:07:11.799497+00:00,07:07:02,ASML_DUAL,69.7,42,CostlyCorianders,EarnestEspressos,buy
2026-07-11T21:07:13.537115+00:00,07:07:02,ASML_DUAL,69.7,50,FlawlessFlatbreads,EarnestEspressos,buy
2026-07-11T21:07:13.537115+00:00,07:07:02,AAPL,153.4,20,AverageAlmonds,BrilliantBurritos,sell
2026-07-11T21:07:13.537115+00:00,07:07:03,ASML_202612_075P,51.0,50,GenerousGeckos,EssentialEagles,sell
2026-07-11T21:07:13.537115+00:00,07:07:03,ASML_202612_075P,51.0,5,FortunateFerrets,EssentialEagles,sell
2026-07-11T21:07:13.537115+00:00,07:07:03,ASML_202612_075C,45.5,50,EssentialEagles,GenerousGeckos,buy
2026-07-11T21:07:13.537115+00:00,07:07:03,ASML_202612_075C,45.6,8,EssentialEagles,FortunateFerrets,buy
2026-07-11T21:07:13.537115+00:00,07:07:03,TSLA,12.3,500,AverageAlmonds,YieldingYams,sell
2026-07-11T21:07:13.537115+00:00,07:07:03,ASML_202612_100P,72.9,51,EssentialEagles,FortunateFerrets,buy
2026-07-11T21:07:13.537115+00:00,07:07:03,OB5X_202612_120C,92.8,49,ScholarlySpearmints,VersatileVinegars,buy
2026-07-11T21:07:13.537115+00:00,07:07:03,ASML_202612_F,66.2,100,BoundlessBisons,CapableCoyotes,sell
2026-07-11T21:07:13.537115+00:00,07:07:03,ASML_202703_F,66.5,100,BoundlessBisons,CapableCoyotes,sell
2026-07-11T21:07:13.537115+00:00,07:07:03,OB5X_202612_120P,30.9,50,ScholarlySpearmints,VersatileVinegars,buy
2026-07-11T21:07:13.537115+00:00,07:07:03,OB5X_202612_120P,30.9,9,ScholarlySpearmints,TactfulTangerines,buy
2026-07-11T21:07:13.537115+00:00,07:07:03,OB5X_ETF,42.6,500,MarvelousMilkshakes,NecessaryNutmegs,sell
2026-07-11T21:07:13.537115+00:00,07:07:03,TSLA,12.3,125,AverageAlmonds,YieldingYams,buy
2026-07-11T21:07:13.537115+00:00,07:07:03,ASML_202706_F,67.1,100,BoundlessBisons,CapableCoyotes,sell
2026-07-11T21:07:13.537115+00:00,07:07:03,ASML,68.3,200,YieldingYams,WavyWalnuts,sell
2026-07-11T21:07:13.537115+00:00,07:07:03,AAPL,154.2,200,WavyWalnuts,AverageAlmonds,buy
2026-07-11T21:07:13.537115+00:00,07:07:03,SAP,56.0,200,WavyWalnuts,AverageAlmonds,buy
2026-07-11T21:07:13.537115+00:00,07:07:03,TSLA,12.3,200,AverageAlmonds,WavyWalnuts,sell
2026-07-11T21:07:13.537115+00:00,07:07:03,NVDA,44.9,200,YieldingYams,WavyWalnuts,sell
2026-07-11T21:07:13.537115+00:00,07:07:03,OB5X_202612_100P,20.0,50,VersatileVinegars,ScholarlySpearmints,sell
2026-07-11T21:07:13.537115+00:00,07:07:03,OB5X_202612_100P,20.0,4,TactfulTangerines,ScholarlySpearmints,sell
2026-07-11T21:07:13.537115+00:00,07:07:04,ASML_202612_075P,51.5,56,EssentialEagles,FortunateFerrets,buy
2026-07-11T21:07:13.537115+00:00,07:07:04,ASML_202612_075C,45.0,42,FortunateFerrets,EssentialEagles,sell
2026-07-11T21:07:13.537115+00:00,07:07:04,ASML_202612_100P,72.4,50,GenerousGeckos,EssentialEagles,sell
2026-07-11T21:07:13.537115+00:00,07:07:04,ASML_202612_100P,72.3,8,FortunateFerrets,EssentialEagles,sell
2026-07-11T21:07:13.537115+00:00,07:07:04,ASML_202612_050C,49.6,40,EssentialEagles,GenerousGeckos,buy
2026-07-11T21:07:13.537115+00:00,07:07:04,ASML_202612_F,65.4,50,CapableCoyotes,DownrightDogfish,sell
2026-07-11T21:07:13.537115+00:00,07:07:04,ASML_202703_F,66.4,43,AttentiveAntelopes,CapableCoyotes,buy
2026-07-11T21:07:13.537115+00:00,07:07:04,ASML_202703_F,65.9,50,CapableCoyotes,DownrightDogfish,sell
2026-07-11T21:07:13.537115+00:00,07:07:04,ASML_202706_F,66.8,50,AttentiveAntelopes,CapableCoyotes,buy
2026-07-11T21:07:13.537115+00:00,07:07:04,ASML_202706_F,66.3,50,CapableCoyotes,DownrightDogfish,sell
2026-07-11T21:07:13.537115+00:00,07:07:04,ASML,68.3,200,YieldingYams,WavyWalnuts,sell
2026-07-11T21:07:13.537115+00:00,07:07:04,AAPL,154.2,200,WavyWalnuts,YieldingYams,buy
2026-07-11T21:07:13.537115+00:00,07:07:04,SAP,56.0,200,WavyWalnuts,YieldingYams,buy
2026-07-11T21:07:13.537115+00:00,07:07:04,TSLA,12.4,200,YieldingYams,WavyWalnuts,sell
2026-07-11T21:07:13.537115+00:00,07:07:04,NVDA,44.9,200,YieldingYams,WavyWalnuts,sell
2026-07-11T21:07:13.537115+00:00,07:07:04,OB5X_202612_100C,98.8,43,ScholarlySpearmints,VersatileVinegars,buy
2026-07-11T21:07:13.537115+00:00,07:07:05,ASML_DUAL,69.5,50,FlawlessFlatbreads,DiligentDonuts,buy
2026-07-11T21:07:13.537115+00:00,07:07:05,SAP_DUAL,55.9,42,JazzyJellies,HomelyHerrings,buy
2026-07-11T21:07:13.537115+00:00,07:07:05,SAP_DUAL,55.9,8,JazzyJellies,InfiniteIcecreams,buy
2026-07-11T21:07:13.537115+00:00,07:07:05,OB5X_ETF,42.7,208,KindlyKales,LivelyLasagnas,buy
2026-07-11T21:07:17.412809+00:00,07:07:05,OB5X_ETF,42.8,500,NecessaryNutmegs,LivelyLasagnas,buy
2026-07-11T21:07:17.412809+00:00,07:07:05,NVDA,44.9,500,AverageAlmonds,YieldingYams,sell
2026-07-11T21:07:17.412809+00:00,07:07:05,NVDA,44.7,125,AverageAlmonds,YieldingYams,buy
2026-07-11T21:07:17.412809+00:00,07:07:05,AAPL,154.1,500,YieldingYams,AverageAlmonds,sell
2026-07-11T21:07:17.412809+00:00,07:07:05,ASML_DUAL,69.3,43,EarnestEspressos,CostlyCorianders,sell
2026-07-11T21:07:17.412809+00:00,07:07:06,ASML,68.4,200,YieldingYams,WavyWalnuts,sell
2026-07-11T21:07:17.412809+00:00,07:07:06,AAPL,154.4,200,WavyWalnuts,YieldingYams,buy
2026-07-11T21:07:17.412809+00:00,07:07:06,SAP,56.0,200,WavyWalnuts,YieldingYams,buy
2026-07-11T21:07:17.412809+00:00,07:07:06,TSLA,12.4,200,YieldingYams,WavyWalnuts,sell
2026-07-11T21:07:17.412809+00:00,07:07:06,NVDA,44.9,200,AverageAlmonds,WavyWalnuts,sell
2026-07-11T21:07:17.412809+00:00,07:07:06,OB5X_202706_F,194.9,50,RadiantRisottos,PowerfulPineapples,buy
2026-07-11T21:07:17.412809+00:00,07:07:06,OB5X_202612_120P,29.6,47,VersatileVinegars,ScholarlySpearmints,sell
2026-07-11T21:07:17.412809+00:00,07:07:06,OB5X_202703_F,188.0,50,RadiantRisottos,QuirkyQuinoas,buy
2026-07-11T21:07:17.412809+00:00,07:07:06,OB5X_ETF,42.6,215,LivelyLasagnas,KindlyKales,sell
2026-07-11T21:07:17.412809+00:00,07:07:06,ASML_202612_100C,41.9,46,GenerousGeckos,EssentialEagles,sell
2026-07-11T21:07:17.412809+00:00,07:07:06,OB5X_202612_F,184.9,50,RadiantRisottos,QuirkyQuinoas,buy
2026-07-11T21:07:17.412809+00:00,07:07:06,ASML_202612_075C,45.2,41,GenerousGeckos,EssentialEagles,sell
2026-07-11T21:07:17.412809+00:00,07:07:06,ASML_202612_100P,72.9,45,EssentialEagles,GenerousGeckos,buy
2026-07-11T21:07:17.412809+00:00,07:07:06,SAP_DUAL,55.6,47,HomelyHerrings,GroovyGrapefruits,sell
2026-07-11T21:07:17.412809+00:00,07:07:06,ASML_202612_F,66.1,50,DownrightDogfish,BoundlessBisons,buy
2026-07-11T21:07:17.412809+00:00,07:07:06,ASML_202703_F,66.5,50,DownrightDogfish,BoundlessBisons,buy
2026-07-11T21:07:17.412809+00:00,07:07:06,AAPL,154.2,20,BrilliantBurritos,AverageAlmonds,buy
2026-07-11T21:07:17.412809+00:00,07:07:06,ASML_202703_F,66.5,50,CapableCoyotes,BoundlessBisons,buy
2026-07-11T21:07:17.412809+00:00,07:07:06,OB5X_ETF,42.7,246,KindlyKales,MarvelousMilkshakes,buy
2026-07-11T21:07:17.412809+00:00,07:07:06,ASML_202706_F,67.0,100,CapableCoyotes,BoundlessBisons,buy
2026-07-11T21:07:17.412809+00:00,07:07:07,ASML_DUAL,69.5,50,FlawlessFlatbreads,DiligentDonuts,buy
2026-07-11T21:07:17.412809+00:00,07:07:07,SAP_DUAL,55.8,50,JazzyJellies,InfiniteIcecreams,buy
2026-07-11T21:07:17.412809+00:00,07:07:07,ASML,68.3,200,YieldingYams,WavyWalnuts,sell
2026-07-11T21:07:17.412809+00:00,07:07:07,AAPL,154.2,200,WavyWalnuts,AverageAlmonds,buy
2026-07-11T21:07:17.412809+00:00,07:07:07,SAP,56.1,200,WavyWalnuts,AverageAlmonds,buy
2026-07-11T21:07:17.412809+00:00,07:07:07,TSLA,12.3,200,YieldingYams,WavyWalnuts,sell
2026-07-11T21:07:17.412809+00:00,07:07:07,NVDA,45.0,200,YieldingYams,WavyWalnuts,sell
2026-07-11T21:07:17.412809+00:00,07:07:07,OB5X_ETF,42.7,500,NecessaryNutmegs,MarvelousMilkshakes,buy
2026-07-11T21:07:17.412809+00:00,07:07:07,OB5X_202612_120P,29.6,3,VersatileVinegars,ScholarlySpearmints,sell
2026-07-11T21:07:17.412809+00:00,07:07:07,OB5X_202612_120P,29.6,50,TactfulTangerines,ScholarlySpearmints,sell
2026-07-11T21:07:17.412809+00:00,07:07:07,TSLA,12.3,20,YieldingYams,BrilliantBurritos,sell
2026-07-11T21:07:19.162268+00:00,07:07:08,TSLA,12.3,500,AverageAlmonds,YieldingYams,sell
2026-07-11T21:07:19.162268+00:00,07:07:08,ASML_202612_075P,51.0,48,FortunateFerrets,EssentialEagles,sell
2026-07-11T21:07:19.162268+00:00,07:07:08,TSLA,12.3,125,AverageAlmonds,YieldingYams,buy
2026-07-11T21:07:19.162268+00:00,07:07:08,ASML_DUAL,69.5,40,CostlyCorianders,EarnestEspressos,buy
2026-07-11T21:07:19.162268+00:00,07:07:08,ASML_202612_075C,45.8,48,EssentialEagles,FortunateFerrets,buy
2026-07-11T21:07:19.162268+00:00,07:07:08,ASML,68.1,200,AverageAlmonds,WavyWalnuts,sell
2026-07-11T21:07:19.162268+00:00,07:07:08,AAPL,154.2,200,WavyWalnuts,YieldingYams,buy
2026-07-11T21:07:19.162268+00:00,07:07:08,SAP,56.1,200,WavyWalnuts,AverageAlmonds,buy
2026-07-11T21:07:19.162268+00:00,07:07:08,TSLA,12.3,200,AverageAlmonds,WavyWalnuts,sell
2026-07-11T21:07:19.162268+00:00,07:07:08,NVDA,45.0,200,AverageAlmonds,WavyWalnuts,sell
2026-07-11T21:07:19.162268+00:00,07:07:08,SAP,56.0,20,YieldingYams,BrilliantBurritos,sell
2026-07-11T21:07:19.162268+00:00,07:07:08,SAP_DUAL,56.1,47,GroovyGrapefruits,HomelyHerrings,buy
2026-07-11T21:07:19.162268+00:00,07:07:08,ASML_202612_F,66.0,47,CapableCoyotes,AttentiveAntelopes,sell
2026-07-11T21:07:19.162268+00:00,07:07:09,ASML,68.2,500,AverageAlmonds,YieldingYams,buy
2026-07-11T21:07:19.162268+00:00,07:07:09,ASML_DUAL,69.5,50,FlawlessFlatbreads,EarnestEspressos,buy
2026-07-11T21:07:19.162268+00:00,07:07:09,ASML_202706_F,67.0,50,CapableCoyotes,DownrightDogfish,sell
2026-07-11T21:07:19.162268+00:00,07:07:09,SAP_DUAL,55.7,50,InfiniteIcecreams,JazzyJellies,sell
2026-07-11T21:07:19.162268+00:00,07:07:09,SAP_DUAL,55.7,42,InfiniteIcecreams,GroovyGrapefruits,sell
2026-07-11T21:07:19.162268+00:00,07:07:09,NVDA,45.1,20,BrilliantBurritos,YieldingYams,buy
2026-07-11T21:07:19.162268+00:00,07:07:09,ASML_DUAL,69.2,46,DiligentDonuts,CostlyCorianders,sell
2026-07-11T21:07:19.162268+00:00,07:07:09,ASML,68.2,125,AverageAlmonds,YieldingYams,buy
2026-07-11T21:07:19.162268+00:00,07:07:09,ASML,68.2,200,AverageAlmonds,WavyWalnuts,sell
2026-07-11T21:07:19.162268+00:00,07:07:09,AAPL,154.2,200,WavyWalnuts,YieldingYams,buy
2026-07-11T21:07:19.162268+00:00,07:07:09,SAP,56.1,200,WavyWalnuts,AverageAlmonds,buy
2026-07-11T21:07:19.162268+00:00,07:07:09,TSLA,12.5,500,YieldingYams,AverageAlmonds,buy
2026-07-11T21:07:19.162268+00:00,07:07:09,OB5X_ETF,42.6,218,LivelyLasagnas,KindlyKales,sell
2026-07-11T21:07:19.162268+00:00,07:07:09,TSLA,12.6,125,YieldingYams,WavyWalnuts,sell
2026-07-11T21:07:19.162268+00:00,07:07:09,TSLA,12.3,75,AverageAlmonds,WavyWalnuts,sell
2026-07-11T21:07:19.162268+00:00,07:07:09,NVDA,45.0,200,AverageAlmonds,WavyWalnuts,sell
2026-07-11T21:07:19.162268+00:00,07:07:09,NVDA,45.0,300,AverageAlmonds,YieldingYams,sell
2026-07-11T21:07:19.162268+00:00,07:07:10,NVDA,45.0,325,AverageAlmonds,YieldingYams,buy
2026-07-11T21:07:19.162268+00:00,07:07:10,OB5X_202706_F,194.7,51,OriginalOlives,PowerfulPineapples,buy
2026-07-11T21:07:19.162268+00:00,07:07:10,ASML_202612_F,66.2,100,BoundlessBisons,CapableCoyotes,sell
2026-07-11T21:07:19.162268+00:00,07:07:10,OB5X_ETF,42.8,237,KindlyKales,LivelyLasagnas,buy
2026-07-11T21:07:19.162268+00:00,07:07:10,ASML_202703_F,66.5,100,BoundlessBisons,CapableCoyotes,sell
2026-07-11T21:07:19.162268+00:00,07:07:10,ASML_202706_F,67.1,100,BoundlessBisons,CapableCoyotes,sell
2026-07-11T21:07:23.003740+00:00,07:07:10,ASML_202612_100C,41.8,40,FortunateFerrets,EssentialEagles,sell
2026-07-11T21:07:23.003740+00:00,07:07:10,ASML_202612_075P,51.4,50,EssentialEagles,GenerousGeckos,buy
2026-07-11T21:07:23.003740+00:00,07:07:10,ASML_202612_075P,51.5,9,EssentialEagles,FortunateFerrets,buy
2026-07-11T21:07:23.003740+00:00,07:07:10,OB5X_202706_F,194.7,49,RadiantRisottos,PowerfulPineapples,buy
2026-07-11T21:07:23.003740+00:00,07:07:10,OB5X_202706_F,195.0,1,RadiantRisottos,QuirkyQuinoas,buy
2026-07-11T21:07:23.003740+00:00,07:07:10,AAPL,154.2,500,YieldingYams,AverageAlmonds,sell
2026-07-11T21:07:23.003740+00:00,07:07:10,ASML_202612_100P,72.3,56,FortunateFerrets,EssentialEagles,sell
2026-07-11T21:07:23.003740+00:00,07:07:10,ASML,68.3,200,YieldingYams,WavyWalnuts,sell
2026-07-11T21:07:23.003740+00:00,07:07:10,AAPL,154.4,200,WavyWalnuts,YieldingYams,buy
2026-07-11T21:07:23.003740+00:00,07:07:10,SAP,56.1,200,WavyWalnuts,YieldingYams,buy
2026-07-11T21:07:23.003740+00:00,07:07:10,TSLA,12.3,200,AverageAlmonds,WavyWalnuts,sell
2026-07-11T21:07:23.003740+00:00,07:07:10,NVDA,45.0,200,AverageAlmonds,WavyWalnuts,sell
2026-07-11T21:07:23.003740+00:00,07:07:10,OB5X_202703_F,187.9,50,RadiantRisottos,PowerfulPineapples,buy
2026-07-11T21:07:23.003740+00:00,07:07:10,TSLA,12.5,500,YieldingYams,AverageAlmonds,buy
2026-07-11T21:07:23.003740+00:00,07:07:11,OB5X_202612_F,184.8,50,RadiantRisottos,PowerfulPineapples,buy
2026-07-11T21:07:23.003740+00:00,07:07:11,TSLA,12.5,125,YieldingYams,AverageAlmonds,sell
2026-07-11T21:07:23.003740+00:00,07:07:11,ASML_DUAL,69.5,50,EarnestEspressos,FlawlessFlatbreads,sell
2026-07-11T21:07:23.003740+00:00,07:07:11,SAP_DUAL,55.7,50,InfiniteIcecreams,JazzyJellies,sell
2026-07-11T21:07:23.003740+00:00,07:07:11,ASML_DUAL,69.6,47,CostlyCorianders,DiligentDonuts,buy
2026-07-11T21:07:23.003740+00:00,07:07:11,SAP_DUAL,55.8,100,HomelyHerrings,InfiniteIcecreams,sell
2026-07-11T21:07:30.255904+00:00,07:07:11,ASML_DUAL,69.5,40,EarnestEspressos,CostlyCorianders,sell
2026-07-11T21:07:30.255904+00:00,07:07:11,OB5X_ETF,42.9,500,NecessaryNutmegs,LivelyLasagnas,buy
2026-07-11T21:07:30.255904+00:00,07:07:11,OB5X_202612_080C,115.8,50,ScholarlySpearmints,VersatileVinegars,buy
2026-07-11T21:07:30.255904+00:00,07:07:11,OB5X_202612_080C,115.9,5,ScholarlySpearmints,TactfulTangerines,buy
2026-07-11T21:07:30.255904+00:00,07:07:12,OB5X_202612_080C,114.9,41,VersatileVinegars,ScholarlySpearmints,sell
2026-07-11T21:07:30.255904+00:00,07:07:12,ASML,68.2,200,YieldingYams,WavyWalnuts,sell
2026-07-11T21:07:30.255904+00:00,07:07:12,AAPL,154.1,200,WavyWalnuts,YieldingYams,buy
2026-07-11T21:07:30.255904+00:00,07:07:12,SAP,56.2,200,WavyWalnuts,YieldingYams,buy
2026-07-11T21:07:30.255904+00:00,07:07:12,NVDA,45.0,200,YieldingYams,WavyWalnuts,sell
2026-07-11T21:07:30.255904+00:00,07:07:12,SAP_DUAL,55.7,45,GroovyGrapefruits,InfiniteIcecreams,buy
2026-07-11T21:07:30.255904+00:00,07:07:12,ASML,68.2,500,AverageAlmonds,YieldingYams,sell
2026-07-11T21:07:30.255904+00:00,07:07:12,TSLA,12.3,500,AverageAlmonds,YieldingYams,sell
2026-07-11T21:07:30.255904+00:00,07:07:12,TSLA,12.3,125,WavyWalnuts,YieldingYams,sell
2026-07-11T21:07:30.255904+00:00,07:07:12,NVDA,45.0,500,AverageAlmonds,YieldingYams,sell
2026-07-11T21:07:30.255904+00:00,07:07:12,TSLA,12.3,20,WavyWalnuts,BrilliantBurritos,sell
2026-07-11T21:07:30.255904+00:00,07:07:12,NVDA,45.0,20,BrilliantBurritos,YieldingYams,buy
2026-07-11T21:07:30.255904+00:00,07:07:12,ASML,68.1,125,AverageAlmonds,YieldingYams,buy
2026-07-11T21:07:30.255904+00:00,07:07:12,ASML,68.3,20,AverageAlmonds,BrilliantBurritos,sell
2026-07-11T21:07:30.255904+00:00,07:07:12,TSLA,12.4,20,BrilliantBurritos,WavyWalnuts,buy
2026-07-11T21:07:30.255904+00:00,07:07:12,ASML_202612_075C,45.7,45,EssentialEagles,FortunateFerrets,buy
2026-07-11T21:07:30.255904+00:00,07:07:12,ASML_202612_100P,72.3,40,GenerousGeckos,EssentialEagles,sell
2026-07-11T21:07:30.255904+00:00,07:07:13,ASML_202612_050P,31.0,45,EssentialEagles,GenerousGeckos,buy
2026-07-11T21:07:30.255904+00:00,07:07:13,OB5X_202706_F,194.8,50,RadiantRisottos,PowerfulPineapples,buy
2026-07-11T21:07:30.255904+00:00,07:07:13,AAPL,154.1,20,BrilliantBurritos,AverageAlmonds,buy
2026-07-11T21:07:30.255904+00:00,07:07:13,SAP_DUAL,55.7,5,GroovyGrapefruits,InfiniteIcecreams,buy
2026-07-11T21:07:30.255904+00:00,07:07:13,NVDA,45.0,105,AverageAlmonds,YieldingYams,buy
2026-07-11T21:07:30.255904+00:00,07:07:13,OB5X_202703_F,187.9,50,RadiantRisottos,PowerfulPineapples,buy
2026-07-11T21:07:30.255904+00:00,07:07:13,ASML,68.4,200,AverageAlmonds,WavyWalnuts,sell
2026-07-11T21:07:30.255904+00:00,07:07:13,AAPL,154.2,200,WavyWalnuts,YieldingYams,buy
2026-07-11T21:07:30.255904+00:00,07:07:13,SAP,56.1,200,WavyWalnuts,YieldingYams,buy
2026-07-11T21:07:30.255904+00:00,07:07:13,NVDA,45.0,200,AverageAlmonds,WavyWalnuts,sell
2026-07-11T21:07:30.255904+00:00,07:07:13,OB5X_202612_F,184.8,50,RadiantRisottos,PowerfulPineapples,buy
2026-07-11T21:07:30.255904+00:00,07:07:13,ASML_DUAL,69.5,50,EarnestEspressos,FlawlessFlatbreads,sell
2026-07-11T21:07:30.255904+00:00,07:07:13,SAP_DUAL,55.2,50,InfiniteIcecreams,JazzyJellies,sell
2026-07-11T21:07:30.255904+00:00,07:07:13,TSLA,12.5,500,YieldingYams,AverageAlmonds,buy
2026-07-11T21:07:30.255904+00:00,07:07:13,TSLA,12.5,125,YieldingYams,WavyWalnuts,buy
2026-07-11T21:07:30.255904+00:00,07:07:13,NVDA,45.3,500,YieldingYams,AverageAlmonds,buy
2026-07-11T21:07:30.255904+00:00,07:07:13,OB5X_202612_080C,114.9,9,VersatileVinegars,ScholarlySpearmints,sell
2026-07-11T21:07:30.255904+00:00,07:07:13,OB5X_202612_080C,114.9,40,TactfulTangerines,ScholarlySpearmints,sell
2026-07-11T21:07:30.255904+00:00,07:07:13,ASML_202612_F,66.1,100,CapableCoyotes,BoundlessBisons,buy
2026-07-11T21:07:30.255904+00:00,07:07:13,ASML_202703_F,66.5,50,DownrightDogfish,BoundlessBisons,buy
2026-07-11T21:07:30.255904+00:00,07:07:13,ASML_202703_F,66.5,50,CapableCoyotes,BoundlessBisons,buy
2026-07-11T21:07:30.255904+00:00,07:07:13,OB5X_ETF,42.7,208,LivelyLasagnas,KindlyKales,sell
2026-07-11T21:07:30.255904+00:00,07:07:13,NVDA,45.3,125,YieldingYams,AverageAlmonds,sell
2026-07-11T21:07:30.255904+00:00,07:07:13,AAPL,154.1,500,YieldingYams,AverageAlmonds,sell
2026-07-11T21:07:30.255904+00:00,07:07:13,ASML_202706_F,66.8,50,DownrightDogfish,CapableCoyotes,buy
2026-07-11T21:07:30.255904+00:00,07:07:13,ASML_202612_F,66.2,41,CapableCoyotes,AttentiveAntelopes,sell
2026-07-11T21:07:30.255904+00:00,07:07:14,OB5X_ETF,42.7,292,LivelyLasagnas,NecessaryNutmegs,sell
2026-07-11T21:07:30.255904+00:00,07:07:14,OB5X_ETF,42.7,208,MarvelousMilkshakes,NecessaryNutmegs,sell
2026-07-11T21:07:30.255904+00:00,07:07:14,ASML_202612_100C,42.4,54,EssentialEagles,FortunateFerrets,buy
2026-07-11T21:07:30.255904+00:00,07:07:14,AAPL,154.1,125,YieldingYams,AverageAlmonds,sell
2026-07-11T21:07:30.255904+00:00,07:07:14,ASML,68.4,200,AverageAlmonds,WavyWalnuts,sell
2026-07-11T21:07:30.255904+00:00,07:07:14,AAPL,154.1,200,WavyWalnuts,AverageAlmonds,buy
2026-07-11T21:07:30.255904+00:00,07:07:14,TSLA,12.5,200,WavyWalnuts,AverageAlmonds,buy
2026-07-11T21:07:30.255904+00:00,07:07:14,NVDA,45.0,200,AverageAlmonds,WavyWalnuts,sell
2026-07-11T21:07:30.255904+00:00,07:07:14,TSLA,12.3,500,AverageAlmonds,YieldingYams,sell
2026-07-11T21:07:30.255904+00:00,07:07:14,SAP,56.2,500,YieldingYams,AverageAlmonds,buy
2026-07-11T21:07:30.255904+00:00,07:07:14,SAP,56.2,125,YieldingYams,WavyWalnuts,buy
2026-07-11T21:07:30.255904+00:00,07:07:15,TSLA,12.2,125,AverageAlmonds,YieldingYams,buy
2026-07-11T21:07:30.255904+00:00,07:07:15,OB5X_ETF,42.7,500,LivelyLasagnas,MarvelousMilkshakes,sell
2026-07-11T21:07:30.255904+00:00,07:07:15,TSLA,12.3,20,AverageAlmonds,BrilliantBurritos,sell
2026-07-11T21:07:30.255904+00:00,07:07:15,SAP_DUAL,55.6,44,HomelyHerrings,GroovyGrapefruits,sell
2026-07-11T21:07:30.255904+00:00,07:07:15,ASML_202612_F,66.2,9,CapableCoyotes,AttentiveAntelopes,sell
2026-07-11T21:07:30.255904+00:00,07:07:15,ASML_202612_100C,41.8,40,GenerousGeckos,EssentialEagles,sell
2026-07-11T21:07:30.255904+00:00,07:07:15,ASML_202706_F,67.1,43,AttentiveAntelopes,BoundlessBisons,buy
2026-07-11T21:07:30.255904+00:00,07:07:15,ASML_202612_075C,45.2,50,GenerousGeckos,EssentialEagles,sell
2026-07-11T21:07:30.255904+00:00,07:07:15,ASML_202612_075C,45.1,9,FortunateFerrets,EssentialEagles,sell
2026-07-11T21:07:30.255904+00:00,07:07:15,ASML_DUAL,69.3,44,DiligentDonuts,CostlyCorianders,sell
2026-07-11T21:07:30.255904+00:00,07:07:15,ASML_DUAL,69.3,50,DiligentDonuts,FlawlessFlatbreads,sell
2026-07-11T21:07:30.255904+00:00,07:07:15,OB5X_202612_F,184.8,50,RadiantRisottos,PowerfulPineapples,buy
2026-07-11T21:07:30.255904+00:00,07:07:15,ASML,68.4,200,AverageAlmonds,WavyWalnuts,sell
2026-07-11T21:07:30.255904+00:00,07:07:15,AAPL,154.0,200,WavyWalnuts,AverageAlmonds,buy
2026-07-11T21:07:30.255904+00:00,07:07:15,NVDA,45.1,200,YieldingYams,WavyWalnuts,sell
2026-07-11T21:07:30.255904+00:00,07:07:15,OB5X_202706_F,194.8,100,PowerfulPineapples,QuirkyQuinoas,buy
2026-07-11T21:07:30.255904+00:00,07:07:16,OB5X_202703_F,188.0,100,PowerfulPineapples,QuirkyQuinoas,buy
2026-07-11T21:07:30.255904+00:00,07:07:16,OB5X_ETF,42.7,250,NecessaryNutmegs,MarvelousMilkshakes,buy
2026-07-11T21:07:30.255904+00:00,07:07:16,ASML_202703_F,66.7,50,CapableCoyotes,DownrightDogfish,sell
2026-07-11T21:07:30.255904+00:00,07:07:16,OB5X_202612_F,185.0,100,PowerfulPineapples,QuirkyQuinoas,buy
2026-07-11T21:07:30.255904+00:00,07:07:16,AAPL,154.0,300,YieldingYams,AverageAlmonds,buy
2026-07-11T21:07:30.255904+00:00,07:07:16,AAPL,154.0,325,YieldingYams,AverageAlmonds,sell
2026-07-11T21:07:30.255904+00:00,07:07:16,SAP,56.0,200,WavyWalnuts,YieldingYams,sell
2026-07-11T21:07:30.255904+00:00,07:07:16,ASML_202706_F,67.0,50,CapableCoyotes,DownrightDogfish,sell
2026-07-11T21:07:30.255904+00:00,07:07:16,NVDA,45.2,20,BrilliantBurritos,YieldingYams,buy
2026-07-11T21:07:30.255904+00:00,07:07:16,ASML_202612_050P,31.0,5,EssentialEagles,GenerousGeckos,buy
2026-07-11T21:07:30.255904+00:00,07:07:16,ASML_202612_050P,30.6,50,GenerousGeckos,EssentialEagles,sell
2026-07-11T21:07:30.255904+00:00,07:07:16,ASML_202612_050P,30.6,3,FortunateFerrets,EssentialEagles,sell
2026-07-11T21:07:30.255904+00:00,07:07:16,ASML,68.4,200,AverageAlmonds,WavyWalnuts,sell
2026-07-11T21:07:30.255904+00:00,07:07:16,AAPL,154.0,200,WavyWalnuts,AverageAlmonds,buy
2026-07-11T21:07:30.255904+00:00,07:07:16,SAP,55.9,200,WavyWalnuts,YieldingYams,buy
2026-07-11T21:07:30.255904+00:00,07:07:16,NVDA,45.0,200,YieldingYams,WavyWalnuts,sell
2026-07-11T21:07:30.255904+00:00,07:07:17,ASML_202612_F,66.1,55,BoundlessBisons,AttentiveAntelopes,sell
2026-07-11T21:07:30.255904+00:00,07:07:17,ASML_202706_F,67.0,47,CapableCoyotes,AttentiveAntelopes,sell
2026-07-11T21:07:30.255904+00:00,07:07:17,OB5X_202706_F,194.9,51,QuirkyQuinoas,OriginalOlives,sell
2026-07-11T21:07:30.255904+00:00,07:07:17,ASML_202612_F,66.1,45,BoundlessBisons,CapableCoyotes,sell
2026-07-11T21:07:30.255904+00:00,07:07:17,OB5X_202703_F,188.1,52,QuirkyQuinoas,OriginalOlives,sell
2026-07-11T21:07:30.255904+00:00,07:07:17,ASML_202706_F,67.0,100,BoundlessBisons,CapableCoyotes,sell
2026-07-11T21:07:30.255904+00:00,07:07:17,ASML_202612_100C,42.5,48,EssentialEagles,GenerousGeckos,buy
2026-07-11T21:07:30.255904+00:00,07:07:17,ASML_202612_100P,72.8,59,EssentialEagles,FortunateFerrets,buy
2026-07-11T21:07:30.255904+00:00,07:07:17,OB5X_202612_080P,12.5,40,ScholarlySpearmints,TactfulTangerines,buy
2026-07-11T21:07:30.255904+00:00,07:07:17,ASML_DUAL,69.1,50,DiligentDonuts,FlawlessFlatbreads,sell
2026-07-11T21:07:30.255904+00:00,07:07:17,SAP_DUAL,55.6,50,InfiniteIcecreams,JazzyJellies,sell
2026-07-11T21:07:30.255904+00:00,07:07:17,OB5X_202612_080C,115.4,56,TactfulTangerines,ScholarlySpearmints,sell
2026-07-11T21:07:30.255904+00:00,07:07:17,SAP_DUAL,55.8,49,GroovyGrapefruits,HomelyHerrings,buy
2026-07-11T21:07:30.255904+00:00,07:07:18,OB5X_202612_100C,100.2,48,ScholarlySpearmints,TactfulTangerines,buy
2026-07-11T21:07:30.255904+00:00,07:07:18,TSLA,12.5,20,BrilliantBurritos,WavyWalnuts,buy
2026-07-11T21:07:30.255904+00:00,07:07:18,ASML,68.4,200,YieldingYams,WavyWalnuts,sell
2026-07-11T21:07:30.255904+00:00,07:07:18,AAPL,154.0,200,WavyWalnuts,YieldingYams,buy
2026-07-11T21:07:30.255904+00:00,07:07:18,NVDA,45.0,200,AverageAlmonds,WavyWalnuts,sell
2026-07-11T21:07:30.255904+00:00,07:07:18,OB5X_ETF,42.8,500,MarvelousMilkshakes,LivelyLasagnas,buy
2026-07-11T21:07:30.255904+00:00,07:07:18,OB5X_ETF,42.9,250,MarvelousMilkshakes,NecessaryNutmegs,sell
2026-07-11T21:07:30.255904+00:00,07:07:18,ASML_202612_F,65.5,50,CapableCoyotes,DownrightDogfish,sell
2026-07-11T21:07:30.255904+00:00,07:07:18,SAP_DUAL,55.3,59,HomelyHerrings,GroovyGrapefruits,sell
2026-07-11T21:07:30.255904+00:00,07:07:18,ASML_202703_F,66.4,50,BoundlessBisons,DownrightDogfish,sell
2026-07-11T21:07:30.255904+00:00,07:07:18,ASML,68.5,20,BrilliantBurritos,YieldingYams,buy
2026-07-11T21:07:30.255904+00:00,07:07:18,ASML_202706_F,66.5,50,CapableCoyotes,DownrightDogfish,sell
2026-07-11T21:07:30.255904+00:00,07:07:18,NVDA,45.0,500,AverageAlmonds,YieldingYams,sell
2026-07-11T21:07:30.255904+00:00,07:07:19,ASML,68.4,20,AverageAlmonds,BrilliantBurritos,sell
2026-07-11T21:07:30.255904+00:00,07:07:19,OB5X_202612_120P,29.4,50,VersatileVinegars,ScholarlySpearmints,sell
2026-07-11T21:07:30.255904+00:00,07:07:19,OB5X_202612_120P,29.4,7,TactfulTangerines,ScholarlySpearmints,sell
2026-07-11T21:07:30.255904+00:00,07:07:19,NVDA,45.0,125,AverageAlmonds,YieldingYams,buy
2026-07-11T21:07:30.255904+00:00,07:07:19,ASML,68.4,200,AverageAlmonds,WavyWalnuts,sell
2026-07-11T21:07:30.255904+00:00,07:07:19,AAPL,154.0,200,WavyWalnuts,AverageAlmonds,buy
2026-07-11T21:07:30.255904+00:00,07:07:19,SAP,56.0,200,YieldingYams,WavyWalnuts,sell
2026-07-11T21:07:30.255904+00:00,07:07:19,NVDA,45.0,200,AverageAlmonds,WavyWalnuts,sell
2026-07-11T21:07:30.255904+00:00,07:07:19,NVDA,45.4,20,BrilliantBurritos,AverageAlmonds,buy
2026-07-11T21:07:32.390605+00:00,07:07:19,ASML_202612_050C,49.5,45,GenerousGeckos,EssentialEagles,sell
2026-07-11T21:07:32.390605+00:00,07:07:19,AAPL,154.0,20,BrilliantBurritos,AverageAlmonds,buy
2026-07-11T21:07:32.390605+00:00,07:07:19,ASML_DUAL,69.4,42,CostlyCorianders,EarnestEspressos,buy
2026-07-11T21:07:32.390605+00:00,07:07:19,ASML_DUAL,69.1,50,DiligentDonuts,FlawlessFlatbreads,sell
2026-07-11T21:07:32.390605+00:00,07:07:19,NVDA,45.0,20,AverageAlmonds,BrilliantBurritos,sell
2026-07-11T21:07:32.390605+00:00,07:07:20,ASML,68.4,500,AverageAlmonds,YieldingYams,sell
2026-07-11T21:07:32.390605+00:00,07:07:20,TSLA,12.5,500,YieldingYams,AverageAlmonds,buy
2026-07-11T21:07:32.390605+00:00,07:07:20,TSLA,12.6,125,YieldingYams,WavyWalnuts,buy
2026-07-11T21:07:32.390605+00:00,07:07:20,ASML_202612_F,66.0,53,AttentiveAntelopes,CapableCoyotes,buy
2026-07-11T21:07:32.390605+00:00,07:07:20,OB5X_ETF,42.6,500,LivelyLasagnas,NecessaryNutmegs,sell
2026-07-11T21:07:32.390605+00:00,07:07:20,ASML,68.3,125,AverageAlmonds,YieldingYams,buy
2026-07-11T21:07:32.390605+00:00,07:07:20,ASML,68.4,200,AverageAlmonds,WavyWalnuts,sell
2026-07-11T21:07:32.390605+00:00,07:07:20,AAPL,154.1,200,WavyWalnuts,YieldingYams,buy
2026-07-11T21:07:32.390605+00:00,07:07:20,NVDA,45.0,200,YieldingYams,WavyWalnuts,sell
2026-07-11T21:07:32.390605+00:00,07:07:20,TSLA,12.5,200,WavyWalnuts,AverageAlmonds,buy
2026-07-11T21:07:32.390605+00:00,07:07:20,ASML_202612_F,65.8,100,CapableCoyotes,BoundlessBisons,buy
2026-07-11T21:07:32.390605+00:00,07:07:20,ASML_202703_F,66.2,50,DownrightDogfish,BoundlessBisons,buy
2026-07-11T21:07:32.390605+00:00,07:07:20,ASML_202612_100C,42.5,2,EssentialEagles,GenerousGeckos,buy
2026-07-11T21:07:32.390605+00:00,07:07:20,ASML_202612_100C,42.5,51,EssentialEagles,FortunateFerrets,buy
2026-07-11T21:07:32.390605+00:00,07:07:20,ASML_202703_F,66.2,50,CapableCoyotes,BoundlessBisons,buy
2026-07-11T21:07:32.390605+00:00,07:07:20,ASML_202612_075P,51.0,50,GenerousGeckos,EssentialEagles,sell
2026-07-11T21:07:32.390605+00:00,07:07:20,ASML_202612_075P,50.9,1,FortunateFerrets,EssentialEagles,sell
2026-07-11T21:07:32.390605+00:00,07:07:20,ASML_202706_F,67.0,50,DownrightDogfish,CapableCoyotes,buy
2026-07-11T21:07:32.390605+00:00,07:07:20,ASML_202706_F,66.7,100,CapableCoyotes,BoundlessBisons,buy
2026-07-11T21:07:32.390605+00:00,07:07:21,AAPL,154.1,500,YieldingYams,AverageAlmonds,buy
2026-07-11T21:07:32.390605+00:00,07:07:21,AAPL,154.2,125,YieldingYams,AverageAlmonds,sell
2026-07-11T21:07:32.390605+00:00,07:07:21,OB5X_202612_080P,12.5,47,ScholarlySpearmints,TactfulTangerines,buy
2026-07-11T21:07:32.390605+00:00,07:07:21,ASML,68.7,200,YieldingYams,WavyWalnuts,sell
2026-07-11T21:07:32.390605+00:00,07:07:21,AAPL,154.0,200,WavyWalnuts,AverageAlmonds,buy
2026-07-11T21:07:32.390605+00:00,07:07:21,NVDA,45.0,200,YieldingYams,WavyWalnuts,sell
2026-07-11T21:07:32.390605+00:00,07:07:21,TSLA,12.4,200,WavyWalnuts,YieldingYams,buy
2026-07-11T21:07:32.390605+00:00,07:07:21,ASML_202612_075C,45.3,55,FortunateFerrets,EssentialEagles,sell
2026-07-11T21:07:32.390605+00:00,07:07:21,ASML_DUAL,68.9,50,EarnestEspressos,FlawlessFlatbreads,sell
2026-07-11T21:07:32.390605+00:00,07:07:22,OB5X_ETF,42.8,228,KindlyKales,LivelyLasagnas,buy
2026-07-11T21:07:32.390605+00:00,07:07:22,OB5X_ETF,42.7,500,MarvelousMilkshakes,NecessaryNutmegs,sell
2026-07-11T21:07:32.390605+00:00,07:07:22,NVDA,45.2,20,BrilliantBurritos,YieldingYams,buy
2026-07-11T21:07:32.390605+00:00,07:07:22,OB5X_202612_F,185.1,50,QuirkyQuinoas,RadiantRisottos,sell
2026-07-11T21:07:32.390605+00:00,07:07:22,TSLA,12.3,500,AverageAlmonds,YieldingYams,sell
2026-07-11T21:07:32.390605+00:00,07:07:22,AAPL,154.0,500,YieldingYams,AverageAlmonds,buy
2026-07-11T21:07:32.390605+00:00,07:07:22,SAP,55.9,200,WavyWalnuts,YieldingYams,sell
2026-07-11T21:07:32.390605+00:00,07:07:22,SAP,55.8,425,AverageAlmonds,YieldingYams,sell
2026-07-11T21:07:32.390605+00:00,07:07:22,ASML_202612_075P,50.9,55,FortunateFerrets,EssentialEagles,sell
2026-07-11T21:07:32.390605+00:00,07:07:22,TSLA,12.3,125,AverageAlmonds,YieldingYams,buy
2026-07-11T21:07:32.390605+00:00,07:07:22,ASML,68.6,200,YieldingYams,WavyWalnuts,sell
2026-07-11T21:07:32.390605+00:00,07:07:22,ASML_202612_075C,45.9,41,EssentialEagles,FortunateFerrets,buy
2026-07-11T21:07:32.390605+00:00,07:07:22,AAPL,154.1,200,WavyWalnuts,AverageAlmonds,buy
2026-07-11T21:07:35.840788+00:00,07:07:22,NVDA,45.0,200,YieldingYams,WavyWalnuts,sell
2026-07-11T21:07:35.840788+00:00,07:07:23,OB5X_202703_F,188.1,100,QuirkyQuinoas,PowerfulPineapples,sell
2026-07-11T21:07:35.840788+00:00,07:07:23,OB5X_202612_F,185.1,100,QuirkyQuinoas,PowerfulPineapples,sell
2026-07-11T21:07:35.840788+00:00,07:07:23,SAP,55.8,20,AverageAlmonds,BrilliantBurritos,sell
2026-07-11T21:07:35.840788+00:00,07:07:23,OB5X_202612_120C,95.1,48,ScholarlySpearmints,ScholarlySpearmints,sell
2026-07-11T21:07:35.840788+00:00,07:07:23,OB5X_202612_120C,95.1,7,ScholarlySpearmints,TactfulTangerines,sell
2026-07-11T21:07:35.840788+00:00,07:07:23,OB5X_202612_080C,115.4,43,TactfulTangerines,ScholarlySpearmints,sell
2026-07-11T21:07:35.840788+00:00,07:07:23,SAP_DUAL,55.8,55,GroovyGrapefruits,HomelyHerrings,buy
2026-07-11T21:07:35.840788+00:00,07:07:23,ASML_202612_F,66.3,100,BoundlessBisons,CapableCoyotes,buy
2026-07-11T21:07:35.840788+00:00,07:07:24,TSLA,12.5,200,YieldingYams,WavyWalnuts,buy
2026-07-11T21:07:35.840788+00:00,07:07:24,TSLA,12.5,425,YieldingYams,AverageAlmonds,buy
2026-07-11T21:07:35.840788+00:00,07:07:24,ASML_DUAL,69.1,50,EarnestEspressos,FlawlessFlatbreads,sell
2026-07-11T21:07:35.840788+00:00,07:07:24,ASML_DUAL,69.5,43,CostlyCorianders,DiligentDonuts,buy
2026-07-11T21:07:35.840788+00:00,07:07:24,SAP_DUAL,55.8,44,GroovyGrapefruits,InfiniteIcecreams,buy
2026-07-11T21:07:35.840788+00:00,07:07:24,ASML,68.4,200,YieldingYams,WavyWalnuts,sell
2026-07-11T21:07:35.840788+00:00,07:07:24,SAP_DUAL,55.3,50,InfiniteIcecreams,JazzyJellies,sell
2026-07-11T21:07:35.840788+00:00,07:07:24,AAPL,154.1,200,WavyWalnuts,AverageAlmonds,buy
2026-07-11T21:07:35.840788+00:00,07:07:24,ASML_202703_F,66.8,100,BoundlessBisons,CapableCoyotes,buy
2026-07-11T21:07:35.840788+00:00,07:07:24,NVDA,44.9,200,AverageAlmonds,WavyWalnuts,sell
2026-07-11T21:07:35.840788+00:00,07:07:24,ASML_202612_050P,31.0,50,EssentialEagles,GenerousGeckos,buy
2026-07-11T21:07:35.840788+00:00,07:07:24,ASML_202612_050P,31.0,5,EssentialEagles,FortunateFerrets,buy
2026-07-11T21:07:35.840788+00:00,07:07:24,ASML_202706_F,67.3,100,BoundlessBisons,CapableCoyotes,buy
2026-07-11T21:07:35.840788+00:00,07:07:24,OB5X_ETF,42.8,500,NecessaryNutmegs,LivelyLasagnas,buy
2026-07-11T21:07:35.840788+00:00,07:07:24,NVDA,45.0,500,AverageAlmonds,YieldingYams,buy
2026-07-11T21:07:35.840788+00:00,07:07:24,OB5X_202612_080P,12.6,43,ScholarlySpearmints,VersatileVinegars,buy
2026-07-11T21:07:35.840788+00:00,07:07:25,AAPL,153.9,20,YieldingYams,BrilliantBurritos,sell
2026-07-11T21:07:35.840788+00:00,07:07:25,ASML_202612_100P,72.7,50,EssentialEagles,GenerousGeckos,buy
2026-07-11T21:07:35.840788+00:00,07:07:25,ASML_202612_100P,72.8,9,EssentialEagles,FortunateFerrets,buy
2026-07-11T21:07:35.840788+00:00,07:07:25,NVDA,45.0,125,AverageAlmonds,YieldingYams,buy
2026-07-11T21:07:35.840788+00:00,07:07:25,AAPL,153.9,500,YieldingYams,AverageAlmonds,sell
2026-07-11T21:07:35.840788+00:00,07:07:25,ASML_202612_F,65.5,50,CapableCoyotes,DownrightDogfish,sell
2026-07-11T21:07:35.840788+00:00,07:07:25,ASML,68.4,200,YieldingYams,WavyWalnuts,sell
2026-07-11T21:07:35.840788+00:00,07:07:25,TSLA,12.4,200,WavyWalnuts,YieldingYams,sell
2026-07-11T21:07:35.840788+00:00,07:07:25,AAPL,160.1,200,WavyWalnuts,YieldingYams,sell
2026-07-11T21:07:35.840788+00:00,07:07:25,NVDA,45.0,200,AverageAlmonds,WavyWalnuts,sell
2026-07-11T21:07:35.840788+00:00,07:07:25,NVDA,45.3,500,YieldingYams,AverageAlmonds,buy
2026-07-11T21:07:35.840788+00:00,07:07:25,ASML_202703_F,66.0,50,CapableCoyotes,DownrightDogfish,sell
2026-07-11T21:07:35.840788+00:00,07:07:25,ASML_202706_F,66.4,50,CapableCoyotes,DownrightDogfish,sell
2026-07-11T21:07:35.840788+00:00,07:07:25,OB5X_ETF,42.7,209,KindlyKales,MarvelousMilkshakes,buy
2026-07-11T21:07:35.840788+00:00,07:07:25,SAP_DUAL,55.3,53,HomelyHerrings,GroovyGrapefruits,sell
2026-07-11T21:07:35.840788+00:00,07:07:25,NVDA,45.3,125,YieldingYams,AverageAlmonds,sell
2026-07-11T21:07:35.840788+00:00,07:07:26,ASML_DUAL,69.5,50,FlawlessFlatbreads,DiligentDonuts,buy
2026-07-11T21:07:35.840788+00:00,07:07:26,OB5X_202612_120P,30.8,48,ScholarlySpearmints,TactfulTangerines,buy
2026-07-11T21:07:35.840788+00:00,07:07:26,ASML_202612_075P,51.4,50,EssentialEagles,GenerousGeckos,buy
2026-07-11T21:07:35.840788+00:00,07:07:26,ASML_202612_075P,51.4,2,EssentialEagles,FortunateFerrets,buy
2026-07-11T21:07:35.840788+00:00,07:07:26,OB5X_202612_100C,100.3,40,ScholarlySpearmints,TactfulTangerines,buy
2026-07-11T21:07:35.840788+00:00,07:07:26,OB5X_202703_F,187.9,51,QuirkyQuinoas,OriginalOlives,sell
2026-07-11T21:07:35.840788+00:00,07:07:26,OB5X_202612_100P,20.9,50,ScholarlySpearmints,VersatileVinegars,buy
2026-07-11T21:07:35.840788+00:00,07:07:26,OB5X_202612_100P,20.9,6,ScholarlySpearmints,TactfulTangerines,buy
2026-07-11T21:07:35.840788+00:00,07:07:26,SAP,56.0,20,BrilliantBurritos,WavyWalnuts,buy
2026-07-11T21:07:35.840788+00:00,07:07:26,ASML,68.4,200,YieldingYams,WavyWalnuts,sell
2026-07-11T21:07:35.840788+00:00,07:07:26,ASML_DUAL,69.1,49,DiligentDonuts,CostlyCorianders,sell
2026-07-11T21:07:35.840788+00:00,07:07:26,AAPL,153.8,200,WavyWalnuts,YieldingYams,buy
2026-07-11T21:07:35.840788+00:00,07:07:26,NVDA,45.0,200,AverageAlmonds,WavyWalnuts,sell
2026-07-11T21:07:35.840788+00:00,07:07:26,OB5X_ETF,42.7,500,NecessaryNutmegs,MarvelousMilkshakes,buy
2026-07-11T21:07:35.840788+00:00,07:07:26,TSLA,12.4,200,YieldingYams,WavyWalnuts,buy
2026-07-11T21:07:35.840788+00:00,07:07:26,SAP,56.0,200,YieldingYams,WavyWalnuts,buy
2026-07-11T21:07:39.337572+00:00,07:07:27,OB5X_ETF,42.6,242,LivelyLasagnas,KindlyKales,sell
2026-07-11T21:07:39.337572+00:00,07:07:27,OB5X_ETF,42.7,41,LivelyLasagnas,MarvelousMilkshakes,buy
2026-07-11T21:07:39.337572+00:00,07:07:27,ASML,68.4,200,YieldingYams,WavyWalnuts,sell
2026-07-11T21:07:39.337572+00:00,07:07:27,AAPL,154.0,200,WavyWalnuts,YieldingYams,buy
2026-07-11T21:07:39.337572+00:00,07:07:27,SAP,56.1,200,YieldingYams,WavyWalnuts,sell
2026-07-11T21:07:39.337572+00:00,07:07:27,NVDA,44.9,200,YieldingYams,WavyWalnuts,sell
2026-07-11T21:07:39.337572+00:00,07:07:27,TSLA,12.4,200,YieldingYams,WavyWalnuts,sell
2026-07-11T21:07:39.337572+00:00,07:07:27,TSLA,12.3,500,AverageAlmonds,YieldingYams,sell
2026-07-11T21:07:39.337572+00:00,07:07:27,TSLA,12.3,125,WavyWalnuts,YieldingYams,sell
2026-07-11T21:07:39.337572+00:00,07:07:28,SAP,55.9,200,WavyWalnuts,YieldingYams,sell
2026-07-11T21:07:39.337572+00:00,07:07:28,ASML_DUAL,69.3,50,FlawlessFlatbreads,EarnestEspressos,buy
2026-07-11T21:07:39.337572+00:00,07:07:28,OB5X_202703_F,188.0,54,PowerfulPineapples,OriginalOlives,sell
2026-07-11T21:07:39.337572+00:00,07:07:28,OB5X_202612_F,184.9,52,PowerfulPineapples,OriginalOlives,sell
2026-07-11T21:07:39.337572+00:00,07:07:28,TSLA,12.3,20,WavyWalnuts,BrilliantBurritos,sell
2026-07-11T21:07:39.337572+00:00,07:07:28,ASML_202612_100C,42.5,50,EssentialEagles,GenerousGeckos,buy
2026-07-11T21:07:39.337572+00:00,07:07:28,ASML_202612_075C,45.8,50,EssentialEagles,GenerousGeckos,buy
2026-07-11T21:07:39.337572+00:00,07:07:28,OB5X_ETF,42.9,500,NecessaryNutmegs,LivelyLasagnas,buy
2026-07-11T21:07:39.337572+00:00,07:07:28,ASML_202612_100P,72.8,54,EssentialEagles,FortunateFerrets,buy
2026-07-11T21:07:39.337572+00:00,07:07:28,ASML,68.3,200,YieldingYams,WavyWalnuts,sell
2026-07-11T21:07:39.337572+00:00,07:07:29,AAPL,154.1,200,WavyWalnuts,YieldingYams,buy
2026-07-11T21:07:39.337572+00:00,07:07:29,NVDA,45.0,200,AverageAlmonds,WavyWalnuts,sell
2026-07-11T21:07:39.337572+00:00,07:07:29,SAP_DUAL,55.9,42,GroovyGrapefruits,HomelyHerrings,buy
2026-07-11T21:07:39.337572+00:00,07:07:29,TSLA,12.4,200,YieldingYams,WavyWalnuts,buy
2026-07-11T21:07:39.337572+00:00,07:07:29,SAP_DUAL,55.4,59,HomelyHerrings,GroovyGrapefruits,sell
2026-07-11T21:07:39.337572+00:00,07:07:29,ASML_DUAL,69.3,42,CostlyCorianders,EarnestEspressos,buy
2026-07-11T21:07:39.337572+00:00,07:07:29,OB5X_202612_120C,94.0,46,ScholarlySpearmints,VersatileVinegars,sell
2026-07-11T21:07:39.337572+00:00,07:07:29,NVDA,45.0,300,AverageAlmonds,YieldingYams,sell
2026-07-11T21:07:39.337572+00:00,07:07:29,SAP,55.9,200,YieldingYams,WavyWalnuts,buy
2026-07-11T21:07:39.337572+00:00,07:07:29,OB5X_202612_080C,116.3,49,ScholarlySpearmints,VersatileVinegars,sell
2026-07-11T21:07:39.337572+00:00,07:07:29,TSLA,12.4,20,YieldingYams,BrilliantBurritos,sell
2026-07-11T21:07:39.337572+00:00,07:07:29,ASML_202612_F,66.0,50,DownrightDogfish,BoundlessBisons,buy
2026-07-11T21:07:39.337572+00:00,07:07:30,ASML_202612_075C,45.2,48,GenerousGeckos,EssentialEagles,sell
2026-07-11T21:07:39.337572+00:00,07:07:30,OB5X_202706_F,195.0,58,OriginalOlives,QuirkyQuinoas,buy
2026-07-11T21:07:39.337572+00:00,07:07:30,ASML_202703_F,66.4,50,DownrightDogfish,BoundlessBisons,buy
2026-07-11T21:07:39.337572+00:00,07:07:30,ASML_202706_F,66.9,50,DownrightDogfish,BoundlessBisons,buy
2026-07-11T21:07:39.337572+00:00,07:07:30,NVDA,45.0,325,AverageAlmonds,YieldingYams,buy
2026-07-11T21:07:39.337572+00:00,07:07:30,ASML,68.4,200,YieldingYams,WavyWalnuts,sell
2026-07-11T21:07:39.337572+00:00,07:07:30,AAPL,154.2,200,WavyWalnuts,YieldingYams,buy
2026-07-11T21:07:39.337572+00:00,07:07:30,NVDA,45.0,175,AverageAlmonds,WavyWalnuts,sell
2026-07-11T21:07:39.337572+00:00,07:07:30,NVDA,44.9,25,YieldingYams,WavyWalnuts,sell
2026-07-11T21:07:39.337572+00:00,07:07:30,TSLA,12.5,200,WavyWalnuts,YieldingYams,buy
2026-07-11T21:07:39.337572+00:00,07:07:30,ASML,68.5,20,BrilliantBurritos,YieldingYams,buy
2026-07-11T21:07:39.337572+00:00,07:07:30,ASML_DUAL,69.1,50,EarnestEspressos,FlawlessFlatbreads,sell
2026-07-11T21:07:39.337572+00:00,07:07:30,SAP_DUAL,55.9,50,JazzyJellies,HomelyHerrings,buy
2026-07-11T21:07:39.337572+00:00,07:07:30,ASML,68.4,500,AverageAlmonds,YieldingYams,sell
2026-07-11T21:07:39.337572+00:00,07:07:30,TSLA,12.5,500,YieldingYams,AverageAlmonds,buy
2026-07-11T21:07:39.337572+00:00,07:07:30,OB5X_ETF,42.7,227,LivelyLasagnas,KindlyKales,sell
2026-07-11T21:07:39.337572+00:00,07:07:30,SAP,55.9,500,AverageAlmonds,YieldingYams,sell
2026-07-11T21:07:39.337572+00:00,07:07:30,SAP,55.9,125,WavyWalnuts,YieldingYams,sell
2026-07-11T21:07:39.337572+00:00,07:07:30,ASML,68.4,125,AverageAlmonds,YieldingYams,buy
2026-07-11T21:07:39.337572+00:00,07:07:30,TSLA,12.5,125,YieldingYams,AverageAlmonds,sell
2026-07-11T21:07:39.337572+00:00,07:07:30,ASML_DUAL,69.1,44,EarnestEspressos,CostlyCorianders,sell
2026-07-11T21:07:39.337572+00:00,07:07:30,OB5X_ETF,42.8,500,LivelyLasagnas,NecessaryNutmegs,sell
2026-07-11T21:07:39.337572+00:00,07:07:30,ASML_202612_F,66.0,100,BoundlessBisons,CapableCoyotes,buy
2026-07-11T21:07:39.337572+00:00,07:07:31,ASML_202612_100C,41.9,43,GenerousGeckos,EssentialEagles,sell
2026-07-11T21:07:39.337572+00:00,07:07:31,ASML_202612_100P,72.4,46,FortunateFerrets,EssentialEagles,sell
2026-07-11T21:07:39.337572+00:00,07:07:31,ASML,68.4,200,AverageAlmonds,WavyWalnuts,sell
2026-07-11T21:07:39.337572+00:00,07:07:31,OB5X_202612_120C,93.7,43,ScholarlySpearmints,TactfulTangerines,buy
2026-07-11T21:07:39.337572+00:00,07:07:31,AAPL,154.3,200,WavyWalnuts,AverageAlmonds,buy
2026-07-11T21:07:39.337572+00:00,07:07:31,NVDA,45.2,200,YieldingYams,WavyWalnuts,sell
2026-07-11T21:07:39.337572+00:00,07:07:31,OB5X_202612_120C,92.4,41,VersatileVinegars,ScholarlySpearmints,sell
2026-07-11T21:07:39.337572+00:00,07:07:31,OB5X_202612_080C,116.0,58,ScholarlySpearmints,TactfulTangerines,buy
2026-07-11T21:07:41.045709+00:00,07:07:31,OB5X_202612_100P,19.9,49,VersatileVinegars,ScholarlySpearmints,sell
2026-07-11T21:07:41.045709+00:00,07:07:31,TSLA,12.4,200,WavyWalnuts,YieldingYams,sell
2026-07-11T21:07:41.045709+00:00,07:07:31,TSLA,12.3,425,AverageAlmonds,YieldingYams,sell
2026-07-11T21:07:41.045709+00:00,07:07:32,ASML_202612_F,66.5,44,AttentiveAntelopes,BoundlessBisons,buy
2026-07-11T21:07:41.045709+00:00,07:07:32,ASML_202706_F,66.9,44,BoundlessBisons,AttentiveAntelopes,sell
2026-07-11T21:07:41.045709+00:00,07:07:32,ASML_202612_075C,45.2,2,GenerousGeckos,EssentialEagles,sell
2026-07-11T21:07:41.045709+00:00,07:07:32,ASML_202612_075C,45.2,42,FortunateFerrets,EssentialEagles,sell
2026-07-11T21:07:41.045709+00:00,07:07:32,ASML_202612_F,66.0,50,CapableCoyotes,DownrightDogfish,sell
2026-07-11T21:07:41.045709+00:00,07:07:32,ASML_202703_F,66.4,50,BoundlessBisons,DownrightDogfish,sell
2026-07-11T21:07:41.045709+00:00,07:07:32,ASML_202706_F,66.9,50,BoundlessBisons,DownrightDogfish,sell
2026-07-11T21:07:41.045709+00:00,07:07:32,ASML,68.5,200,YieldingYams,WavyWalnuts,sell
2026-07-11T21:07:41.045709+00:00,07:07:32,AAPL,154.3,200,WavyWalnuts,YieldingYams,buy
2026-07-11T21:07:44.929421+00:00,07:07:32,NVDA,45.1,200,YieldingYams,WavyWalnuts,sell
2026-07-11T21:07:44.929421+00:00,07:07:33,OB5X_ETF,42.8,500,MarvelousMilkshakes,NecessaryNutmegs,sell
2026-07-11T21:07:44.929421+00:00,07:07:33,OB5X_202612_080P,11.8,50,VersatileVinegars,ScholarlySpearmints,sell
2026-07-11T21:07:44.929421+00:00,07:07:33,OB5X_202612_080P,11.8,9,TactfulTangerines,ScholarlySpearmints,sell
2026-07-11T21:07:44.929421+00:00,07:07:33,OB5X_202706_F,195.0,46,PowerfulPineapples,OriginalOlives,sell
2026-07-11T21:07:44.929421+00:00,07:07:33,ASML,68.3,200,YieldingYams,WavyWalnuts,sell
2026-07-11T21:07:44.929421+00:00,07:07:33,AAPL,154.3,200,WavyWalnuts,AverageAlmonds,buy
2026-07-11T21:07:44.929421+00:00,07:07:33,NVDA,45.1,200,YieldingYams,WavyWalnuts,sell
2026-07-11T21:07:44.929421+00:00,07:07:33,OB5X_202706_F,195.0,50,PowerfulPineapples,RadiantRisottos,sell
2026-07-11T21:07:44.929421+00:00,07:07:34,OB5X_202703_F,188.1,50,PowerfulPineapples,RadiantRisottos,sell
2026-07-11T21:07:44.929421+00:00,07:07:34,OB5X_202612_F,185.1,50,PowerfulPineapples,RadiantRisottos,sell
2026-07-11T21:07:44.929421+00:00,07:07:34,ASML_202612_050P,30.6,46,GenerousGeckos,EssentialEagles,sell
2026-07-11T21:07:44.929421+00:00,07:07:34,TSLA,12.4,200,WavyWalnuts,YieldingYams,sell
2026-07-11T21:07:44.929421+00:00,07:07:34,ASML_202612_F,66.0,100,CapableCoyotes,BoundlessBisons,sell
2026-07-11T21:07:44.929421+00:00,07:07:34,ASML_202612_F,65.3,50,BoundlessBisons,DownrightDogfish,sell
2026-07-11T21:07:44.929421+00:00,07:07:34,SAP,56.0,200,YieldingYams,WavyWalnuts,buy
2026-07-11T21:07:44.929421+00:00,07:07:34,NVDA,45.0,500,AverageAlmonds,YieldingYams,sell
2026-07-11T21:07:44.929421+00:00,07:07:34,ASML_DUAL,69.0,50,DiligentDonuts,FlawlessFlatbreads,sell
2026-07-11T21:07:44.929421+00:00,07:07:34,OB5X_202612_080C,115.1,48,VersatileVinegars,ScholarlySpearmints,sell
2026-07-11T21:07:44.929421+00:00,07:07:34,SAP_DUAL,55.7,50,JazzyJellies,InfiniteIcecreams,buy
2026-07-11T21:07:44.929421+00:00,07:07:34,ASML_202703_F,66.4,100,CapableCoyotes,BoundlessBisons,sell
2026-07-11T21:07:44.929421+00:00,07:07:34,ASML_202703_F,65.7,50,BoundlessBisons,DownrightDogfish,sell
2026-07-11T21:07:44.929421+00:00,07:07:34,ASML_202706_F,66.9,50,CapableCoyotes,DownrightDogfish,sell
2026-07-11T21:07:44.929421+00:00,07:07:34,SAP,56.2,20,BrilliantBurritos,YieldingYams,buy
2026-07-11T21:07:44.929421+00:00,07:07:34,ASML_202706_F,66.9,100,CapableCoyotes,BoundlessBisons,sell
2026-07-11T21:07:44.929421+00:00,07:07:34,ASML_DUAL,69.3,40,CostlyCorianders,EarnestEspressos,buy
2026-07-11T21:07:44.929421+00:00,07:07:34,NVDA,45.0,125,AverageAlmonds,YieldingYams,buy
2026-07-11T21:07:44.929421+00:00,07:07:34,ASML,68.4,500,AverageAlmonds,YieldingYams,buy
2026-07-11T21:07:44.929421+00:00,07:07:35,OB5X_202703_F,188.1,50,PowerfulPineapples,OriginalOlives,sell
2026-07-11T21:07:44.929421+00:00,07:07:35,ASML,68.2,200,YieldingYams,WavyWalnuts,sell
2026-07-11T21:07:44.929421+00:00,07:07:35,AAPL,154.2,200,WavyWalnuts,AverageAlmonds,buy
2026-07-11T21:07:44.929421+00:00,07:07:35,SAP,56.1,200,YieldingYams,WavyWalnuts,sell
2026-07-11T21:07:44.929421+00:00,07:07:35,NVDA,45.0,200,AverageAlmonds,WavyWalnuts,sell
2026-07-11T21:07:44.929421+00:00,07:07:35,TSLA,12.3,200,YieldingYams,WavyWalnuts,sell
2026-07-11T21:07:44.929421+00:00,07:07:35,TSLA,12.3,20,YieldingYams,BrilliantBurritos,sell
2026-07-11T21:07:44.929421+00:00,07:07:35,OB5X_ETF,42.7,500,LivelyLasagnas,NecessaryNutmegs,sell
2026-07-11T21:07:48.404384+00:00,07:07:35,NVDA,45.3,20,BrilliantBurritos,AverageAlmonds,buy
2026-07-11T21:07:48.404384+00:00,07:07:35,SAP_DUAL,55.7,52,GroovyGrapefruits,InfiniteIcecreams,buy
2026-07-11T21:07:48.404384+00:00,07:07:35,ASML,68.4,125,AverageAlmonds,YieldingYams,buy
2026-07-11T21:07:48.404384+00:00,07:07:35,AAPL,154.1,20,YieldingYams,BrilliantBurritos,sell
2026-07-11T21:07:48.404384+00:00,07:07:35,ASML,68.4,375,AverageAlmonds,YieldingYams,sell
2026-07-11T21:07:48.404384+00:00,07:07:36,OB5X_202612_120C,92.6,44,VersatileVinegars,ScholarlySpearmints,sell
2026-07-11T21:07:48.404384+00:00,07:07:36,ASML,68.3,200,AverageAlmonds,WavyWalnuts,sell
2026-07-11T21:07:48.404384+00:00,07:07:36,AAPL,154.1,200,WavyWalnuts,AverageAlmonds,buy
2026-07-11T21:07:48.404384+00:00,07:07:36,SAP,56.2,200,WavyWalnuts,YieldingYams,buy
2026-07-11T21:07:48.404384+00:00,07:07:36,OB5X_202612_080C,115.3,40,VersatileVinegars,ScholarlySpearmints,sell
2026-07-11T21:07:48.404384+00:00,07:07:36,NVDA,45.2,200,YieldingYams,WavyWalnuts,sell
2026-07-11T21:07:48.404384+00:00,07:07:36,OB5X_202706_F,195.0,4,PowerfulPineapples,RadiantRisottos,sell
2026-07-11T21:07:48.404384+00:00,07:07:36,OB5X_202706_F,194.7,46,QuirkyQuinoas,RadiantRisottos,sell
2026-07-11T21:07:48.404384+00:00,07:07:36,OB5X_202612_120P,29.5,49,TactfulTangerines,ScholarlySpearmints,sell
2026-07-11T21:07:48.404384+00:00,07:07:36,OB5X_202703_F,187.8,50,QuirkyQuinoas,RadiantRisottos,sell
2026-07-11T21:07:48.404384+00:00,07:07:36,OB5X_202612_100C,100.0,50,ScholarlySpearmints,VersatileVinegars,buy
2026-07-11T21:07:48.404384+00:00,07:07:36,OB5X_202612_F,185.1,50,PowerfulPineapples,RadiantRisottos,sell
2026-07-11T21:07:48.404384+00:00,07:07:36,ASML_202612_100C,42.5,47,EssentialEagles,FortunateFerrets,buy
2026-07-11T21:07:48.404384+00:00,07:07:36,ASML_202612_050P,30.6,50,GenerousGeckos,EssentialEagles,sell
2026-07-11T21:07:48.404384+00:00,07:07:36,ASML_202612_050P,30.6,4,FortunateFerrets,EssentialEagles,sell
2026-07-11T21:07:48.404384+00:00,07:07:36,OB5X_202706_F,195.2,52,OriginalOlives,QuirkyQuinoas,buy
2026-07-11T21:07:48.404384+00:00,07:07:36,ASML_DUAL,68.9,50,DiligentDonuts,FlawlessFlatbreads,sell
2026-07-11T21:07:48.404384+00:00,07:07:36,ASML_202612_F,65.7,50,DownrightDogfish,CapableCoyotes,buy
2026-07-11T21:07:48.404384+00:00,07:07:36,ASML_202703_F,66.4,50,DownrightDogfish,CapableCoyotes,buy
2026-07-11T21:07:48.404384+00:00,07:07:37,ASML_202612_F,65.7,41,AttentiveAntelopes,CapableCoyotes,buy
2026-07-11T21:07:48.404384+00:00,07:07:37,ASML_202703_F,65.9,47,CapableCoyotes,AttentiveAntelopes,sell
2026-07-11T21:07:48.404384+00:00,07:07:37,ASML_202706_F,66.8,50,DownrightDogfish,CapableCoyotes,buy
2026-07-11T21:07:48.404384+00:00,07:07:37,AAPL,154.0,500,YieldingYams,AverageAlmonds,buy
2026-07-11T21:07:48.404384+00:00,07:07:37,OB5X_ETF,42.7,500,NecessaryNutmegs,LivelyLasagnas,buy
2026-07-11T21:07:48.404384+00:00,07:07:37,NVDA,45.1,500,AverageAlmonds,YieldingYams,sell
2026-07-11T21:07:48.404384+00:00,07:07:37,NVDA,45.1,125,AverageAlmonds,YieldingYams,buy
2026-07-11T21:07:48.404384+00:00,07:07:37,AAPL,154.1,125,YieldingYams,AverageAlmonds,sell
2026-07-11T21:07:48.404384+00:00,07:07:37,ASML,68.3,200,YieldingYams,WavyWalnuts,sell
2026-07-11T21:07:48.404384+00:00,07:07:37,AAPL,153.9,200,WavyWalnuts,AverageAlmonds,buy
2026-07-11T21:07:48.404384+00:00,07:07:37,SAP,56.2,200,YieldingYams,WavyWalnuts,sell
2026-07-11T21:07:48.404384+00:00,07:07:37,OB5X_ETF,42.8,225,KindlyKales,MarvelousMilkshakes,buy
2026-07-11T21:07:48.404384+00:00,07:07:37,NVDA,45.1,200,AverageAlmonds,WavyWalnuts,sell
2026-07-11T21:07:48.404384+00:00,07:07:37,OB5X_202612_080P,11.8,50,TactfulTangerines,ScholarlySpearmints,sell
2026-07-11T21:07:48.404384+00:00,07:07:37,ASML_202612_100P,72.3,48,GenerousGeckos,EssentialEagles,sell
2026-07-11T21:07:48.404384+00:00,07:07:37,ASML_202612_F,65.7,59,BoundlessBisons,CapableCoyotes,buy
2026-07-11T21:07:48.404384+00:00,07:07:38,SAP_DUAL,56.0,52,GroovyGrapefruits,HomelyHerrings,buy
2026-07-11T21:07:48.404384+00:00,07:07:38,ASML_202612_F,65.8,41,BoundlessBisons,CapableCoyotes,sell
2026-07-11T21:07:48.404384+00:00,07:07:38,ASML_202703_F,66.2,100,BoundlessBisons,CapableCoyotes,sell
2026-07-11T21:07:48.404384+00:00,07:07:38,ASML,68.5,20,BrilliantBurritos,YieldingYams,buy
2026-07-11T21:07:48.404384+00:00,07:07:38,ASML,68.3,500,AverageAlmonds,YieldingYams,sell
2026-07-11T21:07:48.404384+00:00,07:07:38,AAPL,153.9,500,YieldingYams,AverageAlmonds,buy
2026-07-11T21:07:48.404384+00:00,07:07:38,ASML_202706_F,66.7,100,BoundlessBisons,CapableCoyotes,sell
2026-07-11T21:07:48.404384+00:00,07:07:38,NVDA,45.4,500,YieldingYams,AverageAlmonds,buy
2026-07-11T21:07:48.404384+00:00,07:07:38,ASML,68.3,125,AverageAlmonds,YieldingYams,buy
2026-07-11T21:07:48.404384+00:00,07:07:38,AAPL,153.9,125,YieldingYams,AverageAlmonds,sell
2026-07-11T21:07:48.404384+00:00,07:07:38,NVDA,45.5,125,YieldingYams,AverageAlmonds,sell
2026-07-11T21:07:48.404384+00:00,07:07:38,ASML,68.4,200,AverageAlmonds,WavyWalnuts,sell
2026-07-11T21:07:48.404384+00:00,07:07:38,AAPL,153.9,200,WavyWalnuts,AverageAlmonds,buy
2026-07-11T21:07:48.404384+00:00,07:07:38,SAP,56.2,200,WavyWalnuts,YieldingYams,buy
2026-07-11T21:07:48.404384+00:00,07:07:38,NVDA,45.0,200,AverageAlmonds,WavyWalnuts,sell
2026-07-11T21:07:48.404384+00:00,07:07:38,ASML_202703_F,66.2,45,AttentiveAntelopes,CapableCoyotes,buy
2026-07-11T21:07:50.520926+00:00,07:07:38,SAP,56.2,20,BrilliantBurritos,YieldingYams,buy
2026-07-11T21:07:50.520926+00:00,07:07:38,ASML_DUAL,68.9,50,DiligentDonuts,FlawlessFlatbreads,sell
2026-07-11T21:07:50.520926+00:00,07:07:39,OB5X_ETF,42.6,214,MarvelousMilkshakes,KindlyKales,sell
2026-07-11T21:07:50.520926+00:00,07:07:39,ASML_202612_F,65.8,50,DownrightDogfish,CapableCoyotes,buy
2026-07-11T21:07:50.520926+00:00,07:07:39,OB5X_202612_080C,116.3,50,ScholarlySpearmints,VersatileVinegars,buy
2026-07-11T21:07:50.520926+00:00,07:07:39,OB5X_202612_080C,116.3,3,ScholarlySpearmints,TactfulTangerines,buy
2026-07-11T21:07:50.520926+00:00,07:07:39,OB5X_ETF,42.8,500,NecessaryNutmegs,MarvelousMilkshakes,buy
2026-07-11T21:07:50.520926+00:00,07:07:39,ASML_202703_F,66.2,5,DownrightDogfish,CapableCoyotes,buy
2026-07-11T21:07:50.520926+00:00,07:07:39,ASML_202706_F,66.7,50,DownrightDogfish,CapableCoyotes,buy
2026-07-11T21:07:50.520926+00:00,07:07:39,NVDA,45.4,20,BrilliantBurritos,AverageAlmonds,buy
2026-07-11T21:07:50.520926+00:00,07:07:39,OB5X_ETF,42.8,25,KindlyKales,MarvelousMilkshakes,buy
2026-07-11T21:07:50.520926+00:00,07:07:39,ASML,68.6,200,YieldingYams,WavyWalnuts,sell
2026-07-11T21:07:50.520926+00:00,07:07:39,AAPL,153.9,200,WavyWalnuts,YieldingYams,buy
2026-07-11T21:07:50.520926+00:00,07:07:39,NVDA,45.1,200,YieldingYams,WavyWalnuts,sell
2026-07-11T21:07:50.520926+00:00,07:07:39,TSLA,12.4,200,WavyWalnuts,YieldingYams,buy
2026-07-11T21:07:50.520926+00:00,07:07:39,ASML_DUAL,69.1,43,CostlyCorianders,DiligentDonuts,buy
2026-07-11T21:07:50.520926+00:00,07:07:40,NVDA,45.2,20,BrilliantBurritos,YieldingYams,buy
2026-07-11T21:07:50.520926+00:00,07:07:40,OB5X_202612_120C,92.6,6,VersatileVinegars,ScholarlySpearmints,sell
2026-07-11T21:07:50.520926+00:00,07:07:40,OB5X_202612_120C,92.5,41,TactfulTangerines,ScholarlySpearmints,sell
2026-07-11T21:07:50.520926+00:00,07:07:40,ASML_DUAL,69.0,50,EarnestEspressos,FlawlessFlatbreads,sell
2026-07-11T21:07:50.520926+00:00,07:07:40,OB5X_ETF,42.8,242,MarvelousMilkshakes,KindlyKales,sell
2026-07-11T21:07:50.520926+00:00,07:07:40,OB5X_202706_F,194.9,51,OriginalOlives,QuirkyQuinoas,buy
2026-07-11T21:07:50.520926+00:00,07:07:41,OB5X_202612_100C,98.9,52,TactfulTangerines,ScholarlySpearmints,sell
2026-07-11T21:07:50.520926+00:00,07:07:41,ASML,68.6,200,YieldingYams,WavyWalnuts,sell
2026-07-11T21:07:50.520926+00:00,07:07:41,TSLA,12.5,200,YieldingYams,WavyWalnuts,buy
2026-07-11T21:07:50.520926+00:00,07:07:41,TSLA,12.5,425,YieldingYams,AverageAlmonds,buy
2026-07-11T21:07:50.520926+00:00,07:07:41,AAPL,154.1,200,WavyWalnuts,AverageAlmonds,buy
2026-07-11T21:07:50.520926+00:00,07:07:41,NVDA,45.1,200,YieldingYams,WavyWalnuts,sell
2026-07-11T21:07:50.520926+00:00,07:07:41,TSLA,12.5,75,WavyWalnuts,AverageAlmonds,buy
2026-07-11T21:07:50.520926+00:00,07:07:41,TSLA,12.6,125,WavyWalnuts,YieldingYams,buy
2026-07-11T21:07:50.520926+00:00,07:07:41,ASML_202612_075C,45.7,52,EssentialEagles,FortunateFerrets,buy
2026-07-11T21:07:50.520926+00:00,07:07:41,NVDA,45.1,500,AverageAlmonds,YieldingYams,sell
2026-07-11T21:07:50.520926+00:00,07:07:41,SAP,56.2,200,YieldingYams,WavyWalnuts,buy
2026-07-11T21:07:52.224091+00:00,07:07:41,ASML_202612_F,65.8,50,DownrightDogfish,CapableCoyotes,buy
2026-07-11T21:07:52.224091+00:00,07:07:41,ASML_202612_F,65.7,100,CapableCoyotes,BoundlessBisons,buy
2026-07-11T21:07:52.224091+00:00,07:07:41,SAP_DUAL,55.8,43,InfiniteIcecreams,GroovyGrapefruits,sell
2026-07-11T21:07:52.224091+00:00,07:07:41,ASML_202706_F,67.2,50,DownrightDogfish,BoundlessBisons,buy
2026-07-11T21:07:52.224091+00:00,07:07:41,ASML_202703_F,66.1,100,CapableCoyotes,BoundlessBisons,buy
2026-07-11T21:07:52.224091+00:00,07:07:41,ASML_202706_F,66.6,100,CapableCoyotes,BoundlessBisons,buy
2026-07-11T21:07:52.224091+00:00,07:07:41,ASML_DUAL,69.1,49,CostlyCorianders,DiligentDonuts,buy
2026-07-11T21:07:57.790796+00:00,07:07:42,ASML,68.5,200,YieldingYams,WavyWalnuts,sell
2026-07-11T21:07:57.790796+00:00,07:07:42,AAPL,153.8,200,WavyWalnuts,YieldingYams,buy
2026-07-11T21:07:57.790796+00:00,07:07:42,NVDA,45.0,200,AverageAlmonds,WavyWalnuts,sell
2026-07-11T21:07:57.790796+00:00,07:07:42,TSLA,12.5,500,YieldingYams,AverageAlmonds,buy
2026-07-11T21:07:57.790796+00:00,07:07:42,TSLA,12.5,125,YieldingYams,WavyWalnuts,buy
2026-07-11T21:07:57.790796+00:00,07:07:42,ASML_202612_050C,49.7,50,GenerousGeckos,EssentialEagles,sell
2026-07-11T21:07:57.790796+00:00,07:07:42,OB5X_202706_F,194.7,40,QuirkyQuinoas,OriginalOlives,sell
2026-07-11T21:07:57.790796+00:00,07:07:42,OB5X_202612_100C,99.8,48,ScholarlySpearmints,VersatileVinegars,buy
2026-07-11T21:07:57.790796+00:00,07:07:42,SAP,56.2,200,WavyWalnuts,YieldingYams,sell
2026-07-11T21:07:57.790796+00:00,07:07:42,OB5X_202703_F,187.8,57,QuirkyQuinoas,OriginalOlives,sell
2026-07-11T21:07:57.790796+00:00,07:07:42,OB5X_202612_F,184.8,40,QuirkyQuinoas,OriginalOlives,sell
2026-07-11T21:07:57.790796+00:00,07:07:42,ASML,68.5,20,BrilliantBurritos,YieldingYams,buy
2026-07-11T21:07:57.790796+00:00,07:07:42,ASML,68.5,500,AverageAlmonds,YieldingYams,buy
2026-07-11T21:07:57.790796+00:00,07:07:43,OB5X_ETF,42.9,245,KindlyKales,LivelyLasagnas,buy
2026-07-11T21:07:57.790796+00:00,07:07:43,ASML_DUAL,68.8,50,DiligentDonuts,FlawlessFlatbreads,sell
2026-07-11T21:07:57.790796+00:00,07:07:43,SAP_DUAL,55.8,44,InfiniteIcecreams,GroovyGrapefruits,sell
2026-07-11T21:07:57.790796+00:00,07:07:43,SAP_DUAL,56.3,50,JazzyJellies,InfiniteIcecreams,buy
2026-07-11T21:07:57.790796+00:00,07:07:43,ASML_DUAL,68.8,42,DiligentDonuts,CostlyCorianders,sell
2026-07-11T21:07:57.790796+00:00,07:07:43,ASML,68.5,105,AverageAlmonds,YieldingYams,buy
2026-07-11T21:07:57.790796+00:00,07:07:43,ASML,68.5,200,AverageAlmonds,WavyWalnuts,sell
2026-07-11T21:07:57.790796+00:00,07:07:43,OB5X_ETF,43.0,500,NecessaryNutmegs,LivelyLasagnas,buy
2026-07-11T21:07:57.790796+00:00,07:07:43,AAPL,153.9,200,WavyWalnuts,YieldingYams,buy
2026-07-11T21:07:57.790796+00:00,07:07:43,SAP,56.1,200,WavyWalnuts,YieldingYams,buy
2026-07-11T21:07:57.790796+00:00,07:07:43,NVDA,45.2,200,YieldingYams,WavyWalnuts,sell
2026-07-11T21:07:57.790796+00:00,07:07:43,ASML_202612_075P,50.9,49,GenerousGeckos,EssentialEagles,sell
2026-07-11T21:07:57.790796+00:00,07:07:43,ASML_202612_050C,49.6,50,FortunateFerrets,EssentialEagles,sell
2026-07-11T21:07:57.790796+00:00,07:07:43,TSLA,12.4,200,WavyWalnuts,YieldingYams,sell
2026-07-11T21:07:57.790796+00:00,07:07:43,TSLA,12.3,425,AverageAlmonds,YieldingYams,sell
2026-07-11T21:07:57.790796+00:00,07:07:43,SAP,56.2,200,YieldingYams,WavyWalnuts,buy
2026-07-11T21:07:57.790796+00:00,07:07:43,OB5X_202612_080C,116.0,50,ScholarlySpearmints,VersatileVinegars,buy
2026-07-11T21:07:57.790796+00:00,07:07:43,OB5X_202612_080C,116.0,4,ScholarlySpearmints,TactfulTangerines,buy
2026-07-11T21:07:57.790796+00:00,07:07:43,OB5X_202612_080C,115.0,50,VersatileVinegars,ScholarlySpearmints,sell
2026-07-11T21:07:57.790796+00:00,07:07:43,OB5X_202612_080C,115.0,4,TactfulTangerines,ScholarlySpearmints,sell
2026-07-11T21:07:57.790796+00:00,07:07:43,ASML_202612_F,66.5,50,CapableCoyotes,DownrightDogfish,sell
2026-07-11T21:07:57.790796+00:00,07:07:43,ASML_202703_F,66.9,50,CapableCoyotes,DownrightDogfish,sell
2026-07-11T21:07:57.790796+00:00,07:07:44,ASML_202706_F,67.4,50,CapableCoyotes,DownrightDogfish,sell
2026-07-11T21:07:57.790796+00:00,07:07:44,ASML_202612_075C,45.9,54,EssentialEagles,FortunateFerrets,buy
2026-07-11T21:07:57.790796+00:00,07:07:44,ASML,68.7,200,YieldingYams,WavyWalnuts,sell
2026-07-11T21:07:57.790796+00:00,07:07:44,AAPL,154.0,200,WavyWalnuts,YieldingYams,buy
2026-07-11T21:07:57.790796+00:00,07:07:44,NVDA,45.1,200,YieldingYams,WavyWalnuts,sell
2026-07-11T21:07:57.790796+00:00,07:07:44,TSLA,12.4,200,YieldingYams,WavyWalnuts,buy
2026-07-11T21:07:57.790796+00:00,07:07:44,TSLA,12.5,425,YieldingYams,AverageAlmonds,buy
2026-07-11T21:07:57.790796+00:00,07:07:45,ASML_202612_F,66.2,100,BoundlessBisons,CapableCoyotes,sell
2026-07-11T21:07:57.790796+00:00,07:07:45,ASML_DUAL,68.8,8,DiligentDonuts,FlawlessFlatbreads,sell
2026-07-11T21:07:57.790796+00:00,07:07:45,ASML_DUAL,68.8,42,EarnestEspressos,FlawlessFlatbreads,sell
2026-07-11T21:07:57.790796+00:00,07:07:45,SAP_DUAL,55.6,50,HomelyHerrings,JazzyJellies,sell
2026-07-11T21:07:57.790796+00:00,07:07:45,ASML_202703_F,66.7,100,BoundlessBisons,CapableCoyotes,sell
2026-07-11T21:07:57.790796+00:00,07:07:45,OB5X_202612_120P,30.7,49,ScholarlySpearmints,VersatileVinegars,buy
2026-07-11T21:07:57.790796+00:00,07:07:45,ASML_202706_F,67.2,100,BoundlessBisons,CapableCoyotes,sell
2026-07-11T21:07:57.790796+00:00,07:07:45,OB5X_ETF,42.8,205,LivelyLasagnas,KindlyKales,sell
2026-07-11T21:07:57.790796+00:00,07:07:45,ASML_202612_100C,42.1,47,GenerousGeckos,EssentialEagles,sell
2026-07-11T21:07:57.790796+00:00,07:07:45,OB5X_ETF,42.8,295,LivelyLasagnas,NecessaryNutmegs,sell
2026-07-11T21:07:57.790796+00:00,07:07:45,OB5X_ETF,42.8,205,MarvelousMilkshakes,NecessaryNutmegs,sell
2026-07-11T21:07:57.790796+00:00,07:07:45,ASML_DUAL,69.1,47,CostlyCorianders,DiligentDonuts,buy
2026-07-11T21:07:57.790796+00:00,07:07:45,ASML,68.6,200,YieldingYams,WavyWalnuts,sell
2026-07-11T21:07:57.790796+00:00,07:07:45,AAPL,154.0,200,WavyWalnuts,YieldingYams,buy
2026-07-11T21:07:57.790796+00:00,07:07:45,SAP,56.3,200,WavyWalnuts,YieldingYams,buy
2026-07-11T21:07:57.790796+00:00,07:07:45,NVDA,45.0,200,AverageAlmonds,WavyWalnuts,sell
2026-07-11T21:07:57.790796+00:00,07:07:45,TSLA,12.5,200,WavyWalnuts,AverageAlmonds,buy
2026-07-11T21:07:57.790796+00:00,07:07:46,ASML_202612_F,65.6,50,CapableCoyotes,DownrightDogfish,sell
2026-07-11T21:07:57.790796+00:00,07:07:46,ASML_202703_F,66.0,50,CapableCoyotes,DownrightDogfish,sell
2026-07-11T21:07:57.790796+00:00,07:07:46,NVDA,45.0,300,AverageAlmonds,YieldingYams,sell
2026-07-11T21:07:57.790796+00:00,07:07:46,ASML_202706_F,66.4,50,CapableCoyotes,DownrightDogfish,sell
2026-07-11T21:07:57.790796+00:00,07:07:46,NVDA,45.0,325,AverageAlmonds,YieldingYams,buy
2026-07-11T21:07:57.790796+00:00,07:07:46,SAP_DUAL,56.1,48,GroovyGrapefruits,HomelyHerrings,buy
2026-07-11T21:07:57.790796+00:00,07:07:46,SAP_DUAL,55.7,44,InfiniteIcecreams,GroovyGrapefruits,sell
2026-07-11T21:07:57.790796+00:00,07:07:46,ASML_202612_100C,42.7,49,EssentialEagles,FortunateFerrets,buy
2026-07-11T21:07:57.790796+00:00,07:07:46,OB5X_202612_080P,11.8,50,VersatileVinegars,ScholarlySpearmints,sell
2026-07-11T21:07:57.790796+00:00,07:07:46,OB5X_202612_080P,11.8,9,TactfulTangerines,ScholarlySpearmints,sell
2026-07-11T21:07:57.790796+00:00,07:07:46,OB5X_202706_F,195.2,44,OriginalOlives,QuirkyQuinoas,buy
2026-07-11T21:07:57.790796+00:00,07:07:46,OB5X_202706_F,194.8,42,PowerfulPineapples,OriginalOlives,sell
2026-07-11T21:07:57.790796+00:00,07:07:46,OB5X_202612_120P,29.5,50,VersatileVinegars,ScholarlySpearmints,sell
2026-07-11T21:07:57.790796+00:00,07:07:46,OB5X_202612_F,184.9,50,PowerfulPineapples,OriginalOlives,sell
2026-07-11T21:07:57.790796+00:00,07:07:47,OB5X_202612_100P,20.9,47,ScholarlySpearmints,VersatileVinegars,buy
2026-07-11T21:07:57.790796+00:00,07:07:47,ASML,68.6,200,YieldingYams,WavyWalnuts,sell
2026-07-11T21:07:57.790796+00:00,07:07:47,AAPL,154.3,200,WavyWalnuts,YieldingYams,buy
2026-07-11T21:07:57.790796+00:00,07:07:47,NVDA,45.0,200,AverageAlmonds,WavyWalnuts,sell
2026-07-11T21:07:57.790796+00:00,07:07:47,ASML_DUAL,68.7,50,EarnestEspressos,FlawlessFlatbreads,sell
2026-07-11T21:07:57.790796+00:00,07:07:47,SAP_DUAL,55.7,50,InfiniteIcecreams,JazzyJellies,sell
2026-07-11T21:07:57.790796+00:00,07:07:47,SAP_DUAL,55.7,54,InfiniteIcecreams,GroovyGrapefruits,sell
2026-07-11T21:07:57.790796+00:00,07:07:47,ASML,68.5,500,AverageAlmonds,YieldingYams,sell
2026-07-11T21:07:57.790796+00:00,07:07:47,TSLA,12.4,200,YieldingYams,WavyWalnuts,buy
2026-07-11T21:07:57.790796+00:00,07:07:47,OB5X_ETF,42.8,500,LivelyLasagnas,NecessaryNutmegs,sell
2026-07-11T21:07:57.790796+00:00,07:07:47,OB5X_202612_100C,98.6,50,VersatileVinegars,ScholarlySpearmints,buy
2026-07-11T21:07:57.790796+00:00,07:07:47,TSLA,12.4,20,YieldingYams,BrilliantBurritos,sell
2026-07-11T21:07:57.790796+00:00,07:07:47,ASML_202612_F,66.1,42,AttentiveAntelopes,CapableCoyotes,buy
2026-07-11T21:07:57.790796+00:00,07:07:48,ASML_202706_F,66.4,52,CapableCoyotes,AttentiveAntelopes,sell
2026-07-11T21:07:57.790796+00:00,07:07:48,ASML,68.5,125,AverageAlmonds,YieldingYams,buy
2026-07-11T21:07:57.790796+00:00,07:07:48,ASML,68.5,200,AverageAlmonds,WavyWalnuts,sell
2026-07-11T21:07:57.790796+00:00,07:07:48,AAPL,154.4,200,WavyWalnuts,YieldingYams,buy
2026-07-11T21:07:57.790796+00:00,07:07:48,NVDA,45.0,200,YieldingYams,WavyWalnuts,sell
2026-07-11T21:07:57.790796+00:00,07:07:48,ASML_DUAL,68.7,45,EarnestEspressos,CostlyCorianders,sell
2026-07-11T21:07:57.790796+00:00,07:07:48,ASML_202612_F,66.0,100,CapableCoyotes,BoundlessBisons,buy
2026-07-11T21:07:57.790796+00:00,07:07:48,ASML_202703_F,66.5,50,DownrightDogfish,CapableCoyotes,buy
2026-07-11T21:07:57.790796+00:00,07:07:48,ASML_202612_050P,30.9,50,EssentialEagles,GenerousGeckos,buy
2026-07-11T21:07:57.790796+00:00,07:07:48,ASML_202612_050P,31.0,4,EssentialEagles,FortunateFerrets,buy
2026-07-11T21:07:57.790796+00:00,07:07:48,ASML_202706_F,66.9,50,DownrightDogfish,CapableCoyotes,buy
2026-07-11T21:07:57.790796+00:00,07:07:48,TSLA,12.4,200,WavyWalnuts,YieldingYams,sell
2026-07-11T21:07:57.790796+00:00,07:07:48,AAPL,154.4,500,YieldingYams,AverageAlmonds,buy
2026-07-11T21:07:57.790796+00:00,07:07:49,SAP,56.2,200,WavyWalnuts,YieldingYams,sell
2026-07-11T21:08:01.242293+00:00,07:07:49,ASML_DUAL,68.9,50,FlawlessFlatbreads,EarnestEspressos,buy
2026-07-11T21:08:01.242293+00:00,07:07:49,SAP_DUAL,55.7,2,InfiniteIcecreams,JazzyJellies,sell
2026-07-11T21:08:01.242293+00:00,07:07:49,SAP_DUAL,55.6,48,HomelyHerrings,JazzyJellies,sell
2026-07-11T21:08:01.242293+00:00,07:07:49,ASML_DUAL,68.9,49,CostlyCorianders,EarnestEspressos,buy
2026-07-11T21:08:01.242293+00:00,07:07:49,AAPL,154.5,125,YieldingYams,AverageAlmonds,sell
2026-07-11T21:08:01.242293+00:00,07:07:49,ASML,68.8,200,YieldingYams,WavyWalnuts,sell
2026-07-11T21:08:01.242293+00:00,07:07:49,AAPL,154.4,200,WavyWalnuts,AverageAlmonds,buy
2026-07-11T21:08:01.242293+00:00,07:07:49,SAP,56.1,200,WavyWalnuts,YieldingYams,buy
2026-07-11T21:08:01.242293+00:00,07:07:49,SAP_DUAL,56.1,47,GroovyGrapefruits,HomelyHerrings,buy
2026-07-11T21:08:01.242293+00:00,07:07:49,NVDA,45.0,200,AverageAlmonds,WavyWalnuts,sell
2026-07-11T21:08:01.242293+00:00,07:07:49,ASML_202612_075C,45.5,47,FortunateFerrets,EssentialEagles,sell
2026-07-11T21:08:01.242293+00:00,07:07:49,SAP_DUAL,55.6,52,HomelyHerrings,InfiniteIcecreams,sell
2026-07-11T21:08:01.242293+00:00,07:07:49,OB5X_202612_100C,100.0,41,ScholarlySpearmints,TactfulTangerines,buy
2026-07-11T21:08:01.242293+00:00,07:07:49,ASML_202612_100P,72.8,50,EssentialEagles,GenerousGeckos,buy
2026-07-11T21:08:01.242293+00:00,07:07:49,ASML_202612_100P,72.8,1,EssentialEagles,FortunateFerrets,buy
2026-07-11T21:08:01.242293+00:00,07:07:49,OB5X_202706_F,195.0,46,OriginalOlives,PowerfulPineapples,buy
2026-07-11T21:08:01.242293+00:00,07:07:49,OB5X_202612_F,185.1,58,OriginalOlives,PowerfulPineapples,buy
2026-07-11T21:08:01.242293+00:00,07:07:49,OB5X_202612_F,184.7,53,QuirkyQuinoas,OriginalOlives,sell
2026-07-11T21:08:01.242293+00:00,07:07:49,OB5X_ETF,42.7,500,MarvelousMilkshakes,NecessaryNutmegs,sell
2026-07-11T21:08:01.242293+00:00,07:07:50,ASML,68.8,425,YieldingYams,AverageAlmonds,sell
2026-07-11T21:08:01.242293+00:00,07:07:50,SAP_DUAL,55.5,51,GroovyGrapefruits,InfiniteIcecreams,buy
2026-07-11T21:08:01.242293+00:00,07:07:50,TSLA,12.4,200,YieldingYams,WavyWalnuts,buy
2026-07-11T21:08:01.242293+00:00,07:07:50,NVDA,45.0,500,AverageAlmonds,YieldingYams,sell
2026-07-11T21:08:01.242293+00:00,07:07:50,TSLA,12.4,20,YieldingYams,BrilliantBurritos,sell
2026-07-11T21:08:01.242293+00:00,07:07:50,OB5X_ETF,42.8,240,KindlyKales,LivelyLasagnas,buy
2026-07-11T21:08:01.242293+00:00,07:07:50,NVDA,45.0,125,AverageAlmonds,YieldingYams,buy
2026-07-11T21:08:01.242293+00:00,07:07:50,ASML,68.5,200,YieldingYams,WavyWalnuts,sell
2026-07-11T21:08:01.242293+00:00,07:07:50,AAPL,154.4,200,WavyWalnuts,YieldingYams,buy
2026-07-11T21:08:01.242293+00:00,07:07:50,NVDA,45.0,200,AverageAlmonds,WavyWalnuts,sell
2026-07-11T21:08:01.242293+00:00,07:07:50,TSLA,12.4,200,YieldingYams,WavyWalnuts,sell
2026-07-11T21:08:02.942264+00:00,07:07:50,ASML_202612_F,66.0,50,CapableCoyotes,DownrightDogfish,sell
2026-07-11T21:08:02.942264+00:00,07:07:50,ASML_202703_F,66.3,50,CapableCoyotes,DownrightDogfish,sell
2026-07-11T21:08:02.942264+00:00,07:07:51,ASML_202706_F,66.7,50,CapableCoyotes,DownrightDogfish,sell
2026-07-11T21:08:02.942264+00:00,07:07:51,OB5X_202612_120P,30.7,44,ScholarlySpearmints,VersatileVinegars,buy
2026-07-11T21:08:02.942264+00:00,07:07:51,ASML_202703_F,66.3,47,CapableCoyotes,AttentiveAntelopes,sell
2026-07-11T21:08:02.942264+00:00,07:07:51,SAP_DUAL,55.5,42,GroovyGrapefruits,InfiniteIcecreams,buy
2026-07-11T21:08:02.942264+00:00,07:07:51,ASML_DUAL,68.9,50,FlawlessFlatbreads,EarnestEspressos,buy
2026-07-11T21:08:02.942264+00:00,07:07:51,OB5X_202612_F,184.9,48,PowerfulPineapples,OriginalOlives,sell
2026-07-11T21:08:02.942264+00:00,07:07:51,ASML_202612_075C,45.5,53,FortunateFerrets,EssentialEagles,sell
2026-07-11T21:08:02.942264+00:00,07:07:51,ASML_202612_075C,45.4,2,GenerousGeckos,EssentialEagles,sell
2026-07-11T21:08:02.942264+00:00,07:07:51,TSLA,12.3,200,WavyWalnuts,YieldingYams,sell
2026-07-11T21:08:02.942264+00:00,07:07:51,TSLA,12.3,425,AverageAlmonds,YieldingYams,sell
2026-07-11T21:08:02.942264+00:00,07:07:51,NVDA,45.3,500,YieldingYams,AverageAlmonds,buy
2026-07-11T21:08:02.942264+00:00,07:07:51,NVDA,45.3,125,YieldingYams,AverageAlmonds,sell
2026-07-11T21:08:02.942264+00:00,07:07:51,ASML,68.5,200,YieldingYams,WavyWalnuts,sell
2026-07-11T21:08:02.942264+00:00,07:07:51,AAPL,154.4,200,WavyWalnuts,YieldingYams,buy
2026-07-11T21:08:02.942264+00:00,07:07:52,NVDA,45.0,200,AverageAlmonds,WavyWalnuts,sell
2026-07-11T21:08:02.942264+00:00,07:07:52,OB5X_ETF,42.8,230,KindlyKales,LivelyLasagnas,buy
