captured_at,time,ticker,price,volume,buyer,seller,aggressor
2026-07-02T18:59:02.992876+00:00,04:58:56,ASML,126.7,200,YieldingYams,WavyWalnuts,sell
2026-07-02T18:59:02.992876+00:00,04:58:57,SAP_DUAL,59.4,6,JazzyJellies,Kelvin Chan,buy
2026-07-02T18:59:02.992876+00:00,04:58:57,OB5X_ETF,58.0,249,MarvelousMilkshakes,KindlyKales,sell
2026-07-02T18:59:02.992876+00:00,04:58:57,ASML_DUAL,126.7,2,Xuanyu Liu,Kelvin Chan,buy
2026-07-02T18:59:02.992876+00:00,04:58:57,ASML_202612_075C,97.4,6,EssentialEagles,Kelvin Chan,buy
2026-07-02T18:59:02.992876+00:00,04:58:57,ASML_202612_075C,97.6,37,EssentialEagles,FortunateFerrets,buy
2026-07-02T18:59:02.992876+00:00,04:58:57,ASML,126.7,2,YieldingYams,Xuanyu Liu,sell
2026-07-02T18:59:02.992876+00:00,04:58:57,TSLA,8.8,200,WavyWalnuts,YieldingYams,buy
2026-07-02T18:59:02.992876+00:00,04:58:57,OB5X_202612_080C,160.6,8,Kelvin Chan,ScholarlySpearmints,sell
2026-07-02T18:59:02.992876+00:00,04:58:57,OB5X_202612_080C,160.5,46,TactfulTangerines,ScholarlySpearmints,sell
2026-07-02T18:59:02.992876+00:00,04:58:57,ASML_202612_100P,64.3,2,Kelvin Chan,EssentialEagles,sell
2026-07-02T18:59:02.992876+00:00,04:58:57,ASML_202612_100P,64.0,46,FortunateFerrets,EssentialEagles,sell
2026-07-02T18:59:02.992876+00:00,04:58:57,NVDA,61.3,200,WavyWalnuts,YieldingYams,sell
2026-07-02T18:59:02.992876+00:00,04:58:57,NVDA,61.3,425,AverageAlmonds,YieldingYams,sell
2026-07-02T18:59:02.992876+00:00,04:58:57,OB5X_202612_100P,15.9,1,Kelvin Chan,ScholarlySpearmints,sell
2026-07-02T18:59:02.992876+00:00,04:58:57,OB5X_202612_100P,15.7,49,TactfulTangerines,ScholarlySpearmints,sell
2026-07-02T18:59:02.992876+00:00,04:58:57,TSLA,8.7,500,AverageAlmonds,YieldingYams,sell
2026-07-02T18:59:02.992876+00:00,04:58:58,ASML_DUAL,126.7,2,FlawlessFlatbreads,Kelvin Chan,buy
2026-07-02T18:59:02.992876+00:00,04:58:58,ASML_DUAL,127.0,48,FlawlessFlatbreads,EarnestEspressos,buy
2026-07-02T18:59:02.992876+00:00,04:58:58,ASML_202703_F,128.1,20,CapableCoyotes,Kelvin Chan,buy
2026-07-02T18:59:02.992876+00:00,04:58:58,TSLA,8.7,125,AverageAlmonds,YieldingYams,buy
2026-07-02T18:59:02.992876+00:00,04:58:58,ASML,126.8,6,AverageAlmonds,Kelvin Chan,buy
2026-07-02T18:59:02.992876+00:00,04:58:58,OB5X_ETF,58.0,2,Kelvin Chan,NecessaryNutmegs,sell
2026-07-02T18:59:02.992876+00:00,04:58:58,OB5X_ETF,58.0,498,MarvelousMilkshakes,NecessaryNutmegs,sell
2026-07-02T18:59:02.992876+00:00,04:58:58,ASML,126.8,200,AverageAlmonds,WavyWalnuts,sell
2026-07-02T18:59:02.992876+00:00,04:58:58,OB5X_202706_F,239.7,100,PowerfulPineapples,QuirkyQuinoas,buy
2026-07-02T18:59:02.992876+00:00,04:58:58,OB5X_202703_F,235.7,100,PowerfulPineapples,QuirkyQuinoas,buy
2026-07-02T18:59:02.992876+00:00,04:58:58,OB5X_202612_F,233.3,100,PowerfulPineapples,QuirkyQuinoas,buy
2026-07-02T18:59:02.992876+00:00,04:58:58,ASML_202703_F,128.2,14,CapableCoyotes,Kelvin Chan,sell
2026-07-02T18:59:02.992876+00:00,04:58:58,ASML_202703_F,128.2,11,CapableCoyotes,Kelvin Chan,sell
2026-07-02T18:59:02.992876+00:00,04:58:58,ASML,126.9,500,AverageAlmonds,YieldingYams,buy
2026-07-02T18:59:02.992876+00:00,04:58:58,OB5X_202703_F,235.7,50,OriginalOlives,QuirkyQuinoas,buy
2026-07-02T18:59:02.992876+00:00,04:58:58,OB5X_202703_F,235.9,5,OriginalOlives,Kelvin Chan,buy
2026-07-02T18:59:02.992876+00:00,04:58:58,OB5X_202703_F,236.3,4,OriginalOlives,PowerfulPineapples,buy
2026-07-02T18:59:02.992876+00:00,04:58:58,TSLA,8.9,85,WavyWalnuts,Zihao Wu,buy
2026-07-02T18:59:02.992876+00:00,04:58:58,TSLA,8.9,115,WavyWalnuts,AverageAlmonds,buy
2026-07-02T18:59:02.992876+00:00,04:58:58,ASML_202703_F,128.2,9,CapableCoyotes,Kelvin Chan,sell
2026-07-02T18:59:02.992876+00:00,04:58:58,ASML_202612_F,127.5,8,DownrightDogfish,Kelvin Chan,buy
2026-07-02T18:59:02.992876+00:00,04:58:58,ASML_202612_F,127.7,42,DownrightDogfish,BoundlessBisons,buy
2026-07-02T18:59:02.992876+00:00,04:58:58,ASML_202703_F,128.2,7,CapableCoyotes,Kelvin Chan,sell
2026-07-02T18:59:02.992876+00:00,04:58:59,ASML_202703_F,128.5,50,DownrightDogfish,BoundlessBisons,buy
2026-07-02T18:59:02.992876+00:00,04:58:59,OB5X_202612_100C,146.6,12,Kelvin Chan,ScholarlySpearmints,sell
2026-07-02T18:59:02.992876+00:00,04:58:59,NVDA,61.4,200,YieldingYams,WavyWalnuts,buy
2026-07-02T18:59:02.992876+00:00,04:58:59,NVDA,61.5,160,YieldingYams,Kelvin Chan,buy
2026-07-02T18:59:02.992876+00:00,04:58:59,NVDA,61.5,50,YieldingYams,Zihao Wu,buy
2026-07-02T18:59:02.992876+00:00,04:58:59,SAP_DUAL,59.3,47,HomelyHerrings,GroovyGrapefruits,sell
2026-07-02T18:59:02.992876+00:00,04:58:59,ASML,126.9,3,YieldingYams,Kelvin Chan,buy
2026-07-02T18:59:02.992876+00:00,04:58:59,ASML_202706_F,129.3,4,DownrightDogfish,Kelvin Chan,buy
2026-07-02T18:59:02.992876+00:00,04:58:59,ASML_202706_F,129.6,46,DownrightDogfish,BoundlessBisons,buy
2026-07-02T18:59:02.992876+00:00,04:58:59,ASML,126.9,200,YieldingYams,WavyWalnuts,sell
2026-07-02T18:59:02.992876+00:00,04:58:59,SAP_DUAL,59.2,50,InfiniteIcecreams,JazzyJellies,sell
2026-07-02T18:59:02.992876+00:00,04:58:59,NVDA,61.5,200,YieldingYams,WavyWalnuts,sell
2026-07-02T18:59:02.992876+00:00,04:58:59,AAPL,160.8,200,WavyWalnuts,YieldingYams,buy
2026-07-02T18:59:02.992876+00:00,04:58:59,NVDA,61.6,20,BrilliantBurritos,AverageAlmonds,buy
2026-07-02T18:59:02.992876+00:00,04:58:59,ASML_202612_075C,97.3,57,FortunateFerrets,EssentialEagles,sell
2026-07-02T18:59:02.992876+00:00,04:58:59,ASML_202612_100P,64.0,44,GenerousGeckos,EssentialEagles,sell
2026-07-02T18:59:02.992876+00:00,04:59:00,SAP,58.4,67,WavyWalnuts,Kelvin Chan,buy
2026-07-02T18:59:02.992876+00:00,04:59:00,SAP,58.4,133,WavyWalnuts,YieldingYams,buy
2026-07-02T18:59:02.992876+00:00,04:59:00,OB5X_ETF,58.2,500,NecessaryNutmegs,MarvelousMilkshakes,buy
2026-07-02T18:59:02.992876+00:00,04:59:00,OB5X_202612_080P,9.3,50,VersatileVinegars,ScholarlySpearmints,sell
2026-07-02T18:59:02.992876+00:00,04:59:00,OB5X_202612_080P,9.3,3,TactfulTangerines,ScholarlySpearmints,sell
2026-07-02T18:59:02.992876+00:00,04:59:00,NVDA,61.4,180,Kelvin Chan,YieldingYams,sell
2026-07-02T18:59:02.992876+00:00,04:59:00,NVDA,61.3,50,Zihao Wu,YieldingYams,sell
2026-07-02T18:59:02.992876+00:00,04:59:00,NVDA,61.3,200,WavyWalnuts,YieldingYams,sell
2026-07-02T18:59:02.992876+00:00,04:59:00,ASML,126.9,500,AverageAlmonds,YieldingYams,sell
2026-07-02T18:59:02.992876+00:00,04:59:00,OB5X_202612_080C,160.6,12,Kelvin Chan,ScholarlySpearmints,sell
2026-07-02T18:59:02.992876+00:00,04:59:00,TSLA,8.8,500,YieldingYams,AverageAlmonds,buy
2026-07-02T18:59:02.992876+00:00,04:59:00,TSLA,8.8,125,YieldingYams,WavyWalnuts,buy
2026-07-02T18:59:02.992876+00:00,04:59:00,ASML_202612_075C,97.3,43,FortunateFerrets,EssentialEagles,sell
2026-07-02T18:59:02.992876+00:00,04:59:00,ASML,126.9,125,AverageAlmonds,YieldingYams,buy
2026-07-02T18:59:02.992876+00:00,04:59:00,ASML_202612_100P,64.5,8,EssentialEagles,Kelvin Chan,buy
2026-07-02T18:59:02.992876+00:00,04:59:00,ASML_202612_100P,64.7,42,EssentialEagles,FortunateFerrets,buy
2026-07-02T18:59:02.992876+00:00,04:59:00,ASML,126.9,200,AverageAlmonds,WavyWalnuts,sell
2026-07-02T18:59:02.992876+00:00,04:59:00,AAPL,160.8,200,WavyWalnuts,YieldingYams,buy
2026-07-02T18:59:02.992876+00:00,04:59:00,ASML_202612_050P,26.6,3,EssentialEagles,Kelvin Chan,buy
2026-07-02T18:59:02.992876+00:00,04:59:00,ASML_202612_050P,26.6,50,EssentialEagles,GenerousGeckos,buy
2026-07-02T18:59:02.992876+00:00,04:59:00,ASML_202612_050P,26.6,1,EssentialEagles,FortunateFerrets,buy
2026-07-02T18:59:02.992876+00:00,04:59:00,ASML,126.9,22,AverageAlmonds,Zihao Wu,sell
2026-07-02T18:59:02.992876+00:00,04:59:00,ASML_DUAL,127.3,22,Zihao Wu,DiligentDonuts,buy
2026-07-02T18:59:02.992876+00:00,04:59:00,OB5X_202612_100P,15.9,3,Kelvin Chan,ScholarlySpearmints,sell
2026-07-02T18:59:02.992876+00:00,04:59:00,SAP,58.5,20,BrilliantBurritos,YieldingYams,buy
2026-07-02T18:59:04.740164+00:00,04:59:00,OB5X_202612_100P,15.8,4,Kelvin Chan,ScholarlySpearmints,buy
2026-07-02T18:59:04.740164+00:00,04:59:00,OB5X_202612_100P,15.8,4,Kelvin Chan,ScholarlySpearmints,buy
2026-07-02T18:59:04.740164+00:00,04:59:00,ASML_202706_F,129.4,3,AttentiveAntelopes,Kelvin Chan,buy
2026-07-02T18:59:04.740164+00:00,04:59:00,ASML_202706_F,129.6,37,AttentiveAntelopes,BoundlessBisons,buy
2026-07-02T18:59:04.740164+00:00,04:59:01,ASML,127.0,2,Zihao Wu,Kelvin Chan,buy
2026-07-02T18:59:04.740164+00:00,04:59:01,ASML_DUAL,126.9,22,EarnestEspressos,Zihao Wu,sell
2026-07-02T18:59:04.740164+00:00,04:59:01,SAP,58.5,200,WavyWalnuts,YieldingYams,buy
2026-07-02T18:59:04.740164+00:00,04:59:01,ASML,126.9,2,AverageAlmonds,Zihao Wu,sell
2026-07-02T18:59:04.740164+00:00,04:59:01,ASML_DUAL,127.3,2,Zihao Wu,DiligentDonuts,buy
2026-07-02T18:59:04.740164+00:00,04:59:01,OB5X_ETF,58.2,500,MarvelousMilkshakes,LivelyLasagnas,buy
2026-07-02T18:59:04.740164+00:00,04:59:01,OB5X_ETF,58.2,1,MarvelousMilkshakes,Kelvin Chan,buy
2026-07-02T18:59:04.740164+00:00,04:59:01,ASML_202612_F,127.4,3,CapableCoyotes,Kelvin Chan,buy
2026-07-02T18:59:04.740164+00:00,04:59:01,ASML_202612_F,127.7,58,CapableCoyotes,BoundlessBisons,buy
2026-07-02T18:59:04.740164+00:00,04:59:01,ASML_202612_F,127.7,20,CapableCoyotes,Zihao Wu,buy
2026-07-02T18:59:04.740164+00:00,04:59:01,ASML_DUAL,127.3,46,CostlyCorianders,DiligentDonuts,buy
2026-07-02T18:59:04.740164+00:00,04:59:01,OB5X_202612_100P,15.8,3,Kelvin Chan,ScholarlySpearmints,buy
2026-07-02T18:59:04.740164+00:00,04:59:01,SAP_DUAL,59.5,50,JazzyJellies,InfiniteIcecreams,buy
2026-07-02T18:59:04.740164+00:00,04:59:01,ASML_202703_F,128.3,3,CapableCoyotes,Kelvin Chan,buy
2026-07-02T18:59:04.740164+00:00,04:59:01,ASML_202703_F,128.5,50,CapableCoyotes,BoundlessBisons,buy
2026-07-02T18:59:06.480741+00:00,04:59:01,OB5X_202706_F,239.9,5,QuirkyQuinoas,Kelvin Chan,buy
2026-07-02T18:59:06.480741+00:00,04:59:01,OB5X_202706_F,240.2,100,QuirkyQuinoas,PowerfulPineapples,buy
2026-07-02T18:59:06.480741+00:00,04:59:01,ASML_202612_F,128.2,100,BoundlessBisons,CapableCoyotes,buy
2026-07-02T18:59:06.480741+00:00,04:59:01,ASML_202706_F,129.6,17,CapableCoyotes,BoundlessBisons,buy
2026-07-02T18:59:06.480741+00:00,04:59:01,ASML_202706_F,129.6,20,CapableCoyotes,Zihao Wu,buy
2026-07-02T18:59:06.480741+00:00,04:59:01,ASML_202706_F,129.7,20,CapableCoyotes,Zihao Wu,sell
2026-07-02T18:59:06.480741+00:00,04:59:01,OB5X_202706_F,240.3,42,QuirkyQuinoas,OriginalOlives,sell
2026-07-02T18:59:06.480741+00:00,04:59:01,OB5X_202706_F,240.3,3,QuirkyQuinoas,Kelvin Chan,sell
2026-07-02T18:59:06.480741+00:00,04:59:01,OB5X_202612_100P,15.8,2,Kelvin Chan,ScholarlySpearmints,buy
2026-07-02T18:59:06.480741+00:00,04:59:01,ASML_202612_F,127.7,3,CapableCoyotes,Kelvin Chan,sell
2026-07-02T18:59:06.480741+00:00,04:59:01,ASML_202703_F,128.5,3,CapableCoyotes,Kelvin Chan,sell
2026-07-02T18:59:06.480741+00:00,04:59:01,NVDA,61.4,200,YieldingYams,WavyWalnuts,buy
2026-07-02T18:59:06.480741+00:00,04:59:01,NVDA,61.4,180,YieldingYams,Kelvin Chan,buy
2026-07-02T18:59:06.480741+00:00,04:59:01,OB5X_202703_F,235.9,6,QuirkyQuinoas,Kelvin Chan,buy
2026-07-02T18:59:06.480741+00:00,04:59:01,OB5X_202703_F,236.3,96,QuirkyQuinoas,PowerfulPineapples,buy
2026-07-02T18:59:06.480741+00:00,04:59:01,ASML_202703_F,128.6,20,BoundlessBisons,Zihao Wu,buy
2026-07-02T18:59:06.480741+00:00,04:59:01,ASML_202703_F,129.1,80,BoundlessBisons,CapableCoyotes,buy
2026-07-02T18:59:06.480741+00:00,04:59:01,ASML,127.0,200,YieldingYams,WavyWalnuts,sell
2026-07-02T18:59:06.480741+00:00,04:59:01,TSLA,8.7,85,Zihao Wu,YieldingYams,sell
2026-07-02T18:59:06.480741+00:00,04:59:01,TSLA,8.7,200,WavyWalnuts,YieldingYams,sell
2026-07-02T18:59:06.480741+00:00,04:59:01,TSLA,8.7,340,AverageAlmonds,YieldingYams,sell
2026-07-02T18:59:06.480741+00:00,04:59:01,NVDA,61.5,200,YieldingYams,WavyWalnuts,sell
2026-07-02T18:59:06.480741+00:00,04:59:01,ASML,127.2,20,BrilliantBurritos,YieldingYams,buy
2026-07-02T18:59:06.480741+00:00,04:59:01,ASML,127.2,22,Zihao Wu,YieldingYams,buy
2026-07-02T18:59:06.480741+00:00,04:59:01,ASML_DUAL,126.9,22,EarnestEspressos,Zihao Wu,sell
2026-07-02T18:59:06.480741+00:00,04:59:01,OB5X_202703_F,236.3,48,QuirkyQuinoas,PowerfulPineapples,sell
2026-07-02T18:59:06.480741+00:00,04:59:01,OB5X_202612_F,233.5,6,QuirkyQuinoas,Kelvin Chan,buy
2026-07-02T18:59:06.480741+00:00,04:59:01,ASML_202706_F,130.2,100,BoundlessBisons,CapableCoyotes,buy
2026-07-02T18:59:06.480741+00:00,04:59:02,OB5X_202612_F,233.8,100,QuirkyQuinoas,PowerfulPineapples,sell
2026-07-02T18:59:06.480741+00:00,04:59:02,OB5X_202612_120P,24.1,1,Kelvin Chan,ScholarlySpearmints,sell
2026-07-02T18:59:06.480741+00:00,04:59:02,AAPL,160.9,20,BrilliantBurritos,WavyWalnuts,buy
2026-07-02T18:59:06.480741+00:00,04:59:02,OB5X_202612_100C,147.4,51,ScholarlySpearmints,TactfulTangerines,buy
2026-07-02T18:59:06.480741+00:00,04:59:02,ASML_DUAL,126.9,50,EarnestEspressos,FlawlessFlatbreads,sell
2026-07-02T18:59:06.480741+00:00,04:59:02,ASML_202703_F,129.1,20,Zihao Wu,CapableCoyotes,buy
2026-07-02T18:59:06.480741+00:00,04:59:02,TSLA,8.7,20,AverageAlmonds,BrilliantBurritos,sell
2026-07-02T18:59:06.480741+00:00,04:59:02,OB5X_202612_100P,16.4,12,ScholarlySpearmints,Kelvin Chan,buy
2026-07-02T18:59:06.480741+00:00,04:59:02,OB5X_202612_100P,16.7,38,ScholarlySpearmints,TactfulTangerines,buy
2026-07-02T18:59:06.480741+00:00,04:59:02,OB5X_ETF,58.2,249,MarvelousMilkshakes,NecessaryNutmegs,sell
2026-07-02T18:59:06.480741+00:00,04:59:02,SAP,58.5,2,WavyWalnuts,Kelvin Chan,buy
2026-07-02T18:59:06.480741+00:00,04:59:02,SAP,58.5,198,WavyWalnuts,YieldingYams,buy
2026-07-02T18:59:06.480741+00:00,04:59:02,TSLA,8.7,200,AverageAlmonds,WavyWalnuts,sell
2026-07-02T18:59:06.480741+00:00,04:59:02,OB5X_202612_F,233.8,44,QuirkyQuinoas,RadiantRisottos,sell
2026-07-02T18:59:06.480741+00:00,04:59:02,ASML_202703_F,129.1,45,AttentiveAntelopes,CapableCoyotes,buy
2026-07-02T18:59:06.480741+00:00,04:59:02,SAP,58.6,500,YieldingYams,AverageAlmonds,buy
2026-07-02T18:59:06.480741+00:00,04:59:02,SAP,58.6,125,YieldingYams,WavyWalnuts,buy
2026-07-02T18:59:06.480741+00:00,04:59:02,OB5X_ETF,58.2,3,LivelyLasagnas,Kelvin Chan,sell
2026-07-02T18:59:06.480741+00:00,04:59:02,NVDA,61.5,20,YieldingYams,BrilliantBurritos,sell
2026-07-02T18:59:06.480741+00:00,04:59:03,ASML_202612_100P,64.4,7,EssentialEagles,Kelvin Chan,buy
2026-07-02T18:59:06.480741+00:00,04:59:03,ASML_202612_100P,64.7,39,EssentialEagles,FortunateFerrets,buy
2026-07-02T18:59:06.480741+00:00,04:59:03,ASML_202612_F,128.1,2,Zihao Wu,Kelvin Chan,sell
2026-07-02T18:59:06.480741+00:00,04:59:03,ASML_202703_F,128.5,2,CapableCoyotes,Kelvin Chan,sell
2026-07-02T18:59:06.480741+00:00,04:59:03,OB5X_202612_120P,24.1,1,Kelvin Chan,ScholarlySpearmints,buy
2026-07-02T18:59:06.480741+00:00,04:59:03,NVDA,61.4,180,Kelvin Chan,YieldingYams,sell
2026-07-02T18:59:06.480741+00:00,04:59:03,NVDA,61.3,200,WavyWalnuts,YieldingYams,sell
2026-07-02T18:59:06.480741+00:00,04:59:03,NVDA,61.3,245,AverageAlmonds,YieldingYams,sell
2026-07-02T18:59:06.480741+00:00,04:59:03,ASML_202612_F,128.2,18,Zihao Wu,CapableCoyotes,buy
2026-07-02T18:59:06.480741+00:00,04:59:03,ASML_202706_F,130.2,20,Zihao Wu,CapableCoyotes,buy
2026-07-02T18:59:06.480741+00:00,04:59:03,TSLA,8.9,85,YieldingYams,Zihao Wu,buy
2026-07-02T18:59:06.480741+00:00,04:59:03,TSLA,8.9,500,YieldingYams,AverageAlmonds,buy
2026-07-02T18:59:06.480741+00:00,04:59:03,ASML_202706_F,130.2,20,Zihao Wu,CapableCoyotes,buy
2026-07-02T18:59:06.480741+00:00,04:59:03,OB5X_202612_080C,161.0,2,ScholarlySpearmints,Kelvin Chan,buy
2026-07-02T18:59:06.480741+00:00,04:59:03,OB5X_202612_080C,161.2,41,ScholarlySpearmints,TactfulTangerines,buy
2026-07-02T18:59:06.480741+00:00,04:59:03,ASML_202612_F,128.2,32,DownrightDogfish,CapableCoyotes,buy
2026-07-02T18:59:06.480741+00:00,04:59:03,ASML_202612_F,128.6,18,DownrightDogfish,Zihao Wu,buy
2026-07-02T18:59:06.480741+00:00,04:59:03,TSLA,8.9,40,YieldingYams,AverageAlmonds,sell
2026-07-02T18:59:06.480741+00:00,04:59:03,TSLA,8.7,85,Zihao Wu,WavyWalnuts,sell
2026-07-02T18:59:06.480741+00:00,04:59:03,TSLA,8.7,115,AverageAlmonds,WavyWalnuts,sell
2026-07-02T18:59:06.480741+00:00,04:59:03,ASML_202703_F,129.1,5,DownrightDogfish,CapableCoyotes,buy
2026-07-02T18:59:06.480741+00:00,04:59:03,ASML_202703_F,129.6,20,DownrightDogfish,Zihao Wu,buy
2026-07-02T18:59:06.480741+00:00,04:59:03,ASML_202703_F,129.8,25,DownrightDogfish,BoundlessBisons,buy
2026-07-02T18:59:06.480741+00:00,04:59:03,SAP_DUAL,59.6,42,GroovyGrapefruits,InfiniteIcecreams,buy
2026-07-02T18:59:06.480741+00:00,04:59:03,ASML_202706_F,130.2,10,DownrightDogfish,CapableCoyotes,buy
2026-07-02T18:59:06.480741+00:00,04:59:03,ASML_202706_F,130.6,20,DownrightDogfish,Zihao Wu,buy
2026-07-02T18:59:06.480741+00:00,04:59:03,ASML_202706_F,130.8,20,DownrightDogfish,BoundlessBisons,buy
2026-07-02T18:59:06.480741+00:00,04:59:03,ASML_202612_F,127.7,3,CapableCoyotes,Kelvin Chan,sell
2026-07-02T18:59:06.480741+00:00,04:59:03,ASML_202703_F,128.5,2,CapableCoyotes,Kelvin Chan,sell
2026-07-02T18:59:06.480741+00:00,04:59:03,ASML_202612_F,127.7,2,CapableCoyotes,Kelvin Chan,sell
2026-07-02T18:59:06.480741+00:00,04:59:03,ASML_202703_F,128.5,1,CapableCoyotes,Kelvin Chan,sell
2026-07-02T18:59:06.480741+00:00,04:59:03,SAP,58.5,200,WavyWalnuts,YieldingYams,sell
2026-07-02T18:59:06.480741+00:00,04:59:03,ASML_202612_F,127.7,57,CapableCoyotes,AttentiveAntelopes,sell
2026-07-02T18:59:06.480741+00:00,04:59:03,ASML_202612_100P,64.5,8,EssentialEagles,Kelvin Chan,buy
2026-07-02T18:59:06.480741+00:00,04:59:04,ASML_202612_050C,103.7,1,EssentialEagles,Kelvin Chan,buy
2026-07-02T18:59:06.480741+00:00,04:59:04,ASML_202612_050C,104.0,40,EssentialEagles,FortunateFerrets,buy
2026-07-02T18:59:06.480741+00:00,04:59:04,ASML_202612_F,127.7,2,CapableCoyotes,Kelvin Chan,sell
2026-07-02T18:59:06.480741+00:00,04:59:04,ASML_202612_F,127.7,2,CapableCoyotes,Kelvin Chan,sell
2026-07-02T18:59:06.480741+00:00,04:59:04,ASML_DUAL,127.2,50,FlawlessFlatbreads,EarnestEspressos,buy
2026-07-02T18:59:06.480741+00:00,04:59:04,TSLA,8.7,500,AverageAlmonds,YieldingYams,sell
2026-07-02T18:59:06.480741+00:00,04:59:04,OB5X_ETF,58.2,497,LivelyLasagnas,MarvelousMilkshakes,sell
2026-07-02T18:59:06.480741+00:00,04:59:04,SAP_DUAL,59.2,45,Kelvin Chan,GroovyGrapefruits,sell
2026-07-02T18:59:08.233275+00:00,04:59:04,OB5X_202703_F,236.0,3,OriginalOlives,Kelvin Chan,buy
2026-07-02T18:59:08.233275+00:00,04:59:04,OB5X_202703_F,236.2,37,OriginalOlives,PowerfulPineapples,buy
2026-07-02T18:59:08.233275+00:00,04:59:04,TSLA,8.7,125,AverageAlmonds,YieldingYams,buy
2026-07-02T18:59:08.233275+00:00,04:59:04,SAP,58.3,200,WavyWalnuts,YieldingYams,buy
2026-07-02T18:59:08.233275+00:00,04:59:04,OB5X_202612_120P,24.1,1,Kelvin Chan,ScholarlySpearmints,sell
2026-07-02T18:59:08.233275+00:00,04:59:04,OB5X_202612_120P,23.8,50,TactfulTangerines,ScholarlySpearmints,sell
2026-07-02T18:59:08.233275+00:00,04:59:05,ASML_202612_075C,97.5,50,FortunateFerrets,EssentialEagles,sell
2026-07-02T18:59:08.233275+00:00,04:59:05,OB5X_202612_100P,15.8,1,Kelvin Chan,ScholarlySpearmints,sell
2026-07-02T18:59:08.233275+00:00,04:59:05,OB5X_202612_100P,15.7,41,TactfulTangerines,ScholarlySpearmints,sell
2026-07-02T18:59:08.233275+00:00,04:59:05,ASML_202612_F,128.4,18,Zihao Wu,CapableCoyotes,buy
2026-07-02T18:59:08.233275+00:00,04:59:05,ASML,127.1,200,AverageAlmonds,WavyWalnuts,buy
2026-07-02T18:59:08.233275+00:00,04:59:05,ASML,127.1,300,AverageAlmonds,YieldingYams,buy
2026-07-02T18:59:10.043564+00:00,04:59:05,ASML_202703_F,129.0,20,Zihao Wu,BoundlessBisons,buy
2026-07-02T18:59:10.043564+00:00,04:59:05,ASML_202706_F,130.4,20,Zihao Wu,CapableCoyotes,buy
2026-07-02T18:59:10.043564+00:00,04:59:05,NVDA,61.4,20,YieldingYams,BrilliantBurritos,sell
2026-07-02T18:59:10.043564+00:00,04:59:05,OB5X_ETF,58.1,242,KindlyKales,MarvelousMilkshakes,buy
2026-07-02T18:59:10.043564+00:00,04:59:05,NVDA,61.4,200,WavyWalnuts,YieldingYams,sell
2026-07-02T18:59:10.043564+00:00,04:59:05,SAP_DUAL,59.5,14,JazzyJellies,Kelvin Chan,buy
2026-07-02T18:59:10.043564+00:00,04:59:05,SAP_DUAL,59.6,36,JazzyJellies,InfiniteIcecreams,buy
2026-07-02T18:59:10.043564+00:00,04:59:05,TSLA,8.8,200,YieldingYams,WavyWalnuts,buy
2026-07-02T18:59:10.043564+00:00,04:59:05,TSLA,8.9,85,YieldingYams,Zihao Wu,buy
2026-07-02T18:59:10.043564+00:00,04:59:05,TSLA,8.9,340,YieldingYams,AverageAlmonds,buy
2026-07-02T18:59:10.043564+00:00,04:59:05,ASML_202612_F,127.8,50,CapableCoyotes,DownrightDogfish,sell
2026-07-02T18:59:10.043564+00:00,04:59:06,ASML_202703_F,128.8,50,CapableCoyotes,DownrightDogfish,sell
2026-07-02T18:59:10.043564+00:00,04:59:06,OB5X_202706_F,240.0,48,PowerfulPineapples,OriginalOlives,sell
2026-07-02T18:59:10.043564+00:00,04:59:06,SAP,58.4,200,WavyWalnuts,YieldingYams,buy
2026-07-02T18:59:10.043564+00:00,04:59:06,TSLA,8.9,200,WavyWalnuts,AverageAlmonds,buy
2026-07-02T18:59:10.043564+00:00,04:59:06,ASML_202612_050P,26.1,48,GenerousGeckos,EssentialEagles,sell
2026-07-02T18:59:10.043564+00:00,04:59:06,ASML_202706_F,129.9,50,CapableCoyotes,DownrightDogfish,sell
2026-07-02T18:59:10.043564+00:00,04:59:06,OB5X_ETF,58.0,1,Kelvin Chan,KindlyKales,sell
2026-07-02T18:59:10.043564+00:00,04:59:06,OB5X_ETF,58.0,246,LivelyLasagnas,KindlyKales,sell
2026-07-02T18:59:10.043564+00:00,04:59:06,ASML_DUAL,127.2,100,DiligentDonuts,EarnestEspressos,buy
2026-07-02T18:59:10.043564+00:00,04:59:06,ASML_DUAL,127.7,50,FlawlessFlatbreads,DiligentDonuts,buy
2026-07-02T18:59:10.043564+00:00,04:59:06,SAP,58.5,24,YieldingYams,Kelvin Chan,buy
2026-07-02T18:59:10.043564+00:00,04:59:06,SAP,58.6,500,YieldingYams,AverageAlmonds,buy
2026-07-02T18:59:10.043564+00:00,04:59:06,OB5X_ETF,58.1,11,NecessaryNutmegs,MarvelousMilkshakes,buy
2026-07-02T18:59:10.043564+00:00,04:59:06,OB5X_ETF,58.2,489,NecessaryNutmegs,LivelyLasagnas,buy
2026-07-02T18:59:10.043564+00:00,04:59:06,ASML_DUAL,127.4,14,EarnestEspressos,Xuanyu Liu,sell
2026-07-02T18:59:10.043564+00:00,04:59:06,SAP,58.6,101,YieldingYams,AverageAlmonds,sell
2026-07-02T18:59:10.043564+00:00,04:59:06,ASML,127.2,14,Xuanyu Liu,WavyWalnuts,buy
2026-07-02T18:59:10.043564+00:00,04:59:06,ASML,127.2,14,Zihao Wu,WavyWalnuts,buy
2026-07-02T18:59:10.043564+00:00,04:59:06,ASML_DUAL,127.4,14,EarnestEspressos,Zihao Wu,sell
2026-07-02T18:59:10.043564+00:00,04:59:06,AAPL,161.0,200,WavyWalnuts,YieldingYams,buy
2026-07-02T18:59:10.043564+00:00,04:59:06,OB5X_202706_F,240.1,2,RadiantRisottos,Kelvin Chan,buy
2026-07-02T18:59:10.043564+00:00,04:59:06,OB5X_202703_F,236.1,2,PowerfulPineapples,Kelvin Chan,sell
2026-07-02T18:59:10.043564+00:00,04:59:06,OB5X_202703_F,236.2,50,RadiantRisottos,QuirkyQuinoas,buy
2026-07-02T18:59:10.043564+00:00,04:59:07,TSLA,8.9,500,YieldingYams,AverageAlmonds,buy
2026-07-02T18:59:10.043564+00:00,04:59:07,OB5X_202612_F,233.7,2,RadiantRisottos,Kelvin Chan,buy
2026-07-02T18:59:10.043564+00:00,04:59:07,ASML_202612_F,127.8,1,CapableCoyotes,Kelvin Chan,sell
2026-07-02T18:59:10.043564+00:00,04:59:07,ASML_202703_F,128.8,1,CapableCoyotes,Kelvin Chan,sell
2026-07-02T18:59:10.043564+00:00,04:59:07,TSLA,8.9,125,YieldingYams,AverageAlmonds,sell
2026-07-02T18:59:10.043564+00:00,04:59:07,ASML_202612_075C,98.2,46,EssentialEagles,FortunateFerrets,buy
2026-07-02T18:59:10.043564+00:00,04:59:07,ASML_202612_100P,64.5,8,EssentialEagles,Kelvin Chan,buy
2026-07-02T18:59:10.043564+00:00,04:59:07,OB5X_ETF,58.2,11,MarvelousMilkshakes,LivelyLasagnas,buy
2026-07-02T18:59:10.043564+00:00,04:59:07,OB5X_202703_F,236.2,50,OriginalOlives,QuirkyQuinoas,buy
2026-07-02T18:59:11.830044+00:00,04:59:07,SAP_DUAL,59.4,50,InfiniteIcecreams,JazzyJellies,sell
2026-07-02T18:59:11.830044+00:00,04:59:07,SAP,58.4,200,WavyWalnuts,YieldingYams,sell
2026-07-02T18:59:11.830044+00:00,04:59:07,SAP_DUAL,59.4,8,InfiniteIcecreams,Xuanyu Liu,sell
2026-07-02T18:59:11.830044+00:00,04:59:07,SAP,58.3,8,Xuanyu Liu,YieldingYams,buy
2026-07-02T18:59:11.830044+00:00,04:59:07,AAPL,161.1,200,WavyWalnuts,YieldingYams,buy
2026-07-02T18:59:11.830044+00:00,04:59:07,ASML_202703_F,128.8,2,CapableCoyotes,Kelvin Chan,sell
2026-07-02T18:59:11.830044+00:00,04:59:07,ASML_202706_F,129.9,2,CapableCoyotes,Kelvin Chan,sell
2026-07-02T18:59:11.830044+00:00,04:59:08,ASML_202703_F,128.8,1,CapableCoyotes,Kelvin Chan,sell
2026-07-02T18:59:11.830044+00:00,04:59:08,ASML_202612_F,127.6,50,BoundlessBisons,DownrightDogfish,sell
2026-07-02T18:59:11.830044+00:00,04:59:08,NVDA,61.3,500,AverageAlmonds,YieldingYams,sell
2026-07-02T18:59:11.830044+00:00,04:59:08,NVDA,61.3,125,WavyWalnuts,YieldingYams,sell
2026-07-02T18:59:11.830044+00:00,04:59:08,ASML_202612_075P,44.8,7,EssentialEagles,Kelvin Chan,buy
2026-07-02T18:59:11.830044+00:00,04:59:08,ASML_202612_075P,45.0,51,EssentialEagles,FortunateFerrets,buy
2026-07-02T18:59:11.830044+00:00,04:59:08,ASML_202703_F,128.8,50,CapableCoyotes,DownrightDogfish,sell
2026-07-02T18:59:11.830044+00:00,04:59:08,TSLA,8.8,200,WavyWalnuts,YieldingYams,sell
2026-07-02T18:59:11.830044+00:00,04:59:08,TSLA,8.7,425,AverageAlmonds,YieldingYams,sell
2026-07-02T18:59:11.830044+00:00,04:59:08,ASML_202706_F,129.9,50,CapableCoyotes,DownrightDogfish,sell
2026-07-02T18:59:11.830044+00:00,04:59:08,SAP,58.3,200,WavyWalnuts,YieldingYams,buy
2026-07-02T18:59:11.830044+00:00,04:59:08,ASML_DUAL,127.4,50,EarnestEspressos,FlawlessFlatbreads,sell
2026-07-02T18:59:11.830044+00:00,04:59:08,OB5X_ETF,58.2,500,MarvelousMilkshakes,NecessaryNutmegs,sell
2026-07-02T18:59:11.830044+00:00,04:59:08,OB5X_202612_100P,15.9,1,Kelvin Chan,ScholarlySpearmints,sell
2026-07-02T18:59:11.830044+00:00,04:59:08,SAP_DUAL,59.5,42,GroovyGrapefruits,HomelyHerrings,buy
2026-07-02T18:59:11.830044+00:00,04:59:09,OB5X_202706_F,240.2,1,PowerfulPineapples,Kelvin Chan,sell
2026-07-02T18:59:11.830044+00:00,04:59:09,OB5X_202612_F,233.8,1,PowerfulPineapples,Kelvin Chan,sell
2026-07-02T18:59:11.830044+00:00,04:59:09,OB5X_202703_F,236.3,1,PowerfulPineapples,Kelvin Chan,sell
2026-07-02T18:59:11.830044+00:00,04:59:09,AAPL,161.0,200,WavyWalnuts,YieldingYams,buy
2026-07-02T18:59:11.830044+00:00,04:59:09,OB5X_202612_F,233.8,1,PowerfulPineapples,Kelvin Chan,sell
2026-07-02T18:59:13.628243+00:00,04:59:09,OB5X_202703_F,236.3,56,PowerfulPineapples,OriginalOlives,sell
2026-07-02T18:59:13.628243+00:00,04:59:09,ASML_202612_050C,103.9,1,EssentialEagles,Kelvin Chan,buy
2026-07-02T18:59:13.628243+00:00,04:59:09,ASML_202612_050C,104.3,48,EssentialEagles,FortunateFerrets,buy
2026-07-02T18:59:13.628243+00:00,04:59:09,ASML_DUAL,127.4,41,EarnestEspressos,CostlyCorianders,sell
2026-07-02T18:59:13.628243+00:00,04:59:09,SAP,58.3,200,YieldingYams,WavyWalnuts,sell
2026-07-02T18:59:13.628243+00:00,04:59:09,TSLA,8.9,200,WavyWalnuts,AverageAlmonds,buy
2026-07-02T18:59:13.628243+00:00,04:59:09,SAP_DUAL,59.5,50,JazzyJellies,HomelyHerrings,buy
2026-07-02T18:59:13.628243+00:00,04:59:09,SAP_DUAL,59.5,8,GroovyGrapefruits,HomelyHerrings,buy
2026-07-02T18:59:13.628243+00:00,04:59:09,SAP_DUAL,59.6,2,GroovyGrapefruits,Kelvin Chan,buy
2026-07-02T18:59:13.628243+00:00,04:59:09,SAP_DUAL,59.7,49,GroovyGrapefruits,InfiniteIcecreams,buy
2026-07-02T18:59:13.628243+00:00,04:59:09,SAP_DUAL,59.2,47,Kelvin Chan,GroovyGrapefruits,sell
2026-07-02T18:59:13.628243+00:00,04:59:09,SAP_DUAL,59.2,5,InfiniteIcecreams,GroovyGrapefruits,sell
2026-07-02T18:59:13.628243+00:00,04:59:10,OB5X_202612_120C,136.9,50,ScholarlySpearmints,VersatileVinegars,buy
2026-07-02T18:59:13.628243+00:00,04:59:10,OB5X_202612_120C,137.5,2,ScholarlySpearmints,TactfulTangerines,buy
2026-07-02T18:59:13.628243+00:00,04:59:10,NVDA,61.3,200,YieldingYams,WavyWalnuts,sell
2026-07-02T18:59:13.628243+00:00,04:59:10,ASML_202612_075C,97.6,48,GenerousGeckos,EssentialEagles,sell
2026-07-02T18:59:13.628243+00:00,04:59:10,ASML_202612_050C,103.9,1,EssentialEagles,Kelvin Chan,buy
2026-07-02T18:59:13.628243+00:00,04:59:10,ASML_202612_050C,104.3,43,EssentialEagles,FortunateFerrets,buy
2026-07-02T18:59:13.628243+00:00,04:59:10,SAP,58.5,4,BrilliantBurritos,Kelvin Chan,buy
2026-07-02T18:59:13.628243+00:00,04:59:10,SAP,58.5,16,BrilliantBurritos,YieldingYams,buy
2026-07-02T18:59:13.628243+00:00,04:59:10,OB5X_202612_100P,16.6,14,ScholarlySpearmints,Kelvin Chan,buy
2026-07-02T18:59:13.628243+00:00,04:59:10,OB5X_202612_100P,16.7,34,ScholarlySpearmints,VersatileVinegars,buy
2026-07-02T18:59:13.628243+00:00,04:59:10,OB5X_202706_F,240.2,3,PowerfulPineapples,Kelvin Chan,sell
2026-07-02T18:59:13.628243+00:00,04:59:10,OB5X_202612_F,233.8,3,PowerfulPineapples,Kelvin Chan,sell
2026-07-02T18:59:13.628243+00:00,04:59:10,OB5X_202703_F,236.3,3,PowerfulPineapples,Kelvin Chan,sell
2026-07-02T18:59:13.628243+00:00,04:59:10,ASML_202612_F,127.9,1,DownrightDogfish,Kelvin Chan,buy
2026-07-02T18:59:13.628243+00:00,04:59:10,ASML_202612_F,128.1,49,DownrightDogfish,BoundlessBisons,buy
2026-07-02T18:59:13.628243+00:00,04:59:10,ASML_202703_F,128.8,2,DownrightDogfish,Kelvin Chan,buy
2026-07-02T18:59:13.628243+00:00,04:59:10,ASML_202703_F,129.0,48,DownrightDogfish,BoundlessBisons,buy
2026-07-02T18:59:13.628243+00:00,04:59:10,ASML_202612_050C,103.9,1,FortunateFerrets,Kelvin Chan,buy
2026-07-02T18:59:13.628243+00:00,04:59:10,ASML_DUAL,127.1,50,DiligentDonuts,FlawlessFlatbreads,sell
2026-07-02T18:59:13.628243+00:00,04:59:10,ASML_202706_F,129.8,2,DownrightDogfish,Kelvin Chan,buy
2026-07-02T18:59:13.628243+00:00,04:59:10,ASML_202706_F,130.1,48,DownrightDogfish,BoundlessBisons,buy
2026-07-02T18:59:15.411294+00:00,04:59:10,TSLA,8.8,200,YieldingYams,WavyWalnuts,sell
2026-07-02T18:59:15.411294+00:00,04:59:10,SAP_DUAL,59.3,42,Kelvin Chan,GroovyGrapefruits,sell
2026-07-02T18:59:15.411294+00:00,04:59:10,SAP_DUAL,59.2,3,InfiniteIcecreams,GroovyGrapefruits,sell
2026-07-02T18:59:15.411294+00:00,04:59:10,TSLA,8.7,500,AverageAlmonds,YieldingYams,sell
2026-07-02T18:59:15.411294+00:00,04:59:10,TSLA,8.7,125,WavyWalnuts,YieldingYams,sell
2026-07-02T18:59:15.411294+00:00,04:59:11,ASML_202612_075C,97.6,2,GenerousGeckos,EssentialEagles,sell
2026-07-02T18:59:15.411294+00:00,04:59:11,ASML_202612_075C,97.6,46,FortunateFerrets,EssentialEagles,sell
2026-07-02T18:59:15.411294+00:00,04:59:11,ASML,127.1,200,AverageAlmonds,WavyWalnuts,sell
2026-07-02T18:59:15.411294+00:00,04:59:11,OB5X_202612_120P,24.4,13,ScholarlySpearmints,Kelvin Chan,buy
2026-07-02T18:59:15.411294+00:00,04:59:11,OB5X_202612_120P,24.8,45,ScholarlySpearmints,VersatileVinegars,buy
2026-07-02T18:59:17.152046+00:00,04:59:11,ASML_DUAL,127.1,49,DiligentDonuts,CostlyCorianders,sell
2026-07-02T18:59:17.152046+00:00,04:59:11,OB5X_202703_F,236.3,40,PowerfulPineapples,RadiantRisottos,sell
2026-07-02T18:59:17.152046+00:00,04:59:12,ASML,127.2,1,AverageAlmonds,Kelvin Chan,buy
2026-07-02T18:59:17.152046+00:00,04:59:12,SAP,58.3,200,YieldingYams,WavyWalnuts,sell
2026-07-02T18:59:17.152046+00:00,04:59:12,ASML_202612_F,127.9,1,BoundlessBisons,Kelvin Chan,buy
2026-07-02T18:59:17.152046+00:00,04:59:12,NVDA,61.4,200,YieldingYams,WavyWalnuts,buy
2026-07-02T18:59:17.152046+00:00,04:59:12,ASML_202703_F,128.8,100,BoundlessBisons,CapableCoyotes,buy
2026-07-02T18:59:17.152046+00:00,04:59:12,TSLA,8.9,500,YieldingYams,AverageAlmonds,buy
2026-07-02T18:59:17.152046+00:00,04:59:12,TSLA,8.9,125,YieldingYams,WavyWalnuts,buy
2026-07-02T18:59:17.152046+00:00,04:59:12,OB5X_202612_F,234.0,4,OriginalOlives,Kelvin Chan,buy
2026-07-02T18:59:17.152046+00:00,04:59:12,OB5X_202612_F,234.0,49,OriginalOlives,QuirkyQuinoas,buy
2026-07-02T18:59:17.152046+00:00,04:59:12,ASML,127.2,200,AverageAlmonds,WavyWalnuts,sell
2026-07-02T18:59:17.152046+00:00,04:59:12,NVDA,61.5,180,WavyWalnuts,Kelvin Chan,buy
2026-07-02T18:59:17.152046+00:00,04:59:12,NVDA,61.5,20,WavyWalnuts,Zihao Wu,buy
2026-07-02T18:59:17.152046+00:00,04:59:12,SAP,58.4,20,BrilliantBurritos,YieldingYams,buy
2026-07-02T18:59:17.152046+00:00,04:59:12,ASML_DUAL,127.0,5,Kelvin Chan,FlawlessFlatbreads,sell
2026-07-02T18:59:17.152046+00:00,04:59:12,ASML_DUAL,126.9,45,EarnestEspressos,FlawlessFlatbreads,sell
2026-07-02T18:59:17.152046+00:00,04:59:12,ASML_202612_F,128.0,50,DownrightDogfish,CapableCoyotes,buy
2026-07-02T18:59:17.152046+00:00,04:59:12,OB5X_202612_080C,161.5,2,ScholarlySpearmints,Kelvin Chan,buy
2026-07-02T18:59:17.152046+00:00,04:59:12,OB5X_202612_080C,161.7,50,ScholarlySpearmints,VersatileVinegars,buy
2026-07-02T18:59:17.152046+00:00,04:59:12,OB5X_ETF,58.1,1,Kelvin Chan,NecessaryNutmegs,sell
2026-07-02T18:59:17.152046+00:00,04:59:12,OB5X_ETF,58.1,499,LivelyLasagnas,NecessaryNutmegs,sell
2026-07-02T18:59:17.152046+00:00,04:59:12,ASML_202703_F,128.8,50,DownrightDogfish,CapableCoyotes,buy
2026-07-02T18:59:17.152046+00:00,04:59:13,OB5X_202612_120P,23.8,1,Kelvin Chan,ScholarlySpearmints,sell
2026-07-02T18:59:17.152046+00:00,04:59:13,OB5X_202612_120P,23.6,47,VersatileVinegars,ScholarlySpearmints,sell
2026-07-02T18:59:17.152046+00:00,04:59:13,ASML_DUAL,127.3,11,Xuanyu Liu,EarnestEspressos,buy
2026-07-02T18:59:17.152046+00:00,04:59:13,ASML,127.2,11,AverageAlmonds,Xuanyu Liu,sell
2026-07-02T18:59:17.152046+00:00,04:59:13,ASML_202706_F,130.0,50,DownrightDogfish,CapableCoyotes,buy
2026-07-02T18:59:17.152046+00:00,04:59:13,OB5X_202612_100C,147.4,1,ScholarlySpearmints,Kelvin Chan,buy
2026-07-02T18:59:17.152046+00:00,04:59:13,OB5X_202612_100C,147.8,41,ScholarlySpearmints,VersatileVinegars,buy
2026-07-02T18:59:17.152046+00:00,04:59:13,SAP,58.2,60,Kelvin Chan,YieldingYams,sell
2026-07-02T18:59:17.152046+00:00,04:59:13,SAP_DUAL,59.4,9,HomelyHerrings,Xuanyu Liu,sell
2026-07-02T18:59:17.152046+00:00,04:59:13,SAP,58.2,9,Xuanyu Liu,YieldingYams,buy
2026-07-02T18:59:17.152046+00:00,04:59:13,OB5X_202612_100C,146.9,44,TactfulTangerines,ScholarlySpearmints,sell
2026-07-02T18:59:17.152046+00:00,04:59:13,NVDA,61.4,20,YieldingYams,BrilliantBurritos,sell
2026-07-02T18:59:17.152046+00:00,04:59:13,SAP,58.2,500,AverageAlmonds,YieldingYams,buy
2026-07-02T18:59:17.152046+00:00,04:59:13,SAP,58.2,56,WavyWalnuts,YieldingYams,buy
2026-07-02T18:59:17.152046+00:00,04:59:13,TSLA,8.9,200,WavyWalnuts,AverageAlmonds,buy
2026-07-02T18:59:17.152046+00:00,04:59:13,OB5X_ETF,58.2,236,KindlyKales,MarvelousMilkshakes,buy
2026-07-02T18:59:17.152046+00:00,04:59:13,ASML_202706_F,129.9,1,BoundlessBisons,Kelvin Chan,sell
2026-07-02T18:59:17.152046+00:00,04:59:13,SAP_DUAL,59.6,1,GroovyGrapefruits,Kelvin Chan,buy
2026-07-02T18:59:17.152046+00:00,04:59:13,SAP_DUAL,59.8,57,GroovyGrapefruits,InfiniteIcecreams,buy
2026-07-02T18:59:17.152046+00:00,04:59:13,SAP_DUAL,59.4,45,HomelyHerrings,GroovyGrapefruits,sell
2026-07-02T18:59:17.152046+00:00,04:59:13,ASML,127.3,200,WavyWalnuts,YieldingYams,buy
2026-07-02T18:59:18.940275+00:00,04:59:14,ASML_202706_F,129.9,1,BoundlessBisons,Kelvin Chan,sell
2026-07-02T18:59:18.940275+00:00,04:59:14,OB5X_202612_120C,136.1,13,Kelvin Chan,ScholarlySpearmints,sell
2026-07-02T18:59:18.940275+00:00,04:59:14,OB5X_202612_120C,135.8,37,VersatileVinegars,ScholarlySpearmints,sell
2026-07-02T18:59:18.940275+00:00,04:59:14,SAP_DUAL,59.6,1,Xuanyu Liu,Kelvin Chan,buy
2026-07-02T18:59:18.940275+00:00,04:59:14,SAP,58.4,1,YieldingYams,Xuanyu Liu,sell
2026-07-02T18:59:18.940275+00:00,04:59:14,TSLA,8.8,200,WavyWalnuts,YieldingYams,buy
2026-07-02T18:59:18.940275+00:00,04:59:14,SAP,58.4,200,YieldingYams,WavyWalnuts,sell
2026-07-02T18:59:18.940275+00:00,04:59:14,OB5X_ETF,58.1,1,LivelyLasagnas,KindlyKales,sell
2026-07-02T18:59:18.940275+00:00,04:59:14,OB5X_ETF,58.1,214,MarvelousMilkshakes,KindlyKales,sell
2026-07-02T18:59:18.940275+00:00,04:59:14,ASML_202706_F,130.0,57,AttentiveAntelopes,CapableCoyotes,buy
2026-07-02T18:59:18.940275+00:00,04:59:14,NVDA,61.4,180,Kelvin Chan,YieldingYams,sell
2026-07-02T18:59:18.940275+00:00,04:59:14,NVDA,61.4,200,WavyWalnuts,YieldingYams,sell
2026-07-02T18:59:18.940275+00:00,04:59:14,ASML,127.2,1,YieldingYams,Kelvin Chan,buy
2026-07-02T18:59:18.940275+00:00,04:59:14,ASML,127.4,14,YieldingYams,Zihao Wu,sell
2026-07-02T18:59:18.940275+00:00,04:59:14,ASML_DUAL,127.3,14,Zihao Wu,EarnestEspressos,buy
2026-07-02T18:59:18.940275+00:00,04:59:14,ASML_DUAL,127.3,3,Xuanyu Liu,EarnestEspressos,buy
2026-07-02T18:59:18.940275+00:00,04:59:14,ASML,127.4,3,YieldingYams,Xuanyu Liu,sell
2026-07-02T18:59:18.940275+00:00,04:59:14,ASML_DUAL,127.0,5,Kelvin Chan,FlawlessFlatbreads,sell
2026-07-02T18:59:18.940275+00:00,04:59:14,ASML_DUAL,126.9,45,DiligentDonuts,FlawlessFlatbreads,sell
2026-07-02T18:59:18.940275+00:00,04:59:14,SAP_DUAL,59.6,40,GroovyGrapefruits,Kelvin Chan,buy
2026-07-02T18:59:18.940275+00:00,04:59:14,SAP_DUAL,59.4,46,HomelyHerrings,GroovyGrapefruits,sell
2026-07-02T18:59:18.940275+00:00,04:59:15,ASML_202612_F,127.9,50,BoundlessBisons,DownrightDogfish,sell
2026-07-02T18:59:18.940275+00:00,04:59:15,ASML_202612_075P,44.4,54,FortunateFerrets,EssentialEagles,sell
2026-07-02T18:59:18.940275+00:00,04:59:15,ASML_202612_F,128.0,1,CapableCoyotes,Kelvin Chan,buy
2026-07-02T18:59:18.940275+00:00,04:59:15,ASML_202612_F,128.4,100,CapableCoyotes,BoundlessBisons,buy
2026-07-02T18:59:18.940275+00:00,04:59:15,ASML_202612_F,128.5,20,CapableCoyotes,Zihao Wu,buy
2026-07-02T18:59:18.940275+00:00,04:59:15,ASML_202703_F,128.6,34,Kelvin Chan,DownrightDogfish,sell
2026-07-02T18:59:18.940275+00:00,04:59:15,ASML_202703_F,128.3,16,CapableCoyotes,DownrightDogfish,sell
2026-07-02T18:59:18.940275+00:00,04:59:15,OB5X_202703_F,236.4,1,OriginalOlives,Kelvin Chan,buy
2026-07-02T18:59:18.940275+00:00,04:59:15,OB5X_202703_F,236.5,42,OriginalOlives,QuirkyQuinoas,buy
2026-07-02T18:59:18.940275+00:00,04:59:15,ASML_202706_F,129.9,50,BoundlessBisons,DownrightDogfish,sell
2026-07-02T18:59:18.940275+00:00,04:59:15,ASML_202703_F,128.9,1,CapableCoyotes,Kelvin Chan,buy
2026-07-02T18:59:18.940275+00:00,04:59:15,ASML_202703_F,129.4,100,CapableCoyotes,BoundlessBisons,buy
2026-07-02T18:59:20.735733+00:00,04:59:15,ASML_202706_F,130.0,1,CapableCoyotes,Kelvin Chan,buy
2026-07-02T18:59:20.735733+00:00,04:59:15,ASML_202706_F,130.4,100,CapableCoyotes,BoundlessBisons,buy
2026-07-02T18:59:20.735733+00:00,04:59:15,TSLA,8.8,200,WavyWalnuts,YieldingYams,buy
2026-07-02T18:59:20.735733+00:00,04:59:15,SAP,58.5,30,WavyWalnuts,Kelvin Chan,buy
2026-07-02T18:59:20.735733+00:00,04:59:15,SAP,58.5,170,WavyWalnuts,YieldingYams,sell
2026-07-02T18:59:20.735733+00:00,04:59:15,SAP_DUAL,59.6,8,Xuanyu Liu,Kelvin Chan,buy
2026-07-02T18:59:20.735733+00:00,04:59:15,ASML_DUAL,127.3,40,CostlyCorianders,EarnestEspressos,buy
2026-07-02T18:59:20.735733+00:00,04:59:15,SAP_DUAL,59.5,8,InfiniteIcecreams,Xuanyu Liu,sell
2026-07-02T18:59:20.735733+00:00,04:59:16,AAPL,160.7,20,YieldingYams,BrilliantBurritos,sell
2026-07-02T18:59:20.735733+00:00,04:59:16,NVDA,61.4,180,YieldingYams,Kelvin Chan,buy
2026-07-02T18:59:20.735733+00:00,04:59:16,SAP_DUAL,59.5,49,InfiniteIcecreams,GroovyGrapefruits,sell
2026-07-02T18:59:20.735733+00:00,04:59:16,SAP_DUAL,59.7,50,JazzyJellies,HomelyHerrings,buy
2026-07-02T18:59:20.735733+00:00,04:59:16,ASML_202612_100P,64.5,7,EssentialEagles,Kelvin Chan,buy
2026-07-02T18:59:20.735733+00:00,04:59:16,TSLA,8.9,500,YieldingYams,AverageAlmonds,buy
2026-07-02T18:59:20.735733+00:00,04:59:16,TSLA,8.9,125,YieldingYams,WavyWalnuts,buy
2026-07-02T18:59:20.735733+00:00,04:59:16,ASML,127.4,200,YieldingYams,WavyWalnuts,sell
2026-07-02T18:59:20.735733+00:00,04:59:16,ASML_202612_F,128.7,10,Zihao Wu,Kelvin Chan,sell
2026-07-02T18:59:20.735733+00:00,04:59:16,ASML_202703_F,129.4,9,CapableCoyotes,Kelvin Chan,sell
2026-07-02T18:59:20.735733+00:00,04:59:16,ASML_202706_F,130.5,9,CapableCoyotes,Kelvin Chan,sell
2026-07-02T18:59:20.735733+00:00,04:59:16,SAP_DUAL,59.6,23,GroovyGrapefruits,Kelvin Chan,buy
2026-07-02T18:59:20.735733+00:00,04:59:16,SAP_DUAL,59.7,24,GroovyGrapefruits,HomelyHerrings,buy
2026-07-02T18:59:20.735733+00:00,04:59:17,OB5X_202706_F,240.2,46,QuirkyQuinoas,OriginalOlives,sell
2026-07-02T18:59:20.735733+00:00,04:59:17,ASML_DUAL,127.3,50,EarnestEspressos,FlawlessFlatbreads,sell
2026-07-02T18:59:20.735733+00:00,04:59:17,OB5X_202703_F,236.6,54,OriginalOlives,PowerfulPineapples,buy
2026-07-02T18:59:20.735733+00:00,04:59:17,ASML_202612_F,128.7,2,Zihao Wu,Kelvin Chan,sell
2026-07-02T18:59:20.735733+00:00,04:59:17,OB5X_ETF,58.1,1,Kelvin Chan,NecessaryNutmegs,sell
2026-07-02T18:59:20.735733+00:00,04:59:17,OB5X_ETF,58.1,499,MarvelousMilkshakes,NecessaryNutmegs,sell
2026-07-02T18:59:20.735733+00:00,04:59:17,OB5X_202612_120P,23.9,1,Kelvin Chan,ScholarlySpearmints,sell
2026-07-02T18:59:20.735733+00:00,04:59:17,OB5X_202612_120P,23.6,47,TactfulTangerines,ScholarlySpearmints,sell
2026-07-02T18:59:20.735733+00:00,04:59:17,ASML_DUAL,127.4,44,CostlyCorianders,DiligentDonuts,buy
2026-07-02T18:59:20.735733+00:00,04:59:17,NVDA,61.4,180,Kelvin Chan,YieldingYams,sell
2026-07-02T18:59:20.735733+00:00,04:59:17,NVDA,61.4,445,AverageAlmonds,YieldingYams,sell
2026-07-02T18:59:20.735733+00:00,04:59:17,OB5X_ETF,58.2,208,KindlyKales,LivelyLasagnas,buy
2026-07-02T18:59:20.735733+00:00,04:59:17,TSLA,8.8,200,YieldingYams,WavyWalnuts,buy
2026-07-02T18:59:20.735733+00:00,04:59:17,TSLA,8.8,425,YieldingYams,AverageAlmonds,sell
2026-07-02T18:59:20.735733+00:00,04:59:17,ASML_202612_F,128.6,2,Zihao Wu,Kelvin Chan,sell
2026-07-02T18:59:20.735733+00:00,04:59:17,ASML_202703_F,129.4,1,CapableCoyotes,Kelvin Chan,sell
2026-07-02T18:59:20.735733+00:00,04:59:17,ASML_202706_F,130.5,1,CapableCoyotes,Kelvin Chan,sell
2026-07-02T18:59:20.735733+00:00,04:59:17,ASML_202703_F,129.7,50,DownrightDogfish,BoundlessBisons,buy
2026-07-02T18:59:20.735733+00:00,04:59:17,ASML_202706_F,130.7,50,DownrightDogfish,BoundlessBisons,buy
2026-07-02T18:59:20.735733+00:00,04:59:17,AAPL,160.8,200,YieldingYams,WavyWalnuts,buy
2026-07-02T18:59:22.488385+00:00,04:59:17,TSLA,8.8,20,BrilliantBurritos,AverageAlmonds,buy
2026-07-02T18:59:22.488385+00:00,04:59:18,ASML_202612_100C,93.2,50,EssentialEagles,GenerousGeckos,buy
2026-07-02T18:59:22.488385+00:00,04:59:18,ASML_202612_100C,93.4,1,EssentialEagles,FortunateFerrets,buy
2026-07-02T18:59:22.488385+00:00,04:59:18,NVDA,61.4,180,AverageAlmonds,Kelvin Chan,buy
2026-07-02T18:59:22.488385+00:00,04:59:18,SAP_DUAL,59.5,50,InfiniteIcecreams,JazzyJellies,sell
2026-07-02T18:59:22.488385+00:00,04:59:18,OB5X_202706_F,240.5,4,RadiantRisottos,Kelvin Chan,buy
2026-07-02T18:59:22.488385+00:00,04:59:18,OB5X_202706_F,240.6,46,RadiantRisottos,PowerfulPineapples,buy
2026-07-02T18:59:22.488385+00:00,04:59:18,OB5X_202703_F,236.5,4,RadiantRisottos,Kelvin Chan,buy
2026-07-02T18:59:22.488385+00:00,04:59:18,OB5X_202703_F,236.6,46,RadiantRisottos,PowerfulPineapples,buy
2026-07-02T18:59:22.488385+00:00,04:59:18,OB5X_ETF,58.1,248,MarvelousMilkshakes,KindlyKales,sell
2026-07-02T18:59:22.488385+00:00,04:59:18,ASML_202612_F,128.7,1,Zihao Wu,Kelvin Chan,sell
2026-07-02T18:59:22.488385+00:00,04:59:18,ASML_202612_050C,104.2,1,FortunateFerrets,Kelvin Chan,sell
2026-07-02T18:59:22.488385+00:00,04:59:18,OB5X_202612_F,234.1,3,RadiantRisottos,Kelvin Chan,buy
2026-07-02T18:59:22.488385+00:00,04:59:18,OB5X_202612_080P,9.9,50,ScholarlySpearmints,VersatileVinegars,buy
2026-07-02T18:59:22.488385+00:00,04:59:18,OB5X_202612_080P,10.0,7,ScholarlySpearmints,TactfulTangerines,buy
2026-07-02T18:59:22.488385+00:00,04:59:18,NVDA,61.5,50,YieldingYams,Zihao Wu,buy
2026-07-02T18:59:22.488385+00:00,04:59:18,NVDA,61.5,200,YieldingYams,WavyWalnuts,buy
2026-07-02T18:59:22.488385+00:00,04:59:18,ASML_DUAL,127.3,44,EarnestEspressos,CostlyCorianders,sell
2026-07-02T18:59:22.488385+00:00,04:59:18,ASML_202612_F,128.7,5,Zihao Wu,CapableCoyotes,sell
2026-07-02T18:59:22.488385+00:00,04:59:18,ASML_202612_F,128.2,100,BoundlessBisons,CapableCoyotes,sell
2026-07-02T18:59:22.488385+00:00,04:59:18,OB5X_202612_120P,24.6,12,ScholarlySpearmints,Kelvin Chan,buy
2026-07-02T18:59:22.488385+00:00,04:59:18,OB5X_202612_120P,24.8,42,ScholarlySpearmints,VersatileVinegars,buy
2026-07-02T18:59:22.488385+00:00,04:59:18,TSLA,8.7,200,WavyWalnuts,YieldingYams,sell
2026-07-02T18:59:22.488385+00:00,04:59:18,TSLA,8.7,425,AverageAlmonds,YieldingYams,sell
2026-07-02T18:59:22.488385+00:00,04:59:19,ASML_202703_F,129.2,100,BoundlessBisons,CapableCoyotes,sell
2026-07-02T18:59:22.488385+00:00,04:59:19,ASML_202612_075C,97.8,51,FortunateFerrets,EssentialEagles,sell
2026-07-02T18:59:22.488385+00:00,04:59:19,ASML_202612_050P,26.0,43,GenerousGeckos,EssentialEagles,sell
2026-07-02T18:59:22.488385+00:00,04:59:19,ASML_202612_F,128.1,45,BoundlessBisons,CapableCoyotes,buy
2026-07-02T18:59:22.488385+00:00,04:59:19,ASML_202706_F,130.2,100,BoundlessBisons,CapableCoyotes,sell
2026-07-02T18:59:22.488385+00:00,04:59:19,ASML_202703_F,129.0,50,BoundlessBisons,CapableCoyotes,buy
2026-07-02T18:59:22.488385+00:00,04:59:19,ASML_202706_F,129.8,34,Kelvin Chan,AttentiveAntelopes,sell
2026-07-02T18:59:22.488385+00:00,04:59:19,ASML_202706_F,129.6,19,CapableCoyotes,AttentiveAntelopes,sell
2026-07-02T18:59:22.488385+00:00,04:59:19,OB5X_202703_F,236.6,2,PowerfulPineapples,Kelvin Chan,buy
2026-07-02T18:59:22.488385+00:00,04:59:19,SAP,58.3,200,AverageAlmonds,WavyWalnuts,buy
2026-07-02T18:59:22.488385+00:00,04:59:19,SAP,58.3,300,AverageAlmonds,YieldingYams,buy
2026-07-02T18:59:22.488385+00:00,04:59:19,SAP,58.3,200,WavyWalnuts,YieldingYams,buy
2026-07-02T18:59:22.488385+00:00,04:59:19,TSLA,8.7,200,AverageAlmonds,WavyWalnuts,sell
2026-07-02T18:59:22.488385+00:00,04:59:19,ASML_202706_F,130.1,50,BoundlessBisons,CapableCoyotes,buy
2026-07-02T18:59:22.488385+00:00,04:59:19,SAP,58.5,200,YieldingYams,WavyWalnuts,buy
2026-07-02T18:59:22.488385+00:00,04:59:19,SAP_DUAL,59.5,25,Xuanyu Liu,InfiniteIcecreams,buy
2026-07-02T18:59:22.488385+00:00,04:59:19,SAP,58.6,25,YieldingYams,Xuanyu Liu,sell
2026-07-02T18:59:22.488385+00:00,04:59:19,SAP_DUAL,59.5,59,GroovyGrapefruits,InfiniteIcecreams,buy
2026-07-02T18:59:22.488385+00:00,04:59:19,OB5X_202612_120C,135.7,45,TactfulTangerines,ScholarlySpearmints,sell
2026-07-02T18:59:22.488385+00:00,04:59:19,ASML_202703_F,129.1,50,BoundlessBisons,DownrightDogfish,sell
2026-07-02T18:59:22.488385+00:00,04:59:20,ASML,127.5,200,WavyWalnuts,YieldingYams,buy
2026-07-02T18:59:22.488385+00:00,04:59:20,NVDA,61.5,200,YieldingYams,WavyWalnuts,sell
2026-07-02T18:59:22.488385+00:00,04:59:20,NVDA,61.4,50,Zihao Wu,YieldingYams,sell
2026-07-02T18:59:22.488385+00:00,04:59:20,NVDA,61.4,500,AverageAlmonds,YieldingYams,sell
2026-07-02T18:59:22.488385+00:00,04:59:20,ASML_202706_F,130.3,50,BoundlessBisons,DownrightDogfish,sell
2026-07-02T18:59:26.353127+00:00,04:59:20,TSLA,8.8,500,YieldingYams,AverageAlmonds,buy
2026-07-02T18:59:26.353127+00:00,04:59:20,ASML_DUAL,127.4,49,CostlyCorianders,EarnestEspressos,buy
2026-07-02T18:59:26.353127+00:00,04:59:20,OB5X_ETF,58.1,500,LivelyLasagnas,MarvelousMilkshakes,sell
2026-07-02T18:59:26.353127+00:00,04:59:20,ASML_202612_075P,44.9,44,EssentialEagles,GenerousGeckos,buy
2026-07-02T18:59:26.353127+00:00,04:59:20,SAP_DUAL,59.2,50,HomelyHerrings,JazzyJellies,sell
2026-07-02T18:59:26.353127+00:00,04:59:20,SAP_DUAL,59.5,55,GroovyGrapefruits,InfiniteIcecreams,buy
2026-07-02T18:59:26.353127+00:00,04:59:20,TSLA,8.8,125,YieldingYams,AverageAlmonds,sell
2026-07-02T18:59:26.353127+00:00,04:59:20,SAP,58.6,200,YieldingYams,WavyWalnuts,sell
2026-07-02T18:59:26.353127+00:00,04:59:20,TSLA,8.7,200,AverageAlmonds,WavyWalnuts,sell
2026-07-02T18:59:26.353127+00:00,04:59:20,ASML_DUAL,127.1,47,DiligentDonuts,CostlyCorianders,sell
2026-07-02T18:59:26.353127+00:00,04:59:21,SAP,58.4,200,WavyWalnuts,YieldingYams,sell
2026-07-02T18:59:26.353127+00:00,04:59:21,ASML_202612_F,128.1,52,BoundlessBisons,AttentiveAntelopes,sell
2026-07-02T18:59:26.353127+00:00,04:59:21,ASML_202703_F,129.6,44,AttentiveAntelopes,BoundlessBisons,buy
2026-07-02T18:59:26.353127+00:00,04:59:21,ASML_DUAL,127.4,50,FlawlessFlatbreads,EarnestEspressos,buy
2026-07-02T18:59:26.353127+00:00,04:59:21,NVDA,61.3,200,YieldingYams,WavyWalnuts,sell
2026-07-02T18:59:26.353127+00:00,04:59:21,OB5X_ETF,58.1,250,NecessaryNutmegs,MarvelousMilkshakes,buy
2026-07-02T18:59:26.353127+00:00,04:59:21,OB5X_ETF,58.3,250,NecessaryNutmegs,LivelyLasagnas,buy
2026-07-02T18:59:26.353127+00:00,04:59:21,TSLA,8.7,500,AverageAlmonds,YieldingYams,sell
2026-07-02T18:59:26.353127+00:00,04:59:21,TSLA,8.5,20,Zihao Wu,BrilliantBurritos,sell
2026-07-02T18:59:26.353127+00:00,04:59:21,TSLA,8.6,85,Zihao Wu,YieldingYams,buy
2026-07-02T18:59:26.353127+00:00,04:59:21,TSLA,8.6,40,AverageAlmonds,YieldingYams,buy
2026-07-02T18:59:26.353127+00:00,04:59:21,SAP,58.4,200,WavyWalnuts,YieldingYams,buy
2026-07-02T18:59:26.353127+00:00,04:59:21,TSLA,8.7,200,AverageAlmonds,WavyWalnuts,sell
2026-07-02T18:59:26.353127+00:00,04:59:21,NVDA,61.5,20,BrilliantBurritos,Zihao Wu,buy
2026-07-02T18:59:26.353127+00:00,04:59:22,ASML_202612_F,128.7,50,DownrightDogfish,BoundlessBisons,buy
2026-07-02T18:59:26.353127+00:00,04:59:22,OB5X_ETF,58.3,207,KindlyKales,LivelyLasagnas,buy
2026-07-02T18:59:26.353127+00:00,04:59:22,SAP_DUAL,59.6,100,InfiniteIcecreams,HomelyHerrings,buy
2026-07-02T18:59:26.353127+00:00,04:59:22,ASML_202703_F,129.6,50,DownrightDogfish,BoundlessBisons,buy
2026-07-02T18:59:26.353127+00:00,04:59:22,ASML_202612_F,128.7,50,CapableCoyotes,BoundlessBisons,buy
2026-07-02T18:59:26.353127+00:00,04:59:22,ASML_DUAL,127.4,40,CostlyCorianders,EarnestEspressos,buy
2026-07-02T18:59:26.353127+00:00,04:59:22,SAP,58.5,200,YieldingYams,WavyWalnuts,buy
2026-07-02T18:59:26.353127+00:00,04:59:22,SAP_DUAL,59.7,34,InfiniteIcecreams,Xuanyu Liu,sell
2026-07-02T18:59:26.353127+00:00,04:59:22,ASML_202706_F,130.8,50,DownrightDogfish,BoundlessBisons,buy
2026-07-02T18:59:26.353127+00:00,04:59:22,ASML_DUAL,127.6,100,EarnestEspressos,DiligentDonuts,buy
2026-07-02T18:59:28.129943+00:00,04:59:22,ASML_202703_F,129.6,6,CapableCoyotes,BoundlessBisons,buy
2026-07-02T18:59:28.129943+00:00,04:59:22,SAP_DUAL,59.7,16,InfiniteIcecreams,JazzyJellies,sell
2026-07-02T18:59:28.129943+00:00,04:59:22,SAP_DUAL,59.1,34,HomelyHerrings,JazzyJellies,sell
2026-07-02T18:59:28.129943+00:00,04:59:22,ASML_202706_F,130.8,50,CapableCoyotes,BoundlessBisons,buy
2026-07-02T18:59:28.129943+00:00,04:59:22,ASML_202612_F,128.8,100,CapableCoyotes,BoundlessBisons,sell
2026-07-02T18:59:28.129943+00:00,04:59:22,SAP,58.6,22,Zihao Wu,YieldingYams,buy
2026-07-02T18:59:28.129943+00:00,04:59:22,SAP_DUAL,59.1,22,HomelyHerrings,Zihao Wu,sell
2026-07-02T18:59:28.129943+00:00,04:59:22,ASML_202703_F,129.7,100,CapableCoyotes,BoundlessBisons,sell
2026-07-02T18:59:28.129943+00:00,04:59:22,ASML_202706_F,130.8,100,CapableCoyotes,BoundlessBisons,sell
2026-07-02T18:59:28.129943+00:00,04:59:23,ASML_DUAL,127.6,50,EarnestEspressos,FlawlessFlatbreads,sell
2026-07-02T18:59:28.129943+00:00,04:59:23,SAP,58.4,200,WavyWalnuts,YieldingYams,sell
2026-07-02T18:59:28.129943+00:00,04:59:23,NVDA,61.4,200,YieldingYams,WavyWalnuts,sell
2026-07-02T18:59:28.129943+00:00,04:59:23,AAPL,160.9,15,Zihao Wu,WavyWalnuts,sell
2026-07-02T18:59:28.129943+00:00,04:59:23,AAPL,160.9,185,YieldingYams,WavyWalnuts,sell
2026-07-02T18:59:28.129943+00:00,04:59:23,SAP,58.4,23,Zihao Wu,YieldingYams,buy
2026-07-02T18:59:28.129943+00:00,04:59:23,SAP_DUAL,59.1,23,HomelyHerrings,Zihao Wu,sell
2026-07-02T18:59:28.129943+00:00,04:59:23,ASML_202706_F,130.0,51,BoundlessBisons,AttentiveAntelopes,sell
2026-07-02T18:59:28.129943+00:00,04:59:24,NVDA,61.5,50,YieldingYams,Zihao Wu,buy
2026-07-02T18:59:28.129943+00:00,04:59:24,TSLA,8.7,200,WavyWalnuts,YieldingYams,sell
2026-07-02T18:59:28.129943+00:00,04:59:24,TSLA,8.7,425,AverageAlmonds,YieldingYams,sell
2026-07-02T18:59:28.129943+00:00,04:59:24,OB5X_202612_080C,162.2,50,ScholarlySpearmints,VersatileVinegars,buy
2026-07-02T18:59:28.129943+00:00,04:59:24,SAP,58.3,20,YieldingYams,BrilliantBurritos,sell
2026-07-02T18:59:28.129943+00:00,04:59:24,TSLA,8.7,200,AverageAlmonds,WavyWalnuts,sell
2026-07-02T18:59:28.129943+00:00,04:59:24,ASML_202612_050P,26.5,50,EssentialEagles,GenerousGeckos,buy
2026-07-02T18:59:28.129943+00:00,04:59:24,ASML_202612_050P,26.3,25,Kelvin Chan,EssentialEagles,sell
2026-07-02T18:59:28.129943+00:00,04:59:24,ASML_202612_050P,26.0,34,GenerousGeckos,EssentialEagles,sell
2026-07-02T18:59:28.129943+00:00,04:59:24,ASML_202703_F,129.7,44,CapableCoyotes,DownrightDogfish,sell
2026-07-02T18:59:28.129943+00:00,04:59:24,SAP_DUAL,59.5,50,Kelvin Chan,JazzyJellies,sell
2026-07-02T18:59:28.129943+00:00,04:59:24,SAP,58.3,45,YieldingYams,Zihao Wu,sell
2026-07-02T18:59:28.129943+00:00,04:59:24,SAP_DUAL,59.8,45,Zihao Wu,Kelvin Chan,buy
2026-07-02T18:59:28.129943+00:00,04:59:24,NVDA,61.5,200,YieldingYams,WavyWalnuts,sell
2026-07-02T18:59:28.129943+00:00,04:59:25,AAPL,160.8,20,YieldingYams,BrilliantBurritos,sell
2026-07-02T18:59:28.129943+00:00,04:59:25,ASML,127.5,200,WavyWalnuts,YieldingYams,sell
2026-07-02T18:59:28.129943+00:00,04:59:25,TSLA,8.8,85,YieldingYams,Zihao Wu,buy
2026-07-02T18:59:28.129943+00:00,04:59:25,TSLA,8.8,500,YieldingYams,AverageAlmonds,buy
2026-07-02T18:59:28.129943+00:00,04:59:25,TSLA,9.0,40,YieldingYams,WavyWalnuts,sell
2026-07-02T18:59:28.129943+00:00,04:59:25,TSLA,8.7,160,AverageAlmonds,WavyWalnuts,sell
2026-07-02T18:59:28.129943+00:00,04:59:25,OB5X_ETF,58.1,216,MarvelousMilkshakes,KindlyKales,sell
2026-07-02T18:59:28.129943+00:00,04:59:25,OB5X_ETF,58.1,500,MarvelousMilkshakes,NecessaryNutmegs,sell
2026-07-02T18:59:28.129943+00:00,04:59:25,ASML_202706_F,130.4,7,AttentiveAntelopes,Kelvin Chan,buy
2026-07-02T18:59:28.129943+00:00,04:59:25,ASML_DUAL,127.3,100,DiligentDonuts,EarnestEspressos,sell
2026-07-02T18:59:28.129943+00:00,04:59:25,ASML_202612_100C,93.5,50,EssentialEagles,GenerousGeckos,buy
2026-07-02T18:59:28.129943+00:00,04:59:25,ASML_202612_075P,44.3,41,FortunateFerrets,EssentialEagles,sell
2026-07-02T18:59:28.129943+00:00,04:59:25,ASML_202612_F,128.4,34,Kelvin Chan,CapableCoyotes,sell
2026-07-02T18:59:28.129943+00:00,04:59:25,ASML_202612_050P,26.5,7,EssentialEagles,Kelvin Chan,buy
2026-07-02T18:59:28.129943+00:00,04:59:25,ASML_202612_050P,26.5,45,EssentialEagles,GenerousGeckos,buy
2026-07-02T18:59:28.129943+00:00,04:59:25,ASML_202703_F,129.3,34,Kelvin Chan,CapableCoyotes,sell
2026-07-02T18:59:28.129943+00:00,04:59:25,ASML_202703_F,129.0,100,BoundlessBisons,CapableCoyotes,sell
2026-07-02T18:59:28.129943+00:00,04:59:26,ASML,127.4,10,Kelvin Chan,WavyWalnuts,sell
2026-07-02T18:59:28.129943+00:00,04:59:26,ASML_202612_F,128.1,100,BoundlessBisons,CapableCoyotes,buy
2026-07-02T18:59:28.129943+00:00,04:59:26,ASML_202706_F,130.1,15,Kelvin Chan,CapableCoyotes,sell
2026-07-02T18:59:28.129943+00:00,04:59:26,SAP,58.5,35,YieldingYams,Kelvin Chan,buy
2026-07-02T18:59:28.129943+00:00,04:59:26,ASML_202703_F,129.0,16,BoundlessBisons,CapableCoyotes,buy
