captured_at,time,ticker,price,volume,buyer,seller,aggressor
2026-07-08T16:53:37.413632+00:00,02:53:27,ASML_DUAL,150.0,50,DiligentDonuts,FlawlessFlatbreads,sell
2026-07-08T16:53:37.413632+00:00,02:53:27,SAP_DUAL,66.0,1,Xuanyu Liu,HomelyHerrings,buy
2026-07-08T16:53:37.413632+00:00,02:53:27,SAP,65.9,1,Aaron Tian,Xuanyu Liu,sell
2026-07-08T16:53:37.413632+00:00,02:53:27,SAP,65.9,25,Aaron Tian,YieldingYams,sell
2026-07-08T16:53:37.413632+00:00,02:53:27,SAP_DUAL,65.7,50,InfiniteIcecreams,JazzyJellies,sell
2026-07-08T16:53:37.413632+00:00,02:53:27,AAPL,187.9,200,AverageAlmonds,WavyWalnuts,buy
2026-07-08T16:53:37.413632+00:00,02:53:27,AAPL,188.0,125,AverageAlmonds,YieldingYams,buy
2026-07-08T16:53:37.413632+00:00,02:53:27,TSLA,8.1,200,Sze-Yong Ng,YieldingYams,sell
2026-07-08T16:53:37.413632+00:00,02:53:27,TSLA,8.1,200,WavyWalnuts,YieldingYams,sell
2026-07-08T16:53:37.413632+00:00,02:53:27,TSLA,8.1,225,AverageAlmonds,YieldingYams,sell
2026-07-08T16:53:37.413632+00:00,02:53:27,SAP,65.9,200,WavyWalnuts,YieldingYams,buy
2026-07-08T16:53:37.413632+00:00,02:53:28,ASML,150.4,500,YieldingYams,AverageAlmonds,buy
2026-07-08T16:53:37.413632+00:00,02:53:28,ASML_202612_F,149.0,100,CapableCoyotes,BoundlessBisons,sell
2026-07-08T16:53:37.413632+00:00,02:53:28,ASML,150.4,20,YieldingYams,BrilliantBurritos,sell
2026-07-08T16:53:37.413632+00:00,02:53:28,OB5X_202612_120P,20.5,10,Aaron Tian,TactfulTangerines,buy
2026-07-08T16:53:37.413632+00:00,02:53:28,ASML_202703_F,150.1,100,CapableCoyotes,BoundlessBisons,sell
2026-07-08T16:53:37.413632+00:00,02:53:28,ASML_202706_F,151.2,100,CapableCoyotes,BoundlessBisons,sell
2026-07-08T16:53:37.413632+00:00,02:53:28,ASML,150.4,105,YieldingYams,AverageAlmonds,sell
2026-07-08T16:53:37.413632+00:00,02:53:28,TSLA,8.1,200,AverageAlmonds,WavyWalnuts,sell
2026-07-08T16:53:37.413632+00:00,02:53:28,AAPL,188.1,200,YieldingYams,WavyWalnuts,sell
2026-07-08T16:53:37.413632+00:00,02:53:28,OB5X_202612_100C,172.0,50,ScholarlySpearmints,VersatileVinegars,buy
2026-07-08T16:53:37.413632+00:00,02:53:28,OB5X_202612_100C,172.0,1,ScholarlySpearmints,TactfulTangerines,buy
2026-07-08T16:53:37.413632+00:00,02:53:28,ASML_202612_100P,60.2,47,GenerousGeckos,EssentialEagles,sell
2026-07-08T16:53:37.413632+00:00,02:53:28,NVDA,66.7,200,WavyWalnuts,YieldingYams,sell
2026-07-08T16:53:37.413632+00:00,02:53:28,ASML_202612_050P,24.1,10,Aaron Tian,EssentialEagles,sell
2026-07-08T16:53:37.413632+00:00,02:53:28,ASML_202612_050P,24.0,47,GenerousGeckos,EssentialEagles,sell
2026-07-08T16:53:37.413632+00:00,02:53:28,ASML_202612_F,149.5,48,AttentiveAntelopes,CapableCoyotes,buy
2026-07-08T16:53:37.413632+00:00,02:53:29,SAP,66.0,30,YieldingYams,Aaron Tian,buy
2026-07-08T16:53:37.413632+00:00,02:53:29,SAP,66.1,200,YieldingYams,WavyWalnuts,buy
2026-07-08T16:53:37.413632+00:00,02:53:29,SAP_DUAL,65.9,15,Xuanyu Liu,InfiniteIcecreams,buy
2026-07-08T16:53:37.413632+00:00,02:53:29,SAP,66.1,15,YieldingYams,Xuanyu Liu,sell
2026-07-08T16:53:37.413632+00:00,02:53:29,SAP,66.1,200,YieldingYams,WavyWalnuts,sell
2026-07-08T16:53:37.413632+00:00,02:53:29,ASML,150.4,200,WavyWalnuts,AverageAlmonds,buy
2026-07-08T16:53:37.413632+00:00,02:53:29,TSLA,8.2,200,YieldingYams,Sze-Yong Ng,buy
2026-07-08T16:53:37.413632+00:00,02:53:29,TSLA,8.2,200,YieldingYams,Shen Jiang,buy
2026-07-08T16:53:37.413632+00:00,02:53:29,TSLA,8.2,225,YieldingYams,AverageAlmonds,buy
2026-07-08T16:53:37.413632+00:00,02:53:29,ASML,150.4,20,BrilliantBurritos,AverageAlmonds,buy
2026-07-08T16:53:37.413632+00:00,02:53:29,ASML_202612_F,149.0,50,CapableCoyotes,DownrightDogfish,sell
2026-07-08T16:53:37.413632+00:00,02:53:29,ASML_202703_F,150.1,50,CapableCoyotes,DownrightDogfish,sell
2026-07-08T16:53:37.413632+00:00,02:53:29,ASML_202706_F,151.2,50,CapableCoyotes,DownrightDogfish,sell
2026-07-08T16:53:37.413632+00:00,02:53:29,ASML_DUAL,150.2,50,FlawlessFlatbreads,EarnestEspressos,buy
2026-07-08T16:53:37.413632+00:00,02:53:29,ASML,150.0,20,YieldingYams,BrilliantBurritos,sell
2026-07-08T16:53:37.413632+00:00,02:53:29,ASML_202612_100C,111.8,10,Aaron Tian,EssentialEagles,sell
2026-07-08T16:53:37.413632+00:00,02:53:29,TSLA,8.2,200,WavyWalnuts,AverageAlmonds,buy
2026-07-08T16:53:37.413632+00:00,02:53:29,AAPL,188.1,200,AverageAlmonds,WavyWalnuts,sell
2026-07-08T16:53:37.413632+00:00,02:53:29,OB5X_ETF,65.6,500,LivelyLasagnas,MarvelousMilkshakes,sell
2026-07-08T16:53:37.413632+00:00,02:53:29,OB5X_ETF,65.6,30,Aaron Tian,MarvelousMilkshakes,sell
2026-07-08T16:53:37.413632+00:00,02:53:29,OB5X_202612_100C,170.7,50,VersatileVinegars,ScholarlySpearmints,sell
2026-07-08T16:53:37.413632+00:00,02:53:29,OB5X_202612_100C,170.7,1,TactfulTangerines,ScholarlySpearmints,sell
2026-07-08T16:53:37.413632+00:00,02:53:29,ASML_DUAL,150.0,41,CostlyCorianders,DiligentDonuts,buy
2026-07-08T16:53:37.413632+00:00,02:53:30,TSLA,8.1,20,Aaron Tian,BrilliantBurritos,sell
2026-07-08T16:53:37.413632+00:00,02:53:30,ASML,150.3,200,WavyWalnuts,YieldingYams,buy
2026-07-08T16:53:37.413632+00:00,02:53:30,NVDA,66.6,200,Sze-Yong Ng,WavyWalnuts,sell
2026-07-08T16:53:37.413632+00:00,02:53:30,ASML_202612_F,148.5,100,BoundlessBisons,CapableCoyotes,sell
2026-07-08T16:53:37.413632+00:00,02:53:30,OB5X_ETF,65.4,500,MarvelousMilkshakes,NecessaryNutmegs,sell
2026-07-08T16:53:37.413632+00:00,02:53:30,ASML_202703_F,149.5,100,BoundlessBisons,CapableCoyotes,sell
2026-07-08T16:53:37.413632+00:00,02:53:30,ASML_202706_F,151.0,64,Sze-Yong Ng,CapableCoyotes,sell
2026-07-08T16:53:37.413632+00:00,02:53:30,ASML_202706_F,150.7,86,BoundlessBisons,CapableCoyotes,sell
2026-07-08T16:53:37.413632+00:00,02:53:30,SAP_DUAL,65.6,41,HomelyHerrings,GroovyGrapefruits,sell
2026-07-08T16:53:37.413632+00:00,02:53:30,NVDA,66.6,20,Aaron Tian,BrilliantBurritos,sell
2026-07-08T16:53:43.184632+00:00,02:53:31,AAPL,188.2,200,YieldingYams,WavyWalnuts,sell
2026-07-08T16:53:43.184632+00:00,02:53:31,ASML_202612_050P,24.4,10,EssentialEagles,Aaron Tian,buy
2026-07-08T16:53:43.184632+00:00,02:53:31,ASML_202612_050P,24.5,42,EssentialEagles,GenerousGeckos,buy
2026-07-08T16:53:43.184632+00:00,02:53:31,OB5X_202612_080P,7.6,10,Aaron Tian,VersatileVinegars,buy
2026-07-08T16:53:43.184632+00:00,02:53:31,OB5X_ETF,65.4,223,MarvelousMilkshakes,KindlyKales,sell
2026-07-08T16:53:43.184632+00:00,02:53:31,OB5X_202612_080P,7.6,40,ScholarlySpearmints,VersatileVinegars,buy
2026-07-08T16:53:43.184632+00:00,02:53:31,OB5X_202612_080P,7.7,1,ScholarlySpearmints,TactfulTangerines,buy
2026-07-08T16:53:43.184632+00:00,02:53:31,ASML_DUAL,150.0,47,CostlyCorianders,DiligentDonuts,buy
2026-07-08T16:53:43.184632+00:00,02:53:31,OB5X_202612_120P,19.3,43,VersatileVinegars,ScholarlySpearmints,sell
2026-07-08T16:53:43.184632+00:00,02:53:31,ASML_202612_F,148.3,50,BoundlessBisons,CapableCoyotes,buy
2026-07-08T16:53:43.184632+00:00,02:53:31,ASML_DUAL,150.0,3,Xuanyu Liu,DiligentDonuts,buy
2026-07-08T16:53:43.184632+00:00,02:53:31,ASML,150.3,3,WavyWalnuts,Xuanyu Liu,sell
2026-07-08T16:53:43.184632+00:00,02:53:31,OB5X_202612_100P,12.7,10,ScholarlySpearmints,Aaron Tian,buy
2026-07-08T16:53:43.184632+00:00,02:53:31,SAP,66.2,500,YieldingYams,AverageAlmonds,buy
2026-07-08T16:53:43.184632+00:00,02:53:31,SAP,66.2,125,YieldingYams,WavyWalnuts,buy
2026-07-08T16:53:43.184632+00:00,02:53:31,ASML_202703_F,149.3,50,BoundlessBisons,CapableCoyotes,buy
2026-07-08T16:53:45.276632+00:00,02:53:31,ASML_DUAL,150.0,9,FlawlessFlatbreads,DiligentDonuts,buy
2026-07-08T16:53:45.276632+00:00,02:53:31,ASML_DUAL,150.1,41,FlawlessFlatbreads,EarnestEspressos,buy
2026-07-08T16:53:45.276632+00:00,02:53:31,TSLA,8.1,10,Aaron Tian,YieldingYams,sell
2026-07-08T16:53:45.276632+00:00,02:53:31,TSLA,8.1,200,Sze-Yong Ng,YieldingYams,sell
2026-07-08T16:53:45.276632+00:00,02:53:31,TSLA,8.1,200,WavyWalnuts,YieldingYams,sell
2026-07-08T16:53:45.276632+00:00,02:53:31,ASML_202612_050C,125.3,10,EssentialEagles,Aaron Tian,buy
2026-07-08T16:53:45.276632+00:00,02:53:31,ASML_202612_050C,125.5,46,EssentialEagles,GenerousGeckos,buy
2026-07-08T16:53:45.276632+00:00,02:53:32,AAPL,188.3,500,AverageAlmonds,YieldingYams,buy
2026-07-08T16:53:45.276632+00:00,02:53:32,ASML_DUAL,149.6,41,EarnestEspressos,CostlyCorianders,sell
2026-07-08T16:53:45.276632+00:00,02:53:32,TSLA,8.1,200,WavyWalnuts,YieldingYams,buy
2026-07-08T16:53:45.276632+00:00,02:53:32,OB5X_ETF,65.4,27,MarvelousMilkshakes,NecessaryNutmegs,sell
2026-07-08T16:53:45.276632+00:00,02:53:32,OB5X_ETF,65.4,473,LivelyLasagnas,NecessaryNutmegs,sell
2026-07-08T16:53:45.276632+00:00,02:53:32,AAPL,188.2,200,AverageAlmonds,WavyWalnuts,buy
2026-07-08T16:53:45.276632+00:00,02:53:32,OB5X_202612_120C,163.5,45,ScholarlySpearmints,VersatileVinegars,buy
2026-07-08T16:53:45.276632+00:00,02:53:32,SAP_DUAL,65.7,51,HomelyHerrings,GroovyGrapefruits,sell
2026-07-08T16:53:45.276632+00:00,02:53:32,NVDA,66.6,200,AverageAlmonds,WavyWalnuts,sell
2026-07-08T16:53:45.276632+00:00,02:53:32,OB5X_202612_120P,20.5,50,ScholarlySpearmints,VersatileVinegars,buy
2026-07-08T16:53:45.276632+00:00,02:53:32,OB5X_202612_120P,20.5,5,ScholarlySpearmints,TactfulTangerines,buy
2026-07-08T16:53:45.276632+00:00,02:53:32,SAP,66.1,30,Aaron Tian,YieldingYams,sell
2026-07-08T16:53:45.276632+00:00,02:53:32,SAP,66.1,200,WavyWalnuts,YieldingYams,sell
2026-07-08T16:53:45.276632+00:00,02:53:32,SAP,66.0,200,Sze-Yong Ng,YieldingYams,sell
2026-07-08T16:53:45.276632+00:00,02:53:33,OB5X_202612_100C,170.9,50,VersatileVinegars,ScholarlySpearmints,sell
2026-07-08T16:53:45.276632+00:00,02:53:33,OB5X_202612_100C,170.9,4,TactfulTangerines,ScholarlySpearmints,sell
2026-07-08T16:53:45.276632+00:00,02:53:33,ASML_202612_075P,41.9,10,EssentialEagles,Aaron Tian,buy
2026-07-08T16:53:45.276632+00:00,02:53:33,ASML_202612_075P,42.0,35,EssentialEagles,GenerousGeckos,buy
2026-07-08T16:53:45.276632+00:00,02:53:33,ASML_202612_050P,24.0,43,FortunateFerrets,EssentialEagles,sell
2026-07-08T16:53:45.276632+00:00,02:53:33,OB5X_202612_100P,12.6,55,TactfulTangerines,ScholarlySpearmints,sell
2026-07-08T16:53:45.276632+00:00,02:53:33,TSLA,8.1,30,YieldingYams,Aaron Tian,buy
2026-07-08T16:53:45.276632+00:00,02:53:33,TSLA,8.2,200,YieldingYams,WavyWalnuts,buy
2026-07-08T16:53:45.276632+00:00,02:53:33,TSLA,8.2,200,YieldingYams,Sze-Yong Ng,buy
2026-07-08T16:53:45.276632+00:00,02:53:33,TSLA,8.2,195,YieldingYams,AverageAlmonds,buy
2026-07-08T16:53:45.276632+00:00,02:53:33,NVDA,66.7,30,AverageAlmonds,Aaron Tian,buy
2026-07-08T16:53:45.276632+00:00,02:53:33,NVDA,66.7,470,AverageAlmonds,YieldingYams,buy
2026-07-08T16:53:45.276632+00:00,02:53:33,AAPL,188.2,200,YieldingYams,WavyWalnuts,sell
2026-07-08T16:53:45.276632+00:00,02:53:33,ASML_DUAL,150.0,47,DiligentDonuts,CostlyCorianders,sell
2026-07-08T16:53:45.276632+00:00,02:53:33,SAP_DUAL,66.2,49,GroovyGrapefruits,HomelyHerrings,buy
2026-07-08T16:53:45.276632+00:00,02:53:33,ASML_202612_F,149.1,100,CapableCoyotes,BoundlessBisons,buy
2026-07-08T16:53:45.276632+00:00,02:53:33,ASML_202612_F,149.2,50,DownrightDogfish,Sze-Yong Ng,buy
2026-07-08T16:53:45.276632+00:00,02:53:33,NVDA,66.7,155,AverageAlmonds,YieldingYams,buy
2026-07-08T16:53:45.276632+00:00,02:53:33,NVDA,66.7,200,AverageAlmonds,Shen Jiang,buy
2026-07-08T16:53:45.276632+00:00,02:53:33,ASML_DUAL,150.0,50,DiligentDonuts,FlawlessFlatbreads,sell
2026-07-08T16:53:45.276632+00:00,02:53:33,ASML_202703_F,150.1,100,CapableCoyotes,BoundlessBisons,buy
2026-07-08T16:53:45.276632+00:00,02:53:34,SAP,66.0,195,WavyWalnuts,YieldingYams,buy
2026-07-08T16:53:45.276632+00:00,02:53:34,ASML_202703_F,150.2,50,DownrightDogfish,Sze-Yong Ng,buy
2026-07-08T16:53:45.276632+00:00,02:53:34,NVDA,66.7,145,AverageAlmonds,WavyWalnuts,sell
2026-07-08T16:53:45.276632+00:00,02:53:34,NVDA,66.5,55,YieldingYams,WavyWalnuts,sell
2026-07-08T16:53:45.276632+00:00,02:53:34,NVDA,66.8,200,YieldingYams,Sze-Yong Ng,buy
2026-07-08T16:53:45.276632+00:00,02:53:34,SAP_DUAL,66.2,50,JazzyJellies,HomelyHerrings,buy
2026-07-08T16:53:45.276632+00:00,02:53:34,ASML_202706_F,151.2,50,DownrightDogfish,BoundlessBisons,buy
2026-07-08T16:53:45.276632+00:00,02:53:34,ASML_202706_F,151.2,50,CapableCoyotes,BoundlessBisons,buy
2026-07-08T16:53:45.276632+00:00,02:53:34,OB5X_202703_F,268.6,50,RadiantRisottos,PowerfulPineapples,buy
2026-07-08T16:53:45.276632+00:00,02:53:34,SAP,66.1,200,YieldingYams,Sze-Yong Ng,buy
2026-07-08T16:53:45.276632+00:00,02:53:34,SAP,66.2,200,YieldingYams,WavyWalnuts,buy
2026-07-08T16:53:45.276632+00:00,02:53:34,SAP_DUAL,66.2,1,GroovyGrapefruits,HomelyHerrings,buy
2026-07-08T16:53:45.276632+00:00,02:53:34,SAP_DUAL,66.2,53,GroovyGrapefruits,InfiniteIcecreams,buy
2026-07-08T16:53:45.276632+00:00,02:53:34,ASML_202612_100C,112.1,10,EssentialEagles,Aaron Tian,buy
2026-07-08T16:53:45.276632+00:00,02:53:34,ASML_202612_100C,112.6,32,EssentialEagles,GenerousGeckos,buy
2026-07-08T16:53:45.276632+00:00,02:53:34,ASML_202612_050P,24.1,10,Aaron Tian,EssentialEagles,sell
2026-07-08T16:53:45.276632+00:00,02:53:34,ASML_202612_050P,24.0,38,FortunateFerrets,EssentialEagles,sell
2026-07-08T16:53:45.276632+00:00,02:53:34,TSLA,8.0,200,WavyWalnuts,YieldingYams,sell
2026-07-08T16:53:45.276632+00:00,02:53:34,TSLA,8.0,200,Shen Jiang,YieldingYams,sell
2026-07-08T16:53:45.276632+00:00,02:53:34,TSLA,8.0,200,Sze-Yong Ng,YieldingYams,sell
2026-07-08T16:53:45.276632+00:00,02:53:34,TSLA,8.0,25,AverageAlmonds,YieldingYams,sell
2026-07-08T16:53:45.276632+00:00,02:53:34,OB5X_ETF,65.5,208,KindlyKales,MarvelousMilkshakes,buy
2026-07-08T16:53:45.276632+00:00,02:53:34,OB5X_ETF,65.5,500,NecessaryNutmegs,MarvelousMilkshakes,buy
2026-07-08T16:53:45.276632+00:00,02:53:34,OB5X_202612_100P,13.5,10,Aaron Tian,VersatileVinegars,buy
2026-07-08T16:53:45.276632+00:00,02:53:34,TSLA,8.0,200,AverageAlmonds,WavyWalnuts,sell
2026-07-08T16:53:45.276632+00:00,02:53:35,AAPL,188.3,500,AverageAlmonds,YieldingYams,buy
2026-07-08T16:53:45.276632+00:00,02:53:35,SAP,66.2,225,YieldingYams,AverageAlmonds,sell
2026-07-08T16:53:45.276632+00:00,02:53:35,NVDA,66.8,200,YieldingYams,WavyWalnuts,sell
2026-07-08T16:53:45.276632+00:00,02:53:35,ASML_202612_075P,41.5,10,Aaron Tian,EssentialEagles,sell
2026-07-08T16:53:45.276632+00:00,02:53:35,ASML_202612_100P,60.2,41,FortunateFerrets,EssentialEagles,sell
2026-07-08T16:53:45.276632+00:00,02:53:35,NVDA,66.8,200,Shen Jiang,YieldingYams,sell
2026-07-08T16:53:45.276632+00:00,02:53:35,ASML_202612_050P,24.5,40,EssentialEagles,GenerousGeckos,buy
2026-07-08T16:53:45.276632+00:00,02:53:35,ASML_202612_050P,24.0,19,FortunateFerrets,EssentialEagles,sell
2026-07-08T16:53:45.276632+00:00,02:53:35,SAP,66.2,20,BrilliantBurritos,AverageAlmonds,buy
2026-07-08T16:53:45.276632+00:00,02:53:35,SAP_DUAL,66.1,48,InfiniteIcecreams,GroovyGrapefruits,sell
2026-07-08T16:53:45.276632+00:00,02:53:35,SAP,66.1,200,Sze-Yong Ng,YieldingYams,sell
2026-07-08T16:53:45.276632+00:00,02:53:35,SAP,66.1,200,WavyWalnuts,YieldingYams,sell
2026-07-08T16:53:45.276632+00:00,02:53:35,SAP,66.1,30,Aaron Tian,YieldingYams,sell
2026-07-08T16:53:45.276632+00:00,02:53:35,SAP_DUAL,66.1,14,InfiniteIcecreams,Xuanyu Liu,sell
2026-07-08T16:53:45.276632+00:00,02:53:35,SAP,66.0,14,Xuanyu Liu,YieldingYams,buy
2026-07-08T16:53:45.276632+00:00,02:53:35,AAPL,188.3,125,AverageAlmonds,YieldingYams,buy
2026-07-08T16:53:45.276632+00:00,02:53:35,AAPL,188.4,200,AverageAlmonds,WavyWalnuts,buy
2026-07-08T16:53:45.276632+00:00,02:53:35,TSLA,8.2,200,YieldingYams,Shen Jiang,buy
2026-07-08T16:53:45.276632+00:00,02:53:35,TSLA,8.2,425,YieldingYams,AverageAlmonds,buy
2026-07-08T16:53:45.276632+00:00,02:53:35,TSLA,8.1,30,Aaron Tian,WavyWalnuts,sell
2026-07-08T16:53:45.276632+00:00,02:53:35,AAPL,188.4,175,AverageAlmonds,WavyWalnuts,sell
2026-07-08T16:53:45.276632+00:00,02:53:35,AAPL,188.1,20,WavyWalnuts,BrilliantBurritos,sell
2026-07-08T16:53:45.276632+00:00,02:53:35,ASML_DUAL,150.3,42,CostlyCorianders,EarnestEspressos,buy
2026-07-08T16:53:45.276632+00:00,02:53:35,AAPL,188.3,25,YieldingYams,WavyWalnuts,buy
2026-07-08T16:53:45.276632+00:00,02:53:35,ASML,150.3,200,WavyWalnuts,YieldingYams,sell
2026-07-08T16:53:45.276632+00:00,02:53:36,ASML_DUAL,150.0,3,DiligentDonuts,FlawlessFlatbreads,sell
2026-07-08T16:53:45.276632+00:00,02:53:36,ASML_DUAL,149.8,47,EarnestEspressos,FlawlessFlatbreads,sell
2026-07-08T16:53:46.952176+00:00,02:53:36,OB5X_ETF,65.5,500,MarvelousMilkshakes,LivelyLasagnas,buy
2026-07-08T16:53:46.952176+00:00,02:53:36,ASML_202612_F,149.1,50,CapableCoyotes,DownrightDogfish,sell
2026-07-08T16:53:46.952176+00:00,02:53:36,ASML_202703_F,150.1,49,CapableCoyotes,AttentiveAntelopes,sell
2026-07-08T16:53:46.952176+00:00,02:53:36,ASML,150.3,20,BrilliantBurritos,YieldingYams,buy
2026-07-08T16:53:46.952176+00:00,02:53:36,ASML_202706_F,151.3,59,AttentiveAntelopes,Sze-Yong Ng,buy
2026-07-08T16:53:46.952176+00:00,02:53:36,ASML_202703_F,150.1,1,CapableCoyotes,DownrightDogfish,sell
2026-07-08T16:53:46.952176+00:00,02:53:36,ASML_202703_F,150.0,49,BoundlessBisons,DownrightDogfish,sell
2026-07-08T16:53:46.952176+00:00,02:53:36,SAP,66.0,181,WavyWalnuts,YieldingYams,buy
2026-07-08T16:53:46.952176+00:00,02:53:36,NVDA,66.7,30,Aaron Tian,WavyWalnuts,sell
2026-07-08T16:53:46.952176+00:00,02:53:36,NVDA,66.6,170,YieldingYams,WavyWalnuts,sell
2026-07-08T16:53:46.952176+00:00,02:53:36,ASML_202706_F,151.2,50,CapableCoyotes,DownrightDogfish,sell
2026-07-08T16:53:46.952176+00:00,02:53:36,ASML_202612_075P,42.0,15,EssentialEagles,GenerousGeckos,buy
2026-07-08T16:53:46.952176+00:00,02:53:36,ASML_202612_075P,42.0,41,EssentialEagles,FortunateFerrets,buy
2026-07-08T16:53:46.952176+00:00,02:53:36,ASML_202612_075C,117.5,50,GenerousGeckos,EssentialEagles,sell
2026-07-08T16:53:46.952176+00:00,02:53:36,ASML_202612_075C,117.5,4,FortunateFerrets,EssentialEagles,sell
2026-07-08T16:53:46.952176+00:00,02:53:36,OB5X_ETF,65.5,212,MarvelousMilkshakes,KindlyKales,sell
2026-07-08T16:53:46.952176+00:00,02:53:36,ASML_202612_050C,125.0,10,Aaron Tian,EssentialEagles,sell
2026-07-08T16:53:46.952176+00:00,02:53:36,ASML_202612_050C,124.7,38,GenerousGeckos,EssentialEagles,sell
2026-07-08T16:53:46.952176+00:00,02:53:36,OB5X_202612_120P,19.3,46,VersatileVinegars,ScholarlySpearmints,sell
2026-07-08T16:53:46.952176+00:00,02:53:37,TSLA,8.0,200,Shen Jiang,WavyWalnuts,sell
2026-07-08T16:53:46.952176+00:00,02:53:37,AAPL,188.5,200,AverageAlmonds,WavyWalnuts,sell
2026-07-08T16:53:46.952176+00:00,02:53:37,OB5X_202612_100P,12.6,50,VersatileVinegars,ScholarlySpearmints,sell
2026-07-08T16:53:46.952176+00:00,02:53:37,OB5X_202612_100P,12.5,8,TactfulTangerines,ScholarlySpearmints,sell
2026-07-08T16:53:46.952176+00:00,02:53:37,OB5X_202706_F,273.1,48,PowerfulPineapples,OriginalOlives,sell
2026-07-08T16:53:46.952176+00:00,02:53:37,ASML_202612_F,149.0,100,BoundlessBisons,CapableCoyotes,sell
2026-07-08T16:53:46.952176+00:00,02:53:37,ASML_202612_F,149.0,50,Sze-Yong Ng,CapableCoyotes,sell
2026-07-08T16:53:46.952176+00:00,02:53:37,ASML_202703_F,150.0,51,BoundlessBisons,CapableCoyotes,sell
2026-07-08T16:53:46.952176+00:00,02:53:37,ASML_202703_F,149.9,50,Sze-Yong Ng,CapableCoyotes,sell
2026-07-08T16:53:46.952176+00:00,02:53:37,NVDA,66.7,200,AverageAlmonds,WavyWalnuts,sell
2026-07-08T16:53:46.952176+00:00,02:53:37,ASML_DUAL,150.1,47,CostlyCorianders,DiligentDonuts,buy
2026-07-08T16:53:46.952176+00:00,02:53:37,ASML_202706_F,151.2,100,BoundlessBisons,CapableCoyotes,sell
2026-07-08T16:53:46.952176+00:00,02:53:37,ASML_202703_F,149.5,45,AttentiveAntelopes,CapableCoyotes,buy
2026-07-08T16:53:46.952176+00:00,02:53:38,ASML_DUAL,149.7,50,EarnestEspressos,FlawlessFlatbreads,sell
2026-07-08T16:53:46.952176+00:00,02:53:38,TSLA,8.0,200,YieldingYams,WavyWalnuts,sell
2026-07-08T16:53:46.952176+00:00,02:53:38,AAPL,188.4,200,AverageAlmonds,WavyWalnuts,sell
2026-07-08T16:53:46.952176+00:00,02:53:38,ASML_202612_F,148.2,50,BoundlessBisons,DownrightDogfish,sell
2026-07-08T16:53:46.952176+00:00,02:53:38,ASML_202703_F,149.2,50,BoundlessBisons,DownrightDogfish,sell
2026-07-08T16:53:46.952176+00:00,02:53:38,ASML_202706_F,150.4,50,BoundlessBisons,DownrightDogfish,sell
2026-07-08T16:53:46.952176+00:00,02:53:38,OB5X_ETF,65.5,38,MarvelousMilkshakes,NecessaryNutmegs,sell
2026-07-08T16:53:46.952176+00:00,02:53:38,NVDA,66.6,200,YieldingYams,WavyWalnuts,sell
2026-07-08T16:53:46.952176+00:00,02:53:38,TSLA,8.1,20,BrilliantBurritos,YieldingYams,buy
2026-07-08T16:53:46.952176+00:00,02:53:39,TSLA,8.0,200,YieldingYams,WavyWalnuts,sell
2026-07-08T16:53:46.952176+00:00,02:53:39,AAPL,188.4,200,YieldingYams,WavyWalnuts,sell
2026-07-08T16:53:49.037176+00:00,02:53:39,ASML_202703_F,149.5,4,AttentiveAntelopes,CapableCoyotes,buy
2026-07-08T16:53:49.037176+00:00,02:53:39,ASML_202703_F,149.7,42,AttentiveAntelopes,BoundlessBisons,buy
2026-07-08T16:53:49.037176+00:00,02:53:40,ASML,150.2,200,WavyWalnuts,YieldingYams,buy
2026-07-08T16:53:49.037176+00:00,02:53:40,NVDA,66.6,200,AverageAlmonds,WavyWalnuts,sell
2026-07-08T16:53:49.037176+00:00,02:53:40,OB5X_202612_100P,12.5,50,TactfulTangerines,ScholarlySpearmints,sell
2026-07-08T16:53:49.037176+00:00,02:53:40,OB5X_202612_F,265.3,54,QuirkyQuinoas,OriginalOlives,sell
2026-07-08T16:53:49.037176+00:00,02:53:40,OB5X_ETF,65.5,235,KindlyKales,MarvelousMilkshakes,buy
2026-07-08T16:53:49.037176+00:00,02:53:40,ASML_DUAL,149.7,50,DiligentDonuts,FlawlessFlatbreads,sell
2026-07-08T16:53:49.037176+00:00,02:53:40,ASML_202612_F,148.7,100,CapableCoyotes,BoundlessBisons,buy
2026-07-08T16:53:49.037176+00:00,02:53:40,SAP,66.1,500,YieldingYams,AverageAlmonds,buy
2026-07-08T16:53:49.037176+00:00,02:53:40,OB5X_202612_080P,7.3,10,Aaron Tian,ScholarlySpearmints,buy
2026-07-08T16:53:49.037176+00:00,02:53:40,ASML_202612_075P,41.9,10,EssentialEagles,Aaron Tian,buy
2026-07-08T16:53:49.037176+00:00,02:53:40,ASML_202612_075P,42.0,35,EssentialEagles,GenerousGeckos,buy
2026-07-08T16:53:49.037176+00:00,02:53:40,OB5X_ETF,65.5,500,NecessaryNutmegs,MarvelousMilkshakes,buy
2026-07-08T16:53:49.037176+00:00,02:53:40,ASML_202612_075P,41.4,40,FortunateFerrets,EssentialEagles,sell
2026-07-08T16:53:49.037176+00:00,02:53:40,ASML_202612_F,148.9,50,CapableCoyotes,DownrightDogfish,sell
2026-07-08T16:53:49.037176+00:00,02:53:40,ASML_202703_F,149.7,58,CapableCoyotes,BoundlessBisons,buy
2026-07-08T16:53:49.037176+00:00,02:53:40,ASML_202703_F,149.8,64,CapableCoyotes,Sze-Yong Ng,buy
2026-07-08T16:53:49.037176+00:00,02:53:40,ASML_202612_050P,24.4,48,EssentialEagles,FortunateFerrets,buy
2026-07-08T16:53:49.037176+00:00,02:53:41,ASML_202703_F,149.9,28,CapableCoyotes,DownrightDogfish,sell
2026-07-08T16:53:49.037176+00:00,02:53:41,ASML_202703_F,149.2,22,BoundlessBisons,DownrightDogfish,sell
2026-07-08T16:53:49.037176+00:00,02:53:41,ASML_202706_F,150.9,100,CapableCoyotes,BoundlessBisons,buy
2026-07-08T16:53:49.037176+00:00,02:53:41,ASML,150.3,8,YieldingYams,Lachy Miller,buy
2026-07-08T16:53:49.037176+00:00,02:53:41,ASML,150.4,500,YieldingYams,AverageAlmonds,buy
2026-07-08T16:53:49.037176+00:00,02:53:41,ASML_DUAL,149.9,23,Xuanyu Liu,EarnestEspressos,buy
2026-07-08T16:53:49.037176+00:00,02:53:41,ASML_202706_F,151.0,50,CapableCoyotes,DownrightDogfish,sell
2026-07-08T16:53:49.037176+00:00,02:53:41,ASML,150.4,23,YieldingYams,Xuanyu Liu,sell
2026-07-08T16:53:49.037176+00:00,02:53:41,ASML,150.4,94,YieldingYams,AverageAlmonds,sell
2026-07-08T16:53:49.037176+00:00,02:53:41,SAP,66.1,125,YieldingYams,AverageAlmonds,sell
2026-07-08T16:53:49.037176+00:00,02:53:41,SAP,66.1,200,WavyWalnuts,AverageAlmonds,buy
2026-07-08T16:53:49.037176+00:00,02:53:41,NVDA,66.6,20,AverageAlmonds,BrilliantBurritos,sell
2026-07-08T16:53:49.037176+00:00,02:53:41,SAP_DUAL,66.0,124,Shen Jiang,InfiniteIcecreams,sell
2026-07-08T16:53:49.037176+00:00,02:53:41,TSLA,8.0,20,YieldingYams,BrilliantBurritos,sell
2026-07-08T16:53:49.037176+00:00,02:53:41,NVDA,66.6,500,AverageAlmonds,YieldingYams,sell
2026-07-08T16:53:51.152174+00:00,02:53:41,ASML,150.1,20,WavyWalnuts,BrilliantBurritos,sell
2026-07-08T16:53:51.152174+00:00,02:53:42,SAP,65.8,30,YieldingYams,Aaron Tian,buy
2026-07-08T16:53:51.152174+00:00,02:53:42,SAP,65.9,200,YieldingYams,Sze-Yong Ng,buy
2026-07-08T16:53:51.152174+00:00,02:53:42,SAP_DUAL,66.0,1,Xuanyu Liu,InfiniteIcecreams,buy
2026-07-08T16:53:51.152174+00:00,02:53:42,SAP,65.9,1,YieldingYams,Xuanyu Liu,sell
2026-07-08T16:53:51.152174+00:00,02:53:42,ASML_202612_050P,24.0,45,GenerousGeckos,EssentialEagles,sell
2026-07-08T16:53:51.152174+00:00,02:53:42,TSLA,8.1,200,YieldingYams,Sze-Yong Ng,buy
2026-07-08T16:53:51.152174+00:00,02:53:42,TSLA,8.1,200,YieldingYams,WavyWalnuts,buy
2026-07-08T16:53:51.152174+00:00,02:53:42,TSLA,8.1,30,YieldingYams,Aaron Tian,buy
2026-07-08T16:53:51.152174+00:00,02:53:42,TSLA,8.1,195,YieldingYams,Shen Jiang,sell
2026-07-08T16:53:51.152174+00:00,02:53:42,ASML_DUAL,149.7,50,DiligentDonuts,FlawlessFlatbreads,sell
2026-07-08T16:53:51.152174+00:00,02:53:42,SAP,66.0,200,WavyWalnuts,YieldingYams,buy
2026-07-08T16:53:51.152174+00:00,02:53:42,NVDA,66.5,200,AverageAlmonds,WavyWalnuts,sell
2026-07-08T16:53:51.152174+00:00,02:53:42,OB5X_ETF,65.3,242,LivelyLasagnas,KindlyKales,sell
2026-07-08T16:53:51.152174+00:00,02:53:42,SAP_DUAL,65.7,50,HomelyHerrings,JazzyJellies,sell
2026-07-08T16:53:51.152174+00:00,02:53:42,OB5X_ETF,65.5,500,MarvelousMilkshakes,LivelyLasagnas,buy
2026-07-08T16:53:51.152174+00:00,02:53:42,ASML_202706_F,151.2,40,AttentiveAntelopes,BoundlessBisons,buy
2026-07-08T16:53:51.152174+00:00,02:53:42,ASML_DUAL,149.9,48,CostlyCorianders,EarnestEspressos,buy
2026-07-08T16:53:51.152174+00:00,02:53:42,SAP_DUAL,65.7,49,HomelyHerrings,GroovyGrapefruits,sell
2026-07-08T16:53:51.152174+00:00,02:53:42,OB5X_202612_120C,163.0,52,ScholarlySpearmints,TactfulTangerines,buy
2026-07-08T16:53:51.152174+00:00,02:53:42,OB5X_202612_120C,161.9,41,VersatileVinegars,ScholarlySpearmints,sell
2026-07-08T16:53:51.152174+00:00,02:53:43,OB5X_ETF,65.6,30,NecessaryNutmegs,Aaron Tian,buy
2026-07-08T16:53:51.152174+00:00,02:53:43,OB5X_ETF,65.7,470,NecessaryNutmegs,MarvelousMilkshakes,buy
2026-07-08T16:53:51.152174+00:00,02:53:43,TSLA,8.0,200,Sze-Yong Ng,WavyWalnuts,sell
2026-07-08T16:53:51.152174+00:00,02:53:43,NVDA,66.6,30,YieldingYams,Aaron Tian,buy
2026-07-08T16:53:51.152174+00:00,02:53:43,ASML_DUAL,149.7,47,EarnestEspressos,CostlyCorianders,sell
2026-07-08T16:53:51.152174+00:00,02:53:43,ASML_202612_075P,41.6,10,Aaron Tian,EssentialEagles,sell
2026-07-08T16:53:51.152174+00:00,02:53:43,ASML_202612_075P,41.4,36,GenerousGeckos,EssentialEagles,sell
2026-07-08T16:53:51.152174+00:00,02:53:43,ASML_202612_075C,118.0,10,EssentialEagles,Aaron Tian,buy
2026-07-08T16:53:51.152174+00:00,02:53:43,ASML_202612_075C,118.2,46,EssentialEagles,GenerousGeckos,buy
2026-07-08T16:53:51.152174+00:00,02:53:43,ASML_202612_050C,125.3,50,EssentialEagles,GenerousGeckos,buy
2026-07-08T16:53:51.152174+00:00,02:53:43,ASML_202612_050C,125.3,6,EssentialEagles,FortunateFerrets,buy
2026-07-08T16:53:51.152174+00:00,02:53:43,TSLA,8.0,500,AverageAlmonds,YieldingYams,sell
2026-07-08T16:53:51.152174+00:00,02:53:43,TSLA,7.9,30,Aaron Tian,YieldingYams,sell
2026-07-08T16:53:51.152174+00:00,02:53:43,TSLA,7.9,95,WavyWalnuts,YieldingYams,sell
2026-07-08T16:53:51.152174+00:00,02:53:43,NVDA,66.6,200,YieldingYams,WavyWalnuts,sell
2026-07-08T16:53:51.152174+00:00,02:53:43,ASML,150.2,200,YieldingYams,WavyWalnuts,buy
2026-07-08T16:53:51.152174+00:00,02:53:43,ASML,150.2,20,YieldingYams,BrilliantBurritos,sell
2026-07-08T16:53:51.152174+00:00,02:53:43,ASML_DUAL,149.9,48,CostlyCorianders,DiligentDonuts,buy
2026-07-08T16:53:51.152174+00:00,02:53:43,ASML_DUAL,149.7,41,EarnestEspressos,CostlyCorianders,sell
2026-07-08T16:53:51.152174+00:00,02:53:44,SAP_DUAL,66.0,1,Xuanyu Liu,InfiniteIcecreams,buy
2026-07-08T16:53:51.152174+00:00,02:53:44,SAP,65.9,1,YieldingYams,Xuanyu Liu,sell
2026-07-08T16:53:51.152174+00:00,02:53:44,ASML_202706_F,151.2,51,AttentiveAntelopes,BoundlessBisons,buy
2026-07-08T16:53:51.152174+00:00,02:53:44,ASML_202612_F,148.5,100,BoundlessBisons,CapableCoyotes,sell
2026-07-08T16:53:51.152174+00:00,02:53:44,TSLA,8.2,20,BrilliantBurritos,AverageAlmonds,buy
2026-07-08T16:53:51.152174+00:00,02:53:44,ASML_DUAL,149.7,50,EarnestEspressos,FlawlessFlatbreads,sell
2026-07-08T16:53:51.152174+00:00,02:53:44,OB5X_202612_120P,20.5,49,ScholarlySpearmints,VersatileVinegars,buy
2026-07-08T16:53:58.986470+00:00,02:53:44,NVDA,66.8,200,YieldingYams,Shen Jiang,buy
2026-07-08T16:53:58.986470+00:00,02:53:44,SAP_DUAL,66.0,24,JazzyJellies,InfiniteIcecreams,buy
2026-07-08T16:53:58.986470+00:00,02:53:44,SAP_DUAL,66.0,26,JazzyJellies,Shen Jiang,buy
2026-07-08T16:53:58.986470+00:00,02:53:44,ASML_202706_F,150.7,100,BoundlessBisons,CapableCoyotes,sell
2026-07-08T16:53:58.986470+00:00,02:53:44,ASML_202706_F,150.7,50,Sze-Yong Ng,CapableCoyotes,sell
2026-07-08T16:53:58.986470+00:00,02:53:44,SAP_DUAL,66.0,150,InfiniteIcecreams,Shen Jiang,buy
2026-07-08T16:53:58.986470+00:00,02:53:44,SAP_DUAL,66.0,8,Xuanyu Liu,Shen Jiang,buy
2026-07-08T16:53:58.986470+00:00,02:53:44,SAP,66.0,8,YieldingYams,Xuanyu Liu,sell
2026-07-08T16:53:58.986470+00:00,02:53:44,SAP,66.0,500,YieldingYams,AverageAlmonds,sell
2026-07-08T16:53:58.986470+00:00,02:53:44,NVDA,66.8,200,YieldingYams,WavyWalnuts,sell
2026-07-08T16:53:58.986470+00:00,02:53:45,OB5X_202706_F,273.0,100,QuirkyQuinoas,PowerfulPineapples,buy
2026-07-08T16:53:58.986470+00:00,02:53:45,ASML,150.3,200,WavyWalnuts,YieldingYams,sell
2026-07-08T16:53:58.986470+00:00,02:53:45,ASML,150.2,8,Lachy Miller,YieldingYams,sell
2026-07-08T16:53:58.986470+00:00,02:53:45,ASML_DUAL,149.7,12,EarnestEspressos,CostlyCorianders,sell
2026-07-08T16:53:58.986470+00:00,02:53:45,ASML_DUAL,149.6,8,Lachy Miller,CostlyCorianders,sell
2026-07-08T16:53:58.986470+00:00,02:53:45,ASML_DUAL,149.4,21,DiligentDonuts,CostlyCorianders,sell
2026-07-08T16:53:58.986470+00:00,02:53:45,OB5X_ETF,65.6,500,NecessaryNutmegs,LivelyLasagnas,buy
2026-07-08T16:53:58.986470+00:00,02:53:45,OB5X_202703_F,268.2,100,QuirkyQuinoas,PowerfulPineapples,buy
2026-07-08T16:53:58.986470+00:00,02:53:45,OB5X_202612_F,265.4,100,QuirkyQuinoas,PowerfulPineapples,buy
2026-07-08T16:53:58.986470+00:00,02:53:45,OB5X_ETF,65.7,237,KindlyKales,MarvelousMilkshakes,buy
2026-07-08T16:53:58.986470+00:00,02:53:45,ASML_202612_075P,42.0,58,EssentialEagles,FortunateFerrets,buy
2026-07-08T16:53:58.986470+00:00,02:53:45,TSLA,8.2,200,WavyWalnuts,Sze-Yong Ng,buy
2026-07-08T16:53:58.986470+00:00,02:53:45,ASML_202703_F,149.5,41,AttentiveAntelopes,CapableCoyotes,buy
2026-07-08T16:53:58.986470+00:00,02:53:45,ASML_202612_100P,60.9,50,EssentialEagles,GenerousGeckos,buy
2026-07-08T16:53:58.986470+00:00,02:53:45,ASML_202612_100P,61.0,2,EssentialEagles,FortunateFerrets,buy
2026-07-08T16:53:58.986470+00:00,02:53:45,ASML_202612_F,148.0,50,CapableCoyotes,DownrightDogfish,sell
2026-07-08T16:53:58.986470+00:00,02:53:45,OB5X_202612_120C,161.9,9,VersatileVinegars,ScholarlySpearmints,sell
2026-07-08T16:53:58.986470+00:00,02:53:45,OB5X_202612_120C,161.8,41,TactfulTangerines,ScholarlySpearmints,sell
2026-07-08T16:53:58.986470+00:00,02:53:45,ASML_202612_050C,124.8,10,Aaron Tian,EssentialEagles,sell
2026-07-08T16:53:58.986470+00:00,02:53:45,ASML_202612_050C,124.6,35,GenerousGeckos,EssentialEagles,sell
2026-07-08T16:53:58.986470+00:00,02:53:45,ASML_202703_F,149.4,50,Sze-Yong Ng,DownrightDogfish,sell
2026-07-08T16:53:58.986470+00:00,02:53:45,ASML_202706_F,150.7,9,Sze-Yong Ng,DownrightDogfish,sell
2026-07-08T16:53:58.986470+00:00,02:53:45,ASML_202706_F,150.1,41,CapableCoyotes,DownrightDogfish,sell
2026-07-08T16:53:58.986470+00:00,02:53:45,OB5X_202612_120P,20.5,1,ScholarlySpearmints,VersatileVinegars,buy
2026-07-08T16:53:58.986470+00:00,02:53:45,OB5X_202612_120P,20.5,42,ScholarlySpearmints,TactfulTangerines,buy
2026-07-08T16:53:58.986470+00:00,02:53:45,NVDA,66.8,30,Aaron Tian,YieldingYams,sell
2026-07-08T16:53:58.986470+00:00,02:53:45,NVDA,66.7,200,Sze-Yong Ng,YieldingYams,sell
2026-07-08T16:53:58.986470+00:00,02:53:45,NVDA,66.7,200,Shen Jiang,YieldingYams,sell
2026-07-08T16:53:58.986470+00:00,02:53:45,AAPL,188.5,20,WavyWalnuts,BrilliantBurritos,sell
2026-07-08T16:53:58.986470+00:00,02:53:45,OB5X_202612_100C,171.7,44,ScholarlySpearmints,TactfulTangerines,buy
2026-07-08T16:53:58.986470+00:00,02:53:46,SAP,66.0,30,Aaron Tian,YieldingYams,sell
2026-07-08T16:53:58.986470+00:00,02:53:46,SAP,65.9,200,Sze-Yong Ng,YieldingYams,sell
2026-07-08T16:53:58.986470+00:00,02:53:46,SAP,65.9,200,WavyWalnuts,YieldingYams,sell
2026-07-08T16:53:58.986470+00:00,02:53:46,ASML,150.2,200,WavyWalnuts,YieldingYams,buy
2026-07-08T16:53:58.986470+00:00,02:53:46,ASML,150.2,8,YieldingYams,Lachy Miller,buy
2026-07-08T16:53:58.986470+00:00,02:53:46,ASML_DUAL,149.5,23,Xuanyu Liu,EarnestEspressos,buy
2026-07-08T16:53:58.986470+00:00,02:53:46,ASML,150.2,23,YieldingYams,Xuanyu Liu,sell
2026-07-08T16:53:58.986470+00:00,02:53:46,ASML_202612_100C,111.6,48,FortunateFerrets,EssentialEagles,sell
2026-07-08T16:53:58.986470+00:00,02:53:46,TSLA,8.1,200,Sze-Yong Ng,WavyWalnuts,sell
2026-07-08T16:53:58.986470+00:00,02:53:46,SAP_DUAL,66.0,48,GroovyGrapefruits,HomelyHerrings,buy
2026-07-08T16:53:58.986470+00:00,02:53:46,AAPL,188.6,200,WavyWalnuts,YieldingYams,buy
2026-07-08T16:53:58.986470+00:00,02:53:47,NVDA,66.6,200,YieldingYams,WavyWalnuts,buy
2026-07-08T16:53:58.986470+00:00,02:53:47,NVDA,66.7,200,YieldingYams,Shen Jiang,buy
2026-07-08T16:53:58.986470+00:00,02:53:47,NVDA,66.7,200,YieldingYams,Sze-Yong Ng,buy
2026-07-08T16:53:58.986470+00:00,02:53:47,OB5X_202612_120C,163.0,48,ScholarlySpearmints,TactfulTangerines,buy
2026-07-08T16:53:58.986470+00:00,02:53:47,OB5X_202612_120C,163.4,5,ScholarlySpearmints,VersatileVinegars,buy
2026-07-08T16:53:58.986470+00:00,02:53:47,SAP,65.9,195,WavyWalnuts,YieldingYams,buy
2026-07-08T16:53:58.986470+00:00,02:53:47,ASML_202706_F,150.8,49,AttentiveAntelopes,BoundlessBisons,buy
2026-07-08T16:53:58.986470+00:00,02:53:47,NVDA,66.7,25,YieldingYams,WavyWalnuts,sell
2026-07-08T16:53:58.986470+00:00,02:53:47,OB5X_ETF,65.7,500,MarvelousMilkshakes,NecessaryNutmegs,sell
2026-07-08T16:53:58.986470+00:00,02:53:47,OB5X_202612_120C,161.8,57,TactfulTangerines,ScholarlySpearmints,sell
2026-07-08T16:53:58.986470+00:00,02:53:47,ASML_202706_F,150.3,55,BoundlessBisons,AttentiveAntelopes,sell
2026-07-08T16:53:58.986470+00:00,02:53:47,SAP,66.1,500,YieldingYams,AverageAlmonds,buy
2026-07-08T16:53:58.986470+00:00,02:53:47,SAP,66.1,125,YieldingYams,WavyWalnuts,buy
2026-07-08T16:53:58.986470+00:00,02:53:47,OB5X_202612_120P,20.5,55,ScholarlySpearmints,TactfulTangerines,buy
2026-07-08T16:53:58.986470+00:00,02:53:47,ASML_202612_100C,112.1,10,EssentialEagles,Aaron Tian,buy
2026-07-08T16:53:58.986470+00:00,02:53:47,ASML_202612_100C,112.5,38,EssentialEagles,GenerousGeckos,buy
2026-07-08T16:53:58.986470+00:00,02:53:47,OB5X_202612_100C,171.7,56,ScholarlySpearmints,TactfulTangerines,buy
2026-07-08T16:53:58.986470+00:00,02:53:47,OB5X_202612_100C,172.0,1,ScholarlySpearmints,VersatileVinegars,buy
2026-07-08T16:53:58.986470+00:00,02:53:47,OB5X_202612_100P,12.5,42,VersatileVinegars,ScholarlySpearmints,sell
2026-07-08T16:53:58.986470+00:00,02:53:47,ASML_202612_F,148.4,50,CapableCoyotes,DownrightDogfish,sell
2026-07-08T16:53:58.986470+00:00,02:53:47,TSLA,8.1,200,WavyWalnuts,YieldingYams,buy
2026-07-08T16:53:58.986470+00:00,02:53:48,ASML_202703_F,149.4,14,Sze-Yong Ng,DownrightDogfish,sell
2026-07-08T16:53:58.986470+00:00,02:53:48,ASML_202703_F,149.4,36,CapableCoyotes,DownrightDogfish,sell
2026-07-08T16:53:58.986470+00:00,02:53:48,ASML_202706_F,150.6,50,CapableCoyotes,DownrightDogfish,sell
2026-07-08T16:53:58.986470+00:00,02:53:48,SAP_DUAL,65.6,48,HomelyHerrings,GroovyGrapefruits,sell
2026-07-08T16:53:58.986470+00:00,02:53:48,TSLA,8.1,425,AverageAlmonds,YieldingYams,buy
2026-07-08T16:53:58.986470+00:00,02:53:48,TSLA,8.1,75,AverageAlmonds,Sze-Yong Ng,buy
2026-07-08T16:53:58.986470+00:00,02:53:48,NVDA,66.6,200,Shen Jiang,YieldingYams,sell
2026-07-08T16:53:58.986470+00:00,02:53:48,OB5X_202706_F,273.1,100,PowerfulPineapples,QuirkyQuinoas,sell
2026-07-08T16:53:58.986470+00:00,02:53:48,OB5X_202612_100C,171.0,48,TactfulTangerines,ScholarlySpearmints,buy
2026-07-08T16:53:58.986470+00:00,02:53:48,ASML_DUAL,149.5,50,FlawlessFlatbreads,EarnestEspressos,buy
2026-07-08T16:53:58.986470+00:00,02:53:48,ASML_202612_F,148.4,52,CapableCoyotes,AttentiveAntelopes,sell
2026-07-08T16:53:58.986470+00:00,02:53:48,ASML_DUAL,149.5,47,CostlyCorianders,EarnestEspressos,buy
2026-07-08T16:53:58.986470+00:00,02:53:48,OB5X_202703_F,268.3,100,PowerfulPineapples,QuirkyQuinoas,sell
2026-07-08T16:53:58.986470+00:00,02:53:48,ASML_DUAL,149.5,30,DiligentDonuts,EarnestEspressos,buy
2026-07-08T16:53:58.986470+00:00,02:53:48,SAP_DUAL,66.1,40,GroovyGrapefruits,HomelyHerrings,buy
2026-07-08T16:53:58.986470+00:00,02:53:48,ASML_202612_100C,111.6,49,FortunateFerrets,EssentialEagles,sell
2026-07-08T16:53:58.986470+00:00,02:53:48,TSLA,8.1,30,YieldingYams,Aaron Tian,buy
2026-07-08T16:53:58.986470+00:00,02:53:48,TSLA,8.2,5,YieldingYams,Shen Jiang,buy
2026-07-08T16:53:58.986470+00:00,02:53:48,TSLA,8.2,200,YieldingYams,WavyWalnuts,buy
2026-07-08T16:53:58.986470+00:00,02:53:48,TSLA,8.2,390,YieldingYams,AverageAlmonds,buy
2026-07-08T16:53:58.986470+00:00,02:53:48,ASML_202612_050P,24.4,10,EssentialEagles,Aaron Tian,buy
2026-07-08T16:53:58.986470+00:00,02:53:48,OB5X_ETF,65.7,30,Aaron Tian,MarvelousMilkshakes,sell
2026-07-08T16:53:58.986470+00:00,02:53:48,OB5X_ETF,65.6,500,LivelyLasagnas,MarvelousMilkshakes,sell
2026-07-08T16:53:58.986470+00:00,02:53:48,OB5X_202612_F,265.4,100,PowerfulPineapples,QuirkyQuinoas,sell
2026-07-08T16:53:58.986470+00:00,02:53:49,OB5X_202612_120P,19.4,41,TactfulTangerines,ScholarlySpearmints,sell
2026-07-08T16:53:58.986470+00:00,02:53:49,TSLA,8.2,200,WavyWalnuts,AverageAlmonds,buy
2026-07-08T16:53:58.986470+00:00,02:53:49,AAPL,188.6,200,WavyWalnuts,YieldingYams,buy
2026-07-08T16:53:58.986470+00:00,02:53:49,ASML_DUAL,149.6,48,DiligentDonuts,CostlyCorianders,sell
2026-07-08T16:53:58.986470+00:00,02:53:49,OB5X_202612_F,265.1,50,PowerfulPineapples,QuirkyQuinoas,buy
2026-07-08T16:53:58.986470+00:00,02:53:49,ASML_DUAL,149.9,12,EarnestEspressos,Xuanyu Liu,sell
2026-07-08T16:53:58.986470+00:00,02:53:49,OB5X_ETF,65.4,500,MarvelousMilkshakes,NecessaryNutmegs,sell
2026-07-08T16:53:58.986470+00:00,02:53:49,ASML,150.5,12,Xuanyu Liu,WavyWalnuts,buy
2026-07-08T16:53:58.986470+00:00,02:53:49,NVDA,66.5,200,Sze-Yong Ng,WavyWalnuts,sell
2026-07-08T16:53:58.986470+00:00,02:53:49,ASML_DUAL,149.9,11,EarnestEspressos,Xuanyu Liu,sell
2026-07-08T16:53:58.986470+00:00,02:53:49,ASML,150.4,11,Xuanyu Liu,WavyWalnuts,buy
2026-07-08T16:53:58.986470+00:00,02:53:49,NVDA,66.6,30,YieldingYams,Aaron Tian,buy
2026-07-08T16:53:58.986470+00:00,02:53:49,SAP_DUAL,65.6,52,HomelyHerrings,GroovyGrapefruits,sell
2026-07-08T16:53:58.986470+00:00,02:53:49,SAP_DUAL,65.6,6,InfiniteIcecreams,GroovyGrapefruits,sell
2026-07-08T16:53:58.986470+00:00,02:53:50,ASML_202612_100C,112.5,49,EssentialEagles,FortunateFerrets,buy
2026-07-08T16:53:58.986470+00:00,02:53:50,ASML_202612_100C,112.0,10,Aaron Tian,EssentialEagles,sell
2026-07-08T16:53:58.986470+00:00,02:53:50,ASML_DUAL,149.9,44,EarnestEspressos,CostlyCorianders,sell
2026-07-08T16:53:58.986470+00:00,02:53:50,ASML_202612_F,148.4,48,CapableCoyotes,DownrightDogfish,sell
2026-07-08T16:53:58.986470+00:00,02:53:50,ASML_202612_F,148.2,2,BoundlessBisons,DownrightDogfish,sell
2026-07-08T16:53:58.986470+00:00,02:53:50,TSLA,8.1,75,Sze-Yong Ng,YieldingYams,sell
2026-07-08T16:53:58.986470+00:00,02:53:50,TSLA,8.1,500,AverageAlmonds,YieldingYams,sell
2026-07-08T16:53:58.986470+00:00,02:53:50,ASML_202612_100P,60.6,10,EssentialEagles,Aaron Tian,buy
2026-07-08T16:53:58.986470+00:00,02:53:50,ASML_202612_100P,61.0,46,EssentialEagles,GenerousGeckos,buy
2026-07-08T16:53:58.986470+00:00,02:53:50,ASML_202612_050C,125.2,10,EssentialEagles,Aaron Tian,buy
2026-07-08T16:53:58.986470+00:00,02:53:50,ASML_202612_050C,125.4,31,EssentialEagles,GenerousGeckos,buy
2026-07-08T16:53:58.986470+00:00,02:53:50,ASML_202703_F,149.4,50,CapableCoyotes,DownrightDogfish,sell
2026-07-08T16:53:58.986470+00:00,02:53:50,OB5X_202612_120C,162.0,50,VersatileVinegars,ScholarlySpearmints,sell
2026-07-08T16:53:58.986470+00:00,02:53:50,OB5X_202612_120C,162.0,4,TactfulTangerines,ScholarlySpearmints,sell
2026-07-08T16:53:58.986470+00:00,02:53:50,OB5X_202706_F,272.7,50,RadiantRisottos,QuirkyQuinoas,buy
2026-07-08T16:53:58.986470+00:00,02:53:50,ASML_202706_F,150.6,50,CapableCoyotes,DownrightDogfish,sell
2026-07-08T16:53:58.986470+00:00,02:53:50,OB5X_202612_080C,190.7,50,ScholarlySpearmints,VersatileVinegars,buy
2026-07-08T16:53:58.986470+00:00,02:53:50,OB5X_202612_080C,190.7,2,ScholarlySpearmints,TactfulTangerines,buy
2026-07-08T16:53:58.986470+00:00,02:53:50,OB5X_202612_100C,171.1,46,TactfulTangerines,ScholarlySpearmints,sell
2026-07-08T16:53:58.986470+00:00,02:53:50,TSLA,8.1,50,AverageAlmonds,YieldingYams,buy
2026-07-08T16:53:58.986470+00:00,02:53:50,TSLA,8.1,200,AverageAlmonds,WavyWalnuts,buy
2026-07-08T16:53:58.986470+00:00,02:53:50,ASML,150.3,200,YieldingYams,WavyWalnuts,sell
2026-07-08T16:53:58.986470+00:00,02:53:50,NVDA,66.6,200,YieldingYams,WavyWalnuts,sell
2026-07-08T16:53:58.986470+00:00,02:53:51,SAP_DUAL,65.7,1,Xuanyu Liu,HomelyHerrings,buy
2026-07-08T16:53:58.986470+00:00,02:53:51,SAP,65.7,1,YieldingYams,Xuanyu Liu,sell
2026-07-08T16:53:58.986470+00:00,02:53:51,ASML_202612_F,148.2,98,BoundlessBisons,CapableCoyotes,sell
2026-07-08T16:53:58.986470+00:00,02:53:51,NVDA,66.6,500,AverageAlmonds,YieldingYams,buy
2026-07-08T16:53:58.986470+00:00,02:53:51,ASML_202703_F,149.3,100,BoundlessBisons,CapableCoyotes,sell
2026-07-08T16:53:58.986470+00:00,02:53:51,TSLA,8.2,200,YieldingYams,Sze-Yong Ng,buy
2026-07-08T16:53:58.986470+00:00,02:53:51,TSLA,8.2,425,YieldingYams,AverageAlmonds,buy
2026-07-08T16:54:01.078470+00:00,02:53:51,OB5X_ETF,65.5,500,LivelyLasagnas,NecessaryNutmegs,sell
2026-07-08T16:54:01.078470+00:00,02:53:51,ASML_202612_100C,111.7,50,GenerousGeckos,EssentialEagles,sell
2026-07-08T16:54:01.078470+00:00,02:53:51,ASML_202612_100C,111.6,3,FortunateFerrets,EssentialEagles,sell
2026-07-08T16:54:01.078470+00:00,02:53:51,TSLA,8.0,200,AverageAlmonds,WavyWalnuts,sell
2026-07-08T16:54:01.078470+00:00,02:53:51,AAPL,188.6,200,WavyWalnuts,YieldingYams,buy
2026-07-08T16:54:01.078470+00:00,02:53:51,ASML_202706_F,150.5,100,BoundlessBisons,CapableCoyotes,sell
2026-07-08T16:54:01.078470+00:00,02:53:51,SAP_DUAL,65.7,51,GroovyGrapefruits,HomelyHerrings,buy
2026-07-08T16:54:01.078470+00:00,02:53:51,AAPL,188.4,20,YieldingYams,BrilliantBurritos,sell
2026-07-08T16:54:01.078470+00:00,02:53:51,OB5X_202612_080C,189.6,50,VersatileVinegars,ScholarlySpearmints,sell
2026-07-08T16:54:01.078470+00:00,02:53:51,OB5X_202612_080C,189.6,6,TactfulTangerines,ScholarlySpearmints,sell
2026-07-08T16:54:01.078470+00:00,02:53:51,OB5X_202612_120P,20.5,44,ScholarlySpearmints,VersatileVinegars,buy
2026-07-08T16:54:01.078470+00:00,02:53:52,SAP,65.7,200,AverageAlmonds,WavyWalnuts,sell
2026-07-08T16:54:01.078470+00:00,02:53:52,ASML,150.4,200,YieldingYams,WavyWalnuts,sell
2026-07-08T16:54:01.078470+00:00,02:53:52,NVDA,66.5,30,Aaron Tian,WavyWalnuts,sell
2026-07-08T16:54:01.078470+00:00,02:53:52,NVDA,66.5,170,AverageAlmonds,WavyWalnuts,sell
2026-07-08T16:54:01.078470+00:00,02:53:52,OB5X_ETF,65.5,201,MarvelousMilkshakes,KindlyKales,sell
2026-07-08T16:54:01.078470+00:00,02:53:52,ASML,150.5,20,BrilliantBurritos,AverageAlmonds,buy
2026-07-08T16:54:01.078470+00:00,02:53:52,ASML_202612_F,148.2,50,DownrightDogfish,CapableCoyotes,buy
2026-07-08T16:54:01.078470+00:00,02:53:52,ASML_202703_F,149.3,50,DownrightDogfish,CapableCoyotes,buy
2026-07-08T16:54:01.078470+00:00,02:53:52,SAP,65.8,30,YieldingYams,Aaron Tian,buy
2026-07-08T16:54:01.078470+00:00,02:53:52,SAP,65.8,200,YieldingYams,Sze-Yong Ng,buy
2026-07-08T16:54:01.078470+00:00,02:53:52,SAP_DUAL,65.7,3,Xuanyu Liu,HomelyHerrings,buy
2026-07-08T16:54:01.078470+00:00,02:53:52,SAP,65.8,3,YieldingYams,Xuanyu Liu,sell
2026-07-08T16:54:01.078470+00:00,02:53:52,ASML_202706_F,150.4,50,DownrightDogfish,CapableCoyotes,buy
2026-07-08T16:54:01.078470+00:00,02:53:52,TSLA,8.1,30,Aaron Tian,WavyWalnuts,sell
2026-07-08T16:54:01.078470+00:00,02:53:52,TSLA,8.1,170,Sze-Yong Ng,WavyWalnuts,sell
2026-07-08T16:54:01.078470+00:00,02:53:52,ASML_202612_075P,41.8,10,EssentialEagles,Aaron Tian,buy
2026-07-08T16:54:01.078470+00:00,02:53:52,TSLA,8.1,30,Sze-Yong Ng,YieldingYams,sell
2026-07-08T16:54:01.078470+00:00,02:53:52,TSLA,8.1,500,AverageAlmonds,YieldingYams,sell
2026-07-08T16:54:01.078470+00:00,02:53:52,TSLA,8.0,95,Shen Jiang,YieldingYams,sell
2026-07-08T16:54:01.078470+00:00,02:53:53,SAP_DUAL,65.7,45,JazzyJellies,HomelyHerrings,buy
2026-07-08T16:54:01.078470+00:00,02:53:53,SAP_DUAL,65.8,5,JazzyJellies,Shen Jiang,buy
2026-07-08T16:54:01.078470+00:00,02:53:53,OB5X_ETF,65.5,500,MarvelousMilkshakes,LivelyLasagnas,sell
2026-07-08T16:54:01.078470+00:00,02:53:53,SAP,65.8,200,YieldingYams,WavyWalnuts,sell
2026-07-08T16:54:01.078470+00:00,02:53:53,ASML,150.4,200,WavyWalnuts,YieldingYams,buy
2026-07-08T16:54:01.078470+00:00,02:53:53,OB5X_ETF,65.5,49,MarvelousMilkshakes,NecessaryNutmegs,sell
2026-07-08T16:54:01.078470+00:00,02:53:53,OB5X_ETF,65.5,30,Aaron Tian,NecessaryNutmegs,sell
2026-07-08T16:54:01.078470+00:00,02:53:53,OB5X_ETF,65.3,421,LivelyLasagnas,NecessaryNutmegs,sell
2026-07-08T16:54:01.078470+00:00,02:53:53,SAP_DUAL,65.5,55,Shen Jiang,GroovyGrapefruits,sell
2026-07-08T16:54:01.078470+00:00,02:53:53,TSLA,8.0,105,Shen Jiang,WavyWalnuts,sell
2026-07-08T16:54:01.078470+00:00,02:53:53,TSLA,8.0,95,AverageAlmonds,WavyWalnuts,sell
2026-07-08T16:54:01.078470+00:00,02:53:54,ASML_202612_100C,111.9,10,Aaron Tian,EssentialEagles,sell
2026-07-08T16:54:01.078470+00:00,02:53:54,ASML_202612_100C,111.6,33,FortunateFerrets,EssentialEagles,sell
2026-07-08T16:54:01.078470+00:00,02:53:54,ASML_202612_100P,60.8,10,EssentialEagles,Aaron Tian,buy
2026-07-08T16:54:05.228470+00:00,02:53:54,ASML_202612_050P,24.1,10,Aaron Tian,EssentialEagles,sell
2026-07-08T16:54:05.228470+00:00,02:53:54,ASML_202612_050P,24.0,30,GenerousGeckos,EssentialEagles,sell
2026-07-08T16:54:05.228470+00:00,02:53:54,TSLA,8.2,200,YieldingYams,Sze-Yong Ng,buy
2026-07-08T16:54:05.228470+00:00,02:53:54,TSLA,8.2,425,YieldingYams,AverageAlmonds,buy
2026-07-08T16:54:05.228470+00:00,02:53:54,AAPL,188.5,200,WavyWalnuts,YieldingYams,sell
2026-07-08T16:54:05.228470+00:00,02:53:54,NVDA,66.7,30,WavyWalnuts,Aaron Tian,buy
2026-07-08T16:54:05.228470+00:00,02:53:54,NVDA,66.7,170,WavyWalnuts,YieldingYams,buy
2026-07-08T16:54:05.228470+00:00,02:53:54,ASML_202706_F,150.5,46,AttentiveAntelopes,BoundlessBisons,buy
2026-07-08T16:54:05.228470+00:00,02:53:54,ASML_202612_F,148.2,100,CapableCoyotes,BoundlessBisons,buy
2026-07-08T16:54:05.228470+00:00,02:53:54,ASML_202612_F,148.3,50,CapableCoyotes,Sze-Yong Ng,buy
2026-07-08T16:54:05.228470+00:00,02:53:54,SAP_DUAL,65.9,51,GroovyGrapefruits,Shen Jiang,buy
2026-07-08T16:54:05.228470+00:00,02:53:54,ASML_202612_F,149.3,50,DownrightDogfish,CapableCoyotes,buy
2026-07-08T16:54:05.228470+00:00,02:53:54,ASML_202703_F,149.2,100,CapableCoyotes,BoundlessBisons,buy
2026-07-08T16:54:05.228470+00:00,02:53:54,OB5X_202612_100C,172.0,42,ScholarlySpearmints,VersatileVinegars,buy
2026-07-08T16:54:05.228470+00:00,02:53:54,ASML_DUAL,150.0,50,FlawlessFlatbreads,DiligentDonuts,buy
2026-07-08T16:54:05.228470+00:00,02:53:55,NVDA,66.7,200,YieldingYams,Sze-Yong Ng,buy
2026-07-08T16:54:05.228470+00:00,02:53:55,NVDA,66.7,200,YieldingYams,Shen Jiang,buy
2026-07-08T16:54:05.228470+00:00,02:53:55,ASML_202706_F,150.5,50,DownrightDogfish,BoundlessBisons,buy
2026-07-08T16:54:05.228470+00:00,02:53:55,ASML_202706_F,150.5,4,CapableCoyotes,BoundlessBisons,buy
2026-07-08T16:54:05.228470+00:00,02:53:55,ASML_202706_F,150.6,64,CapableCoyotes,Sze-Yong Ng,buy
2026-07-08T16:54:05.228470+00:00,02:53:55,SAP_DUAL,65.9,50,JazzyJellies,InfiniteIcecreams,buy
2026-07-08T16:54:05.228470+00:00,02:53:55,TSLA,8.1,200,Sze-Yong Ng,WavyWalnuts,sell
2026-07-08T16:54:05.228470+00:00,02:53:55,AAPL,188.5,200,WavyWalnuts,YieldingYams,buy
2026-07-08T16:54:05.228470+00:00,02:53:55,ASML_202612_075C,117.9,10,Aaron Tian,EssentialEagles,sell
2026-07-08T16:54:05.228470+00:00,02:53:55,ASML_202612_050C,125.0,10,Aaron Tian,EssentialEagles,sell
2026-07-08T16:54:05.228470+00:00,02:53:55,SAP_DUAL,65.9,53,GroovyGrapefruits,InfiniteIcecreams,buy
2026-07-08T16:54:05.228470+00:00,02:53:55,TSLA,8.1,500,AverageAlmonds,YieldingYams,sell
2026-07-08T16:54:05.228470+00:00,02:53:55,TSLA,8.0,30,Aaron Tian,YieldingYams,sell
2026-07-08T16:54:05.228470+00:00,02:53:55,TSLA,7.9,95,WavyWalnuts,YieldingYams,sell
2026-07-08T16:54:05.228470+00:00,02:53:55,ASML,150.4,500,YieldingYams,AverageAlmonds,buy
2026-07-08T16:54:05.228470+00:00,02:53:55,OB5X_202703_F,268.5,53,OriginalOlives,PowerfulPineapples,buy
2026-07-08T16:54:05.228470+00:00,02:53:55,NVDA,66.8,20,BrilliantBurritos,WavyWalnuts,buy
2026-07-08T16:54:05.228470+00:00,02:53:55,OB5X_ETF,65.4,30,NecessaryNutmegs,Aaron Tian,buy
2026-07-08T16:54:05.228470+00:00,02:53:55,OB5X_ETF,65.5,470,NecessaryNutmegs,MarvelousMilkshakes,buy
2026-07-08T16:54:05.228470+00:00,02:53:55,ASML,150.4,125,YieldingYams,AverageAlmonds,sell
2026-07-08T16:54:05.228470+00:00,02:53:55,ASML,150.3,200,WavyWalnuts,AverageAlmonds,sell
2026-07-08T16:54:05.228470+00:00,02:53:55,ASML,150.3,8,Lachy Miller,AverageAlmonds,sell
2026-07-08T16:54:05.228470+00:00,02:53:55,ASML,150.3,167,WavyWalnuts,AverageAlmonds,buy
2026-07-08T16:54:08.943045+00:00,02:53:56,OB5X_202612_080C,189.5,50,VersatileVinegars,ScholarlySpearmints,sell
2026-07-08T16:54:08.943045+00:00,02:53:56,OB5X_202612_080C,189.5,2,TactfulTangerines,ScholarlySpearmints,sell
2026-07-08T16:54:08.943045+00:00,02:53:56,ASML,150.3,33,WavyWalnuts,AverageAlmonds,sell
2026-07-08T16:54:08.943045+00:00,02:53:56,ASML,150.3,8,Lachy Miller,AverageAlmonds,sell
2026-07-08T16:54:08.943045+00:00,02:53:56,TSLA,8.1,200,AverageAlmonds,WavyWalnuts,sell
2026-07-08T16:54:08.943045+00:00,02:53:56,ASML_DUAL,149.8,8,EarnestEspressos,Xuanyu Liu,sell
2026-07-08T16:54:08.943045+00:00,02:53:56,ASML,150.1,8,Xuanyu Liu,Lachy Miller,buy
2026-07-08T16:54:08.943045+00:00,02:53:56,SAP,65.8,200,Sze-Yong Ng,WavyWalnuts,sell
2026-07-08T16:54:08.943045+00:00,02:53:57,ASML_DUAL,150.1,50,FlawlessFlatbreads,DiligentDonuts,buy
2026-07-08T16:54:08.943045+00:00,02:53:57,ASML_202612_F,148.9,50,DownrightDogfish,BoundlessBisons,buy
2026-07-08T16:54:08.943045+00:00,02:53:57,SAP_DUAL,65.9,47,JazzyJellies,InfiniteIcecreams,buy
2026-07-08T16:54:08.943045+00:00,02:53:57,SAP_DUAL,66.0,3,JazzyJellies,Shen Jiang,buy
2026-07-08T16:54:08.943045+00:00,02:53:57,ASML_202703_F,150.0,50,DownrightDogfish,BoundlessBisons,buy
2026-07-08T16:54:08.943045+00:00,02:53:57,SAP_DUAL,66.0,12,InfiniteIcecreams,Shen Jiang,buy
2026-07-08T16:54:08.943045+00:00,02:53:57,SAP_DUAL,66.1,100,InfiniteIcecreams,HomelyHerrings,sell
2026-07-08T16:54:08.943045+00:00,02:53:57,ASML_202706_F,151.2,50,DownrightDogfish,BoundlessBisons,buy
2026-07-08T16:54:08.943045+00:00,02:53:57,SAP_DUAL,66.1,10,InfiniteIcecreams,Xuanyu Liu,sell
2026-07-08T16:54:08.943045+00:00,02:53:57,SAP,66.0,10,Xuanyu Liu,Aaron Tian,buy
2026-07-08T16:54:08.943045+00:00,02:53:57,TSLA,8.2,30,WavyWalnuts,Aaron Tian,buy
2026-07-08T16:54:08.943045+00:00,02:53:57,TSLA,8.2,170,WavyWalnuts,Sze-Yong Ng,buy
2026-07-08T16:54:08.943045+00:00,02:53:57,OB5X_ETF,65.5,218,KindlyKales,MarvelousMilkshakes,buy
2026-07-08T16:54:08.943045+00:00,02:53:57,ASML_202612_F,148.9,47,AttentiveAntelopes,BoundlessBisons,buy
2026-07-08T16:54:08.943045+00:00,02:53:58,TSLA,8.2,30,YieldingYams,Sze-Yong Ng,buy
2026-07-08T16:54:08.943045+00:00,02:53:58,TSLA,8.2,200,YieldingYams,Shen Jiang,buy
2026-07-08T16:54:08.943045+00:00,02:53:58,TSLA,8.2,395,YieldingYams,AverageAlmonds,buy
2026-07-08T16:54:08.943045+00:00,02:53:58,SAP,65.9,200,AverageAlmonds,WavyWalnuts,sell
2026-07-08T16:54:08.943045+00:00,02:53:58,ASML,150.2,200,YieldingYams,WavyWalnuts,sell
2026-07-08T16:54:08.943045+00:00,02:53:58,NVDA,66.8,200,WavyWalnuts,YieldingYams,buy
2026-07-08T16:54:08.943045+00:00,02:53:58,ASML_202612_100P,60.6,10,Aaron Tian,EssentialEagles,sell
2026-07-08T16:54:08.943045+00:00,02:53:58,ASML_202612_100P,60.2,48,GenerousGeckos,EssentialEagles,sell
2026-07-08T16:54:08.943045+00:00,02:53:58,ASML_202612_050P,24.4,10,EssentialEagles,Aaron Tian,buy
2026-07-08T16:54:08.943045+00:00,02:53:58,ASML_202612_050P,24.5,37,EssentialEagles,GenerousGeckos,buy
2026-07-08T16:54:08.943045+00:00,02:53:58,OB5X_ETF,65.5,500,MarvelousMilkshakes,LivelyLasagnas,buy
2026-07-08T16:54:08.943045+00:00,02:53:58,ASML_202703_F,149.5,100,BoundlessBisons,CapableCoyotes,sell
2026-07-08T16:54:08.943045+00:00,02:53:58,SAP,66.0,20,BrilliantBurritos,Sze-Yong Ng,buy
2026-07-08T16:54:08.943045+00:00,02:53:58,ASML_202706_F,150.7,100,BoundlessBisons,CapableCoyotes,sell
2026-07-08T16:54:08.943045+00:00,02:53:58,ASML,150.2,425,YieldingYams,AverageAlmonds,sell
2026-07-08T16:54:08.943045+00:00,02:53:58,ASML_DUAL,149.8,4,EarnestEspressos,Xuanyu Liu,sell
2026-07-08T16:54:08.943045+00:00,02:53:58,ASML,150.2,4,Xuanyu Liu,AverageAlmonds,buy
2026-07-08T16:54:08.943045+00:00,02:53:58,TSLA,8.1,200,AverageAlmonds,WavyWalnuts,sell
2026-07-08T16:54:08.943045+00:00,02:53:58,OB5X_202706_F,273.1,42,PowerfulPineapples,OriginalOlives,sell
2026-07-08T16:54:08.943045+00:00,02:53:59,TSLA,8.2,20,BrilliantBurritos,Aaron Tian,buy
2026-07-08T16:54:08.943045+00:00,02:53:59,OB5X_202612_080C,190.5,50,ScholarlySpearmints,VersatileVinegars,buy
2026-07-08T16:54:08.943045+00:00,02:53:59,OB5X_202612_120P,19.4,50,VersatileVinegars,ScholarlySpearmints,sell
2026-07-08T16:54:08.943045+00:00,02:53:59,OB5X_202612_120P,19.3,6,TactfulTangerines,ScholarlySpearmints,sell
2026-07-08T16:54:08.943045+00:00,02:53:59,ASML_DUAL,149.9,50,FlawlessFlatbreads,EarnestEspressos,buy
2026-07-08T16:54:08.943045+00:00,02:53:59,OB5X_202612_100P,12.6,10,ScholarlySpearmints,Aaron Tian,buy
2026-07-08T16:54:08.943045+00:00,02:53:59,OB5X_202612_100P,13.4,41,ScholarlySpearmints,VersatileVinegars,buy
2026-07-08T16:54:08.943045+00:00,02:53:59,SAP_DUAL,66.6,50,JazzyJellies,InfiniteIcecreams,buy
2026-07-08T16:54:08.943045+00:00,02:53:59,TSLA,8.1,500,AverageAlmonds,YieldingYams,sell
2026-07-08T16:54:08.943045+00:00,02:53:59,TSLA,8.1,125,Shen Jiang,YieldingYams,sell
2026-07-08T16:54:08.943045+00:00,02:53:59,ASML_202612_F,148.5,50,DownrightDogfish,CapableCoyotes,buy
2026-07-08T16:54:08.943045+00:00,02:53:59,ASML_202612_075P,41.6,10,Aaron Tian,EssentialEagles,sell
2026-07-08T16:54:08.943045+00:00,02:53:59,ASML_202612_075P,41.4,49,FortunateFerrets,EssentialEagles,sell
2026-07-08T16:54:08.943045+00:00,02:53:59,ASML_202703_F,149.5,50,DownrightDogfish,CapableCoyotes,buy
2026-07-08T16:54:08.943045+00:00,02:53:59,ASML_202706_F,150.7,50,DownrightDogfish,CapableCoyotes,buy
2026-07-08T16:54:08.943045+00:00,02:54:00,SAP_DUAL,66.1,28,InfiniteIcecreams,GroovyGrapefruits,sell
2026-07-08T16:54:08.943045+00:00,02:54:00,SAP_DUAL,66.1,30,Shen Jiang,GroovyGrapefruits,sell
2026-07-08T16:54:08.943045+00:00,02:54:00,OB5X_202612_080P,7.3,10,Aaron Tian,ScholarlySpearmints,buy
2026-07-08T16:54:08.943045+00:00,02:54:00,ASML_202612_050C,125.0,10,EssentialEagles,Aaron Tian,buy
2026-07-08T16:54:08.943045+00:00,02:54:00,ASML_202612_050C,125.5,30,EssentialEagles,GenerousGeckos,buy
2026-07-08T16:54:08.943045+00:00,02:54:00,NVDA,66.8,200,Sze-Yong Ng,WavyWalnuts,sell
2026-07-08T16:54:08.943045+00:00,02:54:00,OB5X_202612_080C,190.5,50,ScholarlySpearmints,VersatileVinegars,buy
2026-07-08T16:54:08.943045+00:00,02:54:00,OB5X_202612_080C,190.5,4,ScholarlySpearmints,TactfulTangerines,buy
2026-07-08T16:54:08.943045+00:00,02:54:00,ASML_202612_050P,24.1,10,Aaron Tian,EssentialEagles,sell
2026-07-08T16:54:08.943045+00:00,02:54:00,OB5X_202612_100P,13.4,10,Aaron Tian,TactfulTangerines,buy
2026-07-08T16:54:08.943045+00:00,02:54:00,TSLA,8.1,75,Shen Jiang,YieldingYams,sell
2026-07-08T16:54:08.943045+00:00,02:54:00,TSLA,8.1,200,WavyWalnuts,YieldingYams,sell
2026-07-08T16:54:08.943045+00:00,02:54:00,TSLA,8.1,200,Sze-Yong Ng,YieldingYams,sell
2026-07-08T16:54:08.943045+00:00,02:54:00,TSLA,8.1,150,AverageAlmonds,YieldingYams,sell
2026-07-08T16:54:08.943045+00:00,02:54:00,OB5X_202612_120P,20.5,48,ScholarlySpearmints,TactfulTangerines,buy
2026-07-08T16:54:08.943045+00:00,02:54:00,OB5X_202612_100P,13.4,41,ScholarlySpearmints,TactfulTangerines,buy
2026-07-08T16:54:08.943045+00:00,02:54:00,ASML,150.1,20,BrilliantBurritos,WavyWalnuts,buy
2026-07-08T16:54:08.943045+00:00,02:54:01,SAP_DUAL,66.0,44,HomelyHerrings,GroovyGrapefruits,sell
2026-07-08T16:54:08.943045+00:00,02:54:01,ASML_202612_F,148.3,50,Sze-Yong Ng,AttentiveAntelopes,sell
2026-07-08T16:54:08.943045+00:00,02:54:01,ASML_202612_F,148.2,9,BoundlessBisons,AttentiveAntelopes,sell
2026-07-08T16:54:08.943045+00:00,02:54:01,ASML_DUAL,149.9,50,FlawlessFlatbreads,EarnestEspressos,buy
2026-07-08T16:54:08.943045+00:00,02:54:01,SAP_DUAL,66.0,50,HomelyHerrings,JazzyJellies,sell
2026-07-08T16:54:08.943045+00:00,02:54:01,SAP,66.0,20,BrilliantBurritos,Sze-Yong Ng,buy
2026-07-08T16:54:08.943045+00:00,02:54:01,ASML_202612_F,148.6,14,DownrightDogfish,Sze-Yong Ng,buy
2026-07-08T16:54:08.943045+00:00,02:54:01,ASML_202612_F,148.7,36,DownrightDogfish,BoundlessBisons,buy
2026-07-08T16:54:08.943045+00:00,02:54:01,SAP,66.0,160,YieldingYams,Sze-Yong Ng,buy
2026-07-08T16:54:08.943045+00:00,02:54:01,SAP,66.0,200,YieldingYams,WavyWalnuts,buy
2026-07-08T16:54:08.943045+00:00,02:54:01,ASML_202612_075P,41.9,10,EssentialEagles,Aaron Tian,buy
2026-07-08T16:54:08.943045+00:00,02:54:01,ASML_202612_075P,42.1,37,EssentialEagles,GenerousGeckos,buy
2026-07-08T16:54:08.943045+00:00,02:54:01,NVDA,66.7,30,Aaron Tian,WavyWalnuts,sell
2026-07-08T16:54:08.943045+00:00,02:54:01,NVDA,66.6,170,YieldingYams,WavyWalnuts,sell
2026-07-08T16:54:08.943045+00:00,02:54:01,ASML_202703_F,149.6,100,CapableCoyotes,BoundlessBisons,buy
2026-07-08T16:54:08.943045+00:00,02:54:01,ASML_202703_F,149.7,50,DownrightDogfish,Sze-Yong Ng,buy
2026-07-08T16:54:08.943045+00:00,02:54:02,OB5X_202706_F,272.9,50,QuirkyQuinoas,RadiantRisottos,sell
2026-07-08T16:54:08.943045+00:00,02:54:02,ASML_202706_F,150.8,50,DownrightDogfish,BoundlessBisons,buy
2026-07-08T16:54:08.943045+00:00,02:54:02,TSLA,8.2,200,YieldingYams,Sze-Yong Ng,buy
2026-07-08T16:54:08.943045+00:00,02:54:02,TSLA,8.2,200,YieldingYams,Shen Jiang,buy
2026-07-08T16:54:08.943045+00:00,02:54:02,TSLA,8.2,200,YieldingYams,WavyWalnuts,buy
2026-07-08T16:54:08.943045+00:00,02:54:02,TSLA,8.2,25,YieldingYams,AverageAlmonds,buy
2026-07-08T16:54:08.943045+00:00,02:54:02,ASML_202706_F,150.8,50,CapableCoyotes,BoundlessBisons,buy
2026-07-08T16:54:08.943045+00:00,02:54:02,OB5X_ETF,65.4,203,LivelyLasagnas,KindlyKales,sell
2026-07-08T16:54:08.943045+00:00,02:54:02,OB5X_ETF,65.4,297,LivelyLasagnas,NecessaryNutmegs,sell
2026-07-08T16:54:08.943045+00:00,02:54:02,OB5X_ETF,65.3,203,MarvelousMilkshakes,NecessaryNutmegs,sell
2026-07-08T16:54:08.943045+00:00,02:54:02,OB5X_202703_F,268.1,50,QuirkyQuinoas,RadiantRisottos,sell
2026-07-08T16:54:08.943045+00:00,02:54:02,ASML,149.9,200,YieldingYams,WavyWalnuts,buy
2026-07-08T16:54:08.943045+00:00,02:54:02,AAPL,188.5,20,BrilliantBurritos,WavyWalnuts,buy
2026-07-08T16:54:08.943045+00:00,02:54:02,OB5X_202612_F,265.2,50,QuirkyQuinoas,RadiantRisottos,sell
2026-07-08T16:54:08.943045+00:00,02:54:02,TSLA,8.1,20,WavyWalnuts,BrilliantBurritos,sell
2026-07-08T16:54:08.943045+00:00,02:54:02,OB5X_202612_080C,190.5,49,ScholarlySpearmints,TactfulTangerines,buy
2026-07-08T16:54:08.943045+00:00,02:54:02,OB5X_202612_120P,19.4,43,VersatileVinegars,ScholarlySpearmints,sell
2026-07-08T16:54:08.943045+00:00,02:54:02,AAPL,188.4,200,YieldingYams,WavyWalnuts,sell
2026-07-08T16:54:11.027046+00:00,02:54:03,NVDA,66.7,200,WavyWalnuts,YieldingYams,buy
2026-07-08T16:54:11.027046+00:00,02:54:03,TSLA,8.1,20,Aaron Tian,BrilliantBurritos,sell
2026-07-08T16:54:11.027046+00:00,02:54:03,ASML_202612_100C,111.8,10,EssentialEagles,Aaron Tian,buy
2026-07-08T16:54:11.027046+00:00,02:54:03,ASML_202612_100C,112.2,32,EssentialEagles,FortunateFerrets,buy
2026-07-08T16:54:11.027046+00:00,02:54:03,SAP,65.9,20,Sze-Yong Ng,YieldingYams,sell
2026-07-08T16:54:11.027046+00:00,02:54:03,SAP,65.9,30,Aaron Tian,YieldingYams,sell
2026-07-08T16:54:11.027046+00:00,02:54:03,SAP,65.9,20,Sze-Yong Ng,YieldingYams,sell
2026-07-08T16:54:11.027046+00:00,02:54:03,SAP,65.9,160,Sze-Yong Ng,YieldingYams,sell
2026-07-08T16:54:11.027046+00:00,02:54:03,SAP,65.9,395,AverageAlmonds,YieldingYams,sell
2026-07-08T16:54:11.027046+00:00,02:54:03,NVDA,66.6,20,AverageAlmonds,BrilliantBurritos,sell
2026-07-08T16:54:11.027046+00:00,02:54:03,ASML_DUAL,149.8,50,FlawlessFlatbreads,DiligentDonuts,buy
2026-07-08T16:54:11.027046+00:00,02:54:03,SAP,65.9,20,AverageAlmonds,BrilliantBurritos,sell
2026-07-08T16:54:17.595611+00:00,02:54:03,OB5X_202612_080P,7.7,50,ScholarlySpearmints,VersatileVinegars,buy
2026-07-08T16:54:17.595611+00:00,02:54:03,OB5X_202612_080P,7.7,7,ScholarlySpearmints,TactfulTangerines,buy
2026-07-08T16:54:17.595611+00:00,02:54:03,SAP_DUAL,66.0,50,Shen Jiang,JazzyJellies,sell
2026-07-08T16:54:17.595611+00:00,02:54:03,OB5X_202612_100P,13.4,40,ScholarlySpearmints,TactfulTangerines,buy
2026-07-08T16:54:17.595611+00:00,02:54:03,OB5X_202612_100P,12.5,50,VersatileVinegars,ScholarlySpearmints,sell
2026-07-08T16:54:17.595611+00:00,02:54:03,OB5X_202612_100P,12.5,2,TactfulTangerines,ScholarlySpearmints,sell
2026-07-08T16:54:17.595611+00:00,02:54:03,ASML_202612_075C,117.8,10,EssentialEagles,Aaron Tian,buy
2026-07-08T16:54:17.595611+00:00,02:54:04,ASML_202612_100P,60.9,10,EssentialEagles,Aaron Tian,buy
2026-07-08T16:54:17.595611+00:00,02:54:04,ASML_202612_100P,61.0,44,EssentialEagles,GenerousGeckos,buy
2026-07-08T16:54:17.595611+00:00,02:54:04,ASML_202612_F,148.6,50,DownrightDogfish,Sze-Yong Ng,buy
2026-07-08T16:54:17.595611+00:00,02:54:04,OB5X_ETF,65.3,500,MarvelousMilkshakes,NecessaryNutmegs,sell
2026-07-08T16:54:17.595611+00:00,02:54:04,ASML_202703_F,149.7,14,DownrightDogfish,Sze-Yong Ng,buy
2026-07-08T16:54:17.595611+00:00,02:54:04,ASML_202703_F,150.0,36,DownrightDogfish,BoundlessBisons,buy
2026-07-08T16:54:17.595611+00:00,02:54:04,NVDA,66.7,200,WavyWalnuts,YieldingYams,buy
2026-07-08T16:54:17.595611+00:00,02:54:04,ASML_202706_F,151.2,50,DownrightDogfish,BoundlessBisons,buy
2026-07-08T16:54:17.595611+00:00,02:54:04,NVDA,66.7,20,BrilliantBurritos,YieldingYams,buy
2026-07-08T16:54:17.595611+00:00,02:54:04,AAPL,188.3,20,YieldingYams,BrilliantBurritos,sell
2026-07-08T16:54:17.595611+00:00,02:54:04,TSLA,8.2,200,YieldingYams,WavyWalnuts,buy
2026-07-08T16:54:17.595611+00:00,02:54:04,TSLA,8.2,425,YieldingYams,AverageAlmonds,buy
2026-07-08T16:54:17.595611+00:00,02:54:04,OB5X_ETF,65.3,30,Aaron Tian,MarvelousMilkshakes,sell
2026-07-08T16:54:17.595611+00:00,02:54:04,OB5X_ETF,65.3,500,LivelyLasagnas,MarvelousMilkshakes,sell
2026-07-08T16:54:17.595611+00:00,02:54:04,TSLA,8.2,30,WavyWalnuts,Aaron Tian,buy
2026-07-08T16:54:17.595611+00:00,02:54:04,TSLA,8.2,170,WavyWalnuts,AverageAlmonds,buy
2026-07-08T16:54:17.595611+00:00,02:54:04,ASML_202612_100C,111.3,42,GenerousGeckos,EssentialEagles,sell
2026-07-08T16:54:17.595611+00:00,02:54:05,ASML_202612_075C,117.3,10,Aaron Tian,EssentialEagles,sell
2026-07-08T16:54:17.595611+00:00,02:54:05,ASML_202612_075C,117.2,35,FortunateFerrets,EssentialEagles,sell
2026-07-08T16:54:17.595611+00:00,02:54:05,ASML_202612_100P,60.4,10,Aaron Tian,EssentialEagles,sell
2026-07-08T16:54:17.595611+00:00,02:54:05,ASML_202612_100P,60.2,41,GenerousGeckos,EssentialEagles,sell
2026-07-08T16:54:17.595611+00:00,02:54:05,ASML_202612_050P,24.4,10,EssentialEagles,Aaron Tian,buy
2026-07-08T16:54:17.595611+00:00,02:54:05,OB5X_202612_120C,163.1,44,ScholarlySpearmints,ScholarlySpearmints,sell
2026-07-08T16:54:17.595611+00:00,02:54:05,OB5X_202612_120C,161.8,5,TactfulTangerines,ScholarlySpearmints,sell
2026-07-08T16:54:17.595611+00:00,02:54:05,TSLA,8.2,20,BrilliantBurritos,AverageAlmonds,buy
2026-07-08T16:54:17.595611+00:00,02:54:05,ASML_DUAL,149.8,8,CostlyCorianders,Lachy Miller,buy
2026-07-08T16:54:17.595611+00:00,02:54:05,ASML_DUAL,149.9,40,CostlyCorianders,DiligentDonuts,buy
2026-07-08T16:54:17.595611+00:00,02:54:05,OB5X_202612_080P,7.1,10,ScholarlySpearmints,Aaron Tian,buy
2026-07-08T16:54:17.595611+00:00,02:54:05,OB5X_202612_080P,7.7,42,ScholarlySpearmints,TactfulTangerines,buy
2026-07-08T16:54:17.595611+00:00,02:54:05,OB5X_202612_080P,7.0,46,VersatileVinegars,ScholarlySpearmints,sell
2026-07-08T16:54:17.595611+00:00,02:54:05,SAP,66.1,30,WavyWalnuts,Aaron Tian,buy
2026-07-08T16:54:17.595611+00:00,02:54:05,SAP_DUAL,66.2,2,Xuanyu Liu,HomelyHerrings,buy
2026-07-08T16:54:17.595611+00:00,02:54:05,SAP,66.1,2,WavyWalnuts,Xuanyu Liu,sell
2026-07-08T16:54:17.595611+00:00,02:54:05,ASML_DUAL,149.8,8,FlawlessFlatbreads,Lachy Miller,buy
2026-07-08T16:54:17.595611+00:00,02:54:05,ASML_DUAL,149.9,42,FlawlessFlatbreads,DiligentDonuts,buy
2026-07-08T16:54:17.595611+00:00,02:54:05,NVDA,66.7,30,YieldingYams,Aaron Tian,buy
2026-07-08T16:54:17.595611+00:00,02:54:05,NVDA,66.7,200,YieldingYams,WavyWalnuts,buy
2026-07-08T16:54:17.595611+00:00,02:54:05,OB5X_202612_100P,12.5,48,TactfulTangerines,ScholarlySpearmints,sell
2026-07-08T16:54:17.595611+00:00,02:54:05,SAP_DUAL,66.0,50,Shen Jiang,JazzyJellies,sell
2026-07-08T16:54:17.595611+00:00,02:54:05,SAP,66.1,168,WavyWalnuts,YieldingYams,sell
2026-07-08T16:54:17.595611+00:00,02:54:05,OB5X_ETF,65.2,30,LivelyLasagnas,Aaron Tian,buy
2026-07-08T16:54:17.595611+00:00,02:54:05,TSLA,8.0,30,Aaron Tian,YieldingYams,sell
2026-07-08T16:54:17.595611+00:00,02:54:05,TSLA,8.0,200,Sze-Yong Ng,YieldingYams,sell
2026-07-08T16:54:17.595611+00:00,02:54:05,TSLA,8.0,395,AverageAlmonds,YieldingYams,sell
2026-07-08T16:54:17.595611+00:00,02:54:06,AAPL,188.5,200,YieldingYams,WavyWalnuts,buy
2026-07-08T16:54:17.595611+00:00,02:54:06,ASML_202612_100C,111.9,10,EssentialEagles,Aaron Tian,buy
2026-07-08T16:54:17.595611+00:00,02:54:06,ASML_202612_100C,112.2,41,EssentialEagles,FortunateFerrets,buy
2026-07-08T16:54:17.595611+00:00,02:54:06,OB5X_ETF,65.3,220,NecessaryNutmegs,MarvelousMilkshakes,buy
2026-07-08T16:54:17.595611+00:00,02:54:06,OB5X_ETF,65.4,280,NecessaryNutmegs,LivelyLasagnas,buy
2026-07-08T16:54:17.595611+00:00,02:54:06,ASML_DUAL,149.5,46,EarnestEspressos,CostlyCorianders,sell
2026-07-08T16:54:17.595611+00:00,02:54:06,ASML_202612_F,148.5,14,Sze-Yong Ng,DownrightDogfish,sell
2026-07-08T16:54:17.595611+00:00,02:54:06,ASML_202612_F,148.5,36,Sze-Yong Ng,DownrightDogfish,sell
2026-07-08T16:54:17.595611+00:00,02:54:06,TSLA,8.1,20,AverageAlmonds,BrilliantBurritos,sell
2026-07-08T16:54:17.595611+00:00,02:54:06,ASML_202703_F,149.5,50,Sze-Yong Ng,DownrightDogfish,sell
2026-07-08T16:54:17.595611+00:00,02:54:06,NVDA,66.7,200,YieldingYams,WavyWalnuts,sell
2026-07-08T16:54:17.595611+00:00,02:54:06,ASML_202706_F,150.7,50,Sze-Yong Ng,DownrightDogfish,sell
2026-07-08T16:54:17.595611+00:00,02:54:06,NVDA,66.6,200,Shen Jiang,YieldingYams,sell
2026-07-08T16:54:17.595611+00:00,02:54:06,NVDA,66.6,425,AverageAlmonds,YieldingYams,sell
2026-07-08T16:54:17.595611+00:00,02:54:06,NVDA,66.8,20,BrilliantBurritos,Sze-Yong Ng,buy
2026-07-08T16:54:17.595611+00:00,02:54:06,OB5X_202612_080P,7.7,10,Aaron Tian,VersatileVinegars,buy
2026-07-08T16:54:17.595611+00:00,02:54:07,OB5X_202612_100C,171.8,50,ScholarlySpearmints,VersatileVinegars,buy
2026-07-08T16:54:17.595611+00:00,02:54:07,OB5X_202612_100C,171.8,1,ScholarlySpearmints,TactfulTangerines,buy
2026-07-08T16:54:17.595611+00:00,02:54:07,ASML_202612_F,148.5,59,BoundlessBisons,AttentiveAntelopes,sell
2026-07-08T16:54:17.595611+00:00,02:54:07,ASML_202612_100P,60.9,10,EssentialEagles,Aaron Tian,buy
2026-07-08T16:54:17.595611+00:00,02:54:07,ASML_202612_100P,61.0,6,EssentialEagles,GenerousGeckos,buy
2026-07-08T16:54:17.595611+00:00,02:54:07,ASML_202612_100P,61.0,33,EssentialEagles,FortunateFerrets,buy
2026-07-08T16:54:17.595611+00:00,02:54:07,TSLA,8.2,200,WavyWalnuts,AverageAlmonds,buy
2026-07-08T16:54:17.595611+00:00,02:54:07,TSLA,8.1,200,Shen Jiang,YieldingYams,sell
2026-07-08T16:54:17.595611+00:00,02:54:07,TSLA,8.1,425,AverageAlmonds,YieldingYams,sell
2026-07-08T16:54:17.595611+00:00,02:54:07,ASML_DUAL,149.9,18,FlawlessFlatbreads,DiligentDonuts,buy
2026-07-08T16:54:17.595611+00:00,02:54:07,ASML_DUAL,149.9,8,FlawlessFlatbreads,Lachy Miller,buy
2026-07-08T16:54:17.595611+00:00,02:54:07,ASML_DUAL,150.0,24,FlawlessFlatbreads,EarnestEspressos,buy
2026-07-08T16:54:17.595611+00:00,02:54:07,OB5X_202703_F,268.1,54,OriginalOlives,QuirkyQuinoas,buy
2026-07-08T16:54:17.595611+00:00,02:54:07,TSLA,8.1,20,AverageAlmonds,BrilliantBurritos,sell
2026-07-08T16:54:17.595611+00:00,02:54:07,ASML_DUAL,149.6,8,Lachy Miller,Xuanyu Liu,sell
2026-07-08T16:54:17.595611+00:00,02:54:07,ASML,149.9,8,Xuanyu Liu,WavyWalnuts,buy
2026-07-08T16:54:17.595611+00:00,02:54:07,ASML_DUAL,149.6,3,DiligentDonuts,Xuanyu Liu,sell
2026-07-08T16:54:17.595611+00:00,02:54:07,ASML,149.9,3,Xuanyu Liu,WavyWalnuts,buy
2026-07-08T16:54:17.595611+00:00,02:54:07,SAP_DUAL,65.7,50,HomelyHerrings,JazzyJellies,sell
2026-07-08T16:54:17.595611+00:00,02:54:08,NVDA,66.8,200,YieldingYams,WavyWalnuts,buy
2026-07-08T16:54:17.595611+00:00,02:54:08,NVDA,66.9,200,YieldingYams,Shen Jiang,buy
2026-07-08T16:54:17.595611+00:00,02:54:08,NVDA,66.9,180,YieldingYams,Sze-Yong Ng,buy
2026-07-08T16:54:17.595611+00:00,02:54:08,OB5X_202612_120C,161.6,49,TactfulTangerines,ScholarlySpearmints,sell
2026-07-08T16:54:17.595611+00:00,02:54:08,OB5X_ETF,65.4,220,NecessaryNutmegs,LivelyLasagnas,buy
2026-07-08T16:54:17.595611+00:00,02:54:08,OB5X_ETF,65.5,280,NecessaryNutmegs,MarvelousMilkshakes,buy
2026-07-08T16:54:17.595611+00:00,02:54:08,ASML_202612_050P,24.1,10,Aaron Tian,EssentialEagles,sell
2026-07-08T16:54:17.595611+00:00,02:54:08,ASML_202612_050P,24.0,46,GenerousGeckos,EssentialEagles,sell
2026-07-08T16:54:17.595611+00:00,02:54:08,TSLA,8.2,200,YieldingYams,Sze-Yong Ng,buy
2026-07-08T16:54:17.595611+00:00,02:54:08,TSLA,8.2,30,YieldingYams,Aaron Tian,buy
2026-07-08T16:54:17.595611+00:00,02:54:08,TSLA,8.2,395,YieldingYams,AverageAlmonds,buy
2026-07-08T16:54:17.595611+00:00,02:54:08,ASML_DUAL,149.6,3,DiligentDonuts,Xuanyu Liu,sell
2026-07-08T16:54:17.595611+00:00,02:54:08,ASML,149.8,3,Xuanyu Liu,YieldingYams,buy
2026-07-08T16:54:17.595611+00:00,02:54:08,ASML_202612_F,148.5,41,BoundlessBisons,CapableCoyotes,sell
2026-07-08T16:54:17.595611+00:00,02:54:08,ASML_202612_F,148.5,14,Sze-Yong Ng,CapableCoyotes,sell
2026-07-08T16:54:17.595611+00:00,02:54:08,ASML_202612_F,148.5,50,DownrightDogfish,CapableCoyotes,buy
2026-07-08T16:54:17.595611+00:00,02:54:08,ASML_202703_F,150.0,50,DownrightDogfish,BoundlessBisons,buy
2026-07-08T16:54:17.595611+00:00,02:54:08,ASML_202703_F,149.5,14,Sze-Yong Ng,CapableCoyotes,sell
2026-07-08T16:54:17.595611+00:00,02:54:08,ASML_202703_F,149.5,100,BoundlessBisons,CapableCoyotes,sell
2026-07-08T16:54:17.595611+00:00,02:54:08,ASML_DUAL,149.8,49,CostlyCorianders,EarnestEspressos,buy
2026-07-08T16:54:17.595611+00:00,02:54:09,ASML_202706_F,150.9,50,DownrightDogfish,Sze-Yong Ng,buy
2026-07-08T16:54:17.595611+00:00,02:54:09,ASML,149.8,20,BrilliantBurritos,YieldingYams,buy
2026-07-08T16:54:17.595611+00:00,02:54:09,SAP,66.0,30,Aaron Tian,WavyWalnuts,sell
2026-07-08T16:54:17.595611+00:00,02:54:09,SAP,65.9,170,YieldingYams,WavyWalnuts,sell
2026-07-08T16:54:17.595611+00:00,02:54:09,NVDA,66.9,45,YieldingYams,WavyWalnuts,sell
2026-07-08T16:54:17.595611+00:00,02:54:09,NVDA,66.9,30,Aaron Tian,WavyWalnuts,sell
2026-07-08T16:54:17.595611+00:00,02:54:09,ASML_202706_F,150.8,100,BoundlessBisons,CapableCoyotes,sell
2026-07-08T16:54:17.595611+00:00,02:54:09,ASML_202706_F,150.8,14,Sze-Yong Ng,CapableCoyotes,sell
2026-07-08T16:54:17.595611+00:00,02:54:09,NVDA,66.8,200,Shen Jiang,YieldingYams,sell
2026-07-08T16:54:17.595611+00:00,02:54:09,ASML_DUAL,149.8,41,CostlyCorianders,EarnestEspressos,buy
2026-07-08T16:54:17.595611+00:00,02:54:09,ASML_202612_075C,117.5,10,EssentialEagles,Aaron Tian,buy
2026-07-08T16:54:17.595611+00:00,02:54:09,ASML_202612_075C,117.9,47,EssentialEagles,GenerousGeckos,buy
2026-07-08T16:54:17.595611+00:00,02:54:09,TSLA,8.2,20,BrilliantBurritos,WavyWalnuts,buy
2026-07-08T16:54:17.595611+00:00,02:54:09,ASML_DUAL,149.8,50,FlawlessFlatbreads,EarnestEspressos,buy
2026-07-08T16:54:17.595611+00:00,02:54:09,TSLA,8.1,200,Sze-Yong Ng,WavyWalnuts,sell
2026-07-08T16:54:17.595611+00:00,02:54:09,SAP,66.0,500,AverageAlmonds,YieldingYams,sell
2026-07-08T16:54:17.595611+00:00,02:54:09,OB5X_202612_080C,190.2,42,ScholarlySpearmints,VersatileVinegars,buy
2026-07-08T16:54:17.595611+00:00,02:54:09,SAP_DUAL,66.2,50,JazzyJellies,InfiniteIcecreams,buy
2026-07-08T16:54:17.595611+00:00,02:54:09,TSLA,8.1,500,AverageAlmonds,YieldingYams,sell
2026-07-08T16:54:17.595611+00:00,02:54:09,TSLA,8.0,30,Aaron Tian,YieldingYams,sell
2026-07-08T16:54:17.595611+00:00,02:54:10,TSLA,8.0,95,AverageAlmonds,YieldingYams,buy
2026-07-08T16:54:17.595611+00:00,02:54:10,TSLA,8.1,200,AverageAlmonds,Shen Jiang,buy
2026-07-08T16:54:17.595611+00:00,02:54:10,TSLA,8.1,200,AverageAlmonds,Sze-Yong Ng,buy
2026-07-08T16:54:17.595611+00:00,02:54:10,SAP_DUAL,66.0,1,Xuanyu Liu,HomelyHerrings,buy
2026-07-08T16:54:17.595611+00:00,02:54:10,SAP,65.9,1,AverageAlmonds,Xuanyu Liu,sell
2026-07-08T16:54:17.595611+00:00,02:54:10,SAP,65.9,200,AverageAlmonds,WavyWalnuts,sell
2026-07-08T16:54:17.595611+00:00,02:54:10,ASML,149.9,200,WavyWalnuts,YieldingYams,buy
2026-07-08T16:54:17.595611+00:00,02:54:10,NVDA,66.8,200,WavyWalnuts,YieldingYams,buy
2026-07-08T16:54:20.944611+00:00,02:54:10,OB5X_ETF,65.5,470,NecessaryNutmegs,MarvelousMilkshakes,buy
2026-07-08T16:54:20.944611+00:00,02:54:10,OB5X_ETF,65.5,30,NecessaryNutmegs,Aaron Tian,buy
2026-07-08T16:54:20.944611+00:00,02:54:10,SAP,66.0,125,AverageAlmonds,YieldingYams,buy
2026-07-08T16:54:20.944611+00:00,02:54:10,SAP_DUAL,66.0,7,Xuanyu Liu,HomelyHerrings,buy
2026-07-08T16:54:20.944611+00:00,02:54:10,SAP,66.0,7,AverageAlmonds,Xuanyu Liu,sell
2026-07-08T16:54:20.944611+00:00,02:54:10,TSLA,8.1,200,AverageAlmonds,WavyWalnuts,sell
2026-07-08T16:54:20.944611+00:00,02:54:11,OB5X_ETF,65.5,500,MarvelousMilkshakes,LivelyLasagnas,buy
2026-07-08T16:54:20.944611+00:00,02:54:11,SAP,66.1,200,YieldingYams,Sze-Yong Ng,buy
2026-07-08T16:54:20.944611+00:00,02:54:11,ASML_202612_F,148.3,50,DownrightDogfish,BoundlessBisons,buy
2026-07-08T16:54:20.944611+00:00,02:54:11,ASML_202703_F,149.4,50,DownrightDogfish,BoundlessBisons,buy
2026-07-08T16:54:20.944611+00:00,02:54:11,TSLA,8.2,500,YieldingYams,AverageAlmonds,buy
2026-07-08T16:54:20.944611+00:00,02:54:11,OB5X_202612_080C,190.2,8,ScholarlySpearmints,VersatileVinegars,buy
2026-07-08T16:54:20.944611+00:00,02:54:11,OB5X_202612_080C,190.2,42,ScholarlySpearmints,ScholarlySpearmints,sell
2026-07-08T16:54:20.944611+00:00,02:54:11,OB5X_202612_080C,189.2,13,VersatileVinegars,ScholarlySpearmints,sell
2026-07-08T16:54:20.944611+00:00,02:54:11,TSLA,8.3,125,YieldingYams,AverageAlmonds,sell
2026-07-08T16:54:20.944611+00:00,02:54:11,TSLA,8.2,200,Shen Jiang,AverageAlmonds,sell
2026-07-08T16:54:20.944611+00:00,02:54:11,TSLA,8.2,175,Sze-Yong Ng,AverageAlmonds,sell
2026-07-08T16:54:20.944611+00:00,02:54:11,SAP,66.2,200,YieldingYams,WavyWalnuts,sell
2026-07-08T16:54:20.944611+00:00,02:54:11,ASML_DUAL,149.8,8,EarnestEspressos,Lachy Miller,buy
2026-07-08T16:54:20.944611+00:00,02:54:11,OB5X_202703_F,268.1,54,OriginalOlives,PowerfulPineapples,buy
2026-07-08T16:54:20.944611+00:00,02:54:11,ASML_DUAL,150.1,50,FlawlessFlatbreads,DiligentDonuts,buy
2026-07-08T16:54:20.944611+00:00,02:54:12,SAP_DUAL,66.0,48,GroovyGrapefruits,HomelyHerrings,buy
2026-07-08T16:54:20.944611+00:00,02:54:12,TSLA,8.1,20,Aaron Tian,BrilliantBurritos,sell
2026-07-08T16:54:20.944611+00:00,02:54:12,SAP_DUAL,65.9,50,InfiniteIcecreams,JazzyJellies,sell
2026-07-08T16:54:20.944611+00:00,02:54:12,TSLA,8.1,10,Aaron Tian,WavyWalnuts,sell
2026-07-08T16:54:20.944611+00:00,02:54:12,TSLA,8.1,25,Sze-Yong Ng,WavyWalnuts,sell
2026-07-08T16:54:20.944611+00:00,02:54:12,TSLA,8.1,165,AverageAlmonds,WavyWalnuts,sell
2026-07-08T16:54:23.000611+00:00,02:54:12,ASML_202612_F,148.3,50,CapableCoyotes,BoundlessBisons,buy
2026-07-08T16:54:23.000611+00:00,02:54:12,ASML_202612_F,148.6,50,CapableCoyotes,Sze-Yong Ng,buy
2026-07-08T16:54:23.000611+00:00,02:54:12,ASML_202612_F,148.6,14,CapableCoyotes,Sze-Yong Ng,buy
2026-07-08T16:54:23.000611+00:00,02:54:12,OB5X_ETF,65.6,30,Aaron Tian,LivelyLasagnas,sell
2026-07-08T16:54:23.000611+00:00,02:54:12,SAP,66.1,200,Sze-Yong Ng,YieldingYams,sell
2026-07-08T16:54:23.000611+00:00,02:54:12,ASML_202703_F,149.4,50,CapableCoyotes,BoundlessBisons,buy
2026-07-08T16:54:23.000611+00:00,02:54:12,ASML_202703_F,149.6,64,CapableCoyotes,Sze-Yong Ng,buy
2026-07-08T16:54:23.000611+00:00,02:54:12,TSLA,8.1,335,AverageAlmonds,YieldingYams,sell
2026-07-08T16:54:23.000611+00:00,02:54:12,ASML_202706_F,150.6,100,CapableCoyotes,BoundlessBisons,buy
2026-07-08T16:54:23.000611+00:00,02:54:12,ASML_202706_F,150.9,14,CapableCoyotes,Sze-Yong Ng,buy
2026-07-08T16:54:23.000611+00:00,02:54:12,ASML_DUAL,149.9,44,EarnestEspressos,CostlyCorianders,sell
2026-07-08T16:54:23.000611+00:00,02:54:12,TSLA,8.1,290,AverageAlmonds,YieldingYams,buy
2026-07-08T16:54:23.000611+00:00,02:54:12,AAPL,188.4,200,AverageAlmonds,WavyWalnuts,buy
2026-07-08T16:54:23.000611+00:00,02:54:12,SAP,66.1,200,WavyWalnuts,YieldingYams,buy
2026-07-08T16:54:23.000611+00:00,02:54:12,NVDA,66.8,30,WavyWalnuts,Aaron Tian,buy
2026-07-08T16:54:23.000611+00:00,02:54:12,OB5X_202612_100C,170.5,45,VersatileVinegars,ScholarlySpearmints,sell
2026-07-08T16:54:23.000611+00:00,02:54:13,ASML_202612_050P,24.5,50,EssentialEagles,GenerousGeckos,buy
2026-07-08T16:54:23.000611+00:00,02:54:13,ASML_DUAL,149.9,49,EarnestEspressos,CostlyCorianders,sell
2026-07-08T16:54:23.000611+00:00,02:54:13,NVDA,66.9,200,YieldingYams,Shen Jiang,buy
2026-07-08T16:54:23.000611+00:00,02:54:13,OB5X_202706_F,273.1,50,RadiantRisottos,QuirkyQuinoas,buy
2026-07-08T16:54:23.000611+00:00,02:54:13,SAP,66.2,200,YieldingYams,Sze-Yong Ng,buy
2026-07-08T16:54:23.000611+00:00,02:54:13,SAP,66.3,30,YieldingYams,Aaron Tian,buy
2026-07-08T16:54:23.000611+00:00,02:54:13,SAP,66.3,200,YieldingYams,WavyWalnuts,buy
2026-07-08T16:54:23.000611+00:00,02:54:13,TSLA,8.2,200,YieldingYams,Sze-Yong Ng,buy
2026-07-08T16:54:23.000611+00:00,02:54:13,TSLA,8.2,425,YieldingYams,AverageAlmonds,buy
2026-07-08T16:54:23.000611+00:00,02:54:13,ASML_DUAL,150.1,50,FlawlessFlatbreads,DiligentDonuts,buy
2026-07-08T16:54:23.000611+00:00,02:54:13,ASML,149.9,200,WavyWalnuts,YieldingYams,buy
2026-07-08T16:54:23.000611+00:00,02:54:13,NVDA,66.9,200,YieldingYams,WavyWalnuts,sell
2026-07-08T16:54:23.000611+00:00,02:54:14,ASML_202612_100C,111.5,10,Aaron Tian,EssentialEagles,sell
2026-07-08T16:54:23.000611+00:00,02:54:14,ASML_202612_100C,111.2,44,FortunateFerrets,EssentialEagles,sell
2026-07-08T16:54:23.000611+00:00,02:54:14,OB5X_202612_080C,190.2,49,ScholarlySpearmints,VersatileVinegars,buy
2026-07-08T16:54:23.000611+00:00,02:54:14,OB5X_202612_120P,20.6,50,ScholarlySpearmints,VersatileVinegars,buy
2026-07-08T16:54:23.000611+00:00,02:54:14,OB5X_202612_120P,20.6,7,ScholarlySpearmints,TactfulTangerines,buy
2026-07-08T16:54:23.000611+00:00,02:54:14,SAP_DUAL,65.8,50,HomelyHerrings,JazzyJellies,sell
2026-07-08T16:54:23.000611+00:00,02:54:14,AAPL,188.5,200,AverageAlmonds,WavyWalnuts,buy
2026-07-08T16:54:23.000611+00:00,02:54:14,AAPL,188.6,300,AverageAlmonds,YieldingYams,buy
2026-07-08T16:54:23.000611+00:00,02:54:14,TSLA,8.1,200,AverageAlmonds,WavyWalnuts,sell
2026-07-08T16:54:23.000611+00:00,02:54:14,NVDA,66.9,30,Aaron Tian,YieldingYams,sell
2026-07-08T16:54:23.000611+00:00,02:54:14,NVDA,66.8,200,Sze-Yong Ng,YieldingYams,sell
2026-07-08T16:54:23.000611+00:00,02:54:14,NVDA,66.8,200,Shen Jiang,YieldingYams,buy
2026-07-08T16:54:25.057611+00:00,02:54:14,OB5X_ETF,65.4,500,LivelyLasagnas,NecessaryNutmegs,sell
2026-07-08T16:54:25.057611+00:00,02:54:14,ASML_DUAL,149.9,100,DiligentDonuts,EarnestEspressos,sell
2026-07-08T16:54:25.057611+00:00,02:54:14,ASML_DUAL,149.9,8,Lachy Miller,EarnestEspressos,sell
2026-07-08T16:54:25.057611+00:00,02:54:15,SAP,66.3,30,Aaron Tian,YieldingYams,sell
2026-07-08T16:54:25.057611+00:00,02:54:15,OB5X_ETF,65.4,230,MarvelousMilkshakes,KindlyKales,sell
2026-07-08T16:54:25.057611+00:00,02:54:15,ASML,149.9,200,WavyWalnuts,YieldingYams,buy
2026-07-08T16:54:25.057611+00:00,02:54:15,NVDA,66.8,195,WavyWalnuts,YieldingYams,buy
2026-07-08T16:54:25.057611+00:00,02:54:15,NVDA,66.9,5,WavyWalnuts,Sze-Yong Ng,buy
2026-07-08T16:54:25.057611+00:00,02:54:15,TSLA,8.1,500,AverageAlmonds,YieldingYams,sell
2026-07-08T16:54:25.057611+00:00,02:54:15,TSLA,8.1,125,Sze-Yong Ng,YieldingYams,sell
2026-07-08T16:54:25.057611+00:00,02:54:15,ASML,149.9,8,YieldingYams,Lachy Miller,buy
2026-07-08T16:54:25.057611+00:00,02:54:15,ASML_202612_100P,60.6,10,Aaron Tian,EssentialEagles,sell
2026-07-08T16:54:25.057611+00:00,02:54:15,ASML_202612_100P,60.2,42,GenerousGeckos,EssentialEagles,sell
2026-07-08T16:54:25.057611+00:00,02:54:15,OB5X_202612_100C,171.7,58,ScholarlySpearmints,TactfulTangerines,buy
2026-07-08T16:54:25.057611+00:00,02:54:15,ASML_202612_F,149.1,50,DownrightDogfish,BoundlessBisons,buy
2026-07-08T16:54:25.057611+00:00,02:54:15,NVDA,67.1,20,BrilliantBurritos,WavyWalnuts,buy
2026-07-08T16:54:25.057611+00:00,02:54:15,ASML_202703_F,150.2,50,DownrightDogfish,BoundlessBisons,buy
2026-07-08T16:54:25.057611+00:00,02:54:15,OB5X_202706_F,273.1,50,RadiantRisottos,QuirkyQuinoas,buy
2026-07-08T16:54:25.057611+00:00,02:54:15,ASML_202703_F,149.7,100,BoundlessBisons,CapableCoyotes,sell
2026-07-08T16:54:25.057611+00:00,02:54:15,ASML_202703_F,149.7,50,Sze-Yong Ng,CapableCoyotes,buy
2026-07-08T16:54:25.057611+00:00,02:54:15,ASML_202706_F,151.4,50,DownrightDogfish,BoundlessBisons,buy
2026-07-08T16:54:25.057611+00:00,02:54:16,OB5X_202703_F,268.4,50,RadiantRisottos,QuirkyQuinoas,buy
2026-07-08T16:54:25.057611+00:00,02:54:16,OB5X_202612_F,265.5,50,RadiantRisottos,QuirkyQuinoas,buy
2026-07-08T16:54:25.057611+00:00,02:54:16,SAP,66.3,20,BrilliantBurritos,YieldingYams,buy
2026-07-08T16:54:25.057611+00:00,02:54:16,SAP,66.3,200,YieldingYams,WavyWalnuts,buy
2026-07-08T16:54:25.057611+00:00,02:54:16,ASML,149.9,20,YieldingYams,BrilliantBurritos,sell
2026-07-08T16:54:25.057611+00:00,02:54:16,SAP,66.3,200,YieldingYams,WavyWalnuts,sell
2026-07-08T16:54:25.057611+00:00,02:54:16,NVDA,67.0,200,YieldingYams,WavyWalnuts,sell
2026-07-08T16:54:25.057611+00:00,02:54:16,TSLA,8.2,30,YieldingYams,Aaron Tian,buy
2026-07-08T16:54:25.057611+00:00,02:54:16,TSLA,8.2,125,YieldingYams,Sze-Yong Ng,buy
2026-07-08T16:54:25.057611+00:00,02:54:16,TSLA,8.2,200,YieldingYams,Shen Jiang,buy
2026-07-08T16:54:25.057611+00:00,02:54:16,TSLA,8.2,200,YieldingYams,WavyWalnuts,buy
2026-07-08T16:54:25.057611+00:00,02:54:16,TSLA,8.2,70,YieldingYams,AverageAlmonds,buy
2026-07-08T16:54:25.057611+00:00,02:54:16,OB5X_202706_F,273.1,100,QuirkyQuinoas,PowerfulPineapples,buy
2026-07-08T16:54:25.057611+00:00,02:54:16,ASML_202612_100P,60.4,10,Aaron Tian,EssentialEagles,sell
2026-07-08T16:54:25.057611+00:00,02:54:16,ASML_202612_100P,60.2,8,GenerousGeckos,EssentialEagles,sell
2026-07-08T16:54:25.057611+00:00,02:54:16,ASML_202612_100P,60.2,28,FortunateFerrets,EssentialEagles,sell
2026-07-08T16:54:25.057611+00:00,02:54:16,OB5X_202703_F,268.4,100,QuirkyQuinoas,PowerfulPineapples,buy
2026-07-08T16:54:25.057611+00:00,02:54:16,ASML_202612_F,148.6,53,BoundlessBisons,AttentiveAntelopes,sell
2026-07-08T16:54:25.057611+00:00,02:54:16,ASML_202703_F,149.7,14,Sze-Yong Ng,AttentiveAntelopes,sell
2026-07-08T16:54:25.057611+00:00,02:54:16,OB5X_202612_F,265.5,100,QuirkyQuinoas,PowerfulPineapples,buy
2026-07-08T16:54:25.057611+00:00,02:54:16,OB5X_ETF,65.6,500,NecessaryNutmegs,MarvelousMilkshakes,buy
2026-07-08T16:54:25.057611+00:00,02:54:16,ASML_202612_F,148.7,100,BoundlessBisons,CapableCoyotes,buy
2026-07-08T16:54:25.057611+00:00,02:54:16,TSLA,8.1,20,WavyWalnuts,BrilliantBurritos,sell
2026-07-08T16:54:25.057611+00:00,02:54:17,AAPL,188.5,200,AverageAlmonds,WavyWalnuts,sell
2026-07-08T16:54:25.057611+00:00,02:54:17,OB5X_202612_100P,12.5,47,VersatileVinegars,ScholarlySpearmints,sell
2026-07-08T16:54:25.057611+00:00,02:54:17,SAP_DUAL,66.3,58,GroovyGrapefruits,Shen Jiang,buy
2026-07-08T16:54:25.057611+00:00,02:54:17,ASML_202706_F,151.0,100,BoundlessBisons,CapableCoyotes,buy
2026-07-08T16:54:25.057611+00:00,02:54:17,ASML_DUAL,149.9,42,DiligentDonuts,EarnestEspressos,buy
2026-07-08T16:54:25.057611+00:00,02:54:17,ASML_DUAL,149.9,8,DiligentDonuts,Lachy Miller,sell
2026-07-08T16:54:25.057611+00:00,02:54:17,OB5X_ETF,65.6,30,MarvelousMilkshakes,Aaron Tian,buy
2026-07-08T16:54:25.057611+00:00,02:54:17,OB5X_ETF,65.6,500,MarvelousMilkshakes,LivelyLasagnas,buy
2026-07-08T16:54:25.057611+00:00,02:54:17,ASML_202612_075P,42.1,50,EssentialEagles,GenerousGeckos,buy
2026-07-08T16:54:25.057611+00:00,02:54:17,ASML_202612_075P,42.1,1,EssentialEagles,FortunateFerrets,buy
2026-07-08T16:54:25.057611+00:00,02:54:17,SAP,66.3,30,YieldingYams,Aaron Tian,sell
2026-07-08T16:54:25.057611+00:00,02:54:17,ASML_202612_075C,117.8,10,EssentialEagles,Aaron Tian,buy
2026-07-08T16:54:25.057611+00:00,02:54:17,ASML_202612_075C,117.9,42,EssentialEagles,GenerousGeckos,buy
2026-07-08T16:54:25.057611+00:00,02:54:17,ASML_202612_050C,124.9,40,EssentialEagles,FortunateFerrets,buy
2026-07-08T16:54:25.057611+00:00,02:54:17,ASML_202612_050P,24.0,50,GenerousGeckos,EssentialEagles,sell
2026-07-08T16:54:25.057611+00:00,02:54:17,ASML_202612_050P,24.0,3,FortunateFerrets,EssentialEagles,sell
2026-07-08T16:54:25.057611+00:00,02:54:17,SAP_DUAL,66.0,46,InfiniteIcecreams,GroovyGrapefruits,sell
2026-07-08T16:54:25.057611+00:00,02:54:17,ASML_DUAL,150.4,100,EarnestEspressos,DiligentDonuts,buy
2026-07-08T16:54:25.057611+00:00,02:54:17,ASML_DUAL,150.4,8,EarnestEspressos,Lachy Miller,buy
2026-07-08T16:54:25.057611+00:00,02:54:17,ASML_DUAL,150.4,14,EarnestEspressos,Xuanyu Liu,sell
2026-07-08T16:54:25.057611+00:00,02:54:18,ASML,150.2,14,Xuanyu Liu,YieldingYams,buy
2026-07-08T16:54:25.057611+00:00,02:54:18,ASML_202612_F,148.7,50,DownrightDogfish,CapableCoyotes,buy
2026-07-08T16:54:25.057611+00:00,02:54:18,ASML_DUAL,150.5,8,Lachy Miller,Xuanyu Liu,sell
2026-07-08T16:54:25.057611+00:00,02:54:18,ASML,150.2,8,Xuanyu Liu,YieldingYams,buy
2026-07-08T16:54:25.057611+00:00,02:54:18,ASML_202703_F,149.9,54,BoundlessBisons,AttentiveAntelopes,sell
2026-07-08T16:54:25.057611+00:00,02:54:18,ASML_202703_F,150.4,50,DownrightDogfish,BoundlessBisons,buy
2026-07-08T16:54:25.057611+00:00,02:54:18,ASML_DUAL,150.4,28,EarnestEspressos,FlawlessFlatbreads,sell
2026-07-08T16:54:25.057611+00:00,02:54:18,ASML_DUAL,149.9,22,DiligentDonuts,FlawlessFlatbreads,sell
2026-07-08T16:54:25.057611+00:00,02:54:18,TSLA,8.2,30,WavyWalnuts,Aaron Tian,buy
2026-07-08T16:54:25.057611+00:00,02:54:18,TSLA,8.2,170,WavyWalnuts,YieldingYams,buy
2026-07-08T16:54:25.057611+00:00,02:54:18,AAPL,188.6,200,AverageAlmonds,WavyWalnuts,sell
2026-07-08T16:54:29.196175+00:00,02:54:18,OB5X_202612_120C,163.7,50,ScholarlySpearmints,VersatileVinegars,buy
2026-07-08T16:54:29.196175+00:00,02:54:18,OB5X_202612_120C,163.7,7,ScholarlySpearmints,TactfulTangerines,buy
2026-07-08T16:54:29.196175+00:00,02:54:18,ASML_202706_F,151.0,50,DownrightDogfish,CapableCoyotes,buy
2026-07-08T16:54:29.196175+00:00,02:54:18,ASML_DUAL,150.7,8,CostlyCorianders,Lachy Miller,buy
2026-07-08T16:54:29.196175+00:00,02:54:18,SAP,66.3,200,WavyWalnuts,YieldingYams,sell
2026-07-08T16:54:29.196175+00:00,02:54:18,SAP,66.3,200,Sze-Yong Ng,YieldingYams,sell
2026-07-08T16:54:29.196175+00:00,02:54:19,OB5X_ETF,65.7,30,Aaron Tian,NecessaryNutmegs,sell
2026-07-08T16:54:29.196175+00:00,02:54:19,OB5X_202703_F,268.6,44,PowerfulPineapples,OriginalOlives,sell
2026-07-08T16:54:29.196175+00:00,02:54:19,ASML_202612_F,149.3,100,CapableCoyotes,BoundlessBisons,buy
2026-07-08T16:54:29.196175+00:00,02:54:19,ASML_202703_F,150.4,50,CapableCoyotes,BoundlessBisons,buy
2026-07-08T16:54:29.196175+00:00,02:54:19,ASML_202703_F,150.5,64,CapableCoyotes,Sze-Yong Ng,buy
2026-07-08T16:54:29.196175+00:00,02:54:19,AAPL,188.6,200,YieldingYams,WavyWalnuts,sell
2026-07-08T16:54:29.196175+00:00,02:54:19,ASML_202706_F,151.7,100,CapableCoyotes,BoundlessBisons,buy
2026-07-08T16:54:29.196175+00:00,02:54:19,NVDA,67.0,20,BrilliantBurritos,Aaron Tian,buy
2026-07-08T16:54:29.196175+00:00,02:54:19,ASML_202612_075P,42.0,56,EssentialEagles,FortunateFerrets,buy
2026-07-08T16:54:29.196175+00:00,02:54:19,OB5X_202612_080C,189.9,41,VersatileVinegars,ScholarlySpearmints,sell
2026-07-08T16:54:29.196175+00:00,02:54:19,ASML_202706_F,151.7,50,CapableCoyotes,AttentiveAntelopes,sell
2026-07-08T16:54:29.196175+00:00,02:54:19,ASML_202612_100P,60.7,10,EssentialEagles,Aaron Tian,buy
2026-07-08T16:54:29.196175+00:00,02:54:19,ASML_202612_100P,60.9,37,EssentialEagles,GenerousGeckos,buy
2026-07-08T16:54:29.196175+00:00,02:54:20,SAP,66.2,200,WavyWalnuts,YieldingYams,buy
2026-07-08T16:54:29.196175+00:00,02:54:20,NVDA,66.8,5,Sze-Yong Ng,BrilliantBurritos,sell
2026-07-08T16:54:29.196175+00:00,02:54:20,NVDA,66.8,15,YieldingYams,BrilliantBurritos,sell
2026-07-08T16:54:29.196175+00:00,02:54:20,SAP,66.3,200,YieldingYams,Sze-Yong Ng,buy
2026-07-08T16:54:29.196175+00:00,02:54:20,SAP,66.3,200,YieldingYams,WavyWalnuts,buy
2026-07-08T16:54:29.196175+00:00,02:54:20,SAP,66.4,225,YieldingYams,AverageAlmonds,buy
2026-07-08T16:54:29.196175+00:00,02:54:20,TSLA,8.2,200,YieldingYams,WavyWalnuts,buy
2026-07-08T16:54:29.196175+00:00,02:54:20,TSLA,8.2,425,YieldingYams,AverageAlmonds,buy
2026-07-08T16:54:29.196175+00:00,02:54:20,ASML_202612_F,149.4,50,CapableCoyotes,DownrightDogfish,sell
2026-07-08T16:54:29.196175+00:00,02:54:20,ASML_202703_F,150.5,36,CapableCoyotes,DownrightDogfish,sell
2026-07-08T16:54:29.196175+00:00,02:54:20,ASML_202703_F,149.8,14,Sze-Yong Ng,DownrightDogfish,sell
2026-07-08T16:54:29.196175+00:00,02:54:20,OB5X_ETF,65.6,500,LivelyLasagnas,MarvelousMilkshakes,sell
2026-07-08T16:54:29.196175+00:00,02:54:20,ASML_DUAL,150.5,44,CostlyCorianders,DiligentDonuts,buy
2026-07-08T16:54:29.196175+00:00,02:54:20,AAPL,188.6,200,AverageAlmonds,WavyWalnuts,sell
2026-07-08T16:54:30.878174+00:00,02:54:21,ASML,150.1,20,WavyWalnuts,BrilliantBurritos,sell
2026-07-08T16:54:30.878174+00:00,02:54:21,ASML_DUAL,150.3,8,Xuanyu Liu,EarnestEspressos,buy
2026-07-08T16:54:30.878174+00:00,02:54:21,ASML,150.1,8,WavyWalnuts,Xuanyu Liu,sell
2026-07-08T16:54:30.878174+00:00,02:54:21,ASML,150.2,200,WavyWalnuts,YieldingYams,buy
2026-07-08T16:54:30.878174+00:00,02:54:21,OB5X_ETF,65.6,215,KindlyKales,MarvelousMilkshakes,buy
2026-07-08T16:54:30.878174+00:00,02:54:21,NVDA,66.9,200,WavyWalnuts,YieldingYams,sell
2026-07-08T16:54:30.878174+00:00,02:54:21,ASML,150.2,20,BrilliantBurritos,YieldingYams,buy
2026-07-08T16:54:30.878174+00:00,02:54:21,OB5X_202612_080C,189.9,9,VersatileVinegars,ScholarlySpearmints,sell
2026-07-08T16:54:30.878174+00:00,02:54:21,OB5X_202612_080C,189.9,40,TactfulTangerines,ScholarlySpearmints,sell
2026-07-08T16:54:30.878174+00:00,02:54:21,SAP_DUAL,66.3,58,GroovyGrapefruits,HomelyHerrings,buy
2026-07-08T16:54:30.878174+00:00,02:54:21,OB5X_202612_120P,19.3,50,VersatileVinegars,ScholarlySpearmints,sell
2026-07-08T16:54:30.878174+00:00,02:54:21,OB5X_202612_120P,19.3,1,TactfulTangerines,ScholarlySpearmints,sell
2026-07-08T16:54:30.878174+00:00,02:54:21,SAP,66.3,30,Aaron Tian,YieldingYams,sell
2026-07-08T16:54:30.878174+00:00,02:54:21,SAP,66.3,200,WavyWalnuts,YieldingYams,sell
2026-07-08T16:54:30.878174+00:00,02:54:21,OB5X_202612_100P,12.5,44,TactfulTangerines,ScholarlySpearmints,sell
2026-07-08T16:54:30.878174+00:00,02:54:21,TSLA,8.1,200,Sze-Yong Ng,YieldingYams,sell
2026-07-08T16:54:30.878174+00:00,02:54:21,TSLA,8.1,200,WavyWalnuts,YieldingYams,sell
2026-07-08T16:54:30.878174+00:00,02:54:21,TSLA,8.1,30,Aaron Tian,YieldingYams,sell
2026-07-08T16:54:30.878174+00:00,02:54:21,TSLA,8.1,195,AverageAlmonds,YieldingYams,sell
2026-07-08T16:54:30.878174+00:00,02:54:21,AAPL,188.6,200,AverageAlmonds,WavyWalnuts,sell
2026-07-08T16:54:30.878174+00:00,02:54:22,SAP_DUAL,65.9,45,Shen Jiang,GroovyGrapefruits,sell
2026-07-08T16:54:30.878174+00:00,02:54:22,ASML_202612_100P,60.9,13,EssentialEagles,GenerousGeckos,buy
2026-07-08T16:54:30.878174+00:00,02:54:22,OB5X_ETF,65.6,35,KindlyKales,MarvelousMilkshakes,buy
2026-07-08T16:54:30.878174+00:00,02:54:22,OB5X_ETF,65.6,184,KindlyKales,LivelyLasagnas,buy
2026-07-08T16:54:30.878174+00:00,02:54:22,OB5X_202706_F,273.5,56,OriginalOlives,QuirkyQuinoas,buy
2026-07-08T16:54:30.878174+00:00,02:54:22,AAPL,188.8,500,AverageAlmonds,YieldingYams,buy
2026-07-08T16:54:30.878174+00:00,02:54:22,ASML_DUAL,150.1,50,DiligentDonuts,FlawlessFlatbreads,sell
2026-07-08T16:54:30.878174+00:00,02:54:22,SAP,66.3,200,WavyWalnuts,YieldingYams,buy
2026-07-08T16:54:30.878174+00:00,02:54:22,ASML_202703_F,150.1,54,BoundlessBisons,AttentiveAntelopes,sell
2026-07-08T16:54:30.878174+00:00,02:54:22,NVDA,66.8,30,Aaron Tian,YieldingYams,sell
2026-07-08T16:54:30.878174+00:00,02:54:22,NVDA,66.8,500,AverageAlmonds,YieldingYams,sell
2026-07-08T16:54:30.878174+00:00,02:54:22,SAP_DUAL,66.0,56,HomelyHerrings,GroovyGrapefruits,sell
2026-07-08T16:54:30.878174+00:00,02:54:22,ASML_202612_F,149.0,100,BoundlessBisons,CapableCoyotes,sell
2026-07-08T16:54:30.878174+00:00,02:54:22,ASML_202612_F,149.0,50,Sze-Yong Ng,CapableCoyotes,sell
2026-07-08T16:54:30.878174+00:00,02:54:22,ASML_202612_F,149.0,14,Sze-Yong Ng,DownrightDogfish,sell
2026-07-08T16:54:30.878174+00:00,02:54:22,ASML_202612_F,148.3,36,CapableCoyotes,DownrightDogfish,sell
2026-07-08T16:54:30.878174+00:00,02:54:22,SAP,66.4,500,YieldingYams,AverageAlmonds,buy
2026-07-08T16:54:30.878174+00:00,02:54:22,SAP,66.5,30,YieldingYams,Aaron Tian,buy
2026-07-08T16:54:30.878174+00:00,02:54:22,SAP,66.5,95,YieldingYams,WavyWalnuts,buy
2026-07-08T16:54:30.878174+00:00,02:54:22,ASML_202703_F,150.1,46,BoundlessBisons,DownrightDogfish,sell
2026-07-08T16:54:30.878174+00:00,02:54:22,ASML_202703_F,150.0,4,Sze-Yong Ng,DownrightDogfish,sell
2026-07-08T16:54:30.878174+00:00,02:54:22,ASML_202703_F,150.0,46,Sze-Yong Ng,CapableCoyotes,sell
2026-07-08T16:54:30.878174+00:00,02:54:23,AAPL,188.8,125,AverageAlmonds,YieldingYams,buy
2026-07-08T16:54:30.878174+00:00,02:54:23,NVDA,66.8,95,AverageAlmonds,YieldingYams,buy
2026-07-08T16:54:30.878174+00:00,02:54:23,ASML_202706_F,151.4,50,BoundlessBisons,DownrightDogfish,sell
2026-07-08T16:54:30.878174+00:00,02:54:23,TSLA,8.1,200,AverageAlmonds,WavyWalnuts,sell
2026-07-08T16:54:30.878174+00:00,02:54:23,AAPL,188.8,200,AverageAlmonds,WavyWalnuts,sell
2026-07-08T16:54:30.878174+00:00,02:54:23,TSLA,8.1,300,AverageAlmonds,YieldingYams,sell
2026-07-08T16:54:30.878174+00:00,02:54:23,TSLA,8.1,200,Shen Jiang,YieldingYams,sell
2026-07-08T16:54:30.878174+00:00,02:54:23,TSLA,8.0,125,WavyWalnuts,YieldingYams,sell
2026-07-08T16:54:30.878174+00:00,02:54:23,ASML_202706_F,151.4,50,BoundlessBisons,CapableCoyotes,sell
2026-07-08T16:54:30.878174+00:00,02:54:23,ASML_202612_050P,24.4,10,EssentialEagles,Aaron Tian,buy
2026-07-08T16:54:30.878174+00:00,02:54:23,ASML,150.3,200,YieldingYams,WavyWalnuts,buy
2026-07-08T16:54:30.878174+00:00,02:54:23,OB5X_202612_120P,19.3,59,TactfulTangerines,ScholarlySpearmints,sell
2026-07-08T16:54:30.878174+00:00,02:54:23,ASML_DUAL,150.3,14,Xuanyu Liu,EarnestEspressos,buy
2026-07-08T16:54:30.878174+00:00,02:54:23,ASML,150.3,14,YieldingYams,Xuanyu Liu,sell
2026-07-08T16:54:30.878174+00:00,02:54:23,OB5X_ETF,65.6,316,NecessaryNutmegs,LivelyLasagnas,buy
2026-07-08T16:54:30.878174+00:00,02:54:23,OB5X_ETF,65.7,30,NecessaryNutmegs,Aaron Tian,buy
2026-07-08T16:54:30.878174+00:00,02:54:23,OB5X_202612_100P,12.6,10,ScholarlySpearmints,Aaron Tian,buy
2026-07-08T16:54:30.878174+00:00,02:54:23,OB5X_202612_100P,13.3,40,ScholarlySpearmints,VersatileVinegars,buy
2026-07-08T16:54:30.878174+00:00,02:54:23,OB5X_202612_100P,13.3,10,Aaron Tian,VersatileVinegars,buy
2026-07-08T16:54:30.878174+00:00,02:54:23,SAP,66.4,200,WavyWalnuts,AverageAlmonds,buy
2026-07-08T16:54:30.878174+00:00,02:54:23,ASML,150.3,200,YieldingYams,WavyWalnuts,sell
2026-07-08T16:54:30.878174+00:00,02:54:23,OB5X_202703_F,268.8,45,OriginalOlives,QuirkyQuinoas,buy
2026-07-08T16:54:30.878174+00:00,02:54:23,OB5X_202706_F,273.6,100,PowerfulPineapples,QuirkyQuinoas,buy
2026-07-08T16:54:30.878174+00:00,02:54:23,OB5X_202703_F,268.8,100,PowerfulPineapples,QuirkyQuinoas,buy
2026-07-08T16:54:30.878174+00:00,02:54:24,ASML_202612_050C,124.7,10,Aaron Tian,EssentialEagles,sell
2026-07-08T16:54:30.878174+00:00,02:54:24,ASML_202612_050C,124.6,38,GenerousGeckos,EssentialEagles,sell
2026-07-08T16:54:30.878174+00:00,02:54:24,OB5X_202612_F,265.9,100,PowerfulPineapples,QuirkyQuinoas,buy
2026-07-08T16:54:30.878174+00:00,02:54:24,SAP,66.3,30,Aaron Tian,YieldingYams,sell
2026-07-08T16:54:30.878174+00:00,02:54:24,ASML_202612_050P,24.0,58,FortunateFerrets,EssentialEagles,sell
2026-07-08T16:54:32.932174+00:00,02:54:24,AAPL,189.0,200,YieldingYams,WavyWalnuts,sell
2026-07-08T16:54:32.932174+00:00,02:54:24,NVDA,66.9,20,YieldingYams,BrilliantBurritos,sell
2026-07-08T16:54:32.932174+00:00,02:54:24,TSLA,8.2,200,YieldingYams,Sze-Yong Ng,buy
2026-07-08T16:54:32.932174+00:00,02:54:24,TSLA,8.2,425,YieldingYams,AverageAlmonds,buy
2026-07-08T16:54:32.932174+00:00,02:54:24,ASML_DUAL,150.2,50,DiligentDonuts,FlawlessFlatbreads,sell
2026-07-08T16:54:32.932174+00:00,02:54:24,SAP,66.3,200,WavyWalnuts,YieldingYams,buy
2026-07-08T16:54:32.932174+00:00,02:54:24,NVDA,66.9,200,YieldingYams,WavyWalnuts,sell
2026-07-08T16:54:32.932174+00:00,02:54:24,SAP_DUAL,66.3,41,GroovyGrapefruits,Shen Jiang,buy
2026-07-08T16:54:32.932174+00:00,02:54:24,OB5X_ETF,65.8,30,Aaron Tian,LivelyLasagnas,sell
2026-07-08T16:54:32.932174+00:00,02:54:25,ASML_202612_050P,24.5,50,EssentialEagles,GenerousGeckos,buy
2026-07-08T16:54:32.932174+00:00,02:54:25,ASML_202612_050P,24.5,6,EssentialEagles,FortunateFerrets,buy
2026-07-08T16:54:38.700185+00:00,02:54:25,ASML_202612_050P,24.0,42,FortunateFerrets,EssentialEagles,sell
2026-07-08T16:54:38.700185+00:00,02:54:25,ASML_202612_F,148.5,50,BoundlessBisons,DownrightDogfish,sell
2026-07-08T16:54:38.700185+00:00,02:54:25,ASML,150.2,20,YieldingYams,BrilliantBurritos,sell
2026-07-08T16:54:38.700185+00:00,02:54:25,OB5X_202706_F,273.6,50,RadiantRisottos,QuirkyQuinoas,buy
2026-07-08T16:54:38.700185+00:00,02:54:25,ASML_202703_F,149.6,50,BoundlessBisons,DownrightDogfish,sell
2026-07-08T16:54:38.700185+00:00,02:54:25,OB5X_ETF,65.8,470,NecessaryNutmegs,LivelyLasagnas,buy
2026-07-08T16:54:38.700185+00:00,02:54:25,OB5X_ETF,65.9,30,NecessaryNutmegs,MarvelousMilkshakes,buy
2026-07-08T16:54:38.700185+00:00,02:54:25,OB5X_202703_F,268.8,5,RadiantRisottos,QuirkyQuinoas,buy
2026-07-08T16:54:38.700185+00:00,02:54:25,ASML_202706_F,151.1,43,AttentiveAntelopes,CapableCoyotes,buy
2026-07-08T16:54:38.700185+00:00,02:54:25,OB5X_202706_F,273.1,50,QuirkyQuinoas,OriginalOlives,sell
2026-07-08T16:54:38.700185+00:00,02:54:25,ASML_202706_F,150.8,50,BoundlessBisons,DownrightDogfish,sell
2026-07-08T16:54:38.700185+00:00,02:54:25,OB5X_202612_F,265.9,50,RadiantRisottos,QuirkyQuinoas,buy
2026-07-08T16:54:38.700185+00:00,02:54:25,TSLA,8.1,200,AverageAlmonds,WavyWalnuts,sell
2026-07-08T16:54:38.700185+00:00,02:54:25,AAPL,188.9,200,AverageAlmonds,WavyWalnuts,sell
2026-07-08T16:54:38.700185+00:00,02:54:25,TSLA,8.1,300,AverageAlmonds,YieldingYams,sell
2026-07-08T16:54:38.700185+00:00,02:54:25,TSLA,8.1,200,Sze-Yong Ng,YieldingYams,sell
2026-07-08T16:54:38.700185+00:00,02:54:25,TSLA,8.0,30,Aaron Tian,YieldingYams,sell
2026-07-08T16:54:38.700185+00:00,02:54:25,TSLA,8.0,95,WavyWalnuts,YieldingYams,sell
2026-07-08T16:54:38.700185+00:00,02:54:25,NVDA,66.7,20,YieldingYams,BrilliantBurritos,sell
2026-07-08T16:54:38.700185+00:00,02:54:25,OB5X_202612_080C,190.7,47,ScholarlySpearmints,TactfulTangerines,buy
2026-07-08T16:54:38.700185+00:00,02:54:25,SAP_DUAL,66.0,41,HomelyHerrings,GroovyGrapefruits,sell
2026-07-08T16:54:38.700185+00:00,02:54:25,OB5X_202612_080C,189.9,43,VersatileVinegars,ScholarlySpearmints,sell
2026-07-08T16:54:38.700185+00:00,02:54:26,ASML,150.3,200,YieldingYams,WavyWalnuts,sell
2026-07-08T16:54:38.700185+00:00,02:54:26,OB5X_202612_100C,172.4,49,ScholarlySpearmints,TactfulTangerines,buy
2026-07-08T16:54:38.700185+00:00,02:54:26,ASML_202612_075C,118.0,10,Aaron Tian,EssentialEagles,sell
2026-07-08T16:54:38.700185+00:00,02:54:26,ASML_202612_075C,117.6,44,GenerousGeckos,EssentialEagles,sell
2026-07-08T16:54:38.700185+00:00,02:54:26,ASML_202612_F,149.0,100,CapableCoyotes,BoundlessBisons,buy
2026-07-08T16:54:38.700185+00:00,02:54:26,ASML_202612_F,149.1,50,CapableCoyotes,Sze-Yong Ng,buy
2026-07-08T16:54:38.700185+00:00,02:54:26,OB5X_202612_100P,13.4,50,ScholarlySpearmints,VersatileVinegars,buy
