captured_at,time,ticker,price,volume,buyer,seller,aggressor
2026-06-30T17:46:13.243005+00:00,03:45:38,SAP_DUAL,51.5,44,InfiniteIcecreams,GroovyGrapefruits,sell
2026-06-30T17:46:13.243005+00:00,03:45:38,ASML,68.9,20,WavyWalnuts,BrilliantBurritos,sell
2026-06-30T17:46:13.243005+00:00,03:45:38,TSLA,10.9,145,YieldingYams,WavyWalnuts,sell
2026-06-30T17:46:13.243005+00:00,03:45:38,TSLA,10.8,55,Sze-Yong Ng,WavyWalnuts,sell
2026-06-30T17:46:13.243005+00:00,03:45:38,SAP,51.2,124,WavyWalnuts,YieldingYams,buy
2026-06-30T17:46:13.243005+00:00,03:45:38,OB5X_ETF,41.3,234,MarvelousMilkshakes,KindlyKales,sell
2026-06-30T17:46:13.243005+00:00,03:45:38,ASML,69.0,200,WavyWalnuts,YieldingYams,sell
2026-06-30T17:46:13.243005+00:00,03:45:38,SAP_DUAL,51.7,50,GroovyGrapefruits,HomelyHerrings,buy
2026-06-30T17:46:13.243005+00:00,03:45:38,ASML_202612_075C,47.1,50,FortunateFerrets,EssentialEagles,sell
2026-06-30T17:46:13.243005+00:00,03:45:38,SAP_DUAL,51.5,3,InfiniteIcecreams,GroovyGrapefruits,sell
2026-06-30T17:46:13.243005+00:00,03:45:38,ASML_202612_100P,73.4,3,FortunateFerrets,EssentialEagles,sell
2026-06-30T17:46:13.243005+00:00,03:45:38,ASML_202612_100P,73.4,43,GenerousGeckos,EssentialEagles,sell
2026-06-30T17:46:13.243005+00:00,03:45:38,ASML_DUAL,69.0,10,FlawlessFlatbreads,Zijun Feng,buy
2026-06-30T17:46:13.243005+00:00,03:45:38,ASML_DUAL,69.1,40,FlawlessFlatbreads,DiligentDonuts,buy
2026-06-30T17:46:13.243005+00:00,03:45:38,OB5X_202612_080P,15.8,43,VersatileVinegars,ScholarlySpearmints,sell
2026-06-30T17:46:13.243005+00:00,03:45:38,ASML_202612_F,70.1,50,DownrightDogfish,BoundlessBisons,buy
2026-06-30T17:46:13.243005+00:00,03:45:39,ASML_202703_F,70.7,50,DownrightDogfish,BoundlessBisons,buy
2026-06-30T17:46:13.243005+00:00,03:45:39,SAP_DUAL,51.2,50,HomelyHerrings,JazzyJellies,sell
2026-06-30T17:46:13.243005+00:00,03:45:39,ASML_202706_F,71.3,50,DownrightDogfish,BoundlessBisons,buy
2026-06-30T17:46:13.243005+00:00,03:45:39,TSLA,10.8,500,AverageAlmonds,YieldingYams,sell
2026-06-30T17:46:13.243005+00:00,03:45:39,TSLA,10.8,125,Sze-Yong Ng,YieldingYams,sell
2026-06-30T17:46:13.243005+00:00,03:45:39,OB5X_202612_100P,26.4,46,ScholarlySpearmints,TactfulTangerines,buy
2026-06-30T17:46:13.243005+00:00,03:45:39,TSLA,10.8,200,AverageAlmonds,WavyWalnuts,sell
2026-06-30T17:46:13.243005+00:00,03:45:39,ASML,69.0,200,WavyWalnuts,YieldingYams,buy
2026-06-30T17:46:13.243005+00:00,03:45:39,SAP,51.2,200,YieldingYams,WavyWalnuts,sell
2026-06-30T17:46:13.243005+00:00,03:45:39,ASML_202612_075P,52.4,40,EssentialEagles,FortunateFerrets,buy
2026-06-30T17:46:13.243005+00:00,03:45:39,OB5X_ETF,41.4,500,NecessaryNutmegs,LivelyLasagnas,buy
2026-06-30T17:46:13.243005+00:00,03:45:39,ASML,69.1,200,YieldingYams,WavyWalnuts,buy
2026-06-30T17:46:13.243005+00:00,03:45:39,ASML_DUAL,69.1,8,Tanishq Panjwani,DiligentDonuts,buy
2026-06-30T17:46:13.243005+00:00,03:45:39,ASML,69.2,8,YieldingYams,Tanishq Panjwani,sell
2026-06-30T17:46:13.243005+00:00,03:45:39,AAPL,136.4,200,WavyWalnuts,YieldingYams,sell
2026-06-30T17:46:13.243005+00:00,03:45:40,SAP,51.2,500,AverageAlmonds,YieldingYams,buy
2026-06-30T17:46:13.243005+00:00,03:45:40,OB5X_ETF,41.4,32,LivelyLasagnas,Tanishq Panjwani,sell
2026-06-30T17:46:13.243005+00:00,03:45:40,ASML,69.3,7,Tanishq Panjwani,AverageAlmonds,buy
2026-06-30T17:46:13.243005+00:00,03:45:40,AAPL,136.4,1,Tanishq Panjwani,YieldingYams,buy
2026-06-30T17:46:13.243005+00:00,03:45:40,SAP,51.2,1,Tanishq Panjwani,YieldingYams,buy
2026-06-30T17:46:13.243005+00:00,03:45:40,TSLA,11.0,18,Tanishq Panjwani,AverageAlmonds,buy
2026-06-30T17:46:13.243005+00:00,03:45:40,NVDA,45.3,8,Tanishq Panjwani,YieldingYams,buy
2026-06-30T17:46:13.243005+00:00,03:45:40,ASML_DUAL,69.1,7,Tanishq Panjwani,Zijun Feng,buy
2026-06-30T17:46:13.243005+00:00,03:45:40,ASML,69.2,7,YieldingYams,Tanishq Panjwani,sell
2026-06-30T17:46:13.243005+00:00,03:45:40,ASML,69.2,20,YieldingYams,BrilliantBurritos,sell
2026-06-30T17:46:13.243005+00:00,03:45:40,OB5X_202612_120C,73.7,57,ScholarlySpearmints,ScholarlySpearmints,sell
2026-06-30T17:46:13.243005+00:00,03:45:40,OB5X_202612_080C,91.3,40,VersatileVinegars,ScholarlySpearmints,sell
2026-06-30T17:46:13.243005+00:00,03:45:40,SAP_DUAL,51.5,51,GroovyGrapefruits,InfiniteIcecreams,buy
2026-06-30T17:46:13.243005+00:00,03:45:40,SAP,51.2,124,AverageAlmonds,YieldingYams,buy
2026-06-30T17:46:13.243005+00:00,03:45:40,ASML,69.2,390,YieldingYams,AverageAlmonds,sell
2026-06-30T17:46:13.243005+00:00,03:45:40,NVDA,45.3,200,WavyWalnuts,YieldingYams,buy
2026-06-30T17:46:13.243005+00:00,03:45:40,ASML_202612_075P,52.4,56,EssentialEagles,FortunateFerrets,buy
2026-06-30T17:46:13.243005+00:00,03:45:40,ASML_202612_050P,31.4,44,GenerousGeckos,EssentialEagles,sell
2026-06-30T17:46:13.243005+00:00,03:45:40,ASML_DUAL,68.9,50,EarnestEspressos,FlawlessFlatbreads,sell
2026-06-30T17:46:13.243005+00:00,03:45:41,SAP_DUAL,51.5,50,JazzyJellies,InfiniteIcecreams,buy
2026-06-30T17:46:13.243005+00:00,03:45:41,ASML,69.0,200,WavyWalnuts,YieldingYams,sell
2026-06-30T17:46:13.243005+00:00,03:45:41,ASML_202612_F,70.1,50,DownrightDogfish,BoundlessBisons,buy
2026-06-30T17:46:13.243005+00:00,03:45:41,NVDA,45.4,200,YieldingYams,Sze-Yong Ng,buy
2026-06-30T17:46:13.243005+00:00,03:45:41,NVDA,45.4,200,YieldingYams,WavyWalnuts,buy
2026-06-30T17:46:13.243005+00:00,03:45:41,ASML_202703_F,70.7,50,DownrightDogfish,BoundlessBisons,buy
2026-06-30T17:46:13.243005+00:00,03:45:41,ASML_202612_F,70.1,100,BoundlessBisons,CapableCoyotes,buy
2026-06-30T17:46:13.243005+00:00,03:45:41,ASML_202706_F,71.3,50,DownrightDogfish,BoundlessBisons,buy
2026-06-30T17:46:13.243005+00:00,03:45:41,OB5X_ETF,41.5,500,NecessaryNutmegs,MarvelousMilkshakes,buy
2026-06-30T17:46:13.243005+00:00,03:45:41,ASML_202612_100P,73.9,48,EssentialEagles,FortunateFerrets,buy
2026-06-30T17:46:13.243005+00:00,03:45:41,ASML_DUAL,68.9,46,EarnestEspressos,CostlyCorianders,sell
2026-06-30T17:46:13.243005+00:00,03:45:41,ASML_202612_050P,31.8,47,EssentialEagles,GenerousGeckos,buy
2026-06-30T17:46:13.243005+00:00,03:45:41,TSLA,10.9,20,Sze-Yong Ng,WavyWalnuts,sell
2026-06-30T17:46:13.243005+00:00,03:45:41,TSLA,10.9,180,YieldingYams,WavyWalnuts,sell
2026-06-30T17:46:13.243005+00:00,03:45:41,SAP,51.2,200,AverageAlmonds,WavyWalnuts,sell
2026-06-30T17:46:13.243005+00:00,03:45:42,OB5X_ETF,41.4,207,LivelyLasagnas,KindlyKales,sell
2026-06-30T17:46:13.243005+00:00,03:45:42,ASML_202612_F,70.3,46,AttentiveAntelopes,CapableCoyotes,buy
2026-06-30T17:46:13.243005+00:00,03:45:42,ASML_202706_F,71.3,54,AttentiveAntelopes,CapableCoyotes,buy
2026-06-30T17:46:13.243005+00:00,03:45:42,ASML,69.1,200,YieldingYams,WavyWalnuts,buy
2026-06-30T17:46:13.243005+00:00,03:45:42,NVDA,45.4,200,WavyWalnuts,YieldingYams,sell
2026-06-30T17:46:13.243005+00:00,03:45:42,NVDA,45.3,200,Sze-Yong Ng,YieldingYams,sell
2026-06-30T17:46:13.243005+00:00,03:45:42,ASML,69.2,20,BrilliantBurritos,AverageAlmonds,buy
2026-06-30T17:46:13.243005+00:00,03:45:43,ASML_202612_100C,44.3,44,EssentialEagles,FortunateFerrets,buy
2026-06-30T17:46:13.243005+00:00,03:45:43,NVDA,45.3,200,WavyWalnuts,YieldingYams,buy
2026-06-30T17:46:13.243005+00:00,03:45:43,ASML,69.1,200,YieldingYams,WavyWalnuts,sell
2026-06-30T17:46:13.243005+00:00,03:45:43,ASML_202612_075C,47.5,53,EssentialEagles,FortunateFerrets,buy
2026-06-30T17:46:13.243005+00:00,03:45:43,SAP_DUAL,51.3,50,HomelyHerrings,JazzyJellies,sell
2026-06-30T17:46:13.243005+00:00,03:45:43,ASML_202612_050C,51.6,59,EssentialEagles,FortunateFerrets,buy
2026-06-30T17:46:13.243005+00:00,03:45:43,OB5X_202612_120C,72.4,40,VersatileVinegars,ScholarlySpearmints,sell
2026-06-30T17:46:13.243005+00:00,03:45:43,ASML_202612_F,70.3,50,DownrightDogfish,CapableCoyotes,buy
2026-06-30T17:46:13.243005+00:00,03:45:43,OB5X_202612_080C,91.2,49,VersatileVinegars,ScholarlySpearmints,sell
2026-06-30T17:46:13.243005+00:00,03:45:43,ASML_202703_F,70.8,50,DownrightDogfish,CapableCoyotes,buy
2026-06-30T17:46:13.243005+00:00,03:45:43,SAP,51.2,200,WavyWalnuts,YieldingYams,sell
2026-06-30T17:46:13.243005+00:00,03:45:43,ASML_202706_F,71.3,9,DownrightDogfish,Sze-Yong Ng,buy
2026-06-30T17:46:13.243005+00:00,03:45:43,ASML_202706_F,71.4,41,DownrightDogfish,CapableCoyotes,buy
2026-06-30T17:46:13.243005+00:00,03:45:43,SAP,51.2,425,AverageAlmonds,YieldingYams,buy
2026-06-30T17:46:13.243005+00:00,03:45:43,OB5X_202612_100P,25.3,44,TactfulTangerines,ScholarlySpearmints,sell
2026-06-30T17:46:13.243005+00:00,03:45:43,NVDA,45.4,200,YieldingYams,Sze-Yong Ng,buy
2026-06-30T17:46:13.243005+00:00,03:45:43,OB5X_ETF,41.5,250,NecessaryNutmegs,MarvelousMilkshakes,buy
2026-06-30T17:46:13.243005+00:00,03:45:43,OB5X_ETF,41.5,250,NecessaryNutmegs,LivelyLasagnas,buy
2026-06-30T17:46:13.243005+00:00,03:45:44,OB5X_ETF,41.5,250,MarvelousMilkshakes,LivelyLasagnas,buy
2026-06-30T17:46:13.243005+00:00,03:45:44,ASML_202612_075C,47.1,50,GenerousGeckos,EssentialEagles,sell
2026-06-30T17:46:13.243005+00:00,03:45:44,ASML_202612_075C,46.9,6,FortunateFerrets,EssentialEagles,sell
2026-06-30T17:46:13.243005+00:00,03:45:44,TSLA,11.0,180,YieldingYams,Sze-Yong Ng,buy
2026-06-30T17:46:13.243005+00:00,03:45:44,TSLA,11.0,20,YieldingYams,Sze-Yong Ng,buy
2026-06-30T17:46:13.243005+00:00,03:45:44,TSLA,11.0,200,YieldingYams,WavyWalnuts,buy
2026-06-30T17:46:13.243005+00:00,03:45:44,TSLA,11.0,225,YieldingYams,AverageAlmonds,buy
2026-06-30T17:46:13.243005+00:00,03:45:44,TSLA,11.0,200,WavyWalnuts,AverageAlmonds,buy
2026-06-30T17:46:13.243005+00:00,03:45:44,NVDA,45.4,200,YieldingYams,WavyWalnuts,sell
2026-06-30T17:46:13.243005+00:00,03:45:44,AAPL,136.5,200,WavyWalnuts,YieldingYams,buy
2026-06-30T17:46:13.243005+00:00,03:45:45,ASML_202703_F,70.8,100,BoundlessBisons,CapableCoyotes,buy
2026-06-30T17:46:13.243005+00:00,03:45:45,SAP,51.2,200,YieldingYams,WavyWalnuts,buy
2026-06-30T17:46:13.243005+00:00,03:45:45,SAP,51.3,200,YieldingYams,Sze-Yong Ng,buy
2026-06-30T17:46:13.243005+00:00,03:45:45,ASML,69.2,500,YieldingYams,AverageAlmonds,buy
2026-06-30T17:46:13.243005+00:00,03:45:45,OB5X_202612_080C,92.2,41,ScholarlySpearmints,TactfulTangerines,buy
2026-06-30T17:46:13.243005+00:00,03:45:45,ASML_DUAL,69.3,50,FlawlessFlatbreads,DiligentDonuts,buy
2026-06-30T17:46:13.243005+00:00,03:45:45,ASML_202612_F,70.2,42,BoundlessBisons,AttentiveAntelopes,sell
2026-06-30T17:46:13.243005+00:00,03:45:45,ASML_202706_F,71.4,100,BoundlessBisons,CapableCoyotes,buy
2026-06-30T17:46:13.243005+00:00,03:45:45,SAP_DUAL,51.3,50,InfiniteIcecreams,JazzyJellies,sell
2026-06-30T17:46:13.243005+00:00,03:45:45,ASML_202612_F,70.7,100,CapableCoyotes,BoundlessBisons,buy
2026-06-30T17:46:13.243005+00:00,03:45:45,ASML,69.3,70,Andy Garg,WavyWalnuts,buy
2026-06-30T17:46:13.243005+00:00,03:45:45,ASML_202612_F,71.2,50,CapableCoyotes,Andy Garg,sell
2026-06-30T17:46:13.243005+00:00,03:45:45,ASML_202612_075P,51.9,59,FortunateFerrets,EssentialEagles,sell
2026-06-30T17:46:13.243005+00:00,03:45:45,TSLA,11.0,20,BrilliantBurritos,AverageAlmonds,buy
2026-06-30T17:46:13.243005+00:00,03:45:45,ASML,69.2,125,YieldingYams,AverageAlmonds,sell
2026-06-30T17:46:13.243005+00:00,03:45:45,ASML_202612_F,70.2,20,BoundlessBisons,Andy Garg,sell
2026-06-30T17:46:13.243005+00:00,03:45:45,AAPL,136.4,200,YieldingYams,Sze-Yong Ng,sell
2026-06-30T17:46:13.243005+00:00,03:45:45,ASML_202703_F,71.4,100,CapableCoyotes,BoundlessBisons,buy
2026-06-30T17:46:13.243005+00:00,03:45:45,TSLA,11.0,200,WavyWalnuts,AverageAlmonds,buy
2026-06-30T17:46:13.243005+00:00,03:45:45,SAP,51.4,200,WavyWalnuts,YieldingYams,buy
2026-06-30T17:46:13.243005+00:00,03:45:45,NVDA,45.3,200,Sze-Yong Ng,WavyWalnuts,sell
2026-06-30T17:46:13.243005+00:00,03:45:45,TSLA,10.8,200,Sze-Yong Ng,YieldingYams,sell
2026-06-30T17:46:13.243005+00:00,03:45:45,TSLA,10.8,425,AverageAlmonds,YieldingYams,sell
2026-06-30T17:46:13.243005+00:00,03:45:45,ASML,69.2,30,Andy Garg,AverageAlmonds,buy
2026-06-30T17:46:13.243005+00:00,03:45:45,ASML_202703_F,71.7,50,CapableCoyotes,Andy Garg,sell
2026-06-30T17:46:13.243005+00:00,03:45:45,ASML_202706_F,71.9,100,CapableCoyotes,BoundlessBisons,buy
2026-06-30T17:46:13.243005+00:00,03:45:45,ASML_202706_F,72.3,25,CapableCoyotes,Andy Garg,sell
2026-06-30T17:46:13.243005+00:00,03:45:45,ASML_202706_F,72.3,25,CapableCoyotes,Andy Garg,sell
2026-06-30T17:46:13.243005+00:00,03:45:45,ASML_202612_F,70.2,38,BoundlessBisons,DownrightDogfish,sell
2026-06-30T17:46:13.243005+00:00,03:45:45,ASML_202612_F,70.1,12,Sze-Yong Ng,DownrightDogfish,sell
2026-06-30T17:46:13.243005+00:00,03:45:46,OB5X_ETF,41.6,500,MarvelousMilkshakes,NecessaryNutmegs,sell
2026-06-30T17:46:13.243005+00:00,03:45:46,NVDA,45.5,20,BrilliantBurritos,YieldingYams,buy
2026-06-30T17:46:13.243005+00:00,03:45:46,SAP,51.4,20,BrilliantBurritos,YieldingYams,buy
2026-06-30T17:46:13.243005+00:00,03:45:46,ASML_DUAL,68.8,40,DiligentDonuts,CostlyCorianders,sell
2026-06-30T17:46:13.243005+00:00,03:45:46,ASML,69.0,200,WavyWalnuts,YieldingYams,sell
2026-06-30T17:46:13.243005+00:00,03:45:46,OB5X_202612_120C,73.9,50,ScholarlySpearmints,VersatileVinegars,buy
2026-06-30T17:46:13.243005+00:00,03:45:46,OB5X_202612_120C,74.1,6,ScholarlySpearmints,TactfulTangerines,buy
2026-06-30T17:46:13.243005+00:00,03:45:46,TSLA,11.0,20,BrilliantBurritos,AverageAlmonds,buy
2026-06-30T17:46:13.243005+00:00,03:45:46,AAPL,136.5,200,WavyWalnuts,YieldingYams,sell
2026-06-30T17:46:13.243005+00:00,03:45:46,ASML_202612_075C,47.2,50,FortunateFerrets,EssentialEagles,sell
2026-06-30T17:46:13.243005+00:00,03:45:46,OB5X_202612_F,157.0,51,OriginalOlives,QuirkyQuinoas,buy
2026-06-30T17:46:13.243005+00:00,03:45:46,OB5X_202612_120P,37.5,53,ScholarlySpearmints,TactfulTangerines,buy
2026-06-30T17:46:13.243005+00:00,03:45:46,SAP,51.3,200,WavyWalnuts,YieldingYams,buy
2026-06-30T17:46:13.243005+00:00,03:45:46,AAPL,136.5,200,WavyWalnuts,YieldingYams,buy
2026-06-30T17:46:13.243005+00:00,03:45:46,NVDA,45.3,200,YieldingYams,WavyWalnuts,sell
2026-06-30T17:46:13.243005+00:00,03:45:47,ASML_DUAL,68.7,50,EarnestEspressos,FlawlessFlatbreads,sell
2026-06-30T17:46:13.243005+00:00,03:45:47,OB5X_202706_F,158.8,50,PowerfulPineapples,RadiantRisottos,sell
2026-06-30T17:46:13.243005+00:00,03:45:47,SAP_DUAL,51.5,50,JazzyJellies,HomelyHerrings,buy
2026-06-30T17:46:13.243005+00:00,03:45:47,OB5X_202703_F,157.6,50,PowerfulPineapples,RadiantRisottos,sell
2026-06-30T17:46:13.243005+00:00,03:45:47,OB5X_202612_F,156.4,50,PowerfulPineapples,RadiantRisottos,sell
2026-06-30T17:46:13.243005+00:00,03:45:47,SAP_DUAL,51.2,46,InfiniteIcecreams,GroovyGrapefruits,sell
2026-06-30T17:46:13.243005+00:00,03:45:47,ASML_202612_075P,51.9,43,FortunateFerrets,EssentialEagles,sell
2026-06-30T17:46:13.243005+00:00,03:45:47,ASML_202612_100P,73.4,44,GenerousGeckos,EssentialEagles,sell
2026-06-30T17:46:13.243005+00:00,03:45:47,ASML,69.0,200,YieldingYams,WavyWalnuts,buy
2026-06-30T17:46:13.243005+00:00,03:45:47,ASML_202612_050C,51.5,47,EssentialEagles,GenerousGeckos,buy
2026-06-30T17:46:13.243005+00:00,03:45:47,ASML_DUAL,69.1,44,CostlyCorianders,DiligentDonuts,buy
2026-06-30T17:46:13.243005+00:00,03:45:48,SAP,51.3,200,WavyWalnuts,YieldingYams,buy
2026-06-30T17:46:13.243005+00:00,03:45:48,NVDA,45.3,200,YieldingYams,WavyWalnuts,sell
2026-06-30T17:46:13.243005+00:00,03:45:48,OB5X_202612_120C,73.8,50,ScholarlySpearmints,VersatileVinegars,sell
2026-06-30T17:46:13.243005+00:00,03:45:48,ASML_DUAL,69.1,47,CostlyCorianders,DiligentDonuts,buy
2026-06-30T17:46:13.243005+00:00,03:45:48,OB5X_ETF,41.4,500,LivelyLasagnas,NecessaryNutmegs,sell
2026-06-30T17:46:13.243005+00:00,03:45:48,TSLA,10.9,200,YieldingYams,WavyWalnuts,buy
2026-06-30T17:46:13.243005+00:00,03:45:48,ASML_202703_F,70.8,25,BoundlessBisons,Andy Garg,sell
2026-06-30T17:46:13.243005+00:00,03:45:48,OB5X_ETF,41.3,212,MarvelousMilkshakes,KindlyKales,sell
2026-06-30T17:46:13.243005+00:00,03:45:48,ASML_202706_F,71.3,35,BoundlessBisons,Andy Garg,sell
2026-06-30T17:46:13.243005+00:00,03:45:48,ASML_202612_F,70.6,60,Andy Garg,BoundlessBisons,buy
2026-06-30T17:46:13.243005+00:00,03:45:48,SAP_DUAL,51.3,54,HomelyHerrings,GroovyGrapefruits,sell
2026-06-30T17:46:13.243005+00:00,03:45:48,ASML_202612_100C,44.0,52,FortunateFerrets,EssentialEagles,sell
2026-06-30T17:46:13.243005+00:00,03:45:49,AAPL,136.6,200,YieldingYams,WavyWalnuts,buy
2026-06-30T17:46:13.243005+00:00,03:45:49,TSLA,10.9,200,YieldingYams,WavyWalnuts,sell
2026-06-30T17:46:13.243005+00:00,03:45:49,SAP,51.3,200,WavyWalnuts,YieldingYams,buy
2026-06-30T17:46:13.243005+00:00,03:45:49,ASML_202612_F,70.4,43,AttentiveAntelopes,CapableCoyotes,buy
2026-06-30T17:46:13.243005+00:00,03:45:49,ASML_202612_100C,44.0,48,FortunateFerrets,EssentialEagles,sell
2026-06-30T17:46:13.243005+00:00,03:45:49,AAPL,136.6,425,YieldingYams,AverageAlmonds,sell
2026-06-30T17:46:13.243005+00:00,03:45:49,ASML_DUAL,68.9,100,DiligentDonuts,EarnestEspressos,buy
2026-06-30T17:46:13.243005+00:00,03:45:50,OB5X_ETF,41.5,204,KindlyKales,MarvelousMilkshakes,buy
2026-06-30T17:46:13.243005+00:00,03:45:50,ASML_DUAL,68.9,41,CostlyCorianders,EarnestEspressos,buy
2026-06-30T17:46:13.243005+00:00,03:45:50,OB5X_ETF,41.3,500,MarvelousMilkshakes,NecessaryNutmegs,sell
2026-06-30T17:46:13.243005+00:00,03:45:50,ASML,69.0,200,WavyWalnuts,YieldingYams,sell
2026-06-30T17:46:13.243005+00:00,03:45:50,AAPL,136.5,200,WavyWalnuts,AverageAlmonds,sell
2026-06-30T17:46:13.243005+00:00,03:45:50,OB5X_ETF,41.3,500,LivelyLasagnas,MarvelousMilkshakes,sell
2026-06-30T17:46:13.243005+00:00,03:45:50,ASML_202612_F,70.4,50,DownrightDogfish,CapableCoyotes,buy
2026-06-30T17:46:13.243005+00:00,03:45:50,ASML_202703_F,70.9,50,DownrightDogfish,CapableCoyotes,buy
2026-06-30T17:46:13.243005+00:00,03:45:50,ASML_202706_F,71.5,50,DownrightDogfish,CapableCoyotes,buy
2026-06-30T17:46:13.243005+00:00,03:45:50,TSLA,10.9,200,YieldingYams,Sze-Yong Ng,buy
2026-06-30T17:46:13.243005+00:00,03:45:50,TSLA,10.9,200,YieldingYams,WavyWalnuts,buy
2026-06-30T17:46:13.243005+00:00,03:45:50,OB5X_202612_120C,72.6,50,TactfulTangerines,ScholarlySpearmints,sell
2026-06-30T17:46:13.243005+00:00,03:45:51,NVDA,45.4,200,WavyWalnuts,AverageAlmonds,sell
2026-06-30T17:46:13.243005+00:00,03:45:51,ASML_DUAL,68.9,10,EarnestEspressos,Zijun Feng,buy
2026-06-30T17:46:13.243005+00:00,03:45:51,ASML_202612_F,70.1,59,BoundlessBisons,AttentiveAntelopes,sell
2026-06-30T17:46:13.243005+00:00,03:45:51,ASML_DUAL,69.4,50,FlawlessFlatbreads,DiligentDonuts,buy
2026-06-30T17:46:13.243005+00:00,03:45:51,ASML_202703_F,70.9,46,AttentiveAntelopes,CapableCoyotes,buy
2026-06-30T17:46:13.243005+00:00,03:45:51,ASML_202706_F,71.3,59,BoundlessBisons,AttentiveAntelopes,sell
2026-06-30T17:46:13.243005+00:00,03:45:51,SAP,51.3,200,WavyWalnuts,YieldingYams,buy
2026-06-30T17:46:13.243005+00:00,03:45:51,ASML,69.0,200,WavyWalnuts,YieldingYams,buy
2026-06-30T17:46:13.243005+00:00,03:45:51,NVDA,45.4,200,WavyWalnuts,AverageAlmonds,buy
2026-06-30T17:46:13.243005+00:00,03:45:51,SAP_DUAL,51.5,46,GroovyGrapefruits,InfiniteIcecreams,buy
2026-06-30T17:46:13.243005+00:00,03:45:51,ASML_DUAL,68.9,43,EarnestEspressos,CostlyCorianders,sell
2026-06-30T17:46:13.243005+00:00,03:45:51,ASML_202612_050C,51.4,49,FortunateFerrets,EssentialEagles,sell
2026-06-30T17:46:13.243005+00:00,03:45:51,ASML_202612_050P,31.8,54,EssentialEagles,FortunateFerrets,buy
2026-06-30T17:46:13.243005+00:00,03:45:52,TSLA,10.9,200,WavyWalnuts,YieldingYams,sell
2026-06-30T17:46:13.243005+00:00,03:45:52,TSLA,10.9,200,Sze-Yong Ng,YieldingYams,sell
2026-06-30T17:46:13.243005+00:00,03:45:52,TSLA,10.8,225,AverageAlmonds,YieldingYams,sell
2026-06-30T17:46:13.243005+00:00,03:45:52,OB5X_202612_080C,91.4,49,TactfulTangerines,ScholarlySpearmints,sell
2026-06-30T17:46:13.243005+00:00,03:45:52,OB5X_ETF,41.1,500,MarvelousMilkshakes,NecessaryNutmegs,sell
2026-06-30T17:46:13.243005+00:00,03:45:52,ASML_202612_F,70.2,100,CapableCoyotes,BoundlessBisons,buy
2026-06-30T17:46:13.243005+00:00,03:45:52,ASML_202612_F,70.3,50,CapableCoyotes,Andy Garg,sell
2026-06-30T17:46:13.243005+00:00,03:45:52,ASML_202706_F,71.3,60,Andy Garg,BoundlessBisons,buy
2026-06-30T17:46:13.243005+00:00,03:45:52,ASML_202706_F,71.2,60,Sze-Yong Ng,Andy Garg,sell
2026-06-30T17:46:13.243005+00:00,03:45:52,ASML_202612_F,70.8,50,Andy Garg,CapableCoyotes,buy
2026-06-30T17:46:13.243005+00:00,03:45:52,ASML_202706_F,71.3,40,CapableCoyotes,BoundlessBisons,buy
2026-06-30T17:46:13.243005+00:00,03:45:52,SAP_DUAL,51.6,44,GroovyGrapefruits,InfiniteIcecreams,buy
2026-06-30T17:46:13.243005+00:00,03:45:52,ASML_202612_F,70.1,52,Sze-Yong Ng,Andy Garg,sell
2026-06-30T17:46:13.243005+00:00,03:45:52,SAP_DUAL,51.2,47,HomelyHerrings,GroovyGrapefruits,sell
2026-06-30T17:46:13.243005+00:00,03:45:52,ASML_202612_F,70.8,52,Andy Garg,CapableCoyotes,buy
2026-06-30T17:46:13.243005+00:00,03:45:52,ASML_202612_F,69.7,50,BoundlessBisons,DownrightDogfish,sell
2026-06-30T17:46:13.243005+00:00,03:45:52,SAP,51.3,200,WavyWalnuts,YieldingYams,buy
2026-06-30T17:46:13.243005+00:00,03:45:52,NVDA,45.4,200,WavyWalnuts,YieldingYams,buy
2026-06-30T17:46:13.243005+00:00,03:45:52,SAP,51.4,200,YieldingYams,WavyWalnuts,buy
2026-06-30T17:46:13.243005+00:00,03:45:52,ASML_202703_F,70.8,50,CapableCoyotes,DownrightDogfish,sell
2026-06-30T17:46:13.243005+00:00,03:45:53,NVDA,45.4,200,YieldingYams,Sze-Yong Ng,buy
2026-06-30T17:46:13.243005+00:00,03:45:53,NVDA,45.4,425,YieldingYams,AverageAlmonds,buy
2026-06-30T17:46:13.243005+00:00,03:45:53,ASML_202706_F,71.4,50,CapableCoyotes,DownrightDogfish,sell
2026-06-30T17:46:13.243005+00:00,03:45:53,AAPL,136.5,20,BrilliantBurritos,AverageAlmonds,buy
2026-06-30T17:46:13.243005+00:00,03:45:53,ASML_DUAL,68.9,44,EarnestEspressos,CostlyCorianders,sell
2026-06-30T17:46:13.243005+00:00,03:45:53,ASML_202612_100P,73.4,44,FortunateFerrets,EssentialEagles,sell
2026-06-30T17:46:13.243005+00:00,03:45:53,ASML_202612_050C,51.5,50,EssentialEagles,GenerousGeckos,buy
2026-06-30T17:46:13.243005+00:00,03:45:53,ASML_202612_050C,51.6,8,EssentialEagles,FortunateFerrets,buy
2026-06-30T17:46:13.243005+00:00,03:45:53,SAP,51.4,425,YieldingYams,AverageAlmonds,sell
2026-06-30T17:46:13.243005+00:00,03:45:53,SAP_DUAL,51.2,50,HomelyHerrings,JazzyJellies,sell
2026-06-30T17:46:13.243005+00:00,03:45:54,TSLA,11.0,200,WavyWalnuts,Sze-Yong Ng,buy
2026-06-30T17:46:13.243005+00:00,03:45:54,ASML,69.0,200,WavyWalnuts,YieldingYams,buy
2026-06-30T17:46:13.243005+00:00,03:45:54,SAP,51.3,200,WavyWalnuts,YieldingYams,sell
2026-06-30T17:46:13.243005+00:00,03:45:54,SAP,51.2,200,Sze-Yong Ng,YieldingYams,sell
2026-06-30T17:46:13.243005+00:00,03:45:54,OB5X_202706_F,158.7,50,QuirkyQuinoas,RadiantRisottos,sell
2026-06-30T17:46:13.243005+00:00,03:45:54,ASML_DUAL,69.2,47,CostlyCorianders,DiligentDonuts,buy
2026-06-30T17:46:13.243005+00:00,03:45:54,ASML_202703_F,70.9,43,AttentiveAntelopes,BoundlessBisons,buy
2026-06-30T17:46:13.243005+00:00,03:45:54,NVDA,45.3,200,WavyWalnuts,YieldingYams,sell
2026-06-30T17:46:13.243005+00:00,03:45:54,NVDA,45.2,200,Sze-Yong Ng,YieldingYams,sell
2026-06-30T17:46:13.243005+00:00,03:45:54,OB5X_202703_F,157.5,50,QuirkyQuinoas,RadiantRisottos,sell
2026-06-30T17:46:13.243005+00:00,03:45:54,OB5X_202612_F,156.3,50,PowerfulPineapples,RadiantRisottos,sell
2026-06-30T17:46:13.243005+00:00,03:45:54,OB5X_ETF,41.2,500,LivelyLasagnas,NecessaryNutmegs,sell
2026-06-30T17:46:13.243005+00:00,03:45:54,ASML_DUAL,68.9,10,Zijun Feng,EarnestEspressos,sell
2026-06-30T17:46:13.243005+00:00,03:45:54,ASML_202612_075C,47.4,47,EssentialEagles,GenerousGeckos,buy
2026-06-30T17:46:13.243005+00:00,03:45:54,TSLA,10.9,200,Sze-Yong Ng,YieldingYams,sell
2026-06-30T17:46:13.243005+00:00,03:45:55,ASML_202612_F,69.7,50,BoundlessBisons,DownrightDogfish,sell
2026-06-30T17:46:13.243005+00:00,03:45:55,TSLA,10.9,200,WavyWalnuts,YieldingYams,buy
2026-06-30T17:46:13.243005+00:00,03:45:55,ASML_202703_F,70.8,50,CapableCoyotes,DownrightDogfish,sell
2026-06-30T17:46:13.243005+00:00,03:45:55,SAP,51.2,200,WavyWalnuts,YieldingYams,buy
2026-06-30T17:46:13.243005+00:00,03:45:55,ASML,69.0,200,WavyWalnuts,YieldingYams,buy
2026-06-30T17:46:13.243005+00:00,03:45:55,NVDA,45.2,200,WavyWalnuts,YieldingYams,buy
2026-06-30T17:46:13.243005+00:00,03:45:55,ASML_202706_F,71.4,50,CapableCoyotes,DownrightDogfish,sell
2026-06-30T17:46:13.243005+00:00,03:45:55,SAP,51.3,200,YieldingYams,Sze-Yong Ng,buy
2026-06-30T17:46:13.243005+00:00,03:45:55,ASML_DUAL,68.9,50,FlawlessFlatbreads,EarnestEspressos,buy
2026-06-30T17:46:13.243005+00:00,03:45:55,NVDA,45.3,200,YieldingYams,Sze-Yong Ng,buy
2026-06-30T17:46:13.243005+00:00,03:45:55,ASML_202612_100C,44.3,56,EssentialEagles,FortunateFerrets,buy
2026-06-30T17:46:13.243005+00:00,03:45:55,OB5X_ETF,41.3,246,KindlyKales,MarvelousMilkshakes,buy
2026-06-30T17:46:13.243005+00:00,03:45:55,SAP_DUAL,51.2,50,InfiniteIcecreams,JazzyJellies,sell
2026-06-30T17:46:13.243005+00:00,03:45:55,OB5X_202612_120C,73.9,55,ScholarlySpearmints,TactfulTangerines,buy
2026-06-30T17:46:13.243005+00:00,03:45:56,ASML_202703_F,70.8,64,Sze-Yong Ng,CapableCoyotes,sell
2026-06-30T17:46:13.243005+00:00,03:45:56,ASML_202703_F,70.7,86,BoundlessBisons,CapableCoyotes,sell
2026-06-30T17:46:13.243005+00:00,03:45:56,TSLA,10.9,200,YieldingYams,Sze-Yong Ng,buy
2026-06-30T17:46:13.243005+00:00,03:45:56,TSLA,10.9,425,YieldingYams,AverageAlmonds,buy
2026-06-30T17:46:13.243005+00:00,03:45:56,OB5X_202612_120P,37.7,52,ScholarlySpearmints,TactfulTangerines,buy
2026-06-30T17:46:13.243005+00:00,03:45:56,ASML_202706_F,71.3,4,Sze-Yong Ng,CapableCoyotes,sell
2026-06-30T17:46:13.243005+00:00,03:45:56,ASML_202706_F,71.2,100,BoundlessBisons,CapableCoyotes,sell
2026-06-30T17:46:13.243005+00:00,03:45:56,ASML_202612_F,70.0,60,BoundlessBisons,Andy Garg,sell
2026-06-30T17:46:13.243005+00:00,03:45:56,ASML_202706_F,71.0,46,Andy Garg,CapableCoyotes,buy
2026-06-30T17:46:13.243005+00:00,03:45:56,ASML_202706_F,71.7,39,Andy Garg,Sze-Yong Ng,buy
2026-06-30T17:46:13.243005+00:00,03:45:56,SAP,51.3,425,YieldingYams,AverageAlmonds,sell
2026-06-30T17:46:13.243005+00:00,03:45:56,TSLA,10.9,200,WavyWalnuts,AverageAlmonds,buy
2026-06-30T17:46:13.243005+00:00,03:45:56,NVDA,45.3,200,YieldingYams,WavyWalnuts,sell
2026-06-30T17:46:13.243005+00:00,03:45:56,OB5X_ETF,41.2,500,NecessaryNutmegs,LivelyLasagnas,buy
2026-06-30T17:46:13.243005+00:00,03:45:56,ASML_202612_075C,46.9,42,FortunateFerrets,EssentialEagles,sell
2026-06-30T17:46:13.243005+00:00,03:45:56,OB5X_202706_F,158.7,50,QuirkyQuinoas,RadiantRisottos,sell
2026-06-30T17:46:13.243005+00:00,03:45:56,OB5X_202706_F,159.1,42,OriginalOlives,PowerfulPineapples,buy
2026-06-30T17:46:13.243005+00:00,03:45:56,OB5X_202703_F,157.5,50,QuirkyQuinoas,RadiantRisottos,sell
2026-06-30T17:46:13.243005+00:00,03:45:56,OB5X_202612_F,156.3,50,PowerfulPineapples,RadiantRisottos,sell
2026-06-30T17:46:13.243005+00:00,03:45:56,SAP,51.2,200,WavyWalnuts,YieldingYams,sell
2026-06-30T17:46:13.243005+00:00,03:45:56,SAP,51.1,200,Sze-Yong Ng,YieldingYams,sell
2026-06-30T17:46:13.243005+00:00,03:45:56,AAPL,136.3,200,YieldingYams,WavyWalnuts,buy
2026-06-30T17:46:13.243005+00:00,03:45:56,NVDA,45.2,200,Sze-Yong Ng,YieldingYams,sell
2026-06-30T17:46:13.243005+00:00,03:45:56,NVDA,45.1,425,AverageAlmonds,YieldingYams,sell
2026-06-30T17:46:13.243005+00:00,03:45:57,SAP,50.9,20,YieldingYams,BrilliantBurritos,sell
2026-06-30T17:46:13.243005+00:00,03:45:57,SAP_DUAL,51.2,100,InfiniteIcecreams,HomelyHerrings,sell
2026-06-30T17:46:13.243005+00:00,03:45:57,TSLA,10.8,20,Sze-Yong Ng,BrilliantBurritos,sell
2026-06-30T17:46:13.243005+00:00,03:45:57,OB5X_202612_080P,16.6,57,ScholarlySpearmints,TactfulTangerines,buy
2026-06-30T17:46:13.243005+00:00,03:45:57,ASML_202612_F,70.0,40,BoundlessBisons,DownrightDogfish,sell
2026-06-30T17:46:13.243005+00:00,03:45:57,ASML_202612_F,69.6,10,CapableCoyotes,DownrightDogfish,sell
2026-06-30T17:46:13.243005+00:00,03:45:57,OB5X_202612_120P,36.4,40,TactfulTangerines,ScholarlySpearmints,sell
2026-06-30T17:46:13.243005+00:00,03:45:57,ASML_202703_F,70.7,14,BoundlessBisons,DownrightDogfish,sell
2026-06-30T17:46:13.243005+00:00,03:45:57,ASML_202703_F,70.0,36,CapableCoyotes,DownrightDogfish,sell
2026-06-30T17:46:13.243005+00:00,03:45:57,TSLA,10.9,500,YieldingYams,AverageAlmonds,sell
2026-06-30T17:46:13.243005+00:00,03:45:57,TSLA,10.9,125,YieldingYams,WavyWalnuts,sell
2026-06-30T17:46:13.243005+00:00,03:45:57,TSLA,10.9,75,Sze-Yong Ng,WavyWalnuts,sell
2026-06-30T17:46:13.243005+00:00,03:45:57,ASML_202706_F,70.5,50,CapableCoyotes,DownrightDogfish,sell
2026-06-30T17:46:13.243005+00:00,03:45:57,SAP,51.1,200,WavyWalnuts,YieldingYams,buy
2026-06-30T17:46:13.243005+00:00,03:45:57,AAPL,136.3,200,YieldingYams,WavyWalnuts,sell
2026-06-30T17:46:13.243005+00:00,03:45:57,ASML_DUAL,68.7,50,DiligentDonuts,FlawlessFlatbreads,sell
2026-06-30T17:46:13.243005+00:00,03:45:58,SAP_DUAL,50.6,50,HomelyHerrings,JazzyJellies,sell
2026-06-30T17:46:13.243005+00:00,03:45:58,OB5X_202703_F,157.6,43,OriginalOlives,PowerfulPineapples,buy
2026-06-30T17:46:13.243005+00:00,03:45:58,OB5X_ETF,41.1,500,MarvelousMilkshakes,NecessaryNutmegs,sell
2026-06-30T17:46:13.243005+00:00,03:45:58,ASML_202612_100C,43.5,44,FortunateFerrets,EssentialEagles,sell
2026-06-30T17:46:13.243005+00:00,03:45:58,TSLA,10.8,105,Sze-Yong Ng,YieldingYams,sell
2026-06-30T17:46:13.243005+00:00,03:45:58,TSLA,10.8,500,AverageAlmonds,YieldingYams,sell
2026-06-30T17:46:13.243005+00:00,03:45:58,ASML_202612_050C,50.9,50,GenerousGeckos,EssentialEagles,sell
2026-06-30T17:46:13.243005+00:00,03:45:58,ASML_202612_050C,50.9,9,FortunateFerrets,EssentialEagles,sell
2026-06-30T17:46:13.243005+00:00,03:45:58,ASML,68.7,25,WavyWalnuts,Andy Garg,sell
2026-06-30T17:46:13.243005+00:00,03:45:58,ASML_202612_F,69.7,70,Andy Garg,BoundlessBisons,buy
2026-06-30T17:46:13.243005+00:00,03:45:58,TSLA,10.8,20,AverageAlmonds,YieldingYams,buy
2026-06-30T17:46:13.243005+00:00,03:45:58,TSLA,10.8,200,AverageAlmonds,WavyWalnuts,sell
2026-06-30T17:46:13.243005+00:00,03:45:58,ASML,68.7,200,YieldingYams,WavyWalnuts,sell
2026-06-30T17:46:13.243005+00:00,03:45:58,NVDA,45.2,200,WavyWalnuts,YieldingYams,buy
2026-06-30T17:46:13.243005+00:00,03:45:58,OB5X_ETF,41.1,245,MarvelousMilkshakes,KindlyKales,sell
2026-06-30T17:46:13.243005+00:00,03:45:59,ASML,68.7,75,YieldingYams,Andy Garg,sell
2026-06-30T17:46:13.243005+00:00,03:45:59,ASML_202703_F,70.4,75,Andy Garg,BoundlessBisons,buy
2026-06-30T17:46:13.243005+00:00,03:45:59,OB5X_202612_100P,25.3,46,VersatileVinegars,ScholarlySpearmints,sell
2026-06-30T17:46:13.243005+00:00,03:45:59,ASML_202612_F,69.7,30,CapableCoyotes,BoundlessBisons,buy
2026-06-30T17:46:13.243005+00:00,03:45:59,ASML_202703_F,70.4,25,CapableCoyotes,BoundlessBisons,buy
2026-06-30T17:46:13.243005+00:00,03:45:59,ASML_202703_F,70.5,64,CapableCoyotes,Sze-Yong Ng,buy
2026-06-30T17:46:13.243005+00:00,03:45:59,TSLA,10.8,20,AverageAlmonds,BrilliantBurritos,sell
2026-06-30T17:46:13.243005+00:00,03:45:59,ASML_202706_F,70.9,100,CapableCoyotes,BoundlessBisons,buy
2026-06-30T17:46:13.243005+00:00,03:45:59,ASML,68.8,5,Andy Garg,YieldingYams,buy
2026-06-30T17:46:13.243005+00:00,03:45:59,ASML_202706_F,71.1,5,CapableCoyotes,Andy Garg,sell
2026-06-30T17:46:13.243005+00:00,03:45:59,ASML_202612_F,70.0,50,CapableCoyotes,DownrightDogfish,sell
2026-06-30T17:46:13.243005+00:00,03:45:59,AAPL,136.4,20,BrilliantBurritos,WavyWalnuts,buy
2026-06-30T17:46:13.243005+00:00,03:45:59,ASML_DUAL,68.6,50,EarnestEspressos,FlawlessFlatbreads,sell
2026-06-30T17:46:13.243005+00:00,03:45:59,OB5X_202706_F,158.3,51,PowerfulPineapples,OriginalOlives,sell
2026-06-30T17:46:13.243005+00:00,03:45:59,ASML_202703_F,70.5,50,CapableCoyotes,DownrightDogfish,sell
2026-06-30T17:46:13.243005+00:00,03:45:59,OB5X_ETF,41.1,500,LivelyLasagnas,MarvelousMilkshakes,sell
2026-06-30T17:46:13.243005+00:00,03:46:00,ASML_202706_F,71.1,45,CapableCoyotes,DownrightDogfish,sell
2026-06-30T17:46:13.243005+00:00,03:46:00,TSLA,10.9,95,YieldingYams,Sze-Yong Ng,buy
2026-06-30T17:46:13.243005+00:00,03:46:00,TSLA,10.9,105,YieldingYams,Sze-Yong Ng,buy
2026-06-30T17:46:13.243005+00:00,03:46:00,TSLA,10.9,425,YieldingYams,AverageAlmonds,buy
2026-06-30T17:46:13.243005+00:00,03:46:00,TSLA,10.8,200,AverageAlmonds,WavyWalnuts,sell
2026-06-30T17:46:13.243005+00:00,03:46:00,SAP,51.2,200,WavyWalnuts,Sze-Yong Ng,buy
2026-06-30T17:46:13.243005+00:00,03:46:00,ASML_202612_F,70.0,41,CapableCoyotes,AttentiveAntelopes,sell
2026-06-30T17:46:13.243005+00:00,03:46:00,SAP,51.0,200,Sze-Yong Ng,YieldingYams,sell
2026-06-30T17:46:13.243005+00:00,03:46:00,SAP,51.0,425,AverageAlmonds,YieldingYams,sell
2026-06-30T17:46:13.243005+00:00,03:46:00,OB5X_ETF,40.9,500,MarvelousMilkshakes,NecessaryNutmegs,sell
2026-06-30T17:46:13.243005+00:00,03:46:00,ASML_202612_075C,47.4,57,EssentialEagles,FortunateFerrets,buy
2026-06-30T17:46:13.243005+00:00,03:46:00,ASML,68.7,20,Andy Garg,YieldingYams,buy
2026-06-30T17:46:13.243005+00:00,03:46:00,ASML_202612_F,70.0,10,CapableCoyotes,Andy Garg,sell
2026-06-30T17:46:13.243005+00:00,03:46:00,ASML_202703_F,70.5,10,CapableCoyotes,Andy Garg,sell
2026-06-30T17:46:13.243005+00:00,03:46:00,ASML_202612_050C,51.5,52,EssentialEagles,FortunateFerrets,buy
2026-06-30T17:46:13.243005+00:00,03:46:00,AAPL,136.4,200,YieldingYams,WavyWalnuts,buy
2026-06-30T17:46:13.243005+00:00,03:46:00,NVDA,45.2,200,WavyWalnuts,YieldingYams,sell
2026-06-30T17:46:13.243005+00:00,03:46:01,OB5X_ETF,41.1,227,KindlyKales,MarvelousMilkshakes,buy
2026-06-30T17:46:13.243005+00:00,03:46:01,TSLA,10.9,200,WavyWalnuts,AverageAlmonds,buy
2026-06-30T17:46:13.243005+00:00,03:46:01,ASML,68.7,200,WavyWalnuts,YieldingYams,buy
2026-06-30T17:46:13.243005+00:00,03:46:01,AAPL,136.5,200,YieldingYams,WavyWalnuts,sell
2026-06-30T17:46:13.243005+00:00,03:46:01,TSLA,10.8,200,Sze-Yong Ng,YieldingYams,sell
2026-06-30T17:46:13.243005+00:00,03:46:01,TSLA,10.8,425,AverageAlmonds,YieldingYams,sell
2026-06-30T17:46:13.243005+00:00,03:46:01,OB5X_202703_F,157.1,57,OriginalOlives,QuirkyQuinoas,buy
2026-06-30T17:46:13.243005+00:00,03:46:01,SAP,51.2,20,BrilliantBurritos,WavyWalnuts,buy
2026-06-30T17:46:13.243005+00:00,03:46:01,OB5X_202612_100P,26.5,48,ScholarlySpearmints,TactfulTangerines,buy
2026-06-30T17:46:13.243005+00:00,03:46:01,OB5X_202612_100P,25.3,48,TactfulTangerines,ScholarlySpearmints,sell
2026-06-30T17:46:13.243005+00:00,03:46:02,ASML_202612_100C,43.5,40,FortunateFerrets,EssentialEagles,sell
2026-06-30T17:46:13.243005+00:00,03:46:02,ASML_DUAL,68.5,50,DiligentDonuts,FlawlessFlatbreads,sell
2026-06-30T17:46:13.243005+00:00,03:46:02,ASML_202612_F,70.5,50,DownrightDogfish,CapableCoyotes,buy
2026-06-30T17:46:13.243005+00:00,03:46:02,ASML_202703_F,71.0,50,DownrightDogfish,CapableCoyotes,buy
2026-06-30T17:46:13.243005+00:00,03:46:02,ASML_202706_F,71.6,50,DownrightDogfish,CapableCoyotes,buy
2026-06-30T17:46:13.243005+00:00,03:46:02,SAP,51.1,200,YieldingYams,WavyWalnuts,sell
2026-06-30T17:46:13.243005+00:00,03:46:02,TSLA,10.9,20,BrilliantBurritos,Sze-Yong Ng,buy
2026-06-30T17:46:13.243005+00:00,03:46:02,TSLA,10.9,180,YieldingYams,Sze-Yong Ng,buy
2026-06-30T17:46:13.243005+00:00,03:46:02,TSLA,10.9,445,YieldingYams,AverageAlmonds,buy
2026-06-30T17:46:13.243005+00:00,03:46:02,OB5X_ETF,41.1,23,NecessaryNutmegs,MarvelousMilkshakes,buy
2026-06-30T17:46:13.243005+00:00,03:46:02,OB5X_ETF,41.1,477,NecessaryNutmegs,LivelyLasagnas,buy
2026-06-30T17:46:13.243005+00:00,03:46:02,ASML_202612_F,69.8,100,BoundlessBisons,CapableCoyotes,sell
2026-06-30T17:46:13.243005+00:00,03:46:02,ASML,68.6,10,YieldingYams,Andy Garg,sell
2026-06-30T17:46:13.243005+00:00,03:46:02,ASML_202612_F,69.7,10,Andy Garg,CapableCoyotes,buy
2026-06-30T17:46:13.243005+00:00,03:46:03,ASML_202703_F,70.5,100,BoundlessBisons,CapableCoyotes,sell
2026-06-30T17:46:13.243005+00:00,03:46:03,ASML_202703_F,70.4,50,Sze-Yong Ng,CapableCoyotes,sell
2026-06-30T17:46:13.243005+00:00,03:46:03,ASML_202612_100C,44.2,48,EssentialEagles,FortunateFerrets,buy
2026-06-30T17:46:13.243005+00:00,03:46:03,ASML_202706_F,71.0,100,BoundlessBisons,CapableCoyotes,sell
2026-06-30T17:46:13.243005+00:00,03:46:03,ASML_202706_F,70.9,39,Sze-Yong Ng,CapableCoyotes,sell
2026-06-30T17:46:13.243005+00:00,03:46:03,ASML,68.6,5,YieldingYams,Andy Garg,sell
2026-06-30T17:46:13.243005+00:00,03:46:03,ASML_202612_100P,73.9,40,EssentialEagles,GenerousGeckos,buy
2026-06-30T17:46:13.243005+00:00,03:46:03,ASML_202706_F,70.7,5,Andy Garg,CapableCoyotes,buy
2026-06-30T17:46:13.243005+00:00,03:46:03,OB5X_202612_100P,26.5,43,ScholarlySpearmints,TactfulTangerines,buy
2026-06-30T17:46:13.243005+00:00,03:46:03,ASML_202612_050P,31.9,50,EssentialEagles,GenerousGeckos,buy
2026-06-30T17:46:13.243005+00:00,03:46:03,ASML,68.7,200,YieldingYams,WavyWalnuts,buy
2026-06-30T17:46:13.243005+00:00,03:46:03,NVDA,45.1,200,WavyWalnuts,YieldingYams,sell
2026-06-30T17:46:13.243005+00:00,03:46:03,OB5X_202703_F,157.1,53,OriginalOlives,QuirkyQuinoas,buy
2026-06-30T17:46:13.243005+00:00,03:46:03,OB5X_202703_F,156.9,46,PowerfulPineapples,OriginalOlives,sell
2026-06-30T17:46:13.243005+00:00,03:46:03,OB5X_202612_F,155.7,40,PowerfulPineapples,OriginalOlives,sell
2026-06-30T17:46:13.243005+00:00,03:46:03,TSLA,10.9,200,WavyWalnuts,AverageAlmonds,buy
2026-06-30T17:46:13.243005+00:00,03:46:03,SAP,51.1,200,YieldingYams,WavyWalnuts,sell
2026-06-30T17:46:13.243005+00:00,03:46:03,NVDA,45.1,200,WavyWalnuts,YieldingYams,buy
2026-06-30T17:46:13.243005+00:00,03:46:03,TSLA,10.8,500,AverageAlmonds,YieldingYams,sell
2026-06-30T17:46:13.243005+00:00,03:46:04,ASML_DUAL,68.7,10,FlawlessFlatbreads,Zijun Feng,buy
2026-06-30T17:46:13.243005+00:00,03:46:04,ASML_DUAL,68.8,40,FlawlessFlatbreads,DiligentDonuts,buy
2026-06-30T17:46:13.243005+00:00,03:46:04,ASML,68.8,20,BrilliantBurritos,YieldingYams,buy
2026-06-30T17:46:13.243005+00:00,03:46:04,SAP_DUAL,51.1,50,JazzyJellies,InfiniteIcecreams,buy
2026-06-30T17:46:13.243005+00:00,03:46:04,TSLA,10.8,125,AverageAlmonds,YieldingYams,buy
2026-06-30T17:46:13.243005+00:00,03:46:04,NVDA,45.1,225,AverageAlmonds,YieldingYams,buy
2026-06-30T17:46:13.243005+00:00,03:46:04,ASML_DUAL,68.3,47,DiligentDonuts,CostlyCorianders,sell
2026-06-30T17:46:13.243005+00:00,03:46:04,OB5X_202612_120C,72.0,49,VersatileVinegars,ScholarlySpearmints,sell
2026-06-30T17:46:13.243005+00:00,03:46:04,OB5X_202612_080C,91.6,48,ScholarlySpearmints,TactfulTangerines,buy
2026-06-30T17:46:13.243005+00:00,03:46:04,OB5X_202703_F,156.9,100,QuirkyQuinoas,PowerfulPineapples,buy
2026-06-30T17:46:13.243005+00:00,03:46:04,NVDA,45.2,200,YieldingYams,WavyWalnuts,buy
2026-06-30T17:46:13.243005+00:00,03:46:04,OB5X_202612_F,155.7,100,QuirkyQuinoas,PowerfulPineapples,buy
2026-06-30T17:46:13.243005+00:00,03:46:04,ASML_DUAL,68.8,41,CostlyCorianders,DiligentDonuts,buy
2026-06-30T17:46:13.243005+00:00,03:46:04,ASML,68.8,200,WavyWalnuts,YieldingYams,buy
2026-06-30T17:46:13.243005+00:00,03:46:04,NVDA,45.2,200,YieldingYams,WavyWalnuts,sell
2026-06-30T17:46:13.243005+00:00,03:46:05,OB5X_ETF,40.9,500,LivelyLasagnas,NecessaryNutmegs,sell
2026-06-30T17:46:13.243005+00:00,03:46:05,SAP_DUAL,50.9,47,HomelyHerrings,GroovyGrapefruits,sell
2026-06-30T17:46:13.243005+00:00,03:46:05,TSLA,10.9,500,YieldingYams,AverageAlmonds,buy
2026-06-30T17:46:13.243005+00:00,03:46:05,TSLA,10.9,125,YieldingYams,WavyWalnuts,buy
2026-06-30T17:46:13.243005+00:00,03:46:05,OB5X_202703_F,157.4,41,OriginalOlives,QuirkyQuinoas,buy
2026-06-30T17:46:13.243005+00:00,03:46:05,ASML_202612_100C,43.5,50,FortunateFerrets,EssentialEagles,sell
2026-06-30T17:46:13.243005+00:00,03:46:05,OB5X_ETF,41.1,230,KindlyKales,MarvelousMilkshakes,buy
2026-06-30T17:46:13.243005+00:00,03:46:05,ASML_202612_100P,74.0,40,EssentialEagles,FortunateFerrets,buy
2026-06-30T17:46:13.243005+00:00,03:46:05,ASML_202612_050C,51.0,47,FortunateFerrets,EssentialEagles,sell
2026-06-30T17:46:13.243005+00:00,03:46:05,SAP_DUAL,51.3,51,GroovyGrapefruits,InfiniteIcecreams,buy
2026-06-30T17:46:13.243005+00:00,03:46:05,OB5X_202612_080C,91.6,52,ScholarlySpearmints,TactfulTangerines,buy
2026-06-30T17:46:13.243005+00:00,03:46:05,OB5X_202706_F,158.1,50,RadiantRisottos,PowerfulPineapples,buy
2026-06-30T17:46:13.243005+00:00,03:46:05,ASML_202703_F,70.4,14,Sze-Yong Ng,BoundlessBisons,sell
2026-06-30T17:46:13.243005+00:00,03:46:06,ASML,68.7,10,YieldingYams,Andy Garg,sell
2026-06-30T17:46:13.243005+00:00,03:46:06,ASML_202703_F,70.3,10,Andy Garg,BoundlessBisons,buy
2026-06-30T17:46:13.243005+00:00,03:46:06,OB5X_ETF,41.0,216,LivelyLasagnas,KindlyKales,sell
2026-06-30T17:46:13.243005+00:00,03:46:06,ASML_DUAL,68.8,50,FlawlessFlatbreads,EarnestEspressos,buy
2026-06-30T17:46:13.243005+00:00,03:46:06,TSLA,10.9,200,WavyWalnuts,AverageAlmonds,buy
2026-06-30T17:46:13.243005+00:00,03:46:06,ASML_202612_F,69.6,100,CapableCoyotes,BoundlessBisons,buy
2026-06-30T17:46:13.243005+00:00,03:46:06,SAP_DUAL,50.9,50,HomelyHerrings,JazzyJellies,sell
2026-06-30T17:46:13.243005+00:00,03:46:06,ASML_DUAL,68.4,43,DiligentDonuts,CostlyCorianders,sell
2026-06-30T17:46:13.243005+00:00,03:46:06,ASML,68.9,20,Andy Garg,AverageAlmonds,buy
2026-06-30T17:46:13.243005+00:00,03:46:06,ASML_202612_F,70.3,20,CapableCoyotes,Andy Garg,sell
2026-06-30T17:46:13.243005+00:00,03:46:06,ASML_202703_F,70.3,76,CapableCoyotes,BoundlessBisons,buy
2026-06-30T17:46:13.243005+00:00,03:46:06,ASML,68.9,30,Andy Garg,AverageAlmonds,buy
2026-06-30T17:46:13.243005+00:00,03:46:06,ASML_202703_F,70.9,30,CapableCoyotes,Andy Garg,sell
2026-06-30T17:46:13.243005+00:00,03:46:06,ASML_202706_F,70.9,100,CapableCoyotes,BoundlessBisons,buy
2026-06-30T17:46:13.243005+00:00,03:46:06,ASML_202612_F,70.3,30,CapableCoyotes,DownrightDogfish,sell
2026-06-30T17:46:13.243005+00:00,03:46:06,ASML,68.9,25,Andy Garg,WavyWalnuts,buy
2026-06-30T17:46:13.243005+00:00,03:46:06,ASML_202706_F,71.4,25,CapableCoyotes,Andy Garg,sell
2026-06-30T17:46:13.243005+00:00,03:46:06,ASML_202703_F,70.9,44,CapableCoyotes,DownrightDogfish,sell
2026-06-30T17:46:13.243005+00:00,03:46:06,ASML_202703_F,69.8,6,BoundlessBisons,DownrightDogfish,sell
2026-06-30T17:46:13.243005+00:00,03:46:06,ASML_202706_F,71.4,25,CapableCoyotes,DownrightDogfish,sell
2026-06-30T17:46:13.243005+00:00,03:46:06,ASML_202706_F,70.3,25,BoundlessBisons,DownrightDogfish,sell
2026-06-30T17:46:13.243005+00:00,03:46:07,OB5X_ETF,41.1,249,MarvelousMilkshakes,KindlyKales,sell
2026-06-30T17:46:13.243005+00:00,03:46:07,OB5X_ETF,41.1,500,MarvelousMilkshakes,NecessaryNutmegs,sell
2026-06-30T17:46:13.243005+00:00,03:46:07,OB5X_202612_080C,90.5,46,TactfulTangerines,ScholarlySpearmints,sell
2026-06-30T17:46:13.243005+00:00,03:46:07,SAP,51.2,200,YieldingYams,Sze-Yong Ng,buy
2026-06-30T17:46:13.243005+00:00,03:46:07,SAP,51.2,200,YieldingYams,WavyWalnuts,buy
2026-06-30T17:46:13.243005+00:00,03:46:07,ASML,68.9,175,YieldingYams,WavyWalnuts,buy
2026-06-30T17:46:13.243005+00:00,03:46:07,TSLA,10.9,200,WavyWalnuts,YieldingYams,buy
2026-06-30T17:46:13.243005+00:00,03:46:07,NVDA,45.1,200,YieldingYams,WavyWalnuts,sell
2026-06-30T17:46:13.243005+00:00,03:46:07,SAP_DUAL,51.1,35,Tanishq Panjwani,HomelyHerrings,buy
2026-06-30T17:46:13.243005+00:00,03:46:07,SAP,51.2,35,YieldingYams,Tanishq Panjwani,sell
2026-06-30T17:46:13.243005+00:00,03:46:07,TSLA,10.9,20,BrilliantBurritos,YieldingYams,buy
2026-06-30T17:46:13.243005+00:00,03:46:07,NVDA,45.1,500,AverageAlmonds,YieldingYams,sell
2026-06-30T17:46:13.243005+00:00,03:46:07,SAP_DUAL,51.1,35,Tanishq Panjwani,HomelyHerrings,buy
2026-06-30T17:46:13.243005+00:00,03:46:07,SAP,51.2,35,YieldingYams,Tanishq Panjwani,sell
2026-06-30T17:46:13.243005+00:00,03:46:07,ASML_202612_075C,47.3,42,EssentialEagles,GenerousGeckos,buy
2026-06-30T17:46:13.243005+00:00,03:46:07,SAP_DUAL,51.1,30,Tanishq Panjwani,HomelyHerrings,buy
2026-06-30T17:46:13.243005+00:00,03:46:07,SAP,51.2,30,YieldingYams,Tanishq Panjwani,sell
2026-06-30T17:46:13.243005+00:00,03:46:07,OB5X_ETF,41.1,1,MarvelousMilkshakes,KindlyKales,sell
2026-06-30T17:46:13.243005+00:00,03:46:07,ASML_202612_100P,73.4,53,FortunateFerrets,EssentialEagles,sell
2026-06-30T17:46:13.243005+00:00,03:46:07,ASML_202612_050C,51.4,50,EssentialEagles,GenerousGeckos,buy
2026-06-30T17:46:13.243005+00:00,03:46:07,ASML_202612_050C,51.5,2,EssentialEagles,FortunateFerrets,buy
2026-06-30T17:46:13.243005+00:00,03:46:07,NVDA,45.1,125,AverageAlmonds,YieldingYams,buy
2026-06-30T17:46:13.243005+00:00,03:46:08,OB5X_202706_F,158.6,50,RadiantRisottos,QuirkyQuinoas,buy
2026-06-30T17:46:13.243005+00:00,03:46:08,OB5X_202612_F,156.4,50,RadiantRisottos,PowerfulPineapples,buy
2026-06-30T17:46:13.243005+00:00,03:46:08,OB5X_202706_F,158.6,41,OriginalOlives,QuirkyQuinoas,buy
2026-06-30T17:46:13.243005+00:00,03:46:08,SAP_DUAL,51.1,50,InfiniteIcecreams,JazzyJellies,sell
2026-06-30T17:46:13.243005+00:00,03:46:08,TSLA,10.9,200,WavyWalnuts,YieldingYams,buy
2026-06-30T17:46:13.243005+00:00,03:46:08,ASML,69.0,200,WavyWalnuts,AverageAlmonds,buy
2026-06-30T17:46:13.243005+00:00,03:46:08,SAP,51.3,200,WavyWalnuts,YieldingYams,buy
2026-06-30T17:46:13.243005+00:00,03:46:08,AAPL,136.2,200,YieldingYams,WavyWalnuts,sell
2026-06-30T17:46:13.243005+00:00,03:46:08,SAP,51.1,200,Sze-Yong Ng,YieldingYams,sell
2026-06-30T17:46:13.243005+00:00,03:46:08,NVDA,45.2,200,YieldingYams,WavyWalnuts,buy
2026-06-30T17:46:13.243005+00:00,03:46:08,ASML_202612_100C,44.1,52,EssentialEagles,FortunateFerrets,buy
2026-06-30T17:46:13.243005+00:00,03:46:08,ASML_202612_075C,46.8,53,FortunateFerrets,EssentialEagles,sell
2026-06-30T17:46:13.243005+00:00,03:46:08,SAP_DUAL,51.1,43,InfiniteIcecreams,GroovyGrapefruits,sell
2026-06-30T17:46:13.243005+00:00,03:46:08,ASML_202612_100P,74.0,46,EssentialEagles,FortunateFerrets,buy
2026-06-30T17:46:13.243005+00:00,03:46:09,ASML_202612_050C,51.0,53,FortunateFerrets,EssentialEagles,sell
2026-06-30T17:46:13.243005+00:00,03:46:09,ASML_202612_050C,50.8,6,GenerousGeckos,EssentialEagles,sell
2026-06-30T17:46:13.243005+00:00,03:46:09,ASML_202612_F,70.8,50,DownrightDogfish,CapableCoyotes,buy
2026-06-30T17:46:13.243005+00:00,03:46:09,ASML_DUAL,68.6,40,EarnestEspressos,CostlyCorianders,sell
2026-06-30T17:46:13.243005+00:00,03:46:09,ASML_202703_F,71.4,50,DownrightDogfish,CapableCoyotes,buy
2026-06-30T17:46:13.243005+00:00,03:46:09,OB5X_ETF,41.1,500,NecessaryNutmegs,LivelyLasagnas,buy
2026-06-30T17:46:13.243005+00:00,03:46:09,TSLA,10.8,200,Sze-Yong Ng,YieldingYams,sell
2026-06-30T17:46:13.243005+00:00,03:46:09,TSLA,10.8,425,AverageAlmonds,YieldingYams,sell
2026-06-30T17:46:13.243005+00:00,03:46:09,ASML_202706_F,71.9,50,DownrightDogfish,CapableCoyotes,buy
2026-06-30T17:46:13.243005+00:00,03:46:09,OB5X_202612_F,155.9,53,PowerfulPineapples,OriginalOlives,sell
2026-06-30T17:46:13.243005+00:00,03:46:09,OB5X_ETF,41.1,208,KindlyKales,MarvelousMilkshakes,buy
2026-06-30T17:46:13.243005+00:00,03:46:09,SAP,51.1,200,WavyWalnuts,YieldingYams,buy
2026-06-30T17:46:13.243005+00:00,03:46:10,SAP_DUAL,51.3,59,GroovyGrapefruits,HomelyHerrings,buy
2026-06-30T17:46:13.243005+00:00,03:46:10,ASML_202612_075C,47.3,8,EssentialEagles,GenerousGeckos,buy
2026-06-30T17:46:13.243005+00:00,03:46:10,ASML_202612_075C,47.5,39,EssentialEagles,FortunateFerrets,buy
2026-06-30T17:46:13.243005+00:00,03:46:10,ASML_202612_100P,73.4,50,GenerousGeckos,EssentialEagles,sell
2026-06-30T17:46:13.243005+00:00,03:46:10,ASML_202612_100P,73.4,5,FortunateFerrets,EssentialEagles,sell
2026-06-30T17:46:13.243005+00:00,03:46:10,ASML_202612_050C,51.5,51,EssentialEagles,FortunateFerrets,buy
2026-06-30T17:46:13.243005+00:00,03:46:10,OB5X_ETF,41.1,230,KindlyKales,MarvelousMilkshakes,buy
2026-06-30T17:46:13.243005+00:00,03:46:10,ASML_DUAL,68.6,10,Zijun Feng,FlawlessFlatbreads,sell
2026-06-30T17:46:13.243005+00:00,03:46:10,ASML_DUAL,68.5,40,DiligentDonuts,FlawlessFlatbreads,sell
2026-06-30T17:46:13.243005+00:00,03:46:10,OB5X_202706_F,158.6,50,RadiantRisottos,QuirkyQuinoas,buy
2026-06-30T17:46:13.243005+00:00,03:46:10,TSLA,10.9,200,YieldingYams,Sze-Yong Ng,buy
2026-06-30T17:46:13.243005+00:00,03:46:10,TSLA,10.9,200,YieldingYams,WavyWalnuts,buy
2026-06-30T17:46:13.243005+00:00,03:46:10,TSLA,10.9,225,YieldingYams,AverageAlmonds,buy
2026-06-30T17:46:15.015949+00:00,03:46:11,TSLA,10.9,200,WavyWalnuts,AverageAlmonds,buy
2026-06-30T17:46:15.015949+00:00,03:46:11,SAP,51.3,200,WavyWalnuts,YieldingYams,buy
2026-06-30T17:46:15.015949+00:00,03:46:11,NVDA,45.2,200,YieldingYams,WavyWalnuts,sell
2026-06-30T17:46:15.015949+00:00,03:46:11,AAPL,136.1,200,Sze-Yong Ng,WavyWalnuts,buy
2026-06-30T17:46:15.015949+00:00,03:46:11,SAP_DUAL,51.3,41,GroovyGrapefruits,HomelyHerrings,buy
2026-06-30T17:46:15.015949+00:00,03:46:11,SAP_DUAL,50.8,41,HomelyHerrings,GroovyGrapefruits,sell
2026-06-30T17:46:15.015949+00:00,03:46:11,SAP,51.3,200,YieldingYams,Sze-Yong Ng,buy
2026-06-30T17:46:15.015949+00:00,03:46:11,SAP,51.3,425,YieldingYams,AverageAlmonds,buy
2026-06-30T17:46:15.015949+00:00,03:46:11,ASML_202612_100P,73.9,44,EssentialEagles,GenerousGeckos,buy
2026-06-30T17:46:15.015949+00:00,03:46:11,OB5X_ETF,40.9,500,LivelyLasagnas,NecessaryNutmegs,sell
2026-06-30T17:46:15.015949+00:00,03:46:11,OB5X_202703_F,157.5,57,OriginalOlives,QuirkyQuinoas,buy
2026-06-30T17:46:15.015949+00:00,03:46:11,ASML_202612_F,70.0,50,BoundlessBisons,DownrightDogfish,sell
2026-06-30T17:46:15.015949+00:00,03:46:11,NVDA,45.1,500,AverageAlmonds,YieldingYams,sell
2026-06-30T17:46:15.015949+00:00,03:46:11,NVDA,45.1,125,WavyWalnuts,YieldingYams,sell
2026-06-30T17:46:15.015949+00:00,03:46:11,ASML_202703_F,70.7,50,BoundlessBisons,DownrightDogfish,sell
2026-06-30T17:46:15.015949+00:00,03:46:11,ASML_202706_F,71.2,50,BoundlessBisons,DownrightDogfish,sell
2026-06-30T17:46:15.015949+00:00,03:46:11,TSLA,10.8,500,AverageAlmonds,YieldingYams,sell
2026-06-30T17:46:15.015949+00:00,03:46:11,TSLA,10.8,125,Sze-Yong Ng,YieldingYams,sell
2026-06-30T17:46:15.015949+00:00,03:46:12,NVDA,45.4,20,BrilliantBurritos,AverageAlmonds,buy
2026-06-30T17:46:16.752326+00:00,03:46:12,TSLA,10.9,200,WavyWalnuts,AverageAlmonds,buy
2026-06-30T17:46:16.752326+00:00,03:46:12,SAP,51.3,200,WavyWalnuts,AverageAlmonds,buy
2026-06-30T17:46:16.752326+00:00,03:46:12,ASML_202612_050P,31.5,52,FortunateFerrets,EssentialEagles,sell
2026-06-30T17:46:16.752326+00:00,03:46:12,SAP,51.3,20,BrilliantBurritos,AverageAlmonds,buy
2026-06-30T17:46:16.752326+00:00,03:46:12,ASML_DUAL,68.9,50,FlawlessFlatbreads,DiligentDonuts,buy
2026-06-30T17:46:16.752326+00:00,03:46:12,SAP,50.9,500,AverageAlmonds,YieldingYams,sell
2026-06-30T17:46:16.752326+00:00,03:46:12,NVDA,45.4,500,YieldingYams,AverageAlmonds,buy
2026-06-30T17:46:16.752326+00:00,03:46:12,NVDA,45.4,125,YieldingYams,WavyWalnuts,buy
2026-06-30T17:46:16.752326+00:00,03:46:12,SAP_DUAL,51.2,50,JazzyJellies,InfiniteIcecreams,buy
2026-06-30T17:46:16.752326+00:00,03:46:12,AAPL,136.0,200,WavyWalnuts,YieldingYams,sell
2026-06-30T17:46:16.752326+00:00,03:46:12,OB5X_202612_080C,90.8,50,VersatileVinegars,ScholarlySpearmints,sell
2026-06-30T17:46:16.752326+00:00,03:46:12,OB5X_202612_080C,90.7,9,TactfulTangerines,ScholarlySpearmints,sell
2026-06-30T17:46:16.752326+00:00,03:46:12,SAP,50.9,125,AverageAlmonds,YieldingYams,buy
2026-06-30T17:46:16.752326+00:00,03:46:12,ASML,68.9,20,YieldingYams,Andy Garg,sell
2026-06-30T17:46:16.752326+00:00,03:46:12,ASML_202612_F,70.1,20,Andy Garg,BoundlessBisons,buy
2026-06-30T17:46:16.752326+00:00,03:46:13,ASML,69.0,20,BrilliantBurritos,WavyWalnuts,buy
2026-06-30T17:46:16.752326+00:00,03:46:13,TSLA,10.9,125,YieldingYams,Sze-Yong Ng,buy
2026-06-30T17:46:16.752326+00:00,03:46:13,TSLA,10.9,500,YieldingYams,AverageAlmonds,buy
2026-06-30T17:46:16.752326+00:00,03:46:13,ASML_202612_100P,73.9,6,EssentialEagles,GenerousGeckos,buy
2026-06-30T17:46:16.752326+00:00,03:46:13,ASML_202612_100P,74.0,34,EssentialEagles,FortunateFerrets,buy
2026-06-30T17:46:16.752326+00:00,03:46:13,AAPL,136.0,425,AverageAlmonds,YieldingYams,buy
2026-06-30T17:46:16.752326+00:00,03:46:13,OB5X_ETF,41.1,500,NecessaryNutmegs,LivelyLasagnas,buy
2026-06-30T17:46:16.752326+00:00,03:46:13,AAPL,136.3,20,BrilliantBurritos,WavyWalnuts,buy
2026-06-30T17:46:16.752326+00:00,03:46:13,SAP,51.2,200,WavyWalnuts,AverageAlmonds,buy
2026-06-30T17:46:18.487571+00:00,03:46:13,ASML_202612_F,70.1,50,DownrightDogfish,BoundlessBisons,buy
2026-06-30T17:46:18.487571+00:00,03:46:13,ASML_202703_F,70.8,50,DownrightDogfish,Sze-Yong Ng,buy
2026-06-30T17:46:18.487571+00:00,03:46:13,AAPL,136.4,20,BrilliantBurritos,WavyWalnuts,buy
2026-06-30T17:46:18.487571+00:00,03:46:13,OB5X_ETF,41.0,212,MarvelousMilkshakes,KindlyKales,sell
2026-06-30T17:46:18.487571+00:00,03:46:13,ASML_202706_F,71.3,50,DownrightDogfish,Sze-Yong Ng,buy
2026-06-30T17:46:18.487571+00:00,03:46:13,ASML,69.0,500,YieldingYams,AverageAlmonds,buy
2026-06-30T17:46:18.487571+00:00,03:46:13,ASML,69.0,125,YieldingYams,WavyWalnuts,buy
2026-06-30T17:46:18.487571+00:00,03:46:14,NVDA,45.2,200,WavyWalnuts,YieldingYams,sell
2026-06-30T17:46:18.487571+00:00,03:46:14,OB5X_202612_080P,15.8,58,TactfulTangerines,ScholarlySpearmints,sell
2026-06-30T17:46:18.487571+00:00,03:46:14,OB5X_202612_F,156.1,45,PowerfulPineapples,OriginalOlives,sell
2026-06-30T17:46:18.487571+00:00,03:46:14,ASML_202612_075C,46.9,58,FortunateFerrets,EssentialEagles,sell
2026-06-30T17:46:18.487571+00:00,03:46:14,ASML_202612_050P,31.5,48,FortunateFerrets,EssentialEagles,sell
2026-06-30T17:46:18.487571+00:00,03:46:14,ASML_202612_050P,31.5,6,GenerousGeckos,EssentialEagles,sell
2026-06-30T17:46:18.487571+00:00,03:46:14,TSLA,10.9,20,BrilliantBurritos,WavyWalnuts,buy
2026-06-30T17:46:18.487571+00:00,03:46:14,ASML_DUAL,68.9,50,FlawlessFlatbreads,DiligentDonuts,buy
2026-06-30T17:46:18.487571+00:00,03:46:14,TSLA,10.8,200,Sze-Yong Ng,WavyWalnuts,sell
2026-06-30T17:46:18.487571+00:00,03:46:14,SAP,51.1,200,WavyWalnuts,YieldingYams,buy
2026-06-30T17:46:18.487571+00:00,03:46:14,NVDA,45.1,200,YieldingYams,WavyWalnuts,sell
2026-06-30T17:46:18.487571+00:00,03:46:14,SAP_DUAL,51.2,53,GroovyGrapefruits,InfiniteIcecreams,buy
2026-06-30T17:46:18.487571+00:00,03:46:15,ASML,68.8,200,WavyWalnuts,YieldingYams,sell
2026-06-30T17:46:18.487571+00:00,03:46:15,NVDA,45.1,500,AverageAlmonds,YieldingYams,sell
2026-06-30T17:46:18.487571+00:00,03:46:15,OB5X_202612_120P,37.8,45,ScholarlySpearmints,TactfulTangerines,buy
2026-06-30T17:46:18.487571+00:00,03:46:15,OB5X_202612_120P,36.5,58,TactfulTangerines,ScholarlySpearmints,sell
2026-06-30T17:46:18.487571+00:00,03:46:15,OB5X_ETF,41.0,500,LivelyLasagnas,MarvelousMilkshakes,sell
2026-06-30T17:46:18.487571+00:00,03:46:15,OB5X_202612_100P,25.4,42,TactfulTangerines,ScholarlySpearmints,sell
2026-06-30T17:46:18.487571+00:00,03:46:15,TSLA,10.9,200,YieldingYams,Sze-Yong Ng,buy
2026-06-30T17:46:18.487571+00:00,03:46:15,TSLA,10.9,425,YieldingYams,AverageAlmonds,buy
2026-06-30T17:46:18.487571+00:00,03:46:15,NVDA,45.1,125,AverageAlmonds,YieldingYams,buy
2026-06-30T17:46:18.487571+00:00,03:46:15,TSLA,10.9,200,WavyWalnuts,AverageAlmonds,buy
2026-06-30T17:46:18.487571+00:00,03:46:15,ASML,68.8,200,WavyWalnuts,YieldingYams,buy
2026-06-30T17:46:18.487571+00:00,03:46:15,SAP,51.2,200,WavyWalnuts,YieldingYams,buy
2026-06-30T17:46:18.487571+00:00,03:46:15,NVDA,45.1,200,AverageAlmonds,WavyWalnuts,sell
2026-06-30T17:46:18.487571+00:00,03:46:16,ASML_202612_F,69.7,50,CapableCoyotes,DownrightDogfish,sell
2026-06-30T17:46:20.251909+00:00,03:46:16,SAP,51.2,20,BrilliantBurritos,YieldingYams,buy
2026-06-30T17:46:20.251909+00:00,03:46:16,ASML_202703_F,70.3,50,BoundlessBisons,DownrightDogfish,sell
2026-06-30T17:46:20.251909+00:00,03:46:16,ASML_202706_F,70.8,50,BoundlessBisons,DownrightDogfish,sell
2026-06-30T17:46:20.251909+00:00,03:46:16,ASML_202612_100P,74.0,54,EssentialEagles,FortunateFerrets,buy
2026-06-30T17:46:20.251909+00:00,03:46:16,AAPL,136.2,200,WavyWalnuts,YieldingYams,sell
2026-06-30T17:46:20.251909+00:00,03:46:16,OB5X_ETF,41.0,245,KindlyKales,MarvelousMilkshakes,buy
2026-06-30T17:46:20.251909+00:00,03:46:16,SAP_DUAL,51.2,50,JazzyJellies,InfiniteIcecreams,buy
2026-06-30T17:46:20.251909+00:00,03:46:17,TSLA,10.9,200,WavyWalnuts,AverageAlmonds,buy
2026-06-30T17:46:20.251909+00:00,03:46:17,NVDA,45.2,200,YieldingYams,WavyWalnuts,sell
2026-06-30T17:46:20.251909+00:00,03:46:17,ASML_202703_F,70.6,57,AttentiveAntelopes,BoundlessBisons,buy
2026-06-30T17:46:20.251909+00:00,03:46:17,OB5X_202703_F,157.0,43,PowerfulPineapples,OriginalOlives,sell
2026-06-30T17:46:20.251909+00:00,03:46:17,SAP,51.2,35,Tanishq Panjwani,WavyWalnuts,buy
2026-06-30T17:46:20.251909+00:00,03:46:17,SAP_DUAL,51.3,35,InfiniteIcecreams,Tanishq Panjwani,sell
2026-06-30T17:46:20.251909+00:00,03:46:17,AAPL,136.2,425,AverageAlmonds,YieldingYams,buy
2026-06-30T17:46:20.251909+00:00,03:46:17,OB5X_ETF,40.8,500,MarvelousMilkshakes,NecessaryNutmegs,sell
2026-06-30T17:46:20.251909+00:00,03:46:17,ASML_202612_100C,44.1,51,EssentialEagles,FortunateFerrets,buy
2026-06-30T17:46:20.251909+00:00,03:46:17,SAP,51.2,35,Tanishq Panjwani,WavyWalnuts,buy
2026-06-30T17:46:20.251909+00:00,03:46:17,SAP_DUAL,51.3,35,InfiniteIcecreams,Tanishq Panjwani,sell
2026-06-30T17:46:20.251909+00:00,03:46:17,SAP,51.2,30,Tanishq Panjwani,WavyWalnuts,buy
2026-06-30T17:46:20.251909+00:00,03:46:17,SAP_DUAL,51.3,30,InfiniteIcecreams,Tanishq Panjwani,sell
2026-06-30T17:46:22.331559+00:00,03:46:17,AAPL,136.3,200,YieldingYams,WavyWalnuts,buy
2026-06-30T17:46:22.331559+00:00,03:46:18,SAP_DUAL,51.3,40,InfiniteIcecreams,GroovyGrapefruits,sell
2026-06-30T17:46:22.331559+00:00,03:46:18,TSLA,10.9,200,WavyWalnuts,YieldingYams,buy
2026-06-30T17:46:22.331559+00:00,03:46:18,NVDA,45.2,200,YieldingYams,WavyWalnuts,sell
2026-06-30T17:46:22.331559+00:00,03:46:18,AAPL,136.4,200,YieldingYams,WavyWalnuts,sell
2026-06-30T17:46:22.331559+00:00,03:46:18,TSLA,10.9,500,YieldingYams,AverageAlmonds,buy
2026-06-30T17:46:22.331559+00:00,03:46:18,OB5X_ETF,41.0,5,KindlyKales,MarvelousMilkshakes,buy
2026-06-30T17:46:22.331559+00:00,03:46:18,OB5X_202612_100P,26.4,40,ScholarlySpearmints,VersatileVinegars,buy
2026-06-30T17:46:22.331559+00:00,03:46:18,ASML_202706_F,70.8,42,Sze-Yong Ng,AttentiveAntelopes,sell
2026-06-30T17:46:22.331559+00:00,03:46:18,ASML_202612_100C,43.5,46,GenerousGeckos,EssentialEagles,sell
2026-06-30T17:46:22.331559+00:00,03:46:18,TSLA,11.0,125,YieldingYams,AverageAlmonds,sell
2026-06-30T17:46:22.331559+00:00,03:46:18,TSLA,10.9,200,Sze-Yong Ng,AverageAlmonds,sell
2026-06-30T17:46:22.331559+00:00,03:46:18,ASML_202612_075C,46.7,49,GenerousGeckos,EssentialEagles,sell
2026-06-30T17:46:22.331559+00:00,03:46:18,OB5X_ETF,41.1,500,MarvelousMilkshakes,LivelyLasagnas,buy
2026-06-30T17:46:22.331559+00:00,03:46:19,TSLA,10.9,200,WavyWalnuts,AverageAlmonds,buy
2026-06-30T17:46:22.331559+00:00,03:46:19,SAP,51.2,200,WavyWalnuts,YieldingYams,buy
2026-06-30T17:46:22.331559+00:00,03:46:19,ASML,68.7,200,YieldingYams,WavyWalnuts,sell
2026-06-30T17:46:22.331559+00:00,03:46:19,NVDA,45.1,200,YieldingYams,WavyWalnuts,sell
2026-06-30T17:46:22.331559+00:00,03:46:19,TSLA,10.8,500,AverageAlmonds,YieldingYams,sell
2026-06-30T17:46:22.331559+00:00,03:46:19,OB5X_202706_F,158.6,50,QuirkyQuinoas,RadiantRisottos,sell
2026-06-30T17:46:22.331559+00:00,03:46:19,OB5X_ETF,41.1,250,MarvelousMilkshakes,NecessaryNutmegs,sell
2026-06-30T17:46:22.331559+00:00,03:46:19,OB5X_ETF,40.9,250,LivelyLasagnas,NecessaryNutmegs,sell
2026-06-30T17:46:24.089521+00:00,03:46:19,OB5X_202703_F,157.4,50,QuirkyQuinoas,RadiantRisottos,sell
2026-06-30T17:46:24.089521+00:00,03:46:19,ASML_202706_F,71.1,52,AttentiveAntelopes,BoundlessBisons,buy
2026-06-30T17:46:24.089521+00:00,03:46:19,ASML_202612_075P,52.5,45,EssentialEagles,FortunateFerrets,buy
2026-06-30T17:46:24.089521+00:00,03:46:20,OB5X_202612_F,156.2,50,QuirkyQuinoas,RadiantRisottos,sell
2026-06-30T17:46:24.089521+00:00,03:46:20,ASML_202612_050P,31.5,46,GenerousGeckos,EssentialEagles,sell
2026-06-30T17:46:24.089521+00:00,03:46:20,TSLA,10.7,125,AverageAlmonds,YieldingYams,buy
2026-06-30T17:46:24.089521+00:00,03:46:20,TSLA,10.8,200,AverageAlmonds,Sze-Yong Ng,buy
2026-06-30T17:46:24.089521+00:00,03:46:20,ASML_202612_F,69.9,50,DownrightDogfish,Sze-Yong Ng,buy
2026-06-30T17:46:24.089521+00:00,03:46:20,TSLA,10.9,200,WavyWalnuts,AverageAlmonds,buy
2026-06-30T17:46:24.089521+00:00,03:46:20,NVDA,45.0,200,AverageAlmonds,WavyWalnuts,sell
2026-06-30T17:46:24.089521+00:00,03:46:20,ASML_202703_F,70.5,50,DownrightDogfish,CapableCoyotes,buy
2026-06-30T17:46:24.089521+00:00,03:46:20,NVDA,45.0,20,AverageAlmonds,BrilliantBurritos,sell
2026-06-30T17:46:24.089521+00:00,03:46:20,ASML_202706_F,71.0,50,DownrightDogfish,CapableCoyotes,buy
2026-06-30T17:46:24.089521+00:00,03:46:21,ASML_DUAL,68.5,50,DiligentDonuts,FlawlessFlatbreads,sell
2026-06-30T17:46:24.089521+00:00,03:46:21,TSLA,10.9,300,YieldingYams,AverageAlmonds,buy
2026-06-30T17:46:24.089521+00:00,03:46:21,SAP_DUAL,51.1,42,HomelyHerrings,GroovyGrapefruits,sell
2026-06-30T17:46:24.089521+00:00,03:46:21,SAP,51.2,20,BrilliantBurritos,WavyWalnuts,buy
2026-06-30T17:46:24.089521+00:00,03:46:21,TSLA,10.9,325,YieldingYams,AverageAlmonds,sell
2026-06-30T17:46:24.089521+00:00,03:46:21,TSLA,10.9,20,BrilliantBurritos,AverageAlmonds,buy
2026-06-30T17:46:24.089521+00:00,03:46:21,ASML_202612_F,69.9,14,AttentiveAntelopes,Sze-Yong Ng,buy
2026-06-30T17:46:24.089521+00:00,03:46:21,ASML_202612_F,69.9,42,AttentiveAntelopes,CapableCoyotes,buy
2026-06-30T17:46:24.089521+00:00,03:46:21,OB5X_202612_080C,91.8,44,ScholarlySpearmints,VersatileVinegars,buy
2026-06-30T17:46:24.089521+00:00,03:46:21,ASML_202706_F,71.0,43,AttentiveAntelopes,CapableCoyotes,buy
2026-06-30T17:46:24.089521+00:00,03:46:21,OB5X_202706_F,158.6,100,QuirkyQuinoas,PowerfulPineapples,sell
2026-06-30T17:46:24.089521+00:00,03:46:21,SAP_DUAL,51.1,56,HomelyHerrings,GroovyGrapefruits,sell
2026-06-30T17:46:24.089521+00:00,03:46:21,OB5X_202703_F,157.4,100,QuirkyQuinoas,PowerfulPineapples,sell
2026-06-30T17:46:24.089521+00:00,03:46:21,OB5X_ETF,41.0,500,LivelyLasagnas,NecessaryNutmegs,sell
2026-06-30T17:46:24.089521+00:00,03:46:21,TSLA,10.9,200,WavyWalnuts,AverageAlmonds,buy
2026-06-30T17:46:24.089521+00:00,03:46:21,SAP,51.1,200,Sze-Yong Ng,WavyWalnuts,sell
2026-06-30T17:46:24.089521+00:00,03:46:21,OB5X_202612_F,156.2,100,QuirkyQuinoas,PowerfulPineapples,sell
2026-06-30T17:46:24.089521+00:00,03:46:22,ASML_202612_050P,31.9,57,EssentialEagles,FortunateFerrets,buy
2026-06-30T17:46:24.089521+00:00,03:46:22,OB5X_202706_F,158.0,100,PowerfulPineapples,QuirkyQuinoas,sell
2026-06-30T17:46:24.089521+00:00,03:46:22,OB5X_202703_F,156.8,100,PowerfulPineapples,QuirkyQuinoas,sell
2026-06-30T17:46:24.089521+00:00,03:46:22,TSLA,10.8,200,Sze-Yong Ng,YieldingYams,sell
2026-06-30T17:46:24.089521+00:00,03:46:22,TSLA,10.8,425,AverageAlmonds,YieldingYams,sell
2026-06-30T17:46:24.089521+00:00,03:46:22,OB5X_202612_F,155.6,100,PowerfulPineapples,QuirkyQuinoas,sell
2026-06-30T17:51:18.894147+00:00,03:51:13,ASML_202706_F,71.0,50,DownrightDogfish,CapableCoyotes,buy
2026-06-30T17:51:18.894147+00:00,03:51:13,ASML_DUAL,69.1,47,CostlyCorianders,DiligentDonuts,buy
2026-06-30T17:51:18.894147+00:00,03:51:13,ASML_202612_F,70.3,50,CapableCoyotes,BoundlessBisons,buy
2026-06-30T17:51:18.894147+00:00,03:51:13,ASML_202612_F,70.4,64,CapableCoyotes,Sze-Yong Ng,buy
2026-06-30T17:51:18.894147+00:00,03:51:13,ASML_202703_F,70.7,82,CapableCoyotes,BoundlessBisons,buy
2026-06-30T17:51:18.894147+00:00,03:51:13,ASML_202703_F,70.8,50,CapableCoyotes,Sze-Yong Ng,buy
2026-06-30T17:51:18.894147+00:00,03:51:13,ASML,69.2,15,Andy Garg,WavyWalnuts,buy
2026-06-30T17:51:18.894147+00:00,03:51:13,ASML_202703_F,71.1,15,CapableCoyotes,Andy Garg,sell
2026-06-30T17:51:18.894147+00:00,03:51:13,ASML_202706_F,71.3,100,CapableCoyotes,BoundlessBisons,buy
2026-06-30T17:51:18.894147+00:00,03:51:13,ASML_202706_F,71.4,50,CapableCoyotes,Sze-Yong Ng,buy
2026-06-30T17:51:18.894147+00:00,03:51:13,ASML,69.1,75,YieldingYams,AverageAlmonds,sell
2026-06-30T17:51:18.894147+00:00,03:51:13,ASML,69.1,20,Andy Garg,AverageAlmonds,buy
2026-06-30T17:51:18.894147+00:00,03:51:13,ASML_202703_F,71.1,3,CapableCoyotes,Andy Garg,sell
2026-06-30T17:51:18.894147+00:00,03:51:13,ASML_202612_F,70.4,10,CapableCoyotes,Andy Garg,sell
2026-06-30T17:51:18.894147+00:00,03:51:13,TSLA,10.8,200,YieldingYams,WavyWalnuts,sell
2026-06-30T17:51:18.894147+00:00,03:51:13,ASML_202703_F,70.3,7,Sze-Yong Ng,Andy Garg,sell
2026-06-30T17:51:18.894147+00:00,03:51:13,OB5X_202612_F,157.0,46,OriginalOlives,QuirkyQuinoas,buy
2026-06-30T17:51:18.894147+00:00,03:51:13,ASML_DUAL,69.1,9,FlawlessFlatbreads,DiligentDonuts,buy
2026-06-30T17:51:18.894147+00:00,03:51:13,ASML_DUAL,69.7,41,FlawlessFlatbreads,EarnestEspressos,buy
2026-06-30T17:51:20.636059+00:00,03:51:14,ASML,69.0,200,WavyWalnuts,YieldingYams,sell
2026-06-30T17:51:20.636059+00:00,03:51:14,ASML,69.0,10,Andy Garg,YieldingYams,buy
2026-06-30T17:51:20.636059+00:00,03:51:14,ASML_202612_F,70.4,10,CapableCoyotes,Andy Garg,sell
2026-06-30T17:51:20.636059+00:00,03:51:14,SAP,51.6,200,WavyWalnuts,YieldingYams,sell
2026-06-30T17:51:20.636059+00:00,03:51:14,ASML_202612_075P,52.0,44,FortunateFerrets,EssentialEagles,sell
2026-06-30T17:51:20.636059+00:00,03:51:14,SAP_DUAL,51.4,50,HomelyHerrings,JazzyJellies,sell
2026-06-30T17:51:20.636059+00:00,03:51:14,SAP_DUAL,51.9,55,GroovyGrapefruits,HomelyHerrings,buy
2026-06-30T17:51:20.636059+00:00,03:51:14,OB5X_202612_080P,16.7,44,ScholarlySpearmints,TactfulTangerines,buy
2026-06-30T17:51:20.636059+00:00,03:51:14,ASML_202612_100C,44.3,49,EssentialEagles,GenerousGeckos,buy
2026-06-30T17:51:20.636059+00:00,03:51:14,ASML_202612_100P,73.9,44,EssentialEagles,GenerousGeckos,buy
2026-06-30T17:51:20.636059+00:00,03:51:15,ASML,69.0,200,WavyWalnuts,YieldingYams,buy
2026-06-30T17:51:20.636059+00:00,03:51:15,AAPL,138.2,200,WavyWalnuts,YieldingYams,buy
2026-06-30T17:51:20.636059+00:00,03:51:15,SAP,51.5,35,Tanishq Panjwani,WavyWalnuts,buy
2026-06-30T17:51:20.636059+00:00,03:51:15,SAP_DUAL,51.6,35,InfiniteIcecreams,Tanishq Panjwani,sell
2026-06-30T17:51:20.636059+00:00,03:51:15,AAPL,138.1,20,AverageAlmonds,BrilliantBurritos,sell
2026-06-30T17:51:20.636059+00:00,03:51:15,SAP,51.5,35,Tanishq Panjwani,WavyWalnuts,buy
2026-06-30T17:51:20.636059+00:00,03:51:15,SAP_DUAL,51.6,35,InfiniteIcecreams,Tanishq Panjwani,sell
2026-06-30T17:51:20.636059+00:00,03:51:15,OB5X_202612_F,156.5,43,QuirkyQuinoas,OriginalOlives,sell
2026-06-30T17:51:20.636059+00:00,03:51:15,SAP,51.5,35,Tanishq Panjwani,WavyWalnuts,buy
2026-06-30T17:51:20.636059+00:00,03:51:15,SAP_DUAL,51.6,35,InfiniteIcecreams,Tanishq Panjwani,sell
2026-06-30T17:51:20.636059+00:00,03:51:15,SAP,51.5,95,YieldingYams,WavyWalnuts,buy
2026-06-30T17:51:20.636059+00:00,03:51:15,OB5X_ETF,41.0,223,MarvelousMilkshakes,KindlyKales,sell
2026-06-30T17:51:20.636059+00:00,03:51:15,ASML_DUAL,68.7,42,EarnestEspressos,CostlyCorianders,sell
2026-06-30T17:51:20.636059+00:00,03:51:15,ASML_202612_F,70.4,16,CapableCoyotes,DownrightDogfish,sell
2026-06-30T17:51:20.636059+00:00,03:51:15,ASML_202612_F,69.8,34,BoundlessBisons,DownrightDogfish,sell
2026-06-30T17:51:20.636059+00:00,03:51:15,ASML_202703_F,70.3,7,Sze-Yong Ng,DownrightDogfish,sell
2026-06-30T17:51:20.636059+00:00,03:51:15,ASML_202703_F,70.3,43,Sze-Yong Ng,DownrightDogfish,sell
2026-06-30T17:51:20.636059+00:00,03:51:15,ASML_202706_F,71.4,14,AttentiveAntelopes,Sze-Yong Ng,buy
2026-06-30T17:51:20.636059+00:00,03:51:15,ASML_DUAL,69.1,21,DiligentDonuts,Chester Au,sell
2026-06-30T17:51:20.636059+00:00,03:51:15,ASML,69.1,21,Chester Au,YieldingYams,buy
2026-06-30T17:51:20.636059+00:00,03:51:15,ASML_202706_F,70.8,50,BoundlessBisons,DownrightDogfish,sell
2026-06-30T17:51:20.636059+00:00,03:51:15,NVDA,45.5,20,BrilliantBurritos,WavyWalnuts,buy
2026-06-30T17:51:20.636059+00:00,03:51:15,TSLA,10.8,55,YieldingYams,Sze-Yong Ng,buy
2026-06-30T17:51:20.636059+00:00,03:51:15,AAPL,138.2,20,AverageAlmonds,BrilliantBurritos,sell
2026-06-30T17:51:20.636059+00:00,03:51:15,ASML_DUAL,69.2,49,CostlyCorianders,EarnestEspressos,buy
2026-06-30T17:51:20.636059+00:00,03:51:15,SAP_DUAL,51.6,40,InfiniteIcecreams,GroovyGrapefruits,sell
2026-06-30T17:51:20.636059+00:00,03:51:16,ASML_DUAL,69.2,50,FlawlessFlatbreads,EarnestEspressos,buy
2026-06-30T17:51:20.636059+00:00,03:51:16,SAP,51.5,200,YieldingYams,WavyWalnuts,sell
2026-06-30T17:51:20.636059+00:00,03:51:16,AAPL,138.3,200,WavyWalnuts,YieldingYams,buy
2026-06-30T17:51:20.636059+00:00,03:51:16,OB5X_202612_100P,25.4,50,VersatileVinegars,ScholarlySpearmints,sell
2026-06-30T17:51:20.636059+00:00,03:51:16,OB5X_ETF,41.0,500,LivelyLasagnas,MarvelousMilkshakes,sell
2026-06-30T17:51:20.636059+00:00,03:51:16,OB5X_202706_F,159.1,50,RadiantRisottos,PowerfulPineapples,buy
2026-06-30T17:51:20.636059+00:00,03:51:16,ASML,69.1,15,Andy Garg,YieldingYams,buy
2026-06-30T17:51:20.636059+00:00,03:51:16,ASML_202706_F,71.5,15,BoundlessBisons,Andy Garg,sell
2026-06-30T17:51:20.636059+00:00,03:51:16,OB5X_202703_F,158.0,50,RadiantRisottos,PowerfulPineapples,buy
2026-06-30T17:51:20.636059+00:00,03:51:16,OB5X_202612_F,156.8,50,RadiantRisottos,PowerfulPineapples,buy
2026-06-30T17:51:20.636059+00:00,03:51:16,ASML_202612_F,70.4,100,BoundlessBisons,CapableCoyotes,sell
2026-06-30T17:51:20.636059+00:00,03:51:16,ASML,69.0,20,YieldingYams,Andy Garg,sell
2026-06-30T17:51:20.636059+00:00,03:51:16,ASML_202612_F,69.8,20,Andy Garg,CapableCoyotes,buy
2026-06-30T17:51:20.636059+00:00,03:51:17,ASML_202703_F,70.9,43,BoundlessBisons,AttentiveAntelopes,sell
2026-06-30T17:51:20.636059+00:00,03:51:17,OB5X_ETF,41.0,250,NecessaryNutmegs,MarvelousMilkshakes,buy
2026-06-30T17:51:20.636059+00:00,03:51:17,OB5X_ETF,41.2,250,NecessaryNutmegs,LivelyLasagnas,buy
2026-06-30T17:51:20.636059+00:00,03:51:17,ASML_202703_F,70.9,57,BoundlessBisons,CapableCoyotes,sell
2026-06-30T17:51:20.636059+00:00,03:51:17,ASML_202706_F,71.5,57,BoundlessBisons,AttentiveAntelopes,sell
2026-06-30T17:51:20.636059+00:00,03:51:17,ASML,69.0,25,YieldingYams,Andy Garg,sell
2026-06-30T17:51:20.636059+00:00,03:51:17,ASML_202703_F,70.4,25,Andy Garg,CapableCoyotes,buy
2026-06-30T17:51:20.636059+00:00,03:51:17,TSLA,10.9,200,YieldingYams,WavyWalnuts,buy
2026-06-30T17:51:20.636059+00:00,03:51:17,TSLA,10.9,425,YieldingYams,AverageAlmonds,buy
2026-06-30T17:51:20.636059+00:00,03:51:17,ASML_202612_075P,52.4,50,EssentialEagles,FortunateFerrets,buy
2026-06-30T17:51:20.636059+00:00,03:51:17,ASML_DUAL,69.1,46,DiligentDonuts,CostlyCorianders,sell
2026-06-30T17:51:20.636059+00:00,03:51:17,TSLA,10.8,20,WavyWalnuts,BrilliantBurritos,sell
2026-06-30T17:51:20.636059+00:00,03:51:17,ASML_202706_F,71.5,28,BoundlessBisons,CapableCoyotes,sell
2026-06-30T17:51:20.636059+00:00,03:51:17,ASML_202612_050P,31.5,57,FortunateFerrets,EssentialEagles,sell
2026-06-30T17:51:20.636059+00:00,03:51:17,ASML,69.0,15,YieldingYams,Andy Garg,sell
2026-06-30T17:51:20.636059+00:00,03:51:17,ASML_202706_F,71.0,15,Andy Garg,CapableCoyotes,buy
2026-06-30T17:51:20.636059+00:00,03:51:17,NVDA,45.4,200,YieldingYams,WavyWalnuts,sell
2026-06-30T17:51:20.636059+00:00,03:51:17,TSLA,10.9,200,WavyWalnuts,AverageAlmonds,buy
2026-06-30T17:51:20.636059+00:00,03:51:17,SAP,51.5,200,YieldingYams,WavyWalnuts,sell
2026-06-30T17:51:20.636059+00:00,03:51:17,ASML,69.0,200,YieldingYams,WavyWalnuts,sell
2026-06-30T17:51:20.636059+00:00,03:51:17,TSLA,10.7,20,Sze-Yong Ng,BrilliantBurritos,sell
2026-06-30T17:51:20.636059+00:00,03:51:17,ASML_202612_F,69.8,30,DownrightDogfish,CapableCoyotes,buy
2026-06-30T17:51:20.636059+00:00,03:51:17,ASML_202612_F,70.9,20,DownrightDogfish,BoundlessBisons,buy
2026-06-30T17:51:20.636059+00:00,03:51:17,ASML_202703_F,70.4,50,DownrightDogfish,CapableCoyotes,buy
2026-06-30T17:51:20.636059+00:00,03:51:17,ASML,69.1,500,YieldingYams,AverageAlmonds,buy
2026-06-30T17:51:20.636059+00:00,03:51:17,ASML_202706_F,71.0,50,DownrightDogfish,CapableCoyotes,buy
2026-06-30T17:51:20.636059+00:00,03:51:18,ASML,69.1,125,YieldingYams,AverageAlmonds,sell
2026-06-30T17:51:20.636059+00:00,03:51:18,AAPL,138.4,200,YieldingYams,WavyWalnuts,buy
2026-06-30T17:51:20.636059+00:00,03:51:18,ASML_DUAL,69.6,50,FlawlessFlatbreads,DiligentDonuts,buy
2026-06-30T17:51:20.636059+00:00,03:51:18,OB5X_202706_F,159.4,54,OriginalOlives,QuirkyQuinoas,buy
2026-06-30T17:51:20.636059+00:00,03:51:18,ASML_DUAL,69.1,33,DiligentDonuts,CostlyCorianders,sell
2026-06-30T17:51:20.636059+00:00,03:51:18,ASML_DUAL,69.1,15,EarnestEspressos,CostlyCorianders,sell
2026-06-30T17:51:20.636059+00:00,03:51:18,SAP_DUAL,51.6,50,JazzyJellies,InfiniteIcecreams,buy
2026-06-30T17:51:22.375691+00:00,03:51:18,NVDA,45.4,200,WavyWalnuts,YieldingYams,buy
2026-06-30T17:51:22.375691+00:00,03:51:18,TSLA,10.8,200,YieldingYams,WavyWalnuts,sell
2026-06-30T17:51:22.375691+00:00,03:51:18,SAP,51.6,200,WavyWalnuts,YieldingYams,buy
2026-06-30T17:51:22.375691+00:00,03:51:18,ASML,69.0,54,Chester Au,WavyWalnuts,buy
2026-06-30T17:51:22.375691+00:00,03:51:18,ASML,69.0,35,Tanishq Panjwani,WavyWalnuts,buy
2026-06-30T17:51:22.375691+00:00,03:51:18,ASML_DUAL,69.1,35,EarnestEspressos,Tanishq Panjwani,sell
2026-06-30T17:51:22.375691+00:00,03:51:18,SAP,51.6,20,BrilliantBurritos,YieldingYams,buy
2026-06-30T17:51:22.375691+00:00,03:51:18,ASML,69.0,35,Tanishq Panjwani,WavyWalnuts,buy
2026-06-30T17:51:22.375691+00:00,03:51:18,ASML_DUAL,69.1,35,EarnestEspressos,Tanishq Panjwani,sell
2026-06-30T17:51:22.375691+00:00,03:51:18,ASML,69.0,35,Tanishq Panjwani,WavyWalnuts,buy
2026-06-30T17:51:22.375691+00:00,03:51:18,ASML_DUAL,69.1,35,EarnestEspressos,Tanishq Panjwani,sell
2026-06-30T17:51:22.375691+00:00,03:51:18,OB5X_202612_100P,26.4,50,ScholarlySpearmints,VersatileVinegars,buy
2026-06-30T17:51:22.375691+00:00,03:51:18,OB5X_202612_100P,26.5,2,ScholarlySpearmints,TactfulTangerines,buy
2026-06-30T17:51:22.375691+00:00,03:51:19,ASML,69.0,30,Tanishq Panjwani,WavyWalnuts,buy
2026-06-30T17:51:22.375691+00:00,03:51:19,ASML_DUAL,69.1,30,EarnestEspressos,Tanishq Panjwani,sell
2026-06-30T17:51:22.375691+00:00,03:51:19,OB5X_ETF,41.0,500,LivelyLasagnas,NecessaryNutmegs,sell
2026-06-30T17:51:22.375691+00:00,03:51:19,OB5X_202706_F,159.4,54,QuirkyQuinoas,OriginalOlives,sell
2026-06-30T17:51:22.375691+00:00,03:51:19,TSLA,10.8,180,Sze-Yong Ng,YieldingYams,sell
2026-06-30T17:51:22.375691+00:00,03:51:19,TSLA,10.8,200,WavyWalnuts,YieldingYams,buy
2026-06-30T17:51:22.375691+00:00,03:51:19,NVDA,45.4,200,YieldingYams,WavyWalnuts,sell
2026-06-30T17:51:22.375691+00:00,03:51:19,ASML,69.0,200,WavyWalnuts,YieldingYams,buy
2026-06-30T17:51:22.375691+00:00,03:51:19,NVDA,45.4,20,YieldingYams,BrilliantBurritos,sell
2026-06-30T17:51:22.375691+00:00,03:51:20,ASML_202612_F,70.1,50,DownrightDogfish,BoundlessBisons,buy
2026-06-30T17:51:22.375691+00:00,03:51:20,ASML_202703_F,70.4,18,DownrightDogfish,CapableCoyotes,buy
2026-06-30T17:51:22.375691+00:00,03:51:20,ASML_202703_F,70.5,32,DownrightDogfish,BoundlessBisons,buy
2026-06-30T17:51:22.375691+00:00,03:51:20,ASML_DUAL,69.3,50,FlawlessFlatbreads,DiligentDonuts,buy
2026-06-30T17:51:22.375691+00:00,03:51:20,ASML_202706_F,71.0,50,DownrightDogfish,CapableCoyotes,buy
2026-06-30T17:51:22.375691+00:00,03:51:20,OB5X_202612_120P,37.6,40,ScholarlySpearmints,TactfulTangerines,buy
2026-06-30T17:51:22.375691+00:00,03:51:20,ASML_202612_F,70.1,50,CapableCoyotes,BoundlessBisons,buy
2026-06-30T17:51:22.375691+00:00,03:51:20,OB5X_202612_100P,25.3,49,TactfulTangerines,ScholarlySpearmints,sell
2026-06-30T17:51:22.375691+00:00,03:51:20,SAP_DUAL,51.6,50,JazzyJellies,InfiniteIcecreams,buy
2026-06-30T17:51:22.375691+00:00,03:51:20,ASML_202703_F,70.5,68,CapableCoyotes,BoundlessBisons,buy
2026-06-30T17:51:22.375691+00:00,03:51:20,SAP,51.6,200,YieldingYams,WavyWalnuts,buy
2026-06-30T17:51:22.375691+00:00,03:51:20,SAP,51.6,25,YieldingYams,Sze-Yong Ng,buy
2026-06-30T17:51:22.375691+00:00,03:51:20,ASML,69.0,10,Andy Garg,YieldingYams,buy
2026-06-30T17:51:22.375691+00:00,03:51:20,ASML_202703_F,70.8,10,CapableCoyotes,Andy Garg,sell
2026-06-30T17:51:22.375691+00:00,03:51:20,SAP_DUAL,51.6,35,Tanishq Panjwani,InfiniteIcecreams,buy
2026-06-30T17:51:22.375691+00:00,03:51:20,SAP,51.7,35,YieldingYams,Tanishq Panjwani,sell
2026-06-30T17:51:22.375691+00:00,03:51:20,ASML_202703_F,70.8,57,CapableCoyotes,Sze-Yong Ng,sell
2026-06-30T17:51:22.375691+00:00,03:51:20,NVDA,45.3,200,Sze-Yong Ng,YieldingYams,sell
2026-06-30T17:51:22.375691+00:00,03:51:20,NVDA,45.3,200,WavyWalnuts,YieldingYams,sell
2026-06-30T17:51:22.375691+00:00,03:51:20,ASML_202706_F,71.1,100,CapableCoyotes,BoundlessBisons,buy
2026-06-30T17:51:22.375691+00:00,03:51:20,SAP_DUAL,51.6,15,Tanishq Panjwani,InfiniteIcecreams,buy
2026-06-30T17:51:22.375691+00:00,03:51:20,SAP,51.7,15,YieldingYams,Tanishq Panjwani,sell
2026-06-30T17:51:22.375691+00:00,03:51:20,OB5X_202612_120C,72.8,46,TactfulTangerines,ScholarlySpearmints,buy
2026-06-30T17:51:22.375691+00:00,03:51:20,ASML,69.0,15,Andy Garg,YieldingYams,buy
2026-06-30T17:51:22.375691+00:00,03:51:20,ASML_202706_F,71.4,15,CapableCoyotes,Andy Garg,sell
2026-06-30T17:51:24.468409+00:00,03:51:21,NVDA,45.3,200,WavyWalnuts,YieldingYams,buy
2026-06-30T17:51:24.468409+00:00,03:51:21,TSLA,10.8,200,WavyWalnuts,Sze-Yong Ng,buy
2026-06-30T17:51:24.468409+00:00,03:51:21,OB5X_202706_F,159.4,50,QuirkyQuinoas,RadiantRisottos,sell
2026-06-30T17:51:24.468409+00:00,03:51:21,OB5X_202703_F,158.2,50,QuirkyQuinoas,RadiantRisottos,sell
2026-06-30T17:51:24.468409+00:00,03:51:21,SAP_DUAL,51.8,100,InfiniteIcecreams,HomelyHerrings,buy
2026-06-30T17:51:24.468409+00:00,03:51:21,SAP,51.8,35,Tanishq Panjwani,WavyWalnuts,buy
2026-06-30T17:51:24.468409+00:00,03:51:21,SAP_DUAL,51.9,35,InfiniteIcecreams,Tanishq Panjwani,sell
2026-06-30T17:51:24.468409+00:00,03:51:21,OB5X_ETF,41.0,500,MarvelousMilkshakes,NecessaryNutmegs,sell
2026-06-30T17:51:24.468409+00:00,03:51:21,OB5X_202612_F,156.9,50,QuirkyQuinoas,RadiantRisottos,sell
2026-06-30T17:51:24.468409+00:00,03:51:21,SAP,51.8,15,Tanishq Panjwani,WavyWalnuts,buy
2026-06-30T17:51:24.468409+00:00,03:51:21,SAP_DUAL,51.9,15,InfiniteIcecreams,Tanishq Panjwani,sell
2026-06-30T17:51:24.468409+00:00,03:51:21,OB5X_202706_F,159.4,46,QuirkyQuinoas,PowerfulPineapples,sell
