captured_at,time,ticker,price,volume,buyer,seller,aggressor
2026-07-12T06:06:37.880053+00:00,16:06:32,AAPL,139.2,200,WavyWalnuts,YieldingYams,sell
2026-07-12T06:06:37.880053+00:00,16:06:32,ASML_DUAL,64.4,20,EarnestEspressos,Ethan Gu,sell
2026-07-12T06:06:37.880053+00:00,16:06:32,ASML,64.5,20,Ethan Gu,YieldingYams,buy
2026-07-12T06:06:37.880053+00:00,16:06:32,ASML_202703_F,62.1,47,CapableCoyotes,BoundlessBisons,sell
2026-07-12T06:06:37.880053+00:00,16:06:32,SAP,52.1,125,YieldingYams,AverageAlmonds,sell
2026-07-12T06:06:37.880053+00:00,16:06:32,ASML,64.4,2,Stanley Wang,xingzhi Dang,sell
2026-07-12T06:06:37.880053+00:00,16:06:32,ASML_202706_F,62.5,100,CapableCoyotes,BoundlessBisons,sell
2026-07-12T06:06:37.880053+00:00,16:06:32,SAP,51.7,20,AverageAlmonds,BrilliantBurritos,sell
2026-07-12T06:06:37.880053+00:00,16:06:32,TSLA,12.6,500,AverageAlmonds,YieldingYams,sell
2026-07-12T06:06:37.880053+00:00,16:06:32,TSLA,12.4,125,WavyWalnuts,YieldingYams,sell
2026-07-12T06:06:37.880053+00:00,16:06:32,NVDA,43.6,200,YieldingYams,WavyWalnuts,buy
2026-07-12T06:06:37.880053+00:00,16:06:32,OB5X_202612_F,177.7,43,QuirkyQuinoas,OriginalOlives,sell
2026-07-12T06:06:37.880053+00:00,16:06:33,ASML_DUAL,64.5,20,Ethan Gu,FlawlessFlatbreads,sell
2026-07-12T06:06:37.880053+00:00,16:06:33,ASML_DUAL,64.4,30,EarnestEspressos,FlawlessFlatbreads,sell
2026-07-12T06:06:37.880053+00:00,16:06:33,OB5X_202612_100P,21.7,55,ScholarlySpearmints,TactfulTangerines,buy
2026-07-12T06:06:37.880053+00:00,16:06:33,SAP,52.1,200,WavyWalnuts,AverageAlmonds,buy
2026-07-12T06:06:37.880053+00:00,16:06:33,ASML,64.4,18,Stanley Wang,Ethan Gu,sell
2026-07-12T06:06:37.880053+00:00,16:06:33,ASML,64.4,1,Stanley Wang,Ethan Gu,sell
2026-07-12T06:06:37.880053+00:00,16:06:33,NVDA,43.7,200,YieldingYams,WavyWalnuts,sell
2026-07-12T06:06:37.880053+00:00,16:06:33,ASML,64.4,1,xingzhi Dang,WavyWalnuts,buy
2026-07-12T06:06:37.880053+00:00,16:06:33,ASML_DUAL,64.5,1,Benjamin Lu,xingzhi Dang,sell
2026-07-12T06:06:37.880053+00:00,16:06:33,ASML_202612_F,61.7,50,DownrightDogfish,BoundlessBisons,buy
2026-07-12T06:06:37.880053+00:00,16:06:33,ASML_202612_F,61.7,50,AttentiveAntelopes,BoundlessBisons,buy
2026-07-12T06:06:37.880053+00:00,16:06:33,ASML_202703_F,62.0,50,DownrightDogfish,BoundlessBisons,buy
2026-07-12T06:06:37.880053+00:00,16:06:33,SAP_DUAL,51.4,50,HomelyHerrings,JazzyJellies,sell
2026-07-12T06:06:37.880053+00:00,16:06:33,ASML_DUAL,64.5,9,Benjamin Lu,YUNSHEN JI,sell
2026-07-12T06:06:37.880053+00:00,16:06:33,ASML,64.4,9,YUNSHEN JI,WavyWalnuts,buy
2026-07-12T06:06:37.880053+00:00,16:06:33,ASML_202703_F,62.0,3,AttentiveAntelopes,BoundlessBisons,buy
2026-07-12T06:06:37.880053+00:00,16:06:33,ASML_DUAL,64.4,19,EarnestEspressos,Ethan Gu,sell
2026-07-12T06:06:37.880053+00:00,16:06:33,ASML,64.4,19,Ethan Gu,WavyWalnuts,buy
2026-07-12T06:06:37.880053+00:00,16:06:33,ASML,64.3,1,Stanley Wang,Ethan Gu,sell
2026-07-12T06:06:37.880053+00:00,16:06:33,OB5X_202706_F,187.8,50,RadiantRisottos,PowerfulPineapples,buy
2026-07-12T06:06:37.880053+00:00,16:06:33,ASML_202706_F,62.5,40,CapableCoyotes,AttentiveAntelopes,sell
2026-07-12T06:06:37.880053+00:00,16:06:33,ASML_202612_075C,42.3,49,EssentialEagles,GenerousGeckos,buy
2026-07-12T06:06:37.880053+00:00,16:06:33,OB5X_202703_F,180.9,50,RadiantRisottos,PowerfulPineapples,buy
2026-07-12T06:06:37.880053+00:00,16:06:33,OB5X_202612_F,177.9,50,RadiantRisottos,PowerfulPineapples,buy
2026-07-12T06:06:37.880053+00:00,16:06:34,TSLA,12.7,200,YieldingYams,WavyWalnuts,buy
2026-07-12T06:06:37.880053+00:00,16:06:34,TSLA,12.7,425,YieldingYams,AverageAlmonds,buy
2026-07-12T06:06:37.880053+00:00,16:06:34,ASML_DUAL,64.4,10,Ethan Gu,Benjamin Lu,sell
2026-07-12T06:06:37.880053+00:00,16:06:34,ASML,64.3,8,Stanley Wang,Ethan Gu,sell
2026-07-12T06:06:37.880053+00:00,16:06:34,ASML,64.3,2,YieldingYams,Ethan Gu,sell
2026-07-12T06:06:37.880053+00:00,16:06:34,OB5X_202612_F,178.2,48,OriginalOlives,QuirkyQuinoas,buy
2026-07-12T06:06:37.880053+00:00,16:06:34,ASML,64.3,20,YieldingYams,BrilliantBurritos,sell
2026-07-12T06:06:37.880053+00:00,16:06:34,TSLA,12.7,200,WavyWalnuts,AverageAlmonds,buy
2026-07-12T06:06:37.880053+00:00,16:06:34,SAP,52.0,200,WavyWalnuts,YieldingYams,buy
2026-07-12T06:06:37.880053+00:00,16:06:34,ASML,64.3,200,YieldingYams,WavyWalnuts,sell
2026-07-12T06:06:37.880053+00:00,16:06:34,NVDA,43.7,200,WavyWalnuts,YieldingYams,buy
2026-07-12T06:06:37.880053+00:00,16:06:34,OB5X_202612_100C,93.8,59,ScholarlySpearmints,TactfulTangerines,buy
2026-07-12T06:06:37.880053+00:00,16:06:34,ASML_DUAL,64.4,2,xingzhi Dang,Ethan Gu,sell
2026-07-12T06:06:37.880053+00:00,16:06:34,ASML_DUAL,64.4,9,Benjamin Lu,Ethan Gu,sell
2026-07-12T06:06:37.880053+00:00,16:06:34,ASML,64.5,11,Ethan Gu,YieldingYams,buy
2026-07-12T06:06:37.880053+00:00,16:06:34,ASML,64.3,1,Stanley Wang,YieldingYams,sell
2026-07-12T06:06:37.880053+00:00,16:06:34,ASML,64.3,6,Stanley Wang,YieldingYams,sell
2026-07-12T06:06:37.880053+00:00,16:06:34,ASML,64.3,500,AverageAlmonds,YieldingYams,sell
2026-07-12T06:06:37.880053+00:00,16:06:34,ASML,64.1,118,WavyWalnuts,YieldingYams,sell
2026-07-12T06:06:37.880053+00:00,16:06:34,OB5X_ETF,41.1,500,LivelyLasagnas,MarvelousMilkshakes,sell
2026-07-12T06:06:37.880053+00:00,16:06:34,ASML,64.4,6,Stanley Wang,YUNSHEN JI,sell
2026-07-12T06:06:37.880053+00:00,16:06:34,ASML_DUAL,64.5,6,YUNSHEN JI,DiligentDonuts,buy
2026-07-12T06:06:37.880053+00:00,16:06:34,SAP,51.9,20,YieldingYams,BrilliantBurritos,sell
2026-07-12T06:06:37.880053+00:00,16:06:34,ASML_202612_100C,38.7,52,FortunateFerrets,EssentialEagles,sell
2026-07-12T06:06:37.880053+00:00,16:06:35,ASML_202612_075P,51.6,47,GenerousGeckos,EssentialEagles,sell
2026-07-12T06:06:37.880053+00:00,16:06:35,ASML_DUAL,64.4,1,Benjamin Lu,FlawlessFlatbreads,sell
2026-07-12T06:06:37.880053+00:00,16:06:35,ASML_DUAL,64.4,20,Ethan Gu,FlawlessFlatbreads,sell
2026-07-12T06:06:37.880053+00:00,16:06:35,ASML_DUAL,64.3,10,Freddie Hurd-Wood,FlawlessFlatbreads,sell
2026-07-12T06:06:37.880053+00:00,16:06:35,ASML_DUAL,64.0,19,DiligentDonuts,FlawlessFlatbreads,sell
2026-07-12T06:06:37.880053+00:00,16:06:35,ASML,64.4,20,AverageAlmonds,Ethan Gu,sell
2026-07-12T06:06:37.880053+00:00,16:06:35,TSLA,12.6,500,AverageAlmonds,YieldingYams,sell
2026-07-12T06:06:37.880053+00:00,16:06:35,ASML_DUAL,64.5,30,YUNSHEN JI,DiligentDonuts,buy
2026-07-12T06:06:37.880053+00:00,16:06:35,ASML,64.4,30,AverageAlmonds,YUNSHEN JI,sell
2026-07-12T06:06:37.880053+00:00,16:06:35,TSLA,12.5,125,AverageAlmonds,YieldingYams,buy
2026-07-12T06:06:37.880053+00:00,16:06:35,ASML_202612_F,61.7,56,AttentiveAntelopes,CapableCoyotes,buy
2026-07-12T06:06:37.880053+00:00,16:06:35,TSLA,12.7,200,WavyWalnuts,AverageAlmonds,buy
2026-07-12T06:06:37.880053+00:00,16:06:35,ASML,64.3,2,AverageAlmonds,xingzhi Dang,sell
2026-07-12T06:06:37.880053+00:00,16:06:35,ASML,64.3,200,AverageAlmonds,WavyWalnuts,sell
2026-07-12T06:06:37.880053+00:00,16:06:35,ASML_202612_F,61.7,94,BoundlessBisons,CapableCoyotes,buy
2026-07-12T06:06:37.880053+00:00,16:06:35,NVDA,43.7,200,WavyWalnuts,YieldingYams,buy
2026-07-12T06:06:39.992470+00:00,16:06:35,ASML_DUAL,64.5,10,Benjamin Lu,DiligentDonuts,buy
2026-07-12T06:06:39.992470+00:00,16:06:35,SAP_DUAL,51.1,50,HomelyHerrings,JazzyJellies,sell
2026-07-12T06:06:39.992470+00:00,16:06:35,ASML_202703_F,62.1,100,BoundlessBisons,CapableCoyotes,buy
2026-07-12T06:06:39.992470+00:00,16:06:35,SAP,52.0,200,WavyWalnuts,YieldingYams,sell
2026-07-12T06:06:39.992470+00:00,16:06:35,ASML_202612_F,61.9,6,BoundlessBisons,DownrightDogfish,sell
2026-07-12T06:06:39.992470+00:00,16:06:35,ASML_202612_F,61.2,44,CapableCoyotes,DownrightDogfish,sell
2026-07-12T06:06:39.992470+00:00,16:06:35,ASML_202706_F,62.5,100,BoundlessBisons,CapableCoyotes,buy
2026-07-12T06:06:39.992470+00:00,16:06:35,ASML_202703_F,61.5,50,CapableCoyotes,DownrightDogfish,sell
2026-07-12T06:06:39.992470+00:00,16:06:35,AAPL,139.1,200,WavyWalnuts,YieldingYams,sell
2026-07-12T06:06:39.992470+00:00,16:06:36,OB5X_202612_F,177.7,42,PowerfulPineapples,OriginalOlives,sell
2026-07-12T06:06:39.992470+00:00,16:06:36,ASML,64.4,10,YieldingYams,Freddie Hurd-Wood,sell
2026-07-12T06:06:39.992470+00:00,16:06:36,ASML_202706_F,61.9,50,CapableCoyotes,DownrightDogfish,sell
2026-07-12T06:06:39.992470+00:00,16:06:36,ASML_DUAL,64.4,10,Ethan Gu,Benjamin Lu,sell
2026-07-12T06:06:39.992470+00:00,16:06:36,ASML,64.4,10,YieldingYams,Ethan Gu,sell
2026-07-12T06:06:39.992470+00:00,16:06:36,ASML_DUAL,64.5,2,YUNSHEN JI,DiligentDonuts,buy
2026-07-12T06:06:39.992470+00:00,16:06:36,ASML,64.4,2,YieldingYams,YUNSHEN JI,sell
2026-07-12T06:06:43.610591+00:00,16:06:36,SAP,51.9,200,YieldingYams,WavyWalnuts,sell
2026-07-12T06:06:43.610591+00:00,16:06:36,OB5X_202612_120C,86.6,42,TactfulTangerines,ScholarlySpearmints,sell
2026-07-12T06:06:43.610591+00:00,16:06:36,ASML,64.4,200,YieldingYams,WavyWalnuts,sell
2026-07-12T06:06:43.610591+00:00,16:06:36,OB5X_ETF,41.1,250,NecessaryNutmegs,MarvelousMilkshakes,buy
2026-07-12T06:06:43.610591+00:00,16:06:36,OB5X_ETF,41.3,250,NecessaryNutmegs,LivelyLasagnas,buy
2026-07-12T06:06:43.610591+00:00,16:06:36,OB5X_202612_100C,92.5,57,TactfulTangerines,ScholarlySpearmints,sell
2026-07-12T06:06:43.610591+00:00,16:06:37,ASML_DUAL,64.4,2,xingzhi Dang,FlawlessFlatbreads,sell
2026-07-12T06:06:43.610591+00:00,16:06:37,ASML_DUAL,64.4,20,Ethan Gu,FlawlessFlatbreads,sell
2026-07-12T06:06:43.610591+00:00,16:06:37,ASML_DUAL,64.3,10,Freddie Hurd-Wood,FlawlessFlatbreads,sell
2026-07-12T06:06:43.610591+00:00,16:06:37,ASML_DUAL,63.7,5,YUNSHEN JI,FlawlessFlatbreads,sell
2026-07-12T06:06:43.610591+00:00,16:06:37,ASML,64.4,20,YieldingYams,Ethan Gu,sell
2026-07-12T06:06:43.610591+00:00,16:06:37,ASML,64.3,2,AverageAlmonds,xingzhi Dang,sell
2026-07-12T06:06:43.610591+00:00,16:06:37,ASML_DUAL,64.4,10,Benjamin Lu,YUNSHEN JI,sell
2026-07-12T06:06:43.610591+00:00,16:06:37,ASML_DUAL,64.5,10,CostlyCorianders,Benjamin Lu,buy
2026-07-12T06:06:43.610591+00:00,16:06:37,ASML_DUAL,64.6,30,CostlyCorianders,EarnestEspressos,buy
2026-07-12T06:06:43.610591+00:00,16:06:37,SAP_DUAL,51.2,50,InfiniteIcecreams,JazzyJellies,sell
2026-07-12T06:06:43.610591+00:00,16:06:37,TSLA,12.7,200,WavyWalnuts,YieldingYams,buy
2026-07-12T06:06:43.610591+00:00,16:06:37,SAP,52.0,200,YieldingYams,WavyWalnuts,sell
2026-07-12T06:06:43.610591+00:00,16:06:38,NVDA,43.7,200,WavyWalnuts,YieldingYams,buy
2026-07-12T06:06:43.610591+00:00,16:06:38,ASML,64.3,10,YieldingYams,Freddie Hurd-Wood,sell
2026-07-12T06:06:43.610591+00:00,16:06:38,ASML_202612_F,61.9,50,CapableCoyotes,DownrightDogfish,sell
2026-07-12T06:06:53.376797+00:00,16:06:38,ASML,64.3,4,Stanley Wang,YieldingYams,sell
2026-07-12T06:06:53.376797+00:00,16:06:38,ASML,64.3,500,AverageAlmonds,YieldingYams,sell
2026-07-12T06:06:53.376797+00:00,16:06:38,ASML_DUAL,64.3,2,xingzhi Dang,Ethan Gu,sell
2026-07-12T06:06:53.376797+00:00,16:06:38,ASML,64.3,2,Ethan Gu,YieldingYams,buy
2026-07-12T06:06:53.376797+00:00,16:06:38,OB5X_ETF,41.2,500,NecessaryNutmegs,LivelyLasagnas,buy
2026-07-12T06:06:53.376797+00:00,16:06:38,ASML_202612_050C,45.9,49,GenerousGeckos,EssentialEagles,sell
2026-07-12T06:06:53.376797+00:00,16:06:39,ASML,64.3,119,AverageAlmonds,YieldingYams,buy
2026-07-12T06:06:53.376797+00:00,16:06:39,ASML_DUAL,64.3,10,Thomas Lee,Benjamin Lu,buy
2026-07-12T06:06:53.376797+00:00,16:06:39,ASML,64.3,10,AverageAlmonds,Thomas Lee,sell
2026-07-12T06:06:53.376797+00:00,16:06:39,SAP,52.0,200,WavyWalnuts,YieldingYams,buy
2026-07-12T06:06:53.376797+00:00,16:06:39,ASML_202612_F,61.9,100,CapableCoyotes,BoundlessBisons,sell
2026-07-12T06:06:53.376797+00:00,16:06:39,ASML,64.3,200,AverageAlmonds,WavyWalnuts,sell
2026-07-12T06:06:53.376797+00:00,16:06:39,TSLA,12.7,500,YieldingYams,AverageAlmonds,buy
2026-07-12T06:06:53.376797+00:00,16:06:39,TSLA,12.7,125,YieldingYams,WavyWalnuts,buy
2026-07-12T06:06:53.376797+00:00,16:06:39,ASML_202703_F,62.2,100,CapableCoyotes,BoundlessBisons,sell
2026-07-12T06:06:53.376797+00:00,16:06:39,ASML_DUAL,64.4,20,Ethan Gu,FlawlessFlatbreads,sell
2026-07-12T06:06:53.376797+00:00,16:06:39,ASML_DUAL,64.2,30,DiligentDonuts,FlawlessFlatbreads,sell
2026-07-12T06:06:53.376797+00:00,16:06:39,OB5X_202703_F,181.1,59,OriginalOlives,QuirkyQuinoas,buy
2026-07-12T06:06:53.376797+00:00,16:06:39,ASML_202706_F,62.6,100,CapableCoyotes,BoundlessBisons,sell
2026-07-12T06:06:53.376797+00:00,16:06:39,OB5X_202612_080C,108.7,55,TactfulTangerines,ScholarlySpearmints,sell
2026-07-12T06:06:53.376797+00:00,16:06:39,ASML,64.4,2,Stanley Wang,xingzhi Dang,sell
2026-07-12T06:06:53.376797+00:00,16:06:39,SAP_DUAL,51.4,50,GroovyGrapefruits,InfiniteIcecreams,buy
2026-07-12T06:06:53.376797+00:00,16:06:39,OB5X_202612_100P,21.8,57,ScholarlySpearmints,TactfulTangerines,buy
2026-07-12T06:06:53.376797+00:00,16:06:39,ASML,64.3,20,AverageAlmonds,Ethan Gu,sell
2026-07-12T06:06:53.376797+00:00,16:06:39,SAP_DUAL,51.1,50,HomelyHerrings,JazzyJellies,sell
2026-07-12T06:06:53.376797+00:00,16:06:39,ASML,64.4,3,Stanley Wang,YieldingYams,sell
2026-07-12T06:06:53.376797+00:00,16:06:39,ASML,64.3,480,AverageAlmonds,YieldingYams,sell
2026-07-12T06:06:53.376797+00:00,16:06:39,ASML_202612_050C,46.5,48,EssentialEagles,FortunateFerrets,buy
2026-07-12T06:06:53.376797+00:00,16:06:40,ASML_202612_050P,31.5,50,EssentialEagles,GenerousGeckos,buy
2026-07-12T06:06:53.376797+00:00,16:06:40,ASML_202612_050P,31.5,7,EssentialEagles,FortunateFerrets,buy
2026-07-12T06:06:53.376797+00:00,16:06:40,AAPL,139.2,20,BrilliantBurritos,YieldingYams,buy
2026-07-12T06:06:53.376797+00:00,16:06:40,ASML_DUAL,64.4,20,Ethan Gu,CostlyCorianders,sell
2026-07-12T06:06:53.376797+00:00,16:06:40,ASML_DUAL,64.2,22,DiligentDonuts,CostlyCorianders,sell
2026-07-12T06:06:53.376797+00:00,16:06:40,ASML,64.3,142,AverageAlmonds,YieldingYams,buy
2026-07-12T06:06:53.376797+00:00,16:06:40,TSLA,12.6,200,AverageAlmonds,WavyWalnuts,sell
2026-07-12T06:06:53.376797+00:00,16:06:40,ASML,64.3,20,AverageAlmonds,Ethan Gu,sell
2026-07-12T06:06:53.376797+00:00,16:06:40,NVDA,43.6,200,YieldingYams,WavyWalnuts,sell
2026-07-12T06:06:53.376797+00:00,16:06:40,ASML_202706_F,62.6,42,CapableCoyotes,AttentiveAntelopes,sell
2026-07-12T06:06:53.376797+00:00,16:06:40,ASML_DUAL,64.4,5,YUNSHEN JI,DiligentDonuts,buy
2026-07-12T06:06:53.376797+00:00,16:06:40,ASML,64.4,5,WavyWalnuts,YUNSHEN JI,sell
2026-07-12T06:06:53.376797+00:00,16:06:40,TSLA,12.6,300,AverageAlmonds,YieldingYams,sell
2026-07-12T06:06:53.376797+00:00,16:06:40,TSLA,12.5,200,WavyWalnuts,YieldingYams,sell
2026-07-12T06:06:53.376797+00:00,16:06:40,ASML_202703_F,62.2,50,CapableCoyotes,DownrightDogfish,sell
2026-07-12T06:06:53.376797+00:00,16:06:40,ASML_DUAL,64.4,10,Benjamin Lu,DiligentDonuts,buy
2026-07-12T06:06:53.376797+00:00,16:06:40,OB5X_202706_F,187.8,50,PowerfulPineapples,RadiantRisottos,sell
2026-07-12T06:06:53.376797+00:00,16:06:40,ASML_202706_F,62.6,8,CapableCoyotes,DownrightDogfish,sell
2026-07-12T06:06:53.376797+00:00,16:06:40,NVDA,43.6,500,AverageAlmonds,YieldingYams,sell
2026-07-12T06:06:53.376797+00:00,16:06:40,OB5X_202703_F,180.9,50,PowerfulPineapples,RadiantRisottos,sell
2026-07-12T06:06:53.376797+00:00,16:06:40,OB5X_202612_080C,108.7,45,TactfulTangerines,ScholarlySpearmints,sell
2026-07-12T06:06:53.376797+00:00,16:06:40,OB5X_202612_080C,108.7,2,VersatileVinegars,ScholarlySpearmints,sell
2026-07-12T06:06:53.376797+00:00,16:06:40,TSLA,12.5,125,AverageAlmonds,YieldingYams,buy
2026-07-12T06:06:53.376797+00:00,16:06:40,NVDA,43.6,125,AverageAlmonds,YieldingYams,buy
2026-07-12T06:06:53.376797+00:00,16:06:40,OB5X_202612_F,177.8,50,PowerfulPineapples,RadiantRisottos,sell
2026-07-12T06:06:53.376797+00:00,16:06:41,OB5X_ETF,41.2,500,NecessaryNutmegs,LivelyLasagnas,buy
2026-07-12T06:06:53.376797+00:00,16:06:41,ASML_DUAL,64.4,85,Thomas Lee,DiligentDonuts,buy
2026-07-12T06:06:53.376797+00:00,16:06:41,ASML,64.4,85,WavyWalnuts,Thomas Lee,sell
2026-07-12T06:06:53.376797+00:00,16:06:41,OB5X_202703_F,180.8,41,OriginalOlives,PowerfulPineapples,buy
2026-07-12T06:06:53.376797+00:00,16:06:41,ASML_202612_100C,38.8,50,GenerousGeckos,EssentialEagles,sell
2026-07-12T06:06:53.376797+00:00,16:06:41,ASML_202612_100C,38.8,8,FortunateFerrets,EssentialEagles,sell
2026-07-12T06:06:53.376797+00:00,16:06:41,ASML_202612_075P,52.1,40,EssentialEagles,GenerousGeckos,buy
2026-07-12T06:06:53.376797+00:00,16:06:41,ASML_DUAL,64.4,10,Benjamin Lu,Ethan Gu,sell
2026-07-12T06:06:53.376797+00:00,16:06:41,ASML,64.5,10,Ethan Gu,WavyWalnuts,buy
2026-07-12T06:06:53.376797+00:00,16:06:41,ASML_DUAL,64.3,2,xingzhi Dang,FlawlessFlatbreads,sell
2026-07-12T06:06:53.376797+00:00,16:06:41,ASML_DUAL,64.3,10,Freddie Hurd-Wood,FlawlessFlatbreads,sell
2026-07-12T06:06:53.376797+00:00,16:06:41,ASML_DUAL,64.3,20,Ethan Gu,FlawlessFlatbreads,sell
2026-07-12T06:06:53.376797+00:00,16:06:41,ASML_DUAL,64.1,18,EarnestEspressos,FlawlessFlatbreads,sell
2026-07-12T06:06:53.376797+00:00,16:06:41,TSLA,12.6,200,AverageAlmonds,WavyWalnuts,sell
2026-07-12T06:06:53.376797+00:00,16:06:41,SAP,52.2,20,BrilliantBurritos,YieldingYams,buy
2026-07-12T06:06:53.376797+00:00,16:06:41,ASML,64.4,2,YieldingYams,xingzhi Dang,sell
2026-07-12T06:06:53.376797+00:00,16:06:41,OB5X_202706_F,187.7,100,QuirkyQuinoas,PowerfulPineapples,buy
2026-07-12T06:06:53.376797+00:00,16:06:41,NVDA,43.6,200,AverageAlmonds,WavyWalnuts,sell
2026-07-12T06:06:53.376797+00:00,16:06:41,OB5X_202703_F,180.8,59,QuirkyQuinoas,PowerfulPineapples,buy
2026-07-12T06:06:53.376797+00:00,16:06:41,TSLA,12.7,500,YieldingYams,AverageAlmonds,buy
2026-07-12T06:06:53.376797+00:00,16:06:41,ASML,64.4,20,YieldingYams,Ethan Gu,sell
2026-07-12T06:06:53.376797+00:00,16:06:42,ASML_202706_F,61.8,56,BoundlessBisons,AttentiveAntelopes,sell
2026-07-12T06:06:53.376797+00:00,16:06:42,OB5X_202612_F,177.8,100,QuirkyQuinoas,PowerfulPineapples,buy
2026-07-12T06:06:53.376797+00:00,16:06:42,SAP_DUAL,50.9,50,InfiniteIcecreams,JazzyJellies,sell
2026-07-12T06:06:53.376797+00:00,16:06:42,TSLA,12.7,125,YieldingYams,AverageAlmonds,sell
2026-07-12T06:06:53.376797+00:00,16:06:42,SAP,52.1,200,WavyWalnuts,AverageAlmonds,sell
2026-07-12T06:06:53.376797+00:00,16:06:42,ASML_DUAL,64.4,10,Thomas Lee,Benjamin Lu,buy
2026-07-12T06:06:53.376797+00:00,16:06:42,ASML,64.4,10,YieldingYams,Thomas Lee,sell
2026-07-12T06:06:53.376797+00:00,16:06:42,ASML,64.4,10,YieldingYams,Freddie Hurd-Wood,sell
2026-07-12T06:06:53.376797+00:00,16:06:42,SAP_DUAL,51.0,44,InfiniteIcecreams,GroovyGrapefruits,sell
2026-07-12T06:06:53.376797+00:00,16:06:42,SAP,52.0,20,YieldingYams,BrilliantBurritos,sell
2026-07-12T06:06:53.376797+00:00,16:06:42,OB5X_202612_120P,30.6,45,TactfulTangerines,ScholarlySpearmints,sell
2026-07-12T06:06:53.376797+00:00,16:06:42,ASML_202612_100P,73.1,49,GenerousGeckos,EssentialEagles,sell
2026-07-12T06:06:53.376797+00:00,16:06:42,OB5X_202612_100P,21.8,50,ScholarlySpearmints,VersatileVinegars,buy
2026-07-12T06:06:53.376797+00:00,16:06:42,OB5X_202612_100P,21.9,9,ScholarlySpearmints,TactfulTangerines,buy
2026-07-12T06:06:53.376797+00:00,16:06:42,ASML_DUAL,64.4,10,Benjamin Lu,Ethan Gu,sell
2026-07-12T06:06:53.376797+00:00,16:06:42,ASML,64.5,10,Ethan Gu,YieldingYams,buy
2026-07-12T06:06:53.376797+00:00,16:06:42,OB5X_202706_F,187.8,50,QuirkyQuinoas,OriginalOlives,sell
2026-07-12T06:06:53.376797+00:00,16:06:42,OB5X_202706_F,187.2,4,PowerfulPineapples,OriginalOlives,sell
2026-07-12T06:06:53.376797+00:00,16:06:42,ASML_202612_F,61.3,100,BoundlessBisons,CapableCoyotes,buy
2026-07-12T06:06:53.376797+00:00,16:06:42,ASML_DUAL,64.4,10,CostlyCorianders,Benjamin Lu,buy
2026-07-12T06:06:53.376797+00:00,16:06:42,ASML_DUAL,64.6,31,CostlyCorianders,EarnestEspressos,buy
2026-07-12T06:06:53.376797+00:00,16:06:42,ASML_202703_F,61.5,100,BoundlessBisons,CapableCoyotes,buy
2026-07-12T06:06:53.376797+00:00,16:06:42,TSLA,12.6,200,AverageAlmonds,WavyWalnuts,sell
2026-07-12T06:06:53.376797+00:00,16:06:42,SAP,52.2,200,WavyWalnuts,YieldingYams,buy
2026-07-12T06:06:53.376797+00:00,16:06:42,ASML_202612_F,60.8,50,CapableCoyotes,DownrightDogfish,sell
2026-07-12T06:06:53.376797+00:00,16:06:42,ASML_202706_F,61.9,100,BoundlessBisons,CapableCoyotes,buy
2026-07-12T06:06:53.376797+00:00,16:06:42,NVDA,43.8,200,YieldingYams,WavyWalnuts,sell
2026-07-12T06:06:53.376797+00:00,16:06:42,ASML_202703_F,61.0,50,CapableCoyotes,DownrightDogfish,sell
2026-07-12T06:06:53.376797+00:00,16:06:43,ASML_202706_F,61.4,50,CapableCoyotes,DownrightDogfish,sell
2026-07-12T06:06:53.376797+00:00,16:06:43,OB5X_ETF,41.3,217,KindlyKales,MarvelousMilkshakes,buy
2026-07-12T06:06:53.376797+00:00,16:06:43,OB5X_ETF,41.1,500,MarvelousMilkshakes,NecessaryNutmegs,sell
2026-07-12T06:06:53.376797+00:00,16:06:43,SAP,52.0,20,YieldingYams,BrilliantBurritos,sell
2026-07-12T06:06:53.376797+00:00,16:06:43,TSLA,12.6,300,AverageAlmonds,YieldingYams,sell
2026-07-12T06:06:53.376797+00:00,16:06:43,TSLA,12.5,200,WavyWalnuts,YieldingYams,sell
2026-07-12T06:06:53.376797+00:00,16:06:43,TSLA,12.5,125,AverageAlmonds,YieldingYams,buy
2026-07-12T06:06:53.376797+00:00,16:06:43,ASML_202612_100C,39.4,40,EssentialEagles,GenerousGeckos,buy
2026-07-12T06:06:53.376797+00:00,16:06:43,ASML_DUAL,64.5,10,FlawlessFlatbreads,Benjamin Lu,buy
2026-07-12T06:06:53.376797+00:00,16:06:43,ASML_DUAL,64.7,10,FlawlessFlatbreads,Freddie Hurd-Wood,buy
2026-07-12T06:06:53.376797+00:00,16:06:43,ASML_DUAL,65.0,2,FlawlessFlatbreads,xingzhi Dang,buy
2026-07-12T06:06:53.376797+00:00,16:06:43,ASML_DUAL,65.0,20,FlawlessFlatbreads,Ethan Gu,buy
2026-07-12T06:06:53.376797+00:00,16:06:43,ASML_DUAL,65.2,5,FlawlessFlatbreads,YUNSHEN JI,buy
2026-07-12T06:06:53.376797+00:00,16:06:43,OB5X_202612_120P,31.9,48,ScholarlySpearmints,TactfulTangerines,buy
2026-07-12T06:06:53.376797+00:00,16:06:43,ASML,64.6,2,xingzhi Dang,YieldingYams,buy
2026-07-12T06:06:53.376797+00:00,16:06:43,ASML_DUAL,64.7,10,CostlyCorianders,Benjamin Lu,buy
2026-07-12T06:06:53.376797+00:00,16:06:43,ASML_DUAL,64.8,33,CostlyCorianders,DiligentDonuts,buy
2026-07-12T06:06:53.376797+00:00,16:06:43,TSLA,12.7,200,WavyWalnuts,AverageAlmonds,buy
2026-07-12T06:06:53.376797+00:00,16:06:43,OB5X_ETF,41.3,500,LivelyLasagnas,MarvelousMilkshakes,buy
2026-07-12T06:06:53.376797+00:00,16:06:44,ASML,64.6,20,Ethan Gu,YieldingYams,buy
2026-07-12T06:06:53.376797+00:00,16:06:44,ASML,64.4,200,YieldingYams,WavyWalnuts,sell
2026-07-12T06:06:53.376797+00:00,16:06:44,OB5X_ETF,41.3,33,KindlyKales,MarvelousMilkshakes,buy
2026-07-12T06:06:53.376797+00:00,16:06:44,SAP_DUAL,51.0,50,InfiniteIcecreams,JazzyJellies,sell
2026-07-12T06:06:53.376797+00:00,16:06:44,ASML,64.6,10,Freddie Hurd-Wood,YieldingYams,buy
2026-07-12T06:06:53.376797+00:00,16:06:44,TSLA,12.7,500,YieldingYams,AverageAlmonds,buy
2026-07-12T06:06:53.376797+00:00,16:06:44,TSLA,12.8,125,YieldingYams,WavyWalnuts,buy
2026-07-12T06:06:53.376797+00:00,16:06:44,ASML_DUAL,64.6,10,Benjamin Lu,Ethan Gu,sell
2026-07-12T06:06:53.376797+00:00,16:06:44,ASML,64.6,10,Ethan Gu,YieldingYams,buy
2026-07-12T06:06:53.376797+00:00,16:06:44,OB5X_ETF,41.2,245,MarvelousMilkshakes,KindlyKales,sell
2026-07-12T06:06:53.376797+00:00,16:06:44,NVDA,43.9,200,YieldingYams,WavyWalnuts,buy
2026-07-12T06:06:53.376797+00:00,16:06:44,NVDA,43.9,425,YieldingYams,AverageAlmonds,buy
2026-07-12T06:06:53.376797+00:00,16:06:44,ASML_DUAL,64.6,2,xingzhi Dang,Benjamin Lu,buy
2026-07-12T06:06:53.376797+00:00,16:06:44,ASML_202612_F,61.7,51,AttentiveAntelopes,CapableCoyotes,buy
2026-07-12T06:06:53.376797+00:00,16:06:44,ASML_202612_100C,39.4,10,EssentialEagles,GenerousGeckos,buy
2026-07-12T06:06:53.376797+00:00,16:06:44,ASML_202612_100C,39.4,32,EssentialEagles,FortunateFerrets,buy
2026-07-12T06:06:53.376797+00:00,16:06:44,ASML_202612_075C,42.4,55,EssentialEagles,FortunateFerrets,buy
2026-07-12T06:06:53.376797+00:00,16:06:45,TSLA,12.7,200,WavyWalnuts,AverageAlmonds,buy
2026-07-12T06:06:53.376797+00:00,16:06:45,SAP,52.2,200,WavyWalnuts,AverageAlmonds,buy
2026-07-12T06:06:53.376797+00:00,16:06:45,ASML_202612_F,61.2,50,CapableCoyotes,DownrightDogfish,sell
2026-07-12T06:06:53.376797+00:00,16:06:45,OB5X_202706_F,188.1,100,PowerfulPineapples,QuirkyQuinoas,sell
2026-07-12T06:06:53.376797+00:00,16:06:45,OB5X_ETF,41.2,500,MarvelousMilkshakes,NecessaryNutmegs,sell
2026-07-12T06:06:53.376797+00:00,16:06:45,OB5X_202612_100P,20.8,51,TactfulTangerines,ScholarlySpearmints,sell
2026-07-12T06:06:53.376797+00:00,16:06:45,ASML_202703_F,61.4,50,CapableCoyotes,DownrightDogfish,sell
2026-07-12T06:06:53.376797+00:00,16:06:45,ASML_202706_F,61.9,50,CapableCoyotes,DownrightDogfish,sell
2026-07-12T06:06:53.376797+00:00,16:06:45,OB5X_202703_F,181.2,100,PowerfulPineapples,QuirkyQuinoas,sell
2026-07-12T06:06:53.376797+00:00,16:06:45,OB5X_202612_F,178.2,100,PowerfulPineapples,QuirkyQuinoas,sell
2026-07-12T06:06:53.376797+00:00,16:06:45,ASML_DUAL,64.6,10,Benjamin Lu,Ethan Gu,sell
2026-07-12T06:06:53.376797+00:00,16:06:45,ASML,64.5,10,Ethan Gu,WavyWalnuts,buy
2026-07-12T06:06:53.376797+00:00,16:06:45,ASML_DUAL,64.7,10,FlawlessFlatbreads,Thomas Lee,buy
2026-07-12T06:06:53.376797+00:00,16:06:45,ASML_DUAL,64.7,10,FlawlessFlatbreads,Freddie Hurd-Wood,buy
2026-07-12T06:06:53.376797+00:00,16:06:45,ASML_DUAL,64.7,10,FlawlessFlatbreads,Benjamin Lu,buy
2026-07-12T06:06:53.376797+00:00,16:06:45,ASML_DUAL,64.8,20,FlawlessFlatbreads,DiligentDonuts,buy
2026-07-12T06:06:53.376797+00:00,16:06:45,SAP,52.1,500,YieldingYams,AverageAlmonds,sell
2026-07-12T06:06:53.376797+00:00,16:06:45,ASML,64.4,2,WavyWalnuts,xingzhi Dang,sell
2026-07-12T06:06:53.376797+00:00,16:06:45,TSLA,12.7,500,YieldingYams,AverageAlmonds,buy
2026-07-12T06:06:53.376797+00:00,16:06:46,NVDA,43.6,200,WavyWalnuts,YieldingYams,sell
2026-07-12T06:06:53.376797+00:00,16:06:46,NVDA,43.6,425,AverageAlmonds,YieldingYams,sell
2026-07-12T06:06:53.376797+00:00,16:06:46,ASML_202612_050C,46.0,57,FortunateFerrets,EssentialEagles,sell
2026-07-12T06:06:53.376797+00:00,16:06:46,ASML_DUAL,64.5,10,Benjamin Lu,Ethan Gu,sell
2026-07-12T06:06:53.376797+00:00,16:06:46,ASML,64.5,10,Ethan Gu,WavyWalnuts,buy
2026-07-12T06:06:53.376797+00:00,16:06:46,ASML,64.5,10,Thomas Lee,WavyWalnuts,buy
2026-07-12T06:06:53.376797+00:00,16:06:46,ASML,64.5,10,Freddie Hurd-Wood,WavyWalnuts,buy
2026-07-12T06:06:53.376797+00:00,16:06:46,SAP_DUAL,51.0,50,HomelyHerrings,JazzyJellies,sell
2026-07-12T06:06:53.376797+00:00,16:06:46,SAP,52.1,125,YieldingYams,AverageAlmonds,sell
2026-07-12T06:06:53.376797+00:00,16:06:46,TSLA,12.7,125,YieldingYams,AverageAlmonds,sell
2026-07-12T06:06:53.376797+00:00,16:06:46,TSLA,12.7,200,WavyWalnuts,AverageAlmonds,buy
2026-07-12T06:06:53.376797+00:00,16:06:46,SAP,51.9,200,WavyWalnuts,YieldingYams,buy
2026-07-12T06:06:53.376797+00:00,16:06:46,OB5X_202612_100P,20.8,49,TactfulTangerines,ScholarlySpearmints,sell
2026-07-12T06:06:53.376797+00:00,16:06:46,OB5X_202612_100P,20.8,2,VersatileVinegars,ScholarlySpearmints,sell
2026-07-12T06:06:53.376797+00:00,16:06:46,AAPL,139.1,200,YieldingYams,WavyWalnuts,sell
2026-07-12T06:06:53.376797+00:00,16:06:46,ASML_DUAL,64.4,10,Benjamin Lu,Ethan Gu,sell
2026-07-12T06:06:53.376797+00:00,16:06:46,ASML,64.5,10,Ethan Gu,Stanley Wang,buy
2026-07-12T06:06:53.376797+00:00,16:06:46,ASML_DUAL,64.5,10,DiligentDonuts,Benjamin Lu,sell
2026-07-12T06:06:53.376797+00:00,16:06:46,ASML_DUAL,64.5,49,DiligentDonuts,CostlyCorianders,sell
2026-07-12T06:06:53.376797+00:00,16:06:47,TSLA,12.6,20,AverageAlmonds,BrilliantBurritos,sell
2026-07-12T06:06:53.376797+00:00,16:06:47,TSLA,12.6,480,AverageAlmonds,YieldingYams,sell
2026-07-12T06:06:53.376797+00:00,16:06:47,ASML_DUAL,64.5,25,DiligentDonuts,Ethan Gu,sell
2026-07-12T06:06:53.376797+00:00,16:06:47,ASML,64.5,20,Ethan Gu,Stanley Wang,buy
2026-07-12T06:06:53.376797+00:00,16:06:47,ASML,64.5,5,Ethan Gu,YieldingYams,buy
2026-07-12T06:06:53.376797+00:00,16:06:47,ASML_202612_100P,73.6,51,EssentialEagles,FortunateFerrets,buy
2026-07-12T06:06:53.376797+00:00,16:06:47,ASML_202612_050C,46.0,43,FortunateFerrets,EssentialEagles,sell
2026-07-12T06:06:53.376797+00:00,16:06:47,OB5X_ETF,41.1,500,LivelyLasagnas,NecessaryNutmegs,sell
2026-07-12T06:06:53.376797+00:00,16:06:47,ASML_202703_F,61.9,52,AttentiveAntelopes,BoundlessBisons,buy
2026-07-12T06:06:53.376797+00:00,16:06:47,ASML_202612_F,61.6,50,DownrightDogfish,BoundlessBisons,buy
2026-07-12T06:06:55.164113+00:00,16:06:47,TSLA,12.5,145,AverageAlmonds,YieldingYams,buy
2026-07-12T06:06:55.164113+00:00,16:06:47,ASML_202703_F,61.9,48,DownrightDogfish,BoundlessBisons,buy
2026-07-12T06:06:55.164113+00:00,16:06:47,ASML_202703_F,62.0,2,DownrightDogfish,CapableCoyotes,buy
2026-07-12T06:06:55.164113+00:00,16:06:47,SAP,51.9,200,WavyWalnuts,YieldingYams,buy
2026-07-12T06:06:55.164113+00:00,16:06:47,SAP_DUAL,51.1,46,GroovyGrapefruits,HomelyHerrings,buy
2026-07-12T06:06:55.164113+00:00,16:06:47,ASML,64.5,200,WavyWalnuts,YieldingYams,buy
2026-07-12T06:06:55.164113+00:00,16:06:47,ASML_202706_F,62.4,50,DownrightDogfish,CapableCoyotes,buy
2026-07-12T06:06:55.164113+00:00,16:06:47,ASML_DUAL,64.5,3,DiligentDonuts,Ethan Gu,sell
2026-07-12T06:06:55.164113+00:00,16:06:47,ASML,64.5,3,Ethan Gu,YieldingYams,buy
2026-07-12T06:06:55.164113+00:00,16:06:47,OB5X_202612_080C,109.7,51,ScholarlySpearmints,TactfulTangerines,buy
2026-07-12T06:06:55.164113+00:00,16:06:47,ASML_DUAL,64.5,13,DiligentDonuts,FlawlessFlatbreads,sell
2026-07-12T06:06:55.164113+00:00,16:06:47,ASML_DUAL,64.5,2,xingzhi Dang,FlawlessFlatbreads,sell
2026-07-12T06:06:55.164113+00:00,16:06:47,ASML_DUAL,64.4,10,Benjamin Lu,FlawlessFlatbreads,sell
2026-07-12T06:06:55.164113+00:00,16:06:47,ASML_DUAL,64.4,20,Ethan Gu,FlawlessFlatbreads,sell
2026-07-12T06:06:55.164113+00:00,16:06:47,ASML_DUAL,64.3,5,Freddie Hurd-Wood,FlawlessFlatbreads,sell
2026-07-12T06:06:55.164113+00:00,16:06:47,OB5X_202612_100C,92.4,42,VersatileVinegars,ScholarlySpearmints,sell
2026-07-12T06:06:55.164113+00:00,16:06:48,ASML,64.4,20,YieldingYams,Ethan Gu,sell
2026-07-12T06:06:55.164113+00:00,16:06:48,ASML_DUAL,64.5,1,YUNSHEN JI,Benjamin Lu,buy
2026-07-12T06:06:55.164113+00:00,16:06:48,ASML,64.4,5,YieldingYams,Freddie Hurd-Wood,sell
2026-07-12T06:06:55.164113+00:00,16:06:48,ASML,64.4,1,YieldingYams,YUNSHEN JI,sell
2026-07-12T06:06:55.164113+00:00,16:06:48,ASML_DUAL,64.5,9,CostlyCorianders,Benjamin Lu,buy
2026-07-12T06:06:55.164113+00:00,16:06:48,ASML_DUAL,64.7,36,CostlyCorianders,EarnestEspressos,buy
2026-07-12T06:06:55.164113+00:00,16:06:48,ASML_202612_100C,38.8,41,FortunateFerrets,EssentialEagles,sell
2026-07-12T06:06:55.164113+00:00,16:06:48,NVDA,43.7,500,AverageAlmonds,YieldingYams,sell
2026-07-12T06:06:55.164113+00:00,16:06:48,NVDA,43.6,125,WavyWalnuts,YieldingYams,sell
2026-07-12T06:06:55.164113+00:00,16:06:48,ASML,64.4,2,YieldingYams,xingzhi Dang,sell
2026-07-12T06:06:55.164113+00:00,16:06:48,ASML,64.4,200,YieldingYams,WavyWalnuts,sell
2026-07-12T06:06:55.164113+00:00,16:06:48,OB5X_202612_120C,88.0,40,ScholarlySpearmints,TactfulTangerines,buy
2026-07-12T06:06:55.164113+00:00,16:06:48,NVDA,43.6,200,AverageAlmonds,WavyWalnuts,sell
2026-07-12T06:06:55.164113+00:00,16:06:49,OB5X_202706_F,188.0,59,OriginalOlives,PowerfulPineapples,buy
2026-07-12T06:06:55.164113+00:00,16:06:49,AAPL,139.1,200,YieldingYams,WavyWalnuts,buy
2026-07-12T06:06:55.164113+00:00,16:06:49,OB5X_202612_F,178.1,46,OriginalOlives,PowerfulPineapples,buy
2026-07-12T06:06:55.164113+00:00,16:06:49,OB5X_202612_100C,93.7,49,ScholarlySpearmints,VersatileVinegars,buy
2026-07-12T06:06:55.164113+00:00,16:06:49,NVDA,44.0,20,BrilliantBurritos,AverageAlmonds,buy
2026-07-12T06:06:55.164113+00:00,16:06:49,OB5X_202612_100P,20.8,50,VersatileVinegars,ScholarlySpearmints,sell
2026-07-12T06:06:55.164113+00:00,16:06:49,OB5X_202612_100P,20.7,9,TactfulTangerines,ScholarlySpearmints,sell
2026-07-12T06:06:55.164113+00:00,16:06:49,OB5X_ETF,41.0,500,NecessaryNutmegs,MarvelousMilkshakes,buy
2026-07-12T06:06:55.164113+00:00,16:06:49,ASML_202612_075C,42.5,41,EssentialEagles,GenerousGeckos,buy
2026-07-12T06:06:55.164113+00:00,16:06:49,ASML_202612_F,61.5,100,BoundlessBisons,CapableCoyotes,buy
2026-07-12T06:06:55.164113+00:00,16:06:49,ASML_202703_F,61.7,100,BoundlessBisons,CapableCoyotes,buy
2026-07-12T06:06:55.164113+00:00,16:06:49,TSLA,12.6,200,WavyWalnuts,YieldingYams,sell
2026-07-12T06:06:55.164113+00:00,16:06:49,ASML_202612_F,61.5,50,DownrightDogfish,CapableCoyotes,buy
2026-07-12T06:06:55.164113+00:00,16:06:49,ASML_202706_F,62.2,100,BoundlessBisons,CapableCoyotes,buy
2026-07-12T06:06:55.164113+00:00,16:06:49,ASML_202703_F,61.7,50,DownrightDogfish,CapableCoyotes,buy
2026-07-12T06:06:55.164113+00:00,16:06:49,OB5X_202706_F,187.8,50,QuirkyQuinoas,RadiantRisottos,sell
2026-07-12T06:06:55.164113+00:00,16:06:49,ASML_DUAL,64.6,2,xingzhi Dang,FlawlessFlatbreads,sell
2026-07-12T06:06:55.164113+00:00,16:06:49,ASML_DUAL,64.5,20,Ethan Gu,FlawlessFlatbreads,sell
2026-07-12T06:06:55.164113+00:00,16:06:49,ASML_DUAL,64.5,28,EarnestEspressos,FlawlessFlatbreads,sell
2026-07-12T06:06:55.164113+00:00,16:06:49,ASML_DUAL,64.7,10,CostlyCorianders,Benjamin Lu,buy
2026-07-12T06:06:55.164113+00:00,16:06:49,NVDA,43.9,500,YieldingYams,AverageAlmonds,buy
2026-07-12T06:06:55.164113+00:00,16:06:50,TSLA,12.5,200,YieldingYams,WavyWalnuts,sell
2026-07-12T06:06:55.164113+00:00,16:06:50,ASML_202706_F,62.2,50,DownrightDogfish,CapableCoyotes,buy
2026-07-12T06:06:55.164113+00:00,16:06:50,ASML,64.5,200,YieldingYams,WavyWalnuts,sell
2026-07-12T06:06:55.164113+00:00,16:06:50,NVDA,43.9,125,YieldingYams,WavyWalnuts,sell
2026-07-12T06:06:55.164113+00:00,16:06:50,SAP_DUAL,51.1,48,GroovyGrapefruits,HomelyHerrings,buy
2026-07-12T06:06:55.164113+00:00,16:06:50,SAP,52.1,200,YieldingYams,WavyWalnuts,buy
2026-07-12T06:06:55.164113+00:00,16:06:50,SAP,52.2,425,YieldingYams,AverageAlmonds,buy
2026-07-12T06:06:55.164113+00:00,16:06:50,ASML,64.5,20,YieldingYams,Ethan Gu,sell
2026-07-12T06:06:55.164113+00:00,16:06:50,OB5X_ETF,41.0,250,LivelyLasagnas,MarvelousMilkshakes,buy
2026-07-12T06:06:55.164113+00:00,16:06:50,SAP_DUAL,51.1,50,JazzyJellies,InfiniteIcecreams,buy
2026-07-12T06:06:55.164113+00:00,16:06:50,AAPL,139.3,200,YieldingYams,WavyWalnuts,buy
2026-07-12T06:06:55.164113+00:00,16:06:50,ASML_DUAL,64.6,10,CostlyCorianders,Benjamin Lu,buy
2026-07-12T06:06:55.164113+00:00,16:06:50,ASML,64.4,200,WavyWalnuts,YieldingYams,sell
2026-07-12T06:06:55.164113+00:00,16:06:50,ASML,64.4,9,Stanley Wang,YieldingYams,sell
2026-07-12T06:06:55.164113+00:00,16:06:50,TSLA,12.6,425,AverageAlmonds,YieldingYams,buy
2026-07-12T06:06:55.164113+00:00,16:06:50,OB5X_202706_F,187.8,45,QuirkyQuinoas,OriginalOlives,sell
2026-07-12T06:06:55.164113+00:00,16:06:50,OB5X_ETF,41.2,500,MarvelousMilkshakes,LivelyLasagnas,buy
2026-07-12T06:06:55.164113+00:00,16:06:50,ASML_DUAL,64.6,8,Benjamin Lu,YUNSHEN JI,sell
2026-07-12T06:06:55.164113+00:00,16:06:50,ASML,64.4,8,YUNSHEN JI,YieldingYams,buy
2026-07-12T06:06:55.164113+00:00,16:06:50,AAPL,139.5,20,BrilliantBurritos,YieldingYams,buy
2026-07-12T06:06:55.164113+00:00,16:06:50,OB5X_202612_F,177.9,56,QuirkyQuinoas,OriginalOlives,sell
2026-07-12T06:06:55.164113+00:00,16:06:50,ASML_202612_100C,39.4,50,EssentialEagles,GenerousGeckos,buy
2026-07-12T06:06:55.164113+00:00,16:06:50,OB5X_202612_080C,109.7,40,ScholarlySpearmints,TactfulTangerines,buy
2026-07-12T06:06:55.164113+00:00,16:06:50,ASML_202612_100C,38.8,50,GenerousGeckos,EssentialEagles,sell
2026-07-12T06:06:55.164113+00:00,16:06:50,ASML_202612_100C,38.8,3,FortunateFerrets,EssentialEagles,sell
2026-07-12T06:06:55.164113+00:00,16:06:50,ASML_DUAL,64.6,2,Benjamin Lu,Ethan Gu,sell
2026-07-12T06:06:55.164113+00:00,16:06:50,ASML,64.4,2,Ethan Gu,YieldingYams,buy
2026-07-12T06:06:55.164113+00:00,16:06:50,OB5X_202612_100P,20.7,56,TactfulTangerines,ScholarlySpearmints,sell
2026-07-12T06:06:55.164113+00:00,16:06:50,ASML,64.3,2,YieldingYams,xingzhi Dang,sell
2026-07-12T06:06:55.164113+00:00,16:06:51,TSLA,12.7,500,YieldingYams,AverageAlmonds,buy
2026-07-12T06:06:55.164113+00:00,16:06:51,ASML_DUAL,64.5,30,EarnestEspressos,YUNSHEN JI,sell
2026-07-12T06:06:55.164113+00:00,16:06:51,ASML,64.4,30,YUNSHEN JI,YieldingYams,buy
2026-07-12T06:06:55.164113+00:00,16:06:51,TSLA,12.8,125,YieldingYams,AverageAlmonds,sell
2026-07-12T06:06:57.289992+00:00,16:06:51,OB5X_202706_F,188.3,100,PowerfulPineapples,QuirkyQuinoas,buy
2026-07-12T06:06:57.289992+00:00,16:06:51,TSLA,12.6,200,AverageAlmonds,WavyWalnuts,sell
2026-07-12T06:06:57.289992+00:00,16:06:51,SAP,52.1,200,WavyWalnuts,AverageAlmonds,buy
2026-07-12T06:06:57.289992+00:00,16:06:51,ASML_202612_F,62.0,100,CapableCoyotes,BoundlessBisons,buy
2026-07-12T06:06:57.289992+00:00,16:06:51,ASML_DUAL,64.5,25,EarnestEspressos,Ethan Gu,sell
2026-07-12T06:06:57.289992+00:00,16:06:51,ASML,64.4,25,Ethan Gu,YieldingYams,buy
2026-07-12T06:06:57.289992+00:00,16:06:51,OB5X_202703_F,181.4,100,PowerfulPineapples,QuirkyQuinoas,buy
2026-07-12T06:06:57.289992+00:00,16:06:51,NVDA,43.9,200,WavyWalnuts,AverageAlmonds,buy
2026-07-12T06:06:57.289992+00:00,16:06:51,OB5X_ETF,41.2,250,MarvelousMilkshakes,NecessaryNutmegs,sell
2026-07-12T06:06:57.289992+00:00,16:06:51,ASML_DUAL,64.5,30,EarnestEspressos,YUNSHEN JI,sell
2026-07-12T06:06:57.289992+00:00,16:06:51,ASML,64.4,30,YUNSHEN JI,YieldingYams,buy
2026-07-12T06:06:57.289992+00:00,16:06:51,ASML_202612_100C,39.5,59,EssentialEagles,FortunateFerrets,buy
2026-07-12T06:06:57.289992+00:00,16:06:51,SAP_DUAL,51.0,49,HomelyHerrings,GroovyGrapefruits,sell
2026-07-12T06:06:57.289992+00:00,16:06:51,ASML_DUAL,64.5,13,EarnestEspressos,Ethan Gu,sell
2026-07-12T06:06:57.289992+00:00,16:06:51,ASML,64.5,13,Ethan Gu,WavyWalnuts,buy
2026-07-12T06:06:57.289992+00:00,16:06:52,ASML_DUAL,64.5,24,EarnestEspressos,FlawlessFlatbreads,sell
2026-07-12T06:06:57.289992+00:00,16:06:52,ASML_DUAL,64.5,2,xingzhi Dang,FlawlessFlatbreads,sell
2026-07-12T06:06:57.289992+00:00,16:06:52,ASML_DUAL,64.4,20,Ethan Gu,FlawlessFlatbreads,sell
2026-07-12T06:06:57.289992+00:00,16:06:52,ASML_DUAL,64.4,4,Benjamin Lu,FlawlessFlatbreads,sell
2026-07-12T06:06:57.289992+00:00,16:06:52,ASML_202612_F,62.0,50,CapableCoyotes,DownrightDogfish,sell
2026-07-12T06:06:57.289992+00:00,16:06:52,ASML_202703_F,62.2,50,CapableCoyotes,DownrightDogfish,sell
2026-07-12T06:06:57.289992+00:00,16:06:52,TSLA,12.6,500,AverageAlmonds,YieldingYams,sell
2026-07-12T06:06:57.289992+00:00,16:06:52,ASML_202706_F,62.7,50,CapableCoyotes,DownrightDogfish,sell
2026-07-12T06:06:57.289992+00:00,16:06:52,ASML,64.3,6,Stanley Wang,Ethan Gu,sell
2026-07-12T06:06:57.289992+00:00,16:06:52,ASML,64.3,14,WavyWalnuts,Ethan Gu,sell
2026-07-12T06:06:57.289992+00:00,16:06:52,TSLA,12.5,200,YieldingYams,WavyWalnuts,sell
2026-07-12T06:06:57.289992+00:00,16:06:52,OB5X_202706_F,187.8,40,QuirkyQuinoas,OriginalOlives,sell
2026-07-12T06:06:57.289992+00:00,16:06:52,SAP,51.9,200,WavyWalnuts,YieldingYams,buy
2026-07-12T06:06:57.289992+00:00,16:06:52,OB5X_202612_F,178.3,50,PowerfulPineapples,RadiantRisottos,sell
2026-07-12T06:06:57.289992+00:00,16:06:52,SAP_DUAL,51.1,50,JazzyJellies,InfiniteIcecreams,buy
2026-07-12T06:06:57.289992+00:00,16:06:52,OB5X_202703_F,181.0,52,QuirkyQuinoas,OriginalOlives,sell
2026-07-12T06:06:57.289992+00:00,16:06:52,OB5X_202612_F,178.3,50,PowerfulPineapples,QuirkyQuinoas,sell
2026-07-12T06:06:57.289992+00:00,16:06:52,NVDA,43.9,200,WavyWalnuts,YieldingYams,buy
2026-07-12T06:06:57.289992+00:00,16:06:52,SAP_DUAL,51.0,48,HomelyHerrings,GroovyGrapefruits,sell
2026-07-12T06:06:57.289992+00:00,16:06:52,ASML,64.3,2,YieldingYams,xingzhi Dang,sell
2026-07-12T06:06:57.289992+00:00,16:06:52,TSLA,12.6,125,AverageAlmonds,YieldingYams,buy
2026-07-12T06:06:57.289992+00:00,16:06:52,ASML,64.4,200,AverageAlmonds,WavyWalnuts,buy
2026-07-12T06:06:57.289992+00:00,16:06:52,ASML_202612_050P,31.1,50,GenerousGeckos,EssentialEagles,sell
2026-07-12T06:07:03.013494+00:00,16:06:53,ASML,64.5,30,YieldingYams,Stanley Wang,buy
2026-07-12T06:07:03.013494+00:00,16:06:53,ASML_DUAL,64.5,10,Benjamin Lu,EarnestEspressos,sell
2026-07-12T06:07:03.013494+00:00,16:06:53,ASML_DUAL,64.4,20,Ethan Gu,EarnestEspressos,sell
2026-07-12T06:07:03.013494+00:00,16:06:53,ASML_DUAL,64.3,120,Tanishq Panjwani,EarnestEspressos,buy
2026-07-12T06:07:03.013494+00:00,16:06:53,ASML,64.5,120,YieldingYams,Tanishq Panjwani,sell
2026-07-12T06:07:03.013494+00:00,16:06:53,NVDA,44.0,20,BrilliantBurritos,WavyWalnuts,buy
2026-07-12T06:07:03.013494+00:00,16:06:53,ASML_202703_F,62.2,100,CapableCoyotes,BoundlessBisons,sell
2026-07-12T06:07:03.013494+00:00,16:06:53,OB5X_202612_080P,12.5,50,VersatileVinegars,ScholarlySpearmints,sell
2026-07-12T06:07:03.013494+00:00,16:06:53,OB5X_202612_080P,12.5,1,TactfulTangerines,ScholarlySpearmints,sell
2026-07-12T06:07:03.013494+00:00,16:06:53,ASML_202706_F,62.7,100,CapableCoyotes,BoundlessBisons,sell
2026-07-12T06:07:03.013494+00:00,16:06:53,ASML,64.5,20,YieldingYams,Ethan Gu,sell
2026-07-12T06:07:03.013494+00:00,16:06:53,ASML_DUAL,64.6,10,YUNSHEN JI,Benjamin Lu,buy
2026-07-12T06:07:03.013494+00:00,16:06:53,ASML,64.5,10,YieldingYams,YUNSHEN JI,sell
2026-07-12T06:07:03.013494+00:00,16:06:53,OB5X_ETF,41.4,241,KindlyKales,MarvelousMilkshakes,buy
2026-07-12T06:07:03.013494+00:00,16:06:53,NVDA,44.0,20,BrilliantBurritos,WavyWalnuts,buy
2026-07-12T06:07:03.013494+00:00,16:06:53,TSLA,12.6,200,AverageAlmonds,WavyWalnuts,sell
2026-07-12T06:07:03.013494+00:00,16:06:53,OB5X_202612_100C,93.7,1,ScholarlySpearmints,VersatileVinegars,buy
2026-07-12T06:07:03.013494+00:00,16:06:53,OB5X_202612_100C,93.8,43,ScholarlySpearmints,TactfulTangerines,buy
2026-07-12T06:07:03.013494+00:00,16:06:53,SAP,52.0,200,WavyWalnuts,YieldingYams,buy
2026-07-12T06:07:03.013494+00:00,16:06:53,TSLA,12.7,500,YieldingYams,AverageAlmonds,buy
2026-07-12T06:07:03.013494+00:00,16:06:53,OB5X_ETF,41.2,500,LivelyLasagnas,NecessaryNutmegs,sell
2026-07-12T06:07:03.013494+00:00,16:06:53,AAPL,139.3,200,WavyWalnuts,YieldingYams,buy
2026-07-12T06:07:03.013494+00:00,16:06:53,AAPL,139.0,20,YieldingYams,BrilliantBurritos,sell
2026-07-12T06:07:03.013494+00:00,16:06:53,NVDA,44.0,500,YieldingYams,AverageAlmonds,buy
2026-07-12T06:07:03.013494+00:00,16:06:53,NVDA,44.0,125,YieldingYams,WavyWalnuts,buy
2026-07-12T06:07:03.013494+00:00,16:06:53,ASML_DUAL,64.6,10,Benjamin Lu,Ethan Gu,sell
2026-07-12T06:07:03.013494+00:00,16:06:53,ASML_DUAL,64.6,2,xingzhi Dang,Ethan Gu,sell
2026-07-12T06:07:03.013494+00:00,16:06:53,ASML,64.6,12,Ethan Gu,WavyWalnuts,buy
2026-07-12T06:07:03.013494+00:00,16:06:54,OB5X_202612_F,178.3,50,OriginalOlives,QuirkyQuinoas,buy
2026-07-12T06:07:03.013494+00:00,16:06:54,TSLA,12.9,125,YieldingYams,AverageAlmonds,sell
2026-07-12T06:07:03.013494+00:00,16:06:54,TSLA,12.6,20,AverageAlmonds,BrilliantBurritos,sell
2026-07-12T06:07:03.013494+00:00,16:06:54,ASML_202612_F,61.0,50,BoundlessBisons,DownrightDogfish,sell
2026-07-12T06:07:03.013494+00:00,16:06:54,ASML_DUAL,64.6,10,YUNSHEN JI,Benjamin Lu,buy
2026-07-12T06:07:03.013494+00:00,16:06:54,ASML,64.5,10,Stanley Wang,YUNSHEN JI,sell
2026-07-12T06:07:03.013494+00:00,16:06:54,ASML_202703_F,61.3,50,BoundlessBisons,DownrightDogfish,sell
2026-07-12T06:07:03.013494+00:00,16:06:54,ASML_202706_F,61.7,50,BoundlessBisons,DownrightDogfish,sell
2026-07-12T06:07:03.013494+00:00,16:06:54,SAP_DUAL,51.2,46,GroovyGrapefruits,HomelyHerrings,buy
2026-07-12T06:07:03.013494+00:00,16:06:54,ASML,64.5,2,WavyWalnuts,xingzhi Dang,sell
2026-07-12T06:07:03.013494+00:00,16:06:54,ASML_DUAL,64.6,10,Benjamin Lu,Ethan Gu,sell
2026-07-12T06:07:03.013494+00:00,16:06:54,ASML,64.6,10,Ethan Gu,YieldingYams,buy
2026-07-12T06:07:03.013494+00:00,16:06:55,AAPL,139.4,200,WavyWalnuts,YieldingYams,buy
2026-07-12T06:07:03.013494+00:00,16:06:55,ASML_DUAL,64.6,10,YUNSHEN JI,Benjamin Lu,buy
2026-07-12T06:07:03.013494+00:00,16:06:55,ASML,64.5,10,WavyWalnuts,YUNSHEN JI,sell
2026-07-12T06:07:03.013494+00:00,16:06:55,SAP,51.9,20,YieldingYams,BrilliantBurritos,sell
2026-07-12T06:07:03.013494+00:00,16:06:55,NVDA,44.0,500,YieldingYams,AverageAlmonds,buy
2026-07-12T06:07:03.013494+00:00,16:06:55,NVDA,44.0,125,YieldingYams,WavyWalnuts,buy
2026-07-12T06:07:03.013494+00:00,16:06:55,ASML_202706_F,62.3,52,AttentiveAntelopes,CapableCoyotes,buy
2026-07-12T06:07:03.013494+00:00,16:06:55,OB5X_ETF,41.1,500,MarvelousMilkshakes,NecessaryNutmegs,sell
2026-07-12T06:07:03.013494+00:00,16:06:56,ASML_DUAL,64.6,10,Benjamin Lu,Ethan Gu,sell
2026-07-12T06:07:03.013494+00:00,16:06:56,ASML_DUAL,64.6,2,xingzhi Dang,Ethan Gu,sell
2026-07-12T06:07:03.013494+00:00,16:06:56,ASML,64.6,12,Ethan Gu,YieldingYams,buy
2026-07-12T06:07:03.013494+00:00,16:06:56,TSLA,12.6,200,YieldingYams,WavyWalnuts,sell
2026-07-12T06:07:03.013494+00:00,16:06:56,ASML,64.6,200,WavyWalnuts,YieldingYams,buy
2026-07-12T06:07:03.013494+00:00,16:06:56,ASML_DUAL,64.6,10,Ethan Gu,Benjamin Lu,sell
2026-07-12T06:07:03.013494+00:00,16:06:56,NVDA,43.8,20,WavyWalnuts,BrilliantBurritos,sell
2026-07-12T06:07:03.013494+00:00,16:06:56,ASML_DUAL,64.6,10,Ethan Gu,FlawlessFlatbreads,sell
2026-07-12T06:07:03.013494+00:00,16:06:56,ASML_DUAL,64.4,10,Freddie Hurd-Wood,FlawlessFlatbreads,sell
2026-07-12T06:07:03.013494+00:00,16:06:56,ASML_DUAL,64.4,10,Benjamin Lu,FlawlessFlatbreads,sell
2026-07-12T06:07:03.013494+00:00,16:06:56,ASML_DUAL,64.4,20,EarnestEspressos,FlawlessFlatbreads,sell
2026-07-12T06:07:03.013494+00:00,16:06:56,ASML,64.4,10,YieldingYams,Freddie Hurd-Wood,sell
2026-07-12T06:07:03.013494+00:00,16:06:56,TSLA,12.6,500,AverageAlmonds,YieldingYams,sell
2026-07-12T06:07:03.013494+00:00,16:06:56,OB5X_202612_120C,86.7,54,TactfulTangerines,ScholarlySpearmints,sell
2026-07-12T06:07:03.013494+00:00,16:06:56,ASML_202612_075P,51.6,49,GenerousGeckos,EssentialEagles,sell
2026-07-12T06:07:03.013494+00:00,16:06:56,ASML_202612_075C,42.0,48,GenerousGeckos,EssentialEagles,sell
2026-07-12T06:07:03.013494+00:00,16:06:56,NVDA,43.9,200,WavyWalnuts,YieldingYams,sell
2026-07-12T06:07:03.013494+00:00,16:06:56,ASML,64.4,20,YieldingYams,Ethan Gu,sell
2026-07-12T06:07:03.013494+00:00,16:06:56,ASML_202612_100P,73.6,43,EssentialEagles,GenerousGeckos,buy
2026-07-12T06:07:03.013494+00:00,16:06:56,OB5X_ETF,41.1,250,MarvelousMilkshakes,LivelyLasagnas,sell
2026-07-12T06:07:03.013494+00:00,16:06:56,OB5X_202612_120P,30.6,50,TactfulTangerines,ScholarlySpearmints,sell
2026-07-12T06:07:03.013494+00:00,16:06:56,SAP_DUAL,51.3,50,JazzyJellies,HomelyHerrings,buy
2026-07-12T06:07:03.013494+00:00,16:06:56,ASML_202612_F,61.2,50,BoundlessBisons,DownrightDogfish,sell
2026-07-12T06:07:03.013494+00:00,16:06:56,ASML_DUAL,64.6,10,YUNSHEN JI,Benjamin Lu,buy
2026-07-12T06:07:03.013494+00:00,16:06:56,ASML,64.5,10,Stanley Wang,YUNSHEN JI,sell
2026-07-12T06:07:03.013494+00:00,16:06:56,OB5X_202706_F,188.0,50,QuirkyQuinoas,RadiantRisottos,sell
2026-07-12T06:07:03.013494+00:00,16:06:56,ASML_202703_F,61.5,50,BoundlessBisons,DownrightDogfish,sell
2026-07-12T06:07:03.013494+00:00,16:06:57,OB5X_202703_F,181.2,50,QuirkyQuinoas,RadiantRisottos,sell
2026-07-12T06:07:03.013494+00:00,16:06:57,ASML_202706_F,61.9,50,BoundlessBisons,DownrightDogfish,sell
2026-07-12T06:07:03.013494+00:00,16:06:57,ASML,64.4,2,YieldingYams,xingzhi Dang,sell
2026-07-12T06:07:03.013494+00:00,16:06:57,OB5X_202612_F,178.1,50,QuirkyQuinoas,RadiantRisottos,sell
2026-07-12T06:07:03.013494+00:00,16:06:57,TSLA,12.6,125,AverageAlmonds,YieldingYams,buy
2026-07-12T06:07:03.013494+00:00,16:06:57,TSLA,12.7,200,WavyWalnuts,AverageAlmonds,buy
2026-07-12T06:07:03.013494+00:00,16:06:57,NVDA,43.9,200,WavyWalnuts,YieldingYams,buy
2026-07-12T06:07:03.013494+00:00,16:06:57,ASML_DUAL,64.6,10,Benjamin Lu,Ethan Gu,sell
2026-07-12T06:07:03.013494+00:00,16:06:57,ASML,64.6,10,Ethan Gu,WavyWalnuts,buy
2026-07-12T06:07:03.013494+00:00,16:06:57,ASML_202612_100P,73.0,50,GenerousGeckos,EssentialEagles,sell
2026-07-12T06:07:03.013494+00:00,16:06:57,ASML_202612_100P,73.0,4,FortunateFerrets,EssentialEagles,sell
2026-07-12T06:07:03.013494+00:00,16:06:57,OB5X_ETF,41.0,229,KindlyKales,MarvelousMilkshakes,buy
2026-07-12T06:07:03.013494+00:00,16:06:57,ASML_DUAL,64.6,10,YUNSHEN JI,Benjamin Lu,buy
2026-07-12T06:07:03.013494+00:00,16:06:58,ASML,64.5,10,YieldingYams,YUNSHEN JI,sell
2026-07-12T06:07:03.013494+00:00,16:06:58,OB5X_202612_120P,31.8,52,ScholarlySpearmints,TactfulTangerines,buy
2026-07-12T06:07:03.013494+00:00,16:06:58,OB5X_202612_100C,94.0,55,ScholarlySpearmints,TactfulTangerines,buy
2026-07-12T06:07:03.013494+00:00,16:06:58,ASML_DUAL,64.6,2,xingzhi Dang,Ethan Gu,sell
2026-07-12T06:07:03.013494+00:00,16:06:58,ASML,64.6,2,Ethan Gu,WavyWalnuts,buy
2026-07-12T06:07:03.013494+00:00,16:06:58,ASML_DUAL,64.7,50,FlawlessFlatbreads,DiligentDonuts,buy
2026-07-12T06:07:03.013494+00:00,16:06:58,ASML,64.6,188,YieldingYams,WavyWalnuts,buy
2026-07-12T06:07:03.013494+00:00,16:06:58,ASML,64.7,30,YieldingYams,Stanley Wang,buy
2026-07-12T06:07:03.013494+00:00,16:06:58,ASML,64.7,30,YieldingYams,Stanley Wang,sell
2026-07-12T06:07:03.013494+00:00,16:06:58,OB5X_202703_F,181.3,51,OriginalOlives,PowerfulPineapples,buy
2026-07-12T06:07:08.500624+00:00,16:06:58,ASML,64.7,200,YieldingYams,WavyWalnuts,sell
2026-07-12T06:07:08.500624+00:00,16:06:58,ASML_DUAL,64.7,18,YUNSHEN JI,DiligentDonuts,buy
2026-07-12T06:07:08.500624+00:00,16:06:58,ASML,64.7,18,YieldingYams,YUNSHEN JI,sell
2026-07-12T06:07:08.500624+00:00,16:06:58,NVDA,43.9,200,YieldingYams,WavyWalnuts,sell
2026-07-12T06:07:08.500624+00:00,16:06:58,ASML_DUAL,64.7,10,Benjamin Lu,DiligentDonuts,buy
2026-07-12T06:07:08.500624+00:00,16:06:59,ASML,64.7,2,YieldingYams,xingzhi Dang,sell
2026-07-12T06:07:08.500624+00:00,16:06:59,ASML_202612_100C,38.9,46,GenerousGeckos,EssentialEagles,sell
2026-07-12T06:07:08.500624+00:00,16:06:59,ASML_202612_F,61.3,50,CapableCoyotes,DownrightDogfish,sell
2026-07-12T06:07:08.500624+00:00,16:06:59,ASML_DUAL,64.7,22,Thomas Lee,DiligentDonuts,buy
2026-07-12T06:07:08.500624+00:00,16:06:59,ASML_202612_075C,42.6,52,EssentialEagles,FortunateFerrets,buy
2026-07-12T06:07:08.500624+00:00,16:06:59,ASML,64.7,22,YieldingYams,Thomas Lee,sell
2026-07-12T06:07:08.500624+00:00,16:06:59,NVDA,43.9,20,YieldingYams,BrilliantBurritos,sell
2026-07-12T06:07:08.500624+00:00,16:06:59,OB5X_202612_120C,86.9,50,TactfulTangerines,ScholarlySpearmints,sell
2026-07-12T06:07:08.500624+00:00,16:06:59,NVDA,44.0,500,YieldingYams,AverageAlmonds,buy
2026-07-12T06:07:08.500624+00:00,16:06:59,ASML_202703_F,61.5,50,BoundlessBisons,DownrightDogfish,sell
2026-07-12T06:07:08.500624+00:00,16:06:59,OB5X_202703_F,181.3,49,QuirkyQuinoas,PowerfulPineapples,buy
2026-07-12T06:07:08.500624+00:00,16:06:59,ASML_202706_F,62.0,50,CapableCoyotes,DownrightDogfish,sell
2026-07-12T06:07:08.500624+00:00,16:06:59,ASML_DUAL,64.8,10,DiligentDonuts,Benjamin Lu,buy
2026-07-12T06:07:08.500624+00:00,16:06:59,OB5X_202612_120P,30.6,50,TactfulTangerines,ScholarlySpearmints,sell
2026-07-12T06:07:08.500624+00:00,16:06:59,OB5X_202612_120P,30.6,7,TactfulTangerines,ScholarlySpearmints,buy
2026-07-12T06:07:08.500624+00:00,16:06:59,NVDA,44.0,125,YieldingYams,AverageAlmonds,sell
2026-07-12T06:07:08.500624+00:00,16:06:59,OB5X_202612_100P,21.7,49,ScholarlySpearmints,TactfulTangerines,buy
2026-07-12T06:07:08.500624+00:00,16:06:59,ASML,64.7,30,Stanley Wang,YieldingYams,sell
2026-07-12T06:07:08.500624+00:00,16:06:59,ASML,64.5,200,WavyWalnuts,YieldingYams,sell
2026-07-12T06:07:08.500624+00:00,16:06:59,TSLA,12.6,200,YieldingYams,WavyWalnuts,sell
2026-07-12T06:07:08.500624+00:00,16:06:59,ASML,64.5,1,Sze-Yong Ng,YieldingYams,buy
2026-07-12T06:07:08.500624+00:00,16:06:59,ASML_DUAL,64.8,14,DiligentDonuts,Ethan Gu,sell
2026-07-12T06:07:08.500624+00:00,16:06:59,ASML_DUAL,64.8,10,DiligentDonuts,YUNSHEN JI,sell
2026-07-12T06:07:08.500624+00:00,16:06:59,ASML_DUAL,64.8,1,DiligentDonuts,Sze-Yong Ng,sell
2026-07-12T06:07:08.500624+00:00,16:06:59,ASML,64.5,14,Ethan Gu,YieldingYams,buy
2026-07-12T06:07:08.500624+00:00,16:06:59,ASML,64.5,76,Tanishq Panjwani,YieldingYams,buy
2026-07-12T06:07:08.500624+00:00,16:06:59,ASML,64.5,10,YUNSHEN JI,YieldingYams,buy
2026-07-12T06:07:08.500624+00:00,16:06:59,SAP,51.9,200,YieldingYams,WavyWalnuts,sell
2026-07-12T06:07:08.500624+00:00,16:06:59,ASML_DUAL,64.8,65,DiligentDonuts,Tanishq Panjwani,sell
2026-07-12T06:07:08.500624+00:00,16:06:59,ASML,64.5,200,WavyWalnuts,YieldingYams,buy
2026-07-12T06:07:08.500624+00:00,16:06:59,OB5X_ETF,41.0,500,LivelyLasagnas,MarvelousMilkshakes,buy
2026-07-12T06:07:08.500624+00:00,16:06:59,ASML,64.5,44,Tanishq Panjwani,YieldingYams,buy
2026-07-12T06:07:08.500624+00:00,16:06:59,ASML_DUAL,64.6,10,Freddie Hurd-Wood,Tanishq Panjwani,sell
2026-07-12T06:07:08.500624+00:00,16:06:59,ASML_DUAL,64.6,34,EarnestEspressos,Tanishq Panjwani,sell
2026-07-12T06:07:08.500624+00:00,16:06:59,ASML,64.4,12,AverageAlmonds,Tanishq Panjwani,sell
2026-07-12T06:07:08.500624+00:00,16:06:59,ASML,64.5,12,Tanishq Panjwani,YieldingYams,buy
2026-07-12T06:07:08.500624+00:00,16:06:59,ASML_DUAL,64.6,12,EarnestEspressos,Tanishq Panjwani,sell
2026-07-12T06:07:08.500624+00:00,16:07:00,ASML_202612_F,61.3,100,CapableCoyotes,BoundlessBisons,sell
2026-07-12T06:07:08.500624+00:00,16:07:00,NVDA,44.0,20,BrilliantBurritos,AverageAlmonds,buy
2026-07-12T06:07:08.500624+00:00,16:07:00,OB5X_ETF,41.1,500,MarvelousMilkshakes,NecessaryNutmegs,sell
2026-07-12T06:07:08.500624+00:00,16:07:00,ASML,64.5,1,xingzhi Dang,YieldingYams,buy
2026-07-12T06:07:08.500624+00:00,16:07:00,ASML_DUAL,64.6,1,EarnestEspressos,xingzhi Dang,sell
2026-07-12T06:07:08.500624+00:00,16:07:00,ASML_202703_F,61.5,100,CapableCoyotes,BoundlessBisons,sell
2026-07-12T06:07:08.500624+00:00,16:07:00,ASML_202612_075C,42.6,48,EssentialEagles,FortunateFerrets,buy
2026-07-12T06:07:08.500624+00:00,16:07:00,ASML,64.5,30,YUNSHEN JI,YieldingYams,buy
2026-07-12T06:07:08.500624+00:00,16:07:00,ASML_DUAL,64.6,30,EarnestEspressos,YUNSHEN JI,sell
2026-07-12T06:07:08.500624+00:00,16:07:00,ASML,64.4,10,YieldingYams,Freddie Hurd-Wood,sell
2026-07-12T06:07:08.500624+00:00,16:07:00,ASML_202706_F,62.0,100,CapableCoyotes,BoundlessBisons,sell
2026-07-12T06:07:08.500624+00:00,16:07:00,ASML_DUAL,64.7,10,FlawlessFlatbreads,Benjamin Lu,buy
2026-07-12T06:07:08.500624+00:00,16:07:00,ASML_DUAL,64.8,10,FlawlessFlatbreads,Freddie Hurd-Wood,buy
2026-07-12T06:07:08.500624+00:00,16:07:00,ASML_DUAL,65.1,30,FlawlessFlatbreads,EarnestEspressos,buy
2026-07-12T06:07:08.500624+00:00,16:07:00,NVDA,43.9,200,WavyWalnuts,YieldingYams,sell
2026-07-12T06:07:08.500624+00:00,16:07:00,SAP,51.9,500,AverageAlmonds,YieldingYams,sell
2026-07-12T06:07:08.500624+00:00,16:07:00,SAP,51.8,20,YieldingYams,BrilliantBurritos,sell
2026-07-12T06:07:08.500624+00:00,16:07:00,SAP,51.9,125,AverageAlmonds,YieldingYams,buy
2026-07-12T06:07:08.500624+00:00,16:07:00,AAPL,139.2,200,YieldingYams,WavyWalnuts,buy
2026-07-12T06:07:08.500624+00:00,16:07:00,ASML,64.5,7,YUNSHEN JI,YieldingYams,buy
2026-07-12T06:07:08.500624+00:00,16:07:00,ASML_DUAL,64.6,7,EarnestEspressos,YUNSHEN JI,sell
2026-07-12T06:07:08.500624+00:00,16:07:00,TSLA,12.6,200,WavyWalnuts,YieldingYams,buy
2026-07-12T06:07:08.500624+00:00,16:07:00,SAP_DUAL,51.0,50,HomelyHerrings,JazzyJellies,sell
2026-07-12T06:07:08.500624+00:00,16:07:00,ASML,64.6,200,YieldingYams,WavyWalnuts,buy
2026-07-12T06:07:08.500624+00:00,16:07:00,ASML,64.7,425,YieldingYams,AverageAlmonds,buy
2026-07-12T06:07:08.500624+00:00,16:07:01,NVDA,43.8,200,WavyWalnuts,YieldingYams,buy
2026-07-12T06:07:08.500624+00:00,16:07:01,AAPL,139.3,200,YieldingYams,WavyWalnuts,sell
2026-07-12T06:07:08.500624+00:00,16:07:01,ASML_DUAL,64.9,2,xingzhi Dang,Benjamin Lu,sell
2026-07-12T06:07:08.500624+00:00,16:07:01,ASML,64.7,10,Freddie Hurd-Wood,AverageAlmonds,buy
2026-07-12T06:07:08.500624+00:00,16:07:01,ASML_202612_050P,31.4,50,EssentialEagles,GenerousGeckos,buy
2026-07-12T06:07:08.500624+00:00,16:07:01,ASML_202612_050P,31.5,4,EssentialEagles,FortunateFerrets,buy
2026-07-12T06:07:08.500624+00:00,16:07:01,OB5X_202706_F,188.1,50,QuirkyQuinoas,RadiantRisottos,sell
2026-07-12T06:07:08.500624+00:00,16:07:01,ASML_DUAL,64.7,10,Benjamin Lu,CostlyCorianders,sell
2026-07-12T06:07:08.500624+00:00,16:07:01,ASML_DUAL,64.6,37,EarnestEspressos,CostlyCorianders,sell
2026-07-12T06:07:08.500624+00:00,16:07:01,OB5X_202703_F,181.3,50,QuirkyQuinoas,RadiantRisottos,sell
2026-07-12T06:07:08.500624+00:00,16:07:01,OB5X_202706_F,188.1,100,QuirkyQuinoas,PowerfulPineapples,sell
2026-07-12T06:07:08.500624+00:00,16:07:01,OB5X_202612_F,178.2,50,QuirkyQuinoas,RadiantRisottos,sell
2026-07-12T06:07:08.500624+00:00,16:07:01,NVDA,43.9,200,YieldingYams,WavyWalnuts,buy
2026-07-12T06:07:08.500624+00:00,16:07:01,OB5X_202703_F,181.3,51,QuirkyQuinoas,PowerfulPineapples,sell
2026-07-12T06:07:08.500624+00:00,16:07:01,OB5X_202612_080P,13.2,50,ScholarlySpearmints,VersatileVinegars,buy
2026-07-12T06:07:08.500624+00:00,16:07:02,SAP,52.0,200,YieldingYams,WavyWalnuts,buy
2026-07-12T06:07:08.500624+00:00,16:07:02,OB5X_202612_F,178.2,100,QuirkyQuinoas,PowerfulPineapples,sell
2026-07-12T06:07:08.500624+00:00,16:07:02,TSLA,12.6,200,WavyWalnuts,YieldingYams,buy
2026-07-12T06:07:08.500624+00:00,16:07:02,OB5X_ETF,41.3,500,NecessaryNutmegs,LivelyLasagnas,buy
2026-07-12T06:07:08.500624+00:00,16:07:02,ASML,64.6,2,Stanley Wang,xingzhi Dang,sell
2026-07-12T06:07:08.500624+00:00,16:07:02,SAP,52.1,200,YieldingYams,WavyWalnuts,sell
2026-07-12T06:07:08.500624+00:00,16:07:02,ASML,64.6,21,Stanley Wang,WavyWalnuts,sell
2026-07-12T06:07:08.500624+00:00,16:07:02,ASML_202703_F,61.0,51,AttentiveAntelopes,CapableCoyotes,buy
2026-07-12T06:07:08.500624+00:00,16:07:02,NVDA,43.9,200,YieldingYams,WavyWalnuts,sell
2026-07-12T06:07:08.500624+00:00,16:07:02,ASML,64.5,200,WavyWalnuts,YieldingYams,sell
2026-07-12T06:07:08.500624+00:00,16:07:02,ASML_202612_075P,51.6,53,FortunateFerrets,EssentialEagles,sell
2026-07-12T06:07:08.500624+00:00,16:07:02,ASML_DUAL,64.7,10,CostlyCorianders,Benjamin Lu,buy
2026-07-12T06:07:08.500624+00:00,16:07:02,ASML_DUAL,64.8,10,CostlyCorianders,Freddie Hurd-Wood,buy
2026-07-12T06:07:08.500624+00:00,16:07:02,ASML_DUAL,65.2,20,FlawlessFlatbreads,Ethan Gu,buy
2026-07-12T06:07:08.500624+00:00,16:07:02,ASML_DUAL,65.6,5,FlawlessFlatbreads,YUNSHEN JI,buy
2026-07-12T06:07:08.500624+00:00,16:07:02,ASML_DUAL,64.6,20,Ethan Gu,EarnestEspressos,sell
2026-07-12T06:07:08.500624+00:00,16:07:02,ASML_DUAL,64.4,10,Benjamin Lu,EarnestEspressos,sell
2026-07-12T06:07:08.500624+00:00,16:07:02,ASML_DUAL,64.4,30,YUNSHEN JI,EarnestEspressos,buy
2026-07-12T06:07:08.500624+00:00,16:07:02,ASML,64.4,10,Stanley Wang,YUNSHEN JI,sell
2026-07-12T06:07:08.500624+00:00,16:07:02,ASML,64.4,20,YieldingYams,YUNSHEN JI,sell
2026-07-12T06:07:08.500624+00:00,16:07:02,OB5X_202706_F,187.6,47,OriginalOlives,QuirkyQuinoas,buy
2026-07-12T06:07:08.500624+00:00,16:07:02,ASML,64.4,1,YieldingYams,Sze-Yong Ng,sell
2026-07-12T06:07:08.500624+00:00,16:07:02,ASML_DUAL,64.4,1,Sze-Yong Ng,EarnestEspressos,buy
2026-07-12T06:07:08.500624+00:00,16:07:02,OB5X_202612_F,177.5,49,PowerfulPineapples,OriginalOlives,sell
2026-07-12T06:07:08.500624+00:00,16:07:02,ASML_DUAL,64.4,10,Benjamin Lu,EarnestEspressos,buy
2026-07-12T06:07:08.500624+00:00,16:07:02,TSLA,12.7,500,YieldingYams,AverageAlmonds,buy
2026-07-12T06:07:08.500624+00:00,16:07:03,ASML_DUAL,64.3,10,Freddie Hurd-Wood,CostlyCorianders,sell
2026-07-12T06:07:08.500624+00:00,16:07:03,ASML_DUAL,64.2,38,DiligentDonuts,CostlyCorianders,sell
2026-07-12T06:07:08.500624+00:00,16:07:03,SAP_DUAL,51.4,50,JazzyJellies,InfiniteIcecreams,buy
2026-07-12T06:07:08.500624+00:00,16:07:03,ASML_DUAL,64.4,17,YUNSHEN JI,EarnestEspressos,buy
2026-07-12T06:07:08.500624+00:00,16:07:03,ASML,64.4,17,YieldingYams,YUNSHEN JI,sell
2026-07-12T06:07:08.500624+00:00,16:07:03,TSLA,12.7,125,YieldingYams,AverageAlmonds,sell
2026-07-12T06:07:08.500624+00:00,16:07:03,ASML_DUAL,64.4,10,Benjamin Lu,EarnestEspressos,buy
2026-07-12T06:07:08.500624+00:00,16:07:03,SAP,52.0,200,WavyWalnuts,YieldingYams,sell
2026-07-12T06:07:08.500624+00:00,16:07:03,ASML,64.5,10,Freddie Hurd-Wood,YieldingYams,buy
2026-07-12T06:07:08.500624+00:00,16:07:03,ASML,64.4,10,YieldingYams,Freddie Hurd-Wood,sell
2026-07-12T06:07:08.500624+00:00,16:07:03,ASML,64.4,200,YieldingYams,WavyWalnuts,sell
2026-07-12T06:07:08.500624+00:00,16:07:03,NVDA,43.9,200,WavyWalnuts,YieldingYams,buy
2026-07-12T06:07:08.500624+00:00,16:07:03,ASML_202612_F,60.8,100,BoundlessBisons,CapableCoyotes,buy
2026-07-12T06:07:08.500624+00:00,16:07:03,ASML_202612_075C,42.1,48,GenerousGeckos,EssentialEagles,sell
2026-07-12T06:07:08.500624+00:00,16:07:03,OB5X_202612_100P,21.6,59,ScholarlySpearmints,TactfulTangerines,buy
2026-07-12T06:07:08.500624+00:00,16:07:03,ASML,64.6,30,YieldingYams,Stanley Wang,buy
2026-07-12T06:07:08.500624+00:00,16:07:03,ASML_DUAL,64.4,52,Tanishq Panjwani,EarnestEspressos,buy
2026-07-12T06:07:08.500624+00:00,16:07:03,ASML,64.6,52,YieldingYams,Tanishq Panjwani,sell
2026-07-12T06:07:08.500624+00:00,16:07:03,ASML_202703_F,61.0,99,BoundlessBisons,CapableCoyotes,buy
2026-07-12T06:07:08.500624+00:00,16:07:03,ASML_DUAL,64.5,10,Tanishq Panjwani,Benjamin Lu,buy
2026-07-12T06:07:08.500624+00:00,16:07:03,ASML,64.6,10,YieldingYams,Tanishq Panjwani,sell
2026-07-12T06:07:08.500624+00:00,16:07:03,ASML_202612_F,60.8,50,DownrightDogfish,CapableCoyotes,buy
2026-07-12T06:07:08.500624+00:00,16:07:03,ASML_DUAL,64.6,1,YUNSHEN JI,Freddie Hurd-Wood,buy
2026-07-12T06:07:08.500624+00:00,16:07:03,ASML,64.6,1,YieldingYams,YUNSHEN JI,sell
2026-07-12T06:07:08.500624+00:00,16:07:03,OB5X_202706_F,187.6,50,RadiantRisottos,QuirkyQuinoas,buy
2026-07-12T06:07:08.500624+00:00,16:07:03,ASML_202706_F,61.5,100,BoundlessBisons,CapableCoyotes,buy
2026-07-12T06:07:08.500624+00:00,16:07:03,ASML_202703_F,62.1,50,DownrightDogfish,BoundlessBisons,buy
2026-07-12T06:07:10.631427+00:00,16:07:03,OB5X_202703_F,180.7,50,RadiantRisottos,QuirkyQuinoas,buy
2026-07-12T06:07:10.631427+00:00,16:07:03,ASML_202706_F,61.5,50,DownrightDogfish,CapableCoyotes,buy
2026-07-12T06:07:10.631427+00:00,16:07:04,ASML_202703_F,62.1,50,AttentiveAntelopes,BoundlessBisons,buy
2026-07-12T06:07:10.631427+00:00,16:07:04,SAP_DUAL,51.0,42,HomelyHerrings,GroovyGrapefruits,sell
2026-07-12T06:07:10.631427+00:00,16:07:04,OB5X_202612_F,177.7,50,RadiantRisottos,QuirkyQuinoas,buy
2026-07-12T06:07:10.631427+00:00,16:07:04,ASML_DUAL,64.6,9,Thomas Lee,Freddie Hurd-Wood,buy
2026-07-12T06:07:10.631427+00:00,16:07:04,ASML,64.6,9,YieldingYams,Thomas Lee,sell
2026-07-12T06:07:10.631427+00:00,16:07:04,ASML,64.8,1,Freddie Hurd-Wood,YieldingYams,buy
2026-07-12T06:07:10.631427+00:00,16:07:04,ASML,64.8,9,Freddie Hurd-Wood,YieldingYams,buy
2026-07-12T06:07:10.631427+00:00,16:07:04,NVDA,43.9,500,YieldingYams,AverageAlmonds,buy
2026-07-12T06:07:10.631427+00:00,16:07:04,ASML_DUAL,64.7,42,CostlyCorianders,DiligentDonuts,buy
2026-07-12T06:07:10.631427+00:00,16:07:04,SAP,51.9,200,AverageAlmonds,WavyWalnuts,sell
2026-07-12T06:07:10.631427+00:00,16:07:04,ASML,64.6,200,YieldingYams,WavyWalnuts,sell
2026-07-12T06:07:10.631427+00:00,16:07:04,NVDA,44.0,125,YieldingYams,WavyWalnuts,sell
2026-07-12T06:07:10.631427+00:00,16:07:04,SAP,52.2,500,YieldingYams,AverageAlmonds,buy
2026-07-12T06:07:10.631427+00:00,16:07:04,ASML_DUAL,64.7,50,FlawlessFlatbreads,DiligentDonuts,buy
2026-07-12T06:07:10.631427+00:00,16:07:04,OB5X_202612_080P,12.5,47,TactfulTangerines,ScholarlySpearmints,sell
2026-07-12T06:07:10.631427+00:00,16:07:04,AAPL,139.4,200,YieldingYams,WavyWalnuts,buy
2026-07-12T06:07:10.631427+00:00,16:07:04,ASML,64.6,20,Stanley Wang,YieldingYams,sell
2026-07-12T06:07:10.631427+00:00,16:07:05,SAP,52.2,125,YieldingYams,AverageAlmonds,sell
2026-07-12T06:07:10.631427+00:00,16:07:05,OB5X_ETF,41.1,244,LivelyLasagnas,KindlyKales,sell
2026-07-12T06:07:10.631427+00:00,16:07:05,SAP_DUAL,51.5,50,JazzyJellies,HomelyHerrings,buy
2026-07-12T06:07:10.631427+00:00,16:07:05,OB5X_202706_F,187.6,53,PowerfulPineapples,QuirkyQuinoas,buy
2026-07-12T06:07:10.631427+00:00,16:07:05,OB5X_202703_F,180.7,100,PowerfulPineapples,QuirkyQuinoas,buy
2026-07-12T06:07:10.631427+00:00,16:07:05,ASML_DUAL,64.6,2,xingzhi Dang,Benjamin Lu,sell
2026-07-12T06:07:10.631427+00:00,16:07:05,OB5X_202612_F,177.7,100,PowerfulPineapples,QuirkyQuinoas,buy
2026-07-12T06:07:10.631427+00:00,16:07:05,ASML_DUAL,64.6,8,EarnestEspressos,Benjamin Lu,buy
2026-07-12T06:07:10.631427+00:00,16:07:05,TSLA,12.5,200,YieldingYams,WavyWalnuts,sell
2026-07-12T06:07:10.631427+00:00,16:07:05,AAPL,139.5,200,YieldingYams,WavyWalnuts,sell
2026-07-12T06:07:10.631427+00:00,16:07:06,ASML_202612_F,61.8,50,DownrightDogfish,BoundlessBisons,buy
2026-07-12T06:07:10.631427+00:00,16:07:06,ASML_202703_F,62.1,50,DownrightDogfish,CapableCoyotes,buy
2026-07-12T06:07:10.631427+00:00,16:07:06,OB5X_202612_080P,12.5,59,TactfulTangerines,ScholarlySpearmints,sell
2026-07-12T06:07:10.631427+00:00,16:07:06,OB5X_202706_F,187.7,47,PowerfulPineapples,RadiantRisottos,sell
2026-07-12T06:07:10.631427+00:00,16:07:06,ASML,64.5,2,WavyWalnuts,xingzhi Dang,sell
2026-07-12T06:07:10.631427+00:00,16:07:06,TSLA,12.6,500,AverageAlmonds,YieldingYams,buy
2026-07-12T06:07:10.631427+00:00,16:07:06,ASML_202706_F,62.5,50,DownrightDogfish,CapableCoyotes,buy
2026-07-12T06:07:10.631427+00:00,16:07:06,OB5X_ETF,41.2,500,NecessaryNutmegs,LivelyLasagnas,buy
2026-07-12T06:07:10.631427+00:00,16:07:06,OB5X_202612_120P,31.8,47,ScholarlySpearmints,TactfulTangerines,buy
2026-07-12T06:07:10.631427+00:00,16:07:06,ASML_202612_075C,42.5,44,EssentialEagles,GenerousGeckos,buy
2026-07-12T06:07:10.631427+00:00,16:07:06,ASML_DUAL,64.6,45,EarnestEspressos,CostlyCorianders,sell
2026-07-12T06:07:10.631427+00:00,16:07:06,OB5X_ETF,41.1,214,KindlyKales,MarvelousMilkshakes,buy
2026-07-12T06:07:10.631427+00:00,16:07:06,ASML_202703_F,61.6,1,BoundlessBisons,AttentiveAntelopes,sell
2026-07-12T06:07:10.631427+00:00,16:07:06,ASML_202703_F,61.6,56,CapableCoyotes,AttentiveAntelopes,sell
2026-07-12T06:07:10.631427+00:00,16:07:06,TSLA,12.7,500,YieldingYams,AverageAlmonds,buy
2026-07-12T06:07:10.631427+00:00,16:07:06,ASML_DUAL,64.7,10,FlawlessFlatbreads,Benjamin Lu,buy
2026-07-12T06:07:10.631427+00:00,16:07:06,ASML_DUAL,64.9,40,FlawlessFlatbreads,DiligentDonuts,buy
2026-07-12T06:07:10.631427+00:00,16:07:06,TSLA,12.7,125,YieldingYams,AverageAlmonds,sell
2026-07-12T06:07:10.631427+00:00,16:07:07,ASML,64.6,10,Tanishq Panjwani,YieldingYams,buy
2026-07-12T06:07:10.631427+00:00,16:07:07,ASML_DUAL,64.7,10,Benjamin Lu,Tanishq Panjwani,sell
2026-07-12T06:07:10.631427+00:00,16:07:07,NVDA,43.9,200,WavyWalnuts,YieldingYams,buy
2026-07-12T06:07:10.631427+00:00,16:07:07,AAPL,139.4,200,YieldingYams,WavyWalnuts,sell
2026-07-12T06:07:10.631427+00:00,16:07:07,NVDA,43.9,500,YieldingYams,AverageAlmonds,buy
2026-07-12T06:07:10.631427+00:00,16:07:07,NVDA,44.0,125,YieldingYams,WavyWalnuts,buy
2026-07-12T06:07:10.631427+00:00,16:07:07,ASML_DUAL,64.6,1,EarnestEspressos,YUNSHEN JI,sell
2026-07-12T06:07:10.631427+00:00,16:07:07,ASML,64.6,1,YUNSHEN JI,YieldingYams,buy
2026-07-12T06:07:10.631427+00:00,16:07:07,OB5X_202612_F,177.7,48,QuirkyQuinoas,OriginalOlives,sell
2026-07-12T06:07:10.631427+00:00,16:07:07,ASML,64.6,2,Tanishq Panjwani,YieldingYams,buy
2026-07-12T06:07:10.631427+00:00,16:07:07,ASML_DUAL,64.7,2,xingzhi Dang,Tanishq Panjwani,sell
2026-07-12T06:07:10.631427+00:00,16:07:07,SAP,51.9,200,WavyWalnuts,YieldingYams,sell
2026-07-12T06:07:10.631427+00:00,16:07:07,OB5X_202612_120P,30.6,41,TactfulTangerines,ScholarlySpearmints,sell
2026-07-12T06:07:10.631427+00:00,16:07:07,ASML_202612_075P,52.1,50,EssentialEagles,GenerousGeckos,buy
2026-07-12T06:07:10.631427+00:00,16:07:07,ASML_202612_075P,52.1,9,EssentialEagles,FortunateFerrets,buy
2026-07-12T06:07:10.631427+00:00,16:07:07,OB5X_202612_100P,21.8,46,ScholarlySpearmints,TactfulTangerines,buy
2026-07-12T06:07:10.631427+00:00,16:07:08,SAP,51.9,425,AverageAlmonds,YieldingYams,buy
2026-07-12T06:07:10.631427+00:00,16:07:08,TSLA,12.5,200,WavyWalnuts,YieldingYams,sell
2026-07-12T06:07:10.631427+00:00,16:07:08,TSLA,12.5,425,AverageAlmonds,YieldingYams,sell
2026-07-12T06:07:10.631427+00:00,16:07:08,TSLA,12.5,75,AverageAlmonds,WavyWalnuts,sell
2026-07-12T06:07:10.631427+00:00,16:07:08,TSLA,12.4,125,YieldingYams,WavyWalnuts,sell
2026-07-12T06:07:12.391561+00:00,16:07:08,ASML,64.5,2,YieldingYams,xingzhi Dang,sell
2026-07-12T06:07:12.391561+00:00,16:07:08,ASML_202612_F,61.6,50,DownrightDogfish,BoundlessBisons,buy
2026-07-12T06:07:12.391561+00:00,16:07:08,NVDA,43.8,200,WavyWalnuts,YieldingYams,sell
2026-07-12T06:07:12.391561+00:00,16:07:08,OB5X_ETF,41.1,500,NecessaryNutmegs,MarvelousMilkshakes,buy
2026-07-12T06:07:12.391561+00:00,16:07:08,ASML_202703_F,61.9,50,DownrightDogfish,BoundlessBisons,buy
2026-07-12T06:07:12.391561+00:00,16:07:08,OB5X_202706_F,187.6,50,QuirkyQuinoas,RadiantRisottos,sell
2026-07-12T06:07:12.391561+00:00,16:07:08,ASML_202706_F,62.3,50,DownrightDogfish,BoundlessBisons,buy
2026-07-12T06:07:12.391561+00:00,16:07:08,OB5X_202703_F,180.8,50,QuirkyQuinoas,RadiantRisottos,sell
2026-07-12T06:07:12.391561+00:00,16:07:08,ASML_DUAL,64.6,40,EarnestEspressos,CostlyCorianders,sell
2026-07-12T06:07:12.391561+00:00,16:07:08,OB5X_202612_F,177.7,50,QuirkyQuinoas,RadiantRisottos,sell
2026-07-12T06:07:12.391561+00:00,16:07:08,SAP_DUAL,51.3,56,GroovyGrapefruits,HomelyHerrings,buy
2026-07-12T06:07:12.391561+00:00,16:07:08,ASML,64.5,10,Stanley Wang,YieldingYams,sell
2026-07-12T06:07:12.391561+00:00,16:07:08,ASML,64.5,200,WavyWalnuts,YieldingYams,sell
2026-07-12T06:07:12.391561+00:00,16:07:08,ASML,64.5,10,Tanishq Panjwani,YieldingYams,buy
2026-07-12T06:07:12.391561+00:00,16:07:08,ASML_DUAL,64.6,10,Benjamin Lu,Tanishq Panjwani,sell
2026-07-12T06:07:12.391561+00:00,16:07:08,ASML_DUAL,64.8,10,FlawlessFlatbreads,Benjamin Lu,buy
2026-07-12T06:07:12.391561+00:00,16:07:08,ASML_DUAL,64.9,10,FlawlessFlatbreads,Freddie Hurd-Wood,buy
2026-07-12T06:07:12.391561+00:00,16:07:08,ASML_202612_075C,42.1,57,FortunateFerrets,EssentialEagles,sell
2026-07-12T06:07:12.391561+00:00,16:07:09,ASML_202706_F,62.3,50,CapableCoyotes,BoundlessBisons,buy
2026-07-12T06:07:12.391561+00:00,16:07:09,SAP_DUAL,51.5,50,JazzyJellies,InfiniteIcecreams,buy
2026-07-12T06:07:12.391561+00:00,16:07:09,ASML,64.5,2,Tanishq Panjwani,YieldingYams,buy
2026-07-12T06:07:12.391561+00:00,16:07:09,ASML_DUAL,64.6,2,xingzhi Dang,Tanishq Panjwani,sell
2026-07-12T06:07:12.391561+00:00,16:07:09,TSLA,12.6,200,YieldingYams,WavyWalnuts,buy
2026-07-12T06:07:12.391561+00:00,16:07:09,TSLA,12.7,425,YieldingYams,AverageAlmonds,buy
2026-07-12T06:07:12.391561+00:00,16:07:09,ASML,64.5,200,WavyWalnuts,YieldingYams,buy
2026-07-12T06:07:12.391561+00:00,16:07:09,ASML,64.5,10,Freddie Hurd-Wood,YieldingYams,buy
2026-07-12T06:07:12.391561+00:00,16:07:09,NVDA,43.7,20,WavyWalnuts,BrilliantBurritos,sell
2026-07-12T06:07:12.391561+00:00,16:07:09,AAPL,139.2,200,YieldingYams,WavyWalnuts,sell
2026-07-12T06:07:12.391561+00:00,16:07:09,ASML,64.3,20,YieldingYams,BrilliantBurritos,sell
2026-07-12T06:07:12.391561+00:00,16:07:10,ASML,64.5,30,YieldingYams,Stanley Wang,sell
2026-07-12T06:07:12.391561+00:00,16:07:10,ASML,64.5,2,YieldingYams,xingzhi Dang,sell
2026-07-12T06:07:12.391561+00:00,16:07:10,OB5X_ETF,41.2,500,NecessaryNutmegs,LivelyLasagnas,buy
2026-07-12T06:07:12.391561+00:00,16:07:10,OB5X_202612_100C,93.5,50,ScholarlySpearmints,VersatileVinegars,buy
2026-07-12T06:07:12.391561+00:00,16:07:10,OB5X_202612_100C,93.6,4,ScholarlySpearmints,TactfulTangerines,buy
2026-07-12T06:07:12.391561+00:00,16:07:10,TSLA,12.7,200,WavyWalnuts,AverageAlmonds,buy
2026-07-12T06:07:12.391561+00:00,16:07:10,SAP,51.9,200,YieldingYams,WavyWalnuts,sell
2026-07-12T06:07:12.391561+00:00,16:07:10,AAPL,139.2,20,BrilliantBurritos,YieldingYams,buy
2026-07-12T06:07:12.391561+00:00,16:07:10,ASML_202612_F,62.0,50,DownrightDogfish,CapableCoyotes,buy
2026-07-12T06:07:12.391561+00:00,16:07:10,NVDA,43.9,200,WavyWalnuts,YieldingYams,buy
2026-07-12T06:07:12.391561+00:00,16:07:10,AAPL,139.2,200,WavyWalnuts,YieldingYams,buy
2026-07-12T06:07:12.391561+00:00,16:07:10,TSLA,12.6,500,AverageAlmonds,YieldingYams,sell
2026-07-12T06:07:12.391561+00:00,16:07:10,ASML_202703_F,62.3,50,DownrightDogfish,CapableCoyotes,buy
2026-07-12T06:07:12.391561+00:00,16:07:10,ASML_202706_F,62.8,50,DownrightDogfish,CapableCoyotes,buy
2026-07-12T06:07:14.485658+00:00,16:07:11,NVDA,43.9,500,YieldingYams,AverageAlmonds,buy
2026-07-12T06:07:14.485658+00:00,16:07:11,ASML_DUAL,64.7,10,FlawlessFlatbreads,Benjamin Lu,buy
2026-07-12T06:07:14.485658+00:00,16:07:11,ASML_DUAL,64.8,40,FlawlessFlatbreads,EarnestEspressos,buy
2026-07-12T06:07:14.485658+00:00,16:07:11,TSLA,12.6,125,AverageAlmonds,YieldingYams,buy
2026-07-12T06:07:14.485658+00:00,16:07:11,NVDA,43.9,125,YieldingYams,AverageAlmonds,sell
2026-07-12T06:07:14.485658+00:00,16:07:11,ASML_DUAL,64.7,10,CostlyCorianders,Thomas Lee,buy
2026-07-12T06:07:14.485658+00:00,16:07:11,ASML_DUAL,64.8,39,CostlyCorianders,EarnestEspressos,buy
2026-07-12T06:07:14.485658+00:00,16:07:11,ASML,64.6,2,Tanishq Panjwani,WavyWalnuts,buy
2026-07-12T06:07:14.485658+00:00,16:07:11,ASML_DUAL,64.7,2,xingzhi Dang,Tanishq Panjwani,sell
2026-07-12T06:07:14.485658+00:00,16:07:11,ASML_202612_F,61.5,51,CapableCoyotes,AttentiveAntelopes,sell
2026-07-12T06:07:14.485658+00:00,16:07:11,SAP,51.9,500,AverageAlmonds,YieldingYams,buy
2026-07-12T06:07:14.485658+00:00,16:07:11,ASML_202703_F,61.9,44,BoundlessBisons,AttentiveAntelopes,sell
2026-07-12T06:07:14.485658+00:00,16:07:11,TSLA,12.6,20,AverageAlmonds,BrilliantBurritos,sell
2026-07-12T06:07:14.485658+00:00,16:07:11,OB5X_202612_120P,30.6,57,TactfulTangerines,ScholarlySpearmints,sell
2026-07-12T06:07:21.732960+00:00,16:07:11,ASML,64.6,10,Tanishq Panjwani,YieldingYams,buy
2026-07-12T06:07:21.732960+00:00,16:07:11,ASML_DUAL,64.7,10,Benjamin Lu,Tanishq Panjwani,sell
2026-07-12T06:07:21.732960+00:00,16:07:11,OB5X_202703_F,180.9,52,OriginalOlives,PowerfulPineapples,buy
2026-07-12T06:07:21.732960+00:00,16:07:12,OB5X_ETF,41.1,208,MarvelousMilkshakes,KindlyKales,sell
2026-07-12T06:07:21.732960+00:00,16:07:12,TSLA,12.7,500,YieldingYams,AverageAlmonds,buy
2026-07-12T06:07:21.732960+00:00,16:07:12,TSLA,12.7,125,YieldingYams,WavyWalnuts,buy
2026-07-12T06:07:21.732960+00:00,16:07:12,ASML_202612_100C,39.4,49,EssentialEagles,GenerousGeckos,buy
2026-07-12T06:07:21.732960+00:00,16:07:12,ASML_202612_075C,42.6,50,EssentialEagles,GenerousGeckos,buy
2026-07-12T06:07:21.732960+00:00,16:07:12,ASML_202612_075C,42.7,4,EssentialEagles,FortunateFerrets,buy
2026-07-12T06:07:21.732960+00:00,16:07:12,ASML_202612_100P,73.1,45,GenerousGeckos,EssentialEagles,sell
2026-07-12T06:07:21.732960+00:00,16:07:12,ASML_202612_050C,46.5,54,EssentialEagles,FortunateFerrets,buy
2026-07-12T06:07:21.732960+00:00,16:07:12,AAPL,139.2,20,BrilliantBurritos,YieldingYams,buy
2026-07-12T06:07:21.732960+00:00,16:07:12,ASML,64.5,2,Stanley Wang,xingzhi Dang,sell
2026-07-12T06:07:21.732960+00:00,16:07:12,SAP,52.0,200,YieldingYams,WavyWalnuts,buy
2026-07-12T06:07:21.732960+00:00,16:07:12,OB5X_ETF,41.2,500,LivelyLasagnas,NecessaryNutmegs,sell
2026-07-12T06:07:21.732960+00:00,16:07:12,ASML,64.5,18,Stanley Wang,YieldingYams,sell
2026-07-12T06:07:21.732960+00:00,16:07:12,ASML,64.5,200,WavyWalnuts,YieldingYams,sell
2026-07-12T06:07:21.732960+00:00,16:07:12,ASML,64.5,1,Stanley Wang,YieldingYams,sell
2026-07-12T06:07:21.732960+00:00,16:07:12,ASML,64.5,26,Tanishq Panjwani,YieldingYams,buy
2026-07-12T06:07:21.732960+00:00,16:07:12,ASML_DUAL,64.6,26,EarnestEspressos,Tanishq Panjwani,sell
2026-07-12T06:07:21.732960+00:00,16:07:12,ASML_DUAL,64.6,10,EarnestEspressos,Benjamin Lu,sell
2026-07-12T06:07:21.732960+00:00,16:07:12,AAPL,139.2,500,AverageAlmonds,YieldingYams,buy
2026-07-12T06:07:21.732960+00:00,16:07:13,TSLA,12.7,200,WavyWalnuts,AverageAlmonds,buy
2026-07-12T06:07:21.732960+00:00,16:07:13,ASML_DUAL,64.6,5,EarnestEspressos,YUNSHEN JI,sell
2026-07-12T06:07:21.732960+00:00,16:07:13,ASML,64.5,5,YUNSHEN JI,YieldingYams,buy
2026-07-12T06:07:21.732960+00:00,16:07:13,ASML_202612_F,62.0,50,DownrightDogfish,BoundlessBisons,buy
2026-07-12T06:07:21.732960+00:00,16:07:13,SAP,52.0,200,YieldingYams,WavyWalnuts,sell
2026-07-12T06:07:21.732960+00:00,16:07:13,ASML_202703_F,62.4,50,DownrightDogfish,BoundlessBisons,buy
2026-07-12T06:07:21.732960+00:00,16:07:13,OB5X_202706_F,187.6,50,PowerfulPineapples,RadiantRisottos,sell
2026-07-12T06:07:21.732960+00:00,16:07:13,ASML,64.5,10,Thomas Lee,YieldingYams,buy
2026-07-12T06:07:21.732960+00:00,16:07:13,ASML_DUAL,64.6,50,EarnestEspressos,FlawlessFlatbreads,sell
2026-07-12T06:07:21.732960+00:00,16:07:13,ASML_202706_F,62.8,50,DownrightDogfish,BoundlessBisons,buy
2026-07-12T06:07:21.732960+00:00,16:07:13,OB5X_202703_F,180.8,50,PowerfulPineapples,RadiantRisottos,sell
2026-07-12T06:07:21.732960+00:00,16:07:13,ASML_202612_100P,73.6,50,EssentialEagles,GenerousGeckos,buy
2026-07-12T06:07:21.732960+00:00,16:07:13,ASML_202612_100P,73.6,8,EssentialEagles,FortunateFerrets,buy
2026-07-12T06:07:21.732960+00:00,16:07:13,ASML_202612_050C,45.9,42,GenerousGeckos,EssentialEagles,sell
2026-07-12T06:07:21.732960+00:00,16:07:13,OB5X_ETF,41.1,233,MarvelousMilkshakes,KindlyKales,sell
2026-07-12T06:07:21.732960+00:00,16:07:13,OB5X_202612_F,177.7,50,PowerfulPineapples,RadiantRisottos,sell
2026-07-12T06:07:21.732960+00:00,16:07:13,ASML_202612_050P,31.5,58,EssentialEagles,FortunateFerrets,buy
2026-07-12T06:07:21.732960+00:00,16:07:13,ASML,64.5,1,xingzhi Dang,YieldingYams,buy
2026-07-12T06:07:21.732960+00:00,16:07:13,ASML_DUAL,64.6,1,EarnestEspressos,xingzhi Dang,sell
2026-07-12T06:07:21.732960+00:00,16:07:13,OB5X_202612_100P,21.9,50,ScholarlySpearmints,TactfulTangerines,buy
2026-07-12T06:07:21.732960+00:00,16:07:13,ASML_202612_F,61.5,44,BoundlessBisons,AttentiveAntelopes,sell
2026-07-12T06:07:21.732960+00:00,16:07:13,AAPL,139.2,125,AverageAlmonds,YieldingYams,buy
2026-07-12T06:07:21.732960+00:00,16:07:13,ASML_DUAL,64.6,30,EarnestEspressos,YUNSHEN JI,sell
2026-07-12T06:07:21.732960+00:00,16:07:13,ASML,64.5,30,YUNSHEN JI,YieldingYams,buy
2026-07-12T06:07:21.732960+00:00,16:07:13,SAP_DUAL,51.4,100,InfiniteIcecreams,HomelyHerrings,buy
2026-07-12T06:07:21.732960+00:00,16:07:13,SAP,51.9,200,WavyWalnuts,YieldingYams,sell
2026-07-12T06:07:21.732960+00:00,16:07:13,SAP,51.8,425,AverageAlmonds,YieldingYams,sell
2026-07-12T06:07:21.732960+00:00,16:07:13,AAPL,139.3,200,YieldingYams,WavyWalnuts,buy
2026-07-12T06:07:21.732960+00:00,16:07:14,ASML,64.5,20,BrilliantBurritos,YieldingYams,buy
2026-07-12T06:07:21.732960+00:00,16:07:14,OB5X_ETF,41.3,214,KindlyKales,MarvelousMilkshakes,buy
2026-07-12T06:07:21.732960+00:00,16:07:14,ASML,64.6,1,xingzhi Dang,WavyWalnuts,buy
2026-07-12T06:07:21.732960+00:00,16:07:14,ASML_DUAL,64.7,1,Benjamin Lu,xingzhi Dang,sell
2026-07-12T06:07:21.732960+00:00,16:07:14,ASML_DUAL,64.7,9,Benjamin Lu,CostlyCorianders,sell
2026-07-12T06:07:21.732960+00:00,16:07:14,ASML_DUAL,64.6,28,EarnestEspressos,CostlyCorianders,sell
2026-07-12T06:07:21.732960+00:00,16:07:14,ASML_DUAL,64.5,10,DiligentDonuts,CostlyCorianders,sell
2026-07-12T06:07:21.732960+00:00,16:07:14,TSLA,12.6,500,AverageAlmonds,YieldingYams,sell
2026-07-12T06:07:21.732960+00:00,16:07:14,TSLA,12.6,125,AverageAlmonds,YieldingYams,buy
2026-07-12T06:07:21.732960+00:00,16:07:14,OB5X_ETF,41.3,500,NecessaryNutmegs,MarvelousMilkshakes,buy
2026-07-12T06:07:21.732960+00:00,16:07:14,NVDA,43.9,20,BrilliantBurritos,YieldingYams,buy
2026-07-12T06:07:21.732960+00:00,16:07:14,OB5X_202706_F,188.0,59,OriginalOlives,QuirkyQuinoas,buy
2026-07-12T06:07:21.732960+00:00,16:07:14,NVDA,43.9,500,YieldingYams,AverageAlmonds,buy
2026-07-12T06:07:21.732960+00:00,16:07:15,OB5X_202706_F,187.6,47,PowerfulPineapples,OriginalOlives,sell
2026-07-12T06:07:21.732960+00:00,16:07:15,OB5X_202612_F,178.1,58,OriginalOlives,QuirkyQuinoas,buy
2026-07-12T06:07:21.732960+00:00,16:07:15,AAPL,139.5,20,BrilliantBurritos,WavyWalnuts,buy
2026-07-12T06:07:21.732960+00:00,16:07:15,ASML_202706_F,62.4,44,BoundlessBisons,AttentiveAntelopes,sell
2026-07-12T06:07:21.732960+00:00,16:07:15,ASML_DUAL,64.6,10,Benjamin Lu,EarnestEspressos,sell
2026-07-12T06:07:21.732960+00:00,16:07:15,ASML_DUAL,64.5,100,DiligentDonuts,EarnestEspressos,sell
2026-07-12T06:07:21.732960+00:00,16:07:15,ASML_DUAL,64.4,10,Freddie Hurd-Wood,FlawlessFlatbreads,sell
2026-07-12T06:07:21.732960+00:00,16:07:15,ASML_DUAL,64.0,40,EarnestEspressos,FlawlessFlatbreads,sell
2026-07-12T06:07:21.732960+00:00,16:07:15,NVDA,43.9,125,YieldingYams,AverageAlmonds,sell
2026-07-12T06:07:21.732960+00:00,16:07:15,ASML_DUAL,64.5,30,YUNSHEN JI,EarnestEspressos,buy
2026-07-12T06:07:21.732960+00:00,16:07:15,ASML_202612_F,62.1,50,DownrightDogfish,CapableCoyotes,buy
2026-07-12T06:07:21.732960+00:00,16:07:15,ASML,64.5,30,YieldingYams,YUNSHEN JI,sell
2026-07-12T06:07:21.732960+00:00,16:07:15,ASML,64.6,199,YieldingYams,WavyWalnuts,buy
2026-07-12T06:07:21.732960+00:00,16:07:15,ASML,64.6,30,YieldingYams,Stanley Wang,sell
2026-07-12T06:07:21.732960+00:00,16:07:15,ASML_DUAL,64.5,10,Tanishq Panjwani,EarnestEspressos,buy
2026-07-12T06:07:21.732960+00:00,16:07:15,ASML,64.6,10,YieldingYams,Tanishq Panjwani,sell
2026-07-12T06:07:21.732960+00:00,16:07:15,TSLA,12.6,200,AverageAlmonds,WavyWalnuts,sell
2026-07-12T06:07:21.732960+00:00,16:07:15,ASML,64.6,200,YieldingYams,WavyWalnuts,sell
2026-07-12T06:07:21.732960+00:00,16:07:15,ASML_202703_F,62.4,50,DownrightDogfish,CapableCoyotes,buy
2026-07-12T06:07:21.732960+00:00,16:07:15,OB5X_202706_F,187.6,3,PowerfulPineapples,RadiantRisottos,sell
2026-07-12T06:07:21.732960+00:00,16:07:15,ASML_202612_100C,38.9,56,FortunateFerrets,EssentialEagles,sell
2026-07-12T06:07:21.732960+00:00,16:07:15,ASML_202706_F,62.8,50,DownrightDogfish,CapableCoyotes,buy
2026-07-12T06:07:21.732960+00:00,16:07:15,ASML,64.6,10,YieldingYams,Freddie Hurd-Wood,sell
2026-07-12T06:07:21.732960+00:00,16:07:15,OB5X_202703_F,180.8,50,PowerfulPineapples,RadiantRisottos,sell
2026-07-12T06:07:21.732960+00:00,16:07:15,ASML_202612_050P,31.1,40,GenerousGeckos,EssentialEagles,sell
2026-07-12T06:07:21.732960+00:00,16:07:15,OB5X_202612_080P,13.2,45,ScholarlySpearmints,TactfulTangerines,buy
2026-07-12T06:07:21.732960+00:00,16:07:15,ASML_DUAL,64.7,5,YUNSHEN JI,Benjamin Lu,buy
2026-07-12T06:07:21.732960+00:00,16:07:15,ASML,64.6,5,YieldingYams,YUNSHEN JI,sell
2026-07-12T06:07:21.732960+00:00,16:07:16,TSLA,12.7,500,YieldingYams,AverageAlmonds,buy
2026-07-12T06:07:21.732960+00:00,16:07:16,NVDA,43.7,200,WavyWalnuts,YieldingYams,sell
2026-07-12T06:07:21.732960+00:00,16:07:16,ASML_DUAL,64.8,2,xingzhi Dang,Benjamin Lu,sell
2026-07-12T06:07:21.732960+00:00,16:07:16,TSLA,12.9,125,YieldingYams,AverageAlmonds,sell
2026-07-12T06:07:21.732960+00:00,16:07:16,OB5X_202706_F,187.9,100,QuirkyQuinoas,PowerfulPineapples,buy
2026-07-12T06:07:21.732960+00:00,16:07:16,TSLA,12.7,200,WavyWalnuts,AverageAlmonds,buy
2026-07-12T06:07:21.732960+00:00,16:07:16,ASML_202612_075P,51.6,45,GenerousGeckos,EssentialEagles,sell
2026-07-12T06:07:21.732960+00:00,16:07:16,ASML,64.6,28,Stanley Wang,YieldingYams,sell
2026-07-12T06:07:21.732960+00:00,16:07:16,ASML,64.5,200,WavyWalnuts,YieldingYams,sell
2026-07-12T06:07:21.732960+00:00,16:07:16,OB5X_202703_F,181.1,100,QuirkyQuinoas,PowerfulPineapples,buy
2026-07-12T06:07:21.732960+00:00,16:07:16,NVDA,43.7,200,WavyWalnuts,YieldingYams,buy
2026-07-12T06:07:21.732960+00:00,16:07:16,AAPL,139.5,200,WavyWalnuts,YieldingYams,buy
2026-07-12T06:07:21.732960+00:00,16:07:16,ASML,64.5,10,Tanishq Panjwani,YieldingYams,buy
2026-07-12T06:07:21.732960+00:00,16:07:16,ASML_DUAL,64.6,10,Benjamin Lu,Tanishq Panjwani,sell
2026-07-12T06:07:21.732960+00:00,16:07:16,SAP_DUAL,51.4,50,InfiniteIcecreams,GroovyGrapefruits,sell
2026-07-12T06:07:21.732960+00:00,16:07:16,SAP_DUAL,51.4,5,HomelyHerrings,GroovyGrapefruits,sell
2026-07-12T06:07:21.732960+00:00,16:07:16,OB5X_202612_F,178.0,100,QuirkyQuinoas,PowerfulPineapples,buy
2026-07-12T06:07:21.732960+00:00,16:07:16,OB5X_ETF,41.2,500,LivelyLasagnas,NecessaryNutmegs,sell
2026-07-12T06:07:21.732960+00:00,16:07:17,SAP_DUAL,51.4,95,HomelyHerrings,InfiniteIcecreams,sell
2026-07-12T06:07:21.732960+00:00,16:07:17,ASML_DUAL,64.5,10,Freddie Hurd-Wood,FlawlessFlatbreads,sell
2026-07-12T06:07:21.732960+00:00,16:07:17,ASML_DUAL,64.3,10,Benjamin Lu,FlawlessFlatbreads,sell
2026-07-12T06:07:21.732960+00:00,16:07:17,ASML_DUAL,64.0,30,EarnestEspressos,FlawlessFlatbreads,sell
2026-07-12T06:07:21.732960+00:00,16:07:17,ASML_202612_F,62.0,100,CapableCoyotes,BoundlessBisons,sell
2026-07-12T06:07:21.732960+00:00,16:07:17,ASML,64.4,2,YieldingYams,xingzhi Dang,sell
2026-07-12T06:07:21.732960+00:00,16:07:17,ASML,64.4,10,YieldingYams,Freddie Hurd-Wood,sell
2026-07-12T06:07:21.732960+00:00,16:07:17,ASML_202703_F,62.3,100,CapableCoyotes,BoundlessBisons,sell
2026-07-12T06:07:21.732960+00:00,16:07:17,ASML_202612_F,62.5,50,DownrightDogfish,CapableCoyotes,buy
2026-07-12T06:07:21.732960+00:00,16:07:17,OB5X_202612_100C,92.5,58,TactfulTangerines,ScholarlySpearmints,buy
2026-07-12T06:07:21.732960+00:00,16:07:17,SAP,52.1,200,YieldingYams,WavyWalnuts,buy
2026-07-12T06:07:21.732960+00:00,16:07:17,ASML_202703_F,62.8,50,DownrightDogfish,CapableCoyotes,buy
2026-07-12T06:07:21.732960+00:00,16:07:17,OB5X_202706_F,188.3,50,QuirkyQuinoas,RadiantRisottos,sell
2026-07-12T06:07:21.732960+00:00,16:07:17,ASML_202706_F,62.8,100,CapableCoyotes,BoundlessBisons,sell
2026-07-12T06:07:21.732960+00:00,16:07:17,ASML,64.5,200,WavyWalnuts,YieldingYams,buy
2026-07-12T06:07:21.732960+00:00,16:07:17,ASML_202706_F,63.3,50,DownrightDogfish,CapableCoyotes,buy
2026-07-12T06:07:21.732960+00:00,16:07:17,OB5X_202703_F,181.5,50,QuirkyQuinoas,RadiantRisottos,sell
2026-07-12T06:07:21.732960+00:00,16:07:18,AAPL,139.5,200,WavyWalnuts,YieldingYams,buy
2026-07-12T06:07:21.732960+00:00,16:07:18,ASML,64.6,30,YieldingYams,Stanley Wang,buy
2026-07-12T06:07:21.732960+00:00,16:07:18,ASML,64.6,200,YieldingYams,WavyWalnuts,buy
2026-07-12T06:07:21.732960+00:00,16:07:18,OB5X_202612_F,178.4,50,QuirkyQuinoas,RadiantRisottos,sell
2026-07-12T06:07:23.550394+00:00,16:07:18,ASML_DUAL,64.6,10,Thomas Lee,Freddie Hurd-Wood,buy
2026-07-12T06:07:23.550394+00:00,16:07:18,ASML_DUAL,64.6,10,Thomas Lee,Benjamin Lu,buy
2026-07-12T06:07:23.550394+00:00,16:07:18,ASML,64.6,20,YieldingYams,Thomas Lee,sell
2026-07-12T06:07:23.550394+00:00,16:07:18,ASML_202703_F,62.3,42,CapableCoyotes,AttentiveAntelopes,sell
2026-07-12T06:07:23.550394+00:00,16:07:18,ASML_202706_F,62.8,50,CapableCoyotes,AttentiveAntelopes,sell
2026-07-12T06:07:23.550394+00:00,16:07:18,ASML_202706_F,62.2,8,BoundlessBisons,AttentiveAntelopes,sell
2026-07-12T06:07:23.550394+00:00,16:07:18,ASML,64.7,20,BrilliantBurritos,YieldingYams,buy
2026-07-12T06:07:23.550394+00:00,16:07:18,ASML_DUAL,64.7,2,xingzhi Dang,Benjamin Lu,buy
2026-07-12T06:07:23.550394+00:00,16:07:18,TSLA,12.6,200,WavyWalnuts,YieldingYams,sell
2026-07-12T06:07:23.550394+00:00,16:07:18,TSLA,12.6,425,AverageAlmonds,YieldingYams,sell
2026-07-12T06:07:23.550394+00:00,16:07:18,ASML,64.7,10,Freddie Hurd-Wood,YieldingYams,buy
2026-07-12T06:07:23.550394+00:00,16:07:18,OB5X_202612_120P,31.6,58,ScholarlySpearmints,TactfulTangerines,buy
2026-07-12T06:07:23.550394+00:00,16:07:18,OB5X_ETF,41.2,500,MarvelousMilkshakes,LivelyLasagnas,sell
2026-07-12T06:07:23.550394+00:00,16:07:19,TSLA,12.6,200,AverageAlmonds,WavyWalnuts,sell
2026-07-12T06:07:23.550394+00:00,16:07:19,SAP_DUAL,51.2,44,HomelyHerrings,GroovyGrapefruits,sell
2026-07-12T06:07:23.550394+00:00,16:07:19,ASML,64.6,200,YieldingYams,WavyWalnuts,sell
2026-07-12T06:07:23.550394+00:00,16:07:19,SAP,52.1,200,YieldingYams,WavyWalnuts,sell
2026-07-12T06:07:23.550394+00:00,16:07:19,NVDA,43.7,200,YieldingYams,WavyWalnuts,sell
2026-07-12T06:07:23.550394+00:00,16:07:19,ASML,64.6,30,Stanley Wang,YieldingYams,sell
2026-07-12T06:07:23.550394+00:00,16:07:19,ASML_DUAL,64.6,1,Benjamin Lu,YUNSHEN JI,sell
2026-07-12T06:07:23.550394+00:00,16:07:19,ASML,64.5,1,YUNSHEN JI,YieldingYams,buy
2026-07-12T06:07:23.550394+00:00,16:07:19,ASML_DUAL,64.6,9,Benjamin Lu,FlawlessFlatbreads,sell
2026-07-12T06:07:23.550394+00:00,16:07:19,ASML_DUAL,64.5,10,Freddie Hurd-Wood,FlawlessFlatbreads,sell
2026-07-12T06:07:23.550394+00:00,16:07:19,ASML_DUAL,64.4,31,EarnestEspressos,FlawlessFlatbreads,sell
2026-07-12T06:07:23.550394+00:00,16:07:19,ASML,64.4,2,WavyWalnuts,xingzhi Dang,sell
2026-07-12T06:07:23.550394+00:00,16:07:19,ASML,64.4,10,WavyWalnuts,Freddie Hurd-Wood,sell
2026-07-12T06:07:23.550394+00:00,16:07:19,ASML_202703_F,62.2,45,AttentiveAntelopes,CapableCoyotes,buy
2026-07-12T06:07:23.550394+00:00,16:07:19,SAP_DUAL,51.3,50,JazzyJellies,InfiniteIcecreams,buy
2026-07-12T06:07:23.550394+00:00,16:07:19,TSLA,12.7,500,YieldingYams,AverageAlmonds,buy
2026-07-12T06:07:23.550394+00:00,16:07:19,OB5X_202612_080C,109.3,45,TactfulTangerines,ScholarlySpearmints,sell
2026-07-12T06:07:23.550394+00:00,16:07:20,ASML_202612_050P,31.5,50,EssentialEagles,GenerousGeckos,buy
2026-07-12T06:07:23.550394+00:00,16:07:20,OB5X_202612_120P,30.4,49,TactfulTangerines,ScholarlySpearmints,sell
2026-07-12T06:07:23.550394+00:00,16:07:20,ASML_202612_F,62.0,50,DownrightDogfish,CapableCoyotes,buy
2026-07-12T06:07:23.550394+00:00,16:07:20,ASML_202703_F,62.2,50,DownrightDogfish,CapableCoyotes,buy
2026-07-12T06:07:23.550394+00:00,16:07:20,TSLA,12.8,125,YieldingYams,AverageAlmonds,sell
2026-07-12T06:07:23.550394+00:00,16:07:20,NVDA,43.6,200,WavyWalnuts,YieldingYams,sell
2026-07-12T06:07:23.550394+00:00,16:07:20,NVDA,43.6,425,AverageAlmonds,YieldingYams,sell
2026-07-12T06:07:23.550394+00:00,16:07:20,ASML_202706_F,62.7,50,DownrightDogfish,CapableCoyotes,buy
2026-07-12T06:07:23.550394+00:00,16:07:20,SAP,52.0,200,WavyWalnuts,YieldingYams,buy
2026-07-12T06:07:23.550394+00:00,16:07:20,NVDA,43.6,75,AverageAlmonds,WavyWalnuts,sell
2026-07-12T06:07:23.550394+00:00,16:07:20,SAP,51.9,500,AverageAlmonds,YieldingYams,sell
2026-07-12T06:07:23.550394+00:00,16:07:20,ASML_DUAL,64.5,1,YUNSHEN JI,Benjamin Lu,buy
2026-07-12T06:07:23.550394+00:00,16:07:20,ASML,64.4,1,Stanley Wang,YUNSHEN JI,sell
2026-07-12T06:07:23.550394+00:00,16:07:20,SAP_DUAL,51.3,57,InfiniteIcecreams,GroovyGrapefruits,sell
2026-07-12T06:07:23.550394+00:00,16:07:20,ASML_DUAL,64.4,10,EarnestEspressos,Benjamin Lu,sell
2026-07-12T06:07:23.550394+00:00,16:07:20,SAP,51.8,125,AverageAlmonds,YieldingYams,buy
2026-07-12T06:07:23.550394+00:00,16:07:20,NVDA,43.6,125,AverageAlmonds,WavyWalnuts,buy
2026-07-12T06:07:23.550394+00:00,16:07:20,ASML_202612_F,62.0,100,BoundlessBisons,CapableCoyotes,buy
2026-07-12T06:07:23.550394+00:00,16:07:21,ASML_202703_F,62.2,55,BoundlessBisons,CapableCoyotes,buy
2026-07-12T06:07:23.550394+00:00,16:07:21,TSLA,12.6,20,WavyWalnuts,BrilliantBurritos,sell
2026-07-12T06:07:23.550394+00:00,16:07:21,TSLA,12.6,180,WavyWalnuts,YieldingYams,sell
2026-07-12T06:07:23.550394+00:00,16:07:21,TSLA,12.6,445,AverageAlmonds,YieldingYams,sell
2026-07-12T06:07:23.550394+00:00,16:07:21,OB5X_202612_080P,12.4,41,VersatileVinegars,ScholarlySpearmints,sell
2026-07-12T06:07:23.550394+00:00,16:07:21,ASML_202706_F,62.7,100,BoundlessBisons,CapableCoyotes,buy
2026-07-12T06:07:23.550394+00:00,16:07:21,OB5X_202706_F,187.7,43,PowerfulPineapples,OriginalOlives,sell
2026-07-12T06:07:23.550394+00:00,16:07:21,OB5X_202612_F,178.1,58,OriginalOlives,QuirkyQuinoas,buy
2026-07-12T06:07:23.550394+00:00,16:07:21,OB5X_202612_120P,31.6,42,ScholarlySpearmints,TactfulTangerines,buy
2026-07-12T06:07:23.550394+00:00,16:07:21,OB5X_202612_120P,31.7,3,ScholarlySpearmints,VersatileVinegars,buy
2026-07-12T06:07:23.550394+00:00,16:07:21,TSLA,12.6,200,AverageAlmonds,WavyWalnuts,sell
2026-07-12T06:07:23.550394+00:00,16:07:21,NVDA,44.0,500,YieldingYams,AverageAlmonds,buy
2026-07-12T06:07:23.550394+00:00,16:07:21,NVDA,44.0,125,YieldingYams,WavyWalnuts,sell
2026-07-12T06:07:23.550394+00:00,16:07:21,ASML_202706_F,62.2,44,CapableCoyotes,AttentiveAntelopes,sell
2026-07-12T06:07:25.664499+00:00,16:07:21,ASML_DUAL,64.4,2,xingzhi Dang,FlawlessFlatbreads,sell
2026-07-12T06:07:25.664499+00:00,16:07:21,ASML_DUAL,64.3,10,Freddie Hurd-Wood,FlawlessFlatbreads,sell
2026-07-12T06:07:25.664499+00:00,16:07:21,ASML_DUAL,64.3,10,Benjamin Lu,FlawlessFlatbreads,sell
2026-07-12T06:07:25.664499+00:00,16:07:21,ASML_DUAL,64.1,28,DiligentDonuts,FlawlessFlatbreads,sell
2026-07-12T06:07:25.664499+00:00,16:07:21,ASML,64.4,10,WavyWalnuts,Freddie Hurd-Wood,sell
2026-07-12T06:07:25.664499+00:00,16:07:22,OB5X_202706_F,187.7,50,PowerfulPineapples,RadiantRisottos,sell
2026-07-12T06:07:25.664499+00:00,16:07:22,TSLA,12.7,500,YieldingYams,AverageAlmonds,buy
2026-07-12T06:07:27.420892+00:00,16:07:22,OB5X_202703_F,180.9,50,PowerfulPineapples,RadiantRisottos,sell
2026-07-12T06:07:27.420892+00:00,16:07:22,TSLA,12.7,125,YieldingYams,AverageAlmonds,sell
2026-07-12T06:07:27.420892+00:00,16:07:22,ASML,64.4,2,WavyWalnuts,xingzhi Dang,sell
2026-07-12T06:07:27.420892+00:00,16:07:22,ASML,64.4,10,Stanley Wang,WavyWalnuts,sell
2026-07-12T06:07:27.420892+00:00,16:07:22,AAPL,139.3,200,YieldingYams,WavyWalnuts,sell
2026-07-12T06:07:27.420892+00:00,16:07:22,NVDA,43.8,200,WavyWalnuts,YieldingYams,sell
2026-07-12T06:07:27.420892+00:00,16:07:22,ASML_202612_100C,39.0,51,FortunateFerrets,EssentialEagles,sell
2026-07-12T06:07:27.420892+00:00,16:07:23,ASML_202612_050C,46.1,45,FortunateFerrets,EssentialEagles,sell
2026-07-12T06:07:27.420892+00:00,16:07:23,NVDA,43.7,425,AverageAlmonds,YieldingYams,buy
2026-07-12T06:07:27.420892+00:00,16:07:23,ASML_DUAL,64.3,10,Freddie Hurd-Wood,Benjamin Lu,sell
2026-07-12T06:07:27.420892+00:00,16:07:23,OB5X_ETF,41.1,500,LivelyLasagnas,NecessaryNutmegs,sell
2026-07-12T06:07:27.420892+00:00,16:07:23,ASML_DUAL,64.5,44,CostlyCorianders,EarnestEspressos,buy
2026-07-12T06:07:27.420892+00:00,16:07:23,OB5X_202706_F,187.6,100,PowerfulPineapples,QuirkyQuinoas,sell
2026-07-12T06:07:27.420892+00:00,16:07:23,ASML,64.3,7,Stanley Wang,Freddie Hurd-Wood,sell
2026-07-12T06:07:27.420892+00:00,16:07:23,ASML,64.3,3,AverageAlmonds,Freddie Hurd-Wood,sell
2026-07-12T06:07:27.420892+00:00,16:07:23,ASML_DUAL,64.4,2,xingzhi Dang,Benjamin Lu,sell
2026-07-12T06:07:27.420892+00:00,16:07:23,OB5X_202703_F,180.8,100,PowerfulPineapples,QuirkyQuinoas,sell
2026-07-12T06:07:27.420892+00:00,16:07:23,ASML_DUAL,64.2,10,Freddie Hurd-Wood,FlawlessFlatbreads,sell
2026-07-12T06:07:27.420892+00:00,16:07:23,ASML_DUAL,64.2,10,Benjamin Lu,FlawlessFlatbreads,sell
2026-07-12T06:07:27.420892+00:00,16:07:23,ASML_DUAL,64.1,30,DiligentDonuts,FlawlessFlatbreads,sell
2026-07-12T06:07:27.420892+00:00,16:07:23,TSLA,12.6,200,AverageAlmonds,WavyWalnuts,sell
2026-07-12T06:07:27.420892+00:00,16:07:23,OB5X_202612_F,177.7,100,PowerfulPineapples,QuirkyQuinoas,sell
2026-07-12T06:07:27.420892+00:00,16:07:24,ASML_202612_075P,51.6,52,FortunateFerrets,EssentialEagles,sell
2026-07-12T06:07:27.420892+00:00,16:07:24,AAPL,139.3,200,YieldingYams,WavyWalnuts,sell
2026-07-12T06:07:27.420892+00:00,16:07:24,SAP_DUAL,51.6,50,JazzyJellies,HomelyHerrings,buy
2026-07-12T06:07:27.420892+00:00,16:07:24,NVDA,43.9,200,YieldingYams,WavyWalnuts,buy
2026-07-12T06:07:27.420892+00:00,16:07:24,OB5X_202612_120P,31.8,46,ScholarlySpearmints,TactfulTangerines,buy
2026-07-12T06:07:27.420892+00:00,16:07:24,SAP_DUAL,51.6,50,GroovyGrapefruits,HomelyHerrings,buy
2026-07-12T06:07:27.420892+00:00,16:07:24,SAP_DUAL,51.7,1,GroovyGrapefruits,InfiniteIcecreams,buy
2026-07-12T06:07:27.420892+00:00,16:07:24,SAP,51.9,200,WavyWalnuts,YieldingYams,sell
2026-07-12T06:07:29.157157+00:00,16:07:24,ASML_202612_F,62.2,100,CapableCoyotes,BoundlessBisons,sell
2026-07-12T06:07:29.157157+00:00,16:07:24,ASML,64.4,200,YieldingYams,WavyWalnuts,buy
2026-07-12T06:07:29.157157+00:00,16:07:24,ASML,64.4,30,YieldingYams,Stanley Wang,sell
2026-07-12T06:07:29.157157+00:00,16:07:24,ASML_DUAL,64.3,10,Tanishq Panjwani,Benjamin Lu,buy
2026-07-12T06:07:29.157157+00:00,16:07:24,ASML,64.4,10,YieldingYams,Tanishq Panjwani,sell
2026-07-12T06:07:29.157157+00:00,16:07:24,ASML_202703_F,62.5,100,CapableCoyotes,BoundlessBisons,sell
2026-07-12T06:07:29.157157+00:00,16:07:24,ASML,64.4,2,YieldingYams,xingzhi Dang,sell
2026-07-12T06:07:29.157157+00:00,16:07:24,ASML,64.4,10,YieldingYams,Freddie Hurd-Wood,sell
2026-07-12T06:07:29.157157+00:00,16:07:24,ASML_202612_F,62.2,50,CapableCoyotes,DownrightDogfish,sell
2026-07-12T06:07:29.157157+00:00,16:07:24,ASML_DUAL,64.4,10,Benjamin Lu,DiligentDonuts,buy
2026-07-12T06:07:29.157157+00:00,16:07:24,ASML_202706_F,62.9,100,CapableCoyotes,BoundlessBisons,sell
2026-07-12T06:07:29.157157+00:00,16:07:24,ASML_202703_F,62.5,50,CapableCoyotes,DownrightDogfish,sell
2026-07-12T06:07:29.157157+00:00,16:07:24,SAP,51.9,20,BrilliantBurritos,YieldingYams,buy
2026-07-12T06:07:29.157157+00:00,16:07:24,ASML_202612_100P,73.1,50,GenerousGeckos,EssentialEagles,sell
2026-07-12T06:07:29.157157+00:00,16:07:24,ASML_202706_F,62.9,50,CapableCoyotes,DownrightDogfish,sell
2026-07-12T06:07:29.157157+00:00,16:07:25,NVDA,43.9,425,YieldingYams,AverageAlmonds,sell
2026-07-12T06:07:29.157157+00:00,16:07:25,ASML,64.5,200,WavyWalnuts,YieldingYams,buy
2026-07-12T06:07:29.157157+00:00,16:07:25,SAP,51.8,200,YieldingYams,WavyWalnuts,sell
2026-07-12T06:07:29.157157+00:00,16:07:25,TSLA,12.7,500,YieldingYams,AverageAlmonds,buy
2026-07-12T06:07:29.157157+00:00,16:07:25,OB5X_ETF,41.2,500,NecessaryNutmegs,LivelyLasagnas,buy
2026-07-12T06:07:29.157157+00:00,16:07:25,ASML,64.5,20,BrilliantBurritos,YieldingYams,buy
2026-07-12T06:07:29.157157+00:00,16:07:25,SAP,51.9,405,AverageAlmonds,YieldingYams,buy
2026-07-12T06:07:29.157157+00:00,16:07:25,TSLA,12.7,125,YieldingYams,AverageAlmonds,sell
2026-07-12T06:07:29.157157+00:00,16:07:25,AAPL,139.3,200,WavyWalnuts,YieldingYams,sell
2026-07-12T06:07:29.157157+00:00,16:07:25,ASML_DUAL,64.3,10,Freddie Hurd-Wood,FlawlessFlatbreads,sell
2026-07-12T06:07:29.157157+00:00,16:07:25,ASML_DUAL,64.3,2,xingzhi Dang,FlawlessFlatbreads,sell
2026-07-12T06:07:29.157157+00:00,16:07:25,ASML_DUAL,64.3,10,Benjamin Lu,FlawlessFlatbreads,sell
2026-07-12T06:07:29.157157+00:00,16:07:25,ASML_DUAL,64.2,10,Thomas Lee,FlawlessFlatbreads,sell
2026-07-12T06:07:29.157157+00:00,16:07:25,ASML_DUAL,64.2,18,EarnestEspressos,FlawlessFlatbreads,sell
2026-07-12T06:07:29.157157+00:00,16:07:25,ASML_DUAL,64.4,50,Tanishq Panjwani,DiligentDonuts,buy
2026-07-12T06:07:29.157157+00:00,16:07:25,ASML,64.5,50,YieldingYams,Tanishq Panjwani,sell
2026-07-12T06:07:29.157157+00:00,16:07:25,ASML_DUAL,64.4,40,CostlyCorianders,DiligentDonuts,buy
2026-07-12T06:07:29.157157+00:00,16:07:25,ASML_DUAL,64.5,5,CostlyCorianders,Benjamin Lu,buy
2026-07-12T06:07:29.157157+00:00,16:07:26,ASML_202612_075P,52.0,45,EssentialEagles,FortunateFerrets,buy
2026-07-12T06:07:29.157157+00:00,16:07:26,AAPL,139.3,20,BrilliantBurritos,YieldingYams,buy
2026-07-12T06:07:29.157157+00:00,16:07:26,SAP_DUAL,51.6,50,JazzyJellies,HomelyHerrings,buy
2026-07-12T06:07:29.157157+00:00,16:07:26,ASML,64.5,10,YieldingYams,Thomas Lee,sell
2026-07-12T06:07:29.157157+00:00,16:07:26,ASML_DUAL,64.5,5,Thomas Lee,Benjamin Lu,buy
2026-07-12T06:07:29.157157+00:00,16:07:26,ASML,64.5,5,YieldingYams,Thomas Lee,sell
2026-07-12T06:07:29.157157+00:00,16:07:26,TSLA,12.7,200,WavyWalnuts,AverageAlmonds,buy
2026-07-12T06:07:29.157157+00:00,16:07:26,SAP,52.0,200,YieldingYams,WavyWalnuts,sell
2026-07-12T06:07:29.157157+00:00,16:07:26,TSLA,12.6,500,AverageAlmonds,YieldingYams,sell
2026-07-12T06:07:29.157157+00:00,16:07:26,ASML_202703_F,62.0,45,AttentiveAntelopes,CapableCoyotes,buy
2026-07-12T06:07:29.157157+00:00,16:07:26,ASML,64.5,10,YieldingYams,Freddie Hurd-Wood,sell
2026-07-12T06:07:29.157157+00:00,16:07:26,NVDA,43.9,500,YieldingYams,AverageAlmonds,buy
2026-07-12T06:07:29.157157+00:00,16:07:26,NVDA,44.0,125,YieldingYams,WavyWalnuts,buy
2026-07-12T06:07:29.157157+00:00,16:07:26,ASML,64.5,2,YieldingYams,xingzhi Dang,sell
2026-07-12T06:07:29.157157+00:00,16:07:26,TSLA,12.6,125,AverageAlmonds,YieldingYams,buy
2026-07-12T06:07:29.157157+00:00,16:07:27,ASML_202612_075P,52.0,55,EssentialEagles,FortunateFerrets,buy
2026-07-12T06:07:29.157157+00:00,16:07:27,ASML_202612_075P,52.1,3,EssentialEagles,GenerousGeckos,buy
