captured_at,time,ticker,price,volume,buyer,seller,aggressor
2026-07-06T13:00:01.255573+00:00,22:59:53,OB5X_202612_100C,169.2,4,VersatileVinegars,ScholarlySpearmints,sell
2026-07-06T13:00:01.255573+00:00,22:59:53,ASML_202612_075P,41.1,50,GenerousGeckos,EssentialEagles,sell
2026-07-06T13:00:01.255573+00:00,22:59:53,ASML_202612_075P,41.1,5,FortunateFerrets,EssentialEagles,sell
2026-07-06T13:00:01.255573+00:00,22:59:53,OB5X_ETF,64.5,212,KindlyKales,MarvelousMilkshakes,buy
2026-07-06T13:00:01.255573+00:00,22:59:53,NVDA,68.3,200,YieldingYams,WavyWalnuts,buy
2026-07-06T13:00:01.255573+00:00,22:59:53,ASML_202612_075C,124.9,45,EssentialEagles,Xianghao Wang,buy
2026-07-06T13:00:01.255573+00:00,22:59:53,ASML_202612_075C,124.9,12,EssentialEagles,GenerousGeckos,buy
2026-07-06T13:00:01.255573+00:00,22:59:53,ASML,157.3,500,YieldingYams,AverageAlmonds,buy
2026-07-06T13:00:01.255573+00:00,22:59:53,ASML_DUAL,156.6,46,CostlyCorianders,EarnestEspressos,buy
2026-07-06T13:00:01.255573+00:00,22:59:53,ASML,157.3,125,YieldingYams,AverageAlmonds,sell
2026-07-06T13:00:01.255573+00:00,22:59:53,ASML,157.2,20,WavyWalnuts,BrilliantBurritos,sell
2026-07-06T13:00:01.255573+00:00,22:59:53,ASML_202612_F,158.5,59,BoundlessBisons,CapableCoyotes,buy
2026-07-06T13:00:01.255573+00:00,22:59:54,SAP,41.8,200,WavyWalnuts,YieldingYams,buy
2026-07-06T13:00:01.255573+00:00,22:59:54,SAP_DUAL,43.0,57,HomelyHerrings,GroovyGrapefruits,sell
2026-07-06T13:00:01.255573+00:00,22:59:54,ASML_202703_F,159.6,100,BoundlessBisons,CapableCoyotes,buy
2026-07-06T13:00:01.255573+00:00,22:59:54,ASML_202706_F,160.8,100,BoundlessBisons,CapableCoyotes,buy
2026-07-06T13:00:01.255573+00:00,22:59:54,ASML_202612_100C,118.1,50,GenerousGeckos,EssentialEagles,sell
2026-07-06T13:00:01.255573+00:00,22:59:54,ASML_202612_100C,118.1,8,FortunateFerrets,EssentialEagles,sell
2026-07-06T13:00:01.255573+00:00,22:59:54,ASML_202612_075P,41.1,52,FortunateFerrets,EssentialEagles,sell
2026-07-06T13:00:01.255573+00:00,22:59:54,TSLA,8.5,200,WavyWalnuts,YieldingYams,sell
2026-07-06T13:00:01.255573+00:00,22:59:54,ASML_202612_F,159.1,50,DownrightDogfish,BoundlessBisons,buy
2026-07-06T13:00:01.255573+00:00,22:59:54,ASML_DUAL,156.2,50,DiligentDonuts,FlawlessFlatbreads,sell
2026-07-06T13:00:01.255573+00:00,22:59:54,OB5X_202612_100C,170.0,58,ScholarlySpearmints,TactfulTangerines,buy
2026-07-06T13:00:01.255573+00:00,22:59:54,NVDA,68.2,200,WavyWalnuts,YieldingYams,sell
2026-07-06T13:00:01.255573+00:00,22:59:54,ASML_202703_F,159.6,50,DownrightDogfish,CapableCoyotes,buy
2026-07-06T13:00:01.255573+00:00,22:59:54,OB5X_202612_100P,14.0,42,ScholarlySpearmints,VersatileVinegars,buy
2026-07-06T13:00:01.255573+00:00,22:59:54,SAP_DUAL,43.2,52,GroovyGrapefruits,InfiniteIcecreams,buy
2026-07-06T13:00:01.255573+00:00,22:59:55,OB5X_202706_F,268.3,44,QuirkyQuinoas,OriginalOlives,sell
2026-07-06T13:00:01.255573+00:00,22:59:55,ASML_202706_F,160.8,50,DownrightDogfish,CapableCoyotes,buy
2026-07-06T13:00:01.255573+00:00,22:59:55,TSLA,8.5,200,WavyWalnuts,YieldingYams,buy
2026-07-06T13:00:01.255573+00:00,22:59:55,ASML_DUAL,156.5,8,CostlyCorianders,Zhangyue Shen,buy
2026-07-06T13:00:01.255573+00:00,22:59:55,ASML_DUAL,156.6,33,CostlyCorianders,EarnestEspressos,buy
2026-07-06T13:00:01.255573+00:00,22:59:55,SAP,41.7,200,YieldingYams,WavyWalnuts,sell
2026-07-06T13:00:01.255573+00:00,22:59:55,AAPL,106.3,200,YieldingYams,WavyWalnuts,sell
2026-07-06T13:00:01.255573+00:00,22:59:55,ASML,157.3,8,Zhangyue Shen,WavyWalnuts,buy
2026-07-06T13:00:01.255573+00:00,22:59:55,TSLA,8.5,225,AverageAlmonds,YieldingYams,buy
2026-07-06T13:00:01.255573+00:00,22:59:55,NVDA,68.2,200,WavyWalnuts,YieldingYams,buy
2026-07-06T13:00:01.255573+00:00,22:59:55,ASML_202612_050C,131.9,45,EssentialEagles,Xianghao Wang,buy
2026-07-06T13:00:01.255573+00:00,22:59:55,ASML_202612_F,159.1,50,CapableCoyotes,BoundlessBisons,buy
2026-07-06T13:00:04.822073+00:00,22:59:55,TSLA,8.6,200,YieldingYams,WavyWalnuts,buy
2026-07-06T13:00:04.822073+00:00,22:59:55,TSLA,8.6,425,YieldingYams,AverageAlmonds,buy
2026-07-06T13:00:04.822073+00:00,22:59:55,ASML_202703_F,160.0,40,CapableCoyotes,Xianghao Wang,buy
2026-07-06T13:00:04.822073+00:00,22:59:55,ASML_202703_F,160.1,100,CapableCoyotes,BoundlessBisons,buy
2026-07-06T13:00:04.822073+00:00,22:59:56,ASML_202612_F,159.1,50,CapableCoyotes,Xianghao Wang,sell
2026-07-06T13:00:04.822073+00:00,22:59:56,ASML_202706_F,161.3,100,CapableCoyotes,BoundlessBisons,buy
2026-07-06T13:00:04.822073+00:00,22:59:56,TSLA,8.5,200,AverageAlmonds,WavyWalnuts,sell
2026-07-06T13:00:04.822073+00:00,22:59:56,SAP,41.8,200,YieldingYams,WavyWalnuts,sell
2026-07-06T13:00:04.822073+00:00,22:59:56,OB5X_202612_100C,169.3,50,VersatileVinegars,ScholarlySpearmints,sell
2026-07-06T13:00:04.822073+00:00,22:59:56,OB5X_202612_100P,13.1,46,TactfulTangerines,ScholarlySpearmints,sell
2026-07-06T13:00:04.822073+00:00,22:59:56,OB5X_202706_F,268.3,49,QuirkyQuinoas,OriginalOlives,sell
2026-07-06T13:00:04.822073+00:00,22:59:56,AAPL,106.2,200,WavyWalnuts,YieldingYams,sell
2026-07-06T13:00:04.822073+00:00,22:59:56,ASML_202612_050C,131.9,50,EssentialEagles,GenerousGeckos,buy
2026-07-06T13:00:04.822073+00:00,22:59:56,ASML_202612_050C,132.0,1,EssentialEagles,FortunateFerrets,buy
2026-07-06T13:00:04.822073+00:00,22:59:56,ASML_DUAL,156.7,50,FlawlessFlatbreads,DiligentDonuts,buy
2026-07-06T13:00:04.822073+00:00,22:59:56,NVDA,68.3,200,YieldingYams,WavyWalnuts,sell
2026-07-06T13:00:04.822073+00:00,22:59:57,ASML_202703_F,160.2,10,CapableCoyotes,AttentiveAntelopes,sell
2026-07-06T13:00:04.822073+00:00,22:59:57,ASML_202703_F,159.2,40,Xianghao Wang,AttentiveAntelopes,sell
2026-07-06T13:00:04.822073+00:00,22:59:57,OB5X_ETF,64.4,228,LivelyLasagnas,KindlyKales,sell
2026-07-06T13:00:04.822073+00:00,22:59:57,SAP_DUAL,43.3,50,JazzyJellies,HomelyHerrings,buy
2026-07-06T13:00:04.822073+00:00,22:59:57,TSLA,8.4,200,AverageAlmonds,WavyWalnuts,sell
2026-07-06T13:00:04.822073+00:00,22:59:57,ASML_202612_F,159.1,50,CapableCoyotes,BoundlessBisons,sell
2026-07-06T13:00:04.822073+00:00,22:59:57,OB5X_ETF,64.6,500,NecessaryNutmegs,LivelyLasagnas,buy
2026-07-06T13:00:04.822073+00:00,22:59:57,SAP,41.8,200,YieldingYams,WavyWalnuts,sell
2026-07-06T13:00:04.822073+00:00,22:59:57,OB5X_202612_080P,7.5,48,VersatileVinegars,ScholarlySpearmints,sell
2026-07-06T13:00:04.822073+00:00,22:59:57,ASML_202706_F,161.4,50,CapableCoyotes,BoundlessBisons,sell
2026-07-06T13:00:04.822073+00:00,22:59:57,OB5X_202612_100C,169.1,1,TactfulTangerines,ScholarlySpearmints,buy
2026-07-06T13:00:04.822073+00:00,22:59:58,SAP_DUAL,43.3,45,GroovyGrapefruits,HomelyHerrings,buy
2026-07-06T13:00:04.822073+00:00,22:59:58,NVDA,68.3,95,Xianghao Wang,WavyWalnuts,sell
2026-07-06T13:00:04.822073+00:00,22:59:58,NVDA,68.2,105,YieldingYams,WavyWalnuts,sell
2026-07-06T13:00:04.822073+00:00,22:59:58,ASML_DUAL,156.3,44,Xianghao Wang,CostlyCorianders,sell
2026-07-06T13:00:04.822073+00:00,22:59:58,TSLA,8.4,500,AverageAlmonds,YieldingYams,sell
2026-07-06T13:00:04.822073+00:00,22:59:58,TSLA,8.3,125,WavyWalnuts,YieldingYams,sell
2026-07-06T13:00:04.822073+00:00,22:59:58,TSLA,8.4,200,AverageAlmonds,WavyWalnuts,sell
2026-07-06T13:00:04.822073+00:00,22:59:58,ASML_202612_100P,60.5,45,EssentialEagles,Xianghao Wang,buy
2026-07-06T13:00:04.822073+00:00,22:59:58,ASML_202612_100P,60.6,3,EssentialEagles,GenerousGeckos,buy
2026-07-06T13:00:04.822073+00:00,22:59:58,ASML_202612_F,158.6,59,BoundlessBisons,AttentiveAntelopes,sell
2026-07-06T13:00:04.822073+00:00,22:59:58,ASML_202703_F,160.0,48,AttentiveAntelopes,BoundlessBisons,buy
2026-07-06T13:00:04.822073+00:00,22:59:58,SAP,41.8,200,WavyWalnuts,YieldingYams,buy
2026-07-06T13:00:04.822073+00:00,22:59:58,OB5X_ETF,64.6,242,KindlyKales,LivelyLasagnas,buy
2026-07-06T13:00:04.822073+00:00,22:59:59,OB5X_202612_120C,160.0,45,ScholarlySpearmints,Xianghao Wang,buy
2026-07-06T13:00:04.822073+00:00,22:59:59,OB5X_202612_120C,160.1,11,ScholarlySpearmints,TactfulTangerines,buy
2026-07-06T13:00:04.822073+00:00,22:59:59,OB5X_202612_080P,7.6,40,Xianghao Wang,ScholarlySpearmints,sell
2026-07-06T13:00:07.065797+00:00,22:59:59,NVDA,68.3,200,YieldingYams,WavyWalnuts,sell
2026-07-06T13:00:07.065797+00:00,22:59:59,OB5X_202612_080C,186.8,45,ScholarlySpearmints,Xianghao Wang,buy
2026-07-06T13:00:07.065797+00:00,22:59:59,OB5X_202612_080C,186.9,4,ScholarlySpearmints,VersatileVinegars,buy
2026-07-06T13:00:07.065797+00:00,22:59:59,ASML_202612_F,158.6,41,BoundlessBisons,CapableCoyotes,sell
2026-07-06T13:00:07.065797+00:00,22:59:59,OB5X_202703_F,263.6,51,OriginalOlives,QuirkyQuinoas,buy
2026-07-06T13:00:07.065797+00:00,22:59:59,ASML_202612_F,158.5,50,DownrightDogfish,CapableCoyotes,buy
2026-07-06T13:00:07.065797+00:00,22:59:59,ASML_202703_F,160.0,50,DownrightDogfish,BoundlessBisons,buy
2026-07-06T13:00:07.065797+00:00,22:59:59,ASML_202706_F,161.2,50,DownrightDogfish,BoundlessBisons,buy
2026-07-06T13:00:07.065797+00:00,22:59:59,ASML_202706_F,160.7,100,BoundlessBisons,CapableCoyotes,sell
2026-07-06T13:00:07.065797+00:00,22:59:59,TSLA,8.5,90,AverageAlmonds,Xianghao Wang,buy
2026-07-06T13:00:07.065797+00:00,22:59:59,AAPL,106.3,500,YieldingYams,AverageAlmonds,sell
2026-07-06T13:00:07.065797+00:00,22:59:59,TSLA,8.5,200,AverageAlmonds,WavyWalnuts,sell
2026-07-06T13:00:08.948090+00:00,23:00:00,ASML_202703_F,159.5,59,BoundlessBisons,AttentiveAntelopes,sell
2026-07-06T13:00:08.948090+00:00,23:00:00,ASML_202706_F,160.7,50,AttentiveAntelopes,CapableCoyotes,buy
2026-07-06T13:00:08.948090+00:00,23:00:00,ASML_DUAL,156.6,48,CostlyCorianders,DiligentDonuts,buy
2026-07-06T13:00:08.948090+00:00,23:00:00,ASML_202612_100C,118.1,45,GenerousGeckos,EssentialEagles,sell
2026-07-06T13:00:08.948090+00:00,23:00:00,AAPL,106.3,200,WavyWalnuts,YieldingYams,sell
2026-07-06T13:00:08.948090+00:00,23:00:00,OB5X_202612_080P,7.6,5,Xianghao Wang,ScholarlySpearmints,sell
2026-07-06T13:00:08.948090+00:00,23:00:00,OB5X_202612_080P,7.5,2,VersatileVinegars,ScholarlySpearmints,sell
2026-07-06T13:00:08.948090+00:00,23:00:00,OB5X_202612_080P,7.5,43,TactfulTangerines,ScholarlySpearmints,sell
2026-07-06T13:00:08.948090+00:00,23:00:00,OB5X_202706_F,268.2,44,OriginalOlives,QuirkyQuinoas,buy
2026-07-06T13:00:08.948090+00:00,23:00:00,OB5X_202703_F,263.6,51,OriginalOlives,QuirkyQuinoas,buy
2026-07-06T13:00:08.948090+00:00,23:00:00,OB5X_202612_F,260.7,59,OriginalOlives,QuirkyQuinoas,buy
2026-07-06T13:00:08.948090+00:00,23:00:00,OB5X_202612_100P,13.9,43,ScholarlySpearmints,Xianghao Wang,buy
2026-07-06T13:00:10.794109+00:00,23:00:00,SAP,41.7,40,Xianghao Wang,YieldingYams,sell
2026-07-06T13:00:10.794109+00:00,23:00:00,SAP,41.7,200,WavyWalnuts,YieldingYams,sell
2026-07-06T13:00:10.794109+00:00,23:00:00,SAP,41.7,385,AverageAlmonds,YieldingYams,sell
2026-07-06T13:00:10.794109+00:00,23:00:01,ASML_DUAL,156.3,6,Xianghao Wang,CostlyCorianders,sell
2026-07-06T13:00:10.794109+00:00,23:00:01,ASML_DUAL,156.2,8,Zhangyue Shen,CostlyCorianders,sell
2026-07-06T13:00:10.794109+00:00,23:00:01,ASML_DUAL,156.2,31,DiligentDonuts,CostlyCorianders,sell
2026-07-06T13:00:10.794109+00:00,23:00:01,ASML_DUAL,156.6,50,FlawlessFlatbreads,EarnestEspressos,buy
2026-07-06T13:00:10.794109+00:00,23:00:01,TSLA,8.6,500,YieldingYams,AverageAlmonds,buy
2026-07-06T13:00:10.794109+00:00,23:00:01,TSLA,8.6,125,YieldingYams,WavyWalnuts,buy
2026-07-06T13:00:10.794109+00:00,23:00:01,SAP,41.7,200,AverageAlmonds,WavyWalnuts,sell
2026-07-06T13:00:10.794109+00:00,23:00:01,AAPL,106.2,200,WavyWalnuts,YieldingYams,buy
2026-07-06T13:00:10.794109+00:00,23:00:01,SAP,41.7,20,AverageAlmonds,BrilliantBurritos,sell
2026-07-06T13:00:10.794109+00:00,23:00:01,ASML_202612_050C,132.0,45,EssentialEagles,GenerousGeckos,buy
2026-07-06T13:00:10.794109+00:00,23:00:01,NVDA,68.2,200,YieldingYams,WavyWalnuts,sell
2026-07-06T13:00:10.794109+00:00,23:00:01,ASML_202612_F,158.5,50,DownrightDogfish,CapableCoyotes,buy
2026-07-06T13:00:10.794109+00:00,23:00:01,OB5X_ETF,64.5,500,LivelyLasagnas,NecessaryNutmegs,sell
2026-07-06T13:00:10.794109+00:00,23:00:01,ASML_202703_F,159.6,50,DownrightDogfish,CapableCoyotes,buy
2026-07-06T13:00:10.794109+00:00,23:00:01,ASML_202612_F,158.5,9,AttentiveAntelopes,CapableCoyotes,buy
2026-07-06T13:00:10.794109+00:00,23:00:01,ASML_202612_F,158.7,45,AttentiveAntelopes,Xianghao Wang,buy
2026-07-06T13:00:10.794109+00:00,23:00:01,ASML_202612_F,158.4,54,BoundlessBisons,AttentiveAntelopes,sell
2026-07-06T13:00:10.794109+00:00,23:00:01,ASML_202706_F,161.1,50,DownrightDogfish,BoundlessBisons,buy
2026-07-06T13:00:10.794109+00:00,23:00:02,ASML_DUAL,156.4,40,Xianghao Wang,CostlyCorianders,sell
2026-07-06T13:00:10.794109+00:00,23:00:02,ASML_DUAL,156.2,9,DiligentDonuts,CostlyCorianders,sell
2026-07-06T13:00:10.794109+00:00,23:00:02,NVDA,68.4,20,BrilliantBurritos,Xianghao Wang,buy
2026-07-06T13:00:10.794109+00:00,23:00:02,OB5X_202612_080P,7.5,47,TactfulTangerines,ScholarlySpearmints,sell
2026-07-06T13:00:10.794109+00:00,23:00:02,OB5X_202706_F,268.5,50,OriginalOlives,QuirkyQuinoas,buy
2026-07-06T13:00:10.794109+00:00,23:00:02,OB5X_202612_F,260.9,42,OriginalOlives,PowerfulPineapples,buy
2026-07-06T13:00:10.794109+00:00,23:00:02,SAP,41.9,50,YieldingYams,Xianghao Wang,buy
2026-07-06T13:00:10.794109+00:00,23:00:02,TSLA,8.6,200,WavyWalnuts,AverageAlmonds,buy
2026-07-06T13:00:10.794109+00:00,23:00:02,OB5X_202612_100C,170.2,50,ScholarlySpearmints,VersatileVinegars,buy
2026-07-06T13:00:10.794109+00:00,23:00:02,OB5X_202612_100C,170.5,9,ScholarlySpearmints,Xianghao Wang,buy
2026-07-06T13:00:10.794109+00:00,23:00:02,OB5X_202612_100C,169.3,45,Xianghao Wang,ScholarlySpearmints,sell
2026-07-06T13:00:10.794109+00:00,23:00:02,OB5X_202612_100C,169.2,4,TactfulTangerines,ScholarlySpearmints,sell
2026-07-06T13:00:10.794109+00:00,23:00:02,SAP,41.9,200,YieldingYams,WavyWalnuts,sell
2026-07-06T13:00:10.794109+00:00,23:00:02,OB5X_202612_100P,13.9,45,ScholarlySpearmints,Xianghao Wang,buy
2026-07-06T13:00:10.794109+00:00,23:00:02,OB5X_202612_100P,14.0,1,ScholarlySpearmints,TactfulTangerines,buy
2026-07-06T13:00:10.794109+00:00,23:00:02,OB5X_202612_100P,13.2,41,Xianghao Wang,ScholarlySpearmints,sell
2026-07-06T13:00:10.794109+00:00,23:00:02,OB5X_ETF,64.4,214,MarvelousMilkshakes,KindlyKales,sell
2026-07-06T13:00:10.794109+00:00,23:00:02,ASML_202612_F,158.9,100,CapableCoyotes,BoundlessBisons,buy
2026-07-06T13:00:10.794109+00:00,23:00:02,AAPL,106.3,20,BrilliantBurritos,YieldingYams,buy
2026-07-06T13:00:10.794109+00:00,23:00:02,ASML,157.0,200,YieldingYams,WavyWalnuts,sell
2026-07-06T13:00:10.794109+00:00,23:00:03,ASML_202703_F,159.9,5,CapableCoyotes,Xianghao Wang,buy
2026-07-06T13:00:10.794109+00:00,23:00:03,ASML_202706_F,161.1,50,CapableCoyotes,BoundlessBisons,buy
2026-07-06T13:00:10.794109+00:00,23:00:03,ASML_DUAL,156.7,50,FlawlessFlatbreads,DiligentDonuts,buy
2026-07-06T13:00:10.794109+00:00,23:00:03,ASML,157.0,8,YieldingYams,Zhangyue Shen,sell
2026-07-06T13:00:10.794109+00:00,23:00:03,ASML_202703_F,159.9,50,CapableCoyotes,AttentiveAntelopes,sell
2026-07-06T13:00:10.794109+00:00,23:00:03,OB5X_ETF,64.4,233,MarvelousMilkshakes,KindlyKales,sell
2026-07-06T13:00:10.794109+00:00,23:00:03,OB5X_202612_120P,21.2,45,ScholarlySpearmints,Xianghao Wang,buy
2026-07-06T13:00:10.794109+00:00,23:00:03,OB5X_202612_120P,21.3,12,ScholarlySpearmints,TactfulTangerines,buy
2026-07-06T13:00:10.794109+00:00,23:00:03,OB5X_202612_120P,20.2,45,Xianghao Wang,ScholarlySpearmints,sell
2026-07-06T13:00:10.794109+00:00,23:00:03,OB5X_ETF,64.6,500,NecessaryNutmegs,MarvelousMilkshakes,buy
2026-07-06T13:00:10.794109+00:00,23:00:04,OB5X_202612_100P,14.1,46,ScholarlySpearmints,VersatileVinegars,buy
2026-07-06T13:00:10.794109+00:00,23:00:04,SAP_DUAL,43.2,6,Xianghao Wang,GroovyGrapefruits,sell
2026-07-06T13:00:10.794109+00:00,23:00:04,SAP_DUAL,43.1,53,HomelyHerrings,GroovyGrapefruits,sell
2026-07-06T13:00:10.794109+00:00,23:00:04,ASML_202612_F,158.9,50,CapableCoyotes,DownrightDogfish,sell
2026-07-06T13:00:10.794109+00:00,23:00:04,SAP,41.8,20,BrilliantBurritos,YieldingYams,buy
2026-07-06T13:00:13.013548+00:00,23:00:04,ASML_202612_100C,118.1,46,FortunateFerrets,EssentialEagles,sell
2026-07-06T13:00:13.013548+00:00,23:00:04,ASML_202612_075P,41.6,45,EssentialEagles,Xianghao Wang,buy
2026-07-06T13:00:13.013548+00:00,23:00:04,ASML_202612_075P,41.7,12,EssentialEagles,GenerousGeckos,buy
2026-07-06T13:00:13.013548+00:00,23:00:04,ASML_202703_F,159.9,35,CapableCoyotes,Xianghao Wang,sell
2026-07-06T13:00:13.013548+00:00,23:00:04,ASML_202703_F,159.9,50,CapableCoyotes,DownrightDogfish,sell
2026-07-06T13:00:13.013548+00:00,23:00:04,ASML_202612_100P,60.5,45,EssentialEagles,Xianghao Wang,buy
2026-07-06T13:00:13.013548+00:00,23:00:04,ASML_202612_100P,60.6,3,EssentialEagles,GenerousGeckos,buy
2026-07-06T13:00:13.013548+00:00,23:00:04,ASML_202706_F,161.1,50,CapableCoyotes,DownrightDogfish,sell
2026-07-06T13:00:13.013548+00:00,23:00:04,ASML_202612_050P,24.2,45,EssentialEagles,Xianghao Wang,buy
2026-07-06T13:00:13.013548+00:00,23:00:04,ASML_202612_050P,24.3,4,EssentialEagles,GenerousGeckos,buy
2026-07-06T13:00:13.013548+00:00,23:00:04,AAPL,106.2,200,WavyWalnuts,YieldingYams,sell
2026-07-06T13:00:13.013548+00:00,23:00:04,TSLA,8.5,200,WavyWalnuts,YieldingYams,buy
2026-07-06T13:00:13.013548+00:00,23:00:04,SAP,41.8,200,YieldingYams,WavyWalnuts,buy
2026-07-06T13:00:13.013548+00:00,23:00:04,AAPL,106.2,200,WavyWalnuts,YieldingYams,buy
2026-07-06T13:00:19.169604+00:00,23:00:05,OB5X_202612_120C,158.7,43,Xianghao Wang,ScholarlySpearmints,sell
2026-07-06T13:00:19.169604+00:00,23:00:05,TSLA,8.6,500,YieldingYams,AverageAlmonds,buy
2026-07-06T13:00:19.169604+00:00,23:00:05,TSLA,8.6,125,YieldingYams,WavyWalnuts,buy
2026-07-06T13:00:19.169604+00:00,23:00:05,ASML_DUAL,156.6,50,FlawlessFlatbreads,Xianghao Wang,buy
2026-07-06T13:00:19.169604+00:00,23:00:05,ASML_202612_100C,118.1,53,FortunateFerrets,EssentialEagles,sell
2026-07-06T13:00:19.169604+00:00,23:00:05,OB5X_202612_120P,21.3,58,ScholarlySpearmints,TactfulTangerines,buy
2026-07-06T13:00:19.169604+00:00,23:00:05,NVDA,68.2,200,AverageAlmonds,WavyWalnuts,sell
2026-07-06T13:00:19.169604+00:00,23:00:05,ASML_202612_075P,41.1,45,Xianghao Wang,EssentialEagles,sell
2026-07-06T13:00:19.169604+00:00,23:00:05,ASML_202612_075P,41.0,13,GenerousGeckos,EssentialEagles,sell
2026-07-06T13:00:19.169604+00:00,23:00:05,ASML_202612_100P,60.0,47,Xianghao Wang,EssentialEagles,sell
2026-07-06T13:00:19.169604+00:00,23:00:05,ASML,157.1,200,YieldingYams,WavyWalnuts,buy
2026-07-06T13:00:19.169604+00:00,23:00:05,SAP_DUAL,43.1,50,InfiniteIcecreams,JazzyJellies,sell
2026-07-06T13:00:19.169604+00:00,23:00:05,TSLA,8.4,90,Xianghao Wang,WavyWalnuts,sell
2026-07-06T13:00:19.169604+00:00,23:00:05,TSLA,8.4,110,AverageAlmonds,WavyWalnuts,sell
2026-07-06T13:00:19.169604+00:00,23:00:06,SAP_DUAL,43.4,50,GroovyGrapefruits,HomelyHerrings,buy
2026-07-06T13:00:19.169604+00:00,23:00:06,SAP,41.9,200,WavyWalnuts,YieldingYams,sell
2026-07-06T13:00:19.169604+00:00,23:00:06,ASML_202612_F,158.7,100,BoundlessBisons,CapableCoyotes,sell
2026-07-06T13:00:19.169604+00:00,23:00:06,ASML_202612_F,158.5,50,DownrightDogfish,CapableCoyotes,buy
2026-07-06T13:00:19.169604+00:00,23:00:06,TSLA,8.4,390,AverageAlmonds,YieldingYams,sell
2026-07-06T13:00:19.169604+00:00,23:00:06,TSLA,8.4,235,AverageAlmonds,YieldingYams,buy
2026-07-06T13:00:19.169604+00:00,23:00:06,ASML_202703_F,160.2,50,DownrightDogfish,BoundlessBisons,buy
2026-07-06T13:00:19.169604+00:00,23:00:06,ASML_202703_F,159.7,100,BoundlessBisons,CapableCoyotes,sell
2026-07-06T13:00:19.169604+00:00,23:00:06,NVDA,68.3,200,WavyWalnuts,YieldingYams,buy
2026-07-06T13:00:19.169604+00:00,23:00:06,ASML,157.1,200,YieldingYams,WavyWalnuts,sell
2026-07-06T13:00:19.169604+00:00,23:00:06,ASML_202706_F,161.4,50,DownrightDogfish,BoundlessBisons,buy
2026-07-06T13:00:19.169604+00:00,23:00:06,ASML_202612_100C,118.8,45,EssentialEagles,Xianghao Wang,buy
2026-07-06T13:00:19.169604+00:00,23:00:06,ASML_202612_100C,118.9,11,EssentialEagles,GenerousGeckos,buy
2026-07-06T13:00:19.169604+00:00,23:00:06,OB5X_202612_120C,159.6,43,ScholarlySpearmints,Xianghao Wang,buy
2026-07-06T13:00:19.169604+00:00,23:00:06,OB5X_202612_120C,159.7,11,ScholarlySpearmints,VersatileVinegars,buy
2026-07-06T13:00:19.169604+00:00,23:00:06,ASML_202706_F,160.9,100,BoundlessBisons,CapableCoyotes,sell
2026-07-06T13:00:19.169604+00:00,23:00:06,OB5X_202612_120C,158.5,45,Xianghao Wang,ScholarlySpearmints,sell
2026-07-06T13:00:19.169604+00:00,23:00:06,OB5X_202612_120C,158.4,12,TactfulTangerines,ScholarlySpearmints,sell
2026-07-06T13:00:19.169604+00:00,23:00:07,OB5X_202612_100P,13.1,50,VersatileVinegars,ScholarlySpearmints,sell
2026-07-06T13:00:19.169604+00:00,23:00:07,OB5X_202612_100P,13.0,6,TactfulTangerines,ScholarlySpearmints,sell
2026-07-06T13:00:19.169604+00:00,23:00:07,OB5X_202706_F,267.8,48,QuirkyQuinoas,OriginalOlives,sell
2026-07-06T13:00:19.169604+00:00,23:00:07,SAP_DUAL,43.1,56,InfiniteIcecreams,GroovyGrapefruits,sell
2026-07-06T13:00:19.169604+00:00,23:00:07,TSLA,8.4,200,AverageAlmonds,WavyWalnuts,sell
2026-07-06T13:00:19.169604+00:00,23:00:07,OB5X_202703_F,263.2,43,QuirkyQuinoas,OriginalOlives,sell
2026-07-06T13:00:19.169604+00:00,23:00:07,OB5X_ETF,64.5,222,KindlyKales,MarvelousMilkshakes,buy
2026-07-06T13:00:19.169604+00:00,23:00:07,SAP,41.8,200,YieldingYams,WavyWalnuts,sell
2026-07-06T13:00:19.169604+00:00,23:00:07,ASML_DUAL,156.7,8,CostlyCorianders,Zhangyue Shen,buy
2026-07-06T13:00:19.169604+00:00,23:00:07,ASML_DUAL,156.7,35,CostlyCorianders,DiligentDonuts,buy
2026-07-06T13:00:19.169604+00:00,23:00:07,ASML_202612_100C,118.9,39,EssentialEagles,GenerousGeckos,buy
2026-07-06T13:00:19.169604+00:00,23:00:07,ASML_202612_100C,119.0,14,EssentialEagles,FortunateFerrets,buy
2026-07-06T13:00:19.169604+00:00,23:00:07,ASML_202612_100P,59.9,41,Xianghao Wang,EssentialEagles,sell
2026-07-06T13:00:19.169604+00:00,23:00:07,ASML,157.2,8,Zhangyue Shen,Xianghao Wang,buy
2026-07-06T13:00:19.169604+00:00,23:00:07,ASML_202612_050C,131.4,45,Xianghao Wang,EssentialEagles,sell
2026-07-06T13:00:19.169604+00:00,23:00:07,ASML_202612_050C,131.4,4,GenerousGeckos,EssentialEagles,sell
2026-07-06T13:00:19.169604+00:00,23:00:07,TSLA,8.5,95,YieldingYams,Xianghao Wang,buy
2026-07-06T13:00:19.169604+00:00,23:00:07,TSLA,8.6,500,YieldingYams,AverageAlmonds,buy
2026-07-06T13:00:19.169604+00:00,23:00:07,OB5X_ETF,64.5,500,LivelyLasagnas,MarvelousMilkshakes,buy
2026-07-06T13:00:19.169604+00:00,23:00:07,OB5X_202706_F,268.2,100,QuirkyQuinoas,PowerfulPineapples,buy
2026-07-06T13:00:19.169604+00:00,23:00:07,OB5X_ETF,64.7,500,MarvelousMilkshakes,LivelyLasagnas,buy
2026-07-06T13:00:19.169604+00:00,23:00:08,OB5X_202703_F,263.5,100,QuirkyQuinoas,PowerfulPineapples,buy
2026-07-06T13:00:19.169604+00:00,23:00:08,OB5X_202612_080P,8.1,43,ScholarlySpearmints,Xianghao Wang,buy
2026-07-06T13:00:19.169604+00:00,23:00:08,SAP_DUAL,43.2,41,HomelyHerrings,GroovyGrapefruits,sell
2026-07-06T13:00:19.169604+00:00,23:00:08,OB5X_ETF,64.7,250,MarvelousMilkshakes,NecessaryNutmegs,sell
2026-07-06T13:00:19.169604+00:00,23:00:08,OB5X_202612_080C,186.5,8,ScholarlySpearmints,Xianghao Wang,buy
2026-07-06T13:00:19.169604+00:00,23:00:08,OB5X_202612_080C,186.5,50,ScholarlySpearmints,VersatileVinegars,buy
2026-07-06T13:00:19.169604+00:00,23:00:08,OB5X_202612_F,260.7,100,QuirkyQuinoas,PowerfulPineapples,buy
2026-07-06T13:00:19.169604+00:00,23:00:08,TSLA,8.7,30,YieldingYams,AverageAlmonds,sell
2026-07-06T13:00:19.169604+00:00,23:00:08,OB5X_202612_120P,20.2,45,Xianghao Wang,ScholarlySpearmints,sell
2026-07-06T13:00:19.169604+00:00,23:00:08,OB5X_202612_120P,20.1,10,TactfulTangerines,ScholarlySpearmints,sell
2026-07-06T13:00:19.169604+00:00,23:00:08,AAPL,106.2,200,WavyWalnuts,YieldingYams,buy
2026-07-06T13:00:19.169604+00:00,23:00:08,SAP_DUAL,43.2,59,HomelyHerrings,InfiniteIcecreams,sell
2026-07-06T13:00:19.169604+00:00,23:00:08,SAP_DUAL,43.0,45,Xianghao Wang,InfiniteIcecreams,sell
2026-07-06T13:00:19.169604+00:00,23:00:08,ASML_202612_F,158.3,50,Xianghao Wang,DownrightDogfish,sell
2026-07-06T13:00:19.169604+00:00,23:00:08,ASML_202612_100C,118.9,45,EssentialEagles,Xianghao Wang,buy
2026-07-06T13:00:19.169604+00:00,23:00:08,ASML_202612_100C,118.9,12,EssentialEagles,FortunateFerrets,buy
2026-07-06T13:00:19.169604+00:00,23:00:08,ASML_202703_F,159.4,50,Xianghao Wang,DownrightDogfish,sell
2026-07-06T13:00:19.169604+00:00,23:00:08,NVDA,68.2,200,AverageAlmonds,WavyWalnuts,buy
2026-07-06T13:00:19.169604+00:00,23:00:08,ASML_202612_075C,124.3,41,Xianghao Wang,EssentialEagles,sell
2026-07-06T13:00:19.169604+00:00,23:00:09,ASML_202706_F,160.5,50,BoundlessBisons,DownrightDogfish,sell
2026-07-06T13:00:19.169604+00:00,23:00:09,ASML_202612_F,158.7,52,AttentiveAntelopes,BoundlessBisons,buy
2026-07-06T13:00:19.169604+00:00,23:00:09,OB5X_202706_F,268.5,50,PowerfulPineapples,RadiantRisottos,sell
2026-07-06T13:00:19.169604+00:00,23:00:09,ASML_202703_F,159.3,57,BoundlessBisons,AttentiveAntelopes,sell
2026-07-06T13:00:19.169604+00:00,23:00:09,ASML_DUAL,156.3,50,Xianghao Wang,FlawlessFlatbreads,sell
2026-07-06T13:00:19.169604+00:00,23:00:09,OB5X_202612_080P,8.0,45,ScholarlySpearmints,Xianghao Wang,buy
2026-07-06T13:00:19.169604+00:00,23:00:09,OB5X_202612_080P,8.1,13,ScholarlySpearmints,TactfulTangerines,buy
2026-07-06T13:00:19.169604+00:00,23:00:09,OB5X_202703_F,263.8,50,PowerfulPineapples,RadiantRisottos,sell
2026-07-06T13:00:19.169604+00:00,23:00:09,OB5X_202612_F,260.9,50,PowerfulPineapples,RadiantRisottos,sell
2026-07-06T13:00:19.169604+00:00,23:00:09,OB5X_202612_100P,13.2,41,VersatileVinegars,ScholarlySpearmints,sell
2026-07-06T13:00:19.169604+00:00,23:00:10,SAP,41.8,200,WavyWalnuts,YieldingYams,sell
2026-07-06T13:00:19.169604+00:00,23:00:10,TSLA,8.5,200,YieldingYams,WavyWalnuts,buy
2026-07-06T13:00:19.169604+00:00,23:00:10,NVDA,68.3,200,YieldingYams,WavyWalnuts,buy
2026-07-06T13:00:19.169604+00:00,23:00:10,TSLA,8.5,200,YieldingYams,WavyWalnuts,sell
2026-07-06T13:00:19.169604+00:00,23:00:10,ASML_DUAL,156.2,46,DiligentDonuts,CostlyCorianders,sell
2026-07-06T13:00:19.169604+00:00,23:00:11,SAP,41.7,50,Xianghao Wang,WavyWalnuts,sell
2026-07-06T13:00:19.169604+00:00,23:00:11,SAP,41.6,150,YieldingYams,WavyWalnuts,sell
2026-07-06T13:00:19.169604+00:00,23:00:11,AAPL,106.1,200,YieldingYams,WavyWalnuts,sell
2026-07-06T13:00:19.169604+00:00,23:00:11,ASML_202612_F,158.7,48,DownrightDogfish,BoundlessBisons,buy
2026-07-06T13:00:19.169604+00:00,23:00:11,ASML_202612_F,158.7,2,DownrightDogfish,Xianghao Wang,buy
2026-07-06T13:00:19.169604+00:00,23:00:11,OB5X_202612_080C,187.1,48,ScholarlySpearmints,TactfulTangerines,buy
2026-07-06T13:00:19.169604+00:00,23:00:11,ASML_202703_F,159.7,50,DownrightDogfish,Xianghao Wang,buy
2026-07-06T13:00:19.169604+00:00,23:00:11,ASML_202706_F,160.9,45,CapableCoyotes,AttentiveAntelopes,sell
2026-07-06T13:00:19.169604+00:00,23:00:11,ASML_202706_F,161.0,50,DownrightDogfish,BoundlessBisons,buy
2026-07-06T13:00:19.169604+00:00,23:00:11,OB5X_202706_F,268.1,100,PowerfulPineapples,QuirkyQuinoas,buy
2026-07-06T13:00:19.169604+00:00,23:00:11,OB5X_202703_F,263.5,100,PowerfulPineapples,QuirkyQuinoas,buy
2026-07-06T13:00:19.169604+00:00,23:00:11,ASML_DUAL,156.6,50,FlawlessFlatbreads,EarnestEspressos,buy
2026-07-06T13:00:19.169604+00:00,23:00:11,SAP_DUAL,43.2,56,GroovyGrapefruits,HomelyHerrings,buy
2026-07-06T13:00:19.169604+00:00,23:00:11,OB5X_202612_F,260.6,100,PowerfulPineapples,QuirkyQuinoas,sell
2026-07-06T13:00:19.169604+00:00,23:00:11,SAP,41.7,20,BrilliantBurritos,YieldingYams,buy
2026-07-06T13:00:19.169604+00:00,23:00:12,TSLA,8.5,200,YieldingYams,WavyWalnuts,sell
2026-07-06T13:00:19.169604+00:00,23:00:12,SAP_DUAL,43.2,44,JazzyJellies,HomelyHerrings,buy
2026-07-06T13:00:19.169604+00:00,23:00:12,SAP_DUAL,43.3,6,JazzyJellies,InfiniteIcecreams,buy
2026-07-06T13:00:19.169604+00:00,23:00:12,AAPL,106.0,20,YieldingYams,BrilliantBurritos,sell
2026-07-06T13:00:19.169604+00:00,23:00:12,ASML_202612_075C,124.2,45,Xianghao Wang,EssentialEagles,sell
2026-07-06T13:00:19.169604+00:00,23:00:12,ASML_202612_075C,124.1,4,GenerousGeckos,EssentialEagles,sell
2026-07-06T13:00:19.169604+00:00,23:00:12,OB5X_ETF,64.6,500,NecessaryNutmegs,LivelyLasagnas,buy
2026-07-06T13:00:20.966422+00:00,23:00:12,ASML_202612_050P,24.3,5,EssentialEagles,Xianghao Wang,buy
2026-07-06T13:00:20.966422+00:00,23:00:12,ASML_202612_050P,24.3,50,EssentialEagles,GenerousGeckos,buy
2026-07-06T13:00:20.966422+00:00,23:00:12,ASML_202612_050P,24.3,1,EssentialEagles,FortunateFerrets,buy
2026-07-06T13:00:20.966422+00:00,23:00:13,TSLA,8.6,200,WavyWalnuts,YieldingYams,buy
2026-07-06T13:00:20.966422+00:00,23:00:13,ASML_202612_F,158.7,48,CapableCoyotes,Xianghao Wang,buy
2026-07-06T13:00:20.966422+00:00,23:00:13,AAPL,106.1,200,WavyWalnuts,YieldingYams,buy
2026-07-06T13:00:20.966422+00:00,23:00:13,ASML_202612_F,158.7,50,CapableCoyotes,DownrightDogfish,sell
2026-07-06T13:00:20.966422+00:00,23:00:13,ASML_202612_075C,124.8,45,EssentialEagles,Xianghao Wang,buy
2026-07-06T13:00:20.966422+00:00,23:00:13,ASML_202612_075C,124.9,14,EssentialEagles,GenerousGeckos,buy
2026-07-06T13:00:20.966422+00:00,23:00:13,ASML_202612_075C,124.1,46,GenerousGeckos,EssentialEagles,sell
2026-07-06T13:00:20.966422+00:00,23:00:13,ASML_202612_075C,124.1,4,FortunateFerrets,EssentialEagles,sell
2026-07-06T13:00:20.966422+00:00,23:00:13,ASML_202703_F,159.7,50,CapableCoyotes,DownrightDogfish,sell
2026-07-06T13:00:20.966422+00:00,23:00:13,ASML_202612_050C,131.9,45,EssentialEagles,Xianghao Wang,buy
2026-07-06T13:00:20.966422+00:00,23:00:13,ASML_202612_050C,132.0,1,EssentialEagles,GenerousGeckos,buy
2026-07-06T13:00:20.966422+00:00,23:00:13,ASML_202706_F,160.9,50,CapableCoyotes,DownrightDogfish,sell
2026-07-06T13:00:20.966422+00:00,23:00:13,OB5X_202612_F,260.6,50,OriginalOlives,QuirkyQuinoas,buy
2026-07-06T13:00:20.966422+00:00,23:00:14,OB5X_202612_120C,158.8,42,Xianghao Wang,ScholarlySpearmints,sell
2026-07-06T13:00:20.966422+00:00,23:00:14,OB5X_ETF,64.6,500,LivelyLasagnas,MarvelousMilkshakes,buy
2026-07-06T13:00:20.966422+00:00,23:00:14,OB5X_202612_080C,186.4,41,ScholarlySpearmints,VersatileVinegars,buy
2026-07-06T13:00:20.966422+00:00,23:00:14,OB5X_202612_120P,21.2,45,ScholarlySpearmints,Xianghao Wang,buy
2026-07-06T13:00:20.966422+00:00,23:00:14,OB5X_202612_120P,21.3,14,ScholarlySpearmints,TactfulTangerines,buy
2026-07-06T13:00:20.966422+00:00,23:00:14,SAP_DUAL,42.9,50,HomelyHerrings,JazzyJellies,sell
2026-07-06T13:00:20.966422+00:00,23:00:14,OB5X_ETF,64.8,500,NecessaryNutmegs,LivelyLasagnas,buy
2026-07-06T13:00:20.966422+00:00,23:00:14,TSLA,8.5,200,WavyWalnuts,YieldingYams,buy
2026-07-06T13:00:20.966422+00:00,23:00:14,ASML,157.2,20,BrilliantBurritos,Xianghao Wang,buy
2026-07-06T13:00:20.966422+00:00,23:00:14,SAP,41.6,200,AverageAlmonds,WavyWalnuts,sell
2026-07-06T13:00:20.966422+00:00,23:00:14,ASML_202703_F,159.7,54,CapableCoyotes,AttentiveAntelopes,sell
2026-07-06T13:00:20.966422+00:00,23:00:14,SAP_DUAL,42.9,46,HomelyHerrings,GroovyGrapefruits,sell
2026-07-06T13:00:20.966422+00:00,23:00:15,AAPL,106.0,200,YieldingYams,WavyWalnuts,buy
2026-07-06T13:00:23.267928+00:00,23:00:15,ASML_202612_F,158.7,50,CapableCoyotes,DownrightDogfish,sell
2026-07-06T13:00:23.267928+00:00,23:00:15,SAP,41.7,200,WavyWalnuts,YieldingYams,buy
2026-07-06T13:00:23.267928+00:00,23:00:15,OB5X_202612_100C,170.0,45,ScholarlySpearmints,Xianghao Wang,buy
2026-07-06T13:00:23.267928+00:00,23:00:15,OB5X_202612_100C,170.1,7,ScholarlySpearmints,VersatileVinegars,buy
2026-07-06T13:00:23.267928+00:00,23:00:15,ASML_DUAL,156.5,50,EarnestEspressos,FlawlessFlatbreads,sell
2026-07-06T13:00:23.267928+00:00,23:00:15,ASML_202703_F,159.7,46,CapableCoyotes,DownrightDogfish,sell
2026-07-06T13:00:23.267928+00:00,23:00:15,ASML_202703_F,159.5,4,Xianghao Wang,DownrightDogfish,sell
2026-07-06T13:00:23.267928+00:00,23:00:15,ASML,157.3,50,YieldingYams,Xianghao Wang,buy
2026-07-06T13:00:23.267928+00:00,23:00:15,ASML,157.3,200,YieldingYams,WavyWalnuts,buy
2026-07-06T13:00:23.267928+00:00,23:00:16,ASML_202706_F,160.9,50,CapableCoyotes,DownrightDogfish,sell
2026-07-06T13:00:23.267928+00:00,23:00:16,ASML_202612_100P,60.5,45,EssentialEagles,Xianghao Wang,buy
2026-07-06T13:00:23.267928+00:00,23:00:16,ASML_202612_100P,60.5,1,EssentialEagles,FortunateFerrets,buy
2026-07-06T13:00:23.267928+00:00,23:00:16,ASML_202612_050C,132.1,50,EssentialEagles,GenerousGeckos,buy
2026-07-06T13:00:23.267928+00:00,23:00:16,ASML_202612_050C,132.1,3,EssentialEagles,FortunateFerrets,buy
2026-07-06T13:00:23.267928+00:00,23:00:16,SAP_DUAL,43.3,55,GroovyGrapefruits,InfiniteIcecreams,buy
2026-07-06T13:00:23.267928+00:00,23:00:16,ASML,157.3,200,YieldingYams,WavyWalnuts,sell
2026-07-06T13:00:26.972836+00:00,23:00:16,OB5X_202706_F,268.2,50,RadiantRisottos,PowerfulPineapples,buy
2026-07-06T13:00:26.972836+00:00,23:00:16,OB5X_202703_F,263.5,50,RadiantRisottos,PowerfulPineapples,buy
2026-07-06T13:00:26.972836+00:00,23:00:16,OB5X_ETF,64.6,500,MarvelousMilkshakes,NecessaryNutmegs,sell
2026-07-06T13:00:26.972836+00:00,23:00:16,OB5X_202612_F,260.6,50,RadiantRisottos,PowerfulPineapples,buy
2026-07-06T13:00:26.972836+00:00,23:00:16,ASML_202612_F,158.6,100,BoundlessBisons,CapableCoyotes,sell
2026-07-06T13:00:26.972836+00:00,23:00:16,ASML_202612_F,158.5,50,Xianghao Wang,CapableCoyotes,sell
2026-07-06T13:00:26.972836+00:00,23:00:16,OB5X_202612_080C,185.5,53,Xianghao Wang,ScholarlySpearmints,sell
2026-07-06T13:00:26.972836+00:00,23:00:16,OB5X_202612_080C,185.3,5,VersatileVinegars,ScholarlySpearmints,sell
2026-07-06T13:00:26.972836+00:00,23:00:16,TSLA,8.6,500,YieldingYams,AverageAlmonds,buy
2026-07-06T13:00:26.972836+00:00,23:00:16,TSLA,8.6,125,YieldingYams,WavyWalnuts,buy
2026-07-06T13:00:26.972836+00:00,23:00:17,ASML_202703_F,159.5,46,Xianghao Wang,CapableCoyotes,sell
2026-07-06T13:00:26.972836+00:00,23:00:17,ASML_202703_F,159.5,100,BoundlessBisons,CapableCoyotes,sell
2026-07-06T13:00:26.972836+00:00,23:00:17,OB5X_202612_120P,21.0,45,ScholarlySpearmints,ScholarlySpearmints,sell
2026-07-06T13:00:26.972836+00:00,23:00:17,OB5X_202612_120P,20.2,2,VersatileVinegars,ScholarlySpearmints,sell
2026-07-06T13:00:26.972836+00:00,23:00:17,NVDA,68.2,200,WavyWalnuts,YieldingYams,sell
2026-07-06T13:00:26.972836+00:00,23:00:17,NVDA,68.2,425,AverageAlmonds,YieldingYams,sell
2026-07-06T13:00:26.972836+00:00,23:00:17,ASML_202706_F,160.8,100,BoundlessBisons,CapableCoyotes,sell
2026-07-06T13:00:26.972836+00:00,23:00:17,OB5X_202612_100P,13.9,45,ScholarlySpearmints,Xianghao Wang,buy
2026-07-06T13:00:26.972836+00:00,23:00:17,NVDA,68.2,200,AverageAlmonds,WavyWalnuts,sell
2026-07-06T13:00:26.972836+00:00,23:00:17,OB5X_ETF,64.6,500,LivelyLasagnas,MarvelousMilkshakes,sell
2026-07-06T13:00:26.972836+00:00,23:00:17,AAPL,106.1,200,YieldingYams,WavyWalnuts,buy
2026-07-06T13:00:26.972836+00:00,23:00:17,ASML_DUAL,156.7,50,FlawlessFlatbreads,Xianghao Wang,buy
2026-07-06T13:00:26.972836+00:00,23:00:18,AAPL,106.2,425,YieldingYams,AverageAlmonds,sell
2026-07-06T13:00:26.972836+00:00,23:00:18,TSLA,8.6,200,WavyWalnuts,AverageAlmonds,buy
2026-07-06T13:00:26.972836+00:00,23:00:18,OB5X_202612_F,260.4,52,QuirkyQuinoas,OriginalOlives,sell
2026-07-06T13:00:26.972836+00:00,23:00:18,ASML_202612_100P,59.9,45,Xianghao Wang,EssentialEagles,sell
2026-07-06T13:00:26.972836+00:00,23:00:18,ASML_202612_100P,59.8,13,GenerousGeckos,EssentialEagles,sell
2026-07-06T13:00:26.972836+00:00,23:00:18,NVDA,68.2,20,AverageAlmonds,BrilliantBurritos,sell
2026-07-06T13:00:26.972836+00:00,23:00:18,TSLA,8.4,95,Xianghao Wang,YieldingYams,sell
2026-07-06T13:00:26.972836+00:00,23:00:18,TSLA,8.4,500,AverageAlmonds,YieldingYams,sell
2026-07-06T13:00:26.972836+00:00,23:00:18,OB5X_202612_120C,159.6,44,ScholarlySpearmints,Xianghao Wang,buy
2026-07-06T13:00:26.972836+00:00,23:00:18,ASML,157.1,50,Xianghao Wang,YieldingYams,sell
2026-07-06T13:00:26.972836+00:00,23:00:18,ASML,157.1,200,WavyWalnuts,YieldingYams,sell
2026-07-06T13:00:26.972836+00:00,23:00:18,TSLA,8.4,30,AverageAlmonds,YieldingYams,buy
2026-07-06T13:00:26.972836+00:00,23:00:18,OB5X_ETF,64.6,250,NecessaryNutmegs,MarvelousMilkshakes,buy
2026-07-06T13:00:26.972836+00:00,23:00:18,OB5X_ETF,64.8,250,NecessaryNutmegs,LivelyLasagnas,buy
2026-07-06T13:00:26.972836+00:00,23:00:18,NVDA,68.2,200,YieldingYams,WavyWalnuts,sell
2026-07-06T13:00:26.972836+00:00,23:00:19,OB5X_ETF,64.4,222,MarvelousMilkshakes,KindlyKales,sell
2026-07-06T13:00:26.972836+00:00,23:00:19,ASML_202612_F,158.3,54,AttentiveAntelopes,BoundlessBisons,buy
2026-07-06T13:00:26.972836+00:00,23:00:19,ASML_202612_100P,60.4,43,EssentialEagles,Xianghao Wang,buy
2026-07-06T13:00:26.972836+00:00,23:00:19,TSLA,8.6,95,WavyWalnuts,Xianghao Wang,buy
2026-07-06T13:00:26.972836+00:00,23:00:19,TSLA,8.6,105,WavyWalnuts,AverageAlmonds,buy
2026-07-06T13:00:26.972836+00:00,23:00:19,SAP,41.7,200,YieldingYams,WavyWalnuts,sell
2026-07-06T13:00:26.972836+00:00,23:00:19,TSLA,8.6,395,YieldingYams,AverageAlmonds,buy
2026-07-06T13:00:29.236430+00:00,23:00:19,ASML_DUAL,156.6,50,Xianghao Wang,DiligentDonuts,sell
2026-07-06T13:00:29.236430+00:00,23:00:19,NVDA,68.2,500,AverageAlmonds,YieldingYams,sell
2026-07-06T13:00:29.236430+00:00,23:00:19,NVDA,68.2,125,AverageAlmonds,YieldingYams,buy
2026-07-06T13:00:29.236430+00:00,23:00:19,TSLA,8.6,230,YieldingYams,AverageAlmonds,sell
2026-07-06T13:00:29.236430+00:00,23:00:19,NVDA,68.2,200,AverageAlmonds,WavyWalnuts,sell
2026-07-06T13:00:29.236430+00:00,23:00:19,ASML,157.2,200,YieldingYams,WavyWalnuts,sell
2026-07-06T13:00:29.236430+00:00,23:00:20,OB5X_202612_100C,168.8,44,Xianghao Wang,ScholarlySpearmints,sell
2026-07-06T13:00:29.236430+00:00,23:00:20,ASML_202612_050C,131.5,44,GenerousGeckos,EssentialEagles,sell
2026-07-06T13:00:29.236430+00:00,23:00:20,ASML_DUAL,156.6,50,FlawlessFlatbreads,DiligentDonuts,buy
2026-07-06T13:00:29.236430+00:00,23:00:20,ASML_202612_F,158.3,46,CapableCoyotes,BoundlessBisons,buy
2026-07-06T13:00:29.236430+00:00,23:00:20,ASML_202612_F,158.6,50,CapableCoyotes,Xianghao Wang,buy
2026-07-06T13:00:29.236430+00:00,23:00:20,ASML_202612_F,158.9,50,CapableCoyotes,DownrightDogfish,sell
2026-07-06T13:00:29.236430+00:00,23:00:20,TSLA,8.6,200,WavyWalnuts,AverageAlmonds,buy
2026-07-06T13:00:29.236430+00:00,23:00:20,ASML_202703_F,159.2,100,CapableCoyotes,BoundlessBisons,buy
2026-07-06T13:00:29.236430+00:00,23:00:20,ASML_202703_F,159.7,5,CapableCoyotes,Xianghao Wang,buy
2026-07-06T13:00:29.236430+00:00,23:00:20,ASML_202703_F,159.8,45,CapableCoyotes,DownrightDogfish,sell
2026-07-06T13:00:29.236430+00:00,23:00:20,ASML_202703_F,159.1,5,Xianghao Wang,DownrightDogfish,sell
2026-07-06T13:00:29.236430+00:00,23:00:20,ASML_202706_F,160.0,50,BoundlessBisons,DownrightDogfish,sell
2026-07-06T13:00:29.236430+00:00,23:00:20,ASML_202706_F,160.5,100,CapableCoyotes,BoundlessBisons,buy
2026-07-06T13:00:29.236430+00:00,23:00:20,SAP,41.8,200,WavyWalnuts,YieldingYams,buy
2026-07-06T13:00:29.236430+00:00,23:00:20,AAPL,106.2,200,WavyWalnuts,AverageAlmonds,buy
2026-07-06T13:00:29.236430+00:00,23:00:20,TSLA,8.4,95,Xianghao Wang,YieldingYams,sell
2026-07-06T13:00:29.236430+00:00,23:00:20,TSLA,8.4,500,AverageAlmonds,YieldingYams,sell
2026-07-06T13:00:29.236430+00:00,23:00:21,TSLA,8.4,30,AverageAlmonds,YieldingYams,buy
2026-07-06T13:00:29.236430+00:00,23:00:21,ASML_202612_100P,60.4,44,EssentialEagles,Xianghao Wang,buy
2026-07-06T13:00:29.236430+00:00,23:00:21,ASML,157.2,200,YieldingYams,WavyWalnuts,sell
2026-07-06T13:00:29.236430+00:00,23:00:21,OB5X_202612_080P,7.6,45,Xianghao Wang,ScholarlySpearmints,sell
2026-07-06T13:00:29.236430+00:00,23:00:21,OB5X_202612_080P,7.5,6,VersatileVinegars,ScholarlySpearmints,sell
2026-07-06T13:00:29.236430+00:00,23:00:21,OB5X_202612_120P,20.3,45,Xianghao Wang,ScholarlySpearmints,sell
2026-07-06T13:00:29.236430+00:00,23:00:21,OB5X_202612_120P,20.2,8,VersatileVinegars,ScholarlySpearmints,sell
2026-07-06T13:00:29.236430+00:00,23:00:21,TSLA,8.5,95,WavyWalnuts,Xianghao Wang,buy
2026-07-06T13:00:29.236430+00:00,23:00:21,AAPL,105.9,20,YieldingYams,BrilliantBurritos,sell
2026-07-06T13:00:29.236430+00:00,23:00:21,TSLA,8.6,20,BrilliantBurritos,AverageAlmonds,buy
2026-07-06T13:00:29.236430+00:00,23:00:21,SAP,41.8,50,YieldingYams,Xianghao Wang,buy
2026-07-06T13:00:29.236430+00:00,23:00:21,AAPL,106.1,200,WavyWalnuts,YieldingYams,buy
2026-07-06T13:00:29.236430+00:00,23:00:21,SAP_DUAL,43.1,5,Xianghao Wang,GroovyGrapefruits,sell
2026-07-06T13:00:29.236430+00:00,23:00:21,SAP_DUAL,43.1,46,InfiniteIcecreams,GroovyGrapefruits,sell
2026-07-06T13:00:29.236430+00:00,23:00:22,ASML_202612_F,158.9,4,CapableCoyotes,BoundlessBisons,sell
2026-07-06T13:00:29.236430+00:00,23:00:22,TSLA,8.6,480,YieldingYams,AverageAlmonds,buy
2026-07-06T13:00:29.236430+00:00,23:00:22,TSLA,8.6,145,YieldingYams,WavyWalnuts,buy
2026-07-06T13:00:29.236430+00:00,23:00:22,ASML_DUAL,156.9,50,FlawlessFlatbreads,Xianghao Wang,buy
2026-07-06T13:00:29.236430+00:00,23:00:22,ASML_202612_100P,60.4,1,EssentialEagles,Xianghao Wang,buy
2026-07-06T13:00:29.236430+00:00,23:00:22,ASML_202612_100P,60.5,45,EssentialEagles,GenerousGeckos,buy
2026-07-06T13:00:29.236430+00:00,23:00:22,OB5X_ETF,64.7,249,KindlyKales,LivelyLasagnas,buy
2026-07-06T13:00:29.236430+00:00,23:00:22,ASML_202706_F,161.1,50,CapableCoyotes,BoundlessBisons,sell
2026-07-06T13:00:29.236430+00:00,23:00:22,SAP_DUAL,43.2,53,GroovyGrapefruits,HomelyHerrings,buy
2026-07-06T13:00:29.236430+00:00,23:00:22,OB5X_202612_080P,7.5,44,VersatileVinegars,ScholarlySpearmints,sell
2026-07-06T13:00:29.236430+00:00,23:00:22,OB5X_202612_080P,7.4,9,TactfulTangerines,ScholarlySpearmints,sell
2026-07-06T13:00:29.236430+00:00,23:00:22,SAP_DUAL,43.1,50,InfiniteIcecreams,JazzyJellies,sell
2026-07-06T13:00:29.236430+00:00,23:00:22,ASML_202612_F,158.4,50,BoundlessBisons,DownrightDogfish,sell
2026-07-06T13:00:29.236430+00:00,23:00:22,OB5X_202612_080C,185.4,41,Xianghao Wang,ScholarlySpearmints,sell
2026-07-06T13:00:29.236430+00:00,23:00:22,ASML,157.1,500,AverageAlmonds,YieldingYams,buy
2026-07-06T13:00:29.236430+00:00,23:00:22,ASML_202703_F,159.3,50,BoundlessBisons,DownrightDogfish,sell
2026-07-06T13:00:29.236430+00:00,23:00:22,OB5X_ETF,64.6,500,MarvelousMilkshakes,NecessaryNutmegs,sell
2026-07-06T13:00:29.236430+00:00,23:00:22,OB5X_202612_120P,20.2,42,VersatileVinegars,ScholarlySpearmints,sell
2026-07-06T13:00:29.236430+00:00,23:00:22,OB5X_202612_120P,20.2,10,TactfulTangerines,ScholarlySpearmints,sell
2026-07-06T13:00:31.034859+00:00,23:00:23,ASML_202706_F,160.5,50,BoundlessBisons,DownrightDogfish,sell
2026-07-06T13:00:31.034859+00:00,23:00:23,OB5X_ETF,64.6,210,MarvelousMilkshakes,KindlyKales,sell
2026-07-06T13:00:31.034859+00:00,23:00:23,SAP,41.8,200,YieldingYams,WavyWalnuts,sell
2026-07-06T13:00:31.034859+00:00,23:00:23,ASML_202612_100C,118.5,52,Xianghao Wang,EssentialEagles,sell
2026-07-06T13:00:31.034859+00:00,23:00:23,ASML_202612_100C,118.3,7,GenerousGeckos,EssentialEagles,sell
2026-07-06T13:00:31.034859+00:00,23:00:23,ASML,157.1,125,AverageAlmonds,YieldingYams,buy
2026-07-06T13:00:31.034859+00:00,23:00:23,ASML_202612_050P,23.8,42,GenerousGeckos,EssentialEagles,sell
2026-07-06T13:00:31.034859+00:00,23:00:23,OB5X_202706_F,268.0,50,QuirkyQuinoas,RadiantRisottos,sell
2026-07-06T13:00:31.034859+00:00,23:00:23,TSLA,8.4,200,WavyWalnuts,YieldingYams,sell
2026-07-06T13:00:31.034859+00:00,23:00:23,TSLA,8.4,425,AverageAlmonds,YieldingYams,sell
2026-07-06T13:00:31.034859+00:00,23:00:23,OB5X_202703_F,263.3,50,QuirkyQuinoas,RadiantRisottos,sell
2026-07-06T13:00:31.034859+00:00,23:00:23,SAP_DUAL,43.1,40,InfiniteIcecreams,GroovyGrapefruits,sell
2026-07-06T13:00:31.034859+00:00,23:00:23,OB5X_202612_F,260.5,50,PowerfulPineapples,RadiantRisottos,sell
2026-07-06T13:00:31.034859+00:00,23:00:23,NVDA,68.4,75,YieldingYams,Xianghao Wang,buy
2026-07-06T13:00:31.034859+00:00,23:00:23,NVDA,68.4,200,YieldingYams,WavyWalnuts,buy
2026-07-06T13:00:32.870854+00:00,23:00:23,ASML,157.3,50,YieldingYams,Xianghao Wang,buy
2026-07-06T13:00:32.870854+00:00,23:00:23,ASML_202612_F,158.4,50,BoundlessBisons,CapableCoyotes,sell
2026-07-06T13:00:32.870854+00:00,23:00:23,ASML_202612_F,158.4,50,Xianghao Wang,CapableCoyotes,sell
2026-07-06T13:00:32.870854+00:00,23:00:24,ASML_202703_F,159.3,50,BoundlessBisons,CapableCoyotes,sell
2026-07-06T13:00:32.870854+00:00,23:00:24,ASML_202703_F,159.2,50,Xianghao Wang,CapableCoyotes,sell
2026-07-06T13:00:32.870854+00:00,23:00:24,TSLA,8.4,95,Xianghao Wang,WavyWalnuts,sell
2026-07-06T13:00:32.870854+00:00,23:00:24,TSLA,8.4,105,AverageAlmonds,WavyWalnuts,sell
2026-07-06T13:00:32.870854+00:00,23:00:24,AAPL,106.0,200,WavyWalnuts,YieldingYams,sell
2026-07-06T13:00:32.870854+00:00,23:00:24,ASML_202706_F,160.5,50,BoundlessBisons,CapableCoyotes,sell
2026-07-06T13:00:32.870854+00:00,23:00:24,ASML_DUAL,156.7,50,FlawlessFlatbreads,Xianghao Wang,buy
2026-07-06T13:00:32.870854+00:00,23:00:24,OB5X_202612_080C,186.4,45,ScholarlySpearmints,Xianghao Wang,buy
2026-07-06T13:00:32.870854+00:00,23:00:24,OB5X_202612_080C,186.5,13,ScholarlySpearmints,VersatileVinegars,buy
2026-07-06T13:00:32.870854+00:00,23:00:24,OB5X_202703_F,263.3,57,QuirkyQuinoas,OriginalOlives,sell
2026-07-06T13:00:32.870854+00:00,23:00:24,ASML_202612_075C,125.0,45,EssentialEagles,Xianghao Wang,buy
2026-07-06T13:00:32.870854+00:00,23:00:24,AAPL,106.0,20,BrilliantBurritos,YieldingYams,buy
2026-07-06T13:00:32.870854+00:00,23:00:24,SAP,41.7,200,WavyWalnuts,YieldingYams,sell
2026-07-06T13:00:32.870854+00:00,23:00:24,NVDA,68.4,200,YieldingYams,WavyWalnuts,sell
2026-07-06T13:00:32.870854+00:00,23:00:24,ASML_202703_F,159.2,50,AttentiveAntelopes,CapableCoyotes,buy
2026-07-06T13:00:32.870854+00:00,23:00:24,ASML_202703_F,159.8,2,AttentiveAntelopes,BoundlessBisons,buy
2026-07-06T13:00:32.870854+00:00,23:00:24,TSLA,8.6,500,YieldingYams,AverageAlmonds,buy
2026-07-06T13:00:32.870854+00:00,23:00:25,OB5X_ETF,64.5,500,LivelyLasagnas,NecessaryNutmegs,sell
2026-07-06T13:00:32.870854+00:00,23:00:25,ASML_202612_F,158.3,50,DownrightDogfish,CapableCoyotes,buy
2026-07-06T13:00:32.870854+00:00,23:00:25,ASML,157.4,200,YieldingYams,WavyWalnuts,buy
2026-07-06T13:00:32.870854+00:00,23:00:25,ASML_202703_F,159.8,50,DownrightDogfish,BoundlessBisons,buy
2026-07-06T13:00:32.870854+00:00,23:00:25,TSLA,8.6,125,YieldingYams,AverageAlmonds,sell
2026-07-06T13:00:32.870854+00:00,23:00:25,ASML_202706_F,160.4,50,DownrightDogfish,CapableCoyotes,buy
2026-07-06T13:00:32.870854+00:00,23:00:25,SAP_DUAL,43.1,43,GroovyGrapefruits,InfiniteIcecreams,buy
2026-07-06T13:00:32.870854+00:00,23:00:25,AAPL,106.1,200,YieldingYams,WavyWalnuts,buy
2026-07-06T13:00:32.870854+00:00,23:00:25,AAPL,106.1,425,YieldingYams,AverageAlmonds,buy
2026-07-06T13:00:32.870854+00:00,23:00:25,SAP,41.7,200,WavyWalnuts,YieldingYams,buy
2026-07-06T13:00:32.870854+00:00,23:00:25,TSLA,8.5,95,WavyWalnuts,Xianghao Wang,sell
2026-07-06T13:00:32.870854+00:00,23:00:25,OB5X_202612_080P,8.1,45,ScholarlySpearmints,Xianghao Wang,buy
2026-07-06T13:00:32.870854+00:00,23:00:25,OB5X_202612_080P,8.1,12,ScholarlySpearmints,VersatileVinegars,buy
2026-07-06T13:00:32.870854+00:00,23:00:25,ASML,157.4,50,YieldingYams,Xianghao Wang,sell
2026-07-06T13:00:32.870854+00:00,23:00:25,SAP,41.8,200,YieldingYams,WavyWalnuts,buy
2026-07-06T13:00:32.870854+00:00,23:00:25,OB5X_ETF,64.6,246,KindlyKales,MarvelousMilkshakes,buy
2026-07-06T13:00:32.870854+00:00,23:00:25,SAP_DUAL,43.1,33,Xianghao Wang,InfiniteIcecreams,buy
2026-07-06T13:00:32.870854+00:00,23:00:25,SAP_DUAL,43.1,52,GroovyGrapefruits,InfiniteIcecreams,buy
2026-07-06T13:00:32.870854+00:00,23:00:25,ASML_202706_F,160.4,50,BoundlessBisons,CapableCoyotes,buy
2026-07-06T13:00:32.870854+00:00,23:00:25,NVDA,68.4,200,WavyWalnuts,YieldingYams,buy
2026-07-06T13:00:32.870854+00:00,23:00:26,TSLA,8.5,105,WavyWalnuts,YieldingYams,sell
2026-07-06T13:00:32.870854+00:00,23:00:26,TSLA,8.4,500,AverageAlmonds,YieldingYams,sell
2026-07-06T13:00:34.673367+00:00,23:00:26,ASML_DUAL,157.3,48,CostlyCorianders,EarnestEspressos,buy
2026-07-06T13:00:34.673367+00:00,23:00:26,ASML_DUAL,157.3,50,FlawlessFlatbreads,EarnestEspressos,buy
2026-07-06T13:00:34.673367+00:00,23:00:26,TSLA,8.3,20,AverageAlmonds,YieldingYams,buy
2026-07-06T13:00:34.673367+00:00,23:00:26,SAP,41.8,20,YieldingYams,BrilliantBurritos,sell
2026-07-06T13:00:34.673367+00:00,23:00:26,ASML_202612_100C,119.0,45,EssentialEagles,Xianghao Wang,buy
2026-07-06T13:00:34.673367+00:00,23:00:26,ASML_202612_075C,124.5,45,Xianghao Wang,EssentialEagles,sell
2026-07-06T13:00:34.673367+00:00,23:00:26,ASML_202612_075C,124.4,6,FortunateFerrets,EssentialEagles,sell
2026-07-06T13:00:34.673367+00:00,23:00:26,SAP,41.8,200,YieldingYams,WavyWalnuts,sell
2026-07-06T13:00:34.673367+00:00,23:00:27,SAP,41.7,200,WavyWalnuts,YieldingYams,sell
2026-07-06T13:00:34.673367+00:00,23:00:27,OB5X_202612_080P,8.1,38,ScholarlySpearmints,VersatileVinegars,buy
2026-07-06T13:00:34.673367+00:00,23:00:27,OB5X_202612_080P,8.2,3,ScholarlySpearmints,TactfulTangerines,buy
2026-07-06T13:00:34.673367+00:00,23:00:27,OB5X_ETF,64.5,500,LivelyLasagnas,NecessaryNutmegs,sell
2026-07-06T13:00:34.673367+00:00,23:00:27,OB5X_ETF,64.5,205,MarvelousMilkshakes,KindlyKales,sell
2026-07-06T13:00:34.673367+00:00,23:00:27,OB5X_202612_080C,185.8,45,Xianghao Wang,ScholarlySpearmints,sell
2026-07-06T13:00:34.673367+00:00,23:00:27,NVDA,68.4,20,BrilliantBurritos,YieldingYams,buy
2026-07-06T13:00:34.673367+00:00,23:00:27,ASML_202612_F,158.9,100,CapableCoyotes,BoundlessBisons,buy
2026-07-06T13:00:34.673367+00:00,23:00:27,ASML_202612_F,159.0,50,CapableCoyotes,Xianghao Wang,buy
2026-07-06T13:00:34.673367+00:00,23:00:27,TSLA,8.6,200,YieldingYams,WavyWalnuts,buy
2026-07-06T13:00:34.673367+00:00,23:00:27,TSLA,8.6,425,YieldingYams,AverageAlmonds,buy
2026-07-06T13:00:34.673367+00:00,23:00:27,OB5X_202703_F,264.2,59,OriginalOlives,QuirkyQuinoas,buy
2026-07-06T13:00:34.673367+00:00,23:00:27,ASML_202703_F,159.8,100,CapableCoyotes,BoundlessBisons,buy
2026-07-06T13:00:34.673367+00:00,23:00:27,ASML_202703_F,159.9,50,CapableCoyotes,Xianghao Wang,buy
2026-07-06T13:00:34.673367+00:00,23:00:27,OB5X_202612_100P,13.9,45,ScholarlySpearmints,Xianghao Wang,buy
2026-07-06T13:00:34.673367+00:00,23:00:27,OB5X_202612_100P,14.0,11,ScholarlySpearmints,TactfulTangerines,buy
2026-07-06T13:00:34.673367+00:00,23:00:27,OB5X_202612_080C,185.8,2,TactfulTangerines,ScholarlySpearmints,buy
2026-07-06T13:00:34.673367+00:00,23:00:27,ASML_202706_F,161.1,100,CapableCoyotes,BoundlessBisons,buy
2026-07-06T13:00:34.673367+00:00,23:00:27,TSLA,8.6,200,WavyWalnuts,AverageAlmonds,buy
2026-07-06T13:00:34.673367+00:00,23:00:27,OB5X_202612_100C,169.3,44,TactfulTangerines,ScholarlySpearmints,buy
2026-07-06T13:00:34.673367+00:00,23:00:27,AAPL,106.1,200,WavyWalnuts,YieldingYams,buy
2026-07-06T13:00:34.673367+00:00,23:00:28,SAP_DUAL,43.0,53,HomelyHerrings,GroovyGrapefruits,sell
2026-07-06T13:00:34.673367+00:00,23:00:28,SAP_DUAL,43.0,40,HomelyHerrings,GroovyGrapefruits,sell
2026-07-06T13:00:34.673367+00:00,23:00:28,OB5X_202612_100P,14.0,42,ScholarlySpearmints,VersatileVinegars,buy
2026-07-06T13:00:34.673367+00:00,23:00:28,TSLA,8.5,200,WavyWalnuts,YieldingYams,buy
2026-07-06T13:00:34.673367+00:00,23:00:29,SAP_DUAL,43.0,7,HomelyHerrings,GroovyGrapefruits,sell
2026-07-06T13:00:34.673367+00:00,23:00:29,SAP_DUAL,43.0,36,InfiniteIcecreams,GroovyGrapefruits,sell
2026-07-06T13:00:34.673367+00:00,23:00:29,AAPL,106.1,20,BrilliantBurritos,YieldingYams,buy
2026-07-06T13:00:34.673367+00:00,23:00:29,OB5X_ETF,64.5,500,MarvelousMilkshakes,NecessaryNutmegs,sell
2026-07-06T13:00:36.506696+00:00,23:00:29,ASML_202612_F,158.8,50,BoundlessBisons,DownrightDogfish,sell
2026-07-06T13:00:36.506696+00:00,23:00:29,ASML_202703_F,159.8,50,BoundlessBisons,DownrightDogfish,sell
2026-07-06T13:00:36.506696+00:00,23:00:29,ASML_202706_F,161.2,50,CapableCoyotes,DownrightDogfish,sell
2026-07-06T13:00:36.506696+00:00,23:00:30,ASML,157.4,500,AverageAlmonds,YieldingYams,buy
2026-07-06T13:00:36.506696+00:00,23:00:30,SAP_DUAL,43.1,38,Xianghao Wang,HomelyHerrings,buy
2026-07-06T13:00:40.499779+00:00,23:00:30,SAP,41.7,20,WavyWalnuts,BrilliantBurritos,sell
2026-07-06T13:00:40.499779+00:00,23:00:30,ASML_202612_075C,124.6,45,Xianghao Wang,EssentialEagles,sell
2026-07-06T13:00:40.499779+00:00,23:00:30,ASML_202612_075C,124.5,4,GenerousGeckos,EssentialEagles,sell
2026-07-06T13:00:40.499779+00:00,23:00:30,AAPL,106.1,200,WavyWalnuts,YieldingYams,sell
2026-07-06T13:00:40.499779+00:00,23:00:30,ASML_202612_F,158.8,50,BoundlessBisons,CapableCoyotes,sell
2026-07-06T13:00:40.499779+00:00,23:00:30,ASML_202612_F,158.6,50,Xianghao Wang,CapableCoyotes,sell
2026-07-06T13:00:40.499779+00:00,23:00:30,ASML_202706_F,161.5,42,AttentiveAntelopes,BoundlessBisons,buy
2026-07-06T13:00:40.499779+00:00,23:00:30,OB5X_ETF,64.5,230,KindlyKales,MarvelousMilkshakes,buy
2026-07-06T13:00:42.337047+00:00,23:00:31,ASML_202703_F,159.8,50,BoundlessBisons,CapableCoyotes,sell
2026-07-06T13:00:42.337047+00:00,23:00:31,ASML_202703_F,159.5,50,Xianghao Wang,CapableCoyotes,sell
2026-07-06T13:00:42.337047+00:00,23:00:31,ASML_202706_F,161.0,100,BoundlessBisons,CapableCoyotes,sell
2026-07-06T13:00:42.337047+00:00,23:00:31,ASML_202612_075P,41.1,45,Xianghao Wang,EssentialEagles,sell
2026-07-06T13:00:42.337047+00:00,23:00:31,ASML_202612_075P,41.0,7,GenerousGeckos,EssentialEagles,sell
2026-07-06T13:00:42.337047+00:00,23:00:31,TSLA,8.5,200,YieldingYams,WavyWalnuts,buy
2026-07-06T13:00:42.337047+00:00,23:00:31,TSLA,8.6,425,YieldingYams,AverageAlmonds,buy
2026-07-06T13:00:42.337047+00:00,23:00:31,ASML_202612_075C,124.5,46,GenerousGeckos,EssentialEagles,sell
2026-07-06T13:00:42.337047+00:00,23:00:31,ASML_202612_075C,124.4,13,FortunateFerrets,EssentialEagles,sell
2026-07-06T13:00:42.337047+00:00,23:00:31,ASML_202612_050P,23.8,42,Xianghao Wang,EssentialEagles,sell
2026-07-06T13:00:42.337047+00:00,23:00:31,OB5X_202612_080C,186.1,45,TactfulTangerines,ScholarlySpearmints,sell
2026-07-06T13:00:42.337047+00:00,23:00:31,OB5X_ETF,64.5,229,KindlyKales,MarvelousMilkshakes,buy
2026-07-06T13:00:42.337047+00:00,23:00:31,OB5X_202612_120P,20.2,43,Xianghao Wang,ScholarlySpearmints,sell
2026-07-06T13:00:42.337047+00:00,23:00:31,OB5X_202612_120P,20.1,1,TactfulTangerines,ScholarlySpearmints,sell
2026-07-06T13:00:42.337047+00:00,23:00:31,ASML,157.5,50,YieldingYams,Xianghao Wang,buy
2026-07-06T13:00:42.337047+00:00,23:00:31,ASML_DUAL,157.1,35,EarnestEspressos,Xianghao Wang,sell
2026-07-06T13:00:42.337047+00:00,23:00:32,NVDA,68.4,200,WavyWalnuts,YieldingYams,buy
2026-07-06T13:00:42.337047+00:00,23:00:32,ASML,157.5,200,YieldingYams,WavyWalnuts,sell
2026-07-06T13:00:42.337047+00:00,23:00:32,ASML_202612_F,158.4,50,Xianghao Wang,DownrightDogfish,sell
2026-07-06T13:00:42.337047+00:00,23:00:32,ASML_202612_F,158.5,50,BoundlessBisons,CapableCoyotes,buy
2026-07-06T13:00:42.337047+00:00,23:00:32,ASML_202706_F,160.7,43,AttentiveAntelopes,CapableCoyotes,buy
2026-07-06T13:00:42.337047+00:00,23:00:32,NVDA,68.2,20,Xianghao Wang,BrilliantBurritos,sell
2026-07-06T13:00:42.337047+00:00,23:00:32,TSLA,8.5,200,WavyWalnuts,YieldingYams,sell
2026-07-06T13:00:42.337047+00:00,23:00:32,TSLA,8.4,95,Xianghao Wang,YieldingYams,sell
2026-07-06T13:00:42.337047+00:00,23:00:32,TSLA,8.4,330,AverageAlmonds,YieldingYams,sell
2026-07-06T13:00:42.337047+00:00,23:00:32,ASML_DUAL,157.1,50,EarnestEspressos,FlawlessFlatbreads,sell
2026-07-06T13:00:42.337047+00:00,23:00:33,SAP,41.7,20,WavyWalnuts,BrilliantBurritos,sell
2026-07-06T13:00:42.337047+00:00,23:00:33,ASML_DUAL,157.1,44,EarnestEspressos,CostlyCorianders,sell
2026-07-06T13:00:42.337047+00:00,23:00:33,NVDA,68.4,200,WavyWalnuts,YieldingYams,buy
2026-07-06T13:00:42.337047+00:00,23:00:33,ASML,157.5,200,YieldingYams,WavyWalnuts,sell
2026-07-06T13:00:42.337047+00:00,23:00:33,SAP_DUAL,42.9,50,InfiniteIcecreams,JazzyJellies,sell
2026-07-06T13:00:42.337047+00:00,23:00:33,OB5X_ETF,64.5,500,MarvelousMilkshakes,NecessaryNutmegs,sell
2026-07-06T13:00:42.337047+00:00,23:00:33,ASML_202612_050C,132.7,45,EssentialEagles,GenerousGeckos,buy
2026-07-06T13:00:42.337047+00:00,23:00:33,SAP,41.7,180,WavyWalnuts,YieldingYams,sell
2026-07-06T13:00:42.337047+00:00,23:00:33,SAP,41.6,50,Xianghao Wang,YieldingYams,sell
2026-07-06T13:00:42.337047+00:00,23:00:33,SAP,41.6,395,AverageAlmonds,YieldingYams,sell
2026-07-06T13:00:42.337047+00:00,23:00:33,AAPL,106.1,20,BrilliantBurritos,WavyWalnuts,buy
2026-07-06T13:00:42.337047+00:00,23:00:33,OB5X_202703_F,263.8,45,PowerfulPineapples,OriginalOlives,sell
2026-07-06T13:00:42.337047+00:00,23:00:34,SAP_DUAL,43.2,59,GroovyGrapefruits,HomelyHerrings,buy
2026-07-06T13:00:42.337047+00:00,23:00:34,ASML_202612_F,159.0,100,CapableCoyotes,BoundlessBisons,buy
2026-07-06T13:00:42.337047+00:00,23:00:34,ASML_202612_F,159.0,50,CapableCoyotes,Xianghao Wang,buy
2026-07-06T13:00:42.337047+00:00,23:00:34,ASML_202612_F,158.5,50,BoundlessBisons,DownrightDogfish,sell
2026-07-06T13:00:42.337047+00:00,23:00:34,ASML,157.6,200,AverageAlmonds,WavyWalnuts,sell
2026-07-06T13:00:42.337047+00:00,23:00:34,ASML_202703_F,159.9,100,CapableCoyotes,BoundlessBisons,buy
2026-07-06T13:00:42.337047+00:00,23:00:34,ASML_202703_F,160.1,50,CapableCoyotes,Xianghao Wang,buy
2026-07-06T13:00:42.337047+00:00,23:00:34,ASML_202703_F,159.4,50,BoundlessBisons,DownrightDogfish,sell
2026-07-06T13:00:42.337047+00:00,23:00:34,ASML_202706_F,160.6,50,BoundlessBisons,DownrightDogfish,sell
2026-07-06T13:00:42.337047+00:00,23:00:34,ASML_202706_F,161.1,100,CapableCoyotes,BoundlessBisons,buy
2026-07-06T13:00:42.337047+00:00,23:00:34,ASML_202612_075C,125.4,45,EssentialEagles,Xianghao Wang,buy
2026-07-06T13:00:42.337047+00:00,23:00:34,ASML_202612_075C,125.5,2,EssentialEagles,GenerousGeckos,buy
2026-07-06T13:00:42.337047+00:00,23:00:34,ASML_DUAL,157.6,41,CostlyCorianders,DiligentDonuts,buy
2026-07-06T13:00:42.337047+00:00,23:00:34,ASML_DUAL,157.3,50,FlawlessFlatbreads,EarnestEspressos,buy
2026-07-06T13:00:42.337047+00:00,23:00:34,SAP_DUAL,43.2,41,GroovyGrapefruits,HomelyHerrings,buy
2026-07-06T13:00:42.337047+00:00,23:00:34,SAP_DUAL,43.2,18,GroovyGrapefruits,InfiniteIcecreams,buy
2026-07-06T13:00:42.337047+00:00,23:00:34,ASML,157.7,500,AverageAlmonds,YieldingYams,buy
2026-07-06T13:00:42.337047+00:00,23:00:35,TSLA,8.5,95,WavyWalnuts,Xianghao Wang,buy
2026-07-06T13:00:42.337047+00:00,23:00:35,TSLA,8.6,105,WavyWalnuts,YieldingYams,buy
2026-07-06T13:00:42.337047+00:00,23:00:35,SAP,41.8,200,YieldingYams,WavyWalnuts,buy
2026-07-06T13:00:42.337047+00:00,23:00:35,OB5X_202706_F,268.9,50,RadiantRisottos,QuirkyQuinoas,buy
2026-07-06T13:00:42.337047+00:00,23:00:35,OB5X_202703_F,264.2,50,RadiantRisottos,QuirkyQuinoas,buy
2026-07-06T13:00:48.068399+00:00,23:00:35,SAP,41.9,50,WavyWalnuts,Xianghao Wang,buy
2026-07-06T13:00:48.068399+00:00,23:00:35,OB5X_202612_F,261.3,50,RadiantRisottos,QuirkyQuinoas,buy
2026-07-06T13:00:48.068399+00:00,23:00:35,TSLA,8.6,500,YieldingYams,AverageAlmonds,buy
2026-07-06T13:00:48.068399+00:00,23:00:35,OB5X_202703_F,264.2,52,OriginalOlives,QuirkyQuinoas,buy
2026-07-06T13:00:48.068399+00:00,23:00:35,SAP_DUAL,42.7,50,HomelyHerrings,JazzyJellies,sell
2026-07-06T13:00:48.068399+00:00,23:00:35,ASML,157.7,125,AverageAlmonds,YieldingYams,buy
2026-07-06T13:00:48.068399+00:00,23:00:35,TSLA,8.6,125,YieldingYams,AverageAlmonds,sell
2026-07-06T13:00:48.068399+00:00,23:00:35,OB5X_ETF,64.6,500,NecessaryNutmegs,LivelyLasagnas,buy
2026-07-06T13:00:48.068399+00:00,23:00:35,NVDA,68.5,85,WavyWalnuts,Xianghao Wang,buy
2026-07-06T13:00:48.068399+00:00,23:00:35,NVDA,68.5,115,WavyWalnuts,YieldingYams,buy
2026-07-06T13:00:48.068399+00:00,23:00:35,ASML,157.7,200,AverageAlmonds,WavyWalnuts,sell
2026-07-06T13:00:48.068399+00:00,23:00:35,ASML_202703_F,160.3,48,AttentiveAntelopes,Xianghao Wang,buy
2026-07-06T13:00:48.068399+00:00,23:00:35,ASML_202706_F,161.4,50,CapableCoyotes,AttentiveAntelopes,sell
2026-07-06T13:00:48.068399+00:00,23:00:35,ASML_202612_075P,41.6,45,EssentialEagles,Xianghao Wang,buy
2026-07-06T13:00:48.068399+00:00,23:00:35,ASML_202612_075P,41.7,3,EssentialEagles,GenerousGeckos,buy
2026-07-06T13:00:48.068399+00:00,23:00:35,ASML_202612_100P,60.5,5,EssentialEagles,Xianghao Wang,buy
2026-07-06T13:00:48.068399+00:00,23:00:35,ASML_202612_100P,60.5,46,EssentialEagles,FortunateFerrets,buy
2026-07-06T13:00:48.068399+00:00,23:00:35,OB5X_202612_100P,13.2,45,Xianghao Wang,ScholarlySpearmints,sell
2026-07-06T13:00:48.068399+00:00,23:00:35,ASML_202612_050C,132.7,5,EssentialEagles,GenerousGeckos,buy
2026-07-06T13:00:48.068399+00:00,23:00:35,ASML_202612_050C,132.7,47,EssentialEagles,FortunateFerrets,buy
2026-07-06T13:00:48.068399+00:00,23:00:36,ASML_DUAL,157.2,46,Xianghao Wang,CostlyCorianders,sell
2026-07-06T13:00:48.068399+00:00,23:00:36,ASML_202612_050P,23.9,45,Xianghao Wang,EssentialEagles,sell
2026-07-06T13:00:48.068399+00:00,23:00:36,ASML_202612_050P,23.8,12,GenerousGeckos,EssentialEagles,sell
2026-07-06T13:00:48.068399+00:00,23:00:36,SAP,42.0,200,WavyWalnuts,AverageAlmonds,buy
2026-07-06T13:00:48.068399+00:00,23:00:36,OB5X_ETF,64.6,500,LivelyLasagnas,MarvelousMilkshakes,sell
2026-07-06T13:00:48.068399+00:00,23:00:36,TSLA,8.5,200,WavyWalnuts,YieldingYams,sell
2026-07-06T13:00:48.068399+00:00,23:00:36,ASML_202612_F,158.9,50,BoundlessBisons,DownrightDogfish,sell
2026-07-06T13:00:48.068399+00:00,23:00:36,ASML,157.8,200,YieldingYams,WavyWalnuts,buy
2026-07-06T13:00:48.068399+00:00,23:00:37,OB5X_202612_120C,158.9,50,VersatileVinegars,ScholarlySpearmints,buy
2026-07-06T13:00:48.068399+00:00,23:00:37,ASML_DUAL,157.3,50,FlawlessFlatbreads,EarnestEspressos,buy
2026-07-06T13:00:48.068399+00:00,23:00:37,ASML_202612_050P,24.2,42,EssentialEagles,Xianghao Wang,buy
2026-07-06T13:00:48.068399+00:00,23:00:37,ASML_202612_F,159.2,50,AttentiveAntelopes,Xianghao Wang,buy
2026-07-06T13:00:48.068399+00:00,23:00:37,ASML_202612_F,159.4,4,AttentiveAntelopes,BoundlessBisons,buy
2026-07-06T13:00:48.068399+00:00,23:00:37,OB5X_202706_F,269.2,50,RadiantRisottos,PowerfulPineapples,buy
2026-07-06T13:00:48.068399+00:00,23:00:37,ASML_202703_F,160.4,49,AttentiveAntelopes,BoundlessBisons,buy
2026-07-06T13:00:48.068399+00:00,23:00:37,TSLA,8.5,425,AverageAlmonds,YieldingYams,buy
2026-07-06T13:00:48.068399+00:00,23:00:37,SAP,41.9,500,YieldingYams,AverageAlmonds,sell
2026-07-06T13:00:48.068399+00:00,23:00:37,SAP_DUAL,43.1,55,HomelyHerrings,GroovyGrapefruits,sell
2026-07-06T13:00:48.068399+00:00,23:00:37,TSLA,8.5,75,AverageAlmonds,WavyWalnuts,sell
2026-07-06T13:00:48.068399+00:00,23:00:37,TSLA,8.4,125,YieldingYams,WavyWalnuts,sell
2026-07-06T13:00:48.068399+00:00,23:00:37,OB5X_202703_F,264.5,50,RadiantRisottos,PowerfulPineapples,buy
2026-07-06T13:00:48.068399+00:00,23:00:37,SAP_DUAL,43.5,50,JazzyJellies,Xianghao Wang,buy
2026-07-06T13:00:48.068399+00:00,23:00:37,OB5X_202612_100C,170.4,45,ScholarlySpearmints,Xianghao Wang,buy
2026-07-06T13:00:48.068399+00:00,23:00:37,OB5X_202612_100C,170.5,5,ScholarlySpearmints,VersatileVinegars,buy
2026-07-06T13:00:48.068399+00:00,23:00:37,OB5X_202612_F,261.6,50,RadiantRisottos,PowerfulPineapples,buy
2026-07-06T13:00:48.068399+00:00,23:00:37,SAP,41.9,200,WavyWalnuts,YieldingYams,sell
2026-07-06T13:00:48.068399+00:00,23:00:37,OB5X_ETF,64.4,500,MarvelousMilkshakes,NecessaryNutmegs,sell
2026-07-06T13:00:48.068399+00:00,23:00:37,ASML_202612_F,158.9,50,BoundlessBisons,CapableCoyotes,sell
2026-07-06T13:00:48.068399+00:00,23:00:37,NVDA,68.5,20,BrilliantBurritos,WavyWalnuts,buy
2026-07-06T13:00:48.068399+00:00,23:00:37,TSLA,8.6,500,YieldingYams,AverageAlmonds,buy
2026-07-06T13:00:48.068399+00:00,23:00:38,SAP,41.7,425,AverageAlmonds,YieldingYams,buy
2026-07-06T13:00:48.068399+00:00,23:00:38,TSLA,8.6,125,YieldingYams,AverageAlmonds,sell
2026-07-06T13:00:48.068399+00:00,23:00:38,ASML_DUAL,157.5,45,EarnestEspressos,Xianghao Wang,buy
2026-07-06T13:00:48.068399+00:00,23:00:38,NVDA,68.4,95,Xianghao Wang,WavyWalnuts,sell
2026-07-06T13:00:48.068399+00:00,23:00:38,NVDA,68.4,105,YieldingYams,WavyWalnuts,sell
2026-07-06T13:00:48.068399+00:00,23:00:38,ASML,157.8,200,YieldingYams,WavyWalnuts,sell
2026-07-06T13:00:48.068399+00:00,23:00:38,ASML_202703_F,159.9,100,BoundlessBisons,CapableCoyotes,sell
2026-07-06T13:00:48.068399+00:00,23:00:38,ASML_202706_F,161.1,100,BoundlessBisons,CapableCoyotes,sell
2026-07-06T13:00:48.068399+00:00,23:00:38,ASML_202703_F,159.8,50,Xianghao Wang,CapableCoyotes,buy
2026-07-06T13:00:48.068399+00:00,23:00:38,ASML_202612_F,158.9,50,Xianghao Wang,CapableCoyotes,buy
2026-07-06T13:00:48.068399+00:00,23:00:38,OB5X_202612_120C,160.1,45,ScholarlySpearmints,Xianghao Wang,buy
2026-07-06T13:00:48.068399+00:00,23:00:38,OB5X_202612_120C,160.2,7,ScholarlySpearmints,TactfulTangerines,buy
2026-07-06T13:00:48.068399+00:00,23:00:38,ASML_202612_F,158.4,51,CapableCoyotes,AttentiveAntelopes,sell
2026-07-06T13:00:48.068399+00:00,23:00:38,ASML_202703_F,160.4,51,AttentiveAntelopes,BoundlessBisons,buy
2026-07-06T13:00:48.068399+00:00,23:00:38,OB5X_202612_F,261.3,53,QuirkyQuinoas,OriginalOlives,sell
2026-07-06T13:00:48.068399+00:00,23:00:38,SAP,41.7,200,AverageAlmonds,WavyWalnuts,sell
2026-07-06T13:00:48.068399+00:00,23:00:38,ASML_DUAL,157.8,46,CostlyCorianders,Xianghao Wang,buy
2026-07-06T13:00:48.068399+00:00,23:00:38,ASML_DUAL,157.8,1,CostlyCorianders,DiligentDonuts,buy
2026-07-06T13:00:48.068399+00:00,23:00:39,ASML_202612_F,158.4,50,CapableCoyotes,DownrightDogfish,sell
2026-07-06T13:00:48.068399+00:00,23:00:39,ASML_DUAL,157.5,50,EarnestEspressos,FlawlessFlatbreads,sell
2026-07-06T13:00:48.068399+00:00,23:00:39,ASML_202703_F,159.3,50,CapableCoyotes,DownrightDogfish,sell
2026-07-06T13:00:48.068399+00:00,23:00:39,ASML_202706_F,160.6,50,CapableCoyotes,DownrightDogfish,sell
2026-07-06T13:00:48.068399+00:00,23:00:39,SAP_DUAL,43.2,49,Xianghao Wang,GroovyGrapefruits,sell
2026-07-06T13:00:48.068399+00:00,23:00:39,OB5X_ETF,64.7,500,NecessaryNutmegs,LivelyLasagnas,buy
2026-07-06T13:00:48.068399+00:00,23:00:39,TSLA,8.6,200,WavyWalnuts,YieldingYams,buy
2026-07-06T13:00:48.068399+00:00,23:00:40,ASML_202706_F,161.1,50,AttentiveAntelopes,CapableCoyotes,buy
2026-07-06T13:00:48.068399+00:00,23:00:40,ASML_202706_F,161.1,8,AttentiveAntelopes,BoundlessBisons,buy
2026-07-06T13:00:48.068399+00:00,23:00:40,SAP,41.8,200,YieldingYams,WavyWalnuts,sell
2026-07-06T13:00:48.068399+00:00,23:00:40,SAP,41.7,500,AverageAlmonds,YieldingYams,sell
2026-07-06T13:00:48.068399+00:00,23:00:40,OB5X_202706_F,269.1,41,PowerfulPineapples,OriginalOlives,sell
2026-07-06T13:00:48.068399+00:00,23:00:40,OB5X_202612_100P,13.9,45,ScholarlySpearmints,Xianghao Wang,buy
2026-07-06T13:00:48.068399+00:00,23:00:40,OB5X_202612_100P,13.9,11,ScholarlySpearmints,TactfulTangerines,buy
2026-07-06T13:00:48.068399+00:00,23:00:40,SAP,41.7,125,AverageAlmonds,YieldingYams,buy
2026-07-06T13:00:48.068399+00:00,23:00:40,NVDA,68.5,95,YieldingYams,Xianghao Wang,buy
2026-07-06T13:00:48.068399+00:00,23:00:41,TSLA,8.6,200,WavyWalnuts,YieldingYams,buy
2026-07-06T13:00:48.068399+00:00,23:00:41,SAP,41.7,20,AverageAlmonds,BrilliantBurritos,sell
2026-07-06T13:00:48.068399+00:00,23:00:41,AAPL,105.9,200,YieldingYams,WavyWalnuts,buy
2026-07-06T13:00:48.068399+00:00,23:00:41,ASML_202612_100C,118.8,50,Xianghao Wang,EssentialEagles,sell
2026-07-06T13:00:48.068399+00:00,23:00:41,ASML_202612_100C,118.6,1,GenerousGeckos,EssentialEagles,sell
2026-07-06T13:00:48.068399+00:00,23:00:41,ASML_202612_F,158.9,50,DownrightDogfish,BoundlessBisons,buy
2026-07-06T13:00:48.068399+00:00,23:00:41,OB5X_202612_120C,159.3,53,Xianghao Wang,ScholarlySpearmints,sell
2026-07-06T13:00:48.068399+00:00,23:00:41,OB5X_202612_120C,159.1,3,TactfulTangerines,ScholarlySpearmints,sell
2026-07-06T13:00:48.068399+00:00,23:00:41,ASML_202612_F,158.8,54,CapableCoyotes,AttentiveAntelopes,sell
2026-07-06T13:00:48.068399+00:00,23:00:41,ASML_202703_F,160.0,50,DownrightDogfish,BoundlessBisons,buy
2026-07-06T13:00:48.068399+00:00,23:00:41,ASML_202706_F,161.1,50,DownrightDogfish,BoundlessBisons,buy
2026-07-06T13:00:48.068399+00:00,23:00:41,SAP,41.8,200,YieldingYams,WavyWalnuts,buy
2026-07-06T13:00:48.068399+00:00,23:00:41,ASML_202706_F,161.1,42,CapableCoyotes,BoundlessBisons,buy
2026-07-06T13:00:48.068399+00:00,23:00:41,SAP_DUAL,42.9,50,InfiniteIcecreams,JazzyJellies,sell
2026-07-06T13:00:48.068399+00:00,23:00:41,ASML_DUAL,157.6,100,DiligentDonuts,EarnestEspressos,buy
2026-07-06T13:00:48.068399+00:00,23:00:41,SAP_DUAL,43.3,54,GroovyGrapefruits,HomelyHerrings,buy
2026-07-06T13:00:48.068399+00:00,23:00:42,NVDA,68.6,500,YieldingYams,AverageAlmonds,buy
2026-07-06T13:00:48.068399+00:00,23:00:42,NVDA,68.6,125,YieldingYams,WavyWalnuts,buy
2026-07-06T13:00:48.068399+00:00,23:00:42,OB5X_202706_F,269.1,49,PowerfulPineapples,OriginalOlives,sell
2026-07-06T13:00:48.068399+00:00,23:00:42,OB5X_202612_F,261.4,51,QuirkyQuinoas,OriginalOlives,sell
2026-07-06T13:00:48.068399+00:00,23:00:42,TSLA,8.5,200,WavyWalnuts,YieldingYams,buy
2026-07-06T13:00:50.326415+00:00,23:00:42,ASML_202612_075C,125.5,45,EssentialEagles,Xianghao Wang,buy
2026-07-06T13:00:50.326415+00:00,23:00:42,AAPL,106.0,500,AverageAlmonds,YieldingYams,sell
2026-07-06T13:00:50.326415+00:00,23:00:42,AAPL,105.9,125,WavyWalnuts,YieldingYams,sell
2026-07-06T13:00:50.326415+00:00,23:00:42,OB5X_ETF,64.5,218,LivelyLasagnas,KindlyKales,sell
2026-07-06T13:00:50.326415+00:00,23:00:42,ASML_202612_075C,124.8,45,Xianghao Wang,EssentialEagles,sell
2026-07-06T13:00:50.326415+00:00,23:00:42,ASML_202612_075C,124.7,3,FortunateFerrets,EssentialEagles,sell
2026-07-06T13:00:50.326415+00:00,23:00:42,ASML_202612_050P,24.2,45,EssentialEagles,Xianghao Wang,buy
2026-07-06T13:00:50.326415+00:00,23:00:42,OB5X_ETF,64.6,500,LivelyLasagnas,MarvelousMilkshakes,sell
2026-07-06T13:00:50.326415+00:00,23:00:42,OB5X_202612_100P,13.8,42,ScholarlySpearmints,Xianghao Wang,buy
2026-07-06T13:00:55.608681+00:00,23:00:43,ASML_DUAL,157.4,50,Xianghao Wang,FlawlessFlatbreads,sell
2026-07-06T13:00:55.608681+00:00,23:00:43,AAPL,106.1,200,AverageAlmonds,WavyWalnuts,buy
2026-07-06T13:00:55.608681+00:00,23:00:43,TSLA,8.6,200,WavyWalnuts,YieldingYams,buy
2026-07-06T13:00:55.608681+00:00,23:00:43,SAP,41.8,200,WavyWalnuts,YieldingYams,buy
2026-07-06T13:00:55.608681+00:00,23:00:43,AAPL,106.1,200,AverageAlmonds,WavyWalnuts,sell
2026-07-06T13:00:55.608681+00:00,23:00:43,ASML_202612_F,159.3,50,DownrightDogfish,CapableCoyotes,buy
2026-07-06T13:00:55.608681+00:00,23:00:43,ASML_202612_075P,41.5,43,EssentialEagles,Xianghao Wang,buy
2026-07-06T13:00:55.608681+00:00,23:00:43,ASML_202612_075P,41.1,45,Xianghao Wang,EssentialEagles,sell
2026-07-06T13:00:55.608681+00:00,23:00:43,ASML_202612_075P,41.0,12,GenerousGeckos,EssentialEagles,sell
2026-07-06T13:00:55.608681+00:00,23:00:43,OB5X_202612_F,261.8,58,OriginalOlives,QuirkyQuinoas,buy
2026-07-06T13:00:55.608681+00:00,23:00:43,ASML_202703_F,160.3,50,DownrightDogfish,CapableCoyotes,buy
2026-07-06T13:00:55.608681+00:00,23:00:43,SAP_DUAL,43.0,50,HomelyHerrings,JazzyJellies,sell
2026-07-06T13:00:55.608681+00:00,23:00:43,AAPL,106.1,100,AverageAlmonds,YieldingYams,sell
2026-07-06T13:00:55.608681+00:00,23:00:43,ASML_202706_F,161.6,50,DownrightDogfish,CapableCoyotes,buy
2026-07-06T13:00:55.608681+00:00,23:00:43,SAP_DUAL,43.0,41,HomelyHerrings,GroovyGrapefruits,sell
2026-07-06T13:00:55.608681+00:00,23:00:44,OB5X_ETF,64.6,236,KindlyKales,MarvelousMilkshakes,buy
2026-07-06T13:00:55.608681+00:00,23:00:44,SAP,41.7,500,AverageAlmonds,YieldingYams,sell
2026-07-06T13:00:55.608681+00:00,23:00:44,OB5X_202612_080C,187.3,45,ScholarlySpearmints,Xianghao Wang,buy
2026-07-06T13:00:55.608681+00:00,23:00:44,OB5X_202612_080C,187.4,1,ScholarlySpearmints,TactfulTangerines,buy
2026-07-06T13:00:55.608681+00:00,23:00:44,SAP_DUAL,43.1,53,GroovyGrapefruits,InfiniteIcecreams,buy
2026-07-06T13:00:55.608681+00:00,23:00:44,ASML_202703_F,160.3,55,AttentiveAntelopes,CapableCoyotes,buy
2026-07-06T13:00:55.608681+00:00,23:00:44,TSLA,8.6,20,BrilliantBurritos,AverageAlmonds,buy
2026-07-06T13:00:55.608681+00:00,23:00:44,SAP,41.7,125,AverageAlmonds,YieldingYams,buy
2026-07-06T13:00:55.608681+00:00,23:00:44,TSLA,8.5,200,YieldingYams,WavyWalnuts,sell
2026-07-06T13:00:55.608681+00:00,23:00:44,AAPL,106.1,200,WavyWalnuts,YieldingYams,buy
2026-07-06T13:00:55.608681+00:00,23:00:44,ASML_202612_100P,59.7,42,FortunateFerrets,EssentialEagles,sell
2026-07-06T13:00:55.608681+00:00,23:00:45,ASML_202612_050C,132.0,53,FortunateFerrets,EssentialEagles,sell
2026-07-06T13:00:55.608681+00:00,23:00:45,OB5X_ETF,64.6,14,KindlyKales,MarvelousMilkshakes,buy
2026-07-06T13:00:55.608681+00:00,23:00:45,ASML,157.8,200,YieldingYams,WavyWalnuts,sell
2026-07-06T13:00:55.608681+00:00,23:00:45,OB5X_202703_F,264.7,55,OriginalOlives,PowerfulPineapples,buy
2026-07-06T13:00:55.608681+00:00,23:00:45,ASML_DUAL,157.5,50,Xianghao Wang,FlawlessFlatbreads,sell
2026-07-06T13:00:55.608681+00:00,23:00:45,SAP,41.8,200,YieldingYams,WavyWalnuts,buy
2026-07-06T13:00:55.608681+00:00,23:00:45,SAP,41.9,50,YieldingYams,Xianghao Wang,buy
2026-07-06T13:00:55.608681+00:00,23:00:45,SAP,42.0,375,YieldingYams,AverageAlmonds,buy
2026-07-06T13:00:55.608681+00:00,23:00:45,SAP_DUAL,43.1,53,GroovyGrapefruits,InfiniteIcecreams,buy
2026-07-06T13:00:55.608681+00:00,23:00:45,OB5X_202612_120C,159.2,44,Xianghao Wang,ScholarlySpearmints,sell
2026-07-06T13:00:55.608681+00:00,23:00:45,TSLA,8.5,200,WavyWalnuts,YieldingYams,buy
2026-07-06T13:00:55.608681+00:00,23:00:45,OB5X_ETF,64.7,500,MarvelousMilkshakes,LivelyLasagnas,buy
2026-07-06T13:00:55.608681+00:00,23:00:46,ASML_202612_F,159.4,50,DownrightDogfish,BoundlessBisons,buy
2026-07-06T13:00:55.608681+00:00,23:00:46,OB5X_ETF,64.9,500,NecessaryNutmegs,MarvelousMilkshakes,buy
2026-07-06T13:00:55.608681+00:00,23:00:46,ASML_202612_075P,41.1,45,Xianghao Wang,EssentialEagles,sell
2026-07-06T13:00:55.608681+00:00,23:00:46,ASML_202703_F,160.5,50,DownrightDogfish,BoundlessBisons,buy
2026-07-06T13:00:55.608681+00:00,23:00:46,ASML_202612_075C,124.9,49,FortunateFerrets,EssentialEagles,sell
2026-07-06T13:00:55.608681+00:00,23:00:46,SAP_DUAL,42.7,44,HomelyHerrings,GroovyGrapefruits,sell
2026-07-06T13:00:55.608681+00:00,23:00:46,ASML_202706_F,161.7,50,DownrightDogfish,BoundlessBisons,buy
2026-07-06T13:00:55.608681+00:00,23:00:46,OB5X_ETF,64.7,200,MarvelousMilkshakes,KindlyKales,sell
2026-07-06T13:00:55.608681+00:00,23:00:46,SAP_DUAL,43.2,100,InfiniteIcecreams,HomelyHerrings,buy
2026-07-06T13:00:55.608681+00:00,23:00:46,NVDA,68.5,200,WavyWalnuts,YieldingYams,buy
2026-07-06T13:00:55.608681+00:00,23:00:46,SAP,41.9,200,WavyWalnuts,YieldingYams,sell
2026-07-06T13:00:55.608681+00:00,23:00:46,SAP_DUAL,43.2,50,InfiniteIcecreams,GroovyGrapefruits,sell
2026-07-06T13:00:55.608681+00:00,23:00:46,SAP_DUAL,42.7,9,HomelyHerrings,GroovyGrapefruits,sell
2026-07-06T13:00:55.608681+00:00,23:00:47,TSLA,8.6,200,YieldingYams,WavyWalnuts,buy
2026-07-06T13:00:55.608681+00:00,23:00:47,TSLA,8.6,425,YieldingYams,AverageAlmonds,buy
2026-07-06T13:00:55.608681+00:00,23:00:47,OB5X_202612_080P,7.5,45,Xianghao Wang,ScholarlySpearmints,sell
2026-07-06T13:00:55.608681+00:00,23:00:47,ASML_202612_100P,60.5,50,EssentialEagles,GenerousGeckos,buy
2026-07-06T13:00:55.608681+00:00,23:00:47,ASML_202612_100P,60.5,5,EssentialEagles,FortunateFerrets,buy
2026-07-06T13:00:55.608681+00:00,23:00:47,NVDA,68.5,500,YieldingYams,AverageAlmonds,buy
2026-07-06T13:00:55.608681+00:00,23:00:47,SAP,41.9,200,WavyWalnuts,YieldingYams,buy
2026-07-06T13:00:55.608681+00:00,23:00:47,AAPL,106.1,200,YieldingYams,WavyWalnuts,sell
2026-07-06T13:00:55.608681+00:00,23:00:47,ASML_DUAL,157.4,50,Xianghao Wang,FlawlessFlatbreads,sell
2026-07-06T13:00:55.608681+00:00,23:00:47,OB5X_ETF,64.7,50,MarvelousMilkshakes,KindlyKales,sell
2026-07-06T13:00:55.608681+00:00,23:00:47,NVDA,68.5,125,YieldingYams,AverageAlmonds,sell
2026-07-06T13:00:55.608681+00:00,23:00:47,NVDA,68.5,200,WavyWalnuts,AverageAlmonds,buy
2026-07-06T13:00:55.608681+00:00,23:00:47,ASML,157.7,200,YieldingYams,WavyWalnuts,sell
2026-07-06T13:00:55.608681+00:00,23:00:47,OB5X_202703_F,264.5,40,OriginalOlives,QuirkyQuinoas,buy
2026-07-06T13:00:55.608681+00:00,23:00:47,AAPL,106.2,500,AverageAlmonds,YieldingYams,sell
2026-07-06T13:00:55.608681+00:00,23:00:48,SAP_DUAL,42.7,47,HomelyHerrings,JazzyJellies,sell
2026-07-06T13:00:55.608681+00:00,23:00:48,AAPL,106.0,20,BrilliantBurritos,YieldingYams,buy
2026-07-06T13:00:55.608681+00:00,23:00:48,SAP,42.0,50,YieldingYams,Xianghao Wang,buy
2026-07-06T13:00:55.608681+00:00,23:00:48,SAP,42.0,200,YieldingYams,WavyWalnuts,buy
2026-07-06T13:00:55.608681+00:00,23:00:48,SAP,42.0,375,YieldingYams,AverageAlmonds,buy
2026-07-06T13:00:55.608681+00:00,23:00:48,OB5X_ETF,64.5,500,LivelyLasagnas,NecessaryNutmegs,sell
2026-07-06T13:00:55.608681+00:00,23:00:48,AAPL,106.0,105,AverageAlmonds,YieldingYams,buy
2026-07-06T13:00:55.608681+00:00,23:00:48,ASML_202612_075C,125.5,45,EssentialEagles,Xianghao Wang,buy
2026-07-06T13:00:55.608681+00:00,23:00:48,ASML_202612_075C,125.6,12,EssentialEagles,GenerousGeckos,buy
2026-07-06T13:00:55.608681+00:00,23:00:48,OB5X_202612_080P,8.0,45,ScholarlySpearmints,Xianghao Wang,buy
2026-07-06T13:00:55.608681+00:00,23:00:48,OB5X_202612_080P,8.1,3,ScholarlySpearmints,VersatileVinegars,buy
2026-07-06T13:00:55.608681+00:00,23:00:48,ASML_202612_F,159.0,50,BoundlessBisons,DownrightDogfish,sell
2026-07-06T13:00:55.608681+00:00,23:00:48,TSLA,8.4,5,Xianghao Wang,YieldingYams,sell
2026-07-06T13:00:55.608681+00:00,23:00:48,TSLA,8.4,500,AverageAlmonds,YieldingYams,sell
2026-07-06T13:00:55.608681+00:00,23:00:48,TSLA,8.4,120,WavyWalnuts,YieldingYams,sell
2026-07-06T13:00:55.608681+00:00,23:00:48,ASML_DUAL,157.3,49,EarnestEspressos,CostlyCorianders,sell
2026-07-06T13:00:55.608681+00:00,23:00:48,ASML_202703_F,160.1,50,BoundlessBisons,DownrightDogfish,sell
2026-07-06T13:00:55.608681+00:00,23:00:48,NVDA,68.4,95,Xianghao Wang,YieldingYams,sell
2026-07-06T13:00:55.608681+00:00,23:00:48,ASML_202706_F,161.3,50,BoundlessBisons,DownrightDogfish,sell
2026-07-06T13:00:55.608681+00:00,23:00:48,TSLA,8.4,20,WavyWalnuts,BrilliantBurritos,sell
2026-07-06T13:00:55.608681+00:00,23:00:48,SAP,41.8,20,WavyWalnuts,BrilliantBurritos,sell
2026-07-06T13:00:55.608681+00:00,23:00:48,ASML_202706_F,161.3,50,BoundlessBisons,AttentiveAntelopes,sell
2026-07-06T13:00:55.608681+00:00,23:00:48,ASML_202706_F,161.2,2,CapableCoyotes,AttentiveAntelopes,sell
2026-07-06T13:00:55.608681+00:00,23:00:48,NVDA,68.3,200,WavyWalnuts,YieldingYams,buy
2026-07-06T13:00:59.562000+00:00,23:00:49,ASML_DUAL,157.6,45,CostlyCorianders,DiligentDonuts,buy
2026-07-06T13:00:59.562000+00:00,23:00:49,OB5X_202703_F,264.0,48,QuirkyQuinoas,OriginalOlives,sell
2026-07-06T13:00:59.562000+00:00,23:00:49,ASML_DUAL,157.3,48,EarnestEspressos,CostlyCorianders,sell
2026-07-06T13:00:59.562000+00:00,23:00:49,SAP,41.8,180,WavyWalnuts,YieldingYams,sell
2026-07-06T13:00:59.562000+00:00,23:00:49,SAP,41.8,50,Xianghao Wang,YieldingYams,sell
2026-07-06T13:00:59.562000+00:00,23:00:49,ASML_202612_100C,119.5,45,EssentialEagles,Xianghao Wang,buy
2026-07-06T13:00:59.562000+00:00,23:00:49,ASML_202612_100C,119.6,10,EssentialEagles,FortunateFerrets,buy
2026-07-06T13:00:59.562000+00:00,23:00:49,TSLA,8.4,20,WavyWalnuts,BrilliantBurritos,sell
2026-07-06T13:00:59.562000+00:00,23:00:49,TSLA,8.4,200,AverageAlmonds,WavyWalnuts,sell
2026-07-06T13:00:59.562000+00:00,23:00:49,ASML_DUAL,157.3,50,EarnestEspressos,FlawlessFlatbreads,sell
2026-07-06T13:00:59.562000+00:00,23:00:49,SAP,41.8,200,WavyWalnuts,YieldingYams,buy
2026-07-06T13:00:59.562000+00:00,23:00:50,SAP_DUAL,42.9,42,GroovyGrapefruits,InfiniteIcecreams,buy
2026-07-06T13:00:59.562000+00:00,23:00:50,ASML_DUAL,157.6,45,CostlyCorianders,DiligentDonuts,buy
2026-07-06T13:00:59.562000+00:00,23:00:50,ASML_202706_F,161.2,44,CapableCoyotes,AttentiveAntelopes,sell
2026-07-06T13:00:59.562000+00:00,23:00:50,SAP_DUAL,42.9,48,GroovyGrapefruits,InfiniteIcecreams,buy
2026-07-06T13:00:59.562000+00:00,23:00:50,ASML_202612_F,159.1,50,DownrightDogfish,BoundlessBisons,buy
2026-07-06T13:00:59.562000+00:00,23:00:50,TSLA,8.6,20,BrilliantBurritos,YieldingYams,buy
2026-07-06T13:00:59.562000+00:00,23:00:50,ASML_202703_F,160.2,50,DownrightDogfish,BoundlessBisons,buy
2026-07-06T13:00:59.562000+00:00,23:00:50,ASML_202706_F,161.4,50,DownrightDogfish,BoundlessBisons,buy
2026-07-06T13:00:59.562000+00:00,23:00:50,AAPL,106.3,200,YieldingYams,WavyWalnuts,sell
2026-07-06T13:00:59.562000+00:00,23:00:51,TSLA,8.6,500,YieldingYams,AverageAlmonds,buy
2026-07-06T13:00:59.562000+00:00,23:00:51,TSLA,8.6,125,YieldingYams,WavyWalnuts,buy
2026-07-06T13:00:59.562000+00:00,23:00:51,OB5X_202612_080C,187.3,45,ScholarlySpearmints,Xianghao Wang,buy
2026-07-06T13:00:59.562000+00:00,23:00:51,OB5X_202612_080C,187.4,9,ScholarlySpearmints,VersatileVinegars,buy
2026-07-06T13:00:59.562000+00:00,23:00:51,OB5X_202612_120P,21.2,45,ScholarlySpearmints,Xianghao Wang,buy
2026-07-06T13:00:59.562000+00:00,23:00:51,OB5X_202612_120P,21.2,9,ScholarlySpearmints,VersatileVinegars,buy
2026-07-06T13:00:59.562000+00:00,23:00:51,ASML_DUAL,157.2,100,DiligentDonuts,EarnestEspressos,buy
2026-07-06T13:00:59.562000+00:00,23:00:51,ASML_202612_100C,118.9,46,Xianghao Wang,EssentialEagles,sell
2026-07-06T13:00:59.562000+00:00,23:00:51,ASML_202612_075C,125.0,45,Xianghao Wang,EssentialEagles,sell
2026-07-06T13:00:59.562000+00:00,23:00:51,ASML_202612_075C,124.8,3,FortunateFerrets,EssentialEagles,sell
2026-07-06T13:00:59.562000+00:00,23:00:51,OB5X_202612_100C,171.0,45,ScholarlySpearmints,Xianghao Wang,buy
2026-07-06T13:00:59.562000+00:00,23:00:51,OB5X_202612_100C,171.1,2,ScholarlySpearmints,TactfulTangerines,buy
2026-07-06T13:00:59.562000+00:00,23:00:51,OB5X_202612_100C,169.8,45,Xianghao Wang,ScholarlySpearmints,sell
2026-07-06T13:00:59.562000+00:00,23:00:51,OB5X_202612_100C,169.7,6,TactfulTangerines,ScholarlySpearmints,sell
2026-07-06T13:00:59.562000+00:00,23:00:51,ASML_202612_050C,132.2,45,Xianghao Wang,EssentialEagles,sell
2026-07-06T13:00:59.562000+00:00,23:00:51,ASML_202612_050C,132.1,13,GenerousGeckos,EssentialEagles,sell
2026-07-06T13:00:59.562000+00:00,23:00:51,OB5X_202612_100P,13.1,45,Xianghao Wang,ScholarlySpearmints,sell
2026-07-06T13:00:59.562000+00:00,23:00:51,ASML_DUAL,157.1,30,Xianghao Wang,FlawlessFlatbreads,sell
2026-07-06T13:00:59.562000+00:00,23:00:51,ASML_DUAL,157.0,8,Zhangyue Shen,FlawlessFlatbreads,sell
2026-07-06T13:00:59.562000+00:00,23:00:51,ASML_DUAL,156.7,12,EarnestEspressos,FlawlessFlatbreads,sell
2026-07-06T13:00:59.562000+00:00,23:00:51,ASML,157.7,8,AverageAlmonds,Zhangyue Shen,sell
2026-07-06T13:00:59.562000+00:00,23:00:51,TSLA,8.6,200,WavyWalnuts,AverageAlmonds,buy
2026-07-06T13:00:59.562000+00:00,23:00:52,SAP,41.9,200,YieldingYams,WavyWalnuts,sell
2026-07-06T13:00:59.562000+00:00,23:00:52,OB5X_202612_F,261.7,42,OriginalOlives,QuirkyQuinoas,buy
2026-07-06T13:00:59.562000+00:00,23:00:52,SAP_DUAL,42.9,50,JazzyJellies,InfiniteIcecreams,buy
2026-07-06T13:00:59.562000+00:00,23:00:52,TSLA,8.4,90,Xianghao Wang,YieldingYams,sell
2026-07-06T13:00:59.562000+00:00,23:00:52,TSLA,8.4,500,AverageAlmonds,YieldingYams,sell
2026-07-06T13:00:59.562000+00:00,23:00:52,OB5X_ETF,64.5,500,MarvelousMilkshakes,NecessaryNutmegs,sell
2026-07-06T13:00:59.562000+00:00,23:00:52,TSLA,8.4,35,AverageAlmonds,YieldingYams,buy
2026-07-06T13:00:59.562000+00:00,23:00:52,ASML_202612_075P,41.5,45,EssentialEagles,Xianghao Wang,buy
2026-07-06T13:00:59.562000+00:00,23:00:52,ASML_202612_075P,41.6,5,EssentialEagles,GenerousGeckos,buy
2026-07-06T13:00:59.562000+00:00,23:00:52,ASML_202612_050P,23.7,45,Xianghao Wang,EssentialEagles,sell
2026-07-06T13:00:59.562000+00:00,23:00:52,ASML_202612_050P,23.7,4,GenerousGeckos,EssentialEagles,sell
2026-07-06T13:00:59.562000+00:00,23:00:52,OB5X_202612_080P,7.5,45,Xianghao Wang,ScholarlySpearmints,sell
2026-07-06T13:00:59.562000+00:00,23:00:52,OB5X_202612_080P,7.4,2,VersatileVinegars,ScholarlySpearmints,sell
2026-07-06T13:00:59.562000+00:00,23:00:52,OB5X_ETF,64.5,246,MarvelousMilkshakes,KindlyKales,sell
2026-07-06T13:00:59.562000+00:00,23:00:53,ASML_202612_F,159.1,50,DownrightDogfish,BoundlessBisons,buy
2026-07-06T13:00:59.562000+00:00,23:00:53,AAPL,106.3,20,YieldingYams,BrilliantBurritos,sell
2026-07-06T13:00:59.562000+00:00,23:00:53,SAP,41.9,20,YieldingYams,BrilliantBurritos,sell
2026-07-06T13:00:59.562000+00:00,23:00:53,ASML_202703_F,160.2,50,DownrightDogfish,BoundlessBisons,buy
2026-07-06T13:00:59.562000+00:00,23:00:53,TSLA,8.5,95,WavyWalnuts,Xianghao Wang,buy
2026-07-06T13:00:59.562000+00:00,23:00:53,TSLA,8.6,105,WavyWalnuts,AverageAlmonds,buy
2026-07-06T13:00:59.562000+00:00,23:00:53,ASML_202706_F,161.4,50,DownrightDogfish,BoundlessBisons,buy
2026-07-06T13:00:59.562000+00:00,23:00:53,SAP,42.0,50,WavyWalnuts,Xianghao Wang,buy
2026-07-06T13:00:59.562000+00:00,23:00:53,SAP,42.0,150,WavyWalnuts,YieldingYams,buy
2026-07-06T13:00:59.562000+00:00,23:00:53,ASML_202612_F,159.2,44,AttentiveAntelopes,CapableCoyotes,buy
2026-07-06T13:00:59.562000+00:00,23:00:53,ASML_202703_F,160.4,7,AttentiveAntelopes,Xianghao Wang,buy
2026-07-06T13:00:59.562000+00:00,23:00:53,ASML_202703_F,160.4,50,AttentiveAntelopes,CapableCoyotes,buy
2026-07-06T13:00:59.562000+00:00,23:00:53,ASML_202612_F,159.2,100,BoundlessBisons,CapableCoyotes,buy
2026-07-06T13:00:59.562000+00:00,23:00:53,ASML_202703_F,159.9,50,Xianghao Wang,AttentiveAntelopes,sell
2026-07-06T13:00:59.562000+00:00,23:00:53,ASML_202703_F,159.9,6,CapableCoyotes,AttentiveAntelopes,sell
2026-07-06T13:00:59.562000+00:00,23:00:53,ASML_202706_F,161.0,51,CapableCoyotes,AttentiveAntelopes,sell
2026-07-06T13:00:59.562000+00:00,23:00:53,TSLA,8.4,20,AverageAlmonds,BrilliantBurritos,sell
2026-07-06T13:00:59.562000+00:00,23:00:53,ASML_202703_F,160.4,100,BoundlessBisons,CapableCoyotes,buy
2026-07-06T13:00:59.562000+00:00,23:00:53,TSLA,8.6,395,YieldingYams,AverageAlmonds,buy
2026-07-06T13:00:59.562000+00:00,23:00:53,TSLA,8.7,200,YieldingYams,WavyWalnuts,buy
2026-07-06T13:00:59.562000+00:00,23:00:53,TSLA,8.8,30,YieldingYams,AverageAlmonds,sell
2026-07-06T13:00:59.562000+00:00,23:00:53,ASML_202612_075P,41.6,45,EssentialEagles,GenerousGeckos,buy
2026-07-06T13:00:59.562000+00:00,23:00:53,ASML_202612_075P,41.7,6,EssentialEagles,FortunateFerrets,buy
2026-07-06T13:00:59.562000+00:00,23:00:53,ASML_202706_F,161.5,100,BoundlessBisons,CapableCoyotes,buy
2026-07-06T13:00:59.562000+00:00,23:00:53,ASML_DUAL,157.2,50,EarnestEspressos,FlawlessFlatbreads,sell
2026-07-06T13:01:01.413609+00:00,23:00:54,OB5X_202612_F,261.7,56,OriginalOlives,QuirkyQuinoas,buy
2026-07-06T13:01:01.413609+00:00,23:00:54,OB5X_202612_F,261.2,52,QuirkyQuinoas,OriginalOlives,sell
2026-07-06T13:01:01.413609+00:00,23:00:54,SAP_DUAL,43.2,56,InfiniteIcecreams,GroovyGrapefruits,sell
2026-07-06T13:01:01.413609+00:00,23:00:54,OB5X_202612_080C,187.4,41,ScholarlySpearmints,VersatileVinegars,buy
2026-07-06T13:01:01.413609+00:00,23:00:54,OB5X_202612_080C,187.4,8,ScholarlySpearmints,Xianghao Wang,buy
2026-07-06T13:01:01.413609+00:00,23:00:54,OB5X_202612_080C,187.5,9,ScholarlySpearmints,TactfulTangerines,buy
2026-07-06T13:01:01.413609+00:00,23:00:54,TSLA,8.6,200,WavyWalnuts,AverageAlmonds,buy
2026-07-06T13:01:01.413609+00:00,23:00:54,SAP,41.8,50,Xianghao Wang,YieldingYams,buy
2026-07-06T13:01:01.413609+00:00,23:00:54,SAP,41.8,200,WavyWalnuts,YieldingYams,buy
2026-07-06T13:01:01.413609+00:00,23:00:54,OB5X_ETF,64.5,4,MarvelousMilkshakes,NecessaryNutmegs,sell
2026-07-06T13:01:01.413609+00:00,23:00:54,OB5X_ETF,64.4,496,LivelyLasagnas,NecessaryNutmegs,sell
2026-07-06T13:01:01.413609+00:00,23:00:54,NVDA,68.2,20,Xianghao Wang,BrilliantBurritos,sell
2026-07-06T13:01:01.413609+00:00,23:00:54,ASML_202612_050C,132.6,40,EssentialEagles,Xianghao Wang,buy
2026-07-06T13:01:01.413609+00:00,23:00:54,SAP,41.8,500,AverageAlmonds,YieldingYams,buy
2026-07-06T13:01:01.413609+00:00,23:00:55,NVDA,68.2,45,Xianghao Wang,YieldingYams,sell
2026-07-06T13:01:01.413609+00:00,23:00:55,NVDA,68.2,500,AverageAlmonds,YieldingYams,sell
2026-07-06T13:01:01.413609+00:00,23:00:55,ASML_202612_F,159.4,50,DownrightDogfish,Xianghao Wang,buy
2026-07-06T13:01:01.413609+00:00,23:00:55,ASML_202703_F,160.3,50,DownrightDogfish,Xianghao Wang,buy
2026-07-06T13:01:01.413609+00:00,23:00:55,SAP_DUAL,43.2,94,InfiniteIcecreams,HomelyHerrings,sell
2026-07-06T13:01:01.413609+00:00,23:00:55,NVDA,68.1,20,WavyWalnuts,BrilliantBurritos,sell
2026-07-06T13:01:01.413609+00:00,23:00:55,ASML_202706_F,161.5,50,DownrightDogfish,CapableCoyotes,buy
2026-07-06T13:01:07.282465+00:00,23:00:55,NVDA,68.2,80,AverageAlmonds,YieldingYams,buy
2026-07-06T13:01:07.282465+00:00,23:00:55,OB5X_202703_F,264.1,40,QuirkyQuinoas,OriginalOlives,sell
2026-07-06T13:01:07.282465+00:00,23:00:55,AAPL,106.4,20,BrilliantBurritos,WavyWalnuts,buy
2026-07-06T13:01:07.282465+00:00,23:00:55,SAP_DUAL,43.0,6,GroovyGrapefruits,HomelyHerrings,buy
2026-07-06T13:01:07.282465+00:00,23:00:55,SAP,41.8,125,WavyWalnuts,YieldingYams,buy
2026-07-06T13:01:07.282465+00:00,23:00:56,OB5X_ETF,64.5,223,KindlyKales,LivelyLasagnas,buy
2026-07-06T13:01:07.282465+00:00,23:00:56,SAP,42.0,500,YieldingYams,AverageAlmonds,buy
2026-07-06T13:01:07.282465+00:00,23:00:56,SAP,42.0,125,YieldingYams,WavyWalnuts,buy
2026-07-06T13:01:07.282465+00:00,23:00:56,ASML_DUAL,157.2,50,EarnestEspressos,FlawlessFlatbreads,sell
2026-07-06T13:01:07.282465+00:00,23:00:56,ASML_202703_F,160.9,45,CapableCoyotes,Xianghao Wang,sell
2026-07-06T13:01:07.282465+00:00,23:00:56,ASML_202612_F,159.7,55,CapableCoyotes,AttentiveAntelopes,sell
2026-07-06T13:01:07.282465+00:00,23:00:56,NVDA,68.2,200,AverageAlmonds,WavyWalnuts,sell
2026-07-06T13:01:07.282465+00:00,23:00:56,ASML_202612_F,159.7,45,CapableCoyotes,Xianghao Wang,sell
2026-07-06T13:01:07.282465+00:00,23:00:56,SAP_DUAL,43.0,50,JazzyJellies,InfiniteIcecreams,buy
2026-07-06T13:01:07.282465+00:00,23:00:56,OB5X_ETF,64.5,217,KindlyKales,LivelyLasagnas,buy
2026-07-06T13:01:07.282465+00:00,23:00:56,OB5X_ETF,64.3,500,LivelyLasagnas,NecessaryNutmegs,sell
2026-07-06T13:01:07.282465+00:00,23:00:56,TSLA,8.6,200,WavyWalnuts,YieldingYams,buy
2026-07-06T13:01:07.282465+00:00,23:00:56,OB5X_202612_120C,160.5,45,ScholarlySpearmints,Xianghao Wang,buy
2026-07-06T13:01:07.282465+00:00,23:00:56,OB5X_202612_120C,160.6,12,ScholarlySpearmints,TactfulTangerines,buy
2026-07-06T13:01:07.282465+00:00,23:00:56,OB5X_202706_F,269.0,59,QuirkyQuinoas,OriginalOlives,sell
2026-07-06T13:01:07.282465+00:00,23:00:57,ASML_202612_F,159.7,50,CapableCoyotes,BoundlessBisons,sell
2026-07-06T13:01:07.282465+00:00,23:00:57,OB5X_202612_120P,21.1,45,ScholarlySpearmints,Xianghao Wang,buy
2026-07-06T13:01:07.282465+00:00,23:00:57,OB5X_202612_120P,21.2,10,ScholarlySpearmints,VersatileVinegars,buy
2026-07-06T13:01:07.282465+00:00,23:00:57,ASML_202612_100C,119.5,45,EssentialEagles,Xianghao Wang,buy
2026-07-06T13:01:07.282465+00:00,23:00:57,ASML_202612_100C,119.7,6,EssentialEagles,FortunateFerrets,buy
2026-07-06T13:01:07.282465+00:00,23:00:57,ASML_202703_F,160.9,100,CapableCoyotes,BoundlessBisons,sell
2026-07-06T13:01:07.282465+00:00,23:00:57,OB5X_202612_100P,13.9,45,ScholarlySpearmints,Xianghao Wang,buy
2026-07-06T13:01:07.282465+00:00,23:00:57,OB5X_202612_100P,14.0,5,ScholarlySpearmints,TactfulTangerines,buy
2026-07-06T13:01:07.282465+00:00,23:00:57,ASML,158.0,20,BrilliantBurritos,YieldingYams,buy
2026-07-06T13:01:07.282465+00:00,23:00:57,ASML_202706_F,161.9,100,CapableCoyotes,BoundlessBisons,sell
2026-07-06T13:01:07.282465+00:00,23:00:57,NVDA,68.3,200,YieldingYams,WavyWalnuts,sell
2026-07-06T13:01:07.282465+00:00,23:00:57,ASML,158.0,200,WavyWalnuts,YieldingYams,buy
2026-07-06T13:01:07.282465+00:00,23:00:57,ASML_202612_F,159.3,50,AttentiveAntelopes,BoundlessBisons,buy
2026-07-06T13:01:07.282465+00:00,23:00:57,TSLA,8.6,500,YieldingYams,AverageAlmonds,buy
2026-07-06T13:01:07.282465+00:00,23:00:57,TSLA,8.7,85,YieldingYams,Xianghao Wang,buy
2026-07-06T13:01:07.282465+00:00,23:00:57,SAP_DUAL,42.5,41,HomelyHerrings,GroovyGrapefruits,sell
2026-07-06T13:01:07.282465+00:00,23:00:58,SAP,41.8,500,AverageAlmonds,YieldingYams,buy
2026-07-06T13:01:07.282465+00:00,23:00:58,TSLA,8.7,40,YieldingYams,AverageAlmonds,sell
2026-07-06T13:01:07.282465+00:00,23:00:58,TSLA,8.6,200,WavyWalnuts,AverageAlmonds,buy
2026-07-06T13:01:07.282465+00:00,23:00:58,ASML_DUAL,157.1,8,Zhangyue Shen,FlawlessFlatbreads,sell
2026-07-06T13:01:07.282465+00:00,23:00:58,ASML_DUAL,157.1,42,DiligentDonuts,FlawlessFlatbreads,sell
2026-07-06T13:01:07.282465+00:00,23:00:58,ASML,158.0,8,YieldingYams,Zhangyue Shen,sell
2026-07-06T13:01:07.282465+00:00,23:00:58,SAP,41.7,50,Xianghao Wang,WavyWalnuts,sell
2026-07-06T13:01:07.282465+00:00,23:00:58,SAP,41.7,150,YieldingYams,WavyWalnuts,sell
2026-07-06T13:01:07.282465+00:00,23:00:58,ASML_202612_075P,41.6,45,EssentialEagles,Xianghao Wang,buy
2026-07-06T13:01:07.282465+00:00,23:00:58,ASML_202612_050C,132.7,5,EssentialEagles,Xianghao Wang,buy
2026-07-06T13:01:07.282465+00:00,23:00:58,ASML_202612_050C,132.9,47,EssentialEagles,GenerousGeckos,buy
2026-07-06T13:01:07.282465+00:00,23:00:58,SAP_DUAL,43.0,50,JazzyJellies,InfiniteIcecreams,buy
2026-07-06T13:01:07.282465+00:00,23:00:58,SAP,41.8,125,AverageAlmonds,YieldingYams,buy
2026-07-06T13:01:07.282465+00:00,23:00:58,NVDA,68.3,200,YieldingYams,WavyWalnuts,sell
2026-07-06T13:01:07.282465+00:00,23:00:58,OB5X_202706_F,269.4,48,OriginalOlives,PowerfulPineapples,buy
2026-07-06T13:01:07.282465+00:00,23:00:58,OB5X_202703_F,264.3,58,QuirkyQuinoas,OriginalOlives,sell
2026-07-06T13:01:07.282465+00:00,23:00:58,TSLA,8.5,90,Xianghao Wang,YieldingYams,sell
2026-07-06T13:01:07.282465+00:00,23:00:58,TSLA,8.4,500,AverageAlmonds,YieldingYams,sell
2026-07-06T13:01:07.282465+00:00,23:00:59,ASML,158.0,20,YieldingYams,BrilliantBurritos,sell
2026-07-06T13:01:07.282465+00:00,23:00:59,TSLA,8.4,35,AverageAlmonds,YieldingYams,buy
2026-07-06T13:01:07.282465+00:00,23:00:59,ASML_202703_F,160.7,59,AttentiveAntelopes,CapableCoyotes,buy
2026-07-06T13:01:07.282465+00:00,23:00:59,SAP,41.9,200,YieldingYams,WavyWalnuts,sell
2026-07-06T13:01:07.282465+00:00,23:00:59,AAPL,106.4,200,WavyWalnuts,YieldingYams,buy
2026-07-06T13:01:09.518173+00:00,23:00:59,ASML,158.1,200,WavyWalnuts,YieldingYams,buy
2026-07-06T13:01:09.518173+00:00,23:00:59,ASML_202612_F,159.6,50,DownrightDogfish,CapableCoyotes,buy
2026-07-06T13:01:09.518173+00:00,23:01:00,SAP,41.9,50,YieldingYams,Xianghao Wang,sell
2026-07-06T13:01:09.518173+00:00,23:01:00,ASML_202703_F,160.7,50,DownrightDogfish,CapableCoyotes,buy
2026-07-06T13:01:09.518173+00:00,23:01:00,OB5X_202612_080C,186.6,42,TactfulTangerines,ScholarlySpearmints,sell
2026-07-06T13:01:09.518173+00:00,23:01:00,ASML_202706_F,161.8,50,DownrightDogfish,CapableCoyotes,buy
2026-07-06T13:01:09.518173+00:00,23:01:00,ASML_DUAL,157.1,50,DiligentDonuts,FlawlessFlatbreads,sell
2026-07-06T13:01:09.518173+00:00,23:01:00,OB5X_202612_F,261.8,48,OriginalOlives,PowerfulPineapples,buy
2026-07-06T13:01:09.518173+00:00,23:01:00,ASML_202612_F,159.6,100,BoundlessBisons,CapableCoyotes,buy
2026-07-06T13:01:09.518173+00:00,23:01:00,OB5X_202706_F,269.0,50,PowerfulPineapples,RadiantRisottos,sell
2026-07-06T13:01:09.518173+00:00,23:01:00,ASML_DUAL,157.1,8,DiligentDonuts,CostlyCorianders,sell
2026-07-06T13:01:09.518173+00:00,23:01:00,ASML_DUAL,157.1,8,Zhangyue Shen,CostlyCorianders,sell
2026-07-06T13:01:09.518173+00:00,23:01:00,ASML_202703_F,160.7,41,BoundlessBisons,CapableCoyotes,buy
2026-07-06T13:01:09.518173+00:00,23:01:00,SAP,41.9,200,YieldingYams,WavyWalnuts,sell
2026-07-06T13:01:09.518173+00:00,23:01:00,SAP_DUAL,43.3,50,JazzyJellies,HomelyHerrings,buy
2026-07-06T13:01:09.518173+00:00,23:01:00,ASML,157.8,8,YieldingYams,Zhangyue Shen,sell
2026-07-06T13:01:09.518173+00:00,23:01:00,OB5X_202703_F,264.4,50,PowerfulPineapples,RadiantRisottos,sell
2026-07-06T13:01:09.518173+00:00,23:01:00,ASML_202706_F,161.8,100,BoundlessBisons,CapableCoyotes,buy
2026-07-06T13:01:09.518173+00:00,23:01:00,OB5X_202612_F,261.4,50,PowerfulPineapples,RadiantRisottos,sell
2026-07-06T13:01:09.518173+00:00,23:01:00,OB5X_ETF,64.6,500,NecessaryNutmegs,LivelyLasagnas,buy
2026-07-06T13:01:09.518173+00:00,23:01:01,OB5X_202612_080P,7.5,45,Xianghao Wang,ScholarlySpearmints,sell
2026-07-06T13:01:09.518173+00:00,23:01:01,OB5X_202612_080P,7.4,6,TactfulTangerines,ScholarlySpearmints,sell
2026-07-06T13:01:09.518173+00:00,23:01:01,TSLA,8.5,200,WavyWalnuts,YieldingYams,sell
2026-07-06T13:01:09.518173+00:00,23:01:01,TSLA,8.4,90,Xianghao Wang,YieldingYams,sell
2026-07-06T13:01:09.518173+00:00,23:01:01,TSLA,8.4,335,AverageAlmonds,YieldingYams,sell
2026-07-06T13:01:09.518173+00:00,23:01:01,SAP_DUAL,43.3,50,GroovyGrapefruits,HomelyHerrings,buy
2026-07-06T13:01:09.518173+00:00,23:01:01,SAP_DUAL,43.5,8,GroovyGrapefruits,Xianghao Wang,buy
2026-07-06T13:01:09.518173+00:00,23:01:01,NVDA,68.1,200,WavyWalnuts,YieldingYams,sell
2026-07-06T13:01:09.518173+00:00,23:01:01,NVDA,68.1,425,AverageAlmonds,YieldingYams,sell
2026-07-06T13:01:09.518173+00:00,23:01:01,OB5X_202612_100P,13.1,40,Xianghao Wang,ScholarlySpearmints,sell
2026-07-06T13:01:09.518173+00:00,23:01:01,ASML,158.0,200,WavyWalnuts,YieldingYams,sell
2026-07-06T13:01:09.518173+00:00,23:01:01,SAP,41.8,200,WavyWalnuts,YieldingYams,buy
2026-07-06T13:01:09.518173+00:00,23:01:01,ASML_202612_075C,125.0,45,Xianghao Wang,EssentialEagles,sell
2026-07-06T13:01:09.518173+00:00,23:01:01,ASML_202612_075C,124.9,14,FortunateFerrets,EssentialEagles,sell
2026-07-06T13:01:09.518173+00:00,23:01:02,SAP_DUAL,43.1,59,HomelyHerrings,GroovyGrapefruits,sell
2026-07-06T13:01:09.518173+00:00,23:01:02,AAPL,106.4,200,WavyWalnuts,YieldingYams,sell
2026-07-06T13:01:09.518173+00:00,23:01:02,ASML_DUAL,157.4,40,CostlyCorianders,EarnestEspressos,buy
2026-07-06T13:01:09.518173+00:00,23:01:02,AAPL,106.2,20,AverageAlmonds,BrilliantBurritos,sell
2026-07-06T13:01:09.518173+00:00,23:01:02,ASML_202612_F,159.9,50,CapableCoyotes,DownrightDogfish,sell
2026-07-06T13:01:09.518173+00:00,23:01:02,ASML_DUAL,157.0,8,Zhangyue Shen,FlawlessFlatbreads,sell
2026-07-06T13:01:09.518173+00:00,23:01:02,ASML_DUAL,156.9,42,EarnestEspressos,FlawlessFlatbreads,sell
2026-07-06T13:01:09.518173+00:00,23:01:02,ASML,157.8,8,YieldingYams,Zhangyue Shen,sell
2026-07-06T13:01:09.518173+00:00,23:01:02,ASML_202703_F,160.7,50,BoundlessBisons,DownrightDogfish,sell
2026-07-06T13:01:09.518173+00:00,23:01:02,NVDA,68.3,95,WavyWalnuts,Xianghao Wang,sell
2026-07-06T13:01:09.518173+00:00,23:01:02,SAP_DUAL,43.1,41,HomelyHerrings,GroovyGrapefruits,sell
2026-07-06T13:01:09.518173+00:00,23:01:02,ASML_202612_050C,132.9,3,EssentialEagles,GenerousGeckos,buy
2026-07-06T13:01:09.518173+00:00,23:01:02,ASML_202612_050C,132.9,37,EssentialEagles,FortunateFerrets,buy
2026-07-06T13:01:09.518173+00:00,23:01:02,ASML_DUAL,156.9,47,EarnestEspressos,CostlyCorianders,sell
2026-07-06T13:01:09.518173+00:00,23:01:02,SAP_DUAL,42.8,50,InfiniteIcecreams,JazzyJellies,sell
2026-07-06T13:01:09.518173+00:00,23:01:02,TSLA,8.6,500,YieldingYams,AverageAlmonds,buy
2026-07-06T13:01:09.518173+00:00,23:01:02,TSLA,8.6,125,YieldingYams,WavyWalnuts,sell
2026-07-06T13:01:09.518173+00:00,23:01:03,OB5X_ETF,64.5,500,NecessaryNutmegs,MarvelousMilkshakes,buy
2026-07-06T13:01:09.518173+00:00,23:01:03,NVDA,68.4,200,YieldingYams,WavyWalnuts,buy
2026-07-06T13:01:09.518173+00:00,23:01:03,OB5X_202612_100P,13.8,45,ScholarlySpearmints,Xianghao Wang,buy
2026-07-06T13:01:09.518173+00:00,23:01:03,SAP,41.9,200,WavyWalnuts,YieldingYams,buy
2026-07-06T13:01:09.518173+00:00,23:01:03,AAPL,106.3,200,WavyWalnuts,YieldingYams,buy
2026-07-06T13:01:09.518173+00:00,23:01:03,NVDA,68.5,20,BrilliantBurritos,AverageAlmonds,buy
2026-07-06T13:01:09.518173+00:00,23:01:03,ASML_DUAL,157.2,45,CostlyCorianders,EarnestEspressos,buy
2026-07-06T13:01:09.518173+00:00,23:01:03,NVDA,68.4,200,YieldingYams,WavyWalnuts,sell
2026-07-06T13:01:09.518173+00:00,23:01:03,ASML,157.9,20,YieldingYams,BrilliantBurritos,sell
2026-07-06T13:01:09.518173+00:00,23:01:03,AAPL,106.5,200,YieldingYams,WavyWalnuts,buy
2026-07-06T13:01:09.518173+00:00,23:01:03,AAPL,106.5,20,YieldingYams,BrilliantBurritos,sell
2026-07-06T13:01:09.518173+00:00,23:01:03,OB5X_202706_F,269.3,51,OriginalOlives,QuirkyQuinoas,buy
2026-07-06T13:01:09.518173+00:00,23:01:03,OB5X_202612_F,261.8,42,OriginalOlives,QuirkyQuinoas,buy
2026-07-06T13:01:09.518173+00:00,23:01:03,ASML_202706_F,162.2,52,CapableCoyotes,AttentiveAntelopes,sell
2026-07-06T13:01:11.288848+00:00,23:01:03,SAP,42.0,50,YieldingYams,Xianghao Wang,buy
2026-07-06T13:01:11.288848+00:00,23:01:03,SAP,42.0,200,YieldingYams,WavyWalnuts,buy
2026-07-06T13:01:11.288848+00:00,23:01:03,SAP,42.0,375,YieldingYams,AverageAlmonds,buy
2026-07-06T13:01:11.288848+00:00,23:01:04,ASML_202612_075C,124.9,42,FortunateFerrets,EssentialEagles,sell
2026-07-06T13:01:11.288848+00:00,23:01:04,ASML_202612_F,159.9,100,CapableCoyotes,BoundlessBisons,sell
2026-07-06T13:01:11.288848+00:00,23:01:04,TSLA,8.5,95,WavyWalnuts,Xianghao Wang,buy
2026-07-06T13:01:11.288848+00:00,23:01:04,TSLA,8.6,105,WavyWalnuts,AverageAlmonds,buy
