recv_time,book_timestamp,n_bids,n_asks,mid,spread,bid_px_0,bid_vol_0,bid_px_1,bid_vol_1,bid_px_2,bid_vol_2,bid_px_3,bid_vol_3,bid_px_4,bid_vol_4,bid_px_5,bid_vol_5,bid_px_6,bid_vol_6,bid_px_7,bid_vol_7,bid_px_8,bid_vol_8,bid_px_9,bid_vol_9,ask_px_0,ask_vol_0,ask_px_1,ask_vol_1,ask_px_2,ask_vol_2,ask_px_3,ask_vol_3,ask_px_4,ask_vol_4,ask_px_5,ask_vol_5,ask_px_6,ask_vol_6,ask_px_7,ask_vol_7,ask_px_8,ask_vol_8,ask_px_9,ask_vol_9
2026-07-03T18:00:00.121963+00:00,2026-07-03T18:00:00.030705,3,2,110.8,0.2,110.7,625,110.6,178,110.3,200,,,,,,,,,,,,,,,110.9,625,111.2,500,,,,,,,,,,,,,,,,
2026-07-03T18:00:00.642720+00:00,2026-07-03T18:00:00.640912,3,2,110.8,0.2,110.7,625,110.6,500,110.3,200,,,,,,,,,,,,,,,110.9,625,111.2,500,,,,,,,,,,,,,,,,
2026-07-03T18:00:00.665848+00:00,2026-07-03T18:00:00.665757,2,2,110.8,0.2,110.7,625,110.6,500,,,,,,,,,,,,,,,,,110.9,625,111.2,500,,,,,,,,,,,,,,,,
2026-07-03T18:00:00.750731+00:00,2026-07-03T18:00:00.666392,3,2,110.8,0.2,110.7,425,110.6,500,110.5,200,,,,,,,,,,,,,,,110.9,625,111.2,500,,,,,,,,,,,,,,,,
2026-07-03T18:00:01.258630+00:00,2026-07-03T18:00:01.254751,2,2,110.8,0.2,110.7,425,110.5,700,,,,,,,,,,,,,,,,,110.9,625,111.2,500,,,,,,,,,,,,,,,,
2026-07-03T18:00:01.382087+00:00,2026-07-03T18:00:01.374256,2,2,110.9,0.2,110.8,625,110.5,700,,,,,,,,,,,,,,,,,111.0,625,111.2,500,,,,,,,,,,,,,,,,
2026-07-03T18:00:01.830539+00:00,2026-07-03T18:00:01.825966,2,1,110.9,0.2,110.8,625,110.5,200,,,,,,,,,,,,,,,,,111.0,625,,,,,,,,,,,,,,,,,,
2026-07-03T18:00:01.836878+00:00,2026-07-03T18:00:01.836563,3,1,110.9,0.2,110.8,625,110.6,500,110.5,200,,,,,,,,,,,,,,,111.0,625,,,,,,,,,,,,,,,,,,
2026-07-03T18:00:01.847127+00:00,2026-07-03T18:00:01.847303,3,2,110.9,0.2,110.8,625,110.6,500,110.5,200,,,,,,,,,,,,,,,111.0,625,111.3,500,,,,,,,,,,,,,,,,
2026-07-03T18:00:01.870365+00:00,2026-07-03T18:00:01.870240,2,2,110.9,0.2,110.8,625,110.6,700,,,,,,,,,,,,,,,,,111.0,625,111.3,500,,,,,,,,,,,,,,,,
2026-07-03T18:00:01.880767+00:00,2026-07-03T18:00:01.880653,2,2,110.9,0.2,110.8,425,110.6,700,,,,,,,,,,,,,,,,,111.0,625,111.3,500,,,,,,,,,,,,,,,,
2026-07-03T18:00:02.429158+00:00,2026-07-03T18:00:02.429075,2,2,110.9,0.2,110.8,425,110.6,200,,,,,,,,,,,,,,,,,111.0,625,111.3,500,,,,,,,,,,,,,,,,
2026-07-03T18:00:02.434452+00:00,2026-07-03T18:00:02.434394,2,1,110.9,0.2,110.8,425,110.6,200,,,,,,,,,,,,,,,,,111.0,625,,,,,,,,,,,,,,,,,,
2026-07-03T18:00:02.450242+00:00,2026-07-03T18:00:02.450049,2,1,110.9,0.2,110.8,425,110.6,700,,,,,,,,,,,,,,,,,111.0,625,,,,,,,,,,,,,,,,,,
2026-07-03T18:00:02.458727+00:00,2026-07-03T18:00:02.455351,2,2,110.9,0.2,110.8,425,110.6,700,,,,,,,,,,,,,,,,,111.0,625,111.3,500,,,,,,,,,,,,,,,,
2026-07-03T18:00:02.679413+00:00,2026-07-03T18:00:02.679192,2,2,110.8,0.2,110.7,625,110.6,700,,,,,,,,,,,,,,,,,110.9,625,111.3,500,,,,,,,,,,,,,,,,
2026-07-03T18:00:02.705804+00:00,2026-07-03T18:00:02.705704,2,2,110.8,0.2,110.7,605,110.6,700,,,,,,,,,,,,,,,,,110.9,625,111.3,500,,,,,,,,,,,,,,,,
2026-07-03T18:00:03.033771+00:00,2026-07-03T18:00:03.033537,2,2,110.8,0.2,110.7,605,110.6,200,,,,,,,,,,,,,,,,,110.9,625,111.3,500,,,,,,,,,,,,,,,,
2026-07-03T18:00:03.039040+00:00,2026-07-03T18:00:03.038853,2,1,110.8,0.2,110.7,605,110.6,200,,,,,,,,,,,,,,,,,110.9,625,,,,,,,,,,,,,,,,,,
2026-07-03T18:00:03.044244+00:00,2026-07-03T18:00:03.044146,2,1,110.8,0.2,110.7,605,110.6,700,,,,,,,,,,,,,,,,,110.9,625,,,,,,,,,,,,,,,,,,
2026-07-03T18:00:03.054764+00:00,2026-07-03T18:00:03.054642,2,2,110.8,0.2,110.7,605,110.6,700,,,,,,,,,,,,,,,,,110.9,625,111.3,500,,,,,,,,,,,,,,,,
2026-07-03T18:00:03.101448+00:00,2026-07-03T18:00:03.101624,2,2,110.8,0.2,110.7,605,110.6,700,,,,,,,,,,,,,,,,,110.9,825,111.3,500,,,,,,,,,,,,,,,,
2026-07-03T18:00:03.636972+00:00,2026-07-03T18:00:03.636783,2,2,110.8,0.2,110.7,605,110.6,200,,,,,,,,,,,,,,,,,110.9,825,111.3,500,,,,,,,,,,,,,,,,
2026-07-03T18:00:03.642168+00:00,2026-07-03T18:00:03.642101,2,1,110.8,0.2,110.7,605,110.6,200,,,,,,,,,,,,,,,,,110.9,825,,,,,,,,,,,,,,,,,,
2026-07-03T18:00:03.653354+00:00,2026-07-03T18:00:03.653552,2,1,110.8,0.2,110.7,1105,110.6,200,,,,,,,,,,,,,,,,,110.9,825,,,,,,,,,,,,,,,,,,
2026-07-03T18:00:03.659076+00:00,2026-07-03T18:00:03.658819,2,2,110.8,0.2,110.7,1105,110.6,200,,,,,,,,,,,,,,,,,110.9,825,111.3,500,,,,,,,,,,,,,,,,
2026-07-03T18:00:03.958609+00:00,2026-07-03T18:00:03.957654,2,2,110.8,0.2,110.7,1125,110.6,200,,,,,,,,,,,,,,,,,110.9,825,111.3,500,,,,,,,,,,,,,,,,
2026-07-03T18:00:04.258538+00:00,2026-07-03T18:00:04.257684,2,2,110.8,0.2,110.7,1125,110.6,200,,,,,,,,,,,,,,,,,110.9,825,111.3,500,,,,,,,,,,,,,,,,
2026-07-03T18:00:04.293561+00:00,2026-07-03T18:00:04.293491,2,2,110.8,0.2,110.7,1125,110.5,200,,,,,,,,,,,,,,,,,110.9,625,111.3,500,,,,,,,,,,,,,,,,
2026-07-03T18:00:04.298813+00:00,2026-07-03T18:00:04.298714,2,3,110.75,0.1,110.7,1125,110.5,200,,,,,,,,,,,,,,,,,110.8,200,110.9,625,111.3,500,,,,,,,,,,,,,,
2026-07-03T18:00:04.859494+00:00,2026-07-03T18:00:04.859286,3,3,110.75,0.1,110.7,625,110.6,500,110.5,200,,,,,,,,,,,,,,,110.8,200,110.9,625,111.3,500,,,,,,,,,,,,,,
2026-07-03T18:00:05.265304+00:00,2026-07-03T18:00:05.265092,3,2,110.75,0.1,110.7,625,110.6,500,110.5,200,,,,,,,,,,,,,,,110.8,200,111.3,500,,,,,,,,,,,,,,,,
2026-07-03T18:00:05.276542+00:00,2026-07-03T18:00:05.276400,3,3,110.75,0.1,110.7,625,110.6,500,110.5,200,,,,,,,,,,,,,,,110.8,200,111.0,625,111.3,500,,,,,,,,,,,,,,
2026-07-03T18:00:05.445458+00:00,2026-07-03T18:00:05.445342,2,3,110.75,0.1,110.7,625,110.5,200,,,,,,,,,,,,,,,,,110.8,200,111.0,625,111.3,500,,,,,,,,,,,,,,
2026-07-03T18:00:05.450756+00:00,2026-07-03T18:00:05.450651,2,2,110.75,0.1,110.7,625,110.5,200,,,,,,,,,,,,,,,,,110.8,200,111.0,625,,,,,,,,,,,,,,,,
2026-07-03T18:00:05.458735+00:00,2026-07-03T18:00:05.455983,3,2,110.75,0.1,110.7,625,110.6,500,110.5,200,,,,,,,,,,,,,,,110.8,200,111.0,625,,,,,,,,,,,,,,,,
2026-07-03T18:00:05.490051+00:00,2026-07-03T18:00:05.489662,3,3,110.75,0.1,110.7,625,110.6,500,110.5,200,,,,,,,,,,,,,,,110.8,200,111.0,625,111.3,500,,,,,,,,,,,,,,
2026-07-03T18:00:05.505882+00:00,2026-07-03T18:00:05.505778,2,2,110.85,0.3,110.7,625,110.6,500,,,,,,,,,,,,,,,,,111.0,625,111.3,500,,,,,,,,,,,,,,,,
2026-07-03T18:00:05.511295+00:00,2026-07-03T18:00:05.511108,3,2,110.85,0.3,110.7,425,110.6,500,110.5,200,,,,,,,,,,,,,,,111.0,625,111.3,500,,,,,,,,,,,,,,,,
2026-07-03T18:00:06.048671+00:00,2026-07-03T18:00:06.048422,2,2,110.85,0.3,110.7,425,110.5,200,,,,,,,,,,,,,,,,,111.0,625,111.3,500,,,,,,,,,,,,,,,,
2026-07-03T18:00:06.058721+00:00,2026-07-03T18:00:06.053937,3,1,110.85,0.3,110.7,425,110.6,500,110.5,200,,,,,,,,,,,,,,,111.0,625,,,,,,,,,,,,,,,,,,
2026-07-03T18:00:06.069468+00:00,2026-07-03T18:00:06.069127,3,2,110.85,0.3,110.7,425,110.6,500,110.5,200,,,,,,,,,,,,,,,111.0,625,111.3,500,,,,,,,,,,,,,,,,
2026-07-03T18:00:06.576366+00:00,2026-07-03T18:00:06.576320,2,2,110.7,0.2,110.6,1125,110.5,200,,,,,,,,,,,,,,,,,110.8,625,111.3,500,,,,,,,,,,,,,,,,
2026-07-03T18:00:06.685425+00:00,2026-07-03T18:00:06.685092,2,1,110.7,0.2,110.6,625,110.5,700,,,,,,,,,,,,,,,,,110.8,625,,,,,,,,,,,,,,,,,,
2026-07-03T18:00:06.696461+00:00,2026-07-03T18:00:06.696399,2,2,110.7,0.2,110.6,625,110.5,700,,,,,,,,,,,,,,,,,110.8,625,111.2,500,,,,,,,,,,,,,,,,
2026-07-03T18:00:06.712301+00:00,2026-07-03T18:00:06.712127,2,2,110.7,0.2,110.6,625,110.5,500,,,,,,,,,,,,,,,,,110.8,625,111.2,500,,,,,,,,,,,,,,,,
2026-07-03T18:00:06.717480+00:00,2026-07-03T18:00:06.717334,2,2,110.7,0.2,110.6,825,110.5,500,,,,,,,,,,,,,,,,,110.8,825,111.2,500,,,,,,,,,,,,,,,,
2026-07-03T18:00:07.272349+00:00,2026-07-03T18:00:07.272233,1,2,110.7,0.2,110.6,825,,,,,,,,,,,,,,,,,,,110.8,825,111.2,500,,,,,,,,,,,,,,,,
2026-07-03T18:00:07.283262+00:00,2026-07-03T18:00:07.283221,2,1,110.7,0.2,110.6,825,110.5,500,,,,,,,,,,,,,,,,,110.8,825,,,,,,,,,,,,,,,,,,
2026-07-03T18:00:07.293751+00:00,2026-07-03T18:00:07.293706,2,2,110.7,0.2,110.6,825,110.5,500,,,,,,,,,,,,,,,,,110.8,825,111.1,500,,,,,,,,,,,,,,,,
2026-07-03T18:00:07.882634+00:00,2026-07-03T18:00:07.882451,1,2,110.7,0.2,110.6,825,,,,,,,,,,,,,,,,,,,110.8,825,111.1,500,,,,,,,,,,,,,,,,
2026-07-03T18:00:07.887973+00:00,2026-07-03T18:00:07.887750,1,1,110.7,0.2,110.6,825,,,,,,,,,,,,,,,,,,,110.8,825,,,,,,,,,,,,,,,,,,
2026-07-03T18:00:07.893121+00:00,2026-07-03T18:00:07.893020,2,1,110.7,0.2,110.6,825,110.5,500,,,,,,,,,,,,,,,,,110.8,825,,,,,,,,,,,,,,,,,,
2026-07-03T18:00:07.898412+00:00,2026-07-03T18:00:07.898335,2,2,110.7,0.2,110.6,825,110.5,500,,,,,,,,,,,,,,,,,110.8,825,111.1,500,,,,,,,,,,,,,,,,
2026-07-03T18:00:07.903683+00:00,2026-07-03T18:00:07.903597,2,2,110.7,0.2,110.6,200,110.5,500,,,,,,,,,,,,,,,,,110.8,825,111.1,500,,,,,,,,,,,,,,,,
2026-07-03T18:00:07.909726+00:00,2026-07-03T18:00:07.908855,2,2,110.7,0.2,110.6,200,110.5,500,,,,,,,,,,,,,,,,,110.8,200,111.1,500,,,,,,,,,,,,,,,,
2026-07-03T18:00:07.973998+00:00,2026-07-03T18:00:07.972345,2,3,110.55,0.1,110.5,700,110.4,625,,,,,,,,,,,,,,,,,110.6,422,110.7,200,111.1,500,,,,,,,,,,,,,,
2026-07-03T18:00:08.481052+00:00,2026-07-03T18:00:08.480751,2,3,110.55,0.1,110.5,200,110.4,625,,,,,,,,,,,,,,,,,110.6,422,110.7,200,111.1,500,,,,,,,,,,,,,,
2026-07-03T18:00:08.491833+00:00,2026-07-03T18:00:08.491738,2,2,110.55,0.1,110.5,200,110.4,625,,,,,,,,,,,,,,,,,110.6,422,110.7,200,,,,,,,,,,,,,,,,
2026-07-03T18:00:08.496861+00:00,2026-07-03T18:00:08.497033,2,2,110.55,0.1,110.5,700,110.4,625,,,,,,,,,,,,,,,,,110.6,422,110.7,200,,,,,,,,,,,,,,,,
2026-07-03T18:00:08.513160+00:00,2026-07-03T18:00:08.512866,2,3,110.55,0.1,110.5,700,110.4,625,,,,,,,,,,,,,,,,,110.6,422,110.7,200,111.1,500,,,,,,,,,,,,,,
2026-07-03T18:00:09.089161+00:00,2026-07-03T18:00:09.089028,2,2,110.55,0.1,110.5,200,110.4,625,,,,,,,,,,,,,,,,,110.6,422,110.7,200,,,,,,,,,,,,,,,,
2026-07-03T18:00:09.126818+00:00,2026-07-03T18:00:09.126667,2,2,110.55,0.1,110.5,700,110.4,625,,,,,,,,,,,,,,,,,110.6,422,110.7,200,,,,,,,,,,,,,,,,
2026-07-03T18:00:09.132694+00:00,2026-07-03T18:00:09.132594,2,2,110.55,0.1,110.5,500,110.4,625,,,,,,,,,,,,,,,,,110.6,422,111.2,500,,,,,,,,,,,,,,,,
2026-07-03T18:00:09.143082+00:00,2026-07-03T18:00:09.143299,2,3,110.55,0.1,110.5,700,110.4,625,,,,,,,,,,,,,,,,,110.6,422,110.8,200,111.2,500,,,,,,,,,,,,,,
2026-07-03T18:00:09.223959+00:00,2026-07-03T18:00:09.223902,1,2,110.65,0.3,110.5,700,,,,,,,,,,,,,,,,,,,110.8,200,111.2,500,,,,,,,,,,,,,,,,
2026-07-03T18:00:09.229195+00:00,2026-07-03T18:00:09.229124,2,2,110.7,0.2,110.6,625,110.5,700,,,,,,,,,,,,,,,,,110.8,200,111.2,500,,,,,,,,,,,,,,,,
2026-07-03T18:00:09.265744+00:00,2026-07-03T18:00:09.265687,2,2,110.7,0.2,110.6,625,110.5,700,,,,,,,,,,,,,,,,,110.8,825,111.2,500,,,,,,,,,,,,,,,,
2026-07-03T18:00:09.707548+00:00,2026-07-03T18:00:09.707448,2,2,110.7,0.2,110.6,625,110.5,200,,,,,,,,,,,,,,,,,110.8,825,111.2,500,,,,,,,,,,,,,,,,
2026-07-03T18:00:09.713274+00:00,2026-07-03T18:00:09.713071,2,2,110.7,0.2,110.6,625,110.5,700,,,,,,,,,,,,,,,,,110.8,825,111.2,500,,,,,,,,,,,,,,,,
2026-07-03T18:00:10.295181+00:00,2026-07-03T18:00:10.294744,2,2,110.7,0.2,110.6,625,110.5,200,,,,,,,,,,,,,,,,,110.8,825,111.2,500,,,,,,,,,,,,,,,,
2026-07-03T18:00:10.305819+00:00,2026-07-03T18:00:10.305617,2,1,110.7,0.2,110.6,625,110.5,200,,,,,,,,,,,,,,,,,110.8,825,,,,,,,,,,,,,,,,,,
2026-07-03T18:00:10.311196+00:00,2026-07-03T18:00:10.311065,2,2,110.7,0.2,110.6,625,110.5,700,,,,,,,,,,,,,,,,,110.8,825,111.1,500,,,,,,,,,,,,,,,,
2026-07-03T18:00:10.358653+00:00,2026-07-03T18:00:10.353684,2,3,110.65,0.1,110.6,625,110.5,700,,,,,,,,,,,,,,,,,110.7,200,110.8,625,111.1,500,,,,,,,,,,,,,,
2026-07-03T18:00:10.559224+00:00,2026-07-03T18:00:10.558759,2,2,110.85,0.3,110.7,425,110.5,700,,,,,,,,,,,,,,,,,111.0,625,111.1,500,,,,,,,,,,,,,,,,
2026-07-03T18:00:10.935457+00:00,2026-07-03T18:00:10.928155,2,2,110.85,0.3,110.7,425,110.5,700,,,,,,,,,,,,,,,,,111.0,625,111.1,500,,,,,,,,,,,,,,,,
2026-07-03T18:00:11.500655+00:00,2026-07-03T18:00:11.500485,2,1,110.85,0.3,110.7,425,110.5,200,,,,,,,,,,,,,,,,,111.0,625,,,,,,,,,,,,,,,,,,
2026-07-03T18:00:11.505575+00:00,2026-07-03T18:00:11.505778,2,1,110.85,0.3,110.7,425,110.5,700,,,,,,,,,,,,,,,,,111.0,625,,,,,,,,,,,,,,,,,,
2026-07-03T18:00:11.516349+00:00,2026-07-03T18:00:11.516217,2,2,110.85,0.3,110.7,425,110.5,700,,,,,,,,,,,,,,,,,111.0,625,111.2,500,,,,,,,,,,,,,,,,
2026-07-03T18:00:11.555469+00:00,2026-07-03T18:00:11.555226,2,2,110.85,0.3,110.7,625,110.5,500,,,,,,,,,,,,,,,,,111.0,625,111.2,500,,,,,,,,,,,,,,,,
2026-07-03T18:00:11.567219+00:00,2026-07-03T18:00:11.566888,2,3,110.8,0.2,110.7,625,110.5,500,,,,,,,,,,,,,,,,,110.9,200,111.0,625,111.2,500,,,,,,,,,,,,,,
2026-07-03T18:00:11.858558+00:00,2026-07-03T18:00:11.854359,2,2,110.8,0.2,110.7,200,110.5,500,,,,,,,,,,,,,,,,,110.9,200,111.2,500,,,,,,,,,,,,,,,,
2026-07-03T18:00:11.864316+00:00,2026-07-03T18:00:11.863897,3,3,110.75,0.1,110.7,200,110.6,625,110.5,500,,,,,,,,,,,,,,,110.8,625,110.9,200,111.2,500,,,,,,,,,,,,,,
2026-07-03T18:00:12.104271+00:00,2026-07-03T18:00:12.104146,2,2,110.75,0.1,110.7,200,110.6,625,,,,,,,,,,,,,,,,,110.8,625,110.9,200,,,,,,,,,,,,,,,,
2026-07-03T18:00:12.137547+00:00,2026-07-03T18:00:12.137416,3,3,110.75,0.1,110.7,200,110.6,625,110.5,500,,,,,,,,,,,,,,,110.8,625,110.9,200,111.1,500,,,,,,,,,,,,,,
2026-07-03T18:00:12.728972+00:00,2026-07-03T18:00:12.728938,2,3,110.75,0.1,110.7,200,110.6,625,,,,,,,,,,,,,,,,,110.8,625,110.9,200,111.1,500,,,,,,,,,,,,,,
2026-07-03T18:00:12.739558+00:00,2026-07-03T18:00:12.739363,2,2,110.75,0.1,110.7,200,110.6,625,,,,,,,,,,,,,,,,,110.8,625,110.9,200,,,,,,,,,,,,,,,,
2026-07-03T18:00:12.744862+00:00,2026-07-03T18:00:12.744631,3,2,110.75,0.1,110.7,200,110.6,625,110.5,500,,,,,,,,,,,,,,,110.8,625,110.9,200,,,,,,,,,,,,,,,,
2026-07-03T18:00:12.750194+00:00,2026-07-03T18:00:12.749990,3,3,110.75,0.1,110.7,200,110.6,625,110.5,500,,,,,,,,,,,,,,,110.8,625,110.9,200,111.1,500,,,,,,,,,,,,,,
2026-07-03T18:00:12.769633+00:00,2026-07-03T18:00:12.769405,2,2,110.7,0.2,110.6,625,110.5,500,,,,,,,,,,,,,,,,,110.8,625,111.1,500,,,,,,,,,,,,,,,,
2026-07-03T18:00:12.774777+00:00,2026-07-03T18:00:12.774742,3,2,110.75,0.1,110.7,200,110.6,625,110.5,500,,,,,,,,,,,,,,,110.8,625,111.1,500,,,,,,,,,,,,,,,,
2026-07-03T18:00:12.780181+00:00,2026-07-03T18:00:12.779993,3,3,110.75,0.1,110.7,200,110.6,625,110.5,500,,,,,,,,,,,,,,,110.8,625,110.9,200,111.1,500,,,,,,,,,,,,,,
2026-07-03T18:00:13.191859+00:00,2026-07-03T18:00:13.192045,2,3,110.75,0.1,110.7,200,110.5,500,,,,,,,,,,,,,,,,,110.8,625,110.9,200,111.1,500,,,,,,,,,,,,,,
2026-07-03T18:00:13.197853+00:00,2026-07-03T18:00:13.197525,2,3,110.8,0.2,110.7,825,110.5,500,,,,,,,,,,,,,,,,,110.9,200,111.0,625,111.1,500,,,,,,,,,,,,,,
2026-07-03T18:00:13.384906+00:00,2026-07-03T18:00:13.384679,1,3,110.8,0.2,110.7,825,,,,,,,,,,,,,,,,,,,110.9,200,111.0,625,111.1,500,,,,,,,,,,,,,,
2026-07-03T18:00:13.390890+00:00,2026-07-03T18:00:13.390263,2,3,110.8,0.2,110.7,825,110.5,500,,,,,,,,,,,,,,,,,110.9,200,111.0,625,111.2,500,,,,,,,,,,,,,,
2026-07-03T18:00:13.933742+00:00,2026-07-03T18:00:13.933641,1,3,110.8,0.2,110.7,825,,,,,,,,,,,,,,,,,,,110.9,200,111.0,625,111.2,500,,,,,,,,,,,,,,
2026-07-03T18:00:13.949639+00:00,2026-07-03T18:00:13.949471,1,2,110.8,0.2,110.7,825,,,,,,,,,,,,,,,,,,,110.9,200,111.0,625,,,,,,,,,,,,,,,,
2026-07-03T18:00:13.955035+00:00,2026-07-03T18:00:13.954927,2,3,110.8,0.2,110.7,825,110.6,500,,,,,,,,,,,,,,,,,110.9,200,111.0,625,111.3,500,,,,,,,,,,,,,,
2026-07-03T18:00:13.982004+00:00,2026-07-03T18:00:13.981949,2,3,110.8,0.2,110.7,625,110.6,500,,,,,,,,,,,,,,,,,110.9,200,111.0,625,111.3,500,,,,,,,,,,,,,,
2026-07-03T18:00:14.002797+00:00,2026-07-03T18:00:14.002745,3,2,110.95,0.1,110.9,200,110.7,625,110.6,500,,,,,,,,,,,,,,,111.0,625,111.3,500,,,,,,,,,,,,,,,,
2026-07-03T18:00:14.008223+00:00,2026-07-03T18:00:14.008045,3,3,110.95,0.1,110.9,200,110.7,625,110.6,500,,,,,,,,,,,,,,,111.0,625,111.1,200,111.3,500,,,,,,,,,,,,,,
2026-07-03T18:00:14.477657+00:00,2026-07-03T18:00:14.477497,2,2,111.0,0.2,110.9,200,110.6,500,,,,,,,,,,,,,,,,,111.1,200,111.3,500,,,,,,,,,,,,,,,,
2026-07-03T18:00:14.489124+00:00,2026-07-03T18:00:14.488939,3,2,111.0,0.2,110.9,200,110.7,625,110.6,500,,,,,,,,,,,,,,,111.1,200,111.3,500,,,,,,,,,,,,,,,,
2026-07-03T18:00:14.494422+00:00,2026-07-03T18:00:14.494283,2,3,110.8,0.2,110.7,625,110.6,500,,,,,,,,,,,,,,,,,110.9,425,111.1,200,111.3,500,,,,,,,,,,,,,,
2026-07-03T18:00:14.538225+00:00,2026-07-03T18:00:14.538076,1,3,110.8,0.2,110.7,625,,,,,,,,,,,,,,,,,,,110.9,425,111.1,200,111.3,500,,,,,,,,,,,,,,
2026-07-03T18:00:14.543593+00:00,2026-07-03T18:00:14.543410,1,2,110.8,0.2,110.7,625,,,,,,,,,,,,,,,,,,,110.9,425,111.1,200,,,,,,,,,,,,,,,,
2026-07-03T18:00:14.548749+00:00,2026-07-03T18:00:14.548705,2,2,110.8,0.2,110.7,625,110.5,500,,,,,,,,,,,,,,,,,110.9,425,111.1,200,,,,,,,,,,,,,,,,
2026-07-03T18:00:14.559290+00:00,2026-07-03T18:00:14.559163,2,3,110.8,0.2,110.7,625,110.5,500,,,,,,,,,,,,,,,,,110.9,425,111.1,200,111.2,500,,,,,,,,,,,,,,
2026-07-03T18:00:15.139713+00:00,2026-07-03T18:00:15.139568,1,3,110.8,0.2,110.7,625,,,,,,,,,,,,,,,,,,,110.9,425,111.1,200,111.2,500,,,,,,,,,,,,,,
2026-07-03T18:00:15.145851+00:00,2026-07-03T18:00:15.145748,2,2,110.8,0.2,110.7,625,110.6,500,,,,,,,,,,,,,,,,,110.9,425,111.1,200,,,,,,,,,,,,,,,,
2026-07-03T18:00:15.158736+00:00,2026-07-03T18:00:15.151390,2,3,110.8,0.2,110.7,625,110.6,500,,,,,,,,,,,,,,,,,110.9,425,111.1,200,111.2,500,,,,,,,,,,,,,,
2026-07-03T18:00:15.197895+00:00,2026-07-03T18:00:15.197752,3,3,110.85,0.1,110.8,200,110.7,625,110.6,500,,,,,,,,,,,,,,,110.9,425,111.0,200,111.2,500,,,,,,,,,,,,,,
2026-07-03T18:00:15.758779+00:00,2026-07-03T18:00:15.758538,2,3,110.85,0.1,110.8,200,110.7,1125,,,,,,,,,,,,,,,,,110.9,425,111.0,200,111.4,500,,,,,,,,,,,,,,
2026-07-03T18:00:15.830852+00:00,2026-07-03T18:00:15.830542,2,2,110.9,0.2,110.8,825,110.7,500,,,,,,,,,,,,,,,,,111.0,825,111.4,500,,,,,,,,,,,,,,,,
2026-07-03T18:00:16.339832+00:00,2026-07-03T18:00:16.339482,1,2,110.9,0.2,110.8,825,,,,,,,,,,,,,,,,,,,111.0,825,111.4,500,,,,,,,,,,,,,,,,
2026-07-03T18:00:16.345896+00:00,2026-07-03T18:00:16.345747,1,1,110.9,0.2,110.8,825,,,,,,,,,,,,,,,,,,,111.0,825,,,,,,,,,,,,,,,,,,
2026-07-03T18:00:16.364156+00:00,2026-07-03T18:00:16.364017,1,2,110.9,0.2,110.8,1325,,,,,,,,,,,,,,,,,,,111.0,825,111.5,500,,,,,,,,,,,,,,,,
2026-07-03T18:00:16.401366+00:00,2026-07-03T18:00:16.401140,1,3,110.9,0.2,110.8,1325,,,,,,,,,,,,,,,,,,,111.0,625,111.1,200,111.5,500,,,,,,,,,,,,,,
2026-07-03T18:00:16.942618+00:00,2026-07-03T18:00:16.942336,1,3,110.9,0.2,110.8,825,,,,,,,,,,,,,,,,,,,111.0,625,111.1,200,111.5,500,,,,,,,,,,,,,,
2026-07-03T18:00:16.953147+00:00,2026-07-03T18:00:16.953061,1,2,110.9,0.2,110.8,825,,,,,,,,,,,,,,,,,,,111.0,625,111.1,200,,,,,,,,,,,,,,,,
2026-07-03T18:00:16.963976+00:00,2026-07-03T18:00:16.963863,1,2,110.9,0.2,110.8,1325,,,,,,,,,,,,,,,,,,,111.0,625,111.1,200,,,,,,,,,,,,,,,,
2026-07-03T18:00:16.969266+00:00,2026-07-03T18:00:16.969149,1,3,110.9,0.2,110.8,1325,,,,,,,,,,,,,,,,,,,111.0,625,111.1,200,111.5,500,,,,,,,,,,,,,,
2026-07-03T18:00:17.112458+00:00,2026-07-03T18:00:17.112355,1,3,110.9,0.2,110.8,700,,,,,,,,,,,,,,,,,,,111.0,625,111.1,200,111.5,500,,,,,,,,,,,,,,
2026-07-03T18:00:17.122962+00:00,2026-07-03T18:00:17.122832,1,2,110.95,0.3,110.8,700,,,,,,,,,,,,,,,,,,,111.1,200,111.5,500,,,,,,,,,,,,,,,,
2026-07-03T18:00:17.128250+00:00,2026-07-03T18:00:17.128120,2,2,110.95,0.3,110.8,700,110.7,625,,,,,,,,,,,,,,,,,111.1,200,111.5,500,,,,,,,,,,,,,,,,
2026-07-03T18:00:17.133525+00:00,2026-07-03T18:00:17.133378,2,3,110.85,0.1,110.8,700,110.7,625,,,,,,,,,,,,,,,,,110.9,625,111.1,200,111.5,500,,,,,,,,,,,,,,
2026-07-03T18:00:17.558643+00:00,2026-07-03T18:00:17.552719,2,2,110.85,0.1,110.8,700,110.7,625,,,,,,,,,,,,,,,,,110.9,625,111.1,200,,,,,,,,,,,,,,,,
2026-07-03T18:00:17.595100+00:00,2026-07-03T18:00:17.594948,2,3,110.85,0.1,110.8,700,110.7,625,,,,,,,,,,,,,,,,,110.9,625,111.1,200,111.4,500,,,,,,,,,,,,,,
2026-07-03T18:00:17.605664+00:00,2026-07-03T18:00:17.605567,2,3,110.85,0.1,110.8,500,110.7,625,,,,,,,,,,,,,,,,,110.9,625,111.1,200,111.4,500,,,,,,,,,,,,,,
2026-07-03T18:00:17.610888+00:00,2026-07-03T18:00:17.610818,2,2,110.85,0.1,110.8,700,110.7,625,,,,,,,,,,,,,,,,,110.9,625,111.4,500,,,,,,,,,,,,,,,,
2026-07-03T18:00:17.616138+00:00,2026-07-03T18:00:17.616022,2,3,110.85,0.1,110.8,700,110.7,625,,,,,,,,,,,,,,,,,110.9,625,111.0,200,111.4,500,,,,,,,,,,,,,,
2026-07-03T18:00:18.153303+00:00,2026-07-03T18:00:18.157759,2,2,110.85,0.1,110.8,200,110.7,625,,,,,,,,,,,,,,,,,110.9,125,111.0,200,,,,,,,,,,,,,,,,
2026-07-03T18:00:18.174285+00:00,2026-07-03T18:00:18.174053,2,3,110.85,0.1,110.8,200,110.7,625,,,,,,,,,,,,,,,,,110.9,125,111.0,200,111.5,500,,,,,,,,,,,,,,
2026-07-03T18:00:18.469733+00:00,2026-07-03T18:00:18.469521,2,1,111.25,0.5,111.0,425,110.8,200,,,,,,,,,,,,,,,,,111.5,500,,,,,,,,,,,,,,,,,,
2026-07-03T18:00:18.475074+00:00,2026-07-03T18:00:18.474793,2,2,111.1,0.2,111.0,425,110.8,200,,,,,,,,,,,,,,,,,111.2,625,111.5,500,,,,,,,,,,,,,,,,
2026-07-03T18:00:18.791732+00:00,2026-07-03T18:00:18.790823,3,2,111.1,0.2,111.0,425,110.9,500,110.8,200,,,,,,,,,,,,,,,111.2,625,111.5,500,,,,,,,,,,,,,,,,
2026-07-03T18:00:18.838958+00:00,2026-07-03T18:00:18.838764,2,3,111.05,0.1,111.0,425,110.9,700,,,,,,,,,,,,,,,,,111.1,200,111.2,625,111.5,500,,,,,,,,,,,,,,
2026-07-03T18:00:19.232801+00:00,2026-07-03T18:00:19.232532,2,3,111.05,0.1,111.0,405,110.9,700,,,,,,,,,,,,,,,,,111.1,200,111.2,625,111.5,500,,,,,,,,,,,,,,
2026-07-03T18:00:19.374643+00:00,2026-07-03T18:00:19.374415,2,3,111.05,0.1,111.0,405,110.9,200,,,,,,,,,,,,,,,,,111.1,200,111.2,625,111.5,500,,,,,,,,,,,,,,
2026-07-03T18:00:19.390452+00:00,2026-07-03T18:00:19.390321,2,2,111.05,0.1,111.0,405,110.9,200,,,,,,,,,,,,,,,,,111.1,200,111.2,625,,,,,,,,,,,,,,,,
2026-07-03T18:00:19.395692+00:00,2026-07-03T18:00:19.395632,2,2,111.05,0.1,111.0,405,110.9,700,,,,,,,,,,,,,,,,,111.1,200,111.2,625,,,,,,,,,,,,,,,,
2026-07-03T18:00:19.401006+00:00,2026-07-03T18:00:19.400919,2,3,111.05,0.1,111.0,405,110.9,700,,,,,,,,,,,,,,,,,111.1,200,111.2,625,111.6,500,,,,,,,,,,,,,,
2026-07-03T18:00:19.758562+00:00,2026-07-03T18:00:19.755157,1,2,111.0,0.2,110.9,1325,,,,,,,,,,,,,,,,,,,111.1,200,111.6,500,,,,,,,,,,,,,,,,
2026-07-03T18:00:19.769120+00:00,2026-07-03T18:00:19.768898,1,2,111.0,0.2,110.9,1325,,,,,,,,,,,,,,,,,,,111.1,825,111.6,500,,,,,,,,,,,,,,,,
2026-07-03T18:00:19.986019+00:00,2026-07-03T18:00:19.985853,1,2,111.0,0.2,110.9,825,,,,,,,,,,,,,,,,,,,111.1,825,111.6,500,,,,,,,,,,,,,,,,
2026-07-03T18:00:19.991390+00:00,2026-07-03T18:00:19.991205,1,1,111.0,0.2,110.9,825,,,,,,,,,,,,,,,,,,,111.1,825,,,,,,,,,,,,,,,,,,
2026-07-03T18:00:19.996652+00:00,2026-07-03T18:00:19.996573,1,1,111.0,0.2,110.9,1325,,,,,,,,,,,,,,,,,,,111.1,825,,,,,,,,,,,,,,,,,,
2026-07-03T18:00:20.018320+00:00,2026-07-03T18:00:20.018187,1,2,111.0,0.2,110.9,1325,,,,,,,,,,,,,,,,,,,111.1,825,111.6,500,,,,,,,,,,,,,,,,
2026-07-03T18:00:20.044843+00:00,2026-07-03T18:00:20.044761,2,2,111.0,0.2,110.9,1125,110.7,200,,,,,,,,,,,,,,,,,111.1,625,111.6,500,,,,,,,,,,,,,,,,
2026-07-03T18:00:20.050252+00:00,2026-07-03T18:00:20.050044,2,2,111.0,0.2,110.9,925,110.7,200,,,,,,,,,,,,,,,,,111.1,625,111.6,500,,,,,,,,,,,,,,,,
2026-07-03T18:00:20.592360+00:00,2026-07-03T18:00:20.592249,2,1,111.0,0.2,110.9,425,110.7,200,,,,,,,,,,,,,,,,,111.1,625,,,,,,,,,,,,,,,,,,
2026-07-03T18:00:20.602746+00:00,2026-07-03T18:00:20.602888,2,1,111.0,0.2,110.9,925,110.7,200,,,,,,,,,,,,,,,,,111.1,625,,,,,,,,,,,,,,,,,,
2026-07-03T18:00:20.608377+00:00,2026-07-03T18:00:20.608199,2,2,111.0,0.2,110.9,925,110.7,200,,,,,,,,,,,,,,,,,111.1,625,111.5,500,,,,,,,,,,,,,,,,
2026-07-03T18:00:21.079626+00:00,2026-07-03T18:00:21.078997,1,2,110.8,0.2,110.7,825,,,,,,,,,,,,,,,,,,,110.9,125,111.5,500,,,,,,,,,,,,,,,,
2026-07-03T18:00:21.191323+00:00,2026-07-03T18:00:21.191165,2,1,110.85,0.1,110.8,500,110.7,825,,,,,,,,,,,,,,,,,110.9,125,,,,,,,,,,,,,,,,,,
2026-07-03T18:00:21.217734+00:00,2026-07-03T18:00:21.217493,2,2,110.85,0.1,110.8,500,110.7,825,,,,,,,,,,,,,,,,,110.9,125,111.5,500,,,,,,,,,,,,,,,,
2026-07-03T18:00:21.235136+00:00,2026-07-03T18:00:21.235070,3,2,111.0,0.2,110.9,75,110.8,500,110.7,625,,,,,,,,,,,,,,,111.1,200,111.5,500,,,,,,,,,,,,,,,,
2026-07-03T18:00:21.783853+00:00,2026-07-03T18:00:21.783710,2,2,111.0,0.2,110.9,75,110.7,625,,,,,,,,,,,,,,,,,111.1,200,111.5,500,,,,,,,,,,,,,,,,
2026-07-03T18:00:21.796428+00:00,2026-07-03T18:00:21.796142,2,1,111.0,0.2,110.9,75,110.7,625,,,,,,,,,,,,,,,,,111.1,200,,,,,,,,,,,,,,,,,,
2026-07-03T18:00:21.808158+00:00,2026-07-03T18:00:21.807950,3,2,111.0,0.2,110.9,75,110.8,500,110.7,625,,,,,,,,,,,,,,,111.1,200,111.5,500,,,,,,,,,,,,,,,,
2026-07-03T18:00:22.373169+00:00,2026-07-03T18:00:22.373074,2,2,111.0,0.2,110.9,700,110.8,500,,,,,,,,,,,,,,,,,111.1,825,111.5,500,,,,,,,,,,,,,,,,
2026-07-03T18:00:22.459286+00:00,2026-07-03T18:00:22.459024,2,1,111.0,0.2,110.9,700,110.8,500,,,,,,,,,,,,,,,,,111.1,825,,,,,,,,,,,,,,,,,,
2026-07-03T18:00:22.465009+00:00,2026-07-03T18:00:22.464900,2,2,111.0,0.2,110.9,825,110.8,500,,,,,,,,,,,,,,,,,111.1,825,111.5,500,,,,,,,,,,,,,,,,
2026-07-03T18:00:23.004780+00:00,2026-07-03T18:00:23.004876,1,2,111.0,0.2,110.9,825,,,,,,,,,,,,,,,,,,,111.1,825,111.5,500,,,,,,,,,,,,,,,,
2026-07-03T18:00:23.035962+00:00,2026-07-03T18:00:23.035744,1,1,111.0,0.2,110.9,1325,,,,,,,,,,,,,,,,,,,111.1,825,,,,,,,,,,,,,,,,,,
2026-07-03T18:00:23.046158+00:00,2026-07-03T18:00:23.046327,1,2,111.0,0.2,110.9,1325,,,,,,,,,,,,,,,,,,,111.1,825,111.6,500,,,,,,,,,,,,,,,,
2026-07-03T18:00:23.599739+00:00,2026-07-03T18:00:23.599580,1,2,111.0,0.2,110.9,825,,,,,,,,,,,,,,,,,,,111.1,825,111.6,500,,,,,,,,,,,,,,,,
2026-07-03T18:00:23.605069+00:00,2026-07-03T18:00:23.604888,1,1,111.0,0.2,110.9,825,,,,,,,,,,,,,,,,,,,111.1,825,,,,,,,,,,,,,,,,,,
2026-07-03T18:00:23.615482+00:00,2026-07-03T18:00:23.615393,2,1,111.05,0.1,111.0,500,110.9,825,,,,,,,,,,,,,,,,,111.1,825,,,,,,,,,,,,,,,,,,
2026-07-03T18:00:23.620876+00:00,2026-07-03T18:00:23.620685,2,2,111.05,0.1,111.0,500,110.9,825,,,,,,,,,,,,,,,,,111.1,825,111.6,500,,,,,,,,,,,,,,,,
2026-07-03T18:00:23.658733+00:00,2026-07-03T18:00:23.652818,2,2,111.05,0.1,111.0,500,110.9,625,,,,,,,,,,,,,,,,,111.1,625,111.6,500,,,,,,,,,,,,,,,,
2026-07-03T18:00:23.669123+00:00,2026-07-03T18:00:23.668959,2,3,111.05,0.1,111.0,500,110.9,625,,,,,,,,,,,,,,,,,111.1,425,111.4,200,111.6,500,,,,,,,,,,,,,,
2026-07-03T18:00:23.679669+00:00,2026-07-03T18:00:23.679545,2,2,111.2,0.4,111.0,500,110.9,625,,,,,,,,,,,,,,,,,111.4,200,111.6,500,,,,,,,,,,,,,,,,
2026-07-03T18:00:23.684825+00:00,2026-07-03T18:00:23.684795,2,3,111.05,0.1,111.0,500,110.9,625,,,,,,,,,,,,,,,,,111.1,625,111.4,200,111.6,500,,,,,,,,,,,,,,
2026-07-03T18:00:24.225512+00:00,2026-07-03T18:00:24.225321,1,3,111.0,0.2,110.9,625,,,,,,,,,,,,,,,,,,,111.1,625,111.4,200,111.6,500,,,,,,,,,,,,,,
2026-07-03T18:00:24.231244+00:00,2026-07-03T18:00:24.230936,2,3,111.05,0.1,111.0,500,110.9,625,,,,,,,,,,,,,,,,,111.1,625,111.4,200,111.6,500,,,,,,,,,,,,,,
2026-07-03T18:00:24.838771+00:00,2026-07-03T18:00:24.838588,1,3,111.0,0.2,110.9,625,,,,,,,,,,,,,,,,,,,111.1,625,111.4,200,111.6,500,,,,,,,,,,,,,,
2026-07-03T18:00:24.843949+00:00,2026-07-03T18:00:24.843898,1,2,111.0,0.2,110.9,625,,,,,,,,,,,,,,,,,,,111.1,625,111.4,200,,,,,,,,,,,,,,,,
2026-07-03T18:00:24.858581+00:00,2026-07-03T18:00:24.855407,1,3,111.0,0.2,110.9,1125,,,,,,,,,,,,,,,,,,,111.1,625,111.4,200,111.6,500,,,,,,,,,,,,,,
2026-07-03T18:00:24.879579+00:00,2026-07-03T18:00:24.879506,1,2,111.0,0.2,110.9,1125,,,,,,,,,,,,,,,,,,,111.1,625,111.6,500,,,,,,,,,,,,,,,,
2026-07-03T18:00:24.884927+00:00,2026-07-03T18:00:24.884778,1,2,111.0,0.2,110.9,1125,,,,,,,,,,,,,,,,,,,111.1,425,111.6,500,,,,,,,,,,,,,,,,
2026-07-03T18:00:24.890129+00:00,2026-07-03T18:00:24.890007,1,3,111.0,0.2,110.9,1125,,,,,,,,,,,,,,,,,,,111.1,425,111.4,200,111.6,500,,,,,,,,,,,,,,
2026-07-03T18:00:25.025786+00:00,2026-07-03T18:00:25.025341,2,3,111.1,0.2,111.0,625,110.9,500,,,,,,,,,,,,,,,,,111.2,625,111.4,200,111.6,500,,,,,,,,,,,,,,
2026-07-03T18:00:25.438950+00:00,2026-07-03T18:00:25.438850,1,3,111.1,0.2,111.0,625,,,,,,,,,,,,,,,,,,,111.2,625,111.4,200,111.6,500,,,,,,,,,,,,,,
2026-07-03T18:00:25.444254+00:00,2026-07-03T18:00:25.444154,1,2,111.1,0.2,111.0,625,,,,,,,,,,,,,,,,,,,111.2,625,111.4,200,,,,,,,,,,,,,,,,
2026-07-03T18:00:25.458643+00:00,2026-07-03T18:00:25.455312,2,3,111.1,0.2,111.0,625,110.9,500,,,,,,,,,,,,,,,,,111.2,625,111.4,200,111.6,500,,,,,,,,,,,,,,
2026-07-03T18:00:26.044893+00:00,2026-07-03T18:00:26.044702,1,3,111.1,0.2,111.0,625,,,,,,,,,,,,,,,,,,,111.2,625,111.4,200,111.6,500,,,,,,,,,,,,,,
2026-07-03T18:00:26.050254+00:00,2026-07-03T18:00:26.050033,1,2,111.1,0.2,111.0,625,,,,,,,,,,,,,,,,,,,111.2,625,111.4,200,,,,,,,,,,,,,,,,
2026-07-03T18:00:26.058551+00:00,2026-07-03T18:00:26.055710,2,3,111.1,0.2,111.0,625,110.9,500,,,,,,,,,,,,,,,,,111.2,625,111.4,200,111.6,500,,,,,,,,,,,,,,
2026-07-03T18:00:26.090304+00:00,2026-07-03T18:00:26.089980,2,2,111.1,0.2,111.0,625,110.9,500,,,,,,,,,,,,,,,,,111.2,625,111.6,500,,,,,,,,,,,,,,,,
2026-07-03T18:00:26.111039+00:00,2026-07-03T18:00:26.110901,2,2,111.1,0.2,111.0,825,110.9,500,,,,,,,,,,,,,,,,,111.2,625,111.6,500,,,,,,,,,,,,,,,,
2026-07-03T18:00:26.116371+00:00,2026-07-03T18:00:26.116214,2,3,111.1,0.2,111.0,825,110.9,500,,,,,,,,,,,,,,,,,111.2,625,111.3,200,111.6,500,,,,,,,,,,,,,,
2026-07-03T18:00:26.299905+00:00,2026-07-03T18:00:26.299786,2,3,111.1,0.2,111.0,200,110.9,500,,,,,,,,,,,,,,,,,111.2,625,111.3,200,111.6,500,,,,,,,,,,,,,,
2026-07-03T18:00:26.305440+00:00,2026-07-03T18:00:26.305239,3,2,111.2,0.2,111.1,625,111.0,200,110.9,500,,,,,,,,,,,,,,,111.3,825,111.6,500,,,,,,,,,,,,,,,,
2026-07-03T18:00:26.646563+00:00,2026-07-03T18:00:26.646359,2,2,111.2,0.2,111.1,625,111.0,200,,,,,,,,,,,,,,,,,111.3,825,111.6,500,,,,,,,,,,,,,,,,
2026-07-03T18:00:26.658672+00:00,2026-07-03T18:00:26.651678,2,1,111.2,0.2,111.1,625,111.0,200,,,,,,,,,,,,,,,,,111.3,825,,,,,,,,,,,,,,,,,,
2026-07-03T18:00:26.668827+00:00,2026-07-03T18:00:26.669016,3,1,111.2,0.2,111.1,625,111.0,200,110.9,500,,,,,,,,,,,,,,,111.3,825,,,,,,,,,,,,,,,,,,
2026-07-03T18:00:26.674641+00:00,2026-07-03T18:00:26.674411,3,2,111.2,0.2,111.1,625,111.0,200,110.9,500,,,,,,,,,,,,,,,111.3,825,111.5,500,,,,,,,,,,,,,,,,
2026-07-03T18:00:27.246491+00:00,2026-07-03T18:00:27.246316,2,2,111.2,0.2,111.1,625,111.0,200,,,,,,,,,,,,,,,,,111.3,825,111.5,500,,,,,,,,,,,,,,,,
2026-07-03T18:00:27.258613+00:00,2026-07-03T18:00:27.251835,3,1,111.2,0.2,111.1,625,111.0,200,110.8,500,,,,,,,,,,,,,,,111.3,825,,,,,,,,,,,,,,,,,,
2026-07-03T18:00:27.264085+00:00,2026-07-03T18:00:27.263863,3,2,111.2,0.2,111.1,625,111.0,200,110.8,500,,,,,,,,,,,,,,,111.3,825,111.5,500,,,,,,,,,,,,,,,,
2026-07-03T18:00:27.307888+00:00,2026-07-03T18:00:27.307663,2,2,111.2,0.2,111.1,625,110.8,500,,,,,,,,,,,,,,,,,111.3,825,111.5,500,,,,,,,,,,,,,,,,
2026-07-03T18:00:27.318305+00:00,2026-07-03T18:00:27.318242,3,3,111.15,0.1,111.1,625,111.0,200,110.8,500,,,,,,,,,,,,,,,111.2,200,111.3,625,111.5,500,,,,,,,,,,,,,,
2026-07-03T18:00:27.606622+00:00,2026-07-03T18:00:27.606505,2,2,111.1,0.2,111.0,200,110.8,500,,,,,,,,,,,,,,,,,111.2,200,111.5,500,,,,,,,,,,,,,,,,
2026-07-03T18:00:27.612011+00:00,2026-07-03T18:00:27.611775,3,2,111.15,0.1,111.1,625,111.0,200,110.8,500,,,,,,,,,,,,,,,111.2,200,111.5,500,,,,,,,,,,,,,,,,
2026-07-03T18:00:27.617269+00:00,2026-07-03T18:00:27.617128,3,3,111.15,0.1,111.1,625,111.0,200,110.8,500,,,,,,,,,,,,,,,111.2,200,111.3,625,111.5,500,,,,,,,,,,,,,,
2026-07-03T18:00:27.851541+00:00,2026-07-03T18:00:27.851449,2,2,111.15,0.1,111.1,625,111.0,200,,,,,,,,,,,,,,,,,111.2,200,111.3,625,,,,,,,,,,,,,,,,
2026-07-03T18:00:27.869235+00:00,2026-07-03T18:00:27.869099,3,2,111.15,0.1,111.1,625,111.0,200,110.8,500,,,,,,,,,,,,,,,111.2,200,111.3,625,,,,,,,,,,,,,,,,
2026-07-03T18:00:27.874523+00:00,2026-07-03T18:00:27.874471,3,3,111.15,0.1,111.1,625,111.0,200,110.8,500,,,,,,,,,,,,,,,111.2,200,111.3,625,111.4,500,,,,,,,,,,,,,,
2026-07-03T18:00:28.453923+00:00,2026-07-03T18:00:28.453758,2,3,111.15,0.1,111.1,625,111.0,200,,,,,,,,,,,,,,,,,111.2,200,111.3,625,111.4,500,,,,,,,,,,,,,,
2026-07-03T18:00:28.459297+00:00,2026-07-03T18:00:28.459073,2,2,111.15,0.1,111.1,625,111.0,200,,,,,,,,,,,,,,,,,111.2,200,111.3,625,,,,,,,,,,,,,,,,
2026-07-03T18:00:28.465002+00:00,2026-07-03T18:00:28.464394,3,2,111.15,0.1,111.1,625,111.0,200,110.8,500,,,,,,,,,,,,,,,111.2,200,111.3,625,,,,,,,,,,,,,,,,
2026-07-03T18:00:28.491192+00:00,2026-07-03T18:00:28.490994,3,3,111.15,0.1,111.1,625,111.0,200,110.8,500,,,,,,,,,,,,,,,111.2,200,111.3,625,111.5,500,,,,,,,,,,,,,,
2026-07-03T18:00:28.518076+00:00,2026-07-03T18:00:28.517989,3,2,111.2,0.2,111.1,625,111.0,200,110.8,500,,,,,,,,,,,,,,,111.3,625,111.5,500,,,,,,,,,,,,,,,,
2026-07-03T18:00:28.523396+00:00,2026-07-03T18:00:28.523262,3,2,111.2,0.2,111.1,625,111.0,200,110.8,500,,,,,,,,,,,,,,,111.3,825,111.5,500,,,,,,,,,,,,,,,,
2026-07-03T18:00:28.963605+00:00,2026-07-03T18:00:28.951147,2,3,111.1,0.2,111.0,825,110.8,500,,,,,,,,,,,,,,,,,111.2,625,111.3,200,111.5,500,,,,,,,,,,,,,,
2026-07-03T18:00:29.056232+00:00,2026-07-03T18:00:29.056053,1,3,111.1,0.2,111.0,825,,,,,,,,,,,,,,,,,,,111.2,625,111.3,200,111.5,500,,,,,,,,,,,,,,
2026-07-03T18:00:29.061473+00:00,2026-07-03T18:00:29.061392,1,2,111.1,0.2,111.0,825,,,,,,,,,,,,,,,,,,,111.2,625,111.3,200,,,,,,,,,,,,,,,,
2026-07-03T18:00:29.066808+00:00,2026-07-03T18:00:29.066721,2,2,111.1,0.2,111.0,825,110.9,500,,,,,,,,,,,,,,,,,111.2,625,111.3,200,,,,,,,,,,,,,,,,
2026-07-03T18:00:29.072201+00:00,2026-07-03T18:00:29.072022,2,3,111.1,0.2,111.0,825,110.9,500,,,,,,,,,,,,,,,,,111.2,625,111.3,200,111.5,500,,,,,,,,,,,,,,
2026-07-03T18:00:29.658924+00:00,2026-07-03T18:00:29.658783,1,3,111.1,0.2,111.0,825,,,,,,,,,,,,,,,,,,,111.2,625,111.3,200,111.5,500,,,,,,,,,,,,,,
2026-07-03T18:00:29.664322+00:00,2026-07-03T18:00:29.664097,1,2,111.1,0.2,111.0,825,,,,,,,,,,,,,,,,,,,111.2,625,111.3,200,,,,,,,,,,,,,,,,
2026-07-03T18:00:29.669430+00:00,2026-07-03T18:00:29.669379,2,2,111.1,0.2,111.0,825,110.8,500,,,,,,,,,,,,,,,,,111.2,625,111.3,200,,,,,,,,,,,,,,,,
2026-07-03T18:00:29.674789+00:00,2026-07-03T18:00:29.674701,2,3,111.1,0.2,111.0,825,110.8,500,,,,,,,,,,,,,,,,,111.2,625,111.3,200,111.5,500,,,,,,,,,,,,,,
2026-07-03T18:00:29.723603+00:00,2026-07-03T18:00:29.723506,2,3,111.1,0.2,111.0,625,110.8,500,,,,,,,,,,,,,,,,,111.2,625,111.3,200,111.5,500,,,,,,,,,,,,,,
2026-07-03T18:00:29.728924+00:00,2026-07-03T18:00:29.728777,3,2,111.15,0.1,111.1,200,111.0,625,110.8,500,,,,,,,,,,,,,,,111.2,625,111.5,500,,,,,,,,,,,,,,,,
2026-07-03T18:00:29.734152+00:00,2026-07-03T18:00:29.734002,3,3,111.15,0.1,111.1,200,111.0,625,110.8,500,,,,,,,,,,,,,,,111.2,625,111.3,200,111.5,500,,,,,,,,,,,,,,
2026-07-03T18:00:29.854255+00:00,2026-07-03T18:00:29.852293,3,3,111.15,0.1,111.1,197,111.0,625,110.8,500,,,,,,,,,,,,,,,111.2,625,111.3,200,111.5,500,,,,,,,,,,,,,,
2026-07-03T18:00:30.231836+00:00,2026-07-03T18:00:30.231655,2,2,111.2,0.2,111.1,197,110.8,500,,,,,,,,,,,,,,,,,111.3,200,111.5,500,,,,,,,,,,,,,,,,
2026-07-03T18:00:30.236984+00:00,2026-07-03T18:00:30.236925,3,2,111.2,0.2,111.1,197,111.0,625,110.8,500,,,,,,,,,,,,,,,111.3,825,111.5,500,,,,,,,,,,,,,,,,
2026-07-03T18:00:30.257146+00:00,2026-07-03T18:00:30.257452,2,2,111.2,0.2,111.1,197,111.0,625,,,,,,,,,,,,,,,,,111.3,825,111.5,500,,,,,,,,,,,,,,,,
2026-07-03T18:00:30.301412+00:00,2026-07-03T18:00:30.301014,3,2,111.2,0.2,111.1,197,111.0,625,110.9,500,,,,,,,,,,,,,,,111.3,825,111.6,500,,,,,,,,,,,,,,,,
2026-07-03T18:00:30.903181+00:00,2026-07-03T18:00:30.903038,3,2,111.2,0.2,111.1,197,111.0,625,110.9,500,,,,,,,,,,,,,,,111.3,825,111.6,500,,,,,,,,,,,,,,,,
2026-07-03T18:00:30.934782+00:00,2026-07-03T18:00:30.934684,2,2,111.15,0.3,111.0,625,110.9,500,,,,,,,,,,,,,,,,,111.3,825,111.6,500,,,,,,,,,,,,,,,,
2026-07-03T18:00:30.940011+00:00,2026-07-03T18:00:30.939898,2,2,111.15,0.3,111.0,625,110.9,500,,,,,,,,,,,,,,,,,111.3,625,111.6,500,,,,,,,,,,,,,,,,
2026-07-03T18:00:30.947954+00:00,2026-07-03T18:00:30.945625,3,3,111.25,0.1,111.2,200,111.0,625,110.9,500,,,,,,,,,,,,,,,111.3,625,111.4,200,111.6,500,,,,,,,,,,,,,,
2026-07-03T18:00:31.487303+00:00,2026-07-03T18:00:31.486818,2,3,111.25,0.1,111.2,200,111.0,625,,,,,,,,,,,,,,,,,111.3,625,111.4,200,111.6,500,,,,,,,,,,,,,,
2026-07-03T18:00:31.498835+00:00,2026-07-03T18:00:31.498764,3,2,111.25,0.1,111.2,200,111.0,625,110.9,500,,,,,,,,,,,,,,,111.3,625,111.4,200,,,,,,,,,,,,,,,,
2026-07-03T18:00:31.520507+00:00,2026-07-03T18:00:31.520234,3,3,111.25,0.1,111.2,200,111.0,625,110.9,500,,,,,,,,,,,,,,,111.3,625,111.4,200,111.5,500,,,,,,,,,,,,,,
2026-07-03T18:00:31.541683+00:00,2026-07-03T18:00:31.541564,2,3,111.25,0.1,111.2,200,110.9,500,,,,,,,,,,,,,,,,,111.3,625,111.4,200,111.5,500,,,,,,,,,,,,,,
2026-07-03T18:00:31.546879+00:00,2026-07-03T18:00:31.546823,2,2,111.3,0.2,111.2,825,110.9,500,,,,,,,,,,,,,,,,,111.4,200,111.5,500,,,,,,,,,,,,,,,,
2026-07-03T18:00:31.558605+00:00,2026-07-03T18:00:31.552055,2,2,111.3,0.2,111.2,825,110.9,500,,,,,,,,,,,,,,,,,111.4,825,111.5,500,,,,,,,,,,,,,,,,
2026-07-03T18:00:32.089497+00:00,2026-07-03T18:00:32.089300,1,2,111.3,0.2,111.2,825,,,,,,,,,,,,,,,,,,,111.4,825,111.5,500,,,,,,,,,,,,,,,,
2026-07-03T18:00:32.137905+00:00,2026-07-03T18:00:32.137776,1,1,111.3,0.2,111.2,825,,,,,,,,,,,,,,,,,,,111.4,825,,,,,,,,,,,,,,,,,,
2026-07-03T18:00:32.143611+00:00,2026-07-03T18:00:32.143240,2,2,111.3,0.2,111.2,825,111.0,500,,,,,,,,,,,,,,,,,111.4,825,111.6,500,,,,,,,,,,,,,,,,
2026-07-03T18:00:32.148799+00:00,2026-07-03T18:00:32.148730,2,2,111.3,0.2,111.2,625,111.0,500,,,,,,,,,,,,,,,,,111.4,825,111.6,500,,,,,,,,,,,,,,,,
2026-07-03T18:00:32.154120+00:00,2026-07-03T18:00:32.153996,2,2,111.3,0.2,111.2,825,111.0,500,,,,,,,,,,,,,,,,,111.4,625,111.6,500,,,,,,,,,,,,,,,,
2026-07-03T18:00:32.159329+00:00,2026-07-03T18:00:32.159201,2,2,111.3,0.2,111.2,825,111.0,500,,,,,,,,,,,,,,,,,111.4,825,111.6,500,,,,,,,,,,,,,,,,
2026-07-03T18:00:32.734776+00:00,2026-07-03T18:00:32.734422,2,2,111.3,0.2,111.2,825,111.0,500,,,,,,,,,,,,,,,,,111.4,825,111.6,500,,,,,,,,,,,,,,,,
2026-07-03T18:00:32.858716+00:00,2026-07-03T18:00:32.859137,1,3,111.1,0.2,111.0,1125,,,,,,,,,,,,,,,,,,,111.2,425,111.4,200,111.6,500,,,,,,,,,,,,,,
2026-07-03T18:00:33.290434+00:00,2026-07-03T18:00:33.290322,1,3,111.1,0.2,111.0,625,,,,,,,,,,,,,,,,,,,111.2,425,111.4,200,111.6,500,,,,,,,,,,,,,,
2026-07-03T18:00:33.306880+00:00,2026-07-03T18:00:33.306722,1,2,111.1,0.2,111.0,625,,,,,,,,,,,,,,,,,,,111.2,425,111.4,200,,,,,,,,,,,,,,,,
2026-07-03T18:00:33.312066+00:00,2026-07-03T18:00:33.312015,2,2,111.1,0.2,111.0,625,110.9,500,,,,,,,,,,,,,,,,,111.2,425,111.4,200,,,,,,,,,,,,,,,,
2026-07-03T18:00:33.317353+00:00,2026-07-03T18:00:33.317297,2,3,111.1,0.2,111.0,625,110.9,500,,,,,,,,,,,,,,,,,111.2,425,111.4,200,111.6,500,,,,,,,,,,,,,,
2026-07-03T18:00:33.358577+00:00,2026-07-03T18:00:33.356054,2,2,111.1,0.2,111.0,625,110.9,500,,,,,,,,,,,,,,,,,111.2,425,111.6,500,,,,,,,,,,,,,,,,
2026-07-03T18:00:33.363878+00:00,2026-07-03T18:00:33.363751,2,2,111.1,0.2,111.0,825,110.9,500,,,,,,,,,,,,,,,,,111.2,425,111.6,500,,,,,,,,,,,,,,,,
2026-07-03T18:00:33.369647+00:00,2026-07-03T18:00:33.369115,2,2,111.1,0.2,111.0,825,110.9,500,,,,,,,,,,,,,,,,,111.2,625,111.6,500,,,,,,,,,,,,,,,,
2026-07-03T18:00:33.909324+00:00,2026-07-03T18:00:33.909200,2,1,111.1,0.2,111.0,825,110.8,500,,,,,,,,,,,,,,,,,111.2,625,,,,,,,,,,,,,,,,,,
2026-07-03T18:00:33.931214+00:00,2026-07-03T18:00:33.931414,2,2,111.1,0.2,111.0,825,110.8,500,,,,,,,,,,,,,,,,,111.2,625,111.5,500,,,,,,,,,,,,,,,,
2026-07-03T18:00:34.166662+00:00,2026-07-03T18:00:34.166515,2,2,111.1,0.2,111.0,200,110.8,500,,,,,,,,,,,,,,,,,111.2,625,111.5,500,,,,,,,,,,,,,,,,
2026-07-03T18:00:34.171880+00:00,2026-07-03T18:00:34.171742,2,2,111.1,0.2,111.0,200,110.8,500,,,,,,,,,,,,,,,,,111.2,200,111.5,500,,,,,,,,,,,,,,,,
2026-07-03T18:00:34.177194+00:00,2026-07-03T18:00:34.177094,3,2,111.3,0.2,111.2,425,111.0,200,110.8,500,,,,,,,,,,,,,,,111.4,625,111.5,500,,,,,,,,,,,,,,,,
2026-07-03T18:00:34.555020+00:00,2026-07-03T18:00:34.554674,3,2,111.3,0.2,111.2,425,111.0,200,110.8,500,,,,,,,,,,,,,,,111.4,625,111.5,500,,,,,,,,,,,,,,,,
2026-07-03T18:00:34.607563+00:00,2026-07-03T18:00:34.607275,3,3,111.25,0.1,111.2,425,111.1,200,110.8,500,,,,,,,,,,,,,,,111.3,200,111.4,625,111.5,500,,,,,,,,,,,,,,
2026-07-03T18:00:35.108162+00:00,2026-07-03T18:00:35.108004,2,3,111.25,0.1,111.2,425,111.1,200,,,,,,,,,,,,,,,,,111.3,200,111.4,625,111.5,500,,,,,,,,,,,,,,
2026-07-03T18:00:35.113479+00:00,2026-07-03T18:00:35.113343,2,2,111.25,0.1,111.2,425,111.1,200,,,,,,,,,,,,,,,,,111.3,200,111.4,625,,,,,,,,,,,,,,,,
2026-07-03T18:00:35.118739+00:00,2026-07-03T18:00:35.118674,3,2,111.25,0.1,111.2,425,111.1,200,110.8,500,,,,,,,,,,,,,,,111.3,200,111.4,625,,,,,,,,,,,,,,,,
2026-07-03T18:00:35.124120+00:00,2026-07-03T18:00:35.124012,3,3,111.25,0.1,111.2,425,111.1,200,110.8,500,,,,,,,,,,,,,,,111.3,200,111.4,625,111.5,500,,,,,,,,,,,,,,
2026-07-03T18:00:35.513992+00:00,2026-07-03T18:00:35.513942,3,2,111.25,0.1,111.2,625,111.1,200,110.8,500,,,,,,,,,,,,,,,111.3,200,111.5,500,,,,,,,,,,,,,,,,
2026-07-03T18:00:35.519526+00:00,2026-07-03T18:00:35.519194,3,3,111.25,0.1,111.2,625,111.1,200,110.8,500,,,,,,,,,,,,,,,111.3,200,111.4,625,111.5,500,,,,,,,,,,,,,,
2026-07-03T18:00:35.704634+00:00,2026-07-03T18:00:35.704372,2,3,111.25,0.1,111.2,625,111.1,200,,,,,,,,,,,,,,,,,111.3,200,111.4,625,111.5,500,,,,,,,,,,,,,,
2026-07-03T18:00:35.715503+00:00,2026-07-03T18:00:35.715456,2,2,111.25,0.1,111.2,625,111.1,200,,,,,,,,,,,,,,,,,111.3,200,111.4,625,,,,,,,,,,,,,,,,
2026-07-03T18:00:35.726087+00:00,2026-07-03T18:00:35.725955,3,2,111.25,0.1,111.2,625,111.1,200,110.8,500,,,,,,,,,,,,,,,111.3,200,111.4,625,,,,,,,,,,,,,,,,
2026-07-03T18:00:35.731448+00:00,2026-07-03T18:00:35.731257,3,2,111.25,0.1,111.2,625,111.1,200,110.8,500,,,,,,,,,,,,,,,111.3,200,111.4,1125,,,,,,,,,,,,,,,,
2026-07-03T18:00:35.773888+00:00,2026-07-03T18:00:35.773674,2,2,111.25,0.1,111.2,625,110.8,500,,,,,,,,,,,,,,,,,111.3,200,111.4,1125,,,,,,,,,,,,,,,,
2026-07-03T18:00:35.779128+00:00,2026-07-03T18:00:35.779019,3,1,111.3,0.2,111.2,625,111.0,200,110.8,500,,,,,,,,,,,,,,,111.4,1125,,,,,,,,,,,,,,,,,,
2026-07-03T18:00:35.784141+00:00,2026-07-03T18:00:35.784252,3,1,111.3,0.2,111.2,425,111.0,200,110.8,500,,,,,,,,,,,,,,,111.4,1125,,,,,,,,,,,,,,,,,,
2026-07-03T18:00:36.196653+00:00,2026-07-03T18:00:36.194926,3,1,111.3,0.2,111.2,425,111.0,200,110.8,500,,,,,,,,,,,,,,,111.4,1111,,,,,,,,,,,,,,,,,,
2026-07-03T18:00:36.358724+00:00,2026-07-03T18:00:36.358322,3,2,111.3,0.2,111.2,425,111.0,200,110.9,500,,,,,,,,,,,,,,,111.4,611,111.5,500,,,,,,,,,,,,,,,,
2026-07-03T18:00:36.821878+00:00,2026-07-03T18:00:36.821592,3,2,111.3,0.2,111.2,625,111.0,200,110.9,500,,,,,,,,,,,,,,,111.4,625,111.5,500,,,,,,,,,,,,,,,,
2026-07-03T18:00:36.940281+00:00,2026-07-03T18:00:36.940125,2,1,111.3,0.2,111.2,625,111.0,200,,,,,,,,,,,,,,,,,111.4,625,,,,,,,,,,,,,,,,,,
2026-07-03T18:00:36.945882+00:00,2026-07-03T18:00:36.946404,3,1,111.3,0.2,111.2,625,111.0,200,110.8,500,,,,,,,,,,,,,,,111.4,625,,,,,,,,,,,,,,,,,,
2026-07-03T18:00:36.958577+00:00,2026-07-03T18:00:36.952670,3,2,111.3,0.2,111.2,625,111.0,200,110.8,500,,,,,,,,,,,,,,,111.4,625,111.5,500,,,,,,,,,,,,,,,,
2026-07-03T18:00:36.977854+00:00,2026-07-03T18:00:36.977541,2,2,111.3,0.2,111.2,625,110.8,500,,,,,,,,,,,,,,,,,111.4,625,111.5,500,,,,,,,,,,,,,,,,
2026-07-03T18:00:36.983884+00:00,2026-07-03T18:00:36.983569,3,2,111.35,0.1,111.3,200,111.2,625,110.8,500,,,,,,,,,,,,,,,111.4,625,111.5,700,,,,,,,,,,,,,,,,
2026-07-03T18:00:37.547695+00:00,2026-07-03T18:00:37.547573,3,2,111.35,0.1,111.3,200,111.2,625,111.0,500,,,,,,,,,,,,,,,111.4,625,111.5,200,,,,,,,,,,,,,,,,
2026-07-03T18:00:37.558776+00:00,2026-07-03T18:00:37.553205,3,3,111.35,0.1,111.3,200,111.2,625,111.0,500,,,,,,,,,,,,,,,111.4,625,111.5,200,111.6,500,,,,,,,,,,,,,,
2026-07-03T18:00:38.161452+00:00,2026-07-03T18:00:38.153169,2,3,111.2,0.2,111.1,625,110.9,500,,,,,,,,,,,,,,,,,111.3,413,111.5,200,111.6,500,,,,,,,,,,,,,,
2026-07-03T18:00:38.198057+00:00,2026-07-03T18:00:38.197898,2,2,111.2,0.2,111.1,625,110.9,500,,,,,,,,,,,,,,,,,111.3,213,111.6,700,,,,,,,,,,,,,,,,
2026-07-03T18:00:38.748532+00:00,2026-07-03T18:00:38.748378,1,2,111.2,0.2,111.1,625,,,,,,,,,,,,,,,,,,,111.3,213,111.6,700,,,,,,,,,,,,,,,,
2026-07-03T18:00:38.758622+00:00,2026-07-03T18:00:38.753892,2,2,111.2,0.2,111.1,625,110.9,500,,,,,,,,,,,,,,,,,111.3,213,111.6,200,,,,,,,,,,,,,,,,
2026-07-03T18:00:38.769148+00:00,2026-07-03T18:00:38.769059,2,2,111.2,0.2,111.1,625,110.9,500,,,,,,,,,,,,,,,,,111.3,213,111.6,700,,,,,,,,,,,,,,,,
2026-07-03T18:00:39.343615+00:00,2026-07-03T18:00:39.343462,1,2,111.2,0.2,111.1,625,,,,,,,,,,,,,,,,,,,111.3,213,111.6,700,,,,,,,,,,,,,,,,
2026-07-03T18:00:39.358557+00:00,2026-07-03T18:00:39.354318,1,2,111.2,0.2,111.1,625,,,,,,,,,,,,,,,,,,,111.3,213,111.6,200,,,,,,,,,,,,,,,,
2026-07-03T18:00:39.404402+00:00,2026-07-03T18:00:39.404043,2,3,111.2,0.2,111.1,625,110.9,500,,,,,,,,,,,,,,,,,111.3,213,111.5,500,111.6,200,,,,,,,,,,,,,,
2026-07-03T18:00:39.409847+00:00,2026-07-03T18:00:39.409713,2,2,111.2,0.2,111.1,625,110.9,500,,,,,,,,,,,,,,,,,111.3,13,111.5,500,,,,,,,,,,,,,,,,
2026-07-03T18:00:39.415056+00:00,2026-07-03T18:00:39.414949,2,2,111.2,0.2,111.1,625,110.9,500,,,,,,,,,,,,,,,,,111.3,13,111.5,700,,,,,,,,,,,,,,,,
2026-07-03T18:00:39.458980+00:00,2026-07-03T18:00:39.453018,1,2,111.2,0.6,110.9,500,,,,,,,,,,,,,,,,,,,111.5,75,111.7,625,,,,,,,,,,,,,,,,
2026-07-03T18:00:39.949783+00:00,2026-07-03T18:00:39.949253,0,2,,,,,,,,,,,,,,,,,,,,,,,111.5,75,111.7,625,,,,,,,,,,,,,,,,
2026-07-03T18:00:39.959033+00:00,2026-07-03T18:00:39.958857,1,2,111.2,0.6,110.9,500,,,,,,,,,,,,,,,,,,,111.5,575,111.7,625,,,,,,,,,,,,,,,,
2026-07-03T18:00:40.552473+00:00,2026-07-03T18:00:40.552395,0,2,,,,,,,,,,,,,,,,,,,,,,,111.5,575,111.7,625,,,,,,,,,,,,,,,,
2026-07-03T18:00:40.563970+00:00,2026-07-03T18:00:40.563776,0,2,,,,,,,,,,,,,,,,,,,,,,,111.5,75,111.7,625,,,,,,,,,,,,,,,,
2026-07-03T18:00:40.569333+00:00,2026-07-03T18:00:40.569083,1,2,111.15,0.7,110.8,500,,,,,,,,,,,,,,,,,,,111.5,75,111.7,625,,,,,,,,,,,,,,,,
2026-07-03T18:00:40.574586+00:00,2026-07-03T18:00:40.574396,1,2,111.15,0.7,110.8,500,,,,,,,,,,,,,,,,,,,111.5,575,111.7,625,,,,,,,,,,,,,,,,
2026-07-03T18:00:40.631767+00:00,2026-07-03T18:00:40.631681,1,2,111.15,0.7,110.8,500,,,,,,,,,,,,,,,,,,,111.5,500,111.7,625,,,,,,,,,,,,,,,,
2026-07-03T18:00:40.637067+00:00,2026-07-03T18:00:40.636967,2,3,111.45,0.1,111.4,200,110.8,500,,,,,,,,,,,,,,,,,111.5,500,111.6,200,111.7,625,,,,,,,,,,,,,,
2026-07-03T18:00:40.749047+00:00,2026-07-03T18:00:40.748969,3,2,111.45,0.1,111.4,200,111.3,625,110.8,500,,,,,,,,,,,,,,,111.5,1125,111.6,200,,,,,,,,,,,,,,,,
2026-07-03T18:00:41.153619+00:00,2026-07-03T18:00:41.153831,2,2,111.45,0.1,111.4,200,111.3,625,,,,,,,,,,,,,,,,,111.5,1125,111.6,200,,,,,,,,,,,,,,,,
2026-07-03T18:00:41.180752+00:00,2026-07-03T18:00:41.180657,3,2,111.45,0.1,111.4,200,111.3,625,110.8,500,,,,,,,,,,,,,,,111.5,1125,111.6,200,,,,,,,,,,,,,,,,
2026-07-03T18:00:41.758625+00:00,2026-07-03T18:00:41.756816,2,2,111.45,0.1,111.4,200,111.3,625,,,,,,,,,,,,,,,,,111.5,1125,111.6,200,,,,,,,,,,,,,,,,
2026-07-03T18:00:41.764453+00:00,2026-07-03T18:00:41.764126,2,2,111.45,0.1,111.4,200,111.3,625,,,,,,,,,,,,,,,,,111.5,625,111.6,200,,,,,,,,,,,,,,,,
2026-07-03T18:00:41.775322+00:00,2026-07-03T18:00:41.775148,3,2,111.45,0.1,111.4,200,111.3,625,110.8,500,,,,,,,,,,,,,,,111.5,625,111.6,200,,,,,,,,,,,,,,,,
2026-07-03T18:00:41.785767+00:00,2026-07-03T18:00:41.785651,2,3,111.35,0.1,111.3,625,110.8,500,,,,,,,,,,,,,,,,,111.4,300,111.5,625,111.6,200,,,,,,,,,,,,,,
2026-07-03T18:00:41.822811+00:00,2026-07-03T18:00:41.822693,3,2,111.35,0.1,111.3,625,111.2,200,110.8,500,,,,,,,,,,,,,,,111.4,300,111.5,625,,,,,,,,,,,,,,,,
2026-07-03T18:00:41.828018+00:00,2026-07-03T18:00:41.827890,3,2,111.35,0.1,111.3,625,111.2,200,110.8,500,,,,,,,,,,,,,,,111.4,500,111.5,625,,,,,,,,,,,,,,,,
2026-07-03T18:00:42.058555+00:00,2026-07-03T18:00:42.053534,3,1,111.5,0.2,111.4,125,111.2,200,110.8,500,,,,,,,,,,,,,,,111.6,625,,,,,,,,,,,,,,,,,,
2026-07-03T18:00:42.360103+00:00,2026-07-03T18:00:42.359877,2,1,111.5,0.2,111.4,125,111.2,200,,,,,,,,,,,,,,,,,111.6,625,,,,,,,,,,,,,,,,,,
2026-07-03T18:00:42.366784+00:00,2026-07-03T18:00:42.366214,3,1,111.5,0.2,111.4,125,111.2,200,110.9,500,,,,,,,,,,,,,,,111.6,625,,,,,,,,,,,,,,,,,,
2026-07-03T18:00:42.372493+00:00,2026-07-03T18:00:42.372112,3,2,111.45,0.1,111.4,125,111.2,200,110.9,500,,,,,,,,,,,,,,,111.5,500,111.6,625,,,,,,,,,,,,,,,,
2026-07-03T18:00:42.985742+00:00,2026-07-03T18:00:42.985706,2,2,111.45,0.1,111.4,125,111.2,200,,,,,,,,,,,,,,,,,111.5,500,111.6,625,,,,,,,,,,,,,,,,
2026-07-03T18:00:43.002089+00:00,2026-07-03T18:00:43.001847,2,1,111.5,0.2,111.4,125,111.2,200,,,,,,,,,,,,,,,,,111.6,625,,,,,,,,,,,,,,,,,,
2026-07-03T18:00:43.012635+00:00,2026-07-03T18:00:43.012486,3,1,111.5,0.2,111.4,125,111.2,200,110.9,500,,,,,,,,,,,,,,,111.6,625,,,,,,,,,,,,,,,,,,
2026-07-03T18:00:43.017980+00:00,2026-07-03T18:00:43.017811,3,2,111.45,0.1,111.4,125,111.2,200,110.9,500,,,,,,,,,,,,,,,111.5,500,111.6,625,,,,,,,,,,,,,,,,
2026-07-03T18:00:43.028585+00:00,2026-07-03T18:00:43.028448,3,2,111.45,0.1,111.4,125,111.3,200,110.9,500,,,,,,,,,,,,,,,111.5,500,111.6,625,,,,,,,,,,,,,,,,
2026-07-03T18:00:43.033684+00:00,2026-07-03T18:00:43.033631,3,2,111.45,0.1,111.4,125,111.3,200,110.9,500,,,,,,,,,,,,,,,111.5,700,111.6,625,,,,,,,,,,,,,,,,
2026-07-03T18:00:43.358681+00:00,2026-07-03T18:00:43.356931,2,1,111.4,0.2,111.3,200,110.9,500,,,,,,,,,,,,,,,,,111.5,700,,,,,,,,,,,,,,,,,,
2026-07-03T18:00:43.369123+00:00,2026-07-03T18:00:43.369074,1,2,111.0,0.2,110.9,1125,,,,,,,,,,,,,,,,,,,111.1,425,111.5,700,,,,,,,,,,,,,,,,
2026-07-03T18:00:43.593673+00:00,2026-07-03T18:00:43.593834,1,2,111.0,0.2,110.9,625,,,,,,,,,,,,,,,,,,,111.1,425,111.5,700,,,,,,,,,,,,,,,,
2026-07-03T18:00:43.599365+00:00,2026-07-03T18:00:43.599153,1,2,111.0,0.2,110.9,625,,,,,,,,,,,,,,,,,,,111.1,425,111.5,200,,,,,,,,,,,,,,,,
2026-07-03T18:00:43.604612+00:00,2026-07-03T18:00:43.604442,2,2,111.0,0.2,110.9,625,110.8,500,,,,,,,,,,,,,,,,,111.1,425,111.5,200,,,,,,,,,,,,,,,,
2026-07-03T18:00:43.615140+00:00,2026-07-03T18:00:43.615016,2,2,111.0,0.2,110.9,625,110.8,500,,,,,,,,,,,,,,,,,111.1,425,111.5,700,,,,,,,,,,,,,,,,
2026-07-03T18:00:44.191363+00:00,2026-07-03T18:00:44.191233,1,2,111.0,0.2,110.9,625,,,,,,,,,,,,,,,,,,,111.1,425,111.5,700,,,,,,,,,,,,,,,,
2026-07-03T18:00:44.197304+00:00,2026-07-03T18:00:44.197233,1,2,111.0,0.2,110.9,625,,,,,,,,,,,,,,,,,,,111.1,425,111.5,200,,,,,,,,,,,,,,,,
2026-07-03T18:00:44.208221+00:00,2026-07-03T18:00:44.207983,2,2,111.0,0.2,110.9,625,110.8,500,,,,,,,,,,,,,,,,,111.1,425,111.5,200,,,,,,,,,,,,,,,,
2026-07-03T18:00:44.251575+00:00,2026-07-03T18:00:44.251468,2,3,111.0,0.2,110.9,625,110.8,500,,,,,,,,,,,,,,,,,111.1,425,111.4,500,111.5,200,,,,,,,,,,,,,,
2026-07-03T18:00:44.258575+00:00,2026-07-03T18:00:44.257106,3,3,111.05,0.1,111.0,200,110.9,625,110.8,500,,,,,,,,,,,,,,,111.1,425,111.3,200,111.4,500,,,,,,,,,,,,,,
2026-07-03T18:00:44.678826+00:00,2026-07-03T18:00:44.669766,2,2,111.15,0.3,111.0,825,110.8,500,,,,,,,,,,,,,,,,,111.3,825,111.4,500,,,,,,,,,,,,,,,,
2026-07-03T18:00:44.750373+00:00,2026-07-03T18:00:44.750236,2,2,111.15,0.3,111.0,825,110.8,500,,,,,,,,,,,,,,,,,111.3,805,111.4,500,,,,,,,,,,,,,,,,
2026-07-03T18:00:44.798632+00:00,2026-07-03T18:00:44.798498,1,2,111.15,0.3,111.0,825,,,,,,,,,,,,,,,,,,,111.3,805,111.4,500,,,,,,,,,,,,,,,,
2026-07-03T18:00:44.804054+00:00,2026-07-03T18:00:44.803918,1,1,111.15,0.3,111.0,825,,,,,,,,,,,,,,,,,,,111.3,805,,,,,,,,,,,,,,,,,,
2026-07-03T18:00:44.809038+00:00,2026-07-03T18:00:44.809235,2,1,111.15,0.3,111.0,825,110.8,500,,,,,,,,,,,,,,,,,111.3,805,,,,,,,,,,,,,,,,,,
2026-07-03T18:00:44.825802+00:00,2026-07-03T18:00:44.825504,2,2,111.15,0.3,111.0,825,110.8,500,,,,,,,,,,,,,,,,,111.3,805,111.4,500,,,,,,,,,,,,,,,,
2026-07-03T18:00:45.401807+00:00,2026-07-03T18:00:45.401636,1,2,111.15,0.3,111.0,825,,,,,,,,,,,,,,,,,,,111.3,805,111.4,500,,,,,,,,,,,,,,,,
2026-07-03T18:00:45.407035+00:00,2026-07-03T18:00:45.406972,1,1,111.15,0.3,111.0,825,,,,,,,,,,,,,,,,,,,111.3,805,,,,,,,,,,,,,,,,,,
2026-07-03T18:00:45.412313+00:00,2026-07-03T18:00:45.412277,2,1,111.15,0.3,111.0,825,110.8,500,,,,,,,,,,,,,,,,,111.3,805,,,,,,,,,,,,,,,,,,
2026-07-03T18:00:45.422899+00:00,2026-07-03T18:00:45.422724,2,2,111.15,0.3,111.0,825,110.8,500,,,,,,,,,,,,,,,,,111.3,805,111.4,500,,,,,,,,,,,,,,,,
2026-07-03T18:00:45.440081+00:00,2026-07-03T18:00:45.439786,2,2,111.15,0.3,111.0,625,110.8,500,,,,,,,,,,,,,,,,,111.3,805,111.4,500,,,,,,,,,,,,,,,,
2026-07-03T18:00:45.471326+00:00,2026-07-03T18:00:45.471212,2,3,111.1,0.2,111.0,825,110.8,500,,,,,,,,,,,,,,,,,111.2,200,111.3,625,111.4,500,,,,,,,,,,,,,,
2026-07-03T18:00:45.670701+00:00,2026-07-03T18:00:45.668914,2,3,111.1,0.2,111.0,813,110.8,500,,,,,,,,,,,,,,,,,111.2,200,111.3,625,111.4,500,,,,,,,,,,,,,,
2026-07-03T18:00:45.736864+00:00,2026-07-03T18:00:45.736830,2,3,111.1,0.2,111.0,813,110.8,500,,,,,,,,,,,,,,,,,111.2,180,111.3,625,111.4,500,,,,,,,,,,,,,,
2026-07-03T18:00:45.987145+00:00,2026-07-03T18:00:45.979962,2,2,111.1,0.2,111.0,825,110.8,500,,,,,,,,,,,,,,,,,111.2,805,111.4,500,,,,,,,,,,,,,,,,
2026-07-03T18:00:46.066886+00:00,2026-07-03T18:00:46.066190,2,2,111.1,0.2,111.0,825,110.8,500,,,,,,,,,,,,,,,,,111.2,805,111.5,500,,,,,,,,,,,,,,,,
2026-07-03T18:00:46.606553+00:00,2026-07-03T18:00:46.606350,1,2,111.1,0.2,111.0,825,,,,,,,,,,,,,,,,,,,111.2,805,111.5,500,,,,,,,,,,,,,,,,
2026-07-03T18:00:46.611917+00:00,2026-07-03T18:00:46.611666,1,1,111.1,0.2,111.0,825,,,,,,,,,,,,,,,,,,,111.2,805,,,,,,,,,,,,,,,,,,
2026-07-03T18:00:46.617874+00:00,2026-07-03T18:00:46.617026,2,1,111.1,0.2,111.0,825,110.8,500,,,,,,,,,,,,,,,,,111.2,805,,,,,,,,,,,,,,,,,,
2026-07-03T18:00:46.638182+00:00,2026-07-03T18:00:46.638363,2,2,111.1,0.2,111.0,825,110.8,500,,,,,,,,,,,,,,,,,111.2,805,111.5,500,,,,,,,,,,,,,,,,
2026-07-03T18:00:46.663838+00:00,2026-07-03T18:00:46.663788,2,2,111.1,0.2,111.0,825,110.8,500,,,,,,,,,,,,,,,,,111.2,625,111.5,500,,,,,,,,,,,,,,,,
2026-07-03T18:00:46.669115+00:00,2026-07-03T18:00:46.668994,2,2,111.1,0.2,111.0,825,110.8,500,,,,,,,,,,,,,,,,,111.2,825,111.5,500,,,,,,,,,,,,,,,,
2026-07-03T18:00:47.205707+00:00,2026-07-03T18:00:47.205596,1,2,111.1,0.2,111.0,825,,,,,,,,,,,,,,,,,,,111.2,825,111.5,500,,,,,,,,,,,,,,,,
2026-07-03T18:00:47.216335+00:00,2026-07-03T18:00:47.216120,1,1,111.1,0.2,111.0,825,,,,,,,,,,,,,,,,,,,111.2,825,,,,,,,,,,,,,,,,,,
2026-07-03T18:00:47.226821+00:00,2026-07-03T18:00:47.226661,2,1,111.1,0.2,111.0,825,110.9,500,,,,,,,,,,,,,,,,,111.2,825,,,,,,,,,,,,,,,,,,
2026-07-03T18:00:47.232066+00:00,2026-07-03T18:00:47.231967,2,2,111.1,0.2,111.0,825,110.9,500,,,,,,,,,,,,,,,,,111.2,825,111.5,500,,,,,,,,,,,,,,,,
2026-07-03T18:00:47.327669+00:00,2026-07-03T18:00:47.327974,2,3,111.05,0.1,111.0,200,110.9,1125,,,,,,,,,,,,,,,,,111.1,625,111.2,200,111.5,500,,,,,,,,,,,,,,
2026-07-03T18:00:47.812842+00:00,2026-07-03T18:00:47.812707,2,3,111.05,0.1,111.0,200,110.9,625,,,,,,,,,,,,,,,,,111.1,625,111.2,200,111.5,500,,,,,,,,,,,,,,
2026-07-03T18:00:47.818118+00:00,2026-07-03T18:00:47.818038,2,2,111.05,0.1,111.0,200,110.9,625,,,,,,,,,,,,,,,,,111.1,625,111.2,200,,,,,,,,,,,,,,,,
2026-07-03T18:00:47.823453+00:00,2026-07-03T18:00:47.823333,3,2,111.05,0.1,111.0,200,110.9,625,110.8,500,,,,,,,,,,,,,,,111.1,625,111.2,200,,,,,,,,,,,,,,,,
2026-07-03T18:00:47.828860+00:00,2026-07-03T18:00:47.828658,3,3,111.05,0.1,111.0,200,110.9,625,110.8,500,,,,,,,,,,,,,,,111.1,625,111.2,200,111.5,500,,,,,,,,,,,,,,
2026-07-03T18:00:47.863994+00:00,2026-07-03T18:00:47.863898,2,3,111.0,0.2,110.9,625,110.8,500,,,,,,,,,,,,,,,,,111.1,625,111.2,200,111.5,500,,,,,,,,,,,,,,
2026-07-03T18:00:47.869278+00:00,2026-07-03T18:00:47.869176,2,2,111.0,0.2,110.9,625,110.8,500,,,,,,,,,,,,,,,,,111.1,625,111.5,500,,,,,,,,,,,,,,,,
2026-07-03T18:00:47.874262+00:00,2026-07-03T18:00:47.874393,2,2,111.0,0.2,110.9,825,110.8,500,,,,,,,,,,,,,,,,,111.1,825,111.5,500,,,,,,,,,,,,,,,,
2026-07-03T18:00:48.416653+00:00,2026-07-03T18:00:48.416380,1,1,111.0,0.2,110.9,825,,,,,,,,,,,,,,,,,,,111.1,825,,,,,,,,,,,,,,,,,,
2026-07-03T18:00:48.423305+00:00,2026-07-03T18:00:48.422812,2,1,111.0,0.2,110.9,825,110.8,500,,,,,,,,,,,,,,,,,111.1,825,,,,,,,,,,,,,,,,,,
2026-07-03T18:00:48.434336+00:00,2026-07-03T18:00:48.434224,2,2,111.0,0.2,110.9,825,110.8,500,,,,,,,,,,,,,,,,,111.1,825,111.4,500,,,,,,,,,,,,,,,,
2026-07-03T18:00:48.608210+00:00,2026-07-03T18:00:48.608037,2,2,111.0,0.2,110.9,825,110.8,500,,,,,,,,,,,,,,,,,111.1,200,111.4,500,,,,,,,,,,,,,,,,
2026-07-03T18:00:48.619069+00:00,2026-07-03T18:00:48.618822,2,2,111.0,0.2,110.9,825,110.8,500,,,,,,,,,,,,,,,,,111.1,825,111.4,500,,,,,,,,,,,,,,,,
2026-07-03T18:00:49.043651+00:00,2026-07-03T18:00:49.044236,1,1,111.0,0.2,110.9,825,,,,,,,,,,,,,,,,,,,111.1,825,,,,,,,,,,,,,,,,,,
2026-07-03T18:00:49.058573+00:00,2026-07-03T18:00:49.055662,2,2,111.0,0.2,110.9,825,110.7,500,,,,,,,,,,,,,,,,,111.1,825,111.3,500,,,,,,,,,,,,,,,,
2026-07-03T18:00:49.106013+00:00,2026-07-03T18:00:49.105825,3,3,110.95,0.1,110.9,625,110.8,200,110.7,500,,,,,,,,,,,,,,,111.0,200,111.1,625,111.3,500,,,,,,,,,,,,,,
2026-07-03T18:00:49.336106+00:00,2026-07-03T18:00:49.336034,3,3,110.95,0.1,110.9,605,110.8,200,110.7,500,,,,,,,,,,,,,,,111.0,200,111.1,625,111.3,500,,,,,,,,,,,,,,
2026-07-03T18:00:49.659214+00:00,2026-07-03T18:00:49.659077,2,3,110.95,0.1,110.9,605,110.8,700,,,,,,,,,,,,,,,,,111.0,200,111.1,625,111.4,500,,,,,,,,,,,,,,
2026-07-03T18:00:49.958717+00:00,2026-07-03T18:00:49.951882,2,3,110.95,0.1,110.9,625,110.8,700,,,,,,,,,,,,,,,,,111.0,200,111.1,625,111.4,500,,,,,,,,,,,,,,
2026-07-03T18:00:50.252479+00:00,2026-07-03T18:00:50.252170,2,2,110.95,0.1,110.9,625,110.8,200,,,,,,,,,,,,,,,,,111.0,200,111.1,625,,,,,,,,,,,,,,,,
2026-07-03T18:00:50.258552+00:00,2026-07-03T18:00:50.258010,3,2,110.95,0.1,110.9,625,110.8,200,110.7,500,,,,,,,,,,,,,,,111.0,200,111.1,625,,,,,,,,,,,,,,,,
2026-07-03T18:00:50.265124+00:00,2026-07-03T18:00:50.264891,3,3,110.95,0.1,110.9,625,110.8,200,110.7,500,,,,,,,,,,,,,,,111.0,200,111.1,625,111.4,500,,,,,,,,,,,,,,
2026-07-03T18:00:50.312374+00:00,2026-07-03T18:00:50.312251,2,2,111.0,0.2,110.9,825,110.7,500,,,,,,,,,,,,,,,,,111.1,825,111.4,500,,,,,,,,,,,,,,,,
2026-07-03T18:00:50.735272+00:00,2026-07-03T18:00:50.735225,2,2,111.0,0.2,110.9,805,110.7,500,,,,,,,,,,,,,,,,,111.1,825,111.4,500,,,,,,,,,,,,,,,,
2026-07-03T18:00:50.858860+00:00,2026-07-03T18:00:50.858746,1,1,111.0,0.2,110.9,805,,,,,,,,,,,,,,,,,,,111.1,825,,,,,,,,,,,,,,,,,,
2026-07-03T18:00:50.864131+00:00,2026-07-03T18:00:50.864071,2,1,111.0,0.2,110.9,805,110.6,500,,,,,,,,,,,,,,,,,111.1,825,,,,,,,,,,,,,,,,,,
2026-07-03T18:00:50.869434+00:00,2026-07-03T18:00:50.869365,2,2,111.0,0.2,110.9,805,110.6,500,,,,,,,,,,,,,,,,,111.1,825,111.3,500,,,,,,,,,,,,,,,,
2026-07-03T18:00:51.230293+00:00,2026-07-03T18:00:51.230179,3,3,111.05,0.1,111.0,625,110.9,200,110.6,500,,,,,,,,,,,,,,,111.1,200,111.2,625,111.3,500,,,,,,,,,,,,,,
2026-07-03T18:00:51.459440+00:00,2026-07-03T18:00:51.458885,2,2,111.05,0.1,111.0,625,110.9,200,,,,,,,,,,,,,,,,,111.1,200,111.2,625,,,,,,,,,,,,,,,,
2026-07-03T18:00:51.470067+00:00,2026-07-03T18:00:51.469920,3,2,111.05,0.1,111.0,625,110.9,200,110.6,500,,,,,,,,,,,,,,,111.1,200,111.2,625,,,,,,,,,,,,,,,,
2026-07-03T18:00:51.481103+00:00,2026-07-03T18:00:51.480869,3,3,111.05,0.1,111.0,625,110.9,200,110.6,500,,,,,,,,,,,,,,,111.1,200,111.2,625,111.3,500,,,,,,,,,,,,,,
2026-07-03T18:00:51.491067+00:00,2026-07-03T18:00:51.490960,2,3,111.05,0.1,111.0,625,110.6,500,,,,,,,,,,,,,,,,,111.1,200,111.2,625,111.3,500,,,,,,,,,,,,,,
2026-07-03T18:00:51.501614+00:00,2026-07-03T18:00:51.501543,3,2,111.1,0.2,111.0,625,110.9,200,110.6,500,,,,,,,,,,,,,,,111.2,625,111.3,500,,,,,,,,,,,,,,,,
2026-07-03T18:00:51.506820+00:00,2026-07-03T18:00:51.506736,3,3,111.05,0.1,111.0,625,110.9,200,110.6,500,,,,,,,,,,,,,,,111.1,200,111.2,625,111.3,500,,,,,,,,,,,,,,
2026-07-03T18:00:52.058677+00:00,2026-07-03T18:00:52.054545,2,2,111.05,0.1,111.0,625,110.9,200,,,,,,,,,,,,,,,,,111.1,200,111.2,625,,,,,,,,,,,,,,,,
2026-07-03T18:00:52.068730+00:00,2026-07-03T18:00:52.069586,3,3,111.05,0.1,111.0,625,110.9,200,110.6,500,,,,,,,,,,,,,,,111.1,200,111.2,625,111.3,500,,,,,,,,,,,,,,
2026-07-03T18:00:52.550968+00:00,2026-07-03T18:00:52.551215,3,3,111.05,0.1,111.0,625,110.9,200,110.6,500,,,,,,,,,,,,,,,111.1,200,111.2,625,111.3,500,,,,,,,,,,,,,,
2026-07-03T18:00:52.658598+00:00,2026-07-03T18:00:52.657265,2,3,111.05,0.1,111.0,625,110.9,200,,,,,,,,,,,,,,,,,111.1,200,111.2,625,111.3,500,,,,,,,,,,,,,,
2026-07-03T18:00:52.669653+00:00,2026-07-03T18:00:52.669492,2,2,111.05,0.1,111.0,625,110.9,200,,,,,,,,,,,,,,,,,111.1,200,111.2,625,,,,,,,,,,,,,,,,
2026-07-03T18:00:52.702427+00:00,2026-07-03T18:00:52.702186,2,3,111.05,0.1,111.0,625,110.6,500,,,,,,,,,,,,,,,,,111.1,200,111.2,625,111.3,500,,,,,,,,,,,,,,
2026-07-03T18:00:52.713087+00:00,2026-07-03T18:00:52.713018,3,3,111.05,0.1,111.0,625,110.9,200,110.6,500,,,,,,,,,,,,,,,111.1,200,111.2,625,111.3,500,,,,,,,,,,,,,,
2026-07-03T18:00:53.270150+00:00,2026-07-03T18:00:53.269954,3,2,111.05,0.1,111.0,625,110.9,200,110.7,500,,,,,,,,,,,,,,,111.1,200,111.2,625,,,,,,,,,,,,,,,,
2026-07-03T18:00:53.300850+00:00,2026-07-03T18:00:53.300228,3,3,111.05,0.1,111.0,625,110.9,200,110.7,500,,,,,,,,,,,,,,,111.1,200,111.2,625,111.3,500,,,,,,,,,,,,,,
2026-07-03T18:00:53.852581+00:00,2026-07-03T18:00:53.843477,3,1,111.2,0.2,111.1,425,110.9,200,110.7,500,,,,,,,,,,,,,,,111.3,1125,,,,,,,,,,,,,,,,,,
2026-07-03T18:00:53.858645+00:00,2026-07-03T18:00:53.858140,2,1,111.2,0.2,111.1,425,110.9,200,,,,,,,,,,,,,,,,,111.3,1125,,,,,,,,,,,,,,,,,,
2026-07-03T18:00:53.875056+00:00,2026-07-03T18:00:53.874846,2,1,111.2,0.2,111.1,425,110.9,200,,,,,,,,,,,,,,,,,111.3,625,,,,,,,,,,,,,,,,,,
2026-07-03T18:00:53.896478+00:00,2026-07-03T18:00:53.896360,3,1,111.2,0.2,111.1,425,110.9,200,110.6,500,,,,,,,,,,,,,,,111.3,625,,,,,,,,,,,,,,,,,,
2026-07-03T18:00:53.928062+00:00,2026-07-03T18:00:53.927756,3,1,111.2,0.2,111.1,425,110.9,200,110.6,500,,,,,,,,,,,,,,,111.3,1125,,,,,,,,,,,,,,,,,,
2026-07-03T18:00:53.933962+00:00,2026-07-03T18:00:53.933533,3,1,111.2,0.2,111.1,225,110.9,200,110.6,500,,,,,,,,,,,,,,,111.3,1125,,,,,,,,,,,,,,,,,,
2026-07-03T18:00:54.464760+00:00,2026-07-03T18:00:54.464435,2,1,111.2,0.2,111.1,225,110.9,200,,,,,,,,,,,,,,,,,111.3,1125,,,,,,,,,,,,,,,,,,
2026-07-03T18:00:54.470585+00:00,2026-07-03T18:00:54.470163,2,1,111.2,0.2,111.1,225,110.9,200,,,,,,,,,,,,,,,,,111.3,625,,,,,,,,,,,,,,,,,,
2026-07-03T18:00:54.481190+00:00,2026-07-03T18:00:54.480951,3,1,111.2,0.2,111.1,225,110.9,200,110.7,500,,,,,,,,,,,,,,,111.3,625,,,,,,,,,,,,,,,,,,
2026-07-03T18:00:54.486353+00:00,2026-07-03T18:00:54.486252,3,1,111.2,0.2,111.1,225,110.9,200,110.7,500,,,,,,,,,,,,,,,111.3,1125,,,,,,,,,,,,,,,,,,
2026-07-03T18:00:55.096142+00:00,2026-07-03T18:00:55.095928,2,1,111.2,0.2,111.1,225,110.9,200,,,,,,,,,,,,,,,,,111.3,1125,,,,,,,,,,,,,,,,,,
2026-07-03T18:00:55.101435+00:00,2026-07-03T18:00:55.101244,2,1,111.2,0.2,111.1,225,110.9,200,,,,,,,,,,,,,,,,,111.3,625,,,,,,,,,,,,,,,,,,
2026-07-03T18:00:55.106684+00:00,2026-07-03T18:00:55.106541,3,1,111.2,0.2,111.1,225,110.9,200,110.7,500,,,,,,,,,,,,,,,111.3,625,,,,,,,,,,,,,,,,,,
2026-07-03T18:00:55.111956+00:00,2026-07-03T18:00:55.111884,3,2,111.2,0.2,111.1,225,110.9,200,110.7,500,,,,,,,,,,,,,,,111.3,625,111.4,500,,,,,,,,,,,,,,,,
2026-07-03T18:00:55.122600+00:00,2026-07-03T18:00:55.122486,2,2,111.2,0.2,111.1,225,110.7,500,,,,,,,,,,,,,,,,,111.3,625,111.4,500,,,,,,,,,,,,,,,,
2026-07-03T18:00:55.127858+00:00,2026-07-03T18:00:55.127807,3,2,111.2,0.2,111.1,25,110.9,200,110.7,500,,,,,,,,,,,,,,,111.3,625,111.4,500,,,,,,,,,,,,,,,,
2026-07-03T18:00:55.163161+00:00,2026-07-03T18:00:55.161570,1,2,110.8,0.2,110.7,1125,,,,,,,,,,,,,,,,,,,110.9,413,111.4,500,,,,,,,,,,,,,,,,
2026-07-03T18:00:55.700862+00:00,2026-07-03T18:00:55.700689,1,2,110.8,0.2,110.7,625,,,,,,,,,,,,,,,,,,,110.9,413,111.4,500,,,,,,,,,,,,,,,,
2026-07-03T18:00:55.705851+00:00,2026-07-03T18:00:55.706008,1,1,110.8,0.2,110.7,625,,,,,,,,,,,,,,,,,,,110.9,413,,,,,,,,,,,,,,,,,,
2026-07-03T18:00:55.716568+00:00,2026-07-03T18:00:55.716454,2,1,110.85,0.1,110.8,500,110.7,625,,,,,,,,,,,,,,,,,110.9,413,,,,,,,,,,,,,,,,,,
2026-07-03T18:00:55.721773+00:00,2026-07-03T18:00:55.721741,2,2,110.85,0.1,110.8,500,110.7,625,,,,,,,,,,,,,,,,,110.9,413,111.4,500,,,,,,,,,,,,,,,,
2026-07-03T18:00:56.304477+00:00,2026-07-03T18:00:56.304034,1,2,110.8,0.2,110.7,625,,,,,,,,,,,,,,,,,,,110.9,413,111.4,500,,,,,,,,,,,,,,,,
2026-07-03T18:00:56.309952+00:00,2026-07-03T18:00:56.310551,1,1,110.8,0.2,110.7,1125,,,,,,,,,,,,,,,,,,,110.9,413,,,,,,,,,,,,,,,,,,
2026-07-03T18:00:56.316719+00:00,2026-07-03T18:00:56.316633,1,2,110.8,0.2,110.7,1125,,,,,,,,,,,,,,,,,,,110.9,413,111.4,500,,,,,,,,,,,,,,,,
2026-07-03T18:00:56.337747+00:00,2026-07-03T18:00:56.337671,2,2,110.85,0.1,110.8,200,110.7,1125,,,,,,,,,,,,,,,,,110.9,413,111.4,500,,,,,,,,,,,,,,,,
2026-07-03T18:00:56.343076+00:00,2026-07-03T18:00:56.342918,2,3,110.85,0.1,110.8,200,110.7,1125,,,,,,,,,,,,,,,,,110.9,413,111.0,200,111.4,500,,,,,,,,,,,,,,
2026-07-03T18:00:56.459276+00:00,2026-07-03T18:00:56.459182,2,3,110.85,0.1,110.8,200,110.7,500,,,,,,,,,,,,,,,,,110.9,413,111.0,200,111.4,500,,,,,,,,,,,,,,
2026-07-03T18:00:56.464451+00:00,2026-07-03T18:00:56.464427,2,2,110.9,0.2,110.8,825,110.7,500,,,,,,,,,,,,,,,,,111.0,825,111.4,500,,,,,,,,,,,,,,,,
2026-07-03T18:00:56.901423+00:00,2026-07-03T18:00:56.901239,1,2,110.9,0.2,110.8,825,,,,,,,,,,,,,,,,,,,111.0,825,111.4,500,,,,,,,,,,,,,,,,
2026-07-03T18:00:56.912280+00:00,2026-07-03T18:00:56.912109,1,1,110.9,0.2,110.8,825,,,,,,,,,,,,,,,,,,,111.0,825,,,,,,,,,,,,,,,,,,
2026-07-03T18:00:56.918258+00:00,2026-07-03T18:00:56.918132,2,2,110.9,0.2,110.8,825,110.7,500,,,,,,,,,,,,,,,,,111.0,825,111.3,500,,,,,,,,,,,,,,,,
2026-07-03T18:00:57.509106+00:00,2026-07-03T18:00:57.508876,1,1,110.9,0.2,110.8,825,,,,,,,,,,,,,,,,,,,111.0,825,,,,,,,,,,,,,,,,,,
2026-07-03T18:00:57.541057+00:00,2026-07-03T18:00:57.540798,2,2,110.9,0.2,110.8,625,110.7,500,,,,,,,,,,,,,,,,,111.0,625,111.4,500,,,,,,,,,,,,,,,,
2026-07-03T18:00:57.552693+00:00,2026-07-03T18:00:57.552574,2,3,110.9,0.2,110.8,825,110.7,500,,,,,,,,,,,,,,,,,111.0,625,111.1,200,111.4,500,,,,,,,,,,,,,,
2026-07-03T18:00:57.772623+00:00,2026-07-03T18:00:57.772489,3,3,111.05,0.1,111.0,625,110.8,200,110.7,500,,,,,,,,,,,,,,,111.1,200,111.3,625,111.4,500,,,,,,,,,,,,,,
2026-07-03T18:00:58.107744+00:00,2026-07-03T18:00:58.107662,2,3,111.05,0.1,111.0,625,110.8,200,,,,,,,,,,,,,,,,,111.1,200,111.3,625,111.4,500,,,,,,,,,,,,,,
2026-07-03T18:00:58.164523+00:00,2026-07-03T18:00:58.154252,2,3,111.05,0.1,111.0,625,110.8,700,,,,,,,,,,,,,,,,,111.1,200,111.3,625,111.4,500,,,,,,,,,,,,,,
2026-07-03T18:00:58.310220+00:00,2026-07-03T18:00:58.308666,2,3,111.05,0.1,111.0,602,110.8,700,,,,,,,,,,,,,,,,,111.1,200,111.3,625,111.4,500,,,,,,,,,,,,,,
2026-07-03T18:00:58.715447+00:00,2026-07-03T18:00:58.715309,2,3,111.05,0.1,111.0,602,110.8,200,,,,,,,,,,,,,,,,,111.1,200,111.3,625,111.4,500,,,,,,,,,,,,,,
2026-07-03T18:00:58.720703+00:00,2026-07-03T18:00:58.720641,2,2,111.05,0.1,111.0,602,110.8,200,,,,,,,,,,,,,,,,,111.1,200,111.3,625,,,,,,,,,,,,,,,,
2026-07-03T18:00:58.732159+00:00,2026-07-03T18:00:58.731226,2,2,111.05,0.1,111.0,602,110.8,700,,,,,,,,,,,,,,,,,111.1,200,111.3,625,,,,,,,,,,,,,,,,
2026-07-03T18:00:58.769743+00:00,2026-07-03T18:00:58.769554,2,3,111.05,0.1,111.0,602,110.8,700,,,,,,,,,,,,,,,,,111.1,200,111.3,625,111.5,500,,,,,,,,,,,,,,
2026-07-03T18:00:58.775570+00:00,2026-07-03T18:00:58.775234,3,3,111.05,0.1,111.0,602,110.9,200,110.8,500,,,,,,,,,,,,,,,111.1,200,111.3,625,111.5,500,,,,,,,,,,,,,,
2026-07-03T18:00:59.078092+00:00,2026-07-03T18:00:59.077973,2,3,111.0,0.2,110.9,825,110.8,500,,,,,,,,,,,,,,,,,111.1,200,111.2,625,111.5,500,,,,,,,,,,,,,,
2026-07-03T18:00:59.311816+00:00,2026-07-03T18:00:59.311409,1,3,111.0,0.2,110.9,825,,,,,,,,,,,,,,,,,,,111.1,200,111.2,625,111.5,500,,,,,,,,,,,,,,
2026-07-03T18:00:59.322710+00:00,2026-07-03T18:00:59.322512,1,2,111.0,0.2,110.9,825,,,,,,,,,,,,,,,,,,,111.1,200,111.2,625,,,,,,,,,,,,,,,,
2026-07-03T18:00:59.328018+00:00,2026-07-03T18:00:59.327843,2,2,111.0,0.2,110.9,825,110.8,500,,,,,,,,,,,,,,,,,111.1,200,111.2,625,,,,,,,,,,,,,,,,
2026-07-03T18:00:59.333327+00:00,2026-07-03T18:00:59.333151,2,3,111.0,0.2,110.9,825,110.8,500,,,,,,,,,,,,,,,,,111.1,200,111.2,625,111.5,500,,,,,,,,,,,,,,
2026-07-03T18:00:59.922212+00:00,2026-07-03T18:00:59.921985,1,2,111.0,0.2,110.9,825,,,,,,,,,,,,,,,,,,,111.1,200,111.2,625,,,,,,,,,,,,,,,,
2026-07-03T18:00:59.928133+00:00,2026-07-03T18:00:59.928504,1,2,111.0,0.2,110.9,1325,,,,,,,,,,,,,,,,,,,111.1,200,111.2,625,,,,,,,,,,,,,,,,
2026-07-03T18:00:59.939738+00:00,2026-07-03T18:00:59.939419,1,3,111.0,0.2,110.9,1325,,,,,,,,,,,,,,,,,,,111.1,200,111.2,625,111.5,500,,,,,,,,,,,,,,
2026-07-03T18:00:59.972446+00:00,2026-07-03T18:00:59.972390,2,2,111.1,0.2,111.0,200,110.9,1125,,,,,,,,,,,,,,,,,111.2,625,111.5,500,,,,,,,,,,,,,,,,
2026-07-03T18:01:00.009955+00:00,2026-07-03T18:01:00.009604,2,2,111.1,0.2,111.0,200,110.9,1125,,,,,,,,,,,,,,,,,111.2,825,111.5,500,,,,,,,,,,,,,,,,
2026-07-03T18:01:00.387687+00:00,2026-07-03T18:01:00.387537,2,2,111.1,0.2,111.0,200,110.9,1125,,,,,,,,,,,,,,,,,111.2,825,111.5,500,,,,,,,,,,,,,,,,
2026-07-03T18:01:00.523383+00:00,2026-07-03T18:01:00.523058,2,1,111.1,0.2,111.0,200,110.9,625,,,,,,,,,,,,,,,,,111.2,825,,,,,,,,,,,,,,,,,,
2026-07-03T18:01:00.534281+00:00,2026-07-03T18:01:00.534485,2,1,111.1,0.2,111.0,200,110.9,1125,,,,,,,,,,,,,,,,,111.2,825,,,,,,,,,,,,,,,,,,
2026-07-03T18:01:00.539816+00:00,2026-07-03T18:01:00.539792,2,2,111.1,0.2,111.0,200,110.9,1125,,,,,,,,,,,,,,,,,111.2,825,111.6,500,,,,,,,,,,,,,,,,
2026-07-03T18:01:01.143341+00:00,2026-07-03T18:01:01.142862,2,2,111.1,0.2,111.0,200,110.9,625,,,,,,,,,,,,,,,,,111.2,825,111.6,500,,,,,,,,,,,,,,,,
2026-07-03T18:01:01.158639+00:00,2026-07-03T18:01:01.154510,2,1,111.1,0.2,111.0,200,110.9,1125,,,,,,,,,,,,,,,,,111.2,825,,,,,,,,,,,,,,,,,,
2026-07-03T18:01:01.169230+00:00,2026-07-03T18:01:01.169035,2,2,111.1,0.2,111.0,200,110.9,1125,,,,,,,,,,,,,,,,,111.2,825,111.5,500,,,,,,,,,,,,,,,,
2026-07-03T18:01:01.187318+00:00,2026-07-03T18:01:01.187025,2,2,111.1,0.2,111.0,200,110.9,1125,,,,,,,,,,,,,,,,,111.2,625,111.5,500,,,,,,,,,,,,,,,,
2026-07-03T18:01:01.198066+00:00,2026-07-03T18:01:01.197955,2,2,111.1,0.2,111.0,200,110.9,1125,,,,,,,,,,,,,,,,,111.2,825,111.5,500,,,,,,,,,,,,,,,,
2026-07-03T18:01:01.693610+00:00,2026-07-03T18:01:01.693500,3,2,111.1,0.2,111.0,200,110.9,500,110.7,625,,,,,,,,,,,,,,,111.2,200,111.5,500,,,,,,,,,,,,,,,,
2026-07-03T18:01:01.698614+00:00,2026-07-03T18:01:01.698752,2,2,111.05,0.3,110.9,75,110.7,625,,,,,,,,,,,,,,,,,111.2,200,111.5,500,,,,,,,,,,,,,,,,
2026-07-03T18:01:01.750431+00:00,2026-07-03T18:01:01.750285,1,2,110.95,0.5,110.7,625,,,,,,,,,,,,,,,,,,,111.2,200,111.5,500,,,,,,,,,,,,,,,,
2026-07-03T18:01:01.755451+00:00,2026-07-03T18:01:01.755638,1,1,110.95,0.5,110.7,625,,,,,,,,,,,,,,,,,,,111.2,200,,,,,,,,,,,,,,,,,,
2026-07-03T18:01:01.767601+00:00,2026-07-03T18:01:01.767447,2,1,111.0,0.4,110.8,500,110.7,625,,,,,,,,,,,,,,,,,111.2,200,,,,,,,,,,,,,,,,,,
2026-07-03T18:01:01.772967+00:00,2026-07-03T18:01:01.772815,2,2,111.0,0.4,110.8,500,110.7,625,,,,,,,,,,,,,,,,,111.2,200,111.5,500,,,,,,,,,,,,,,,,
2026-07-03T18:01:02.358589+00:00,2026-07-03T18:01:02.353356,1,1,110.95,0.5,110.7,625,,,,,,,,,,,,,,,,,,,111.2,200,,,,,,,,,,,,,,,,,,
2026-07-03T18:01:02.385732+00:00,2026-07-03T18:01:02.385551,2,2,111.0,0.4,110.8,500,110.7,625,,,,,,,,,,,,,,,,,111.2,200,111.5,500,,,,,,,,,,,,,,,,
2026-07-03T18:01:02.417310+00:00,2026-07-03T18:01:02.415756,3,2,111.0,0.2,110.9,200,110.8,500,110.7,625,,,,,,,,,,,,,,,111.1,189,111.5,500,,,,,,,,,,,,,,,,
2026-07-03T18:01:02.959089+00:00,2026-07-03T18:01:02.957136,3,1,111.0,0.2,110.9,200,110.8,500,110.7,625,,,,,,,,,,,,,,,111.1,189,,,,,,,,,,,,,,,,,,
2026-07-03T18:01:02.974657+00:00,2026-07-03T18:01:02.974982,3,2,111.0,0.2,110.9,200,110.8,500,110.7,625,,,,,,,,,,,,,,,111.1,189,111.5,500,,,,,,,,,,,,,,,,
2026-07-03T18:01:02.996958+00:00,2026-07-03T18:01:02.997459,2,2,111.0,0.2,110.9,200,110.8,500,,,,,,,,,,,,,,,,,111.1,189,111.5,500,,,,,,,,,,,,,,,,
2026-07-03T18:01:03.003402+00:00,2026-07-03T18:01:03.003041,2,2,111.0,0.2,110.9,825,110.8,500,,,,,,,,,,,,,,,,,111.1,189,111.5,500,,,,,,,,,,,,,,,,
2026-07-03T18:01:03.014470+00:00,2026-07-03T18:01:03.014365,2,2,111.0,0.2,110.9,825,110.8,500,,,,,,,,,,,,,,,,,111.1,814,111.5,500,,,,,,,,,,,,,,,,
2026-07-03T18:01:03.558703+00:00,2026-07-03T18:01:03.553112,1,2,111.0,0.2,110.9,825,,,,,,,,,,,,,,,,,,,111.1,814,111.5,500,,,,,,,,,,,,,,,,
2026-07-03T18:01:03.563903+00:00,2026-07-03T18:01:03.563797,1,1,111.0,0.2,110.9,825,,,,,,,,,,,,,,,,,,,111.1,814,,,,,,,,,,,,,,,,,,
2026-07-03T18:01:03.569306+00:00,2026-07-03T18:01:03.569138,2,1,111.0,0.2,110.9,825,110.8,500,,,,,,,,,,,,,,,,,111.1,814,,,,,,,,,,,,,,,,,,
2026-07-03T18:01:03.574559+00:00,2026-07-03T18:01:03.574481,2,2,111.0,0.2,110.9,825,110.8,500,,,,,,,,,,,,,,,,,111.1,814,111.4,500,,,,,,,,,,,,,,,,
2026-07-03T18:01:03.605590+00:00,2026-07-03T18:01:03.605539,2,2,111.0,0.2,110.9,625,110.8,500,,,,,,,,,,,,,,,,,111.1,625,111.4,500,,,,,,,,,,,,,,,,
2026-07-03T18:01:03.616562+00:00,2026-07-03T18:01:03.616529,2,2,111.0,0.2,110.9,825,110.8,500,,,,,,,,,,,,,,,,,111.1,825,111.4,500,,,,,,,,,,,,,,,,
2026-07-03T18:01:04.171379+00:00,2026-07-03T18:01:04.171342,1,2,111.0,0.2,110.9,825,,,,,,,,,,,,,,,,,,,111.1,825,111.4,500,,,,,,,,,,,,,,,,
2026-07-03T18:01:04.176847+00:00,2026-07-03T18:01:04.176731,1,1,111.0,0.2,110.9,825,,,,,,,,,,,,,,,,,,,111.1,825,,,,,,,,,,,,,,,,,,
2026-07-03T18:01:04.198295+00:00,2026-07-03T18:01:04.198146,2,1,111.0,0.2,110.9,825,110.8,500,,,,,,,,,,,,,,,,,111.1,825,,,,,,,,,,,,,,,,,,
2026-07-03T18:01:04.203925+00:00,2026-07-03T18:01:04.203475,2,2,111.0,0.2,110.9,825,110.8,500,,,,,,,,,,,,,,,,,111.1,825,111.4,500,,,,,,,,,,,,,,,,
2026-07-03T18:01:04.311918+00:00,2026-07-03T18:01:04.311636,3,3,111.05,0.1,111.0,625,110.9,200,110.8,500,,,,,,,,,,,,,,,111.1,200,111.2,625,111.4,500,,,,,,,,,,,,,,
2026-07-03T18:01:04.764500+00:00,2026-07-03T18:01:04.764279,2,2,111.05,0.1,111.0,625,110.9,200,,,,,,,,,,,,,,,,,111.1,200,111.2,625,,,,,,,,,,,,,,,,
2026-07-03T18:01:04.770448+00:00,2026-07-03T18:01:04.769995,3,2,111.05,0.1,111.0,625,110.9,200,110.7,500,,,,,,,,,,,,,,,111.1,200,111.2,625,,,,,,,,,,,,,,,,
2026-07-03T18:01:04.782370+00:00,2026-07-03T18:01:04.782007,3,3,111.05,0.1,111.0,625,110.9,200,110.7,500,,,,,,,,,,,,,,,111.1,200,111.2,625,111.3,500,,,,,,,,,,,,,,
2026-07-03T18:01:04.816463+00:00,2026-07-03T18:01:04.816281,3,2,111.1,0.2,111.0,425,110.8,200,110.7,500,,,,,,,,,,,,,,,111.2,625,111.3,500,,,,,,,,,,,,,,,,
2026-07-03T18:01:05.363231+00:00,2026-07-03T18:01:05.363086,2,2,111.1,0.2,111.0,425,110.8,200,,,,,,,,,,,,,,,,,111.2,625,111.3,500,,,,,,,,,,,,,,,,
2026-07-03T18:01:05.373738+00:00,2026-07-03T18:01:05.373587,2,1,111.1,0.2,111.0,425,110.8,200,,,,,,,,,,,,,,,,,111.2,625,,,,,,,,,,,,,,,,,,
2026-07-03T18:01:05.378927+00:00,2026-07-03T18:01:05.378876,3,1,111.1,0.2,111.0,425,110.8,200,110.7,500,,,,,,,,,,,,,,,111.2,625,,,,,,,,,,,,,,,,,,
2026-07-03T18:01:05.389495+00:00,2026-07-03T18:01:05.389343,3,2,111.1,0.2,111.0,425,110.8,200,110.7,500,,,,,,,,,,,,,,,111.2,625,111.4,500,,,,,,,,,,,,,,,,
2026-07-03T18:01:05.642305+00:00,2026-07-03T18:01:05.642235,3,2,111.0,0.2,110.9,625,110.8,200,110.7,500,,,,,,,,,,,,,,,111.1,625,111.4,500,,,,,,,,,,,,,,,,
2026-07-03T18:01:05.967548+00:00,2026-07-03T18:01:05.967329,2,2,111.0,0.2,110.9,625,110.8,200,,,,,,,,,,,,,,,,,111.1,625,111.4,500,,,,,,,,,,,,,,,,
2026-07-03T18:01:05.974651+00:00,2026-07-03T18:01:05.971943,3,1,111.0,0.2,110.9,625,110.8,200,110.7,500,,,,,,,,,,,,,,,111.1,625,,,,,,,,,,,,,,,,,,
2026-07-03T18:01:05.980259+00:00,2026-07-03T18:01:05.980133,3,2,111.0,0.2,110.9,625,110.8,200,110.7,500,,,,,,,,,,,,,,,111.1,625,111.4,500,,,,,,,,,,,,,,,,
2026-07-03T18:01:06.026062+00:00,2026-07-03T18:01:06.026029,2,2,111.0,0.2,110.9,625,110.7,500,,,,,,,,,,,,,,,,,111.1,425,111.4,700,,,,,,,,,,,,,,,,
2026-07-03T18:01:06.583708+00:00,2026-07-03T18:01:06.583500,1,2,111.0,0.2,110.9,625,,,,,,,,,,,,,,,,,,,111.1,425,111.4,700,,,,,,,,,,,,,,,,
2026-07-03T18:01:06.589153+00:00,2026-07-03T18:01:06.588994,2,2,111.0,0.2,110.9,625,110.7,500,,,,,,,,,,,,,,,,,111.1,425,111.4,200,,,,,,,,,,,,,,,,
2026-07-03T18:01:06.594540+00:00,2026-07-03T18:01:06.594278,2,2,111.0,0.2,110.9,625,110.7,500,,,,,,,,,,,,,,,,,111.1,425,111.4,700,,,,,,,,,,,,,,,,
2026-07-03T18:01:06.958633+00:00,2026-07-03T18:01:06.956148,2,2,111.0,0.2,110.9,625,110.7,500,,,,,,,,,,,,,,,,,111.1,625,111.4,700,,,,,,,,,,,,,,,,
2026-07-03T18:01:07.203133+00:00,2026-07-03T18:01:07.203017,1,2,111.0,0.2,110.9,625,,,,,,,,,,,,,,,,,,,111.1,625,111.4,700,,,,,,,,,,,,,,,,
2026-07-03T18:01:07.208835+00:00,2026-07-03T18:01:07.208538,2,2,111.0,0.2,110.9,625,110.7,500,,,,,,,,,,,,,,,,,111.1,625,111.4,200,,,,,,,,,,,,,,,,
2026-07-03T18:01:07.213936+00:00,2026-07-03T18:01:07.213876,2,3,111.0,0.2,110.9,625,110.7,500,,,,,,,,,,,,,,,,,111.1,625,111.3,500,111.4,200,,,,,,,,,,,,,,
2026-07-03T18:01:07.229746+00:00,2026-07-03T18:01:07.229320,3,2,111.05,0.1,111.0,200,110.9,625,110.7,500,,,,,,,,,,,,,,,111.1,625,111.3,700,,,,,,,,,,,,,,,,
2026-07-03T18:01:07.797942+00:00,2026-07-03T18:01:07.797774,2,2,111.05,0.1,111.0,200,110.9,625,,,,,,,,,,,,,,,,,111.1,625,111.3,200,,,,,,,,,,,,,,,,
2026-07-03T18:01:07.808655+00:00,2026-07-03T18:01:07.808479,3,2,111.05,0.1,111.0,200,110.9,625,110.6,500,,,,,,,,,,,,,,,111.1,625,111.3,200,,,,,,,,,,,,,,,,
2026-07-03T18:01:07.813659+00:00,2026-07-03T18:01:07.813820,3,2,111.05,0.1,111.0,200,110.9,625,110.6,500,,,,,,,,,,,,,,,111.1,625,111.3,700,,,,,,,,,,,,,,,,
2026-07-03T18:01:08.249977+00:00,2026-07-03T18:01:08.241399,2,2,111.1,0.2,111.0,825,110.6,500,,,,,,,,,,,,,,,,,111.2,625,111.3,700,,,,,,,,,,,,,,,,
2026-07-03T18:01:08.416282+00:00,2026-07-03T18:01:08.416147,1,2,111.1,0.2,111.0,825,,,,,,,,,,,,,,,,,,,111.2,625,111.3,700,,,,,,,,,,,,,,,,
2026-07-03T18:01:08.421905+00:00,2026-07-03T18:01:08.421773,2,2,111.1,0.2,111.0,825,110.7,500,,,,,,,,,,,,,,,,,111.2,625,111.3,700,,,,,,,,,,,,,,,,
2026-07-03T18:01:08.458593+00:00,2026-07-03T18:01:08.454644,2,2,111.1,0.2,111.0,825,110.7,500,,,,,,,,,,,,,,,,,111.2,625,111.3,700,,,,,,,,,,,,,,,,
2026-07-03T18:01:08.858599+00:00,2026-07-03T18:01:08.857609,2,2,111.1,0.2,111.0,825,110.7,500,,,,,,,,,,,,,,,,,111.2,605,111.3,700,,,,,,,,,,,,,,,,
2026-07-03T18:01:08.999592+00:00,2026-07-03T18:01:08.999316,1,2,111.1,0.2,111.0,825,,,,,,,,,,,,,,,,,,,111.2,605,111.3,700,,,,,,,,,,,,,,,,
2026-07-03T18:01:09.010214+00:00,2026-07-03T18:01:09.010042,1,2,111.1,0.2,111.0,825,,,,,,,,,,,,,,,,,,,111.2,605,111.3,200,,,,,,,,,,,,,,,,
2026-07-03T18:01:09.020620+00:00,2026-07-03T18:01:09.020502,2,2,111.1,0.2,111.0,825,110.7,500,,,,,,,,,,,,,,,,,111.2,605,111.3,200,,,,,,,,,,,,,,,,
2026-07-03T18:01:09.025909+00:00,2026-07-03T18:01:09.025799,2,3,111.1,0.2,111.0,825,110.7,500,,,,,,,,,,,,,,,,,111.2,605,111.3,200,111.4,500,,,,,,,,,,,,,,
2026-07-03T18:01:09.551571+00:00,2026-07-03T18:01:09.551354,2,2,111.15,0.3,111.0,200,110.7,500,,,,,,,,,,,,,,,,,111.3,200,111.4,500,,,,,,,,,,,,,,,,
2026-07-03T18:01:09.558623+00:00,2026-07-03T18:01:09.556979,3,2,111.2,0.2,111.1,625,111.0,200,110.7,500,,,,,,,,,,,,,,,111.3,825,111.4,500,,,,,,,,,,,,,,,,
2026-07-03T18:01:09.605942+00:00,2026-07-03T18:01:09.605784,2,2,111.2,0.2,111.1,625,111.0,200,,,,,,,,,,,,,,,,,111.3,825,111.4,500,,,,,,,,,,,,,,,,
2026-07-03T18:01:09.610915+00:00,2026-07-03T18:01:09.611552,2,1,111.2,0.2,111.1,625,111.0,200,,,,,,,,,,,,,,,,,111.3,825,,,,,,,,,,,,,,,,,,
2026-07-03T18:01:09.658599+00:00,2026-07-03T18:01:09.658359,2,1,111.2,0.2,111.1,825,110.6,500,,,,,,,,,,,,,,,,,111.3,1125,,,,,,,,,,,,,,,,,,
2026-07-03T18:01:09.669700+00:00,2026-07-03T18:01:09.669354,2,1,111.2,0.2,111.1,825,110.6,500,,,,,,,,,,,,,,,,,111.3,1325,,,,,,,,,,,,,,,,,,
2026-07-03T18:01:10.211492+00:00,2026-07-03T18:01:10.211355,1,1,111.2,0.2,111.1,825,,,,,,,,,,,,,,,,,,,111.3,825,,,,,,,,,,,,,,,,,,
2026-07-03T18:01:10.217980+00:00,2026-07-03T18:01:10.217661,2,1,111.2,0.2,111.1,825,110.8,500,,,,,,,,,,,,,,,,,111.3,825,,,,,,,,,,,,,,,,,,
2026-07-03T18:01:10.233642+00:00,2026-07-03T18:01:10.233525,2,2,111.2,0.2,111.1,825,110.8,500,,,,,,,,,,,,,,,,,111.3,825,111.4,500,,,,,,,,,,,,,,,,
2026-07-03T18:01:10.855741+00:00,2026-07-03T18:01:10.855465,1,2,111.2,0.2,111.1,825,,,,,,,,,,,,,,,,,,,111.3,825,111.4,500,,,,,,,,,,,,,,,,
2026-07-03T18:01:10.863178+00:00,2026-07-03T18:01:10.863053,2,2,111.2,0.2,111.1,200,110.7,500,,,,,,,,,,,,,,,,,111.3,825,111.4,500,,,,,,,,,,,,,,,,
2026-07-03T18:01:10.884354+00:00,2026-07-03T18:01:10.885020,3,3,111.15,0.1,111.1,200,111.0,625,110.7,500,,,,,,,,,,,,,,,111.2,625,111.3,200,111.4,500,,,,,,,,,,,,,,
2026-07-03T18:01:11.443193+00:00,2026-07-03T18:01:11.442996,3,3,111.15,0.1,111.1,200,111.0,625,110.8,500,,,,,,,,,,,,,,,111.2,625,111.3,200,111.4,500,,,,,,,,,,,,,,
2026-07-03T18:01:12.019235+00:00,2026-07-03T18:01:12.019070,2,3,111.15,0.1,111.1,200,111.0,625,,,,,,,,,,,,,,,,,111.2,625,111.3,200,111.4,500,,,,,,,,,,,,,,
2026-07-03T18:01:12.024471+00:00,2026-07-03T18:01:12.024408,2,2,111.15,0.1,111.1,200,111.0,625,,,,,,,,,,,,,,,,,111.2,625,111.3,200,,,,,,,,,,,,,,,,
2026-07-03T18:01:12.029806+00:00,2026-07-03T18:01:12.029697,3,2,111.15,0.1,111.1,200,111.0,625,110.8,500,,,,,,,,,,,,,,,111.2,625,111.3,200,,,,,,,,,,,,,,,,
2026-07-03T18:01:12.035082+00:00,2026-07-03T18:01:12.035002,3,3,111.15,0.1,111.1,200,111.0,625,110.8,500,,,,,,,,,,,,,,,111.2,625,111.3,200,111.4,500,,,,,,,,,,,,,,
2026-07-03T18:01:12.085736+00:00,2026-07-03T18:01:12.085652,2,3,111.1,0.2,111.0,625,110.8,500,,,,,,,,,,,,,,,,,111.2,625,111.3,200,111.4,500,,,,,,,,,,,,,,
2026-07-03T18:01:12.091068+00:00,2026-07-03T18:01:12.090957,3,2,111.15,0.1,111.1,200,111.0,625,110.8,500,,,,,,,,,,,,,,,111.2,625,111.4,500,,,,,,,,,,,,,,,,
2026-07-03T18:01:12.159032+00:00,2026-07-03T18:01:12.096212,3,3,111.15,0.1,111.1,200,111.0,625,110.8,500,,,,,,,,,,,,,,,111.2,625,111.3,200,111.4,500,,,,,,,,,,,,,,
2026-07-03T18:01:12.193553+00:00,2026-07-03T18:01:12.193489,2,2,111.2,0.2,111.1,825,110.8,500,,,,,,,,,,,,,,,,,111.3,825,111.4,500,,,,,,,,,,,,,,,,
2026-07-03T18:01:12.621438+00:00,2026-07-03T18:01:12.621201,1,2,111.2,0.2,111.1,825,,,,,,,,,,,,,,,,,,,111.3,825,111.4,500,,,,,,,,,,,,,,,,
2026-07-03T18:01:12.626365+00:00,2026-07-03T18:01:12.626520,1,1,111.2,0.2,111.1,825,,,,,,,,,,,,,,,,,,,111.3,825,,,,,,,,,,,,,,,,,,
2026-07-03T18:01:12.637021+00:00,2026-07-03T18:01:12.636929,2,1,111.2,0.2,111.1,825,110.8,500,,,,,,,,,,,,,,,,,111.3,825,,,,,,,,,,,,,,,,,,
2026-07-03T18:01:12.658637+00:00,2026-07-03T18:01:12.653318,2,2,111.2,0.2,111.1,825,110.8,500,,,,,,,,,,,,,,,,,111.3,825,111.4,500,,,,,,,,,,,,,,,,
2026-07-03T18:01:13.259299+00:00,2026-07-03T18:01:13.258725,1,2,111.2,0.2,111.1,825,,,,,,,,,,,,,,,,,,,111.3,825,111.4,500,,,,,,,,,,,,,,,,
2026-07-03T18:01:13.275225+00:00,2026-07-03T18:01:13.275122,2,1,111.2,0.2,111.1,825,110.8,500,,,,,,,,,,,,,,,,,111.3,825,,,,,,,,,,,,,,,,,,
2026-07-03T18:01:13.280691+00:00,2026-07-03T18:01:13.280458,2,2,111.2,0.2,111.1,825,110.8,500,,,,,,,,,,,,,,,,,111.3,825,111.5,500,,,,,,,,,,,,,,,,
2026-07-03T18:01:13.301841+00:00,2026-07-03T18:01:13.301638,3,2,111.2,0.2,111.1,425,110.9,200,110.8,500,,,,,,,,,,,,,,,111.3,625,111.5,500,,,,,,,,,,,,,,,,
2026-07-03T18:01:13.500072+00:00,2026-07-03T18:01:13.499982,3,1,111.25,0.5,111.0,625,110.9,200,110.8,500,,,,,,,,,,,,,,,111.5,500,,,,,,,,,,,,,,,,,,
2026-07-03T18:01:13.505300+00:00,2026-07-03T18:01:13.505164,3,2,111.1,0.2,111.0,625,110.9,200,110.8,500,,,,,,,,,,,,,,,111.2,625,111.5,500,,,,,,,,,,,,,,,,
2026-07-03T18:01:13.853774+00:00,2026-07-03T18:01:13.853606,2,2,111.1,0.2,111.0,625,110.9,200,,,,,,,,,,,,,,,,,111.2,625,111.5,500,,,,,,,,,,,,,,,,
2026-07-03T18:01:13.881421+00:00,2026-07-03T18:01:13.881096,2,1,111.1,0.2,111.0,625,110.9,200,,,,,,,,,,,,,,,,,111.2,625,,,,,,,,,,,,,,,,,,
2026-07-03T18:01:13.887806+00:00,2026-07-03T18:01:13.887021,3,2,111.1,0.2,111.0,625,110.9,200,110.7,500,,,,,,,,,,,,,,,111.2,625,111.4,500,,,,,,,,,,,,,,,,
2026-07-03T18:01:14.070598+00:00,2026-07-03T18:01:14.070290,3,2,111.1,0.2,111.0,625,110.9,200,110.7,500,,,,,,,,,,,,,,,111.2,605,111.4,500,,,,,,,,,,,,,,,,
2026-07-03T18:01:14.452631+00:00,2026-07-03T18:01:14.452298,2,2,111.1,0.2,111.0,625,110.9,200,,,,,,,,,,,,,,,,,111.2,605,111.4,500,,,,,,,,,,,,,,,,
2026-07-03T18:01:14.458565+00:00,2026-07-03T18:01:14.458120,2,1,111.1,0.2,111.0,625,110.9,200,,,,,,,,,,,,,,,,,111.2,605,,,,,,,,,,,,,,,,,,
2026-07-03T18:01:14.469340+00:00,2026-07-03T18:01:14.469115,3,1,111.1,0.2,111.0,625,110.9,200,110.7,500,,,,,,,,,,,,,,,111.2,605,,,,,,,,,,,,,,,,,,
2026-07-03T18:01:14.474658+00:00,2026-07-03T18:01:14.474475,3,2,111.1,0.2,111.0,625,110.9,200,110.7,500,,,,,,,,,,,,,,,111.2,605,111.4,500,,,,,,,,,,,,,,,,
2026-07-03T18:01:14.510666+00:00,2026-07-03T18:01:14.510543,2,3,111.1,0.2,111.0,825,110.7,500,,,,,,,,,,,,,,,,,111.2,605,111.3,200,111.4,500,,,,,,,,,,,,,,
2026-07-03T18:01:14.822210+00:00,2026-07-03T18:01:14.822122,3,2,111.2,0.2,111.1,625,111.0,200,110.7,500,,,,,,,,,,,,,,,111.3,200,111.4,500,,,,,,,,,,,,,,,,
2026-07-03T18:01:14.827436+00:00,2026-07-03T18:01:14.827376,3,2,111.2,0.2,111.1,625,111.0,200,110.7,500,,,,,,,,,,,,,,,111.3,825,111.4,500,,,,,,,,,,,,,,,,
2026-07-03T18:01:15.061331+00:00,2026-07-03T18:01:15.061098,2,2,111.2,0.2,111.1,625,111.0,200,,,,,,,,,,,,,,,,,111.3,825,111.4,500,,,,,,,,,,,,,,,,
2026-07-03T18:01:15.066604+00:00,2026-07-03T18:01:15.066481,2,1,111.2,0.2,111.1,625,111.0,200,,,,,,,,,,,,,,,,,111.3,825,,,,,,,,,,,,,,,,,,
2026-07-03T18:01:15.077293+00:00,2026-07-03T18:01:15.077096,3,1,111.2,0.2,111.1,625,111.0,200,110.7,500,,,,,,,,,,,,,,,111.3,825,,,,,,,,,,,,,,,,,,
2026-07-03T18:01:15.082237+00:00,2026-07-03T18:01:15.082431,3,2,111.2,0.2,111.1,625,111.0,200,110.7,500,,,,,,,,,,,,,,,111.3,825,111.4,500,,,,,,,,,,,,,,,,
2026-07-03T18:01:15.658788+00:00,2026-07-03T18:01:15.658253,2,2,111.2,0.2,111.1,625,111.0,200,,,,,,,,,,,,,,,,,111.3,825,111.4,500,,,,,,,,,,,,,,,,
2026-07-03T18:01:15.664206+00:00,2026-07-03T18:01:15.664057,2,1,111.2,0.2,111.1,625,111.0,200,,,,,,,,,,,,,,,,,111.3,825,,,,,,,,,,,,,,,,,,
2026-07-03T18:01:15.686568+00:00,2026-07-03T18:01:15.686308,3,2,111.2,0.2,111.1,625,111.0,200,110.7,500,,,,,,,,,,,,,,,111.3,825,111.4,500,,,,,,,,,,,,,,,,
2026-07-03T18:01:15.716754+00:00,2026-07-03T18:01:15.716594,2,2,111.2,0.2,111.1,625,110.7,500,,,,,,,,,,,,,,,,,111.3,625,111.4,500,,,,,,,,,,,,,,,,
2026-07-03T18:01:15.721961+00:00,2026-07-03T18:01:15.721885,3,2,111.25,0.1,111.2,200,111.1,625,110.7,500,,,,,,,,,,,,,,,111.3,625,111.4,500,,,,,,,,,,,,,,,,
2026-07-03T18:01:15.727263+00:00,2026-07-03T18:01:15.727107,3,2,111.25,0.1,111.2,200,111.1,625,110.7,500,,,,,,,,,,,,,,,111.3,625,111.4,700,,,,,,,,,,,,,,,,
2026-07-03T18:01:16.123650+00:00,2026-07-03T18:01:16.111789,3,2,111.35,0.1,111.3,625,111.2,200,110.7,500,,,,,,,,,,,,,,,111.4,700,111.5,625,,,,,,,,,,,,,,,,
2026-07-03T18:01:16.274942+00:00,2026-07-03T18:01:16.274644,3,2,111.35,0.1,111.3,625,111.2,200,110.8,500,,,,,,,,,,,,,,,111.4,200,111.5,625,,,,,,,,,,,,,,,,
2026-07-03T18:01:16.285827+00:00,2026-07-03T18:01:16.285619,3,2,111.35,0.1,111.3,625,111.2,200,110.8,500,,,,,,,,,,,,,,,111.4,700,111.5,625,,,,,,,,,,,,,,,,
2026-07-03T18:01:16.871054+00:00,2026-07-03T18:01:16.870846,2,2,111.35,0.1,111.3,625,111.2,200,,,,,,,,,,,,,,,,,111.4,700,111.5,625,,,,,,,,,,,,,,,,
2026-07-03T18:01:16.876268+00:00,2026-07-03T18:01:16.876162,2,2,111.35,0.1,111.3,625,111.2,200,,,,,,,,,,,,,,,,,111.4,200,111.5,625,,,,,,,,,,,,,,,,
2026-07-03T18:01:16.881630+00:00,2026-07-03T18:01:16.881457,3,2,111.35,0.1,111.3,625,111.2,200,110.7,500,,,,,,,,,,,,,,,111.4,200,111.5,625,,,,,,,,,,,,,,,,
2026-07-03T18:01:16.886835+00:00,2026-07-03T18:01:16.886753,3,2,111.35,0.1,111.3,625,111.2,200,110.7,500,,,,,,,,,,,,,,,111.4,700,111.5,625,,,,,,,,,,,,,,,,
2026-07-03T18:01:16.932098+00:00,2026-07-03T18:01:16.931996,3,2,111.35,0.1,111.3,625,111.2,200,110.7,500,,,,,,,,,,,,,,,111.4,500,111.5,625,,,,,,,,,,,,,,,,
2026-07-03T18:01:16.937417+00:00,2026-07-03T18:01:16.937214,3,2,111.35,0.1,111.3,625,111.2,200,110.7,500,,,,,,,,,,,,,,,111.4,500,111.5,825,,,,,,,,,,,,,,,,
2026-07-03T18:01:17.421514+00:00,2026-07-03T18:01:17.421426,2,2,111.3,0.2,111.2,200,110.7,500,,,,,,,,,,,,,,,,,111.4,500,111.5,200,,,,,,,,,,,,,,,,
2026-07-03T18:01:17.426794+00:00,2026-07-03T18:01:17.426693,3,2,111.35,0.1,111.3,625,111.2,200,110.7,500,,,,,,,,,,,,,,,111.4,500,111.5,825,,,,,,,,,,,,,,,,
2026-07-03T18:01:17.472304+00:00,2026-07-03T18:01:17.472199,2,2,111.35,0.1,111.3,625,111.2,200,,,,,,,,,,,,,,,,,111.4,500,111.5,825,,,,,,,,,,,,,,,,
2026-07-03T18:01:17.477618+00:00,2026-07-03T18:01:17.477516,2,1,111.4,0.2,111.3,625,111.2,200,,,,,,,,,,,,,,,,,111.5,825,,,,,,,,,,,,,,,,,,
2026-07-03T18:01:17.488116+00:00,2026-07-03T18:01:17.487984,3,1,111.4,0.2,111.3,625,111.2,200,110.7,500,,,,,,,,,,,,,,,111.5,825,,,,,,,,,,,,,,,,,,
2026-07-03T18:01:17.494213+00:00,2026-07-03T18:01:17.493296,3,2,111.35,0.1,111.3,625,111.2,200,110.7,500,,,,,,,,,,,,,,,111.4,500,111.5,825,,,,,,,,,,,,,,,,
2026-07-03T18:01:18.077192+00:00,2026-07-03T18:01:18.077355,2,2,111.35,0.1,111.3,625,111.2,200,,,,,,,,,,,,,,,,,111.4,500,111.5,825,,,,,,,,,,,,,,,,
2026-07-03T18:01:18.082790+00:00,2026-07-03T18:01:18.082709,2,1,111.4,0.2,111.3,625,111.2,200,,,,,,,,,,,,,,,,,111.5,825,,,,,,,,,,,,,,,,,,
2026-07-03T18:01:18.088037+00:00,2026-07-03T18:01:18.088005,3,1,111.4,0.2,111.3,625,111.2,200,110.7,500,,,,,,,,,,,,,,,111.5,825,,,,,,,,,,,,,,,,,,
2026-07-03T18:01:18.098674+00:00,2026-07-03T18:01:18.098506,3,2,111.35,0.1,111.3,625,111.2,200,110.7,500,,,,,,,,,,,,,,,111.4,500,111.5,825,,,,,,,,,,,,,,,,
2026-07-03T18:01:18.140099+00:00,2026-07-03T18:01:18.139965,2,2,111.35,0.1,111.3,825,110.7,500,,,,,,,,,,,,,,,,,111.4,500,111.5,625,,,,,,,,,,,,,,,,
2026-07-03T18:01:18.145246+00:00,2026-07-03T18:01:18.145175,2,2,111.35,0.1,111.3,825,110.7,500,,,,,,,,,,,,,,,,,111.4,500,111.5,825,,,,,,,,,,,,,,,,
2026-07-03T18:01:18.679287+00:00,2026-07-03T18:01:18.679035,1,1,111.4,0.2,111.3,825,,,,,,,,,,,,,,,,,,,111.5,825,,,,,,,,,,,,,,,,,,
2026-07-03T18:01:18.732800+00:00,2026-07-03T18:01:18.732471,2,2,111.35,0.1,111.3,200,110.7,500,,,,,,,,,,,,,,,,,111.4,500,111.5,200,,,,,,,,,,,,,,,,
2026-07-03T18:01:18.738385+00:00,2026-07-03T18:01:18.738287,3,2,111.45,0.1,111.4,125,111.3,200,110.7,500,,,,,,,,,,,,,,,111.5,200,111.6,625,,,,,,,,,,,,,,,,
2026-07-03T18:01:19.305725+00:00,2026-07-03T18:01:19.305646,2,2,111.45,0.1,111.4,125,111.3,200,,,,,,,,,,,,,,,,,111.5,200,111.6,625,,,,,,,,,,,,,,,,
2026-07-03T18:01:19.358869+00:00,2026-07-03T18:01:19.358702,3,2,111.45,0.1,111.4,125,111.3,200,110.7,500,,,,,,,,,,,,,,,111.5,200,111.6,625,,,,,,,,,,,,,,,,
2026-07-03T18:01:19.363882+00:00,2026-07-03T18:01:19.364578,2,2,111.3,0.2,111.2,200,110.7,500,,,,,,,,,,,,,,,,,111.4,575,111.6,625,,,,,,,,,,,,,,,,
2026-07-03T18:01:19.908995+00:00,2026-07-03T18:01:19.908813,1,2,111.3,0.2,111.2,200,,,,,,,,,,,,,,,,,,,111.4,200,111.6,625,,,,,,,,,,,,,,,,
2026-07-03T18:01:19.919477+00:00,2026-07-03T18:01:19.919729,2,2,111.3,0.2,111.2,200,110.7,500,,,,,,,,,,,,,,,,,111.4,200,111.6,625,,,,,,,,,,,,,,,,
2026-07-03T18:01:19.940344+00:00,2026-07-03T18:01:19.938901,2,3,111.25,0.1,111.2,200,110.7,500,,,,,,,,,,,,,,,,,111.3,488,111.4,200,111.6,625,,,,,,,,,,,,,,
2026-07-03T18:01:20.047851+00:00,2026-07-03T18:01:20.047791,2,2,111.25,0.1,111.2,200,110.7,500,,,,,,,,,,,,,,,,,111.3,488,111.4,200,,,,,,,,,,,,,,,,
2026-07-03T18:01:20.053209+00:00,2026-07-03T18:01:20.053106,3,2,111.25,0.1,111.2,200,111.0,625,110.7,500,,,,,,,,,,,,,,,111.3,488,111.4,200,,,,,,,,,,,,,,,,
2026-07-03T18:01:20.067714+00:00,2026-07-03T18:01:20.066385,2,3,111.1,0.2,111.0,625,110.7,500,,,,,,,,,,,,,,,,,111.2,414,111.3,488,111.4,200,,,,,,,,,,,,,,
2026-07-03T18:01:20.514229+00:00,2026-07-03T18:01:20.514095,1,3,111.1,0.2,111.0,625,,,,,,,,,,,,,,,,,,,111.2,414,111.3,488,111.4,200,,,,,,,,,,,,,,
2026-07-03T18:01:20.520004+00:00,2026-07-03T18:01:20.519929,2,2,111.1,0.2,111.0,625,110.7,500,,,,,,,,,,,,,,,,,111.2,414,111.4,200,,,,,,,,,,,,,,,,
2026-07-03T18:01:20.531024+00:00,2026-07-03T18:01:20.530509,2,3,111.1,0.2,111.0,625,110.7,500,,,,,,,,,,,,,,,,,111.2,414,111.3,500,111.4,200,,,,,,,,,,,,,,
2026-07-03T18:01:20.579235+00:00,2026-07-03T18:01:20.579393,3,2,111.15,0.1,111.1,200,111.0,625,110.7,500,,,,,,,,,,,,,,,111.2,414,111.3,700,,,,,,,,,,,,,,,,
2026-07-03T18:01:21.116815+00:00,2026-07-03T18:01:21.116584,2,2,111.15,0.1,111.1,200,111.0,625,,,,,,,,,,,,,,,,,111.2,414,111.3,700,,,,,,,,,,,,,,,,
2026-07-03T18:01:21.122051+00:00,2026-07-03T18:01:21.121923,2,2,111.15,0.1,111.1,200,111.0,625,,,,,,,,,,,,,,,,,111.2,414,111.3,200,,,,,,,,,,,,,,,,
2026-07-03T18:01:21.137977+00:00,2026-07-03T18:01:21.137905,3,2,111.15,0.1,111.1,200,111.0,625,110.6,500,,,,,,,,,,,,,,,111.2,414,111.3,200,,,,,,,,,,,,,,,,
2026-07-03T18:01:21.148666+00:00,2026-07-03T18:01:21.148445,3,2,111.15,0.1,111.1,200,111.0,625,110.6,500,,,,,,,,,,,,,,,111.2,414,111.3,700,,,,,,,,,,,,,,,,
2026-07-03T18:01:21.358593+00:00,2026-07-03T18:01:21.356907,2,1,111.2,0.2,111.1,200,110.6,500,,,,,,,,,,,,,,,,,111.3,700,,,,,,,,,,,,,,,,,,
2026-07-03T18:01:21.379295+00:00,2026-07-03T18:01:21.379203,2,1,111.2,0.2,111.1,825,110.6,500,,,,,,,,,,,,,,,,,111.3,1325,,,,,,,,,,,,,,,,,,
2026-07-03T18:01:21.709429+00:00,2026-07-03T18:01:21.709172,1,1,111.2,0.2,111.1,825,,,,,,,,,,,,,,,,,,,111.3,1325,,,,,,,,,,,,,,,,,,
2026-07-03T18:01:21.720257+00:00,2026-07-03T18:01:21.719939,1,1,111.2,0.2,111.1,825,,,,,,,,,,,,,,,,,,,111.3,825,,,,,,,,,,,,,,,,,,
2026-07-03T18:01:21.731308+00:00,2026-07-03T18:01:21.731154,2,1,111.2,0.2,111.1,825,110.6,500,,,,,,,,,,,,,,,,,111.3,1325,,,,,,,,,,,,,,,,,,
2026-07-03T18:01:21.758650+00:00,2026-07-03T18:01:21.757314,2,1,111.2,0.2,111.1,825,110.6,500,,,,,,,,,,,,,,,,,111.3,1125,,,,,,,,,,,,,,,,,,
2026-07-03T18:01:21.774509+00:00,2026-07-03T18:01:21.774398,2,1,111.2,0.2,111.1,825,110.6,500,,,,,,,,,,,,,,,,,111.3,1325,,,,,,,,,,,,,,,,,,
2026-07-03T18:01:22.321588+00:00,2026-07-03T18:01:22.321464,1,1,111.2,0.2,111.1,825,,,,,,,,,,,,,,,,,,,111.3,1325,,,,,,,,,,,,,,,,,,
2026-07-03T18:01:22.332229+00:00,2026-07-03T18:01:22.332021,1,1,111.2,0.2,111.1,825,,,,,,,,,,,,,,,,,,,111.3,825,,,,,,,,,,,,,,,,,,
2026-07-03T18:01:22.342832+00:00,2026-07-03T18:01:22.342791,2,2,111.15,0.1,111.1,825,110.6,500,,,,,,,,,,,,,,,,,111.2,500,111.3,825,,,,,,,,,,,,,,,,
2026-07-03T18:01:22.672703+00:00,2026-07-03T18:01:22.672576,2,2,111.15,0.1,111.1,200,110.6,500,,,,,,,,,,,,,,,,,111.2,500,111.3,825,,,,,,,,,,,,,,,,
2026-07-03T18:01:22.677927+00:00,2026-07-03T18:01:22.677891,3,2,111.15,0.1,111.1,200,111.0,625,110.6,500,,,,,,,,,,,,,,,111.2,500,111.3,200,,,,,,,,,,,,,,,,
2026-07-03T18:01:22.683338+00:00,2026-07-03T18:01:22.683124,3,2,111.15,0.1,111.1,200,111.0,625,110.6,500,,,,,,,,,,,,,,,111.2,1125,111.3,200,,,,,,,,,,,,,,,,
2026-07-03T18:01:22.924463+00:00,2026-07-03T18:01:22.924300,2,2,111.15,0.1,111.1,200,111.0,625,,,,,,,,,,,,,,,,,111.2,1125,111.3,200,,,,,,,,,,,,,,,,
2026-07-03T18:01:22.929697+00:00,2026-07-03T18:01:22.929612,2,2,111.15,0.1,111.1,200,111.0,625,,,,,,,,,,,,,,,,,111.2,625,111.3,200,,,,,,,,,,,,,,,,
2026-07-03T18:01:22.935002+00:00,2026-07-03T18:01:22.934909,3,2,111.15,0.1,111.1,200,111.0,625,110.6,500,,,,,,,,,,,,,,,111.2,625,111.3,200,,,,,,,,,,,,,,,,
2026-07-03T18:01:22.940308+00:00,2026-07-03T18:01:22.940215,3,2,111.15,0.1,111.1,200,111.0,625,110.6,500,,,,,,,,,,,,,,,111.2,1125,111.3,200,,,,,,,,,,,,,,,,
2026-07-03T18:01:22.971474+00:00,2026-07-03T18:01:22.970817,3,2,111.15,0.1,111.1,200,111.0,625,110.6,500,,,,,,,,,,,,,,,111.2,1125,111.3,200,,,,,,,,,,,,,,,,
2026-07-03T18:01:23.521675+00:00,2026-07-03T18:01:23.521331,2,2,111.15,0.1,111.1,200,111.0,625,,,,,,,,,,,,,,,,,111.2,1125,111.3,200,,,,,,,,,,,,,,,,
2026-07-03T18:01:23.558605+00:00,2026-07-03T18:01:23.553325,3,2,111.15,0.1,111.1,200,111.0,625,110.5,500,,,,,,,,,,,,,,,111.2,1125,111.3,200,,,,,,,,,,,,,,,,
2026-07-03T18:01:23.986606+00:00,2026-07-03T18:01:23.986561,2,2,111.15,0.1,111.1,200,110.5,500,,,,,,,,,,,,,,,,,111.2,500,111.3,200,,,,,,,,,,,,,,,,
2026-07-03T18:01:23.991919+00:00,2026-07-03T18:01:23.991866,3,2,111.15,0.1,111.1,200,111.0,625,110.5,500,,,,,,,,,,,,,,,111.2,1125,111.3,200,,,,,,,,,,,,,,,,
2026-07-03T18:01:24.122585+00:00,2026-07-03T18:01:24.122461,2,2,111.15,0.1,111.1,200,111.0,625,,,,,,,,,,,,,,,,,111.2,1125,111.3,200,,,,,,,,,,,,,,,,
2026-07-03T18:01:24.128356+00:00,2026-07-03T18:01:24.128318,2,2,111.15,0.1,111.1,200,111.0,625,,,,,,,,,,,,,,,,,111.2,625,111.3,200,,,,,,,,,,,,,,,,
2026-07-03T18:01:24.158545+00:00,2026-07-03T18:01:24.155739,3,2,111.15,0.1,111.1,200,111.0,625,110.5,500,,,,,,,,,,,,,,,111.2,1125,111.3,200,,,,,,,,,,,,,,,,
2026-07-03T18:01:24.174179+00:00,2026-07-03T18:01:24.174375,2,1,111.1,0.2,111.0,625,110.5,500,,,,,,,,,,,,,,,,,111.2,1125,,,,,,,,,,,,,,,,,,
2026-07-03T18:01:24.179719+00:00,2026-07-03T18:01:24.179610,2,1,111.1,0.2,111.0,625,110.5,500,,,,,,,,,,,,,,,,,111.2,925,,,,,,,,,,,,,,,,,,
2026-07-03T18:01:24.184889+00:00,2026-07-03T18:01:24.184833,2,2,111.1,0.2,111.0,625,110.5,500,,,,,,,,,,,,,,,,,111.2,925,111.4,200,,,,,,,,,,,,,,,,
2026-07-03T18:01:24.732289+00:00,2026-07-03T18:01:24.732116,1,2,111.1,0.2,111.0,625,,,,,,,,,,,,,,,,,,,111.2,925,111.4,200,,,,,,,,,,,,,,,,
2026-07-03T18:01:24.737582+00:00,2026-07-03T18:01:24.737458,1,2,111.1,0.2,111.0,625,,,,,,,,,,,,,,,,,,,111.2,425,111.4,200,,,,,,,,,,,,,,,,
2026-07-03T18:01:24.742791+00:00,2026-07-03T18:01:24.742744,2,2,111.1,0.2,111.0,625,110.4,500,,,,,,,,,,,,,,,,,111.2,425,111.4,200,,,,,,,,,,,,,,,,
2026-07-03T18:01:24.753402+00:00,2026-07-03T18:01:24.753197,2,3,111.05,0.1,111.0,625,110.4,500,,,,,,,,,,,,,,,,,111.1,500,111.2,425,111.4,200,,,,,,,,,,,,,,
2026-07-03T18:01:25.297739+00:00,2026-07-03T18:01:25.297608,1,2,110.75,0.7,110.4,500,,,,,,,,,,,,,,,,,,,111.1,500,111.4,200,,,,,,,,,,,,,,,,
2026-07-03T18:01:25.303242+00:00,2026-07-03T18:01:25.302983,2,1,111.3,0.2,111.2,125,110.4,500,,,,,,,,,,,,,,,,,111.4,825,,,,,,,,,,,,,,,,,,
2026-07-03T18:01:25.328748+00:00,2026-07-03T18:01:25.327232,2,1,111.3,0.2,111.2,102,110.4,500,,,,,,,,,,,,,,,,,111.4,825,,,,,,,,,,,,,,,,,,
2026-07-03T18:01:25.356414+00:00,2026-07-03T18:01:25.356382,1,1,111.3,0.2,111.2,102,,,,,,,,,,,,,,,,,,,111.4,825,,,,,,,,,,,,,,,,,,
2026-07-03T18:01:25.377742+00:00,2026-07-03T18:01:25.377589,2,1,111.3,0.2,111.2,102,110.4,500,,,,,,,,,,,,,,,,,111.4,825,,,,,,,,,,,,,,,,,,
2026-07-03T18:01:25.383337+00:00,2026-07-03T18:01:25.382922,1,2,110.7,0.6,110.4,500,,,,,,,,,,,,,,,,,,,111.0,398,111.4,825,,,,,,,,,,,,,,,,
2026-07-03T18:01:25.410206+00:00,2026-07-03T18:01:25.410001,1,2,110.7,0.6,110.4,500,,,,,,,,,,,,,,,,,,,111.0,198,111.4,825,,,,,,,,,,,,,,,,
2026-07-03T18:01:25.958762+00:00,2026-07-03T18:01:25.958544,0,2,,,,,,,,,,,,,,,,,,,,,,,111.0,198,111.4,825,,,,,,,,,,,,,,,,
2026-07-03T18:01:25.969388+00:00,2026-07-03T18:01:25.969210,0,1,,,,,,,,,,,,,,,,,,,,,,,111.4,825,,,,,,,,,,,,,,,,,,
2026-07-03T18:01:25.974556+00:00,2026-07-03T18:01:25.974512,1,1,110.9,1.0,110.4,500,,,,,,,,,,,,,,,,,,,111.4,825,,,,,,,,,,,,,,,,,,
2026-07-03T18:01:25.982532+00:00,2026-07-03T18:01:25.981945,1,2,110.7,0.6,110.4,500,,,,,,,,,,,,,,,,,,,111.0,500,111.4,825,,,,,,,,,,,,,,,,
2026-07-03T18:01:26.306221+00:00,2026-07-03T18:01:26.306177,1,2,110.7,0.6,110.4,480,,,,,,,,,,,,,,,,,,,111.0,500,111.4,825,,,,,,,,,,,,,,,,
2026-07-03T18:01:26.563028+00:00,2026-07-03T18:01:26.562992,0,2,,,,,,,,,,,,,,,,,,,,,,,111.0,500,111.4,825,,,,,,,,,,,,,,,,
2026-07-03T18:01:26.594992+00:00,2026-07-03T18:01:26.594745,1,2,110.75,0.7,110.4,500,,,,,,,,,,,,,,,,,,,111.1,500,111.4,825,,,,,,,,,,,,,,,,
2026-07-03T18:01:26.610496+00:00,2026-07-03T18:01:26.610188,1,1,110.75,0.7,110.4,500,,,,,,,,,,,,,,,,,,,111.1,500,,,,,,,,,,,,,,,,,,
2026-07-03T18:01:26.621490+00:00,2026-07-03T18:01:26.621325,1,1,110.75,0.7,110.4,500,,,,,,,,,,,,,,,,,,,111.1,300,,,,,,,,,,,,,,,,,,
2026-07-03T18:01:26.626713+00:00,2026-07-03T18:01:26.626568,1,2,110.75,0.7,110.4,500,,,,,,,,,,,,,,,,,,,111.1,300,111.3,200,,,,,,,,,,,,,,,,
2026-07-03T18:01:26.632036+00:00,2026-07-03T18:01:26.631799,2,1,111.2,0.2,111.1,325,110.4,500,,,,,,,,,,,,,,,,,111.3,200,,,,,,,,,,,,,,,,,,
2026-07-03T18:01:26.651449+00:00,2026-07-03T18:01:26.637081,2,1,111.2,0.2,111.1,325,110.4,500,,,,,,,,,,,,,,,,,111.3,825,,,,,,,,,,,,,,,,,,
2026-07-03T18:01:27.169166+00:00,2026-07-03T18:01:27.169005,1,1,111.2,0.2,111.1,325,,,,,,,,,,,,,,,,,,,111.3,825,,,,,,,,,,,,,,,,,,
2026-07-03T18:01:27.174822+00:00,2026-07-03T18:01:27.174707,2,1,111.2,0.2,111.1,325,110.5,500,,,,,,,,,,,,,,,,,111.3,825,,,,,,,,,,,,,,,,,,
2026-07-03T18:01:27.180160+00:00,2026-07-03T18:01:27.180053,1,2,110.8,0.6,110.5,500,,,,,,,,,,,,,,,,,,,111.1,175,111.3,825,,,,,,,,,,,,,,,,
