recv_time,book_timestamp,n_bids,n_asks,mid,spread,bid_px_0,bid_vol_0,bid_px_1,bid_vol_1,bid_px_2,bid_vol_2,bid_px_3,bid_vol_3,bid_px_4,bid_vol_4,bid_px_5,bid_vol_5,bid_px_6,bid_vol_6,bid_px_7,bid_vol_7,bid_px_8,bid_vol_8,bid_px_9,bid_vol_9,ask_px_0,ask_vol_0,ask_px_1,ask_vol_1,ask_px_2,ask_vol_2,ask_px_3,ask_vol_3,ask_px_4,ask_vol_4,ask_px_5,ask_vol_5,ask_px_6,ask_vol_6,ask_px_7,ask_vol_7,ask_px_8,ask_vol_8,ask_px_9,ask_vol_9
2026-06-30T00:00:00.070761+00:00,2026-06-30T10:00:00.061697,2,2,66.05,0.1,66.0,625,65.8,700,,,,,,,,,,,,,,,,,66.1,625,66.2,500,,,,,,,,,,,,,,,,
2026-06-30T00:00:00.242979+00:00,2026-06-30T10:00:00.240972,2,2,66.05,0.1,66.0,625,65.8,200,,,,,,,,,,,,,,,,,66.1,625,66.2,500,,,,,,,,,,,,,,,,
2026-06-30T00:00:00.254055+00:00,2026-06-30T10:00:00.253055,2,1,66.05,0.1,66.0,625,65.8,700,,,,,,,,,,,,,,,,,66.1,625,,,,,,,,,,,,,,,,,,
2026-06-30T00:00:00.265111+00:00,2026-06-30T10:00:00.257100,2,2,66.05,0.1,66.0,625,65.8,700,,,,,,,,,,,,,,,,,66.1,625,66.3,500,,,,,,,,,,,,,,,,
2026-06-30T00:00:00.844852+00:00,2026-06-30T10:00:00.843852,2,2,66.05,0.1,66.0,625,65.8,200,,,,,,,,,,,,,,,,,66.1,625,66.3,500,,,,,,,,,,,,,,,,
2026-06-30T00:00:00.855906+00:00,2026-06-30T10:00:00.851906,2,1,66.05,0.1,66.0,625,65.8,200,,,,,,,,,,,,,,,,,66.1,625,,,,,,,,,,,,,,,,,,
2026-06-30T00:00:00.866956+00:00,2026-06-30T10:00:00.864955,2,2,66.05,0.1,66.0,625,65.8,700,,,,,,,,,,,,,,,,,66.1,625,66.3,500,,,,,,,,,,,,,,,,
2026-06-30T00:00:00.900160+00:00,2026-06-30T10:00:00.897158,2,2,66.05,0.1,66.0,625,65.8,500,,,,,,,,,,,,,,,,,66.1,625,66.3,500,,,,,,,,,,,,,,,,
2026-06-30T00:00:00.911211+00:00,2026-06-30T10:00:00.906160,2,2,66.05,0.1,66.0,825,65.8,500,,,,,,,,,,,,,,,,,66.1,825,66.3,500,,,,,,,,,,,,,,,,
2026-06-30T00:00:01.368098+00:00,2026-06-30T10:00:01.366529,2,2,66.05,0.1,66.0,200,65.8,500,,,,,,,,,,,,,,,,,66.1,200,66.3,500,,,,,,,,,,,,,,,,
2026-06-30T00:00:01.379116+00:00,2026-06-30T10:00:01.374108,3,2,66.15,0.1,66.1,425,66.0,200,65.8,500,,,,,,,,,,,,,,,66.2,625,66.3,500,,,,,,,,,,,,,,,,
2026-06-30T00:00:01.445492+00:00,2026-06-30T10:00:01.444492,2,2,66.15,0.1,66.1,425,66.0,200,,,,,,,,,,,,,,,,,66.2,625,66.3,500,,,,,,,,,,,,,,,,
2026-06-30T00:00:01.456573+00:00,2026-06-30T10:00:01.451573,2,1,66.15,0.1,66.1,425,66.0,200,,,,,,,,,,,,,,,,,66.2,625,,,,,,,,,,,,,,,,,,
2026-06-30T00:00:01.467637+00:00,2026-06-30T10:00:01.464637,3,1,66.15,0.1,66.1,425,66.0,200,65.8,500,,,,,,,,,,,,,,,66.2,1125,,,,,,,,,,,,,,,,,,
2026-06-30T00:00:02.054817+00:00,2026-06-30T10:00:02.052818,2,1,66.15,0.1,66.1,425,66.0,200,,,,,,,,,,,,,,,,,66.2,625,,,,,,,,,,,,,,,,,,
2026-06-30T00:00:02.065904+00:00,2026-06-30T10:00:02.058905,3,1,66.15,0.1,66.1,425,66.0,200,65.8,500,,,,,,,,,,,,,,,66.2,625,,,,,,,,,,,,,,,,,,
2026-06-30T00:00:02.076967+00:00,2026-06-30T10:00:02.067957,3,1,66.15,0.1,66.1,425,66.0,200,65.8,500,,,,,,,,,,,,,,,66.2,1125,,,,,,,,,,,,,,,,,,
2026-06-30T00:00:02.119820+00:00,2026-06-30T10:00:02.118820,2,2,66.15,0.1,66.1,425,65.8,500,,,,,,,,,,,,,,,,,66.2,925,66.4,200,,,,,,,,,,,,,,,,
2026-06-30T00:00:02.292983+00:00,2026-06-30T10:00:02.283909,2,2,66.15,0.1,66.1,425,65.8,510,,,,,,,,,,,,,,,,,66.2,925,66.4,200,,,,,,,,,,,,,,,,
2026-06-30T00:00:02.659995+00:00,2026-06-30T10:00:02.658995,2,2,66.15,0.1,66.1,425,65.8,10,,,,,,,,,,,,,,,,,66.2,425,66.4,200,,,,,,,,,,,,,,,,
2026-06-30T00:00:02.671059+00:00,2026-06-30T10:00:02.664987,2,2,66.15,0.1,66.1,425,65.8,510,,,,,,,,,,,,,,,,,66.2,425,66.4,200,,,,,,,,,,,,,,,,
2026-06-30T00:00:02.682122+00:00,2026-06-30T10:00:02.679122,1,2,66.0,0.4,65.8,510,,,,,,,,,,,,,,,,,,,66.2,925,66.4,200,,,,,,,,,,,,,,,,
2026-06-30T00:00:02.693185+00:00,2026-06-30T10:00:02.689184,2,3,66.05,0.1,66.0,625,65.8,510,,,,,,,,,,,,,,,,,66.1,625,66.2,500,66.4,200,,,,,,,,,,,,,,
2026-06-30T00:00:03.259822+00:00,2026-06-30T10:00:03.252773,2,3,66.05,0.1,66.0,625,65.8,10,,,,,,,,,,,,,,,,,66.1,625,66.2,500,66.4,200,,,,,,,,,,,,,,
2026-06-30T00:00:03.270875+00:00,2026-06-30T10:00:03.263822,2,2,66.05,0.1,66.0,625,65.8,10,,,,,,,,,,,,,,,,,66.1,625,66.4,200,,,,,,,,,,,,,,,,
2026-06-30T00:00:03.281926+00:00,2026-06-30T10:00:03.274875,2,2,66.05,0.1,66.0,625,65.8,510,,,,,,,,,,,,,,,,,66.1,625,66.4,200,,,,,,,,,,,,,,,,
2026-06-30T00:00:03.292974+00:00,2026-06-30T10:00:03.282926,2,3,66.05,0.1,66.0,625,65.8,510,,,,,,,,,,,,,,,,,66.1,625,66.2,500,66.4,200,,,,,,,,,,,,,,
2026-06-30T00:00:03.326154+00:00,2026-06-30T10:00:03.321154,2,2,66.05,0.1,66.0,625,65.8,510,,,,,,,,,,,,,,,,,66.1,625,66.2,500,,,,,,,,,,,,,,,,
2026-06-30T00:00:03.337203+00:00,2026-06-30T10:00:03.333203,2,3,66.05,0.1,66.0,625,65.8,510,,,,,,,,,,,,,,,,,66.1,425,66.2,500,66.3,200,,,,,,,,,,,,,,
2026-06-30T00:00:03.347326+00:00,2026-06-30T10:00:03.343278,2,3,66.05,0.1,66.0,625,65.8,510,,,,,,,,,,,,,,,,,66.1,405,66.2,500,66.3,200,,,,,,,,,,,,,,
2026-06-30T00:00:03.682907+00:00,2026-06-30T10:00:03.672845,2,3,66.05,0.1,66.0,625,65.8,506,,,,,,,,,,,,,,,,,66.1,405,66.2,500,66.3,200,,,,,,,,,,,,,,
2026-06-30T00:00:03.857082+00:00,2026-06-30T10:00:03.855082,2,3,66.05,0.1,66.0,625,65.8,6,,,,,,,,,,,,,,,,,66.1,405,66.2,500,66.3,200,,,,,,,,,,,,,,
2026-06-30T00:00:03.867198+00:00,2026-06-30T10:00:03.863144,2,2,66.05,0.1,66.0,625,65.8,6,,,,,,,,,,,,,,,,,66.1,405,66.3,200,,,,,,,,,,,,,,,,
2026-06-30T00:00:03.877777+00:00,2026-06-30T10:00:03.869217,2,2,66.05,0.1,66.0,625,65.8,506,,,,,,,,,,,,,,,,,66.1,405,66.3,200,,,,,,,,,,,,,,,,
2026-06-30T00:00:03.888371+00:00,2026-06-30T10:00:03.878795,2,3,66.05,0.1,66.0,625,65.8,506,,,,,,,,,,,,,,,,,66.1,405,66.2,500,66.3,200,,,,,,,,,,,,,,
2026-06-30T00:00:03.998103+00:00,2026-06-30T10:00:03.996540,2,2,66.05,0.3,65.9,625,65.8,506,,,,,,,,,,,,,,,,,66.2,500,66.3,200,,,,,,,,,,,,,,,,
2026-06-30T00:00:04.008684+00:00,2026-06-30T10:00:03.999122,2,3,66.0,0.2,65.9,625,65.8,506,,,,,,,,,,,,,,,,,66.1,625,66.2,500,66.3,200,,,,,,,,,,,,,,
2026-06-30T00:00:04.465208+00:00,2026-06-30T10:00:04.462200,2,2,66.0,0.2,65.9,625,65.8,6,,,,,,,,,,,,,,,,,66.1,625,66.3,200,,,,,,,,,,,,,,,,
2026-06-30T00:00:04.476271+00:00,2026-06-30T10:00:04.472271,3,3,66.0,0.2,65.9,625,65.8,6,65.7,500,,,,,,,,,,,,,,,66.1,625,66.2,500,66.3,200,,,,,,,,,,,,,,
2026-06-30T00:00:04.540784+00:00,2026-06-30T10:00:04.538784,3,2,66.0,0.2,65.9,625,65.8,6,65.7,500,,,,,,,,,,,,,,,66.1,425,66.2,500,,,,,,,,,,,,,,,,
2026-06-30T00:00:04.551847+00:00,2026-06-30T10:00:04.540784,3,3,66.0,0.2,65.9,625,65.8,6,65.7,500,,,,,,,,,,,,,,,66.1,425,66.2,500,66.4,200,,,,,,,,,,,,,,
2026-06-30T00:00:04.585042+00:00,2026-06-30T10:00:04.582043,3,3,66.0,0.2,65.9,625,65.8,6,65.7,500,,,,,,,,,,,,,,,66.1,425,66.2,505,66.4,200,,,,,,,,,,,,,,
2026-06-30T00:00:05.082944+00:00,2026-06-30T10:00:05.080944,2,3,66.0,0.2,65.9,625,65.8,6,,,,,,,,,,,,,,,,,66.1,425,66.2,505,66.4,200,,,,,,,,,,,,,,
2026-06-30T00:00:05.094007+00:00,2026-06-30T10:00:05.093008,2,3,66.0,0.2,65.9,625,65.8,506,,,,,,,,,,,,,,,,,66.1,425,66.2,5,66.4,200,,,,,,,,,,,,,,
2026-06-30T00:00:05.105070+00:00,2026-06-30T10:00:05.099070,2,3,66.0,0.2,65.9,625,65.8,506,,,,,,,,,,,,,,,,,66.1,425,66.2,505,66.4,200,,,,,,,,,,,,,,
2026-06-30T00:00:05.311020+00:00,2026-06-30T10:00:05.309011,2,3,66.0,0.2,65.9,625,65.8,506,,,,,,,,,,,,,,,,,66.1,625,66.2,505,66.4,200,,,,,,,,,,,,,,
2026-06-30T00:00:05.690092+00:00,2026-06-30T10:00:05.686029,2,3,66.0,0.2,65.9,625,65.8,6,,,,,,,,,,,,,,,,,66.1,625,66.2,505,66.4,200,,,,,,,,,,,,,,
2026-06-30T00:00:05.701155+00:00,2026-06-30T10:00:05.700155,3,3,66.0,0.2,65.9,625,65.8,6,65.7,500,,,,,,,,,,,,,,,66.1,625,66.2,5,66.4,200,,,,,,,,,,,,,,
2026-06-30T00:00:05.712218+00:00,2026-06-30T10:00:05.706155,3,3,66.0,0.2,65.9,625,65.8,6,65.7,500,,,,,,,,,,,,,,,66.1,1125,66.2,5,66.4,200,,,,,,,,,,,,,,
2026-06-30T00:00:05.745425+00:00,2026-06-30T10:00:05.743425,3,2,66.0,0.2,65.9,625,65.8,6,65.7,500,,,,,,,,,,,,,,,66.1,1125,66.2,5,,,,,,,,,,,,,,,,
2026-06-30T00:00:05.756489+00:00,2026-06-30T10:00:05.749483,3,3,66.0,0.2,65.9,625,65.8,6,65.7,500,,,,,,,,,,,,,,,66.1,925,66.2,5,66.3,200,,,,,,,,,,,,,,
2026-06-30T00:00:06.288663+00:00,2026-06-30T10:00:06.288150,2,3,66.0,0.2,65.9,625,65.8,6,,,,,,,,,,,,,,,,,66.1,925,66.2,5,66.3,200,,,,,,,,,,,,,,
2026-06-30T00:00:06.299745+00:00,2026-06-30T10:00:06.295682,2,3,66.0,0.2,65.9,625,65.8,6,,,,,,,,,,,,,,,,,66.1,425,66.2,5,66.3,200,,,,,,,,,,,,,,
2026-06-30T00:00:06.310809+00:00,2026-06-30T10:00:06.308809,2,3,66.0,0.2,65.9,625,65.8,506,,,,,,,,,,,,,,,,,66.1,425,66.2,505,66.3,200,,,,,,,,,,,,,,
2026-06-30T00:00:06.615239+00:00,2026-06-30T10:00:06.613231,1,3,65.95,0.3,65.8,506,,,,,,,,,,,,,,,,,,,66.1,425,66.2,505,66.3,200,,,,,,,,,,,,,,
2026-06-30T00:00:06.626283+00:00,2026-06-30T10:00:06.619284,2,2,66.1,0.2,66.0,625,65.8,506,,,,,,,,,,,,,,,,,66.2,1130,66.3,200,,,,,,,,,,,,,,,,
2026-06-30T00:00:06.745949+00:00,2026-06-30T10:00:06.734901,2,2,66.1,0.2,66.0,625,65.8,506,,,,,,,,,,,,,,,,,66.2,1129,66.3,200,,,,,,,,,,,,,,,,
2026-06-30T00:00:06.897887+00:00,2026-06-30T10:00:06.892327,2,2,66.1,0.2,66.0,625,65.8,6,,,,,,,,,,,,,,,,,66.2,1129,66.3,200,,,,,,,,,,,,,,,,
2026-06-30T00:00:06.908467+00:00,2026-06-30T10:00:06.907953,2,2,66.1,0.2,66.0,625,65.8,506,,,,,,,,,,,,,,,,,66.2,1129,66.3,200,,,,,,,,,,,,,,,,
2026-06-30T00:00:06.919045+00:00,2026-06-30T10:00:06.914485,2,2,66.1,0.2,66.0,625,65.8,506,,,,,,,,,,,,,,,,,66.2,1127,66.3,200,,,,,,,,,,,,,,,,
2026-06-30T00:00:06.963325+00:00,2026-06-30T10:00:06.956262,2,2,66.1,0.2,66.0,625,65.8,506,,,,,,,,,,,,,,,,,66.2,927,66.3,200,,,,,,,,,,,,,,,,
2026-06-30T00:00:07.496310+00:00,2026-06-30T10:00:07.492310,2,2,66.1,0.2,66.0,625,65.8,6,,,,,,,,,,,,,,,,,66.2,927,66.3,200,,,,,,,,,,,,,,,,
2026-06-30T00:00:07.507381+00:00,2026-06-30T10:00:07.505381,2,2,66.1,0.2,66.0,625,65.8,506,,,,,,,,,,,,,,,,,66.2,427,66.3,200,,,,,,,,,,,,,,,,
2026-06-30T00:00:07.518037+00:00,2026-06-30T10:00:07.512461,2,2,66.1,0.2,66.0,625,65.8,506,,,,,,,,,,,,,,,,,66.2,927,66.3,200,,,,,,,,,,,,,,,,
2026-06-30T00:00:07.931837+00:00,2026-06-30T10:00:07.930837,2,2,66.1,0.2,66.0,625,65.8,506,,,,,,,,,,,,,,,,,66.2,500,66.3,200,,,,,,,,,,,,,,,,
2026-06-30T00:00:07.942901+00:00,2026-06-30T10:00:07.932837,2,2,66.1,0.2,66.0,625,65.8,506,,,,,,,,,,,,,,,,,66.2,1125,66.3,200,,,,,,,,,,,,,,,,
2026-06-30T00:00:08.095417+00:00,2026-06-30T10:00:08.094417,2,2,66.1,0.2,66.0,625,65.8,6,,,,,,,,,,,,,,,,,66.2,1125,66.3,200,,,,,,,,,,,,,,,,
2026-06-30T00:00:08.106479+00:00,2026-06-30T10:00:08.102479,2,2,66.1,0.2,66.0,625,65.8,6,,,,,,,,,,,,,,,,,66.2,625,66.3,200,,,,,,,,,,,,,,,,
2026-06-30T00:00:08.117542+00:00,2026-06-30T10:00:08.112542,2,2,66.1,0.2,66.0,625,65.8,506,,,,,,,,,,,,,,,,,66.2,1125,66.3,200,,,,,,,,,,,,,,,,
2026-06-30T00:00:08.171983+00:00,2026-06-30T10:00:08.165890,2,1,66.1,0.2,66.0,825,65.8,506,,,,,,,,,,,,,,,,,66.2,1325,,,,,,,,,,,,,,,,,,
2026-06-30T00:00:08.704968+00:00,2026-06-30T10:00:08.697958,2,1,66.1,0.2,66.0,825,65.8,6,,,,,,,,,,,,,,,,,66.2,1325,,,,,,,,,,,,,,,,,,
2026-06-30T00:00:08.716031+00:00,2026-06-30T10:00:08.708020,2,1,66.1,0.2,66.0,825,65.8,6,,,,,,,,,,,,,,,,,66.2,825,,,,,,,,,,,,,,,,,,
2026-06-30T00:00:08.727094+00:00,2026-06-30T10:00:08.723094,2,1,66.1,0.2,66.0,825,65.8,506,,,,,,,,,,,,,,,,,66.2,1325,,,,,,,,,,,,,,,,,,
2026-06-30T00:00:09.238600+00:00,2026-06-30T10:00:09.236031,2,1,66.1,0.2,66.0,200,65.8,506,,,,,,,,,,,,,,,,,66.2,1325,,,,,,,,,,,,,,,,,,
2026-06-30T00:00:09.249681+00:00,2026-06-30T10:00:09.243618,3,2,66.15,0.1,66.1,625,66.0,200,65.8,506,,,,,,,,,,,,,,,66.2,700,66.3,625,,,,,,,,,,,,,,,,
2026-06-30T00:00:09.304104+00:00,2026-06-30T10:00:09.300105,3,2,66.15,0.1,66.1,625,66.0,200,65.8,6,,,,,,,,,,,,,,,66.2,700,66.3,625,,,,,,,,,,,,,,,,
2026-06-30T00:00:09.315162+00:00,2026-06-30T10:00:09.308170,3,2,66.15,0.1,66.1,625,66.0,200,65.8,6,,,,,,,,,,,,,,,66.2,200,66.3,625,,,,,,,,,,,,,,,,
2026-06-30T00:00:09.326225+00:00,2026-06-30T10:00:09.322234,4,2,66.15,0.1,66.1,625,66.0,200,65.8,6,65.7,500,,,,,,,,,,,,,66.2,700,66.3,625,,,,,,,,,,,,,,,,
2026-06-30T00:00:09.380159+00:00,2026-06-30T10:00:09.376096,3,2,66.15,0.1,66.1,625,65.8,6,65.7,500,,,,,,,,,,,,,,,66.2,500,66.3,625,,,,,,,,,,,,,,,,
2026-06-30T00:00:09.391223+00:00,2026-06-30T10:00:09.384159,3,2,66.15,0.1,66.1,825,65.8,6,65.7,500,,,,,,,,,,,,,,,66.2,700,66.3,625,,,,,,,,,,,,,,,,
2026-06-30T00:00:09.912264+00:00,2026-06-30T10:00:09.911264,2,2,66.15,0.1,66.1,825,65.8,6,,,,,,,,,,,,,,,,,66.2,200,66.3,625,,,,,,,,,,,,,,,,
2026-06-30T00:00:09.923328+00:00,2026-06-30T10:00:09.922327,2,2,66.15,0.1,66.1,825,65.8,506,,,,,,,,,,,,,,,,,66.2,700,66.3,625,,,,,,,,,,,,,,,,
2026-06-30T00:00:10.399867+00:00,2026-06-30T10:00:10.397857,2,2,66.15,0.1,66.1,825,65.8,506,,,,,,,,,,,,,,,,,66.2,701,66.3,625,,,,,,,,,,,,,,,,
2026-06-30T00:00:10.508994+00:00,2026-06-30T10:00:10.505994,2,2,66.15,0.1,66.1,825,65.8,6,,,,,,,,,,,,,,,,,66.2,701,66.3,625,,,,,,,,,,,,,,,,
2026-06-30T00:00:10.520057+00:00,2026-06-30T10:00:10.519057,2,2,66.15,0.1,66.1,825,65.8,506,,,,,,,,,,,,,,,,,66.2,201,66.3,625,,,,,,,,,,,,,,,,
2026-06-30T00:00:10.531121+00:00,2026-06-30T10:00:10.525057,2,2,66.15,0.1,66.1,825,65.8,506,,,,,,,,,,,,,,,,,66.2,701,66.3,625,,,,,,,,,,,,,,,,
2026-06-30T00:00:10.553256+00:00,2026-06-30T10:00:10.551266,2,1,66.15,0.1,66.1,200,65.8,506,,,,,,,,,,,,,,,,,66.2,701,,,,,,,,,,,,,,,,,,
2026-06-30T00:00:10.564329+00:00,2026-06-30T10:00:10.561329,2,2,66.15,0.1,66.1,825,65.8,506,,,,,,,,,,,,,,,,,66.2,701,66.3,625,,,,,,,,,,,,,,,,
2026-06-30T00:00:10.597534+00:00,2026-06-30T10:00:10.594534,2,2,66.15,0.1,66.1,825,65.8,506,,,,,,,,,,,,,,,,,66.2,501,66.3,825,,,,,,,,,,,,,,,,
2026-06-30T00:00:11.142009+00:00,2026-06-30T10:00:11.141009,2,2,66.15,0.1,66.1,825,65.8,6,,,,,,,,,,,,,,,,,66.2,501,66.3,825,,,,,,,,,,,,,,,,
2026-06-30T00:00:11.153058+00:00,2026-06-30T10:00:11.147009,2,2,66.15,0.1,66.1,825,65.8,6,,,,,,,,,,,,,,,,,66.2,1,66.3,825,,,,,,,,,,,,,,,,
2026-06-30T00:00:11.164106+00:00,2026-06-30T10:00:11.162106,2,2,66.15,0.1,66.1,825,65.8,506,,,,,,,,,,,,,,,,,66.2,1,66.3,1325,,,,,,,,,,,,,,,,
2026-06-30T00:00:11.749973+00:00,2026-06-30T10:00:11.744910,2,2,66.15,0.1,66.1,825,65.8,6,,,,,,,,,,,,,,,,,66.2,1,66.3,1325,,,,,,,,,,,,,,,,
2026-06-30T00:00:11.761037+00:00,2026-06-30T10:00:11.760036,2,2,66.15,0.1,66.1,825,65.8,506,,,,,,,,,,,,,,,,,66.2,1,66.3,825,,,,,,,,,,,,,,,,
2026-06-30T00:00:11.772115+00:00,2026-06-30T10:00:11.766036,2,2,66.15,0.1,66.1,825,65.8,506,,,,,,,,,,,,,,,,,66.2,1,66.3,1325,,,,,,,,,,,,,,,,
2026-06-30T00:00:11.805329+00:00,2026-06-30T10:00:11.804329,2,2,66.15,0.1,66.1,625,65.8,506,,,,,,,,,,,,,,,,,66.2,1,66.3,1125,,,,,,,,,,,,,,,,
2026-06-30T00:00:11.816395+00:00,2026-06-30T10:00:11.813396,3,1,66.25,0.1,66.2,199,66.1,625,65.8,506,,,,,,,,,,,,,,,66.3,1325,,,,,,,,,,,,,,,,,,
2026-06-30T00:00:11.869807+00:00,2026-06-30T10:00:11.866744,2,1,66.25,0.1,66.2,199,65.8,506,,,,,,,,,,,,,,,,,66.3,700,,,,,,,,,,,,,,,,,,
2026-06-30T00:00:11.880869+00:00,2026-06-30T10:00:11.873806,3,1,66.25,0.1,66.2,199,66.1,625,65.8,506,,,,,,,,,,,,,,,66.3,1325,,,,,,,,,,,,,,,,,,
2026-06-30T00:00:12.348928+00:00,2026-06-30T10:00:12.346368,3,1,66.25,0.1,66.2,199,66.1,625,65.8,6,,,,,,,,,,,,,,,66.3,1325,,,,,,,,,,,,,,,,,,
2026-06-30T00:00:12.360008+00:00,2026-06-30T10:00:12.359008,4,1,66.25,0.1,66.2,199,66.1,625,65.9,500,65.8,6,,,,,,,,,,,,,66.3,825,,,,,,,,,,,,,,,,,,
2026-06-30T00:00:12.371071+00:00,2026-06-30T10:00:12.364008,4,1,66.25,0.1,66.2,199,66.1,625,65.9,500,65.8,6,,,,,,,,,,,,,66.3,1325,,,,,,,,,,,,,,,,,,
2026-06-30T00:00:12.525089+00:00,2026-06-30T10:00:12.518089,4,1,66.25,0.1,66.2,199,66.1,625,65.9,500,65.8,6,,,,,,,,,,,,,66.3,1329,,,,,,,,,,,,,,,,,,
2026-06-30T00:00:12.958555+00:00,2026-06-30T10:00:12.955995,3,1,66.25,0.1,66.2,199,66.1,625,65.8,6,,,,,,,,,,,,,,,66.3,829,,,,,,,,,,,,,,,,,,
2026-06-30T00:00:12.969629+00:00,2026-06-30T10:00:12.961574,4,1,66.25,0.1,66.2,199,66.1,625,65.9,500,65.8,6,,,,,,,,,,,,,66.3,829,,,,,,,,,,,,,,,,,,
2026-06-30T00:00:12.980715+00:00,2026-06-30T10:00:12.969823,4,1,66.25,0.1,66.2,199,66.1,625,65.9,500,65.8,6,,,,,,,,,,,,,66.3,1329,,,,,,,,,,,,,,,,,,
2026-06-30T00:00:13.024968+00:00,2026-06-30T10:00:13.022960,4,2,66.25,0.1,66.2,200,66.1,625,65.9,500,65.8,6,,,,,,,,,,,,,66.3,1129,66.4,200,,,,,,,,,,,,,,,,
2026-06-30T00:00:13.177533+00:00,2026-06-30T10:00:13.175533,3,2,66.25,0.1,66.2,200,65.9,500,65.8,6,,,,,,,,,,,,,,,66.3,1129,66.4,200,,,,,,,,,,,,,,,,
2026-06-30T00:00:13.188160+00:00,2026-06-30T10:00:13.182601,3,3,66.15,0.1,66.1,625,65.9,500,65.8,6,,,,,,,,,,,,,,,66.2,425,66.3,504,66.4,200,,,,,,,,,,,,,,
2026-06-30T00:00:13.558113+00:00,2026-06-30T10:00:13.553554,2,3,66.15,0.1,66.1,625,65.8,6,,,,,,,,,,,,,,,,,66.2,425,66.3,504,66.4,200,,,,,,,,,,,,,,
2026-06-30T00:00:13.568692+00:00,2026-06-30T10:00:13.563123,2,3,66.15,0.1,66.1,625,65.8,6,,,,,,,,,,,,,,,,,66.2,425,66.3,4,66.4,200,,,,,,,,,,,,,,
2026-06-30T00:00:13.579774+00:00,2026-06-30T10:00:13.571710,3,3,66.15,0.1,66.1,625,65.9,500,65.8,6,,,,,,,,,,,,,,,66.2,425,66.3,4,66.4,200,,,,,,,,,,,,,,
2026-06-30T00:00:13.590837+00:00,2026-06-30T10:00:13.585774,2,3,66.15,0.1,66.1,625,65.9,500,,,,,,,,,,,,,,,,,66.2,425,66.3,504,66.4,200,,,,,,,,,,,,,,
2026-06-30T00:00:13.754402+00:00,2026-06-30T10:00:13.753402,3,3,66.15,0.1,66.1,625,66.0,8,65.9,500,,,,,,,,,,,,,,,66.2,425,66.3,504,66.4,200,,,,,,,,,,,,,,
2026-06-30T00:00:14.167796+00:00,2026-06-30T10:00:14.167283,2,3,66.15,0.1,66.1,625,66.0,8,,,,,,,,,,,,,,,,,66.2,425,66.3,4,66.4,200,,,,,,,,,,,,,,
2026-06-30T00:00:14.178377+00:00,2026-06-30T10:00:14.174815,3,3,66.15,0.1,66.1,625,66.0,8,65.9,500,,,,,,,,,,,,,,,66.2,425,66.3,4,66.4,200,,,,,,,,,,,,,,
2026-06-30T00:00:14.188985+00:00,2026-06-30T10:00:14.182395,3,3,66.15,0.1,66.1,625,66.0,8,65.9,500,,,,,,,,,,,,,,,66.2,425,66.3,504,66.4,200,,,,,,,,,,,,,,
2026-06-30T00:00:14.233258+00:00,2026-06-30T10:00:14.231258,3,2,66.15,0.1,66.1,825,66.0,8,65.9,500,,,,,,,,,,,,,,,66.2,625,66.3,504,,,,,,,,,,,,,,,,
2026-06-30T00:00:14.496481+00:00,2026-06-30T10:00:14.494481,3,1,66.2,0.2,66.1,200,66.0,8,65.9,500,,,,,,,,,,,,,,,66.3,79,,,,,,,,,,,,,,,,,,
2026-06-30T00:00:14.507544+00:00,2026-06-30T10:00:14.496481,3,2,66.2,0.2,66.1,200,66.0,8,65.9,500,,,,,,,,,,,,,,,66.3,79,66.4,625,,,,,,,,,,,,,,,,
2026-06-30T00:00:14.768922+00:00,2026-06-30T10:00:14.759356,2,2,66.2,0.2,66.1,200,66.0,8,,,,,,,,,,,,,,,,,66.3,79,66.4,625,,,,,,,,,,,,,,,,
2026-06-30T00:00:14.780013+00:00,2026-06-30T10:00:14.774941,3,1,66.25,0.3,66.1,200,66.0,8,65.9,500,,,,,,,,,,,,,,,66.4,625,,,,,,,,,,,,,,,,,,
2026-06-30T00:00:14.791066+00:00,2026-06-30T10:00:14.781013,3,2,66.2,0.2,66.1,200,66.0,8,65.9,500,,,,,,,,,,,,,,,66.3,500,66.4,625,,,,,,,,,,,,,,,,
2026-06-30T00:00:15.367146+00:00,2026-06-30T10:00:15.366146,2,1,66.25,0.3,66.1,200,66.0,8,,,,,,,,,,,,,,,,,66.4,625,,,,,,,,,,,,,,,,,,
2026-06-30T00:00:15.377773+00:00,2026-06-30T10:00:15.376212,3,2,66.2,0.2,66.1,200,66.0,8,65.9,500,,,,,,,,,,,,,,,66.3,500,66.4,625,,,,,,,,,,,,,,,,
2026-06-30T00:00:15.443203+00:00,2026-06-30T10:00:15.442203,2,3,66.1,0.2,66.0,208,65.9,500,,,,,,,,,,,,,,,,,66.2,200,66.3,500,66.4,625,,,,,,,,,,,,,,
2026-06-30T00:00:15.454266+00:00,2026-06-30T10:00:15.444203,2,3,66.1,0.2,66.0,208,65.9,500,,,,,,,,,,,,,,,,,66.2,200,66.3,504,66.4,625,,,,,,,,,,,,,,
2026-06-30T00:00:15.803075+00:00,2026-06-30T10:00:15.800075,3,2,66.1,0.2,66.0,208,65.9,500,65.8,625,,,,,,,,,,,,,,,66.2,200,66.3,504,,,,,,,,,,,,,,,,
2026-06-30T00:00:15.814129+00:00,2026-06-30T10:00:15.804075,2,3,65.95,0.1,65.9,500,65.8,625,,,,,,,,,,,,,,,,,66.0,417,66.2,200,66.3,504,,,,,,,,,,,,,,
2026-06-30T00:00:15.836261+00:00,2026-06-30T10:00:15.831261,2,3,65.95,0.1,65.9,507,65.8,625,,,,,,,,,,,,,,,,,66.0,417,66.2,200,66.3,504,,,,,,,,,,,,,,
2026-06-30T00:00:15.966141+00:00,2026-06-30T10:00:15.964141,2,3,65.95,0.1,65.9,7,65.8,625,,,,,,,,,,,,,,,,,66.0,417,66.2,200,66.3,504,,,,,,,,,,,,,,
2026-06-30T00:00:15.977204+00:00,2026-06-30T10:00:15.974204,2,3,65.95,0.1,65.9,7,65.8,625,,,,,,,,,,,,,,,,,66.0,417,66.2,200,66.3,4,,,,,,,,,,,,,,
2026-06-30T00:00:15.987831+00:00,2026-06-30T10:00:15.986271,2,3,65.95,0.1,65.9,7,65.8,1125,,,,,,,,,,,,,,,,,66.0,417,66.2,200,66.3,504,,,,,,,,,,,,,,
2026-06-30T00:00:16.497802+00:00,2026-06-30T10:00:16.487354,1,3,65.9,0.2,65.8,1125,,,,,,,,,,,,,,,,,,,66.0,417,66.2,200,66.3,504,,,,,,,,,,,,,,
2026-06-30T00:00:16.574629+00:00,2026-06-30T10:00:16.572629,1,3,65.9,0.2,65.8,625,,,,,,,,,,,,,,,,,,,66.0,417,66.2,200,66.3,4,,,,,,,,,,,,,,
2026-06-30T00:00:16.585682+00:00,2026-06-30T10:00:16.583683,1,3,65.9,0.2,65.8,1125,,,,,,,,,,,,,,,,,,,66.0,417,66.2,200,66.3,504,,,,,,,,,,,,,,
2026-06-30T00:00:16.650071+00:00,2026-06-30T10:00:16.648070,1,2,65.9,0.2,65.8,1325,,,,,,,,,,,,,,,,,,,66.0,617,66.3,504,,,,,,,,,,,,,,,,
2026-06-30T00:00:17.117807+00:00,2026-06-30T10:00:17.111248,2,3,65.95,0.1,65.9,625,65.8,700,,,,,,,,,,,,,,,,,66.0,200,66.1,625,66.3,504,,,,,,,,,,,,,,
2026-06-30T00:00:17.205351+00:00,2026-06-30T10:00:17.204351,2,3,65.95,0.1,65.9,625,65.8,200,,,,,,,,,,,,,,,,,66.0,200,66.1,625,66.3,4,,,,,,,,,,,,,,
2026-06-30T00:00:17.216414+00:00,2026-06-30T10:00:17.210415,2,3,65.95,0.1,65.9,625,65.8,700,,,,,,,,,,,,,,,,,66.0,200,66.1,625,66.3,4,,,,,,,,,,,,,,
2026-06-30T00:00:17.227478+00:00,2026-06-30T10:00:17.218478,2,3,65.95,0.1,65.9,625,65.8,700,,,,,,,,,,,,,,,,,66.0,200,66.1,625,66.3,504,,,,,,,,,,,,,,
2026-06-30T00:00:17.802286+00:00,2026-06-30T10:00:17.801286,2,3,65.95,0.1,65.9,625,65.8,200,,,,,,,,,,,,,,,,,66.0,200,66.1,625,66.3,504,,,,,,,,,,,,,,
2026-06-30T00:00:17.813349+00:00,2026-06-30T10:00:17.809349,2,3,65.95,0.1,65.9,625,65.8,200,,,,,,,,,,,,,,,,,66.0,200,66.1,625,66.3,4,,,,,,,,,,,,,,
2026-06-30T00:00:17.824407+00:00,2026-06-30T10:00:17.820416,2,3,65.95,0.1,65.9,1125,65.8,200,,,,,,,,,,,,,,,,,66.0,200,66.1,625,66.3,504,,,,,,,,,,,,,,
2026-06-30T00:00:17.857631+00:00,2026-06-30T10:00:17.854632,2,2,66.0,0.2,65.9,1125,65.6,200,,,,,,,,,,,,,,,,,66.1,625,66.3,504,,,,,,,,,,,,,,,,
2026-06-30T00:00:17.868261+00:00,2026-06-30T10:00:17.857876,2,2,66.0,0.2,65.9,925,65.6,200,,,,,,,,,,,,,,,,,66.1,625,66.3,504,,,,,,,,,,,,,,,,
2026-06-30T00:00:18.413918+00:00,2026-06-30T10:00:18.412918,2,2,66.0,0.2,65.9,425,65.6,200,,,,,,,,,,,,,,,,,66.1,625,66.3,4,,,,,,,,,,,,,,,,
2026-06-30T00:00:18.436045+00:00,2026-06-30T10:00:18.430046,3,2,66.0,0.2,65.9,425,65.8,500,65.6,200,,,,,,,,,,,,,,,66.1,625,66.3,504,,,,,,,,,,,,,,,,
2026-06-30T00:00:18.447109+00:00,2026-06-30T10:00:18.442101,2,1,66.05,0.5,65.8,500,65.6,200,,,,,,,,,,,,,,,,,66.3,504,,,,,,,,,,,,,,,,,,
2026-06-30T00:00:18.457734+00:00,2026-06-30T10:00:18.450175,2,2,65.9,0.2,65.8,1125,65.6,200,,,,,,,,,,,,,,,,,66.0,625,66.3,504,,,,,,,,,,,,,,,,
2026-06-30T00:00:19.010070+00:00,2026-06-30T10:00:19.007000,2,2,65.9,0.2,65.8,625,65.6,200,,,,,,,,,,,,,,,,,66.0,625,66.3,504,,,,,,,,,,,,,,,,
2026-06-30T00:00:19.021133+00:00,2026-06-30T10:00:19.019133,2,2,65.9,0.2,65.8,1125,65.6,200,,,,,,,,,,,,,,,,,66.0,625,66.3,4,,,,,,,,,,,,,,,,
2026-06-30T00:00:19.032195+00:00,2026-06-30T10:00:19.027184,2,2,65.9,0.2,65.8,1125,65.6,200,,,,,,,,,,,,,,,,,66.0,625,66.3,504,,,,,,,,,,,,,,,,
2026-06-30T00:00:19.087561+00:00,2026-06-30T10:00:19.081561,2,2,65.9,0.2,65.8,925,65.5,200,,,,,,,,,,,,,,,,,66.0,625,66.3,504,,,,,,,,,,,,,,,,
2026-06-30T00:00:19.618072+00:00,2026-06-30T10:00:19.616504,2,2,65.9,0.2,65.8,425,65.5,200,,,,,,,,,,,,,,,,,66.0,625,66.3,4,,,,,,,,,,,,,,,,
2026-06-30T00:00:19.628651+00:00,2026-06-30T10:00:19.622083,2,2,65.9,0.2,65.8,925,65.5,200,,,,,,,,,,,,,,,,,66.0,625,66.3,4,,,,,,,,,,,,,,,,
2026-06-30T00:00:19.639738+00:00,2026-06-30T10:00:19.628892,2,3,65.9,0.2,65.8,925,65.5,200,,,,,,,,,,,,,,,,,66.0,625,66.2,500,66.3,4,,,,,,,,,,,,,,
2026-06-30T00:00:19.759608+00:00,2026-06-30T10:00:19.758608,3,3,65.85,0.1,65.8,500,65.7,625,65.5,200,,,,,,,,,,,,,,,65.9,625,66.2,500,66.3,4,,,,,,,,,,,,,,
2026-06-30T00:00:20.216290+00:00,2026-06-30T10:00:20.212281,2,3,65.8,0.2,65.7,625,65.5,200,,,,,,,,,,,,,,,,,65.9,625,66.2,500,66.3,4,,,,,,,,,,,,,,
2026-06-30T00:00:20.227362+00:00,2026-06-30T10:00:20.219353,2,2,65.8,0.2,65.7,625,65.5,200,,,,,,,,,,,,,,,,,65.9,625,66.3,4,,,,,,,,,,,,,,,,
2026-06-30T00:00:20.237988+00:00,2026-06-30T10:00:20.232428,3,2,65.85,0.1,65.8,500,65.7,625,65.5,200,,,,,,,,,,,,,,,65.9,625,66.3,504,,,,,,,,,,,,,,,,
2026-06-30T00:00:20.292858+00:00,2026-06-30T10:00:20.287848,3,2,65.85,0.1,65.8,300,65.7,625,65.5,200,,,,,,,,,,,,,,,65.9,625,66.3,504,,,,,,,,,,,,,,,,
2026-06-30T00:00:20.825365+00:00,2026-06-30T10:00:20.815302,2,2,65.8,0.2,65.7,625,65.5,200,,,,,,,,,,,,,,,,,65.9,625,66.3,504,,,,,,,,,,,,,,,,
2026-06-30T00:00:20.836427+00:00,2026-06-30T10:00:20.829427,3,2,65.85,0.1,65.8,500,65.7,625,65.5,200,,,,,,,,,,,,,,,65.9,625,66.3,4,,,,,,,,,,,,,,,,
2026-06-30T00:00:20.847491+00:00,2026-06-30T10:00:20.836427,3,3,65.85,0.1,65.8,500,65.7,625,65.5,200,,,,,,,,,,,,,,,65.9,625,66.2,500,66.3,4,,,,,,,,,,,,,,
2026-06-30T00:00:21.065031+00:00,2026-06-30T10:00:21.064031,2,2,66.0,0.4,65.8,500,65.5,200,,,,,,,,,,,,,,,,,66.2,500,66.3,4,,,,,,,,,,,,,,,,
2026-06-30T00:00:21.076094+00:00,2026-06-30T10:00:21.070094,2,3,65.75,0.1,65.7,625,65.5,200,,,,,,,,,,,,,,,,,65.8,125,66.2,500,66.3,4,,,,,,,,,,,,,,
2026-06-30T00:00:21.304117+00:00,2026-06-30T10:00:21.298117,2,3,65.75,0.1,65.7,625,65.5,200,,,,,,,,,,,,,,,,,65.8,105,66.2,500,66.3,4,,,,,,,,,,,,,,
2026-06-30T00:00:21.423929+00:00,2026-06-30T10:00:21.416867,2,2,65.75,0.1,65.7,625,65.5,200,,,,,,,,,,,,,,,,,65.8,105,66.3,4,,,,,,,,,,,,,,,,
2026-06-30T00:00:21.434993+00:00,2026-06-30T10:00:21.432992,3,2,66.0,0.4,65.8,395,65.7,625,65.5,200,,,,,,,,,,,,,,,66.2,500,66.3,4,,,,,,,,,,,,,,,,
2026-06-30T00:00:21.499996+00:00,2026-06-30T10:00:21.494933,2,3,65.85,0.1,65.8,395,65.7,825,,,,,,,,,,,,,,,,,65.9,200,66.2,500,66.3,4,,,,,,,,,,,,,,
2026-06-30T00:00:21.588078+00:00,2026-06-30T10:00:21.582519,2,3,65.85,0.1,65.8,397,65.7,825,,,,,,,,,,,,,,,,,65.9,200,66.2,500,66.3,4,,,,,,,,,,,,,,
2026-06-30T00:00:22.023098+00:00,2026-06-30T10:00:22.020091,2,3,65.85,0.1,65.8,2,65.7,825,,,,,,,,,,,,,,,,,65.9,200,66.2,500,66.3,4,,,,,,,,,,,,,,
2026-06-30T00:00:22.034161+00:00,2026-06-30T10:00:22.027151,2,2,65.85,0.1,65.8,2,65.7,825,,,,,,,,,,,,,,,,,65.9,200,66.3,4,,,,,,,,,,,,,,,,
2026-06-30T00:00:22.045215+00:00,2026-06-30T10:00:22.036161,2,3,65.85,0.1,65.8,502,65.7,825,,,,,,,,,,,,,,,,,65.9,200,66.2,500,66.3,4,,,,,,,,,,,,,,
2026-06-30T00:00:22.381082+00:00,2026-06-30T10:00:22.379082,3,2,66.1,0.2,66.0,425,65.8,502,65.7,200,,,,,,,,,,,,,,,66.2,1125,66.3,4,,,,,,,,,,,,,,,,
2026-06-30T00:00:22.630707+00:00,2026-06-30T10:00:22.627660,3,2,66.1,0.2,66.0,425,65.8,2,65.7,200,,,,,,,,,,,,,,,66.2,625,66.3,4,,,,,,,,,,,,,,,,
2026-06-30T00:00:22.641780+00:00,2026-06-30T10:00:22.637770,3,2,66.1,0.2,66.0,425,65.8,502,65.7,200,,,,,,,,,,,,,,,66.2,1125,66.3,4,,,,,,,,,,,,,,,,
2026-06-30T00:00:22.707207+00:00,2026-06-30T10:00:22.700162,3,3,66.05,0.1,66.0,425,65.9,200,65.8,502,,,,,,,,,,,,,,,66.1,200,66.2,1125,66.3,4,,,,,,,,,,,,,,
2026-06-30T00:00:23.032819+00:00,2026-06-30T10:00:23.027809,3,3,66.05,0.1,66.0,425,65.9,200,65.8,501,,,,,,,,,,,,,,,66.1,200,66.2,1125,66.3,4,,,,,,,,,,,,,,
2026-06-30T00:00:23.260843+00:00,2026-06-30T10:00:23.256785,3,3,66.05,0.1,66.0,425,65.9,200,65.8,1,,,,,,,,,,,,,,,66.1,200,66.2,625,66.3,4,,,,,,,,,,,,,,
2026-06-30T00:00:23.271920+00:00,2026-06-30T10:00:23.266844,3,3,66.05,0.1,66.0,425,65.9,200,65.8,501,,,,,,,,,,,,,,,66.1,200,66.2,625,66.3,4,,,,,,,,,,,,,,
2026-06-30T00:00:23.282984+00:00,2026-06-30T10:00:23.275920,3,3,66.05,0.1,66.0,425,65.9,200,65.8,501,,,,,,,,,,,,,,,66.1,200,66.2,1125,66.3,4,,,,,,,,,,,,,,
2026-06-30T00:00:23.686123+00:00,2026-06-30T10:00:23.684132,2,3,66.0,0.2,65.9,200,65.8,501,,,,,,,,,,,,,,,,,66.1,200,66.2,500,66.3,4,,,,,,,,,,,,,,
2026-06-30T00:00:23.697195+00:00,2026-06-30T10:00:23.690195,2,4,65.85,0.1,65.8,501,65.7,625,,,,,,,,,,,,,,,,,65.9,425,66.1,200,66.2,500,66.3,4,,,,,,,,,,,,
2026-06-30T00:00:23.859904+00:00,2026-06-30T10:00:23.853827,2,4,65.85,0.1,65.8,1,65.7,625,,,,,,,,,,,,,,,,,65.9,425,66.1,200,66.2,500,66.3,4,,,,,,,,,,,,
2026-06-30T00:00:23.870991+00:00,2026-06-30T10:00:23.867982,2,3,65.85,0.1,65.8,501,65.7,625,,,,,,,,,,,,,,,,,65.9,425,66.1,200,66.3,4,,,,,,,,,,,,,,
2026-06-30T00:00:23.893120+00:00,2026-06-30T10:00:23.884055,2,4,65.85,0.1,65.8,501,65.7,625,,,,,,,,,,,,,,,,,65.9,425,66.1,200,66.2,500,66.3,4,,,,,,,,,,,,
2026-06-30T00:00:23.915271+00:00,2026-06-30T10:00:23.914271,2,3,65.85,0.1,65.8,501,65.7,625,,,,,,,,,,,,,,,,,65.9,225,66.2,500,66.3,4,,,,,,,,,,,,,,
2026-06-30T00:00:23.926328+00:00,2026-06-30T10:00:23.918329,2,4,65.85,0.1,65.8,501,65.7,625,,,,,,,,,,,,,,,,,65.9,225,66.0,200,66.2,500,66.3,4,,,,,,,,,,,,
2026-06-30T00:00:24.219833+00:00,2026-06-30T10:00:24.210770,2,4,65.85,0.1,65.8,500,65.7,625,,,,,,,,,,,,,,,,,65.9,225,66.0,200,66.2,500,66.3,4,,,,,,,,,,,,
2026-06-30T00:00:24.470011+00:00,2026-06-30T10:00:24.465940,1,3,65.8,0.2,65.7,625,,,,,,,,,,,,,,,,,,,65.9,225,66.0,200,66.3,4,,,,,,,,,,,,,,
2026-06-30T00:00:24.481075+00:00,2026-06-30T10:00:24.471011,1,3,65.8,0.2,65.7,1125,,,,,,,,,,,,,,,,,,,65.9,225,66.0,200,66.3,4,,,,,,,,,,,,,,
2026-06-30T00:00:24.492137+00:00,2026-06-30T10:00:24.485075,1,4,65.8,0.2,65.7,1125,,,,,,,,,,,,,,,,,,,65.9,225,66.0,200,66.2,500,66.3,4,,,,,,,,,,,,
2026-06-30T00:00:24.994971+00:00,2026-06-30T10:00:24.992970,1,4,65.8,0.2,65.7,500,,,,,,,,,,,,,,,,,,,65.9,225,66.0,200,66.2,500,66.3,4,,,,,,,,,,,,
2026-06-30T00:00:25.006050+00:00,2026-06-30T10:00:25.000050,2,3,65.95,0.1,65.9,625,65.7,500,,,,,,,,,,,,,,,,,66.0,825,66.2,500,66.3,4,,,,,,,,,,,,,,
2026-06-30T00:00:25.058430+00:00,2026-06-30T10:00:25.057871,1,3,65.95,0.1,65.9,625,,,,,,,,,,,,,,,,,,,66.0,825,66.2,500,66.3,4,,,,,,,,,,,,,,
2026-06-30T00:00:25.069010+00:00,2026-06-30T10:00:25.064449,1,2,65.95,0.1,65.9,625,,,,,,,,,,,,,,,,,,,66.0,825,66.3,4,,,,,,,,,,,,,,,,
2026-06-30T00:00:25.080092+00:00,2026-06-30T10:00:25.077029,2,3,65.95,0.1,65.9,625,65.7,500,,,,,,,,,,,,,,,,,66.0,825,66.1,500,66.3,4,,,,,,,,,,,,,,
2026-06-30T00:00:25.124374+00:00,2026-06-30T10:00:25.120374,2,3,65.95,0.1,65.9,825,65.7,500,,,,,,,,,,,,,,,,,66.0,625,66.1,700,66.3,4,,,,,,,,,,,,,,
2026-06-30T00:00:25.254785+00:00,2026-06-30T10:00:25.251785,2,3,65.95,0.1,65.9,826,65.7,500,,,,,,,,,,,,,,,,,66.0,625,66.1,700,66.3,4,,,,,,,,,,,,,,
2026-06-30T00:00:25.668029+00:00,2026-06-30T10:00:25.660442,1,3,65.95,0.1,65.9,826,,,,,,,,,,,,,,,,,,,66.0,625,66.1,700,66.3,4,,,,,,,,,,,,,,
2026-06-30T00:00:25.678600+00:00,2026-06-30T10:00:25.674048,2,3,65.95,0.1,65.9,826,65.7,500,,,,,,,,,,,,,,,,,66.0,625,66.1,200,66.3,4,,,,,,,,,,,,,,
2026-06-30T00:00:25.689680+00:00,2026-06-30T10:00:25.682609,2,4,65.95,0.1,65.9,826,65.7,500,,,,,,,,,,,,,,,,,66.0,625,66.1,200,66.2,500,66.3,4,,,,,,,,,,,,
2026-06-30T00:00:26.137204+00:00,2026-06-30T10:00:26.127238,2,4,65.95,0.1,65.9,825,65.7,500,,,,,,,,,,,,,,,,,66.0,625,66.1,200,66.2,500,66.3,4,,,,,,,,,,,,
2026-06-30T00:00:26.267613+00:00,2026-06-30T10:00:26.263060,1,4,65.95,0.1,65.9,825,,,,,,,,,,,,,,,,,,,66.0,625,66.1,200,66.2,500,66.3,4,,,,,,,,,,,,
2026-06-30T00:00:26.278187+00:00,2026-06-30T10:00:26.271622,1,3,65.95,0.1,65.9,825,,,,,,,,,,,,,,,,,,,66.0,625,66.1,200,66.3,4,,,,,,,,,,,,,,
2026-06-30T00:00:26.288749+00:00,2026-06-30T10:00:26.285197,2,4,65.95,0.1,65.9,825,65.8,500,,,,,,,,,,,,,,,,,66.0,625,66.1,200,66.2,500,66.3,4,,,,,,,,,,,,
2026-06-30T00:00:26.310860+00:00,2026-06-30T10:00:26.307859,2,3,66.0,0.2,65.9,200,65.8,1125,,,,,,,,,,,,,,,,,66.1,200,66.2,500,66.3,4,,,,,,,,,,,,,,
2026-06-30T00:00:26.321909+00:00,2026-06-30T10:00:26.312860,1,4,65.85,0.1,65.8,1125,,,,,,,,,,,,,,,,,,,65.9,425,66.1,200,66.2,500,66.3,4,,,,,,,,,,,,
2026-06-30T00:00:26.332959+00:00,2026-06-30T10:00:26.325909,1,3,65.85,0.1,65.8,1125,,,,,,,,,,,,,,,,,,,65.9,425,66.2,500,66.3,4,,,,,,,,,,,,,,
2026-06-30T00:00:26.344007+00:00,2026-06-30T10:00:26.340007,2,3,65.85,0.1,65.8,925,65.6,200,,,,,,,,,,,,,,,,,65.9,425,66.2,500,66.3,4,,,,,,,,,,,,,,
2026-06-30T00:00:26.878135+00:00,2026-06-30T10:00:26.875574,2,2,65.85,0.1,65.8,625,65.6,200,,,,,,,,,,,,,,,,,65.9,425,66.3,4,,,,,,,,,,,,,,,,
2026-06-30T00:00:26.888714+00:00,2026-06-30T10:00:26.883154,3,2,65.85,0.1,65.8,625,65.7,500,65.6,200,,,,,,,,,,,,,,,65.9,425,66.3,4,,,,,,,,,,,,,,,,
2026-06-30T00:00:26.899796+00:00,2026-06-30T10:00:26.895732,3,2,65.85,0.1,65.8,625,65.7,500,65.6,200,,,,,,,,,,,,,,,65.9,425,66.1,500,,,,,,,,,,,,,,,,
2026-06-30T00:00:27.085471+00:00,2026-06-30T10:00:27.074404,3,2,65.85,0.1,65.8,625,65.7,500,65.6,200,,,,,,,,,,,,,,,65.9,425,66.1,511,,,,,,,,,,,,,,,,
2026-06-30T00:00:27.475077+00:00,2026-06-30T10:00:27.469077,2,2,65.85,0.1,65.8,625,65.6,200,,,,,,,,,,,,,,,,,65.9,425,66.1,511,,,,,,,,,,,,,,,,
2026-06-30T00:00:27.486141+00:00,2026-06-30T10:00:27.483132,3,2,65.85,0.1,65.8,625,65.7,500,65.6,200,,,,,,,,,,,,,,,65.9,425,66.1,11,,,,,,,,,,,,,,,,
2026-06-30T00:00:27.497204+00:00,2026-06-30T10:00:27.490204,3,2,65.85,0.1,65.8,625,65.7,500,65.6,200,,,,,,,,,,,,,,,65.9,425,66.1,511,,,,,,,,,,,,,,,,
2026-06-30T00:00:27.551141+00:00,2026-06-30T10:00:27.549149,2,2,65.85,0.1,65.8,625,65.7,700,,,,,,,,,,,,,,,,,65.9,425,66.1,511,,,,,,,,,,,,,,,,
2026-06-30T00:00:27.573275+00:00,2026-06-30T10:00:27.564212,2,2,65.85,0.1,65.8,625,65.7,700,,,,,,,,,,,,,,,,,65.9,625,66.1,511,,,,,,,,,,,,,,,,
2026-06-30T00:00:27.617534+00:00,2026-06-30T10:00:27.616534,1,2,65.8,0.2,65.7,700,,,,,,,,,,,,,,,,,,,65.9,625,66.1,511,,,,,,,,,,,,,,,,
2026-06-30T00:00:27.628161+00:00,2026-06-30T10:00:27.624601,2,2,66.05,0.1,66.0,425,65.7,700,,,,,,,,,,,,,,,,,66.1,511,66.2,625,,,,,,,,,,,,,,,,
2026-06-30T00:00:28.043917+00:00,2026-06-30T10:00:28.036854,2,2,66.05,0.1,66.0,425,65.7,700,,,,,,,,,,,,,,,,,66.1,508,66.2,625,,,,,,,,,,,,,,,,
2026-06-30T00:00:28.077101+00:00,2026-06-30T10:00:28.073101,2,2,66.05,0.1,66.0,425,65.7,200,,,,,,,,,,,,,,,,,66.1,508,66.2,625,,,,,,,,,,,,,,,,
2026-06-30T00:00:28.098303+00:00,2026-06-30T10:00:28.094742,2,2,66.05,0.1,66.0,425,65.7,700,,,,,,,,,,,,,,,,,66.1,508,66.2,625,,,,,,,,,,,,,,,,
2026-06-30T00:00:28.576457+00:00,2026-06-30T10:00:28.567447,3,2,66.05,0.1,66.0,425,65.8,2,65.7,700,,,,,,,,,,,,,,,66.1,508,66.2,625,,,,,,,,,,,,,,,,
2026-06-30T00:00:28.685195+00:00,2026-06-30T10:00:28.682195,3,2,66.05,0.1,66.0,425,65.8,2,65.7,200,,,,,,,,,,,,,,,66.1,8,66.2,625,,,,,,,,,,,,,,,,
2026-06-30T00:00:28.696260+00:00,2026-06-30T10:00:28.689260,3,2,66.05,0.1,66.0,425,65.8,2,65.7,700,,,,,,,,,,,,,,,66.1,8,66.2,625,,,,,,,,,,,,,,,,
2026-06-30T00:00:28.707323+00:00,2026-06-30T10:00:28.696260,3,2,66.05,0.1,66.0,425,65.8,2,65.7,700,,,,,,,,,,,,,,,66.1,508,66.2,625,,,,,,,,,,,,,,,,
2026-06-30T00:00:28.772798+00:00,2026-06-30T10:00:28.764735,3,2,66.05,0.1,66.0,225,65.8,202,65.7,500,,,,,,,,,,,,,,,66.1,508,66.2,625,,,,,,,,,,,,,,,,
2026-06-30T00:00:28.934375+00:00,2026-06-30T10:00:28.930375,2,1,65.95,0.3,65.8,202,65.7,500,,,,,,,,,,,,,,,,,66.1,508,,,,,,,,,,,,,,,,,,
2026-06-30T00:00:28.945448+00:00,2026-06-30T10:00:28.936375,2,2,65.85,0.1,65.8,827,65.7,500,,,,,,,,,,,,,,,,,65.9,625,66.1,508,,,,,,,,,,,,,,,,
2026-06-30T00:00:29.314878+00:00,2026-06-30T10:00:29.312877,1,2,65.85,0.1,65.8,827,,,,,,,,,,,,,,,,,,,65.9,625,66.1,508,,,,,,,,,,,,,,,,
2026-06-30T00:00:29.325936+00:00,2026-06-30T10:00:29.323936,1,2,65.85,0.1,65.8,827,,,,,,,,,,,,,,,,,,,65.9,625,66.1,8,,,,,,,,,,,,,,,,
2026-06-30T00:00:29.336984+00:00,2026-06-30T10:00:29.335984,2,3,65.85,0.1,65.8,827,65.7,500,,,,,,,,,,,,,,,,,65.9,625,66.1,8,66.2,500,,,,,,,,,,,,,,
2026-06-30T00:00:29.914280+00:00,2026-06-30T10:00:29.912280,1,3,65.85,0.1,65.8,827,,,,,,,,,,,,,,,,,,,65.9,625,66.1,8,66.2,500,,,,,,,,,,,,,,
2026-06-30T00:00:29.925346+00:00,2026-06-30T10:00:29.923337,2,2,65.85,0.1,65.8,827,65.7,500,,,,,,,,,,,,,,,,,65.9,625,66.1,8,,,,,,,,,,,,,,,,
2026-06-30T00:00:29.936457+00:00,2026-06-30T10:00:29.927448,2,3,65.85,0.1,65.8,827,65.7,500,,,,,,,,,,,,,,,,,65.9,625,66.1,8,66.2,500,,,,,,,,,,,,,,
2026-06-30T00:00:29.978790+00:00,2026-06-30T10:00:29.968371,2,3,65.85,0.1,65.8,627,65.7,500,,,,,,,,,,,,,,,,,65.9,625,66.1,8,66.2,500,,,,,,,,,,,,,,
2026-06-30T00:00:29.989872+00:00,2026-06-30T10:00:29.979809,2,3,65.85,0.1,65.8,827,65.7,500,,,,,,,,,,,,,,,,,65.9,825,66.1,8,66.2,500,,,,,,,,,,,,,,
2026-06-30T00:00:30.143353+00:00,2026-06-30T10:00:30.135290,2,3,65.85,0.1,65.8,827,65.7,500,,,,,,,,,,,,,,,,,65.9,825,66.1,7,66.2,500,,,,,,,,,,,,,,
2026-06-30T00:00:30.240536+00:00,2026-06-30T10:00:30.238536,2,3,65.85,0.1,65.8,202,65.7,500,,,,,,,,,,,,,,,,,65.9,825,66.1,7,66.2,500,,,,,,,,,,,,,,
2026-06-30T00:00:30.251600+00:00,2026-06-30T10:00:30.245537,3,3,65.85,0.1,65.8,202,65.7,500,65.5,625,,,,,,,,,,,,,,,65.9,200,66.1,7,66.2,500,,,,,,,,,,,,,,
2026-06-30T00:00:30.262694+00:00,2026-06-30T10:00:30.252591,2,3,65.8,0.2,65.7,77,65.5,625,,,,,,,,,,,,,,,,,65.9,200,66.1,7,66.2,500,,,,,,,,,,,,,,
2026-06-30T00:00:30.513288+00:00,2026-06-30T10:00:30.513288,1,3,65.7,0.4,65.5,625,,,,,,,,,,,,,,,,,,,65.9,200,66.1,7,66.2,500,,,,,,,,,,,,,,
2026-06-30T00:00:30.524360+00:00,2026-06-30T10:00:30.519360,1,2,65.7,0.4,65.5,625,,,,,,,,,,,,,,,,,,,65.9,200,66.1,7,,,,,,,,,,,,,,,,
2026-06-30T00:00:30.535430+00:00,2026-06-30T10:00:30.530430,2,2,65.8,0.2,65.7,500,65.5,625,,,,,,,,,,,,,,,,,65.9,200,66.1,507,,,,,,,,,,,,,,,,
2026-06-30T00:00:30.687923+00:00,2026-06-30T10:00:30.684362,3,2,65.85,0.1,65.8,4,65.7,500,65.5,625,,,,,,,,,,,,,,,65.9,200,66.1,507,,,,,,,,,,,,,,,,
2026-06-30T00:00:31.123329+00:00,2026-06-30T10:00:31.122328,2,2,65.85,0.1,65.8,4,65.5,625,,,,,,,,,,,,,,,,,65.9,200,66.1,7,,,,,,,,,,,,,,,,
2026-06-30T00:00:31.134400+00:00,2026-06-30T10:00:31.133401,3,2,65.85,0.1,65.8,4,65.7,500,65.5,625,,,,,,,,,,,,,,,65.9,200,66.1,507,,,,,,,,,,,,,,,,
2026-06-30T00:00:31.188848+00:00,2026-06-30T10:00:31.186285,3,1,65.95,0.3,65.8,204,65.7,500,65.5,625,,,,,,,,,,,,,,,66.1,507,,,,,,,,,,,,,,,,,,
2026-06-30T00:00:31.199929+00:00,2026-06-30T10:00:31.191858,3,2,65.9,0.2,65.8,204,65.7,500,65.5,625,,,,,,,,,,,,,,,66.0,200,66.1,507,,,,,,,,,,,,,,,,
2026-06-30T00:00:31.558887+00:00,2026-06-30T10:00:31.556280,2,2,65.9,0.2,65.8,204,65.7,500,,,,,,,,,,,,,,,,,66.0,200,66.1,507,,,,,,,,,,,,,,,,
2026-06-30T00:00:31.569976+00:00,2026-06-30T10:00:31.562906,3,2,66.05,0.1,66.0,425,65.8,204,65.7,500,,,,,,,,,,,,,,,66.1,507,66.2,625,,,,,,,,,,,,,,,,
2026-06-30T00:00:31.723944+00:00,2026-06-30T10:00:31.718943,2,2,66.05,0.1,66.0,425,65.8,204,,,,,,,,,,,,,,,,,66.1,507,66.2,625,,,,,,,,,,,,,,,,
2026-06-30T00:00:31.735007+00:00,2026-06-30T10:00:31.734007,3,2,66.05,0.1,66.0,425,65.8,204,65.7,500,,,,,,,,,,,,,,,66.1,7,66.2,625,,,,,,,,,,,,,,,,
2026-06-30T00:00:31.746077+00:00,2026-06-30T10:00:31.743069,3,2,66.05,0.1,66.0,425,65.8,204,65.7,500,,,,,,,,,,,,,,,66.1,507,66.2,625,,,,,,,,,,,,,,,,
2026-06-30T00:00:32.322992+00:00,2026-06-30T10:00:32.321992,2,2,66.05,0.1,66.0,425,65.8,204,,,,,,,,,,,,,,,,,66.1,507,66.2,625,,,,,,,,,,,,,,,,
2026-06-30T00:00:32.334067+00:00,2026-06-30T10:00:32.328056,2,2,66.05,0.1,66.0,425,65.8,204,,,,,,,,,,,,,,,,,66.1,7,66.2,625,,,,,,,,,,,,,,,,
2026-06-30T00:00:32.345130+00:00,2026-06-30T10:00:32.343130,3,2,66.05,0.1,66.0,425,65.8,204,65.7,500,,,,,,,,,,,,,,,66.1,507,66.2,625,,,,,,,,,,,,,,,,
2026-06-30T00:00:32.398595+00:00,2026-06-30T10:00:32.395026,3,2,66.05,0.1,66.0,425,65.8,4,65.7,500,,,,,,,,,,,,,,,66.1,507,66.2,625,,,,,,,,,,,,,,,,
2026-06-30T00:00:32.409676+00:00,2026-06-30T10:00:32.402613,3,2,66.05,0.1,66.0,225,65.8,4,65.7,700,,,,,,,,,,,,,,,66.1,507,66.2,625,,,,,,,,,,,,,,,,
2026-06-30T00:00:32.877155+00:00,2026-06-30T10:00:32.866085,2,2,65.95,0.3,65.8,4,65.7,700,,,,,,,,,,,,,,,,,66.1,507,66.2,625,,,,,,,,,,,,,,,,
2026-06-30T00:00:32.887297+00:00,2026-06-30T10:00:32.877340,2,2,65.9,0.2,65.8,629,65.7,700,,,,,,,,,,,,,,,,,66.0,625,66.1,507,,,,,,,,,,,,,,,,
2026-06-30T00:00:32.930119+00:00,2026-06-30T10:00:32.923056,2,2,65.9,0.2,65.8,629,65.7,200,,,,,,,,,,,,,,,,,66.0,625,66.1,507,,,,,,,,,,,,,,,,
2026-06-30T00:00:32.941183+00:00,2026-06-30T10:00:32.940183,2,2,65.9,0.2,65.8,629,65.7,700,,,,,,,,,,,,,,,,,66.0,625,66.1,7,,,,,,,,,,,,,,,,
2026-06-30T00:00:32.952246+00:00,2026-06-30T10:00:32.943183,2,2,65.9,0.2,65.8,629,65.7,700,,,,,,,,,,,,,,,,,66.0,625,66.1,507,,,,,,,,,,,,,,,,
2026-06-30T00:00:33.039919+00:00,2026-06-30T10:00:33.028966,2,2,65.9,0.2,65.8,609,65.7,700,,,,,,,,,,,,,,,,,66.0,625,66.1,507,,,,,,,,,,,,,,,,
2026-06-30T00:00:33.527906+00:00,2026-06-30T10:00:33.527393,2,2,65.9,0.2,65.8,609,65.7,200,,,,,,,,,,,,,,,,,66.0,625,66.1,507,,,,,,,,,,,,,,,,
2026-06-30T00:00:33.538484+00:00,2026-06-30T10:00:33.534916,2,2,65.9,0.2,65.8,609,65.7,200,,,,,,,,,,,,,,,,,66.0,625,66.1,7,,,,,,,,,,,,,,,,
2026-06-30T00:00:33.549063+00:00,2026-06-30T10:00:33.548550,2,3,65.9,0.2,65.8,609,65.7,700,,,,,,,,,,,,,,,,,66.0,625,66.1,7,66.2,500,,,,,,,,,,,,,,
2026-06-30T00:00:33.615457+00:00,2026-06-30T10:00:33.611457,2,3,65.9,0.2,65.8,809,65.7,500,,,,,,,,,,,,,,,,,66.0,825,66.1,7,66.2,500,,,,,,,,,,,,,,
2026-06-30T00:00:33.668369+00:00,2026-06-30T10:00:33.658808,2,3,65.9,0.2,65.8,813,65.7,500,,,,,,,,,,,,,,,,,66.0,825,66.1,7,66.2,500,,,,,,,,,,,,,,
2026-06-30T00:00:34.135472+00:00,2026-06-30T10:00:34.130472,1,3,65.9,0.2,65.8,813,,,,,,,,,,,,,,,,,,,66.0,825,66.1,7,66.2,500,,,,,,,,,,,,,,
2026-06-30T00:00:34.146553+00:00,2026-06-30T10:00:34.144553,2,2,65.9,0.2,65.8,813,65.7,500,,,,,,,,,,,,,,,,,66.0,825,66.1,7,,,,,,,,,,,,,,,,
2026-06-30T00:00:34.157617+00:00,2026-06-30T10:00:34.153618,2,3,65.9,0.2,65.8,813,65.7,500,,,,,,,,,,,,,,,,,66.0,825,66.1,7,66.2,500,,,,,,,,,,,,,,
2026-06-30T00:00:34.178822+00:00,2026-06-30T10:00:34.177261,2,3,65.9,0.2,65.8,204,65.7,500,,,,,,,,,,,,,,,,,66.0,825,66.1,7,66.2,500,,,,,,,,,,,,,,
2026-06-30T00:00:34.189903+00:00,2026-06-30T10:00:34.181840,2,3,65.9,0.2,65.8,204,65.7,500,,,,,,,,,,,,,,,,,66.0,200,66.1,7,66.2,500,,,,,,,,,,,,,,
2026-06-30T00:00:34.200965+00:00,2026-06-30T10:00:34.190903,3,3,65.95,0.1,65.9,625,65.8,204,65.7,500,,,,,,,,,,,,,,,66.0,825,66.1,7,66.2,500,,,,,,,,,,,,,,
2026-06-30T00:00:34.735276+00:00,2026-06-30T10:00:34.730276,2,3,65.95,0.1,65.9,625,65.8,204,,,,,,,,,,,,,,,,,66.0,825,66.1,7,66.2,500,,,,,,,,,,,,,,
2026-06-30T00:00:34.746364+00:00,2026-06-30T10:00:34.744357,3,2,65.95,0.1,65.9,625,65.8,204,65.7,500,,,,,,,,,,,,,,,66.0,825,66.1,7,,,,,,,,,,,,,,,,
2026-06-30T00:00:34.757427+00:00,2026-06-30T10:00:34.751428,3,2,65.95,0.1,65.9,625,65.8,204,65.7,500,,,,,,,,,,,,,,,66.0,825,66.1,507,,,,,,,,,,,,,,,,
2026-06-30T00:00:34.822921+00:00,2026-06-30T10:00:34.811856,3,2,65.95,0.1,65.9,625,65.8,204,65.7,500,,,,,,,,,,,,,,,66.0,825,66.1,506,,,,,,,,,,,,,,,,
2026-06-30T00:00:34.833983+00:00,2026-06-30T10:00:34.832983,3,2,65.95,0.1,65.9,825,65.8,4,65.7,500,,,,,,,,,,,,,,,66.0,625,66.1,506,,,,,,,,,,,,,,,,
2026-06-30T00:00:34.845046+00:00,2026-06-30T10:00:34.835983,3,2,65.95,0.1,65.9,825,65.8,4,65.7,500,,,,,,,,,,,,,,,66.0,625,66.1,706,,,,,,,,,,,,,,,,
2026-06-30T00:00:35.365398+00:00,2026-06-30T10:00:35.363398,2,2,65.95,0.1,65.9,825,65.8,4,,,,,,,,,,,,,,,,,66.0,625,66.1,206,,,,,,,,,,,,,,,,
2026-06-30T00:00:35.376461+00:00,2026-06-30T10:00:35.375461,3,2,65.95,0.1,65.9,825,65.8,4,65.7,500,,,,,,,,,,,,,,,66.0,625,66.1,206,,,,,,,,,,,,,,,,
2026-06-30T00:00:35.387536+00:00,2026-06-30T10:00:35.377526,3,2,65.95,0.1,65.9,825,65.8,4,65.7,500,,,,,,,,,,,,,,,66.0,625,66.1,706,,,,,,,,,,,,,,,,
2026-06-30T00:00:35.497264+00:00,2026-06-30T10:00:35.495264,3,1,66.0,0.2,65.9,200,65.8,629,65.7,500,,,,,,,,,,,,,,,66.1,706,,,,,,,,,,,,,,,,,,
2026-06-30T00:00:35.507379+00:00,2026-06-30T10:00:35.497448,3,2,65.95,0.1,65.9,200,65.8,629,65.7,500,,,,,,,,,,,,,,,66.0,625,66.1,706,,,,,,,,,,,,,,,,
2026-06-30T00:00:35.964380+00:00,2026-06-30T10:00:35.959380,2,2,65.95,0.1,65.9,200,65.8,629,,,,,,,,,,,,,,,,,66.0,625,66.1,706,,,,,,,,,,,,,,,,
2026-06-30T00:00:35.975446+00:00,2026-06-30T10:00:35.971445,3,2,65.95,0.1,65.9,200,65.8,629,65.7,500,,,,,,,,,,,,,,,66.0,625,66.1,206,,,,,,,,,,,,,,,,
2026-06-30T00:00:35.986509+00:00,2026-06-30T10:00:35.977499,3,2,65.95,0.1,65.9,200,65.8,629,65.7,500,,,,,,,,,,,,,,,66.0,625,66.1,706,,,,,,,,,,,,,,,,
2026-06-30T00:00:36.040918+00:00,2026-06-30T10:00:36.038918,2,2,65.9,0.2,65.8,629,65.7,500,,,,,,,,,,,,,,,,,66.0,625,66.1,706,,,,,,,,,,,,,,,,
2026-06-30T00:00:36.051982+00:00,2026-06-30T10:00:36.046910,2,3,65.9,0.2,65.8,629,65.7,500,,,,,,,,,,,,,,,,,66.0,425,66.1,506,66.2,200,,,,,,,,,,,,,,
2026-06-30T00:00:36.574418+00:00,2026-06-30T10:00:36.569418,1,3,65.9,0.2,65.8,629,,,,,,,,,,,,,,,,,,,66.0,425,66.1,6,66.2,200,,,,,,,,,,,,,,
2026-06-30T00:00:36.585481+00:00,2026-06-30T10:00:36.581482,2,3,65.9,0.2,65.8,629,65.7,500,,,,,,,,,,,,,,,,,66.0,425,66.1,506,66.2,200,,,,,,,,,,,,,,
2026-06-30T00:00:36.801980+00:00,2026-06-30T10:00:36.799980,2,3,65.9,0.2,65.8,4,65.7,500,,,,,,,,,,,,,,,,,66.0,425,66.1,506,66.2,200,,,,,,,,,,,,,,
2026-06-30T00:00:36.813042+00:00,2026-06-30T10:00:36.809042,3,2,66.05,0.1,66.0,625,65.8,4,65.7,500,,,,,,,,,,,,,,,66.1,1131,66.2,200,,,,,,,,,,,,,,,,
2026-06-30T00:00:37.170971+00:00,2026-06-30T10:00:37.165908,2,2,66.05,0.1,66.0,625,65.8,4,,,,,,,,,,,,,,,,,66.1,1131,66.2,200,,,,,,,,,,,,,,,,
2026-06-30T00:00:37.182034+00:00,2026-06-30T10:00:37.174971,2,2,66.05,0.1,66.0,625,65.8,4,,,,,,,,,,,,,,,,,66.1,631,66.2,200,,,,,,,,,,,,,,,,
2026-06-30T00:00:37.193089+00:00,2026-06-30T10:00:37.189097,3,2,66.05,0.1,66.0,625,65.8,4,65.7,500,,,,,,,,,,,,,,,66.1,1131,66.2,200,,,,,,,,,,,,,,,,
2026-06-30T00:00:37.258032+00:00,2026-06-30T10:00:37.255473,3,1,66.05,0.1,66.0,825,65.8,4,65.7,500,,,,,,,,,,,,,,,66.1,1131,,,,,,,,,,,,,,,,,,
2026-06-30T00:00:37.268611+00:00,2026-06-30T10:00:37.259051,3,1,66.05,0.1,66.0,825,65.8,4,65.7,500,,,,,,,,,,,,,,,66.1,1331,,,,,,,,,,,,,,,,,,
2026-06-30T00:00:37.767991+00:00,2026-06-30T10:00:37.766431,2,1,66.05,0.1,66.0,825,65.8,4,,,,,,,,,,,,,,,,,66.1,1331,,,,,,,,,,,,,,,,,,
2026-06-30T00:00:37.778569+00:00,2026-06-30T10:00:37.773010,2,1,66.05,0.1,66.0,825,65.8,4,,,,,,,,,,,,,,,,,66.1,831,,,,,,,,,,,,,,,,,,
2026-06-30T00:00:37.789653+00:00,2026-06-30T10:00:37.784588,3,1,66.05,0.1,66.0,825,65.8,4,65.7,500,,,,,,,,,,,,,,,66.1,1331,,,,,,,,,,,,,,,,,,
2026-06-30T00:00:38.115361+00:00,2026-06-30T10:00:38.114361,3,1,66.05,0.1,66.0,200,65.8,4,65.7,500,,,,,,,,,,,,,,,66.1,706,,,,,,,,,,,,,,,,,,
2026-06-30T00:00:38.126420+00:00,2026-06-30T10:00:38.120420,3,1,66.05,0.1,66.0,200,65.8,4,65.7,500,,,,,,,,,,,,,,,66.1,81,,,,,,,,,,,,,,,,,,
2026-06-30T00:00:38.137478+00:00,2026-06-30T10:00:38.126594,3,2,66.05,0.1,66.0,200,65.8,4,65.7,500,,,,,,,,,,,,,,,66.1,81,66.3,625,,,,,,,,,,,,,,,,
2026-06-30T00:00:38.377084+00:00,2026-06-30T10:00:38.376083,2,1,66.15,0.3,66.0,200,65.8,4,,,,,,,,,,,,,,,,,66.3,625,,,,,,,,,,,,,,,,,,
2026-06-30T00:00:38.387710+00:00,2026-06-30T10:00:38.381149,3,1,66.15,0.3,66.0,200,65.8,4,65.7,500,,,,,,,,,,,,,,,66.3,625,,,,,,,,,,,,,,,,,,
2026-06-30T00:00:38.398289+00:00,2026-06-30T10:00:38.388728,3,2,66.1,0.2,66.0,200,65.8,4,65.7,500,,,,,,,,,,,,,,,66.2,500,66.3,625,,,,,,,,,,,,,,,,
2026-06-30T00:00:38.464245+00:00,2026-06-30T10:00:38.463245,2,2,66.0,0.4,65.8,4,65.7,500,,,,,,,,,,,,,,,,,66.2,300,66.3,625,,,,,,,,,,,,,,,,
2026-06-30T00:00:38.475308+00:00,2026-06-30T10:00:38.466245,2,3,66.0,0.4,65.8,4,65.7,500,,,,,,,,,,,,,,,,,66.2,300,66.3,625,66.4,200,,,,,,,,,,,,,,
2026-06-30T00:00:38.976131+00:00,2026-06-30T10:00:38.972131,1,3,66.0,0.4,65.8,4,,,,,,,,,,,,,,,,,,,66.2,300,66.3,625,66.4,200,,,,,,,,,,,,,,
2026-06-30T00:00:38.987194+00:00,2026-06-30T10:00:38.984195,2,2,66.05,0.5,65.8,4,65.7,500,,,,,,,,,,,,,,,,,66.3,625,66.4,200,,,,,,,,,,,,,,,,
2026-06-30T00:00:38.997828+00:00,2026-06-30T10:00:38.996258,2,3,65.95,0.3,65.8,4,65.7,500,,,,,,,,,,,,,,,,,66.1,500,66.3,625,66.4,200,,,,,,,,,,,,,,
2026-06-30T00:00:39.052187+00:00,2026-06-30T10:00:39.050187,2,3,65.95,0.3,65.8,4,65.7,500,,,,,,,,,,,,,,,,,66.1,505,66.3,625,66.4,200,,,,,,,,,,,,,,
2026-06-30T00:00:39.435214+00:00,2026-06-30T10:00:39.431214,2,2,65.95,0.3,65.8,4,65.7,500,,,,,,,,,,,,,,,,,66.1,505,66.4,200,,,,,,,,,,,,,,,,
2026-06-30T00:00:39.446277+00:00,2026-06-30T10:00:39.444277,2,2,65.95,0.3,65.8,629,65.7,500,,,,,,,,,,,,,,,,,66.1,505,66.4,200,,,,,,,,,,,,,,,,
2026-06-30T00:00:39.457340+00:00,2026-06-30T10:00:39.448331,2,3,65.85,0.1,65.8,629,65.7,500,,,,,,,,,,,,,,,,,65.9,625,66.1,505,66.4,200,,,,,,,,,,,,,,
2026-06-30T00:00:39.587783+00:00,2026-06-30T10:00:39.584223,1,3,65.85,0.1,65.8,629,,,,,,,,,,,,,,,,,,,65.9,625,66.1,5,66.4,200,,,,,,,,,,,,,,
2026-06-30T00:00:39.598802+00:00,2026-06-30T10:00:39.591802,2,3,65.85,0.1,65.8,629,65.7,500,,,,,,,,,,,,,,,,,65.9,625,66.1,5,66.4,200,,,,,,,,,,,,,,
2026-06-30T00:00:39.609360+00:00,2026-06-30T10:00:39.598802,2,3,65.85,0.1,65.8,629,65.7,500,,,,,,,,,,,,,,,,,65.9,625,66.1,505,66.4,200,,,,,,,,,,,,,,
2026-06-30T00:00:39.675777+00:00,2026-06-30T10:00:39.672776,2,2,65.85,0.1,65.8,629,65.7,500,,,,,,,,,,,,,,,,,65.9,625,66.1,505,,,,,,,,,,,,,,,,
2026-06-30T00:00:39.686840+00:00,2026-06-30T10:00:39.679840,2,3,65.85,0.1,65.8,629,65.7,500,,,,,,,,,,,,,,,,,65.9,425,66.1,505,66.2,200,,,,,,,,,,,,,,
2026-06-30T00:00:39.729175+00:00,2026-06-30T10:00:39.722104,2,3,65.85,0.1,65.8,629,65.7,500,,,,,,,,,,,,,,,,,65.9,425,66.1,504,66.2,200,,,,,,,,,,,,,,
2026-06-30T00:00:40.188192+00:00,2026-06-30T10:00:40.186607,1,3,65.85,0.1,65.8,629,,,,,,,,,,,,,,,,,,,65.9,425,66.1,4,66.2,200,,,,,,,,,,,,,,
2026-06-30T00:00:40.198770+00:00,2026-06-30T10:00:40.195197,2,3,65.85,0.1,65.8,629,65.7,500,,,,,,,,,,,,,,,,,65.9,425,66.1,4,66.2,200,,,,,,,,,,,,,,
2026-06-30T00:00:40.209130+00:00,2026-06-30T10:00:40.198770,2,3,65.85,0.1,65.8,629,65.7,500,,,,,,,,,,,,,,,,,65.9,425,66.1,504,66.2,200,,,,,,,,,,,,,,
2026-06-30T00:00:40.754194+00:00,2026-06-30T10:00:40.751194,2,2,65.95,0.3,65.8,4,65.7,500,,,,,,,,,,,,,,,,,66.1,504,66.2,200,,,,,,,,,,,,,,,,
2026-06-30T00:00:40.765256+00:00,2026-06-30T10:00:40.757246,2,3,65.85,0.1,65.8,4,65.7,1125,,,,,,,,,,,,,,,,,65.9,625,66.1,504,66.2,200,,,,,,,,,,,,,,
2026-06-30T00:00:40.787380+00:00,2026-06-30T10:00:40.780379,2,3,65.85,0.1,65.8,4,65.7,625,,,,,,,,,,,,,,,,,65.9,625,66.1,504,66.2,200,,,,,,,,,,,,,,
2026-06-30T00:00:40.798008+00:00,2026-06-30T10:00:40.793448,2,3,65.85,0.1,65.8,4,65.7,1125,,,,,,,,,,,,,,,,,65.9,625,66.1,4,66.2,200,,,,,,,,,,,,,,
2026-06-30T00:00:40.808586+00:00,2026-06-30T10:00:40.800026,2,3,65.85,0.1,65.8,4,65.7,1125,,,,,,,,,,,,,,,,,65.9,625,66.1,504,66.2,200,,,,,,,,,,,,,,
2026-06-30T00:00:40.886071+00:00,2026-06-30T10:00:40.883071,2,2,65.85,0.1,65.8,4,65.7,1125,,,,,,,,,,,,,,,,,65.9,625,66.1,504,,,,,,,,,,,,,,,,
2026-06-30T00:00:40.897134+00:00,2026-06-30T10:00:40.890134,2,2,65.85,0.1,65.8,4,65.7,1125,,,,,,,,,,,,,,,,,65.9,425,66.1,704,,,,,,,,,,,,,,,,
2026-06-30T00:00:41.417582+00:00,2026-06-30T10:00:41.411583,2,2,65.85,0.1,65.8,4,65.7,625,,,,,,,,,,,,,,,,,65.9,425,66.1,704,,,,,,,,,,,,,,,,
2026-06-30T00:00:41.428208+00:00,2026-06-30T10:00:41.423648,2,2,65.85,0.1,65.8,4,65.7,1125,,,,,,,,,,,,,,,,,65.9,425,66.1,204,,,,,,,,,,,,,,,,
2026-06-30T00:00:41.438787+00:00,2026-06-30T10:00:41.429227,2,2,65.85,0.1,65.8,4,65.7,1125,,,,,,,,,,,,,,,,,65.9,425,66.1,704,,,,,,,,,,,,,,,,
2026-06-30T00:00:42.017068+00:00,2026-06-30T10:00:42.015068,2,2,65.85,0.1,65.8,4,65.7,625,,,,,,,,,,,,,,,,,65.9,425,66.1,704,,,,,,,,,,,,,,,,
2026-06-30T00:00:42.027692+00:00,2026-06-30T10:00:42.023132,2,2,65.85,0.1,65.8,4,65.7,625,,,,,,,,,,,,,,,,,65.9,425,66.1,204,,,,,,,,,,,,,,,,
2026-06-30T00:00:42.038271+00:00,2026-06-30T10:00:42.035711,2,2,65.85,0.1,65.8,4,65.7,1125,,,,,,,,,,,,,,,,,65.9,425,66.1,204,,,,,,,,,,,,,,,,
2026-06-30T00:00:42.048849+00:00,2026-06-30T10:00:42.040289,2,2,65.85,0.1,65.8,4,65.7,1125,,,,,,,,,,,,,,,,,65.9,425,66.1,704,,,,,,,,,,,,,,,,
2026-06-30T00:00:42.059931+00:00,2026-06-30T10:00:42.058926,2,2,65.85,0.1,65.8,4,65.7,500,,,,,,,,,,,,,,,,,65.9,425,66.1,704,,,,,,,,,,,,,,,,
2026-06-30T00:00:42.070995+00:00,2026-06-30T10:00:42.068985,1,2,65.6,0.2,65.5,625,,,,,,,,,,,,,,,,,,,65.7,121,66.1,704,,,,,,,,,,,,,,,,
2026-06-30T00:00:42.093120+00:00,2026-06-30T10:00:42.092120,1,2,65.6,0.2,65.5,625,,,,,,,,,,,,,,,,,,,65.7,121,66.1,504,,,,,,,,,,,,,,,,
2026-06-30T00:00:42.104183+00:00,2026-06-30T10:00:42.099174,3,2,65.8,0.2,65.7,79,65.6,8,65.5,625,,,,,,,,,,,,,,,65.9,200,66.1,504,,,,,,,,,,,,,,,,
2026-06-30T00:00:42.115245+00:00,2026-06-30T10:00:42.107235,2,2,65.8,0.2,65.7,79,65.5,625,,,,,,,,,,,,,,,,,65.9,200,66.1,504,,,,,,,,,,,,,,,,
2026-06-30T00:00:42.126308+00:00,2026-06-30T10:00:42.118308,3,2,65.85,0.1,65.8,8,65.7,79,65.5,625,,,,,,,,,,,,,,,65.9,200,66.1,504,,,,,,,,,,,,,,,,
2026-06-30T00:00:42.515416+00:00,2026-06-30T10:00:42.512416,3,2,65.85,0.1,65.8,7,65.7,79,65.5,625,,,,,,,,,,,,,,,65.9,200,66.1,504,,,,,,,,,,,,,,,,
2026-06-30T00:00:42.635229+00:00,2026-06-30T10:00:42.632229,3,2,65.85,0.1,65.8,7,65.7,79,65.5,625,,,,,,,,,,,,,,,65.9,200,66.1,4,,,,,,,,,,,,,,,,
2026-06-30T00:00:42.657355+00:00,2026-06-30T10:00:42.651355,3,2,65.85,0.1,65.8,7,65.7,579,65.5,625,,,,,,,,,,,,,,,65.9,200,66.1,504,,,,,,,,,,,,,,,,
2026-06-30T00:00:43.222133+00:00,2026-06-30T10:00:43.220133,3,2,65.85,0.1,65.8,7,65.7,79,65.5,625,,,,,,,,,,,,,,,65.9,200,66.1,504,,,,,,,,,,,,,,,,
2026-06-30T00:00:43.233198+00:00,2026-06-30T10:00:43.227188,3,2,65.85,0.1,65.8,7,65.7,79,65.5,625,,,,,,,,,,,,,,,65.9,200,66.1,4,,,,,,,,,,,,,,,,
2026-06-30T00:00:43.244250+00:00,2026-06-30T10:00:43.239250,3,2,65.85,0.1,65.8,7,65.7,579,65.5,625,,,,,,,,,,,,,,,65.9,200,66.1,504,,,,,,,,,,,,,,,,
2026-06-30T00:00:43.255314+00:00,2026-06-30T10:00:43.244250,3,2,65.85,0.1,65.8,6,65.7,579,65.5,625,,,,,,,,,,,,,,,65.9,200,66.1,504,,,,,,,,,,,,,,,,
2026-06-30T00:00:43.308697+00:00,2026-06-30T10:00:43.308141,2,2,65.75,0.1,65.7,700,65.5,625,,,,,,,,,,,,,,,,,65.8,195,66.1,504,,,,,,,,,,,,,,,,
2026-06-30T00:00:43.375114+00:00,2026-06-30T10:00:43.372114,1,2,65.75,0.1,65.7,700,,,,,,,,,,,,,,,,,,,65.8,195,66.1,504,,,,,,,,,,,,,,,,
2026-06-30T00:00:43.386176+00:00,2026-06-30T10:00:43.379177,2,2,65.95,0.1,65.9,430,65.7,700,,,,,,,,,,,,,,,,,66.0,625,66.1,504,,,,,,,,,,,,,,,,
2026-06-30T00:00:43.832095+00:00,2026-06-30T10:00:43.829095,2,2,65.95,0.1,65.9,430,65.7,200,,,,,,,,,,,,,,,,,66.0,625,66.1,4,,,,,,,,,,,,,,,,
2026-06-30T00:00:43.843150+00:00,2026-06-30T10:00:43.841158,2,2,65.95,0.1,65.9,430,65.7,700,,,,,,,,,,,,,,,,,66.0,625,66.1,504,,,,,,,,,,,,,,,,
2026-06-30T00:00:43.929749+00:00,2026-06-30T10:00:43.926686,3,2,65.95,0.1,65.9,430,65.8,4,65.7,700,,,,,,,,,,,,,,,66.0,625,66.1,504,,,,,,,,,,,,,,,,
2026-06-30T00:00:44.246354+00:00,2026-06-30T10:00:44.244354,3,2,65.95,0.1,65.9,430,65.8,2,65.7,700,,,,,,,,,,,,,,,66.0,625,66.1,504,,,,,,,,,,,,,,,,
2026-06-30T00:00:44.431142+00:00,2026-06-30T10:00:44.426079,3,2,65.95,0.1,65.9,430,65.8,2,65.7,200,,,,,,,,,,,,,,,66.0,625,66.1,504,,,,,,,,,,,,,,,,
2026-06-30T00:00:44.442207+00:00,2026-06-30T10:00:44.439207,4,2,65.95,0.1,65.9,430,65.8,2,65.7,200,65.6,500,,,,,,,,,,,,,66.0,625,66.1,4,,,,,,,,,,,,,,,,
2026-06-30T00:00:44.453271+00:00,2026-06-30T10:00:44.446207,4,2,65.95,0.1,65.9,430,65.8,2,65.7,200,65.6,500,,,,,,,,,,,,,66.0,625,66.1,504,,,,,,,,,,,,,,,,
2026-06-30T00:00:44.518209+00:00,2026-06-30T10:00:44.513649,3,2,65.95,0.1,65.9,230,65.8,202,65.6,500,,,,,,,,,,,,,,,66.0,625,66.1,504,,,,,,,,,,,,,,,,
2026-06-30T00:00:44.692850+00:00,2026-06-30T10:00:44.688850,2,1,65.95,0.3,65.8,202,65.6,1125,,,,,,,,,,,,,,,,,66.1,504,,,,,,,,,,,,,,,,,,
2026-06-30T00:00:44.703913+00:00,2026-06-30T10:00:44.693850,1,2,65.7,0.2,65.6,1125,,,,,,,,,,,,,,,,,,,65.8,423,66.1,504,,,,,,,,,,,,,,,,
2026-06-30T00:00:45.040058+00:00,2026-06-30T10:00:45.036995,1,2,65.7,0.2,65.6,625,,,,,,,,,,,,,,,,,,,65.8,423,66.1,4,,,,,,,,,,,,,,,,
2026-06-30T00:00:45.051122+00:00,2026-06-30T10:00:45.044058,2,2,65.75,0.1,65.7,500,65.6,625,,,,,,,,,,,,,,,,,65.8,423,66.1,4,,,,,,,,,,,,,,,,
2026-06-30T00:00:45.062207+00:00,2026-06-30T10:00:45.051122,2,2,65.75,0.1,65.7,500,65.6,625,,,,,,,,,,,,,,,,,65.8,423,66.1,504,,,,,,,,,,,,,,,,
2026-06-30T00:00:45.640720+00:00,2026-06-30T10:00:45.638720,1,2,65.7,0.2,65.6,625,,,,,,,,,,,,,,,,,,,65.8,423,66.1,4,,,,,,,,,,,,,,,,
2026-06-30T00:00:45.651783+00:00,2026-06-30T10:00:45.644720,2,2,65.75,0.1,65.7,500,65.6,625,,,,,,,,,,,,,,,,,65.8,423,66.1,4,,,,,,,,,,,,,,,,
2026-06-30T00:00:45.662846+00:00,2026-06-30T10:00:45.653774,2,2,65.75,0.1,65.7,500,65.6,625,,,,,,,,,,,,,,,,,65.8,423,66.1,504,,,,,,,,,,,,,,,,
2026-06-30T00:00:45.717251+00:00,2026-06-30T10:00:45.716223,2,2,65.75,0.1,65.7,700,65.6,625,,,,,,,,,,,,,,,,,65.8,423,66.1,504,,,,,,,,,,,,,,,,
2026-06-30T00:00:45.727848+00:00,2026-06-30T10:00:45.718288,2,3,65.75,0.1,65.7,700,65.6,625,,,,,,,,,,,,,,,,,65.8,423,65.9,200,66.1,504,,,,,,,,,,,,,,
2026-06-30T00:00:46.009778+00:00,2026-06-30T10:00:46.006703,1,3,65.75,0.1,65.7,1325,,,,,,,,,,,,,,,,,,,65.8,625,65.9,200,66.1,504,,,,,,,,,,,,,,
2026-06-30T00:00:46.239847+00:00,2026-06-30T10:00:46.234784,1,3,65.75,0.1,65.7,825,,,,,,,,,,,,,,,,,,,65.8,625,65.9,200,66.1,504,,,,,,,,,,,,,,
2026-06-30T00:00:46.250911+00:00,2026-06-30T10:00:46.240847,1,3,65.75,0.1,65.7,825,,,,,,,,,,,,,,,,,,,65.8,625,65.9,200,66.1,4,,,,,,,,,,,,,,
2026-06-30T00:00:46.261971+00:00,2026-06-30T10:00:46.252910,1,3,65.75,0.1,65.7,1325,,,,,,,,,,,,,,,,,,,65.8,625,65.9,200,66.1,504,,,,,,,,,,,,,,
2026-06-30T00:00:46.478903+00:00,2026-06-30T10:00:46.477343,1,3,65.75,0.1,65.7,1334,,,,,,,,,,,,,,,,,,,65.8,625,65.9,200,66.1,503,,,,,,,,,,,,,,
2026-06-30T00:00:46.837762+00:00,2026-06-30T10:00:46.836202,1,3,65.75,0.1,65.7,834,,,,,,,,,,,,,,,,,,,65.8,625,65.9,200,66.1,503,,,,,,,,,,,,,,
2026-06-30T00:00:46.848342+00:00,2026-06-30T10:00:46.842781,1,3,65.75,0.1,65.7,834,,,,,,,,,,,,,,,,,,,65.8,625,65.9,200,66.1,3,,,,,,,,,,,,,,
2026-06-30T00:00:46.858922+00:00,2026-06-30T10:00:46.849361,1,3,65.75,0.1,65.7,1334,,,,,,,,,,,,,,,,,,,65.8,625,65.9,200,66.1,3,,,,,,,,,,,,,,
2026-06-30T00:00:46.870004+00:00,2026-06-30T10:00:46.862940,1,4,65.75,0.1,65.7,1334,,,,,,,,,,,,,,,,,,,65.8,625,65.9,200,66.1,3,66.2,500,,,,,,,,,,,,
2026-06-30T00:00:46.925332+00:00,2026-06-30T10:00:46.922323,1,4,65.75,0.1,65.7,1134,,,,,,,,,,,,,,,,,,,65.8,625,65.9,200,66.1,3,66.2,500,,,,,,,,,,,,
2026-06-30T00:00:46.936396+00:00,2026-06-30T10:00:46.930396,1,4,65.75,0.1,65.7,1134,,,,,,,,,,,,,,,,,,,65.8,425,66.0,200,66.1,3,66.2,500,,,,,,,,,,,,
2026-06-30T00:00:47.317448+00:00,2026-06-30T10:00:47.313418,1,3,65.85,0.3,65.7,509,,,,,,,,,,,,,,,,,,,66.0,200,66.1,3,66.2,500,,,,,,,,,,,,,,
2026-06-30T00:00:47.328048+00:00,2026-06-30T10:00:47.319485,1,4,65.8,0.2,65.7,1134,,,,,,,,,,,,,,,,,,,65.9,625,66.0,200,66.1,3,66.2,500,,,,,,,,,,,,
2026-06-30T00:00:47.469902+00:00,2026-06-30T10:00:47.466840,1,4,65.8,0.2,65.7,634,,,,,,,,,,,,,,,,,,,65.9,625,66.0,200,66.1,3,66.2,500,,,,,,,,,,,,
2026-06-30T00:00:47.492036+00:00,2026-06-30T10:00:47.489036,1,3,65.8,0.2,65.7,1134,,,,,,,,,,,,,,,,,,,65.9,625,66.0,200,66.1,503,,,,,,,,,,,,,,
2026-06-30T00:00:48.079007+00:00,2026-06-30T10:00:48.076455,1,3,65.8,0.2,65.7,634,,,,,,,,,,,,,,,,,,,65.9,625,66.0,200,66.1,3,,,,,,,,,,,,,,
2026-06-30T00:00:48.090090+00:00,2026-06-30T10:00:48.082026,2,3,65.85,0.1,65.8,500,65.7,634,,,,,,,,,,,,,,,,,65.9,625,66.0,200,66.1,3,,,,,,,,,,,,,,
2026-06-30T00:00:48.101152+00:00,2026-06-30T10:00:48.090090,2,4,65.85,0.1,65.8,500,65.7,634,,,,,,,,,,,,,,,,,65.9,625,66.0,200,66.1,3,66.2,500,,,,,,,,,,,,
2026-06-30T00:00:48.134340+00:00,2026-06-30T10:00:48.133340,2,3,65.85,0.1,65.8,500,65.7,634,,,,,,,,,,,,,,,,,65.9,625,66.1,3,66.2,500,,,,,,,,,,,,,,
2026-06-30T00:00:48.145403+00:00,2026-06-30T10:00:48.137393,2,3,65.85,0.1,65.8,500,65.7,834,,,,,,,,,,,,,,,,,65.9,825,66.1,3,66.2,500,,,,,,,,,,,,,,
2026-06-30T00:00:48.624172+00:00,2026-06-30T10:00:48.622172,2,3,65.85,0.1,65.8,500,65.7,209,,,,,,,,,,,,,,,,,65.9,825,66.1,3,66.2,500,,,,,,,,,,,,,,
2026-06-30T00:00:48.635235+00:00,2026-06-30T10:00:48.633235,2,3,65.85,0.1,65.8,500,65.7,834,,,,,,,,,,,,,,,,,65.9,825,66.1,3,66.2,500,,,,,,,,,,,,,,
2026-06-30T00:00:48.646308+00:00,2026-06-30T10:00:48.638308,2,3,65.85,0.1,65.8,500,65.7,834,,,,,,,,,,,,,,,,,65.9,825,66.1,2,66.2,500,,,,,,,,,,,,,,
2026-06-30T00:00:48.678083+00:00,2026-06-30T10:00:48.672498,1,3,65.8,0.2,65.7,834,,,,,,,,,,,,,,,,,,,65.9,825,66.1,2,66.2,500,,,,,,,,,,,,,,
2026-06-30T00:00:48.688660+00:00,2026-06-30T10:00:48.680101,1,2,65.8,0.2,65.7,834,,,,,,,,,,,,,,,,,,,65.9,825,66.1,2,,,,,,,,,,,,,,,,
2026-06-30T00:00:48.699743+00:00,2026-06-30T10:00:48.692670,1,3,65.8,0.2,65.7,1334,,,,,,,,,,,,,,,,,,,65.9,825,66.1,2,66.2,500,,,,,,,,,,,,,,
2026-06-30T00:00:49.287048+00:00,2026-06-30T10:00:49.283047,1,2,65.8,0.2,65.7,834,,,,,,,,,,,,,,,,,,,65.9,825,66.1,2,,,,,,,,,,,,,,,,
2026-06-30T00:00:49.297695+00:00,2026-06-30T10:00:49.295121,2,3,65.85,0.1,65.8,500,65.7,834,,,,,,,,,,,,,,,,,65.9,825,66.1,2,66.2,500,,,,,,,,,,,,,,
2026-06-30T00:00:49.329923+00:00,2026-06-30T10:00:49.325860,2,3,65.85,0.1,65.8,500,65.7,834,,,,,,,,,,,,,,,,,65.9,825,66.1,1,66.2,500,,,,,,,,,,,,,,
2026-06-30T00:00:49.352073+00:00,2026-06-30T10:00:49.346989,2,3,65.85,0.1,65.8,300,65.7,834,,,,,,,,,,,,,,,,,65.9,625,66.1,1,66.2,500,,,,,,,,,,,,,,
2026-06-30T00:00:49.887107+00:00,2026-06-30T10:00:49.886062,1,2,65.8,0.2,65.7,834,,,,,,,,,,,,,,,,,,,65.9,625,66.1,1,,,,,,,,,,,,,,,,
2026-06-30T00:00:49.897687+00:00,2026-06-30T10:00:49.895126,2,2,65.85,0.1,65.8,500,65.7,834,,,,,,,,,,,,,,,,,65.9,625,66.1,1,,,,,,,,,,,,,,,,
2026-06-30T00:00:49.908265+00:00,2026-06-30T10:00:49.900706,2,3,65.85,0.1,65.8,500,65.7,834,,,,,,,,,,,,,,,,,65.9,625,66.1,1,66.2,500,,,,,,,,,,,,,,
2026-06-30T00:00:49.940987+00:00,2026-06-30T10:00:49.938987,2,2,65.95,0.3,65.8,500,65.7,209,,,,,,,,,,,,,,,,,66.1,1,66.2,500,,,,,,,,,,,,,,,,
2026-06-30T00:00:49.952052+00:00,2026-06-30T10:00:49.942988,2,3,65.85,0.1,65.8,1125,65.7,209,,,,,,,,,,,,,,,,,65.9,625,66.1,1,66.2,500,,,,,,,,,,,,,,
2026-06-30T00:00:50.486190+00:00,2026-06-30T10:00:50.483190,2,3,65.85,0.1,65.8,625,65.7,209,,,,,,,,,,,,,,,,,65.9,625,66.1,1,66.2,500,,,,,,,,,,,,,,
2026-06-30T00:00:50.497254+00:00,2026-06-30T10:00:50.496245,2,2,65.85,0.1,65.8,625,65.7,709,,,,,,,,,,,,,,,,,65.9,625,66.1,1,,,,,,,,,,,,,,,,
2026-06-30T00:00:50.507881+00:00,2026-06-30T10:00:50.503321,2,3,65.85,0.1,65.8,625,65.7,709,,,,,,,,,,,,,,,,,65.9,625,66.1,1,66.2,500,,,,,,,,,,,,,,
2026-06-30T00:00:50.562269+00:00,2026-06-30T10:00:50.557258,2,4,65.85,0.1,65.8,625,65.7,509,,,,,,,,,,,,,,,,,65.9,425,66.0,200,66.1,1,66.2,500,,,,,,,,,,,,
2026-06-30T00:00:51.086215+00:00,2026-06-30T10:00:51.085215,2,4,65.85,0.1,65.8,625,65.7,9,,,,,,,,,,,,,,,,,65.9,425,66.0,200,66.1,1,66.2,500,,,,,,,,,,,,
2026-06-30T00:00:51.097279+00:00,2026-06-30T10:00:51.091279,2,3,65.85,0.1,65.8,625,65.7,9,,,,,,,,,,,,,,,,,65.9,425,66.0,200,66.1,1,,,,,,,,,,,,,,
2026-06-30T00:00:51.107905+00:00,2026-06-30T10:00:51.104345,2,4,65.85,0.1,65.8,625,65.7,509,,,,,,,,,,,,,,,,,65.9,425,66.0,200,66.1,1,66.2,500,,,,,,,,,,,,
2026-06-30T00:00:51.248841+00:00,2026-06-30T10:00:51.246282,1,4,65.8,0.2,65.7,509,,,,,,,,,,,,,,,,,,,65.9,425,66.0,200,66.1,1,66.2,500,,,,,,,,,,,,
2026-06-30T00:00:51.259922+00:00,2026-06-30T10:00:51.251860,2,3,65.9,0.2,65.8,625,65.7,509,,,,,,,,,,,,,,,,,66.0,200,66.1,1,66.2,500,,,,,,,,,,,,,,
2026-06-30T00:00:51.270987+00:00,2026-06-30T10:00:51.264914,2,3,65.9,0.2,65.8,625,65.7,509,,,,,,,,,,,,,,,,,66.0,825,66.1,1,66.2,500,,,,,,,,,,,,,,
2026-06-30T00:00:51.693345+00:00,2026-06-30T10:00:51.688345,2,3,65.9,0.2,65.8,625,65.7,9,,,,,,,,,,,,,,,,,66.0,825,66.1,1,66.2,500,,,,,,,,,,,,,,
2026-06-30T00:00:51.704409+00:00,2026-06-30T10:00:51.702408,2,2,65.9,0.2,65.8,625,65.7,509,,,,,,,,,,,,,,,,,66.0,825,66.1,1,,,,,,,,,,,,,,,,
2026-06-30T00:00:51.715472+00:00,2026-06-30T10:00:51.709472,2,3,65.9,0.2,65.8,625,65.7,509,,,,,,,,,,,,,,,,,66.0,825,66.1,1,66.2,500,,,,,,,,,,,,,,
2026-06-30T00:00:51.769010+00:00,2026-06-30T10:00:51.766412,2,3,65.9,0.2,65.8,825,65.7,509,,,,,,,,,,,,,,,,,66.0,825,66.1,1,66.2,500,,,,,,,,,,,,,,
2026-06-30T00:00:52.293048+00:00,2026-06-30T10:00:52.292046,2,3,65.9,0.2,65.8,825,65.7,9,,,,,,,,,,,,,,,,,66.0,825,66.1,1,66.2,500,,,,,,,,,,,,,,
2026-06-30T00:00:52.304110+00:00,2026-06-30T10:00:52.299101,2,2,65.9,0.2,65.8,825,65.7,9,,,,,,,,,,,,,,,,,66.0,825,66.1,1,,,,,,,,,,,,,,,,
2026-06-30T00:00:52.315202+00:00,2026-06-30T10:00:52.311202,2,3,65.9,0.2,65.8,1325,65.7,9,,,,,,,,,,,,,,,,,66.0,825,66.1,1,66.2,500,,,,,,,,,,,,,,
2026-06-30T00:00:52.565316+00:00,2026-06-30T10:00:52.562316,2,3,65.9,0.2,65.8,1325,65.7,9,,,,,,,,,,,,,,,,,66.0,200,66.1,1,66.2,500,,,,,,,,,,,,,,
2026-06-30T00:00:52.576372+00:00,2026-06-30T10:00:52.565316,2,3,65.9,0.2,65.8,1325,65.7,9,,,,,,,,,,,,,,,,,66.0,825,66.1,1,66.2,500,,,,,,,,,,,,,,
2026-06-30T00:00:52.774374+00:00,2026-06-30T10:00:52.769374,2,2,65.9,0.2,65.8,1325,65.7,9,,,,,,,,,,,,,,,,,66.0,825,66.2,500,,,,,,,,,,,,,,,,
2026-06-30T00:00:52.905257+00:00,2026-06-30T10:00:52.901257,2,1,65.9,0.2,65.8,825,65.7,9,,,,,,,,,,,,,,,,,66.0,825,,,,,,,,,,,,,,,,,,
2026-06-30T00:00:52.916337+00:00,2026-06-30T10:00:52.909328,2,1,65.9,0.2,65.8,825,65.7,509,,,,,,,,,,,,,,,,,66.0,825,,,,,,,,,,,,,,,,,,
2026-06-30T00:00:52.927400+00:00,2026-06-30T10:00:52.919400,2,2,65.9,0.2,65.8,825,65.7,509,,,,,,,,,,,,,,,,,66.0,825,66.2,500,,,,,,,,,,,,,,,,
2026-06-30T00:00:52.970748+00:00,2026-06-30T10:00:52.968748,2,2,65.9,0.2,65.8,625,65.7,509,,,,,,,,,,,,,,,,,66.0,825,66.2,500,,,,,,,,,,,,,,,,
2026-06-30T00:00:52.981811+00:00,2026-06-30T10:00:52.974748,2,2,65.9,0.2,65.8,625,65.7,509,,,,,,,,,,,,,,,,,66.0,625,66.2,500,,,,,,,,,,,,,,,,
2026-06-30T00:00:52.992875+00:00,2026-06-30T10:00:52.988875,3,2,65.95,0.1,65.9,200,65.8,625,65.7,509,,,,,,,,,,,,,,,66.0,825,66.2,500,,,,,,,,,,,,,,,,
2026-06-30T00:00:53.545233+00:00,2026-06-30T10:00:53.538233,3,2,65.95,0.1,65.9,200,65.8,625,65.7,9,,,,,,,,,,,,,,,66.0,825,66.2,500,,,,,,,,,,,,,,,,
2026-06-30T00:00:53.556296+00:00,2026-06-30T10:00:53.549296,3,1,65.95,0.1,65.9,200,65.8,625,65.7,509,,,,,,,,,,,,,,,66.0,825,,,,,,,,,,,,,,,,,,
2026-06-30T00:00:53.567360+00:00,2026-06-30T10:00:53.556489,3,2,65.95,0.1,65.9,200,65.8,625,65.7,509,,,,,,,,,,,,,,,66.0,825,66.2,500,,,,,,,,,,,,,,,,
2026-06-30T00:00:53.872048+00:00,2026-06-30T10:00:53.869048,2,2,65.95,0.1,65.9,200,65.7,509,,,,,,,,,,,,,,,,,66.0,200,66.2,500,,,,,,,,,,,,,,,,
2026-06-30T00:00:53.883113+00:00,2026-06-30T10:00:53.878113,2,2,65.85,0.3,65.7,84,65.5,625,,,,,,,,,,,,,,,,,66.0,200,66.2,500,,,,,,,,,,,,,,,,
2026-06-30T00:00:54.144382+00:00,2026-06-30T10:00:54.141382,1,1,65.75,0.5,65.5,625,,,,,,,,,,,,,,,,,,,66.0,200,,,,,,,,,,,,,,,,,,
2026-06-30T00:00:54.155436+00:00,2026-06-30T10:00:54.154444,2,1,65.85,0.3,65.7,500,65.5,625,,,,,,,,,,,,,,,,,66.0,200,,,,,,,,,,,,,,,,,,
2026-06-30T00:00:54.166507+00:00,2026-06-30T10:00:54.159507,2,2,65.85,0.3,65.7,500,65.5,625,,,,,,,,,,,,,,,,,66.0,200,66.1,500,,,,,,,,,,,,,,,,
2026-06-30T00:00:54.198776+00:00,2026-06-30T10:00:54.194210,3,2,65.9,0.2,65.8,200,65.7,500,65.5,625,,,,,,,,,,,,,,,66.0,200,66.1,500,,,,,,,,,,,,,,,,
2026-06-30T00:00:54.427334+00:00,2026-06-30T10:00:54.421335,3,2,65.9,0.2,65.8,200,65.7,510,65.5,625,,,,,,,,,,,,,,,66.0,200,66.1,500,,,,,,,,,,,,,,,,
2026-06-30T00:00:54.742067+00:00,2026-06-30T10:00:54.740068,3,2,65.9,0.2,65.8,200,65.7,10,65.5,625,,,,,,,,,,,,,,,66.0,200,66.1,500,,,,,,,,,,,,,,,,
2026-06-30T00:00:54.764195+00:00,2026-06-30T10:00:54.755131,3,1,65.9,0.2,65.8,200,65.7,510,65.5,625,,,,,,,,,,,,,,,66.0,200,,,,,,,,,,,,,,,,,,
2026-06-30T00:00:54.775258+00:00,2026-06-30T10:00:54.765187,3,2,65.9,0.2,65.8,200,65.7,510,65.5,625,,,,,,,,,,,,,,,66.0,200,66.1,500,,,,,,,,,,,,,,,,
2026-06-30T00:00:55.186457+00:00,2026-06-30T10:00:55.185458,3,1,66.05,0.1,66.0,425,65.8,200,65.7,510,,,,,,,,,,,,,,,66.1,500,,,,,,,,,,,,,,,,,,
2026-06-30T00:00:55.197540+00:00,2026-06-30T10:00:55.189541,3,2,66.05,0.1,66.0,425,65.8,200,65.7,510,,,,,,,,,,,,,,,66.1,500,66.2,625,,,,,,,,,,,,,,,,
2026-06-30T00:00:55.347747+00:00,2026-06-30T10:00:55.341712,3,2,66.05,0.1,66.0,425,65.8,200,65.7,10,,,,,,,,,,,,,,,66.1,500,66.2,625,,,,,,,,,,,,,,,,
2026-06-30T00:00:55.358341+00:00,2026-06-30T10:00:55.356767,3,1,66.1,0.2,66.0,425,65.8,200,65.7,510,,,,,,,,,,,,,,,66.2,625,,,,,,,,,,,,,,,,,,
2026-06-30T00:00:55.368928+00:00,2026-06-30T10:00:55.363361,3,2,66.05,0.1,66.0,425,65.8,200,65.7,510,,,,,,,,,,,,,,,66.1,500,66.2,625,,,,,,,,,,,,,,,,
2026-06-30T00:00:55.401656+00:00,2026-06-30T10:00:55.400656,2,2,66.05,0.1,66.0,625,65.7,510,,,,,,,,,,,,,,,,,66.1,500,66.2,825,,,,,,,,,,,,,,,,
2026-06-30T00:00:55.947308+00:00,2026-06-30T10:00:55.946308,2,2,66.05,0.1,66.0,625,65.7,10,,,,,,,,,,,,,,,,,66.1,500,66.2,825,,,,,,,,,,,,,,,,
2026-06-30T00:00:55.957405+00:00,2026-06-30T10:00:55.954405,2,1,66.1,0.2,66.0,625,65.7,10,,,,,,,,,,,,,,,,,66.2,825,,,,,,,,,,,,,,,,,,
2026-06-30T00:00:55.968035+00:00,2026-06-30T10:00:55.960476,2,1,66.1,0.2,66.0,625,65.7,510,,,,,,,,,,,,,,,,,66.2,825,,,,,,,,,,,,,,,,,,
2026-06-30T00:00:55.978630+00:00,2026-06-30T10:00:55.975054,2,2,66.05,0.1,66.0,625,65.7,510,,,,,,,,,,,,,,,,,66.1,500,66.2,825,,,,,,,,,,,,,,,,
2026-06-30T00:00:56.033961+00:00,2026-06-30T10:00:56.024898,2,2,66.05,0.1,66.0,625,65.7,510,,,,,,,,,,,,,,,,,66.1,502,66.2,825,,,,,,,,,,,,,,,,
2026-06-30T00:00:56.142236+00:00,2026-06-30T10:00:56.137226,2,2,66.05,0.1,66.0,625,65.7,510,,,,,,,,,,,,,,,,,66.1,501,66.2,825,,,,,,,,,,,,,,,,
2026-06-30T00:00:56.500158+00:00,2026-06-30T10:00:56.498147,3,2,66.05,0.1,66.0,200,65.8,625,65.7,510,,,,,,,,,,,,,,,66.1,501,66.2,200,,,,,,,,,,,,,,,,
2026-06-30T00:00:56.511221+00:00,2026-06-30T10:00:56.503158,2,3,65.85,0.1,65.8,625,65.7,510,,,,,,,,,,,,,,,,,65.9,425,66.1,501,66.2,200,,,,,,,,,,,,,,
2026-06-30T00:00:56.555488+00:00,2026-06-30T10:00:56.549489,2,3,65.85,0.1,65.8,625,65.7,10,,,,,,,,,,,,,,,,,65.9,425,66.1,501,66.2,200,,,,,,,,,,,,,,
2026-06-30T00:00:56.566582+00:00,2026-06-30T10:00:56.561582,2,3,65.85,0.1,65.8,625,65.7,510,,,,,,,,,,,,,,,,,65.9,425,66.1,1,66.2,200,,,,,,,,,,,,,,
2026-06-30T00:00:56.577652+00:00,2026-06-30T10:00:56.569651,2,3,65.85,0.1,65.8,625,65.7,510,,,,,,,,,,,,,,,,,65.9,425,66.1,501,66.2,200,,,,,,,,,,,,,,
2026-06-30T00:00:56.609959+00:00,2026-06-30T10:00:56.606895,2,2,65.85,0.1,65.8,625,65.7,510,,,,,,,,,,,,,,,,,65.9,225,66.1,501,,,,,,,,,,,,,,,,
2026-06-30T00:00:56.621023+00:00,2026-06-30T10:00:56.609959,2,2,65.85,0.1,65.8,625,65.7,510,,,,,,,,,,,,,,,,,65.9,225,66.1,701,,,,,,,,,,,,,,,,
2026-06-30T00:00:57.165150+00:00,2026-06-30T10:00:57.162142,2,2,65.85,0.1,65.8,625,65.7,10,,,,,,,,,,,,,,,,,65.9,225,66.1,201,,,,,,,,,,,,,,,,
2026-06-30T00:00:57.176237+00:00,2026-06-30T10:00:57.175237,3,2,65.85,0.1,65.8,625,65.7,10,65.6,500,,,,,,,,,,,,,,,65.9,225,66.1,701,,,,,,,,,,,,,,,,
2026-06-30T00:00:57.764081+00:00,2026-06-30T10:00:57.763071,2,2,65.85,0.1,65.8,625,65.7,10,,,,,,,,,,,,,,,,,65.9,225,66.1,201,,,,,,,,,,,,,,,,
2026-06-30T00:00:57.786207+00:00,2026-06-30T10:00:57.778207,3,3,65.85,0.1,65.8,625,65.7,10,65.6,500,,,,,,,,,,,,,,,65.9,225,66.0,500,66.1,201,,,,,,,,,,,,,,
2026-06-30T00:00:57.818506+00:00,2026-06-30T10:00:57.816937,3,3,65.85,0.1,65.8,625,65.7,10,65.6,500,,,,,,,,,,,,,,,65.9,25,66.0,500,66.1,1,,,,,,,,,,,,,,
2026-06-30T00:00:57.829097+00:00,2026-06-30T10:00:57.826525,2,3,65.85,0.3,65.7,10,65.6,500,,,,,,,,,,,,,,,,,66.0,500,66.1,1,66.2,200,,,,,,,,,,,,,,
2026-06-30T00:00:57.840191+00:00,2026-06-30T10:00:57.835116,3,2,66.15,0.1,66.1,124,65.7,10,65.6,500,,,,,,,,,,,,,,,66.2,200,66.3,625,,,,,,,,,,,,,,,,
2026-06-30T00:00:58.362126+00:00,2026-06-30T10:00:58.357115,2,2,66.15,0.1,66.1,124,65.7,10,,,,,,,,,,,,,,,,,66.2,200,66.3,625,,,,,,,,,,,,,,,,
2026-06-30T00:00:58.373189+00:00,2026-06-30T10:00:58.365126,3,2,66.15,0.1,66.1,124,65.7,10,65.6,500,,,,,,,,,,,,,,,66.2,200,66.3,625,,,,,,,,,,,,,,,,
2026-06-30T00:00:58.384252+00:00,2026-06-30T10:00:58.374180,2,3,65.85,0.3,65.7,10,65.6,500,,,,,,,,,,,,,,,,,66.0,376,66.2,200,66.3,625,,,,,,,,,,,,,,
2026-06-30T00:00:58.969855+00:00,2026-06-30T10:00:58.967844,1,2,65.95,0.5,65.7,10,,,,,,,,,,,,,,,,,,,66.2,200,66.3,625,,,,,,,,,,,,,,,,
2026-06-30T00:00:58.980919+00:00,2026-06-30T10:00:58.974855,2,2,65.95,0.5,65.7,10,65.6,500,,,,,,,,,,,,,,,,,66.2,200,66.3,625,,,,,,,,,,,,,,,,
2026-06-30T00:00:58.991982+00:00,2026-06-30T10:00:58.984918,2,3,65.9,0.4,65.7,10,65.6,500,,,,,,,,,,,,,,,,,66.1,500,66.2,200,66.3,625,,,,,,,,,,,,,,
2026-06-30T00:00:59.036236+00:00,2026-06-30T10:00:59.028237,3,3,66.05,0.1,66.0,200,65.7,10,65.6,500,,,,,,,,,,,,,,,66.1,500,66.2,200,66.3,625,,,,,,,,,,,,,,
2026-06-30T00:00:59.090168+00:00,2026-06-30T10:00:59.082105,3,3,66.05,0.1,66.0,200,65.7,8,65.6,500,,,,,,,,,,,,,,,66.1,500,66.2,200,66.3,625,,,,,,,,,,,,,,
2026-06-30T00:00:59.145503+00:00,2026-06-30T10:00:59.144503,3,2,66.05,0.1,66.0,825,65.7,8,65.6,500,,,,,,,,,,,,,,,66.1,1125,66.2,200,,,,,,,,,,,,,,,,
2026-06-30T00:00:59.265345+00:00,2026-06-30T10:00:59.260345,3,2,66.05,0.1,66.0,825,65.7,7,65.6,500,,,,,,,,,,,,,,,66.1,1125,66.2,200,,,,,,,,,,,,,,,,
2026-06-30T00:00:59.613116+00:00,2026-06-30T10:00:59.610116,2,2,66.05,0.1,66.0,825,65.7,7,,,,,,,,,,,,,,,,,66.1,625,66.2,200,,,,,,,,,,,,,,,,
2026-06-30T00:00:59.624178+00:00,2026-06-30T10:00:59.623179,3,2,66.05,0.1,66.0,825,65.7,7,65.6,500,,,,,,,,,,,,,,,66.1,625,66.2,200,,,,,,,,,,,,,,,,
2026-06-30T00:00:59.635242+00:00,2026-06-30T10:00:59.624382,3,2,66.05,0.1,66.0,825,65.7,7,65.6,500,,,,,,,,,,,,,,,66.1,1125,66.2,200,,,,,,,,,,,,,,,,
2026-06-30T00:00:59.842176+00:00,2026-06-30T10:00:59.834114,3,2,66.05,0.1,66.0,825,65.7,5,65.6,500,,,,,,,,,,,,,,,66.1,1125,66.2,200,,,,,,,,,,,,,,,,
2026-06-30T00:01:00.126028+00:00,2026-06-30T10:01:00.116965,3,2,66.05,0.1,66.0,825,65.7,4,65.6,500,,,,,,,,,,,,,,,66.1,1125,66.2,200,,,,,,,,,,,,,,,,
2026-06-30T00:01:00.212019+00:00,2026-06-30T10:01:00.211019,2,2,66.05,0.1,66.0,825,65.7,4,,,,,,,,,,,,,,,,,66.1,625,66.2,200,,,,,,,,,,,,,,,,
2026-06-30T00:01:00.223082+00:00,2026-06-30T10:01:00.217018,3,2,66.05,0.1,66.0,825,65.7,4,65.6,500,,,,,,,,,,,,,,,66.1,625,66.2,200,,,,,,,,,,,,,,,,
2026-06-30T00:01:00.234146+00:00,2026-06-30T10:01:00.223082,3,2,66.05,0.1,66.0,825,65.7,4,65.6,500,,,,,,,,,,,,,,,66.1,1125,66.2,200,,,,,,,,,,,,,,,,
2026-06-30T00:01:00.245226+00:00,2026-06-30T10:01:00.240217,3,2,66.05,0.1,66.0,625,65.7,4,65.6,500,,,,,,,,,,,,,,,66.1,1125,66.2,200,,,,,,,,,,,,,,,,
2026-06-30T00:01:00.256289+00:00,2026-06-30T10:01:00.247278,3,1,66.05,0.1,66.0,625,65.7,4,65.6,500,,,,,,,,,,,,,,,66.1,1125,,,,,,,,,,,,,,,,,,
2026-06-30T00:01:00.267352+00:00,2026-06-30T10:01:00.259352,4,1,66.05,0.1,66.0,625,65.9,200,65.7,4,65.6,500,,,,,,,,,,,,,66.1,1325,,,,,,,,,,,,,,,,,,
2026-06-30T00:01:00.450689+00:00,2026-06-30T10:01:00.446626,3,1,66.0,0.2,65.9,200,65.7,4,65.6,500,,,,,,,,,,,,,,,66.1,1325,,,,,,,,,,,,,,,,,,
2026-06-30T00:01:00.461753+00:00,2026-06-30T10:01:00.458753,3,2,66.0,0.2,65.9,200,65.7,4,65.6,500,,,,,,,,,,,,,,,66.1,75,66.2,625,,,,,,,,,,,,,,,,
2026-06-30T00:01:00.548880+00:00,2026-06-30T10:01:00.547320,3,2,66.0,0.2,65.9,200,65.7,4,65.6,500,,,,,,,,,,,,,,,66.1,83,66.2,625,,,,,,,,,,,,,,,,
2026-06-30T00:01:00.809720+00:00,2026-06-30T10:01:00.807710,2,2,66.0,0.2,65.9,200,65.7,4,,,,,,,,,,,,,,,,,66.1,83,66.2,625,,,,,,,,,,,,,,,,
2026-06-30T00:01:00.820776+00:00,2026-06-30T10:01:00.816720,3,2,66.0,0.2,65.9,200,65.7,4,65.6,500,,,,,,,,,,,,,,,66.1,83,66.2,625,,,,,,,,,,,,,,,,
2026-06-30T00:01:00.831839+00:00,2026-06-30T10:01:00.822776,3,2,66.0,0.2,65.9,200,65.7,4,65.6,500,,,,,,,,,,,,,,,66.1,583,66.2,625,,,,,,,,,,,,,,,,
2026-06-30T00:01:01.333000+00:00,2026-06-30T10:01:01.325937,3,2,66.0,0.2,65.9,200,65.7,4,65.6,500,,,,,,,,,,,,,,,66.1,582,66.2,625,,,,,,,,,,,,,,,,
2026-06-30T00:01:01.418582+00:00,2026-06-30T10:01:01.417021,2,2,66.0,0.2,65.9,200,65.7,4,,,,,,,,,,,,,,,,,66.1,82,66.2,625,,,,,,,,,,,,,,,,
2026-06-30T00:01:01.429667+00:00,2026-06-30T10:01:01.423602,3,2,66.0,0.2,65.9,200,65.7,4,65.6,500,,,,,,,,,,,,,,,66.1,82,66.2,625,,,,,,,,,,,,,,,,
2026-06-30T00:01:01.440745+00:00,2026-06-30T10:01:01.430658,3,3,65.95,0.1,65.9,200,65.7,4,65.6,500,,,,,,,,,,,,,,,66.0,500,66.1,82,66.2,625,,,,,,,,,,,,,,
2026-06-30T00:01:01.473940+00:00,2026-06-30T10:01:01.466876,2,3,65.85,0.3,65.7,4,65.6,500,,,,,,,,,,,,,,,,,66.0,500,66.1,7,66.2,625,,,,,,,,,,,,,,
2026-06-30T00:01:01.485003+00:00,2026-06-30T10:01:01.476940,3,3,65.95,0.1,65.9,200,65.7,4,65.6,500,,,,,,,,,,,,,,,66.0,700,66.1,7,66.2,625,,,,,,,,,,,,,,
2026-06-30T00:01:01.767332+00:00,2026-06-30T10:01:01.765332,4,2,65.95,0.1,65.9,200,65.8,625,65.7,4,65.6,500,,,,,,,,,,,,,66.0,700,66.1,7,,,,,,,,,,,,,,,,
2026-06-30T00:01:01.777958+00:00,2026-06-30T10:01:01.767517,4,2,65.95,0.1,65.9,200,65.8,625,65.7,4,65.6,500,,,,,,,,,,,,,66.0,1325,66.1,7,,,,,,,,,,,,,,,,
2026-06-30T00:01:02.017562+00:00,2026-06-30T10:01:02.013515,3,2,65.95,0.1,65.9,200,65.8,625,65.7,4,,,,,,,,,,,,,,,66.0,1325,66.1,7,,,,,,,,,,,,,,,,
2026-06-30T00:01:02.028141+00:00,2026-06-30T10:01:02.025581,4,2,65.95,0.1,65.9,200,65.8,625,65.7,4,65.6,500,,,,,,,,,,,,,66.0,825,66.1,7,,,,,,,,,,,,,,,,
2026-06-30T00:01:02.038721+00:00,2026-06-30T10:01:02.032160,4,2,65.95,0.1,65.9,200,65.8,625,65.7,4,65.6,500,,,,,,,,,,,,,66.0,1325,66.1,7,,,,,,,,,,,,,,,,
2026-06-30T00:01:02.564272+00:00,2026-06-30T10:01:02.553209,4,2,65.95,0.1,65.9,200,65.8,625,65.7,4,65.6,500,,,,,,,,,,,,,66.0,1325,66.1,4,,,,,,,,,,,,,,,,
2026-06-30T00:01:02.618156+00:00,2026-06-30T10:01:02.615595,3,2,65.95,0.1,65.9,200,65.8,625,65.7,4,,,,,,,,,,,,,,,66.0,1325,66.1,4,,,,,,,,,,,,,,,,
2026-06-30T00:01:02.628735+00:00,2026-06-30T10:01:02.622175,3,2,65.95,0.1,65.9,200,65.8,625,65.7,4,,,,,,,,,,,,,,,66.0,825,66.1,4,,,,,,,,,,,,,,,,
2026-06-30T00:01:02.639808+00:00,2026-06-30T10:01:02.634745,4,2,65.95,0.1,65.9,200,65.8,625,65.7,4,65.6,500,,,,,,,,,,,,,66.0,1325,66.1,4,,,,,,,,,,,,,,,,
2026-06-30T00:01:02.684070+00:00,2026-06-30T10:01:02.683070,4,2,65.95,0.1,65.9,200,65.8,625,65.7,4,65.6,500,,,,,,,,,,,,,66.0,1125,66.1,4,,,,,,,,,,,,,,,,
2026-06-30T00:01:02.695133+00:00,2026-06-30T10:01:02.686070,4,2,65.95,0.1,65.9,200,65.8,625,65.7,4,65.6,500,,,,,,,,,,,,,66.0,1325,66.1,4,,,,,,,,,,,,,,,,
2026-06-30T00:01:03.076171+00:00,2026-06-30T10:01:03.076171,3,2,65.95,0.1,65.9,825,65.7,4,65.6,500,,,,,,,,,,,,,,,66.0,700,66.1,4,,,,,,,,,,,,,,,,
2026-06-30T00:01:03.087243+00:00,2026-06-30T10:01:03.079243,3,2,65.95,0.1,65.9,825,65.7,4,65.6,500,,,,,,,,,,,,,,,66.0,700,66.1,629,,,,,,,,,,,,,,,,
2026-06-30T00:01:03.228775+00:00,2026-06-30T10:01:03.226206,2,2,65.95,0.1,65.9,825,65.7,4,,,,,,,,,,,,,,,,,66.0,200,66.1,629,,,,,,,,,,,,,,,,
2026-06-30T00:01:03.239849+00:00,2026-06-30T10:01:03.238849,3,2,65.95,0.1,65.9,825,65.7,4,65.6,500,,,,,,,,,,,,,,,66.0,700,66.1,629,,,,,,,,,,,,,,,,
2026-06-30T00:01:03.829822+00:00,2026-06-30T10:01:03.826759,2,2,65.95,0.1,65.9,825,65.7,4,,,,,,,,,,,,,,,,,66.0,200,66.1,629,,,,,,,,,,,,,,,,
2026-06-30T00:01:03.840885+00:00,2026-06-30T10:01:03.834821,3,2,65.95,0.1,65.9,825,65.7,4,65.6,500,,,,,,,,,,,,,,,66.0,200,66.1,629,,,,,,,,,,,,,,,,
2026-06-30T00:01:03.851948+00:00,2026-06-30T10:01:03.840885,3,2,65.95,0.1,65.9,825,65.7,4,65.6,500,,,,,,,,,,,,,,,66.0,700,66.1,629,,,,,,,,,,,,,,,,
2026-06-30T00:01:03.863012+00:00,2026-06-30T10:01:03.853948,3,2,65.95,0.1,65.9,825,65.7,4,65.6,500,,,,,,,,,,,,,,,66.0,700,66.1,627,,,,,,,,,,,,,,,,
2026-06-30T00:01:03.896202+00:00,2026-06-30T10:01:03.893202,4,2,65.95,0.1,65.9,625,65.8,200,65.7,4,65.6,500,,,,,,,,,,,,,66.0,500,66.1,627,,,,,,,,,,,,,,,,
2026-06-30T00:01:03.907265+00:00,2026-06-30T10:01:03.897255,4,2,65.95,0.1,65.9,425,65.8,200,65.7,4,65.6,500,,,,,,,,,,,,,66.0,500,66.1,627,,,,,,,,,,,,,,,,
2026-06-30T00:01:04.386462+00:00,2026-06-30T10:01:04.385463,3,2,65.9,0.2,65.8,825,65.7,4,65.6,500,,,,,,,,,,,,,,,66.0,500,66.1,2,,,,,,,,,,,,,,,,
2026-06-30T00:01:04.397526+00:00,2026-06-30T10:01:04.387515,3,3,65.85,0.1,65.8,825,65.7,4,65.6,500,,,,,,,,,,,,,,,65.9,625,66.0,500,66.1,2,,,,,,,,,,,,,,
2026-06-30T00:01:04.429807+00:00,2026-06-30T10:01:04.424743,2,3,65.85,0.1,65.8,825,65.7,4,,,,,,,,,,,,,,,,,65.9,625,66.0,500,66.1,2,,,,,,,,,,,,,,
2026-06-30T00:01:04.440873+00:00,2026-06-30T10:01:04.435799,2,2,65.85,0.1,65.8,825,65.7,504,,,,,,,,,,,,,,,,,65.9,625,66.1,2,,,,,,,,,,,,,,,,
2026-06-30T00:01:04.451937+00:00,2026-06-30T10:01:04.441873,2,2,65.85,0.1,65.8,825,65.7,504,,,,,,,,,,,,,,,,,65.9,625,66.1,502,,,,,,,,,,,,,,,,
2026-06-30T00:01:05.028296+00:00,2026-06-30T10:01:05.024735,2,2,65.85,0.1,65.8,825,65.7,4,,,,,,,,,,,,,,,,,65.9,625,66.1,502,,,,,,,,,,,,,,,,
2026-06-30T00:01:05.038874+00:00,2026-06-30T10:01:05.035315,3,2,65.85,0.1,65.8,825,65.7,4,65.6,500,,,,,,,,,,,,,,,65.9,625,66.1,2,,,,,,,,,,,,,,,,
2026-06-30T00:01:05.049955+00:00,2026-06-30T10:01:05.043893,3,2,65.85,0.1,65.8,825,65.7,4,65.6,500,,,,,,,,,,,,,,,65.9,625,66.1,502,,,,,,,,,,,,,,,,
2026-06-30T00:01:05.105266+00:00,2026-06-30T10:01:05.100266,3,2,65.85,0.1,65.8,625,65.7,4,65.6,500,,,,,,,,,,,,,,,65.9,625,66.1,502,,,,,,,,,,,,,,,,
2026-06-30T00:01:05.116329+00:00,2026-06-30T10:01:05.105266,3,3,65.85,0.1,65.8,825,65.7,4,65.6,500,,,,,,,,,,,,,,,65.9,625,66.0,200,66.1,502,,,,,,,,,,,,,,
2026-06-30T00:01:05.256037+00:00,2026-06-30T10:01:05.245152,3,3,65.85,0.1,65.8,825,65.7,4,65.6,500,,,,,,,,,,,,,,,65.9,625,66.0,200,66.1,501,,,,,,,,,,,,,,
2026-06-30T00:01:05.582281+00:00,2026-06-30T10:01:05.575206,3,3,65.85,0.1,65.8,805,65.7,4,65.6,500,,,,,,,,,,,,,,,65.9,625,66.0,200,66.1,501,,,,,,,,,,,,,,
2026-06-30T00:01:05.657759+00:00,2026-06-30T10:01:05.649705,2,3,65.85,0.1,65.8,805,65.7,4,,,,,,,,,,,,,,,,,65.9,625,66.0,200,66.1,501,,,,,,,,,,,,,,
2026-06-30T00:01:05.668337+00:00,2026-06-30T10:01:05.666777,3,3,65.85,0.1,65.8,805,65.7,4,65.6,500,,,,,,,,,,,,,,,65.9,625,66.0,200,66.1,1,,,,,,,,,,,,,,
2026-06-30T00:01:05.678916+00:00,2026-06-30T10:01:05.672356,3,3,65.85,0.1,65.8,805,65.7,4,65.6,500,,,,,,,,,,,,,,,65.9,625,66.0,200,66.1,501,,,,,,,,,,,,,,
2026-06-30T00:01:05.701079+00:00,2026-06-30T10:01:05.699080,3,2,65.9,0.2,65.8,825,65.7,4,65.6,500,,,,,,,,,,,,,,,66.0,825,66.1,501,,,,,,,,,,,,,,,,
2026-06-30T00:01:06.254357+00:00,2026-06-30T10:01:06.252357,2,2,65.9,0.2,65.8,825,65.7,4,,,,,,,,,,,,,,,,,66.0,825,66.1,501,,,,,,,,,,,,,,,,
2026-06-30T00:01:06.265421+00:00,2026-06-30T10:01:06.260420,2,2,65.9,0.2,65.8,825,65.7,4,,,,,,,,,,,,,,,,,66.0,825,66.1,1,,,,,,,,,,,,,,,,
2026-06-30T00:01:06.276493+00:00,2026-06-30T10:01:06.274493,3,2,65.9,0.2,65.8,825,65.7,4,65.6,500,,,,,,,,,,,,,,,66.0,1325,66.1,1,,,,,,,,,,,,,,,,
2026-06-30T00:01:06.308754+00:00,2026-06-30T10:01:06.308754,3,2,65.9,0.2,65.8,625,65.7,4,65.6,500,,,,,,,,,,,,,,,66.0,1325,66.1,1,,,,,,,,,,,,,,,,
2026-06-30T00:01:06.319837+00:00,2026-06-30T10:01:06.316773,3,3,65.85,0.1,65.8,625,65.7,204,65.6,500,,,,,,,,,,,,,,,65.9,200,66.0,1125,66.1,1,,,,,,,,,,,,,,
2026-06-30T00:01:06.861023+00:00,2026-06-30T10:01:06.854952,2,3,65.85,0.1,65.8,625,65.7,204,,,,,,,,,,,,,,,,,65.9,200,66.0,1125,66.1,1,,,,,,,,,,,,,,
2026-06-30T00:01:06.883149+00:00,2026-06-30T10:01:06.875084,3,3,65.85,0.1,65.8,625,65.7,204,65.6,500,,,,,,,,,,,,,,,65.9,200,66.0,625,66.1,501,,,,,,,,,,,,,,
2026-06-30T00:01:07.002973+00:00,2026-06-30T10:01:07.000982,2,3,65.8,0.2,65.7,204,65.6,500,,,,,,,,,,,,,,,,,65.9,200,66.0,625,66.1,501,,,,,,,,,,,,,,
2026-06-30T00:01:07.014045+00:00,2026-06-30T10:01:07.010045,3,2,66.05,0.1,66.0,425,65.7,204,65.6,500,,,,,,,,,,,,,,,66.1,501,66.2,625,,,,,,,,,,,,,,,,
2026-06-30T00:01:07.459074+00:00,2026-06-30T10:01:07.457506,2,2,66.05,0.1,66.0,425,65.7,204,,,,,,,,,,,,,,,,,66.1,501,66.2,625,,,,,,,,,,,,,,,,
2026-06-30T00:01:07.470171+00:00,2026-06-30T10:01:07.464093,2,2,66.05,0.1,66.0,425,65.7,204,,,,,,,,,,,,,,,,,66.1,1,66.2,625,,,,,,,,,,,,,,,,
2026-06-30T00:01:07.481235+00:00,2026-06-30T10:01:07.475171,2,2,66.05,0.1,66.0,425,65.7,704,,,,,,,,,,,,,,,,,66.1,501,66.2,625,,,,,,,,,,,,,,,,
2026-06-30T00:01:07.525489+00:00,2026-06-30T10:01:07.523497,2,2,66.05,0.1,66.0,425,65.7,504,,,,,,,,,,,,,,,,,66.1,501,66.2,625,,,,,,,,,,,,,,,,
2026-06-30T00:01:07.536559+00:00,2026-06-30T10:01:07.535559,3,2,66.05,0.1,66.0,225,65.8,200,65.7,504,,,,,,,,,,,,,,,66.1,501,66.2,625,,,,,,,,,,,,,,,,
2026-06-30T00:01:08.068137+00:00,2026-06-30T10:01:08.066577,3,2,66.05,0.1,66.0,225,65.8,200,65.7,4,,,,,,,,,,,,,,,66.1,1,66.2,625,,,,,,,,,,,,,,,,
2026-06-30T00:01:08.078718+00:00,2026-06-30T10:01:08.078718,3,2,66.05,0.1,66.0,225,65.8,200,65.7,504,,,,,,,,,,,,,,,66.1,501,66.2,625,,,,,,,,,,,,,,,,
2026-06-30T00:01:08.122989+00:00,2026-06-30T10:01:08.112917,3,2,66.05,0.1,66.0,205,65.8,200,65.7,504,,,,,,,,,,,,,,,66.1,501,66.2,625,,,,,,,,,,,,,,,,
2026-06-30T00:01:08.318801+00:00,2026-06-30T10:01:08.317241,3,1,66.05,0.1,66.0,625,65.8,200,65.7,504,,,,,,,,,,,,,,,66.1,501,,,,,,,,,,,,,,,,,,
2026-06-30T00:01:08.329882+00:00,2026-06-30T10:01:08.319820,3,1,66.05,0.1,66.0,625,65.8,200,65.7,504,,,,,,,,,,,,,,,66.1,1126,,,,,,,,,,,,,,,,,,
2026-06-30T00:01:08.667133+00:00,2026-06-30T10:01:08.665087,3,1,66.05,0.1,66.0,625,65.8,200,65.7,4,,,,,,,,,,,,,,,66.1,1126,,,,,,,,,,,,,,,,,,
2026-06-30T00:01:08.677713+00:00,2026-06-30T10:01:08.672152,3,1,66.05,0.1,66.0,625,65.8,200,65.7,4,,,,,,,,,,,,,,,66.1,626,,,,,,,,,,,,,,,,,,
2026-06-30T00:01:08.688291+00:00,2026-06-30T10:01:08.679732,3,1,66.05,0.1,66.0,625,65.8,200,65.7,504,,,,,,,,,,,,,,,66.1,626,,,,,,,,,,,,,,,,,,
2026-06-30T00:01:08.698870+00:00,2026-06-30T10:01:08.689310,3,1,66.05,0.1,66.0,625,65.8,200,65.7,504,,,,,,,,,,,,,,,66.1,1126,,,,,,,,,,,,,,,,,,
2026-06-30T00:01:08.743163+00:00,2026-06-30T10:01:08.738163,2,1,66.05,0.1,66.0,625,65.7,504,,,,,,,,,,,,,,,,,66.1,1126,,,,,,,,,,,,,,,,,,
2026-06-30T00:01:08.754218+00:00,2026-06-30T10:01:08.747216,3,1,66.05,0.1,66.0,425,65.8,200,65.7,504,,,,,,,,,,,,,,,66.1,1126,,,,,,,,,,,,,,,,,,
2026-06-30T00:01:08.797501+00:00,2026-06-30T10:01:08.787549,3,1,66.05,0.1,66.0,425,65.8,200,65.7,504,,,,,,,,,,,,,,,66.1,1125,,,,,,,,,,,,,,,,,,
2026-06-30T00:01:09.266613+00:00,2026-06-30T10:01:09.264613,3,1,66.05,0.1,66.0,425,65.8,200,65.7,4,,,,,,,,,,,,,,,66.1,1125,,,,,,,,,,,,,,,,,,
2026-06-30T00:01:09.277678+00:00,2026-06-30T10:01:09.271678,3,1,66.05,0.1,66.0,425,65.8,200,65.7,4,,,,,,,,,,,,,,,66.1,625,,,,,,,,,,,,,,,,,,
2026-06-30T00:01:09.288308+00:00,2026-06-30T10:01:09.284740,3,2,66.05,0.1,66.0,425,65.8,700,65.7,4,,,,,,,,,,,,,,,66.1,625,66.2,500,,,,,,,,,,,,,,,,
2026-06-30T00:01:09.627557+00:00,2026-06-30T10:01:09.625557,2,1,66.0,0.4,65.8,700,65.7,4,,,,,,,,,,,,,,,,,66.2,500,,,,,,,,,,,,,,,,,,
2026-06-30T00:01:09.638188+00:00,2026-06-30T10:01:09.630626,3,2,66.0,0.2,65.9,625,65.8,700,65.7,4,,,,,,,,,,,,,,,66.1,625,66.2,500,,,,,,,,,,,,,,,,
2026-06-30T00:01:09.877334+00:00,2026-06-30T10:01:09.876299,3,1,66.0,0.2,65.9,625,65.8,200,65.7,4,,,,,,,,,,,,,,,66.1,625,,,,,,,,,,,,,,,,,,
2026-06-30T00:01:09.887932+00:00,2026-06-30T10:01:09.883364,3,1,66.0,0.2,65.9,625,65.8,700,65.7,4,,,,,,,,,,,,,,,66.1,625,,,,,,,,,,,,,,,,,,
2026-06-30T00:01:09.898509+00:00,2026-06-30T10:01:09.888950,3,2,66.0,0.2,65.9,625,65.8,700,65.7,4,,,,,,,,,,,,,,,66.1,625,66.2,500,,,,,,,,,,,,,,,,
2026-06-30T00:01:09.953347+00:00,2026-06-30T10:01:09.951356,3,2,66.0,0.2,65.9,625,65.8,500,65.7,4,,,,,,,,,,,,,,,66.1,625,66.2,500,,,,,,,,,,,,,,,,
2026-06-30T00:01:09.964447+00:00,2026-06-30T10:01:09.956356,3,3,65.95,0.1,65.9,825,65.8,500,65.7,4,,,,,,,,,,,,,,,66.0,200,66.1,625,66.2,500,,,,,,,,,,,,,,
2026-06-30T00:01:10.181887+00:00,2026-06-30T10:01:10.176812,3,3,65.95,0.1,65.9,825,65.8,500,65.7,4,,,,,,,,,,,,,,,66.0,200,66.1,626,66.2,500,,,,,,,,,,,,,,
2026-06-30T00:01:10.475407+00:00,2026-06-30T10:01:10.473407,2,3,65.95,0.1,65.9,825,65.7,4,,,,,,,,,,,,,,,,,66.0,200,66.1,626,66.2,500,,,,,,,,,,,,,,
2026-06-30T00:01:10.486471+00:00,2026-06-30T10:01:10.485471,3,2,65.95,0.1,65.9,825,65.8,500,65.7,4,,,,,,,,,,,,,,,66.0,200,66.1,626,,,,,,,,,,,,,,,,
2026-06-30T00:01:10.497534+00:00,2026-06-30T10:01:10.494534,3,3,65.95,0.1,65.9,825,65.8,500,65.7,4,,,,,,,,,,,,,,,66.0,200,66.1,626,66.2,500,,,,,,,,,,,,,,
2026-06-30T00:01:10.574077+00:00,2026-06-30T10:01:10.568067,3,3,65.95,0.1,65.9,825,65.8,500,65.7,4,,,,,,,,,,,,,,,66.0,200,66.1,625,66.2,500,,,,,,,,,,,,,,
2026-06-30T00:01:10.942001+00:00,2026-06-30T10:01:10.936938,3,2,65.95,0.1,65.9,200,65.8,1125,65.7,4,,,,,,,,,,,,,,,66.0,200,66.2,500,,,,,,,,,,,,,,,,
2026-06-30T00:01:10.953057+00:00,2026-06-30T10:01:10.943002,2,3,65.85,0.1,65.8,1125,65.7,4,,,,,,,,,,,,,,,,,65.9,425,66.0,200,66.2,500,,,,,,,,,,,,,,
2026-06-30T00:01:11.084417+00:00,2026-06-30T10:01:11.082417,2,2,65.85,0.1,65.8,625,65.7,4,,,,,,,,,,,,,,,,,65.9,425,66.0,200,,,,,,,,,,,,,,,,
2026-06-30T00:01:11.095480+00:00,2026-06-30T10:01:11.088480,2,2,65.85,0.1,65.8,1125,65.7,4,,,,,,,,,,,,,,,,,65.9,425,66.0,200,,,,,,,,,,,,,,,,
2026-06-30T00:01:11.106543+00:00,2026-06-30T10:01:11.096472,2,3,65.85,0.1,65.8,1125,65.7,4,,,,,,,,,,,,,,,,,65.9,425,66.0,200,66.2,500,,,,,,,,,,,,,,
2026-06-30T00:01:11.172061+00:00,2026-06-30T10:01:11.169061,2,2,65.85,0.1,65.8,1125,65.7,204,,,,,,,,,,,,,,,,,65.9,625,66.2,500,,,,,,,,,,,,,,,,
2026-06-30T00:01:11.302907+00:00,2026-06-30T10:01:11.294843,2,3,65.85,0.1,65.8,1125,65.7,204,,,,,,,,,,,,,,,,,65.9,625,66.1,1,66.2,500,,,,,,,,,,,,,,
2026-06-30T00:01:11.717213+00:00,2026-06-30T10:01:11.713213,2,3,65.85,0.1,65.8,625,65.7,204,,,,,,,,,,,,,,,,,65.9,625,66.1,1,66.2,500,,,,,,,,,,,,,,
2026-06-30T00:01:11.727860+00:00,2026-06-30T10:01:11.726280,2,2,65.85,0.1,65.8,1125,65.7,204,,,,,,,,,,,,,,,,,65.9,625,66.1,1,,,,,,,,,,,,,,,,
2026-06-30T00:01:11.738440+00:00,2026-06-30T10:01:11.734879,2,3,65.85,0.1,65.8,1125,65.7,204,,,,,,,,,,,,,,,,,65.9,625,66.1,1,66.2,500,,,,,,,,,,,,,,
2026-06-30T00:01:12.249824+00:00,2026-06-30T10:01:12.247814,3,2,66.0,0.2,65.9,425,65.8,500,65.7,204,,,,,,,,,,,,,,,66.1,1,66.2,500,,,,,,,,,,,,,,,,
2026-06-30T00:01:12.260887+00:00,2026-06-30T10:01:12.250824,3,3,65.95,0.1,65.9,425,65.8,500,65.7,204,,,,,,,,,,,,,,,66.0,625,66.1,1,66.2,500,,,,,,,,,,,,,,
2026-06-30T00:01:12.316193+00:00,2026-06-30T10:01:12.315193,2,3,65.95,0.1,65.9,425,65.7,204,,,,,,,,,,,,,,,,,66.0,625,66.1,1,66.2,500,,,,,,,,,,,,,,
2026-06-30T00:01:12.327258+00:00,2026-06-30T10:01:12.322258,2,2,65.95,0.1,65.9,425,65.7,204,,,,,,,,,,,,,,,,,66.0,625,66.1,1,,,,,,,,,,,,,,,,
2026-06-30T00:01:12.337882+00:00,2026-06-30T10:01:12.337369,3,3,65.95,0.1,65.9,425,65.8,500,65.7,204,,,,,,,,,,,,,,,66.0,625,66.1,1,66.3,500,,,,,,,,,,,,,,
2026-06-30T00:01:12.381179+00:00,2026-06-30T10:01:12.376116,3,3,65.95,0.1,65.9,225,65.8,500,65.7,204,,,,,,,,,,,,,,,66.0,625,66.1,1,66.3,500,,,,,,,,,,,,,,
2026-06-30T00:01:12.924284+00:00,2026-06-30T10:01:12.917273,2,3,65.95,0.1,65.9,225,65.7,204,,,,,,,,,,,,,,,,,66.0,625,66.1,1,66.3,500,,,,,,,,,,,,,,
2026-06-30T00:01:12.935359+00:00,2026-06-30T10:01:12.931359,2,2,65.95,0.1,65.9,725,65.7,204,,,,,,,,,,,,,,,,,66.0,625,66.1,1,,,,,,,,,,,,,,,,
2026-06-30T00:01:12.946423+00:00,2026-06-30T10:01:12.936359,2,3,65.95,0.1,65.9,725,65.7,204,,,,,,,,,,,,,,,,,66.0,625,66.1,1,66.3,500,,,,,,,,,,,,,,
2026-06-30T00:01:13.521733+00:00,2026-06-30T10:01:13.520733,2,3,65.95,0.1,65.9,225,65.7,204,,,,,,,,,,,,,,,,,66.0,625,66.1,1,66.3,500,,,,,,,,,,,,,,
2026-06-30T00:01:13.543867+00:00,2026-06-30T10:01:13.535795,2,2,65.95,0.1,65.9,225,65.7,204,,,,,,,,,,,,,,,,,66.0,625,66.1,1,,,,,,,,,,,,,,,,
2026-06-30T00:01:13.554932+00:00,2026-06-30T10:01:13.544868,2,3,65.95,0.1,65.9,725,65.7,204,,,,,,,,,,,,,,,,,66.0,625,66.1,1,66.3,500,,,,,,,,,,,,,,
2026-06-30T00:01:13.566007+00:00,2026-06-30T10:01:13.564006,3,2,66.0,0.2,65.9,500,65.7,204,65.5,625,,,,,,,,,,,,,,,66.1,1,66.3,500,,,,,,,,,,,,,,,,
2026-06-30T00:01:13.577070+00:00,2026-06-30T10:01:13.571070,2,2,65.9,0.4,65.7,79,65.5,625,,,,,,,,,,,,,,,,,66.1,1,66.3,500,,,,,,,,,,,,,,,,
2026-06-30T00:01:13.587697+00:00,2026-06-30T10:01:13.583137,1,2,65.8,0.6,65.5,625,,,,,,,,,,,,,,,,,,,66.1,1,66.3,500,,,,,,,,,,,,,,,,
2026-06-30T00:01:13.608856+00:00,2026-06-30T10:01:13.600294,2,3,65.75,0.1,65.7,200,65.5,625,,,,,,,,,,,,,,,,,65.8,200,66.1,1,66.3,500,,,,,,,,,,,,,,
2026-06-30T00:01:14.143899+00:00,2026-06-30T10:01:14.142898,2,2,65.75,0.1,65.7,200,65.5,625,,,,,,,,,,,,,,,,,65.8,200,66.1,1,,,,,,,,,,,,,,,,
2026-06-30T00:01:14.154961+00:00,2026-06-30T10:01:14.151961,3,1,66.0,0.2,65.9,300,65.7,200,65.5,625,,,,,,,,,,,,,,,66.1,1,,,,,,,,,,,,,,,,,,
2026-06-30T00:01:14.166025+00:00,2026-06-30T10:01:14.159025,3,2,66.0,0.2,65.9,300,65.7,200,65.5,625,,,,,,,,,,,,,,,66.1,1,66.4,500,,,,,,,,,,,,,,,,
2026-06-30T00:01:14.318166+00:00,2026-06-30T10:01:14.316606,4,2,66.0,0.2,65.9,300,65.8,10,65.7,200,65.5,625,,,,,,,,,,,,,66.1,1,66.4,500,,,,,,,,,,,,,,,,
2026-06-30T00:01:14.731988+00:00,2026-06-30T10:01:14.727977,3,2,65.95,0.3,65.8,10,65.7,200,65.5,625,,,,,,,,,,,,,,,66.1,1,66.4,500,,,,,,,,,,,,,,,,
2026-06-30T00:01:14.743042+00:00,2026-06-30T10:01:14.740042,4,1,66.0,0.2,65.9,500,65.8,10,65.7,200,65.5,625,,,,,,,,,,,,,66.1,1,,,,,,,,,,,,,,,,,,
2026-06-30T00:01:14.754128+00:00,2026-06-30T10:01:14.746033,4,2,66.0,0.2,65.9,500,65.8,10,65.7,200,65.5,625,,,,,,,,,,,,,66.1,1,66.3,500,,,,,,,,,,,,,,,,
2026-06-30T00:01:14.808002+00:00,2026-06-30T10:01:14.804441,3,2,66.0,0.2,65.9,500,65.8,10,65.5,625,,,,,,,,,,,,,,,66.1,1,66.3,500,,,,,,,,,,,,,,,,
2026-06-30T00:01:14.818582+00:00,2026-06-30T10:01:14.817021,3,3,65.95,0.1,65.9,700,65.8,10,65.5,625,,,,,,,,,,,,,,,66.0,200,66.1,1,66.3,500,,,,,,,,,,,,,,
2026-06-30T00:01:14.884999+00:00,2026-06-30T10:01:14.878999,2,3,65.95,0.1,65.9,1325,65.8,10,,,,,,,,,,,,,,,,,66.0,200,66.1,626,66.3,500,,,,,,,,,,,,,,
2026-06-30T00:01:15.330125+00:00,2026-06-30T10:01:15.329125,2,3,65.95,0.1,65.9,825,65.8,10,,,,,,,,,,,,,,,,,66.0,200,66.1,626,66.3,500,,,,,,,,,,,,,,
2026-06-30T00:01:15.341190+00:00,2026-06-30T10:01:15.335125,2,2,65.95,0.1,65.9,825,65.8,10,,,,,,,,,,,,,,,,,66.0,200,66.1,626,,,,,,,,,,,,,,,,
2026-06-30T00:01:15.352252+00:00,2026-06-30T10:01:15.349253,2,3,65.95,0.1,65.9,1325,65.8,10,,,,,,,,,,,,,,,,,66.0,200,66.1,626,66.4,500,,,,,,,,,,,,,,
2026-06-30T00:01:15.938233+00:00,2026-06-30T10:01:15.934656,2,3,65.95,0.1,65.9,825,65.8,10,,,,,,,,,,,,,,,,,66.0,200,66.1,626,66.4,500,,,,,,,,,,,,,,
2026-06-30T00:01:15.948813+00:00,2026-06-30T10:01:15.948299,2,2,65.95,0.1,65.9,1325,65.8,10,,,,,,,,,,,,,,,,,66.0,200,66.1,626,,,,,,,,,,,,,,,,
2026-06-30T00:01:15.959895+00:00,2026-06-30T10:01:15.954831,2,3,65.95,0.1,65.9,1325,65.8,10,,,,,,,,,,,,,,,,,66.0,200,66.1,626,66.3,500,,,,,,,,,,,,,,
2026-06-30T00:01:15.993082+00:00,2026-06-30T10:01:15.984021,2,3,65.95,0.1,65.9,1325,65.8,9,,,,,,,,,,,,,,,,,66.0,200,66.1,626,66.3,500,,,,,,,,,,,,,,
2026-06-30T00:01:16.026282+00:00,2026-06-30T10:01:16.025283,2,2,66.0,0.2,65.9,1325,65.8,9,,,,,,,,,,,,,,,,,66.1,826,66.3,500,,,,,,,,,,,,,,,,
2026-06-30T00:01:16.188455+00:00,2026-06-30T10:01:16.183895,2,2,66.0,0.2,65.9,700,65.8,9,,,,,,,,,,,,,,,,,66.1,201,66.3,500,,,,,,,,,,,,,,,,
2026-06-30T00:01:16.199035+00:00,2026-06-30T10:01:16.192473,3,2,66.05,0.1,66.0,625,65.9,700,65.8,9,,,,,,,,,,,,,,,66.1,826,66.3,500,,,,,,,,,,,,,,,,
2026-06-30T00:01:16.385238+00:00,2026-06-30T10:01:16.378238,3,2,66.05,0.1,66.0,625,65.9,700,65.8,8,,,,,,,,,,,,,,,66.1,826,66.3,500,,,,,,,,,,,,,,,,
2026-06-30T00:01:16.537251+00:00,2026-06-30T10:01:16.534204,3,2,66.05,0.1,66.0,625,65.9,200,65.8,8,,,,,,,,,,,,,,,66.1,826,66.3,500,,,,,,,,,,,,,,,,
2026-06-30T00:01:16.547872+00:00,2026-06-30T10:01:16.541303,3,1,66.05,0.1,66.0,625,65.9,200,65.8,8,,,,,,,,,,,,,,,66.1,826,,,,,,,,,,,,,,,,,,
2026-06-30T00:01:16.558451+00:00,2026-06-30T10:01:16.555891,3,2,66.05,0.1,66.0,625,65.9,700,65.8,8,,,,,,,,,,,,,,,66.1,826,66.3,500,,,,,,,,,,,,,,,,
2026-06-30T00:01:17.147352+00:00,2026-06-30T10:01:17.144353,3,1,66.05,0.1,66.0,625,65.9,200,65.8,8,,,,,,,,,,,,,,,66.1,826,,,,,,,,,,,,,,,,,,
2026-06-30T00:01:17.157979+00:00,2026-06-30T10:01:17.157465,3,2,66.05,0.1,66.0,625,65.9,700,65.8,8,,,,,,,,,,,,,,,66.1,826,66.3,500,,,,,,,,,,,,,,,,
2026-06-30T00:01:17.234953+00:00,2026-06-30T10:01:17.231952,3,2,66.05,0.1,66.0,625,65.9,500,65.8,8,,,,,,,,,,,,,,,66.1,626,66.3,500,,,,,,,,,,,,,,,,
2026-06-30T00:01:17.246026+00:00,2026-06-30T10:01:17.235944,3,3,66.05,0.1,66.0,825,65.9,500,65.8,8,,,,,,,,,,,,,,,66.1,626,66.2,200,66.3,500,,,,,,,,,,,,,,
2026-06-30T00:01:17.497267+00:00,2026-06-30T10:01:17.495220,3,3,66.05,0.1,66.0,825,65.9,500,65.8,8,,,,,,,,,,,,,,,66.1,1,66.2,200,66.3,500,,,,,,,,,,,,,,
2026-06-30T00:01:17.507845+00:00,2026-06-30T10:01:17.498277,3,3,66.05,0.1,66.0,825,65.9,500,65.8,8,,,,,,,,,,,,,,,66.1,1,66.2,825,66.3,500,,,,,,,,,,,,,,
2026-06-30T00:01:17.768598+00:00,2026-06-30T10:01:17.764037,2,3,66.05,0.1,66.0,825,65.8,8,,,,,,,,,,,,,,,,,66.1,1,66.2,825,66.3,500,,,,,,,,,,,,,,
2026-06-30T00:01:17.779677+00:00,2026-06-30T10:01:17.775608,3,2,66.05,0.1,66.0,825,65.9,500,65.8,8,,,,,,,,,,,,,,,66.1,1,66.2,825,,,,,,,,,,,,,,,,
2026-06-30T00:01:17.790742+00:00,2026-06-30T10:01:17.781677,3,3,66.05,0.1,66.0,825,65.9,500,65.8,8,,,,,,,,,,,,,,,66.1,1,66.2,825,66.3,500,,,,,,,,,,,,,,
2026-06-30T00:01:18.378149+00:00,2026-06-30T10:01:18.377635,3,2,66.05,0.1,66.0,825,65.9,500,65.8,8,,,,,,,,,,,,,,,66.1,1,66.2,825,,,,,,,,,,,,,,,,
2026-06-30T00:01:18.388774+00:00,2026-06-30T10:01:18.383168,3,3,66.05,0.1,66.0,825,65.9,500,65.8,8,,,,,,,,,,,,,,,66.1,1,66.2,825,66.3,500,,,,,,,,,,,,,,
2026-06-30T00:01:18.444106+00:00,2026-06-30T10:01:18.441106,3,3,66.05,0.1,66.0,625,65.9,500,65.8,8,,,,,,,,,,,,,,,66.1,1,66.2,625,66.3,500,,,,,,,,,,,,,,
2026-06-30T00:01:18.455169+00:00,2026-06-30T10:01:18.446107,3,3,66.05,0.1,66.0,625,65.9,700,65.8,8,,,,,,,,,,,,,,,66.1,201,66.2,625,66.3,500,,,,,,,,,,,,,,
2026-06-30T00:01:18.813020+00:00,2026-06-30T10:01:18.810021,2,3,65.95,0.1,65.9,1325,65.8,8,,,,,,,,,,,,,,,,,66.0,625,66.1,201,66.3,500,,,,,,,,,,,,,,
2026-06-30T00:01:18.976384+00:00,2026-06-30T10:01:18.968383,2,3,65.95,0.1,65.9,825,65.8,8,,,,,,,,,,,,,,,,,66.0,625,66.1,201,66.3,500,,,,,,,,,,,,,,
2026-06-30T00:01:18.987433+00:00,2026-06-30T10:01:18.982433,2,2,65.95,0.1,65.9,1325,65.8,8,,,,,,,,,,,,,,,,,66.0,625,66.1,201,,,,,,,,,,,,,,,,
2026-06-30T00:01:18.998032+00:00,2026-06-30T10:01:18.989487,2,3,65.95,0.1,65.9,1325,65.8,8,,,,,,,,,,,,,,,,,66.0,625,66.1,201,66.3,500,,,,,,,,,,,,,,
2026-06-30T00:01:19.575478+00:00,2026-06-30T10:01:19.572477,2,3,65.95,0.1,65.9,825,65.8,8,,,,,,,,,,,,,,,,,66.0,625,66.1,201,66.3,500,,,,,,,,,,,,,,
2026-06-30T00:01:19.586537+00:00,2026-06-30T10:01:19.584544,2,2,65.95,0.1,65.9,1325,65.8,8,,,,,,,,,,,,,,,,,66.0,625,66.1,201,,,,,,,,,,,,,,,,
2026-06-30T00:01:19.597600+00:00,2026-06-30T10:01:19.589600,2,3,65.95,0.1,65.9,1325,65.8,8,,,,,,,,,,,,,,,,,66.0,625,66.1,201,66.3,500,,,,,,,,,,,,,,
2026-06-30T00:01:19.652012+00:00,2026-06-30T10:01:19.651012,2,3,65.95,0.1,65.9,1125,65.8,8,,,,,,,,,,,,,,,,,66.0,625,66.1,1,66.3,500,,,,,,,,,,,,,,
2026-06-30T00:01:19.663075+00:00,2026-06-30T10:01:19.656012,2,3,65.95,0.1,65.9,1125,65.8,208,,,,,,,,,,,,,,,,,66.0,825,66.1,1,66.3,500,,,,,,,,,,,,,,
2026-06-30T00:01:20.128701+00:00,2026-06-30T10:01:20.126132,3,2,66.15,0.1,66.1,424,65.9,500,65.8,208,,,,,,,,,,,,,,,66.2,625,66.3,500,,,,,,,,,,,,,,,,
2026-06-30T00:01:20.184029+00:00,2026-06-30T10:01:20.176966,2,2,66.15,0.1,66.1,424,65.8,208,,,,,,,,,,,,,,,,,66.2,625,66.3,500,,,,,,,,,,,,,,,,
2026-06-30T00:01:20.195090+00:00,2026-06-30T10:01:20.189091,3,1,66.15,0.1,66.1,424,65.9,500,65.8,208,,,,,,,,,,,,,,,66.2,625,,,,,,,,,,,,,,,,,,
2026-06-30T00:01:20.205455+00:00,2026-06-30T10:01:20.196091,3,2,66.15,0.1,66.1,424,65.9,500,65.8,208,,,,,,,,,,,,,,,66.2,625,66.3,500,,,,,,,,,,,,,,,,
2026-06-30T00:01:20.782009+00:00,2026-06-30T10:01:20.777999,2,2,66.15,0.1,66.1,424,65.8,208,,,,,,,,,,,,,,,,,66.2,625,66.3,500,,,,,,,,,,,,,,,,
2026-06-30T00:01:20.793072+00:00,2026-06-30T10:01:20.790072,3,1,66.15,0.1,66.1,424,65.9,500,65.8,208,,,,,,,,,,,,,,,66.2,625,,,,,,,,,,,,,,,,,,
2026-06-30T00:01:20.804134+00:00,2026-06-30T10:01:20.796072,3,2,66.15,0.1,66.1,424,65.9,500,65.8,208,,,,,,,,,,,,,,,66.2,625,66.3,500,,,,,,,,,,,,,,,,
2026-06-30T00:01:20.868610+00:00,2026-06-30T10:01:20.864050,3,2,66.15,0.1,66.1,224,65.9,500,65.8,208,,,,,,,,,,,,,,,66.2,625,66.3,500,,,,,,,,,,,,,,,,
2026-06-30T00:01:21.391117+00:00,2026-06-30T10:01:21.388117,2,1,66.15,0.1,66.1,224,65.8,208,,,,,,,,,,,,,,,,,66.2,625,,,,,,,,,,,,,,,,,,
2026-06-30T00:01:21.402179+00:00,2026-06-30T10:01:21.395117,2,1,66.15,0.1,66.1,224,65.8,708,,,,,,,,,,,,,,,,,66.2,625,,,,,,,,,,,,,,,,,,
2026-06-30T00:01:21.413290+00:00,2026-06-30T10:01:21.402383,2,2,66.15,0.1,66.1,224,65.8,708,,,,,,,,,,,,,,,,,66.2,625,66.3,500,,,,,,,,,,,,,,,,
2026-06-30T00:01:21.435413+00:00,2026-06-30T10:01:21.432413,1,1,66.05,0.5,65.8,708,,,,,,,,,,,,,,,,,,,66.3,500,,,,,,,,,,,,,,,,,,
2026-06-30T00:01:21.446477+00:00,2026-06-30T10:01:21.437466,2,2,65.95,0.1,65.9,625,65.8,708,,,,,,,,,,,,,,,,,66.0,625,66.3,500,,,,,,,,,,,,,,,,
2026-06-30T00:01:21.901130+00:00,2026-06-30T10:01:21.891069,2,2,65.95,0.1,65.9,625,65.8,705,,,,,,,,,,,,,,,,,66.0,625,66.3,500,,,,,,,,,,,,,,,,
2026-06-30T00:01:21.988214+00:00,2026-06-30T10:01:21.983617,2,2,65.95,0.1,65.9,625,65.8,205,,,,,,,,,,,,,,,,,66.0,625,66.3,500,,,,,,,,,,,,,,,,
2026-06-30T00:01:21.998824+00:00,2026-06-30T10:01:21.998310,2,1,65.95,0.1,65.9,625,65.8,705,,,,,,,,,,,,,,,,,66.0,625,,,,,,,,,,,,,,,,,,
2026-06-30T00:01:22.009917+00:00,2026-06-30T10:01:22.006842,2,2,65.95,0.1,65.9,625,65.8,705,,,,,,,,,,,,,,,,,66.0,625,66.3,500,,,,,,,,,,,,,,,,
2026-06-30T00:01:22.076294+00:00,2026-06-30T10:01:22.073294,2,3,65.95,0.1,65.9,825,65.8,505,,,,,,,,,,,,,,,,,66.0,625,66.1,200,66.3,500,,,,,,,,,,,,,,
2026-06-30T00:01:22.597301+00:00,2026-06-30T10:01:22.593301,2,2,65.95,0.1,65.9,825,65.8,5,,,,,,,,,,,,,,,,,66.0,625,66.1,200,,,,,,,,,,,,,,,,
2026-06-30T00:01:22.607928+00:00,2026-06-30T10:01:22.605367,2,3,65.95,0.1,65.9,1325,65.8,5,,,,,,,,,,,,,,,,,66.0,625,66.1,200,66.3,500,,,,,,,,,,,,,,
2026-06-30T00:01:22.748885+00:00,2026-06-30T10:01:22.746325,2,2,66.0,0.2,65.9,1325,65.8,5,,,,,,,,,,,,,,,,,66.1,200,66.3,500,,,,,,,,,,,,,,,,
2026-06-30T00:01:22.759967+00:00,2026-06-30T10:01:22.749043,2,2,66.0,0.2,65.9,1325,65.8,5,,,,,,,,,,,,,,,,,66.1,825,66.3,500,,,,,,,,,,,,,,,,
2026-06-30T00:01:23.196258+00:00,2026-06-30T10:01:23.193258,2,2,66.0,0.2,65.9,825,65.8,5,,,,,,,,,,,,,,,,,66.1,825,66.3,500,,,,,,,,,,,,,,,,
2026-06-30T00:01:23.207331+00:00,2026-06-30T10:01:23.204331,2,1,66.0,0.2,65.9,1325,65.8,5,,,,,,,,,,,,,,,,,66.1,825,,,,,,,,,,,,,,,,,,
2026-06-30T00:01:23.217957+00:00,2026-06-30T10:01:23.213397,2,2,66.0,0.2,65.9,1325,65.8,5,,,,,,,,,,,,,,,,,66.1,825,66.3,500,,,,,,,,,,,,,,,,
2026-06-30T00:01:23.283879+00:00,2026-06-30T10:01:23.280879,2,2,66.0,0.2,65.9,1325,65.8,5,,,,,,,,,,,,,,,,,66.1,825,66.3,500,,,,,,,,,,,,,,,,
