recv_time,book_timestamp,n_bids,n_asks,mid,spread,bid_px_0,bid_vol_0,bid_px_1,bid_vol_1,bid_px_2,bid_vol_2,bid_px_3,bid_vol_3,bid_px_4,bid_vol_4,bid_px_5,bid_vol_5,bid_px_6,bid_vol_6,bid_px_7,bid_vol_7,bid_px_8,bid_vol_8,bid_px_9,bid_vol_9,ask_px_0,ask_vol_0,ask_px_1,ask_vol_1,ask_px_2,ask_vol_2,ask_px_3,ask_vol_3,ask_px_4,ask_vol_4,ask_px_5,ask_vol_5,ask_px_6,ask_vol_6,ask_px_7,ask_vol_7,ask_px_8,ask_vol_8,ask_px_9,ask_vol_9
2026-07-02T18:28:43.528711+00:00,2026-07-02T18:28:43.516128,3,2,125.15,0.1,125.1,369,124.9,202,124.5,500,,,,,,,,,,,,,,,125.2,500,125.3,627,,,,,,,,,,,,,,,,
2026-07-02T18:28:43.805058+00:00,2026-07-02T18:28:43.804008,3,2,125.15,0.1,125.1,364,124.9,202,124.5,500,,,,,,,,,,,,,,,125.2,500,125.3,627,,,,,,,,,,,,,,,,
2026-07-02T18:28:43.825723+00:00,2026-07-02T18:28:43.824552,3,2,125.15,0.1,125.1,342,124.9,202,124.5,500,,,,,,,,,,,,,,,125.2,500,125.3,627,,,,,,,,,,,,,,,,
2026-07-02T18:28:43.846534+00:00,2026-07-02T18:28:43.846419,2,1,125.2,0.2,125.1,342,124.9,202,,,,,,,,,,,,,,,,,125.3,627,,,,,,,,,,,,,,,,,,
2026-07-02T18:28:43.855650+00:00,2026-07-02T18:28:43.855012,3,2,125.15,0.1,125.1,342,124.9,202,124.5,500,,,,,,,,,,,,,,,125.2,500,125.3,627,,,,,,,,,,,,,,,,
2026-07-02T18:28:44.172613+00:00,2026-07-02T18:28:44.172495,2,2,125.05,0.3,124.9,202,124.5,500,,,,,,,,,,,,,,,,,125.2,500,125.3,627,,,,,,,,,,,,,,,,
2026-07-02T18:28:44.177888+00:00,2026-07-02T18:28:44.177836,3,2,125.1,0.2,125.0,625,124.9,202,124.5,500,,,,,,,,,,,,,,,125.2,500,125.3,627,,,,,,,,,,,,,,,,
2026-07-02T18:28:44.463692+00:00,2026-07-02T18:28:44.464274,3,2,125.1,0.2,125.0,625,124.9,202,124.5,500,,,,,,,,,,,,,,,125.2,500,125.3,627,,,,,,,,,,,,,,,,
2026-07-02T18:28:44.495729+00:00,2026-07-02T18:28:44.495663,3,2,125.1,0.2,125.0,625,124.9,2,124.5,500,,,,,,,,,,,,,,,125.2,500,125.3,627,,,,,,,,,,,,,,,,
2026-07-02T18:28:44.500925+00:00,2026-07-02T18:28:44.500839,3,2,125.1,0.2,125.0,825,124.9,2,124.5,500,,,,,,,,,,,,,,,125.2,700,125.3,627,,,,,,,,,,,,,,,,
2026-07-02T18:28:45.064316+00:00,2026-07-02T18:28:45.064150,3,2,125.1,0.2,125.0,825,124.9,2,124.4,500,,,,,,,,,,,,,,,125.2,200,125.3,627,,,,,,,,,,,,,,,,
2026-07-02T18:28:45.069727+00:00,2026-07-02T18:28:45.069495,3,3,125.05,0.1,125.0,825,124.9,2,124.4,500,,,,,,,,,,,,,,,125.1,500,125.2,200,125.3,627,,,,,,,,,,,,,,
2026-07-02T18:28:45.299909+00:00,2026-07-02T18:28:45.299764,2,3,125.05,0.1,125.0,825,124.4,500,,,,,,,,,,,,,,,,,125.1,500,125.2,200,125.3,625,,,,,,,,,,,,,,
2026-07-02T18:28:45.481439+00:00,2026-07-02T18:28:45.481359,2,3,125.05,0.1,125.0,200,124.4,500,,,,,,,,,,,,,,,,,125.1,500,125.2,200,125.3,625,,,,,,,,,,,,,,
2026-07-02T18:28:45.486806+00:00,2026-07-02T18:28:45.486713,2,2,125.05,0.1,125.0,825,124.4,500,,,,,,,,,,,,,,,,,125.1,500,125.2,200,,,,,,,,,,,,,,,,
2026-07-02T18:28:45.492013+00:00,2026-07-02T18:28:45.491910,2,3,125.05,0.1,125.0,825,124.4,500,,,,,,,,,,,,,,,,,125.1,500,125.2,200,125.3,625,,,,,,,,,,,,,,
2026-07-02T18:28:45.664259+00:00,2026-07-02T18:28:45.664095,1,2,125.1,0.2,125.0,825,,,,,,,,,,,,,,,,,,,125.2,200,125.3,625,,,,,,,,,,,,,,,,
2026-07-02T18:28:45.669665+00:00,2026-07-02T18:28:45.669455,2,2,125.1,0.2,125.0,825,124.4,500,,,,,,,,,,,,,,,,,125.2,200,125.3,625,,,,,,,,,,,,,,,,
2026-07-02T18:28:45.680070+00:00,2026-07-02T18:28:45.679962,2,3,125.05,0.1,125.0,825,124.4,500,,,,,,,,,,,,,,,,,125.1,500,125.2,200,125.3,625,,,,,,,,,,,,,,
2026-07-02T18:28:45.699623+00:00,2026-07-02T18:28:45.696270,2,3,125.05,0.1,125.0,625,124.4,500,,,,,,,,,,,,,,,,,125.1,500,125.2,200,125.3,625,,,,,,,,,,,,,,
2026-07-02T18:28:45.711601+00:00,2026-07-02T18:28:45.711396,2,2,125.05,0.1,125.0,625,124.4,500,,,,,,,,,,,,,,,,,125.1,500,125.3,625,,,,,,,,,,,,,,,,
2026-07-02T18:28:45.716539+00:00,2026-07-02T18:28:45.716676,2,3,125.05,0.1,125.0,825,124.4,500,,,,,,,,,,,,,,,,,125.1,500,125.2,200,125.3,625,,,,,,,,,,,,,,
2026-07-02T18:28:46.264148+00:00,2026-07-02T18:28:46.264059,2,2,125.1,0.2,125.0,825,124.4,500,,,,,,,,,,,,,,,,,125.2,200,125.3,625,,,,,,,,,,,,,,,,
2026-07-02T18:28:46.269530+00:00,2026-07-02T18:28:46.269357,2,3,125.05,0.1,125.0,825,124.4,500,,,,,,,,,,,,,,,,,125.1,500,125.2,200,125.3,625,,,,,,,,,,,,,,
2026-07-02T18:28:46.790412+00:00,2026-07-02T18:28:46.790309,2,2,125.05,0.1,125.0,200,124.4,500,,,,,,,,,,,,,,,,,125.1,500,125.2,200,,,,,,,,,,,,,,,,
2026-07-02T18:28:46.795684+00:00,2026-07-02T18:28:46.795901,3,2,125.05,0.1,125.0,200,124.9,625,124.4,500,,,,,,,,,,,,,,,125.1,500,125.2,825,,,,,,,,,,,,,,,,
2026-07-02T18:28:46.864220+00:00,2026-07-02T18:28:46.863970,2,1,125.1,0.2,125.0,200,124.9,625,,,,,,,,,,,,,,,,,125.2,825,,,,,,,,,,,,,,,,,,
2026-07-02T18:28:46.869360+00:00,2026-07-02T18:28:46.869224,3,1,125.1,0.2,125.0,200,124.9,625,124.4,500,,,,,,,,,,,,,,,125.2,825,,,,,,,,,,,,,,,,,,
2026-07-02T18:28:46.874759+00:00,2026-07-02T18:28:46.874499,3,2,125.05,0.1,125.0,200,124.9,625,124.4,500,,,,,,,,,,,,,,,125.1,500,125.2,825,,,,,,,,,,,,,,,,
2026-07-02T18:28:46.922071+00:00,2026-07-02T18:28:46.921980,2,2,125.0,0.2,124.9,625,124.4,500,,,,,,,,,,,,,,,,,125.1,500,125.2,625,,,,,,,,,,,,,,,,
2026-07-02T18:28:46.958602+00:00,2026-07-02T18:28:46.944125,3,2,125.05,0.1,125.0,200,124.9,625,124.4,500,,,,,,,,,,,,,,,125.1,480,125.2,825,,,,,,,,,,,,,,,,
2026-07-02T18:28:47.278264+00:00,2026-07-02T18:28:47.276964,3,2,125.05,0.1,125.0,189,124.9,625,124.4,500,,,,,,,,,,,,,,,125.1,480,125.2,825,,,,,,,,,,,,,,,,
2026-07-02T18:28:47.458555+00:00,2026-07-02T18:28:47.455550,2,1,125.1,0.2,125.0,189,124.9,625,,,,,,,,,,,,,,,,,125.2,825,,,,,,,,,,,,,,,,,,
2026-07-02T18:28:47.469109+00:00,2026-07-02T18:28:47.468919,3,1,125.1,0.2,125.0,189,124.9,625,124.4,500,,,,,,,,,,,,,,,125.2,825,,,,,,,,,,,,,,,,,,
2026-07-02T18:28:47.479493+00:00,2026-07-02T18:28:47.479351,3,2,125.05,0.1,125.0,189,124.9,625,124.4,500,,,,,,,,,,,,,,,125.1,500,125.2,825,,,,,,,,,,,,,,,,
2026-07-02T18:28:48.063862+00:00,2026-07-02T18:28:48.063717,2,2,125.05,0.1,125.0,189,124.9,625,,,,,,,,,,,,,,,,,125.1,500,125.2,825,,,,,,,,,,,,,,,,
2026-07-02T18:28:48.069087+00:00,2026-07-02T18:28:48.068982,2,1,125.1,0.2,125.0,189,124.9,625,,,,,,,,,,,,,,,,,125.2,825,,,,,,,,,,,,,,,,,,
2026-07-02T18:28:48.074364+00:00,2026-07-02T18:28:48.074249,3,1,125.1,0.2,125.0,189,124.9,625,124.3,500,,,,,,,,,,,,,,,125.2,825,,,,,,,,,,,,,,,,,,
2026-07-02T18:28:48.084874+00:00,2026-07-02T18:28:48.084646,3,2,125.05,0.1,125.0,189,124.9,625,124.3,500,,,,,,,,,,,,,,,125.1,500,125.2,825,,,,,,,,,,,,,,,,
2026-07-02T18:28:48.103991+00:00,2026-07-02T18:28:48.104156,2,2,125.05,0.1,125.0,189,124.3,500,,,,,,,,,,,,,,,,,125.1,500,125.2,200,,,,,,,,,,,,,,,,
2026-07-02T18:28:48.109511+00:00,2026-07-02T18:28:48.109396,3,2,125.05,0.1,125.0,189,124.9,625,124.3,500,,,,,,,,,,,,,,,125.1,500,125.2,825,,,,,,,,,,,,,,,,
2026-07-02T18:28:48.158603+00:00,2026-07-02T18:28:48.134405,2,2,125.0,0.2,124.9,825,124.3,500,,,,,,,,,,,,,,,,,125.1,700,125.2,625,,,,,,,,,,,,,,,,
2026-07-02T18:28:48.664171+00:00,2026-07-02T18:28:48.664048,1,2,125.0,0.2,124.9,825,,,,,,,,,,,,,,,,,,,125.1,700,125.2,625,,,,,,,,,,,,,,,,
2026-07-02T18:28:48.669491+00:00,2026-07-02T18:28:48.669345,1,2,125.0,0.2,124.9,825,,,,,,,,,,,,,,,,,,,125.1,200,125.2,625,,,,,,,,,,,,,,,,
2026-07-02T18:28:48.674647+00:00,2026-07-02T18:28:48.674600,2,2,125.0,0.2,124.9,825,124.4,500,,,,,,,,,,,,,,,,,125.1,200,125.2,625,,,,,,,,,,,,,,,,
2026-07-02T18:28:48.685172+00:00,2026-07-02T18:28:48.685018,2,2,125.0,0.2,124.9,825,124.4,500,,,,,,,,,,,,,,,,,125.1,700,125.2,625,,,,,,,,,,,,,,,,
2026-07-02T18:28:49.290400+00:00,2026-07-02T18:28:49.290151,1,2,125.0,0.2,124.9,825,,,,,,,,,,,,,,,,,,,125.1,700,125.2,625,,,,,,,,,,,,,,,,
2026-07-02T18:28:49.295618+00:00,2026-07-02T18:28:49.295403,1,2,125.0,0.2,124.9,825,,,,,,,,,,,,,,,,,,,125.1,200,125.2,625,,,,,,,,,,,,,,,,
2026-07-02T18:28:49.300553+00:00,2026-07-02T18:28:49.300653,2,2,125.0,0.2,124.9,825,124.3,500,,,,,,,,,,,,,,,,,125.1,200,125.2,625,,,,,,,,,,,,,,,,
2026-07-02T18:28:49.306010+00:00,2026-07-02T18:28:49.305926,2,3,124.95,0.1,124.9,825,124.3,500,,,,,,,,,,,,,,,,,125.0,500,125.1,200,125.2,625,,,,,,,,,,,,,,
2026-07-02T18:28:49.358606+00:00,2026-07-02T18:28:49.343831,3,2,124.95,0.1,124.9,625,124.8,200,124.3,500,,,,,,,,,,,,,,,125.0,700,125.2,625,,,,,,,,,,,,,,,,
2026-07-02T18:28:49.415571+00:00,2026-07-02T18:28:49.415513,2,1,124.9,0.2,124.8,200,124.3,500,,,,,,,,,,,,,,,,,125.0,700,,,,,,,,,,,,,,,,,,
2026-07-02T18:28:49.420803+00:00,2026-07-02T18:28:49.420740,3,1,124.9,0.2,124.8,200,124.7,625,124.3,500,,,,,,,,,,,,,,,125.0,1325,,,,,,,,,,,,,,,,,,
2026-07-02T18:28:49.817285+00:00,2026-07-02T18:28:49.817197,3,1,124.9,0.2,124.8,180,124.7,625,124.3,500,,,,,,,,,,,,,,,125.0,1325,,,,,,,,,,,,,,,,,,
2026-07-02T18:28:49.891146+00:00,2026-07-02T18:28:49.891074,2,1,124.9,0.2,124.8,180,124.7,625,,,,,,,,,,,,,,,,,125.0,1325,,,,,,,,,,,,,,,,,,
2026-07-02T18:28:49.896393+00:00,2026-07-02T18:28:49.896333,2,1,124.9,0.2,124.8,180,124.7,625,,,,,,,,,,,,,,,,,125.0,825,,,,,,,,,,,,,,,,,,
2026-07-02T18:28:49.906880+00:00,2026-07-02T18:28:49.906716,3,1,124.9,0.2,124.8,180,124.7,625,124.3,500,,,,,,,,,,,,,,,125.0,825,,,,,,,,,,,,,,,,,,
2026-07-02T18:28:49.912091+00:00,2026-07-02T18:28:49.912002,3,2,124.9,0.2,124.8,180,124.7,625,124.3,500,,,,,,,,,,,,,,,125.0,825,125.1,500,,,,,,,,,,,,,,,,
2026-07-02T18:28:50.474717+00:00,2026-07-02T18:28:50.473415,3,2,124.9,0.2,124.8,168,124.7,625,124.3,500,,,,,,,,,,,,,,,125.0,825,125.1,500,,,,,,,,,,,,,,,,
2026-07-02T18:28:50.496254+00:00,2026-07-02T18:28:50.502207,3,1,124.9,0.2,124.8,168,124.7,625,124.4,500,,,,,,,,,,,,,,,125.0,825,,,,,,,,,,,,,,,,,,
2026-07-02T18:28:50.753347+00:00,2026-07-02T18:28:50.726578,3,3,124.65,0.1,124.6,200,124.5,625,124.4,500,,,,,,,,,,,,,,,124.7,625,124.8,200,125.1,500,,,,,,,,,,,,,,
2026-07-02T18:28:51.100806+00:00,2026-07-02T18:28:51.100614,2,3,124.65,0.1,124.6,200,124.5,625,,,,,,,,,,,,,,,,,124.7,625,124.8,200,125.1,500,,,,,,,,,,,,,,
2026-07-02T18:28:51.106043+00:00,2026-07-02T18:28:51.105899,2,2,124.65,0.1,124.6,200,124.5,625,,,,,,,,,,,,,,,,,124.7,625,124.8,200,,,,,,,,,,,,,,,,
2026-07-02T18:28:51.116500+00:00,2026-07-02T18:28:51.116349,3,2,124.65,0.1,124.6,200,124.5,625,124.4,500,,,,,,,,,,,,,,,124.7,625,124.8,200,,,,,,,,,,,,,,,,
2026-07-02T18:28:51.121694+00:00,2026-07-02T18:28:51.121623,3,3,124.65,0.1,124.6,200,124.5,625,124.4,500,,,,,,,,,,,,,,,124.7,625,124.8,200,125.1,500,,,,,,,,,,,,,,
2026-07-02T18:28:51.700989+00:00,2026-07-02T18:28:51.700885,2,3,124.65,0.1,124.6,200,124.5,625,,,,,,,,,,,,,,,,,124.7,625,124.8,200,125.1,500,,,,,,,,,,,,,,
2026-07-02T18:28:51.706279+00:00,2026-07-02T18:28:51.706147,2,2,124.65,0.1,124.6,200,124.5,625,,,,,,,,,,,,,,,,,124.7,625,124.8,200,,,,,,,,,,,,,,,,
2026-07-02T18:28:51.711456+00:00,2026-07-02T18:28:51.711412,2,2,124.65,0.1,124.6,200,124.5,1125,,,,,,,,,,,,,,,,,124.7,625,124.8,200,,,,,,,,,,,,,,,,
2026-07-02T18:28:51.716740+00:00,2026-07-02T18:28:51.716672,2,3,124.65,0.1,124.6,200,124.5,1125,,,,,,,,,,,,,,,,,124.7,625,124.8,200,125.2,500,,,,,,,,,,,,,,
2026-07-02T18:28:51.769213+00:00,2026-07-02T18:28:51.769108,1,2,124.6,0.2,124.5,1125,,,,,,,,,,,,,,,,,,,124.7,625,125.2,500,,,,,,,,,,,,,,,,
2026-07-02T18:28:51.783194+00:00,2026-07-02T18:28:51.781984,2,3,124.55,0.1,124.5,1125,124.4,200,,,,,,,,,,,,,,,,,124.6,197,124.7,625,125.2,500,,,,,,,,,,,,,,
2026-07-02T18:28:52.035690+00:00,2026-07-02T18:28:52.035636,2,3,124.55,0.1,124.5,500,124.4,200,,,,,,,,,,,,,,,,,124.6,197,124.7,625,125.2,500,,,,,,,,,,,,,,
2026-07-02T18:28:52.058873+00:00,2026-07-02T18:28:52.058771,2,2,124.55,0.1,124.5,500,124.4,200,,,,,,,,,,,,,,,,,124.6,197,125.2,500,,,,,,,,,,,,,,,,
2026-07-02T18:28:52.064433+00:00,2026-07-02T18:28:52.064131,3,2,124.7,0.2,124.6,428,124.5,500,124.4,200,,,,,,,,,,,,,,,124.8,625,125.2,500,,,,,,,,,,,,,,,,
2026-07-02T18:28:52.304817+00:00,2026-07-02T18:28:52.304605,2,2,124.7,0.2,124.6,428,124.4,200,,,,,,,,,,,,,,,,,124.8,625,125.2,500,,,,,,,,,,,,,,,,
2026-07-02T18:28:52.310085+00:00,2026-07-02T18:28:52.309879,2,1,124.7,0.2,124.6,428,124.4,200,,,,,,,,,,,,,,,,,124.8,625,,,,,,,,,,,,,,,,,,
2026-07-02T18:28:52.315249+00:00,2026-07-02T18:28:52.315138,2,1,124.7,0.2,124.6,428,124.4,700,,,,,,,,,,,,,,,,,124.8,625,,,,,,,,,,,,,,,,,,
2026-07-02T18:28:52.320460+00:00,2026-07-02T18:28:52.320406,2,2,124.7,0.2,124.6,428,124.4,700,,,,,,,,,,,,,,,,,124.8,625,125.1,500,,,,,,,,,,,,,,,,
2026-07-02T18:28:52.325856+00:00,2026-07-02T18:28:52.325652,3,2,124.75,0.1,124.7,8,124.6,428,124.4,700,,,,,,,,,,,,,,,124.8,625,125.1,500,,,,,,,,,,,,,,,,
2026-07-02T18:28:52.340190+00:00,2026-07-02T18:28:52.330875,3,3,124.75,0.1,124.7,8,124.6,428,124.4,700,,,,,,,,,,,,,,,124.8,625,125.0,5,125.1,500,,,,,,,,,,,,,,
2026-07-02T18:28:52.406228+00:00,2026-07-02T18:28:52.406133,3,3,124.75,0.1,124.7,7,124.6,428,124.4,700,,,,,,,,,,,,,,,124.8,625,125.0,5,125.1,500,,,,,,,,,,,,,,
2026-07-02T18:28:52.907698+00:00,2026-07-02T18:28:52.907542,3,3,124.75,0.1,124.7,7,124.6,428,124.4,200,,,,,,,,,,,,,,,124.8,625,125.0,5,125.1,500,,,,,,,,,,,,,,
2026-07-02T18:28:52.912983+00:00,2026-07-02T18:28:52.912841,3,2,124.75,0.1,124.7,7,124.6,428,124.4,200,,,,,,,,,,,,,,,124.8,625,125.0,5,,,,,,,,,,,,,,,,
2026-07-02T18:28:52.918191+00:00,2026-07-02T18:28:52.918108,3,2,124.75,0.1,124.7,7,124.6,428,124.4,700,,,,,,,,,,,,,,,124.8,625,125.0,5,,,,,,,,,,,,,,,,
2026-07-02T18:28:52.928702+00:00,2026-07-02T18:28:52.928583,3,3,124.75,0.1,124.7,7,124.6,428,124.4,700,,,,,,,,,,,,,,,124.8,625,125.0,5,125.1,500,,,,,,,,,,,,,,
2026-07-02T18:28:52.933951+00:00,2026-07-02T18:28:52.933832,2,3,124.7,0.2,124.6,428,124.4,700,,,,,,,,,,,,,,,,,124.8,625,125.0,5,125.1,500,,,,,,,,,,,,,,
2026-07-02T18:28:52.980903+00:00,2026-07-02T18:28:52.980831,3,3,124.7,0.2,124.6,428,124.5,200,124.4,500,,,,,,,,,,,,,,,124.8,625,125.0,5,125.1,500,,,,,,,,,,,,,,
2026-07-02T18:28:52.986123+00:00,2026-07-02T18:28:52.986021,3,4,124.65,0.1,124.6,428,124.5,200,124.4,500,,,,,,,,,,,,,,,124.7,200,124.8,625,125.0,5,125.1,500,,,,,,,,,,,,
2026-07-02T18:28:53.324138+00:00,2026-07-02T18:28:53.323098,3,4,124.65,0.1,124.6,425,124.5,200,124.4,500,,,,,,,,,,,,,,,124.7,200,124.8,625,125.0,5,125.1,500,,,,,,,,,,,,
2026-07-02T18:28:53.358606+00:00,2026-07-02T18:28:53.348936,2,4,124.6,0.2,124.5,825,124.4,500,,,,,,,,,,,,,,,,,124.7,200,124.8,625,125.0,5,125.1,500,,,,,,,,,,,,
2026-07-02T18:28:53.511064+00:00,2026-07-02T18:28:53.510963,1,4,124.6,0.2,124.5,825,,,,,,,,,,,,,,,,,,,124.7,200,124.8,625,125.0,5,125.1,500,,,,,,,,,,,,
2026-07-02T18:28:53.516371+00:00,2026-07-02T18:28:53.516254,1,3,124.6,0.2,124.5,825,,,,,,,,,,,,,,,,,,,124.7,200,124.8,625,125.0,5,,,,,,,,,,,,,,
2026-07-02T18:28:53.526790+00:00,2026-07-02T18:28:53.526675,2,3,124.6,0.2,124.5,825,124.4,500,,,,,,,,,,,,,,,,,124.7,200,124.8,625,125.0,5,,,,,,,,,,,,,,
2026-07-02T18:28:53.531992+00:00,2026-07-02T18:28:53.531933,2,4,124.6,0.2,124.5,825,124.4,500,,,,,,,,,,,,,,,,,124.7,200,124.8,625,125.0,5,125.1,500,,,,,,,,,,,,
2026-07-02T18:28:54.112358+00:00,2026-07-02T18:28:54.112169,1,4,124.6,0.2,124.5,825,,,,,,,,,,,,,,,,,,,124.7,200,124.8,625,125.0,5,125.1,500,,,,,,,,,,,,
2026-07-02T18:28:54.117606+00:00,2026-07-02T18:28:54.117504,1,3,124.6,0.2,124.5,825,,,,,,,,,,,,,,,,,,,124.7,200,124.8,625,125.0,5,,,,,,,,,,,,,,
2026-07-02T18:28:54.122864+00:00,2026-07-02T18:28:54.122799,2,3,124.6,0.2,124.5,825,124.4,500,,,,,,,,,,,,,,,,,124.7,200,124.8,625,125.0,5,,,,,,,,,,,,,,
2026-07-02T18:28:54.128314+00:00,2026-07-02T18:28:54.128155,2,4,124.6,0.2,124.5,825,124.4,500,,,,,,,,,,,,,,,,,124.7,200,124.8,625,125.0,5,125.1,500,,,,,,,,,,,,
2026-07-02T18:28:54.188462+00:00,2026-07-02T18:28:54.188433,2,3,124.65,0.3,124.5,625,124.4,500,,,,,,,,,,,,,,,,,124.8,625,125.0,5,125.1,500,,,,,,,,,,,,,,
2026-07-02T18:28:54.193761+00:00,2026-07-02T18:28:54.193619,3,3,124.7,0.2,124.6,200,124.5,625,124.4,500,,,,,,,,,,,,,,,124.8,625,125.0,5,125.1,500,,,,,,,,,,,,,,
2026-07-02T18:28:54.198926+00:00,2026-07-02T18:28:54.198800,3,3,124.7,0.2,124.6,200,124.5,625,124.4,500,,,,,,,,,,,,,,,124.8,825,125.0,5,125.1,500,,,,,,,,,,,,,,
2026-07-02T18:28:54.517941+00:00,2026-07-02T18:28:54.518149,3,3,124.7,0.2,124.6,205,124.5,625,124.4,500,,,,,,,,,,,,,,,124.8,825,125.0,5,125.1,500,,,,,,,,,,,,,,
2026-07-02T18:28:54.664009+00:00,2026-07-02T18:28:54.663966,2,3,124.7,0.2,124.6,205,124.4,1125,,,,,,,,,,,,,,,,,124.8,200,125.0,5,125.1,500,,,,,,,,,,,,,,
2026-07-02T18:28:54.669393+00:00,2026-07-02T18:28:54.669252,1,4,124.5,0.2,124.4,1125,,,,,,,,,,,,,,,,,,,124.6,420,124.8,200,125.0,5,125.1,500,,,,,,,,,,,,
2026-07-02T18:28:54.714813+00:00,2026-07-02T18:28:54.714673,1,4,124.5,0.2,124.4,625,,,,,,,,,,,,,,,,,,,124.6,420,124.8,200,125.0,5,125.1,500,,,,,,,,,,,,
2026-07-02T18:28:54.720087+00:00,2026-07-02T18:28:54.719970,1,3,124.5,0.2,124.4,625,,,,,,,,,,,,,,,,,,,124.6,420,124.8,200,125.0,5,,,,,,,,,,,,,,
2026-07-02T18:28:54.725292+00:00,2026-07-02T18:28:54.725222,2,3,124.55,0.1,124.5,500,124.4,625,,,,,,,,,,,,,,,,,124.6,420,124.8,200,125.0,5,,,,,,,,,,,,,,
2026-07-02T18:28:54.730530+00:00,2026-07-02T18:28:54.730488,2,4,124.55,0.1,124.5,500,124.4,625,,,,,,,,,,,,,,,,,124.6,420,124.8,200,125.0,5,125.2,500,,,,,,,,,,,,
2026-07-02T18:28:55.358880+00:00,2026-07-02T18:28:55.358708,2,4,124.55,0.1,124.5,504,124.4,625,,,,,,,,,,,,,,,,,124.6,420,124.8,200,125.0,5,125.2,500,,,,,,,,,,,,
2026-07-02T18:28:55.364502+00:00,2026-07-02T18:28:55.364443,2,4,124.55,0.1,124.5,4,124.4,1125,,,,,,,,,,,,,,,,,124.6,420,124.8,200,125.0,5,125.1,500,,,,,,,,,,,,
2026-07-02T18:28:55.459323+00:00,2026-07-02T18:28:55.459002,2,4,124.55,0.1,124.5,4,124.4,1125,,,,,,,,,,,,,,,,,124.6,220,124.9,200,125.0,5,125.1,500,,,,,,,,,,,,
2026-07-02T18:28:55.964291+00:00,2026-07-02T18:28:55.964070,2,3,124.55,0.1,124.5,4,124.4,1125,,,,,,,,,,,,,,,,,124.6,220,124.9,200,125.0,5,,,,,,,,,,,,,,
2026-07-02T18:28:55.969533+00:00,2026-07-02T18:28:55.969353,2,4,124.55,0.1,124.5,4,124.4,1125,,,,,,,,,,,,,,,,,124.6,220,124.9,200,125.0,5,125.1,500,,,,,,,,,,,,
2026-07-02T18:28:55.985164+00:00,2026-07-02T18:28:55.985136,2,3,124.7,0.4,124.5,4,124.4,500,,,,,,,,,,,,,,,,,124.9,200,125.0,5,125.1,500,,,,,,,,,,,,,,
2026-07-02T18:28:55.990446+00:00,2026-07-02T18:28:55.990333,3,3,124.75,0.3,124.6,625,124.5,4,124.4,500,,,,,,,,,,,,,,,124.9,200,125.0,5,125.1,500,,,,,,,,,,,,,,
2026-07-02T18:28:55.995661+00:00,2026-07-02T18:28:55.995521,3,4,124.7,0.2,124.6,625,124.5,4,124.4,500,,,,,,,,,,,,,,,124.8,625,124.9,200,125.0,5,125.1,500,,,,,,,,,,,,
2026-07-02T18:28:56.196099+00:00,2026-07-02T18:28:56.195983,3,4,124.7,0.2,124.6,625,124.5,2,124.4,500,,,,,,,,,,,,,,,124.8,625,124.9,200,125.0,5,125.1,500,,,,,,,,,,,,
2026-07-02T18:28:56.564270+00:00,2026-07-02T18:28:56.564025,3,3,124.7,0.2,124.6,625,124.5,2,124.3,500,,,,,,,,,,,,,,,124.8,625,124.9,200,125.0,5,,,,,,,,,,,,,,
2026-07-02T18:28:56.569497+00:00,2026-07-02T18:28:56.569327,3,4,124.7,0.2,124.6,625,124.5,2,124.3,500,,,,,,,,,,,,,,,124.8,625,124.9,200,125.0,5,125.1,500,,,,,,,,,,,,
2026-07-02T18:28:56.606069+00:00,2026-07-02T18:28:56.605984,3,3,124.7,0.2,124.6,625,124.5,2,124.3,500,,,,,,,,,,,,,,,124.8,625,125.0,5,125.1,500,,,,,,,,,,,,,,
2026-07-02T18:28:56.611069+00:00,2026-07-02T18:28:56.611185,3,3,124.7,0.2,124.6,625,124.5,202,124.3,500,,,,,,,,,,,,,,,124.8,625,125.0,5,125.1,500,,,,,,,,,,,,,,
2026-07-02T18:28:56.616563+00:00,2026-07-02T18:28:56.616383,3,4,124.65,0.1,124.6,625,124.5,202,124.3,500,,,,,,,,,,,,,,,124.7,200,124.8,625,125.0,5,125.1,500,,,,,,,,,,,,
2026-07-02T18:28:57.164171+00:00,2026-07-02T18:28:57.164015,2,3,124.65,0.1,124.6,625,124.5,202,,,,,,,,,,,,,,,,,124.7,200,124.8,625,125.0,5,,,,,,,,,,,,,,
2026-07-02T18:28:57.169416+00:00,2026-07-02T18:28:57.169268,3,3,124.65,0.1,124.6,625,124.5,202,124.3,500,,,,,,,,,,,,,,,124.7,200,124.8,625,125.0,5,,,,,,,,,,,,,,
2026-07-02T18:28:57.174646+00:00,2026-07-02T18:28:57.174529,3,3,124.65,0.1,124.6,625,124.5,202,124.3,500,,,,,,,,,,,,,,,124.7,200,124.8,625,125.0,505,,,,,,,,,,,,,,
2026-07-02T18:28:57.297919+00:00,2026-07-02T18:28:57.297838,2,3,124.6,0.2,124.5,202,124.3,500,,,,,,,,,,,,,,,,,124.7,200,124.8,625,125.0,505,,,,,,,,,,,,,,
2026-07-02T18:28:57.303213+00:00,2026-07-02T18:28:57.303177,3,2,124.65,0.1,124.6,625,124.5,202,124.3,500,,,,,,,,,,,,,,,124.7,200,125.0,505,,,,,,,,,,,,,,,,
2026-07-02T18:28:57.308566+00:00,2026-07-02T18:28:57.308405,3,3,124.65,0.1,124.6,625,124.5,202,124.3,500,,,,,,,,,,,,,,,124.7,200,124.8,625,125.0,505,,,,,,,,,,,,,,
2026-07-02T18:28:57.764111+00:00,2026-07-02T18:28:57.763986,2,3,124.65,0.1,124.6,625,124.5,202,,,,,,,,,,,,,,,,,124.7,200,124.8,625,125.0,5,,,,,,,,,,,,,,
2026-07-02T18:28:57.769353+00:00,2026-07-02T18:28:57.769250,3,3,124.65,0.1,124.6,625,124.5,202,124.3,500,,,,,,,,,,,,,,,124.7,200,124.8,625,125.0,5,,,,,,,,,,,,,,
2026-07-02T18:28:57.774593+00:00,2026-07-02T18:28:57.774518,3,3,124.65,0.1,124.6,625,124.5,202,124.3,500,,,,,,,,,,,,,,,124.7,200,124.8,625,125.0,505,,,,,,,,,,,,,,
2026-07-02T18:28:57.818890+00:00,2026-07-02T18:28:57.818786,3,2,124.7,0.2,124.6,825,124.5,2,124.3,500,,,,,,,,,,,,,,,124.8,625,125.0,505,,,,,,,,,,,,,,,,
2026-07-02T18:28:57.824128+00:00,2026-07-02T18:28:57.823982,3,2,124.7,0.2,124.6,825,124.5,2,124.3,500,,,,,,,,,,,,,,,124.8,825,125.0,505,,,,,,,,,,,,,,,,
2026-07-02T18:28:58.263988+00:00,2026-07-02T18:28:58.263815,3,2,124.7,0.2,124.6,825,124.5,1,124.3,500,,,,,,,,,,,,,,,124.8,825,125.0,505,,,,,,,,,,,,,,,,
2026-07-02T18:28:58.364083+00:00,2026-07-02T18:28:58.363992,2,2,124.7,0.2,124.6,825,124.5,1,,,,,,,,,,,,,,,,,124.8,825,125.0,5,,,,,,,,,,,,,,,,
2026-07-02T18:28:58.369417+00:00,2026-07-02T18:28:58.369265,3,2,124.7,0.2,124.6,825,124.5,1,124.3,500,,,,,,,,,,,,,,,124.8,825,125.0,5,,,,,,,,,,,,,,,,
2026-07-02T18:28:58.374650+00:00,2026-07-02T18:28:58.374534,3,2,124.7,0.2,124.6,825,124.5,1,124.3,500,,,,,,,,,,,,,,,124.8,825,125.0,505,,,,,,,,,,,,,,,,
2026-07-02T18:28:58.616063+00:00,2026-07-02T18:28:58.616016,3,2,124.7,0.2,124.6,200,124.5,1,124.3,500,,,,,,,,,,,,,,,124.8,825,125.0,505,,,,,,,,,,,,,,,,
2026-07-02T18:28:58.621363+00:00,2026-07-02T18:28:58.621249,3,2,124.7,0.2,124.6,825,124.5,1,124.3,500,,,,,,,,,,,,,,,124.8,200,125.0,505,,,,,,,,,,,,,,,,
2026-07-02T18:28:58.626354+00:00,2026-07-02T18:28:58.626439,3,3,124.7,0.2,124.6,825,124.5,1,124.3,500,,,,,,,,,,,,,,,124.8,200,124.9,625,125.0,505,,,,,,,,,,,,,,
2026-07-02T18:28:58.964008+00:00,2026-07-02T18:28:58.963870,2,3,124.7,0.2,124.6,825,124.5,1,,,,,,,,,,,,,,,,,124.8,200,124.9,625,125.0,505,,,,,,,,,,,,,,
2026-07-02T18:28:58.969234+00:00,2026-07-02T18:28:58.969146,2,3,124.7,0.2,124.6,825,124.5,1,,,,,,,,,,,,,,,,,124.8,200,124.9,625,125.0,5,,,,,,,,,,,,,,
2026-07-02T18:28:58.979720+00:00,2026-07-02T18:28:58.979557,3,3,124.7,0.2,124.6,825,124.5,1,124.4,500,,,,,,,,,,,,,,,124.8,200,124.9,625,125.0,5,,,,,,,,,,,,,,
2026-07-02T18:28:58.985000+00:00,2026-07-02T18:28:58.984836,3,4,124.7,0.2,124.6,825,124.5,1,124.4,500,,,,,,,,,,,,,,,124.8,200,124.9,625,125.0,5,125.1,500,,,,,,,,,,,,
2026-07-02T18:28:59.058769+00:00,2026-07-02T18:28:59.027833,3,3,124.75,0.3,124.6,425,124.5,1,124.4,700,,,,,,,,,,,,,,,124.9,625,125.0,5,125.1,500,,,,,,,,,,,,,,
2026-07-02T18:28:59.563915+00:00,2026-07-02T18:28:59.563799,3,3,124.75,0.3,124.6,425,124.5,1,124.4,200,,,,,,,,,,,,,,,124.9,625,125.0,5,125.1,500,,,,,,,,,,,,,,
2026-07-02T18:28:59.574312+00:00,2026-07-02T18:28:59.574185,3,2,124.75,0.3,124.6,425,124.5,1,124.4,200,,,,,,,,,,,,,,,124.9,625,125.0,5,,,,,,,,,,,,,,,,
2026-07-02T18:28:59.579631+00:00,2026-07-02T18:28:59.579430,4,2,124.75,0.3,124.6,425,124.5,1,124.4,200,124.2,500,,,,,,,,,,,,,124.9,625,125.0,5,,,,,,,,,,,,,,,,
2026-07-02T18:28:59.584854+00:00,2026-07-02T18:28:59.584696,4,2,124.75,0.3,124.6,425,124.5,1,124.4,200,124.2,500,,,,,,,,,,,,,124.9,625,125.0,505,,,,,,,,,,,,,,,,
2026-07-02T18:28:59.931250+00:00,2026-07-02T18:28:59.931143,3,1,124.75,0.5,124.5,1,124.4,200,124.2,500,,,,,,,,,,,,,,,125.0,505,,,,,,,,,,,,,,,,,,
2026-07-02T18:28:59.958603+00:00,2026-07-02T18:28:59.936375,4,2,124.7,0.2,124.6,625,124.5,1,124.4,200,124.2,500,,,,,,,,,,,,,124.8,625,125.0,505,,,,,,,,,,,,,,,,
2026-07-02T18:29:00.168439+00:00,2026-07-02T18:29:00.168300,3,2,124.7,0.2,124.6,625,124.5,1,124.4,200,,,,,,,,,,,,,,,124.8,625,125.0,505,,,,,,,,,,,,,,,,
2026-07-02T18:29:00.173618+00:00,2026-07-02T18:29:00.173571,3,2,124.7,0.2,124.6,625,124.5,1,124.4,200,,,,,,,,,,,,,,,124.8,625,125.0,5,,,,,,,,,,,,,,,,
2026-07-02T18:29:00.184135+00:00,2026-07-02T18:29:00.183960,4,2,124.7,0.2,124.6,625,124.5,1,124.4,200,124.2,500,,,,,,,,,,,,,124.8,625,125.0,5,,,,,,,,,,,,,,,,
2026-07-02T18:29:00.189300+00:00,2026-07-02T18:29:00.189212,4,3,124.7,0.2,124.6,625,124.5,1,124.4,200,124.2,500,,,,,,,,,,,,,124.8,625,124.9,500,125.0,5,,,,,,,,,,,,,,
2026-07-02T18:29:00.239649+00:00,2026-07-02T18:29:00.239797,3,3,124.7,0.2,124.6,825,124.5,1,124.2,500,,,,,,,,,,,,,,,124.8,625,124.9,500,125.0,5,,,,,,,,,,,,,,
2026-07-02T18:29:00.245085+00:00,2026-07-02T18:29:00.244987,3,3,124.7,0.2,124.6,825,124.5,1,124.2,500,,,,,,,,,,,,,,,124.8,825,124.9,500,125.0,5,,,,,,,,,,,,,,
2026-07-02T18:29:00.769374+00:00,2026-07-02T18:29:00.769229,2,3,124.7,0.2,124.6,825,124.5,1,,,,,,,,,,,,,,,,,124.8,825,124.9,500,125.0,5,,,,,,,,,,,,,,
2026-07-02T18:29:00.774584+00:00,2026-07-02T18:29:00.774486,2,2,124.7,0.2,124.6,825,124.5,1,,,,,,,,,,,,,,,,,124.8,825,125.0,5,,,,,,,,,,,,,,,,
2026-07-02T18:29:00.779903+00:00,2026-07-02T18:29:00.779736,3,2,124.7,0.2,124.6,825,124.5,1,124.2,500,,,,,,,,,,,,,,,124.8,825,125.0,5,,,,,,,,,,,,,,,,
2026-07-02T18:29:00.785060+00:00,2026-07-02T18:29:00.784979,3,2,124.7,0.2,124.6,825,124.5,1,124.2,500,,,,,,,,,,,,,,,124.8,825,125.0,505,,,,,,,,,,,,,,,,
2026-07-02T18:29:01.240114+00:00,2026-07-02T18:29:01.240059,3,2,124.7,0.2,124.6,200,124.5,1,124.2,500,,,,,,,,,,,,,,,124.8,825,125.0,505,,,,,,,,,,,,,,,,
2026-07-02T18:29:01.245409+00:00,2026-07-02T18:29:01.245274,3,2,124.7,0.2,124.6,200,124.5,1,124.2,500,,,,,,,,,,,,,,,124.8,200,125.0,505,,,,,,,,,,,,,,,,
2026-07-02T18:29:01.258571+00:00,2026-07-02T18:29:01.250510,3,3,124.65,0.1,124.6,200,124.5,626,124.2,500,,,,,,,,,,,,,,,124.7,625,124.8,200,125.0,505,,,,,,,,,,,,,,
2026-07-02T18:29:01.394951+00:00,2026-07-02T18:29:01.394786,2,3,124.65,0.1,124.6,200,124.5,626,,,,,,,,,,,,,,,,,124.7,625,124.8,200,125.0,505,,,,,,,,,,,,,,
2026-07-02T18:29:01.400233+00:00,2026-07-02T18:29:01.400067,2,3,124.65,0.1,124.6,200,124.5,626,,,,,,,,,,,,,,,,,124.7,625,124.8,200,125.0,5,,,,,,,,,,,,,,
2026-07-02T18:29:01.405435+00:00,2026-07-02T18:29:01.405325,3,3,124.65,0.1,124.6,200,124.5,626,124.2,500,,,,,,,,,,,,,,,124.7,625,124.8,200,125.0,5,,,,,,,,,,,,,,
2026-07-02T18:29:01.410467+00:00,2026-07-02T18:29:01.410573,3,3,124.65,0.1,124.6,200,124.5,626,124.2,500,,,,,,,,,,,,,,,124.7,625,124.8,200,125.0,505,,,,,,,,,,,,,,
2026-07-02T18:29:01.458617+00:00,2026-07-02T18:29:01.443010,2,2,124.6,0.2,124.5,826,124.2,500,,,,,,,,,,,,,,,,,124.7,625,125.0,505,,,,,,,,,,,,,,,,
2026-07-02T18:29:01.463888+00:00,2026-07-02T18:29:01.463701,2,2,124.6,0.2,124.5,826,124.2,500,,,,,,,,,,,,,,,,,124.7,825,125.0,505,,,,,,,,,,,,,,,,
2026-07-02T18:29:01.998206+00:00,2026-07-02T18:29:01.998043,1,2,124.6,0.2,124.5,826,,,,,,,,,,,,,,,,,,,124.7,825,125.0,505,,,,,,,,,,,,,,,,
2026-07-02T18:29:02.003476+00:00,2026-07-02T18:29:02.003350,1,2,124.6,0.2,124.5,826,,,,,,,,,,,,,,,,,,,124.7,825,125.0,5,,,,,,,,,,,,,,,,
2026-07-02T18:29:02.008755+00:00,2026-07-02T18:29:02.008632,2,2,124.6,0.2,124.5,826,124.2,500,,,,,,,,,,,,,,,,,124.7,825,125.0,5,,,,,,,,,,,,,,,,
2026-07-02T18:29:02.019353+00:00,2026-07-02T18:29:02.019093,2,2,124.6,0.2,124.5,826,124.2,500,,,,,,,,,,,,,,,,,124.7,825,125.0,505,,,,,,,,,,,,,,,,
2026-07-02T18:29:02.569158+00:00,2026-07-02T18:29:02.569009,2,2,124.6,0.2,124.5,826,124.2,500,,,,,,,,,,,,,,,,,124.7,825,125.0,505,,,,,,,,,,,,,,,,
2026-07-02T18:29:02.580057+00:00,2026-07-02T18:29:02.579945,2,2,124.6,0.2,124.5,826,124.2,500,,,,,,,,,,,,,,,,,124.7,825,125.0,500,,,,,,,,,,,,,,,,
2026-07-02T18:29:02.603308+00:00,2026-07-02T18:29:02.603169,1,2,124.6,0.2,124.5,826,,,,,,,,,,,,,,,,,,,124.7,825,125.0,500,,,,,,,,,,,,,,,,
2026-07-02T18:29:02.613815+00:00,2026-07-02T18:29:02.613704,1,1,124.6,0.2,124.5,826,,,,,,,,,,,,,,,,,,,124.7,825,,,,,,,,,,,,,,,,,,
2026-07-02T18:29:02.619080+00:00,2026-07-02T18:29:02.618986,2,1,124.6,0.2,124.5,826,124.3,500,,,,,,,,,,,,,,,,,124.7,825,,,,,,,,,,,,,,,,,,
2026-07-02T18:29:02.624333+00:00,2026-07-02T18:29:02.624288,2,2,124.6,0.2,124.5,826,124.3,500,,,,,,,,,,,,,,,,,124.7,825,125.0,500,,,,,,,,,,,,,,,,
2026-07-02T18:29:02.669075+00:00,2026-07-02T18:29:02.668959,3,3,124.55,0.1,124.5,626,124.4,200,124.3,500,,,,,,,,,,,,,,,124.6,200,124.7,625,125.0,500,,,,,,,,,,,,,,
2026-07-02T18:29:03.029252+00:00,2026-07-02T18:29:03.028077,3,3,124.55,0.1,124.5,626,124.4,200,124.3,500,,,,,,,,,,,,,,,124.6,188,124.7,625,125.0,500,,,,,,,,,,,,,,
2026-07-02T18:29:03.068949+00:00,2026-07-02T18:29:03.069073,3,3,124.55,0.1,124.5,626,124.4,200,124.3,500,,,,,,,,,,,,,,,124.6,154,124.7,625,125.0,500,,,,,,,,,,,,,,
2026-07-02T18:29:03.199929+00:00,2026-07-02T18:29:03.199808,2,3,124.55,0.1,124.5,626,124.4,200,,,,,,,,,,,,,,,,,124.6,154,124.7,625,125.0,500,,,,,,,,,,,,,,
2026-07-02T18:29:03.205135+00:00,2026-07-02T18:29:03.205080,2,2,124.55,0.1,124.5,626,124.4,200,,,,,,,,,,,,,,,,,124.6,154,124.7,625,,,,,,,,,,,,,,,,
2026-07-02T18:29:03.215671+00:00,2026-07-02T18:29:03.215512,3,2,124.55,0.1,124.5,626,124.4,200,124.3,500,,,,,,,,,,,,,,,124.6,154,124.7,625,,,,,,,,,,,,,,,,
2026-07-02T18:29:03.220899+00:00,2026-07-02T18:29:03.220776,3,3,124.55,0.1,124.5,626,124.4,200,124.3,500,,,,,,,,,,,,,,,124.6,154,124.7,625,125.1,500,,,,,,,,,,,,,,
2026-07-02T18:29:03.419212+00:00,2026-07-02T18:29:03.419084,3,4,124.55,0.1,124.5,626,124.4,200,124.3,500,,,,,,,,,,,,,,,124.6,154,124.7,625,124.8,10,125.1,500,,,,,,,,,,,,
2026-07-02T18:29:03.802656+00:00,2026-07-02T18:29:03.802856,2,4,124.55,0.1,124.5,626,124.4,200,,,,,,,,,,,,,,,,,124.6,154,124.7,625,124.8,10,125.1,500,,,,,,,,,,,,
2026-07-02T18:29:03.808260+00:00,2026-07-02T18:29:03.808130,2,3,124.55,0.1,124.5,626,124.4,200,,,,,,,,,,,,,,,,,124.6,154,124.7,625,124.8,10,,,,,,,,,,,,,,
2026-07-02T18:29:03.813465+00:00,2026-07-02T18:29:03.813387,2,3,124.55,0.1,124.5,626,124.4,700,,,,,,,,,,,,,,,,,124.6,154,124.7,625,124.8,10,,,,,,,,,,,,,,
2026-07-02T18:29:03.818726+00:00,2026-07-02T18:29:03.818678,2,4,124.55,0.1,124.5,626,124.4,700,,,,,,,,,,,,,,,,,124.6,154,124.7,625,124.8,10,125.1,500,,,,,,,,,,,,
2026-07-02T18:29:03.869251+00:00,2026-07-02T18:29:03.869174,2,3,124.55,0.1,124.5,1,124.4,1325,,,,,,,,,,,,,,,,,124.6,154,124.8,10,125.1,500,,,,,,,,,,,,,,
2026-07-02T18:29:03.874437+00:00,2026-07-02T18:29:03.874389,2,3,124.55,0.1,124.5,1,124.4,1125,,,,,,,,,,,,,,,,,124.6,779,124.8,10,125.1,500,,,,,,,,,,,,,,
2026-07-02T18:29:03.879758+00:00,2026-07-02T18:29:03.879672,2,4,124.55,0.1,124.5,201,124.4,1125,,,,,,,,,,,,,,,,,124.6,625,124.7,200,124.8,10,125.1,500,,,,,,,,,,,,
2026-07-02T18:29:04.408000+00:00,2026-07-02T18:29:04.407773,2,4,124.55,0.1,124.5,201,124.4,625,,,,,,,,,,,,,,,,,124.6,625,124.7,200,124.8,10,125.1,500,,,,,,,,,,,,
2026-07-02T18:29:04.413185+00:00,2026-07-02T18:29:04.413065,2,3,124.55,0.1,124.5,201,124.4,625,,,,,,,,,,,,,,,,,124.6,625,124.7,200,124.8,10,,,,,,,,,,,,,,
2026-07-02T18:29:04.423602+00:00,2026-07-02T18:29:04.423497,2,3,124.55,0.1,124.5,201,124.4,1125,,,,,,,,,,,,,,,,,124.6,625,124.7,200,124.8,10,,,,,,,,,,,,,,
2026-07-02T18:29:04.457977+00:00,2026-07-02T18:29:04.429059,2,4,124.55,0.1,124.5,201,124.4,1125,,,,,,,,,,,,,,,,,124.6,625,124.7,200,124.8,10,125.1,500,,,,,,,,,,,,
2026-07-02T18:29:04.620628+00:00,2026-07-02T18:29:04.620570,2,4,124.55,0.1,124.5,200,124.4,1125,,,,,,,,,,,,,,,,,124.6,625,124.7,200,124.8,10,125.1,500,,,,,,,,,,,,
2026-07-02T18:29:05.010118+00:00,2026-07-02T18:29:05.009916,2,4,124.55,0.1,124.5,200,124.4,625,,,,,,,,,,,,,,,,,124.6,625,124.7,200,124.8,10,125.1,500,,,,,,,,,,,,
2026-07-02T18:29:05.015252+00:00,2026-07-02T18:29:05.015195,2,3,124.55,0.1,124.5,200,124.4,625,,,,,,,,,,,,,,,,,124.6,625,124.7,200,124.8,10,,,,,,,,,,,,,,
2026-07-02T18:29:05.025846+00:00,2026-07-02T18:29:05.025631,2,3,124.55,0.1,124.5,200,124.4,1125,,,,,,,,,,,,,,,,,124.6,625,124.7,200,124.8,10,,,,,,,,,,,,,,
2026-07-02T18:29:05.030939+00:00,2026-07-02T18:29:05.030909,2,4,124.55,0.1,124.5,200,124.4,1125,,,,,,,,,,,,,,,,,124.6,625,124.7,200,124.8,10,125.1,500,,,,,,,,,,,,
2026-07-02T18:29:05.086180+00:00,2026-07-02T18:29:05.086157,1,3,124.5,0.2,124.4,1125,,,,,,,,,,,,,,,,,,,124.6,625,124.8,10,125.1,500,,,,,,,,,,,,,,
2026-07-02T18:29:05.091467+00:00,2026-07-02T18:29:05.091378,1,3,124.5,0.2,124.4,1125,,,,,,,,,,,,,,,,,,,124.6,425,124.8,10,125.1,500,,,,,,,,,,,,,,
2026-07-02T18:29:05.096756+00:00,2026-07-02T18:29:05.096627,1,3,124.5,0.2,124.4,1125,,,,,,,,,,,,,,,,,,,124.6,425,124.8,210,125.1,500,,,,,,,,,,,,,,
2026-07-02T18:29:05.176849+00:00,2026-07-02T18:29:05.176707,1,3,124.5,0.2,124.4,500,,,,,,,,,,,,,,,,,,,124.6,425,124.8,210,125.1,500,,,,,,,,,,,,,,
2026-07-02T18:29:05.182049+00:00,2026-07-02T18:29:05.181898,1,2,124.6,0.4,124.4,500,,,,,,,,,,,,,,,,,,,124.8,210,125.1,500,,,,,,,,,,,,,,,,
2026-07-02T18:29:05.187232+00:00,2026-07-02T18:29:05.187207,2,3,124.6,0.2,124.5,625,124.4,500,,,,,,,,,,,,,,,,,124.7,625,124.8,210,125.1,500,,,,,,,,,,,,,,
2026-07-02T18:29:05.664499+00:00,2026-07-02T18:29:05.664172,1,3,124.6,0.2,124.5,1125,,,,,,,,,,,,,,,,,,,124.7,625,124.8,210,125.2,500,,,,,,,,,,,,,,
2026-07-02T18:29:06.211513+00:00,2026-07-02T18:29:06.211380,1,3,124.6,0.2,124.5,625,,,,,,,,,,,,,,,,,,,124.7,625,124.8,210,125.2,500,,,,,,,,,,,,,,
2026-07-02T18:29:06.218014+00:00,2026-07-02T18:29:06.217794,1,2,124.6,0.2,124.5,625,,,,,,,,,,,,,,,,,,,124.7,625,124.8,210,,,,,,,,,,,,,,,,
2026-07-02T18:29:06.258634+00:00,2026-07-02T18:29:06.223229,1,2,124.6,0.2,124.5,1125,,,,,,,,,,,,,,,,,,,124.7,625,124.8,210,,,,,,,,,,,,,,,,
2026-07-02T18:29:06.269215+00:00,2026-07-02T18:29:06.268875,1,3,124.6,0.2,124.5,1125,,,,,,,,,,,,,,,,,,,124.7,625,124.8,210,125.3,500,,,,,,,,,,,,,,
2026-07-02T18:29:06.292635+00:00,2026-07-02T18:29:06.292544,1,3,124.6,0.2,124.5,1125,,,,,,,,,,,,,,,,,,,124.7,625,124.8,10,125.3,500,,,,,,,,,,,,,,
2026-07-02T18:29:06.298809+00:00,2026-07-02T18:29:06.298971,1,3,124.6,0.2,124.5,1325,,,,,,,,,,,,,,,,,,,124.7,825,124.8,10,125.3,500,,,,,,,,,,,,,,
2026-07-02T18:29:06.463676+00:00,2026-07-02T18:29:06.463936,1,3,124.6,0.2,124.5,1325,,,,,,,,,,,,,,,,,,,124.7,825,124.8,9,125.3,500,,,,,,,,,,,,,,
2026-07-02T18:29:06.492324+00:00,2026-07-02T18:29:06.492256,1,3,124.6,0.2,124.5,700,,,,,,,,,,,,,,,,,,,124.7,200,124.8,9,125.3,500,,,,,,,,,,,,,,
2026-07-02T18:29:06.497650+00:00,2026-07-02T18:29:06.497461,2,3,124.6,0.2,124.5,700,124.4,625,,,,,,,,,,,,,,,,,124.7,200,124.8,9,125.3,500,,,,,,,,,,,,,,
2026-07-02T18:29:06.502729+00:00,2026-07-02T18:29:06.502699,2,4,124.55,0.1,124.5,700,124.4,625,,,,,,,,,,,,,,,,,124.6,625,124.7,200,124.8,9,125.3,500,,,,,,,,,,,,
2026-07-02T18:29:06.538502+00:00,2026-07-02T18:29:06.558714,2,4,124.55,0.1,124.5,700,124.4,625,,,,,,,,,,,,,,,,,124.6,625,124.7,200,124.8,7,125.3,500,,,,,,,,,,,,
2026-07-02T18:29:06.818870+00:00,2026-07-02T18:29:06.818730,2,4,124.55,0.1,124.5,200,124.4,625,,,,,,,,,,,,,,,,,124.6,625,124.7,200,124.8,7,125.3,500,,,,,,,,,,,,
2026-07-02T18:29:06.824243+00:00,2026-07-02T18:29:06.824087,2,3,124.55,0.1,124.5,200,124.4,625,,,,,,,,,,,,,,,,,124.6,625,124.7,200,124.8,7,,,,,,,,,,,,,,
2026-07-02T18:29:06.864464+00:00,2026-07-02T18:29:06.864401,2,4,124.55,0.1,124.5,205,124.4,625,,,,,,,,,,,,,,,,,124.6,125,124.7,200,124.8,7,125.3,500,,,,,,,,,,,,
2026-07-02T18:29:07.458659+00:00,2026-07-02T18:29:07.455154,3,3,124.65,0.1,124.6,375,124.5,205,124.4,625,,,,,,,,,,,,,,,124.7,200,124.8,7,125.3,500,,,,,,,,,,,,,,
2026-07-02T18:29:07.508927+00:00,2026-07-02T18:29:07.508851,3,2,124.7,0.2,124.6,375,124.5,5,124.4,825,,,,,,,,,,,,,,,124.8,7,125.3,500,,,,,,,,,,,,,,,,
2026-07-02T18:29:07.514269+00:00,2026-07-02T18:29:07.514062,3,2,124.7,0.2,124.6,175,124.5,5,124.4,825,,,,,,,,,,,,,,,124.8,7,125.3,500,,,,,,,,,,,,,,,,
2026-07-02T18:29:07.627209+00:00,2026-07-02T18:29:07.627346,3,2,124.7,0.2,124.6,175,124.5,5,124.4,825,,,,,,,,,,,,,,,124.8,5,125.3,500,,,,,,,,,,,,,,,,
2026-07-02T18:29:07.804241+00:00,2026-07-02T18:29:07.804208,4,2,124.75,0.1,124.7,625,124.6,175,124.5,5,124.4,200,,,,,,,,,,,,,124.8,5,125.3,500,,,,,,,,,,,,,,,,
2026-07-02T18:29:07.809663+00:00,2026-07-02T18:29:07.809460,4,3,124.75,0.1,124.7,625,124.6,175,124.5,5,124.4,200,,,,,,,,,,,,,124.8,5,124.9,625,125.3,500,,,,,,,,,,,,,,
2026-07-02T18:29:08.058624+00:00,2026-07-02T18:29:08.050464,3,2,124.75,0.1,124.7,625,124.5,5,124.4,200,,,,,,,,,,,,,,,124.8,5,124.9,625,,,,,,,,,,,,,,,,
2026-07-02T18:29:08.069236+00:00,2026-07-02T18:29:08.069111,4,2,124.75,0.1,124.7,625,124.6,500,124.5,5,124.4,200,,,,,,,,,,,,,124.8,5,124.9,625,,,,,,,,,,,,,,,,
2026-07-02T18:29:08.074523+00:00,2026-07-02T18:29:08.074412,4,3,124.75,0.1,124.7,625,124.6,500,124.5,5,124.4,200,,,,,,,,,,,,,124.8,5,124.9,625,125.4,500,,,,,,,,,,,,,,
2026-07-02T18:29:08.481524+00:00,2026-07-02T18:29:08.481449,4,3,124.75,0.1,124.7,625,124.6,500,124.5,5,124.4,200,,,,,,,,,,,,,124.8,4,124.9,625,125.4,500,,,,,,,,,,,,,,
2026-07-02T18:29:08.558888+00:00,2026-07-02T18:29:08.558723,4,3,124.75,0.1,124.7,605,124.6,500,124.5,5,124.4,200,,,,,,,,,,,,,124.8,4,124.9,625,125.4,500,,,,,,,,,,,,,,
2026-07-02T18:29:08.564145+00:00,2026-07-02T18:29:08.564021,4,3,124.75,0.1,124.7,605,124.6,500,124.5,5,124.4,200,,,,,,,,,,,,,124.8,2,124.9,625,125.4,500,,,,,,,,,,,,,,
2026-07-02T18:29:08.664031+00:00,2026-07-02T18:29:08.663916,3,2,124.75,0.1,124.7,605,124.5,5,124.4,200,,,,,,,,,,,,,,,124.8,2,124.9,625,,,,,,,,,,,,,,,,
2026-07-02T18:29:08.669334+00:00,2026-07-02T18:29:08.669155,4,2,124.75,0.1,124.7,605,124.6,500,124.5,5,124.4,200,,,,,,,,,,,,,124.8,2,124.9,625,,,,,,,,,,,,,,,,
2026-07-02T18:29:08.674624+00:00,2026-07-02T18:29:08.674422,4,3,124.75,0.1,124.7,605,124.6,500,124.5,5,124.4,200,,,,,,,,,,,,,124.8,2,124.9,625,125.3,500,,,,,,,,,,,,,,
2026-07-02T18:29:08.720148+00:00,2026-07-02T18:29:08.719999,3,3,124.75,0.1,124.7,605,124.6,500,124.5,205,,,,,,,,,,,,,,,124.8,2,124.9,625,125.3,500,,,,,,,,,,,,,,
2026-07-02T18:29:08.725405+00:00,2026-07-02T18:29:08.725239,3,3,124.75,0.1,124.7,605,124.6,500,124.5,205,,,,,,,,,,,,,,,124.8,202,124.9,625,125.3,500,,,,,,,,,,,,,,
2026-07-02T18:29:09.087653+00:00,2026-07-02T18:29:09.086657,3,3,124.75,0.1,124.7,605,124.6,500,124.5,205,,,,,,,,,,,,,,,124.8,191,124.9,625,125.3,500,,,,,,,,,,,,,,
2026-07-02T18:29:09.108202+00:00,2026-07-02T18:29:09.108157,2,3,124.7,0.2,124.6,500,124.5,205,,,,,,,,,,,,,,,,,124.8,191,124.9,625,125.3,500,,,,,,,,,,,,,,
2026-07-02T18:29:09.113478+00:00,2026-07-02T18:29:09.113394,3,2,124.75,0.1,124.7,625,124.6,500,124.5,205,,,,,,,,,,,,,,,124.8,191,125.3,500,,,,,,,,,,,,,,,,
2026-07-02T18:29:09.118472+00:00,2026-07-02T18:29:09.118607,3,3,124.75,0.1,124.7,625,124.6,500,124.5,205,,,,,,,,,,,,,,,124.8,191,124.9,625,125.3,500,,,,,,,,,,,,,,
2026-07-02T18:29:09.264027+00:00,2026-07-02T18:29:09.263887,2,2,124.75,0.1,124.7,625,124.5,205,,,,,,,,,,,,,,,,,124.8,191,124.9,625,,,,,,,,,,,,,,,,
2026-07-02T18:29:09.269233+00:00,2026-07-02T18:29:09.269135,3,2,124.75,0.1,124.7,625,124.6,500,124.5,205,,,,,,,,,,,,,,,124.8,191,124.9,625,,,,,,,,,,,,,,,,
2026-07-02T18:29:09.274471+00:00,2026-07-02T18:29:09.274420,3,3,124.75,0.1,124.7,625,124.6,500,124.5,205,,,,,,,,,,,,,,,124.8,191,124.9,625,125.3,500,,,,,,,,,,,,,,
2026-07-02T18:29:09.663922+00:00,2026-07-02T18:29:09.663858,3,3,124.75,0.1,124.7,625,124.6,500,124.5,205,,,,,,,,,,,,,,,124.8,192,124.9,625,125.3,500,,,,,,,,,,,,,,
2026-07-02T18:29:09.868784+00:00,2026-07-02T18:29:09.869106,2,2,124.75,0.1,124.7,625,124.5,205,,,,,,,,,,,,,,,,,124.8,192,124.9,625,,,,,,,,,,,,,,,,
2026-07-02T18:29:09.874530+00:00,2026-07-02T18:29:09.874420,3,2,124.75,0.1,124.7,625,124.6,500,124.5,205,,,,,,,,,,,,,,,124.8,192,124.9,625,,,,,,,,,,,,,,,,
2026-07-02T18:29:09.879742+00:00,2026-07-02T18:29:09.879689,3,3,124.75,0.1,124.7,625,124.6,500,124.5,205,,,,,,,,,,,,,,,124.8,192,124.9,625,125.4,500,,,,,,,,,,,,,,
2026-07-02T18:29:09.926985+00:00,2026-07-02T18:29:09.926906,3,3,124.75,0.1,124.7,625,124.6,500,124.5,5,,,,,,,,,,,,,,,124.8,192,124.9,625,125.4,500,,,,,,,,,,,,,,
2026-07-02T18:29:09.932014+00:00,2026-07-02T18:29:09.932153,3,3,124.75,0.1,124.7,625,124.6,700,124.5,5,,,,,,,,,,,,,,,124.8,1,124.9,625,125.4,500,,,,,,,,,,,,,,
2026-07-02T18:29:09.937391+00:00,2026-07-02T18:29:09.937335,3,3,124.75,0.1,124.7,625,124.6,700,124.5,5,,,,,,,,,,,,,,,124.8,201,124.9,625,125.4,500,,,,,,,,,,,,,,
2026-07-02T18:29:10.464439+00:00,2026-07-02T18:29:10.464259,3,3,124.75,0.1,124.7,625,124.6,200,124.5,5,,,,,,,,,,,,,,,124.8,201,124.9,625,125.4,500,,,,,,,,,,,,,,
2026-07-02T18:29:10.469734+00:00,2026-07-02T18:29:10.469584,3,2,124.75,0.1,124.7,625,124.6,200,124.5,5,,,,,,,,,,,,,,,124.8,201,124.9,625,,,,,,,,,,,,,,,,
2026-07-02T18:29:10.474982+00:00,2026-07-02T18:29:10.474935,3,2,124.75,0.1,124.7,625,124.6,700,124.5,5,,,,,,,,,,,,,,,124.8,201,124.9,625,,,,,,,,,,,,,,,,
2026-07-02T18:29:10.485557+00:00,2026-07-02T18:29:10.485452,3,3,124.75,0.1,124.7,625,124.6,700,124.5,5,,,,,,,,,,,,,,,124.8,201,124.9,625,125.4,500,,,,,,,,,,,,,,
2026-07-02T18:29:10.900439+00:00,2026-07-02T18:29:10.900361,3,3,124.75,0.1,124.7,625,124.6,700,124.5,5,,,,,,,,,,,,,,,124.8,181,124.9,625,125.4,500,,,,,,,,,,,,,,
2026-07-02T18:29:11.066051+00:00,2026-07-02T18:29:11.065942,3,3,124.75,0.1,124.7,625,124.6,200,124.5,5,,,,,,,,,,,,,,,124.8,181,124.9,625,125.4,500,,,,,,,,,,,,,,
2026-07-02T18:29:11.071340+00:00,2026-07-02T18:29:11.071215,3,2,124.75,0.1,124.7,625,124.6,200,124.5,5,,,,,,,,,,,,,,,124.8,181,124.9,625,,,,,,,,,,,,,,,,
2026-07-02T18:29:11.076522+00:00,2026-07-02T18:29:11.076485,3,2,124.75,0.1,124.7,625,124.6,700,124.5,5,,,,,,,,,,,,,,,124.8,181,124.9,625,,,,,,,,,,,,,,,,
2026-07-02T18:29:11.086985+00:00,2026-07-02T18:29:11.086876,3,3,124.75,0.1,124.7,625,124.6,700,124.5,5,,,,,,,,,,,,,,,124.8,181,124.9,625,125.3,500,,,,,,,,,,,,,,
2026-07-02T18:29:11.139657+00:00,2026-07-02T18:29:11.139792,3,3,124.75,0.1,124.7,625,124.6,500,124.5,5,,,,,,,,,,,,,,,124.8,181,124.9,625,125.3,500,,,,,,,,,,,,,,
2026-07-02T18:29:11.158582+00:00,2026-07-02T18:29:11.145150,3,2,124.8,0.2,124.7,425,124.6,500,124.5,205,,,,,,,,,,,,,,,124.9,625,125.3,500,,,,,,,,,,,,,,,,
2026-07-02T18:29:11.559091+00:00,2026-07-02T18:29:11.558914,3,3,124.75,0.1,124.7,425,124.6,500,124.5,205,,,,,,,,,,,,,,,124.8,1,124.9,625,125.3,500,,,,,,,,,,,,,,
2026-07-02T18:29:11.658827+00:00,2026-07-02T18:29:11.658754,2,3,124.75,0.1,124.7,425,124.5,205,,,,,,,,,,,,,,,,,124.8,1,124.9,625,125.3,500,,,,,,,,,,,,,,
2026-07-02T18:29:11.675432+00:00,2026-07-02T18:29:11.675135,2,2,124.75,0.1,124.7,425,124.5,205,,,,,,,,,,,,,,,,,124.8,1,124.9,625,,,,,,,,,,,,,,,,
2026-07-02T18:29:11.680714+00:00,2026-07-02T18:29:11.680473,2,2,124.75,0.1,124.7,425,124.5,705,,,,,,,,,,,,,,,,,124.8,1,124.9,625,,,,,,,,,,,,,,,,
2026-07-02T18:29:11.685985+00:00,2026-07-02T18:29:11.685803,2,3,124.75,0.1,124.7,425,124.5,705,,,,,,,,,,,,,,,,,124.8,1,124.9,625,125.2,500,,,,,,,,,,,,,,
2026-07-02T18:29:11.733520+00:00,2026-07-02T18:29:11.733375,1,3,124.65,0.3,124.5,705,,,,,,,,,,,,,,,,,,,124.8,1,124.9,625,125.2,500,,,,,,,,,,,,,,
2026-07-02T18:29:11.738820+00:00,2026-07-02T18:29:11.738678,1,2,124.65,0.3,124.5,1330,,,,,,,,,,,,,,,,,,,124.8,1,125.2,500,,,,,,,,,,,,,,,,
2026-07-02T18:29:11.769478+00:00,2026-07-02T18:29:11.768435,1,3,124.6,0.2,124.5,1330,,,,,,,,,,,,,,,,,,,124.7,614,124.8,1,125.2,500,,,,,,,,,,,,,,
2026-07-02T18:29:12.271042+00:00,2026-07-02T18:29:12.270863,1,3,124.6,0.2,124.5,830,,,,,,,,,,,,,,,,,,,124.7,614,124.8,1,125.2,500,,,,,,,,,,,,,,
2026-07-02T18:29:12.276228+00:00,2026-07-02T18:29:12.276145,1,2,124.6,0.2,124.5,830,,,,,,,,,,,,,,,,,,,124.7,614,124.8,1,,,,,,,,,,,,,,,,
2026-07-02T18:29:12.281557+00:00,2026-07-02T18:29:12.281428,2,2,124.6,0.2,124.5,830,124.4,500,,,,,,,,,,,,,,,,,124.7,614,124.8,1,,,,,,,,,,,,,,,,
2026-07-02T18:29:12.286899+00:00,2026-07-02T18:29:12.286736,2,3,124.6,0.2,124.5,830,124.4,500,,,,,,,,,,,,,,,,,124.7,614,124.8,1,125.1,500,,,,,,,,,,,,,,
2026-07-02T18:29:12.364479+00:00,2026-07-02T18:29:12.364323,2,4,124.6,0.2,124.5,630,124.4,500,,,,,,,,,,,,,,,,,124.7,414,124.8,1,124.9,200,125.1,500,,,,,,,,,,,,
2026-07-02T18:29:12.874593+00:00,2026-07-02T18:29:12.874252,1,4,124.6,0.2,124.5,630,,,,,,,,,,,,,,,,,,,124.7,414,124.8,1,124.9,200,125.1,500,,,,,,,,,,,,
2026-07-02T18:29:12.879804+00:00,2026-07-02T18:29:12.879613,1,3,124.6,0.2,124.5,630,,,,,,,,,,,,,,,,,,,124.7,414,124.8,1,124.9,200,,,,,,,,,,,,,,
2026-07-02T18:29:12.890174+00:00,2026-07-02T18:29:12.890058,2,3,124.6,0.2,124.5,630,124.3,500,,,,,,,,,,,,,,,,,124.7,414,124.8,1,124.9,200,,,,,,,,,,,,,,
2026-07-02T18:29:12.895188+00:00,2026-07-02T18:29:12.895364,2,4,124.6,0.2,124.5,630,124.3,500,,,,,,,,,,,,,,,,,124.7,414,124.8,1,124.9,200,125.1,500,,,,,,,,,,,,
2026-07-02T18:29:13.064117+00:00,2026-07-02T18:29:13.063958,3,3,124.75,0.1,124.7,625,124.5,5,124.3,500,,,,,,,,,,,,,,,124.8,1,124.9,825,125.1,500,,,,,,,,,,,,,,
2026-07-02T18:29:13.078782+00:00,2026-07-02T18:29:13.075770,3,2,124.8,0.2,124.7,625,124.5,5,124.3,500,,,,,,,,,,,,,,,124.9,825,125.1,500,,,,,,,,,,,,,,,,
2026-07-02T18:29:13.321596+00:00,2026-07-02T18:29:13.321426,3,3,124.75,0.1,124.7,625,124.5,5,124.3,500,,,,,,,,,,,,,,,124.8,1,124.9,825,125.1,500,,,,,,,,,,,,,,
2026-07-02T18:29:13.503014+00:00,2026-07-02T18:29:13.502794,2,3,124.75,0.1,124.7,625,124.5,5,,,,,,,,,,,,,,,,,124.8,1,124.9,825,125.1,500,,,,,,,,,,,,,,
2026-07-02T18:29:13.508168+00:00,2026-07-02T18:29:13.508082,2,2,124.75,0.1,124.7,625,124.5,5,,,,,,,,,,,,,,,,,124.8,1,124.9,825,,,,,,,,,,,,,,,,
2026-07-02T18:29:13.518660+00:00,2026-07-02T18:29:13.518463,3,2,124.75,0.1,124.7,625,124.5,5,124.4,500,,,,,,,,,,,,,,,124.8,1,124.9,825,,,,,,,,,,,,,,,,
2026-07-02T18:29:13.529056+00:00,2026-07-02T18:29:13.528932,3,3,124.75,0.1,124.7,625,124.5,5,124.4,500,,,,,,,,,,,,,,,124.8,1,124.9,825,125.1,500,,,,,,,,,,,,,,
2026-07-02T18:29:13.534270+00:00,2026-07-02T18:29:13.534188,3,2,124.8,0.2,124.7,625,124.5,5,124.4,500,,,,,,,,,,,,,,,124.9,825,125.1,500,,,,,,,,,,,,,,,,
2026-07-02T18:29:13.558693+00:00,2026-07-02T18:29:13.556702,3,2,124.8,0.2,124.7,625,124.5,5,124.4,500,,,,,,,,,,,,,,,124.9,625,125.1,500,,,,,,,,,,,,,,,,
2026-07-02T18:29:13.570287+00:00,2026-07-02T18:29:13.570220,4,3,124.75,0.1,124.7,625,124.6,200,124.5,5,124.4,500,,,,,,,,,,,,,124.8,200,124.9,625,125.1,500,,,,,,,,,,,,,,
2026-07-02T18:29:14.101549+00:00,2026-07-02T18:29:14.101396,3,3,124.75,0.1,124.7,625,124.6,200,124.5,5,,,,,,,,,,,,,,,124.8,200,124.9,625,125.1,500,,,,,,,,,,,,,,
2026-07-02T18:29:14.106767+00:00,2026-07-02T18:29:14.106685,3,2,124.75,0.1,124.7,625,124.6,200,124.5,5,,,,,,,,,,,,,,,124.8,200,124.9,625,,,,,,,,,,,,,,,,
2026-07-02T18:29:14.112046+00:00,2026-07-02T18:29:14.111930,4,2,124.75,0.1,124.7,625,124.6,200,124.5,5,124.4,500,,,,,,,,,,,,,124.8,200,124.9,625,,,,,,,,,,,,,,,,
2026-07-02T18:29:14.117052+00:00,2026-07-02T18:29:14.117188,4,3,124.75,0.1,124.7,625,124.6,200,124.5,5,124.4,500,,,,,,,,,,,,,124.8,200,124.9,625,125.1,500,,,,,,,,,,,,,,
2026-07-02T18:29:14.358825+00:00,2026-07-02T18:29:14.358755,4,3,124.75,0.1,124.7,625,124.6,200,124.5,5,124.4,500,,,,,,,,,,,,,124.8,201,124.9,625,125.1,500,,,,,,,,,,,,,,
2026-07-02T18:29:14.364375+00:00,2026-07-02T18:29:14.364223,3,2,124.7,0.2,124.6,825,124.5,5,124.4,500,,,,,,,,,,,,,,,124.8,201,125.1,500,,,,,,,,,,,,,,,,
2026-07-02T18:29:14.369586+00:00,2026-07-02T18:29:14.369468,3,2,124.7,0.2,124.6,825,124.5,5,124.4,500,,,,,,,,,,,,,,,124.8,825,125.1,500,,,,,,,,,,,,,,,,
2026-07-02T18:29:14.602044+00:00,2026-07-02T18:29:14.601874,3,2,124.7,0.2,124.6,825,124.5,5,124.4,500,,,,,,,,,,,,,,,124.8,827,125.1,500,,,,,,,,,,,,,,,,
2026-07-02T18:29:14.680907+00:00,2026-07-02T18:29:14.680831,3,2,124.7,0.2,124.6,825,124.5,5,124.4,500,,,,,,,,,,,,,,,124.8,826,125.1,500,,,,,,,,,,,,,,,,
2026-07-02T18:29:14.704848+00:00,2026-07-02T18:29:14.704710,2,2,124.7,0.2,124.6,825,124.5,5,,,,,,,,,,,,,,,,,124.8,826,125.1,500,,,,,,,,,,,,,,,,
2026-07-02T18:29:14.710075+00:00,2026-07-02T18:29:14.709978,2,1,124.7,0.2,124.6,825,124.5,5,,,,,,,,,,,,,,,,,124.8,826,,,,,,,,,,,,,,,,,,
2026-07-02T18:29:14.715116+00:00,2026-07-02T18:29:14.715264,3,1,124.7,0.2,124.6,825,124.5,5,124.4,500,,,,,,,,,,,,,,,124.8,826,,,,,,,,,,,,,,,,,,
2026-07-02T18:29:14.725878+00:00,2026-07-02T18:29:14.725654,3,2,124.7,0.2,124.6,825,124.5,5,124.4,500,,,,,,,,,,,,,,,124.8,826,125.2,500,,,,,,,,,,,,,,,,
2026-07-02T18:29:14.774458+00:00,2026-07-02T18:29:14.774376,3,2,124.7,0.2,124.6,625,124.5,5,124.4,500,,,,,,,,,,,,,,,124.8,626,125.2,500,,,,,,,,,,,,,,,,
2026-07-02T18:29:14.779691+00:00,2026-07-02T18:29:14.779603,3,2,124.7,0.2,124.6,825,124.5,5,124.4,500,,,,,,,,,,,,,,,124.8,826,125.2,500,,,,,,,,,,,,,,,,
2026-07-02T18:29:15.307000+00:00,2026-07-02T18:29:15.306731,2,2,124.7,0.2,124.6,825,124.5,5,,,,,,,,,,,,,,,,,124.8,826,125.2,500,,,,,,,,,,,,,,,,
2026-07-02T18:29:15.312073+00:00,2026-07-02T18:29:15.312011,2,1,124.7,0.2,124.6,825,124.5,5,,,,,,,,,,,,,,,,,124.8,826,,,,,,,,,,,,,,,,,,
2026-07-02T18:29:15.322574+00:00,2026-07-02T18:29:15.322385,2,1,124.7,0.2,124.6,1325,124.5,5,,,,,,,,,,,,,,,,,124.8,826,,,,,,,,,,,,,,,,,,
2026-07-02T18:29:15.327779+00:00,2026-07-02T18:29:15.327681,2,2,124.7,0.2,124.6,1325,124.5,5,,,,,,,,,,,,,,,,,124.8,826,125.3,500,,,,,,,,,,,,,,,,
2026-07-02T18:29:15.369113+00:00,2026-07-02T18:29:15.368998,2,2,124.7,0.2,124.6,1325,124.5,5,,,,,,,,,,,,,,,,,124.8,825,125.3,500,,,,,,,,,,,,,,,,
2026-07-02T18:29:15.483267+00:00,2026-07-02T18:29:15.471645,2,2,124.7,0.2,124.6,1325,124.5,5,,,,,,,,,,,,,,,,,124.8,814,125.3,500,,,,,,,,,,,,,,,,
2026-07-02T18:29:15.670666+00:00,2026-07-02T18:29:15.670580,2,2,124.7,0.2,124.6,1325,124.5,5,,,,,,,,,,,,,,,,,124.8,200,125.3,500,,,,,,,,,,,,,,,,
2026-07-02T18:29:15.676995+00:00,2026-07-02T18:29:15.676907,2,2,124.7,0.2,124.6,1325,124.5,5,,,,,,,,,,,,,,,,,124.8,825,125.3,500,,,,,,,,,,,,,,,,
2026-07-02T18:29:15.911793+00:00,2026-07-02T18:29:15.911704,2,2,124.7,0.2,124.6,825,124.5,5,,,,,,,,,,,,,,,,,124.8,825,125.3,500,,,,,,,,,,,,,,,,
2026-07-02T18:29:15.917052+00:00,2026-07-02T18:29:15.916970,2,1,124.7,0.2,124.6,825,124.5,5,,,,,,,,,,,,,,,,,124.8,825,,,,,,,,,,,,,,,,,,
2026-07-02T18:29:15.927482+00:00,2026-07-02T18:29:15.927356,2,1,124.7,0.2,124.6,1325,124.5,5,,,,,,,,,,,,,,,,,124.8,825,,,,,,,,,,,,,,,,,,
2026-07-02T18:29:15.932691+00:00,2026-07-02T18:29:15.932618,2,2,124.7,0.2,124.6,1325,124.5,5,,,,,,,,,,,,,,,,,124.8,825,125.3,500,,,,,,,,,,,,,,,,
2026-07-02T18:29:15.985362+00:00,2026-07-02T18:29:15.985288,2,2,124.7,0.2,124.6,1125,124.5,5,,,,,,,,,,,,,,,,,124.8,625,125.3,500,,,,,,,,,,,,,,,,
2026-07-02T18:29:15.990605+00:00,2026-07-02T18:29:15.990528,3,3,124.75,0.1,124.7,200,124.6,1125,124.5,5,,,,,,,,,,,,,,,124.8,625,124.9,200,125.3,500,,,,,,,,,,,,,,
2026-07-02T18:29:16.385506+00:00,2026-07-02T18:29:16.385402,3,3,124.75,0.1,124.7,200,124.6,1125,124.5,5,,,,,,,,,,,,,,,124.8,626,124.9,200,125.3,500,,,,,,,,,,,,,,
2026-07-02T18:29:16.512798+00:00,2026-07-02T18:29:16.512643,3,3,124.75,0.1,124.7,200,124.6,625,124.5,5,,,,,,,,,,,,,,,124.8,626,124.9,200,125.3,500,,,,,,,,,,,,,,
2026-07-02T18:29:16.518138+00:00,2026-07-02T18:29:16.518030,3,2,124.75,0.1,124.7,200,124.6,625,124.5,5,,,,,,,,,,,,,,,124.8,626,124.9,200,,,,,,,,,,,,,,,,
2026-07-02T18:29:16.528804+00:00,2026-07-02T18:29:16.528651,3,2,124.75,0.1,124.7,200,124.6,1125,124.5,5,,,,,,,,,,,,,,,124.8,626,124.9,200,,,,,,,,,,,,,,,,
2026-07-02T18:29:16.533826+00:00,2026-07-02T18:29:16.533958,3,3,124.75,0.1,124.7,200,124.6,1125,124.5,5,,,,,,,,,,,,,,,124.8,626,124.9,200,125.3,500,,,,,,,,,,,,,,
2026-07-02T18:29:16.987618+00:00,2026-07-02T18:29:16.987539,3,3,124.75,0.1,124.7,825,124.6,500,124.5,5,,,,,,,,,,,,,,,124.8,1,124.9,200,125.3,500,,,,,,,,,,,,,,
2026-07-02T18:29:16.992879+00:00,2026-07-02T18:29:16.992709,3,3,124.75,0.1,124.7,825,124.6,500,124.5,5,,,,,,,,,,,,,,,124.8,1,124.9,825,125.3,500,,,,,,,,,,,,,,
2026-07-02T18:29:17.116572+00:00,2026-07-02T18:29:17.116436,2,3,124.75,0.1,124.7,825,124.5,5,,,,,,,,,,,,,,,,,124.8,1,124.9,825,125.3,500,,,,,,,,,,,,,,
2026-07-02T18:29:17.121820+00:00,2026-07-02T18:29:17.121720,2,2,124.75,0.1,124.7,825,124.5,5,,,,,,,,,,,,,,,,,124.8,1,124.9,825,,,,,,,,,,,,,,,,
2026-07-02T18:29:17.158679+00:00,2026-07-02T18:29:17.127198,3,3,124.75,0.1,124.7,825,124.6,500,124.5,5,,,,,,,,,,,,,,,124.8,1,124.9,825,125.4,500,,,,,,,,,,,,,,
2026-07-02T18:29:17.194119+00:00,2026-07-02T18:29:17.193984,3,3,124.75,0.1,124.7,625,124.6,500,124.5,5,,,,,,,,,,,,,,,124.8,1,124.9,825,125.4,500,,,,,,,,,,,,,,
2026-07-02T18:29:17.199337+00:00,2026-07-02T18:29:17.199245,3,3,124.75,0.1,124.7,625,124.6,500,124.5,5,,,,,,,,,,,,,,,124.8,1,124.9,625,125.4,500,,,,,,,,,,,,,,
2026-07-02T18:29:17.204543+00:00,2026-07-02T18:29:17.204498,3,3,124.75,0.1,124.7,825,124.6,500,124.5,5,,,,,,,,,,,,,,,124.8,1,124.9,625,125.4,500,,,,,,,,,,,,,,
2026-07-02T18:29:17.209734+00:00,2026-07-02T18:29:17.209658,3,3,124.75,0.1,124.7,825,124.6,500,124.5,5,,,,,,,,,,,,,,,124.8,1,124.9,825,125.4,500,,,,,,,,,,,,,,
2026-07-02T18:29:17.718900+00:00,2026-07-02T18:29:17.718643,2,3,124.75,0.1,124.7,825,124.5,5,,,,,,,,,,,,,,,,,124.8,1,124.9,825,125.4,500,,,,,,,,,,,,,,
2026-07-02T18:29:17.724097+00:00,2026-07-02T18:29:17.723936,2,2,124.75,0.1,124.7,825,124.5,5,,,,,,,,,,,,,,,,,124.8,1,124.9,825,,,,,,,,,,,,,,,,
2026-07-02T18:29:17.729305+00:00,2026-07-02T18:29:17.729220,2,2,124.75,0.1,124.7,1325,124.5,5,,,,,,,,,,,,,,,,,124.8,1,124.9,825,,,,,,,,,,,,,,,,
2026-07-02T18:29:17.758601+00:00,2026-07-02T18:29:17.734492,2,3,124.75,0.1,124.7,1325,124.5,5,,,,,,,,,,,,,,,,,124.8,1,124.9,825,125.4,500,,,,,,,,,,,,,,
2026-07-02T18:29:18.292645+00:00,2026-07-02T18:29:18.292583,2,3,124.75,0.1,124.7,700,124.5,5,,,,,,,,,,,,,,,,,124.8,1,124.9,825,125.4,500,,,,,,,,,,,,,,
2026-07-02T18:29:18.297926+00:00,2026-07-02T18:29:18.297850,3,3,124.75,0.1,124.7,700,124.6,625,124.5,5,,,,,,,,,,,,,,,124.8,626,124.9,200,125.4,500,,,,,,,,,,,,,,
2026-07-02T18:29:18.321384+00:00,2026-07-02T18:29:18.321185,3,3,124.75,0.1,124.7,200,124.6,625,124.5,5,,,,,,,,,,,,,,,124.8,626,124.9,200,125.4,500,,,,,,,,,,,,,,
2026-07-02T18:29:18.326633+00:00,2026-07-02T18:29:18.326481,3,2,124.75,0.1,124.7,200,124.6,625,124.5,5,,,,,,,,,,,,,,,124.8,626,124.9,200,,,,,,,,,,,,,,,,
2026-07-02T18:29:18.331998+00:00,2026-07-02T18:29:18.331761,3,2,124.75,0.1,124.7,700,124.6,625,124.5,5,,,,,,,,,,,,,,,124.8,626,124.9,200,,,,,,,,,,,,,,,,
2026-07-02T18:29:18.337189+00:00,2026-07-02T18:29:18.337032,3,3,124.75,0.1,124.7,700,124.6,625,124.5,5,,,,,,,,,,,,,,,124.8,626,124.9,200,125.4,500,,,,,,,,,,,,,,
2026-07-02T18:29:18.408498+00:00,2026-07-02T18:29:18.408427,3,2,124.75,0.1,124.7,500,124.6,625,124.5,5,,,,,,,,,,,,,,,124.8,626,125.4,500,,,,,,,,,,,,,,,,
2026-07-02T18:29:18.419033+00:00,2026-07-02T18:29:18.418966,3,3,124.75,0.1,124.7,500,124.6,625,124.5,5,,,,,,,,,,,,,,,124.8,426,125.0,200,125.4,500,,,,,,,,,,,,,,
2026-07-02T18:29:18.515122+00:00,2026-07-02T18:29:18.515040,3,4,124.75,0.1,124.7,500,124.6,625,124.5,5,,,,,,,,,,,,,,,124.8,426,124.9,4,125.0,200,125.4,500,,,,,,,,,,,,
2026-07-02T18:29:18.925979+00:00,2026-07-02T18:29:18.925813,2,4,124.7,0.2,124.6,625,124.5,5,,,,,,,,,,,,,,,,,124.8,426,124.9,4,125.0,200,125.4,500,,,,,,,,,,,,
2026-07-02T18:29:18.928624+00:00,2026-07-02T18:29:18.928077,2,3,124.7,0.2,124.6,625,124.5,5,,,,,,,,,,,,,,,,,124.8,426,124.9,4,125.0,200,,,,,,,,,,,,,,
2026-07-02T18:29:18.964320+00:00,2026-07-02T18:29:18.964085,3,4,124.75,0.1,124.7,500,124.6,625,124.5,5,,,,,,,,,,,,,,,124.8,426,124.9,4,125.0,200,125.4,500,,,,,,,,,,,,
2026-07-02T18:29:19.564540+00:00,2026-07-02T18:29:19.564264,2,3,124.7,0.2,124.6,1125,124.5,5,,,,,,,,,,,,,,,,,124.8,426,124.9,4,125.0,200,,,,,,,,,,,,,,
2026-07-02T18:29:19.569733+00:00,2026-07-02T18:29:19.569574,2,4,124.7,0.2,124.6,1125,124.5,5,,,,,,,,,,,,,,,,,124.8,426,124.9,4,125.0,200,125.3,500,,,,,,,,,,,,
2026-07-02T18:29:19.612767+00:00,2026-07-02T18:29:19.612647,2,3,124.75,0.3,124.6,500,124.5,5,,,,,,,,,,,,,,,,,124.9,4,125.0,200,125.3,500,,,,,,,,,,,,,,
2026-07-02T18:29:19.617968+00:00,2026-07-02T18:29:19.617904,2,4,124.65,0.1,124.6,500,124.5,630,,,,,,,,,,,,,,,,,124.7,625,124.9,4,125.0,200,125.3,500,,,,,,,,,,,,
2026-07-02T18:29:19.623243+00:00,2026-07-02T18:29:19.623100,2,3,124.65,0.1,124.6,500,124.5,630,,,,,,,,,,,,,,,,,124.7,625,124.9,4,125.3,500,,,,,,,,,,,,,,
2026-07-02T18:29:19.628560+00:00,2026-07-02T18:29:19.628427,2,3,124.65,0.1,124.6,500,124.5,630,,,,,,,,,,,,,,,,,124.7,425,124.9,204,125.3,500,,,,,,,,,,,,,,
2026-07-02T18:29:20.159430+00:00,2026-07-02T18:29:20.159233,2,2,124.65,0.1,124.6,500,124.5,630,,,,,,,,,,,,,,,,,124.7,425,124.9,204,,,,,,,,,,,,,,,,
2026-07-02T18:29:20.174702+00:00,2026-07-02T18:29:20.174954,2,3,124.65,0.1,124.6,500,124.5,630,,,,,,,,,,,,,,,,,124.7,425,124.9,204,125.4,500,,,,,,,,,,,,,,
2026-07-02T18:29:20.769741+00:00,2026-07-02T18:29:20.769459,2,1,124.8,0.2,124.7,75,124.5,630,,,,,,,,,,,,,,,,,124.9,204,,,,,,,,,,,,,,,,,,
2026-07-02T18:29:20.780254+00:00,2026-07-02T18:29:20.780019,2,2,124.8,0.2,124.7,75,124.5,630,,,,,,,,,,,,,,,,,124.9,204,125.4,500,,,,,,,,,,,,,,,,
2026-07-02T18:29:20.825042+00:00,2026-07-02T18:29:20.827292,2,2,124.8,0.2,124.7,275,124.5,630,,,,,,,,,,,,,,,,,124.9,204,125.4,500,,,,,,,,,,,,,,,,
2026-07-02T18:29:20.863955+00:00,2026-07-02T18:29:20.863865,2,2,124.8,0.2,124.7,275,124.5,630,,,,,,,,,,,,,,,,,124.9,203,125.4,500,,,,,,,,,,,,,,,,
2026-07-02T18:29:20.958624+00:00,2026-07-02T18:29:20.919094,3,3,124.85,0.1,124.8,625,124.7,275,124.5,5,,,,,,,,,,,,,,,124.9,203,125.0,625,125.4,500,,,,,,,,,,,,,,
2026-07-02T18:29:21.364101+00:00,2026-07-02T18:29:21.363984,3,2,124.85,0.1,124.8,625,124.7,200,124.5,5,,,,,,,,,,,,,,,124.9,203,125.0,625,,,,,,,,,,,,,,,,
2026-07-02T18:29:21.369336+00:00,2026-07-02T18:29:21.369276,3,2,124.85,0.1,124.8,625,124.7,700,124.5,5,,,,,,,,,,,,,,,124.9,203,125.0,625,,,,,,,,,,,,,,,,
2026-07-02T18:29:21.379867+00:00,2026-07-02T18:29:21.379771,3,3,124.85,0.1,124.8,625,124.7,700,124.5,5,,,,,,,,,,,,,,,124.9,203,125.0,625,125.4,500,,,,,,,,,,,,,,
2026-07-02T18:29:21.463945+00:00,2026-07-02T18:29:21.463877,3,3,124.85,0.1,124.8,605,124.7,700,124.5,5,,,,,,,,,,,,,,,124.9,203,125.0,625,125.4,500,,,,,,,,,,,,,,
2026-07-02T18:29:21.577333+00:00,2026-07-02T18:29:21.577219,3,3,124.85,0.1,124.8,605,124.7,700,124.5,5,,,,,,,,,,,,,,,124.9,202,125.0,625,125.4,500,,,,,,,,,,,,,,
2026-07-02T18:29:21.963938+00:00,2026-07-02T18:29:21.963785,3,3,124.85,0.1,124.8,605,124.7,200,124.5,5,,,,,,,,,,,,,,,124.9,202,125.0,625,125.4,500,,,,,,,,,,,,,,
2026-07-02T18:29:21.969220+00:00,2026-07-02T18:29:21.969081,3,2,124.85,0.1,124.8,605,124.7,200,124.5,5,,,,,,,,,,,,,,,124.9,202,125.0,625,,,,,,,,,,,,,,,,
2026-07-02T18:29:21.974208+00:00,2026-07-02T18:29:21.974343,3,2,124.85,0.1,124.8,605,124.7,700,124.5,5,,,,,,,,,,,,,,,124.9,202,125.0,625,,,,,,,,,,,,,,,,
2026-07-02T18:29:21.984894+00:00,2026-07-02T18:29:21.984747,3,3,124.85,0.1,124.8,605,124.7,700,124.5,5,,,,,,,,,,,,,,,124.9,202,125.0,625,125.4,500,,,,,,,,,,,,,,
2026-07-02T18:29:22.058644+00:00,2026-07-02T18:29:22.033180,3,3,124.85,0.1,124.8,605,124.7,500,124.5,5,,,,,,,,,,,,,,,124.9,202,125.0,625,125.4,500,,,,,,,,,,,,,,
2026-07-02T18:29:22.064174+00:00,2026-07-02T18:29:22.063930,3,3,124.85,0.1,124.8,605,124.7,700,124.5,5,,,,,,,,,,,,,,,124.9,2,125.0,825,125.4,500,,,,,,,,,,,,,,
2026-07-02T18:29:22.227178+00:00,2026-07-02T18:29:22.227121,2,3,124.8,0.2,124.7,700,124.5,5,,,,,,,,,,,,,,,,,124.9,2,125.0,825,125.4,500,,,,,,,,,,,,,,
2026-07-02T18:29:22.232433+00:00,2026-07-02T18:29:22.232388,3,3,124.8,0.2,124.7,700,124.6,625,124.5,5,,,,,,,,,,,,,,,124.9,2,125.0,200,125.4,500,,,,,,,,,,,,,,
2026-07-02T18:29:22.246849+00:00,2026-07-02T18:29:22.245765,3,4,124.75,0.1,124.7,700,124.6,625,124.5,5,,,,,,,,,,,,,,,124.8,614,124.9,2,125.0,200,125.4,500,,,,,,,,,,,,
2026-07-02T18:29:22.558620+00:00,2026-07-02T18:29:22.532457,3,4,124.75,0.1,124.7,700,124.6,625,124.5,5,,,,,,,,,,,,,,,124.8,614,124.9,1,125.0,200,125.4,500,,,,,,,,,,,,
2026-07-02T18:29:22.569213+00:00,2026-07-02T18:29:22.569086,3,3,124.75,0.1,124.7,200,124.6,625,124.5,5,,,,,,,,,,,,,,,124.8,614,124.9,1,125.0,200,,,,,,,,,,,,,,
2026-07-02T18:29:22.574502+00:00,2026-07-02T18:29:22.574391,3,3,124.75,0.1,124.7,700,124.6,625,124.5,5,,,,,,,,,,,,,,,124.8,614,124.9,1,125.0,200,,,,,,,,,,,,,,
2026-07-02T18:29:22.579865+00:00,2026-07-02T18:29:22.579723,3,4,124.75,0.1,124.7,700,124.6,625,124.5,5,,,,,,,,,,,,,,,124.8,614,124.9,1,125.0,200,125.4,500,,,,,,,,,,,,
2026-07-02T18:29:23.165656+00:00,2026-07-02T18:29:23.165477,3,4,124.75,0.1,124.7,200,124.6,625,124.5,5,,,,,,,,,,,,,,,124.8,614,124.9,1,125.0,200,125.4,500,,,,,,,,,,,,
2026-07-02T18:29:23.170885+00:00,2026-07-02T18:29:23.170767,3,3,124.75,0.1,124.7,200,124.6,625,124.5,5,,,,,,,,,,,,,,,124.8,614,124.9,1,125.0,200,,,,,,,,,,,,,,
2026-07-02T18:29:23.176167+00:00,2026-07-02T18:29:23.176022,3,3,124.75,0.1,124.7,700,124.6,625,124.5,5,,,,,,,,,,,,,,,124.8,614,124.9,1,125.0,200,,,,,,,,,,,,,,
2026-07-02T18:29:23.181315+00:00,2026-07-02T18:29:23.181270,3,4,124.75,0.1,124.7,700,124.6,625,124.5,5,,,,,,,,,,,,,,,124.8,614,124.9,1,125.0,200,125.4,500,,,,,,,,,,,,
2026-07-02T18:29:23.264343+00:00,2026-07-02T18:29:23.264301,3,4,124.75,0.1,124.7,500,124.6,625,124.5,5,,,,,,,,,,,,,,,124.8,414,124.9,1,125.0,200,125.4,500,,,,,,,,,,,,
2026-07-02T18:29:23.558601+00:00,2026-07-02T18:29:23.537582,3,3,124.85,0.1,124.8,625,124.7,500,124.5,5,,,,,,,,,,,,,,,124.9,1,125.0,200,125.4,500,,,,,,,,,,,,,,
2026-07-02T18:29:23.564272+00:00,2026-07-02T18:29:23.563798,3,3,124.85,0.1,124.8,625,124.7,500,124.5,5,,,,,,,,,,,,,,,124.9,1,125.0,825,125.4,500,,,,,,,,,,,,,,
2026-07-02T18:29:23.764403+00:00,2026-07-02T18:29:23.764226,2,3,124.85,0.1,124.8,625,124.5,5,,,,,,,,,,,,,,,,,124.9,1,125.0,825,125.4,500,,,,,,,,,,,,,,
2026-07-02T18:29:23.769569+00:00,2026-07-02T18:29:23.769504,2,2,124.85,0.1,124.8,625,124.5,5,,,,,,,,,,,,,,,,,124.9,1,125.0,825,,,,,,,,,,,,,,,,
2026-07-02T18:29:23.774880+00:00,2026-07-02T18:29:23.774790,3,2,124.85,0.1,124.8,625,124.7,500,124.5,5,,,,,,,,,,,,,,,124.9,1,125.0,825,,,,,,,,,,,,,,,,
2026-07-02T18:29:23.785509+00:00,2026-07-02T18:29:23.785254,3,3,124.85,0.1,124.8,625,124.7,500,124.5,5,,,,,,,,,,,,,,,124.9,1,125.0,825,125.4,500,,,,,,,,,,,,,,
2026-07-02T18:29:24.371260+00:00,2026-07-02T18:29:24.371166,2,3,124.85,0.1,124.8,625,124.5,5,,,,,,,,,,,,,,,,,124.9,1,125.0,825,125.4,500,,,,,,,,,,,,,,
2026-07-02T18:29:24.376596+00:00,2026-07-02T18:29:24.376439,2,2,124.85,0.1,124.8,625,124.5,5,,,,,,,,,,,,,,,,,124.9,1,125.0,825,,,,,,,,,,,,,,,,
2026-07-02T18:29:24.381771+00:00,2026-07-02T18:29:24.381685,2,2,124.85,0.1,124.8,625,124.5,505,,,,,,,,,,,,,,,,,124.9,1,125.0,825,,,,,,,,,,,,,,,,
2026-07-02T18:29:24.392228+00:00,2026-07-02T18:29:24.392101,2,3,124.85,0.1,124.8,625,124.5,505,,,,,,,,,,,,,,,,,124.9,1,125.0,825,125.3,500,,,,,,,,,,,,,,
2026-07-02T18:29:24.463945+00:00,2026-07-02T18:29:24.463863,2,3,124.85,0.1,124.8,625,124.5,505,,,,,,,,,,,,,,,,,124.9,1,125.0,625,125.3,500,,,,,,,,,,,,,,
2026-07-02T18:29:24.469129+00:00,2026-07-02T18:29:24.469035,2,3,124.85,0.1,124.8,825,124.5,505,,,,,,,,,,,,,,,,,124.9,1,125.0,825,125.3,500,,,,,,,,,,,,,,
2026-07-02T18:29:24.844574+00:00,2026-07-02T18:29:24.849823,3,3,124.95,0.1,124.9,624,124.8,200,124.5,505,,,,,,,,,,,,,,,125.0,200,125.1,625,125.3,500,,,,,,,,,,,,,,
2026-07-02T18:29:24.972793+00:00,2026-07-02T18:29:24.972639,3,3,124.95,0.1,124.9,624,124.8,200,124.5,5,,,,,,,,,,,,,,,125.0,200,125.1,625,125.3,500,,,,,,,,,,,,,,
2026-07-02T18:29:24.977983+00:00,2026-07-02T18:29:24.977906,3,2,124.95,0.1,124.9,624,124.8,200,124.5,5,,,,,,,,,,,,,,,125.0,200,125.1,625,,,,,,,,,,,,,,,,
2026-07-02T18:29:24.983234+00:00,2026-07-02T18:29:24.983157,4,2,124.95,0.1,124.9,624,124.8,200,124.6,500,124.5,5,,,,,,,,,,,,,125.0,200,125.1,625,,,,,,,,,,,,,,,,
2026-07-02T18:29:24.993716+00:00,2026-07-02T18:29:24.993557,4,3,124.95,0.1,124.9,624,124.8,200,124.6,500,124.5,5,,,,,,,,,,,,,125.0,200,125.1,625,125.3,500,,,,,,,,,,,,,,
2026-07-02T18:29:25.665021+00:00,2026-07-02T18:29:25.664622,4,3,124.95,0.1,124.9,624,124.8,200,124.6,500,124.5,5,,,,,,,,,,,,,125.0,200,125.1,625,125.3,500,,,,,,,,,,,,,,
2026-07-02T18:29:25.670379+00:00,2026-07-02T18:29:25.670307,3,3,124.95,0.1,124.9,624,124.6,500,124.5,5,,,,,,,,,,,,,,,125.0,200,125.1,625,125.3,500,,,,,,,,,,,,,,
2026-07-02T18:29:25.675664+00:00,2026-07-02T18:29:25.675561,3,2,125.0,0.2,124.9,824,124.6,500,124.5,5,,,,,,,,,,,,,,,125.1,825,125.3,500,,,,,,,,,,,,,,,,
2026-07-02T18:29:26.164055+00:00,2026-07-02T18:29:26.163933,4,2,125.0,0.2,124.9,200,124.8,625,124.6,500,124.5,5,,,,,,,,,,,,,125.1,200,125.3,500,,,,,,,,,,,,,,,,
2026-07-02T18:29:26.169050+00:00,2026-07-02T18:29:26.169136,4,3,124.95,0.1,124.9,200,124.8,625,124.6,500,124.5,5,,,,,,,,,,,,,125.0,625,125.1,200,125.3,500,,,,,,,,,,,,,,
2026-07-02T18:29:26.203032+00:00,2026-07-02T18:29:26.202871,3,3,124.95,0.1,124.9,200,124.8,625,124.5,5,,,,,,,,,,,,,,,125.0,625,125.1,200,125.3,500,,,,,,,,,,,,,,
2026-07-02T18:29:26.213407+00:00,2026-07-02T18:29:26.213210,3,2,124.95,0.1,124.9,200,124.8,625,124.5,5,,,,,,,,,,,,,,,125.0,625,125.1,200,,,,,,,,,,,,,,,,
2026-07-02T18:29:26.218726+00:00,2026-07-02T18:29:26.218617,3,3,124.95,0.1,124.9,200,124.8,625,124.5,505,,,,,,,,,,,,,,,125.0,625,125.1,200,125.2,500,,,,,,,,,,,,,,
2026-07-02T18:29:26.806459+00:00,2026-07-02T18:29:26.806356,3,3,124.95,0.1,124.9,200,124.8,625,124.5,5,,,,,,,,,,,,,,,125.0,625,125.1,200,125.2,500,,,,,,,,,,,,,,
2026-07-02T18:29:26.811878+00:00,2026-07-02T18:29:26.811660,3,2,124.95,0.1,124.9,200,124.8,625,124.5,5,,,,,,,,,,,,,,,125.0,625,125.1,200,,,,,,,,,,,,,,,,
2026-07-02T18:29:26.817050+00:00,2026-07-02T18:29:26.816936,4,2,124.95,0.1,124.9,200,124.8,625,124.5,5,124.4,500,,,,,,,,,,,,,125.0,625,125.1,200,,,,,,,,,,,,,,,,
2026-07-02T18:29:26.827245+00:00,2026-07-02T18:29:26.827330,4,3,124.95,0.1,124.9,200,124.8,625,124.5,5,124.4,500,,,,,,,,,,,,,125.0,625,125.1,200,125.2,500,,,,,,,,,,,,,,
2026-07-02T18:29:26.876196+00:00,2026-07-02T18:29:26.876081,3,3,124.9,0.2,124.8,625,124.5,5,124.4,500,,,,,,,,,,,,,,,125.0,625,125.1,200,125.2,500,,,,,,,,,,,,,,
2026-07-02T18:29:26.881367+00:00,2026-07-02T18:29:26.881323,4,3,124.95,0.1,124.9,200,124.8,625,124.5,5,124.4,500,,,,,,,,,,,,,125.0,625,125.1,200,125.2,500,,,,,,,,,,,,,,
2026-07-02T18:29:26.958862+00:00,2026-07-02T18:29:26.935661,4,3,124.95,0.1,124.9,200,124.8,625,124.5,5,124.4,500,,,,,,,,,,,,,125.0,631,125.1,200,125.2,500,,,,,,,,,,,,,,
2026-07-02T18:29:27.408007+00:00,2026-07-02T18:29:27.407900,3,3,124.95,0.1,124.9,200,124.8,625,124.5,5,,,,,,,,,,,,,,,125.0,631,125.1,200,125.2,500,,,,,,,,,,,,,,
2026-07-02T18:29:27.413273+00:00,2026-07-02T18:29:27.413185,3,2,124.95,0.1,124.9,200,124.8,625,124.5,5,,,,,,,,,,,,,,,125.0,631,125.1,200,,,,,,,,,,,,,,,,
2026-07-02T18:29:27.418507+00:00,2026-07-02T18:29:27.418455,3,2,124.95,0.1,124.9,200,124.8,625,124.5,505,,,,,,,,,,,,,,,125.0,631,125.1,200,,,,,,,,,,,,,,,,
2026-07-02T18:29:27.429001+00:00,2026-07-02T18:29:27.428894,3,3,124.95,0.1,124.9,200,124.8,625,124.5,505,,,,,,,,,,,,,,,125.0,631,125.1,200,125.2,500,,,,,,,,,,,,,,
2026-07-02T18:29:27.474504+00:00,2026-07-02T18:29:27.474473,2,3,124.95,0.1,124.9,200,124.5,505,,,,,,,,,,,,,,,,,125.0,6,125.1,200,125.2,500,,,,,,,,,,,,,,
2026-07-02T18:29:27.479803+00:00,2026-07-02T18:29:27.479716,2,3,124.95,0.1,124.9,825,124.5,505,,,,,,,,,,,,,,,,,125.0,6,125.1,825,125.2,500,,,,,,,,,,,,,,
2026-07-02T18:29:27.710421+00:00,2026-07-02T18:29:27.710316,2,2,125.0,0.2,124.9,825,124.5,500,,,,,,,,,,,,,,,,,125.1,825,125.2,500,,,,,,,,,,,,,,,,
2026-07-02T18:29:28.009621+00:00,2026-07-02T18:29:28.009555,1,2,125.0,0.2,124.9,825,,,,,,,,,,,,,,,,,,,125.1,825,125.2,500,,,,,,,,,,,,,,,,
2026-07-02T18:29:28.020023+00:00,2026-07-02T18:29:28.019917,1,1,125.0,0.2,124.9,825,,,,,,,,,,,,,,,,,,,125.1,825,,,,,,,,,,,,,,,,,,
2026-07-02T18:29:28.025237+00:00,2026-07-02T18:29:28.025167,2,1,125.0,0.2,124.9,825,124.4,500,,,,,,,,,,,,,,,,,125.1,825,,,,,,,,,,,,,,,,,,
2026-07-02T18:29:28.035681+00:00,2026-07-02T18:29:28.035536,2,2,125.0,0.2,124.9,825,124.4,500,,,,,,,,,,,,,,,,,125.1,825,125.2,500,,,,,,,,,,,,,,,,
2026-07-02T18:29:28.083809+00:00,2026-07-02T18:29:28.083932,2,2,125.0,0.2,124.9,625,124.4,500,,,,,,,,,,,,,,,,,125.1,825,125.2,500,,,,,,,,,,,,,,,,
2026-07-02T18:29:28.089197+00:00,2026-07-02T18:29:28.089102,2,2,125.0,0.2,124.9,625,124.4,500,,,,,,,,,,,,,,,,,125.1,625,125.2,500,,,,,,,,,,,,,,,,
2026-07-02T18:29:28.094412+00:00,2026-07-02T18:29:28.094308,3,3,124.95,0.1,124.9,625,124.8,200,124.4,500,,,,,,,,,,,,,,,125.0,200,125.1,625,125.2,500,,,,,,,,,,,,,,
2026-07-02T18:29:28.612493+00:00,2026-07-02T18:29:28.612326,2,3,124.95,0.1,124.9,625,124.8,200,,,,,,,,,,,,,,,,,125.0,200,125.1,625,125.2,500,,,,,,,,,,,,,,
2026-07-02T18:29:28.617783+00:00,2026-07-02T18:29:28.617612,2,2,124.95,0.1,124.9,625,124.8,200,,,,,,,,,,,,,,,,,125.0,200,125.1,625,,,,,,,,,,,,,,,,
2026-07-02T18:29:28.622945+00:00,2026-07-02T18:29:28.622880,3,2,124.95,0.1,124.9,625,124.8,200,124.4,500,,,,,,,,,,,,,,,125.0,200,125.1,625,,,,,,,,,,,,,,,,
2026-07-02T18:29:28.633442+00:00,2026-07-02T18:29:28.633305,3,3,124.95,0.1,124.9,625,124.8,200,124.4,500,,,,,,,,,,,,,,,125.0,200,125.1,625,125.2,500,,,,,,,,,,,,,,
2026-07-02T18:29:28.785767+00:00,2026-07-02T18:29:28.785652,2,2,124.9,0.2,124.8,200,124.4,500,,,,,,,,,,,,,,,,,125.0,200,125.2,500,,,,,,,,,,,,,,,,
2026-07-02T18:29:28.790925+00:00,2026-07-02T18:29:28.790895,3,1,125.1,0.2,125.0,425,124.8,200,124.4,500,,,,,,,,,,,,,,,125.2,500,,,,,,,,,,,,,,,,,,
2026-07-02T18:29:28.796146+00:00,2026-07-02T18:29:28.796065,3,1,125.1,0.2,125.0,425,124.8,200,124.4,500,,,,,,,,,,,,,,,125.2,1125,,,,,,,,,,,,,,,,,,
2026-07-02T18:29:29.215536+00:00,2026-07-02T18:29:29.215438,2,1,125.1,0.2,125.0,425,124.8,200,,,,,,,,,,,,,,,,,125.2,1125,,,,,,,,,,,,,,,,,,
2026-07-02T18:29:29.220748+00:00,2026-07-02T18:29:29.220692,2,1,125.1,0.2,125.0,425,124.8,200,,,,,,,,,,,,,,,,,125.2,625,,,,,,,,,,,,,,,,,,
2026-07-02T18:29:29.226083+00:00,2026-07-02T18:29:29.225962,3,1,125.1,0.2,125.0,425,124.8,200,124.5,500,,,,,,,,,,,,,,,125.2,625,,,,,,,,,,,,,,,,,,
2026-07-02T18:29:29.231276+00:00,2026-07-02T18:29:29.231188,3,1,125.1,0.2,125.0,425,124.8,200,124.5,500,,,,,,,,,,,,,,,125.2,1125,,,,,,,,,,,,,,,,,,
2026-07-02T18:29:29.299265+00:00,2026-07-02T18:29:29.299111,2,1,125.1,0.2,125.0,425,124.5,500,,,,,,,,,,,,,,,,,125.2,1125,,,,,,,,,,,,,,,,,,
2026-07-02T18:29:29.304458+00:00,2026-07-02T18:29:29.304371,3,1,125.1,0.2,125.0,225,124.8,200,124.5,500,,,,,,,,,,,,,,,125.2,1125,,,,,,,,,,,,,,,,,,
2026-07-02T18:29:29.819672+00:00,2026-07-02T18:29:29.819540,2,1,125.1,0.2,125.0,225,124.8,200,,,,,,,,,,,,,,,,,125.2,1125,,,,,,,,,,,,,,,,,,
2026-07-02T18:29:29.824879+00:00,2026-07-02T18:29:29.824817,2,1,125.1,0.2,125.0,225,124.8,200,,,,,,,,,,,,,,,,,125.2,625,,,,,,,,,,,,,,,,,,
2026-07-02T18:29:29.835329+00:00,2026-07-02T18:29:29.835178,3,1,125.1,0.2,125.0,225,124.8,200,124.5,500,,,,,,,,,,,,,,,125.2,625,,,,,,,,,,,,,,,,,,
2026-07-02T18:29:29.840547+00:00,2026-07-02T18:29:29.840437,3,1,125.1,0.2,125.0,225,124.8,200,124.5,500,,,,,,,,,,,,,,,125.2,1125,,,,,,,,,,,,,,,,,,
2026-07-02T18:29:29.958800+00:00,2026-07-02T18:29:29.958689,3,1,125.1,0.2,125.0,225,124.8,200,124.5,500,,,,,,,,,,,,,,,125.2,1105,,,,,,,,,,,,,,,,,,
2026-07-02T18:29:30.099029+00:00,2026-07-02T18:29:30.098978,2,1,125.0,0.4,124.8,200,124.5,500,,,,,,,,,,,,,,,,,125.2,500,,,,,,,,,,,,,,,,,,
2026-07-02T18:29:30.104336+00:00,2026-07-02T18:29:30.104235,3,2,124.85,0.1,124.8,200,124.7,625,124.5,500,,,,,,,,,,,,,,,124.9,625,125.2,500,,,,,,,,,,,,,,,,
2026-07-02T18:29:30.423017+00:00,2026-07-02T18:29:30.422800,2,1,124.85,0.1,124.8,200,124.7,625,,,,,,,,,,,,,,,,,124.9,625,,,,,,,,,,,,,,,,,,
2026-07-02T18:29:30.428297+00:00,2026-07-02T18:29:30.428053,3,1,124.85,0.1,124.8,200,124.7,625,124.5,500,,,,,,,,,,,,,,,124.9,625,,,,,,,,,,,,,,,,,,
2026-07-02T18:29:30.433424+00:00,2026-07-02T18:29:30.433315,3,2,124.85,0.1,124.8,200,124.7,625,124.5,500,,,,,,,,,,,,,,,124.9,625,125.3,500,,,,,,,,,,,,,,,,
2026-07-02T18:29:30.507278+00:00,2026-07-02T18:29:30.507138,2,2,124.8,0.2,124.7,625,124.5,500,,,,,,,,,,,,,,,,,124.9,625,125.3,500,,,,,,,,,,,,,,,,
2026-07-02T18:29:30.512482+00:00,2026-07-02T18:29:30.512376,2,2,124.8,0.2,124.7,625,124.5,500,,,,,,,,,,,,,,,,,124.9,425,125.3,500,,,,,,,,,,,,,,,,
2026-07-02T18:29:30.517600+00:00,2026-07-02T18:29:30.517545,2,3,124.8,0.2,124.7,625,124.5,500,,,,,,,,,,,,,,,,,124.9,425,125.2,200,125.3,500,,,,,,,,,,,,,,
2026-07-02T18:29:31.022083+00:00,2026-07-02T18:29:31.021961,1,3,124.8,0.2,124.7,625,,,,,,,,,,,,,,,,,,,124.9,425,125.2,200,125.3,500,,,,,,,,,,,,,,
2026-07-02T18:29:31.027275+00:00,2026-07-02T18:29:31.027221,1,2,124.8,0.2,124.7,625,,,,,,,,,,,,,,,,,,,124.9,425,125.2,200,,,,,,,,,,,,,,,,
2026-07-02T18:29:31.037522+00:00,2026-07-02T18:29:31.037601,2,2,124.8,0.2,124.7,625,124.5,500,,,,,,,,,,,,,,,,,124.9,425,125.2,200,,,,,,,,,,,,,,,,
2026-07-02T18:29:31.042962+00:00,2026-07-02T18:29:31.042856,2,3,124.8,0.2,124.7,625,124.5,500,,,,,,,,,,,,,,,,,124.9,425,125.2,200,125.3,500,,,,,,,,,,,,,,
2026-07-02T18:29:31.464175+00:00,2026-07-02T18:29:31.464042,2,3,124.8,0.2,124.7,625,124.5,500,,,,,,,,,,,,,,,,,124.9,625,125.2,200,125.3,500,,,,,,,,,,,,,,
2026-07-02T18:29:31.650722+00:00,2026-07-02T18:29:31.650609,1,3,124.8,0.2,124.7,625,,,,,,,,,,,,,,,,,,,124.9,625,125.2,200,125.3,500,,,,,,,,,,,,,,
2026-07-02T18:29:31.661150+00:00,2026-07-02T18:29:31.660997,1,2,124.8,0.2,124.7,625,,,,,,,,,,,,,,,,,,,124.9,625,125.2,200,,,,,,,,,,,,,,,,
2026-07-02T18:29:31.666422+00:00,2026-07-02T18:29:31.666248,2,2,124.8,0.2,124.7,625,124.5,500,,,,,,,,,,,,,,,,,124.9,625,125.2,200,,,,,,,,,,,,,,,,
2026-07-02T18:29:31.671558+00:00,2026-07-02T18:29:31.671532,2,3,124.8,0.2,124.7,625,124.5,500,,,,,,,,,,,,,,,,,124.9,625,125.2,200,125.3,500,,,,,,,,,,,,,,
2026-07-02T18:29:31.721331+00:00,2026-07-02T18:29:31.721141,2,2,124.8,0.2,124.7,625,124.5,500,,,,,,,,,,,,,,,,,124.9,625,125.3,500,,,,,,,,,,,,,,,,
2026-07-02T18:29:31.726293+00:00,2026-07-02T18:29:31.726457,2,3,124.8,0.2,124.7,625,124.5,500,,,,,,,,,,,,,,,,,124.9,425,125.1,200,125.3,500,,,,,,,,,,,,,,
2026-07-02T18:29:32.264237+00:00,2026-07-02T18:29:32.264027,1,2,124.8,0.2,124.7,625,,,,,,,,,,,,,,,,,,,124.9,425,125.1,200,,,,,,,,,,,,,,,,
2026-07-02T18:29:32.269347+00:00,2026-07-02T18:29:32.269275,2,2,124.8,0.2,124.7,625,124.5,500,,,,,,,,,,,,,,,,,124.9,425,125.1,200,,,,,,,,,,,,,,,,
2026-07-02T18:29:32.279788+00:00,2026-07-02T18:29:32.279624,2,3,124.8,0.2,124.7,625,124.5,500,,,,,,,,,,,,,,,,,124.9,425,125.1,200,125.3,500,,,,,,,,,,,,,,
2026-07-02T18:29:32.718832+00:00,2026-07-02T18:29:32.718749,1,2,124.8,0.6,124.5,500,,,,,,,,,,,,,,,,,,,125.1,200,125.3,500,,,,,,,,,,,,,,,,
2026-07-02T18:29:32.724042+00:00,2026-07-02T18:29:32.723949,2,2,124.9,0.4,124.7,625,124.5,500,,,,,,,,,,,,,,,,,125.1,200,125.3,500,,,,,,,,,,,,,,,,
2026-07-02T18:29:32.729231+00:00,2026-07-02T18:29:32.729123,2,3,124.8,0.2,124.7,625,124.5,500,,,,,,,,,,,,,,,,,124.9,625,125.1,200,125.3,500,,,,,,,,,,,,,,
2026-07-02T18:29:32.854140+00:00,2026-07-02T18:29:32.858116,1,2,124.8,0.2,124.7,625,,,,,,,,,,,,,,,,,,,124.9,625,125.1,200,,,,,,,,,,,,,,,,
2026-07-02T18:29:32.875134+00:00,2026-07-02T18:29:32.875050,2,2,124.8,0.2,124.7,625,124.6,500,,,,,,,,,,,,,,,,,124.9,625,125.1,200,,,,,,,,,,,,,,,,
2026-07-02T18:29:32.880410+00:00,2026-07-02T18:29:32.880328,2,3,124.8,0.2,124.7,625,124.6,500,,,,,,,,,,,,,,,,,124.9,625,125.1,200,125.3,500,,,,,,,,,,,,,,
2026-07-02T18:29:32.931793+00:00,2026-07-02T18:29:32.931653,2,2,124.8,0.2,124.7,625,124.6,500,,,,,,,,,,,,,,,,,124.9,625,125.3,500,,,,,,,,,,,,,,,,
2026-07-02T18:29:32.936957+00:00,2026-07-02T18:29:32.936911,3,3,124.85,0.1,124.8,200,124.7,625,124.6,500,,,,,,,,,,,,,,,124.9,625,125.0,200,125.3,500,,,,,,,,,,,,,,
2026-07-02T18:29:33.458587+00:00,2026-07-02T18:29:33.457092,2,3,124.85,0.1,124.8,200,124.7,625,,,,,,,,,,,,,,,,,124.9,625,125.0,200,125.3,500,,,,,,,,,,,,,,
2026-07-02T18:29:33.470633+00:00,2026-07-02T18:29:33.470425,2,2,124.85,0.1,124.8,200,124.7,625,,,,,,,,,,,,,,,,,124.9,625,125.0,200,,,,,,,,,,,,,,,,
2026-07-02T18:29:33.475751+00:00,2026-07-02T18:29:33.475680,2,2,124.85,0.1,124.8,200,124.7,1125,,,,,,,,,,,,,,,,,124.9,625,125.0,200,,,,,,,,,,,,,,,,
2026-07-02T18:29:33.486176+00:00,2026-07-02T18:29:33.486063,2,3,124.85,0.1,124.8,200,124.7,1125,,,,,,,,,,,,,,,,,124.9,625,125.0,200,125.4,500,,,,,,,,,,,,,,
2026-07-02T18:29:33.496556+00:00,2026-07-02T18:29:33.496500,2,3,124.85,0.1,124.8,200,124.7,1225,,,,,,,,,,,,,,,,,124.9,625,125.0,271,125.4,500,,,,,,,,,,,,,,
2026-07-02T18:29:33.501758+00:00,2026-07-02T18:29:33.501723,2,3,124.85,0.1,124.8,200,124.7,1200,,,,,,,,,,,,,,,,,124.9,625,125.0,271,125.4,500,,,,,,,,,,,,,,
2026-07-02T18:29:33.548507+00:00,2026-07-02T18:29:33.558656,2,3,124.85,0.1,124.8,200,124.7,1200,,,,,,,,,,,,,,,,,124.9,625,125.0,250,125.4,500,,,,,,,,,,,,,,
2026-07-02T18:29:33.573510+00:00,2026-07-02T18:29:33.573354,2,3,124.85,0.1,124.8,200,124.7,1175,,,,,,,,,,,,,,,,,124.9,625,125.0,250,125.4,500,,,,,,,,,,,,,,
2026-07-02T18:29:33.613807+00:00,2026-07-02T18:29:33.613742,2,3,124.85,0.1,124.8,200,124.7,1175,,,,,,,,,,,,,,,,,124.9,625,125.0,234,125.4,500,,,,,,,,,,,,,,
2026-07-02T18:29:34.030047+00:00,2026-07-02T18:29:34.029946,2,3,124.85,0.1,124.8,200,124.7,550,,,,,,,,,,,,,,,,,124.9,625,125.0,234,125.4,500,,,,,,,,,,,,,,
2026-07-02T18:29:34.035318+00:00,2026-07-02T18:29:34.035235,2,2,124.9,0.2,124.8,200,124.7,1175,,,,,,,,,,,,,,,,,125.0,234,125.4,500,,,,,,,,,,,,,,,,
2026-07-02T18:29:34.040579+00:00,2026-07-02T18:29:34.040435,2,3,124.85,0.1,124.8,200,124.7,1175,,,,,,,,,,,,,,,,,124.9,625,125.0,234,125.4,500,,,,,,,,,,,,,,
2026-07-02T18:29:34.063923+00:00,2026-07-02T18:29:34.063805,2,3,124.85,0.1,124.8,200,124.7,675,,,,,,,,,,,,,,,,,124.9,625,125.0,234,125.4,500,,,,,,,,,,,,,,
2026-07-02T18:29:34.069196+00:00,2026-07-02T18:29:34.069062,2,2,124.85,0.1,124.8,200,124.7,675,,,,,,,,,,,,,,,,,124.9,625,125.0,234,,,,,,,,,,,,,,,,
2026-07-02T18:29:34.074408+00:00,2026-07-02T18:29:34.074307,3,2,124.85,0.1,124.8,200,124.7,675,124.6,500,,,,,,,,,,,,,,,124.9,625,125.0,234,,,,,,,,,,,,,,,,
2026-07-02T18:29:34.079672+00:00,2026-07-02T18:29:34.079575,3,3,124.85,0.1,124.8,200,124.7,675,124.6,500,,,,,,,,,,,,,,,124.9,625,125.0,234,125.3,500,,,,,,,,,,,,,,
2026-07-02T18:29:34.141489+00:00,2026-07-02T18:29:34.141413,2,3,124.8,0.2,124.7,675,124.6,500,,,,,,,,,,,,,,,,,124.9,625,125.0,34,125.3,500,,,,,,,,,,,,,,
2026-07-02T18:29:34.146718+00:00,2026-07-02T18:29:34.146660,2,3,124.8,0.2,124.7,875,124.6,500,,,,,,,,,,,,,,,,,124.9,825,125.0,34,125.3,500,,,,,,,,,,,,,,
2026-07-02T18:29:34.483054+00:00,2026-07-02T18:29:34.482993,2,3,124.8,0.2,124.7,831,124.6,500,,,,,,,,,,,,,,,,,124.9,825,125.0,34,125.3,500,,,,,,,,,,,,,,
2026-07-02T18:29:34.488378+00:00,2026-07-02T18:29:34.488202,2,3,124.8,0.2,124.7,831,124.6,500,,,,,,,,,,,,,,,,,124.9,825,125.0,6,125.3,500,,,,,,,,,,,,,,
2026-07-02T18:29:34.663852+00:00,2026-07-02T18:29:34.663772,1,3,124.8,0.2,124.7,831,,,,,,,,,,,,,,,,,,,124.9,825,125.0,6,125.3,500,,,,,,,,,,,,,,
2026-07-02T18:29:34.669093+00:00,2026-07-02T18:29:34.669029,1,2,124.8,0.2,124.7,831,,,,,,,,,,,,,,,,,,,124.9,825,125.0,6,,,,,,,,,,,,,,,,
2026-07-02T18:29:34.679673+00:00,2026-07-02T18:29:34.679391,2,2,124.8,0.2,124.7,831,124.6,500,,,,,,,,,,,,,,,,,124.9,825,125.0,6,,,,,,,,,,,,,,,,
2026-07-02T18:29:34.684762+00:00,2026-07-02T18:29:34.684650,2,3,124.8,0.2,124.7,831,124.6,500,,,,,,,,,,,,,,,,,124.9,825,125.0,6,125.3,500,,,,,,,,,,,,,,
2026-07-02T18:29:34.760521+00:00,2026-07-02T18:29:34.759572,2,3,124.8,0.2,124.7,820,124.6,500,,,,,,,,,,,,,,,,,124.9,825,125.0,6,125.3,500,,,,,,,,,,,,,,
2026-07-02T18:29:35.113019+00:00,2026-07-02T18:29:35.112869,2,3,124.8,0.2,124.7,800,124.6,500,,,,,,,,,,,,,,,,,124.9,825,125.0,6,125.3,500,,,,,,,,,,,,,,
2026-07-02T18:29:35.272239+00:00,2026-07-02T18:29:35.271969,1,3,124.8,0.2,124.7,800,,,,,,,,,,,,,,,,,,,124.9,825,125.0,6,125.3,500,,,,,,,,,,,,,,
2026-07-02T18:29:35.277501+00:00,2026-07-02T18:29:35.277251,1,2,124.8,0.2,124.7,800,,,,,,,,,,,,,,,,,,,124.9,825,125.0,6,,,,,,,,,,,,,,,,
2026-07-02T18:29:35.282687+00:00,2026-07-02T18:29:35.282518,2,2,124.8,0.2,124.7,800,124.6,500,,,,,,,,,,,,,,,,,124.9,825,125.0,6,,,,,,,,,,,,,,,,
2026-07-02T18:29:35.287965+00:00,2026-07-02T18:29:35.287789,2,3,124.8,0.2,124.7,800,124.6,500,,,,,,,,,,,,,,,,,124.9,825,125.0,6,125.3,500,,,,,,,,,,,,,,
2026-07-02T18:29:35.344273+00:00,2026-07-02T18:29:35.344115,2,3,124.8,0.2,124.7,200,124.6,500,,,,,,,,,,,,,,,,,124.9,200,125.0,6,125.3,500,,,,,,,,,,,,,,
2026-07-02T18:29:35.361090+00:00,2026-07-02T18:29:35.360227,2,2,124.9,0.2,124.8,813,124.6,500,,,,,,,,,,,,,,,,,125.0,831,125.3,500,,,,,,,,,,,,,,,,
2026-07-02T18:29:35.874956+00:00,2026-07-02T18:29:35.874749,1,2,124.9,0.2,124.8,813,,,,,,,,,,,,,,,,,,,125.0,831,125.3,500,,,,,,,,,,,,,,,,
2026-07-02T18:29:35.880174+00:00,2026-07-02T18:29:35.880015,1,1,124.9,0.2,124.8,813,,,,,,,,,,,,,,,,,,,125.0,831,,,,,,,,,,,,,,,,,,
2026-07-02T18:29:35.890543+00:00,2026-07-02T18:29:35.890454,2,1,124.9,0.2,124.8,813,124.5,500,,,,,,,,,,,,,,,,,125.0,831,,,,,,,,,,,,,,,,,,
2026-07-02T18:29:35.895837+00:00,2026-07-02T18:29:35.895710,2,2,124.9,0.2,124.8,813,124.5,500,,,,,,,,,,,,,,,,,125.0,831,125.3,500,,,,,,,,,,,,,,,,
2026-07-02T18:29:36.477843+00:00,2026-07-02T18:29:36.477602,1,2,124.9,0.2,124.8,813,,,,,,,,,,,,,,,,,,,125.0,831,125.3,500,,,,,,,,,,,,,,,,
2026-07-02T18:29:36.483036+00:00,2026-07-02T18:29:36.482862,1,1,124.9,0.2,124.8,813,,,,,,,,,,,,,,,,,,,125.0,831,,,,,,,,,,,,,,,,,,
2026-07-02T18:29:36.488262+00:00,2026-07-02T18:29:36.488102,2,1,124.9,0.2,124.8,813,124.5,500,,,,,,,,,,,,,,,,,125.0,831,,,,,,,,,,,,,,,,,,
2026-07-02T18:29:36.498622+00:00,2026-07-02T18:29:36.498477,2,2,124.9,0.2,124.8,813,124.5,500,,,,,,,,,,,,,,,,,125.0,831,125.2,500,,,,,,,,,,,,,,,,
2026-07-02T18:29:36.564581+00:00,2026-07-02T18:29:36.564545,2,2,124.9,0.2,124.8,613,124.5,500,,,,,,,,,,,,,,,,,125.0,631,125.2,500,,,,,,,,,,,,,,,,
2026-07-02T18:29:36.569781+00:00,2026-07-02T18:29:36.569745,2,2,124.9,0.2,124.8,813,124.5,500,,,,,,,,,,,,,,,,,125.0,831,125.2,500,,,,,,,,,,,,,,,,
2026-07-02T18:29:36.658613+00:00,2026-07-02T18:29:36.654411,3,2,124.9,0.2,124.8,200,124.7,625,124.5,500,,,,,,,,,,,,,,,125.0,831,125.2,500,,,,,,,,,,,,,,,,
2026-07-02T18:29:37.080600+00:00,2026-07-02T18:29:37.080433,2,2,124.9,0.2,124.8,200,124.7,625,,,,,,,,,,,,,,,,,125.0,831,125.2,500,,,,,,,,,,,,,,,,
2026-07-02T18:29:37.085877+00:00,2026-07-02T18:29:37.085712,2,1,124.9,0.2,124.8,200,124.7,625,,,,,,,,,,,,,,,,,125.0,831,,,,,,,,,,,,,,,,,,
2026-07-02T18:29:37.091012+00:00,2026-07-02T18:29:37.090987,3,1,124.9,0.2,124.8,200,124.7,625,124.5,500,,,,,,,,,,,,,,,125.0,831,,,,,,,,,,,,,,,,,,
2026-07-02T18:29:37.101594+00:00,2026-07-02T18:29:37.101397,3,2,124.9,0.2,124.8,200,124.7,625,124.5,500,,,,,,,,,,,,,,,125.0,831,125.2,500,,,,,,,,,,,,,,,,
2026-07-02T18:29:37.513360+00:00,2026-07-02T18:29:37.513270,3,2,124.9,0.2,124.8,200,124.7,629,124.5,500,,,,,,,,,,,,,,,125.0,831,125.2,500,,,,,,,,,,,,,,,,
2026-07-02T18:29:37.709939+00:00,2026-07-02T18:29:37.709777,2,2,124.9,0.2,124.8,200,124.7,629,,,,,,,,,,,,,,,,,125.0,831,125.2,500,,,,,,,,,,,,,,,,
2026-07-02T18:29:37.715122+00:00,2026-07-02T18:29:37.715039,2,1,124.9,0.2,124.8,200,124.7,629,,,,,,,,,,,,,,,,,125.0,831,,,,,,,,,,,,,,,,,,
2026-07-02T18:29:37.720448+00:00,2026-07-02T18:29:37.720305,3,1,124.9,0.2,124.8,200,124.7,629,124.5,500,,,,,,,,,,,,,,,125.0,831,,,,,,,,,,,,,,,,,,
2026-07-02T18:29:37.725625+00:00,2026-07-02T18:29:37.725555,3,2,124.9,0.2,124.8,200,124.7,629,124.5,500,,,,,,,,,,,,,,,125.0,831,125.2,500,,,,,,,,,,,,,,,,
2026-07-02T18:29:37.772842+00:00,2026-07-02T18:29:37.772774,2,2,124.85,0.3,124.7,629,124.5,500,,,,,,,,,,,,,,,,,125.0,831,125.2,500,,,,,,,,,,,,,,,,
2026-07-02T18:29:37.778243+00:00,2026-07-02T18:29:37.778180,3,2,124.9,0.2,124.8,200,124.7,629,124.5,500,,,,,,,,,,,,,,,125.0,831,125.2,500,,,,,,,,,,,,,,,,
2026-07-02T18:29:37.969108+00:00,2026-07-02T18:29:37.968978,3,2,124.9,0.2,124.8,200,124.7,4,124.5,500,,,,,,,,,,,,,,,125.0,206,125.2,500,,,,,,,,,,,,,,,,
2026-07-02T18:29:37.974282+00:00,2026-07-02T18:29:37.974236,3,3,124.9,0.2,124.8,825,124.7,4,124.5,500,,,,,,,,,,,,,,,125.0,206,125.1,625,125.2,500,,,,,,,,,,,,,,
2026-07-02T18:29:38.313416+00:00,2026-07-02T18:29:38.313265,2,3,124.9,0.2,124.8,825,124.7,4,,,,,,,,,,,,,,,,,125.0,206,125.1,625,125.2,500,,,,,,,,,,,,,,
2026-07-02T18:29:38.318663+00:00,2026-07-02T18:29:38.318566,2,2,124.9,0.2,124.8,825,124.7,4,,,,,,,,,,,,,,,,,125.0,206,125.1,625,,,,,,,,,,,,,,,,
2026-07-02T18:29:38.329103+00:00,2026-07-02T18:29:38.328961,3,2,124.9,0.2,124.8,825,124.7,4,124.5,500,,,,,,,,,,,,,,,125.0,206,125.1,625,,,,,,,,,,,,,,,,
2026-07-02T18:29:38.334294+00:00,2026-07-02T18:29:38.334213,3,3,124.9,0.2,124.8,825,124.7,4,124.5,500,,,,,,,,,,,,,,,125.0,206,125.1,625,125.2,500,,,,,,,,,,,,,,
2026-07-02T18:29:38.916497+00:00,2026-07-02T18:29:38.916378,2,3,124.9,0.2,124.8,825,124.7,4,,,,,,,,,,,,,,,,,125.0,206,125.1,625,125.2,500,,,,,,,,,,,,,,
2026-07-02T18:29:38.921536+00:00,2026-07-02T18:29:38.921677,2,2,124.9,0.2,124.8,825,124.7,4,,,,,,,,,,,,,,,,,125.0,206,125.1,625,,,,,,,,,,,,,,,,
2026-07-02T18:29:38.927087+00:00,2026-07-02T18:29:38.927026,3,2,124.9,0.2,124.8,825,124.7,4,124.5,500,,,,,,,,,,,,,,,125.0,206,125.1,625,,,,,,,,,,,,,,,,
2026-07-02T18:29:38.932100+00:00,2026-07-02T18:29:38.931588,3,3,124.9,0.2,124.8,825,124.7,4,124.5,500,,,,,,,,,,,,,,,125.0,206,125.1,625,125.2,500,,,,,,,,,,,,,,
2026-07-02T18:29:38.981968+00:00,2026-07-02T18:29:38.981827,3,3,124.9,0.2,124.8,625,124.7,4,124.5,500,,,,,,,,,,,,,,,125.0,206,125.1,625,125.2,500,,,,,,,,,,,,,,
2026-07-02T18:29:38.987196+00:00,2026-07-02T18:29:38.987158,4,2,125.05,0.1,125.0,194,124.8,625,124.7,4,124.5,500,,,,,,,,,,,,,125.1,625,125.2,500,,,,,,,,,,,,,,,,
2026-07-02T18:29:38.992432+00:00,2026-07-02T18:29:38.992402,4,3,125.05,0.1,125.0,194,124.8,625,124.7,4,124.5,500,,,,,,,,,,,,,125.1,625,125.2,500,125.3,200,,,,,,,,,,,,,,
2026-07-02T18:29:39.058610+00:00,2026-07-02T18:29:39.051646,4,3,125.05,0.1,125.0,174,124.8,625,124.7,4,124.5,500,,,,,,,,,,,,,125.1,625,125.2,500,125.3,200,,,,,,,,,,,,,,
2026-07-02T18:29:39.280322+00:00,2026-07-02T18:29:39.280259,3,2,125.1,0.2,125.0,174,124.7,4,124.5,500,,,,,,,,,,,,,,,125.2,500,125.3,200,,,,,,,,,,,,,,,,
2026-07-02T18:29:39.285607+00:00,2026-07-02T18:29:39.285513,3,2,125.1,0.2,125.0,799,124.7,4,124.5,500,,,,,,,,,,,,,,,125.2,1125,125.3,200,,,,,,,,,,,,,,,,
2026-07-02T18:29:39.518675+00:00,2026-07-02T18:29:39.518548,2,2,125.1,0.2,125.0,799,124.7,4,,,,,,,,,,,,,,,,,125.2,1125,125.3,200,,,,,,,,,,,,,,,,
2026-07-02T18:29:39.523944+00:00,2026-07-02T18:29:39.523823,2,2,125.1,0.2,125.0,799,124.7,4,,,,,,,,,,,,,,,,,125.2,625,125.3,200,,,,,,,,,,,,,,,,
2026-07-02T18:29:39.529127+00:00,2026-07-02T18:29:39.529077,3,2,125.1,0.2,125.0,799,124.7,4,124.5,500,,,,,,,,,,,,,,,125.2,625,125.3,200,,,,,,,,,,,,,,,,
2026-07-02T18:29:39.534416+00:00,2026-07-02T18:29:39.534335,3,2,125.1,0.2,125.0,799,124.7,4,124.5,500,,,,,,,,,,,,,,,125.2,1125,125.3,200,,,,,,,,,,,,,,,,
2026-07-02T18:29:39.544853+00:00,2026-07-02T18:29:39.544767,3,3,125.05,0.1,125.0,799,124.7,4,124.5,500,,,,,,,,,,,,,,,125.1,8,125.2,1125,125.3,200,,,,,,,,,,,,,,
2026-07-02T18:29:40.119209+00:00,2026-07-02T18:29:40.119065,2,3,125.05,0.1,125.0,799,124.7,4,,,,,,,,,,,,,,,,,125.1,8,125.2,1125,125.3,200,,,,,,,,,,,,,,
2026-07-02T18:29:40.124373+00:00,2026-07-02T18:29:40.124328,2,3,125.05,0.1,125.0,799,124.7,4,,,,,,,,,,,,,,,,,125.1,8,125.2,625,125.3,200,,,,,,,,,,,,,,
2026-07-02T18:29:40.129657+00:00,2026-07-02T18:29:40.129581,3,3,125.05,0.1,125.0,799,124.7,4,124.5,500,,,,,,,,,,,,,,,125.1,8,125.2,625,125.3,200,,,,,,,,,,,,,,
2026-07-02T18:29:40.140148+00:00,2026-07-02T18:29:40.139968,3,3,125.05,0.1,125.0,799,124.7,4,124.5,500,,,,,,,,,,,,,,,125.1,8,125.2,1125,125.3,200,,,,,,,,,,,,,,
2026-07-02T18:29:40.197033+00:00,2026-07-02T18:29:40.196935,3,2,125.05,0.1,125.0,625,124.7,4,124.5,500,,,,,,,,,,,,,,,125.1,8,125.2,1125,,,,,,,,,,,,,,,,
2026-07-02T18:29:40.202277+00:00,2026-07-02T18:29:40.202197,4,2,125.05,0.1,125.0,625,124.9,200,124.7,4,124.5,500,,,,,,,,,,,,,125.1,208,125.2,1125,,,,,,,,,,,,,,,,
2026-07-02T18:29:40.590931+00:00,2026-07-02T18:29:40.590815,3,2,125.0,0.2,124.9,200,124.7,4,124.5,500,,,,,,,,,,,,,,,125.1,208,125.2,500,,,,,,,,,,,,,,,,
2026-07-02T18:29:40.596149+00:00,2026-07-02T18:29:40.596064,4,2,125.05,0.1,125.0,625,124.9,200,124.7,4,124.5,500,,,,,,,,,,,,,125.1,208,125.2,1125,,,,,,,,,,,,,,,,
2026-07-02T18:29:40.719392+00:00,2026-07-02T18:29:40.719309,3,2,125.05,0.1,125.0,625,124.9,200,124.7,4,,,,,,,,,,,,,,,125.1,208,125.2,1125,,,,,,,,,,,,,,,,
2026-07-02T18:29:40.724639+00:00,2026-07-02T18:29:40.724573,3,2,125.05,0.1,125.0,625,124.9,200,124.7,4,,,,,,,,,,,,,,,125.1,208,125.2,625,,,,,,,,,,,,,,,,
2026-07-02T18:29:40.735090+00:00,2026-07-02T18:29:40.734978,4,2,125.05,0.1,125.0,625,124.9,200,124.7,4,124.5,500,,,,,,,,,,,,,125.1,208,125.2,625,,,,,,,,,,,,,,,,
2026-07-02T18:29:40.740388+00:00,2026-07-02T18:29:40.740286,4,2,125.05,0.1,125.0,625,124.9,200,124.7,4,124.5,500,,,,,,,,,,,,,125.1,208,125.2,1125,,,,,,,,,,,,,,,,
2026-07-02T18:29:41.322184+00:00,2026-07-02T18:29:41.322041,3,2,125.05,0.1,125.0,625,124.9,200,124.7,4,,,,,,,,,,,,,,,125.1,208,125.2,1125,,,,,,,,,,,,,,,,
2026-07-02T18:29:41.332639+00:00,2026-07-02T18:29:41.332436,3,2,125.05,0.1,125.0,625,124.9,200,124.7,4,,,,,,,,,,,,,,,125.1,208,125.2,625,,,,,,,,,,,,,,,,
2026-07-02T18:29:41.337790+00:00,2026-07-02T18:29:41.337727,4,2,125.05,0.1,125.0,625,124.9,200,124.7,4,124.5,500,,,,,,,,,,,,,125.1,208,125.2,625,,,,,,,,,,,,,,,,
2026-07-02T18:29:41.348250+00:00,2026-07-02T18:29:41.348130,4,2,125.05,0.1,125.0,625,124.9,200,124.7,4,124.5,500,,,,,,,,,,,,,125.1,208,125.2,1125,,,,,,,,,,,,,,,,
2026-07-02T18:29:41.408732+00:00,2026-07-02T18:29:41.408704,3,2,125.05,0.1,125.0,625,124.7,4,124.5,500,,,,,,,,,,,,,,,125.1,208,125.2,1125,,,,,,,,,,,,,,,,
2026-07-02T18:29:41.413995+00:00,2026-07-02T18:29:41.413939,4,2,125.05,0.1,125.0,625,124.9,200,124.7,4,124.5,500,,,,,,,,,,,,,125.1,8,125.2,1125,,,,,,,,,,,,,,,,
2026-07-02T18:29:41.419193+00:00,2026-07-02T18:29:41.419117,4,2,125.05,0.1,125.0,625,124.9,200,124.7,4,124.5,500,,,,,,,,,,,,,125.1,8,125.2,1325,,,,,,,,,,,,,,,,
2026-07-02T18:29:41.899618+00:00,2026-07-02T18:29:41.899543,3,2,125.0,0.2,124.9,200,124.7,4,124.5,500,,,,,,,,,,,,,,,125.1,8,125.2,1325,,,,,,,,,,,,,,,,
2026-07-02T18:29:41.904832+00:00,2026-07-02T18:29:41.904735,3,2,125.0,0.2,124.9,200,124.7,4,124.5,500,,,,,,,,,,,,,,,125.1,8,125.2,700,,,,,,,,,,,,,,,,
2026-07-02T18:29:41.910085+00:00,2026-07-02T18:29:41.909981,4,2,125.05,0.1,125.0,625,124.9,200,124.7,4,124.5,500,,,,,,,,,,,,,125.1,8,125.2,1325,,,,,,,,,,,,,,,,
2026-07-02T18:29:41.928872+00:00,2026-07-02T18:29:41.928619,3,2,125.05,0.1,125.0,625,124.9,200,124.7,4,,,,,,,,,,,,,,,125.1,8,125.2,1325,,,,,,,,,,,,,,,,
2026-07-02T18:29:41.933949+00:00,2026-07-02T18:29:41.933900,3,2,125.05,0.1,125.0,625,124.9,200,124.7,4,,,,,,,,,,,,,,,125.1,8,125.2,825,,,,,,,,,,,,,,,,
2026-07-02T18:29:41.944442+00:00,2026-07-02T18:29:41.944314,4,2,125.05,0.1,125.0,625,124.9,200,124.7,4,124.6,500,,,,,,,,,,,,,125.1,8,125.2,825,,,,,,,,,,,,,,,,
2026-07-02T18:29:41.958961+00:00,2026-07-02T18:29:41.958685,4,3,125.05,0.1,125.0,625,124.9,200,124.7,4,124.6,500,,,,,,,,,,,,,125.1,8,125.2,825,125.3,500,,,,,,,,,,,,,,
2026-07-02T18:29:41.964283+00:00,2026-07-02T18:29:41.963960,4,3,125.05,0.1,125.0,625,124.9,200,124.7,4,124.6,500,,,,,,,,,,,,,125.1,6,125.2,825,125.3,500,,,,,,,,,,,,,,
2026-07-02T18:29:42.530630+00:00,2026-07-02T18:29:42.530539,3,3,125.05,0.1,125.0,625,124.9,200,124.7,4,,,,,,,,,,,,,,,125.1,6,125.2,825,125.3,500,,,,,,,,,,,,,,
2026-07-02T18:29:42.535913+00:00,2026-07-02T18:29:42.535800,3,2,125.05,0.1,125.0,625,124.9,200,124.7,4,,,,,,,,,,,,,,,125.1,6,125.2,825,,,,,,,,,,,,,,,,
2026-07-02T18:29:42.541212+00:00,2026-07-02T18:29:42.541053,4,2,125.05,0.1,125.0,625,124.9,200,124.7,4,124.6,500,,,,,,,,,,,,,125.1,6,125.2,825,,,,,,,,,,,,,,,,
2026-07-02T18:29:42.551696+00:00,2026-07-02T18:29:42.551469,4,3,125.05,0.1,125.0,625,124.9,200,124.7,4,124.6,500,,,,,,,,,,,,,125.1,6,125.2,825,125.4,500,,,,,,,,,,,,,,
2026-07-02T18:29:42.571998+00:00,2026-07-02T18:29:42.571931,4,3,125.05,0.1,125.0,625,124.9,200,124.7,4,124.6,500,,,,,,,,,,,,,125.1,4,125.2,825,125.4,500,,,,,,,,,,,,,,
2026-07-02T18:29:42.621717+00:00,2026-07-02T18:29:42.621686,3,3,125.05,0.1,125.0,625,124.7,4,124.6,500,,,,,,,,,,,,,,,125.1,4,125.2,625,125.4,500,,,,,,,,,,,,,,
2026-07-02T18:29:42.627019+00:00,2026-07-02T18:29:42.626979,4,3,125.05,0.1,125.0,625,124.9,200,124.7,4,124.6,500,,,,,,,,,,,,,125.1,4,125.2,825,125.4,500,,,,,,,,,,,,,,
2026-07-02T18:29:43.133392+00:00,2026-07-02T18:29:43.133161,3,3,125.05,0.1,125.0,625,124.9,200,124.7,4,,,,,,,,,,,,,,,125.1,4,125.2,825,125.4,500,,,,,,,,,,,,,,
2026-07-02T18:29:43.138585+00:00,2026-07-02T18:29:43.138467,3,2,125.05,0.1,125.0,625,124.9,200,124.7,4,,,,,,,,,,,,,,,125.1,4,125.2,825,,,,,,,,,,,,,,,,
2026-07-02T18:29:43.143936+00:00,2026-07-02T18:29:43.143760,4,2,125.05,0.1,125.0,625,124.9,200,124.7,4,124.6,500,,,,,,,,,,,,,125.1,4,125.2,825,,,,,,,,,,,,,,,,
2026-07-02T18:29:43.158646+00:00,2026-07-02T18:29:43.154175,4,3,125.05,0.1,125.0,625,124.9,200,124.7,4,124.6,500,,,,,,,,,,,,,125.1,4,125.2,825,125.3,500,,,,,,,,,,,,,,
2026-07-02T18:29:43.214143+00:00,2026-07-02T18:29:43.214068,3,3,125.0,0.2,124.9,200,124.7,4,124.6,500,,,,,,,,,,,,,,,125.1,4,125.2,825,125.3,500,,,,,,,,,,,,,,
2026-07-02T18:29:43.219405+00:00,2026-07-02T18:29:43.219355,3,3,125.0,0.2,124.9,825,124.7,4,124.6,500,,,,,,,,,,,,,,,125.1,4,125.2,200,125.3,500,,,,,,,,,,,,,,
2026-07-02T18:29:43.224433+00:00,2026-07-02T18:29:43.224542,3,3,125.0,0.2,124.9,825,124.7,4,124.6,500,,,,,,,,,,,,,,,125.1,629,125.2,200,125.3,500,,,,,,,,,,,,,,
2026-07-02T18:29:43.319362+00:00,2026-07-02T18:29:43.319246,3,3,125.0,0.2,124.9,825,124.7,4,124.6,500,,,,,,,,,,,,,,,125.1,628,125.2,200,125.3,500,,,,,,,,,,,,,,
2026-07-02T18:29:43.597230+00:00,2026-07-02T18:29:43.597090,3,3,125.0,0.2,124.9,825,124.7,4,124.6,500,,,,,,,,,,,,,,,125.1,627,125.2,200,125.3,500,,,,,,,,,,,,,,
2026-07-02T18:29:43.758606+00:00,2026-07-02T18:29:43.753768,2,3,125.0,0.2,124.9,825,124.7,4,,,,,,,,,,,,,,,,,125.1,627,125.2,200,125.3,500,,,,,,,,,,,,,,
2026-07-02T18:29:43.769045+00:00,2026-07-02T18:29:43.768907,2,2,125.0,0.2,124.9,825,124.7,504,,,,,,,,,,,,,,,,,125.1,627,125.2,200,,,,,,,,,,,,,,,,
2026-07-02T18:29:43.779453+00:00,2026-07-02T18:29:43.779279,2,3,125.0,0.2,124.9,825,124.7,504,,,,,,,,,,,,,,,,,125.1,627,125.2,200,125.4,500,,,,,,,,,,,,,,
2026-07-02T18:29:43.833250+00:00,2026-07-02T18:29:43.833146,2,2,125.0,0.2,124.9,625,124.7,504,,,,,,,,,,,,,,,,,125.1,627,125.4,500,,,,,,,,,,,,,,,,
2026-07-02T18:29:43.838558+00:00,2026-07-02T18:29:43.838482,3,3,124.95,0.1,124.9,625,124.8,200,124.7,504,,,,,,,,,,,,,,,125.0,200,125.1,627,125.4,500,,,,,,,,,,,,,,
2026-07-02T18:29:44.358568+00:00,2026-07-02T18:29:44.356981,3,3,124.95,0.1,124.9,625,124.8,200,124.7,4,,,,,,,,,,,,,,,125.0,200,125.1,627,125.4,500,,,,,,,,,,,,,,
2026-07-02T18:29:44.369994+00:00,2026-07-02T18:29:44.369863,3,2,124.95,0.1,124.9,625,124.8,200,124.7,4,,,,,,,,,,,,,,,125.0,200,125.1,627,,,,,,,,,,,,,,,,
2026-07-02T18:29:44.380446+00:00,2026-07-02T18:29:44.380309,3,2,124.95,0.1,124.9,625,124.8,200,124.7,504,,,,,,,,,,,,,,,125.0,200,125.1,627,,,,,,,,,,,,,,,,
2026-07-02T18:29:44.385672+00:00,2026-07-02T18:29:44.385576,3,3,124.95,0.1,124.9,625,124.8,200,124.7,504,,,,,,,,,,,,,,,125.0,200,125.1,627,125.4,500,,,,,,,,,,,,,,
2026-07-02T18:29:44.527110+00:00,2026-07-02T18:29:44.527033,2,3,124.9,0.2,124.8,200,124.7,504,,,,,,,,,,,,,,,,,125.0,200,125.1,627,125.4,500,,,,,,,,,,,,,,
2026-07-02T18:29:44.532408+00:00,2026-07-02T18:29:44.532315,2,3,124.9,0.2,124.8,825,124.7,504,,,,,,,,,,,,,,,,,125.0,200,125.1,2,125.4,500,,,,,,,,,,,,,,
2026-07-02T18:29:44.537607+00:00,2026-07-02T18:29:44.537484,2,3,124.9,0.2,124.8,825,124.7,504,,,,,,,,,,,,,,,,,125.0,825,125.1,2,125.4,500,,,,,,,,,,,,,,
2026-07-02T18:29:44.965034+00:00,2026-07-02T18:29:44.964817,2,3,124.9,0.2,124.8,825,124.7,4,,,,,,,,,,,,,,,,,125.0,825,125.1,2,125.4,500,,,,,,,,,,,,,,
2026-07-02T18:29:44.970184+00:00,2026-07-02T18:29:44.970090,2,2,124.9,0.2,124.8,825,124.7,4,,,,,,,,,,,,,,,,,125.0,825,125.1,2,,,,,,,,,,,,,,,,
2026-07-02T18:29:44.975417+00:00,2026-07-02T18:29:44.975339,3,2,124.9,0.2,124.8,825,124.7,4,124.6,500,,,,,,,,,,,,,,,125.0,825,125.1,2,,,,,,,,,,,,,,,,
2026-07-02T18:29:44.980729+00:00,2026-07-02T18:29:44.980591,3,3,124.9,0.2,124.8,825,124.7,4,124.6,500,,,,,,,,,,,,,,,125.0,825,125.1,2,125.4,500,,,,,,,,,,,,,,
2026-07-02T18:29:45.043354+00:00,2026-07-02T18:29:45.043232,3,3,124.9,0.2,124.8,625,124.7,4,124.6,500,,,,,,,,,,,,,,,125.0,825,125.1,2,125.4,500,,,,,,,,,,,,,,
2026-07-02T18:29:45.058571+00:00,2026-07-02T18:29:45.050020,4,3,124.95,0.1,124.9,200,124.8,625,124.7,4,124.6,500,,,,,,,,,,,,,125.0,625,125.1,202,125.4,500,,,,,,,,,,,,,,
2026-07-02T18:29:45.558568+00:00,2026-07-02T18:29:45.557389,3,3,124.95,0.1,124.9,200,124.8,625,124.7,4,,,,,,,,,,,,,,,125.0,625,125.1,202,125.4,500,,,,,,,,,,,,,,
2026-07-02T18:29:45.574847+00:00,2026-07-02T18:29:45.574641,3,2,124.95,0.1,124.9,200,124.8,625,124.7,4,,,,,,,,,,,,,,,125.0,625,125.1,202,,,,,,,,,,,,,,,,
2026-07-02T18:29:45.580063+00:00,2026-07-02T18:29:45.579898,3,2,124.95,0.1,124.9,200,124.8,1125,124.7,4,,,,,,,,,,,,,,,125.0,625,125.1,202,,,,,,,,,,,,,,,,
2026-07-02T18:29:45.585258+00:00,2026-07-02T18:29:45.585157,3,3,124.95,0.1,124.9,200,124.8,1125,124.7,4,,,,,,,,,,,,,,,125.0,625,125.1,202,125.5,500,,,,,,,,,,,,,,
2026-07-02T18:29:45.840784+00:00,2026-07-02T18:29:45.840630,3,3,124.95,0.1,124.9,200,124.8,500,124.7,4,,,,,,,,,,,,,,,125.0,625,125.1,202,125.5,500,,,,,,,,,,,,,,
2026-07-02T18:29:45.846018+00:00,2026-07-02T18:29:45.845883,3,2,125.0,0.2,124.9,825,124.8,500,124.7,4,,,,,,,,,,,,,,,125.1,202,125.5,500,,,,,,,,,,,,,,,,
2026-07-02T18:29:45.851243+00:00,2026-07-02T18:29:45.851067,3,2,125.0,0.2,124.9,825,124.8,500,124.7,4,,,,,,,,,,,,,,,125.1,827,125.5,500,,,,,,,,,,,,,,,,
2026-07-02T18:29:46.172851+00:00,2026-07-02T18:29:46.172599,2,2,125.0,0.2,124.9,825,124.7,4,,,,,,,,,,,,,,,,,125.1,827,125.5,500,,,,,,,,,,,,,,,,
2026-07-02T18:29:46.177987+00:00,2026-07-02T18:29:46.177879,2,1,125.0,0.2,124.9,825,124.7,4,,,,,,,,,,,,,,,,,125.1,827,,,,,,,,,,,,,,,,,,
2026-07-02T18:29:46.183358+00:00,2026-07-02T18:29:46.183197,3,1,125.0,0.2,124.9,825,124.8,500,124.7,4,,,,,,,,,,,,,,,125.1,827,,,,,,,,,,,,,,,,,,
2026-07-02T18:29:46.188646+00:00,2026-07-02T18:29:46.188465,3,2,125.0,0.2,124.9,825,124.8,500,124.7,4,,,,,,,,,,,,,,,125.1,827,125.5,500,,,,,,,,,,,,,,,,
2026-07-02T18:29:46.199021+00:00,2026-07-02T18:29:46.198903,3,2,125.0,0.2,124.9,825,124.8,500,124.7,4,,,,,,,,,,,,,,,125.1,826,125.5,500,,,,,,,,,,,,,,,,
2026-07-02T18:29:46.258641+00:00,2026-07-02T18:29:46.256343,3,3,124.95,0.1,124.9,625,124.8,700,124.7,4,,,,,,,,,,,,,,,125.0,200,125.1,626,125.5,500,,,,,,,,,,,,,,
2026-07-02T18:29:46.773063+00:00,2026-07-02T18:29:46.772935,3,3,124.95,0.1,124.9,625,124.8,200,124.7,4,,,,,,,,,,,,,,,125.0,200,125.1,626,125.5,500,,,,,,,,,,,,,,
2026-07-02T18:29:46.778287+00:00,2026-07-02T18:29:46.778201,3,2,124.95,0.1,124.9,625,124.8,200,124.7,4,,,,,,,,,,,,,,,125.0,200,125.1,626,,,,,,,,,,,,,,,,
2026-07-02T18:29:46.788748+00:00,2026-07-02T18:29:46.788597,3,2,124.95,0.1,124.9,625,124.8,700,124.7,4,,,,,,,,,,,,,,,125.0,200,125.1,626,,,,,,,,,,,,,,,,
2026-07-02T18:29:46.793984+00:00,2026-07-02T18:29:46.793842,3,3,124.95,0.1,124.9,625,124.8,700,124.7,4,,,,,,,,,,,,,,,125.0,200,125.1,626,125.5,500,,,,,,,,,,,,,,
2026-07-02T18:29:47.167541+00:00,2026-07-02T18:29:47.166457,3,2,125.25,0.3,125.1,402,124.8,700,124.7,4,,,,,,,,,,,,,,,125.4,625,125.5,500,,,,,,,,,,,,,,,,
2026-07-02T18:29:47.217827+00:00,2026-07-02T18:29:47.217782,3,3,125.15,0.1,125.1,402,124.8,700,124.7,4,,,,,,,,,,,,,,,125.2,3,125.4,625,125.5,500,,,,,,,,,,,,,,
2026-07-02T18:29:47.262478+00:00,2026-07-02T18:29:47.262433,3,3,125.15,0.1,125.1,382,124.8,700,124.7,4,,,,,,,,,,,,,,,125.2,3,125.4,625,125.5,500,,,,,,,,,,,,,,
2026-07-02T18:29:47.339075+00:00,2026-07-02T18:29:47.339037,3,3,125.15,0.1,125.1,382,124.8,700,124.7,4,,,,,,,,,,,,,,,125.2,2,125.4,625,125.5,500,,,,,,,,,,,,,,
2026-07-02T18:29:47.375455+00:00,2026-07-02T18:29:47.375310,3,3,125.15,0.1,125.1,382,124.8,200,124.7,4,,,,,,,,,,,,,,,125.2,2,125.4,625,125.5,500,,,,,,,,,,,,,,
2026-07-02T18:29:47.380698+00:00,2026-07-02T18:29:47.380591,3,2,125.15,0.1,125.1,382,124.8,200,124.7,4,,,,,,,,,,,,,,,125.2,2,125.4,625,,,,,,,,,,,,,,,,
2026-07-02T18:29:47.385943+00:00,2026-07-02T18:29:47.385871,3,2,125.15,0.1,125.1,382,124.8,200,124.7,504,,,,,,,,,,,,,,,125.2,2,125.4,625,,,,,,,,,,,,,,,,
2026-07-02T18:29:47.396487+00:00,2026-07-02T18:29:47.396301,3,2,125.15,0.1,125.1,382,124.8,200,124.7,504,,,,,,,,,,,,,,,125.2,2,125.4,1125,,,,,,,,,,,,,,,,
2026-07-02T18:29:47.469650+00:00,2026-07-02T18:29:47.469538,3,2,125.15,0.1,125.1,182,124.8,200,124.7,504,,,,,,,,,,,,,,,125.2,2,125.4,1125,,,,,,,,,,,,,,,,
2026-07-02T18:29:47.979156+00:00,2026-07-02T18:29:47.979009,3,2,125.15,0.1,125.1,182,124.8,200,124.7,4,,,,,,,,,,,,,,,125.2,2,125.4,1125,,,,,,,,,,,,,,,,
