recv_time,book_timestamp,n_bids,n_asks,mid,spread,bid_px_0,bid_vol_0,bid_px_1,bid_vol_1,bid_px_2,bid_vol_2,bid_px_3,bid_vol_3,bid_px_4,bid_vol_4,bid_px_5,bid_vol_5,bid_px_6,bid_vol_6,bid_px_7,bid_vol_7,bid_px_8,bid_vol_8,bid_px_9,bid_vol_9,ask_px_0,ask_vol_0,ask_px_1,ask_vol_1,ask_px_2,ask_vol_2,ask_px_3,ask_vol_3,ask_px_4,ask_vol_4,ask_px_5,ask_vol_5,ask_px_6,ask_vol_6,ask_px_7,ask_vol_7,ask_px_8,ask_vol_8,ask_px_9,ask_vol_9
2026-07-03T17:00:00.042045+00:00,2026-07-03T17:00:00.003562,3,3,115.65,0.1,115.6,625,115.5,200,115.2,500,,,,,,,,,,,,,,,115.7,200,115.8,625,115.9,500,,,,,,,,,,,,,,
2026-07-03T17:00:00.275153+00:00,2026-07-03T17:00:00.272520,3,2,115.65,0.1,115.6,625,115.5,200,115.2,500,,,,,,,,,,,,,,,115.7,200,115.8,625,,,,,,,,,,,,,,,,
2026-07-03T17:00:00.379282+00:00,2026-07-03T17:00:00.280309,3,3,115.65,0.1,115.6,625,115.5,200,115.2,500,,,,,,,,,,,,,,,115.7,200,115.8,625,115.9,500,,,,,,,,,,,,,,
2026-07-03T17:00:00.857796+00:00,2026-07-03T17:00:00.856890,2,3,115.65,0.1,115.6,625,115.5,200,,,,,,,,,,,,,,,,,115.7,200,115.8,625,115.9,500,,,,,,,,,,,,,,
2026-07-03T17:00:00.874498+00:00,2026-07-03T17:00:00.874377,2,2,115.65,0.1,115.6,625,115.5,200,,,,,,,,,,,,,,,,,115.7,200,115.8,625,,,,,,,,,,,,,,,,
2026-07-03T17:00:00.879792+00:00,2026-07-03T17:00:00.879712,3,2,115.65,0.1,115.6,625,115.5,200,115.2,500,,,,,,,,,,,,,,,115.7,200,115.8,625,,,,,,,,,,,,,,,,
2026-07-03T17:00:00.885856+00:00,2026-07-03T17:00:00.885676,3,2,115.65,0.1,115.6,625,115.5,200,115.2,500,,,,,,,,,,,,,,,115.7,200,115.8,1125,,,,,,,,,,,,,,,,
2026-07-03T17:00:00.907808+00:00,2026-07-03T17:00:00.906279,2,1,115.7,0.2,115.6,625,115.2,500,,,,,,,,,,,,,,,,,115.8,1125,,,,,,,,,,,,,,,,,,
2026-07-03T17:00:00.918187+00:00,2026-07-03T17:00:00.918107,3,1,115.7,0.2,115.6,425,115.4,200,115.2,500,,,,,,,,,,,,,,,115.8,1125,,,,,,,,,,,,,,,,,,
2026-07-03T17:00:01.292476+00:00,2026-07-03T17:00:01.292344,2,1,115.6,0.4,115.4,200,115.2,500,,,,,,,,,,,,,,,,,115.8,1125,,,,,,,,,,,,,,,,,,
2026-07-03T17:00:01.297684+00:00,2026-07-03T17:00:01.297574,3,1,115.75,0.1,115.7,625,115.4,200,115.2,500,,,,,,,,,,,,,,,115.8,500,,,,,,,,,,,,,,,,,,
2026-07-03T17:00:01.302834+00:00,2026-07-03T17:00:01.302761,3,2,115.75,0.1,115.7,625,115.4,200,115.2,500,,,,,,,,,,,,,,,115.8,500,115.9,625,,,,,,,,,,,,,,,,
2026-07-03T17:00:01.474905+00:00,2026-07-03T17:00:01.474695,2,2,115.75,0.1,115.7,625,115.4,200,,,,,,,,,,,,,,,,,115.8,500,115.9,625,,,,,,,,,,,,,,,,
2026-07-03T17:00:01.480219+00:00,2026-07-03T17:00:01.480089,3,1,115.8,0.2,115.7,625,115.4,200,115.2,500,,,,,,,,,,,,,,,115.9,625,,,,,,,,,,,,,,,,,,
2026-07-03T17:00:01.485498+00:00,2026-07-03T17:00:01.485358,3,2,115.75,0.1,115.7,625,115.4,200,115.2,500,,,,,,,,,,,,,,,115.8,500,115.9,625,,,,,,,,,,,,,,,,
2026-07-03T17:00:01.905736+00:00,2026-07-03T17:00:01.905655,3,2,115.75,0.1,115.7,577,115.4,200,115.2,500,,,,,,,,,,,,,,,115.8,500,115.9,625,,,,,,,,,,,,,,,,
2026-07-03T17:00:02.113797+00:00,2026-07-03T17:00:02.113487,3,1,115.8,0.2,115.7,577,115.4,200,115.2,500,,,,,,,,,,,,,,,115.9,1125,,,,,,,,,,,,,,,,,,
2026-07-03T17:00:02.158651+00:00,2026-07-03T17:00:02.145839,3,1,115.8,0.2,115.7,377,115.5,200,115.2,500,,,,,,,,,,,,,,,115.9,1125,,,,,,,,,,,,,,,,,,
2026-07-03T17:00:02.621941+00:00,2026-07-03T17:00:02.621826,3,1,115.7,0.4,115.5,200,115.4,625,115.2,500,,,,,,,,,,,,,,,115.9,500,,,,,,,,,,,,,,,,,,
2026-07-03T17:00:02.626944+00:00,2026-07-03T17:00:02.627055,3,2,115.55,0.1,115.5,200,115.4,625,115.2,500,,,,,,,,,,,,,,,115.6,625,115.9,500,,,,,,,,,,,,,,,,
2026-07-03T17:00:02.671776+00:00,2026-07-03T17:00:02.671729,2,2,115.55,0.1,115.5,200,115.4,625,,,,,,,,,,,,,,,,,115.6,625,115.9,500,,,,,,,,,,,,,,,,
2026-07-03T17:00:02.682414+00:00,2026-07-03T17:00:02.682191,2,1,115.55,0.1,115.5,200,115.4,625,,,,,,,,,,,,,,,,,115.6,625,,,,,,,,,,,,,,,,,,
2026-07-03T17:00:02.687574+00:00,2026-07-03T17:00:02.687468,3,1,115.55,0.1,115.5,200,115.4,625,115.2,500,,,,,,,,,,,,,,,115.6,625,,,,,,,,,,,,,,,,,,
2026-07-03T17:00:02.698054+00:00,2026-07-03T17:00:02.697900,3,2,115.55,0.1,115.5,200,115.4,625,115.2,500,,,,,,,,,,,,,,,115.6,625,115.9,500,,,,,,,,,,,,,,,,
2026-07-03T17:00:03.284871+00:00,2026-07-03T17:00:03.284753,2,2,115.55,0.1,115.5,200,115.4,625,,,,,,,,,,,,,,,,,115.6,625,115.9,500,,,,,,,,,,,,,,,,
2026-07-03T17:00:03.290287+00:00,2026-07-03T17:00:03.290196,3,1,115.55,0.1,115.5,200,115.4,625,115.2,500,,,,,,,,,,,,,,,115.6,625,,,,,,,,,,,,,,,,,,
2026-07-03T17:00:03.300792+00:00,2026-07-03T17:00:03.300697,3,2,115.55,0.1,115.5,200,115.4,625,115.2,500,,,,,,,,,,,,,,,115.6,625,115.9,500,,,,,,,,,,,,,,,,
2026-07-03T17:00:03.364356+00:00,2026-07-03T17:00:03.364077,2,3,115.5,0.2,115.4,625,115.2,500,,,,,,,,,,,,,,,,,115.6,425,115.8,200,115.9,500,,,,,,,,,,,,,,
2026-07-03T17:00:03.881477+00:00,2026-07-03T17:00:03.881364,1,3,115.5,0.2,115.4,625,,,,,,,,,,,,,,,,,,,115.6,425,115.8,200,115.9,500,,,,,,,,,,,,,,
2026-07-03T17:00:03.886831+00:00,2026-07-03T17:00:03.886641,1,2,115.5,0.2,115.4,625,,,,,,,,,,,,,,,,,,,115.6,425,115.8,200,,,,,,,,,,,,,,,,
2026-07-03T17:00:03.892011+00:00,2026-07-03T17:00:03.891914,2,2,115.5,0.2,115.4,625,115.2,500,,,,,,,,,,,,,,,,,115.6,425,115.8,200,,,,,,,,,,,,,,,,
2026-07-03T17:00:03.902491+00:00,2026-07-03T17:00:03.902342,2,3,115.5,0.2,115.4,625,115.2,500,,,,,,,,,,,,,,,,,115.6,425,115.8,200,115.9,500,,,,,,,,,,,,,,
2026-07-03T17:00:03.912844+00:00,2026-07-03T17:00:03.912822,1,2,115.5,0.6,115.2,500,,,,,,,,,,,,,,,,,,,115.8,200,115.9,500,,,,,,,,,,,,,,,,
2026-07-03T17:00:03.918168+00:00,2026-07-03T17:00:03.918011,2,3,115.5,0.2,115.4,625,115.2,500,,,,,,,,,,,,,,,,,115.6,625,115.8,200,115.9,500,,,,,,,,,,,,,,
2026-07-03T17:00:04.523995+00:00,2026-07-03T17:00:04.523849,2,2,115.5,0.2,115.4,625,115.2,500,,,,,,,,,,,,,,,,,115.6,625,115.8,200,,,,,,,,,,,,,,,,
2026-07-03T17:00:04.534865+00:00,2026-07-03T17:00:04.534692,2,3,115.5,0.2,115.4,625,115.2,500,,,,,,,,,,,,,,,,,115.6,625,115.8,200,115.9,500,,,,,,,,,,,,,,
2026-07-03T17:00:04.545092+00:00,2026-07-03T17:00:04.550081,3,3,115.55,0.1,115.5,200,115.4,625,115.2,500,,,,,,,,,,,,,,,115.6,625,115.7,200,115.9,500,,,,,,,,,,,,,,
2026-07-03T17:00:04.840801+00:00,2026-07-03T17:00:04.840776,3,3,115.55,0.1,115.5,151,115.4,625,115.2,500,,,,,,,,,,,,,,,115.6,625,115.7,200,115.9,500,,,,,,,,,,,,,,
2026-07-03T17:00:04.918897+00:00,2026-07-03T17:00:04.918689,3,3,115.55,0.1,115.5,131,115.4,625,115.2,500,,,,,,,,,,,,,,,115.6,625,115.7,200,115.9,500,,,,,,,,,,,,,,
2026-07-03T17:00:05.053942+00:00,2026-07-03T17:00:05.047887,3,3,115.55,0.1,115.5,81,115.4,625,115.2,500,,,,,,,,,,,,,,,115.6,625,115.7,200,115.9,500,,,,,,,,,,,,,,
2026-07-03T17:00:05.106943+00:00,2026-07-03T17:00:05.106785,2,3,115.55,0.1,115.5,81,115.4,625,,,,,,,,,,,,,,,,,115.6,625,115.7,200,115.9,500,,,,,,,,,,,,,,
2026-07-03T17:00:05.123152+00:00,2026-07-03T17:00:05.123498,3,2,115.55,0.1,115.5,81,115.4,625,115.2,500,,,,,,,,,,,,,,,115.6,625,115.7,200,,,,,,,,,,,,,,,,
2026-07-03T17:00:05.130534+00:00,2026-07-03T17:00:05.129976,3,3,115.55,0.1,115.5,81,115.4,625,115.2,500,,,,,,,,,,,,,,,115.6,625,115.7,200,115.9,500,,,,,,,,,,,,,,
2026-07-03T17:00:05.254777+00:00,2026-07-03T17:00:05.218376,2,2,115.6,0.2,115.5,706,115.2,500,,,,,,,,,,,,,,,,,115.7,825,115.9,500,,,,,,,,,,,,,,,,
2026-07-03T17:00:05.717692+00:00,2026-07-03T17:00:05.717522,1,2,115.6,0.2,115.5,706,,,,,,,,,,,,,,,,,,,115.7,825,115.9,500,,,,,,,,,,,,,,,,
2026-07-03T17:00:05.723366+00:00,2026-07-03T17:00:05.722847,1,1,115.6,0.2,115.5,706,,,,,,,,,,,,,,,,,,,115.7,825,,,,,,,,,,,,,,,,,,
2026-07-03T17:00:05.744622+00:00,2026-07-03T17:00:05.744432,2,1,115.6,0.2,115.5,706,115.2,500,,,,,,,,,,,,,,,,,115.7,825,,,,,,,,,,,,,,,,,,
2026-07-03T17:00:05.774745+00:00,2026-07-03T17:00:05.774476,2,2,115.6,0.2,115.5,706,115.2,500,,,,,,,,,,,,,,,,,115.7,825,115.8,500,,,,,,,,,,,,,,,,
2026-07-03T17:00:05.790265+00:00,2026-07-03T17:00:05.790181,3,2,115.6,0.2,115.5,625,115.4,200,115.2,500,,,,,,,,,,,,,,,115.7,825,115.8,500,,,,,,,,,,,,,,,,
2026-07-03T17:00:06.340514+00:00,2026-07-03T17:00:06.340288,3,2,115.6,0.2,115.5,625,115.4,200,115.2,500,,,,,,,,,,,,,,,115.7,825,115.8,500,,,,,,,,,,,,,,,,
2026-07-03T17:00:06.526131+00:00,2026-07-03T17:00:06.525989,2,2,115.55,0.3,115.4,200,115.2,500,,,,,,,,,,,,,,,,,115.7,200,115.8,500,,,,,,,,,,,,,,,,
2026-07-03T17:00:06.531293+00:00,2026-07-03T17:00:06.531172,3,2,115.55,0.3,115.4,200,115.3,625,115.2,500,,,,,,,,,,,,,,,115.7,200,115.8,500,,,,,,,,,,,,,,,,
2026-07-03T17:00:06.536393+00:00,2026-07-03T17:00:06.536329,3,3,115.5,0.2,115.4,200,115.3,625,115.2,500,,,,,,,,,,,,,,,115.6,625,115.7,200,115.8,500,,,,,,,,,,,,,,
2026-07-03T17:00:06.923664+00:00,2026-07-03T17:00:06.923499,2,3,115.5,0.2,115.4,200,115.3,625,,,,,,,,,,,,,,,,,115.6,625,115.7,200,115.8,500,,,,,,,,,,,,,,
2026-07-03T17:00:06.934207+00:00,2026-07-03T17:00:06.934124,2,2,115.5,0.2,115.4,200,115.3,625,,,,,,,,,,,,,,,,,115.6,625,115.7,200,,,,,,,,,,,,,,,,
2026-07-03T17:00:06.939753+00:00,2026-07-03T17:00:06.939579,3,3,115.5,0.2,115.4,200,115.3,625,115.2,500,,,,,,,,,,,,,,,115.6,625,115.7,200,115.8,500,,,,,,,,,,,,,,
2026-07-03T17:00:06.974336+00:00,2026-07-03T17:00:06.974265,2,2,115.45,0.3,115.3,625,115.2,500,,,,,,,,,,,,,,,,,115.6,625,115.8,500,,,,,,,,,,,,,,,,
2026-07-03T17:00:06.979624+00:00,2026-07-03T17:00:06.979558,3,3,115.5,0.2,115.4,200,115.3,625,115.2,500,,,,,,,,,,,,,,,115.6,625,115.7,200,115.8,500,,,,,,,,,,,,,,
2026-07-03T17:00:07.525573+00:00,2026-07-03T17:00:07.525401,2,3,115.5,0.2,115.4,200,115.3,625,,,,,,,,,,,,,,,,,115.6,625,115.7,200,115.8,500,,,,,,,,,,,,,,
2026-07-03T17:00:07.530806+00:00,2026-07-03T17:00:07.530710,2,2,115.5,0.2,115.4,200,115.3,625,,,,,,,,,,,,,,,,,115.6,625,115.7,200,,,,,,,,,,,,,,,,
2026-07-03T17:00:07.536148+00:00,2026-07-03T17:00:07.535995,3,2,115.5,0.2,115.4,200,115.3,625,115.1,500,,,,,,,,,,,,,,,115.6,625,115.7,200,,,,,,,,,,,,,,,,
2026-07-03T17:00:07.541310+00:00,2026-07-03T17:00:07.541274,3,3,115.5,0.2,115.4,200,115.3,625,115.1,500,,,,,,,,,,,,,,,115.6,625,115.7,200,115.8,500,,,,,,,,,,,,,,
2026-07-03T17:00:07.836254+00:00,2026-07-03T17:00:07.836223,3,3,115.45,0.1,115.4,200,115.3,625,115.1,500,,,,,,,,,,,,,,,115.5,625,115.7,200,115.8,500,,,,,,,,,,,,,,
2026-07-03T17:00:08.129711+00:00,2026-07-03T17:00:08.129492,2,2,115.45,0.1,115.4,200,115.3,625,,,,,,,,,,,,,,,,,115.5,625,115.7,200,,,,,,,,,,,,,,,,
2026-07-03T17:00:08.158708+00:00,2026-07-03T17:00:08.145148,3,2,115.45,0.1,115.4,200,115.3,625,115.2,500,,,,,,,,,,,,,,,115.5,625,115.7,200,,,,,,,,,,,,,,,,
2026-07-03T17:00:08.170130+00:00,2026-07-03T17:00:08.169996,3,3,115.45,0.1,115.4,200,115.3,625,115.2,500,,,,,,,,,,,,,,,115.5,625,115.7,200,115.9,500,,,,,,,,,,,,,,
2026-07-03T17:00:08.238725+00:00,2026-07-03T17:00:08.238280,2,2,115.4,0.2,115.3,825,115.2,500,,,,,,,,,,,,,,,,,115.5,825,115.9,500,,,,,,,,,,,,,,,,
2026-07-03T17:00:08.732292+00:00,2026-07-03T17:00:08.732192,1,2,115.4,0.2,115.3,825,,,,,,,,,,,,,,,,,,,115.5,825,115.9,500,,,,,,,,,,,,,,,,
2026-07-03T17:00:08.737521+00:00,2026-07-03T17:00:08.737478,1,1,115.4,0.2,115.3,825,,,,,,,,,,,,,,,,,,,115.5,825,,,,,,,,,,,,,,,,,,
2026-07-03T17:00:08.758812+00:00,2026-07-03T17:00:08.748579,2,2,115.4,0.2,115.3,825,115.2,500,,,,,,,,,,,,,,,,,115.5,825,115.9,500,,,,,,,,,,,,,,,,
2026-07-03T17:00:09.148165+00:00,2026-07-03T17:00:09.148715,3,3,115.35,0.1,115.3,200,115.2,500,115.1,625,,,,,,,,,,,,,,,115.4,625,115.5,200,115.9,500,,,,,,,,,,,,,,
2026-07-03T17:00:09.345822+00:00,2026-07-03T17:00:09.345660,2,3,115.35,0.1,115.3,200,115.1,625,,,,,,,,,,,,,,,,,115.4,625,115.5,200,115.9,500,,,,,,,,,,,,,,
2026-07-03T17:00:09.374477+00:00,2026-07-03T17:00:09.374397,2,3,115.35,0.1,115.3,700,115.1,625,,,,,,,,,,,,,,,,,115.4,625,115.5,200,116.0,500,,,,,,,,,,,,,,
2026-07-03T17:00:09.415777+00:00,2026-07-03T17:00:09.415675,2,3,115.35,0.1,115.3,500,115.1,625,,,,,,,,,,,,,,,,,115.4,625,115.5,200,116.0,500,,,,,,,,,,,,,,
2026-07-03T17:00:09.421167+00:00,2026-07-03T17:00:09.421009,2,3,115.35,0.1,115.3,700,115.1,625,,,,,,,,,,,,,,,,,115.4,625,115.6,200,116.0,500,,,,,,,,,,,,,,
2026-07-03T17:00:09.958690+00:00,2026-07-03T17:00:09.953259,3,3,115.35,0.1,115.3,200,115.2,500,115.1,625,,,,,,,,,,,,,,,115.4,625,115.6,200,115.9,500,,,,,,,,,,,,,,
2026-07-03T17:00:10.459159+00:00,2026-07-03T17:00:10.458914,2,3,115.4,0.2,115.3,825,115.2,500,,,,,,,,,,,,,,,,,115.5,625,115.6,200,115.9,500,,,,,,,,,,,,,,
2026-07-03T17:00:10.611990+00:00,2026-07-03T17:00:10.611791,1,3,115.4,0.2,115.3,825,,,,,,,,,,,,,,,,,,,115.5,625,115.6,200,115.9,500,,,,,,,,,,,,,,
2026-07-03T17:00:10.616960+00:00,2026-07-03T17:00:10.617316,1,3,115.4,0.2,115.3,1325,,,,,,,,,,,,,,,,,,,115.5,625,115.6,200,116.0,500,,,,,,,,,,,,,,
2026-07-03T17:00:10.622879+00:00,2026-07-03T17:00:10.622835,1,3,115.4,0.2,115.3,1125,,,,,,,,,,,,,,,,,,,115.5,625,115.6,200,116.0,500,,,,,,,,,,,,,,
2026-07-03T17:00:10.627918+00:00,2026-07-03T17:00:10.628640,1,2,115.4,0.2,115.3,1325,,,,,,,,,,,,,,,,,,,115.5,825,116.0,500,,,,,,,,,,,,,,,,
2026-07-03T17:00:11.159481+00:00,2026-07-03T17:00:11.159416,1,2,115.4,0.2,115.3,825,,,,,,,,,,,,,,,,,,,115.5,825,116.0,500,,,,,,,,,,,,,,,,
2026-07-03T17:00:11.175172+00:00,2026-07-03T17:00:11.175051,1,1,115.4,0.2,115.3,825,,,,,,,,,,,,,,,,,,,115.5,825,,,,,,,,,,,,,,,,,,
2026-07-03T17:00:11.180458+00:00,2026-07-03T17:00:11.180365,2,1,115.4,0.2,115.3,825,115.2,500,,,,,,,,,,,,,,,,,115.5,825,,,,,,,,,,,,,,,,,,
2026-07-03T17:00:11.190952+00:00,2026-07-03T17:00:11.190796,2,2,115.4,0.2,115.3,825,115.2,500,,,,,,,,,,,,,,,,,115.5,825,115.9,500,,,,,,,,,,,,,,,,
2026-07-03T17:00:11.764127+00:00,2026-07-03T17:00:11.764035,2,2,115.4,0.2,115.3,825,115.2,500,,,,,,,,,,,,,,,,,115.5,200,115.9,500,,,,,,,,,,,,,,,,
2026-07-03T17:00:11.769319+00:00,2026-07-03T17:00:11.769227,1,2,115.4,0.2,115.3,825,,,,,,,,,,,,,,,,,,,115.5,825,115.9,500,,,,,,,,,,,,,,,,
2026-07-03T17:00:11.775069+00:00,2026-07-03T17:00:11.774515,1,1,115.4,0.2,115.3,825,,,,,,,,,,,,,,,,,,,115.5,825,,,,,,,,,,,,,,,,,,
2026-07-03T17:00:11.785848+00:00,2026-07-03T17:00:11.785600,2,1,115.4,0.2,115.3,825,115.1,500,,,,,,,,,,,,,,,,,115.5,825,,,,,,,,,,,,,,,,,,
2026-07-03T17:00:11.806611+00:00,2026-07-03T17:00:11.806390,2,2,115.4,0.2,115.3,825,115.1,500,,,,,,,,,,,,,,,,,115.5,825,115.8,500,,,,,,,,,,,,,,,,
2026-07-03T17:00:11.834603+00:00,2026-07-03T17:00:11.834572,2,2,115.4,0.2,115.3,625,115.1,500,,,,,,,,,,,,,,,,,115.5,625,115.8,500,,,,,,,,,,,,,,,,
2026-07-03T17:00:11.839888+00:00,2026-07-03T17:00:11.839781,3,2,115.45,0.1,115.4,200,115.3,625,115.1,500,,,,,,,,,,,,,,,115.5,625,115.8,500,,,,,,,,,,,,,,,,
2026-07-03T17:00:11.858896+00:00,2026-07-03T17:00:11.858675,3,3,115.45,0.1,115.4,200,115.3,625,115.1,500,,,,,,,,,,,,,,,115.5,625,115.6,200,115.8,500,,,,,,,,,,,,,,
2026-07-03T17:00:12.414569+00:00,2026-07-03T17:00:12.414207,3,3,115.45,0.1,115.4,200,115.3,625,115.0,500,,,,,,,,,,,,,,,115.5,625,115.6,200,115.7,500,,,,,,,,,,,,,,
2026-07-03T17:00:12.981892+00:00,2026-07-03T17:00:12.981742,2,3,115.45,0.1,115.4,200,115.3,625,,,,,,,,,,,,,,,,,115.5,625,115.6,200,115.7,500,,,,,,,,,,,,,,
2026-07-03T17:00:12.987254+00:00,2026-07-03T17:00:12.987127,3,2,115.45,0.1,115.4,200,115.3,625,115.0,500,,,,,,,,,,,,,,,115.5,625,115.6,200,,,,,,,,,,,,,,,,
2026-07-03T17:00:12.992554+00:00,2026-07-03T17:00:12.992398,3,3,115.45,0.1,115.4,200,115.3,625,115.0,500,,,,,,,,,,,,,,,115.5,625,115.6,200,115.7,500,,,,,,,,,,,,,,
2026-07-03T17:00:13.042196+00:00,2026-07-03T17:00:13.042289,2,3,115.4,0.2,115.3,625,115.0,500,,,,,,,,,,,,,,,,,115.5,625,115.6,200,115.7,500,,,,,,,,,,,,,,
2026-07-03T17:00:13.058625+00:00,2026-07-03T17:00:13.047534,2,2,115.4,0.2,115.3,825,115.0,500,,,,,,,,,,,,,,,,,115.5,825,115.7,500,,,,,,,,,,,,,,,,
2026-07-03T17:00:13.073534+00:00,2026-07-03T17:00:13.073466,2,3,115.4,0.2,115.3,825,115.0,500,,,,,,,,,,,,,,,,,115.5,200,115.6,625,115.7,500,,,,,,,,,,,,,,
2026-07-03T17:00:13.578582+00:00,2026-07-03T17:00:13.578714,1,3,115.4,0.2,115.3,825,,,,,,,,,,,,,,,,,,,115.5,200,115.6,625,115.7,500,,,,,,,,,,,,,,
2026-07-03T17:00:13.584233+00:00,2026-07-03T17:00:13.584022,1,2,115.4,0.2,115.3,825,,,,,,,,,,,,,,,,,,,115.5,200,115.6,625,,,,,,,,,,,,,,,,
2026-07-03T17:00:13.589426+00:00,2026-07-03T17:00:13.589365,2,2,115.4,0.2,115.3,825,115.0,500,,,,,,,,,,,,,,,,,115.5,200,115.6,625,,,,,,,,,,,,,,,,
2026-07-03T17:00:13.615541+00:00,2026-07-03T17:00:13.615364,2,3,115.4,0.2,115.3,825,115.0,500,,,,,,,,,,,,,,,,,115.5,200,115.6,625,115.7,500,,,,,,,,,,,,,,
2026-07-03T17:00:14.181195+00:00,2026-07-03T17:00:14.181011,1,3,115.4,0.2,115.3,825,,,,,,,,,,,,,,,,,,,115.5,200,115.6,625,115.7,500,,,,,,,,,,,,,,
2026-07-03T17:00:14.186475+00:00,2026-07-03T17:00:14.186334,1,2,115.4,0.2,115.3,825,,,,,,,,,,,,,,,,,,,115.5,200,115.6,625,,,,,,,,,,,,,,,,
2026-07-03T17:00:14.191682+00:00,2026-07-03T17:00:14.191637,2,2,115.4,0.2,115.3,825,115.0,500,,,,,,,,,,,,,,,,,115.5,200,115.6,625,,,,,,,,,,,,,,,,
2026-07-03T17:00:14.202213+00:00,2026-07-03T17:00:14.202160,2,2,115.4,0.2,115.3,825,115.0,500,,,,,,,,,,,,,,,,,115.5,200,115.6,1125,,,,,,,,,,,,,,,,
2026-07-03T17:00:14.258576+00:00,2026-07-03T17:00:14.254010,3,1,115.5,0.2,115.4,200,115.3,625,115.0,500,,,,,,,,,,,,,,,115.6,1325,,,,,,,,,,,,,,,,,,
2026-07-03T17:00:14.377980+00:00,2026-07-03T17:00:14.377910,2,1,115.5,0.2,115.4,200,115.0,500,,,,,,,,,,,,,,,,,115.6,700,,,,,,,,,,,,,,,,,,
2026-07-03T17:00:14.383305+00:00,2026-07-03T17:00:14.383190,2,1,115.5,0.2,115.4,825,115.0,500,,,,,,,,,,,,,,,,,115.6,1325,,,,,,,,,,,,,,,,,,
2026-07-03T17:00:14.784652+00:00,2026-07-03T17:00:14.784414,1,1,115.5,0.2,115.4,825,,,,,,,,,,,,,,,,,,,115.6,1325,,,,,,,,,,,,,,,,,,
2026-07-03T17:00:14.789849+00:00,2026-07-03T17:00:14.789760,1,1,115.5,0.2,115.4,825,,,,,,,,,,,,,,,,,,,115.6,825,,,,,,,,,,,,,,,,,,
2026-07-03T17:00:14.795254+00:00,2026-07-03T17:00:14.795075,2,1,115.5,0.2,115.4,825,114.9,500,,,,,,,,,,,,,,,,,115.6,825,,,,,,,,,,,,,,,,,,
2026-07-03T17:00:14.800476+00:00,2026-07-03T17:00:14.800422,2,1,115.5,0.2,115.4,825,114.9,500,,,,,,,,,,,,,,,,,115.6,1325,,,,,,,,,,,,,,,,,,
2026-07-03T17:00:15.384775+00:00,2026-07-03T17:00:15.384639,1,1,115.5,0.2,115.4,825,,,,,,,,,,,,,,,,,,,115.6,1325,,,,,,,,,,,,,,,,,,
2026-07-03T17:00:15.390203+00:00,2026-07-03T17:00:15.390008,1,1,115.5,0.2,115.4,825,,,,,,,,,,,,,,,,,,,115.6,825,,,,,,,,,,,,,,,,,,
2026-07-03T17:00:15.395976+00:00,2026-07-03T17:00:15.395888,2,1,115.5,0.2,115.4,825,114.9,500,,,,,,,,,,,,,,,,,115.6,825,,,,,,,,,,,,,,,,,,
2026-07-03T17:00:15.424415+00:00,2026-07-03T17:00:15.424222,2,1,115.5,0.2,115.4,825,114.9,500,,,,,,,,,,,,,,,,,115.6,1325,,,,,,,,,,,,,,,,,,
2026-07-03T17:00:15.458645+00:00,2026-07-03T17:00:15.453897,2,1,115.5,0.2,115.4,625,114.9,500,,,,,,,,,,,,,,,,,115.6,1325,,,,,,,,,,,,,,,,,,
2026-07-03T17:00:15.463629+00:00,2026-07-03T17:00:15.463768,2,1,115.5,0.2,115.4,825,114.9,500,,,,,,,,,,,,,,,,,115.6,1125,,,,,,,,,,,,,,,,,,
2026-07-03T17:00:15.469730+00:00,2026-07-03T17:00:15.468997,2,2,115.5,0.2,115.4,825,114.9,500,,,,,,,,,,,,,,,,,115.6,1125,115.7,200,,,,,,,,,,,,,,,,
2026-07-03T17:00:15.688223+00:00,2026-07-03T17:00:15.688106,2,2,115.5,0.2,115.4,200,114.9,500,,,,,,,,,,,,,,,,,115.6,500,115.7,200,,,,,,,,,,,,,,,,
2026-07-03T17:00:15.693383+00:00,2026-07-03T17:00:15.693321,3,2,115.55,0.1,115.5,625,115.4,200,114.9,500,,,,,,,,,,,,,,,115.6,500,115.7,825,,,,,,,,,,,,,,,,
2026-07-03T17:00:16.021118+00:00,2026-07-03T17:00:16.020961,2,2,115.55,0.1,115.5,625,115.4,200,,,,,,,,,,,,,,,,,115.6,500,115.7,825,,,,,,,,,,,,,,,,
2026-07-03T17:00:16.026880+00:00,2026-07-03T17:00:16.026688,3,2,115.55,0.1,115.5,625,115.4,200,114.9,500,,,,,,,,,,,,,,,115.6,500,115.7,825,,,,,,,,,,,,,,,,
2026-07-03T17:00:16.665099+00:00,2026-07-03T17:00:16.665066,2,2,115.55,0.1,115.5,625,114.9,500,,,,,,,,,,,,,,,,,115.6,500,115.7,625,,,,,,,,,,,,,,,,
2026-07-03T17:00:16.676151+00:00,2026-07-03T17:00:16.675614,3,2,115.55,0.1,115.5,425,115.3,200,114.9,500,,,,,,,,,,,,,,,115.6,500,115.7,625,,,,,,,,,,,,,,,,
2026-07-03T17:00:16.997619+00:00,2026-07-03T17:00:16.997577,3,2,115.35,0.1,115.3,200,115.2,625,114.9,500,,,,,,,,,,,,,,,115.4,625,115.6,500,,,,,,,,,,,,,,,,
2026-07-03T17:00:17.260026+00:00,2026-07-03T17:00:17.259413,3,2,115.35,0.1,115.3,200,115.2,625,114.9,500,,,,,,,,,,,,,,,115.4,625,115.6,500,,,,,,,,,,,,,,,,
2026-07-03T17:00:17.816364+00:00,2026-07-03T17:00:17.816283,2,2,115.35,0.1,115.3,200,115.2,625,,,,,,,,,,,,,,,,,115.4,625,115.6,500,,,,,,,,,,,,,,,,
2026-07-03T17:00:17.822138+00:00,2026-07-03T17:00:17.822010,2,1,115.35,0.1,115.3,200,115.2,625,,,,,,,,,,,,,,,,,115.4,625,,,,,,,,,,,,,,,,,,
2026-07-03T17:00:17.832850+00:00,2026-07-03T17:00:17.832596,3,1,115.35,0.1,115.3,200,115.2,625,114.9,500,,,,,,,,,,,,,,,115.4,625,,,,,,,,,,,,,,,,,,
2026-07-03T17:00:17.838015+00:00,2026-07-03T17:00:17.837911,3,2,115.35,0.1,115.3,200,115.2,625,114.9,500,,,,,,,,,,,,,,,115.4,625,115.6,500,,,,,,,,,,,,,,,,
2026-07-03T17:00:17.884609+00:00,2026-07-03T17:00:17.884199,3,3,115.35,0.1,115.3,200,115.2,625,114.9,500,,,,,,,,,,,,,,,115.4,625,115.5,200,115.6,500,,,,,,,,,,,,,,
2026-07-03T17:00:18.304745+00:00,2026-07-03T17:00:18.304530,2,2,115.4,0.2,115.3,200,114.9,500,,,,,,,,,,,,,,,,,115.5,200,115.6,500,,,,,,,,,,,,,,,,
2026-07-03T17:00:18.326357+00:00,2026-07-03T17:00:18.326216,2,3,115.2,0.2,115.1,625,114.9,500,,,,,,,,,,,,,,,,,115.3,425,115.5,200,115.6,500,,,,,,,,,,,,,,
2026-07-03T17:00:18.428802+00:00,2026-07-03T17:00:18.428712,1,3,115.2,0.2,115.1,625,,,,,,,,,,,,,,,,,,,115.3,425,115.5,200,115.6,500,,,,,,,,,,,,,,
2026-07-03T17:00:18.434253+00:00,2026-07-03T17:00:18.434143,2,2,115.2,0.2,115.1,625,115.0,500,,,,,,,,,,,,,,,,,115.3,425,115.5,200,,,,,,,,,,,,,,,,
2026-07-03T17:00:18.458749+00:00,2026-07-03T17:00:18.445220,2,3,115.2,0.2,115.1,625,115.0,500,,,,,,,,,,,,,,,,,115.3,425,115.5,200,115.7,500,,,,,,,,,,,,,,
2026-07-03T17:00:18.589856+00:00,2026-07-03T17:00:18.590043,2,3,115.2,0.2,115.1,605,115.0,500,,,,,,,,,,,,,,,,,115.3,425,115.5,200,115.7,500,,,,,,,,,,,,,,
2026-07-03T17:00:18.616610+00:00,2026-07-03T17:00:18.616427,2,3,115.2,0.2,115.1,605,115.0,500,,,,,,,,,,,,,,,,,115.3,382,115.5,200,115.7,500,,,,,,,,,,,,,,
2026-07-03T17:00:19.026303+00:00,2026-07-03T17:00:19.026432,1,3,115.2,0.2,115.1,605,,,,,,,,,,,,,,,,,,,115.3,382,115.5,200,115.7,500,,,,,,,,,,,,,,
2026-07-03T17:00:19.031868+00:00,2026-07-03T17:00:19.031745,1,2,115.2,0.2,115.1,605,,,,,,,,,,,,,,,,,,,115.3,382,115.5,200,,,,,,,,,,,,,,,,
2026-07-03T17:00:19.037118+00:00,2026-07-03T17:00:19.037025,1,2,115.2,0.2,115.1,1105,,,,,,,,,,,,,,,,,,,115.3,382,115.5,200,,,,,,,,,,,,,,,,
2026-07-03T17:00:19.043229+00:00,2026-07-03T17:00:19.042956,1,3,115.2,0.2,115.1,1105,,,,,,,,,,,,,,,,,,,115.3,382,115.5,200,115.7,500,,,,,,,,,,,,,,
2026-07-03T17:00:19.084557+00:00,2026-07-03T17:00:19.084539,2,2,115.25,0.1,115.2,200,115.1,1105,,,,,,,,,,,,,,,,,115.3,382,115.7,500,,,,,,,,,,,,,,,,
2026-07-03T17:00:19.090326+00:00,2026-07-03T17:00:19.090194,2,3,115.25,0.1,115.2,200,115.1,1105,,,,,,,,,,,,,,,,,115.3,382,115.4,200,115.7,500,,,,,,,,,,,,,,
2026-07-03T17:00:19.613308+00:00,2026-07-03T17:00:19.613100,2,3,115.25,0.1,115.2,200,115.1,500,,,,,,,,,,,,,,,,,115.3,382,115.4,200,115.7,500,,,,,,,,,,,,,,
2026-07-03T17:00:19.624239+00:00,2026-07-03T17:00:19.624133,2,2,115.3,0.2,115.2,200,115.1,1125,,,,,,,,,,,,,,,,,115.4,825,115.7,500,,,,,,,,,,,,,,,,
2026-07-03T17:00:19.629442+00:00,2026-07-03T17:00:19.629322,2,2,115.3,0.2,115.2,200,115.1,625,,,,,,,,,,,,,,,,,115.4,825,115.7,500,,,,,,,,,,,,,,,,
2026-07-03T17:00:19.634684+00:00,2026-07-03T17:00:19.634622,2,1,115.3,0.2,115.2,200,115.1,625,,,,,,,,,,,,,,,,,115.4,825,,,,,,,,,,,,,,,,,,
2026-07-03T17:00:19.658669+00:00,2026-07-03T17:00:19.645818,3,2,115.3,0.2,115.2,200,115.1,625,115.0,500,,,,,,,,,,,,,,,115.4,825,115.7,500,,,,,,,,,,,,,,,,
2026-07-03T17:00:20.231842+00:00,2026-07-03T17:00:20.231969,2,2,115.3,0.2,115.2,200,115.1,625,,,,,,,,,,,,,,,,,115.4,825,115.7,500,,,,,,,,,,,,,,,,
2026-07-03T17:00:20.237330+00:00,2026-07-03T17:00:20.237280,2,1,115.3,0.2,115.2,200,115.1,625,,,,,,,,,,,,,,,,,115.4,825,,,,,,,,,,,,,,,,,,
2026-07-03T17:00:20.242710+00:00,2026-07-03T17:00:20.242565,3,1,115.3,0.2,115.2,200,115.1,625,115.0,500,,,,,,,,,,,,,,,115.4,825,,,,,,,,,,,,,,,,,,
2026-07-03T17:00:20.258660+00:00,2026-07-03T17:00:20.253008,3,2,115.3,0.2,115.2,200,115.1,625,115.0,500,,,,,,,,,,,,,,,115.4,825,115.6,500,,,,,,,,,,,,,,,,
2026-07-03T17:00:20.291395+00:00,2026-07-03T17:00:20.287143,3,3,115.35,0.1,115.3,200,115.1,625,115.0,500,,,,,,,,,,,,,,,115.4,625,115.5,200,115.6,500,,,,,,,,,,,,,,
2026-07-03T17:00:20.834466+00:00,2026-07-03T17:00:20.834310,2,3,115.35,0.1,115.3,200,115.1,625,,,,,,,,,,,,,,,,,115.4,625,115.5,200,115.6,500,,,,,,,,,,,,,,
2026-07-03T17:00:20.839723+00:00,2026-07-03T17:00:20.839666,2,2,115.35,0.1,115.3,200,115.1,625,,,,,,,,,,,,,,,,,115.4,625,115.5,200,,,,,,,,,,,,,,,,
2026-07-03T17:00:20.845042+00:00,2026-07-03T17:00:20.844990,3,2,115.35,0.1,115.3,200,115.1,625,115.0,500,,,,,,,,,,,,,,,115.4,625,115.5,200,,,,,,,,,,,,,,,,
2026-07-03T17:00:20.858616+00:00,2026-07-03T17:00:20.855485,3,3,115.35,0.1,115.3,200,115.1,625,115.0,500,,,,,,,,,,,,,,,115.4,625,115.5,200,115.6,500,,,,,,,,,,,,,,
2026-07-03T17:00:20.926835+00:00,2026-07-03T17:00:20.926735,3,2,115.4,0.2,115.3,200,115.0,500,114.9,625,,,,,,,,,,,,,,,115.5,200,115.6,500,,,,,,,,,,,,,,,,
2026-07-03T17:00:20.937098+00:00,2026-07-03T17:00:20.937219,2,3,115.05,0.1,115.0,500,114.9,625,,,,,,,,,,,,,,,,,115.1,425,115.5,200,115.6,500,,,,,,,,,,,,,,
2026-07-03T17:00:21.427969+00:00,2026-07-03T17:00:21.427857,1,3,115.0,0.2,114.9,625,,,,,,,,,,,,,,,,,,,115.1,425,115.5,200,115.6,500,,,,,,,,,,,,,,
2026-07-03T17:00:21.444000+00:00,2026-07-03T17:00:21.443842,1,2,115.0,0.2,114.9,625,,,,,,,,,,,,,,,,,,,115.1,425,115.5,200,,,,,,,,,,,,,,,,
2026-07-03T17:00:21.448507+00:00,2026-07-03T17:00:21.459496,1,3,115.0,0.2,114.9,1125,,,,,,,,,,,,,,,,,,,115.1,425,115.5,200,115.6,500,,,,,,,,,,,,,,
2026-07-03T17:00:21.498803+00:00,2026-07-03T17:00:21.498569,1,3,115.0,0.2,114.9,1125,,,,,,,,,,,,,,,,,,,115.1,225,115.4,200,115.6,500,,,,,,,,,,,,,,
2026-07-03T17:00:22.064250+00:00,2026-07-03T17:00:22.064104,2,3,115.05,0.1,115.0,500,114.9,625,,,,,,,,,,,,,,,,,115.1,225,115.4,200,115.7,500,,,,,,,,,,,,,,
2026-07-03T17:00:22.258663+00:00,2026-07-03T17:00:22.243066,2,3,115.2,0.2,115.1,625,115.0,500,,,,,,,,,,,,,,,,,115.3,625,115.4,200,115.7,500,,,,,,,,,,,,,,
2026-07-03T17:00:22.658790+00:00,2026-07-03T17:00:22.658619,1,3,115.2,0.2,115.1,625,,,,,,,,,,,,,,,,,,,115.3,625,115.4,200,115.7,500,,,,,,,,,,,,,,
2026-07-03T17:00:22.680612+00:00,2026-07-03T17:00:22.680499,2,2,115.2,0.2,115.1,625,114.9,500,,,,,,,,,,,,,,,,,115.3,625,115.4,200,,,,,,,,,,,,,,,,
2026-07-03T17:00:22.701853+00:00,2026-07-03T17:00:22.701774,2,3,115.2,0.2,115.1,625,114.9,500,,,,,,,,,,,,,,,,,115.3,625,115.4,200,115.6,500,,,,,,,,,,,,,,
2026-07-03T17:00:22.712669+00:00,2026-07-03T17:00:22.712607,2,2,115.2,0.2,115.1,825,114.9,500,,,,,,,,,,,,,,,,,115.3,625,115.6,500,,,,,,,,,,,,,,,,
2026-07-03T17:00:22.723304+00:00,2026-07-03T17:00:22.723146,2,2,115.2,0.2,115.1,825,114.9,500,,,,,,,,,,,,,,,,,115.3,825,115.6,500,,,,,,,,,,,,,,,,
2026-07-03T17:00:23.059014+00:00,2026-07-03T17:00:23.058869,2,2,115.2,0.2,115.1,778,114.9,500,,,,,,,,,,,,,,,,,115.3,825,115.6,500,,,,,,,,,,,,,,,,
2026-07-03T17:00:23.270602+00:00,2026-07-03T17:00:23.270464,1,2,115.2,0.2,115.1,778,,,,,,,,,,,,,,,,,,,115.3,825,115.6,500,,,,,,,,,,,,,,,,
2026-07-03T17:00:23.275870+00:00,2026-07-03T17:00:23.275764,1,1,115.2,0.2,115.1,778,,,,,,,,,,,,,,,,,,,115.3,825,,,,,,,,,,,,,,,,,,
2026-07-03T17:00:23.281217+00:00,2026-07-03T17:00:23.281039,2,1,115.2,0.2,115.1,778,114.9,500,,,,,,,,,,,,,,,,,115.3,825,,,,,,,,,,,,,,,,,,
2026-07-03T17:00:23.286349+00:00,2026-07-03T17:00:23.286325,2,2,115.2,0.2,115.1,778,114.9,500,,,,,,,,,,,,,,,,,115.3,825,115.5,500,,,,,,,,,,,,,,,,
2026-07-03T17:00:23.558577+00:00,2026-07-03T17:00:23.552958,3,3,115.15,0.1,115.1,200,115.0,625,114.9,500,,,,,,,,,,,,,,,115.2,625,115.3,200,115.5,500,,,,,,,,,,,,,,
2026-07-03T17:00:23.873417+00:00,2026-07-03T17:00:23.873295,2,3,115.15,0.1,115.1,200,115.0,625,,,,,,,,,,,,,,,,,115.2,625,115.3,200,115.5,500,,,,,,,,,,,,,,
2026-07-03T17:00:23.878737+00:00,2026-07-03T17:00:23.878633,2,2,115.15,0.1,115.1,200,115.0,625,,,,,,,,,,,,,,,,,115.2,625,115.3,200,,,,,,,,,,,,,,,,
2026-07-03T17:00:23.884564+00:00,2026-07-03T17:00:23.884460,3,2,115.15,0.1,115.1,200,115.0,625,114.9,500,,,,,,,,,,,,,,,115.2,625,115.3,200,,,,,,,,,,,,,,,,
2026-07-03T17:00:23.910211+00:00,2026-07-03T17:00:23.909550,3,3,115.15,0.1,115.1,200,115.0,625,114.9,500,,,,,,,,,,,,,,,115.2,625,115.3,200,115.6,500,,,,,,,,,,,,,,
2026-07-03T17:00:23.958618+00:00,2026-07-03T17:00:23.937971,3,3,115.15,0.1,115.1,200,115.0,625,114.9,500,,,,,,,,,,,,,,,115.2,625,115.3,200,115.6,500,,,,,,,,,,,,,,
2026-07-03T17:00:24.486699+00:00,2026-07-03T17:00:24.486426,2,3,115.15,0.1,115.1,200,115.0,625,,,,,,,,,,,,,,,,,115.2,625,115.3,200,115.6,500,,,,,,,,,,,,,,
2026-07-03T17:00:24.492017+00:00,2026-07-03T17:00:24.491966,2,3,115.15,0.1,115.1,200,115.0,1125,,,,,,,,,,,,,,,,,115.2,625,115.3,200,115.7,500,,,,,,,,,,,,,,
2026-07-03T17:00:24.869411+00:00,2026-07-03T17:00:24.869337,2,2,115.2,0.2,115.1,825,115.0,500,,,,,,,,,,,,,,,,,115.3,825,115.7,500,,,,,,,,,,,,,,,,
2026-07-03T17:00:25.084083+00:00,2026-07-03T17:00:25.083874,1,2,115.2,0.2,115.1,825,,,,,,,,,,,,,,,,,,,115.3,825,115.7,500,,,,,,,,,,,,,,,,
2026-07-03T17:00:25.089350+00:00,2026-07-03T17:00:25.089295,2,1,115.2,0.2,115.1,825,115.0,500,,,,,,,,,,,,,,,,,115.3,825,,,,,,,,,,,,,,,,,,
2026-07-03T17:00:25.099899+00:00,2026-07-03T17:00:25.099745,2,2,115.2,0.2,115.1,825,115.0,500,,,,,,,,,,,,,,,,,115.3,825,115.7,500,,,,,,,,,,,,,,,,
2026-07-03T17:00:25.170459+00:00,2026-07-03T17:00:25.168931,3,3,115.25,0.1,115.2,197,115.1,625,115.0,500,,,,,,,,,,,,,,,115.3,625,115.4,200,115.7,500,,,,,,,,,,,,,,
2026-07-03T17:00:25.679074+00:00,2026-07-03T17:00:25.678974,2,3,115.25,0.1,115.2,197,115.1,625,,,,,,,,,,,,,,,,,115.3,625,115.4,200,115.7,500,,,,,,,,,,,,,,
2026-07-03T17:00:25.690095+00:00,2026-07-03T17:00:25.689747,2,2,115.25,0.1,115.2,197,115.1,625,,,,,,,,,,,,,,,,,115.3,625,115.4,200,,,,,,,,,,,,,,,,
2026-07-03T17:00:25.695479+00:00,2026-07-03T17:00:25.695234,3,2,115.25,0.1,115.2,197,115.1,625,115.0,500,,,,,,,,,,,,,,,115.3,625,115.4,200,,,,,,,,,,,,,,,,
2026-07-03T17:00:25.758823+00:00,2026-07-03T17:00:25.706459,3,3,115.25,0.1,115.2,197,115.1,625,115.0,500,,,,,,,,,,,,,,,115.3,625,115.4,200,115.7,500,,,,,,,,,,,,,,
2026-07-03T17:00:26.165529+00:00,2026-07-03T17:00:26.165327,2,2,115.3,0.2,115.2,197,115.0,500,,,,,,,,,,,,,,,,,115.4,200,115.7,500,,,,,,,,,,,,,,,,
2026-07-03T17:00:26.186507+00:00,2026-07-03T17:00:26.186420,2,3,115.3,0.2,115.2,822,115.0,500,,,,,,,,,,,,,,,,,115.4,200,115.5,625,115.7,500,,,,,,,,,,,,,,
2026-07-03T17:00:26.283892+00:00,2026-07-03T17:00:26.283757,1,3,115.3,0.2,115.2,822,,,,,,,,,,,,,,,,,,,115.4,200,115.5,625,115.7,500,,,,,,,,,,,,,,
2026-07-03T17:00:26.289264+00:00,2026-07-03T17:00:26.289041,1,2,115.3,0.2,115.2,822,,,,,,,,,,,,,,,,,,,115.4,200,115.5,625,,,,,,,,,,,,,,,,
2026-07-03T17:00:26.294448+00:00,2026-07-03T17:00:26.294328,2,2,115.3,0.2,115.2,822,115.0,500,,,,,,,,,,,,,,,,,115.4,200,115.5,625,,,,,,,,,,,,,,,,
2026-07-03T17:00:26.304692+00:00,2026-07-03T17:00:26.304837,2,3,115.3,0.2,115.2,822,115.0,500,,,,,,,,,,,,,,,,,115.4,200,115.5,625,115.7,500,,,,,,,,,,,,,,
2026-07-03T17:00:26.358658+00:00,2026-07-03T17:00:26.347491,3,2,115.4,0.2,115.3,200,115.2,625,115.0,500,,,,,,,,,,,,,,,115.5,825,115.7,500,,,,,,,,,,,,,,,,
2026-07-03T17:00:26.887354+00:00,2026-07-03T17:00:26.887039,2,2,115.4,0.2,115.3,200,115.2,625,,,,,,,,,,,,,,,,,115.5,825,115.7,500,,,,,,,,,,,,,,,,
2026-07-03T17:00:26.892453+00:00,2026-07-03T17:00:26.892337,2,1,115.4,0.2,115.3,200,115.2,625,,,,,,,,,,,,,,,,,115.5,825,,,,,,,,,,,,,,,,,,
2026-07-03T17:00:26.897778+00:00,2026-07-03T17:00:26.897623,3,1,115.4,0.2,115.3,200,115.2,625,115.0,500,,,,,,,,,,,,,,,115.5,825,,,,,,,,,,,,,,,,,,
2026-07-03T17:00:26.903039+00:00,2026-07-03T17:00:26.902928,3,2,115.4,0.2,115.3,200,115.2,625,115.0,500,,,,,,,,,,,,,,,115.5,825,115.7,500,,,,,,,,,,,,,,,,
2026-07-03T17:00:27.502085+00:00,2026-07-03T17:00:27.501929,2,2,115.4,0.2,115.3,200,115.0,500,,,,,,,,,,,,,,,,,115.5,200,115.7,500,,,,,,,,,,,,,,,,
2026-07-03T17:00:27.507638+00:00,2026-07-03T17:00:27.507591,3,2,115.4,0.2,115.3,200,115.2,625,115.0,500,,,,,,,,,,,,,,,115.5,200,115.7,500,,,,,,,,,,,,,,,,
2026-07-03T17:00:27.518267+00:00,2026-07-03T17:00:27.518125,3,3,115.35,0.1,115.3,200,115.2,625,115.0,500,,,,,,,,,,,,,,,115.4,625,115.5,200,115.7,500,,,,,,,,,,,,,,
2026-07-03T17:00:27.558733+00:00,2026-07-03T17:00:27.545070,2,2,115.3,0.2,115.2,625,115.0,500,,,,,,,,,,,,,,,,,115.4,625,115.7,500,,,,,,,,,,,,,,,,
2026-07-03T17:00:27.564057+00:00,2026-07-03T17:00:27.563930,2,3,115.3,0.2,115.2,625,115.0,500,,,,,,,,,,,,,,,,,115.4,425,115.6,200,115.7,500,,,,,,,,,,,,,,
2026-07-03T17:00:28.097380+00:00,2026-07-03T17:00:28.097257,1,3,115.3,0.2,115.2,625,,,,,,,,,,,,,,,,,,,115.4,425,115.6,200,115.7,500,,,,,,,,,,,,,,
2026-07-03T17:00:28.102928+00:00,2026-07-03T17:00:28.102617,1,2,115.3,0.2,115.2,625,,,,,,,,,,,,,,,,,,,115.4,425,115.6,200,,,,,,,,,,,,,,,,
2026-07-03T17:00:28.108164+00:00,2026-07-03T17:00:28.107942,2,2,115.3,0.2,115.2,625,115.0,500,,,,,,,,,,,,,,,,,115.4,425,115.6,200,,,,,,,,,,,,,,,,
2026-07-03T17:00:28.113335+00:00,2026-07-03T17:00:28.113236,2,3,115.3,0.2,115.2,625,115.0,500,,,,,,,,,,,,,,,,,115.4,425,115.6,200,115.7,500,,,,,,,,,,,,,,
2026-07-03T17:00:28.747024+00:00,2026-07-03T17:00:28.747182,1,3,115.3,0.2,115.2,625,,,,,,,,,,,,,,,,,,,115.4,425,115.6,200,115.7,500,,,,,,,,,,,,,,
2026-07-03T17:00:28.758937+00:00,2026-07-03T17:00:28.752794,2,3,115.3,0.2,115.2,625,115.1,500,,,,,,,,,,,,,,,,,115.4,425,115.6,200,115.7,500,,,,,,,,,,,,,,
2026-07-03T17:00:28.764587+00:00,2026-07-03T17:00:28.764412,2,2,115.3,0.2,115.2,625,115.1,500,,,,,,,,,,,,,,,,,115.4,425,115.7,500,,,,,,,,,,,,,,,,
2026-07-03T17:00:28.775108+00:00,2026-07-03T17:00:28.774907,2,2,115.3,0.2,115.2,625,115.1,500,,,,,,,,,,,,,,,,,115.4,225,115.7,500,,,,,,,,,,,,,,,,
2026-07-03T17:00:28.780352+00:00,2026-07-03T17:00:28.780223,2,3,115.3,0.2,115.2,625,115.1,500,,,,,,,,,,,,,,,,,115.4,225,115.6,200,115.7,500,,,,,,,,,,,,,,
2026-07-03T17:00:28.840905+00:00,2026-07-03T17:00:28.840807,2,2,115.5,0.2,115.4,625,115.1,500,,,,,,,,,,,,,,,,,115.6,200,115.7,1125,,,,,,,,,,,,,,,,
2026-07-03T17:00:29.358877+00:00,2026-07-03T17:00:29.358703,2,3,115.5,0.2,115.4,625,115.1,500,,,,,,,,,,,,,,,,,115.6,200,115.7,625,115.8,500,,,,,,,,,,,,,,
2026-07-03T17:00:29.963952+00:00,2026-07-03T17:00:29.963737,1,3,115.5,0.2,115.4,625,,,,,,,,,,,,,,,,,,,115.6,200,115.7,625,115.8,500,,,,,,,,,,,,,,
2026-07-03T17:00:29.969671+00:00,2026-07-03T17:00:29.969329,2,3,115.5,0.2,115.4,625,115.1,500,,,,,,,,,,,,,,,,,115.6,200,115.7,625,115.8,500,,,,,,,,,,,,,,
2026-07-03T17:00:29.995856+00:00,2026-07-03T17:00:29.995706,3,2,115.55,0.3,115.4,425,115.2,200,115.1,500,,,,,,,,,,,,,,,115.7,625,115.8,500,,,,,,,,,,,,,,,,
2026-07-03T17:00:30.130288+00:00,2026-07-03T17:00:30.130201,3,1,115.55,0.5,115.3,625,115.2,200,115.1,500,,,,,,,,,,,,,,,115.8,500,,,,,,,,,,,,,,,,,,
2026-07-03T17:00:30.135544+00:00,2026-07-03T17:00:30.135439,3,2,115.45,0.3,115.3,625,115.2,200,115.1,500,,,,,,,,,,,,,,,115.6,625,115.8,500,,,,,,,,,,,,,,,,
2026-07-03T17:00:30.544561+00:00,2026-07-03T17:00:30.544455,2,2,115.45,0.3,115.3,625,115.2,200,,,,,,,,,,,,,,,,,115.6,625,115.8,500,,,,,,,,,,,,,,,,
2026-07-03T17:00:30.559756+00:00,2026-07-03T17:00:30.559494,2,2,115.45,0.3,115.3,625,115.2,700,,,,,,,,,,,,,,,,,115.6,625,115.8,500,,,,,,,,,,,,,,,,
2026-07-03T17:00:31.158910+00:00,2026-07-03T17:00:31.158789,2,2,115.45,0.3,115.3,625,115.2,200,,,,,,,,,,,,,,,,,115.6,625,115.8,500,,,,,,,,,,,,,,,,
2026-07-03T17:00:31.164571+00:00,2026-07-03T17:00:31.164342,3,2,115.45,0.3,115.3,625,115.2,200,115.1,500,,,,,,,,,,,,,,,115.6,625,115.8,500,,,,,,,,,,,,,,,,
2026-07-03T17:00:31.191154+00:00,2026-07-03T17:00:31.191008,2,2,115.45,0.3,115.3,625,115.1,500,,,,,,,,,,,,,,,,,115.6,625,115.8,500,,,,,,,,,,,,,,,,
2026-07-03T17:00:31.196118+00:00,2026-07-03T17:00:31.196227,3,2,115.55,0.1,115.5,200,115.3,625,115.1,500,,,,,,,,,,,,,,,115.6,625,115.8,500,,,,,,,,,,,,,,,,
2026-07-03T17:00:31.201574+00:00,2026-07-03T17:00:31.201484,3,3,115.55,0.1,115.5,200,115.3,625,115.1,500,,,,,,,,,,,,,,,115.6,625,115.7,200,115.8,500,,,,,,,,,,,,,,
2026-07-03T17:00:31.442580+00:00,2026-07-03T17:00:31.442541,3,2,115.6,0.2,115.5,200,115.4,625,115.1,500,,,,,,,,,,,,,,,115.7,200,115.8,500,,,,,,,,,,,,,,,,
2026-07-03T17:00:31.447770+00:00,2026-07-03T17:00:31.447740,3,3,115.55,0.1,115.5,200,115.4,625,115.1,500,,,,,,,,,,,,,,,115.6,625,115.7,200,115.8,500,,,,,,,,,,,,,,
2026-07-03T17:00:31.739502+00:00,2026-07-03T17:00:31.739156,2,3,115.55,0.1,115.5,200,115.4,625,,,,,,,,,,,,,,,,,115.6,625,115.7,200,115.8,500,,,,,,,,,,,,,,
2026-07-03T17:00:31.760116+00:00,2026-07-03T17:00:31.759661,3,3,115.55,0.1,115.5,200,115.4,625,115.1,500,,,,,,,,,,,,,,,115.6,625,115.7,200,115.8,500,,,,,,,,,,,,,,
2026-07-03T17:00:32.347106+00:00,2026-07-03T17:00:32.351679,3,2,115.55,0.1,115.5,200,115.4,625,115.1,500,,,,,,,,,,,,,,,115.6,625,115.7,200,,,,,,,,,,,,,,,,
2026-07-03T17:00:32.363996+00:00,2026-07-03T17:00:32.363930,3,3,115.55,0.1,115.5,200,115.4,625,115.1,500,,,,,,,,,,,,,,,115.6,625,115.7,200,115.8,500,,,,,,,,,,,,,,
2026-07-03T17:00:32.395895+00:00,2026-07-03T17:00:32.395640,2,3,115.5,0.2,115.4,625,115.1,500,,,,,,,,,,,,,,,,,115.6,625,115.7,200,115.8,500,,,,,,,,,,,,,,
2026-07-03T17:00:32.433036+00:00,2026-07-03T17:00:32.432811,2,2,115.5,0.2,115.4,625,115.1,500,,,,,,,,,,,,,,,,,115.6,625,115.8,500,,,,,,,,,,,,,,,,
2026-07-03T17:00:32.438578+00:00,2026-07-03T17:00:32.438281,2,2,115.5,0.2,115.4,625,115.1,500,,,,,,,,,,,,,,,,,115.6,425,115.8,700,,,,,,,,,,,,,,,,
2026-07-03T17:00:32.759146+00:00,2026-07-03T17:00:32.759014,2,2,115.6,0.2,115.5,625,115.1,500,,,,,,,,,,,,,,,,,115.7,625,115.8,700,,,,,,,,,,,,,,,,
2026-07-03T17:00:32.948998+00:00,2026-07-03T17:00:32.948888,1,2,115.6,0.2,115.5,625,,,,,,,,,,,,,,,,,,,115.7,625,115.8,700,,,,,,,,,,,,,,,,
2026-07-03T17:00:32.958730+00:00,2026-07-03T17:00:32.956362,2,2,115.6,0.2,115.5,625,115.1,500,,,,,,,,,,,,,,,,,115.7,625,115.8,200,,,,,,,,,,,,,,,,
2026-07-03T17:00:32.974344+00:00,2026-07-03T17:00:32.974142,2,2,115.6,0.2,115.5,625,115.1,500,,,,,,,,,,,,,,,,,115.7,625,115.8,700,,,,,,,,,,,,,,,,
2026-07-03T17:00:33.552485+00:00,2026-07-03T17:00:33.553107,1,2,115.6,0.2,115.5,625,,,,,,,,,,,,,,,,,,,115.7,625,115.8,200,,,,,,,,,,,,,,,,
2026-07-03T17:00:33.605709+00:00,2026-07-03T17:00:33.605609,2,2,115.6,0.2,115.5,625,115.2,500,,,,,,,,,,,,,,,,,115.7,625,115.8,200,,,,,,,,,,,,,,,,
2026-07-03T17:00:33.631681+00:00,2026-07-03T17:00:33.618254,2,2,115.6,0.2,115.5,825,115.2,500,,,,,,,,,,,,,,,,,115.7,825,115.8,500,,,,,,,,,,,,,,,,
2026-07-03T17:00:34.079397+00:00,2026-07-03T17:00:34.079286,3,3,115.65,0.1,115.6,625,115.5,200,115.2,500,,,,,,,,,,,,,,,115.7,200,115.8,500,115.9,625,,,,,,,,,,,,,,
2026-07-03T17:00:34.158620+00:00,2026-07-03T17:00:34.155427,2,2,115.65,0.1,115.6,625,115.5,200,,,,,,,,,,,,,,,,,115.7,200,115.9,625,,,,,,,,,,,,,,,,
2026-07-03T17:00:34.164234+00:00,2026-07-03T17:00:34.163883,3,2,115.65,0.1,115.6,625,115.5,200,115.2,500,,,,,,,,,,,,,,,115.7,200,115.9,625,,,,,,,,,,,,,,,,
2026-07-03T17:00:34.200593+00:00,2026-07-03T17:00:34.200340,3,2,115.65,0.1,115.6,625,115.5,200,115.2,500,,,,,,,,,,,,,,,115.7,200,115.9,1125,,,,,,,,,,,,,,,,
2026-07-03T17:00:34.776237+00:00,2026-07-03T17:00:34.776052,2,2,115.65,0.1,115.6,625,115.5,200,,,,,,,,,,,,,,,,,115.7,200,115.9,1125,,,,,,,,,,,,,,,,
2026-07-03T17:00:34.792118+00:00,2026-07-03T17:00:34.792046,3,2,115.65,0.1,115.6,625,115.5,200,115.2,500,,,,,,,,,,,,,,,115.7,200,115.9,625,,,,,,,,,,,,,,,,
2026-07-03T17:00:34.821946+00:00,2026-07-03T17:00:34.822773,2,3,115.65,0.1,115.6,625,115.2,500,,,,,,,,,,,,,,,,,115.7,200,115.8,500,115.9,625,,,,,,,,,,,,,,
2026-07-03T17:00:34.833405+00:00,2026-07-03T17:00:34.833336,2,2,115.7,0.2,115.6,825,115.2,500,,,,,,,,,,,,,,,,,115.8,700,115.9,625,,,,,,,,,,,,,,,,
2026-07-03T17:00:35.358632+00:00,2026-07-03T17:00:35.358407,2,2,115.7,0.2,115.6,200,115.2,500,,,,,,,,,,,,,,,,,115.8,700,115.9,625,,,,,,,,,,,,,,,,
2026-07-03T17:00:35.378722+00:00,2026-07-03T17:00:35.378618,2,2,115.75,0.1,115.7,625,115.6,200,,,,,,,,,,,,,,,,,115.8,700,115.9,625,,,,,,,,,,,,,,,,
2026-07-03T17:00:35.389743+00:00,2026-07-03T17:00:35.389515,2,2,115.75,0.1,115.7,625,115.6,200,,,,,,,,,,,,,,,,,115.8,200,115.9,625,,,,,,,,,,,,,,,,
2026-07-03T17:00:35.394897+00:00,2026-07-03T17:00:35.394861,3,2,115.75,0.1,115.7,625,115.6,200,115.1,500,,,,,,,,,,,,,,,115.8,200,115.9,625,,,,,,,,,,,,,,,,
2026-07-03T17:00:35.405631+00:00,2026-07-03T17:00:35.405488,3,2,115.75,0.1,115.7,625,115.6,200,115.1,500,,,,,,,,,,,,,,,115.8,700,115.9,625,,,,,,,,,,,,,,,,
2026-07-03T17:00:35.979943+00:00,2026-07-03T17:00:35.979806,2,2,115.75,0.1,115.7,625,115.6,200,,,,,,,,,,,,,,,,,115.8,700,115.9,625,,,,,,,,,,,,,,,,
2026-07-03T17:00:35.990429+00:00,2026-07-03T17:00:35.990328,2,2,115.75,0.1,115.7,625,115.6,200,,,,,,,,,,,,,,,,,115.8,200,115.9,625,,,,,,,,,,,,,,,,
2026-07-03T17:00:36.001016+00:00,2026-07-03T17:00:36.000801,3,2,115.75,0.1,115.7,625,115.6,200,115.2,500,,,,,,,,,,,,,,,115.8,200,115.9,625,,,,,,,,,,,,,,,,
2026-07-03T17:00:36.005952+00:00,2026-07-03T17:00:36.006137,3,2,115.75,0.1,115.7,625,115.6,200,115.2,500,,,,,,,,,,,,,,,115.8,700,115.9,625,,,,,,,,,,,,,,,,
2026-07-03T17:00:36.037957+00:00,2026-07-03T17:00:36.037766,2,3,115.75,0.1,115.7,625,115.2,500,,,,,,,,,,,,,,,,,115.8,300,115.9,625,116.1,200,,,,,,,,,,,,,,
2026-07-03T17:00:36.601543+00:00,2026-07-03T17:00:36.601180,2,2,115.8,0.2,115.7,625,115.2,500,,,,,,,,,,,,,,,,,115.9,625,116.1,200,,,,,,,,,,,,,,,,
2026-07-03T17:00:36.626602+00:00,2026-07-03T17:00:36.626021,2,3,115.75,0.1,115.7,625,115.2,500,,,,,,,,,,,,,,,,,115.8,500,115.9,625,116.1,200,,,,,,,,,,,,,,
2026-07-03T17:00:36.669987+00:00,2026-07-03T17:00:36.669687,1,3,115.5,0.6,115.2,500,,,,,,,,,,,,,,,,,,,115.8,500,115.9,625,116.1,200,,,,,,,,,,,,,,
2026-07-03T17:00:36.695785+00:00,2026-07-03T17:00:36.695662,2,3,115.7,0.2,115.6,625,115.2,500,,,,,,,,,,,,,,,,,115.8,500,115.9,625,116.1,200,,,,,,,,,,,,,,
2026-07-03T17:00:37.230403+00:00,2026-07-03T17:00:37.230359,1,3,115.7,0.2,115.6,625,,,,,,,,,,,,,,,,,,,115.8,500,115.9,625,116.1,200,,,,,,,,,,,,,,
2026-07-03T17:00:37.236303+00:00,2026-07-03T17:00:37.235972,2,3,115.7,0.2,115.6,625,115.1,500,,,,,,,,,,,,,,,,,115.8,500,115.9,625,116.1,200,,,,,,,,,,,,,,
2026-07-03T17:00:37.258652+00:00,2026-07-03T17:00:37.246989,2,3,115.7,0.2,115.6,625,115.1,500,,,,,,,,,,,,,,,,,115.8,300,115.9,625,116.1,200,,,,,,,,,,,,,,
2026-07-03T17:00:37.792375+00:00,2026-07-03T17:00:37.792945,1,2,115.75,0.3,115.6,625,,,,,,,,,,,,,,,,,,,115.9,625,116.1,200,,,,,,,,,,,,,,,,
2026-07-03T17:00:37.830949+00:00,2026-07-03T17:00:37.830558,2,3,115.7,0.2,115.6,625,115.1,500,,,,,,,,,,,,,,,,,115.8,500,115.9,625,116.1,200,,,,,,,,,,,,,,
2026-07-03T17:00:37.983942+00:00,2026-07-03T17:00:37.984165,2,2,115.7,0.2,115.6,625,115.1,500,,,,,,,,,,,,,,,,,115.8,500,116.1,200,,,,,,,,,,,,,,,,
2026-07-03T17:00:37.989530+00:00,2026-07-03T17:00:37.989390,2,2,115.7,0.2,115.6,625,115.1,500,,,,,,,,,,,,,,,,,115.8,1125,116.1,200,,,,,,,,,,,,,,,,
2026-07-03T17:00:38.390151+00:00,2026-07-03T17:00:38.390035,1,2,115.7,0.2,115.6,625,,,,,,,,,,,,,,,,,,,115.8,1125,116.1,200,,,,,,,,,,,,,,,,
2026-07-03T17:00:38.405922+00:00,2026-07-03T17:00:38.405812,1,2,115.7,0.2,115.6,625,,,,,,,,,,,,,,,,,,,115.8,625,116.1,200,,,,,,,,,,,,,,,,
2026-07-03T17:00:38.416836+00:00,2026-07-03T17:00:38.416729,2,2,115.7,0.2,115.6,625,115.2,500,,,,,,,,,,,,,,,,,115.8,625,116.1,200,,,,,,,,,,,,,,,,
2026-07-03T17:00:38.427450+00:00,2026-07-03T17:00:38.427342,2,2,115.7,0.2,115.6,625,115.2,500,,,,,,,,,,,,,,,,,115.8,1125,116.1,200,,,,,,,,,,,,,,,,
2026-07-03T17:00:38.459012+00:00,2026-07-03T17:00:38.458900,2,2,115.7,0.2,115.6,625,115.2,500,,,,,,,,,,,,,,,,,115.8,925,116.0,200,,,,,,,,,,,,,,,,
2026-07-03T17:00:39.001116+00:00,2026-07-03T17:00:39.001274,1,2,115.7,0.2,115.6,625,,,,,,,,,,,,,,,,,,,115.8,925,116.0,200,,,,,,,,,,,,,,,,
2026-07-03T17:00:39.006726+00:00,2026-07-03T17:00:39.006640,1,2,115.7,0.2,115.6,625,,,,,,,,,,,,,,,,,,,115.8,425,116.0,200,,,,,,,,,,,,,,,,
2026-07-03T17:00:39.017291+00:00,2026-07-03T17:00:39.017214,2,2,115.7,0.2,115.6,625,115.1,500,,,,,,,,,,,,,,,,,115.8,425,116.0,200,,,,,,,,,,,,,,,,
2026-07-03T17:00:39.027896+00:00,2026-07-03T17:00:39.027761,2,2,115.7,0.2,115.6,625,115.1,500,,,,,,,,,,,,,,,,,115.8,925,116.0,200,,,,,,,,,,,,,,,,
2026-07-03T17:00:39.290070+00:00,2026-07-03T17:00:39.289941,1,2,115.45,0.7,115.1,500,,,,,,,,,,,,,,,,,,,115.8,500,116.0,200,,,,,,,,,,,,,,,,
2026-07-03T17:00:39.295298+00:00,2026-07-03T17:00:39.295218,2,1,115.9,0.2,115.8,125,115.1,500,,,,,,,,,,,,,,,,,116.0,825,,,,,,,,,,,,,,,,,,
2026-07-03T17:00:39.603276+00:00,2026-07-03T17:00:39.603171,1,1,115.9,0.2,115.8,125,,,,,,,,,,,,,,,,,,,116.0,825,,,,,,,,,,,,,,,,,,
2026-07-03T17:00:39.614042+00:00,2026-07-03T17:00:39.613773,2,1,115.9,0.2,115.8,125,115.1,500,,,,,,,,,,,,,,,,,116.0,825,,,,,,,,,,,,,,,,,,
2026-07-03T17:00:39.619402+00:00,2026-07-03T17:00:39.619208,1,2,115.45,0.7,115.1,500,,,,,,,,,,,,,,,,,,,115.8,375,116.0,825,,,,,,,,,,,,,,,,
2026-07-03T17:00:39.681069+00:00,2026-07-03T17:00:39.680643,1,2,115.45,0.7,115.1,500,,,,,,,,,,,,,,,,,,,115.8,175,116.0,825,,,,,,,,,,,,,,,,
2026-07-03T17:00:40.211815+00:00,2026-07-03T17:00:40.211936,0,2,,,,,,,,,,,,,,,,,,,,,,,115.8,175,116.0,825,,,,,,,,,,,,,,,,
2026-07-03T17:00:40.217515+00:00,2026-07-03T17:00:40.217413,1,1,115.6,0.8,115.2,500,,,,,,,,,,,,,,,,,,,116.0,825,,,,,,,,,,,,,,,,,,
2026-07-03T17:00:40.222951+00:00,2026-07-03T17:00:40.222762,1,2,115.5,0.6,115.2,500,,,,,,,,,,,,,,,,,,,115.8,500,116.0,825,,,,,,,,,,,,,,,,
2026-07-03T17:00:40.600223+00:00,2026-07-03T17:00:40.600164,2,2,115.65,0.3,115.5,625,115.2,500,,,,,,,,,,,,,,,,,115.8,500,116.0,200,,,,,,,,,,,,,,,,
2026-07-03T17:00:40.605532+00:00,2026-07-03T17:00:40.605421,2,3,115.6,0.2,115.5,625,115.2,500,,,,,,,,,,,,,,,,,115.7,625,115.8,500,116.0,200,,,,,,,,,,,,,,
2026-07-03T17:00:40.843408+00:00,2026-07-03T17:00:40.843150,2,2,115.6,0.2,115.5,625,115.2,500,,,,,,,,,,,,,,,,,115.7,625,116.0,200,,,,,,,,,,,,,,,,
2026-07-03T17:00:40.858653+00:00,2026-07-03T17:00:40.853922,2,3,115.6,0.2,115.5,625,115.2,500,,,,,,,,,,,,,,,,,115.7,625,115.8,500,116.0,200,,,,,,,,,,,,,,
2026-07-03T17:00:40.874922+00:00,2026-07-03T17:00:40.874692,3,2,115.65,0.1,115.6,200,115.5,625,115.2,500,,,,,,,,,,,,,,,115.7,625,115.8,700,,,,,,,,,,,,,,,,
2026-07-03T17:00:41.435981+00:00,2026-07-03T17:00:41.436120,2,2,115.65,0.1,115.6,200,115.5,625,,,,,,,,,,,,,,,,,115.7,625,115.8,700,,,,,,,,,,,,,,,,
2026-07-03T17:00:41.458598+00:00,2026-07-03T17:00:41.447366,3,2,115.65,0.1,115.6,200,115.5,625,115.1,500,,,,,,,,,,,,,,,115.7,625,115.8,200,,,,,,,,,,,,,,,,
2026-07-03T17:00:41.464303+00:00,2026-07-03T17:00:41.463796,3,2,115.65,0.1,115.6,200,115.5,625,115.1,500,,,,,,,,,,,,,,,115.7,625,115.8,700,,,,,,,,,,,,,,,,
2026-07-03T17:00:41.909607+00:00,2026-07-03T17:00:41.909504,2,1,115.7,0.2,115.6,825,115.1,500,,,,,,,,,,,,,,,,,115.8,700,,,,,,,,,,,,,,,,,,
2026-07-03T17:00:41.914823+00:00,2026-07-03T17:00:41.914702,2,1,115.7,0.2,115.6,825,115.1,500,,,,,,,,,,,,,,,,,115.8,1325,,,,,,,,,,,,,,,,,,
2026-07-03T17:00:42.037557+00:00,2026-07-03T17:00:42.037426,1,1,115.7,0.2,115.6,825,,,,,,,,,,,,,,,,,,,115.8,1325,,,,,,,,,,,,,,,,,,
2026-07-03T17:00:42.042808+00:00,2026-07-03T17:00:42.042719,1,1,115.7,0.2,115.6,825,,,,,,,,,,,,,,,,,,,115.8,825,,,,,,,,,,,,,,,,,,
2026-07-03T17:00:42.058645+00:00,2026-07-03T17:00:42.048658,2,1,115.7,0.2,115.6,825,115.1,500,,,,,,,,,,,,,,,,,115.8,1325,,,,,,,,,,,,,,,,,,
2026-07-03T17:00:42.079386+00:00,2026-07-03T17:00:42.079324,2,1,115.7,0.2,115.6,625,115.1,500,,,,,,,,,,,,,,,,,115.8,1325,,,,,,,,,,,,,,,,,,
2026-07-03T17:00:42.084688+00:00,2026-07-03T17:00:42.084614,3,1,115.7,0.2,115.6,625,115.4,200,115.1,500,,,,,,,,,,,,,,,115.8,1125,,,,,,,,,,,,,,,,,,
2026-07-03T17:00:42.089708+00:00,2026-07-03T17:00:42.089817,3,2,115.65,0.1,115.6,625,115.4,200,115.1,500,,,,,,,,,,,,,,,115.7,200,115.8,1125,,,,,,,,,,,,,,,,
2026-07-03T17:00:42.640914+00:00,2026-07-03T17:00:42.640803,2,2,115.65,0.1,115.6,625,115.4,200,,,,,,,,,,,,,,,,,115.7,200,115.8,1125,,,,,,,,,,,,,,,,
2026-07-03T17:00:42.646214+00:00,2026-07-03T17:00:42.646093,2,2,115.65,0.1,115.6,625,115.4,200,,,,,,,,,,,,,,,,,115.7,200,115.8,625,,,,,,,,,,,,,,,,
2026-07-03T17:00:42.651432+00:00,2026-07-03T17:00:42.651365,3,2,115.65,0.1,115.6,625,115.4,200,115.2,500,,,,,,,,,,,,,,,115.7,200,115.8,625,,,,,,,,,,,,,,,,
2026-07-03T17:00:42.656448+00:00,2026-07-03T17:00:42.656701,3,3,115.65,0.1,115.6,625,115.4,200,115.2,500,,,,,,,,,,,,,,,115.7,200,115.8,625,115.9,500,,,,,,,,,,,,,,
2026-07-03T17:00:43.235669+00:00,2026-07-03T17:00:43.235486,3,3,115.65,0.1,115.6,625,115.4,200,115.2,500,,,,,,,,,,,,,,,115.7,200,115.8,625,115.9,500,,,,,,,,,,,,,,
2026-07-03T17:00:43.240838+00:00,2026-07-03T17:00:43.240709,2,3,115.65,0.1,115.6,625,115.4,200,,,,,,,,,,,,,,,,,115.7,200,115.8,625,115.9,500,,,,,,,,,,,,,,
2026-07-03T17:00:43.259958+00:00,2026-07-03T17:00:43.259605,3,3,115.65,0.1,115.6,625,115.4,200,115.2,500,,,,,,,,,,,,,,,115.7,200,115.8,625,115.9,500,,,,,,,,,,,,,,
2026-07-03T17:00:43.291996+00:00,2026-07-03T17:00:43.291889,2,2,115.7,0.2,115.6,825,115.2,500,,,,,,,,,,,,,,,,,115.8,625,115.9,500,,,,,,,,,,,,,,,,
2026-07-03T17:00:43.297180+00:00,2026-07-03T17:00:43.297079,2,2,115.7,0.2,115.6,825,115.2,500,,,,,,,,,,,,,,,,,115.8,825,115.9,500,,,,,,,,,,,,,,,,
2026-07-03T17:00:43.841687+00:00,2026-07-03T17:00:43.841514,1,2,115.7,0.2,115.6,825,,,,,,,,,,,,,,,,,,,115.8,825,115.9,500,,,,,,,,,,,,,,,,
2026-07-03T17:00:43.858887+00:00,2026-07-03T17:00:43.858723,1,1,115.7,0.2,115.6,825,,,,,,,,,,,,,,,,,,,115.8,825,,,,,,,,,,,,,,,,,,
2026-07-03T17:00:43.864257+00:00,2026-07-03T17:00:43.864153,2,2,115.7,0.2,115.6,825,115.3,500,,,,,,,,,,,,,,,,,115.8,825,116.0,500,,,,,,,,,,,,,,,,
2026-07-03T17:00:44.458928+00:00,2026-07-03T17:00:44.458675,1,2,115.7,0.2,115.6,825,,,,,,,,,,,,,,,,,,,115.8,825,116.0,500,,,,,,,,,,,,,,,,
2026-07-03T17:00:44.464464+00:00,2026-07-03T17:00:44.464268,2,2,115.7,0.2,115.6,825,115.3,500,,,,,,,,,,,,,,,,,115.8,825,116.0,500,,,,,,,,,,,,,,,,
2026-07-03T17:00:44.543032+00:00,2026-07-03T17:00:44.542854,3,2,115.75,0.1,115.7,625,115.6,200,115.3,500,,,,,,,,,,,,,,,115.8,200,116.0,1125,,,,,,,,,,,,,,,,
2026-07-03T17:00:45.093315+00:00,2026-07-03T17:00:45.092994,3,3,115.75,0.1,115.7,625,115.6,200,115.2,500,,,,,,,,,,,,,,,115.8,200,115.9,500,116.0,625,,,,,,,,,,,,,,
2026-07-03T17:00:45.658588+00:00,2026-07-03T17:00:45.655414,2,2,115.75,0.1,115.7,625,115.6,200,,,,,,,,,,,,,,,,,115.8,200,116.0,625,,,,,,,,,,,,,,,,
2026-07-03T17:00:45.664427+00:00,2026-07-03T17:00:45.664016,3,2,115.75,0.1,115.7,625,115.6,200,115.1,500,,,,,,,,,,,,,,,115.8,200,116.0,625,,,,,,,,,,,,,,,,
2026-07-03T17:00:45.675362+00:00,2026-07-03T17:00:45.675135,3,2,115.75,0.1,115.7,625,115.6,200,115.1,500,,,,,,,,,,,,,,,115.8,700,116.0,625,,,,,,,,,,,,,,,,
2026-07-03T17:00:45.758640+00:00,2026-07-03T17:00:45.748051,3,2,115.75,0.1,115.7,625,115.6,200,115.1,500,,,,,,,,,,,,,,,115.8,700,116.0,625,,,,,,,,,,,,,,,,
2026-07-03T17:00:45.847917+00:00,2026-07-03T17:00:45.847872,3,1,115.75,0.1,115.7,625,115.6,200,115.1,500,,,,,,,,,,,,,,,115.8,700,,,,,,,,,,,,,,,,,,
2026-07-03T17:00:45.853203+00:00,2026-07-03T17:00:45.853079,3,2,115.75,0.1,115.7,625,115.6,200,115.1,500,,,,,,,,,,,,,,,115.8,700,115.9,625,,,,,,,,,,,,,,,,
2026-07-03T17:00:46.274671+00:00,2026-07-03T17:00:46.274596,2,2,115.75,0.1,115.7,625,115.6,200,,,,,,,,,,,,,,,,,115.8,200,115.9,625,,,,,,,,,,,,,,,,
2026-07-03T17:00:46.280164+00:00,2026-07-03T17:00:46.280084,3,2,115.75,0.1,115.7,625,115.6,200,115.2,500,,,,,,,,,,,,,,,115.8,200,115.9,1125,,,,,,,,,,,,,,,,
2026-07-03T17:00:46.891373+00:00,2026-07-03T17:00:46.891271,2,2,115.75,0.1,115.7,625,115.6,200,,,,,,,,,,,,,,,,,115.8,200,115.9,1125,,,,,,,,,,,,,,,,
2026-07-03T17:00:46.897294+00:00,2026-07-03T17:00:46.896625,2,2,115.75,0.1,115.7,625,115.6,200,,,,,,,,,,,,,,,,,115.8,200,115.9,625,,,,,,,,,,,,,,,,
2026-07-03T17:00:46.908777+00:00,2026-07-03T17:00:46.908635,3,2,115.75,0.1,115.7,625,115.6,200,115.3,500,,,,,,,,,,,,,,,115.8,200,115.9,625,,,,,,,,,,,,,,,,
2026-07-03T17:00:46.914012+00:00,2026-07-03T17:00:46.913931,3,2,115.75,0.1,115.7,625,115.6,200,115.3,500,,,,,,,,,,,,,,,115.8,200,115.9,1125,,,,,,,,,,,,,,,,
2026-07-03T17:00:46.958804+00:00,2026-07-03T17:00:46.946479,3,2,115.75,0.1,115.7,625,115.6,200,115.3,500,,,,,,,,,,,,,,,115.8,200,115.9,1125,,,,,,,,,,,,,,,,
2026-07-03T17:00:47.141695+00:00,2026-07-03T17:00:47.141525,2,2,115.7,0.2,115.6,200,115.3,500,,,,,,,,,,,,,,,,,115.8,200,115.9,500,,,,,,,,,,,,,,,,
2026-07-03T17:00:47.146849+00:00,2026-07-03T17:00:47.146814,3,2,115.85,0.1,115.8,425,115.6,200,115.3,500,,,,,,,,,,,,,,,115.9,500,116.0,625,,,,,,,,,,,,,,,,
2026-07-03T17:00:47.493437+00:00,2026-07-03T17:00:47.493293,2,2,115.85,0.1,115.8,425,115.6,200,,,,,,,,,,,,,,,,,115.9,500,116.0,625,,,,,,,,,,,,,,,,
2026-07-03T17:00:47.558695+00:00,2026-07-03T17:00:47.546079,3,2,115.85,0.1,115.8,425,115.6,200,115.3,500,,,,,,,,,,,,,,,115.9,500,116.0,625,,,,,,,,,,,,,,,,
2026-07-03T17:00:47.844338+00:00,2026-07-03T17:00:47.844095,3,2,115.85,0.1,115.8,405,115.6,200,115.3,500,,,,,,,,,,,,,,,115.9,500,116.0,625,,,,,,,,,,,,,,,,
2026-07-03T17:00:48.096393+00:00,2026-07-03T17:00:48.096155,2,1,115.9,0.2,115.8,405,115.6,200,,,,,,,,,,,,,,,,,116.0,625,,,,,,,,,,,,,,,,,,
2026-07-03T17:00:48.119739+00:00,2026-07-03T17:00:48.119468,3,1,115.9,0.2,115.8,405,115.6,200,115.3,500,,,,,,,,,,,,,,,116.0,1125,,,,,,,,,,,,,,,,,,
2026-07-03T17:00:48.159476+00:00,2026-07-03T17:00:48.159144,3,1,115.9,0.2,115.8,405,115.7,200,115.3,500,,,,,,,,,,,,,,,116.0,1325,,,,,,,,,,,,,,,,,,
2026-07-03T17:00:48.453242+00:00,2026-07-03T17:00:48.453803,3,2,115.75,0.1,115.7,200,115.6,625,115.3,500,,,,,,,,,,,,,,,115.8,625,116.0,700,,,,,,,,,,,,,,,,
2026-07-03T17:00:48.469834+00:00,2026-07-03T17:00:48.468110,3,2,115.75,0.1,115.7,200,115.6,625,115.3,500,,,,,,,,,,,,,,,115.8,622,116.0,700,,,,,,,,,,,,,,,,
2026-07-03T17:00:48.698158+00:00,2026-07-03T17:00:48.698025,2,2,115.75,0.1,115.7,200,115.6,625,,,,,,,,,,,,,,,,,115.8,622,116.0,700,,,,,,,,,,,,,,,,
2026-07-03T17:00:48.703372+00:00,2026-07-03T17:00:48.703323,2,2,115.75,0.1,115.7,200,115.6,625,,,,,,,,,,,,,,,,,115.8,622,116.0,200,,,,,,,,,,,,,,,,
2026-07-03T17:00:48.708659+00:00,2026-07-03T17:00:48.708624,3,2,115.75,0.1,115.7,200,115.6,625,115.3,500,,,,,,,,,,,,,,,115.8,622,116.0,200,,,,,,,,,,,,,,,,
2026-07-03T17:00:48.719217+00:00,2026-07-03T17:00:48.719078,3,2,115.75,0.1,115.7,200,115.6,625,115.3,500,,,,,,,,,,,,,,,115.8,622,116.0,700,,,,,,,,,,,,,,,,
2026-07-03T17:00:49.301051+00:00,2026-07-03T17:00:49.300943,2,2,115.75,0.1,115.7,200,115.6,625,,,,,,,,,,,,,,,,,115.8,622,116.0,700,,,,,,,,,,,,,,,,
2026-07-03T17:00:49.306373+00:00,2026-07-03T17:00:49.306259,2,2,115.75,0.1,115.7,200,115.6,625,,,,,,,,,,,,,,,,,115.8,622,116.0,200,,,,,,,,,,,,,,,,
2026-07-03T17:00:49.311646+00:00,2026-07-03T17:00:49.311545,3,2,115.75,0.1,115.7,200,115.6,625,115.3,500,,,,,,,,,,,,,,,115.8,622,116.0,200,,,,,,,,,,,,,,,,
2026-07-03T17:00:49.322064+00:00,2026-07-03T17:00:49.322000,3,2,115.75,0.1,115.7,200,115.6,625,115.3,500,,,,,,,,,,,,,,,115.8,622,116.0,700,,,,,,,,,,,,,,,,
2026-07-03T17:00:49.359345+00:00,2026-07-03T17:00:49.358873,2,2,115.7,0.2,115.6,825,115.3,500,,,,,,,,,,,,,,,,,115.8,822,116.0,500,,,,,,,,,,,,,,,,
2026-07-03T17:00:49.784725+00:00,2026-07-03T17:00:49.784683,2,2,115.7,0.2,115.6,825,115.3,500,,,,,,,,,,,,,,,,,115.8,825,116.0,500,,,,,,,,,,,,,,,,
2026-07-03T17:00:49.941908+00:00,2026-07-03T17:00:49.941616,2,2,115.7,0.2,115.6,825,115.3,500,,,,,,,,,,,,,,,,,115.8,825,116.0,500,,,,,,,,,,,,,,,,
2026-07-03T17:00:50.503045+00:00,2026-07-03T17:00:50.502975,1,2,115.7,0.2,115.6,825,,,,,,,,,,,,,,,,,,,115.8,825,116.0,500,,,,,,,,,,,,,,,,
2026-07-03T17:00:50.513625+00:00,2026-07-03T17:00:50.513448,1,1,115.7,0.2,115.6,825,,,,,,,,,,,,,,,,,,,115.8,825,,,,,,,,,,,,,,,,,,
2026-07-03T17:00:50.518821+00:00,2026-07-03T17:00:50.518732,2,1,115.7,0.2,115.6,825,115.4,500,,,,,,,,,,,,,,,,,115.8,825,,,,,,,,,,,,,,,,,,
2026-07-03T17:00:50.524253+00:00,2026-07-03T17:00:50.524017,2,2,115.7,0.2,115.6,825,115.4,500,,,,,,,,,,,,,,,,,115.8,825,116.1,500,,,,,,,,,,,,,,,,
2026-07-03T17:00:50.574748+00:00,2026-07-03T17:00:50.574641,2,2,115.7,0.2,115.6,825,115.4,500,,,,,,,,,,,,,,,,,115.8,625,116.1,500,,,,,,,,,,,,,,,,
2026-07-03T17:00:50.579973+00:00,2026-07-03T17:00:50.579845,2,2,115.7,0.2,115.6,825,115.4,500,,,,,,,,,,,,,,,,,115.8,825,116.1,500,,,,,,,,,,,,,,,,
2026-07-03T17:00:51.071237+00:00,2026-07-03T17:00:51.071108,2,2,115.7,0.2,115.6,825,115.4,500,,,,,,,,,,,,,,,,,115.8,200,116.1,500,,,,,,,,,,,,,,,,
2026-07-03T17:00:51.076366+00:00,2026-07-03T17:00:51.076305,2,2,115.7,0.2,115.6,825,115.4,500,,,,,,,,,,,,,,,,,115.8,825,116.1,500,,,,,,,,,,,,,,,,
2026-07-03T17:00:51.113673+00:00,2026-07-03T17:00:51.113507,1,2,115.7,0.2,115.6,825,,,,,,,,,,,,,,,,,,,115.8,825,116.1,500,,,,,,,,,,,,,,,,
2026-07-03T17:00:51.119181+00:00,2026-07-03T17:00:51.118950,2,1,115.7,0.2,115.6,825,115.4,500,,,,,,,,,,,,,,,,,115.8,825,,,,,,,,,,,,,,,,,,
2026-07-03T17:00:51.129765+00:00,2026-07-03T17:00:51.129509,2,2,115.7,0.2,115.6,825,115.4,500,,,,,,,,,,,,,,,,,115.8,825,116.1,500,,,,,,,,,,,,,,,,
2026-07-03T17:00:51.701412+00:00,2026-07-03T17:00:51.701244,1,2,115.7,0.2,115.6,825,,,,,,,,,,,,,,,,,,,115.8,825,116.1,500,,,,,,,,,,,,,,,,
2026-07-03T17:00:51.713483+00:00,2026-07-03T17:00:51.713336,1,1,115.7,0.2,115.6,825,,,,,,,,,,,,,,,,,,,115.8,825,,,,,,,,,,,,,,,,,,
2026-07-03T17:00:51.724846+00:00,2026-07-03T17:00:51.724728,2,2,115.7,0.2,115.6,825,115.4,500,,,,,,,,,,,,,,,,,115.8,825,116.1,500,,,,,,,,,,,,,,,,
2026-07-03T17:00:51.778829+00:00,2026-07-03T17:00:51.778773,2,2,115.7,0.2,115.6,625,115.4,500,,,,,,,,,,,,,,,,,115.8,625,116.1,500,,,,,,,,,,,,,,,,
2026-07-03T17:00:51.804935+00:00,2026-07-03T17:00:51.805126,2,2,115.7,0.2,115.6,625,115.4,700,,,,,,,,,,,,,,,,,115.8,625,116.1,500,,,,,,,,,,,,,,,,
2026-07-03T17:00:51.810630+00:00,2026-07-03T17:00:51.810450,2,2,115.7,0.2,115.6,425,115.4,700,,,,,,,,,,,,,,,,,115.8,625,116.1,500,,,,,,,,,,,,,,,,
2026-07-03T17:00:52.315622+00:00,2026-07-03T17:00:52.315506,2,2,115.7,0.2,115.6,425,115.4,200,,,,,,,,,,,,,,,,,115.8,625,116.1,500,,,,,,,,,,,,,,,,
2026-07-03T17:00:52.321516+00:00,2026-07-03T17:00:52.321428,3,1,115.7,0.2,115.6,425,115.4,200,115.3,500,,,,,,,,,,,,,,,115.8,625,,,,,,,,,,,,,,,,,,
2026-07-03T17:00:52.337740+00:00,2026-07-03T17:00:52.337544,3,2,115.7,0.2,115.6,425,115.4,200,115.3,500,,,,,,,,,,,,,,,115.8,625,116.0,500,,,,,,,,,,,,,,,,
2026-07-03T17:00:52.395851+00:00,2026-07-03T17:00:52.395791,3,2,115.8,0.2,115.7,625,115.4,200,115.3,500,,,,,,,,,,,,,,,115.9,625,116.0,500,,,,,,,,,,,,,,,,
2026-07-03T17:00:52.963985+00:00,2026-07-03T17:00:52.963931,2,1,115.8,0.2,115.7,625,115.4,200,,,,,,,,,,,,,,,,,115.9,625,,,,,,,,,,,,,,,,,,
2026-07-03T17:00:52.970024+00:00,2026-07-03T17:00:52.969866,2,2,115.8,0.2,115.7,625,115.4,700,,,,,,,,,,,,,,,,,115.9,625,116.1,500,,,,,,,,,,,,,,,,
2026-07-03T17:00:52.997178+00:00,2026-07-03T17:00:52.997027,2,2,115.8,0.2,115.7,625,115.4,700,,,,,,,,,,,,,,,,,115.9,625,116.1,500,,,,,,,,,,,,,,,,
2026-07-03T17:00:53.018487+00:00,2026-07-03T17:00:53.018358,2,2,115.8,0.2,115.7,425,115.4,700,,,,,,,,,,,,,,,,,115.9,625,116.1,500,,,,,,,,,,,,,,,,
2026-07-03T17:00:53.558675+00:00,2026-07-03T17:00:53.555784,2,1,115.8,0.2,115.7,425,115.4,200,,,,,,,,,,,,,,,,,115.9,625,,,,,,,,,,,,,,,,,,
2026-07-03T17:00:53.569117+00:00,2026-07-03T17:00:53.568962,3,1,115.8,0.2,115.7,425,115.5,500,115.4,200,,,,,,,,,,,,,,,115.9,625,,,,,,,,,,,,,,,,,,
2026-07-03T17:00:53.579488+00:00,2026-07-03T17:00:53.579659,3,2,115.8,0.2,115.7,425,115.5,500,115.4,200,,,,,,,,,,,,,,,115.9,625,116.2,500,,,,,,,,,,,,,,,,
2026-07-03T17:00:53.687700+00:00,2026-07-03T17:00:53.687603,2,1,115.85,0.7,115.5,500,115.4,200,,,,,,,,,,,,,,,,,116.2,500,,,,,,,,,,,,,,,,,,
2026-07-03T17:00:53.693229+00:00,2026-07-03T17:00:53.692913,3,2,115.7,0.2,115.6,625,115.5,500,115.4,200,,,,,,,,,,,,,,,115.8,625,116.2,500,,,,,,,,,,,,,,,,
2026-07-03T17:00:54.197505+00:00,2026-07-03T17:00:54.197044,3,2,115.7,0.2,115.6,625,115.5,500,115.4,200,,,,,,,,,,,,,,,115.8,625,116.2,500,,,,,,,,,,,,,,,,
2026-07-03T17:00:54.202688+00:00,2026-07-03T17:00:54.202580,2,2,115.7,0.2,115.6,625,115.5,500,,,,,,,,,,,,,,,,,115.8,625,116.2,500,,,,,,,,,,,,,,,,
2026-07-03T17:00:54.234004+00:00,2026-07-03T17:00:54.233926,3,3,115.75,0.1,115.7,200,115.6,625,115.5,500,,,,,,,,,,,,,,,115.8,625,115.9,200,116.2,500,,,,,,,,,,,,,,
2026-07-03T17:00:54.758694+00:00,2026-07-03T17:00:54.755695,2,3,115.75,0.1,115.7,200,115.6,625,,,,,,,,,,,,,,,,,115.8,625,115.9,200,116.2,500,,,,,,,,,,,,,,
2026-07-03T17:00:54.769263+00:00,2026-07-03T17:00:54.768984,2,2,115.75,0.1,115.7,200,115.6,625,,,,,,,,,,,,,,,,,115.8,625,115.9,200,,,,,,,,,,,,,,,,
2026-07-03T17:00:54.774909+00:00,2026-07-03T17:00:54.774400,3,2,115.75,0.1,115.7,200,115.6,625,115.5,500,,,,,,,,,,,,,,,115.8,625,115.9,200,,,,,,,,,,,,,,,,
2026-07-03T17:00:54.816731+00:00,2026-07-03T17:00:54.816530,3,3,115.75,0.1,115.7,200,115.6,625,115.5,500,,,,,,,,,,,,,,,115.8,625,115.9,200,116.2,500,,,,,,,,,,,,,,
2026-07-03T17:00:54.998036+00:00,2026-07-03T17:00:54.997907,2,3,115.75,0.1,115.7,200,115.5,500,,,,,,,,,,,,,,,,,115.8,625,115.9,200,116.2,500,,,,,,,,,,,,,,
2026-07-03T17:00:55.003391+00:00,2026-07-03T17:00:55.003337,3,2,115.8,0.2,115.7,200,115.5,500,115.3,625,,,,,,,,,,,,,,,115.9,200,116.2,500,,,,,,,,,,,,,,,,
2026-07-03T17:00:55.008693+00:00,2026-07-03T17:00:55.008653,2,2,115.7,0.4,115.5,75,115.3,625,,,,,,,,,,,,,,,,,115.9,200,116.2,500,,,,,,,,,,,,,,,,
2026-07-03T17:00:55.364361+00:00,2026-07-03T17:00:55.364113,1,2,115.6,0.6,115.3,625,,,,,,,,,,,,,,,,,,,115.9,200,116.2,500,,,,,,,,,,,,,,,,
2026-07-03T17:00:55.369542+00:00,2026-07-03T17:00:55.369446,1,1,115.6,0.6,115.3,625,,,,,,,,,,,,,,,,,,,115.9,200,,,,,,,,,,,,,,,,,,
2026-07-03T17:00:55.380134+00:00,2026-07-03T17:00:55.379891,2,1,115.7,0.4,115.5,500,115.3,625,,,,,,,,,,,,,,,,,115.9,200,,,,,,,,,,,,,,,,,,
2026-07-03T17:00:55.401654+00:00,2026-07-03T17:00:55.401535,2,2,115.7,0.4,115.5,500,115.3,625,,,,,,,,,,,,,,,,,115.9,200,116.2,500,,,,,,,,,,,,,,,,
2026-07-03T17:00:55.407165+00:00,2026-07-03T17:00:55.407137,2,1,115.85,0.7,115.5,500,115.3,625,,,,,,,,,,,,,,,,,116.2,500,,,,,,,,,,,,,,,,,,
2026-07-03T17:00:55.412234+00:00,2026-07-03T17:00:55.412396,3,2,115.7,0.2,115.6,200,115.5,500,115.3,625,,,,,,,,,,,,,,,115.8,200,116.2,500,,,,,,,,,,,,,,,,
2026-07-03T17:00:55.965851+00:00,2026-07-03T17:00:55.965659,2,2,115.7,0.2,115.6,200,115.3,625,,,,,,,,,,,,,,,,,115.8,200,116.2,500,,,,,,,,,,,,,,,,
2026-07-03T17:00:56.002549+00:00,2026-07-03T17:00:56.002410,2,1,115.7,0.2,115.6,200,115.3,625,,,,,,,,,,,,,,,,,115.8,200,,,,,,,,,,,,,,,,,,
2026-07-03T17:00:56.008243+00:00,2026-07-03T17:00:56.007935,3,2,115.7,0.2,115.6,200,115.4,500,115.3,625,,,,,,,,,,,,,,,115.8,200,116.1,500,,,,,,,,,,,,,,,,
2026-07-03T17:00:56.313255+00:00,2026-07-03T17:00:56.313219,3,2,115.75,0.1,115.7,625,115.6,200,115.4,500,,,,,,,,,,,,,,,115.8,200,116.1,500,,,,,,,,,,,,,,,,
2026-07-03T17:00:56.318489+00:00,2026-07-03T17:00:56.318432,3,3,115.75,0.1,115.7,625,115.6,200,115.4,500,,,,,,,,,,,,,,,115.8,200,115.9,625,116.1,500,,,,,,,,,,,,,,
2026-07-03T17:00:56.564072+00:00,2026-07-03T17:00:56.564013,2,3,115.75,0.1,115.7,625,115.6,200,,,,,,,,,,,,,,,,,115.8,200,115.9,625,116.1,500,,,,,,,,,,,,,,
2026-07-03T17:00:56.580055+00:00,2026-07-03T17:00:56.579891,3,2,115.75,0.1,115.7,625,115.6,200,115.3,500,,,,,,,,,,,,,,,115.8,200,115.9,625,,,,,,,,,,,,,,,,
2026-07-03T17:00:56.601652+00:00,2026-07-03T17:00:56.601484,3,3,115.75,0.1,115.7,625,115.6,200,115.3,500,,,,,,,,,,,,,,,115.8,200,115.9,625,116.0,500,,,,,,,,,,,,,,
2026-07-03T17:00:56.612348+00:00,2026-07-03T17:00:56.612243,2,3,115.75,0.1,115.7,625,115.3,500,,,,,,,,,,,,,,,,,115.8,200,115.9,625,116.0,500,,,,,,,,,,,,,,
2026-07-03T17:00:56.617676+00:00,2026-07-03T17:00:56.617528,2,2,115.8,0.2,115.7,825,115.3,500,,,,,,,,,,,,,,,,,115.9,825,116.0,500,,,,,,,,,,,,,,,,
2026-07-03T17:00:57.172180+00:00,2026-07-03T17:00:57.172036,1,2,115.8,0.2,115.7,825,,,,,,,,,,,,,,,,,,,115.9,825,116.0,500,,,,,,,,,,,,,,,,
2026-07-03T17:00:57.177499+00:00,2026-07-03T17:00:57.177361,1,1,115.8,0.2,115.7,825,,,,,,,,,,,,,,,,,,,115.9,825,,,,,,,,,,,,,,,,,,
2026-07-03T17:00:57.209734+00:00,2026-07-03T17:00:57.209387,2,2,115.8,0.2,115.7,825,115.3,500,,,,,,,,,,,,,,,,,115.9,825,116.0,500,,,,,,,,,,,,,,,,
2026-07-03T17:00:57.637062+00:00,2026-07-03T17:00:57.636960,3,2,115.8,0.2,115.7,200,115.6,625,115.3,500,,,,,,,,,,,,,,,115.9,200,116.0,500,,,,,,,,,,,,,,,,
2026-07-03T17:00:57.642373+00:00,2026-07-03T17:00:57.642269,3,3,115.75,0.1,115.7,200,115.6,625,115.3,500,,,,,,,,,,,,,,,115.8,625,115.9,200,116.0,500,,,,,,,,,,,,,,
2026-07-03T17:00:57.790276+00:00,2026-07-03T17:00:57.790169,2,3,115.75,0.1,115.7,200,115.6,625,,,,,,,,,,,,,,,,,115.8,625,115.9,200,116.0,500,,,,,,,,,,,,,,
2026-07-03T17:00:57.795853+00:00,2026-07-03T17:00:57.795779,3,3,115.75,0.1,115.7,200,115.6,625,115.3,500,,,,,,,,,,,,,,,115.8,625,115.9,200,116.0,500,,,,,,,,,,,,,,
2026-07-03T17:00:57.823760+00:00,2026-07-03T17:00:57.823723,2,2,115.7,0.2,115.6,625,115.3,500,,,,,,,,,,,,,,,,,115.8,625,116.0,500,,,,,,,,,,,,,,,,
2026-07-03T17:00:57.829034+00:00,2026-07-03T17:00:57.828940,3,3,115.65,0.1,115.6,625,115.5,200,115.3,500,,,,,,,,,,,,,,,115.7,200,115.8,625,116.0,500,,,,,,,,,,,,,,
2026-07-03T17:00:58.069500+00:00,2026-07-03T17:00:58.069394,3,3,115.65,0.1,115.6,605,115.5,200,115.3,500,,,,,,,,,,,,,,,115.7,200,115.8,625,116.0,500,,,,,,,,,,,,,,
2026-07-03T17:00:58.373211+00:00,2026-07-03T17:00:58.372988,2,3,115.65,0.1,115.6,605,115.5,200,,,,,,,,,,,,,,,,,115.7,200,115.8,625,116.0,500,,,,,,,,,,,,,,
2026-07-03T17:00:58.384014+00:00,2026-07-03T17:00:58.383816,2,2,115.65,0.1,115.6,605,115.5,200,,,,,,,,,,,,,,,,,115.7,200,115.8,625,,,,,,,,,,,,,,,,
2026-07-03T17:00:58.394401+00:00,2026-07-03T17:00:58.394280,3,2,115.65,0.1,115.6,605,115.5,200,115.3,500,,,,,,,,,,,,,,,115.7,200,115.8,625,,,,,,,,,,,,,,,,
2026-07-03T17:00:58.399722+00:00,2026-07-03T17:00:58.399598,3,3,115.65,0.1,115.6,605,115.5,200,115.3,500,,,,,,,,,,,,,,,115.7,200,115.8,625,116.0,500,,,,,,,,,,,,,,
2026-07-03T17:00:58.941353+00:00,2026-07-03T17:00:58.941225,2,3,115.6,0.2,115.5,200,115.3,500,,,,,,,,,,,,,,,,,115.7,200,115.8,625,116.0,500,,,,,,,,,,,,,,
2026-07-03T17:00:58.946746+00:00,2026-07-03T17:00:58.946560,3,2,115.8,0.2,115.7,425,115.5,200,115.3,500,,,,,,,,,,,,,,,115.9,625,116.0,500,,,,,,,,,,,,,,,,
2026-07-03T17:00:59.000128+00:00,2026-07-03T17:00:58.999977,2,2,115.8,0.2,115.7,425,115.5,200,,,,,,,,,,,,,,,,,115.9,625,116.0,500,,,,,,,,,,,,,,,,
2026-07-03T17:00:59.005115+00:00,2026-07-03T17:00:59.005259,2,1,115.8,0.2,115.7,425,115.5,200,,,,,,,,,,,,,,,,,115.9,625,,,,,,,,,,,,,,,,,,
2026-07-03T17:00:59.011280+00:00,2026-07-03T17:00:59.011198,3,2,115.8,0.2,115.7,425,115.5,200,115.3,500,,,,,,,,,,,,,,,115.9,625,116.0,500,,,,,,,,,,,,,,,,
2026-07-03T17:00:59.074677+00:00,2026-07-03T17:00:59.074423,3,2,115.8,0.2,115.7,425,115.6,200,115.3,500,,,,,,,,,,,,,,,115.9,825,116.0,500,,,,,,,,,,,,,,,,
2026-07-03T17:00:59.622485+00:00,2026-07-03T17:00:59.622325,3,2,115.8,0.2,115.7,425,115.6,200,115.3,500,,,,,,,,,,,,,,,115.9,825,116.0,500,,,,,,,,,,,,,,,,
2026-07-03T17:01:00.206363+00:00,2026-07-03T17:01:00.206149,2,2,115.8,0.2,115.7,425,115.6,200,,,,,,,,,,,,,,,,,115.9,825,116.0,500,,,,,,,,,,,,,,,,
2026-07-03T17:01:00.211607+00:00,2026-07-03T17:01:00.211460,2,1,115.8,0.2,115.7,425,115.6,200,,,,,,,,,,,,,,,,,115.9,825,,,,,,,,,,,,,,,,,,
2026-07-03T17:01:00.216963+00:00,2026-07-03T17:01:00.216746,3,1,115.8,0.2,115.7,425,115.6,200,115.3,500,,,,,,,,,,,,,,,115.9,825,,,,,,,,,,,,,,,,,,
2026-07-03T17:01:00.222169+00:00,2026-07-03T17:01:00.222043,3,2,115.8,0.2,115.7,425,115.6,200,115.3,500,,,,,,,,,,,,,,,115.9,825,116.0,500,,,,,,,,,,,,,,,,
2026-07-03T17:01:00.237952+00:00,2026-07-03T17:01:00.237884,1,1,115.65,0.7,115.3,500,,,,,,,,,,,,,,,,,,,116.0,500,,,,,,,,,,,,,,,,,,
2026-07-03T17:01:00.243212+00:00,2026-07-03T17:01:00.243163,3,2,115.85,0.1,115.8,625,115.7,200,115.3,500,,,,,,,,,,,,,,,115.9,200,116.0,1125,,,,,,,,,,,,,,,,
2026-07-03T17:01:00.801444+00:00,2026-07-03T17:01:00.801252,2,2,115.85,0.1,115.8,625,115.7,200,,,,,,,,,,,,,,,,,115.9,200,116.0,1125,,,,,,,,,,,,,,,,
2026-07-03T17:01:00.828871+00:00,2026-07-03T17:01:00.828759,2,2,115.85,0.1,115.8,625,115.7,200,,,,,,,,,,,,,,,,,115.9,200,116.0,625,,,,,,,,,,,,,,,,
2026-07-03T17:01:00.834357+00:00,2026-07-03T17:01:00.834210,3,2,115.85,0.1,115.8,625,115.7,200,115.2,500,,,,,,,,,,,,,,,115.9,700,116.0,625,,,,,,,,,,,,,,,,
2026-07-03T17:01:01.433324+00:00,2026-07-03T17:01:01.433275,2,2,115.85,0.1,115.8,625,115.7,200,,,,,,,,,,,,,,,,,115.9,200,116.0,625,,,,,,,,,,,,,,,,
2026-07-03T17:01:01.458865+00:00,2026-07-03T17:01:01.458750,3,2,115.85,0.1,115.8,625,115.7,200,115.2,500,,,,,,,,,,,,,,,115.9,200,116.0,625,,,,,,,,,,,,,,,,
2026-07-03T17:01:01.464351+00:00,2026-07-03T17:01:01.464061,3,2,115.85,0.1,115.8,625,115.7,200,115.2,500,,,,,,,,,,,,,,,115.9,700,116.0,625,,,,,,,,,,,,,,,,
2026-07-03T17:01:01.469662+00:00,2026-07-03T17:01:01.469509,2,2,115.85,0.1,115.8,625,115.2,500,,,,,,,,,,,,,,,,,115.9,500,116.0,625,,,,,,,,,,,,,,,,
2026-07-03T17:01:01.496081+00:00,2026-07-03T17:01:01.495979,3,2,115.85,0.1,115.8,625,115.7,200,115.2,500,,,,,,,,,,,,,,,115.9,500,116.0,625,,,,,,,,,,,,,,,,
2026-07-03T17:01:01.501442+00:00,2026-07-03T17:01:01.501290,3,2,115.85,0.1,115.8,625,115.7,200,115.2,500,,,,,,,,,,,,,,,115.9,700,116.0,625,,,,,,,,,,,,,,,,
2026-07-03T17:01:01.565464+00:00,2026-07-03T17:01:01.565354,3,2,115.85,0.1,115.8,625,115.7,200,115.2,500,,,,,,,,,,,,,,,115.9,700,116.0,625,,,,,,,,,,,,,,,,
2026-07-03T17:01:02.015292+00:00,2026-07-03T17:01:02.015157,2,2,115.85,0.1,115.8,625,115.7,200,,,,,,,,,,,,,,,,,115.9,700,116.0,625,,,,,,,,,,,,,,,,
2026-07-03T17:01:02.020537+00:00,2026-07-03T17:01:02.020467,2,2,115.85,0.1,115.8,625,115.7,200,,,,,,,,,,,,,,,,,115.9,200,116.0,625,,,,,,,,,,,,,,,,
2026-07-03T17:01:02.031147+00:00,2026-07-03T17:01:02.030904,3,2,115.85,0.1,115.8,625,115.7,200,115.2,500,,,,,,,,,,,,,,,115.9,200,116.0,625,,,,,,,,,,,,,,,,
2026-07-03T17:01:02.036437+00:00,2026-07-03T17:01:02.036267,3,2,115.85,0.1,115.8,625,115.7,200,115.2,500,,,,,,,,,,,,,,,115.9,700,116.0,625,,,,,,,,,,,,,,,,
2026-07-03T17:01:02.612785+00:00,2026-07-03T17:01:02.612647,2,2,115.85,0.1,115.8,625,115.7,200,,,,,,,,,,,,,,,,,115.9,700,116.0,625,,,,,,,,,,,,,,,,
2026-07-03T17:01:02.623300+00:00,2026-07-03T17:01:02.623138,2,2,115.85,0.1,115.8,625,115.7,200,,,,,,,,,,,,,,,,,115.9,200,116.0,625,,,,,,,,,,,,,,,,
2026-07-03T17:01:02.628585+00:00,2026-07-03T17:01:02.628430,3,2,115.85,0.1,115.8,625,115.7,200,115.3,500,,,,,,,,,,,,,,,115.9,200,116.0,625,,,,,,,,,,,,,,,,
2026-07-03T17:01:02.633865+00:00,2026-07-03T17:01:02.633762,3,2,115.85,0.1,115.8,625,115.7,200,115.3,500,,,,,,,,,,,,,,,115.9,200,116.0,1125,,,,,,,,,,,,,,,,
2026-07-03T17:01:02.694841+00:00,2026-07-03T17:01:02.694710,2,2,115.85,0.1,115.8,625,115.3,500,,,,,,,,,,,,,,,,,115.9,200,116.0,1125,,,,,,,,,,,,,,,,
2026-07-03T17:01:02.700234+00:00,2026-07-03T17:01:02.700132,3,2,115.85,0.1,115.8,625,115.7,200,115.3,500,,,,,,,,,,,,,,,115.9,200,116.0,1125,,,,,,,,,,,,,,,,
2026-07-03T17:01:02.736318+00:00,2026-07-03T17:01:02.736236,3,2,115.85,0.1,115.8,605,115.7,200,115.3,500,,,,,,,,,,,,,,,115.9,200,116.0,1125,,,,,,,,,,,,,,,,
2026-07-03T17:01:02.864152+00:00,2026-07-03T17:01:02.864101,2,2,115.8,0.2,115.7,825,115.3,500,,,,,,,,,,,,,,,,,115.9,825,116.0,500,,,,,,,,,,,,,,,,
2026-07-03T17:01:03.221556+00:00,2026-07-03T17:01:03.221345,1,2,115.8,0.2,115.7,825,,,,,,,,,,,,,,,,,,,115.9,825,116.0,500,,,,,,,,,,,,,,,,
2026-07-03T17:01:03.227381+00:00,2026-07-03T17:01:03.227217,2,1,115.8,0.2,115.7,825,115.3,500,,,,,,,,,,,,,,,,,115.9,825,,,,,,,,,,,,,,,,,,
2026-07-03T17:01:03.233014+00:00,2026-07-03T17:01:03.232903,2,2,115.8,0.2,115.7,825,115.3,500,,,,,,,,,,,,,,,,,115.9,825,116.0,500,,,,,,,,,,,,,,,,
2026-07-03T17:01:03.819306+00:00,2026-07-03T17:01:03.819045,1,2,115.8,0.2,115.7,825,,,,,,,,,,,,,,,,,,,115.9,825,116.0,500,,,,,,,,,,,,,,,,
2026-07-03T17:01:03.830284+00:00,2026-07-03T17:01:03.830204,1,1,115.8,0.2,115.7,825,,,,,,,,,,,,,,,,,,,115.9,825,,,,,,,,,,,,,,,,,,
2026-07-03T17:01:03.840862+00:00,2026-07-03T17:01:03.840698,2,1,115.8,0.2,115.7,825,115.3,500,,,,,,,,,,,,,,,,,115.9,825,,,,,,,,,,,,,,,,,,
2026-07-03T17:01:03.858658+00:00,2026-07-03T17:01:03.846012,2,2,115.8,0.2,115.7,825,115.3,500,,,,,,,,,,,,,,,,,115.9,825,116.0,500,,,,,,,,,,,,,,,,
2026-07-03T17:01:03.930358+00:00,2026-07-03T17:01:03.930212,3,3,115.75,0.1,115.7,625,115.6,200,115.3,500,,,,,,,,,,,,,,,115.8,200,115.9,625,116.0,500,,,,,,,,,,,,,,
2026-07-03T17:01:04.158873+00:00,2026-07-03T17:01:04.158472,2,3,115.7,0.2,115.6,200,115.3,500,,,,,,,,,,,,,,,,,115.8,200,115.9,625,116.0,500,,,,,,,,,,,,,,
2026-07-03T17:01:04.195761+00:00,2026-07-03T17:01:04.195640,2,2,115.8,0.4,115.6,200,115.3,500,,,,,,,,,,,,,,,,,116.0,75,116.2,625,,,,,,,,,,,,,,,,
2026-07-03T17:01:04.422164+00:00,2026-07-03T17:01:04.421772,1,2,115.8,0.4,115.6,200,,,,,,,,,,,,,,,,,,,116.0,75,116.2,625,,,,,,,,,,,,,,,,
2026-07-03T17:01:04.458656+00:00,2026-07-03T17:01:04.444004,2,2,115.8,0.4,115.6,200,115.3,500,,,,,,,,,,,,,,,,,116.0,500,116.2,625,,,,,,,,,,,,,,,,
2026-07-03T17:01:05.065548+00:00,2026-07-03T17:01:05.065289,1,1,115.9,0.6,115.6,200,,,,,,,,,,,,,,,,,,,116.2,625,,,,,,,,,,,,,,,,,,
2026-07-03T17:01:05.097212+00:00,2026-07-03T17:01:05.096961,2,2,115.75,0.3,115.6,200,115.2,500,,,,,,,,,,,,,,,,,115.9,500,116.2,625,,,,,,,,,,,,,,,,
2026-07-03T17:01:05.119889+00:00,2026-07-03T17:01:05.119729,2,2,115.75,0.3,115.6,200,115.2,500,,,,,,,,,,,,,,,,,115.9,500,116.2,625,,,,,,,,,,,,,,,,
2026-07-03T17:01:05.125897+00:00,2026-07-03T17:01:05.125633,2,3,115.7,0.2,115.6,200,115.2,500,,,,,,,,,,,,,,,,,115.8,200,115.9,500,116.2,625,,,,,,,,,,,,,,
2026-07-03T17:01:05.479653+00:00,2026-07-03T17:01:05.479572,3,3,115.65,0.1,115.6,200,115.5,625,115.2,500,,,,,,,,,,,,,,,115.7,625,115.8,200,115.9,500,,,,,,,,,,,,,,
2026-07-03T17:01:05.663668+00:00,2026-07-03T17:01:05.663871,2,3,115.65,0.1,115.6,200,115.5,625,,,,,,,,,,,,,,,,,115.7,625,115.8,200,115.9,500,,,,,,,,,,,,,,
2026-07-03T17:01:05.669282+00:00,2026-07-03T17:01:05.669180,2,2,115.65,0.1,115.6,200,115.5,625,,,,,,,,,,,,,,,,,115.7,625,115.8,200,,,,,,,,,,,,,,,,
2026-07-03T17:01:05.679811+00:00,2026-07-03T17:01:05.679631,3,2,115.65,0.1,115.6,200,115.5,625,115.3,500,,,,,,,,,,,,,,,115.7,625,115.8,200,,,,,,,,,,,,,,,,
2026-07-03T17:01:05.684790+00:00,2026-07-03T17:01:05.684928,3,3,115.65,0.1,115.6,200,115.5,625,115.3,500,,,,,,,,,,,,,,,115.7,625,115.8,200,116.0,500,,,,,,,,,,,,,,
2026-07-03T17:01:06.312030+00:00,2026-07-03T17:01:06.311912,2,3,115.65,0.1,115.6,200,115.5,625,,,,,,,,,,,,,,,,,115.7,625,115.8,200,116.0,500,,,,,,,,,,,,,,
2026-07-03T17:01:06.317662+00:00,2026-07-03T17:01:06.317501,3,3,115.65,0.1,115.6,200,115.5,625,115.3,500,,,,,,,,,,,,,,,115.7,625,115.8,200,116.0,500,,,,,,,,,,,,,,
2026-07-03T17:01:06.344728+00:00,2026-07-03T17:01:06.345256,3,3,115.65,0.1,115.6,200,115.5,625,115.3,500,,,,,,,,,,,,,,,115.7,625,115.8,200,116.0,500,,,,,,,,,,,,,,
2026-07-03T17:01:06.786701+00:00,2026-07-03T17:01:06.786585,2,2,115.7,0.2,115.6,200,115.3,500,,,,,,,,,,,,,,,,,115.8,200,116.0,500,,,,,,,,,,,,,,,,
2026-07-03T17:01:06.801470+00:00,2026-07-03T17:01:06.799905,3,3,115.75,0.1,115.7,622,115.6,200,115.3,500,,,,,,,,,,,,,,,115.8,200,115.9,625,116.0,500,,,,,,,,,,,,,,
2026-07-03T17:01:06.864201+00:00,2026-07-03T17:01:06.864113,2,3,115.75,0.1,115.7,622,115.6,200,,,,,,,,,,,,,,,,,115.8,200,115.9,625,116.0,500,,,,,,,,,,,,,,
2026-07-03T17:01:06.881268+00:00,2026-07-03T17:01:06.881067,2,2,115.75,0.1,115.7,622,115.6,200,,,,,,,,,,,,,,,,,115.8,200,115.9,625,,,,,,,,,,,,,,,,
2026-07-03T17:01:06.886439+00:00,2026-07-03T17:01:06.886373,3,2,115.75,0.1,115.7,622,115.6,200,115.4,500,,,,,,,,,,,,,,,115.8,200,115.9,625,,,,,,,,,,,,,,,,
2026-07-03T17:01:06.896907+00:00,2026-07-03T17:01:06.896858,3,3,115.75,0.1,115.7,622,115.6,200,115.4,500,,,,,,,,,,,,,,,115.8,200,115.9,625,116.1,500,,,,,,,,,,,,,,
2026-07-03T17:01:07.508431+00:00,2026-07-03T17:01:07.508267,2,3,115.75,0.1,115.7,622,115.6,200,,,,,,,,,,,,,,,,,115.8,200,115.9,625,116.1,500,,,,,,,,,,,,,,
2026-07-03T17:01:07.514083+00:00,2026-07-03T17:01:07.513876,3,3,115.75,0.1,115.7,622,115.6,200,115.4,500,,,,,,,,,,,,,,,115.8,200,115.9,625,116.1,500,,,,,,,,,,,,,,
2026-07-03T17:01:07.540401+00:00,2026-07-03T17:01:07.540151,2,3,115.75,0.1,115.7,622,115.4,500,,,,,,,,,,,,,,,,,115.8,200,115.9,625,116.1,500,,,,,,,,,,,,,,
2026-07-03T17:01:07.558857+00:00,2026-07-03T17:01:07.550398,3,3,115.75,0.1,115.7,622,115.6,200,115.4,500,,,,,,,,,,,,,,,115.8,200,115.9,625,116.1,500,,,,,,,,,,,,,,
2026-07-03T17:01:08.078795+00:00,2026-07-03T17:01:08.078929,2,3,115.75,0.1,115.7,622,115.6,200,,,,,,,,,,,,,,,,,115.8,200,115.9,625,116.1,500,,,,,,,,,,,,,,
2026-07-03T17:01:08.115910+00:00,2026-07-03T17:01:08.115798,2,2,115.75,0.1,115.7,622,115.6,200,,,,,,,,,,,,,,,,,115.8,200,115.9,625,,,,,,,,,,,,,,,,
2026-07-03T17:01:08.121705+00:00,2026-07-03T17:01:08.121459,3,3,115.75,0.1,115.7,625,115.6,200,115.4,500,,,,,,,,,,,,,,,115.8,200,115.9,625,116.1,500,,,,,,,,,,,,,,
2026-07-03T17:01:08.688130+00:00,2026-07-03T17:01:08.687806,3,2,115.75,0.1,115.7,625,115.6,200,115.4,500,,,,,,,,,,,,,,,115.8,200,115.9,625,,,,,,,,,,,,,,,,
2026-07-03T17:01:08.700410+00:00,2026-07-03T17:01:08.700367,3,3,115.75,0.1,115.7,625,115.6,200,115.4,500,,,,,,,,,,,,,,,115.8,200,115.9,625,116.1,500,,,,,,,,,,,,,,
2026-07-03T17:01:08.758578+00:00,2026-07-03T17:01:08.756863,2,2,115.8,0.2,115.7,625,115.4,500,,,,,,,,,,,,,,,,,115.9,625,116.1,500,,,,,,,,,,,,,,,,
2026-07-03T17:01:08.790054+00:00,2026-07-03T17:01:08.789780,3,2,115.8,0.2,115.7,625,115.5,200,115.4,500,,,,,,,,,,,,,,,115.9,625,116.1,500,,,,,,,,,,,,,,,,
2026-07-03T17:01:08.795314+00:00,2026-07-03T17:01:08.795153,3,3,115.75,0.1,115.7,625,115.5,200,115.4,500,,,,,,,,,,,,,,,115.8,200,115.9,625,116.1,500,,,,,,,,,,,,,,
2026-07-03T17:01:09.285090+00:00,2026-07-03T17:01:09.284984,2,2,115.75,0.1,115.7,625,115.5,200,,,,,,,,,,,,,,,,,115.8,200,115.9,625,,,,,,,,,,,,,,,,
2026-07-03T17:01:09.328526+00:00,2026-07-03T17:01:09.328010,3,3,115.75,0.1,115.7,625,115.5,200,115.4,500,,,,,,,,,,,,,,,115.8,200,115.9,625,116.1,500,,,,,,,,,,,,,,
2026-07-03T17:01:09.410912+00:00,2026-07-03T17:01:09.410821,3,2,115.75,0.1,115.7,625,115.5,200,115.4,500,,,,,,,,,,,,,,,115.8,200,116.1,500,,,,,,,,,,,,,,,,
2026-07-03T17:01:09.436829+00:00,2026-07-03T17:01:09.436728,3,3,115.75,0.1,115.7,625,115.5,200,115.4,500,,,,,,,,,,,,,,,115.8,200,115.9,625,116.1,500,,,,,,,,,,,,,,
2026-07-03T17:01:09.887623+00:00,2026-07-03T17:01:09.887371,2,2,115.75,0.1,115.7,625,115.5,200,,,,,,,,,,,,,,,,,115.8,200,115.9,625,,,,,,,,,,,,,,,,
2026-07-03T17:01:09.924368+00:00,2026-07-03T17:01:09.924163,3,2,115.75,0.1,115.7,625,115.5,200,115.4,500,,,,,,,,,,,,,,,115.8,200,115.9,625,,,,,,,,,,,,,,,,
2026-07-03T17:01:09.929701+00:00,2026-07-03T17:01:09.929537,3,3,115.75,0.1,115.7,625,115.5,200,115.4,500,,,,,,,,,,,,,,,115.8,200,115.9,625,116.1,500,,,,,,,,,,,,,,
2026-07-03T17:01:09.993795+00:00,2026-07-03T17:01:09.993651,3,3,115.75,0.1,115.7,625,115.6,200,115.4,500,,,,,,,,,,,,,,,115.8,200,115.9,625,116.1,500,,,,,,,,,,,,,,
2026-07-03T17:01:10.520117+00:00,2026-07-03T17:01:10.519977,2,3,115.75,0.1,115.7,625,115.6,200,,,,,,,,,,,,,,,,,115.8,200,115.9,625,116.1,500,,,,,,,,,,,,,,
2026-07-03T17:01:10.537509+00:00,2026-07-03T17:01:10.535798,3,3,115.75,0.1,115.7,614,115.6,200,115.4,500,,,,,,,,,,,,,,,115.8,200,115.9,625,116.1,500,,,,,,,,,,,,,,
2026-07-03T17:01:10.619099+00:00,2026-07-03T17:01:10.619271,3,3,115.75,0.1,115.7,614,115.6,200,115.4,500,,,,,,,,,,,,,,,115.8,180,115.9,625,116.1,500,,,,,,,,,,,,,,
2026-07-03T17:01:10.769194+00:00,2026-07-03T17:01:10.767606,3,2,115.9,0.2,115.8,433,115.6,200,115.4,500,,,,,,,,,,,,,,,116.0,625,116.1,500,,,,,,,,,,,,,,,,
2026-07-03T17:01:11.164719+00:00,2026-07-03T17:01:11.164463,3,2,115.9,0.2,115.8,433,115.6,200,115.4,500,,,,,,,,,,,,,,,116.0,625,116.1,500,,,,,,,,,,,,,,,,
2026-07-03T17:01:11.184859+00:00,2026-07-03T17:01:11.184806,2,2,115.9,0.2,115.8,433,115.4,500,,,,,,,,,,,,,,,,,116.0,625,116.1,500,,,,,,,,,,,,,,,,
2026-07-03T17:01:11.190134+00:00,2026-07-03T17:01:11.190083,3,2,115.9,0.2,115.8,233,115.6,200,115.4,500,,,,,,,,,,,,,,,116.0,625,116.1,500,,,,,,,,,,,,,,,,
2026-07-03T17:01:11.758640+00:00,2026-07-03T17:01:11.753998,3,2,115.9,0.2,115.8,233,115.6,200,115.5,500,,,,,,,,,,,,,,,116.0,625,116.2,500,,,,,,,,,,,,,,,,
2026-07-03T17:01:12.059194+00:00,2026-07-03T17:01:12.058819,2,2,115.65,0.1,115.6,200,115.5,1125,,,,,,,,,,,,,,,,,115.7,625,116.2,500,,,,,,,,,,,,,,,,
2026-07-03T17:01:12.223049+00:00,2026-07-03T17:01:12.222991,2,2,115.65,0.1,115.6,180,115.5,1125,,,,,,,,,,,,,,,,,115.7,625,116.2,500,,,,,,,,,,,,,,,,
2026-07-03T17:01:12.358608+00:00,2026-07-03T17:01:12.346432,2,2,115.65,0.1,115.6,180,115.5,1125,,,,,,,,,,,,,,,,,115.7,625,116.1,500,,,,,,,,,,,,,,,,
2026-07-03T17:01:12.393401+00:00,2026-07-03T17:01:12.393539,1,2,115.6,0.2,115.5,1125,,,,,,,,,,,,,,,,,,,115.7,625,116.1,500,,,,,,,,,,,,,,,,
2026-07-03T17:01:12.398864+00:00,2026-07-03T17:01:12.398768,1,2,115.6,0.2,115.5,1125,,,,,,,,,,,,,,,,,,,115.7,425,116.1,500,,,,,,,,,,,,,,,,
2026-07-03T17:01:12.404107+00:00,2026-07-03T17:01:12.403979,1,3,115.6,0.2,115.5,1125,,,,,,,,,,,,,,,,,,,115.7,425,115.9,200,116.1,500,,,,,,,,,,,,,,
2026-07-03T17:01:12.926792+00:00,2026-07-03T17:01:12.936874,1,3,115.6,0.2,115.5,1125,,,,,,,,,,,,,,,,,,,115.7,425,115.9,200,116.1,500,,,,,,,,,,,,,,
2026-07-03T17:01:13.331813+00:00,2026-07-03T17:01:13.331465,1,2,115.7,0.4,115.5,500,,,,,,,,,,,,,,,,,,,115.9,200,116.1,500,,,,,,,,,,,,,,,,
2026-07-03T17:01:13.342971+00:00,2026-07-03T17:01:13.342877,2,3,115.6,0.2,115.5,500,115.4,625,,,,,,,,,,,,,,,,,115.7,625,115.9,200,116.1,500,,,,,,,,,,,,,,
2026-07-03T17:01:13.534527+00:00,2026-07-03T17:01:13.534204,1,2,115.55,0.3,115.4,625,,,,,,,,,,,,,,,,,,,115.7,625,115.9,200,,,,,,,,,,,,,,,,
2026-07-03T17:01:13.559556+00:00,2026-07-03T17:01:13.558866,1,3,115.55,0.3,115.4,1125,,,,,,,,,,,,,,,,,,,115.7,625,115.9,200,116.1,500,,,,,,,,,,,,,,
2026-07-03T17:01:13.603951+00:00,2026-07-03T17:01:13.603849,1,2,115.55,0.3,115.4,1125,,,,,,,,,,,,,,,,,,,115.7,625,116.1,500,,,,,,,,,,,,,,,,
2026-07-03T17:01:13.609152+00:00,2026-07-03T17:01:13.609105,2,2,115.6,0.2,115.5,200,115.4,1125,,,,,,,,,,,,,,,,,115.7,825,116.1,500,,,,,,,,,,,,,,,,
2026-07-03T17:01:13.683531+00:00,2026-07-03T17:01:13.683469,2,2,115.6,0.2,115.5,180,115.4,1125,,,,,,,,,,,,,,,,,115.7,825,116.1,500,,,,,,,,,,,,,,,,
2026-07-03T17:01:14.158877+00:00,2026-07-03T17:01:14.158714,2,2,115.6,0.2,115.5,180,115.4,625,,,,,,,,,,,,,,,,,115.7,825,116.1,500,,,,,,,,,,,,,,,,
2026-07-03T17:01:14.196075+00:00,2026-07-03T17:01:14.195773,3,2,115.6,0.2,115.5,180,115.4,625,115.3,500,,,,,,,,,,,,,,,115.7,825,116.0,500,,,,,,,,,,,,,,,,
2026-07-03T17:01:14.658714+00:00,2026-07-03T17:01:14.652073,3,3,115.65,0.1,115.6,625,115.5,180,115.3,500,,,,,,,,,,,,,,,115.7,200,115.8,625,116.0,500,,,,,,,,,,,,,,
2026-07-03T17:01:14.758699+00:00,2026-07-03T17:01:14.752429,3,3,115.65,0.1,115.6,625,115.5,180,115.3,500,,,,,,,,,,,,,,,115.7,200,115.8,625,116.0,500,,,,,,,,,,,,,,
2026-07-03T17:01:14.826101+00:00,2026-07-03T17:01:14.825895,3,2,115.7,0.2,115.6,625,115.5,200,115.3,500,,,,,,,,,,,,,,,115.8,825,116.0,500,,,,,,,,,,,,,,,,
2026-07-03T17:01:15.341940+00:00,2026-07-03T17:01:15.339683,2,1,115.7,0.2,115.6,625,115.5,200,,,,,,,,,,,,,,,,,115.8,825,,,,,,,,,,,,,,,,,,
2026-07-03T17:01:15.352295+00:00,2026-07-03T17:01:15.352441,3,1,115.7,0.2,115.6,625,115.5,200,115.3,500,,,,,,,,,,,,,,,115.8,825,,,,,,,,,,,,,,,,,,
2026-07-03T17:01:15.358557+00:00,2026-07-03T17:01:15.357880,3,2,115.7,0.2,115.6,625,115.5,200,115.3,500,,,,,,,,,,,,,,,115.8,825,116.0,500,,,,,,,,,,,,,,,,
2026-07-03T17:01:15.937405+00:00,2026-07-03T17:01:15.937132,2,2,115.7,0.2,115.6,625,115.5,200,,,,,,,,,,,,,,,,,115.8,825,116.0,500,,,,,,,,,,,,,,,,
2026-07-03T17:01:15.958564+00:00,2026-07-03T17:01:15.953698,3,1,115.7,0.2,115.6,625,115.5,200,115.3,500,,,,,,,,,,,,,,,115.8,825,,,,,,,,,,,,,,,,,,
2026-07-03T17:01:15.969083+00:00,2026-07-03T17:01:15.969035,3,2,115.7,0.2,115.6,625,115.5,200,115.3,500,,,,,,,,,,,,,,,115.8,200,116.0,500,,,,,,,,,,,,,,,,
2026-07-03T17:01:15.974141+00:00,2026-07-03T17:01:15.974253,3,2,115.7,0.2,115.6,625,115.5,200,115.3,500,,,,,,,,,,,,,,,115.8,825,116.0,500,,,,,,,,,,,,,,,,
2026-07-03T17:01:16.048502+00:00,2026-07-03T17:01:16.058796,2,2,115.7,0.2,115.6,825,115.3,500,,,,,,,,,,,,,,,,,115.8,825,116.0,500,,,,,,,,,,,,,,,,
2026-07-03T17:01:16.564541+00:00,2026-07-03T17:01:16.564403,2,2,115.7,0.2,115.6,825,115.3,500,,,,,,,,,,,,,,,,,115.8,825,116.0,500,,,,,,,,,,,,,,,,
2026-07-03T17:01:17.180355+00:00,2026-07-03T17:01:17.180236,1,1,115.7,0.2,115.6,825,,,,,,,,,,,,,,,,,,,115.8,825,,,,,,,,,,,,,,,,,,
2026-07-03T17:01:17.185690+00:00,2026-07-03T17:01:17.185515,2,1,115.7,0.2,115.6,825,115.3,500,,,,,,,,,,,,,,,,,115.8,825,,,,,,,,,,,,,,,,,,
2026-07-03T17:01:17.190856+00:00,2026-07-03T17:01:17.190807,2,2,115.7,0.2,115.6,825,115.3,500,,,,,,,,,,,,,,,,,115.8,825,116.0,500,,,,,,,,,,,,,,,,
2026-07-03T17:01:17.224281+00:00,2026-07-03T17:01:17.224075,3,3,115.75,0.1,115.7,200,115.6,625,115.3,500,,,,,,,,,,,,,,,115.8,625,115.9,200,116.0,500,,,,,,,,,,,,,,
2026-07-03T17:01:17.272062+00:00,2026-07-03T17:01:17.272005,3,3,115.75,0.1,115.7,200,115.6,625,115.3,500,,,,,,,,,,,,,,,115.8,625,115.9,200,116.0,500,,,,,,,,,,,,,,
2026-07-03T17:01:17.773758+00:00,2026-07-03T17:01:17.773489,2,2,115.75,0.1,115.7,200,115.6,625,,,,,,,,,,,,,,,,,115.8,625,115.9,200,,,,,,,,,,,,,,,,
2026-07-03T17:01:17.784221+00:00,2026-07-03T17:01:17.784121,3,2,115.75,0.1,115.7,200,115.6,625,115.3,500,,,,,,,,,,,,,,,115.8,625,115.9,200,,,,,,,,,,,,,,,,
2026-07-03T17:01:17.789213+00:00,2026-07-03T17:01:17.789866,3,3,115.75,0.1,115.7,200,115.6,625,115.3,500,,,,,,,,,,,,,,,115.8,625,115.9,200,116.0,500,,,,,,,,,,,,,,
2026-07-03T17:01:18.378254+00:00,2026-07-03T17:01:18.378116,2,3,115.75,0.1,115.7,200,115.6,625,,,,,,,,,,,,,,,,,115.8,625,115.9,200,116.0,500,,,,,,,,,,,,,,
2026-07-03T17:01:18.383588+00:00,2026-07-03T17:01:18.383440,2,2,115.75,0.1,115.7,200,115.6,625,,,,,,,,,,,,,,,,,115.8,625,115.9,200,,,,,,,,,,,,,,,,
2026-07-03T17:01:18.388831+00:00,2026-07-03T17:01:18.388746,3,2,115.75,0.1,115.7,200,115.6,625,115.3,500,,,,,,,,,,,,,,,115.8,625,115.9,200,,,,,,,,,,,,,,,,
2026-07-03T17:01:18.394095+00:00,2026-07-03T17:01:18.394023,3,2,115.75,0.1,115.7,200,115.6,625,115.3,500,,,,,,,,,,,,,,,115.8,625,115.9,700,,,,,,,,,,,,,,,,
2026-07-03T17:01:18.435726+00:00,2026-07-03T17:01:18.435605,2,2,115.7,0.2,115.6,825,115.3,500,,,,,,,,,,,,,,,,,115.8,625,115.9,500,,,,,,,,,,,,,,,,
2026-07-03T17:01:18.440873+00:00,2026-07-03T17:01:18.440810,2,2,115.7,0.2,115.6,825,115.3,500,,,,,,,,,,,,,,,,,115.8,625,115.9,700,,,,,,,,,,,,,,,,
2026-07-03T17:01:18.609708+00:00,2026-07-03T17:01:18.609570,2,2,115.7,0.2,115.6,825,115.3,500,,,,,,,,,,,,,,,,,115.8,625,115.9,700,,,,,,,,,,,,,,,,
2026-07-03T17:01:18.976011+00:00,2026-07-03T17:01:18.975638,1,2,115.7,0.2,115.6,825,,,,,,,,,,,,,,,,,,,115.8,625,115.9,700,,,,,,,,,,,,,,,,
2026-07-03T17:01:18.986703+00:00,2026-07-03T17:01:18.986515,1,2,115.7,0.2,115.6,825,,,,,,,,,,,,,,,,,,,115.8,625,115.9,200,,,,,,,,,,,,,,,,
2026-07-03T17:01:18.992001+00:00,2026-07-03T17:01:18.991794,2,2,115.7,0.2,115.6,825,115.3,500,,,,,,,,,,,,,,,,,115.8,625,115.9,200,,,,,,,,,,,,,,,,
2026-07-03T17:01:18.997182+00:00,2026-07-03T17:01:18.997080,2,3,115.7,0.2,115.6,825,115.3,500,,,,,,,,,,,,,,,,,115.8,625,115.9,200,116.0,500,,,,,,,,,,,,,,
2026-07-03T17:01:19.625006+00:00,2026-07-03T17:01:19.624698,2,3,115.7,0.2,115.6,825,115.4,500,,,,,,,,,,,,,,,,,115.8,625,115.9,200,116.1,500,,,,,,,,,,,,,,
2026-07-03T17:01:19.640537+00:00,2026-07-03T17:01:19.640476,2,2,115.7,0.2,115.6,625,115.4,500,,,,,,,,,,,,,,,,,115.8,625,116.1,500,,,,,,,,,,,,,,,,
2026-07-03T17:01:19.645827+00:00,2026-07-03T17:01:19.645698,3,2,115.7,0.2,115.6,625,115.5,200,115.4,500,,,,,,,,,,,,,,,115.8,825,116.1,500,,,,,,,,,,,,,,,,
2026-07-03T17:01:19.889670+00:00,2026-07-03T17:01:19.889600,2,2,115.65,0.3,115.5,200,115.4,500,,,,,,,,,,,,,,,,,115.8,825,116.1,500,,,,,,,,,,,,,,,,
2026-07-03T17:01:19.894944+00:00,2026-07-03T17:01:19.894891,3,2,115.9,0.2,115.8,425,115.5,200,115.4,500,,,,,,,,,,,,,,,116.0,625,116.1,500,,,,,,,,,,,,,,,,
2026-07-03T17:01:20.185089+00:00,2026-07-03T17:01:20.184942,2,2,115.9,0.2,115.8,425,115.5,200,,,,,,,,,,,,,,,,,116.0,625,116.1,500,,,,,,,,,,,,,,,,
2026-07-03T17:01:20.201082+00:00,2026-07-03T17:01:20.200971,2,1,115.9,0.2,115.8,425,115.5,200,,,,,,,,,,,,,,,,,116.0,625,,,,,,,,,,,,,,,,,,
2026-07-03T17:01:20.206478+00:00,2026-07-03T17:01:20.206364,3,2,115.9,0.2,115.8,425,115.5,200,115.4,500,,,,,,,,,,,,,,,116.0,625,116.1,500,,,,,,,,,,,,,,,,
2026-07-03T17:01:20.778060+00:00,2026-07-03T17:01:20.777843,2,2,115.9,0.2,115.8,425,115.5,200,,,,,,,,,,,,,,,,,116.0,625,116.1,500,,,,,,,,,,,,,,,,
2026-07-03T17:01:20.816098+00:00,2026-07-03T17:01:20.816022,3,1,115.9,0.2,115.8,425,115.5,200,115.3,500,,,,,,,,,,,,,,,116.0,1125,,,,,,,,,,,,,,,,,,
2026-07-03T17:01:20.858851+00:00,2026-07-03T17:01:20.848423,3,1,115.9,0.2,115.8,225,115.6,200,115.3,500,,,,,,,,,,,,,,,116.0,1125,,,,,,,,,,,,,,,,,,
2026-07-03T17:01:21.212771+00:00,2026-07-03T17:01:21.212647,2,2,115.7,0.2,115.6,825,115.3,500,,,,,,,,,,,,,,,,,115.8,625,116.0,500,,,,,,,,,,,,,,,,
2026-07-03T17:01:21.390389+00:00,2026-07-03T17:01:21.390247,1,2,115.7,0.2,115.6,825,,,,,,,,,,,,,,,,,,,115.8,625,116.0,500,,,,,,,,,,,,,,,,
2026-07-03T17:01:21.395651+00:00,2026-07-03T17:01:21.395543,1,1,115.7,0.2,115.6,825,,,,,,,,,,,,,,,,,,,115.8,625,,,,,,,,,,,,,,,,,,
2026-07-03T17:01:21.401515+00:00,2026-07-03T17:01:21.400867,2,1,115.7,0.2,115.6,825,115.3,500,,,,,,,,,,,,,,,,,115.8,625,,,,,,,,,,,,,,,,,,
2026-07-03T17:01:21.406770+00:00,2026-07-03T17:01:21.406680,2,2,115.7,0.2,115.6,825,115.3,500,,,,,,,,,,,,,,,,,115.8,625,116.0,500,,,,,,,,,,,,,,,,
2026-07-03T17:01:21.997917+00:00,2026-07-03T17:01:21.998038,1,2,115.7,0.2,115.6,825,,,,,,,,,,,,,,,,,,,115.8,625,116.0,500,,,,,,,,,,,,,,,,
2026-07-03T17:01:22.003505+00:00,2026-07-03T17:01:22.003476,2,1,115.7,0.2,115.6,825,115.3,500,,,,,,,,,,,,,,,,,115.8,625,,,,,,,,,,,,,,,,,,
2026-07-03T17:01:22.014016+00:00,2026-07-03T17:01:22.013901,2,2,115.7,0.2,115.6,825,115.3,500,,,,,,,,,,,,,,,,,115.8,625,116.0,500,,,,,,,,,,,,,,,,
2026-07-03T17:01:22.058535+00:00,2026-07-03T17:01:22.055892,3,2,115.75,0.1,115.7,200,115.6,625,115.3,500,,,,,,,,,,,,,,,115.8,625,116.0,700,,,,,,,,,,,,,,,,
2026-07-03T17:01:22.439108+00:00,2026-07-03T17:01:22.438971,3,2,115.75,0.1,115.7,200,115.6,625,115.3,500,,,,,,,,,,,,,,,115.8,605,116.0,700,,,,,,,,,,,,,,,,
2026-07-03T17:01:22.525196+00:00,2026-07-03T17:01:22.525173,3,2,115.75,0.1,115.7,200,115.6,625,115.3,500,,,,,,,,,,,,,,,115.8,625,116.0,700,,,,,,,,,,,,,,,,
2026-07-03T17:01:22.596470+00:00,2026-07-03T17:01:22.596316,2,2,115.75,0.1,115.7,200,115.6,625,,,,,,,,,,,,,,,,,115.8,625,116.0,700,,,,,,,,,,,,,,,,
2026-07-03T17:01:22.601670+00:00,2026-07-03T17:01:22.601611,2,2,115.75,0.1,115.7,200,115.6,625,,,,,,,,,,,,,,,,,115.8,625,116.0,200,,,,,,,,,,,,,,,,
2026-07-03T17:01:22.606714+00:00,2026-07-03T17:01:22.606884,3,2,115.75,0.1,115.7,200,115.6,625,115.3,500,,,,,,,,,,,,,,,115.8,625,116.0,200,,,,,,,,,,,,,,,,
2026-07-03T17:01:22.618110+00:00,2026-07-03T17:01:22.617343,3,2,115.75,0.1,115.7,200,115.6,625,115.3,500,,,,,,,,,,,,,,,115.8,625,116.0,700,,,,,,,,,,,,,,,,
2026-07-03T17:01:23.129322+00:00,2026-07-03T17:01:23.127701,3,2,115.75,0.1,115.7,200,115.6,625,115.3,500,,,,,,,,,,,,,,,115.8,602,116.0,700,,,,,,,,,,,,,,,,
2026-07-03T17:01:23.220709+00:00,2026-07-03T17:01:23.220673,2,2,115.75,0.1,115.7,200,115.6,625,,,,,,,,,,,,,,,,,115.8,602,116.0,700,,,,,,,,,,,,,,,,
2026-07-03T17:01:23.231278+00:00,2026-07-03T17:01:23.231127,2,2,115.75,0.1,115.7,200,115.6,625,,,,,,,,,,,,,,,,,115.8,602,116.0,200,,,,,,,,,,,,,,,,
2026-07-03T17:01:23.236521+00:00,2026-07-03T17:01:23.236410,3,2,115.75,0.1,115.7,200,115.6,625,115.3,500,,,,,,,,,,,,,,,115.8,602,116.0,200,,,,,,,,,,,,,,,,
2026-07-03T17:01:23.258641+00:00,2026-07-03T17:01:23.246850,3,2,115.75,0.1,115.7,200,115.6,625,115.3,500,,,,,,,,,,,,,,,115.8,602,116.0,700,,,,,,,,,,,,,,,,
2026-07-03T17:01:23.295509+00:00,2026-07-03T17:01:23.295428,2,2,115.7,0.2,115.6,625,115.3,500,,,,,,,,,,,,,,,,,115.8,602,116.0,500,,,,,,,,,,,,,,,,
2026-07-03T17:01:23.301043+00:00,2026-07-03T17:01:23.300799,2,2,115.7,0.2,115.6,625,115.3,500,,,,,,,,,,,,,,,,,115.8,402,116.0,700,,,,,,,,,,,,,,,,
2026-07-03T17:01:23.835390+00:00,2026-07-03T17:01:23.835059,2,1,115.9,0.2,115.8,625,115.2,500,,,,,,,,,,,,,,,,,116.0,825,,,,,,,,,,,,,,,,,,
2026-07-03T17:01:23.845977+00:00,2026-07-03T17:01:23.845839,2,2,115.85,0.1,115.8,625,115.2,500,,,,,,,,,,,,,,,,,115.9,500,116.0,825,,,,,,,,,,,,,,,,
2026-07-03T17:01:24.440134+00:00,2026-07-03T17:01:24.439831,1,2,115.85,0.1,115.8,625,,,,,,,,,,,,,,,,,,,115.9,500,116.0,825,,,,,,,,,,,,,,,,
2026-07-03T17:01:24.459170+00:00,2026-07-03T17:01:24.458835,2,1,115.9,0.2,115.8,625,115.1,500,,,,,,,,,,,,,,,,,116.0,825,,,,,,,,,,,,,,,,,,
2026-07-03T17:01:24.464392+00:00,2026-07-03T17:01:24.464209,2,1,115.9,0.2,115.8,125,115.1,500,,,,,,,,,,,,,,,,,116.0,825,,,,,,,,,,,,,,,,,,
2026-07-03T17:01:24.477209+00:00,2026-07-03T17:01:24.477114,2,2,115.7,0.2,115.6,200,115.1,500,,,,,,,,,,,,,,,,,115.8,75,116.0,625,,,,,,,,,,,,,,,,
2026-07-03T17:01:25.027757+00:00,2026-07-03T17:01:25.027450,1,2,115.7,0.2,115.6,200,,,,,,,,,,,,,,,,,,,115.8,75,116.0,625,,,,,,,,,,,,,,,,
2026-07-03T17:01:25.058717+00:00,2026-07-03T17:01:25.054068,2,2,115.7,0.2,115.6,200,115.1,500,,,,,,,,,,,,,,,,,115.8,575,116.0,625,,,,,,,,,,,,,,,,
2026-07-03T17:01:25.125074+00:00,2026-07-03T17:01:25.124950,2,1,115.7,0.2,115.6,825,115.1,500,,,,,,,,,,,,,,,,,115.8,1200,,,,,,,,,,,,,,,,,,
2026-07-03T17:01:25.658991+00:00,2026-07-03T17:01:25.658671,1,1,115.7,0.2,115.6,825,,,,,,,,,,,,,,,,,,,115.8,1200,,,,,,,,,,,,,,,,,,
2026-07-03T17:01:25.664544+00:00,2026-07-03T17:01:25.664210,2,1,115.7,0.2,115.6,825,115.1,500,,,,,,,,,,,,,,,,,115.8,1200,,,,,,,,,,,,,,,,,,
2026-07-03T17:01:25.696262+00:00,2026-07-03T17:01:25.696018,2,1,115.7,0.2,115.6,825,115.1,500,,,,,,,,,,,,,,,,,115.8,1325,,,,,,,,,,,,,,,,,,
2026-07-03T17:01:25.758649+00:00,2026-07-03T17:01:25.754543,2,1,115.7,0.2,115.6,825,115.1,500,,,,,,,,,,,,,,,,,115.8,1305,,,,,,,,,,,,,,,,,,
2026-07-03T17:01:26.232019+00:00,2026-07-03T17:01:26.231823,1,1,115.7,0.2,115.6,825,,,,,,,,,,,,,,,,,,,115.8,1305,,,,,,,,,,,,,,,,,,
2026-07-03T17:01:26.258729+00:00,2026-07-03T17:01:26.258682,1,1,115.7,0.2,115.6,825,,,,,,,,,,,,,,,,,,,115.8,805,,,,,,,,,,,,,,,,,,
2026-07-03T17:01:26.264223+00:00,2026-07-03T17:01:26.264069,2,2,115.7,0.2,115.6,825,115.2,500,,,,,,,,,,,,,,,,,115.8,805,115.9,500,,,,,,,,,,,,,,,,
2026-07-03T17:01:26.431716+00:00,2026-07-03T17:01:26.431581,2,2,115.7,0.2,115.6,825,115.2,500,,,,,,,,,,,,,,,,,115.8,825,115.9,500,,,,,,,,,,,,,,,,
2026-07-03T17:01:26.837870+00:00,2026-07-03T17:01:26.837810,1,2,115.7,0.2,115.6,825,,,,,,,,,,,,,,,,,,,115.8,825,115.9,500,,,,,,,,,,,,,,,,
2026-07-03T17:01:26.843652+00:00,2026-07-03T17:01:26.843485,1,1,115.7,0.2,115.6,825,,,,,,,,,,,,,,,,,,,115.8,825,,,,,,,,,,,,,,,,,,
2026-07-03T17:01:26.859367+00:00,2026-07-03T17:01:26.858864,2,2,115.7,0.2,115.6,825,115.2,500,,,,,,,,,,,,,,,,,115.8,825,115.9,500,,,,,,,,,,,,,,,,
2026-07-03T17:01:26.891271+00:00,2026-07-03T17:01:26.891089,3,2,115.75,0.1,115.7,200,115.6,625,115.2,500,,,,,,,,,,,,,,,115.8,625,115.9,700,,,,,,,,,,,,,,,,
2026-07-03T17:01:27.440606+00:00,2026-07-03T17:01:27.440354,2,2,115.75,0.1,115.7,200,115.6,625,,,,,,,,,,,,,,,,,115.8,625,115.9,700,,,,,,,,,,,,,,,,
2026-07-03T17:01:27.469922+00:00,2026-07-03T17:01:27.469876,2,2,115.75,0.1,115.7,200,115.6,625,,,,,,,,,,,,,,,,,115.8,625,115.9,200,,,,,,,,,,,,,,,,
2026-07-03T17:01:27.475586+00:00,2026-07-03T17:01:27.475341,3,2,115.75,0.1,115.7,200,115.6,625,115.1,500,,,,,,,,,,,,,,,115.8,1125,115.9,200,,,,,,,,,,,,,,,,
2026-07-03T17:01:27.734782+00:00,2026-07-03T17:01:27.734501,2,2,115.75,0.1,115.7,200,115.1,500,,,,,,,,,,,,,,,,,115.8,500,115.9,200,,,,,,,,,,,,,,,,
2026-07-03T17:01:27.758738+00:00,2026-07-03T17:01:27.758710,2,2,115.75,0.1,115.7,825,115.1,500,,,,,,,,,,,,,,,,,115.8,500,115.9,825,,,,,,,,,,,,,,,,
2026-07-03T17:01:28.038679+00:00,2026-07-03T17:01:28.038549,1,2,115.75,0.1,115.7,825,,,,,,,,,,,,,,,,,,,115.8,500,115.9,825,,,,,,,,,,,,,,,,
2026-07-03T17:01:28.059776+00:00,2026-07-03T17:01:28.059564,2,2,115.75,0.1,115.7,825,115.2,500,,,,,,,,,,,,,,,,,115.8,500,115.9,825,,,,,,,,,,,,,,,,
2026-07-03T17:01:28.100997+00:00,2026-07-03T17:01:28.100925,2,2,115.75,0.1,115.7,625,115.2,500,,,,,,,,,,,,,,,,,115.8,500,115.9,625,,,,,,,,,,,,,,,,
2026-07-03T17:01:28.106309+00:00,2026-07-03T17:01:28.106157,2,2,115.75,0.1,115.7,825,115.2,500,,,,,,,,,,,,,,,,,115.8,500,115.9,825,,,,,,,,,,,,,,,,
2026-07-03T17:01:28.647299+00:00,2026-07-03T17:01:28.647022,1,2,115.75,0.1,115.7,825,,,,,,,,,,,,,,,,,,,115.8,500,115.9,825,,,,,,,,,,,,,,,,
2026-07-03T17:01:28.658717+00:00,2026-07-03T17:01:28.652508,2,1,115.8,0.2,115.7,825,115.2,500,,,,,,,,,,,,,,,,,115.9,825,,,,,,,,,,,,,,,,,,
2026-07-03T17:01:28.684784+00:00,2026-07-03T17:01:28.684681,2,2,115.75,0.1,115.7,825,115.2,500,,,,,,,,,,,,,,,,,115.8,500,115.9,825,,,,,,,,,,,,,,,,
2026-07-03T17:01:29.046497+00:00,2026-07-03T17:01:29.046435,2,2,115.75,0.1,115.7,200,115.2,500,,,,,,,,,,,,,,,,,115.8,500,115.9,825,,,,,,,,,,,,,,,,
2026-07-03T17:01:29.059308+00:00,2026-07-03T17:01:29.058766,3,2,115.75,0.1,115.7,200,115.6,625,115.2,500,,,,,,,,,,,,,,,115.8,1125,115.9,200,,,,,,,,,,,,,,,,
2026-07-03T17:01:29.319036+00:00,2026-07-03T17:01:29.318945,2,2,115.75,0.1,115.7,200,115.6,625,,,,,,,,,,,,,,,,,115.8,1125,115.9,200,,,,,,,,,,,,,,,,
2026-07-03T17:01:29.324825+00:00,2026-07-03T17:01:29.324738,2,2,115.7,0.2,115.6,625,115.2,500,,,,,,,,,,,,,,,,,115.8,625,115.9,700,,,,,,,,,,,,,,,,
2026-07-03T17:01:29.335289+00:00,2026-07-03T17:01:29.335183,2,2,115.7,0.2,115.6,625,115.2,500,,,,,,,,,,,,,,,,,115.8,625,115.9,500,,,,,,,,,,,,,,,,
2026-07-03T17:01:29.358995+00:00,2026-07-03T17:01:29.345681,3,2,115.75,0.1,115.7,200,115.6,625,115.2,500,,,,,,,,,,,,,,,115.8,625,115.9,700,,,,,,,,,,,,,,,,
2026-07-03T17:01:29.680510+00:00,2026-07-03T17:01:29.680447,3,2,115.75,0.1,115.7,200,115.6,625,115.2,500,,,,,,,,,,,,,,,115.8,605,115.9,700,,,,,,,,,,,,,,,,
2026-07-03T17:01:29.894046+00:00,2026-07-03T17:01:29.893904,2,2,115.75,0.1,115.7,200,115.6,625,,,,,,,,,,,,,,,,,115.8,605,115.9,700,,,,,,,,,,,,,,,,
2026-07-03T17:01:29.899709+00:00,2026-07-03T17:01:29.899620,3,2,115.75,0.1,115.7,200,115.6,625,115.2,500,,,,,,,,,,,,,,,115.8,605,115.9,700,,,,,,,,,,,,,,,,
2026-07-03T17:01:30.347822+00:00,2026-07-03T17:01:30.347251,2,2,115.75,0.1,115.7,200,115.2,500,,,,,,,,,,,,,,,,,115.8,605,115.9,700,,,,,,,,,,,,,,,,
2026-07-03T17:01:30.358636+00:00,2026-07-03T17:01:30.358388,2,1,115.8,0.2,115.7,825,115.2,500,,,,,,,,,,,,,,,,,115.9,1325,,,,,,,,,,,,,,,,,,
2026-07-03T17:01:30.486716+00:00,2026-07-03T17:01:30.486343,1,1,115.8,0.2,115.7,825,,,,,,,,,,,,,,,,,,,115.9,825,,,,,,,,,,,,,,,,,,
2026-07-03T17:01:30.508037+00:00,2026-07-03T17:01:30.507913,2,1,115.8,0.2,115.7,825,115.2,500,,,,,,,,,,,,,,,,,115.9,825,,,,,,,,,,,,,,,,,,
2026-07-03T17:01:30.513460+00:00,2026-07-03T17:01:30.513282,2,1,115.8,0.2,115.7,825,115.2,500,,,,,,,,,,,,,,,,,115.9,1325,,,,,,,,,,,,,,,,,,
2026-07-03T17:01:30.569856+00:00,2026-07-03T17:01:30.569822,3,1,115.8,0.2,115.7,425,115.5,200,115.2,500,,,,,,,,,,,,,,,115.9,1125,,,,,,,,,,,,,,,,,,
2026-07-03T17:01:31.088155+00:00,2026-07-03T17:01:31.088055,2,1,115.8,0.2,115.7,425,115.5,200,,,,,,,,,,,,,,,,,115.9,1125,,,,,,,,,,,,,,,,,,
2026-07-03T17:01:31.093503+00:00,2026-07-03T17:01:31.093342,2,1,115.8,0.2,115.7,425,115.5,200,,,,,,,,,,,,,,,,,115.9,625,,,,,,,,,,,,,,,,,,
2026-07-03T17:01:31.104492+00:00,2026-07-03T17:01:31.103815,3,1,115.8,0.2,115.7,425,115.5,200,115.2,500,,,,,,,,,,,,,,,115.9,625,,,,,,,,,,,,,,,,,,
2026-07-03T17:01:31.125216+00:00,2026-07-03T17:01:31.125408,3,1,115.8,0.2,115.7,425,115.5,200,115.2,500,,,,,,,,,,,,,,,115.9,1125,,,,,,,,,,,,,,,,,,
2026-07-03T17:01:31.658596+00:00,2026-07-03T17:01:31.658360,2,1,115.7,0.4,115.5,825,115.2,500,,,,,,,,,,,,,,,,,115.9,500,,,,,,,,,,,,,,,,,,
2026-07-03T17:01:31.670272+00:00,2026-07-03T17:01:31.670207,2,2,115.6,0.2,115.5,825,115.2,500,,,,,,,,,,,,,,,,,115.7,625,115.9,500,,,,,,,,,,,,,,,,
2026-07-03T17:01:31.692065+00:00,2026-07-03T17:01:31.691944,1,2,115.6,0.2,115.5,825,,,,,,,,,,,,,,,,,,,115.7,625,115.9,500,,,,,,,,,,,,,,,,
2026-07-03T17:01:31.697269+00:00,2026-07-03T17:01:31.697222,1,1,115.6,0.2,115.5,825,,,,,,,,,,,,,,,,,,,115.7,625,,,,,,,,,,,,,,,,,,
2026-07-03T17:01:31.702575+00:00,2026-07-03T17:01:31.702494,2,1,115.6,0.2,115.5,825,115.3,500,,,,,,,,,,,,,,,,,115.7,625,,,,,,,,,,,,,,,,,,
