recv_time,book_timestamp,n_bids,n_asks,mid,spread,bid_px_0,bid_vol_0,bid_px_1,bid_vol_1,bid_px_2,bid_vol_2,bid_px_3,bid_vol_3,bid_px_4,bid_vol_4,bid_px_5,bid_vol_5,bid_px_6,bid_vol_6,bid_px_7,bid_vol_7,bid_px_8,bid_vol_8,bid_px_9,bid_vol_9,ask_px_0,ask_vol_0,ask_px_1,ask_vol_1,ask_px_2,ask_vol_2,ask_px_3,ask_vol_3,ask_px_4,ask_vol_4,ask_px_5,ask_vol_5,ask_px_6,ask_vol_6,ask_px_7,ask_vol_7,ask_px_8,ask_vol_8,ask_px_9,ask_vol_9
2026-07-15T20:24:24.402621+00:00,2026-07-15T20:24:24.414572,2,3,66.95,0.1,66.9,206,66.8,1125,,,,,,,,,,,,,,,,,67.0,448,67.1,200,67.3,500,,,,,,,,,,,,,,
2026-07-15T20:24:24.733876+00:00,2026-07-15T20:24:24.649611,2,3,66.95,0.1,66.9,706,66.8,625,,,,,,,,,,,,,,,,,67.0,448,67.1,200,67.3,500,,,,,,,,,,,,,,
2026-07-15T20:24:25.021025+00:00,2026-07-15T20:24:25.020483,2,3,66.95,0.1,66.9,706,66.8,625,,,,,,,,,,,,,,,,,67.0,440,67.1,200,67.3,500,,,,,,,,,,,,,,
2026-07-15T20:24:25.088245+00:00,2026-07-15T20:24:25.085824,2,2,66.95,0.1,66.9,506,66.8,625,,,,,,,,,,,,,,,,,67.0,440,67.3,500,,,,,,,,,,,,,,,,
2026-07-15T20:24:25.098616+00:00,2026-07-15T20:24:25.097381,2,3,66.95,0.1,66.9,506,66.8,625,,,,,,,,,,,,,,,,,67.0,248,67.2,200,67.3,500,,,,,,,,,,,,,,
2026-07-15T20:24:25.138953+00:00,2026-07-15T20:24:25.138705,2,3,66.95,0.1,66.9,506,66.8,625,,,,,,,,,,,,,,,,,67.0,246,67.2,200,67.3,500,,,,,,,,,,,,,,
2026-07-15T20:24:25.231409+00:00,2026-07-15T20:24:25.222588,2,3,66.95,0.1,66.9,6,66.8,625,,,,,,,,,,,,,,,,,67.0,246,67.2,200,67.3,500,,,,,,,,,,,,,,
2026-07-15T20:24:25.241763+00:00,2026-07-15T20:24:25.233184,2,2,66.95,0.1,66.9,6,66.8,625,,,,,,,,,,,,,,,,,67.0,246,67.2,200,,,,,,,,,,,,,,,,
2026-07-15T20:24:25.252104+00:00,2026-07-15T20:24:25.251364,2,3,66.95,0.1,66.9,506,66.8,625,,,,,,,,,,,,,,,,,67.0,246,67.2,200,67.3,500,,,,,,,,,,,,,,
2026-07-15T20:24:25.282891+00:00,2026-07-15T20:24:25.263846,2,3,66.95,0.1,66.9,500,66.8,625,,,,,,,,,,,,,,,,,67.0,246,67.2,200,67.3,500,,,,,,,,,,,,,,
2026-07-15T20:24:25.310461+00:00,2026-07-15T20:24:25.291290,2,3,66.95,0.1,66.9,500,66.8,631,,,,,,,,,,,,,,,,,67.0,246,67.2,200,67.3,500,,,,,,,,,,,,,,
2026-07-15T20:24:25.382274+00:00,2026-07-15T20:24:25.380346,2,3,66.95,0.1,66.9,506,66.8,625,,,,,,,,,,,,,,,,,67.0,246,67.2,200,67.3,500,,,,,,,,,,,,,,
2026-07-15T20:24:25.423403+00:00,2026-07-15T20:24:25.421159,1,3,66.95,0.1,66.9,506,,,,,,,,,,,,,,,,,,,67.0,246,67.2,200,67.3,500,,,,,,,,,,,,,,
2026-07-15T20:24:25.433674+00:00,2026-07-15T20:24:25.432143,1,3,66.95,0.1,66.9,1131,,,,,,,,,,,,,,,,,,,67.0,8,67.2,200,67.3,500,,,,,,,,,,,,,,
2026-07-15T20:24:25.443972+00:00,2026-07-15T20:24:25.434644,1,4,66.95,0.1,66.9,1131,,,,,,,,,,,,,,,,,,,67.0,8,67.1,625,67.2,200,67.3,500,,,,,,,,,,,,
2026-07-15T20:24:25.700478+00:00,2026-07-15T20:24:25.693319,1,3,67.0,0.2,66.9,1131,,,,,,,,,,,,,,,,,,,67.1,625,67.2,200,67.3,500,,,,,,,,,,,,,,
2026-07-15T20:24:25.731555+00:00,2026-07-15T20:24:25.725556,1,3,67.0,0.2,66.9,1131,,,,,,,,,,,,,,,,,,,67.1,633,67.2,200,67.3,500,,,,,,,,,,,,,,
2026-07-15T20:24:25.833550+00:00,2026-07-15T20:24:25.824489,1,3,67.0,0.2,66.9,631,,,,,,,,,,,,,,,,,,,67.1,633,67.2,200,67.3,500,,,,,,,,,,,,,,
2026-07-15T20:24:25.843886+00:00,2026-07-15T20:24:25.834181,1,2,67.0,0.2,66.9,631,,,,,,,,,,,,,,,,,,,67.1,633,67.2,200,,,,,,,,,,,,,,,,
2026-07-15T20:24:25.854216+00:00,2026-07-15T20:24:25.844493,1,2,67.0,0.2,66.9,1131,,,,,,,,,,,,,,,,,,,67.1,633,67.2,200,,,,,,,,,,,,,,,,
2026-07-15T20:24:25.864742+00:00,2026-07-15T20:24:25.854683,1,3,67.0,0.2,66.9,1131,,,,,,,,,,,,,,,,,,,67.1,633,67.2,200,67.4,500,,,,,,,,,,,,,,
2026-07-15T20:24:26.181590+00:00,2026-07-15T20:24:26.180782,1,3,67.0,0.2,66.9,1131,,,,,,,,,,,,,,,,,,,67.1,631,67.2,200,67.4,500,,,,,,,,,,,,,,
2026-07-15T20:24:26.303637+00:00,2026-07-15T20:24:26.300344,1,2,67.0,0.2,66.9,1131,,,,,,,,,,,,,,,,,,,67.1,631,67.4,500,,,,,,,,,,,,,,,,
2026-07-15T20:24:26.313928+00:00,2026-07-15T20:24:26.311281,2,2,67.0,0.2,66.9,931,66.8,200,,,,,,,,,,,,,,,,,67.1,631,67.4,500,,,,,,,,,,,,,,,,
2026-07-15T20:24:26.334543+00:00,2026-07-15T20:24:26.329315,2,2,67.0,0.2,66.9,931,66.8,200,,,,,,,,,,,,,,,,,67.1,623,67.4,500,,,,,,,,,,,,,,,,
2026-07-15T20:24:26.380680+00:00,2026-07-15T20:24:26.369261,2,2,67.0,0.2,66.9,931,66.8,200,,,,,,,,,,,,,,,,,67.1,703,67.4,500,,,,,,,,,,,,,,,,
2026-07-15T20:24:26.391152+00:00,2026-07-15T20:24:26.387713,2,2,67.0,0.2,66.9,931,66.8,200,,,,,,,,,,,,,,,,,67.1,711,67.4,500,,,,,,,,,,,,,,,,
2026-07-15T20:24:26.432395+00:00,2026-07-15T20:24:26.428298,2,2,67.0,0.2,66.9,431,66.8,200,,,,,,,,,,,,,,,,,67.1,711,67.4,500,,,,,,,,,,,,,,,,
2026-07-15T20:24:26.442736+00:00,2026-07-15T20:24:26.438434,2,1,67.0,0.2,66.9,431,66.8,200,,,,,,,,,,,,,,,,,67.1,711,,,,,,,,,,,,,,,,,,
2026-07-15T20:24:26.453087+00:00,2026-07-15T20:24:26.448388,3,1,67.05,0.1,67.0,500,66.9,431,66.8,200,,,,,,,,,,,,,,,67.1,711,,,,,,,,,,,,,,,,,,
2026-07-15T20:24:26.463416+00:00,2026-07-15T20:24:26.460928,3,2,67.05,0.1,67.0,500,66.9,431,66.8,200,,,,,,,,,,,,,,,67.1,711,67.4,500,,,,,,,,,,,,,,,,
2026-07-15T20:24:26.565917+00:00,2026-07-15T20:24:26.561157,3,2,67.05,0.1,67.0,500,66.9,431,66.8,200,,,,,,,,,,,,,,,67.1,631,67.4,500,,,,,,,,,,,,,,,,
2026-07-15T20:24:26.740661+00:00,2026-07-15T20:24:26.739065,2,2,67.05,0.1,67.0,500,66.8,200,,,,,,,,,,,,,,,,,67.1,631,67.4,500,,,,,,,,,,,,,,,,
2026-07-15T20:24:26.755445+00:00,2026-07-15T20:24:26.752040,2,2,67.05,0.1,67.0,1125,66.8,200,,,,,,,,,,,,,,,,,67.1,633,67.4,500,,,,,,,,,,,,,,,,
2026-07-15T20:24:26.765800+00:00,2026-07-15T20:24:26.757674,2,2,67.05,0.1,67.0,1131,66.8,200,,,,,,,,,,,,,,,,,67.1,633,67.4,500,,,,,,,,,,,,,,,,
2026-07-15T20:24:26.858158+00:00,2026-07-15T20:24:26.857309,2,2,67.05,0.1,67.0,1125,66.8,200,,,,,,,,,,,,,,,,,67.1,633,67.4,500,,,,,,,,,,,,,,,,
2026-07-15T20:24:26.991529+00:00,2026-07-15T20:24:26.991381,2,2,67.05,0.1,67.0,1125,66.8,200,,,,,,,,,,,,,,,,,67.1,625,67.4,500,,,,,,,,,,,,,,,,
2026-07-15T20:24:27.032873+00:00,2026-07-15T20:24:27.031561,2,2,67.05,0.1,67.0,625,66.8,200,,,,,,,,,,,,,,,,,67.1,633,67.4,500,,,,,,,,,,,,,,,,
2026-07-15T20:24:27.043212+00:00,2026-07-15T20:24:27.041444,2,1,67.05,0.1,67.0,625,66.8,200,,,,,,,,,,,,,,,,,67.1,633,,,,,,,,,,,,,,,,,,
2026-07-15T20:24:27.053654+00:00,2026-07-15T20:24:27.050555,2,1,67.05,0.1,67.0,1125,66.8,200,,,,,,,,,,,,,,,,,67.1,633,,,,,,,,,,,,,,,,,,
2026-07-15T20:24:27.064006+00:00,2026-07-15T20:24:27.059774,2,2,67.05,0.1,67.0,1125,66.8,200,,,,,,,,,,,,,,,,,67.1,633,67.4,500,,,,,,,,,,,,,,,,
2026-07-15T20:24:27.206845+00:00,2026-07-15T20:24:27.200176,2,2,67.05,0.1,67.0,1123,66.8,200,,,,,,,,,,,,,,,,,67.1,633,67.4,500,,,,,,,,,,,,,,,,
2026-07-15T20:24:27.515416+00:00,2026-07-15T20:24:27.515013,1,2,67.05,0.1,67.0,1123,,,,,,,,,,,,,,,,,,,67.1,633,67.4,500,,,,,,,,,,,,,,,,
2026-07-15T20:24:27.525756+00:00,2026-07-15T20:24:27.524672,2,2,67.05,0.1,67.0,923,66.8,200,,,,,,,,,,,,,,,,,67.1,633,67.4,500,,,,,,,,,,,,,,,,
2026-07-15T20:24:27.637552+00:00,2026-07-15T20:24:27.628502,2,2,67.05,0.1,67.0,923,66.8,200,,,,,,,,,,,,,,,,,67.1,625,67.4,500,,,,,,,,,,,,,,,,
2026-07-15T20:24:27.647903+00:00,2026-07-15T20:24:27.639114,2,2,67.05,0.1,67.0,423,66.8,200,,,,,,,,,,,,,,,,,67.1,625,67.4,500,,,,,,,,,,,,,,,,
2026-07-15T20:24:27.658331+00:00,2026-07-15T20:24:27.649720,2,1,67.05,0.1,67.0,423,66.8,200,,,,,,,,,,,,,,,,,67.1,625,,,,,,,,,,,,,,,,,,
2026-07-15T20:24:27.668685+00:00,2026-07-15T20:24:27.666197,2,1,67.05,0.1,67.0,923,66.8,200,,,,,,,,,,,,,,,,,67.1,633,,,,,,,,,,,,,,,,,,
2026-07-15T20:24:27.679056+00:00,2026-07-15T20:24:27.675443,2,2,67.05,0.1,67.0,923,66.8,200,,,,,,,,,,,,,,,,,67.1,633,67.4,500,,,,,,,,,,,,,,,,
2026-07-15T20:24:28.059889+00:00,2026-07-15T20:24:28.054337,2,2,67.05,0.1,67.0,500,66.8,200,,,,,,,,,,,,,,,,,67.1,633,67.4,500,,,,,,,,,,,,,,,,
2026-07-15T20:24:28.070254+00:00,2026-07-15T20:24:28.069677,1,3,66.9,0.2,66.8,825,,,,,,,,,,,,,,,,,,,67.0,125,67.1,8,67.4,500,,,,,,,,,,,,,,
2026-07-15T20:24:28.162974+00:00,2026-07-15T20:24:28.158638,1,3,66.9,0.2,66.8,831,,,,,,,,,,,,,,,,,,,67.0,125,67.1,8,67.4,500,,,,,,,,,,,,,,
2026-07-15T20:24:28.235125+00:00,2026-07-15T20:24:28.232807,1,3,66.9,0.2,66.8,831,,,,,,,,,,,,,,,,,,,67.0,123,67.1,8,67.4,500,,,,,,,,,,,,,,
2026-07-15T20:24:28.245545+00:00,2026-07-15T20:24:28.240320,1,2,66.9,0.2,66.8,831,,,,,,,,,,,,,,,,,,,67.0,123,67.1,8,,,,,,,,,,,,,,,,
2026-07-15T20:24:28.266352+00:00,2026-07-15T20:24:28.262086,2,1,67.05,0.1,67.0,377,66.8,831,,,,,,,,,,,,,,,,,67.1,8,,,,,,,,,,,,,,,,,,
2026-07-15T20:24:28.276717+00:00,2026-07-15T20:24:28.272968,2,2,67.05,0.1,67.0,377,66.8,831,,,,,,,,,,,,,,,,,67.1,8,67.4,500,,,,,,,,,,,,,,,,
2026-07-15T20:24:28.307858+00:00,2026-07-15T20:24:28.299822,2,1,67.2,0.4,67.0,377,66.8,831,,,,,,,,,,,,,,,,,67.4,500,,,,,,,,,,,,,,,,,,
2026-07-15T20:24:28.339003+00:00,2026-07-15T20:24:28.332199,2,1,67.2,0.4,67.0,377,66.8,831,,,,,,,,,,,,,,,,,67.4,508,,,,,,,,,,,,,,,,,,
2026-07-15T20:24:28.359658+00:00,2026-07-15T20:24:28.357495,2,1,67.2,0.4,67.0,377,66.8,825,,,,,,,,,,,,,,,,,67.4,508,,,,,,,,,,,,,,,,,,
2026-07-15T20:24:28.370016+00:00,2026-07-15T20:24:28.362735,2,1,67.2,0.4,67.0,383,66.8,825,,,,,,,,,,,,,,,,,67.4,587,,,,,,,,,,,,,,,,,,
2026-07-15T20:24:28.462740+00:00,2026-07-15T20:24:28.457502,2,1,67.2,0.4,67.0,383,66.8,825,,,,,,,,,,,,,,,,,67.4,588,,,,,,,,,,,,,,,,,,
2026-07-15T20:24:28.565905+00:00,2026-07-15T20:24:28.557657,2,1,67.2,0.4,67.0,383,66.8,825,,,,,,,,,,,,,,,,,67.4,587,,,,,,,,,,,,,,,,,,
2026-07-15T20:24:28.731205+00:00,2026-07-15T20:24:28.730299,3,1,67.2,0.4,67.0,383,66.8,625,66.7,200,,,,,,,,,,,,,,,67.4,587,,,,,,,,,,,,,,,,,,
2026-07-15T20:24:28.741559+00:00,2026-07-15T20:24:28.734792,3,1,67.2,0.4,67.0,183,66.8,625,66.7,200,,,,,,,,,,,,,,,67.4,587,,,,,,,,,,,,,,,,,,
2026-07-15T20:24:28.762241+00:00,2026-07-15T20:24:28.757614,3,1,67.2,0.4,67.0,183,66.8,625,66.7,200,,,,,,,,,,,,,,,67.4,588,,,,,,,,,,,,,,,,,,
2026-07-15T20:24:28.920982+00:00,2026-07-15T20:24:28.905606,3,1,67.2,0.4,67.0,500,66.8,625,66.7,200,,,,,,,,,,,,,,,67.4,587,,,,,,,,,,,,,,,,,,
2026-07-15T20:24:28.943517+00:00,2026-07-15T20:24:28.935705,3,1,67.2,0.4,67.0,500,66.8,625,66.7,200,,,,,,,,,,,,,,,67.4,579,,,,,,,,,,,,,,,,,,
2026-07-15T20:24:28.964512+00:00,2026-07-15T20:24:28.962663,3,1,67.2,0.4,67.0,508,66.8,625,66.7,200,,,,,,,,,,,,,,,67.4,587,,,,,,,,,,,,,,,,,,
2026-07-15T20:24:29.068093+00:00,2026-07-15T20:24:29.059496,3,1,67.2,0.4,67.0,508,66.8,625,66.7,200,,,,,,,,,,,,,,,67.4,588,,,,,,,,,,,,,,,,,,
2026-07-15T20:24:29.161203+00:00,2026-07-15T20:24:29.157699,3,1,67.2,0.4,67.0,508,66.8,625,66.7,200,,,,,,,,,,,,,,,67.4,587,,,,,,,,,,,,,,,,,,
2026-07-15T20:24:29.264430+00:00,2026-07-15T20:24:29.257646,3,1,67.2,0.4,67.0,508,66.8,625,66.7,200,,,,,,,,,,,,,,,67.4,588,,,,,,,,,,,,,,,,,,
2026-07-15T20:24:29.274783+00:00,2026-07-15T20:24:29.273464,3,1,67.2,0.4,67.0,506,66.8,625,66.7,200,,,,,,,,,,,,,,,67.4,578,,,,,,,,,,,,,,,,,,
2026-07-15T20:24:29.367681+00:00,2026-07-15T20:24:29.363714,3,1,67.2,0.4,67.0,522,66.8,625,66.7,200,,,,,,,,,,,,,,,67.4,585,,,,,,,,,,,,,,,,,,
2026-07-15T20:24:29.378059+00:00,2026-07-15T20:24:29.377671,3,2,67.2,0.2,67.1,625,67.0,522,66.7,200,,,,,,,,,,,,,,,67.3,625,67.4,585,,,,,,,,,,,,,,,,
2026-07-15T20:24:29.450437+00:00,2026-07-15T20:24:29.447732,3,2,67.2,0.2,67.1,625,67.0,24,66.7,200,,,,,,,,,,,,,,,67.3,605,67.4,585,,,,,,,,,,,,,,,,
2026-07-15T20:24:29.460857+00:00,2026-07-15T20:24:29.457457,3,2,67.2,0.2,67.1,625,67.0,24,66.7,200,,,,,,,,,,,,,,,67.3,605,67.4,85,,,,,,,,,,,,,,,,
2026-07-15T20:24:29.471304+00:00,2026-07-15T20:24:29.466886,3,2,67.2,0.2,67.1,625,67.0,524,66.7,200,,,,,,,,,,,,,,,67.3,605,67.4,85,,,,,,,,,,,,,,,,
2026-07-15T20:24:29.481696+00:00,2026-07-15T20:24:29.476265,3,2,67.2,0.2,67.1,625,67.0,524,66.7,200,,,,,,,,,,,,,,,67.3,605,67.4,585,,,,,,,,,,,,,,,,
2026-07-15T20:24:29.492071+00:00,2026-07-15T20:24:29.487762,3,2,67.2,0.2,67.1,625,67.0,524,66.7,200,,,,,,,,,,,,,,,67.3,605,67.4,516,,,,,,,,,,,,,,,,
2026-07-15T20:24:29.502511+00:00,2026-07-15T20:24:29.495525,3,2,67.2,0.2,67.1,625,67.0,518,66.7,200,,,,,,,,,,,,,,,67.3,605,67.4,516,,,,,,,,,,,,,,,,
2026-07-15T20:24:29.512891+00:00,2026-07-15T20:24:29.502782,3,2,67.2,0.2,67.1,625,67.0,502,66.7,200,,,,,,,,,,,,,,,67.3,605,67.4,516,,,,,,,,,,,,,,,,
2026-07-15T20:24:29.564659+00:00,2026-07-15T20:24:29.557536,3,2,67.2,0.2,67.1,625,67.0,502,66.7,200,,,,,,,,,,,,,,,67.3,605,67.4,508,,,,,,,,,,,,,,,,
2026-07-15T20:24:29.574994+00:00,2026-07-15T20:24:29.568364,3,2,67.2,0.2,67.1,625,67.0,500,66.7,200,,,,,,,,,,,,,,,67.3,605,67.4,500,,,,,,,,,,,,,,,,
2026-07-15T20:24:29.595936+00:00,2026-07-15T20:24:29.591434,3,2,67.2,0.2,67.1,627,67.0,500,66.7,200,,,,,,,,,,,,,,,67.3,613,67.4,500,,,,,,,,,,,,,,,,
2026-07-15T20:24:29.816433+00:00,2026-07-15T20:24:29.757630,3,2,67.2,0.2,67.1,653,67.0,500,66.7,200,,,,,,,,,,,,,,,67.3,613,67.4,500,,,,,,,,,,,,,,,,
2026-07-15T20:24:29.826960+00:00,2026-07-15T20:24:29.822414,3,2,67.2,0.2,67.1,653,67.0,500,66.7,200,,,,,,,,,,,,,,,67.3,608,67.4,500,,,,,,,,,,,,,,,,
2026-07-15T20:24:29.868339+00:00,2026-07-15T20:24:29.860019,3,2,67.2,0.2,67.1,653,67.0,500,66.7,200,,,,,,,,,,,,,,,67.3,685,67.4,500,,,,,,,,,,,,,,,,
2026-07-15T20:24:29.940188+00:00,2026-07-15T20:24:29.938112,2,2,67.2,0.2,67.1,653,67.0,500,,,,,,,,,,,,,,,,,67.3,685,67.4,500,,,,,,,,,,,,,,,,
2026-07-15T20:24:29.950624+00:00,2026-07-15T20:24:29.942903,3,2,67.2,0.2,67.1,653,67.0,500,66.8,200,,,,,,,,,,,,,,,67.3,685,67.4,500,,,,,,,,,,,,,,,,
2026-07-15T20:24:29.961060+00:00,2026-07-15T20:24:29.951698,3,2,67.2,0.2,67.1,453,67.0,500,66.8,200,,,,,,,,,,,,,,,67.3,685,67.4,500,,,,,,,,,,,,,,,,
2026-07-15T20:24:30.043968+00:00,2026-07-15T20:24:30.043361,2,2,67.2,0.2,67.1,453,66.8,200,,,,,,,,,,,,,,,,,67.3,685,67.4,500,,,,,,,,,,,,,,,,
2026-07-15T20:24:30.064775+00:00,2026-07-15T20:24:30.056255,2,1,67.2,0.2,67.1,453,66.8,200,,,,,,,,,,,,,,,,,67.3,685,,,,,,,,,,,,,,,,,,
2026-07-15T20:24:30.075298+00:00,2026-07-15T20:24:30.068689,3,1,67.2,0.2,67.1,453,67.0,500,66.8,200,,,,,,,,,,,,,,,67.3,685,,,,,,,,,,,,,,,,,,
2026-07-15T20:24:30.095581+00:00,2026-07-15T20:24:30.084318,3,2,67.2,0.2,67.1,453,67.0,500,66.8,200,,,,,,,,,,,,,,,67.3,685,67.4,500,,,,,,,,,,,,,,,,
2026-07-15T20:24:30.106079+00:00,2026-07-15T20:24:30.096086,3,2,67.2,0.2,67.1,427,67.0,500,66.8,200,,,,,,,,,,,,,,,67.3,685,67.4,500,,,,,,,,,,,,,,,,
2026-07-15T20:24:30.199246+00:00,2026-07-15T20:24:30.196821,3,2,67.2,0.2,67.1,425,67.0,500,66.8,200,,,,,,,,,,,,,,,67.3,677,67.4,500,,,,,,,,,,,,,,,,
2026-07-15T20:24:30.220030+00:00,2026-07-15T20:24:30.218600,3,2,67.2,0.2,67.1,427,67.0,500,66.8,200,,,,,,,,,,,,,,,67.3,685,67.4,500,,,,,,,,,,,,,,,,
2026-07-15T20:24:30.303197+00:00,2026-07-15T20:24:30.299184,3,2,67.2,0.2,67.1,427,67.0,500,66.8,200,,,,,,,,,,,,,,,67.3,683,67.4,500,,,,,,,,,,,,,,,,
2026-07-15T20:24:30.686085+00:00,2026-07-15T20:24:30.676516,2,2,67.2,0.2,67.1,427,66.8,200,,,,,,,,,,,,,,,,,67.3,683,67.4,500,,,,,,,,,,,,,,,,
2026-07-15T20:24:30.696489+00:00,2026-07-15T20:24:30.688762,2,1,67.2,0.2,67.1,427,66.8,200,,,,,,,,,,,,,,,,,67.3,683,,,,,,,,,,,,,,,,,,
2026-07-15T20:24:30.706886+00:00,2026-07-15T20:24:30.700358,3,1,67.2,0.2,67.1,427,67.0,500,66.8,200,,,,,,,,,,,,,,,67.3,683,,,,,,,,,,,,,,,,,,
2026-07-15T20:24:30.717268+00:00,2026-07-15T20:24:30.711389,3,2,67.2,0.2,67.1,427,67.0,500,66.8,200,,,,,,,,,,,,,,,67.3,683,67.4,500,,,,,,,,,,,,,,,,
2026-07-15T20:24:30.727671+00:00,2026-07-15T20:24:30.726190,3,2,67.2,0.2,67.1,2,67.0,500,66.8,200,,,,,,,,,,,,,,,67.3,85,67.4,500,,,,,,,,,,,,,,,,
2026-07-15T20:24:30.738075+00:00,2026-07-15T20:24:30.736590,3,3,67.15,0.1,67.1,2,67.0,1125,66.8,200,,,,,,,,,,,,,,,67.2,625,67.3,85,67.4,500,,,,,,,,,,,,,,
2026-07-15T20:24:30.758813+00:00,2026-07-15T20:24:30.757920,3,3,67.15,0.1,67.1,2,67.0,1125,66.8,200,,,,,,,,,,,,,,,67.2,625,67.3,8,67.4,500,,,,,,,,,,,,,,
2026-07-15T20:24:30.831327+00:00,2026-07-15T20:24:30.824246,2,2,67.1,0.2,67.0,1125,66.8,200,,,,,,,,,,,,,,,,,67.2,625,67.4,500,,,,,,,,,,,,,,,,
2026-07-15T20:24:30.852069+00:00,2026-07-15T20:24:30.851306,2,2,67.1,0.2,67.0,1127,66.8,200,,,,,,,,,,,,,,,,,67.2,633,67.4,500,,,,,,,,,,,,,,,,
2026-07-15T20:24:30.862452+00:00,2026-07-15T20:24:30.858693,2,2,67.1,0.2,67.0,1153,66.8,200,,,,,,,,,,,,,,,,,67.2,633,67.4,500,,,,,,,,,,,,,,,,
2026-07-15T20:24:31.162597+00:00,2026-07-15T20:24:31.160400,1,2,67.1,0.2,67.0,1353,,,,,,,,,,,,,,,,,,,67.2,833,67.4,500,,,,,,,,,,,,,,,,
2026-07-15T20:24:31.287386+00:00,2026-07-15T20:24:31.279620,1,2,67.1,0.2,67.0,853,,,,,,,,,,,,,,,,,,,67.2,833,67.4,500,,,,,,,,,,,,,,,,
2026-07-15T20:24:31.297911+00:00,2026-07-15T20:24:31.290346,1,1,67.1,0.2,67.0,853,,,,,,,,,,,,,,,,,,,67.2,833,,,,,,,,,,,,,,,,,,
2026-07-15T20:24:31.308430+00:00,2026-07-15T20:24:31.300502,1,1,67.1,0.2,67.0,1353,,,,,,,,,,,,,,,,,,,67.2,833,,,,,,,,,,,,,,,,,,
2026-07-15T20:24:31.318966+00:00,2026-07-15T20:24:31.310654,1,2,67.1,0.2,67.0,1353,,,,,,,,,,,,,,,,,,,67.2,833,67.4,500,,,,,,,,,,,,,,,,
2026-07-15T20:24:31.339986+00:00,2026-07-15T20:24:31.329985,1,2,67.1,0.2,67.0,1353,,,,,,,,,,,,,,,,,,,67.2,831,67.4,500,,,,,,,,,,,,,,,,
2026-07-15T20:24:31.464401+00:00,2026-07-15T20:24:31.458383,1,2,67.1,0.2,67.0,1351,,,,,,,,,,,,,,,,,,,67.2,823,67.4,500,,,,,,,,,,,,,,,,
2026-07-15T20:24:31.485246+00:00,2026-07-15T20:24:31.483894,1,2,67.1,0.2,67.0,1351,,,,,,,,,,,,,,,,,,,67.2,831,67.4,500,,,,,,,,,,,,,,,,
2026-07-15T20:24:31.889156+00:00,2026-07-15T20:24:31.883595,1,2,67.1,0.2,67.0,851,,,,,,,,,,,,,,,,,,,67.2,831,67.4,500,,,,,,,,,,,,,,,,
2026-07-15T20:24:31.899641+00:00,2026-07-15T20:24:31.893612,1,1,67.1,0.2,67.0,851,,,,,,,,,,,,,,,,,,,67.2,831,,,,,,,,,,,,,,,,,,
2026-07-15T20:24:31.910094+00:00,2026-07-15T20:24:31.903643,2,1,67.15,0.1,67.1,500,67.0,851,,,,,,,,,,,,,,,,,67.2,831,,,,,,,,,,,,,,,,,,
2026-07-15T20:24:31.920605+00:00,2026-07-15T20:24:31.914201,2,2,67.15,0.1,67.1,500,67.0,851,,,,,,,,,,,,,,,,,67.2,831,67.5,500,,,,,,,,,,,,,,,,
2026-07-15T20:24:31.962315+00:00,2026-07-15T20:24:31.958556,2,2,67.15,0.1,67.1,500,67.0,825,,,,,,,,,,,,,,,,,67.2,831,67.5,500,,,,,,,,,,,,,,,,
2026-07-15T20:24:32.045221+00:00,2026-07-15T20:24:32.044487,2,2,67.15,0.1,67.1,1125,67.0,200,,,,,,,,,,,,,,,,,67.2,208,67.5,500,,,,,,,,,,,,,,,,
2026-07-15T20:24:32.055600+00:00,2026-07-15T20:24:32.046545,2,2,67.15,0.1,67.1,1125,67.0,200,,,,,,,,,,,,,,,,,67.2,833,67.5,500,,,,,,,,,,,,,,,,
2026-07-15T20:24:32.097121+00:00,2026-07-15T20:24:32.088865,2,2,67.15,0.1,67.1,1125,67.0,200,,,,,,,,,,,,,,,,,67.2,825,67.5,500,,,,,,,,,,,,,,,,
2026-07-15T20:24:32.117878+00:00,2026-07-15T20:24:32.113217,2,2,67.15,0.1,67.1,1125,67.0,200,,,,,,,,,,,,,,,,,67.2,833,67.5,500,,,,,,,,,,,,,,,,
2026-07-15T20:24:32.356131+00:00,2026-07-15T20:24:32.349818,2,2,67.15,0.1,67.1,1123,67.0,200,,,,,,,,,,,,,,,,,67.2,833,67.5,500,,,,,,,,,,,,,,,,
2026-07-15T20:24:32.366526+00:00,2026-07-15T20:24:32.365446,1,2,67.15,0.1,67.1,1123,,,,,,,,,,,,,,,,,,,67.2,633,67.5,500,,,,,,,,,,,,,,,,
2026-07-15T20:24:32.376918+00:00,2026-07-15T20:24:32.371597,2,2,67.15,0.1,67.1,923,67.0,200,,,,,,,,,,,,,,,,,67.2,633,67.5,500,,,,,,,,,,,,,,,,
2026-07-15T20:24:32.490902+00:00,2026-07-15T20:24:32.485069,2,2,67.15,0.1,67.1,625,67.0,200,,,,,,,,,,,,,,,,,67.2,633,67.5,500,,,,,,,,,,,,,,,,
2026-07-15T20:24:32.501514+00:00,2026-07-15T20:24:32.494733,2,1,67.15,0.1,67.1,625,67.0,200,,,,,,,,,,,,,,,,,67.2,633,,,,,,,,,,,,,,,,,,
2026-07-15T20:24:32.511954+00:00,2026-07-15T20:24:32.505163,2,1,67.15,0.1,67.1,625,67.0,700,,,,,,,,,,,,,,,,,67.2,633,,,,,,,,,,,,,,,,,,
2026-07-15T20:24:32.522415+00:00,2026-07-15T20:24:32.514883,2,2,67.15,0.1,67.1,625,67.0,700,,,,,,,,,,,,,,,,,67.2,633,67.5,500,,,,,,,,,,,,,,,,
2026-07-15T20:24:32.719613+00:00,2026-07-15T20:24:32.716983,2,2,67.15,0.1,67.1,625,67.0,700,,,,,,,,,,,,,,,,,67.2,625,67.5,500,,,,,,,,,,,,,,,,
2026-07-15T20:24:32.750782+00:00,2026-07-15T20:24:32.743711,2,2,67.15,0.1,67.1,625,67.0,700,,,,,,,,,,,,,,,,,67.2,633,67.5,500,,,,,,,,,,,,,,,,
2026-07-15T20:24:33.093501+00:00,2026-07-15T20:24:33.088532,2,2,67.15,0.1,67.1,625,67.0,200,,,,,,,,,,,,,,,,,67.2,633,67.5,500,,,,,,,,,,,,,,,,
2026-07-15T20:24:33.103927+00:00,2026-07-15T20:24:33.099036,2,1,67.15,0.1,67.1,625,67.0,200,,,,,,,,,,,,,,,,,67.2,633,,,,,,,,,,,,,,,,,,
2026-07-15T20:24:33.114395+00:00,2026-07-15T20:24:33.108760,2,1,67.15,0.1,67.1,625,67.0,700,,,,,,,,,,,,,,,,,67.2,633,,,,,,,,,,,,,,,,,,
2026-07-15T20:24:33.124933+00:00,2026-07-15T20:24:33.122660,2,2,67.15,0.1,67.1,625,67.0,700,,,,,,,,,,,,,,,,,67.2,633,67.5,500,,,,,,,,,,,,,,,,
2026-07-15T20:24:33.353659+00:00,2026-07-15T20:24:33.351843,1,2,67.1,0.2,67.0,700,,,,,,,,,,,,,,,,,,,67.2,625,67.5,500,,,,,,,,,,,,,,,,
2026-07-15T20:24:33.364215+00:00,2026-07-15T20:24:33.361723,1,1,67.25,0.5,67.0,700,,,,,,,,,,,,,,,,,,,67.5,500,,,,,,,,,,,,,,,,,,
2026-07-15T20:24:33.374698+00:00,2026-07-15T20:24:33.369557,1,2,67.05,0.1,67.0,1325,,,,,,,,,,,,,,,,,,,67.1,625,67.5,500,,,,,,,,,,,,,,,,
2026-07-15T20:24:33.385225+00:00,2026-07-15T20:24:33.384836,1,3,67.05,0.1,67.0,1325,,,,,,,,,,,,,,,,,,,67.1,623,67.2,8,67.5,500,,,,,,,,,,,,,,
2026-07-15T20:24:33.582592+00:00,2026-07-15T20:24:33.580968,1,4,67.05,0.1,67.0,1125,,,,,,,,,,,,,,,,,,,67.1,423,67.2,8,67.4,200,67.5,500,,,,,,,,,,,,
2026-07-15T20:24:33.696785+00:00,2026-07-15T20:24:33.689928,1,4,67.05,0.1,67.0,625,,,,,,,,,,,,,,,,,,,67.1,423,67.2,8,67.4,200,67.5,500,,,,,,,,,,,,
2026-07-15T20:24:33.707344+00:00,2026-07-15T20:24:33.698154,1,3,67.05,0.1,67.0,625,,,,,,,,,,,,,,,,,,,67.1,423,67.2,8,67.4,200,,,,,,,,,,,,,,
2026-07-15T20:24:33.717811+00:00,2026-07-15T20:24:33.716056,2,3,67.15,0.1,67.1,77,67.0,625,,,,,,,,,,,,,,,,,67.2,8,67.4,200,67.5,500,,,,,,,,,,,,,,
2026-07-15T20:24:33.759564+00:00,2026-07-15T20:24:33.758049,2,3,67.15,0.1,67.1,103,67.0,625,,,,,,,,,,,,,,,,,67.2,8,67.4,200,67.5,500,,,,,,,,,,,,,,
2026-07-15T20:24:33.977741+00:00,2026-07-15T20:24:33.967907,2,3,67.15,0.1,67.1,98,67.0,625,,,,,,,,,,,,,,,,,67.2,8,67.4,200,67.5,500,,,,,,,,,,,,,,
2026-07-15T20:24:33.998628+00:00,2026-07-15T20:24:33.988395,2,2,67.25,0.3,67.1,98,67.0,625,,,,,,,,,,,,,,,,,67.4,200,67.5,500,,,,,,,,,,,,,,,,
2026-07-15T20:24:34.030116+00:00,2026-07-15T20:24:34.020124,2,2,67.25,0.3,67.1,98,67.0,625,,,,,,,,,,,,,,,,,67.4,208,67.5,500,,,,,,,,,,,,,,,,
2026-07-15T20:24:34.061287+00:00,2026-07-15T20:24:34.058369,2,2,67.25,0.3,67.1,98,67.0,625,,,,,,,,,,,,,,,,,67.4,282,67.5,500,,,,,,,,,,,,,,,,
2026-07-15T20:24:34.165229+00:00,2026-07-15T20:24:34.160703,2,2,67.25,0.3,67.1,72,67.0,625,,,,,,,,,,,,,,,,,67.4,282,67.5,500,,,,,,,,,,,,,,,,
2026-07-15T20:24:34.300287+00:00,2026-07-15T20:24:34.293914,1,2,67.2,0.4,67.0,625,,,,,,,,,,,,,,,,,,,67.4,282,67.5,500,,,,,,,,,,,,,,,,
2026-07-15T20:24:34.310761+00:00,2026-07-15T20:24:34.305505,1,1,67.2,0.4,67.0,625,,,,,,,,,,,,,,,,,,,67.4,282,,,,,,,,,,,,,,,,,,
2026-07-15T20:24:34.321309+00:00,2026-07-15T20:24:34.319077,2,1,67.25,0.3,67.1,500,67.0,625,,,,,,,,,,,,,,,,,67.4,282,,,,,,,,,,,,,,,,,,
2026-07-15T20:24:34.331821+00:00,2026-07-15T20:24:34.330540,2,2,67.25,0.3,67.1,500,67.0,625,,,,,,,,,,,,,,,,,67.4,282,67.5,500,,,,,,,,,,,,,,,,
2026-07-15T20:24:34.363258+00:00,2026-07-15T20:24:34.358380,2,2,67.25,0.3,67.1,526,67.0,625,,,,,,,,,,,,,,,,,67.4,282,67.5,500,,,,,,,,,,,,,,,,
2026-07-15T20:24:34.404924+00:00,2026-07-15T20:24:34.399042,2,2,67.25,0.3,67.1,524,67.0,625,,,,,,,,,,,,,,,,,67.4,282,67.5,500,,,,,,,,,,,,,,,,
2026-07-15T20:24:34.633666+00:00,2026-07-15T20:24:34.623464,2,2,67.25,0.3,67.1,524,67.0,625,,,,,,,,,,,,,,,,,67.4,274,67.5,500,,,,,,,,,,,,,,,,
2026-07-15T20:24:34.654693+00:00,2026-07-15T20:24:34.653694,2,2,67.25,0.3,67.1,524,67.0,625,,,,,,,,,,,,,,,,,67.4,282,67.5,500,,,,,,,,,,,,,,,,
2026-07-15T20:24:34.675608+00:00,2026-07-15T20:24:34.672654,1,2,67.25,0.3,67.1,524,,,,,,,,,,,,,,,,,,,67.4,282,67.5,500,,,,,,,,,,,,,,,,
2026-07-15T20:24:34.686091+00:00,2026-07-15T20:24:34.677353,2,2,67.35,0.1,67.3,625,67.1,524,,,,,,,,,,,,,,,,,67.4,282,67.5,1125,,,,,,,,,,,,,,,,
2026-07-15T20:24:34.696578+00:00,2026-07-15T20:24:34.690882,2,2,67.35,0.1,67.3,600,67.1,524,,,,,,,,,,,,,,,,,67.4,282,67.5,1125,,,,,,,,,,,,,,,,
2026-07-15T20:24:34.738304+00:00,2026-07-15T20:24:34.731957,2,2,67.35,0.1,67.3,600,67.1,524,,,,,,,,,,,,,,,,,67.4,320,67.5,1125,,,,,,,,,,,,,,,,
2026-07-15T20:24:34.759099+00:00,2026-07-15T20:24:34.758530,2,2,67.35,0.1,67.3,600,67.1,524,,,,,,,,,,,,,,,,,67.4,246,67.5,1125,,,,,,,,,,,,,,,,
2026-07-15T20:24:34.769529+00:00,2026-07-15T20:24:34.763659,2,2,67.35,0.1,67.3,600,67.1,498,,,,,,,,,,,,,,,,,67.4,246,67.5,1125,,,,,,,,,,,,,,,,
2026-07-15T20:24:34.790453+00:00,2026-07-15T20:24:34.786807,2,2,67.35,0.1,67.3,600,67.1,498,,,,,,,,,,,,,,,,,67.4,46,67.5,1125,,,,,,,,,,,,,,,,
2026-07-15T20:24:34.800915+00:00,2026-07-15T20:24:34.794241,2,2,67.35,0.1,67.3,575,67.1,698,,,,,,,,,,,,,,,,,67.4,46,67.5,1125,,,,,,,,,,,,,,,,
2026-07-15T20:24:34.811381+00:00,2026-07-15T20:24:34.801152,2,2,67.35,0.1,67.3,375,67.1,698,,,,,,,,,,,,,,,,,67.4,46,67.5,1125,,,,,,,,,,,,,,,,
2026-07-15T20:24:34.840468+00:00,2026-07-15T20:24:34.827279,2,2,67.35,0.1,67.3,349,67.1,698,,,,,,,,,,,,,,,,,67.4,46,67.5,1125,,,,,,,,,,,,,,,,
2026-07-15T20:24:34.861469+00:00,2026-07-15T20:24:34.854048,2,2,67.35,0.1,67.3,325,67.1,698,,,,,,,,,,,,,,,,,67.4,46,67.5,1125,,,,,,,,,,,,,,,,
2026-07-15T20:24:34.871884+00:00,2026-07-15T20:24:34.866698,2,2,67.35,0.1,67.3,338,67.1,698,,,,,,,,,,,,,,,,,67.4,46,67.5,1125,,,,,,,,,,,,,,,,
2026-07-15T20:24:34.882291+00:00,2026-07-15T20:24:34.881891,2,2,67.35,0.1,67.3,301,67.1,698,,,,,,,,,,,,,,,,,67.4,46,67.5,1125,,,,,,,,,,,,,,,,
2026-07-15T20:24:34.892736+00:00,2026-07-15T20:24:34.891538,2,2,67.35,0.1,67.3,277,67.1,698,,,,,,,,,,,,,,,,,67.4,46,67.5,1125,,,,,,,,,,,,,,,,
2026-07-15T20:24:34.903288+00:00,2026-07-15T20:24:34.895762,2,2,67.35,0.1,67.3,277,67.1,200,,,,,,,,,,,,,,,,,67.4,46,67.5,1125,,,,,,,,,,,,,,,,
2026-07-15T20:24:34.913788+00:00,2026-07-15T20:24:34.904853,2,2,67.35,0.1,67.3,277,67.1,200,,,,,,,,,,,,,,,,,67.4,46,67.5,625,,,,,,,,,,,,,,,,
2026-07-15T20:24:34.924332+00:00,2026-07-15T20:24:34.923637,2,2,67.35,0.1,67.3,277,67.1,700,,,,,,,,,,,,,,,,,67.4,46,67.5,1125,,,,,,,,,,,,,,,,
2026-07-15T20:24:34.976456+00:00,2026-07-15T20:24:34.967197,2,2,67.35,0.1,67.3,353,67.1,700,,,,,,,,,,,,,,,,,67.4,46,67.5,1125,,,,,,,,,,,,,,,,
2026-07-15T20:24:35.018241+00:00,2026-07-15T20:24:35.010526,2,2,67.35,0.1,67.3,353,67.1,700,,,,,,,,,,,,,,,,,67.4,41,67.5,1125,,,,,,,,,,,,,,,,
2026-07-15T20:24:35.070534+00:00,2026-07-15T20:24:35.066880,2,2,67.35,0.1,67.3,357,67.1,700,,,,,,,,,,,,,,,,,67.4,41,67.5,1125,,,,,,,,,,,,,,,,
2026-07-15T20:24:35.174550+00:00,2026-07-15T20:24:35.167258,2,2,67.35,0.1,67.3,353,67.1,700,,,,,,,,,,,,,,,,,67.4,41,67.5,1125,,,,,,,,,,,,,,,,
2026-07-15T20:24:35.268379+00:00,2026-07-15T20:24:35.266700,2,2,67.35,0.1,67.3,353,67.1,700,,,,,,,,,,,,,,,,,67.4,38,67.5,1125,,,,,,,,,,,,,,,,
2026-07-15T20:24:35.299797+00:00,2026-07-15T20:24:35.295402,2,2,67.35,0.1,67.3,353,67.1,700,,,,,,,,,,,,,,,,,67.4,41,67.5,1125,,,,,,,,,,,,,,,,
2026-07-15T20:24:35.310219+00:00,2026-07-15T20:24:35.306301,2,2,67.35,0.1,67.3,353,67.1,700,,,,,,,,,,,,,,,,,67.4,21,67.5,1125,,,,,,,,,,,,,,,,
2026-07-15T20:24:35.372688+00:00,2026-07-15T20:24:35.367226,2,2,67.35,0.1,67.3,357,67.1,700,,,,,,,,,,,,,,,,,67.4,21,67.5,1125,,,,,,,,,,,,,,,,
2026-07-15T20:24:35.424743+00:00,2026-07-15T20:24:35.420583,2,2,67.35,0.1,67.3,355,67.1,700,,,,,,,,,,,,,,,,,67.4,21,67.5,1125,,,,,,,,,,,,,,,,
2026-07-15T20:24:35.508006+00:00,2026-07-15T20:24:35.507619,2,2,67.35,0.1,67.3,355,67.1,200,,,,,,,,,,,,,,,,,67.4,21,67.5,625,,,,,,,,,,,,,,,,
2026-07-15T20:24:35.518499+00:00,2026-07-15T20:24:35.517183,2,2,67.35,0.1,67.3,355,67.1,700,,,,,,,,,,,,,,,,,67.4,21,67.5,625,,,,,,,,,,,,,,,,
2026-07-15T20:24:35.539467+00:00,2026-07-15T20:24:35.530351,2,2,67.35,0.1,67.3,355,67.1,700,,,,,,,,,,,,,,,,,67.4,21,67.5,1125,,,,,,,,,,,,,,,,
2026-07-15T20:24:35.780028+00:00,2026-07-15T20:24:35.779625,2,2,67.35,0.1,67.3,355,67.1,700,,,,,,,,,,,,,,,,,67.4,21,67.5,1125,,,,,,,,,,,,,,,,
2026-07-15T20:24:35.874014+00:00,2026-07-15T20:24:35.872251,2,2,67.35,0.1,67.3,351,67.1,700,,,,,,,,,,,,,,,,,67.4,21,67.5,1125,,,,,,,,,,,,,,,,
2026-07-15T20:24:35.905433+00:00,2026-07-15T20:24:35.899102,2,2,67.35,0.1,67.3,351,67.1,700,,,,,,,,,,,,,,,,,67.4,18,67.5,1125,,,,,,,,,,,,,,,,
2026-07-15T20:24:35.915944+00:00,2026-07-15T20:24:35.913150,2,1,67.4,0.2,67.3,351,67.1,700,,,,,,,,,,,,,,,,,67.5,1125,,,,,,,,,,,,,,,,,,
2026-07-15T20:24:35.926529+00:00,2026-07-15T20:24:35.917102,2,1,67.4,0.2,67.3,351,67.1,700,,,,,,,,,,,,,,,,,67.5,1143,,,,,,,,,,,,,,,,,,
2026-07-15T20:24:35.937079+00:00,2026-07-15T20:24:35.931032,2,2,67.35,0.1,67.3,351,67.1,700,,,,,,,,,,,,,,,,,67.4,3,67.5,1143,,,,,,,,,,,,,,,,
2026-07-15T20:24:35.989290+00:00,2026-07-15T20:24:35.988143,2,2,67.35,0.1,67.3,76,67.1,1325,,,,,,,,,,,,,,,,,67.4,3,67.5,518,,,,,,,,,,,,,,,,
2026-07-15T20:24:35.999769+00:00,2026-07-15T20:24:35.992103,1,3,67.15,0.1,67.1,1325,,,,,,,,,,,,,,,,,,,67.2,549,67.4,3,67.5,518,,,,,,,,,,,,,,
2026-07-15T20:24:36.010229+00:00,2026-07-15T20:24:36.008066,1,3,67.15,0.1,67.1,1325,,,,,,,,,,,,,,,,,,,67.2,567,67.4,3,67.5,500,,,,,,,,,,,,,,
2026-07-15T20:24:36.020772+00:00,2026-07-15T20:24:36.016297,1,4,67.15,0.1,67.1,1325,,,,,,,,,,,,,,,,,,,67.2,567,67.3,200,67.4,3,67.5,500,,,,,,,,,,,,
2026-07-15T20:24:36.041748+00:00,2026-07-15T20:24:36.037547,1,4,67.15,0.1,67.1,1320,,,,,,,,,,,,,,,,,,,67.2,567,67.3,200,67.4,3,67.5,500,,,,,,,,,,,,
2026-07-15T20:24:36.104749+00:00,2026-07-15T20:24:36.098987,1,4,67.15,0.1,67.1,825,,,,,,,,,,,,,,,,,,,67.2,567,67.3,200,67.4,3,67.5,500,,,,,,,,,,,,
2026-07-15T20:24:36.115243+00:00,2026-07-15T20:24:36.108791,1,3,67.15,0.1,67.1,825,,,,,,,,,,,,,,,,,,,67.2,567,67.3,200,67.4,3,,,,,,,,,,,,,,
2026-07-15T20:24:36.125789+00:00,2026-07-15T20:24:36.118282,1,3,67.15,0.1,67.1,1325,,,,,,,,,,,,,,,,,,,67.2,567,67.3,200,67.4,3,,,,,,,,,,,,,,
2026-07-15T20:24:36.136375+00:00,2026-07-15T20:24:36.127963,1,4,67.15,0.1,67.1,1325,,,,,,,,,,,,,,,,,,,67.2,567,67.3,200,67.4,3,67.5,500,,,,,,,,,,,,
2026-07-15T20:24:36.448744+00:00,2026-07-15T20:24:36.446007,1,4,67.15,0.1,67.1,1323,,,,,,,,,,,,,,,,,,,67.2,567,67.3,200,67.4,3,67.5,500,,,,,,,,,,,,
2026-07-15T20:24:36.542952+00:00,2026-07-15T20:24:36.535008,1,3,67.15,0.1,67.1,1323,,,,,,,,,,,,,,,,,,,67.2,567,67.3,200,67.5,500,,,,,,,,,,,,,,
2026-07-15T20:24:36.574413+00:00,2026-07-15T20:24:36.567193,1,3,67.15,0.1,67.1,1323,,,,,,,,,,,,,,,,,,,67.2,570,67.3,200,67.5,500,,,,,,,,,,,,,,
2026-07-15T20:24:36.740998+00:00,2026-07-15T20:24:36.730837,1,3,67.15,0.1,67.1,823,,,,,,,,,,,,,,,,,,,67.2,570,67.3,200,67.5,500,,,,,,,,,,,,,,
2026-07-15T20:24:36.751507+00:00,2026-07-15T20:24:36.741462,1,2,67.15,0.1,67.1,823,,,,,,,,,,,,,,,,,,,67.2,570,67.3,200,,,,,,,,,,,,,,,,
2026-07-15T20:24:36.762014+00:00,2026-07-15T20:24:36.755272,1,2,67.15,0.1,67.1,1323,,,,,,,,,,,,,,,,,,,67.2,570,67.3,200,,,,,,,,,,,,,,,,
2026-07-15T20:24:36.772572+00:00,2026-07-15T20:24:36.764762,1,3,67.15,0.1,67.1,1323,,,,,,,,,,,,,,,,,,,67.2,570,67.3,200,67.5,500,,,,,,,,,,,,,,
2026-07-15T20:24:37.179446+00:00,2026-07-15T20:24:37.171219,1,3,67.15,0.1,67.1,1323,,,,,,,,,,,,,,,,,,,67.2,567,67.3,200,67.5,500,,,,,,,,,,,,,,
2026-07-15T20:24:37.200320+00:00,2026-07-15T20:24:37.195444,1,3,67.15,0.1,67.1,1323,,,,,,,,,,,,,,,,,,,67.2,570,67.3,200,67.5,500,,,,,,,,,,,,,,
2026-07-15T20:24:37.221139+00:00,2026-07-15T20:24:37.220608,1,3,67.15,0.1,67.1,1123,,,,,,,,,,,,,,,,,,,67.2,570,67.3,200,67.5,500,,,,,,,,,,,,,,
2026-07-15T20:24:37.231635+00:00,2026-07-15T20:24:37.229270,1,3,67.15,0.1,67.1,1123,,,,,,,,,,,,,,,,,,,67.2,370,67.4,200,67.5,500,,,,,,,,,,,,,,
2026-07-15T20:24:37.304802+00:00,2026-07-15T20:24:37.302864,2,3,67.15,0.1,67.1,500,67.0,625,,,,,,,,,,,,,,,,,67.2,21,67.4,200,67.5,500,,,,,,,,,,,,,,
2026-07-15T20:24:37.315244+00:00,2026-07-15T20:24:37.306963,1,4,67.05,0.1,67.0,625,,,,,,,,,,,,,,,,,,,67.1,125,67.2,21,67.4,200,67.5,500,,,,,,,,,,,,
2026-07-15T20:24:37.325753+00:00,2026-07-15T20:24:37.322503,1,4,67.05,0.1,67.0,625,,,,,,,,,,,,,,,,,,,67.1,143,67.2,3,67.4,200,67.5,500,,,,,,,,,,,,
2026-07-15T20:24:37.336227+00:00,2026-07-15T20:24:37.332648,1,3,67.05,0.1,67.0,625,,,,,,,,,,,,,,,,,,,67.1,143,67.2,3,67.4,200,,,,,,,,,,,,,,
2026-07-15T20:24:37.346735+00:00,2026-07-15T20:24:37.345729,2,2,67.15,0.1,67.1,357,67.0,625,,,,,,,,,,,,,,,,,67.2,3,67.4,200,,,,,,,,,,,,,,,,
2026-07-15T20:24:37.367805+00:00,2026-07-15T20:24:37.359314,2,3,67.15,0.1,67.1,357,67.0,625,,,,,,,,,,,,,,,,,67.2,3,67.4,200,67.5,500,,,,,,,,,,,,,,
2026-07-15T20:24:37.482312+00:00,2026-07-15T20:24:37.476642,2,3,67.15,0.1,67.1,359,67.0,625,,,,,,,,,,,,,,,,,67.2,3,67.4,200,67.5,500,,,,,,,,,,,,,,
2026-07-15T20:24:37.804942+00:00,2026-07-15T20:24:37.799409,2,2,67.25,0.3,67.1,359,67.0,625,,,,,,,,,,,,,,,,,67.4,200,67.5,500,,,,,,,,,,,,,,,,
2026-07-15T20:24:37.825879+00:00,2026-07-15T20:24:37.825340,2,2,67.25,0.3,67.1,359,67.0,625,,,,,,,,,,,,,,,,,67.4,203,67.5,500,,,,,,,,,,,,,,,,
2026-07-15T20:24:37.878275+00:00,2026-07-15T20:24:37.874852,2,2,67.25,0.3,67.1,359,67.0,625,,,,,,,,,,,,,,,,,67.4,283,67.5,500,,,,,,,,,,,,,,,,
2026-07-15T20:24:37.940785+00:00,2026-07-15T20:24:37.935109,2,2,67.25,0.3,67.1,4,67.0,625,,,,,,,,,,,,,,,,,67.4,283,67.5,500,,,,,,,,,,,,,,,,
2026-07-15T20:24:37.951279+00:00,2026-07-15T20:24:37.944868,2,1,67.25,0.3,67.1,4,67.0,625,,,,,,,,,,,,,,,,,67.4,283,,,,,,,,,,,,,,,,,,
2026-07-15T20:24:37.961752+00:00,2026-07-15T20:24:37.954043,2,1,67.25,0.3,67.1,504,67.0,625,,,,,,,,,,,,,,,,,67.4,283,,,,,,,,,,,,,,,,,,
2026-07-15T20:24:37.972230+00:00,2026-07-15T20:24:37.963018,2,2,67.25,0.3,67.1,504,67.0,625,,,,,,,,,,,,,,,,,67.4,283,67.6,500,,,,,,,,,,,,,,,,
2026-07-15T20:24:38.430293+00:00,2026-07-15T20:24:38.429532,2,2,67.25,0.3,67.1,504,67.0,625,,,,,,,,,,,,,,,,,67.4,280,67.6,500,,,,,,,,,,,,,,,,
2026-07-15T20:24:38.440762+00:00,2026-07-15T20:24:38.437160,2,2,67.25,0.3,67.1,504,67.0,625,,,,,,,,,,,,,,,,,67.4,80,67.6,500,,,,,,,,,,,,,,,,
2026-07-15T20:24:38.451232+00:00,2026-07-15T20:24:38.449469,2,2,67.25,0.3,67.1,504,67.0,825,,,,,,,,,,,,,,,,,67.4,80,67.6,500,,,,,,,,,,,,,,,,
2026-07-15T20:24:38.461690+00:00,2026-07-15T20:24:38.453651,2,3,67.15,0.1,67.1,504,67.0,825,,,,,,,,,,,,,,,,,67.2,200,67.4,80,67.6,500,,,,,,,,,,,,,,
2026-07-15T20:24:38.472163+00:00,2026-07-15T20:24:38.466967,2,3,67.15,0.1,67.1,504,67.0,825,,,,,,,,,,,,,,,,,67.2,200,67.4,83,67.6,500,,,,,,,,,,,,,,
2026-07-15T20:24:38.482673+00:00,2026-07-15T20:24:38.475177,2,3,67.15,0.1,67.1,500,67.0,825,,,,,,,,,,,,,,,,,67.2,200,67.4,3,67.6,500,,,,,,,,,,,,,,
2026-07-15T20:24:38.503460+00:00,2026-07-15T20:24:38.501137,2,3,67.15,0.1,67.1,498,67.0,825,,,,,,,,,,,,,,,,,67.2,200,67.4,3,67.6,500,,,,,,,,,,,,,,
2026-07-15T20:24:38.545191+00:00,2026-07-15T20:24:38.537685,1,3,67.1,0.2,67.0,825,,,,,,,,,,,,,,,,,,,67.2,200,67.4,3,67.6,500,,,,,,,,,,,,,,
2026-07-15T20:24:38.555753+00:00,2026-07-15T20:24:38.548490,1,2,67.1,0.2,67.0,825,,,,,,,,,,,,,,,,,,,67.2,200,67.4,3,,,,,,,,,,,,,,,,
2026-07-15T20:24:38.566313+00:00,2026-07-15T20:24:38.559442,2,2,67.15,0.1,67.1,500,67.0,825,,,,,,,,,,,,,,,,,67.2,200,67.4,3,,,,,,,,,,,,,,,,
2026-07-15T20:24:38.576814+00:00,2026-07-15T20:24:38.569784,2,3,67.15,0.1,67.1,500,67.0,825,,,,,,,,,,,,,,,,,67.2,200,67.4,3,67.6,500,,,,,,,,,,,,,,
2026-07-15T20:24:38.618713+00:00,2026-07-15T20:24:38.616636,3,3,67.25,0.1,67.2,425,67.1,500,67.0,200,,,,,,,,,,,,,,,67.3,625,67.4,3,67.6,500,,,,,,,,,,,,,,
2026-07-15T20:24:39.079319+00:00,2026-07-15T20:24:39.072901,3,2,67.25,0.1,67.2,425,67.1,500,67.0,200,,,,,,,,,,,,,,,67.3,625,67.6,500,,,,,,,,,,,,,,,,
2026-07-15T20:24:39.100446+00:00,2026-07-15T20:24:39.097944,3,2,67.25,0.1,67.2,425,67.1,500,67.0,200,,,,,,,,,,,,,,,67.3,628,67.6,500,,,,,,,,,,,,,,,,
2026-07-15T20:24:39.121406+00:00,2026-07-15T20:24:39.114206,3,2,67.25,0.1,67.2,420,67.1,500,67.0,200,,,,,,,,,,,,,,,67.3,628,67.6,500,,,,,,,,,,,,,,,,
2026-07-15T20:24:39.142320+00:00,2026-07-15T20:24:39.139354,2,2,67.25,0.1,67.2,420,67.0,200,,,,,,,,,,,,,,,,,67.3,628,67.6,500,,,,,,,,,,,,,,,,
2026-07-15T20:24:39.152871+00:00,2026-07-15T20:24:39.149018,2,1,67.25,0.1,67.2,420,67.0,200,,,,,,,,,,,,,,,,,67.3,628,,,,,,,,,,,,,,,,,,
2026-07-15T20:24:39.163470+00:00,2026-07-15T20:24:39.157763,3,1,67.25,0.1,67.2,420,67.1,500,67.0,200,,,,,,,,,,,,,,,67.3,628,,,,,,,,,,,,,,,,,,
2026-07-15T20:24:39.174070+00:00,2026-07-15T20:24:39.166240,3,2,67.25,0.1,67.2,420,67.1,500,67.0,200,,,,,,,,,,,,,,,67.3,628,67.5,500,,,,,,,,,,,,,,,,
2026-07-15T20:24:39.539390+00:00,2026-07-15T20:24:39.533141,3,2,67.25,0.1,67.2,418,67.1,500,67.0,200,,,,,,,,,,,,,,,67.3,628,67.5,500,,,,,,,,,,,,,,,,
2026-07-15T20:24:39.664566+00:00,2026-07-15T20:24:39.661846,2,2,67.25,0.1,67.2,418,67.1,700,,,,,,,,,,,,,,,,,67.3,828,67.5,500,,,,,,,,,,,,,,,,
2026-07-15T20:24:39.706318+00:00,2026-07-15T20:24:39.702259,2,2,67.25,0.1,67.2,418,67.1,700,,,,,,,,,,,,,,,,,67.3,825,67.5,500,,,,,,,,,,,,,,,,
2026-07-15T20:24:39.737716+00:00,2026-07-15T20:24:39.730441,2,2,67.25,0.1,67.2,418,67.1,700,,,,,,,,,,,,,,,,,67.3,828,67.5,500,,,,,,,,,,,,,,,,
2026-07-15T20:24:39.748145+00:00,2026-07-15T20:24:39.741551,2,2,67.25,0.1,67.2,418,67.1,200,,,,,,,,,,,,,,,,,67.3,828,67.5,500,,,,,,,,,,,,,,,,
2026-07-15T20:24:39.758622+00:00,2026-07-15T20:24:39.751053,2,1,67.25,0.1,67.2,418,67.1,200,,,,,,,,,,,,,,,,,67.3,828,,,,,,,,,,,,,,,,,,
2026-07-15T20:24:39.769138+00:00,2026-07-15T20:24:39.764411,2,1,67.25,0.1,67.2,418,67.1,700,,,,,,,,,,,,,,,,,67.3,828,,,,,,,,,,,,,,,,,,
2026-07-15T20:24:39.779589+00:00,2026-07-15T20:24:39.773315,2,2,67.25,0.1,67.2,418,67.1,700,,,,,,,,,,,,,,,,,67.3,828,67.6,500,,,,,,,,,,,,,,,,
2026-07-15T20:24:39.922066+00:00,2026-07-15T20:24:39.919701,1,2,67.2,0.2,67.1,700,,,,,,,,,,,,,,,,,,,67.3,828,67.6,500,,,,,,,,,,,,,,,,
2026-07-15T20:24:39.932523+00:00,2026-07-15T20:24:39.927347,1,3,67.15,0.1,67.1,1325,,,,,,,,,,,,,,,,,,,67.2,625,67.3,203,67.6,500,,,,,,,,,,,,,,
2026-07-15T20:24:40.338761+00:00,2026-07-15T20:24:40.337968,1,3,67.15,0.1,67.1,1325,,,,,,,,,,,,,,,,,,,67.2,625,67.3,200,67.6,500,,,,,,,,,,,,,,
2026-07-15T20:24:40.349221+00:00,2026-07-15T20:24:40.347492,1,3,67.15,0.1,67.1,825,,,,,,,,,,,,,,,,,,,67.2,625,67.3,200,67.6,500,,,,,,,,,,,,,,
2026-07-15T20:24:40.370152+00:00,2026-07-15T20:24:40.367380,1,2,67.15,0.1,67.1,825,,,,,,,,,,,,,,,,,,,67.2,625,67.3,200,,,,,,,,,,,,,,,,
2026-07-15T20:24:40.380735+00:00,2026-07-15T20:24:40.377992,1,2,67.15,0.1,67.1,1325,,,,,,,,,,,,,,,,,,,67.2,625,67.3,200,,,,,,,,,,,,,,,,
2026-07-15T20:24:40.391265+00:00,2026-07-15T20:24:40.388953,1,3,67.15,0.1,67.1,1325,,,,,,,,,,,,,,,,,,,67.2,625,67.3,200,67.6,500,,,,,,,,,,,,,,
2026-07-15T20:24:40.422826+00:00,2026-07-15T20:24:40.413569,1,3,67.15,0.1,67.1,1325,,,,,,,,,,,,,,,,,,,67.2,628,67.3,200,67.6,500,,,,,,,,,,,,,,
2026-07-15T20:24:40.558682+00:00,2026-07-15T20:24:40.556217,1,3,67.15,0.1,67.1,1323,,,,,,,,,,,,,,,,,,,67.2,628,67.3,200,67.6,500,,,,,,,,,,,,,,
2026-07-15T20:24:40.871453+00:00,2026-07-15T20:24:40.867368,1,3,67.15,0.1,67.1,1125,,,,,,,,,,,,,,,,,,,67.2,628,67.3,200,67.6,500,,,,,,,,,,,,,,
2026-07-15T20:24:40.881989+00:00,2026-07-15T20:24:40.878349,1,2,67.15,0.1,67.1,1325,,,,,,,,,,,,,,,,,,,67.2,828,67.6,500,,,,,,,,,,,,,,,,
2026-07-15T20:24:40.955238+00:00,2026-07-15T20:24:40.947257,1,2,67.15,0.1,67.1,825,,,,,,,,,,,,,,,,,,,67.2,828,67.6,500,,,,,,,,,,,,,,,,
2026-07-15T20:24:40.965897+00:00,2026-07-15T20:24:40.956140,1,1,67.15,0.1,67.1,825,,,,,,,,,,,,,,,,,,,67.2,828,,,,,,,,,,,,,,,,,,
2026-07-15T20:24:40.976430+00:00,2026-07-15T20:24:40.974417,1,2,67.15,0.1,67.1,1325,,,,,,,,,,,,,,,,,,,67.2,828,67.6,500,,,,,,,,,,,,,,,,
2026-07-15T20:24:41.018749+00:00,2026-07-15T20:24:41.018245,1,2,67.15,0.1,67.1,1325,,,,,,,,,,,,,,,,,,,67.2,825,67.6,500,,,,,,,,,,,,,,,,
2026-07-15T20:24:41.060838+00:00,2026-07-15T20:24:41.052523,1,2,67.15,0.1,67.1,1325,,,,,,,,,,,,,,,,,,,67.2,828,67.6,500,,,,,,,,,,,,,,,,
2026-07-15T20:24:41.238008+00:00,2026-07-15T20:24:41.236878,2,2,67.15,0.1,67.1,700,67.0,625,,,,,,,,,,,,,,,,,67.2,203,67.6,500,,,,,,,,,,,,,,,,
2026-07-15T20:24:41.248561+00:00,2026-07-15T20:24:41.240726,2,2,67.15,0.1,67.1,700,67.0,625,,,,,,,,,,,,,,,,,67.2,828,67.6,500,,,,,,,,,,,,,,,,
2026-07-15T20:24:41.290606+00:00,2026-07-15T20:24:41.283598,2,2,67.15,0.1,67.1,700,67.0,625,,,,,,,,,,,,,,,,,67.2,808,67.6,500,,,,,,,,,,,,,,,,
2026-07-15T20:24:41.551890+00:00,2026-07-15T20:24:41.549748,2,2,67.15,0.1,67.1,200,67.0,625,,,,,,,,,,,,,,,,,67.2,808,67.6,500,,,,,,,,,,,,,,,,
2026-07-15T20:24:41.562459+00:00,2026-07-15T20:24:41.559286,2,1,67.15,0.1,67.1,200,67.0,625,,,,,,,,,,,,,,,,,67.2,808,,,,,,,,,,,,,,,,,,
2026-07-15T20:24:41.572961+00:00,2026-07-15T20:24:41.568403,2,1,67.15,0.1,67.1,700,67.0,625,,,,,,,,,,,,,,,,,67.2,808,,,,,,,,,,,,,,,,,,
2026-07-15T20:24:41.583501+00:00,2026-07-15T20:24:41.577674,2,2,67.15,0.1,67.1,700,67.0,625,,,,,,,,,,,,,,,,,67.2,808,67.6,500,,,,,,,,,,,,,,,,
2026-07-15T20:24:41.594100+00:00,2026-07-15T20:24:41.588734,2,2,67.15,0.1,67.1,700,67.0,625,,,,,,,,,,,,,,,,,67.2,857,67.6,500,,,,,,,,,,,,,,,,
2026-07-15T20:24:41.604665+00:00,2026-07-15T20:24:41.597281,2,2,67.15,0.1,67.1,698,67.0,625,,,,,,,,,,,,,,,,,67.2,857,67.6,500,,,,,,,,,,,,,,,,
2026-07-15T20:24:41.656748+00:00,2026-07-15T20:24:41.656231,2,2,67.15,0.1,67.1,698,67.0,625,,,,,,,,,,,,,,,,,67.2,854,67.6,500,,,,,,,,,,,,,,,,
2026-07-15T20:24:41.677766+00:00,2026-07-15T20:24:41.673027,2,2,67.15,0.1,67.1,698,67.0,625,,,,,,,,,,,,,,,,,67.2,805,67.6,500,,,,,,,,,,,,,,,,
2026-07-15T20:24:41.688358+00:00,2026-07-15T20:24:41.687846,2,2,67.15,0.1,67.1,698,67.0,625,,,,,,,,,,,,,,,,,67.2,808,67.6,500,,,,,,,,,,,,,,,,
2026-07-15T20:24:42.095061+00:00,2026-07-15T20:24:42.092198,2,2,67.15,0.1,67.1,500,67.0,825,,,,,,,,,,,,,,,,,67.2,828,67.6,500,,,,,,,,,,,,,,,,
2026-07-15T20:24:42.157992+00:00,2026-07-15T20:24:42.156284,1,2,67.1,0.2,67.0,825,,,,,,,,,,,,,,,,,,,67.2,828,67.6,500,,,,,,,,,,,,,,,,
2026-07-15T20:24:42.179117+00:00,2026-07-15T20:24:42.170161,1,1,67.1,0.2,67.0,825,,,,,,,,,,,,,,,,,,,67.2,828,,,,,,,,,,,,,,,,,,
2026-07-15T20:24:42.189631+00:00,2026-07-15T20:24:42.181449,2,1,67.15,0.1,67.1,500,67.0,825,,,,,,,,,,,,,,,,,67.2,828,,,,,,,,,,,,,,,,,,
2026-07-15T20:24:42.200215+00:00,2026-07-15T20:24:42.192511,2,2,67.15,0.1,67.1,500,67.0,825,,,,,,,,,,,,,,,,,67.2,828,67.6,500,,,,,,,,,,,,,,,,
2026-07-15T20:24:42.210696+00:00,2026-07-15T20:24:42.207548,2,2,67.15,0.1,67.1,500,67.0,843,,,,,,,,,,,,,,,,,67.2,828,67.6,500,,,,,,,,,,,,,,,,
2026-07-15T20:24:42.252868+00:00,2026-07-15T20:24:42.249644,2,2,67.15,0.1,67.1,500,67.0,843,,,,,,,,,,,,,,,,,67.2,877,67.6,500,,,,,,,,,,,,,,,,
2026-07-15T20:24:42.273833+00:00,2026-07-15T20:24:42.273164,2,2,67.15,0.1,67.1,500,67.0,825,,,,,,,,,,,,,,,,,67.2,877,67.6,500,,,,,,,,,,,,,,,,
2026-07-15T20:24:42.284315+00:00,2026-07-15T20:24:42.276910,2,2,67.15,0.1,67.1,500,67.0,825,,,,,,,,,,,,,,,,,67.2,828,67.6,500,,,,,,,,,,,,,,,,
2026-07-15T20:24:42.294813+00:00,2026-07-15T20:24:42.291622,2,2,67.15,0.1,67.1,500,67.0,825,,,,,,,,,,,,,,,,,67.2,825,67.6,500,,,,,,,,,,,,,,,,
2026-07-15T20:24:42.315700+00:00,2026-07-15T20:24:42.314067,2,2,67.15,0.1,67.1,500,67.0,825,,,,,,,,,,,,,,,,,67.2,828,67.6,500,,,,,,,,,,,,,,,,
2026-07-15T20:24:42.545679+00:00,2026-07-15T20:24:42.543281,2,2,67.15,0.1,67.1,500,67.0,200,,,,,,,,,,,,,,,,,67.2,828,67.6,500,,,,,,,,,,,,,,,,
2026-07-15T20:24:42.556299+00:00,2026-07-15T20:24:42.552416,2,3,67.15,0.1,67.1,1125,67.0,200,,,,,,,,,,,,,,,,,67.2,203,67.3,625,67.6,500,,,,,,,,,,,,,,
2026-07-15T20:24:42.577306+00:00,2026-07-15T20:24:42.572420,2,3,67.15,0.1,67.1,1143,67.0,200,,,,,,,,,,,,,,,,,67.2,203,67.3,625,67.6,500,,,,,,,,,,,,,,
2026-07-15T20:24:42.618982+00:00,2026-07-15T20:24:42.617839,2,3,67.15,0.1,67.1,1141,67.0,200,,,,,,,,,,,,,,,,,67.2,203,67.3,625,67.6,500,,,,,,,,,,,,,,
2026-07-15T20:24:42.796347+00:00,2026-07-15T20:24:42.789121,2,3,67.15,0.1,67.1,643,67.0,200,,,,,,,,,,,,,,,,,67.2,203,67.3,625,67.6,500,,,,,,,,,,,,,,
2026-07-15T20:24:42.806847+00:00,2026-07-15T20:24:42.799024,2,2,67.15,0.1,67.1,643,67.0,200,,,,,,,,,,,,,,,,,67.2,203,67.3,625,,,,,,,,,,,,,,,,
2026-07-15T20:24:42.817366+00:00,2026-07-15T20:24:42.813172,2,2,67.15,0.1,67.1,1143,67.0,200,,,,,,,,,,,,,,,,,67.2,203,67.3,625,,,,,,,,,,,,,,,,
2026-07-15T20:24:42.827844+00:00,2026-07-15T20:24:42.824703,2,3,67.15,0.1,67.1,1143,67.0,200,,,,,,,,,,,,,,,,,67.2,203,67.3,625,67.5,500,,,,,,,,,,,,,,
2026-07-15T20:24:42.921811+00:00,2026-07-15T20:24:42.917870,2,3,67.15,0.1,67.1,1143,67.0,200,,,,,,,,,,,,,,,,,67.2,200,67.3,625,67.5,500,,,,,,,,,,,,,,
2026-07-15T20:24:42.953179+00:00,2026-07-15T20:24:42.944021,2,3,67.15,0.1,67.1,1143,67.0,200,,,,,,,,,,,,,,,,,67.2,203,67.3,625,67.5,500,,,,,,,,,,,,,,
2026-07-15T20:24:43.302146+00:00,2026-07-15T20:24:43.301339,2,2,67.25,0.1,67.2,197,67.1,1143,,,,,,,,,,,,,,,,,67.3,625,67.5,500,,,,,,,,,,,,,,,,
2026-07-15T20:24:43.312724+00:00,2026-07-15T20:24:43.311738,2,3,67.25,0.1,67.2,197,67.1,1125,,,,,,,,,,,,,,,,,67.3,625,67.4,200,67.5,500,,,,,,,,,,,,,,
2026-07-15T20:24:43.333781+00:00,2026-07-15T20:24:43.324047,2,3,67.25,0.1,67.2,181,67.1,1125,,,,,,,,,,,,,,,,,67.3,625,67.4,200,67.5,500,,,,,,,,,,,,,,
2026-07-15T20:24:43.375520+00:00,2026-07-15T20:24:43.365589,2,3,67.25,0.1,67.2,181,67.1,1125,,,,,,,,,,,,,,,,,67.3,641,67.4,200,67.5,500,,,,,,,,,,,,,,
2026-07-15T20:24:43.396568+00:00,2026-07-15T20:24:43.393031,2,3,67.25,0.1,67.2,181,67.1,625,,,,,,,,,,,,,,,,,67.3,641,67.4,200,67.5,500,,,,,,,,,,,,,,
2026-07-15T20:24:43.407102+00:00,2026-07-15T20:24:43.402616,2,2,67.25,0.1,67.2,181,67.1,625,,,,,,,,,,,,,,,,,67.3,641,67.4,200,,,,,,,,,,,,,,,,
2026-07-15T20:24:43.417783+00:00,2026-07-15T20:24:43.411907,2,2,67.25,0.1,67.2,181,67.1,1125,,,,,,,,,,,,,,,,,67.3,641,67.4,200,,,,,,,,,,,,,,,,
2026-07-15T20:24:43.428307+00:00,2026-07-15T20:24:43.421270,2,3,67.25,0.1,67.2,181,67.1,1125,,,,,,,,,,,,,,,,,67.3,641,67.4,200,67.5,500,,,,,,,,,,,,,,
2026-07-15T20:24:43.647573+00:00,2026-07-15T20:24:43.643488,2,3,67.25,0.1,67.2,179,67.1,1125,,,,,,,,,,,,,,,,,67.3,641,67.4,200,67.5,500,,,,,,,,,,,,,,
2026-07-15T20:24:43.864108+00:00,2026-07-15T20:24:43.860781,3,3,67.25,0.1,67.2,179,67.1,500,67.0,625,,,,,,,,,,,,,,,67.3,16,67.4,200,67.5,500,,,,,,,,,,,,,,
2026-07-15T20:24:43.874645+00:00,2026-07-15T20:24:43.869264,2,2,67.25,0.3,67.1,54,67.0,625,,,,,,,,,,,,,,,,,67.4,200,67.5,500,,,,,,,,,,,,,,,,
2026-07-15T20:24:43.885134+00:00,2026-07-15T20:24:43.876650,3,2,67.3,0.2,67.2,50,67.1,54,67.0,625,,,,,,,,,,,,,,,67.4,216,67.5,500,,,,,,,,,,,,,,,,
2026-07-15T20:24:43.978639+00:00,2026-07-15T20:24:43.977417,2,2,67.25,0.3,67.1,54,67.0,625,,,,,,,,,,,,,,,,,67.4,249,67.5,500,,,,,,,,,,,,,,,,
2026-07-15T20:24:44.010008+00:00,2026-07-15T20:24:44.000088,1,2,67.2,0.4,67.0,625,,,,,,,,,,,,,,,,,,,67.4,249,67.5,500,,,,,,,,,,,,,,,,
2026-07-15T20:24:44.020655+00:00,2026-07-15T20:24:44.020270,2,1,67.25,0.3,67.1,500,67.0,625,,,,,,,,,,,,,,,,,67.4,249,,,,,,,,,,,,,,,,,,
2026-07-15T20:24:44.031254+00:00,2026-07-15T20:24:44.029553,2,2,67.25,0.3,67.1,500,67.0,625,,,,,,,,,,,,,,,,,67.4,249,67.5,500,,,,,,,,,,,,,,,,
2026-07-15T20:24:44.073223+00:00,2026-07-15T20:24:44.072820,2,2,67.25,0.3,67.1,550,67.0,625,,,,,,,,,,,,,,,,,67.4,249,67.5,500,,,,,,,,,,,,,,,,
2026-07-15T20:24:44.511870+00:00,2026-07-15T20:24:44.508143,2,2,67.25,0.3,67.1,550,67.0,825,,,,,,,,,,,,,,,,,67.4,49,67.5,500,,,,,,,,,,,,,,,,
2026-07-15T20:24:44.522345+00:00,2026-07-15T20:24:44.512102,2,2,67.25,0.3,67.1,350,67.0,825,,,,,,,,,,,,,,,,,67.4,49,67.5,500,,,,,,,,,,,,,,,,
2026-07-15T20:24:44.585086+00:00,2026-07-15T20:24:44.574866,2,2,67.25,0.3,67.1,350,67.0,825,,,,,,,,,,,,,,,,,67.4,16,67.5,500,,,,,,,,,,,,,,,,
2026-07-15T20:24:44.595525+00:00,2026-07-15T20:24:44.590593,2,1,67.3,0.4,67.1,350,67.0,825,,,,,,,,,,,,,,,,,67.5,516,,,,,,,,,,,,,,,,,,
2026-07-15T20:24:44.606004+00:00,2026-07-15T20:24:44.598578,2,1,67.3,0.4,67.1,50,67.0,825,,,,,,,,,,,,,,,,,67.5,516,,,,,,,,,,,,,,,,,,
2026-07-15T20:24:44.616580+00:00,2026-07-15T20:24:44.608229,2,1,67.3,0.4,67.1,50,67.0,825,,,,,,,,,,,,,,,,,67.5,16,,,,,,,,,,,,,,,,,,
2026-07-15T20:24:44.627151+00:00,2026-07-15T20:24:44.617727,2,1,67.3,0.4,67.1,550,67.0,825,,,,,,,,,,,,,,,,,67.5,16,,,,,,,,,,,,,,,,,,
2026-07-15T20:24:44.637808+00:00,2026-07-15T20:24:44.628790,2,1,67.3,0.4,67.1,550,67.0,825,,,,,,,,,,,,,,,,,67.5,516,,,,,,,,,,,,,,,,,,
2026-07-15T20:24:44.669483+00:00,2026-07-15T20:24:44.663466,2,1,67.3,0.4,67.1,548,67.0,825,,,,,,,,,,,,,,,,,67.5,516,,,,,,,,,,,,,,,,,,
2026-07-15T20:24:44.680026+00:00,2026-07-15T20:24:44.673257,2,1,67.3,0.4,67.1,548,67.0,825,,,,,,,,,,,,,,,,,67.5,549,,,,,,,,,,,,,,,,,,
2026-07-15T20:24:44.774168+00:00,2026-07-15T20:24:44.773449,2,1,67.3,0.4,67.1,548,67.0,825,,,,,,,,,,,,,,,,,67.5,551,,,,,,,,,,,,,,,,,,
2026-07-15T20:24:44.891167+00:00,2026-07-15T20:24:44.887964,2,1,67.3,0.4,67.1,548,67.0,825,,,,,,,,,,,,,,,,,67.5,549,,,,,,,,,,,,,,,,,,
2026-07-15T20:24:44.975052+00:00,2026-07-15T20:24:44.972814,2,1,67.3,0.4,67.1,548,67.0,825,,,,,,,,,,,,,,,,,67.5,551,,,,,,,,,,,,,,,,,,
2026-07-15T20:24:45.079558+00:00,2026-07-15T20:24:45.073203,2,1,67.3,0.4,67.1,548,67.0,825,,,,,,,,,,,,,,,,,67.5,549,,,,,,,,,,,,,,,,,,
2026-07-15T20:24:45.174107+00:00,2026-07-15T20:24:45.172570,3,1,67.4,0.2,67.3,625,67.1,548,67.0,200,,,,,,,,,,,,,,,67.5,549,,,,,,,,,,,,,,,,,,
2026-07-15T20:24:45.184587+00:00,2026-07-15T20:24:45.176256,3,2,67.35,0.1,67.3,625,67.1,548,67.0,200,,,,,,,,,,,,,,,67.4,625,67.5,551,,,,,,,,,,,,,,,,
2026-07-15T20:24:45.195113+00:00,2026-07-15T20:24:45.186582,3,2,67.35,0.1,67.3,625,67.1,500,67.0,200,,,,,,,,,,,,,,,67.4,625,67.5,551,,,,,,,,,,,,,,,,
2026-07-15T20:24:45.205777+00:00,2026-07-15T20:24:45.202752,3,2,67.35,0.1,67.3,595,67.1,500,67.0,200,,,,,,,,,,,,,,,67.4,625,67.5,551,,,,,,,,,,,,,,,,
2026-07-15T20:24:45.216464+00:00,2026-07-15T20:24:45.215775,2,2,67.35,0.1,67.3,595,67.0,200,,,,,,,,,,,,,,,,,67.4,625,67.5,51,,,,,,,,,,,,,,,,
2026-07-15T20:24:45.227220+00:00,2026-07-15T20:24:45.224736,3,2,67.35,0.1,67.3,595,67.1,500,67.0,200,,,,,,,,,,,,,,,67.4,625,67.5,51,,,,,,,,,,,,,,,,
2026-07-15T20:24:45.238072+00:00,2026-07-15T20:24:45.233612,3,2,67.35,0.1,67.3,595,67.1,500,67.0,200,,,,,,,,,,,,,,,67.4,625,67.5,551,,,,,,,,,,,,,,,,
2026-07-15T20:24:45.248860+00:00,2026-07-15T20:24:45.246279,3,2,67.35,0.1,67.3,595,67.1,500,67.0,200,,,,,,,,,,,,,,,67.4,625,67.5,535,,,,,,,,,,,,,,,,
2026-07-15T20:24:45.259540+00:00,2026-07-15T20:24:45.256653,3,2,67.35,0.1,67.3,595,67.1,500,67.0,200,,,,,,,,,,,,,,,67.4,645,67.5,535,,,,,,,,,,,,,,,,
2026-07-15T20:24:45.270122+00:00,2026-07-15T20:24:45.260135,3,2,67.35,0.1,67.3,561,67.1,500,67.0,200,,,,,,,,,,,,,,,67.4,645,67.5,535,,,,,,,,,,,,,,,,
2026-07-15T20:24:45.291202+00:00,2026-07-15T20:24:45.289679,3,2,67.35,0.1,67.3,556,67.1,500,67.0,200,,,,,,,,,,,,,,,67.4,645,67.5,500,,,,,,,,,,,,,,,,
2026-07-15T20:24:45.301750+00:00,2026-07-15T20:24:45.293643,3,2,67.35,0.1,67.3,608,67.1,500,67.0,200,,,,,,,,,,,,,,,67.4,645,67.5,500,,,,,,,,,,,,,,,,
2026-07-15T20:24:45.459134+00:00,2026-07-15T20:24:45.452109,3,2,67.35,0.1,67.3,588,67.1,500,67.0,200,,,,,,,,,,,,,,,67.4,645,67.5,500,,,,,,,,,,,,,,,,
2026-07-15T20:24:45.480052+00:00,2026-07-15T20:24:45.470022,3,2,67.35,0.1,67.3,584,67.1,500,67.0,200,,,,,,,,,,,,,,,67.4,645,67.5,500,,,,,,,,,,,,,,,,
2026-07-15T20:24:45.594599+00:00,2026-07-15T20:24:45.593847,3,2,67.35,0.1,67.3,601,67.1,500,67.0,200,,,,,,,,,,,,,,,67.4,645,67.5,500,,,,,,,,,,,,,,,,
2026-07-15T20:24:45.688196+00:00,2026-07-15T20:24:45.685258,3,2,67.35,0.1,67.3,576,67.1,500,67.0,200,,,,,,,,,,,,,,,67.4,645,67.5,500,,,,,,,,,,,,,,,,
2026-07-15T20:24:45.698675+00:00,2026-07-15T20:24:45.688508,3,2,67.35,0.1,67.3,559,67.1,500,67.0,200,,,,,,,,,,,,,,,67.4,645,67.5,500,,,,,,,,,,,,,,,,
2026-07-15T20:24:45.709143+00:00,2026-07-15T20:24:45.701459,3,2,67.35,0.1,67.3,557,67.1,500,67.0,200,,,,,,,,,,,,,,,67.4,645,67.5,500,,,,,,,,,,,,,,,,
2026-07-15T20:24:45.719592+00:00,2026-07-15T20:24:45.717582,3,2,67.35,0.1,67.3,557,67.2,200,67.1,500,,,,,,,,,,,,,,,67.4,645,67.5,500,,,,,,,,,,,,,,,,
2026-07-15T20:24:45.730037+00:00,2026-07-15T20:24:45.721895,3,2,67.35,0.1,67.3,357,67.2,200,67.1,500,,,,,,,,,,,,,,,67.4,645,67.5,500,,,,,,,,,,,,,,,,
2026-07-15T20:24:45.792760+00:00,2026-07-15T20:24:45.784429,3,2,67.35,0.1,67.3,385,67.2,200,67.1,500,,,,,,,,,,,,,,,67.4,645,67.5,500,,,,,,,,,,,,,,,,
2026-07-15T20:24:45.803305+00:00,2026-07-15T20:24:45.802606,2,2,67.35,0.1,67.3,385,67.2,200,,,,,,,,,,,,,,,,,67.4,645,67.5,500,,,,,,,,,,,,,,,,
2026-07-15T20:24:45.813777+00:00,2026-07-15T20:24:45.812987,2,1,67.35,0.1,67.3,385,67.2,200,,,,,,,,,,,,,,,,,67.4,645,,,,,,,,,,,,,,,,,,
2026-07-15T20:24:45.824279+00:00,2026-07-15T20:24:45.823039,3,1,67.35,0.1,67.3,385,67.2,200,67.1,500,,,,,,,,,,,,,,,67.4,645,,,,,,,,,,,,,,,,,,
2026-07-15T20:24:45.834831+00:00,2026-07-15T20:24:45.832843,3,2,67.35,0.1,67.3,385,67.2,200,67.1,500,,,,,,,,,,,,,,,67.4,645,67.5,500,,,,,,,,,,,,,,,,
2026-07-15T20:24:45.887193+00:00,2026-07-15T20:24:45.884642,3,2,67.35,0.1,67.3,357,67.2,200,67.1,500,,,,,,,,,,,,,,,67.4,645,67.5,500,,,,,,,,,,,,,,,,
2026-07-15T20:24:45.991651+00:00,2026-07-15T20:24:45.984542,3,2,67.35,0.1,67.3,385,67.2,200,67.1,500,,,,,,,,,,,,,,,67.4,645,67.5,500,,,,,,,,,,,,,,,,
2026-07-15T20:24:46.075009+00:00,2026-07-15T20:24:46.071971,3,2,67.35,0.1,67.3,365,67.2,200,67.1,500,,,,,,,,,,,,,,,67.4,645,67.5,500,,,,,,,,,,,,,,,,
2026-07-15T20:24:46.085612+00:00,2026-07-15T20:24:46.085217,3,2,67.35,0.1,67.3,337,67.2,200,67.1,500,,,,,,,,,,,,,,,67.4,645,67.5,500,,,,,,,,,,,,,,,,
2026-07-15T20:24:46.216978+00:00,2026-07-15T20:24:46.216145,3,2,67.35,0.1,67.3,247,67.2,200,67.1,500,,,,,,,,,,,,,,,67.4,645,67.5,500,,,,,,,,,,,,,,,,
2026-07-15T20:24:46.227560+00:00,2026-07-15T20:24:46.219344,3,2,67.35,0.1,67.3,327,67.2,200,67.1,500,,,,,,,,,,,,,,,67.4,645,67.5,500,,,,,,,,,,,,,,,,
2026-07-15T20:24:46.415830+00:00,2026-07-15T20:24:46.410356,2,2,67.35,0.1,67.3,327,67.2,200,,,,,,,,,,,,,,,,,67.4,645,67.5,500,,,,,,,,,,,,,,,,
2026-07-15T20:24:46.426566+00:00,2026-07-15T20:24:46.421566,2,1,67.35,0.1,67.3,327,67.2,200,,,,,,,,,,,,,,,,,67.4,645,,,,,,,,,,,,,,,,,,
2026-07-15T20:24:46.437181+00:00,2026-07-15T20:24:46.432560,3,1,67.35,0.1,67.3,327,67.2,200,67.1,500,,,,,,,,,,,,,,,67.4,645,,,,,,,,,,,,,,,,,,
2026-07-15T20:24:46.447766+00:00,2026-07-15T20:24:46.443478,3,2,67.35,0.1,67.3,327,67.2,200,67.1,500,,,,,,,,,,,,,,,67.4,645,67.5,500,,,,,,,,,,,,,,,,
2026-07-15T20:24:46.489787+00:00,2026-07-15T20:24:46.479548,3,2,67.35,0.1,67.3,80,67.2,200,67.1,500,,,,,,,,,,,,,,,67.4,645,67.5,500,,,,,,,,,,,,,,,,
2026-07-15T20:24:46.500360+00:00,2026-07-15T20:24:46.497646,3,2,67.35,0.1,67.3,80,67.2,200,67.1,500,,,,,,,,,,,,,,,67.4,20,67.5,500,,,,,,,,,,,,,,,,
2026-07-15T20:24:46.510990+00:00,2026-07-15T20:24:46.504478,3,2,67.35,0.1,67.3,80,67.2,200,67.1,1125,,,,,,,,,,,,,,,67.4,20,67.5,500,,,,,,,,,,,,,,,,
2026-07-15T20:24:46.521618+00:00,2026-07-15T20:24:46.511320,2,3,67.25,0.1,67.2,200,67.1,1125,,,,,,,,,,,,,,,,,67.3,545,67.4,20,67.5,500,,,,,,,,,,,,,,
2026-07-15T20:24:46.532192+00:00,2026-07-15T20:24:46.525646,2,2,67.25,0.1,67.2,200,67.1,1125,,,,,,,,,,,,,,,,,67.3,545,67.5,500,,,,,,,,,,,,,,,,
2026-07-15T20:24:46.542739+00:00,2026-07-15T20:24:46.537808,2,2,67.25,0.1,67.2,200,67.1,1125,,,,,,,,,,,,,,,,,67.3,545,67.5,520,,,,,,,,,,,,,,,,
2026-07-15T20:24:46.584628+00:00,2026-07-15T20:24:46.579232,2,2,67.25,0.1,67.2,200,67.1,1125,,,,,,,,,,,,,,,,,67.3,540,67.5,520,,,,,,,,,,,,,,,,
2026-07-15T20:24:46.626517+00:00,2026-07-15T20:24:46.621668,2,2,67.25,0.1,67.2,200,67.1,1125,,,,,,,,,,,,,,,,,67.3,540,67.5,500,,,,,,,,,,,,,,,,
2026-07-15T20:24:46.637004+00:00,2026-07-15T20:24:46.627835,2,2,67.25,0.1,67.2,200,67.1,1125,,,,,,,,,,,,,,,,,67.3,560,67.5,500,,,,,,,,,,,,,,,,
2026-07-15T20:24:46.710478+00:00,2026-07-15T20:24:46.704524,2,2,67.25,0.1,67.2,220,67.1,1135,,,,,,,,,,,,,,,,,67.3,560,67.5,500,,,,,,,,,,,,,,,,
2026-07-15T20:24:46.741836+00:00,2026-07-15T20:24:46.733638,2,2,67.25,0.1,67.2,218,67.1,1135,,,,,,,,,,,,,,,,,67.3,560,67.5,500,,,,,,,,,,,,,,,,
2026-07-15T20:24:46.931259+00:00,2026-07-15T20:24:46.925850,2,2,67.25,0.1,67.2,20,67.1,1135,,,,,,,,,,,,,,,,,67.3,560,67.5,500,,,,,,,,,,,,,,,,
2026-07-15T20:24:46.941909+00:00,2026-07-15T20:24:46.933478,2,3,67.25,0.1,67.2,20,67.1,1135,,,,,,,,,,,,,,,,,67.3,360,67.5,500,67.6,200,,,,,,,,,,,,,,
2026-07-15T20:24:47.015643+00:00,2026-07-15T20:24:47.008978,2,3,67.25,0.1,67.2,20,67.1,635,,,,,,,,,,,,,,,,,67.3,360,67.5,500,67.6,200,,,,,,,,,,,,,,
2026-07-15T20:24:47.026227+00:00,2026-07-15T20:24:47.019141,2,2,67.25,0.1,67.2,20,67.1,635,,,,,,,,,,,,,,,,,67.3,360,67.6,200,,,,,,,,,,,,,,,,
2026-07-15T20:24:47.036827+00:00,2026-07-15T20:24:47.028985,2,2,67.25,0.1,67.2,20,67.1,1135,,,,,,,,,,,,,,,,,67.3,360,67.6,200,,,,,,,,,,,,,,,,
2026-07-15T20:24:47.047467+00:00,2026-07-15T20:24:47.038045,2,3,67.25,0.1,67.2,20,67.1,1135,,,,,,,,,,,,,,,,,67.3,360,67.5,500,67.6,200,,,,,,,,,,,,,,
2026-07-15T20:24:47.058129+00:00,2026-07-15T20:24:47.047825,2,3,67.25,0.1,67.2,20,67.1,1135,,,,,,,,,,,,,,,,,67.3,401,67.5,500,67.6,200,,,,,,,,,,,,,,
2026-07-15T20:24:47.121027+00:00,2026-07-15T20:24:47.119272,2,3,67.25,0.1,67.2,20,67.1,1135,,,,,,,,,,,,,,,,,67.3,420,67.5,500,67.6,200,,,,,,,,,,,,,,
2026-07-15T20:24:47.225501+00:00,2026-07-15T20:24:47.219371,2,3,67.25,0.1,67.2,20,67.1,1135,,,,,,,,,,,,,,,,,67.3,401,67.5,500,67.6,200,,,,,,,,,,,,,,
2026-07-15T20:24:47.309235+00:00,2026-07-15T20:24:47.308878,2,3,67.25,0.1,67.2,20,67.1,1125,,,,,,,,,,,,,,,,,67.3,401,67.5,500,67.6,200,,,,,,,,,,,,,,
2026-07-15T20:24:47.319745+00:00,2026-07-15T20:24:47.311678,1,3,67.2,0.2,67.1,1125,,,,,,,,,,,,,,,,,,,67.3,401,67.5,500,67.6,200,,,,,,,,,,,,,,
2026-07-15T20:24:47.330228+00:00,2026-07-15T20:24:47.325156,1,3,67.2,0.2,67.1,1125,,,,,,,,,,,,,,,,,,,67.3,420,67.5,500,67.6,200,,,,,,,,,,,,,,
2026-07-15T20:24:47.351332+00:00,2026-07-15T20:24:47.350352,1,3,67.2,0.2,67.1,1145,,,,,,,,,,,,,,,,,,,67.3,420,67.5,500,67.6,200,,,,,,,,,,,,,,
2026-07-15T20:24:47.361889+00:00,2026-07-15T20:24:47.358210,2,3,67.2,0.2,67.1,1145,67.0,10,,,,,,,,,,,,,,,,,67.3,420,67.5,500,67.6,200,,,,,,,,,,,,,,
2026-07-15T20:24:47.424896+00:00,2026-07-15T20:24:47.422430,2,3,67.2,0.2,67.1,1145,67.0,10,,,,,,,,,,,,,,,,,67.3,360,67.5,500,67.6,200,,,,,,,,,,,,,,
2026-07-15T20:24:47.435441+00:00,2026-07-15T20:24:47.426530,2,3,67.2,0.2,67.1,1206,67.0,10,,,,,,,,,,,,,,,,,67.3,360,67.5,500,67.6,200,,,,,,,,,,,,,,
2026-07-15T20:24:47.613556+00:00,2026-07-15T20:24:47.611825,2,3,67.2,0.2,67.1,706,67.0,10,,,,,,,,,,,,,,,,,67.3,360,67.5,500,67.6,200,,,,,,,,,,,,,,
2026-07-15T20:24:47.624182+00:00,2026-07-15T20:24:47.620256,2,2,67.2,0.2,67.1,706,67.0,10,,,,,,,,,,,,,,,,,67.3,360,67.6,200,,,,,,,,,,,,,,,,
2026-07-15T20:24:47.634751+00:00,2026-07-15T20:24:47.629558,2,2,67.2,0.2,67.1,1206,67.0,10,,,,,,,,,,,,,,,,,67.3,360,67.6,200,,,,,,,,,,,,,,,,
2026-07-15T20:24:47.645270+00:00,2026-07-15T20:24:47.641400,2,3,67.2,0.2,67.1,1206,67.0,10,,,,,,,,,,,,,,,,,67.3,360,67.5,500,67.6,200,,,,,,,,,,,,,,
2026-07-15T20:24:47.760837+00:00,2026-07-15T20:24:47.753650,2,3,67.2,0.2,67.1,1204,67.0,10,,,,,,,,,,,,,,,,,67.3,360,67.5,500,67.6,200,,,,,,,,,,,,,,
2026-07-15T20:24:47.823451+00:00,2026-07-15T20:24:47.818468,2,3,67.2,0.2,67.1,581,67.0,10,,,,,,,,,,,,,,,,,67.3,20,67.5,500,67.6,200,,,,,,,,,,,,,,
2026-07-15T20:24:47.834005+00:00,2026-07-15T20:24:47.831525,3,2,67.4,0.2,67.3,605,67.1,581,67.0,10,,,,,,,,,,,,,,,67.5,1145,67.6,200,,,,,,,,,,,,,,,,
2026-07-15T20:24:47.917951+00:00,2026-07-15T20:24:47.915092,3,2,67.4,0.2,67.3,605,67.1,581,67.0,10,,,,,,,,,,,,,,,67.5,1125,67.6,200,,,,,,,,,,,,,,,,
2026-07-15T20:24:47.928417+00:00,2026-07-15T20:24:47.923622,3,2,67.4,0.2,67.3,605,67.1,520,67.0,10,,,,,,,,,,,,,,,67.5,1164,67.6,200,,,,,,,,,,,,,,,,
2026-07-15T20:24:47.970252+00:00,2026-07-15T20:24:47.964758,2,2,67.4,0.2,67.3,605,67.1,500,,,,,,,,,,,,,,,,,67.5,1164,67.6,200,,,,,,,,,,,,,,,,
2026-07-15T20:24:48.002046+00:00,2026-07-15T20:24:47.994412,3,2,67.4,0.2,67.3,625,67.2,10,67.1,500,,,,,,,,,,,,,,,67.5,1164,67.6,200,,,,,,,,,,,,,,,,
2026-07-15T20:24:48.022906+00:00,2026-07-15T20:24:48.019510,3,2,67.4,0.2,67.3,625,67.2,10,67.1,500,,,,,,,,,,,,,,,67.5,1185,67.6,200,,,,,,,,,,,,,,,,
2026-07-15T20:24:48.127533+00:00,2026-07-15T20:24:48.119384,3,2,67.4,0.2,67.3,625,67.2,10,67.1,500,,,,,,,,,,,,,,,67.5,1164,67.6,200,,,,,,,,,,,,,,,,
2026-07-15T20:24:48.138088+00:00,2026-07-15T20:24:48.137711,3,1,67.4,0.2,67.3,625,67.2,10,67.1,500,,,,,,,,,,,,,,,67.5,1164,,,,,,,,,,,,,,,,,,
2026-07-15T20:24:48.148572+00:00,2026-07-15T20:24:48.142607,3,2,67.35,0.1,67.3,825,67.2,10,67.1,500,,,,,,,,,,,,,,,67.4,200,67.5,1164,,,,,,,,,,,,,,,,
2026-07-15T20:24:48.221579+00:00,2026-07-15T20:24:48.215000,2,2,67.35,0.1,67.3,825,67.2,10,,,,,,,,,,,,,,,,,67.4,200,67.5,1164,,,,,,,,,,,,,,,,
2026-07-15T20:24:48.232099+00:00,2026-07-15T20:24:48.224991,2,2,67.35,0.1,67.3,825,67.2,10,,,,,,,,,,,,,,,,,67.4,200,67.5,664,,,,,,,,,,,,,,,,
2026-07-15T20:24:48.242592+00:00,2026-07-15T20:24:48.239192,3,2,67.35,0.1,67.3,825,67.2,10,67.1,500,,,,,,,,,,,,,,,67.4,200,67.5,664,,,,,,,,,,,,,,,,
2026-07-15T20:24:48.253125+00:00,2026-07-15T20:24:48.248987,3,2,67.35,0.1,67.3,825,67.2,10,67.1,500,,,,,,,,,,,,,,,67.4,200,67.5,1164,,,,,,,,,,,,,,,,
2026-07-15T20:24:48.263747+00:00,2026-07-15T20:24:48.259354,3,2,67.35,0.1,67.3,825,67.2,10,67.1,500,,,,,,,,,,,,,,,67.4,200,67.5,1125,,,,,,,,,,,,,,,,
2026-07-15T20:24:48.274344+00:00,2026-07-15T20:24:48.266157,3,2,67.35,0.1,67.3,884,67.2,10,67.1,500,,,,,,,,,,,,,,,67.4,200,67.5,1125,,,,,,,,,,,,,,,,
2026-07-15T20:24:48.608908+00:00,2026-07-15T20:24:48.601115,2,2,67.35,0.1,67.3,864,67.1,500,,,,,,,,,,,,,,,,,67.4,200,67.5,1125,,,,,,,,,,,,,,,,
2026-07-15T20:24:48.650999+00:00,2026-07-15T20:24:48.643685,3,2,67.35,0.1,67.3,884,67.2,10,67.1,500,,,,,,,,,,,,,,,67.4,200,67.5,1125,,,,,,,,,,,,,,,,
2026-07-15T20:24:48.776709+00:00,2026-07-15T20:24:48.774869,3,2,67.35,0.1,67.3,882,67.2,10,67.1,500,,,,,,,,,,,,,,,67.4,200,67.5,1125,,,,,,,,,,,,,,,,
2026-07-15T20:24:48.860870+00:00,2026-07-15T20:24:48.850771,2,2,67.35,0.1,67.3,882,67.2,10,,,,,,,,,,,,,,,,,67.4,200,67.5,1125,,,,,,,,,,,,,,,,
2026-07-15T20:24:48.871618+00:00,2026-07-15T20:24:48.861193,2,2,67.35,0.1,67.3,882,67.2,10,,,,,,,,,,,,,,,,,67.4,200,67.5,625,,,,,,,,,,,,,,,,
2026-07-15T20:24:48.882223+00:00,2026-07-15T20:24:48.874668,3,2,67.35,0.1,67.3,882,67.2,10,67.1,500,,,,,,,,,,,,,,,67.4,200,67.5,625,,,,,,,,,,,,,,,,
2026-07-15T20:24:48.892802+00:00,2026-07-15T20:24:48.886390,3,2,67.35,0.1,67.3,882,67.2,10,67.1,500,,,,,,,,,,,,,,,67.4,200,67.5,1125,,,,,,,,,,,,,,,,
2026-07-15T20:24:48.924707+00:00,2026-07-15T20:24:48.919482,3,2,67.35,0.1,67.3,884,67.2,10,67.1,500,,,,,,,,,,,,,,,67.4,200,67.5,1125,,,,,,,,,,,,,,,,
2026-07-15T20:24:49.029892+00:00,2026-07-15T20:24:49.019659,3,2,67.35,0.1,67.3,882,67.2,10,67.1,500,,,,,,,,,,,,,,,67.4,200,67.5,1125,,,,,,,,,,,,,,,,
2026-07-15T20:24:49.123400+00:00,2026-07-15T20:24:49.120610,3,2,67.35,0.1,67.3,884,67.2,10,67.1,500,,,,,,,,,,,,,,,67.4,200,67.5,1125,,,,,,,,,,,,,,,,
2026-07-15T20:24:49.133902+00:00,2026-07-15T20:24:49.132695,3,2,67.35,0.1,67.3,281,67.2,10,67.1,500,,,,,,,,,,,,,,,67.4,200,67.5,1125,,,,,,,,,,,,,,,,
2026-07-15T20:24:49.144399+00:00,2026-07-15T20:24:49.142282,4,2,67.45,0.1,67.4,425,67.3,281,67.2,10,67.1,500,,,,,,,,,,,,,67.5,500,67.6,625,,,,,,,,,,,,,,,,
2026-07-15T20:24:49.186200+00:00,2026-07-15T20:24:49.177592,4,2,67.45,0.1,67.4,400,67.3,281,67.2,10,67.1,500,,,,,,,,,,,,,67.5,500,67.6,625,,,,,,,,,,,,,,,,
2026-07-15T20:24:49.238302+00:00,2026-07-15T20:24:49.236312,4,2,67.45,0.1,67.4,400,67.3,222,67.2,10,67.1,500,,,,,,,,,,,,,67.5,500,67.6,625,,,,,,,,,,,,,,,,
2026-07-15T20:24:49.248864+00:00,2026-07-15T20:24:49.239644,4,2,67.45,0.1,67.4,400,67.3,220,67.2,10,67.1,500,,,,,,,,,,,,,67.5,500,67.6,625,,,,,,,,,,,,,,,,
2026-07-15T20:24:49.259507+00:00,2026-07-15T20:24:49.251173,3,2,67.45,0.1,67.4,400,67.3,200,67.1,500,,,,,,,,,,,,,,,67.5,500,67.6,625,,,,,,,,,,,,,,,,
2026-07-15T20:24:49.270165+00:00,2026-07-15T20:24:49.264563,3,2,67.45,0.1,67.4,380,67.3,200,67.1,500,,,,,,,,,,,,,,,67.5,500,67.6,625,,,,,,,,,,,,,,,,
2026-07-15T20:24:49.353778+00:00,2026-07-15T20:24:49.351620,2,2,67.45,0.1,67.4,580,67.1,500,,,,,,,,,,,,,,,,,67.5,500,67.6,825,,,,,,,,,,,,,,,,
2026-07-15T20:24:49.458588+00:00,2026-07-15T20:24:49.449810,1,2,67.45,0.1,67.4,580,,,,,,,,,,,,,,,,,,,67.5,500,67.6,825,,,,,,,,,,,,,,,,
2026-07-15T20:24:49.469180+00:00,2026-07-15T20:24:49.458966,1,1,67.5,0.2,67.4,580,,,,,,,,,,,,,,,,,,,67.6,825,,,,,,,,,,,,,,,,,,
2026-07-15T20:24:49.479726+00:00,2026-07-15T20:24:49.477405,2,2,67.45,0.1,67.4,580,67.0,500,,,,,,,,,,,,,,,,,67.5,500,67.6,825,,,,,,,,,,,,,,,,
2026-07-15T20:24:49.678927+00:00,2026-07-15T20:24:49.670006,2,2,67.45,0.1,67.4,575,67.0,500,,,,,,,,,,,,,,,,,67.5,500,67.6,825,,,,,,,,,,,,,,,,
2026-07-15T20:24:49.804566+00:00,2026-07-15T20:24:49.794713,2,2,67.45,0.1,67.4,550,67.0,500,,,,,,,,,,,,,,,,,67.5,500,67.6,825,,,,,,,,,,,,,,,,
2026-07-15T20:24:49.815046+00:00,2026-07-15T20:24:49.809217,2,2,67.45,0.1,67.4,548,67.0,500,,,,,,,,,,,,,,,,,67.5,500,67.6,825,,,,,,,,,,,,,,,,
2026-07-15T20:24:49.881442+00:00,2026-07-15T20:24:49.880988,2,2,67.45,0.1,67.4,528,67.0,500,,,,,,,,,,,,,,,,,67.5,500,67.6,825,,,,,,,,,,,,,,,,
2026-07-15T20:24:50.038383+00:00,2026-07-15T20:24:50.037243,2,2,67.45,0.1,67.4,463,67.0,500,,,,,,,,,,,,,,,,,67.5,500,67.6,825,,,,,,,,,,,,,,,,
2026-07-15T20:24:50.059846+00:00,2026-07-15T20:24:50.051837,1,2,67.45,0.1,67.4,463,,,,,,,,,,,,,,,,,,,67.5,500,67.6,825,,,,,,,,,,,,,,,,
2026-07-15T20:24:50.070545+00:00,2026-07-15T20:24:50.061232,1,1,67.5,0.2,67.4,463,,,,,,,,,,,,,,,,,,,67.6,825,,,,,,,,,,,,,,,,,,
2026-07-15T20:24:50.081308+00:00,2026-07-15T20:24:50.078946,2,2,67.45,0.1,67.4,463,67.0,500,,,,,,,,,,,,,,,,,67.5,500,67.6,825,,,,,,,,,,,,,,,,
2026-07-15T20:24:50.123630+00:00,2026-07-15T20:24:50.119579,2,2,67.45,0.1,67.4,543,67.0,500,,,,,,,,,,,,,,,,,67.5,500,67.6,825,,,,,,,,,,,,,,,,
2026-07-15T20:24:50.229665+00:00,2026-07-15T20:24:50.219424,2,2,67.45,0.1,67.4,463,67.0,500,,,,,,,,,,,,,,,,,67.5,500,67.6,825,,,,,,,,,,,,,,,,
2026-07-15T20:24:50.240229+00:00,2026-07-15T20:24:50.229949,2,2,67.45,0.1,67.4,448,67.0,500,,,,,,,,,,,,,,,,,67.5,500,67.6,825,,,,,,,,,,,,,,,,
2026-07-15T20:24:50.334239+00:00,2026-07-15T20:24:50.333152,2,2,67.45,0.1,67.4,528,67.0,500,,,,,,,,,,,,,,,,,67.5,500,67.6,825,,,,,,,,,,,,,,,,
2026-07-15T20:24:50.449057+00:00,2026-07-15T20:24:50.448535,2,2,67.45,0.1,67.4,280,67.0,500,,,,,,,,,,,,,,,,,67.5,500,67.6,200,,,,,,,,,,,,,,,,
2026-07-15T20:24:50.459580+00:00,2026-07-15T20:24:50.457131,2,3,67.3,0.2,67.2,625,67.0,500,,,,,,,,,,,,,,,,,67.4,345,67.5,500,67.6,200,,,,,,,,,,,,,,
2026-07-15T20:24:50.501734+00:00,2026-07-15T20:24:50.499303,3,3,67.3,0.2,67.2,645,67.1,30,67.0,520,,,,,,,,,,,,,,,67.4,345,67.5,500,67.6,200,,,,,,,,,,,,,,
2026-07-15T20:24:50.543593+00:00,2026-07-15T20:24:50.536460,3,3,67.3,0.2,67.2,665,67.1,30,67.0,520,,,,,,,,,,,,,,,67.4,345,67.5,500,67.6,200,,,,,,,,,,,,,,
2026-07-15T20:24:50.564520+00:00,2026-07-15T20:24:50.559459,3,2,67.3,0.2,67.2,865,67.1,30,67.0,520,,,,,,,,,,,,,,,67.4,545,67.5,500,,,,,,,,,,,,,,,,
2026-07-15T20:24:50.637656+00:00,2026-07-15T20:24:50.633358,3,2,67.3,0.2,67.2,925,67.1,30,67.0,520,,,,,,,,,,,,,,,67.4,545,67.5,500,,,,,,,,,,,,,,,,
2026-07-15T20:24:50.658600+00:00,2026-07-15T20:24:50.654373,3,2,67.3,0.2,67.2,925,67.1,30,67.0,20,,,,,,,,,,,,,,,67.4,545,67.5,500,,,,,,,,,,,,,,,,
2026-07-15T20:24:50.669120+00:00,2026-07-15T20:24:50.664233,3,1,67.3,0.2,67.2,925,67.1,30,67.0,20,,,,,,,,,,,,,,,67.4,545,,,,,,,,,,,,,,,,,,
2026-07-15T20:24:50.679688+00:00,2026-07-15T20:24:50.673866,3,1,67.3,0.2,67.2,925,67.1,530,67.0,20,,,,,,,,,,,,,,,67.4,545,,,,,,,,,,,,,,,,,,
2026-07-15T20:24:50.690280+00:00,2026-07-15T20:24:50.683405,3,2,67.3,0.2,67.2,925,67.1,530,67.0,20,,,,,,,,,,,,,,,67.4,545,67.5,500,,,,,,,,,,,,,,,,
2026-07-15T20:24:50.711498+00:00,2026-07-15T20:24:50.702367,3,2,67.3,0.2,67.2,925,67.1,530,67.0,20,,,,,,,,,,,,,,,67.4,540,67.5,500,,,,,,,,,,,,,,,,
2026-07-15T20:24:50.742842+00:00,2026-07-15T20:24:50.736909,3,2,67.3,0.2,67.2,885,67.1,530,67.0,20,,,,,,,,,,,,,,,67.4,540,67.5,500,,,,,,,,,,,,,,,,
2026-07-15T20:24:50.837175+00:00,2026-07-15T20:24:50.833149,3,2,67.3,0.2,67.2,865,67.1,530,67.0,20,,,,,,,,,,,,,,,67.4,540,67.5,500,,,,,,,,,,,,,,,,
2026-07-15T20:24:50.847625+00:00,2026-07-15T20:24:50.837756,3,2,67.3,0.2,67.2,925,67.1,530,67.0,20,,,,,,,,,,,,,,,67.4,540,67.5,500,,,,,,,,,,,,,,,,
2026-07-15T20:24:50.942110+00:00,2026-07-15T20:24:50.933271,3,2,67.3,0.2,67.2,865,67.1,530,67.0,20,,,,,,,,,,,,,,,67.4,540,67.5,500,,,,,,,,,,,,,,,,
2026-07-15T20:24:51.109539+00:00,2026-07-15T20:24:51.106645,2,2,67.3,0.2,67.2,845,67.1,500,,,,,,,,,,,,,,,,,67.4,540,67.5,500,,,,,,,,,,,,,,,,
2026-07-15T20:24:51.130554+00:00,2026-07-15T20:24:51.129885,2,2,67.3,0.2,67.2,865,67.1,530,,,,,,,,,,,,,,,,,67.4,540,67.5,500,,,,,,,,,,,,,,,,
2026-07-15T20:24:51.141032+00:00,2026-07-15T20:24:51.135401,3,2,67.3,0.2,67.2,925,67.1,530,67.0,20,,,,,,,,,,,,,,,67.4,540,67.5,500,,,,,,,,,,,,,,,,
2026-07-15T20:24:51.235140+00:00,2026-07-15T20:24:51.233205,3,2,67.3,0.2,67.2,865,67.1,530,67.0,20,,,,,,,,,,,,,,,67.4,540,67.5,500,,,,,,,,,,,,,,,,
2026-07-15T20:24:51.266658+00:00,2026-07-15T20:24:51.266014,3,1,67.3,0.2,67.2,865,67.1,30,67.0,20,,,,,,,,,,,,,,,67.4,540,,,,,,,,,,,,,,,,,,
2026-07-15T20:24:51.277302+00:00,2026-07-15T20:24:51.276512,3,1,67.3,0.2,67.2,865,67.1,530,67.0,20,,,,,,,,,,,,,,,67.4,540,,,,,,,,,,,,,,,,,,
2026-07-15T20:24:51.287845+00:00,2026-07-15T20:24:51.285637,3,2,67.3,0.2,67.2,865,67.1,530,67.0,20,,,,,,,,,,,,,,,67.4,540,67.5,500,,,,,,,,,,,,,,,,
2026-07-15T20:24:51.445240+00:00,2026-07-15T20:24:51.435019,3,2,67.3,0.2,67.2,925,67.1,530,67.0,20,,,,,,,,,,,,,,,67.4,540,67.5,500,,,,,,,,,,,,,,,,
2026-07-15T20:24:51.539865+00:00,2026-07-15T20:24:51.533201,3,2,67.3,0.2,67.2,865,67.1,530,67.0,20,,,,,,,,,,,,,,,67.4,540,67.5,500,,,,,,,,,,,,,,,,
2026-07-15T20:24:51.592356+00:00,2026-07-15T20:24:51.587511,3,2,67.3,0.2,67.2,865,67.1,530,67.0,20,,,,,,,,,,,,,,,67.4,520,67.5,500,,,,,,,,,,,,,,,,
2026-07-15T20:24:51.738373+00:00,2026-07-15T20:24:51.737998,2,2,67.3,0.2,67.2,920,67.1,530,,,,,,,,,,,,,,,,,67.4,520,67.5,500,,,,,,,,,,,,,,,,
2026-07-15T20:24:51.748867+00:00,2026-07-15T20:24:51.741305,2,2,67.3,0.2,67.2,900,67.1,500,,,,,,,,,,,,,,,,,67.4,520,67.5,500,,,,,,,,,,,,,,,,
2026-07-15T20:24:51.769853+00:00,2026-07-15T20:24:51.768434,2,1,67.35,0.3,67.2,100,67.1,500,,,,,,,,,,,,,,,,,67.5,500,,,,,,,,,,,,,,,,,,
2026-07-15T20:24:51.780394+00:00,2026-07-15T20:24:51.778209,3,1,67.45,0.1,67.4,425,67.2,100,67.1,730,,,,,,,,,,,,,,,67.5,500,,,,,,,,,,,,,,,,,,
2026-07-15T20:24:51.790917+00:00,2026-07-15T20:24:51.785956,4,2,67.45,0.1,67.4,425,67.2,100,67.1,730,67.0,20,,,,,,,,,,,,,67.5,500,67.6,625,,,,,,,,,,,,,,,,
2026-07-15T20:24:51.801460+00:00,2026-07-15T20:24:51.795695,4,2,67.45,0.1,67.4,425,67.2,20,67.1,730,67.0,20,,,,,,,,,,,,,67.5,500,67.6,625,,,,,,,,,,,,,,,,
2026-07-15T20:24:51.812036+00:00,2026-07-15T20:24:51.809129,4,2,67.45,0.1,67.4,360,67.2,20,67.1,730,67.0,20,,,,,,,,,,,,,67.5,500,67.6,625,,,,,,,,,,,,,,,,
2026-07-15T20:24:51.833092+00:00,2026-07-15T20:24:51.829667,4,2,67.45,0.1,67.4,337,67.2,20,67.1,730,67.0,20,,,,,,,,,,,,,67.5,500,67.6,625,,,,,,,,,,,,,,,,
2026-07-15T20:24:51.843613+00:00,2026-07-15T20:24:51.837531,4,2,67.45,0.1,67.4,417,67.2,20,67.1,730,67.0,20,,,,,,,,,,,,,67.5,500,67.6,625,,,,,,,,,,,,,,,,
2026-07-15T20:24:51.854158+00:00,2026-07-15T20:24:51.848921,4,2,67.45,0.1,67.4,415,67.2,20,67.1,730,67.0,20,,,,,,,,,,,,,67.5,500,67.6,625,,,,,,,,,,,,,,,,
2026-07-15T20:24:51.864723+00:00,2026-07-15T20:24:51.860180,4,2,67.45,0.1,67.4,415,67.2,20,67.1,230,67.0,20,,,,,,,,,,,,,67.5,500,67.6,625,,,,,,,,,,,,,,,,
2026-07-15T20:24:51.875199+00:00,2026-07-15T20:24:51.870182,4,1,67.5,0.2,67.4,415,67.2,20,67.1,230,67.0,20,,,,,,,,,,,,,67.6,625,,,,,,,,,,,,,,,,,,
2026-07-15T20:24:51.885720+00:00,2026-07-15T20:24:51.879008,4,1,67.5,0.2,67.4,415,67.2,20,67.1,730,67.0,20,,,,,,,,,,,,,67.6,625,,,,,,,,,,,,,,,,,,
2026-07-15T20:24:51.896241+00:00,2026-07-15T20:24:51.888377,4,2,67.45,0.1,67.4,415,67.2,20,67.1,730,67.0,20,,,,,,,,,,,,,67.5,500,67.6,625,,,,,,,,,,,,,,,,
2026-07-15T20:24:52.042362+00:00,2026-07-15T20:24:52.036888,4,2,67.45,0.1,67.4,335,67.2,20,67.1,730,67.0,20,,,,,,,,,,,,,67.5,500,67.6,625,,,,,,,,,,,,,,,,
2026-07-15T20:24:52.063436+00:00,2026-07-15T20:24:52.062133,4,2,67.45,0.1,67.4,400,67.2,20,67.1,730,67.0,20,,,,,,,,,,,,,67.5,500,67.6,625,,,,,,,,,,,,,,,,
2026-07-15T20:24:52.398726+00:00,2026-07-15T20:24:52.395452,2,2,67.45,0.1,67.4,400,67.1,700,,,,,,,,,,,,,,,,,67.5,500,67.6,625,,,,,,,,,,,,,,,,
2026-07-15T20:24:52.409383+00:00,2026-07-15T20:24:52.407204,2,2,67.45,0.1,67.4,380,67.1,700,,,,,,,,,,,,,,,,,67.5,500,67.6,625,,,,,,,,,,,,,,,,
2026-07-15T20:24:52.472524+00:00,2026-07-15T20:24:52.462652,2,2,67.45,0.1,67.4,380,67.1,200,,,,,,,,,,,,,,,,,67.5,500,67.6,625,,,,,,,,,,,,,,,,
2026-07-15T20:24:52.483361+00:00,2026-07-15T20:24:52.482865,2,1,67.5,0.2,67.4,380,67.1,700,,,,,,,,,,,,,,,,,67.6,625,,,,,,,,,,,,,,,,,,
2026-07-15T20:24:52.504585+00:00,2026-07-15T20:24:52.495048,2,2,67.45,0.1,67.4,380,67.1,700,,,,,,,,,,,,,,,,,67.5,500,67.6,625,,,,,,,,,,,,,,,,
2026-07-15T20:24:52.870664+00:00,2026-07-15T20:24:52.869957,2,2,67.45,0.1,67.4,378,67.1,700,,,,,,,,,,,,,,,,,67.5,500,67.6,625,,,,,,,,,,,,,,,,
2026-07-15T20:24:52.986035+00:00,2026-07-15T20:24:52.983299,2,2,67.45,0.1,67.4,378,67.1,500,,,,,,,,,,,,,,,,,67.5,500,67.6,625,,,,,,,,,,,,,,,,
2026-07-15T20:24:52.996629+00:00,2026-07-15T20:24:52.989723,3,2,67.45,0.1,67.4,378,67.2,200,67.1,500,,,,,,,,,,,,,,,67.5,500,67.6,625,,,,,,,,,,,,,,,,
2026-07-15T20:24:53.007155+00:00,2026-07-15T20:24:52.997102,3,2,67.45,0.1,67.4,178,67.2,200,67.1,500,,,,,,,,,,,,,,,67.5,500,67.6,625,,,,,,,,,,,,,,,,
2026-07-15T20:24:53.069963+00:00,2026-07-15T20:24:53.064955,2,2,67.45,0.1,67.4,178,67.2,200,,,,,,,,,,,,,,,,,67.5,500,67.6,625,,,,,,,,,,,,,,,,
2026-07-15T20:24:53.080543+00:00,2026-07-15T20:24:53.074392,2,1,67.5,0.2,67.4,178,67.2,200,,,,,,,,,,,,,,,,,67.6,625,,,,,,,,,,,,,,,,,,
2026-07-15T20:24:53.091064+00:00,2026-07-15T20:24:53.083748,3,1,67.5,0.2,67.4,178,67.2,200,67.1,500,,,,,,,,,,,,,,,67.6,625,,,,,,,,,,,,,,,,,,
2026-07-15T20:24:53.101722+00:00,2026-07-15T20:24:53.093052,3,2,67.45,0.1,67.4,178,67.2,200,67.1,500,,,,,,,,,,,,,,,67.5,500,67.6,625,,,,,,,,,,,,,,,,
2026-07-15T20:24:53.112536+00:00,2026-07-15T20:24:53.104959,3,2,67.45,0.1,67.4,80,67.2,200,67.1,500,,,,,,,,,,,,,,,67.5,500,67.6,625,,,,,,,,,,,,,,,,
2026-07-15T20:24:53.123215+00:00,2026-07-15T20:24:53.117934,3,1,67.45,0.1,67.4,80,67.2,825,67.1,500,,,,,,,,,,,,,,,67.5,500,,,,,,,,,,,,,,,,,,
2026-07-15T20:24:53.133838+00:00,2026-07-15T20:24:53.123851,2,2,67.3,0.2,67.2,825,67.1,500,,,,,,,,,,,,,,,,,67.4,545,67.5,500,,,,,,,,,,,,,,,,
2026-07-15T20:24:53.175747+00:00,2026-07-15T20:24:53.168546,2,2,67.3,0.2,67.2,888,67.1,500,,,,,,,,,,,,,,,,,67.4,545,67.5,500,,,,,,,,,,,,,,,,
2026-07-15T20:24:53.469618+00:00,2026-07-15T20:24:53.461615,2,2,67.3,0.2,67.2,905,67.1,500,,,,,,,,,,,,,,,,,67.4,545,67.5,500,,,,,,,,,,,,,,,,
2026-07-15T20:24:53.563927+00:00,2026-07-15T20:24:53.561676,2,2,67.3,0.2,67.2,888,67.1,500,,,,,,,,,,,,,,,,,67.4,545,67.5,500,,,,,,,,,,,,,,,,
2026-07-15T20:24:53.643030+00:00,2026-07-15T20:24:53.640017,2,2,67.3,0.2,67.2,888,67.1,500,,,,,,,,,,,,,,,,,67.4,525,67.5,500,,,,,,,,,,,,,,,,
2026-07-15T20:24:53.653573+00:00,2026-07-15T20:24:53.652208,2,2,67.3,0.2,67.2,908,67.1,530,,,,,,,,,,,,,,,,,67.4,525,67.5,500,,,,,,,,,,,,,,,,
2026-07-15T20:24:53.664085+00:00,2026-07-15T20:24:53.655274,3,2,67.3,0.2,67.2,908,67.1,530,67.0,20,,,,,,,,,,,,,,,67.4,525,67.5,500,,,,,,,,,,,,,,,,
2026-07-15T20:24:53.674677+00:00,2026-07-15T20:24:53.668554,3,2,67.3,0.2,67.2,908,67.1,30,67.0,20,,,,,,,,,,,,,,,67.4,525,67.5,500,,,,,,,,,,,,,,,,
2026-07-15T20:24:53.685322+00:00,2026-07-15T20:24:53.678353,3,1,67.3,0.2,67.2,908,67.1,30,67.0,20,,,,,,,,,,,,,,,67.4,525,,,,,,,,,,,,,,,,,,
2026-07-15T20:24:53.695995+00:00,2026-07-15T20:24:53.689000,3,1,67.3,0.2,67.2,908,67.1,30,67.0,520,,,,,,,,,,,,,,,67.4,525,,,,,,,,,,,,,,,,,,
2026-07-15T20:24:53.706531+00:00,2026-07-15T20:24:53.701412,3,2,67.3,0.2,67.2,908,67.1,30,67.0,520,,,,,,,,,,,,,,,67.4,525,67.5,500,,,,,,,,,,,,,,,,
2026-07-15T20:24:53.769517+00:00,2026-07-15T20:24:53.761693,3,2,67.3,0.2,67.2,925,67.1,30,67.0,520,,,,,,,,,,,,,,,67.4,525,67.5,500,,,,,,,,,,,,,,,,
2026-07-15T20:24:53.863740+00:00,2026-07-15T20:24:53.861629,3,2,67.3,0.2,67.2,908,67.1,30,67.0,520,,,,,,,,,,,,,,,67.4,525,67.5,500,,,,,,,,,,,,,,,,
2026-07-15T20:24:53.874193+00:00,2026-07-15T20:24:53.865579,3,2,67.3,0.2,67.2,913,67.1,30,67.0,520,,,,,,,,,,,,,,,67.4,525,67.5,500,,,,,,,,,,,,,,,,
2026-07-15T20:24:53.895207+00:00,2026-07-15T20:24:53.893166,3,2,67.3,0.2,67.2,911,67.1,30,67.0,520,,,,,,,,,,,,,,,67.4,525,67.5,500,,,,,,,,,,,,,,,,
2026-07-15T20:24:54.167115+00:00,2026-07-15T20:24:54.161779,3,2,67.3,0.2,67.2,906,67.1,30,67.0,520,,,,,,,,,,,,,,,67.4,525,67.5,500,,,,,,,,,,,,,,,,
2026-07-15T20:24:54.209262+00:00,2026-07-15T20:24:54.206203,4,2,67.35,0.1,67.3,200,67.2,708,67.1,30,67.0,520,,,,,,,,,,,,,67.4,525,67.5,500,,,,,,,,,,,,,,,,
2026-07-15T20:24:54.219825+00:00,2026-07-15T20:24:54.210954,4,2,67.35,0.1,67.3,200,67.2,708,67.1,30,67.0,520,,,,,,,,,,,,,67.4,525,67.5,700,,,,,,,,,,,,,,,,
2026-07-15T20:24:54.261583+00:00,2026-07-15T20:24:54.259643,4,2,67.35,0.1,67.3,200,67.2,708,67.1,30,67.0,500,,,,,,,,,,,,,67.4,525,67.5,700,,,,,,,,,,,,,,,,
2026-07-15T20:24:54.272129+00:00,2026-07-15T20:24:54.269587,3,2,67.35,0.1,67.3,200,67.2,625,67.0,500,,,,,,,,,,,,,,,67.4,525,67.5,700,,,,,,,,,,,,,,,,
2026-07-15T20:24:54.282654+00:00,2026-07-15T20:24:54.278768,2,2,67.35,0.1,67.3,200,67.2,625,,,,,,,,,,,,,,,,,67.4,525,67.5,700,,,,,,,,,,,,,,,,
2026-07-15T20:24:54.314370+00:00,2026-07-15T20:24:54.304056,2,2,67.35,0.1,67.3,200,67.2,625,,,,,,,,,,,,,,,,,67.4,525,67.5,200,,,,,,,,,,,,,,,,
2026-07-15T20:24:54.324909+00:00,2026-07-15T20:24:54.315168,3,2,67.35,0.1,67.3,200,67.2,625,67.0,500,,,,,,,,,,,,,,,67.4,525,67.5,200,,,,,,,,,,,,,,,,
2026-07-15T20:24:54.335470+00:00,2026-07-15T20:24:54.326328,3,2,67.35,0.1,67.3,200,67.2,625,67.0,500,,,,,,,,,,,,,,,67.4,525,67.5,700,,,,,,,,,,,,,,,,
2026-07-15T20:24:54.429937+00:00,2026-07-15T20:24:54.427723,2,2,67.35,0.1,67.3,200,67.0,500,,,,,,,,,,,,,,,,,67.4,525,67.5,700,,,,,,,,,,,,,,,,
2026-07-15T20:24:54.447112+00:00,2026-07-15T20:24:54.439236,3,2,67.45,0.1,67.4,625,67.3,200,67.0,500,,,,,,,,,,,,,,,67.5,700,67.6,625,,,,,,,,,,,,,,,,
2026-07-15T20:24:54.468254+00:00,2026-07-15T20:24:54.458527,3,2,67.45,0.1,67.4,575,67.3,200,67.0,500,,,,,,,,,,,,,,,67.5,700,67.6,625,,,,,,,,,,,,,,,,
2026-07-15T20:24:54.489380+00:00,2026-07-15T20:24:54.479570,3,2,67.45,0.1,67.4,559,67.3,200,67.0,500,,,,,,,,,,,,,,,67.5,700,67.6,625,,,,,,,,,,,,,,,,
2026-07-15T20:24:54.510259+00:00,2026-07-15T20:24:54.500034,3,2,67.45,0.1,67.4,559,67.3,200,67.0,500,,,,,,,,,,,,,,,67.5,723,67.6,625,,,,,,,,,,,,,,,,
2026-07-15T20:24:54.646069+00:00,2026-07-15T20:24:54.644831,3,2,67.45,0.1,67.4,531,67.3,200,67.0,500,,,,,,,,,,,,,,,67.5,723,67.6,625,,,,,,,,,,,,,,,,
2026-07-15T20:24:54.914613+00:00,2026-07-15T20:24:54.906113,2,2,67.45,0.1,67.4,531,67.3,200,,,,,,,,,,,,,,,,,67.5,723,67.6,625,,,,,,,,,,,,,,,,
2026-07-15T20:24:54.925183+00:00,2026-07-15T20:24:54.923577,3,2,67.45,0.1,67.4,531,67.3,200,67.0,500,,,,,,,,,,,,,,,67.5,223,67.6,625,,,,,,,,,,,,,,,,
2026-07-15T20:24:54.935772+00:00,2026-07-15T20:24:54.932554,3,2,67.45,0.1,67.4,531,67.3,200,67.0,500,,,,,,,,,,,,,,,67.5,723,67.6,625,,,,,,,,,,,,,,,,
2026-07-15T20:24:54.967837+00:00,2026-07-15T20:24:54.958742,3,2,67.45,0.1,67.4,529,67.3,200,67.0,500,,,,,,,,,,,,,,,67.5,723,67.6,625,,,,,,,,,,,,,,,,
2026-07-15T20:24:55.418564+00:00,2026-07-15T20:24:55.415758,2,2,67.45,0.1,67.4,529,67.0,500,,,,,,,,,,,,,,,,,67.5,523,67.6,625,,,,,,,,,,,,,,,,
2026-07-15T20:24:55.429130+00:00,2026-07-15T20:24:55.419145,3,2,67.45,0.1,67.4,529,67.3,200,67.0,500,,,,,,,,,,,,,,,67.5,523,67.6,625,,,,,,,,,,,,,,,,
2026-07-15T20:24:55.439733+00:00,2026-07-15T20:24:55.435393,3,2,67.45,0.1,67.4,529,67.3,200,67.0,500,,,,,,,,,,,,,,,67.5,723,67.6,625,,,,,,,,,,,,,,,,
2026-07-15T20:24:55.520608+00:00,2026-07-15T20:24:55.511862,2,2,67.45,0.1,67.4,529,67.3,200,,,,,,,,,,,,,,,,,67.5,723,67.6,625,,,,,,,,,,,,,,,,
2026-07-15T20:24:55.531296+00:00,2026-07-15T20:24:55.526124,2,2,67.45,0.1,67.4,529,67.3,200,,,,,,,,,,,,,,,,,67.5,223,67.6,625,,,,,,,,,,,,,,,,
2026-07-15T20:24:55.541985+00:00,2026-07-15T20:24:55.534843,3,2,67.45,0.1,67.4,529,67.3,200,67.1,500,,,,,,,,,,,,,,,67.5,223,67.6,625,,,,,,,,,,,,,,,,
2026-07-15T20:24:55.552664+00:00,2026-07-15T20:24:55.543151,3,2,67.45,0.1,67.4,529,67.3,200,67.1,500,,,,,,,,,,,,,,,67.5,723,67.6,625,,,,,,,,,,,,,,,,
2026-07-15T20:24:55.563331+00:00,2026-07-15T20:24:55.560309,3,2,67.45,0.1,67.4,549,67.3,200,67.1,500,,,,,,,,,,,,,,,67.5,723,67.6,625,,,,,,,,,,,,,,,,
2026-07-15T20:24:55.573950+00:00,2026-07-15T20:24:55.567042,4,2,67.45,0.1,67.4,549,67.3,230,67.2,20,67.1,500,,,,,,,,,,,,,67.5,723,67.6,625,,,,,,,,,,,,,,,,
2026-07-15T20:24:55.752698+00:00,2026-07-15T20:24:55.752093,3,2,67.35,0.1,67.3,855,67.2,20,67.1,500,,,,,,,,,,,,,,,67.4,605,67.5,723,,,,,,,,,,,,,,,,
2026-07-15T20:24:55.773995+00:00,2026-07-15T20:24:55.769182,3,2,67.35,0.1,67.3,855,67.2,20,67.1,500,,,,,,,,,,,,,,,67.4,628,67.5,700,,,,,,,,,,,,,,,,
2026-07-15T20:24:55.826766+00:00,2026-07-15T20:24:55.825925,3,2,67.35,0.1,67.3,855,67.2,20,67.1,500,,,,,,,,,,,,,,,67.4,623,67.5,700,,,,,,,,,,,,,,,,
2026-07-15T20:24:56.005125+00:00,2026-07-15T20:24:56.002562,3,2,67.35,0.1,67.3,853,67.2,20,67.1,500,,,,,,,,,,,,,,,67.4,623,67.5,700,,,,,,,,,,,,,,,,
2026-07-15T20:24:56.120299+00:00,2026-07-15T20:24:56.113414,2,2,67.35,0.1,67.3,853,67.2,20,,,,,,,,,,,,,,,,,67.4,623,67.5,700,,,,,,,,,,,,,,,,
2026-07-15T20:24:56.130902+00:00,2026-07-15T20:24:56.123613,2,2,67.35,0.1,67.3,853,67.2,20,,,,,,,,,,,,,,,,,67.4,623,67.5,200,,,,,,,,,,,,,,,,
2026-07-15T20:24:56.141584+00:00,2026-07-15T20:24:56.133512,3,2,67.35,0.1,67.3,853,67.2,20,67.1,500,,,,,,,,,,,,,,,67.4,623,67.5,200,,,,,,,,,,,,,,,,
2026-07-15T20:24:56.152285+00:00,2026-07-15T20:24:56.143354,3,2,67.35,0.1,67.3,853,67.2,20,67.1,500,,,,,,,,,,,,,,,67.4,623,67.5,700,,,,,,,,,,,,,,,,
2026-07-15T20:24:56.173726+00:00,2026-07-15T20:24:56.172579,2,2,67.35,0.1,67.3,823,67.1,500,,,,,,,,,,,,,,,,,67.4,623,67.5,700,,,,,,,,,,,,,,,,
2026-07-15T20:24:56.194998+00:00,2026-07-15T20:24:56.192848,3,2,67.35,0.1,67.3,843,67.2,30,67.1,520,,,,,,,,,,,,,,,67.4,623,67.5,700,,,,,,,,,,,,,,,,
2026-07-15T20:24:56.644958+00:00,2026-07-15T20:24:56.642489,3,2,67.35,0.1,67.3,645,67.2,30,67.1,520,,,,,,,,,,,,,,,67.4,623,67.5,500,,,,,,,,,,,,,,,,
2026-07-15T20:24:56.655641+00:00,2026-07-15T20:24:56.648685,3,2,67.35,0.1,67.3,845,67.2,30,67.1,520,,,,,,,,,,,,,,,67.4,623,67.5,700,,,,,,,,,,,,,,,,
2026-07-15T20:24:56.718980+00:00,2026-07-15T20:24:56.717900,3,2,67.35,0.1,67.3,845,67.2,30,67.1,20,,,,,,,,,,,,,,,67.4,623,67.5,700,,,,,,,,,,,,,,,,
2026-07-15T20:24:56.729527+00:00,2026-07-15T20:24:56.726844,3,2,67.35,0.1,67.3,845,67.2,30,67.1,20,,,,,,,,,,,,,,,67.4,623,67.5,200,,,,,,,,,,,,,,,,
2026-07-15T20:24:56.740134+00:00,2026-07-15T20:24:56.735852,3,2,67.35,0.1,67.3,845,67.2,30,67.1,520,,,,,,,,,,,,,,,67.4,623,67.5,200,,,,,,,,,,,,,,,,
2026-07-15T20:24:56.750709+00:00,2026-07-15T20:24:56.745426,3,2,67.35,0.1,67.3,845,67.2,30,67.1,520,,,,,,,,,,,,,,,67.4,623,67.5,700,,,,,,,,,,,,,,,,
2026-07-15T20:24:56.803688+00:00,2026-07-15T20:24:56.800804,2,2,67.35,0.1,67.3,825,67.1,500,,,,,,,,,,,,,,,,,67.4,623,67.5,700,,,,,,,,,,,,,,,,
2026-07-15T20:24:56.824926+00:00,2026-07-15T20:24:56.823150,3,2,67.35,0.1,67.3,845,67.2,30,67.1,520,,,,,,,,,,,,,,,67.4,623,67.5,700,,,,,,,,,,,,,,,,
2026-07-15T20:24:56.946763+00:00,2026-07-15T20:24:56.940803,3,2,67.35,0.1,67.3,845,67.2,30,67.1,520,,,,,,,,,,,,,,,67.4,573,67.5,700,,,,,,,,,,,,,,,,
2026-07-15T20:24:56.978830+00:00,2026-07-15T20:24:56.971086,3,2,67.35,0.1,67.3,845,67.2,30,67.1,520,,,,,,,,,,,,,,,67.4,548,67.5,700,,,,,,,,,,,,,,,,
2026-07-15T20:24:57.000166+00:00,2026-07-15T20:24:56.997105,3,2,67.35,0.1,67.3,883,67.2,30,67.1,520,,,,,,,,,,,,,,,67.4,525,67.5,700,,,,,,,,,,,,,,,,
2026-07-15T20:24:57.042146+00:00,2026-07-15T20:24:57.032019,3,2,67.35,0.1,67.3,883,67.2,30,67.1,520,,,,,,,,,,,,,,,67.4,435,67.5,700,,,,,,,,,,,,,,,,
2026-07-15T20:24:57.052795+00:00,2026-07-15T20:24:57.045947,3,2,67.35,0.1,67.3,881,67.2,30,67.1,520,,,,,,,,,,,,,,,67.4,435,67.5,700,,,,,,,,,,,,,,,,
2026-07-15T20:24:57.063444+00:00,2026-07-15T20:24:57.056744,3,2,67.35,0.1,67.3,258,67.2,30,67.1,520,,,,,,,,,,,,,,,67.4,435,67.5,700,,,,,,,,,,,,,,,,
2026-07-15T20:24:57.074032+00:00,2026-07-15T20:24:57.071982,3,1,67.4,0.2,67.3,258,67.2,30,67.1,520,,,,,,,,,,,,,,,67.5,700,,,,,,,,,,,,,,,,,,
2026-07-15T20:24:57.084809+00:00,2026-07-15T20:24:57.082203,3,1,67.4,0.2,67.3,258,67.2,30,67.1,520,,,,,,,,,,,,,,,67.5,75,,,,,,,,,,,,,,,,,,
2026-07-15T20:24:57.095494+00:00,2026-07-15T20:24:57.086327,3,2,67.4,0.2,67.3,258,67.2,30,67.1,520,,,,,,,,,,,,,,,67.5,75,67.7,625,,,,,,,,,,,,,,,,
2026-07-15T20:24:57.169806+00:00,2026-07-15T20:24:57.166566,3,2,67.4,0.2,67.3,304,67.2,30,67.1,520,,,,,,,,,,,,,,,67.5,75,67.7,625,,,,,,,,,,,,,,,,
2026-07-15T20:24:57.232951+00:00,2026-07-15T20:24:57.225646,3,2,67.4,0.2,67.3,304,67.2,30,67.1,520,,,,,,,,,,,,,,,67.5,50,67.7,625,,,,,,,,,,,,,,,,
2026-07-15T20:24:57.274939+00:00,2026-07-15T20:24:57.266758,3,2,67.4,0.2,67.3,338,67.2,30,67.1,520,,,,,,,,,,,,,,,67.5,50,67.7,625,,,,,,,,,,,,,,,,
2026-07-15T20:24:57.317050+00:00,2026-07-15T20:24:57.316616,3,2,67.4,0.2,67.3,338,67.2,30,67.1,520,,,,,,,,,,,,,,,67.5,22,67.7,625,,,,,,,,,,,,,,,,
2026-07-15T20:24:57.327615+00:00,2026-07-15T20:24:57.321069,3,1,67.5,0.4,67.3,338,67.2,30,67.1,520,,,,,,,,,,,,,,,67.7,625,,,,,,,,,,,,,,,,,,
2026-07-15T20:24:57.338192+00:00,2026-07-15T20:24:57.327899,3,1,67.5,0.4,67.3,338,67.2,30,67.1,20,,,,,,,,,,,,,,,67.7,625,,,,,,,,,,,,,,,,,,
2026-07-15T20:24:57.359309+00:00,2026-07-15T20:24:57.357782,3,2,67.45,0.3,67.3,338,67.2,30,67.1,520,,,,,,,,,,,,,,,67.6,500,67.7,625,,,,,,,,,,,,,,,,
2026-07-15T20:24:57.380371+00:00,2026-07-15T20:24:57.377823,3,2,67.45,0.3,67.3,304,67.2,30,67.1,520,,,,,,,,,,,,,,,67.6,500,67.7,625,,,,,,,,,,,,,,,,
2026-07-15T20:24:57.390936+00:00,2026-07-15T20:24:57.384518,3,2,67.45,0.3,67.3,304,67.2,30,67.1,520,,,,,,,,,,,,,,,67.6,497,67.7,625,,,,,,,,,,,,,,,,
2026-07-15T20:24:57.433001+00:00,2026-07-15T20:24:57.429990,2,2,67.45,0.3,67.3,284,67.1,500,,,,,,,,,,,,,,,,,67.6,497,67.7,625,,,,,,,,,,,,,,,,
2026-07-15T20:24:57.454048+00:00,2026-07-15T20:24:57.450530,3,2,67.45,0.3,67.3,304,67.2,30,67.1,520,,,,,,,,,,,,,,,67.6,497,67.7,625,,,,,,,,,,,,,,,,
2026-07-15T20:24:57.474951+00:00,2026-07-15T20:24:57.466555,3,2,67.45,0.3,67.3,338,67.2,30,67.1,520,,,,,,,,,,,,,,,67.6,497,67.7,625,,,,,,,,,,,,,,,,
2026-07-15T20:24:57.568940+00:00,2026-07-15T20:24:57.566700,3,2,67.45,0.3,67.3,304,67.2,30,67.1,520,,,,,,,,,,,,,,,67.6,497,67.7,625,,,,,,,,,,,,,,,,
2026-07-15T20:24:57.579413+00:00,2026-07-15T20:24:57.570202,3,2,67.45,0.3,67.3,330,67.2,30,67.1,520,,,,,,,,,,,,,,,67.6,497,67.7,625,,,,,,,,,,,,,,,,
2026-07-15T20:24:57.673551+00:00,2026-07-15T20:24:57.670632,3,2,67.45,0.3,67.3,338,67.2,30,67.1,520,,,,,,,,,,,,,,,67.6,497,67.7,625,,,,,,,,,,,,,,,,
2026-07-15T20:24:57.767253+00:00,2026-07-15T20:24:57.766712,3,2,67.45,0.3,67.3,304,67.2,30,67.1,520,,,,,,,,,,,,,,,67.6,497,67.7,625,,,,,,,,,,,,,,,,
2026-07-15T20:24:57.777732+00:00,2026-07-15T20:24:57.773947,3,2,67.45,0.3,67.3,330,67.2,30,67.1,520,,,,,,,,,,,,,,,67.6,497,67.7,625,,,,,,,,,,,,,,,,
2026-07-15T20:24:57.861390+00:00,2026-07-15T20:24:57.856334,3,3,67.35,0.1,67.3,130,67.2,230,67.1,520,,,,,,,,,,,,,,,67.4,200,67.6,497,67.7,625,,,,,,,,,,,,,,
2026-07-15T20:24:57.871864+00:00,2026-07-15T20:24:57.870053,3,3,67.35,0.1,67.3,130,67.2,230,67.1,520,,,,,,,,,,,,,,,67.4,178,67.6,497,67.7,625,,,,,,,,,,,,,,
2026-07-15T20:24:57.882372+00:00,2026-07-15T20:24:57.880796,3,3,67.35,0.1,67.3,58,67.2,230,67.1,520,,,,,,,,,,,,,,,67.4,178,67.6,497,67.7,625,,,,,,,,,,,,,,
2026-07-15T20:24:57.924068+00:00,2026-07-15T20:24:57.921013,3,3,67.35,0.1,67.3,58,67.2,230,67.1,20,,,,,,,,,,,,,,,67.4,178,67.6,497,67.7,625,,,,,,,,,,,,,,
2026-07-15T20:24:57.934588+00:00,2026-07-15T20:24:57.933355,3,2,67.35,0.1,67.3,58,67.2,230,67.1,20,,,,,,,,,,,,,,,67.4,178,67.7,625,,,,,,,,,,,,,,,,
2026-07-15T20:24:57.945240+00:00,2026-07-15T20:24:57.942880,3,2,67.35,0.1,67.3,58,67.2,230,67.1,520,,,,,,,,,,,,,,,67.4,178,67.7,625,,,,,,,,,,,,,,,,
2026-07-15T20:24:57.966504+00:00,2026-07-15T20:24:57.956649,3,3,67.35,0.1,67.3,58,67.2,230,67.1,520,,,,,,,,,,,,,,,67.4,178,67.6,500,67.7,625,,,,,,,,,,,,,,
2026-07-15T20:24:58.071608+00:00,2026-07-15T20:24:58.068946,3,3,67.35,0.1,67.3,38,67.2,200,67.1,500,,,,,,,,,,,,,,,67.4,178,67.6,500,67.7,625,,,,,,,,,,,,,,
2026-07-15T20:24:58.103508+00:00,2026-07-15T20:24:58.102675,2,3,67.3,0.2,67.2,200,67.1,500,,,,,,,,,,,,,,,,,67.4,178,67.6,500,67.7,625,,,,,,,,,,,,,,
2026-07-15T20:24:58.114071+00:00,2026-07-15T20:24:58.106283,2,3,67.3,0.2,67.2,238,67.1,500,,,,,,,,,,,,,,,,,67.4,178,67.6,500,67.7,625,,,,,,,,,,,,,,
2026-07-15T20:24:58.176829+00:00,2026-07-15T20:24:58.173737,2,3,67.3,0.2,67.2,318,67.1,500,,,,,,,,,,,,,,,,,67.4,178,67.6,500,67.7,625,,,,,,,,,,,,,,
2026-07-15T20:24:58.396136+00:00,2026-07-15T20:24:58.395281,2,2,67.3,0.2,67.2,943,67.1,500,,,,,,,,,,,,,,,,,67.4,178,67.6,500,,,,,,,,,,,,,,,,
2026-07-15T20:24:58.406635+00:00,2026-07-15T20:24:58.397215,2,2,67.3,0.2,67.2,943,67.1,500,,,,,,,,,,,,,,,,,67.4,803,67.6,500,,,,,,,,,,,,,,,,
2026-07-15T20:24:58.532259+00:00,2026-07-15T20:24:58.523206,1,2,67.3,0.2,67.2,943,,,,,,,,,,,,,,,,,,,67.4,803,67.6,500,,,,,,,,,,,,,,,,
2026-07-15T20:24:58.542908+00:00,2026-07-15T20:24:58.541698,2,1,67.3,0.2,67.2,943,67.1,500,,,,,,,,,,,,,,,,,67.4,803,,,,,,,,,,,,,,,,,,
2026-07-15T20:24:58.553480+00:00,2026-07-15T20:24:58.550410,2,2,67.3,0.2,67.2,943,67.1,500,,,,,,,,,,,,,,,,,67.4,803,67.5,500,,,,,,,,,,,,,,,,
2026-07-15T20:24:59.066049+00:00,2026-07-15T20:24:59.063996,2,2,67.3,0.2,67.2,943,67.1,500,,,,,,,,,,,,,,,,,67.4,625,67.5,500,,,,,,,,,,,,,,,,
2026-07-15T20:24:59.076573+00:00,2026-07-15T20:24:59.066355,2,2,67.3,0.2,67.2,943,67.1,500,,,,,,,,,,,,,,,,,67.4,825,67.5,500,,,,,,,,,,,,,,,,
2026-07-15T20:24:59.118591+00:00,2026-07-15T20:24:59.109486,2,2,67.3,0.2,67.2,943,67.1,500,,,,,,,,,,,,,,,,,67.4,805,67.5,500,,,,,,,,,,,,,,,,
2026-07-15T20:24:59.129122+00:00,2026-07-15T20:24:59.126369,1,2,67.3,0.2,67.2,943,,,,,,,,,,,,,,,,,,,67.4,805,67.5,500,,,,,,,,,,,,,,,,
2026-07-15T20:24:59.139614+00:00,2026-07-15T20:24:59.135172,1,1,67.3,0.2,67.2,943,,,,,,,,,,,,,,,,,,,67.4,805,,,,,,,,,,,,,,,,,,
2026-07-15T20:24:59.150195+00:00,2026-07-15T20:24:59.144358,2,1,67.3,0.2,67.2,943,67.1,500,,,,,,,,,,,,,,,,,67.4,805,,,,,,,,,,,,,,,,,,
2026-07-15T20:24:59.160868+00:00,2026-07-15T20:24:59.153388,2,2,67.3,0.2,67.2,943,67.1,500,,,,,,,,,,,,,,,,,67.4,805,67.6,500,,,,,,,,,,,,,,,,
2026-07-15T20:24:59.704945+00:00,2026-07-15T20:24:59.704014,2,2,67.3,0.2,67.2,318,67.1,500,,,,,,,,,,,,,,,,,67.4,200,67.6,500,,,,,,,,,,,,,,,,
2026-07-15T20:24:59.715442+00:00,2026-07-15T20:24:59.710514,2,2,67.3,0.2,67.2,943,67.1,500,,,,,,,,,,,,,,,,,67.4,825,67.6,500,,,,,,,,,,,,,,,,
2026-07-15T20:24:59.736348+00:00,2026-07-15T20:24:59.728952,1,2,67.3,0.2,67.2,943,,,,,,,,,,,,,,,,,,,67.4,825,67.6,500,,,,,,,,,,,,,,,,
2026-07-15T20:24:59.746920+00:00,2026-07-15T20:24:59.738387,1,1,67.3,0.2,67.2,943,,,,,,,,,,,,,,,,,,,67.4,825,,,,,,,,,,,,,,,,,,
2026-07-15T20:24:59.757507+00:00,2026-07-15T20:24:59.756681,1,2,67.3,0.2,67.2,1443,,,,,,,,,,,,,,,,,,,67.4,825,67.6,500,,,,,,,,,,,,,,,,
2026-07-15T20:25:00.274018+00:00,2026-07-15T20:25:00.271930,1,2,67.3,0.2,67.2,1243,,,,,,,,,,,,,,,,,,,67.4,625,67.6,500,,,,,,,,,,,,,,,,
2026-07-15T20:25:00.284692+00:00,2026-07-15T20:25:00.283863,2,2,67.35,0.1,67.3,200,67.2,1243,,,,,,,,,,,,,,,,,67.4,825,67.6,500,,,,,,,,,,,,,,,,
2026-07-15T20:25:00.295465+00:00,2026-07-15T20:25:00.290235,2,2,67.35,0.1,67.3,238,67.2,1125,,,,,,,,,,,,,,,,,67.4,825,67.6,500,,,,,,,,,,,,,,,,
2026-07-15T20:25:00.306094+00:00,2026-07-15T20:25:00.304261,2,2,67.35,0.1,67.3,167,67.2,1125,,,,,,,,,,,,,,,,,67.4,825,67.6,500,,,,,,,,,,,,,,,,
2026-07-15T20:25:00.316718+00:00,2026-07-15T20:25:00.312659,2,2,67.35,0.1,67.3,247,67.2,1125,,,,,,,,,,,,,,,,,67.4,825,67.6,500,,,,,,,,,,,,,,,,
2026-07-15T20:25:00.337869+00:00,2026-07-15T20:25:00.332245,2,2,67.35,0.1,67.3,167,67.2,625,,,,,,,,,,,,,,,,,67.4,825,67.6,500,,,,,,,,,,,,,,,,
2026-07-15T20:25:00.348578+00:00,2026-07-15T20:25:00.341815,2,1,67.35,0.1,67.3,167,67.2,625,,,,,,,,,,,,,,,,,67.4,825,,,,,,,,,,,,,,,,,,
2026-07-15T20:25:00.359211+00:00,2026-07-15T20:25:00.352165,2,1,67.35,0.1,67.3,167,67.2,1125,,,,,,,,,,,,,,,,,67.4,825,,,,,,,,,,,,,,,,,,
2026-07-15T20:25:00.369817+00:00,2026-07-15T20:25:00.361298,2,2,67.35,0.1,67.3,167,67.2,1125,,,,,,,,,,,,,,,,,67.4,825,67.7,500,,,,,,,,,,,,,,,,
2026-07-15T20:25:00.380325+00:00,2026-07-15T20:25:00.372842,2,2,67.35,0.1,67.3,142,67.2,1125,,,,,,,,,,,,,,,,,67.4,825,67.7,500,,,,,,,,,,,,,,,,
2026-07-15T20:25:00.401417+00:00,2026-07-15T20:25:00.392575,2,2,67.35,0.1,67.3,127,67.2,1125,,,,,,,,,,,,,,,,,67.4,825,67.7,500,,,,,,,,,,,,,,,,
2026-07-15T20:25:00.422603+00:00,2026-07-15T20:25:00.413719,2,2,67.35,0.1,67.3,207,67.2,1125,,,,,,,,,,,,,,,,,67.4,825,67.7,500,,,,,,,,,,,,,,,,
2026-07-15T20:25:00.433166+00:00,2026-07-15T20:25:00.429761,2,2,67.35,0.1,67.3,169,67.2,1125,,,,,,,,,,,,,,,,,67.4,825,67.7,500,,,,,,,,,,,,,,,,
2026-07-15T20:25:00.485674+00:00,2026-07-15T20:25:00.477183,2,2,67.35,0.1,67.3,144,67.2,1125,,,,,,,,,,,,,,,,,67.4,825,67.7,500,,,,,,,,,,,,,,,,
2026-07-15T20:25:00.507107+00:00,2026-07-15T20:25:00.499808,2,2,67.35,0.1,67.3,124,67.2,1125,,,,,,,,,,,,,,,,,67.4,825,67.7,500,,,,,,,,,,,,,,,,
2026-07-15T20:25:00.938552+00:00,2026-07-15T20:25:00.929829,2,2,67.35,0.1,67.3,119,67.2,1125,,,,,,,,,,,,,,,,,67.4,825,67.7,500,,,,,,,,,,,,,,,,
2026-07-15T20:25:00.980408+00:00,2026-07-15T20:25:00.979776,2,1,67.35,0.1,67.3,119,67.2,625,,,,,,,,,,,,,,,,,67.4,825,,,,,,,,,,,,,,,,,,
2026-07-15T20:25:00.990992+00:00,2026-07-15T20:25:00.989594,2,1,67.35,0.1,67.3,119,67.2,1125,,,,,,,,,,,,,,,,,67.4,825,,,,,,,,,,,,,,,,,,
2026-07-15T20:25:01.001535+00:00,2026-07-15T20:25:00.999504,2,2,67.35,0.1,67.3,119,67.2,1125,,,,,,,,,,,,,,,,,67.4,825,67.7,500,,,,,,,,,,,,,,,,
2026-07-15T20:25:01.022651+00:00,2026-07-15T20:25:01.017789,2,2,67.35,0.1,67.3,744,67.2,500,,,,,,,,,,,,,,,,,67.4,200,67.7,500,,,,,,,,,,,,,,,,
2026-07-15T20:25:01.033159+00:00,2026-07-15T20:25:01.026232,2,3,67.35,0.1,67.3,744,67.2,500,,,,,,,,,,,,,,,,,67.4,200,67.5,625,67.7,500,,,,,,,,,,,,,,
2026-07-15T20:25:01.085443+00:00,2026-07-15T20:25:01.080285,2,3,67.35,0.1,67.3,719,67.2,500,,,,,,,,,,,,,,,,,67.4,200,67.5,625,67.7,500,,,,,,,,,,,,,,
2026-07-15T20:25:01.096034+00:00,2026-07-15T20:25:01.091606,2,3,67.35,0.1,67.3,717,67.2,500,,,,,,,,,,,,,,,,,67.4,200,67.5,625,67.7,500,,,,,,,,,,,,,,
2026-07-15T20:25:01.493581+00:00,2026-07-15T20:25:01.491643,2,2,67.4,0.2,67.3,705,67.2,500,,,,,,,,,,,,,,,,,67.5,625,67.7,500,,,,,,,,,,,,,,,,
2026-07-15T20:25:01.504129+00:00,2026-07-15T20:25:01.497438,2,3,67.35,0.1,67.3,705,67.2,700,,,,,,,,,,,,,,,,,67.4,200,67.5,625,67.7,500,,,,,,,,,,,,,,
2026-07-15T20:25:01.577802+00:00,2026-07-15T20:25:01.571770,2,3,67.35,0.1,67.3,705,67.2,200,,,,,,,,,,,,,,,,,67.4,200,67.5,625,67.7,500,,,,,,,,,,,,,,
2026-07-15T20:25:01.588387+00:00,2026-07-15T20:25:01.583601,2,2,67.35,0.1,67.3,705,67.2,200,,,,,,,,,,,,,,,,,67.4,200,67.5,625,,,,,,,,,,,,,,,,
2026-07-15T20:25:01.599020+00:00,2026-07-15T20:25:01.593778,2,2,67.35,0.1,67.3,705,67.2,700,,,,,,,,,,,,,,,,,67.4,200,67.5,625,,,,,,,,,,,,,,,,
2026-07-15T20:25:01.609642+00:00,2026-07-15T20:25:01.603300,2,3,67.35,0.1,67.3,705,67.2,700,,,,,,,,,,,,,,,,,67.4,200,67.5,625,67.6,500,,,,,,,,,,,,,,
2026-07-15T20:25:01.725475+00:00,2026-07-15T20:25:01.724119,3,3,67.35,0.1,67.3,725,67.2,730,67.1,20,,,,,,,,,,,,,,,67.4,200,67.5,625,67.6,500,,,,,,,,,,,,,,
2026-07-15T20:25:01.956097+00:00,2026-07-15T20:25:01.953001,3,3,67.35,0.1,67.3,725,67.2,730,67.1,20,,,,,,,,,,,,,,,67.4,195,67.5,625,67.6,500,,,,,,,,,,,,,,
2026-07-15T20:25:02.120874+00:00,2026-07-15T20:25:02.113360,3,3,67.35,0.1,67.3,723,67.2,730,67.1,20,,,,,,,,,,,,,,,67.4,195,67.5,625,67.6,500,,,,,,,,,,,,,,
2026-07-15T20:25:02.183798+00:00,2026-07-15T20:25:02.174545,3,3,67.35,0.1,67.3,723,67.2,230,67.1,20,,,,,,,,,,,,,,,67.4,195,67.5,625,67.6,500,,,,,,,,,,,,,,
2026-07-15T20:25:02.194587+00:00,2026-07-15T20:25:02.187018,3,2,67.35,0.1,67.3,723,67.2,230,67.1,20,,,,,,,,,,,,,,,67.4,195,67.5,625,,,,,,,,,,,,,,,,
2026-07-15T20:25:02.205329+00:00,2026-07-15T20:25:02.197730,3,2,67.35,0.1,67.3,723,67.2,730,67.1,20,,,,,,,,,,,,,,,67.4,195,67.5,625,,,,,,,,,,,,,,,,
2026-07-15T20:25:02.216038+00:00,2026-07-15T20:25:02.208964,3,3,67.35,0.1,67.3,723,67.2,730,67.1,20,,,,,,,,,,,,,,,67.4,195,67.5,625,67.6,500,,,,,,,,,,,,,,
2026-07-15T20:25:02.226660+00:00,2026-07-15T20:25:02.225813,3,3,67.35,0.1,67.3,725,67.2,730,67.1,20,,,,,,,,,,,,,,,67.4,195,67.5,625,67.6,500,,,,,,,,,,,,,,
2026-07-15T20:25:02.330707+00:00,2026-07-15T20:25:02.327856,2,3,67.35,0.1,67.3,725,67.2,730,,,,,,,,,,,,,,,,,67.4,195,67.5,625,67.6,500,,,,,,,,,,,,,,
2026-07-15T20:25:02.341209+00:00,2026-07-15T20:25:02.336328,2,3,67.35,0.1,67.3,80,67.2,700,,,,,,,,,,,,,,,,,67.4,195,67.5,625,67.6,500,,,,,,,,,,,,,,
2026-07-15T20:25:02.351839+00:00,2026-07-15T20:25:02.350136,3,2,67.35,0.1,67.3,80,67.2,700,67.1,625,,,,,,,,,,,,,,,67.4,195,67.6,500,,,,,,,,,,,,,,,,
2026-07-15T20:25:02.362604+00:00,2026-07-15T20:25:02.362079,2,2,67.3,0.2,67.2,155,67.1,625,,,,,,,,,,,,,,,,,67.4,195,67.6,500,,,,,,,,,,,,,,,,
2026-07-15T20:25:02.373184+00:00,2026-07-15T20:25:02.370659,3,2,67.35,0.1,67.3,20,67.2,185,67.1,625,,,,,,,,,,,,,,,67.4,195,67.6,500,,,,,,,,,,,,,,,,
2026-07-15T20:25:02.383746+00:00,2026-07-15T20:25:02.382973,3,2,67.35,0.1,67.3,22,67.2,185,67.1,645,,,,,,,,,,,,,,,67.4,195,67.6,500,,,,,,,,,,,,,,,,
2026-07-15T20:25:02.446720+00:00,2026-07-15T20:25:02.443089,3,2,67.35,0.1,67.3,20,67.2,185,67.1,645,,,,,,,,,,,,,,,67.4,217,67.6,500,,,,,,,,,,,,,,,,
2026-07-15T20:25:02.707135+00:00,2026-07-15T20:25:02.705009,3,2,67.35,0.1,67.3,20,67.2,185,67.1,845,,,,,,,,,,,,,,,67.4,22,67.6,500,,,,,,,,,,,,,,,,
2026-07-15T20:25:02.717801+00:00,2026-07-15T20:25:02.715031,2,3,67.25,0.1,67.2,185,67.1,845,,,,,,,,,,,,,,,,,67.3,180,67.4,22,67.6,500,,,,,,,,,,,,,,
2026-07-15T20:25:02.760194+00:00,2026-07-15T20:25:02.750053,2,2,67.25,0.1,67.2,185,67.1,845,,,,,,,,,,,,,,,,,67.3,180,67.6,500,,,,,,,,,,,,,,,,
2026-07-15T20:25:02.781269+00:00,2026-07-15T20:25:02.779524,2,2,67.25,0.1,67.2,30,67.1,845,,,,,,,,,,,,,,,,,67.3,180,67.6,500,,,,,,,,,,,,,,,,
2026-07-15T20:25:02.791821+00:00,2026-07-15T20:25:02.789257,2,1,67.25,0.1,67.2,30,67.1,845,,,,,,,,,,,,,,,,,67.3,180,,,,,,,,,,,,,,,,,,
2026-07-15T20:25:02.802429+00:00,2026-07-15T20:25:02.798781,2,1,67.25,0.1,67.2,530,67.1,845,,,,,,,,,,,,,,,,,67.3,180,,,,,,,,,,,,,,,,,,
2026-07-15T20:25:02.813122+00:00,2026-07-15T20:25:02.809691,2,2,67.25,0.1,67.2,530,67.1,845,,,,,,,,,,,,,,,,,67.3,180,67.6,500,,,,,,,,,,,,,,,,
2026-07-15T20:25:02.981702+00:00,2026-07-15T20:25:02.981304,2,2,67.25,0.1,67.2,500,67.1,825,,,,,,,,,,,,,,,,,67.3,180,67.6,500,,,,,,,,,,,,,,,,
2026-07-15T20:25:03.013491+00:00,2026-07-15T20:25:03.012928,2,2,67.25,0.1,67.2,520,67.1,855,,,,,,,,,,,,,,,,,67.3,180,67.6,500,,,,,,,,,,,,,,,,
2026-07-15T20:25:03.024045+00:00,2026-07-15T20:25:03.016615,3,2,67.25,0.1,67.2,520,67.1,855,67.0,20,,,,,,,,,,,,,,,67.3,180,67.6,500,,,,,,,,,,,,,,,,
2026-07-15T20:25:03.143715+00:00,2026-07-15T20:25:03.141384,3,2,67.25,0.1,67.2,518,67.1,855,67.0,20,,,,,,,,,,,,,,,67.3,180,67.6,500,,,,,,,,,,,,,,,,
2026-07-15T20:25:03.311551+00:00,2026-07-15T20:25:03.307794,3,2,67.25,0.1,67.2,518,67.1,855,67.0,20,,,,,,,,,,,,,,,67.3,155,67.6,500,,,,,,,,,,,,,,,,
2026-07-15T20:25:03.322078+00:00,2026-07-15T20:25:03.320679,3,2,67.25,0.1,67.2,556,67.1,855,67.0,20,,,,,,,,,,,,,,,67.3,155,67.6,500,,,,,,,,,,,,,,,,
2026-07-15T20:25:03.417048+00:00,2026-07-15T20:25:03.407304,3,2,67.25,0.1,67.2,58,67.1,855,67.0,20,,,,,,,,,,,,,,,67.3,155,67.6,500,,,,,,,,,,,,,,,,
2026-07-15T20:25:03.427710+00:00,2026-07-15T20:25:03.419001,3,2,67.25,0.1,67.2,58,67.1,855,67.0,20,,,,,,,,,,,,,,,67.3,130,67.6,500,,,,,,,,,,,,,,,,
2026-07-15T20:25:03.438289+00:00,2026-07-15T20:25:03.431337,3,1,67.25,0.1,67.2,58,67.1,855,67.0,20,,,,,,,,,,,,,,,67.3,130,,,,,,,,,,,,,,,,,,
2026-07-15T20:25:03.448870+00:00,2026-07-15T20:25:03.441223,3,1,67.25,0.1,67.2,58,67.1,1355,67.0,20,,,,,,,,,,,,,,,67.3,130,,,,,,,,,,,,,,,,,,
2026-07-15T20:25:03.459415+00:00,2026-07-15T20:25:03.451888,3,2,67.25,0.1,67.2,58,67.1,1355,67.0,20,,,,,,,,,,,,,,,67.3,130,67.6,500,,,,,,,,,,,,,,,,
2026-07-15T20:25:03.627441+00:00,2026-07-15T20:25:03.625449,2,2,67.25,0.1,67.2,38,67.1,1325,,,,,,,,,,,,,,,,,67.3,130,67.6,500,,,,,,,,,,,,,,,,
2026-07-15T20:25:03.648736+00:00,2026-07-15T20:25:03.647741,1,2,67.2,0.2,67.1,1363,,,,,,,,,,,,,,,,,,,67.3,130,67.6,500,,,,,,,,,,,,,,,,
2026-07-15T20:25:03.659317+00:00,2026-07-15T20:25:03.657953,2,2,67.25,0.1,67.2,20,67.1,1363,,,,,,,,,,,,,,,,,67.3,130,67.6,500,,,,,,,,,,,,,,,,
