recv_time,book_timestamp,n_bids,n_asks,mid,spread,bid_px_0,bid_vol_0,bid_px_1,bid_vol_1,bid_px_2,bid_vol_2,bid_px_3,bid_vol_3,bid_px_4,bid_vol_4,bid_px_5,bid_vol_5,bid_px_6,bid_vol_6,bid_px_7,bid_vol_7,bid_px_8,bid_vol_8,bid_px_9,bid_vol_9,ask_px_0,ask_vol_0,ask_px_1,ask_vol_1,ask_px_2,ask_vol_2,ask_px_3,ask_vol_3,ask_px_4,ask_vol_4,ask_px_5,ask_vol_5,ask_px_6,ask_vol_6,ask_px_7,ask_vol_7,ask_px_8,ask_vol_8,ask_px_9,ask_vol_9
2026-07-06T10:00:00.215929+00:00,2026-07-06T10:00:00.131038,2,3,153.35,0.1,153.3,200,153.2,1125,,,,,,,,,,,,,,,,,153.4,422,153.6,200,154.1,500,,,,,,,,,,,,,,
2026-07-06T10:00:00.473834+00:00,2026-07-06T10:00:00.474053,2,3,153.35,0.1,153.3,200,153.2,500,,,,,,,,,,,,,,,,,153.4,422,153.6,200,154.1,500,,,,,,,,,,,,,,
2026-07-06T10:00:00.479467+00:00,2026-07-06T10:00:00.479341,3,2,153.5,0.2,153.4,625,153.3,200,153.2,500,,,,,,,,,,,,,,,153.6,200,154.1,500,,,,,,,,,,,,,,,,
2026-07-06T10:00:00.484651+00:00,2026-07-06T10:00:00.484557,3,2,153.5,0.2,153.4,625,153.3,200,153.2,500,,,,,,,,,,,,,,,153.6,825,154.1,500,,,,,,,,,,,,,,,,
2026-07-06T10:00:00.693665+00:00,2026-07-06T10:00:00.693531,2,2,153.5,0.2,153.4,625,153.3,200,,,,,,,,,,,,,,,,,153.6,825,154.1,500,,,,,,,,,,,,,,,,
2026-07-06T10:00:00.698643+00:00,2026-07-06T10:00:00.698808,2,1,153.5,0.2,153.4,625,153.3,200,,,,,,,,,,,,,,,,,153.6,825,,,,,,,,,,,,,,,,,,
2026-07-06T10:00:00.709411+00:00,2026-07-06T10:00:00.709223,3,1,153.5,0.2,153.4,625,153.3,200,153.2,500,,,,,,,,,,,,,,,153.6,825,,,,,,,,,,,,,,,,,,
2026-07-06T10:00:00.714686+00:00,2026-07-06T10:00:00.714523,3,2,153.5,0.2,153.4,625,153.3,200,153.2,500,,,,,,,,,,,,,,,153.6,825,154.1,500,,,,,,,,,,,,,,,,
2026-07-06T10:00:00.833844+00:00,2026-07-06T10:00:00.785809,3,2,153.5,0.2,153.4,625,153.3,200,153.2,500,,,,,,,,,,,,,,,153.6,825,154.1,500,,,,,,,,,,,,,,,,
2026-07-06T10:00:01.161824+00:00,2026-07-06T10:00:01.147605,3,2,153.5,0.2,153.4,622,153.3,200,153.2,500,,,,,,,,,,,,,,,153.6,825,154.1,500,,,,,,,,,,,,,,,,
2026-07-06T10:00:01.299009+00:00,2026-07-06T10:00:01.298878,2,2,153.5,0.2,153.4,622,153.3,200,,,,,,,,,,,,,,,,,153.6,825,154.1,500,,,,,,,,,,,,,,,,
2026-07-06T10:00:01.304374+00:00,2026-07-06T10:00:01.304177,2,1,153.5,0.2,153.4,622,153.3,200,,,,,,,,,,,,,,,,,153.6,825,,,,,,,,,,,,,,,,,,
2026-07-06T10:00:01.314801+00:00,2026-07-06T10:00:01.314617,2,1,153.5,0.2,153.4,622,153.3,700,,,,,,,,,,,,,,,,,153.6,825,,,,,,,,,,,,,,,,,,
2026-07-06T10:00:01.320037+00:00,2026-07-06T10:00:01.319911,2,2,153.5,0.2,153.4,622,153.3,700,,,,,,,,,,,,,,,,,153.6,825,154.2,500,,,,,,,,,,,,,,,,
2026-07-06T10:00:01.787525+00:00,2026-07-06T10:00:01.786611,2,2,153.5,0.2,153.4,625,153.3,700,,,,,,,,,,,,,,,,,153.6,200,154.2,500,,,,,,,,,,,,,,,,
2026-07-06T10:00:01.798506+00:00,2026-07-06T10:00:01.798683,2,2,153.5,0.2,153.4,625,153.3,700,,,,,,,,,,,,,,,,,153.6,825,154.2,500,,,,,,,,,,,,,,,,
2026-07-06T10:00:01.901994+00:00,2026-07-06T10:00:01.901832,2,2,153.5,0.2,153.4,625,153.3,200,,,,,,,,,,,,,,,,,153.6,825,154.2,500,,,,,,,,,,,,,,,,
2026-07-06T10:00:01.907238+00:00,2026-07-06T10:00:01.907104,2,1,153.5,0.2,153.4,625,153.3,200,,,,,,,,,,,,,,,,,153.6,825,,,,,,,,,,,,,,,,,,
2026-07-06T10:00:01.917726+00:00,2026-07-06T10:00:01.917573,2,1,153.5,0.2,153.4,1125,153.3,200,,,,,,,,,,,,,,,,,153.6,825,,,,,,,,,,,,,,,,,,
2026-07-06T10:00:01.928135+00:00,2026-07-06T10:00:01.927994,2,2,153.5,0.2,153.4,1125,153.3,200,,,,,,,,,,,,,,,,,153.6,825,154.3,500,,,,,,,,,,,,,,,,
2026-07-06T10:00:02.013326+00:00,2026-07-06T10:00:01.996194,1,2,153.5,0.2,153.4,1325,,,,,,,,,,,,,,,,,,,153.6,825,154.3,500,,,,,,,,,,,,,,,,
2026-07-06T10:00:02.504165+00:00,2026-07-06T10:00:02.504031,1,2,153.5,0.2,153.4,825,,,,,,,,,,,,,,,,,,,153.6,825,154.3,500,,,,,,,,,,,,,,,,
2026-07-06T10:00:02.509343+00:00,2026-07-06T10:00:02.509320,1,1,153.5,0.2,153.4,825,,,,,,,,,,,,,,,,,,,153.6,825,,,,,,,,,,,,,,,,,,
2026-07-06T10:00:02.519817+00:00,2026-07-06T10:00:02.519782,1,1,153.5,0.2,153.4,1325,,,,,,,,,,,,,,,,,,,153.6,825,,,,,,,,,,,,,,,,,,
2026-07-06T10:00:02.530224+00:00,2026-07-06T10:00:02.530186,1,2,153.5,0.2,153.4,1325,,,,,,,,,,,,,,,,,,,153.6,825,154.3,500,,,,,,,,,,,,,,,,
2026-07-06T10:00:02.902171+00:00,2026-07-06T10:00:02.902112,1,2,153.5,0.2,153.4,1305,,,,,,,,,,,,,,,,,,,153.6,825,154.3,500,,,,,,,,,,,,,,,,
2026-07-06T10:00:03.098815+00:00,2026-07-06T10:00:03.098690,1,2,153.5,0.2,153.4,700,,,,,,,,,,,,,,,,,,,153.6,825,154.3,500,,,,,,,,,,,,,,,,
2026-07-06T10:00:03.103955+00:00,2026-07-06T10:00:03.103888,1,2,153.5,0.2,153.4,700,,,,,,,,,,,,,,,,,,,153.6,200,154.3,500,,,,,,,,,,,,,,,,
2026-07-06T10:00:03.109244+00:00,2026-07-06T10:00:03.109152,1,3,153.5,0.2,153.4,1325,,,,,,,,,,,,,,,,,,,153.6,200,153.7,625,154.3,500,,,,,,,,,,,,,,
2026-07-06T10:00:03.114541+00:00,2026-07-06T10:00:03.114359,1,3,153.5,0.2,153.4,825,,,,,,,,,,,,,,,,,,,153.6,200,153.7,625,154.3,500,,,,,,,,,,,,,,
2026-07-06T10:00:03.119489+00:00,2026-07-06T10:00:03.119621,1,2,153.5,0.2,153.4,825,,,,,,,,,,,,,,,,,,,153.6,200,153.7,625,,,,,,,,,,,,,,,,
2026-07-06T10:00:03.129909+00:00,2026-07-06T10:00:03.129983,2,2,153.5,0.2,153.4,825,153.3,500,,,,,,,,,,,,,,,,,153.6,200,153.7,625,,,,,,,,,,,,,,,,
2026-07-06T10:00:03.135354+00:00,2026-07-06T10:00:03.135283,2,3,153.5,0.2,153.4,825,153.3,500,,,,,,,,,,,,,,,,,153.6,200,153.7,625,154.2,500,,,,,,,,,,,,,,
2026-07-06T10:00:03.209397+00:00,2026-07-06T10:00:03.209355,2,2,153.55,0.3,153.4,625,153.3,500,,,,,,,,,,,,,,,,,153.7,625,154.2,500,,,,,,,,,,,,,,,,
2026-07-06T10:00:03.214675+00:00,2026-07-06T10:00:03.214587,3,2,153.6,0.2,153.5,200,153.4,625,153.3,500,,,,,,,,,,,,,,,153.7,625,154.2,500,,,,,,,,,,,,,,,,
2026-07-06T10:00:03.219833+00:00,2026-07-06T10:00:03.219790,3,2,153.6,0.2,153.5,200,153.4,625,153.3,500,,,,,,,,,,,,,,,153.7,825,154.2,500,,,,,,,,,,,,,,,,
2026-07-06T10:00:03.705484+00:00,2026-07-06T10:00:03.705360,2,2,153.6,0.2,153.5,200,153.4,625,,,,,,,,,,,,,,,,,153.7,825,154.2,500,,,,,,,,,,,,,,,,
2026-07-06T10:00:03.715646+00:00,2026-07-06T10:00:03.715751,2,1,153.6,0.2,153.5,200,153.4,625,,,,,,,,,,,,,,,,,153.7,825,,,,,,,,,,,,,,,,,,
2026-07-06T10:00:03.721071+00:00,2026-07-06T10:00:03.720998,3,1,153.6,0.2,153.5,200,153.4,625,153.3,500,,,,,,,,,,,,,,,153.7,825,,,,,,,,,,,,,,,,,,
2026-07-06T10:00:03.731515+00:00,2026-07-06T10:00:03.731377,3,2,153.6,0.2,153.5,200,153.4,625,153.3,500,,,,,,,,,,,,,,,153.7,825,154.2,500,,,,,,,,,,,,,,,,
2026-07-06T10:00:04.311823+00:00,2026-07-06T10:00:04.311714,2,2,153.6,0.2,153.5,200,153.4,625,,,,,,,,,,,,,,,,,153.7,825,154.2,500,,,,,,,,,,,,,,,,
2026-07-06T10:00:04.317124+00:00,2026-07-06T10:00:04.317018,2,1,153.6,0.2,153.5,200,153.4,625,,,,,,,,,,,,,,,,,153.7,825,,,,,,,,,,,,,,,,,,
2026-07-06T10:00:04.327617+00:00,2026-07-06T10:00:04.327472,2,1,153.6,0.2,153.5,200,153.4,1125,,,,,,,,,,,,,,,,,153.7,825,,,,,,,,,,,,,,,,,,
2026-07-06T10:00:04.332859+00:00,2026-07-06T10:00:04.332778,2,2,153.6,0.2,153.5,200,153.4,1125,,,,,,,,,,,,,,,,,153.7,825,154.2,500,,,,,,,,,,,,,,,,
2026-07-06T10:00:04.416853+00:00,2026-07-06T10:00:04.416794,2,2,153.6,0.2,153.5,200,153.4,500,,,,,,,,,,,,,,,,,153.7,200,154.2,500,,,,,,,,,,,,,,,,
2026-07-06T10:00:04.422093+00:00,2026-07-06T10:00:04.422042,2,2,153.6,0.2,153.5,825,153.4,500,,,,,,,,,,,,,,,,,153.7,825,154.2,500,,,,,,,,,,,,,,,,
2026-07-06T10:00:04.432380+00:00,2026-07-06T10:00:04.432538,2,2,153.6,0.2,153.5,625,153.4,500,,,,,,,,,,,,,,,,,153.7,625,154.2,500,,,,,,,,,,,,,,,,
2026-07-06T10:00:04.437836+00:00,2026-07-06T10:00:04.437811,3,3,153.55,0.1,153.5,625,153.4,500,153.3,200,,,,,,,,,,,,,,,153.6,200,153.7,625,154.2,500,,,,,,,,,,,,,,
2026-07-06T10:00:04.915344+00:00,2026-07-06T10:00:04.915246,2,3,153.55,0.1,153.5,625,153.3,200,,,,,,,,,,,,,,,,,153.6,200,153.7,625,154.2,500,,,,,,,,,,,,,,
2026-07-06T10:00:04.920685+00:00,2026-07-06T10:00:04.920540,2,2,153.55,0.1,153.5,625,153.3,200,,,,,,,,,,,,,,,,,153.6,200,153.7,625,,,,,,,,,,,,,,,,
2026-07-06T10:00:04.931016+00:00,2026-07-06T10:00:04.930951,3,2,153.55,0.1,153.5,625,153.4,500,153.3,200,,,,,,,,,,,,,,,153.6,200,153.7,625,,,,,,,,,,,,,,,,
2026-07-06T10:00:04.941576+00:00,2026-07-06T10:00:04.941416,3,3,153.55,0.1,153.5,625,153.4,500,153.3,200,,,,,,,,,,,,,,,153.6,200,153.7,625,154.2,500,,,,,,,,,,,,,,
2026-07-06T10:00:05.187234+00:00,2026-07-06T10:00:05.187143,3,3,153.55,0.1,153.5,625,153.4,500,153.3,200,,,,,,,,,,,,,,,153.6,197,153.7,625,154.2,500,,,,,,,,,,,,,,
2026-07-06T10:00:05.376691+00:00,2026-07-06T10:00:05.373350,3,3,153.55,0.1,153.5,625,153.4,500,153.3,200,,,,,,,,,,,,,,,153.6,186,153.7,625,154.2,500,,,,,,,,,,,,,,
2026-07-06T10:00:05.516862+00:00,2026-07-06T10:00:05.516751,2,3,153.55,0.1,153.5,625,153.3,200,,,,,,,,,,,,,,,,,153.6,186,153.7,625,154.2,500,,,,,,,,,,,,,,
2026-07-06T10:00:05.522245+00:00,2026-07-06T10:00:05.522080,2,2,153.55,0.1,153.5,625,153.3,200,,,,,,,,,,,,,,,,,153.6,186,153.7,625,,,,,,,,,,,,,,,,
2026-07-06T10:00:05.527538+00:00,2026-07-06T10:00:05.527442,3,2,153.55,0.1,153.5,625,153.4,500,153.3,200,,,,,,,,,,,,,,,153.6,186,153.7,625,,,,,,,,,,,,,,,,
2026-07-06T10:00:05.538147+00:00,2026-07-06T10:00:05.538012,3,3,153.55,0.1,153.5,625,153.4,500,153.3,200,,,,,,,,,,,,,,,153.6,186,153.7,625,154.3,500,,,,,,,,,,,,,,
2026-07-06T10:00:05.641566+00:00,2026-07-06T10:00:05.639286,3,2,153.6,0.2,153.5,625,153.4,500,153.2,200,,,,,,,,,,,,,,,153.7,625,154.3,500,,,,,,,,,,,,,,,,
2026-07-06T10:00:05.653074+00:00,2026-07-06T10:00:05.652836,3,2,153.6,0.2,153.5,425,153.4,500,153.2,200,,,,,,,,,,,,,,,153.7,625,154.3,500,,,,,,,,,,,,,,,,
2026-07-06T10:00:05.728759+00:00,2026-07-06T10:00:05.728679,2,1,153.85,0.9,153.4,500,153.2,200,,,,,,,,,,,,,,,,,154.3,500,,,,,,,,,,,,,,,,,,
2026-07-06T10:00:05.743737+00:00,2026-07-06T10:00:05.742609,2,2,153.45,0.1,153.4,500,153.2,825,,,,,,,,,,,,,,,,,153.5,614,154.3,500,,,,,,,,,,,,,,,,
2026-07-06T10:00:06.120056+00:00,2026-07-06T10:00:06.119787,1,2,153.35,0.3,153.2,825,,,,,,,,,,,,,,,,,,,153.5,614,154.3,500,,,,,,,,,,,,,,,,
2026-07-06T10:00:06.125255+00:00,2026-07-06T10:00:06.125095,1,1,153.35,0.3,153.2,825,,,,,,,,,,,,,,,,,,,153.5,614,,,,,,,,,,,,,,,,,,
2026-07-06T10:00:06.130503+00:00,2026-07-06T10:00:06.130424,1,1,153.35,0.3,153.2,825,,,,,,,,,,,,,,,,,,,153.5,114,,,,,,,,,,,,,,,,,,
2026-07-06T10:00:06.141094+00:00,2026-07-06T10:00:06.140908,1,2,153.35,0.3,153.2,825,,,,,,,,,,,,,,,,,,,153.5,114,154.3,500,,,,,,,,,,,,,,,,
2026-07-06T10:00:06.203258+00:00,2026-07-06T10:00:06.203130,1,2,153.35,0.3,153.2,825,,,,,,,,,,,,,,,,,,,153.5,106,154.3,500,,,,,,,,,,,,,,,,
2026-07-06T10:00:06.747881+00:00,2026-07-06T10:00:06.747720,1,1,153.35,0.3,153.2,825,,,,,,,,,,,,,,,,,,,153.5,106,,,,,,,,,,,,,,,,,,
2026-07-06T10:00:06.753096+00:00,2026-07-06T10:00:06.753070,2,0,,,153.5,394,153.2,825,,,,,,,,,,,,,,,,,,,,,,,,,,,,,,,,,,,,
2026-07-06T10:00:06.763711+00:00,2026-07-06T10:00:06.763533,2,1,153.95,0.9,153.5,394,153.2,825,,,,,,,,,,,,,,,,,154.4,500,,,,,,,,,,,,,,,,,,
2026-07-06T10:00:06.853883+00:00,2026-07-06T10:00:06.853732,2,1,153.95,0.9,153.5,394,153.2,625,,,,,,,,,,,,,,,,,154.4,500,,,,,,,,,,,,,,,,,,
2026-07-06T10:00:06.859184+00:00,2026-07-06T10:00:06.859032,3,2,153.55,0.1,153.5,394,153.4,200,153.2,625,,,,,,,,,,,,,,,153.6,200,154.4,500,,,,,,,,,,,,,,,,
2026-07-06T10:00:07.040827+00:00,2026-07-06T10:00:07.040791,3,1,154.0,0.8,153.6,425,153.5,394,153.4,200,,,,,,,,,,,,,,,154.4,500,,,,,,,,,,,,,,,,,,
2026-07-06T10:00:07.046186+00:00,2026-07-06T10:00:07.046018,3,2,153.75,0.3,153.6,425,153.5,394,153.4,200,,,,,,,,,,,,,,,153.9,625,154.4,500,,,,,,,,,,,,,,,,
2026-07-06T10:00:07.217609+00:00,2026-07-06T10:00:07.217777,3,2,153.75,0.3,153.6,415,153.5,394,153.4,200,,,,,,,,,,,,,,,153.9,625,154.4,500,,,,,,,,,,,,,,,,
2026-07-06T10:00:07.358621+00:00,2026-07-06T10:00:07.349711,2,1,153.75,0.3,153.6,415,153.4,200,,,,,,,,,,,,,,,,,153.9,625,,,,,,,,,,,,,,,,,,
2026-07-06T10:00:07.369199+00:00,2026-07-06T10:00:07.369079,2,2,153.75,0.3,153.6,415,153.4,700,,,,,,,,,,,,,,,,,153.9,625,154.3,500,,,,,,,,,,,,,,,,
2026-07-06T10:00:07.952231+00:00,2026-07-06T10:00:07.951956,2,2,153.75,0.3,153.6,415,153.4,200,,,,,,,,,,,,,,,,,153.9,625,154.3,500,,,,,,,,,,,,,,,,
2026-07-06T10:00:07.957488+00:00,2026-07-06T10:00:07.957236,2,1,153.75,0.3,153.6,415,153.4,200,,,,,,,,,,,,,,,,,153.9,625,,,,,,,,,,,,,,,,,,
2026-07-06T10:00:07.962610+00:00,2026-07-06T10:00:07.962507,2,1,153.75,0.3,153.6,415,153.4,700,,,,,,,,,,,,,,,,,153.9,625,,,,,,,,,,,,,,,,,,
2026-07-06T10:00:07.967866+00:00,2026-07-06T10:00:07.967831,2,2,153.75,0.3,153.6,415,153.4,700,,,,,,,,,,,,,,,,,153.9,625,154.3,500,,,,,,,,,,,,,,,,
2026-07-06T10:00:08.060273+00:00,2026-07-06T10:00:08.060201,2,2,153.75,0.3,153.6,415,153.4,500,,,,,,,,,,,,,,,,,153.9,625,154.3,500,,,,,,,,,,,,,,,,
2026-07-06T10:00:08.065591+00:00,2026-07-06T10:00:08.065469,3,3,153.7,0.2,153.6,415,153.5,200,153.4,500,,,,,,,,,,,,,,,153.8,200,153.9,625,154.3,500,,,,,,,,,,,,,,
2026-07-06T10:00:08.233431+00:00,2026-07-06T10:00:08.233348,3,3,153.7,0.2,153.6,414,153.5,200,153.4,500,,,,,,,,,,,,,,,153.8,200,153.9,625,154.3,500,,,,,,,,,,,,,,
2026-07-06T10:00:08.351413+00:00,2026-07-06T10:00:08.351352,2,2,153.65,0.3,153.5,200,153.4,500,,,,,,,,,,,,,,,,,153.8,200,154.3,500,,,,,,,,,,,,,,,,
2026-07-06T10:00:08.356434+00:00,2026-07-06T10:00:08.356608,2,2,153.65,0.3,153.5,825,153.4,500,,,,,,,,,,,,,,,,,153.8,825,154.3,500,,,,,,,,,,,,,,,,
2026-07-06T10:00:08.558844+00:00,2026-07-06T10:00:08.558681,1,2,153.65,0.3,153.5,825,,,,,,,,,,,,,,,,,,,153.8,825,154.3,500,,,,,,,,,,,,,,,,
2026-07-06T10:00:08.564195+00:00,2026-07-06T10:00:08.564062,1,1,153.65,0.3,153.5,825,,,,,,,,,,,,,,,,,,,153.8,825,,,,,,,,,,,,,,,,,,
2026-07-06T10:00:08.569233+00:00,2026-07-06T10:00:08.569399,1,1,153.65,0.3,153.5,1325,,,,,,,,,,,,,,,,,,,153.8,825,,,,,,,,,,,,,,,,,,
2026-07-06T10:00:08.574911+00:00,2026-07-06T10:00:08.574734,1,2,153.65,0.3,153.5,1325,,,,,,,,,,,,,,,,,,,153.8,825,154.3,500,,,,,,,,,,,,,,,,
2026-07-06T10:00:09.164083+00:00,2026-07-06T10:00:09.163757,1,2,153.65,0.3,153.5,825,,,,,,,,,,,,,,,,,,,153.8,825,154.3,500,,,,,,,,,,,,,,,,
2026-07-06T10:00:09.169332+00:00,2026-07-06T10:00:09.169045,1,1,153.65,0.3,153.5,825,,,,,,,,,,,,,,,,,,,153.8,825,,,,,,,,,,,,,,,,,,
2026-07-06T10:00:09.174420+00:00,2026-07-06T10:00:09.174363,2,1,153.65,0.3,153.5,825,153.4,500,,,,,,,,,,,,,,,,,153.8,825,,,,,,,,,,,,,,,,,,
2026-07-06T10:00:09.184896+00:00,2026-07-06T10:00:09.184750,2,2,153.65,0.3,153.5,825,153.4,500,,,,,,,,,,,,,,,,,153.8,825,154.3,500,,,,,,,,,,,,,,,,
2026-07-06T10:00:09.271651+00:00,2026-07-06T10:00:09.271567,2,2,153.65,0.3,153.5,625,153.4,500,,,,,,,,,,,,,,,,,153.8,625,154.3,500,,,,,,,,,,,,,,,,
2026-07-06T10:00:09.276863+00:00,2026-07-06T10:00:09.276810,2,3,153.55,0.1,153.5,625,153.4,700,,,,,,,,,,,,,,,,,153.6,200,153.8,625,154.3,500,,,,,,,,,,,,,,
2026-07-06T10:00:09.663944+00:00,2026-07-06T10:00:09.663810,1,2,153.5,0.2,153.4,700,,,,,,,,,,,,,,,,,,,153.6,200,154.3,500,,,,,,,,,,,,,,,,
2026-07-06T10:00:09.669191+00:00,2026-07-06T10:00:09.669021,2,2,153.55,0.1,153.5,625,153.4,700,,,,,,,,,,,,,,,,,153.6,200,154.3,500,,,,,,,,,,,,,,,,
2026-07-06T10:00:09.674332+00:00,2026-07-06T10:00:09.674221,2,3,153.55,0.1,153.5,625,153.4,700,,,,,,,,,,,,,,,,,153.6,200,153.8,625,154.3,500,,,,,,,,,,,,,,
2026-07-06T10:00:09.769011+00:00,2026-07-06T10:00:09.768924,2,2,153.55,0.1,153.5,625,153.4,200,,,,,,,,,,,,,,,,,153.6,200,153.8,625,,,,,,,,,,,,,,,,
2026-07-06T10:00:09.774368+00:00,2026-07-06T10:00:09.774194,3,2,153.55,0.1,153.5,625,153.4,200,153.3,500,,,,,,,,,,,,,,,153.6,200,153.8,625,,,,,,,,,,,,,,,,
2026-07-06T10:00:09.784673+00:00,2026-07-06T10:00:09.784619,3,3,153.55,0.1,153.5,625,153.4,200,153.3,500,,,,,,,,,,,,,,,153.6,200,153.8,625,154.2,500,,,,,,,,,,,,,,
2026-07-06T10:00:10.266147+00:00,2026-07-06T10:00:10.265936,3,3,153.55,0.1,153.5,625,153.4,200,153.3,500,,,,,,,,,,,,,,,153.6,197,153.8,625,154.2,500,,,,,,,,,,,,,,
2026-07-06T10:00:10.364146+00:00,2026-07-06T10:00:10.363884,2,3,153.55,0.1,153.5,625,153.4,200,,,,,,,,,,,,,,,,,153.6,197,153.8,625,154.2,500,,,,,,,,,,,,,,
2026-07-06T10:00:10.369359+00:00,2026-07-06T10:00:10.369196,2,2,153.55,0.1,153.5,625,153.4,200,,,,,,,,,,,,,,,,,153.6,197,153.8,625,,,,,,,,,,,,,,,,
2026-07-06T10:00:10.374653+00:00,2026-07-06T10:00:10.374491,3,2,153.55,0.1,153.5,625,153.4,200,153.3,500,,,,,,,,,,,,,,,153.6,197,153.8,625,,,,,,,,,,,,,,,,
2026-07-06T10:00:10.384843+00:00,2026-07-06T10:00:10.384949,3,3,153.55,0.1,153.5,625,153.4,200,153.3,500,,,,,,,,,,,,,,,153.6,197,153.8,625,154.2,500,,,,,,,,,,,,,,
2026-07-06T10:00:10.481760+00:00,2026-07-06T10:00:10.481658,2,3,153.55,0.1,153.5,625,153.3,500,,,,,,,,,,,,,,,,,153.6,197,153.8,625,154.2,500,,,,,,,,,,,,,,
2026-07-06T10:00:10.487015+00:00,2026-07-06T10:00:10.486946,3,2,153.65,0.3,153.5,625,153.4,200,153.3,500,,,,,,,,,,,,,,,153.8,625,154.2,500,,,,,,,,,,,,,,,,
2026-07-06T10:00:10.492258+00:00,2026-07-06T10:00:10.492165,3,3,153.6,0.2,153.5,625,153.4,200,153.3,500,,,,,,,,,,,,,,,153.7,200,153.8,625,154.2,500,,,,,,,,,,,,,,
2026-07-06T10:00:10.967005+00:00,2026-07-06T10:00:10.966887,2,3,153.6,0.2,153.5,625,153.4,200,,,,,,,,,,,,,,,,,153.7,200,153.8,625,154.2,500,,,,,,,,,,,,,,
2026-07-06T10:00:10.972320+00:00,2026-07-06T10:00:10.972220,2,2,153.6,0.2,153.5,625,153.4,200,,,,,,,,,,,,,,,,,153.7,200,153.8,625,,,,,,,,,,,,,,,,
2026-07-06T10:00:10.982805+00:00,2026-07-06T10:00:10.982662,3,2,153.6,0.2,153.5,625,153.4,200,153.3,500,,,,,,,,,,,,,,,153.7,200,153.8,625,,,,,,,,,,,,,,,,
2026-07-06T10:00:10.988171+00:00,2026-07-06T10:00:10.988040,3,3,153.6,0.2,153.5,625,153.4,200,153.3,500,,,,,,,,,,,,,,,153.7,200,153.8,625,154.2,500,,,,,,,,,,,,,,
2026-07-06T10:00:10.993405+00:00,2026-07-06T10:00:10.993358,2,3,153.55,0.3,153.4,200,153.3,500,,,,,,,,,,,,,,,,,153.7,200,153.8,625,154.2,500,,,,,,,,,,,,,,
2026-07-06T10:00:11.010411+00:00,2026-07-06T10:00:11.008126,3,2,153.6,0.2,153.5,625,153.4,200,153.3,500,,,,,,,,,,,,,,,153.7,200,154.2,500,,,,,,,,,,,,,,,,
2026-07-06T10:00:11.058899+00:00,2026-07-06T10:00:11.058737,3,3,153.6,0.2,153.5,625,153.4,200,153.3,500,,,,,,,,,,,,,,,153.7,200,153.8,625,154.2,500,,,,,,,,,,,,,,
2026-07-06T10:00:11.284642+00:00,2026-07-06T10:00:11.284539,3,3,153.6,0.2,153.5,622,153.4,200,153.3,500,,,,,,,,,,,,,,,153.7,200,153.8,625,154.2,500,,,,,,,,,,,,,,
2026-07-06T10:00:11.599339+00:00,2026-07-06T10:00:11.582211,3,3,153.6,0.2,153.5,622,153.4,200,153.3,500,,,,,,,,,,,,,,,153.7,200,153.8,625,154.1,500,,,,,,,,,,,,,,
2026-07-06T10:00:11.693552+00:00,2026-07-06T10:00:11.693364,2,2,153.65,0.3,153.5,822,153.3,500,,,,,,,,,,,,,,,,,153.8,625,154.1,500,,,,,,,,,,,,,,,,
2026-07-06T10:00:11.699147+00:00,2026-07-06T10:00:11.698961,2,3,153.6,0.2,153.5,822,153.3,500,,,,,,,,,,,,,,,,,153.7,200,153.8,625,154.1,500,,,,,,,,,,,,,,
2026-07-06T10:00:12.172828+00:00,2026-07-06T10:00:12.172609,1,3,153.6,0.2,153.5,822,,,,,,,,,,,,,,,,,,,153.7,200,153.8,625,154.1,500,,,,,,,,,,,,,,
2026-07-06T10:00:12.178010+00:00,2026-07-06T10:00:12.177910,1,2,153.6,0.2,153.5,822,,,,,,,,,,,,,,,,,,,153.7,200,153.8,625,,,,,,,,,,,,,,,,
2026-07-06T10:00:12.188554+00:00,2026-07-06T10:00:12.188369,2,2,153.6,0.2,153.5,822,153.2,500,,,,,,,,,,,,,,,,,153.7,200,153.8,625,,,,,,,,,,,,,,,,
2026-07-06T10:00:12.193895+00:00,2026-07-06T10:00:12.193716,2,3,153.6,0.2,153.5,822,153.2,500,,,,,,,,,,,,,,,,,153.7,200,153.8,625,154.1,500,,,,,,,,,,,,,,
2026-07-06T10:00:12.295588+00:00,2026-07-06T10:00:12.295533,2,3,153.6,0.2,153.5,822,153.2,500,,,,,,,,,,,,,,,,,153.7,193,153.8,625,154.1,500,,,,,,,,,,,,,,
2026-07-06T10:00:12.321770+00:00,2026-07-06T10:00:12.321678,2,3,153.6,0.2,153.5,200,153.2,500,,,,,,,,,,,,,,,,,153.7,193,153.8,625,154.1,500,,,,,,,,,,,,,,
2026-07-06T10:00:12.327006+00:00,2026-07-06T10:00:12.326959,2,2,153.6,0.2,153.5,825,153.2,500,,,,,,,,,,,,,,,,,153.7,193,154.1,500,,,,,,,,,,,,,,,,
2026-07-06T10:00:12.332266+00:00,2026-07-06T10:00:12.332188,2,2,153.6,0.2,153.5,825,153.2,500,,,,,,,,,,,,,,,,,153.7,818,154.1,500,,,,,,,,,,,,,,,,
2026-07-06T10:00:12.803742+00:00,2026-07-06T10:00:12.803594,1,2,153.6,0.2,153.5,825,,,,,,,,,,,,,,,,,,,153.7,818,154.1,500,,,,,,,,,,,,,,,,
2026-07-06T10:00:12.809014+00:00,2026-07-06T10:00:12.808892,1,1,153.6,0.2,153.5,825,,,,,,,,,,,,,,,,,,,153.7,818,,,,,,,,,,,,,,,,,,
2026-07-06T10:00:12.814302+00:00,2026-07-06T10:00:12.814206,2,1,153.6,0.2,153.5,825,153.3,500,,,,,,,,,,,,,,,,,153.7,818,,,,,,,,,,,,,,,,,,
2026-07-06T10:00:12.824822+00:00,2026-07-06T10:00:12.824658,2,2,153.6,0.2,153.5,825,153.3,500,,,,,,,,,,,,,,,,,153.7,818,154.2,500,,,,,,,,,,,,,,,,
2026-07-06T10:00:12.903917+00:00,2026-07-06T10:00:12.903805,2,2,153.6,0.2,153.5,625,153.3,500,,,,,,,,,,,,,,,,,153.7,818,154.2,500,,,,,,,,,,,,,,,,
2026-07-06T10:00:12.909158+00:00,2026-07-06T10:00:12.909011,2,2,153.6,0.2,153.5,625,153.3,500,,,,,,,,,,,,,,,,,153.7,625,154.2,500,,,,,,,,,,,,,,,,
2026-07-06T10:00:12.914416+00:00,2026-07-06T10:00:12.914332,2,3,153.6,0.2,153.5,625,153.3,500,,,,,,,,,,,,,,,,,153.7,425,154.0,200,154.2,500,,,,,,,,,,,,,,
2026-07-06T10:00:13.405069+00:00,2026-07-06T10:00:13.404969,1,3,153.6,0.2,153.5,625,,,,,,,,,,,,,,,,,,,153.7,425,154.0,200,154.2,500,,,,,,,,,,,,,,
2026-07-06T10:00:13.410474+00:00,2026-07-06T10:00:13.410318,1,2,153.6,0.2,153.5,625,,,,,,,,,,,,,,,,,,,153.7,425,154.0,200,,,,,,,,,,,,,,,,
2026-07-06T10:00:13.421023+00:00,2026-07-06T10:00:13.420789,2,2,153.6,0.2,153.5,625,153.3,500,,,,,,,,,,,,,,,,,153.7,425,154.0,200,,,,,,,,,,,,,,,,
2026-07-06T10:00:13.426180+00:00,2026-07-06T10:00:13.426091,2,3,153.6,0.2,153.5,625,153.3,500,,,,,,,,,,,,,,,,,153.7,425,154.0,200,154.2,500,,,,,,,,,,,,,,
2026-07-06T10:00:13.637547+00:00,2026-07-06T10:00:13.637496,1,2,153.65,0.7,153.3,500,,,,,,,,,,,,,,,,,,,154.0,200,154.2,500,,,,,,,,,,,,,,,,
2026-07-06T10:00:13.642867+00:00,2026-07-06T10:00:13.642795,2,3,153.65,0.3,153.5,625,153.3,500,,,,,,,,,,,,,,,,,153.8,625,154.0,200,154.2,500,,,,,,,,,,,,,,
2026-07-06T10:00:14.005148+00:00,2026-07-06T10:00:14.004816,1,3,153.65,0.3,153.5,625,,,,,,,,,,,,,,,,,,,153.8,625,154.0,200,154.2,500,,,,,,,,,,,,,,
2026-07-06T10:00:14.016545+00:00,2026-07-06T10:00:14.016265,1,2,153.65,0.3,153.5,625,,,,,,,,,,,,,,,,,,,153.8,625,154.0,200,,,,,,,,,,,,,,,,
2026-07-06T10:00:14.021699+00:00,2026-07-06T10:00:14.021607,2,2,153.65,0.3,153.5,625,153.4,500,,,,,,,,,,,,,,,,,153.8,625,154.0,200,,,,,,,,,,,,,,,,
2026-07-06T10:00:14.027018+00:00,2026-07-06T10:00:14.026937,2,3,153.65,0.3,153.5,625,153.4,500,,,,,,,,,,,,,,,,,153.8,625,154.0,200,154.3,500,,,,,,,,,,,,,,
2026-07-06T10:00:14.120574+00:00,2026-07-06T10:00:14.120441,2,2,153.65,0.3,153.5,625,153.4,500,,,,,,,,,,,,,,,,,153.8,625,154.3,500,,,,,,,,,,,,,,,,
2026-07-06T10:00:14.125838+00:00,2026-07-06T10:00:14.125804,3,2,153.7,0.2,153.6,200,153.5,625,153.4,500,,,,,,,,,,,,,,,153.8,825,154.3,500,,,,,,,,,,,,,,,,
2026-07-06T10:00:14.610103+00:00,2026-07-06T10:00:14.609905,2,2,153.7,0.2,153.6,200,153.5,625,,,,,,,,,,,,,,,,,153.8,825,154.3,500,,,,,,,,,,,,,,,,
2026-07-06T10:00:14.615413+00:00,2026-07-06T10:00:14.615281,2,1,153.7,0.2,153.6,200,153.5,625,,,,,,,,,,,,,,,,,153.8,825,,,,,,,,,,,,,,,,,,
2026-07-06T10:00:14.625653+00:00,2026-07-06T10:00:14.625741,2,1,153.7,0.2,153.6,700,153.5,625,,,,,,,,,,,,,,,,,153.8,825,,,,,,,,,,,,,,,,,,
2026-07-06T10:00:14.631184+00:00,2026-07-06T10:00:14.631104,2,2,153.7,0.2,153.6,700,153.5,625,,,,,,,,,,,,,,,,,153.8,825,154.4,500,,,,,,,,,,,,,,,,
2026-07-06T10:00:14.949640+00:00,2026-07-06T10:00:14.949523,1,2,153.7,0.2,153.6,700,,,,,,,,,,,,,,,,,,,153.8,200,154.4,500,,,,,,,,,,,,,,,,
2026-07-06T10:00:14.958653+00:00,2026-07-06T10:00:14.954883,2,2,153.7,0.2,153.6,75,153.3,625,,,,,,,,,,,,,,,,,153.8,200,154.4,500,,,,,,,,,,,,,,,,
2026-07-06T10:00:15.213154+00:00,2026-07-06T10:00:15.213268,1,2,153.55,0.5,153.3,625,,,,,,,,,,,,,,,,,,,153.8,200,154.4,500,,,,,,,,,,,,,,,,
2026-07-06T10:00:15.218720+00:00,2026-07-06T10:00:15.218608,1,1,153.55,0.5,153.3,625,,,,,,,,,,,,,,,,,,,153.8,200,,,,,,,,,,,,,,,,,,
2026-07-06T10:00:15.229272+00:00,2026-07-06T10:00:15.229053,2,1,153.7,0.2,153.6,500,153.3,625,,,,,,,,,,,,,,,,,153.8,200,,,,,,,,,,,,,,,,,,
2026-07-06T10:00:15.234462+00:00,2026-07-06T10:00:15.234360,2,2,153.7,0.2,153.6,500,153.3,625,,,,,,,,,,,,,,,,,153.8,200,154.5,500,,,,,,,,,,,,,,,,
2026-07-06T10:00:15.323206+00:00,2026-07-06T10:00:15.323152,2,2,153.7,0.2,153.6,494,153.3,625,,,,,,,,,,,,,,,,,153.8,200,154.5,500,,,,,,,,,,,,,,,,
2026-07-06T10:00:15.328540+00:00,2026-07-06T10:00:15.328456,2,1,154.05,0.9,153.6,494,153.3,625,,,,,,,,,,,,,,,,,154.5,500,,,,,,,,,,,,,,,,,,
2026-07-06T10:00:15.333829+00:00,2026-07-06T10:00:15.333692,3,1,154.05,0.9,153.6,494,153.5,200,153.3,625,,,,,,,,,,,,,,,154.5,500,,,,,,,,,,,,,,,,,,
2026-07-06T10:00:15.339044+00:00,2026-07-06T10:00:15.338913,3,2,153.65,0.1,153.6,494,153.5,200,153.3,625,,,,,,,,,,,,,,,153.7,200,154.5,500,,,,,,,,,,,,,,,,
2026-07-06T10:00:15.815600+00:00,2026-07-06T10:00:15.815390,2,2,153.6,0.2,153.5,200,153.3,625,,,,,,,,,,,,,,,,,153.7,200,154.5,500,,,,,,,,,,,,,,,,
2026-07-06T10:00:15.820780+00:00,2026-07-06T10:00:15.820698,2,1,153.6,0.2,153.5,200,153.3,625,,,,,,,,,,,,,,,,,153.7,200,,,,,,,,,,,,,,,,,,
2026-07-06T10:00:15.831316+00:00,2026-07-06T10:00:15.831190,3,0,,,153.7,300,153.5,200,153.3,625,,,,,,,,,,,,,,,,,,,,,,,,,,,,,,,,,,
2026-07-06T10:00:15.836338+00:00,2026-07-06T10:00:15.836496,3,1,154.1,0.8,153.7,300,153.5,200,153.3,625,,,,,,,,,,,,,,,154.5,500,,,,,,,,,,,,,,,,,,
2026-07-06T10:00:16.258560+00:00,2026-07-06T10:00:16.256173,2,1,154.1,0.8,153.7,300,153.5,200,,,,,,,,,,,,,,,,,154.5,500,,,,,,,,,,,,,,,,,,
2026-07-06T10:00:16.269552+00:00,2026-07-06T10:00:16.269305,3,2,153.8,0.2,153.7,300,153.6,625,153.5,200,,,,,,,,,,,,,,,153.9,625,154.5,500,,,,,,,,,,,,,,,,
2026-07-06T10:00:16.338128+00:00,2026-07-06T10:00:16.338032,3,2,153.8,0.2,153.7,299,153.6,625,153.5,200,,,,,,,,,,,,,,,153.9,625,154.5,500,,,,,,,,,,,,,,,,
2026-07-06T10:00:16.414331+00:00,2026-07-06T10:00:16.414310,2,2,153.75,0.3,153.6,625,153.5,200,,,,,,,,,,,,,,,,,153.9,625,154.5,500,,,,,,,,,,,,,,,,
2026-07-06T10:00:16.424838+00:00,2026-07-06T10:00:16.424746,2,1,153.75,0.3,153.6,625,153.5,200,,,,,,,,,,,,,,,,,153.9,625,,,,,,,,,,,,,,,,,,
2026-07-06T10:00:16.430092+00:00,2026-07-06T10:00:16.430026,3,1,153.8,0.2,153.7,500,153.6,625,153.5,200,,,,,,,,,,,,,,,153.9,625,,,,,,,,,,,,,,,,,,
2026-07-06T10:00:16.440579+00:00,2026-07-06T10:00:16.440446,3,2,153.8,0.2,153.7,500,153.6,625,153.5,200,,,,,,,,,,,,,,,153.9,625,154.6,500,,,,,,,,,,,,,,,,
2026-07-06T10:00:16.542050+00:00,2026-07-06T10:00:16.541959,3,2,153.8,0.2,153.7,500,153.6,625,153.3,200,,,,,,,,,,,,,,,153.9,625,154.6,500,,,,,,,,,,,,,,,,
2026-07-06T10:00:16.547292+00:00,2026-07-06T10:00:16.547223,3,2,153.8,0.2,153.7,300,153.6,625,153.3,200,,,,,,,,,,,,,,,153.9,625,154.6,500,,,,,,,,,,,,,,,,
2026-07-06T10:00:17.021422+00:00,2026-07-06T10:00:17.021287,2,2,153.75,0.3,153.6,625,153.3,200,,,,,,,,,,,,,,,,,153.9,625,154.6,500,,,,,,,,,,,,,,,,
2026-07-06T10:00:17.031888+00:00,2026-07-06T10:00:17.031770,2,1,153.75,0.3,153.6,625,153.3,200,,,,,,,,,,,,,,,,,153.9,625,,,,,,,,,,,,,,,,,,
2026-07-06T10:00:17.037100+00:00,2026-07-06T10:00:17.037065,3,1,153.8,0.2,153.7,500,153.6,625,153.3,200,,,,,,,,,,,,,,,153.9,625,,,,,,,,,,,,,,,,,,
2026-07-06T10:00:17.047403+00:00,2026-07-06T10:00:17.047548,3,2,153.8,0.2,153.7,500,153.6,625,153.3,200,,,,,,,,,,,,,,,153.9,625,154.6,500,,,,,,,,,,,,,,,,
2026-07-06T10:00:17.358686+00:00,2026-07-06T10:00:17.353062,3,2,153.8,0.2,153.7,500,153.6,625,153.3,200,,,,,,,,,,,,,,,153.9,622,154.6,500,,,,,,,,,,,,,,,,
2026-07-06T10:00:17.573495+00:00,2026-07-06T10:00:17.573441,2,1,154.15,0.9,153.7,500,153.3,200,,,,,,,,,,,,,,,,,154.6,500,,,,,,,,,,,,,,,,,,
2026-07-06T10:00:17.578828+00:00,2026-07-06T10:00:17.578687,3,1,154.15,0.9,153.7,500,153.6,625,153.3,200,,,,,,,,,,,,,,,154.6,500,,,,,,,,,,,,,,,,,,
2026-07-06T10:00:17.584085+00:00,2026-07-06T10:00:17.583954,3,2,153.75,0.1,153.7,500,153.6,625,153.3,200,,,,,,,,,,,,,,,153.8,625,154.6,500,,,,,,,,,,,,,,,,
2026-07-06T10:00:17.622499+00:00,2026-07-06T10:00:17.622336,2,2,153.7,0.2,153.6,625,153.3,200,,,,,,,,,,,,,,,,,153.8,625,154.6,500,,,,,,,,,,,,,,,,
2026-07-06T10:00:17.627758+00:00,2026-07-06T10:00:17.627630,2,1,153.7,0.2,153.6,625,153.3,200,,,,,,,,,,,,,,,,,153.8,625,,,,,,,,,,,,,,,,,,
2026-07-06T10:00:17.633027+00:00,2026-07-06T10:00:17.632938,2,1,153.7,0.2,153.6,625,153.3,200,,,,,,,,,,,,,,,,,153.8,125,,,,,,,,,,,,,,,,,,
2026-07-06T10:00:17.643551+00:00,2026-07-06T10:00:17.643346,2,2,153.7,0.2,153.6,625,153.3,200,,,,,,,,,,,,,,,,,153.8,125,154.7,500,,,,,,,,,,,,,,,,
2026-07-06T10:00:17.753465+00:00,2026-07-06T10:00:17.753280,2,2,153.7,0.2,153.6,625,153.2,200,,,,,,,,,,,,,,,,,153.8,125,154.7,500,,,,,,,,,,,,,,,,
2026-07-06T10:00:17.758638+00:00,2026-07-06T10:00:17.758553,2,2,153.7,0.2,153.6,425,153.2,200,,,,,,,,,,,,,,,,,153.8,125,154.7,500,,,,,,,,,,,,,,,,
2026-07-06T10:00:18.226020+00:00,2026-07-06T10:00:18.225808,2,1,153.7,0.2,153.6,425,153.2,200,,,,,,,,,,,,,,,,,153.8,125,,,,,,,,,,,,,,,,,,
2026-07-06T10:00:18.231274+00:00,2026-07-06T10:00:18.231173,3,0,,,153.8,375,153.6,425,153.2,200,,,,,,,,,,,,,,,,,,,,,,,,,,,,,,,,,,
2026-07-06T10:00:18.241818+00:00,2026-07-06T10:00:18.241694,3,1,154.25,0.9,153.8,375,153.6,425,153.2,200,,,,,,,,,,,,,,,154.7,500,,,,,,,,,,,,,,,,,,
2026-07-06T10:00:18.366116+00:00,2026-07-06T10:00:18.366059,3,1,154.25,0.9,153.8,372,153.6,425,153.2,200,,,,,,,,,,,,,,,154.7,500,,,,,,,,,,,,,,,,,,
2026-07-06T10:00:18.847867+00:00,2026-07-06T10:00:18.847757,2,1,154.15,1.1,153.6,425,153.2,200,,,,,,,,,,,,,,,,,154.7,500,,,,,,,,,,,,,,,,,,
2026-07-06T10:00:18.858543+00:00,2026-07-06T10:00:18.853107,2,0,,,153.6,425,153.2,200,,,,,,,,,,,,,,,,,,,,,,,,,,,,,,,,,,,,
2026-07-06T10:00:18.869323+00:00,2026-07-06T10:00:18.869205,3,0,,,153.9,500,153.6,425,153.2,200,,,,,,,,,,,,,,,,,,,,,,,,,,,,,,,,,,
2026-07-06T10:00:18.874706+00:00,2026-07-06T10:00:18.874524,3,1,154.3,0.8,153.9,500,153.6,425,153.2,200,,,,,,,,,,,,,,,154.7,500,,,,,,,,,,,,,,,,,,
2026-07-06T10:00:18.885170+00:00,2026-07-06T10:00:18.885057,2,1,154.3,0.8,153.9,500,153.2,200,,,,,,,,,,,,,,,,,154.7,500,,,,,,,,,,,,,,,,,,
2026-07-06T10:00:18.890364+00:00,2026-07-06T10:00:18.890303,3,1,154.3,0.8,153.9,500,153.7,625,153.2,200,,,,,,,,,,,,,,,154.7,500,,,,,,,,,,,,,,,,,,
2026-07-06T10:00:18.895638+00:00,2026-07-06T10:00:18.895551,3,2,153.95,0.1,153.9,500,153.7,625,153.2,200,,,,,,,,,,,,,,,154.0,625,154.7,500,,,,,,,,,,,,,,,,
2026-07-06T10:00:18.958546+00:00,2026-07-06T10:00:18.957697,3,2,153.95,0.1,153.9,500,153.7,625,153.2,200,,,,,,,,,,,,,,,154.0,625,154.7,500,,,,,,,,,,,,,,,,
2026-07-06T10:00:18.969593+00:00,2026-07-06T10:00:18.969490,3,2,153.95,0.1,153.9,300,153.7,625,153.2,200,,,,,,,,,,,,,,,154.0,625,154.7,500,,,,,,,,,,,,,,,,
2026-07-06T10:00:19.458702+00:00,2026-07-06T10:00:19.453478,2,1,153.85,0.3,153.7,625,153.2,200,,,,,,,,,,,,,,,,,154.0,625,,,,,,,,,,,,,,,,,,
2026-07-06T10:00:19.469218+00:00,2026-07-06T10:00:19.469059,3,1,153.95,0.1,153.9,500,153.7,625,153.2,200,,,,,,,,,,,,,,,154.0,625,,,,,,,,,,,,,,,,,,
2026-07-06T10:00:19.479810+00:00,2026-07-06T10:00:19.479716,3,2,153.95,0.1,153.9,500,153.7,625,153.2,200,,,,,,,,,,,,,,,154.0,625,154.8,500,,,,,,,,,,,,,,,,
2026-07-06T10:00:20.058573+00:00,2026-07-06T10:00:20.057668,2,1,153.85,0.3,153.7,625,153.2,200,,,,,,,,,,,,,,,,,154.0,625,,,,,,,,,,,,,,,,,,
2026-07-06T10:00:20.069685+00:00,2026-07-06T10:00:20.069616,3,1,153.9,0.2,153.8,500,153.7,625,153.2,200,,,,,,,,,,,,,,,154.0,625,,,,,,,,,,,,,,,,,,
2026-07-06T10:00:20.080286+00:00,2026-07-06T10:00:20.080108,3,2,153.9,0.2,153.8,500,153.7,625,153.2,200,,,,,,,,,,,,,,,154.0,625,154.7,500,,,,,,,,,,,,,,,,
2026-07-06T10:00:20.172842+00:00,2026-07-06T10:00:20.172732,3,2,153.9,0.2,153.8,500,153.7,625,153.3,200,,,,,,,,,,,,,,,154.0,625,154.7,500,,,,,,,,,,,,,,,,
2026-07-06T10:00:20.178137+00:00,2026-07-06T10:00:20.177992,3,2,153.9,0.2,153.8,300,153.7,625,153.3,200,,,,,,,,,,,,,,,154.0,625,154.7,500,,,,,,,,,,,,,,,,
2026-07-06T10:00:20.204075+00:00,2026-07-06T10:00:20.203966,2,2,153.9,0.2,153.8,300,153.3,200,,,,,,,,,,,,,,,,,154.0,625,154.7,500,,,,,,,,,,,,,,,,
2026-07-06T10:00:20.209346+00:00,2026-07-06T10:00:20.209246,2,1,154.25,0.9,153.8,300,153.3,200,,,,,,,,,,,,,,,,,154.7,500,,,,,,,,,,,,,,,,,,
2026-07-06T10:00:20.214575+00:00,2026-07-06T10:00:20.214495,2,1,154.25,0.9,153.8,925,153.3,200,,,,,,,,,,,,,,,,,154.7,500,,,,,,,,,,,,,,,,,,
2026-07-06T10:00:20.219875+00:00,2026-07-06T10:00:20.219765,2,2,153.9,0.2,153.8,925,153.3,200,,,,,,,,,,,,,,,,,154.0,625,154.7,500,,,,,,,,,,,,,,,,
2026-07-06T10:00:20.660111+00:00,2026-07-06T10:00:20.659990,2,2,153.9,0.2,153.8,625,153.3,200,,,,,,,,,,,,,,,,,154.0,625,154.7,500,,,,,,,,,,,,,,,,
2026-07-06T10:00:20.665392+00:00,2026-07-06T10:00:20.665335,2,1,153.9,0.2,153.8,625,153.3,200,,,,,,,,,,,,,,,,,154.0,625,,,,,,,,,,,,,,,,,,
2026-07-06T10:00:20.675944+00:00,2026-07-06T10:00:20.675823,2,1,153.9,0.2,153.8,1125,153.3,200,,,,,,,,,,,,,,,,,154.0,625,,,,,,,,,,,,,,,,,,
2026-07-06T10:00:20.680943+00:00,2026-07-06T10:00:20.681148,2,2,153.9,0.2,153.8,1125,153.3,200,,,,,,,,,,,,,,,,,154.0,625,154.7,500,,,,,,,,,,,,,,,,
2026-07-06T10:00:21.258663+00:00,2026-07-06T10:00:21.252544,2,2,153.9,0.2,153.8,625,153.3,200,,,,,,,,,,,,,,,,,154.0,625,154.7,500,,,,,,,,,,,,,,,,
2026-07-06T10:00:21.270455+00:00,2026-07-06T10:00:21.270357,2,1,153.9,0.2,153.8,625,153.3,200,,,,,,,,,,,,,,,,,154.0,625,,,,,,,,,,,,,,,,,,
2026-07-06T10:00:21.275743+00:00,2026-07-06T10:00:21.275667,3,1,153.9,0.2,153.8,625,153.7,500,153.3,200,,,,,,,,,,,,,,,154.0,625,,,,,,,,,,,,,,,,,,
2026-07-06T10:00:21.286245+00:00,2026-07-06T10:00:21.286154,3,2,153.9,0.2,153.8,625,153.7,500,153.3,200,,,,,,,,,,,,,,,154.0,625,154.6,500,,,,,,,,,,,,,,,,
2026-07-06T10:00:21.382118+00:00,2026-07-06T10:00:21.382020,3,2,153.9,0.2,153.8,625,153.7,500,153.4,200,,,,,,,,,,,,,,,154.0,625,154.6,500,,,,,,,,,,,,,,,,
2026-07-06T10:00:21.387344+00:00,2026-07-06T10:00:21.387253,3,2,153.9,0.2,153.8,425,153.7,500,153.4,200,,,,,,,,,,,,,,,154.0,625,154.6,500,,,,,,,,,,,,,,,,
2026-07-06T10:00:21.403187+00:00,2026-07-06T10:00:21.403105,3,2,153.9,0.2,153.8,425,153.7,500,153.4,200,,,,,,,,,,,,,,,154.0,622,154.6,500,,,,,,,,,,,,,,,,
2026-07-06T10:00:21.521841+00:00,2026-07-06T10:00:21.521751,2,2,153.85,0.3,153.7,500,153.4,200,,,,,,,,,,,,,,,,,154.0,622,154.6,500,,,,,,,,,,,,,,,,
2026-07-06T10:00:21.527045+00:00,2026-07-06T10:00:21.526991,2,1,154.15,0.9,153.7,500,153.4,200,,,,,,,,,,,,,,,,,154.6,500,,,,,,,,,,,,,,,,,,
2026-07-06T10:00:21.532349+00:00,2026-07-06T10:00:21.532227,2,1,154.15,0.9,153.7,1125,153.4,200,,,,,,,,,,,,,,,,,154.6,500,,,,,,,,,,,,,,,,,,
2026-07-06T10:00:21.537342+00:00,2026-07-06T10:00:21.537448,2,2,153.85,0.3,153.7,1125,153.4,200,,,,,,,,,,,,,,,,,154.0,625,154.6,500,,,,,,,,,,,,,,,,
2026-07-06T10:00:21.867407+00:00,2026-07-06T10:00:21.867187,2,2,153.85,0.3,153.7,625,153.4,200,,,,,,,,,,,,,,,,,154.0,625,154.6,500,,,,,,,,,,,,,,,,
2026-07-06T10:00:21.872584+00:00,2026-07-06T10:00:21.872516,2,1,153.85,0.3,153.7,625,153.4,200,,,,,,,,,,,,,,,,,154.0,625,,,,,,,,,,,,,,,,,,
2026-07-06T10:00:21.883112+00:00,2026-07-06T10:00:21.882990,3,1,153.9,0.2,153.8,500,153.7,625,153.4,200,,,,,,,,,,,,,,,154.0,625,,,,,,,,,,,,,,,,,,
2026-07-06T10:00:21.888427+00:00,2026-07-06T10:00:21.888298,3,2,153.9,0.2,153.8,500,153.7,625,153.4,200,,,,,,,,,,,,,,,154.0,625,154.6,500,,,,,,,,,,,,,,,,
2026-07-06T10:00:22.469627+00:00,2026-07-06T10:00:22.469413,2,2,153.85,0.3,153.7,625,153.4,200,,,,,,,,,,,,,,,,,154.0,625,154.6,500,,,,,,,,,,,,,,,,
2026-07-06T10:00:22.474833+00:00,2026-07-06T10:00:22.474753,2,1,153.85,0.3,153.7,625,153.4,200,,,,,,,,,,,,,,,,,154.0,625,,,,,,,,,,,,,,,,,,
2026-07-06T10:00:22.490328+00:00,2026-07-06T10:00:22.490427,2,1,153.85,0.3,153.7,1125,153.4,200,,,,,,,,,,,,,,,,,154.0,625,,,,,,,,,,,,,,,,,,
2026-07-06T10:00:22.501186+00:00,2026-07-06T10:00:22.500958,2,2,153.85,0.3,153.7,1125,153.4,200,,,,,,,,,,,,,,,,,154.0,625,154.6,500,,,,,,,,,,,,,,,,
2026-07-06T10:00:22.591822+00:00,2026-07-06T10:00:22.591696,2,2,153.85,0.3,153.7,1125,153.5,200,,,,,,,,,,,,,,,,,154.0,625,154.6,500,,,,,,,,,,,,,,,,
2026-07-06T10:00:22.597039+00:00,2026-07-06T10:00:22.596923,2,2,153.85,0.3,153.7,925,153.5,200,,,,,,,,,,,,,,,,,154.0,625,154.6,500,,,,,,,,,,,,,,,,
2026-07-06T10:00:22.837384+00:00,2026-07-06T10:00:22.837278,2,2,153.85,0.3,153.7,500,153.5,200,,,,,,,,,,,,,,,,,154.0,625,154.6,500,,,,,,,,,,,,,,,,
2026-07-06T10:00:22.842655+00:00,2026-07-06T10:00:22.842556,2,1,154.15,0.9,153.7,500,153.5,200,,,,,,,,,,,,,,,,,154.6,500,,,,,,,,,,,,,,,,,,
2026-07-06T10:00:22.847896+00:00,2026-07-06T10:00:22.847804,2,1,154.15,0.9,153.7,500,153.5,825,,,,,,,,,,,,,,,,,154.6,500,,,,,,,,,,,,,,,,,,
2026-07-06T10:00:22.858633+00:00,2026-07-06T10:00:22.853042,2,2,153.75,0.1,153.7,500,153.5,825,,,,,,,,,,,,,,,,,153.8,625,154.6,500,,,,,,,,,,,,,,,,
2026-07-06T10:00:23.071683+00:00,2026-07-06T10:00:23.071433,1,2,153.65,0.3,153.5,825,,,,,,,,,,,,,,,,,,,153.8,625,154.6,500,,,,,,,,,,,,,,,,
2026-07-06T10:00:23.076938+00:00,2026-07-06T10:00:23.076801,1,1,153.65,0.3,153.5,825,,,,,,,,,,,,,,,,,,,153.8,625,,,,,,,,,,,,,,,,,,
2026-07-06T10:00:23.087541+00:00,2026-07-06T10:00:23.087289,2,1,153.75,0.1,153.7,500,153.5,825,,,,,,,,,,,,,,,,,153.8,625,,,,,,,,,,,,,,,,,,
2026-07-06T10:00:23.092725+00:00,2026-07-06T10:00:23.092592,2,2,153.75,0.1,153.7,500,153.5,825,,,,,,,,,,,,,,,,,153.8,625,154.6,500,,,,,,,,,,,,,,,,
2026-07-06T10:00:23.424131+00:00,2026-07-06T10:00:23.423992,2,2,153.75,0.1,153.7,500,153.5,825,,,,,,,,,,,,,,,,,153.8,621,154.6,500,,,,,,,,,,,,,,,,
2026-07-06T10:00:23.434485+00:00,2026-07-06T10:00:23.434692,2,2,153.75,0.1,153.7,500,153.5,825,,,,,,,,,,,,,,,,,153.8,613,154.6,500,,,,,,,,,,,,,,,,
2026-07-06T10:00:23.676859+00:00,2026-07-06T10:00:23.676816,1,2,153.65,0.3,153.5,825,,,,,,,,,,,,,,,,,,,153.8,613,154.6,500,,,,,,,,,,,,,,,,
2026-07-06T10:00:23.702880+00:00,2026-07-06T10:00:23.702979,1,1,153.65,0.3,153.5,825,,,,,,,,,,,,,,,,,,,153.8,613,,,,,,,,,,,,,,,,,,
2026-07-06T10:00:23.745397+00:00,2026-07-06T10:00:23.745340,1,1,153.65,0.3,153.5,825,,,,,,,,,,,,,,,,,,,153.8,113,,,,,,,,,,,,,,,,,,
2026-07-06T10:00:23.758626+00:00,2026-07-06T10:00:23.756997,1,2,153.65,0.3,153.5,825,,,,,,,,,,,,,,,,,,,153.8,113,154.7,500,,,,,,,,,,,,,,,,
2026-07-06T10:00:23.802548+00:00,2026-07-06T10:00:23.802451,1,2,153.65,0.3,153.5,625,,,,,,,,,,,,,,,,,,,153.8,113,154.7,500,,,,,,,,,,,,,,,,
2026-07-06T10:00:23.812981+00:00,2026-07-06T10:00:23.812908,1,2,153.65,0.3,153.5,825,,,,,,,,,,,,,,,,,,,153.8,113,154.7,500,,,,,,,,,,,,,,,,
2026-07-06T10:00:23.818315+00:00,2026-07-06T10:00:23.818129,1,2,153.65,0.3,153.5,825,,,,,,,,,,,,,,,,,,,153.8,313,154.7,500,,,,,,,,,,,,,,,,
2026-07-06T10:00:24.158799+00:00,2026-07-06T10:00:24.158677,1,2,153.65,0.3,153.5,200,,,,,,,,,,,,,,,,,,,153.8,200,154.7,500,,,,,,,,,,,,,,,,
2026-07-06T10:00:24.164118+00:00,2026-07-06T10:00:24.163918,2,2,153.75,0.1,153.7,625,153.5,200,,,,,,,,,,,,,,,,,153.8,200,154.7,500,,,,,,,,,,,,,,,,
2026-07-06T10:00:24.169233+00:00,2026-07-06T10:00:24.169176,2,3,153.75,0.1,153.7,625,153.5,200,,,,,,,,,,,,,,,,,153.8,200,154.0,625,154.7,500,,,,,,,,,,,,,,
2026-07-06T10:00:24.278168+00:00,2026-07-06T10:00:24.278038,2,2,153.75,0.1,153.7,625,153.5,200,,,,,,,,,,,,,,,,,153.8,200,154.0,625,,,,,,,,,,,,,,,,
2026-07-06T10:00:24.288497+00:00,2026-07-06T10:00:24.288627,3,1,153.95,0.1,153.9,300,153.7,625,153.5,200,,,,,,,,,,,,,,,154.0,625,,,,,,,,,,,,,,,,,,
2026-07-06T10:00:24.294088+00:00,2026-07-06T10:00:24.293956,3,2,153.95,0.1,153.9,300,153.7,625,153.5,200,,,,,,,,,,,,,,,154.0,625,154.7,500,,,,,,,,,,,,,,,,
2026-07-06T10:00:24.442063+00:00,2026-07-06T10:00:24.440767,3,2,153.95,0.1,153.9,278,153.7,625,153.5,200,,,,,,,,,,,,,,,154.0,625,154.7,500,,,,,,,,,,,,,,,,
2026-07-06T10:00:24.906957+00:00,2026-07-06T10:00:24.906780,2,2,153.85,0.3,153.7,625,153.5,200,,,,,,,,,,,,,,,,,154.0,625,154.7,500,,,,,,,,,,,,,,,,
2026-07-06T10:00:24.912159+00:00,2026-07-06T10:00:24.912098,2,1,153.85,0.3,153.7,625,153.5,200,,,,,,,,,,,,,,,,,154.0,625,,,,,,,,,,,,,,,,,,
2026-07-06T10:00:24.922670+00:00,2026-07-06T10:00:24.922541,3,1,153.95,0.1,153.9,500,153.7,625,153.5,200,,,,,,,,,,,,,,,154.0,625,,,,,,,,,,,,,,,,,,
2026-07-06T10:00:24.927656+00:00,2026-07-06T10:00:24.927837,3,2,153.95,0.1,153.9,500,153.7,625,153.5,200,,,,,,,,,,,,,,,154.0,625,154.8,500,,,,,,,,,,,,,,,,
2026-07-06T10:00:25.023828+00:00,2026-07-06T10:00:25.023730,3,2,153.95,0.1,153.9,500,153.7,625,153.6,200,,,,,,,,,,,,,,,154.0,625,154.8,500,,,,,,,,,,,,,,,,
2026-07-06T10:00:25.029156+00:00,2026-07-06T10:00:25.029002,3,2,153.95,0.1,153.9,300,153.7,625,153.6,200,,,,,,,,,,,,,,,154.0,625,154.8,500,,,,,,,,,,,,,,,,
2026-07-06T10:00:25.440671+00:00,2026-07-06T10:00:25.440548,3,2,153.95,0.1,153.9,294,153.7,625,153.6,200,,,,,,,,,,,,,,,154.0,625,154.8,500,,,,,,,,,,,,,,,,
2026-07-06T10:00:25.463541+00:00,2026-07-06T10:00:25.463447,2,2,153.95,0.1,153.9,294,153.6,200,,,,,,,,,,,,,,,,,154.0,625,154.8,500,,,,,,,,,,,,,,,,
2026-07-06T10:00:25.469025+00:00,2026-07-06T10:00:25.468932,2,1,154.35,0.9,153.9,294,153.6,825,,,,,,,,,,,,,,,,,154.8,500,,,,,,,,,,,,,,,,,,
2026-07-06T10:00:25.480024+00:00,2026-07-06T10:00:25.479952,1,2,153.75,0.3,153.6,825,,,,,,,,,,,,,,,,,,,153.9,331,154.8,500,,,,,,,,,,,,,,,,
2026-07-06T10:00:25.511831+00:00,2026-07-06T10:00:25.511610,1,1,153.75,0.3,153.6,825,,,,,,,,,,,,,,,,,,,153.9,331,,,,,,,,,,,,,,,,,,
2026-07-06T10:00:25.522447+00:00,2026-07-06T10:00:25.522280,2,0,,,153.9,169,153.6,825,,,,,,,,,,,,,,,,,,,,,,,,,,,,,,,,,,,,
2026-07-06T10:00:25.527684+00:00,2026-07-06T10:00:25.527631,2,1,154.3,0.8,153.9,169,153.6,825,,,,,,,,,,,,,,,,,154.7,500,,,,,,,,,,,,,,,,,,
2026-07-06T10:00:26.109200+00:00,2026-07-06T10:00:26.109154,1,1,154.15,1.1,153.6,825,,,,,,,,,,,,,,,,,,,154.7,500,,,,,,,,,,,,,,,,,,
2026-07-06T10:00:26.119833+00:00,2026-07-06T10:00:26.119658,1,0,,,153.6,825,,,,,,,,,,,,,,,,,,,,,,,,,,,,,,,,,,,,,,
2026-07-06T10:00:26.125102+00:00,2026-07-06T10:00:26.124970,2,0,,,153.8,500,153.6,825,,,,,,,,,,,,,,,,,,,,,,,,,,,,,,,,,,,,
2026-07-06T10:00:26.135577+00:00,2026-07-06T10:00:26.135447,2,1,154.25,0.9,153.8,500,153.6,825,,,,,,,,,,,,,,,,,154.7,500,,,,,,,,,,,,,,,,,,
2026-07-06T10:00:26.235362+00:00,2026-07-06T10:00:26.235303,2,1,154.25,0.9,153.8,500,153.6,825,,,,,,,,,,,,,,,,,154.7,500,,,,,,,,,,,,,,,,,,
2026-07-06T10:00:26.240661+00:00,2026-07-06T10:00:26.240574,2,1,154.25,0.9,153.8,300,153.6,825,,,,,,,,,,,,,,,,,154.7,500,,,,,,,,,,,,,,,,,,
2026-07-06T10:00:26.458695+00:00,2026-07-06T10:00:26.457383,2,1,154.25,0.9,153.8,299,153.6,825,,,,,,,,,,,,,,,,,154.7,500,,,,,,,,,,,,,,,,,,
2026-07-06T10:00:26.600142+00:00,2026-07-06T10:00:26.599996,2,1,154.25,0.9,153.8,279,153.6,825,,,,,,,,,,,,,,,,,154.7,500,,,,,,,,,,,,,,,,,,
2026-07-06T10:00:26.715138+00:00,2026-07-06T10:00:26.714966,1,1,154.15,1.1,153.6,825,,,,,,,,,,,,,,,,,,,154.7,500,,,,,,,,,,,,,,,,,,
2026-07-06T10:00:26.720361+00:00,2026-07-06T10:00:26.720327,1,0,,,153.6,825,,,,,,,,,,,,,,,,,,,,,,,,,,,,,,,,,,,,,,
2026-07-06T10:00:26.730935+00:00,2026-07-06T10:00:26.730799,2,0,,,153.7,500,153.6,825,,,,,,,,,,,,,,,,,,,,,,,,,,,,,,,,,,,,
2026-07-06T10:00:26.736313+00:00,2026-07-06T10:00:26.736136,2,1,154.15,0.9,153.7,500,153.6,825,,,,,,,,,,,,,,,,,154.6,500,,,,,,,,,,,,,,,,,,
2026-07-06T10:00:26.779922+00:00,2026-07-06T10:00:26.779765,2,1,154.15,0.9,153.7,500,153.6,200,,,,,,,,,,,,,,,,,154.6,500,,,,,,,,,,,,,,,,,,
2026-07-06T10:00:26.785265+00:00,2026-07-06T10:00:26.785092,3,1,154.3,0.6,154.0,625,153.7,500,153.6,200,,,,,,,,,,,,,,,154.6,500,,,,,,,,,,,,,,,,,,
2026-07-06T10:00:26.790565+00:00,2026-07-06T10:00:26.790419,3,2,154.15,0.3,154.0,625,153.7,500,153.6,200,,,,,,,,,,,,,,,154.3,625,154.6,500,,,,,,,,,,,,,,,,
2026-07-06T10:00:27.316836+00:00,2026-07-06T10:00:27.316672,2,2,154.15,0.3,154.0,625,153.6,200,,,,,,,,,,,,,,,,,154.3,625,154.6,500,,,,,,,,,,,,,,,,
2026-07-06T10:00:27.322129+00:00,2026-07-06T10:00:27.321982,2,1,154.15,0.3,154.0,625,153.6,200,,,,,,,,,,,,,,,,,154.3,625,,,,,,,,,,,,,,,,,,
2026-07-06T10:00:27.327312+00:00,2026-07-06T10:00:27.327281,2,1,154.15,0.3,154.0,625,153.6,700,,,,,,,,,,,,,,,,,154.3,625,,,,,,,,,,,,,,,,,,
2026-07-06T10:00:27.337924+00:00,2026-07-06T10:00:27.337780,2,2,154.15,0.3,154.0,625,153.6,700,,,,,,,,,,,,,,,,,154.3,625,154.5,500,,,,,,,,,,,,,,,,
2026-07-06T10:00:27.446077+00:00,2026-07-06T10:00:27.446027,3,2,154.15,0.3,154.0,625,153.7,200,153.6,500,,,,,,,,,,,,,,,154.3,625,154.5,500,,,,,,,,,,,,,,,,
2026-07-06T10:00:27.451148+00:00,2026-07-06T10:00:27.451303,3,2,154.15,0.3,154.0,425,153.7,200,153.6,500,,,,,,,,,,,,,,,154.3,625,154.5,500,,,,,,,,,,,,,,,,
2026-07-06T10:00:27.917869+00:00,2026-07-06T10:00:27.917783,2,2,154.15,0.3,154.0,425,153.7,200,,,,,,,,,,,,,,,,,154.3,625,154.5,500,,,,,,,,,,,,,,,,
2026-07-06T10:00:27.923159+00:00,2026-07-06T10:00:27.923090,2,1,154.15,0.3,154.0,425,153.7,200,,,,,,,,,,,,,,,,,154.3,625,,,,,,,,,,,,,,,,,,
2026-07-06T10:00:27.933771+00:00,2026-07-06T10:00:27.933540,3,1,154.15,0.3,154.0,425,153.7,200,153.6,500,,,,,,,,,,,,,,,154.3,625,,,,,,,,,,,,,,,,,,
2026-07-06T10:00:27.938937+00:00,2026-07-06T10:00:27.938848,3,2,154.15,0.3,154.0,425,153.7,200,153.6,500,,,,,,,,,,,,,,,154.3,625,154.5,500,,,,,,,,,,,,,,,,
2026-07-06T10:00:28.090182+00:00,2026-07-06T10:00:28.090131,2,2,154.0,0.6,153.7,200,153.6,500,,,,,,,,,,,,,,,,,154.3,625,154.5,500,,,,,,,,,,,,,,,,
2026-07-06T10:00:28.095243+00:00,2026-07-06T10:00:28.095460,3,1,154.25,0.5,154.0,625,153.7,200,153.6,500,,,,,,,,,,,,,,,154.5,500,,,,,,,,,,,,,,,,,,
2026-07-06T10:00:28.100745+00:00,2026-07-06T10:00:28.100674,3,2,154.15,0.3,154.0,625,153.7,200,153.6,500,,,,,,,,,,,,,,,154.3,625,154.5,500,,,,,,,,,,,,,,,,
2026-07-06T10:00:28.522361+00:00,2026-07-06T10:00:28.522229,2,2,154.15,0.3,154.0,625,153.7,200,,,,,,,,,,,,,,,,,154.3,625,154.5,500,,,,,,,,,,,,,,,,
2026-07-06T10:00:28.527377+00:00,2026-07-06T10:00:28.527555,2,1,154.15,0.3,154.0,625,153.7,200,,,,,,,,,,,,,,,,,154.3,625,,,,,,,,,,,,,,,,,,
2026-07-06T10:00:28.538105+00:00,2026-07-06T10:00:28.538034,3,1,154.15,0.3,154.0,625,153.7,200,153.6,500,,,,,,,,,,,,,,,154.3,625,,,,,,,,,,,,,,,,,,
2026-07-06T10:00:28.548744+00:00,2026-07-06T10:00:28.548600,3,2,154.15,0.3,154.0,625,153.7,200,153.6,500,,,,,,,,,,,,,,,154.3,625,154.4,500,,,,,,,,,,,,,,,,
2026-07-06T10:00:28.658590+00:00,2026-07-06T10:00:28.657001,3,2,154.15,0.3,154.0,425,153.7,200,153.6,500,,,,,,,,,,,,,,,154.3,625,154.4,500,,,,,,,,,,,,,,,,
2026-07-06T10:00:29.119521+00:00,2026-07-06T10:00:29.119490,2,2,154.15,0.3,154.0,425,153.7,200,,,,,,,,,,,,,,,,,154.3,625,154.4,500,,,,,,,,,,,,,,,,
2026-07-06T10:00:29.130110+00:00,2026-07-06T10:00:29.129994,2,1,154.15,0.3,154.0,425,153.7,200,,,,,,,,,,,,,,,,,154.3,625,,,,,,,,,,,,,,,,,,
2026-07-06T10:00:29.135393+00:00,2026-07-06T10:00:29.135337,3,1,154.15,0.3,154.0,425,153.7,200,153.5,500,,,,,,,,,,,,,,,154.3,625,,,,,,,,,,,,,,,,,,
2026-07-06T10:00:29.145928+00:00,2026-07-06T10:00:29.145814,3,2,154.15,0.3,154.0,425,153.7,200,153.5,500,,,,,,,,,,,,,,,154.3,625,154.4,500,,,,,,,,,,,,,,,,
2026-07-06T10:00:29.401648+00:00,2026-07-06T10:00:29.401527,2,2,154.0,0.6,153.7,200,153.5,500,,,,,,,,,,,,,,,,,154.3,625,154.4,500,,,,,,,,,,,,,,,,
2026-07-06T10:00:29.406899+00:00,2026-07-06T10:00:29.406823,3,1,154.15,0.5,153.9,625,153.7,200,153.5,500,,,,,,,,,,,,,,,154.4,500,,,,,,,,,,,,,,,,,,
2026-07-06T10:00:29.412149+00:00,2026-07-06T10:00:29.412013,3,2,154.05,0.3,153.9,625,153.7,200,153.5,500,,,,,,,,,,,,,,,154.2,625,154.4,500,,,,,,,,,,,,,,,,
2026-07-06T10:00:29.488738+00:00,2026-07-06T10:00:29.488908,3,2,154.05,0.3,153.9,625,153.7,200,153.5,500,,,,,,,,,,,,,,,154.2,622,154.4,500,,,,,,,,,,,,,,,,
2026-07-06T10:00:29.728035+00:00,2026-07-06T10:00:29.727831,2,2,154.05,0.3,153.9,625,153.7,200,,,,,,,,,,,,,,,,,154.2,622,154.4,500,,,,,,,,,,,,,,,,
2026-07-06T10:00:29.733303+00:00,2026-07-06T10:00:29.733189,2,1,154.05,0.3,153.9,625,153.7,200,,,,,,,,,,,,,,,,,154.2,622,,,,,,,,,,,,,,,,,,
2026-07-06T10:00:29.738596+00:00,2026-07-06T10:00:29.738502,3,1,154.05,0.3,153.9,625,153.7,200,153.4,500,,,,,,,,,,,,,,,154.2,622,,,,,,,,,,,,,,,,,,
2026-07-06T10:00:29.749173+00:00,2026-07-06T10:00:29.748988,3,2,154.05,0.3,153.9,625,153.7,200,153.4,500,,,,,,,,,,,,,,,154.2,622,154.3,500,,,,,,,,,,,,,,,,
2026-07-06T10:00:29.869486+00:00,2026-07-06T10:00:29.869370,3,2,154.1,0.2,154.0,200,153.9,625,153.4,500,,,,,,,,,,,,,,,154.2,622,154.3,500,,,,,,,,,,,,,,,,
2026-07-06T10:00:29.874667+00:00,2026-07-06T10:00:29.874594,3,2,154.1,0.2,154.0,200,153.9,625,153.4,500,,,,,,,,,,,,,,,154.2,822,154.3,500,,,,,,,,,,,,,,,,
2026-07-06T10:00:30.329015+00:00,2026-07-06T10:00:30.329206,2,2,154.1,0.2,154.0,200,153.9,625,,,,,,,,,,,,,,,,,154.2,822,154.3,500,,,,,,,,,,,,,,,,
2026-07-06T10:00:30.334644+00:00,2026-07-06T10:00:30.334555,2,1,154.1,0.2,154.0,200,153.9,625,,,,,,,,,,,,,,,,,154.2,822,,,,,,,,,,,,,,,,,,
2026-07-06T10:00:30.340027+00:00,2026-07-06T10:00:30.339867,3,1,154.1,0.2,154.0,200,153.9,625,153.5,500,,,,,,,,,,,,,,,154.2,822,,,,,,,,,,,,,,,,,,
2026-07-06T10:00:30.350468+00:00,2026-07-06T10:00:30.350354,3,2,154.1,0.2,154.0,200,153.9,625,153.5,500,,,,,,,,,,,,,,,154.2,822,154.4,500,,,,,,,,,,,,,,,,
2026-07-06T10:00:30.720454+00:00,2026-07-06T10:00:30.719354,2,3,154.1,0.2,154.0,825,153.5,500,,,,,,,,,,,,,,,,,154.2,178,154.3,625,154.4,500,,,,,,,,,,,,,,
2026-07-06T10:00:30.958687+00:00,2026-07-06T10:00:30.957208,1,2,154.1,0.2,154.0,825,,,,,,,,,,,,,,,,,,,154.2,178,154.3,625,,,,,,,,,,,,,,,,
2026-07-06T10:00:30.974902+00:00,2026-07-06T10:00:30.974811,2,2,154.1,0.2,154.0,825,153.5,500,,,,,,,,,,,,,,,,,154.2,178,154.3,625,,,,,,,,,,,,,,,,
2026-07-06T10:00:30.985110+00:00,2026-07-06T10:00:30.985237,2,3,154.1,0.2,154.0,825,153.5,500,,,,,,,,,,,,,,,,,154.2,178,154.3,625,154.4,500,,,,,,,,,,,,,,
2026-07-06T10:00:31.078834+00:00,2026-07-06T10:00:31.078698,2,2,154.15,0.3,154.0,625,153.5,500,,,,,,,,,,,,,,,,,154.3,625,154.4,500,,,,,,,,,,,,,,,,
2026-07-06T10:00:31.084050+00:00,2026-07-06T10:00:31.084009,3,3,154.1,0.2,154.0,625,153.9,200,153.5,500,,,,,,,,,,,,,,,154.2,200,154.3,625,154.4,500,,,,,,,,,,,,,,
2026-07-06T10:00:31.508872+00:00,2026-07-06T10:00:31.508808,3,3,154.1,0.2,154.0,625,153.9,200,153.5,500,,,,,,,,,,,,,,,154.2,192,154.3,625,154.4,500,,,,,,,,,,,,,,
2026-07-06T10:00:31.558597+00:00,2026-07-06T10:00:31.556068,2,2,154.1,0.2,154.0,625,153.9,200,,,,,,,,,,,,,,,,,154.2,192,154.3,625,,,,,,,,,,,,,,,,
2026-07-06T10:00:31.569398+00:00,2026-07-06T10:00:31.569326,3,2,154.1,0.2,154.0,625,153.9,200,153.4,500,,,,,,,,,,,,,,,154.2,192,154.3,625,,,,,,,,,,,,,,,,
2026-07-06T10:00:31.579911+00:00,2026-07-06T10:00:31.579863,3,2,154.1,0.2,154.0,625,153.9,200,153.4,500,,,,,,,,,,,,,,,154.2,192,154.3,1125,,,,,,,,,,,,,,,,
2026-07-06T10:00:31.590445+00:00,2026-07-06T10:00:31.590315,3,2,154.1,0.2,154.0,625,153.9,200,153.4,500,,,,,,,,,,,,,,,154.2,184,154.3,1125,,,,,,,,,,,,,,,,
2026-07-06T10:00:32.026224+00:00,2026-07-06T10:00:32.026138,2,2,154.05,0.3,153.9,200,153.4,500,,,,,,,,,,,,,,,,,154.2,184,154.3,500,,,,,,,,,,,,,,,,
2026-07-06T10:00:32.031490+00:00,2026-07-06T10:00:32.031366,3,3,154.15,0.1,154.1,625,153.9,200,153.4,500,,,,,,,,,,,,,,,154.2,184,154.3,500,154.4,625,,,,,,,,,,,,,,
2026-07-06T10:00:32.158723+00:00,2026-07-06T10:00:32.154799,2,3,154.15,0.1,154.1,625,153.9,200,,,,,,,,,,,,,,,,,154.2,184,154.3,500,154.4,625,,,,,,,,,,,,,,
2026-07-06T10:00:32.163836+00:00,2026-07-06T10:00:32.163796,2,2,154.15,0.1,154.1,625,153.9,200,,,,,,,,,,,,,,,,,154.2,184,154.4,625,,,,,,,,,,,,,,,,
2026-07-06T10:00:32.174466+00:00,2026-07-06T10:00:32.174243,3,2,154.15,0.1,154.1,625,153.9,200,153.4,500,,,,,,,,,,,,,,,154.2,184,154.4,625,,,,,,,,,,,,,,,,
2026-07-06T10:00:32.179762+00:00,2026-07-06T10:00:32.179558,3,2,154.15,0.1,154.1,625,153.9,200,153.4,500,,,,,,,,,,,,,,,154.2,684,154.4,625,,,,,,,,,,,,,,,,
2026-07-06T10:00:32.289747+00:00,2026-07-06T10:00:32.289703,2,2,154.15,0.1,154.1,625,153.4,500,,,,,,,,,,,,,,,,,154.2,684,154.4,625,,,,,,,,,,,,,,,,
2026-07-06T10:00:32.295152+00:00,2026-07-06T10:00:32.294950,2,2,154.15,0.1,154.1,625,153.4,500,,,,,,,,,,,,,,,,,154.2,500,154.4,625,,,,,,,,,,,,,,,,
2026-07-06T10:00:32.300320+00:00,2026-07-06T10:00:32.300258,3,2,154.15,0.1,154.1,625,154.0,200,153.4,500,,,,,,,,,,,,,,,154.2,700,154.4,625,,,,,,,,,,,,,,,,
2026-07-06T10:00:32.758584+00:00,2026-07-06T10:00:32.757699,2,2,154.15,0.1,154.1,625,154.0,200,,,,,,,,,,,,,,,,,154.2,700,154.4,625,,,,,,,,,,,,,,,,
2026-07-06T10:00:32.769571+00:00,2026-07-06T10:00:32.769339,2,2,154.15,0.1,154.1,625,154.0,200,,,,,,,,,,,,,,,,,154.2,200,154.4,625,,,,,,,,,,,,,,,,
2026-07-06T10:00:32.774864+00:00,2026-07-06T10:00:32.774647,3,2,154.15,0.1,154.1,625,154.0,200,153.4,500,,,,,,,,,,,,,,,154.2,200,154.4,625,,,,,,,,,,,,,,,,
2026-07-06T10:00:32.780064+00:00,2026-07-06T10:00:32.779967,3,2,154.15,0.1,154.1,625,154.0,200,153.4,500,,,,,,,,,,,,,,,154.2,700,154.4,625,,,,,,,,,,,,,,,,
2026-07-06T10:00:33.334968+00:00,2026-07-06T10:00:33.335110,2,2,154.1,0.2,154.0,200,153.4,500,,,,,,,,,,,,,,,,,154.2,700,154.4,625,,,,,,,,,,,,,,,,
2026-07-06T10:00:33.340480+00:00,2026-07-06T10:00:33.340377,3,1,154.15,0.1,154.1,625,154.0,200,153.4,500,,,,,,,,,,,,,,,154.2,700,,,,,,,,,,,,,,,,,,
2026-07-06T10:00:33.345629+00:00,2026-07-06T10:00:33.345568,3,2,154.15,0.1,154.1,625,154.0,200,153.4,500,,,,,,,,,,,,,,,154.2,700,154.3,625,,,,,,,,,,,,,,,,
2026-07-06T10:00:33.358648+00:00,2026-07-06T10:00:33.357382,2,2,154.15,0.1,154.1,625,154.0,200,,,,,,,,,,,,,,,,,154.2,700,154.3,625,,,,,,,,,,,,,,,,
2026-07-06T10:00:33.369768+00:00,2026-07-06T10:00:33.369655,2,2,154.15,0.1,154.1,625,154.0,200,,,,,,,,,,,,,,,,,154.2,200,154.3,625,,,,,,,,,,,,,,,,
2026-07-06T10:00:33.380295+00:00,2026-07-06T10:00:33.380113,3,2,154.15,0.1,154.1,625,154.0,200,153.3,500,,,,,,,,,,,,,,,154.2,200,154.3,625,,,,,,,,,,,,,,,,
2026-07-06T10:00:33.385483+00:00,2026-07-06T10:00:33.385413,3,2,154.15,0.1,154.1,625,154.0,200,153.3,500,,,,,,,,,,,,,,,154.2,700,154.3,625,,,,,,,,,,,,,,,,
2026-07-06T10:00:33.506827+00:00,2026-07-06T10:00:33.506699,2,2,154.15,0.1,154.1,625,153.3,500,,,,,,,,,,,,,,,,,154.2,500,154.3,625,,,,,,,,,,,,,,,,
2026-07-06T10:00:33.512092+00:00,2026-07-06T10:00:33.512030,2,2,154.15,0.1,154.1,825,153.3,500,,,,,,,,,,,,,,,,,154.2,500,154.3,825,,,,,,,,,,,,,,,,
2026-07-06T10:00:33.968134+00:00,2026-07-06T10:00:33.967916,1,2,154.15,0.1,154.1,825,,,,,,,,,,,,,,,,,,,154.2,500,154.3,825,,,,,,,,,,,,,,,,
2026-07-06T10:00:33.973277+00:00,2026-07-06T10:00:33.973243,1,1,154.2,0.2,154.1,825,,,,,,,,,,,,,,,,,,,154.3,825,,,,,,,,,,,,,,,,,,
2026-07-06T10:00:33.983931+00:00,2026-07-06T10:00:33.983764,2,1,154.2,0.2,154.1,825,153.3,500,,,,,,,,,,,,,,,,,154.3,825,,,,,,,,,,,,,,,,,,
2026-07-06T10:00:33.994349+00:00,2026-07-06T10:00:33.994242,2,2,154.15,0.1,154.1,825,153.3,500,,,,,,,,,,,,,,,,,154.2,500,154.3,825,,,,,,,,,,,,,,,,
2026-07-06T10:00:34.114756+00:00,2026-07-06T10:00:34.114574,2,2,154.15,0.1,154.1,818,153.3,500,,,,,,,,,,,,,,,,,154.2,500,154.3,825,,,,,,,,,,,,,,,,
2026-07-06T10:00:34.570835+00:00,2026-07-06T10:00:34.570610,1,2,154.15,0.1,154.1,818,,,,,,,,,,,,,,,,,,,154.2,500,154.3,825,,,,,,,,,,,,,,,,
2026-07-06T10:00:34.575988+00:00,2026-07-06T10:00:34.575929,1,1,154.2,0.2,154.1,818,,,,,,,,,,,,,,,,,,,154.3,825,,,,,,,,,,,,,,,,,,
2026-07-06T10:00:34.586559+00:00,2026-07-06T10:00:34.586397,2,1,154.2,0.2,154.1,818,153.2,500,,,,,,,,,,,,,,,,,154.3,825,,,,,,,,,,,,,,,,,,
2026-07-06T10:00:34.597043+00:00,2026-07-06T10:00:34.596937,2,1,154.2,0.2,154.1,318,153.2,500,,,,,,,,,,,,,,,,,154.3,825,,,,,,,,,,,,,,,,,,
2026-07-06T10:00:34.645088+00:00,2026-07-06T10:00:34.645019,2,1,154.2,0.2,154.1,200,153.2,500,,,,,,,,,,,,,,,,,154.3,825,,,,,,,,,,,,,,,,,,
2026-07-06T10:00:34.650419+00:00,2026-07-06T10:00:34.650267,3,1,154.2,0.2,154.1,200,153.8,625,153.2,500,,,,,,,,,,,,,,,154.3,200,,,,,,,,,,,,,,,,,,
2026-07-06T10:00:34.658702+00:00,2026-07-06T10:00:34.655503,2,2,153.95,0.3,153.8,625,153.2,500,,,,,,,,,,,,,,,,,154.1,425,154.3,200,,,,,,,,,,,,,,,,
2026-07-06T10:00:34.735375+00:00,2026-07-06T10:00:34.735313,3,1,154.05,0.1,154.0,200,153.8,625,153.2,500,,,,,,,,,,,,,,,154.1,425,,,,,,,,,,,,,,,,,,
2026-07-06T10:00:34.740688+00:00,2026-07-06T10:00:34.740586,3,2,154.05,0.1,154.0,200,153.8,625,153.2,500,,,,,,,,,,,,,,,154.1,425,154.3,200,,,,,,,,,,,,,,,,
2026-07-06T10:00:35.173403+00:00,2026-07-06T10:00:35.173222,2,2,154.05,0.1,154.0,200,153.8,625,,,,,,,,,,,,,,,,,154.1,425,154.3,200,,,,,,,,,,,,,,,,
2026-07-06T10:00:35.178667+00:00,2026-07-06T10:00:35.178554,3,2,154.05,0.1,154.0,200,153.8,625,153.1,500,,,,,,,,,,,,,,,154.1,425,154.3,200,,,,,,,,,,,,,,,,
2026-07-06T10:00:35.189206+00:00,2026-07-06T10:00:35.189076,2,3,153.9,0.2,153.8,625,153.1,500,,,,,,,,,,,,,,,,,154.0,300,154.1,425,154.3,200,,,,,,,,,,,,,,
2026-07-06T10:00:35.775034+00:00,2026-07-06T10:00:35.774884,1,3,153.9,0.2,153.8,625,,,,,,,,,,,,,,,,,,,154.0,300,154.1,425,154.3,200,,,,,,,,,,,,,,
2026-07-06T10:00:35.780281+00:00,2026-07-06T10:00:35.780181,1,2,153.95,0.3,153.8,625,,,,,,,,,,,,,,,,,,,154.1,425,154.3,200,,,,,,,,,,,,,,,,
2026-07-06T10:00:35.790769+00:00,2026-07-06T10:00:35.790606,2,2,153.95,0.3,153.8,625,153.1,500,,,,,,,,,,,,,,,,,154.1,425,154.3,200,,,,,,,,,,,,,,,,
2026-07-06T10:00:35.796080+00:00,2026-07-06T10:00:35.795900,2,3,153.9,0.2,153.8,625,153.1,500,,,,,,,,,,,,,,,,,154.0,500,154.1,425,154.3,200,,,,,,,,,,,,,,
2026-07-06T10:00:35.946667+00:00,2026-07-06T10:00:35.946530,2,2,153.9,0.2,153.8,625,153.1,500,,,,,,,,,,,,,,,,,154.0,500,154.1,425,,,,,,,,,,,,,,,,
2026-07-06T10:00:35.951892+00:00,2026-07-06T10:00:35.951838,3,3,153.95,0.1,153.9,200,153.8,625,153.1,500,,,,,,,,,,,,,,,154.0,500,154.1,425,154.2,200,,,,,,,,,,,,,,
2026-07-06T10:00:35.958679+00:00,2026-07-06T10:00:35.957311,2,2,153.95,0.1,153.9,825,153.1,500,,,,,,,,,,,,,,,,,154.0,500,154.2,200,,,,,,,,,,,,,,,,
2026-07-06T10:00:35.969174+00:00,2026-07-06T10:00:35.969058,2,2,153.95,0.1,153.9,825,153.1,500,,,,,,,,,,,,,,,,,154.0,500,154.2,825,,,,,,,,,,,,,,,,
2026-07-06T10:00:36.384301+00:00,2026-07-06T10:00:36.384204,1,2,153.95,0.1,153.9,825,,,,,,,,,,,,,,,,,,,154.0,500,154.2,825,,,,,,,,,,,,,,,,
2026-07-06T10:00:36.389618+00:00,2026-07-06T10:00:36.389513,1,1,154.05,0.3,153.9,825,,,,,,,,,,,,,,,,,,,154.2,825,,,,,,,,,,,,,,,,,,
2026-07-06T10:00:36.400125+00:00,2026-07-06T10:00:36.400023,2,1,154.05,0.3,153.9,825,153.1,500,,,,,,,,,,,,,,,,,154.2,825,,,,,,,,,,,,,,,,,,
2026-07-06T10:00:36.405508+00:00,2026-07-06T10:00:36.405342,2,2,153.95,0.1,153.9,825,153.1,500,,,,,,,,,,,,,,,,,154.0,500,154.2,825,,,,,,,,,,,,,,,,
2026-07-06T10:00:36.540636+00:00,2026-07-06T10:00:36.540581,2,2,153.95,0.1,153.9,825,153.1,500,,,,,,,,,,,,,,,,,154.0,491,154.2,825,,,,,,,,,,,,,,,,
2026-07-06T10:00:36.669352+00:00,2026-07-06T10:00:36.669256,2,2,153.95,0.1,153.9,817,153.1,500,,,,,,,,,,,,,,,,,154.0,491,154.2,825,,,,,,,,,,,,,,,,
2026-07-06T10:00:37.012089+00:00,2026-07-06T10:00:37.011943,1,2,153.95,0.1,153.9,817,,,,,,,,,,,,,,,,,,,154.0,491,154.2,825,,,,,,,,,,,,,,,,
2026-07-06T10:00:37.017503+00:00,2026-07-06T10:00:37.017303,1,1,154.05,0.3,153.9,817,,,,,,,,,,,,,,,,,,,154.2,825,,,,,,,,,,,,,,,,,,
2026-07-06T10:00:37.022713+00:00,2026-07-06T10:00:37.022619,2,1,154.05,0.3,153.9,817,153.0,500,,,,,,,,,,,,,,,,,154.2,825,,,,,,,,,,,,,,,,,,
2026-07-06T10:00:37.033291+00:00,2026-07-06T10:00:37.033231,2,1,154.05,0.3,153.9,317,153.0,500,,,,,,,,,,,,,,,,,154.2,825,,,,,,,,,,,,,,,,,,
2026-07-06T10:00:37.087789+00:00,2026-07-06T10:00:37.087695,2,1,154.05,0.3,153.9,297,153.0,500,,,,,,,,,,,,,,,,,154.2,825,,,,,,,,,,,,,,,,,,
2026-07-06T10:00:37.114026+00:00,2026-07-06T10:00:37.112867,2,1,154.05,0.3,153.9,275,153.0,500,,,,,,,,,,,,,,,,,154.2,825,,,,,,,,,,,,,,,,,,
2026-07-06T10:00:37.156194+00:00,2026-07-06T10:00:37.156108,2,1,154.05,0.3,153.9,275,153.0,500,,,,,,,,,,,,,,,,,154.2,625,,,,,,,,,,,,,,,,,,
2026-07-06T10:00:37.161542+00:00,2026-07-06T10:00:37.161422,3,2,153.95,0.1,153.9,275,153.8,200,153.0,500,,,,,,,,,,,,,,,154.0,200,154.2,625,,,,,,,,,,,,,,,,
2026-07-06T10:00:37.271181+00:00,2026-07-06T10:00:37.271115,2,2,153.9,0.2,153.8,200,153.0,500,,,,,,,,,,,,,,,,,154.0,200,154.2,625,,,,,,,,,,,,,,,,
2026-07-06T10:00:37.276210+00:00,2026-07-06T10:00:37.276387,2,1,153.9,0.2,153.8,200,153.0,500,,,,,,,,,,,,,,,,,154.0,200,,,,,,,,,,,,,,,,,,
2026-07-06T10:00:37.281828+00:00,2026-07-06T10:00:37.281665,3,1,153.95,0.1,153.9,625,153.8,200,153.0,500,,,,,,,,,,,,,,,154.0,200,,,,,,,,,,,,,,,,,,
2026-07-06T10:00:37.287109+00:00,2026-07-06T10:00:37.286952,3,2,153.95,0.1,153.9,625,153.8,200,153.0,500,,,,,,,,,,,,,,,154.0,200,154.1,625,,,,,,,,,,,,,,,,
2026-07-06T10:00:37.614188+00:00,2026-07-06T10:00:37.614059,2,2,153.95,0.1,153.9,625,153.8,200,,,,,,,,,,,,,,,,,154.0,200,154.1,625,,,,,,,,,,,,,,,,
2026-07-06T10:00:37.619503+00:00,2026-07-06T10:00:37.619407,3,2,153.95,0.1,153.9,625,153.8,200,153.0,500,,,,,,,,,,,,,,,154.0,200,154.1,625,,,,,,,,,,,,,,,,
2026-07-06T10:00:37.630147+00:00,2026-07-06T10:00:37.629947,3,2,153.95,0.1,153.9,125,153.8,200,153.0,500,,,,,,,,,,,,,,,154.0,200,154.1,625,,,,,,,,,,,,,,,,
2026-07-06T10:00:38.216692+00:00,2026-07-06T10:00:38.216591,2,2,153.95,0.1,153.9,125,153.8,200,,,,,,,,,,,,,,,,,154.0,200,154.1,625,,,,,,,,,,,,,,,,
2026-07-06T10:00:38.227287+00:00,2026-07-06T10:00:38.227176,3,2,153.95,0.1,153.9,125,153.8,200,153.0,500,,,,,,,,,,,,,,,154.0,200,154.1,625,,,,,,,,,,,,,,,,
2026-07-06T10:00:38.237875+00:00,2026-07-06T10:00:38.237811,1,3,153.4,0.8,153.0,500,,,,,,,,,,,,,,,,,,,153.8,175,154.0,200,154.1,625,,,,,,,,,,,,,,
2026-07-06T10:00:38.367618+00:00,2026-07-06T10:00:38.367465,1,2,153.4,0.8,153.0,500,,,,,,,,,,,,,,,,,,,153.8,175,154.1,625,,,,,,,,,,,,,,,,
2026-07-06T10:00:38.372997+00:00,2026-07-06T10:00:38.372823,2,1,153.95,0.3,153.8,25,153.0,500,,,,,,,,,,,,,,,,,154.1,625,,,,,,,,,,,,,,,,,,
2026-07-06T10:00:38.378141+00:00,2026-07-06T10:00:38.378075,2,2,153.9,0.2,153.8,25,153.0,500,,,,,,,,,,,,,,,,,154.0,200,154.1,625,,,,,,,,,,,,,,,,
2026-07-06T10:00:38.590260+00:00,2026-07-06T10:00:38.590148,2,1,153.9,0.2,153.8,25,153.0,500,,,,,,,,,,,,,,,,,154.0,200,,,,,,,,,,,,,,,,,,
2026-07-06T10:00:38.595559+00:00,2026-07-06T10:00:38.595458,3,1,153.9,0.2,153.8,25,153.4,625,153.0,500,,,,,,,,,,,,,,,154.0,200,,,,,,,,,,,,,,,,,,
2026-07-06T10:00:38.611937+00:00,2026-07-06T10:00:38.610651,2,2,153.5,0.2,153.4,625,153.0,500,,,,,,,,,,,,,,,,,153.6,578,154.0,200,,,,,,,,,,,,,,,,
2026-07-06T10:00:38.818398+00:00,2026-07-06T10:00:38.818284,1,2,153.5,0.2,153.4,625,,,,,,,,,,,,,,,,,,,153.6,578,154.0,200,,,,,,,,,,,,,,,,
2026-07-06T10:00:38.823739+00:00,2026-07-06T10:00:38.823629,2,2,153.5,0.2,153.4,625,153.0,500,,,,,,,,,,,,,,,,,153.6,578,154.0,200,,,,,,,,,,,,,,,,
2026-07-06T10:00:38.834246+00:00,2026-07-06T10:00:38.834128,2,3,153.5,0.2,153.4,625,153.0,500,,,,,,,,,,,,,,,,,153.6,578,153.9,500,154.0,200,,,,,,,,,,,,,,
2026-07-06T10:00:39.422578+00:00,2026-07-06T10:00:39.422421,1,3,153.5,0.2,153.4,625,,,,,,,,,,,,,,,,,,,153.6,578,153.9,500,154.0,200,,,,,,,,,,,,,,
2026-07-06T10:00:39.427881+00:00,2026-07-06T10:00:39.427745,1,2,153.5,0.2,153.4,625,,,,,,,,,,,,,,,,,,,153.6,578,154.0,200,,,,,,,,,,,,,,,,
2026-07-06T10:00:39.438317+00:00,2026-07-06T10:00:39.438295,2,2,153.5,0.2,153.4,625,153.1,500,,,,,,,,,,,,,,,,,153.6,578,154.0,200,,,,,,,,,,,,,,,,
2026-07-06T10:00:39.458801+00:00,2026-07-06T10:00:39.458647,2,3,153.5,0.2,153.4,625,153.1,500,,,,,,,,,,,,,,,,,153.6,578,153.9,500,154.0,200,,,,,,,,,,,,,,
2026-07-06T10:00:39.580644+00:00,2026-07-06T10:00:39.580773,2,2,153.5,0.2,153.4,625,153.1,500,,,,,,,,,,,,,,,,,153.6,578,153.9,500,,,,,,,,,,,,,,,,
2026-07-06T10:00:39.591403+00:00,2026-07-06T10:00:39.591307,2,3,153.5,0.2,153.4,625,153.1,500,,,,,,,,,,,,,,,,,153.6,378,153.9,500,154.0,200,,,,,,,,,,,,,,
2026-07-06T10:00:39.903517+00:00,2026-07-06T10:00:39.903436,1,3,153.35,0.5,153.1,500,,,,,,,,,,,,,,,,,,,153.6,378,153.9,500,154.0,200,,,,,,,,,,,,,,
2026-07-06T10:00:39.908787+00:00,2026-07-06T10:00:39.908713,2,2,153.75,0.3,153.6,625,153.1,500,,,,,,,,,,,,,,,,,153.9,500,154.0,200,,,,,,,,,,,,,,,,
2026-07-06T10:00:39.914023+00:00,2026-07-06T10:00:39.913956,2,3,153.7,0.2,153.6,625,153.1,500,,,,,,,,,,,,,,,,,153.8,625,153.9,500,154.0,200,,,,,,,,,,,,,,
2026-07-06T10:00:40.025360+00:00,2026-07-06T10:00:40.025219,1,3,153.7,0.2,153.6,625,,,,,,,,,,,,,,,,,,,153.8,625,153.9,500,154.0,200,,,,,,,,,,,,,,
2026-07-06T10:00:40.030618+00:00,2026-07-06T10:00:40.030534,1,2,153.7,0.2,153.6,625,,,,,,,,,,,,,,,,,,,153.8,625,154.0,200,,,,,,,,,,,,,,,,
2026-07-06T10:00:40.041229+00:00,2026-07-06T10:00:40.040978,2,2,153.7,0.2,153.6,625,153.0,500,,,,,,,,,,,,,,,,,153.8,625,154.0,200,,,,,,,,,,,,,,,,
2026-07-06T10:00:40.046373+00:00,2026-07-06T10:00:40.046287,2,3,153.7,0.2,153.6,625,153.0,500,,,,,,,,,,,,,,,,,153.8,625,153.9,500,154.0,200,,,,,,,,,,,,,,
2026-07-06T10:00:40.629350+00:00,2026-07-06T10:00:40.629228,1,3,153.7,0.2,153.6,625,,,,,,,,,,,,,,,,,,,153.8,625,153.9,500,154.0,200,,,,,,,,,,,,,,
2026-07-06T10:00:40.634634+00:00,2026-07-06T10:00:40.634547,1,2,153.7,0.2,153.6,625,,,,,,,,,,,,,,,,,,,153.8,625,154.0,200,,,,,,,,,,,,,,,,
2026-07-06T10:00:40.645160+00:00,2026-07-06T10:00:40.645083,2,2,153.7,0.2,153.6,625,153.0,500,,,,,,,,,,,,,,,,,153.8,625,154.0,200,,,,,,,,,,,,,,,,
2026-07-06T10:00:40.655684+00:00,2026-07-06T10:00:40.655565,2,2,153.7,0.2,153.6,625,153.0,500,,,,,,,,,,,,,,,,,153.8,1125,154.0,200,,,,,,,,,,,,,,,,
2026-07-06T10:00:40.796605+00:00,2026-07-06T10:00:40.796500,2,1,153.7,0.2,153.6,625,153.0,500,,,,,,,,,,,,,,,,,153.8,1125,,,,,,,,,,,,,,,,,,
2026-07-06T10:00:40.801901+00:00,2026-07-06T10:00:40.801789,2,2,153.7,0.2,153.6,825,153.0,500,,,,,,,,,,,,,,,,,153.8,1125,153.9,200,,,,,,,,,,,,,,,,
2026-07-06T10:00:41.215838+00:00,2026-07-06T10:00:41.215756,2,2,153.7,0.2,153.6,200,153.0,500,,,,,,,,,,,,,,,,,153.8,1125,153.9,200,,,,,,,,,,,,,,,,
2026-07-06T10:00:41.221148+00:00,2026-07-06T10:00:41.221029,2,2,153.7,0.2,153.6,825,153.0,500,,,,,,,,,,,,,,,,,153.8,500,153.9,200,,,,,,,,,,,,,,,,
2026-07-06T10:00:41.226314+00:00,2026-07-06T10:00:41.226260,2,2,153.7,0.2,153.6,825,153.0,500,,,,,,,,,,,,,,,,,153.8,1125,153.9,200,,,,,,,,,,,,,,,,
2026-07-06T10:00:41.231618+00:00,2026-07-06T10:00:41.231472,1,2,153.7,0.2,153.6,825,,,,,,,,,,,,,,,,,,,153.8,1125,153.9,200,,,,,,,,,,,,,,,,
2026-07-06T10:00:41.236951+00:00,2026-07-06T10:00:41.236785,1,2,153.7,0.2,153.6,825,,,,,,,,,,,,,,,,,,,153.8,625,153.9,200,,,,,,,,,,,,,,,,
2026-07-06T10:00:41.247307+00:00,2026-07-06T10:00:41.247235,2,2,153.7,0.2,153.6,825,153.1,500,,,,,,,,,,,,,,,,,153.8,625,153.9,200,,,,,,,,,,,,,,,,
2026-07-06T10:00:41.264095+00:00,2026-07-06T10:00:41.263911,2,3,153.7,0.2,153.6,825,153.1,500,,,,,,,,,,,,,,,,,153.8,625,153.9,200,154.0,500,,,,,,,,,,,,,,
2026-07-06T10:00:41.835075+00:00,2026-07-06T10:00:41.835210,1,3,153.7,0.2,153.6,825,,,,,,,,,,,,,,,,,,,153.8,625,153.9,200,154.0,500,,,,,,,,,,,,,,
2026-07-06T10:00:41.840574+00:00,2026-07-06T10:00:41.840523,1,2,153.7,0.2,153.6,825,,,,,,,,,,,,,,,,,,,153.8,625,153.9,200,,,,,,,,,,,,,,,,
2026-07-06T10:00:41.850886+00:00,2026-07-06T10:00:41.850986,2,2,153.7,0.2,153.6,825,153.0,500,,,,,,,,,,,,,,,,,153.8,625,153.9,200,,,,,,,,,,,,,,,,
2026-07-06T10:00:41.856438+00:00,2026-07-06T10:00:41.856300,2,2,153.7,0.2,153.6,825,153.0,500,,,,,,,,,,,,,,,,,153.8,625,153.9,700,,,,,,,,,,,,,,,,
2026-07-06T10:00:42.008602+00:00,2026-07-06T10:00:42.008496,2,2,153.7,0.2,153.6,625,153.0,500,,,,,,,,,,,,,,,,,153.8,625,153.9,500,,,,,,,,,,,,,,,,
2026-07-06T10:00:42.013855+00:00,2026-07-06T10:00:42.013747,3,2,153.7,0.2,153.6,625,153.4,200,153.0,500,,,,,,,,,,,,,,,153.8,625,153.9,500,,,,,,,,,,,,,,,,
2026-07-06T10:00:42.019156+00:00,2026-07-06T10:00:42.019060,3,2,153.7,0.2,153.6,425,153.4,200,153.0,500,,,,,,,,,,,,,,,153.8,625,153.9,500,,,,,,,,,,,,,,,,
2026-07-06T10:00:42.437639+00:00,2026-07-06T10:00:42.437444,2,2,153.7,0.2,153.6,425,153.4,200,,,,,,,,,,,,,,,,,153.8,625,153.9,500,,,,,,,,,,,,,,,,
2026-07-06T10:00:42.442881+00:00,2026-07-06T10:00:42.442749,2,1,153.7,0.2,153.6,425,153.4,200,,,,,,,,,,,,,,,,,153.8,625,,,,,,,,,,,,,,,,,,
2026-07-06T10:00:42.447867+00:00,2026-07-06T10:00:42.448056,3,1,153.7,0.2,153.6,425,153.4,200,153.2,500,,,,,,,,,,,,,,,153.8,625,,,,,,,,,,,,,,,,,,
2026-07-06T10:00:42.458611+00:00,2026-07-06T10:00:42.453466,3,2,153.7,0.2,153.6,425,153.4,200,153.2,500,,,,,,,,,,,,,,,153.8,625,154.0,500,,,,,,,,,,,,,,,,
2026-07-06T10:00:42.528788+00:00,2026-07-06T10:00:42.528667,2,2,153.6,0.4,153.4,200,153.2,500,,,,,,,,,,,,,,,,,153.8,625,154.0,500,,,,,,,,,,,,,,,,
2026-07-06T10:00:42.534092+00:00,2026-07-06T10:00:42.533977,2,1,153.7,0.6,153.4,200,153.2,1125,,,,,,,,,,,,,,,,,154.0,500,,,,,,,,,,,,,,,,,,
2026-07-06T10:00:42.539363+00:00,2026-07-06T10:00:42.539231,2,2,153.45,0.1,153.4,200,153.2,1125,,,,,,,,,,,,,,,,,153.5,625,154.0,500,,,,,,,,,,,,,,,,
2026-07-06T10:00:43.069454+00:00,2026-07-06T10:00:43.069314,2,2,153.45,0.1,153.4,200,153.2,625,,,,,,,,,,,,,,,,,153.5,625,154.0,500,,,,,,,,,,,,,,,,
2026-07-06T10:00:43.074486+00:00,2026-07-06T10:00:43.074641,2,1,153.45,0.1,153.4,200,153.2,625,,,,,,,,,,,,,,,,,153.5,625,,,,,,,,,,,,,,,,,,
2026-07-06T10:00:43.085243+00:00,2026-07-06T10:00:43.085095,3,1,153.45,0.1,153.4,200,153.2,625,153.0,500,,,,,,,,,,,,,,,153.5,625,,,,,,,,,,,,,,,,,,
2026-07-06T10:00:43.095815+00:00,2026-07-06T10:00:43.095619,3,2,153.45,0.1,153.4,200,153.2,625,153.0,500,,,,,,,,,,,,,,,153.5,625,153.9,500,,,,,,,,,,,,,,,,
2026-07-06T10:00:43.223300+00:00,2026-07-06T10:00:43.223203,2,2,153.35,0.3,153.2,825,153.0,500,,,,,,,,,,,,,,,,,153.5,625,153.9,500,,,,,,,,,,,,,,,,
2026-07-06T10:00:43.228621+00:00,2026-07-06T10:00:43.228440,2,2,153.35,0.3,153.2,825,153.0,500,,,,,,,,,,,,,,,,,153.5,825,153.9,500,,,,,,,,,,,,,,,,
2026-07-06T10:00:43.439629+00:00,2026-07-06T10:00:43.438403,2,2,153.35,0.3,153.2,803,153.0,500,,,,,,,,,,,,,,,,,153.5,825,153.9,500,,,,,,,,,,,,,,,,
2026-07-06T10:00:43.671945+00:00,2026-07-06T10:00:43.671852,1,2,153.35,0.3,153.2,803,,,,,,,,,,,,,,,,,,,153.5,825,153.9,500,,,,,,,,,,,,,,,,
2026-07-06T10:00:43.677306+00:00,2026-07-06T10:00:43.677186,1,1,153.35,0.3,153.2,803,,,,,,,,,,,,,,,,,,,153.5,825,,,,,,,,,,,,,,,,,,
2026-07-06T10:00:43.687847+00:00,2026-07-06T10:00:43.687654,2,1,153.35,0.3,153.2,803,152.9,500,,,,,,,,,,,,,,,,,153.5,825,,,,,,,,,,,,,,,,,,
2026-07-06T10:00:43.693033+00:00,2026-07-06T10:00:43.692964,2,2,153.35,0.3,153.2,803,152.9,500,,,,,,,,,,,,,,,,,153.5,825,153.7,500,,,,,,,,,,,,,,,,
2026-07-06T10:00:43.837397+00:00,2026-07-06T10:00:43.837292,2,2,153.35,0.3,153.2,200,152.9,500,,,,,,,,,,,,,,,,,153.5,825,153.7,500,,,,,,,,,,,,,,,,
2026-07-06T10:00:43.842587+00:00,2026-07-06T10:00:43.842521,2,2,153.35,0.3,153.2,200,152.9,500,,,,,,,,,,,,,,,,,153.5,200,153.7,500,,,,,,,,,,,,,,,,
2026-07-06T10:00:43.847896+00:00,2026-07-06T10:00:43.847874,3,3,153.4,0.2,153.3,625,153.2,200,152.9,500,,,,,,,,,,,,,,,153.5,200,153.6,625,153.7,500,,,,,,,,,,,,,,
2026-07-06T10:00:43.858245+00:00,2026-07-06T10:00:43.857035,3,3,153.4,0.2,153.3,613,153.2,200,152.9,500,,,,,,,,,,,,,,,153.5,200,153.6,625,153.7,500,,,,,,,,,,,,,,
2026-07-06T10:00:44.274045+00:00,2026-07-06T10:00:44.274228,2,3,153.4,0.2,153.3,613,153.2,200,,,,,,,,,,,,,,,,,153.5,200,153.6,625,153.7,500,,,,,,,,,,,,,,
2026-07-06T10:00:44.279697+00:00,2026-07-06T10:00:44.279605,2,2,153.4,0.2,153.3,613,153.2,200,,,,,,,,,,,,,,,,,153.5,200,153.6,625,,,,,,,,,,,,,,,,
2026-07-06T10:00:44.290272+00:00,2026-07-06T10:00:44.290127,3,2,153.4,0.2,153.3,613,153.2,200,152.8,500,,,,,,,,,,,,,,,153.5,200,153.6,625,,,,,,,,,,,,,,,,
2026-07-06T10:00:44.295584+00:00,2026-07-06T10:00:44.295464,3,3,153.4,0.2,153.3,613,153.2,200,152.8,500,,,,,,,,,,,,,,,153.5,200,153.6,625,153.7,500,,,,,,,,,,,,,,
2026-07-06T10:00:44.432692+00:00,2026-07-06T10:00:44.432592,2,2,153.45,0.3,153.3,613,152.8,500,,,,,,,,,,,,,,,,,153.6,625,153.7,500,,,,,,,,,,,,,,,,
2026-07-06T10:00:44.437980+00:00,2026-07-06T10:00:44.437883,2,2,153.45,0.3,153.3,813,152.8,500,,,,,,,,,,,,,,,,,153.6,825,153.7,500,,,,,,,,,,,,,,,,
2026-07-06T10:00:44.599315+00:00,2026-07-06T10:00:44.599270,2,2,153.45,0.3,153.3,794,152.8,500,,,,,,,,,,,,,,,,,153.6,825,153.7,500,,,,,,,,,,,,,,,,
2026-07-06T10:00:44.872296+00:00,2026-07-06T10:00:44.872197,1,2,153.45,0.3,153.3,794,,,,,,,,,,,,,,,,,,,153.6,825,153.7,500,,,,,,,,,,,,,,,,
2026-07-06T10:00:44.882814+00:00,2026-07-06T10:00:44.882672,1,1,153.45,0.3,153.3,794,,,,,,,,,,,,,,,,,,,153.6,825,,,,,,,,,,,,,,,,,,
2026-07-06T10:00:44.888143+00:00,2026-07-06T10:00:44.887975,2,1,153.45,0.3,153.3,794,152.9,500,,,,,,,,,,,,,,,,,153.6,825,,,,,,,,,,,,,,,,,,
2026-07-06T10:00:44.893370+00:00,2026-07-06T10:00:44.893299,2,2,153.45,0.3,153.3,794,152.9,500,,,,,,,,,,,,,,,,,153.6,825,153.7,500,,,,,,,,,,,,,,,,
2026-07-06T10:00:45.084773+00:00,2026-07-06T10:00:45.084733,2,2,153.45,0.3,153.3,794,152.9,500,,,,,,,,,,,,,,,,,153.6,805,153.7,500,,,,,,,,,,,,,,,,
2026-07-06T10:00:45.151445+00:00,2026-07-06T10:00:45.151564,2,2,153.45,0.3,153.3,200,152.9,500,,,,,,,,,,,,,,,,,153.6,805,153.7,500,,,,,,,,,,,,,,,,
2026-07-06T10:00:45.158691+00:00,2026-07-06T10:00:45.156946,2,2,153.45,0.3,153.3,825,152.9,500,,,,,,,,,,,,,,,,,153.6,825,153.7,500,,,,,,,,,,,,,,,,
2026-07-06T10:00:45.476282+00:00,2026-07-06T10:00:45.476168,1,2,153.45,0.3,153.3,825,,,,,,,,,,,,,,,,,,,153.6,825,153.7,500,,,,,,,,,,,,,,,,
2026-07-06T10:00:45.486728+00:00,2026-07-06T10:00:45.486650,1,1,153.45,0.3,153.3,825,,,,,,,,,,,,,,,,,,,153.6,825,,,,,,,,,,,,,,,,,,
2026-07-06T10:00:45.492121+00:00,2026-07-06T10:00:45.491961,2,1,153.45,0.3,153.3,825,152.9,500,,,,,,,,,,,,,,,,,153.6,825,,,,,,,,,,,,,,,,,,
2026-07-06T10:00:45.502670+00:00,2026-07-06T10:00:45.502575,2,2,153.45,0.3,153.3,825,152.9,500,,,,,,,,,,,,,,,,,153.6,825,153.8,500,,,,,,,,,,,,,,,,
2026-07-06T10:00:45.615221+00:00,2026-07-06T10:00:45.615060,2,2,153.45,0.3,153.3,824,152.9,500,,,,,,,,,,,,,,,,,153.6,825,153.8,500,,,,,,,,,,,,,,,,
2026-07-06T10:00:45.643899+00:00,2026-07-06T10:00:45.643804,2,2,153.45,0.3,153.3,625,152.9,500,,,,,,,,,,,,,,,,,153.6,625,153.8,500,,,,,,,,,,,,,,,,
2026-07-06T10:00:45.658324+00:00,2026-07-06T10:00:45.657373,3,2,153.5,0.2,153.4,189,153.3,625,152.9,500,,,,,,,,,,,,,,,153.6,825,153.8,500,,,,,,,,,,,,,,,,
2026-07-06T10:00:46.082285+00:00,2026-07-06T10:00:46.082104,2,2,153.5,0.2,153.4,189,153.3,625,,,,,,,,,,,,,,,,,153.6,825,153.8,500,,,,,,,,,,,,,,,,
2026-07-06T10:00:46.087570+00:00,2026-07-06T10:00:46.087408,2,1,153.5,0.2,153.4,189,153.3,625,,,,,,,,,,,,,,,,,153.6,825,,,,,,,,,,,,,,,,,,
2026-07-06T10:00:46.092913+00:00,2026-07-06T10:00:46.092744,3,1,153.5,0.2,153.4,189,153.3,625,152.9,500,,,,,,,,,,,,,,,153.6,825,,,,,,,,,,,,,,,,,,
2026-07-06T10:00:46.098141+00:00,2026-07-06T10:00:46.098050,3,2,153.5,0.2,153.4,189,153.3,625,152.9,500,,,,,,,,,,,,,,,153.6,825,153.8,500,,,,,,,,,,,,,,,,
2026-07-06T10:00:46.458591+00:00,2026-07-06T10:00:46.456896,2,2,153.5,0.2,153.4,189,152.9,500,,,,,,,,,,,,,,,,,153.6,825,153.8,500,,,,,,,,,,,,,,,,
2026-07-06T10:00:46.469591+00:00,2026-07-06T10:00:46.469754,3,2,153.5,0.2,153.4,189,153.3,625,152.9,500,,,,,,,,,,,,,,,153.6,200,153.8,500,,,,,,,,,,,,,,,,
2026-07-06T10:00:46.475111+00:00,2026-07-06T10:00:46.474984,3,2,153.5,0.2,153.4,189,153.3,625,152.9,500,,,,,,,,,,,,,,,153.6,825,153.8,500,,,,,,,,,,,,,,,,
2026-07-06T10:00:46.686401+00:00,2026-07-06T10:00:46.686286,2,2,153.5,0.2,153.4,189,153.3,625,,,,,,,,,,,,,,,,,153.6,825,153.8,500,,,,,,,,,,,,,,,,
2026-07-06T10:00:46.691741+00:00,2026-07-06T10:00:46.691610,2,1,153.5,0.2,153.4,189,153.3,625,,,,,,,,,,,,,,,,,153.6,825,,,,,,,,,,,,,,,,,,
2026-07-06T10:00:46.702334+00:00,2026-07-06T10:00:46.702085,3,1,153.5,0.2,153.4,189,153.3,625,152.9,500,,,,,,,,,,,,,,,153.6,825,,,,,,,,,,,,,,,,,,
2026-07-06T10:00:46.707527+00:00,2026-07-06T10:00:46.707448,3,2,153.5,0.2,153.4,189,153.3,625,152.9,500,,,,,,,,,,,,,,,153.6,825,153.7,500,,,,,,,,,,,,,,,,
2026-07-06T10:00:46.851725+00:00,2026-07-06T10:00:46.851597,2,2,153.45,0.3,153.3,625,152.9,500,,,,,,,,,,,,,,,,,153.6,825,153.7,500,,,,,,,,,,,,,,,,
2026-07-06T10:00:46.856926+00:00,2026-07-06T10:00:46.856899,2,2,153.45,0.3,153.3,825,152.9,500,,,,,,,,,,,,,,,,,153.6,625,153.7,500,,,,,,,,,,,,,,,,
2026-07-06T10:00:46.862290+00:00,2026-07-06T10:00:46.862197,2,2,153.45,0.3,153.3,825,152.9,500,,,,,,,,,,,,,,,,,153.6,825,153.7,500,,,,,,,,,,,,,,,,
2026-07-06T10:00:47.288635+00:00,2026-07-06T10:00:47.288423,1,2,153.45,0.3,153.3,825,,,,,,,,,,,,,,,,,,,153.6,825,153.7,500,,,,,,,,,,,,,,,,
2026-07-06T10:00:47.293993+00:00,2026-07-06T10:00:47.293794,1,1,153.45,0.3,153.3,825,,,,,,,,,,,,,,,,,,,153.6,825,,,,,,,,,,,,,,,,,,
2026-07-06T10:00:47.299292+00:00,2026-07-06T10:00:47.299124,2,1,153.45,0.3,153.3,825,152.9,500,,,,,,,,,,,,,,,,,153.6,825,,,,,,,,,,,,,,,,,,
2026-07-06T10:00:47.309808+00:00,2026-07-06T10:00:47.309672,2,2,153.45,0.3,153.3,825,152.9,500,,,,,,,,,,,,,,,,,153.6,825,153.8,500,,,,,,,,,,,,,,,,
2026-07-06T10:00:47.778415+00:00,2026-07-06T10:00:47.778308,2,2,153.45,0.3,153.3,200,152.9,500,,,,,,,,,,,,,,,,,153.6,200,153.8,500,,,,,,,,,,,,,,,,
2026-07-06T10:00:47.783767+00:00,2026-07-06T10:00:47.783659,3,3,153.4,0.2,153.3,200,153.2,625,152.9,500,,,,,,,,,,,,,,,153.5,625,153.6,200,153.8,500,,,,,,,,,,,,,,
2026-07-06T10:00:47.891749+00:00,2026-07-06T10:00:47.891656,2,3,153.4,0.2,153.3,200,153.2,625,,,,,,,,,,,,,,,,,153.5,625,153.6,200,153.8,500,,,,,,,,,,,,,,
2026-07-06T10:00:47.897127+00:00,2026-07-06T10:00:47.896985,2,2,153.4,0.2,153.3,200,153.2,625,,,,,,,,,,,,,,,,,153.5,625,153.6,200,,,,,,,,,,,,,,,,
2026-07-06T10:00:47.907594+00:00,2026-07-06T10:00:47.907539,3,2,153.4,0.2,153.3,200,153.2,625,152.9,500,,,,,,,,,,,,,,,153.5,625,153.6,200,,,,,,,,,,,,,,,,
2026-07-06T10:00:47.918135+00:00,2026-07-06T10:00:47.918027,3,3,153.4,0.2,153.3,200,153.2,625,152.9,500,,,,,,,,,,,,,,,153.5,625,153.6,200,153.8,500,,,,,,,,,,,,,,
2026-07-06T10:00:48.067541+00:00,2026-07-06T10:00:48.067482,2,3,153.35,0.3,153.2,625,152.9,500,,,,,,,,,,,,,,,,,153.5,625,153.6,200,153.8,500,,,,,,,,,,,,,,
2026-07-06T10:00:48.073061+00:00,2026-07-06T10:00:48.072890,3,2,153.45,0.1,153.4,200,153.2,625,152.9,500,,,,,,,,,,,,,,,153.5,625,153.8,500,,,,,,,,,,,,,,,,
2026-07-06T10:00:48.083335+00:00,2026-07-06T10:00:48.083438,3,3,153.45,0.1,153.4,200,153.2,625,152.9,500,,,,,,,,,,,,,,,153.5,625,153.6,200,153.8,500,,,,,,,,,,,,,,
2026-07-06T10:00:48.493969+00:00,2026-07-06T10:00:48.493828,2,3,153.45,0.1,153.4,200,153.2,625,,,,,,,,,,,,,,,,,153.5,625,153.6,200,153.8,500,,,,,,,,,,,,,,
2026-07-06T10:00:48.499288+00:00,2026-07-06T10:00:48.499174,2,2,153.45,0.1,153.4,200,153.2,625,,,,,,,,,,,,,,,,,153.5,625,153.6,200,,,,,,,,,,,,,,,,
2026-07-06T10:00:48.504290+00:00,2026-07-06T10:00:48.504483,3,2,153.45,0.1,153.4,200,153.2,625,152.9,500,,,,,,,,,,,,,,,153.5,625,153.6,200,,,,,,,,,,,,,,,,
2026-07-06T10:00:48.515045+00:00,2026-07-06T10:00:48.514952,3,3,153.45,0.1,153.4,200,153.2,625,152.9,500,,,,,,,,,,,,,,,153.5,625,153.6,200,153.8,500,,,,,,,,,,,,,,
2026-07-06T10:00:49.085913+00:00,2026-07-06T10:00:49.085831,2,3,153.45,0.1,153.4,200,152.9,500,,,,,,,,,,,,,,,,,153.5,625,153.6,200,153.8,500,,,,,,,,,,,,,,
2026-07-06T10:00:49.091664+00:00,2026-07-06T10:00:49.090430,2,3,153.3,0.2,153.2,625,152.9,500,,,,,,,,,,,,,,,,,153.4,425,153.6,200,153.8,500,,,,,,,,,,,,,,
2026-07-06T10:00:49.121218+00:00,2026-07-06T10:00:49.121141,1,3,153.3,0.2,153.2,625,,,,,,,,,,,,,,,,,,,153.4,425,153.6,200,153.8,500,,,,,,,,,,,,,,
2026-07-06T10:00:49.126548+00:00,2026-07-06T10:00:49.126484,1,2,153.3,0.2,153.2,625,,,,,,,,,,,,,,,,,,,153.4,425,153.6,200,,,,,,,,,,,,,,,,
2026-07-06T10:00:49.137078+00:00,2026-07-06T10:00:49.136973,2,2,153.3,0.2,153.2,625,153.0,500,,,,,,,,,,,,,,,,,153.4,425,153.6,200,,,,,,,,,,,,,,,,
2026-07-06T10:00:49.142392+00:00,2026-07-06T10:00:49.142273,2,3,153.3,0.2,153.2,625,153.0,500,,,,,,,,,,,,,,,,,153.4,425,153.6,200,153.9,500,,,,,,,,,,,,,,
2026-07-06T10:00:49.282742+00:00,2026-07-06T10:00:49.282657,2,2,153.3,0.2,153.2,625,153.0,500,,,,,,,,,,,,,,,,,153.4,425,153.9,500,,,,,,,,,,,,,,,,
2026-07-06T10:00:49.287995+00:00,2026-07-06T10:00:49.287905,3,3,153.35,0.1,153.3,200,153.2,625,153.0,500,,,,,,,,,,,,,,,153.4,425,153.5,200,153.9,500,,,,,,,,,,,,,,
2026-07-06T10:00:49.727645+00:00,2026-07-06T10:00:49.727393,2,3,153.35,0.1,153.3,200,153.2,625,,,,,,,,,,,,,,,,,153.4,425,153.5,200,153.9,500,,,,,,,,,,,,,,
2026-07-06T10:00:49.732840+00:00,2026-07-06T10:00:49.732734,2,2,153.35,0.1,153.3,200,153.2,625,,,,,,,,,,,,,,,,,153.4,425,153.5,200,,,,,,,,,,,,,,,,
2026-07-06T10:00:49.738188+00:00,2026-07-06T10:00:49.738036,3,2,153.35,0.1,153.3,200,153.2,625,152.8,500,,,,,,,,,,,,,,,153.4,425,153.5,200,,,,,,,,,,,,,,,,
2026-07-06T10:00:49.748742+00:00,2026-07-06T10:00:49.748501,3,3,153.35,0.1,153.3,200,153.2,625,152.8,500,,,,,,,,,,,,,,,153.4,425,153.5,200,153.7,500,,,,,,,,,,,,,,
2026-07-06T10:00:50.331152+00:00,2026-07-06T10:00:50.330952,2,2,153.35,0.1,153.3,200,153.2,625,,,,,,,,,,,,,,,,,153.4,425,153.5,200,,,,,,,,,,,,,,,,
2026-07-06T10:00:50.348029+00:00,2026-07-06T10:00:50.347805,3,2,153.35,0.1,153.3,200,153.2,625,152.9,500,,,,,,,,,,,,,,,153.4,425,153.5,200,,,,,,,,,,,,,,,,
2026-07-06T10:00:50.358608+00:00,2026-07-06T10:00:50.353247,3,3,153.35,0.1,153.3,200,153.2,625,152.9,500,,,,,,,,,,,,,,,153.4,425,153.5,200,153.7,500,,,,,,,,,,,,,,
2026-07-06T10:00:50.403336+00:00,2026-07-06T10:00:50.403183,2,2,153.4,0.2,153.3,200,152.9,500,,,,,,,,,,,,,,,,,153.5,200,153.7,500,,,,,,,,,,,,,,,,
2026-07-06T10:00:50.408653+00:00,2026-07-06T10:00:50.408477,3,3,153.35,0.1,153.3,200,153.2,625,152.9,500,,,,,,,,,,,,,,,153.4,625,153.5,200,153.7,500,,,,,,,,,,,,,,
2026-07-06T10:00:50.487812+00:00,2026-07-06T10:00:50.487660,2,3,153.3,0.2,153.2,625,152.9,500,,,,,,,,,,,,,,,,,153.4,625,153.5,200,153.7,500,,,,,,,,,,,,,,
2026-07-06T10:00:50.493048+00:00,2026-07-06T10:00:50.492934,3,3,153.35,0.1,153.3,200,153.2,625,152.9,500,,,,,,,,,,,,,,,153.4,625,153.5,200,153.7,500,,,,,,,,,,,,,,
2026-07-06T10:00:50.934997+00:00,2026-07-06T10:00:50.934813,2,3,153.35,0.1,153.3,200,153.2,625,,,,,,,,,,,,,,,,,153.4,625,153.5,200,153.7,500,,,,,,,,,,,,,,
2026-07-06T10:00:50.940201+00:00,2026-07-06T10:00:50.940135,2,2,153.35,0.1,153.3,200,153.2,625,,,,,,,,,,,,,,,,,153.4,625,153.5,200,,,,,,,,,,,,,,,,
2026-07-06T10:00:50.950540+00:00,2026-07-06T10:00:50.950641,3,2,153.35,0.1,153.3,200,153.2,625,152.9,500,,,,,,,,,,,,,,,153.4,625,153.5,200,,,,,,,,,,,,,,,,
2026-07-06T10:00:50.958581+00:00,2026-07-06T10:00:50.955959,3,3,153.35,0.1,153.3,200,153.2,625,152.9,500,,,,,,,,,,,,,,,153.4,625,153.5,200,153.8,500,,,,,,,,,,,,,,
2026-07-06T10:00:51.538981+00:00,2026-07-06T10:00:51.538879,2,3,153.35,0.1,153.3,200,153.2,625,,,,,,,,,,,,,,,,,153.4,625,153.5,200,153.8,500,,,,,,,,,,,,,,
2026-07-06T10:00:51.544305+00:00,2026-07-06T10:00:51.544219,2,2,153.35,0.1,153.3,200,153.2,625,,,,,,,,,,,,,,,,,153.4,625,153.5,200,,,,,,,,,,,,,,,,
2026-07-06T10:00:51.554880+00:00,2026-07-06T10:00:51.554762,3,2,153.35,0.1,153.3,200,153.2,625,152.9,500,,,,,,,,,,,,,,,153.4,625,153.5,200,,,,,,,,,,,,,,,,
2026-07-06T10:00:51.559912+00:00,2026-07-06T10:00:51.560087,3,3,153.35,0.1,153.3,200,153.2,625,152.9,500,,,,,,,,,,,,,,,153.4,625,153.5,200,153.8,500,,,,,,,,,,,,,,
2026-07-06T10:00:51.694173+00:00,2026-07-06T10:00:51.694128,2,3,153.3,0.2,153.2,625,152.9,500,,,,,,,,,,,,,,,,,153.4,625,153.5,200,153.8,500,,,,,,,,,,,,,,
2026-07-06T10:00:51.699505+00:00,2026-07-06T10:00:51.699399,2,2,153.3,0.2,153.2,625,152.9,500,,,,,,,,,,,,,,,,,153.4,625,153.8,500,,,,,,,,,,,,,,,,
2026-07-06T10:00:51.704749+00:00,2026-07-06T10:00:51.704654,3,3,153.35,0.1,153.3,200,153.2,625,152.9,500,,,,,,,,,,,,,,,153.4,625,153.5,200,153.8,500,,,,,,,,,,,,,,
2026-07-06T10:00:51.715178+00:00,2026-07-06T10:00:51.715132,2,2,153.4,0.2,153.3,200,152.9,500,,,,,,,,,,,,,,,,,153.5,200,153.8,500,,,,,,,,,,,,,,,,
2026-07-06T10:00:51.720456+00:00,2026-07-06T10:00:51.720359,3,2,153.4,0.2,153.3,200,153.2,625,152.9,500,,,,,,,,,,,,,,,153.5,200,153.8,500,,,,,,,,,,,,,,,,
2026-07-06T10:00:51.725709+00:00,2026-07-06T10:00:51.725587,3,3,153.35,0.1,153.3,200,153.2,625,152.9,500,,,,,,,,,,,,,,,153.4,625,153.5,200,153.8,500,,,,,,,,,,,,,,
2026-07-06T10:00:52.139921+00:00,2026-07-06T10:00:52.140034,2,3,153.35,0.1,153.3,200,153.2,625,,,,,,,,,,,,,,,,,153.4,625,153.5,200,153.8,500,,,,,,,,,,,,,,
2026-07-06T10:00:52.145490+00:00,2026-07-06T10:00:52.145372,2,2,153.35,0.1,153.3,200,153.2,625,,,,,,,,,,,,,,,,,153.4,625,153.5,200,,,,,,,,,,,,,,,,
2026-07-06T10:00:52.150780+00:00,2026-07-06T10:00:52.150701,3,2,153.35,0.1,153.3,200,153.2,625,153.0,500,,,,,,,,,,,,,,,153.4,625,153.5,200,,,,,,,,,,,,,,,,
2026-07-06T10:00:52.161364+00:00,2026-07-06T10:00:52.161226,3,3,153.35,0.1,153.3,200,153.2,625,153.0,500,,,,,,,,,,,,,,,153.4,625,153.5,200,153.8,500,,,,,,,,,,,,,,
2026-07-06T10:00:52.587866+00:00,2026-07-06T10:00:52.587740,3,3,153.35,0.1,153.3,200,153.2,625,153.0,500,,,,,,,,,,,,,,,153.4,605,153.5,200,153.8,500,,,,,,,,,,,,,,
2026-07-06T10:00:52.743449+00:00,2026-07-06T10:00:52.743271,2,3,153.35,0.1,153.3,200,153.2,625,,,,,,,,,,,,,,,,,153.4,605,153.5,200,153.8,500,,,,,,,,,,,,,,
2026-07-06T10:00:52.748671+00:00,2026-07-06T10:00:52.748615,2,2,153.35,0.1,153.3,200,153.2,625,,,,,,,,,,,,,,,,,153.4,605,153.5,200,,,,,,,,,,,,,,,,
2026-07-06T10:00:52.759231+00:00,2026-07-06T10:00:52.759083,3,2,153.35,0.1,153.3,200,153.2,625,153.0,500,,,,,,,,,,,,,,,153.4,605,153.5,200,,,,,,,,,,,,,,,,
2026-07-06T10:00:52.764243+00:00,2026-07-06T10:00:52.764399,3,3,153.35,0.1,153.3,200,153.2,625,153.0,500,,,,,,,,,,,,,,,153.4,605,153.5,200,153.8,500,,,,,,,,,,,,,,
2026-07-06T10:00:52.910201+00:00,2026-07-06T10:00:52.910153,2,2,153.3,0.2,153.2,625,153.0,500,,,,,,,,,,,,,,,,,153.4,605,153.8,500,,,,,,,,,,,,,,,,
2026-07-06T10:00:52.915540+00:00,2026-07-06T10:00:52.915450,2,3,153.3,0.2,153.2,625,153.0,500,,,,,,,,,,,,,,,,,153.4,405,153.7,200,153.8,500,,,,,,,,,,,,,,
2026-07-06T10:00:53.028980+00:00,2026-07-06T10:00:53.028817,1,2,153.35,0.7,153.0,500,,,,,,,,,,,,,,,,,,,153.7,200,153.8,500,,,,,,,,,,,,,,,,
2026-07-06T10:00:53.034179+00:00,2026-07-06T10:00:53.034099,2,2,153.55,0.3,153.4,625,153.0,500,,,,,,,,,,,,,,,,,153.7,825,153.8,500,,,,,,,,,,,,,,,,
2026-07-06T10:00:53.341405+00:00,2026-07-06T10:00:53.341268,1,2,153.55,0.3,153.4,625,,,,,,,,,,,,,,,,,,,153.7,825,153.8,500,,,,,,,,,,,,,,,,
2026-07-06T10:00:53.351849+00:00,2026-07-06T10:00:53.351760,1,1,153.55,0.3,153.4,625,,,,,,,,,,,,,,,,,,,153.7,825,,,,,,,,,,,,,,,,,,
2026-07-06T10:00:53.358548+00:00,2026-07-06T10:00:53.357067,2,1,153.55,0.3,153.4,625,153.1,500,,,,,,,,,,,,,,,,,153.7,825,,,,,,,,,,,,,,,,,,
2026-07-06T10:00:53.369278+00:00,2026-07-06T10:00:53.369072,2,2,153.55,0.3,153.4,625,153.1,500,,,,,,,,,,,,,,,,,153.7,825,153.9,500,,,,,,,,,,,,,,,,
2026-07-06T10:00:53.950529+00:00,2026-07-06T10:00:53.950342,1,2,153.55,0.3,153.4,625,,,,,,,,,,,,,,,,,,,153.7,825,153.9,500,,,,,,,,,,,,,,,,
2026-07-06T10:00:53.958649+00:00,2026-07-06T10:00:53.957825,2,1,153.55,0.3,153.4,625,153.0,500,,,,,,,,,,,,,,,,,153.7,825,,,,,,,,,,,,,,,,,,
2026-07-06T10:00:53.975792+00:00,2026-07-06T10:00:53.975654,2,2,153.55,0.3,153.4,625,153.0,500,,,,,,,,,,,,,,,,,153.7,825,153.9,500,,,,,,,,,,,,,,,,
2026-07-06T10:00:54.120591+00:00,2026-07-06T10:00:54.120532,2,2,153.55,0.3,153.4,625,153.0,500,,,,,,,,,,,,,,,,,153.7,625,153.9,500,,,,,,,,,,,,,,,,
2026-07-06T10:00:54.125999+00:00,2026-07-06T10:00:54.125829,2,2,153.55,0.3,153.4,825,153.0,500,,,,,,,,,,,,,,,,,153.7,825,153.9,500,,,,,,,,,,,,,,,,
2026-07-06T10:00:54.341291+00:00,2026-07-06T10:00:54.341149,2,2,153.55,0.3,153.4,200,153.0,500,,,,,,,,,,,,,,,,,153.7,200,153.9,500,,,,,,,,,,,,,,,,
2026-07-06T10:00:54.346636+00:00,2026-07-06T10:00:54.346511,3,3,153.5,0.2,153.4,200,153.3,625,153.0,500,,,,,,,,,,,,,,,153.6,625,153.7,200,153.9,500,,,,,,,,,,,,,,
2026-07-06T10:00:54.558817+00:00,2026-07-06T10:00:54.556212,3,2,153.5,0.2,153.4,200,153.3,625,153.0,500,,,,,,,,,,,,,,,153.6,625,153.7,200,,,,,,,,,,,,,,,,
2026-07-06T10:00:54.569227+00:00,2026-07-06T10:00:54.569127,3,3,153.5,0.2,153.4,200,153.3,625,153.0,500,,,,,,,,,,,,,,,153.6,625,153.7,200,153.8,500,,,,,,,,,,,,,,
2026-07-06T10:00:55.183306+00:00,2026-07-06T10:00:55.183117,2,3,153.5,0.2,153.4,200,153.3,625,,,,,,,,,,,,,,,,,153.6,625,153.7,200,153.8,500,,,,,,,,,,,,,,
2026-07-06T10:00:55.188692+00:00,2026-07-06T10:00:55.188546,2,2,153.5,0.2,153.4,200,153.3,625,,,,,,,,,,,,,,,,,153.6,625,153.7,200,,,,,,,,,,,,,,,,
2026-07-06T10:00:55.199401+00:00,2026-07-06T10:00:55.199165,3,2,153.5,0.2,153.4,200,153.3,625,152.9,500,,,,,,,,,,,,,,,153.6,625,153.7,200,,,,,,,,,,,,,,,,
2026-07-06T10:00:55.204735+00:00,2026-07-06T10:00:55.204607,3,3,153.5,0.2,153.4,200,153.3,625,152.9,500,,,,,,,,,,,,,,,153.6,625,153.7,200,153.8,500,,,,,,,,,,,,,,
2026-07-06T10:00:55.329926+00:00,2026-07-06T10:00:55.329827,3,2,153.55,0.1,153.5,200,153.3,625,152.9,500,,,,,,,,,,,,,,,153.6,625,153.8,700,,,,,,,,,,,,,,,,
2026-07-06T10:00:55.653764+00:00,2026-07-06T10:00:55.653687,2,2,153.55,0.1,153.5,200,152.9,500,,,,,,,,,,,,,,,,,153.6,625,153.8,700,,,,,,,,,,,,,,,,
2026-07-06T10:00:55.659054+00:00,2026-07-06T10:00:55.658963,3,1,153.65,0.3,153.5,200,153.4,625,152.9,500,,,,,,,,,,,,,,,153.8,700,,,,,,,,,,,,,,,,,,
2026-07-06T10:00:55.664408+00:00,2026-07-06T10:00:55.664198,3,2,153.6,0.2,153.5,200,153.4,625,152.9,500,,,,,,,,,,,,,,,153.7,625,153.8,700,,,,,,,,,,,,,,,,
2026-07-06T10:00:55.781466+00:00,2026-07-06T10:00:55.781299,2,2,153.6,0.2,153.5,200,153.4,625,,,,,,,,,,,,,,,,,153.7,625,153.8,700,,,,,,,,,,,,,,,,
2026-07-06T10:00:55.786710+00:00,2026-07-06T10:00:55.786608,2,2,153.6,0.2,153.5,200,153.4,625,,,,,,,,,,,,,,,,,153.7,625,153.8,200,,,,,,,,,,,,,,,,
2026-07-06T10:00:55.797242+00:00,2026-07-06T10:00:55.797092,3,2,153.6,0.2,153.5,200,153.4,625,152.9,500,,,,,,,,,,,,,,,153.7,625,153.8,200,,,,,,,,,,,,,,,,
2026-07-06T10:00:55.802547+00:00,2026-07-06T10:00:55.802437,3,2,153.6,0.2,153.5,200,153.4,625,152.9,500,,,,,,,,,,,,,,,153.7,625,153.8,700,,,,,,,,,,,,,,,,
2026-07-06T10:00:56.042574+00:00,2026-07-06T10:00:56.041115,3,2,153.6,0.2,153.5,200,153.4,625,152.9,500,,,,,,,,,,,,,,,153.7,614,153.8,700,,,,,,,,,,,,,,,,
2026-07-06T10:00:56.387224+00:00,2026-07-06T10:00:56.387111,2,2,153.6,0.2,153.5,200,153.4,625,,,,,,,,,,,,,,,,,153.7,614,153.8,700,,,,,,,,,,,,,,,,
2026-07-06T10:00:56.392603+00:00,2026-07-06T10:00:56.392423,2,2,153.6,0.2,153.5,200,153.4,625,,,,,,,,,,,,,,,,,153.7,614,153.8,200,,,,,,,,,,,,,,,,
2026-07-06T10:00:56.403080+00:00,2026-07-06T10:00:56.402896,3,2,153.6,0.2,153.5,200,153.4,625,153.1,500,,,,,,,,,,,,,,,153.7,614,153.8,200,,,,,,,,,,,,,,,,
2026-07-06T10:00:56.408353+00:00,2026-07-06T10:00:56.408254,3,3,153.6,0.2,153.5,200,153.4,625,153.1,500,,,,,,,,,,,,,,,153.7,614,153.8,200,153.9,500,,,,,,,,,,,,,,
2026-07-06T10:00:56.533609+00:00,2026-07-06T10:00:56.533543,2,3,153.55,0.3,153.4,625,153.1,500,,,,,,,,,,,,,,,,,153.7,614,153.8,200,153.9,500,,,,,,,,,,,,,,
2026-07-06T10:00:56.538945+00:00,2026-07-06T10:00:56.538807,3,2,153.6,0.2,153.5,200,153.4,625,153.1,500,,,,,,,,,,,,,,,153.7,814,153.9,500,,,,,,,,,,,,,,,,
2026-07-06T10:00:56.966314+00:00,2026-07-06T10:00:56.966523,2,2,153.6,0.2,153.5,200,153.1,500,,,,,,,,,,,,,,,,,153.7,200,153.9,500,,,,,,,,,,,,,,,,
2026-07-06T10:00:56.972038+00:00,2026-07-06T10:00:56.971898,2,3,153.6,0.2,153.5,825,153.1,500,,,,,,,,,,,,,,,,,153.7,200,153.8,625,153.9,500,,,,,,,,,,,,,,
2026-07-06T10:00:56.990644+00:00,2026-07-06T10:00:56.990509,1,3,153.6,0.2,153.5,825,,,,,,,,,,,,,,,,,,,153.7,200,153.8,625,153.9,500,,,,,,,,,,,,,,
2026-07-06T10:00:56.995989+00:00,2026-07-06T10:00:56.995838,1,2,153.6,0.2,153.5,825,,,,,,,,,,,,,,,,,,,153.7,200,153.8,625,,,,,,,,,,,,,,,,
2026-07-06T10:00:57.001226+00:00,2026-07-06T10:00:57.001156,2,2,153.6,0.2,153.5,825,153.2,500,,,,,,,,,,,,,,,,,153.7,200,153.8,625,,,,,,,,,,,,,,,,
2026-07-06T10:00:57.011888+00:00,2026-07-06T10:00:57.011677,2,3,153.6,0.2,153.5,825,153.2,500,,,,,,,,,,,,,,,,,153.7,200,153.8,625,154.1,500,,,,,,,,,,,,,,
2026-07-06T10:00:57.589637+00:00,2026-07-06T10:00:57.589348,1,3,153.6,0.2,153.5,825,,,,,,,,,,,,,,,,,,,153.7,200,153.8,625,154.1,500,,,,,,,,,,,,,,
2026-07-06T10:00:57.595198+00:00,2026-07-06T10:00:57.595030,1,2,153.6,0.2,153.5,825,,,,,,,,,,,,,,,,,,,153.7,200,153.8,625,,,,,,,,,,,,,,,,
2026-07-06T10:00:57.612656+00:00,2026-07-06T10:00:57.612397,2,2,153.6,0.2,153.5,825,153.2,500,,,,,,,,,,,,,,,,,153.7,200,153.8,625,,,,,,,,,,,,,,,,
2026-07-06T10:00:57.617591+00:00,2026-07-06T10:00:57.617791,2,3,153.6,0.2,153.5,825,153.2,500,,,,,,,,,,,,,,,,,153.7,200,153.8,625,154.1,500,,,,,,,,,,,,,,
2026-07-06T10:00:57.750273+00:00,2026-07-06T10:00:57.750100,2,2,153.65,0.3,153.5,625,153.2,500,,,,,,,,,,,,,,,,,153.8,625,154.1,500,,,,,,,,,,,,,,,,
2026-07-06T10:00:57.755437+00:00,2026-07-06T10:00:57.755357,3,2,153.7,0.2,153.6,200,153.5,625,153.2,500,,,,,,,,,,,,,,,153.8,825,154.1,500,,,,,,,,,,,,,,,,
2026-07-06T10:00:58.194709+00:00,2026-07-06T10:00:58.194591,2,2,153.7,0.2,153.6,200,153.5,625,,,,,,,,,,,,,,,,,153.8,825,154.1,500,,,,,,,,,,,,,,,,
2026-07-06T10:00:58.205249+00:00,2026-07-06T10:00:58.205111,2,1,153.7,0.2,153.6,200,153.5,625,,,,,,,,,,,,,,,,,153.8,825,,,,,,,,,,,,,,,,,,
2026-07-06T10:00:58.210569+00:00,2026-07-06T10:00:58.210438,3,1,153.7,0.2,153.6,200,153.5,625,153.2,500,,,,,,,,,,,,,,,153.8,825,,,,,,,,,,,,,,,,,,
2026-07-06T10:00:58.215790+00:00,2026-07-06T10:00:58.215763,3,2,153.7,0.2,153.6,200,153.5,625,153.2,500,,,,,,,,,,,,,,,153.8,825,154.1,500,,,,,,,,,,,,,,,,
2026-07-06T10:00:58.279318+00:00,2026-07-06T10:00:58.279156,2,2,153.7,0.2,153.6,200,153.2,500,,,,,,,,,,,,,,,,,153.8,200,154.1,500,,,,,,,,,,,,,,,,
2026-07-06T10:00:58.284580+00:00,2026-07-06T10:00:58.284407,3,2,153.7,0.2,153.6,200,153.5,625,153.2,500,,,,,,,,,,,,,,,153.8,200,154.1,500,,,,,,,,,,,,,,,,
2026-07-06T10:00:58.289779+00:00,2026-07-06T10:00:58.289667,3,2,153.7,0.2,153.6,200,153.5,625,153.2,500,,,,,,,,,,,,,,,153.8,825,154.1,500,,,,,,,,,,,,,,,,
2026-07-06T10:00:58.798950+00:00,2026-07-06T10:00:58.798792,2,2,153.7,0.2,153.6,200,153.5,625,,,,,,,,,,,,,,,,,153.8,825,154.1,500,,,,,,,,,,,,,,,,
2026-07-06T10:00:58.803981+00:00,2026-07-06T10:00:58.804133,2,1,153.7,0.2,153.6,200,153.5,625,,,,,,,,,,,,,,,,,153.8,825,,,,,,,,,,,,,,,,,,
2026-07-06T10:00:58.814678+00:00,2026-07-06T10:00:58.814604,3,1,153.7,0.2,153.6,200,153.5,625,153.3,500,,,,,,,,,,,,,,,153.8,825,,,,,,,,,,,,,,,,,,
2026-07-06T10:00:58.819936+00:00,2026-07-06T10:00:58.819902,3,2,153.7,0.2,153.6,200,153.5,625,153.3,500,,,,,,,,,,,,,,,153.8,825,154.1,500,,,,,,,,,,,,,,,,
2026-07-06T10:00:58.955320+00:00,2026-07-06T10:00:58.957935,3,2,153.7,0.2,153.6,200,153.5,625,153.3,500,,,,,,,,,,,,,,,153.8,825,154.1,500,,,,,,,,,,,,,,,,
2026-07-06T10:00:59.401424+00:00,2026-07-06T10:00:59.401185,2,2,153.7,0.2,153.6,200,153.5,625,,,,,,,,,,,,,,,,,153.8,825,154.1,500,,,,,,,,,,,,,,,,
2026-07-06T10:00:59.406729+00:00,2026-07-06T10:00:59.406516,2,1,153.7,0.2,153.6,200,153.5,625,,,,,,,,,,,,,,,,,153.8,825,,,,,,,,,,,,,,,,,,
2026-07-06T10:00:59.411861+00:00,2026-07-06T10:00:59.411825,3,1,153.7,0.2,153.6,200,153.5,625,153.2,500,,,,,,,,,,,,,,,153.8,825,,,,,,,,,,,,,,,,,,
2026-07-06T10:00:59.422490+00:00,2026-07-06T10:00:59.422362,3,2,153.7,0.2,153.6,200,153.5,625,153.2,500,,,,,,,,,,,,,,,153.8,825,154.1,500,,,,,,,,,,,,,,,,
2026-07-06T10:00:59.593397+00:00,2026-07-06T10:00:59.593258,2,2,153.7,0.2,153.6,200,153.2,500,,,,,,,,,,,,,,,,,153.8,825,154.1,500,,,,,,,,,,,,,,,,
2026-07-06T10:00:59.598662+00:00,2026-07-06T10:00:59.598572,3,2,153.7,0.2,153.6,200,153.5,625,153.2,500,,,,,,,,,,,,,,,153.8,200,154.1,500,,,,,,,,,,,,,,,,
2026-07-06T10:00:59.603944+00:00,2026-07-06T10:00:59.603807,3,2,153.7,0.2,153.6,200,153.5,625,153.2,500,,,,,,,,,,,,,,,153.8,825,154.1,500,,,,,,,,,,,,,,,,
2026-07-06T10:01:00.007190+00:00,2026-07-06T10:01:00.007017,2,2,153.7,0.2,153.6,200,153.5,625,,,,,,,,,,,,,,,,,153.8,825,154.1,500,,,,,,,,,,,,,,,,
2026-07-06T10:01:00.012524+00:00,2026-07-06T10:01:00.012358,2,1,153.7,0.2,153.6,200,153.5,625,,,,,,,,,,,,,,,,,153.8,825,,,,,,,,,,,,,,,,,,
2026-07-06T10:01:00.023000+00:00,2026-07-06T10:01:00.022945,3,1,153.7,0.2,153.6,200,153.5,625,153.2,500,,,,,,,,,,,,,,,153.8,825,,,,,,,,,,,,,,,,,,
2026-07-06T10:01:00.033343+00:00,2026-07-06T10:01:00.033501,3,2,153.7,0.2,153.6,200,153.5,625,153.2,500,,,,,,,,,,,,,,,153.8,825,154.1,500,,,,,,,,,,,,,,,,
2026-07-06T10:01:00.170217+00:00,2026-07-06T10:01:00.170086,3,2,153.75,0.1,153.7,200,153.5,625,153.2,500,,,,,,,,,,,,,,,153.8,625,154.1,500,,,,,,,,,,,,,,,,
2026-07-06T10:01:00.175389+00:00,2026-07-06T10:01:00.175306,3,3,153.75,0.1,153.7,200,153.5,625,153.2,500,,,,,,,,,,,,,,,153.8,625,153.9,200,154.1,500,,,,,,,,,,,,,,
2026-07-06T10:01:00.608140+00:00,2026-07-06T10:01:00.607875,2,3,153.75,0.1,153.7,200,153.5,625,,,,,,,,,,,,,,,,,153.8,625,153.9,200,154.1,500,,,,,,,,,,,,,,
2026-07-06T10:01:00.613461+00:00,2026-07-06T10:01:00.613233,2,2,153.75,0.1,153.7,200,153.5,625,,,,,,,,,,,,,,,,,153.8,625,153.9,200,,,,,,,,,,,,,,,,
2026-07-06T10:01:00.618767+00:00,2026-07-06T10:01:00.618593,3,2,153.75,0.1,153.7,200,153.5,625,153.2,500,,,,,,,,,,,,,,,153.8,625,153.9,200,,,,,,,,,,,,,,,,
2026-07-06T10:01:00.623715+00:00,2026-07-06T10:01:00.623947,3,3,153.75,0.1,153.7,200,153.5,625,153.2,500,,,,,,,,,,,,,,,153.8,625,153.9,200,154.1,500,,,,,,,,,,,,,,
2026-07-06T10:01:00.907185+00:00,2026-07-06T10:01:00.907142,2,2,153.8,0.2,153.7,200,153.2,500,,,,,,,,,,,,,,,,,153.9,200,154.1,500,,,,,,,,,,,,,,,,
2026-07-06T10:01:00.926502+00:00,2026-07-06T10:01:00.925096,3,3,153.85,0.1,153.8,619,153.7,200,153.2,500,,,,,,,,,,,,,,,153.9,200,154.0,625,154.1,500,,,,,,,,,,,,,,
2026-07-06T10:01:01.235406+00:00,2026-07-06T10:01:01.235242,2,3,153.85,0.1,153.8,619,153.7,200,,,,,,,,,,,,,,,,,153.9,200,154.0,625,154.1,500,,,,,,,,,,,,,,
2026-07-06T10:01:01.240414+00:00,2026-07-06T10:01:01.240640,2,2,153.85,0.1,153.8,619,153.7,200,,,,,,,,,,,,,,,,,153.9,200,154.0,625,,,,,,,,,,,,,,,,
2026-07-06T10:01:01.246067+00:00,2026-07-06T10:01:01.245989,3,2,153.85,0.1,153.8,619,153.7,200,153.2,500,,,,,,,,,,,,,,,153.9,200,154.0,625,,,,,,,,,,,,,,,,
2026-07-06T10:01:01.258637+00:00,2026-07-06T10:01:01.256531,3,3,153.85,0.1,153.8,619,153.7,200,153.2,500,,,,,,,,,,,,,,,153.9,200,154.0,625,154.1,500,,,,,,,,,,,,,,
2026-07-06T10:01:01.375417+00:00,2026-07-06T10:01:01.375338,2,2,153.9,0.2,153.8,619,153.2,500,,,,,,,,,,,,,,,,,154.0,625,154.1,500,,,,,,,,,,,,,,,,
2026-07-06T10:01:01.380434+00:00,2026-07-06T10:01:01.380588,3,2,153.9,0.2,153.8,619,153.7,200,153.2,500,,,,,,,,,,,,,,,154.0,825,154.1,500,,,,,,,,,,,,,,,,
2026-07-06T10:01:01.838116+00:00,2026-07-06T10:01:01.837968,2,2,153.9,0.2,153.8,619,153.7,200,,,,,,,,,,,,,,,,,154.0,825,154.1,500,,,,,,,,,,,,,,,,
2026-07-06T10:01:01.843124+00:00,2026-07-06T10:01:01.843282,2,1,153.9,0.2,153.8,619,153.7,200,,,,,,,,,,,,,,,,,154.0,825,,,,,,,,,,,,,,,,,,
2026-07-06T10:01:01.858760+00:00,2026-07-06T10:01:01.849920,3,2,153.9,0.2,153.8,619,153.7,200,153.2,500,,,,,,,,,,,,,,,154.0,825,154.1,500,,,,,,,,,,,,,,,,
2026-07-06T10:01:02.219988+00:00,2026-07-06T10:01:02.219870,2,2,153.85,0.3,153.7,200,153.2,500,,,,,,,,,,,,,,,,,154.0,200,154.1,500,,,,,,,,,,,,,,,,
2026-07-06T10:01:02.225424+00:00,2026-07-06T10:01:02.225298,2,2,153.85,0.3,153.7,825,153.2,500,,,,,,,,,,,,,,,,,154.0,825,154.1,500,,,,,,,,,,,,,,,,
2026-07-06T10:01:02.438174+00:00,2026-07-06T10:01:02.438325,1,2,153.85,0.3,153.7,825,,,,,,,,,,,,,,,,,,,154.0,825,154.1,500,,,,,,,,,,,,,,,,
2026-07-06T10:01:02.448912+00:00,2026-07-06T10:01:02.448786,1,1,153.85,0.3,153.7,825,,,,,,,,,,,,,,,,,,,154.0,825,,,,,,,,,,,,,,,,,,
2026-07-06T10:01:02.458652+00:00,2026-07-06T10:01:02.454552,2,2,153.85,0.3,153.7,825,153.3,500,,,,,,,,,,,,,,,,,154.0,825,154.2,500,,,,,,,,,,,,,,,,
2026-07-06T10:01:02.583283+00:00,2026-07-06T10:01:02.583124,2,2,153.85,0.3,153.7,625,153.3,500,,,,,,,,,,,,,,,,,154.0,825,154.2,500,,,,,,,,,,,,,,,,
2026-07-06T10:01:02.588435+00:00,2026-07-06T10:01:02.588340,2,2,153.85,0.3,153.7,625,153.3,500,,,,,,,,,,,,,,,,,154.0,625,154.2,500,,,,,,,,,,,,,,,,
2026-07-06T10:01:02.593769+00:00,2026-07-06T10:01:02.593644,3,3,153.9,0.2,153.8,200,153.7,625,153.3,500,,,,,,,,,,,,,,,154.0,625,154.1,200,154.2,500,,,,,,,,,,,,,,
2026-07-06T10:01:03.038379+00:00,2026-07-06T10:01:03.038326,2,3,153.9,0.2,153.8,200,153.7,625,,,,,,,,,,,,,,,,,154.0,625,154.1,200,154.2,500,,,,,,,,,,,,,,
2026-07-06T10:01:03.048901+00:00,2026-07-06T10:01:03.048763,2,2,153.9,0.2,153.8,200,153.7,625,,,,,,,,,,,,,,,,,154.0,625,154.1,200,,,,,,,,,,,,,,,,
2026-07-06T10:01:03.058592+00:00,2026-07-06T10:01:03.057732,3,3,153.9,0.2,153.8,200,153.7,625,153.3,500,,,,,,,,,,,,,,,154.0,625,154.1,200,154.2,500,,,,,,,,,,,,,,
2026-07-06T10:01:03.530054+00:00,2026-07-06T10:01:03.529977,2,3,153.9,0.2,153.8,200,153.3,500,,,,,,,,,,,,,,,,,154.0,625,154.1,200,154.2,500,,,,,,,,,,,,,,
2026-07-06T10:01:03.535082+00:00,2026-07-06T10:01:03.535274,3,2,153.95,0.3,153.8,200,153.7,625,153.3,500,,,,,,,,,,,,,,,154.1,200,154.2,500,,,,,,,,,,,,,,,,
2026-07-06T10:01:03.540638+00:00,2026-07-06T10:01:03.540523,3,3,153.9,0.2,153.8,200,153.7,625,153.3,500,,,,,,,,,,,,,,,154.0,625,154.1,200,154.2,500,,,,,,,,,,,,,,
2026-07-06T10:01:03.646558+00:00,2026-07-06T10:01:03.646409,2,3,153.9,0.2,153.8,200,153.7,625,,,,,,,,,,,,,,,,,154.0,625,154.1,200,154.2,500,,,,,,,,,,,,,,
2026-07-06T10:01:03.658800+00:00,2026-07-06T10:01:03.658709,2,2,153.9,0.2,153.8,200,153.7,625,,,,,,,,,,,,,,,,,154.0,625,154.1,200,,,,,,,,,,,,,,,,
