recv_time,book_timestamp,n_bids,n_asks,mid,spread,bid_px_0,bid_vol_0,bid_px_1,bid_vol_1,bid_px_2,bid_vol_2,bid_px_3,bid_vol_3,bid_px_4,bid_vol_4,bid_px_5,bid_vol_5,bid_px_6,bid_vol_6,bid_px_7,bid_vol_7,bid_px_8,bid_vol_8,bid_px_9,bid_vol_9,ask_px_0,ask_vol_0,ask_px_1,ask_vol_1,ask_px_2,ask_vol_2,ask_px_3,ask_vol_3,ask_px_4,ask_vol_4,ask_px_5,ask_vol_5,ask_px_6,ask_vol_6,ask_px_7,ask_vol_7,ask_px_8,ask_vol_8,ask_px_9,ask_vol_9
2026-06-29T22:00:00.002562+00:00,2026-06-30T08:00:00.002562,2,1,131.6,0.2,131.5,825,131.4,2,,,,,,,,,,,,,,,,,131.7,826,,,,,,,,,,,,,,,,,,
2026-06-29T22:00:00.013162+00:00,2026-06-30T08:00:00.008975,3,1,131.6,0.2,131.5,825,131.4,2,131.3,500,,,,,,,,,,,,,,,131.7,826,,,,,,,,,,,,,,,,,,
2026-06-29T22:00:00.024162+00:00,2026-06-30T08:00:00.018262,3,2,131.6,0.2,131.5,825,131.4,2,131.3,500,,,,,,,,,,,,,,,131.7,826,132.1,500,,,,,,,,,,,,,,,,
2026-06-29T22:00:00.427902+00:00,2026-06-30T08:00:00.427397,3,2,131.6,0.2,131.5,825,131.4,1,131.3,500,,,,,,,,,,,,,,,131.7,826,132.1,500,,,,,,,,,,,,,,,,
2026-06-29T22:00:00.602231+00:00,2026-06-30T08:00:00.599231,2,2,131.6,0.2,131.5,825,131.4,1,,,,,,,,,,,,,,,,,131.7,826,132.1,500,,,,,,,,,,,,,,,,
2026-06-29T22:00:00.613279+00:00,2026-06-30T08:00:00.611280,3,1,131.6,0.2,131.5,825,131.4,1,131.3,500,,,,,,,,,,,,,,,131.7,826,,,,,,,,,,,,,,,,,,
2026-06-29T22:00:00.624330+00:00,2026-06-30T08:00:00.621330,3,2,131.6,0.2,131.5,825,131.4,1,131.3,500,,,,,,,,,,,,,,,131.7,826,132.1,500,,,,,,,,,,,,,,,,
2026-06-29T22:00:00.646435+00:00,2026-06-30T08:00:00.644435,3,2,131.6,0.2,131.5,625,131.4,1,131.3,500,,,,,,,,,,,,,,,131.7,826,132.1,500,,,,,,,,,,,,,,,,
2026-06-29T22:00:00.657483+00:00,2026-06-30T08:00:00.652484,3,2,131.6,0.2,131.5,825,131.4,1,131.3,500,,,,,,,,,,,,,,,131.7,826,132.1,500,,,,,,,,,,,,,,,,
2026-06-29T22:00:01.209050+00:00,2026-06-30T08:00:01.208040,2,1,131.6,0.2,131.5,825,131.4,1,,,,,,,,,,,,,,,,,131.7,826,,,,,,,,,,,,,,,,,,
2026-06-29T22:00:01.220167+00:00,2026-06-30T08:00:01.219174,2,2,131.6,0.2,131.5,825,131.4,501,,,,,,,,,,,,,,,,,131.7,826,132.1,500,,,,,,,,,,,,,,,,
2026-06-29T22:00:01.264453+00:00,2026-06-30T08:00:01.263452,3,2,131.65,0.1,131.6,625,131.5,200,131.4,501,,,,,,,,,,,,,,,131.7,201,132.1,500,,,,,,,,,,,,,,,,
2026-06-29T22:00:01.275514+00:00,2026-06-30T08:00:01.272514,3,3,131.65,0.1,131.6,625,131.5,200,131.4,501,,,,,,,,,,,,,,,131.7,201,131.8,625,132.1,500,,,,,,,,,,,,,,
2026-06-29T22:00:01.809845+00:00,2026-06-30T08:00:01.803781,3,3,131.65,0.1,131.6,625,131.5,200,131.4,1,,,,,,,,,,,,,,,131.7,201,131.8,625,132.1,500,,,,,,,,,,,,,,
2026-06-29T22:00:01.820908+00:00,2026-06-30T08:00:01.816845,4,2,131.65,0.1,131.6,625,131.5,200,131.4,1,131.2,500,,,,,,,,,,,,,131.7,201,131.8,625,,,,,,,,,,,,,,,,
2026-06-29T22:00:01.831990+00:00,2026-06-30T08:00:01.821908,4,3,131.65,0.1,131.6,625,131.5,200,131.4,1,131.2,500,,,,,,,,,,,,,131.7,201,131.8,625,132.0,500,,,,,,,,,,,,,,
2026-06-29T22:00:01.865176+00:00,2026-06-30T08:00:01.862176,3,3,131.65,0.1,131.6,625,131.4,1,131.2,500,,,,,,,,,,,,,,,131.7,1,131.8,625,132.0,500,,,,,,,,,,,,,,
2026-06-29T22:00:01.876239+00:00,2026-06-30T08:00:01.875238,4,3,131.65,0.1,131.6,425,131.4,1,131.3,200,131.2,500,,,,,,,,,,,,,131.7,1,131.8,625,132.0,500,,,,,,,,,,,,,,
2026-06-29T22:00:02.432902+00:00,2026-06-30T08:00:02.429902,3,3,131.65,0.1,131.6,425,131.4,1,131.3,200,,,,,,,,,,,,,,,131.7,1,131.8,625,132.0,500,,,,,,,,,,,,,,
2026-06-29T22:00:02.443966+00:00,2026-06-30T08:00:02.439966,3,2,131.65,0.1,131.6,425,131.4,1,131.3,200,,,,,,,,,,,,,,,131.7,1,131.8,625,,,,,,,,,,,,,,,,
2026-06-29T22:00:02.455029+00:00,2026-06-30T08:00:02.446966,4,2,131.65,0.1,131.6,425,131.4,1,131.3,200,131.2,500,,,,,,,,,,,,,131.7,1,131.8,625,,,,,,,,,,,,,,,,
2026-06-29T22:00:02.466093+00:00,2026-06-30T08:00:02.457083,4,3,131.65,0.1,131.6,425,131.4,1,131.3,200,131.2,500,,,,,,,,,,,,,131.7,1,131.8,625,132.0,500,,,,,,,,,,,,,,
2026-06-29T22:00:02.586805+00:00,2026-06-30T08:00:02.585805,4,3,131.6,0.2,131.5,625,131.4,1,131.3,200,131.2,500,,,,,,,,,,,,,131.7,1,131.8,625,132.0,500,,,,,,,,,,,,,,
2026-06-29T22:00:03.044379+00:00,2026-06-30T08:00:03.034297,3,3,131.6,0.2,131.5,625,131.4,1,131.3,200,,,,,,,,,,,,,,,131.7,1,131.8,625,132.0,500,,,,,,,,,,,,,,
2026-06-29T22:00:03.055451+00:00,2026-06-30T08:00:03.050451,4,2,131.6,0.2,131.5,625,131.4,1,131.3,200,131.1,500,,,,,,,,,,,,,131.7,1,131.8,625,,,,,,,,,,,,,,,,
2026-06-29T22:00:03.066514+00:00,2026-06-30T08:00:03.061514,4,3,131.6,0.2,131.5,625,131.4,1,131.3,200,131.1,500,,,,,,,,,,,,,131.7,1,131.8,625,131.9,500,,,,,,,,,,,,,,
2026-06-29T22:00:03.088235+00:00,2026-06-30T08:00:03.080675,3,3,131.6,0.2,131.5,625,131.4,1,131.1,500,,,,,,,,,,,,,,,131.7,1,131.8,625,131.9,500,,,,,,,,,,,,,,
2026-06-29T22:00:03.098814+00:00,2026-06-30T08:00:03.089254,3,3,131.6,0.2,131.5,825,131.4,1,131.1,500,,,,,,,,,,,,,,,131.7,201,131.8,625,131.9,500,,,,,,,,,,,,,,
2026-06-29T22:00:03.644382+00:00,2026-06-30T08:00:03.642382,2,2,131.6,0.2,131.5,825,131.4,1,,,,,,,,,,,,,,,,,131.7,201,131.8,625,,,,,,,,,,,,,,,,
2026-06-29T22:00:03.666506+00:00,2026-06-30T08:00:03.657496,3,3,131.6,0.2,131.5,825,131.4,1,131.1,500,,,,,,,,,,,,,,,131.7,201,131.8,625,131.9,500,,,,,,,,,,,,,,
2026-06-29T22:00:03.894073+00:00,2026-06-30T08:00:03.893073,3,2,131.6,0.2,131.5,200,131.4,1,131.1,500,,,,,,,,,,,,,,,131.7,201,131.9,500,,,,,,,,,,,,,,,,
2026-06-29T22:00:03.905136+00:00,2026-06-30T08:00:03.897125,4,2,131.65,0.1,131.6,625,131.5,200,131.4,1,131.1,500,,,,,,,,,,,,,131.7,201,131.9,500,,,,,,,,,,,,,,,,
2026-06-29T22:00:03.916211+00:00,2026-06-30T08:00:03.906136,4,3,131.65,0.1,131.6,625,131.5,200,131.4,1,131.1,500,,,,,,,,,,,,,131.7,201,131.8,625,131.9,500,,,,,,,,,,,,,,
2026-06-29T22:00:04.252001+00:00,2026-06-30T08:00:04.247990,3,2,131.65,0.1,131.6,625,131.5,200,131.4,1,,,,,,,,,,,,,,,131.7,201,131.8,625,,,,,,,,,,,,,,,,
2026-06-29T22:00:04.263064+00:00,2026-06-30T08:00:04.261063,4,3,131.65,0.1,131.6,625,131.5,200,131.4,1,131.2,500,,,,,,,,,,,,,131.7,201,131.8,625,132.0,500,,,,,,,,,,,,,,
2026-06-29T22:00:04.296251+00:00,2026-06-30T08:00:04.294251,3,3,131.65,0.1,131.6,625,131.4,1,131.2,500,,,,,,,,,,,,,,,131.7,1,131.8,625,132.0,500,,,,,,,,,,,,,,
2026-06-29T22:00:04.307323+00:00,2026-06-30T08:00:04.300324,4,2,131.75,0.1,131.7,199,131.6,625,131.4,1,131.2,500,,,,,,,,,,,,,131.8,625,132.0,700,,,,,,,,,,,,,,,,
2026-06-29T22:00:04.372424+00:00,2026-06-30T08:00:04.367413,4,2,131.75,0.1,131.7,199,131.6,625,131.4,1,131.2,500,,,,,,,,,,,,,131.8,631,132.0,700,,,,,,,,,,,,,,,,
2026-06-29T22:00:04.852147+00:00,2026-06-30T08:00:04.849156,3,2,131.75,0.1,131.7,199,131.6,625,131.4,1,,,,,,,,,,,,,,,131.8,631,132.0,200,,,,,,,,,,,,,,,,
2026-06-29T22:00:04.863218+00:00,2026-06-30T08:00:04.861218,4,2,131.75,0.1,131.7,199,131.6,625,131.4,1,131.3,500,,,,,,,,,,,,,131.8,631,132.0,700,,,,,,,,,,,,,,,,
2026-06-29T22:00:05.211800+00:00,2026-06-30T08:00:05.208800,3,2,131.75,0.1,131.7,199,131.4,1,131.3,500,,,,,,,,,,,,,,,131.8,631,132.0,700,,,,,,,,,,,,,,,,
2026-06-29T22:00:05.222863+00:00,2026-06-30T08:00:05.218854,3,3,131.6,0.2,131.5,625,131.4,1,131.3,500,,,,,,,,,,,,,,,131.7,426,131.8,6,132.0,700,,,,,,,,,,,,,,
2026-06-29T22:00:05.439992+00:00,2026-06-30T08:00:05.437981,3,3,131.6,0.2,131.5,625,131.4,1,131.3,500,,,,,,,,,,,,,,,131.7,426,131.8,5,132.0,700,,,,,,,,,,,,,,
2026-06-29T22:00:05.451080+00:00,2026-06-30T08:00:05.446992,2,3,131.6,0.2,131.5,625,131.4,1,,,,,,,,,,,,,,,,,131.7,426,131.8,5,132.0,700,,,,,,,,,,,,,,
2026-06-29T22:00:05.462142+00:00,2026-06-30T08:00:05.460142,3,3,131.6,0.2,131.5,625,131.4,1,131.3,500,,,,,,,,,,,,,,,131.7,426,131.8,5,132.0,200,,,,,,,,,,,,,,
2026-06-29T22:00:05.473230+00:00,2026-06-30T08:00:05.467219,3,3,131.6,0.2,131.5,625,131.4,1,131.3,500,,,,,,,,,,,,,,,131.7,426,131.8,5,132.0,700,,,,,,,,,,,,,,
2026-06-29T22:00:05.506411+00:00,2026-06-30T08:00:05.503411,3,3,131.6,0.2,131.5,625,131.4,1,131.3,500,,,,,,,,,,,,,,,131.7,426,131.8,5,132.0,500,,,,,,,,,,,,,,
2026-06-29T22:00:05.517475+00:00,2026-06-30T08:00:05.512475,4,3,131.65,0.1,131.6,200,131.5,625,131.4,1,131.3,500,,,,,,,,,,,,,131.7,426,131.8,205,132.0,500,,,,,,,,,,,,,,
2026-06-29T22:00:06.053518+00:00,2026-06-30T08:00:06.047349,3,3,131.65,0.1,131.6,200,131.5,625,131.4,1,,,,,,,,,,,,,,,131.7,426,131.8,205,132.0,500,,,,,,,,,,,,,,
2026-06-29T22:00:06.064402+00:00,2026-06-30T08:00:06.063402,4,2,131.65,0.1,131.6,200,131.5,625,131.4,1,131.3,500,,,,,,,,,,,,,131.7,426,131.8,205,,,,,,,,,,,,,,,,
2026-06-29T22:00:06.075461+00:00,2026-06-30T08:00:06.067460,4,3,131.65,0.1,131.6,200,131.5,625,131.4,1,131.3,500,,,,,,,,,,,,,131.7,426,131.8,205,132.0,500,,,,,,,,,,,,,,
2026-06-29T22:00:06.248408+00:00,2026-06-30T08:00:06.241864,4,3,131.65,0.1,131.6,200,131.5,625,131.4,1,131.3,500,,,,,,,,,,,,,131.7,426,131.8,203,132.0,500,,,,,,,,,,,,,,
2026-06-29T22:00:06.529769+00:00,2026-06-30T08:00:06.523719,3,2,131.7,0.2,131.6,825,131.4,1,131.3,500,,,,,,,,,,,,,,,131.8,828,132.0,500,,,,,,,,,,,,,,,,
2026-06-29T22:00:06.617706+00:00,2026-06-30T08:00:06.609161,3,2,131.7,0.2,131.6,824,131.4,1,131.3,500,,,,,,,,,,,,,,,131.8,828,132.0,500,,,,,,,,,,,,,,,,
2026-06-29T22:00:06.660934+00:00,2026-06-30T08:00:06.657932,2,1,131.7,0.2,131.6,824,131.4,1,,,,,,,,,,,,,,,,,131.8,828,,,,,,,,,,,,,,,,,,
2026-06-29T22:00:06.671991+00:00,2026-06-30T08:00:06.668990,3,2,131.7,0.2,131.6,824,131.4,1,131.2,500,,,,,,,,,,,,,,,131.8,828,132.0,500,,,,,,,,,,,,,,,,
2026-06-29T22:00:06.716242+00:00,2026-06-30T08:00:06.715241,3,2,131.7,0.2,131.6,825,131.4,1,131.2,500,,,,,,,,,,,,,,,131.8,628,132.0,500,,,,,,,,,,,,,,,,
2026-06-29T22:00:06.727290+00:00,2026-06-30T08:00:06.717289,3,3,131.7,0.2,131.6,825,131.4,1,131.2,500,,,,,,,,,,,,,,,131.8,628,131.9,200,132.0,500,,,,,,,,,,,,,,
2026-06-29T22:00:07.258178+00:00,2026-06-30T08:00:07.254619,2,3,131.7,0.2,131.6,825,131.4,1,,,,,,,,,,,,,,,,,131.8,628,131.9,200,132.0,500,,,,,,,,,,,,,,
2026-06-29T22:00:07.268759+00:00,2026-06-30T08:00:07.267197,3,2,131.7,0.2,131.6,825,131.4,1,131.3,500,,,,,,,,,,,,,,,131.8,628,131.9,200,,,,,,,,,,,,,,,,
2026-06-29T22:00:07.279860+00:00,2026-06-30T08:00:07.272778,3,3,131.7,0.2,131.6,825,131.4,1,131.3,500,,,,,,,,,,,,,,,131.8,628,131.9,200,132.1,500,,,,,,,,,,,,,,
2026-06-29T22:00:07.837356+00:00,2026-06-30T08:00:07.835357,3,3,131.7,0.2,131.6,200,131.4,1,131.3,500,,,,,,,,,,,,,,,131.8,3,131.9,200,132.1,500,,,,,,,,,,,,,,
2026-06-29T22:00:07.848003+00:00,2026-06-30T08:00:07.846434,4,4,131.65,0.1,131.6,200,131.5,625,131.4,1,131.3,500,,,,,,,,,,,,,131.7,625,131.8,3,131.9,200,132.1,500,,,,,,,,,,,,
2026-06-29T22:00:07.858582+00:00,2026-06-30T08:00:07.855022,3,4,131.65,0.1,131.6,200,131.5,625,131.4,1,,,,,,,,,,,,,,,131.7,625,131.8,3,131.9,200,132.1,500,,,,,,,,,,,,
2026-06-29T22:00:07.869663+00:00,2026-06-30T08:00:07.865601,3,3,131.65,0.1,131.6,200,131.5,625,131.4,1,,,,,,,,,,,,,,,131.7,625,131.8,3,131.9,200,,,,,,,,,,,,,,
2026-06-29T22:00:07.880726+00:00,2026-06-30T08:00:07.876663,4,4,131.65,0.1,131.6,200,131.5,625,131.4,1,131.3,500,,,,,,,,,,,,,131.7,625,131.8,3,131.9,200,132.1,500,,,,,,,,,,,,
2026-06-29T22:00:07.924991+00:00,2026-06-30T08:00:07.922983,4,4,131.65,0.1,131.6,200,131.5,625,131.4,1,131.3,500,,,,,,,,,,,,,131.7,625,131.8,3,131.9,200,132.1,500,,,,,,,,,,,,
2026-06-29T22:00:08.490759+00:00,2026-06-30T08:00:08.485700,3,4,131.65,0.1,131.6,200,131.5,625,131.4,1,,,,,,,,,,,,,,,131.7,625,131.8,3,131.9,200,132.1,500,,,,,,,,,,,,
2026-06-29T22:00:08.501814+00:00,2026-06-30T08:00:08.501814,4,3,131.65,0.1,131.6,200,131.5,625,131.4,1,131.2,500,,,,,,,,,,,,,131.7,625,131.8,3,131.9,200,,,,,,,,,,,,,,
2026-06-29T22:00:08.512884+00:00,2026-06-30T08:00:08.509884,4,3,131.65,0.1,131.6,200,131.5,625,131.4,1,131.2,500,,,,,,,,,,,,,131.7,625,131.8,3,131.9,700,,,,,,,,,,,,,,
2026-06-29T22:00:08.882934+00:00,2026-06-30T08:00:08.872871,4,3,131.65,0.1,131.6,200,131.5,625,131.4,1,131.2,500,,,,,,,,,,,,,131.7,625,131.8,2,131.9,700,,,,,,,,,,,,,,
2026-06-29T22:00:09.100015+00:00,2026-06-30T08:00:09.095952,3,3,131.65,0.1,131.6,200,131.5,625,131.4,1,,,,,,,,,,,,,,,131.7,625,131.8,2,131.9,200,,,,,,,,,,,,,,
2026-06-29T22:00:09.111079+00:00,2026-06-30T08:00:09.108068,4,3,131.65,0.1,131.6,200,131.5,625,131.4,1,131.1,500,,,,,,,,,,,,,131.7,625,131.8,502,131.9,200,,,,,,,,,,,,,,
2026-06-29T22:00:09.133224+00:00,2026-06-30T08:00:09.132224,3,2,131.6,0.2,131.5,825,131.4,1,131.1,500,,,,,,,,,,,,,,,131.7,825,131.8,502,,,,,,,,,,,,,,,,
2026-06-29T22:00:09.155341+00:00,2026-06-30T08:00:09.152350,3,2,131.6,0.2,131.5,200,131.4,626,131.1,500,,,,,,,,,,,,,,,131.7,825,131.8,502,,,,,,,,,,,,,,,,
2026-06-29T22:00:09.700122+00:00,2026-06-30T08:00:09.699121,2,2,131.6,0.2,131.5,200,131.4,626,,,,,,,,,,,,,,,,,131.7,825,131.8,2,,,,,,,,,,,,,,,,
2026-06-29T22:00:09.711239+00:00,2026-06-30T08:00:09.710239,3,2,131.6,0.2,131.5,200,131.4,626,131.0,500,,,,,,,,,,,,,,,131.7,825,131.8,502,,,,,,,,,,,,,,,,
2026-06-29T22:00:09.777818+00:00,2026-06-30T08:00:09.776818,3,2,131.6,0.2,131.5,200,131.4,626,131.0,500,,,,,,,,,,,,,,,131.7,825,131.8,501,,,,,,,,,,,,,,,,
2026-06-29T22:00:10.298446+00:00,2026-06-30T08:00:10.292888,2,2,131.6,0.2,131.5,200,131.4,626,,,,,,,,,,,,,,,,,131.7,825,131.8,501,,,,,,,,,,,,,,,,
2026-06-29T22:00:10.309025+00:00,2026-06-30T08:00:10.306465,3,2,131.6,0.2,131.5,200,131.4,626,131.1,500,,,,,,,,,,,,,,,131.7,825,131.8,1,,,,,,,,,,,,,,,,
2026-06-29T22:00:10.320102+00:00,2026-06-30T08:00:10.313043,3,2,131.6,0.2,131.5,200,131.4,626,131.1,500,,,,,,,,,,,,,,,131.7,825,131.8,501,,,,,,,,,,,,,,,,
2026-06-29T22:00:10.342248+00:00,2026-06-30T08:00:10.341248,2,2,131.55,0.3,131.4,626,131.1,500,,,,,,,,,,,,,,,,,131.7,625,131.8,501,,,,,,,,,,,,,,,,
2026-06-29T22:00:10.353382+00:00,2026-06-30T08:00:10.343248,3,3,131.5,0.2,131.4,626,131.3,200,131.1,500,,,,,,,,,,,,,,,131.6,200,131.7,625,131.8,501,,,,,,,,,,,,,,
2026-06-29T22:00:10.462117+00:00,2026-06-30T08:00:10.460117,3,2,131.5,0.2,131.4,626,131.3,200,131.1,500,,,,,,,,,,,,,,,131.6,825,131.8,501,,,,,,,,,,,,,,,,
2026-06-29T22:00:10.897400+00:00,2026-06-30T08:00:10.896346,2,2,131.5,0.2,131.4,626,131.3,200,,,,,,,,,,,,,,,,,131.6,825,131.8,501,,,,,,,,,,,,,,,,
2026-06-29T22:00:10.918557+00:00,2026-06-30T08:00:10.912997,3,2,131.5,0.2,131.4,626,131.3,200,131.2,500,,,,,,,,,,,,,,,131.6,825,131.8,1,,,,,,,,,,,,,,,,
2026-06-29T22:00:10.929638+00:00,2026-06-30T08:00:10.920575,3,3,131.5,0.2,131.4,626,131.3,200,131.2,500,,,,,,,,,,,,,,,131.6,825,131.8,1,131.9,500,,,,,,,,,,,,,,
2026-06-29T22:00:11.506521+00:00,2026-06-30T08:00:11.498521,2,3,131.5,0.2,131.4,626,131.3,200,,,,,,,,,,,,,,,,,131.6,825,131.8,1,131.9,500,,,,,,,,,,,,,,
2026-06-29T22:00:11.517594+00:00,2026-06-30T08:00:11.513594,3,2,131.5,0.2,131.4,626,131.3,200,131.1,500,,,,,,,,,,,,,,,131.6,825,131.8,1,,,,,,,,,,,,,,,,
2026-06-29T22:00:11.528233+00:00,2026-06-30T08:00:11.525673,3,3,131.5,0.2,131.4,626,131.3,200,131.1,500,,,,,,,,,,,,,,,131.6,825,131.8,1,131.9,500,,,,,,,,,,,,,,
2026-06-29T22:00:11.549895+00:00,2026-06-30T08:00:11.546831,2,3,131.5,0.2,131.4,626,131.1,500,,,,,,,,,,,,,,,,,131.6,825,131.8,1,131.9,500,,,,,,,,,,,,,,
2026-06-29T22:00:11.560959+00:00,2026-06-30T08:00:11.558958,3,3,131.5,0.2,131.4,626,131.3,200,131.1,500,,,,,,,,,,,,,,,131.6,825,131.8,1,131.9,500,,,,,,,,,,,,,,
2026-06-29T22:00:11.768355+00:00,2026-06-30T08:00:11.766795,3,3,131.5,0.2,131.4,1,131.3,200,131.1,500,,,,,,,,,,,,,,,131.6,200,131.8,1,131.9,500,,,,,,,,,,,,,,
2026-06-29T22:00:11.778913+00:00,2026-06-30T08:00:11.770374,4,4,131.55,0.1,131.5,625,131.4,1,131.3,200,131.1,500,,,,,,,,,,,,,131.6,200,131.7,625,131.8,1,131.9,500,,,,,,,,,,,,
2026-06-29T22:00:12.107121+00:00,2026-06-30T08:00:12.105121,3,4,131.55,0.1,131.5,625,131.4,1,131.3,200,,,,,,,,,,,,,,,131.6,200,131.7,625,131.8,1,131.9,500,,,,,,,,,,,,
2026-06-29T22:00:12.117725+00:00,2026-06-30T08:00:12.115179,4,3,131.55,0.1,131.5,625,131.4,1,131.3,200,131.2,500,,,,,,,,,,,,,131.6,200,131.7,625,131.8,1,,,,,,,,,,,,,,
2026-06-29T22:00:12.128281+00:00,2026-06-30T08:00:12.125735,4,4,131.55,0.1,131.5,625,131.4,1,131.3,200,131.2,500,,,,,,,,,,,,,131.6,200,131.7,625,131.8,1,131.9,500,,,,,,,,,,,,
2026-06-29T22:00:12.706479+00:00,2026-06-30T08:00:12.703480,3,4,131.55,0.1,131.5,625,131.4,1,131.3,200,,,,,,,,,,,,,,,131.6,200,131.7,625,131.8,1,131.9,500,,,,,,,,,,,,
2026-06-29T22:00:12.717542+00:00,2026-06-30T08:00:12.710540,3,3,131.55,0.1,131.5,625,131.4,1,131.3,200,,,,,,,,,,,,,,,131.6,200,131.7,625,131.8,1,,,,,,,,,,,,,,
2026-06-29T22:00:12.728168+00:00,2026-06-30T08:00:12.720599,4,4,131.55,0.1,131.5,625,131.4,1,131.3,200,131.1,500,,,,,,,,,,,,,131.6,200,131.7,625,131.8,1,131.9,500,,,,,,,,,,,,
2026-06-29T22:00:12.772103+00:00,2026-06-30T08:00:12.769102,3,4,131.55,0.1,131.5,625,131.4,201,131.1,500,,,,,,,,,,,,,,,131.6,200,131.7,625,131.8,1,131.9,500,,,,,,,,,,,,
2026-06-29T22:00:13.077315+00:00,2026-06-30T08:00:13.074280,2,3,131.5,0.2,131.4,201,131.1,500,,,,,,,,,,,,,,,,,131.6,200,131.8,1,131.9,500,,,,,,,,,,,,,,
2026-06-29T22:00:13.087912+00:00,2026-06-30T08:00:13.079353,2,3,131.5,0.2,131.4,826,131.1,500,,,,,,,,,,,,,,,,,131.6,825,131.8,1,131.9,500,,,,,,,,,,,,,,
2026-06-29T22:00:13.317372+00:00,2026-06-30T08:00:13.307362,1,3,131.5,0.2,131.4,826,,,,,,,,,,,,,,,,,,,131.6,825,131.8,1,131.9,500,,,,,,,,,,,,,,
2026-06-29T22:00:13.327995+00:00,2026-06-30T08:00:13.324436,2,2,131.5,0.2,131.4,826,131.0,500,,,,,,,,,,,,,,,,,131.6,825,131.8,1,,,,,,,,,,,,,,,,
2026-06-29T22:00:13.338575+00:00,2026-06-30T08:00:13.332014,2,2,131.5,0.2,131.4,826,131.0,500,,,,,,,,,,,,,,,,,131.6,825,131.8,501,,,,,,,,,,,,,,,,
2026-06-29T22:00:13.917333+00:00,2026-06-30T08:00:13.914333,1,2,131.5,0.2,131.4,826,,,,,,,,,,,,,,,,,,,131.6,825,131.8,1,,,,,,,,,,,,,,,,
2026-06-29T22:00:13.927965+00:00,2026-06-30T08:00:13.926398,2,2,131.5,0.2,131.4,826,131.1,500,,,,,,,,,,,,,,,,,131.6,825,131.8,501,,,,,,,,,,,,,,,,
2026-06-29T22:00:13.982817+00:00,2026-06-30T08:00:13.978817,2,2,131.5,0.2,131.4,626,131.1,500,,,,,,,,,,,,,,,,,131.6,625,131.8,501,,,,,,,,,,,,,,,,
2026-06-29T22:00:13.993879+00:00,2026-06-30T08:00:13.984817,2,2,131.5,0.2,131.4,826,131.1,500,,,,,,,,,,,,,,,,,131.6,825,131.8,501,,,,,,,,,,,,,,,,
2026-06-29T22:00:14.384921+00:00,2026-06-30T08:00:14.383921,3,2,131.55,0.1,131.5,625,131.4,201,131.1,500,,,,,,,,,,,,,,,131.6,200,131.8,1126,,,,,,,,,,,,,,,,
2026-06-29T22:00:14.548058+00:00,2026-06-30T08:00:14.542508,2,2,131.55,0.1,131.5,625,131.4,201,,,,,,,,,,,,,,,,,131.6,200,131.8,1126,,,,,,,,,,,,,,,,
2026-06-29T22:00:14.558640+00:00,2026-06-30T08:00:14.556074,3,2,131.55,0.1,131.5,625,131.4,201,131.1,500,,,,,,,,,,,,,,,131.6,200,131.8,626,,,,,,,,,,,,,,,,
2026-06-29T22:00:14.569721+00:00,2026-06-30T08:00:14.561659,3,2,131.55,0.1,131.5,625,131.4,201,131.1,500,,,,,,,,,,,,,,,131.6,200,131.8,1126,,,,,,,,,,,,,,,,
2026-06-29T22:00:15.157594+00:00,2026-06-30T08:00:15.153585,2,2,131.55,0.1,131.5,625,131.4,201,,,,,,,,,,,,,,,,,131.6,200,131.8,626,,,,,,,,,,,,,,,,
2026-06-29T22:00:15.168221+00:00,2026-06-30T08:00:15.164661,3,3,131.55,0.1,131.5,625,131.4,201,131.1,500,,,,,,,,,,,,,,,131.6,200,131.8,626,131.9,500,,,,,,,,,,,,,,
2026-06-29T22:00:15.189882+00:00,2026-06-30T08:00:15.187871,3,3,131.55,0.1,131.5,625,131.4,1,131.1,500,,,,,,,,,,,,,,,131.6,200,131.8,626,131.9,500,,,,,,,,,,,,,,
2026-06-29T22:00:15.200945+00:00,2026-06-30T08:00:15.194882,3,3,131.55,0.1,131.5,625,131.4,201,131.1,500,,,,,,,,,,,,,,,131.6,200,131.8,626,131.9,500,,,,,,,,,,,,,,
2026-06-29T22:00:15.690754+00:00,2026-06-30T08:00:15.689754,2,3,131.5,0.2,131.4,201,131.1,500,,,,,,,,,,,,,,,,,131.6,200,131.8,1,131.9,500,,,,,,,,,,,,,,
2026-06-29T22:00:15.701818+00:00,2026-06-30T08:00:15.695754,3,4,131.55,0.1,131.5,625,131.4,201,131.1,500,,,,,,,,,,,,,,,131.6,200,131.7,625,131.8,1,131.9,500,,,,,,,,,,,,
2026-06-29T22:00:15.757126+00:00,2026-06-30T08:00:15.749126,2,4,131.55,0.1,131.5,625,131.4,201,,,,,,,,,,,,,,,,,131.6,200,131.7,625,131.8,1,131.9,500,,,,,,,,,,,,
2026-06-29T22:00:15.767761+00:00,2026-06-30T08:00:15.764201,3,3,131.55,0.1,131.5,625,131.4,201,131.1,500,,,,,,,,,,,,,,,131.6,200,131.7,625,131.8,1,,,,,,,,,,,,,,
2026-06-29T22:00:15.778366+00:00,2026-06-30T08:00:15.769779,3,4,131.55,0.1,131.5,625,131.4,201,131.1,500,,,,,,,,,,,,,,,131.6,200,131.7,625,131.8,1,131.9,500,,,,,,,,,,,,
2026-06-29T22:00:16.354177+00:00,2026-06-30T08:00:16.350177,2,4,131.55,0.1,131.5,625,131.4,201,,,,,,,,,,,,,,,,,131.6,200,131.7,625,131.8,1,131.9,500,,,,,,,,,,,,
2026-06-29T22:00:16.365240+00:00,2026-06-30T08:00:16.359240,2,3,131.55,0.1,131.5,625,131.4,201,,,,,,,,,,,,,,,,,131.6,200,131.7,625,131.8,1,,,,,,,,,,,,,,
2026-06-29T22:00:16.376302+00:00,2026-06-30T08:00:16.375302,3,4,131.55,0.1,131.5,625,131.4,201,131.1,500,,,,,,,,,,,,,,,131.6,200,131.7,625,131.8,1,131.9,500,,,,,,,,,,,,
2026-06-29T22:00:16.398019+00:00,2026-06-30T08:00:16.396459,3,4,131.55,0.1,131.5,625,131.4,1,131.1,500,,,,,,,,,,,,,,,131.6,200,131.7,625,131.8,1,131.9,500,,,,,,,,,,,,
2026-06-29T22:00:16.408607+00:00,2026-06-30T08:00:16.405038,3,3,131.6,0.2,131.5,825,131.4,1,131.1,500,,,,,,,,,,,,,,,131.7,625,131.8,1,131.9,500,,,,,,,,,,,,,,
2026-06-29T22:00:16.419689+00:00,2026-06-30T08:00:16.413626,3,3,131.6,0.2,131.5,825,131.4,1,131.1,500,,,,,,,,,,,,,,,131.7,825,131.8,1,131.9,500,,,,,,,,,,,,,,
2026-06-29T22:00:16.964324+00:00,2026-06-30T08:00:16.962324,2,2,131.6,0.2,131.5,825,131.4,1,,,,,,,,,,,,,,,,,131.7,825,131.8,1,,,,,,,,,,,,,,,,
2026-06-29T22:00:16.975387+00:00,2026-06-30T08:00:16.974387,3,2,131.6,0.2,131.5,825,131.4,1,131.0,500,,,,,,,,,,,,,,,131.7,825,131.8,501,,,,,,,,,,,,,,,,
2026-06-29T22:00:17.008140+00:00,2026-06-30T08:00:17.006580,3,2,131.6,0.2,131.5,825,131.4,1,131.0,500,,,,,,,,,,,,,,,131.7,825,131.8,501,,,,,,,,,,,,,,,,
2026-06-29T22:00:17.566202+00:00,2026-06-30T08:00:17.564201,2,2,131.6,0.2,131.5,825,131.4,1,,,,,,,,,,,,,,,,,131.7,825,131.8,1,,,,,,,,,,,,,,,,
2026-06-29T22:00:17.577265+00:00,2026-06-30T08:00:17.571265,3,2,131.6,0.2,131.5,825,131.4,1,131.0,500,,,,,,,,,,,,,,,131.7,825,131.8,1,,,,,,,,,,,,,,,,
2026-06-29T22:00:17.587890+00:00,2026-06-30T08:00:17.577492,3,2,131.6,0.2,131.5,825,131.4,1,131.0,500,,,,,,,,,,,,,,,131.7,825,131.8,501,,,,,,,,,,,,,,,,
2026-06-29T22:00:17.620126+00:00,2026-06-30T08:00:17.613063,4,2,131.65,0.1,131.6,200,131.5,625,131.4,1,131.0,500,,,,,,,,,,,,,131.7,625,131.8,701,,,,,,,,,,,,,,,,
2026-06-29T22:00:18.166140+00:00,2026-06-30T08:00:18.160140,3,2,131.65,0.1,131.6,200,131.5,625,131.4,1,,,,,,,,,,,,,,,131.7,625,131.8,701,,,,,,,,,,,,,,,,
2026-06-29T22:00:18.177189+00:00,2026-06-30T08:00:18.173189,4,2,131.65,0.1,131.6,200,131.5,625,131.4,1,131.0,500,,,,,,,,,,,,,131.7,625,131.8,201,,,,,,,,,,,,,,,,
2026-06-29T22:00:18.187805+00:00,2026-06-30T08:00:18.179261,4,2,131.65,0.1,131.6,200,131.5,625,131.4,1,131.0,500,,,,,,,,,,,,,131.7,1125,131.8,201,,,,,,,,,,,,,,,,
2026-06-29T22:00:18.317991+00:00,2026-06-30T08:00:18.316445,4,2,131.65,0.1,131.6,200,131.5,625,131.4,1,131.0,500,,,,,,,,,,,,,131.7,1125,131.8,201,,,,,,,,,,,,,,,,
2026-06-29T22:00:18.600787+00:00,2026-06-30T08:00:18.597786,4,2,131.65,0.1,131.6,200,131.5,625,131.4,1,131.0,500,,,,,,,,,,,,,131.7,1125,131.8,200,,,,,,,,,,,,,,,,
2026-06-29T22:00:18.764232+00:00,2026-06-30T08:00:18.763232,3,2,131.65,0.1,131.6,200,131.5,625,131.4,1,,,,,,,,,,,,,,,131.7,1125,131.8,200,,,,,,,,,,,,,,,,
2026-06-29T22:00:18.786358+00:00,2026-06-30T08:00:18.785358,4,2,131.65,0.1,131.6,200,131.5,625,131.4,1,130.9,500,,,,,,,,,,,,,131.7,1125,131.8,200,,,,,,,,,,,,,,,,
2026-06-29T22:00:18.818615+00:00,2026-06-30T08:00:18.816056,3,1,131.6,0.2,131.5,625,131.4,1,130.9,500,,,,,,,,,,,,,,,131.7,1125,,,,,,,,,,,,,,,,,,
2026-06-29T22:00:18.829696+00:00,2026-06-30T08:00:18.821634,3,2,131.6,0.2,131.5,625,131.4,1,130.9,500,,,,,,,,,,,,,,,131.7,925,132.0,200,,,,,,,,,,,,,,,,
2026-06-29T22:00:18.927335+00:00,2026-06-30T08:00:18.917399,3,2,131.6,0.2,131.5,625,131.4,1,130.9,500,,,,,,,,,,,,,,,131.7,926,132.0,200,,,,,,,,,,,,,,,,
2026-06-29T22:00:18.981226+00:00,2026-06-30T08:00:18.980225,3,2,131.6,0.2,131.5,625,131.4,1,130.9,500,,,,,,,,,,,,,,,131.7,925,132.0,200,,,,,,,,,,,,,,,,
2026-06-29T22:00:19.374347+00:00,2026-06-30T08:00:19.367336,2,2,131.6,0.2,131.5,625,131.4,1,,,,,,,,,,,,,,,,,131.7,925,132.0,200,,,,,,,,,,,,,,,,
2026-06-29T22:00:19.385409+00:00,2026-06-30T08:00:19.379409,3,2,131.6,0.2,131.5,625,131.4,1,130.9,500,,,,,,,,,,,,,,,131.7,425,132.0,200,,,,,,,,,,,,,,,,
2026-06-29T22:00:19.396472+00:00,2026-06-30T08:00:19.385409,3,2,131.6,0.2,131.5,625,131.4,1,130.9,500,,,,,,,,,,,,,,,131.7,925,132.0,200,,,,,,,,,,,,,,,,
2026-06-29T22:00:19.625066+00:00,2026-06-30T08:00:19.622075,2,2,131.55,0.3,131.4,1,130.9,500,,,,,,,,,,,,,,,,,131.7,500,132.0,200,,,,,,,,,,,,,,,,
2026-06-29T22:00:19.636157+00:00,2026-06-30T08:00:19.632157,3,2,131.8,0.2,131.7,125,131.4,1,130.9,500,,,,,,,,,,,,,,,131.9,625,132.0,200,,,,,,,,,,,,,,,,
2026-06-29T22:00:19.971006+00:00,2026-06-30T08:00:19.969006,2,2,131.8,0.2,131.7,125,131.4,1,,,,,,,,,,,,,,,,,131.9,625,132.0,200,,,,,,,,,,,,,,,,
2026-06-29T22:00:19.993133+00:00,2026-06-30T08:00:19.987122,2,3,131.55,0.3,131.4,1,131.0,500,,,,,,,,,,,,,,,,,131.7,375,131.9,625,132.0,200,,,,,,,,,,,,,,
2026-06-29T22:00:20.025012+00:00,2026-06-30T08:00:20.023012,2,2,131.55,0.3,131.4,1,131.0,500,,,,,,,,,,,,,,,,,131.7,375,131.9,625,,,,,,,,,,,,,,,,
2026-06-29T22:00:20.036075+00:00,2026-06-30T08:00:20.027012,2,2,131.55,0.3,131.4,1,131.0,500,,,,,,,,,,,,,,,,,131.7,175,131.9,825,,,,,,,,,,,,,,,,
2026-06-29T22:00:20.608629+00:00,2026-06-30T08:00:20.602069,1,2,131.55,0.3,131.4,1,,,,,,,,,,,,,,,,,,,131.7,175,131.9,825,,,,,,,,,,,,,,,,
2026-06-29T22:00:20.619710+00:00,2026-06-30T08:00:20.615647,2,1,131.65,0.5,131.4,1,131.1,500,,,,,,,,,,,,,,,,,131.9,825,,,,,,,,,,,,,,,,,,
2026-06-29T22:00:20.630773+00:00,2026-06-30T08:00:20.623710,2,2,131.6,0.4,131.4,1,131.1,500,,,,,,,,,,,,,,,,,131.8,500,131.9,825,,,,,,,,,,,,,,,,
2026-06-29T22:00:20.738998+00:00,2026-06-30T08:00:20.732439,2,3,131.55,0.3,131.4,1,131.1,500,,,,,,,,,,,,,,,,,131.7,9,131.8,500,131.9,825,,,,,,,,,,,,,,
2026-06-29T22:00:20.935762+00:00,2026-06-30T08:00:20.934762,2,3,131.55,0.3,131.4,626,131.1,500,,,,,,,,,,,,,,,,,131.7,9,131.8,500,131.9,200,,,,,,,,,,,,,,
2026-06-29T22:00:20.946847+00:00,2026-06-30T08:00:20.943847,2,3,131.55,0.3,131.4,626,131.1,500,,,,,,,,,,,,,,,,,131.7,634,131.8,500,131.9,200,,,,,,,,,,,,,,
2026-06-29T22:00:21.205020+00:00,2026-06-30T08:00:21.203020,1,3,131.55,0.3,131.4,626,,,,,,,,,,,,,,,,,,,131.7,634,131.8,500,131.9,200,,,,,,,,,,,,,,
2026-06-29T22:00:21.216112+00:00,2026-06-30T08:00:21.210112,2,2,131.55,0.3,131.4,626,131.1,500,,,,,,,,,,,,,,,,,131.7,634,131.9,700,,,,,,,,,,,,,,,,
2026-06-29T22:00:21.237306+00:00,2026-06-30T08:00:21.235260,3,2,131.65,0.1,131.6,200,131.4,626,131.1,500,,,,,,,,,,,,,,,131.7,634,131.9,700,,,,,,,,,,,,,,,,
2026-06-29T22:00:21.813086+00:00,2026-06-30T08:00:21.804022,2,2,131.65,0.1,131.6,200,131.4,626,,,,,,,,,,,,,,,,,131.7,634,131.9,700,,,,,,,,,,,,,,,,
2026-06-29T22:00:21.824157+00:00,2026-06-30T08:00:21.818157,3,2,131.65,0.1,131.6,200,131.4,626,131.2,500,,,,,,,,,,,,,,,131.7,634,131.9,200,,,,,,,,,,,,,,,,
2026-06-29T22:00:21.835220+00:00,2026-06-30T08:00:21.826149,3,2,131.65,0.1,131.6,200,131.4,626,131.2,500,,,,,,,,,,,,,,,131.7,634,131.9,700,,,,,,,,,,,,,,,,
2026-06-29T22:00:21.857346+00:00,2026-06-30T08:00:21.848339,3,2,131.65,0.1,131.6,194,131.4,626,131.2,500,,,,,,,,,,,,,,,131.7,634,131.9,700,,,,,,,,,,,,,,,,
2026-06-29T22:00:22.248005+00:00,2026-06-30T08:00:22.247492,4,2,131.65,0.1,131.6,194,131.4,1,131.3,625,131.2,500,,,,,,,,,,,,,131.7,9,131.9,700,,,,,,,,,,,,,,,,
2026-06-29T22:00:22.258584+00:00,2026-06-30T08:00:22.258070,2,3,131.45,0.3,131.3,625,131.2,500,,,,,,,,,,,,,,,,,131.6,431,131.7,9,131.9,700,,,,,,,,,,,,,,
2026-06-29T22:00:22.411106+00:00,2026-06-30T08:00:22.408106,1,3,131.45,0.3,131.3,625,,,,,,,,,,,,,,,,,,,131.6,431,131.7,9,131.9,700,,,,,,,,,,,,,,
2026-06-29T22:00:22.422169+00:00,2026-06-30T08:00:22.420169,1,3,131.45,0.3,131.3,625,,,,,,,,,,,,,,,,,,,131.6,431,131.7,9,131.9,200,,,,,,,,,,,,,,
2026-06-29T22:00:22.433232+00:00,2026-06-30T08:00:22.431232,2,4,131.45,0.3,131.3,625,131.1,500,,,,,,,,,,,,,,,,,131.6,431,131.7,9,131.8,500,131.9,200,,,,,,,,,,,,
2026-06-29T22:00:22.444296+00:00,2026-06-30T08:00:22.441296,2,3,131.45,0.3,131.3,625,131.1,500,,,,,,,,,,,,,,,,,131.6,431,131.7,9,131.8,500,,,,,,,,,,,,,,
2026-06-29T22:00:22.455359+00:00,2026-06-30T08:00:22.450359,2,3,131.45,0.3,131.3,625,131.1,500,,,,,,,,,,,,,,,,,131.6,231,131.7,9,131.8,700,,,,,,,,,,,,,,
2026-06-29T22:00:22.987886+00:00,2026-06-30T08:00:22.979325,3,3,131.5,0.2,131.4,1,131.3,625,131.1,500,,,,,,,,,,,,,,,131.6,231,131.7,9,131.8,700,,,,,,,,,,,,,,
2026-06-29T22:00:23.020195+00:00,2026-06-30T08:00:23.017131,2,3,131.5,0.2,131.4,1,131.3,625,,,,,,,,,,,,,,,,,131.6,231,131.7,9,131.8,200,,,,,,,,,,,,,,
2026-06-29T22:00:23.031258+00:00,2026-06-30T08:00:23.029258,3,4,131.5,0.2,131.4,1,131.3,625,131.1,500,,,,,,,,,,,,,,,131.6,231,131.7,9,131.8,200,131.9,500,,,,,,,,,,,,
2026-06-29T22:00:23.075513+00:00,2026-06-30T08:00:23.067502,2,4,131.45,0.3,131.3,625,131.1,500,,,,,,,,,,,,,,,,,131.6,231,131.7,9,131.8,200,131.9,500,,,,,,,,,,,,
2026-06-29T22:00:23.562338+00:00,2026-06-30T08:00:23.559338,2,3,131.6,0.2,131.5,625,131.1,500,,,,,,,,,,,,,,,,,131.7,634,131.8,200,131.9,500,,,,,,,,,,,,,,
2026-06-29T22:00:23.617648+00:00,2026-06-30T08:00:23.612648,1,3,131.6,0.2,131.5,625,,,,,,,,,,,,,,,,,,,131.7,634,131.8,200,131.9,500,,,,,,,,,,,,,,
2026-06-29T22:00:23.628273+00:00,2026-06-30T08:00:23.626713,2,2,131.6,0.2,131.5,625,131.1,500,,,,,,,,,,,,,,,,,131.7,634,131.8,200,,,,,,,,,,,,,,,,
2026-06-29T22:00:23.638851+00:00,2026-06-30T08:00:23.634292,2,2,131.6,0.2,131.5,625,131.1,500,,,,,,,,,,,,,,,,,131.7,634,131.8,700,,,,,,,,,,,,,,,,
2026-06-29T22:00:23.661014+00:00,2026-06-30T08:00:23.660014,2,2,131.6,0.2,131.5,625,131.1,500,,,,,,,,,,,,,,,,,131.7,634,131.8,500,,,,,,,,,,,,,,,,
2026-06-29T22:00:23.672070+00:00,2026-06-30T08:00:23.666015,2,2,131.6,0.2,131.5,825,131.1,500,,,,,,,,,,,,,,,,,131.7,834,131.8,500,,,,,,,,,,,,,,,,
2026-06-29T22:00:23.824134+00:00,2026-06-30T08:00:23.817123,3,2,131.6,0.2,131.5,825,131.4,1,131.1,500,,,,,,,,,,,,,,,131.7,834,131.8,500,,,,,,,,,,,,,,,,
2026-06-29T22:00:24.227254+00:00,2026-06-30T08:00:24.219254,2,2,131.6,0.2,131.5,825,131.4,1,,,,,,,,,,,,,,,,,131.7,834,131.8,500,,,,,,,,,,,,,,,,
2026-06-29T22:00:24.237880+00:00,2026-06-30T08:00:24.228321,2,1,131.6,0.2,131.5,825,131.4,1,,,,,,,,,,,,,,,,,131.7,834,,,,,,,,,,,,,,,,,,
2026-06-29T22:00:24.248458+00:00,2026-06-30T08:00:24.246899,3,2,131.6,0.2,131.5,825,131.4,1,131.0,500,,,,,,,,,,,,,,,131.7,834,131.8,500,,,,,,,,,,,,,,,,
2026-06-29T22:00:24.818647+00:00,2026-06-30T08:00:24.817088,2,2,131.6,0.2,131.5,825,131.4,1,,,,,,,,,,,,,,,,,131.7,834,131.8,500,,,,,,,,,,,,,,,,
2026-06-29T22:00:24.829756+00:00,2026-06-30T08:00:24.828756,3,1,131.6,0.2,131.5,825,131.4,1,131.0,500,,,,,,,,,,,,,,,131.7,834,,,,,,,,,,,,,,,,,,
2026-06-29T22:00:24.840818+00:00,2026-06-30T08:00:24.834747,3,2,131.6,0.2,131.5,825,131.4,1,131.0,500,,,,,,,,,,,,,,,131.7,834,131.8,500,,,,,,,,,,,,,,,,
2026-06-29T22:00:24.862944+00:00,2026-06-30T08:00:24.860945,3,2,131.6,0.2,131.5,200,131.4,1,131.0,500,,,,,,,,,,,,,,,131.7,834,131.8,500,,,,,,,,,,,,,,,,
2026-06-29T22:00:24.874012+00:00,2026-06-30T08:00:24.869012,3,3,131.45,0.1,131.4,1,131.3,625,131.0,500,,,,,,,,,,,,,,,131.5,425,131.7,9,131.8,500,,,,,,,,,,,,,,
2026-06-29T22:00:24.885076+00:00,2026-06-30T08:00:24.875012,3,3,131.45,0.1,131.4,1,131.3,625,131.0,500,,,,,,,,,,,,,,,131.5,225,131.7,9,131.8,500,,,,,,,,,,,,,,
2026-06-29T22:00:24.896138+00:00,2026-06-30T08:00:24.885247,3,3,131.45,0.1,131.4,1,131.3,625,131.0,500,,,,,,,,,,,,,,,131.5,225,131.7,9,131.8,700,,,,,,,,,,,,,,
2026-06-29T22:00:25.100680+00:00,2026-06-30T08:00:25.089616,3,3,131.45,0.1,131.4,1,131.3,625,131.0,500,,,,,,,,,,,,,,,131.5,225,131.7,8,131.8,700,,,,,,,,,,,,,,
2026-06-29T22:00:25.242083+00:00,2026-06-30T08:00:25.238072,3,3,131.45,0.1,131.4,1,131.3,625,131.0,500,,,,,,,,,,,,,,,131.5,225,131.7,7,131.8,700,,,,,,,,,,,,,,
2026-06-29T22:00:25.424279+00:00,2026-06-30T08:00:25.419279,2,3,131.45,0.1,131.4,1,131.3,625,,,,,,,,,,,,,,,,,131.5,225,131.7,7,131.8,700,,,,,,,,,,,,,,
2026-06-29T22:00:25.435342+00:00,2026-06-30T08:00:25.429342,3,3,131.45,0.1,131.4,1,131.3,625,131.0,500,,,,,,,,,,,,,,,131.5,225,131.7,7,131.8,200,,,,,,,,,,,,,,
2026-06-29T22:00:25.446405+00:00,2026-06-30T08:00:25.435342,3,3,131.45,0.1,131.4,1,131.3,625,131.0,500,,,,,,,,,,,,,,,131.5,225,131.7,507,131.8,200,,,,,,,,,,,,,,
2026-06-29T22:00:25.533014+00:00,2026-06-30T08:00:25.532013,3,3,131.45,0.1,131.4,1,131.3,625,131.0,500,,,,,,,,,,,,,,,131.5,225,131.7,505,131.8,200,,,,,,,,,,,,,,
2026-06-29T22:00:26.029883+00:00,2026-06-30T08:00:26.024822,2,3,131.45,0.1,131.4,1,131.3,625,,,,,,,,,,,,,,,,,131.5,225,131.7,505,131.8,200,,,,,,,,,,,,,,
2026-06-29T22:00:26.040946+00:00,2026-06-30T08:00:26.038946,3,3,131.45,0.1,131.4,1,131.3,625,131.0,500,,,,,,,,,,,,,,,131.5,225,131.7,5,131.8,200,,,,,,,,,,,,,,
2026-06-29T22:00:26.052010+00:00,2026-06-30T08:00:26.046946,3,3,131.45,0.1,131.4,1,131.3,625,131.0,500,,,,,,,,,,,,,,,131.5,225,131.7,505,131.8,200,,,,,,,,,,,,,,
2026-06-29T22:00:26.095823+00:00,2026-06-30T08:00:26.092823,3,2,131.45,0.1,131.4,201,131.3,625,131.0,500,,,,,,,,,,,,,,,131.5,225,131.7,705,,,,,,,,,,,,,,,,
2026-06-29T22:00:26.172849+00:00,2026-06-30T08:00:26.171841,2,1,131.55,0.3,131.4,201,131.0,500,,,,,,,,,,,,,,,,,131.7,705,,,,,,,,,,,,,,,,,,
2026-06-29T22:00:26.183913+00:00,2026-06-30T08:00:26.173850,3,1,131.6,0.2,131.5,625,131.4,201,131.0,500,,,,,,,,,,,,,,,131.7,1330,,,,,,,,,,,,,,,,,,
2026-06-29T22:00:26.661175+00:00,2026-06-30T08:00:26.660166,2,1,131.6,0.2,131.5,625,131.4,201,,,,,,,,,,,,,,,,,131.7,830,,,,,,,,,,,,,,,,,,
2026-06-29T22:00:26.672239+00:00,2026-06-30T08:00:26.667228,3,1,131.6,0.2,131.5,625,131.4,201,131.0,500,,,,,,,,,,,,,,,131.7,830,,,,,,,,,,,,,,,,,,
2026-06-29T22:00:26.683302+00:00,2026-06-30T08:00:26.674239,3,2,131.6,0.2,131.5,625,131.4,201,131.0,500,,,,,,,,,,,,,,,131.7,830,131.8,500,,,,,,,,,,,,,,,,
2026-06-29T22:00:27.260762+00:00,2026-06-30T08:00:27.254700,2,2,131.6,0.2,131.5,625,131.4,201,,,,,,,,,,,,,,,,,131.7,830,131.8,500,,,,,,,,,,,,,,,,
2026-06-29T22:00:27.271835+00:00,2026-06-30T08:00:27.269835,3,1,131.6,0.2,131.5,625,131.4,201,131.0,500,,,,,,,,,,,,,,,131.7,830,,,,,,,,,,,,,,,,,,
2026-06-29T22:00:27.282898+00:00,2026-06-30T08:00:27.277888,3,2,131.6,0.2,131.5,625,131.4,201,131.0,500,,,,,,,,,,,,,,,131.7,830,131.8,500,,,,,,,,,,,,,,,,
2026-06-29T22:00:27.293953+00:00,2026-06-30T08:00:27.283898,3,2,131.6,0.2,131.5,625,131.4,201,131.0,500,,,,,,,,,,,,,,,131.7,829,131.8,500,,,,,,,,,,,,,,,,
2026-06-29T22:00:27.305021+00:00,2026-06-30T08:00:27.302021,3,2,131.6,0.2,131.5,625,131.4,1,131.0,500,,,,,,,,,,,,,,,131.7,629,131.8,500,,,,,,,,,,,,,,,,
2026-06-29T22:00:27.316084+00:00,2026-06-30T08:00:27.315084,3,2,131.6,0.2,131.5,625,131.4,201,131.0,500,,,,,,,,,,,,,,,131.7,829,131.8,500,,,,,,,,,,,,,,,,
2026-06-29T22:00:27.488257+00:00,2026-06-30T08:00:27.486695,2,2,131.55,0.3,131.4,826,131.0,500,,,,,,,,,,,,,,,,,131.7,829,131.8,500,,,,,,,,,,,,,,,,
2026-06-29T22:00:27.867302+00:00,2026-06-30T08:00:27.865239,1,1,131.55,0.3,131.4,826,,,,,,,,,,,,,,,,,,,131.7,829,,,,,,,,,,,,,,,,,,
2026-06-29T22:00:27.877880+00:00,2026-06-30T08:00:27.874320,2,1,131.55,0.3,131.4,826,131.0,500,,,,,,,,,,,,,,,,,131.7,829,,,,,,,,,,,,,,,,,,
2026-06-29T22:00:27.888488+00:00,2026-06-30T08:00:27.881899,2,1,131.55,0.3,131.4,826,131.0,500,,,,,,,,,,,,,,,,,131.7,1329,,,,,,,,,,,,,,,,,,
2026-06-29T22:00:28.465355+00:00,2026-06-30T08:00:28.461356,1,1,131.55,0.3,131.4,826,,,,,,,,,,,,,,,,,,,131.7,1329,,,,,,,,,,,,,,,,,,
2026-06-29T22:00:28.476419+00:00,2026-06-30T08:00:28.469419,1,1,131.55,0.3,131.4,826,,,,,,,,,,,,,,,,,,,131.7,829,,,,,,,,,,,,,,,,,,
2026-06-29T22:00:28.487488+00:00,2026-06-30T08:00:28.482489,2,1,131.55,0.3,131.4,826,130.9,500,,,,,,,,,,,,,,,,,131.7,1329,,,,,,,,,,,,,,,,,,
2026-06-29T22:00:28.519776+00:00,2026-06-30T08:00:28.513711,2,1,131.55,0.3,131.4,626,130.9,500,,,,,,,,,,,,,,,,,131.7,1129,,,,,,,,,,,,,,,,,,
2026-06-29T22:00:28.530834+00:00,2026-06-30T08:00:28.519929,3,1,131.6,0.2,131.5,200,131.4,626,130.9,500,,,,,,,,,,,,,,,131.7,1329,,,,,,,,,,,,,,,,,,
2026-06-29T22:00:28.790078+00:00,2026-06-30T08:00:28.789078,3,1,131.6,0.2,131.5,200,131.4,1,130.9,500,,,,,,,,,,,,,,,131.7,1329,,,,,,,,,,,,,,,,,,
2026-06-29T22:00:28.801141+00:00,2026-06-30T08:00:28.797131,3,2,131.6,0.2,131.5,825,131.4,1,130.9,500,,,,,,,,,,,,,,,131.7,704,131.8,625,,,,,,,,,,,,,,,,
2026-06-29T22:00:29.073938+00:00,2026-06-30T08:00:29.070938,2,2,131.6,0.2,131.5,825,131.4,1,,,,,,,,,,,,,,,,,131.7,204,131.8,625,,,,,,,,,,,,,,,,
2026-06-29T22:00:29.085011+00:00,2026-06-30T08:00:29.078001,3,2,131.6,0.2,131.5,825,131.4,1,130.9,500,,,,,,,,,,,,,,,131.7,204,131.8,625,,,,,,,,,,,,,,,,
2026-06-29T22:00:29.096075+00:00,2026-06-30T08:00:29.085011,3,2,131.6,0.2,131.5,825,131.4,1,130.9,500,,,,,,,,,,,,,,,131.7,704,131.8,625,,,,,,,,,,,,,,,,
2026-06-29T22:00:29.668936+00:00,2026-06-30T08:00:29.666377,2,2,131.6,0.2,131.5,825,131.4,1,,,,,,,,,,,,,,,,,131.7,704,131.8,625,,,,,,,,,,,,,,,,
2026-06-29T22:00:29.680021+00:00,2026-06-30T08:00:29.678011,3,2,131.6,0.2,131.5,825,131.4,1,130.9,500,,,,,,,,,,,,,,,131.7,204,131.8,625,,,,,,,,,,,,,,,,
2026-06-29T22:00:29.691085+00:00,2026-06-30T08:00:29.683021,3,2,131.6,0.2,131.5,825,131.4,1,130.9,500,,,,,,,,,,,,,,,131.7,704,131.8,625,,,,,,,,,,,,,,,,
2026-06-29T22:00:29.724264+00:00,2026-06-30T08:00:29.722264,3,2,131.6,0.2,131.5,625,131.4,1,130.9,500,,,,,,,,,,,,,,,131.7,504,131.8,625,,,,,,,,,,,,,,,,
2026-06-29T22:00:29.735327+00:00,2026-06-30T08:00:29.726265,3,2,131.6,0.2,131.5,825,131.4,1,130.9,500,,,,,,,,,,,,,,,131.7,704,131.8,625,,,,,,,,,,,,,,,,
2026-06-29T22:00:30.072805+00:00,2026-06-30T08:00:30.070806,3,2,131.6,0.2,131.5,825,131.4,1,130.9,500,,,,,,,,,,,,,,,131.7,703,131.8,625,,,,,,,,,,,,,,,,
2026-06-29T22:00:30.127223+00:00,2026-06-30T08:00:30.124197,3,1,131.6,0.2,131.5,825,131.4,1,130.9,500,,,,,,,,,,,,,,,131.7,1328,,,,,,,,,,,,,,,,,,
2026-06-29T22:00:30.148398+00:00,2026-06-30T08:00:30.137961,3,1,131.6,0.2,131.5,825,131.4,1,130.9,500,,,,,,,,,,,,,,,131.7,1327,,,,,,,,,,,,,,,,,,
2026-06-29T22:00:30.278785+00:00,2026-06-30T08:00:30.276225,2,1,131.6,0.2,131.5,825,131.4,1,,,,,,,,,,,,,,,,,131.7,827,,,,,,,,,,,,,,,,,,
2026-06-29T22:00:30.289866+00:00,2026-06-30T08:00:30.288865,3,1,131.6,0.2,131.5,825,131.4,1,131.0,500,,,,,,,,,,,,,,,131.7,1327,,,,,,,,,,,,,,,,,,
2026-06-29T22:00:30.874208+00:00,2026-06-30T08:00:30.871207,2,1,131.6,0.2,131.5,825,131.4,1,,,,,,,,,,,,,,,,,131.7,1327,,,,,,,,,,,,,,,,,,
2026-06-29T22:00:30.885271+00:00,2026-06-30T08:00:30.884271,3,1,131.6,0.2,131.5,825,131.4,1,131.0,500,,,,,,,,,,,,,,,131.7,827,,,,,,,,,,,,,,,,,,
2026-06-29T22:00:30.896334+00:00,2026-06-30T08:00:30.890334,3,1,131.6,0.2,131.5,825,131.4,1,131.0,500,,,,,,,,,,,,,,,131.7,1327,,,,,,,,,,,,,,,,,,
2026-06-29T22:00:30.939706+00:00,2026-06-30T08:00:30.938706,4,2,131.65,0.1,131.6,200,131.5,625,131.4,1,131.0,500,,,,,,,,,,,,,131.7,1127,131.8,200,,,,,,,,,,,,,,,,
2026-06-29T22:00:31.267353+00:00,2026-06-30T08:00:31.263353,4,2,131.65,0.1,131.6,180,131.5,625,131.4,1,131.0,500,,,,,,,,,,,,,131.7,1127,131.8,200,,,,,,,,,,,,,,,,
2026-06-29T22:00:31.418423+00:00,2026-06-30T08:00:31.414864,4,2,131.65,0.1,131.6,180,131.5,625,131.4,1,131.0,500,,,,,,,,,,,,,131.7,1127,131.8,200,,,,,,,,,,,,,,,,
2026-06-29T22:00:31.484344+00:00,2026-06-30T08:00:31.481344,3,2,131.65,0.1,131.6,180,131.5,625,131.4,1,,,,,,,,,,,,,,,131.7,627,131.8,200,,,,,,,,,,,,,,,,
2026-06-29T22:00:31.495407+00:00,2026-06-30T08:00:31.488398,4,2,131.65,0.1,131.6,180,131.5,625,131.4,1,130.9,500,,,,,,,,,,,,,131.7,627,131.8,200,,,,,,,,,,,,,,,,
2026-06-29T22:00:31.506469+00:00,2026-06-30T08:00:31.499469,4,2,131.65,0.1,131.6,180,131.5,625,131.4,1,130.9,500,,,,,,,,,,,,,131.7,1127,131.8,200,,,,,,,,,,,,,,,,
2026-06-29T22:00:31.897068+00:00,2026-06-30T08:00:31.893060,4,2,131.65,0.1,131.6,180,131.5,625,131.4,1,130.9,500,,,,,,,,,,,,,131.7,1126,131.8,200,,,,,,,,,,,,,,,,
2026-06-29T22:00:32.080878+00:00,2026-06-30T08:00:32.077868,3,2,131.65,0.1,131.6,180,131.5,625,131.4,1,,,,,,,,,,,,,,,131.7,1126,131.8,200,,,,,,,,,,,,,,,,
2026-06-29T22:00:32.091942+00:00,2026-06-30T08:00:32.084878,3,2,131.65,0.1,131.6,180,131.5,625,131.4,1,,,,,,,,,,,,,,,131.7,626,131.8,200,,,,,,,,,,,,,,,,
2026-06-29T22:00:32.103004+00:00,2026-06-30T08:00:32.091942,4,2,131.65,0.1,131.6,180,131.5,625,131.4,1,130.8,500,,,,,,,,,,,,,131.7,626,131.8,200,,,,,,,,,,,,,,,,
2026-06-29T22:00:32.114067+00:00,2026-06-30T08:00:32.105004,3,3,131.55,0.1,131.5,625,131.4,1,130.8,500,,,,,,,,,,,,,,,131.6,320,131.7,626,131.8,200,,,,,,,,,,,,,,
2026-06-29T22:00:32.147258+00:00,2026-06-30T08:00:32.146258,3,2,131.55,0.1,131.5,625,131.4,201,130.8,500,,,,,,,,,,,,,,,131.6,320,131.7,826,,,,,,,,,,,,,,,,
2026-06-29T22:00:32.710013+00:00,2026-06-30T08:00:32.702942,2,2,131.55,0.1,131.5,625,131.4,201,,,,,,,,,,,,,,,,,131.6,320,131.7,826,,,,,,,,,,,,,,,,
2026-06-29T22:00:32.721091+00:00,2026-06-30T08:00:32.715013,3,1,131.6,0.2,131.5,625,131.4,201,130.9,500,,,,,,,,,,,,,,,131.7,826,,,,,,,,,,,,,,,,,,
2026-06-29T22:00:32.732153+00:00,2026-06-30T08:00:32.731153,2,2,131.5,0.2,131.4,201,130.9,500,,,,,,,,,,,,,,,,,131.6,500,131.7,826,,,,,,,,,,,,,,,,
2026-06-29T22:00:32.743216+00:00,2026-06-30T08:00:32.740216,2,2,131.5,0.2,131.4,826,130.9,500,,,,,,,,,,,,,,,,,131.6,500,131.7,826,,,,,,,,,,,,,,,,
2026-06-29T22:00:33.308066+00:00,2026-06-30T08:00:33.304498,1,2,131.5,0.2,131.4,826,,,,,,,,,,,,,,,,,,,131.6,500,131.7,826,,,,,,,,,,,,,,,,
2026-06-29T22:00:33.318652+00:00,2026-06-30T08:00:33.310084,1,1,131.55,0.3,131.4,826,,,,,,,,,,,,,,,,,,,131.7,826,,,,,,,,,,,,,,,,,,
2026-06-29T22:00:33.329734+00:00,2026-06-30T08:00:33.322671,2,2,131.5,0.2,131.4,826,130.8,500,,,,,,,,,,,,,,,,,131.6,500,131.7,826,,,,,,,,,,,,,,,,
2026-06-29T22:00:33.362921+00:00,2026-06-30T08:00:33.355859,2,2,131.5,0.2,131.4,826,130.8,500,,,,,,,,,,,,,,,,,131.6,700,131.7,626,,,,,,,,,,,,,,,,
2026-06-29T22:00:33.918162+00:00,2026-06-30T08:00:33.913591,1,2,131.5,0.2,131.4,826,,,,,,,,,,,,,,,,,,,131.6,200,131.7,626,,,,,,,,,,,,,,,,
2026-06-29T22:00:33.928740+00:00,2026-06-30T08:00:33.925172,2,2,131.5,0.2,131.4,826,130.8,500,,,,,,,,,,,,,,,,,131.6,700,131.7,626,,,,,,,,,,,,,,,,
2026-06-29T22:00:34.048508+00:00,2026-06-30T08:00:34.045950,2,2,131.5,0.2,131.4,201,130.8,500,,,,,,,,,,,,,,,,,131.6,700,131.7,1,,,,,,,,,,,,,,,,
2026-06-29T22:00:34.059086+00:00,2026-06-30T08:00:34.053527,3,3,131.55,0.1,131.5,625,131.4,201,130.8,500,,,,,,,,,,,,,,,131.6,700,131.7,1,131.8,625,,,,,,,,,,,,,,
2026-06-29T22:00:34.517059+00:00,2026-06-30T08:00:34.510059,2,3,131.55,0.1,131.5,625,131.4,201,,,,,,,,,,,,,,,,,131.6,700,131.7,1,131.8,625,,,,,,,,,,,,,,
2026-06-29T22:00:34.527685+00:00,2026-06-30T08:00:34.525118,3,3,131.55,0.1,131.5,625,131.4,201,130.9,500,,,,,,,,,,,,,,,131.6,200,131.7,1,131.8,625,,,,,,,,,,,,,,
2026-06-29T22:00:34.538265+00:00,2026-06-30T08:00:34.533704,3,3,131.55,0.1,131.5,625,131.4,201,130.9,500,,,,,,,,,,,,,,,131.6,700,131.7,1,131.8,625,,,,,,,,,,,,,,
2026-06-29T22:00:34.571024+00:00,2026-06-30T08:00:34.570024,3,3,131.55,0.1,131.5,625,131.4,201,130.9,500,,,,,,,,,,,,,,,131.6,500,131.7,201,131.8,625,,,,,,,,,,,,,,
2026-06-29T22:00:35.114261+00:00,2026-06-30T08:00:35.113261,2,3,131.55,0.1,131.5,625,131.4,201,,,,,,,,,,,,,,,,,131.6,500,131.7,201,131.8,625,,,,,,,,,,,,,,
2026-06-29T22:00:35.136391+00:00,2026-06-30T08:00:35.135391,3,3,131.55,0.1,131.5,625,131.4,201,130.8,500,,,,,,,,,,,,,,,131.6,500,131.7,201,131.8,625,,,,,,,,,,,,,,
2026-06-29T22:00:35.366496+00:00,2026-06-30T08:00:35.365487,3,1,131.65,0.1,131.6,125,131.4,201,130.8,500,,,,,,,,,,,,,,,131.7,201,,,,,,,,,,,,,,,,,,
2026-06-29T22:00:35.377581+00:00,2026-06-30T08:00:35.371581,3,2,131.65,0.1,131.6,125,131.4,201,130.8,500,,,,,,,,,,,,,,,131.7,201,131.8,625,,,,,,,,,,,,,,,,
2026-06-29T22:00:35.726524+00:00,2026-06-30T08:00:35.722524,3,2,131.65,0.1,131.6,125,131.4,201,130.7,500,,,,,,,,,,,,,,,131.7,201,131.8,625,,,,,,,,,,,,,,,,
2026-06-29T22:00:35.737587+00:00,2026-06-30T08:00:35.731587,1,3,131.05,0.7,130.7,500,,,,,,,,,,,,,,,,,,,131.4,174,131.7,201,131.8,625,,,,,,,,,,,,,,
2026-06-29T22:00:35.780934+00:00,2026-06-30T08:00:35.778935,2,4,131.35,0.1,131.3,200,130.7,500,,,,,,,,,,,,,,,,,131.4,174,131.6,200,131.7,1,131.8,625,,,,,,,,,,,,
2026-06-29T22:00:36.327995+00:00,2026-06-30T08:00:36.317995,1,4,131.35,0.1,131.3,200,,,,,,,,,,,,,,,,,,,131.4,174,131.6,200,131.7,1,131.8,625,,,,,,,,,,,,
2026-06-29T22:00:36.339102+00:00,2026-06-30T08:00:36.338102,2,4,131.35,0.1,131.3,200,130.6,500,,,,,,,,,,,,,,,,,131.4,500,131.6,200,131.7,1,131.8,625,,,,,,,,,,,,
2026-06-29T22:00:36.677471+00:00,2026-06-30T08:00:36.674472,2,3,131.35,0.1,131.3,200,130.6,500,,,,,,,,,,,,,,,,,131.4,500,131.6,200,131.7,1,,,,,,,,,,,,,,
2026-06-29T22:00:36.688094+00:00,2026-06-30T08:00:36.685538,3,2,131.5,0.2,131.4,125,131.3,200,130.6,500,,,,,,,,,,,,,,,131.6,200,131.7,626,,,,,,,,,,,,,,,,
2026-06-29T22:00:36.932856+00:00,2026-06-30T08:00:36.931856,3,2,131.5,0.2,131.4,125,131.3,200,130.7,500,,,,,,,,,,,,,,,131.6,200,131.7,626,,,,,,,,,,,,,,,,
2026-06-29T22:00:36.943930+00:00,2026-06-30T08:00:36.939930,2,3,131.35,0.1,131.3,200,130.7,500,,,,,,,,,,,,,,,,,131.4,375,131.6,200,131.7,626,,,,,,,,,,,,,,
2026-06-29T22:00:36.987731+00:00,2026-06-30T08:00:36.981731,1,3,131.05,0.7,130.7,500,,,,,,,,,,,,,,,,,,,131.4,375,131.6,200,131.7,626,,,,,,,,,,,,,,
2026-06-29T22:00:36.997899+00:00,2026-06-30T08:00:36.992898,2,3,131.35,0.1,131.3,200,130.7,500,,,,,,,,,,,,,,,,,131.4,375,131.6,200,131.7,626,,,,,,,,,,,,,,
2026-06-29T22:00:37.362914+00:00,2026-06-30T08:00:37.357903,2,3,131.35,0.1,131.3,180,130.7,500,,,,,,,,,,,,,,,,,131.4,375,131.6,200,131.7,626,,,,,,,,,,,,,,
2026-06-29T22:00:37.537588+00:00,2026-06-30T08:00:37.535579,1,2,131.45,0.3,131.3,180,,,,,,,,,,,,,,,,,,,131.6,200,131.7,626,,,,,,,,,,,,,,,,
2026-06-29T22:00:37.548214+00:00,2026-06-30T08:00:37.541654,2,2,131.45,0.3,131.3,180,130.6,500,,,,,,,,,,,,,,,,,131.6,200,131.7,626,,,,,,,,,,,,,,,,
2026-06-29T22:00:37.558794+00:00,2026-06-30T08:00:37.549233,2,3,131.35,0.1,131.3,180,130.6,500,,,,,,,,,,,,,,,,,131.4,500,131.6,200,131.7,626,,,,,,,,,,,,,,
2026-06-29T22:00:38.276503+00:00,2026-06-30T08:00:38.270503,2,3,131.35,0.1,131.3,182,130.6,500,,,,,,,,,,,,,,,,,131.4,500,131.6,200,131.7,626,,,,,,,,,,,,,,
2026-06-29T22:00:38.298189+00:00,2026-06-30T08:00:38.296629,3,3,131.35,0.1,131.3,2,131.2,625,130.6,500,,,,,,,,,,,,,,,131.4,500,131.6,200,131.7,1,,,,,,,,,,,,,,
2026-06-29T22:00:38.308768+00:00,2026-06-30T08:00:38.305208,3,2,131.35,0.1,131.3,202,131.2,625,130.6,500,,,,,,,,,,,,,,,131.4,1125,131.7,1,,,,,,,,,,,,,,,,
2026-06-29T22:00:38.330909+00:00,2026-06-30T08:00:38.321848,2,3,131.35,0.1,131.3,202,131.2,625,,,,,,,,,,,,,,,,,131.4,625,131.5,200,131.7,1,,,,,,,,,,,,,,
2026-06-29T22:00:39.569639+00:00,2026-06-30T08:00:39.566583,2,3,131.35,0.1,131.3,2,131.2,825,,,,,,,,,,,,,,,,,131.4,625,131.5,200,131.7,1,,,,,,,,,,,,,,
2026-06-29T22:00:39.580702+00:00,2026-06-30T08:00:39.578702,2,2,131.4,0.2,131.3,2,131.2,200,,,,,,,,,,,,,,,,,131.5,200,131.7,1,,,,,,,,,,,,,,,,
2026-06-29T22:00:40.134047+00:00,2026-06-30T08:00:40.132048,1,1,131.5,0.4,131.3,2,,,,,,,,,,,,,,,,,,,131.7,1,,,,,,,,,,,,,,,,,,
2026-06-29T22:00:49.629720+00:00,2026-06-30T08:00:49.626657,2,1,131.55,0.3,131.4,625,131.3,2,,,,,,,,,,,,,,,,,131.7,1,,,,,,,,,,,,,,,,,,
2026-06-29T22:00:49.651846+00:00,2026-06-30T08:00:49.648847,3,2,131.55,0.1,131.5,200,131.4,625,131.3,2,,,,,,,,,,,,,,,131.6,625,131.7,201,,,,,,,,,,,,,,,,
2026-06-29T22:00:49.737924+00:00,2026-06-30T08:00:49.736364,3,2,131.5,0.2,131.4,325,131.3,2,68.0,500,,,,,,,,,,,,,,,131.6,625,131.7,201,,,,,,,,,,,,,,,,
2026-06-29T22:00:50.291024+00:00,2026-06-30T08:00:50.289024,2,2,131.5,0.2,131.4,325,131.3,2,,,,,,,,,,,,,,,,,131.6,625,131.7,201,,,,,,,,,,,,,,,,
2026-06-29T22:00:50.302088+00:00,2026-06-30T08:00:50.293024,3,2,131.5,0.2,131.4,325,131.3,2,68.0,500,,,,,,,,,,,,,,,131.6,625,131.7,201,,,,,,,,,,,,,,,,
2026-06-29T22:00:50.313151+00:00,2026-06-30T08:00:50.302088,1,3,68.2,0.4,68.0,500,,,,,,,,,,,,,,,,,,,68.4,173,131.6,625,131.7,201,,,,,,,,,,,,,,
2026-06-29T22:00:50.388257+00:00,2026-06-30T08:00:50.377930,2,3,68.35,0.1,68.3,5,68.0,500,,,,,,,,,,,,,,,,,68.4,173,131.6,625,131.7,201,,,,,,,,,,,,,,
2026-06-29T22:00:50.550814+00:00,2026-06-30T08:00:50.542752,2,3,68.35,0.1,68.3,5,68.0,500,,,,,,,,,,,,,,,,,68.4,173,131.6,625,131.7,200,,,,,,,,,,,,,,
2026-06-29T22:00:50.724939+00:00,2026-06-30T08:00:50.722947,2,4,68.35,0.1,68.3,5,68.0,500,,,,,,,,,,,,,,,,,68.4,173,130.8,7,131.6,625,131.7,200,,,,,,,,,,,,
2026-06-29T22:00:50.757157+00:00,2026-06-30T08:00:50.753131,2,3,68.35,0.1,68.3,5,68.0,500,,,,,,,,,,,,,,,,,68.4,173,131.6,625,131.7,200,,,,,,,,,,,,,,
2026-06-29T22:00:50.854368+00:00,2026-06-30T08:00:50.853360,2,2,68.35,0.1,68.3,5,68.0,500,,,,,,,,,,,,,,,,,68.4,173,131.6,625,,,,,,,,,,,,,,,,
2026-06-29T22:00:50.865432+00:00,2026-06-30T08:00:50.861432,3,2,131.5,0.2,131.4,27,68.3,5,68.0,500,,,,,,,,,,,,,,,131.6,625,131.7,200,,,,,,,,,,,,,,,,
2026-06-29T22:00:50.908228+00:00,2026-06-30T08:00:50.906677,2,2,131.5,0.2,131.4,27,68.0,500,,,,,,,,,,,,,,,,,131.6,625,131.7,200,,,,,,,,,,,,,,,,
2026-06-29T22:00:50.985192+00:00,2026-06-30T08:00:50.980192,2,2,131.35,0.3,131.2,152,68.0,500,,,,,,,,,,,,,,,,,131.5,625,131.7,200,,,,,,,,,,,,,,,,
2026-06-29T22:00:51.496183+00:00,2026-06-30T08:00:51.494183,1,2,131.35,0.3,131.2,152,,,,,,,,,,,,,,,,,,,131.5,625,131.7,200,,,,,,,,,,,,,,,,
2026-06-29T22:00:51.507246+00:00,2026-06-30T08:00:51.500247,1,3,68.25,0.5,68.0,500,,,,,,,,,,,,,,,,,,,68.5,348,131.5,625,131.7,200,,,,,,,,,,,,,,
2026-06-29T22:00:52.081066+00:00,2026-06-30T08:00:52.077003,1,2,68.25,0.5,68.0,500,,,,,,,,,,,,,,,,,,,68.5,148,131.5,625,,,,,,,,,,,,,,,,
2026-06-29T22:00:52.092129+00:00,2026-06-30T08:00:52.083066,1,2,68.25,0.5,68.0,500,,,,,,,,,,,,,,,,,,,68.5,148,131.5,825,,,,,,,,,,,,,,,,
2026-06-29T22:00:52.103191+00:00,2026-06-30T08:00:52.098181,0,2,,,,,,,,,,,,,,,,,,,,,,,68.5,148,131.5,825,,,,,,,,,,,,,,,,
2026-06-29T22:00:52.114253+00:00,2026-06-30T08:00:52.111244,1,1,99.75,63.5,68.0,500,,,,,,,,,,,,,,,,,,,131.5,825,,,,,,,,,,,,,,,,,,
2026-06-29T22:00:52.136376+00:00,2026-06-30T08:00:52.133376,1,2,68.25,0.5,68.0,500,,,,,,,,,,,,,,,,,,,68.5,500,131.5,825,,,,,,,,,,,,,,,,
2026-06-29T22:00:52.246097+00:00,2026-06-30T08:00:52.243088,2,1,131.3,0.4,131.1,125,68.0,500,,,,,,,,,,,,,,,,,131.5,200,,,,,,,,,,,,,,,,,,
2026-06-29T22:00:52.257194+00:00,2026-06-30T08:00:52.246321,2,2,131.2,0.2,131.1,125,68.0,500,,,,,,,,,,,,,,,,,131.3,625,131.5,200,,,,,,,,,,,,,,,,
2026-06-29T22:00:52.701929+00:00,2026-06-30T08:00:52.700929,1,2,131.2,0.2,131.1,125,,,,,,,,,,,,,,,,,,,131.3,625,131.5,200,,,,,,,,,,,,,,,,
2026-06-29T22:00:52.712991+00:00,2026-06-30T08:00:52.707981,1,3,68.25,0.5,68.0,500,,,,,,,,,,,,,,,,,,,68.5,375,131.3,625,131.5,200,,,,,,,,,,,,,,
2026-06-29T22:00:53.113116+00:00,2026-06-30T08:00:53.109117,1,3,68.25,0.5,68.0,480,,,,,,,,,,,,,,,,,,,68.5,375,131.3,625,131.5,200,,,,,,,,,,,,,,
2026-06-29T22:00:53.287212+00:00,2026-06-30T08:00:53.284212,1,2,68.25,0.5,68.0,480,,,,,,,,,,,,,,,,,,,68.5,375,131.3,625,,,,,,,,,,,,,,,,
2026-06-29T22:00:53.297332+00:00,2026-06-30T08:00:53.291274,1,2,68.25,0.5,68.0,480,,,,,,,,,,,,,,,,,,,68.5,175,131.3,625,,,,,,,,,,,,,,,,
2026-06-29T22:00:53.307911+00:00,2026-06-30T08:00:53.307397,0,3,,,,,,,,,,,,,,,,,,,,,,,68.5,175,131.3,625,131.4,200,,,,,,,,,,,,,,
2026-06-29T22:00:53.318501+00:00,2026-06-30T08:00:53.316930,1,2,99.7,63.2,68.1,500,,,,,,,,,,,,,,,,,,,131.3,625,131.4,200,,,,,,,,,,,,,,,,
2026-06-29T22:00:53.329079+00:00,2026-06-30T08:00:53.323514,1,3,68.3,0.4,68.1,500,,,,,,,,,,,,,,,,,,,68.5,500,131.3,625,131.4,200,,,,,,,,,,,,,,
2026-06-29T22:00:53.557592+00:00,2026-06-30T08:00:53.553566,2,2,131.0,0.2,130.9,125,68.1,500,,,,,,,,,,,,,,,,,131.1,625,131.4,200,,,,,,,,,,,,,,,,
2026-06-29T22:00:53.915558+00:00,2026-06-30T08:00:53.912558,2,2,131.0,0.2,130.9,125,68.0,500,,,,,,,,,,,,,,,,,131.1,625,131.4,200,,,,,,,,,,,,,,,,
2026-06-29T22:00:53.926663+00:00,2026-06-30T08:00:53.920664,1,3,68.25,0.5,68.0,500,,,,,,,,,,,,,,,,,,,68.5,375,131.1,625,131.4,200,,,,,,,,,,,,,,
2026-06-29T22:00:54.512009+00:00,2026-06-30T08:00:54.505947,1,2,68.25,0.5,68.0,500,,,,,,,,,,,,,,,,,,,68.5,175,131.1,625,,,,,,,,,,,,,,,,
2026-06-29T22:00:54.523072+00:00,2026-06-30T08:00:54.512009,1,3,68.25,0.5,68.0,500,,,,,,,,,,,,,,,,,,,68.5,175,131.1,625,131.2,200,,,,,,,,,,,,,,
2026-06-29T22:00:54.545225+00:00,2026-06-30T08:00:54.538225,1,3,68.3,0.4,68.1,500,,,,,,,,,,,,,,,,,,,68.5,500,131.1,625,131.2,200,,,,,,,,,,,,,,
2026-06-29T22:00:54.857389+00:00,2026-06-30T08:00:54.856343,1,2,68.3,0.4,68.1,500,,,,,,,,,,,,,,,,,,,68.5,500,131.2,200,,,,,,,,,,,,,,,,
2026-06-29T22:00:54.867999+00:00,2026-06-30T08:00:54.862439,2,2,130.65,0.3,130.5,125,68.1,500,,,,,,,,,,,,,,,,,130.8,625,131.2,200,,,,,,,,,,,,,,,,
2026-06-29T22:00:55.117659+00:00,2026-06-30T08:00:55.115612,2,2,130.65,0.3,130.5,125,68.1,500,,,,,,,,,,,,,,,,,130.8,625,131.2,200,,,,,,,,,,,,,,,,
2026-06-29T22:00:55.128238+00:00,2026-06-30T08:00:55.121678,1,3,68.3,0.4,68.1,500,,,,,,,,,,,,,,,,,,,68.5,375,130.8,625,131.2,200,,,,,,,,,,,,,,
2026-06-29T22:00:55.715193+00:00,2026-06-30T08:00:55.713193,0,3,,,,,,,,,,,,,,,,,,,,,,,68.5,375,130.8,625,131.2,200,,,,,,,,,,,,,,
2026-06-29T22:00:55.726259+00:00,2026-06-30T08:00:55.720259,0,2,,,,,,,,,,,,,,,,,,,,,,,130.8,625,131.2,200,,,,,,,,,,,,,,,,
2026-06-29T22:00:55.737323+00:00,2026-06-30T08:00:55.732314,1,3,68.3,0.4,68.1,500,,,,,,,,,,,,,,,,,,,68.5,500,130.8,625,131.2,200,,,,,,,,,,,,,,
2026-06-29T22:00:55.747950+00:00,2026-06-30T08:00:55.737546,1,2,68.3,0.4,68.1,500,,,,,,,,,,,,,,,,,,,68.5,500,130.8,625,,,,,,,,,,,,,,,,
2026-06-29T22:00:55.758529+00:00,2026-06-30T08:00:55.749968,1,2,68.3,0.4,68.1,500,,,,,,,,,,,,,,,,,,,68.5,300,130.8,625,,,,,,,,,,,,,,,,
2026-06-29T22:00:55.769609+00:00,2026-06-30T08:00:55.759547,1,3,68.3,0.4,68.1,500,,,,,,,,,,,,,,,,,,,68.5,300,130.8,625,131.1,200,,,,,,,,,,,,,,
2026-06-29T22:00:55.780673+00:00,2026-06-30T08:00:55.773610,2,3,68.35,0.3,68.2,45,68.1,500,,,,,,,,,,,,,,,,,68.5,395,130.8,625,131.1,200,,,,,,,,,,,,,,
2026-06-29T22:00:55.878312+00:00,2026-06-30T08:00:55.872753,2,3,68.35,0.3,68.2,18,68.1,500,,,,,,,,,,,,,,,,,68.5,384,130.8,625,131.1,200,,,,,,,,,,,,,,
2026-06-29T22:00:56.171731+00:00,2026-06-30T08:00:56.169723,3,1,130.65,0.9,130.2,241,68.2,18,68.1,500,,,,,,,,,,,,,,,131.1,200,,,,,,,,,,,,,,,,,,
2026-06-29T22:00:56.182794+00:00,2026-06-30T08:00:56.172731,3,2,130.3,0.2,130.2,241,68.2,18,68.1,500,,,,,,,,,,,,,,,130.4,625,131.1,200,,,,,,,,,,,,,,,,
2026-06-29T22:00:56.237126+00:00,2026-06-30T08:00:56.232126,2,2,130.3,0.2,130.2,241,68.1,500,,,,,,,,,,,,,,,,,130.4,625,131.1,200,,,,,,,,,,,,,,,,
2026-06-29T22:00:56.334325+00:00,2026-06-30T08:00:56.333325,1,2,130.3,0.2,130.2,241,,,,,,,,,,,,,,,,,,,130.4,625,131.1,200,,,,,,,,,,,,,,,,
2026-06-29T22:00:56.345417+00:00,2026-06-30T08:00:56.341417,2,2,130.3,0.2,130.2,241,68.1,500,,,,,,,,,,,,,,,,,130.4,625,131.1,200,,,,,,,,,,,,,,,,
2026-06-29T22:00:56.356480+00:00,2026-06-30T08:00:56.347470,1,3,68.35,0.5,68.1,500,,,,,,,,,,,,,,,,,,,68.6,259,130.4,625,131.1,200,,,,,,,,,,,,,,
2026-06-29T22:00:56.921252+00:00,2026-06-30T08:00:56.917242,2,3,68.55,0.1,68.5,35,68.1,500,,,,,,,,,,,,,,,,,68.6,259,130.4,625,131.1,200,,,,,,,,,,,,,,
2026-06-29T22:00:56.943401+00:00,2026-06-30T08:00:56.937390,1,3,68.55,0.1,68.5,35,,,,,,,,,,,,,,,,,,,68.6,259,130.4,625,131.1,200,,,,,,,,,,,,,,
2026-06-29T22:00:56.954463+00:00,2026-06-30T08:00:56.949464,2,2,99.45,61.9,68.5,35,68.2,500,,,,,,,,,,,,,,,,,130.4,625,131.1,200,,,,,,,,,,,,,,,,
2026-06-29T22:00:56.965527+00:00,2026-06-30T08:00:56.964527,1,3,68.4,0.4,68.2,500,,,,,,,,,,,,,,,,,,,68.6,500,130.4,625,131.1,200,,,,,,,,,,,,,,
2026-06-29T22:00:56.976581+00:00,2026-06-30T08:00:56.973582,1,2,68.4,0.4,68.2,500,,,,,,,,,,,,,,,,,,,68.6,300,130.4,625,,,,,,,,,,,,,,,,
2026-06-29T22:00:56.987644+00:00,2026-06-30T08:00:56.984644,1,3,68.4,0.4,68.2,500,,,,,,,,,,,,,,,,,,,68.6,300,130.4,625,131.0,200,,,,,,,,,,,,,,
2026-06-29T22:00:57.291198+00:00,2026-06-30T08:00:57.285135,2,3,68.55,0.1,68.5,35,68.2,500,,,,,,,,,,,,,,,,,68.6,300,130.4,625,131.0,200,,,,,,,,,,,,,,
2026-06-29T22:00:57.487006+00:00,2026-06-30T08:00:57.484000,3,2,130.0,0.2,129.9,325,68.5,35,68.2,500,,,,,,,,,,,,,,,130.1,625,131.0,200,,,,,,,,,,,,,,,,
2026-06-29T22:00:57.508206+00:00,2026-06-30T08:00:57.499646,2,2,130.0,0.2,129.9,325,68.2,500,,,,,,,,,,,,,,,,,130.1,625,131.0,200,,,,,,,,,,,,,,,,
2026-06-29T22:00:57.540916+00:00,2026-06-30T08:00:57.538916,1,2,130.0,0.2,129.9,325,,,,,,,,,,,,,,,,,,,130.1,625,131.0,200,,,,,,,,,,,,,,,,
2026-06-29T22:00:57.551979+00:00,2026-06-30T08:00:57.544916,2,2,130.0,0.2,129.9,325,68.1,500,,,,,,,,,,,,,,,,,130.1,625,131.0,200,,,,,,,,,,,,,,,,
2026-06-29T22:00:57.563052+00:00,2026-06-30T08:00:57.552970,1,3,68.35,0.5,68.1,500,,,,,,,,,,,,,,,,,,,68.6,175,130.1,625,131.0,200,,,,,,,,,,,,,,
2026-06-29T22:00:57.824271+00:00,2026-06-30T08:00:57.816208,2,3,68.55,0.1,68.5,35,68.1,500,,,,,,,,,,,,,,,,,68.6,175,130.1,625,131.0,200,,,,,,,,,,,,,,
2026-06-29T22:00:58.149926+00:00,2026-06-30T08:00:58.143863,1,3,68.55,0.1,68.5,35,,,,,,,,,,,,,,,,,,,68.6,175,130.1,625,131.0,200,,,,,,,,,,,,,,
2026-06-29T22:00:58.160988+00:00,2026-06-30T08:00:58.157978,2,2,99.3,61.6,68.5,35,68.2,500,,,,,,,,,,,,,,,,,130.1,625,131.0,200,,,,,,,,,,,,,,,,
2026-06-29T22:00:58.172052+00:00,2026-06-30T08:00:58.160988,2,3,68.55,0.1,68.5,35,68.2,500,,,,,,,,,,,,,,,,,68.6,500,130.1,625,131.0,200,,,,,,,,,,,,,,
2026-06-29T22:00:58.194187+00:00,2026-06-30T08:00:58.187177,2,2,68.55,0.1,68.5,35,68.2,500,,,,,,,,,,,,,,,,,68.6,500,130.1,625,,,,,,,,,,,,,,,,
2026-06-29T22:00:58.205250+00:00,2026-06-30T08:00:58.198250,2,3,68.55,0.1,68.5,35,68.2,500,,,,,,,,,,,,,,,,,68.6,300,130.1,625,130.8,200,,,,,,,,,,,,,,
2026-06-29T22:00:58.748059+00:00,2026-06-30T08:00:58.746497,1,3,68.55,0.1,68.5,35,,,,,,,,,,,,,,,,,,,68.6,300,130.1,625,130.8,200,,,,,,,,,,,,,,
2026-06-29T22:00:58.769719+00:00,2026-06-30T08:00:58.764655,2,3,68.55,0.1,68.5,35,68.2,500,,,,,,,,,,,,,,,,,68.6,500,130.1,625,130.8,200,,,,,,,,,,,,,,
2026-06-29T22:00:58.780781+00:00,2026-06-30T08:00:58.770711,1,3,68.4,0.4,68.2,500,,,,,,,,,,,,,,,,,,,68.6,500,130.1,625,130.8,200,,,,,,,,,,,,,,
2026-06-29T22:00:58.791844+00:00,2026-06-30T08:00:58.788843,2,1,130.1,1.4,129.4,125,68.2,500,,,,,,,,,,,,,,,,,130.8,200,,,,,,,,,,,,,,,,,,
2026-06-29T22:00:58.802907+00:00,2026-06-30T08:00:58.792844,2,2,129.55,0.3,129.4,125,68.2,500,,,,,,,,,,,,,,,,,129.7,625,130.8,200,,,,,,,,,,,,,,,,
2026-06-29T22:00:59.357585+00:00,2026-06-30T08:00:59.350584,1,2,129.55,0.3,129.4,125,,,,,,,,,,,,,,,,,,,129.7,625,130.8,200,,,,,,,,,,,,,,,,
2026-06-29T22:00:59.368211+00:00,2026-06-30T08:00:59.366651,1,3,68.4,0.4,68.2,500,,,,,,,,,,,,,,,,,,,68.6,375,129.7,625,130.8,200,,,,,,,,,,,,,,
2026-06-29T22:00:59.412008+00:00,2026-06-30T08:00:59.405934,1,2,68.4,0.4,68.2,500,,,,,,,,,,,,,,,,,,,68.6,175,129.7,625,,,,,,,,,,,,,,,,
2026-06-29T22:00:59.423081+00:00,2026-06-30T08:00:59.412008,1,3,68.4,0.4,68.2,500,,,,,,,,,,,,,,,,,,,68.6,175,129.7,625,130.8,200,,,,,,,,,,,,,,
2026-06-29T22:00:59.956282+00:00,2026-06-30T08:00:59.951282,0,3,,,,,,,,,,,,,,,,,,,,,,,68.6,175,129.7,625,130.8,200,,,,,,,,,,,,,,
2026-06-29T22:00:59.967355+00:00,2026-06-30T08:00:59.957345,0,2,,,,,,,,,,,,,,,,,,,,,,,129.7,625,130.8,200,,,,,,,,,,,,,,,,
2026-06-29T22:00:59.977982+00:00,2026-06-30T08:00:59.971420,1,3,68.4,0.4,68.2,500,,,,,,,,,,,,,,,,,,,68.6,500,129.7,625,130.8,200,,,,,,,,,,,,,,
2026-06-29T22:01:00.096449+00:00,2026-06-30T08:01:00.095449,1,2,68.4,0.4,68.2,500,,,,,,,,,,,,,,,,,,,68.6,500,130.8,200,,,,,,,,,,,,,,,,
2026-06-29T22:01:00.107512+00:00,2026-06-30T08:01:00.102512,2,2,129.3,0.2,129.2,125,68.2,500,,,,,,,,,,,,,,,,,129.4,625,130.8,200,,,,,,,,,,,,,,,,
2026-06-29T22:01:00.564184+00:00,2026-06-30T08:01:00.560184,2,2,129.3,0.2,129.2,125,68.2,500,,,,,,,,,,,,,,,,,129.4,625,130.8,200,,,,,,,,,,,,,,,,
2026-06-29T22:01:00.575246+00:00,2026-06-30T08:01:00.567236,1,3,68.4,0.4,68.2,500,,,,,,,,,,,,,,,,,,,68.6,375,129.4,625,130.8,200,,,,,,,,,,,,,,
2026-06-29T22:01:00.617541+00:00,2026-06-30T08:01:00.614495,1,2,68.4,0.4,68.2,500,,,,,,,,,,,,,,,,,,,68.6,375,129.4,625,,,,,,,,,,,,,,,,
2026-06-29T22:01:00.628120+00:00,2026-06-30T08:01:00.621560,1,3,68.4,0.4,68.2,500,,,,,,,,,,,,,,,,,,,68.6,175,129.4,625,130.7,200,,,,,,,,,,,,,,
2026-06-29T22:01:01.161112+00:00,2026-06-30T08:01:01.155061,0,3,,,,,,,,,,,,,,,,,,,,,,,68.6,175,129.4,625,130.7,200,,,,,,,,,,,,,,
2026-06-29T22:01:01.172172+00:00,2026-06-30T08:01:01.171172,1,2,98.75,61.3,68.1,500,,,,,,,,,,,,,,,,,,,129.4,625,130.7,200,,,,,,,,,,,,,,,,
2026-06-29T22:01:01.183249+00:00,2026-06-30T08:01:01.175172,1,3,68.35,0.5,68.1,500,,,,,,,,,,,,,,,,,,,68.6,500,129.4,625,130.7,200,,,,,,,,,,,,,,
2026-06-29T22:01:01.410738+00:00,2026-06-30T08:01:01.408738,2,1,129.7,2.0,128.7,125,68.1,500,,,,,,,,,,,,,,,,,130.7,200,,,,,,,,,,,,,,,,,,
2026-06-29T22:01:01.421802+00:00,2026-06-30T08:01:01.410935,2,2,128.8,0.2,128.7,125,68.1,500,,,,,,,,,,,,,,,,,128.9,625,130.7,200,,,,,,,,,,,,,,,,
2026-06-29T22:01:01.771897+00:00,2026-06-30T08:01:01.767896,2,2,128.8,0.2,128.7,125,68.1,500,,,,,,,,,,,,,,,,,128.9,625,130.7,200,,,,,,,,,,,,,,,,
2026-06-29T22:01:01.782952+00:00,2026-06-30T08:01:01.774897,1,3,68.35,0.5,68.1,500,,,,,,,,,,,,,,,,,,,68.6,375,128.9,625,130.7,200,,,,,,,,,,,,,,
2026-06-29T22:01:01.827143+00:00,2026-06-30T08:01:01.827143,1,2,68.35,0.5,68.1,500,,,,,,,,,,,,,,,,,,,68.6,175,128.9,625,,,,,,,,,,,,,,,,
2026-06-29T22:01:01.837311+00:00,2026-06-30T08:01:01.830312,1,3,68.35,0.5,68.1,500,,,,,,,,,,,,,,,,,,,68.6,175,128.9,625,130.6,200,,,,,,,,,,,,,,
2026-06-29T22:01:02.392976+00:00,2026-06-30T08:01:02.388976,0,2,,,,,,,,,,,,,,,,,,,,,,,128.9,625,130.6,200,,,,,,,,,,,,,,,,
2026-06-29T22:01:02.404048+00:00,2026-06-30T08:01:02.394977,1,2,98.5,60.8,68.1,500,,,,,,,,,,,,,,,,,,,128.9,625,130.6,200,,,,,,,,,,,,,,,,
2026-06-29T22:01:02.415095+00:00,2026-06-30T08:01:02.404048,1,3,68.3,0.4,68.1,500,,,,,,,,,,,,,,,,,,,68.5,500,128.9,625,130.6,200,,,,,,,,,,,,,,
2026-06-29T22:01:02.719910+00:00,2026-06-30T08:01:02.715818,2,1,129.5,2.2,128.4,125,68.1,500,,,,,,,,,,,,,,,,,130.6,200,,,,,,,,,,,,,,,,,,
2026-06-29T22:01:02.731003+00:00,2026-06-30T08:01:02.724910,2,2,128.55,0.3,128.4,125,68.1,500,,,,,,,,,,,,,,,,,128.7,625,130.6,200,,,,,,,,,,,,,,,,
2026-06-29T22:01:02.993733+00:00,2026-06-30T08:01:02.992732,2,2,128.55,0.3,128.4,125,68.1,500,,,,,,,,,,,,,,,,,128.7,625,130.6,200,,,,,,,,,,,,,,,,
2026-06-29T22:01:03.004796+00:00,2026-06-30T08:01:02.999795,1,3,68.35,0.5,68.1,500,,,,,,,,,,,,,,,,,,,68.6,375,128.7,625,130.6,200,,,,,,,,,,,,,,
2026-06-29T22:01:03.037944+00:00,2026-06-30T08:01:03.032944,1,2,68.35,0.5,68.1,500,,,,,,,,,,,,,,,,,,,68.6,375,128.7,625,,,,,,,,,,,,,,,,
2026-06-29T22:01:03.048546+00:00,2026-06-30T08:01:03.041999,1,3,68.35,0.5,68.1,500,,,,,,,,,,,,,,,,,,,68.6,175,128.7,625,130.7,200,,,,,,,,,,,,,,
2026-06-29T22:01:03.592170+00:00,2026-06-30T08:01:03.588170,0,3,,,,,,,,,,,,,,,,,,,,,,,68.6,175,128.7,625,130.7,200,,,,,,,,,,,,,,
2026-06-29T22:01:03.603219+00:00,2026-06-30T08:01:03.601219,1,2,98.45,60.5,68.2,500,,,,,,,,,,,,,,,,,,,128.7,625,130.7,200,,,,,,,,,,,,,,,,
2026-06-29T22:01:03.614267+00:00,2026-06-30T08:01:03.607266,1,3,68.4,0.4,68.2,500,,,,,,,,,,,,,,,,,,,68.6,500,128.7,625,130.7,200,,,,,,,,,,,,,,
2026-06-29T22:01:04.027496+00:00,2026-06-30T08:01:04.026449,2,2,128.3,0.2,128.2,125,68.2,500,,,,,,,,,,,,,,,,,128.4,625,130.7,200,,,,,,,,,,,,,,,,
2026-06-29T22:01:04.092933+00:00,2026-06-30T08:01:04.089933,2,2,128.3,0.2,128.2,125,68.2,500,,,,,,,,,,,,,,,,,128.4,605,130.7,200,,,,,,,,,,,,,,,,
2026-06-29T22:01:04.201214+00:00,2026-06-30T08:01:04.197203,2,2,128.3,0.2,128.2,125,68.2,500,,,,,,,,,,,,,,,,,128.4,605,130.7,200,,,,,,,,,,,,,,,,
2026-06-29T22:01:04.212276+00:00,2026-06-30T08:01:04.204214,1,3,68.4,0.4,68.2,500,,,,,,,,,,,,,,,,,,,68.6,375,128.4,605,130.7,200,,,,,,,,,,,,,,
2026-06-29T22:01:04.245460+00:00,2026-06-30T08:01:04.244460,1,2,68.4,0.4,68.2,500,,,,,,,,,,,,,,,,,,,68.6,175,128.4,605,,,,,,,,,,,,,,,,
2026-06-29T22:01:04.256514+00:00,2026-06-30T08:01:04.246461,1,3,68.4,0.4,68.2,500,,,,,,,,,,,,,,,,,,,68.6,175,128.4,605,130.7,200,,,,,,,,,,,,,,
2026-06-29T22:01:04.799737+00:00,2026-06-30T08:01:04.795673,0,3,,,,,,,,,,,,,,,,,,,,,,,68.6,175,128.4,605,130.7,200,,,,,,,,,,,,,,
2026-06-29T22:01:04.810798+00:00,2026-06-30T08:01:04.809798,1,2,98.25,60.3,68.1,500,,,,,,,,,,,,,,,,,,,128.4,605,130.7,200,,,,,,,,,,,,,,,,
2026-06-29T22:01:04.821861+00:00,2026-06-30T08:01:04.815798,1,3,68.35,0.5,68.1,500,,,,,,,,,,,,,,,,,,,68.6,500,128.4,605,130.7,200,,,,,,,,,,,,,,
2026-06-29T22:01:05.332941+00:00,2026-06-30T08:01:05.328941,1,2,68.35,0.5,68.1,500,,,,,,,,,,,,,,,,,,,68.6,500,130.7,200,,,,,,,,,,,,,,,,
2026-06-29T22:01:05.344008+00:00,2026-06-30T08:01:05.334941,2,2,127.9,0.2,127.8,125,68.1,500,,,,,,,,,,,,,,,,,128.0,625,130.7,200,,,,,,,,,,,,,,,,
2026-06-29T22:01:05.397933+00:00,2026-06-30T08:01:05.396373,1,2,127.9,0.2,127.8,125,,,,,,,,,,,,,,,,,,,128.0,625,130.7,200,,,,,,,,,,,,,,,,
2026-06-29T22:01:05.408511+00:00,2026-06-30T08:01:05.404951,2,2,127.9,0.2,127.8,125,68.1,500,,,,,,,,,,,,,,,,,128.0,625,130.7,200,,,,,,,,,,,,,,,,
2026-06-29T22:01:05.419090+00:00,2026-06-30T08:01:05.410530,1,3,68.3,0.4,68.1,500,,,,,,,,,,,,,,,,,,,68.5,375,128.0,625,130.7,200,,,,,,,,,,,,,,
2026-06-29T22:01:05.452295+00:00,2026-06-30T08:01:05.451295,1,2,68.3,0.4,68.1,500,,,,,,,,,,,,,,,,,,,68.5,175,128.0,625,,,,,,,,,,,,,,,,
2026-06-29T22:01:05.463410+00:00,2026-06-30T08:01:05.453296,1,3,68.3,0.4,68.1,500,,,,,,,,,,,,,,,,,,,68.5,175,128.0,625,130.7,200,,,,,,,,,,,,,,
2026-06-29T22:01:06.005507+00:00,2026-06-30T08:01:05.998507,0,3,,,,,,,,,,,,,,,,,,,,,,,68.5,175,128.0,625,130.7,200,,,,,,,,,,,,,,
2026-06-29T22:01:06.016583+00:00,2026-06-30T08:01:06.011584,1,2,98.05,59.9,68.1,500,,,,,,,,,,,,,,,,,,,128.0,625,130.7,200,,,,,,,,,,,,,,,,
2026-06-29T22:01:06.027647+00:00,2026-06-30T08:01:06.017636,1,3,68.3,0.4,68.1,500,,,,,,,,,,,,,,,,,,,68.5,500,128.0,625,130.7,200,,,,,,,,,,,,,,
2026-06-29T22:01:06.605096+00:00,2026-06-30T08:01:06.602096,0,3,,,,,,,,,,,,,,,,,,,,,,,68.5,500,128.0,625,130.7,200,,,,,,,,,,,,,,
2026-06-29T22:01:06.616148+00:00,2026-06-30T08:01:06.615148,1,2,98.05,59.9,68.1,500,,,,,,,,,,,,,,,,,,,128.0,625,130.7,200,,,,,,,,,,,,,,,,
2026-06-29T22:01:06.627196+00:00,2026-06-30T08:01:06.620196,1,3,68.3,0.4,68.1,500,,,,,,,,,,,,,,,,,,,68.5,500,128.0,625,130.7,200,,,,,,,,,,,,,,
2026-06-29T22:01:06.637796+00:00,2026-06-30T08:01:06.636251,1,2,68.3,0.4,68.1,500,,,,,,,,,,,,,,,,,,,68.5,500,130.7,200,,,,,,,,,,,,,,,,
2026-06-29T22:01:06.648351+00:00,2026-06-30T08:01:06.640805,2,2,127.3,0.2,127.2,125,68.1,500,,,,,,,,,,,,,,,,,127.4,625,130.7,200,,,,,,,,,,,,,,,,
2026-06-29T22:01:06.658919+00:00,2026-06-30T08:01:06.656360,2,1,127.3,0.2,127.2,125,68.1,500,,,,,,,,,,,,,,,,,127.4,625,,,,,,,,,,,,,,,,,,
2026-06-29T22:01:06.669992+00:00,2026-06-30T08:01:06.665928,2,2,127.3,0.2,127.2,125,68.1,500,,,,,,,,,,,,,,,,,127.4,425,130.6,200,,,,,,,,,,,,,,,,
2026-06-29T22:01:07.211968+00:00,2026-06-30T08:01:07.208967,1,2,127.3,0.2,127.2,125,,,,,,,,,,,,,,,,,,,127.4,425,130.6,200,,,,,,,,,,,,,,,,
2026-06-29T22:01:07.223029+00:00,2026-06-30T08:01:07.215967,2,2,127.3,0.2,127.2,125,68.0,500,,,,,,,,,,,,,,,,,127.4,425,130.6,200,,,,,,,,,,,,,,,,
2026-06-29T22:01:07.234092+00:00,2026-06-30T08:01:07.225030,1,3,68.2,0.4,68.0,500,,,,,,,,,,,,,,,,,,,68.4,375,127.4,425,130.6,200,,,,,,,,,,,,,,
2026-06-29T22:01:07.810025+00:00,2026-06-30T08:01:07.806962,0,3,,,,,,,,,,,,,,,,,,,,,,,68.4,375,127.4,425,130.6,200,,,,,,,,,,,,,,
2026-06-29T22:01:07.821087+00:00,2026-06-30T08:01:07.820087,1,2,97.7,59.4,68.0,500,,,,,,,,,,,,,,,,,,,127.4,425,130.6,200,,,,,,,,,,,,,,,,
2026-06-29T22:01:07.832150+00:00,2026-06-30T08:01:07.826087,1,3,68.2,0.4,68.0,500,,,,,,,,,,,,,,,,,,,68.4,500,127.4,425,130.6,200,,,,,,,,,,,,,,
2026-06-29T22:01:07.876398+00:00,2026-06-30T08:01:07.870398,1,3,68.2,0.4,68.0,500,,,,,,,,,,,,,,,,,,,68.4,300,127.4,425,130.6,200,,,,,,,,,,,,,,
2026-06-29T22:01:07.951933+00:00,2026-06-30T08:01:07.943868,1,2,68.2,0.4,68.0,500,,,,,,,,,,,,,,,,,,,68.4,300,130.6,200,,,,,,,,,,,,,,,,
2026-06-29T22:01:07.963005+00:00,2026-06-30T08:01:07.960005,2,2,127.1,0.2,127.0,325,68.0,500,,,,,,,,,,,,,,,,,127.2,625,130.6,200,,,,,,,,,,,,,,,,
2026-06-29T22:01:08.428885+00:00,2026-06-30T08:01:08.428371,1,2,127.1,0.2,127.0,325,,,,,,,,,,,,,,,,,,,127.2,625,130.6,200,,,,,,,,,,,,,,,,
2026-06-29T22:01:08.439966+00:00,2026-06-30T08:01:08.436904,2,2,127.1,0.2,127.0,325,68.0,500,,,,,,,,,,,,,,,,,127.2,625,130.6,200,,,,,,,,,,,,,,,,
2026-06-29T22:01:08.451029+00:00,2026-06-30T08:01:08.440959,1,3,68.25,0.5,68.0,500,,,,,,,,,,,,,,,,,,,68.5,175,127.2,625,130.6,200,,,,,,,,,,,,,,
2026-06-29T22:01:09.039808+00:00,2026-06-30T08:01:09.036736,0,2,,,,,,,,,,,,,,,,,,,,,,,127.2,625,130.6,200,,,,,,,,,,,,,,,,
2026-06-29T22:01:09.050875+00:00,2026-06-30T08:01:09.045809,1,3,68.2,0.4,68.0,500,,,,,,,,,,,,,,,,,,,68.4,500,127.2,625,130.6,200,,,,,,,,,,,,,,
2026-06-29T22:01:09.084072+00:00,2026-06-30T08:01:09.077009,1,3,68.2,0.4,68.0,500,,,,,,,,,,,,,,,,,,,68.4,300,127.2,625,130.5,200,,,,,,,,,,,,,,
2026-06-29T22:01:09.257807+00:00,2026-06-30T08:01:09.255750,2,1,128.6,3.8,126.7,325,68.0,500,,,,,,,,,,,,,,,,,130.5,200,,,,,,,,,,,,,,,,,,
2026-06-29T22:01:09.268408+00:00,2026-06-30T08:01:09.258826,2,2,126.85,0.3,126.7,325,68.0,500,,,,,,,,,,,,,,,,,127.0,625,130.5,200,,,,,,,,,,,,,,,,
2026-06-29T22:01:09.637320+00:00,2026-06-30T08:01:09.632320,1,2,126.85,0.3,126.7,325,,,,,,,,,,,,,,,,,,,127.0,625,130.5,200,,,,,,,,,,,,,,,,
2026-06-29T22:01:09.647414+00:00,2026-06-30T08:01:09.645387,1,3,68.2,0.4,68.0,500,,,,,,,,,,,,,,,,,,,68.4,175,127.0,625,130.5,200,,,,,,,,,,,,,,
2026-06-29T22:01:10.242996+00:00,2026-06-30T08:01:10.236933,0,3,,,,,,,,,,,,,,,,,,,,,,,68.4,175,127.0,625,130.5,200,,,,,,,,,,,,,,
2026-06-29T22:01:10.254058+00:00,2026-06-30T08:01:10.251059,1,2,97.5,59.0,68.0,500,,,,,,,,,,,,,,,,,,,127.0,625,130.5,200,,,,,,,,,,,,,,,,
2026-06-29T22:01:10.265121+00:00,2026-06-30T08:01:10.258121,1,3,68.25,0.5,68.0,500,,,,,,,,,,,,,,,,,,,68.5,500,127.0,625,130.5,200,,,,,,,,,,,,,,
2026-06-29T22:01:10.287246+00:00,2026-06-30T08:01:10.284246,1,3,68.25,0.5,68.0,500,,,,,,,,,,,,,,,,,,,68.5,300,127.0,625,130.6,200,,,,,,,,,,,,,,
2026-06-29T22:01:10.569675+00:00,2026-06-30T08:01:10.568666,2,2,126.7,0.2,126.6,325,68.0,500,,,,,,,,,,,,,,,,,126.8,625,130.6,200,,,,,,,,,,,,,,,,
2026-06-29T22:01:10.842048+00:00,2026-06-30T08:01:10.838046,1,2,126.7,0.2,126.6,325,,,,,,,,,,,,,,,,,,,126.8,625,130.6,200,,,,,,,,,,,,,,,,
2026-06-29T22:01:10.853119+00:00,2026-06-30T08:01:10.852111,1,3,68.25,0.5,68.0,500,,,,,,,,,,,,,,,,,,,68.5,175,126.8,625,130.6,200,,,,,,,,,,,,,,
2026-06-29T22:01:11.450765+00:00,2026-06-30T08:01:11.446699,0,2,,,,,,,,,,,,,,,,,,,,,,,126.8,625,130.6,200,,,,,,,,,,,,,,,,
2026-06-29T22:01:11.461827+00:00,2026-06-30T08:01:11.460827,1,3,68.25,0.5,68.0,500,,,,,,,,,,,,,,,,,,,68.5,500,126.8,625,130.6,200,,,,,,,,,,,,,,
2026-06-29T22:01:11.495012+00:00,2026-06-30T08:01:11.493012,1,3,68.25,0.5,68.0,500,,,,,,,,,,,,,,,,,,,68.5,300,126.8,625,130.5,200,,,,,,,,,,,,,,
2026-06-29T22:01:11.877487+00:00,2026-06-30T08:01:11.871494,1,2,68.25,0.5,68.0,500,,,,,,,,,,,,,,,,,,,68.5,300,130.5,200,,,,,,,,,,,,,,,,
2026-06-29T22:01:11.887607+00:00,2026-06-30T08:01:11.878579,2,2,126.6,0.2,126.5,325,68.0,500,,,,,,,,,,,,,,,,,126.7,625,130.5,200,,,,,,,,,,,,,,,,
2026-06-29T22:01:12.049721+00:00,2026-06-30T08:01:12.044659,1,2,126.6,0.2,126.5,325,,,,,,,,,,,,,,,,,,,126.7,625,130.5,200,,,,,,,,,,,,,,,,
2026-06-29T22:01:12.060799+00:00,2026-06-30T08:01:12.057789,1,3,68.15,0.5,67.9,500,,,,,,,,,,,,,,,,,,,68.4,175,126.7,625,130.5,200,,,,,,,,,,,,,,
2026-06-29T22:01:12.657619+00:00,2026-06-30T08:01:12.656572,0,2,,,,,,,,,,,,,,,,,,,,,,,126.7,625,130.5,200,,,,,,,,,,,,,,,,
2026-06-29T22:01:12.668198+00:00,2026-06-30T08:01:12.660638,1,2,97.35,58.7,68.0,500,,,,,,,,,,,,,,,,,,,126.7,625,130.5,200,,,,,,,,,,,,,,,,
2026-06-29T22:01:12.678789+00:00,2026-06-30T08:01:12.668406,1,3,68.2,0.4,68.0,500,,,,,,,,,,,,,,,,,,,68.4,500,126.7,625,130.5,200,,,,,,,,,,,,,,
2026-06-29T22:01:12.700933+00:00,2026-06-30T08:01:12.698933,1,2,68.2,0.4,68.0,500,,,,,,,,,,,,,,,,,,,68.4,300,126.7,625,,,,,,,,,,,,,,,,
2026-06-29T22:01:12.711997+00:00,2026-06-30T08:01:12.701085,1,3,68.2,0.4,68.0,500,,,,,,,,,,,,,,,,,,,68.4,300,126.7,625,130.2,200,,,,,,,,,,,,,,
2026-06-29T22:01:13.189776+00:00,2026-06-30T08:01:13.185676,2,2,126.25,0.3,126.1,325,68.0,500,,,,,,,,,,,,,,,,,126.4,625,130.2,200,,,,,,,,,,,,,,,,
2026-06-29T22:01:13.256151+00:00,2026-06-30T08:01:13.248151,1,2,126.25,0.3,126.1,325,,,,,,,,,,,,,,,,,,,126.4,625,130.2,200,,,,,,,,,,,,,,,,
2026-06-29T22:01:13.267215+00:00,2026-06-30T08:01:13.261215,1,3,68.2,0.4,68.0,500,,,,,,,,,,,,,,,,,,,68.4,175,126.4,625,130.2,200,,,,,,,,,,,,,,
2026-06-29T22:01:13.853283+00:00,2026-06-30T08:01:13.851283,0,3,,,,,,,,,,,,,,,,,,,,,,,68.4,175,126.4,625,130.2,200,,,,,,,,,,,,,,
2026-06-29T22:01:13.864352+00:00,2026-06-30T08:01:13.858352,0,2,,,,,,,,,,,,,,,,,,,,,,,126.4,625,130.2,200,,,,,,,,,,,,,,,,
2026-06-29T22:01:13.875415+00:00,2026-06-30T08:01:13.871415,1,3,68.2,0.4,68.0,500,,,,,,,,,,,,,,,,,,,68.4,500,126.4,625,130.2,200,,,,,,,,,,,,,,
2026-06-29T22:01:13.907628+00:00,2026-06-30T08:01:13.906602,1,2,68.2,0.4,68.0,500,,,,,,,,,,,,,,,,,,,68.4,300,126.4,625,,,,,,,,,,,,,,,,
2026-06-29T22:01:13.918225+00:00,2026-06-30T08:01:13.908665,1,3,68.2,0.4,68.0,500,,,,,,,,,,,,,,,,,,,68.4,300,126.4,625,130.1,200,,,,,,,,,,,,,,
2026-06-29T22:01:14.473464+00:00,2026-06-30T08:01:14.466401,0,3,,,,,,,,,,,,,,,,,,,,,,,68.4,300,126.4,625,130.1,200,,,,,,,,,,,,,,
2026-06-29T22:01:14.484539+00:00,2026-06-30T08:01:14.479530,1,2,97.2,58.4,68.0,500,,,,,,,,,,,,,,,,,,,126.4,625,130.1,200,,,,,,,,,,,,,,,,
2026-06-29T22:01:14.495602+00:00,2026-06-30T08:01:14.492603,1,2,68.2,0.4,68.0,500,,,,,,,,,,,,,,,,,,,68.4,500,130.1,200,,,,,,,,,,,,,,,,
2026-06-29T22:01:14.506666+00:00,2026-06-30T08:01:14.500666,2,2,125.9,0.2,125.8,125,68.0,500,,,,,,,,,,,,,,,,,126.0,625,130.1,200,,,,,,,,,,,,,,,,
2026-06-29T22:01:15.073426+00:00,2026-06-30T08:01:15.068426,1,2,125.9,0.2,125.8,125,,,,,,,,,,,,,,,,,,,126.0,625,130.1,200,,,,,,,,,,,,,,,,
2026-06-29T22:01:15.084474+00:00,2026-06-30T08:01:15.075426,2,2,125.9,0.2,125.8,125,68.0,500,,,,,,,,,,,,,,,,,126.0,625,130.1,200,,,,,,,,,,,,,,,,
2026-06-29T22:01:15.095523+00:00,2026-06-30T08:01:15.086474,1,3,68.2,0.4,68.0,500,,,,,,,,,,,,,,,,,,,68.4,375,126.0,625,130.1,200,,,,,,,,,,,,,,
2026-06-29T22:01:15.117630+00:00,2026-06-30T08:01:15.115630,1,3,68.2,0.4,68.0,500,,,,,,,,,,,,,,,,,,,68.4,175,126.0,625,130.0,200,,,,,,,,,,,,,,
2026-06-29T22:01:15.681155+00:00,2026-06-30T08:01:15.678155,0,2,,,,,,,,,,,,,,,,,,,,,,,126.0,625,130.0,200,,,,,,,,,,,,,,,,
2026-06-29T22:01:15.692221+00:00,2026-06-30T08:01:15.685155,1,2,97.0,58.0,68.0,500,,,,,,,,,,,,,,,,,,,126.0,625,130.0,200,,,,,,,,,,,,,,,,
2026-06-29T22:01:15.703285+00:00,2026-06-30T08:01:15.692221,1,3,68.2,0.4,68.0,500,,,,,,,,,,,,,,,,,,,68.4,500,126.0,625,130.0,200,,,,,,,,,,,,,,
2026-06-29T22:01:15.807987+00:00,2026-06-30T08:01:15.801987,2,2,125.75,0.3,125.6,125,68.0,500,,,,,,,,,,,,,,,,,125.9,625,130.0,200,,,,,,,,,,,,,,,,
2026-06-29T22:01:16.286192+00:00,2026-06-30T08:01:16.282191,2,2,125.75,0.3,125.6,125,68.0,500,,,,,,,,,,,,,,,,,125.9,625,130.0,200,,,,,,,,,,,,,,,,
2026-06-29T22:01:16.297244+00:00,2026-06-30T08:01:16.295242,1,3,68.25,0.5,68.0,500,,,,,,,,,,,,,,,,,,,68.5,375,125.9,625,130.0,200,,,,,,,,,,,,,,
2026-06-29T22:01:16.328956+00:00,2026-06-30T08:01:16.318514,1,2,68.25,0.5,68.0,500,,,,,,,,,,,,,,,,,,,68.5,375,125.9,625,,,,,,,,,,,,,,,,
2026-06-29T22:01:16.340014+00:00,2026-06-30T08:01:16.333966,1,3,68.25,0.5,68.0,500,,,,,,,,,,,,,,,,,,,68.5,175,125.9,625,129.9,200,,,,,,,,,,,,,,
2026-06-29T22:01:16.886942+00:00,2026-06-30T08:01:16.879942,0,3,,,,,,,,,,,,,,,,,,,,,,,68.5,175,125.9,625,129.9,200,,,,,,,,,,,,,,
2026-06-29T22:01:16.897992+00:00,2026-06-30T08:01:16.895993,1,3,68.2,0.4,68.0,500,,,,,,,,,,,,,,,,,,,68.4,500,125.9,625,129.9,200,,,,,,,,,,,,,,
2026-06-29T22:01:17.116351+00:00,2026-06-30T08:01:17.115350,2,2,125.4,0.2,125.3,125,68.0,500,,,,,,,,,,,,,,,,,125.5,625,129.9,200,,,,,,,,,,,,,,,,
2026-06-29T22:01:17.487355+00:00,2026-06-30T08:01:17.486309,2,2,125.4,0.2,125.3,125,68.0,500,,,,,,,,,,,,,,,,,125.5,625,129.9,200,,,,,,,,,,,,,,,,
2026-06-29T22:01:17.497934+00:00,2026-06-30T08:01:17.493373,1,3,68.2,0.4,68.0,500,,,,,,,,,,,,,,,,,,,68.4,375,125.5,625,129.9,200,,,,,,,,,,,,,,
2026-06-29T22:01:17.530175+00:00,2026-06-30T08:01:17.528164,1,2,68.2,0.4,68.0,500,,,,,,,,,,,,,,,,,,,68.4,175,125.5,625,,,,,,,,,,,,,,,,
2026-06-29T22:01:17.541237+00:00,2026-06-30T08:01:17.530175,1,3,68.2,0.4,68.0,500,,,,,,,,,,,,,,,,,,,68.4,175,125.5,625,129.8,200,,,,,,,,,,,,,,
2026-06-29T22:01:18.086287+00:00,2026-06-30T08:01:18.084287,0,3,,,,,,,,,,,,,,,,,,,,,,,68.4,175,125.5,625,129.8,200,,,,,,,,,,,,,,
2026-06-29T22:01:18.097351+00:00,2026-06-30T08:01:18.091351,0,2,,,,,,,,,,,,,,,,,,,,,,,125.5,625,129.8,200,,,,,,,,,,,,,,,,
2026-06-29T22:01:18.107493+00:00,2026-06-30T08:01:18.103445,1,3,68.2,0.4,68.0,500,,,,,,,,,,,,,,,,,,,68.4,500,125.5,625,129.8,200,,,,,,,,,,,,,,
2026-06-29T22:01:18.422112+00:00,2026-06-30T08:01:18.421112,2,2,125.1,0.2,125.0,125,68.0,500,,,,,,,,,,,,,,,,,125.2,625,129.8,200,,,,,,,,,,,,,,,,
2026-06-29T22:01:18.694916+00:00,2026-06-30T08:01:18.692916,2,2,125.1,0.2,125.0,125,68.0,500,,,,,,,,,,,,,,,,,125.2,625,129.8,200,,,,,,,,,,,,,,,,
2026-06-29T22:01:18.705970+00:00,2026-06-30T08:01:18.700979,1,3,68.2,0.4,68.0,500,,,,,,,,,,,,,,,,,,,68.4,375,125.2,625,129.8,200,,,,,,,,,,,,,,
2026-06-29T22:01:18.738245+00:00,2026-06-30T08:01:18.732685,1,2,68.2,0.4,68.0,500,,,,,,,,,,,,,,,,,,,68.4,375,125.2,625,,,,,,,,,,,,,,,,
2026-06-29T22:01:18.748823+00:00,2026-06-30T08:01:18.742263,1,3,68.2,0.4,68.0,500,,,,,,,,,,,,,,,,,,,68.4,175,125.2,625,129.5,200,,,,,,,,,,,,,,
2026-06-29T22:01:18.998471+00:00,2026-06-30T08:01:18.989912,1,3,68.2,0.4,68.0,500,,,,,,,,,,,,,,,,,,,68.4,155,125.2,625,129.5,200,,,,,,,,,,,,,,
2026-06-29T22:01:19.291942+00:00,2026-06-30T08:01:19.287931,0,3,,,,,,,,,,,,,,,,,,,,,,,68.4,155,125.2,625,129.5,200,,,,,,,,,,,,,,
2026-06-29T22:01:19.303004+00:00,2026-06-30T08:01:19.301004,1,2,96.55,57.3,67.9,500,,,,,,,,,,,,,,,,,,,125.2,625,129.5,200,,,,,,,,,,,,,,,,
2026-06-29T22:01:19.314067+00:00,2026-06-30T08:01:19.306004,1,3,68.15,0.5,67.9,500,,,,,,,,,,,,,,,,,,,68.4,500,125.2,625,129.5,200,,,,,,,,,,,,,,
2026-06-29T22:01:19.727182+00:00,2026-06-30T08:01:19.723181,1,2,68.15,0.5,67.9,500,,,,,,,,,,,,,,,,,,,68.4,500,129.5,200,,,,,,,,,,,,,,,,
2026-06-29T22:01:19.737807+00:00,2026-06-30T08:01:19.736247,2,2,124.6,0.2,124.5,125,67.9,500,,,,,,,,,,,,,,,,,124.7,625,129.5,200,,,,,,,,,,,,,,,,
2026-06-29T22:01:19.900972+00:00,2026-06-30T08:01:19.898972,2,2,124.6,0.2,124.5,125,67.9,500,,,,,,,,,,,,,,,,,124.7,625,129.5,200,,,,,,,,,,,,,,,,
2026-06-29T22:01:19.912035+00:00,2026-06-30T08:01:19.905973,1,3,68.15,0.5,67.9,500,,,,,,,,,,,,,,,,,,,68.4,375,124.7,625,129.5,200,,,,,,,,,,,,,,
2026-06-29T22:01:19.945222+00:00,2026-06-30T08:01:19.944221,1,3,68.15,0.5,67.9,500,,,,,,,,,,,,,,,,,,,68.4,175,124.7,625,129.3,200,,,,,,,,,,,,,,
2026-06-29T22:01:20.521208+00:00,2026-06-30T08:01:20.518208,0,2,,,,,,,,,,,,,,,,,,,,,,,124.7,625,129.3,200,,,,,,,,,,,,,,,,
2026-06-29T22:01:20.532273+00:00,2026-06-30T08:01:20.531273,1,3,68.1,0.4,67.9,500,,,,,,,,,,,,,,,,,,,68.3,500,124.7,625,129.3,200,,,,,,,,,,,,,,
2026-06-29T22:01:21.043243+00:00,2026-06-30T08:01:21.041243,2,1,126.7,5.2,124.1,125,67.9,500,,,,,,,,,,,,,,,,,129.3,200,,,,,,,,,,,,,,,,,,
2026-06-29T22:01:21.054307+00:00,2026-06-30T08:01:21.046243,2,2,124.2,0.2,124.1,125,67.9,500,,,,,,,,,,,,,,,,,124.3,625,129.3,200,,,,,,,,,,,,,,,,
2026-06-29T22:01:21.118285+00:00,2026-06-30T08:01:21.114726,1,2,124.2,0.2,124.1,125,,,,,,,,,,,,,,,,,,,124.3,625,129.3,200,,,,,,,,,,,,,,,,
2026-06-29T22:01:21.128871+00:00,2026-06-30T08:01:21.121305,2,2,124.2,0.2,124.1,125,67.9,500,,,,,,,,,,,,,,,,,124.3,625,129.3,200,,,,,,,,,,,,,,,,
2026-06-29T22:01:21.139976+00:00,2026-06-30T08:01:21.136883,1,3,68.1,0.4,67.9,500,,,,,,,,,,,,,,,,,,,68.3,375,124.3,625,129.3,200,,,,,,,,,,,,,,
2026-06-29T22:01:21.151041+00:00,2026-06-30T08:01:21.149041,1,2,68.1,0.4,67.9,500,,,,,,,,,,,,,,,,,,,68.3,175,124.3,625,,,,,,,,,,,,,,,,
2026-06-29T22:01:21.162116+00:00,2026-06-30T08:01:21.151041,1,3,68.1,0.4,67.9,500,,,,,,,,,,,,,,,,,,,68.3,175,124.3,625,129.3,200,,,,,,,,,,,,,,
2026-06-29T22:01:21.727277+00:00,2026-06-30T08:01:21.723230,0,3,,,,,,,,,,,,,,,,,,,,,,,68.3,175,124.3,625,129.3,200,,,,,,,,,,,,,,
2026-06-29T22:01:21.737878+00:00,2026-06-30T08:01:21.736295,1,2,96.15,56.3,68.0,500,,,,,,,,,,,,,,,,,,,124.3,625,129.3,200,,,,,,,,,,,,,,,,
2026-06-29T22:01:21.748459+00:00,2026-06-30T08:01:21.742897,1,3,68.2,0.4,68.0,500,,,,,,,,,,,,,,,,,,,68.4,500,124.3,625,129.3,200,,,,,,,,,,,,,,
2026-06-29T22:01:22.326240+00:00,2026-06-30T08:01:22.318239,0,3,,,,,,,,,,,,,,,,,,,,,,,68.4,500,124.3,625,129.3,200,,,,,,,,,,,,,,
2026-06-29T22:01:22.337302+00:00,2026-06-30T08:01:22.332302,1,2,96.15,56.3,68.0,500,,,,,,,,,,,,,,,,,,,124.3,625,129.3,200,,,,,,,,,,,,,,,,
2026-06-29T22:01:22.347927+00:00,2026-06-30T08:01:22.346368,1,2,68.2,0.4,68.0,500,,,,,,,,,,,,,,,,,,,68.4,500,129.3,200,,,,,,,,,,,,,,,,
2026-06-29T22:01:22.358504+00:00,2026-06-30T08:01:22.350941,2,2,123.95,0.3,123.8,125,68.0,500,,,,,,,,,,,,,,,,,124.1,625,129.3,200,,,,,,,,,,,,,,,,
2026-06-29T22:01:22.369085+00:00,2026-06-30T08:01:22.368514,2,2,123.95,0.3,123.8,125,68.0,500,,,,,,,,,,,,,,,,,124.1,425,129.3,200,,,,,,,,,,,,,,,,
2026-06-29T22:01:22.924337+00:00,2026-06-30T08:01:22.921337,1,2,123.95,0.3,123.8,125,,,,,,,,,,,,,,,,,,,124.1,425,129.3,200,,,,,,,,,,,,,,,,
2026-06-29T22:01:22.935399+00:00,2026-06-30T08:01:22.928390,2,2,123.95,0.3,123.8,125,68.0,500,,,,,,,,,,,,,,,,,124.1,425,129.3,200,,,,,,,,,,,,,,,,
2026-06-29T22:01:22.946462+00:00,2026-06-30T08:01:22.937452,1,3,68.2,0.4,68.0,500,,,,,,,,,,,,,,,,,,,68.4,375,124.1,425,129.3,200,,,,,,,,,,,,,,
2026-06-29T22:01:23.533357+00:00,2026-06-30T08:01:23.532357,0,2,,,,,,,,,,,,,,,,,,,,,,,124.1,425,129.3,200,,,,,,,,,,,,,,,,
2026-06-29T22:01:23.544420+00:00,2026-06-30T08:01:23.538420,1,2,96.0,56.2,67.9,500,,,,,,,,,,,,,,,,,,,124.1,425,129.3,200,,,,,,,,,,,,,,,,
2026-06-29T22:01:23.555483+00:00,2026-06-30T08:01:23.544420,1,3,68.15,0.5,67.9,500,,,,,,,,,,,,,,,,,,,68.4,500,124.1,425,129.3,200,,,,,,,,,,,,,,
2026-06-29T22:01:23.577650+00:00,2026-06-30T08:01:23.575650,1,3,68.15,0.5,67.9,500,,,,,,,,,,,,,,,,,,,68.4,300,124.1,425,129.2,200,,,,,,,,,,,,,,
2026-06-29T22:01:23.664257+00:00,2026-06-30T08:01:23.659257,2,2,123.95,0.3,123.8,325,67.9,500,,,,,,,,,,,,,,,,,124.1,625,129.2,200,,,,,,,,,,,,,,,,
2026-06-29T22:01:24.128884+00:00,2026-06-30T08:01:24.127324,1,2,123.95,0.3,123.8,325,,,,,,,,,,,,,,,,,,,124.1,625,129.2,200,,,,,,,,,,,,,,,,
2026-06-29T22:01:24.151020+00:00,2026-06-30T08:01:24.141965,1,3,68.2,0.4,68.0,500,,,,,,,,,,,,,,,,,,,68.4,175,124.1,625,129.2,200,,,,,,,,,,,,,,
2026-06-29T22:01:24.737888+00:00,2026-06-30T08:01:24.735329,0,2,,,,,,,,,,,,,,,,,,,,,,,124.1,625,129.2,200,,,,,,,,,,,,,,,,
2026-06-29T22:01:24.748466+00:00,2026-06-30T08:01:24.747953,1,3,68.2,0.4,68.0,500,,,,,,,,,,,,,,,,,,,68.4,500,124.1,625,129.2,200,,,,,,,,,,,,,,
2026-06-29T22:01:24.781185+00:00,2026-06-30T08:01:24.777175,1,2,68.2,0.4,68.0,500,,,,,,,,,,,,,,,,,,,68.4,500,124.1,625,,,,,,,,,,,,,,,,
2026-06-29T22:01:24.792248+00:00,2026-06-30T08:01:24.786185,1,3,68.2,0.4,68.0,500,,,,,,,,,,,,,,,,,,,68.4,300,124.1,625,129.1,200,,,,,,,,,,,,,,
2026-06-29T22:01:24.967438+00:00,2026-06-30T08:01:24.963392,1,2,68.2,0.4,68.0,500,,,,,,,,,,,,,,,,,,,68.4,300,129.1,200,,,,,,,,,,,,,,,,
2026-06-29T22:01:24.978025+00:00,2026-06-30T08:01:24.972457,2,2,123.7,0.2,123.6,325,68.0,500,,,,,,,,,,,,,,,,,123.8,625,129.1,200,,,,,,,,,,,,,,,,
2026-06-29T22:01:25.337569+00:00,2026-06-30T08:01:25.332523,1,2,123.7,0.2,123.6,325,,,,,,,,,,,,,,,,,,,123.8,625,129.1,200,,,,,,,,,,,,,,,,
2026-06-29T22:01:25.348148+00:00,2026-06-30T08:01:25.346588,1,3,68.2,0.4,68.0,500,,,,,,,,,,,,,,,,,,,68.4,175,123.8,625,129.1,200,,,,,,,,,,,,,,
2026-06-29T22:01:25.945621+00:00,2026-06-30T08:01:25.941621,0,2,,,,,,,,,,,,,,,,,,,,,,,123.8,625,129.1,200,,,,,,,,,,,,,,,,
2026-06-29T22:01:25.956685+00:00,2026-06-30T08:01:25.954676,1,3,68.2,0.4,68.0,500,,,,,,,,,,,,,,,,,,,68.4,500,123.8,625,129.1,200,,,,,,,,,,,,,,
2026-06-29T22:01:25.989036+00:00,2026-06-30T08:01:25.987420,1,2,68.2,0.4,68.0,500,,,,,,,,,,,,,,,,,,,68.4,300,123.8,625,,,,,,,,,,,,,,,,
2026-06-29T22:01:26.000118+00:00,2026-06-30T08:01:25.989184,1,3,68.2,0.4,68.0,500,,,,,,,,,,,,,,,,,,,68.4,300,123.8,625,128.9,200,,,,,,,,,,,,,,
2026-06-29T22:01:26.285353+00:00,2026-06-30T08:01:26.281354,2,2,123.4,0.2,123.3,325,68.0,500,,,,,,,,,,,,,,,,,123.5,625,128.9,200,,,,,,,,,,,,,,,,
2026-06-29T22:01:26.567692+00:00,2026-06-30T08:01:26.564654,2,2,123.4,0.2,123.3,325,67.9,500,,,,,,,,,,,,,,,,,123.5,625,128.9,200,,,,,,,,,,,,,,,,
2026-06-29T22:01:26.578309+00:00,2026-06-30T08:01:26.571748,1,3,68.15,0.5,67.9,500,,,,,,,,,,,,,,,,,,,68.4,175,123.5,625,128.9,200,,,,,,,,,,,,,,
2026-06-29T22:01:27.165132+00:00,2026-06-30T08:01:27.159132,0,3,,,,,,,,,,,,,,,,,,,,,,,68.4,175,123.5,625,128.9,200,,,,,,,,,,,,,,
2026-06-29T22:01:27.176196+00:00,2026-06-30T08:01:27.171196,1,2,95.7,55.6,67.9,500,,,,,,,,,,,,,,,,,,,123.5,625,128.9,200,,,,,,,,,,,,,,,,
2026-06-29T22:01:27.187260+00:00,2026-06-30T08:01:27.176196,1,3,68.15,0.5,67.9,500,,,,,,,,,,,,,,,,,,,68.4,500,123.5,625,128.9,200,,,,,,,,,,,,,,
2026-06-29T22:01:27.197885+00:00,2026-06-30T08:01:27.193324,1,2,68.15,0.5,67.9,500,,,,,,,,,,,,,,,,,,,68.4,300,123.5,625,,,,,,,,,,,,,,,,
2026-06-29T22:01:27.208463+00:00,2026-06-30T08:01:27.199903,1,3,68.15,0.5,67.9,500,,,,,,,,,,,,,,,,,,,68.4,300,123.5,625,128.8,200,,,,,,,,,,,,,,
2026-06-29T22:01:27.588006+00:00,2026-06-30T08:01:27.586446,2,1,125.9,5.8,123.0,325,67.9,500,,,,,,,,,,,,,,,,,128.8,200,,,,,,,,,,,,,,,,,,
2026-06-29T22:01:27.598577+00:00,2026-06-30T08:01:27.588146,2,2,123.1,0.2,123.0,325,67.9,500,,,,,,,,,,,,,,,,,123.2,625,128.8,200,,,,,,,,,,,,,,,,
2026-06-29T22:01:27.784294+00:00,2026-06-30T08:01:27.780293,1,2,123.1,0.2,123.0,325,,,,,,,,,,,,,,,,,,,123.2,625,128.8,200,,,,,,,,,,,,,,,,
2026-06-29T22:01:27.795357+00:00,2026-06-30T08:01:27.789348,2,2,123.1,0.2,123.0,325,68.0,500,,,,,,,,,,,,,,,,,123.2,625,128.8,200,,,,,,,,,,,,,,,,
2026-06-29T22:01:27.806439+00:00,2026-06-30T08:01:27.799438,1,3,68.2,0.4,68.0,500,,,,,,,,,,,,,,,,,,,68.4,175,123.2,625,128.8,200,,,,,,,,,,,,,,
2026-06-29T22:01:28.372793+00:00,2026-06-30T08:01:28.371793,0,2,,,,,,,,,,,,,,,,,,,,,,,123.2,625,128.8,200,,,,,,,,,,,,,,,,
2026-06-29T22:01:28.383863+00:00,2026-06-30T08:01:28.379855,1,2,95.6,55.2,68.0,500,,,,,,,,,,,,,,,,,,,123.2,625,128.8,200,,,,,,,,,,,,,,,,
2026-06-29T22:01:28.394930+00:00,2026-06-30T08:01:28.383863,1,3,68.2,0.4,68.0,500,,,,,,,,,,,,,,,,,,,68.4,500,123.2,625,128.8,200,,,,,,,,,,,,,,
2026-06-29T22:01:28.405994+00:00,2026-06-30T08:01:28.404994,1,3,68.2,0.4,68.0,500,,,,,,,,,,,,,,,,,,,68.4,300,123.2,625,128.8,200,,,,,,,,,,,,,,
2026-06-29T22:01:28.721201+00:00,2026-06-30T08:01:28.714139,1,3,68.2,0.4,68.0,500,,,,,,,,,,,,,,,,,,,68.4,280,123.2,625,128.8,200,,,,,,,,,,,,,,
2026-06-29T22:01:28.896305+00:00,2026-06-30T08:01:28.893305,2,1,125.7,6.2,122.6,345,68.0,500,,,,,,,,,,,,,,,,,128.8,200,,,,,,,,,,,,,,,,,,
2026-06-29T22:01:28.907370+00:00,2026-06-30T08:01:28.896305,2,2,122.75,0.3,122.6,345,68.0,500,,,,,,,,,,,,,,,,,122.9,625,128.8,200,,,,,,,,,,,,,,,,
2026-06-29T22:01:28.972901+00:00,2026-06-30T08:01:28.967891,1,2,122.75,0.3,122.6,345,,,,,,,,,,,,,,,,,,,122.9,625,128.8,200,,,,,,,,,,,,,,,,
2026-06-29T22:01:28.983964+00:00,2026-06-30T08:01:28.982964,1,3,68.15,0.5,67.9,500,,,,,,,,,,,,,,,,,,,68.4,155,122.9,625,128.8,200,,,,,,,,,,,,,,
2026-06-29T22:01:29.581005+00:00,2026-06-30T08:01:29.570943,0,3,,,,,,,,,,,,,,,,,,,,,,,68.4,155,122.9,625,128.8,200,,,,,,,,,,,,,,
2026-06-29T22:01:29.592069+00:00,2026-06-30T08:01:29.591068,1,3,68.1,0.4,67.9,500,,,,,,,,,,,,,,,,,,,68.3,500,122.9,625,128.8,200,,,,,,,,,,,,,,
2026-06-29T22:01:29.614203+00:00,2026-06-30T08:01:29.612203,1,3,68.1,0.4,67.9,500,,,,,,,,,,,,,,,,,,,68.3,300,122.9,625,128.7,200,,,,,,,,,,,,,,
2026-06-29T22:01:30.177469+00:00,2026-06-30T08:01:30.173469,0,3,,,,,,,,,,,,,,,,,,,,,,,68.3,300,122.9,625,128.7,200,,,,,,,,,,,,,,
2026-06-29T22:01:30.188095+00:00,2026-06-30T08:01:30.183534,1,2,95.4,55.0,67.9,500,,,,,,,,,,,,,,,,,,,122.9,625,128.7,200,,,,,,,,,,,,,,,,
2026-06-29T22:01:30.198676+00:00,2026-06-30T08:01:30.190114,1,3,68.1,0.4,67.9,500,,,,,,,,,,,,,,,,,,,68.3,500,122.9,625,128.7,200,,,,,,,,,,,,,,
2026-06-29T22:01:30.209812+00:00,2026-06-30T08:01:30.202694,2,2,122.55,0.3,122.4,125,67.9,500,,,,,,,,,,,,,,,,,122.7,625,128.7,200,,,,,,,,,,,,,,,,
2026-06-29T22:01:30.786036+00:00,2026-06-30T08:01:30.783036,2,2,122.55,0.3,122.4,125,67.9,500,,,,,,,,,,,,,,,,,122.7,625,128.7,200,,,,,,,,,,,,,,,,
2026-06-29T22:01:30.797099+00:00,2026-06-30T08:01:30.787088,1,3,68.1,0.4,67.9,500,,,,,,,,,,,,,,,,,,,68.3,375,122.7,625,128.7,200,,,,,,,,,,,,,,
2026-06-29T22:01:30.818303+00:00,2026-06-30T08:01:30.815735,1,2,68.1,0.4,67.9,500,,,,,,,,,,,,,,,,,,,68.3,175,122.7,625,,,,,,,,,,,,,,,,
2026-06-29T22:01:30.828882+00:00,2026-06-30T08:01:30.818448,1,3,68.1,0.4,67.9,500,,,,,,,,,,,,,,,,,,,68.3,175,122.7,625,128.5,200,,,,,,,,,,,,,,
2026-06-29T22:01:31.384094+00:00,2026-06-30T08:01:31.381094,0,3,,,,,,,,,,,,,,,,,,,,,,,68.3,175,122.7,625,128.5,200,,,,,,,,,,,,,,
2026-06-29T22:01:31.395158+00:00,2026-06-30T08:01:31.389158,0,2,,,,,,,,,,,,,,,,,,,,,,,122.7,625,128.5,200,,,,,,,,,,,,,,,,
2026-06-29T22:01:31.406222+00:00,2026-06-30T08:01:31.403221,1,3,68.15,0.5,67.9,500,,,,,,,,,,,,,,,,,,,68.4,500,122.7,625,128.5,200,,,,,,,,,,,,,,
2026-06-29T22:01:31.514536+00:00,2026-06-30T08:01:31.510536,2,2,122.2,0.2,122.1,125,67.9,500,,,,,,,,,,,,,,,,,122.3,625,128.5,200,,,,,,,,,,,,,,,,
2026-06-29T22:01:32.003447+00:00,2026-06-30T08:01:31.996378,1,2,122.2,0.2,122.1,125,,,,,,,,,,,,,,,,,,,122.3,625,128.5,200,,,,,,,,,,,,,,,,
2026-06-29T22:01:32.025575+00:00,2026-06-30T08:01:32.016511,1,3,68.1,0.4,67.9,500,,,,,,,,,,,,,,,,,,,68.3,375,122.3,625,128.5,200,,,,,,,,,,,,,,
2026-06-29T22:01:32.036637+00:00,2026-06-30T08:01:32.030637,1,2,68.1,0.4,67.9,500,,,,,,,,,,,,,,,,,,,68.3,375,122.3,625,,,,,,,,,,,,,,,,
2026-06-29T22:01:32.047701+00:00,2026-06-30T08:01:32.042692,1,3,68.1,0.4,67.9,500,,,,,,,,,,,,,,,,,,,68.3,175,122.3,625,128.4,200,,,,,,,,,,,,,,
2026-06-29T22:01:32.611045+00:00,2026-06-30T08:01:32.604982,0,3,,,,,,,,,,,,,,,,,,,,,,,68.3,175,122.3,625,128.4,200,,,,,,,,,,,,,,
2026-06-29T22:01:32.622108+00:00,2026-06-30T08:01:32.621108,1,2,95.1,54.4,67.9,500,,,,,,,,,,,,,,,,,,,122.3,625,128.4,200,,,,,,,,,,,,,,,,
2026-06-29T22:01:32.633171+00:00,2026-06-30T08:01:32.623108,1,3,68.1,0.4,67.9,500,,,,,,,,,,,,,,,,,,,68.3,500,122.3,625,128.4,200,,,,,,,,,,,,,,
2026-06-29T22:01:32.817884+00:00,2026-06-30T08:01:32.815333,2,1,125.15,6.5,121.9,125,67.9,500,,,,,,,,,,,,,,,,,128.4,200,,,,,,,,,,,,,,,,,,
2026-06-29T22:01:32.828462+00:00,2026-06-30T08:01:32.818029,2,2,122.0,0.2,121.9,125,67.9,500,,,,,,,,,,,,,,,,,122.1,625,128.4,200,,,,,,,,,,,,,,,,
2026-06-29T22:01:33.208594+00:00,2026-06-30T08:01:33.208081,1,2,122.0,0.2,121.9,125,,,,,,,,,,,,,,,,,,,122.1,625,128.4,200,,,,,,,,,,,,,,,,
2026-06-29T22:01:33.219676+00:00,2026-06-30T08:01:33.216613,1,3,68.1,0.4,67.9,500,,,,,,,,,,,,,,,,,,,68.3,375,122.1,625,128.4,200,,,,,,,,,,,,,,
2026-06-29T22:01:33.252884+00:00,2026-06-30T08:01:33.248883,1,3,68.1,0.4,67.9,500,,,,,,,,,,,,,,,,,,,68.3,175,122.1,625,128.3,200,,,,,,,,,,,,,,
2026-06-29T22:01:33.817502+00:00,2026-06-30T08:01:33.816455,0,2,,,,,,,,,,,,,,,,,,,,,,,122.1,625,128.3,200,,,,,,,,,,,,,,,,
2026-06-29T22:01:33.828080+00:00,2026-06-30T08:01:33.826520,1,3,68.15,0.5,67.9,500,,,,,,,,,,,,,,,,,,,68.4,500,122.1,625,128.3,200,,,,,,,,,,,,,,
2026-06-29T22:01:34.132108+00:00,2026-06-30T08:01:34.128108,2,2,121.65,0.3,121.5,125,67.9,500,,,,,,,,,,,,,,,,,121.8,625,128.3,200,,,,,,,,,,,,,,,,
2026-06-29T22:01:34.413993+00:00,2026-06-30T08:01:34.412984,1,2,121.65,0.3,121.5,125,,,,,,,,,,,,,,,,,,,121.8,625,128.3,200,,,,,,,,,,,,,,,,
2026-06-29T22:01:34.425055+00:00,2026-06-30T08:01:34.422046,2,2,121.65,0.3,121.5,125,68.0,500,,,,,,,,,,,,,,,,,121.8,625,128.3,200,,,,,,,,,,,,,,,,
2026-06-29T22:01:34.436118+00:00,2026-06-30T08:01:34.428117,1,3,68.2,0.4,68.0,500,,,,,,,,,,,,,,,,,,,68.4,375,121.8,625,128.3,200,,,,,,,,,,,,,,
2026-06-29T22:01:34.457816+00:00,2026-06-30T08:01:34.455256,1,3,68.2,0.4,68.0,500,,,,,,,,,,,,,,,,,,,68.4,175,121.8,625,127.9,200,,,,,,,,,,,,,,
2026-06-29T22:01:35.025354+00:00,2026-06-30T08:01:35.015292,0,3,,,,,,,,,,,,,,,,,,,,,,,68.4,175,121.8,625,127.9,200,,,,,,,,,,,,,,
2026-06-29T22:01:35.036417+00:00,2026-06-30T08:01:35.033408,1,3,68.15,0.5,67.9,500,,,,,,,,,,,,,,,,,,,68.4,500,121.8,625,127.9,200,,,,,,,,,,,,,,
2026-06-29T22:01:35.438740+00:00,2026-06-30T08:01:35.435179,2,2,121.3,0.2,121.2,125,67.9,500,,,,,,,,,,,,,,,,,121.4,625,127.9,200,,,,,,,,,,,,,,,,
2026-06-29T22:01:35.624911+00:00,2026-06-30T08:01:35.619902,1,2,121.3,0.2,121.2,125,,,,,,,,,,,,,,,,,,,121.4,625,127.9,200,,,,,,,,,,,,,,,,
2026-06-29T22:01:35.635974+00:00,2026-06-30T08:01:35.632973,1,3,68.2,0.4,68.0,500,,,,,,,,,,,,,,,,,,,68.4,375,121.4,625,127.9,200,,,,,,,,,,,,,,
2026-06-29T22:01:35.657660+00:00,2026-06-30T08:01:35.657146,1,2,68.2,0.4,68.0,500,,,,,,,,,,,,,,,,,,,68.4,375,121.4,625,,,,,,,,,,,,,,,,
2026-06-29T22:01:35.668238+00:00,2026-06-30T08:01:35.661678,1,3,68.2,0.4,68.0,500,,,,,,,,,,,,,,,,,,,68.4,175,121.4,625,127.9,200,,,,,,,,,,,,,,
2026-06-29T22:01:36.231239+00:00,2026-06-30T08:01:36.228240,0,2,,,,,,,,,,,,,,,,,,,,,,,121.4,625,127.9,200,,,,,,,,,,,,,,,,
2026-06-29T22:01:36.242336+00:00,2026-06-30T08:01:36.241335,1,3,68.15,0.5,67.9,500,,,,,,,,,,,,,,,,,,,68.4,500,121.4,625,127.9,200,,,,,,,,,,,,,,
2026-06-29T22:01:36.745394+00:00,2026-06-30T08:01:36.744385,2,2,120.9,0.2,120.8,125,67.9,500,,,,,,,,,,,,,,,,,121.0,625,127.9,200,,,,,,,,,,,,,,,,
2026-06-29T22:01:36.833097+00:00,2026-06-30T08:01:36.830097,2,2,120.9,0.2,120.8,125,68.0,500,,,,,,,,,,,,,,,,,121.0,625,127.9,200,,,,,,,,,,,,,,,,
2026-06-29T22:01:36.844170+00:00,2026-06-30T08:01:36.838163,1,3,68.2,0.4,68.0,500,,,,,,,,,,,,,,,,,,,68.4,375,121.0,625,127.9,200,,,,,,,,,,,,,,
2026-06-29T22:01:36.877390+00:00,2026-06-30T08:01:36.874390,1,3,68.2,0.4,68.0,500,,,,,,,,,,,,,,,,,,,68.4,175,121.0,625,127.7,200,,,,,,,,,,,,,,
2026-06-29T22:01:37.430863+00:00,2026-06-30T08:01:37.426799,0,3,,,,,,,,,,,,,,,,,,,,,,,68.4,175,121.0,625,127.7,200,,,,,,,,,,,,,,
2026-06-29T22:01:37.441918+00:00,2026-06-30T08:01:37.438927,1,2,94.5,53.0,68.0,500,,,,,,,,,,,,,,,,,,,121.0,625,127.7,200,,,,,,,,,,,,,,,,
2026-06-29T22:01:37.452989+00:00,2026-06-30T08:01:37.444927,1,3,68.2,0.4,68.0,500,,,,,,,,,,,,,,,,,,,68.4,500,121.0,625,127.7,200,,,,,,,,,,,,,,
2026-06-29T22:01:38.037349+00:00,2026-06-30T08:01:38.029303,0,3,,,,,,,,,,,,,,,,,,,,,,,68.4,500,121.0,625,127.7,200,,,,,,,,,,,,,,
2026-06-29T22:01:38.047927+00:00,2026-06-30T08:01:38.042359,1,2,94.5,53.0,68.0,500,,,,,,,,,,,,,,,,,,,121.0,625,127.7,200,,,,,,,,,,,,,,,,
2026-06-29T22:01:38.058517+00:00,2026-06-30T08:01:38.058003,2,1,124.1,7.2,120.5,125,68.0,500,,,,,,,,,,,,,,,,,127.7,200,,,,,,,,,,,,,,,,,,
2026-06-29T22:01:38.069132+00:00,2026-06-30T08:01:38.065535,2,2,120.6,0.2,120.5,125,68.0,500,,,,,,,,,,,,,,,,,120.7,625,127.7,200,,,,,,,,,,,,,,,,
2026-06-29T22:01:38.080202+00:00,2026-06-30T08:01:38.077139,2,1,120.6,0.2,120.5,125,68.0,500,,,,,,,,,,,,,,,,,120.7,625,,,,,,,,,,,,,,,,,,
2026-06-29T22:01:38.091271+00:00,2026-06-30T08:01:38.086202,2,2,120.6,0.2,120.5,125,68.0,500,,,,,,,,,,,,,,,,,120.7,425,127.6,200,,,,,,,,,,,,,,,,
2026-06-29T22:01:38.657515+00:00,2026-06-30T08:01:38.655515,2,2,120.6,0.2,120.5,125,68.0,500,,,,,,,,,,,,,,,,,120.7,425,127.6,200,,,,,,,,,,,,,,,,
2026-06-29T22:01:38.668139+00:00,2026-06-30T08:01:38.661580,1,3,68.25,0.5,68.0,500,,,,,,,,,,,,,,,,,,,68.5,375,120.7,425,127.6,200,,,,,,,,,,,,,,
2026-06-29T22:01:39.256505+00:00,2026-06-30T08:01:39.253504,0,3,,,,,,,,,,,,,,,,,,,,,,,68.5,375,120.7,425,127.6,200,,,,,,,,,,,,,,
2026-06-29T22:01:39.267576+00:00,2026-06-30T08:01:39.262567,0,2,,,,,,,,,,,,,,,,,,,,,,,120.7,425,127.6,200,,,,,,,,,,,,,,,,
2026-06-29T22:01:39.278213+00:00,2026-06-30T08:01:39.273652,1,3,68.25,0.5,68.0,500,,,,,,,,,,,,,,,,,,,68.5,500,120.7,425,127.6,200,,,,,,,,,,,,,,
2026-06-29T22:01:39.288790+00:00,2026-06-30T08:01:39.287231,1,2,68.25,0.5,68.0,500,,,,,,,,,,,,,,,,,,,68.5,300,120.7,425,,,,,,,,,,,,,,,,
2026-06-29T22:01:39.299872+00:00,2026-06-30T08:01:39.290809,1,3,68.25,0.5,68.0,500,,,,,,,,,,,,,,,,,,,68.5,300,120.7,425,127.5,200,,,,,,,,,,,,,,
2026-06-29T22:01:39.366280+00:00,2026-06-30T08:01:39.364280,1,2,68.25,0.5,68.0,500,,,,,,,,,,,,,,,,,,,68.5,300,127.5,200,,,,,,,,,,,,,,,,
2026-06-29T22:01:39.377344+00:00,2026-06-30T08:01:39.374335,2,2,120.4,0.2,120.3,325,68.0,500,,,,,,,,,,,,,,,,,120.5,625,127.5,200,,,,,,,,,,,,,,,,
2026-06-29T22:01:39.866092+00:00,2026-06-30T08:01:39.862092,2,2,120.4,0.2,120.3,325,68.1,500,,,,,,,,,,,,,,,,,120.5,625,127.5,200,,,,,,,,,,,,,,,,
2026-06-29T22:01:39.877155+00:00,2026-06-30T08:01:39.870155,1,3,68.3,0.4,68.1,500,,,,,,,,,,,,,,,,,,,68.5,175,120.5,625,127.5,200,,,,,,,,,,,,,,
2026-06-29T22:01:40.465127+00:00,2026-06-30T08:01:40.459127,0,3,,,,,,,,,,,,,,,,,,,,,,,68.5,175,120.5,625,127.5,200,,,,,,,,,,,,,,
2026-06-29T22:01:40.476190+00:00,2026-06-30T08:01:40.471190,1,2,94.3,52.4,68.1,500,,,,,,,,,,,,,,,,,,,120.5,625,127.5,200,,,,,,,,,,,,,,,,
2026-06-29T22:01:40.487252+00:00,2026-06-30T08:01:40.484252,1,3,68.3,0.4,68.1,500,,,,,,,,,,,,,,,,,,,68.5,500,120.5,625,127.5,200,,,,,,,,,,,,,,
2026-06-29T22:01:40.497900+00:00,2026-06-30T08:01:40.495327,1,2,68.3,0.4,68.1,500,,,,,,,,,,,,,,,,,,,68.5,300,120.5,625,,,,,,,,,,,,,,,,
2026-06-29T22:01:40.508477+00:00,2026-06-30T08:01:40.498077,1,3,68.3,0.4,68.1,500,,,,,,,,,,,,,,,,,,,68.5,300,120.5,625,127.2,200,,,,,,,,,,,,,,
2026-06-29T22:01:40.681182+00:00,2026-06-30T08:01:40.677171,2,1,123.55,7.3,119.9,325,68.1,500,,,,,,,,,,,,,,,,,127.2,200,,,,,,,,,,,,,,,,,,
2026-06-29T22:01:40.692237+00:00,2026-06-30T08:01:40.684182,2,2,120.0,0.2,119.9,325,68.1,500,,,,,,,,,,,,,,,,,120.1,625,127.2,200,,,,,,,,,,,,,,,,
2026-06-29T22:01:41.095491+00:00,2026-06-30T08:01:41.090492,1,2,120.0,0.2,119.9,325,,,,,,,,,,,,,,,,,,,120.1,625,127.2,200,,,,,,,,,,,,,,,,
2026-06-29T22:01:41.106554+00:00,2026-06-30T08:01:41.097544,1,3,68.3,0.4,68.1,500,,,,,,,,,,,,,,,,,,,68.5,175,120.1,625,127.2,200,,,,,,,,,,,,,,
2026-06-29T22:01:41.671913+00:00,2026-06-30T08:01:41.664825,0,3,,,,,,,,,,,,,,,,,,,,,,,68.5,175,120.1,625,127.2,200,,,,,,,,,,,,,,
2026-06-29T22:01:41.682969+00:00,2026-06-30T08:01:41.677967,1,2,94.05,52.1,68.0,500,,,,,,,,,,,,,,,,,,,120.1,625,127.2,200,,,,,,,,,,,,,,,,
2026-06-29T22:01:41.694040+00:00,2026-06-30T08:01:41.685970,1,3,68.25,0.5,68.0,500,,,,,,,,,,,,,,,,,,,68.5,500,120.1,625,127.2,200,,,,,,,,,,,,,,
2026-06-29T22:01:41.705103+00:00,2026-06-30T08:01:41.704103,1,3,68.25,0.5,68.0,500,,,,,,,,,,,,,,,,,,,68.5,300,120.1,625,127.2,200,,,,,,,,,,,,,,
2026-06-29T22:01:41.988007+00:00,2026-06-30T08:01:41.985454,1,2,68.25,0.5,68.0,500,,,,,,,,,,,,,,,,,,,68.5,300,127.2,200,,,,,,,,,,,,,,,,
2026-06-29T22:01:41.998586+00:00,2026-06-30T08:01:41.993026,2,2,119.7,0.2,119.6,325,68.0,500,,,,,,,,,,,,,,,,,119.8,625,127.2,200,,,,,,,,,,,,,,,,
2026-06-29T22:01:42.269000+00:00,2026-06-30T08:01:42.268486,1,2,119.7,0.2,119.6,325,,,,,,,,,,,,,,,,,,,119.8,625,127.2,200,,,,,,,,,,,,,,,,
2026-06-29T22:01:42.291202+00:00,2026-06-30T08:01:42.288202,1,3,68.25,0.5,68.0,500,,,,,,,,,,,,,,,,,,,68.5,175,119.8,625,127.2,200,,,,,,,,,,,,,,
2026-06-29T22:01:42.878178+00:00,2026-06-30T08:01:42.870622,0,3,,,,,,,,,,,,,,,,,,,,,,,68.5,175,119.8,625,127.2,200,,,,,,,,,,,,,,
2026-06-29T22:01:42.889188+00:00,2026-06-30T08:01:42.883189,1,2,93.9,51.8,68.0,500,,,,,,,,,,,,,,,,,,,119.8,625,127.2,200,,,,,,,,,,,,,,,,
2026-06-29T22:01:42.900188+00:00,2026-06-30T08:01:42.889478,1,3,68.2,0.4,68.0,500,,,,,,,,,,,,,,,,,,,68.4,500,119.8,625,127.2,200,,,,,,,,,,,,,,
2026-06-29T22:01:42.911188+00:00,2026-06-30T08:01:42.909188,1,2,68.2,0.4,68.0,500,,,,,,,,,,,,,,,,,,,68.4,300,119.8,625,,,,,,,,,,,,,,,,
2026-06-29T22:01:42.922188+00:00,2026-06-30T08:01:42.911188,1,3,68.2,0.4,68.0,500,,,,,,,,,,,,,,,,,,,68.4,300,119.8,625,126.8,200,,,,,,,,,,,,,,
2026-06-29T22:01:43.303977+00:00,2026-06-30T08:01:43.296887,2,2,119.35,0.3,119.2,325,68.0,500,,,,,,,,,,,,,,,,,119.5,625,126.8,200,,,,,,,,,,,,,,,,
2026-06-29T22:01:43.477648+00:00,2026-06-30T08:01:43.472601,1,2,119.35,0.3,119.2,325,,,,,,,,,,,,,,,,,,,119.5,625,126.8,200,,,,,,,,,,,,,,,,
2026-06-29T22:01:43.488226+00:00,2026-06-30T08:01:43.485666,1,3,68.2,0.4,68.0,500,,,,,,,,,,,,,,,,,,,68.4,175,119.5,625,126.8,200,,,,,,,,,,,,,,
2026-06-29T22:01:44.087172+00:00,2026-06-30T08:01:44.082163,0,2,,,,,,,,,,,,,,,,,,,,,,,119.5,625,126.8,200,,,,,,,,,,,,,,,,
2026-06-29T22:01:44.097787+00:00,2026-06-30T08:01:44.094227,1,3,68.25,0.5,68.0,500,,,,,,,,,,,,,,,,,,,68.5,500,119.5,625,126.8,200,,,,,,,,,,,,,,
2026-06-29T22:01:44.118942+00:00,2026-06-30T08:01:44.116383,1,2,68.25,0.5,68.0,500,,,,,,,,,,,,,,,,,,,68.5,300,119.5,625,,,,,,,,,,,,,,,,
2026-06-29T22:01:44.130023+00:00,2026-06-30T08:01:44.119101,1,3,68.25,0.5,68.0,500,,,,,,,,,,,,,,,,,,,68.5,300,119.5,625,126.7,200,,,,,,,,,,,,,,
2026-06-29T22:01:44.607610+00:00,2026-06-30T08:01:44.602564,2,1,122.8,7.8,118.9,325,68.0,500,,,,,,,,,,,,,,,,,126.7,200,,,,,,,,,,,,,,,,,,
2026-06-29T22:01:44.618189+00:00,2026-06-30T08:01:44.609620,2,2,119.0,0.2,118.9,325,68.0,500,,,,,,,,,,,,,,,,,119.1,625,126.7,200,,,,,,,,,,,,,,,,
