recv_time,book_timestamp,n_bids,n_asks,mid,spread,bid_px_0,bid_vol_0,bid_px_1,bid_vol_1,bid_px_2,bid_vol_2,bid_px_3,bid_vol_3,bid_px_4,bid_vol_4,bid_px_5,bid_vol_5,bid_px_6,bid_vol_6,bid_px_7,bid_vol_7,bid_px_8,bid_vol_8,bid_px_9,bid_vol_9,ask_px_0,ask_vol_0,ask_px_1,ask_vol_1,ask_px_2,ask_vol_2,ask_px_3,ask_vol_3,ask_px_4,ask_vol_4,ask_px_5,ask_vol_5,ask_px_6,ask_vol_6,ask_px_7,ask_vol_7,ask_px_8,ask_vol_8,ask_px_9,ask_vol_9
2026-07-01T23:00:00.305074+00:00,2026-07-01T23:00:00.197750,3,3,90.5,0.2,90.4,425,90.3,502,90.2,200,,,,,,,,,,,,,,,90.6,625,90.7,1,90.9,500,,,,,,,,,,,,,,
2026-07-01T23:00:00.500192+00:00,2026-07-01T23:00:00.499393,3,3,90.5,0.2,90.4,425,90.3,2,90.2,200,,,,,,,,,,,,,,,90.6,625,90.7,1,90.9,500,,,,,,,,,,,,,,
2026-07-01T23:00:00.512409+00:00,2026-07-01T23:00:00.512133,3,2,90.5,0.2,90.4,425,90.3,502,90.2,200,,,,,,,,,,,,,,,90.6,625,90.7,1,,,,,,,,,,,,,,,,
2026-07-01T23:00:00.535778+00:00,2026-07-01T23:00:00.518283,3,3,90.5,0.2,90.4,425,90.3,502,90.2,200,,,,,,,,,,,,,,,90.6,625,90.7,1,90.9,500,,,,,,,,,,,,,,
2026-07-01T23:00:01.159280+00:00,2026-07-01T23:00:01.155900,3,2,90.5,0.2,90.4,425,90.3,502,90.2,200,,,,,,,,,,,,,,,90.6,625,90.7,1,,,,,,,,,,,,,,,,
2026-07-01T23:00:01.164718+00:00,2026-07-01T23:00:01.164488,3,3,90.5,0.2,90.4,425,90.3,502,90.2,200,,,,,,,,,,,,,,,90.6,625,90.7,1,90.8,500,,,,,,,,,,,,,,
2026-07-01T23:00:01.243996+00:00,2026-07-01T23:00:01.217286,3,3,90.5,0.2,90.4,225,90.3,502,90.2,200,,,,,,,,,,,,,,,90.6,625,90.7,1,90.8,500,,,,,,,,,,,,,,
2026-07-01T23:00:01.502513+00:00,2026-07-01T23:00:01.502360,2,2,90.5,0.4,90.3,502,90.2,825,,,,,,,,,,,,,,,,,90.7,1,90.8,500,,,,,,,,,,,,,,,,
2026-07-01T23:00:01.507643+00:00,2026-07-01T23:00:01.507581,2,3,90.35,0.1,90.3,502,90.2,825,,,,,,,,,,,,,,,,,90.4,625,90.7,1,90.8,500,,,,,,,,,,,,,,
2026-07-01T23:00:01.749767+00:00,2026-07-01T23:00:01.749506,2,3,90.35,0.1,90.3,2,90.2,825,,,,,,,,,,,,,,,,,90.4,625,90.7,1,90.8,500,,,,,,,,,,,,,,
2026-07-01T23:00:01.760450+00:00,2026-07-01T23:00:01.760256,2,2,90.35,0.1,90.3,502,90.2,825,,,,,,,,,,,,,,,,,90.4,625,90.7,1,,,,,,,,,,,,,,,,
2026-07-01T23:00:01.778290+00:00,2026-07-01T23:00:01.777881,2,3,90.35,0.1,90.3,502,90.2,825,,,,,,,,,,,,,,,,,90.4,625,90.7,1,90.8,500,,,,,,,,,,,,,,
2026-07-01T23:00:02.353313+00:00,2026-07-01T23:00:02.357722,2,2,90.35,0.1,90.3,2,90.2,825,,,,,,,,,,,,,,,,,90.4,625,90.7,1,,,,,,,,,,,,,,,,
2026-07-01T23:00:02.385293+00:00,2026-07-01T23:00:02.385035,2,3,90.35,0.1,90.3,502,90.2,825,,,,,,,,,,,,,,,,,90.4,625,90.7,1,90.8,500,,,,,,,,,,,,,,
2026-07-01T23:00:02.406409+00:00,2026-07-01T23:00:02.406335,2,3,90.35,0.1,90.3,502,90.2,625,,,,,,,,,,,,,,,,,90.4,625,90.7,1,90.8,500,,,,,,,,,,,,,,
2026-07-01T23:00:02.416968+00:00,2026-07-01T23:00:02.417134,2,3,90.35,0.1,90.3,502,90.2,625,,,,,,,,,,,,,,,,,90.4,425,90.7,1,90.8,500,,,,,,,,,,,,,,
2026-07-01T23:00:02.432711+00:00,2026-07-01T23:00:02.432626,2,4,90.35,0.1,90.3,502,90.2,625,,,,,,,,,,,,,,,,,90.4,425,90.6,200,90.7,1,90.8,500,,,,,,,,,,,,
2026-07-01T23:00:02.829633+00:00,2026-07-01T23:00:02.829479,2,4,90.35,0.1,90.3,502,90.2,625,,,,,,,,,,,,,,,,,90.4,625,90.6,200,90.7,1,90.8,500,,,,,,,,,,,,
2026-07-01T23:00:02.958559+00:00,2026-07-01T23:00:02.950772,2,4,90.35,0.1,90.3,2,90.2,625,,,,,,,,,,,,,,,,,90.4,625,90.6,200,90.7,1,90.8,500,,,,,,,,,,,,
2026-07-01T23:00:02.969412+00:00,2026-07-01T23:00:02.969311,2,3,90.35,0.1,90.3,2,90.2,625,,,,,,,,,,,,,,,,,90.4,625,90.6,200,90.7,1,,,,,,,,,,,,,,
2026-07-01T23:00:02.979949+00:00,2026-07-01T23:00:02.979732,2,3,90.35,0.1,90.3,502,90.2,625,,,,,,,,,,,,,,,,,90.4,625,90.6,200,90.7,1,,,,,,,,,,,,,,
2026-07-01T23:00:02.985082+00:00,2026-07-01T23:00:02.985010,2,4,90.35,0.1,90.3,502,90.2,625,,,,,,,,,,,,,,,,,90.4,625,90.6,200,90.7,1,90.8,500,,,,,,,,,,,,
2026-07-01T23:00:03.465213+00:00,2026-07-01T23:00:03.465165,2,4,90.35,0.1,90.3,502,90.2,625,,,,,,,,,,,,,,,,,90.4,605,90.6,200,90.7,1,90.8,500,,,,,,,,,,,,
2026-07-01T23:00:03.558969+00:00,2026-07-01T23:00:03.558779,2,4,90.35,0.1,90.3,2,90.2,625,,,,,,,,,,,,,,,,,90.4,605,90.6,200,90.7,1,90.8,500,,,,,,,,,,,,
2026-07-01T23:00:03.564130+00:00,2026-07-01T23:00:03.564096,2,3,90.35,0.1,90.3,2,90.2,625,,,,,,,,,,,,,,,,,90.4,605,90.6,200,90.7,1,,,,,,,,,,,,,,
2026-07-01T23:00:03.574813+00:00,2026-07-01T23:00:03.574540,2,3,90.35,0.1,90.3,502,90.2,625,,,,,,,,,,,,,,,,,90.4,605,90.6,200,90.7,1,,,,,,,,,,,,,,
2026-07-01T23:00:03.577010+00:00,2026-07-01T23:00:03.576875,2,4,90.35,0.1,90.3,502,90.2,625,,,,,,,,,,,,,,,,,90.4,605,90.6,200,90.7,1,90.9,500,,,,,,,,,,,,
2026-07-01T23:00:03.631480+00:00,2026-07-01T23:00:03.631312,2,4,90.35,0.1,90.3,702,90.2,625,,,,,,,,,,,,,,,,,90.4,605,90.5,200,90.7,1,90.9,500,,,,,,,,,,,,
2026-07-01T23:00:04.131671+00:00,2026-07-01T23:00:04.120614,2,4,90.35,0.1,90.3,702,90.2,625,,,,,,,,,,,,,,,,,90.4,625,90.5,200,90.7,1,90.9,500,,,,,,,,,,,,
2026-07-01T23:00:04.157689+00:00,2026-07-01T23:00:04.155078,2,4,90.35,0.1,90.3,202,90.2,625,,,,,,,,,,,,,,,,,90.4,625,90.5,200,90.7,1,90.9,500,,,,,,,,,,,,
2026-07-01T23:00:04.200497+00:00,2026-07-01T23:00:04.200417,2,3,90.35,0.1,90.3,202,90.2,625,,,,,,,,,,,,,,,,,90.4,625,90.5,200,90.7,1,,,,,,,,,,,,,,
2026-07-01T23:00:04.206461+00:00,2026-07-01T23:00:04.205949,2,4,90.35,0.1,90.3,702,90.2,625,,,,,,,,,,,,,,,,,90.4,625,90.5,200,90.7,1,90.9,500,,,,,,,,,,,,
2026-07-01T23:00:04.773119+00:00,2026-07-01T23:00:04.772939,2,4,90.35,0.1,90.3,202,90.2,625,,,,,,,,,,,,,,,,,90.4,625,90.5,200,90.7,1,90.9,500,,,,,,,,,,,,
2026-07-01T23:00:04.778088+00:00,2026-07-01T23:00:04.778269,2,3,90.35,0.1,90.3,202,90.2,625,,,,,,,,,,,,,,,,,90.4,625,90.5,200,90.7,1,,,,,,,,,,,,,,
2026-07-01T23:00:04.815261+00:00,2026-07-01T23:00:04.815119,2,3,90.35,0.1,90.3,202,90.2,625,,,,,,,,,,,,,,,,,90.4,125,90.5,200,90.7,1,,,,,,,,,,,,,,
2026-07-01T23:00:04.821108+00:00,2026-07-01T23:00:04.820487,2,4,90.35,0.1,90.3,202,90.2,625,,,,,,,,,,,,,,,,,90.4,125,90.5,200,90.7,1,90.9,500,,,,,,,,,,,,
2026-07-01T23:00:04.826801+00:00,2026-07-01T23:00:04.826754,2,4,90.35,0.1,90.3,202,90.2,625,,,,,,,,,,,,,,,,,90.4,125,90.5,200,90.7,1,90.9,500,,,,,,,,,,,,
2026-07-01T23:00:05.458698+00:00,2026-07-01T23:00:05.433048,3,3,90.45,0.1,90.4,375,90.3,202,90.2,625,,,,,,,,,,,,,,,90.5,200,90.7,1,91.0,500,,,,,,,,,,,,,,
2026-07-01T23:00:05.507816+00:00,2026-07-01T23:00:05.506223,3,2,90.6,0.2,90.5,414,90.4,375,90.3,202,,,,,,,,,,,,,,,90.7,626,91.0,500,,,,,,,,,,,,,,,,
2026-07-01T23:00:05.978076+00:00,2026-07-01T23:00:05.977901,2,2,90.6,0.2,90.5,414,90.3,202,,,,,,,,,,,,,,,,,90.7,626,91.0,500,,,,,,,,,,,,,,,,
2026-07-01T23:00:05.983579+00:00,2026-07-01T23:00:05.983268,2,1,90.6,0.2,90.5,414,90.3,202,,,,,,,,,,,,,,,,,90.7,626,,,,,,,,,,,,,,,,,,
2026-07-01T23:00:05.988835+00:00,2026-07-01T23:00:05.988651,3,1,90.6,0.2,90.5,414,90.4,500,90.3,202,,,,,,,,,,,,,,,90.7,626,,,,,,,,,,,,,,,,,,
2026-07-01T23:00:05.994211+00:00,2026-07-01T23:00:05.994037,3,2,90.6,0.2,90.5,414,90.4,500,90.3,202,,,,,,,,,,,,,,,90.7,626,91.0,500,,,,,,,,,,,,,,,,
2026-07-01T23:00:06.058636+00:00,2026-07-01T23:00:06.035642,3,2,90.6,0.2,90.5,414,90.4,500,90.3,202,,,,,,,,,,,,,,,90.7,626,91.0,500,,,,,,,,,,,,,,,,
2026-07-01T23:00:06.069139+00:00,2026-07-01T23:00:06.068984,3,2,90.6,0.2,90.5,214,90.4,500,90.3,202,,,,,,,,,,,,,,,90.7,626,91.0,500,,,,,,,,,,,,,,,,
2026-07-01T23:00:06.571501+00:00,2026-07-01T23:00:06.571303,2,2,90.6,0.2,90.5,214,90.3,202,,,,,,,,,,,,,,,,,90.7,626,91.0,500,,,,,,,,,,,,,,,,
2026-07-01T23:00:06.587798+00:00,2026-07-01T23:00:06.587507,2,1,90.6,0.2,90.5,214,90.3,202,,,,,,,,,,,,,,,,,90.7,626,,,,,,,,,,,,,,,,,,
2026-07-01T23:00:06.598690+00:00,2026-07-01T23:00:06.598572,3,2,90.6,0.2,90.5,214,90.4,500,90.3,202,,,,,,,,,,,,,,,90.7,626,91.0,500,,,,,,,,,,,,,,,,
2026-07-01T23:00:06.795153+00:00,2026-07-01T23:00:06.795087,2,2,90.55,0.3,90.4,500,90.3,202,,,,,,,,,,,,,,,,,90.7,626,91.0,500,,,,,,,,,,,,,,,,
2026-07-01T23:00:06.800617+00:00,2026-07-01T23:00:06.800459,1,3,90.35,0.1,90.3,827,,,,,,,,,,,,,,,,,,,90.4,125,90.7,1,91.0,500,,,,,,,,,,,,,,
2026-07-01T23:00:06.915308+00:00,2026-07-01T23:00:06.915247,1,3,90.35,0.1,90.3,827,,,,,,,,,,,,,,,,,,,90.4,105,90.7,1,91.0,500,,,,,,,,,,,,,,
2026-07-01T23:00:07.209612+00:00,2026-07-01T23:00:07.209568,1,2,90.35,0.1,90.3,827,,,,,,,,,,,,,,,,,,,90.4,105,90.7,1,,,,,,,,,,,,,,,,
2026-07-01T23:00:07.225695+00:00,2026-07-01T23:00:07.225625,2,1,90.55,0.3,90.4,395,90.3,827,,,,,,,,,,,,,,,,,90.7,1,,,,,,,,,,,,,,,,,,
2026-07-01T23:00:07.236607+00:00,2026-07-01T23:00:07.236254,2,2,90.55,0.3,90.4,395,90.3,827,,,,,,,,,,,,,,,,,90.7,1,91.0,500,,,,,,,,,,,,,,,,
2026-07-01T23:00:07.258900+00:00,2026-07-01T23:00:07.248455,2,3,90.5,0.2,90.4,595,90.3,627,,,,,,,,,,,,,,,,,90.6,200,90.7,1,91.0,500,,,,,,,,,,,,,,
2026-07-01T23:00:07.821464+00:00,2026-07-01T23:00:07.821308,2,3,90.5,0.2,90.4,200,90.3,627,,,,,,,,,,,,,,,,,90.6,200,90.7,1,91.0,500,,,,,,,,,,,,,,
2026-07-01T23:00:07.826934+00:00,2026-07-01T23:00:07.826772,2,2,90.5,0.2,90.4,700,90.3,627,,,,,,,,,,,,,,,,,90.6,200,90.7,1,,,,,,,,,,,,,,,,
2026-07-01T23:00:07.837418+00:00,2026-07-01T23:00:07.837333,2,3,90.5,0.2,90.4,700,90.3,627,,,,,,,,,,,,,,,,,90.6,200,90.7,1,91.0,500,,,,,,,,,,,,,,
2026-07-01T23:00:08.101934+00:00,2026-07-01T23:00:08.101829,3,3,90.55,0.1,90.5,625,90.4,700,90.3,2,,,,,,,,,,,,,,,90.6,200,90.7,626,91.0,500,,,,,,,,,,,,,,
2026-07-01T23:00:08.415142+00:00,2026-07-01T23:00:08.415034,3,2,90.55,0.1,90.5,625,90.4,200,90.3,2,,,,,,,,,,,,,,,90.6,200,90.7,626,,,,,,,,,,,,,,,,
2026-07-01T23:00:08.458695+00:00,2026-07-01T23:00:08.448327,3,3,90.55,0.1,90.5,625,90.4,700,90.3,2,,,,,,,,,,,,,,,90.6,200,90.7,626,90.9,500,,,,,,,,,,,,,,
2026-07-01T23:00:08.480546+00:00,2026-07-01T23:00:08.480030,4,2,90.6,0.2,90.5,425,90.4,500,90.3,2,90.2,200,,,,,,,,,,,,,90.7,626,90.9,500,,,,,,,,,,,,,,,,
2026-07-01T23:00:09.014555+00:00,2026-07-01T23:00:09.014404,3,2,90.6,0.2,90.5,425,90.3,2,90.2,200,,,,,,,,,,,,,,,90.7,626,90.9,500,,,,,,,,,,,,,,,,
2026-07-01T23:00:09.025136+00:00,2026-07-01T23:00:09.025039,3,1,90.6,0.2,90.5,425,90.3,2,90.2,200,,,,,,,,,,,,,,,90.7,626,,,,,,,,,,,,,,,,,,
2026-07-01T23:00:09.059001+00:00,2026-07-01T23:00:09.036436,3,2,90.6,0.2,90.5,425,90.3,502,90.2,200,,,,,,,,,,,,,,,90.7,626,90.9,500,,,,,,,,,,,,,,,,
2026-07-01T23:00:09.397000+00:00,2026-07-01T23:00:09.396946,2,2,90.5,0.4,90.3,502,90.2,200,,,,,,,,,,,,,,,,,90.7,1,90.9,500,,,,,,,,,,,,,,,,
2026-07-01T23:00:09.402316+00:00,2026-07-01T23:00:09.402191,3,2,90.6,0.2,90.5,625,90.3,502,90.2,200,,,,,,,,,,,,,,,90.7,626,90.9,500,,,,,,,,,,,,,,,,
2026-07-01T23:00:09.614707+00:00,2026-07-01T23:00:09.614656,3,1,90.6,0.2,90.5,625,90.3,2,90.2,200,,,,,,,,,,,,,,,90.7,626,,,,,,,,,,,,,,,,,,
2026-07-01T23:00:09.658778+00:00,2026-07-01T23:00:09.636394,3,2,90.6,0.2,90.5,625,90.3,502,90.2,200,,,,,,,,,,,,,,,90.7,626,90.9,500,,,,,,,,,,,,,,,,
2026-07-01T23:00:09.680292+00:00,2026-07-01T23:00:09.680224,3,2,90.6,0.2,90.5,625,90.4,200,90.3,502,,,,,,,,,,,,,,,90.7,626,90.9,500,,,,,,,,,,,,,,,,
2026-07-01T23:00:09.685676+00:00,2026-07-01T23:00:09.685475,3,3,90.55,0.1,90.5,625,90.4,200,90.3,502,,,,,,,,,,,,,,,90.6,200,90.7,626,90.9,500,,,,,,,,,,,,,,
2026-07-01T23:00:10.221150+00:00,2026-07-01T23:00:10.220941,3,3,90.55,0.1,90.5,625,90.4,200,90.3,2,,,,,,,,,,,,,,,90.6,200,90.7,626,90.9,500,,,,,,,,,,,,,,
2026-07-01T23:00:10.226467+00:00,2026-07-01T23:00:10.226308,3,2,90.55,0.1,90.5,625,90.4,200,90.3,2,,,,,,,,,,,,,,,90.6,200,90.7,626,,,,,,,,,,,,,,,,
2026-07-01T23:00:10.231733+00:00,2026-07-01T23:00:10.231676,3,2,90.55,0.1,90.5,625,90.4,700,90.3,2,,,,,,,,,,,,,,,90.6,200,90.7,626,,,,,,,,,,,,,,,,
2026-07-01T23:00:10.237989+00:00,2026-07-01T23:00:10.237054,3,3,90.55,0.1,90.5,625,90.4,700,90.3,2,,,,,,,,,,,,,,,90.6,200,90.7,626,90.9,500,,,,,,,,,,,,,,
2026-07-01T23:00:10.731899+00:00,2026-07-01T23:00:10.731776,3,3,90.65,0.1,90.6,425,90.4,700,90.3,2,,,,,,,,,,,,,,,90.7,1,90.8,625,90.9,500,,,,,,,,,,,,,,
2026-07-01T23:00:10.824761+00:00,2026-07-01T23:00:10.824576,3,2,90.65,0.1,90.6,425,90.4,200,90.3,2,,,,,,,,,,,,,,,90.7,1,90.8,625,,,,,,,,,,,,,,,,
2026-07-01T23:00:10.835173+00:00,2026-07-01T23:00:10.835022,3,2,90.65,0.1,90.6,425,90.4,700,90.3,2,,,,,,,,,,,,,,,90.7,1,90.8,625,,,,,,,,,,,,,,,,
2026-07-01T23:00:10.840454+00:00,2026-07-01T23:00:10.840367,3,3,90.65,0.1,90.6,425,90.4,700,90.3,2,,,,,,,,,,,,,,,90.7,1,90.8,625,90.9,500,,,,,,,,,,,,,,
2026-07-01T23:00:10.884621+00:00,2026-07-01T23:00:10.884334,4,3,90.65,0.1,90.6,225,90.5,200,90.4,500,90.3,2,,,,,,,,,,,,,90.7,1,90.8,625,90.9,500,,,,,,,,,,,,,,
2026-07-01T23:00:10.974226+00:00,2026-07-01T23:00:10.974100,4,3,90.65,0.1,90.6,205,90.5,200,90.4,500,90.3,2,,,,,,,,,,,,,90.7,1,90.8,625,90.9,500,,,,,,,,,,,,,,
2026-07-01T23:00:11.471781+00:00,2026-07-01T23:00:11.446847,4,3,90.65,0.1,90.6,205,90.5,200,90.4,500,90.3,2,,,,,,,,,,,,,90.7,1,90.8,625,90.9,500,,,,,,,,,,,,,,
2026-07-01T23:00:12.009713+00:00,2026-07-01T23:00:12.010180,3,2,90.6,0.2,90.5,200,90.4,500,90.3,627,,,,,,,,,,,,,,,90.7,1,90.9,500,,,,,,,,,,,,,,,,
2026-07-01T23:00:12.069354+00:00,2026-07-01T23:00:12.067840,2,3,90.45,0.1,90.4,500,90.3,627,,,,,,,,,,,,,,,,,90.5,414,90.7,1,90.9,500,,,,,,,,,,,,,,
2026-07-01T23:00:12.128000+00:00,2026-07-01T23:00:12.127751,2,3,90.45,0.1,90.4,500,90.3,627,,,,,,,,,,,,,,,,,90.5,214,90.7,201,90.9,500,,,,,,,,,,,,,,
2026-07-01T23:00:12.626783+00:00,2026-07-01T23:00:12.626652,1,3,90.4,0.2,90.3,627,,,,,,,,,,,,,,,,,,,90.5,214,90.7,201,90.9,500,,,,,,,,,,,,,,
2026-07-01T23:00:12.637627+00:00,2026-07-01T23:00:12.637486,1,2,90.4,0.2,90.3,627,,,,,,,,,,,,,,,,,,,90.5,214,90.7,201,,,,,,,,,,,,,,,,
2026-07-01T23:00:12.658776+00:00,2026-07-01T23:00:12.642826,2,2,90.45,0.1,90.4,500,90.3,627,,,,,,,,,,,,,,,,,90.5,214,90.7,201,,,,,,,,,,,,,,,,
2026-07-01T23:00:12.664087+00:00,2026-07-01T23:00:12.663800,2,3,90.45,0.1,90.4,500,90.3,627,,,,,,,,,,,,,,,,,90.5,214,90.7,201,91.0,500,,,,,,,,,,,,,,
2026-07-01T23:00:13.264117+00:00,2026-07-01T23:00:13.264022,1,3,90.4,0.2,90.3,627,,,,,,,,,,,,,,,,,,,90.5,214,90.7,201,91.0,500,,,,,,,,,,,,,,
2026-07-01T23:00:13.359072+00:00,2026-07-01T23:00:13.358903,2,3,90.45,0.1,90.4,500,90.3,2,,,,,,,,,,,,,,,,,90.5,14,90.7,201,91.0,500,,,,,,,,,,,,,,
2026-07-01T23:00:13.364453+00:00,2026-07-01T23:00:13.364266,2,3,90.5,0.2,90.4,1125,90.3,2,,,,,,,,,,,,,,,,,90.6,625,90.7,201,91.0,500,,,,,,,,,,,,,,
2026-07-01T23:00:13.498046+00:00,2026-07-01T23:00:13.497771,2,3,90.5,0.2,90.4,1125,90.3,1,,,,,,,,,,,,,,,,,90.6,625,90.7,201,91.0,500,,,,,,,,,,,,,,
2026-07-01T23:00:13.864507+00:00,2026-07-01T23:00:13.864265,2,3,90.5,0.2,90.4,625,90.3,1,,,,,,,,,,,,,,,,,90.6,625,90.7,201,91.0,500,,,,,,,,,,,,,,
2026-07-01T23:00:13.869796+00:00,2026-07-01T23:00:13.869718,2,2,90.5,0.2,90.4,625,90.3,1,,,,,,,,,,,,,,,,,90.6,625,90.7,201,,,,,,,,,,,,,,,,
2026-07-01T23:00:13.885816+00:00,2026-07-01T23:00:13.885658,2,2,90.5,0.2,90.4,1125,90.3,1,,,,,,,,,,,,,,,,,90.6,625,90.7,201,,,,,,,,,,,,,,,,
2026-07-01T23:00:13.891227+00:00,2026-07-01T23:00:13.891040,2,3,90.5,0.2,90.4,1125,90.3,1,,,,,,,,,,,,,,,,,90.6,625,90.7,201,91.0,500,,,,,,,,,,,,,,
2026-07-01T23:00:14.560251+00:00,2026-07-01T23:00:14.559262,2,4,90.45,0.1,90.4,1125,90.3,201,,,,,,,,,,,,,,,,,90.5,200,90.6,625,90.7,1,90.9,500,,,,,,,,,,,,
2026-07-01T23:00:14.658732+00:00,2026-07-01T23:00:14.646364,3,2,90.6,0.2,90.5,425,90.4,500,90.3,201,,,,,,,,,,,,,,,90.7,626,90.9,500,,,,,,,,,,,,,,,,
2026-07-01T23:00:15.086069+00:00,2026-07-01T23:00:15.085870,2,2,90.6,0.2,90.5,425,90.3,201,,,,,,,,,,,,,,,,,90.7,626,90.9,500,,,,,,,,,,,,,,,,
2026-07-01T23:00:15.091598+00:00,2026-07-01T23:00:15.091422,2,2,90.6,0.2,90.5,425,90.3,701,,,,,,,,,,,,,,,,,90.7,626,90.9,500,,,,,,,,,,,,,,,,
2026-07-01T23:00:15.670269+00:00,2026-07-01T23:00:15.670083,2,2,90.6,0.2,90.5,425,90.3,201,,,,,,,,,,,,,,,,,90.7,626,90.9,500,,,,,,,,,,,,,,,,
2026-07-01T23:00:15.675250+00:00,2026-07-01T23:00:15.675397,2,1,90.6,0.2,90.5,425,90.3,201,,,,,,,,,,,,,,,,,90.7,626,,,,,,,,,,,,,,,,,,
2026-07-01T23:00:15.697363+00:00,2026-07-01T23:00:15.697218,3,1,90.6,0.2,90.5,425,90.4,500,90.3,201,,,,,,,,,,,,,,,90.7,626,,,,,,,,,,,,,,,,,,
2026-07-01T23:00:15.708266+00:00,2026-07-01T23:00:15.707919,3,2,90.6,0.2,90.5,425,90.4,500,90.3,201,,,,,,,,,,,,,,,90.7,626,90.9,500,,,,,,,,,,,,,,,,
2026-07-01T23:00:15.719718+00:00,2026-07-01T23:00:15.719505,3,2,90.6,0.2,90.5,625,90.4,500,90.3,1,,,,,,,,,,,,,,,90.7,626,90.9,500,,,,,,,,,,,,,,,,
2026-07-01T23:00:15.724874+00:00,2026-07-01T23:00:15.724767,3,2,90.6,0.2,90.5,625,90.4,500,90.3,1,,,,,,,,,,,,,,,90.7,826,90.9,500,,,,,,,,,,,,,,,,
2026-07-01T23:00:15.958774+00:00,2026-07-01T23:00:15.952155,3,2,90.6,0.2,90.5,200,90.4,500,90.3,1,,,,,,,,,,,,,,,90.7,201,90.9,500,,,,,,,,,,,,,,,,
2026-07-01T23:00:16.001485+00:00,2026-07-01T23:00:16.000147,4,3,90.65,0.1,90.6,614,90.5,200,90.4,500,90.3,1,,,,,,,,,,,,,90.7,181,90.8,625,90.9,500,,,,,,,,,,,,,,
2026-07-01T23:00:16.279177+00:00,2026-07-01T23:00:16.279012,3,3,90.65,0.1,90.6,614,90.5,200,90.3,1,,,,,,,,,,,,,,,90.7,181,90.8,625,90.9,500,,,,,,,,,,,,,,
2026-07-01T23:00:16.284184+00:00,2026-07-01T23:00:16.284556,3,2,90.65,0.1,90.6,614,90.5,200,90.3,501,,,,,,,,,,,,,,,90.7,181,90.8,625,,,,,,,,,,,,,,,,
2026-07-01T23:00:16.306037+00:00,2026-07-01T23:00:16.305795,3,3,90.65,0.1,90.6,614,90.5,200,90.3,501,,,,,,,,,,,,,,,90.7,181,90.8,625,90.9,500,,,,,,,,,,,,,,
2026-07-01T23:00:16.924272+00:00,2026-07-01T23:00:16.923905,3,2,90.65,0.1,90.6,614,90.5,200,90.3,501,,,,,,,,,,,,,,,90.7,181,90.8,1125,,,,,,,,,,,,,,,,
2026-07-01T23:00:16.929474+00:00,2026-07-01T23:00:16.929412,2,2,90.65,0.1,90.6,614,90.3,501,,,,,,,,,,,,,,,,,90.7,181,90.8,1125,,,,,,,,,,,,,,,,
2026-07-01T23:00:16.934793+00:00,2026-07-01T23:00:16.934692,2,1,90.7,0.2,90.6,614,90.3,501,,,,,,,,,,,,,,,,,90.8,1125,,,,,,,,,,,,,,,,,,
2026-07-01T23:00:16.938504+00:00,2026-07-01T23:00:16.958791,2,1,90.7,0.2,90.6,814,90.3,501,,,,,,,,,,,,,,,,,90.8,1325,,,,,,,,,,,,,,,,,,
2026-07-01T23:00:17.038662+00:00,2026-07-01T23:00:17.038567,2,1,90.7,0.2,90.6,814,90.3,501,,,,,,,,,,,,,,,,,90.8,1305,,,,,,,,,,,,,,,,,,
2026-07-01T23:00:17.268696+00:00,2026-07-01T23:00:17.268916,2,1,90.7,0.2,90.6,200,90.3,501,,,,,,,,,,,,,,,,,90.8,700,,,,,,,,,,,,,,,,,,
2026-07-01T23:00:17.274285+00:00,2026-07-01T23:00:17.274135,3,1,90.7,0.2,90.6,200,90.4,625,90.3,501,,,,,,,,,,,,,,,90.8,700,,,,,,,,,,,,,,,,,,
2026-07-01T23:00:17.289323+00:00,2026-07-01T23:00:17.287818,2,2,90.5,0.2,90.4,625,90.3,501,,,,,,,,,,,,,,,,,90.6,422,90.8,700,,,,,,,,,,,,,,,,
2026-07-01T23:00:17.458544+00:00,2026-07-01T23:00:17.444384,2,3,90.5,0.2,90.4,625,90.3,501,,,,,,,,,,,,,,,,,90.6,422,90.7,4,90.8,700,,,,,,,,,,,,,,
2026-07-01T23:00:17.478691+00:00,2026-07-01T23:00:17.478549,2,3,90.5,0.2,90.4,625,90.3,1,,,,,,,,,,,,,,,,,90.6,422,90.7,4,90.8,700,,,,,,,,,,,,,,
2026-07-01T23:00:17.483961+00:00,2026-07-01T23:00:17.483869,2,3,90.5,0.2,90.4,625,90.3,1,,,,,,,,,,,,,,,,,90.6,422,90.7,4,90.8,200,,,,,,,,,,,,,,
2026-07-01T23:00:17.494561+00:00,2026-07-01T23:00:17.494331,2,3,90.5,0.2,90.4,625,90.3,501,,,,,,,,,,,,,,,,,90.6,422,90.7,4,90.8,200,,,,,,,,,,,,,,
2026-07-01T23:00:17.531303+00:00,2026-07-01T23:00:17.531129,2,3,90.5,0.2,90.4,625,90.3,501,,,,,,,,,,,,,,,,,90.6,422,90.7,4,90.8,700,,,,,,,,,,,,,,
2026-07-01T23:00:17.684502+00:00,2026-07-01T23:00:17.684359,2,3,90.5,0.2,90.4,625,90.3,501,,,,,,,,,,,,,,,,,90.6,422,90.7,3,90.8,700,,,,,,,,,,,,,,
2026-07-01T23:00:17.787228+00:00,2026-07-01T23:00:17.785686,2,3,90.5,0.2,90.4,625,90.3,501,,,,,,,,,,,,,,,,,90.6,411,90.7,3,90.8,700,,,,,,,,,,,,,,
2026-07-01T23:00:18.077888+00:00,2026-07-01T23:00:18.077729,2,3,90.5,0.2,90.4,625,90.3,1,,,,,,,,,,,,,,,,,90.6,411,90.7,3,90.8,700,,,,,,,,,,,,,,
2026-07-01T23:00:18.093798+00:00,2026-07-01T23:00:18.093612,2,3,90.5,0.2,90.4,625,90.3,501,,,,,,,,,,,,,,,,,90.6,411,90.7,3,90.8,200,,,,,,,,,,,,,,
2026-07-01T23:00:18.099072+00:00,2026-07-01T23:00:18.098898,2,3,90.5,0.2,90.4,625,90.3,501,,,,,,,,,,,,,,,,,90.6,411,90.7,3,90.8,700,,,,,,,,,,,,,,
2026-07-01T23:00:18.158581+00:00,2026-07-01T23:00:18.141484,2,4,90.45,0.1,90.4,825,90.3,501,,,,,,,,,,,,,,,,,90.5,200,90.6,411,90.7,3,90.8,500,,,,,,,,,,,,
2026-07-01T23:00:18.582885+00:00,2026-07-01T23:00:18.582339,2,4,90.45,0.1,90.4,200,90.3,501,,,,,,,,,,,,,,,,,90.5,200,90.6,411,90.7,3,90.8,500,,,,,,,,,,,,
2026-07-01T23:00:18.588110+00:00,2026-07-01T23:00:18.587999,2,3,90.45,0.1,90.4,200,90.3,501,,,,,,,,,,,,,,,,,90.5,200,90.7,3,90.8,500,,,,,,,,,,,,,,
2026-07-01T23:00:18.604206+00:00,2026-07-01T23:00:18.604020,2,3,90.45,0.1,90.4,200,90.3,1126,,,,,,,,,,,,,,,,,90.5,200,90.7,3,90.8,500,,,,,,,,,,,,,,
2026-07-01T23:00:18.609793+00:00,2026-07-01T23:00:18.609256,2,3,90.45,0.1,90.4,200,90.3,1126,,,,,,,,,,,,,,,,,90.5,825,90.7,3,90.8,500,,,,,,,,,,,,,,
2026-07-01T23:00:18.706772+00:00,2026-07-01T23:00:18.706570,2,3,90.45,0.1,90.4,200,90.3,1126,,,,,,,,,,,,,,,,,90.5,825,90.7,3,90.8,500,,,,,,,,,,,,,,
2026-07-01T23:00:19.311430+00:00,2026-07-01T23:00:19.311380,2,3,90.45,0.1,90.4,200,90.3,626,,,,,,,,,,,,,,,,,90.5,825,90.7,3,90.8,500,,,,,,,,,,,,,,
2026-07-01T23:00:19.322059+00:00,2026-07-01T23:00:19.321878,2,2,90.45,0.1,90.4,200,90.3,626,,,,,,,,,,,,,,,,,90.5,825,90.7,3,,,,,,,,,,,,,,,,
2026-07-01T23:00:19.327348+00:00,2026-07-01T23:00:19.327254,2,2,90.45,0.1,90.4,200,90.3,1126,,,,,,,,,,,,,,,,,90.5,825,90.7,3,,,,,,,,,,,,,,,,
2026-07-01T23:00:19.337847+00:00,2026-07-01T23:00:19.337743,2,3,90.45,0.1,90.4,200,90.3,1126,,,,,,,,,,,,,,,,,90.5,825,90.7,3,90.8,500,,,,,,,,,,,,,,
2026-07-01T23:00:19.391492+00:00,2026-07-01T23:00:19.391200,1,3,90.4,0.2,90.3,1126,,,,,,,,,,,,,,,,,,,90.5,425,90.7,203,90.8,500,,,,,,,,,,,,,,
2026-07-01T23:00:19.904450+00:00,2026-07-01T23:00:19.904283,1,2,90.5,0.4,90.3,501,,,,,,,,,,,,,,,,,,,90.7,203,90.8,500,,,,,,,,,,,,,,,,
2026-07-01T23:00:19.909681+00:00,2026-07-01T23:00:19.909601,2,3,90.5,0.2,90.4,625,90.3,501,,,,,,,,,,,,,,,,,90.6,625,90.7,203,90.8,500,,,,,,,,,,,,,,
2026-07-01T23:00:19.920440+00:00,2026-07-01T23:00:19.920155,2,3,90.5,0.2,90.4,625,90.3,1,,,,,,,,,,,,,,,,,90.6,625,90.7,203,90.8,500,,,,,,,,,,,,,,
2026-07-01T23:00:19.925739+00:00,2026-07-01T23:00:19.925561,2,2,90.5,0.2,90.4,625,90.3,1,,,,,,,,,,,,,,,,,90.6,625,90.7,203,,,,,,,,,,,,,,,,
2026-07-01T23:00:19.931009+00:00,2026-07-01T23:00:19.930954,2,2,90.5,0.2,90.4,625,90.3,501,,,,,,,,,,,,,,,,,90.6,625,90.7,203,,,,,,,,,,,,,,,,
2026-07-01T23:00:19.974425+00:00,2026-07-01T23:00:19.974284,2,3,90.5,0.2,90.4,625,90.3,501,,,,,,,,,,,,,,,,,90.6,625,90.7,203,90.8,500,,,,,,,,,,,,,,
2026-07-01T23:00:19.992510+00:00,2026-07-01T23:00:19.992166,2,3,90.5,0.2,90.4,605,90.3,501,,,,,,,,,,,,,,,,,90.6,625,90.7,203,90.8,500,,,,,,,,,,,,,,
2026-07-01T23:00:20.537016+00:00,2026-07-01T23:00:20.536862,2,3,90.5,0.2,90.4,605,90.3,1,,,,,,,,,,,,,,,,,90.6,625,90.7,203,90.8,500,,,,,,,,,,,,,,
2026-07-01T23:00:20.542614+00:00,2026-07-01T23:00:20.542446,2,3,90.5,0.2,90.4,605,90.3,501,,,,,,,,,,,,,,,,,90.6,625,90.7,203,90.8,500,,,,,,,,,,,,,,
2026-07-01T23:00:20.563918+00:00,2026-07-01T23:00:20.563799,2,3,90.5,0.2,90.4,605,90.3,501,,,,,,,,,,,,,,,,,90.6,625,90.7,3,90.8,500,,,,,,,,,,,,,,
2026-07-01T23:00:20.595279+00:00,2026-07-01T23:00:20.595164,2,3,90.5,0.2,90.4,805,90.3,501,,,,,,,,,,,,,,,,,90.6,825,90.7,3,90.8,500,,,,,,,,,,,,,,
2026-07-01T23:00:21.123876+00:00,2026-07-01T23:00:21.123615,2,3,90.5,0.2,90.4,805,90.3,1,,,,,,,,,,,,,,,,,90.6,825,90.7,3,90.8,500,,,,,,,,,,,,,,
2026-07-01T23:00:21.134298+00:00,2026-07-01T23:00:21.134222,2,2,90.5,0.2,90.4,805,90.3,1,,,,,,,,,,,,,,,,,90.6,825,90.7,3,,,,,,,,,,,,,,,,
2026-07-01T23:00:21.182766+00:00,2026-07-01T23:00:21.182595,2,2,90.5,0.2,90.4,805,90.3,501,,,,,,,,,,,,,,,,,90.6,825,90.7,3,,,,,,,,,,,,,,,,
2026-07-01T23:00:21.188234+00:00,2026-07-01T23:00:21.187925,2,3,90.5,0.2,90.4,805,90.3,501,,,,,,,,,,,,,,,,,90.6,825,90.7,3,90.8,500,,,,,,,,,,,,,,
2026-07-01T23:00:21.226860+00:00,2026-07-01T23:00:21.226693,3,2,90.65,0.1,90.6,425,90.4,200,90.3,501,,,,,,,,,,,,,,,90.7,3,90.8,1125,,,,,,,,,,,,,,,,
2026-07-01T23:00:21.736590+00:00,2026-07-01T23:00:21.736315,3,2,90.65,0.1,90.6,425,90.4,200,90.3,1,,,,,,,,,,,,,,,90.7,3,90.8,1125,,,,,,,,,,,,,,,,
2026-07-01T23:00:21.775334+00:00,2026-07-01T23:00:21.774970,3,2,90.65,0.1,90.6,425,90.4,200,90.3,501,,,,,,,,,,,,,,,90.7,3,90.8,625,,,,,,,,,,,,,,,,
2026-07-01T23:00:21.804925+00:00,2026-07-01T23:00:21.804270,2,2,90.65,0.1,90.6,625,90.3,501,,,,,,,,,,,,,,,,,90.7,3,90.8,1325,,,,,,,,,,,,,,,,
2026-07-01T23:00:22.258915+00:00,2026-07-01T23:00:22.252525,2,1,90.7,0.2,90.6,625,90.3,501,,,,,,,,,,,,,,,,,90.8,1325,,,,,,,,,,,,,,,,,,
2026-07-01T23:00:22.358766+00:00,2026-07-01T23:00:22.334719,2,1,90.7,0.2,90.6,625,90.3,501,,,,,,,,,,,,,,,,,90.8,825,,,,,,,,,,,,,,,,,,
2026-07-01T23:00:22.364369+00:00,2026-07-01T23:00:22.363904,2,1,90.7,0.2,90.6,625,90.3,501,,,,,,,,,,,,,,,,,90.8,1325,,,,,,,,,,,,,,,,,,
2026-07-01T23:00:22.574572+00:00,2026-07-01T23:00:22.574462,2,2,90.5,0.2,90.4,625,90.3,501,,,,,,,,,,,,,,,,,90.6,425,90.8,700,,,,,,,,,,,,,,,,
2026-07-01T23:00:22.629049+00:00,2026-07-01T23:00:22.629396,2,3,90.5,0.2,90.4,625,90.3,501,,,,,,,,,,,,,,,,,90.6,425,90.7,6,90.8,700,,,,,,,,,,,,,,
2026-07-01T23:00:22.858921+00:00,2026-07-01T23:00:22.858786,2,3,90.5,0.2,90.4,625,90.3,501,,,,,,,,,,,,,,,,,90.6,425,90.7,5,90.8,700,,,,,,,,,,,,,,
2026-07-01T23:00:22.964095+00:00,2026-07-01T23:00:22.964001,2,3,90.5,0.2,90.4,625,90.3,1,,,,,,,,,,,,,,,,,90.6,425,90.7,5,90.8,700,,,,,,,,,,,,,,
2026-07-01T23:00:22.979360+00:00,2026-07-01T23:00:22.979816,2,3,90.5,0.2,90.4,625,90.3,501,,,,,,,,,,,,,,,,,90.6,425,90.7,5,90.8,700,,,,,,,,,,,,,,
2026-07-01T23:00:22.985464+00:00,2026-07-01T23:00:22.985399,3,3,90.55,0.1,90.5,200,90.4,625,90.3,501,,,,,,,,,,,,,,,90.6,425,90.7,205,90.8,500,,,,,,,,,,,,,,
2026-07-01T23:00:23.558621+00:00,2026-07-01T23:00:23.547990,3,2,90.55,0.1,90.5,200,90.4,625,90.3,1,,,,,,,,,,,,,,,90.6,425,90.7,205,,,,,,,,,,,,,,,,
2026-07-01T23:00:23.564562+00:00,2026-07-01T23:00:23.564300,4,3,90.55,0.1,90.5,200,90.4,625,90.3,1,90.2,500,,,,,,,,,,,,,90.6,425,90.7,205,90.8,500,,,,,,,,,,,,,,
2026-07-01T23:00:23.658602+00:00,2026-07-01T23:00:23.651030,4,3,90.55,0.1,90.5,200,90.4,625,90.3,1,90.2,500,,,,,,,,,,,,,90.6,425,90.7,204,90.8,500,,,,,,,,,,,,,,
2026-07-01T23:00:23.832212+00:00,2026-07-01T23:00:23.832090,4,3,90.55,0.1,90.5,200,90.4,625,90.3,1,90.2,500,,,,,,,,,,,,,90.6,425,90.7,203,90.8,500,,,,,,,,,,,,,,
2026-07-01T23:00:23.837182+00:00,2026-07-01T23:00:23.837400,3,3,90.55,0.1,90.5,200,90.3,1,90.2,500,,,,,,,,,,,,,,,90.6,425,90.7,203,90.8,500,,,,,,,,,,,,,,
2026-07-01T23:00:23.842848+00:00,2026-07-01T23:00:23.842729,4,2,90.65,0.1,90.6,625,90.5,200,90.3,1,90.2,500,,,,,,,,,,,,,90.7,203,90.8,500,,,,,,,,,,,,,,,,
2026-07-01T23:00:23.848037+00:00,2026-07-01T23:00:23.847965,4,2,90.65,0.1,90.6,625,90.5,200,90.3,1,90.2,500,,,,,,,,,,,,,90.7,203,90.8,1125,,,,,,,,,,,,,,,,
2026-07-01T23:00:24.137798+00:00,2026-07-01T23:00:24.137543,3,2,90.65,0.1,90.6,625,90.5,200,90.3,1,,,,,,,,,,,,,,,90.7,203,90.8,1125,,,,,,,,,,,,,,,,
2026-07-01T23:00:24.158752+00:00,2026-07-01T23:00:24.143615,4,2,90.65,0.1,90.6,625,90.5,200,90.3,1,90.2,500,,,,,,,,,,,,,90.7,203,90.8,625,,,,,,,,,,,,,,,,
2026-07-01T23:00:24.169295+00:00,2026-07-01T23:00:24.168981,4,2,90.65,0.1,90.6,625,90.5,200,90.3,1,90.2,500,,,,,,,,,,,,,90.7,203,90.8,1125,,,,,,,,,,,,,,,,
2026-07-01T23:00:24.212288+00:00,2026-07-01T23:00:24.211694,4,2,90.65,0.1,90.6,425,90.5,200,90.3,1,90.2,500,,,,,,,,,,,,,90.7,3,90.8,1125,,,,,,,,,,,,,,,,
2026-07-01T23:00:24.735937+00:00,2026-07-01T23:00:24.735540,3,2,90.65,0.1,90.6,425,90.5,200,90.3,1,,,,,,,,,,,,,,,90.7,3,90.8,1125,,,,,,,,,,,,,,,,
2026-07-01T23:00:24.746709+00:00,2026-07-01T23:00:24.747337,3,2,90.65,0.1,90.6,425,90.5,200,90.3,501,,,,,,,,,,,,,,,90.7,3,90.8,625,,,,,,,,,,,,,,,,
2026-07-01T23:00:24.764229+00:00,2026-07-01T23:00:24.764021,3,2,90.65,0.1,90.6,425,90.5,200,90.3,501,,,,,,,,,,,,,,,90.7,3,90.8,1125,,,,,,,,,,,,,,,,
2026-07-01T23:00:25.147857+00:00,2026-07-01T23:00:25.147802,2,2,90.6,0.2,90.5,200,90.3,501,,,,,,,,,,,,,,,,,90.7,3,90.8,500,,,,,,,,,,,,,,,,
2026-07-01T23:00:25.158753+00:00,2026-07-01T23:00:25.153156,2,2,90.6,0.2,90.5,825,90.3,501,,,,,,,,,,,,,,,,,90.7,628,90.8,500,,,,,,,,,,,,,,,,
2026-07-01T23:00:25.437758+00:00,2026-07-01T23:00:25.437554,2,2,90.6,0.2,90.5,825,90.3,1,,,,,,,,,,,,,,,,,90.7,628,90.8,500,,,,,,,,,,,,,,,,
2026-07-01T23:00:25.470235+00:00,2026-07-01T23:00:25.468725,3,3,90.55,0.1,90.5,625,90.4,200,90.3,500,,,,,,,,,,,,,,,90.6,197,90.7,625,90.8,500,,,,,,,,,,,,,,
2026-07-01T23:00:25.668897+00:00,2026-07-01T23:00:25.669012,3,3,90.55,0.1,90.5,633,90.4,200,90.3,500,,,,,,,,,,,,,,,90.6,197,90.7,625,90.8,500,,,,,,,,,,,,,,
2026-07-01T23:00:25.713565+00:00,2026-07-01T23:00:25.713460,3,3,90.55,0.1,90.5,633,90.4,200,90.3,500,,,,,,,,,,,,,,,90.6,197,90.7,625,90.8,503,,,,,,,,,,,,,,
2026-07-01T23:00:25.975056+00:00,2026-07-01T23:00:25.975206,2,3,90.55,0.1,90.5,633,90.4,200,,,,,,,,,,,,,,,,,90.6,197,90.7,625,90.8,503,,,,,,,,,,,,,,
2026-07-01T23:00:25.980706+00:00,2026-07-01T23:00:25.980589,2,3,90.55,0.1,90.5,633,90.4,200,,,,,,,,,,,,,,,,,90.6,197,90.7,625,90.8,3,,,,,,,,,,,,,,
2026-07-01T23:00:26.022951+00:00,2026-07-01T23:00:26.022909,3,3,90.55,0.1,90.5,633,90.4,200,90.2,500,,,,,,,,,,,,,,,90.6,197,90.7,625,90.8,3,,,,,,,,,,,,,,
2026-07-01T23:00:26.059253+00:00,2026-07-01T23:00:26.058934,3,3,90.55,0.1,90.5,633,90.4,200,90.2,500,,,,,,,,,,,,,,,90.6,197,90.7,1125,90.8,3,,,,,,,,,,,,,,
2026-07-01T23:00:26.477636+00:00,2026-07-01T23:00:26.472811,3,3,90.55,0.1,90.5,8,90.4,825,90.2,500,,,,,,,,,,,,,,,90.6,822,90.7,500,90.8,3,,,,,,,,,,,,,,
2026-07-01T23:00:26.578167+00:00,2026-07-01T23:00:26.577984,2,3,90.55,0.1,90.5,8,90.4,825,,,,,,,,,,,,,,,,,90.6,822,90.7,500,90.8,3,,,,,,,,,,,,,,
2026-07-01T23:00:26.583511+00:00,2026-07-01T23:00:26.583379,2,2,90.55,0.1,90.5,8,90.4,825,,,,,,,,,,,,,,,,,90.6,822,90.8,3,,,,,,,,,,,,,,,,
2026-07-01T23:00:26.588968+00:00,2026-07-01T23:00:26.588711,3,2,90.55,0.1,90.5,8,90.4,825,90.2,500,,,,,,,,,,,,,,,90.6,822,90.8,3,,,,,,,,,,,,,,,,
2026-07-01T23:00:26.594199+00:00,2026-07-01T23:00:26.594103,3,3,90.55,0.1,90.5,8,90.4,825,90.2,500,,,,,,,,,,,,,,,90.6,822,90.7,500,90.8,3,,,,,,,,,,,,,,
2026-07-01T23:00:26.628901+00:00,2026-07-01T23:00:26.628737,3,4,90.45,0.1,90.4,625,90.3,200,90.2,500,,,,,,,,,,,,,,,90.5,181,90.6,625,90.7,500,90.8,3,,,,,,,,,,,,
2026-07-01T23:00:26.664627+00:00,2026-07-01T23:00:26.664079,3,4,90.45,0.1,90.4,625,90.3,200,90.2,500,,,,,,,,,,,,,,,90.5,153,90.6,625,90.7,500,90.8,3,,,,,,,,,,,,
2026-07-01T23:00:26.681005+00:00,2026-07-01T23:00:26.680806,3,4,90.45,0.1,90.4,630,90.3,200,90.2,500,,,,,,,,,,,,,,,90.5,153,90.6,625,90.7,500,90.8,3,,,,,,,,,,,,
2026-07-01T23:00:26.874351+00:00,2026-07-01T23:00:26.874198,3,4,90.45,0.1,90.4,629,90.3,200,90.2,500,,,,,,,,,,,,,,,90.5,153,90.6,625,90.7,500,90.8,3,,,,,,,,,,,,
2026-07-01T23:00:27.207498+00:00,2026-07-01T23:00:27.207320,2,4,90.45,0.1,90.4,629,90.3,200,,,,,,,,,,,,,,,,,90.5,153,90.6,625,90.7,500,90.8,3,,,,,,,,,,,,
2026-07-01T23:00:27.213327+00:00,2026-07-01T23:00:27.212921,3,4,90.45,0.1,90.4,629,90.3,200,90.2,500,,,,,,,,,,,,,,,90.5,153,90.6,625,90.7,500,90.8,3,,,,,,,,,,,,
2026-07-01T23:00:27.338720+00:00,2026-07-01T23:00:27.337528,3,4,90.45,0.1,90.4,615,90.3,200,90.2,500,,,,,,,,,,,,,,,90.5,153,90.6,625,90.7,500,90.8,3,,,,,,,,,,,,
2026-07-01T23:00:27.780295+00:00,2026-07-01T23:00:27.780068,2,4,90.45,0.1,90.4,615,90.3,200,,,,,,,,,,,,,,,,,90.5,153,90.6,625,90.7,500,90.8,3,,,,,,,,,,,,
2026-07-01T23:00:27.790866+00:00,2026-07-01T23:00:27.790573,2,3,90.45,0.1,90.4,615,90.3,200,,,,,,,,,,,,,,,,,90.5,153,90.6,625,90.8,3,,,,,,,,,,,,,,
2026-07-01T23:00:27.801506+00:00,2026-07-01T23:00:27.801387,3,3,90.45,0.1,90.4,615,90.3,200,90.2,500,,,,,,,,,,,,,,,90.5,153,90.6,625,90.8,3,,,,,,,,,,,,,,
2026-07-01T23:00:27.812627+00:00,2026-07-01T23:00:27.812417,3,3,90.45,0.1,90.4,615,90.3,200,90.2,500,,,,,,,,,,,,,,,90.5,153,90.6,625,90.8,503,,,,,,,,,,,,,,
2026-07-01T23:00:27.817927+00:00,2026-07-01T23:00:27.817842,3,2,90.45,0.1,90.4,4,90.3,200,90.2,500,,,,,,,,,,,,,,,90.5,153,90.8,503,,,,,,,,,,,,,,,,
2026-07-01T23:00:27.828639+00:00,2026-07-01T23:00:27.828593,2,3,90.45,0.1,90.4,629,90.2,500,,,,,,,,,,,,,,,,,90.5,153,90.6,625,90.8,503,,,,,,,,,,,,,,
2026-07-01T23:00:27.858979+00:00,2026-07-01T23:00:27.833888,2,2,90.5,0.2,90.4,829,90.2,500,,,,,,,,,,,,,,,,,90.6,825,90.8,503,,,,,,,,,,,,,,,,
2026-07-01T23:00:28.395360+00:00,2026-07-01T23:00:28.395306,1,2,90.5,0.2,90.4,829,,,,,,,,,,,,,,,,,,,90.6,825,90.8,503,,,,,,,,,,,,,,,,
2026-07-01T23:00:28.400406+00:00,2026-07-01T23:00:28.400767,2,2,90.5,0.2,90.4,829,90.2,500,,,,,,,,,,,,,,,,,90.6,825,90.8,3,,,,,,,,,,,,,,,,
2026-07-01T23:00:28.417521+00:00,2026-07-01T23:00:28.417245,2,3,90.5,0.2,90.4,829,90.2,500,,,,,,,,,,,,,,,,,90.6,825,90.7,500,90.8,3,,,,,,,,,,,,,,
2026-07-01T23:00:28.990714+00:00,2026-07-01T23:00:28.990517,1,3,90.5,0.2,90.4,829,,,,,,,,,,,,,,,,,,,90.6,825,90.7,500,90.8,3,,,,,,,,,,,,,,
2026-07-01T23:00:28.996007+00:00,2026-07-01T23:00:28.995858,1,2,90.5,0.2,90.4,829,,,,,,,,,,,,,,,,,,,90.6,825,90.8,3,,,,,,,,,,,,,,,,
2026-07-01T23:00:29.006592+00:00,2026-07-01T23:00:29.006464,2,2,90.5,0.2,90.4,829,90.2,500,,,,,,,,,,,,,,,,,90.6,825,90.8,3,,,,,,,,,,,,,,,,
2026-07-01T23:00:29.027583+00:00,2026-07-01T23:00:29.027457,2,3,90.5,0.2,90.4,829,90.2,500,,,,,,,,,,,,,,,,,90.6,825,90.7,500,90.8,3,,,,,,,,,,,,,,
2026-07-01T23:00:29.032637+00:00,2026-07-01T23:00:29.033198,3,3,90.55,0.1,90.5,200,90.4,629,90.2,500,,,,,,,,,,,,,,,90.6,625,90.7,500,90.8,3,,,,,,,,,,,,,,
2026-07-01T23:00:29.064263+00:00,2026-07-01T23:00:29.063905,3,3,90.55,0.1,90.5,200,90.4,629,90.2,500,,,,,,,,,,,,,,,90.6,825,90.7,500,90.8,3,,,,,,,,,,,,,,
2026-07-01T23:00:29.134898+00:00,2026-07-01T23:00:29.134789,4,3,90.55,0.1,90.5,200,90.4,4,90.3,625,90.2,500,,,,,,,,,,,,,90.6,200,90.7,500,90.8,3,,,,,,,,,,,,,,
2026-07-01T23:00:29.140227+00:00,2026-07-01T23:00:29.140110,3,4,90.45,0.1,90.4,4,90.3,625,90.2,500,,,,,,,,,,,,,,,90.5,425,90.6,200,90.7,500,90.8,3,,,,,,,,,,,,
2026-07-01T23:00:29.258682+00:00,2026-07-01T23:00:29.245935,3,4,90.45,0.1,90.4,4,90.3,625,90.2,500,,,,,,,,,,,,,,,90.5,405,90.6,200,90.7,500,90.8,3,,,,,,,,,,,,
2026-07-01T23:00:29.626372+00:00,2026-07-01T23:00:29.625902,3,4,90.45,0.1,90.4,4,90.3,625,90.2,500,,,,,,,,,,,,,,,90.5,405,90.6,200,90.7,500,90.8,3,,,,,,,,,,,,
2026-07-01T23:00:30.191688+00:00,2026-07-01T23:00:30.191833,2,4,90.45,0.1,90.4,4,90.3,625,,,,,,,,,,,,,,,,,90.5,405,90.6,200,90.7,500,90.8,3,,,,,,,,,,,,
2026-07-01T23:00:30.202382+00:00,2026-07-01T23:00:30.202276,2,3,90.45,0.1,90.4,4,90.3,625,,,,,,,,,,,,,,,,,90.5,405,90.6,200,90.8,3,,,,,,,,,,,,,,
2026-07-01T23:00:30.207672+00:00,2026-07-01T23:00:30.207566,3,3,90.45,0.1,90.4,4,90.3,625,90.1,500,,,,,,,,,,,,,,,90.5,405,90.6,200,90.8,3,,,,,,,,,,,,,,
2026-07-01T23:00:30.218068+00:00,2026-07-01T23:00:30.218009,3,4,90.45,0.1,90.4,4,90.3,625,90.1,500,,,,,,,,,,,,,,,90.5,405,90.6,200,90.7,500,90.8,3,,,,,,,,,,,,
2026-07-01T23:00:30.258772+00:00,2026-07-01T23:00:30.245678,3,3,90.45,0.1,90.4,4,90.3,625,90.1,500,,,,,,,,,,,,,,,90.5,405,90.7,500,90.8,3,,,,,,,,,,,,,,
2026-07-01T23:00:30.316338+00:00,2026-07-01T23:00:30.316188,3,4,90.45,0.1,90.4,204,90.3,625,90.1,500,,,,,,,,,,,,,,,90.5,405,90.6,200,90.7,500,90.8,3,,,,,,,,,,,,
2026-07-01T23:00:30.468848+00:00,2026-07-01T23:00:30.467313,2,4,90.3,0.2,90.2,625,90.1,500,,,,,,,,,,,,,,,,,90.4,418,90.6,200,90.7,500,90.8,3,,,,,,,,,,,,
2026-07-01T23:00:30.759390+00:00,2026-07-01T23:00:30.758694,3,4,90.35,0.1,90.3,4,90.2,625,90.1,500,,,,,,,,,,,,,,,90.4,418,90.6,200,90.7,500,90.8,3,,,,,,,,,,,,
2026-07-01T23:00:30.798781+00:00,2026-07-01T23:00:30.798592,2,4,90.35,0.1,90.3,4,90.2,625,,,,,,,,,,,,,,,,,90.4,418,90.6,200,90.7,500,90.8,3,,,,,,,,,,,,
2026-07-01T23:00:30.803787+00:00,2026-07-01T23:00:30.803910,2,3,90.35,0.1,90.3,4,90.2,625,,,,,,,,,,,,,,,,,90.4,418,90.6,200,90.8,3,,,,,,,,,,,,,,
2026-07-01T23:00:30.836061+00:00,2026-07-01T23:00:30.835745,2,4,90.35,0.1,90.3,4,90.2,1125,,,,,,,,,,,,,,,,,90.4,418,90.6,200,90.7,500,90.8,3,,,,,,,,,,,,
2026-07-01T23:00:31.422396+00:00,2026-07-01T23:00:31.422252,2,4,90.35,0.1,90.3,4,90.2,625,,,,,,,,,,,,,,,,,90.4,418,90.6,200,90.7,500,90.8,3,,,,,,,,,,,,
2026-07-01T23:00:31.427971+00:00,2026-07-01T23:00:31.427635,2,3,90.35,0.1,90.3,4,90.2,625,,,,,,,,,,,,,,,,,90.4,418,90.6,200,90.8,3,,,,,,,,,,,,,,
2026-07-01T23:00:31.433507+00:00,2026-07-01T23:00:31.433312,2,3,90.35,0.1,90.3,4,90.2,1125,,,,,,,,,,,,,,,,,90.4,418,90.6,200,90.8,3,,,,,,,,,,,,,,
2026-07-01T23:00:31.458553+00:00,2026-07-01T23:00:31.445852,2,4,90.35,0.1,90.3,4,90.2,1125,,,,,,,,,,,,,,,,,90.4,418,90.6,200,90.7,500,90.8,3,,,,,,,,,,,,
2026-07-01T23:00:31.474632+00:00,2026-07-01T23:00:31.474573,2,3,90.35,0.1,90.3,204,90.2,1125,,,,,,,,,,,,,,,,,90.4,418,90.7,500,90.8,3,,,,,,,,,,,,,,
2026-07-01T23:00:31.495579+00:00,2026-07-01T23:00:31.495350,2,3,90.35,0.1,90.3,204,90.2,1125,,,,,,,,,,,,,,,,,90.4,618,90.7,500,90.8,3,,,,,,,,,,,,,,
2026-07-01T23:00:31.764092+00:00,2026-07-01T23:00:31.764021,3,2,90.6,0.2,90.5,425,90.3,204,90.2,500,,,,,,,,,,,,,,,90.7,1125,90.8,3,,,,,,,,,,,,,,,,
2026-07-01T23:00:32.028293+00:00,2026-07-01T23:00:32.028150,2,2,90.6,0.2,90.5,425,90.3,204,,,,,,,,,,,,,,,,,90.7,1125,90.8,3,,,,,,,,,,,,,,,,
2026-07-01T23:00:32.038503+00:00,2026-07-01T23:00:32.058801,2,2,90.6,0.2,90.5,425,90.3,204,,,,,,,,,,,,,,,,,90.7,625,90.8,3,,,,,,,,,,,,,,,,
2026-07-01T23:00:32.064024+00:00,2026-07-01T23:00:32.064429,3,2,90.6,0.2,90.5,425,90.3,204,90.2,500,,,,,,,,,,,,,,,90.7,625,90.8,503,,,,,,,,,,,,,,,,
2026-07-01T23:00:32.633390+00:00,2026-07-01T23:00:32.633258,2,2,90.6,0.2,90.5,425,90.3,204,,,,,,,,,,,,,,,,,90.7,625,90.8,503,,,,,,,,,,,,,,,,
2026-07-01T23:00:32.638636+00:00,2026-07-01T23:00:32.638608,2,2,90.6,0.2,90.5,425,90.3,204,,,,,,,,,,,,,,,,,90.7,625,90.8,3,,,,,,,,,,,,,,,,
2026-07-01T23:00:32.664345+00:00,2026-07-01T23:00:32.664147,3,2,90.6,0.2,90.5,425,90.3,204,90.2,500,,,,,,,,,,,,,,,90.7,1125,90.8,3,,,,,,,,,,,,,,,,
2026-07-01T23:00:32.674801+00:00,2026-07-01T23:00:32.674355,4,3,90.55,0.1,90.5,425,90.4,200,90.3,4,90.2,500,,,,,,,,,,,,,90.6,200,90.7,1125,90.8,3,,,,,,,,,,,,,,
2026-07-01T23:00:33.086435+00:00,2026-07-01T23:00:33.086391,3,3,90.5,0.2,90.4,200,90.3,629,90.2,500,,,,,,,,,,,,,,,90.6,200,90.7,500,90.8,3,,,,,,,,,,,,,,
2026-07-01T23:00:33.091772+00:00,2026-07-01T23:00:33.091647,3,4,90.45,0.1,90.4,200,90.3,629,90.2,500,,,,,,,,,,,,,,,90.5,625,90.6,200,90.7,500,90.8,3,,,,,,,,,,,,
2026-07-01T23:00:33.236008+00:00,2026-07-01T23:00:33.235841,2,4,90.45,0.1,90.4,200,90.3,629,,,,,,,,,,,,,,,,,90.5,625,90.6,200,90.7,500,90.8,3,,,,,,,,,,,,
2026-07-01T23:00:33.241185+00:00,2026-07-01T23:00:33.241144,2,3,90.45,0.1,90.4,200,90.3,629,,,,,,,,,,,,,,,,,90.5,625,90.6,200,90.8,3,,,,,,,,,,,,,,
2026-07-01T23:00:33.258592+00:00,2026-07-01T23:00:33.248991,3,4,90.45,0.1,90.4,200,90.3,629,90.2,500,,,,,,,,,,,,,,,90.5,625,90.6,200,90.7,500,90.8,3,,,,,,,,,,,,
2026-07-01T23:00:33.858717+00:00,2026-07-01T23:00:33.858630,3,3,90.45,0.1,90.4,200,90.3,629,90.2,500,,,,,,,,,,,,,,,90.5,625,90.6,200,90.8,503,,,,,,,,,,,,,,
2026-07-01T23:00:33.890621+00:00,2026-07-01T23:00:33.890545,2,2,90.4,0.2,90.3,629,90.2,500,,,,,,,,,,,,,,,,,90.5,625,90.8,503,,,,,,,,,,,,,,,,
2026-07-01T23:00:33.918040+00:00,2026-07-01T23:00:33.917822,2,2,90.4,0.2,90.3,629,90.2,500,,,,,,,,,,,,,,,,,90.5,425,90.8,703,,,,,,,,,,,,,,,,
2026-07-01T23:00:34.029955+00:00,2026-07-01T23:00:34.029853,2,2,90.4,0.2,90.3,628,90.2,500,,,,,,,,,,,,,,,,,90.5,425,90.8,703,,,,,,,,,,,,,,,,
2026-07-01T23:00:34.379930+00:00,2026-07-01T23:00:34.379812,3,1,90.65,0.3,90.5,625,90.3,3,90.2,500,,,,,,,,,,,,,,,90.8,703,,,,,,,,,,,,,,,,,,
2026-07-01T23:00:34.385047+00:00,2026-07-01T23:00:34.385012,3,2,90.6,0.2,90.5,625,90.3,3,90.2,500,,,,,,,,,,,,,,,90.7,625,90.8,703,,,,,,,,,,,,,,,,
2026-07-01T23:00:34.439970+00:00,2026-07-01T23:00:34.439806,2,2,90.6,0.2,90.5,625,90.3,3,,,,,,,,,,,,,,,,,90.7,625,90.8,703,,,,,,,,,,,,,,,,
2026-07-01T23:00:34.445224+00:00,2026-07-01T23:00:34.445133,2,2,90.6,0.2,90.5,625,90.3,3,,,,,,,,,,,,,,,,,90.7,625,90.8,203,,,,,,,,,,,,,,,,
2026-07-01T23:00:34.464260+00:00,2026-07-01T23:00:34.464046,2,2,90.6,0.2,90.5,625,90.3,503,,,,,,,,,,,,,,,,,90.7,625,90.8,203,,,,,,,,,,,,,,,,
2026-07-01T23:00:34.469132+00:00,2026-07-01T23:00:34.469334,2,2,90.6,0.2,90.5,625,90.3,503,,,,,,,,,,,,,,,,,90.7,625,90.8,703,,,,,,,,,,,,,,,,
2026-07-01T23:00:34.696883+00:00,2026-07-01T23:00:34.697026,2,2,90.6,0.2,90.5,625,90.3,502,,,,,,,,,,,,,,,,,90.7,625,90.8,703,,,,,,,,,,,,,,,,
2026-07-01T23:00:35.059022+00:00,2026-07-01T23:00:35.058880,3,2,90.6,0.2,90.5,625,90.3,2,90.2,500,,,,,,,,,,,,,,,90.7,625,90.8,203,,,,,,,,,,,,,,,,
2026-07-01T23:00:35.064459+00:00,2026-07-01T23:00:35.064278,3,2,90.6,0.2,90.5,625,90.3,2,90.2,500,,,,,,,,,,,,,,,90.7,625,90.8,703,,,,,,,,,,,,,,,,
2026-07-01T23:00:35.091314+00:00,2026-07-01T23:00:35.091181,3,3,90.6,0.2,90.5,625,90.3,2,90.2,500,,,,,,,,,,,,,,,90.7,425,90.8,503,90.9,200,,,,,,,,,,,,,,
2026-07-01T23:00:35.645666+00:00,2026-07-01T23:00:35.648843,2,3,90.6,0.2,90.5,625,90.3,2,,,,,,,,,,,,,,,,,90.7,425,90.8,3,90.9,200,,,,,,,,,,,,,,
2026-07-01T23:00:35.669056+00:00,2026-07-01T23:00:35.668902,3,3,90.6,0.2,90.5,625,90.3,2,90.2,500,,,,,,,,,,,,,,,90.7,425,90.8,3,90.9,200,,,,,,,,,,,,,,
2026-07-01T23:00:35.674441+00:00,2026-07-01T23:00:35.674176,3,3,90.6,0.2,90.5,625,90.3,2,90.2,500,,,,,,,,,,,,,,,90.7,425,90.8,503,90.9,200,,,,,,,,,,,,,,
2026-07-01T23:00:35.690078+00:00,2026-07-01T23:00:35.689979,2,3,90.5,0.4,90.3,2,90.2,500,,,,,,,,,,,,,,,,,90.7,425,90.8,503,90.9,200,,,,,,,,,,,,,,
2026-07-01T23:00:35.700304+00:00,2026-07-01T23:00:35.700431,2,2,90.55,0.5,90.3,2,90.2,500,,,,,,,,,,,,,,,,,90.8,503,90.9,200,,,,,,,,,,,,,,,,
2026-07-01T23:00:35.706736+00:00,2026-07-01T23:00:35.706634,3,3,90.6,0.2,90.5,625,90.3,2,90.2,500,,,,,,,,,,,,,,,90.7,625,90.8,503,90.9,200,,,,,,,,,,,,,,
2026-07-01T23:00:36.264493+00:00,2026-07-01T23:00:36.264393,2,3,90.6,0.2,90.5,625,90.3,502,,,,,,,,,,,,,,,,,90.7,625,90.8,503,90.9,200,,,,,,,,,,,,,,
2026-07-01T23:00:36.314374+00:00,2026-07-01T23:00:36.314293,3,2,90.65,0.1,90.6,200,90.5,625,90.3,502,,,,,,,,,,,,,,,90.7,625,90.8,703,,,,,,,,,,,,,,,,
2026-07-01T23:00:36.843888+00:00,2026-07-01T23:00:36.849576,3,2,90.65,0.1,90.6,200,90.5,625,90.3,2,,,,,,,,,,,,,,,90.7,625,90.8,203,,,,,,,,,,,,,,,,
2026-07-01T23:00:36.875593+00:00,2026-07-01T23:00:36.875104,3,2,90.65,0.1,90.6,200,90.5,625,90.3,502,,,,,,,,,,,,,,,90.7,625,90.8,703,,,,,,,,,,,,,,,,
2026-07-01T23:00:37.025297+00:00,2026-07-01T23:00:37.023936,2,2,90.5,0.2,90.4,625,90.3,502,,,,,,,,,,,,,,,,,90.6,414,90.8,703,,,,,,,,,,,,,,,,
2026-07-01T23:00:37.058662+00:00,2026-07-01T23:00:37.035973,2,2,90.5,0.2,90.4,625,90.3,502,,,,,,,,,,,,,,,,,90.6,275,90.8,703,,,,,,,,,,,,,,,,
2026-07-01T23:00:37.135692+00:00,2026-07-01T23:00:37.135586,2,2,90.5,0.2,90.4,625,90.3,502,,,,,,,,,,,,,,,,,90.6,275,90.8,702,,,,,,,,,,,,,,,,
2026-07-01T23:00:37.495858+00:00,2026-07-01T23:00:37.496018,2,2,90.5,0.2,90.4,625,90.3,2,,,,,,,,,,,,,,,,,90.6,275,90.8,702,,,,,,,,,,,,,,,,
2026-07-01T23:00:37.501907+00:00,2026-07-01T23:00:37.501731,2,2,90.5,0.2,90.4,625,90.3,502,,,,,,,,,,,,,,,,,90.6,275,90.8,702,,,,,,,,,,,,,,,,
2026-07-01T23:00:37.507280+00:00,2026-07-01T23:00:37.507142,2,2,90.5,0.2,90.4,625,90.3,502,,,,,,,,,,,,,,,,,90.6,275,90.8,502,,,,,,,,,,,,,,,,
2026-07-01T23:00:37.512519+00:00,2026-07-01T23:00:37.512377,2,2,90.5,0.2,90.4,825,90.3,502,,,,,,,,,,,,,,,,,90.6,475,90.8,502,,,,,,,,,,,,,,,,
2026-07-01T23:00:38.104991+00:00,2026-07-01T23:00:38.104823,2,2,90.5,0.2,90.4,825,90.3,2,,,,,,,,,,,,,,,,,90.6,475,90.8,502,,,,,,,,,,,,,,,,
2026-07-01T23:00:38.110983+00:00,2026-07-01T23:00:38.110684,3,2,90.5,0.2,90.4,825,90.3,2,90.2,500,,,,,,,,,,,,,,,90.6,475,90.8,502,,,,,,,,,,,,,,,,
2026-07-01T23:00:38.346338+00:00,2026-07-01T23:00:38.346220,4,3,90.55,0.1,90.5,625,90.4,200,90.3,2,90.2,500,,,,,,,,,,,,,90.6,200,90.7,625,90.8,502,,,,,,,,,,,,,,
2026-07-01T23:00:38.758934+00:00,2026-07-01T23:00:38.758731,3,3,90.55,0.1,90.5,625,90.4,200,90.3,2,,,,,,,,,,,,,,,90.6,200,90.7,625,90.8,502,,,,,,,,,,,,,,
2026-07-01T23:00:38.764980+00:00,2026-07-01T23:00:38.764682,4,3,90.55,0.1,90.5,625,90.4,200,90.3,2,90.2,500,,,,,,,,,,,,,90.6,200,90.7,625,90.8,502,,,,,,,,,,,,,,
2026-07-01T23:00:39.304801+00:00,2026-07-01T23:00:39.304676,3,3,90.55,0.1,90.5,625,90.4,200,90.3,2,,,,,,,,,,,,,,,90.6,200,90.7,625,90.8,502,,,,,,,,,,,,,,
2026-07-01T23:00:39.310454+00:00,2026-07-01T23:00:39.310332,4,3,90.55,0.1,90.5,625,90.4,200,90.3,2,90.2,500,,,,,,,,,,,,,90.6,200,90.7,625,90.8,502,,,,,,,,,,,,,,
2026-07-01T23:00:39.516634+00:00,2026-07-01T23:00:39.516496,4,3,90.55,0.1,90.5,625,90.4,200,90.3,2,90.2,500,,,,,,,,,,,,,90.6,200,90.7,625,90.8,501,,,,,,,,,,,,,,
2026-07-01T23:00:39.628817+00:00,2026-07-01T23:00:39.628757,3,2,90.5,0.2,90.4,825,90.3,2,90.2,500,,,,,,,,,,,,,,,90.6,200,90.8,501,,,,,,,,,,,,,,,,
2026-07-01T23:00:39.634090+00:00,2026-07-01T23:00:39.633979,3,2,90.5,0.2,90.4,825,90.3,2,90.2,500,,,,,,,,,,,,,,,90.6,825,90.8,501,,,,,,,,,,,,,,,,
2026-07-01T23:00:39.883403+00:00,2026-07-01T23:00:39.883294,2,2,90.5,0.2,90.4,825,90.3,2,,,,,,,,,,,,,,,,,90.6,825,90.8,501,,,,,,,,,,,,,,,,
2026-07-01T23:00:39.899190+00:00,2026-07-01T23:00:39.899054,2,2,90.5,0.2,90.4,825,90.3,2,,,,,,,,,,,,,,,,,90.6,825,90.8,1,,,,,,,,,,,,,,,,
2026-07-01T23:00:39.905380+00:00,2026-07-01T23:00:39.905139,3,2,90.5,0.2,90.4,825,90.3,2,90.2,500,,,,,,,,,,,,,,,90.6,825,90.8,501,,,,,,,,,,,,,,,,
2026-07-01T23:00:39.929120+00:00,2026-07-01T23:00:39.928771,3,2,90.5,0.2,90.4,625,90.3,202,90.2,500,,,,,,,,,,,,,,,90.6,625,90.8,501,,,,,,,,,,,,,,,,
2026-07-01T23:00:39.958914+00:00,2026-07-01T23:00:39.958757,3,3,90.45,0.1,90.4,625,90.3,202,90.2,500,,,,,,,,,,,,,,,90.5,200,90.6,625,90.8,501,,,,,,,,,,,,,,
2026-07-01T23:00:40.494631+00:00,2026-07-01T23:00:40.494325,2,3,90.45,0.1,90.4,625,90.3,202,,,,,,,,,,,,,,,,,90.5,200,90.6,625,90.8,1,,,,,,,,,,,,,,
2026-07-01T23:00:40.500107+00:00,2026-07-01T23:00:40.499836,3,3,90.45,0.1,90.4,625,90.3,202,90.2,500,,,,,,,,,,,,,,,90.5,200,90.6,625,90.8,1,,,,,,,,,,,,,,
2026-07-01T23:00:40.520988+00:00,2026-07-01T23:00:40.520937,3,3,90.45,0.1,90.4,625,90.3,202,90.2,500,,,,,,,,,,,,,,,90.5,200,90.6,625,90.8,501,,,,,,,,,,,,,,
2026-07-01T23:00:40.931941+00:00,2026-07-01T23:00:40.931839,3,2,90.45,0.1,90.4,625,90.3,202,90.2,500,,,,,,,,,,,,,,,90.5,200,90.8,501,,,,,,,,,,,,,,,,
2026-07-01T23:00:40.958783+00:00,2026-07-01T23:00:40.942445,3,3,90.45,0.1,90.4,625,90.3,202,90.2,500,,,,,,,,,,,,,,,90.5,200,90.6,625,90.8,501,,,,,,,,,,,,,,
2026-07-01T23:00:41.095237+00:00,2026-07-01T23:00:41.094957,2,3,90.45,0.1,90.4,625,90.3,202,,,,,,,,,,,,,,,,,90.5,200,90.6,625,90.8,501,,,,,,,,,,,,,,
2026-07-01T23:00:41.129678+00:00,2026-07-01T23:00:41.129393,3,4,90.45,0.1,90.4,625,90.3,202,90.2,500,,,,,,,,,,,,,,,90.5,200,90.6,625,90.7,500,90.8,1,,,,,,,,,,,,
2026-07-01T23:00:41.158681+00:00,2026-07-01T23:00:41.141021,3,3,90.5,0.2,90.4,825,90.3,2,90.2,500,,,,,,,,,,,,,,,90.6,825,90.7,500,90.8,1,,,,,,,,,,,,,,
2026-07-01T23:00:41.706637+00:00,2026-07-01T23:00:41.706458,2,3,90.5,0.2,90.4,825,90.3,2,,,,,,,,,,,,,,,,,90.6,825,90.7,500,90.8,1,,,,,,,,,,,,,,
2026-07-01T23:00:41.717321+00:00,2026-07-01T23:00:41.717151,2,2,90.5,0.2,90.4,825,90.3,2,,,,,,,,,,,,,,,,,90.6,825,90.8,1,,,,,,,,,,,,,,,,
2026-07-01T23:00:41.728288+00:00,2026-07-01T23:00:41.728071,3,3,90.5,0.2,90.4,825,90.3,2,90.2,500,,,,,,,,,,,,,,,90.6,825,90.7,500,90.8,1,,,,,,,,,,,,,,
2026-07-01T23:00:42.264306+00:00,2026-07-01T23:00:42.264153,4,3,90.55,0.1,90.5,625,90.4,200,90.3,2,90.2,500,,,,,,,,,,,,,90.6,200,90.7,1125,90.8,1,,,,,,,,,,,,,,
2026-07-01T23:00:42.358651+00:00,2026-07-01T23:00:42.342137,4,3,90.55,0.1,90.5,625,90.4,200,90.3,2,90.1,500,,,,,,,,,,,,,90.6,700,90.7,625,90.8,1,,,,,,,,,,,,,,
2026-07-01T23:00:42.400925+00:00,2026-07-01T23:00:42.400627,3,3,90.55,0.1,90.5,425,90.3,202,90.1,500,,,,,,,,,,,,,,,90.6,500,90.7,625,90.8,1,,,,,,,,,,,,,,
2026-07-01T23:00:42.905639+00:00,2026-07-01T23:00:42.905507,2,3,90.55,0.1,90.5,425,90.3,202,,,,,,,,,,,,,,,,,90.6,500,90.7,625,90.8,1,,,,,,,,,,,,,,
2026-07-01T23:00:42.910960+00:00,2026-07-01T23:00:42.910814,2,2,90.6,0.2,90.5,425,90.3,202,,,,,,,,,,,,,,,,,90.7,625,90.8,1,,,,,,,,,,,,,,,,
2026-07-01T23:00:42.916323+00:00,2026-07-01T23:00:42.916093,3,2,90.6,0.2,90.5,425,90.3,202,90.1,500,,,,,,,,,,,,,,,90.7,625,90.8,1,,,,,,,,,,,,,,,,
2026-07-01T23:00:42.926710+00:00,2026-07-01T23:00:42.926533,3,3,90.55,0.1,90.5,425,90.3,202,90.1,500,,,,,,,,,,,,,,,90.6,500,90.7,625,90.8,1,,,,,,,,,,,,,,
2026-07-01T23:00:43.536523+00:00,2026-07-01T23:00:43.536378,2,3,90.55,0.1,90.5,425,90.3,202,,,,,,,,,,,,,,,,,90.6,500,90.7,625,90.8,1,,,,,,,,,,,,,,
2026-07-01T23:00:43.560042+00:00,2026-07-01T23:00:43.559945,3,2,90.55,0.3,90.4,200,90.3,2,90.1,500,,,,,,,,,,,,,,,90.7,500,90.8,1,,,,,,,,,,,,,,,,
2026-07-01T23:00:43.583168+00:00,2026-07-01T23:00:43.582482,3,3,90.5,0.2,90.4,825,90.3,2,90.1,500,,,,,,,,,,,,,,,90.6,825,90.7,500,90.8,1,,,,,,,,,,,,,,
2026-07-01T23:00:44.135498+00:00,2026-07-01T23:00:44.135318,3,2,90.5,0.2,90.4,825,90.3,2,90.1,500,,,,,,,,,,,,,,,90.6,825,90.7,500,,,,,,,,,,,,,,,,
2026-07-01T23:00:44.140775+00:00,2026-07-01T23:00:44.140689,2,2,90.5,0.2,90.4,825,90.3,2,,,,,,,,,,,,,,,,,90.6,825,90.7,500,,,,,,,,,,,,,,,,
2026-07-01T23:00:44.158871+00:00,2026-07-01T23:00:44.151041,3,1,90.5,0.2,90.4,825,90.3,2,90.2,500,,,,,,,,,,,,,,,90.6,825,,,,,,,,,,,,,,,,,,
2026-07-01T23:00:44.259037+00:00,2026-07-01T23:00:44.238006,3,2,90.5,0.2,90.4,825,90.3,2,90.2,500,,,,,,,,,,,,,,,90.6,825,90.7,500,,,,,,,,,,,,,,,,
2026-07-01T23:00:44.724672+00:00,2026-07-01T23:00:44.724487,3,2,90.5,0.2,90.4,825,90.3,2,90.2,500,,,,,,,,,,,,,,,90.6,825,90.7,501,,,,,,,,,,,,,,,,
2026-07-01T23:00:44.758834+00:00,2026-07-01T23:00:44.758670,2,2,90.5,0.2,90.4,825,90.3,2,,,,,,,,,,,,,,,,,90.6,825,90.7,501,,,,,,,,,,,,,,,,
2026-07-01T23:00:44.769121+00:00,2026-07-01T23:00:44.769579,3,2,90.5,0.2,90.4,825,90.3,2,90.1,500,,,,,,,,,,,,,,,90.6,825,90.7,501,,,,,,,,,,,,,,,,
2026-07-01T23:00:44.775278+00:00,2026-07-01T23:00:44.775053,3,2,90.5,0.2,90.4,625,90.3,2,90.1,500,,,,,,,,,,,,,,,90.6,625,90.7,500,,,,,,,,,,,,,,,,
2026-07-01T23:00:44.780561+00:00,2026-07-01T23:00:44.780486,3,3,90.45,0.1,90.4,625,90.3,202,90.1,500,,,,,,,,,,,,,,,90.5,200,90.6,625,90.7,500,,,,,,,,,,,,,,
2026-07-01T23:00:44.879963+00:00,2026-07-01T23:00:44.879846,2,3,90.4,0.2,90.3,202,90.1,500,,,,,,,,,,,,,,,,,90.5,200,90.6,625,90.7,500,,,,,,,,,,,,,,
2026-07-01T23:00:44.885280+00:00,2026-07-01T23:00:44.885220,2,2,90.4,0.2,90.3,827,90.1,500,,,,,,,,,,,,,,,,,90.5,200,90.7,500,,,,,,,,,,,,,,,,
2026-07-01T23:00:44.890494+00:00,2026-07-01T23:00:44.890430,2,2,90.4,0.2,90.3,827,90.1,500,,,,,,,,,,,,,,,,,90.5,825,90.7,500,,,,,,,,,,,,,,,,
2026-07-01T23:00:45.343608+00:00,2026-07-01T23:00:45.343545,1,2,90.4,0.2,90.3,827,,,,,,,,,,,,,,,,,,,90.5,825,90.7,500,,,,,,,,,,,,,,,,
2026-07-01T23:00:45.396296+00:00,2026-07-01T23:00:45.395914,2,2,90.4,0.2,90.3,827,90.1,500,,,,,,,,,,,,,,,,,90.5,825,90.7,500,,,,,,,,,,,,,,,,
2026-07-01T23:00:45.969625+00:00,2026-07-01T23:00:45.969501,1,1,90.4,0.2,90.3,827,,,,,,,,,,,,,,,,,,,90.5,825,,,,,,,,,,,,,,,,,,
2026-07-01T23:00:45.980538+00:00,2026-07-01T23:00:45.980501,2,2,90.4,0.2,90.3,827,90.1,500,,,,,,,,,,,,,,,,,90.5,825,90.6,500,,,,,,,,,,,,,,,,
2026-07-01T23:00:45.986058+00:00,2026-07-01T23:00:45.985858,2,2,90.4,0.2,90.3,627,90.1,500,,,,,,,,,,,,,,,,,90.5,625,90.6,500,,,,,,,,,,,,,,,,
2026-07-01T23:00:45.991374+00:00,2026-07-01T23:00:45.991214,3,3,90.35,0.1,90.3,627,90.2,200,90.1,500,,,,,,,,,,,,,,,90.4,200,90.5,625,90.6,500,,,,,,,,,,,,,,
2026-07-01T23:00:46.194741+00:00,2026-07-01T23:00:46.194564,3,3,90.35,0.1,90.3,2,90.2,200,90.1,500,,,,,,,,,,,,,,,90.4,200,90.5,625,90.6,500,,,,,,,,,,,,,,
2026-07-01T23:00:46.200117+00:00,2026-07-01T23:00:46.199970,2,3,90.25,0.1,90.2,200,90.1,1125,,,,,,,,,,,,,,,,,90.3,623,90.4,200,90.6,500,,,,,,,,,,,,,,
2026-07-01T23:00:46.315190+00:00,2026-07-01T23:00:46.314975,2,3,90.25,0.1,90.2,207,90.1,1125,,,,,,,,,,,,,,,,,90.3,623,90.4,200,90.6,500,,,,,,,,,,,,,,
2026-07-01T23:00:46.558589+00:00,2026-07-01T23:00:46.555560,2,2,90.25,0.1,90.2,207,90.1,625,,,,,,,,,,,,,,,,,90.3,623,90.4,200,,,,,,,,,,,,,,,,
2026-07-01T23:00:46.595004+00:00,2026-07-01T23:00:46.595193,2,2,90.25,0.1,90.2,207,90.1,1125,,,,,,,,,,,,,,,,,90.3,623,90.4,200,,,,,,,,,,,,,,,,
2026-07-01T23:00:46.600815+00:00,2026-07-01T23:00:46.600573,2,3,90.25,0.1,90.2,207,90.1,1125,,,,,,,,,,,,,,,,,90.3,623,90.4,200,90.7,500,,,,,,,,,,,,,,
2026-07-01T23:00:46.728809+00:00,2026-07-01T23:00:46.729012,2,3,90.25,0.1,90.2,204,90.1,1125,,,,,,,,,,,,,,,,,90.3,623,90.4,200,90.7,500,,,,,,,,,,,,,,
2026-07-01T23:00:47.258702+00:00,2026-07-01T23:00:47.239720,2,3,90.25,0.1,90.2,4,90.1,1125,,,,,,,,,,,,,,,,,90.3,423,90.5,200,90.7,500,,,,,,,,,,,,,,
2026-07-01T23:00:47.520759+00:00,2026-07-01T23:00:47.520588,2,2,90.4,0.2,90.3,625,90.1,500,,,,,,,,,,,,,,,,,90.5,825,90.7,500,,,,,,,,,,,,,,,,
2026-07-01T23:00:47.781396+00:00,2026-07-01T23:00:47.780529,2,2,90.4,0.2,90.3,625,90.1,500,,,,,,,,,,,,,,,,,90.5,825,90.7,500,,,,,,,,,,,,,,,,
2026-07-01T23:00:47.802234+00:00,2026-07-01T23:00:47.802173,2,2,90.4,0.2,90.3,625,90.1,500,,,,,,,,,,,,,,,,,90.5,825,90.7,507,,,,,,,,,,,,,,,,
2026-07-01T23:00:48.369238+00:00,2026-07-01T23:00:48.368952,1,2,90.4,0.2,90.3,625,,,,,,,,,,,,,,,,,,,90.5,825,90.7,7,,,,,,,,,,,,,,,,
2026-07-01T23:00:48.375729+00:00,2026-07-01T23:00:48.374924,2,2,90.4,0.2,90.3,625,90.1,500,,,,,,,,,,,,,,,,,90.5,825,90.7,507,,,,,,,,,,,,,,,,
2026-07-01T23:00:48.423324+00:00,2026-07-01T23:00:48.423250,3,3,90.35,0.1,90.3,625,90.2,200,90.1,500,,,,,,,,,,,,,,,90.4,200,90.5,625,90.7,507,,,,,,,,,,,,,,
2026-07-01T23:00:48.829918+00:00,2026-07-01T23:00:48.828498,3,2,90.5,0.2,90.4,414,90.2,200,90.1,500,,,,,,,,,,,,,,,90.6,625,90.7,507,,,,,,,,,,,,,,,,
2026-07-01T23:00:48.965209+00:00,2026-07-01T23:00:48.965367,2,2,90.5,0.2,90.4,414,90.2,200,,,,,,,,,,,,,,,,,90.6,625,90.7,507,,,,,,,,,,,,,,,,
2026-07-01T23:00:48.970826+00:00,2026-07-01T23:00:48.970747,2,2,90.5,0.2,90.4,414,90.2,200,,,,,,,,,,,,,,,,,90.6,625,90.7,7,,,,,,,,,,,,,,,,
2026-07-01T23:00:48.987032+00:00,2026-07-01T23:00:48.986875,3,2,90.5,0.2,90.4,414,90.2,200,90.1,500,,,,,,,,,,,,,,,90.6,625,90.7,507,,,,,,,,,,,,,,,,
2026-07-01T23:00:49.359233+00:00,2026-07-01T23:00:49.358871,3,2,90.5,0.2,90.4,417,90.2,200,90.1,500,,,,,,,,,,,,,,,90.6,625,90.7,507,,,,,,,,,,,,,,,,
2026-07-01T23:00:49.607506+00:00,2026-07-01T23:00:49.607445,2,2,90.5,0.2,90.4,417,90.2,200,,,,,,,,,,,,,,,,,90.6,625,90.7,507,,,,,,,,,,,,,,,,
2026-07-01T23:00:49.613199+00:00,2026-07-01T23:00:49.612956,3,2,90.5,0.2,90.4,417,90.2,200,90.1,500,,,,,,,,,,,,,,,90.6,625,90.7,7,,,,,,,,,,,,,,,,
2026-07-01T23:00:49.618556+00:00,2026-07-01T23:00:49.618384,3,2,90.5,0.2,90.4,417,90.2,200,90.1,500,,,,,,,,,,,,,,,90.6,1125,90.7,7,,,,,,,,,,,,,,,,
2026-07-01T23:00:49.630822+00:00,2026-07-01T23:00:49.630717,3,2,90.5,0.2,90.4,417,90.3,200,90.1,500,,,,,,,,,,,,,,,90.6,1125,90.7,7,,,,,,,,,,,,,,,,
2026-07-01T23:00:49.658743+00:00,2026-07-01T23:00:49.636397,3,3,90.45,0.1,90.4,417,90.3,200,90.1,500,,,,,,,,,,,,,,,90.5,200,90.6,1125,90.7,7,,,,,,,,,,,,,,
2026-07-01T23:00:49.933720+00:00,2026-07-01T23:00:49.933631,3,3,90.45,0.1,90.4,417,90.3,200,90.1,500,,,,,,,,,,,,,,,90.5,200,90.6,1125,90.7,6,,,,,,,,,,,,,,
2026-07-01T23:00:50.133816+00:00,2026-07-01T23:00:50.133775,3,3,90.45,0.1,90.4,3,90.3,825,90.1,500,,,,,,,,,,,,,,,90.5,200,90.6,500,90.7,6,,,,,,,,,,,,,,
2026-07-01T23:00:50.139239+00:00,2026-07-01T23:00:50.139152,3,3,90.45,0.1,90.4,3,90.3,825,90.1,500,,,,,,,,,,,,,,,90.5,825,90.6,500,90.7,6,,,,,,,,,,,,,,
2026-07-01T23:00:50.191378+00:00,2026-07-01T23:00:50.191343,2,3,90.45,0.1,90.4,3,90.3,825,,,,,,,,,,,,,,,,,90.5,825,90.6,500,90.7,6,,,,,,,,,,,,,,
2026-07-01T23:00:50.196425+00:00,2026-07-01T23:00:50.196993,2,2,90.45,0.1,90.4,3,90.3,825,,,,,,,,,,,,,,,,,90.5,825,90.7,6,,,,,,,,,,,,,,,,
2026-07-01T23:00:50.207563+00:00,2026-07-01T23:00:50.207761,3,2,90.45,0.1,90.4,3,90.3,825,90.1,500,,,,,,,,,,,,,,,90.5,825,90.7,6,,,,,,,,,,,,,,,,
2026-07-01T23:00:50.218450+00:00,2026-07-01T23:00:50.218246,3,2,90.45,0.1,90.4,3,90.3,825,90.1,500,,,,,,,,,,,,,,,90.5,825,90.7,506,,,,,,,,,,,,,,,,
2026-07-01T23:00:50.624734+00:00,2026-07-01T23:00:50.624578,3,2,90.45,0.1,90.4,3,90.3,825,90.1,500,,,,,,,,,,,,,,,90.5,825,90.7,505,,,,,,,,,,,,,,,,
2026-07-01T23:00:50.820302+00:00,2026-07-01T23:00:50.820010,3,2,90.45,0.1,90.4,3,90.3,825,90.1,500,,,,,,,,,,,,,,,90.5,825,90.7,505,,,,,,,,,,,,,,,,
2026-07-01T23:00:50.858970+00:00,2026-07-01T23:00:50.858838,3,2,90.45,0.1,90.4,3,90.3,625,90.1,500,,,,,,,,,,,,,,,90.5,825,90.7,505,,,,,,,,,,,,,,,,
2026-07-01T23:00:50.864396+00:00,2026-07-01T23:00:50.864129,3,2,90.45,0.1,90.4,3,90.3,825,90.1,500,,,,,,,,,,,,,,,90.5,825,90.7,505,,,,,,,,,,,,,,,,
2026-07-01T23:00:51.025316+00:00,2026-07-01T23:00:51.024950,3,2,90.45,0.1,90.4,3,90.3,825,90.1,500,,,,,,,,,,,,,,,90.5,825,90.7,503,,,,,,,,,,,,,,,,
2026-07-01T23:00:51.390270+00:00,2026-07-01T23:00:51.390185,2,2,90.45,0.1,90.4,3,90.3,825,,,,,,,,,,,,,,,,,90.5,825,90.7,503,,,,,,,,,,,,,,,,
2026-07-01T23:00:51.434673+00:00,2026-07-01T23:00:51.434405,2,2,90.45,0.1,90.4,3,90.3,825,,,,,,,,,,,,,,,,,90.5,825,90.7,3,,,,,,,,,,,,,,,,
2026-07-01T23:00:51.459256+00:00,2026-07-01T23:00:51.459149,3,2,90.45,0.1,90.4,3,90.3,825,90.1,500,,,,,,,,,,,,,,,90.5,200,90.7,503,,,,,,,,,,,,,,,,
2026-07-01T23:00:51.464797+00:00,2026-07-01T23:00:51.464489,2,3,90.35,0.1,90.3,825,90.1,500,,,,,,,,,,,,,,,,,90.4,622,90.5,200,90.7,503,,,,,,,,,,,,,,
2026-07-01T23:00:51.637778+00:00,2026-07-01T23:00:51.637720,2,3,90.35,0.1,90.3,834,90.1,500,,,,,,,,,,,,,,,,,90.4,622,90.5,200,90.7,503,,,,,,,,,,,,,,
2026-07-01T23:00:52.012363+00:00,2026-07-01T23:00:52.012107,1,3,90.35,0.1,90.3,834,,,,,,,,,,,,,,,,,,,90.4,622,90.5,200,90.7,503,,,,,,,,,,,,,,
2026-07-01T23:00:52.017753+00:00,2026-07-01T23:00:52.017624,2,3,90.35,0.1,90.3,834,90.2,500,,,,,,,,,,,,,,,,,90.4,622,90.5,200,90.7,3,,,,,,,,,,,,,,
2026-07-01T23:00:52.023084+00:00,2026-07-01T23:00:52.022986,2,3,90.35,0.1,90.3,834,90.2,500,,,,,,,,,,,,,,,,,90.4,622,90.5,200,90.7,503,,,,,,,,,,,,,,
2026-07-01T23:00:52.033792+00:00,2026-07-01T23:00:52.033665,2,3,90.35,0.1,90.3,834,90.2,500,,,,,,,,,,,,,,,,,90.4,622,90.5,200,90.7,502,,,,,,,,,,,,,,
2026-07-01T23:00:52.059969+00:00,2026-07-01T23:00:52.059730,3,2,90.35,0.1,90.3,434,90.2,500,90.1,200,,,,,,,,,,,,,,,90.4,622,90.7,502,,,,,,,,,,,,,,,,
2026-07-01T23:00:52.605494+00:00,2026-07-01T23:00:52.605360,2,2,90.35,0.1,90.3,434,90.1,200,,,,,,,,,,,,,,,,,90.4,622,90.7,502,,,,,,,,,,,,,,,,
2026-07-01T23:00:52.610819+00:00,2026-07-01T23:00:52.610739,2,2,90.35,0.1,90.3,434,90.1,200,,,,,,,,,,,,,,,,,90.4,622,90.7,2,,,,,,,,,,,,,,,,
2026-07-01T23:00:52.616199+00:00,2026-07-01T23:00:52.616079,2,2,90.35,0.1,90.3,434,90.1,700,,,,,,,,,,,,,,,,,90.4,622,90.7,2,,,,,,,,,,,,,,,,
2026-07-01T23:00:52.626458+00:00,2026-07-01T23:00:52.626645,2,2,90.35,0.1,90.3,434,90.1,700,,,,,,,,,,,,,,,,,90.4,622,90.7,502,,,,,,,,,,,,,,,,
2026-07-01T23:00:52.659395+00:00,2026-07-01T23:00:52.658866,2,2,90.35,0.1,90.3,414,90.1,700,,,,,,,,,,,,,,,,,90.4,622,90.7,502,,,,,,,,,,,,,,,,
2026-07-01T23:00:52.758648+00:00,2026-07-01T23:00:52.752117,2,1,90.5,0.4,90.3,9,90.1,1325,,,,,,,,,,,,,,,,,90.7,502,,,,,,,,,,,,,,,,,,
2026-07-01T23:00:52.764090+00:00,2026-07-01T23:00:52.763820,1,2,90.2,0.2,90.1,1325,,,,,,,,,,,,,,,,,,,90.3,616,90.7,502,,,,,,,,,,,,,,,,
2026-07-01T23:00:53.213936+00:00,2026-07-01T23:00:53.213672,1,2,90.2,0.2,90.1,1325,,,,,,,,,,,,,,,,,,,90.3,616,90.7,2,,,,,,,,,,,,,,,,
2026-07-01T23:00:53.275619+00:00,2026-07-01T23:00:53.275313,1,2,90.2,0.2,90.1,1125,,,,,,,,,,,,,,,,,,,90.3,416,90.7,702,,,,,,,,,,,,,,,,
2026-07-01T23:00:53.511189+00:00,2026-07-01T23:00:53.510914,2,2,90.25,0.1,90.2,10,90.1,1125,,,,,,,,,,,,,,,,,90.3,416,90.7,702,,,,,,,,,,,,,,,,
2026-07-01T23:00:53.758611+00:00,2026-07-01T23:00:53.744163,2,2,90.25,0.1,90.2,9,90.1,1125,,,,,,,,,,,,,,,,,90.3,416,90.7,702,,,,,,,,,,,,,,,,
2026-07-01T23:00:53.823218+00:00,2026-07-01T23:00:53.820566,2,3,90.25,0.1,90.2,9,90.1,1125,,,,,,,,,,,,,,,,,90.3,416,90.6,500,90.7,202,,,,,,,,,,,,,,
2026-07-01T23:00:54.104074+00:00,2026-07-01T23:00:54.090585,2,3,90.25,0.1,90.2,634,90.1,500,,,,,,,,,,,,,,,,,90.3,625,90.6,500,90.7,202,,,,,,,,,,,,,,
2026-07-01T23:00:54.329249+00:00,2026-07-01T23:00:54.329226,2,3,90.25,0.1,90.2,633,90.1,500,,,,,,,,,,,,,,,,,90.3,625,90.6,500,90.7,202,,,,,,,,,,,,,,
2026-07-01T23:00:54.408735+00:00,2026-07-01T23:00:54.408654,1,3,90.25,0.1,90.2,633,,,,,,,,,,,,,,,,,,,90.3,625,90.6,500,90.7,202,,,,,,,,,,,,,,
2026-07-01T23:00:54.413750+00:00,2026-07-01T23:00:54.414342,1,2,90.25,0.1,90.2,633,,,,,,,,,,,,,,,,,,,90.3,625,90.7,202,,,,,,,,,,,,,,,,
2026-07-01T23:00:54.430671+00:00,2026-07-01T23:00:54.430101,2,2,90.25,0.1,90.2,633,90.1,500,,,,,,,,,,,,,,,,,90.3,625,90.7,202,,,,,,,,,,,,,,,,
2026-07-01T23:00:54.441583+00:00,2026-07-01T23:00:54.441434,2,3,90.25,0.1,90.2,633,90.1,500,,,,,,,,,,,,,,,,,90.3,625,90.6,500,90.7,202,,,,,,,,,,,,,,
2026-07-01T23:00:54.464038+00:00,2026-07-01T23:00:54.463985,2,3,90.25,0.1,90.2,633,90.1,500,,,,,,,,,,,,,,,,,90.3,625,90.6,500,90.7,2,,,,,,,,,,,,,,
2026-07-01T23:00:54.469310+00:00,2026-07-01T23:00:54.469211,2,3,90.25,0.1,90.2,633,90.1,500,,,,,,,,,,,,,,,,,90.3,425,90.6,500,90.7,2,,,,,,,,,,,,,,
2026-07-01T23:00:54.474600+00:00,2026-07-01T23:00:54.474441,2,4,90.25,0.1,90.2,633,90.1,500,,,,,,,,,,,,,,,,,90.3,425,90.5,200,90.6,500,90.7,2,,,,,,,,,,,,
2026-07-01T23:00:54.558861+00:00,2026-07-01T23:00:54.540197,2,4,90.25,0.1,90.2,631,90.1,500,,,,,,,,,,,,,,,,,90.3,425,90.5,200,90.6,500,90.7,2,,,,,,,,,,,,
2026-07-01T23:00:54.624904+00:00,2026-07-01T23:00:54.624767,2,4,90.25,0.1,90.2,630,90.1,500,,,,,,,,,,,,,,,,,90.3,425,90.5,200,90.6,500,90.7,2,,,,,,,,,,,,
2026-07-01T23:00:55.008936+00:00,2026-07-01T23:00:55.008693,1,4,90.25,0.1,90.2,630,,,,,,,,,,,,,,,,,,,90.3,425,90.5,200,90.6,500,90.7,2,,,,,,,,,,,,
2026-07-01T23:00:55.058889+00:00,2026-07-01T23:00:55.040583,2,4,90.25,0.1,90.2,630,90.1,500,,,,,,,,,,,,,,,,,90.3,425,90.5,200,90.6,500,90.7,2,,,,,,,,,,,,
2026-07-01T23:00:55.387540+00:00,2026-07-01T23:00:55.387490,2,4,90.25,0.1,90.2,629,90.1,500,,,,,,,,,,,,,,,,,90.3,425,90.5,200,90.6,500,90.7,2,,,,,,,,,,,,
2026-07-01T23:00:55.403479+00:00,2026-07-01T23:00:55.401867,3,3,90.4,0.2,90.3,622,90.2,4,90.1,500,,,,,,,,,,,,,,,90.5,825,90.6,500,90.7,2,,,,,,,,,,,,,,
2026-07-01T23:00:55.645466+00:00,2026-07-01T23:00:55.645114,2,3,90.4,0.2,90.3,622,90.2,4,,,,,,,,,,,,,,,,,90.5,825,90.6,500,90.7,2,,,,,,,,,,,,,,
2026-07-01T23:00:55.650513+00:00,2026-07-01T23:00:55.650721,2,2,90.4,0.2,90.3,622,90.2,4,,,,,,,,,,,,,,,,,90.5,825,90.7,2,,,,,,,,,,,,,,,,
2026-07-01T23:00:55.664157+00:00,2026-07-01T23:00:55.663858,3,2,90.4,0.2,90.3,622,90.2,4,90.1,500,,,,,,,,,,,,,,,90.5,825,90.7,2,,,,,,,,,,,,,,,,
2026-07-01T23:00:55.674995+00:00,2026-07-01T23:00:55.674672,3,2,90.4,0.2,90.3,622,90.2,4,90.1,500,,,,,,,,,,,,,,,90.5,825,90.7,502,,,,,,,,,,,,,,,,
2026-07-01T23:00:55.680238+00:00,2026-07-01T23:00:55.680162,3,2,90.4,0.2,90.3,822,90.2,4,90.1,500,,,,,,,,,,,,,,,90.5,625,90.7,502,,,,,,,,,,,,,,,,
2026-07-01T23:00:55.685543+00:00,2026-07-01T23:00:55.685400,3,2,90.4,0.2,90.3,822,90.2,4,90.1,500,,,,,,,,,,,,,,,90.5,825,90.7,502,,,,,,,,,,,,,,,,
2026-07-01T23:00:56.258952+00:00,2026-07-01T23:00:56.258809,2,2,90.4,0.2,90.3,822,90.2,4,,,,,,,,,,,,,,,,,90.5,825,90.7,502,,,,,,,,,,,,,,,,
2026-07-01T23:00:56.264591+00:00,2026-07-01T23:00:56.264425,2,2,90.4,0.2,90.3,822,90.2,504,,,,,,,,,,,,,,,,,90.5,825,90.7,502,,,,,,,,,,,,,,,,
2026-07-01T23:00:56.503650+00:00,2026-07-01T23:00:56.503394,2,2,90.4,0.2,90.3,822,90.2,503,,,,,,,,,,,,,,,,,90.5,825,90.7,502,,,,,,,,,,,,,,,,
2026-07-01T23:00:56.692631+00:00,2026-07-01T23:00:56.692441,3,1,90.6,0.2,90.5,425,90.3,200,90.2,503,,,,,,,,,,,,,,,90.7,1127,,,,,,,,,,,,,,,,,,
2026-07-01T23:00:56.703164+00:00,2026-07-01T23:00:56.703105,3,1,90.6,0.2,90.5,379,90.3,200,90.2,503,,,,,,,,,,,,,,,90.7,1127,,,,,,,,,,,,,,,,,,
2026-07-01T23:00:56.806485+00:00,2026-07-01T23:00:56.806260,3,1,90.6,0.2,90.5,379,90.3,200,90.2,502,,,,,,,,,,,,,,,90.7,1127,,,,,,,,,,,,,,,,,,
2026-07-01T23:00:56.843315+00:00,2026-07-01T23:00:56.842929,3,1,90.6,0.2,90.5,379,90.3,200,90.2,2,,,,,,,,,,,,,,,90.7,1127,,,,,,,,,,,,,,,,,,
2026-07-01T23:00:56.864201+00:00,2026-07-01T23:00:56.864017,3,1,90.6,0.2,90.5,379,90.3,200,90.2,502,,,,,,,,,,,,,,,90.7,627,,,,,,,,,,,,,,,,,,
2026-07-01T23:00:56.869520+00:00,2026-07-01T23:00:56.869373,3,1,90.6,0.2,90.5,379,90.3,200,90.2,502,,,,,,,,,,,,,,,90.7,1127,,,,,,,,,,,,,,,,,,
2026-07-01T23:00:56.922017+00:00,2026-07-01T23:00:56.921644,3,2,90.65,0.1,90.6,200,90.5,379,90.2,502,,,,,,,,,,,,,,,90.7,1127,90.8,200,,,,,,,,,,,,,,,,
2026-07-01T23:00:57.302937+00:00,2026-07-01T23:00:57.302798,3,2,90.65,0.1,90.6,180,90.5,379,90.2,502,,,,,,,,,,,,,,,90.7,1127,90.8,200,,,,,,,,,,,,,,,,
2026-07-01T23:00:57.449279+00:00,2026-07-01T23:00:57.449072,3,2,90.65,0.1,90.6,180,90.5,379,90.2,2,,,,,,,,,,,,,,,90.7,1127,90.8,200,,,,,,,,,,,,,,,,
2026-07-01T23:00:57.458753+00:00,2026-07-01T23:00:57.456692,4,2,90.65,0.1,90.6,180,90.5,379,90.2,2,90.1,500,,,,,,,,,,,,,90.7,627,90.8,200,,,,,,,,,,,,,,,,
2026-07-01T23:00:57.500840+00:00,2026-07-01T23:00:57.500549,4,2,90.65,0.1,90.6,180,90.5,379,90.2,2,90.1,500,,,,,,,,,,,,,90.7,1127,90.8,200,,,,,,,,,,,,,,,,
2026-07-01T23:00:57.997779+00:00,2026-07-01T23:00:57.997724,3,2,90.65,0.1,90.6,180,90.2,2,90.1,500,,,,,,,,,,,,,,,90.7,502,90.8,200,,,,,,,,,,,,,,,,
2026-07-01T23:00:58.018938+00:00,2026-07-01T23:00:58.018588,4,2,90.65,0.1,90.6,180,90.5,625,90.2,2,90.1,500,,,,,,,,,,,,,90.7,1127,90.8,200,,,,,,,,,,,,,,,,
2026-07-01T23:00:58.058531+00:00,2026-07-01T23:00:58.058720,3,2,90.65,0.1,90.6,180,90.5,625,90.2,2,,,,,,,,,,,,,,,90.7,1127,90.8,200,,,,,,,,,,,,,,,,
2026-07-01T23:00:58.064733+00:00,2026-07-01T23:00:58.064481,3,2,90.65,0.1,90.6,180,90.5,625,90.2,2,,,,,,,,,,,,,,,90.7,627,90.8,200,,,,,,,,,,,,,,,,
2026-07-01T23:00:58.069646+00:00,2026-07-01T23:00:58.069819,4,2,90.65,0.1,90.6,180,90.5,625,90.2,2,90.1,500,,,,,,,,,,,,,90.7,627,90.8,200,,,,,,,,,,,,,,,,
2026-07-01T23:00:58.080245+00:00,2026-07-01T23:00:58.080406,3,3,90.55,0.1,90.5,625,90.2,2,90.1,500,,,,,,,,,,,,,,,90.6,320,90.7,627,90.8,200,,,,,,,,,,,,,,
2026-07-01T23:00:58.101721+00:00,2026-07-01T23:00:58.101555,3,2,90.55,0.1,90.5,625,90.2,2,90.1,500,,,,,,,,,,,,,,,90.6,320,90.7,627,,,,,,,,,,,,,,,,
2026-07-01T23:00:58.133762+00:00,2026-07-01T23:00:58.133656,3,2,90.55,0.1,90.5,825,90.2,2,90.1,500,,,,,,,,,,,,,,,90.6,320,90.7,627,,,,,,,,,,,,,,,,
2026-07-01T23:00:58.138501+00:00,2026-07-01T23:00:58.158748,3,2,90.55,0.1,90.5,825,90.2,2,90.1,500,,,,,,,,,,,,,,,90.6,320,90.7,827,,,,,,,,,,,,,,,,
2026-07-01T23:00:58.658541+00:00,2026-07-01T23:00:58.655810,2,1,90.6,0.2,90.5,825,90.2,2,,,,,,,,,,,,,,,,,90.7,827,,,,,,,,,,,,,,,,,,
2026-07-01T23:00:58.674396+00:00,2026-07-01T23:00:58.674328,3,1,90.6,0.2,90.5,825,90.2,2,90.1,500,,,,,,,,,,,,,,,90.7,827,,,,,,,,,,,,,,,,,,
2026-07-01T23:00:58.695617+00:00,2026-07-01T23:00:58.695320,3,1,90.6,0.2,90.5,825,90.2,2,90.1,500,,,,,,,,,,,,,,,90.7,1327,,,,,,,,,,,,,,,,,,
2026-07-01T23:00:59.264234+00:00,2026-07-01T23:00:59.264058,2,1,90.6,0.2,90.5,825,90.2,2,,,,,,,,,,,,,,,,,90.7,827,,,,,,,,,,,,,,,,,,
2026-07-01T23:00:59.274792+00:00,2026-07-01T23:00:59.274626,3,1,90.6,0.2,90.5,825,90.2,2,90.1,500,,,,,,,,,,,,,,,90.7,827,,,,,,,,,,,,,,,,,,
2026-07-01T23:00:59.280150+00:00,2026-07-01T23:00:59.279968,3,1,90.6,0.2,90.5,825,90.2,2,90.1,500,,,,,,,,,,,,,,,90.7,1327,,,,,,,,,,,,,,,,,,
2026-07-01T23:00:59.301282+00:00,2026-07-01T23:00:59.301163,4,1,90.65,0.1,90.6,625,90.5,200,90.2,2,90.1,500,,,,,,,,,,,,,90.7,702,,,,,,,,,,,,,,,,,,
2026-07-01T23:00:59.306509+00:00,2026-07-01T23:00:59.306407,4,2,90.65,0.1,90.6,625,90.5,200,90.2,2,90.1,500,,,,,,,,,,,,,90.7,702,90.8,625,,,,,,,,,,,,,,,,
2026-07-01T23:00:59.311836+00:00,2026-07-01T23:00:59.311668,3,2,90.65,0.1,90.6,625,90.2,2,90.1,500,,,,,,,,,,,,,,,90.7,502,90.8,625,,,,,,,,,,,,,,,,
2026-07-01T23:00:59.317072+00:00,2026-07-01T23:00:59.316980,3,2,90.65,0.1,90.6,625,90.2,2,90.1,500,,,,,,,,,,,,,,,90.7,302,90.8,625,,,,,,,,,,,,,,,,
2026-07-01T23:00:59.322379+00:00,2026-07-01T23:00:59.322237,3,3,90.65,0.1,90.6,625,90.2,2,90.1,500,,,,,,,,,,,,,,,90.7,302,90.8,625,90.9,200,,,,,,,,,,,,,,
2026-07-01T23:00:59.391802+00:00,2026-07-01T23:00:59.391471,3,3,90.65,0.1,90.6,625,90.2,2,90.1,500,,,,,,,,,,,,,,,90.7,310,90.8,625,90.9,200,,,,,,,,,,,,,,
2026-07-01T23:00:59.858645+00:00,2026-07-01T23:00:59.857792,2,3,90.65,0.1,90.6,625,90.2,2,,,,,,,,,,,,,,,,,90.7,310,90.8,625,90.9,200,,,,,,,,,,,,,,
2026-07-01T23:00:59.869224+00:00,2026-07-01T23:00:59.868971,2,3,90.65,0.1,90.6,625,90.2,2,,,,,,,,,,,,,,,,,90.7,8,90.8,625,90.9,200,,,,,,,,,,,,,,
2026-07-01T23:00:59.874368+00:00,2026-07-01T23:00:59.874260,3,3,90.65,0.1,90.6,625,90.2,2,90.1,500,,,,,,,,,,,,,,,90.7,8,90.8,625,90.9,200,,,,,,,,,,,,,,
2026-07-01T23:00:59.884887+00:00,2026-07-01T23:00:59.884797,3,3,90.65,0.1,90.6,125,90.2,2,90.1,500,,,,,,,,,,,,,,,90.7,8,90.8,625,90.9,200,,,,,,,,,,,,,,
2026-07-01T23:01:00.587843+00:00,2026-07-01T23:01:00.587213,1,3,90.35,0.5,90.1,500,,,,,,,,,,,,,,,,,,,90.6,175,90.7,8,90.8,825,,,,,,,,,,,,,,
2026-07-01T23:01:00.636835+00:00,2026-07-01T23:01:00.635228,2,4,90.3,0.2,90.2,625,90.1,500,,,,,,,,,,,,,,,,,90.4,622,90.6,175,90.7,8,90.8,200,,,,,,,,,,,,
2026-07-01T23:01:00.763930+00:00,2026-07-01T23:01:00.763842,2,4,90.3,0.2,90.2,605,90.1,500,,,,,,,,,,,,,,,,,90.4,622,90.6,175,90.7,8,90.8,200,,,,,,,,,,,,
2026-07-01T23:01:01.069465+00:00,2026-07-01T23:01:01.069277,1,4,90.3,0.2,90.2,605,,,,,,,,,,,,,,,,,,,90.4,622,90.6,175,90.7,8,90.8,200,,,,,,,,,,,,
2026-07-01T23:01:01.074718+00:00,2026-07-01T23:01:01.074690,1,3,90.3,0.2,90.2,605,,,,,,,,,,,,,,,,,,,90.4,622,90.7,8,90.8,200,,,,,,,,,,,,,,
2026-07-01T23:01:01.085371+00:00,2026-07-01T23:01:01.085226,2,3,90.3,0.2,90.2,605,90.1,500,,,,,,,,,,,,,,,,,90.4,622,90.7,8,90.8,200,,,,,,,,,,,,,,
2026-07-01T23:01:01.090676+00:00,2026-07-01T23:01:01.090583,2,3,90.3,0.2,90.2,605,90.1,500,,,,,,,,,,,,,,,,,90.4,622,90.7,508,90.8,200,,,,,,,,,,,,,,
2026-07-01T23:01:01.237978+00:00,2026-07-01T23:01:01.237748,2,3,90.3,0.2,90.2,605,90.1,500,,,,,,,,,,,,,,,,,90.4,622,90.7,507,90.8,200,,,,,,,,,,,,,,
2026-07-01T23:01:01.709622+00:00,2026-07-01T23:01:01.709508,1,3,90.3,0.2,90.2,605,,,,,,,,,,,,,,,,,,,90.4,622,90.7,7,90.8,200,,,,,,,,,,,,,,
2026-07-01T23:01:01.714872+00:00,2026-07-01T23:01:01.714796,2,3,90.3,0.2,90.2,605,90.1,500,,,,,,,,,,,,,,,,,90.4,622,90.7,7,90.8,200,,,,,,,,,,,,,,
2026-07-01T23:01:01.725584+00:00,2026-07-01T23:01:01.725224,2,3,90.3,0.2,90.2,605,90.1,500,,,,,,,,,,,,,,,,,90.4,622,90.7,507,90.8,200,,,,,,,,,,,,,,
2026-07-01T23:01:01.758777+00:00,2026-07-01T23:01:01.738132,3,2,90.35,0.1,90.3,200,90.2,605,90.1,500,,,,,,,,,,,,,,,90.4,622,90.7,507,,,,,,,,,,,,,,,,
2026-07-01T23:01:01.763999+00:00,2026-07-01T23:01:01.763737,3,3,90.35,0.1,90.3,200,90.2,605,90.1,500,,,,,,,,,,,,,,,90.4,622,90.5,200,90.7,507,,,,,,,,,,,,,,
2026-07-01T23:01:01.958750+00:00,2026-07-01T23:01:01.943187,1,3,90.2,0.2,90.1,1125,,,,,,,,,,,,,,,,,,,90.3,425,90.5,200,90.7,507,,,,,,,,,,,,,,
2026-07-01T23:01:02.138391+00:00,2026-07-01T23:01:02.136961,1,3,90.2,0.2,90.1,1122,,,,,,,,,,,,,,,,,,,90.3,425,90.5,200,90.7,507,,,,,,,,,,,,,,
2026-07-01T23:01:02.359092+00:00,2026-07-01T23:01:02.358722,1,3,90.2,0.2,90.1,625,,,,,,,,,,,,,,,,,,,90.3,425,90.5,200,90.7,507,,,,,,,,,,,,,,
2026-07-01T23:01:02.369256+00:00,2026-07-01T23:01:02.369692,1,3,90.2,0.2,90.1,1125,,,,,,,,,,,,,,,,,,,90.3,425,90.5,200,90.7,507,,,,,,,,,,,,,,
2026-07-01T23:01:02.910152+00:00,2026-07-01T23:01:02.909977,1,3,90.2,0.2,90.1,625,,,,,,,,,,,,,,,,,,,90.3,425,90.5,200,90.7,507,,,,,,,,,,,,,,
2026-07-01T23:01:02.915367+00:00,2026-07-01T23:01:02.915292,1,3,90.2,0.2,90.1,625,,,,,,,,,,,,,,,,,,,90.3,425,90.5,200,90.7,7,,,,,,,,,,,,,,
2026-07-01T23:01:02.931509+00:00,2026-07-01T23:01:02.931438,1,3,90.2,0.2,90.1,1125,,,,,,,,,,,,,,,,,,,90.3,425,90.5,200,90.7,7,,,,,,,,,,,,,,
2026-07-01T23:01:02.937155+00:00,2026-07-01T23:01:02.936784,1,3,90.2,0.2,90.1,1125,,,,,,,,,,,,,,,,,,,90.3,425,90.5,200,90.7,507,,,,,,,,,,,,,,
2026-07-01T23:01:02.991369+00:00,2026-07-01T23:01:02.990803,1,3,90.2,0.2,90.1,1125,,,,,,,,,,,,,,,,,,,90.3,225,90.6,200,90.7,507,,,,,,,,,,,,,,
2026-07-01T23:01:03.269536+00:00,2026-07-01T23:01:03.268018,2,3,90.4,0.2,90.3,502,90.1,500,,,,,,,,,,,,,,,,,90.5,625,90.6,200,90.7,507,,,,,,,,,,,,,,
2026-07-01T23:01:03.507361+00:00,2026-07-01T23:01:03.507062,1,3,90.4,0.2,90.3,502,,,,,,,,,,,,,,,,,,,90.5,625,90.6,200,90.7,507,,,,,,,,,,,,,,
2026-07-01T23:01:03.560511+00:00,2026-07-01T23:01:03.559312,2,3,90.4,0.2,90.3,502,90.2,500,,,,,,,,,,,,,,,,,90.5,625,90.6,200,90.7,507,,,,,,,,,,,,,,
2026-07-01T23:01:03.941266+00:00,2026-07-01T23:01:03.940949,2,3,90.4,0.2,90.3,502,90.2,500,,,,,,,,,,,,,,,,,90.5,605,90.6,200,90.7,507,,,,,,,,,,,,,,
2026-07-01T23:01:04.110554+00:00,2026-07-01T23:01:04.110031,1,3,90.4,0.2,90.3,502,,,,,,,,,,,,,,,,,,,90.5,605,90.6,200,90.7,507,,,,,,,,,,,,,,
2026-07-01T23:01:04.120914+00:00,2026-07-01T23:01:04.120807,1,3,90.4,0.2,90.3,502,,,,,,,,,,,,,,,,,,,90.5,605,90.6,200,90.7,7,,,,,,,,,,,,,,
2026-07-01T23:01:04.126155+00:00,2026-07-01T23:01:04.126099,2,3,90.4,0.2,90.3,502,90.1,500,,,,,,,,,,,,,,,,,90.5,605,90.6,200,90.7,7,,,,,,,,,,,,,,
2026-07-01T23:01:04.164512+00:00,2026-07-01T23:01:04.164330,2,2,90.4,0.2,90.3,502,90.1,500,,,,,,,,,,,,,,,,,90.5,405,90.7,507,,,,,,,,,,,,,,,,
2026-07-01T23:01:04.169811+00:00,2026-07-01T23:01:04.169592,2,2,90.4,0.2,90.3,502,90.1,500,,,,,,,,,,,,,,,,,90.5,405,90.7,707,,,,,,,,,,,,,,,,
2026-07-01T23:01:04.458888+00:00,2026-07-01T23:01:04.458758,2,2,90.4,0.2,90.3,503,90.1,500,,,,,,,,,,,,,,,,,90.5,405,90.7,707,,,,,,,,,,,,,,,,
2026-07-01T23:01:04.469626+00:00,2026-07-01T23:01:04.469532,2,2,90.4,0.2,90.3,502,90.1,500,,,,,,,,,,,,,,,,,90.5,405,90.7,707,,,,,,,,,,,,,,,,
2026-07-01T23:01:04.577619+00:00,2026-07-01T23:01:04.577454,2,2,90.4,0.2,90.3,625,90.1,500,,,,,,,,,,,,,,,,,90.5,625,90.7,707,,,,,,,,,,,,,,,,
2026-07-01T23:01:04.758761+00:00,2026-07-01T23:01:04.735180,2,3,90.4,0.2,90.3,625,90.2,500,,,,,,,,,,,,,,,,,90.5,625,90.7,207,90.8,500,,,,,,,,,,,,,,
2026-07-01T23:01:05.240531+00:00,2026-07-01T23:01:05.238859,2,3,90.4,0.2,90.3,625,90.2,500,,,,,,,,,,,,,,,,,90.5,622,90.7,207,90.8,500,,,,,,,,,,,,,,
2026-07-01T23:01:05.330483+00:00,2026-07-01T23:01:05.330278,1,3,90.4,0.2,90.3,625,,,,,,,,,,,,,,,,,,,90.5,622,90.7,207,90.8,500,,,,,,,,,,,,,,
2026-07-01T23:01:05.336190+00:00,2026-07-01T23:01:05.335924,2,2,90.4,0.2,90.3,625,90.1,500,,,,,,,,,,,,,,,,,90.5,622,90.7,207,,,,,,,,,,,,,,,,
2026-07-01T23:01:05.400759+00:00,2026-07-01T23:01:05.400404,2,2,90.4,0.2,90.3,625,90.1,500,,,,,,,,,,,,,,,,,90.5,422,90.7,707,,,,,,,,,,,,,,,,
2026-07-01T23:01:05.858694+00:00,2026-07-01T23:01:05.847680,2,1,90.6,0.2,90.5,625,90.1,500,,,,,,,,,,,,,,,,,90.7,1332,,,,,,,,,,,,,,,,,,
2026-07-01T23:01:05.929532+00:00,2026-07-01T23:01:05.929165,1,1,90.6,0.2,90.5,625,,,,,,,,,,,,,,,,,,,90.7,1332,,,,,,,,,,,,,,,,,,
2026-07-01T23:01:05.935000+00:00,2026-07-01T23:01:05.934849,2,1,90.6,0.2,90.5,625,90.1,500,,,,,,,,,,,,,,,,,90.7,832,,,,,,,,,,,,,,,,,,
2026-07-01T23:01:05.940342+00:00,2026-07-01T23:01:05.940232,2,1,90.6,0.2,90.5,625,90.1,500,,,,,,,,,,,,,,,,,90.7,1332,,,,,,,,,,,,,,,,,,
2026-07-01T23:01:06.490331+00:00,2026-07-01T23:01:06.490220,2,1,90.6,0.2,90.5,625,90.1,500,,,,,,,,,,,,,,,,,90.7,1331,,,,,,,,,,,,,,,,,,
2026-07-01T23:01:06.526166+00:00,2026-07-01T23:01:06.525966,1,1,90.6,0.2,90.5,625,,,,,,,,,,,,,,,,,,,90.7,1331,,,,,,,,,,,,,,,,,,
2026-07-01T23:01:06.531397+00:00,2026-07-01T23:01:06.531277,1,1,90.6,0.2,90.5,625,,,,,,,,,,,,,,,,,,,90.7,831,,,,,,,,,,,,,,,,,,
2026-07-01T23:01:06.536769+00:00,2026-07-01T23:01:06.536594,2,1,90.6,0.2,90.5,625,90.1,500,,,,,,,,,,,,,,,,,90.7,831,,,,,,,,,,,,,,,,,,
2026-07-01T23:01:06.575755+00:00,2026-07-01T23:01:06.575676,2,1,90.6,0.2,90.5,625,90.1,500,,,,,,,,,,,,,,,,,90.7,1131,,,,,,,,,,,,,,,,,,
2026-07-01T23:01:06.581038+00:00,2026-07-01T23:01:06.580916,3,1,90.6,0.2,90.5,425,90.3,200,90.1,500,,,,,,,,,,,,,,,90.7,1131,,,,,,,,,,,,,,,,,,
2026-07-01T23:01:07.108401+00:00,2026-07-01T23:01:07.108307,3,1,90.6,0.2,90.5,425,90.3,205,90.1,500,,,,,,,,,,,,,,,90.7,1131,,,,,,,,,,,,,,,,,,
2026-07-01T23:01:07.129102+00:00,2026-07-01T23:01:07.129225,2,1,90.6,0.2,90.5,425,90.3,205,,,,,,,,,,,,,,,,,90.7,1131,,,,,,,,,,,,,,,,,,
2026-07-01T23:01:07.134542+00:00,2026-07-01T23:01:07.134500,2,1,90.6,0.2,90.5,425,90.3,205,,,,,,,,,,,,,,,,,90.7,631,,,,,,,,,,,,,,,,,,
2026-07-01T23:01:07.159173+00:00,2026-07-01T23:01:07.158812,3,1,90.6,0.2,90.5,425,90.3,205,90.1,500,,,,,,,,,,,,,,,90.7,1131,,,,,,,,,,,,,,,,,,
2026-07-01T23:01:07.164462+00:00,2026-07-01T23:01:07.164322,2,1,90.5,0.4,90.3,205,90.1,500,,,,,,,,,,,,,,,,,90.7,1131,,,,,,,,,,,,,,,,,,
2026-07-01T23:01:07.175310+00:00,2026-07-01T23:01:07.175202,3,1,90.5,0.4,90.3,205,90.2,625,90.1,500,,,,,,,,,,,,,,,90.7,506,,,,,,,,,,,,,,,,,,
2026-07-01T23:01:07.180655+00:00,2026-07-01T23:01:07.180462,3,2,90.35,0.1,90.3,205,90.2,625,90.1,500,,,,,,,,,,,,,,,90.4,625,90.7,506,,,,,,,,,,,,,,,,
2026-07-01T23:01:07.526654+00:00,2026-07-01T23:01:07.526482,3,2,90.35,0.1,90.3,204,90.2,625,90.1,500,,,,,,,,,,,,,,,90.4,625,90.7,506,,,,,,,,,,,,,,,,
2026-07-01T23:01:07.770020+00:00,2026-07-01T23:01:07.769751,3,2,90.35,0.1,90.3,204,90.2,625,90.1,500,,,,,,,,,,,,,,,90.4,625,90.7,6,,,,,,,,,,,,,,,,
2026-07-01T23:01:07.775027+00:00,2026-07-01T23:01:07.775412,3,2,90.35,0.1,90.3,204,90.2,625,90.1,500,,,,,,,,,,,,,,,90.4,625,90.7,506,,,,,,,,,,,,,,,,
2026-07-01T23:01:07.803187+00:00,2026-07-01T23:01:07.803116,3,3,90.35,0.1,90.3,4,90.2,625,90.1,500,,,,,,,,,,,,,,,90.4,425,90.6,200,90.7,506,,,,,,,,,,,,,,
2026-07-01T23:01:08.364897+00:00,2026-07-01T23:01:08.364750,2,3,90.35,0.1,90.3,4,90.2,625,,,,,,,,,,,,,,,,,90.4,425,90.6,200,90.7,6,,,,,,,,,,,,,,
2026-07-01T23:01:08.380946+00:00,2026-07-01T23:01:08.380684,3,3,90.35,0.1,90.3,4,90.2,625,90.1,500,,,,,,,,,,,,,,,90.4,425,90.6,200,90.7,6,,,,,,,,,,,,,,
2026-07-01T23:01:08.386143+00:00,2026-07-01T23:01:08.385994,3,3,90.35,0.1,90.3,4,90.2,625,90.1,500,,,,,,,,,,,,,,,90.4,425,90.6,200,90.7,506,,,,,,,,,,,,,,
2026-07-01T23:01:08.408420+00:00,2026-07-01T23:01:08.407003,3,3,90.35,0.1,90.3,4,90.2,625,90.1,500,,,,,,,,,,,,,,,90.4,422,90.6,200,90.7,506,,,,,,,,,,,,,,
2026-07-01T23:01:08.494054+00:00,2026-07-01T23:01:08.493987,3,2,90.5,0.2,90.4,625,90.3,4,90.1,500,,,,,,,,,,,,,,,90.6,825,90.7,506,,,,,,,,,,,,,,,,
2026-07-01T23:01:08.533594+00:00,2026-07-01T23:01:08.533427,3,2,90.5,0.2,90.4,625,90.3,4,90.1,500,,,,,,,,,,,,,,,90.6,825,90.7,504,,,,,,,,,,,,,,,,
2026-07-01T23:01:08.986711+00:00,2026-07-01T23:01:08.986907,2,2,90.5,0.2,90.4,625,90.3,4,,,,,,,,,,,,,,,,,90.6,825,90.7,504,,,,,,,,,,,,,,,,
2026-07-01T23:01:08.992635+00:00,2026-07-01T23:01:08.992512,3,2,90.5,0.2,90.4,625,90.3,4,90.1,500,,,,,,,,,,,,,,,90.6,1325,90.7,4,,,,,,,,,,,,,,,,
2026-07-01T23:01:09.003355+00:00,2026-07-01T23:01:09.003073,3,2,90.5,0.2,90.4,825,90.3,4,90.1,500,,,,,,,,,,,,,,,90.6,1325,90.7,4,,,,,,,,,,,,,,,,
2026-07-01T23:01:09.573610+00:00,2026-07-01T23:01:09.573503,2,2,90.5,0.2,90.4,825,90.3,4,,,,,,,,,,,,,,,,,90.6,1325,90.7,4,,,,,,,,,,,,,,,,
2026-07-01T23:01:09.578902+00:00,2026-07-01T23:01:09.578809,2,2,90.5,0.2,90.4,825,90.3,4,,,,,,,,,,,,,,,,,90.6,825,90.7,4,,,,,,,,,,,,,,,,
2026-07-01T23:01:09.589499+00:00,2026-07-01T23:01:09.589285,3,2,90.5,0.2,90.4,825,90.3,4,90.1,500,,,,,,,,,,,,,,,90.6,825,90.7,4,,,,,,,,,,,,,,,,
2026-07-01T23:01:09.594714+00:00,2026-07-01T23:01:09.594589,3,2,90.5,0.2,90.4,825,90.3,4,90.1,500,,,,,,,,,,,,,,,90.6,1325,90.7,4,,,,,,,,,,,,,,,,
2026-07-01T23:01:09.786037+00:00,2026-07-01T23:01:09.785955,3,2,90.5,0.2,90.4,200,90.3,4,90.1,500,,,,,,,,,,,,,,,90.6,700,90.7,4,,,,,,,,,,,,,,,,
2026-07-01T23:01:09.791269+00:00,2026-07-01T23:01:09.791207,3,3,90.45,0.1,90.4,200,90.3,629,90.1,500,,,,,,,,,,,,,,,90.5,625,90.6,700,90.7,4,,,,,,,,,,,,,,
2026-07-01T23:01:10.170583+00:00,2026-07-01T23:01:10.170317,2,3,90.45,0.1,90.4,200,90.3,629,,,,,,,,,,,,,,,,,90.5,625,90.6,700,90.7,4,,,,,,,,,,,,,,
2026-07-01T23:01:10.181507+00:00,2026-07-01T23:01:10.181285,2,3,90.45,0.1,90.4,200,90.3,629,,,,,,,,,,,,,,,,,90.5,625,90.6,200,90.7,4,,,,,,,,,,,,,,
2026-07-01T23:01:10.197391+00:00,2026-07-01T23:01:10.197355,3,3,90.45,0.1,90.4,200,90.3,629,90.0,500,,,,,,,,,,,,,,,90.5,625,90.6,200,90.7,4,,,,,,,,,,,,,,
2026-07-01T23:01:10.202875+00:00,2026-07-01T23:01:10.202648,3,3,90.45,0.1,90.4,200,90.3,629,90.0,500,,,,,,,,,,,,,,,90.5,625,90.6,700,90.7,4,,,,,,,,,,,,,,
2026-07-01T23:01:10.208098+00:00,2026-07-01T23:01:10.208047,2,3,90.4,0.2,90.3,629,90.0,500,,,,,,,,,,,,,,,,,90.5,625,90.6,500,90.7,4,,,,,,,,,,,,,,
2026-07-01T23:01:10.213395+00:00,2026-07-01T23:01:10.213305,3,3,90.45,0.1,90.4,200,90.3,629,90.0,500,,,,,,,,,,,,,,,90.5,625,90.6,700,90.7,4,,,,,,,,,,,,,,
2026-07-01T23:01:10.779431+00:00,2026-07-01T23:01:10.779228,2,3,90.45,0.1,90.4,200,90.3,629,,,,,,,,,,,,,,,,,90.5,625,90.6,700,90.7,4,,,,,,,,,,,,,,
2026-07-01T23:01:10.784764+00:00,2026-07-01T23:01:10.784525,2,3,90.45,0.1,90.4,200,90.3,629,,,,,,,,,,,,,,,,,90.5,625,90.6,200,90.7,4,,,,,,,,,,,,,,
2026-07-01T23:01:10.789883+00:00,2026-07-01T23:01:10.789797,3,3,90.45,0.1,90.4,200,90.3,629,90.0,500,,,,,,,,,,,,,,,90.5,625,90.6,200,90.7,4,,,,,,,,,,,,,,
2026-07-01T23:01:10.796127+00:00,2026-07-01T23:01:10.795841,3,3,90.45,0.1,90.4,200,90.3,629,90.0,500,,,,,,,,,,,,,,,90.5,625,90.6,700,90.7,4,,,,,,,,,,,,,,
2026-07-01T23:01:11.096668+00:00,2026-07-01T23:01:11.096535,3,2,90.5,0.2,90.4,825,90.3,4,90.0,500,,,,,,,,,,,,,,,90.6,700,90.7,4,,,,,,,,,,,,,,,,
2026-07-01T23:01:11.101851+00:00,2026-07-01T23:01:11.101785,3,2,90.5,0.2,90.4,825,90.3,4,90.0,500,,,,,,,,,,,,,,,90.6,1325,90.7,4,,,,,,,,,,,,,,,,
2026-07-01T23:01:11.381209+00:00,2026-07-01T23:01:11.381048,2,2,90.5,0.2,90.4,825,90.3,4,,,,,,,,,,,,,,,,,90.6,1325,90.7,4,,,,,,,,,,,,,,,,
2026-07-01T23:01:11.386251+00:00,2026-07-01T23:01:11.386352,2,2,90.5,0.2,90.4,825,90.3,4,,,,,,,,,,,,,,,,,90.6,825,90.7,4,,,,,,,,,,,,,,,,
2026-07-01T23:01:11.402459+00:00,2026-07-01T23:01:11.402681,3,2,90.5,0.2,90.4,825,90.3,4,90.1,500,,,,,,,,,,,,,,,90.6,825,90.7,4,,,,,,,,,,,,,,,,
2026-07-01T23:01:11.408343+00:00,2026-07-01T23:01:11.408062,3,2,90.5,0.2,90.4,825,90.3,4,90.1,500,,,,,,,,,,,,,,,90.6,1325,90.7,4,,,,,,,,,,,,,,,,
2026-07-01T23:01:11.458750+00:00,2026-07-01T23:01:11.435467,3,2,90.5,0.2,90.4,825,90.3,4,90.1,500,,,,,,,,,,,,,,,90.6,1325,90.7,4,,,,,,,,,,,,,,,,
2026-07-01T23:01:11.964165+00:00,2026-07-01T23:01:11.964027,3,2,90.5,0.2,90.4,825,90.3,4,90.1,500,,,,,,,,,,,,,,,90.6,1325,90.7,3,,,,,,,,,,,,,,,,
2026-07-01T23:01:11.977500+00:00,2026-07-01T23:01:11.977145,2,2,90.5,0.2,90.4,825,90.3,4,,,,,,,,,,,,,,,,,90.6,1325,90.7,3,,,,,,,,,,,,,,,,
2026-07-01T23:01:12.025224+00:00,2026-07-01T23:01:12.025431,2,2,90.5,0.2,90.4,825,90.3,4,,,,,,,,,,,,,,,,,90.6,825,90.7,3,,,,,,,,,,,,,,,,
2026-07-01T23:01:12.031437+00:00,2026-07-01T23:01:12.031243,3,2,90.5,0.2,90.4,805,90.3,4,90.1,500,,,,,,,,,,,,,,,90.6,1325,90.7,3,,,,,,,,,,,,,,,,
2026-07-01T23:01:12.402222+00:00,2026-07-01T23:01:12.402200,3,2,90.5,0.2,90.4,825,90.3,4,90.1,500,,,,,,,,,,,,,,,90.6,1325,90.7,3,,,,,,,,,,,,,,,,
2026-07-01T23:01:12.580112+00:00,2026-07-01T23:01:12.579821,2,2,90.5,0.2,90.4,825,90.3,4,,,,,,,,,,,,,,,,,90.6,1325,90.7,3,,,,,,,,,,,,,,,,
2026-07-01T23:01:12.591382+00:00,2026-07-01T23:01:12.591128,2,2,90.5,0.2,90.4,825,90.3,4,,,,,,,,,,,,,,,,,90.6,825,90.7,3,,,,,,,,,,,,,,,,
2026-07-01T23:01:12.602320+00:00,2026-07-01T23:01:12.602200,3,2,90.5,0.2,90.4,825,90.3,4,90.1,500,,,,,,,,,,,,,,,90.6,825,90.7,3,,,,,,,,,,,,,,,,
2026-07-01T23:01:12.607692+00:00,2026-07-01T23:01:12.607508,3,2,90.5,0.2,90.4,825,90.3,4,90.1,500,,,,,,,,,,,,,,,90.6,825,90.7,503,,,,,,,,,,,,,,,,
2026-07-01T23:01:12.634036+00:00,2026-07-01T23:01:12.633898,3,2,90.5,0.2,90.4,625,90.3,4,90.1,500,,,,,,,,,,,,,,,90.6,625,90.7,503,,,,,,,,,,,,,,,,
2026-07-01T23:01:12.671504+00:00,2026-07-01T23:01:12.671354,3,3,90.45,0.1,90.4,625,90.3,204,90.1,500,,,,,,,,,,,,,,,90.5,108,90.6,625,90.7,503,,,,,,,,,,,,,,
2026-07-01T23:01:13.058856+00:00,2026-07-01T23:01:13.058724,3,3,90.45,0.1,90.4,625,90.3,204,90.1,500,,,,,,,,,,,,,,,90.5,108,90.6,625,90.7,502,,,,,,,,,,,,,,
2026-07-01T23:01:13.193411+00:00,2026-07-01T23:01:13.193136,2,3,90.45,0.1,90.4,625,90.3,204,,,,,,,,,,,,,,,,,90.5,108,90.6,625,90.7,502,,,,,,,,,,,,,,
2026-07-01T23:01:13.198695+00:00,2026-07-01T23:01:13.198557,3,3,90.45,0.1,90.4,625,90.3,204,90.2,500,,,,,,,,,,,,,,,90.5,108,90.6,625,90.7,2,,,,,,,,,,,,,,
2026-07-01T23:01:13.203889+00:00,2026-07-01T23:01:13.203826,3,3,90.45,0.1,90.4,625,90.3,204,90.2,500,,,,,,,,,,,,,,,90.5,108,90.6,625,90.7,502,,,,,,,,,,,,,,
2026-07-01T23:01:13.373991+00:00,2026-07-01T23:01:13.373852,3,3,90.45,0.1,90.4,625,90.3,204,90.2,500,,,,,,,,,,,,,,,90.5,108,90.6,625,90.7,501,,,,,,,,,,,,,,
2026-07-01T23:01:13.727330+00:00,2026-07-01T23:01:13.727276,2,2,90.4,0.2,90.3,204,90.2,500,,,,,,,,,,,,,,,,,90.5,108,90.7,501,,,,,,,,,,,,,,,,
2026-07-01T23:01:13.732621+00:00,2026-07-01T23:01:13.732582,3,1,90.6,0.2,90.5,517,90.3,204,90.2,500,,,,,,,,,,,,,,,90.7,1126,,,,,,,,,,,,,,,,,,
2026-07-01T23:01:13.814310+00:00,2026-07-01T23:01:13.814491,2,1,90.6,0.2,90.5,517,90.3,204,,,,,,,,,,,,,,,,,90.7,1126,,,,,,,,,,,,,,,,,,
2026-07-01T23:01:13.819956+00:00,2026-07-01T23:01:13.819900,2,1,90.6,0.2,90.5,517,90.3,204,,,,,,,,,,,,,,,,,90.7,626,,,,,,,,,,,,,,,,,,
2026-07-01T23:01:13.830603+00:00,2026-07-01T23:01:13.830521,3,1,90.6,0.2,90.5,517,90.3,204,90.1,500,,,,,,,,,,,,,,,90.7,626,,,,,,,,,,,,,,,,,,
2026-07-01T23:01:13.835988+00:00,2026-07-01T23:01:13.835878,3,1,90.6,0.2,90.5,517,90.3,204,90.1,500,,,,,,,,,,,,,,,90.7,1126,,,,,,,,,,,,,,,,,,
2026-07-01T23:01:13.864774+00:00,2026-07-01T23:01:13.859647,4,1,90.6,0.2,90.5,317,90.4,200,90.3,4,90.1,500,,,,,,,,,,,,,90.7,1126,,,,,,,,,,,,,,,,,,
2026-07-01T23:01:14.414495+00:00,2026-07-01T23:01:14.414382,3,1,90.6,0.2,90.5,317,90.4,200,90.3,4,,,,,,,,,,,,,,,90.7,1126,,,,,,,,,,,,,,,,,,
2026-07-01T23:01:14.420764+00:00,2026-07-01T23:01:14.420456,3,1,90.6,0.2,90.5,317,90.4,200,90.3,4,,,,,,,,,,,,,,,90.7,626,,,,,,,,,,,,,,,,,,
2026-07-01T23:01:14.437586+00:00,2026-07-01T23:01:14.437309,4,1,90.6,0.2,90.5,317,90.4,200,90.3,4,90.1,500,,,,,,,,,,,,,90.7,626,,,,,,,,,,,,,,,,,,
2026-07-01T23:01:14.442872+00:00,2026-07-01T23:01:14.442700,4,1,90.6,0.2,90.5,317,90.4,200,90.3,4,90.1,500,,,,,,,,,,,,,90.7,1126,,,,,,,,,,,,,,,,,,
2026-07-01T23:01:15.059374+00:00,2026-07-01T23:01:15.058992,3,1,90.6,0.2,90.5,317,90.4,200,90.3,4,,,,,,,,,,,,,,,90.7,626,,,,,,,,,,,,,,,,,,
2026-07-01T23:01:15.064223+00:00,2026-07-01T23:01:15.064898,3,2,90.5,0.2,90.4,200,90.3,629,90.1,500,,,,,,,,,,,,,,,90.6,200,90.7,501,,,,,,,,,,,,,,,,
2026-07-01T23:01:15.075643+00:00,2026-07-01T23:01:15.075568,3,3,90.45,0.1,90.4,200,90.3,629,90.1,500,,,,,,,,,,,,,,,90.5,625,90.6,200,90.7,501,,,,,,,,,,,,,,
2026-07-01T23:01:15.659427+00:00,2026-07-01T23:01:15.659190,3,3,90.45,0.1,90.4,200,90.3,629,90.1,500,,,,,,,,,,,,,,,90.5,625,90.6,700,90.7,1,,,,,,,,,,,,,,
2026-07-01T23:01:16.258678+00:00,2026-07-01T23:01:16.242404,3,3,90.45,0.1,90.4,200,90.3,629,90.1,500,,,,,,,,,,,,,,,90.5,625,90.6,200,90.7,501,,,,,,,,,,,,,,
2026-07-01T23:01:16.269277+00:00,2026-07-01T23:01:16.269240,2,2,90.4,0.2,90.3,629,90.1,500,,,,,,,,,,,,,,,,,90.5,625,90.7,501,,,,,,,,,,,,,,,,
2026-07-01T23:01:16.274591+00:00,2026-07-01T23:01:16.274460,2,2,90.4,0.2,90.3,629,90.1,500,,,,,,,,,,,,,,,,,90.5,425,90.7,501,,,,,,,,,,,,,,,,
2026-07-01T23:01:16.279822+00:00,2026-07-01T23:01:16.279679,2,2,90.4,0.2,90.3,629,90.1,500,,,,,,,,,,,,,,,,,90.5,425,90.7,701,,,,,,,,,,,,,,,,
2026-07-01T23:01:16.381886+00:00,2026-07-01T23:01:16.381800,2,1,90.5,0.4,90.3,4,90.1,500,,,,,,,,,,,,,,,,,90.7,701,,,,,,,,,,,,,,,,,,
2026-07-01T23:01:16.386844+00:00,2026-07-01T23:01:16.387023,3,2,90.5,0.2,90.4,625,90.3,4,90.1,500,,,,,,,,,,,,,,,90.6,625,90.7,701,,,,,,,,,,,,,,,,
2026-07-01T23:01:16.877877+00:00,2026-07-01T23:01:16.877391,3,2,90.5,0.2,90.4,625,90.3,4,90.1,500,,,,,,,,,,,,,,,90.6,625,90.7,701,,,,,,,,,,,,,,,,
2026-07-01T23:01:17.430852+00:00,2026-07-01T23:01:17.430725,2,2,90.5,0.2,90.4,625,90.3,4,,,,,,,,,,,,,,,,,90.6,625,90.7,701,,,,,,,,,,,,,,,,
2026-07-01T23:01:17.436234+00:00,2026-07-01T23:01:17.436081,2,2,90.5,0.2,90.4,625,90.3,4,,,,,,,,,,,,,,,,,90.6,625,90.7,201,,,,,,,,,,,,,,,,
2026-07-01T23:01:17.441550+00:00,2026-07-01T23:01:17.441425,3,2,90.5,0.2,90.4,625,90.3,4,90.0,500,,,,,,,,,,,,,,,90.6,625,90.7,201,,,,,,,,,,,,,,,,
2026-07-01T23:01:17.458579+00:00,2026-07-01T23:01:17.446940,3,2,90.5,0.2,90.4,625,90.3,4,90.0,500,,,,,,,,,,,,,,,90.6,1125,90.7,201,,,,,,,,,,,,,,,,
2026-07-01T23:01:17.481493+00:00,2026-07-01T23:01:17.480735,3,2,90.5,0.2,90.4,625,90.3,204,90.0,500,,,,,,,,,,,,,,,90.6,1125,90.7,1,,,,,,,,,,,,,,,,
2026-07-01T23:01:17.486635+00:00,2026-07-01T23:01:17.486504,3,3,90.45,0.1,90.4,625,90.3,204,90.0,500,,,,,,,,,,,,,,,90.5,200,90.6,1125,90.7,1,,,,,,,,,,,,,,
2026-07-01T23:01:17.685905+00:00,2026-07-01T23:01:17.685659,2,3,90.4,0.2,90.3,204,90.0,500,,,,,,,,,,,,,,,,,90.5,200,90.6,500,90.7,1,,,,,,,,,,,,,,
2026-07-01T23:01:17.696729+00:00,2026-07-01T23:01:17.696693,2,3,90.4,0.2,90.3,829,90.0,500,,,,,,,,,,,,,,,,,90.5,825,90.6,500,90.7,1,,,,,,,,,,,,,,
2026-07-01T23:01:18.033240+00:00,2026-07-01T23:01:18.033144,1,3,90.4,0.2,90.3,829,,,,,,,,,,,,,,,,,,,90.5,825,90.6,500,90.7,1,,,,,,,,,,,,,,
2026-07-01T23:01:18.058601+00:00,2026-07-01T23:01:18.044115,2,2,90.4,0.2,90.3,829,90.0,500,,,,,,,,,,,,,,,,,90.5,825,90.7,1,,,,,,,,,,,,,,,,
2026-07-01T23:01:18.069040+00:00,2026-07-01T23:01:18.068816,2,3,90.4,0.2,90.3,829,90.0,500,,,,,,,,,,,,,,,,,90.5,825,90.6,500,90.7,1,,,,,,,,,,,,,,
2026-07-01T23:01:18.635821+00:00,2026-07-01T23:01:18.635588,1,3,90.4,0.2,90.3,829,,,,,,,,,,,,,,,,,,,90.5,825,90.6,500,90.7,1,,,,,,,,,,,,,,
2026-07-01T23:01:18.640892+00:00,2026-07-01T23:01:18.640864,1,2,90.4,0.2,90.3,829,,,,,,,,,,,,,,,,,,,90.5,825,90.7,1,,,,,,,,,,,,,,,,
2026-07-01T23:01:18.658993+00:00,2026-07-01T23:01:18.651462,2,3,90.4,0.2,90.3,829,90.0,500,,,,,,,,,,,,,,,,,90.5,825,90.6,500,90.7,1,,,,,,,,,,,,,,
2026-07-01T23:01:18.695577+00:00,2026-07-01T23:01:18.695712,2,3,90.4,0.2,90.3,629,90.0,500,,,,,,,,,,,,,,,,,90.5,825,90.6,500,90.7,1,,,,,,,,,,,,,,
2026-07-01T23:01:18.701089+00:00,2026-07-01T23:01:18.701019,3,3,90.45,0.1,90.4,200,90.3,629,90.0,500,,,,,,,,,,,,,,,90.5,625,90.6,500,90.7,1,,,,,,,,,,,,,,
2026-07-01T23:01:18.706354+00:00,2026-07-01T23:01:18.706208,3,3,90.45,0.1,90.4,200,90.3,629,90.0,500,,,,,,,,,,,,,,,90.5,625,90.6,700,90.7,1,,,,,,,,,,,,,,
2026-07-01T23:01:19.004645+00:00,2026-07-01T23:01:19.004386,3,2,90.5,0.2,90.4,825,90.3,4,90.0,500,,,,,,,,,,,,,,,90.6,1325,90.7,1,,,,,,,,,,,,,,,,
2026-07-01T23:01:19.235865+00:00,2026-07-01T23:01:19.235801,2,2,90.5,0.2,90.4,825,90.3,4,,,,,,,,,,,,,,,,,90.6,1325,90.7,1,,,,,,,,,,,,,,,,
2026-07-01T23:01:19.258985+00:00,2026-07-01T23:01:19.246959,3,2,90.5,0.2,90.4,825,90.3,4,90.0,500,,,,,,,,,,,,,,,90.6,825,90.7,1,,,,,,,,,,,,,,,,
2026-07-01T23:01:19.264582+00:00,2026-07-01T23:01:19.264234,3,2,90.5,0.2,90.4,825,90.3,4,90.0,500,,,,,,,,,,,,,,,90.6,1325,90.7,1,,,,,,,,,,,,,,,,
2026-07-01T23:01:19.865466+00:00,2026-07-01T23:01:19.865358,2,2,90.5,0.2,90.4,825,90.3,4,,,,,,,,,,,,,,,,,90.6,1325,90.7,1,,,,,,,,,,,,,,,,
2026-07-01T23:01:19.923634+00:00,2026-07-01T23:01:19.923548,2,2,90.5,0.2,90.4,825,90.3,4,,,,,,,,,,,,,,,,,90.6,825,90.7,1,,,,,,,,,,,,,,,,
2026-07-01T23:01:19.929629+00:00,2026-07-01T23:01:19.929249,3,3,90.45,0.1,90.4,625,90.3,204,90.1,500,,,,,,,,,,,,,,,90.5,200,90.6,625,90.7,501,,,,,,,,,,,,,,
2026-07-01T23:01:19.934934+00:00,2026-07-01T23:01:19.934818,3,3,90.45,0.1,90.4,625,90.3,204,90.1,500,,,,,,,,,,,,,,,90.5,100,90.6,625,90.7,501,,,,,,,,,,,,,,
2026-07-01T23:01:20.304753+00:00,2026-07-01T23:01:20.304463,2,3,90.4,0.2,90.3,204,90.1,500,,,,,,,,,,,,,,,,,90.5,100,90.6,625,90.7,501,,,,,,,,,,,,,,
2026-07-01T23:01:20.315439+00:00,2026-07-01T23:01:20.315274,2,2,90.4,0.2,90.3,829,90.1,500,,,,,,,,,,,,,,,,,90.5,100,90.7,501,,,,,,,,,,,,,,,,
2026-07-01T23:01:20.320715+00:00,2026-07-01T23:01:20.320576,2,2,90.4,0.2,90.3,829,90.1,500,,,,,,,,,,,,,,,,,90.5,725,90.7,501,,,,,,,,,,,,,,,,
2026-07-01T23:01:20.510965+00:00,2026-07-01T23:01:20.510836,1,2,90.4,0.2,90.3,829,,,,,,,,,,,,,,,,,,,90.5,725,90.7,501,,,,,,,,,,,,,,,,
2026-07-01T23:01:20.516886+00:00,2026-07-01T23:01:20.516555,2,3,90.4,0.2,90.3,829,90.1,500,,,,,,,,,,,,,,,,,90.5,725,90.6,500,90.7,1,,,,,,,,,,,,,,
2026-07-01T23:01:21.078787+00:00,2026-07-01T23:01:21.078644,1,2,90.4,0.2,90.3,829,,,,,,,,,,,,,,,,,,,90.5,725,90.7,1,,,,,,,,,,,,,,,,
2026-07-01T23:01:21.089706+00:00,2026-07-01T23:01:21.089587,2,2,90.4,0.2,90.3,829,90.1,500,,,,,,,,,,,,,,,,,90.5,725,90.7,1,,,,,,,,,,,,,,,,
2026-07-01T23:01:21.100322+00:00,2026-07-01T23:01:21.100087,2,2,90.4,0.2,90.3,829,90.1,500,,,,,,,,,,,,,,,,,90.5,725,90.7,501,,,,,,,,,,,,,,,,
2026-07-01T23:01:21.116050+00:00,2026-07-01T23:01:21.115937,2,2,90.4,0.2,90.3,629,90.1,500,,,,,,,,,,,,,,,,,90.5,625,90.7,501,,,,,,,,,,,,,,,,
2026-07-01T23:01:21.121282+00:00,2026-07-01T23:01:21.121157,3,3,90.45,0.1,90.4,200,90.3,629,90.1,500,,,,,,,,,,,,,,,90.5,625,90.6,200,90.7,501,,,,,,,,,,,,,,
2026-07-01T23:01:21.638958+00:00,2026-07-01T23:01:21.638854,3,2,90.5,0.2,90.4,200,90.3,4,90.1,500,,,,,,,,,,,,,,,90.6,200,90.7,501,,,,,,,,,,,,,,,,
2026-07-01T23:01:21.668835+00:00,2026-07-01T23:01:21.667266,3,3,90.35,0.1,90.3,4,90.2,625,90.1,500,,,,,,,,,,,,,,,90.4,406,90.6,200,90.7,501,,,,,,,,,,,,,,
2026-07-01T23:01:21.731123+00:00,2026-07-01T23:01:21.730773,3,3,90.35,0.1,90.3,4,90.2,625,90.1,500,,,,,,,,,,,,,,,90.4,406,90.6,700,90.7,1,,,,,,,,,,,,,,
2026-07-01T23:01:22.284229+00:00,2026-07-01T23:01:22.284043,2,3,90.35,0.1,90.3,4,90.2,625,,,,,,,,,,,,,,,,,90.4,406,90.6,700,90.7,1,,,,,,,,,,,,,,
2026-07-01T23:01:22.289567+00:00,2026-07-01T23:01:22.289353,2,3,90.35,0.1,90.3,4,90.2,625,,,,,,,,,,,,,,,,,90.4,406,90.6,200,90.7,1,,,,,,,,,,,,,,
2026-07-01T23:01:22.294905+00:00,2026-07-01T23:01:22.294638,3,3,90.35,0.1,90.3,4,90.2,625,90.1,500,,,,,,,,,,,,,,,90.4,406,90.6,200,90.7,1,,,,,,,,,,,,,,
2026-07-01T23:01:22.300145+00:00,2026-07-01T23:01:22.299922,3,3,90.35,0.1,90.3,4,90.2,625,90.1,500,,,,,,,,,,,,,,,90.4,406,90.6,700,90.7,1,,,,,,,,,,,,,,
2026-07-01T23:01:22.359171+00:00,2026-07-01T23:01:22.344854,3,4,90.35,0.1,90.3,4,90.2,625,90.1,500,,,,,,,,,,,,,,,90.4,206,90.5,200,90.6,500,90.7,1,,,,,,,,,,,,
2026-07-01T23:01:22.885794+00:00,2026-07-01T23:01:22.885503,2,3,90.35,0.1,90.3,4,90.2,625,,,,,,,,,,,,,,,,,90.4,206,90.5,200,90.7,1,,,,,,,,,,,,,,
2026-07-01T23:01:22.896409+00:00,2026-07-01T23:01:22.896184,3,3,90.35,0.1,90.3,4,90.2,625,90.1,500,,,,,,,,,,,,,,,90.4,206,90.5,200,90.7,1,,,,,,,,,,,,,,
2026-07-01T23:01:22.901538+00:00,2026-07-01T23:01:22.901473,3,3,90.35,0.1,90.3,4,90.2,625,90.1,500,,,,,,,,,,,,,,,90.4,206,90.5,200,90.7,501,,,,,,,,,,,,,,
2026-07-01T23:01:22.936409+00:00,2026-07-01T23:01:22.936337,2,2,90.4,0.2,90.3,4,90.1,500,,,,,,,,,,,,,,,,,90.5,200,90.7,501,,,,,,,,,,,,,,,,
2026-07-01T23:01:22.958886+00:00,2026-07-01T23:01:22.941776,3,3,90.45,0.1,90.4,625,90.3,4,90.1,500,,,,,,,,,,,,,,,90.5,200,90.6,625,90.7,501,,,,,,,,,,,,,,
2026-07-01T23:01:23.458703+00:00,2026-07-01T23:01:23.447085,3,3,90.45,0.1,90.4,625,90.3,4,90.1,500,,,,,,,,,,,,,,,90.5,200,90.6,625,90.7,500,,,,,,,,,,,,,,
2026-07-01T23:01:23.496158+00:00,2026-07-01T23:01:23.496082,3,2,90.45,0.1,90.4,625,90.3,4,90.1,500,,,,,,,,,,,,,,,90.5,200,90.6,626,,,,,,,,,,,,,,,,
2026-07-01T23:01:23.506780+00:00,2026-07-01T23:01:23.506661,3,3,90.45,0.1,90.4,625,90.3,4,90.1,500,,,,,,,,,,,,,,,90.5,200,90.6,626,90.7,500,,,,,,,,,,,,,,
2026-07-01T23:01:23.543951+00:00,2026-07-01T23:01:23.544812,3,3,90.45,0.1,90.4,625,90.3,204,90.1,500,,,,,,,,,,,,,,,90.5,200,90.6,625,90.7,500,,,,,,,,,,,,,,
2026-07-01T23:01:24.090501+00:00,2026-07-01T23:01:24.090332,2,3,90.45,0.1,90.4,625,90.3,204,,,,,,,,,,,,,,,,,90.5,200,90.6,625,90.7,500,,,,,,,,,,,,,,
2026-07-01T23:01:24.101005+00:00,2026-07-01T23:01:24.100972,2,2,90.45,0.1,90.4,625,90.3,204,,,,,,,,,,,,,,,,,90.5,200,90.6,625,,,,,,,,,,,,,,,,
2026-07-01T23:01:24.106569+00:00,2026-07-01T23:01:24.106312,3,2,90.45,0.1,90.4,625,90.3,204,90.2,500,,,,,,,,,,,,,,,90.5,200,90.6,625,,,,,,,,,,,,,,,,
2026-07-01T23:01:24.122474+00:00,2026-07-01T23:01:24.122257,3,3,90.45,0.1,90.4,625,90.3,204,90.2,500,,,,,,,,,,,,,,,90.5,200,90.6,625,90.7,500,,,,,,,,,,,,,,
2026-07-01T23:01:24.264309+00:00,2026-07-01T23:01:24.264273,3,1,90.6,0.2,90.5,425,90.3,204,90.2,500,,,,,,,,,,,,,,,90.7,1125,,,,,,,,,,,,,,,,,,
2026-07-01T23:01:24.445596+00:00,2026-07-01T23:01:24.445338,3,2,90.55,0.1,90.5,425,90.3,204,90.2,500,,,,,,,,,,,,,,,90.6,1,90.7,1125,,,,,,,,,,,,,,,,
2026-07-01T23:01:24.620717+00:00,2026-07-01T23:01:24.620643,3,1,90.6,0.2,90.5,425,90.3,204,90.2,500,,,,,,,,,,,,,,,90.7,1125,,,,,,,,,,,,,,,,,,
2026-07-01T23:01:24.689847+00:00,2026-07-01T23:01:24.689760,2,1,90.6,0.2,90.5,425,90.3,204,,,,,,,,,,,,,,,,,90.7,1125,,,,,,,,,,,,,,,,,,
2026-07-01T23:01:24.694904+00:00,2026-07-01T23:01:24.695608,3,1,90.6,0.2,90.5,425,90.3,204,90.2,500,,,,,,,,,,,,,,,90.7,625,,,,,,,,,,,,,,,,,,
2026-07-01T23:01:24.711447+00:00,2026-07-01T23:01:24.711270,3,1,90.6,0.2,90.5,425,90.3,204,90.2,500,,,,,,,,,,,,,,,90.7,1125,,,,,,,,,,,,,,,,,,
2026-07-01T23:01:24.764098+00:00,2026-07-01T23:01:24.763892,3,1,90.6,0.2,90.5,625,90.3,4,90.2,500,,,,,,,,,,,,,,,90.7,1325,,,,,,,,,,,,,,,,,,
2026-07-01T23:01:25.289999+00:00,2026-07-01T23:01:25.289912,2,1,90.6,0.2,90.5,625,90.3,4,,,,,,,,,,,,,,,,,90.7,1325,,,,,,,,,,,,,,,,,,
2026-07-01T23:01:25.296111+00:00,2026-07-01T23:01:25.295621,2,1,90.6,0.2,90.5,625,90.3,4,,,,,,,,,,,,,,,,,90.7,825,,,,,,,,,,,,,,,,,,
2026-07-01T23:01:25.317437+00:00,2026-07-01T23:01:25.317593,3,1,90.6,0.2,90.5,625,90.3,4,90.2,500,,,,,,,,,,,,,,,90.7,825,,,,,,,,,,,,,,,,,,
2026-07-01T23:01:25.358590+00:00,2026-07-01T23:01:25.344268,3,1,90.6,0.2,90.5,625,90.3,4,90.2,500,,,,,,,,,,,,,,,90.7,1325,,,,,,,,,,,,,,,,,,
2026-07-01T23:01:25.574759+00:00,2026-07-01T23:01:25.574535,3,2,90.55,0.1,90.5,825,90.3,4,90.2,500,,,,,,,,,,,,,,,90.6,1,90.7,1325,,,,,,,,,,,,,,,,
2026-07-01T23:01:25.918562+00:00,2026-07-01T23:01:25.918368,2,2,90.55,0.1,90.5,825,90.3,4,,,,,,,,,,,,,,,,,90.6,1,90.7,1325,,,,,,,,,,,,,,,,
2026-07-01T23:01:25.964603+00:00,2026-07-01T23:01:25.964491,3,3,90.55,0.1,90.5,825,90.3,4,90.2,500,,,,,,,,,,,,,,,90.6,1,90.7,825,90.8,500,,,,,,,,,,,,,,
2026-07-01T23:01:25.970420+00:00,2026-07-01T23:01:25.970004,4,3,90.55,0.1,90.5,625,90.4,200,90.3,4,90.2,500,,,,,,,,,,,,,90.6,201,90.7,625,90.8,500,,,,,,,,,,,,,,
2026-07-01T23:01:26.084557+00:00,2026-07-01T23:01:26.084484,4,3,90.55,0.1,90.5,605,90.4,200,90.3,4,90.2,500,,,,,,,,,,,,,90.6,201,90.7,625,90.8,500,,,,,,,,,,,,,,
2026-07-01T23:01:26.527039+00:00,2026-07-01T23:01:26.526861,3,2,90.55,0.1,90.5,605,90.4,200,90.3,4,,,,,,,,,,,,,,,90.6,201,90.7,625,,,,,,,,,,,,,,,,
2026-07-01T23:01:26.558945+00:00,2026-07-01T23:01:26.542213,4,3,90.55,0.1,90.5,605,90.4,200,90.3,4,90.2,500,,,,,,,,,,,,,90.6,201,90.7,625,90.8,500,,,,,,,,,,,,,,
2026-07-01T23:01:26.569683+00:00,2026-07-01T23:01:26.569380,4,3,90.55,0.1,90.5,605,90.4,200,90.3,4,90.2,500,,,,,,,,,,,,,90.6,200,90.7,625,90.8,500,,,,,,,,,,,,,,
2026-07-01T23:01:26.859132+00:00,2026-07-01T23:01:26.859092,3,3,90.5,0.2,90.4,200,90.3,4,90.2,500,,,,,,,,,,,,,,,90.6,200,90.7,625,90.8,500,,,,,,,,,,,,,,
2026-07-01T23:01:26.864464+00:00,2026-07-01T23:01:26.864324,3,2,90.5,0.2,90.4,200,90.3,4,90.2,500,,,,,,,,,,,,,,,90.6,200,90.8,500,,,,,,,,,,,,,,,,
2026-07-01T23:01:26.869658+00:00,2026-07-01T23:01:26.869600,3,2,90.5,0.2,90.4,825,90.3,4,90.2,500,,,,,,,,,,,,,,,90.6,825,90.8,500,,,,,,,,,,,,,,,,
2026-07-01T23:01:27.129089+00:00,2026-07-01T23:01:27.128927,2,2,90.5,0.2,90.4,825,90.3,4,,,,,,,,,,,,,,,,,90.6,825,90.8,500,,,,,,,,,,,,,,,,
2026-07-01T23:01:27.134370+00:00,2026-07-01T23:01:27.134304,2,1,90.5,0.2,90.4,825,90.3,4,,,,,,,,,,,,,,,,,90.6,825,,,,,,,,,,,,,,,,,,
2026-07-01T23:01:27.158674+00:00,2026-07-01T23:01:27.145514,2,2,90.5,0.2,90.4,825,90.3,504,,,,,,,,,,,,,,,,,90.6,825,90.8,500,,,,,,,,,,,,,,,,
2026-07-01T23:01:27.169138+00:00,2026-07-01T23:01:27.169008,2,2,90.5,0.2,90.4,825,90.3,504,,,,,,,,,,,,,,,,,90.6,825,90.8,500,,,,,,,,,,,,,,,,
2026-07-01T23:01:27.739926+00:00,2026-07-01T23:01:27.742765,2,2,90.5,0.2,90.4,825,90.3,504,,,,,,,,,,,,,,,,,90.6,825,90.8,500,,,,,,,,,,,,,,,,
2026-07-01T23:01:28.175843+00:00,2026-07-01T23:01:28.175674,2,2,90.5,0.2,90.4,825,90.3,504,,,,,,,,,,,,,,,,,90.6,200,90.8,500,,,,,,,,,,,,,,,,
2026-07-01T23:01:28.181004+00:00,2026-07-01T23:01:28.180908,2,2,90.5,0.2,90.4,825,90.3,504,,,,,,,,,,,,,,,,,90.6,825,90.8,500,,,,,,,,,,,,,,,,
2026-07-01T23:01:28.335877+00:00,2026-07-01T23:01:28.335704,2,2,90.5,0.2,90.4,825,90.3,4,,,,,,,,,,,,,,,,,90.6,825,90.8,500,,,,,,,,,,,,,,,,
2026-07-01T23:01:28.341205+00:00,2026-07-01T23:01:28.341045,2,1,90.5,0.2,90.4,825,90.3,4,,,,,,,,,,,,,,,,,90.6,825,,,,,,,,,,,,,,,,,,
2026-07-01T23:01:28.358905+00:00,2026-07-01T23:01:28.346795,2,2,90.5,0.2,90.4,825,90.3,504,,,,,,,,,,,,,,,,,90.6,825,90.8,500,,,,,,,,,,,,,,,,
