recv_time,book_timestamp,n_bids,n_asks,mid,spread,bid_px_0,bid_vol_0,bid_px_1,bid_vol_1,bid_px_2,bid_vol_2,bid_px_3,bid_vol_3,bid_px_4,bid_vol_4,bid_px_5,bid_vol_5,bid_px_6,bid_vol_6,bid_px_7,bid_vol_7,bid_px_8,bid_vol_8,bid_px_9,bid_vol_9,ask_px_0,ask_vol_0,ask_px_1,ask_vol_1,ask_px_2,ask_vol_2,ask_px_3,ask_vol_3,ask_px_4,ask_vol_4,ask_px_5,ask_vol_5,ask_px_6,ask_vol_6,ask_px_7,ask_vol_7,ask_px_8,ask_vol_8,ask_px_9,ask_vol_9
2026-07-09T14:00:00.300080+00:00,2026-07-09T14:00:00.280101,1,4,114.85,0.3,114.7,1126,,,,,,,,,,,,,,,,,,,115.0,625,115.1,2,115.2,200,115.4,500,,,,,,,,,,,,
2026-07-09T14:00:00.385406+00:00,2026-07-09T14:00:00.383247,1,3,114.85,0.3,114.7,626,,,,,,,,,,,,,,,,,,,115.0,625,115.1,2,115.2,200,,,,,,,,,,,,,,
2026-07-09T14:00:00.407514+00:00,2026-07-09T14:00:00.401536,1,4,114.85,0.3,114.7,1126,,,,,,,,,,,,,,,,,,,115.0,625,115.1,2,115.2,200,115.3,500,,,,,,,,,,,,
2026-07-09T14:00:00.418497+00:00,2026-07-09T14:00:00.418418,1,4,114.85,0.3,114.7,1126,,,,,,,,,,,,,,,,,,,115.0,613,115.1,2,115.2,200,115.3,500,,,,,,,,,,,,
2026-07-09T14:00:01.012523+00:00,2026-07-09T14:00:01.003316,2,4,114.85,0.3,114.7,626,114.6,500,,,,,,,,,,,,,,,,,115.0,613,115.1,2,115.2,200,115.3,500,,,,,,,,,,,,
2026-07-09T14:00:01.097383+00:00,2026-07-09T14:00:01.094847,2,3,114.85,0.3,114.7,626,114.6,500,,,,,,,,,,,,,,,,,115.0,613,115.1,2,115.3,500,,,,,,,,,,,,,,
2026-07-09T14:00:01.141329+00:00,2026-07-09T14:00:01.100067,3,3,114.9,0.2,114.8,200,114.7,626,114.6,500,,,,,,,,,,,,,,,115.0,813,115.1,2,115.3,500,,,,,,,,,,,,,,
2026-07-09T14:00:01.589686+00:00,2026-07-09T14:00:01.589660,2,3,114.9,0.2,114.8,200,114.7,626,,,,,,,,,,,,,,,,,115.0,813,115.1,2,115.3,500,,,,,,,,,,,,,,
2026-07-09T14:00:01.600201+00:00,2026-07-09T14:00:01.600133,2,2,114.9,0.2,114.8,200,114.7,626,,,,,,,,,,,,,,,,,115.0,813,115.1,2,,,,,,,,,,,,,,,,
2026-07-09T14:00:01.610697+00:00,2026-07-09T14:00:01.610594,3,2,114.9,0.2,114.8,200,114.7,626,114.6,500,,,,,,,,,,,,,,,115.0,813,115.1,2,,,,,,,,,,,,,,,,
2026-07-09T14:00:01.626335+00:00,2026-07-09T14:00:01.626232,3,3,114.9,0.2,114.8,200,114.7,626,114.6,500,,,,,,,,,,,,,,,115.0,813,115.1,2,115.2,500,,,,,,,,,,,,,,
2026-07-09T14:00:01.636823+00:00,2026-07-09T14:00:01.636767,3,3,114.9,0.2,114.8,200,114.7,1,114.6,500,,,,,,,,,,,,,,,115.0,813,115.1,2,115.2,500,,,,,,,,,,,,,,
2026-07-09T14:00:01.688133+00:00,2026-07-09T14:00:01.686660,2,4,114.65,0.1,114.6,500,114.5,625,,,,,,,,,,,,,,,,,114.7,413,115.0,200,115.1,2,115.2,500,,,,,,,,,,,,
2026-07-09T14:00:02.101336+00:00,2026-07-09T14:00:02.101264,2,4,114.65,0.1,114.6,507,114.5,625,,,,,,,,,,,,,,,,,114.7,413,115.0,200,115.1,2,115.2,500,,,,,,,,,,,,
2026-07-09T14:00:02.232104+00:00,2026-07-09T14:00:02.231886,2,4,114.65,0.1,114.6,7,114.5,625,,,,,,,,,,,,,,,,,114.7,413,115.0,200,115.1,2,115.2,500,,,,,,,,,,,,
2026-07-09T14:00:02.242611+00:00,2026-07-09T14:00:02.242465,2,3,114.65,0.1,114.6,7,114.5,625,,,,,,,,,,,,,,,,,114.7,413,115.0,200,115.1,2,,,,,,,,,,,,,,
2026-07-09T14:00:02.258556+00:00,2026-07-09T14:00:02.258167,2,4,114.65,0.1,114.6,7,114.5,1125,,,,,,,,,,,,,,,,,114.7,413,115.0,200,115.1,2,115.2,500,,,,,,,,,,,,
2026-07-09T14:00:02.320231+00:00,2026-07-09T14:00:02.320127,2,3,114.65,0.1,114.6,7,114.5,1125,,,,,,,,,,,,,,,,,114.7,213,115.1,2,115.2,700,,,,,,,,,,,,,,
2026-07-09T14:00:02.500507+00:00,2026-07-09T14:00:02.500419,2,3,114.65,0.1,114.6,7,114.5,1125,,,,,,,,,,,,,,,,,114.7,175,115.1,2,115.2,700,,,,,,,,,,,,,,
2026-07-09T14:00:02.643708+00:00,2026-07-09T14:00:02.643600,2,3,114.65,0.1,114.6,7,114.5,1125,,,,,,,,,,,,,,,,,114.7,155,115.1,2,115.2,700,,,,,,,,,,,,,,
2026-07-09T14:00:02.690745+00:00,2026-07-09T14:00:02.690684,1,3,114.6,0.2,114.5,1125,,,,,,,,,,,,,,,,,,,114.7,155,115.1,2,115.2,700,,,,,,,,,,,,,,
2026-07-09T14:00:02.858553+00:00,2026-07-09T14:00:02.854671,1,3,114.6,0.2,114.5,625,,,,,,,,,,,,,,,,,,,114.7,155,115.1,2,115.2,700,,,,,,,,,,,,,,
2026-07-09T14:00:02.869103+00:00,2026-07-09T14:00:02.868886,1,3,114.6,0.2,114.5,625,,,,,,,,,,,,,,,,,,,114.7,155,115.1,2,115.2,200,,,,,,,,,,,,,,
2026-07-09T14:00:02.879455+00:00,2026-07-09T14:00:02.879421,1,3,114.6,0.2,114.5,1125,,,,,,,,,,,,,,,,,,,114.7,155,115.1,2,115.2,200,,,,,,,,,,,,,,
2026-07-09T14:00:02.889959+00:00,2026-07-09T14:00:02.889870,1,3,114.6,0.2,114.5,1125,,,,,,,,,,,,,,,,,,,114.7,155,115.1,2,115.2,700,,,,,,,,,,,,,,
2026-07-09T14:00:02.920972+00:00,2026-07-09T14:00:02.910750,2,3,114.65,0.1,114.6,7,114.5,1125,,,,,,,,,,,,,,,,,114.7,155,115.1,2,115.2,700,,,,,,,,,,,,,,
2026-07-09T14:00:02.964502+00:00,2026-07-09T14:00:02.964431,2,3,114.65,0.1,114.6,6,114.5,1125,,,,,,,,,,,,,,,,,114.7,155,115.1,2,115.2,700,,,,,,,,,,,,,,
2026-07-09T14:00:02.974936+00:00,2026-07-09T14:00:02.974840,2,3,114.65,0.1,114.6,6,114.5,500,,,,,,,,,,,,,,,,,114.7,155,115.1,2,115.2,700,,,,,,,,,,,,,,
2026-07-09T14:00:02.980171+00:00,2026-07-09T14:00:02.980061,2,2,114.85,0.5,114.6,6,114.5,500,,,,,,,,,,,,,,,,,115.1,2,115.2,700,,,,,,,,,,,,,,,,
2026-07-09T14:00:02.985384+00:00,2026-07-09T14:00:02.985283,3,2,114.95,0.3,114.8,625,114.6,6,114.5,500,,,,,,,,,,,,,,,115.1,2,115.2,700,,,,,,,,,,,,,,,,
2026-07-09T14:00:02.990637+00:00,2026-07-09T14:00:02.990542,3,3,114.9,0.2,114.8,625,114.6,6,114.5,500,,,,,,,,,,,,,,,115.0,625,115.1,2,115.2,700,,,,,,,,,,,,,,
2026-07-09T14:00:03.438321+00:00,2026-07-09T14:00:03.438204,2,3,114.9,0.2,114.8,625,114.6,6,,,,,,,,,,,,,,,,,115.0,625,115.1,2,115.2,700,,,,,,,,,,,,,,
2026-07-09T14:00:03.448867+00:00,2026-07-09T14:00:03.448658,2,3,114.9,0.2,114.8,625,114.6,6,,,,,,,,,,,,,,,,,115.0,625,115.1,2,115.2,200,,,,,,,,,,,,,,
2026-07-09T14:00:03.458590+00:00,2026-07-09T14:00:03.453991,3,3,114.9,0.2,114.8,625,114.6,6,114.5,500,,,,,,,,,,,,,,,115.0,625,115.1,2,115.2,200,,,,,,,,,,,,,,
2026-07-09T14:00:03.470825+00:00,2026-07-09T14:00:03.470701,3,3,114.9,0.2,114.8,625,114.6,6,114.5,500,,,,,,,,,,,,,,,115.0,625,115.1,2,115.2,700,,,,,,,,,,,,,,
2026-07-09T14:00:03.486528+00:00,2026-07-09T14:00:03.486442,3,3,114.9,0.2,114.8,625,114.6,5,114.5,500,,,,,,,,,,,,,,,115.0,625,115.1,2,115.2,700,,,,,,,,,,,,,,
2026-07-09T14:00:03.524585+00:00,2026-07-09T14:00:03.524551,3,3,114.9,0.2,114.8,825,114.6,5,114.5,500,,,,,,,,,,,,,,,115.0,625,115.1,2,115.2,500,,,,,,,,,,,,,,
2026-07-09T14:00:03.529784+00:00,2026-07-09T14:00:03.529737,3,3,114.9,0.2,114.8,825,114.6,5,114.5,500,,,,,,,,,,,,,,,115.0,825,115.1,2,115.2,500,,,,,,,,,,,,,,
2026-07-09T14:00:03.553245+00:00,2026-07-09T14:00:03.553085,3,3,114.9,0.2,114.8,794,114.6,5,114.5,500,,,,,,,,,,,,,,,115.0,825,115.1,2,115.2,500,,,,,,,,,,,,,,
2026-07-09T14:00:04.040469+00:00,2026-07-09T14:00:04.040257,2,3,114.9,0.2,114.8,794,114.6,5,,,,,,,,,,,,,,,,,115.0,825,115.1,2,115.2,500,,,,,,,,,,,,,,
2026-07-09T14:00:04.050811+00:00,2026-07-09T14:00:04.050702,2,2,114.9,0.2,114.8,794,114.6,5,,,,,,,,,,,,,,,,,115.0,825,115.1,2,,,,,,,,,,,,,,,,
2026-07-09T14:00:04.058694+00:00,2026-07-09T14:00:04.056139,2,2,114.9,0.2,114.8,794,114.6,505,,,,,,,,,,,,,,,,,115.0,825,115.1,2,,,,,,,,,,,,,,,,
2026-07-09T14:00:04.069834+00:00,2026-07-09T14:00:04.069691,2,3,114.9,0.2,114.8,794,114.6,505,,,,,,,,,,,,,,,,,115.0,825,115.1,2,115.3,500,,,,,,,,,,,,,,
2026-07-09T14:00:04.295852+00:00,2026-07-09T14:00:04.295676,2,3,114.9,0.2,114.8,200,114.6,505,,,,,,,,,,,,,,,,,115.0,825,115.1,2,115.3,500,,,,,,,,,,,,,,
2026-07-09T14:00:04.301007+00:00,2026-07-09T14:00:04.300976,2,3,114.9,0.2,114.8,825,114.6,505,,,,,,,,,,,,,,,,,115.0,200,115.1,2,115.3,500,,,,,,,,,,,,,,
2026-07-09T14:00:04.306282+00:00,2026-07-09T14:00:04.306214,2,3,114.9,0.2,114.8,825,114.6,505,,,,,,,,,,,,,,,,,115.0,825,115.1,2,115.3,500,,,,,,,,,,,,,,
2026-07-09T14:00:04.652046+00:00,2026-07-09T14:00:04.651831,2,2,114.9,0.2,114.8,825,114.6,5,,,,,,,,,,,,,,,,,115.0,825,115.1,2,,,,,,,,,,,,,,,,
2026-07-09T14:00:04.658604+00:00,2026-07-09T14:00:04.657334,2,3,114.9,0.2,114.8,825,114.6,505,,,,,,,,,,,,,,,,,115.0,825,115.1,2,115.3,500,,,,,,,,,,,,,,
2026-07-09T14:00:04.730895+00:00,2026-07-09T14:00:04.730848,2,3,114.9,0.2,114.8,625,114.6,505,,,,,,,,,,,,,,,,,115.0,625,115.1,2,115.3,500,,,,,,,,,,,,,,
2026-07-09T14:00:04.736112+00:00,2026-07-09T14:00:04.736021,3,3,114.9,0.2,114.8,625,114.7,200,114.6,505,,,,,,,,,,,,,,,115.0,625,115.1,2,115.3,500,,,,,,,,,,,,,,
2026-07-09T14:00:04.741349+00:00,2026-07-09T14:00:04.741234,3,3,114.9,0.2,114.8,625,114.7,200,114.6,505,,,,,,,,,,,,,,,115.0,825,115.1,2,115.3,500,,,,,,,,,,,,,,
2026-07-09T14:00:05.245661+00:00,2026-07-09T14:00:05.245765,3,3,114.9,0.2,114.8,625,114.7,200,114.6,5,,,,,,,,,,,,,,,115.0,825,115.1,2,115.3,500,,,,,,,,,,,,,,
2026-07-09T14:00:05.258613+00:00,2026-07-09T14:00:05.256879,3,2,114.9,0.2,114.8,625,114.7,200,114.6,505,,,,,,,,,,,,,,,115.0,825,115.1,2,,,,,,,,,,,,,,,,
2026-07-09T14:00:05.274465+00:00,2026-07-09T14:00:05.274319,3,3,114.9,0.2,114.8,625,114.7,200,114.6,505,,,,,,,,,,,,,,,115.0,825,115.1,2,115.3,500,,,,,,,,,,,,,,
2026-07-09T14:00:05.427747+00:00,2026-07-09T14:00:05.427701,3,3,114.9,0.2,114.8,605,114.7,200,114.6,505,,,,,,,,,,,,,,,115.0,825,115.1,2,115.3,500,,,,,,,,,,,,,,
2026-07-09T14:00:05.612319+00:00,2026-07-09T14:00:05.612284,2,3,114.85,0.3,114.7,200,114.6,505,,,,,,,,,,,,,,,,,115.0,200,115.1,2,115.3,500,,,,,,,,,,,,,,
2026-07-09T14:00:05.617680+00:00,2026-07-09T14:00:05.617582,3,3,114.95,0.1,114.9,625,114.7,200,114.6,505,,,,,,,,,,,,,,,115.0,200,115.1,627,115.3,500,,,,,,,,,,,,,,
2026-07-09T14:00:05.859603+00:00,2026-07-09T14:00:05.859436,3,3,114.95,0.1,114.9,625,114.7,200,114.6,5,,,,,,,,,,,,,,,115.0,200,115.1,627,115.3,500,,,,,,,,,,,,,,
2026-07-09T14:00:05.864822+00:00,2026-07-09T14:00:05.864752,3,2,114.95,0.1,114.9,625,114.7,200,114.6,5,,,,,,,,,,,,,,,115.0,200,115.1,627,,,,,,,,,,,,,,,,
2026-07-09T14:00:05.875352+00:00,2026-07-09T14:00:05.875224,3,2,114.95,0.1,114.9,625,114.7,200,114.6,505,,,,,,,,,,,,,,,115.0,200,115.1,627,,,,,,,,,,,,,,,,
2026-07-09T14:00:05.880626+00:00,2026-07-09T14:00:05.880534,3,3,114.95,0.1,114.9,625,114.7,200,114.6,505,,,,,,,,,,,,,,,115.0,200,115.1,627,115.2,500,,,,,,,,,,,,,,
2026-07-09T14:00:05.944859+00:00,2026-07-09T14:00:05.944707,2,3,114.95,0.1,114.9,625,114.6,505,,,,,,,,,,,,,,,,,115.0,200,115.1,627,115.2,500,,,,,,,,,,,,,,
2026-07-09T14:00:05.950131+00:00,2026-07-09T14:00:05.949945,2,3,114.95,0.1,114.9,625,114.6,504,,,,,,,,,,,,,,,,,115.0,200,115.1,627,115.2,500,,,,,,,,,,,,,,
2026-07-09T14:00:05.955327+00:00,2026-07-09T14:00:05.955227,2,2,115.0,0.2,114.9,825,114.6,504,,,,,,,,,,,,,,,,,115.1,627,115.2,500,,,,,,,,,,,,,,,,
2026-07-09T14:00:05.960351+00:00,2026-07-09T14:00:05.960460,2,2,115.0,0.2,114.9,825,114.6,504,,,,,,,,,,,,,,,,,115.1,827,115.2,500,,,,,,,,,,,,,,,,
2026-07-09T14:00:06.451643+00:00,2026-07-09T14:00:06.451467,2,2,115.0,0.2,114.9,825,114.6,4,,,,,,,,,,,,,,,,,115.1,827,115.2,500,,,,,,,,,,,,,,,,
2026-07-09T14:00:06.456972+00:00,2026-07-09T14:00:06.456828,2,1,115.0,0.2,114.9,825,114.6,4,,,,,,,,,,,,,,,,,115.1,827,,,,,,,,,,,,,,,,,,
2026-07-09T14:00:06.467419+00:00,2026-07-09T14:00:06.467388,2,1,115.0,0.2,114.9,825,114.6,504,,,,,,,,,,,,,,,,,115.1,827,,,,,,,,,,,,,,,,,,
2026-07-09T14:00:06.478136+00:00,2026-07-09T14:00:06.477974,2,2,115.0,0.2,114.9,825,114.6,504,,,,,,,,,,,,,,,,,115.1,827,115.3,500,,,,,,,,,,,,,,,,
2026-07-09T14:00:06.924939+00:00,2026-07-09T14:00:06.924915,2,2,115.0,0.2,114.9,200,114.6,504,,,,,,,,,,,,,,,,,115.1,202,115.3,500,,,,,,,,,,,,,,,,
2026-07-09T14:00:06.930275+00:00,2026-07-09T14:00:06.930151,2,2,115.0,0.2,114.9,825,114.6,504,,,,,,,,,,,,,,,,,115.1,202,115.3,500,,,,,,,,,,,,,,,,
2026-07-09T14:00:06.935414+00:00,2026-07-09T14:00:06.935357,2,2,115.0,0.2,114.9,825,114.6,504,,,,,,,,,,,,,,,,,115.1,827,115.3,500,,,,,,,,,,,,,,,,
2026-07-09T14:00:07.055390+00:00,2026-07-09T14:00:07.055173,2,2,115.0,0.2,114.9,825,114.6,4,,,,,,,,,,,,,,,,,115.1,827,115.3,500,,,,,,,,,,,,,,,,
2026-07-09T14:00:07.065959+00:00,2026-07-09T14:00:07.065748,2,1,115.0,0.2,114.9,825,114.6,4,,,,,,,,,,,,,,,,,115.1,827,,,,,,,,,,,,,,,,,,
2026-07-09T14:00:07.071142+00:00,2026-07-09T14:00:07.071085,3,1,115.0,0.2,114.9,825,114.6,4,114.5,500,,,,,,,,,,,,,,,115.1,827,,,,,,,,,,,,,,,,,,
2026-07-09T14:00:07.081746+00:00,2026-07-09T14:00:07.081664,3,2,115.0,0.2,114.9,825,114.6,4,114.5,500,,,,,,,,,,,,,,,115.1,827,115.2,500,,,,,,,,,,,,,,,,
2026-07-09T14:00:07.165349+00:00,2026-07-09T14:00:07.165197,3,2,115.0,0.2,114.9,625,114.6,4,114.5,500,,,,,,,,,,,,,,,115.1,827,115.2,500,,,,,,,,,,,,,,,,
2026-07-09T14:00:07.170681+00:00,2026-07-09T14:00:07.170534,3,2,115.0,0.2,114.9,825,114.6,4,114.5,500,,,,,,,,,,,,,,,115.1,627,115.2,500,,,,,,,,,,,,,,,,
2026-07-09T14:00:07.175742+00:00,2026-07-09T14:00:07.175711,3,2,115.0,0.2,114.9,825,114.6,4,114.5,500,,,,,,,,,,,,,,,115.1,827,115.2,500,,,,,,,,,,,,,,,,
2026-07-09T14:00:07.652387+00:00,2026-07-09T14:00:07.648955,2,2,115.0,0.2,114.9,825,114.6,4,,,,,,,,,,,,,,,,,115.1,827,115.2,500,,,,,,,,,,,,,,,,
2026-07-09T14:00:07.668209+00:00,2026-07-09T14:00:07.668309,2,1,115.0,0.2,114.9,825,114.6,4,,,,,,,,,,,,,,,,,115.1,827,,,,,,,,,,,,,,,,,,
2026-07-09T14:00:07.673719+00:00,2026-07-09T14:00:07.673618,3,1,115.0,0.2,114.9,825,114.6,4,114.5,500,,,,,,,,,,,,,,,115.1,827,,,,,,,,,,,,,,,,,,
2026-07-09T14:00:07.684149+00:00,2026-07-09T14:00:07.684067,3,2,115.0,0.2,114.9,825,114.6,4,114.5,500,,,,,,,,,,,,,,,115.1,827,115.2,500,,,,,,,,,,,,,,,,
2026-07-09T14:00:08.238690+00:00,2026-07-09T14:00:08.238562,3,2,115.0,0.2,114.9,200,114.6,4,114.5,500,,,,,,,,,,,,,,,115.1,202,115.2,500,,,,,,,,,,,,,,,,
2026-07-09T14:00:08.243879+00:00,2026-07-09T14:00:08.243795,4,2,115.05,0.1,115.0,625,114.9,200,114.6,4,114.5,500,,,,,,,,,,,,,115.1,202,115.2,500,,,,,,,,,,,,,,,,
2026-07-09T14:00:08.249141+00:00,2026-07-09T14:00:08.249033,4,2,115.05,0.1,115.0,625,114.9,200,114.6,4,114.5,500,,,,,,,,,,,,,115.1,202,115.2,1125,,,,,,,,,,,,,,,,
2026-07-09T14:00:08.287065+00:00,2026-07-09T14:00:08.287015,3,2,115.05,0.1,115.0,625,114.9,200,114.6,4,,,,,,,,,,,,,,,115.1,202,115.2,1125,,,,,,,,,,,,,,,,
2026-07-09T14:00:08.297587+00:00,2026-07-09T14:00:08.297492,3,2,115.05,0.1,115.0,625,114.9,200,114.6,4,,,,,,,,,,,,,,,115.1,202,115.2,625,,,,,,,,,,,,,,,,
2026-07-09T14:00:08.303040+00:00,2026-07-09T14:00:08.302843,4,2,115.05,0.1,115.0,625,114.9,200,114.6,4,114.5,500,,,,,,,,,,,,,115.1,202,115.2,625,,,,,,,,,,,,,,,,
2026-07-09T14:00:08.313250+00:00,2026-07-09T14:00:08.313424,4,2,115.05,0.1,115.0,625,114.9,200,114.6,4,114.5,500,,,,,,,,,,,,,115.1,202,115.2,1125,,,,,,,,,,,,,,,,
2026-07-09T14:00:08.345031+00:00,2026-07-09T14:00:08.344925,4,2,115.05,0.1,115.0,625,114.9,200,114.6,4,114.5,500,,,,,,,,,,,,,115.1,190,115.2,1125,,,,,,,,,,,,,,,,
2026-07-09T14:00:08.379304+00:00,2026-07-09T14:00:08.379239,3,2,115.05,0.1,115.0,625,114.6,4,114.5,500,,,,,,,,,,,,,,,115.1,190,115.2,1125,,,,,,,,,,,,,,,,
2026-07-09T14:00:08.384514+00:00,2026-07-09T14:00:08.384489,3,1,115.1,0.2,115.0,825,114.6,4,114.5,500,,,,,,,,,,,,,,,115.2,1125,,,,,,,,,,,,,,,,,,
2026-07-09T14:00:08.389756+00:00,2026-07-09T14:00:08.389716,3,1,115.1,0.2,115.0,825,114.6,4,114.5,500,,,,,,,,,,,,,,,115.2,1325,,,,,,,,,,,,,,,,,,
2026-07-09T14:00:08.758608+00:00,2026-07-09T14:00:08.751624,3,1,115.1,0.2,115.0,825,114.6,3,114.5,500,,,,,,,,,,,,,,,115.2,1325,,,,,,,,,,,,,,,,,,
2026-07-09T14:00:08.858599+00:00,2026-07-09T14:00:08.857634,3,2,115.05,0.1,115.0,825,114.6,3,114.5,500,,,,,,,,,,,,,,,115.1,9,115.2,1325,,,,,,,,,,,,,,,,
2026-07-09T14:00:08.895493+00:00,2026-07-09T14:00:08.895435,2,2,115.05,0.1,115.0,825,114.6,3,,,,,,,,,,,,,,,,,115.1,9,115.2,1325,,,,,,,,,,,,,,,,
2026-07-09T14:00:08.906010+00:00,2026-07-09T14:00:08.905847,2,2,115.05,0.1,115.0,825,114.6,3,,,,,,,,,,,,,,,,,115.1,9,115.2,825,,,,,,,,,,,,,,,,
2026-07-09T14:00:08.916168+00:00,2026-07-09T14:00:08.916248,2,2,115.05,0.1,115.0,825,114.6,503,,,,,,,,,,,,,,,,,115.1,9,115.2,825,,,,,,,,,,,,,,,,
2026-07-09T14:00:08.921605+00:00,2026-07-09T14:00:08.921520,2,3,115.05,0.1,115.0,825,114.6,503,,,,,,,,,,,,,,,,,115.1,9,115.2,825,115.3,500,,,,,,,,,,,,,,
2026-07-09T14:00:09.104211+00:00,2026-07-09T14:00:09.104050,2,3,115.05,0.1,115.0,813,114.6,503,,,,,,,,,,,,,,,,,115.1,9,115.2,825,115.3,500,,,,,,,,,,,,,,
2026-07-09T14:00:09.494659+00:00,2026-07-09T14:00:09.494492,2,3,115.05,0.1,115.0,813,114.6,3,,,,,,,,,,,,,,,,,115.1,9,115.2,825,115.3,500,,,,,,,,,,,,,,
2026-07-09T14:00:09.499852+00:00,2026-07-09T14:00:09.499782,2,2,115.05,0.1,115.0,813,114.6,3,,,,,,,,,,,,,,,,,115.1,9,115.2,825,,,,,,,,,,,,,,,,
2026-07-09T14:00:09.510304+00:00,2026-07-09T14:00:09.510185,2,2,115.05,0.1,115.0,813,114.6,503,,,,,,,,,,,,,,,,,115.1,9,115.2,825,,,,,,,,,,,,,,,,
2026-07-09T14:00:09.515491+00:00,2026-07-09T14:00:09.515460,2,3,115.05,0.1,115.0,813,114.6,503,,,,,,,,,,,,,,,,,115.1,9,115.2,825,115.3,500,,,,,,,,,,,,,,
2026-07-09T14:00:09.547000+00:00,2026-07-09T14:00:09.546879,2,3,115.05,0.1,115.0,200,114.6,503,,,,,,,,,,,,,,,,,115.1,9,115.2,825,115.3,500,,,,,,,,,,,,,,
2026-07-09T14:00:09.552237+00:00,2026-07-09T14:00:09.552089,2,3,115.05,0.1,115.0,200,114.6,503,,,,,,,,,,,,,,,,,115.1,9,115.2,200,115.3,500,,,,,,,,,,,,,,
2026-07-09T14:00:09.558794+00:00,2026-07-09T14:00:09.558703,2,3,115.05,0.1,115.0,825,114.6,503,,,,,,,,,,,,,,,,,115.1,9,115.2,825,115.3,500,,,,,,,,,,,,,,
2026-07-09T14:00:09.590445+00:00,2026-07-09T14:00:09.590578,2,3,115.05,0.1,115.0,625,114.6,503,,,,,,,,,,,,,,,,,115.1,9,115.2,825,115.3,500,,,,,,,,,,,,,,
2026-07-09T14:00:09.595911+00:00,2026-07-09T14:00:09.595780,2,3,115.05,0.1,115.0,625,114.6,503,,,,,,,,,,,,,,,,,115.1,9,115.2,625,115.3,500,,,,,,,,,,,,,,
2026-07-09T14:00:09.611750+00:00,2026-07-09T14:00:09.610528,3,2,115.15,0.1,115.1,180,115.0,625,114.6,500,,,,,,,,,,,,,,,115.2,625,115.3,700,,,,,,,,,,,,,,,,
2026-07-09T14:00:09.879067+00:00,2026-07-09T14:00:09.878998,3,2,115.15,0.1,115.1,180,115.0,625,114.6,500,,,,,,,,,,,,,,,115.2,634,115.3,700,,,,,,,,,,,,,,,,
2026-07-09T14:00:09.884358+00:00,2026-07-09T14:00:09.884200,4,2,115.15,0.1,115.1,180,115.0,625,114.8,3,114.6,500,,,,,,,,,,,,,115.2,634,115.3,700,,,,,,,,,,,,,,,,
2026-07-09T14:00:10.095811+00:00,2026-07-09T14:00:10.095715,3,2,115.15,0.1,115.1,180,115.0,625,114.8,3,,,,,,,,,,,,,,,115.2,634,115.3,700,,,,,,,,,,,,,,,,
2026-07-09T14:00:10.106299+00:00,2026-07-09T14:00:10.106182,3,2,115.15,0.1,115.1,180,115.0,625,114.8,3,,,,,,,,,,,,,,,115.2,634,115.3,200,,,,,,,,,,,,,,,,
2026-07-09T14:00:10.111652+00:00,2026-07-09T14:00:10.111482,4,2,115.15,0.1,115.1,180,115.0,625,114.8,3,114.6,500,,,,,,,,,,,,,115.2,634,115.3,200,,,,,,,,,,,,,,,,
2026-07-09T14:00:10.122013+00:00,2026-07-09T14:00:10.121919,4,2,115.15,0.1,115.1,180,115.0,625,114.8,3,114.6,500,,,,,,,,,,,,,115.2,634,115.3,700,,,,,,,,,,,,,,,,
2026-07-09T14:00:10.704084+00:00,2026-07-09T14:00:10.703874,3,2,115.15,0.1,115.1,180,115.0,625,114.8,3,,,,,,,,,,,,,,,115.2,634,115.3,700,,,,,,,,,,,,,,,,
2026-07-09T14:00:10.709240+00:00,2026-07-09T14:00:10.709209,3,2,115.15,0.1,115.1,180,115.0,625,114.8,3,,,,,,,,,,,,,,,115.2,634,115.3,200,,,,,,,,,,,,,,,,
2026-07-09T14:00:10.719870+00:00,2026-07-09T14:00:10.719708,4,2,115.15,0.1,115.1,180,115.0,625,114.8,3,114.6,500,,,,,,,,,,,,,115.2,634,115.3,200,,,,,,,,,,,,,,,,
2026-07-09T14:00:10.725011+00:00,2026-07-09T14:00:10.724985,4,2,115.15,0.1,115.1,180,115.0,625,114.8,3,114.6,500,,,,,,,,,,,,,115.2,634,115.3,700,,,,,,,,,,,,,,,,
2026-07-09T14:00:10.788470+00:00,2026-07-09T14:00:10.788397,4,2,115.15,0.1,115.1,180,115.0,625,114.8,3,114.6,500,,,,,,,,,,,,,115.2,633,115.3,700,,,,,,,,,,,,,,,,
2026-07-09T14:00:10.806342+00:00,2026-07-09T14:00:10.806254,3,2,115.1,0.2,115.0,625,114.8,3,114.6,500,,,,,,,,,,,,,,,115.2,633,115.3,700,,,,,,,,,,,,,,,,
2026-07-09T14:00:10.811603+00:00,2026-07-09T14:00:10.811530,3,2,115.1,0.2,115.0,825,114.8,3,114.6,500,,,,,,,,,,,,,,,115.2,633,115.3,500,,,,,,,,,,,,,,,,
2026-07-09T14:00:10.816739+00:00,2026-07-09T14:00:10.816713,3,2,115.1,0.2,115.0,825,114.8,3,114.6,500,,,,,,,,,,,,,,,115.2,833,115.3,500,,,,,,,,,,,,,,,,
2026-07-09T14:00:10.869786+00:00,2026-07-09T14:00:10.869705,3,2,115.1,0.2,115.0,200,114.8,3,114.6,500,,,,,,,,,,,,,,,115.2,208,115.3,500,,,,,,,,,,,,,,,,
2026-07-09T14:00:10.875046+00:00,2026-07-09T14:00:10.874986,3,2,115.1,0.2,115.0,825,114.8,3,114.6,500,,,,,,,,,,,,,,,115.2,208,115.3,1125,,,,,,,,,,,,,,,,
2026-07-09T14:00:10.921617+00:00,2026-07-09T14:00:10.921583,3,2,115.1,0.2,115.0,825,114.8,3,114.6,500,,,,,,,,,,,,,,,115.2,207,115.3,1125,,,,,,,,,,,,,,,,
2026-07-09T14:00:11.299896+00:00,2026-07-09T14:00:11.299837,2,2,115.1,0.2,115.0,825,114.8,3,,,,,,,,,,,,,,,,,115.2,207,115.3,1125,,,,,,,,,,,,,,,,
2026-07-09T14:00:11.310431+00:00,2026-07-09T14:00:11.310323,2,2,115.1,0.2,115.0,825,114.8,3,,,,,,,,,,,,,,,,,115.2,207,115.3,625,,,,,,,,,,,,,,,,
2026-07-09T14:00:11.315464+00:00,2026-07-09T14:00:11.315625,3,2,115.1,0.2,115.0,825,114.8,3,114.6,500,,,,,,,,,,,,,,,115.2,207,115.3,625,,,,,,,,,,,,,,,,
2026-07-09T14:00:11.326157+00:00,2026-07-09T14:00:11.326091,3,2,115.1,0.2,115.0,825,114.8,3,114.6,500,,,,,,,,,,,,,,,115.2,707,115.3,625,,,,,,,,,,,,,,,,
2026-07-09T14:00:11.905748+00:00,2026-07-09T14:00:11.905637,2,2,115.1,0.2,115.0,825,114.8,3,,,,,,,,,,,,,,,,,115.2,707,115.3,625,,,,,,,,,,,,,,,,
2026-07-09T14:00:11.911034+00:00,2026-07-09T14:00:11.910948,2,2,115.1,0.2,115.0,825,114.8,3,,,,,,,,,,,,,,,,,115.2,207,115.3,625,,,,,,,,,,,,,,,,
2026-07-09T14:00:11.921487+00:00,2026-07-09T14:00:11.921392,3,2,115.1,0.2,115.0,825,114.8,3,114.6,500,,,,,,,,,,,,,,,115.2,207,115.3,625,,,,,,,,,,,,,,,,
2026-07-09T14:00:11.926843+00:00,2026-07-09T14:00:11.926685,3,2,115.1,0.2,115.0,825,114.8,3,114.6,500,,,,,,,,,,,,,,,115.2,707,115.3,625,,,,,,,,,,,,,,,,
2026-07-09T14:00:11.942594+00:00,2026-07-09T14:00:11.942451,3,2,115.1,0.2,115.0,825,114.8,3,114.6,500,,,,,,,,,,,,,,,115.2,706,115.3,625,,,,,,,,,,,,,,,,
2026-07-09T14:00:12.024830+00:00,2026-07-09T14:00:12.024998,3,2,115.1,0.2,115.0,625,114.8,3,114.6,500,,,,,,,,,,,,,,,115.2,706,115.3,625,,,,,,,,,,,,,,,,
2026-07-09T14:00:12.030318+00:00,2026-07-09T14:00:12.030249,3,2,115.1,0.2,115.0,625,114.8,203,114.6,500,,,,,,,,,,,,,,,115.2,506,115.3,625,,,,,,,,,,,,,,,,
2026-07-09T14:00:12.035570+00:00,2026-07-09T14:00:12.035491,3,2,115.1,0.2,115.0,425,114.8,203,114.6,500,,,,,,,,,,,,,,,115.2,506,115.3,625,,,,,,,,,,,,,,,,
2026-07-09T14:00:12.181905+00:00,2026-07-09T14:00:12.181856,2,1,115.0,0.4,114.8,203,114.6,500,,,,,,,,,,,,,,,,,115.2,506,,,,,,,,,,,,,,,,,,
2026-07-09T14:00:12.187177+00:00,2026-07-09T14:00:12.187130,3,2,115.0,0.2,114.9,625,114.8,203,114.6,500,,,,,,,,,,,,,,,115.1,625,115.2,506,,,,,,,,,,,,,,,,
2026-07-09T14:00:12.508128+00:00,2026-07-09T14:00:12.507972,2,2,115.0,0.2,114.9,625,114.8,203,,,,,,,,,,,,,,,,,115.1,625,115.2,506,,,,,,,,,,,,,,,,
2026-07-09T14:00:12.513398+00:00,2026-07-09T14:00:12.513290,2,2,115.0,0.2,114.9,625,114.8,203,,,,,,,,,,,,,,,,,115.1,625,115.2,6,,,,,,,,,,,,,,,,
2026-07-09T14:00:12.523861+00:00,2026-07-09T14:00:12.523780,3,2,115.0,0.2,114.9,625,114.8,203,114.5,500,,,,,,,,,,,,,,,115.1,625,115.2,6,,,,,,,,,,,,,,,,
2026-07-09T14:00:12.534337+00:00,2026-07-09T14:00:12.534227,3,2,115.0,0.2,114.9,625,114.8,203,114.5,500,,,,,,,,,,,,,,,115.1,625,115.2,506,,,,,,,,,,,,,,,,
2026-07-09T14:00:12.887161+00:00,2026-07-09T14:00:12.887068,3,2,115.0,0.2,114.9,625,114.8,203,114.5,500,,,,,,,,,,,,,,,115.1,625,115.2,505,,,,,,,,,,,,,,,,
2026-07-09T14:00:13.106196+00:00,2026-07-09T14:00:13.106133,2,2,115.0,0.2,114.9,625,114.8,203,,,,,,,,,,,,,,,,,115.1,625,115.2,505,,,,,,,,,,,,,,,,
2026-07-09T14:00:13.116657+00:00,2026-07-09T14:00:13.116599,2,2,115.0,0.2,114.9,625,114.8,203,,,,,,,,,,,,,,,,,115.1,625,115.2,5,,,,,,,,,,,,,,,,
2026-07-09T14:00:13.121974+00:00,2026-07-09T14:00:13.121891,3,2,115.0,0.2,114.9,625,114.8,203,114.5,500,,,,,,,,,,,,,,,115.1,625,115.2,5,,,,,,,,,,,,,,,,
2026-07-09T14:00:13.132445+00:00,2026-07-09T14:00:13.132409,3,2,115.0,0.2,114.9,625,114.8,203,114.5,500,,,,,,,,,,,,,,,115.1,625,115.2,505,,,,,,,,,,,,,,,,
2026-07-09T14:00:13.241020+00:00,2026-07-09T14:00:13.240932,3,2,115.0,0.2,114.9,825,114.8,3,114.5,500,,,,,,,,,,,,,,,115.1,625,115.2,505,,,,,,,,,,,,,,,,
2026-07-09T14:00:13.246199+00:00,2026-07-09T14:00:13.246118,3,2,115.0,0.2,114.9,825,114.8,3,114.5,500,,,,,,,,,,,,,,,115.1,825,115.2,505,,,,,,,,,,,,,,,,
2026-07-09T14:00:13.493125+00:00,2026-07-09T14:00:13.492998,3,2,115.0,0.2,114.9,200,114.8,3,114.5,500,,,,,,,,,,,,,,,115.1,825,115.2,505,,,,,,,,,,,,,,,,
2026-07-09T14:00:13.498436+00:00,2026-07-09T14:00:13.498294,4,2,115.05,0.1,115.0,625,114.9,200,114.8,3,114.5,500,,,,,,,,,,,,,115.1,200,115.2,505,,,,,,,,,,,,,,,,
2026-07-09T14:00:13.503636+00:00,2026-07-09T14:00:13.503503,4,2,115.05,0.1,115.0,625,114.9,200,114.8,3,114.5,500,,,,,,,,,,,,,115.1,200,115.2,1130,,,,,,,,,,,,,,,,
2026-07-09T14:00:13.714489+00:00,2026-07-09T14:00:13.714206,3,2,115.05,0.1,115.0,625,114.9,200,114.8,3,,,,,,,,,,,,,,,115.1,200,115.2,1130,,,,,,,,,,,,,,,,
2026-07-09T14:00:13.719730+00:00,2026-07-09T14:00:13.719619,3,2,115.05,0.1,115.0,625,114.9,200,114.8,3,,,,,,,,,,,,,,,115.1,200,115.2,630,,,,,,,,,,,,,,,,
2026-07-09T14:00:13.730320+00:00,2026-07-09T14:00:13.730142,4,2,115.05,0.1,115.0,625,114.9,200,114.8,3,114.6,500,,,,,,,,,,,,,115.1,200,115.2,630,,,,,,,,,,,,,,,,
2026-07-09T14:00:13.735545+00:00,2026-07-09T14:00:13.735434,4,2,115.05,0.1,115.0,625,114.9,200,114.8,3,114.6,500,,,,,,,,,,,,,115.1,200,115.2,1130,,,,,,,,,,,,,,,,
2026-07-09T14:00:14.347370+00:00,2026-07-09T14:00:14.347246,3,2,115.05,0.1,115.0,625,114.9,200,114.8,3,,,,,,,,,,,,,,,115.1,200,115.2,1130,,,,,,,,,,,,,,,,
2026-07-09T14:00:14.358627+00:00,2026-07-09T14:00:14.358168,4,2,115.05,0.1,115.0,625,114.9,200,114.8,3,114.6,500,,,,,,,,,,,,,115.1,200,115.2,630,,,,,,,,,,,,,,,,
2026-07-09T14:00:14.376009+00:00,2026-07-09T14:00:14.375938,4,2,115.05,0.1,115.0,625,114.9,200,114.8,3,114.6,500,,,,,,,,,,,,,115.1,200,115.2,1130,,,,,,,,,,,,,,,,
2026-07-09T14:00:14.451080+00:00,2026-07-09T14:00:14.451243,3,1,115.1,0.2,115.0,625,114.8,3,114.6,500,,,,,,,,,,,,,,,115.2,1130,,,,,,,,,,,,,,,,,,
2026-07-09T14:00:14.458654+00:00,2026-07-09T14:00:14.456499,4,2,115.05,0.1,115.0,625,114.9,200,114.8,3,114.6,500,,,,,,,,,,,,,115.1,200,115.2,1130,,,,,,,,,,,,,,,,
2026-07-09T14:00:14.803188+00:00,2026-07-09T14:00:14.803134,3,2,115.0,0.2,114.9,200,114.8,3,114.6,500,,,,,,,,,,,,,,,115.1,200,115.2,1130,,,,,,,,,,,,,,,,
2026-07-09T14:00:14.808453+00:00,2026-07-09T14:00:14.808347,3,2,115.0,0.2,114.9,200,114.8,3,114.6,500,,,,,,,,,,,,,,,115.1,200,115.2,505,,,,,,,,,,,,,,,,
2026-07-09T14:00:14.813747+00:00,2026-07-09T14:00:14.813616,4,1,115.15,0.1,115.1,425,114.9,200,114.8,3,114.6,500,,,,,,,,,,,,,115.2,505,,,,,,,,,,,,,,,,,,
2026-07-09T14:00:14.818964+00:00,2026-07-09T14:00:14.818846,4,2,115.15,0.1,115.1,425,114.9,200,114.8,3,114.6,500,,,,,,,,,,,,,115.2,505,115.3,625,,,,,,,,,,,,,,,,
2026-07-09T14:00:14.935856+00:00,2026-07-09T14:00:14.935749,4,2,115.15,0.1,115.1,425,114.9,200,114.8,3,114.6,500,,,,,,,,,,,,,115.2,504,115.3,625,,,,,,,,,,,,,,,,
2026-07-09T14:00:14.951740+00:00,2026-07-09T14:00:14.951581,3,2,115.15,0.1,115.1,425,114.9,200,114.8,3,,,,,,,,,,,,,,,115.2,504,115.3,625,,,,,,,,,,,,,,,,
2026-07-09T14:00:14.958761+00:00,2026-07-09T14:00:14.956944,3,2,115.15,0.1,115.1,425,114.9,200,114.8,3,,,,,,,,,,,,,,,115.2,4,115.3,625,,,,,,,,,,,,,,,,
2026-07-09T14:00:14.970106+00:00,2026-07-09T14:00:14.970030,4,2,115.15,0.1,115.1,425,114.9,200,114.8,3,114.6,500,,,,,,,,,,,,,115.2,4,115.3,625,,,,,,,,,,,,,,,,
2026-07-09T14:00:14.980538+00:00,2026-07-09T14:00:14.980506,4,2,115.15,0.1,115.1,425,114.9,200,114.8,3,114.6,500,,,,,,,,,,,,,115.2,4,115.3,1125,,,,,,,,,,,,,,,,
2026-07-09T14:00:15.449357+00:00,2026-07-09T14:00:15.449231,4,2,115.15,0.1,115.1,413,114.9,200,114.8,3,114.6,500,,,,,,,,,,,,,115.2,4,115.3,1125,,,,,,,,,,,,,,,,
2026-07-09T14:00:15.549893+00:00,2026-07-09T14:00:15.550015,3,2,115.15,0.1,115.1,413,114.9,200,114.8,3,,,,,,,,,,,,,,,115.2,4,115.3,1125,,,,,,,,,,,,,,,,
2026-07-09T14:00:15.560663+00:00,2026-07-09T14:00:15.560443,3,2,115.15,0.1,115.1,413,114.9,200,114.8,3,,,,,,,,,,,,,,,115.2,4,115.3,625,,,,,,,,,,,,,,,,
2026-07-09T14:00:15.565833+00:00,2026-07-09T14:00:15.565730,4,2,115.15,0.1,115.1,413,114.9,200,114.8,3,114.6,500,,,,,,,,,,,,,115.2,4,115.3,625,,,,,,,,,,,,,,,,
2026-07-09T14:00:15.576404+00:00,2026-07-09T14:00:15.576220,4,2,115.15,0.1,115.1,413,114.9,200,114.8,3,114.6,500,,,,,,,,,,,,,115.2,4,115.3,1125,,,,,,,,,,,,,,,,
2026-07-09T14:00:15.658781+00:00,2026-07-09T14:00:15.655244,3,2,115.15,0.1,115.1,413,114.8,3,114.6,500,,,,,,,,,,,,,,,115.2,4,115.3,1125,,,,,,,,,,,,,,,,
2026-07-09T14:00:15.669044+00:00,2026-07-09T14:00:15.668925,4,2,115.15,0.1,115.1,413,115.0,200,114.8,3,114.6,500,,,,,,,,,,,,,115.2,204,115.3,1125,,,,,,,,,,,,,,,,
2026-07-09T14:00:15.936531+00:00,2026-07-09T14:00:15.936461,4,2,115.15,0.1,115.1,413,115.0,200,114.8,3,114.6,500,,,,,,,,,,,,,115.2,203,115.3,1125,,,,,,,,,,,,,,,,
2026-07-09T14:00:16.124371+00:00,2026-07-09T14:00:16.124332,3,2,115.1,0.2,115.0,200,114.8,3,114.6,500,,,,,,,,,,,,,,,115.2,203,115.3,500,,,,,,,,,,,,,,,,
2026-07-09T14:00:16.134829+00:00,2026-07-09T14:00:16.134803,4,2,115.25,0.1,115.2,422,115.0,200,114.8,3,114.6,500,,,,,,,,,,,,,115.3,500,115.4,625,,,,,,,,,,,,,,,,
2026-07-09T14:00:16.155725+00:00,2026-07-09T14:00:16.155609,3,2,115.25,0.1,115.2,422,115.0,200,114.8,3,,,,,,,,,,,,,,,115.3,503,115.4,625,,,,,,,,,,,,,,,,
2026-07-09T14:00:16.161123+00:00,2026-07-09T14:00:16.160954,3,2,115.25,0.1,115.2,422,115.0,200,114.8,3,,,,,,,,,,,,,,,115.3,3,115.4,625,,,,,,,,,,,,,,,,
2026-07-09T14:00:16.176646+00:00,2026-07-09T14:00:16.176541,4,2,115.25,0.1,115.2,422,115.0,200,114.8,3,114.6,500,,,,,,,,,,,,,115.3,3,115.4,625,,,,,,,,,,,,,,,,
2026-07-09T14:00:16.181896+00:00,2026-07-09T14:00:16.181822,4,2,115.25,0.1,115.2,422,115.0,200,114.8,3,114.6,500,,,,,,,,,,,,,115.3,503,115.4,625,,,,,,,,,,,,,,,,
2026-07-09T14:00:16.758632+00:00,2026-07-09T14:00:16.753376,3,2,115.25,0.1,115.2,422,115.0,200,114.8,3,,,,,,,,,,,,,,,115.3,503,115.4,625,,,,,,,,,,,,,,,,
2026-07-09T14:00:16.763790+00:00,2026-07-09T14:00:16.763727,3,2,115.25,0.1,115.2,422,115.0,200,114.8,3,,,,,,,,,,,,,,,115.3,3,115.4,625,,,,,,,,,,,,,,,,
2026-07-09T14:00:16.774337+00:00,2026-07-09T14:00:16.774191,4,2,115.25,0.1,115.2,422,115.0,200,114.8,3,114.6,500,,,,,,,,,,,,,115.3,3,115.4,625,,,,,,,,,,,,,,,,
2026-07-09T14:00:16.784808+00:00,2026-07-09T14:00:16.784702,4,2,115.25,0.1,115.2,422,115.0,200,114.8,3,114.6,500,,,,,,,,,,,,,115.3,503,115.4,625,,,,,,,,,,,,,,,,
2026-07-09T14:00:16.870381+00:00,2026-07-09T14:00:16.870331,3,2,115.25,0.1,115.2,622,114.8,3,114.6,500,,,,,,,,,,,,,,,115.3,503,115.4,825,,,,,,,,,,,,,,,,
2026-07-09T14:00:17.316419+00:00,2026-07-09T14:00:17.316234,3,2,115.25,0.1,115.2,621,114.8,3,114.6,500,,,,,,,,,,,,,,,115.3,503,115.4,825,,,,,,,,,,,,,,,,
2026-07-09T14:00:17.360410+00:00,2026-07-09T14:00:17.360259,2,2,115.25,0.1,115.2,621,114.8,3,,,,,,,,,,,,,,,,,115.3,503,115.4,825,,,,,,,,,,,,,,,,
2026-07-09T14:00:17.365594+00:00,2026-07-09T14:00:17.365565,2,2,115.25,0.1,115.2,621,114.8,3,,,,,,,,,,,,,,,,,115.3,3,115.4,825,,,,,,,,,,,,,,,,
2026-07-09T14:00:17.376149+00:00,2026-07-09T14:00:17.376014,3,2,115.25,0.1,115.2,621,114.8,3,114.7,500,,,,,,,,,,,,,,,115.3,3,115.4,825,,,,,,,,,,,,,,,,
2026-07-09T14:00:17.386712+00:00,2026-07-09T14:00:17.386548,3,2,115.25,0.1,115.2,621,114.8,3,114.7,500,,,,,,,,,,,,,,,115.3,503,115.4,825,,,,,,,,,,,,,,,,
2026-07-09T14:00:17.440091+00:00,2026-07-09T14:00:17.439959,3,2,115.25,0.1,115.2,200,114.8,3,114.7,500,,,,,,,,,,,,,,,115.3,503,115.4,825,,,,,,,,,,,,,,,,
2026-07-09T14:00:17.445076+00:00,2026-07-09T14:00:17.445243,4,2,115.25,0.1,115.2,200,115.1,625,114.8,3,114.7,500,,,,,,,,,,,,,115.3,503,115.4,200,,,,,,,,,,,,,,,,
2026-07-09T14:00:17.450588+00:00,2026-07-09T14:00:17.450453,4,2,115.25,0.1,115.2,200,115.1,625,114.8,3,114.7,500,,,,,,,,,,,,,115.3,1128,115.4,200,,,,,,,,,,,,,,,,
2026-07-09T14:00:17.458619+00:00,2026-07-09T14:00:17.455859,4,2,115.25,0.1,115.2,188,115.1,625,114.8,3,114.7,500,,,,,,,,,,,,,115.3,1128,115.4,200,,,,,,,,,,,,,,,,
2026-07-09T14:00:17.517371+00:00,2026-07-09T14:00:17.517281,3,2,115.25,0.1,115.2,188,115.1,625,114.7,500,,,,,,,,,,,,,,,115.3,1125,115.4,200,,,,,,,,,,,,,,,,
2026-07-09T14:00:17.564234+00:00,2026-07-09T14:00:17.564168,3,2,115.25,0.1,115.2,178,115.1,625,114.7,500,,,,,,,,,,,,,,,115.3,1125,115.4,200,,,,,,,,,,,,,,,,
2026-07-09T14:00:17.777820+00:00,2026-07-09T14:00:17.777735,3,2,115.25,0.1,115.2,168,115.1,625,114.7,500,,,,,,,,,,,,,,,115.3,1125,115.4,200,,,,,,,,,,,,,,,,
2026-07-09T14:00:17.964525+00:00,2026-07-09T14:00:17.964352,2,2,115.25,0.1,115.2,168,115.1,625,,,,,,,,,,,,,,,,,115.3,1125,115.4,200,,,,,,,,,,,,,,,,
2026-07-09T14:00:17.969713+00:00,2026-07-09T14:00:17.969678,2,2,115.25,0.1,115.2,168,115.1,625,,,,,,,,,,,,,,,,,115.3,625,115.4,200,,,,,,,,,,,,,,,,
2026-07-09T14:00:17.980242+00:00,2026-07-09T14:00:17.980139,3,2,115.25,0.1,115.2,168,115.1,625,114.6,500,,,,,,,,,,,,,,,115.3,625,115.4,200,,,,,,,,,,,,,,,,
2026-07-09T14:00:17.985500+00:00,2026-07-09T14:00:17.985430,3,2,115.25,0.1,115.2,168,115.1,625,114.6,500,,,,,,,,,,,,,,,115.3,1125,115.4,200,,,,,,,,,,,,,,,,
2026-07-09T14:00:18.006500+00:00,2026-07-09T14:00:18.006446,3,2,115.25,0.1,115.2,158,115.1,625,114.6,500,,,,,,,,,,,,,,,115.3,1125,115.4,200,,,,,,,,,,,,,,,,
2026-07-09T14:00:18.077710+00:00,2026-07-09T14:00:18.077879,2,1,115.2,0.2,115.1,625,114.6,500,,,,,,,,,,,,,,,,,115.3,1125,,,,,,,,,,,,,,,,,,
2026-07-09T14:00:18.083165+00:00,2026-07-09T14:00:18.083111,2,1,115.2,0.2,115.1,825,114.6,500,,,,,,,,,,,,,,,,,115.3,1325,,,,,,,,,,,,,,,,,,
2026-07-09T14:00:18.224125+00:00,2026-07-09T14:00:18.224073,2,1,115.2,0.2,115.1,815,114.6,500,,,,,,,,,,,,,,,,,115.3,1325,,,,,,,,,,,,,,,,,,
2026-07-09T14:00:18.436786+00:00,2026-07-09T14:00:18.436632,2,1,115.2,0.2,115.1,810,114.6,500,,,,,,,,,,,,,,,,,115.3,1325,,,,,,,,,,,,,,,,,,
2026-07-09T14:00:18.470055+00:00,2026-07-09T14:00:18.469923,2,1,115.2,0.2,115.1,810,114.6,500,,,,,,,,,,,,,,,,,115.3,1320,,,,,,,,,,,,,,,,,,
2026-07-09T14:00:18.566849+00:00,2026-07-09T14:00:18.566705,1,1,115.2,0.2,115.1,810,,,,,,,,,,,,,,,,,,,115.3,1320,,,,,,,,,,,,,,,,,,
2026-07-09T14:00:18.577324+00:00,2026-07-09T14:00:18.577159,1,1,115.2,0.2,115.1,810,,,,,,,,,,,,,,,,,,,115.3,820,,,,,,,,,,,,,,,,,,
2026-07-09T14:00:18.582516+00:00,2026-07-09T14:00:18.582459,2,1,115.2,0.2,115.1,810,114.6,500,,,,,,,,,,,,,,,,,115.3,820,,,,,,,,,,,,,,,,,,
2026-07-09T14:00:18.593115+00:00,2026-07-09T14:00:18.592903,2,1,115.2,0.2,115.1,810,114.6,500,,,,,,,,,,,,,,,,,115.3,1320,,,,,,,,,,,,,,,,,,
2026-07-09T14:00:18.658893+00:00,2026-07-09T14:00:18.658720,2,1,115.2,0.2,115.1,808,114.6,500,,,,,,,,,,,,,,,,,115.3,1320,,,,,,,,,,,,,,,,,,
2026-07-09T14:00:18.753462+00:00,2026-07-09T14:00:18.753306,2,1,115.2,0.2,115.1,200,114.6,500,,,,,,,,,,,,,,,,,115.3,1320,,,,,,,,,,,,,,,,,,
2026-07-09T14:00:18.758716+00:00,2026-07-09T14:00:18.758596,3,1,115.25,0.1,115.2,625,115.1,200,114.6,500,,,,,,,,,,,,,,,115.3,700,,,,,,,,,,,,,,,,,,
2026-07-09T14:00:18.763978+00:00,2026-07-09T14:00:18.763861,3,2,115.25,0.1,115.2,625,115.1,200,114.6,500,,,,,,,,,,,,,,,115.3,700,115.4,625,,,,,,,,,,,,,,,,
2026-07-09T14:00:19.158726+00:00,2026-07-09T14:00:19.158379,2,2,115.25,0.1,115.2,625,115.1,200,,,,,,,,,,,,,,,,,115.3,700,115.4,625,,,,,,,,,,,,,,,,
2026-07-09T14:00:19.176364+00:00,2026-07-09T14:00:19.176190,2,2,115.25,0.1,115.2,625,115.1,200,,,,,,,,,,,,,,,,,115.3,200,115.4,625,,,,,,,,,,,,,,,,
2026-07-09T14:00:19.186864+00:00,2026-07-09T14:00:19.186669,3,2,115.25,0.1,115.2,625,115.1,200,114.6,500,,,,,,,,,,,,,,,115.3,200,115.4,625,,,,,,,,,,,,,,,,
2026-07-09T14:00:19.197305+00:00,2026-07-09T14:00:19.197184,3,2,115.25,0.1,115.2,125,115.1,200,114.6,500,,,,,,,,,,,,,,,115.3,200,115.4,625,,,,,,,,,,,,,,,,
2026-07-09T14:00:19.289710+00:00,2026-07-09T14:00:19.289673,2,1,115.3,0.2,115.2,125,114.6,500,,,,,,,,,,,,,,,,,115.4,625,,,,,,,,,,,,,,,,,,
2026-07-09T14:00:19.295004+00:00,2026-07-09T14:00:19.294914,2,1,115.3,0.2,115.2,325,114.6,500,,,,,,,,,,,,,,,,,115.4,825,,,,,,,,,,,,,,,,,,
2026-07-09T14:00:19.339426+00:00,2026-07-09T14:00:19.339364,2,1,115.3,0.2,115.2,325,114.6,500,,,,,,,,,,,,,,,,,115.4,805,,,,,,,,,,,,,,,,,,
2026-07-09T14:00:19.771893+00:00,2026-07-09T14:00:19.771719,1,1,115.3,0.2,115.2,325,,,,,,,,,,,,,,,,,,,115.4,805,,,,,,,,,,,,,,,,,,
2026-07-09T14:00:19.777260+00:00,2026-07-09T14:00:19.777060,2,1,115.3,0.2,115.2,325,114.6,500,,,,,,,,,,,,,,,,,115.4,805,,,,,,,,,,,,,,,,,,
2026-07-09T14:00:19.787608+00:00,2026-07-09T14:00:19.787514,2,2,115.25,0.1,115.2,325,114.6,500,,,,,,,,,,,,,,,,,115.3,500,115.4,805,,,,,,,,,,,,,,,,
2026-07-09T14:00:19.977041+00:00,2026-07-09T14:00:19.976959,2,2,115.25,0.1,115.2,325,114.6,500,,,,,,,,,,,,,,,,,115.3,493,115.4,805,,,,,,,,,,,,,,,,
2026-07-09T14:00:20.069098+00:00,2026-07-09T14:00:20.069289,2,2,115.25,0.1,115.2,200,114.6,500,,,,,,,,,,,,,,,,,115.3,493,115.4,200,,,,,,,,,,,,,,,,
2026-07-09T14:00:20.074675+00:00,2026-07-09T14:00:20.074543,3,2,115.25,0.1,115.2,200,115.0,625,114.6,500,,,,,,,,,,,,,,,115.3,493,115.4,200,,,,,,,,,,,,,,,,
2026-07-09T14:00:20.080075+00:00,2026-07-09T14:00:20.079827,2,3,115.1,0.2,115.0,625,114.6,500,,,,,,,,,,,,,,,,,115.2,425,115.3,493,115.4,200,,,,,,,,,,,,,,
2026-07-09T14:00:20.085164+00:00,2026-07-09T14:00:20.085118,2,3,115.1,0.2,115.0,628,114.6,500,,,,,,,,,,,,,,,,,115.2,425,115.3,493,115.4,200,,,,,,,,,,,,,,
2026-07-09T14:00:20.294204+00:00,2026-07-09T14:00:20.294065,2,3,115.1,0.2,115.0,625,114.6,500,,,,,,,,,,,,,,,,,115.2,425,115.3,493,115.4,200,,,,,,,,,,,,,,
2026-07-09T14:00:20.299385+00:00,2026-07-09T14:00:20.299337,2,3,115.1,0.2,115.0,628,114.6,500,,,,,,,,,,,,,,,,,115.2,425,115.3,493,115.4,200,,,,,,,,,,,,,,
2026-07-09T14:00:20.401920+00:00,2026-07-09T14:00:20.401838,1,3,115.1,0.2,115.0,628,,,,,,,,,,,,,,,,,,,115.2,425,115.3,493,115.4,200,,,,,,,,,,,,,,
2026-07-09T14:00:20.407250+00:00,2026-07-09T14:00:20.407146,1,2,115.1,0.2,115.0,628,,,,,,,,,,,,,,,,,,,115.2,425,115.4,200,,,,,,,,,,,,,,,,
2026-07-09T14:00:20.417714+00:00,2026-07-09T14:00:20.417643,2,2,115.1,0.2,115.0,628,114.6,500,,,,,,,,,,,,,,,,,115.2,425,115.4,200,,,,,,,,,,,,,,,,
2026-07-09T14:00:20.422998+00:00,2026-07-09T14:00:20.422936,2,3,115.1,0.2,115.0,628,114.6,500,,,,,,,,,,,,,,,,,115.2,425,115.3,500,115.4,200,,,,,,,,,,,,,,
2026-07-09T14:00:20.455830+00:00,2026-07-09T14:00:20.454690,2,3,115.1,0.2,115.0,616,114.6,500,,,,,,,,,,,,,,,,,115.2,425,115.3,500,115.4,200,,,,,,,,,,,,,,
2026-07-09T14:00:20.514004+00:00,2026-07-09T14:00:20.512533,3,2,115.15,0.1,115.1,189,115.0,613,114.6,500,,,,,,,,,,,,,,,115.2,425,115.3,700,,,,,,,,,,,,,,,,
2026-07-09T14:00:21.005434+00:00,2026-07-09T14:00:21.005219,2,2,115.15,0.1,115.1,189,115.0,613,,,,,,,,,,,,,,,,,115.2,425,115.3,700,,,,,,,,,,,,,,,,
2026-07-09T14:00:21.015457+00:00,2026-07-09T14:00:21.015585,2,2,115.15,0.1,115.1,189,115.0,613,,,,,,,,,,,,,,,,,115.2,425,115.3,200,,,,,,,,,,,,,,,,
2026-07-09T14:00:21.021076+00:00,2026-07-09T14:00:21.020869,3,2,115.15,0.1,115.1,189,115.0,613,114.6,500,,,,,,,,,,,,,,,115.2,425,115.3,200,,,,,,,,,,,,,,,,
2026-07-09T14:00:21.026229+00:00,2026-07-09T14:00:21.026156,3,2,115.15,0.1,115.1,189,115.0,613,114.6,500,,,,,,,,,,,,,,,115.2,425,115.3,700,,,,,,,,,,,,,,,,
2026-07-09T14:00:21.382749+00:00,2026-07-09T14:00:21.382891,2,2,115.15,0.1,115.1,189,114.6,500,,,,,,,,,,,,,,,,,115.2,425,115.3,700,,,,,,,,,,,,,,,,
2026-07-09T14:00:21.388246+00:00,2026-07-09T14:00:21.388171,3,1,115.2,0.2,115.1,189,115.0,625,114.6,500,,,,,,,,,,,,,,,115.3,700,,,,,,,,,,,,,,,,,,
2026-07-09T14:00:21.393479+00:00,2026-07-09T14:00:21.393400,3,1,115.2,0.2,115.1,189,115.0,625,114.6,500,,,,,,,,,,,,,,,115.3,1325,,,,,,,,,,,,,,,,,,
2026-07-09T14:00:21.608756+00:00,2026-07-09T14:00:21.608864,2,1,115.2,0.2,115.1,189,115.0,625,,,,,,,,,,,,,,,,,115.3,1325,,,,,,,,,,,,,,,,,,
2026-07-09T14:00:21.619501+00:00,2026-07-09T14:00:21.619386,2,1,115.2,0.2,115.1,189,115.0,625,,,,,,,,,,,,,,,,,115.3,825,,,,,,,,,,,,,,,,,,
2026-07-09T14:00:21.630018+00:00,2026-07-09T14:00:21.629873,3,1,115.2,0.2,115.1,189,115.0,625,114.7,500,,,,,,,,,,,,,,,115.3,825,,,,,,,,,,,,,,,,,,
2026-07-09T14:00:21.640230+00:00,2026-07-09T14:00:21.640331,3,1,115.2,0.2,115.1,189,115.0,625,114.7,500,,,,,,,,,,,,,,,115.3,1325,,,,,,,,,,,,,,,,,,
2026-07-09T14:00:21.686907+00:00,2026-07-09T14:00:21.686839,3,1,115.2,0.2,115.1,169,115.0,625,114.7,500,,,,,,,,,,,,,,,115.3,1325,,,,,,,,,,,,,,,,,,
2026-07-09T14:00:21.710576+00:00,2026-07-09T14:00:21.710365,2,1,115.15,0.3,115.0,625,114.7,500,,,,,,,,,,,,,,,,,115.3,1325,,,,,,,,,,,,,,,,,,
2026-07-09T14:00:21.727906+00:00,2026-07-09T14:00:21.726268,3,2,115.25,0.1,115.2,188,115.0,625,114.7,500,,,,,,,,,,,,,,,115.3,1125,115.4,200,,,,,,,,,,,,,,,,
2026-07-09T14:00:22.213507+00:00,2026-07-09T14:00:22.213315,2,2,115.25,0.1,115.2,188,115.0,625,,,,,,,,,,,,,,,,,115.3,1125,115.4,200,,,,,,,,,,,,,,,,
2026-07-09T14:00:22.218778+00:00,2026-07-09T14:00:22.218620,2,2,115.25,0.1,115.2,188,115.0,710,,,,,,,,,,,,,,,,,115.3,1125,115.4,200,,,,,,,,,,,,,,,,
2026-07-09T14:00:22.223775+00:00,2026-07-09T14:00:22.223917,2,2,115.25,0.1,115.2,188,115.0,710,,,,,,,,,,,,,,,,,115.3,625,115.4,200,,,,,,,,,,,,,,,,
2026-07-09T14:00:22.234617+00:00,2026-07-09T14:00:22.234427,3,2,115.25,0.1,115.2,188,115.0,710,114.6,500,,,,,,,,,,,,,,,115.3,625,115.4,200,,,,,,,,,,,,,,,,
2026-07-09T14:00:22.239817+00:00,2026-07-09T14:00:22.239730,3,2,115.25,0.1,115.2,188,115.0,710,114.6,500,,,,,,,,,,,,,,,115.3,1125,115.4,200,,,,,,,,,,,,,,,,
2026-07-09T14:00:22.269037+00:00,2026-07-09T14:00:22.268838,3,2,115.25,0.1,115.2,188,115.0,671,114.6,500,,,,,,,,,,,,,,,115.3,1125,115.4,200,,,,,,,,,,,,,,,,
2026-07-09T14:00:22.344377+00:00,2026-07-09T14:00:22.344269,3,2,115.25,0.1,115.2,188,115.0,662,114.6,500,,,,,,,,,,,,,,,115.3,1125,115.4,200,,,,,,,,,,,,,,,,
2026-07-09T14:00:22.698325+00:00,2026-07-09T14:00:22.698480,3,2,115.25,0.1,115.2,188,115.0,37,114.6,500,,,,,,,,,,,,,,,115.3,1125,115.4,200,,,,,,,,,,,,,,,,
2026-07-09T14:00:22.703955+00:00,2026-07-09T14:00:22.703821,3,2,115.25,0.1,115.2,188,115.0,662,114.6,500,,,,,,,,,,,,,,,115.3,500,115.4,200,,,,,,,,,,,,,,,,
2026-07-09T14:00:22.714484+00:00,2026-07-09T14:00:22.714339,2,3,115.1,0.2,115.0,662,114.6,500,,,,,,,,,,,,,,,,,115.2,437,115.3,500,115.4,200,,,,,,,,,,,,,,
2026-07-09T14:00:22.813253+00:00,2026-07-09T14:00:22.813060,1,3,115.1,0.2,115.0,662,,,,,,,,,,,,,,,,,,,115.2,437,115.3,500,115.4,200,,,,,,,,,,,,,,
2026-07-09T14:00:22.818586+00:00,2026-07-09T14:00:22.818395,1,2,115.1,0.2,115.0,662,,,,,,,,,,,,,,,,,,,115.2,437,115.4,200,,,,,,,,,,,,,,,,
2026-07-09T14:00:22.829016+00:00,2026-07-09T14:00:22.828853,2,2,115.1,0.2,115.0,662,114.6,500,,,,,,,,,,,,,,,,,115.2,437,115.4,200,,,,,,,,,,,,,,,,
2026-07-09T14:00:22.834265+00:00,2026-07-09T14:00:22.834166,2,3,115.1,0.2,115.0,662,114.6,500,,,,,,,,,,,,,,,,,115.2,437,115.3,500,115.4,200,,,,,,,,,,,,,,
2026-07-09T14:00:22.925048+00:00,2026-07-09T14:00:22.924888,2,2,115.1,0.2,115.0,662,114.6,500,,,,,,,,,,,,,,,,,115.2,437,115.3,500,,,,,,,,,,,,,,,,
2026-07-09T14:00:22.935273+00:00,2026-07-09T14:00:22.935382,2,2,115.1,0.2,115.0,662,114.6,500,,,,,,,,,,,,,,,,,115.2,237,115.3,500,,,,,,,,,,,,,,,,
2026-07-09T14:00:22.940788+00:00,2026-07-09T14:00:22.940655,2,3,115.1,0.2,115.0,662,114.6,500,,,,,,,,,,,,,,,,,115.2,237,115.3,500,115.4,200,,,,,,,,,,,,,,
2026-07-09T14:00:23.228886+00:00,2026-07-09T14:00:23.228773,2,3,115.1,0.2,115.0,635,114.6,500,,,,,,,,,,,,,,,,,115.2,237,115.3,500,115.4,200,,,,,,,,,,,,,,
2026-07-09T14:00:23.415790+00:00,2026-07-09T14:00:23.415617,1,3,115.1,0.2,115.0,635,,,,,,,,,,,,,,,,,,,115.2,237,115.3,500,115.4,200,,,,,,,,,,,,,,
2026-07-09T14:00:23.421025+00:00,2026-07-09T14:00:23.420916,1,2,115.1,0.2,115.0,635,,,,,,,,,,,,,,,,,,,115.2,237,115.4,200,,,,,,,,,,,,,,,,
2026-07-09T14:00:23.431498+00:00,2026-07-09T14:00:23.431371,2,2,115.1,0.2,115.0,635,114.6,500,,,,,,,,,,,,,,,,,115.2,237,115.4,200,,,,,,,,,,,,,,,,
2026-07-09T14:00:23.436709+00:00,2026-07-09T14:00:23.436681,2,3,115.1,0.2,115.0,635,114.6,500,,,,,,,,,,,,,,,,,115.2,237,115.3,500,115.4,200,,,,,,,,,,,,,,
2026-07-09T14:00:23.779950+00:00,2026-07-09T14:00:23.778475,2,3,115.1,0.2,115.0,635,114.6,500,,,,,,,,,,,,,,,,,115.2,225,115.3,500,115.4,200,,,,,,,,,,,,,,
2026-07-09T14:00:24.016158+00:00,2026-07-09T14:00:24.016063,2,3,115.1,0.2,115.0,10,114.6,500,,,,,,,,,,,,,,,,,115.2,225,115.3,500,115.4,200,,,,,,,,,,,,,,
2026-07-09T14:00:24.021385+00:00,2026-07-09T14:00:24.021322,1,2,115.15,0.3,115.0,10,,,,,,,,,,,,,,,,,,,115.3,500,115.4,200,,,,,,,,,,,,,,,,
2026-07-09T14:00:24.037261+00:00,2026-07-09T14:00:24.037112,1,1,115.2,0.4,115.0,10,,,,,,,,,,,,,,,,,,,115.4,200,,,,,,,,,,,,,,,,,,
2026-07-09T14:00:24.047770+00:00,2026-07-09T14:00:24.047606,2,1,115.2,0.4,115.0,10,114.7,500,,,,,,,,,,,,,,,,,115.4,200,,,,,,,,,,,,,,,,,,
2026-07-09T14:00:24.058745+00:00,2026-07-09T14:00:24.052957,2,1,115.2,0.4,115.0,10,114.7,500,,,,,,,,,,,,,,,,,115.4,700,,,,,,,,,,,,,,,,,,
2026-07-09T14:00:24.069757+00:00,2026-07-09T14:00:24.069660,1,1,115.05,0.7,114.7,500,,,,,,,,,,,,,,,,,,,115.4,700,,,,,,,,,,,,,,,,,,
2026-07-09T14:00:24.075007+00:00,2026-07-09T14:00:24.074926,2,1,115.25,0.3,115.1,625,114.7,500,,,,,,,,,,,,,,,,,115.4,700,,,,,,,,,,,,,,,,,,
2026-07-09T14:00:24.080304+00:00,2026-07-09T14:00:24.080164,2,2,115.2,0.2,115.1,625,114.7,500,,,,,,,,,,,,,,,,,115.3,625,115.4,700,,,,,,,,,,,,,,,,
2026-07-09T14:00:24.145288+00:00,2026-07-09T14:00:24.145164,3,2,115.2,0.2,115.1,625,115.0,200,114.7,500,,,,,,,,,,,,,,,115.3,625,115.4,500,,,,,,,,,,,,,,,,
2026-07-09T14:00:24.150507+00:00,2026-07-09T14:00:24.150398,3,3,115.15,0.1,115.1,625,115.0,200,114.7,500,,,,,,,,,,,,,,,115.2,200,115.3,625,115.4,500,,,,,,,,,,,,,,
2026-07-09T14:00:24.407812+00:00,2026-07-09T14:00:24.407951,3,3,115.15,0.1,115.1,625,115.0,209,114.7,500,,,,,,,,,,,,,,,115.2,200,115.3,625,115.4,500,,,,,,,,,,,,,,
2026-07-09T14:00:24.614716+00:00,2026-07-09T14:00:24.614622,3,3,115.15,0.1,115.1,625,115.0,205,114.7,500,,,,,,,,,,,,,,,115.2,200,115.3,625,115.4,500,,,,,,,,,,,,,,
2026-07-09T14:00:24.619932+00:00,2026-07-09T14:00:24.619809,2,3,115.15,0.1,115.1,625,115.0,205,,,,,,,,,,,,,,,,,115.2,200,115.3,625,115.4,500,,,,,,,,,,,,,,
2026-07-09T14:00:24.625280+00:00,2026-07-09T14:00:24.625126,2,2,115.15,0.1,115.1,625,115.0,205,,,,,,,,,,,,,,,,,115.2,200,115.3,625,,,,,,,,,,,,,,,,
2026-07-09T14:00:24.631521+00:00,2026-07-09T14:00:24.631408,3,2,115.15,0.1,115.1,625,115.0,205,114.7,500,,,,,,,,,,,,,,,115.2,200,115.3,625,,,,,,,,,,,,,,,,
2026-07-09T14:00:24.658561+00:00,2026-07-09T14:00:24.647023,3,3,115.15,0.1,115.1,625,115.0,205,114.7,500,,,,,,,,,,,,,,,115.2,200,115.3,625,115.4,500,,,,,,,,,,,,,,
2026-07-09T14:00:25.225229+00:00,2026-07-09T14:00:25.225001,2,3,115.15,0.1,115.1,625,115.0,205,,,,,,,,,,,,,,,,,115.2,200,115.3,625,115.4,500,,,,,,,,,,,,,,
2026-07-09T14:00:25.230387+00:00,2026-07-09T14:00:25.230337,2,2,115.15,0.1,115.1,625,115.0,205,,,,,,,,,,,,,,,,,115.2,200,115.3,625,,,,,,,,,,,,,,,,
2026-07-09T14:00:25.240994+00:00,2026-07-09T14:00:25.240818,3,2,115.15,0.1,115.1,625,115.0,205,114.7,500,,,,,,,,,,,,,,,115.2,200,115.3,625,,,,,,,,,,,,,,,,
2026-07-09T14:00:25.246210+00:00,2026-07-09T14:00:25.246107,3,3,115.15,0.1,115.1,625,115.0,205,114.7,500,,,,,,,,,,,,,,,115.2,200,115.3,625,115.4,500,,,,,,,,,,,,,,
2026-07-09T14:00:25.353830+00:00,2026-07-09T14:00:25.353792,3,2,115.2,0.2,115.1,625,115.0,205,114.7,500,,,,,,,,,,,,,,,115.3,625,115.4,500,,,,,,,,,,,,,,,,
2026-07-09T14:00:25.359058+00:00,2026-07-09T14:00:25.359013,3,3,115.15,0.1,115.1,625,115.0,205,114.7,500,,,,,,,,,,,,,,,115.2,200,115.3,625,115.4,500,,,,,,,,,,,,,,
2026-07-09T14:00:25.381030+00:00,2026-07-09T14:00:25.381008,2,2,115.1,0.2,115.0,205,114.7,500,,,,,,,,,,,,,,,,,115.2,200,115.4,500,,,,,,,,,,,,,,,,
2026-07-09T14:00:25.386382+00:00,2026-07-09T14:00:25.386250,3,2,115.15,0.1,115.1,625,115.0,205,114.7,500,,,,,,,,,,,,,,,115.2,200,115.4,1125,,,,,,,,,,,,,,,,
2026-07-09T14:00:25.827870+00:00,2026-07-09T14:00:25.827840,2,2,115.15,0.1,115.1,625,115.0,205,,,,,,,,,,,,,,,,,115.2,200,115.4,1125,,,,,,,,,,,,,,,,
2026-07-09T14:00:25.838498+00:00,2026-07-09T14:00:25.838356,2,2,115.15,0.1,115.1,625,115.0,205,,,,,,,,,,,,,,,,,115.2,200,115.4,625,,,,,,,,,,,,,,,,
2026-07-09T14:00:25.854218+00:00,2026-07-09T14:00:25.854062,3,2,115.15,0.1,115.1,625,115.0,205,114.8,500,,,,,,,,,,,,,,,115.2,200,115.4,625,,,,,,,,,,,,,,,,
2026-07-09T14:00:25.864707+00:00,2026-07-09T14:00:25.864541,3,3,115.15,0.1,115.1,625,115.0,205,114.8,500,,,,,,,,,,,,,,,115.2,200,115.4,625,115.5,500,,,,,,,,,,,,,,
2026-07-09T14:00:26.464386+00:00,2026-07-09T14:00:26.464270,2,3,115.15,0.1,115.1,625,115.0,205,,,,,,,,,,,,,,,,,115.2,200,115.4,625,115.5,500,,,,,,,,,,,,,,
2026-07-09T14:00:26.469676+00:00,2026-07-09T14:00:26.469587,2,2,115.15,0.1,115.1,625,115.0,205,,,,,,,,,,,,,,,,,115.2,200,115.4,625,,,,,,,,,,,,,,,,
2026-07-09T14:00:26.480238+00:00,2026-07-09T14:00:26.480121,3,2,115.15,0.1,115.1,625,115.0,205,114.8,500,,,,,,,,,,,,,,,115.2,200,115.4,625,,,,,,,,,,,,,,,,
2026-07-09T14:00:26.485527+00:00,2026-07-09T14:00:26.485445,3,3,115.15,0.1,115.1,625,115.0,205,114.8,500,,,,,,,,,,,,,,,115.2,200,115.4,625,115.5,500,,,,,,,,,,,,,,
2026-07-09T14:00:26.558792+00:00,2026-07-09T14:00:26.558707,3,4,115.15,0.1,115.1,625,115.0,205,114.8,500,,,,,,,,,,,,,,,115.2,200,115.3,2,115.4,625,115.5,500,,,,,,,,,,,,
2026-07-09T14:00:26.569408+00:00,2026-07-09T14:00:26.569372,3,3,115.2,0.2,115.1,625,115.0,5,114.8,500,,,,,,,,,,,,,,,115.3,2,115.4,625,115.5,500,,,,,,,,,,,,,,
2026-07-09T14:00:26.574722+00:00,2026-07-09T14:00:26.574624,3,4,115.15,0.1,115.1,625,115.0,205,114.8,500,,,,,,,,,,,,,,,115.2,200,115.3,2,115.4,625,115.5,500,,,,,,,,,,,,
2026-07-09T14:00:26.634041+00:00,2026-07-09T14:00:26.634181,3,4,115.15,0.1,115.1,625,115.0,205,114.8,500,,,,,,,,,,,,,,,115.2,200,115.3,1,115.4,625,115.5,500,,,,,,,,,,,,
2026-07-09T14:00:26.691894+00:00,2026-07-09T14:00:26.691753,2,3,115.1,0.2,115.0,205,114.8,500,,,,,,,,,,,,,,,,,115.2,200,115.3,1,115.5,500,,,,,,,,,,,,,,
2026-07-09T14:00:26.697076+00:00,2026-07-09T14:00:26.696980,3,3,115.15,0.1,115.1,625,115.0,205,114.8,500,,,,,,,,,,,,,,,115.2,200,115.3,1,115.5,500,,,,,,,,,,,,,,
2026-07-09T14:00:26.702359+00:00,2026-07-09T14:00:26.702290,3,3,115.15,0.1,115.1,625,115.0,205,114.8,500,,,,,,,,,,,,,,,115.2,200,115.3,626,115.5,500,,,,,,,,,,,,,,
2026-07-09T14:00:26.770223+00:00,2026-07-09T14:00:26.768694,3,3,115.15,0.1,115.1,613,115.0,205,114.8,500,,,,,,,,,,,,,,,115.2,200,115.3,626,115.5,500,,,,,,,,,,,,,,
2026-07-09T14:00:26.855174+00:00,2026-07-09T14:00:26.855043,3,3,115.15,0.1,115.1,599,115.0,205,114.8,500,,,,,,,,,,,,,,,115.2,200,115.3,626,115.5,500,,,,,,,,,,,,,,
2026-07-09T14:00:27.058560+00:00,2026-07-09T14:00:27.056514,2,3,115.15,0.1,115.1,599,115.0,205,,,,,,,,,,,,,,,,,115.2,200,115.3,626,115.5,500,,,,,,,,,,,,,,
2026-07-09T14:00:27.069884+00:00,2026-07-09T14:00:27.069800,2,2,115.15,0.1,115.1,599,115.0,205,,,,,,,,,,,,,,,,,115.2,200,115.3,626,,,,,,,,,,,,,,,,
2026-07-09T14:00:27.080353+00:00,2026-07-09T14:00:27.080270,3,2,115.15,0.1,115.1,599,115.0,205,114.9,500,,,,,,,,,,,,,,,115.2,200,115.3,626,,,,,,,,,,,,,,,,
2026-07-09T14:00:27.085653+00:00,2026-07-09T14:00:27.085612,3,3,115.15,0.1,115.1,599,115.0,205,114.9,500,,,,,,,,,,,,,,,115.2,200,115.3,626,115.5,500,,,,,,,,,,,,,,
2026-07-09T14:00:27.328726+00:00,2026-07-09T14:00:27.328591,3,3,115.15,0.1,115.1,599,115.0,205,114.9,500,,,,,,,,,,,,,,,115.2,200,115.3,625,115.5,500,,,,,,,,,,,,,,
2026-07-09T14:00:27.598985+00:00,2026-07-09T14:00:27.598920,3,3,115.15,0.1,115.1,603,115.0,205,114.9,500,,,,,,,,,,,,,,,115.2,204,115.3,625,115.5,500,,,,,,,,,,,,,,
2026-07-09T14:00:27.669277+00:00,2026-07-09T14:00:27.669117,2,3,115.15,0.1,115.1,603,115.0,205,,,,,,,,,,,,,,,,,115.2,204,115.3,625,115.5,500,,,,,,,,,,,,,,
2026-07-09T14:00:27.674576+00:00,2026-07-09T14:00:27.674447,2,2,115.15,0.1,115.1,603,115.0,205,,,,,,,,,,,,,,,,,115.2,204,115.3,625,,,,,,,,,,,,,,,,
2026-07-09T14:00:27.679883+00:00,2026-07-09T14:00:27.679775,3,2,115.15,0.1,115.1,603,115.0,205,114.9,500,,,,,,,,,,,,,,,115.2,204,115.3,625,,,,,,,,,,,,,,,,
2026-07-09T14:00:27.690050+00:00,2026-07-09T14:00:27.683240,3,3,115.15,0.1,115.1,603,115.0,205,114.9,500,,,,,,,,,,,,,,,115.2,204,115.3,625,115.6,500,,,,,,,,,,,,,,
2026-07-09T14:00:27.781904+00:00,2026-07-09T14:00:27.781775,3,3,115.15,0.1,115.1,603,115.0,205,114.9,500,,,,,,,,,,,,,,,115.2,4,115.3,625,115.6,500,,,,,,,,,,,,,,
2026-07-09T14:00:27.787090+00:00,2026-07-09T14:00:27.787006,3,3,115.15,0.1,115.1,603,115.0,205,114.9,500,,,,,,,,,,,,,,,115.2,204,115.3,625,115.6,500,,,,,,,,,,,,,,
2026-07-09T14:00:28.009766+00:00,2026-07-09T14:00:28.009680,3,2,115.15,0.1,115.1,4,115.0,830,114.9,500,,,,,,,,,,,,,,,115.2,204,115.6,500,,,,,,,,,,,,,,,,
2026-07-09T14:00:28.015012+00:00,2026-07-09T14:00:28.014911,3,2,115.15,0.1,115.1,4,115.0,830,114.9,500,,,,,,,,,,,,,,,115.2,829,115.6,500,,,,,,,,,,,,,,,,
2026-07-09T14:00:28.123566+00:00,2026-07-09T14:00:28.123480,2,2,115.1,0.2,115.0,830,114.9,500,,,,,,,,,,,,,,,,,115.2,829,115.6,500,,,,,,,,,,,,,,,,
2026-07-09T14:00:28.269891+00:00,2026-07-09T14:00:28.270060,1,2,115.1,0.2,115.0,830,,,,,,,,,,,,,,,,,,,115.2,829,115.6,500,,,,,,,,,,,,,,,,
2026-07-09T14:00:28.285873+00:00,2026-07-09T14:00:28.285778,1,1,115.1,0.2,115.0,830,,,,,,,,,,,,,,,,,,,115.2,829,,,,,,,,,,,,,,,,,,
2026-07-09T14:00:28.291173+00:00,2026-07-09T14:00:28.291100,2,1,115.1,0.2,115.0,830,114.9,500,,,,,,,,,,,,,,,,,115.2,829,,,,,,,,,,,,,,,,,,
2026-07-09T14:00:28.301689+00:00,2026-07-09T14:00:28.301547,2,2,115.1,0.2,115.0,830,114.9,500,,,,,,,,,,,,,,,,,115.2,829,115.6,500,,,,,,,,,,,,,,,,
2026-07-09T14:00:28.392253+00:00,2026-07-09T14:00:28.392081,2,2,115.1,0.2,115.0,822,114.9,500,,,,,,,,,,,,,,,,,115.2,829,115.6,500,,,,,,,,,,,,,,,,
2026-07-09T14:00:28.617979+00:00,2026-07-09T14:00:28.617814,2,2,115.1,0.2,115.0,822,114.9,500,,,,,,,,,,,,,,,,,115.2,825,115.6,500,,,,,,,,,,,,,,,,
2026-07-09T14:00:28.628431+00:00,2026-07-09T14:00:28.628353,2,2,115.1,0.2,115.0,825,114.9,500,,,,,,,,,,,,,,,,,115.2,825,115.6,500,,,,,,,,,,,,,,,,
2026-07-09T14:00:28.633708+00:00,2026-07-09T14:00:28.633657,2,2,115.1,0.2,115.0,825,114.9,500,,,,,,,,,,,,,,,,,115.2,828,115.6,500,,,,,,,,,,,,,,,,
2026-07-09T14:00:28.880360+00:00,2026-07-09T14:00:28.880205,1,2,115.1,0.2,115.0,825,,,,,,,,,,,,,,,,,,,115.2,828,115.6,500,,,,,,,,,,,,,,,,
2026-07-09T14:00:28.885673+00:00,2026-07-09T14:00:28.885486,1,1,115.1,0.2,115.0,825,,,,,,,,,,,,,,,,,,,115.2,828,,,,,,,,,,,,,,,,,,
2026-07-09T14:00:28.895815+00:00,2026-07-09T14:00:28.895903,2,1,115.1,0.2,115.0,825,114.9,500,,,,,,,,,,,,,,,,,115.2,828,,,,,,,,,,,,,,,,,,
2026-07-09T14:00:28.901385+00:00,2026-07-09T14:00:28.901208,2,2,115.1,0.2,115.0,825,114.9,500,,,,,,,,,,,,,,,,,115.2,828,115.6,500,,,,,,,,,,,,,,,,
2026-07-09T14:00:28.986499+00:00,2026-07-09T14:00:28.986437,2,2,115.1,0.2,115.0,628,114.9,500,,,,,,,,,,,,,,,,,115.2,828,115.6,500,,,,,,,,,,,,,,,,
2026-07-09T14:00:28.991798+00:00,2026-07-09T14:00:28.991719,3,3,115.15,0.1,115.1,200,115.0,628,114.9,500,,,,,,,,,,,,,,,115.2,628,115.3,200,115.6,500,,,,,,,,,,,,,,
2026-07-09T14:00:29.318973+00:00,2026-07-09T14:00:29.318878,3,3,115.15,0.1,115.1,825,115.0,3,114.9,500,,,,,,,,,,,,,,,115.2,3,115.3,200,115.6,500,,,,,,,,,,,,,,
2026-07-09T14:00:29.324210+00:00,2026-07-09T14:00:29.324089,3,3,115.15,0.1,115.1,825,115.0,3,114.9,500,,,,,,,,,,,,,,,115.2,3,115.3,825,115.6,500,,,,,,,,,,,,,,
2026-07-09T14:00:29.422113+00:00,2026-07-09T14:00:29.422078,3,3,115.15,0.1,115.1,813,115.0,3,114.9,500,,,,,,,,,,,,,,,115.2,3,115.3,825,115.6,500,,,,,,,,,,,,,,
2026-07-09T14:00:29.474560+00:00,2026-07-09T14:00:29.474470,2,3,115.15,0.1,115.1,813,115.0,3,,,,,,,,,,,,,,,,,115.2,3,115.3,825,115.6,500,,,,,,,,,,,,,,
2026-07-09T14:00:29.485120+00:00,2026-07-09T14:00:29.484975,2,2,115.15,0.1,115.1,813,115.0,3,,,,,,,,,,,,,,,,,115.2,3,115.3,825,,,,,,,,,,,,,,,,
2026-07-09T14:00:29.490347+00:00,2026-07-09T14:00:29.490289,3,2,115.15,0.1,115.1,813,115.0,3,114.9,500,,,,,,,,,,,,,,,115.2,3,115.3,825,,,,,,,,,,,,,,,,
2026-07-09T14:00:29.500902+00:00,2026-07-09T14:00:29.500881,3,3,115.15,0.1,115.1,813,115.0,3,114.9,500,,,,,,,,,,,,,,,115.2,3,115.3,825,115.6,500,,,,,,,,,,,,,,
2026-07-09T14:00:29.668970+00:00,2026-07-09T14:00:29.668886,2,3,115.15,0.1,115.1,816,114.9,500,,,,,,,,,,,,,,,,,115.2,3,115.3,825,115.6,500,,,,,,,,,,,,,,
2026-07-09T14:00:30.078290+00:00,2026-07-09T14:00:30.078124,1,3,115.15,0.1,115.1,816,,,,,,,,,,,,,,,,,,,115.2,3,115.3,825,115.6,500,,,,,,,,,,,,,,
2026-07-09T14:00:30.088748+00:00,2026-07-09T14:00:30.088667,1,2,115.15,0.1,115.1,816,,,,,,,,,,,,,,,,,,,115.2,3,115.3,825,,,,,,,,,,,,,,,,
2026-07-09T14:00:30.099193+00:00,2026-07-09T14:00:30.099111,2,2,115.15,0.1,115.1,816,114.8,500,,,,,,,,,,,,,,,,,115.2,3,115.3,825,,,,,,,,,,,,,,,,
2026-07-09T14:00:30.109765+00:00,2026-07-09T14:00:30.109567,2,3,115.15,0.1,115.1,816,114.8,500,,,,,,,,,,,,,,,,,115.2,3,115.3,825,115.5,500,,,,,,,,,,,,,,
2026-07-09T14:00:30.199491+00:00,2026-07-09T14:00:30.199369,2,3,115.15,0.1,115.1,628,114.8,500,,,,,,,,,,,,,,,,,115.2,3,115.3,625,115.5,500,,,,,,,,,,,,,,
2026-07-09T14:00:30.204766+00:00,2026-07-09T14:00:30.204627,2,3,115.15,0.1,115.1,428,114.8,700,,,,,,,,,,,,,,,,,115.2,3,115.3,625,115.5,500,,,,,,,,,,,,,,
2026-07-09T14:00:30.433824+00:00,2026-07-09T14:00:30.433778,2,3,115.15,0.1,115.1,428,114.8,700,,,,,,,,,,,,,,,,,115.2,3,115.3,632,115.5,500,,,,,,,,,,,,,,
2026-07-09T14:00:30.479322+00:00,2026-07-09T14:00:30.479236,3,3,115.15,0.1,115.1,428,115.0,4,114.8,700,,,,,,,,,,,,,,,115.2,3,115.3,632,115.5,500,,,,,,,,,,,,,,
2026-07-09T14:00:30.628326+00:00,2026-07-09T14:00:30.628258,3,3,115.15,0.1,115.1,3,115.0,4,114.8,700,,,,,,,,,,,,,,,115.2,3,115.3,7,115.5,500,,,,,,,,,,,,,,
2026-07-09T14:00:30.633567+00:00,2026-07-09T14:00:30.633510,3,4,115.15,0.1,115.1,628,115.0,4,114.8,700,,,,,,,,,,,,,,,115.2,3,115.3,7,115.4,625,115.5,500,,,,,,,,,,,,
2026-07-09T14:00:30.679922+00:00,2026-07-09T14:00:30.679788,3,4,115.15,0.1,115.1,628,115.0,4,114.8,200,,,,,,,,,,,,,,,115.2,3,115.3,7,115.4,625,115.5,500,,,,,,,,,,,,
2026-07-09T14:00:30.690440+00:00,2026-07-09T14:00:30.690259,3,3,115.15,0.1,115.1,628,115.0,4,114.8,200,,,,,,,,,,,,,,,115.2,3,115.3,7,115.4,625,,,,,,,,,,,,,,
2026-07-09T14:00:30.695639+00:00,2026-07-09T14:00:30.695564,3,3,115.15,0.1,115.1,628,115.0,4,114.8,700,,,,,,,,,,,,,,,115.2,3,115.3,7,115.4,625,,,,,,,,,,,,,,
2026-07-09T14:00:30.700897+00:00,2026-07-09T14:00:30.700868,3,4,115.15,0.1,115.1,628,115.0,4,114.8,700,,,,,,,,,,,,,,,115.2,3,115.3,7,115.4,625,115.5,500,,,,,,,,,,,,
2026-07-09T14:00:30.711425+00:00,2026-07-09T14:00:30.711376,3,4,115.15,0.1,115.1,625,115.0,4,114.8,700,,,,,,,,,,,,,,,115.2,3,115.3,7,115.4,625,115.5,500,,,,,,,,,,,,
2026-07-09T14:00:30.722095+00:00,2026-07-09T14:00:30.722002,3,3,115.2,0.2,115.1,625,115.0,4,114.8,700,,,,,,,,,,,,,,,115.3,7,115.4,625,115.5,500,,,,,,,,,,,,,,
2026-07-09T14:00:30.727283+00:00,2026-07-09T14:00:30.727222,3,3,115.2,0.2,115.1,628,115.0,4,114.8,700,,,,,,,,,,,,,,,115.3,7,115.4,625,115.5,500,,,,,,,,,,,,,,
2026-07-09T14:00:30.732626+00:00,2026-07-09T14:00:30.732486,3,4,115.15,0.1,115.1,628,115.0,4,114.8,700,,,,,,,,,,,,,,,115.2,3,115.3,7,115.4,625,115.5,500,,,,,,,,,,,,
2026-07-09T14:00:31.335756+00:00,2026-07-09T14:00:31.306084,3,4,115.15,0.1,115.1,628,115.0,4,114.8,700,,,,,,,,,,,,,,,115.2,3,115.3,7,115.4,625,115.5,500,,,,,,,,,,,,
2026-07-09T14:00:31.413093+00:00,2026-07-09T14:00:31.412959,3,4,115.15,0.1,115.1,628,115.0,4,114.8,700,,,,,,,,,,,,,,,115.2,3,115.3,7,115.4,625,115.5,500,,,,,,,,,,,,
2026-07-09T14:00:31.418284+00:00,2026-07-09T14:00:31.418220,3,4,115.15,0.1,115.1,428,115.0,4,114.8,700,,,,,,,,,,,,,,,115.2,3,115.3,7,115.4,625,115.5,500,,,,,,,,,,,,
2026-07-09T14:00:31.748154+00:00,2026-07-09T14:00:31.748071,3,3,115.2,0.2,115.1,425,115.0,4,114.8,700,,,,,,,,,,,,,,,115.3,7,115.4,625,115.5,500,,,,,,,,,,,,,,
2026-07-09T14:00:31.758624+00:00,2026-07-09T14:00:31.753325,3,4,115.15,0.1,115.1,428,115.0,4,114.8,700,,,,,,,,,,,,,,,115.2,3,115.3,7,115.4,625,115.5,500,,,,,,,,,,,,
2026-07-09T14:00:31.888197+00:00,2026-07-09T14:00:31.888049,3,4,115.15,0.1,115.1,428,115.0,4,114.8,200,,,,,,,,,,,,,,,115.2,3,115.3,7,115.4,625,115.5,500,,,,,,,,,,,,
2026-07-09T14:00:31.893442+00:00,2026-07-09T14:00:31.893402,3,3,115.15,0.1,115.1,428,115.0,4,114.8,200,,,,,,,,,,,,,,,115.2,3,115.3,7,115.4,625,,,,,,,,,,,,,,
2026-07-09T14:00:31.903994+00:00,2026-07-09T14:00:31.903911,3,3,115.15,0.1,115.1,428,115.0,4,114.8,700,,,,,,,,,,,,,,,115.2,3,115.3,7,115.4,625,,,,,,,,,,,,,,
2026-07-09T14:00:31.914459+00:00,2026-07-09T14:00:31.914414,3,4,115.15,0.1,115.1,428,115.0,4,114.8,700,,,,,,,,,,,,,,,115.2,3,115.3,7,115.4,625,115.5,500,,,,,,,,,,,,
2026-07-09T14:00:31.945894+00:00,2026-07-09T14:00:31.945839,3,4,115.15,0.1,115.1,3,115.0,4,114.8,700,,,,,,,,,,,,,,,115.2,3,115.3,7,115.4,625,115.5,500,,,,,,,,,,,,
2026-07-09T14:00:31.951237+00:00,2026-07-09T14:00:31.951093,3,3,115.15,0.1,115.1,3,115.0,4,114.8,700,,,,,,,,,,,,,,,115.2,3,115.3,7,115.5,500,,,,,,,,,,,,,,
2026-07-09T14:00:31.958804+00:00,2026-07-09T14:00:31.958691,4,3,115.15,0.1,115.1,3,115.0,4,114.9,625,114.8,700,,,,,,,,,,,,,115.2,3,115.3,7,115.5,500,,,,,,,,,,,,,,
2026-07-09T14:00:31.964107+00:00,2026-07-09T14:00:31.964046,3,4,115.05,0.1,115.0,4,114.9,625,114.8,700,,,,,,,,,,,,,,,115.1,622,115.2,3,115.3,7,115.5,500,,,,,,,,,,,,
2026-07-09T14:00:32.437446+00:00,2026-07-09T14:00:32.426447,3,4,115.05,0.1,115.0,4,114.9,625,114.8,700,,,,,,,,,,,,,,,115.1,622,115.2,3,115.3,4,115.5,500,,,,,,,,,,,,
2026-07-09T14:00:32.525066+00:00,2026-07-09T14:00:32.524931,3,4,115.05,0.1,115.0,4,114.9,625,114.8,200,,,,,,,,,,,,,,,115.1,622,115.2,3,115.3,4,115.5,500,,,,,,,,,,,,
2026-07-09T14:00:32.535737+00:00,2026-07-09T14:00:32.535510,3,3,115.05,0.1,115.0,4,114.9,625,114.8,200,,,,,,,,,,,,,,,115.1,622,115.2,3,115.3,4,,,,,,,,,,,,,,
2026-07-09T14:00:32.540886+00:00,2026-07-09T14:00:32.540820,4,3,115.05,0.1,115.0,4,114.9,625,114.8,200,114.7,500,,,,,,,,,,,,,115.1,622,115.2,3,115.3,4,,,,,,,,,,,,,,
2026-07-09T14:00:32.551423+00:00,2026-07-09T14:00:32.551322,4,4,115.05,0.1,115.0,4,114.9,625,114.8,200,114.7,500,,,,,,,,,,,,,115.1,622,115.2,3,115.3,4,115.4,500,,,,,,,,,,,,
2026-07-09T14:00:32.619587+00:00,2026-07-09T14:00:32.619499,3,4,115.05,0.1,115.0,4,114.9,825,114.7,500,,,,,,,,,,,,,,,115.1,622,115.2,3,115.3,4,115.4,500,,,,,,,,,,,,
2026-07-09T14:00:32.624866+00:00,2026-07-09T14:00:32.624756,3,4,115.05,0.1,115.0,4,114.9,825,114.7,500,,,,,,,,,,,,,,,115.1,822,115.2,3,115.3,4,115.4,500,,,,,,,,,,,,
2026-07-09T14:00:32.780040+00:00,2026-07-09T14:00:32.779917,3,3,115.05,0.1,115.0,7,114.9,825,114.7,500,,,,,,,,,,,,,,,115.1,822,115.3,4,115.4,500,,,,,,,,,,,,,,
2026-07-09T14:00:32.785284+00:00,2026-07-09T14:00:32.785235,3,3,115.05,0.1,115.0,7,114.9,825,114.7,500,,,,,,,,,,,,,,,115.1,825,115.3,4,115.4,500,,,,,,,,,,,,,,
2026-07-09T14:00:33.127713+00:00,2026-07-09T14:00:33.127596,2,3,115.05,0.1,115.0,7,114.9,825,,,,,,,,,,,,,,,,,115.1,825,115.3,4,115.4,500,,,,,,,,,,,,,,
2026-07-09T14:00:33.138315+00:00,2026-07-09T14:00:33.138107,2,2,115.05,0.1,115.0,7,114.9,825,,,,,,,,,,,,,,,,,115.1,825,115.3,4,,,,,,,,,,,,,,,,
2026-07-09T14:00:33.148760+00:00,2026-07-09T14:00:33.148666,3,2,115.05,0.1,115.0,7,114.9,825,114.7,500,,,,,,,,,,,,,,,115.1,825,115.3,4,,,,,,,,,,,,,,,,
2026-07-09T14:00:33.158626+00:00,2026-07-09T14:00:33.154036,3,2,115.05,0.1,115.0,7,114.9,825,114.7,500,,,,,,,,,,,,,,,115.1,825,115.3,504,,,,,,,,,,,,,,,,
2026-07-09T14:00:33.263882+00:00,2026-07-09T14:00:33.263824,3,2,115.05,0.1,115.0,7,114.9,200,114.7,500,,,,,,,,,,,,,,,115.1,825,115.3,504,,,,,,,,,,,,,,,,
2026-07-09T14:00:33.269115+00:00,2026-07-09T14:00:33.269084,3,2,115.05,0.1,115.0,7,114.9,825,114.7,500,,,,,,,,,,,,,,,115.1,828,115.3,504,,,,,,,,,,,,,,,,
2026-07-09T14:00:33.730470+00:00,2026-07-09T14:00:33.730367,2,2,115.05,0.1,115.0,7,114.9,825,,,,,,,,,,,,,,,,,115.1,828,115.3,504,,,,,,,,,,,,,,,,
2026-07-09T14:00:33.735755+00:00,2026-07-09T14:00:33.735720,2,2,115.05,0.1,115.0,7,114.9,825,,,,,,,,,,,,,,,,,115.1,828,115.3,4,,,,,,,,,,,,,,,,
2026-07-09T14:00:33.746349+00:00,2026-07-09T14:00:33.746213,3,2,115.05,0.1,115.0,7,114.9,825,114.6,500,,,,,,,,,,,,,,,115.1,828,115.3,4,,,,,,,,,,,,,,,,
2026-07-09T14:00:33.758692+00:00,2026-07-09T14:00:33.756666,3,2,115.05,0.1,115.0,7,114.9,825,114.6,500,,,,,,,,,,,,,,,115.1,828,115.3,504,,,,,,,,,,,,,,,,
2026-07-09T14:00:33.769067+00:00,2026-07-09T14:00:33.768818,3,2,115.05,0.1,115.0,7,114.9,825,114.6,500,,,,,,,,,,,,,,,115.1,828,115.3,503,,,,,,,,,,,,,,,,
2026-07-09T14:00:33.802620+00:00,2026-07-09T14:00:33.802816,3,2,115.05,0.1,115.0,4,114.9,825,114.6,500,,,,,,,,,,,,,,,115.1,828,115.3,503,,,,,,,,,,,,,,,,
2026-07-09T14:00:33.808130+00:00,2026-07-09T14:00:33.808010,3,2,115.05,0.1,115.0,4,114.9,825,114.6,500,,,,,,,,,,,,,,,115.1,825,115.3,503,,,,,,,,,,,,,,,,
2026-07-09T14:00:33.813368+00:00,2026-07-09T14:00:33.813261,3,2,115.05,0.1,115.0,7,114.9,825,114.6,500,,,,,,,,,,,,,,,115.1,828,115.3,503,,,,,,,,,,,,,,,,
2026-07-09T14:00:33.823783+00:00,2026-07-09T14:00:33.823752,3,2,115.05,0.1,115.0,7,114.9,625,114.6,500,,,,,,,,,,,,,,,115.1,828,115.3,503,,,,,,,,,,,,,,,,
2026-07-09T14:00:33.829054+00:00,2026-07-09T14:00:33.828959,3,2,115.05,0.1,115.0,7,114.9,625,114.6,500,,,,,,,,,,,,,,,115.1,628,115.3,503,,,,,,,,,,,,,,,,
2026-07-09T14:00:33.834297+00:00,2026-07-09T14:00:33.834185,3,2,115.05,0.1,115.0,207,114.9,625,114.6,500,,,,,,,,,,,,,,,115.1,628,115.3,503,,,,,,,,,,,,,,,,
2026-07-09T14:00:33.839492+00:00,2026-07-09T14:00:33.839406,3,3,115.05,0.1,115.0,207,114.9,625,114.6,500,,,,,,,,,,,,,,,115.1,628,115.2,200,115.3,503,,,,,,,,,,,,,,
2026-07-09T14:00:34.333344+00:00,2026-07-09T14:00:34.333196,2,3,115.05,0.1,115.0,207,114.9,625,,,,,,,,,,,,,,,,,115.1,628,115.2,200,115.3,503,,,,,,,,,,,,,,
2026-07-09T14:00:34.338615+00:00,2026-07-09T14:00:34.338527,2,3,115.05,0.1,115.0,207,114.9,625,,,,,,,,,,,,,,,,,115.1,628,115.2,200,115.3,3,,,,,,,,,,,,,,
2026-07-09T14:00:34.348890+00:00,2026-07-09T14:00:34.348992,3,3,115.05,0.1,115.0,207,114.9,625,114.5,500,,,,,,,,,,,,,,,115.1,628,115.2,200,115.3,3,,,,,,,,,,,,,,
2026-07-09T14:00:34.358780+00:00,2026-07-09T14:00:34.354293,3,3,115.05,0.1,115.0,207,114.9,625,114.5,500,,,,,,,,,,,,,,,115.1,628,115.2,700,115.3,3,,,,,,,,,,,,,,
2026-07-09T14:00:34.558675+00:00,2026-07-09T14:00:34.553231,3,3,115.05,0.1,115.0,207,114.9,625,114.5,500,,,,,,,,,,,,,,,115.1,628,115.2,700,115.3,2,,,,,,,,,,,,,,
2026-07-09T14:00:34.574319+00:00,2026-07-09T14:00:34.574250,2,3,115.05,0.1,115.0,207,114.5,500,,,,,,,,,,,,,,,,,115.1,628,115.2,700,115.3,2,,,,,,,,,,,,,,
2026-07-09T14:00:34.579580+00:00,2026-07-09T14:00:34.579495,3,3,115.05,0.1,115.0,207,114.6,625,114.5,500,,,,,,,,,,,,,,,115.1,3,115.2,700,115.3,2,,,,,,,,,,,,,,
2026-07-09T14:00:34.584621+00:00,2026-07-09T14:00:34.584809,2,4,114.75,0.3,114.6,625,114.5,500,,,,,,,,,,,,,,,,,114.9,418,115.1,3,115.2,700,115.3,2,,,,,,,,,,,,
2026-07-09T14:00:34.597671+00:00,2026-07-09T14:00:34.596259,2,4,114.75,0.3,114.6,625,114.5,500,,,,,,,,,,,,,,,,,114.9,414,115.1,3,115.2,700,115.3,2,,,,,,,,,,,,
2026-07-09T14:00:34.766704+00:00,2026-07-09T14:00:34.766554,3,4,114.85,0.1,114.8,9,114.6,625,114.5,500,,,,,,,,,,,,,,,114.9,414,115.1,3,115.2,700,115.3,2,,,,,,,,,,,,
2026-07-09T14:00:34.839338+00:00,2026-07-09T14:00:34.839282,3,3,114.85,0.1,114.8,12,114.6,625,114.5,500,,,,,,,,,,,,,,,114.9,414,115.2,700,115.3,2,,,,,,,,,,,,,,
2026-07-09T14:00:34.844578+00:00,2026-07-09T14:00:34.844517,3,3,114.85,0.1,114.8,12,114.6,625,114.5,500,,,,,,,,,,,,,,,114.9,417,115.2,700,115.3,2,,,,,,,,,,,,,,
2026-07-09T14:00:34.931922+00:00,2026-07-09T14:00:34.931823,2,3,114.85,0.1,114.8,12,114.6,625,,,,,,,,,,,,,,,,,114.9,417,115.2,700,115.3,2,,,,,,,,,,,,,,
2026-07-09T14:00:34.942412+00:00,2026-07-09T14:00:34.942321,2,3,114.85,0.1,114.8,12,114.6,625,,,,,,,,,,,,,,,,,114.9,417,115.2,200,115.3,2,,,,,,,,,,,,,,
2026-07-09T14:00:34.958562+00:00,2026-07-09T14:00:34.952998,3,4,114.85,0.1,114.8,12,114.6,625,114.4,500,,,,,,,,,,,,,,,114.9,417,115.1,500,115.2,200,115.3,2,,,,,,,,,,,,
2026-07-09T14:00:35.042641+00:00,2026-07-09T14:00:35.042591,3,3,114.85,0.1,114.8,12,114.6,625,114.4,500,,,,,,,,,,,,,,,114.9,417,115.1,500,115.3,2,,,,,,,,,,,,,,
2026-07-09T14:00:35.047921+00:00,2026-07-09T14:00:35.047862,3,3,114.85,0.1,114.8,12,114.6,625,114.4,500,,,,,,,,,,,,,,,114.9,217,115.1,500,115.3,2,,,,,,,,,,,,,,
2026-07-09T14:00:35.058730+00:00,2026-07-09T14:00:35.058655,3,3,114.85,0.1,114.8,12,114.6,625,114.4,500,,,,,,,,,,,,,,,114.9,217,115.1,700,115.3,2,,,,,,,,,,,,,,
2026-07-09T14:00:35.536008+00:00,2026-07-09T14:00:35.535918,2,3,114.85,0.1,114.8,12,114.6,625,,,,,,,,,,,,,,,,,114.9,217,115.1,700,115.3,2,,,,,,,,,,,,,,
2026-07-09T14:00:35.546465+00:00,2026-07-09T14:00:35.546410,2,3,114.85,0.1,114.8,12,114.6,625,,,,,,,,,,,,,,,,,114.9,217,115.1,200,115.3,2,,,,,,,,,,,,,,
2026-07-09T14:00:35.558632+00:00,2026-07-09T14:00:35.557053,3,3,114.85,0.1,114.8,12,114.6,625,114.4,500,,,,,,,,,,,,,,,114.9,217,115.1,700,115.3,2,,,,,,,,,,,,,,
2026-07-09T14:00:35.671780+00:00,2026-07-09T14:00:35.671674,3,3,114.85,0.1,114.8,11,114.6,625,114.4,500,,,,,,,,,,,,,,,114.9,217,115.1,700,115.3,2,,,,,,,,,,,,,,
2026-07-09T14:00:35.800705+00:00,2026-07-09T14:00:35.800634,3,3,114.85,0.1,114.8,10,114.6,625,114.4,500,,,,,,,,,,,,,,,114.9,217,115.1,700,115.3,2,,,,,,,,,,,,,,
2026-07-09T14:00:35.858544+00:00,2026-07-09T14:00:35.854100,3,3,114.85,0.1,114.8,7,114.6,625,114.4,500,,,,,,,,,,,,,,,114.9,217,115.1,700,115.3,2,,,,,,,,,,,,,,
2026-07-09T14:00:35.868954+00:00,2026-07-09T14:00:35.868913,3,3,114.85,0.1,114.8,10,114.6,625,114.4,500,,,,,,,,,,,,,,,114.9,217,115.1,700,115.3,2,,,,,,,,,,,,,,
2026-07-09T14:00:35.889965+00:00,2026-07-09T14:00:35.889887,2,3,114.85,0.1,114.8,10,114.4,500,,,,,,,,,,,,,,,,,114.9,3,115.1,700,115.3,2,,,,,,,,,,,,,,
2026-07-09T14:00:35.895230+00:00,2026-07-09T14:00:35.895151,3,2,115.0,0.2,114.9,622,114.8,10,114.4,500,,,,,,,,,,,,,,,115.1,700,115.3,2,,,,,,,,,,,,,,,,
2026-07-09T14:00:35.900539+00:00,2026-07-09T14:00:35.900404,3,2,115.0,0.2,114.9,622,114.8,10,114.4,500,,,,,,,,,,,,,,,115.1,1325,115.3,2,,,,,,,,,,,,,,,,
2026-07-09T14:00:35.970166+00:00,2026-07-09T14:00:35.970094,3,2,115.0,0.2,114.9,622,114.8,8,114.4,500,,,,,,,,,,,,,,,115.1,1325,115.3,2,,,,,,,,,,,,,,,,
2026-07-09T14:00:36.142448+00:00,2026-07-09T14:00:36.142236,2,2,115.0,0.2,114.9,622,114.8,8,,,,,,,,,,,,,,,,,115.1,1325,115.3,2,,,,,,,,,,,,,,,,
2026-07-09T14:00:36.147622+00:00,2026-07-09T14:00:36.147547,2,2,115.0,0.2,114.9,622,114.8,8,,,,,,,,,,,,,,,,,115.1,825,115.3,2,,,,,,,,,,,,,,,,
2026-07-09T14:00:36.164092+00:00,2026-07-09T14:00:36.163966,3,2,115.0,0.2,114.9,622,114.8,8,114.4,500,,,,,,,,,,,,,,,115.1,825,115.3,2,,,,,,,,,,,,,,,,
2026-07-09T14:00:36.169362+00:00,2026-07-09T14:00:36.169332,3,2,115.0,0.2,114.9,622,114.8,8,114.4,500,,,,,,,,,,,,,,,115.1,1325,115.3,2,,,,,,,,,,,,,,,,
2026-07-09T14:00:36.254889+00:00,2026-07-09T14:00:36.254799,3,2,115.0,0.2,114.9,822,114.8,8,114.4,500,,,,,,,,,,,,,,,115.1,1125,115.3,2,,,,,,,,,,,,,,,,
2026-07-09T14:00:36.260057+00:00,2026-07-09T14:00:36.259998,3,2,115.0,0.2,114.9,822,114.8,8,114.4,500,,,,,,,,,,,,,,,115.1,1325,115.3,2,,,,,,,,,,,,,,,,
2026-07-09T14:00:36.746164+00:00,2026-07-09T14:00:36.746024,2,2,115.0,0.2,114.9,822,114.8,8,,,,,,,,,,,,,,,,,115.1,1325,115.3,2,,,,,,,,,,,,,,,,
2026-07-09T14:00:36.756673+00:00,2026-07-09T14:00:36.756501,2,2,115.0,0.2,114.9,822,114.8,8,,,,,,,,,,,,,,,,,115.1,825,115.3,2,,,,,,,,,,,,,,,,
2026-07-09T14:00:36.767092+00:00,2026-07-09T14:00:36.767036,3,2,115.0,0.2,114.9,822,114.8,8,114.3,500,,,,,,,,,,,,,,,115.1,825,115.3,2,,,,,,,,,,,,,,,,
2026-07-09T14:00:36.777614+00:00,2026-07-09T14:00:36.777506,3,3,114.95,0.1,114.9,822,114.8,8,114.3,500,,,,,,,,,,,,,,,115.0,500,115.1,825,115.3,2,,,,,,,,,,,,,,
2026-07-09T14:00:36.890814+00:00,2026-07-09T14:00:36.890738,3,3,114.95,0.1,114.9,822,114.8,5,114.3,500,,,,,,,,,,,,,,,115.0,500,115.1,825,115.3,2,,,,,,,,,,,,,,
2026-07-09T14:00:36.901358+00:00,2026-07-09T14:00:36.901276,3,3,114.95,0.1,114.9,825,114.8,5,114.3,500,,,,,,,,,,,,,,,115.0,503,115.1,825,115.3,2,,,,,,,,,,,,,,
2026-07-09T14:00:37.198425+00:00,2026-07-09T14:00:37.198292,3,3,114.95,0.1,114.9,203,114.8,5,114.3,500,,,,,,,,,,,,,,,115.0,503,115.1,825,115.3,2,,,,,,,,,,,,,,
2026-07-09T14:00:37.203660+00:00,2026-07-09T14:00:37.203528,3,3,114.95,0.1,114.9,203,114.8,630,114.3,500,,,,,,,,,,,,,,,115.0,503,115.1,200,115.3,2,,,,,,,,,,,,,,
2026-07-09T14:00:37.208839+00:00,2026-07-09T14:00:37.208784,3,3,114.95,0.1,114.9,203,114.8,630,114.3,500,,,,,,,,,,,,,,,115.0,503,115.1,825,115.3,2,,,,,,,,,,,,,,
2026-07-09T14:00:37.348204+00:00,2026-07-09T14:00:37.348090,2,3,114.95,0.1,114.9,203,114.8,630,,,,,,,,,,,,,,,,,115.0,503,115.1,825,115.3,2,,,,,,,,,,,,,,
2026-07-09T14:00:37.358814+00:00,2026-07-09T14:00:37.358601,2,3,114.95,0.1,114.9,203,114.8,630,,,,,,,,,,,,,,,,,115.0,3,115.1,825,115.3,2,,,,,,,,,,,,,,
2026-07-09T14:00:37.363957+00:00,2026-07-09T14:00:37.363913,3,3,114.95,0.1,114.9,203,114.8,630,114.3,500,,,,,,,,,,,,,,,115.0,3,115.1,825,115.3,2,,,,,,,,,,,,,,
2026-07-09T14:00:37.374261+00:00,2026-07-09T14:00:37.374386,3,3,114.95,0.1,114.9,203,114.8,630,114.3,500,,,,,,,,,,,,,,,115.0,503,115.1,825,115.3,2,,,,,,,,,,,,,,
2026-07-09T14:00:37.402404+00:00,2026-07-09T14:00:37.400966,3,3,114.95,0.1,114.9,199,114.8,630,114.3,500,,,,,,,,,,,,,,,115.0,503,115.1,825,115.3,2,,,,,,,,,,,,,,
2026-07-09T14:00:37.463909+00:00,2026-07-09T14:00:37.463863,3,3,114.95,0.1,114.9,203,114.8,630,114.3,500,,,,,,,,,,,,,,,115.0,503,115.1,625,115.3,2,,,,,,,,,,,,,,
2026-07-09T14:00:37.469116+00:00,2026-07-09T14:00:37.469070,3,4,114.95,0.1,114.9,203,114.8,630,114.3,500,,,,,,,,,,,,,,,115.0,503,115.1,625,115.2,200,115.3,2,,,,,,,,,,,,
2026-07-09T14:00:37.920390+00:00,2026-07-09T14:00:37.920367,3,4,114.95,0.1,114.9,200,114.8,630,114.3,500,,,,,,,,,,,,,,,115.0,500,115.1,625,115.2,200,115.3,2,,,,,,,,,,,,
2026-07-09T14:00:37.925680+00:00,2026-07-09T14:00:37.925602,3,4,114.95,0.1,114.9,203,114.8,630,114.3,500,,,,,,,,,,,,,,,115.0,503,115.1,625,115.2,200,115.3,2,,,,,,,,,,,,
2026-07-09T14:00:37.946640+00:00,2026-07-09T14:00:37.946512,2,4,114.95,0.1,114.9,203,114.8,630,,,,,,,,,,,,,,,,,115.0,503,115.1,625,115.2,200,115.3,2,,,,,,,,,,,,
2026-07-09T14:00:37.958628+00:00,2026-07-09T14:00:37.957435,3,4,114.95,0.1,114.9,203,114.8,630,114.3,500,,,,,,,,,,,,,,,115.0,3,115.1,625,115.2,200,115.3,2,,,,,,,,,,,,
2026-07-09T14:00:37.979793+00:00,2026-07-09T14:00:37.979641,2,5,114.85,0.1,114.8,630,114.3,500,,,,,,,,,,,,,,,,,114.9,297,115.0,3,115.1,625,115.2,200,115.3,2,,,,,,,,,,
2026-07-09T14:00:38.322051+00:00,2026-07-09T14:00:38.322012,2,5,114.85,0.1,114.8,610,114.3,500,,,,,,,,,,,,,,,,,114.9,297,115.0,3,115.1,625,115.2,200,115.3,2,,,,,,,,,,
2026-07-09T14:00:38.512207+00:00,2026-07-09T14:00:38.512144,1,5,114.6,0.6,114.3,500,,,,,,,,,,,,,,,,,,,114.9,297,115.0,3,115.1,625,115.2,200,115.3,2,,,,,,,,,,
2026-07-09T14:00:38.517452+00:00,2026-07-09T14:00:38.517345,1,4,114.6,0.6,114.3,500,,,,,,,,,,,,,,,,,,,114.9,297,115.0,3,115.2,200,115.3,2,,,,,,,,,,,,
2026-07-09T14:00:38.522772+00:00,2026-07-09T14:00:38.522639,2,4,114.85,0.1,114.8,625,114.3,500,,,,,,,,,,,,,,,,,114.9,297,115.0,3,115.2,200,115.3,2,,,,,,,,,,,,
2026-07-09T14:00:38.528063+00:00,2026-07-09T14:00:38.527846,2,4,114.85,0.1,114.8,625,114.3,500,,,,,,,,,,,,,,,,,114.9,297,115.0,628,115.2,200,115.3,2,,,,,,,,,,,,
2026-07-09T14:00:38.595783+00:00,2026-07-09T14:00:38.595715,1,4,114.85,0.1,114.8,625,,,,,,,,,,,,,,,,,,,114.9,297,115.0,628,115.2,200,115.3,2,,,,,,,,,,,,
2026-07-09T14:00:38.606380+00:00,2026-07-09T14:00:38.606281,1,3,114.9,0.2,114.8,625,,,,,,,,,,,,,,,,,,,115.0,628,115.2,200,115.3,2,,,,,,,,,,,,,,
2026-07-09T14:00:38.616954+00:00,2026-07-09T14:00:38.616767,2,3,114.9,0.2,114.8,625,114.3,500,,,,,,,,,,,,,,,,,115.0,628,115.2,200,115.3,2,,,,,,,,,,,,,,
2026-07-09T14:00:38.627413+00:00,2026-07-09T14:00:38.627247,2,4,114.85,0.1,114.8,625,114.3,500,,,,,,,,,,,,,,,,,114.9,500,115.0,628,115.2,200,115.3,2,,,,,,,,,,,,
2026-07-09T14:00:38.668706+00:00,2026-07-09T14:00:38.668866,2,3,114.85,0.1,114.8,625,114.3,500,,,,,,,,,,,,,,,,,114.9,500,115.0,628,115.3,2,,,,,,,,,,,,,,
2026-07-09T14:00:38.679621+00:00,2026-07-09T14:00:38.679426,3,3,114.85,0.1,114.8,625,114.7,200,114.3,500,,,,,,,,,,,,,,,114.9,500,115.0,628,115.3,2,,,,,,,,,,,,,,
2026-07-09T14:00:38.685011+00:00,2026-07-09T14:00:38.684827,3,3,114.85,0.1,114.8,625,114.7,200,114.3,500,,,,,,,,,,,,,,,114.9,700,115.0,628,115.3,2,,,,,,,,,,,,,,
2026-07-09T14:00:38.946842+00:00,2026-07-09T14:00:38.946718,3,3,114.85,0.1,114.8,628,114.7,200,114.3,500,,,,,,,,,,,,,,,114.9,700,115.0,625,115.3,2,,,,,,,,,,,,,,
2026-07-09T14:00:38.952065+00:00,2026-07-09T14:00:38.951951,3,3,114.85,0.1,114.8,628,114.7,200,114.3,500,,,,,,,,,,,,,,,114.9,703,115.0,625,115.3,2,,,,,,,,,,,,,,
2026-07-09T14:00:39.078130+00:00,2026-07-09T14:00:39.078094,3,3,114.85,0.1,114.8,631,114.7,200,114.3,500,,,,,,,,,,,,,,,114.9,703,115.0,625,115.3,2,,,,,,,,,,,,,,
2026-07-09T14:00:39.197011+00:00,2026-07-09T14:00:39.196952,2,3,114.85,0.1,114.8,631,114.7,200,,,,,,,,,,,,,,,,,114.9,703,115.0,625,115.3,2,,,,,,,,,,,,,,
2026-07-09T14:00:39.207541+00:00,2026-07-09T14:00:39.207432,2,3,114.85,0.1,114.8,631,114.7,200,,,,,,,,,,,,,,,,,114.9,203,115.0,625,115.3,2,,,,,,,,,,,,,,
2026-07-09T14:00:39.218111+00:00,2026-07-09T14:00:39.217966,3,3,114.85,0.1,114.8,631,114.7,200,114.3,500,,,,,,,,,,,,,,,114.9,203,115.0,625,115.3,2,,,,,,,,,,,,,,
2026-07-09T14:00:39.223404+00:00,2026-07-09T14:00:39.223289,3,3,114.85,0.1,114.8,631,114.7,200,114.3,500,,,,,,,,,,,,,,,114.9,203,115.0,1125,115.3,2,,,,,,,,,,,,,,
2026-07-09T14:00:39.711652+00:00,2026-07-09T14:00:39.711520,3,3,114.85,0.1,114.8,630,114.7,200,114.3,500,,,,,,,,,,,,,,,114.9,203,115.0,1125,115.3,2,,,,,,,,,,,,,,
2026-07-09T14:00:39.777626+00:00,2026-07-09T14:00:39.777527,3,2,114.85,0.1,114.8,630,114.7,200,114.3,500,,,,,,,,,,,,,,,114.9,203,115.0,1125,,,,,,,,,,,,,,,,
2026-07-09T14:00:39.801429+00:00,2026-07-09T14:00:39.801334,2,2,114.85,0.1,114.8,630,114.7,200,,,,,,,,,,,,,,,,,114.9,203,115.0,1125,,,,,,,,,,,,,,,,
2026-07-09T14:00:39.811912+00:00,2026-07-09T14:00:39.811828,2,2,114.85,0.1,114.8,630,114.7,200,,,,,,,,,,,,,,,,,114.9,203,115.0,625,,,,,,,,,,,,,,,,
2026-07-09T14:00:39.817298+00:00,2026-07-09T14:00:39.817124,3,2,114.85,0.1,114.8,630,114.7,200,114.3,500,,,,,,,,,,,,,,,114.9,203,115.0,625,,,,,,,,,,,,,,,,
2026-07-09T14:00:39.827760+00:00,2026-07-09T14:00:39.827637,3,2,114.85,0.1,114.8,630,114.7,200,114.3,500,,,,,,,,,,,,,,,114.9,203,115.0,1125,,,,,,,,,,,,,,,,
2026-07-09T14:00:39.843603+00:00,2026-07-09T14:00:39.843395,3,2,114.85,0.1,114.8,5,114.7,200,114.3,500,,,,,,,,,,,,,,,114.9,203,115.0,1125,,,,,,,,,,,,,,,,
2026-07-09T14:00:39.849282+00:00,2026-07-09T14:00:39.848957,3,2,114.85,0.1,114.8,5,114.7,825,114.3,500,,,,,,,,,,,,,,,114.9,203,115.0,500,,,,,,,,,,,,,,,,
2026-07-09T14:00:39.854547+00:00,2026-07-09T14:00:39.854414,3,2,114.85,0.1,114.8,5,114.7,825,114.3,500,,,,,,,,,,,,,,,114.9,203,115.0,1125,,,,,,,,,,,,,,,,
2026-07-09T14:00:39.885324+00:00,2026-07-09T14:00:39.885427,3,2,114.85,0.1,114.8,5,114.7,625,114.3,500,,,,,,,,,,,,,,,114.9,203,115.0,1125,,,,,,,,,,,,,,,,
2026-07-09T14:00:39.890774+00:00,2026-07-09T14:00:39.890696,4,2,114.85,0.1,114.8,5,114.7,625,114.6,200,114.3,500,,,,,,,,,,,,,114.9,3,115.0,1125,,,,,,,,,,,,,,,,
2026-07-09T14:00:39.895986+00:00,2026-07-09T14:00:39.895961,3,3,114.75,0.1,114.7,625,114.6,200,114.3,500,,,,,,,,,,,,,,,114.8,195,114.9,3,115.0,1125,,,,,,,,,,,,,,
2026-07-09T14:00:39.907186+00:00,2026-07-09T14:00:39.905710,3,3,114.75,0.1,114.7,625,114.6,200,114.3,500,,,,,,,,,,,,,,,114.8,193,114.9,3,115.0,1125,,,,,,,,,,,,,,
2026-07-09T14:00:39.967713+00:00,2026-07-09T14:00:39.967587,3,2,114.75,0.1,114.7,625,114.6,200,114.3,500,,,,,,,,,,,,,,,114.8,193,115.0,1125,,,,,,,,,,,,,,,,
2026-07-09T14:00:39.972938+00:00,2026-07-09T14:00:39.972827,3,2,114.75,0.1,114.7,625,114.6,200,114.3,500,,,,,,,,,,,,,,,114.8,196,115.0,1125,,,,,,,,,,,,,,,,
2026-07-09T14:00:40.404772+00:00,2026-07-09T14:00:40.404883,2,2,114.75,0.1,114.7,625,114.6,200,,,,,,,,,,,,,,,,,114.8,196,115.0,1125,,,,,,,,,,,,,,,,
2026-07-09T14:00:40.410268+00:00,2026-07-09T14:00:40.410202,2,2,114.75,0.1,114.7,625,114.6,200,,,,,,,,,,,,,,,,,114.8,196,115.0,625,,,,,,,,,,,,,,,,
2026-07-09T14:00:40.425947+00:00,2026-07-09T14:00:40.425893,3,2,114.75,0.1,114.7,625,114.6,200,114.4,500,,,,,,,,,,,,,,,114.8,196,115.0,625,,,,,,,,,,,,,,,,
2026-07-09T14:00:40.436443+00:00,2026-07-09T14:00:40.436368,3,3,114.75,0.1,114.7,625,114.6,200,114.4,500,,,,,,,,,,,,,,,114.8,196,115.0,625,115.1,500,,,,,,,,,,,,,,
2026-07-09T14:00:40.805796+00:00,2026-07-09T14:00:40.805650,3,3,114.75,0.1,114.7,605,114.6,200,114.4,500,,,,,,,,,,,,,,,114.8,196,115.0,625,115.1,500,,,,,,,,,,,,,,
2026-07-09T14:00:40.993585+00:00,2026-07-09T14:00:40.993472,3,3,114.75,0.1,114.7,605,114.6,200,114.4,500,,,,,,,,,,,,,,,114.8,196,115.0,625,115.1,500,,,,,,,,,,,,,,
2026-07-09T14:00:41.009387+00:00,2026-07-09T14:00:41.009252,2,3,114.75,0.1,114.7,605,114.6,200,,,,,,,,,,,,,,,,,114.8,196,115.0,625,115.1,510,,,,,,,,,,,,,,
2026-07-09T14:00:41.019936+00:00,2026-07-09T14:00:41.019736,2,3,114.75,0.1,114.7,605,114.6,200,,,,,,,,,,,,,,,,,114.8,196,115.0,625,115.1,10,,,,,,,,,,,,,,
2026-07-09T14:00:41.025151+00:00,2026-07-09T14:00:41.025035,3,3,114.75,0.1,114.7,605,114.6,200,114.4,500,,,,,,,,,,,,,,,114.8,196,115.0,625,115.1,10,,,,,,,,,,,,,,
2026-07-09T14:00:41.035674+00:00,2026-07-09T14:00:41.035492,3,3,114.75,0.1,114.7,605,114.6,200,114.4,500,,,,,,,,,,,,,,,114.8,196,115.0,625,115.1,510,,,,,,,,,,,,,,
2026-07-09T14:00:41.104889+00:00,2026-07-09T14:00:41.104623,2,3,114.75,0.1,114.7,605,114.4,500,,,,,,,,,,,,,,,,,114.8,196,115.0,625,115.1,510,,,,,,,,,,,,,,
2026-07-09T14:00:41.109816+00:00,2026-07-09T14:00:41.109995,3,4,114.75,0.1,114.7,605,114.6,200,114.4,500,,,,,,,,,,,,,,,114.8,3,114.9,200,115.0,625,115.1,510,,,,,,,,,,,,
2026-07-09T14:00:41.158658+00:00,2026-07-09T14:00:41.157505,2,3,114.7,0.2,114.6,825,114.4,500,,,,,,,,,,,,,,,,,114.8,3,114.9,200,115.1,510,,,,,,,,,,,,,,
2026-07-09T14:00:41.169845+00:00,2026-07-09T14:00:41.169668,2,3,114.7,0.2,114.6,825,114.4,500,,,,,,,,,,,,,,,,,114.8,628,114.9,200,115.1,510,,,,,,,,,,,,,,
2026-07-09T14:00:41.611276+00:00,2026-07-09T14:00:41.611095,1,3,114.7,0.2,114.6,825,,,,,,,,,,,,,,,,,,,114.8,628,114.9,200,115.1,510,,,,,,,,,,,,,,
2026-07-09T14:00:41.621737+00:00,2026-07-09T14:00:41.621603,1,3,114.7,0.2,114.6,825,,,,,,,,,,,,,,,,,,,114.8,628,114.9,200,115.1,10,,,,,,,,,,,,,,
2026-07-09T14:00:41.627065+00:00,2026-07-09T14:00:41.626898,2,3,114.7,0.2,114.6,825,114.4,500,,,,,,,,,,,,,,,,,114.8,628,114.9,200,115.1,10,,,,,,,,,,,,,,
2026-07-09T14:00:41.637451+00:00,2026-07-09T14:00:41.637385,2,4,114.7,0.2,114.6,825,114.4,500,,,,,,,,,,,,,,,,,114.8,628,114.9,200,115.0,500,115.1,10,,,,,,,,,,,,
2026-07-09T14:00:41.707014+00:00,2026-07-09T14:00:41.706913,3,4,114.75,0.1,114.7,2,114.6,825,114.4,500,,,,,,,,,,,,,,,114.8,628,114.9,200,115.0,500,115.1,10,,,,,,,,,,,,
2026-07-09T14:00:42.049574+00:00,2026-07-09T14:00:42.049542,3,4,114.75,0.1,114.7,2,114.6,825,114.4,500,,,,,,,,,,,,,,,114.8,625,114.9,200,115.0,500,115.1,10,,,,,,,,,,,,
2026-07-09T14:00:42.058587+00:00,2026-07-09T14:00:42.054753,3,4,114.75,0.1,114.7,2,114.6,825,114.4,500,,,,,,,,,,,,,,,114.8,628,114.9,200,115.0,500,115.1,10,,,,,,,,,,,,
2026-07-09T14:00:42.208725+00:00,2026-07-09T14:00:42.208645,2,4,114.75,0.1,114.7,2,114.6,825,,,,,,,,,,,,,,,,,114.8,628,114.9,200,115.0,500,115.1,10,,,,,,,,,,,,
2026-07-09T14:00:42.219268+00:00,2026-07-09T14:00:42.219136,2,3,114.75,0.1,114.7,2,114.6,825,,,,,,,,,,,,,,,,,114.8,628,114.9,200,115.1,10,,,,,,,,,,,,,,
2026-07-09T14:00:42.224584+00:00,2026-07-09T14:00:42.224446,3,3,114.75,0.1,114.7,2,114.6,825,114.3,500,,,,,,,,,,,,,,,114.8,628,114.9,200,115.1,10,,,,,,,,,,,,,,
2026-07-09T14:00:42.235178+00:00,2026-07-09T14:00:42.234956,3,4,114.75,0.1,114.7,2,114.6,825,114.3,500,,,,,,,,,,,,,,,114.8,628,114.9,200,115.0,500,115.1,10,,,,,,,,,,,,
2026-07-09T14:00:42.322818+00:00,2026-07-09T14:00:42.322736,3,3,114.75,0.1,114.7,2,114.6,625,114.3,500,,,,,,,,,,,,,,,114.8,628,115.0,500,115.1,10,,,,,,,,,,,,,,
2026-07-09T14:00:42.327836+00:00,2026-07-09T14:00:42.327982,3,3,114.75,0.1,114.7,2,114.6,825,114.3,500,,,,,,,,,,,,,,,114.8,828,115.0,500,115.1,10,,,,,,,,,,,,,,
2026-07-09T14:00:42.474178+00:00,2026-07-09T14:00:42.474142,4,3,114.75,0.1,114.7,2,114.6,200,114.5,625,114.3,500,,,,,,,,,,,,,114.8,203,115.0,500,115.1,10,,,,,,,,,,,,,,
2026-07-09T14:00:42.479455+00:00,2026-07-09T14:00:42.479364,4,3,114.75,0.1,114.7,2,114.6,200,114.5,625,114.3,500,,,,,,,,,,,,,114.8,828,115.0,500,115.1,10,,,,,,,,,,,,,,
2026-07-09T14:00:42.810845+00:00,2026-07-09T14:00:42.810789,3,3,114.75,0.1,114.7,2,114.6,200,114.5,625,,,,,,,,,,,,,,,114.8,828,115.0,500,115.1,10,,,,,,,,,,,,,,
2026-07-09T14:00:42.821168+00:00,2026-07-09T14:00:42.821375,3,2,114.75,0.1,114.7,2,114.6,200,114.5,625,,,,,,,,,,,,,,,114.8,828,115.1,10,,,,,,,,,,,,,,,,
2026-07-09T14:00:42.832179+00:00,2026-07-09T14:00:42.831950,4,2,114.75,0.1,114.7,2,114.6,200,114.5,625,114.4,500,,,,,,,,,,,,,114.8,828,115.1,10,,,,,,,,,,,,,,,,
2026-07-09T14:00:42.837126+00:00,2026-07-09T14:00:42.837393,4,3,114.75,0.1,114.7,2,114.6,200,114.5,625,114.4,500,,,,,,,,,,,,,114.8,828,115.0,500,115.1,10,,,,,,,,,,,,,,
2026-07-09T14:00:43.076891+00:00,2026-07-09T14:00:43.076744,4,3,114.75,0.1,114.7,2,114.6,200,114.5,625,114.4,500,,,,,,,,,,,,,114.8,825,115.0,500,115.1,10,,,,,,,,,,,,,,
2026-07-09T14:00:43.082255+00:00,2026-07-09T14:00:43.082052,4,3,114.75,0.1,114.7,2,114.6,200,114.5,625,114.4,500,,,,,,,,,,,,,114.8,828,115.0,500,115.1,10,,,,,,,,,,,,,,
2026-07-09T14:00:43.418546+00:00,2026-07-09T14:00:43.418420,3,3,114.75,0.1,114.7,2,114.6,200,114.5,625,,,,,,,,,,,,,,,114.8,828,115.0,500,115.1,10,,,,,,,,,,,,,,
2026-07-09T14:00:43.423816+00:00,2026-07-09T14:00:43.423780,3,2,114.75,0.1,114.7,2,114.6,200,114.5,625,,,,,,,,,,,,,,,114.8,828,115.1,10,,,,,,,,,,,,,,,,
2026-07-09T14:00:43.434145+00:00,2026-07-09T14:00:43.434248,4,2,114.75,0.1,114.7,2,114.6,200,114.5,625,114.4,500,,,,,,,,,,,,,114.8,828,115.1,10,,,,,,,,,,,,,,,,
2026-07-09T14:00:43.439665+00:00,2026-07-09T14:00:43.439565,4,2,114.75,0.1,114.7,2,114.6,200,114.5,625,114.4,500,,,,,,,,,,,,,114.8,828,115.1,510,,,,,,,,,,,,,,,,
2026-07-09T14:00:43.533189+00:00,2026-07-09T14:00:43.533099,4,2,114.75,0.1,114.7,2,114.6,200,114.5,625,114.4,500,,,,,,,,,,,,,114.8,628,115.1,510,,,,,,,,,,,,,,,,
2026-07-09T14:00:43.538458+00:00,2026-07-09T14:00:43.538328,4,3,114.75,0.1,114.7,2,114.6,200,114.5,625,114.4,500,,,,,,,,,,,,,114.8,628,114.9,200,115.1,510,,,,,,,,,,,,,,
2026-07-09T14:00:43.779987+00:00,2026-07-09T14:00:43.779932,3,3,114.75,0.1,114.7,2,114.6,200,114.4,500,,,,,,,,,,,,,,,114.8,628,114.9,200,115.1,510,,,,,,,,,,,,,,
2026-07-09T14:00:43.785329+00:00,2026-07-09T14:00:43.785237,3,3,114.75,0.1,114.7,627,114.6,200,114.4,500,,,,,,,,,,,,,,,114.8,3,114.9,200,115.1,510,,,,,,,,,,,,,,
2026-07-09T14:00:43.790557+00:00,2026-07-09T14:00:43.790480,3,3,114.75,0.1,114.7,627,114.6,200,114.4,500,,,,,,,,,,,,,,,114.8,3,114.9,825,115.1,510,,,,,,,,,,,,,,
2026-07-09T14:00:44.022687+00:00,2026-07-09T14:00:44.022524,2,3,114.75,0.1,114.7,627,114.6,200,,,,,,,,,,,,,,,,,114.8,3,114.9,825,115.1,510,,,,,,,,,,,,,,
2026-07-09T14:00:44.033232+00:00,2026-07-09T14:00:44.033100,2,3,114.75,0.1,114.7,627,114.6,200,,,,,,,,,,,,,,,,,114.8,3,114.9,825,115.1,10,,,,,,,,,,,,,,
2026-07-09T14:00:44.038548+00:00,2026-07-09T14:00:44.038438,3,3,114.75,0.1,114.7,627,114.6,200,114.3,500,,,,,,,,,,,,,,,114.8,3,114.9,825,115.1,10,,,,,,,,,,,,,,
2026-07-09T14:00:44.049076+00:00,2026-07-09T14:00:44.048969,3,4,114.75,0.1,114.7,627,114.6,200,114.3,500,,,,,,,,,,,,,,,114.8,3,114.9,825,115.0,500,115.1,10,,,,,,,,,,,,
2026-07-09T14:00:44.105990+00:00,2026-07-09T14:00:44.105861,3,4,114.75,0.1,114.7,627,114.6,200,114.3,500,,,,,,,,,,,,,,,114.8,3,114.9,825,115.0,500,115.1,10,,,,,,,,,,,,
2026-07-09T14:00:44.658698+00:00,2026-07-09T14:00:44.651549,2,4,114.75,0.1,114.7,627,114.6,200,,,,,,,,,,,,,,,,,114.8,3,114.9,825,115.0,500,115.1,10,,,,,,,,,,,,
2026-07-09T14:00:44.669034+00:00,2026-07-09T14:00:44.668870,2,3,114.75,0.1,114.7,627,114.6,200,,,,,,,,,,,,,,,,,114.8,3,114.9,825,115.1,10,,,,,,,,,,,,,,
2026-07-09T14:00:44.679607+00:00,2026-07-09T14:00:44.679392,3,3,114.75,0.1,114.7,627,114.6,200,114.4,500,,,,,,,,,,,,,,,114.8,3,114.9,825,115.1,10,,,,,,,,,,,,,,
2026-07-09T14:00:44.684811+00:00,2026-07-09T14:00:44.684723,3,3,114.75,0.1,114.7,627,114.6,200,114.4,500,,,,,,,,,,,,,,,114.8,3,114.9,825,115.1,510,,,,,,,,,,,,,,
2026-07-09T14:00:44.748883+00:00,2026-07-09T14:00:44.748758,2,3,114.75,0.1,114.7,627,114.4,500,,,,,,,,,,,,,,,,,114.8,3,114.9,825,115.1,510,,,,,,,,,,,,,,
2026-07-09T14:00:44.754183+00:00,2026-07-09T14:00:44.754119,3,3,114.75,0.1,114.7,627,114.6,200,114.4,500,,,,,,,,,,,,,,,114.8,3,114.9,625,115.1,510,,,,,,,,,,,,,,
2026-07-09T14:00:44.759234+00:00,2026-07-09T14:00:44.759398,3,3,114.75,0.1,114.7,627,114.6,200,114.4,500,,,,,,,,,,,,,,,114.8,3,114.9,825,115.1,510,,,,,,,,,,,,,,
2026-07-09T14:00:45.096619+00:00,2026-07-09T14:00:45.096539,3,3,114.75,0.1,114.7,2,114.6,200,114.4,500,,,,,,,,,,,,,,,114.8,3,114.9,825,115.1,510,,,,,,,,,,,,,,
2026-07-09T14:00:45.101972+00:00,2026-07-09T14:00:45.101862,3,3,114.75,0.1,114.7,2,114.6,825,114.4,500,,,,,,,,,,,,,,,114.8,3,114.9,200,115.1,510,,,,,,,,,,,,,,
2026-07-09T14:00:45.107146+00:00,2026-07-09T14:00:45.107060,3,3,114.75,0.1,114.7,2,114.6,825,114.4,500,,,,,,,,,,,,,,,114.8,628,114.9,200,115.1,510,,,,,,,,,,,,,,
2026-07-09T14:00:45.131259+00:00,2026-07-09T14:00:45.131359,3,3,114.75,0.1,114.7,2,114.6,825,114.4,500,,,,,,,,,,,,,,,114.8,625,114.9,200,115.1,510,,,,,,,,,,,,,,
2026-07-09T14:00:45.136703+00:00,2026-07-09T14:00:45.136633,3,3,114.75,0.1,114.7,2,114.6,825,114.4,500,,,,,,,,,,,,,,,114.8,628,114.9,200,115.1,510,,,,,,,,,,,,,,
2026-07-09T14:00:45.258618+00:00,2026-07-09T14:00:45.254052,2,3,114.75,0.1,114.7,2,114.6,825,,,,,,,,,,,,,,,,,114.8,628,114.9,200,115.1,510,,,,,,,,,,,,,,
2026-07-09T14:00:45.263898+00:00,2026-07-09T14:00:45.263807,2,3,114.75,0.1,114.7,2,114.6,825,,,,,,,,,,,,,,,,,114.8,628,114.9,200,115.1,10,,,,,,,,,,,,,,
2026-07-09T14:00:45.274380+00:00,2026-07-09T14:00:45.274261,3,3,114.75,0.1,114.7,2,114.6,825,114.4,500,,,,,,,,,,,,,,,114.8,628,114.9,200,115.1,10,,,,,,,,,,,,,,
2026-07-09T14:00:45.279652+00:00,2026-07-09T14:00:45.279561,3,3,114.75,0.1,114.7,2,114.6,825,114.4,500,,,,,,,,,,,,,,,114.8,628,114.9,200,115.1,510,,,,,,,,,,,,,,
2026-07-09T14:00:45.485613+00:00,2026-07-09T14:00:45.485398,3,3,114.75,0.1,114.7,2,114.6,825,114.4,500,,,,,,,,,,,,,,,114.8,628,114.9,200,115.1,508,,,,,,,,,,,,,,
2026-07-09T14:00:45.757148+00:00,2026-07-09T14:00:45.755548,3,3,114.75,0.1,114.7,2,114.6,825,114.4,500,,,,,,,,,,,,,,,114.8,618,114.9,200,115.1,508,,,,,,,,,,,,,,
2026-07-09T14:00:45.862174+00:00,2026-07-09T14:00:45.862018,2,3,114.75,0.1,114.7,2,114.6,825,,,,,,,,,,,,,,,,,114.8,618,114.9,200,115.1,508,,,,,,,,,,,,,,
2026-07-09T14:00:45.867538+00:00,2026-07-09T14:00:45.867358,2,3,114.75,0.1,114.7,2,114.6,825,,,,,,,,,,,,,,,,,114.8,618,114.9,200,115.1,8,,,,,,,,,,,,,,
2026-07-09T14:00:45.878047+00:00,2026-07-09T14:00:45.877840,3,3,114.75,0.1,114.7,2,114.6,825,114.5,500,,,,,,,,,,,,,,,114.8,618,114.9,200,115.1,8,,,,,,,,,,,,,,
2026-07-09T14:00:45.883321+00:00,2026-07-09T14:00:45.883148,3,4,114.75,0.1,114.7,2,114.6,825,114.5,500,,,,,,,,,,,,,,,114.8,618,114.9,200,115.1,8,115.2,500,,,,,,,,,,,,
2026-07-09T14:00:45.958546+00:00,2026-07-09T14:00:45.957319,3,4,114.75,0.1,114.7,2,114.6,625,114.5,500,,,,,,,,,,,,,,,114.8,618,114.9,200,115.1,8,115.2,500,,,,,,,,,,,,
2026-07-09T14:00:45.969326+00:00,2026-07-09T14:00:45.969217,3,3,114.75,0.1,114.7,2,114.6,625,114.5,500,,,,,,,,,,,,,,,114.8,618,115.1,8,115.2,500,,,,,,,,,,,,,,
2026-07-09T14:00:45.974591+00:00,2026-07-09T14:00:45.974553,3,4,114.75,0.1,114.7,202,114.6,625,114.5,500,,,,,,,,,,,,,,,114.8,618,114.9,200,115.1,8,115.2,500,,,,,,,,,,,,
2026-07-09T14:00:46.152942+00:00,2026-07-09T14:00:46.152889,3,4,114.75,0.1,114.7,202,114.6,625,114.5,500,,,,,,,,,,,,,,,114.8,618,114.9,200,115.1,8,115.2,500,,,,,,,,,,,,
2026-07-09T14:00:46.203706+00:00,2026-07-09T14:00:46.203612,3,4,114.75,0.1,114.7,202,114.6,625,114.5,500,,,,,,,,,,,,,,,114.8,618,114.9,200,115.1,6,115.2,500,,,,,,,,,,,,
2026-07-09T14:00:46.408565+00:00,2026-07-09T14:00:46.408437,2,4,114.75,0.1,114.7,202,114.5,500,,,,,,,,,,,,,,,,,114.8,618,114.9,200,115.1,6,115.2,500,,,,,,,,,,,,
2026-07-09T14:00:46.418952+00:00,2026-07-09T14:00:46.418931,2,4,114.75,0.1,114.7,202,114.5,1125,,,,,,,,,,,,,,,,,114.8,3,114.9,200,115.1,6,115.2,500,,,,,,,,,,,,
2026-07-09T14:00:46.444150+00:00,2026-07-09T14:00:46.442054,1,5,114.6,0.2,114.5,1125,,,,,,,,,,,,,,,,,,,114.7,412,114.8,3,114.9,200,115.1,6,115.2,500,,,,,,,,,,
2026-07-09T14:00:46.459832+00:00,2026-07-09T14:00:46.459757,1,5,114.6,0.2,114.5,625,,,,,,,,,,,,,,,,,,,114.7,412,114.8,3,114.9,200,115.1,5,115.2,500,,,,,,,,,,
2026-07-09T14:00:46.470323+00:00,2026-07-09T14:00:46.470231,1,4,114.6,0.2,114.5,625,,,,,,,,,,,,,,,,,,,114.7,412,114.8,3,114.9,200,115.1,5,,,,,,,,,,,,
2026-07-09T14:00:46.485994+00:00,2026-07-09T14:00:46.485911,1,4,114.6,0.2,114.5,1125,,,,,,,,,,,,,,,,,,,114.7,412,114.8,3,114.9,200,115.1,5,,,,,,,,,,,,
2026-07-09T14:00:46.496485+00:00,2026-07-09T14:00:46.496372,1,4,114.6,0.2,114.5,1125,,,,,,,,,,,,,,,,,,,114.7,412,114.8,3,114.9,200,115.1,505,,,,,,,,,,,,
2026-07-09T14:00:47.060619+00:00,2026-07-09T14:00:47.060391,1,4,114.6,0.2,114.5,1125,,,,,,,,,,,,,,,,,,,114.7,412,114.8,3,114.9,200,115.1,504,,,,,,,,,,,,
2026-07-09T14:00:47.065772+00:00,2026-07-09T14:00:47.065657,1,4,114.6,0.2,114.5,625,,,,,,,,,,,,,,,,,,,114.7,412,114.8,3,114.9,200,115.1,504,,,,,,,,,,,,
2026-07-09T14:00:47.070979+00:00,2026-07-09T14:00:47.070944,1,4,114.6,0.2,114.5,625,,,,,,,,,,,,,,,,,,,114.7,412,114.8,3,114.9,200,115.1,4,,,,,,,,,,,,
2026-07-09T14:00:47.081511+00:00,2026-07-09T14:00:47.081358,1,4,114.6,0.2,114.5,1125,,,,,,,,,,,,,,,,,,,114.7,412,114.8,3,114.9,200,115.1,4,,,,,,,,,,,,
2026-07-09T14:00:47.086693+00:00,2026-07-09T14:00:47.086646,1,5,114.6,0.2,114.5,1125,,,,,,,,,,,,,,,,,,,114.7,412,114.8,3,114.9,200,115.1,4,115.2,500,,,,,,,,,,
2026-07-09T14:00:47.102457+00:00,2026-07-09T14:00:47.102344,1,5,114.6,0.2,114.5,1125,,,,,,,,,,,,,,,,,,,114.7,401,114.8,3,114.9,200,115.1,4,115.2,500,,,,,,,,,,
2026-07-09T14:00:47.170353+00:00,2026-07-09T14:00:47.170259,1,4,114.6,0.2,114.5,1125,,,,,,,,,,,,,,,,,,,114.7,401,114.9,200,115.1,4,115.2,500,,,,,,,,,,,,
2026-07-09T14:00:47.175545+00:00,2026-07-09T14:00:47.175469,1,3,114.6,0.2,114.5,1125,,,,,,,,,,,,,,,,,,,114.7,401,115.1,4,115.2,500,,,,,,,,,,,,,,
2026-07-09T14:00:47.180842+00:00,2026-07-09T14:00:47.180728,2,4,114.65,0.1,114.6,200,114.5,1125,,,,,,,,,,,,,,,,,114.7,404,114.8,200,115.1,4,115.2,500,,,,,,,,,,,,
2026-07-09T14:00:47.558697+00:00,2026-07-09T14:00:47.553811,2,4,114.65,0.1,114.6,207,114.5,1125,,,,,,,,,,,,,,,,,114.7,404,114.8,200,115.1,4,115.2,500,,,,,,,,,,,,
2026-07-09T14:00:47.663963+00:00,2026-07-09T14:00:47.663908,2,4,114.65,0.1,114.6,207,114.5,625,,,,,,,,,,,,,,,,,114.7,404,114.8,200,115.1,4,115.2,500,,,,,,,,,,,,
2026-07-09T14:00:47.674430+00:00,2026-07-09T14:00:47.674375,2,3,114.65,0.1,114.6,207,114.5,625,,,,,,,,,,,,,,,,,114.7,404,114.8,200,115.1,4,,,,,,,,,,,,,,
2026-07-09T14:00:47.679740+00:00,2026-07-09T14:00:47.679671,2,3,114.65,0.1,114.6,207,114.5,1125,,,,,,,,,,,,,,,,,114.7,404,114.8,200,115.1,4,,,,,,,,,,,,,,
2026-07-09T14:00:47.690188+00:00,2026-07-09T14:00:47.690134,2,4,114.65,0.1,114.6,207,114.5,1125,,,,,,,,,,,,,,,,,114.7,404,114.8,200,115.1,4,115.2,500,,,,,,,,,,,,
2026-07-09T14:00:47.728445+00:00,2026-07-09T14:00:47.728382,2,4,114.65,0.1,114.6,207,114.5,500,,,,,,,,,,,,,,,,,114.7,404,114.8,200,115.1,4,115.2,500,,,,,,,,,,,,
2026-07-09T14:00:47.733723+00:00,2026-07-09T14:00:47.733655,3,3,114.75,0.1,114.7,622,114.6,207,114.5,500,,,,,,,,,,,,,,,114.8,200,115.1,4,115.2,500,,,,,,,,,,,,,,
2026-07-09T14:00:47.738918+00:00,2026-07-09T14:00:47.738865,3,4,114.75,0.1,114.7,622,114.6,207,114.5,500,,,,,,,,,,,,,,,114.8,200,114.9,625,115.1,4,115.2,500,,,,,,,,,,,,
2026-07-09T14:00:48.025330+00:00,2026-07-09T14:00:48.025208,3,4,114.75,0.1,114.7,622,114.6,206,114.5,500,,,,,,,,,,,,,,,114.8,200,114.9,625,115.1,4,115.2,500,,,,,,,,,,,,
2026-07-09T14:00:48.190549+00:00,2026-07-09T14:00:48.190418,3,4,114.75,0.1,114.7,625,114.6,206,114.5,500,,,,,,,,,,,,,,,114.8,200,114.9,625,115.1,4,115.2,500,,,,,,,,,,,,
2026-07-09T14:00:48.195696+00:00,2026-07-09T14:00:48.195604,3,4,114.75,0.1,114.7,625,114.6,206,114.5,500,,,,,,,,,,,,,,,114.8,203,114.9,625,115.1,4,115.2,500,,,,,,,,,,,,
2026-07-09T14:00:48.272241+00:00,2026-07-09T14:00:48.272348,2,4,114.75,0.1,114.7,625,114.6,206,,,,,,,,,,,,,,,,,114.8,203,114.9,625,115.1,4,115.2,500,,,,,,,,,,,,
2026-07-09T14:00:48.282964+00:00,2026-07-09T14:00:48.282817,2,3,114.75,0.1,114.7,625,114.6,206,,,,,,,,,,,,,,,,,114.8,203,114.9,625,115.1,4,,,,,,,,,,,,,,
2026-07-09T14:00:48.288245+00:00,2026-07-09T14:00:48.288133,3,3,114.75,0.1,114.7,625,114.6,206,114.5,500,,,,,,,,,,,,,,,114.8,203,114.9,625,115.1,4,,,,,,,,,,,,,,
2026-07-09T14:00:48.298529+00:00,2026-07-09T14:00:48.298637,3,4,114.75,0.1,114.7,625,114.6,206,114.5,500,,,,,,,,,,,,,,,114.8,203,114.9,625,115.1,4,115.2,500,,,,,,,,,,,,
2026-07-09T14:00:48.385408+00:00,2026-07-09T14:00:48.385323,3,4,114.75,0.1,114.7,625,114.6,6,114.5,500,,,,,,,,,,,,,,,114.8,203,114.9,625,115.1,4,115.2,500,,,,,,,,,,,,
2026-07-09T14:00:48.390627+00:00,2026-07-09T14:00:48.390539,3,4,114.75,0.1,114.7,625,114.6,6,114.5,500,,,,,,,,,,,,,,,114.8,3,114.9,625,115.1,4,115.2,500,,,,,,,,,,,,
2026-07-09T14:00:48.395904+00:00,2026-07-09T14:00:48.395781,3,4,114.75,0.1,114.7,625,114.6,6,114.5,700,,,,,,,,,,,,,,,114.8,3,114.9,625,115.1,4,115.2,500,,,,,,,,,,,,
2026-07-09T14:00:48.401125+00:00,2026-07-09T14:00:48.401063,3,4,114.75,0.1,114.7,425,114.6,6,114.5,700,,,,,,,,,,,,,,,114.8,3,114.9,625,115.1,4,115.2,500,,,,,,,,,,,,
2026-07-09T14:00:48.874932+00:00,2026-07-09T14:00:48.874665,3,4,114.75,0.1,114.7,425,114.6,6,114.5,200,,,,,,,,,,,,,,,114.8,3,114.9,625,115.1,4,115.2,500,,,,,,,,,,,,
2026-07-09T14:00:48.880188+00:00,2026-07-09T14:00:48.879971,3,3,114.75,0.1,114.7,425,114.6,6,114.5,200,,,,,,,,,,,,,,,114.8,3,114.9,625,115.1,4,,,,,,,,,,,,,,
2026-07-09T14:00:48.885115+00:00,2026-07-09T14:00:48.885278,3,3,114.75,0.1,114.7,425,114.6,6,114.5,700,,,,,,,,,,,,,,,114.8,3,114.9,625,115.1,4,,,,,,,,,,,,,,
2026-07-09T14:00:48.895839+00:00,2026-07-09T14:00:48.895715,3,3,114.75,0.1,114.7,425,114.6,6,114.5,700,,,,,,,,,,,,,,,114.8,3,114.9,625,115.1,504,,,,,,,,,,,,,,
2026-07-09T14:00:49.058598+00:00,2026-07-09T14:00:49.058200,3,2,114.75,0.1,114.7,3,114.6,6,114.5,1325,,,,,,,,,,,,,,,114.8,3,115.1,504,,,,,,,,,,,,,,,,
2026-07-09T14:00:49.071072+00:00,2026-07-09T14:00:49.070987,2,3,114.65,0.1,114.6,6,114.5,1325,,,,,,,,,,,,,,,,,114.7,622,114.8,3,115.1,504,,,,,,,,,,,,,,
2026-07-09T14:00:49.123356+00:00,2026-07-09T14:00:49.123254,1,3,114.6,0.2,114.5,1325,,,,,,,,,,,,,,,,,,,114.7,622,114.8,3,115.1,504,,,,,,,,,,,,,,
2026-07-09T14:00:49.199779+00:00,2026-07-09T14:00:49.199657,1,3,114.6,0.2,114.5,1325,,,,,,,,,,,,,,,,,,,114.7,622,114.8,3,115.1,500,,,,,,,,,,,,,,
2026-07-09T14:00:49.210324+00:00,2026-07-09T14:00:49.210134,2,3,114.65,0.1,114.6,6,114.5,1325,,,,,,,,,,,,,,,,,114.7,622,114.8,3,115.1,500,,,,,,,,,,,,,,
2026-07-09T14:00:49.220727+00:00,2026-07-09T14:00:49.220623,2,2,114.65,0.1,114.6,6,114.5,1325,,,,,,,,,,,,,,,,,114.7,622,115.1,500,,,,,,,,,,,,,,,,
2026-07-09T14:00:49.226038+00:00,2026-07-09T14:00:49.225884,2,2,114.65,0.1,114.6,6,114.5,1325,,,,,,,,,,,,,,,,,114.7,625,115.1,500,,,,,,,,,,,,,,,,
2026-07-09T14:00:49.379660+00:00,2026-07-09T14:00:49.379609,1,2,114.6,0.2,114.5,1325,,,,,,,,,,,,,,,,,,,114.7,625,115.1,500,,,,,,,,,,,,,,,,
2026-07-09T14:00:49.384699+00:00,2026-07-09T14:00:49.384800,1,3,114.6,0.2,114.5,1325,,,,,,,,,,,,,,,,,,,114.7,625,114.9,4,115.1,500,,,,,,,,,,,,,,
2026-07-09T14:00:49.479322+00:00,2026-07-09T14:00:49.479204,1,3,114.6,0.2,114.5,825,,,,,,,,,,,,,,,,,,,114.7,625,114.9,4,115.1,500,,,,,,,,,,,,,,
2026-07-09T14:00:49.484624+00:00,2026-07-09T14:00:49.484509,1,2,114.6,0.2,114.5,825,,,,,,,,,,,,,,,,,,,114.7,625,114.9,4,,,,,,,,,,,,,,,,
2026-07-09T14:00:49.495188+00:00,2026-07-09T14:00:49.494939,1,2,114.6,0.2,114.5,1325,,,,,,,,,,,,,,,,,,,114.7,625,114.9,4,,,,,,,,,,,,,,,,
2026-07-09T14:00:49.500314+00:00,2026-07-09T14:00:49.500226,1,3,114.6,0.2,114.5,1325,,,,,,,,,,,,,,,,,,,114.7,625,114.9,4,115.2,500,,,,,,,,,,,,,,
2026-07-09T14:00:49.516130+00:00,2026-07-09T14:00:49.515970,2,3,114.65,0.1,114.6,5,114.5,1325,,,,,,,,,,,,,,,,,114.7,625,114.9,4,115.2,500,,,,,,,,,,,,,,
2026-07-09T14:00:49.603024+00:00,2026-07-09T14:00:49.602925,2,3,114.65,0.1,114.6,5,114.5,1125,,,,,,,,,,,,,,,,,114.7,625,114.9,4,115.2,500,,,,,,,,,,,,,,
2026-07-09T14:00:49.608317+00:00,2026-07-09T14:00:49.608220,2,4,114.65,0.1,114.6,5,114.5,1125,,,,,,,,,,,,,,,,,114.7,425,114.9,4,115.0,200,115.2,500,,,,,,,,,,,,
2026-07-09T14:00:50.081401+00:00,2026-07-09T14:00:50.081253,2,4,114.65,0.1,114.6,5,114.5,625,,,,,,,,,,,,,,,,,114.7,425,114.9,4,115.0,200,115.2,500,,,,,,,,,,,,
