recv_time,book_timestamp,n_bids,n_asks,mid,spread,bid_px_0,bid_vol_0,bid_px_1,bid_vol_1,bid_px_2,bid_vol_2,bid_px_3,bid_vol_3,bid_px_4,bid_vol_4,bid_px_5,bid_vol_5,bid_px_6,bid_vol_6,bid_px_7,bid_vol_7,bid_px_8,bid_vol_8,bid_px_9,bid_vol_9,ask_px_0,ask_vol_0,ask_px_1,ask_vol_1,ask_px_2,ask_vol_2,ask_px_3,ask_vol_3,ask_px_4,ask_vol_4,ask_px_5,ask_vol_5,ask_px_6,ask_vol_6,ask_px_7,ask_vol_7,ask_px_8,ask_vol_8,ask_px_9,ask_vol_9
2026-07-06T19:21:33.924059+00:00,2026-07-06T19:21:33.922347,3,2,158.6,0.2,158.5,579,158.4,200,157.8,500,,,,,,,,,,,,,,,158.7,700,158.8,625,,,,,,,,,,,,,,,,
2026-07-06T19:21:34.193611+00:00,2026-07-06T19:21:34.177815,3,2,158.55,0.1,158.5,579,158.4,200,157.9,500,,,,,,,,,,,,,,,158.6,200,158.8,1125,,,,,,,,,,,,,,,,
2026-07-06T19:21:34.306843+00:00,2026-07-06T19:21:34.306795,2,2,158.5,0.2,158.4,200,157.9,500,,,,,,,,,,,,,,,,,158.6,200,158.8,500,,,,,,,,,,,,,,,,
2026-07-06T19:21:34.312065+00:00,2026-07-06T19:21:34.312023,3,2,158.75,0.1,158.7,425,158.4,200,157.9,500,,,,,,,,,,,,,,,158.8,500,159.0,625,,,,,,,,,,,,,,,,
2026-07-06T19:21:34.646326+00:00,2026-07-06T19:21:34.646126,2,2,158.75,0.1,158.7,425,158.4,200,,,,,,,,,,,,,,,,,158.8,500,159.0,625,,,,,,,,,,,,,,,,
2026-07-06T19:21:34.658575+00:00,2026-07-06T19:21:34.651574,3,1,158.85,0.3,158.7,425,158.4,200,157.9,500,,,,,,,,,,,,,,,159.0,625,,,,,,,,,,,,,,,,,,
2026-07-06T19:21:34.668727+00:00,2026-07-06T19:21:34.669101,2,2,158.55,0.3,158.4,200,157.9,500,,,,,,,,,,,,,,,,,158.7,75,159.0,625,,,,,,,,,,,,,,,,
2026-07-06T19:21:35.273631+00:00,2026-07-06T19:21:35.273464,1,2,158.55,0.3,158.4,200,,,,,,,,,,,,,,,,,,,158.7,75,159.0,625,,,,,,,,,,,,,,,,
2026-07-06T19:21:35.278864+00:00,2026-07-06T19:21:35.278777,1,1,158.7,0.6,158.4,200,,,,,,,,,,,,,,,,,,,159.0,625,,,,,,,,,,,,,,,,,,
2026-07-06T19:21:35.289270+00:00,2026-07-06T19:21:35.289217,2,1,158.7,0.6,158.4,200,157.9,500,,,,,,,,,,,,,,,,,159.0,625,,,,,,,,,,,,,,,,,,
2026-07-06T19:21:35.299797+00:00,2026-07-06T19:21:35.299659,2,2,158.6,0.4,158.4,200,157.9,500,,,,,,,,,,,,,,,,,158.8,500,159.0,625,,,,,,,,,,,,,,,,
2026-07-06T19:21:35.390146+00:00,2026-07-06T19:21:35.390099,2,2,158.65,0.3,158.5,200,157.9,500,,,,,,,,,,,,,,,,,158.8,700,159.0,625,,,,,,,,,,,,,,,,
2026-07-06T19:21:35.618040+00:00,2026-07-06T19:21:35.618010,3,2,158.55,0.1,158.5,200,158.3,625,157.9,500,,,,,,,,,,,,,,,158.6,625,158.8,700,,,,,,,,,,,,,,,,
2026-07-06T19:21:35.874897+00:00,2026-07-06T19:21:35.874658,2,2,158.55,0.1,158.5,200,158.3,625,,,,,,,,,,,,,,,,,158.6,625,158.8,700,,,,,,,,,,,,,,,,
2026-07-06T19:21:35.880020+00:00,2026-07-06T19:21:35.879949,2,2,158.55,0.1,158.5,200,158.3,625,,,,,,,,,,,,,,,,,158.6,625,158.8,200,,,,,,,,,,,,,,,,
2026-07-06T19:21:35.890585+00:00,2026-07-06T19:21:35.890435,3,2,158.55,0.1,158.5,200,158.3,625,157.9,500,,,,,,,,,,,,,,,158.6,625,158.8,200,,,,,,,,,,,,,,,,
2026-07-06T19:21:35.895797+00:00,2026-07-06T19:21:35.895707,3,2,158.55,0.1,158.5,200,158.3,625,157.9,500,,,,,,,,,,,,,,,158.6,625,158.8,700,,,,,,,,,,,,,,,,
2026-07-06T19:21:36.472582+00:00,2026-07-06T19:21:36.472553,2,2,158.55,0.1,158.5,200,158.3,625,,,,,,,,,,,,,,,,,158.6,625,158.8,700,,,,,,,,,,,,,,,,
2026-07-06T19:21:36.482863+00:00,2026-07-06T19:21:36.482970,2,2,158.55,0.1,158.5,200,158.3,625,,,,,,,,,,,,,,,,,158.6,625,158.8,200,,,,,,,,,,,,,,,,
2026-07-06T19:21:36.488408+00:00,2026-07-06T19:21:36.488239,3,2,158.55,0.1,158.5,200,158.3,625,158.0,500,,,,,,,,,,,,,,,158.6,625,158.8,200,,,,,,,,,,,,,,,,
2026-07-06T19:21:36.493567+00:00,2026-07-06T19:21:36.493505,3,2,158.55,0.1,158.5,200,158.3,625,158.0,500,,,,,,,,,,,,,,,158.6,625,158.8,700,,,,,,,,,,,,,,,,
2026-07-06T19:21:36.596213+00:00,2026-07-06T19:21:36.596104,3,2,158.5,0.2,158.4,200,158.3,625,158.0,500,,,,,,,,,,,,,,,158.6,625,158.8,500,,,,,,,,,,,,,,,,
2026-07-06T19:21:36.601412+00:00,2026-07-06T19:21:36.601292,3,2,158.5,0.2,158.4,200,158.3,625,158.0,500,,,,,,,,,,,,,,,158.6,825,158.8,500,,,,,,,,,,,,,,,,
2026-07-06T19:21:36.964113+00:00,2026-07-06T19:21:36.963903,2,2,158.5,0.2,158.4,825,158.0,500,,,,,,,,,,,,,,,,,158.6,825,158.8,500,,,,,,,,,,,,,,,,
2026-07-06T19:21:37.080479+00:00,2026-07-06T19:21:37.080416,1,1,158.5,0.2,158.4,825,,,,,,,,,,,,,,,,,,,158.6,825,,,,,,,,,,,,,,,,,,
2026-07-06T19:21:37.090993+00:00,2026-07-06T19:21:37.090813,2,1,158.5,0.2,158.4,825,158.1,500,,,,,,,,,,,,,,,,,158.6,825,,,,,,,,,,,,,,,,,,
2026-07-06T19:21:37.096256+00:00,2026-07-06T19:21:37.096134,2,2,158.5,0.2,158.4,825,158.1,500,,,,,,,,,,,,,,,,,158.6,825,159.0,500,,,,,,,,,,,,,,,,
2026-07-06T19:21:37.679111+00:00,2026-07-06T19:21:37.678992,1,2,158.5,0.2,158.4,825,,,,,,,,,,,,,,,,,,,158.6,825,159.0,500,,,,,,,,,,,,,,,,
2026-07-06T19:21:37.690299+00:00,2026-07-06T19:21:37.690204,1,1,158.5,0.2,158.4,825,,,,,,,,,,,,,,,,,,,158.6,825,,,,,,,,,,,,,,,,,,
2026-07-06T19:21:37.695555+00:00,2026-07-06T19:21:37.695465,2,1,158.5,0.2,158.4,825,158.0,500,,,,,,,,,,,,,,,,,158.6,825,,,,,,,,,,,,,,,,,,
2026-07-06T19:21:37.706036+00:00,2026-07-06T19:21:37.705876,2,2,158.5,0.2,158.4,825,158.0,500,,,,,,,,,,,,,,,,,158.6,825,158.9,500,,,,,,,,,,,,,,,,
2026-07-06T19:21:37.805817+00:00,2026-07-06T19:21:37.805775,2,2,158.5,0.2,158.4,625,158.0,500,,,,,,,,,,,,,,,,,158.6,625,158.9,500,,,,,,,,,,,,,,,,
2026-07-06T19:21:37.811110+00:00,2026-07-06T19:21:37.811011,3,2,158.5,0.2,158.4,625,158.3,200,158.0,500,,,,,,,,,,,,,,,158.6,825,158.9,500,,,,,,,,,,,,,,,,
2026-07-06T19:21:38.232285+00:00,2026-07-06T19:21:38.232209,3,2,158.5,0.2,158.4,625,158.3,200,158.0,500,,,,,,,,,,,,,,,158.6,200,158.9,500,,,,,,,,,,,,,,,,
2026-07-06T19:21:38.237503+00:00,2026-07-06T19:21:38.237387,3,2,158.5,0.2,158.4,625,158.3,200,158.0,500,,,,,,,,,,,,,,,158.6,825,158.9,500,,,,,,,,,,,,,,,,
2026-07-06T19:21:38.287314+00:00,2026-07-06T19:21:38.287138,2,2,158.5,0.2,158.4,625,158.3,200,,,,,,,,,,,,,,,,,158.6,825,158.9,500,,,,,,,,,,,,,,,,
2026-07-06T19:21:38.292612+00:00,2026-07-06T19:21:38.292436,2,1,158.5,0.2,158.4,625,158.3,200,,,,,,,,,,,,,,,,,158.6,825,,,,,,,,,,,,,,,,,,
2026-07-06T19:21:38.297800+00:00,2026-07-06T19:21:38.297709,3,1,158.5,0.2,158.4,625,158.3,200,158.0,500,,,,,,,,,,,,,,,158.6,825,,,,,,,,,,,,,,,,,,
2026-07-06T19:21:38.303048+00:00,2026-07-06T19:21:38.302976,3,2,158.5,0.2,158.4,625,158.3,200,158.0,500,,,,,,,,,,,,,,,158.6,825,158.9,500,,,,,,,,,,,,,,,,
2026-07-06T19:21:38.744948+00:00,2026-07-06T19:21:38.743465,3,2,158.5,0.2,158.4,624,158.3,200,158.0,500,,,,,,,,,,,,,,,158.6,825,158.9,500,,,,,,,,,,,,,,,,
2026-07-06T19:21:38.890426+00:00,2026-07-06T19:21:38.890246,2,2,158.5,0.2,158.4,624,158.3,200,,,,,,,,,,,,,,,,,158.6,825,158.9,500,,,,,,,,,,,,,,,,
2026-07-06T19:21:38.895703+00:00,2026-07-06T19:21:38.895570,2,1,158.5,0.2,158.4,624,158.3,200,,,,,,,,,,,,,,,,,158.6,825,,,,,,,,,,,,,,,,,,
2026-07-06T19:21:38.901011+00:00,2026-07-06T19:21:38.900854,3,1,158.5,0.2,158.4,624,158.3,200,158.0,500,,,,,,,,,,,,,,,158.6,825,,,,,,,,,,,,,,,,,,
2026-07-06T19:21:38.911472+00:00,2026-07-06T19:21:38.911316,3,2,158.5,0.2,158.4,624,158.3,200,158.0,500,,,,,,,,,,,,,,,158.6,825,158.9,500,,,,,,,,,,,,,,,,
2026-07-06T19:21:39.016715+00:00,2026-07-06T19:21:39.016585,2,2,158.5,0.2,158.4,624,158.0,500,,,,,,,,,,,,,,,,,158.6,625,158.9,500,,,,,,,,,,,,,,,,
2026-07-06T19:21:39.026608+00:00,2026-07-06T19:21:39.026513,3,3,158.45,0.1,158.4,624,158.2,200,158.0,500,,,,,,,,,,,,,,,158.5,200,158.6,625,158.9,500,,,,,,,,,,,,,,
2026-07-06T19:21:39.493596+00:00,2026-07-06T19:21:39.493403,2,3,158.45,0.1,158.4,624,158.2,200,,,,,,,,,,,,,,,,,158.5,200,158.6,625,158.9,500,,,,,,,,,,,,,,
2026-07-06T19:21:39.498507+00:00,2026-07-06T19:21:39.498651,2,2,158.45,0.1,158.4,624,158.2,200,,,,,,,,,,,,,,,,,158.5,200,158.6,625,,,,,,,,,,,,,,,,
2026-07-06T19:21:39.508948+00:00,2026-07-06T19:21:39.509060,3,2,158.45,0.1,158.4,624,158.2,200,158.0,500,,,,,,,,,,,,,,,158.5,200,158.6,625,,,,,,,,,,,,,,,,
2026-07-06T19:21:39.514393+00:00,2026-07-06T19:21:39.514331,3,3,158.45,0.1,158.4,624,158.2,200,158.0,500,,,,,,,,,,,,,,,158.5,200,158.6,625,158.9,500,,,,,,,,,,,,,,
2026-07-06T19:21:39.536620+00:00,2026-07-06T19:21:39.536564,2,3,158.35,0.3,158.2,200,158.0,500,,,,,,,,,,,,,,,,,158.5,200,158.6,625,158.9,500,,,,,,,,,,,,,,
2026-07-06T19:21:39.547182+00:00,2026-07-06T19:21:39.547033,2,2,158.35,0.3,158.2,200,158.0,500,,,,,,,,,,,,,,,,,158.5,200,158.9,500,,,,,,,,,,,,,,,,
2026-07-06T19:21:39.552393+00:00,2026-07-06T19:21:39.552273,3,3,158.45,0.1,158.4,625,158.2,200,158.0,500,,,,,,,,,,,,,,,158.5,200,158.7,625,158.9,500,,,,,,,,,,,,,,
2026-07-06T19:21:40.095973+00:00,2026-07-06T19:21:40.096110,2,3,158.45,0.1,158.4,625,158.2,200,,,,,,,,,,,,,,,,,158.5,200,158.7,625,158.9,500,,,,,,,,,,,,,,
2026-07-06T19:21:40.101270+00:00,2026-07-06T19:21:40.101413,2,2,158.45,0.1,158.4,625,158.2,200,,,,,,,,,,,,,,,,,158.5,200,158.7,625,,,,,,,,,,,,,,,,
2026-07-06T19:21:40.111995+00:00,2026-07-06T19:21:40.111865,3,2,158.45,0.1,158.4,625,158.2,200,158.0,500,,,,,,,,,,,,,,,158.5,200,158.7,625,,,,,,,,,,,,,,,,
2026-07-06T19:21:40.117242+00:00,2026-07-06T19:21:40.117143,3,3,158.45,0.1,158.4,625,158.2,200,158.0,500,,,,,,,,,,,,,,,158.5,200,158.7,625,158.9,500,,,,,,,,,,,,,,
2026-07-06T19:21:40.229429+00:00,2026-07-06T19:21:40.229318,2,2,158.55,0.3,158.4,625,158.0,500,,,,,,,,,,,,,,,,,158.7,625,158.9,500,,,,,,,,,,,,,,,,
2026-07-06T19:21:40.234637+00:00,2026-07-06T19:21:40.234555,3,3,158.45,0.1,158.4,625,158.2,200,158.0,500,,,,,,,,,,,,,,,158.5,200,158.7,625,158.9,500,,,,,,,,,,,,,,
2026-07-06T19:21:40.698371+00:00,2026-07-06T19:21:40.698248,2,3,158.45,0.1,158.4,625,158.2,200,,,,,,,,,,,,,,,,,158.5,200,158.7,625,158.9,500,,,,,,,,,,,,,,
2026-07-06T19:21:40.703651+00:00,2026-07-06T19:21:40.703532,2,2,158.45,0.1,158.4,625,158.2,200,,,,,,,,,,,,,,,,,158.5,200,158.7,625,,,,,,,,,,,,,,,,
2026-07-06T19:21:40.708842+00:00,2026-07-06T19:21:40.708797,3,2,158.45,0.1,158.4,625,158.2,200,158.0,500,,,,,,,,,,,,,,,158.5,200,158.7,625,,,,,,,,,,,,,,,,
2026-07-06T19:21:40.719373+00:00,2026-07-06T19:21:40.719216,3,3,158.45,0.1,158.4,625,158.2,200,158.0,500,,,,,,,,,,,,,,,158.5,200,158.7,625,158.9,500,,,,,,,,,,,,,,
2026-07-06T19:21:40.858927+00:00,2026-07-06T19:21:40.858810,3,2,158.4,0.2,158.3,625,158.2,200,158.0,500,,,,,,,,,,,,,,,158.5,200,158.9,500,,,,,,,,,,,,,,,,
2026-07-06T19:21:40.864027+00:00,2026-07-06T19:21:40.864005,3,3,158.4,0.2,158.3,625,158.2,200,158.0,500,,,,,,,,,,,,,,,158.5,200,158.6,625,158.9,500,,,,,,,,,,,,,,
2026-07-06T19:21:41.336214+00:00,2026-07-06T19:21:41.336088,2,3,158.4,0.2,158.3,625,158.2,200,,,,,,,,,,,,,,,,,158.5,200,158.6,625,158.9,500,,,,,,,,,,,,,,
2026-07-06T19:21:41.341441+00:00,2026-07-06T19:21:41.341365,2,2,158.4,0.2,158.3,625,158.2,200,,,,,,,,,,,,,,,,,158.5,200,158.6,625,,,,,,,,,,,,,,,,
2026-07-06T19:21:41.351675+00:00,2026-07-06T19:21:41.351753,3,2,158.4,0.2,158.3,625,158.2,200,158.1,500,,,,,,,,,,,,,,,158.5,200,158.6,625,,,,,,,,,,,,,,,,
2026-07-06T19:21:41.358639+00:00,2026-07-06T19:21:41.357030,3,3,158.4,0.2,158.3,625,158.2,200,158.1,500,,,,,,,,,,,,,,,158.5,200,158.6,625,159.0,500,,,,,,,,,,,,,,
2026-07-06T19:21:41.439282+00:00,2026-07-06T19:21:41.439203,2,2,158.45,0.3,158.3,625,158.1,500,,,,,,,,,,,,,,,,,158.6,625,159.0,500,,,,,,,,,,,,,,,,
2026-07-06T19:21:41.444566+00:00,2026-07-06T19:21:41.444461,2,2,158.45,0.3,158.3,825,158.1,500,,,,,,,,,,,,,,,,,158.6,625,159.0,500,,,,,,,,,,,,,,,,
2026-07-06T19:21:41.458731+00:00,2026-07-06T19:21:41.458665,2,2,158.45,0.3,158.3,825,158.1,500,,,,,,,,,,,,,,,,,158.6,825,159.0,500,,,,,,,,,,,,,,,,
2026-07-06T19:21:41.938898+00:00,2026-07-06T19:21:41.938746,1,2,158.45,0.3,158.3,825,,,,,,,,,,,,,,,,,,,158.6,825,159.0,500,,,,,,,,,,,,,,,,
2026-07-06T19:21:41.944136+00:00,2026-07-06T19:21:41.944028,1,1,158.45,0.3,158.3,825,,,,,,,,,,,,,,,,,,,158.6,825,,,,,,,,,,,,,,,,,,
2026-07-06T19:21:41.958812+00:00,2026-07-06T19:21:41.958708,2,1,158.45,0.3,158.3,825,158.0,500,,,,,,,,,,,,,,,,,158.6,825,,,,,,,,,,,,,,,,,,
2026-07-06T19:21:41.964103+00:00,2026-07-06T19:21:41.963982,2,2,158.45,0.3,158.3,825,158.0,500,,,,,,,,,,,,,,,,,158.6,825,158.9,500,,,,,,,,,,,,,,,,
2026-07-06T19:21:42.164003+00:00,2026-07-06T19:21:42.163892,2,2,158.45,0.3,158.3,200,158.0,500,,,,,,,,,,,,,,,,,158.6,825,158.9,500,,,,,,,,,,,,,,,,
2026-07-06T19:21:42.169331+00:00,2026-07-06T19:21:42.169243,3,2,158.5,0.2,158.4,625,158.3,200,158.0,500,,,,,,,,,,,,,,,158.6,825,158.9,500,,,,,,,,,,,,,,,,
2026-07-06T19:21:42.541014+00:00,2026-07-06T19:21:42.540895,2,2,158.5,0.2,158.4,625,158.3,200,,,,,,,,,,,,,,,,,158.6,825,158.9,500,,,,,,,,,,,,,,,,
2026-07-06T19:21:42.551356+00:00,2026-07-06T19:21:42.551271,2,1,158.5,0.2,158.4,625,158.3,200,,,,,,,,,,,,,,,,,158.6,825,,,,,,,,,,,,,,,,,,
2026-07-06T19:21:42.558614+00:00,2026-07-06T19:21:42.558318,3,2,158.5,0.2,158.4,625,158.3,200,157.9,500,,,,,,,,,,,,,,,158.6,825,158.8,500,,,,,,,,,,,,,,,,
2026-07-06T19:21:42.656381+00:00,2026-07-06T19:21:42.654351,3,2,158.5,0.2,158.4,625,158.3,200,157.9,500,,,,,,,,,,,,,,,158.6,825,158.8,500,,,,,,,,,,,,,,,,
2026-07-06T19:21:43.142797+00:00,2026-07-06T19:21:43.142600,2,2,158.5,0.2,158.4,625,158.3,200,,,,,,,,,,,,,,,,,158.6,825,158.8,500,,,,,,,,,,,,,,,,
2026-07-06T19:21:43.148014+00:00,2026-07-06T19:21:43.147877,2,1,158.5,0.2,158.4,625,158.3,200,,,,,,,,,,,,,,,,,158.6,825,,,,,,,,,,,,,,,,,,
2026-07-06T19:21:43.158842+00:00,2026-07-06T19:21:43.158715,3,1,158.5,0.2,158.4,625,158.3,200,157.9,500,,,,,,,,,,,,,,,158.6,825,,,,,,,,,,,,,,,,,,
2026-07-06T19:21:43.164145+00:00,2026-07-06T19:21:43.164014,3,2,158.5,0.2,158.4,625,158.3,200,157.9,500,,,,,,,,,,,,,,,158.6,825,158.8,500,,,,,,,,,,,,,,,,
2026-07-06T19:21:43.477321+00:00,2026-07-06T19:21:43.477272,3,2,158.55,0.1,158.5,625,158.3,200,157.9,500,,,,,,,,,,,,,,,158.6,200,158.8,500,,,,,,,,,,,,,,,,
2026-07-06T19:21:43.482593+00:00,2026-07-06T19:21:43.482433,3,3,158.55,0.1,158.5,625,158.3,200,157.9,500,,,,,,,,,,,,,,,158.6,200,158.7,625,158.8,500,,,,,,,,,,,,,,
2026-07-06T19:21:43.745734+00:00,2026-07-06T19:21:43.745538,2,3,158.55,0.1,158.5,625,158.3,200,,,,,,,,,,,,,,,,,158.6,200,158.7,625,158.8,500,,,,,,,,,,,,,,
2026-07-06T19:21:43.750927+00:00,2026-07-06T19:21:43.750810,2,2,158.55,0.1,158.5,625,158.3,200,,,,,,,,,,,,,,,,,158.6,200,158.7,625,,,,,,,,,,,,,,,,
2026-07-06T19:21:43.758550+00:00,2026-07-06T19:21:43.757757,3,3,158.55,0.1,158.5,625,158.3,200,157.9,500,,,,,,,,,,,,,,,158.6,200,158.7,625,158.8,500,,,,,,,,,,,,,,
2026-07-06T19:21:43.867145+00:00,2026-07-06T19:21:43.867088,3,2,158.6,0.2,158.5,625,158.1,200,157.9,500,,,,,,,,,,,,,,,158.7,625,158.8,500,,,,,,,,,,,,,,,,
2026-07-06T19:21:43.872425+00:00,2026-07-06T19:21:43.872296,3,2,158.6,0.2,158.5,425,158.1,200,157.9,500,,,,,,,,,,,,,,,158.7,625,158.8,500,,,,,,,,,,,,,,,,
2026-07-06T19:21:44.348430+00:00,2026-07-06T19:21:44.348298,2,2,158.6,0.2,158.5,425,158.1,200,,,,,,,,,,,,,,,,,158.7,625,158.8,500,,,,,,,,,,,,,,,,
2026-07-06T19:21:44.358604+00:00,2026-07-06T19:21:44.353760,3,1,158.6,0.2,158.5,425,158.1,200,157.8,500,,,,,,,,,,,,,,,158.7,625,,,,,,,,,,,,,,,,,,
2026-07-06T19:21:44.369015+00:00,2026-07-06T19:21:44.368906,3,1,158.6,0.2,158.5,425,158.1,200,157.8,500,,,,,,,,,,,,,,,158.7,1125,,,,,,,,,,,,,,,,,,
2026-07-06T19:21:44.803577+00:00,2026-07-06T19:21:44.802058,3,2,158.65,0.1,158.6,615,158.1,200,157.8,500,,,,,,,,,,,,,,,158.7,500,158.9,625,,,,,,,,,,,,,,,,
2026-07-06T19:21:44.948126+00:00,2026-07-06T19:21:44.947999,2,2,158.65,0.1,158.6,615,158.1,200,,,,,,,,,,,,,,,,,158.7,500,158.9,625,,,,,,,,,,,,,,,,
2026-07-06T19:21:44.958642+00:00,2026-07-06T19:21:44.958605,3,1,158.75,0.3,158.6,615,158.1,200,157.8,500,,,,,,,,,,,,,,,158.9,625,,,,,,,,,,,,,,,,,,
2026-07-06T19:21:44.974744+00:00,2026-07-06T19:21:44.974616,3,2,158.65,0.1,158.6,615,158.1,200,157.8,500,,,,,,,,,,,,,,,158.7,500,158.9,625,,,,,,,,,,,,,,,,
2026-07-06T19:21:45.072058+00:00,2026-07-06T19:21:45.071954,2,2,158.65,0.1,158.6,615,157.8,500,,,,,,,,,,,,,,,,,158.7,500,158.9,625,,,,,,,,,,,,,,,,
2026-07-06T19:21:45.077231+00:00,2026-07-06T19:21:45.077158,3,2,158.65,0.1,158.6,615,158.2,200,157.8,500,,,,,,,,,,,,,,,158.7,500,158.9,625,,,,,,,,,,,,,,,,
2026-07-06T19:21:45.082487+00:00,2026-07-06T19:21:45.082414,3,2,158.65,0.1,158.6,415,158.2,200,157.8,500,,,,,,,,,,,,,,,158.7,500,158.9,625,,,,,,,,,,,,,,,,
2026-07-06T19:21:45.548376+00:00,2026-07-06T19:21:45.548286,2,2,158.65,0.1,158.6,415,158.2,200,,,,,,,,,,,,,,,,,158.7,500,158.9,625,,,,,,,,,,,,,,,,
2026-07-06T19:21:45.558567+00:00,2026-07-06T19:21:45.553798,2,1,158.75,0.3,158.6,415,158.2,200,,,,,,,,,,,,,,,,,158.9,625,,,,,,,,,,,,,,,,,,
2026-07-06T19:21:45.563840+00:00,2026-07-06T19:21:45.563749,3,1,158.75,0.3,158.6,415,158.2,200,157.7,500,,,,,,,,,,,,,,,158.9,625,,,,,,,,,,,,,,,,,,
2026-07-06T19:21:45.574311+00:00,2026-07-06T19:21:45.574199,2,2,158.4,0.4,158.2,200,157.7,500,,,,,,,,,,,,,,,,,158.6,85,158.9,625,,,,,,,,,,,,,,,,
2026-07-06T19:21:45.822138+00:00,2026-07-06T19:21:45.822029,2,2,158.4,0.4,158.2,200,157.7,500,,,,,,,,,,,,,,,,,158.6,65,158.9,625,,,,,,,,,,,,,,,,
2026-07-06T19:21:46.095732+00:00,2026-07-06T19:21:46.095619,2,2,158.35,0.3,158.2,825,157.7,500,,,,,,,,,,,,,,,,,158.5,625,158.6,65,,,,,,,,,,,,,,,,
2026-07-06T19:21:46.164106+00:00,2026-07-06T19:21:46.163954,1,1,158.35,0.3,158.2,825,,,,,,,,,,,,,,,,,,,158.5,625,,,,,,,,,,,,,,,,,,
2026-07-06T19:21:46.169350+00:00,2026-07-06T19:21:46.169247,2,1,158.35,0.3,158.2,825,157.7,500,,,,,,,,,,,,,,,,,158.5,625,,,,,,,,,,,,,,,,,,
2026-07-06T19:21:46.174733+00:00,2026-07-06T19:21:46.174570,2,2,158.35,0.3,158.2,825,157.7,500,,,,,,,,,,,,,,,,,158.5,625,158.6,500,,,,,,,,,,,,,,,,
2026-07-06T19:21:46.288083+00:00,2026-07-06T19:21:46.287964,3,2,158.45,0.1,158.4,200,158.2,625,157.7,500,,,,,,,,,,,,,,,158.5,625,158.6,500,,,,,,,,,,,,,,,,
2026-07-06T19:21:46.293222+00:00,2026-07-06T19:21:46.293193,3,2,158.45,0.1,158.4,200,158.2,625,157.7,500,,,,,,,,,,,,,,,158.5,625,158.6,700,,,,,,,,,,,,,,,,
2026-07-06T19:21:46.758754+00:00,2026-07-06T19:21:46.758633,2,2,158.45,0.1,158.4,200,158.2,625,,,,,,,,,,,,,,,,,158.5,625,158.6,700,,,,,,,,,,,,,,,,
2026-07-06T19:21:46.764047+00:00,2026-07-06T19:21:46.763922,2,2,158.45,0.1,158.4,200,158.2,625,,,,,,,,,,,,,,,,,158.5,625,158.6,200,,,,,,,,,,,,,,,,
2026-07-06T19:21:46.774425+00:00,2026-07-06T19:21:46.774288,3,2,158.45,0.1,158.4,200,158.2,625,157.8,500,,,,,,,,,,,,,,,158.5,625,158.6,200,,,,,,,,,,,,,,,,
2026-07-06T19:21:46.779598+00:00,2026-07-06T19:21:46.779538,3,3,158.45,0.1,158.4,200,158.2,625,157.8,500,,,,,,,,,,,,,,,158.5,625,158.6,200,158.7,500,,,,,,,,,,,,,,
2026-07-06T19:21:47.387870+00:00,2026-07-06T19:21:47.387612,2,3,158.45,0.1,158.4,200,158.2,625,,,,,,,,,,,,,,,,,158.5,625,158.6,200,158.7,500,,,,,,,,,,,,,,
2026-07-06T19:21:47.393039+00:00,2026-07-06T19:21:47.392926,2,2,158.45,0.1,158.4,200,158.2,625,,,,,,,,,,,,,,,,,158.5,625,158.6,200,,,,,,,,,,,,,,,,
2026-07-06T19:21:47.398358+00:00,2026-07-06T19:21:47.398196,3,2,158.45,0.1,158.4,200,158.2,625,157.7,500,,,,,,,,,,,,,,,158.5,625,158.6,200,,,,,,,,,,,,,,,,
2026-07-06T19:21:47.408751+00:00,2026-07-06T19:21:47.408669,3,2,158.45,0.1,158.4,200,158.2,625,157.7,500,,,,,,,,,,,,,,,158.5,625,158.6,700,,,,,,,,,,,,,,,,
2026-07-06T19:21:47.458813+00:00,2026-07-06T19:21:47.418867,2,1,158.5,0.2,158.4,200,157.7,500,,,,,,,,,,,,,,,,,158.6,700,,,,,,,,,,,,,,,,,,
2026-07-06T19:21:47.480892+00:00,2026-07-06T19:21:47.479150,2,2,158.3,0.2,158.2,625,157.7,500,,,,,,,,,,,,,,,,,158.4,414,158.6,700,,,,,,,,,,,,,,,,
2026-07-06T19:21:47.496624+00:00,2026-07-06T19:21:47.496543,3,2,158.35,0.1,158.3,200,158.2,625,157.7,500,,,,,,,,,,,,,,,158.4,414,158.6,500,,,,,,,,,,,,,,,,
2026-07-06T19:21:47.501838+00:00,2026-07-06T19:21:47.501789,3,2,158.35,0.1,158.3,200,158.2,625,157.7,500,,,,,,,,,,,,,,,158.4,414,158.6,700,,,,,,,,,,,,,,,,
2026-07-06T19:21:47.659163+00:00,2026-07-06T19:21:47.658863,3,2,158.35,0.1,158.3,180,158.2,625,157.7,500,,,,,,,,,,,,,,,158.4,414,158.6,700,,,,,,,,,,,,,,,,
2026-07-06T19:21:47.989386+00:00,2026-07-06T19:21:47.989257,2,2,158.35,0.1,158.3,180,158.2,625,,,,,,,,,,,,,,,,,158.4,414,158.6,700,,,,,,,,,,,,,,,,
2026-07-06T19:21:47.994608+00:00,2026-07-06T19:21:47.994514,2,2,158.35,0.1,158.3,180,158.2,625,,,,,,,,,,,,,,,,,158.4,414,158.6,200,,,,,,,,,,,,,,,,
2026-07-06T19:21:47.999839+00:00,2026-07-06T19:21:47.999760,3,2,158.35,0.1,158.3,180,158.2,625,157.9,500,,,,,,,,,,,,,,,158.4,414,158.6,200,,,,,,,,,,,,,,,,
2026-07-06T19:21:48.010278+00:00,2026-07-06T19:21:48.010165,3,3,158.35,0.1,158.3,180,158.2,625,157.9,500,,,,,,,,,,,,,,,158.4,414,158.6,200,158.8,500,,,,,,,,,,,,,,
2026-07-06T19:21:48.594095+00:00,2026-07-06T19:21:48.593902,2,3,158.35,0.1,158.3,180,158.2,625,,,,,,,,,,,,,,,,,158.4,414,158.6,200,158.8,500,,,,,,,,,,,,,,
2026-07-06T19:21:48.599353+00:00,2026-07-06T19:21:48.599210,2,2,158.35,0.1,158.3,180,158.2,625,,,,,,,,,,,,,,,,,158.4,414,158.6,200,,,,,,,,,,,,,,,,
2026-07-06T19:21:48.604629+00:00,2026-07-06T19:21:48.604489,3,2,158.35,0.1,158.3,180,158.2,625,158.0,500,,,,,,,,,,,,,,,158.4,414,158.6,200,,,,,,,,,,,,,,,,
2026-07-06T19:21:48.615025+00:00,2026-07-06T19:21:48.614944,3,3,158.35,0.1,158.3,180,158.2,625,158.0,500,,,,,,,,,,,,,,,158.4,414,158.6,200,158.8,500,,,,,,,,,,,,,,
2026-07-06T19:21:48.707111+00:00,2026-07-06T19:21:48.707057,2,2,158.3,0.2,158.2,825,158.0,500,,,,,,,,,,,,,,,,,158.4,414,158.8,500,,,,,,,,,,,,,,,,
2026-07-06T19:21:48.712399+00:00,2026-07-06T19:21:48.712227,2,3,158.3,0.2,158.2,825,158.0,500,,,,,,,,,,,,,,,,,158.4,414,158.5,200,158.8,500,,,,,,,,,,,,,,
2026-07-06T19:21:48.742872+00:00,2026-07-06T19:21:48.742847,2,2,158.35,0.3,158.2,200,158.0,500,,,,,,,,,,,,,,,,,158.5,200,158.8,500,,,,,,,,,,,,,,,,
2026-07-06T19:21:48.748129+00:00,2026-07-06T19:21:48.748040,3,2,158.4,0.2,158.3,625,158.2,200,158.0,500,,,,,,,,,,,,,,,158.5,200,158.8,500,,,,,,,,,,,,,,,,
2026-07-06T19:21:48.758620+00:00,2026-07-06T19:21:48.753245,3,3,158.4,0.2,158.3,625,158.2,200,158.0,500,,,,,,,,,,,,,,,158.5,200,158.6,625,158.8,500,,,,,,,,,,,,,,
2026-07-06T19:21:49.195068+00:00,2026-07-06T19:21:49.194961,2,3,158.4,0.2,158.3,625,158.2,200,,,,,,,,,,,,,,,,,158.5,200,158.6,625,158.8,500,,,,,,,,,,,,,,
2026-07-06T19:21:49.200322+00:00,2026-07-06T19:21:49.200235,2,2,158.4,0.2,158.3,625,158.2,200,,,,,,,,,,,,,,,,,158.5,200,158.6,625,,,,,,,,,,,,,,,,
2026-07-06T19:21:49.210808+00:00,2026-07-06T19:21:49.210676,3,2,158.4,0.2,158.3,625,158.2,200,158.0,500,,,,,,,,,,,,,,,158.5,200,158.6,625,,,,,,,,,,,,,,,,
2026-07-06T19:21:49.216002+00:00,2026-07-06T19:21:49.215957,3,3,158.4,0.2,158.3,625,158.2,200,158.0,500,,,,,,,,,,,,,,,158.5,200,158.6,625,158.9,500,,,,,,,,,,,,,,
2026-07-06T19:21:49.796848+00:00,2026-07-06T19:21:49.796813,2,3,158.4,0.2,158.3,625,158.2,200,,,,,,,,,,,,,,,,,158.5,200,158.6,625,158.9,500,,,,,,,,,,,,,,
2026-07-06T19:21:49.807357+00:00,2026-07-06T19:21:49.807218,2,2,158.4,0.2,158.3,625,158.2,200,,,,,,,,,,,,,,,,,158.5,200,158.6,625,,,,,,,,,,,,,,,,
2026-07-06T19:21:49.812631+00:00,2026-07-06T19:21:49.812485,3,2,158.4,0.2,158.3,625,158.2,200,157.9,500,,,,,,,,,,,,,,,158.5,200,158.6,625,,,,,,,,,,,,,,,,
2026-07-06T19:21:49.823121+00:00,2026-07-06T19:21:49.822902,3,3,158.4,0.2,158.3,625,158.2,200,157.9,500,,,,,,,,,,,,,,,158.5,200,158.6,625,158.8,500,,,,,,,,,,,,,,
2026-07-06T19:21:49.914393+00:00,2026-07-06T19:21:49.914265,2,2,158.45,0.3,158.3,625,157.9,500,,,,,,,,,,,,,,,,,158.6,625,158.8,500,,,,,,,,,,,,,,,,
2026-07-06T19:21:49.919341+00:00,2026-07-06T19:21:49.919479,3,2,158.45,0.3,158.3,625,158.1,200,157.9,500,,,,,,,,,,,,,,,158.6,625,158.8,500,,,,,,,,,,,,,,,,
2026-07-06T19:21:49.924708+00:00,2026-07-06T19:21:49.924650,3,3,158.35,0.1,158.3,625,158.1,200,157.9,500,,,,,,,,,,,,,,,158.4,200,158.6,625,158.8,500,,,,,,,,,,,,,,
2026-07-06T19:21:50.058540+00:00,2026-07-06T19:21:50.056988,3,3,158.35,0.1,158.3,625,158.1,200,157.9,500,,,,,,,,,,,,,,,158.4,200,158.5,625,158.8,500,,,,,,,,,,,,,,
2026-07-06T19:21:50.401983+00:00,2026-07-06T19:21:50.401845,2,3,158.35,0.1,158.3,625,158.1,200,,,,,,,,,,,,,,,,,158.4,200,158.5,625,158.8,500,,,,,,,,,,,,,,
2026-07-06T19:21:50.407285+00:00,2026-07-06T19:21:50.407108,2,2,158.35,0.1,158.3,625,158.1,200,,,,,,,,,,,,,,,,,158.4,200,158.5,625,,,,,,,,,,,,,,,,
2026-07-06T19:21:50.412424+00:00,2026-07-06T19:21:50.412365,3,2,158.35,0.1,158.3,625,158.1,200,157.9,500,,,,,,,,,,,,,,,158.4,200,158.5,625,,,,,,,,,,,,,,,,
2026-07-06T19:21:50.417698+00:00,2026-07-06T19:21:50.417629,3,3,158.35,0.1,158.3,625,158.1,200,157.9,500,,,,,,,,,,,,,,,158.4,200,158.5,625,158.8,500,,,,,,,,,,,,,,
2026-07-06T19:21:51.005396+00:00,2026-07-06T19:21:51.005281,2,3,158.35,0.1,158.3,625,158.1,200,,,,,,,,,,,,,,,,,158.4,200,158.5,625,158.8,500,,,,,,,,,,,,,,
2026-07-06T19:21:51.010896+00:00,2026-07-06T19:21:51.010698,2,2,158.35,0.1,158.3,625,158.1,200,,,,,,,,,,,,,,,,,158.4,200,158.5,625,,,,,,,,,,,,,,,,
2026-07-06T19:21:51.016106+00:00,2026-07-06T19:21:51.016066,3,2,158.35,0.1,158.3,625,158.1,200,157.8,500,,,,,,,,,,,,,,,158.4,200,158.5,625,,,,,,,,,,,,,,,,
2026-07-06T19:21:51.026426+00:00,2026-07-06T19:21:51.026565,3,3,158.35,0.1,158.3,625,158.1,200,157.8,500,,,,,,,,,,,,,,,158.4,200,158.5,625,158.7,500,,,,,,,,,,,,,,
2026-07-06T19:21:51.125362+00:00,2026-07-06T19:21:51.125196,2,3,158.35,0.1,158.3,625,157.8,500,,,,,,,,,,,,,,,,,158.4,200,158.5,625,158.7,500,,,,,,,,,,,,,,
2026-07-06T19:21:51.130538+00:00,2026-07-06T19:21:51.130488,2,3,158.4,0.2,158.3,825,157.8,500,,,,,,,,,,,,,,,,,158.5,625,158.6,200,158.7,500,,,,,,,,,,,,,,
2026-07-06T19:21:51.364751+00:00,2026-07-06T19:21:51.364715,3,2,158.45,0.3,158.3,200,158.1,625,157.8,500,,,,,,,,,,,,,,,158.6,200,158.7,500,,,,,,,,,,,,,,,,
2026-07-06T19:21:51.370016+00:00,2026-07-06T19:21:51.369916,3,3,158.35,0.1,158.3,200,158.1,625,157.8,500,,,,,,,,,,,,,,,158.4,625,158.6,200,158.7,500,,,,,,,,,,,,,,
2026-07-06T19:21:51.608733+00:00,2026-07-06T19:21:51.608638,2,3,158.35,0.1,158.3,200,158.1,625,,,,,,,,,,,,,,,,,158.4,625,158.6,200,158.7,500,,,,,,,,,,,,,,
2026-07-06T19:21:51.614056+00:00,2026-07-06T19:21:51.613921,2,2,158.35,0.1,158.3,200,158.1,625,,,,,,,,,,,,,,,,,158.4,625,158.6,200,,,,,,,,,,,,,,,,
2026-07-06T19:21:51.624433+00:00,2026-07-06T19:21:51.624367,3,2,158.35,0.1,158.3,200,158.1,625,157.8,500,,,,,,,,,,,,,,,158.4,625,158.6,200,,,,,,,,,,,,,,,,
2026-07-06T19:21:51.634869+00:00,2026-07-06T19:21:51.634786,3,3,158.35,0.1,158.3,200,158.1,625,157.8,500,,,,,,,,,,,,,,,158.4,625,158.6,200,158.7,500,,,,,,,,,,,,,,
2026-07-06T19:21:51.850022+00:00,2026-07-06T19:21:51.849869,3,3,158.35,0.1,158.3,200,158.1,625,157.8,500,,,,,,,,,,,,,,,158.4,605,158.6,200,158.7,500,,,,,,,,,,,,,,
2026-07-06T19:21:52.210793+00:00,2026-07-06T19:21:52.210661,2,3,158.35,0.1,158.3,200,158.1,625,,,,,,,,,,,,,,,,,158.4,605,158.6,200,158.7,500,,,,,,,,,,,,,,
2026-07-06T19:21:52.216023+00:00,2026-07-06T19:21:52.215977,2,2,158.35,0.1,158.3,200,158.1,625,,,,,,,,,,,,,,,,,158.4,605,158.6,200,,,,,,,,,,,,,,,,
2026-07-06T19:21:52.226499+00:00,2026-07-06T19:21:52.226395,3,2,158.35,0.1,158.3,200,158.1,625,157.8,500,,,,,,,,,,,,,,,158.4,605,158.6,200,,,,,,,,,,,,,,,,
2026-07-06T19:21:52.231760+00:00,2026-07-06T19:21:52.231669,3,3,158.35,0.1,158.3,200,158.1,625,157.8,500,,,,,,,,,,,,,,,158.4,605,158.6,200,158.7,500,,,,,,,,,,,,,,
2026-07-06T19:21:52.334156+00:00,2026-07-06T19:21:52.334073,2,3,158.25,0.3,158.1,625,157.8,500,,,,,,,,,,,,,,,,,158.4,605,158.6,200,158.7,500,,,,,,,,,,,,,,
2026-07-06T19:21:52.339404+00:00,2026-07-06T19:21:52.339347,3,3,158.3,0.2,158.2,200,158.1,625,157.8,500,,,,,,,,,,,,,,,158.4,605,158.5,200,158.7,500,,,,,,,,,,,,,,
2026-07-06T19:21:52.675051+00:00,2026-07-06T19:21:52.674924,3,3,158.3,0.2,158.2,200,158.1,625,157.8,500,,,,,,,,,,,,,,,158.4,625,158.5,200,158.7,500,,,,,,,,,,,,,,
2026-07-06T19:21:52.880796+00:00,2026-07-06T19:21:52.879951,3,3,158.3,0.2,158.2,200,158.1,625,157.8,500,,,,,,,,,,,,,,,158.4,625,158.5,200,158.7,500,,,,,,,,,,,,,,
2026-07-06T19:21:53.439802+00:00,2026-07-06T19:21:53.439689,2,3,158.3,0.2,158.2,200,158.1,625,,,,,,,,,,,,,,,,,158.4,625,158.5,200,158.7,500,,,,,,,,,,,,,,
2026-07-06T19:21:53.445085+00:00,2026-07-06T19:21:53.444959,2,2,158.3,0.2,158.2,200,158.1,625,,,,,,,,,,,,,,,,,158.4,625,158.5,200,,,,,,,,,,,,,,,,
2026-07-06T19:21:53.450382+00:00,2026-07-06T19:21:53.450219,3,2,158.3,0.2,158.2,200,158.1,625,157.8,500,,,,,,,,,,,,,,,158.4,625,158.5,200,,,,,,,,,,,,,,,,
2026-07-06T19:21:53.458608+00:00,2026-07-06T19:21:53.455530,3,3,158.3,0.2,158.2,200,158.1,625,157.8,500,,,,,,,,,,,,,,,158.4,625,158.5,200,158.7,500,,,,,,,,,,,,,,
2026-07-06T19:21:53.546939+00:00,2026-07-06T19:21:53.546895,3,2,158.35,0.1,158.3,200,158.1,625,157.8,500,,,,,,,,,,,,,,,158.4,625,158.7,500,,,,,,,,,,,,,,,,
2026-07-06T19:21:53.552099+00:00,2026-07-06T19:21:53.552044,3,3,158.35,0.1,158.3,200,158.1,625,157.8,500,,,,,,,,,,,,,,,158.4,625,158.6,200,158.7,500,,,,,,,,,,,,,,
2026-07-06T19:21:53.982710+00:00,2026-07-06T19:21:53.982483,2,3,158.35,0.1,158.3,200,157.8,500,,,,,,,,,,,,,,,,,158.4,625,158.6,200,158.7,500,,,,,,,,,,,,,,
2026-07-06T19:21:53.987923+00:00,2026-07-06T19:21:53.987796,3,2,158.45,0.3,158.3,200,158.1,625,157.8,500,,,,,,,,,,,,,,,158.6,200,158.7,500,,,,,,,,,,,,,,,,
2026-07-06T19:21:53.993144+00:00,2026-07-06T19:21:53.993014,3,3,158.35,0.1,158.3,200,158.1,625,157.8,500,,,,,,,,,,,,,,,158.4,625,158.6,200,158.7,500,,,,,,,,,,,,,,
2026-07-06T19:21:54.043562+00:00,2026-07-06T19:21:54.049139,3,2,158.35,0.1,158.3,200,158.1,625,157.8,500,,,,,,,,,,,,,,,158.4,625,158.6,200,,,,,,,,,,,,,,,,
2026-07-06T19:21:54.063656+00:00,2026-07-06T19:21:54.063888,3,3,158.35,0.1,158.3,200,158.1,625,157.8,500,,,,,,,,,,,,,,,158.4,625,158.6,200,158.7,500,,,,,,,,,,,,,,
2026-07-06T19:21:54.664295+00:00,2026-07-06T19:21:54.664219,3,2,158.35,0.1,158.3,200,158.1,625,157.7,500,,,,,,,,,,,,,,,158.4,625,158.6,700,,,,,,,,,,,,,,,,
2026-07-06T19:21:54.764083+00:00,2026-07-06T19:21:54.764030,3,3,158.35,0.1,158.3,200,158.1,625,157.7,500,,,,,,,,,,,,,,,158.4,625,158.5,200,158.6,500,,,,,,,,,,,,,,
2026-07-06T19:21:55.269464+00:00,2026-07-06T19:21:55.269185,3,2,158.35,0.1,158.3,200,158.1,625,157.8,500,,,,,,,,,,,,,,,158.4,625,158.5,200,,,,,,,,,,,,,,,,
2026-07-06T19:21:55.274641+00:00,2026-07-06T19:21:55.274485,3,3,158.35,0.1,158.3,200,158.1,625,157.8,500,,,,,,,,,,,,,,,158.4,625,158.5,200,158.7,500,,,,,,,,,,,,,,
2026-07-06T19:21:55.304796+00:00,2026-07-06T19:21:55.304623,2,3,158.35,0.1,158.3,200,157.8,500,,,,,,,,,,,,,,,,,158.4,625,158.5,200,158.7,500,,,,,,,,,,,,,,
2026-07-06T19:21:55.309960+00:00,2026-07-06T19:21:55.309853,2,2,158.4,0.2,158.3,200,157.8,500,,,,,,,,,,,,,,,,,158.5,200,158.7,500,,,,,,,,,,,,,,,,
2026-07-06T19:21:55.315167+00:00,2026-07-06T19:21:55.315140,2,2,158.4,0.2,158.3,825,157.8,500,,,,,,,,,,,,,,,,,158.5,825,158.7,500,,,,,,,,,,,,,,,,
2026-07-06T19:21:55.858743+00:00,2026-07-06T19:21:55.856057,2,1,158.4,0.2,158.3,825,157.8,500,,,,,,,,,,,,,,,,,158.5,825,,,,,,,,,,,,,,,,,,
2026-07-06T19:21:55.869027+00:00,2026-07-06T19:21:55.868963,2,2,158.4,0.2,158.3,825,157.8,500,,,,,,,,,,,,,,,,,158.5,825,158.7,500,,,,,,,,,,,,,,,,
2026-07-06T19:21:55.964185+00:00,2026-07-06T19:21:55.964106,2,2,158.4,0.2,158.3,625,157.8,500,,,,,,,,,,,,,,,,,158.5,625,158.7,500,,,,,,,,,,,,,,,,
2026-07-06T19:21:55.969526+00:00,2026-07-06T19:21:55.969382,2,2,158.4,0.2,158.3,825,157.8,500,,,,,,,,,,,,,,,,,158.5,825,158.7,500,,,,,,,,,,,,,,,,
2026-07-06T19:21:56.464287+00:00,2026-07-06T19:21:56.464151,2,1,158.4,0.2,158.3,825,157.7,500,,,,,,,,,,,,,,,,,158.5,825,,,,,,,,,,,,,,,,,,
2026-07-06T19:21:56.474677+00:00,2026-07-06T19:21:56.474565,2,2,158.4,0.2,158.3,825,157.7,500,,,,,,,,,,,,,,,,,158.5,825,158.6,500,,,,,,,,,,,,,,,,
2026-07-06T19:21:56.622313+00:00,2026-07-06T19:21:56.622173,2,2,158.4,0.2,158.3,200,157.7,500,,,,,,,,,,,,,,,,,158.5,200,158.6,500,,,,,,,,,,,,,,,,
2026-07-06T19:21:56.627520+00:00,2026-07-06T19:21:56.627413,2,2,158.4,0.2,158.3,825,157.7,500,,,,,,,,,,,,,,,,,158.5,200,158.6,500,,,,,,,,,,,,,,,,
2026-07-06T19:21:56.632547+00:00,2026-07-06T19:21:56.632637,2,2,158.4,0.2,158.3,825,157.7,500,,,,,,,,,,,,,,,,,158.5,825,158.6,500,,,,,,,,,,,,,,,,
2026-07-06T19:21:56.986100+00:00,2026-07-06T19:21:56.985984,2,2,158.4,0.2,158.3,825,157.7,500,,,,,,,,,,,,,,,,,158.5,805,158.6,500,,,,,,,,,,,,,,,,
2026-07-06T19:21:57.064119+00:00,2026-07-06T19:21:57.063996,1,1,158.4,0.2,158.3,825,,,,,,,,,,,,,,,,,,,158.5,805,,,,,,,,,,,,,,,,,,
2026-07-06T19:21:57.074542+00:00,2026-07-06T19:21:57.074397,2,1,158.4,0.2,158.3,825,157.8,500,,,,,,,,,,,,,,,,,158.5,805,,,,,,,,,,,,,,,,,,
2026-07-06T19:21:57.079907+00:00,2026-07-06T19:21:57.079786,2,2,158.4,0.2,158.3,825,157.8,500,,,,,,,,,,,,,,,,,158.5,805,158.7,500,,,,,,,,,,,,,,,,
2026-07-06T19:21:57.169177+00:00,2026-07-06T19:21:57.169068,2,2,158.4,0.2,158.3,625,157.8,500,,,,,,,,,,,,,,,,,158.5,805,158.7,500,,,,,,,,,,,,,,,,
2026-07-06T19:21:57.174364+00:00,2026-07-06T19:21:57.174309,2,2,158.4,0.2,158.3,825,157.8,500,,,,,,,,,,,,,,,,,158.5,625,158.7,500,,,,,,,,,,,,,,,,
2026-07-06T19:21:57.179646+00:00,2026-07-06T19:21:57.179522,2,3,158.4,0.2,158.3,825,157.8,500,,,,,,,,,,,,,,,,,158.5,625,158.6,200,158.7,500,,,,,,,,,,,,,,
2026-07-06T19:21:57.679949+00:00,2026-07-06T19:21:57.678609,2,3,158.4,0.2,158.3,825,157.8,500,,,,,,,,,,,,,,,,,158.5,613,158.6,200,158.7,500,,,,,,,,,,,,,,
2026-07-06T19:21:57.964282+00:00,2026-07-06T19:21:57.964063,2,3,158.4,0.2,158.3,825,157.8,500,,,,,,,,,,,,,,,,,158.5,625,158.6,200,158.7,500,,,,,,,,,,,,,,
2026-07-06T19:21:58.258574+00:00,2026-07-06T19:21:58.250995,1,3,158.4,0.2,158.3,825,,,,,,,,,,,,,,,,,,,158.5,625,158.6,200,158.7,500,,,,,,,,,,,,,,
2026-07-06T19:21:58.269021+00:00,2026-07-06T19:21:58.269159,1,2,158.4,0.2,158.3,825,,,,,,,,,,,,,,,,,,,158.5,625,158.6,200,,,,,,,,,,,,,,,,
2026-07-06T19:21:58.274641+00:00,2026-07-06T19:21:58.274476,2,2,158.4,0.2,158.3,825,157.6,500,,,,,,,,,,,,,,,,,158.5,625,158.6,200,,,,,,,,,,,,,,,,
2026-07-06T19:21:58.279865+00:00,2026-07-06T19:21:58.279767,2,2,158.4,0.2,158.3,825,157.6,500,,,,,,,,,,,,,,,,,158.5,1125,158.6,200,,,,,,,,,,,,,,,,
2026-07-06T19:21:58.385513+00:00,2026-07-06T19:21:58.385445,2,2,158.4,0.2,158.3,625,157.6,500,,,,,,,,,,,,,,,,,158.5,1125,158.6,200,,,,,,,,,,,,,,,,
2026-07-06T19:21:58.390827+00:00,2026-07-06T19:21:58.390759,3,2,158.45,0.1,158.4,200,158.3,625,157.6,500,,,,,,,,,,,,,,,158.5,1125,158.7,200,,,,,,,,,,,,,,,,
2026-07-06T19:21:58.859198+00:00,2026-07-06T19:21:58.858896,2,2,158.45,0.1,158.4,200,158.3,625,,,,,,,,,,,,,,,,,158.5,1125,158.7,200,,,,,,,,,,,,,,,,
2026-07-06T19:21:58.865528+00:00,2026-07-06T19:21:58.865385,2,2,158.45,0.1,158.4,200,158.3,625,,,,,,,,,,,,,,,,,158.5,625,158.7,200,,,,,,,,,,,,,,,,
2026-07-06T19:21:58.876081+00:00,2026-07-06T19:21:58.875979,3,2,158.45,0.1,158.4,200,158.3,625,157.7,500,,,,,,,,,,,,,,,158.5,625,158.7,200,,,,,,,,,,,,,,,,
2026-07-06T19:21:58.881364+00:00,2026-07-06T19:21:58.881314,3,3,158.45,0.1,158.4,200,158.3,625,157.7,500,,,,,,,,,,,,,,,158.5,625,158.6,500,158.7,200,,,,,,,,,,,,,,
2026-07-06T19:21:59.264055+00:00,2026-07-06T19:21:59.263901,3,3,158.45,0.1,158.4,200,158.3,625,157.7,500,,,,,,,,,,,,,,,158.5,625,158.6,500,158.7,200,,,,,,,,,,,,,,
2026-07-06T19:21:59.489200+00:00,2026-07-06T19:21:59.489047,2,3,158.45,0.1,158.4,200,158.3,625,,,,,,,,,,,,,,,,,158.5,625,158.6,500,158.7,200,,,,,,,,,,,,,,
2026-07-06T19:21:59.558668+00:00,2026-07-06T19:21:59.501301,3,3,158.45,0.1,158.4,200,158.3,625,157.7,500,,,,,,,,,,,,,,,158.5,625,158.6,500,158.7,200,,,,,,,,,,,,,,
2026-07-06T19:21:59.595619+00:00,2026-07-06T19:21:59.595527,2,2,158.4,0.2,158.3,625,157.7,500,,,,,,,,,,,,,,,,,158.5,625,158.6,500,,,,,,,,,,,,,,,,
2026-07-06T19:21:59.602328+00:00,2026-07-06T19:21:59.602156,2,2,158.4,0.2,158.3,625,157.7,500,,,,,,,,,,,,,,,,,158.5,425,158.6,500,,,,,,,,,,,,,,,,
2026-07-06T19:21:59.658623+00:00,2026-07-06T19:21:59.607441,2,3,158.4,0.2,158.3,625,157.7,500,,,,,,,,,,,,,,,,,158.5,425,158.6,500,158.7,200,,,,,,,,,,,,,,
2026-07-06T19:21:59.758597+00:00,2026-07-06T19:21:59.750079,2,3,158.4,0.2,158.3,625,157.7,500,,,,,,,,,,,,,,,,,158.5,405,158.6,500,158.7,200,,,,,,,,,,,,,,
2026-07-06T19:22:00.090456+00:00,2026-07-06T19:22:00.090295,1,3,158.4,0.2,158.3,625,,,,,,,,,,,,,,,,,,,158.5,405,158.6,500,158.7,200,,,,,,,,,,,,,,
2026-07-06T19:22:00.095677+00:00,2026-07-06T19:22:00.095586,1,2,158.4,0.2,158.3,625,,,,,,,,,,,,,,,,,,,158.5,405,158.7,200,,,,,,,,,,,,,,,,
2026-07-06T19:22:00.106113+00:00,2026-07-06T19:22:00.106014,2,2,158.4,0.2,158.3,625,157.7,500,,,,,,,,,,,,,,,,,158.5,405,158.7,200,,,,,,,,,,,,,,,,
2026-07-06T19:22:00.111454+00:00,2026-07-06T19:22:00.111293,2,3,158.4,0.2,158.3,625,157.7,500,,,,,,,,,,,,,,,,,158.5,405,158.6,500,158.7,200,,,,,,,,,,,,,,
2026-07-06T19:22:00.567367+00:00,2026-07-06T19:22:00.567341,2,2,158.45,0.3,158.3,625,157.7,500,,,,,,,,,,,,,,,,,158.6,500,158.7,200,,,,,,,,,,,,,,,,
2026-07-06T19:22:00.572706+00:00,2026-07-06T19:22:00.572556,2,2,158.45,0.3,158.3,625,157.7,500,,,,,,,,,,,,,,,,,158.6,1125,158.7,200,,,,,,,,,,,,,,,,
2026-07-06T19:22:00.691486+00:00,2026-07-06T19:22:00.691337,1,2,158.45,0.3,158.3,625,,,,,,,,,,,,,,,,,,,158.6,1125,158.7,200,,,,,,,,,,,,,,,,
2026-07-06T19:22:00.702011+00:00,2026-07-06T19:22:00.701831,1,2,158.45,0.3,158.3,625,,,,,,,,,,,,,,,,,,,158.6,625,158.7,200,,,,,,,,,,,,,,,,
2026-07-06T19:22:00.707222+00:00,2026-07-06T19:22:00.707169,2,2,158.45,0.3,158.3,625,157.7,500,,,,,,,,,,,,,,,,,158.6,625,158.7,200,,,,,,,,,,,,,,,,
2026-07-06T19:22:00.712539+00:00,2026-07-06T19:22:00.712445,2,2,158.45,0.3,158.3,625,157.7,500,,,,,,,,,,,,,,,,,158.6,1125,158.7,200,,,,,,,,,,,,,,,,
2026-07-06T19:22:00.815385+00:00,2026-07-06T19:22:00.815293,2,1,158.45,0.3,158.3,825,157.7,500,,,,,,,,,,,,,,,,,158.6,1125,,,,,,,,,,,,,,,,,,
2026-07-06T19:22:00.820661+00:00,2026-07-06T19:22:00.820519,2,2,158.4,0.2,158.3,825,157.7,500,,,,,,,,,,,,,,,,,158.5,200,158.6,1125,,,,,,,,,,,,,,,,
2026-07-06T19:22:01.297963+00:00,2026-07-06T19:22:01.297706,1,2,158.4,0.2,158.3,825,,,,,,,,,,,,,,,,,,,158.5,200,158.6,1125,,,,,,,,,,,,,,,,
2026-07-06T19:22:01.303141+00:00,2026-07-06T19:22:01.302998,1,2,158.4,0.2,158.3,825,,,,,,,,,,,,,,,,,,,158.5,200,158.6,625,,,,,,,,,,,,,,,,
2026-07-06T19:22:01.308376+00:00,2026-07-06T19:22:01.308259,2,2,158.4,0.2,158.3,825,157.7,500,,,,,,,,,,,,,,,,,158.5,200,158.6,625,,,,,,,,,,,,,,,,
2026-07-06T19:22:01.318849+00:00,2026-07-06T19:22:01.318735,2,2,158.4,0.2,158.3,825,157.7,500,,,,,,,,,,,,,,,,,158.5,200,158.6,1125,,,,,,,,,,,,,,,,
2026-07-06T19:22:01.875335+00:00,2026-07-06T19:22:01.875552,3,2,158.4,0.2,158.3,200,158.2,625,157.7,500,,,,,,,,,,,,,,,158.5,200,158.6,500,,,,,,,,,,,,,,,,
2026-07-06T19:22:01.880878+00:00,2026-07-06T19:22:01.880770,3,2,158.4,0.2,158.3,200,158.2,625,157.7,500,,,,,,,,,,,,,,,158.5,825,158.6,500,,,,,,,,,,,,,,,,
2026-07-06T19:22:01.958686+00:00,2026-07-06T19:22:01.906365,3,1,158.4,0.2,158.3,200,158.2,625,157.8,500,,,,,,,,,,,,,,,158.5,825,,,,,,,,,,,,,,,,,,
2026-07-06T19:22:01.969591+00:00,2026-07-06T19:22:01.969020,3,2,158.4,0.2,158.3,200,158.2,625,157.8,500,,,,,,,,,,,,,,,158.5,825,158.7,500,,,,,,,,,,,,,,,,
2026-07-06T19:22:02.064423+00:00,2026-07-06T19:22:02.064236,2,2,158.35,0.3,158.2,825,157.8,500,,,,,,,,,,,,,,,,,158.5,825,158.7,500,,,,,,,,,,,,,,,,
2026-07-06T19:22:02.503380+00:00,2026-07-06T19:22:02.503278,1,2,158.35,0.3,158.2,825,,,,,,,,,,,,,,,,,,,158.5,825,158.7,500,,,,,,,,,,,,,,,,
2026-07-06T19:22:02.508830+00:00,2026-07-06T19:22:02.508603,1,1,158.35,0.3,158.2,825,,,,,,,,,,,,,,,,,,,158.5,825,,,,,,,,,,,,,,,,,,
2026-07-06T19:22:02.513956+00:00,2026-07-06T19:22:02.513878,2,1,158.35,0.3,158.2,825,157.8,500,,,,,,,,,,,,,,,,,158.5,825,,,,,,,,,,,,,,,,,,
2026-07-06T19:22:02.524485+00:00,2026-07-06T19:22:02.524319,2,2,158.35,0.3,158.2,825,157.8,500,,,,,,,,,,,,,,,,,158.5,825,158.7,500,,,,,,,,,,,,,,,,
2026-07-06T19:22:03.106480+00:00,2026-07-06T19:22:03.106262,1,2,158.35,0.3,158.2,825,,,,,,,,,,,,,,,,,,,158.5,825,158.7,500,,,,,,,,,,,,,,,,
2026-07-06T19:22:03.111636+00:00,2026-07-06T19:22:03.111571,1,1,158.35,0.3,158.2,825,,,,,,,,,,,,,,,,,,,158.5,825,,,,,,,,,,,,,,,,,,
2026-07-06T19:22:03.158782+00:00,2026-07-06T19:22:03.116953,2,1,158.35,0.3,158.2,825,157.8,500,,,,,,,,,,,,,,,,,158.5,825,,,,,,,,,,,,,,,,,,
2026-07-06T19:22:03.169024+00:00,2026-07-06T19:22:03.168877,2,2,158.35,0.3,158.2,825,157.8,500,,,,,,,,,,,,,,,,,158.5,825,158.7,500,,,,,,,,,,,,,,,,
2026-07-06T19:22:03.194080+00:00,2026-07-06T19:22:03.193965,3,2,158.4,0.2,158.3,625,158.2,200,157.8,500,,,,,,,,,,,,,,,158.5,200,158.7,500,,,,,,,,,,,,,,,,
2026-07-06T19:22:03.199976+00:00,2026-07-06T19:22:03.199786,3,2,158.4,0.2,158.3,625,158.2,200,157.8,500,,,,,,,,,,,,,,,158.5,825,158.7,500,,,,,,,,,,,,,,,,
2026-07-06T19:22:03.269186+00:00,2026-07-06T19:22:03.268975,2,2,158.4,0.2,158.3,825,157.8,500,,,,,,,,,,,,,,,,,158.5,825,158.7,500,,,,,,,,,,,,,,,,
2026-07-06T19:22:03.760050+00:00,2026-07-06T19:22:03.759194,2,2,158.4,0.2,158.3,825,157.8,500,,,,,,,,,,,,,,,,,158.5,825,158.7,500,,,,,,,,,,,,,,,,
2026-07-06T19:22:04.312466+00:00,2026-07-06T19:22:04.312343,1,2,158.4,0.2,158.3,825,,,,,,,,,,,,,,,,,,,158.5,825,158.7,500,,,,,,,,,,,,,,,,
2026-07-06T19:22:04.317767+00:00,2026-07-06T19:22:04.317612,1,1,158.4,0.2,158.3,825,,,,,,,,,,,,,,,,,,,158.5,825,,,,,,,,,,,,,,,,,,
2026-07-06T19:22:04.328137+00:00,2026-07-06T19:22:04.328012,2,1,158.4,0.2,158.3,825,157.9,500,,,,,,,,,,,,,,,,,158.5,825,,,,,,,,,,,,,,,,,,
2026-07-06T19:22:04.333334+00:00,2026-07-06T19:22:04.333275,2,2,158.4,0.2,158.3,825,157.9,500,,,,,,,,,,,,,,,,,158.5,825,158.8,500,,,,,,,,,,,,,,,,
2026-07-06T19:22:04.458776+00:00,2026-07-06T19:22:04.458680,2,2,158.4,0.2,158.3,625,157.9,500,,,,,,,,,,,,,,,,,158.5,825,158.8,500,,,,,,,,,,,,,,,,
2026-07-06T19:22:04.464180+00:00,2026-07-06T19:22:04.464045,3,3,158.35,0.1,158.3,625,158.1,200,157.9,500,,,,,,,,,,,,,,,158.4,200,158.5,625,158.8,500,,,,,,,,,,,,,,
2026-07-06T19:22:04.506115+00:00,2026-07-06T19:22:04.506073,2,3,158.25,0.3,158.1,200,157.9,500,,,,,,,,,,,,,,,,,158.4,200,158.5,625,158.8,500,,,,,,,,,,,,,,
2026-07-06T19:22:04.511316+00:00,2026-07-06T19:22:04.511246,2,2,158.25,0.3,158.1,200,157.9,500,,,,,,,,,,,,,,,,,158.4,200,158.8,500,,,,,,,,,,,,,,,,
2026-07-06T19:22:04.516610+00:00,2026-07-06T19:22:04.516488,3,1,158.6,0.4,158.4,425,158.1,200,157.9,500,,,,,,,,,,,,,,,158.8,500,,,,,,,,,,,,,,,,,,
2026-07-06T19:22:04.521799+00:00,2026-07-06T19:22:04.521705,3,2,158.5,0.2,158.4,425,158.1,200,157.9,500,,,,,,,,,,,,,,,158.6,625,158.8,500,,,,,,,,,,,,,,,,
2026-07-06T19:22:04.915558+00:00,2026-07-06T19:22:04.915473,2,1,158.5,0.2,158.4,425,158.1,200,,,,,,,,,,,,,,,,,158.6,625,,,,,,,,,,,,,,,,,,
2026-07-06T19:22:04.922179+00:00,2026-07-06T19:22:04.922035,3,1,158.5,0.2,158.4,425,158.1,200,157.9,500,,,,,,,,,,,,,,,158.6,625,,,,,,,,,,,,,,,,,,
2026-07-06T19:22:04.969295+00:00,2026-07-06T19:22:04.968778,3,2,158.5,0.2,158.4,425,158.1,200,157.9,500,,,,,,,,,,,,,,,158.6,625,158.7,500,,,,,,,,,,,,,,,,
2026-07-06T19:22:05.541100+00:00,2026-07-06T19:22:05.541017,2,2,158.5,0.2,158.4,425,158.1,200,,,,,,,,,,,,,,,,,158.6,625,158.7,500,,,,,,,,,,,,,,,,
2026-07-06T19:22:05.558610+00:00,2026-07-06T19:22:05.546430,3,1,158.5,0.2,158.4,425,158.1,200,157.8,500,,,,,,,,,,,,,,,158.6,625,,,,,,,,,,,,,,,,,,
2026-07-06T19:22:05.569198+00:00,2026-07-06T19:22:05.568833,3,2,158.5,0.2,158.4,425,158.1,200,157.8,500,,,,,,,,,,,,,,,158.6,625,158.7,500,,,,,,,,,,,,,,,,
2026-07-06T19:22:05.665049+00:00,2026-07-06T19:22:05.664976,3,2,158.5,0.2,158.4,425,158.3,200,157.8,500,,,,,,,,,,,,,,,158.6,625,158.7,500,,,,,,,,,,,,,,,,
2026-07-06T19:22:05.670276+00:00,2026-07-06T19:22:05.670172,3,3,158.45,0.1,158.4,425,158.3,200,157.8,500,,,,,,,,,,,,,,,158.5,200,158.6,625,158.7,500,,,,,,,,,,,,,,
2026-07-06T19:22:05.826792+00:00,2026-07-06T19:22:05.826675,2,2,158.4,0.2,158.3,200,157.8,500,,,,,,,,,,,,,,,,,158.5,200,158.7,500,,,,,,,,,,,,,,,,
2026-07-06T19:22:05.831924+00:00,2026-07-06T19:22:05.831848,3,2,158.45,0.1,158.4,625,158.3,200,157.8,500,,,,,,,,,,,,,,,158.5,200,158.7,500,,,,,,,,,,,,,,,,
2026-07-06T19:22:05.837232+00:00,2026-07-06T19:22:05.837050,3,2,158.45,0.1,158.4,625,158.3,200,157.8,500,,,,,,,,,,,,,,,158.5,200,158.7,1125,,,,,,,,,,,,,,,,
2026-07-06T19:22:06.164304+00:00,2026-07-06T19:22:06.164166,3,2,158.45,0.1,158.4,625,158.3,200,157.8,500,,,,,,,,,,,,,,,158.5,200,158.7,1125,,,,,,,,,,,,,,,,
2026-07-06T19:22:06.758635+00:00,2026-07-06T19:22:06.755489,3,3,158.45,0.1,158.4,625,158.3,200,157.7,500,,,,,,,,,,,,,,,158.5,200,158.6,500,158.7,625,,,,,,,,,,,,,,
2026-07-06T19:22:06.875734+00:00,2026-07-06T19:22:06.875620,2,2,158.5,0.2,158.4,625,157.7,500,,,,,,,,,,,,,,,,,158.6,500,158.7,625,,,,,,,,,,,,,,,,
2026-07-06T19:22:06.880924+00:00,2026-07-06T19:22:06.880867,3,3,158.45,0.1,158.4,625,158.3,200,157.7,500,,,,,,,,,,,,,,,158.5,200,158.6,500,158.7,625,,,,,,,,,,,,,,
2026-07-06T19:22:07.139838+00:00,2026-07-06T19:22:07.139764,2,2,158.4,0.2,158.3,200,157.7,500,,,,,,,,,,,,,,,,,158.5,200,158.6,500,,,,,,,,,,,,,,,,
2026-07-06T19:22:07.158651+00:00,2026-07-06T19:22:07.145185,3,2,158.55,0.1,158.5,425,158.3,200,157.7,500,,,,,,,,,,,,,,,158.6,500,158.8,625,,,,,,,,,,,,,,,,
2026-07-06T19:22:07.348501+00:00,2026-07-06T19:22:07.358637,2,2,158.55,0.1,158.5,425,158.3,200,,,,,,,,,,,,,,,,,158.6,500,158.8,625,,,,,,,,,,,,,,,,
2026-07-06T19:22:07.364234+00:00,2026-07-06T19:22:07.364033,3,1,158.65,0.3,158.5,425,158.3,200,157.7,500,,,,,,,,,,,,,,,158.8,625,,,,,,,,,,,,,,,,,,
2026-07-06T19:22:07.369502+00:00,2026-07-06T19:22:07.369290,3,2,158.55,0.1,158.5,425,158.3,200,157.7,500,,,,,,,,,,,,,,,158.6,500,158.8,625,,,,,,,,,,,,,,,,
2026-07-06T19:22:07.946360+00:00,2026-07-06T19:22:07.946212,2,2,158.55,0.1,158.5,425,158.3,200,,,,,,,,,,,,,,,,,158.6,500,158.8,625,,,,,,,,,,,,,,,,
2026-07-06T19:22:07.951591+00:00,2026-07-06T19:22:07.951473,2,1,158.65,0.3,158.5,425,158.3,200,,,,,,,,,,,,,,,,,158.8,625,,,,,,,,,,,,,,,,,,
2026-07-06T19:22:07.956552+00:00,2026-07-06T19:22:07.956752,3,1,158.65,0.3,158.5,425,158.3,200,157.7,500,,,,,,,,,,,,,,,158.8,625,,,,,,,,,,,,,,,,,,
2026-07-06T19:22:07.963775+00:00,2026-07-06T19:22:07.963729,3,2,158.55,0.1,158.5,425,158.3,200,157.7,500,,,,,,,,,,,,,,,158.6,500,158.8,625,,,,,,,,,,,,,,,,
2026-07-06T19:22:08.085924+00:00,2026-07-06T19:22:08.085871,3,2,158.55,0.1,158.5,425,158.3,200,157.7,500,,,,,,,,,,,,,,,158.6,500,158.8,625,,,,,,,,,,,,,,,,
2026-07-06T19:22:08.091210+00:00,2026-07-06T19:22:08.091111,3,2,158.55,0.1,158.5,225,158.3,200,157.7,500,,,,,,,,,,,,,,,158.6,500,158.8,625,,,,,,,,,,,,,,,,
2026-07-06T19:22:08.464059+00:00,2026-07-06T19:22:08.463980,2,1,158.45,0.3,158.3,825,157.7,500,,,,,,,,,,,,,,,,,158.6,500,,,,,,,,,,,,,,,,,,
2026-07-06T19:22:08.469344+00:00,2026-07-06T19:22:08.469197,2,2,158.4,0.2,158.3,825,157.7,500,,,,,,,,,,,,,,,,,158.5,625,158.6,500,,,,,,,,,,,,,,,,
2026-07-06T19:22:08.564517+00:00,2026-07-06T19:22:08.564396,2,1,158.4,0.2,158.3,825,157.7,500,,,,,,,,,,,,,,,,,158.5,625,,,,,,,,,,,,,,,,,,
2026-07-06T19:22:08.570135+00:00,2026-07-06T19:22:08.569868,2,2,158.4,0.2,158.3,825,157.7,500,,,,,,,,,,,,,,,,,158.5,625,158.6,500,,,,,,,,,,,,,,,,
2026-07-06T19:22:09.164163+00:00,2026-07-06T19:22:09.163963,1,1,158.4,0.2,158.3,825,,,,,,,,,,,,,,,,,,,158.5,625,,,,,,,,,,,,,,,,,,
2026-07-06T19:22:09.169694+00:00,2026-07-06T19:22:09.169571,2,1,158.4,0.2,158.3,825,157.7,500,,,,,,,,,,,,,,,,,158.5,1125,,,,,,,,,,,,,,,,,,
2026-07-06T19:22:09.289894+00:00,2026-07-06T19:22:09.286673,2,1,158.4,0.2,158.3,625,157.7,500,,,,,,,,,,,,,,,,,158.5,1125,,,,,,,,,,,,,,,,,,
2026-07-06T19:22:09.310703+00:00,2026-07-06T19:22:09.310532,2,2,158.4,0.2,158.3,825,157.7,500,,,,,,,,,,,,,,,,,158.5,1125,158.6,200,,,,,,,,,,,,,,,,
2026-07-06T19:22:09.758641+00:00,2026-07-06T19:22:09.747311,1,2,158.4,0.2,158.3,825,,,,,,,,,,,,,,,,,,,158.5,1125,158.6,200,,,,,,,,,,,,,,,,
2026-07-06T19:22:09.763886+00:00,2026-07-06T19:22:09.763809,1,2,158.4,0.2,158.3,825,,,,,,,,,,,,,,,,,,,158.5,625,158.6,200,,,,,,,,,,,,,,,,
2026-07-06T19:22:09.769220+00:00,2026-07-06T19:22:09.769067,2,2,158.4,0.2,158.3,825,157.5,500,,,,,,,,,,,,,,,,,158.5,625,158.6,200,,,,,,,,,,,,,,,,
2026-07-06T19:22:09.810482+00:00,2026-07-06T19:22:09.809025,2,2,158.35,0.1,158.3,825,157.5,500,,,,,,,,,,,,,,,,,158.4,489,158.6,825,,,,,,,,,,,,,,,,
2026-07-06T19:22:10.175430+00:00,2026-07-06T19:22:10.173766,2,2,158.35,0.1,158.3,825,157.5,500,,,,,,,,,,,,,,,,,158.4,478,158.6,825,,,,,,,,,,,,,,,,
2026-07-06T19:22:10.363984+00:00,2026-07-06T19:22:10.363734,1,2,158.35,0.1,158.3,825,,,,,,,,,,,,,,,,,,,158.4,478,158.6,825,,,,,,,,,,,,,,,,
2026-07-06T19:22:10.369229+00:00,2026-07-06T19:22:10.368995,1,1,158.45,0.3,158.3,825,,,,,,,,,,,,,,,,,,,158.6,825,,,,,,,,,,,,,,,,,,
2026-07-06T19:22:10.374372+00:00,2026-07-06T19:22:10.374246,2,1,158.45,0.3,158.3,825,157.5,500,,,,,,,,,,,,,,,,,158.6,825,,,,,,,,,,,,,,,,,,
2026-07-06T19:22:10.379586+00:00,2026-07-06T19:22:10.379495,2,2,158.35,0.1,158.3,825,157.5,500,,,,,,,,,,,,,,,,,158.4,500,158.6,825,,,,,,,,,,,,,,,,
2026-07-06T19:22:10.503907+00:00,2026-07-06T19:22:10.503878,2,2,158.35,0.1,158.3,625,157.5,500,,,,,,,,,,,,,,,,,158.4,500,158.6,825,,,,,,,,,,,,,,,,
2026-07-06T19:22:10.509178+00:00,2026-07-06T19:22:10.509053,2,2,158.35,0.1,158.3,625,157.5,500,,,,,,,,,,,,,,,,,158.4,500,158.6,625,,,,,,,,,,,,,,,,
2026-07-06T19:22:10.514440+00:00,2026-07-06T19:22:10.514341,3,3,158.35,0.1,158.3,625,158.2,200,157.5,500,,,,,,,,,,,,,,,158.4,500,158.5,200,158.6,625,,,,,,,,,,,,,,
2026-07-06T19:22:10.964222+00:00,2026-07-06T19:22:10.963910,2,3,158.35,0.1,158.3,625,158.2,200,,,,,,,,,,,,,,,,,158.4,500,158.5,200,158.6,625,,,,,,,,,,,,,,
2026-07-06T19:22:10.969123+00:00,2026-07-06T19:22:10.969221,2,2,158.4,0.2,158.3,625,158.2,200,,,,,,,,,,,,,,,,,158.5,200,158.6,625,,,,,,,,,,,,,,,,
2026-07-06T19:22:10.974622+00:00,2026-07-06T19:22:10.974488,3,2,158.4,0.2,158.3,625,158.2,200,157.4,500,,,,,,,,,,,,,,,158.5,200,158.6,625,,,,,,,,,,,,,,,,
2026-07-06T19:22:10.984899+00:00,2026-07-06T19:22:10.985003,3,2,158.4,0.2,158.3,125,158.2,200,157.4,500,,,,,,,,,,,,,,,158.5,200,158.6,625,,,,,,,,,,,,,,,,
2026-07-06T19:22:11.099132+00:00,2026-07-06T19:22:11.099029,2,2,158.35,0.3,158.2,200,157.4,500,,,,,,,,,,,,,,,,,158.5,200,158.6,625,,,,,,,,,,,,,,,,
2026-07-06T19:22:11.104372+00:00,2026-07-06T19:22:11.104265,2,1,158.35,0.3,158.2,200,157.4,500,,,,,,,,,,,,,,,,,158.5,200,,,,,,,,,,,,,,,,,,
2026-07-06T19:22:11.109715+00:00,2026-07-06T19:22:11.109489,3,1,158.35,0.3,158.2,200,158.0,625,157.4,500,,,,,,,,,,,,,,,158.5,200,,,,,,,,,,,,,,,,,,
2026-07-06T19:22:11.125680+00:00,2026-07-06T19:22:11.124196,3,2,158.25,0.1,158.2,200,158.0,625,157.4,500,,,,,,,,,,,,,,,158.3,613,158.5,200,,,,,,,,,,,,,,,,
2026-07-06T19:22:11.590913+00:00,2026-07-06T19:22:11.590702,2,2,158.25,0.1,158.2,200,158.0,625,,,,,,,,,,,,,,,,,158.3,613,158.5,200,,,,,,,,,,,,,,,,
2026-07-06T19:22:11.596117+00:00,2026-07-06T19:22:11.596008,3,2,158.25,0.1,158.2,200,158.0,625,157.4,500,,,,,,,,,,,,,,,158.3,613,158.5,200,,,,,,,,,,,,,,,,
2026-07-06T19:22:11.606543+00:00,2026-07-06T19:22:11.606409,3,2,158.25,0.1,158.2,200,158.0,625,157.4,500,,,,,,,,,,,,,,,158.3,1113,158.5,200,,,,,,,,,,,,,,,,
2026-07-06T19:22:11.719138+00:00,2026-07-06T19:22:11.719061,2,2,158.15,0.3,158.0,625,157.4,500,,,,,,,,,,,,,,,,,158.3,1113,158.5,200,,,,,,,,,,,,,,,,
2026-07-06T19:22:11.724402+00:00,2026-07-06T19:22:11.724319,2,1,158.15,0.3,158.0,625,157.4,500,,,,,,,,,,,,,,,,,158.3,1113,,,,,,,,,,,,,,,,,,
2026-07-06T19:22:11.729625+00:00,2026-07-06T19:22:11.729532,2,1,158.15,0.3,158.0,625,157.4,500,,,,,,,,,,,,,,,,,158.3,913,,,,,,,,,,,,,,,,,,
2026-07-06T19:22:11.739965+00:00,2026-07-06T19:22:11.739887,2,2,158.15,0.3,158.0,625,157.4,500,,,,,,,,,,,,,,,,,158.3,913,158.6,200,,,,,,,,,,,,,,,,
2026-07-06T19:22:12.193528+00:00,2026-07-06T19:22:12.193442,1,2,158.15,0.3,158.0,625,,,,,,,,,,,,,,,,,,,158.3,913,158.6,200,,,,,,,,,,,,,,,,
2026-07-06T19:22:12.198787+00:00,2026-07-06T19:22:12.198713,1,2,158.15,0.3,158.0,625,,,,,,,,,,,,,,,,,,,158.3,413,158.6,200,,,,,,,,,,,,,,,,
2026-07-06T19:22:12.204046+00:00,2026-07-06T19:22:12.203977,2,2,158.15,0.3,158.0,625,157.4,500,,,,,,,,,,,,,,,,,158.3,413,158.6,200,,,,,,,,,,,,,,,,
2026-07-06T19:22:12.214595+00:00,2026-07-06T19:22:12.214435,2,2,158.15,0.3,158.0,625,157.4,500,,,,,,,,,,,,,,,,,158.3,913,158.6,200,,,,,,,,,,,,,,,,
2026-07-06T19:22:12.421354+00:00,2026-07-06T19:22:12.421193,1,2,157.85,0.9,157.4,500,,,,,,,,,,,,,,,,,,,158.3,913,158.6,200,,,,,,,,,,,,,,,,
2026-07-06T19:22:12.426612+00:00,2026-07-06T19:22:12.426507,2,2,158.15,0.3,158.0,625,157.4,500,,,,,,,,,,,,,,,,,158.3,500,158.6,200,,,,,,,,,,,,,,,,
2026-07-06T19:22:12.437010+00:00,2026-07-06T19:22:12.436894,2,2,158.15,0.3,158.0,625,157.4,500,,,,,,,,,,,,,,,,,158.3,1125,158.6,200,,,,,,,,,,,,,,,,
2026-07-06T19:22:12.796596+00:00,2026-07-06T19:22:12.796398,1,2,158.15,0.3,158.0,625,,,,,,,,,,,,,,,,,,,158.3,625,158.6,200,,,,,,,,,,,,,,,,
2026-07-06T19:22:12.801934+00:00,2026-07-06T19:22:12.801863,2,2,158.15,0.3,158.0,625,157.3,500,,,,,,,,,,,,,,,,,158.3,625,158.6,200,,,,,,,,,,,,,,,,
2026-07-06T19:22:12.827466+00:00,2026-07-06T19:22:12.825971,2,3,158.1,0.2,158.0,625,157.3,500,,,,,,,,,,,,,,,,,158.2,489,158.3,625,158.6,200,,,,,,,,,,,,,,
2026-07-06T19:22:12.942731+00:00,2026-07-06T19:22:12.942661,2,2,158.1,0.2,158.0,625,157.3,500,,,,,,,,,,,,,,,,,158.2,289,158.3,625,,,,,,,,,,,,,,,,
2026-07-06T19:22:12.947905+00:00,2026-07-06T19:22:12.947834,2,3,158.1,0.2,158.0,625,157.3,500,,,,,,,,,,,,,,,,,158.2,289,158.3,625,158.4,200,,,,,,,,,,,,,,
2026-07-06T19:22:13.308204+00:00,2026-07-06T19:22:13.308134,2,3,158.1,0.2,158.0,625,157.3,500,,,,,,,,,,,,,,,,,158.2,269,158.3,625,158.4,200,,,,,,,,,,,,,,
2026-07-06T19:22:13.399047+00:00,2026-07-06T19:22:13.398989,1,3,158.1,0.2,158.0,625,,,,,,,,,,,,,,,,,,,158.2,269,158.3,625,158.4,200,,,,,,,,,,,,,,
2026-07-06T19:22:13.404413+00:00,2026-07-06T19:22:13.404309,1,2,158.15,0.3,158.0,625,,,,,,,,,,,,,,,,,,,158.3,625,158.4,200,,,,,,,,,,,,,,,,
2026-07-06T19:22:13.414897+00:00,2026-07-06T19:22:13.414763,2,2,158.15,0.3,158.0,625,157.2,500,,,,,,,,,,,,,,,,,158.3,625,158.4,200,,,,,,,,,,,,,,,,
2026-07-06T19:22:13.420253+00:00,2026-07-06T19:22:13.420140,2,3,158.05,0.1,158.0,625,157.2,500,,,,,,,,,,,,,,,,,158.1,500,158.3,625,158.4,200,,,,,,,,,,,,,,
2026-07-06T19:22:13.758585+00:00,2026-07-06T19:22:13.732853,1,2,157.65,0.9,157.2,500,,,,,,,,,,,,,,,,,,,158.1,500,158.4,200,,,,,,,,,,,,,,,,
2026-07-06T19:22:13.769040+00:00,2026-07-06T19:22:13.768956,2,3,158.05,0.1,158.0,625,157.2,500,,,,,,,,,,,,,,,,,158.1,500,158.3,625,158.4,200,,,,,,,,,,,,,,
2026-07-06T19:22:14.064882+00:00,2026-07-06T19:22:14.064466,2,2,158.15,0.3,158.0,125,157.1,500,,,,,,,,,,,,,,,,,158.3,625,158.4,200,,,,,,,,,,,,,,,,
2026-07-06T19:22:14.163715+00:00,2026-07-06T19:22:14.164220,3,2,158.2,0.2,158.1,200,158.0,125,157.1,500,,,,,,,,,,,,,,,158.3,625,158.4,200,,,,,,,,,,,,,,,,
2026-07-06T19:22:14.601338+00:00,2026-07-06T19:22:14.601289,2,2,158.2,0.2,158.1,200,158.0,125,,,,,,,,,,,,,,,,,158.3,625,158.4,200,,,,,,,,,,,,,,,,
2026-07-06T19:22:14.616928+00:00,2026-07-06T19:22:14.616791,3,2,158.2,0.2,158.1,200,158.0,125,157.1,500,,,,,,,,,,,,,,,158.3,625,158.4,200,,,,,,,,,,,,,,,,
2026-07-06T19:22:14.622221+00:00,2026-07-06T19:22:14.622094,1,3,157.55,0.9,157.1,500,,,,,,,,,,,,,,,,,,,158.0,175,158.3,625,158.4,200,,,,,,,,,,,,,,
2026-07-06T19:22:15.058739+00:00,2026-07-06T19:22:15.058582,2,2,157.85,0.3,157.7,625,157.1,500,,,,,,,,,,,,,,,,,158.0,175,158.4,200,,,,,,,,,,,,,,,,
2026-07-06T19:22:15.064076+00:00,2026-07-06T19:22:15.063840,2,2,157.85,0.3,157.7,625,157.1,500,,,,,,,,,,,,,,,,,158.0,800,158.4,200,,,,,,,,,,,,,,,,
2026-07-06T19:22:15.207612+00:00,2026-07-06T19:22:15.207454,1,2,157.85,0.3,157.7,625,,,,,,,,,,,,,,,,,,,158.0,800,158.4,200,,,,,,,,,,,,,,,,
2026-07-06T19:22:15.213052+00:00,2026-07-06T19:22:15.212903,2,2,157.85,0.3,157.7,625,157.1,500,,,,,,,,,,,,,,,,,158.0,625,158.4,200,,,,,,,,,,,,,,,,
2026-07-06T19:22:15.223475+00:00,2026-07-06T19:22:15.223304,2,2,157.85,0.3,157.7,625,157.1,500,,,,,,,,,,,,,,,,,158.0,1125,158.4,200,,,,,,,,,,,,,,,,
2026-07-06T19:22:15.353704+00:00,2026-07-06T19:22:15.357137,2,2,157.85,0.3,157.7,625,157.1,500,,,,,,,,,,,,,,,,,158.0,925,158.3,200,,,,,,,,,,,,,,,,
2026-07-06T19:22:15.811375+00:00,2026-07-06T19:22:15.811238,1,2,157.85,0.3,157.7,625,,,,,,,,,,,,,,,,,,,158.0,925,158.3,200,,,,,,,,,,,,,,,,
2026-07-06T19:22:15.816614+00:00,2026-07-06T19:22:15.816520,1,2,157.85,0.3,157.7,625,,,,,,,,,,,,,,,,,,,158.0,425,158.3,200,,,,,,,,,,,,,,,,
2026-07-06T19:22:15.821868+00:00,2026-07-06T19:22:15.821768,2,2,157.85,0.3,157.7,625,157.1,500,,,,,,,,,,,,,,,,,158.0,425,158.3,200,,,,,,,,,,,,,,,,
2026-07-06T19:22:15.827136+00:00,2026-07-06T19:22:15.826997,2,2,157.85,0.3,157.7,625,157.1,500,,,,,,,,,,,,,,,,,158.0,925,158.3,200,,,,,,,,,,,,,,,,
2026-07-06T19:22:16.363932+00:00,2026-07-06T19:22:16.363845,1,2,157.55,0.9,157.1,500,,,,,,,,,,,,,,,,,,,158.0,500,158.3,200,,,,,,,,,,,,,,,,
2026-07-06T19:22:16.368923+00:00,2026-07-06T19:22:16.369077,2,2,157.95,0.1,157.9,625,157.1,500,,,,,,,,,,,,,,,,,158.0,500,158.3,200,,,,,,,,,,,,,,,,
2026-07-06T19:22:16.374466+00:00,2026-07-06T19:22:16.374322,2,3,157.95,0.1,157.9,625,157.1,500,,,,,,,,,,,,,,,,,158.0,500,158.1,625,158.3,200,,,,,,,,,,,,,,
2026-07-06T19:22:16.412838+00:00,2026-07-06T19:22:16.412937,1,3,157.95,0.1,157.9,625,,,,,,,,,,,,,,,,,,,158.0,500,158.1,625,158.3,200,,,,,,,,,,,,,,
2026-07-06T19:22:16.418312+00:00,2026-07-06T19:22:16.418205,1,2,158.0,0.2,157.9,625,,,,,,,,,,,,,,,,,,,158.1,625,158.3,200,,,,,,,,,,,,,,,,
2026-07-06T19:22:16.423513+00:00,2026-07-06T19:22:16.423466,2,2,158.0,0.2,157.9,625,157.2,500,,,,,,,,,,,,,,,,,158.1,625,158.3,200,,,,,,,,,,,,,,,,
2026-07-06T19:22:16.458783+00:00,2026-07-06T19:22:16.458635,2,2,158.0,0.2,157.9,625,157.2,500,,,,,,,,,,,,,,,,,158.1,1125,158.3,200,,,,,,,,,,,,,,,,
2026-07-06T19:22:16.569122+00:00,2026-07-06T19:22:16.569070,2,1,158.0,0.2,157.9,625,157.2,500,,,,,,,,,,,,,,,,,158.1,1125,,,,,,,,,,,,,,,,,,
2026-07-06T19:22:16.574374+00:00,2026-07-06T19:22:16.574252,2,1,158.0,0.2,157.9,825,157.2,500,,,,,,,,,,,,,,,,,158.1,1125,,,,,,,,,,,,,,,,,,
2026-07-06T19:22:16.579590+00:00,2026-07-06T19:22:16.579464,2,2,158.0,0.2,157.9,825,157.2,500,,,,,,,,,,,,,,,,,158.1,1125,158.2,200,,,,,,,,,,,,,,,,
2026-07-06T19:22:17.016247+00:00,2026-07-06T19:22:17.016062,1,2,158.0,0.2,157.9,825,,,,,,,,,,,,,,,,,,,158.1,1125,158.2,200,,,,,,,,,,,,,,,,
2026-07-06T19:22:17.021517+00:00,2026-07-06T19:22:17.021336,1,2,158.0,0.2,157.9,825,,,,,,,,,,,,,,,,,,,158.1,625,158.2,200,,,,,,,,,,,,,,,,
2026-07-06T19:22:17.026711+00:00,2026-07-06T19:22:17.026583,2,2,158.0,0.2,157.9,825,157.1,500,,,,,,,,,,,,,,,,,158.1,625,158.2,200,,,,,,,,,,,,,,,,
2026-07-06T19:22:17.037078+00:00,2026-07-06T19:22:17.036976,2,3,157.95,0.1,157.9,825,157.1,500,,,,,,,,,,,,,,,,,158.0,500,158.1,625,158.2,200,,,,,,,,,,,,,,
2026-07-06T19:22:17.641272+00:00,2026-07-06T19:22:17.641031,1,3,157.95,0.1,157.9,825,,,,,,,,,,,,,,,,,,,158.0,500,158.1,625,158.2,200,,,,,,,,,,,,,,
2026-07-06T19:22:17.646377+00:00,2026-07-06T19:22:17.646287,1,2,158.0,0.2,157.9,825,,,,,,,,,,,,,,,,,,,158.1,625,158.2,200,,,,,,,,,,,,,,,,
2026-07-06T19:22:17.658589+00:00,2026-07-06T19:22:17.656829,2,3,157.95,0.1,157.9,825,157.1,500,,,,,,,,,,,,,,,,,158.0,500,158.1,625,158.2,200,,,,,,,,,,,,,,
2026-07-06T19:22:17.674508+00:00,2026-07-06T19:22:17.674489,2,3,157.95,0.1,157.9,200,157.1,500,,,,,,,,,,,,,,,,,158.0,500,158.1,625,158.2,200,,,,,,,,,,,,,,
2026-07-06T19:22:17.679911+00:00,2026-07-06T19:22:17.679683,2,2,157.95,0.1,157.9,200,157.1,500,,,,,,,,,,,,,,,,,158.0,500,158.2,200,,,,,,,,,,,,,,,,
2026-07-06T19:22:17.685105+00:00,2026-07-06T19:22:17.684964,3,2,157.95,0.1,157.9,200,157.7,625,157.1,500,,,,,,,,,,,,,,,158.0,500,158.2,200,,,,,,,,,,,,,,,,
2026-07-06T19:22:17.690241+00:00,2026-07-06T19:22:17.690168,3,2,157.95,0.1,157.9,200,157.7,625,157.1,500,,,,,,,,,,,,,,,158.0,1125,158.2,200,,,,,,,,,,,,,,,,
2026-07-06T19:22:17.777840+00:00,2026-07-06T19:22:17.777722,2,2,157.85,0.3,157.7,625,157.1,500,,,,,,,,,,,,,,,,,158.0,1125,158.2,200,,,,,,,,,,,,,,,,
2026-07-06T19:22:17.788248+00:00,2026-07-06T19:22:17.788174,2,1,157.85,0.3,157.7,625,157.1,500,,,,,,,,,,,,,,,,,158.0,925,,,,,,,,,,,,,,,,,,
2026-07-06T19:22:17.793406+00:00,2026-07-06T19:22:17.793335,2,2,157.85,0.3,157.7,625,157.1,500,,,,,,,,,,,,,,,,,158.0,925,158.3,200,,,,,,,,,,,,,,,,
2026-07-06T19:22:18.245213+00:00,2026-07-06T19:22:18.245031,1,2,157.85,0.3,157.7,625,,,,,,,,,,,,,,,,,,,158.0,925,158.3,200,,,,,,,,,,,,,,,,
2026-07-06T19:22:18.250384+00:00,2026-07-06T19:22:18.250296,1,2,157.85,0.3,157.7,625,,,,,,,,,,,,,,,,,,,158.0,625,158.3,200,,,,,,,,,,,,,,,,
2026-07-06T19:22:18.258615+00:00,2026-07-06T19:22:18.255692,2,2,157.85,0.3,157.7,625,157.2,500,,,,,,,,,,,,,,,,,158.0,1125,158.3,200,,,,,,,,,,,,,,,,
2026-07-06T19:22:18.864687+00:00,2026-07-06T19:22:18.864524,2,3,157.85,0.3,157.7,625,157.2,500,,,,,,,,,,,,,,,,,158.0,625,158.1,500,158.3,200,,,,,,,,,,,,,,
2026-07-06T19:22:18.995315+00:00,2026-07-06T19:22:18.995283,1,2,157.65,0.9,157.2,500,,,,,,,,,,,,,,,,,,,158.1,500,158.3,200,,,,,,,,,,,,,,,,
2026-07-06T19:22:19.000646+00:00,2026-07-06T19:22:19.000602,3,1,158.05,0.1,158.0,200,157.8,625,157.2,500,,,,,,,,,,,,,,,158.1,500,,,,,,,,,,,,,,,,,,
2026-07-06T19:22:19.005706+00:00,2026-07-06T19:22:19.006092,2,3,157.9,0.2,157.8,625,157.2,500,,,,,,,,,,,,,,,,,158.0,425,158.1,500,158.2,200,,,,,,,,,,,,,,
2026-07-06T19:22:19.163967+00:00,2026-07-06T19:22:19.163897,2,3,157.9,0.2,157.8,625,157.2,500,,,,,,,,,,,,,,,,,158.0,417,158.1,500,158.2,200,,,,,,,,,,,,,,
2026-07-06T19:22:19.449544+00:00,2026-07-06T19:22:19.449348,1,3,157.9,0.2,157.8,625,,,,,,,,,,,,,,,,,,,158.0,417,158.1,500,158.2,200,,,,,,,,,,,,,,
2026-07-06T19:22:19.454757+00:00,2026-07-06T19:22:19.454683,1,2,157.9,0.2,157.8,625,,,,,,,,,,,,,,,,,,,158.0,417,158.2,200,,,,,,,,,,,,,,,,
2026-07-06T19:22:19.460048+00:00,2026-07-06T19:22:19.459963,2,2,157.9,0.2,157.8,625,157.3,500,,,,,,,,,,,,,,,,,158.0,417,158.2,200,,,,,,,,,,,,,,,,
2026-07-06T19:22:19.465356+00:00,2026-07-06T19:22:19.465282,2,2,157.9,0.2,157.8,625,157.3,500,,,,,,,,,,,,,,,,,158.0,417,158.2,700,,,,,,,,,,,,,,,,
2026-07-06T19:22:20.058626+00:00,2026-07-06T19:22:20.057826,2,2,157.9,0.2,157.8,625,157.4,500,,,,,,,,,,,,,,,,,158.0,417,158.2,200,,,,,,,,,,,,,,,,
2026-07-06T19:22:20.074924+00:00,2026-07-06T19:22:20.074820,2,3,157.9,0.2,157.8,625,157.4,500,,,,,,,,,,,,,,,,,158.0,417,158.2,200,158.3,500,,,,,,,,,,,,,,
2026-07-06T19:22:20.213942+00:00,2026-07-06T19:22:20.213897,2,2,157.9,0.2,157.8,825,157.4,500,,,,,,,,,,,,,,,,,158.0,417,158.3,500,,,,,,,,,,,,,,,,
2026-07-06T19:22:20.219155+00:00,2026-07-06T19:22:20.219062,2,3,157.9,0.2,157.8,825,157.4,500,,,,,,,,,,,,,,,,,158.0,417,158.1,200,158.3,500,,,,,,,,,,,,,,
2026-07-06T19:22:20.308401+00:00,2026-07-06T19:22:20.308287,2,2,157.95,0.3,157.8,200,157.4,500,,,,,,,,,,,,,,,,,158.1,200,158.3,500,,,,,,,,,,,,,,,,
2026-07-06T19:22:20.313565+00:00,2026-07-06T19:22:20.313476,2,2,157.95,0.3,157.8,825,157.4,500,,,,,,,,,,,,,,,,,158.1,825,158.3,500,,,,,,,,,,,,,,,,
2026-07-06T19:22:20.664049+00:00,2026-07-06T19:22:20.663937,1,1,157.95,0.3,157.8,825,,,,,,,,,,,,,,,,,,,158.1,825,,,,,,,,,,,,,,,,,,
2026-07-06T19:22:20.669428+00:00,2026-07-06T19:22:20.669275,2,1,157.95,0.3,157.8,825,157.5,500,,,,,,,,,,,,,,,,,158.1,825,,,,,,,,,,,,,,,,,,
2026-07-06T19:22:20.674751+00:00,2026-07-06T19:22:20.674588,2,2,157.95,0.3,157.8,825,157.5,500,,,,,,,,,,,,,,,,,158.1,825,158.4,500,,,,,,,,,,,,,,,,
2026-07-06T19:22:21.258609+00:00,2026-07-06T19:22:21.257450,1,1,157.95,0.3,157.8,825,,,,,,,,,,,,,,,,,,,158.1,825,,,,,,,,,,,,,,,,,,
2026-07-06T19:22:21.274344+00:00,2026-07-06T19:22:21.274453,2,1,157.95,0.3,157.8,825,157.6,500,,,,,,,,,,,,,,,,,158.1,825,,,,,,,,,,,,,,,,,,
2026-07-06T19:22:21.279835+00:00,2026-07-06T19:22:21.279753,2,2,157.95,0.3,157.8,825,157.6,500,,,,,,,,,,,,,,,,,158.1,825,158.5,500,,,,,,,,,,,,,,,,
2026-07-06T19:22:21.422632+00:00,2026-07-06T19:22:21.422522,2,2,157.95,0.3,157.8,825,157.6,500,,,,,,,,,,,,,,,,,158.1,825,158.5,500,,,,,,,,,,,,,,,,
2026-07-06T19:22:21.616022+00:00,2026-07-06T19:22:21.615897,2,2,157.95,0.3,157.8,200,157.6,500,,,,,,,,,,,,,,,,,158.1,825,158.5,500,,,,,,,,,,,,,,,,
2026-07-06T19:22:21.621246+00:00,2026-07-06T19:22:21.621146,3,2,158.0,0.2,157.9,625,157.8,200,157.6,500,,,,,,,,,,,,,,,158.1,825,158.5,500,,,,,,,,,,,,,,,,
2026-07-06T19:22:21.858650+00:00,2026-07-06T19:22:21.855245,2,2,158.0,0.2,157.9,625,157.8,200,,,,,,,,,,,,,,,,,158.1,825,158.5,500,,,,,,,,,,,,,,,,
2026-07-06T19:22:21.863847+00:00,2026-07-06T19:22:21.863734,2,1,158.0,0.2,157.9,625,157.8,200,,,,,,,,,,,,,,,,,158.1,825,,,,,,,,,,,,,,,,,,
2026-07-06T19:22:21.874398+00:00,2026-07-06T19:22:21.874156,3,1,158.0,0.2,157.9,625,157.8,200,157.5,500,,,,,,,,,,,,,,,158.1,825,,,,,,,,,,,,,,,,,,
2026-07-06T19:22:21.879507+00:00,2026-07-06T19:22:21.879432,3,2,158.0,0.2,157.9,625,157.8,200,157.5,500,,,,,,,,,,,,,,,158.1,825,158.4,500,,,,,,,,,,,,,,,,
2026-07-06T19:22:22.458544+00:00,2026-07-06T19:22:22.452934,2,2,158.0,0.2,157.9,625,157.8,200,,,,,,,,,,,,,,,,,158.1,825,158.4,500,,,,,,,,,,,,,,,,
2026-07-06T19:22:22.469820+00:00,2026-07-06T19:22:22.469686,2,1,158.0,0.2,157.9,625,157.8,200,,,,,,,,,,,,,,,,,158.1,825,,,,,,,,,,,,,,,,,,
2026-07-06T19:22:22.475019+00:00,2026-07-06T19:22:22.474937,3,1,158.0,0.2,157.9,625,157.8,200,157.5,500,,,,,,,,,,,,,,,158.1,825,,,,,,,,,,,,,,,,,,
2026-07-06T19:22:22.480251+00:00,2026-07-06T19:22:22.480195,3,2,158.0,0.2,157.9,625,157.8,200,157.5,500,,,,,,,,,,,,,,,158.1,825,158.4,500,,,,,,,,,,,,,,,,
2026-07-06T19:22:22.629589+00:00,2026-07-06T19:22:22.629758,3,2,158.0,0.2,157.9,625,157.6,200,157.5,500,,,,,,,,,,,,,,,158.1,625,158.4,500,,,,,,,,,,,,,,,,
2026-07-06T19:22:22.635096+00:00,2026-07-06T19:22:22.634974,3,2,158.0,0.2,157.9,425,157.6,200,157.5,500,,,,,,,,,,,,,,,158.1,625,158.4,500,,,,,,,,,,,,,,,,
2026-07-06T19:22:22.926752+00:00,2026-07-06T19:22:22.926703,2,2,157.85,0.5,157.6,200,157.5,500,,,,,,,,,,,,,,,,,158.1,625,158.4,500,,,,,,,,,,,,,,,,
2026-07-06T19:22:22.932073+00:00,2026-07-06T19:22:22.931963,3,2,157.85,0.3,157.7,625,157.6,200,157.5,500,,,,,,,,,,,,,,,158.0,625,158.4,500,,,,,,,,,,,,,,,,
2026-07-06T19:22:23.066326+00:00,2026-07-06T19:22:23.066194,2,2,157.85,0.3,157.7,625,157.6,200,,,,,,,,,,,,,,,,,158.0,625,158.4,500,,,,,,,,,,,,,,,,
2026-07-06T19:22:23.071742+00:00,2026-07-06T19:22:23.071514,2,1,157.85,0.3,157.7,625,157.6,200,,,,,,,,,,,,,,,,,158.0,625,,,,,,,,,,,,,,,,,,
2026-07-06T19:22:23.076993+00:00,2026-07-06T19:22:23.076813,3,1,157.85,0.3,157.7,625,157.6,200,157.5,500,,,,,,,,,,,,,,,158.0,625,,,,,,,,,,,,,,,,,,
2026-07-06T19:22:23.082198+00:00,2026-07-06T19:22:23.082082,3,2,157.85,0.3,157.7,625,157.6,200,157.5,500,,,,,,,,,,,,,,,158.0,625,158.4,500,,,,,,,,,,,,,,,,
2026-07-06T19:22:23.691386+00:00,2026-07-06T19:22:23.691244,2,2,157.85,0.3,157.7,625,157.6,200,,,,,,,,,,,,,,,,,158.0,625,158.4,500,,,,,,,,,,,,,,,,
2026-07-06T19:22:23.696666+00:00,2026-07-06T19:22:23.696516,2,1,157.85,0.3,157.7,625,157.6,200,,,,,,,,,,,,,,,,,158.0,625,,,,,,,,,,,,,,,,,,
2026-07-06T19:22:23.701814+00:00,2026-07-06T19:22:23.701754,3,1,157.85,0.3,157.7,625,157.6,200,157.5,500,,,,,,,,,,,,,,,158.0,625,,,,,,,,,,,,,,,,,,
2026-07-06T19:22:23.712270+00:00,2026-07-06T19:22:23.712161,3,2,157.85,0.3,157.7,625,157.6,200,157.5,500,,,,,,,,,,,,,,,158.0,625,158.4,500,,,,,,,,,,,,,,,,
2026-07-06T19:22:23.833515+00:00,2026-07-06T19:22:23.833471,2,2,157.85,0.3,157.7,625,157.5,500,,,,,,,,,,,,,,,,,158.0,625,158.4,500,,,,,,,,,,,,,,,,
2026-07-06T19:22:23.838820+00:00,2026-07-06T19:22:23.838696,2,2,157.85,0.3,157.7,825,157.5,500,,,,,,,,,,,,,,,,,158.0,825,158.4,500,,,,,,,,,,,,,,,,
2026-07-06T19:22:24.269218+00:00,2026-07-06T19:22:24.268981,2,2,157.85,0.3,157.7,825,157.5,500,,,,,,,,,,,,,,,,,158.0,825,158.4,500,,,,,,,,,,,,,,,,
2026-07-06T19:22:24.364046+00:00,2026-07-06T19:22:24.363921,1,2,157.85,0.3,157.7,825,,,,,,,,,,,,,,,,,,,158.0,825,158.4,500,,,,,,,,,,,,,,,,
2026-07-06T19:22:24.370197+00:00,2026-07-06T19:22:24.369585,2,2,157.85,0.3,157.7,825,157.5,500,,,,,,,,,,,,,,,,,158.0,825,158.4,500,,,,,,,,,,,,,,,,
2026-07-06T19:22:24.970171+00:00,2026-07-06T19:22:24.969727,2,2,157.85,0.3,157.7,825,157.5,500,,,,,,,,,,,,,,,,,158.0,825,158.4,500,,,,,,,,,,,,,,,,
2026-07-06T19:22:25.058584+00:00,2026-07-06T19:22:25.037071,2,2,157.85,0.3,157.7,825,157.5,500,,,,,,,,,,,,,,,,,158.0,625,158.4,500,,,,,,,,,,,,,,,,
2026-07-06T19:22:25.064037+00:00,2026-07-06T19:22:25.063922,2,2,157.85,0.3,157.7,825,157.5,500,,,,,,,,,,,,,,,,,158.0,825,158.4,500,,,,,,,,,,,,,,,,
2026-07-06T19:22:25.500576+00:00,2026-07-06T19:22:25.500406,1,2,157.85,0.3,157.7,825,,,,,,,,,,,,,,,,,,,158.0,825,158.4,500,,,,,,,,,,,,,,,,
2026-07-06T19:22:25.505786+00:00,2026-07-06T19:22:25.505694,1,1,157.85,0.3,157.7,825,,,,,,,,,,,,,,,,,,,158.0,825,,,,,,,,,,,,,,,,,,
2026-07-06T19:22:25.516337+00:00,2026-07-06T19:22:25.516212,2,1,157.85,0.3,157.7,825,157.6,500,,,,,,,,,,,,,,,,,158.0,825,,,,,,,,,,,,,,,,,,
2026-07-06T19:22:25.521766+00:00,2026-07-06T19:22:25.521554,2,2,157.85,0.3,157.7,825,157.6,500,,,,,,,,,,,,,,,,,158.0,825,158.4,500,,,,,,,,,,,,,,,,
2026-07-06T19:22:25.569122+00:00,2026-07-06T19:22:25.569026,2,3,157.75,0.1,157.7,200,157.6,1125,,,,,,,,,,,,,,,,,157.8,625,158.0,200,158.4,500,,,,,,,,,,,,,,
2026-07-06T19:22:25.958886+00:00,2026-07-06T19:22:25.958721,2,3,157.75,0.1,157.7,200,157.6,1125,,,,,,,,,,,,,,,,,157.8,617,158.0,200,158.4,500,,,,,,,,,,,,,,
2026-07-06T19:22:26.103723+00:00,2026-07-06T19:22:26.103561,2,3,157.75,0.1,157.7,200,157.6,625,,,,,,,,,,,,,,,,,157.8,617,158.0,200,158.4,500,,,,,,,,,,,,,,
2026-07-06T19:22:26.108903+00:00,2026-07-06T19:22:26.108851,2,2,157.75,0.1,157.7,200,157.6,625,,,,,,,,,,,,,,,,,157.8,617,158.0,200,,,,,,,,,,,,,,,,
2026-07-06T19:22:26.119460+00:00,2026-07-06T19:22:26.119283,2,2,157.75,0.1,157.7,200,157.6,1125,,,,,,,,,,,,,,,,,157.8,617,158.0,200,,,,,,,,,,,,,,,,
2026-07-06T19:22:26.158776+00:00,2026-07-06T19:22:26.158680,2,3,157.75,0.1,157.7,200,157.6,1125,,,,,,,,,,,,,,,,,157.8,617,158.0,200,158.4,500,,,,,,,,,,,,,,
2026-07-06T19:22:26.258568+00:00,2026-07-06T19:22:26.255398,1,3,157.7,0.2,157.6,1125,,,,,,,,,,,,,,,,,,,157.8,417,158.0,200,158.4,500,,,,,,,,,,,,,,
2026-07-06T19:22:26.769629+00:00,2026-07-06T19:22:26.769302,1,3,157.7,0.2,157.6,1125,,,,,,,,,,,,,,,,,,,157.8,417,158.0,200,158.5,500,,,,,,,,,,,,,,
2026-07-06T19:22:26.875430+00:00,2026-07-06T19:22:26.875155,1,3,157.7,0.2,157.6,500,,,,,,,,,,,,,,,,,,,157.8,417,158.0,200,158.5,500,,,,,,,,,,,,,,
2026-07-06T19:22:26.880473+00:00,2026-07-06T19:22:26.880395,1,2,157.8,0.4,157.6,500,,,,,,,,,,,,,,,,,,,158.0,200,158.5,500,,,,,,,,,,,,,,,,
2026-07-06T19:22:26.885716+00:00,2026-07-06T19:22:26.885633,1,2,157.8,0.4,157.6,1125,,,,,,,,,,,,,,,,,,,158.0,200,158.5,500,,,,,,,,,,,,,,,,
2026-07-06T19:22:26.890743+00:00,2026-07-06T19:22:26.890876,1,3,157.7,0.2,157.6,1125,,,,,,,,,,,,,,,,,,,157.8,625,158.0,200,158.5,500,,,,,,,,,,,,,,
2026-07-06T19:22:27.310202+00:00,2026-07-06T19:22:27.310046,1,3,157.7,0.2,157.6,625,,,,,,,,,,,,,,,,,,,157.8,625,158.0,200,158.5,500,,,,,,,,,,,,,,
2026-07-06T19:22:27.315435+00:00,2026-07-06T19:22:27.315317,1,2,157.7,0.2,157.6,625,,,,,,,,,,,,,,,,,,,157.8,625,158.0,200,,,,,,,,,,,,,,,,
2026-07-06T19:22:27.320741+00:00,2026-07-06T19:22:27.320564,2,2,157.7,0.2,157.6,625,157.4,500,,,,,,,,,,,,,,,,,157.8,625,158.0,200,,,,,,,,,,,,,,,,
2026-07-06T19:22:27.331073+00:00,2026-07-06T19:22:27.330951,2,3,157.7,0.2,157.6,625,157.4,500,,,,,,,,,,,,,,,,,157.8,625,158.0,200,158.3,500,,,,,,,,,,,,,,
2026-07-06T19:22:27.464085+00:00,2026-07-06T19:22:27.463962,2,2,157.7,0.2,157.6,625,157.4,500,,,,,,,,,,,,,,,,,157.8,625,158.3,500,,,,,,,,,,,,,,,,
2026-07-06T19:22:27.469344+00:00,2026-07-06T19:22:27.469208,2,3,157.7,0.2,157.6,625,157.4,500,,,,,,,,,,,,,,,,,157.8,425,158.1,200,158.3,500,,,,,,,,,,,,,,
2026-07-06T19:22:27.913356+00:00,2026-07-06T19:22:27.913244,1,3,157.7,0.2,157.6,625,,,,,,,,,,,,,,,,,,,157.8,425,158.1,200,158.3,500,,,,,,,,,,,,,,
2026-07-06T19:22:27.918655+00:00,2026-07-06T19:22:27.918567,1,2,157.7,0.2,157.6,625,,,,,,,,,,,,,,,,,,,157.8,425,158.1,200,,,,,,,,,,,,,,,,
2026-07-06T19:22:27.929121+00:00,2026-07-06T19:22:27.928995,2,2,157.7,0.2,157.6,625,157.5,500,,,,,,,,,,,,,,,,,157.8,425,158.1,200,,,,,,,,,,,,,,,,
2026-07-06T19:22:27.934321+00:00,2026-07-06T19:22:27.934275,2,3,157.7,0.2,157.6,625,157.5,500,,,,,,,,,,,,,,,,,157.8,425,158.1,200,158.4,500,,,,,,,,,,,,,,
2026-07-06T19:22:28.197716+00:00,2026-07-06T19:22:28.197609,1,3,157.65,0.3,157.5,500,,,,,,,,,,,,,,,,,,,157.8,425,158.1,200,158.4,500,,,,,,,,,,,,,,
2026-07-06T19:22:28.202959+00:00,2026-07-06T19:22:28.202925,2,2,157.85,0.5,157.6,625,157.5,500,,,,,,,,,,,,,,,,,158.1,200,158.4,500,,,,,,,,,,,,,,,,
2026-07-06T19:22:28.208187+00:00,2026-07-06T19:22:28.208121,2,3,157.7,0.2,157.6,625,157.5,500,,,,,,,,,,,,,,,,,157.8,625,158.1,200,158.4,500,,,,,,,,,,,,,,
2026-07-06T19:22:28.510900+00:00,2026-07-06T19:22:28.510766,1,3,157.7,0.2,157.6,625,,,,,,,,,,,,,,,,,,,157.8,625,158.1,200,158.4,500,,,,,,,,,,,,,,
2026-07-06T19:22:28.521784+00:00,2026-07-06T19:22:28.521687,1,2,157.7,0.2,157.6,625,,,,,,,,,,,,,,,,,,,157.8,625,158.1,200,,,,,,,,,,,,,,,,
2026-07-06T19:22:28.532198+00:00,2026-07-06T19:22:28.532098,2,2,157.7,0.2,157.6,625,157.4,500,,,,,,,,,,,,,,,,,157.8,625,158.1,200,,,,,,,,,,,,,,,,
2026-07-06T19:22:28.537513+00:00,2026-07-06T19:22:28.537456,2,3,157.7,0.2,157.6,625,157.4,500,,,,,,,,,,,,,,,,,157.8,625,158.1,200,158.3,500,,,,,,,,,,,,,,
2026-07-06T19:22:28.675565+00:00,2026-07-06T19:22:28.675539,3,3,157.75,0.1,157.7,200,157.6,625,157.4,500,,,,,,,,,,,,,,,157.8,625,157.9,200,158.3,500,,,,,,,,,,,,,,
2026-07-06T19:22:29.158884+00:00,2026-07-06T19:22:29.116210,2,2,157.75,0.1,157.7,200,157.6,625,,,,,,,,,,,,,,,,,157.8,625,157.9,200,,,,,,,,,,,,,,,,
2026-07-06T19:22:29.164475+00:00,2026-07-06T19:22:29.164260,3,3,157.75,0.1,157.7,200,157.6,625,157.5,500,,,,,,,,,,,,,,,157.8,625,157.9,200,158.4,500,,,,,,,,,,,,,,
2026-07-06T19:22:29.495453+00:00,2026-07-06T19:22:29.495333,3,3,157.75,0.1,157.7,200,157.6,625,157.5,500,,,,,,,,,,,,,,,157.8,617,157.9,200,158.4,500,,,,,,,,,,,,,,
2026-07-06T19:22:29.564152+00:00,2026-07-06T19:22:29.564031,3,2,157.8,0.2,157.7,200,157.6,625,157.5,500,,,,,,,,,,,,,,,157.9,825,158.4,500,,,,,,,,,,,,,,,,
2026-07-06T19:22:29.764467+00:00,2026-07-06T19:22:29.764254,3,1,157.8,0.2,157.7,200,157.6,625,157.5,500,,,,,,,,,,,,,,,157.9,825,,,,,,,,,,,,,,,,,,
2026-07-06T19:22:29.769673+00:00,2026-07-06T19:22:29.769517,3,2,157.8,0.2,157.7,200,157.6,625,157.5,500,,,,,,,,,,,,,,,157.9,825,158.4,500,,,,,,,,,,,,,,,,
2026-07-06T19:22:29.881164+00:00,2026-07-06T19:22:29.880967,2,2,157.75,0.3,157.6,625,157.5,500,,,,,,,,,,,,,,,,,157.9,825,158.4,500,,,,,,,,,,,,,,,,
2026-07-06T19:22:29.886371+00:00,2026-07-06T19:22:29.886241,2,2,157.75,0.3,157.6,625,157.5,700,,,,,,,,,,,,,,,,,157.9,625,158.4,500,,,,,,,,,,,,,,,,
2026-07-06T19:22:29.891353+00:00,2026-07-06T19:22:29.891530,2,3,157.65,0.1,157.6,625,157.5,700,,,,,,,,,,,,,,,,,157.7,200,157.9,625,158.4,500,,,,,,,,,,,,,,
2026-07-06T19:22:29.900922+00:00,2026-07-06T19:22:29.899433,2,3,157.65,0.1,157.6,625,157.5,700,,,,,,,,,,,,,,,,,157.7,188,157.9,625,158.4,500,,,,,,,,,,,,,,
2026-07-06T19:22:30.364293+00:00,2026-07-06T19:22:30.364238,2,3,157.65,0.1,157.6,625,157.5,700,,,,,,,,,,,,,,,,,157.7,188,157.9,625,158.4,500,,,,,,,,,,,,,,
2026-07-06T19:22:30.828328+00:00,2026-07-06T19:22:30.828193,1,3,157.6,0.2,157.5,700,,,,,,,,,,,,,,,,,,,157.7,188,157.9,625,158.4,500,,,,,,,,,,,,,,
2026-07-06T19:22:30.833488+00:00,2026-07-06T19:22:30.833445,1,2,157.6,0.2,157.5,700,,,,,,,,,,,,,,,,,,,157.7,188,158.4,500,,,,,,,,,,,,,,,,
2026-07-06T19:22:30.838690+00:00,2026-07-06T19:22:30.838652,2,3,157.65,0.1,157.6,625,157.5,700,,,,,,,,,,,,,,,,,157.7,188,157.9,625,158.4,500,,,,,,,,,,,,,,
2026-07-06T19:22:30.958629+00:00,2026-07-06T19:22:30.953513,2,2,157.65,0.1,157.6,625,157.5,200,,,,,,,,,,,,,,,,,157.7,188,157.9,625,,,,,,,,,,,,,,,,
2026-07-06T19:22:30.974253+00:00,2026-07-06T19:22:30.974074,2,2,157.65,0.1,157.6,625,157.5,700,,,,,,,,,,,,,,,,,157.7,188,157.9,625,,,,,,,,,,,,,,,,
2026-07-06T19:22:30.984594+00:00,2026-07-06T19:22:30.984511,2,3,157.65,0.1,157.6,625,157.5,700,,,,,,,,,,,,,,,,,157.7,188,157.9,625,158.4,500,,,,,,,,,,,,,,
2026-07-06T19:22:31.025541+00:00,2026-07-06T19:22:31.025421,2,3,157.65,0.1,157.6,625,157.5,700,,,,,,,,,,,,,,,,,157.7,180,157.9,625,158.4,500,,,,,,,,,,,,,,
2026-07-06T19:22:31.094418+00:00,2026-07-06T19:22:31.094240,2,3,157.65,0.1,157.6,625,157.5,500,,,,,,,,,,,,,,,,,157.7,180,157.9,625,158.4,500,,,,,,,,,,,,,,
2026-07-06T19:22:31.099630+00:00,2026-07-06T19:22:31.099521,2,2,157.75,0.3,157.6,825,157.5,500,,,,,,,,,,,,,,,,,157.9,625,158.4,500,,,,,,,,,,,,,,,,
2026-07-06T19:22:31.104856+00:00,2026-07-06T19:22:31.104667,2,2,157.75,0.3,157.6,825,157.5,500,,,,,,,,,,,,,,,,,157.9,825,158.4,500,,,,,,,,,,,,,,,,
2026-07-06T19:22:31.282891+00:00,2026-07-06T19:22:31.282770,2,2,157.75,0.3,157.6,825,157.5,500,,,,,,,,,,,,,,,,,157.9,817,158.4,500,,,,,,,,,,,,,,,,
2026-07-06T19:22:31.558644+00:00,2026-07-06T19:22:31.558482,2,1,157.75,0.3,157.6,825,157.4,500,,,,,,,,,,,,,,,,,157.9,817,,,,,,,,,,,,,,,,,,
2026-07-06T19:22:31.570161+00:00,2026-07-06T19:22:31.570103,2,2,157.75,0.3,157.6,825,157.4,500,,,,,,,,,,,,,,,,,157.9,817,158.3,500,,,,,,,,,,,,,,,,
2026-07-06T19:22:32.142365+00:00,2026-07-06T19:22:32.142301,2,2,157.75,0.3,157.6,200,157.4,500,,,,,,,,,,,,,,,,,157.9,200,158.3,500,,,,,,,,,,,,,,,,
2026-07-06T19:22:32.158710+00:00,2026-07-06T19:22:32.147613,2,2,157.75,0.3,157.6,825,157.4,500,,,,,,,,,,,,,,,,,157.9,825,158.3,500,,,,,,,,,,,,,,,,
2026-07-06T19:22:32.169096+00:00,2026-07-06T19:22:32.169050,2,1,157.75,0.3,157.6,825,157.5,500,,,,,,,,,,,,,,,,,157.9,825,,,,,,,,,,,,,,,,,,
2026-07-06T19:22:32.179703+00:00,2026-07-06T19:22:32.179501,2,2,157.75,0.3,157.6,825,157.5,500,,,,,,,,,,,,,,,,,157.9,825,158.4,500,,,,,,,,,,,,,,,,
2026-07-06T19:22:32.308935+00:00,2026-07-06T19:22:32.308872,3,2,157.8,0.2,157.7,200,157.6,625,157.5,500,,,,,,,,,,,,,,,157.9,625,158.4,500,,,,,,,,,,,,,,,,
2026-07-06T19:22:32.314116+00:00,2026-07-06T19:22:32.314048,3,3,157.8,0.2,157.7,200,157.6,625,157.5,500,,,,,,,,,,,,,,,157.9,625,158.0,200,158.4,500,,,,,,,,,,,,,,
2026-07-06T19:22:32.763959+00:00,2026-07-06T19:22:32.763795,2,3,157.8,0.2,157.7,200,157.6,625,,,,,,,,,,,,,,,,,157.9,625,158.0,200,158.4,500,,,,,,,,,,,,,,
2026-07-06T19:22:32.769248+00:00,2026-07-06T19:22:32.769079,2,2,157.8,0.2,157.7,200,157.6,625,,,,,,,,,,,,,,,,,157.9,625,158.0,200,,,,,,,,,,,,,,,,
2026-07-06T19:22:32.774473+00:00,2026-07-06T19:22:32.774372,3,2,157.8,0.2,157.7,200,157.6,625,157.5,500,,,,,,,,,,,,,,,157.9,625,158.0,200,,,,,,,,,,,,,,,,
2026-07-06T19:22:32.779745+00:00,2026-07-06T19:22:32.779642,3,3,157.8,0.2,157.7,200,157.6,625,157.5,500,,,,,,,,,,,,,,,157.9,625,158.0,200,158.3,500,,,,,,,,,,,,,,
2026-07-06T19:22:33.358668+00:00,2026-07-06T19:22:33.358366,2,3,157.8,0.2,157.7,200,157.6,625,,,,,,,,,,,,,,,,,157.9,625,158.0,200,158.3,500,,,,,,,,,,,,,,
2026-07-06T19:22:33.369452+00:00,2026-07-06T19:22:33.369383,2,2,157.8,0.2,157.7,200,157.6,625,,,,,,,,,,,,,,,,,157.9,625,158.0,200,,,,,,,,,,,,,,,,
2026-07-06T19:22:33.374720+00:00,2026-07-06T19:22:33.374658,3,2,157.8,0.2,157.7,200,157.6,625,157.4,500,,,,,,,,,,,,,,,157.9,625,158.0,200,,,,,,,,,,,,,,,,
2026-07-06T19:22:33.385229+00:00,2026-07-06T19:22:33.385088,3,3,157.8,0.2,157.7,200,157.6,625,157.4,500,,,,,,,,,,,,,,,157.9,625,158.0,200,158.3,500,,,,,,,,,,,,,,
2026-07-06T19:22:33.458651+00:00,2026-07-06T19:22:33.450368,2,2,157.85,0.3,157.7,200,157.4,500,,,,,,,,,,,,,,,,,158.0,200,158.3,500,,,,,,,,,,,,,,,,
2026-07-06T19:22:33.463920+00:00,2026-07-06T19:22:33.463782,3,3,157.8,0.2,157.7,200,157.6,625,157.4,500,,,,,,,,,,,,,,,157.9,625,158.0,200,158.3,500,,,,,,,,,,,,,,
2026-07-06T19:22:33.517641+00:00,2026-07-06T19:22:33.517613,3,2,157.85,0.1,157.8,200,157.6,625,157.4,500,,,,,,,,,,,,,,,157.9,625,158.3,500,,,,,,,,,,,,,,,,
2026-07-06T19:22:33.522881+00:00,2026-07-06T19:22:33.522824,3,3,157.85,0.1,157.8,200,157.6,625,157.4,500,,,,,,,,,,,,,,,157.9,625,158.0,200,158.3,500,,,,,,,,,,,,,,
2026-07-06T19:22:33.969355+00:00,2026-07-06T19:22:33.969231,3,2,157.85,0.1,157.8,200,157.6,625,157.3,500,,,,,,,,,,,,,,,157.9,625,158.0,200,,,,,,,,,,,,,,,,
2026-07-06T19:22:33.980931+00:00,2026-07-06T19:22:33.980849,3,3,157.85,0.1,157.8,200,157.6,625,157.3,500,,,,,,,,,,,,,,,157.9,625,158.0,200,158.2,500,,,,,,,,,,,,,,
2026-07-06T19:22:34.359311+00:00,2026-07-06T19:22:34.358961,3,3,157.85,0.1,157.8,200,157.6,625,157.3,500,,,,,,,,,,,,,,,157.9,617,158.0,200,158.2,500,,,,,,,,,,,,,,
2026-07-06T19:22:34.569221+00:00,2026-07-06T19:22:34.568955,2,3,157.85,0.1,157.8,200,157.6,625,,,,,,,,,,,,,,,,,157.9,617,158.0,200,158.2,500,,,,,,,,,,,,,,
2026-07-06T19:22:34.574112+00:00,2026-07-06T19:22:34.574227,2,2,157.85,0.1,157.8,200,157.6,625,,,,,,,,,,,,,,,,,157.9,617,158.0,200,,,,,,,,,,,,,,,,
2026-07-06T19:22:34.579769+00:00,2026-07-06T19:22:34.579666,3,2,157.85,0.1,157.8,200,157.6,625,157.5,500,,,,,,,,,,,,,,,157.9,617,158.0,200,,,,,,,,,,,,,,,,
2026-07-06T19:22:34.590293+00:00,2026-07-06T19:22:34.590078,3,3,157.85,0.1,157.8,200,157.6,625,157.5,500,,,,,,,,,,,,,,,157.9,617,158.0,200,158.3,500,,,,,,,,,,,,,,
2026-07-06T19:22:34.725872+00:00,2026-07-06T19:22:34.725805,3,2,157.85,0.1,157.8,200,157.6,625,157.5,500,,,,,,,,,,,,,,,157.9,617,158.3,500,,,,,,,,,,,,,,,,
2026-07-06T19:22:34.731019+00:00,2026-07-06T19:22:34.730969,3,3,157.85,0.1,157.8,200,157.6,625,157.5,500,,,,,,,,,,,,,,,157.9,617,158.1,200,158.3,500,,,,,,,,,,,,,,
2026-07-06T19:22:34.764144+00:00,2026-07-06T19:22:34.763952,2,3,157.85,0.1,157.8,200,157.5,500,,,,,,,,,,,,,,,,,157.9,617,158.1,200,158.3,500,,,,,,,,,,,,,,
2026-07-06T19:22:34.769339+00:00,2026-07-06T19:22:34.769239,3,3,157.85,0.1,157.8,200,157.6,625,157.5,500,,,,,,,,,,,,,,,157.9,625,158.1,200,158.3,500,,,,,,,,,,,,,,
2026-07-06T19:22:35.014453+00:00,2026-07-06T19:22:35.014327,3,3,157.85,0.1,157.8,180,157.6,625,157.5,500,,,,,,,,,,,,,,,157.9,625,158.1,200,158.3,500,,,,,,,,,,,,,,
2026-07-06T19:22:35.169585+00:00,2026-07-06T19:22:35.169500,2,3,157.85,0.1,157.8,180,157.6,625,,,,,,,,,,,,,,,,,157.9,625,158.1,200,158.3,500,,,,,,,,,,,,,,
2026-07-06T19:22:35.190917+00:00,2026-07-06T19:22:35.190791,3,2,157.85,0.1,157.8,180,157.6,625,157.4,500,,,,,,,,,,,,,,,157.9,625,158.1,200,,,,,,,,,,,,,,,,
2026-07-06T19:22:35.201767+00:00,2026-07-06T19:22:35.201454,3,3,157.85,0.1,157.8,180,157.6,625,157.4,500,,,,,,,,,,,,,,,157.9,625,158.1,200,158.3,500,,,,,,,,,,,,,,
2026-07-06T19:22:35.802280+00:00,2026-07-06T19:22:35.802129,2,3,157.85,0.1,157.8,180,157.6,625,,,,,,,,,,,,,,,,,157.9,625,158.1,200,158.3,500,,,,,,,,,,,,,,
2026-07-06T19:22:35.807516+00:00,2026-07-06T19:22:35.807414,2,2,157.85,0.1,157.8,180,157.6,625,,,,,,,,,,,,,,,,,157.9,625,158.1,200,,,,,,,,,,,,,,,,
2026-07-06T19:22:35.812776+00:00,2026-07-06T19:22:35.812685,3,2,157.85,0.1,157.8,180,157.6,625,157.4,500,,,,,,,,,,,,,,,157.9,625,158.1,200,,,,,,,,,,,,,,,,
2026-07-06T19:22:35.823173+00:00,2026-07-06T19:22:35.823103,3,3,157.85,0.1,157.8,180,157.6,625,157.4,500,,,,,,,,,,,,,,,157.9,625,158.1,200,158.3,500,,,,,,,,,,,,,,
2026-07-06T19:22:35.935508+00:00,2026-07-06T19:22:35.935441,3,2,157.85,0.1,157.8,200,157.6,625,157.4,500,,,,,,,,,,,,,,,157.9,625,158.3,500,,,,,,,,,,,,,,,,
2026-07-06T19:22:35.958655+00:00,2026-07-06T19:22:35.940631,3,3,157.85,0.1,157.8,200,157.6,625,157.4,500,,,,,,,,,,,,,,,157.9,625,158.0,200,158.3,500,,,,,,,,,,,,,,
2026-07-06T19:22:36.074585+00:00,2026-07-06T19:22:36.074455,2,2,157.9,0.2,157.8,200,157.4,500,,,,,,,,,,,,,,,,,158.0,200,158.3,500,,,,,,,,,,,,,,,,
2026-07-06T19:22:36.079793+00:00,2026-07-06T19:22:36.079686,2,3,157.9,0.2,157.8,825,157.4,500,,,,,,,,,,,,,,,,,158.0,200,158.1,625,158.3,500,,,,,,,,,,,,,,
2026-07-06T19:22:36.404461+00:00,2026-07-06T19:22:36.404313,1,3,157.9,0.2,157.8,825,,,,,,,,,,,,,,,,,,,158.0,200,158.1,625,158.3,500,,,,,,,,,,,,,,
2026-07-06T19:22:36.409664+00:00,2026-07-06T19:22:36.409604,1,2,157.9,0.2,157.8,825,,,,,,,,,,,,,,,,,,,158.0,200,158.1,625,,,,,,,,,,,,,,,,
2026-07-06T19:22:36.414926+00:00,2026-07-06T19:22:36.414873,2,2,157.9,0.2,157.8,825,157.3,500,,,,,,,,,,,,,,,,,158.0,200,158.1,625,,,,,,,,,,,,,,,,
2026-07-06T19:22:36.425593+00:00,2026-07-06T19:22:36.425481,2,2,157.9,0.2,157.8,825,157.3,500,,,,,,,,,,,,,,,,,158.0,200,158.1,1125,,,,,,,,,,,,,,,,
2026-07-06T19:22:37.005275+00:00,2026-07-06T19:22:37.005155,1,2,157.9,0.2,157.8,825,,,,,,,,,,,,,,,,,,,158.0,200,158.1,1125,,,,,,,,,,,,,,,,
2026-07-06T19:22:37.010589+00:00,2026-07-06T19:22:37.010419,1,2,157.9,0.2,157.8,825,,,,,,,,,,,,,,,,,,,158.0,200,158.1,625,,,,,,,,,,,,,,,,
2026-07-06T19:22:37.020872+00:00,2026-07-06T19:22:37.020788,2,2,157.9,0.2,157.8,825,157.4,500,,,,,,,,,,,,,,,,,158.0,200,158.1,625,,,,,,,,,,,,,,,,
2026-07-06T19:22:37.026141+00:00,2026-07-06T19:22:37.026042,2,3,157.9,0.2,157.8,825,157.4,500,,,,,,,,,,,,,,,,,158.0,200,158.1,625,158.3,500,,,,,,,,,,,,,,
2026-07-06T19:22:37.163984+00:00,2026-07-06T19:22:37.163848,2,2,157.95,0.3,157.8,825,157.4,500,,,,,,,,,,,,,,,,,158.1,825,158.3,500,,,,,,,,,,,,,,,,
2026-07-06T19:22:37.379853+00:00,2026-07-06T19:22:37.379709,2,2,157.95,0.3,157.8,200,157.4,500,,,,,,,,,,,,,,,,,158.1,825,158.3,500,,,,,,,,,,,,,,,,
2026-07-06T19:22:37.385063+00:00,2026-07-06T19:22:37.384984,2,2,157.95,0.3,157.8,200,157.4,500,,,,,,,,,,,,,,,,,158.1,200,158.3,500,,,,,,,,,,,,,,,,
2026-07-06T19:22:37.390292+00:00,2026-07-06T19:22:37.390234,3,3,157.9,0.2,157.8,200,157.7,625,157.4,500,,,,,,,,,,,,,,,158.0,625,158.1,200,158.3,500,,,,,,,,,,,,,,
2026-07-06T19:22:37.607701+00:00,2026-07-06T19:22:37.607588,2,3,157.9,0.2,157.8,200,157.7,625,,,,,,,,,,,,,,,,,158.0,625,158.1,200,158.3,500,,,,,,,,,,,,,,
2026-07-06T19:22:37.612986+00:00,2026-07-06T19:22:37.612948,2,2,157.9,0.2,157.8,200,157.7,625,,,,,,,,,,,,,,,,,158.0,625,158.1,200,,,,,,,,,,,,,,,,
2026-07-06T19:22:37.623648+00:00,2026-07-06T19:22:37.623411,3,2,157.9,0.2,157.8,200,157.7,625,157.3,500,,,,,,,,,,,,,,,158.0,625,158.1,200,,,,,,,,,,,,,,,,
2026-07-06T19:22:37.628506+00:00,2026-07-06T19:22:37.628647,3,3,157.9,0.2,157.8,200,157.7,625,157.3,500,,,,,,,,,,,,,,,158.0,625,158.1,200,158.2,500,,,,,,,,,,,,,,
2026-07-06T19:22:37.639300+00:00,2026-07-06T19:22:37.639240,3,3,157.9,0.2,157.8,192,157.7,625,157.3,500,,,,,,,,,,,,,,,158.0,625,158.1,200,158.2,500,,,,,,,,,,,,,,
2026-07-06T19:22:38.212397+00:00,2026-07-06T19:22:38.212285,2,3,157.9,0.2,157.8,192,157.7,625,,,,,,,,,,,,,,,,,158.0,625,158.1,200,158.2,500,,,,,,,,,,,,,,
2026-07-06T19:22:38.217682+00:00,2026-07-06T19:22:38.217540,2,2,157.9,0.2,157.8,192,157.7,625,,,,,,,,,,,,,,,,,158.0,625,158.1,200,,,,,,,,,,,,,,,,
2026-07-06T19:22:38.222920+00:00,2026-07-06T19:22:38.222784,3,2,157.9,0.2,157.8,192,157.7,625,157.5,500,,,,,,,,,,,,,,,158.0,625,158.1,200,,,,,,,,,,,,,,,,
2026-07-06T19:22:38.233324+00:00,2026-07-06T19:22:38.233184,3,3,157.9,0.2,157.8,192,157.7,625,157.5,500,,,,,,,,,,,,,,,158.0,625,158.1,200,158.3,500,,,,,,,,,,,,,,
2026-07-06T19:22:38.364039+00:00,2026-07-06T19:22:38.363926,2,3,157.8,0.2,157.7,825,157.5,500,,,,,,,,,,,,,,,,,157.9,200,158.0,625,158.3,500,,,,,,,,,,,,,,
2026-07-06T19:22:38.689900+00:00,2026-07-06T19:22:38.689787,2,3,157.8,0.2,157.7,200,157.5,500,,,,,,,,,,,,,,,,,157.9,200,158.0,625,158.3,500,,,,,,,,,,,,,,
2026-07-06T19:22:38.695064+00:00,2026-07-06T19:22:38.695046,3,2,157.8,0.2,157.7,200,157.6,625,157.5,500,,,,,,,,,,,,,,,157.9,200,158.3,500,,,,,,,,,,,,,,,,
2026-07-06T19:22:38.700299+00:00,2026-07-06T19:22:38.700234,3,2,157.8,0.2,157.7,200,157.6,625,157.5,500,,,,,,,,,,,,,,,157.9,825,158.3,500,,,,,,,,,,,,,,,,
2026-07-06T19:22:38.815364+00:00,2026-07-06T19:22:38.815124,2,2,157.8,0.2,157.7,200,157.6,625,,,,,,,,,,,,,,,,,157.9,825,158.3,500,,,,,,,,,,,,,,,,
2026-07-06T19:22:38.820486+00:00,2026-07-06T19:22:38.820391,2,1,157.8,0.2,157.7,200,157.6,625,,,,,,,,,,,,,,,,,157.9,825,,,,,,,,,,,,,,,,,,
2026-07-06T19:22:38.825743+00:00,2026-07-06T19:22:38.825669,3,1,157.8,0.2,157.7,200,157.6,625,157.4,500,,,,,,,,,,,,,,,157.9,825,,,,,,,,,,,,,,,,,,
2026-07-06T19:22:38.830978+00:00,2026-07-06T19:22:38.830947,3,2,157.8,0.2,157.7,200,157.6,625,157.4,500,,,,,,,,,,,,,,,157.9,825,158.3,500,,,,,,,,,,,,,,,,
2026-07-06T19:22:39.418600+00:00,2026-07-06T19:22:39.418462,2,2,157.8,0.2,157.7,200,157.6,625,,,,,,,,,,,,,,,,,157.9,825,158.3,500,,,,,,,,,,,,,,,,
2026-07-06T19:22:39.423950+00:00,2026-07-06T19:22:39.423775,2,1,157.8,0.2,157.7,200,157.6,625,,,,,,,,,,,,,,,,,157.9,825,,,,,,,,,,,,,,,,,,
2026-07-06T19:22:39.434385+00:00,2026-07-06T19:22:39.434264,3,1,157.8,0.2,157.7,200,157.6,625,157.3,500,,,,,,,,,,,,,,,157.9,825,,,,,,,,,,,,,,,,,,
2026-07-06T19:22:39.439793+00:00,2026-07-06T19:22:39.439591,3,2,157.8,0.2,157.7,200,157.6,625,157.3,500,,,,,,,,,,,,,,,157.9,825,158.2,500,,,,,,,,,,,,,,,,
2026-07-06T19:22:39.573972+00:00,2026-07-06T19:22:39.572424,3,3,157.85,0.1,157.8,188,157.6,625,157.3,500,,,,,,,,,,,,,,,157.9,625,158.1,200,158.2,500,,,,,,,,,,,,,,
2026-07-06T19:22:40.058596+00:00,2026-07-06T19:22:40.000044,3,2,157.95,0.3,157.8,188,157.7,625,157.3,500,,,,,,,,,,,,,,,158.1,200,158.2,500,,,,,,,,,,,,,,,,
2026-07-06T19:22:40.069582+00:00,2026-07-06T19:22:40.069441,3,3,157.9,0.2,157.8,188,157.7,625,157.4,500,,,,,,,,,,,,,,,158.0,625,158.1,200,158.3,500,,,,,,,,,,,,,,
2026-07-06T19:22:40.618241+00:00,2026-07-06T19:22:40.618086,2,3,157.9,0.2,157.8,188,157.7,625,,,,,,,,,,,,,,,,,158.0,625,158.1,200,158.3,500,,,,,,,,,,,,,,
2026-07-06T19:22:40.664319+00:00,2026-07-06T19:22:40.664089,3,3,157.9,0.2,157.8,188,157.7,625,157.4,500,,,,,,,,,,,,,,,158.0,625,158.1,200,158.3,500,,,,,,,,,,,,,,
2026-07-06T19:22:40.764165+00:00,2026-07-06T19:22:40.764009,2,3,157.85,0.3,157.7,625,157.4,500,,,,,,,,,,,,,,,,,158.0,625,158.1,200,158.3,500,,,,,,,,,,,,,,
2026-07-06T19:22:40.769362+00:00,2026-07-06T19:22:40.769260,3,3,157.9,0.2,157.8,200,157.7,625,157.4,500,,,,,,,,,,,,,,,158.0,625,158.1,200,158.3,500,,,,,,,,,,,,,,
2026-07-06T19:22:41.264609+00:00,2026-07-06T19:22:41.264271,3,2,157.9,0.2,157.8,200,157.7,625,157.4,500,,,,,,,,,,,,,,,158.0,625,158.1,200,,,,,,,,,,,,,,,,
2026-07-06T19:22:41.269734+00:00,2026-07-06T19:22:41.269543,3,3,157.9,0.2,157.8,200,157.7,625,157.4,500,,,,,,,,,,,,,,,158.0,625,158.1,200,158.3,500,,,,,,,,,,,,,,
2026-07-06T19:22:41.358664+00:00,2026-07-06T19:22:41.315959,3,3,157.9,0.2,157.8,200,157.7,625,157.4,500,,,,,,,,,,,,,,,158.0,625,158.1,200,158.3,500,,,,,,,,,,,,,,
2026-07-06T19:22:41.858592+00:00,2026-07-06T19:22:41.851673,2,2,157.9,0.2,157.8,200,157.7,625,,,,,,,,,,,,,,,,,158.0,625,158.1,200,,,,,,,,,,,,,,,,
2026-07-06T19:22:41.869055+00:00,2026-07-06T19:22:41.868868,3,2,157.9,0.2,157.8,200,157.7,625,157.3,500,,,,,,,,,,,,,,,158.0,625,158.1,200,,,,,,,,,,,,,,,,
2026-07-06T19:22:41.874239+00:00,2026-07-06T19:22:41.874128,3,3,157.9,0.2,157.8,200,157.7,625,157.3,500,,,,,,,,,,,,,,,158.0,625,158.1,200,158.2,500,,,,,,,,,,,,,,
2026-07-06T19:22:41.975975+00:00,2026-07-06T19:22:41.975875,3,2,157.9,0.2,157.8,200,157.7,625,157.3,500,,,,,,,,,,,,,,,158.0,625,158.2,500,,,,,,,,,,,,,,,,
2026-07-06T19:22:41.981129+00:00,2026-07-06T19:22:41.981036,3,3,157.9,0.2,157.8,200,157.7,625,157.3,500,,,,,,,,,,,,,,,158.0,625,158.1,200,158.2,500,,,,,,,,,,,,,,
2026-07-06T19:22:42.463991+00:00,2026-07-06T19:22:42.463891,2,2,157.9,0.2,157.8,200,157.7,625,,,,,,,,,,,,,,,,,158.0,625,158.1,200,,,,,,,,,,,,,,,,
2026-07-06T19:22:42.469270+00:00,2026-07-06T19:22:42.469164,3,2,157.9,0.2,157.8,200,157.7,625,157.2,500,,,,,,,,,,,,,,,158.0,625,158.1,200,,,,,,,,,,,,,,,,
2026-07-06T19:22:42.474532+00:00,2026-07-06T19:22:42.474457,3,2,157.9,0.2,157.8,200,157.7,625,157.2,500,,,,,,,,,,,,,,,158.0,625,158.1,700,,,,,,,,,,,,,,,,
2026-07-06T19:22:42.628921+00:00,2026-07-06T19:22:42.628809,2,1,157.95,0.3,157.8,200,157.2,500,,,,,,,,,,,,,,,,,158.1,700,,,,,,,,,,,,,,,,,,
2026-07-06T19:22:42.634121+00:00,2026-07-06T19:22:42.634098,2,1,157.95,0.3,157.8,825,157.2,500,,,,,,,,,,,,,,,,,158.1,1325,,,,,,,,,,,,,,,,,,
2026-07-06T19:22:43.058664+00:00,2026-07-06T19:22:43.050597,1,1,157.95,0.3,157.8,825,,,,,,,,,,,,,,,,,,,158.1,1325,,,,,,,,,,,,,,,,,,
2026-07-06T19:22:43.069532+00:00,2026-07-06T19:22:43.069659,1,1,157.95,0.3,157.8,825,,,,,,,,,,,,,,,,,,,158.1,825,,,,,,,,,,,,,,,,,,
2026-07-06T19:22:43.074991+00:00,2026-07-06T19:22:43.074933,2,1,157.95,0.3,157.8,825,157.2,500,,,,,,,,,,,,,,,,,158.1,825,,,,,,,,,,,,,,,,,,
2026-07-06T19:22:43.080341+00:00,2026-07-06T19:22:43.080172,2,1,157.95,0.3,157.8,825,157.2,500,,,,,,,,,,,,,,,,,158.1,1325,,,,,,,,,,,,,,,,,,
2026-07-06T19:22:43.183128+00:00,2026-07-06T19:22:43.183084,2,1,157.95,0.3,157.8,825,157.2,500,,,,,,,,,,,,,,,,,158.1,1125,,,,,,,,,,,,,,,,,,
2026-07-06T19:22:43.188335+00:00,2026-07-06T19:22:43.188245,2,1,157.95,0.3,157.8,825,157.2,500,,,,,,,,,,,,,,,,,158.1,1325,,,,,,,,,,,,,,,,,,
2026-07-06T19:22:43.659070+00:00,2026-07-06T19:22:43.658890,1,1,157.95,0.3,157.8,825,,,,,,,,,,,,,,,,,,,158.1,825,,,,,,,,,,,,,,,,,,
2026-07-06T19:22:43.674835+00:00,2026-07-06T19:22:43.674752,2,1,157.95,0.3,157.8,825,157.2,500,,,,,,,,,,,,,,,,,158.1,825,,,,,,,,,,,,,,,,,,
2026-07-06T19:22:43.680081+00:00,2026-07-06T19:22:43.680055,2,1,157.95,0.3,157.8,825,157.2,500,,,,,,,,,,,,,,,,,158.1,1325,,,,,,,,,,,,,,,,,,
2026-07-06T19:22:43.964418+00:00,2026-07-06T19:22:43.964281,3,2,157.9,0.2,157.8,200,157.7,625,157.2,500,,,,,,,,,,,,,,,158.0,625,158.1,700,,,,,,,,,,,,,,,,
2026-07-06T19:22:44.264151+00:00,2026-07-06T19:22:44.264098,2,2,157.9,0.2,157.8,200,157.7,625,,,,,,,,,,,,,,,,,158.0,625,158.1,700,,,,,,,,,,,,,,,,
2026-07-06T19:22:44.269574+00:00,2026-07-06T19:22:44.269479,2,2,157.9,0.2,157.8,200,157.7,625,,,,,,,,,,,,,,,,,158.0,625,158.1,200,,,,,,,,,,,,,,,,
2026-07-06T19:22:44.279864+00:00,2026-07-06T19:22:44.279968,3,2,157.9,0.2,157.8,200,157.7,625,157.4,500,,,,,,,,,,,,,,,158.0,625,158.1,200,,,,,,,,,,,,,,,,
2026-07-06T19:22:44.285379+00:00,2026-07-06T19:22:44.285256,3,3,157.9,0.2,157.8,200,157.7,625,157.4,500,,,,,,,,,,,,,,,158.0,625,158.1,200,158.3,500,,,,,,,,,,,,,,
2026-07-06T19:22:44.387497+00:00,2026-07-06T19:22:44.387438,2,2,157.85,0.3,157.7,625,157.4,500,,,,,,,,,,,,,,,,,158.0,625,158.3,500,,,,,,,,,,,,,,,,
2026-07-06T19:22:44.392722+00:00,2026-07-06T19:22:44.392647,3,3,157.9,0.2,157.8,200,157.7,625,157.4,500,,,,,,,,,,,,,,,158.0,625,158.1,200,158.3,500,,,,,,,,,,,,,,
2026-07-06T19:22:44.867548+00:00,2026-07-06T19:22:44.867452,2,3,157.9,0.2,157.8,200,157.7,625,,,,,,,,,,,,,,,,,158.0,625,158.1,200,158.3,500,,,,,,,,,,,,,,
2026-07-06T19:22:44.872854+00:00,2026-07-06T19:22:44.872755,2,2,157.9,0.2,157.8,200,157.7,625,,,,,,,,,,,,,,,,,158.0,625,158.1,200,,,,,,,,,,,,,,,,
2026-07-06T19:22:44.878135+00:00,2026-07-06T19:22:44.878052,3,2,157.9,0.2,157.8,200,157.7,625,157.4,500,,,,,,,,,,,,,,,158.0,625,158.1,200,,,,,,,,,,,,,,,,
2026-07-06T19:22:44.888637+00:00,2026-07-06T19:22:44.888501,3,3,157.9,0.2,157.8,200,157.7,625,157.4,500,,,,,,,,,,,,,,,158.0,625,158.1,200,158.3,500,,,,,,,,,,,,,,
2026-07-06T19:22:45.264131+00:00,2026-07-06T19:22:45.263983,2,2,157.95,0.3,157.8,200,157.4,500,,,,,,,,,,,,,,,,,158.1,200,158.3,500,,,,,,,,,,,,,,,,
2026-07-06T19:22:45.269370+00:00,2026-07-06T19:22:45.269310,2,3,157.9,0.2,157.8,825,157.4,500,,,,,,,,,,,,,,,,,158.0,625,158.1,200,158.3,500,,,,,,,,,,,,,,
2026-07-06T19:22:45.469059+00:00,2026-07-06T19:22:45.468954,1,3,157.9,0.2,157.8,825,,,,,,,,,,,,,,,,,,,158.0,625,158.1,200,158.3,500,,,,,,,,,,,,,,
2026-07-06T19:22:45.474350+00:00,2026-07-06T19:22:45.474321,1,2,157.9,0.2,157.8,825,,,,,,,,,,,,,,,,,,,158.0,625,158.1,200,,,,,,,,,,,,,,,,
2026-07-06T19:22:45.484913+00:00,2026-07-06T19:22:45.484786,2,2,157.9,0.2,157.8,825,157.4,500,,,,,,,,,,,,,,,,,158.0,625,158.1,200,,,,,,,,,,,,,,,,
2026-07-06T19:22:45.495487+00:00,2026-07-06T19:22:45.495358,2,3,157.9,0.2,157.8,825,157.4,500,,,,,,,,,,,,,,,,,158.0,625,158.1,200,158.3,500,,,,,,,,,,,,,,
2026-07-06T19:22:45.596763+00:00,2026-07-06T19:22:45.596738,2,2,157.9,0.2,157.8,625,157.4,500,,,,,,,,,,,,,,,,,158.0,625,158.3,500,,,,,,,,,,,,,,,,
2026-07-06T19:22:45.602076+00:00,2026-07-06T19:22:45.601996,2,3,157.9,0.2,157.8,825,157.4,500,,,,,,,,,,,,,,,,,158.0,625,158.1,200,158.3,500,,,,,,,,,,,,,,
2026-07-06T19:22:46.074235+00:00,2026-07-06T19:22:46.074070,1,3,157.9,0.2,157.8,825,,,,,,,,,,,,,,,,,,,158.0,625,158.1,200,158.3,500,,,,,,,,,,,,,,
2026-07-06T19:22:46.079473+00:00,2026-07-06T19:22:46.079439,1,2,157.9,0.2,157.8,825,,,,,,,,,,,,,,,,,,,158.0,625,158.1,200,,,,,,,,,,,,,,,,
2026-07-06T19:22:46.090157+00:00,2026-07-06T19:22:46.089992,2,2,157.9,0.2,157.8,825,157.4,500,,,,,,,,,,,,,,,,,158.0,625,158.1,200,,,,,,,,,,,,,,,,
2026-07-06T19:22:46.095333+00:00,2026-07-06T19:22:46.095266,2,3,157.9,0.2,157.8,825,157.4,500,,,,,,,,,,,,,,,,,158.0,625,158.1,200,158.3,500,,,,,,,,,,,,,,
2026-07-06T19:22:46.569262+00:00,2026-07-06T19:22:46.569082,2,3,157.9,0.2,157.8,200,157.4,500,,,,,,,,,,,,,,,,,158.0,625,158.1,200,158.3,500,,,,,,,,,,,,,,
2026-07-06T19:22:46.580989+00:00,2026-07-06T19:22:46.580950,3,2,158.05,0.1,158.0,625,157.8,200,157.4,500,,,,,,,,,,,,,,,158.1,200,158.3,1125,,,,,,,,,,,,,,,,
2026-07-06T19:22:46.673879+00:00,2026-07-06T19:22:46.673646,2,2,158.05,0.1,158.0,625,157.8,200,,,,,,,,,,,,,,,,,158.1,200,158.3,1125,,,,,,,,,,,,,,,,
2026-07-06T19:22:46.684952+00:00,2026-07-06T19:22:46.684824,2,2,158.05,0.1,158.0,625,157.8,200,,,,,,,,,,,,,,,,,158.1,200,158.3,625,,,,,,,,,,,,,,,,
2026-07-06T19:22:46.690200+00:00,2026-07-06T19:22:46.690123,3,2,158.05,0.1,158.0,625,157.8,200,157.3,500,,,,,,,,,,,,,,,158.1,200,158.3,625,,,,,,,,,,,,,,,,
2026-07-06T19:22:46.758590+00:00,2026-07-06T19:22:46.695514,3,3,158.05,0.1,158.0,625,157.8,200,157.3,500,,,,,,,,,,,,,,,158.1,200,158.2,500,158.3,625,,,,,,,,,,,,,,
2026-07-06T19:22:46.799254+00:00,2026-07-06T19:22:46.799183,2,3,158.05,0.1,158.0,625,157.3,500,,,,,,,,,,,,,,,,,158.1,200,158.2,500,158.3,625,,,,,,,,,,,,,,
2026-07-06T19:22:46.863996+00:00,2026-07-06T19:22:46.863926,3,2,158.1,0.2,158.0,625,157.9,200,157.3,500,,,,,,,,,,,,,,,158.2,700,158.3,625,,,,,,,,,,,,,,,,
2026-07-06T19:22:47.275757+00:00,2026-07-06T19:22:47.275657,2,2,158.1,0.2,158.0,625,157.9,200,,,,,,,,,,,,,,,,,158.2,700,158.3,625,,,,,,,,,,,,,,,,
2026-07-06T19:22:47.281041+00:00,2026-07-06T19:22:47.280920,2,2,158.1,0.2,158.0,625,157.9,200,,,,,,,,,,,,,,,,,158.2,200,158.3,625,,,,,,,,,,,,,,,,
2026-07-06T19:22:47.291555+00:00,2026-07-06T19:22:47.291325,3,2,158.1,0.2,158.0,625,157.9,200,157.2,500,,,,,,,,,,,,,,,158.2,200,158.3,625,,,,,,,,,,,,,,,,
2026-07-06T19:22:47.296787+00:00,2026-07-06T19:22:47.296616,3,3,158.05,0.1,158.0,625,157.9,200,157.2,500,,,,,,,,,,,,,,,158.1,500,158.2,200,158.3,625,,,,,,,,,,,,,,
2026-07-06T19:22:47.882864+00:00,2026-07-06T19:22:47.882719,2,3,158.0,0.2,157.9,200,157.2,500,,,,,,,,,,,,,,,,,158.1,500,158.2,200,158.3,625,,,,,,,,,,,,,,
2026-07-06T19:22:47.888000+00:00,2026-07-06T19:22:47.887946,3,2,158.0,0.2,157.9,200,157.8,625,157.2,500,,,,,,,,,,,,,,,158.1,500,158.2,200,,,,,,,,,,,,,,,,
2026-07-06T19:22:47.893023+00:00,2026-07-06T19:22:47.893125,3,2,158.0,0.2,157.9,200,157.8,625,157.2,500,,,,,,,,,,,,,,,158.1,1125,158.2,200,,,,,,,,,,,,,,,,
2026-07-06T19:22:47.906611+00:00,2026-07-06T19:22:47.906479,2,2,158.0,0.2,157.9,200,157.8,625,,,,,,,,,,,,,,,,,158.1,1125,158.2,200,,,,,,,,,,,,,,,,
2026-07-06T19:22:47.911977+00:00,2026-07-06T19:22:47.911782,2,2,158.0,0.2,157.9,200,157.8,625,,,,,,,,,,,,,,,,,158.1,625,158.2,200,,,,,,,,,,,,,,,,
2026-07-06T19:22:47.922327+00:00,2026-07-06T19:22:47.922226,3,2,158.0,0.2,157.9,200,157.8,625,157.3,500,,,,,,,,,,,,,,,158.1,625,158.2,200,,,,,,,,,,,,,,,,
2026-07-06T19:22:47.932822+00:00,2026-07-06T19:22:47.932646,3,2,158.0,0.2,157.9,200,157.8,625,157.3,500,,,,,,,,,,,,,,,158.1,625,158.2,700,,,,,,,,,,,,,,,,
2026-07-06T19:22:48.014587+00:00,2026-07-06T19:22:48.014439,2,2,157.95,0.3,157.8,625,157.3,500,,,,,,,,,,,,,,,,,158.1,625,158.2,700,,,,,,,,,,,,,,,,
2026-07-06T19:22:48.019538+00:00,2026-07-06T19:22:48.019680,2,2,157.95,0.3,157.8,625,157.3,500,,,,,,,,,,,,,,,,,158.1,625,158.2,500,,,,,,,,,,,,,,,,
2026-07-06T19:22:48.024980+00:00,2026-07-06T19:22:48.024916,2,3,157.95,0.3,157.8,625,157.3,500,,,,,,,,,,,,,,,,,158.1,425,158.2,500,158.4,200,,,,,,,,,,,,,,
2026-07-06T19:22:48.263707+00:00,2026-07-06T19:22:48.263976,2,3,157.95,0.3,157.8,617,157.3,500,,,,,,,,,,,,,,,,,158.1,425,158.2,500,158.4,200,,,,,,,,,,,,,,
2026-07-06T19:22:48.463866+00:00,2026-07-06T19:22:48.463811,2,3,157.95,0.3,157.8,617,157.3,500,,,,,,,,,,,,,,,,,158.1,405,158.2,500,158.4,200,,,,,,,,,,,,,,
2026-07-06T19:22:48.510474+00:00,2026-07-06T19:22:48.510282,1,3,157.95,0.3,157.8,617,,,,,,,,,,,,,,,,,,,158.1,405,158.2,500,158.4,200,,,,,,,,,,,,,,
2026-07-06T19:22:48.515735+00:00,2026-07-06T19:22:48.515570,1,2,157.95,0.3,157.8,617,,,,,,,,,,,,,,,,,,,158.1,405,158.4,200,,,,,,,,,,,,,,,,
2026-07-06T19:22:48.526013+00:00,2026-07-06T19:22:48.525958,2,2,157.95,0.3,157.8,617,157.2,500,,,,,,,,,,,,,,,,,158.1,405,158.4,200,,,,,,,,,,,,,,,,
2026-07-06T19:22:48.531330+00:00,2026-07-06T19:22:48.531233,2,2,157.95,0.3,157.8,617,157.2,500,,,,,,,,,,,,,,,,,158.1,905,158.4,200,,,,,,,,,,,,,,,,
2026-07-06T19:22:48.541774+00:00,2026-07-06T19:22:48.541659,2,2,157.95,0.3,157.8,617,157.2,500,,,,,,,,,,,,,,,,,158.1,897,158.4,200,,,,,,,,,,,,,,,,
2026-07-06T19:22:49.164593+00:00,2026-07-06T19:22:49.164229,2,3,157.95,0.3,157.8,617,157.3,500,,,,,,,,,,,,,,,,,158.1,397,158.2,500,158.4,200,,,,,,,,,,,,,,
