recv_time,book_timestamp,n_bids,n_asks,mid,spread,bid_px_0,bid_vol_0,bid_px_1,bid_vol_1,bid_px_2,bid_vol_2,bid_px_3,bid_vol_3,bid_px_4,bid_vol_4,bid_px_5,bid_vol_5,bid_px_6,bid_vol_6,bid_px_7,bid_vol_7,bid_px_8,bid_vol_8,bid_px_9,bid_vol_9,ask_px_0,ask_vol_0,ask_px_1,ask_vol_1,ask_px_2,ask_vol_2,ask_px_3,ask_vol_3,ask_px_4,ask_vol_4,ask_px_5,ask_vol_5,ask_px_6,ask_vol_6,ask_px_7,ask_vol_7,ask_px_8,ask_vol_8,ask_px_9,ask_vol_9
2026-07-01T09:43:36.028153+00:00,2026-07-01T19:43:35.948153,2,2,82.3,0.2,82.2,200,82.0,625,,,,,,,,,,,,,,,,,82.4,190,82.9,1,,,,,,,,,,,,,,,,
2026-07-01T09:43:36.207718+00:00,2026-07-01T19:43:36.201718,3,3,82.35,0.1,82.3,500,82.2,200,82.0,625,,,,,,,,,,,,,,,82.4,190,82.8,500,82.9,1,,,,,,,,,,,,,,
2026-07-01T09:43:36.548373+00:00,2026-07-01T19:43:36.542373,2,3,82.3,0.2,82.2,200,82.0,625,,,,,,,,,,,,,,,,,82.4,190,82.8,500,82.9,1,,,,,,,,,,,,,,
2026-07-01T09:43:36.559373+00:00,2026-07-01T19:43:36.557373,3,2,82.35,0.1,82.3,500,82.2,200,82.0,625,,,,,,,,,,,,,,,82.4,190,82.9,1,,,,,,,,,,,,,,,,
2026-07-01T09:43:36.570373+00:00,2026-07-01T19:43:36.567373,3,3,82.35,0.1,82.3,500,82.2,200,82.0,625,,,,,,,,,,,,,,,82.4,190,82.8,500,82.9,1,,,,,,,,,,,,,,
2026-07-01T09:43:36.581373+00:00,2026-07-01T19:43:36.572373,3,2,82.35,0.1,82.3,500,82.2,200,82.0,625,,,,,,,,,,,,,,,82.4,190,82.8,500,,,,,,,,,,,,,,,,
2026-07-01T09:43:36.636374+00:00,2026-07-01T19:43:36.626374,3,3,82.35,0.1,82.3,500,82.2,200,82.0,625,,,,,,,,,,,,,,,82.4,190,82.7,14,82.8,500,,,,,,,,,,,,,,
2026-07-01T09:43:36.889374+00:00,2026-07-01T19:43:36.886373,2,3,82.35,0.1,82.3,1125,82.2,200,,,,,,,,,,,,,,,,,82.4,190,82.7,14,82.8,500,,,,,,,,,,,,,,
2026-07-01T09:43:36.900373+00:00,2026-07-01T19:43:36.889374,2,4,82.35,0.1,82.3,1125,82.2,200,,,,,,,,,,,,,,,,,82.4,190,82.5,625,82.7,14,82.8,500,,,,,,,,,,,,
2026-07-01T09:43:36.933374+00:00,2026-07-01T19:43:36.928374,1,3,82.4,0.2,82.3,1325,,,,,,,,,,,,,,,,,,,82.5,825,82.7,14,82.8,500,,,,,,,,,,,,,,
2026-07-01T09:43:37.065373+00:00,2026-07-01T19:43:37.058373,1,3,82.4,0.2,82.3,1325,,,,,,,,,,,,,,,,,,,82.5,825,82.7,13,82.8,500,,,,,,,,,,,,,,
2026-07-01T09:43:37.153373+00:00,2026-07-01T19:43:37.146373,1,3,82.4,0.2,82.3,825,,,,,,,,,,,,,,,,,,,82.5,825,82.7,13,82.8,500,,,,,,,,,,,,,,
2026-07-01T09:43:37.164373+00:00,2026-07-01T19:43:37.160373,1,2,82.4,0.2,82.3,1325,,,,,,,,,,,,,,,,,,,82.5,825,82.7,13,,,,,,,,,,,,,,,,
2026-07-01T09:43:37.175373+00:00,2026-07-01T19:43:37.168373,1,3,82.4,0.2,82.3,1325,,,,,,,,,,,,,,,,,,,82.5,825,82.7,13,82.8,500,,,,,,,,,,,,,,
2026-07-01T09:43:37.758373+00:00,2026-07-01T19:43:37.748373,1,3,82.4,0.2,82.3,825,,,,,,,,,,,,,,,,,,,82.5,825,82.7,13,82.8,500,,,,,,,,,,,,,,
2026-07-01T09:43:37.769374+00:00,2026-07-01T19:43:37.768373,2,2,82.4,0.2,82.3,825,82.2,500,,,,,,,,,,,,,,,,,82.5,825,82.7,13,,,,,,,,,,,,,,,,
2026-07-01T09:43:37.780373+00:00,2026-07-01T19:43:37.776373,2,3,82.4,0.2,82.3,825,82.2,500,,,,,,,,,,,,,,,,,82.5,825,82.7,13,82.8,500,,,,,,,,,,,,,,
2026-07-01T09:43:38.143374+00:00,2026-07-01T19:43:38.142374,2,4,82.4,0.2,82.3,625,82.2,500,,,,,,,,,,,,,,,,,82.5,425,82.6,200,82.7,13,82.8,500,,,,,,,,,,,,
2026-07-01T09:43:38.198373+00:00,2026-07-01T19:43:38.197373,2,3,82.5,0.2,82.4,625,82.2,500,,,,,,,,,,,,,,,,,82.6,825,82.7,13,82.8,500,,,,,,,,,,,,,,
2026-07-01T09:43:38.362437+00:00,2026-07-01T19:43:38.359438,1,2,82.5,0.2,82.4,625,,,,,,,,,,,,,,,,,,,82.6,825,82.7,13,,,,,,,,,,,,,,,,
2026-07-01T09:43:38.373437+00:00,2026-07-01T19:43:38.372437,2,2,82.5,0.2,82.4,625,82.3,500,,,,,,,,,,,,,,,,,82.6,825,82.7,13,,,,,,,,,,,,,,,,
2026-07-01T09:43:38.384437+00:00,2026-07-01T19:43:38.376438,2,3,82.5,0.2,82.4,625,82.3,500,,,,,,,,,,,,,,,,,82.6,825,82.7,13,82.8,500,,,,,,,,,,,,,,
2026-07-01T09:43:38.962438+00:00,2026-07-01T19:43:38.960438,1,2,82.5,0.2,82.4,625,,,,,,,,,,,,,,,,,,,82.6,825,82.7,13,,,,,,,,,,,,,,,,
2026-07-01T09:43:38.973437+00:00,2026-07-01T19:43:38.968437,2,2,82.5,0.2,82.4,625,82.2,500,,,,,,,,,,,,,,,,,82.6,825,82.7,13,,,,,,,,,,,,,,,,
2026-07-01T09:43:38.984438+00:00,2026-07-01T19:43:38.973778,2,2,82.5,0.2,82.4,625,82.2,500,,,,,,,,,,,,,,,,,82.6,825,82.7,513,,,,,,,,,,,,,,,,
2026-07-01T09:43:39.347436+00:00,2026-07-01T19:43:39.344437,2,2,82.5,0.2,82.4,625,82.2,500,,,,,,,,,,,,,,,,,82.6,625,82.7,513,,,,,,,,,,,,,,,,
2026-07-01T09:43:39.358437+00:00,2026-07-01T19:43:39.347436,3,2,82.5,0.2,82.4,625,82.2,500,82.1,200,,,,,,,,,,,,,,,82.6,625,82.7,513,,,,,,,,,,,,,,,,
2026-07-01T09:43:39.369436+00:00,2026-07-01T19:43:39.359437,3,2,82.5,0.2,82.4,425,82.2,500,82.1,200,,,,,,,,,,,,,,,82.6,625,82.7,513,,,,,,,,,,,,,,,,
2026-07-01T09:43:39.512438+00:00,2026-07-01T19:43:39.510437,3,2,82.5,0.2,82.4,625,82.2,500,82.1,200,,,,,,,,,,,,,,,82.6,625,82.7,513,,,,,,,,,,,,,,,,
2026-07-01T09:43:39.567436+00:00,2026-07-01T19:43:39.556436,2,2,82.5,0.2,82.4,625,82.1,200,,,,,,,,,,,,,,,,,82.6,625,82.7,513,,,,,,,,,,,,,,,,
2026-07-01T09:43:39.578438+00:00,2026-07-01T19:43:39.577437,3,2,82.5,0.2,82.4,625,82.2,500,82.1,200,,,,,,,,,,,,,,,82.6,625,82.7,13,,,,,,,,,,,,,,,,
2026-07-01T09:43:39.589437+00:00,2026-07-01T19:43:39.582437,3,2,82.5,0.2,82.4,625,82.2,500,82.1,200,,,,,,,,,,,,,,,82.6,625,82.7,513,,,,,,,,,,,,,,,,
2026-07-01T09:43:40.161436+00:00,2026-07-01T19:43:40.159436,2,2,82.5,0.2,82.4,625,82.1,200,,,,,,,,,,,,,,,,,82.6,625,82.7,513,,,,,,,,,,,,,,,,
2026-07-01T09:43:40.172436+00:00,2026-07-01T19:43:40.168437,2,2,82.5,0.2,82.4,625,82.1,200,,,,,,,,,,,,,,,,,82.6,625,82.7,13,,,,,,,,,,,,,,,,
2026-07-01T09:43:40.183436+00:00,2026-07-01T19:43:40.178437,3,2,82.5,0.2,82.4,625,82.2,500,82.1,200,,,,,,,,,,,,,,,82.6,625,82.7,13,,,,,,,,,,,,,,,,
2026-07-01T09:43:40.194437+00:00,2026-07-01T19:43:40.187437,3,2,82.5,0.2,82.4,625,82.2,500,82.1,200,,,,,,,,,,,,,,,82.6,625,82.7,513,,,,,,,,,,,,,,,,
2026-07-01T09:43:40.568448+00:00,2026-07-01T19:43:40.565448,2,2,82.5,0.2,82.4,425,82.2,700,,,,,,,,,,,,,,,,,82.6,625,82.7,513,,,,,,,,,,,,,,,,
2026-07-01T09:43:40.799447+00:00,2026-07-01T19:43:40.793448,2,2,82.5,0.2,82.4,425,82.2,200,,,,,,,,,,,,,,,,,82.6,625,82.7,513,,,,,,,,,,,,,,,,
2026-07-01T09:43:40.810448+00:00,2026-07-01T19:43:40.809448,2,2,82.5,0.2,82.4,425,82.2,700,,,,,,,,,,,,,,,,,82.6,625,82.7,13,,,,,,,,,,,,,,,,
2026-07-01T09:43:40.821448+00:00,2026-07-01T19:43:40.817448,2,2,82.5,0.2,82.4,425,82.2,700,,,,,,,,,,,,,,,,,82.6,625,82.7,513,,,,,,,,,,,,,,,,
2026-07-01T09:43:40.832448+00:00,2026-07-01T19:43:40.831448,1,2,82.4,0.4,82.2,700,,,,,,,,,,,,,,,,,,,82.6,625,82.7,513,,,,,,,,,,,,,,,,
2026-07-01T09:43:40.843448+00:00,2026-07-01T19:43:40.839448,2,2,82.5,0.2,82.4,625,82.2,700,,,,,,,,,,,,,,,,,82.6,625,82.7,513,,,,,,,,,,,,,,,,
2026-07-01T09:43:41.371448+00:00,2026-07-01T19:43:41.363448,2,2,82.5,0.2,82.4,625,82.2,700,,,,,,,,,,,,,,,,,82.6,625,82.7,511,,,,,,,,,,,,,,,,
2026-07-01T09:43:41.404448+00:00,2026-07-01T19:43:41.395448,2,2,82.5,0.2,82.4,625,82.2,200,,,,,,,,,,,,,,,,,82.6,625,82.7,511,,,,,,,,,,,,,,,,
2026-07-01T09:43:41.415447+00:00,2026-07-01T19:43:41.405448,2,2,82.5,0.2,82.4,625,82.2,200,,,,,,,,,,,,,,,,,82.6,625,82.7,11,,,,,,,,,,,,,,,,
2026-07-01T09:43:41.426448+00:00,2026-07-01T19:43:41.422448,2,2,82.5,0.2,82.4,625,82.2,700,,,,,,,,,,,,,,,,,82.6,625,82.7,511,,,,,,,,,,,,,,,,
2026-07-01T09:43:41.448448+00:00,2026-07-01T19:43:41.439448,2,2,82.5,0.2,82.4,605,82.2,700,,,,,,,,,,,,,,,,,82.6,625,82.7,511,,,,,,,,,,,,,,,,
2026-07-01T09:43:41.778447+00:00,2026-07-01T19:43:41.778447,2,2,82.5,0.2,82.4,605,82.2,700,,,,,,,,,,,,,,,,,82.6,625,82.7,511,,,,,,,,,,,,,,,,
2026-07-01T09:43:41.789448+00:00,2026-07-01T19:43:41.788448,2,2,82.5,0.2,82.4,405,82.2,700,,,,,,,,,,,,,,,,,82.6,625,82.7,511,,,,,,,,,,,,,,,,
2026-07-01T09:43:42.009448+00:00,2026-07-01T19:43:41.998449,2,2,82.5,0.2,82.4,405,82.2,200,,,,,,,,,,,,,,,,,82.6,625,82.7,511,,,,,,,,,,,,,,,,
2026-07-01T09:43:42.020448+00:00,2026-07-01T19:43:42.014448,2,2,82.5,0.2,82.4,405,82.2,700,,,,,,,,,,,,,,,,,82.6,625,82.7,11,,,,,,,,,,,,,,,,
2026-07-01T09:43:42.031447+00:00,2026-07-01T19:43:42.025448,2,2,82.5,0.2,82.4,405,82.2,700,,,,,,,,,,,,,,,,,82.6,625,82.7,511,,,,,,,,,,,,,,,,
2026-07-01T09:43:42.152448+00:00,2026-07-01T19:43:42.146448,1,2,82.4,0.4,82.2,700,,,,,,,,,,,,,,,,,,,82.6,625,82.7,511,,,,,,,,,,,,,,,,
2026-07-01T09:43:42.163448+00:00,2026-07-01T19:43:42.158448,2,2,82.25,0.1,82.2,700,82.1,625,,,,,,,,,,,,,,,,,82.3,625,82.7,511,,,,,,,,,,,,,,,,
2026-07-01T09:43:42.504448+00:00,2026-07-01T19:43:42.499449,2,2,82.25,0.1,82.2,700,82.1,625,,,,,,,,,,,,,,,,,82.3,625,82.7,510,,,,,,,,,,,,,,,,
2026-07-01T09:43:42.603448+00:00,2026-07-01T19:43:42.600447,2,2,82.25,0.1,82.2,200,82.1,625,,,,,,,,,,,,,,,,,82.3,625,82.7,510,,,,,,,,,,,,,,,,
2026-07-01T09:43:42.614448+00:00,2026-07-01T19:43:42.610448,2,2,82.25,0.1,82.2,200,82.1,625,,,,,,,,,,,,,,,,,82.3,625,82.7,10,,,,,,,,,,,,,,,,
2026-07-01T09:43:42.625447+00:00,2026-07-01T19:43:42.618448,2,2,82.25,0.1,82.2,700,82.1,625,,,,,,,,,,,,,,,,,82.3,625,82.7,10,,,,,,,,,,,,,,,,
2026-07-01T09:43:42.636448+00:00,2026-07-01T19:43:42.629448,2,2,82.25,0.1,82.2,700,82.1,625,,,,,,,,,,,,,,,,,82.3,625,82.7,510,,,,,,,,,,,,,,,,
2026-07-01T09:43:42.812460+00:00,2026-07-01T19:43:42.809460,2,2,82.25,0.1,82.2,704,82.1,625,,,,,,,,,,,,,,,,,82.3,625,82.7,510,,,,,,,,,,,,,,,,
2026-07-01T09:43:42.999459+00:00,2026-07-01T19:43:42.998460,2,2,82.25,0.1,82.2,504,82.1,625,,,,,,,,,,,,,,,,,82.3,425,82.7,710,,,,,,,,,,,,,,,,
2026-07-01T09:43:43.208472+00:00,2026-07-01T19:43:43.205472,2,2,82.25,0.1,82.2,4,82.1,625,,,,,,,,,,,,,,,,,82.3,425,82.7,710,,,,,,,,,,,,,,,,
2026-07-01T09:43:43.219471+00:00,2026-07-01T19:43:43.213472,2,2,82.25,0.1,82.2,4,82.1,625,,,,,,,,,,,,,,,,,82.3,425,82.7,210,,,,,,,,,,,,,,,,
2026-07-01T09:43:43.230471+00:00,2026-07-01T19:43:43.229472,2,2,82.25,0.1,82.2,504,82.1,625,,,,,,,,,,,,,,,,,82.3,425,82.7,710,,,,,,,,,,,,,,,,
2026-07-01T09:43:43.471074+00:00,2026-07-01T19:43:43.469073,1,1,82.45,0.5,82.2,1129,,,,,,,,,,,,,,,,,,,82.7,710,,,,,,,,,,,,,,,,,,
2026-07-01T09:43:43.482072+00:00,2026-07-01T19:43:43.472074,1,2,82.3,0.2,82.2,1125,,,,,,,,,,,,,,,,,,,82.4,625,82.7,710,,,,,,,,,,,,,,,,
2026-07-01T09:43:43.504074+00:00,2026-07-01T19:43:43.502074,2,2,82.35,0.1,82.3,4,82.2,1125,,,,,,,,,,,,,,,,,82.4,625,82.7,710,,,,,,,,,,,,,,,,
2026-07-01T09:43:43.811589+00:00,2026-07-01T19:43:43.806588,2,2,82.35,0.1,82.3,4,82.2,625,,,,,,,,,,,,,,,,,82.4,625,82.7,710,,,,,,,,,,,,,,,,
2026-07-01T09:43:43.822589+00:00,2026-07-01T19:43:43.815589,2,2,82.35,0.1,82.3,4,82.2,625,,,,,,,,,,,,,,,,,82.4,625,82.7,210,,,,,,,,,,,,,,,,
2026-07-01T09:43:43.833589+00:00,2026-07-01T19:43:43.830589,2,2,82.35,0.1,82.3,4,82.2,1125,,,,,,,,,,,,,,,,,82.4,625,82.7,710,,,,,,,,,,,,,,,,
2026-07-01T09:43:43.844589+00:00,2026-07-01T19:43:43.841589,2,2,82.35,0.1,82.3,2,82.2,1125,,,,,,,,,,,,,,,,,82.4,625,82.7,710,,,,,,,,,,,,,,,,
2026-07-01T09:43:44.207804+00:00,2026-07-01T19:43:44.205804,2,2,82.35,0.1,82.3,202,82.2,1125,,,,,,,,,,,,,,,,,82.4,625,82.7,510,,,,,,,,,,,,,,,,
2026-07-01T09:43:44.218803+00:00,2026-07-01T19:43:44.207804,2,3,82.35,0.1,82.3,202,82.2,1125,,,,,,,,,,,,,,,,,82.4,625,82.5,200,82.7,510,,,,,,,,,,,,,,
2026-07-01T09:43:44.416816+00:00,2026-07-01T19:43:44.409814,2,3,82.35,0.1,82.3,202,82.2,625,,,,,,,,,,,,,,,,,82.4,625,82.5,200,82.7,510,,,,,,,,,,,,,,
2026-07-01T09:43:44.427815+00:00,2026-07-01T19:43:44.419815,2,3,82.35,0.1,82.3,202,82.2,625,,,,,,,,,,,,,,,,,82.4,625,82.5,200,82.7,10,,,,,,,,,,,,,,
2026-07-01T09:43:44.438815+00:00,2026-07-01T19:43:44.437815,2,3,82.35,0.1,82.3,202,82.2,1125,,,,,,,,,,,,,,,,,82.4,625,82.5,200,82.7,510,,,,,,,,,,,,,,
2026-07-01T09:43:44.581815+00:00,2026-07-01T19:43:44.577815,2,3,82.35,0.1,82.3,202,82.2,1125,,,,,,,,,,,,,,,,,82.4,615,82.5,200,82.7,510,,,,,,,,,,,,,,
2026-07-01T09:43:44.779816+00:00,2026-07-01T19:43:44.779816,2,2,82.4,0.2,82.3,202,82.2,500,,,,,,,,,,,,,,,,,82.5,200,82.7,510,,,,,,,,,,,,,,,,
2026-07-01T09:43:44.790815+00:00,2026-07-01T19:43:44.789815,1,3,82.25,0.1,82.2,1125,,,,,,,,,,,,,,,,,,,82.3,423,82.5,200,82.7,510,,,,,,,,,,,,,,
2026-07-01T09:43:45.021815+00:00,2026-07-01T19:43:45.020815,1,3,82.25,0.1,82.2,625,,,,,,,,,,,,,,,,,,,82.3,423,82.5,200,82.7,10,,,,,,,,,,,,,,
2026-07-01T09:43:45.032815+00:00,2026-07-01T19:43:45.028815,2,3,82.25,0.1,82.2,625,82.1,500,,,,,,,,,,,,,,,,,82.3,423,82.5,200,82.7,10,,,,,,,,,,,,,,
2026-07-01T09:43:45.043815+00:00,2026-07-01T19:43:45.037815,2,3,82.25,0.1,82.2,625,82.1,500,,,,,,,,,,,,,,,,,82.3,423,82.5,200,82.7,510,,,,,,,,,,,,,,
2026-07-01T09:43:45.417815+00:00,2026-07-01T19:43:45.415815,2,2,82.25,0.1,82.2,625,82.1,700,,,,,,,,,,,,,,,,,82.3,623,82.7,510,,,,,,,,,,,,,,,,
2026-07-01T09:43:45.615815+00:00,2026-07-01T19:43:45.614815,2,2,82.25,0.1,82.2,625,82.1,200,,,,,,,,,,,,,,,,,82.3,623,82.7,510,,,,,,,,,,,,,,,,
2026-07-01T09:43:45.626815+00:00,2026-07-01T19:43:45.623815,2,2,82.25,0.1,82.2,625,82.1,200,,,,,,,,,,,,,,,,,82.3,623,82.7,10,,,,,,,,,,,,,,,,
2026-07-01T09:43:45.637815+00:00,2026-07-01T19:43:45.635815,2,2,82.25,0.1,82.2,625,82.1,700,,,,,,,,,,,,,,,,,82.3,623,82.7,510,,,,,,,,,,,,,,,,
2026-07-01T09:43:46.033815+00:00,2026-07-01T19:43:46.022973,2,2,82.25,0.1,82.2,627,82.1,700,,,,,,,,,,,,,,,,,82.3,623,82.7,510,,,,,,,,,,,,,,,,
2026-07-01T09:43:46.099374+00:00,2026-07-01T19:43:46.097374,2,2,82.25,0.1,82.2,627,82.1,700,,,,,,,,,,,,,,,,,82.3,200,82.7,510,,,,,,,,,,,,,,,,
2026-07-01T09:43:46.110374+00:00,2026-07-01T19:43:46.100373,2,3,82.25,0.1,82.2,627,82.1,700,,,,,,,,,,,,,,,,,82.3,200,82.4,625,82.7,510,,,,,,,,,,,,,,
2026-07-01T09:43:46.220374+00:00,2026-07-01T19:43:46.218374,2,3,82.25,0.1,82.2,627,82.1,200,,,,,,,,,,,,,,,,,82.3,200,82.4,625,82.7,510,,,,,,,,,,,,,,
2026-07-01T09:43:46.231374+00:00,2026-07-01T19:43:46.226374,2,3,82.25,0.1,82.2,627,82.1,200,,,,,,,,,,,,,,,,,82.3,200,82.4,625,82.7,10,,,,,,,,,,,,,,
2026-07-01T09:43:46.242374+00:00,2026-07-01T19:43:46.241374,2,4,82.25,0.1,82.2,627,82.1,700,,,,,,,,,,,,,,,,,82.3,200,82.4,625,82.6,500,82.7,10,,,,,,,,,,,,
2026-07-01T09:43:46.429374+00:00,2026-07-01T19:43:46.420373,2,4,82.25,0.1,82.2,627,82.1,700,,,,,,,,,,,,,,,,,82.3,200,82.4,625,82.6,500,82.7,9,,,,,,,,,,,,
2026-07-01T09:43:46.539373+00:00,2026-07-01T19:43:46.528489,2,4,82.25,0.1,82.2,627,82.1,700,,,,,,,,,,,,,,,,,82.3,200,82.4,625,82.6,500,82.7,8,,,,,,,,,,,,
2026-07-01T09:43:46.627374+00:00,2026-07-01T19:43:46.625374,2,4,82.25,0.1,82.2,627,82.1,500,,,,,,,,,,,,,,,,,82.3,200,82.4,625,82.6,500,82.7,8,,,,,,,,,,,,
2026-07-01T09:43:46.638374+00:00,2026-07-01T19:43:46.636374,3,4,82.35,0.1,82.3,200,82.2,627,82.1,500,,,,,,,,,,,,,,,82.4,625,82.5,200,82.6,500,82.7,8,,,,,,,,,,,,
2026-07-01T09:43:46.858375+00:00,2026-07-01T19:43:46.849374,2,4,82.35,0.1,82.3,200,82.2,627,,,,,,,,,,,,,,,,,82.4,625,82.5,200,82.6,500,82.7,8,,,,,,,,,,,,
2026-07-01T09:43:46.869374+00:00,2026-07-01T19:43:46.858375,2,3,82.35,0.1,82.3,200,82.2,627,,,,,,,,,,,,,,,,,82.4,625,82.5,200,82.7,8,,,,,,,,,,,,,,
2026-07-01T09:43:46.880375+00:00,2026-07-01T19:43:46.879375,3,4,82.35,0.1,82.3,200,82.2,627,82.1,500,,,,,,,,,,,,,,,82.4,625,82.5,200,82.6,500,82.7,8,,,,,,,,,,,,
2026-07-01T09:43:47.408374+00:00,2026-07-01T19:43:47.408374,3,3,82.4,0.2,82.3,200,82.2,2,82.1,500,,,,,,,,,,,,,,,82.5,200,82.6,500,82.7,8,,,,,,,,,,,,,,
2026-07-01T09:43:47.419373+00:00,2026-07-01T19:43:47.412374,3,3,82.4,0.2,82.3,200,82.2,627,82.1,500,,,,,,,,,,,,,,,82.5,200,82.6,500,82.7,8,,,,,,,,,,,,,,
2026-07-01T09:43:47.430374+00:00,2026-07-01T19:43:47.423374,3,4,82.35,0.1,82.3,200,82.2,627,82.1,500,,,,,,,,,,,,,,,82.4,625,82.5,200,82.6,500,82.7,8,,,,,,,,,,,,
2026-07-01T09:43:47.463374+00:00,2026-07-01T19:43:47.462376,2,3,82.35,0.1,82.3,200,82.2,627,,,,,,,,,,,,,,,,,82.4,625,82.5,200,82.7,8,,,,,,,,,,,,,,
2026-07-01T09:43:47.474374+00:00,2026-07-01T19:43:47.471374,2,3,82.35,0.1,82.3,200,82.2,1127,,,,,,,,,,,,,,,,,82.4,625,82.5,200,82.7,8,,,,,,,,,,,,,,
2026-07-01T09:43:47.496374+00:00,2026-07-01T19:43:47.486374,2,3,82.35,0.1,82.3,200,82.2,1127,,,,,,,,,,,,,,,,,82.4,625,82.5,200,82.7,508,,,,,,,,,,,,,,
2026-07-01T09:43:47.562374+00:00,2026-07-01T19:43:47.552374,2,3,82.35,0.1,82.3,200,82.2,1127,,,,,,,,,,,,,,,,,82.4,625,82.5,200,82.7,506,,,,,,,,,,,,,,
2026-07-01T09:43:47.848376+00:00,2026-07-01T19:43:47.847375,1,2,82.3,0.2,82.2,1127,,,,,,,,,,,,,,,,,,,82.4,425,82.7,506,,,,,,,,,,,,,,,,
2026-07-01T09:43:47.859374+00:00,2026-07-01T19:43:47.851375,1,3,82.3,0.2,82.2,1127,,,,,,,,,,,,,,,,,,,82.4,425,82.6,200,82.7,506,,,,,,,,,,,,,,
2026-07-01T09:43:48.002376+00:00,2026-07-01T19:43:47.997375,1,3,82.3,0.2,82.2,1127,,,,,,,,,,,,,,,,,,,82.4,425,82.6,200,82.7,504,,,,,,,,,,,,,,
2026-07-01T09:43:48.057694+00:00,2026-07-01T19:43:48.054695,1,3,82.3,0.2,82.2,627,,,,,,,,,,,,,,,,,,,82.4,425,82.6,200,82.7,504,,,,,,,,,,,,,,
2026-07-01T09:43:48.068694+00:00,2026-07-01T19:43:48.064695,1,3,82.3,0.2,82.2,627,,,,,,,,,,,,,,,,,,,82.4,425,82.6,200,82.7,4,,,,,,,,,,,,,,
2026-07-01T09:43:48.079695+00:00,2026-07-01T19:43:48.071695,2,3,82.3,0.2,82.2,627,82.1,500,,,,,,,,,,,,,,,,,82.4,425,82.6,200,82.7,4,,,,,,,,,,,,,,
2026-07-01T09:43:48.090695+00:00,2026-07-01T19:43:48.082695,2,3,82.3,0.2,82.2,627,82.1,500,,,,,,,,,,,,,,,,,82.4,425,82.6,700,82.7,4,,,,,,,,,,,,,,
2026-07-01T09:43:48.662118+00:00,2026-07-01T19:43:48.657118,1,3,82.3,0.2,82.2,627,,,,,,,,,,,,,,,,,,,82.4,425,82.6,700,82.7,4,,,,,,,,,,,,,,
2026-07-01T09:43:48.673118+00:00,2026-07-01T19:43:48.672117,2,3,82.3,0.2,82.2,627,82.1,500,,,,,,,,,,,,,,,,,82.4,425,82.6,200,82.7,4,,,,,,,,,,,,,,
2026-07-01T09:43:48.684118+00:00,2026-07-01T19:43:48.681117,2,3,82.3,0.2,82.2,627,82.1,500,,,,,,,,,,,,,,,,,82.4,425,82.6,700,82.7,4,,,,,,,,,,,,,,
2026-07-01T09:43:48.739117+00:00,2026-07-01T19:43:48.732117,2,3,82.3,0.2,82.2,627,82.1,500,,,,,,,,,,,,,,,,,82.4,625,82.6,700,82.7,4,,,,,,,,,,,,,,
2026-07-01T09:43:49.058118+00:00,2026-07-01T19:43:49.054119,2,3,82.3,0.2,82.2,627,82.1,500,,,,,,,,,,,,,,,,,82.4,625,82.6,500,82.7,4,,,,,,,,,,,,,,
2026-07-01T09:43:49.069119+00:00,2026-07-01T19:43:49.061119,2,3,82.3,0.2,82.2,627,82.1,500,,,,,,,,,,,,,,,,,82.4,425,82.6,500,82.7,4,,,,,,,,,,,,,,
2026-07-01T09:43:49.080119+00:00,2026-07-01T19:43:49.069342,2,3,82.3,0.2,82.2,627,82.1,500,,,,,,,,,,,,,,,,,82.4,425,82.6,700,82.7,4,,,,,,,,,,,,,,
2026-07-01T09:43:49.267117+00:00,2026-07-01T19:43:49.263118,1,3,82.3,0.2,82.2,627,,,,,,,,,,,,,,,,,,,82.4,425,82.6,700,82.7,4,,,,,,,,,,,,,,
2026-07-01T09:43:49.278120+00:00,2026-07-01T19:43:49.269120,1,3,82.3,0.2,82.2,627,,,,,,,,,,,,,,,,,,,82.4,425,82.6,200,82.7,4,,,,,,,,,,,,,,
2026-07-01T09:43:49.288948+00:00,2026-07-01T19:43:49.286120,2,3,82.3,0.2,82.2,627,82.1,500,,,,,,,,,,,,,,,,,82.4,425,82.6,700,82.7,4,,,,,,,,,,,,,,
2026-07-01T09:43:49.882970+00:00,2026-07-01T19:43:49.872166,1,3,82.3,0.2,82.2,627,,,,,,,,,,,,,,,,,,,82.4,425,82.6,700,82.7,4,,,,,,,,,,,,,,
2026-07-01T09:43:49.893970+00:00,2026-07-01T19:43:49.890969,1,3,82.3,0.2,82.2,1127,,,,,,,,,,,,,,,,,,,82.4,425,82.6,200,82.7,4,,,,,,,,,,,,,,
2026-07-01T09:43:49.904970+00:00,2026-07-01T19:43:49.898970,1,3,82.3,0.2,82.2,1127,,,,,,,,,,,,,,,,,,,82.4,425,82.6,200,82.7,504,,,,,,,,,,,,,,
2026-07-01T09:43:50.036970+00:00,2026-07-01T19:43:50.035970,1,3,82.3,0.2,82.2,502,,,,,,,,,,,,,,,,,,,82.4,425,82.6,200,82.7,504,,,,,,,,,,,,,,
2026-07-01T09:43:50.047970+00:00,2026-07-01T19:43:50.040970,2,3,82.45,0.1,82.4,625,82.2,502,,,,,,,,,,,,,,,,,82.5,625,82.6,200,82.7,504,,,,,,,,,,,,,,
2026-07-01T09:43:50.267982+00:00,2026-07-01T19:43:50.266981,2,2,82.45,0.1,82.4,625,82.2,502,,,,,,,,,,,,,,,,,82.5,625,82.7,504,,,,,,,,,,,,,,,,
2026-07-01T09:43:50.278981+00:00,2026-07-01T19:43:50.274981,2,2,82.45,0.1,82.4,825,82.2,502,,,,,,,,,,,,,,,,,82.5,825,82.7,504,,,,,,,,,,,,,,,,
2026-07-01T09:43:50.476981+00:00,2026-07-01T19:43:50.472981,2,2,82.45,0.1,82.4,825,82.2,2,,,,,,,,,,,,,,,,,82.5,825,82.7,504,,,,,,,,,,,,,,,,
2026-07-01T09:43:50.487982+00:00,2026-07-01T19:43:50.486982,2,2,82.45,0.1,82.4,825,82.2,2,,,,,,,,,,,,,,,,,82.5,825,82.7,4,,,,,,,,,,,,,,,,
2026-07-01T09:43:50.498981+00:00,2026-07-01T19:43:50.495981,2,2,82.45,0.1,82.4,825,82.2,502,,,,,,,,,,,,,,,,,82.5,825,82.7,4,,,,,,,,,,,,,,,,
2026-07-01T09:43:50.520981+00:00,2026-07-01T19:43:50.511981,2,2,82.45,0.1,82.4,825,82.2,502,,,,,,,,,,,,,,,,,82.5,825,82.7,504,,,,,,,,,,,,,,,,
2026-07-01T09:43:51.070517+00:00,2026-07-01T19:43:51.068517,2,2,82.45,0.1,82.4,825,82.2,2,,,,,,,,,,,,,,,,,82.5,825,82.7,504,,,,,,,,,,,,,,,,
2026-07-01T09:43:51.081517+00:00,2026-07-01T19:43:51.079517,2,2,82.45,0.1,82.4,825,82.2,2,,,,,,,,,,,,,,,,,82.5,825,82.7,4,,,,,,,,,,,,,,,,
2026-07-01T09:43:51.092518+00:00,2026-07-01T19:43:51.085517,2,2,82.45,0.1,82.4,825,82.2,502,,,,,,,,,,,,,,,,,82.5,825,82.7,4,,,,,,,,,,,,,,,,
2026-07-01T09:43:51.103517+00:00,2026-07-01T19:43:51.093518,2,2,82.45,0.1,82.4,825,82.2,502,,,,,,,,,,,,,,,,,82.5,825,82.7,504,,,,,,,,,,,,,,,,
2026-07-01T09:43:51.345517+00:00,2026-07-01T19:43:51.344517,2,2,82.45,0.1,82.4,200,82.2,502,,,,,,,,,,,,,,,,,82.5,200,82.7,504,,,,,,,,,,,,,,,,
2026-07-01T09:43:51.356035+00:00,2026-07-01T19:43:51.354034,1,3,82.3,0.2,82.2,1127,,,,,,,,,,,,,,,,,,,82.4,425,82.5,200,82.7,504,,,,,,,,,,,,,,
2026-07-01T09:43:51.488034+00:00,2026-07-01T19:43:51.477034,1,2,82.3,0.2,82.2,1127,,,,,,,,,,,,,,,,,,,82.4,425,82.7,504,,,,,,,,,,,,,,,,
2026-07-01T09:43:51.499034+00:00,2026-07-01T19:43:51.498034,2,2,82.35,0.1,82.3,200,82.2,1127,,,,,,,,,,,,,,,,,82.4,625,82.7,504,,,,,,,,,,,,,,,,
2026-07-01T09:43:51.675034+00:00,2026-07-01T19:43:51.670034,2,2,82.35,0.1,82.3,200,82.2,627,,,,,,,,,,,,,,,,,82.4,625,82.7,504,,,,,,,,,,,,,,,,
2026-07-01T09:43:51.686034+00:00,2026-07-01T19:43:51.685034,2,2,82.35,0.1,82.3,200,82.2,1127,,,,,,,,,,,,,,,,,82.4,625,82.7,4,,,,,,,,,,,,,,,,
2026-07-01T09:43:51.697034+00:00,2026-07-01T19:43:51.694034,2,2,82.35,0.1,82.3,200,82.2,1127,,,,,,,,,,,,,,,,,82.4,625,82.7,504,,,,,,,,,,,,,,,,
2026-07-01T09:43:52.280034+00:00,2026-07-01T19:43:52.272035,2,2,82.35,0.1,82.3,200,82.2,627,,,,,,,,,,,,,,,,,82.4,625,82.7,504,,,,,,,,,,,,,,,,
2026-07-01T09:43:52.291034+00:00,2026-07-01T19:43:52.280034,2,2,82.35,0.1,82.3,200,82.2,627,,,,,,,,,,,,,,,,,82.4,625,82.7,4,,,,,,,,,,,,,,,,
2026-07-01T09:43:52.302034+00:00,2026-07-01T19:43:52.295034,2,2,82.35,0.1,82.3,200,82.2,1127,,,,,,,,,,,,,,,,,82.4,625,82.7,504,,,,,,,,,,,,,,,,
2026-07-01T09:43:52.664549+00:00,2026-07-01T19:43:52.662549,2,2,82.35,0.1,82.3,200,82.2,1127,,,,,,,,,,,,,,,,,82.4,200,82.7,504,,,,,,,,,,,,,,,,
2026-07-01T09:43:52.675549+00:00,2026-07-01T19:43:52.666549,2,2,82.35,0.1,82.3,200,82.2,1127,,,,,,,,,,,,,,,,,82.4,825,82.7,504,,,,,,,,,,,,,,,,
2026-07-01T09:43:52.697549+00:00,2026-07-01T19:43:52.696549,2,2,82.3,0.2,82.2,1127,82.1,200,,,,,,,,,,,,,,,,,82.4,625,82.7,504,,,,,,,,,,,,,,,,
2026-07-01T09:43:52.708549+00:00,2026-07-01T19:43:52.699549,2,3,82.25,0.1,82.2,1127,82.1,200,,,,,,,,,,,,,,,,,82.3,200,82.4,625,82.7,504,,,,,,,,,,,,,,
2026-07-01T09:43:52.752549+00:00,2026-07-01T19:43:52.749550,2,3,82.25,0.1,82.2,1127,82.1,200,,,,,,,,,,,,,,,,,82.3,190,82.4,625,82.7,504,,,,,,,,,,,,,,
2026-07-01T09:43:52.906549+00:00,2026-07-01T19:43:52.899549,2,3,82.25,0.1,82.2,627,82.1,200,,,,,,,,,,,,,,,,,82.3,190,82.4,625,82.7,504,,,,,,,,,,,,,,
2026-07-01T09:43:52.917549+00:00,2026-07-01T19:43:52.915550,2,3,82.25,0.1,82.2,1127,82.1,200,,,,,,,,,,,,,,,,,82.3,190,82.4,625,82.7,4,,,,,,,,,,,,,,
2026-07-01T09:43:52.928550+00:00,2026-07-01T19:43:52.926549,2,3,82.25,0.1,82.2,1127,82.1,200,,,,,,,,,,,,,,,,,82.3,190,82.4,625,82.7,504,,,,,,,,,,,,,,
2026-07-01T09:43:53.510279+00:00,2026-07-01T19:43:53.507279,2,3,82.25,0.1,82.2,627,82.1,200,,,,,,,,,,,,,,,,,82.3,190,82.4,625,82.7,4,,,,,,,,,,,,,,
2026-07-01T09:43:53.521279+00:00,2026-07-01T19:43:53.517279,2,3,82.25,0.1,82.2,1127,82.1,200,,,,,,,,,,,,,,,,,82.3,190,82.4,625,82.7,4,,,,,,,,,,,,,,
2026-07-01T09:43:53.532279+00:00,2026-07-01T19:43:53.530279,2,3,82.25,0.1,82.2,1127,82.1,200,,,,,,,,,,,,,,,,,82.3,190,82.4,625,82.7,500,,,,,,,,,,,,,,
2026-07-01T09:43:53.697279+00:00,2026-07-01T19:43:53.687280,2,4,82.25,0.1,82.2,1127,82.1,200,,,,,,,,,,,,,,,,,82.3,190,82.4,625,82.5,6,82.7,500,,,,,,,,,,,,
2026-07-01T09:43:53.906279+00:00,2026-07-01T19:43:53.904279,1,4,82.25,0.1,82.2,1127,,,,,,,,,,,,,,,,,,,82.3,190,82.4,625,82.5,6,82.7,500,,,,,,,,,,,,
2026-07-01T09:43:53.917280+00:00,2026-07-01T19:43:53.915279,1,3,82.3,0.2,82.2,1327,,,,,,,,,,,,,,,,,,,82.4,825,82.5,6,82.7,500,,,,,,,,,,,,,,
2026-07-01T09:43:53.972279+00:00,2026-07-01T19:43:53.969280,1,3,82.3,0.2,82.2,702,,,,,,,,,,,,,,,,,,,82.4,825,82.5,6,82.7,500,,,,,,,,,,,,,,
2026-07-01T09:43:53.983280+00:00,2026-07-01T19:43:53.978279,2,3,82.3,0.2,82.2,702,82.1,625,,,,,,,,,,,,,,,,,82.4,200,82.5,6,82.7,500,,,,,,,,,,,,,,
2026-07-01T09:43:53.994280+00:00,2026-07-01T19:43:53.985280,2,3,82.3,0.2,82.2,77,82.1,625,,,,,,,,,,,,,,,,,82.4,200,82.5,6,82.7,500,,,,,,,,,,,,,,
2026-07-01T09:43:54.027280+00:00,2026-07-01T19:43:54.019281,2,3,82.3,0.2,82.2,85,82.1,625,,,,,,,,,,,,,,,,,82.4,200,82.5,6,82.7,500,,,,,,,,,,,,,,
2026-07-01T09:43:54.115281+00:00,2026-07-01T19:43:54.106281,2,2,82.3,0.2,82.2,85,82.1,625,,,,,,,,,,,,,,,,,82.4,200,82.5,6,,,,,,,,,,,,,,,,
2026-07-01T09:43:54.126280+00:00,2026-07-01T19:43:54.118280,2,2,82.3,0.2,82.2,585,82.1,625,,,,,,,,,,,,,,,,,82.4,200,82.5,6,,,,,,,,,,,,,,,,
2026-07-01T09:43:54.137281+00:00,2026-07-01T19:43:54.128281,2,3,82.3,0.2,82.2,585,82.1,625,,,,,,,,,,,,,,,,,82.4,200,82.5,6,82.7,500,,,,,,,,,,,,,,
2026-07-01T09:43:54.181281+00:00,2026-07-01T19:43:54.175281,2,3,82.3,0.2,82.2,585,82.1,625,,,,,,,,,,,,,,,,,82.4,200,82.5,5,82.7,500,,,,,,,,,,,,,,
2026-07-01T09:43:54.533280+00:00,2026-07-01T19:43:54.527281,2,3,82.3,0.2,82.2,585,82.1,625,,,,,,,,,,,,,,,,,82.4,200,82.5,4,82.7,500,,,,,,,,,,,,,,
2026-07-01T09:43:54.709279+00:00,2026-07-01T19:43:54.707279,2,3,82.3,0.2,82.2,85,82.1,625,,,,,,,,,,,,,,,,,82.4,200,82.5,4,82.7,500,,,,,,,,,,,,,,
2026-07-01T09:43:54.720279+00:00,2026-07-01T19:43:54.715279,2,2,82.3,0.2,82.2,85,82.1,625,,,,,,,,,,,,,,,,,82.4,200,82.5,4,,,,,,,,,,,,,,,,
2026-07-01T09:43:54.731280+00:00,2026-07-01T19:43:54.724280,2,2,82.3,0.2,82.2,585,82.1,625,,,,,,,,,,,,,,,,,82.4,200,82.5,4,,,,,,,,,,,,,,,,
2026-07-01T09:43:54.742279+00:00,2026-07-01T19:43:54.731280,2,3,82.3,0.2,82.2,585,82.1,625,,,,,,,,,,,,,,,,,82.4,200,82.5,4,82.7,500,,,,,,,,,,,,,,
2026-07-01T09:43:54.929280+00:00,2026-07-01T19:43:54.921280,2,3,82.3,0.2,82.2,585,82.1,625,,,,,,,,,,,,,,,,,82.4,200,82.5,3,82.7,500,,,,,,,,,,,,,,
2026-07-01T09:43:55.119280+00:00,2026-07-01T19:43:55.118280,2,3,82.3,0.2,82.2,508,82.1,625,,,,,,,,,,,,,,,,,82.4,200,82.5,3,82.7,500,,,,,,,,,,,,,,
2026-07-01T09:43:55.130280+00:00,2026-07-01T19:43:55.128281,2,3,82.25,0.1,82.2,508,82.1,825,,,,,,,,,,,,,,,,,82.3,200,82.5,3,82.7,500,,,,,,,,,,,,,,
2026-07-01T09:43:55.295466+00:00,2026-07-01T19:43:55.292465,3,2,82.45,0.1,82.4,425,82.2,508,82.1,200,,,,,,,,,,,,,,,82.5,3,82.7,500,,,,,,,,,,,,,,,,
2026-07-01T09:43:55.306465+00:00,2026-07-01T19:43:55.299465,3,2,82.45,0.1,82.4,425,82.2,508,82.1,200,,,,,,,,,,,,,,,82.5,628,82.7,500,,,,,,,,,,,,,,,,
2026-07-01T09:43:55.317466+00:00,2026-07-01T19:43:55.316466,3,1,82.45,0.1,82.4,425,82.2,8,82.1,200,,,,,,,,,,,,,,,82.5,628,,,,,,,,,,,,,,,,,,
2026-07-01T09:43:55.328466+00:00,2026-07-01T19:43:55.324465,3,1,82.45,0.1,82.4,425,82.2,508,82.1,200,,,,,,,,,,,,,,,82.5,628,,,,,,,,,,,,,,,,,,
2026-07-01T09:43:55.339465+00:00,2026-07-01T19:43:55.330466,3,2,82.45,0.1,82.4,425,82.2,508,82.1,200,,,,,,,,,,,,,,,82.5,628,82.7,500,,,,,,,,,,,,,,,,
2026-07-01T09:43:55.691466+00:00,2026-07-01T19:43:55.688465,3,2,82.45,0.1,82.4,405,82.2,508,82.1,200,,,,,,,,,,,,,,,82.5,628,82.7,500,,,,,,,,,,,,,,,,
2026-07-01T09:43:55.911465+00:00,2026-07-01T19:43:55.910466,3,2,82.45,0.1,82.4,405,82.2,8,82.1,200,,,,,,,,,,,,,,,82.5,628,82.7,500,,,,,,,,,,,,,,,,
2026-07-01T09:43:55.922465+00:00,2026-07-01T19:43:55.920466,3,1,82.45,0.1,82.4,405,82.2,8,82.1,200,,,,,,,,,,,,,,,82.5,628,,,,,,,,,,,,,,,,,,
2026-07-01T09:43:55.933466+00:00,2026-07-01T19:43:55.926466,3,1,82.45,0.1,82.4,405,82.2,8,82.1,700,,,,,,,,,,,,,,,82.5,628,,,,,,,,,,,,,,,,,,
2026-07-01T09:43:55.944466+00:00,2026-07-01T19:43:55.934465,3,2,82.45,0.1,82.4,405,82.2,8,82.1,700,,,,,,,,,,,,,,,82.5,628,82.7,500,,,,,,,,,,,,,,,,
2026-07-01T09:43:56.340005+00:00,2026-07-01T19:43:56.338005,3,2,82.45,0.1,82.4,405,82.2,8,82.1,500,,,,,,,,,,,,,,,82.5,428,82.7,500,,,,,,,,,,,,,,,,
2026-07-01T09:43:56.351005+00:00,2026-07-01T19:43:56.341005,3,3,82.45,0.1,82.4,405,82.2,8,82.1,500,,,,,,,,,,,,,,,82.5,428,82.6,200,82.7,500,,,,,,,,,,,,,,
2026-07-01T09:43:56.516006+00:00,2026-07-01T19:43:56.514005,2,3,82.45,0.1,82.4,405,82.2,8,,,,,,,,,,,,,,,,,82.5,428,82.6,200,82.7,500,,,,,,,,,,,,,,
2026-07-01T09:43:56.527005+00:00,2026-07-01T19:43:56.522006,2,2,82.45,0.1,82.4,405,82.2,8,,,,,,,,,,,,,,,,,82.5,428,82.6,200,,,,,,,,,,,,,,,,
2026-07-01T09:43:56.538006+00:00,2026-07-01T19:43:56.536005,2,3,82.45,0.1,82.4,405,82.2,508,,,,,,,,,,,,,,,,,82.5,428,82.6,200,82.7,500,,,,,,,,,,,,,,
2026-07-01T09:43:56.582005+00:00,2026-07-01T19:43:56.579005,2,3,82.45,0.1,82.4,405,82.2,508,,,,,,,,,,,,,,,,,82.5,431,82.6,200,82.7,500,,,,,,,,,,,,,,
2026-07-01T09:43:56.604006+00:00,2026-07-01T19:43:56.603005,1,3,82.35,0.3,82.2,1133,,,,,,,,,,,,,,,,,,,82.5,3,82.6,200,82.7,500,,,,,,,,,,,,,,
2026-07-01T09:43:56.615005+00:00,2026-07-01T19:43:56.611005,1,4,82.3,0.2,82.2,1133,,,,,,,,,,,,,,,,,,,82.4,625,82.5,3,82.6,200,82.7,500,,,,,,,,,,,,
2026-07-01T09:43:57.121005+00:00,2026-07-01T19:43:57.117006,1,4,82.3,0.2,82.2,633,,,,,,,,,,,,,,,,,,,82.4,625,82.5,3,82.6,200,82.7,500,,,,,,,,,,,,
2026-07-01T09:43:57.132006+00:00,2026-07-01T19:43:57.126005,1,3,82.3,0.2,82.2,633,,,,,,,,,,,,,,,,,,,82.4,625,82.5,3,82.6,200,,,,,,,,,,,,,,
2026-07-01T09:43:57.143005+00:00,2026-07-01T19:43:57.142005,1,4,82.3,0.2,82.2,1133,,,,,,,,,,,,,,,,,,,82.4,625,82.5,3,82.6,200,82.7,500,,,,,,,,,,,,
2026-07-01T09:43:57.549248+00:00,2026-07-01T19:43:57.547248,2,3,82.35,0.1,82.3,200,82.2,1133,,,,,,,,,,,,,,,,,82.4,625,82.5,3,82.7,500,,,,,,,,,,,,,,
2026-07-01T09:43:57.560248+00:00,2026-07-01T19:43:57.557248,2,3,82.35,0.1,82.3,200,82.2,1133,,,,,,,,,,,,,,,,,82.4,625,82.5,203,82.7,500,,,,,,,,,,,,,,
2026-07-01T09:43:57.604248+00:00,2026-07-01T19:43:57.597248,2,3,82.35,0.1,82.3,165,82.2,1133,,,,,,,,,,,,,,,,,82.4,625,82.5,203,82.7,500,,,,,,,,,,,,,,
2026-07-01T09:43:57.692248+00:00,2026-07-01T19:43:57.689248,2,3,82.35,0.1,82.3,130,82.2,1133,,,,,,,,,,,,,,,,,82.4,625,82.5,203,82.7,500,,,,,,,,,,,,,,
2026-07-01T09:43:57.725248+00:00,2026-07-01T19:43:57.719248,2,3,82.35,0.1,82.3,130,82.2,633,,,,,,,,,,,,,,,,,82.4,625,82.5,203,82.7,500,,,,,,,,,,,,,,
2026-07-01T09:43:57.736248+00:00,2026-07-01T19:43:57.727248,2,2,82.35,0.1,82.3,130,82.2,633,,,,,,,,,,,,,,,,,82.4,625,82.5,203,,,,,,,,,,,,,,,,
2026-07-01T09:43:57.747248+00:00,2026-07-01T19:43:57.745248,2,3,82.35,0.1,82.3,130,82.2,1133,,,,,,,,,,,,,,,,,82.4,625,82.5,203,82.7,500,,,,,,,,,,,,,,
2026-07-01T09:43:57.791248+00:00,2026-07-01T19:43:57.782248,2,3,82.35,0.1,82.3,102,82.2,1133,,,,,,,,,,,,,,,,,82.4,625,82.5,203,82.7,500,,,,,,,,,,,,,,
2026-07-01T09:43:57.835248+00:00,2026-07-01T19:43:57.825248,2,3,82.35,0.1,82.3,102,82.2,1133,,,,,,,,,,,,,,,,,82.4,615,82.5,203,82.7,500,,,,,,,,,,,,,,
2026-07-01T09:43:57.901248+00:00,2026-07-01T19:43:57.892248,2,3,82.35,0.1,82.3,102,82.2,1131,,,,,,,,,,,,,,,,,82.4,615,82.5,203,82.7,500,,,,,,,,,,,,,,
2026-07-01T09:43:57.912248+00:00,2026-07-01T19:43:57.909247,2,3,82.35,0.1,82.3,102,82.2,506,,,,,,,,,,,,,,,,,82.4,615,82.5,203,82.7,500,,,,,,,,,,,,,,
2026-07-01T09:43:57.923248+00:00,2026-07-01T19:43:57.919248,2,2,82.4,0.2,82.3,727,82.2,506,,,,,,,,,,,,,,,,,82.5,203,82.7,500,,,,,,,,,,,,,,,,
2026-07-01T09:43:57.934248+00:00,2026-07-01T19:43:57.923248,2,2,82.4,0.2,82.3,727,82.2,506,,,,,,,,,,,,,,,,,82.5,828,82.7,500,,,,,,,,,,,,,,,,
2026-07-01T09:43:58.296815+00:00,2026-07-01T19:43:58.286257,2,2,82.4,0.2,82.3,727,82.2,505,,,,,,,,,,,,,,,,,82.5,828,82.7,500,,,,,,,,,,,,,,,,
2026-07-01T09:43:58.329815+00:00,2026-07-01T19:43:58.321815,2,2,82.4,0.2,82.3,727,82.2,5,,,,,,,,,,,,,,,,,82.5,828,82.7,500,,,,,,,,,,,,,,,,
2026-07-01T09:43:58.340815+00:00,2026-07-01T19:43:58.337815,2,1,82.4,0.2,82.3,727,82.2,505,,,,,,,,,,,,,,,,,82.5,828,,,,,,,,,,,,,,,,,,
2026-07-01T09:43:58.351815+00:00,2026-07-01T19:43:58.346807,2,2,82.4,0.2,82.3,727,82.2,505,,,,,,,,,,,,,,,,,82.5,828,82.7,500,,,,,,,,,,,,,,,,
2026-07-01T09:43:58.758815+00:00,2026-07-01T19:43:58.756806,2,2,82.4,0.2,82.3,625,82.2,505,,,,,,,,,,,,,,,,,82.5,628,82.7,500,,,,,,,,,,,,,,,,
2026-07-01T09:43:58.769815+00:00,2026-07-01T19:43:58.763815,2,2,82.4,0.2,82.3,825,82.2,505,,,,,,,,,,,,,,,,,82.5,828,82.7,500,,,,,,,,,,,,,,,,
2026-07-01T09:43:58.835815+00:00,2026-07-01T19:43:58.833815,2,2,82.4,0.2,82.3,825,82.2,504,,,,,,,,,,,,,,,,,82.5,828,82.7,500,,,,,,,,,,,,,,,,
2026-07-01T09:43:58.956815+00:00,2026-07-01T19:43:58.948815,2,2,82.4,0.2,82.3,825,82.2,4,,,,,,,,,,,,,,,,,82.5,828,82.7,500,,,,,,,,,,,,,,,,
2026-07-01T09:43:58.967816+00:00,2026-07-01T19:43:58.963815,2,1,82.4,0.2,82.3,825,82.2,504,,,,,,,,,,,,,,,,,82.5,828,,,,,,,,,,,,,,,,,,
2026-07-01T09:43:58.978815+00:00,2026-07-01T19:43:58.975815,2,2,82.4,0.2,82.3,825,82.2,504,,,,,,,,,,,,,,,,,82.5,828,82.7,500,,,,,,,,,,,,,,,,
2026-07-01T09:43:58.989815+00:00,2026-07-01T19:43:58.980815,2,2,82.4,0.2,82.3,825,82.2,503,,,,,,,,,,,,,,,,,82.5,828,82.7,500,,,,,,,,,,,,,,,,
2026-07-01T09:43:59.187806+00:00,2026-07-01T19:43:59.179806,2,2,82.4,0.2,82.3,805,82.2,503,,,,,,,,,,,,,,,,,82.5,828,82.7,500,,,,,,,,,,,,,,,,
2026-07-01T09:43:59.231806+00:00,2026-07-01T19:43:59.229806,2,2,82.4,0.2,82.3,825,82.2,503,,,,,,,,,,,,,,,,,82.5,203,82.7,500,,,,,,,,,,,,,,,,
2026-07-01T09:43:59.253806+00:00,2026-07-01T19:43:59.246806,2,2,82.4,0.2,82.3,825,82.2,503,,,,,,,,,,,,,,,,,82.5,828,82.7,500,,,,,,,,,,,,,,,,
2026-07-01T09:43:59.418806+00:00,2026-07-01T19:43:59.412806,2,2,82.4,0.2,82.3,790,82.2,503,,,,,,,,,,,,,,,,,82.5,828,82.7,500,,,,,,,,,,,,,,,,
2026-07-01T09:43:59.517806+00:00,2026-07-01T19:43:59.506806,2,2,82.4,0.2,82.3,755,82.2,503,,,,,,,,,,,,,,,,,82.5,828,82.7,500,,,,,,,,,,,,,,,,
2026-07-01T09:43:59.561806+00:00,2026-07-01T19:43:59.559806,2,1,82.4,0.2,82.3,755,82.2,3,,,,,,,,,,,,,,,,,82.5,828,,,,,,,,,,,,,,,,,,
2026-07-01T09:43:59.572806+00:00,2026-07-01T19:43:59.567806,3,1,82.4,0.2,82.3,755,82.2,3,82.1,500,,,,,,,,,,,,,,,82.5,828,,,,,,,,,,,,,,,,,,
2026-07-01T09:43:59.583806+00:00,2026-07-01T19:43:59.573806,3,2,82.4,0.2,82.3,755,82.2,3,82.1,500,,,,,,,,,,,,,,,82.5,828,82.6,500,,,,,,,,,,,,,,,,
2026-07-01T09:43:59.605806+00:00,2026-07-01T19:43:59.601806,3,2,82.4,0.2,82.3,745,82.2,3,82.1,500,,,,,,,,,,,,,,,82.5,828,82.6,500,,,,,,,,,,,,,,,,
2026-07-01T09:43:59.913807+00:00,2026-07-01T19:43:59.906807,3,2,82.4,0.2,82.3,745,82.2,2,82.1,500,,,,,,,,,,,,,,,82.5,828,82.6,500,,,,,,,,,,,,,,,,
2026-07-01T09:43:59.968806+00:00,2026-07-01T19:43:59.966807,3,2,82.4,0.2,82.3,625,82.2,2,82.1,500,,,,,,,,,,,,,,,82.5,828,82.6,500,,,,,,,,,,,,,,,,
2026-07-01T09:43:59.979806+00:00,2026-07-01T19:43:59.973807,3,2,82.4,0.2,82.3,625,82.2,2,82.1,700,,,,,,,,,,,,,,,82.5,628,82.6,500,,,,,,,,,,,,,,,,
2026-07-01T09:43:59.990807+00:00,2026-07-01T19:43:59.979806,3,2,82.4,0.2,82.3,425,82.2,2,82.1,700,,,,,,,,,,,,,,,82.5,628,82.6,500,,,,,,,,,,,,,,,,
2026-07-01T09:44:00.155806+00:00,2026-07-01T19:44:00.153806,3,2,82.4,0.2,82.3,425,82.2,2,82.1,200,,,,,,,,,,,,,,,82.5,628,82.6,500,,,,,,,,,,,,,,,,
2026-07-01T09:44:00.166806+00:00,2026-07-01T19:44:00.164806,3,1,82.4,0.2,82.3,425,82.2,2,82.1,200,,,,,,,,,,,,,,,82.5,628,,,,,,,,,,,,,,,,,,
2026-07-01T09:44:00.177806+00:00,2026-07-01T19:44:00.172806,3,1,82.4,0.2,82.3,425,82.2,2,82.1,700,,,,,,,,,,,,,,,82.5,628,,,,,,,,,,,,,,,,,,
2026-07-01T09:44:00.188806+00:00,2026-07-01T19:44:00.181806,3,2,82.4,0.2,82.3,425,82.2,2,82.1,700,,,,,,,,,,,,,,,82.5,628,82.6,500,,,,,,,,,,,,,,,,
2026-07-01T09:44:00.551806+00:00,2026-07-01T19:44:00.549806,2,2,82.35,0.3,82.2,2,82.1,700,,,,,,,,,,,,,,,,,82.5,3,82.6,500,,,,,,,,,,,,,,,,
2026-07-01T09:44:00.562806+00:00,2026-07-01T19:44:00.553806,3,2,82.4,0.2,82.3,625,82.2,2,82.1,700,,,,,,,,,,,,,,,82.5,628,82.6,500,,,,,,,,,,,,,,,,
2026-07-01T09:44:00.760807+00:00,2026-07-01T19:44:00.759806,3,2,82.4,0.2,82.3,625,82.2,2,82.1,200,,,,,,,,,,,,,,,82.5,628,82.6,500,,,,,,,,,,,,,,,,
2026-07-01T09:44:00.771806+00:00,2026-07-01T19:44:00.769806,3,1,82.4,0.2,82.3,625,82.2,2,82.1,200,,,,,,,,,,,,,,,82.5,628,,,,,,,,,,,,,,,,,,
2026-07-01T09:44:00.782806+00:00,2026-07-01T19:44:00.780806,3,1,82.4,0.2,82.3,625,82.2,2,82.1,700,,,,,,,,,,,,,,,82.5,628,,,,,,,,,,,,,,,,,,
2026-07-01T09:44:00.793806+00:00,2026-07-01T19:44:00.790806,3,2,82.4,0.2,82.3,625,82.2,2,82.1,700,,,,,,,,,,,,,,,82.5,628,82.6,500,,,,,,,,,,,,,,,,
2026-07-01T09:44:01.189806+00:00,2026-07-01T19:44:01.186806,3,2,82.4,0.2,82.3,825,82.2,2,82.1,500,,,,,,,,,,,,,,,82.5,628,82.6,500,,,,,,,,,,,,,,,,
2026-07-01T09:44:01.200806+00:00,2026-07-01T19:44:01.190807,3,2,82.4,0.2,82.3,825,82.2,2,82.1,500,,,,,,,,,,,,,,,82.5,828,82.6,500,,,,,,,,,,,,,,,,
2026-07-01T09:44:01.365806+00:00,2026-07-01T19:44:01.360806,2,2,82.4,0.2,82.3,825,82.2,2,,,,,,,,,,,,,,,,,82.5,828,82.6,500,,,,,,,,,,,,,,,,
2026-07-01T09:44:01.376806+00:00,2026-07-01T19:44:01.368806,2,1,82.4,0.2,82.3,825,82.2,2,,,,,,,,,,,,,,,,,82.5,828,,,,,,,,,,,,,,,,,,
2026-07-01T09:44:01.387806+00:00,2026-07-01T19:44:01.383806,2,2,82.4,0.2,82.3,825,82.2,502,,,,,,,,,,,,,,,,,82.5,828,82.7,500,,,,,,,,,,,,,,,,
2026-07-01T09:44:01.860806+00:00,2026-07-01T19:44:01.857806,2,2,82.4,0.2,82.3,200,82.2,502,,,,,,,,,,,,,,,,,82.5,828,82.7,500,,,,,,,,,,,,,,,,
2026-07-01T09:44:01.871806+00:00,2026-07-01T19:44:01.864806,2,3,82.35,0.1,82.3,200,82.2,1127,,,,,,,,,,,,,,,,,82.4,625,82.5,203,82.7,500,,,,,,,,,,,,,,
2026-07-01T09:44:01.970807+00:00,2026-07-01T19:44:01.969806,2,2,82.35,0.1,82.3,200,82.2,627,,,,,,,,,,,,,,,,,82.4,625,82.5,203,,,,,,,,,,,,,,,,
2026-07-01T09:44:01.981806+00:00,2026-07-01T19:44:01.977806,2,2,82.35,0.1,82.3,200,82.2,1127,,,,,,,,,,,,,,,,,82.4,625,82.5,203,,,,,,,,,,,,,,,,
2026-07-01T09:44:01.992806+00:00,2026-07-01T19:44:01.987806,2,3,82.35,0.1,82.3,200,82.2,1127,,,,,,,,,,,,,,,,,82.4,625,82.5,203,82.7,500,,,,,,,,,,,,,,
2026-07-01T09:44:02.399806+00:00,2026-07-01T19:44:02.397806,1,3,82.3,0.2,82.2,1127,,,,,,,,,,,,,,,,,,,82.4,625,82.5,3,82.7,500,,,,,,,,,,,,,,
2026-07-01T09:44:02.410806+00:00,2026-07-01T19:44:02.405806,1,3,82.3,0.2,82.2,1127,,,,,,,,,,,,,,,,,,,82.4,425,82.5,203,82.7,500,,,,,,,,,,,,,,
2026-07-01T09:44:02.575806+00:00,2026-07-01T19:44:02.573806,1,2,82.3,0.2,82.2,627,,,,,,,,,,,,,,,,,,,82.4,425,82.5,203,,,,,,,,,,,,,,,,
2026-07-01T09:44:02.586806+00:00,2026-07-01T19:44:02.581806,1,2,82.3,0.2,82.2,1127,,,,,,,,,,,,,,,,,,,82.4,425,82.5,203,,,,,,,,,,,,,,,,
2026-07-01T09:44:02.597806+00:00,2026-07-01T19:44:02.590807,1,3,82.3,0.2,82.2,1127,,,,,,,,,,,,,,,,,,,82.4,425,82.5,203,82.7,500,,,,,,,,,,,,,,
2026-07-01T09:44:03.169806+00:00,2026-07-01T19:44:03.168806,1,3,82.3,0.2,82.2,502,,,,,,,,,,,,,,,,,,,82.4,425,82.5,203,82.7,500,,,,,,,,,,,,,,
2026-07-01T09:44:03.180806+00:00,2026-07-01T19:44:03.178806,1,2,82.3,0.2,82.2,2,,,,,,,,,,,,,,,,,,,82.4,425,82.5,203,,,,,,,,,,,,,,,,
2026-07-01T09:44:03.191807+00:00,2026-07-01T19:44:03.188806,1,2,82.3,0.2,82.2,502,,,,,,,,,,,,,,,,,,,82.4,425,82.5,203,,,,,,,,,,,,,,,,
2026-07-01T09:44:03.202806+00:00,2026-07-01T19:44:03.195806,1,3,82.3,0.2,82.2,502,,,,,,,,,,,,,,,,,,,82.4,425,82.5,203,82.8,500,,,,,,,,,,,,,,
2026-07-01T09:44:03.213807+00:00,2026-07-01T19:44:03.212806,2,2,82.4,0.2,82.3,625,82.2,502,,,,,,,,,,,,,,,,,82.5,828,82.8,500,,,,,,,,,,,,,,,,
2026-07-01T09:44:03.609356+00:00,2026-07-01T19:44:03.608357,2,2,82.4,0.2,82.3,625,82.2,502,,,,,,,,,,,,,,,,,82.5,628,82.8,500,,,,,,,,,,,,,,,,
2026-07-01T09:44:03.620357+00:00,2026-07-01T19:44:03.613357,3,3,82.45,0.1,82.4,200,82.3,625,82.2,502,,,,,,,,,,,,,,,82.5,628,82.6,200,82.8,500,,,,,,,,,,,,,,
2026-07-01T09:44:03.785357+00:00,2026-07-01T19:44:03.784357,3,2,82.45,0.1,82.4,200,82.3,625,82.2,2,,,,,,,,,,,,,,,82.5,628,82.6,200,,,,,,,,,,,,,,,,
2026-07-01T09:44:03.796356+00:00,2026-07-01T19:44:03.793357,3,2,82.45,0.1,82.4,200,82.3,625,82.2,502,,,,,,,,,,,,,,,82.5,628,82.6,200,,,,,,,,,,,,,,,,
2026-07-01T09:44:03.807357+00:00,2026-07-01T19:44:03.801357,3,3,82.45,0.1,82.4,200,82.3,625,82.2,502,,,,,,,,,,,,,,,82.5,628,82.6,200,82.7,500,,,,,,,,,,,,,,
2026-07-01T09:44:04.379357+00:00,2026-07-01T19:44:04.374356,3,3,82.45,0.1,82.4,200,82.3,625,82.2,2,,,,,,,,,,,,,,,82.5,628,82.6,200,82.7,500,,,,,,,,,,,,,,
2026-07-01T09:44:04.390357+00:00,2026-07-01T19:44:04.382357,3,2,82.45,0.1,82.4,200,82.3,625,82.2,2,,,,,,,,,,,,,,,82.5,628,82.6,200,,,,,,,,,,,,,,,,
2026-07-01T09:44:04.401357+00:00,2026-07-01T19:44:04.398357,3,3,82.45,0.1,82.4,200,82.3,625,82.2,502,,,,,,,,,,,,,,,82.5,628,82.6,200,82.7,500,,,,,,,,,,,,,,
2026-07-01T09:44:04.522357+00:00,2026-07-01T19:44:04.521357,2,3,82.45,0.1,82.4,825,82.2,502,,,,,,,,,,,,,,,,,82.5,3,82.6,825,82.7,500,,,,,,,,,,,,,,
2026-07-01T09:44:04.819356+00:00,2026-07-01T19:44:04.818356,2,3,82.45,0.1,82.4,625,82.2,502,,,,,,,,,,,,,,,,,82.5,3,82.6,625,82.7,500,,,,,,,,,,,,,,
2026-07-01T09:44:04.830356+00:00,2026-07-01T19:44:04.821356,2,3,82.45,0.1,82.4,825,82.2,502,,,,,,,,,,,,,,,,,82.5,3,82.6,825,82.7,500,,,,,,,,,,,,,,
2026-07-01T09:44:05.006356+00:00,2026-07-01T19:44:05.005356,2,3,82.45,0.1,82.4,825,82.2,2,,,,,,,,,,,,,,,,,82.5,3,82.6,825,82.7,500,,,,,,,,,,,,,,
2026-07-01T09:44:05.017356+00:00,2026-07-01T19:44:05.010357,2,2,82.45,0.1,82.4,825,82.2,2,,,,,,,,,,,,,,,,,82.5,3,82.6,825,,,,,,,,,,,,,,,,
2026-07-01T09:44:05.028356+00:00,2026-07-01T19:44:05.024357,3,2,82.45,0.1,82.4,825,82.2,2,82.1,500,,,,,,,,,,,,,,,82.5,3,82.6,1325,,,,,,,,,,,,,,,,
2026-07-01T09:44:05.611356+00:00,2026-07-01T19:44:05.604356,2,2,82.45,0.1,82.4,825,82.2,2,,,,,,,,,,,,,,,,,82.5,3,82.6,1325,,,,,,,,,,,,,,,,
2026-07-01T09:44:05.622357+00:00,2026-07-01T19:44:05.620357,3,2,82.45,0.1,82.4,825,82.2,2,82.1,500,,,,,,,,,,,,,,,82.5,3,82.6,825,,,,,,,,,,,,,,,,
2026-07-01T09:44:05.633357+00:00,2026-07-01T19:44:05.629357,3,2,82.45,0.1,82.4,825,82.2,2,82.1,500,,,,,,,,,,,,,,,82.5,3,82.6,1325,,,,,,,,,,,,,,,,
2026-07-01T09:44:05.831357+00:00,2026-07-01T19:44:05.829357,3,2,82.45,0.1,82.4,825,82.2,2,82.1,500,,,,,,,,,,,,,,,82.5,3,82.6,1325,,,,,,,,,,,,,,,,
2026-07-01T09:44:06.051357+00:00,2026-07-01T19:44:06.044357,3,2,82.45,0.1,82.4,625,82.2,2,82.1,500,,,,,,,,,,,,,,,82.5,3,82.6,1325,,,,,,,,,,,,,,,,
2026-07-01T09:44:06.062357+00:00,2026-07-01T19:44:06.060357,3,2,82.45,0.1,82.4,425,82.2,202,82.1,500,,,,,,,,,,,,,,,82.5,3,82.6,1125,,,,,,,,,,,,,,,,
2026-07-01T09:44:06.215914+00:00,2026-07-01T19:44:06.214915,2,2,82.45,0.1,82.4,425,82.2,202,,,,,,,,,,,,,,,,,82.5,3,82.6,625,,,,,,,,,,,,,,,,
2026-07-01T09:44:06.226915+00:00,2026-07-01T19:44:06.221915,3,2,82.45,0.1,82.4,425,82.2,202,82.1,500,,,,,,,,,,,,,,,82.5,3,82.6,625,,,,,,,,,,,,,,,,
2026-07-01T09:44:06.237915+00:00,2026-07-01T19:44:06.228915,3,2,82.45,0.1,82.4,425,82.2,202,82.1,500,,,,,,,,,,,,,,,82.5,3,82.6,1125,,,,,,,,,,,,,,,,
2026-07-01T09:44:06.820915+00:00,2026-07-01T19:44:06.819914,2,2,82.45,0.1,82.4,425,82.2,202,,,,,,,,,,,,,,,,,82.5,3,82.6,625,,,,,,,,,,,,,,,,
2026-07-01T09:44:06.842914+00:00,2026-07-01T19:44:06.836915,3,2,82.45,0.1,82.4,425,82.2,202,82.1,500,,,,,,,,,,,,,,,82.5,3,82.6,1125,,,,,,,,,,,,,,,,
2026-07-01T09:44:06.853914+00:00,2026-07-01T19:44:06.850915,3,1,82.5,0.2,82.4,425,82.2,202,82.1,500,,,,,,,,,,,,,,,82.6,1125,,,,,,,,,,,,,,,,,,
2026-07-01T09:44:06.897915+00:00,2026-07-01T19:44:06.890915,3,1,82.5,0.2,82.4,425,82.2,202,82.1,500,,,,,,,,,,,,,,,82.6,1132,,,,,,,,,,,,,,,,,,
2026-07-01T09:44:07.084915+00:00,2026-07-01T19:44:07.073914,3,1,82.5,0.2,82.4,425,82.2,202,82.1,500,,,,,,,,,,,,,,,82.6,1112,,,,,,,,,,,,,,,,,,
2026-07-01T09:44:07.139915+00:00,2026-07-01T19:44:07.136914,3,2,82.35,0.1,82.3,625,82.2,202,82.1,500,,,,,,,,,,,,,,,82.4,625,82.6,507,,,,,,,,,,,,,,,,
2026-07-01T09:44:07.271914+00:00,2026-07-01T19:44:07.269914,3,2,82.35,0.1,82.3,825,82.2,2,82.1,500,,,,,,,,,,,,,,,82.4,625,82.6,507,,,,,,,,,,,,,,,,
2026-07-01T09:44:07.282914+00:00,2026-07-01T19:44:07.272054,3,2,82.35,0.1,82.3,825,82.2,2,82.1,500,,,,,,,,,,,,,,,82.4,825,82.6,507,,,,,,,,,,,,,,,,
2026-07-01T09:44:07.392914+00:00,2026-07-01T19:44:07.384915,3,2,82.35,0.1,82.3,825,82.2,2,82.1,500,,,,,,,,,,,,,,,82.4,825,82.6,506,,,,,,,,,,,,,,,,
2026-07-01T09:44:07.414915+00:00,2026-07-01T19:44:07.411915,2,2,82.35,0.1,82.3,825,82.2,2,,,,,,,,,,,,,,,,,82.4,825,82.6,506,,,,,,,,,,,,,,,,
2026-07-01T09:44:07.425915+00:00,2026-07-01T19:44:07.421914,2,2,82.35,0.1,82.3,825,82.2,2,,,,,,,,,,,,,,,,,82.4,825,82.6,6,,,,,,,,,,,,,,,,
2026-07-01T09:44:07.436914+00:00,2026-07-01T19:44:07.427914,3,2,82.35,0.1,82.3,825,82.2,2,82.0,500,,,,,,,,,,,,,,,82.4,825,82.6,6,,,,,,,,,,,,,,,,
2026-07-01T09:44:07.447915+00:00,2026-07-01T19:44:07.437915,3,3,82.35,0.1,82.3,825,82.2,2,82.0,500,,,,,,,,,,,,,,,82.4,825,82.5,500,82.6,6,,,,,,,,,,,,,,
2026-07-01T09:44:08.019915+00:00,2026-07-01T19:44:08.013915,2,3,82.35,0.1,82.3,825,82.2,2,,,,,,,,,,,,,,,,,82.4,825,82.5,500,82.6,6,,,,,,,,,,,,,,
2026-07-01T09:44:08.030915+00:00,2026-07-01T19:44:08.021915,2,2,82.35,0.1,82.3,825,82.2,2,,,,,,,,,,,,,,,,,82.4,825,82.6,6,,,,,,,,,,,,,,,,
2026-07-01T09:44:08.041915+00:00,2026-07-01T19:44:08.038915,3,2,82.35,0.1,82.3,825,82.2,2,82.1,500,,,,,,,,,,,,,,,82.4,825,82.6,506,,,,,,,,,,,,,,,,
2026-07-01T09:44:08.206915+00:00,2026-07-01T19:44:08.195914,3,2,82.35,0.1,82.3,825,82.2,2,82.1,500,,,,,,,,,,,,,,,82.4,825,82.6,504,,,,,,,,,,,,,,,,
2026-07-01T09:44:08.459621+00:00,2026-07-01T19:44:08.454622,3,2,82.35,0.1,82.3,200,82.2,2,82.1,500,,,,,,,,,,,,,,,82.4,825,82.6,504,,,,,,,,,,,,,,,,
2026-07-01T09:44:08.470621+00:00,2026-07-01T19:44:08.466621,3,2,82.35,0.1,82.3,200,82.2,2,82.1,500,,,,,,,,,,,,,,,82.4,200,82.6,504,,,,,,,,,,,,,,,,
2026-07-01T09:44:08.481621+00:00,2026-07-01T19:44:08.480621,4,2,82.45,0.1,82.4,200,82.3,625,82.2,2,82.1,500,,,,,,,,,,,,,82.5,625,82.6,504,,,,,,,,,,,,,,,,
2026-07-01T09:44:08.492622+00:00,2026-07-01T19:44:08.482621,4,2,82.45,0.1,82.4,200,82.3,625,82.2,2,82.1,500,,,,,,,,,,,,,82.5,625,82.6,704,,,,,,,,,,,,,,,,
2026-07-01T09:44:08.624622+00:00,2026-07-01T19:44:08.616621,3,2,82.45,0.1,82.4,200,82.3,625,82.2,2,,,,,,,,,,,,,,,82.5,625,82.6,704,,,,,,,,,,,,,,,,
2026-07-01T09:44:08.635621+00:00,2026-07-01T19:44:08.632622,4,2,82.45,0.1,82.4,200,82.3,625,82.2,2,82.0,500,,,,,,,,,,,,,82.5,625,82.6,204,,,,,,,,,,,,,,,,
2026-07-01T09:44:08.646622+00:00,2026-07-01T19:44:08.641622,4,2,82.45,0.1,82.4,200,82.3,625,82.2,2,82.0,500,,,,,,,,,,,,,82.5,625,82.6,704,,,,,,,,,,,,,,,,
2026-07-01T09:44:09.196621+00:00,2026-07-01T19:44:09.195621,4,2,82.45,0.1,82.4,200,82.3,625,82.2,2,82.0,500,,,,,,,,,,,,,82.5,625,82.6,703,,,,,,,,,,,,,,,,
2026-07-01T09:44:09.229622+00:00,2026-07-01T19:44:09.224621,3,2,82.45,0.1,82.4,200,82.3,625,82.2,2,,,,,,,,,,,,,,,82.5,625,82.6,703,,,,,,,,,,,,,,,,
2026-07-01T09:44:09.240621+00:00,2026-07-01T19:44:09.233622,3,2,82.45,0.1,82.4,200,82.3,625,82.2,2,,,,,,,,,,,,,,,82.5,625,82.6,203,,,,,,,,,,,,,,,,
2026-07-01T09:44:09.251622+00:00,2026-07-01T19:44:09.249622,4,2,82.45,0.1,82.4,200,82.3,625,82.2,2,82.0,500,,,,,,,,,,,,,82.5,1125,82.6,203,,,,,,,,,,,,,,,,
2026-07-01T09:44:09.691622+00:00,2026-07-01T19:44:09.688622,3,2,82.4,0.2,82.3,625,82.2,2,82.0,500,,,,,,,,,,,,,,,82.5,1125,82.6,3,,,,,,,,,,,,,,,,
2026-07-01T09:44:09.702623+00:00,2026-07-01T19:44:09.695622,4,2,82.45,0.1,82.4,200,82.3,625,82.2,2,82.0,500,,,,,,,,,,,,,82.5,1325,82.6,3,,,,,,,,,,,,,,,,
2026-07-01T09:44:09.779623+00:00,2026-07-01T19:44:09.778622,4,2,82.45,0.1,82.4,200,82.2,2,82.1,625,82.0,500,,,,,,,,,,,,,82.5,700,82.6,3,,,,,,,,,,,,,,,,
2026-07-01T09:44:09.801623+00:00,2026-07-01T19:44:09.790857,3,3,82.25,0.1,82.2,2,82.1,625,82.0,500,,,,,,,,,,,,,,,82.3,425,82.5,700,82.6,3,,,,,,,,,,,,,,
2026-07-01T09:44:09.823624+00:00,2026-07-01T19:44:09.822623,2,3,82.25,0.1,82.2,2,82.1,625,,,,,,,,,,,,,,,,,82.3,425,82.5,700,82.6,3,,,,,,,,,,,,,,
2026-07-01T09:44:09.834623+00:00,2026-07-01T19:44:09.830622,2,3,82.25,0.1,82.2,2,82.1,625,,,,,,,,,,,,,,,,,82.3,425,82.5,200,82.6,3,,,,,,,,,,,,,,
2026-07-01T09:44:09.845622+00:00,2026-07-01T19:44:09.839622,2,3,82.25,0.1,82.2,2,82.1,1125,,,,,,,,,,,,,,,,,82.3,425,82.5,200,82.6,3,,,,,,,,,,,,,,
2026-07-01T09:44:09.856622+00:00,2026-07-01T19:44:09.854622,2,3,82.25,0.1,82.2,2,82.1,1125,,,,,,,,,,,,,,,,,82.3,425,82.5,200,82.6,503,,,,,,,,,,,,,,
2026-07-01T09:44:10.429622+00:00,2026-07-01T19:44:10.424622,2,3,82.25,0.1,82.2,2,82.1,625,,,,,,,,,,,,,,,,,82.3,425,82.5,200,82.6,503,,,,,,,,,,,,,,
2026-07-01T09:44:10.440622+00:00,2026-07-01T19:44:10.432622,2,3,82.25,0.1,82.2,2,82.1,625,,,,,,,,,,,,,,,,,82.3,425,82.5,200,82.6,3,,,,,,,,,,,,,,
2026-07-01T09:44:10.451623+00:00,2026-07-01T19:44:10.447622,2,3,82.25,0.1,82.2,2,82.1,1125,,,,,,,,,,,,,,,,,82.3,425,82.5,200,82.6,503,,,,,,,,,,,,,,
2026-07-01T09:44:10.902622+00:00,2026-07-01T19:44:10.900622,2,2,82.25,0.1,82.2,202,82.1,1125,,,,,,,,,,,,,,,,,82.3,425,82.6,503,,,,,,,,,,,,,,,,
2026-07-01T09:44:10.913622+00:00,2026-07-01T19:44:10.903621,2,3,82.25,0.1,82.2,202,82.1,1125,,,,,,,,,,,,,,,,,82.3,425,82.4,200,82.6,503,,,,,,,,,,,,,,
2026-07-01T09:44:11.078623+00:00,2026-07-01T19:44:11.074622,2,3,82.25,0.1,82.2,202,82.1,625,,,,,,,,,,,,,,,,,82.3,425,82.4,200,82.6,3,,,,,,,,,,,,,,
2026-07-01T09:44:11.089622+00:00,2026-07-01T19:44:11.083623,2,3,82.25,0.1,82.2,202,82.1,1125,,,,,,,,,,,,,,,,,82.3,425,82.4,200,82.6,3,,,,,,,,,,,,,,
2026-07-01T09:44:11.100622+00:00,2026-07-01T19:44:11.099622,2,3,82.25,0.1,82.2,202,82.1,500,,,,,,,,,,,,,,,,,82.3,425,82.4,200,82.6,503,,,,,,,,,,,,,,
2026-07-01T09:44:11.111623+00:00,2026-07-01T19:44:11.105624,2,2,82.3,0.2,82.2,827,82.1,500,,,,,,,,,,,,,,,,,82.4,825,82.6,503,,,,,,,,,,,,,,,,
2026-07-01T09:44:11.672622+00:00,2026-07-01T19:44:11.670621,1,2,82.3,0.2,82.2,827,,,,,,,,,,,,,,,,,,,82.4,825,82.6,503,,,,,,,,,,,,,,,,
2026-07-01T09:44:11.683621+00:00,2026-07-01T19:44:11.681621,1,2,82.3,0.2,82.2,827,,,,,,,,,,,,,,,,,,,82.4,825,82.6,3,,,,,,,,,,,,,,,,
2026-07-01T09:44:11.694622+00:00,2026-07-01T19:44:11.690621,2,3,82.3,0.2,82.2,827,82.1,500,,,,,,,,,,,,,,,,,82.4,825,82.6,3,82.7,500,,,,,,,,,,,,,,
2026-07-01T09:44:12.112621+00:00,2026-07-01T19:44:12.111621,2,3,82.3,0.2,82.2,827,82.1,500,,,,,,,,,,,,,,,,,82.4,825,82.6,3,82.7,500,,,,,,,,,,,,,,
2026-07-01T09:44:12.277621+00:00,2026-07-01T19:44:12.273621,1,3,82.3,0.2,82.2,827,,,,,,,,,,,,,,,,,,,82.4,825,82.6,3,82.7,500,,,,,,,,,,,,,,
2026-07-01T09:44:12.288622+00:00,2026-07-01T19:44:12.281621,1,2,82.3,0.2,82.2,827,,,,,,,,,,,,,,,,,,,82.4,825,82.6,3,,,,,,,,,,,,,,,,
2026-07-01T09:44:12.299622+00:00,2026-07-01T19:44:12.298621,1,3,82.3,0.2,82.2,1327,,,,,,,,,,,,,,,,,,,82.4,825,82.6,3,82.7,500,,,,,,,,,,,,,,
2026-07-01T09:44:12.409621+00:00,2026-07-01T19:44:12.407621,1,3,82.3,0.2,82.2,702,,,,,,,,,,,,,,,,,,,82.4,825,82.6,3,82.7,500,,,,,,,,,,,,,,
2026-07-01T09:44:12.420621+00:00,2026-07-01T19:44:12.417621,1,3,82.3,0.2,82.2,702,,,,,,,,,,,,,,,,,,,82.4,200,82.6,3,82.7,500,,,,,,,,,,,,,,
2026-07-01T09:44:12.431621+00:00,2026-07-01T19:44:12.429622,2,2,82.55,0.1,82.5,425,82.2,702,,,,,,,,,,,,,,,,,82.6,628,82.7,500,,,,,,,,,,,,,,,,
2026-07-01T09:44:12.882630+00:00,2026-07-01T19:44:12.876621,2,2,82.55,0.1,82.5,425,82.2,202,,,,,,,,,,,,,,,,,82.6,628,82.7,500,,,,,,,,,,,,,,,,
2026-07-01T09:44:12.893631+00:00,2026-07-01T19:44:12.891630,2,1,82.55,0.1,82.5,425,82.2,202,,,,,,,,,,,,,,,,,82.6,628,,,,,,,,,,,,,,,,,,
2026-07-01T09:44:12.904630+00:00,2026-07-01T19:44:12.895631,2,1,82.55,0.1,82.5,425,82.2,702,,,,,,,,,,,,,,,,,82.6,628,,,,,,,,,,,,,,,,,,
2026-07-01T09:44:12.915630+00:00,2026-07-01T19:44:12.908630,2,2,82.55,0.1,82.5,425,82.2,702,,,,,,,,,,,,,,,,,82.6,628,82.7,500,,,,,,,,,,,,,,,,
2026-07-01T09:44:13.321633+00:00,2026-07-01T19:44:13.317633,3,2,82.55,0.1,82.5,425,82.4,200,82.2,502,,,,,,,,,,,,,,,82.6,628,82.7,500,,,,,,,,,,,,,,,,
2026-07-01T09:44:13.332633+00:00,2026-07-01T19:44:13.321633,3,2,82.55,0.1,82.5,425,82.4,200,82.2,502,,,,,,,,,,,,,,,82.6,828,82.7,500,,,,,,,,,,,,,,,,
2026-07-01T09:44:13.486633+00:00,2026-07-01T19:44:13.477633,3,2,82.55,0.1,82.5,425,82.4,200,82.2,2,,,,,,,,,,,,,,,82.6,828,82.7,500,,,,,,,,,,,,,,,,
2026-07-01T09:44:13.497633+00:00,2026-07-01T19:44:13.495633,3,1,82.55,0.1,82.5,425,82.4,200,82.2,502,,,,,,,,,,,,,,,82.6,828,,,,,,,,,,,,,,,,,,
2026-07-01T09:44:13.508633+00:00,2026-07-01T19:44:13.504633,3,2,82.55,0.1,82.5,425,82.4,200,82.2,502,,,,,,,,,,,,,,,82.6,828,82.7,500,,,,,,,,,,,,,,,,
2026-07-01T09:44:13.739148+00:00,2026-07-01T19:44:13.737148,2,2,82.5,0.2,82.4,825,82.2,502,,,,,,,,,,,,,,,,,82.6,828,82.7,500,,,,,,,,,,,,,,,,
2026-07-01T09:44:14.091157+00:00,2026-07-01T19:44:14.082158,2,2,82.5,0.2,82.4,825,82.2,2,,,,,,,,,,,,,,,,,82.6,828,82.7,500,,,,,,,,,,,,,,,,
2026-07-01T09:44:14.102158+00:00,2026-07-01T19:44:14.101157,2,1,82.5,0.2,82.4,825,82.2,502,,,,,,,,,,,,,,,,,82.6,828,,,,,,,,,,,,,,,,,,
2026-07-01T09:44:14.113157+00:00,2026-07-01T19:44:14.110149,2,2,82.5,0.2,82.4,825,82.2,502,,,,,,,,,,,,,,,,,82.6,828,82.7,500,,,,,,,,,,,,,,,,
2026-07-01T09:44:14.124149+00:00,2026-07-01T19:44:14.122148,2,2,82.5,0.2,82.4,815,82.2,502,,,,,,,,,,,,,,,,,82.6,828,82.7,500,,,,,,,,,,,,,,,,
2026-07-01T09:44:14.531148+00:00,2026-07-01T19:44:14.529148,3,2,82.55,0.1,82.5,200,82.4,625,82.2,502,,,,,,,,,,,,,,,82.6,628,82.7,500,,,,,,,,,,,,,,,,
2026-07-01T09:44:14.542148+00:00,2026-07-01T19:44:14.532149,3,2,82.55,0.1,82.5,200,82.4,625,82.2,502,,,,,,,,,,,,,,,82.6,628,82.7,700,,,,,,,,,,,,,,,,
2026-07-01T09:44:14.685149+00:00,2026-07-01T19:44:14.684148,3,2,82.55,0.1,82.5,200,82.4,625,82.2,2,,,,,,,,,,,,,,,82.6,628,82.7,700,,,,,,,,,,,,,,,,
2026-07-01T09:44:14.696149+00:00,2026-07-01T19:44:14.692149,3,2,82.55,0.1,82.5,200,82.4,625,82.2,2,,,,,,,,,,,,,,,82.6,628,82.7,200,,,,,,,,,,,,,,,,
2026-07-01T09:44:14.707149+00:00,2026-07-01T19:44:14.702148,3,2,82.55,0.1,82.5,200,82.4,625,82.2,502,,,,,,,,,,,,,,,82.6,628,82.7,200,,,,,,,,,,,,,,,,
2026-07-01T09:44:14.718148+00:00,2026-07-01T19:44:14.709148,3,2,82.55,0.1,82.5,200,82.4,625,82.2,502,,,,,,,,,,,,,,,82.6,628,82.7,700,,,,,,,,,,,,,,,,
2026-07-01T09:44:15.048148+00:00,2026-07-01T19:44:15.044149,3,2,82.55,0.1,82.5,200,82.2,502,82.1,625,,,,,,,,,,,,,,,82.6,3,82.7,700,,,,,,,,,,,,,,,,
2026-07-01T09:44:15.059148+00:00,2026-07-01T19:44:15.048148,2,3,82.25,0.1,82.2,502,82.1,625,,,,,,,,,,,,,,,,,82.3,425,82.6,3,82.7,700,,,,,,,,,,,,,,
2026-07-01T09:44:15.290149+00:00,2026-07-01T19:44:15.287149,2,3,82.25,0.1,82.2,2,82.1,625,,,,,,,,,,,,,,,,,82.3,425,82.6,3,82.7,700,,,,,,,,,,,,,,
2026-07-01T09:44:15.301149+00:00,2026-07-01T19:44:15.297148,2,3,82.25,0.1,82.2,2,82.1,625,,,,,,,,,,,,,,,,,82.3,425,82.6,3,82.7,200,,,,,,,,,,,,,,
2026-07-01T09:44:15.312149+00:00,2026-07-01T19:44:15.305149,2,3,82.25,0.1,82.2,502,82.1,625,,,,,,,,,,,,,,,,,82.3,425,82.6,3,82.7,200,,,,,,,,,,,,,,
2026-07-01T09:44:15.323149+00:00,2026-07-01T19:44:15.317148,2,4,82.25,0.1,82.2,502,82.1,625,,,,,,,,,,,,,,,,,82.3,425,82.6,3,82.7,200,82.8,500,,,,,,,,,,,,
2026-07-01T09:44:15.510148+00:00,2026-07-01T19:44:15.503148,2,4,82.25,0.1,82.2,502,82.1,625,,,,,,,,,,,,,,,,,82.3,425,82.6,2,82.7,200,82.8,500,,,,,,,,,,,,
2026-07-01T09:44:15.741148+00:00,2026-07-01T19:44:15.741148,2,3,82.25,0.1,82.2,502,82.1,625,,,,,,,,,,,,,,,,,82.3,225,82.6,2,82.8,500,,,,,,,,,,,,,,
2026-07-01T09:44:15.752148+00:00,2026-07-01T19:44:15.743149,2,3,82.25,0.1,82.2,502,82.1,625,,,,,,,,,,,,,,,,,82.3,225,82.6,202,82.8,500,,,,,,,,,,,,,,
2026-07-01T09:44:15.895148+00:00,2026-07-01T19:44:15.893148,2,3,82.25,0.1,82.2,2,82.1,625,,,,,,,,,,,,,,,,,82.3,225,82.6,202,82.8,500,,,,,,,,,,,,,,
2026-07-01T09:44:15.906149+00:00,2026-07-01T19:44:15.903149,2,2,82.25,0.1,82.2,2,82.1,625,,,,,,,,,,,,,,,,,82.3,225,82.6,202,,,,,,,,,,,,,,,,
2026-07-01T09:44:15.917148+00:00,2026-07-01T19:44:15.913148,3,1,82.45,0.3,82.3,275,82.2,2,82.1,625,,,,,,,,,,,,,,,82.6,202,,,,,,,,,,,,,,,,,,
2026-07-01T09:44:15.928148+00:00,2026-07-01T19:44:15.923149,3,2,82.45,0.3,82.3,275,82.2,2,82.1,625,,,,,,,,,,,,,,,82.6,202,82.8,500,,,,,,,,,,,,,,,,
2026-07-01T09:44:16.356688+00:00,2026-07-01T19:44:16.355688,3,2,82.55,0.1,82.5,625,82.3,275,82.2,2,,,,,,,,,,,,,,,82.6,827,82.8,500,,,,,,,,,,,,,,,,
2026-07-01T09:44:16.499689+00:00,2026-07-01T19:44:16.493688,2,2,82.55,0.1,82.5,625,82.2,2,,,,,,,,,,,,,,,,,82.6,827,82.8,500,,,,,,,,,,,,,,,,
2026-07-01T09:44:16.510688+00:00,2026-07-01T19:44:16.503688,2,1,82.55,0.1,82.5,625,82.2,2,,,,,,,,,,,,,,,,,82.6,827,,,,,,,,,,,,,,,,,,
2026-07-01T09:44:16.521688+00:00,2026-07-01T19:44:16.513688,2,1,82.55,0.1,82.5,625,82.2,502,,,,,,,,,,,,,,,,,82.6,827,,,,,,,,,,,,,,,,,,
2026-07-01T09:44:16.532688+00:00,2026-07-01T19:44:16.522688,2,2,82.55,0.1,82.5,625,82.2,502,,,,,,,,,,,,,,,,,82.6,827,82.8,500,,,,,,,,,,,,,,,,
2026-07-01T09:44:16.950698+00:00,2026-07-01T19:44:16.948698,2,2,82.55,0.1,82.5,625,82.2,702,,,,,,,,,,,,,,,,,82.6,627,82.8,500,,,,,,,,,,,,,,,,
2026-07-01T09:44:16.961699+00:00,2026-07-01T19:44:16.952699,2,2,82.55,0.1,82.5,425,82.2,702,,,,,,,,,,,,,,,,,82.6,627,82.8,500,,,,,,,,,,,,,,,,
2026-07-01T09:44:17.128699+00:00,2026-07-01T19:44:17.124699,2,2,82.55,0.1,82.5,425,82.2,202,,,,,,,,,,,,,,,,,82.6,627,82.8,500,,,,,,,,,,,,,,,,
2026-07-01T09:44:17.139699+00:00,2026-07-01T19:44:17.135698,2,1,82.55,0.1,82.5,425,82.2,202,,,,,,,,,,,,,,,,,82.6,627,,,,,,,,,,,,,,,,,,
2026-07-01T09:44:17.150699+00:00,2026-07-01T19:44:17.149699,3,2,82.55,0.1,82.5,425,82.3,500,82.2,202,,,,,,,,,,,,,,,82.6,627,82.8,500,,,,,,,,,,,,,,,,
2026-07-01T09:44:17.667698+00:00,2026-07-01T19:44:17.663699,2,3,82.4,0.2,82.3,1125,82.2,202,,,,,,,,,,,,,,,,,82.5,625,82.6,2,82.8,500,,,,,,,,,,,,,,
2026-07-01T09:44:17.733699+00:00,2026-07-01T19:44:17.726699,2,3,82.4,0.2,82.3,625,82.2,202,,,,,,,,,,,,,,,,,82.5,625,82.6,2,82.8,500,,,,,,,,,,,,,,
2026-07-01T09:44:17.744699+00:00,2026-07-01T19:44:17.735699,2,2,82.4,0.2,82.3,625,82.2,202,,,,,,,,,,,,,,,,,82.5,625,82.6,2,,,,,,,,,,,,,,,,
2026-07-01T09:44:17.755699+00:00,2026-07-01T19:44:17.752699,2,3,82.4,0.2,82.3,1125,82.2,202,,,,,,,,,,,,,,,,,82.5,625,82.6,2,82.8,500,,,,,,,,,,,,,,
2026-07-01T09:44:18.162708+00:00,2026-07-01T19:44:18.160708,2,3,82.4,0.2,82.3,1125,82.2,2,,,,,,,,,,,,,,,,,82.5,625,82.6,2,82.8,500,,,,,,,,,,,,,,
2026-07-01T09:44:18.173708+00:00,2026-07-01T19:44:18.166708,2,3,82.4,0.2,82.3,1325,82.2,2,,,,,,,,,,,,,,,,,82.5,825,82.6,2,82.8,500,,,,,,,,,,,,,,
2026-07-01T09:44:18.338793+00:00,2026-07-01T19:44:18.337793,2,2,82.4,0.2,82.3,825,82.2,2,,,,,,,,,,,,,,,,,82.5,825,82.6,2,,,,,,,,,,,,,,,,
2026-07-01T09:44:18.349793+00:00,2026-07-01T19:44:18.346794,2,2,82.4,0.2,82.3,1325,82.2,2,,,,,,,,,,,,,,,,,82.5,825,82.6,2,,,,,,,,,,,,,,,,
2026-07-01T09:44:18.360793+00:00,2026-07-01T19:44:18.355793,2,3,82.4,0.2,82.3,1325,82.2,2,,,,,,,,,,,,,,,,,82.5,825,82.6,2,82.8,500,,,,,,,,,,,,,,
2026-07-01T09:44:18.701802+00:00,2026-07-01T19:44:18.696802,2,3,82.4,0.2,82.3,1315,82.2,2,,,,,,,,,,,,,,,,,82.5,825,82.6,2,82.8,500,,,,,,,,,,,,,,
2026-07-01T09:44:18.943793+00:00,2026-07-01T19:44:18.941793,2,2,82.4,0.2,82.3,815,82.2,2,,,,,,,,,,,,,,,,,82.5,825,82.6,2,,,,,,,,,,,,,,,,
2026-07-01T09:44:18.954794+00:00,2026-07-01T19:44:18.949793,2,2,82.4,0.2,82.3,1315,82.2,2,,,,,,,,,,,,,,,,,82.5,825,82.6,2,,,,,,,,,,,,,,,,
2026-07-01T09:44:18.965793+00:00,2026-07-01T19:44:18.962793,2,3,82.4,0.2,82.3,1315,82.2,2,,,,,,,,,,,,,,,,,82.5,825,82.6,2,82.8,500,,,,,,,,,,,,,,
2026-07-01T09:44:18.976793+00:00,2026-07-01T19:44:18.974793,2,3,82.4,0.2,82.3,700,82.2,2,,,,,,,,,,,,,,,,,82.5,200,82.6,2,82.8,500,,,,,,,,,,,,,,
2026-07-01T09:44:18.987793+00:00,2026-07-01T19:44:18.981793,2,3,82.4,0.2,82.3,1325,82.2,2,,,,,,,,,,,,,,,,,82.5,825,82.6,2,82.8,500,,,,,,,,,,,,,,
2026-07-01T09:44:19.372793+00:00,2026-07-01T19:44:19.371793,2,3,82.4,0.2,82.3,1125,82.2,2,,,,,,,,,,,,,,,,,82.5,625,82.6,2,82.8,500,,,,,,,,,,,,,,
2026-07-01T09:44:19.383793+00:00,2026-07-01T19:44:19.380793,2,4,82.4,0.2,82.3,1125,82.2,2,,,,,,,,,,,,,,,,,82.5,425,82.6,2,82.7,200,82.8,500,,,,,,,,,,,,
2026-07-01T09:44:19.537793+00:00,2026-07-01T19:44:19.535793,2,4,82.4,0.2,82.3,625,82.2,2,,,,,,,,,,,,,,,,,82.5,425,82.6,2,82.7,200,82.8,500,,,,,,,,,,,,
2026-07-01T09:44:19.559793+00:00,2026-07-01T19:44:19.553793,2,3,82.4,0.2,82.3,1125,82.2,2,,,,,,,,,,,,,,,,,82.5,425,82.6,2,82.7,200,,,,,,,,,,,,,,
2026-07-01T09:44:19.570793+00:00,2026-07-01T19:44:19.563793,2,4,82.4,0.2,82.3,1125,82.2,2,,,,,,,,,,,,,,,,,82.5,425,82.6,2,82.7,200,82.9,500,,,,,,,,,,,,
2026-07-01T09:44:20.142802+00:00,2026-07-01T19:44:20.138802,2,4,82.4,0.2,82.3,625,82.2,2,,,,,,,,,,,,,,,,,82.5,425,82.6,2,82.7,200,82.9,500,,,,,,,,,,,,
2026-07-01T09:44:20.153802+00:00,2026-07-01T19:44:20.152802,2,3,82.4,0.2,82.3,1125,82.2,2,,,,,,,,,,,,,,,,,82.5,425,82.6,2,82.7,200,,,,,,,,,,,,,,
2026-07-01T09:44:20.164802+00:00,2026-07-01T19:44:20.159802,2,4,82.4,0.2,82.3,1125,82.2,2,,,,,,,,,,,,,,,,,82.5,425,82.6,2,82.7,200,82.8,500,,,,,,,,,,,,
2026-07-01T09:44:20.296802+00:00,2026-07-01T19:44:20.293802,2,4,82.4,0.2,82.3,500,82.2,2,,,,,,,,,,,,,,,,,82.5,425,82.6,2,82.7,200,82.8,500,,,,,,,,,,,,
2026-07-01T09:44:20.307802+00:00,2026-07-01T19:44:20.300802,3,3,82.55,0.1,82.5,625,82.3,500,82.2,2,,,,,,,,,,,,,,,82.6,2,82.7,825,82.8,500,,,,,,,,,,,,,,
2026-07-01T09:44:20.593802+00:00,2026-07-01T19:44:20.589802,3,3,82.55,0.1,82.5,825,82.3,500,82.2,2,,,,,,,,,,,,,,,82.6,2,82.7,825,82.8,500,,,,,,,,,,,,,,
2026-07-01T09:44:20.747793+00:00,2026-07-01T19:44:20.741793,2,3,82.55,0.1,82.5,825,82.2,2,,,,,,,,,,,,,,,,,82.6,2,82.7,825,82.8,500,,,,,,,,,,,,,,
2026-07-01T09:44:20.758793+00:00,2026-07-01T19:44:20.750793,2,2,82.55,0.1,82.5,825,82.2,2,,,,,,,,,,,,,,,,,82.6,2,82.7,825,,,,,,,,,,,,,,,,
2026-07-01T09:44:20.769793+00:00,2026-07-01T19:44:20.765793,3,3,82.55,0.1,82.5,825,82.4,500,82.2,2,,,,,,,,,,,,,,,82.6,2,82.7,825,82.9,500,,,,,,,,,,,,,,
2026-07-01T09:44:21.352793+00:00,2026-07-01T19:44:21.345793,2,3,82.55,0.1,82.5,825,82.2,2,,,,,,,,,,,,,,,,,82.6,2,82.7,825,82.9,500,,,,,,,,,,,,,,
2026-07-01T09:44:21.363793+00:00,2026-07-01T19:44:21.359793,3,2,82.55,0.1,82.5,825,82.3,500,82.2,2,,,,,,,,,,,,,,,82.6,2,82.7,825,,,,,,,,,,,,,,,,
2026-07-01T09:44:21.374793+00:00,2026-07-01T19:44:21.367793,3,3,82.55,0.1,82.5,825,82.3,500,82.2,2,,,,,,,,,,,,,,,82.6,2,82.7,825,82.8,500,,,,,,,,,,,,,,
2026-07-01T09:44:21.616793+00:00,2026-07-01T19:44:21.610793,4,2,82.65,0.1,82.6,623,82.5,200,82.3,500,82.2,2,,,,,,,,,,,,,82.7,200,82.8,1125,,,,,,,,,,,,,,,,
2026-07-01T09:44:21.748793+00:00,2026-07-01T19:44:21.747793,4,2,82.65,0.1,82.6,623,82.5,200,82.3,500,82.2,2,,,,,,,,,,,,,82.7,210,82.8,1125,,,,,,,,,,,,,,,,
2026-07-01T09:44:21.803793+00:00,2026-07-01T19:44:21.796793,3,2,82.65,0.1,82.6,623,82.3,500,82.2,2,,,,,,,,,,,,,,,82.7,10,82.8,1125,,,,,,,,,,,,,,,,
2026-07-01T09:44:21.814794+00:00,2026-07-01T19:44:21.806794,4,2,82.65,0.1,82.6,623,82.5,200,82.3,500,82.2,2,,,,,,,,,,,,,82.7,210,82.8,1125,,,,,,,,,,,,,,,,
2026-07-01T09:44:21.957793+00:00,2026-07-01T19:44:21.953793,3,2,82.65,0.1,82.6,623,82.5,200,82.2,2,,,,,,,,,,,,,,,82.7,210,82.8,625,,,,,,,,,,,,,,,,
2026-07-01T09:44:21.968793+00:00,2026-07-01T19:44:21.962794,4,2,82.65,0.1,82.6,623,82.5,200,82.3,500,82.2,2,,,,,,,,,,,,,82.7,210,82.8,625,,,,,,,,,,,,,,,,
2026-07-01T09:44:21.979793+00:00,2026-07-01T19:44:21.968793,4,2,82.65,0.1,82.6,623,82.5,200,82.3,500,82.2,2,,,,,,,,,,,,,82.7,210,82.8,1125,,,,,,,,,,,,,,,,
2026-07-01T09:44:22.320793+00:00,2026-07-01T19:44:22.316793,4,2,82.65,0.1,82.6,623,82.5,200,82.3,500,82.2,2,,,,,,,,,,,,,82.7,208,82.8,1125,,,,,,,,,,,,,,,,
2026-07-01T09:44:22.485793+00:00,2026-07-01T19:44:22.480793,4,2,82.65,0.1,82.6,623,82.5,200,82.3,500,82.2,2,,,,,,,,,,,,,82.7,205,82.8,1125,,,,,,,,,,,,,,,,
2026-07-01T09:44:22.551793+00:00,2026-07-01T19:44:22.548792,3,2,82.65,0.1,82.6,623,82.5,200,82.2,2,,,,,,,,,,,,,,,82.7,205,82.8,1125,,,,,,,,,,,,,,,,
2026-07-01T09:44:22.562794+00:00,2026-07-01T19:44:22.557794,3,2,82.65,0.1,82.6,623,82.5,200,82.2,2,,,,,,,,,,,,,,,82.7,205,82.8,625,,,,,,,,,,,,,,,,
2026-07-01T09:44:22.573793+00:00,2026-07-01T19:44:22.568794,4,2,82.65,0.1,82.6,623,82.5,200,82.3,500,82.2,2,,,,,,,,,,,,,82.7,205,82.8,625,,,,,,,,,,,,,,,,
2026-07-01T09:44:22.584793+00:00,2026-07-01T19:44:22.573793,4,2,82.65,0.1,82.6,623,82.5,200,82.3,500,82.2,2,,,,,,,,,,,,,82.7,205,82.8,1125,,,,,,,,,,,,,,,,
2026-07-01T09:44:22.595793+00:00,2026-07-01T19:44:22.584793,4,2,82.65,0.1,82.6,623,82.5,200,82.3,500,82.2,2,,,,,,,,,,,,,82.7,203,82.8,1125,,,,,,,,,,,,,,,,
2026-07-01T09:44:22.914814+00:00,2026-07-01T19:44:22.913813,3,2,82.6,0.2,82.5,200,82.3,500,82.2,2,,,,,,,,,,,,,,,82.7,203,82.8,1125,,,,,,,,,,,,,,,,
2026-07-01T09:44:22.925815+00:00,2026-07-01T19:44:22.921813,4,2,82.65,0.1,82.6,625,82.5,200,82.3,500,82.2,2,,,,,,,,,,,,,82.7,203,82.8,1125,,,,,,,,,,,,,,,,
2026-07-01T09:44:23.013813+00:00,2026-07-01T19:44:23.011813,3,2,82.65,0.1,82.6,625,82.3,500,82.2,2,,,,,,,,,,,,,,,82.7,203,82.8,1125,,,,,,,,,,,,,,,,
2026-07-01T09:44:23.024813+00:00,2026-07-01T19:44:23.019813,3,2,82.65,0.1,82.6,825,82.3,500,82.2,2,,,,,,,,,,,,,,,82.7,3,82.8,1325,,,,,,,,,,,,,,,,
2026-07-01T09:44:23.189813+00:00,2026-07-01T19:44:23.182813,2,2,82.65,0.1,82.6,825,82.2,2,,,,,,,,,,,,,,,,,82.7,3,82.8,1325,,,,,,,,,,,,,,,,
2026-07-01T09:44:23.200814+00:00,2026-07-01T19:44:23.192814,2,2,82.65,0.1,82.6,825,82.2,2,,,,,,,,,,,,,,,,,82.7,3,82.8,825,,,,,,,,,,,,,,,,
2026-07-01T09:44:23.211814+00:00,2026-07-01T19:44:23.210813,3,2,82.65,0.1,82.6,825,82.3,500,82.2,2,,,,,,,,,,,,,,,82.7,3,82.8,1325,,,,,,,,,,,,,,,,
2026-07-01T09:44:23.541759+00:00,2026-07-01T19:44:23.537758,3,2,82.65,0.1,82.6,825,82.3,500,82.2,2,,,,,,,,,,,,,,,82.7,2,82.8,1325,,,,,,,,,,,,,,,,
2026-07-01T09:44:23.585758+00:00,2026-07-01T19:44:23.577758,3,2,82.65,0.1,82.6,825,82.3,500,82.2,2,,,,,,,,,,,,,,,82.7,1,82.8,1325,,,,,,,,,,,,,,,,
2026-07-01T09:44:23.794759+00:00,2026-07-01T19:44:23.785757,2,2,82.65,0.1,82.6,825,82.2,2,,,,,,,,,,,,,,,,,82.7,1,82.8,1325,,,,,,,,,,,,,,,,
2026-07-01T09:44:23.805758+00:00,2026-07-01T19:44:23.803758,3,2,82.65,0.1,82.6,825,82.3,500,82.2,2,,,,,,,,,,,,,,,82.7,1,82.8,825,,,,,,,,,,,,,,,,
2026-07-01T09:44:23.816759+00:00,2026-07-01T19:44:23.812758,3,2,82.65,0.1,82.6,825,82.3,500,82.2,2,,,,,,,,,,,,,,,82.7,1,82.8,1325,,,,,,,,,,,,,,,,
2026-07-01T09:44:24.224758+00:00,2026-07-01T19:44:24.223758,3,2,82.65,0.1,82.6,625,82.3,500,82.2,2,,,,,,,,,,,,,,,82.7,1,82.8,1325,,,,,,,,,,,,,,,,
2026-07-01T09:44:24.235757+00:00,2026-07-01T19:44:24.231759,3,2,82.6,0.2,82.5,625,82.3,700,82.2,2,,,,,,,,,,,,,,,82.7,1,82.8,500,,,,,,,,,,,,,,,,
2026-07-01T09:44:24.246757+00:00,2026-07-01T19:44:24.239757,3,2,82.6,0.2,82.5,425,82.3,700,82.2,2,,,,,,,,,,,,,,,82.7,626,82.8,500,,,,,,,,,,,,,,,,
2026-07-01T09:44:24.389758+00:00,2026-07-01T19:44:24.388759,3,2,82.6,0.2,82.5,425,82.3,200,82.2,2,,,,,,,,,,,,,,,82.7,626,82.8,500,,,,,,,,,,,,,,,,
2026-07-01T09:44:24.400758+00:00,2026-07-01T19:44:24.396757,3,1,82.6,0.2,82.5,425,82.3,200,82.2,2,,,,,,,,,,,,,,,82.7,626,,,,,,,,,,,,,,,,,,
2026-07-01T09:44:24.411758+00:00,2026-07-01T19:44:24.404757,3,1,82.6,0.2,82.5,425,82.3,700,82.2,2,,,,,,,,,,,,,,,82.7,626,,,,,,,,,,,,,,,,,,
2026-07-01T09:44:24.422758+00:00,2026-07-01T19:44:24.412757,3,2,82.6,0.2,82.5,425,82.3,700,82.2,2,,,,,,,,,,,,,,,82.7,626,82.8,500,,,,,,,,,,,,,,,,
2026-07-01T09:44:24.994757+00:00,2026-07-01T19:44:24.990757,3,2,82.6,0.2,82.5,425,82.3,200,82.2,2,,,,,,,,,,,,,,,82.7,626,82.8,500,,,,,,,,,,,,,,,,
2026-07-01T09:44:25.005757+00:00,2026-07-01T19:44:24.999758,3,1,82.6,0.2,82.5,425,82.3,200,82.2,2,,,,,,,,,,,,,,,82.7,626,,,,,,,,,,,,,,,,,,
2026-07-01T09:44:25.016757+00:00,2026-07-01T19:44:25.008757,4,1,82.6,0.2,82.5,425,82.4,500,82.3,200,82.2,2,,,,,,,,,,,,,82.7,626,,,,,,,,,,,,,,,,,,
2026-07-01T09:44:25.027757+00:00,2026-07-01T19:44:25.017758,4,2,82.6,0.2,82.5,425,82.4,500,82.3,200,82.2,2,,,,,,,,,,,,,82.7,626,82.9,500,,,,,,,,,,,,,,,,
2026-07-01T09:44:25.038758+00:00,2026-07-01T19:44:25.029757,3,2,82.6,0.2,82.5,425,82.4,500,82.3,200,,,,,,,,,,,,,,,82.7,626,82.9,500,,,,,,,,,,,,,,,,
2026-07-01T09:44:25.357759+00:00,2026-07-01T19:44:25.350759,3,2,82.6,0.2,82.5,425,82.4,500,82.3,200,,,,,,,,,,,,,,,82.7,616,82.9,500,,,,,,,,,,,,,,,,
2026-07-01T09:44:25.445757+00:00,2026-07-01T19:44:25.441759,2,2,82.6,0.2,82.5,425,82.4,500,,,,,,,,,,,,,,,,,82.7,616,82.9,500,,,,,,,,,,,,,,,,
2026-07-01T09:44:25.456759+00:00,2026-07-01T19:44:25.454757,2,2,82.6,0.2,82.5,625,82.4,500,,,,,,,,,,,,,,,,,82.7,816,82.9,500,,,,,,,,,,,,,,,,
2026-07-01T09:44:25.478759+00:00,2026-07-01T19:44:25.474759,2,2,82.6,0.2,82.5,625,82.4,511,,,,,,,,,,,,,,,,,82.7,816,82.9,500,,,,,,,,,,,,,,,,
2026-07-01T09:44:25.555759+00:00,2026-07-01T19:44:25.549757,2,2,82.6,0.2,82.5,200,82.4,1136,,,,,,,,,,,,,,,,,82.7,200,82.9,500,,,,,,,,,,,,,,,,
2026-07-01T09:44:25.566758+00:00,2026-07-01T19:44:25.558758,2,3,82.55,0.1,82.5,200,82.4,1136,,,,,,,,,,,,,,,,,82.6,625,82.7,200,82.9,500,,,,,,,,,,,,,,
2026-07-01T09:44:25.599759+00:00,2026-07-01T19:44:25.592759,2,3,82.55,0.1,82.5,200,82.4,636,,,,,,,,,,,,,,,,,82.6,625,82.7,200,82.9,500,,,,,,,,,,,,,,
2026-07-01T09:44:25.610757+00:00,2026-07-01T19:44:25.602758,2,2,82.55,0.1,82.5,200,82.4,636,,,,,,,,,,,,,,,,,82.6,625,82.7,200,,,,,,,,,,,,,,,,
2026-07-01T09:44:25.621758+00:00,2026-07-01T19:44:25.612758,2,2,82.55,0.1,82.5,200,82.4,1136,,,,,,,,,,,,,,,,,82.6,625,82.7,200,,,,,,,,,,,,,,,,
2026-07-01T09:44:25.632757+00:00,2026-07-01T19:44:25.621758,2,3,82.55,0.1,82.5,200,82.4,1136,,,,,,,,,,,,,,,,,82.6,625,82.7,200,82.9,500,,,,,,,,,,,,,,
2026-07-01T09:44:26.116328+00:00,2026-07-01T19:44:26.105328,2,3,82.55,0.1,82.5,180,82.4,1136,,,,,,,,,,,,,,,,,82.6,625,82.7,200,82.9,500,,,,,,,,,,,,,,
2026-07-01T09:44:26.204327+00:00,2026-07-01T19:44:26.198326,2,3,82.55,0.1,82.5,180,82.4,636,,,,,,,,,,,,,,,,,82.6,625,82.7,200,82.9,500,,,,,,,,,,,,,,
2026-07-01T09:44:26.215327+00:00,2026-07-01T19:44:26.208326,2,2,82.55,0.1,82.5,180,82.4,636,,,,,,,,,,,,,,,,,82.6,625,82.7,200,,,,,,,,,,,,,,,,
2026-07-01T09:44:26.226326+00:00,2026-07-01T19:44:26.225326,2,3,82.55,0.1,82.5,180,82.4,1136,,,,,,,,,,,,,,,,,82.6,625,82.7,200,83.0,500,,,,,,,,,,,,,,
2026-07-01T09:44:26.369326+00:00,2026-07-01T19:44:26.363326,2,3,82.55,0.1,82.5,180,82.4,1136,,,,,,,,,,,,,,,,,82.6,615,82.7,200,83.0,500,,,,,,,,,,,,,,
2026-07-01T09:44:26.666327+00:00,2026-07-01T19:44:26.665327,2,3,82.55,0.1,82.5,200,82.4,1136,,,,,,,,,,,,,,,,,82.6,615,82.7,200,83.0,500,,,,,,,,,,,,,,
2026-07-01T09:44:26.809326+00:00,2026-07-01T19:44:26.800326,2,3,82.55,0.1,82.5,200,82.4,636,,,,,,,,,,,,,,,,,82.6,615,82.7,200,83.0,500,,,,,,,,,,,,,,
2026-07-01T09:44:26.820326+00:00,2026-07-01T19:44:26.815327,2,2,82.55,0.1,82.5,700,82.4,636,,,,,,,,,,,,,,,,,82.6,615,82.7,200,,,,,,,,,,,,,,,,
2026-07-01T09:44:26.831327+00:00,2026-07-01T19:44:26.824326,2,3,82.55,0.1,82.5,700,82.4,636,,,,,,,,,,,,,,,,,82.6,615,82.7,200,83.0,500,,,,,,,,,,,,,,
2026-07-01T09:44:26.864326+00:00,2026-07-01T19:44:26.860326,2,3,82.55,0.1,82.5,700,82.4,636,,,,,,,,,,,,,,,,,82.6,625,82.7,200,83.0,500,,,,,,,,,,,,,,
2026-07-01T09:44:27.403327+00:00,2026-07-01T19:44:27.400327,2,3,82.55,0.1,82.5,200,82.4,636,,,,,,,,,,,,,,,,,82.6,625,82.7,200,83.0,500,,,,,,,,,,,,,,
2026-07-01T09:44:27.414327+00:00,2026-07-01T19:44:27.413327,2,2,82.55,0.1,82.5,700,82.4,636,,,,,,,,,,,,,,,,,82.6,625,82.7,200,,,,,,,,,,,,,,,,
2026-07-01T09:44:27.425327+00:00,2026-07-01T19:44:27.420326,2,3,82.55,0.1,82.5,700,82.4,636,,,,,,,,,,,,,,,,,82.6,625,82.7,200,83.0,500,,,,,,,,,,,,,,
2026-07-01T09:44:27.458326+00:00,2026-07-01T19:44:27.457326,2,3,82.55,0.1,82.5,700,82.4,635,,,,,,,,,,,,,,,,,82.6,625,82.7,203,83.0,500,,,,,,,,,,,,,,
2026-07-01T09:44:27.876326+00:00,2026-07-01T19:44:27.875327,2,4,82.55,0.1,82.5,500,82.4,635,,,,,,,,,,,,,,,,,82.6,425,82.7,3,82.8,200,83.0,500,,,,,,,,,,,,
2026-07-01T09:44:28.008326+00:00,2026-07-01T19:44:28.003326,1,4,82.5,0.2,82.4,635,,,,,,,,,,,,,,,,,,,82.6,425,82.7,3,82.8,200,83.0,500,,,,,,,,,,,,
2026-07-01T09:44:28.019326+00:00,2026-07-01T19:44:28.018326,2,3,82.55,0.1,82.5,500,82.4,635,,,,,,,,,,,,,,,,,82.6,425,82.7,3,82.8,200,,,,,,,,,,,,,,
2026-07-01T09:44:28.030326+00:00,2026-07-01T19:44:28.025326,2,4,82.55,0.1,82.5,500,82.4,635,,,,,,,,,,,,,,,,,82.6,425,82.7,3,82.8,200,83.0,500,,,,,,,,,,,,
2026-07-01T09:44:28.173326+00:00,2026-07-01T19:44:28.168326,2,3,82.6,0.2,82.5,1125,82.4,10,,,,,,,,,,,,,,,,,82.7,628,82.8,200,83.0,500,,,,,,,,,,,,,,
2026-07-01T09:44:28.359868+00:00,2026-07-01T19:44:28.353867,2,3,82.6,0.2,82.5,1125,82.4,8,,,,,,,,,,,,,,,,,82.7,628,82.8,200,83.0,500,,,,,,,,,,,,,,
2026-07-01T09:44:28.469868+00:00,2026-07-01T19:44:28.464867,2,3,82.6,0.2,82.5,1125,82.4,6,,,,,,,,,,,,,,,,,82.7,628,82.8,200,83.0,500,,,,,,,,,,,,,,
2026-07-01T09:44:28.557867+00:00,2026-07-01T19:44:28.554868,2,3,82.6,0.2,82.5,1125,82.4,5,,,,,,,,,,,,,,,,,82.7,628,82.8,200,83.0,500,,,,,,,,,,,,,,
2026-07-01T09:44:28.612868+00:00,2026-07-01T19:44:28.607868,2,3,82.6,0.2,82.5,625,82.4,5,,,,,,,,,,,,,,,,,82.7,628,82.8,200,83.0,500,,,,,,,,,,,,,,
2026-07-01T09:44:28.623867+00:00,2026-07-01T19:44:28.617867,2,2,82.6,0.2,82.5,625,82.4,5,,,,,,,,,,,,,,,,,82.7,628,82.8,200,,,,,,,,,,,,,,,,
2026-07-01T09:44:28.634867+00:00,2026-07-01T19:44:28.626867,2,2,82.6,0.2,82.5,625,82.4,505,,,,,,,,,,,,,,,,,82.7,628,82.8,200,,,,,,,,,,,,,,,,
2026-07-01T09:44:28.645868+00:00,2026-07-01T19:44:28.641869,2,3,82.6,0.2,82.5,625,82.4,505,,,,,,,,,,,,,,,,,82.7,628,82.8,200,83.0,500,,,,,,,,,,,,,,
2026-07-01T09:44:29.085867+00:00,2026-07-01T19:44:29.084867,2,2,82.6,0.2,82.5,825,82.4,505,,,,,,,,,,,,,,,,,82.7,628,83.0,500,,,,,,,,,,,,,,,,
2026-07-01T09:44:29.096868+00:00,2026-07-01T19:44:29.085867,2,2,82.6,0.2,82.5,825,82.4,505,,,,,,,,,,,,,,,,,82.7,828,83.0,500,,,,,,,,,,,,,,,,
2026-07-01T09:44:29.239868+00:00,2026-07-01T19:44:29.235867,2,2,82.6,0.2,82.5,825,82.4,5,,,,,,,,,,,,,,,,,82.7,828,83.0,500,,,,,,,,,,,,,,,,
2026-07-01T09:44:29.250868+00:00,2026-07-01T19:44:29.246868,2,1,82.6,0.2,82.5,825,82.4,5,,,,,,,,,,,,,,,,,82.7,828,,,,,,,,,,,,,,,,,,
2026-07-01T09:44:29.261868+00:00,2026-07-01T19:44:29.253868,2,1,82.6,0.2,82.5,825,82.4,505,,,,,,,,,,,,,,,,,82.7,828,,,,,,,,,,,,,,,,,,
2026-07-01T09:44:29.272868+00:00,2026-07-01T19:44:29.262868,2,2,82.6,0.2,82.5,825,82.4,505,,,,,,,,,,,,,,,,,82.7,828,82.9,500,,,,,,,,,,,,,,,,
2026-07-01T09:44:29.481868+00:00,2026-07-01T19:44:29.480868,3,2,82.65,0.1,82.6,625,82.5,200,82.4,505,,,,,,,,,,,,,,,82.7,828,82.9,500,,,,,,,,,,,,,,,,
2026-07-01T09:44:29.712868+00:00,2026-07-01T19:44:29.711868,3,2,82.65,0.1,82.6,625,82.5,200,82.4,505,,,,,,,,,,,,,,,82.7,827,82.9,500,,,,,,,,,,,,,,,,
2026-07-01T09:44:29.844868+00:00,2026-07-01T19:44:29.840868,3,2,82.65,0.1,82.6,625,82.5,200,82.4,5,,,,,,,,,,,,,,,82.7,827,82.9,500,,,,,,,,,,,,,,,,
2026-07-01T09:44:29.855867+00:00,2026-07-01T19:44:29.853868,3,1,82.65,0.1,82.6,625,82.5,200,82.4,505,,,,,,,,,,,,,,,82.7,827,,,,,,,,,,,,,,,,,,
2026-07-01T09:44:29.866868+00:00,2026-07-01T19:44:29.861867,3,2,82.65,0.1,82.6,625,82.5,200,82.4,505,,,,,,,,,,,,,,,82.7,827,82.9,500,,,,,,,,,,,,,,,,
2026-07-01T09:44:30.295868+00:00,2026-07-01T19:44:30.290867,2,2,82.65,0.1,82.6,625,82.4,505,,,,,,,,,,,,,,,,,82.7,827,82.9,500,,,,,,,,,,,,,,,,
2026-07-01T09:44:30.306868+00:00,2026-07-01T19:44:30.305868,2,2,82.65,0.1,82.6,625,82.4,705,,,,,,,,,,,,,,,,,82.7,627,82.9,500,,,,,,,,,,,,,,,,
2026-07-01T09:44:30.317868+00:00,2026-07-01T19:44:30.310868,2,2,82.65,0.1,82.6,425,82.4,705,,,,,,,,,,,,,,,,,82.7,627,82.9,500,,,,,,,,,,,,,,,,
2026-07-01T09:44:30.449868+00:00,2026-07-01T19:44:30.444868,2,2,82.65,0.1,82.6,425,82.4,205,,,,,,,,,,,,,,,,,82.7,627,82.9,500,,,,,,,,,,,,,,,,
2026-07-01T09:44:30.460868+00:00,2026-07-01T19:44:30.452868,2,1,82.65,0.1,82.6,425,82.4,205,,,,,,,,,,,,,,,,,82.7,627,,,,,,,,,,,,,,,,,,
2026-07-01T09:44:30.471868+00:00,2026-07-01T19:44:30.468868,2,2,82.65,0.1,82.6,425,82.4,705,,,,,,,,,,,,,,,,,82.7,627,82.9,500,,,,,,,,,,,,,,,,
2026-07-01T09:44:30.790867+00:00,2026-07-01T19:44:30.787867,2,2,82.6,0.2,82.5,625,82.4,705,,,,,,,,,,,,,,,,,82.7,627,82.9,500,,,,,,,,,,,,,,,,
2026-07-01T09:44:31.054868+00:00,2026-07-01T19:44:31.053868,2,1,82.6,0.2,82.5,625,82.4,205,,,,,,,,,,,,,,,,,82.7,627,,,,,,,,,,,,,,,,,,
2026-07-01T09:44:31.065868+00:00,2026-07-01T19:44:31.061868,2,1,82.6,0.2,82.5,625,82.4,705,,,,,,,,,,,,,,,,,82.7,627,,,,,,,,,,,,,,,,,,
2026-07-01T09:44:31.076868+00:00,2026-07-01T19:44:31.070867,2,2,82.6,0.2,82.5,625,82.4,705,,,,,,,,,,,,,,,,,82.7,627,82.9,500,,,,,,,,,,,,,,,,
2026-07-01T09:44:31.527867+00:00,2026-07-01T19:44:31.522868,2,2,82.6,0.2,82.5,625,82.4,505,,,,,,,,,,,,,,,,,82.7,627,82.9,500,,,,,,,,,,,,,,,,
2026-07-01T09:44:31.560868+00:00,2026-07-01T19:44:31.552868,3,2,82.65,0.1,82.6,200,82.5,625,82.4,505,,,,,,,,,,,,,,,82.7,627,82.9,500,,,,,,,,,,,,,,,,
2026-07-01T09:44:31.571868+00:00,2026-07-01T19:44:31.566868,3,3,82.65,0.1,82.6,200,82.5,625,82.4,505,,,,,,,,,,,,,,,82.7,627,82.8,200,82.9,500,,,,,,,,,,,,,,
2026-07-01T09:44:31.648869+00:00,2026-07-01T19:44:31.647868,3,3,82.65,0.1,82.6,200,82.5,625,82.4,5,,,,,,,,,,,,,,,82.7,627,82.8,200,82.9,500,,,,,,,,,,,,,,
2026-07-01T09:44:31.659868+00:00,2026-07-01T19:44:31.657868,3,2,82.65,0.1,82.6,200,82.5,625,82.4,5,,,,,,,,,,,,,,,82.7,627,82.8,200,,,,,,,,,,,,,,,,
2026-07-01T09:44:31.670868+00:00,2026-07-01T19:44:31.667867,3,2,82.65,0.1,82.6,200,82.5,625,82.4,505,,,,,,,,,,,,,,,82.7,627,82.8,200,,,,,,,,,,,,,,,,
2026-07-01T09:44:31.681867+00:00,2026-07-01T19:44:31.677867,3,3,82.65,0.1,82.6,200,82.5,625,82.4,505,,,,,,,,,,,,,,,82.7,627,82.8,200,82.9,500,,,,,,,,,,,,,,
2026-07-01T09:44:32.099868+00:00,2026-07-01T19:44:32.096868,2,3,82.65,0.1,82.6,825,82.4,505,,,,,,,,,,,,,,,,,82.7,2,82.8,825,82.9,500,,,,,,,,,,,,,,
2026-07-01T09:44:32.255868+00:00,2026-07-01T19:44:32.250867,2,3,82.65,0.1,82.6,825,82.4,5,,,,,,,,,,,,,,,,,82.7,2,82.8,825,82.9,500,,,,,,,,,,,,,,
2026-07-01T09:44:32.266869+00:00,2026-07-01T19:44:32.259868,2,2,82.65,0.1,82.6,825,82.4,5,,,,,,,,,,,,,,,,,82.7,2,82.8,825,,,,,,,,,,,,,,,,
2026-07-01T09:44:32.277868+00:00,2026-07-01T19:44:32.275868,2,3,82.65,0.1,82.6,825,82.4,505,,,,,,,,,,,,,,,,,82.7,2,82.8,825,82.9,500,,,,,,,,,,,,,,
2026-07-01T09:44:32.783868+00:00,2026-07-01T19:44:32.781868,2,3,82.65,0.1,82.6,825,82.4,505,,,,,,,,,,,,,,,,,82.7,202,82.8,625,82.9,500,,,,,,,,,,,,,,
2026-07-01T09:44:32.860869+00:00,2026-07-01T19:44:32.854868,2,3,82.65,0.1,82.6,825,82.4,5,,,,,,,,,,,,,,,,,82.7,202,82.8,625,82.9,500,,,,,,,,,,,,,,
2026-07-01T09:44:32.871868+00:00,2026-07-01T19:44:32.868869,2,2,82.65,0.1,82.6,825,82.4,505,,,,,,,,,,,,,,,,,82.7,202,82.8,625,,,,,,,,,,,,,,,,
2026-07-01T09:44:32.882868+00:00,2026-07-01T19:44:32.876868,2,3,82.65,0.1,82.6,825,82.4,505,,,,,,,,,,,,,,,,,82.7,202,82.8,625,82.9,500,,,,,,,,,,,,,,
2026-07-01T09:44:32.959868+00:00,2026-07-01T19:44:32.948868,2,3,82.65,0.1,82.6,825,82.4,505,,,,,,,,,,,,,,,,,82.7,192,82.8,625,82.9,500,,,,,,,,,,,,,,
2026-07-01T09:44:33.410400+00:00,2026-07-01T19:44:33.408399,2,3,82.65,0.1,82.6,825,82.4,505,,,,,,,,,,,,,,,,,82.7,192,82.8,625,82.9,500,,,,,,,,,,,,,,
2026-07-01T09:44:33.465398+00:00,2026-07-01T19:44:33.463398,2,2,82.65,0.1,82.6,825,82.4,5,,,,,,,,,,,,,,,,,82.7,192,82.8,625,,,,,,,,,,,,,,,,
2026-07-01T09:44:33.476399+00:00,2026-07-01T19:44:33.471398,2,2,82.65,0.1,82.6,825,82.4,505,,,,,,,,,,,,,,,,,82.7,192,82.8,625,,,,,,,,,,,,,,,,
2026-07-01T09:44:33.487400+00:00,2026-07-01T19:44:33.478400,2,3,82.65,0.1,82.6,825,82.4,505,,,,,,,,,,,,,,,,,82.7,192,82.8,625,82.9,500,,,,,,,,,,,,,,
2026-07-01T09:44:33.872399+00:00,2026-07-01T19:44:33.863399,2,3,82.65,0.1,82.6,825,82.4,505,,,,,,,,,,,,,,,,,82.7,200,82.8,625,82.9,500,,,,,,,,,,,,,,
2026-07-01T09:44:33.993400+00:00,2026-07-01T19:44:33.987400,2,3,82.65,0.1,82.6,825,82.4,505,,,,,,,,,,,,,,,,,82.7,8,82.8,825,82.9,500,,,,,,,,,,,,,,
2026-07-01T09:44:34.059399+00:00,2026-07-01T19:44:34.058399,2,3,82.65,0.1,82.6,825,82.4,5,,,,,,,,,,,,,,,,,82.7,8,82.8,825,82.9,500,,,,,,,,,,,,,,
2026-07-01T09:44:34.081400+00:00,2026-07-01T19:44:34.074399,2,2,82.65,0.1,82.6,825,82.4,505,,,,,,,,,,,,,,,,,82.7,8,82.8,825,,,,,,,,,,,,,,,,
2026-07-01T09:44:34.092401+00:00,2026-07-01T19:44:34.083400,2,3,82.65,0.1,82.6,825,82.4,505,,,,,,,,,,,,,,,,,82.7,8,82.8,825,82.9,500,,,,,,,,,,,,,,
2026-07-01T09:44:34.664399+00:00,2026-07-01T19:44:34.663399,2,3,82.65,0.1,82.6,825,82.4,5,,,,,,,,,,,,,,,,,82.7,8,82.8,825,82.9,500,,,,,,,,,,,,,,
2026-07-01T09:44:34.675399+00:00,2026-07-01T19:44:34.670399,2,2,82.65,0.1,82.6,825,82.4,5,,,,,,,,,,,,,,,,,82.7,8,82.8,825,,,,,,,,,,,,,,,,
2026-07-01T09:44:34.686399+00:00,2026-07-01T19:44:34.685399,2,3,82.65,0.1,82.6,825,82.4,505,,,,,,,,,,,,,,,,,82.7,8,82.8,825,82.9,500,,,,,,,,,,,,,,
2026-07-01T09:44:34.719399+00:00,2026-07-01T19:44:34.715399,3,3,82.65,0.1,82.6,200,82.5,625,82.4,505,,,,,,,,,,,,,,,82.7,8,82.8,200,82.9,500,,,,,,,,,,,,,,
2026-07-01T09:44:34.730398+00:00,2026-07-01T19:44:34.720399,2,4,82.55,0.1,82.5,625,82.4,505,,,,,,,,,,,,,,,,,82.6,425,82.7,8,82.8,200,82.9,500,,,,,,,,,,,,
2026-07-01T09:44:34.752399+00:00,2026-07-01T19:44:34.747399,2,4,82.55,0.1,82.5,625,82.4,504,,,,,,,,,,,,,,,,,82.6,425,82.7,7,82.8,200,82.9,500,,,,,,,,,,,,
2026-07-01T09:44:34.873399+00:00,2026-07-01T19:44:34.870399,2,4,82.55,0.1,82.5,605,82.4,504,,,,,,,,,,,,,,,,,82.6,425,82.7,7,82.8,200,82.9,500,,,,,,,,,,,,
2026-07-01T09:44:35.192408+00:00,2026-07-01T19:44:35.190408,2,3,82.55,0.1,82.5,605,82.4,504,,,,,,,,,,,,,,,,,82.6,425,82.7,7,82.9,500,,,,,,,,,,,,,,
2026-07-01T09:44:35.203399+00:00,2026-07-01T19:44:35.198399,2,3,82.55,0.1,82.5,605,82.4,704,,,,,,,,,,,,,,,,,82.6,625,82.7,7,82.9,500,,,,,,,,,,,,,,
2026-07-01T09:44:35.335399+00:00,2026-07-01T19:44:35.328399,2,3,82.55,0.1,82.5,605,82.4,204,,,,,,,,,,,,,,,,,82.6,625,82.7,7,82.9,500,,,,,,,,,,,,,,
2026-07-01T09:44:35.357398+00:00,2026-07-01T19:44:35.350398,2,2,82.55,0.1,82.5,605,82.4,204,,,,,,,,,,,,,,,,,82.6,625,82.7,7,,,,,,,,,,,,,,,,
2026-07-01T09:44:35.368398+00:00,2026-07-01T19:44:35.358399,2,2,82.55,0.1,82.5,1105,82.4,204,,,,,,,,,,,,,,,,,82.6,625,82.7,7,,,,,,,,,,,,,,,,
2026-07-01T09:44:35.379399+00:00,2026-07-01T19:44:35.369399,2,3,82.55,0.1,82.5,1105,82.4,204,,,,,,,,,,,,,,,,,82.6,625,82.7,7,83.0,500,,,,,,,,,,,,,,
2026-07-01T09:44:35.917915+00:00,2026-07-01T19:44:35.914915,2,2,82.55,0.1,82.5,605,82.4,204,,,,,,,,,,,,,,,,,82.6,625,82.7,7,,,,,,,,,,,,,,,,
2026-07-01T09:44:35.928914+00:00,2026-07-01T19:44:35.923914,2,2,82.55,0.1,82.5,1105,82.4,204,,,,,,,,,,,,,,,,,82.6,625,82.7,7,,,,,,,,,,,,,,,,
2026-07-01T09:44:35.950914+00:00,2026-07-01T19:44:35.940029,2,3,82.55,0.1,82.5,1105,82.4,204,,,,,,,,,,,,,,,,,82.6,625,82.7,7,83.0,500,,,,,,,,,,,,,,
2026-07-01T09:44:35.983914+00:00,2026-07-01T19:44:35.978914,2,3,82.55,0.1,82.5,1105,82.4,204,,,,,,,,,,,,,,,,,82.6,615,82.7,7,83.0,500,,,,,,,,,,,,,,
2026-07-01T09:44:36.027915+00:00,2026-07-01T19:44:36.023914,2,3,82.55,0.1,82.5,500,82.4,204,,,,,,,,,,,,,,,,,82.6,615,82.7,7,83.0,500,,,,,,,,,,,,,,
2026-07-01T09:44:36.038914+00:00,2026-07-01T19:44:36.036914,2,3,82.55,0.1,82.5,500,82.4,204,,,,,,,,,,,,,,,,,82.6,200,82.7,7,83.0,500,,,,,,,,,,,,,,
2026-07-01T09:44:36.049914+00:00,2026-07-01T19:44:36.039914,2,3,82.55,0.1,82.5,1125,82.4,204,,,,,,,,,,,,,,,,,82.6,200,82.7,632,83.0,500,,,,,,,,,,,,,,
2026-07-01T09:44:36.401968+00:00,2026-07-01T19:44:36.400968,2,3,82.55,0.1,82.5,1125,82.4,4,,,,,,,,,,,,,,,,,82.6,200,82.7,632,83.0,500,,,,,,,,,,,,,,
2026-07-01T09:44:36.412968+00:00,2026-07-01T19:44:36.408968,3,2,82.6,0.2,82.5,925,82.4,4,82.3,200,,,,,,,,,,,,,,,82.7,632,83.0,500,,,,,,,,,,,,,,,,
2026-07-01T09:44:36.511968+00:00,2026-07-01T19:44:36.509968,3,2,82.6,0.2,82.5,625,82.4,4,82.3,200,,,,,,,,,,,,,,,82.7,632,83.0,500,,,,,,,,,,,,,,,,
2026-07-01T09:44:36.522968+00:00,2026-07-01T19:44:36.516968,3,1,82.6,0.2,82.5,625,82.4,4,82.3,200,,,,,,,,,,,,,,,82.7,632,,,,,,,,,,,,,,,,,,
2026-07-01T09:44:36.533968+00:00,2026-07-01T19:44:36.532968,3,2,82.6,0.2,82.5,1125,82.4,4,82.3,200,,,,,,,,,,,,,,,82.7,632,83.0,500,,,,,,,,,,,,,,,,
2026-07-01T09:44:37.116968+00:00,2026-07-01T19:44:37.111967,3,2,82.6,0.2,82.5,625,82.4,4,82.3,200,,,,,,,,,,,,,,,82.7,632,83.0,500,,,,,,,,,,,,,,,,
2026-07-01T09:44:37.127968+00:00,2026-07-01T19:44:37.119968,3,1,82.6,0.2,82.5,625,82.4,4,82.3,200,,,,,,,,,,,,,,,82.7,632,,,,,,,,,,,,,,,,,,
2026-07-01T09:44:37.138968+00:00,2026-07-01T19:44:37.136968,3,2,82.6,0.2,82.5,625,82.4,504,82.3,200,,,,,,,,,,,,,,,82.7,632,82.9,500,,,,,,,,,,,,,,,,
2026-07-01T09:44:37.347968+00:00,2026-07-01T19:44:37.345968,2,2,82.55,0.3,82.4,504,82.3,200,,,,,,,,,,,,,,,,,82.7,7,82.9,500,,,,,,,,,,,,,,,,
2026-07-01T09:44:37.358968+00:00,2026-07-01T19:44:37.348968,3,2,82.6,0.2,82.5,625,82.4,504,82.3,200,,,,,,,,,,,,,,,82.7,632,82.9,500,,,,,,,,,,,,,,,,
2026-07-01T09:44:37.622977+00:00,2026-07-01T19:44:37.621977,2,2,82.6,0.2,82.5,825,82.4,504,,,,,,,,,,,,,,,,,82.7,832,82.9,500,,,,,,,,,,,,,,,,
2026-07-01T09:44:37.721968+00:00,2026-07-01T19:44:37.714968,2,2,82.6,0.2,82.5,825,82.4,4,,,,,,,,,,,,,,,,,82.7,832,82.9,500,,,,,,,,,,,,,,,,
2026-07-01T09:44:37.732968+00:00,2026-07-01T19:44:37.731969,2,1,82.6,0.2,82.5,825,82.4,504,,,,,,,,,,,,,,,,,82.7,832,,,,,,,,,,,,,,,,,,
2026-07-01T09:44:37.743968+00:00,2026-07-01T19:44:37.741968,2,2,82.6,0.2,82.5,825,82.4,504,,,,,,,,,,,,,,,,,82.7,832,82.9,500,,,,,,,,,,,,,,,,
2026-07-01T09:44:37.875977+00:00,2026-07-01T19:44:37.869977,2,2,82.6,0.2,82.5,825,82.4,504,,,,,,,,,,,,,,,,,82.7,831,82.9,500,,,,,,,,,,,,,,,,
2026-07-01T09:44:38.327110+00:00,2026-07-01T19:44:38.326110,2,1,82.6,0.2,82.5,825,82.4,4,,,,,,,,,,,,,,,,,82.7,831,,,,,,,,,,,,,,,,,,
2026-07-01T09:44:38.338109+00:00,2026-07-01T19:44:38.334110,3,1,82.6,0.2,82.5,825,82.4,4,82.3,500,,,,,,,,,,,,,,,82.7,831,,,,,,,,,,,,,,,,,,
2026-07-01T09:44:38.349110+00:00,2026-07-01T19:44:38.343109,3,2,82.6,0.2,82.5,825,82.4,4,82.3,500,,,,,,,,,,,,,,,82.7,831,82.9,500,,,,,,,,,,,,,,,,
2026-07-01T09:44:38.659110+00:00,2026-07-01T19:44:38.652110,3,2,82.6,0.2,82.5,200,82.4,4,82.3,500,,,,,,,,,,,,,,,82.7,831,82.9,500,,,,,,,,,,,,,,,,
2026-07-01T09:44:38.670111+00:00,2026-07-01T19:44:38.663110,3,3,82.55,0.1,82.5,200,82.4,629,82.3,500,,,,,,,,,,,,,,,82.6,625,82.7,206,82.9,500,,,,,,,,,,,,,,
2026-07-01T09:44:38.835110+00:00,2026-07-01T19:44:38.831110,2,4,82.5,0.2,82.4,629,82.3,500,,,,,,,,,,,,,,,,,82.6,425,82.7,6,82.8,200,82.9,500,,,,,,,,,,,,
2026-07-01T09:44:38.923110+00:00,2026-07-01T19:44:38.919109,1,4,82.5,0.2,82.4,629,,,,,,,,,,,,,,,,,,,82.6,425,82.7,6,82.8,200,82.9,500,,,,,,,,,,,,
2026-07-01T09:44:38.934110+00:00,2026-07-01T19:44:38.927111,1,3,82.5,0.2,82.4,629,,,,,,,,,,,,,,,,,,,82.6,425,82.7,6,82.8,200,,,,,,,,,,,,,,
2026-07-01T09:44:38.945110+00:00,2026-07-01T19:44:38.941111,1,4,82.5,0.2,82.4,1129,,,,,,,,,,,,,,,,,,,82.6,425,82.7,6,82.8,200,82.9,500,,,,,,,,,,,,
2026-07-01T09:44:39.531111+00:00,2026-07-01T19:44:39.527110,1,4,82.5,0.2,82.4,629,,,,,,,,,,,,,,,,,,,82.6,425,82.7,6,82.8,200,82.9,500,,,,,,,,,,,,
2026-07-01T09:44:39.542111+00:00,2026-07-01T19:44:39.536111,1,3,82.5,0.2,82.4,629,,,,,,,,,,,,,,,,,,,82.6,425,82.7,6,82.8,200,,,,,,,,,,,,,,
2026-07-01T09:44:39.553111+00:00,2026-07-01T19:44:39.552111,1,4,82.5,0.2,82.4,1129,,,,,,,,,,,,,,,,,,,82.6,425,82.7,6,82.8,200,82.9,500,,,,,,,,,,,,
2026-07-01T09:44:39.971111+00:00,2026-07-01T19:44:39.969110,2,3,82.65,0.1,82.6,625,82.4,504,,,,,,,,,,,,,,,,,82.7,6,82.8,825,82.9,500,,,,,,,,,,,,,,
2026-07-01T09:44:40.037110+00:00,2026-07-01T19:44:40.036110,2,2,82.7,0.2,82.6,625,82.4,704,,,,,,,,,,,,,,,,,82.8,625,82.9,500,,,,,,,,,,,,,,,,
2026-07-01T09:44:40.059110+00:00,2026-07-01T19:44:40.048314,2,2,82.7,0.2,82.6,425,82.4,704,,,,,,,,,,,,,,,,,82.8,625,82.9,500,,,,,,,,,,,,,,,,
2026-07-01T09:44:40.136111+00:00,2026-07-01T19:44:40.135110,2,1,82.7,0.2,82.6,425,82.4,204,,,,,,,,,,,,,,,,,82.8,625,,,,,,,,,,,,,,,,,,
2026-07-01T09:44:40.147110+00:00,2026-07-01T19:44:40.144110,2,1,82.7,0.2,82.6,425,82.4,704,,,,,,,,,,,,,,,,,82.8,625,,,,,,,,,,,,,,,,,,
2026-07-01T09:44:40.158110+00:00,2026-07-01T19:44:40.152111,2,2,82.7,0.2,82.6,425,82.4,704,,,,,,,,,,,,,,,,,82.8,625,82.9,500,,,,,,,,,,,,,,,,
2026-07-01T09:44:40.510109+00:00,2026-07-01T19:44:40.508109,2,2,82.7,0.2,82.6,425,82.4,704,,,,,,,,,,,,,,,,,82.8,590,82.9,500,,,,,,,,,,,,,,,,
2026-07-01T09:44:40.543109+00:00,2026-07-01T19:44:40.538110,2,2,82.7,0.2,82.6,425,82.4,704,,,,,,,,,,,,,,,,,82.8,586,82.9,500,,,,,,,,,,,,,,,,
2026-07-01T09:44:40.609109+00:00,2026-07-01T19:44:40.599110,2,2,82.7,0.2,82.6,425,82.4,704,,,,,,,,,,,,,,,,,82.8,551,82.9,500,,,,,,,,,,,,,,,,
2026-07-01T09:44:40.697109+00:00,2026-07-01T19:44:40.690109,2,2,82.7,0.2,82.6,425,82.4,704,,,,,,,,,,,,,,,,,82.8,516,82.9,500,,,,,,,,,,,,,,,,
2026-07-01T09:44:40.730109+00:00,2026-07-01T19:44:40.728109,2,2,82.7,0.2,82.6,425,82.4,204,,,,,,,,,,,,,,,,,82.8,516,82.9,500,,,,,,,,,,,,,,,,
2026-07-01T09:44:40.741110+00:00,2026-07-01T19:44:40.737109,2,1,82.7,0.2,82.6,425,82.4,204,,,,,,,,,,,,,,,,,82.8,516,,,,,,,,,,,,,,,,,,
2026-07-01T09:44:40.752110+00:00,2026-07-01T19:44:40.745109,3,1,82.7,0.2,82.6,425,82.4,204,82.3,500,,,,,,,,,,,,,,,82.8,516,,,,,,,,,,,,,,,,,,
2026-07-01T09:44:40.763110+00:00,2026-07-01T19:44:40.753109,3,2,82.7,0.2,82.6,425,82.4,204,82.3,500,,,,,,,,,,,,,,,82.8,516,82.9,500,,,,,,,,,,,,,,,,
2026-07-01T09:44:40.785110+00:00,2026-07-01T19:44:40.781109,3,2,82.7,0.2,82.6,425,82.4,204,82.3,500,,,,,,,,,,,,,,,82.8,481,82.9,500,,,,,,,,,,,,,,,,
2026-07-01T09:44:40.884109+00:00,2026-07-01T19:44:40.879109,3,3,82.65,0.1,82.6,425,82.4,204,82.3,500,,,,,,,,,,,,,,,82.7,5,82.8,471,82.9,500,,,,,,,,,,,,,,
2026-07-01T09:44:41.258110+00:00,2026-07-01T19:44:41.257109,3,2,82.7,0.2,82.6,225,82.4,204,82.3,500,,,,,,,,,,,,,,,82.8,471,82.9,500,,,,,,,,,,,,,,,,
2026-07-01T09:44:41.280109+00:00,2026-07-01T19:44:41.277110,2,2,82.5,0.2,82.4,829,82.3,500,,,,,,,,,,,,,,,,,82.6,625,82.9,500,,,,,,,,,,,,,,,,
2026-07-01T09:44:41.302109+00:00,2026-07-01T19:44:41.291214,2,2,82.5,0.2,82.4,829,82.3,500,,,,,,,,,,,,,,,,,82.6,597,82.9,500,,,,,,,,,,,,,,,,
2026-07-01T09:44:41.313109+00:00,2026-07-01T19:44:41.306109,2,2,82.5,0.2,82.4,829,82.3,500,,,,,,,,,,,,,,,,,82.6,497,82.9,500,,,,,,,,,,,,,,,,
2026-07-01T09:44:41.357109+00:00,2026-07-01T19:44:41.354109,1,2,82.5,0.2,82.4,829,,,,,,,,,,,,,,,,,,,82.6,497,82.9,500,,,,,,,,,,,,,,,,
2026-07-01T09:44:41.368110+00:00,2026-07-01T19:44:41.364109,1,1,82.5,0.2,82.4,829,,,,,,,,,,,,,,,,,,,82.6,497,,,,,,,,,,,,,,,,,,
2026-07-01T09:44:41.379109+00:00,2026-07-01T19:44:41.372110,1,1,82.5,0.2,82.4,1329,,,,,,,,,,,,,,,,,,,82.6,497,,,,,,,,,,,,,,,,,,
2026-07-01T09:44:41.390109+00:00,2026-07-01T19:44:41.380110,1,2,82.5,0.2,82.4,1329,,,,,,,,,,,,,,,,,,,82.6,497,82.9,500,,,,,,,,,,,,,,,,
2026-07-01T09:44:41.412109+00:00,2026-07-01T19:44:41.401302,1,2,82.5,0.2,82.4,1301,,,,,,,,,,,,,,,,,,,82.6,497,82.9,500,,,,,,,,,,,,,,,,
2026-07-01T09:44:41.555109+00:00,2026-07-01T19:44:41.545110,1,2,82.5,0.2,82.4,1309,,,,,,,,,,,,,,,,,,,82.6,497,82.9,500,,,,,,,,,,,,,,,,
2026-07-01T09:44:41.885118+00:00,2026-07-01T19:44:41.880118,1,3,82.5,0.2,82.4,1309,,,,,,,,,,,,,,,,,,,82.6,497,82.7,6,82.9,500,,,,,,,,,,,,,,
2026-07-01T09:44:41.951118+00:00,2026-07-01T19:44:41.943118,1,3,82.5,0.2,82.4,1309,,,,,,,,,,,,,,,,,,,82.6,497,82.7,4,82.9,500,,,,,,,,,,,,,,
2026-07-01T09:44:41.962118+00:00,2026-07-01T19:44:41.956118,1,3,82.5,0.2,82.4,809,,,,,,,,,,,,,,,,,,,82.6,497,82.7,4,82.9,500,,,,,,,,,,,,,,
2026-07-01T09:44:41.973118+00:00,2026-07-01T19:44:41.972118,1,2,82.5,0.2,82.4,1309,,,,,,,,,,,,,,,,,,,82.6,497,82.7,4,,,,,,,,,,,,,,,,
2026-07-01T09:44:41.995118+00:00,2026-07-01T19:44:41.985118,1,3,82.5,0.2,82.4,1309,,,,,,,,,,,,,,,,,,,82.6,497,82.7,4,82.9,500,,,,,,,,,,,,,,
2026-07-01T09:44:42.446130+00:00,2026-07-01T19:44:42.437131,1,3,82.5,0.2,82.4,1308,,,,,,,,,,,,,,,,,,,82.6,497,82.7,4,82.9,500,,,,,,,,,,,,,,
2026-07-01T09:44:42.457131+00:00,2026-07-01T19:44:42.457131,1,3,82.5,0.2,82.4,1132,,,,,,,,,,,,,,,,,,,82.6,497,82.7,4,82.9,500,,,,,,,,,,,,,,
2026-07-01T09:44:42.468131+00:00,2026-07-01T19:44:42.461131,2,3,82.55,0.1,82.5,200,82.4,1132,,,,,,,,,,,,,,,,,82.6,697,82.7,4,82.9,500,,,,,,,,,,,,,,
2026-07-01T09:44:42.567130+00:00,2026-07-01T19:44:42.559130,2,3,82.55,0.1,82.5,200,82.4,632,,,,,,,,,,,,,,,,,82.6,697,82.7,4,82.9,500,,,,,,,,,,,,,,
2026-07-01T09:44:42.578130+00:00,2026-07-01T19:44:42.573131,2,2,82.55,0.1,82.5,200,82.4,1132,,,,,,,,,,,,,,,,,82.6,697,82.7,4,,,,,,,,,,,,,,,,
2026-07-01T09:44:42.589131+00:00,2026-07-01T19:44:42.588129,2,3,82.55,0.1,82.5,200,82.4,507,,,,,,,,,,,,,,,,,82.6,697,82.7,4,82.9,500,,,,,,,,,,,,,,
2026-07-01T09:44:42.600130+00:00,2026-07-01T19:44:42.596130,2,3,82.55,0.1,82.5,200,82.4,1132,,,,,,,,,,,,,,,,,82.6,825,82.7,4,82.9,500,,,,,,,,,,,,,,
2026-07-01T09:44:43.172130+00:00,2026-07-01T19:44:43.162132,2,3,82.55,0.1,82.5,200,82.4,632,,,,,,,,,,,,,,,,,82.6,825,82.7,4,82.9,500,,,,,,,,,,,,,,
2026-07-01T09:44:43.183130+00:00,2026-07-01T19:44:43.172130,2,2,82.55,0.1,82.5,200,82.4,632,,,,,,,,,,,,,,,,,82.6,825,82.7,4,,,,,,,,,,,,,,,,
2026-07-01T09:44:43.194130+00:00,2026-07-01T19:44:43.190130,2,3,82.55,0.1,82.5,200,82.4,1132,,,,,,,,,,,,,,,,,82.6,825,82.7,4,82.9,500,,,,,,,,,,,,,,
2026-07-01T09:44:43.667231+00:00,2026-07-01T19:44:43.665234,1,3,82.5,0.2,82.4,1132,,,,,,,,,,,,,,,,,,,82.6,625,82.7,4,82.9,500,,,,,,,,,,,,,,
2026-07-01T09:44:43.678231+00:00,2026-07-01T19:44:43.669230,2,3,82.55,0.1,82.5,200,82.4,1132,,,,,,,,,,,,,,,,,82.6,625,82.7,204,82.9,500,,,,,,,,,,,,,,
2026-07-01T09:44:43.766231+00:00,2026-07-01T19:44:43.764231,2,3,82.55,0.1,82.5,200,82.4,632,,,,,,,,,,,,,,,,,82.6,625,82.7,204,82.9,500,,,,,,,,,,,,,,
2026-07-01T09:44:43.777231+00:00,2026-07-01T19:44:43.773232,2,2,82.55,0.1,82.5,200,82.4,632,,,,,,,,,,,,,,,,,82.6,625,82.7,204,,,,,,,,,,,,,,,,
2026-07-01T09:44:43.788232+00:00,2026-07-01T19:44:43.779232,2,2,82.55,0.1,82.5,200,82.4,1132,,,,,,,,,,,,,,,,,82.6,625,82.7,204,,,,,,,,,,,,,,,,
2026-07-01T09:44:43.799232+00:00,2026-07-01T19:44:43.788491,2,3,82.55,0.1,82.5,200,82.4,1132,,,,,,,,,,,,,,,,,82.6,625,82.7,204,82.9,500,,,,,,,,,,,,,,
2026-07-01T09:44:43.898231+00:00,2026-07-01T19:44:43.895230,2,3,82.55,0.1,82.5,200,82.4,507,,,,,,,,,,,,,,,,,82.6,625,82.7,204,82.9,500,,,,,,,,,,,,,,
2026-07-01T09:44:43.909230+00:00,2026-07-01T19:44:43.908230,2,3,82.55,0.1,82.5,825,82.4,507,,,,,,,,,,,,,,,,,82.6,625,82.7,204,82.9,500,,,,,,,,,,,,,,
2026-07-01T09:44:44.371231+00:00,2026-07-01T19:44:44.367231,2,3,82.55,0.1,82.5,825,82.4,7,,,,,,,,,,,,,,,,,82.6,625,82.7,204,82.9,500,,,,,,,,,,,,,,
2026-07-01T09:44:44.382231+00:00,2026-07-01T19:44:44.376231,2,2,82.55,0.1,82.5,825,82.4,7,,,,,,,,,,,,,,,,,82.6,625,82.7,204,,,,,,,,,,,,,,,,
2026-07-01T09:44:44.393231+00:00,2026-07-01T19:44:44.392230,2,3,82.55,0.1,82.5,825,82.4,507,,,,,,,,,,,,,,,,,82.6,625,82.7,204,82.9,500,,,,,,,,,,,,,,
2026-07-01T09:44:44.877230+00:00,2026-07-01T19:44:44.875232,2,3,82.55,0.1,82.5,625,82.4,507,,,,,,,,,,,,,,,,,82.6,625,82.7,4,82.9,500,,,,,,,,,,,,,,
2026-07-01T09:44:44.888231+00:00,2026-07-01T19:44:44.883231,2,3,82.55,0.1,82.5,825,82.4,507,,,,,,,,,,,,,,,,,82.6,625,82.7,204,82.9,500,,,,,,,,,,,,,,
2026-07-01T09:44:44.976231+00:00,2026-07-01T19:44:44.969230,2,3,82.55,0.1,82.5,825,82.4,7,,,,,,,,,,,,,,,,,82.6,625,82.7,204,82.9,500,,,,,,,,,,,,,,
2026-07-01T09:44:44.987230+00:00,2026-07-01T19:44:44.985231,2,2,82.55,0.1,82.5,825,82.4,507,,,,,,,,,,,,,,,,,82.6,625,82.7,204,,,,,,,,,,,,,,,,
2026-07-01T09:44:44.998230+00:00,2026-07-01T19:44:44.993231,2,3,82.55,0.1,82.5,825,82.4,507,,,,,,,,,,,,,,,,,82.6,625,82.7,204,82.9,500,,,,,,,,,,,,,,
2026-07-01T09:44:45.207243+00:00,2026-07-01T19:44:45.205242,2,3,82.55,0.1,82.5,200,82.4,507,,,,,,,,,,,,,,,,,82.6,625,82.7,204,82.9,500,,,,,,,,,,,,,,
2026-07-01T09:44:45.218242+00:00,2026-07-01T19:44:45.209242,2,3,82.55,0.1,82.5,200,82.4,507,,,,,,,,,,,,,,,,,82.6,625,82.7,203,82.9,500,,,,,,,,,,,,,,
2026-07-01T09:44:45.229242+00:00,2026-07-01T19:44:45.226242,2,3,82.55,0.1,82.5,200,82.4,1132,,,,,,,,,,,,,,,,,82.6,625,82.7,203,82.9,500,,,,,,,,,,,,,,
2026-07-01T09:44:45.581242+00:00,2026-07-01T19:44:45.572242,2,3,82.55,0.1,82.5,200,82.4,632,,,,,,,,,,,,,,,,,82.6,625,82.7,203,82.9,500,,,,,,,,,,,,,,
2026-07-01T09:44:45.592242+00:00,2026-07-01T19:44:45.589242,2,2,82.55,0.1,82.5,200,82.4,1132,,,,,,,,,,,,,,,,,82.6,625,82.7,203,,,,,,,,,,,,,,,,
2026-07-01T09:44:45.603242+00:00,2026-07-01T19:44:45.598242,2,3,82.55,0.1,82.5,200,82.4,1132,,,,,,,,,,,,,,,,,82.6,625,82.7,203,82.9,500,,,,,,,,,,,,,,
2026-07-01T09:44:46.087253+00:00,2026-07-01T19:44:46.084253,1,3,82.5,0.2,82.4,1132,,,,,,,,,,,,,,,,,,,82.6,625,82.7,203,82.9,500,,,,,,,,,,,,,,
2026-07-01T09:44:46.098253+00:00,2026-07-01T19:44:46.091253,2,3,82.55,0.1,82.5,200,82.4,1132,,,,,,,,,,,,,,,,,82.6,625,82.7,203,82.9,500,,,,,,,,,,,,,,
2026-07-01T09:44:46.120253+00:00,2026-07-01T19:44:46.114253,2,3,82.55,0.1,82.5,180,82.4,1132,,,,,,,,,,,,,,,,,82.6,625,82.7,203,82.9,500,,,,,,,,,,,,,,
2026-07-01T09:44:46.186253+00:00,2026-07-01T19:44:46.185254,2,2,82.55,0.1,82.5,180,82.4,632,,,,,,,,,,,,,,,,,82.6,625,82.7,203,,,,,,,,,,,,,,,,
2026-07-01T09:44:46.197253+00:00,2026-07-01T19:44:46.192254,2,2,82.55,0.1,82.5,180,82.4,1132,,,,,,,,,,,,,,,,,82.6,625,82.7,203,,,,,,,,,,,,,,,,
2026-07-01T09:44:46.208253+00:00,2026-07-01T19:44:46.206254,2,3,82.55,0.1,82.5,180,82.4,1132,,,,,,,,,,,,,,,,,82.6,625,82.7,203,82.9,500,,,,,,,,,,,,,,
2026-07-01T09:44:46.538253+00:00,2026-07-01T19:44:46.535254,2,3,82.55,0.1,82.5,180,82.4,1132,,,,,,,,,,,,,,,,,82.6,625,82.7,203,82.9,500,,,,,,,,,,,,,,
2026-07-01T09:44:46.780253+00:00,2026-07-01T19:44:46.779253,2,3,82.55,0.1,82.5,180,82.4,632,,,,,,,,,,,,,,,,,82.6,625,82.7,203,82.9,500,,,,,,,,,,,,,,
2026-07-01T09:44:46.791253+00:00,2026-07-01T19:44:46.785254,2,2,82.55,0.1,82.5,180,82.4,632,,,,,,,,,,,,,,,,,82.6,625,82.7,203,,,,,,,,,,,,,,,,
2026-07-01T09:44:46.802254+00:00,2026-07-01T19:44:46.799254,2,3,82.55,0.1,82.5,180,82.4,1132,,,,,,,,,,,,,,,,,82.6,625,82.7,203,82.9,500,,,,,,,,,,,,,,
2026-07-01T09:44:47.296770+00:00,2026-07-01T19:44:47.292769,1,3,82.5,0.2,82.4,1132,,,,,,,,,,,,,,,,,,,82.6,625,82.7,203,82.9,500,,,,,,,,,,,,,,
2026-07-01T09:44:47.307768+00:00,2026-07-01T19:44:47.300769,2,4,82.45,0.1,82.4,1132,82.3,200,,,,,,,,,,,,,,,,,82.5,200,82.6,625,82.7,3,82.9,500,,,,,,,,,,,,
2026-07-01T09:44:47.417778+00:00,2026-07-01T19:44:47.412770,2,4,82.45,0.1,82.4,632,82.3,200,,,,,,,,,,,,,,,,,82.5,200,82.6,625,82.7,3,82.9,500,,,,,,,,,,,,
2026-07-01T09:44:47.428778+00:00,2026-07-01T19:44:47.421778,2,3,82.45,0.1,82.4,632,82.3,200,,,,,,,,,,,,,,,,,82.5,200,82.6,625,82.7,3,,,,,,,,,,,,,,
2026-07-01T09:44:47.439778+00:00,2026-07-01T19:44:47.437778,2,4,82.45,0.1,82.4,1132,82.3,200,,,,,,,,,,,,,,,,,82.5,200,82.6,625,82.7,3,82.9,500,,,,,,,,,,,,
2026-07-01T09:44:47.846778+00:00,2026-07-01T19:44:47.837778,2,4,82.45,0.1,82.4,507,82.3,200,,,,,,,,,,,,,,,,,82.5,200,82.6,625,82.7,3,82.9,500,,,,,,,,,,,,
2026-07-01T09:44:47.857778+00:00,2026-07-01T19:44:47.850778,2,3,82.45,0.1,82.4,507,82.3,825,,,,,,,,,,,,,,,,,82.5,825,82.7,3,82.9,500,,,,,,,,,,,,,,
2026-07-01T09:44:48.022769+00:00,2026-07-01T19:44:48.014769,2,3,82.45,0.1,82.4,7,82.3,825,,,,,,,,,,,,,,,,,82.5,825,82.7,3,82.9,500,,,,,,,,,,,,,,
2026-07-01T09:44:48.033769+00:00,2026-07-01T19:44:48.024769,2,2,82.45,0.1,82.4,7,82.3,825,,,,,,,,,,,,,,,,,82.5,825,82.7,3,,,,,,,,,,,,,,,,
2026-07-01T09:44:48.044769+00:00,2026-07-01T19:44:48.034769,2,2,82.45,0.1,82.4,507,82.3,825,,,,,,,,,,,,,,,,,82.5,825,82.7,3,,,,,,,,,,,,,,,,
2026-07-01T09:44:48.055769+00:00,2026-07-01T19:44:48.047769,2,3,82.45,0.1,82.4,507,82.3,825,,,,,,,,,,,,,,,,,82.5,825,82.7,3,82.9,500,,,,,,,,,,,,,,
2026-07-01T09:44:48.363301+00:00,2026-07-01T19:44:48.355300,2,3,82.45,0.1,82.4,507,82.3,825,,,,,,,,,,,,,,,,,82.5,825,82.7,2,82.9,500,,,,,,,,,,,,,,
2026-07-01T09:44:48.506301+00:00,2026-07-01T19:44:48.505300,2,3,82.45,0.1,82.4,507,82.3,625,,,,,,,,,,,,,,,,,82.5,825,82.7,2,82.9,500,,,,,,,,,,,,,,
2026-07-01T09:44:48.517301+00:00,2026-07-01T19:44:48.511301,3,3,82.45,0.1,82.4,507,82.3,625,82.0,200,,,,,,,,,,,,,,,82.5,625,82.7,2,82.9,500,,,,,,,,,,,,,,
2026-07-01T09:44:48.528300+00:00,2026-07-01T19:44:48.517301,3,3,82.45,0.1,82.4,307,82.3,625,82.0,200,,,,,,,,,,,,,,,82.5,625,82.7,2,82.9,500,,,,,,,,,,,,,,
2026-07-01T09:44:48.627300+00:00,2026-07-01T19:44:48.618300,2,3,82.4,0.2,82.3,625,82.0,200,,,,,,,,,,,,,,,,,82.5,625,82.7,2,82.9,500,,,,,,,,,,,,,,
2026-07-01T09:44:48.638300+00:00,2026-07-01T19:44:48.634301,3,2,82.45,0.1,82.4,500,82.3,625,82.0,200,,,,,,,,,,,,,,,82.5,625,82.7,2,,,,,,,,,,,,,,,,
2026-07-01T09:44:48.649301+00:00,2026-07-01T19:44:48.644300,3,3,82.45,0.1,82.4,500,82.3,625,82.0,200,,,,,,,,,,,,,,,82.5,625,82.7,2,82.9,500,,,,,,,,,,,,,,
2026-07-01T09:44:48.836301+00:00,2026-07-01T19:44:48.835300,3,3,82.45,0.1,82.4,510,82.3,625,82.0,200,,,,,,,,,,,,,,,82.5,625,82.7,2,82.9,500,,,,,,,,,,,,,,
2026-07-01T09:44:49.155309+00:00,2026-07-01T19:44:49.153310,3,2,82.55,0.3,82.4,510,82.3,625,82.0,200,,,,,,,,,,,,,,,82.7,2,82.9,500,,,,,,,,,,,,,,,,
2026-07-01T09:44:49.166310+00:00,2026-07-01T19:44:49.155309,3,3,82.45,0.1,82.4,510,82.3,625,82.0,200,,,,,,,,,,,,,,,82.5,625,82.7,2,82.9,500,,,,,,,,,,,,,,
2026-07-01T09:44:49.232301+00:00,2026-07-01T19:44:49.231301,3,2,82.45,0.1,82.4,10,82.3,625,82.0,200,,,,,,,,,,,,,,,82.5,625,82.7,2,,,,,,,,,,,,,,,,
2026-07-01T09:44:49.254300+00:00,2026-07-01T19:44:49.250301,3,3,82.45,0.1,82.4,510,82.3,625,82.0,200,,,,,,,,,,,,,,,82.5,625,82.7,2,82.9,500,,,,,,,,,,,,,,
2026-07-01T09:44:49.452309+00:00,2026-07-01T19:44:49.442310,3,3,82.45,0.1,82.4,508,82.3,625,82.0,200,,,,,,,,,,,,,,,82.5,625,82.7,2,82.9,500,,,,,,,,,,,,,,
2026-07-01T09:44:49.727310+00:00,2026-07-01T19:44:49.718309,3,3,82.45,0.1,82.4,506,82.3,625,82.0,200,,,,,,,,,,,,,,,82.5,625,82.7,2,82.9,500,,,,,,,,,,,,,,
2026-07-01T09:44:49.738301+00:00,2026-07-01T19:44:49.736300,3,3,82.45,0.1,82.4,506,82.3,625,82.2,200,,,,,,,,,,,,,,,82.5,625,82.7,2,82.9,500,,,,,,,,,,,,,,
2026-07-01T09:44:49.749301+00:00,2026-07-01T19:44:49.744301,3,3,82.45,0.1,82.4,306,82.3,625,82.2,200,,,,,,,,,,,,,,,82.5,625,82.7,2,82.9,500,,,,,,,,,,,,,,
2026-07-01T09:44:49.826301+00:00,2026-07-01T19:44:49.823301,2,3,82.4,0.2,82.3,625,82.2,200,,,,,,,,,,,,,,,,,82.5,625,82.7,2,82.9,500,,,,,,,,,,,,,,
