recv_time,book_timestamp,n_bids,n_asks,mid,spread,bid_px_0,bid_vol_0,bid_px_1,bid_vol_1,bid_px_2,bid_vol_2,bid_px_3,bid_vol_3,bid_px_4,bid_vol_4,bid_px_5,bid_vol_5,bid_px_6,bid_vol_6,bid_px_7,bid_vol_7,bid_px_8,bid_vol_8,bid_px_9,bid_vol_9,ask_px_0,ask_vol_0,ask_px_1,ask_vol_1,ask_px_2,ask_vol_2,ask_px_3,ask_vol_3,ask_px_4,ask_vol_4,ask_px_5,ask_vol_5,ask_px_6,ask_vol_6,ask_px_7,ask_vol_7,ask_px_8,ask_vol_8,ask_px_9,ask_vol_9
2026-06-30T19:00:00.514352+00:00,2026-07-01T05:00:00.507148,1,2,71.6,0.2,71.5,805,,,,,,,,,,,,,,,,,,,71.7,825,71.8,500,,,,,,,,,,,,,,,,
2026-06-30T19:00:00.525349+00:00,2026-07-01T05:00:00.521349,2,1,71.6,0.2,71.5,805,71.3,500,,,,,,,,,,,,,,,,,71.7,825,,,,,,,,,,,,,,,,,,
2026-06-30T19:00:00.536349+00:00,2026-07-01T05:00:00.527349,2,2,71.6,0.2,71.5,805,71.3,500,,,,,,,,,,,,,,,,,71.7,825,71.8,500,,,,,,,,,,,,,,,,
2026-06-30T19:00:00.569349+00:00,2026-07-01T05:00:00.564350,3,3,71.55,0.1,71.5,605,71.4,200,71.3,500,,,,,,,,,,,,,,,71.6,200,71.7,625,71.8,500,,,,,,,,,,,,,,
2026-06-30T19:00:00.645634+00:00,2026-07-01T05:00:00.638634,2,2,71.5,0.2,71.4,200,71.3,500,,,,,,,,,,,,,,,,,71.6,200,71.8,500,,,,,,,,,,,,,,,,
2026-06-30T19:00:00.656634+00:00,2026-07-01T05:00:00.647634,3,2,71.75,0.1,71.7,425,71.4,200,71.3,500,,,,,,,,,,,,,,,71.8,500,71.9,625,,,,,,,,,,,,,,,,
2026-06-30T19:00:01.116109+00:00,2026-07-01T05:00:01.108109,2,2,71.75,0.1,71.7,425,71.4,200,,,,,,,,,,,,,,,,,71.8,500,71.9,625,,,,,,,,,,,,,,,,
2026-06-30T19:00:01.127109+00:00,2026-07-01T05:00:01.124110,3,1,71.8,0.2,71.7,425,71.4,200,71.3,500,,,,,,,,,,,,,,,71.9,625,,,,,,,,,,,,,,,,,,
2026-06-30T19:00:01.138088+00:00,2026-07-01T05:00:01.133091,3,2,71.75,0.1,71.7,425,71.4,200,71.3,500,,,,,,,,,,,,,,,71.8,500,71.9,625,,,,,,,,,,,,,,,,
2026-06-30T19:00:01.499216+00:00,2026-07-01T05:00:01.494214,3,2,71.75,0.1,71.7,405,71.4,200,71.3,500,,,,,,,,,,,,,,,71.8,500,71.9,625,,,,,,,,,,,,,,,,
2026-06-30T19:00:01.717860+00:00,2026-07-01T05:00:01.713860,2,2,71.75,0.1,71.7,405,71.4,200,,,,,,,,,,,,,,,,,71.8,500,71.9,625,,,,,,,,,,,,,,,,
2026-06-30T19:00:01.728860+00:00,2026-07-01T05:00:01.721860,2,1,71.8,0.2,71.7,405,71.4,200,,,,,,,,,,,,,,,,,71.9,625,,,,,,,,,,,,,,,,,,
2026-06-30T19:00:01.739859+00:00,2026-07-01T05:00:01.736859,2,2,71.75,0.1,71.7,405,71.4,700,,,,,,,,,,,,,,,,,71.8,500,71.9,625,,,,,,,,,,,,,,,,
2026-06-30T19:00:01.772859+00:00,2026-07-01T05:00:01.770859,2,2,71.75,0.1,71.7,405,71.4,500,,,,,,,,,,,,,,,,,71.8,500,71.9,625,,,,,,,,,,,,,,,,
2026-06-30T19:00:01.783859+00:00,2026-07-01T05:00:01.774859,2,2,71.75,0.1,71.7,405,71.4,700,,,,,,,,,,,,,,,,,71.8,500,71.9,625,,,,,,,,,,,,,,,,
2026-06-30T19:00:01.794860+00:00,2026-07-01T05:00:01.786859,2,2,71.75,0.1,71.7,205,71.4,700,,,,,,,,,,,,,,,,,71.8,500,71.9,625,,,,,,,,,,,,,,,,
2026-06-30T19:00:01.947600+00:00,2026-07-01T05:00:01.946600,2,1,71.65,0.3,71.5,625,71.4,700,,,,,,,,,,,,,,,,,71.8,500,,,,,,,,,,,,,,,,,,
2026-06-30T19:00:01.958600+00:00,2026-07-01T05:00:01.948600,2,2,71.6,0.2,71.5,625,71.4,700,,,,,,,,,,,,,,,,,71.7,625,71.8,500,,,,,,,,,,,,,,,,
2026-06-30T19:00:02.351675+00:00,2026-07-01T05:00:02.350674,2,2,71.6,0.2,71.5,625,71.4,200,,,,,,,,,,,,,,,,,71.7,625,71.8,500,,,,,,,,,,,,,,,,
2026-06-30T19:00:02.362687+00:00,2026-07-01T05:00:02.359687,2,1,71.6,0.2,71.5,625,71.4,200,,,,,,,,,,,,,,,,,71.7,625,,,,,,,,,,,,,,,,,,
2026-06-30T19:00:02.373266+00:00,2026-07-01T05:00:02.365686,2,1,71.6,0.2,71.5,625,71.4,700,,,,,,,,,,,,,,,,,71.7,625,,,,,,,,,,,,,,,,,,
2026-06-30T19:00:02.384277+00:00,2026-07-01T05:00:02.374265,2,2,71.6,0.2,71.5,625,71.4,700,,,,,,,,,,,,,,,,,71.7,625,71.9,500,,,,,,,,,,,,,,,,
2026-06-30T19:00:02.963689+00:00,2026-07-01T05:00:02.961689,2,1,71.6,0.2,71.5,625,71.4,200,,,,,,,,,,,,,,,,,71.7,625,,,,,,,,,,,,,,,,,,
2026-06-30T19:00:02.974307+00:00,2026-07-01T05:00:02.968690,2,1,71.6,0.2,71.5,625,71.4,700,,,,,,,,,,,,,,,,,71.7,625,,,,,,,,,,,,,,,,,,
2026-06-30T19:00:02.984724+00:00,2026-07-01T05:00:02.975204,2,2,71.6,0.2,71.5,625,71.4,700,,,,,,,,,,,,,,,,,71.7,625,71.9,500,,,,,,,,,,,,,,,,
2026-06-30T19:00:02.995720+00:00,2026-07-01T05:00:02.993721,2,3,71.55,0.1,71.5,825,71.4,500,,,,,,,,,,,,,,,,,71.6,200,71.7,625,71.9,500,,,,,,,,,,,,,,
2026-06-30T19:00:03.257860+00:00,2026-07-01T05:00:03.255860,3,2,71.7,0.2,71.6,425,71.5,200,71.4,500,,,,,,,,,,,,,,,71.8,625,71.9,500,,,,,,,,,,,,,,,,
2026-06-30T19:00:03.563007+00:00,2026-07-01T05:00:03.563007,2,1,71.7,0.2,71.6,425,71.5,200,,,,,,,,,,,,,,,,,71.8,625,,,,,,,,,,,,,,,,,,
2026-06-30T19:00:03.573860+00:00,2026-07-01T05:00:03.568008,3,1,71.7,0.2,71.6,425,71.5,200,71.4,500,,,,,,,,,,,,,,,71.8,625,,,,,,,,,,,,,,,,,,
2026-06-30T19:00:03.584857+00:00,2026-07-01T05:00:03.573860,3,2,71.7,0.2,71.6,425,71.5,200,71.4,500,,,,,,,,,,,,,,,71.8,625,71.9,500,,,,,,,,,,,,,,,,
2026-06-30T19:00:04.160213+00:00,2026-07-01T05:00:04.159212,2,2,71.7,0.2,71.6,425,71.5,200,,,,,,,,,,,,,,,,,71.8,625,71.9,500,,,,,,,,,,,,,,,,
2026-06-30T19:00:04.170942+00:00,2026-07-01T05:00:04.164942,2,1,71.7,0.2,71.6,425,71.5,200,,,,,,,,,,,,,,,,,71.8,625,,,,,,,,,,,,,,,,,,
2026-06-30T19:00:04.181942+00:00,2026-07-01T05:00:04.176942,3,2,71.7,0.2,71.6,425,71.5,200,71.4,500,,,,,,,,,,,,,,,71.8,625,71.9,500,,,,,,,,,,,,,,,,
2026-06-30T19:00:04.204347+00:00,2026-07-01T05:00:04.203195,3,2,71.7,0.2,71.6,425,71.5,200,71.4,500,,,,,,,,,,,,,,,71.8,625,71.9,500,,,,,,,,,,,,,,,,
2026-06-30T19:00:04.215344+00:00,2026-07-01T05:00:04.206342,3,2,71.7,0.2,71.6,225,71.5,200,71.4,500,,,,,,,,,,,,,,,71.8,625,71.9,500,,,,,,,,,,,,,,,,
2026-06-30T19:00:04.564801+00:00,2026-07-01T05:00:04.563802,1,2,71.45,0.1,71.4,1125,,,,,,,,,,,,,,,,,,,71.5,425,71.9,500,,,,,,,,,,,,,,,,
2026-06-30T19:00:04.761860+00:00,2026-07-01T05:00:04.760859,1,2,71.45,0.1,71.4,625,,,,,,,,,,,,,,,,,,,71.5,425,71.9,500,,,,,,,,,,,,,,,,
2026-06-30T19:00:04.772859+00:00,2026-07-01T05:00:04.766860,1,1,71.45,0.1,71.4,625,,,,,,,,,,,,,,,,,,,71.5,425,,,,,,,,,,,,,,,,,,
2026-06-30T19:00:04.783386+00:00,2026-07-01T05:00:04.778859,1,2,71.45,0.1,71.4,1125,,,,,,,,,,,,,,,,,,,71.5,425,71.9,500,,,,,,,,,,,,,,,,
2026-06-30T19:00:05.368213+00:00,2026-07-01T05:00:05.363213,1,2,71.45,0.1,71.4,625,,,,,,,,,,,,,,,,,,,71.5,425,71.9,500,,,,,,,,,,,,,,,,
2026-06-30T19:00:05.379213+00:00,2026-07-01T05:00:05.375214,1,1,71.45,0.1,71.4,1125,,,,,,,,,,,,,,,,,,,71.5,425,,,,,,,,,,,,,,,,,,
2026-06-30T19:00:05.390215+00:00,2026-07-01T05:00:05.386214,1,2,71.45,0.1,71.4,1125,,,,,,,,,,,,,,,,,,,71.5,425,71.9,500,,,,,,,,,,,,,,,,
2026-06-30T19:00:05.411917+00:00,2026-07-01T05:00:05.410726,1,2,71.45,0.1,71.4,1125,,,,,,,,,,,,,,,,,,,71.5,225,71.9,500,,,,,,,,,,,,,,,,
2026-06-30T19:00:05.422412+00:00,2026-07-01T05:00:05.415896,1,3,71.45,0.1,71.4,1125,,,,,,,,,,,,,,,,,,,71.5,225,71.7,200,71.9,500,,,,,,,,,,,,,,
2026-06-30T19:00:05.869952+00:00,2026-07-01T05:00:05.866952,1,2,71.55,0.3,71.4,500,,,,,,,,,,,,,,,,,,,71.7,200,71.9,500,,,,,,,,,,,,,,,,
2026-06-30T19:00:05.880468+00:00,2026-07-01T05:00:05.874469,2,1,71.8,0.2,71.7,425,71.4,500,,,,,,,,,,,,,,,,,71.9,1125,,,,,,,,,,,,,,,,,,
2026-06-30T19:00:05.966333+00:00,2026-07-01T05:00:05.966333,1,1,71.8,0.2,71.7,425,,,,,,,,,,,,,,,,,,,71.9,1125,,,,,,,,,,,,,,,,,,
2026-06-30T19:00:05.988334+00:00,2026-07-01T05:00:05.984334,2,1,71.8,0.2,71.7,425,71.4,500,,,,,,,,,,,,,,,,,71.9,1125,,,,,,,,,,,,,,,,,,
2026-06-30T19:00:06.570016+00:00,2026-07-01T05:00:06.569015,1,1,71.8,0.2,71.7,425,,,,,,,,,,,,,,,,,,,71.9,1125,,,,,,,,,,,,,,,,,,
2026-06-30T19:00:06.581016+00:00,2026-07-01T05:00:06.576016,1,1,71.8,0.2,71.7,425,,,,,,,,,,,,,,,,,,,71.9,625,,,,,,,,,,,,,,,,,,
2026-06-30T19:00:06.592016+00:00,2026-07-01T05:00:06.589016,2,1,71.8,0.2,71.7,425,71.4,500,,,,,,,,,,,,,,,,,71.9,1125,,,,,,,,,,,,,,,,,,
2026-06-30T19:00:06.624019+00:00,2026-07-01T05:00:06.619475,3,1,71.8,0.2,71.7,225,71.5,200,71.4,500,,,,,,,,,,,,,,,71.9,1125,,,,,,,,,,,,,,,,,,
2026-06-30T19:00:07.182461+00:00,2026-07-01T05:00:07.181460,3,1,71.8,0.2,71.7,225,71.5,200,71.4,500,,,,,,,,,,,,,,,71.9,625,,,,,,,,,,,,,,,,,,
2026-06-30T19:00:07.193474+00:00,2026-07-01T05:00:07.192474,2,1,71.7,0.4,71.5,200,71.4,500,,,,,,,,,,,,,,,,,71.9,1125,,,,,,,,,,,,,,,,,,
2026-06-30T19:00:07.204474+00:00,2026-07-01T05:00:07.196473,2,2,71.6,0.2,71.5,825,71.4,500,,,,,,,,,,,,,,,,,71.7,625,71.9,500,,,,,,,,,,,,,,,,
2026-06-30T19:00:07.783384+00:00,2026-07-01T05:00:07.782384,1,1,71.6,0.2,71.5,825,,,,,,,,,,,,,,,,,,,71.7,625,,,,,,,,,,,,,,,,,,
2026-06-30T19:00:07.794053+00:00,2026-07-01T05:00:07.793383,2,2,71.6,0.2,71.5,825,71.3,500,,,,,,,,,,,,,,,,,71.7,625,71.8,500,,,,,,,,,,,,,,,,
2026-06-30T19:00:07.827029+00:00,2026-07-01T05:00:07.826030,2,2,71.6,0.2,71.5,825,71.3,500,,,,,,,,,,,,,,,,,71.7,825,71.8,500,,,,,,,,,,,,,,,,
2026-06-30T19:00:08.406553+00:00,2026-07-01T05:00:08.404554,1,2,71.6,0.2,71.5,825,,,,,,,,,,,,,,,,,,,71.7,825,71.8,500,,,,,,,,,,,,,,,,
2026-06-30T19:00:08.417554+00:00,2026-07-01T05:00:08.416553,2,1,71.6,0.2,71.5,825,71.4,500,,,,,,,,,,,,,,,,,71.7,825,,,,,,,,,,,,,,,,,,
2026-06-30T19:00:08.428553+00:00,2026-07-01T05:00:08.422553,2,2,71.6,0.2,71.5,825,71.4,500,,,,,,,,,,,,,,,,,71.7,825,71.8,500,,,,,,,,,,,,,,,,
2026-06-30T19:00:08.505305+00:00,2026-07-01T05:00:08.503304,2,2,71.6,0.2,71.5,825,71.4,500,,,,,,,,,,,,,,,,,71.7,825,71.8,500,,,,,,,,,,,,,,,,
2026-06-30T19:00:09.017210+00:00,2026-07-01T05:00:09.013693,1,1,71.6,0.2,71.5,825,,,,,,,,,,,,,,,,,,,71.7,825,,,,,,,,,,,,,,,,,,
2026-06-30T19:00:09.027726+00:00,2026-07-01T05:00:09.023726,2,2,71.6,0.2,71.5,825,71.4,500,,,,,,,,,,,,,,,,,71.7,825,71.8,500,,,,,,,,,,,,,,,,
2026-06-30T19:00:09.038725+00:00,2026-07-01T05:00:09.037725,2,2,71.6,0.2,71.5,625,71.4,700,,,,,,,,,,,,,,,,,71.7,625,71.8,500,,,,,,,,,,,,,,,,
2026-06-30T19:00:09.059757+00:00,2026-07-01T05:00:09.049256,2,3,71.55,0.1,71.5,625,71.4,700,,,,,,,,,,,,,,,,,71.6,200,71.7,625,71.8,500,,,,,,,,,,,,,,
2026-06-30T19:00:09.612548+00:00,2026-07-01T05:00:09.611014,2,3,71.55,0.1,71.5,625,71.4,200,,,,,,,,,,,,,,,,,71.6,200,71.7,625,71.8,500,,,,,,,,,,,,,,
2026-06-30T19:00:09.623046+00:00,2026-07-01T05:00:09.617530,2,2,71.55,0.1,71.5,625,71.4,200,,,,,,,,,,,,,,,,,71.6,200,71.7,625,,,,,,,,,,,,,,,,
2026-06-30T19:00:09.633562+00:00,2026-07-01T05:00:09.629562,2,3,71.55,0.1,71.5,625,71.4,700,,,,,,,,,,,,,,,,,71.6,200,71.7,625,71.8,500,,,,,,,,,,,,,,
2026-06-30T19:00:09.806259+00:00,2026-07-01T05:00:09.805259,1,3,71.5,0.2,71.4,700,,,,,,,,,,,,,,,,,,,71.6,200,71.7,625,71.8,500,,,,,,,,,,,,,,
2026-06-30T19:00:09.817295+00:00,2026-07-01T05:00:09.811259,1,2,71.5,0.2,71.4,1325,,,,,,,,,,,,,,,,,,,71.6,825,71.8,500,,,,,,,,,,,,,,,,
2026-06-30T19:00:10.218562+00:00,2026-07-01T05:00:10.212223,1,2,71.5,0.2,71.4,825,,,,,,,,,,,,,,,,,,,71.6,825,71.8,500,,,,,,,,,,,,,,,,
2026-06-30T19:00:10.229562+00:00,2026-07-01T05:00:10.222561,1,1,71.5,0.2,71.4,825,,,,,,,,,,,,,,,,,,,71.6,825,,,,,,,,,,,,,,,,,,
2026-06-30T19:00:10.240562+00:00,2026-07-01T05:00:10.234561,2,2,71.5,0.2,71.4,825,71.3,500,,,,,,,,,,,,,,,,,71.6,825,71.8,500,,,,,,,,,,,,,,,,
2026-06-30T19:00:10.251561+00:00,2026-07-01T05:00:10.249562,2,2,71.5,0.2,71.4,625,71.3,500,,,,,,,,,,,,,,,,,71.6,625,71.8,500,,,,,,,,,,,,,,,,
2026-06-30T19:00:10.262562+00:00,2026-07-01T05:00:10.256562,2,2,71.5,0.2,71.4,825,71.3,500,,,,,,,,,,,,,,,,,71.6,825,71.8,500,,,,,,,,,,,,,,,,
2026-06-30T19:00:10.817769+00:00,2026-07-01T05:00:10.815769,1,2,71.5,0.2,71.4,825,,,,,,,,,,,,,,,,,,,71.6,825,71.8,500,,,,,,,,,,,,,,,,
2026-06-30T19:00:10.839769+00:00,2026-07-01T05:00:10.834769,1,2,71.5,0.2,71.4,1325,,,,,,,,,,,,,,,,,,,71.6,825,71.8,500,,,,,,,,,,,,,,,,
2026-06-30T19:00:11.123649+00:00,2026-07-01T05:00:11.121649,2,3,71.55,0.1,71.5,625,71.4,700,,,,,,,,,,,,,,,,,71.6,200,71.7,625,71.8,500,,,,,,,,,,,,,,
2026-06-30T19:00:11.429915+00:00,2026-07-01T05:00:11.426914,2,2,71.55,0.1,71.5,625,71.4,200,,,,,,,,,,,,,,,,,71.6,200,71.7,625,,,,,,,,,,,,,,,,
2026-06-30T19:00:11.440682+00:00,2026-07-01T05:00:11.433914,2,2,71.55,0.1,71.5,625,71.4,700,,,,,,,,,,,,,,,,,71.6,200,71.7,625,,,,,,,,,,,,,,,,
2026-06-30T19:00:11.451073+00:00,2026-07-01T05:00:11.440682,2,3,71.55,0.1,71.5,625,71.4,700,,,,,,,,,,,,,,,,,71.6,200,71.7,625,71.8,500,,,,,,,,,,,,,,
2026-06-30T19:00:11.461806+00:00,2026-07-01T05:00:11.460049,2,3,71.55,0.1,71.5,625,71.4,500,,,,,,,,,,,,,,,,,71.6,200,71.7,625,71.8,500,,,,,,,,,,,,,,
2026-06-30T19:00:11.472823+00:00,2026-07-01T05:00:11.468805,2,2,71.6,0.2,71.5,625,71.4,700,,,,,,,,,,,,,,,,,71.7,625,71.8,500,,,,,,,,,,,,,,,,
2026-06-30T19:00:11.483819+00:00,2026-07-01T05:00:11.473818,2,3,71.55,0.1,71.5,625,71.4,700,,,,,,,,,,,,,,,,,71.6,200,71.7,625,71.8,500,,,,,,,,,,,,,,
2026-06-30T19:00:12.025862+00:00,2026-07-01T05:00:12.020862,2,3,71.55,0.1,71.5,625,71.4,200,,,,,,,,,,,,,,,,,71.6,200,71.7,625,71.8,500,,,,,,,,,,,,,,
2026-06-30T19:00:12.036861+00:00,2026-07-01T05:00:12.027862,2,2,71.55,0.1,71.5,625,71.4,200,,,,,,,,,,,,,,,,,71.6,200,71.7,625,,,,,,,,,,,,,,,,
2026-06-30T19:00:12.047379+00:00,2026-07-01T05:00:12.039861,2,3,71.55,0.1,71.5,625,71.4,700,,,,,,,,,,,,,,,,,71.6,200,71.7,625,71.8,500,,,,,,,,,,,,,,
2026-06-30T19:00:12.429206+00:00,2026-07-01T05:00:12.426206,1,2,71.5,0.2,71.4,1325,,,,,,,,,,,,,,,,,,,71.6,825,71.8,500,,,,,,,,,,,,,,,,
2026-06-30T19:00:12.626114+00:00,2026-07-01T05:00:12.623595,1,2,71.5,0.2,71.4,825,,,,,,,,,,,,,,,,,,,71.6,825,71.8,500,,,,,,,,,,,,,,,,
2026-06-30T19:00:12.637112+00:00,2026-07-01T05:00:12.631112,1,1,71.5,0.2,71.4,825,,,,,,,,,,,,,,,,,,,71.6,825,,,,,,,,,,,,,,,,,,
2026-06-30T19:00:12.648113+00:00,2026-07-01T05:00:12.643113,1,2,71.5,0.2,71.4,1325,,,,,,,,,,,,,,,,,,,71.6,825,71.9,500,,,,,,,,,,,,,,,,
2026-06-30T19:00:12.681111+00:00,2026-07-01T05:00:12.679112,2,2,71.5,0.2,71.4,1125,71.3,200,,,,,,,,,,,,,,,,,71.6,625,71.9,500,,,,,,,,,,,,,,,,
2026-06-30T19:00:12.692112+00:00,2026-07-01T05:00:12.681111,2,3,71.45,0.1,71.4,1125,71.3,200,,,,,,,,,,,,,,,,,71.5,200,71.6,625,71.9,500,,,,,,,,,,,,,,
2026-06-30T19:00:12.986325+00:00,2026-07-01T05:00:12.979324,2,3,71.45,0.1,71.4,1125,71.3,200,,,,,,,,,,,,,,,,,71.5,180,71.6,625,71.9,500,,,,,,,,,,,,,,
2026-06-30T19:00:13.227519+00:00,2026-07-01T05:00:13.226519,2,3,71.45,0.1,71.4,625,71.3,200,,,,,,,,,,,,,,,,,71.5,180,71.6,625,71.9,500,,,,,,,,,,,,,,
2026-06-30T19:00:13.238519+00:00,2026-07-01T05:00:13.233519,2,2,71.45,0.1,71.4,625,71.3,200,,,,,,,,,,,,,,,,,71.5,180,71.6,625,,,,,,,,,,,,,,,,
2026-06-30T19:00:13.249519+00:00,2026-07-01T05:00:13.244519,2,3,71.45,0.1,71.4,1125,71.3,200,,,,,,,,,,,,,,,,,71.5,180,71.6,625,71.9,500,,,,,,,,,,,,,,
2026-06-30T19:00:13.731180+00:00,2026-07-01T05:00:13.730179,2,2,71.45,0.1,71.4,500,71.3,200,,,,,,,,,,,,,,,,,71.5,180,71.9,500,,,,,,,,,,,,,,,,
2026-06-30T19:00:13.742179+00:00,2026-07-01T05:00:13.736180,3,2,71.55,0.1,71.5,445,71.4,500,71.3,200,,,,,,,,,,,,,,,71.6,625,71.9,500,,,,,,,,,,,,,,,,
2026-06-30T19:00:13.838594+00:00,2026-07-01T05:00:13.836594,2,1,71.55,0.1,71.5,445,71.3,200,,,,,,,,,,,,,,,,,71.6,625,,,,,,,,,,,,,,,,,,
2026-06-30T19:00:13.849594+00:00,2026-07-01T05:00:13.848594,3,2,71.55,0.1,71.5,445,71.4,500,71.3,200,,,,,,,,,,,,,,,71.6,625,71.9,500,,,,,,,,,,,,,,,,
2026-06-30T19:00:13.893162+00:00,2026-07-01T05:00:13.890162,2,2,71.55,0.1,71.5,445,71.4,700,,,,,,,,,,,,,,,,,71.6,825,71.9,500,,,,,,,,,,,,,,,,
2026-06-30T19:00:14.471668+00:00,2026-07-01T05:00:14.466668,2,1,71.55,0.1,71.5,445,71.4,200,,,,,,,,,,,,,,,,,71.6,825,,,,,,,,,,,,,,,,,,
2026-06-30T19:00:14.482668+00:00,2026-07-01T05:00:14.477668,2,2,71.55,0.1,71.5,445,71.4,700,,,,,,,,,,,,,,,,,71.6,825,71.9,500,,,,,,,,,,,,,,,,
2026-06-30T19:00:15.040740+00:00,2026-07-01T05:00:15.039740,1,2,71.5,0.2,71.4,700,,,,,,,,,,,,,,,,,,,71.6,200,71.9,500,,,,,,,,,,,,,,,,
2026-06-30T19:00:15.051740+00:00,2026-07-01T05:00:15.042740,1,2,71.5,0.2,71.4,1325,,,,,,,,,,,,,,,,,,,71.6,825,71.9,500,,,,,,,,,,,,,,,,
2026-06-30T19:00:15.062741+00:00,2026-07-01T05:00:15.060741,1,2,71.5,0.2,71.4,825,,,,,,,,,,,,,,,,,,,71.6,825,71.9,500,,,,,,,,,,,,,,,,
2026-06-30T19:00:15.073740+00:00,2026-07-01T05:00:15.072740,1,1,71.5,0.2,71.4,1325,,,,,,,,,,,,,,,,,,,71.6,825,,,,,,,,,,,,,,,,,,
2026-06-30T19:00:15.084308+00:00,2026-07-01T05:00:15.079308,1,2,71.5,0.2,71.4,1325,,,,,,,,,,,,,,,,,,,71.6,825,71.9,500,,,,,,,,,,,,,,,,
2026-06-30T19:00:15.106755+00:00,2026-07-01T05:00:15.104754,1,2,71.5,0.2,71.4,1325,,,,,,,,,,,,,,,,,,,71.6,825,71.9,500,,,,,,,,,,,,,,,,
2026-06-30T19:00:15.667822+00:00,2026-07-01T05:00:15.663822,1,2,71.5,0.2,71.4,825,,,,,,,,,,,,,,,,,,,71.6,825,71.9,500,,,,,,,,,,,,,,,,
2026-06-30T19:00:15.678822+00:00,2026-07-01T05:00:15.674822,1,1,71.5,0.2,71.4,1325,,,,,,,,,,,,,,,,,,,71.6,825,,,,,,,,,,,,,,,,,,
2026-06-30T19:00:15.689822+00:00,2026-07-01T05:00:15.679822,1,2,71.5,0.2,71.4,1325,,,,,,,,,,,,,,,,,,,71.6,825,71.9,500,,,,,,,,,,,,,,,,
2026-06-30T19:00:16.270893+00:00,2026-07-01T05:00:16.267893,1,2,71.5,0.2,71.4,825,,,,,,,,,,,,,,,,,,,71.6,825,71.9,500,,,,,,,,,,,,,,,,
2026-06-30T19:00:16.281893+00:00,2026-07-01T05:00:16.276893,1,1,71.5,0.2,71.4,1325,,,,,,,,,,,,,,,,,,,71.6,825,,,,,,,,,,,,,,,,,,
2026-06-30T19:00:16.292894+00:00,2026-07-01T05:00:16.282893,1,2,71.5,0.2,71.4,1325,,,,,,,,,,,,,,,,,,,71.6,825,71.9,500,,,,,,,,,,,,,,,,
2026-06-30T19:00:16.314448+00:00,2026-07-01T05:00:16.310449,1,3,71.5,0.2,71.4,1125,,,,,,,,,,,,,,,,,,,71.6,425,71.8,200,71.9,500,,,,,,,,,,,,,,
2026-06-30T19:00:16.347461+00:00,2026-07-01T05:00:16.346461,1,2,71.6,0.4,71.4,500,,,,,,,,,,,,,,,,,,,71.8,200,71.9,500,,,,,,,,,,,,,,,,
2026-06-30T19:00:16.358460+00:00,2026-07-01T05:00:16.349461,2,2,71.7,0.2,71.6,625,71.4,500,,,,,,,,,,,,,,,,,71.8,825,71.9,500,,,,,,,,,,,,,,,,
2026-06-30T19:00:16.380460+00:00,2026-07-01T05:00:16.374460,2,2,71.7,0.2,71.6,610,71.4,500,,,,,,,,,,,,,,,,,71.8,825,71.9,500,,,,,,,,,,,,,,,,
2026-06-30T19:00:16.881379+00:00,2026-07-01T05:00:16.881379,1,1,71.7,0.2,71.6,610,,,,,,,,,,,,,,,,,,,71.8,825,,,,,,,,,,,,,,,,,,
2026-06-30T19:00:16.892379+00:00,2026-07-01T05:00:16.887380,2,1,71.7,0.2,71.6,610,71.4,500,,,,,,,,,,,,,,,,,71.8,825,,,,,,,,,,,,,,,,,,
2026-06-30T19:00:16.903379+00:00,2026-07-01T05:00:16.895379,2,1,71.7,0.2,71.6,610,71.4,500,,,,,,,,,,,,,,,,,71.8,1325,,,,,,,,,,,,,,,,,,
2026-06-30T19:00:17.472721+00:00,2026-07-01T05:00:17.471721,1,1,71.7,0.2,71.6,610,,,,,,,,,,,,,,,,,,,71.8,1325,,,,,,,,,,,,,,,,,,
2026-06-30T19:00:17.483721+00:00,2026-07-01T05:00:17.478721,1,1,71.7,0.2,71.6,610,,,,,,,,,,,,,,,,,,,71.8,825,,,,,,,,,,,,,,,,,,
2026-06-30T19:00:17.494398+00:00,2026-07-01T05:00:17.489398,2,1,71.7,0.2,71.6,610,71.4,500,,,,,,,,,,,,,,,,,71.8,1325,,,,,,,,,,,,,,,,,,
2026-06-30T19:00:17.516398+00:00,2026-07-01T05:00:17.514398,2,1,71.7,0.2,71.6,610,71.4,700,,,,,,,,,,,,,,,,,71.8,1125,,,,,,,,,,,,,,,,,,
2026-06-30T19:00:17.527398+00:00,2026-07-01T05:00:17.517398,2,1,71.7,0.2,71.6,410,71.4,700,,,,,,,,,,,,,,,,,71.8,1125,,,,,,,,,,,,,,,,,,
2026-06-30T19:00:17.658750+00:00,2026-07-01T05:00:17.656750,1,2,71.5,0.2,71.4,1325,,,,,,,,,,,,,,,,,,,71.6,625,71.8,500,,,,,,,,,,,,,,,,
2026-06-30T19:00:17.922192+00:00,2026-07-01T05:00:17.913193,1,2,71.5,0.2,71.4,1325,,,,,,,,,,,,,,,,,,,71.6,605,71.8,500,,,,,,,,,,,,,,,,
2026-06-30T19:00:18.085139+00:00,2026-07-01T05:00:18.081139,1,1,71.5,0.2,71.4,825,,,,,,,,,,,,,,,,,,,71.6,605,,,,,,,,,,,,,,,,,,
2026-06-30T19:00:18.096317+00:00,2026-07-01T05:00:18.091139,1,2,71.5,0.2,71.4,1325,,,,,,,,,,,,,,,,,,,71.6,605,71.9,500,,,,,,,,,,,,,,,,
2026-06-30T19:00:18.654662+00:00,2026-07-01T05:00:18.646661,1,2,71.5,0.2,71.4,1325,,,,,,,,,,,,,,,,,,,71.6,585,71.9,500,,,,,,,,,,,,,,,,
2026-06-30T19:00:18.687380+00:00,2026-07-01T05:00:18.684381,1,1,71.5,0.2,71.4,825,,,,,,,,,,,,,,,,,,,71.6,585,,,,,,,,,,,,,,,,,,
2026-06-30T19:00:18.698382+00:00,2026-07-01T05:00:18.695380,1,2,71.5,0.2,71.4,1325,,,,,,,,,,,,,,,,,,,71.6,585,71.8,500,,,,,,,,,,,,,,,,
2026-06-30T19:00:18.731380+00:00,2026-07-01T05:00:18.729381,1,3,71.5,0.2,71.4,1125,,,,,,,,,,,,,,,,,,,71.6,385,71.7,200,71.8,500,,,,,,,,,,,,,,
2026-06-30T19:00:18.960783+00:00,2026-07-01T05:00:18.959783,1,3,71.5,0.2,71.4,500,,,,,,,,,,,,,,,,,,,71.6,385,71.7,200,71.8,500,,,,,,,,,,,,,,
2026-06-30T19:00:18.971784+00:00,2026-07-01T05:00:18.968783,1,3,71.5,0.2,71.4,1125,,,,,,,,,,,,,,,,,,,71.6,625,71.7,200,71.8,500,,,,,,,,,,,,,,
2026-06-30T19:00:19.289222+00:00,2026-07-01T05:00:19.286224,1,2,71.5,0.2,71.4,1125,,,,,,,,,,,,,,,,,,,71.6,625,71.7,200,,,,,,,,,,,,,,,,
2026-06-30T19:00:19.311222+00:00,2026-07-01T05:00:19.301222,1,3,71.5,0.2,71.4,1125,,,,,,,,,,,,,,,,,,,71.6,625,71.7,200,71.8,500,,,,,,,,,,,,,,
2026-06-30T19:00:19.889932+00:00,2026-07-01T05:00:19.888933,1,2,71.5,0.2,71.4,625,,,,,,,,,,,,,,,,,,,71.6,625,71.7,200,,,,,,,,,,,,,,,,
2026-06-30T19:00:19.900933+00:00,2026-07-01T05:00:19.894943,1,2,71.5,0.2,71.4,1125,,,,,,,,,,,,,,,,,,,71.6,625,71.7,200,,,,,,,,,,,,,,,,
2026-06-30T19:00:19.911931+00:00,2026-07-01T05:00:19.901933,1,3,71.5,0.2,71.4,1125,,,,,,,,,,,,,,,,,,,71.6,625,71.7,200,71.8,500,,,,,,,,,,,,,,
2026-06-30T19:00:19.933931+00:00,2026-07-01T05:00:19.932932,1,2,71.5,0.2,71.4,1125,,,,,,,,,,,,,,,,,,,71.6,625,71.8,500,,,,,,,,,,,,,,,,
2026-06-30T19:00:19.944188+00:00,2026-07-01T05:00:19.941188,1,3,71.5,0.2,71.4,1125,,,,,,,,,,,,,,,,,,,71.6,425,71.7,200,71.8,500,,,,,,,,,,,,,,
2026-06-30T19:00:19.976969+00:00,2026-07-01T05:00:19.973969,1,3,71.5,0.2,71.4,1125,,,,,,,,,,,,,,,,,,,71.6,405,71.7,200,71.8,500,,,,,,,,,,,,,,
2026-06-30T19:00:20.273559+00:00,2026-07-01T05:00:20.272559,1,2,71.55,0.3,71.4,500,,,,,,,,,,,,,,,,,,,71.7,200,71.8,500,,,,,,,,,,,,,,,,
2026-06-30T19:00:20.284559+00:00,2026-07-01T05:00:20.279559,2,2,71.6,0.2,71.5,625,71.4,500,,,,,,,,,,,,,,,,,71.7,825,71.8,500,,,,,,,,,,,,,,,,
2026-06-30T19:00:20.525441+00:00,2026-07-01T05:00:20.519441,1,2,71.6,0.2,71.5,625,,,,,,,,,,,,,,,,,,,71.7,825,71.8,500,,,,,,,,,,,,,,,,
2026-06-30T19:00:20.536434+00:00,2026-07-01T05:00:20.527442,1,1,71.6,0.2,71.5,625,,,,,,,,,,,,,,,,,,,71.7,825,,,,,,,,,,,,,,,,,,
2026-06-30T19:00:20.547434+00:00,2026-07-01T05:00:20.543434,2,2,71.6,0.2,71.5,625,71.4,500,,,,,,,,,,,,,,,,,71.7,825,71.8,500,,,,,,,,,,,,,,,,
2026-06-30T19:00:21.126611+00:00,2026-07-01T05:00:21.124092,1,2,71.6,0.2,71.5,625,,,,,,,,,,,,,,,,,,,71.7,825,71.8,500,,,,,,,,,,,,,,,,
2026-06-30T19:00:21.148124+00:00,2026-07-01T05:00:21.144124,2,1,71.6,0.2,71.5,625,71.4,500,,,,,,,,,,,,,,,,,71.7,825,,,,,,,,,,,,,,,,,,
2026-06-30T19:00:21.159124+00:00,2026-07-01T05:00:21.151124,2,2,71.6,0.2,71.5,625,71.4,500,,,,,,,,,,,,,,,,,71.7,825,71.8,500,,,,,,,,,,,,,,,,
2026-06-30T19:00:21.170124+00:00,2026-07-01T05:00:21.165125,3,2,71.65,0.1,71.6,200,71.5,625,71.4,500,,,,,,,,,,,,,,,71.7,625,71.8,500,,,,,,,,,,,,,,,,
2026-06-30T19:00:21.181124+00:00,2026-07-01T05:00:21.175124,3,2,71.65,0.1,71.6,200,71.5,625,71.4,500,,,,,,,,,,,,,,,71.7,825,71.8,500,,,,,,,,,,,,,,,,
2026-06-30T19:00:21.224515+00:00,2026-07-01T05:00:21.215514,3,2,71.65,0.1,71.6,190,71.5,625,71.4,500,,,,,,,,,,,,,,,71.7,825,71.8,500,,,,,,,,,,,,,,,,
2026-06-30T19:00:21.586562+00:00,2026-07-01T05:00:21.578179,2,2,71.65,0.1,71.6,190,71.4,500,,,,,,,,,,,,,,,,,71.7,825,71.8,500,,,,,,,,,,,,,,,,
2026-06-30T19:00:21.597562+00:00,2026-07-01T05:00:21.586562,3,2,71.65,0.1,71.6,190,71.5,625,71.4,500,,,,,,,,,,,,,,,71.7,825,71.8,500,,,,,,,,,,,,,,,,
2026-06-30T19:00:21.728578+00:00,2026-07-01T05:00:21.724578,2,2,71.65,0.1,71.6,190,71.5,625,,,,,,,,,,,,,,,,,71.7,825,71.8,500,,,,,,,,,,,,,,,,
2026-06-30T19:00:21.739579+00:00,2026-07-01T05:00:21.737577,3,1,71.65,0.1,71.6,190,71.5,625,71.4,500,,,,,,,,,,,,,,,71.7,825,,,,,,,,,,,,,,,,,,
2026-06-30T19:00:21.750577+00:00,2026-07-01T05:00:21.743578,3,2,71.65,0.1,71.6,190,71.5,625,71.4,500,,,,,,,,,,,,,,,71.7,825,71.8,500,,,,,,,,,,,,,,,,
2026-06-30T19:00:22.330040+00:00,2026-07-01T05:00:22.327041,2,2,71.65,0.1,71.6,190,71.5,625,,,,,,,,,,,,,,,,,71.7,825,71.8,500,,,,,,,,,,,,,,,,
2026-06-30T19:00:22.341040+00:00,2026-07-01T05:00:22.340041,3,1,71.65,0.1,71.6,190,71.5,625,71.4,500,,,,,,,,,,,,,,,71.7,825,,,,,,,,,,,,,,,,,,
2026-06-30T19:00:22.352041+00:00,2026-07-01T05:00:22.346040,3,2,71.65,0.1,71.6,190,71.5,625,71.4,500,,,,,,,,,,,,,,,71.7,825,71.8,500,,,,,,,,,,,,,,,,
2026-06-30T19:00:22.385041+00:00,2026-07-01T05:00:22.383041,2,2,71.6,0.2,71.5,625,71.4,500,,,,,,,,,,,,,,,,,71.7,625,71.8,500,,,,,,,,,,,,,,,,
2026-06-30T19:00:22.395584+00:00,2026-07-01T05:00:22.393040,3,2,71.65,0.1,71.6,200,71.5,625,71.4,500,,,,,,,,,,,,,,,71.7,625,71.8,700,,,,,,,,,,,,,,,,
2026-06-30T19:00:22.888117+00:00,2026-07-01T05:00:22.887117,2,1,71.7,0.2,71.6,200,71.4,500,,,,,,,,,,,,,,,,,71.8,700,,,,,,,,,,,,,,,,,,
2026-06-30T19:00:22.899116+00:00,2026-07-01T05:00:22.890116,3,2,71.65,0.1,71.6,200,71.5,625,71.4,500,,,,,,,,,,,,,,,71.7,625,71.8,700,,,,,,,,,,,,,,,,
2026-06-30T19:00:22.932116+00:00,2026-07-01T05:00:22.930116,2,2,71.65,0.1,71.6,200,71.5,625,,,,,,,,,,,,,,,,,71.7,625,71.8,700,,,,,,,,,,,,,,,,
2026-06-30T19:00:22.943117+00:00,2026-07-01T05:00:22.941117,3,2,71.65,0.1,71.6,200,71.5,625,71.4,500,,,,,,,,,,,,,,,71.7,625,71.8,200,,,,,,,,,,,,,,,,
2026-06-30T19:00:22.954116+00:00,2026-07-01T05:00:22.947116,3,2,71.65,0.1,71.6,200,71.5,625,71.4,500,,,,,,,,,,,,,,,71.7,625,71.8,700,,,,,,,,,,,,,,,,
2026-06-30T19:00:23.533327+00:00,2026-07-01T05:00:23.531326,2,2,71.65,0.1,71.6,200,71.5,625,,,,,,,,,,,,,,,,,71.7,625,71.8,700,,,,,,,,,,,,,,,,
2026-06-30T19:00:23.555326+00:00,2026-07-01T05:00:23.550326,3,2,71.65,0.1,71.6,200,71.5,625,71.4,500,,,,,,,,,,,,,,,71.7,625,71.8,700,,,,,,,,,,,,,,,,
2026-06-30T19:00:23.599809+00:00,2026-07-01T05:00:23.599809,2,2,71.6,0.2,71.5,625,71.4,500,,,,,,,,,,,,,,,,,71.7,625,71.8,700,,,,,,,,,,,,,,,,
2026-06-30T19:00:23.610809+00:00,2026-07-01T05:00:23.604809,2,2,71.6,0.2,71.5,825,71.4,500,,,,,,,,,,,,,,,,,71.7,825,71.8,500,,,,,,,,,,,,,,,,
2026-06-30T19:00:23.753454+00:00,2026-07-01T05:00:23.742454,2,2,71.6,0.2,71.5,825,71.4,500,,,,,,,,,,,,,,,,,71.7,820,71.8,500,,,,,,,,,,,,,,,,
2026-06-30T19:00:23.808477+00:00,2026-07-01T05:00:23.805478,2,2,71.6,0.2,71.5,825,71.4,500,,,,,,,,,,,,,,,,,71.7,800,71.8,500,,,,,,,,,,,,,,,,
2026-06-30T19:00:24.136771+00:00,2026-07-01T05:00:24.134574,1,2,71.6,0.2,71.5,825,,,,,,,,,,,,,,,,,,,71.7,800,71.8,500,,,,,,,,,,,,,,,,
2026-06-30T19:00:24.147012+00:00,2026-07-01T05:00:24.141770,1,1,71.6,0.2,71.5,825,,,,,,,,,,,,,,,,,,,71.7,800,,,,,,,,,,,,,,,,,,
2026-06-30T19:00:24.157995+00:00,2026-07-01T05:00:24.152995,2,2,71.6,0.2,71.5,825,71.4,500,,,,,,,,,,,,,,,,,71.7,800,71.8,500,,,,,,,,,,,,,,,,
2026-06-30T19:00:24.201994+00:00,2026-07-01T05:00:24.197995,2,2,71.6,0.2,71.5,825,71.4,500,,,,,,,,,,,,,,,,,71.7,825,71.8,500,,,,,,,,,,,,,,,,
2026-06-30T19:00:24.737543+00:00,2026-07-01T05:00:24.737543,1,2,71.6,0.2,71.5,825,,,,,,,,,,,,,,,,,,,71.7,825,71.8,500,,,,,,,,,,,,,,,,
2026-06-30T19:00:24.748542+00:00,2026-07-01T05:00:24.745543,1,1,71.6,0.2,71.5,825,,,,,,,,,,,,,,,,,,,71.7,825,,,,,,,,,,,,,,,,,,
2026-06-30T19:00:24.759542+00:00,2026-07-01T05:00:24.758542,2,2,71.6,0.2,71.5,825,71.4,500,,,,,,,,,,,,,,,,,71.7,825,71.9,500,,,,,,,,,,,,,,,,
2026-06-30T19:00:24.814542+00:00,2026-07-01T05:00:24.813542,2,2,71.6,0.2,71.5,625,71.4,500,,,,,,,,,,,,,,,,,71.7,625,71.9,500,,,,,,,,,,,,,,,,
2026-06-30T19:00:24.825543+00:00,2026-07-01T05:00:24.819542,2,2,71.6,0.2,71.5,825,71.4,500,,,,,,,,,,,,,,,,,71.7,825,71.9,500,,,,,,,,,,,,,,,,
2026-06-30T19:00:25.341579+00:00,2026-07-01T05:00:25.339578,1,2,71.6,0.2,71.5,825,,,,,,,,,,,,,,,,,,,71.7,825,71.9,500,,,,,,,,,,,,,,,,
2026-06-30T19:00:25.352579+00:00,2026-07-01T05:00:25.346579,1,1,71.6,0.2,71.5,825,,,,,,,,,,,,,,,,,,,71.7,825,,,,,,,,,,,,,,,,,,
2026-06-30T19:00:25.363579+00:00,2026-07-01T05:00:25.358579,2,2,71.6,0.2,71.5,825,71.4,500,,,,,,,,,,,,,,,,,71.7,825,71.9,500,,,,,,,,,,,,,,,,
2026-06-30T19:00:25.505595+00:00,2026-07-01T05:00:25.504595,2,2,71.6,0.2,71.5,825,71.4,500,,,,,,,,,,,,,,,,,71.7,200,71.9,500,,,,,,,,,,,,,,,,
2026-06-30T19:00:25.516595+00:00,2026-07-01T05:00:25.506595,2,2,71.6,0.2,71.5,825,71.4,500,,,,,,,,,,,,,,,,,71.7,825,71.9,500,,,,,,,,,,,,,,,,
2026-06-30T19:00:25.943098+00:00,2026-07-01T05:00:25.942098,1,2,71.6,0.2,71.5,825,,,,,,,,,,,,,,,,,,,71.7,825,71.9,500,,,,,,,,,,,,,,,,
2026-06-30T19:00:25.954098+00:00,2026-07-01T05:00:25.949098,1,1,71.6,0.2,71.5,825,,,,,,,,,,,,,,,,,,,71.7,825,,,,,,,,,,,,,,,,,,
2026-06-30T19:00:25.964613+00:00,2026-07-01T05:00:25.963613,1,2,71.6,0.2,71.5,1325,,,,,,,,,,,,,,,,,,,71.7,825,71.9,500,,,,,,,,,,,,,,,,
2026-06-30T19:00:26.030626+00:00,2026-07-01T05:00:26.024627,1,2,71.6,0.2,71.5,1125,,,,,,,,,,,,,,,,,,,71.7,625,71.9,500,,,,,,,,,,,,,,,,
2026-06-30T19:00:26.041626+00:00,2026-07-01T05:00:26.032627,2,3,71.65,0.1,71.6,200,71.5,1125,,,,,,,,,,,,,,,,,71.7,625,71.8,200,71.9,500,,,,,,,,,,,,,,
2026-06-30T19:00:26.577588+00:00,2026-07-01T05:00:26.575587,2,3,71.65,0.1,71.6,200,71.5,625,,,,,,,,,,,,,,,,,71.7,625,71.8,200,71.9,500,,,,,,,,,,,,,,
2026-06-30T19:00:26.588588+00:00,2026-07-01T05:00:26.584587,2,2,71.65,0.1,71.6,200,71.5,625,,,,,,,,,,,,,,,,,71.7,625,71.8,200,,,,,,,,,,,,,,,,
2026-06-30T19:00:26.599588+00:00,2026-07-01T05:00:26.597588,2,3,71.65,0.1,71.6,200,71.5,1125,,,,,,,,,,,,,,,,,71.7,625,71.8,200,72.0,500,,,,,,,,,,,,,,
2026-06-30T19:00:26.817844+00:00,2026-07-01T05:00:26.814330,2,3,71.55,0.1,71.5,500,71.4,625,,,,,,,,,,,,,,,,,71.6,425,71.8,200,72.0,500,,,,,,,,,,,,,,
2026-06-30T19:00:27.092240+00:00,2026-07-01T05:00:27.082240,2,3,71.55,0.1,71.5,490,71.4,625,,,,,,,,,,,,,,,,,71.6,425,71.8,200,72.0,500,,,,,,,,,,,,,,
2026-06-30T19:00:27.179617+00:00,2026-07-01T05:00:27.178616,1,3,71.5,0.2,71.4,625,,,,,,,,,,,,,,,,,,,71.6,425,71.8,200,72.0,500,,,,,,,,,,,,,,
2026-06-30T19:00:27.190617+00:00,2026-07-01T05:00:27.184617,1,2,71.5,0.2,71.4,625,,,,,,,,,,,,,,,,,,,71.6,425,71.8,200,,,,,,,,,,,,,,,,
2026-06-30T19:00:27.201617+00:00,2026-07-01T05:00:27.196617,2,2,71.7,0.2,71.6,75,71.4,625,,,,,,,,,,,,,,,,,71.8,200,72.0,500,,,,,,,,,,,,,,,,
2026-06-30T19:00:27.212616+00:00,2026-07-01T05:00:27.202617,2,2,71.7,0.2,71.6,65,71.4,625,,,,,,,,,,,,,,,,,71.8,200,72.0,500,,,,,,,,,,,,,,,,
2026-06-30T19:00:27.245617+00:00,2026-07-01T05:00:27.239617,2,2,71.55,0.1,71.5,200,71.4,625,,,,,,,,,,,,,,,,,71.6,135,72.0,500,,,,,,,,,,,,,,,,
2026-06-30T19:00:27.418500+00:00,2026-07-01T05:00:27.413501,2,2,71.55,0.1,71.5,190,71.4,625,,,,,,,,,,,,,,,,,71.6,135,72.0,500,,,,,,,,,,,,,,,,
2026-06-30T19:00:27.789331+00:00,2026-07-01T05:00:27.782332,2,1,71.55,0.1,71.5,190,71.4,625,,,,,,,,,,,,,,,,,71.6,135,,,,,,,,,,,,,,,,,,
2026-06-30T19:00:27.800332+00:00,2026-07-01T05:00:27.799333,3,1,71.8,0.4,71.6,365,71.5,190,71.4,625,,,,,,,,,,,,,,,72.0,500,,,,,,,,,,,,,,,,,,
2026-06-30T19:00:27.832847+00:00,2026-07-01T05:00:27.827847,3,1,71.8,0.4,71.6,350,71.5,190,71.4,625,,,,,,,,,,,,,,,72.0,500,,,,,,,,,,,,,,,,,,
2026-06-30T19:00:28.118375+00:00,2026-07-01T05:00:28.117375,2,1,71.8,0.4,71.6,350,71.5,190,,,,,,,,,,,,,,,,,72.0,500,,,,,,,,,,,,,,,,,,
2026-06-30T19:00:28.128624+00:00,2026-07-01T05:00:28.121375,2,2,71.65,0.1,71.6,975,71.5,190,,,,,,,,,,,,,,,,,71.7,625,72.0,500,,,,,,,,,,,,,,,,
2026-06-30T19:00:28.389047+00:00,2026-07-01T05:00:28.384047,2,2,71.65,0.1,71.6,625,71.5,190,,,,,,,,,,,,,,,,,71.7,625,72.0,500,,,,,,,,,,,,,,,,
2026-06-30T19:00:28.400047+00:00,2026-07-01T05:00:28.397046,2,1,71.65,0.1,71.6,1125,71.5,190,,,,,,,,,,,,,,,,,71.7,625,,,,,,,,,,,,,,,,,,
2026-06-30T19:00:28.411046+00:00,2026-07-01T05:00:28.403046,2,2,71.65,0.1,71.6,1125,71.5,190,,,,,,,,,,,,,,,,,71.7,625,72.1,500,,,,,,,,,,,,,,,,
2026-06-30T19:00:28.444046+00:00,2026-07-01T05:00:28.442047,1,2,71.65,0.1,71.6,1125,,,,,,,,,,,,,,,,,,,71.7,625,72.1,500,,,,,,,,,,,,,,,,
2026-06-30T19:00:28.455048+00:00,2026-07-01T05:00:28.446047,1,3,71.65,0.1,71.6,1325,,,,,,,,,,,,,,,,,,,71.7,625,71.8,200,72.1,500,,,,,,,,,,,,,,
2026-06-30T19:00:28.993146+00:00,2026-07-01T05:00:28.987148,1,3,71.65,0.1,71.6,825,,,,,,,,,,,,,,,,,,,71.7,625,71.8,200,72.1,500,,,,,,,,,,,,,,
2026-06-30T19:00:29.004147+00:00,2026-07-01T05:00:28.999147,1,2,71.65,0.1,71.6,1325,,,,,,,,,,,,,,,,,,,71.7,625,71.8,200,,,,,,,,,,,,,,,,
2026-06-30T19:00:29.015147+00:00,2026-07-01T05:00:29.005147,1,3,71.65,0.1,71.6,1325,,,,,,,,,,,,,,,,,,,71.7,625,71.8,200,72.1,500,,,,,,,,,,,,,,
2026-06-30T19:00:29.427798+00:00,2026-07-01T05:00:29.425470,2,2,71.75,0.1,71.7,625,71.6,700,,,,,,,,,,,,,,,,,71.8,200,72.1,500,,,,,,,,,,,,,,,,
2026-06-30T19:00:29.438297+00:00,2026-07-01T05:00:29.427798,2,3,71.75,0.1,71.7,625,71.6,700,,,,,,,,,,,,,,,,,71.8,200,71.9,625,72.1,500,,,,,,,,,,,,,,
2026-06-30T19:00:29.592387+00:00,2026-07-01T05:00:29.590386,2,3,71.75,0.1,71.7,625,71.6,200,,,,,,,,,,,,,,,,,71.8,200,71.9,625,72.1,500,,,,,,,,,,,,,,
2026-06-30T19:00:29.603044+00:00,2026-07-01T05:00:29.598386,2,2,71.75,0.1,71.7,625,71.6,200,,,,,,,,,,,,,,,,,71.8,200,71.9,625,,,,,,,,,,,,,,,,
2026-06-30T19:00:29.613916+00:00,2026-07-01T05:00:29.612999,2,3,71.75,0.1,71.7,625,71.6,700,,,,,,,,,,,,,,,,,71.8,200,71.9,625,72.1,500,,,,,,,,,,,,,,
2026-06-30T19:00:29.657005+00:00,2026-07-01T05:00:29.653471,2,2,71.8,0.2,71.7,825,71.6,500,,,,,,,,,,,,,,,,,71.9,625,72.1,500,,,,,,,,,,,,,,,,
2026-06-30T19:00:29.667527+00:00,2026-07-01T05:00:29.665005,2,2,71.8,0.2,71.7,825,71.6,500,,,,,,,,,,,,,,,,,71.9,825,72.1,500,,,,,,,,,,,,,,,,
2026-06-30T19:00:30.200630+00:00,2026-07-01T05:00:30.194629,1,2,71.8,0.2,71.7,825,,,,,,,,,,,,,,,,,,,71.9,825,72.1,500,,,,,,,,,,,,,,,,
2026-06-30T19:00:30.211630+00:00,2026-07-01T05:00:30.209629,2,1,71.8,0.2,71.7,825,71.6,500,,,,,,,,,,,,,,,,,71.9,825,,,,,,,,,,,,,,,,,,
2026-06-30T19:00:30.222630+00:00,2026-07-01T05:00:30.216629,2,2,71.8,0.2,71.7,825,71.6,500,,,,,,,,,,,,,,,,,71.9,825,72.1,500,,,,,,,,,,,,,,,,
2026-06-30T19:00:30.562182+00:00,2026-07-01T05:00:30.561182,2,2,71.8,0.2,71.7,825,71.6,500,,,,,,,,,,,,,,,,,71.9,805,72.1,500,,,,,,,,,,,,,,,,
2026-06-30T19:00:30.725686+00:00,2026-07-01T05:00:30.723686,2,2,71.8,0.2,71.7,825,71.6,500,,,,,,,,,,,,,,,,,71.9,800,72.1,500,,,,,,,,,,,,,,,,
2026-06-30T19:00:30.736575+00:00,2026-07-01T05:00:30.735575,3,2,71.85,0.1,71.8,625,71.7,200,71.6,500,,,,,,,,,,,,,,,71.9,200,72.1,500,,,,,,,,,,,,,,,,
2026-06-30T19:00:30.747704+00:00,2026-07-01T05:00:30.738575,3,2,71.85,0.1,71.8,625,71.7,200,71.6,500,,,,,,,,,,,,,,,71.9,825,72.1,500,,,,,,,,,,,,,,,,
2026-06-30T19:00:30.791703+00:00,2026-07-01T05:00:30.788703,3,2,71.85,0.1,71.8,625,71.7,200,71.6,500,,,,,,,,,,,,,,,71.9,815,72.1,500,,,,,,,,,,,,,,,,
2026-06-30T19:00:30.802703+00:00,2026-07-01T05:00:30.800704,2,2,71.85,0.1,71.8,625,71.7,200,,,,,,,,,,,,,,,,,71.9,815,72.1,500,,,,,,,,,,,,,,,,
2026-06-30T19:00:30.813703+00:00,2026-07-01T05:00:30.805703,2,1,71.85,0.1,71.8,625,71.7,200,,,,,,,,,,,,,,,,,71.9,815,,,,,,,,,,,,,,,,,,
2026-06-30T19:00:30.824703+00:00,2026-07-01T05:00:30.819703,3,2,71.85,0.1,71.8,625,71.7,200,71.6,500,,,,,,,,,,,,,,,71.9,815,72.1,500,,,,,,,,,,,,,,,,
2026-06-30T19:00:30.857353+00:00,2026-07-01T05:00:30.855714,3,2,71.85,0.1,71.8,625,71.7,200,71.6,500,,,,,,,,,,,,,,,71.9,795,72.1,500,,,,,,,,,,,,,,,,
2026-06-30T19:00:30.868351+00:00,2026-07-01T05:00:30.867350,2,2,71.85,0.1,71.8,825,71.6,500,,,,,,,,,,,,,,,,,71.9,625,72.1,500,,,,,,,,,,,,,,,,
2026-06-30T19:00:30.879351+00:00,2026-07-01T05:00:30.871350,2,2,71.85,0.1,71.8,825,71.6,500,,,,,,,,,,,,,,,,,71.9,825,72.1,500,,,,,,,,,,,,,,,,
2026-06-30T19:00:31.076248+00:00,2026-07-01T05:00:31.066248,2,2,71.85,0.1,71.8,815,71.6,500,,,,,,,,,,,,,,,,,71.9,825,72.1,500,,,,,,,,,,,,,,,,
2026-06-30T19:00:31.404442+00:00,2026-07-01T05:00:31.399443,1,2,71.85,0.1,71.8,815,,,,,,,,,,,,,,,,,,,71.9,825,72.1,500,,,,,,,,,,,,,,,,
2026-06-30T19:00:31.415442+00:00,2026-07-01T05:00:31.411443,2,1,71.85,0.1,71.8,815,71.7,500,,,,,,,,,,,,,,,,,71.9,825,,,,,,,,,,,,,,,,,,
2026-06-30T19:00:31.426107+00:00,2026-07-01T05:00:31.418107,2,2,71.85,0.1,71.8,815,71.7,500,,,,,,,,,,,,,,,,,71.9,825,72.1,500,,,,,,,,,,,,,,,,
2026-06-30T19:00:31.928744+00:00,2026-07-01T05:00:31.920743,2,2,71.85,0.1,71.8,815,71.7,500,,,,,,,,,,,,,,,,,71.9,625,72.1,500,,,,,,,,,,,,,,,,
2026-06-30T19:00:32.005260+00:00,2026-07-01T05:00:32.001259,1,2,71.85,0.1,71.8,815,,,,,,,,,,,,,,,,,,,71.9,625,72.1,500,,,,,,,,,,,,,,,,
2026-06-30T19:00:32.016260+00:00,2026-07-01T05:00:32.015259,2,1,71.85,0.1,71.8,815,71.7,500,,,,,,,,,,,,,,,,,71.9,625,,,,,,,,,,,,,,,,,,
2026-06-30T19:00:32.027272+00:00,2026-07-01T05:00:32.020260,2,2,71.85,0.1,71.8,815,71.7,500,,,,,,,,,,,,,,,,,71.9,625,72.2,500,,,,,,,,,,,,,,,,
2026-06-30T19:00:32.049271+00:00,2026-07-01T05:00:32.044272,2,2,71.85,0.1,71.8,825,71.7,500,,,,,,,,,,,,,,,,,71.9,200,72.2,500,,,,,,,,,,,,,,,,
2026-06-30T19:00:32.060271+00:00,2026-07-01T05:00:32.049271,2,2,71.85,0.1,71.8,825,71.7,500,,,,,,,,,,,,,,,,,71.9,825,72.2,500,,,,,,,,,,,,,,,,
2026-06-30T19:00:32.082271+00:00,2026-07-01T05:00:32.082271,2,2,71.85,0.1,71.8,625,71.7,500,,,,,,,,,,,,,,,,,71.9,425,72.2,500,,,,,,,,,,,,,,,,
2026-06-30T19:00:32.093272+00:00,2026-07-01T05:00:32.086271,2,3,71.85,0.1,71.8,625,71.7,500,,,,,,,,,,,,,,,,,71.9,425,72.1,200,72.2,500,,,,,,,,,,,,,,
2026-06-30T19:00:32.649975+00:00,2026-07-01T05:00:32.645974,1,2,71.85,0.1,71.8,625,,,,,,,,,,,,,,,,,,,71.9,425,72.1,200,,,,,,,,,,,,,,,,
2026-06-30T19:00:32.660975+00:00,2026-07-01T05:00:32.656974,2,2,71.85,0.1,71.8,625,71.7,500,,,,,,,,,,,,,,,,,71.9,425,72.1,700,,,,,,,,,,,,,,,,
2026-06-30T19:00:33.251167+00:00,2026-07-01T05:00:33.244167,1,2,71.85,0.1,71.8,625,,,,,,,,,,,,,,,,,,,71.9,425,72.1,700,,,,,,,,,,,,,,,,
2026-06-30T19:00:33.262167+00:00,2026-07-01T05:00:33.251167,1,2,71.85,0.1,71.8,625,,,,,,,,,,,,,,,,,,,71.9,425,72.1,200,,,,,,,,,,,,,,,,
2026-06-30T19:00:33.273168+00:00,2026-07-01T05:00:33.265167,2,2,71.85,0.1,71.8,625,71.6,500,,,,,,,,,,,,,,,,,71.9,425,72.1,700,,,,,,,,,,,,,,,,
2026-06-30T19:00:33.295166+00:00,2026-07-01T05:00:33.289166,3,2,71.85,0.1,71.8,625,71.7,200,71.6,500,,,,,,,,,,,,,,,71.9,425,72.1,500,,,,,,,,,,,,,,,,
2026-06-30T19:00:33.305683+00:00,2026-07-01T05:00:33.296687,3,2,71.85,0.1,71.8,625,71.7,200,71.6,500,,,,,,,,,,,,,,,71.9,625,72.1,500,,,,,,,,,,,,,,,,
2026-06-30T19:00:33.360683+00:00,2026-07-01T05:00:33.357683,2,2,71.8,0.2,71.7,200,71.6,500,,,,,,,,,,,,,,,,,71.9,200,72.1,500,,,,,,,,,,,,,,,,
2026-06-30T19:00:33.371683+00:00,2026-07-01T05:00:33.362683,3,1,72.05,0.1,72.0,425,71.7,200,71.6,500,,,,,,,,,,,,,,,72.1,1125,,,,,,,,,,,,,,,,,,
2026-06-30T19:00:33.849457+00:00,2026-07-01T05:00:33.844457,2,1,72.05,0.1,72.0,425,71.7,200,,,,,,,,,,,,,,,,,72.1,1125,,,,,,,,,,,,,,,,,,
2026-06-30T19:00:33.860456+00:00,2026-07-01T05:00:33.857457,3,1,72.05,0.1,72.0,425,71.7,200,71.6,500,,,,,,,,,,,,,,,72.1,625,,,,,,,,,,,,,,,,,,
2026-06-30T19:00:33.871456+00:00,2026-07-01T05:00:33.862457,3,1,72.05,0.1,72.0,425,71.7,200,71.6,500,,,,,,,,,,,,,,,72.1,1125,,,,,,,,,,,,,,,,,,
2026-06-30T19:00:34.047265+00:00,2026-07-01T05:00:34.045264,3,1,72.05,0.1,72.0,415,71.7,200,71.6,500,,,,,,,,,,,,,,,72.1,1125,,,,,,,,,,,,,,,,,,
2026-06-30T19:00:34.364699+00:00,2026-07-01T05:00:34.356699,3,1,72.05,0.1,72.0,405,71.7,200,71.6,500,,,,,,,,,,,,,,,72.1,1125,,,,,,,,,,,,,,,,,,
2026-06-30T19:00:34.452057+00:00,2026-07-01T05:00:34.448057,2,1,72.05,0.1,72.0,405,71.7,200,,,,,,,,,,,,,,,,,72.1,1125,,,,,,,,,,,,,,,,,,
2026-06-30T19:00:34.463057+00:00,2026-07-01T05:00:34.461057,3,1,72.05,0.1,72.0,405,71.7,200,71.6,500,,,,,,,,,,,,,,,72.1,625,,,,,,,,,,,,,,,,,,
2026-06-30T19:00:34.474057+00:00,2026-07-01T05:00:34.469057,3,1,72.05,0.1,72.0,405,71.7,200,71.6,500,,,,,,,,,,,,,,,72.1,1125,,,,,,,,,,,,,,,,,,
2026-06-30T19:00:34.506572+00:00,2026-07-01T05:00:34.502572,3,1,72.05,0.1,72.0,405,71.9,200,71.6,500,,,,,,,,,,,,,,,72.1,1325,,,,,,,,,,,,,,,,,,
2026-06-30T19:00:34.669638+00:00,2026-07-01T05:00:34.667638,2,1,72.0,0.2,71.9,200,71.6,500,,,,,,,,,,,,,,,,,72.1,700,,,,,,,,,,,,,,,,,,
2026-06-30T19:00:34.680638+00:00,2026-07-01T05:00:34.676638,2,2,71.8,0.2,71.7,625,71.6,500,,,,,,,,,,,,,,,,,71.9,425,72.1,700,,,,,,,,,,,,,,,,
2026-06-30T19:00:35.051712+00:00,2026-07-01T05:00:35.049712,1,2,71.8,0.2,71.7,625,,,,,,,,,,,,,,,,,,,71.9,425,72.1,700,,,,,,,,,,,,,,,,
2026-06-30T19:00:35.062712+00:00,2026-07-01T05:00:35.061712,2,2,71.8,0.2,71.7,625,71.6,500,,,,,,,,,,,,,,,,,71.9,425,72.1,200,,,,,,,,,,,,,,,,
2026-06-30T19:00:35.073711+00:00,2026-07-01T05:00:35.065712,2,3,71.8,0.2,71.7,625,71.6,500,,,,,,,,,,,,,,,,,71.9,425,72.0,500,72.1,200,,,,,,,,,,,,,,
2026-06-30T19:00:35.128503+00:00,2026-07-01T05:00:35.123503,2,3,71.8,0.2,71.7,625,71.6,500,,,,,,,,,,,,,,,,,71.9,415,72.0,500,72.1,200,,,,,,,,,,,,,,
2026-06-30T19:00:35.347055+00:00,2026-07-01T05:00:35.336054,2,3,71.8,0.2,71.7,625,71.6,500,,,,,,,,,,,,,,,,,71.9,405,72.0,500,72.1,200,,,,,,,,,,,,,,
2026-06-30T19:00:35.434089+00:00,2026-07-01T05:00:35.433088,2,3,71.8,0.2,71.7,615,71.6,500,,,,,,,,,,,,,,,,,71.9,405,72.0,500,72.1,200,,,,,,,,,,,,,,
2026-06-30T19:00:35.653382+00:00,2026-07-01T05:00:35.653382,1,3,71.8,0.2,71.7,615,,,,,,,,,,,,,,,,,,,71.9,405,72.0,500,72.1,200,,,,,,,,,,,,,,
2026-06-30T19:00:35.664382+00:00,2026-07-01T05:00:35.659381,1,2,71.8,0.2,71.7,615,,,,,,,,,,,,,,,,,,,71.9,405,72.1,200,,,,,,,,,,,,,,,,
2026-06-30T19:00:35.675382+00:00,2026-07-01T05:00:35.670382,2,3,71.8,0.2,71.7,615,71.5,500,,,,,,,,,,,,,,,,,71.9,405,72.0,500,72.1,200,,,,,,,,,,,,,,
2026-06-30T19:00:35.707898+00:00,2026-07-01T05:00:35.706898,2,2,71.8,0.2,71.7,615,71.5,500,,,,,,,,,,,,,,,,,71.9,405,72.0,500,,,,,,,,,,,,,,,,
2026-06-30T19:00:35.718899+00:00,2026-07-01T05:00:35.709898,3,3,71.75,0.1,71.7,615,71.6,200,71.5,500,,,,,,,,,,,,,,,71.8,200,71.9,405,72.0,500,,,,,,,,,,,,,,
2026-06-30T19:00:35.991903+00:00,2026-07-01T05:00:35.989902,2,2,71.7,0.2,71.6,825,71.5,500,,,,,,,,,,,,,,,,,71.8,200,72.0,500,,,,,,,,,,,,,,,,
2026-06-30T19:00:36.002903+00:00,2026-07-01T05:00:35.992903,2,2,71.7,0.2,71.6,825,71.5,500,,,,,,,,,,,,,,,,,71.8,825,72.0,500,,,,,,,,,,,,,,,,
2026-06-30T19:00:36.266379+00:00,2026-07-01T05:00:36.263379,1,1,71.7,0.2,71.6,825,,,,,,,,,,,,,,,,,,,71.8,825,,,,,,,,,,,,,,,,,,
2026-06-30T19:00:36.276922+00:00,2026-07-01T05:00:36.275922,2,2,71.7,0.2,71.6,825,71.5,500,,,,,,,,,,,,,,,,,71.8,825,72.0,500,,,,,,,,,,,,,,,,
2026-06-30T19:00:36.867282+00:00,2026-07-01T05:00:36.859761,1,2,71.7,0.2,71.6,825,,,,,,,,,,,,,,,,,,,71.8,825,72.0,500,,,,,,,,,,,,,,,,
2026-06-30T19:00:36.877832+00:00,2026-07-01T05:00:36.872796,2,1,71.7,0.2,71.6,825,71.5,500,,,,,,,,,,,,,,,,,71.8,825,,,,,,,,,,,,,,,,,,
2026-06-30T19:00:36.888827+00:00,2026-07-01T05:00:36.879827,2,2,71.7,0.2,71.6,825,71.5,500,,,,,,,,,,,,,,,,,71.8,825,72.0,500,,,,,,,,,,,,,,,,
2026-06-30T19:00:36.921280+00:00,2026-07-01T05:00:36.919280,2,2,71.7,0.2,71.6,825,71.5,500,,,,,,,,,,,,,,,,,71.8,825,72.0,500,,,,,,,,,,,,,,,,
2026-06-30T19:00:37.301289+00:00,2026-07-01T05:00:37.299779,3,2,71.75,0.1,71.7,625,71.6,200,71.5,500,,,,,,,,,,,,,,,71.8,200,72.0,500,,,,,,,,,,,,,,,,
2026-06-30T19:00:37.311805+00:00,2026-07-01T05:00:37.302804,3,3,71.75,0.1,71.7,625,71.6,200,71.5,500,,,,,,,,,,,,,,,71.8,200,71.9,625,72.0,500,,,,,,,,,,,,,,
2026-06-30T19:00:37.463387+00:00,2026-07-01T05:00:37.459870,2,3,71.75,0.1,71.7,625,71.6,200,,,,,,,,,,,,,,,,,71.8,200,71.9,625,72.0,500,,,,,,,,,,,,,,
2026-06-30T19:00:37.473903+00:00,2026-07-01T05:00:37.472903,2,2,71.75,0.1,71.7,625,71.6,700,,,,,,,,,,,,,,,,,71.8,200,71.9,625,,,,,,,,,,,,,,,,
2026-06-30T19:00:37.495416+00:00,2026-07-01T05:00:37.486903,2,3,71.75,0.1,71.7,625,71.6,700,,,,,,,,,,,,,,,,,71.8,200,71.9,625,72.0,500,,,,,,,,,,,,,,
2026-06-30T19:00:37.614963+00:00,2026-07-01T05:00:37.612963,2,3,71.75,0.1,71.7,625,71.6,700,,,,,,,,,,,,,,,,,71.8,190,71.9,625,72.0,500,,,,,,,,,,,,,,
2026-06-30T19:00:37.973576+00:00,2026-07-01T05:00:37.962576,2,3,71.75,0.1,71.7,605,71.6,700,,,,,,,,,,,,,,,,,71.8,190,71.9,625,72.0,500,,,,,,,,,,,,,,
2026-06-30T19:00:38.070710+00:00,2026-07-01T05:00:38.068711,2,2,71.75,0.1,71.7,605,71.6,200,,,,,,,,,,,,,,,,,71.8,190,71.9,625,,,,,,,,,,,,,,,,
2026-06-30T19:00:38.081710+00:00,2026-07-01T05:00:38.080711,2,3,71.75,0.1,71.7,605,71.6,700,,,,,,,,,,,,,,,,,71.8,190,71.9,625,72.0,500,,,,,,,,,,,,,,
2026-06-30T19:00:38.125709+00:00,2026-07-01T05:00:38.121710,2,3,71.75,0.1,71.7,605,71.6,500,,,,,,,,,,,,,,,,,71.8,190,71.9,625,72.0,500,,,,,,,,,,,,,,
2026-06-30T19:00:38.136225+00:00,2026-07-01T05:00:38.131225,3,2,71.8,0.2,71.7,405,71.6,500,71.4,200,,,,,,,,,,,,,,,71.9,625,72.0,500,,,,,,,,,,,,,,,,
2026-06-30T19:00:38.616376+00:00,2026-07-01T05:00:38.615375,3,1,71.8,0.4,71.6,500,71.5,625,71.4,200,,,,,,,,,,,,,,,72.0,500,,,,,,,,,,,,,,,,,,
2026-06-30T19:00:38.627099+00:00,2026-07-01T05:00:38.621100,2,2,71.55,0.1,71.5,625,71.4,200,,,,,,,,,,,,,,,,,71.6,125,72.0,500,,,,,,,,,,,,,,,,
2026-06-30T19:00:38.637870+00:00,2026-07-01T05:00:38.630100,2,2,71.55,0.1,71.5,625,71.4,200,,,,,,,,,,,,,,,,,71.6,75,72.0,500,,,,,,,,,,,,,,,,
2026-06-30T19:00:38.702431+00:00,2026-07-01T05:00:38.698431,2,1,71.55,0.1,71.5,625,71.4,200,,,,,,,,,,,,,,,,,71.6,75,,,,,,,,,,,,,,,,,,
2026-06-30T19:00:38.713431+00:00,2026-07-01T05:00:38.712431,3,1,71.8,0.4,71.6,425,71.5,625,71.4,200,,,,,,,,,,,,,,,72.0,500,,,,,,,,,,,,,,,,,,
2026-06-30T19:00:39.303861+00:00,2026-07-01T05:00:39.301861,2,1,71.75,0.5,71.5,625,71.4,200,,,,,,,,,,,,,,,,,72.0,500,,,,,,,,,,,,,,,,,,
2026-06-30T19:00:39.314861+00:00,2026-07-01T05:00:39.308861,2,0,,,71.5,625,71.4,200,,,,,,,,,,,,,,,,,,,,,,,,,,,,,,,,,,,,
2026-06-30T19:00:39.325860+00:00,2026-07-01T05:00:39.314861,3,0,,,71.6,500,71.5,625,71.4,200,,,,,,,,,,,,,,,,,,,,,,,,,,,,,,,,,,
2026-06-30T19:00:39.336937+00:00,2026-07-01T05:00:39.328937,3,1,71.8,0.4,71.6,500,71.5,625,71.4,200,,,,,,,,,,,,,,,72.0,500,,,,,,,,,,,,,,,,,,
2026-06-30T19:00:39.347866+00:00,2026-07-01T05:00:39.343866,3,1,71.8,0.4,71.6,500,71.5,625,71.4,200,,,,,,,,,,,,,,,72.0,500,,,,,,,,,,,,,,,,,,
2026-06-30T19:00:39.358866+00:00,2026-07-01T05:00:39.350865,3,1,71.8,0.4,71.6,300,71.5,625,71.4,200,,,,,,,,,,,,,,,72.0,500,,,,,,,,,,,,,,,,,,
2026-06-30T19:00:39.914879+00:00,2026-07-01T05:00:39.911879,2,0,,,71.5,625,71.4,200,,,,,,,,,,,,,,,,,,,,,,,,,,,,,,,,,,,,
2026-06-30T19:00:39.925879+00:00,2026-07-01T05:00:39.924879,3,1,71.8,0.4,71.6,500,71.5,625,71.4,200,,,,,,,,,,,,,,,72.0,500,,,,,,,,,,,,,,,,,,
2026-06-30T19:00:39.947693+00:00,2026-07-01T05:00:39.941693,3,1,71.9,0.2,71.8,625,71.6,500,71.4,200,,,,,,,,,,,,,,,72.0,500,,,,,,,,,,,,,,,,,,
2026-06-30T19:00:39.958590+00:00,2026-07-01T05:00:39.950693,3,2,71.85,0.1,71.8,625,71.6,500,71.4,200,,,,,,,,,,,,,,,71.9,625,72.0,500,,,,,,,,,,,,,,,,
2026-06-30T19:00:40.528557+00:00,2026-07-01T05:00:40.519560,2,2,71.85,0.1,71.8,625,71.4,200,,,,,,,,,,,,,,,,,71.9,625,72.0,500,,,,,,,,,,,,,,,,
2026-06-30T19:00:40.539060+00:00,2026-07-01T05:00:40.537542,3,1,71.85,0.1,71.8,625,71.6,500,71.4,200,,,,,,,,,,,,,,,71.9,625,,,,,,,,,,,,,,,,,,
2026-06-30T19:00:40.549578+00:00,2026-07-01T05:00:40.544059,3,2,71.85,0.1,71.8,625,71.6,500,71.4,200,,,,,,,,,,,,,,,71.9,625,72.1,500,,,,,,,,,,,,,,,,
2026-06-30T19:00:40.560576+00:00,2026-07-01T05:00:40.558577,2,2,71.85,0.1,71.8,625,71.6,500,,,,,,,,,,,,,,,,,71.9,625,72.1,500,,,,,,,,,,,,,,,,
2026-06-30T19:00:40.571576+00:00,2026-07-01T05:00:40.569577,3,2,71.85,0.1,71.8,625,71.6,500,71.4,200,,,,,,,,,,,,,,,71.9,625,72.1,500,,,,,,,,,,,,,,,,
2026-06-30T19:00:40.582577+00:00,2026-07-01T05:00:40.577576,3,2,71.85,0.1,71.8,425,71.6,500,71.4,200,,,,,,,,,,,,,,,71.9,625,72.1,500,,,,,,,,,,,,,,,,
2026-06-30T19:00:41.019440+00:00,2026-07-01T05:00:41.015891,3,2,71.85,0.1,71.8,410,71.6,500,71.4,200,,,,,,,,,,,,,,,71.9,625,72.1,500,,,,,,,,,,,,,,,,
2026-06-30T19:00:41.118025+00:00,2026-07-01T05:00:41.117408,2,1,71.85,0.1,71.8,410,71.4,200,,,,,,,,,,,,,,,,,71.9,625,,,,,,,,,,,,,,,,,,
2026-06-30T19:00:41.129176+00:00,2026-07-01T05:00:41.128022,3,2,71.85,0.1,71.8,410,71.6,500,71.4,200,,,,,,,,,,,,,,,71.9,625,72.1,500,,,,,,,,,,,,,,,,
2026-06-30T19:00:41.260689+00:00,2026-07-01T05:00:41.256690,2,1,71.85,0.5,71.6,500,71.4,200,,,,,,,,,,,,,,,,,72.1,500,,,,,,,,,,,,,,,,,,
2026-06-30T19:00:41.271690+00:00,2026-07-01T05:00:41.265690,3,2,71.8,0.2,71.7,625,71.6,500,71.4,200,,,,,,,,,,,,,,,71.9,625,72.1,500,,,,,,,,,,,,,,,,
2026-06-30T19:00:41.664590+00:00,2026-07-01T05:00:41.660590,3,2,71.8,0.2,71.7,615,71.6,500,71.4,200,,,,,,,,,,,,,,,71.9,625,72.1,500,,,,,,,,,,,,,,,,
2026-06-30T19:00:41.718434+00:00,2026-07-01T05:00:41.713433,2,2,71.8,0.2,71.7,615,71.4,200,,,,,,,,,,,,,,,,,71.9,625,72.1,500,,,,,,,,,,,,,,,,
2026-06-30T19:00:41.728949+00:00,2026-07-01T05:00:41.726434,2,1,71.8,0.2,71.7,1115,71.4,200,,,,,,,,,,,,,,,,,71.9,625,,,,,,,,,,,,,,,,,,
2026-06-30T19:00:41.739466+00:00,2026-07-01T05:00:41.732949,2,2,71.8,0.2,71.7,1115,71.4,200,,,,,,,,,,,,,,,,,71.9,625,72.1,500,,,,,,,,,,,,,,,,
2026-06-30T19:00:41.783465+00:00,2026-07-01T05:00:41.779465,1,2,71.8,0.2,71.7,1115,,,,,,,,,,,,,,,,,,,71.9,625,72.1,500,,,,,,,,,,,,,,,,
2026-06-30T19:00:41.794465+00:00,2026-07-01T05:00:41.789466,2,2,71.8,0.2,71.7,915,71.4,200,,,,,,,,,,,,,,,,,71.9,625,72.1,500,,,,,,,,,,,,,,,,
2026-06-30T19:00:42.318575+00:00,2026-07-01T05:00:42.316537,2,2,71.8,0.2,71.7,415,71.4,200,,,,,,,,,,,,,,,,,71.9,625,72.1,500,,,,,,,,,,,,,,,,
2026-06-30T19:00:42.329094+00:00,2026-07-01T05:00:42.322573,2,1,71.8,0.2,71.7,415,71.4,200,,,,,,,,,,,,,,,,,71.9,625,,,,,,,,,,,,,,,,,,
2026-06-30T19:00:42.340092+00:00,2026-07-01T05:00:42.333092,2,2,71.8,0.2,71.7,915,71.4,200,,,,,,,,,,,,,,,,,71.9,625,72.1,500,,,,,,,,,,,,,,,,
2026-06-30T19:00:42.579710+00:00,2026-07-01T05:00:42.574193,2,1,71.9,0.4,71.7,500,71.4,200,,,,,,,,,,,,,,,,,72.1,500,,,,,,,,,,,,,,,,,,
2026-06-30T19:00:42.590710+00:00,2026-07-01T05:00:42.585710,2,2,71.6,0.2,71.5,625,71.4,200,,,,,,,,,,,,,,,,,71.7,125,72.1,500,,,,,,,,,,,,,,,,
2026-06-30T19:00:42.929866+00:00,2026-07-01T05:00:42.926866,3,0,,,71.7,375,71.5,625,71.4,200,,,,,,,,,,,,,,,,,,,,,,,,,,,,,,,,,,
2026-06-30T19:00:42.940866+00:00,2026-07-01T05:00:42.932867,3,1,71.9,0.4,71.7,375,71.5,625,71.4,200,,,,,,,,,,,,,,,72.1,500,,,,,,,,,,,,,,,,,,
2026-06-30T19:00:42.951712+00:00,2026-07-01T05:00:42.942866,3,1,71.9,0.4,71.7,360,71.5,625,71.4,200,,,,,,,,,,,,,,,72.1,500,,,,,,,,,,,,,,,,,,
2026-06-30T19:00:42.994801+00:00,2026-07-01T05:00:42.992801,2,1,71.9,0.4,71.7,360,71.5,625,,,,,,,,,,,,,,,,,72.1,500,,,,,,,,,,,,,,,,,,
2026-06-30T19:00:43.005800+00:00,2026-07-01T05:00:43.001801,2,1,71.9,0.4,71.7,160,71.5,825,,,,,,,,,,,,,,,,,72.1,500,,,,,,,,,,,,,,,,,,
2026-06-30T19:00:43.531380+00:00,2026-07-01T05:00:43.529379,1,0,,,71.5,825,,,,,,,,,,,,,,,,,,,,,,,,,,,,,,,,,,,,,,
2026-06-30T19:00:43.542379+00:00,2026-07-01T05:00:43.540379,2,1,71.9,0.4,71.7,500,71.5,825,,,,,,,,,,,,,,,,,72.1,500,,,,,,,,,,,,,,,,,,
2026-06-30T19:00:43.893382+00:00,2026-07-01T05:00:43.891383,3,1,71.95,0.3,71.8,625,71.7,500,71.5,200,,,,,,,,,,,,,,,72.1,500,,,,,,,,,,,,,,,,,,
2026-06-30T19:00:43.904385+00:00,2026-07-01T05:00:43.894383,3,2,71.9,0.2,71.8,625,71.7,500,71.5,200,,,,,,,,,,,,,,,72.0,625,72.1,500,,,,,,,,,,,,,,,,
2026-06-30T19:00:44.133498+00:00,2026-07-01T05:00:44.131499,2,1,71.9,0.2,71.8,625,71.5,200,,,,,,,,,,,,,,,,,72.0,625,,,,,,,,,,,,,,,,,,
2026-06-30T19:00:44.144498+00:00,2026-07-01T05:00:44.143498,3,2,71.9,0.2,71.8,625,71.6,500,71.5,200,,,,,,,,,,,,,,,72.0,625,72.1,500,,,,,,,,,,,,,,,,
2026-06-30T19:00:44.210770+00:00,2026-07-01T05:00:44.205770,2,2,71.9,0.2,71.8,625,71.6,500,,,,,,,,,,,,,,,,,72.0,625,72.1,500,,,,,,,,,,,,,,,,
2026-06-30T19:00:44.221770+00:00,2026-07-01T05:00:44.215769,3,2,71.9,0.2,71.8,425,71.6,500,71.4,200,,,,,,,,,,,,,,,72.0,625,72.1,500,,,,,,,,,,,,,,,,
2026-06-30T19:00:44.515923+00:00,2026-07-01T05:00:44.512921,3,2,71.9,0.2,71.8,425,71.6,500,71.4,200,,,,,,,,,,,,,,,72.0,590,72.1,500,,,,,,,,,,,,,,,,
2026-06-30T19:00:44.756866+00:00,2026-07-01T05:00:44.756140,2,2,71.9,0.2,71.8,425,71.4,200,,,,,,,,,,,,,,,,,72.0,590,72.1,500,,,,,,,,,,,,,,,,
2026-06-30T19:00:44.767865+00:00,2026-07-01T05:00:44.762865,2,1,71.9,0.2,71.8,425,71.4,200,,,,,,,,,,,,,,,,,72.0,590,,,,,,,,,,,,,,,,,,
2026-06-30T19:00:44.778502+00:00,2026-07-01T05:00:44.774865,3,1,71.9,0.2,71.8,425,71.6,500,71.4,200,,,,,,,,,,,,,,,72.0,1090,,,,,,,,,,,,,,,,,,
2026-06-30T19:00:44.833343+00:00,2026-07-01T05:00:44.832343,3,1,71.9,0.2,71.8,425,71.6,500,71.4,200,,,,,,,,,,,,,,,72.0,1055,,,,,,,,,,,,,,,,,,
2026-06-30T19:00:45.203986+00:00,2026-07-01T05:00:45.200986,2,1,71.8,0.4,71.6,500,71.4,200,,,,,,,,,,,,,,,,,72.0,500,,,,,,,,,,,,,,,,,,
2026-06-30T19:00:45.214984+00:00,2026-07-01T05:00:45.206985,3,2,71.8,0.2,71.7,625,71.6,500,71.4,200,,,,,,,,,,,,,,,71.9,625,72.0,500,,,,,,,,,,,,,,,,
2026-06-30T19:00:45.367483+00:00,2026-07-01T05:00:45.358488,2,2,71.8,0.2,71.7,625,71.4,200,,,,,,,,,,,,,,,,,71.9,625,72.0,500,,,,,,,,,,,,,,,,
2026-06-30T19:00:45.377729+00:00,2026-07-01T05:00:45.373730,3,1,71.8,0.2,71.7,625,71.5,500,71.4,200,,,,,,,,,,,,,,,71.9,625,,,,,,,,,,,,,,,,,,
2026-06-30T19:00:45.388743+00:00,2026-07-01T05:00:45.379745,3,2,71.8,0.2,71.7,625,71.5,500,71.4,200,,,,,,,,,,,,,,,71.9,625,72.0,500,,,,,,,,,,,,,,,,
2026-06-30T19:00:45.421280+00:00,2026-07-01T05:00:45.418280,2,3,71.75,0.1,71.7,825,71.5,500,,,,,,,,,,,,,,,,,71.8,200,71.9,625,72.0,500,,,,,,,,,,,,,,
2026-06-30T19:00:45.968718+00:00,2026-07-01T05:00:45.968155,1,2,71.75,0.1,71.7,825,,,,,,,,,,,,,,,,,,,71.8,200,71.9,625,,,,,,,,,,,,,,,,
2026-06-30T19:00:45.979732+00:00,2026-07-01T05:00:45.977716,2,3,71.75,0.1,71.7,825,71.6,500,,,,,,,,,,,,,,,,,71.8,200,71.9,625,72.0,500,,,,,,,,,,,,,,
2026-06-30T19:00:46.516844+00:00,2026-07-01T05:00:46.512844,2,2,71.75,0.1,71.7,200,71.6,500,,,,,,,,,,,,,,,,,71.8,200,72.0,500,,,,,,,,,,,,,,,,
2026-06-30T19:00:46.527844+00:00,2026-07-01T05:00:46.520844,2,3,71.75,0.1,71.7,825,71.6,500,,,,,,,,,,,,,,,,,71.8,200,71.9,625,72.0,500,,,,,,,,,,,,,,
2026-06-30T19:00:46.571370+00:00,2026-07-01T05:00:46.570370,1,2,71.75,0.1,71.7,825,,,,,,,,,,,,,,,,,,,71.8,200,71.9,625,,,,,,,,,,,,,,,,
2026-06-30T19:00:46.582370+00:00,2026-07-01T05:00:46.581371,2,3,71.75,0.1,71.7,825,71.6,500,,,,,,,,,,,,,,,,,71.8,200,71.9,625,72.1,500,,,,,,,,,,,,,,
2026-06-30T19:00:46.626370+00:00,2026-07-01T05:00:46.624370,2,2,71.8,0.2,71.7,825,71.6,500,,,,,,,,,,,,,,,,,71.9,625,72.1,500,,,,,,,,,,,,,,,,
2026-06-30T19:00:46.637369+00:00,2026-07-01T05:00:46.626370,2,2,71.8,0.2,71.7,825,71.6,500,,,,,,,,,,,,,,,,,71.9,825,72.1,500,,,,,,,,,,,,,,,,
2026-06-30T19:00:47.174887+00:00,2026-07-01T05:00:47.167886,1,2,71.8,0.2,71.7,825,,,,,,,,,,,,,,,,,,,71.9,825,72.1,500,,,,,,,,,,,,,,,,
2026-06-30T19:00:47.185886+00:00,2026-07-01T05:00:47.180886,2,1,71.8,0.2,71.7,825,71.6,500,,,,,,,,,,,,,,,,,71.9,825,,,,,,,,,,,,,,,,,,
2026-06-30T19:00:47.196887+00:00,2026-07-01T05:00:47.186887,2,2,71.8,0.2,71.7,825,71.6,500,,,,,,,,,,,,,,,,,71.9,825,72.1,500,,,,,,,,,,,,,,,,
2026-06-30T19:00:47.776208+00:00,2026-07-01T05:00:47.770208,1,2,71.8,0.2,71.7,825,,,,,,,,,,,,,,,,,,,71.9,825,72.1,500,,,,,,,,,,,,,,,,
2026-06-30T19:00:47.787208+00:00,2026-07-01T05:00:47.783208,2,1,71.8,0.2,71.7,825,71.6,500,,,,,,,,,,,,,,,,,71.9,825,,,,,,,,,,,,,,,,,,
2026-06-30T19:00:47.798208+00:00,2026-07-01T05:00:47.795207,2,2,71.8,0.2,71.7,825,71.6,500,,,,,,,,,,,,,,,,,71.9,825,72.1,500,,,,,,,,,,,,,,,,
2026-06-30T19:00:47.830478+00:00,2026-07-01T05:00:47.825959,2,2,71.8,0.2,71.7,200,71.6,500,,,,,,,,,,,,,,,,,71.9,200,72.1,500,,,,,,,,,,,,,,,,
2026-06-30T19:00:47.841476+00:00,2026-07-01T05:00:47.839476,3,1,71.95,0.3,71.8,200,71.7,625,71.6,500,,,,,,,,,,,,,,,72.1,500,,,,,,,,,,,,,,,,,,
2026-06-30T19:00:47.863476+00:00,2026-07-01T05:00:47.852476,3,3,71.85,0.1,71.8,200,71.7,625,71.6,500,,,,,,,,,,,,,,,71.9,625,72.0,200,72.1,500,,,,,,,,,,,,,,
2026-06-30T19:00:47.973328+00:00,2026-07-01T05:00:47.968328,3,3,71.85,0.1,71.8,165,71.7,625,71.6,500,,,,,,,,,,,,,,,71.9,625,72.0,200,72.1,500,,,,,,,,,,,,,,
2026-06-30T19:00:48.237870+00:00,2026-07-01T05:00:48.228870,3,3,71.85,0.1,71.8,130,71.7,625,71.6,500,,,,,,,,,,,,,,,71.9,625,72.0,200,72.1,500,,,,,,,,,,,,,,
2026-06-30T19:00:48.379778+00:00,2026-07-01T05:00:48.373533,2,3,71.85,0.1,71.8,130,71.7,625,,,,,,,,,,,,,,,,,71.9,625,72.0,200,72.1,500,,,,,,,,,,,,,,
2026-06-30T19:00:48.390777+00:00,2026-07-01T05:00:48.387777,3,2,71.85,0.1,71.8,130,71.7,625,71.6,500,,,,,,,,,,,,,,,71.9,625,72.0,200,,,,,,,,,,,,,,,,
2026-06-30T19:00:48.401778+00:00,2026-07-01T05:00:48.395777,3,3,71.85,0.1,71.8,130,71.7,625,71.6,500,,,,,,,,,,,,,,,71.9,625,72.0,200,72.1,500,,,,,,,,,,,,,,
2026-06-30T19:00:48.980023+00:00,2026-07-01T05:00:48.977182,2,3,71.85,0.1,71.8,130,71.7,625,,,,,,,,,,,,,,,,,71.9,625,72.0,200,72.1,500,,,,,,,,,,,,,,
2026-06-30T19:00:48.990975+00:00,2026-07-01T05:00:48.984976,2,2,71.85,0.1,71.8,130,71.7,625,,,,,,,,,,,,,,,,,71.9,625,72.0,200,,,,,,,,,,,,,,,,
2026-06-30T19:00:49.001975+00:00,2026-07-01T05:00:48.998975,2,3,71.85,0.1,71.8,130,71.7,1125,,,,,,,,,,,,,,,,,71.9,625,72.0,200,72.1,500,,,,,,,,,,,,,,
2026-06-30T19:00:49.067975+00:00,2026-07-01T05:00:49.066974,1,3,71.8,0.2,71.7,1125,,,,,,,,,,,,,,,,,,,71.9,625,72.0,200,72.1,500,,,,,,,,,,,,,,
2026-06-30T19:00:49.078986+00:00,2026-07-01T05:00:49.076986,1,2,71.8,0.2,71.7,1125,,,,,,,,,,,,,,,,,,,71.9,625,72.1,500,,,,,,,,,,,,,,,,
2026-06-30T19:00:49.089891+00:00,2026-07-01T05:00:49.084986,1,2,71.8,0.2,71.7,1125,,,,,,,,,,,,,,,,,,,71.9,425,72.1,500,,,,,,,,,,,,,,,,
2026-06-30T19:00:49.100871+00:00,2026-07-01T05:00:49.094870,1,2,71.8,0.2,71.7,1125,,,,,,,,,,,,,,,,,,,71.9,425,72.1,700,,,,,,,,,,,,,,,,
2026-06-30T19:00:49.155871+00:00,2026-07-01T05:00:49.154871,2,2,71.85,0.1,71.8,625,71.7,500,,,,,,,,,,,,,,,,,71.9,625,72.1,700,,,,,,,,,,,,,,,,
2026-06-30T19:00:49.583043+00:00,2026-07-01T05:00:49.579043,1,2,71.85,0.1,71.8,625,,,,,,,,,,,,,,,,,,,71.9,625,72.1,700,,,,,,,,,,,,,,,,
2026-06-30T19:00:49.594044+00:00,2026-07-01T05:00:49.591044,2,2,71.85,0.1,71.8,625,71.7,500,,,,,,,,,,,,,,,,,71.9,625,72.1,200,,,,,,,,,,,,,,,,
2026-06-30T19:00:49.605044+00:00,2026-07-01T05:00:49.598044,2,3,71.85,0.1,71.8,625,71.7,500,,,,,,,,,,,,,,,,,71.9,625,72.1,200,72.2,500,,,,,,,,,,,,,,
2026-06-30T19:00:50.186882+00:00,2026-07-01T05:00:50.180883,1,3,71.85,0.1,71.8,625,,,,,,,,,,,,,,,,,,,71.9,625,72.1,200,72.2,500,,,,,,,,,,,,,,
2026-06-30T19:00:50.197882+00:00,2026-07-01T05:00:50.194882,2,2,71.85,0.1,71.8,625,71.7,500,,,,,,,,,,,,,,,,,71.9,625,72.1,200,,,,,,,,,,,,,,,,
2026-06-30T19:00:50.208883+00:00,2026-07-01T05:00:50.201882,2,3,71.85,0.1,71.8,625,71.7,500,,,,,,,,,,,,,,,,,71.9,625,72.1,200,72.2,500,,,,,,,,,,,,,,
2026-06-30T19:00:50.308240+00:00,2026-07-01T05:00:50.299240,2,2,71.85,0.1,71.8,625,71.7,500,,,,,,,,,,,,,,,,,71.9,625,72.2,500,,,,,,,,,,,,,,,,
2026-06-30T19:00:50.319285+00:00,2026-07-01T05:00:50.315284,2,3,71.85,0.1,71.8,825,71.7,500,,,,,,,,,,,,,,,,,71.9,625,72.0,200,72.2,500,,,,,,,,,,,,,,
2026-06-30T19:00:50.460808+00:00,2026-07-01T05:00:50.459332,3,2,71.95,0.1,71.9,625,71.8,200,71.7,500,,,,,,,,,,,,,,,72.0,200,72.2,500,,,,,,,,,,,,,,,,
2026-06-30T19:00:50.471188+00:00,2026-07-01T05:00:50.463805,3,2,71.95,0.1,71.9,625,71.8,200,71.7,500,,,,,,,,,,,,,,,72.0,825,72.2,500,,,,,,,,,,,,,,,,
2026-06-30T19:00:50.809508+00:00,2026-07-01T05:00:50.807800,2,2,71.95,0.1,71.9,625,71.8,200,,,,,,,,,,,,,,,,,72.0,825,72.2,500,,,,,,,,,,,,,,,,
2026-06-30T19:00:50.820379+00:00,2026-07-01T05:00:50.814379,2,1,71.95,0.1,71.9,625,71.8,200,,,,,,,,,,,,,,,,,72.0,825,,,,,,,,,,,,,,,,,,
2026-06-30T19:00:50.830899+00:00,2026-07-01T05:00:50.828378,3,2,71.95,0.1,71.9,625,71.8,200,71.7,500,,,,,,,,,,,,,,,72.0,825,72.2,500,,,,,,,,,,,,,,,,
2026-06-30T19:00:51.420534+00:00,2026-07-01T05:00:51.417016,2,1,71.95,0.1,71.9,625,71.8,200,,,,,,,,,,,,,,,,,72.0,825,,,,,,,,,,,,,,,,,,
2026-06-30T19:00:51.431049+00:00,2026-07-01T05:00:51.423534,2,1,71.95,0.1,71.9,625,71.8,700,,,,,,,,,,,,,,,,,72.0,825,,,,,,,,,,,,,,,,,,
2026-06-30T19:00:51.442048+00:00,2026-07-01T05:00:51.433049,2,2,71.95,0.1,71.9,625,71.8,700,,,,,,,,,,,,,,,,,72.0,825,72.2,500,,,,,,,,,,,,,,,,
2026-06-30T19:00:51.528716+00:00,2026-07-01T05:00:51.527716,2,3,71.95,0.1,71.9,825,71.8,500,,,,,,,,,,,,,,,,,72.0,625,72.1,200,72.2,500,,,,,,,,,,,,,,
2026-06-30T19:00:51.768670+00:00,2026-07-01T05:00:51.767669,2,2,72.0,0.2,71.9,825,71.8,500,,,,,,,,,,,,,,,,,72.1,200,72.2,500,,,,,,,,,,,,,,,,
2026-06-30T19:00:51.779687+00:00,2026-07-01T05:00:51.768670,2,3,71.95,0.1,71.9,825,71.8,500,,,,,,,,,,,,,,,,,72.0,625,72.1,200,72.2,500,,,,,,,,,,,,,,
2026-06-30T19:00:52.020562+00:00,2026-07-01T05:00:52.018045,1,2,71.95,0.1,71.9,825,,,,,,,,,,,,,,,,,,,72.0,625,72.1,200,,,,,,,,,,,,,,,,
2026-06-30T19:00:52.031085+00:00,2026-07-01T05:00:52.027562,2,3,71.95,0.1,71.9,825,71.8,500,,,,,,,,,,,,,,,,,72.0,625,72.1,200,72.3,500,,,,,,,,,,,,,,
2026-06-30T19:00:52.617040+00:00,2026-07-01T05:00:52.615040,1,3,71.95,0.1,71.9,825,,,,,,,,,,,,,,,,,,,72.0,625,72.1,200,72.3,500,,,,,,,,,,,,,,
2026-06-30T19:00:52.628039+00:00,2026-07-01T05:00:52.622040,1,2,71.95,0.1,71.9,825,,,,,,,,,,,,,,,,,,,72.0,625,72.1,200,,,,,,,,,,,,,,,,
2026-06-30T19:00:52.639040+00:00,2026-07-01T05:00:52.634040,2,3,71.95,0.1,71.9,825,71.8,500,,,,,,,,,,,,,,,,,72.0,625,72.1,200,72.2,500,,,,,,,,,,,,,,
2026-06-30T19:00:52.736591+00:00,2026-07-01T05:00:52.730592,2,3,71.95,0.1,71.9,625,71.8,500,,,,,,,,,,,,,,,,,72.0,625,72.1,200,72.2,500,,,,,,,,,,,,,,
2026-06-30T19:00:52.747591+00:00,2026-07-01T05:00:52.737591,2,3,71.95,0.1,71.9,825,71.8,500,,,,,,,,,,,,,,,,,72.0,625,72.1,200,72.2,500,,,,,,,,,,,,,,
2026-06-30T19:00:53.078984+00:00,2026-07-01T05:00:53.074984,2,3,71.95,0.1,71.9,825,71.8,500,,,,,,,,,,,,,,,,,72.0,625,72.1,200,72.2,500,,,,,,,,,,,,,,
2026-06-30T19:00:53.219956+00:00,2026-07-01T05:00:53.217956,1,3,71.95,0.1,71.9,825,,,,,,,,,,,,,,,,,,,72.0,625,72.1,200,72.2,500,,,,,,,,,,,,,,
2026-06-30T19:00:53.230558+00:00,2026-07-01T05:00:53.224956,1,2,71.95,0.1,71.9,825,,,,,,,,,,,,,,,,,,,72.0,625,72.1,200,,,,,,,,,,,,,,,,
2026-06-30T19:00:53.240914+00:00,2026-07-01T05:00:53.235374,2,3,71.95,0.1,71.9,825,71.8,500,,,,,,,,,,,,,,,,,72.0,625,72.1,200,72.3,500,,,,,,,,,,,,,,
2026-06-30T19:00:53.831091+00:00,2026-07-01T05:00:53.826090,1,2,71.95,0.1,71.9,825,,,,,,,,,,,,,,,,,,,72.0,625,72.1,200,,,,,,,,,,,,,,,,
2026-06-30T19:00:53.842090+00:00,2026-07-01T05:00:53.838091,2,3,71.95,0.1,71.9,825,71.8,500,,,,,,,,,,,,,,,,,72.0,625,72.1,200,72.3,500,,,,,,,,,,,,,,
2026-06-30T19:00:53.941187+00:00,2026-07-01T05:00:53.940187,2,2,71.95,0.1,71.9,625,71.8,500,,,,,,,,,,,,,,,,,72.0,625,72.3,500,,,,,,,,,,,,,,,,
2026-06-30T19:00:53.951705+00:00,2026-07-01T05:00:53.945186,2,3,71.95,0.1,71.9,625,71.8,500,,,,,,,,,,,,,,,,,72.0,425,72.2,200,72.3,500,,,,,,,,,,,,,,
2026-06-30T19:00:54.388634+00:00,2026-07-01T05:00:54.383636,1,3,71.9,0.2,71.8,1125,,,,,,,,,,,,,,,,,,,72.0,625,72.2,200,72.3,500,,,,,,,,,,,,,,
2026-06-30T19:00:54.432224+00:00,2026-07-01T05:00:54.428224,1,2,71.9,0.2,71.8,625,,,,,,,,,,,,,,,,,,,72.0,625,72.2,200,,,,,,,,,,,,,,,,
2026-06-30T19:00:54.443224+00:00,2026-07-01T05:00:54.443224,1,3,71.9,0.2,71.8,1125,,,,,,,,,,,,,,,,,,,72.0,625,72.2,200,72.3,500,,,,,,,,,,,,,,
2026-06-30T19:00:55.034541+00:00,2026-07-01T05:00:55.025541,1,3,71.9,0.2,71.8,625,,,,,,,,,,,,,,,,,,,72.0,625,72.2,200,72.3,500,,,,,,,,,,,,,,
2026-06-30T19:00:55.045541+00:00,2026-07-01T05:00:55.039540,1,2,71.9,0.2,71.8,1125,,,,,,,,,,,,,,,,,,,72.0,625,72.2,200,,,,,,,,,,,,,,,,
2026-06-30T19:00:55.056541+00:00,2026-07-01T05:00:55.047541,1,2,71.9,0.2,71.8,1125,,,,,,,,,,,,,,,,,,,72.0,625,72.2,700,,,,,,,,,,,,,,,,
2026-06-30T19:00:55.144632+00:00,2026-07-01T05:00:55.136631,1,2,71.9,0.2,71.8,1095,,,,,,,,,,,,,,,,,,,72.0,625,72.2,700,,,,,,,,,,,,,,,,
2026-06-30T19:00:55.155631+00:00,2026-07-01T05:00:55.155631,2,2,71.95,0.1,71.9,200,71.8,1095,,,,,,,,,,,,,,,,,72.0,625,72.2,500,,,,,,,,,,,,,,,,
2026-06-30T19:00:55.166632+00:00,2026-07-01T05:00:55.159631,2,2,71.95,0.1,71.9,200,71.8,1095,,,,,,,,,,,,,,,,,72.0,825,72.2,500,,,,,,,,,,,,,,,,
2026-06-30T19:00:55.210173+00:00,2026-07-01T05:00:55.209158,2,2,71.95,0.1,71.9,190,71.8,1095,,,,,,,,,,,,,,,,,72.0,825,72.2,500,,,,,,,,,,,,,,,,
2026-06-30T19:00:55.330201+00:00,2026-07-01T05:00:55.319201,2,2,71.95,0.1,71.9,180,71.8,1095,,,,,,,,,,,,,,,,,72.0,825,72.2,500,,,,,,,,,,,,,,,,
2026-06-30T19:00:55.548191+00:00,2026-07-01T05:00:55.537191,2,2,71.95,0.1,71.9,180,71.8,1095,,,,,,,,,,,,,,,,,72.0,815,72.2,500,,,,,,,,,,,,,,,,
2026-06-30T19:00:55.635225+00:00,2026-07-01T05:00:55.628225,2,2,71.95,0.1,71.9,180,71.8,595,,,,,,,,,,,,,,,,,72.0,815,72.2,500,,,,,,,,,,,,,,,,
2026-06-30T19:00:55.646225+00:00,2026-07-01T05:00:55.641226,3,1,71.95,0.1,71.9,180,71.8,595,71.7,500,,,,,,,,,,,,,,,72.0,815,,,,,,,,,,,,,,,,,,
2026-06-30T19:00:55.657225+00:00,2026-07-01T05:00:55.646225,3,2,71.95,0.1,71.9,180,71.8,595,71.7,500,,,,,,,,,,,,,,,72.0,815,72.2,500,,,,,,,,,,,,,,,,
2026-06-30T19:00:55.690226+00:00,2026-07-01T05:00:55.687225,2,2,71.95,0.1,71.9,180,71.7,500,,,,,,,,,,,,,,,,,72.0,815,72.2,500,,,,,,,,,,,,,,,,
2026-06-30T19:00:55.700743+00:00,2026-07-01T05:00:55.695225,2,3,71.95,0.1,71.9,805,71.7,500,,,,,,,,,,,,,,,,,72.0,200,72.1,625,72.2,500,,,,,,,,,,,,,,
2026-06-30T19:00:56.245319+00:00,2026-07-01T05:00:56.239319,1,2,71.95,0.1,71.9,805,,,,,,,,,,,,,,,,,,,72.0,200,72.1,625,,,,,,,,,,,,,,,,
2026-06-30T19:00:56.256319+00:00,2026-07-01T05:00:56.251319,2,2,71.95,0.1,71.9,805,71.7,500,,,,,,,,,,,,,,,,,72.0,200,72.1,1125,,,,,,,,,,,,,,,,
2026-06-30T19:00:56.365351+00:00,2026-07-01T05:00:56.363351,2,1,72.0,0.2,71.9,625,71.7,500,,,,,,,,,,,,,,,,,72.1,1125,,,,,,,,,,,,,,,,,,
2026-06-30T19:00:56.376350+00:00,2026-07-01T05:00:56.370351,3,2,71.95,0.1,71.9,625,71.8,200,71.7,500,,,,,,,,,,,,,,,72.0,200,72.1,1125,,,,,,,,,,,,,,,,
2026-06-30T19:00:56.864018+00:00,2026-07-01T05:00:56.862017,2,2,71.95,0.1,71.9,625,71.8,200,,,,,,,,,,,,,,,,,72.0,200,72.1,1125,,,,,,,,,,,,,,,,
2026-06-30T19:00:56.874980+00:00,2026-07-01T05:00:56.869979,2,2,71.95,0.1,71.9,625,71.8,200,,,,,,,,,,,,,,,,,72.0,200,72.1,625,,,,,,,,,,,,,,,,
2026-06-30T19:00:56.886215+00:00,2026-07-01T05:00:56.883980,3,2,71.95,0.1,71.9,625,71.8,200,71.7,500,,,,,,,,,,,,,,,72.0,200,72.1,1125,,,,,,,,,,,,,,,,
2026-06-30T19:00:57.004952+00:00,2026-07-01T05:00:57.001952,2,2,71.9,0.2,71.8,200,71.7,500,,,,,,,,,,,,,,,,,72.0,200,72.1,1125,,,,,,,,,,,,,,,,
2026-06-30T19:00:57.015951+00:00,2026-07-01T05:00:57.012952,2,2,71.9,0.2,71.8,825,71.7,500,,,,,,,,,,,,,,,,,72.0,200,72.1,500,,,,,,,,,,,,,,,,
2026-06-30T19:00:57.026951+00:00,2026-07-01T05:00:57.017951,2,2,71.9,0.2,71.8,825,71.7,500,,,,,,,,,,,,,,,,,72.0,825,72.1,500,,,,,,,,,,,,,,,,
2026-06-30T19:00:57.465946+00:00,2026-07-01T05:00:57.464946,1,2,71.9,0.2,71.8,825,,,,,,,,,,,,,,,,,,,72.0,825,72.1,500,,,,,,,,,,,,,,,,
2026-06-30T19:00:57.476946+00:00,2026-07-01T05:00:57.472946,1,1,71.9,0.2,71.8,825,,,,,,,,,,,,,,,,,,,72.0,825,,,,,,,,,,,,,,,,,,
2026-06-30T19:00:57.487946+00:00,2026-07-01T05:00:57.483946,2,2,71.9,0.2,71.8,825,71.6,500,,,,,,,,,,,,,,,,,72.0,825,72.1,500,,,,,,,,,,,,,,,,
2026-06-30T19:00:57.575037+00:00,2026-07-01T05:00:57.573039,2,2,71.9,0.2,71.8,625,71.6,500,,,,,,,,,,,,,,,,,72.0,825,72.1,500,,,,,,,,,,,,,,,,
2026-06-30T19:00:57.586038+00:00,2026-07-01T05:00:57.582038,2,2,71.9,0.2,71.8,825,71.6,500,,,,,,,,,,,,,,,,,72.0,825,72.1,500,,,,,,,,,,,,,,,,
2026-06-30T19:00:57.597038+00:00,2026-07-01T05:00:57.593038,2,2,71.9,0.2,71.8,815,71.6,500,,,,,,,,,,,,,,,,,72.0,825,72.1,500,,,,,,,,,,,,,,,,
2026-06-30T19:00:57.619037+00:00,2026-07-01T05:00:57.609038,2,2,71.9,0.2,71.8,795,71.6,500,,,,,,,,,,,,,,,,,72.0,825,72.1,500,,,,,,,,,,,,,,,,
2026-06-30T19:00:58.075343+00:00,2026-07-01T05:00:58.068343,1,2,71.9,0.2,71.8,795,,,,,,,,,,,,,,,,,,,72.0,825,72.1,500,,,,,,,,,,,,,,,,
2026-06-30T19:00:58.085703+00:00,2026-07-01T05:00:58.083344,2,1,71.9,0.2,71.8,795,71.7,500,,,,,,,,,,,,,,,,,72.0,825,,,,,,,,,,,,,,,,,,
2026-06-30T19:00:58.096701+00:00,2026-07-01T05:00:58.092700,2,2,71.9,0.2,71.8,795,71.7,500,,,,,,,,,,,,,,,,,72.0,825,72.2,500,,,,,,,,,,,,,,,,
2026-06-30T19:00:58.325701+00:00,2026-07-01T05:00:58.321120,2,2,71.9,0.2,71.8,200,71.7,500,,,,,,,,,,,,,,,,,72.0,200,72.2,500,,,,,,,,,,,,,,,,
2026-06-30T19:00:58.336280+00:00,2026-07-01T05:00:58.328220,2,2,71.9,0.2,71.8,825,71.7,500,,,,,,,,,,,,,,,,,72.0,200,72.2,500,,,,,,,,,,,,,,,,
2026-06-30T19:00:58.346905+00:00,2026-07-01T05:00:58.336280,2,2,71.9,0.2,71.8,825,71.7,500,,,,,,,,,,,,,,,,,72.0,825,72.2,500,,,,,,,,,,,,,,,,
2026-06-30T19:00:58.467079+00:00,2026-07-01T05:00:58.465079,2,2,71.9,0.2,71.8,825,71.7,500,,,,,,,,,,,,,,,,,72.0,815,72.2,500,,,,,,,,,,,,,,,,
2026-06-30T19:00:58.672262+00:00,2026-07-01T05:00:58.671262,1,2,71.9,0.2,71.8,825,,,,,,,,,,,,,,,,,,,72.0,815,72.2,500,,,,,,,,,,,,,,,,
2026-06-30T19:00:58.683261+00:00,2026-07-01T05:00:58.678262,1,1,71.9,0.2,71.8,825,,,,,,,,,,,,,,,,,,,72.0,815,,,,,,,,,,,,,,,,,,
2026-06-30T19:00:58.694262+00:00,2026-07-01T05:00:58.685263,2,1,71.9,0.2,71.8,825,71.7,500,,,,,,,,,,,,,,,,,72.0,815,,,,,,,,,,,,,,,,,,
2026-06-30T19:00:58.705262+00:00,2026-07-01T05:00:58.695261,2,2,71.9,0.2,71.8,825,71.7,500,,,,,,,,,,,,,,,,,72.0,815,72.2,500,,,,,,,,,,,,,,,,
2026-06-30T19:00:58.792157+00:00,2026-07-01T05:00:58.789156,2,2,71.9,0.2,71.8,825,71.7,500,,,,,,,,,,,,,,,,,72.0,625,72.2,500,,,,,,,,,,,,,,,,
2026-06-30T19:00:58.806155+00:00,2026-07-01T05:00:58.792157,2,2,71.9,0.2,71.8,825,71.7,500,,,,,,,,,,,,,,,,,72.0,825,72.2,500,,,,,,,,,,,,,,,,
2026-06-30T19:00:59.286263+00:00,2026-07-01T05:00:59.283263,1,1,71.9,0.2,71.8,825,,,,,,,,,,,,,,,,,,,72.0,825,,,,,,,,,,,,,,,,,,
2026-06-30T19:00:59.297263+00:00,2026-07-01T05:00:59.291263,2,1,71.9,0.2,71.8,825,71.7,500,,,,,,,,,,,,,,,,,72.0,825,,,,,,,,,,,,,,,,,,
2026-06-30T19:00:59.308263+00:00,2026-07-01T05:00:59.305263,2,2,71.9,0.2,71.8,825,71.7,500,,,,,,,,,,,,,,,,,72.0,825,72.2,500,,,,,,,,,,,,,,,,
2026-06-30T19:00:59.637236+00:00,2026-07-01T05:00:59.635236,2,2,71.9,0.2,71.8,200,71.7,1125,,,,,,,,,,,,,,,,,72.0,200,72.2,500,,,,,,,,,,,,,,,,
2026-06-30T19:00:59.648236+00:00,2026-07-01T05:00:59.637236,2,3,71.85,0.1,71.8,200,71.7,1125,,,,,,,,,,,,,,,,,71.9,625,72.0,200,72.2,500,,,,,,,,,,,,,,
2026-06-30T19:00:59.691720+00:00,2026-07-01T05:00:59.683191,2,3,71.85,0.1,71.8,200,71.7,1125,,,,,,,,,,,,,,,,,71.9,620,72.0,200,72.2,500,,,,,,,,,,,,,,
2026-06-30T19:00:59.877981+00:00,2026-07-01T05:00:59.875980,2,3,71.85,0.1,71.8,200,71.7,625,,,,,,,,,,,,,,,,,71.9,620,72.0,200,72.2,500,,,,,,,,,,,,,,
2026-06-30T19:00:59.899671+00:00,2026-07-01T05:00:59.889676,2,2,71.85,0.1,71.8,200,71.7,1125,,,,,,,,,,,,,,,,,71.9,620,72.0,200,,,,,,,,,,,,,,,,
2026-06-30T19:00:59.910670+00:00,2026-07-01T05:00:59.902671,2,3,71.85,0.1,71.8,200,71.7,1125,,,,,,,,,,,,,,,,,71.9,620,72.0,200,72.2,500,,,,,,,,,,,,,,
2026-06-30T19:00:59.997225+00:00,2026-07-01T05:00:59.994224,1,3,71.8,0.2,71.7,1125,,,,,,,,,,,,,,,,,,,71.9,620,72.0,200,72.2,500,,,,,,,,,,,,,,
2026-06-30T19:01:00.008224+00:00,2026-07-01T05:01:00.002224,1,3,71.8,0.2,71.7,1125,,,,,,,,,,,,,,,,,,,71.9,420,72.1,200,72.2,500,,,,,,,,,,,,,,
2026-06-30T19:01:00.463986+00:00,2026-07-01T05:01:00.455987,1,3,71.8,0.2,71.7,975,,,,,,,,,,,,,,,,,,,71.9,420,72.1,200,72.2,500,,,,,,,,,,,,,,
2026-06-30T19:01:00.485986+00:00,2026-07-01T05:01:00.478986,1,3,71.8,0.2,71.7,475,,,,,,,,,,,,,,,,,,,71.9,420,72.1,200,72.2,500,,,,,,,,,,,,,,
2026-06-30T19:01:00.496986+00:00,2026-07-01T05:01:00.491987,1,2,71.8,0.2,71.7,975,,,,,,,,,,,,,,,,,,,71.9,420,72.1,200,,,,,,,,,,,,,,,,
2026-06-30T19:01:00.507964+00:00,2026-07-01T05:01:00.500965,1,2,71.8,0.2,71.7,975,,,,,,,,,,,,,,,,,,,71.9,420,72.1,700,,,,,,,,,,,,,,,,
2026-06-30T19:01:00.945220+00:00,2026-07-01T05:01:00.945220,2,2,71.9,0.2,71.8,625,71.7,500,,,,,,,,,,,,,,,,,72.0,625,72.1,700,,,,,,,,,,,,,,,,
2026-06-30T19:01:01.086753+00:00,2026-07-01T05:01:01.081754,1,2,71.9,0.2,71.8,625,,,,,,,,,,,,,,,,,,,72.0,625,72.1,700,,,,,,,,,,,,,,,,
2026-06-30T19:01:01.097753+00:00,2026-07-01T05:01:01.095752,2,2,71.9,0.2,71.8,625,71.7,500,,,,,,,,,,,,,,,,,72.0,625,72.1,200,,,,,,,,,,,,,,,,
2026-06-30T19:01:01.108753+00:00,2026-07-01T05:01:01.101753,2,2,71.9,0.2,71.8,625,71.7,500,,,,,,,,,,,,,,,,,72.0,625,72.1,700,,,,,,,,,,,,,,,,
2026-06-30T19:01:01.218912+00:00,2026-07-01T05:01:01.210913,3,2,71.95,0.1,71.9,200,71.8,625,71.7,500,,,,,,,,,,,,,,,72.0,625,72.1,700,,,,,,,,,,,,,,,,
2026-06-30T19:01:01.688545+00:00,2026-07-01T05:01:01.684545,2,2,71.95,0.1,71.9,200,71.8,625,,,,,,,,,,,,,,,,,72.0,625,72.1,700,,,,,,,,,,,,,,,,
2026-06-30T19:01:01.699645+00:00,2026-07-01T05:01:01.693645,2,2,71.95,0.1,71.9,200,71.8,625,,,,,,,,,,,,,,,,,72.0,625,72.1,200,,,,,,,,,,,,,,,,
2026-06-30T19:01:01.710657+00:00,2026-07-01T05:01:01.703657,3,2,71.95,0.1,71.9,200,71.8,625,71.7,500,,,,,,,,,,,,,,,72.0,625,72.1,700,,,,,,,,,,,,,,,,
2026-06-30T19:01:02.212709+00:00,2026-07-01T05:01:02.204710,3,2,71.95,0.1,71.9,150,71.8,625,71.7,500,,,,,,,,,,,,,,,72.0,625,72.1,700,,,,,,,,,,,,,,,,
2026-06-30T19:01:02.256710+00:00,2026-07-01T05:01:02.253710,3,1,72.0,0.2,71.9,150,71.7,500,71.6,625,,,,,,,,,,,,,,,72.1,700,,,,,,,,,,,,,,,,,,
2026-06-30T19:01:02.267709+00:00,2026-07-01T05:01:02.257709,2,2,71.75,0.1,71.7,500,71.6,625,,,,,,,,,,,,,,,,,71.8,475,72.1,700,,,,,,,,,,,,,,,,
2026-06-30T19:01:02.289226+00:00,2026-07-01T05:01:02.287224,1,2,71.7,0.2,71.6,625,,,,,,,,,,,,,,,,,,,71.8,475,72.1,700,,,,,,,,,,,,,,,,
2026-06-30T19:01:02.300237+00:00,2026-07-01T05:01:02.298236,1,2,71.7,0.2,71.6,625,,,,,,,,,,,,,,,,,,,71.8,475,72.1,200,,,,,,,,,,,,,,,,
2026-06-30T19:01:02.311250+00:00,2026-07-01T05:01:02.307236,2,2,71.75,0.1,71.7,500,71.6,625,,,,,,,,,,,,,,,,,71.8,475,72.1,700,,,,,,,,,,,,,,,,
2026-06-30T19:01:02.322249+00:00,2026-07-01T05:01:02.318248,2,2,71.75,0.1,71.7,495,71.6,625,,,,,,,,,,,,,,,,,71.8,475,72.1,700,,,,,,,,,,,,,,,,
2026-06-30T19:01:02.421285+00:00,2026-07-01T05:01:02.414285,2,3,71.75,0.1,71.7,695,71.6,625,,,,,,,,,,,,,,,,,71.8,475,71.9,200,72.1,500,,,,,,,,,,,,,,
2026-06-30T19:01:02.924704+00:00,2026-07-01T05:01:02.916705,2,3,71.75,0.1,71.7,200,71.6,625,,,,,,,,,,,,,,,,,71.8,475,71.9,200,72.1,500,,,,,,,,,,,,,,
2026-06-30T19:01:02.935704+00:00,2026-07-01T05:01:02.932704,2,2,71.75,0.1,71.7,700,71.6,625,,,,,,,,,,,,,,,,,71.8,475,71.9,200,,,,,,,,,,,,,,,,
2026-06-30T19:01:02.946704+00:00,2026-07-01T05:01:02.936704,2,3,71.75,0.1,71.7,700,71.6,625,,,,,,,,,,,,,,,,,71.8,475,71.9,200,72.1,500,,,,,,,,,,,,,,
2026-06-30T19:01:03.526568+00:00,2026-07-01T05:01:03.524569,2,2,71.75,0.1,71.7,200,71.6,625,,,,,,,,,,,,,,,,,71.8,475,71.9,200,,,,,,,,,,,,,,,,
2026-06-30T19:01:03.537568+00:00,2026-07-01T05:01:03.536568,2,3,71.75,0.1,71.7,700,71.6,625,,,,,,,,,,,,,,,,,71.8,475,71.9,200,72.2,500,,,,,,,,,,,,,,
2026-06-30T19:01:03.570567+00:00,2026-07-01T05:01:03.565567,1,2,71.8,0.2,71.7,1325,,,,,,,,,,,,,,,,,,,71.9,825,72.2,500,,,,,,,,,,,,,,,,
2026-06-30T19:01:03.625964+00:00,2026-07-01T05:01:03.621963,2,3,71.75,0.1,71.7,1125,71.6,200,,,,,,,,,,,,,,,,,71.8,200,71.9,625,72.2,500,,,,,,,,,,,,,,
2026-06-30T19:01:04.008258+00:00,2026-07-01T05:01:03.998257,2,3,71.75,0.1,71.7,1105,71.6,200,,,,,,,,,,,,,,,,,71.8,200,71.9,625,72.2,500,,,,,,,,,,,,,,
2026-06-30T19:01:04.128304+00:00,2026-07-01T05:01:04.121304,2,3,71.75,0.1,71.7,625,71.6,200,,,,,,,,,,,,,,,,,71.8,200,71.9,625,72.2,500,,,,,,,,,,,,,,
2026-06-30T19:01:04.139303+00:00,2026-07-01T05:01:04.135304,2,2,71.75,0.1,71.7,1125,71.6,200,,,,,,,,,,,,,,,,,71.8,200,71.9,625,,,,,,,,,,,,,,,,
2026-06-30T19:01:04.150303+00:00,2026-07-01T05:01:04.147303,2,3,71.75,0.1,71.7,1125,71.6,200,,,,,,,,,,,,,,,,,71.8,200,71.9,625,72.2,500,,,,,,,,,,,,,,
2026-06-30T19:01:04.728487+00:00,2026-07-01T05:01:04.723487,2,3,71.75,0.1,71.7,625,71.6,200,,,,,,,,,,,,,,,,,71.8,200,71.9,625,72.2,500,,,,,,,,,,,,,,
2026-06-30T19:01:04.739487+00:00,2026-07-01T05:01:04.736488,2,2,71.75,0.1,71.7,1125,71.6,200,,,,,,,,,,,,,,,,,71.8,200,71.9,625,,,,,,,,,,,,,,,,
2026-06-30T19:01:04.750499+00:00,2026-07-01T05:01:04.743498,2,3,71.75,0.1,71.7,1125,71.6,200,,,,,,,,,,,,,,,,,71.8,200,71.9,625,72.2,500,,,,,,,,,,,,,,
2026-06-30T19:01:04.804656+00:00,2026-07-01T05:01:04.797655,2,3,71.75,0.1,71.7,1125,71.6,200,,,,,,,,,,,,,,,,,71.8,190,71.9,625,72.2,500,,,,,,,,,,,,,,
2026-06-30T19:01:04.826655+00:00,2026-07-01T05:01:04.823656,1,3,71.75,0.1,71.7,1125,,,,,,,,,,,,,,,,,,,71.8,190,71.9,625,72.2,500,,,,,,,,,,,,,,
2026-06-30T19:01:04.837656+00:00,2026-07-01T05:01:04.832656,2,3,71.75,0.1,71.7,1125,71.6,200,,,,,,,,,,,,,,,,,71.8,200,71.9,625,72.2,500,,,,,,,,,,,,,,
2026-06-30T19:01:04.870667+00:00,2026-07-01T05:01:04.868668,2,2,71.75,0.1,71.7,500,71.6,200,,,,,,,,,,,,,,,,,71.8,200,72.2,500,,,,,,,,,,,,,,,,
2026-06-30T19:01:04.882086+00:00,2026-07-01T05:01:04.873668,3,2,71.85,0.1,71.8,425,71.7,500,71.6,200,,,,,,,,,,,,,,,71.9,625,72.2,500,,,,,,,,,,,,,,,,
2026-06-30T19:01:05.329463+00:00,2026-07-01T05:01:05.327463,2,2,71.85,0.1,71.8,425,71.6,200,,,,,,,,,,,,,,,,,71.9,625,72.2,500,,,,,,,,,,,,,,,,
2026-06-30T19:01:05.340463+00:00,2026-07-01T05:01:05.333462,2,1,71.85,0.1,71.8,425,71.6,200,,,,,,,,,,,,,,,,,71.9,625,,,,,,,,,,,,,,,,,,
2026-06-30T19:01:05.351463+00:00,2026-07-01T05:01:05.347463,3,2,71.85,0.1,71.8,425,71.7,500,71.6,200,,,,,,,,,,,,,,,71.9,625,72.1,500,,,,,,,,,,,,,,,,
2026-06-30T19:01:05.600632+00:00,2026-07-01T05:01:05.589633,3,2,71.85,0.1,71.8,425,71.7,500,71.6,200,,,,,,,,,,,,,,,71.9,605,72.1,500,,,,,,,,,,,,,,,,
2026-06-30T19:01:05.707627+00:00,2026-07-01T05:01:05.699627,3,2,71.85,0.1,71.8,425,71.7,500,71.6,200,,,,,,,,,,,,,,,71.9,600,72.1,500,,,,,,,,,,,,,,,,
2026-06-30T19:01:05.934301+00:00,2026-07-01T05:01:05.928785,2,2,71.85,0.1,71.8,425,71.6,200,,,,,,,,,,,,,,,,,71.9,600,72.1,500,,,,,,,,,,,,,,,,
2026-06-30T19:01:05.944817+00:00,2026-07-01T05:01:05.941817,2,1,71.85,0.1,71.8,425,71.6,700,,,,,,,,,,,,,,,,,71.9,600,,,,,,,,,,,,,,,,,,
2026-06-30T19:01:05.955817+00:00,2026-07-01T05:01:05.948817,2,2,71.85,0.1,71.8,425,71.6,700,,,,,,,,,,,,,,,,,71.9,600,72.1,500,,,,,,,,,,,,,,,,
2026-06-30T19:01:06.042852+00:00,2026-07-01T05:01:06.039852,2,3,71.85,0.1,71.8,625,71.6,500,,,,,,,,,,,,,,,,,71.9,600,72.0,200,72.1,500,,,,,,,,,,,,,,
2026-06-30T19:01:06.183526+00:00,2026-07-01T05:01:06.181526,2,2,71.9,0.2,71.8,200,71.6,1125,,,,,,,,,,,,,,,,,72.0,200,72.1,500,,,,,,,,,,,,,,,,
2026-06-30T19:01:06.194525+00:00,2026-07-01T05:01:06.183526,1,3,71.7,0.2,71.6,1125,,,,,,,,,,,,,,,,,,,71.8,425,72.0,200,72.1,500,,,,,,,,,,,,,,
2026-06-30T19:01:06.539827+00:00,2026-07-01T05:01:06.538828,1,2,71.7,0.2,71.6,625,,,,,,,,,,,,,,,,,,,71.8,425,72.0,200,,,,,,,,,,,,,,,,
2026-06-30T19:01:06.550828+00:00,2026-07-01T05:01:06.544828,2,2,71.75,0.1,71.7,500,71.6,625,,,,,,,,,,,,,,,,,71.8,425,72.0,200,,,,,,,,,,,,,,,,
2026-06-30T19:01:06.561828+00:00,2026-07-01T05:01:06.552828,2,3,71.75,0.1,71.7,500,71.6,625,,,,,,,,,,,,,,,,,71.8,425,72.0,200,72.1,500,,,,,,,,,,,,,,
2026-06-30T19:01:07.141075+00:00,2026-07-01T05:01:07.134075,1,3,71.7,0.2,71.6,625,,,,,,,,,,,,,,,,,,,71.8,425,72.0,200,72.1,500,,,,,,,,,,,,,,
2026-06-30T19:01:07.151710+00:00,2026-07-01T05:01:07.149076,2,2,71.75,0.1,71.7,500,71.6,625,,,,,,,,,,,,,,,,,71.8,425,72.0,200,,,,,,,,,,,,,,,,
2026-06-30T19:01:07.162229+00:00,2026-07-01T05:01:07.152708,2,3,71.75,0.1,71.7,500,71.6,625,,,,,,,,,,,,,,,,,71.8,425,72.0,200,72.1,500,,,,,,,,,,,,,,
2026-06-30T19:01:07.173226+00:00,2026-07-01T05:01:07.173226,2,3,71.75,0.1,71.7,480,71.6,625,,,,,,,,,,,,,,,,,71.8,425,72.0,200,72.1,500,,,,,,,,,,,,,,
2026-06-30T19:01:07.249570+00:00,2026-07-01T05:01:07.247570,2,3,71.75,0.1,71.7,680,71.6,625,,,,,,,,,,,,,,,,,71.8,425,71.9,200,72.1,500,,,,,,,,,,,,,,
2026-06-30T19:01:07.500800+00:00,2026-07-01T05:01:07.496799,2,2,71.85,0.1,71.8,625,71.7,680,,,,,,,,,,,,,,,,,71.9,825,72.1,500,,,,,,,,,,,,,,,,
2026-06-30T19:01:07.741262+00:00,2026-07-01T05:01:07.738262,2,2,71.85,0.1,71.8,625,71.7,200,,,,,,,,,,,,,,,,,71.9,825,72.1,500,,,,,,,,,,,,,,,,
2026-06-30T19:01:07.752285+00:00,2026-07-01T05:01:07.749261,2,1,71.85,0.1,71.8,625,71.7,200,,,,,,,,,,,,,,,,,71.9,825,,,,,,,,,,,,,,,,,,
2026-06-30T19:01:07.762785+00:00,2026-07-01T05:01:07.761269,2,2,71.85,0.1,71.8,625,71.7,700,,,,,,,,,,,,,,,,,71.9,825,72.1,500,,,,,,,,,,,,,,,,
2026-06-30T19:01:08.342495+00:00,2026-07-01T05:01:08.340978,2,2,71.85,0.1,71.8,625,71.7,200,,,,,,,,,,,,,,,,,71.9,825,72.1,500,,,,,,,,,,,,,,,,
2026-06-30T19:01:08.353012+00:00,2026-07-01T05:01:08.349011,2,1,71.85,0.1,71.8,625,71.7,200,,,,,,,,,,,,,,,,,71.9,825,,,,,,,,,,,,,,,,,,
2026-06-30T19:01:08.363527+00:00,2026-07-01T05:01:08.363011,2,2,71.85,0.1,71.8,625,71.7,700,,,,,,,,,,,,,,,,,71.9,825,72.1,500,,,,,,,,,,,,,,,,
2026-06-30T19:01:08.460547+00:00,2026-07-01T05:01:08.455548,2,3,71.85,0.1,71.8,825,71.7,500,,,,,,,,,,,,,,,,,71.9,625,72.0,200,72.1,500,,,,,,,,,,,,,,
2026-06-30T19:01:08.807969+00:00,2026-07-01T05:01:08.806969,2,3,71.75,0.1,71.7,500,71.6,625,,,,,,,,,,,,,,,,,71.8,425,72.0,200,72.1,500,,,,,,,,,,,,,,
2026-06-30T19:01:08.981970+00:00,2026-07-01T05:01:08.980970,1,2,71.7,0.2,71.6,625,,,,,,,,,,,,,,,,,,,71.8,425,72.0,200,,,,,,,,,,,,,,,,
2026-06-30T19:01:08.992970+00:00,2026-07-01T05:01:08.986969,2,2,71.75,0.1,71.7,500,71.6,625,,,,,,,,,,,,,,,,,71.8,425,72.0,200,,,,,,,,,,,,,,,,
2026-06-30T19:01:09.003970+00:00,2026-07-01T05:01:08.994969,2,3,71.75,0.1,71.7,500,71.6,625,,,,,,,,,,,,,,,,,71.8,425,72.0,200,72.2,500,,,,,,,,,,,,,,
2026-06-30T19:01:09.242396+00:00,2026-07-01T05:01:09.233877,2,3,71.75,0.1,71.7,495,71.6,625,,,,,,,,,,,,,,,,,71.8,425,72.0,200,72.2,500,,,,,,,,,,,,,,
2026-06-30T19:01:09.577134+00:00,2026-07-01T05:01:09.573135,1,3,71.7,0.2,71.6,625,,,,,,,,,,,,,,,,,,,71.8,425,72.0,200,72.2,500,,,,,,,,,,,,,,
2026-06-30T19:01:09.588135+00:00,2026-07-01T05:01:09.586136,2,2,71.75,0.1,71.7,500,71.6,625,,,,,,,,,,,,,,,,,71.8,425,72.0,200,,,,,,,,,,,,,,,,
2026-06-30T19:01:09.599014+00:00,2026-07-01T05:01:09.593137,2,3,71.75,0.1,71.7,500,71.6,625,,,,,,,,,,,,,,,,,71.8,425,72.0,200,72.2,500,,,,,,,,,,,,,,
2026-06-30T19:01:09.663536+00:00,2026-07-01T05:01:09.661555,2,2,71.75,0.1,71.7,500,71.6,625,,,,,,,,,,,,,,,,,71.8,425,72.2,500,,,,,,,,,,,,,,,,
2026-06-30T19:01:09.674574+00:00,2026-07-01T05:01:09.671574,2,3,71.75,0.1,71.7,700,71.6,625,,,,,,,,,,,,,,,,,71.8,425,71.9,200,72.2,500,,,,,,,,,,,,,,
2026-06-30T19:01:10.116303+00:00,2026-07-01T05:01:10.112789,1,2,71.8,0.2,71.7,1325,,,,,,,,,,,,,,,,,,,71.9,825,72.2,500,,,,,,,,,,,,,,,,
2026-06-30T19:01:10.181337+00:00,2026-07-01T05:01:10.175337,1,2,71.8,0.2,71.7,825,,,,,,,,,,,,,,,,,,,71.9,825,72.2,500,,,,,,,,,,,,,,,,
2026-06-30T19:01:10.192337+00:00,2026-07-01T05:01:10.182337,1,1,71.8,0.2,71.7,825,,,,,,,,,,,,,,,,,,,71.9,825,,,,,,,,,,,,,,,,,,
2026-06-30T19:01:10.202854+00:00,2026-07-01T05:01:10.194337,1,2,71.8,0.2,71.7,1325,,,,,,,,,,,,,,,,,,,71.9,825,72.2,500,,,,,,,,,,,,,,,,
2026-06-30T19:01:10.787129+00:00,2026-07-01T05:01:10.786128,1,1,71.8,0.2,71.7,825,,,,,,,,,,,,,,,,,,,71.9,825,,,,,,,,,,,,,,,,,,
2026-06-30T19:01:10.798128+00:00,2026-07-01T05:01:10.797128,1,2,71.8,0.2,71.7,1325,,,,,,,,,,,,,,,,,,,71.9,825,72.2,500,,,,,,,,,,,,,,,,
2026-06-30T19:01:10.885656+00:00,2026-07-01T05:01:10.884655,1,2,71.8,0.2,71.7,1125,,,,,,,,,,,,,,,,,,,71.9,625,72.2,500,,,,,,,,,,,,,,,,
2026-06-30T19:01:10.896655+00:00,2026-07-01T05:01:10.891656,2,2,71.85,0.1,71.8,200,71.7,1125,,,,,,,,,,,,,,,,,71.9,825,72.2,500,,,,,,,,,,,,,,,,
2026-06-30T19:01:11.385304+00:00,2026-07-01T05:01:11.381097,2,2,71.85,0.1,71.8,200,71.7,625,,,,,,,,,,,,,,,,,71.9,825,72.2,500,,,,,,,,,,,,,,,,
2026-06-30T19:01:11.396303+00:00,2026-07-01T05:01:11.393302,2,1,71.85,0.1,71.8,200,71.7,1125,,,,,,,,,,,,,,,,,71.9,825,,,,,,,,,,,,,,,,,,
2026-06-30T19:01:11.406669+00:00,2026-07-01T05:01:11.397302,2,2,71.85,0.1,71.8,200,71.7,1125,,,,,,,,,,,,,,,,,71.9,825,72.2,500,,,,,,,,,,,,,,,,
2026-06-30T19:01:11.417494+00:00,2026-07-01T05:01:11.416495,2,2,71.85,0.1,71.8,200,71.7,500,,,,,,,,,,,,,,,,,71.9,200,72.2,500,,,,,,,,,,,,,,,,
2026-06-30T19:01:11.428664+00:00,2026-07-01T05:01:11.419495,2,2,71.85,0.1,71.8,200,71.7,1125,,,,,,,,,,,,,,,,,71.9,825,72.2,500,,,,,,,,,,,,,,,,
2026-06-30T19:01:11.993181+00:00,2026-07-01T05:01:11.989179,2,1,71.85,0.1,71.8,200,71.7,625,,,,,,,,,,,,,,,,,71.9,825,,,,,,,,,,,,,,,,,,
2026-06-30T19:01:12.004179+00:00,2026-07-01T05:01:11.999179,2,2,71.85,0.1,71.8,200,71.7,1125,,,,,,,,,,,,,,,,,71.9,825,72.2,500,,,,,,,,,,,,,,,,
2026-06-30T19:01:12.102727+00:00,2026-07-01T05:01:12.101220,2,2,71.85,0.1,71.8,200,71.7,1125,,,,,,,,,,,,,,,,,71.9,625,72.2,500,,,,,,,,,,,,,,,,
2026-06-30T19:01:12.113243+00:00,2026-07-01T05:01:12.103251,2,2,71.85,0.1,71.8,200,71.7,1125,,,,,,,,,,,,,,,,,71.9,825,72.2,500,,,,,,,,,,,,,,,,
2026-06-30T19:01:12.448647+00:00,2026-07-01T05:01:12.439634,2,2,71.85,0.1,71.8,200,71.7,1125,,,,,,,,,,,,,,,,,71.9,820,72.2,500,,,,,,,,,,,,,,,,
2026-06-30T19:01:12.600789+00:00,2026-07-01T05:01:12.595789,2,1,71.85,0.1,71.8,200,71.7,625,,,,,,,,,,,,,,,,,71.9,820,,,,,,,,,,,,,,,,,,
2026-06-30T19:01:12.611803+00:00,2026-07-01T05:01:12.608802,2,2,71.85,0.1,71.8,200,71.7,1125,,,,,,,,,,,,,,,,,71.9,820,72.2,500,,,,,,,,,,,,,,,,
2026-06-30T19:01:12.742142+00:00,2026-07-01T05:01:12.739614,2,2,71.85,0.1,71.8,200,71.7,500,,,,,,,,,,,,,,,,,71.9,200,72.2,500,,,,,,,,,,,,,,,,
2026-06-30T19:01:12.763669+00:00,2026-07-01T05:01:12.755669,2,3,71.75,0.1,71.7,500,71.6,625,,,,,,,,,,,,,,,,,71.8,425,71.9,195,72.2,500,,,,,,,,,,,,,,
2026-06-30T19:01:12.818668+00:00,2026-07-01T05:01:12.813670,2,3,71.75,0.1,71.7,500,71.6,625,,,,,,,,,,,,,,,,,71.8,415,71.9,195,72.2,500,,,,,,,,,,,,,,
2026-06-30T19:01:13.212423+00:00,2026-07-01T05:01:13.209874,1,3,71.7,0.2,71.6,625,,,,,,,,,,,,,,,,,,,71.8,415,71.9,195,72.2,500,,,,,,,,,,,,,,
2026-06-30T19:01:13.234400+00:00,2026-07-01T05:01:13.228400,2,2,71.85,0.1,71.8,85,71.6,625,,,,,,,,,,,,,,,,,71.9,195,72.2,500,,,,,,,,,,,,,,,,
2026-06-30T19:01:13.332949+00:00,2026-07-01T05:01:13.330079,2,1,72.0,0.4,71.8,285,71.6,625,,,,,,,,,,,,,,,,,72.2,500,,,,,,,,,,,,,,,,,,
2026-06-30T19:01:13.343607+00:00,2026-07-01T05:01:13.332949,2,2,71.85,0.1,71.8,285,71.6,625,,,,,,,,,,,,,,,,,71.9,200,72.2,500,,,,,,,,,,,,,,,,
2026-06-30T19:01:13.409606+00:00,2026-07-01T05:01:13.404607,2,2,71.85,0.1,71.8,285,71.6,625,,,,,,,,,,,,,,,,,71.9,180,72.2,500,,,,,,,,,,,,,,,,
2026-06-30T19:01:13.825063+00:00,2026-07-01T05:01:13.823063,2,1,71.85,0.1,71.8,200,71.6,625,,,,,,,,,,,,,,,,,71.9,180,,,,,,,,,,,,,,,,,,
2026-06-30T19:01:13.836064+00:00,2026-07-01T05:01:13.833064,2,2,71.85,0.1,71.8,700,71.6,625,,,,,,,,,,,,,,,,,71.9,180,72.2,500,,,,,,,,,,,,,,,,
2026-06-30T19:01:14.064734+00:00,2026-07-01T05:01:14.061733,2,2,72.05,0.1,72.0,445,71.8,700,,,,,,,,,,,,,,,,,72.1,625,72.2,500,,,,,,,,,,,,,,,,
2026-06-30T19:01:14.424229+00:00,2026-07-01T05:01:14.420229,2,1,72.05,0.1,72.0,445,71.8,200,,,,,,,,,,,,,,,,,72.1,625,,,,,,,,,,,,,,,,,,
2026-06-30T19:01:14.435229+00:00,2026-07-01T05:01:14.427229,2,2,72.05,0.1,72.0,445,71.8,700,,,,,,,,,,,,,,,,,72.1,625,72.2,500,,,,,,,,,,,,,,,,
2026-06-30T19:01:14.543831+00:00,2026-07-01T05:01:14.535830,2,2,72.05,0.1,72.0,645,71.8,500,,,,,,,,,,,,,,,,,72.1,625,72.2,700,,,,,,,,,,,,,,,,
2026-06-30T19:01:15.057967+00:00,2026-07-01T05:01:15.056968,1,2,72.05,0.1,72.0,645,,,,,,,,,,,,,,,,,,,72.1,625,72.2,200,,,,,,,,,,,,,,,,
2026-06-30T19:01:15.068968+00:00,2026-07-01T05:01:15.066967,2,2,72.05,0.1,72.0,645,71.7,500,,,,,,,,,,,,,,,,,72.1,625,72.2,700,,,,,,,,,,,,,,,,
2026-06-30T19:01:15.361669+00:00,2026-07-01T05:01:15.359670,2,2,72.05,0.1,72.0,200,71.7,500,,,,,,,,,,,,,,,,,72.1,625,72.2,700,,,,,,,,,,,,,,,,
2026-06-30T19:01:15.372689+00:00,2026-07-01T05:01:15.364670,3,1,72.1,0.2,72.0,200,71.9,625,71.7,500,,,,,,,,,,,,,,,72.2,700,,,,,,,,,,,,,,,,,,
2026-06-30T19:01:15.383684+00:00,2026-07-01T05:01:15.374684,2,2,71.95,0.1,71.9,625,71.7,500,,,,,,,,,,,,,,,,,72.0,425,72.2,700,,,,,,,,,,,,,,,,
2026-06-30T19:01:15.644851+00:00,2026-07-01T05:01:15.637851,1,2,71.95,0.1,71.9,625,,,,,,,,,,,,,,,,,,,72.0,425,72.2,700,,,,,,,,,,,,,,,,
2026-06-30T19:01:15.655852+00:00,2026-07-01T05:01:15.652850,2,2,71.95,0.1,71.9,625,71.8,500,,,,,,,,,,,,,,,,,72.0,425,72.2,200,,,,,,,,,,,,,,,,
2026-06-30T19:01:15.666682+00:00,2026-07-01T05:01:15.657851,2,2,71.95,0.1,71.9,625,71.8,500,,,,,,,,,,,,,,,,,72.0,425,72.2,700,,,,,,,,,,,,,,,,
2026-06-30T19:01:15.741837+00:00,2026-07-01T05:01:15.739988,2,2,71.95,0.1,71.9,625,71.8,500,,,,,,,,,,,,,,,,,72.0,425,72.2,500,,,,,,,,,,,,,,,,
2026-06-30T19:01:15.752549+00:00,2026-07-01T05:01:15.743832,2,3,71.95,0.1,71.9,625,71.8,500,,,,,,,,,,,,,,,,,72.0,225,72.2,500,72.3,200,,,,,,,,,,,,,,
2026-06-30T19:01:15.949368+00:00,2026-07-01T05:01:15.947369,2,3,71.95,0.1,71.9,620,71.8,500,,,,,,,,,,,,,,,,,72.0,225,72.2,500,72.3,200,,,,,,,,,,,,,,
2026-06-30T19:01:16.112655+00:00,2026-07-01T05:01:16.106844,2,3,71.95,0.1,71.9,600,71.8,500,,,,,,,,,,,,,,,,,72.0,225,72.2,500,72.3,200,,,,,,,,,,,,,,
2026-06-30T19:01:16.243852+00:00,2026-07-01T05:01:16.242852,1,2,71.95,0.1,71.9,600,,,,,,,,,,,,,,,,,,,72.0,225,72.3,200,,,,,,,,,,,,,,,,
2026-06-30T19:01:16.254852+00:00,2026-07-01T05:01:16.249852,2,2,71.95,0.1,71.9,600,71.8,500,,,,,,,,,,,,,,,,,72.0,225,72.3,200,,,,,,,,,,,,,,,,
2026-06-30T19:01:16.265852+00:00,2026-07-01T05:01:16.258851,2,2,71.95,0.1,71.9,600,71.8,500,,,,,,,,,,,,,,,,,72.0,225,72.3,700,,,,,,,,,,,,,,,,
2026-06-30T19:01:16.276850+00:00,2026-07-01T05:01:16.268852,2,2,71.95,0.1,71.9,585,71.8,500,,,,,,,,,,,,,,,,,72.0,225,72.3,700,,,,,,,,,,,,,,,,
2026-06-30T19:01:16.681410+00:00,2026-07-01T05:01:16.678410,1,1,72.05,0.5,71.8,500,,,,,,,,,,,,,,,,,,,72.3,700,,,,,,,,,,,,,,,,,,
2026-06-30T19:01:16.692113+00:00,2026-07-01T05:01:16.683113,2,2,72.25,0.1,72.2,625,71.8,500,,,,,,,,,,,,,,,,,72.3,700,72.4,625,,,,,,,,,,,,,,,,
2026-06-30T19:01:16.702640+00:00,2026-07-01T05:01:16.694113,2,2,72.25,0.1,72.2,605,71.8,500,,,,,,,,,,,,,,,,,72.3,700,72.4,625,,,,,,,,,,,,,,,,
2026-06-30T19:01:16.844969+00:00,2026-07-01T05:01:16.838969,1,2,72.25,0.1,72.2,605,,,,,,,,,,,,,,,,,,,72.3,700,72.4,625,,,,,,,,,,,,,,,,
2026-06-30T19:01:16.855970+00:00,2026-07-01T05:01:16.852970,2,2,72.25,0.1,72.2,605,71.8,500,,,,,,,,,,,,,,,,,72.3,200,72.4,625,,,,,,,,,,,,,,,,
2026-06-30T19:01:16.866516+00:00,2026-07-01T05:01:16.857970,2,2,72.25,0.1,72.2,605,71.8,500,,,,,,,,,,,,,,,,,72.3,700,72.4,625,,,,,,,,,,,,,,,,
2026-06-30T19:01:16.942600+00:00,2026-07-01T05:01:16.942033,2,2,72.25,0.1,72.2,605,71.8,500,,,,,,,,,,,,,,,,,72.3,500,72.4,625,,,,,,,,,,,,,,,,
2026-06-30T19:01:16.953457+00:00,2026-07-01T05:01:16.945598,3,2,72.25,0.1,72.2,405,71.9,200,71.8,500,,,,,,,,,,,,,,,72.3,500,72.4,625,,,,,,,,,,,,,,,,
2026-06-30T19:01:17.433905+00:00,2026-07-01T05:01:17.430905,2,2,72.25,0.1,72.2,405,71.9,200,,,,,,,,,,,,,,,,,72.3,500,72.4,625,,,,,,,,,,,,,,,,
2026-06-30T19:01:17.444905+00:00,2026-07-01T05:01:17.440905,2,1,72.3,0.2,72.2,405,71.9,200,,,,,,,,,,,,,,,,,72.4,625,,,,,,,,,,,,,,,,,,
2026-06-30T19:01:17.455905+00:00,2026-07-01T05:01:17.454905,2,2,72.05,0.3,71.9,200,71.8,500,,,,,,,,,,,,,,,,,72.2,95,72.4,625,,,,,,,,,,,,,,,,
2026-06-30T19:01:17.915572+00:00,2026-07-01T05:01:17.911572,2,2,72.05,0.3,71.9,180,71.8,500,,,,,,,,,,,,,,,,,72.2,95,72.4,625,,,,,,,,,,,,,,,,
2026-06-30T19:01:17.992102+00:00,2026-07-01T05:01:17.991101,2,1,72.05,0.3,71.9,180,71.8,500,,,,,,,,,,,,,,,,,72.2,95,,,,,,,,,,,,,,,,,,
2026-06-30T19:01:18.002649+00:00,2026-07-01T05:01:17.997101,2,2,71.95,0.1,71.9,805,71.8,500,,,,,,,,,,,,,,,,,72.0,625,72.2,95,,,,,,,,,,,,,,,,
2026-06-30T19:01:18.057588+00:00,2026-07-01T05:01:18.049588,1,2,71.95,0.1,71.9,805,,,,,,,,,,,,,,,,,,,72.0,625,72.2,95,,,,,,,,,,,,,,,,
2026-06-30T19:01:18.068341+00:00,2026-07-01T05:01:18.057588,1,1,71.95,0.1,71.9,805,,,,,,,,,,,,,,,,,,,72.0,625,,,,,,,,,,,,,,,,,,
2026-06-30T19:01:18.079342+00:00,2026-07-01T05:01:18.076341,2,2,71.95,0.1,71.9,805,71.7,500,,,,,,,,,,,,,,,,,72.0,625,72.2,500,,,,,,,,,,,,,,,,
2026-06-30T19:01:18.156601+00:00,2026-07-01T05:01:18.155601,3,2,71.95,0.1,71.9,625,71.8,200,71.7,500,,,,,,,,,,,,,,,72.0,825,72.2,500,,,,,,,,,,,,,,,,
2026-06-30T19:01:18.660192+00:00,2026-07-01T05:01:18.657193,2,2,71.95,0.1,71.9,625,71.8,200,,,,,,,,,,,,,,,,,72.0,825,72.2,500,,,,,,,,,,,,,,,,
2026-06-30T19:01:18.671193+00:00,2026-07-01T05:01:18.670193,2,1,71.95,0.1,71.9,625,71.8,700,,,,,,,,,,,,,,,,,72.0,825,,,,,,,,,,,,,,,,,,
2026-06-30T19:01:18.682192+00:00,2026-07-01T05:01:18.677193,2,2,71.95,0.1,71.9,625,71.8,700,,,,,,,,,,,,,,,,,72.0,825,72.2,500,,,,,,,,,,,,,,,,
2026-06-30T19:01:19.261337+00:00,2026-07-01T05:01:19.260337,2,2,71.95,0.1,71.9,625,71.8,200,,,,,,,,,,,,,,,,,72.0,825,72.2,500,,,,,,,,,,,,,,,,
2026-06-30T19:01:19.272337+00:00,2026-07-01T05:01:19.269337,2,1,71.95,0.1,71.9,625,71.8,200,,,,,,,,,,,,,,,,,72.0,825,,,,,,,,,,,,,,,,,,
2026-06-30T19:01:19.283335+00:00,2026-07-01T05:01:19.279336,2,1,71.95,0.1,71.9,625,71.8,700,,,,,,,,,,,,,,,,,72.0,825,,,,,,,,,,,,,,,,,,
2026-06-30T19:01:19.293862+00:00,2026-07-01T05:01:19.288337,2,2,71.95,0.1,71.9,625,71.8,700,,,,,,,,,,,,,,,,,72.0,825,72.2,500,,,,,,,,,,,,,,,,
2026-06-30T19:01:19.304858+00:00,2026-07-01T05:01:19.301859,1,2,71.9,0.2,71.8,700,,,,,,,,,,,,,,,,,,,72.0,825,72.2,500,,,,,,,,,,,,,,,,
2026-06-30T19:01:19.315873+00:00,2026-07-01T05:01:19.311872,1,2,71.9,0.2,71.8,1325,,,,,,,,,,,,,,,,,,,72.0,825,72.2,500,,,,,,,,,,,,,,,,
2026-06-30T19:01:19.348446+00:00,2026-07-01T05:01:19.347446,1,2,71.9,0.2,71.8,1125,,,,,,,,,,,,,,,,,,,72.0,825,72.2,500,,,,,,,,,,,,,,,,
2026-06-30T19:01:19.359065+00:00,2026-07-01T05:01:19.350446,1,3,71.85,0.1,71.8,1325,,,,,,,,,,,,,,,,,,,71.9,200,72.0,625,72.2,500,,,,,,,,,,,,,,
2026-06-30T19:01:19.424301+00:00,2026-07-01T05:01:19.414301,1,3,71.85,0.1,71.8,1325,,,,,,,,,,,,,,,,,,,71.9,180,72.0,625,72.2,500,,,,,,,,,,,,,,
2026-06-30T19:01:19.489816+00:00,2026-07-01T05:01:19.485300,1,3,71.85,0.1,71.8,1325,,,,,,,,,,,,,,,,,,,71.9,165,72.0,625,72.2,500,,,,,,,,,,,,,,
2026-06-30T19:01:19.619397+00:00,2026-07-01T05:01:19.611399,1,3,71.85,0.1,71.8,1325,,,,,,,,,,,,,,,,,,,71.9,125,72.0,625,72.2,500,,,,,,,,,,,,,,
2026-06-30T19:01:19.784334+00:00,2026-07-01T05:01:19.779332,1,3,71.85,0.1,71.8,1325,,,,,,,,,,,,,,,,,,,71.9,100,72.0,625,72.2,500,,,,,,,,,,,,,,
2026-06-30T19:01:19.861334+00:00,2026-07-01T05:01:19.859333,1,3,71.85,0.1,71.8,825,,,,,,,,,,,,,,,,,,,71.9,100,72.0,625,72.2,500,,,,,,,,,,,,,,
2026-06-30T19:01:19.872348+00:00,2026-07-01T05:01:19.867349,1,2,71.85,0.1,71.8,825,,,,,,,,,,,,,,,,,,,71.9,100,72.0,625,,,,,,,,,,,,,,,,
2026-06-30T19:01:19.883243+00:00,2026-07-01T05:01:19.882349,2,3,71.85,0.1,71.8,825,71.7,500,,,,,,,,,,,,,,,,,71.9,100,72.0,625,72.2,500,,,,,,,,,,,,,,
2026-06-30T19:01:20.460649+00:00,2026-07-01T05:01:20.456650,1,3,71.85,0.1,71.8,825,,,,,,,,,,,,,,,,,,,71.9,100,72.0,625,72.2,500,,,,,,,,,,,,,,
2026-06-30T19:01:20.471649+00:00,2026-07-01T05:01:20.470649,2,2,71.85,0.1,71.8,825,71.7,500,,,,,,,,,,,,,,,,,71.9,100,72.0,625,,,,,,,,,,,,,,,,
2026-06-30T19:01:20.482663+00:00,2026-07-01T05:01:20.475663,2,3,71.85,0.1,71.8,825,71.7,500,,,,,,,,,,,,,,,,,71.9,100,72.0,625,72.2,500,,,,,,,,,,,,,,
2026-06-30T19:01:20.581180+00:00,2026-07-01T05:01:20.572180,3,3,71.95,0.1,71.9,200,71.8,625,71.7,500,,,,,,,,,,,,,,,72.0,625,72.1,200,72.2,500,,,,,,,,,,,,,,
2026-06-30T19:01:20.624214+00:00,2026-07-01T05:01:20.622695,2,2,72.0,0.2,71.9,200,71.7,500,,,,,,,,,,,,,,,,,72.1,200,72.2,500,,,,,,,,,,,,,,,,
2026-06-30T19:01:20.635213+00:00,2026-07-01T05:01:20.633214,2,3,71.85,0.1,71.8,625,71.7,500,,,,,,,,,,,,,,,,,71.9,425,72.1,200,72.2,500,,,,,,,,,,,,,,
2026-06-30T19:01:21.104784+00:00,2026-07-01T05:01:21.102783,1,2,71.85,0.1,71.8,625,,,,,,,,,,,,,,,,,,,71.9,425,72.1,200,,,,,,,,,,,,,,,,
2026-06-30T19:01:21.115784+00:00,2026-07-01T05:01:21.105784,1,3,71.85,0.1,71.8,1125,,,,,,,,,,,,,,,,,,,71.9,425,72.1,200,72.2,500,,,,,,,,,,,,,,
2026-06-30T19:01:21.694226+00:00,2026-07-01T05:01:21.691204,1,2,71.85,0.1,71.8,625,,,,,,,,,,,,,,,,,,,71.9,425,72.1,200,,,,,,,,,,,,,,,,
2026-06-30T19:01:21.705219+00:00,2026-07-01T05:01:21.701218,1,3,71.85,0.1,71.8,1125,,,,,,,,,,,,,,,,,,,71.9,425,72.1,200,72.2,500,,,,,,,,,,,,,,
2026-06-30T19:01:21.770263+00:00,2026-07-01T05:01:21.768262,1,2,71.85,0.1,71.8,1125,,,,,,,,,,,,,,,,,,,71.9,425,72.2,500,,,,,,,,,,,,,,,,
2026-06-30T19:01:21.781263+00:00,2026-07-01T05:01:21.773263,1,3,71.85,0.1,71.8,1125,,,,,,,,,,,,,,,,,,,71.9,225,72.0,200,72.2,500,,,,,,,,,,,,,,
2026-06-30T19:01:21.943769+00:00,2026-07-01T05:01:21.943238,1,3,71.85,0.1,71.8,500,,,,,,,,,,,,,,,,,,,71.9,225,72.0,200,72.2,500,,,,,,,,,,,,,,
2026-06-30T19:01:21.954769+00:00,2026-07-01T05:01:21.952769,2,1,72.1,0.2,72.0,425,71.8,500,,,,,,,,,,,,,,,,,72.2,1125,,,,,,,,,,,,,,,,,,
2026-06-30T19:01:21.965769+00:00,2026-07-01T05:01:21.955769,2,1,72.1,0.2,72.0,385,71.8,500,,,,,,,,,,,,,,,,,72.2,1125,,,,,,,,,,,,,,,,,,
2026-06-30T19:01:22.294271+00:00,2026-07-01T05:01:22.291333,1,1,72.1,0.2,72.0,385,,,,,,,,,,,,,,,,,,,72.2,1125,,,,,,,,,,,,,,,,,,
2026-06-30T19:01:22.305267+00:00,2026-07-01T05:01:22.297267,1,1,72.1,0.2,72.0,385,,,,,,,,,,,,,,,,,,,72.2,625,,,,,,,,,,,,,,,,,,
2026-06-30T19:01:22.316268+00:00,2026-07-01T05:01:22.308267,2,1,72.1,0.2,72.0,385,71.8,500,,,,,,,,,,,,,,,,,72.2,1125,,,,,,,,,,,,,,,,,,
2026-06-30T19:01:22.894029+00:00,2026-07-01T05:01:22.885325,1,1,72.1,0.2,72.0,385,,,,,,,,,,,,,,,,,,,72.2,1125,,,,,,,,,,,,,,,,,,
2026-06-30T19:01:22.905027+00:00,2026-07-01T05:01:22.902025,2,1,72.1,0.2,72.0,385,71.7,500,,,,,,,,,,,,,,,,,72.2,625,,,,,,,,,,,,,,,,,,
2026-06-30T19:01:22.916026+00:00,2026-07-01T05:01:22.910026,2,1,72.1,0.2,72.0,385,71.7,500,,,,,,,,,,,,,,,,,72.2,1125,,,,,,,,,,,,,,,,,,
2026-06-30T19:01:22.971026+00:00,2026-07-01T05:01:22.969026,3,1,72.1,0.2,72.0,385,71.8,200,71.7,500,,,,,,,,,,,,,,,72.2,1125,,,,,,,,,,,,,,,,,,
2026-06-30T19:01:22.981562+00:00,2026-07-01T05:01:22.972026,3,1,72.1,0.2,72.0,185,71.8,200,71.7,500,,,,,,,,,,,,,,,72.2,1125,,,,,,,,,,,,,,,,,,
2026-06-30T19:01:23.069092+00:00,2026-07-01T05:01:23.059093,3,1,72.1,0.2,72.0,145,71.8,200,71.7,500,,,,,,,,,,,,,,,72.2,1125,,,,,,,,,,,,,,,,,,
2026-06-30T19:01:23.265465+00:00,2026-07-01T05:01:23.264465,2,1,72.0,0.4,71.8,200,71.7,1125,,,,,,,,,,,,,,,,,72.2,500,,,,,,,,,,,,,,,,,,
2026-06-30T19:01:23.276465+00:00,2026-07-01T05:01:23.267465,2,2,71.85,0.1,71.8,200,71.7,1125,,,,,,,,,,,,,,,,,71.9,625,72.2,500,,,,,,,,,,,,,,,,
2026-06-30T19:01:23.494922+00:00,2026-07-01T05:01:23.491400,2,2,71.85,0.1,71.8,200,71.7,625,,,,,,,,,,,,,,,,,71.9,625,72.2,500,,,,,,,,,,,,,,,,
2026-06-30T19:01:23.505919+00:00,2026-07-01T05:01:23.499918,2,1,71.85,0.1,71.8,200,71.7,625,,,,,,,,,,,,,,,,,71.9,625,,,,,,,,,,,,,,,,,,
2026-06-30T19:01:23.516919+00:00,2026-07-01T05:01:23.515918,2,2,71.85,0.1,71.8,200,71.7,1125,,,,,,,,,,,,,,,,,71.9,625,72.2,500,,,,,,,,,,,,,,,,
2026-06-30T19:01:24.117344+00:00,2026-07-01T05:01:24.106344,2,2,71.85,0.1,71.8,200,71.7,625,,,,,,,,,,,,,,,,,71.9,625,72.2,500,,,,,,,,,,,,,,,,
2026-06-30T19:01:24.128345+00:00,2026-07-01T05:01:24.122344,2,1,71.85,0.1,71.8,200,71.7,1125,,,,,,,,,,,,,,,,,71.9,625,,,,,,,,,,,,,,,,,,
2026-06-30T19:01:24.139345+00:00,2026-07-01T05:01:24.129344,2,2,71.85,0.1,71.8,200,71.7,1125,,,,,,,,,,,,,,,,,71.9,625,72.2,500,,,,,,,,,,,,,,,,
2026-06-30T19:01:24.183356+00:00,2026-07-01T05:01:24.174355,2,2,71.85,0.1,71.8,200,71.7,1125,,,,,,,,,,,,,,,,,71.9,825,72.2,500,,,,,,,,,,,,,,,,
2026-06-30T19:01:24.568397+00:00,2026-07-01T05:01:24.565397,2,2,71.85,0.1,71.8,200,71.7,500,,,,,,,,,,,,,,,,,71.9,825,72.2,500,,,,,,,,,,,,,,,,
2026-06-30T19:01:24.579397+00:00,2026-07-01T05:01:24.573397,2,2,71.85,0.1,71.8,200,71.7,1125,,,,,,,,,,,,,,,,,71.9,825,72.2,500,,,,,,,,,,,,,,,,
2026-06-30T19:01:24.709973+00:00,2026-07-01T05:01:24.701973,2,2,71.85,0.1,71.8,200,71.7,625,,,,,,,,,,,,,,,,,71.9,825,72.2,500,,,,,,,,,,,,,,,,
2026-06-30T19:01:24.720974+00:00,2026-07-01T05:01:24.712973,2,2,71.85,0.1,71.8,200,71.7,1125,,,,,,,,,,,,,,,,,71.9,825,72.1,500,,,,,,,,,,,,,,,,
2026-06-30T19:01:25.300640+00:00,2026-07-01T05:01:25.297640,2,2,71.85,0.1,71.8,200,71.7,625,,,,,,,,,,,,,,,,,71.9,825,72.1,500,,,,,,,,,,,,,,,,
2026-06-30T19:01:25.311640+00:00,2026-07-01T05:01:25.310640,2,1,71.85,0.1,71.8,200,71.7,1125,,,,,,,,,,,,,,,,,71.9,825,,,,,,,,,,,,,,,,,,
2026-06-30T19:01:25.322640+00:00,2026-07-01T05:01:25.316640,2,2,71.85,0.1,71.8,200,71.7,1125,,,,,,,,,,,,,,,,,71.9,825,72.2,500,,,,,,,,,,,,,,,,
2026-06-30T19:01:25.388642+00:00,2026-07-01T05:01:25.387641,1,2,71.8,0.2,71.7,1325,,,,,,,,,,,,,,,,,,,71.9,625,72.2,500,,,,,,,,,,,,,,,,
2026-06-30T19:01:25.399642+00:00,2026-07-01T05:01:25.389641,1,2,71.8,0.2,71.7,1325,,,,,,,,,,,,,,,,,,,71.9,825,72.2,500,,,,,,,,,,,,,,,,
2026-06-30T19:01:25.868765+00:00,2026-07-01T05:01:25.866764,1,2,71.8,0.2,71.7,700,,,,,,,,,,,,,,,,,,,71.9,825,72.2,500,,,,,,,,,,,,,,,,
2026-06-30T19:01:25.879764+00:00,2026-07-01T05:01:25.878765,2,3,71.85,0.1,71.8,615,71.7,700,,,,,,,,,,,,,,,,,71.9,200,72.0,625,72.2,500,,,,,,,,,,,,,,
2026-06-30T19:01:25.912285+00:00,2026-07-01T05:01:25.908285,2,3,71.85,0.1,71.8,615,71.7,200,,,,,,,,,,,,,,,,,71.9,200,72.0,625,72.2,500,,,,,,,,,,,,,,
2026-06-30T19:01:25.923285+00:00,2026-07-01T05:01:25.916286,2,2,71.85,0.1,71.8,615,71.7,200,,,,,,,,,,,,,,,,,71.9,200,72.0,625,,,,,,,,,,,,,,,,
2026-06-30T19:01:25.934325+00:00,2026-07-01T05:01:25.928285,2,3,71.85,0.1,71.8,615,71.7,700,,,,,,,,,,,,,,,,,71.9,200,72.0,625,72.2,500,,,,,,,,,,,,,,
2026-06-30T19:01:26.363454+00:00,2026-07-01T05:01:26.354454,2,3,71.85,0.1,71.8,615,71.7,700,,,,,,,,,,,,,,,,,71.9,195,72.0,625,72.2,500,,,,,,,,,,,,,,
2026-06-30T19:01:26.505265+00:00,2026-07-01T05:01:26.496746,2,3,71.85,0.1,71.8,615,71.7,200,,,,,,,,,,,,,,,,,71.9,195,72.0,625,72.2,500,,,,,,,,,,,,,,
2026-06-30T19:01:26.516263+00:00,2026-07-01T05:01:26.508262,2,2,71.85,0.1,71.8,615,71.7,200,,,,,,,,,,,,,,,,,71.9,195,72.0,625,,,,,,,,,,,,,,,,
2026-06-30T19:01:26.527263+00:00,2026-07-01T05:01:26.520262,2,2,71.85,0.1,71.8,615,71.7,700,,,,,,,,,,,,,,,,,71.9,195,72.0,625,,,,,,,,,,,,,,,,
2026-06-30T19:01:26.538263+00:00,2026-07-01T05:01:26.529263,2,3,71.85,0.1,71.8,615,71.7,700,,,,,,,,,,,,,,,,,71.9,195,72.0,625,72.2,500,,,,,,,,,,,,,,
2026-06-30T19:01:26.549263+00:00,2026-07-01T05:01:26.540263,2,3,71.85,0.1,71.8,615,71.7,700,,,,,,,,,,,,,,,,,71.9,165,72.0,625,72.2,500,,,,,,,,,,,,,,
2026-06-30T19:01:26.604182+00:00,2026-07-01T05:01:26.603274,2,2,71.9,0.2,71.8,815,71.7,500,,,,,,,,,,,,,,,,,72.0,625,72.2,500,,,,,,,,,,,,,,,,
2026-06-30T19:01:26.615114+00:00,2026-07-01T05:01:26.608114,2,2,71.9,0.2,71.8,815,71.7,500,,,,,,,,,,,,,,,,,72.0,825,72.2,500,,,,,,,,,,,,,,,,
2026-06-30T19:01:26.745171+00:00,2026-07-01T05:01:26.745171,2,2,71.9,0.2,71.8,815,71.7,500,,,,,,,,,,,,,,,,,72.0,820,72.2,500,,,,,,,,,,,,,,,,
