recv_time,book_timestamp,n_bids,n_asks,mid,spread,bid_px_0,bid_vol_0,bid_px_1,bid_vol_1,bid_px_2,bid_vol_2,bid_px_3,bid_vol_3,bid_px_4,bid_vol_4,bid_px_5,bid_vol_5,bid_px_6,bid_vol_6,bid_px_7,bid_vol_7,bid_px_8,bid_vol_8,bid_px_9,bid_vol_9,ask_px_0,ask_vol_0,ask_px_1,ask_vol_1,ask_px_2,ask_vol_2,ask_px_3,ask_vol_3,ask_px_4,ask_vol_4,ask_px_5,ask_vol_5,ask_px_6,ask_vol_6,ask_px_7,ask_vol_7,ask_px_8,ask_vol_8,ask_px_9,ask_vol_9
2026-07-01T06:00:00.171676+00:00,2026-07-01T06:00:00.190981,2,3,86.9,0.2,86.8,629,86.7,500,,,,,,,,,,,,,,,,,87.0,625,87.1,200,87.2,504,,,,,,,,,,,,,,
2026-07-01T06:00:00.559701+00:00,2026-07-01T06:00:00.555393,1,3,86.9,0.2,86.8,629,,,,,,,,,,,,,,,,,,,87.0,625,87.1,200,87.2,504,,,,,,,,,,,,,,
2026-07-01T06:00:00.570037+00:00,2026-07-01T06:00:00.569808,2,3,86.9,0.2,86.8,629,86.7,500,,,,,,,,,,,,,,,,,87.0,625,87.1,200,87.2,4,,,,,,,,,,,,,,
2026-07-01T06:00:00.580382+00:00,2026-07-01T06:00:00.576224,2,3,86.9,0.2,86.8,629,86.7,500,,,,,,,,,,,,,,,,,87.0,625,87.1,200,87.2,504,,,,,,,,,,,,,,
2026-07-01T06:00:01.233872+00:00,2026-07-01T06:00:01.175778,2,3,86.9,0.2,86.8,629,86.7,500,,,,,,,,,,,,,,,,,87.0,625,87.1,200,87.2,504,,,,,,,,,,,,,,
2026-07-01T06:00:01.367729+00:00,2026-07-01T06:00:01.362905,2,2,86.9,0.2,86.8,829,86.7,500,,,,,,,,,,,,,,,,,87.0,825,87.2,504,,,,,,,,,,,,,,,,
2026-07-01T06:00:01.500653+00:00,2026-07-01T06:00:01.499850,2,2,86.9,0.2,86.8,204,86.7,500,,,,,,,,,,,,,,,,,87.0,200,87.2,504,,,,,,,,,,,,,,,,
2026-07-01T06:00:01.510896+00:00,2026-07-01T06:00:01.509064,3,3,86.95,0.1,86.9,625,86.8,204,86.7,500,,,,,,,,,,,,,,,87.0,200,87.1,625,87.2,504,,,,,,,,,,,,,,
2026-07-01T06:00:01.778477+00:00,2026-07-01T06:00:01.771627,3,3,86.95,0.1,86.9,625,86.8,204,86.7,500,,,,,,,,,,,,,,,87.0,200,87.1,625,87.2,4,,,,,,,,,,,,,,
2026-07-01T06:00:01.788979+00:00,2026-07-01T06:00:01.778972,3,3,86.95,0.1,86.9,625,86.8,204,86.7,500,,,,,,,,,,,,,,,87.0,200,87.1,625,87.2,504,,,,,,,,,,,,,,
2026-07-01T06:00:02.366822+00:00,2026-07-01T06:00:02.362440,2,3,86.95,0.1,86.9,625,86.8,204,,,,,,,,,,,,,,,,,87.0,200,87.1,625,87.2,504,,,,,,,,,,,,,,
2026-07-01T06:00:02.377164+00:00,2026-07-01T06:00:02.375598,3,3,86.95,0.1,86.9,625,86.8,204,86.7,500,,,,,,,,,,,,,,,87.0,200,87.1,625,87.2,4,,,,,,,,,,,,,,
2026-07-01T06:00:02.387490+00:00,2026-07-01T06:00:02.382073,3,3,86.95,0.1,86.9,625,86.8,204,86.7,500,,,,,,,,,,,,,,,87.0,200,87.1,625,87.2,504,,,,,,,,,,,,,,
2026-07-01T06:00:02.572214+00:00,2026-07-01T06:00:02.570124,3,2,87.0,0.2,86.9,425,86.8,4,86.7,700,,,,,,,,,,,,,,,87.1,625,87.2,504,,,,,,,,,,,,,,,,
2026-07-01T06:00:02.818361+00:00,2026-07-01T06:00:02.817748,3,2,87.0,0.2,86.9,625,86.8,4,86.7,700,,,,,,,,,,,,,,,87.1,625,87.2,504,,,,,,,,,,,,,,,,
2026-07-01T06:00:02.838898+00:00,2026-07-01T06:00:02.835571,3,2,87.0,0.2,86.9,625,86.8,3,86.7,700,,,,,,,,,,,,,,,87.1,625,87.2,504,,,,,,,,,,,,,,,,
2026-07-01T06:00:02.869741+00:00,2026-07-01T06:00:02.867420,3,2,87.0,0.2,86.9,625,86.8,2,86.7,700,,,,,,,,,,,,,,,87.1,625,87.2,504,,,,,,,,,,,,,,,,
2026-07-01T06:00:02.972284+00:00,2026-07-01T06:00:02.966836,3,2,87.0,0.2,86.9,625,86.8,2,86.7,200,,,,,,,,,,,,,,,87.1,625,87.2,504,,,,,,,,,,,,,,,,
2026-07-01T06:00:02.982554+00:00,2026-07-01T06:00:02.978719,3,2,87.0,0.2,86.9,625,86.8,2,86.7,200,,,,,,,,,,,,,,,87.1,625,87.2,4,,,,,,,,,,,,,,,,
2026-07-01T06:00:02.992886+00:00,2026-07-01T06:00:02.992624,4,2,87.0,0.2,86.9,625,86.8,2,86.7,200,86.6,500,,,,,,,,,,,,,87.1,625,87.2,4,,,,,,,,,,,,,,,,
2026-07-01T06:00:03.003227+00:00,2026-07-01T06:00:03.002921,4,2,87.0,0.2,86.9,625,86.8,2,86.7,200,86.6,500,,,,,,,,,,,,,87.1,625,87.2,504,,,,,,,,,,,,,,,,
2026-07-01T06:00:03.571241+00:00,2026-07-01T06:00:03.567985,3,2,87.0,0.2,86.9,625,86.8,2,86.7,200,,,,,,,,,,,,,,,87.1,625,87.2,504,,,,,,,,,,,,,,,,
2026-07-01T06:00:03.581480+00:00,2026-07-01T06:00:03.575330,3,2,87.0,0.2,86.9,625,86.8,2,86.7,200,,,,,,,,,,,,,,,87.1,625,87.2,4,,,,,,,,,,,,,,,,
2026-07-01T06:00:03.591762+00:00,2026-07-01T06:00:03.589044,4,2,87.0,0.2,86.9,625,86.8,2,86.7,200,86.6,500,,,,,,,,,,,,,87.1,1125,87.2,4,,,,,,,,,,,,,,,,
2026-07-01T06:00:03.786801+00:00,2026-07-01T06:00:03.779229,4,2,87.0,0.2,86.9,625,86.8,2,86.7,200,86.6,500,,,,,,,,,,,,,87.1,1125,87.2,4,,,,,,,,,,,,,,,,
2026-07-01T06:00:03.809690+00:00,2026-07-01T06:00:03.791255,4,2,87.0,0.2,86.9,425,86.8,2,86.7,200,86.6,500,,,,,,,,,,,,,87.1,1125,87.2,4,,,,,,,,,,,,,,,,
2026-07-01T06:00:04.128292+00:00,2026-07-01T06:00:04.127997,3,2,86.95,0.3,86.8,2,86.7,825,86.6,500,,,,,,,,,,,,,,,87.1,500,87.2,4,,,,,,,,,,,,,,,,
2026-07-01T06:00:04.138555+00:00,2026-07-01T06:00:04.130645,3,3,86.85,0.1,86.8,2,86.7,825,86.6,500,,,,,,,,,,,,,,,86.9,625,87.1,500,87.2,4,,,,,,,,,,,,,,
2026-07-01T06:00:04.179468+00:00,2026-07-01T06:00:04.177988,2,2,86.85,0.1,86.8,2,86.7,825,,,,,,,,,,,,,,,,,86.9,625,87.2,4,,,,,,,,,,,,,,,,
2026-07-01T06:00:04.189787+00:00,2026-07-01T06:00:04.187291,3,2,86.85,0.1,86.8,2,86.7,825,86.6,500,,,,,,,,,,,,,,,86.9,625,87.2,4,,,,,,,,,,,,,,,,
2026-07-01T06:00:04.200154+00:00,2026-07-01T06:00:04.193944,3,2,86.85,0.1,86.8,2,86.7,825,86.6,500,,,,,,,,,,,,,,,86.9,625,87.2,504,,,,,,,,,,,,,,,,
2026-07-01T06:00:04.784108+00:00,2026-07-01T06:00:04.781679,2,2,86.85,0.1,86.8,2,86.7,825,,,,,,,,,,,,,,,,,86.9,625,87.2,4,,,,,,,,,,,,,,,,
2026-07-01T06:00:04.794566+00:00,2026-07-01T06:00:04.794330,2,3,86.85,0.1,86.8,2,86.7,1325,,,,,,,,,,,,,,,,,86.9,625,87.2,4,87.3,500,,,,,,,,,,,,,,
2026-07-01T06:00:05.000975+00:00,2026-07-01T06:00:04.999519,2,3,86.85,0.1,86.8,202,86.7,1125,,,,,,,,,,,,,,,,,86.9,825,87.2,4,87.3,500,,,,,,,,,,,,,,
2026-07-01T06:00:05.380605+00:00,2026-07-01T06:00:05.378075,2,3,86.85,0.1,86.8,202,86.7,625,,,,,,,,,,,,,,,,,86.9,825,87.2,4,87.3,500,,,,,,,,,,,,,,
2026-07-01T06:00:05.390911+00:00,2026-07-01T06:00:05.385459,2,2,86.85,0.1,86.8,202,86.7,625,,,,,,,,,,,,,,,,,86.9,825,87.2,4,,,,,,,,,,,,,,,,
2026-07-01T06:00:05.401265+00:00,2026-07-01T06:00:05.399547,2,3,86.85,0.1,86.8,202,86.7,1125,,,,,,,,,,,,,,,,,86.9,825,87.2,4,87.3,500,,,,,,,,,,,,,,
2026-07-01T06:00:05.432209+00:00,2026-07-01T06:00:05.431993,2,3,86.85,0.1,86.8,202,86.7,500,,,,,,,,,,,,,,,,,86.9,825,87.2,4,87.3,500,,,,,,,,,,,,,,
2026-07-01T06:00:05.442658+00:00,2026-07-01T06:00:05.437214,2,4,86.85,0.1,86.8,827,86.7,500,,,,,,,,,,,,,,,,,86.9,200,87.0,625,87.2,4,87.3,500,,,,,,,,,,,,
2026-07-01T06:00:05.862820+00:00,2026-07-01T06:00:05.862631,2,4,86.85,0.1,86.8,826,86.7,500,,,,,,,,,,,,,,,,,86.9,200,87.0,625,87.2,4,87.3,500,,,,,,,,,,,,
2026-07-01T06:00:05.986184+00:00,2026-07-01T06:00:05.980877,1,4,86.85,0.1,86.8,826,,,,,,,,,,,,,,,,,,,86.9,200,87.0,625,87.2,4,87.3,500,,,,,,,,,,,,
2026-07-01T06:00:05.996561+00:00,2026-07-01T06:00:05.995379,1,3,86.85,0.1,86.8,1326,,,,,,,,,,,,,,,,,,,86.9,200,87.0,625,87.2,4,,,,,,,,,,,,,,
2026-07-01T06:00:06.006953+00:00,2026-07-01T06:00:06.002588,1,4,86.85,0.1,86.8,1326,,,,,,,,,,,,,,,,,,,86.9,200,87.0,625,87.2,4,87.3,500,,,,,,,,,,,,
2026-07-01T06:00:06.204246+00:00,2026-07-01T06:00:06.202577,1,4,86.85,0.1,86.8,1126,,,,,,,,,,,,,,,,,,,86.9,200,87.0,625,87.2,4,87.3,500,,,,,,,,,,,,
2026-07-01T06:00:06.214602+00:00,2026-07-01T06:00:06.209605,2,3,86.9,0.2,86.8,926,86.6,200,,,,,,,,,,,,,,,,,87.0,625,87.2,4,87.3,500,,,,,,,,,,,,,,
2026-07-01T06:00:06.616216+00:00,2026-07-01T06:00:06.614136,2,3,86.9,0.2,86.8,426,86.6,200,,,,,,,,,,,,,,,,,87.0,625,87.2,4,87.3,500,,,,,,,,,,,,,,
2026-07-01T06:00:06.626704+00:00,2026-07-01T06:00:06.620220,2,2,86.9,0.2,86.8,426,86.6,200,,,,,,,,,,,,,,,,,87.0,625,87.2,4,,,,,,,,,,,,,,,,
2026-07-01T06:00:06.637161+00:00,2026-07-01T06:00:06.636185,3,3,86.9,0.2,86.8,426,86.7,500,86.6,200,,,,,,,,,,,,,,,87.0,625,87.2,4,87.3,500,,,,,,,,,,,,,,
2026-07-01T06:00:06.739883+00:00,2026-07-01T06:00:06.739008,2,3,86.85,0.3,86.7,500,86.6,200,,,,,,,,,,,,,,,,,87.0,625,87.2,4,87.3,500,,,,,,,,,,,,,,
2026-07-01T06:00:06.750245+00:00,2026-07-01T06:00:06.743316,3,3,86.9,0.2,86.8,625,86.7,500,86.6,200,,,,,,,,,,,,,,,87.0,625,87.2,4,87.3,500,,,,,,,,,,,,,,
2026-07-01T06:00:06.914422+00:00,2026-07-01T06:00:06.910241,3,3,86.9,0.2,86.8,627,86.7,500,86.6,200,,,,,,,,,,,,,,,87.0,625,87.2,4,87.3,500,,,,,,,,,,,,,,
2026-07-01T06:00:06.976692+00:00,2026-07-01T06:00:06.969818,3,3,86.9,0.2,86.8,625,86.7,500,86.6,200,,,,,,,,,,,,,,,87.0,625,87.2,4,87.3,500,,,,,,,,,,,,,,
2026-07-01T06:00:07.038817+00:00,2026-07-01T06:00:07.036009,3,3,86.9,0.2,86.8,626,86.7,500,86.6,200,,,,,,,,,,,,,,,87.0,625,87.2,4,87.3,500,,,,,,,,,,,,,,
2026-07-01T06:00:07.221208+00:00,2026-07-01T06:00:07.216746,2,3,86.9,0.2,86.8,626,86.6,200,,,,,,,,,,,,,,,,,87.0,625,87.2,4,87.3,500,,,,,,,,,,,,,,
2026-07-01T06:00:07.231569+00:00,2026-07-01T06:00:07.224912,2,2,86.9,0.2,86.8,626,86.6,200,,,,,,,,,,,,,,,,,87.0,625,87.2,4,,,,,,,,,,,,,,,,
2026-07-01T06:00:07.242005+00:00,2026-07-01T06:00:07.240068,2,3,86.9,0.2,86.8,1126,86.6,200,,,,,,,,,,,,,,,,,87.0,625,87.2,4,87.3,500,,,,,,,,,,,,,,
2026-07-01T06:00:07.418230+00:00,2026-07-01T06:00:07.415672,2,4,86.85,0.1,86.8,1126,86.7,200,,,,,,,,,,,,,,,,,86.9,200,87.0,625,87.2,4,87.3,500,,,,,,,,,,,,
2026-07-01T06:00:07.828332+00:00,2026-07-01T06:00:07.827586,2,3,86.85,0.1,86.8,626,86.7,200,,,,,,,,,,,,,,,,,86.9,200,87.0,625,87.2,4,,,,,,,,,,,,,,
2026-07-01T06:00:07.838725+00:00,2026-07-01T06:00:07.835092,2,3,86.85,0.1,86.8,1126,86.7,200,,,,,,,,,,,,,,,,,86.9,200,87.0,625,87.2,4,,,,,,,,,,,,,,
2026-07-01T06:00:07.849124+00:00,2026-07-01T06:00:07.842362,2,4,86.85,0.1,86.8,1126,86.7,200,,,,,,,,,,,,,,,,,86.9,200,87.0,625,87.2,4,87.3,500,,,,,,,,,,,,
2026-07-01T06:00:08.014219+00:00,2026-07-01T06:00:08.008088,2,4,86.85,0.1,86.8,1125,86.7,200,,,,,,,,,,,,,,,,,86.9,200,87.0,625,87.2,4,87.3,500,,,,,,,,,,,,
2026-07-01T06:00:08.045354+00:00,2026-07-01T06:00:08.044756,2,4,86.85,0.1,86.8,500,86.7,200,,,,,,,,,,,,,,,,,86.9,200,87.0,625,87.2,4,87.3,500,,,,,,,,,,,,
2026-07-01T06:00:08.055728+00:00,2026-07-01T06:00:08.049249,2,4,86.85,0.1,86.8,1125,86.7,200,,,,,,,,,,,,,,,,,86.9,200,87.0,625,87.2,4,87.3,500,,,,,,,,,,,,
2026-07-01T06:00:08.430406+00:00,2026-07-01T06:00:08.426289,2,3,86.85,0.1,86.8,625,86.7,200,,,,,,,,,,,,,,,,,86.9,200,87.0,625,87.2,4,,,,,,,,,,,,,,
2026-07-01T06:00:08.440806+00:00,2026-07-01T06:00:08.439112,2,4,86.85,0.1,86.8,1125,86.7,200,,,,,,,,,,,,,,,,,86.9,200,87.0,625,87.2,4,87.3,500,,,,,,,,,,,,
2026-07-01T06:00:08.625171+00:00,2026-07-01T06:00:08.624347,2,3,86.95,0.1,86.9,200,86.8,1125,,,,,,,,,,,,,,,,,87.0,825,87.2,4,87.3,500,,,,,,,,,,,,,,
2026-07-01T06:00:09.024154+00:00,2026-07-01T06:00:09.023915,2,3,86.95,0.1,86.9,200,86.8,625,,,,,,,,,,,,,,,,,87.0,825,87.2,4,87.3,500,,,,,,,,,,,,,,
2026-07-01T06:00:09.034424+00:00,2026-07-01T06:00:09.030539,2,2,86.95,0.1,86.9,200,86.8,625,,,,,,,,,,,,,,,,,87.0,825,87.2,4,,,,,,,,,,,,,,,,
2026-07-01T06:00:09.044759+00:00,2026-07-01T06:00:09.044701,2,3,86.95,0.1,86.9,200,86.8,1125,,,,,,,,,,,,,,,,,87.0,825,87.2,4,87.3,500,,,,,,,,,,,,,,
2026-07-01T06:00:09.353078+00:00,2026-07-01T06:00:09.351470,2,3,86.95,0.1,86.9,200,86.8,500,,,,,,,,,,,,,,,,,87.0,825,87.2,4,87.3,500,,,,,,,,,,,,,,
2026-07-01T06:00:09.363368+00:00,2026-07-01T06:00:09.360964,2,3,86.95,0.1,86.9,825,86.8,500,,,,,,,,,,,,,,,,,87.0,200,87.2,4,87.3,500,,,,,,,,,,,,,,
2026-07-01T06:00:09.373639+00:00,2026-07-01T06:00:09.364007,2,4,86.95,0.1,86.9,825,86.8,500,,,,,,,,,,,,,,,,,87.0,200,87.1,625,87.2,4,87.3,500,,,,,,,,,,,,
2026-07-01T06:00:09.629904+00:00,2026-07-01T06:00:09.626783,1,4,86.95,0.1,86.9,825,,,,,,,,,,,,,,,,,,,87.0,200,87.1,625,87.2,4,87.3,500,,,,,,,,,,,,
2026-07-01T06:00:09.640192+00:00,2026-07-01T06:00:09.639980,2,3,86.95,0.1,86.9,825,86.7,500,,,,,,,,,,,,,,,,,87.0,200,87.1,625,87.2,4,,,,,,,,,,,,,,
2026-07-01T06:00:09.650481+00:00,2026-07-01T06:00:09.646350,2,4,86.95,0.1,86.9,825,86.7,500,,,,,,,,,,,,,,,,,87.0,200,87.1,625,87.2,4,87.3,500,,,,,,,,,,,,
2026-07-01T06:00:09.835760+00:00,2026-07-01T06:00:09.834400,2,3,87.0,0.2,86.9,825,86.7,500,,,,,,,,,,,,,,,,,87.1,825,87.2,4,87.3,500,,,,,,,,,,,,,,
2026-07-01T06:00:10.237575+00:00,2026-07-01T06:00:10.235300,1,2,87.0,0.2,86.9,825,,,,,,,,,,,,,,,,,,,87.1,825,87.2,4,,,,,,,,,,,,,,,,
2026-07-01T06:00:10.248022+00:00,2026-07-01T06:00:10.241672,2,2,87.0,0.2,86.9,825,86.7,500,,,,,,,,,,,,,,,,,87.1,825,87.2,4,,,,,,,,,,,,,,,,
2026-07-01T06:00:10.258370+00:00,2026-07-01T06:00:10.248379,2,2,87.0,0.2,86.9,825,86.7,500,,,,,,,,,,,,,,,,,87.1,825,87.2,504,,,,,,,,,,,,,,,,
2026-07-01T06:00:10.670132+00:00,2026-07-01T06:00:10.668136,2,2,87.0,0.2,86.9,200,86.7,500,,,,,,,,,,,,,,,,,87.1,200,87.2,504,,,,,,,,,,,,,,,,
2026-07-01T06:00:10.680447+00:00,2026-07-01T06:00:10.675984,2,2,87.0,0.2,86.9,825,86.7,500,,,,,,,,,,,,,,,,,87.1,825,87.2,504,,,,,,,,,,,,,,,,
2026-07-01T06:00:10.834144+00:00,2026-07-01T06:00:10.833182,1,2,87.0,0.2,86.9,825,,,,,,,,,,,,,,,,,,,87.1,825,87.2,504,,,,,,,,,,,,,,,,
2026-07-01T06:00:10.844386+00:00,2026-07-01T06:00:10.840605,1,2,87.0,0.2,86.9,825,,,,,,,,,,,,,,,,,,,87.1,825,87.2,4,,,,,,,,,,,,,,,,
2026-07-01T06:00:10.854697+00:00,2026-07-01T06:00:10.853329,2,2,87.0,0.2,86.9,825,86.7,500,,,,,,,,,,,,,,,,,87.1,825,87.2,504,,,,,,,,,,,,,,,,
2026-07-01T06:00:11.039981+00:00,2026-07-01T06:00:11.038809,2,2,87.0,0.2,86.9,625,86.7,500,,,,,,,,,,,,,,,,,87.1,625,87.2,504,,,,,,,,,,,,,,,,
2026-07-01T06:00:11.050297+00:00,2026-07-01T06:00:11.041825,3,3,86.95,0.1,86.9,625,86.8,200,86.7,500,,,,,,,,,,,,,,,87.0,200,87.1,625,87.2,504,,,,,,,,,,,,,,
2026-07-01T06:00:11.439703+00:00,2026-07-01T06:00:11.437416,2,3,86.95,0.1,86.9,625,86.8,200,,,,,,,,,,,,,,,,,87.0,200,87.1,625,87.2,504,,,,,,,,,,,,,,
2026-07-01T06:00:11.449949+00:00,2026-07-01T06:00:11.447280,2,3,86.95,0.1,86.9,625,86.8,200,,,,,,,,,,,,,,,,,87.0,200,87.1,625,87.2,4,,,,,,,,,,,,,,
2026-07-01T06:00:11.460268+00:00,2026-07-01T06:00:11.455896,3,3,86.95,0.1,86.9,625,86.8,200,86.6,500,,,,,,,,,,,,,,,87.0,200,87.1,625,87.2,4,,,,,,,,,,,,,,
2026-07-01T06:00:11.470622+00:00,2026-07-01T06:00:11.465055,3,3,86.95,0.1,86.9,625,86.8,200,86.6,500,,,,,,,,,,,,,,,87.0,200,87.1,625,87.2,504,,,,,,,,,,,,,,
2026-07-01T06:00:11.983013+00:00,2026-07-01T06:00:11.982860,3,3,86.95,0.1,86.9,625,86.8,200,86.6,500,,,,,,,,,,,,,,,87.0,200,87.1,625,87.2,504,,,,,,,,,,,,,,
2026-07-01T06:00:12.044871+00:00,2026-07-01T06:00:12.040071,2,3,86.95,0.1,86.9,625,86.8,200,,,,,,,,,,,,,,,,,87.0,200,87.1,625,87.2,504,,,,,,,,,,,,,,
2026-07-01T06:00:12.055163+00:00,2026-07-01T06:00:12.048558,2,3,86.95,0.1,86.9,625,86.8,200,,,,,,,,,,,,,,,,,87.0,200,87.1,625,87.2,4,,,,,,,,,,,,,,
2026-07-01T06:00:12.065481+00:00,2026-07-01T06:00:12.064383,3,3,86.95,0.1,86.9,625,86.8,200,86.7,500,,,,,,,,,,,,,,,87.0,200,87.1,625,87.2,504,,,,,,,,,,,,,,
2026-07-01T06:00:12.178716+00:00,2026-07-01T06:00:12.170706,3,3,86.95,0.1,86.9,625,86.8,202,86.7,500,,,,,,,,,,,,,,,87.0,200,87.1,625,87.2,504,,,,,,,,,,,,,,
2026-07-01T06:00:12.250990+00:00,2026-07-01T06:00:12.249292,3,3,86.95,0.1,86.9,625,86.8,202,86.7,500,,,,,,,,,,,,,,,87.0,200,87.1,625,87.2,504,,,,,,,,,,,,,,
2026-07-01T06:00:12.671270+00:00,2026-07-01T06:00:12.667407,2,3,86.95,0.1,86.9,625,86.8,202,,,,,,,,,,,,,,,,,87.0,200,87.1,625,87.2,504,,,,,,,,,,,,,,
2026-07-01T06:00:12.681675+00:00,2026-07-01T06:00:12.680460,3,3,86.95,0.1,86.9,625,86.8,202,86.6,500,,,,,,,,,,,,,,,87.0,200,87.1,625,87.2,4,,,,,,,,,,,,,,
2026-07-01T06:00:12.692113+00:00,2026-07-01T06:00:12.686952,3,3,86.95,0.1,86.9,625,86.8,202,86.6,500,,,,,,,,,,,,,,,87.0,200,87.1,625,87.2,504,,,,,,,,,,,,,,
2026-07-01T06:00:12.702563+00:00,2026-07-01T06:00:12.695845,3,3,86.95,0.1,86.9,625,86.8,201,86.6,500,,,,,,,,,,,,,,,87.0,200,87.1,625,87.2,504,,,,,,,,,,,,,,
2026-07-01T06:00:13.279560+00:00,2026-07-01T06:00:13.276383,2,3,86.95,0.1,86.9,625,86.8,201,,,,,,,,,,,,,,,,,87.0,200,87.1,625,87.2,4,,,,,,,,,,,,,,
2026-07-01T06:00:13.290067+00:00,2026-07-01T06:00:13.284595,3,3,86.95,0.1,86.9,625,86.8,201,86.7,500,,,,,,,,,,,,,,,87.0,200,87.1,625,87.2,4,,,,,,,,,,,,,,
2026-07-01T06:00:13.300501+00:00,2026-07-01T06:00:13.291048,3,3,86.95,0.1,86.9,625,86.8,201,86.7,500,,,,,,,,,,,,,,,87.0,200,87.1,625,87.2,504,,,,,,,,,,,,,,
2026-07-01T06:00:13.321953+00:00,2026-07-01T06:00:13.314476,3,3,86.95,0.1,86.9,625,86.8,201,86.7,500,,,,,,,,,,,,,,,87.0,200,87.1,625,87.2,504,,,,,,,,,,,,,,
2026-07-01T06:00:13.353269+00:00,2026-07-01T06:00:13.344802,3,3,86.95,0.1,86.9,625,86.8,200,86.7,500,,,,,,,,,,,,,,,87.0,200,87.1,625,87.2,504,,,,,,,,,,,,,,
2026-07-01T06:00:13.461360+00:00,2026-07-01T06:00:13.459335,3,3,86.95,0.1,86.9,625,86.8,200,86.7,500,,,,,,,,,,,,,,,87.0,200,87.1,625,87.2,504,,,,,,,,,,,,,,
2026-07-01T06:00:13.513053+00:00,2026-07-01T06:00:13.509572,3,3,86.95,0.1,86.9,625,86.8,200,86.7,500,,,,,,,,,,,,,,,87.0,200,87.1,625,87.2,504,,,,,,,,,,,,,,
2026-07-01T06:00:13.688847+00:00,2026-07-01T06:00:13.688116,3,3,86.95,0.1,86.9,625,86.8,201,86.7,500,,,,,,,,,,,,,,,87.0,200,87.1,625,87.2,504,,,,,,,,,,,,,,
2026-07-01T06:00:13.822624+00:00,2026-07-01T06:00:13.817390,3,3,86.95,0.1,86.9,625,86.8,200,86.7,500,,,,,,,,,,,,,,,87.0,200,87.1,625,87.2,504,,,,,,,,,,,,,,
2026-07-01T06:00:13.874195+00:00,2026-07-01T06:00:13.872577,2,3,86.95,0.1,86.9,625,86.8,200,,,,,,,,,,,,,,,,,87.0,200,87.1,625,87.2,504,,,,,,,,,,,,,,
2026-07-01T06:00:13.884539+00:00,2026-07-01T06:00:13.879463,2,3,86.95,0.1,86.9,625,86.8,200,,,,,,,,,,,,,,,,,87.0,200,87.1,625,87.2,4,,,,,,,,,,,,,,
2026-07-01T06:00:13.894977+00:00,2026-07-01T06:00:13.892719,3,3,86.95,0.1,86.9,625,86.8,200,86.7,500,,,,,,,,,,,,,,,87.0,200,87.1,625,87.2,504,,,,,,,,,,,,,,
2026-07-01T06:00:14.235703+00:00,2026-07-01T06:00:14.230262,3,3,86.95,0.1,86.9,625,86.8,201,86.7,500,,,,,,,,,,,,,,,87.0,200,87.1,625,87.2,504,,,,,,,,,,,,,,
2026-07-01T06:00:14.483357+00:00,2026-07-01T06:00:14.483035,2,3,86.95,0.1,86.9,625,86.8,201,,,,,,,,,,,,,,,,,87.0,200,87.1,625,87.2,4,,,,,,,,,,,,,,
2026-07-01T06:00:14.493836+00:00,2026-07-01T06:00:14.491145,3,3,86.95,0.1,86.9,625,86.8,201,86.6,500,,,,,,,,,,,,,,,87.0,200,87.1,625,87.2,4,,,,,,,,,,,,,,
2026-07-01T06:00:14.504340+00:00,2026-07-01T06:00:14.497566,3,3,86.95,0.1,86.9,625,86.8,201,86.6,500,,,,,,,,,,,,,,,87.0,200,87.1,625,87.2,504,,,,,,,,,,,,,,
2026-07-01T06:00:14.618533+00:00,2026-07-01T06:00:14.617374,2,3,86.9,0.2,86.8,201,86.6,500,,,,,,,,,,,,,,,,,87.0,200,87.1,625,87.2,504,,,,,,,,,,,,,,
2026-07-01T06:00:14.629009+00:00,2026-07-01T06:00:14.625094,2,2,86.9,0.2,86.8,826,86.6,500,,,,,,,,,,,,,,,,,87.0,825,87.2,504,,,,,,,,,,,,,,,,
2026-07-01T06:00:14.670340+00:00,2026-07-01T06:00:14.663787,2,2,86.9,0.2,86.8,626,86.6,500,,,,,,,,,,,,,,,,,87.0,825,87.2,504,,,,,,,,,,,,,,,,
2026-07-01T06:00:14.680866+00:00,2026-07-01T06:00:14.678432,3,3,86.85,0.1,86.8,626,86.7,200,86.6,500,,,,,,,,,,,,,,,86.9,200,87.0,625,87.2,504,,,,,,,,,,,,,,
2026-07-01T06:00:15.082264+00:00,2026-07-01T06:00:15.078356,2,3,86.85,0.1,86.8,626,86.7,200,,,,,,,,,,,,,,,,,86.9,200,87.0,625,87.2,504,,,,,,,,,,,,,,
2026-07-01T06:00:15.092685+00:00,2026-07-01T06:00:15.092398,2,3,86.85,0.1,86.8,626,86.7,700,,,,,,,,,,,,,,,,,86.9,200,87.0,625,87.2,4,,,,,,,,,,,,,,
2026-07-01T06:00:15.103216+00:00,2026-07-01T06:00:15.099216,2,3,86.85,0.1,86.8,626,86.7,700,,,,,,,,,,,,,,,,,86.9,200,87.0,625,87.2,504,,,,,,,,,,,,,,
2026-07-01T06:00:15.682020+00:00,2026-07-01T06:00:15.680491,2,3,86.85,0.1,86.8,626,86.7,200,,,,,,,,,,,,,,,,,86.9,200,87.0,625,87.2,504,,,,,,,,,,,,,,
2026-07-01T06:00:15.692354+00:00,2026-07-01T06:00:15.686836,2,3,86.85,0.1,86.8,626,86.7,200,,,,,,,,,,,,,,,,,86.9,200,87.0,625,87.2,4,,,,,,,,,,,,,,
2026-07-01T06:00:15.702754+00:00,2026-07-01T06:00:15.699066,2,4,86.85,0.1,86.8,626,86.7,700,,,,,,,,,,,,,,,,,86.9,200,87.0,625,87.2,4,87.3,500,,,,,,,,,,,,
2026-07-01T06:00:15.888781+00:00,2026-07-01T06:00:15.884853,2,4,86.85,0.1,86.8,626,86.7,700,,,,,,,,,,,,,,,,,86.9,200,87.0,625,87.2,4,87.3,500,,,,,,,,,,,,
2026-07-01T06:00:15.929759+00:00,2026-07-01T06:00:15.928648,2,4,86.85,0.1,86.8,1,86.7,700,,,,,,,,,,,,,,,,,86.9,200,87.0,625,87.2,4,87.3,500,,,,,,,,,,,,
2026-07-01T06:00:15.940067+00:00,2026-07-01T06:00:15.937480,2,3,86.85,0.1,86.8,626,86.7,700,,,,,,,,,,,,,,,,,86.9,825,87.2,4,87.3,500,,,,,,,,,,,,,,
2026-07-01T06:00:15.981556+00:00,2026-07-01T06:00:15.974319,2,3,86.85,0.1,86.8,616,86.7,700,,,,,,,,,,,,,,,,,86.9,825,87.2,4,87.3,500,,,,,,,,,,,,,,
2026-07-01T06:00:16.290073+00:00,2026-07-01T06:00:16.283453,2,3,86.85,0.1,86.8,616,86.7,200,,,,,,,,,,,,,,,,,86.9,825,87.2,4,87.3,500,,,,,,,,,,,,,,
2026-07-01T06:00:16.300493+00:00,2026-07-01T06:00:16.298694,2,2,86.85,0.1,86.8,616,86.7,700,,,,,,,,,,,,,,,,,86.9,825,87.2,4,,,,,,,,,,,,,,,,
2026-07-01T06:00:16.310976+00:00,2026-07-01T06:00:16.306166,2,2,86.85,0.1,86.8,616,86.7,700,,,,,,,,,,,,,,,,,86.9,825,87.2,504,,,,,,,,,,,,,,,,
2026-07-01T06:00:16.846055+00:00,2026-07-01T06:00:16.842556,2,2,86.85,0.1,86.8,617,86.7,700,,,,,,,,,,,,,,,,,86.9,825,87.2,504,,,,,,,,,,,,,,,,
2026-07-01T06:00:16.887515+00:00,2026-07-01T06:00:16.885738,2,2,86.85,0.1,86.8,617,86.7,200,,,,,,,,,,,,,,,,,86.9,825,87.2,504,,,,,,,,,,,,,,,,
2026-07-01T06:00:16.897942+00:00,2026-07-01T06:00:16.893047,2,2,86.85,0.1,86.8,617,86.7,200,,,,,,,,,,,,,,,,,86.9,825,87.2,4,,,,,,,,,,,,,,,,
2026-07-01T06:00:16.908346+00:00,2026-07-01T06:00:16.908157,2,2,86.85,0.1,86.8,617,86.7,700,,,,,,,,,,,,,,,,,86.9,825,87.2,504,,,,,,,,,,,,,,,,
2026-07-01T06:00:17.094887+00:00,2026-07-01T06:00:17.093950,2,2,86.85,0.1,86.8,617,86.7,700,,,,,,,,,,,,,,,,,86.9,625,87.2,504,,,,,,,,,,,,,,,,
2026-07-01T06:00:17.105353+00:00,2026-07-01T06:00:17.095979,2,2,86.85,0.1,86.8,417,86.7,700,,,,,,,,,,,,,,,,,86.9,625,87.2,504,,,,,,,,,,,,,,,,
2026-07-01T06:00:17.249703+00:00,2026-07-01T06:00:17.246679,3,1,87.0,0.4,86.8,1,86.7,700,86.6,625,,,,,,,,,,,,,,,87.2,504,,,,,,,,,,,,,,,,,,
2026-07-01T06:00:17.260187+00:00,2026-07-01T06:00:17.250227,2,2,86.75,0.1,86.7,700,86.6,625,,,,,,,,,,,,,,,,,86.8,624,87.2,504,,,,,,,,,,,,,,,,
2026-07-01T06:00:17.414611+00:00,2026-07-01T06:00:17.405082,2,2,86.75,0.1,86.7,702,86.6,625,,,,,,,,,,,,,,,,,86.8,624,87.2,504,,,,,,,,,,,,,,,,
2026-07-01T06:00:17.496897+00:00,2026-07-01T06:00:17.494971,2,2,86.75,0.1,86.7,202,86.6,625,,,,,,,,,,,,,,,,,86.8,624,87.2,4,,,,,,,,,,,,,,,,
2026-07-01T06:00:17.507363+00:00,2026-07-01T06:00:17.501830,2,2,86.75,0.1,86.7,202,86.6,625,,,,,,,,,,,,,,,,,86.8,124,87.2,4,,,,,,,,,,,,,,,,
2026-07-01T06:00:17.517824+00:00,2026-07-01T06:00:17.509330,2,3,86.75,0.1,86.7,202,86.6,625,,,,,,,,,,,,,,,,,86.8,124,87.2,4,87.3,500,,,,,,,,,,,,,,
2026-07-01T06:00:18.169154+00:00,2026-07-01T06:00:18.161606,3,2,86.9,0.2,86.8,376,86.7,202,86.6,625,,,,,,,,,,,,,,,87.0,11,87.3,500,,,,,,,,,,,,,,,,
2026-07-01T06:00:18.304006+00:00,2026-07-01T06:00:18.302684,3,2,86.9,0.2,86.8,376,86.7,202,86.6,625,,,,,,,,,,,,,,,87.0,11,87.3,500,,,,,,,,,,,,,,,,
2026-07-01T06:00:18.314397+00:00,2026-07-01T06:00:18.304726,3,3,86.85,0.1,86.8,376,86.7,202,86.6,625,,,,,,,,,,,,,,,86.9,200,87.0,11,87.3,500,,,,,,,,,,,,,,
2026-07-01T06:00:18.570384+00:00,2026-07-01T06:00:18.565048,3,3,86.95,0.1,86.9,422,86.8,376,86.7,202,,,,,,,,,,,,,,,87.0,11,87.1,625,87.3,500,,,,,,,,,,,,,,
2026-07-01T06:00:18.724501+00:00,2026-07-01T06:00:18.723332,2,3,86.95,0.1,86.9,422,86.7,202,,,,,,,,,,,,,,,,,87.0,11,87.1,625,87.3,500,,,,,,,,,,,,,,
2026-07-01T06:00:18.734860+00:00,2026-07-01T06:00:18.729597,2,2,86.95,0.1,86.9,422,86.7,202,,,,,,,,,,,,,,,,,87.0,11,87.1,625,,,,,,,,,,,,,,,,
2026-07-01T06:00:18.745392+00:00,2026-07-01T06:00:18.741866,3,3,86.95,0.1,86.9,422,86.8,500,86.7,202,,,,,,,,,,,,,,,87.0,11,87.1,625,87.3,500,,,,,,,,,,,,,,
2026-07-01T06:00:18.869232+00:00,2026-07-01T06:00:18.859966,3,3,86.95,0.1,86.9,422,86.8,500,86.7,201,,,,,,,,,,,,,,,87.0,10,87.1,625,87.3,500,,,,,,,,,,,,,,
2026-07-01T06:00:18.941569+00:00,2026-07-01T06:00:18.931872,3,2,87.0,0.2,86.9,422,86.8,500,86.7,201,,,,,,,,,,,,,,,87.1,625,87.3,500,,,,,,,,,,,,,,,,
2026-07-01T06:00:19.136645+00:00,2026-07-01T06:00:19.132403,3,2,87.0,0.2,86.9,422,86.8,500,86.7,201,,,,,,,,,,,,,,,87.1,636,87.3,500,,,,,,,,,,,,,,,,
2026-07-01T06:00:19.311563+00:00,2026-07-01T06:00:19.311457,3,2,87.0,0.2,86.9,422,86.8,500,86.7,201,,,,,,,,,,,,,,,87.1,616,87.3,500,,,,,,,,,,,,,,,,
2026-07-01T06:00:19.332208+00:00,2026-07-01T06:00:19.326900,2,2,87.0,0.2,86.9,422,86.7,201,,,,,,,,,,,,,,,,,87.1,616,87.3,500,,,,,,,,,,,,,,,,
2026-07-01T06:00:19.342622+00:00,2026-07-01T06:00:19.340957,2,1,87.0,0.2,86.9,422,86.7,701,,,,,,,,,,,,,,,,,87.1,616,,,,,,,,,,,,,,,,,,
2026-07-01T06:00:19.353065+00:00,2026-07-01T06:00:19.347318,2,2,87.0,0.2,86.9,422,86.7,701,,,,,,,,,,,,,,,,,87.1,616,87.3,500,,,,,,,,,,,,,,,,
2026-07-01T06:00:19.508167+00:00,2026-07-01T06:00:19.507022,2,2,87.0,0.2,86.9,422,86.7,501,,,,,,,,,,,,,,,,,87.1,616,87.3,500,,,,,,,,,,,,,,,,
2026-07-01T06:00:19.518498+00:00,2026-07-01T06:00:19.511104,3,3,86.95,0.1,86.9,422,86.8,200,86.7,501,,,,,,,,,,,,,,,87.0,200,87.1,616,87.3,500,,,,,,,,,,,,,,
2026-07-01T06:00:19.600480+00:00,2026-07-01T06:00:19.600124,3,3,86.95,0.1,86.9,422,86.8,200,86.7,501,,,,,,,,,,,,,,,87.0,200,87.1,613,87.3,500,,,,,,,,,,,,,,
2026-07-01T06:00:19.866991+00:00,2026-07-01T06:00:19.865282,2,3,86.9,0.2,86.8,200,86.7,501,,,,,,,,,,,,,,,,,87.0,200,87.1,8,87.3,500,,,,,,,,,,,,,,
2026-07-01T06:00:19.877307+00:00,2026-07-01T06:00:19.870546,2,4,86.85,0.1,86.8,200,86.7,1126,,,,,,,,,,,,,,,,,86.9,625,87.0,200,87.1,8,87.3,500,,,,,,,,,,,,
2026-07-01T06:00:19.938942+00:00,2026-07-01T06:00:19.937093,2,3,86.85,0.1,86.8,200,86.7,626,,,,,,,,,,,,,,,,,86.9,625,87.0,200,87.1,8,,,,,,,,,,,,,,
2026-07-01T06:00:19.949275+00:00,2026-07-01T06:00:19.943538,2,3,86.85,0.1,86.8,200,86.7,1126,,,,,,,,,,,,,,,,,86.9,625,87.0,200,87.1,8,,,,,,,,,,,,,,
2026-07-01T06:00:19.959613+00:00,2026-07-01T06:00:19.951358,2,4,86.85,0.1,86.8,200,86.7,1126,,,,,,,,,,,,,,,,,86.9,625,87.0,200,87.1,8,87.3,500,,,,,,,,,,,,
2026-07-01T06:00:20.073260+00:00,2026-07-01T06:00:20.065309,2,4,86.85,0.1,86.8,190,86.7,1126,,,,,,,,,,,,,,,,,86.9,625,87.0,200,87.1,8,87.3,500,,,,,,,,,,,,
2026-07-01T06:00:20.538403+00:00,2026-07-01T06:00:20.538157,2,3,86.85,0.1,86.8,190,86.7,626,,,,,,,,,,,,,,,,,86.9,625,87.0,200,87.1,8,,,,,,,,,,,,,,
2026-07-01T06:00:20.548840+00:00,2026-07-01T06:00:20.544342,2,3,86.85,0.1,86.8,690,86.7,626,,,,,,,,,,,,,,,,,86.9,625,87.0,200,87.1,8,,,,,,,,,,,,,,
2026-07-01T06:00:20.559186+00:00,2026-07-01T06:00:20.550790,2,4,86.85,0.1,86.8,690,86.7,626,,,,,,,,,,,,,,,,,86.9,625,87.0,200,87.1,8,87.3,500,,,,,,,,,,,,
2026-07-01T06:00:20.723567+00:00,2026-07-01T06:00:20.721967,2,4,86.85,0.1,86.8,500,86.7,626,,,,,,,,,,,,,,,,,86.9,425,87.1,8,87.2,200,87.3,500,,,,,,,,,,,,
2026-07-01T06:00:20.888004+00:00,2026-07-01T06:00:20.881865,2,4,86.85,0.1,86.8,500,86.7,626,,,,,,,,,,,,,,,,,86.9,425,87.1,5,87.2,200,87.3,500,,,,,,,,,,,,
2026-07-01T06:00:20.907743+00:00,2026-07-01T06:00:20.902443,2,4,86.85,0.1,86.8,493,86.7,626,,,,,,,,,,,,,,,,,86.9,425,87.1,5,87.2,200,87.3,500,,,,,,,,,,,,
2026-07-01T06:00:21.082679+00:00,2026-07-01T06:00:21.081726,2,4,86.85,0.1,86.8,483,86.7,626,,,,,,,,,,,,,,,,,86.9,425,87.1,5,87.2,200,87.3,500,,,,,,,,,,,,
2026-07-01T06:00:21.144451+00:00,2026-07-01T06:00:21.143341,1,3,86.8,0.2,86.7,626,,,,,,,,,,,,,,,,,,,86.9,425,87.1,5,87.2,200,,,,,,,,,,,,,,
2026-07-01T06:00:21.154803+00:00,2026-07-01T06:00:21.150608,2,3,86.85,0.1,86.8,500,86.7,626,,,,,,,,,,,,,,,,,86.9,425,87.1,5,87.2,200,,,,,,,,,,,,,,
2026-07-01T06:00:21.165132+00:00,2026-07-01T06:00:21.159988,2,4,86.85,0.1,86.8,500,86.7,626,,,,,,,,,,,,,,,,,86.9,425,87.1,5,87.2,200,87.3,500,,,,,,,,,,,,
2026-07-01T06:00:21.175464+00:00,2026-07-01T06:00:21.168062,2,4,86.85,0.1,86.8,500,86.7,626,,,,,,,,,,,,,,,,,86.9,425,87.1,3,87.2,200,87.3,500,,,,,,,,,,,,
2026-07-01T06:00:21.185813+00:00,2026-07-01T06:00:21.183783,3,3,87.0,0.2,86.9,625,86.8,500,86.7,1,,,,,,,,,,,,,,,87.1,3,87.2,200,87.3,500,,,,,,,,,,,,,,
2026-07-01T06:00:21.196126+00:00,2026-07-01T06:00:21.186860,3,3,87.0,0.2,86.9,625,86.8,500,86.7,1,,,,,,,,,,,,,,,87.1,628,87.2,200,87.3,500,,,,,,,,,,,,,,
2026-07-01T06:00:21.742388+00:00,2026-07-01T06:00:21.738820,2,3,87.0,0.2,86.9,625,86.7,1,,,,,,,,,,,,,,,,,87.1,628,87.2,200,87.3,500,,,,,,,,,,,,,,
2026-07-01T06:00:21.752711+00:00,2026-07-01T06:00:21.745885,2,2,87.0,0.2,86.9,625,86.7,1,,,,,,,,,,,,,,,,,87.1,628,87.2,200,,,,,,,,,,,,,,,,
2026-07-01T06:00:21.763078+00:00,2026-07-01T06:00:21.760949,3,3,87.0,0.2,86.9,625,86.8,500,86.7,1,,,,,,,,,,,,,,,87.1,628,87.2,200,87.3,500,,,,,,,,,,,,,,
2026-07-01T06:00:21.927535+00:00,2026-07-01T06:00:21.926182,3,2,87.0,0.2,86.9,625,86.8,700,86.7,1,,,,,,,,,,,,,,,87.1,628,87.3,500,,,,,,,,,,,,,,,,
2026-07-01T06:00:21.937811+00:00,2026-07-01T06:00:21.927869,3,3,86.95,0.1,86.9,625,86.8,700,86.7,1,,,,,,,,,,,,,,,87.0,200,87.1,628,87.3,500,,,,,,,,,,,,,,
2026-07-01T06:00:22.349025+00:00,2026-07-01T06:00:22.347847,3,2,86.95,0.1,86.9,625,86.8,200,86.7,1,,,,,,,,,,,,,,,87.0,200,87.1,628,,,,,,,,,,,,,,,,
2026-07-01T06:00:22.359470+00:00,2026-07-01T06:00:22.354512,3,2,86.95,0.1,86.9,625,86.8,700,86.7,1,,,,,,,,,,,,,,,87.0,200,87.1,628,,,,,,,,,,,,,,,,
2026-07-01T06:00:22.369907+00:00,2026-07-01T06:00:22.361058,3,3,86.95,0.1,86.9,625,86.8,700,86.7,1,,,,,,,,,,,,,,,87.0,200,87.1,628,87.3,500,,,,,,,,,,,,,,
2026-07-01T06:00:22.493451+00:00,2026-07-01T06:00:22.492603,2,3,86.9,0.2,86.8,700,86.7,1,,,,,,,,,,,,,,,,,87.0,200,87.1,3,87.3,500,,,,,,,,,,,,,,
2026-07-01T06:00:22.503875+00:00,2026-07-01T06:00:22.498280,3,3,86.95,0.1,86.9,625,86.8,700,86.7,1,,,,,,,,,,,,,,,87.0,200,87.1,628,87.3,500,,,,,,,,,,,,,,
2026-07-01T06:00:22.946534+00:00,2026-07-01T06:00:22.942939,3,3,86.95,0.1,86.9,625,86.8,200,86.7,1,,,,,,,,,,,,,,,87.0,200,87.1,628,87.3,500,,,,,,,,,,,,,,
2026-07-01T06:00:22.956970+00:00,2026-07-01T06:00:22.955832,3,2,86.95,0.1,86.9,625,86.8,700,86.7,1,,,,,,,,,,,,,,,87.0,200,87.1,628,,,,,,,,,,,,,,,,
2026-07-01T06:00:22.967494+00:00,2026-07-01T06:00:22.962279,3,3,86.95,0.1,86.9,625,86.8,700,86.7,1,,,,,,,,,,,,,,,87.0,200,87.1,628,87.3,500,,,,,,,,,,,,,,
2026-07-01T06:00:23.039904+00:00,2026-07-01T06:00:23.032609,3,3,86.95,0.1,86.9,625,86.8,700,86.7,1,,,,,,,,,,,,,,,87.0,200,87.1,627,87.3,500,,,,,,,,,,,,,,
2026-07-01T06:00:23.133821+00:00,2026-07-01T06:00:23.131337,3,3,86.95,0.1,86.9,625,86.8,500,86.7,1,,,,,,,,,,,,,,,87.0,200,87.1,627,87.3,500,,,,,,,,,,,,,,
2026-07-01T06:00:23.144271+00:00,2026-07-01T06:00:23.137610,3,3,86.95,0.1,86.9,625,86.8,700,86.7,1,,,,,,,,,,,,,,,87.0,200,87.1,627,87.3,500,,,,,,,,,,,,,,
2026-07-01T06:00:23.553455+00:00,2026-07-01T06:00:23.552326,3,2,86.95,0.1,86.9,625,86.8,200,86.7,1,,,,,,,,,,,,,,,87.0,200,87.1,627,,,,,,,,,,,,,,,,
2026-07-01T06:00:23.563912+00:00,2026-07-01T06:00:23.558404,3,2,86.95,0.1,86.9,625,86.8,700,86.7,1,,,,,,,,,,,,,,,87.0,200,87.1,627,,,,,,,,,,,,,,,,
2026-07-01T06:00:23.574380+00:00,2026-07-01T06:00:23.564395,3,3,86.95,0.1,86.9,625,86.8,700,86.7,1,,,,,,,,,,,,,,,87.0,200,87.1,627,87.3,500,,,,,,,,,,,,,,
2026-07-01T06:00:23.801826+00:00,2026-07-01T06:00:23.800913,2,3,86.9,0.2,86.8,700,86.7,1,,,,,,,,,,,,,,,,,87.0,200,87.1,627,87.3,500,,,,,,,,,,,,,,
2026-07-01T06:00:23.812262+00:00,2026-07-01T06:00:23.810724,3,3,86.95,0.1,86.9,625,86.8,700,86.7,1,,,,,,,,,,,,,,,87.0,825,87.1,2,87.3,500,,,,,,,,,,,,,,
2026-07-01T06:00:24.154575+00:00,2026-07-01T06:00:24.153620,3,2,86.95,0.1,86.9,625,86.8,200,86.7,1,,,,,,,,,,,,,,,87.0,825,87.1,2,,,,,,,,,,,,,,,,
2026-07-01T06:00:24.165087+00:00,2026-07-01T06:00:24.159840,3,2,86.95,0.1,86.9,1125,86.8,200,86.7,1,,,,,,,,,,,,,,,87.0,825,87.1,2,,,,,,,,,,,,,,,,
2026-07-01T06:00:24.175581+00:00,2026-07-01T06:00:24.166545,3,3,86.95,0.1,86.9,1125,86.8,200,86.7,1,,,,,,,,,,,,,,,87.0,825,87.1,2,87.4,500,,,,,,,,,,,,,,
2026-07-01T06:00:24.342169+00:00,2026-07-01T06:00:24.341761,2,3,86.95,0.1,86.9,1125,86.7,1,,,,,,,,,,,,,,,,,87.0,625,87.1,2,87.4,500,,,,,,,,,,,,,,
2026-07-01T06:00:24.352594+00:00,2026-07-01T06:00:24.345328,2,3,86.95,0.1,86.9,925,86.7,201,,,,,,,,,,,,,,,,,87.0,625,87.1,2,87.4,500,,,,,,,,,,,,,,
2026-07-01T06:00:24.784757+00:00,2026-07-01T06:00:24.782600,2,3,86.95,0.1,86.9,425,86.7,201,,,,,,,,,,,,,,,,,87.0,625,87.1,2,87.4,500,,,,,,,,,,,,,,
2026-07-01T06:00:24.795299+00:00,2026-07-01T06:00:24.789347,2,2,86.95,0.1,86.9,425,86.7,201,,,,,,,,,,,,,,,,,87.0,625,87.1,2,,,,,,,,,,,,,,,,
2026-07-01T06:00:24.805759+00:00,2026-07-01T06:00:24.802064,3,3,86.95,0.1,86.9,425,86.8,500,86.7,201,,,,,,,,,,,,,,,87.0,625,87.1,2,87.4,500,,,,,,,,,,,,,,
2026-07-01T06:00:25.124381+00:00,2026-07-01T06:00:25.123504,2,3,86.9,0.2,86.8,1125,86.7,201,,,,,,,,,,,,,,,,,87.0,625,87.1,2,87.4,500,,,,,,,,,,,,,,
2026-07-01T06:00:25.393048+00:00,2026-07-01T06:00:25.392344,2,2,86.9,0.2,86.8,625,86.7,201,,,,,,,,,,,,,,,,,87.0,625,87.1,2,,,,,,,,,,,,,,,,
2026-07-01T06:00:25.403502+00:00,2026-07-01T06:00:25.399435,2,2,86.9,0.2,86.8,1125,86.7,201,,,,,,,,,,,,,,,,,87.0,625,87.1,2,,,,,,,,,,,,,,,,
2026-07-01T06:00:25.413942+00:00,2026-07-01T06:00:25.407163,2,3,86.9,0.2,86.8,1125,86.7,201,,,,,,,,,,,,,,,,,87.0,625,87.1,2,87.3,500,,,,,,,,,,,,,,
2026-07-01T06:00:25.558149+00:00,2026-07-01T06:00:25.553840,2,3,86.9,0.2,86.8,1125,86.7,1,,,,,,,,,,,,,,,,,87.0,425,87.1,202,87.3,500,,,,,,,,,,,,,,
2026-07-01T06:00:25.991547+00:00,2026-07-01T06:00:25.989141,2,3,86.9,0.2,86.8,625,86.7,1,,,,,,,,,,,,,,,,,87.0,425,87.1,202,87.3,500,,,,,,,,,,,,,,
2026-07-01T06:00:26.001938+00:00,2026-07-01T06:00:25.997359,2,2,86.9,0.2,86.8,625,86.7,1,,,,,,,,,,,,,,,,,87.0,425,87.1,202,,,,,,,,,,,,,,,,
2026-07-01T06:00:26.012361+00:00,2026-07-01T06:00:26.012149,2,3,86.9,0.2,86.8,1125,86.7,1,,,,,,,,,,,,,,,,,87.0,425,87.1,202,87.3,500,,,,,,,,,,,,,,
2026-07-01T06:00:26.434746+00:00,2026-07-01T06:00:26.432529,3,2,87.05,0.1,87.0,625,86.8,500,86.7,1,,,,,,,,,,,,,,,87.1,827,87.3,500,,,,,,,,,,,,,,,,
2026-07-01T06:00:26.598919+00:00,2026-07-01T06:00:26.598613,2,1,87.05,0.1,87.0,625,86.7,1,,,,,,,,,,,,,,,,,87.1,827,,,,,,,,,,,,,,,,,,
2026-07-01T06:00:26.609364+00:00,2026-07-01T06:00:26.605863,3,1,87.05,0.1,87.0,625,86.8,500,86.7,1,,,,,,,,,,,,,,,87.1,827,,,,,,,,,,,,,,,,,,
2026-07-01T06:00:26.619830+00:00,2026-07-01T06:00:26.613341,3,2,87.05,0.1,87.0,625,86.8,500,86.7,1,,,,,,,,,,,,,,,87.1,827,87.3,500,,,,,,,,,,,,,,,,
2026-07-01T06:00:26.692117+00:00,2026-07-01T06:00:26.686262,3,2,87.05,0.1,87.0,615,86.8,500,86.7,1,,,,,,,,,,,,,,,87.1,827,87.3,500,,,,,,,,,,,,,,,,
2026-07-01T06:00:26.764890+00:00,2026-07-01T06:00:26.761743,3,2,87.05,0.1,87.0,415,86.8,500,86.7,201,,,,,,,,,,,,,,,87.1,627,87.3,500,,,,,,,,,,,,,,,,
2026-07-01T06:00:27.200015+00:00,2026-07-01T06:00:27.195153,2,2,87.05,0.1,87.0,415,86.7,201,,,,,,,,,,,,,,,,,87.1,627,87.3,500,,,,,,,,,,,,,,,,
2026-07-01T06:00:27.210493+00:00,2026-07-01T06:00:27.209122,2,1,87.05,0.1,87.0,415,86.7,701,,,,,,,,,,,,,,,,,87.1,627,,,,,,,,,,,,,,,,,,
2026-07-01T06:00:27.220956+00:00,2026-07-01T06:00:27.215638,2,2,87.05,0.1,87.0,415,86.7,701,,,,,,,,,,,,,,,,,87.1,627,87.3,500,,,,,,,,,,,,,,,,
2026-07-01T06:00:27.739323+00:00,2026-07-01T06:00:27.737790,1,2,86.9,0.4,86.7,701,,,,,,,,,,,,,,,,,,,87.1,2,87.3,500,,,,,,,,,,,,,,,,
2026-07-01T06:00:27.749759+00:00,2026-07-01T06:00:27.743306,2,3,86.9,0.2,86.8,625,86.7,701,,,,,,,,,,,,,,,,,87.0,625,87.1,2,87.3,500,,,,,,,,,,,,,,
2026-07-01T06:00:27.801831+00:00,2026-07-01T06:00:27.797714,2,3,86.9,0.2,86.8,625,86.7,201,,,,,,,,,,,,,,,,,87.0,625,87.1,2,87.3,500,,,,,,,,,,,,,,
2026-07-01T06:00:27.812269+00:00,2026-07-01T06:00:27.806240,2,2,86.9,0.2,86.8,625,86.7,201,,,,,,,,,,,,,,,,,87.0,625,87.1,2,,,,,,,,,,,,,,,,
2026-07-01T06:00:27.822757+00:00,2026-07-01T06:00:27.820862,2,3,86.9,0.2,86.8,625,86.7,701,,,,,,,,,,,,,,,,,87.0,625,87.1,2,87.2,500,,,,,,,,,,,,,,
2026-07-01T06:00:27.967856+00:00,2026-07-01T06:00:27.966419,2,3,86.9,0.2,86.8,825,86.7,501,,,,,,,,,,,,,,,,,87.0,625,87.1,2,87.2,500,,,,,,,,,,,,,,
2026-07-01T06:00:27.978354+00:00,2026-07-01T06:00:27.969785,2,3,86.9,0.2,86.8,825,86.7,501,,,,,,,,,,,,,,,,,87.0,825,87.1,2,87.2,500,,,,,,,,,,,,,,
2026-07-01T06:00:28.404004+00:00,2026-07-01T06:00:28.400787,2,3,86.9,0.2,86.8,825,86.7,1,,,,,,,,,,,,,,,,,87.0,825,87.1,2,87.2,500,,,,,,,,,,,,,,
2026-07-01T06:00:28.414455+00:00,2026-07-01T06:00:28.413277,2,2,86.9,0.2,86.8,825,86.7,501,,,,,,,,,,,,,,,,,87.0,825,87.1,2,,,,,,,,,,,,,,,,
2026-07-01T06:00:28.424923+00:00,2026-07-01T06:00:28.419867,2,3,86.9,0.2,86.8,825,86.7,501,,,,,,,,,,,,,,,,,87.0,825,87.1,2,87.2,500,,,,,,,,,,,,,,
2026-07-01T06:00:28.730060+00:00,2026-07-01T06:00:28.720642,2,3,86.9,0.2,86.8,815,86.7,501,,,,,,,,,,,,,,,,,87.0,825,87.1,2,87.2,500,,,,,,,,,,,,,,
2026-07-01T06:00:29.009053+00:00,2026-07-01T06:00:29.007360,2,2,86.9,0.2,86.8,815,86.7,1,,,,,,,,,,,,,,,,,87.0,825,87.1,2,,,,,,,,,,,,,,,,
2026-07-01T06:00:29.019583+00:00,2026-07-01T06:00:29.013777,2,2,86.9,0.2,86.8,815,86.7,501,,,,,,,,,,,,,,,,,87.0,825,87.1,2,,,,,,,,,,,,,,,,
2026-07-01T06:00:29.030051+00:00,2026-07-01T06:00:29.021368,2,3,86.9,0.2,86.8,815,86.7,501,,,,,,,,,,,,,,,,,87.0,825,87.1,2,87.2,500,,,,,,,,,,,,,,
2026-07-01T06:00:29.050736+00:00,2026-07-01T06:00:29.049525,2,3,86.9,0.2,86.8,200,86.7,501,,,,,,,,,,,,,,,,,87.0,200,87.1,2,87.2,500,,,,,,,,,,,,,,
2026-07-01T06:00:29.061117+00:00,2026-07-01T06:00:29.055025,2,3,86.9,0.2,86.8,825,86.7,501,,,,,,,,,,,,,,,,,87.0,825,87.1,2,87.2,500,,,,,,,,,,,,,,
2026-07-01T06:00:29.175790+00:00,2026-07-01T06:00:29.174632,2,3,86.9,0.2,86.8,825,86.7,501,,,,,,,,,,,,,,,,,87.0,625,87.1,2,87.2,500,,,,,,,,,,,,,,
2026-07-01T06:00:29.186168+00:00,2026-07-01T06:00:29.176222,2,3,86.9,0.2,86.8,825,86.7,501,,,,,,,,,,,,,,,,,87.0,825,87.1,2,87.2,500,,,,,,,,,,,,,,
2026-07-01T06:00:29.403626+00:00,2026-07-01T06:00:29.400002,2,3,86.9,0.2,86.8,825,86.7,501,,,,,,,,,,,,,,,,,87.0,805,87.1,2,87.2,500,,,,,,,,,,,,,,
2026-07-01T06:00:29.609540+00:00,2026-07-01T06:00:29.605321,2,3,86.9,0.2,86.8,825,86.7,1,,,,,,,,,,,,,,,,,87.0,805,87.1,2,87.2,500,,,,,,,,,,,,,,
2026-07-01T06:00:29.619880+00:00,2026-07-01T06:00:29.613343,2,2,86.9,0.2,86.8,825,86.7,1,,,,,,,,,,,,,,,,,87.0,805,87.1,2,,,,,,,,,,,,,,,,
2026-07-01T06:00:29.630224+00:00,2026-07-01T06:00:29.627751,2,3,86.9,0.2,86.8,825,86.7,501,,,,,,,,,,,,,,,,,87.0,805,87.1,2,87.2,500,,,,,,,,,,,,,,
2026-07-01T06:00:30.215874+00:00,2026-07-01T06:00:30.208652,2,3,86.9,0.2,86.8,825,86.7,1,,,,,,,,,,,,,,,,,87.0,805,87.1,2,87.2,500,,,,,,,,,,,,,,
2026-07-01T06:00:30.226311+00:00,2026-07-01T06:00:30.216261,2,2,86.9,0.2,86.8,825,86.7,1,,,,,,,,,,,,,,,,,87.0,805,87.1,2,,,,,,,,,,,,,,,,
2026-07-01T06:00:30.236680+00:00,2026-07-01T06:00:30.234888,2,3,86.9,0.2,86.8,825,86.7,501,,,,,,,,,,,,,,,,,87.0,805,87.1,2,87.3,500,,,,,,,,,,,,,,
2026-07-01T06:00:30.371556+00:00,2026-07-01T06:00:30.370820,2,3,86.9,0.2,86.8,200,86.7,501,,,,,,,,,,,,,,,,,87.0,200,87.1,2,87.3,500,,,,,,,,,,,,,,
2026-07-01T06:00:30.381954+00:00,2026-07-01T06:00:30.381783,3,1,87.2,0.2,87.1,423,86.8,200,86.7,501,,,,,,,,,,,,,,,87.3,1125,,,,,,,,,,,,,,,,,,
2026-07-01T06:00:30.392416+00:00,2026-07-01T06:00:30.390447,3,1,87.2,0.2,87.1,423,86.8,200,86.7,501,,,,,,,,,,,,,,,87.3,1125,,,,,,,,,,,,,,,,,,
2026-07-01T06:00:30.402823+00:00,2026-07-01T06:00:30.393819,3,1,87.2,0.2,87.1,223,86.8,200,86.7,501,,,,,,,,,,,,,,,87.3,1125,,,,,,,,,,,,,,,,,,
2026-07-01T06:00:30.413239+00:00,2026-07-01T06:00:30.405084,3,2,87.15,0.1,87.1,223,86.8,200,86.7,501,,,,,,,,,,,,,,,87.2,8,87.3,1125,,,,,,,,,,,,,,,,
2026-07-01T06:00:30.690173+00:00,2026-07-01T06:00:30.688999,3,2,87.15,0.1,87.1,223,86.8,200,86.7,501,,,,,,,,,,,,,,,87.2,7,87.3,1125,,,,,,,,,,,,,,,,
2026-07-01T06:00:30.762159+00:00,2026-07-01T06:00:30.759242,3,2,87.15,0.1,87.1,213,86.8,200,86.7,501,,,,,,,,,,,,,,,87.2,7,87.3,1125,,,,,,,,,,,,,,,,
2026-07-01T06:00:30.845321+00:00,2026-07-01T06:00:30.841605,3,2,87.15,0.1,87.1,213,86.8,200,86.7,1,,,,,,,,,,,,,,,87.2,7,87.3,625,,,,,,,,,,,,,,,,
2026-07-01T06:00:30.855798+00:00,2026-07-01T06:00:30.854227,3,2,87.15,0.1,87.1,213,86.8,200,86.7,501,,,,,,,,,,,,,,,87.2,507,87.3,625,,,,,,,,,,,,,,,,
2026-07-01T06:00:31.280993+00:00,2026-07-01T06:00:31.272700,3,2,87.15,0.1,87.1,203,86.8,200,86.7,501,,,,,,,,,,,,,,,87.2,507,87.3,625,,,,,,,,,,,,,,,,
2026-07-01T06:00:31.446600+00:00,2026-07-01T06:00:31.445424,3,2,87.15,0.1,87.1,203,86.8,200,86.7,1,,,,,,,,,,,,,,,87.2,7,87.3,625,,,,,,,,,,,,,,,,
2026-07-01T06:00:31.457124+00:00,2026-07-01T06:00:31.451994,3,2,87.15,0.1,87.1,203,86.8,200,86.7,501,,,,,,,,,,,,,,,87.2,7,87.3,625,,,,,,,,,,,,,,,,
2026-07-01T06:00:31.467610+00:00,2026-07-01T06:00:31.458604,3,2,87.15,0.1,87.1,203,86.8,200,86.7,501,,,,,,,,,,,,,,,87.2,507,87.3,625,,,,,,,,,,,,,,,,
2026-07-01T06:00:31.601583+00:00,2026-07-01T06:00:31.598205,2,2,87.15,0.1,87.1,203,86.7,501,,,,,,,,,,,,,,,,,87.2,507,87.3,625,,,,,,,,,,,,,,,,
2026-07-01T06:00:31.611992+00:00,2026-07-01T06:00:31.605058,3,2,87.15,0.1,87.1,203,87.0,200,86.7,501,,,,,,,,,,,,,,,87.2,707,87.3,625,,,,,,,,,,,,,,,,
2026-07-01T06:00:31.694026+00:00,2026-07-01T06:00:31.692046,3,1,87.1,0.2,87.0,200,86.9,625,86.7,501,,,,,,,,,,,,,,,87.2,707,,,,,,,,,,,,,,,,,,
2026-07-01T06:00:31.704455+00:00,2026-07-01T06:00:31.695554,2,2,86.95,0.1,86.9,625,86.7,501,,,,,,,,,,,,,,,,,87.0,425,87.2,707,,,,,,,,,,,,,,,,
2026-07-01T06:00:32.045503+00:00,2026-07-01T06:00:32.039907,2,2,86.95,0.1,86.9,625,86.7,1,,,,,,,,,,,,,,,,,87.0,425,87.2,707,,,,,,,,,,,,,,,,
2026-07-01T06:00:32.056029+00:00,2026-07-01T06:00:32.052391,2,2,86.95,0.1,86.9,625,86.7,501,,,,,,,,,,,,,,,,,87.0,425,87.2,207,,,,,,,,,,,,,,,,
2026-07-01T06:00:32.066591+00:00,2026-07-01T06:00:32.058251,2,3,86.95,0.1,86.9,625,86.7,501,,,,,,,,,,,,,,,,,87.0,425,87.2,207,87.3,500,,,,,,,,,,,,,,
2026-07-01T06:00:32.645877+00:00,2026-07-01T06:00:32.642561,2,3,86.95,0.1,86.9,625,86.7,1,,,,,,,,,,,,,,,,,87.0,425,87.2,207,87.3,500,,,,,,,,,,,,,,
2026-07-01T06:00:32.656345+00:00,2026-07-01T06:00:32.655855,3,2,86.95,0.1,86.9,625,86.8,500,86.7,1,,,,,,,,,,,,,,,87.0,425,87.2,207,,,,,,,,,,,,,,,,
2026-07-01T06:00:32.666877+00:00,2026-07-01T06:00:32.664032,3,3,86.95,0.1,86.9,625,86.8,500,86.7,1,,,,,,,,,,,,,,,87.0,425,87.2,207,87.3,500,,,,,,,,,,,,,,
2026-07-01T06:00:32.801620+00:00,2026-07-01T06:00:32.798727,3,3,86.95,0.1,86.9,615,86.8,500,86.7,1,,,,,,,,,,,,,,,87.0,425,87.2,207,87.3,500,,,,,,,,,,,,,,
2026-07-01T06:00:32.812078+00:00,2026-07-01T06:00:32.811880,3,3,86.95,0.1,86.9,815,86.8,500,86.7,1,,,,,,,,,,,,,,,87.0,425,87.2,7,87.3,500,,,,,,,,,,,,,,
2026-07-01T06:00:32.822586+00:00,2026-07-01T06:00:32.814288,3,4,86.95,0.1,86.9,815,86.8,500,86.7,1,,,,,,,,,,,,,,,87.0,425,87.1,200,87.2,7,87.3,500,,,,,,,,,,,,
2026-07-01T06:00:33.008599+00:00,2026-07-01T06:00:33.005303,3,3,87.0,0.2,86.9,200,86.8,500,86.7,1,,,,,,,,,,,,,,,87.1,200,87.2,7,87.3,500,,,,,,,,,,,,,,
2026-07-01T06:00:33.019050+00:00,2026-07-01T06:00:33.013032,4,3,87.05,0.1,87.0,625,86.9,200,86.8,500,86.7,1,,,,,,,,,,,,,87.1,200,87.2,632,87.3,500,,,,,,,,,,,,,,
2026-07-01T06:00:33.257857+00:00,2026-07-01T06:00:33.254942,3,2,87.05,0.1,87.0,625,86.9,200,86.7,1,,,,,,,,,,,,,,,87.1,200,87.2,632,,,,,,,,,,,,,,,,
2026-07-01T06:00:33.268432+00:00,2026-07-01T06:00:33.267729,4,3,87.05,0.1,87.0,625,86.9,200,86.8,500,86.7,1,,,,,,,,,,,,,87.1,200,87.2,632,87.3,500,,,,,,,,,,,,,,
2026-07-01T06:00:33.852723+00:00,2026-07-01T06:00:33.847531,3,3,87.05,0.1,87.0,625,86.9,200,86.7,1,,,,,,,,,,,,,,,87.1,200,87.2,632,87.3,500,,,,,,,,,,,,,,
2026-07-01T06:00:33.863158+00:00,2026-07-01T06:00:33.855399,3,2,87.05,0.1,87.0,625,86.9,200,86.7,1,,,,,,,,,,,,,,,87.1,200,87.2,632,,,,,,,,,,,,,,,,
2026-07-01T06:00:33.873621+00:00,2026-07-01T06:00:33.870551,4,3,87.05,0.1,87.0,625,86.9,200,86.8,500,86.7,1,,,,,,,,,,,,,87.1,200,87.2,632,87.3,500,,,,,,,,,,,,,,
2026-07-01T06:00:34.018381+00:00,2026-07-01T06:00:34.016746,3,3,87.05,0.1,87.0,625,86.8,500,86.7,1,,,,,,,,,,,,,,,87.1,200,87.2,632,87.3,500,,,,,,,,,,,,,,
2026-07-01T06:00:34.028798+00:00,2026-07-01T06:00:34.023340,3,2,87.1,0.2,87.0,825,86.8,500,86.7,1,,,,,,,,,,,,,,,87.2,832,87.3,500,,,,,,,,,,,,,,,,
2026-07-01T06:00:34.309278+00:00,2026-07-01T06:00:34.307820,3,2,87.1,0.2,87.0,825,86.8,500,86.7,1,,,,,,,,,,,,,,,87.2,831,87.3,500,,,,,,,,,,,,,,,,
2026-07-01T06:00:34.319665+00:00,2026-07-01T06:00:34.318062,3,2,87.1,0.2,87.0,200,86.8,500,86.7,1,,,,,,,,,,,,,,,87.2,206,87.3,500,,,,,,,,,,,,,,,,
2026-07-01T06:00:34.330086+00:00,2026-07-01T06:00:34.323327,4,2,87.15,0.1,87.1,625,87.0,200,86.8,500,86.7,1,,,,,,,,,,,,,87.2,206,87.3,1125,,,,,,,,,,,,,,,,
2026-07-01T06:00:34.454814+00:00,2026-07-01T06:00:34.450293,3,2,87.15,0.1,87.1,625,87.0,200,86.7,1,,,,,,,,,,,,,,,87.2,206,87.3,1125,,,,,,,,,,,,,,,,
2026-07-01T06:00:34.465305+00:00,2026-07-01T06:00:34.458079,3,2,87.15,0.1,87.1,625,87.0,200,86.7,1,,,,,,,,,,,,,,,87.2,206,87.3,625,,,,,,,,,,,,,,,,
2026-07-01T06:00:34.475772+00:00,2026-07-01T06:00:34.472556,4,2,87.15,0.1,87.1,625,87.0,200,86.8,500,86.7,1,,,,,,,,,,,,,87.2,206,87.3,1125,,,,,,,,,,,,,,,,
2026-07-01T06:00:34.836654+00:00,2026-07-01T06:00:34.834565,4,2,87.15,0.1,87.1,625,87.0,200,86.8,500,86.7,1,,,,,,,,,,,,,87.2,204,87.3,1125,,,,,,,,,,,,,,,,
2026-07-01T06:00:34.847088+00:00,2026-07-01T06:00:34.840628,4,2,87.15,0.1,87.1,615,87.0,200,86.8,500,86.7,1,,,,,,,,,,,,,87.2,204,87.3,1125,,,,,,,,,,,,,,,,
2026-07-01T06:00:35.063750+00:00,2026-07-01T06:00:35.060838,3,2,87.15,0.1,87.1,615,87.0,200,86.7,1,,,,,,,,,,,,,,,87.2,204,87.3,625,,,,,,,,,,,,,,,,
2026-07-01T06:00:35.074223+00:00,2026-07-01T06:00:35.073976,4,2,87.15,0.1,87.1,615,87.0,200,86.8,500,86.7,1,,,,,,,,,,,,,87.2,204,87.3,1125,,,,,,,,,,,,,,,,
2026-07-01T06:00:35.230139+00:00,2026-07-01T06:00:35.229472,3,2,87.15,0.1,87.1,615,86.8,500,86.7,1,,,,,,,,,,,,,,,87.2,204,87.3,1125,,,,,,,,,,,,,,,,
2026-07-01T06:00:35.240568+00:00,2026-07-01T06:00:35.238451,3,2,87.15,0.1,87.1,815,86.8,500,86.7,1,,,,,,,,,,,,,,,87.2,4,87.3,1125,,,,,,,,,,,,,,,,
2026-07-01T06:00:35.251010+00:00,2026-07-01T06:00:35.241502,3,2,87.15,0.1,87.1,815,86.8,500,86.7,1,,,,,,,,,,,,,,,87.2,4,87.3,1325,,,,,,,,,,,,,,,,
2026-07-01T06:00:35.631578+00:00,2026-07-01T06:00:35.628425,3,2,87.15,0.1,87.1,200,86.8,500,86.7,1,,,,,,,,,,,,,,,87.2,4,87.3,700,,,,,,,,,,,,,,,,
2026-07-01T06:00:35.641929+00:00,2026-07-01T06:00:35.636956,3,2,87.2,0.2,87.1,200,86.8,500,86.7,1,,,,,,,,,,,,,,,87.3,79,87.5,625,,,,,,,,,,,,,,,,
2026-07-01T06:00:35.662545+00:00,2026-07-01T06:00:35.655551,2,2,87.2,0.2,87.1,200,86.7,1,,,,,,,,,,,,,,,,,87.3,79,87.5,625,,,,,,,,,,,,,,,,
2026-07-01T06:00:35.672948+00:00,2026-07-01T06:00:35.669804,2,2,87.2,0.2,87.1,200,86.7,501,,,,,,,,,,,,,,,,,87.3,579,87.5,625,,,,,,,,,,,,,,,,
2026-07-01T06:00:36.269152+00:00,2026-07-01T06:00:36.265526,2,2,87.2,0.2,87.1,200,86.7,1,,,,,,,,,,,,,,,,,87.3,79,87.5,625,,,,,,,,,,,,,,,,
2026-07-01T06:00:36.279740+00:00,2026-07-01T06:00:36.278010,3,2,87.2,0.2,87.1,200,86.8,500,86.7,1,,,,,,,,,,,,,,,87.3,579,87.5,625,,,,,,,,,,,,,,,,
2026-07-01T06:00:36.469127+00:00,2026-07-01T06:00:36.459953,3,2,87.25,0.1,87.2,200,86.8,500,86.7,1,,,,,,,,,,,,,,,87.3,700,87.5,625,,,,,,,,,,,,,,,,
2026-07-01T06:00:36.969037+00:00,2026-07-01T06:00:36.960205,2,2,86.95,0.1,86.9,625,86.7,500,,,,,,,,,,,,,,,,,87.0,425,87.3,700,,,,,,,,,,,,,,,,
2026-07-01T06:00:37.058645+00:00,2026-07-01T06:00:37.017563,2,2,86.95,0.1,86.9,633,86.7,500,,,,,,,,,,,,,,,,,87.0,425,87.3,700,,,,,,,,,,,,,,,,
2026-07-01T06:00:37.169072+00:00,2026-07-01T06:00:37.165357,2,3,86.95,0.1,86.9,633,86.7,500,,,,,,,,,,,,,,,,,87.0,425,87.2,4,87.3,700,,,,,,,,,,,,,,
2026-07-01T06:00:37.503789+00:00,2026-07-01T06:00:37.497946,1,3,86.95,0.1,86.9,633,,,,,,,,,,,,,,,,,,,87.0,425,87.2,4,87.3,700,,,,,,,,,,,,,,
2026-07-01T06:00:37.514275+00:00,2026-07-01T06:00:37.510983,2,3,86.95,0.1,86.9,633,86.8,500,,,,,,,,,,,,,,,,,87.0,425,87.2,4,87.3,200,,,,,,,,,,,,,,
2026-07-01T06:00:37.524727+00:00,2026-07-01T06:00:37.517195,2,3,86.95,0.1,86.9,633,86.8,500,,,,,,,,,,,,,,,,,87.0,425,87.2,4,87.3,700,,,,,,,,,,,,,,
2026-07-01T06:00:37.658934+00:00,2026-07-01T06:00:37.657685,2,3,86.95,0.1,86.9,633,86.8,500,,,,,,,,,,,,,,,,,87.0,425,87.2,4,87.3,500,,,,,,,,,,,,,,
2026-07-01T06:00:37.669448+00:00,2026-07-01T06:00:37.662751,2,3,86.95,0.1,86.9,633,86.8,700,,,,,,,,,,,,,,,,,87.0,625,87.2,4,87.3,500,,,,,,,,,,,,,,
2026-07-01T06:00:37.907841+00:00,2026-07-01T06:00:37.901025,2,3,86.95,0.1,86.9,632,86.8,700,,,,,,,,,,,,,,,,,87.0,625,87.2,4,87.3,500,,,,,,,,,,,,,,
2026-07-01T06:00:38.104826+00:00,2026-07-01T06:00:38.099937,2,3,86.95,0.1,86.9,632,86.8,200,,,,,,,,,,,,,,,,,87.0,625,87.2,4,87.3,500,,,,,,,,,,,,,,
2026-07-01T06:00:38.115311+00:00,2026-07-01T06:00:38.114205,3,2,86.95,0.1,86.9,632,86.8,200,86.7,500,,,,,,,,,,,,,,,87.0,625,87.2,4,,,,,,,,,,,,,,,,
2026-07-01T06:00:38.125797+00:00,2026-07-01T06:00:38.121494,3,3,86.95,0.1,86.9,632,86.8,200,86.7,500,,,,,,,,,,,,,,,87.0,625,87.2,4,87.3,500,,,,,,,,,,,,,,
2026-07-01T06:00:38.167586+00:00,2026-07-01T06:00:38.165672,3,3,86.95,0.1,86.9,630,86.8,200,86.7,500,,,,,,,,,,,,,,,87.0,625,87.2,4,87.3,500,,,,,,,,,,,,,,
2026-07-01T06:00:38.251284+00:00,2026-07-01T06:00:38.250317,3,3,86.95,0.1,86.9,5,86.8,200,86.7,500,,,,,,,,,,,,,,,87.0,625,87.2,4,87.3,500,,,,,,,,,,,,,,
2026-07-01T06:00:38.261684+00:00,2026-07-01T06:00:38.259384,3,3,86.95,0.1,86.9,630,86.8,200,86.7,500,,,,,,,,,,,,,,,87.0,825,87.2,4,87.3,500,,,,,,,,,,,,,,
2026-07-01T06:00:38.292949+00:00,2026-07-01T06:00:38.282973,3,3,86.95,0.1,86.9,629,86.8,200,86.7,500,,,,,,,,,,,,,,,87.0,825,87.2,4,87.3,500,,,,,,,,,,,,,,
2026-07-01T06:00:38.708384+00:00,2026-07-01T06:00:38.703628,2,3,86.95,0.1,86.9,629,86.8,200,,,,,,,,,,,,,,,,,87.0,825,87.2,4,87.3,500,,,,,,,,,,,,,,
2026-07-01T06:00:38.718826+00:00,2026-07-01T06:00:38.711901,2,2,86.95,0.1,86.9,629,86.8,200,,,,,,,,,,,,,,,,,87.0,825,87.2,4,,,,,,,,,,,,,,,,
2026-07-01T06:00:38.729291+00:00,2026-07-01T06:00:38.726586,3,3,86.95,0.1,86.9,629,86.8,200,86.7,500,,,,,,,,,,,,,,,87.0,825,87.2,4,87.3,500,,,,,,,,,,,,,,
2026-07-01T06:00:38.874984+00:00,2026-07-01T06:00:38.870907,3,3,86.95,0.1,86.9,629,86.8,200,86.7,500,,,,,,,,,,,,,,,87.0,625,87.2,4,87.3,500,,,,,,,,,,,,,,
2026-07-01T06:00:38.885437+00:00,2026-07-01T06:00:38.876627,3,3,86.95,0.1,86.9,429,86.8,200,86.7,500,,,,,,,,,,,,,,,87.0,625,87.2,4,87.3,500,,,,,,,,,,,,,,
2026-07-01T06:00:38.926965+00:00,2026-07-01T06:00:38.920535,3,3,86.95,0.1,86.9,429,86.8,200,86.7,500,,,,,,,,,,,,,,,87.0,615,87.2,4,87.3,500,,,,,,,,,,,,,,
2026-07-01T06:00:39.310118+00:00,2026-07-01T06:00:39.306735,2,3,86.95,0.1,86.9,429,86.8,204,,,,,,,,,,,,,,,,,87.0,615,87.2,4,87.3,500,,,,,,,,,,,,,,
2026-07-01T06:00:39.320656+00:00,2026-07-01T06:00:39.319514,3,2,86.95,0.1,86.9,429,86.8,204,86.7,500,,,,,,,,,,,,,,,87.0,615,87.2,4,,,,,,,,,,,,,,,,
2026-07-01T06:00:39.331098+00:00,2026-07-01T06:00:39.327650,3,2,86.95,0.1,86.9,429,86.8,204,86.7,500,,,,,,,,,,,,,,,87.0,615,87.2,504,,,,,,,,,,,,,,,,
2026-07-01T06:00:39.393345+00:00,2026-07-01T06:00:39.386734,3,2,86.95,0.1,86.9,429,86.8,204,86.7,500,,,,,,,,,,,,,,,87.0,595,87.2,504,,,,,,,,,,,,,,,,
2026-07-01T06:00:39.568861+00:00,2026-07-01T06:00:39.566628,2,1,87.0,0.4,86.8,829,86.7,500,,,,,,,,,,,,,,,,,87.2,504,,,,,,,,,,,,,,,,,,
2026-07-01T06:00:39.579302+00:00,2026-07-01T06:00:39.569354,2,2,86.9,0.2,86.8,829,86.7,500,,,,,,,,,,,,,,,,,87.0,625,87.2,504,,,,,,,,,,,,,,,,
2026-07-01T06:00:39.917929+00:00,2026-07-01T06:00:39.915072,1,2,86.9,0.2,86.8,829,,,,,,,,,,,,,,,,,,,87.0,625,87.2,4,,,,,,,,,,,,,,,,
2026-07-01T06:00:39.928241+00:00,2026-07-01T06:00:39.922743,2,2,86.9,0.2,86.8,829,86.7,500,,,,,,,,,,,,,,,,,87.0,625,87.2,4,,,,,,,,,,,,,,,,
2026-07-01T06:00:39.938567+00:00,2026-07-01T06:00:39.929413,2,3,86.9,0.2,86.8,829,86.7,500,,,,,,,,,,,,,,,,,87.0,625,87.2,4,87.3,500,,,,,,,,,,,,,,
2026-07-01T06:00:40.092789+00:00,2026-07-01T06:00:40.087816,2,3,86.9,0.2,86.8,829,86.7,500,,,,,,,,,,,,,,,,,87.0,825,87.2,4,87.3,500,,,,,,,,,,,,,,
2026-07-01T06:00:40.513678+00:00,2026-07-01T06:00:40.511257,1,3,86.9,0.2,86.8,829,,,,,,,,,,,,,,,,,,,87.0,825,87.2,4,87.3,500,,,,,,,,,,,,,,
2026-07-01T06:00:40.524047+00:00,2026-07-01T06:00:40.523692,1,2,86.9,0.2,86.8,1329,,,,,,,,,,,,,,,,,,,87.0,825,87.2,4,,,,,,,,,,,,,,,,
2026-07-01T06:00:40.534369+00:00,2026-07-01T06:00:40.529965,1,3,86.9,0.2,86.8,1329,,,,,,,,,,,,,,,,,,,87.0,825,87.2,4,87.3,500,,,,,,,,,,,,,,
2026-07-01T06:00:40.872686+00:00,2026-07-01T06:00:40.871520,1,3,86.9,0.2,86.8,704,,,,,,,,,,,,,,,,,,,87.0,825,87.2,4,87.3,500,,,,,,,,,,,,,,
2026-07-01T06:00:40.883000+00:00,2026-07-01T06:00:40.881314,1,4,86.85,0.1,86.8,1329,,,,,,,,,,,,,,,,,,,86.9,625,87.0,200,87.2,4,87.3,500,,,,,,,,,,,,
2026-07-01T06:00:41.088334+00:00,2026-07-01T06:00:41.078313,1,4,86.85,0.1,86.8,1328,,,,,,,,,,,,,,,,,,,86.9,625,87.0,200,87.2,4,87.3,500,,,,,,,,,,,,
2026-07-01T06:00:41.119318+00:00,2026-07-01T06:00:41.113099,1,4,86.85,0.1,86.8,828,,,,,,,,,,,,,,,,,,,86.9,625,87.0,200,87.2,4,87.3,500,,,,,,,,,,,,
2026-07-01T06:00:41.129655+00:00,2026-07-01T06:00:41.125611,1,3,86.85,0.1,86.8,1328,,,,,,,,,,,,,,,,,,,86.9,625,87.0,200,87.2,4,,,,,,,,,,,,,,
2026-07-01T06:00:41.139950+00:00,2026-07-01T06:00:41.131460,1,4,86.85,0.1,86.8,1328,,,,,,,,,,,,,,,,,,,86.9,625,87.0,200,87.2,4,87.3,500,,,,,,,,,,,,
2026-07-01T06:00:41.294542+00:00,2026-07-01T06:00:41.292148,1,4,86.85,0.1,86.8,1128,,,,,,,,,,,,,,,,,,,86.9,625,87.0,200,87.2,4,87.3,500,,,,,,,,,,,,
2026-07-01T06:00:41.304885+00:00,2026-07-01T06:00:41.303010,1,4,86.85,0.1,86.8,1128,,,,,,,,,,,,,,,,,,,86.9,425,87.1,200,87.2,4,87.3,500,,,,,,,,,,,,
2026-07-01T06:00:41.726094+00:00,2026-07-01T06:00:41.718779,1,4,86.85,0.1,86.8,628,,,,,,,,,,,,,,,,,,,86.9,425,87.1,200,87.2,4,87.3,500,,,,,,,,,,,,
2026-07-01T06:00:41.736484+00:00,2026-07-01T06:00:41.733559,1,3,86.85,0.1,86.8,1128,,,,,,,,,,,,,,,,,,,86.9,425,87.1,200,87.2,4,,,,,,,,,,,,,,
2026-07-01T06:00:41.746830+00:00,2026-07-01T06:00:41.740274,1,4,86.85,0.1,86.8,1128,,,,,,,,,,,,,,,,,,,86.9,425,87.1,200,87.2,4,87.3,500,,,,,,,,,,,,
2026-07-01T06:00:42.189603+00:00,2026-07-01T06:00:42.187914,1,3,86.95,0.3,86.8,503,,,,,,,,,,,,,,,,,,,87.1,200,87.2,4,87.3,500,,,,,,,,,,,,,,
2026-07-01T06:00:42.200010+00:00,2026-07-01T06:00:42.194455,2,3,87.05,0.1,87.0,625,86.8,503,,,,,,,,,,,,,,,,,87.1,825,87.2,4,87.3,500,,,,,,,,,,,,,,
2026-07-01T06:00:42.324648+00:00,2026-07-01T06:00:42.320483,2,3,87.05,0.1,87.0,625,86.8,3,,,,,,,,,,,,,,,,,87.1,825,87.2,4,87.3,500,,,,,,,,,,,,,,
2026-07-01T06:00:42.335187+00:00,2026-07-01T06:00:42.327816,2,2,87.05,0.1,87.0,625,86.8,3,,,,,,,,,,,,,,,,,87.1,825,87.2,4,,,,,,,,,,,,,,,,
2026-07-01T06:00:42.345700+00:00,2026-07-01T06:00:42.342533,3,3,87.05,0.1,87.0,625,86.9,500,86.8,3,,,,,,,,,,,,,,,87.1,825,87.2,4,87.4,500,,,,,,,,,,,,,,
2026-07-01T06:00:42.511715+00:00,2026-07-01T06:00:42.511592,3,3,87.05,0.1,87.0,625,86.9,700,86.8,3,,,,,,,,,,,,,,,87.1,825,87.2,4,87.4,500,,,,,,,,,,,,,,
2026-07-01T06:00:42.955036+00:00,2026-07-01T06:00:42.953490,3,3,87.05,0.1,87.0,625,86.9,200,86.8,3,,,,,,,,,,,,,,,87.1,825,87.2,4,87.4,500,,,,,,,,,,,,,,
2026-07-01T06:00:42.965439+00:00,2026-07-01T06:00:42.960471,3,2,87.05,0.1,87.0,625,86.9,200,86.8,3,,,,,,,,,,,,,,,87.1,825,87.2,4,,,,,,,,,,,,,,,,
2026-07-01T06:00:42.975958+00:00,2026-07-01T06:00:42.974673,3,3,87.05,0.1,87.0,625,86.9,700,86.8,3,,,,,,,,,,,,,,,87.1,825,87.2,4,87.4,500,,,,,,,,,,,,,,
2026-07-01T06:00:43.388262+00:00,2026-07-01T06:00:43.386392,3,3,87.05,0.1,87.0,625,86.9,700,86.8,3,,,,,,,,,,,,,,,87.1,825,87.2,3,87.4,500,,,,,,,,,,,,,,
2026-07-01T06:00:43.507026+00:00,2026-07-01T06:00:43.505832,2,3,87.0,0.2,86.9,1325,86.8,3,,,,,,,,,,,,,,,,,87.1,825,87.2,3,87.4,500,,,,,,,,,,,,,,
2026-07-01T06:00:43.558719+00:00,2026-07-01T06:00:43.557335,2,3,87.0,0.2,86.9,825,86.8,3,,,,,,,,,,,,,,,,,87.1,825,87.2,3,87.4,500,,,,,,,,,,,,,,
2026-07-01T06:00:43.569071+00:00,2026-07-01T06:00:43.563989,2,2,87.0,0.2,86.9,825,86.8,3,,,,,,,,,,,,,,,,,87.1,825,87.2,3,,,,,,,,,,,,,,,,
2026-07-01T06:00:43.579514+00:00,2026-07-01T06:00:43.577101,2,3,87.0,0.2,86.9,825,86.8,503,,,,,,,,,,,,,,,,,87.1,825,87.2,3,87.4,500,,,,,,,,,,,,,,
2026-07-01T06:00:43.714604+00:00,2026-07-01T06:00:43.714093,2,3,87.0,0.2,86.9,625,86.8,503,,,,,,,,,,,,,,,,,87.1,825,87.2,3,87.4,500,,,,,,,,,,,,,,
2026-07-01T06:00:43.725099+00:00,2026-07-01T06:00:43.722495,3,3,87.05,0.1,87.0,200,86.9,625,86.8,503,,,,,,,,,,,,,,,87.1,625,87.2,203,87.4,500,,,,,,,,,,,,,,
2026-07-01T06:00:44.169363+00:00,2026-07-01T06:00:44.166275,3,2,87.05,0.1,87.0,200,86.9,625,86.8,3,,,,,,,,,,,,,,,87.1,625,87.2,203,,,,,,,,,,,,,,,,
2026-07-01T06:00:44.179844+00:00,2026-07-01T06:00:44.178465,3,3,87.05,0.1,87.0,200,86.9,1125,86.8,3,,,,,,,,,,,,,,,87.1,625,87.2,203,87.4,500,,,,,,,,,,,,,,
2026-07-01T06:00:44.675783+00:00,2026-07-01T06:00:44.672474,3,3,87.05,0.1,87.0,200,86.9,1125,86.8,3,,,,,,,,,,,,,,,87.1,625,87.2,202,87.4,500,,,,,,,,,,,,,,
2026-07-01T06:00:44.769227+00:00,2026-07-01T06:00:44.761975,3,3,87.05,0.1,87.0,200,86.9,625,86.8,3,,,,,,,,,,,,,,,87.1,625,87.2,202,87.4,500,,,,,,,,,,,,,,
2026-07-01T06:00:44.779704+00:00,2026-07-01T06:00:44.775526,3,2,87.05,0.1,87.0,200,86.9,625,86.8,503,,,,,,,,,,,,,,,87.1,625,87.2,202,,,,,,,,,,,,,,,,
2026-07-01T06:00:44.790242+00:00,2026-07-01T06:00:44.786014,3,3,87.05,0.1,87.0,200,86.9,625,86.8,503,,,,,,,,,,,,,,,87.1,625,87.2,202,87.4,500,,,,,,,,,,,,,,
2026-07-01T06:00:44.811179+00:00,2026-07-01T06:00:44.810606,2,2,87.1,0.2,87.0,200,86.8,503,,,,,,,,,,,,,,,,,87.2,202,87.4,500,,,,,,,,,,,,,,,,
2026-07-01T06:00:44.821688+00:00,2026-07-01T06:00:44.816510,1,3,86.9,0.2,86.8,1128,,,,,,,,,,,,,,,,,,,87.0,425,87.2,202,87.4,500,,,,,,,,,,,,,,
2026-07-01T06:00:44.925631+00:00,2026-07-01T06:00:44.925101,1,3,86.9,0.2,86.8,1128,,,,,,,,,,,,,,,,,,,87.0,425,87.2,2,87.4,500,,,,,,,,,,,,,,
2026-07-01T06:00:44.936083+00:00,2026-07-01T06:00:44.932001,1,3,86.9,0.2,86.8,1128,,,,,,,,,,,,,,,,,,,87.0,225,87.2,202,87.4,500,,,,,,,,,,,,,,
2026-07-01T06:00:45.369740+00:00,2026-07-01T06:00:45.365263,1,3,86.9,0.2,86.8,628,,,,,,,,,,,,,,,,,,,87.0,225,87.2,202,87.4,500,,,,,,,,,,,,,,
2026-07-01T06:00:45.380053+00:00,2026-07-01T06:00:45.378681,1,2,86.9,0.2,86.8,1128,,,,,,,,,,,,,,,,,,,87.0,225,87.2,202,,,,,,,,,,,,,,,,
2026-07-01T06:00:45.390420+00:00,2026-07-01T06:00:45.385075,1,3,86.9,0.2,86.8,1128,,,,,,,,,,,,,,,,,,,87.0,225,87.2,202,87.3,500,,,,,,,,,,,,,,
2026-07-01T06:00:45.977234+00:00,2026-07-01T06:00:45.974761,1,2,86.9,0.2,86.8,628,,,,,,,,,,,,,,,,,,,87.0,225,87.2,202,,,,,,,,,,,,,,,,
2026-07-01T06:00:45.987585+00:00,2026-07-01T06:00:45.981218,2,2,86.9,0.2,86.8,628,86.7,500,,,,,,,,,,,,,,,,,87.0,225,87.2,202,,,,,,,,,,,,,,,,
2026-07-01T06:00:45.997994+00:00,2026-07-01T06:00:45.989512,2,2,86.9,0.2,86.8,628,86.7,500,,,,,,,,,,,,,,,,,87.0,225,87.2,702,,,,,,,,,,,,,,,,
2026-07-01T06:00:46.121411+00:00,2026-07-01T06:00:46.119483,2,2,86.9,0.2,86.8,3,86.7,500,,,,,,,,,,,,,,,,,87.0,225,87.2,702,,,,,,,,,,,,,,,,
2026-07-01T06:00:46.131756+00:00,2026-07-01T06:00:46.127561,3,1,87.1,0.2,87.0,625,86.8,3,86.7,500,,,,,,,,,,,,,,,87.2,1327,,,,,,,,,,,,,,,,,,
2026-07-01T06:00:46.142041+00:00,2026-07-01T06:00:46.139268,4,2,87.05,0.1,87.0,625,86.9,200,86.8,3,86.7,500,,,,,,,,,,,,,87.1,200,87.2,1127,,,,,,,,,,,,,,,,
2026-07-01T06:00:46.573311+00:00,2026-07-01T06:00:46.570519,3,2,87.05,0.1,87.0,625,86.9,200,86.8,3,,,,,,,,,,,,,,,87.1,200,87.2,1127,,,,,,,,,,,,,,,,
2026-07-01T06:00:46.583758+00:00,2026-07-01T06:00:46.580170,3,2,87.05,0.1,87.0,625,86.9,200,86.8,3,,,,,,,,,,,,,,,87.1,200,87.2,627,,,,,,,,,,,,,,,,
2026-07-01T06:00:46.594242+00:00,2026-07-01T06:00:46.587865,4,2,87.05,0.1,87.0,625,86.9,200,86.8,3,86.7,500,,,,,,,,,,,,,87.1,200,87.2,627,,,,,,,,,,,,,,,,
2026-07-01T06:00:46.604720+00:00,2026-07-01T06:00:46.595344,4,2,87.05,0.1,87.0,625,86.9,200,86.8,3,86.7,500,,,,,,,,,,,,,87.1,200,87.2,1127,,,,,,,,,,,,,,,,
2026-07-01T06:00:47.173781+00:00,2026-07-01T06:00:47.172677,3,2,87.05,0.1,87.0,625,86.9,200,86.8,3,,,,,,,,,,,,,,,87.1,200,87.2,1127,,,,,,,,,,,,,,,,
2026-07-01T06:00:47.184075+00:00,2026-07-01T06:00:47.179969,3,2,87.05,0.1,87.0,625,86.9,200,86.8,3,,,,,,,,,,,,,,,87.1,200,87.2,627,,,,,,,,,,,,,,,,
2026-07-01T06:00:47.194422+00:00,2026-07-01T06:00:47.194238,4,2,87.05,0.1,87.0,625,86.9,200,86.8,3,86.7,500,,,,,,,,,,,,,87.1,200,87.2,1127,,,,,,,,,,,,,,,,
2026-07-01T06:00:47.348867+00:00,2026-07-01T06:00:47.348777,3,1,87.1,0.2,87.0,825,86.8,3,86.7,500,,,,,,,,,,,,,,,87.2,1127,,,,,,,,,,,,,,,,,,
2026-07-01T06:00:47.359158+00:00,2026-07-01T06:00:47.351428,3,1,87.1,0.2,87.0,825,86.8,3,86.7,500,,,,,,,,,,,,,,,87.2,1327,,,,,,,,,,,,,,,,,,
2026-07-01T06:00:47.430997+00:00,2026-07-01T06:00:47.430548,3,1,87.1,0.2,87.0,200,86.8,3,86.7,500,,,,,,,,,,,,,,,87.2,1327,,,,,,,,,,,,,,,,,,
2026-07-01T06:00:47.441243+00:00,2026-07-01T06:00:47.438426,3,1,87.1,0.2,87.0,825,86.8,3,86.7,500,,,,,,,,,,,,,,,87.2,1327,,,,,,,,,,,,,,,,,,
2026-07-01T06:00:47.780644+00:00,2026-07-01T06:00:47.775054,2,1,87.1,0.2,87.0,825,86.8,3,,,,,,,,,,,,,,,,,87.2,1327,,,,,,,,,,,,,,,,,,
2026-07-01T06:00:47.790992+00:00,2026-07-01T06:00:47.788293,3,1,87.1,0.2,87.0,825,86.8,3,86.7,500,,,,,,,,,,,,,,,87.2,827,,,,,,,,,,,,,,,,,,
2026-07-01T06:00:47.801332+00:00,2026-07-01T06:00:47.794600,3,2,87.1,0.2,87.0,825,86.8,3,86.7,500,,,,,,,,,,,,,,,87.2,827,87.3,500,,,,,,,,,,,,,,,,
2026-07-01T06:00:48.378184+00:00,2026-07-01T06:00:48.377390,2,2,87.1,0.2,87.0,825,86.8,3,,,,,,,,,,,,,,,,,87.2,827,87.3,500,,,,,,,,,,,,,,,,
2026-07-01T06:00:48.388616+00:00,2026-07-01T06:00:48.383715,2,1,87.1,0.2,87.0,825,86.8,3,,,,,,,,,,,,,,,,,87.2,827,,,,,,,,,,,,,,,,,,
2026-07-01T06:00:48.399094+00:00,2026-07-01T06:00:48.397674,3,2,87.1,0.2,87.0,825,86.8,3,86.7,500,,,,,,,,,,,,,,,87.2,827,87.3,500,,,,,,,,,,,,,,,,
2026-07-01T06:00:48.557105+00:00,2026-07-01T06:00:48.556025,3,2,87.1,0.2,87.0,625,86.8,3,86.7,500,,,,,,,,,,,,,,,87.2,827,87.3,500,,,,,,,,,,,,,,,,
2026-07-01T06:00:48.567500+00:00,2026-07-01T06:00:48.566124,4,3,87.05,0.1,87.0,625,86.9,200,86.8,3,86.7,500,,,,,,,,,,,,,87.1,200,87.2,627,87.3,500,,,,,,,,,,,,,,
2026-07-01T06:00:48.743692+00:00,2026-07-01T06:00:48.743272,3,3,87.0,0.2,86.9,200,86.8,3,86.7,500,,,,,,,,,,,,,,,87.1,200,87.2,2,87.3,500,,,,,,,,,,,,,,
2026-07-01T06:00:48.754128+00:00,2026-07-01T06:00:48.749953,4,2,87.15,0.1,87.1,425,86.9,200,86.8,3,86.7,500,,,,,,,,,,,,,87.2,2,87.3,1125,,,,,,,,,,,,,,,,
2026-07-01T06:00:49.011898+00:00,2026-07-01T06:00:49.011390,3,2,87.15,0.1,87.1,425,86.9,200,86.8,3,,,,,,,,,,,,,,,87.2,2,87.3,1125,,,,,,,,,,,,,,,,
2026-07-01T06:00:49.022234+00:00,2026-07-01T06:00:49.018252,3,2,87.15,0.1,87.1,425,86.9,200,86.8,3,,,,,,,,,,,,,,,87.2,2,87.3,625,,,,,,,,,,,,,,,,
2026-07-01T06:00:49.032686+00:00,2026-07-01T06:00:49.031278,4,2,87.15,0.1,87.1,425,86.9,200,86.8,3,86.7,500,,,,,,,,,,,,,87.2,2,87.3,1125,,,,,,,,,,,,,,,,
2026-07-01T06:00:49.619427+00:00,2026-07-01T06:00:49.615450,3,2,87.15,0.1,87.1,425,86.9,200,86.8,3,,,,,,,,,,,,,,,87.2,2,87.3,1125,,,,,,,,,,,,,,,,
2026-07-01T06:00:49.629904+00:00,2026-07-01T06:00:49.625162,3,2,87.15,0.1,87.1,425,86.9,200,86.8,3,,,,,,,,,,,,,,,87.2,2,87.3,625,,,,,,,,,,,,,,,,
2026-07-01T06:00:49.640404+00:00,2026-07-01T06:00:49.633617,4,2,87.15,0.1,87.1,425,86.9,200,86.8,3,86.7,500,,,,,,,,,,,,,87.2,2,87.3,625,,,,,,,,,,,,,,,,
2026-07-01T06:00:49.650879+00:00,2026-07-01T06:00:49.640977,4,2,87.15,0.1,87.1,425,86.9,200,86.8,3,86.7,500,,,,,,,,,,,,,87.2,502,87.3,625,,,,,,,,,,,,,,,,
2026-07-01T06:00:49.661394+00:00,2026-07-01T06:00:49.660604,4,2,87.15,0.1,87.1,416,86.9,200,86.8,3,86.7,500,,,,,,,,,,,,,87.2,502,87.3,625,,,,,,,,,,,,,,,,
2026-07-01T06:00:49.776051+00:00,2026-07-01T06:00:49.775016,4,2,87.15,0.1,87.1,416,87.0,200,86.8,3,86.7,500,,,,,,,,,,,,,87.2,702,87.3,625,,,,,,,,,,,,,,,,
2026-07-01T06:00:50.054620+00:00,2026-07-01T06:00:50.053385,3,2,87.1,0.2,87.0,200,86.8,3,86.7,500,,,,,,,,,,,,,,,87.2,702,87.3,625,,,,,,,,,,,,,,,,
2026-07-01T06:00:50.064949+00:00,2026-07-01T06:00:50.062544,3,1,87.1,0.2,87.0,825,86.8,3,86.7,500,,,,,,,,,,,,,,,87.2,1327,,,,,,,,,,,,,,,,,,
2026-07-01T06:00:50.219927+00:00,2026-07-01T06:00:50.217682,2,1,87.1,0.2,87.0,825,86.8,3,,,,,,,,,,,,,,,,,87.2,1327,,,,,,,,,,,,,,,,,,
2026-07-01T06:00:50.230357+00:00,2026-07-01T06:00:50.225134,2,1,87.1,0.2,87.0,825,86.8,3,,,,,,,,,,,,,,,,,87.2,827,,,,,,,,,,,,,,,,,,
2026-07-01T06:00:50.240782+00:00,2026-07-01T06:00:50.238064,3,2,87.1,0.2,87.0,825,86.8,3,86.7,500,,,,,,,,,,,,,,,87.2,827,87.3,500,,,,,,,,,,,,,,,,
2026-07-01T06:00:50.828794+00:00,2026-07-01T06:00:50.826639,2,1,87.1,0.2,87.0,825,86.8,3,,,,,,,,,,,,,,,,,87.2,827,,,,,,,,,,,,,,,,,,
2026-07-01T06:00:50.839220+00:00,2026-07-01T06:00:50.833319,2,1,87.1,0.2,87.0,825,86.8,503,,,,,,,,,,,,,,,,,87.2,827,,,,,,,,,,,,,,,,,,
2026-07-01T06:00:50.849643+00:00,2026-07-01T06:00:50.840160,2,2,87.1,0.2,87.0,825,86.8,503,,,,,,,,,,,,,,,,,87.2,827,87.3,500,,,,,,,,,,,,,,,,
2026-07-01T06:00:50.994589+00:00,2026-07-01T06:00:50.993750,2,2,87.1,0.2,87.0,825,86.8,503,,,,,,,,,,,,,,,,,87.2,827,87.3,500,,,,,,,,,,,,,,,,
2026-07-01T06:00:51.376333+00:00,2026-07-01T06:00:51.375866,3,3,87.05,0.1,87.0,200,86.9,625,86.8,503,,,,,,,,,,,,,,,87.1,625,87.2,202,87.3,500,,,,,,,,,,,,,,
2026-07-01T06:00:51.428216+00:00,2026-07-01T06:00:51.423185,3,3,87.05,0.1,87.0,200,86.9,625,86.8,3,,,,,,,,,,,,,,,87.1,625,87.2,202,87.3,500,,,,,,,,,,,,,,
2026-07-01T06:00:51.438692+00:00,2026-07-01T06:00:51.438604,4,2,87.05,0.1,87.0,200,86.9,625,86.8,3,86.7,500,,,,,,,,,,,,,87.1,625,87.2,202,,,,,,,,,,,,,,,,
2026-07-01T06:00:51.449141+00:00,2026-07-01T06:00:51.445883,4,3,87.05,0.1,87.0,200,86.9,625,86.8,3,86.7,500,,,,,,,,,,,,,87.1,625,87.2,202,87.3,500,,,,,,,,,,,,,,
2026-07-01T06:00:51.697582+00:00,2026-07-01T06:00:51.692550,4,3,87.05,0.1,87.0,200,86.9,625,86.8,3,86.7,500,,,,,,,,,,,,,87.1,616,87.2,202,87.3,500,,,,,,,,,,,,,,
2026-07-01T06:00:52.030245+00:00,2026-07-01T06:00:52.025605,3,3,87.05,0.1,87.0,200,86.9,625,86.8,3,,,,,,,,,,,,,,,87.1,616,87.2,202,87.3,500,,,,,,,,,,,,,,
2026-07-01T06:00:52.040507+00:00,2026-07-01T06:00:52.040440,3,2,87.05,0.1,87.0,200,86.9,625,86.8,503,,,,,,,,,,,,,,,87.1,616,87.2,202,,,,,,,,,,,,,,,,
2026-07-01T06:00:52.050799+00:00,2026-07-01T06:00:52.047601,3,3,87.05,0.1,87.0,200,86.9,625,86.8,503,,,,,,,,,,,,,,,87.1,616,87.2,202,87.3,500,,,,,,,,,,,,,,
2026-07-01T06:00:52.205122+00:00,2026-07-01T06:00:52.203882,2,3,87.0,0.2,86.9,625,86.8,503,,,,,,,,,,,,,,,,,87.1,416,87.2,2,87.3,500,,,,,,,,,,,,,,
2026-07-01T06:00:52.215545+00:00,2026-07-01T06:00:52.207325,2,3,87.0,0.2,86.9,625,86.8,503,,,,,,,,,,,,,,,,,87.1,416,87.2,2,87.3,700,,,,,,,,,,,,,,
2026-07-01T06:00:52.638163+00:00,2026-07-01T06:00:52.634570,2,3,87.0,0.2,86.9,625,86.8,3,,,,,,,,,,,,,,,,,87.1,416,87.2,2,87.3,200,,,,,,,,,,,,,,
2026-07-01T06:00:52.648608+00:00,2026-07-01T06:00:52.647677,2,3,87.0,0.2,86.9,625,86.8,503,,,,,,,,,,,,,,,,,87.1,416,87.2,2,87.3,700,,,,,,,,,,,,,,
2026-07-01T06:00:52.679849+00:00,2026-07-01T06:00:52.677756,1,3,86.95,0.3,86.8,503,,,,,,,,,,,,,,,,,,,87.1,416,87.2,2,87.3,700,,,,,,,,,,,,,,
2026-07-01T06:00:52.690104+00:00,2026-07-01T06:00:52.687843,2,2,87.1,0.2,87.0,625,86.8,503,,,,,,,,,,,,,,,,,87.2,627,87.3,700,,,,,,,,,,,,,,,,
2026-07-01T06:00:53.233176+00:00,2026-07-01T06:00:53.231756,2,2,87.1,0.2,87.0,625,86.8,3,,,,,,,,,,,,,,,,,87.2,627,87.3,700,,,,,,,,,,,,,,,,
2026-07-01T06:00:53.243551+00:00,2026-07-01T06:00:53.238157,2,2,87.1,0.2,87.0,625,86.8,3,,,,,,,,,,,,,,,,,87.2,627,87.3,200,,,,,,,,,,,,,,,,
2026-07-01T06:00:53.253858+00:00,2026-07-01T06:00:53.250717,2,2,87.1,0.2,87.0,625,86.8,503,,,,,,,,,,,,,,,,,87.2,627,87.3,700,,,,,,,,,,,,,,,,
2026-07-01T06:00:53.417876+00:00,2026-07-01T06:00:53.417014,2,2,87.1,0.2,87.0,825,86.8,503,,,,,,,,,,,,,,,,,87.2,827,87.3,500,,,,,,,,,,,,,,,,
2026-07-01T06:00:53.738151+00:00,2026-07-01T06:00:53.731818,2,2,87.1,0.2,87.0,825,86.8,503,,,,,,,,,,,,,,,,,87.2,817,87.3,500,,,,,,,,,,,,,,,,
2026-07-01T06:00:53.779126+00:00,2026-07-01T06:00:53.770792,2,2,87.1,0.2,87.0,825,86.8,503,,,,,,,,,,,,,,,,,87.2,824,87.3,500,,,,,,,,,,,,,,,,
2026-07-01T06:00:53.840624+00:00,2026-07-01T06:00:53.835395,2,2,87.1,0.2,87.0,825,86.8,3,,,,,,,,,,,,,,,,,87.2,824,87.3,500,,,,,,,,,,,,,,,,
2026-07-01T06:00:53.850927+00:00,2026-07-01T06:00:53.842096,2,1,87.1,0.2,87.0,825,86.8,3,,,,,,,,,,,,,,,,,87.2,824,,,,,,,,,,,,,,,,,,
2026-07-01T06:00:53.861229+00:00,2026-07-01T06:00:53.857809,2,2,87.1,0.2,87.0,825,86.8,503,,,,,,,,,,,,,,,,,87.2,824,87.3,500,,,,,,,,,,,,,,,,
2026-07-01T06:00:53.994516+00:00,2026-07-01T06:00:53.992284,2,2,87.1,0.2,87.0,200,86.8,503,,,,,,,,,,,,,,,,,87.2,824,87.3,500,,,,,,,,,,,,,,,,
2026-07-01T06:00:54.004903+00:00,2026-07-01T06:00:54.002220,2,2,87.1,0.2,87.0,825,86.8,503,,,,,,,,,,,,,,,,,87.2,207,87.3,500,,,,,,,,,,,,,,,,
2026-07-01T06:00:54.015205+00:00,2026-07-01T06:00:54.006102,2,2,87.1,0.2,87.0,825,86.8,503,,,,,,,,,,,,,,,,,87.2,832,87.3,500,,,,,,,,,,,,,,,,
2026-07-01T06:00:54.373628+00:00,2026-07-01T06:00:54.366509,2,2,87.1,0.2,87.0,825,86.8,503,,,,,,,,,,,,,,,,,87.2,831,87.3,500,,,,,,,,,,,,,,,,
2026-07-01T06:00:54.445760+00:00,2026-07-01T06:00:54.445378,2,1,87.1,0.2,87.0,825,86.8,3,,,,,,,,,,,,,,,,,87.2,831,,,,,,,,,,,,,,,,,,
2026-07-01T06:00:54.456198+00:00,2026-07-01T06:00:54.452160,3,1,87.1,0.2,87.0,825,86.8,3,86.7,500,,,,,,,,,,,,,,,87.2,831,,,,,,,,,,,,,,,,,,
2026-07-01T06:00:54.466563+00:00,2026-07-01T06:00:54.459170,3,2,87.1,0.2,87.0,825,86.8,3,86.7,500,,,,,,,,,,,,,,,87.2,831,87.3,500,,,,,,,,,,,,,,,,
2026-07-01T06:00:54.621674+00:00,2026-07-01T06:00:54.619601,3,2,87.1,0.2,87.0,625,86.8,3,86.7,500,,,,,,,,,,,,,,,87.2,831,87.3,500,,,,,,,,,,,,,,,,
2026-07-01T06:00:54.632036+00:00,2026-07-01T06:00:54.628843,3,2,87.1,0.2,87.0,825,86.8,3,86.7,500,,,,,,,,,,,,,,,87.2,831,87.3,500,,,,,,,,,,,,,,,,
2026-07-01T06:00:54.694121+00:00,2026-07-01T06:00:54.687056,3,2,87.1,0.2,87.0,825,86.8,3,86.7,500,,,,,,,,,,,,,,,87.2,830,87.3,500,,,,,,,,,,,,,,,,
2026-07-01T06:00:55.077019+00:00,2026-07-01T06:00:55.073202,2,1,87.1,0.2,87.0,825,86.8,3,,,,,,,,,,,,,,,,,87.2,830,,,,,,,,,,,,,,,,,,
2026-07-01T06:00:55.087365+00:00,2026-07-01T06:00:55.087258,3,1,87.1,0.2,87.0,825,86.8,3,86.7,500,,,,,,,,,,,,,,,87.2,1330,,,,,,,,,,,,,,,,,,
2026-07-01T06:00:55.313609+00:00,2026-07-01T06:00:55.312266,3,1,87.1,0.2,87.0,200,86.8,3,86.7,500,,,,,,,,,,,,,,,87.2,705,,,,,,,,,,,,,,,,,,
2026-07-01T06:00:55.323881+00:00,2026-07-01T06:00:55.317544,3,1,87.1,0.2,87.0,825,86.8,3,86.7,500,,,,,,,,,,,,,,,87.2,1330,,,,,,,,,,,,,,,,,,
2026-07-01T06:00:55.385870+00:00,2026-07-01T06:00:55.382872,3,1,87.1,0.2,87.0,825,86.8,3,86.7,500,,,,,,,,,,,,,,,87.2,1328,,,,,,,,,,,,,,,,,,
2026-07-01T06:00:55.673231+00:00,2026-07-01T06:00:55.668627,2,1,87.1,0.2,87.0,825,86.8,3,,,,,,,,,,,,,,,,,87.2,1328,,,,,,,,,,,,,,,,,,
2026-07-01T06:00:55.683538+00:00,2026-07-01T06:00:55.681711,3,1,87.1,0.2,87.0,825,86.8,3,86.7,500,,,,,,,,,,,,,,,87.2,828,,,,,,,,,,,,,,,,,,
2026-07-01T06:00:55.693949+00:00,2026-07-01T06:00:55.687689,3,1,87.1,0.2,87.0,825,86.8,3,86.7,500,,,,,,,,,,,,,,,87.2,1328,,,,,,,,,,,,,,,,,,
2026-07-01T06:00:55.766073+00:00,2026-07-01T06:00:55.757102,3,1,87.1,0.2,87.0,825,86.8,3,86.7,500,,,,,,,,,,,,,,,87.2,1318,,,,,,,,,,,,,,,,,,
2026-07-01T06:00:55.837913+00:00,2026-07-01T06:00:55.836935,4,1,87.15,0.1,87.1,200,87.0,625,86.8,3,86.7,500,,,,,,,,,,,,,87.2,1125,,,,,,,,,,,,,,,,,,
2026-07-01T06:00:55.848203+00:00,2026-07-01T06:00:55.839586,4,1,87.15,0.1,87.1,200,87.0,625,86.8,3,86.7,500,,,,,,,,,,,,,87.2,1325,,,,,,,,,,,,,,,,,,
2026-07-01T06:00:56.279333+00:00,2026-07-01T06:00:56.271813,3,1,87.15,0.1,87.1,200,87.0,625,86.8,3,,,,,,,,,,,,,,,87.2,1325,,,,,,,,,,,,,,,,,,
2026-07-01T06:00:56.289643+00:00,2026-07-01T06:00:56.288087,3,1,87.15,0.1,87.1,200,87.0,625,86.8,503,,,,,,,,,,,,,,,87.2,825,,,,,,,,,,,,,,,,,,
2026-07-01T06:00:56.299977+00:00,2026-07-01T06:00:56.296139,3,2,87.15,0.1,87.1,200,87.0,625,86.8,503,,,,,,,,,,,,,,,87.2,825,87.3,500,,,,,,,,,,,,,,,,
2026-07-01T06:00:56.628090+00:00,2026-07-01T06:00:56.626404,3,2,87.15,0.1,87.1,200,86.9,625,86.8,503,,,,,,,,,,,,,,,87.2,200,87.3,500,,,,,,,,,,,,,,,,
2026-07-01T06:00:56.650904+00:00,2026-07-01T06:00:56.642376,2,3,87.0,0.2,86.9,625,86.8,503,,,,,,,,,,,,,,,,,87.1,418,87.2,200,87.3,500,,,,,,,,,,,,,,
2026-07-01T06:00:56.878814+00:00,2026-07-01T06:00:56.874962,2,3,87.0,0.2,86.9,625,86.8,3,,,,,,,,,,,,,,,,,87.1,418,87.2,200,87.3,500,,,,,,,,,,,,,,
2026-07-01T06:00:56.889260+00:00,2026-07-01T06:00:56.882623,2,2,87.0,0.2,86.9,625,86.8,3,,,,,,,,,,,,,,,,,87.1,418,87.2,200,,,,,,,,,,,,,,,,
2026-07-01T06:00:56.899794+00:00,2026-07-01T06:00:56.898414,3,2,87.0,0.2,86.9,625,86.8,3,86.7,500,,,,,,,,,,,,,,,87.1,418,87.2,700,,,,,,,,,,,,,,,,
2026-07-01T06:00:57.044678+00:00,2026-07-01T06:00:57.043841,3,2,87.0,0.2,86.9,625,86.8,3,86.7,500,,,,,,,,,,,,,,,87.1,418,87.2,500,,,,,,,,,,,,,,,,
2026-07-01T06:00:57.070330+00:00,2026-07-01T06:00:57.061889,3,3,86.95,0.1,86.9,625,86.8,203,86.7,500,,,,,,,,,,,,,,,87.0,197,87.1,418,87.2,500,,,,,,,,,,,,,,
2026-07-01T06:00:57.483901+00:00,2026-07-01T06:00:57.478351,2,3,86.95,0.1,86.9,625,86.8,203,,,,,,,,,,,,,,,,,87.0,197,87.1,418,87.2,500,,,,,,,,,,,,,,
2026-07-01T06:00:57.494343+00:00,2026-07-01T06:00:57.493053,3,2,86.95,0.1,86.9,625,86.8,203,86.7,500,,,,,,,,,,,,,,,87.0,197,87.1,418,,,,,,,,,,,,,,,,
2026-07-01T06:00:57.504773+00:00,2026-07-01T06:00:57.500073,3,3,86.95,0.1,86.9,625,86.8,203,86.7,500,,,,,,,,,,,,,,,87.0,197,87.1,418,87.2,500,,,,,,,,,,,,,,
2026-07-01T06:00:57.938475+00:00,2026-07-01T06:00:57.935880,2,2,86.9,0.2,86.8,203,86.7,500,,,,,,,,,,,,,,,,,87.0,197,87.2,500,,,,,,,,,,,,,,,,
2026-07-01T06:00:57.948937+00:00,2026-07-01T06:00:57.943264,3,2,87.15,0.1,87.1,428,86.8,203,86.7,500,,,,,,,,,,,,,,,87.2,500,87.3,625,,,,,,,,,,,,,,,,
2026-07-01T06:00:58.082389+00:00,2026-07-01T06:00:58.078613,2,2,87.15,0.1,87.1,428,86.8,203,,,,,,,,,,,,,,,,,87.2,500,87.3,625,,,,,,,,,,,,,,,,
2026-07-01T06:00:58.092688+00:00,2026-07-01T06:00:58.090863,3,1,87.2,0.2,87.1,428,86.8,203,86.6,500,,,,,,,,,,,,,,,87.3,625,,,,,,,,,,,,,,,,,,
2026-07-01T06:00:58.103023+00:00,2026-07-01T06:00:58.096972,3,2,87.15,0.1,87.1,428,86.8,203,86.6,500,,,,,,,,,,,,,,,87.2,500,87.3,625,,,,,,,,,,,,,,,,
2026-07-01T06:00:58.257495+00:00,2026-07-01T06:00:58.256310,4,2,87.15,0.1,87.1,428,87.0,200,86.8,3,86.6,500,,,,,,,,,,,,,87.2,500,87.3,625,,,,,,,,,,,,,,,,
2026-07-01T06:00:58.267830+00:00,2026-07-01T06:00:58.265356,4,2,87.15,0.1,87.1,228,87.0,200,86.8,3,86.6,500,,,,,,,,,,,,,87.2,502,87.3,625,,,,,,,,,,,,,,,,
2026-07-01T06:00:58.298859+00:00,2026-07-01T06:00:58.295323,4,2,87.15,0.1,87.1,228,87.0,200,86.8,3,86.6,500,,,,,,,,,,,,,87.2,492,87.3,625,,,,,,,,,,,,,,,,
2026-07-01T06:00:58.684926+00:00,2026-07-01T06:00:58.681824,3,2,87.15,0.1,87.1,228,87.0,200,86.8,3,,,,,,,,,,,,,,,87.2,492,87.3,625,,,,,,,,,,,,,,,,
2026-07-01T06:00:58.695282+00:00,2026-07-01T06:00:58.692313,3,2,87.15,0.1,87.1,228,87.0,200,86.8,3,,,,,,,,,,,,,,,87.2,2,87.3,625,,,,,,,,,,,,,,,,
2026-07-01T06:00:58.705813+00:00,2026-07-01T06:00:58.704716,4,2,87.15,0.1,87.1,228,87.0,200,86.8,3,86.6,500,,,,,,,,,,,,,87.2,502,87.3,625,,,,,,,,,,,,,,,,
2026-07-01T06:00:58.716285+00:00,2026-07-01T06:00:58.711187,4,2,87.15,0.1,87.1,228,87.0,200,86.8,3,86.6,500,,,,,,,,,,,,,87.2,501,87.3,625,,,,,,,,,,,,,,,,
2026-07-01T06:00:59.254737+00:00,2026-07-01T06:00:59.253809,3,1,87.1,0.2,87.0,825,86.8,3,86.6,500,,,,,,,,,,,,,,,87.2,1126,,,,,,,,,,,,,,,,,,
2026-07-01T06:00:59.285796+00:00,2026-07-01T06:00:59.285221,2,1,87.1,0.2,87.0,825,86.8,3,,,,,,,,,,,,,,,,,87.2,1126,,,,,,,,,,,,,,,,,,
2026-07-01T06:00:59.296130+00:00,2026-07-01T06:00:59.292111,2,1,87.1,0.2,87.0,825,86.8,3,,,,,,,,,,,,,,,,,87.2,626,,,,,,,,,,,,,,,,,,
2026-07-01T06:00:59.306574+00:00,2026-07-01T06:00:59.306452,3,1,87.1,0.2,87.0,825,86.8,3,86.6,500,,,,,,,,,,,,,,,87.2,1126,,,,,,,,,,,,,,,,,,
2026-07-01T06:00:59.471902+00:00,2026-07-01T06:00:59.470498,3,1,87.1,0.2,87.0,625,86.8,3,86.6,500,,,,,,,,,,,,,,,87.2,926,,,,,,,,,,,,,,,,,,
2026-07-01T06:00:59.482332+00:00,2026-07-01T06:00:59.474617,3,2,87.1,0.2,87.0,625,86.8,3,86.6,500,,,,,,,,,,,,,,,87.2,926,87.4,200,,,,,,,,,,,,,,,,
2026-07-01T06:00:59.739827+00:00,2026-07-01T06:00:59.736348,3,2,87.1,0.2,87.0,625,86.8,3,86.6,500,,,,,,,,,,,,,,,87.2,930,87.4,200,,,,,,,,,,,,,,,,
2026-07-01T06:00:59.894896+00:00,2026-07-01T06:00:59.894421,2,2,87.1,0.2,87.0,625,86.8,3,,,,,,,,,,,,,,,,,87.2,430,87.4,200,,,,,,,,,,,,,,,,
2026-07-01T06:00:59.905393+00:00,2026-07-01T06:00:59.903551,3,2,87.1,0.2,87.0,625,86.8,3,86.6,500,,,,,,,,,,,,,,,87.2,430,87.4,200,,,,,,,,,,,,,,,,
2026-07-01T06:00:59.915836+00:00,2026-07-01T06:00:59.910860,3,2,87.1,0.2,87.0,625,86.8,3,86.6,500,,,,,,,,,,,,,,,87.2,930,87.4,200,,,,,,,,,,,,,,,,
2026-07-01T06:01:00.492906+00:00,2026-07-01T06:01:00.491245,2,2,87.1,0.2,87.0,625,86.8,3,,,,,,,,,,,,,,,,,87.2,930,87.4,200,,,,,,,,,,,,,,,,
2026-07-01T06:01:00.503287+00:00,2026-07-01T06:01:00.499537,2,2,87.1,0.2,87.0,625,86.8,3,,,,,,,,,,,,,,,,,87.2,430,87.4,200,,,,,,,,,,,,,,,,
2026-07-01T06:01:00.513737+00:00,2026-07-01T06:01:00.507281,3,2,87.1,0.2,87.0,625,86.8,3,86.6,500,,,,,,,,,,,,,,,87.2,430,87.4,200,,,,,,,,,,,,,,,,
2026-07-01T06:01:00.524201+00:00,2026-07-01T06:01:00.514529,3,2,87.1,0.2,87.0,625,86.8,3,86.6,500,,,,,,,,,,,,,,,87.2,930,87.4,200,,,,,,,,,,,,,,,,
2026-07-01T06:01:00.565643+00:00,2026-07-01T06:01:00.564111,3,2,87.15,0.1,87.1,625,86.8,3,86.6,500,,,,,,,,,,,,,,,87.2,504,87.4,200,,,,,,,,,,,,,,,,
2026-07-01T06:01:00.576086+00:00,2026-07-01T06:01:00.566980,3,3,87.15,0.1,87.1,625,86.8,3,86.6,500,,,,,,,,,,,,,,,87.2,504,87.3,625,87.4,200,,,,,,,,,,,,,,
2026-07-01T06:01:00.679414+00:00,2026-07-01T06:01:00.677341,3,2,87.15,0.1,87.1,625,86.8,3,86.6,500,,,,,,,,,,,,,,,87.2,504,87.3,625,,,,,,,,,,,,,,,,
2026-07-01T06:01:00.689803+00:00,2026-07-01T06:01:00.682897,3,2,87.15,0.1,87.1,825,86.8,3,86.6,500,,,,,,,,,,,,,,,87.2,504,87.3,825,,,,,,,,,,,,,,,,
2026-07-01T06:01:01.144688+00:00,2026-07-01T06:01:01.136187,2,2,87.15,0.1,87.1,825,86.8,3,,,,,,,,,,,,,,,,,87.2,504,87.3,825,,,,,,,,,,,,,,,,
2026-07-01T06:01:01.155127+00:00,2026-07-01T06:01:01.153353,2,2,87.15,0.1,87.1,825,86.8,3,,,,,,,,,,,,,,,,,87.2,4,87.3,825,,,,,,,,,,,,,,,,
2026-07-01T06:01:01.165612+00:00,2026-07-01T06:01:01.162524,3,2,87.15,0.1,87.1,825,86.8,3,86.6,500,,,,,,,,,,,,,,,87.2,4,87.3,825,,,,,,,,,,,,,,,,
2026-07-01T06:01:01.176070+00:00,2026-07-01T06:01:01.170855,3,2,87.15,0.1,87.1,825,86.8,3,86.6,500,,,,,,,,,,,,,,,87.2,504,87.3,825,,,,,,,,,,,,,,,,
2026-07-01T06:01:01.720312+00:00,2026-07-01T06:01:01.718649,2,2,87.15,0.1,87.1,825,86.8,3,,,,,,,,,,,,,,,,,87.2,504,87.3,825,,,,,,,,,,,,,,,,
2026-07-01T06:01:01.730632+00:00,2026-07-01T06:01:01.725213,2,2,87.15,0.1,87.1,825,86.8,3,,,,,,,,,,,,,,,,,87.2,4,87.3,825,,,,,,,,,,,,,,,,
2026-07-01T06:01:01.741191+00:00,2026-07-01T06:01:01.738794,3,2,87.15,0.1,87.1,325,86.8,3,86.6,500,,,,,,,,,,,,,,,87.2,4,87.3,825,,,,,,,,,,,,,,,,
2026-07-01T06:01:01.876590+00:00,2026-07-01T06:01:01.875196,4,2,87.15,0.1,87.1,200,86.9,625,86.8,3,86.6,500,,,,,,,,,,,,,87.2,4,87.3,200,,,,,,,,,,,,,,,,
2026-07-01T06:01:01.886985+00:00,2026-07-01T06:01:01.885878,3,2,87.0,0.2,86.9,625,86.8,3,86.6,500,,,,,,,,,,,,,,,87.1,425,87.2,4,,,,,,,,,,,,,,,,
2026-07-01T06:01:01.897489+00:00,2026-07-01T06:01:01.892094,3,2,87.0,0.2,86.9,825,86.8,3,86.6,500,,,,,,,,,,,,,,,87.1,625,87.2,4,,,,,,,,,,,,,,,,
2026-07-01T06:01:02.322327+00:00,2026-07-01T06:01:02.321071,2,2,87.0,0.2,86.9,825,86.8,3,,,,,,,,,,,,,,,,,87.1,625,87.2,4,,,,,,,,,,,,,,,,
2026-07-01T06:01:02.332740+00:00,2026-07-01T06:01:02.327679,3,2,87.0,0.2,86.9,825,86.8,3,86.7,500,,,,,,,,,,,,,,,87.1,625,87.2,4,,,,,,,,,,,,,,,,
2026-07-01T06:01:02.343261+00:00,2026-07-01T06:01:02.334415,3,2,87.0,0.2,86.9,825,86.8,3,86.7,500,,,,,,,,,,,,,,,87.1,625,87.2,504,,,,,,,,,,,,,,,,
2026-07-01T06:01:02.777469+00:00,2026-07-01T06:01:02.776585,3,2,87.0,0.2,86.9,825,86.8,3,86.7,500,,,,,,,,,,,,,,,87.1,625,87.2,502,,,,,,,,,,,,,,,,
2026-07-01T06:01:02.932959+00:00,2026-07-01T06:01:02.928090,2,2,87.0,0.2,86.9,825,86.8,3,,,,,,,,,,,,,,,,,87.1,625,87.2,502,,,,,,,,,,,,,,,,
2026-07-01T06:01:02.943427+00:00,2026-07-01T06:01:02.941210,3,2,87.0,0.2,86.9,825,86.8,3,86.7,500,,,,,,,,,,,,,,,87.1,625,87.2,2,,,,,,,,,,,,,,,,
2026-07-01T06:01:02.953888+00:00,2026-07-01T06:01:02.947542,3,2,87.0,0.2,86.9,825,86.8,3,86.7,500,,,,,,,,,,,,,,,87.1,625,87.2,502,,,,,,,,,,,,,,,,
2026-07-01T06:01:03.098862+00:00,2026-07-01T06:01:03.096300,3,2,87.0,0.2,86.9,625,86.8,3,86.7,500,,,,,,,,,,,,,,,87.1,625,87.2,502,,,,,,,,,,,,,,,,
2026-07-01T06:01:03.109227+00:00,2026-07-01T06:01:03.104857,3,3,86.95,0.1,86.9,625,86.8,203,86.7,500,,,,,,,,,,,,,,,87.0,200,87.1,425,87.2,502,,,,,,,,,,,,,,
2026-07-01T06:01:03.191708+00:00,2026-07-01T06:01:03.188878,3,1,87.15,0.1,87.1,425,86.8,203,86.7,500,,,,,,,,,,,,,,,87.2,502,,,,,,,,,,,,,,,,,,
2026-07-01T06:01:03.202155+00:00,2026-07-01T06:01:03.193110,3,2,87.15,0.1,87.1,425,86.8,203,86.7,500,,,,,,,,,,,,,,,87.2,502,87.3,625,,,,,,,,,,,,,,,,
2026-07-01T06:01:03.253784+00:00,2026-07-01T06:01:03.245808,3,2,87.15,0.1,87.1,425,86.8,203,86.7,500,,,,,,,,,,,,,,,87.2,482,87.3,625,,,,,,,,,,,,,,,,
2026-07-01T06:01:03.529468+00:00,2026-07-01T06:01:03.526358,2,2,87.15,0.1,87.1,425,86.8,203,,,,,,,,,,,,,,,,,87.2,482,87.3,625,,,,,,,,,,,,,,,,
2026-07-01T06:01:03.539927+00:00,2026-07-01T06:01:03.538666,3,1,87.2,0.2,87.1,425,86.8,203,86.7,500,,,,,,,,,,,,,,,87.3,625,,,,,,,,,,,,,,,,,,
2026-07-01T06:01:03.550379+00:00,2026-07-01T06:01:03.544555,3,1,87.2,0.2,87.1,425,86.8,203,86.7,500,,,,,,,,,,,,,,,87.3,1125,,,,,,,,,,,,,,,,,,
2026-07-01T06:01:04.138999+00:00,2026-07-01T06:01:04.135042,2,1,87.2,0.2,87.1,425,86.8,203,,,,,,,,,,,,,,,,,87.3,625,,,,,,,,,,,,,,,,,,
2026-07-01T06:01:04.149491+00:00,2026-07-01T06:01:04.146789,3,2,87.15,0.1,87.1,425,86.8,203,86.7,500,,,,,,,,,,,,,,,87.2,500,87.3,625,,,,,,,,,,,,,,,,
2026-07-01T06:01:04.315536+00:00,2026-07-01T06:01:04.313959,3,2,87.15,0.1,87.1,625,86.8,3,86.7,500,,,,,,,,,,,,,,,87.2,500,87.3,825,,,,,,,,,,,,,,,,
2026-07-01T06:01:04.398751+00:00,2026-07-01T06:01:04.393942,3,2,87.15,0.1,87.1,615,86.8,3,86.7,500,,,,,,,,,,,,,,,87.2,500,87.3,825,,,,,,,,,,,,,,,,
2026-07-01T06:01:04.501937+00:00,2026-07-01T06:01:04.499769,2,3,86.85,0.1,86.8,3,86.7,1125,,,,,,,,,,,,,,,,,86.9,425,87.2,500,87.3,200,,,,,,,,,,,,,,
2026-07-01T06:01:04.707265+00:00,2026-07-01T06:01:04.698738,2,3,86.85,0.1,86.8,3,86.7,1125,,,,,,,,,,,,,,,,,86.9,425,87.2,503,87.3,200,,,,,,,,,,,,,,
2026-07-01T06:01:04.738240+00:00,2026-07-01T06:01:04.732592,2,3,86.85,0.1,86.8,3,86.7,625,,,,,,,,,,,,,,,,,86.9,425,87.2,503,87.3,200,,,,,,,,,,,,,,
2026-07-01T06:01:04.748766+00:00,2026-07-01T06:01:04.747108,2,3,86.85,0.1,86.8,3,86.7,1125,,,,,,,,,,,,,,,,,86.9,425,87.2,3,87.3,200,,,,,,,,,,,,,,
2026-07-01T06:01:04.759220+00:00,2026-07-01T06:01:04.754347,2,3,86.85,0.1,86.8,3,86.7,1125,,,,,,,,,,,,,,,,,86.9,425,87.2,503,87.3,200,,,,,,,,,,,,,,
2026-07-01T06:01:05.347275+00:00,2026-07-01T06:01:05.344929,2,3,86.85,0.1,86.8,3,86.7,625,,,,,,,,,,,,,,,,,86.9,425,87.2,3,87.3,200,,,,,,,,,,,,,,
2026-07-01T06:01:05.357754+00:00,2026-07-01T06:01:05.352090,2,3,86.85,0.1,86.8,3,86.7,1125,,,,,,,,,,,,,,,,,86.9,425,87.2,3,87.3,200,,,,,,,,,,,,,,
2026-07-01T06:01:05.368210+00:00,2026-07-01T06:01:05.359264,2,3,86.85,0.1,86.8,3,86.7,1125,,,,,,,,,,,,,,,,,86.9,425,87.2,503,87.3,200,,,,,,,,,,,,,,
2026-07-01T06:01:05.523645+00:00,2026-07-01T06:01:05.521912,2,2,86.85,0.1,86.8,3,86.7,1125,,,,,,,,,,,,,,,,,86.9,225,87.2,703,,,,,,,,,,,,,,,,
2026-07-01T06:01:05.813221+00:00,2026-07-01T06:01:05.810175,3,2,86.95,0.1,86.9,625,86.8,3,86.7,500,,,,,,,,,,,,,,,87.0,625,87.2,703,,,,,,,,,,,,,,,,
2026-07-01T06:01:05.938324+00:00,2026-07-01T06:01:05.938229,2,2,86.95,0.1,86.9,625,86.8,3,,,,,,,,,,,,,,,,,87.0,625,87.2,703,,,,,,,,,,,,,,,,
2026-07-01T06:01:05.948782+00:00,2026-07-01T06:01:05.944387,2,2,86.95,0.1,86.9,625,86.8,3,,,,,,,,,,,,,,,,,87.0,625,87.2,203,,,,,,,,,,,,,,,,
2026-07-01T06:01:05.959253+00:00,2026-07-01T06:01:05.956619,3,2,86.95,0.1,86.9,625,86.8,3,86.7,500,,,,,,,,,,,,,,,87.0,625,87.2,703,,,,,,,,,,,,,,,,
2026-07-01T06:01:06.432935+00:00,2026-07-01T06:01:06.425354,3,2,86.95,0.1,86.9,625,86.8,3,86.7,500,,,,,,,,,,,,,,,87.0,615,87.2,703,,,,,,,,,,,,,,,,
2026-07-01T06:01:06.545546+00:00,2026-07-01T06:01:06.544136,2,2,86.95,0.1,86.9,625,86.8,3,,,,,,,,,,,,,,,,,87.0,615,87.2,703,,,,,,,,,,,,,,,,
2026-07-01T06:01:06.556040+00:00,2026-07-01T06:01:06.550477,2,2,86.95,0.1,86.9,625,86.8,3,,,,,,,,,,,,,,,,,87.0,615,87.2,203,,,,,,,,,,,,,,,,
2026-07-01T06:01:06.566558+00:00,2026-07-01T06:01:06.563630,3,2,86.95,0.1,86.9,625,86.8,3,86.6,500,,,,,,,,,,,,,,,87.0,615,87.2,703,,,,,,,,,,,,,,,,
2026-07-01T06:01:06.731579+00:00,2026-07-01T06:01:06.728262,3,2,86.95,0.1,86.9,825,86.8,3,86.6,500,,,,,,,,,,,,,,,87.0,615,87.2,503,,,,,,,,,,,,,,,,
2026-07-01T06:01:06.742020+00:00,2026-07-01T06:01:06.732344,3,3,86.95,0.1,86.9,825,86.8,3,86.6,500,,,,,,,,,,,,,,,87.0,615,87.1,200,87.2,503,,,,,,,,,,,,,,
2026-07-01T06:01:07.123994+00:00,2026-07-01T06:01:07.120197,3,3,86.95,0.1,86.9,825,86.8,3,86.6,500,,,,,,,,,,,,,,,87.0,625,87.1,200,87.2,503,,,,,,,,,,,,,,
2026-07-01T06:01:07.175385+00:00,2026-07-01T06:01:07.171585,2,3,86.95,0.1,86.9,825,86.8,3,,,,,,,,,,,,,,,,,87.0,625,87.1,200,87.2,503,,,,,,,,,,,,,,
2026-07-01T06:01:07.185791+00:00,2026-07-01T06:01:07.185371,3,3,86.95,0.1,86.9,825,86.8,3,86.7,500,,,,,,,,,,,,,,,87.0,625,87.1,200,87.2,3,,,,,,,,,,,,,,
2026-07-01T06:01:07.196298+00:00,2026-07-01T06:01:07.191913,3,3,86.95,0.1,86.9,825,86.8,3,86.7,500,,,,,,,,,,,,,,,87.0,625,87.1,200,87.2,503,,,,,,,,,,,,,,
2026-07-01T06:01:07.423344+00:00,2026-07-01T06:01:07.417994,3,3,86.95,0.1,86.9,825,86.8,1,86.7,500,,,,,,,,,,,,,,,87.0,625,87.1,200,87.2,503,,,,,,,,,,,,,,
2026-07-01T06:01:07.773940+00:00,2026-07-01T06:01:07.773327,2,3,86.95,0.1,86.9,825,86.8,1,,,,,,,,,,,,,,,,,87.0,625,87.1,200,87.2,503,,,,,,,,,,,,,,
2026-07-01T06:01:07.784474+00:00,2026-07-01T06:01:07.778983,2,3,86.95,0.1,86.9,825,86.8,1,,,,,,,,,,,,,,,,,87.0,625,87.1,200,87.2,3,,,,,,,,,,,,,,
2026-07-01T06:01:07.794910+00:00,2026-07-01T06:01:07.792606,3,4,86.95,0.1,86.9,825,86.8,1,86.7,500,,,,,,,,,,,,,,,87.0,625,87.1,200,87.2,3,87.3,500,,,,,,,,,,,,
2026-07-01T06:01:07.940385+00:00,2026-07-01T06:01:07.937331,3,3,86.95,0.1,86.9,625,86.8,1,86.7,500,,,,,,,,,,,,,,,87.0,625,87.2,3,87.3,500,,,,,,,,,,,,,,
2026-07-01T06:01:07.950797+00:00,2026-07-01T06:01:07.949231,3,3,86.95,0.1,86.9,625,86.8,1,86.7,500,,,,,,,,,,,,,,,87.0,415,87.2,203,87.3,500,,,,,,,,,,,,,,
2026-07-01T06:01:08.383421+00:00,2026-07-01T06:01:08.382567,2,2,86.95,0.1,86.9,625,86.8,1,,,,,,,,,,,,,,,,,87.0,415,87.2,203,,,,,,,,,,,,,,,,
2026-07-01T06:01:08.393921+00:00,2026-07-01T06:01:08.390097,3,2,86.95,0.1,86.9,625,86.8,1,86.7,500,,,,,,,,,,,,,,,87.0,415,87.2,203,,,,,,,,,,,,,,,,
2026-07-01T06:01:08.404389+00:00,2026-07-01T06:01:08.396630,3,2,86.95,0.1,86.9,625,86.8,1,86.7,500,,,,,,,,,,,,,,,87.0,415,87.2,703,,,,,,,,,,,,,,,,
2026-07-01T06:01:08.425292+00:00,2026-07-01T06:01:08.424519,2,1,87.0,0.4,86.8,1,86.7,500,,,,,,,,,,,,,,,,,87.2,703,,,,,,,,,,,,,,,,,,
2026-07-01T06:01:08.435741+00:00,2026-07-01T06:01:08.429775,3,1,87.1,0.2,87.0,625,86.8,1,86.7,500,,,,,,,,,,,,,,,87.2,1328,,,,,,,,,,,,,,,,,,
2026-07-01T06:01:08.982987+00:00,2026-07-01T06:01:08.979037,2,1,87.1,0.2,87.0,625,86.8,1,,,,,,,,,,,,,,,,,87.2,1328,,,,,,,,,,,,,,,,,,
2026-07-01T06:01:08.993443+00:00,2026-07-01T06:01:08.993181,3,1,87.1,0.2,87.0,625,86.8,1,86.7,500,,,,,,,,,,,,,,,87.2,828,,,,,,,,,,,,,,,,,,
2026-07-01T06:01:09.003893+00:00,2026-07-01T06:01:09.000158,3,2,87.1,0.2,87.0,625,86.8,1,86.7,500,,,,,,,,,,,,,,,87.2,828,87.3,500,,,,,,,,,,,,,,,,
2026-07-01T06:01:09.149924+00:00,2026-07-01T06:01:09.148977,4,2,87.1,0.2,87.0,625,86.9,200,86.8,1,86.7,500,,,,,,,,,,,,,87.2,628,87.3,500,,,,,,,,,,,,,,,,
2026-07-01T06:01:09.160360+00:00,2026-07-01T06:01:09.151151,4,2,87.1,0.2,87.0,425,86.9,200,86.8,1,86.7,500,,,,,,,,,,,,,87.2,628,87.3,500,,,,,,,,,,,,,,,,
2026-07-01T06:01:09.585992+00:00,2026-07-01T06:01:09.581535,3,2,87.1,0.2,87.0,425,86.9,200,86.8,1,,,,,,,,,,,,,,,87.2,628,87.3,500,,,,,,,,,,,,,,,,
2026-07-01T06:01:09.596420+00:00,2026-07-01T06:01:09.596248,4,1,87.1,0.2,87.0,425,86.9,200,86.8,1,86.7,500,,,,,,,,,,,,,87.2,628,,,,,,,,,,,,,,,,,,
2026-07-01T06:01:09.606941+00:00,2026-07-01T06:01:09.604015,4,2,87.1,0.2,87.0,425,86.9,200,86.8,1,86.7,500,,,,,,,,,,,,,87.2,628,87.3,500,,,,,,,,,,,,,,,,
2026-07-01T06:01:09.741146+00:00,2026-07-01T06:01:09.738585,3,2,87.05,0.3,86.9,200,86.8,626,86.7,500,,,,,,,,,,,,,,,87.2,3,87.3,500,,,,,,,,,,,,,,,,
2026-07-01T06:01:09.751558+00:00,2026-07-01T06:01:09.741619,3,3,86.95,0.1,86.9,200,86.8,626,86.7,500,,,,,,,,,,,,,,,87.0,625,87.2,3,87.3,500,,,,,,,,,,,,,,
2026-07-01T06:01:10.193438+00:00,2026-07-01T06:01:10.192108,2,2,86.95,0.1,86.9,200,86.8,626,,,,,,,,,,,,,,,,,87.0,625,87.2,3,,,,,,,,,,,,,,,,
2026-07-01T06:01:10.203778+00:00,2026-07-01T06:01:10.198635,3,2,86.95,0.1,86.9,200,86.8,626,86.7,500,,,,,,,,,,,,,,,87.0,625,87.2,3,,,,,,,,,,,,,,,,
2026-07-01T06:01:10.214075+00:00,2026-07-01T06:01:10.204848,3,3,86.95,0.1,86.9,200,86.8,626,86.7,500,,,,,,,,,,,,,,,87.0,625,87.2,3,87.3,500,,,,,,,,,,,,,,
2026-07-01T06:01:10.357507+00:00,2026-07-01T06:01:10.356118,2,3,86.9,0.2,86.8,626,86.7,500,,,,,,,,,,,,,,,,,87.0,625,87.2,3,87.3,500,,,,,,,,,,,,,,
2026-07-01T06:01:10.367745+00:00,2026-07-01T06:01:10.365111,2,3,86.9,0.2,86.8,626,86.7,500,,,,,,,,,,,,,,,,,87.0,425,87.2,3,87.3,500,,,,,,,,,,,,,,
2026-07-01T06:01:10.378091+00:00,2026-07-01T06:01:10.369213,2,4,86.9,0.2,86.8,626,86.7,500,,,,,,,,,,,,,,,,,87.0,425,87.1,200,87.2,3,87.3,500,,,,,,,,,,,,
2026-07-01T06:01:10.511263+00:00,2026-07-01T06:01:10.501624,2,4,86.9,0.2,86.8,626,86.7,500,,,,,,,,,,,,,,,,,87.0,415,87.1,200,87.2,3,87.3,500,,,,,,,,,,,,
2026-07-01T06:01:10.789613+00:00,2026-07-01T06:01:10.787749,1,4,86.9,0.2,86.8,626,,,,,,,,,,,,,,,,,,,87.0,415,87.1,200,87.2,3,87.3,500,,,,,,,,,,,,
2026-07-01T06:01:10.799970+00:00,2026-07-01T06:01:10.794423,1,3,86.9,0.2,86.8,626,,,,,,,,,,,,,,,,,,,87.0,415,87.1,200,87.2,3,,,,,,,,,,,,,,
2026-07-01T06:01:10.810454+00:00,2026-07-01T06:01:10.808725,2,4,86.9,0.2,86.8,626,86.7,500,,,,,,,,,,,,,,,,,87.0,415,87.1,200,87.2,3,87.3,500,,,,,,,,,,,,
2026-07-01T06:01:11.047692+00:00,2026-07-01T06:01:11.045612,2,4,86.9,0.2,86.8,1,86.7,500,,,,,,,,,,,,,,,,,87.0,415,87.1,200,87.2,3,87.3,500,,,,,,,,,,,,
2026-07-01T06:01:11.058093+00:00,2026-07-01T06:01:11.056522,3,2,87.15,0.1,87.1,425,86.8,1,86.7,500,,,,,,,,,,,,,,,87.2,3,87.3,1125,,,,,,,,,,,,,,,,
2026-07-01T06:01:11.396975+00:00,2026-07-01T06:01:11.391263,2,2,87.15,0.1,87.1,425,86.8,1,,,,,,,,,,,,,,,,,87.2,3,87.3,1125,,,,,,,,,,,,,,,,
2026-07-01T06:01:11.407389+00:00,2026-07-01T06:01:11.405290,2,2,87.15,0.1,87.1,425,86.8,501,,,,,,,,,,,,,,,,,87.2,3,87.3,625,,,,,,,,,,,,,,,,
2026-07-01T06:01:11.417830+00:00,2026-07-01T06:01:11.411607,2,2,87.15,0.1,87.1,425,86.8,501,,,,,,,,,,,,,,,,,87.2,3,87.3,1125,,,,,,,,,,,,,,,,
2026-07-01T06:01:11.573489+00:00,2026-07-01T06:01:11.572991,3,2,87.15,0.1,87.1,425,87.0,200,86.8,501,,,,,,,,,,,,,,,87.2,203,87.3,1125,,,,,,,,,,,,,,,,
2026-07-01T06:01:11.995805+00:00,2026-07-01T06:01:11.992972,3,2,87.15,0.1,87.1,425,87.0,200,86.8,1,,,,,,,,,,,,,,,87.2,203,87.3,1125,,,,,,,,,,,,,,,,
2026-07-01T06:01:12.006196+00:00,2026-07-01T06:01:12.005294,3,2,87.15,0.1,87.1,425,87.0,200,86.8,501,,,,,,,,,,,,,,,87.2,203,87.3,625,,,,,,,,,,,,,,,,
2026-07-01T06:01:12.016659+00:00,2026-07-01T06:01:12.011452,3,2,87.15,0.1,87.1,425,87.0,200,86.8,501,,,,,,,,,,,,,,,87.2,203,87.3,1125,,,,,,,,,,,,,,,,
2026-07-01T06:01:12.365799+00:00,2026-07-01T06:01:12.363513,2,2,87.1,0.2,87.0,200,86.8,501,,,,,,,,,,,,,,,,,87.2,203,87.3,500,,,,,,,,,,,,,,,,
2026-07-01T06:01:12.376203+00:00,2026-07-01T06:01:12.369217,2,2,87.1,0.2,87.0,825,86.8,501,,,,,,,,,,,,,,,,,87.2,828,87.3,500,,,,,,,,,,,,,,,,
2026-07-01T06:01:12.602886+00:00,2026-07-01T06:01:12.601880,2,1,87.1,0.2,87.0,825,86.8,1,,,,,,,,,,,,,,,,,87.2,828,,,,,,,,,,,,,,,,,,
2026-07-01T06:01:12.613339+00:00,2026-07-01T06:01:12.607766,2,1,87.1,0.2,87.0,825,86.8,501,,,,,,,,,,,,,,,,,87.2,828,,,,,,,,,,,,,,,,,,
2026-07-01T06:01:12.623778+00:00,2026-07-01T06:01:12.613901,2,2,87.1,0.2,87.0,825,86.8,501,,,,,,,,,,,,,,,,,87.2,828,87.3,500,,,,,,,,,,,,,,,,
2026-07-01T06:01:12.779129+00:00,2026-07-01T06:01:12.777160,2,2,87.1,0.2,87.0,625,86.8,501,,,,,,,,,,,,,,,,,87.2,628,87.3,500,,,,,,,,,,,,,,,,
2026-07-01T06:01:12.789500+00:00,2026-07-01T06:01:12.787684,3,3,87.05,0.1,87.0,625,86.9,200,86.8,501,,,,,,,,,,,,,,,87.1,200,87.2,628,87.3,500,,,,,,,,,,,,,,
2026-07-01T06:01:13.233432+00:00,2026-07-01T06:01:13.226492,3,3,87.05,0.1,87.0,625,86.9,200,86.8,1,,,,,,,,,,,,,,,87.1,200,87.2,628,87.3,500,,,,,,,,,,,,,,
2026-07-01T06:01:13.243855+00:00,2026-07-01T06:01:13.243157,3,2,87.05,0.1,87.0,625,86.9,200,86.8,501,,,,,,,,,,,,,,,87.1,200,87.2,628,,,,,,,,,,,,,,,,
2026-07-01T06:01:13.254302+00:00,2026-07-01T06:01:13.249770,3,3,87.05,0.1,87.0,625,86.9,200,86.8,501,,,,,,,,,,,,,,,87.1,200,87.2,628,87.3,500,,,,,,,,,,,,,,
2026-07-01T06:01:13.678955+00:00,2026-07-01T06:01:13.676416,2,3,87.0,0.2,86.9,200,86.8,1126,,,,,,,,,,,,,,,,,87.1,200,87.2,3,87.3,500,,,,,,,,,,,,,,
2026-07-01T06:01:13.698700+00:00,2026-07-01T06:01:13.693058,2,4,86.95,0.1,86.9,200,86.8,1126,,,,,,,,,,,,,,,,,87.0,622,87.1,200,87.2,3,87.3,500,,,,,,,,,,,,
2026-07-01T06:01:13.750570+00:00,2026-07-01T06:01:13.746583,2,4,86.95,0.1,86.9,200,86.8,1126,,,,,,,,,,,,,,,,,87.0,615,87.1,200,87.2,3,87.3,500,,,,,,,,,,,,
2026-07-01T06:01:13.832788+00:00,2026-07-01T06:01:13.830310,2,4,86.95,0.1,86.9,200,86.8,626,,,,,,,,,,,,,,,,,87.0,615,87.1,200,87.2,3,87.3,500,,,,,,,,,,,,
2026-07-01T06:01:13.843179+00:00,2026-07-01T06:01:13.837992,2,3,86.95,0.1,86.9,200,86.8,626,,,,,,,,,,,,,,,,,87.0,615,87.1,200,87.2,3,,,,,,,,,,,,,,
2026-07-01T06:01:13.853626+00:00,2026-07-01T06:01:13.845004,3,3,86.95,0.1,86.9,200,86.8,626,86.7,500,,,,,,,,,,,,,,,87.0,615,87.1,200,87.2,3,,,,,,,,,,,,,,
2026-07-01T06:01:13.864097+00:00,2026-07-01T06:01:13.854184,3,4,86.95,0.1,86.9,200,86.8,626,86.7,500,,,,,,,,,,,,,,,87.0,615,87.1,200,87.2,3,87.3,500,,,,,,,,,,,,
2026-07-01T06:01:13.998986+00:00,2026-07-01T06:01:13.996024,2,3,86.9,0.2,86.8,626,86.7,500,,,,,,,,,,,,,,,,,87.0,415,87.2,3,87.3,500,,,,,,,,,,,,,,
2026-07-01T06:01:14.009411+00:00,2026-07-01T06:01:13.999926,2,3,86.9,0.2,86.8,626,86.7,500,,,,,,,,,,,,,,,,,87.0,415,87.2,203,87.3,500,,,,,,,,,,,,,,
2026-07-01T06:01:14.442322+00:00,2026-07-01T06:01:14.440081,1,2,86.9,0.2,86.8,626,,,,,,,,,,,,,,,,,,,87.0,415,87.2,203,,,,,,,,,,,,,,,,
2026-07-01T06:01:14.452738+00:00,2026-07-01T06:01:14.447081,2,2,86.9,0.2,86.8,626,86.7,500,,,,,,,,,,,,,,,,,87.0,415,87.2,203,,,,,,,,,,,,,,,,
2026-07-01T06:01:14.463167+00:00,2026-07-01T06:01:14.456214,2,2,86.9,0.2,86.8,626,86.7,500,,,,,,,,,,,,,,,,,87.0,415,87.2,703,,,,,,,,,,,,,,,,
2026-07-01T06:01:14.711601+00:00,2026-07-01T06:01:14.705951,2,2,86.9,0.2,86.8,623,86.7,500,,,,,,,,,,,,,,,,,87.0,415,87.2,703,,,,,,,,,,,,,,,,
2026-07-01T06:01:14.855191+00:00,2026-07-01T06:01:14.852117,3,2,86.95,0.1,86.9,7,86.8,623,86.7,500,,,,,,,,,,,,,,,87.0,415,87.2,703,,,,,,,,,,,,,,,,
2026-07-01T06:01:14.937550+00:00,2026-07-01T06:01:14.930786,2,2,86.9,0.2,86.8,623,86.7,500,,,,,,,,,,,,,,,,,87.0,415,87.2,703,,,,,,,,,,,,,,,,
2026-07-01T06:01:14.988775+00:00,2026-07-01T06:01:14.986708,1,1,86.95,0.5,86.7,500,,,,,,,,,,,,,,,,,,,87.2,703,,,,,,,,,,,,,,,,,,
2026-07-01T06:01:14.999167+00:00,2026-07-01T06:01:14.992157,2,2,86.9,0.2,86.8,625,86.7,500,,,,,,,,,,,,,,,,,87.0,625,87.2,703,,,,,,,,,,,,,,,,
2026-07-01T06:01:15.040386+00:00,2026-07-01T06:01:15.033757,1,2,86.9,0.2,86.8,625,,,,,,,,,,,,,,,,,,,87.0,625,87.2,703,,,,,,,,,,,,,,,,
2026-07-01T06:01:15.050802+00:00,2026-07-01T06:01:15.047705,2,2,86.9,0.2,86.8,625,86.6,500,,,,,,,,,,,,,,,,,87.0,625,87.2,203,,,,,,,,,,,,,,,,
2026-07-01T06:01:15.061216+00:00,2026-07-01T06:01:15.054037,2,2,86.9,0.2,86.8,625,86.6,500,,,,,,,,,,,,,,,,,87.0,625,87.2,703,,,,,,,,,,,,,,,,
2026-07-01T06:01:15.205875+00:00,2026-07-01T06:01:15.203533,2,2,86.9,0.2,86.8,625,86.6,500,,,,,,,,,,,,,,,,,87.0,625,87.2,503,,,,,,,,,,,,,,,,
2026-07-01T06:01:15.216212+00:00,2026-07-01T06:01:15.209035,2,2,86.9,0.2,86.8,825,86.6,500,,,,,,,,,,,,,,,,,87.0,825,87.2,503,,,,,,,,,,,,,,,,
2026-07-01T06:01:15.637758+00:00,2026-07-01T06:01:15.635902,1,2,86.9,0.2,86.8,825,,,,,,,,,,,,,,,,,,,87.0,825,87.2,503,,,,,,,,,,,,,,,,
2026-07-01T06:01:15.648098+00:00,2026-07-01T06:01:15.642705,1,2,86.9,0.2,86.8,825,,,,,,,,,,,,,,,,,,,87.0,825,87.2,3,,,,,,,,,,,,,,,,
2026-07-01T06:01:15.658536+00:00,2026-07-01T06:01:15.656316,2,3,86.9,0.2,86.8,825,86.6,500,,,,,,,,,,,,,,,,,87.0,825,87.1,500,87.2,3,,,,,,,,,,,,,,
2026-07-01T06:01:15.710293+00:00,2026-07-01T06:01:15.704622,2,3,86.9,0.2,86.8,832,86.6,500,,,,,,,,,,,,,,,,,87.0,825,87.1,500,87.2,3,,,,,,,,,,,,,,
2026-07-01T06:01:16.248273+00:00,2026-07-01T06:01:16.247576,1,2,86.9,0.2,86.8,832,,,,,,,,,,,,,,,,,,,87.0,825,87.2,3,,,,,,,,,,,,,,,,
2026-07-01T06:01:16.258738+00:00,2026-07-01T06:01:16.257265,2,2,86.9,0.2,86.8,832,86.6,500,,,,,,,,,,,,,,,,,87.0,825,87.2,3,,,,,,,,,,,,,,,,
2026-07-01T06:01:16.269167+00:00,2026-07-01T06:01:16.264897,2,3,86.9,0.2,86.8,832,86.6,500,,,,,,,,,,,,,,,,,87.0,825,87.1,500,87.2,3,,,,,,,,,,,,,,
2026-07-01T06:01:16.310964+00:00,2026-07-01T06:01:16.309023,2,3,86.9,0.2,86.8,207,86.6,500,,,,,,,,,,,,,,,,,87.0,200,87.1,500,87.2,3,,,,,,,,,,,,,,
2026-07-01T06:01:16.321367+00:00,2026-07-01T06:01:16.316043,3,2,87.05,0.1,87.0,425,86.8,207,86.6,500,,,,,,,,,,,,,,,87.1,500,87.2,628,,,,,,,,,,,,,,,,
2026-07-01T06:01:16.414402+00:00,2026-07-01T06:01:16.413019,3,2,87.05,0.1,87.0,425,86.8,7,86.6,500,,,,,,,,,,,,,,,87.1,500,87.2,628,,,,,,,,,,,,,,,,
2026-07-01T06:01:16.424754+00:00,2026-07-01T06:01:16.419687,3,2,87.05,0.1,87.0,425,86.8,7,86.6,500,,,,,,,,,,,,,,,87.1,300,87.2,828,,,,,,,,,,,,,,,,
2026-07-01T06:01:16.847633+00:00,2026-07-01T06:01:16.840994,2,2,87.05,0.1,87.0,425,86.8,7,,,,,,,,,,,,,,,,,87.1,300,87.2,828,,,,,,,,,,,,,,,,
2026-07-01T06:01:16.858066+00:00,2026-07-01T06:01:16.854345,3,1,87.1,0.2,87.0,425,86.8,7,86.5,500,,,,,,,,,,,,,,,87.2,828,,,,,,,,,,,,,,,,,,
2026-07-01T06:01:16.868561+00:00,2026-07-01T06:01:16.861605,2,2,86.9,0.2,86.8,7,86.5,500,,,,,,,,,,,,,,,,,87.0,75,87.2,828,,,,,,,,,,,,,,,,
2026-07-01T06:01:17.445012+00:00,2026-07-01T06:01:17.444092,1,2,86.9,0.2,86.8,7,,,,,,,,,,,,,,,,,,,87.0,75,87.2,828,,,,,,,,,,,,,,,,
2026-07-01T06:01:17.455324+00:00,2026-07-01T06:01:17.452065,1,1,87.0,0.4,86.8,7,,,,,,,,,,,,,,,,,,,87.2,828,,,,,,,,,,,,,,,,,,
2026-07-01T06:01:17.465736+00:00,2026-07-01T06:01:17.459246,2,1,87.0,0.4,86.8,7,86.5,500,,,,,,,,,,,,,,,,,87.2,828,,,,,,,,,,,,,,,,,,
2026-07-01T06:01:17.476161+00:00,2026-07-01T06:01:17.466387,2,2,86.9,0.2,86.8,7,86.5,500,,,,,,,,,,,,,,,,,87.0,500,87.2,828,,,,,,,,,,,,,,,,
2026-07-01T06:01:17.620165+00:00,2026-07-01T06:01:17.618504,2,2,86.9,0.2,86.8,7,86.5,500,,,,,,,,,,,,,,,,,87.0,500,87.2,203,,,,,,,,,,,,,,,,
2026-07-01T06:01:17.630597+00:00,2026-07-01T06:01:17.627729,2,3,86.65,0.1,86.6,625,86.5,500,,,,,,,,,,,,,,,,,86.7,618,87.0,500,87.2,3,,,,,,,,,,,,,,
2026-07-01T06:01:17.641029+00:00,2026-07-01T06:01:17.634290,2,4,86.65,0.1,86.6,625,86.5,500,,,,,,,,,,,,,,,,,86.7,418,87.0,500,87.1,200,87.2,3,,,,,,,,,,,,
2026-07-01T06:01:17.928746+00:00,2026-07-01T06:01:17.925627,2,4,86.65,0.1,86.6,632,86.5,500,,,,,,,,,,,,,,,,,86.7,418,87.0,500,87.1,200,87.2,3,,,,,,,,,,,,
2026-07-01T06:01:18.052737+00:00,2026-07-01T06:01:18.050124,1,4,86.65,0.1,86.6,632,,,,,,,,,,,,,,,,,,,86.7,418,87.0,500,87.1,200,87.2,3,,,,,,,,,,,,
2026-07-01T06:01:18.063131+00:00,2026-07-01T06:01:18.058733,1,3,86.65,0.1,86.6,632,,,,,,,,,,,,,,,,,,,86.7,418,87.1,200,87.2,3,,,,,,,,,,,,,,
2026-07-01T06:01:18.073638+00:00,2026-07-01T06:01:18.066740,2,3,86.65,0.1,86.6,632,86.4,500,,,,,,,,,,,,,,,,,86.7,418,87.1,200,87.2,3,,,,,,,,,,,,,,
2026-07-01T06:01:18.084132+00:00,2026-07-01T06:01:18.074797,2,4,86.65,0.1,86.6,632,86.4,500,,,,,,,,,,,,,,,,,86.7,418,87.0,500,87.1,200,87.2,3,,,,,,,,,,,,
2026-07-01T06:01:18.654007+00:00,2026-07-01T06:01:18.649865,1,4,86.65,0.1,86.6,632,,,,,,,,,,,,,,,,,,,86.7,418,87.0,500,87.1,200,87.2,3,,,,,,,,,,,,
2026-07-01T06:01:18.664444+00:00,2026-07-01T06:01:18.661653,2,3,86.65,0.1,86.6,632,86.4,500,,,,,,,,,,,,,,,,,86.7,418,87.1,200,87.2,3,,,,,,,,,,,,,,
2026-07-01T06:01:18.674885+00:00,2026-07-01T06:01:18.667764,2,4,86.65,0.1,86.6,632,86.4,500,,,,,,,,,,,,,,,,,86.7,418,86.9,500,87.1,200,87.2,3,,,,,,,,,,,,
2026-07-01T06:01:18.716305+00:00,2026-07-01T06:01:18.708366,2,4,86.65,0.1,86.6,631,86.4,500,,,,,,,,,,,,,,,,,86.7,418,86.9,500,87.1,200,87.2,3,,,,,,,,,,,,
2026-07-01T06:01:18.841384+00:00,2026-07-01T06:01:18.837533,2,3,86.65,0.1,86.6,631,86.4,500,,,,,,,,,,,,,,,,,86.7,418,86.9,500,87.2,3,,,,,,,,,,,,,,
2026-07-01T06:01:18.851814+00:00,2026-07-01T06:01:18.847120,2,4,86.65,0.1,86.6,631,86.4,500,,,,,,,,,,,,,,,,,86.7,218,86.9,500,87.1,200,87.2,3,,,,,,,,,,,,
2026-07-01T06:01:18.934048+00:00,2026-07-01T06:01:18.933306,3,3,86.8,0.2,86.7,625,86.6,6,86.4,500,,,,,,,,,,,,,,,86.9,500,87.1,200,87.2,3,,,,,,,,,,,,,,
2026-07-01T06:01:18.944491+00:00,2026-07-01T06:01:18.938653,3,3,86.8,0.2,86.7,625,86.6,5,86.4,500,,,,,,,,,,,,,,,86.9,1125,87.1,200,87.2,3,,,,,,,,,,,,,,
2026-07-01T06:01:19.017306+00:00,2026-07-01T06:01:19.015236,2,3,86.8,0.2,86.7,625,86.4,500,,,,,,,,,,,,,,,,,86.9,1125,87.1,200,87.2,3,,,,,,,,,,,,,,
2026-07-01T06:01:19.284839+00:00,2026-07-01T06:01:19.277778,1,3,86.8,0.2,86.7,625,,,,,,,,,,,,,,,,,,,86.9,1125,87.1,200,87.2,3,,,,,,,,,,,,,,
2026-07-01T06:01:19.295289+00:00,2026-07-01T06:01:19.291744,2,3,86.8,0.2,86.7,625,86.4,500,,,,,,,,,,,,,,,,,86.9,625,87.1,200,87.2,3,,,,,,,,,,,,,,
2026-07-01T06:01:19.305760+00:00,2026-07-01T06:01:19.298171,2,3,86.8,0.2,86.7,625,86.4,500,,,,,,,,,,,,,,,,,86.9,1125,87.1,200,87.2,3,,,,,,,,,,,,,,
2026-07-01T06:01:19.885825+00:00,2026-07-01T06:01:19.879321,1,3,86.8,0.2,86.7,625,,,,,,,,,,,,,,,,,,,86.9,1125,87.1,200,87.2,3,,,,,,,,,,,,,,
2026-07-01T06:01:19.896288+00:00,2026-07-01T06:01:19.892951,2,3,86.8,0.2,86.7,625,86.4,500,,,,,,,,,,,,,,,,,86.9,625,87.1,200,87.2,3,,,,,,,,,,,,,,
2026-07-01T06:01:19.906728+00:00,2026-07-01T06:01:19.899275,2,4,86.8,0.2,86.7,625,86.4,500,,,,,,,,,,,,,,,,,86.9,625,87.0,500,87.1,200,87.2,3,,,,,,,,,,,,
2026-07-01T06:01:20.052622+00:00,2026-07-01T06:01:20.052093,3,3,86.8,0.2,86.7,625,86.5,200,86.4,500,,,,,,,,,,,,,,,86.9,625,87.0,500,87.2,3,,,,,,,,,,,,,,
