recv_time,book_timestamp,n_bids,n_asks,mid,spread,bid_px_0,bid_vol_0,bid_px_1,bid_vol_1,bid_px_2,bid_vol_2,bid_px_3,bid_vol_3,bid_px_4,bid_vol_4,bid_px_5,bid_vol_5,bid_px_6,bid_vol_6,bid_px_7,bid_vol_7,bid_px_8,bid_vol_8,bid_px_9,bid_vol_9,ask_px_0,ask_vol_0,ask_px_1,ask_vol_1,ask_px_2,ask_vol_2,ask_px_3,ask_vol_3,ask_px_4,ask_vol_4,ask_px_5,ask_vol_5,ask_px_6,ask_vol_6,ask_px_7,ask_vol_7,ask_px_8,ask_vol_8,ask_px_9,ask_vol_9
2026-06-30T22:00:00.116688+00:00,2026-06-30T22:00:00.129162,1,3,69.6,0.2,69.5,1125,,,,,,,,,,,,,,,,,,,69.7,425,69.9,200,70.0,500,,,,,,,,,,,,,,
2026-06-30T22:00:00.766514+00:00,2026-06-30T22:00:00.740259,1,3,69.6,0.2,69.5,1125,,,,,,,,,,,,,,,,,,,69.7,425,69.9,200,70.0,500,,,,,,,,,,,,,,
2026-06-30T22:00:00.829208+00:00,2026-06-30T22:00:00.787046,1,2,69.6,0.2,69.5,1325,,,,,,,,,,,,,,,,,,,69.7,625,70.0,500,,,,,,,,,,,,,,,,
2026-06-30T22:00:00.933906+00:00,2026-06-30T22:00:00.929079,2,3,69.65,0.1,69.6,625,69.5,700,,,,,,,,,,,,,,,,,69.7,200,69.8,625,70.0,500,,,,,,,,,,,,,,
2026-06-30T22:00:01.320739+00:00,2026-06-30T22:00:01.317480,2,3,69.65,0.1,69.6,625,69.5,200,,,,,,,,,,,,,,,,,69.7,200,69.8,625,70.0,500,,,,,,,,,,,,,,
2026-06-30T22:00:01.350763+00:00,2026-06-30T22:00:01.338142,2,3,69.65,0.1,69.6,1125,69.5,200,,,,,,,,,,,,,,,,,69.7,200,69.8,625,70.0,500,,,,,,,,,,,,,,
2026-06-30T22:00:01.923248+00:00,2026-06-30T22:00:01.919845,2,3,69.65,0.1,69.6,625,69.5,200,,,,,,,,,,,,,,,,,69.7,200,69.8,625,70.0,500,,,,,,,,,,,,,,
2026-06-30T22:00:01.933539+00:00,2026-06-30T22:00:01.927684,2,2,69.65,0.1,69.6,625,69.5,200,,,,,,,,,,,,,,,,,69.7,200,69.8,625,,,,,,,,,,,,,,,,
2026-06-30T22:00:01.943870+00:00,2026-06-30T22:00:01.941259,2,3,69.65,0.1,69.6,1125,69.5,200,,,,,,,,,,,,,,,,,69.7,200,69.8,625,70.0,500,,,,,,,,,,,,,,
2026-06-30T22:00:01.994082+00:00,2026-06-30T22:00:01.992689,1,2,69.7,0.2,69.6,1325,,,,,,,,,,,,,,,,,,,69.8,625,70.0,500,,,,,,,,,,,,,,,,
2026-06-30T22:00:02.004463+00:00,2026-06-30T22:00:01.995235,1,2,69.7,0.2,69.6,1325,,,,,,,,,,,,,,,,,,,69.8,825,70.0,500,,,,,,,,,,,,,,,,
2026-06-30T22:00:02.269672+00:00,2026-06-30T22:00:02.240790,2,3,69.65,0.1,69.6,700,69.5,625,,,,,,,,,,,,,,,,,69.7,625,69.8,200,70.0,500,,,,,,,,,,,,,,
2026-06-30T22:00:02.526348+00:00,2026-06-30T22:00:02.524078,2,3,69.65,0.1,69.6,200,69.5,625,,,,,,,,,,,,,,,,,69.7,625,69.8,200,70.0,500,,,,,,,,,,,,,,
2026-06-30T22:00:02.536639+00:00,2026-06-30T22:00:02.530958,2,2,69.65,0.1,69.6,200,69.5,625,,,,,,,,,,,,,,,,,69.7,625,69.8,200,,,,,,,,,,,,,,,,
2026-06-30T22:00:02.547003+00:00,2026-06-30T22:00:02.542198,2,3,69.65,0.1,69.6,200,69.5,1125,,,,,,,,,,,,,,,,,69.7,625,69.8,200,70.0,500,,,,,,,,,,,,,,
2026-06-30T22:00:03.131792+00:00,2026-06-30T22:00:03.127335,2,3,69.65,0.1,69.6,200,69.5,625,,,,,,,,,,,,,,,,,69.7,625,69.8,200,70.0,500,,,,,,,,,,,,,,
2026-06-30T22:00:03.142063+00:00,2026-06-30T22:00:03.138722,2,2,69.65,0.1,69.6,700,69.5,625,,,,,,,,,,,,,,,,,69.7,625,69.8,200,,,,,,,,,,,,,,,,
2026-06-30T22:00:03.152344+00:00,2026-06-30T22:00:03.144106,2,3,69.65,0.1,69.6,700,69.5,625,,,,,,,,,,,,,,,,,69.7,625,69.8,200,70.0,500,,,,,,,,,,,,,,
2026-06-30T22:00:03.203771+00:00,2026-06-30T22:00:03.201426,2,2,69.65,0.1,69.6,500,69.5,625,,,,,,,,,,,,,,,,,69.7,425,70.0,500,,,,,,,,,,,,,,,,
2026-06-30T22:00:03.234263+00:00,2026-06-30T22:00:03.204148,2,3,69.65,0.1,69.6,500,69.5,625,,,,,,,,,,,,,,,,,69.7,425,69.9,200,70.0,500,,,,,,,,,,,,,,
2026-06-30T22:00:03.550602+00:00,2026-06-30T22:00:03.548208,1,3,69.7,0.2,69.6,1125,,,,,,,,,,,,,,,,,,,69.8,625,69.9,200,70.0,500,,,,,,,,,,,,,,
2026-06-30T22:00:03.735125+00:00,2026-06-30T22:00:03.731016,1,3,69.7,0.2,69.6,625,,,,,,,,,,,,,,,,,,,69.8,625,69.9,200,70.0,500,,,,,,,,,,,,,,
2026-06-30T22:00:03.745463+00:00,2026-06-30T22:00:03.743184,2,2,69.7,0.2,69.6,625,69.5,500,,,,,,,,,,,,,,,,,69.8,625,69.9,200,,,,,,,,,,,,,,,,
2026-06-30T22:00:03.755776+00:00,2026-06-30T22:00:03.748582,2,3,69.7,0.2,69.6,625,69.5,500,,,,,,,,,,,,,,,,,69.8,625,69.9,200,70.0,500,,,,,,,,,,,,,,
2026-06-30T22:00:04.337747+00:00,2026-06-30T22:00:04.334317,1,3,69.7,0.2,69.6,625,,,,,,,,,,,,,,,,,,,69.8,625,69.9,200,70.0,500,,,,,,,,,,,,,,
2026-06-30T22:00:04.348070+00:00,2026-06-30T22:00:04.341756,1,2,69.7,0.2,69.6,625,,,,,,,,,,,,,,,,,,,69.8,625,69.9,200,,,,,,,,,,,,,,,,
2026-06-30T22:00:04.358455+00:00,2026-06-30T22:00:04.354725,1,3,69.7,0.2,69.6,1125,,,,,,,,,,,,,,,,,,,69.8,625,69.9,200,70.0,500,,,,,,,,,,,,,,
2026-06-30T22:00:04.419721+00:00,2026-06-30T22:00:04.408400,1,2,69.7,0.2,69.6,1325,,,,,,,,,,,,,,,,,,,69.8,825,70.0,500,,,,,,,,,,,,,,,,
2026-06-30T22:00:04.850089+00:00,2026-06-30T22:00:04.849809,1,2,69.7,0.2,69.6,700,,,,,,,,,,,,,,,,,,,69.8,825,70.0,500,,,,,,,,,,,,,,,,
2026-06-30T22:00:04.860381+00:00,2026-06-30T22:00:04.854670,2,3,69.75,0.1,69.7,625,69.6,700,,,,,,,,,,,,,,,,,69.8,200,69.9,625,70.0,500,,,,,,,,,,,,,,
2026-06-30T22:00:04.942376+00:00,2026-06-30T22:00:04.937686,2,3,69.75,0.1,69.7,625,69.6,200,,,,,,,,,,,,,,,,,69.8,200,69.9,625,70.0,500,,,,,,,,,,,,,,
2026-06-30T22:00:04.952742+00:00,2026-06-30T22:00:04.952121,2,2,69.75,0.1,69.7,625,69.6,700,,,,,,,,,,,,,,,,,69.8,200,69.9,625,,,,,,,,,,,,,,,,
2026-06-30T22:00:04.963199+00:00,2026-06-30T22:00:04.958450,2,3,69.75,0.1,69.7,625,69.6,700,,,,,,,,,,,,,,,,,69.8,200,69.9,625,70.0,500,,,,,,,,,,,,,,
2026-06-30T22:00:05.548623+00:00,2026-06-30T22:00:05.547562,2,2,69.75,0.1,69.7,625,69.6,200,,,,,,,,,,,,,,,,,69.8,200,69.9,625,,,,,,,,,,,,,,,,
2026-06-30T22:00:05.558996+00:00,2026-06-30T22:00:05.553814,2,2,69.75,0.1,69.7,625,69.6,700,,,,,,,,,,,,,,,,,69.8,200,69.9,625,,,,,,,,,,,,,,,,
2026-06-30T22:00:05.569377+00:00,2026-06-30T22:00:05.560595,2,3,69.75,0.1,69.7,625,69.6,700,,,,,,,,,,,,,,,,,69.8,200,69.9,625,70.0,500,,,,,,,,,,,,,,
2026-06-30T22:00:05.621025+00:00,2026-06-30T22:00:05.618230,2,2,69.8,0.2,69.7,625,69.6,500,,,,,,,,,,,,,,,,,69.9,625,70.0,500,,,,,,,,,,,,,,,,
2026-06-30T22:00:05.640409+00:00,2026-06-30T22:00:05.625904,2,2,69.8,0.2,69.7,825,69.6,500,,,,,,,,,,,,,,,,,69.9,825,70.0,500,,,,,,,,,,,,,,,,
2026-06-30T22:00:06.164704+00:00,2026-06-30T22:00:06.162073,3,2,69.85,0.1,69.8,625,69.7,200,69.6,500,,,,,,,,,,,,,,,69.9,200,70.0,1125,,,,,,,,,,,,,,,,
2026-06-30T22:00:06.185313+00:00,2026-06-30T22:00:06.178864,2,2,69.85,0.1,69.8,625,69.7,200,,,,,,,,,,,,,,,,,69.9,200,70.0,1125,,,,,,,,,,,,,,,,
2026-06-30T22:00:06.195868+00:00,2026-06-30T22:00:06.193138,3,2,69.85,0.1,69.8,625,69.7,200,69.6,500,,,,,,,,,,,,,,,69.9,200,70.0,625,,,,,,,,,,,,,,,,
2026-06-30T22:00:06.206301+00:00,2026-06-30T22:00:06.201433,3,2,69.85,0.1,69.8,625,69.7,200,69.6,500,,,,,,,,,,,,,,,69.9,200,70.0,1125,,,,,,,,,,,,,,,,
2026-06-30T22:00:06.784754+00:00,2026-06-30T22:00:06.781375,2,2,69.85,0.1,69.8,625,69.7,200,,,,,,,,,,,,,,,,,69.9,200,70.0,1125,,,,,,,,,,,,,,,,
2026-06-30T22:00:06.795163+00:00,2026-06-30T22:00:06.792219,3,2,69.85,0.1,69.8,625,69.7,200,69.6,500,,,,,,,,,,,,,,,69.9,200,70.0,625,,,,,,,,,,,,,,,,
2026-06-30T22:00:06.805631+00:00,2026-06-30T22:00:06.797564,3,2,69.85,0.1,69.8,625,69.7,200,69.6,500,,,,,,,,,,,,,,,69.9,200,70.0,1125,,,,,,,,,,,,,,,,
2026-06-30T22:00:06.836692+00:00,2026-06-30T22:00:06.834806,3,2,69.85,0.1,69.8,625,69.7,200,69.6,500,,,,,,,,,,,,,,,69.9,200,70.0,1125,,,,,,,,,,,,,,,,
2026-06-30T22:00:07.392517+00:00,2026-06-30T22:00:07.390517,2,2,69.85,0.1,69.8,625,69.7,200,,,,,,,,,,,,,,,,,69.9,200,70.0,625,,,,,,,,,,,,,,,,
2026-06-30T22:00:07.402992+00:00,2026-06-30T22:00:07.402181,3,3,69.85,0.1,69.8,625,69.7,200,69.6,500,,,,,,,,,,,,,,,69.9,200,70.0,625,70.1,500,,,,,,,,,,,,,,
2026-06-30T22:00:07.465130+00:00,2026-06-30T22:00:07.464087,2,3,69.8,0.2,69.7,200,69.6,500,,,,,,,,,,,,,,,,,69.9,200,70.0,625,70.1,500,,,,,,,,,,,,,,
2026-06-30T22:00:07.475450+00:00,2026-06-30T22:00:07.468411,3,3,69.85,0.1,69.8,625,69.7,200,69.6,500,,,,,,,,,,,,,,,69.9,200,70.0,625,70.1,500,,,,,,,,,,,,,,
2026-06-30T22:00:07.988192+00:00,2026-06-30T22:00:07.987578,2,3,69.85,0.1,69.8,625,69.7,200,,,,,,,,,,,,,,,,,69.9,200,70.0,625,70.1,500,,,,,,,,,,,,,,
2026-06-30T22:00:07.998505+00:00,2026-06-30T22:00:07.993860,2,2,69.85,0.1,69.8,625,69.7,200,,,,,,,,,,,,,,,,,69.9,200,70.0,625,,,,,,,,,,,,,,,,
2026-06-30T22:00:08.008917+00:00,2026-06-30T22:00:08.005927,3,2,69.85,0.1,69.8,625,69.7,200,69.6,500,,,,,,,,,,,,,,,69.9,200,70.0,1125,,,,,,,,,,,,,,,,
2026-06-30T22:00:08.040486+00:00,2026-06-30T22:00:08.040404,2,1,69.9,0.2,69.8,825,69.6,500,,,,,,,,,,,,,,,,,70.0,1125,,,,,,,,,,,,,,,,,,
2026-06-30T22:00:08.050949+00:00,2026-06-30T22:00:08.042993,2,1,69.9,0.2,69.8,825,69.6,500,,,,,,,,,,,,,,,,,70.0,1325,,,,,,,,,,,,,,,,,,
2026-06-30T22:00:08.596108+00:00,2026-06-30T22:00:08.590181,1,1,69.9,0.2,69.8,825,,,,,,,,,,,,,,,,,,,70.0,1325,,,,,,,,,,,,,,,,,,
2026-06-30T22:00:08.606445+00:00,2026-06-30T22:00:08.604574,2,1,69.9,0.2,69.8,825,69.6,500,,,,,,,,,,,,,,,,,70.0,825,,,,,,,,,,,,,,,,,,
2026-06-30T22:00:08.616789+00:00,2026-06-30T22:00:08.610565,2,2,69.9,0.2,69.8,825,69.6,500,,,,,,,,,,,,,,,,,70.0,825,70.1,500,,,,,,,,,,,,,,,,
2026-06-30T22:00:08.780558+00:00,2026-06-30T22:00:08.776659,3,2,69.95,0.1,69.9,625,69.8,200,69.6,500,,,,,,,,,,,,,,,70.0,200,70.1,1125,,,,,,,,,,,,,,,,
2026-06-30T22:00:09.200031+00:00,2026-06-30T22:00:09.193341,2,2,69.95,0.1,69.9,625,69.8,200,,,,,,,,,,,,,,,,,70.0,200,70.1,1125,,,,,,,,,,,,,,,,
2026-06-30T22:00:09.210404+00:00,2026-06-30T22:00:09.206303,3,2,69.95,0.1,69.9,625,69.8,200,69.6,500,,,,,,,,,,,,,,,70.0,200,70.1,625,,,,,,,,,,,,,,,,
2026-06-30T22:00:09.220705+00:00,2026-06-30T22:00:09.212199,3,2,69.95,0.1,69.9,625,69.8,200,69.6,500,,,,,,,,,,,,,,,70.0,200,70.1,1125,,,,,,,,,,,,,,,,
2026-06-30T22:00:09.251488+00:00,2026-06-30T22:00:09.249897,3,1,70.0,0.2,69.9,625,69.8,200,69.6,500,,,,,,,,,,,,,,,70.1,1125,,,,,,,,,,,,,,,,,,
2026-06-30T22:00:09.261798+00:00,2026-06-30T22:00:09.252278,3,2,69.95,0.1,69.9,625,69.8,200,69.6,500,,,,,,,,,,,,,,,70.0,200,70.1,1125,,,,,,,,,,,,,,,,
2026-06-30T22:00:09.804070+00:00,2026-06-30T22:00:09.802503,2,2,69.95,0.1,69.9,625,69.8,200,,,,,,,,,,,,,,,,,70.0,200,70.1,625,,,,,,,,,,,,,,,,
2026-06-30T22:00:09.814495+00:00,2026-06-30T22:00:09.813028,3,2,69.95,0.1,69.9,625,69.8,200,69.6,500,,,,,,,,,,,,,,,70.0,700,70.1,625,,,,,,,,,,,,,,,,
2026-06-30T22:00:10.082272+00:00,2026-06-30T22:00:10.080650,2,1,69.9,0.2,69.8,200,69.6,500,,,,,,,,,,,,,,,,,70.0,700,,,,,,,,,,,,,,,,,,
2026-06-30T22:00:10.092574+00:00,2026-06-30T22:00:10.087122,2,2,69.9,0.2,69.8,200,69.6,500,,,,,,,,,,,,,,,,,70.0,75,70.2,625,,,,,,,,,,,,,,,,
2026-06-30T22:00:10.402599+00:00,2026-06-30T22:00:10.398319,1,2,69.9,0.2,69.8,200,,,,,,,,,,,,,,,,,,,70.0,75,70.2,625,,,,,,,,,,,,,,,,
2026-06-30T22:00:10.412966+00:00,2026-06-30T22:00:10.409765,2,1,70.0,0.4,69.8,200,69.6,500,,,,,,,,,,,,,,,,,70.2,625,,,,,,,,,,,,,,,,,,
2026-06-30T22:00:10.423344+00:00,2026-06-30T22:00:10.415733,2,2,69.95,0.3,69.8,200,69.6,500,,,,,,,,,,,,,,,,,70.1,500,70.2,625,,,,,,,,,,,,,,,,
2026-06-30T22:00:10.464842+00:00,2026-06-30T22:00:10.460603,2,2,70.05,0.1,70.0,200,69.6,500,,,,,,,,,,,,,,,,,70.1,700,70.2,625,,,,,,,,,,,,,,,,
2026-06-30T22:00:11.008955+00:00,2026-06-30T22:00:11.006929,1,2,70.05,0.1,70.0,200,,,,,,,,,,,,,,,,,,,70.1,200,70.2,625,,,,,,,,,,,,,,,,
2026-06-30T22:00:11.019388+00:00,2026-06-30T22:00:11.017967,2,2,70.05,0.1,70.0,200,69.6,500,,,,,,,,,,,,,,,,,70.1,700,70.2,625,,,,,,,,,,,,,,,,
2026-06-30T22:00:11.390035+00:00,2026-06-30T22:00:11.389167,2,1,70.05,0.1,70.0,200,69.6,500,,,,,,,,,,,,,,,,,70.1,700,,,,,,,,,,,,,,,,,,
2026-06-30T22:00:11.410596+00:00,2026-06-30T22:00:11.408149,2,2,69.9,0.2,69.8,625,69.6,500,,,,,,,,,,,,,,,,,70.0,425,70.1,700,,,,,,,,,,,,,,,,
2026-06-30T22:00:11.606390+00:00,2026-06-30T22:00:11.603489,1,2,69.9,0.2,69.8,625,,,,,,,,,,,,,,,,,,,70.0,425,70.1,700,,,,,,,,,,,,,,,,
2026-06-30T22:00:11.616811+00:00,2026-06-30T22:00:11.610444,1,2,69.9,0.2,69.8,625,,,,,,,,,,,,,,,,,,,70.0,425,70.1,200,,,,,,,,,,,,,,,,
2026-06-30T22:00:11.627238+00:00,2026-06-30T22:00:11.624450,2,2,69.9,0.2,69.8,625,69.6,500,,,,,,,,,,,,,,,,,70.0,425,70.1,700,,,,,,,,,,,,,,,,
2026-06-30T22:00:11.668878+00:00,2026-06-30T22:00:11.665871,2,2,69.9,0.2,69.8,625,69.6,500,,,,,,,,,,,,,,,,,70.0,425,70.1,500,,,,,,,,,,,,,,,,
2026-06-30T22:00:11.679256+00:00,2026-06-30T22:00:11.674150,2,2,69.9,0.2,69.8,425,69.6,700,,,,,,,,,,,,,,,,,70.0,425,70.1,500,,,,,,,,,,,,,,,,
2026-06-30T22:00:12.243465+00:00,2026-06-30T22:00:12.240367,2,2,69.9,0.2,69.8,425,69.6,200,,,,,,,,,,,,,,,,,70.0,425,70.1,500,,,,,,,,,,,,,,,,
2026-06-30T22:00:12.253810+00:00,2026-06-30T22:00:12.247977,2,1,69.9,0.2,69.8,425,69.6,200,,,,,,,,,,,,,,,,,70.0,425,,,,,,,,,,,,,,,,,,
2026-06-30T22:00:12.264242+00:00,2026-06-30T22:00:12.260135,2,1,69.9,0.2,69.8,425,69.6,700,,,,,,,,,,,,,,,,,70.0,925,,,,,,,,,,,,,,,,,,
2026-06-30T22:00:12.715744+00:00,2026-06-30T22:00:12.715161,2,1,69.9,0.2,69.8,625,69.6,700,,,,,,,,,,,,,,,,,70.0,500,,,,,,,,,,,,,,,,,,
2026-06-30T22:00:12.726013+00:00,2026-06-30T22:00:12.716649,2,1,69.9,0.2,69.8,625,69.6,700,,,,,,,,,,,,,,,,,70.0,1125,,,,,,,,,,,,,,,,,,
2026-06-30T22:00:12.848789+00:00,2026-06-30T22:00:12.842913,2,1,69.9,0.2,69.8,625,69.6,200,,,,,,,,,,,,,,,,,70.0,1125,,,,,,,,,,,,,,,,,,
2026-06-30T22:00:12.859174+00:00,2026-06-30T22:00:12.855707,2,1,69.9,0.2,69.8,625,69.6,700,,,,,,,,,,,,,,,,,70.0,625,,,,,,,,,,,,,,,,,,
2026-06-30T22:00:12.869582+00:00,2026-06-30T22:00:12.862635,2,2,69.9,0.2,69.8,625,69.6,700,,,,,,,,,,,,,,,,,70.0,625,70.1,500,,,,,,,,,,,,,,,,
2026-06-30T22:00:12.890433+00:00,2026-06-30T22:00:12.887537,2,3,69.85,0.1,69.8,825,69.6,500,,,,,,,,,,,,,,,,,69.9,200,70.0,625,70.1,500,,,,,,,,,,,,,,
2026-06-30T22:00:13.127024+00:00,2026-06-30T22:00:13.125677,2,3,69.85,0.1,69.8,825,69.6,500,,,,,,,,,,,,,,,,,69.9,160,70.0,625,70.1,500,,,,,,,,,,,,,,
2026-06-30T22:00:13.239912+00:00,2026-06-30T22:00:13.237369,2,3,69.85,0.1,69.8,825,69.6,500,,,,,,,,,,,,,,,,,69.9,100,70.0,625,70.1,500,,,,,,,,,,,,,,
2026-06-30T22:00:13.446048+00:00,2026-06-30T22:00:13.445569,1,3,69.85,0.1,69.8,825,,,,,,,,,,,,,,,,,,,69.9,100,70.0,625,70.1,500,,,,,,,,,,,,,,
2026-06-30T22:00:13.456325+00:00,2026-06-30T22:00:13.452826,1,2,69.85,0.1,69.8,825,,,,,,,,,,,,,,,,,,,69.9,100,70.0,625,,,,,,,,,,,,,,,,
2026-06-30T22:00:13.466828+00:00,2026-06-30T22:00:13.464440,2,3,69.85,0.1,69.8,825,69.6,500,,,,,,,,,,,,,,,,,69.9,100,70.0,625,70.1,500,,,,,,,,,,,,,,
2026-06-30T22:00:14.023483+00:00,2026-06-30T22:00:14.021439,2,2,69.85,0.1,69.8,200,69.6,500,,,,,,,,,,,,,,,,,69.9,100,70.1,500,,,,,,,,,,,,,,,,
2026-06-30T22:00:14.038245+00:00,2026-06-30T22:00:14.027289,3,2,69.85,0.1,69.8,200,69.7,625,69.6,500,,,,,,,,,,,,,,,69.9,725,70.1,500,,,,,,,,,,,,,,,,
2026-06-30T22:00:14.048598+00:00,2026-06-30T22:00:14.047724,2,2,69.85,0.1,69.8,200,69.7,625,,,,,,,,,,,,,,,,,69.9,725,70.1,500,,,,,,,,,,,,,,,,
2026-06-30T22:00:14.058973+00:00,2026-06-30T22:00:14.054861,2,1,69.85,0.1,69.8,200,69.7,625,,,,,,,,,,,,,,,,,69.9,725,,,,,,,,,,,,,,,,,,
2026-06-30T22:00:14.069386+00:00,2026-06-30T22:00:14.067536,3,2,69.85,0.1,69.8,200,69.7,625,69.6,500,,,,,,,,,,,,,,,69.9,725,70.1,500,,,,,,,,,,,,,,,,
2026-06-30T22:00:14.100710+00:00,2026-06-30T22:00:14.096296,2,2,69.8,0.2,69.7,625,69.6,500,,,,,,,,,,,,,,,,,69.9,625,70.1,500,,,,,,,,,,,,,,,,
2026-06-30T22:00:14.111108+00:00,2026-06-30T22:00:14.105186,2,3,69.8,0.2,69.7,625,69.6,500,,,,,,,,,,,,,,,,,69.9,425,70.0,200,70.1,500,,,,,,,,,,,,,,
2026-06-30T22:00:14.656377+00:00,2026-06-30T22:00:14.651817,1,3,69.8,0.2,69.7,625,,,,,,,,,,,,,,,,,,,69.9,425,70.0,200,70.1,500,,,,,,,,,,,,,,
2026-06-30T22:00:14.666785+00:00,2026-06-30T22:00:14.665367,2,2,69.8,0.2,69.7,625,69.6,500,,,,,,,,,,,,,,,,,69.9,425,70.0,200,,,,,,,,,,,,,,,,
2026-06-30T22:00:14.677159+00:00,2026-06-30T22:00:14.672152,2,3,69.8,0.2,69.7,625,69.6,500,,,,,,,,,,,,,,,,,69.9,425,70.0,200,70.1,500,,,,,,,,,,,,,,
2026-06-30T22:00:15.260139+00:00,2026-06-30T22:00:15.254230,1,3,69.8,0.2,69.7,625,,,,,,,,,,,,,,,,,,,69.9,425,70.0,200,70.1,500,,,,,,,,,,,,,,
2026-06-30T22:00:15.270496+00:00,2026-06-30T22:00:15.268681,2,2,69.8,0.2,69.7,625,69.6,500,,,,,,,,,,,,,,,,,69.9,425,70.0,200,,,,,,,,,,,,,,,,
2026-06-30T22:00:15.280877+00:00,2026-06-30T22:00:15.275195,2,2,69.8,0.2,69.7,625,69.6,500,,,,,,,,,,,,,,,,,69.9,425,70.0,700,,,,,,,,,,,,,,,,
2026-06-30T22:00:15.311969+00:00,2026-06-30T22:00:15.311410,3,2,69.85,0.1,69.8,200,69.7,625,69.6,500,,,,,,,,,,,,,,,69.9,425,70.0,500,,,,,,,,,,,,,,,,
2026-06-30T22:00:15.322364+00:00,2026-06-30T22:00:15.314401,3,2,69.85,0.1,69.8,200,69.7,625,69.6,500,,,,,,,,,,,,,,,69.9,425,70.0,700,,,,,,,,,,,,,,,,
2026-06-30T22:00:15.332677+00:00,2026-06-30T22:00:15.330416,2,2,69.85,0.1,69.8,200,69.6,500,,,,,,,,,,,,,,,,,69.9,425,70.0,700,,,,,,,,,,,,,,,,
2026-06-30T22:00:15.343021+00:00,2026-06-30T22:00:15.338647,3,2,69.85,0.1,69.8,200,69.7,625,69.6,500,,,,,,,,,,,,,,,69.9,625,70.0,700,,,,,,,,,,,,,,,,
2026-06-30T22:00:15.764780+00:00,2026-06-30T22:00:15.757495,3,2,69.85,0.1,69.8,189,69.7,625,69.6,500,,,,,,,,,,,,,,,69.9,625,70.0,700,,,,,,,,,,,,,,,,
2026-06-30T22:00:15.857237+00:00,2026-06-30T22:00:15.855955,2,2,69.85,0.1,69.8,189,69.7,625,,,,,,,,,,,,,,,,,69.9,625,70.0,700,,,,,,,,,,,,,,,,
2026-06-30T22:00:15.867601+00:00,2026-06-30T22:00:15.862415,2,2,69.85,0.1,69.8,189,69.7,625,,,,,,,,,,,,,,,,,69.9,625,70.0,200,,,,,,,,,,,,,,,,
2026-06-30T22:00:15.878049+00:00,2026-06-30T22:00:15.874068,3,2,69.85,0.1,69.8,189,69.7,625,69.5,500,,,,,,,,,,,,,,,69.9,625,70.0,700,,,,,,,,,,,,,,,,
2026-06-30T22:00:16.001245+00:00,2026-06-30T22:00:15.996544,3,2,69.85,0.1,69.8,169,69.7,625,69.5,500,,,,,,,,,,,,,,,69.9,625,70.0,700,,,,,,,,,,,,,,,,
2026-06-30T22:00:16.464099+00:00,2026-06-30T22:00:16.458874,2,2,69.85,0.1,69.8,169,69.7,625,,,,,,,,,,,,,,,,,69.9,625,70.0,700,,,,,,,,,,,,,,,,
2026-06-30T22:00:16.474539+00:00,2026-06-30T22:00:16.470376,3,2,69.85,0.1,69.8,169,69.7,625,69.5,500,,,,,,,,,,,,,,,69.9,625,70.0,200,,,,,,,,,,,,,,,,
2026-06-30T22:00:16.484983+00:00,2026-06-30T22:00:16.475956,3,2,69.85,0.1,69.8,169,69.7,625,69.5,500,,,,,,,,,,,,,,,69.9,625,70.0,700,,,,,,,,,,,,,,,,
2026-06-30T22:00:16.495475+00:00,2026-06-30T22:00:16.485531,3,2,69.85,0.1,69.8,144,69.7,625,69.5,500,,,,,,,,,,,,,,,69.9,625,70.0,700,,,,,,,,,,,,,,,,
2026-06-30T22:00:16.526712+00:00,2026-06-30T22:00:16.517922,2,2,69.8,0.2,69.7,625,69.5,500,,,,,,,,,,,,,,,,,69.9,625,70.0,700,,,,,,,,,,,,,,,,
2026-06-30T22:00:16.547392+00:00,2026-06-30T22:00:16.541714,2,2,69.8,0.2,69.7,625,69.5,500,,,,,,,,,,,,,,,,,69.9,425,70.0,500,,,,,,,,,,,,,,,,
2026-06-30T22:00:16.557789+00:00,2026-06-30T22:00:16.552941,2,3,69.8,0.2,69.7,625,69.5,500,,,,,,,,,,,,,,,,,69.9,425,70.0,500,70.1,200,,,,,,,,,,,,,,
2026-06-30T22:00:16.650958+00:00,2026-06-30T22:00:16.649329,2,3,69.8,0.2,69.7,625,69.5,500,,,,,,,,,,,,,,,,,69.9,625,70.0,500,70.1,200,,,,,,,,,,,,,,
2026-06-30T22:00:16.712776+00:00,2026-06-30T22:00:16.703770,2,3,69.8,0.2,69.7,595,69.5,500,,,,,,,,,,,,,,,,,69.9,625,70.0,500,70.1,200,,,,,,,,,,,,,,
2026-06-30T22:00:16.816140+00:00,2026-06-30T22:00:16.810405,2,3,69.8,0.2,69.7,585,69.5,500,,,,,,,,,,,,,,,,,69.9,625,70.0,500,70.1,200,,,,,,,,,,,,,,
2026-06-30T22:00:17.061990+00:00,2026-06-30T22:00:17.061703,1,3,69.8,0.2,69.7,585,,,,,,,,,,,,,,,,,,,69.9,625,70.0,500,70.1,200,,,,,,,,,,,,,,
2026-06-30T22:00:17.072253+00:00,2026-06-30T22:00:17.068320,1,2,69.8,0.2,69.7,585,,,,,,,,,,,,,,,,,,,69.9,625,70.1,200,,,,,,,,,,,,,,,,
2026-06-30T22:00:17.082565+00:00,2026-06-30T22:00:17.080020,2,3,69.8,0.2,69.7,585,69.5,500,,,,,,,,,,,,,,,,,69.9,625,70.0,500,70.1,200,,,,,,,,,,,,,,
2026-06-30T22:00:17.670330+00:00,2026-06-30T22:00:17.665337,1,3,69.8,0.2,69.7,585,,,,,,,,,,,,,,,,,,,69.9,625,70.0,500,70.1,200,,,,,,,,,,,,,,
2026-06-30T22:00:17.680720+00:00,2026-06-30T22:00:17.678247,2,2,69.8,0.2,69.7,585,69.5,500,,,,,,,,,,,,,,,,,69.9,625,70.1,200,,,,,,,,,,,,,,,,
2026-06-30T22:00:17.691142+00:00,2026-06-30T22:00:17.684380,2,2,69.8,0.2,69.7,585,69.5,500,,,,,,,,,,,,,,,,,69.9,1125,70.1,200,,,,,,,,,,,,,,,,
2026-06-30T22:00:17.763710+00:00,2026-06-30T22:00:17.758967,2,2,69.8,0.2,69.7,585,69.5,500,,,,,,,,,,,,,,,,,69.9,925,70.3,200,,,,,,,,,,,,,,,,
2026-06-30T22:00:17.958848+00:00,2026-06-30T22:00:17.952333,1,2,69.7,0.4,69.5,500,,,,,,,,,,,,,,,,,,,69.9,925,70.3,200,,,,,,,,,,,,,,,,
2026-06-30T22:00:17.969213+00:00,2026-06-30T22:00:17.964810,2,3,69.7,0.2,69.6,625,69.5,500,,,,,,,,,,,,,,,,,69.8,625,69.9,500,70.3,200,,,,,,,,,,,,,,
2026-06-30T22:00:17.989865+00:00,2026-06-30T22:00:17.980218,2,3,69.7,0.2,69.6,625,69.5,500,,,,,,,,,,,,,,,,,69.8,560,69.9,500,70.3,200,,,,,,,,,,,,,,
2026-06-30T22:00:18.298001+00:00,2026-06-30T22:00:18.296830,1,3,69.7,0.2,69.6,625,,,,,,,,,,,,,,,,,,,69.8,560,69.9,500,70.3,200,,,,,,,,,,,,,,
2026-06-30T22:00:18.308433+00:00,2026-06-30T22:00:18.307432,2,2,69.7,0.2,69.6,625,69.4,500,,,,,,,,,,,,,,,,,69.8,560,70.3,200,,,,,,,,,,,,,,,,
2026-06-30T22:00:18.318875+00:00,2026-06-30T22:00:18.313912,2,3,69.7,0.2,69.6,625,69.4,500,,,,,,,,,,,,,,,,,69.8,560,69.9,500,70.3,200,,,,,,,,,,,,,,
2026-06-30T22:00:18.903452+00:00,2026-06-30T22:00:18.896641,1,3,69.7,0.2,69.6,625,,,,,,,,,,,,,,,,,,,69.8,560,69.9,500,70.3,200,,,,,,,,,,,,,,
2026-06-30T22:00:18.913894+00:00,2026-06-30T22:00:18.909882,2,2,69.7,0.2,69.6,625,69.5,500,,,,,,,,,,,,,,,,,69.8,560,70.3,200,,,,,,,,,,,,,,,,
2026-06-30T22:00:18.924405+00:00,2026-06-30T22:00:18.915591,2,3,69.7,0.2,69.6,625,69.5,500,,,,,,,,,,,,,,,,,69.8,560,69.9,500,70.3,200,,,,,,,,,,,,,,
2026-06-30T22:00:18.966018+00:00,2026-06-30T22:00:18.964911,2,3,69.7,0.2,69.6,625,69.5,500,,,,,,,,,,,,,,,,,69.8,360,69.9,500,70.2,200,,,,,,,,,,,,,,
2026-06-30T22:00:19.269653+00:00,2026-06-30T22:00:19.267787,1,3,69.65,0.3,69.5,500,,,,,,,,,,,,,,,,,,,69.8,360,69.9,500,70.2,200,,,,,,,,,,,,,,
2026-06-30T22:00:19.279918+00:00,2026-06-30T22:00:19.276992,2,3,69.85,0.1,69.8,625,69.5,500,,,,,,,,,,,,,,,,,69.9,500,70.0,625,70.2,200,,,,,,,,,,,,,,
2026-06-30T22:00:19.362095+00:00,2026-06-30T22:00:19.353320,2,3,69.85,0.1,69.8,605,69.5,500,,,,,,,,,,,,,,,,,69.9,500,70.0,625,70.2,200,,,,,,,,,,,,,,
2026-06-30T22:00:19.505680+00:00,2026-06-30T22:00:19.500727,1,3,69.85,0.1,69.8,605,,,,,,,,,,,,,,,,,,,69.9,500,70.0,625,70.2,200,,,,,,,,,,,,,,
2026-06-30T22:00:19.516010+00:00,2026-06-30T22:00:19.513438,2,2,69.9,0.2,69.8,605,69.4,500,,,,,,,,,,,,,,,,,70.0,625,70.2,200,,,,,,,,,,,,,,,,
2026-06-30T22:00:19.526308+00:00,2026-06-30T22:00:19.519866,2,3,69.85,0.1,69.8,605,69.4,500,,,,,,,,,,,,,,,,,69.9,500,70.0,625,70.2,200,,,,,,,,,,,,,,
2026-06-30T22:00:20.111606+00:00,2026-06-30T22:00:20.111293,1,2,69.9,0.2,69.8,605,,,,,,,,,,,,,,,,,,,70.0,625,70.2,200,,,,,,,,,,,,,,,,
2026-06-30T22:00:20.121975+00:00,2026-06-30T22:00:20.117255,2,2,69.9,0.2,69.8,605,69.4,500,,,,,,,,,,,,,,,,,70.0,625,70.2,200,,,,,,,,,,,,,,,,
2026-06-30T22:00:20.132300+00:00,2026-06-30T22:00:20.123341,2,3,69.85,0.1,69.8,605,69.4,500,,,,,,,,,,,,,,,,,69.9,500,70.0,625,70.2,200,,,,,,,,,,,,,,
2026-06-30T22:00:20.173863+00:00,2026-06-30T22:00:20.171207,2,3,69.85,0.1,69.8,605,69.4,500,,,,,,,,,,,,,,,,,69.9,300,70.0,625,70.1,200,,,,,,,,,,,,,,
2026-06-30T22:00:20.585276+00:00,2026-06-30T22:00:20.584389,2,3,69.85,0.1,69.8,625,69.4,500,,,,,,,,,,,,,,,,,69.9,300,70.0,625,70.1,200,,,,,,,,,,,,,,
2026-06-30T22:00:20.708434+00:00,2026-06-30T22:00:20.705612,1,3,69.85,0.1,69.8,625,,,,,,,,,,,,,,,,,,,69.9,300,70.0,625,70.1,200,,,,,,,,,,,,,,
2026-06-30T22:00:20.718712+00:00,2026-06-30T22:00:20.713175,1,2,69.9,0.2,69.8,625,,,,,,,,,,,,,,,,,,,70.0,625,70.1,200,,,,,,,,,,,,,,,,
2026-06-30T22:00:20.729095+00:00,2026-06-30T22:00:20.725338,2,3,69.85,0.1,69.8,625,69.4,500,,,,,,,,,,,,,,,,,69.9,500,70.0,625,70.1,200,,,,,,,,,,,,,,
2026-06-30T22:00:21.313989+00:00,2026-06-30T22:00:21.312571,1,2,69.9,0.2,69.8,625,,,,,,,,,,,,,,,,,,,70.0,625,70.1,200,,,,,,,,,,,,,,,,
2026-06-30T22:00:21.324487+00:00,2026-06-30T22:00:21.323251,2,3,69.85,0.1,69.8,625,69.5,500,,,,,,,,,,,,,,,,,69.9,500,70.0,625,70.1,200,,,,,,,,,,,,,,
2026-06-30T22:00:21.376458+00:00,2026-06-30T22:00:21.376118,2,2,69.85,0.1,69.8,625,69.5,500,,,,,,,,,,,,,,,,,69.9,300,70.0,625,,,,,,,,,,,,,,,,
2026-06-30T22:00:21.386892+00:00,2026-06-30T22:00:21.377547,2,3,69.85,0.1,69.8,625,69.5,500,,,,,,,,,,,,,,,,,69.9,300,70.0,625,70.2,200,,,,,,,,,,,,,,
2026-06-30T22:00:21.889988+00:00,2026-06-30T22:00:21.889128,1,2,69.7,0.4,69.5,500,,,,,,,,,,,,,,,,,,,69.9,300,70.2,200,,,,,,,,,,,,,,,,
2026-06-30T22:00:21.900246+00:00,2026-06-30T22:00:21.893028,2,3,69.85,0.1,69.8,625,69.5,500,,,,,,,,,,,,,,,,,69.9,300,70.0,625,70.2,200,,,,,,,,,,,,,,
2026-06-30T22:00:21.920828+00:00,2026-06-30T22:00:21.916606,1,2,69.9,0.2,69.8,625,,,,,,,,,,,,,,,,,,,70.0,625,70.2,200,,,,,,,,,,,,,,,,
2026-06-30T22:00:21.931285+00:00,2026-06-30T22:00:21.926818,2,3,69.85,0.1,69.8,625,69.4,500,,,,,,,,,,,,,,,,,69.9,500,70.0,625,70.2,200,,,,,,,,,,,,,,
2026-06-30T22:00:22.518680+00:00,2026-06-30T22:00:22.514321,1,3,69.85,0.1,69.8,625,,,,,,,,,,,,,,,,,,,69.9,500,70.0,625,70.2,200,,,,,,,,,,,,,,
2026-06-30T22:00:22.529127+00:00,2026-06-30T22:00:22.523011,1,2,69.9,0.2,69.8,625,,,,,,,,,,,,,,,,,,,70.0,625,70.2,200,,,,,,,,,,,,,,,,
2026-06-30T22:00:22.539583+00:00,2026-06-30T22:00:22.537383,2,3,69.85,0.1,69.8,625,69.5,500,,,,,,,,,,,,,,,,,69.9,500,70.0,625,70.2,200,,,,,,,,,,,,,,
2026-06-30T22:00:22.581056+00:00,2026-06-30T22:00:22.579219,2,2,69.85,0.1,69.8,625,69.5,500,,,,,,,,,,,,,,,,,69.9,500,70.0,625,,,,,,,,,,,,,,,,
2026-06-30T22:00:22.591369+00:00,2026-06-30T22:00:22.583127,2,3,69.85,0.1,69.8,625,69.5,500,,,,,,,,,,,,,,,,,69.9,300,70.0,625,70.2,200,,,,,,,,,,,,,,
2026-06-30T22:00:23.125677+00:00,2026-06-30T22:00:23.125101,1,2,69.9,0.2,69.8,625,,,,,,,,,,,,,,,,,,,70.0,625,70.2,200,,,,,,,,,,,,,,,,
2026-06-30T22:00:23.136167+00:00,2026-06-30T22:00:23.134636,2,2,69.9,0.2,69.8,625,69.5,500,,,,,,,,,,,,,,,,,70.0,625,70.2,200,,,,,,,,,,,,,,,,
2026-06-30T22:00:23.146794+00:00,2026-06-30T22:00:23.141394,2,3,69.85,0.1,69.8,625,69.5,500,,,,,,,,,,,,,,,,,69.9,500,70.0,625,70.2,200,,,,,,,,,,,,,,
2026-06-30T22:00:23.198613+00:00,2026-06-30T22:00:23.197362,1,2,69.7,0.4,69.5,500,,,,,,,,,,,,,,,,,,,69.9,500,70.2,200,,,,,,,,,,,,,,,,
2026-06-30T22:00:23.209003+00:00,2026-06-30T22:00:23.203678,2,2,70.05,0.1,70.0,125,69.5,500,,,,,,,,,,,,,,,,,70.1,625,70.2,200,,,,,,,,,,,,,,,,
2026-06-30T22:00:23.446196+00:00,2026-06-30T22:00:23.439194,2,2,70.05,0.1,70.0,110,69.5,500,,,,,,,,,,,,,,,,,70.1,625,70.2,200,,,,,,,,,,,,,,,,
2026-06-30T22:00:23.611326+00:00,2026-06-30T22:00:23.601396,2,2,70.05,0.1,70.0,80,69.5,500,,,,,,,,,,,,,,,,,70.1,625,70.2,200,,,,,,,,,,,,,,,,
2026-06-30T22:00:23.725066+00:00,2026-06-30T22:00:23.718790,1,2,70.05,0.1,70.0,80,,,,,,,,,,,,,,,,,,,70.1,625,70.2,200,,,,,,,,,,,,,,,,
2026-06-30T22:00:23.735489+00:00,2026-06-30T22:00:23.734991,1,3,69.75,0.5,69.5,500,,,,,,,,,,,,,,,,,,,70.0,420,70.1,625,70.2,200,,,,,,,,,,,,,,
2026-06-30T22:00:23.787664+00:00,2026-06-30T22:00:23.786225,1,2,69.75,0.5,69.5,500,,,,,,,,,,,,,,,,,,,70.0,420,70.1,625,,,,,,,,,,,,,,,,
2026-06-30T22:00:23.798078+00:00,2026-06-30T22:00:23.792223,2,2,69.9,0.2,69.8,200,69.5,500,,,,,,,,,,,,,,,,,70.0,620,70.1,625,,,,,,,,,,,,,,,,
2026-06-30T22:00:24.358075+00:00,2026-06-30T22:00:24.356172,1,2,69.9,0.2,69.8,200,,,,,,,,,,,,,,,,,,,70.0,620,70.1,625,,,,,,,,,,,,,,,,
2026-06-30T22:00:24.368497+00:00,2026-06-30T22:00:24.363162,1,2,69.9,0.2,69.8,200,,,,,,,,,,,,,,,,,,,70.0,200,70.1,625,,,,,,,,,,,,,,,,
2026-06-30T22:00:24.378995+00:00,2026-06-30T22:00:24.376497,2,3,69.85,0.1,69.8,200,69.5,500,,,,,,,,,,,,,,,,,69.9,500,70.0,200,70.1,625,,,,,,,,,,,,,,
2026-06-30T22:00:24.513121+00:00,2026-06-30T22:00:24.511094,3,2,69.85,0.1,69.8,200,69.6,625,69.5,500,,,,,,,,,,,,,,,69.9,500,70.0,200,,,,,,,,,,,,,,,,
2026-06-30T22:00:24.533580+00:00,2026-06-30T22:00:24.527928,2,3,69.65,0.1,69.6,625,69.5,500,,,,,,,,,,,,,,,,,69.7,402,69.9,500,70.0,200,,,,,,,,,,,,,,
2026-06-30T22:00:24.965466+00:00,2026-06-30T22:00:24.959132,1,3,69.65,0.1,69.6,625,,,,,,,,,,,,,,,,,,,69.7,402,69.9,500,70.0,200,,,,,,,,,,,,,,
2026-06-30T22:00:24.975868+00:00,2026-06-30T22:00:24.971876,2,2,69.65,0.1,69.6,625,69.5,500,,,,,,,,,,,,,,,,,69.7,402,70.0,200,,,,,,,,,,,,,,,,
2026-06-30T22:00:24.986208+00:00,2026-06-30T22:00:24.977828,2,3,69.65,0.1,69.6,625,69.5,500,,,,,,,,,,,,,,,,,69.7,402,69.9,500,70.0,200,,,,,,,,,,,,,,
2026-06-30T22:00:25.006904+00:00,2026-06-30T22:00:25.002546,2,3,69.65,0.1,69.6,825,69.5,500,,,,,,,,,,,,,,,,,69.7,402,69.8,200,69.9,500,,,,,,,,,,,,,,
2026-06-30T22:00:25.562558+00:00,2026-06-30T22:00:25.561733,1,3,69.65,0.1,69.6,825,,,,,,,,,,,,,,,,,,,69.7,402,69.8,200,69.9,500,,,,,,,,,,,,,,
2026-06-30T22:00:25.572956+00:00,2026-06-30T22:00:25.568040,1,2,69.65,0.1,69.6,825,,,,,,,,,,,,,,,,,,,69.7,402,69.8,200,,,,,,,,,,,,,,,,
2026-06-30T22:00:25.583406+00:00,2026-06-30T22:00:25.579797,2,3,69.65,0.1,69.6,825,69.5,500,,,,,,,,,,,,,,,,,69.7,402,69.8,200,70.0,500,,,,,,,,,,,,,,
2026-06-30T22:00:25.820546+00:00,2026-06-30T22:00:25.819770,2,2,69.7,0.2,69.6,200,69.5,500,,,,,,,,,,,,,,,,,69.8,200,70.0,500,,,,,,,,,,,,,,,,
2026-06-30T22:00:25.830945+00:00,2026-06-30T22:00:25.824064,2,3,69.65,0.1,69.6,200,69.5,1125,,,,,,,,,,,,,,,,,69.7,625,69.8,200,70.0,500,,,,,,,,,,,,,,
2026-06-30T22:00:26.170839+00:00,2026-06-30T22:00:26.164401,2,3,69.65,0.1,69.6,200,69.5,625,,,,,,,,,,,,,,,,,69.7,625,69.8,200,70.0,500,,,,,,,,,,,,,,
2026-06-30T22:00:26.181260+00:00,2026-06-30T22:00:26.180120,2,2,69.65,0.1,69.6,700,69.5,625,,,,,,,,,,,,,,,,,69.7,625,69.8,200,,,,,,,,,,,,,,,,
2026-06-30T22:00:26.191732+00:00,2026-06-30T22:00:26.186705,2,3,69.65,0.1,69.6,700,69.5,625,,,,,,,,,,,,,,,,,69.7,625,69.8,200,70.0,500,,,,,,,,,,,,,,
2026-06-30T22:00:26.212636+00:00,2026-06-30T22:00:26.208368,2,3,69.65,0.1,69.6,500,69.5,625,,,,,,,,,,,,,,,,,69.7,625,69.8,200,70.0,500,,,,,,,,,,,,,,
2026-06-30T22:00:26.223131+00:00,2026-06-30T22:00:26.220208,2,2,69.65,0.1,69.6,500,69.5,825,,,,,,,,,,,,,,,,,69.7,825,70.0,500,,,,,,,,,,,,,,,,
2026-06-30T22:00:26.768722+00:00,2026-06-30T22:00:26.767917,1,2,69.6,0.2,69.5,825,,,,,,,,,,,,,,,,,,,69.7,825,70.0,500,,,,,,,,,,,,,,,,
2026-06-30T22:00:26.779058+00:00,2026-06-30T22:00:26.775146,1,1,69.6,0.2,69.5,825,,,,,,,,,,,,,,,,,,,69.7,825,,,,,,,,,,,,,,,,,,
2026-06-30T22:00:26.789505+00:00,2026-06-30T22:00:26.786481,2,2,69.65,0.1,69.6,500,69.5,825,,,,,,,,,,,,,,,,,69.7,825,70.0,500,,,,,,,,,,,,,,,,
2026-06-30T22:00:27.046736+00:00,2026-06-30T22:00:27.039587,2,2,69.65,0.1,69.6,500,69.5,825,,,,,,,,,,,,,,,,,69.7,795,70.0,500,,,,,,,,,,,,,,,,
2026-06-30T22:00:27.129149+00:00,2026-06-30T22:00:27.128093,2,2,69.65,0.1,69.6,500,69.5,200,,,,,,,,,,,,,,,,,69.7,200,70.0,500,,,,,,,,,,,,,,,,
2026-06-30T22:00:27.139519+00:00,2026-06-30T22:00:27.131635,2,2,69.65,0.1,69.6,1125,69.5,200,,,,,,,,,,,,,,,,,69.7,825,70.0,500,,,,,,,,,,,,,,,,
2026-06-30T22:00:27.377253+00:00,2026-06-30T22:00:27.370297,2,2,69.65,0.1,69.6,625,69.5,200,,,,,,,,,,,,,,,,,69.7,825,70.0,500,,,,,,,,,,,,,,,,
2026-06-30T22:00:27.387694+00:00,2026-06-30T22:00:27.383383,2,1,69.65,0.1,69.6,1125,69.5,200,,,,,,,,,,,,,,,,,69.7,825,,,,,,,,,,,,,,,,,,
2026-06-30T22:00:27.398153+00:00,2026-06-30T22:00:27.389407,2,2,69.65,0.1,69.6,1125,69.5,200,,,,,,,,,,,,,,,,,69.7,825,70.1,500,,,,,,,,,,,,,,,,
2026-06-30T22:00:27.429452+00:00,2026-06-30T22:00:27.428489,1,2,69.65,0.1,69.6,1125,,,,,,,,,,,,,,,,,,,69.7,625,70.1,500,,,,,,,,,,,,,,,,
2026-06-30T22:00:27.439885+00:00,2026-06-30T22:00:27.433355,1,2,69.65,0.1,69.6,1325,,,,,,,,,,,,,,,,,,,69.7,825,70.1,500,,,,,,,,,,,,,,,,
2026-06-30T22:00:27.974922+00:00,2026-06-30T22:00:27.973516,1,2,69.65,0.1,69.6,825,,,,,,,,,,,,,,,,,,,69.7,825,70.1,500,,,,,,,,,,,,,,,,
2026-06-30T22:00:27.985259+00:00,2026-06-30T22:00:27.984708,1,1,69.65,0.1,69.6,1325,,,,,,,,,,,,,,,,,,,69.7,825,,,,,,,,,,,,,,,,,,
2026-06-30T22:00:27.995726+00:00,2026-06-30T22:00:27.991053,1,2,69.65,0.1,69.6,1325,,,,,,,,,,,,,,,,,,,69.7,825,70.0,500,,,,,,,,,,,,,,,,
2026-06-30T22:00:28.439036+00:00,2026-06-30T22:00:28.438951,1,3,69.65,0.1,69.6,1325,,,,,,,,,,,,,,,,,,,69.7,200,69.8,625,70.0,500,,,,,,,,,,,,,,
2026-06-30T22:00:28.582953+00:00,2026-06-30T22:00:28.582511,1,2,69.65,0.1,69.6,825,,,,,,,,,,,,,,,,,,,69.7,200,69.8,625,,,,,,,,,,,,,,,,
2026-06-30T22:00:28.593361+00:00,2026-06-30T22:00:28.592736,1,3,69.65,0.1,69.6,1325,,,,,,,,,,,,,,,,,,,69.7,200,69.8,625,70.1,500,,,,,,,,,,,,,,
2026-06-30T22:00:28.635153+00:00,2026-06-30T22:00:28.634773,1,3,69.65,0.1,69.6,1125,,,,,,,,,,,,,,,,,,,69.7,200,69.8,625,70.1,500,,,,,,,,,,,,,,
2026-06-30T22:00:28.645596+00:00,2026-06-30T22:00:28.640292,1,2,69.7,0.2,69.6,1325,,,,,,,,,,,,,,,,,,,69.8,825,70.1,500,,,,,,,,,,,,,,,,
2026-06-30T22:00:28.840771+00:00,2026-06-30T22:00:28.831165,1,2,69.7,0.2,69.6,1325,,,,,,,,,,,,,,,,,,,69.8,805,70.1,500,,,,,,,,,,,,,,,,
2026-06-30T22:00:29.181974+00:00,2026-06-30T22:00:29.180061,1,2,69.7,0.2,69.6,825,,,,,,,,,,,,,,,,,,,69.8,805,70.1,500,,,,,,,,,,,,,,,,
2026-06-30T22:00:29.192261+00:00,2026-06-30T22:00:29.189505,1,1,69.7,0.2,69.6,825,,,,,,,,,,,,,,,,,,,69.8,805,,,,,,,,,,,,,,,,,,
2026-06-30T22:00:29.202632+00:00,2026-06-30T22:00:29.199329,1,2,69.7,0.2,69.6,1325,,,,,,,,,,,,,,,,,,,69.8,805,70.1,500,,,,,,,,,,,,,,,,
2026-06-30T22:00:29.746635+00:00,2026-06-30T22:00:29.746134,2,2,69.75,0.1,69.7,625,69.6,700,,,,,,,,,,,,,,,,,69.8,200,70.1,500,,,,,,,,,,,,,,,,
2026-06-30T22:00:29.757055+00:00,2026-06-30T22:00:29.747203,2,3,69.75,0.1,69.7,625,69.6,700,,,,,,,,,,,,,,,,,69.8,200,69.9,625,70.1,500,,,,,,,,,,,,,,
2026-06-30T22:00:29.787817+00:00,2026-06-30T22:00:29.781319,2,3,69.75,0.1,69.7,625,69.6,200,,,,,,,,,,,,,,,,,69.8,200,69.9,625,70.1,500,,,,,,,,,,,,,,
2026-06-30T22:00:29.798140+00:00,2026-06-30T22:00:29.794355,2,2,69.75,0.1,69.7,625,69.6,700,,,,,,,,,,,,,,,,,69.8,200,69.9,625,,,,,,,,,,,,,,,,
2026-06-30T22:00:29.808462+00:00,2026-06-30T22:00:29.800205,2,3,69.75,0.1,69.7,625,69.6,700,,,,,,,,,,,,,,,,,69.8,200,69.9,625,70.1,500,,,,,,,,,,,,,,
2026-06-30T22:00:29.849681+00:00,2026-06-30T22:00:29.849422,2,2,69.8,0.2,69.7,625,69.6,700,,,,,,,,,,,,,,,,,69.9,625,70.1,500,,,,,,,,,,,,,,,,
2026-06-30T22:00:29.859993+00:00,2026-06-30T22:00:29.850781,2,3,69.75,0.1,69.7,625,69.6,700,,,,,,,,,,,,,,,,,69.8,200,69.9,625,70.1,500,,,,,,,,,,,,,,
2026-06-30T22:00:30.422889+00:00,2026-06-30T22:00:30.420488,2,2,69.75,0.1,69.7,625,69.6,200,,,,,,,,,,,,,,,,,69.8,200,69.9,625,,,,,,,,,,,,,,,,
2026-06-30T22:00:30.433312+00:00,2026-06-30T22:00:30.431746,2,3,69.75,0.1,69.7,625,69.6,700,,,,,,,,,,,,,,,,,69.8,200,69.9,625,70.1,500,,,,,,,,,,,,,,
2026-06-30T22:00:30.443756+00:00,2026-06-30T22:00:30.440483,2,3,69.75,0.1,69.7,605,69.6,700,,,,,,,,,,,,,,,,,69.8,200,69.9,625,70.1,500,,,,,,,,,,,,,,
2026-06-30T22:00:30.608376+00:00,2026-06-30T22:00:30.602838,2,3,69.75,0.1,69.7,565,69.6,700,,,,,,,,,,,,,,,,,69.8,200,69.9,625,70.1,500,,,,,,,,,,,,,,
2026-06-30T22:00:30.773871+00:00,2026-06-30T22:00:30.765273,2,3,69.75,0.1,69.7,540,69.6,700,,,,,,,,,,,,,,,,,69.8,200,69.9,625,70.1,500,,,,,,,,,,,,,,
2026-06-30T22:00:31.022053+00:00,2026-06-30T22:00:31.016670,2,3,69.75,0.1,69.7,540,69.6,200,,,,,,,,,,,,,,,,,69.8,200,69.9,625,70.1,500,,,,,,,,,,,,,,
2026-06-30T22:00:31.032484+00:00,2026-06-30T22:00:31.024447,2,2,69.75,0.1,69.7,540,69.6,200,,,,,,,,,,,,,,,,,69.8,200,69.9,625,,,,,,,,,,,,,,,,
2026-06-30T22:00:31.042993+00:00,2026-06-30T22:00:31.038716,2,3,69.75,0.1,69.7,540,69.6,700,,,,,,,,,,,,,,,,,69.8,200,69.9,625,70.0,500,,,,,,,,,,,,,,
2026-06-30T22:00:31.063943+00:00,2026-06-30T22:00:31.060525,2,2,69.8,0.2,69.7,540,69.6,500,,,,,,,,,,,,,,,,,69.9,625,70.0,500,,,,,,,,,,,,,,,,
2026-06-30T22:00:31.074411+00:00,2026-06-30T22:00:31.072967,3,2,69.85,0.1,69.8,625,69.7,200,69.6,500,,,,,,,,,,,,,,,69.9,200,70.0,500,,,,,,,,,,,,,,,,
2026-06-30T22:00:31.084960+00:00,2026-06-30T22:00:31.074883,3,2,69.85,0.1,69.8,625,69.7,200,69.6,500,,,,,,,,,,,,,,,69.9,825,70.0,500,,,,,,,,,,,,,,,,
2026-06-30T22:00:31.301756+00:00,2026-06-30T22:00:31.300632,3,2,69.85,0.1,69.8,625,69.7,200,69.6,500,,,,,,,,,,,,,,,69.9,820,70.0,500,,,,,,,,,,,,,,,,
2026-06-30T22:00:31.622516+00:00,2026-06-30T22:00:31.618110,2,2,69.85,0.1,69.8,625,69.7,200,,,,,,,,,,,,,,,,,69.9,820,70.0,500,,,,,,,,,,,,,,,,
2026-06-30T22:00:31.632955+00:00,2026-06-30T22:00:31.632741,3,1,69.85,0.1,69.8,625,69.7,200,69.6,500,,,,,,,,,,,,,,,69.9,820,,,,,,,,,,,,,,,,,,
2026-06-30T22:00:31.643432+00:00,2026-06-30T22:00:31.639663,3,2,69.85,0.1,69.8,625,69.7,200,69.6,500,,,,,,,,,,,,,,,69.9,820,70.0,500,,,,,,,,,,,,,,,,
2026-06-30T22:00:32.167897+00:00,2026-06-30T22:00:32.164988,3,2,69.85,0.1,69.8,605,69.7,200,69.6,500,,,,,,,,,,,,,,,69.9,820,70.0,500,,,,,,,,,,,,,,,,
2026-06-30T22:00:32.229422+00:00,2026-06-30T22:00:32.229002,2,1,69.85,0.1,69.8,605,69.7,200,,,,,,,,,,,,,,,,,69.9,820,,,,,,,,,,,,,,,,,,
2026-06-30T22:00:32.239904+00:00,2026-06-30T22:00:32.235818,3,1,69.85,0.1,69.8,605,69.7,200,69.6,500,,,,,,,,,,,,,,,69.9,820,,,,,,,,,,,,,,,,,,
2026-06-30T22:00:32.250477+00:00,2026-06-30T22:00:32.242513,3,2,69.85,0.1,69.8,605,69.7,200,69.6,500,,,,,,,,,,,,,,,69.9,820,70.0,500,,,,,,,,,,,,,,,,
2026-06-30T22:00:32.281786+00:00,2026-06-30T22:00:32.281354,2,2,69.85,0.1,69.8,605,69.6,700,,,,,,,,,,,,,,,,,69.9,625,70.0,500,,,,,,,,,,,,,,,,
2026-06-30T22:00:32.292258+00:00,2026-06-30T22:00:32.285678,2,2,69.85,0.1,69.8,405,69.6,700,,,,,,,,,,,,,,,,,69.9,625,70.0,500,,,,,,,,,,,,,,,,
2026-06-30T22:00:32.385426+00:00,2026-06-30T22:00:32.383262,1,2,69.65,0.1,69.6,1325,,,,,,,,,,,,,,,,,,,69.7,575,70.0,500,,,,,,,,,,,,,,,,
2026-06-30T22:00:32.447896+00:00,2026-06-30T22:00:32.442763,1,2,69.65,0.1,69.6,1325,,,,,,,,,,,,,,,,,,,69.7,530,70.0,500,,,,,,,,,,,,,,,,
2026-06-30T22:00:32.829143+00:00,2026-06-30T22:00:32.828752,1,1,69.65,0.1,69.6,825,,,,,,,,,,,,,,,,,,,69.7,530,,,,,,,,,,,,,,,,,,
2026-06-30T22:00:32.839668+00:00,2026-06-30T22:00:32.839291,1,2,69.65,0.1,69.6,1325,,,,,,,,,,,,,,,,,,,69.7,530,70.0,500,,,,,,,,,,,,,,,,
2026-06-30T22:00:33.426430+00:00,2026-06-30T22:00:33.426192,1,2,69.65,0.1,69.6,825,,,,,,,,,,,,,,,,,,,69.7,530,70.0,500,,,,,,,,,,,,,,,,
2026-06-30T22:00:33.436824+00:00,2026-06-30T22:00:33.432350,1,1,69.65,0.1,69.6,825,,,,,,,,,,,,,,,,,,,69.7,530,,,,,,,,,,,,,,,,,,
2026-06-30T22:00:33.447233+00:00,2026-06-30T22:00:33.445536,1,2,69.65,0.1,69.6,1325,,,,,,,,,,,,,,,,,,,69.7,530,70.0,500,,,,,,,,,,,,,,,,
2026-06-30T22:00:33.488676+00:00,2026-06-30T22:00:33.488599,1,2,69.65,0.1,69.6,1125,,,,,,,,,,,,,,,,,,,69.7,530,70.0,500,,,,,,,,,,,,,,,,
2026-06-30T22:00:33.499051+00:00,2026-06-30T22:00:33.493658,1,3,69.65,0.1,69.6,1125,,,,,,,,,,,,,,,,,,,69.7,330,69.9,200,70.0,500,,,,,,,,,,,,,,
2026-06-30T22:00:33.693271+00:00,2026-06-30T22:00:33.689594,2,2,69.8,0.2,69.7,625,69.6,500,,,,,,,,,,,,,,,,,69.9,825,70.0,500,,,,,,,,,,,,,,,,
2026-06-30T22:00:34.032557+00:00,2026-06-30T22:00:34.029609,1,2,69.8,0.2,69.7,625,,,,,,,,,,,,,,,,,,,69.9,825,70.0,500,,,,,,,,,,,,,,,,
2026-06-30T22:00:34.042954+00:00,2026-06-30T22:00:34.042118,2,1,69.8,0.2,69.7,625,69.5,500,,,,,,,,,,,,,,,,,69.9,825,,,,,,,,,,,,,,,,,,
2026-06-30T22:00:34.053383+00:00,2026-06-30T22:00:34.047888,2,2,69.8,0.2,69.7,625,69.5,500,,,,,,,,,,,,,,,,,69.9,825,70.0,500,,,,,,,,,,,,,,,,
2026-06-30T22:00:34.643991+00:00,2026-06-30T22:00:34.640155,1,1,69.8,0.2,69.7,625,,,,,,,,,,,,,,,,,,,69.9,825,,,,,,,,,,,,,,,,,,
2026-06-30T22:00:34.654309+00:00,2026-06-30T22:00:34.650724,2,2,69.8,0.2,69.7,625,69.6,500,,,,,,,,,,,,,,,,,69.9,825,70.0,500,,,,,,,,,,,,,,,,
2026-06-30T22:00:34.705837+00:00,2026-06-30T22:00:34.703973,2,2,69.8,0.2,69.7,825,69.6,500,,,,,,,,,,,,,,,,,69.9,825,70.0,500,,,,,,,,,,,,,,,,
2026-06-30T22:00:34.995247+00:00,2026-06-30T22:00:34.994637,2,2,69.8,0.2,69.7,200,69.6,1125,,,,,,,,,,,,,,,,,69.9,200,70.0,500,,,,,,,,,,,,,,,,
2026-06-30T22:00:35.005640+00:00,2026-06-30T22:00:34.996027,2,3,69.75,0.1,69.7,200,69.6,1125,,,,,,,,,,,,,,,,,69.8,625,69.9,200,70.0,500,,,,,,,,,,,,,,
2026-06-30T22:00:35.242872+00:00,2026-06-30T22:00:35.242481,2,2,69.75,0.1,69.7,200,69.6,625,,,,,,,,,,,,,,,,,69.8,625,69.9,200,,,,,,,,,,,,,,,,
2026-06-30T22:00:35.253275+00:00,2026-06-30T22:00:35.249758,2,2,69.75,0.1,69.7,200,69.6,1125,,,,,,,,,,,,,,,,,69.8,625,69.9,200,,,,,,,,,,,,,,,,
2026-06-30T22:00:35.263622+00:00,2026-06-30T22:00:35.256321,2,3,69.75,0.1,69.7,200,69.6,1125,,,,,,,,,,,,,,,,,69.8,625,69.9,200,70.0,500,,,,,,,,,,,,,,
2026-06-30T22:00:35.838053+00:00,2026-06-30T22:00:35.836313,2,3,69.75,0.1,69.7,200,69.6,625,,,,,,,,,,,,,,,,,69.8,625,69.9,200,70.0,500,,,,,,,,,,,,,,
2026-06-30T22:00:35.848391+00:00,2026-06-30T22:00:35.843059,2,2,69.75,0.1,69.7,200,69.6,625,,,,,,,,,,,,,,,,,69.8,625,69.9,200,,,,,,,,,,,,,,,,
2026-06-30T22:00:35.858770+00:00,2026-06-30T22:00:35.854616,2,3,69.75,0.1,69.7,200,69.6,1125,,,,,,,,,,,,,,,,,69.8,625,69.9,200,70.0,500,,,,,,,,,,,,,,
2026-06-30T22:00:35.910211+00:00,2026-06-30T22:00:35.908415,1,2,69.7,0.2,69.6,1125,,,,,,,,,,,,,,,,,,,69.8,625,70.0,500,,,,,,,,,,,,,,,,
2026-06-30T22:00:35.920494+00:00,2026-06-30T22:00:35.912096,2,2,69.75,0.1,69.7,200,69.6,1125,,,,,,,,,,,,,,,,,69.8,825,70.0,500,,,,,,,,,,,,,,,,
2026-06-30T22:00:36.299510+00:00,2026-06-30T22:00:36.298817,2,2,69.75,0.1,69.7,200,69.6,500,,,,,,,,,,,,,,,,,69.8,825,70.0,500,,,,,,,,,,,,,,,,
2026-06-30T22:00:36.309774+00:00,2026-06-30T22:00:36.304340,2,2,69.75,0.1,69.7,825,69.6,500,,,,,,,,,,,,,,,,,69.8,825,70.0,500,,,,,,,,,,,,,,,,
2026-06-30T22:00:36.474325+00:00,2026-06-30T22:00:36.472198,1,1,69.75,0.1,69.7,825,,,,,,,,,,,,,,,,,,,69.8,825,,,,,,,,,,,,,,,,,,
2026-06-30T22:00:36.484628+00:00,2026-06-30T22:00:36.483612,2,2,69.75,0.1,69.7,825,69.6,500,,,,,,,,,,,,,,,,,69.8,825,70.0,500,,,,,,,,,,,,,,,,
2026-06-30T22:00:37.069694+00:00,2026-06-30T22:00:37.069622,1,2,69.75,0.1,69.7,825,,,,,,,,,,,,,,,,,,,69.8,825,70.0,500,,,,,,,,,,,,,,,,
2026-06-30T22:00:37.079981+00:00,2026-06-30T22:00:37.077062,1,1,69.75,0.1,69.7,825,,,,,,,,,,,,,,,,,,,69.8,825,,,,,,,,,,,,,,,,,,
2026-06-30T22:00:37.090414+00:00,2026-06-30T22:00:37.088742,2,2,69.75,0.1,69.7,825,69.6,500,,,,,,,,,,,,,,,,,69.8,825,70.1,500,,,,,,,,,,,,,,,,
2026-06-30T22:00:37.121549+00:00,2026-06-30T22:00:37.120379,2,3,69.75,0.1,69.7,825,69.6,500,,,,,,,,,,,,,,,,,69.8,625,69.9,200,70.1,500,,,,,,,,,,,,,,
2026-06-30T22:00:37.409182+00:00,2026-06-30T22:00:37.402461,2,3,69.75,0.1,69.7,810,69.6,500,,,,,,,,,,,,,,,,,69.8,625,69.9,200,70.1,500,,,,,,,,,,,,,,
2026-06-30T22:00:37.573665+00:00,2026-06-30T22:00:37.567032,2,3,69.75,0.1,69.7,780,69.6,500,,,,,,,,,,,,,,,,,69.8,625,69.9,200,70.1,500,,,,,,,,,,,,,,
2026-06-30T22:00:37.614780+00:00,2026-06-30T22:00:37.610715,2,3,69.75,0.1,69.7,200,69.6,1125,,,,,,,,,,,,,,,,,69.8,625,69.9,200,70.1,500,,,,,,,,,,,,,,
2026-06-30T22:00:37.676788+00:00,2026-06-30T22:00:37.671940,2,3,69.75,0.1,69.7,200,69.6,625,,,,,,,,,,,,,,,,,69.8,625,69.9,200,70.1,500,,,,,,,,,,,,,,
2026-06-30T22:00:37.687226+00:00,2026-06-30T22:00:37.684106,2,2,69.75,0.1,69.7,200,69.6,1125,,,,,,,,,,,,,,,,,69.8,625,69.9,200,,,,,,,,,,,,,,,,
2026-06-30T22:00:37.697668+00:00,2026-06-30T22:00:37.691383,2,3,69.75,0.1,69.7,200,69.6,1125,,,,,,,,,,,,,,,,,69.8,625,69.9,200,70.1,500,,,,,,,,,,,,,,
2026-06-30T22:00:37.728779+00:00,2026-06-30T22:00:37.727882,2,3,69.75,0.1,69.7,180,69.6,1125,,,,,,,,,,,,,,,,,69.8,625,69.9,200,70.1,500,,,,,,,,,,,,,,
2026-06-30T22:00:38.276127+00:00,2026-06-30T22:00:38.275011,2,3,69.75,0.1,69.7,180,69.6,625,,,,,,,,,,,,,,,,,69.8,625,69.9,200,70.1,500,,,,,,,,,,,,,,
2026-06-30T22:00:38.286391+00:00,2026-06-30T22:00:38.281900,2,2,69.75,0.1,69.7,180,69.6,625,,,,,,,,,,,,,,,,,69.8,625,69.9,200,,,,,,,,,,,,,,,,
2026-06-30T22:00:38.296734+00:00,2026-06-30T22:00:38.294842,2,3,69.75,0.1,69.7,680,69.6,625,,,,,,,,,,,,,,,,,69.8,625,69.9,200,70.1,500,,,,,,,,,,,,,,
2026-06-30T22:00:38.327697+00:00,2026-06-30T22:00:38.326309,2,2,69.75,0.1,69.7,500,69.6,625,,,,,,,,,,,,,,,,,69.8,625,70.1,500,,,,,,,,,,,,,,,,
2026-06-30T22:00:38.338001+00:00,2026-06-30T22:00:38.331303,2,2,69.75,0.1,69.7,700,69.6,625,,,,,,,,,,,,,,,,,69.8,825,70.1,500,,,,,,,,,,,,,,,,
2026-06-30T22:00:38.451105+00:00,2026-06-30T22:00:38.444426,2,2,69.75,0.1,69.7,700,69.6,625,,,,,,,,,,,,,,,,,69.8,795,70.1,500,,,,,,,,,,,,,,,,
2026-06-30T22:00:38.615344+00:00,2026-06-30T22:00:38.607026,2,2,69.75,0.1,69.7,700,69.6,625,,,,,,,,,,,,,,,,,69.8,775,70.1,500,,,,,,,,,,,,,,,,
2026-06-30T22:00:38.883358+00:00,2026-06-30T22:00:38.877694,2,2,69.75,0.1,69.7,200,69.6,625,,,,,,,,,,,,,,,,,69.8,775,70.1,500,,,,,,,,,,,,,,,,
2026-06-30T22:00:38.893849+00:00,2026-06-30T22:00:38.891539,2,1,69.75,0.1,69.7,700,69.6,625,,,,,,,,,,,,,,,,,69.8,775,,,,,,,,,,,,,,,,,,
2026-06-30T22:00:38.904293+00:00,2026-06-30T22:00:38.896839,2,2,69.75,0.1,69.7,700,69.6,625,,,,,,,,,,,,,,,,,69.8,775,70.1,500,,,,,,,,,,,,,,,,
2026-06-30T22:00:38.914709+00:00,2026-06-30T22:00:38.914238,1,2,69.75,0.1,69.7,700,,,,,,,,,,,,,,,,,,,69.8,200,70.1,500,,,,,,,,,,,,,,,,
2026-06-30T22:00:38.924986+00:00,2026-06-30T22:00:38.918422,2,2,69.9,0.2,69.8,425,69.7,700,,,,,,,,,,,,,,,,,70.0,625,70.1,500,,,,,,,,,,,,,,,,
2026-06-30T22:00:39.482976+00:00,2026-06-30T22:00:39.479784,2,2,69.9,0.2,69.8,425,69.7,200,,,,,,,,,,,,,,,,,70.0,625,70.1,500,,,,,,,,,,,,,,,,
2026-06-30T22:00:39.493397+00:00,2026-06-30T22:00:39.490507,2,1,69.9,0.2,69.8,425,69.7,700,,,,,,,,,,,,,,,,,70.0,625,,,,,,,,,,,,,,,,,,
2026-06-30T22:00:39.503820+00:00,2026-06-30T22:00:39.495755,2,2,69.9,0.2,69.8,425,69.7,700,,,,,,,,,,,,,,,,,70.0,625,70.1,500,,,,,,,,,,,,,,,,
2026-06-30T22:00:39.534679+00:00,2026-06-30T22:00:39.533909,2,2,69.9,0.2,69.8,425,69.7,500,,,,,,,,,,,,,,,,,70.0,625,70.1,500,,,,,,,,,,,,,,,,
2026-06-30T22:00:39.544999+00:00,2026-06-30T22:00:39.537264,2,2,69.9,0.2,69.8,625,69.7,500,,,,,,,,,,,,,,,,,70.0,825,70.1,500,,,,,,,,,,,,,,,,
2026-06-30T22:00:39.966393+00:00,2026-06-30T22:00:39.965382,2,2,69.9,0.2,69.8,605,69.7,500,,,,,,,,,,,,,,,,,70.0,825,70.1,500,,,,,,,,,,,,,,,,
2026-06-30T22:00:40.090280+00:00,2026-06-30T22:00:40.089375,1,1,69.9,0.2,69.8,605,,,,,,,,,,,,,,,,,,,70.0,825,,,,,,,,,,,,,,,,,,
2026-06-30T22:00:40.100738+00:00,2026-06-30T22:00:40.096548,2,1,69.9,0.2,69.8,605,69.7,500,,,,,,,,,,,,,,,,,70.0,825,,,,,,,,,,,,,,,,,,
2026-06-30T22:00:40.111202+00:00,2026-06-30T22:00:40.102528,2,2,69.9,0.2,69.8,605,69.7,500,,,,,,,,,,,,,,,,,70.0,825,70.2,500,,,,,,,,,,,,,,,,
2026-06-30T22:00:40.224555+00:00,2026-06-30T22:00:40.223204,3,2,69.9,0.2,69.8,200,69.7,500,69.6,625,,,,,,,,,,,,,,,70.0,200,70.2,500,,,,,,,,,,,,,,,,
2026-06-30T22:00:40.234974+00:00,2026-06-30T22:00:40.225796,2,3,69.75,0.1,69.7,500,69.6,625,,,,,,,,,,,,,,,,,69.8,425,70.0,200,70.2,500,,,,,,,,,,,,,,
2026-06-30T22:00:40.687714+00:00,2026-06-30T22:00:40.685270,1,3,69.7,0.2,69.6,625,,,,,,,,,,,,,,,,,,,69.8,425,70.0,200,70.2,500,,,,,,,,,,,,,,
2026-06-30T22:00:40.698084+00:00,2026-06-30T22:00:40.697765,2,2,69.75,0.1,69.7,500,69.6,625,,,,,,,,,,,,,,,,,69.8,425,70.0,200,,,,,,,,,,,,,,,,
2026-06-30T22:00:40.708486+00:00,2026-06-30T22:00:40.703202,2,3,69.75,0.1,69.7,500,69.6,625,,,,,,,,,,,,,,,,,69.8,425,70.0,200,70.1,500,,,,,,,,,,,,,,
2026-06-30T22:00:40.749932+00:00,2026-06-30T22:00:40.744223,2,3,69.75,0.1,69.7,500,69.6,625,,,,,,,,,,,,,,,,,69.8,225,70.0,200,70.1,500,,,,,,,,,,,,,,
2026-06-30T22:00:40.853025+00:00,2026-06-30T22:00:40.844034,2,3,69.75,0.1,69.7,500,69.6,625,,,,,,,,,,,,,,,,,69.8,210,70.0,200,70.1,500,,,,,,,,,,,,,,
2026-06-30T22:00:41.297833+00:00,2026-06-30T22:00:41.296167,1,2,69.7,0.2,69.6,625,,,,,,,,,,,,,,,,,,,69.8,210,70.0,200,,,,,,,,,,,,,,,,
2026-06-30T22:00:41.308289+00:00,2026-06-30T22:00:41.302729,2,2,69.75,0.1,69.7,500,69.6,625,,,,,,,,,,,,,,,,,69.8,210,70.0,200,,,,,,,,,,,,,,,,
2026-06-30T22:00:41.318737+00:00,2026-06-30T22:00:41.309408,2,3,69.75,0.1,69.7,500,69.6,625,,,,,,,,,,,,,,,,,69.8,210,70.0,200,70.1,500,,,,,,,,,,,,,,
2026-06-30T22:00:41.534756+00:00,2026-06-30T22:00:41.533510,1,2,69.85,0.3,69.7,500,,,,,,,,,,,,,,,,,,,70.0,200,70.1,500,,,,,,,,,,,,,,,,
2026-06-30T22:00:41.545037+00:00,2026-06-30T22:00:41.544397,1,2,69.9,0.4,69.7,500,,,,,,,,,,,,,,,,,,,70.1,75,70.3,625,,,,,,,,,,,,,,,,
2026-06-30T22:00:41.895833+00:00,2026-06-30T22:00:41.893353,0,2,,,,,,,,,,,,,,,,,,,,,,,70.1,75,70.3,625,,,,,,,,,,,,,,,,
2026-06-30T22:00:41.906304+00:00,2026-06-30T22:00:41.899951,0,1,,,,,,,,,,,,,,,,,,,,,,,70.3,625,,,,,,,,,,,,,,,,,,
2026-06-30T22:00:41.916742+00:00,2026-06-30T22:00:41.913478,1,2,69.85,0.5,69.6,500,,,,,,,,,,,,,,,,,,,70.1,500,70.3,625,,,,,,,,,,,,,,,,
2026-06-30T22:00:41.970067+00:00,2026-06-30T22:00:41.964084,2,2,70.0,0.2,69.9,177,69.6,500,,,,,,,,,,,,,,,,,70.1,700,70.3,625,,,,,,,,,,,,,,,,
2026-06-30T22:00:42.534309+00:00,2026-06-30T22:00:42.530585,1,2,70.0,0.2,69.9,177,,,,,,,,,,,,,,,,,,,70.1,700,70.3,625,,,,,,,,,,,,,,,,
2026-06-30T22:00:42.544674+00:00,2026-06-30T22:00:42.538634,1,2,70.0,0.2,69.9,177,,,,,,,,,,,,,,,,,,,70.1,200,70.3,625,,,,,,,,,,,,,,,,
2026-06-30T22:00:42.555079+00:00,2026-06-30T22:00:42.551813,2,2,70.0,0.2,69.9,177,69.6,500,,,,,,,,,,,,,,,,,70.1,700,70.3,625,,,,,,,,,,,,,,,,
2026-06-30T22:00:42.719219+00:00,2026-06-30T22:00:42.718903,2,2,70.0,0.2,69.9,157,69.6,500,,,,,,,,,,,,,,,,,70.1,700,70.3,625,,,,,,,,,,,,,,,,
2026-06-30T22:00:42.852624+00:00,2026-06-30T22:00:42.850684,2,1,70.0,0.2,69.9,782,69.6,500,,,,,,,,,,,,,,,,,70.1,1325,,,,,,,,,,,,,,,,,,
2026-06-30T22:00:43.141201+00:00,2026-06-30T22:00:43.140339,1,1,70.0,0.2,69.9,782,,,,,,,,,,,,,,,,,,,70.1,825,,,,,,,,,,,,,,,,,,
2026-06-30T22:00:43.151659+00:00,2026-06-30T22:00:43.146162,2,1,70.0,0.2,69.9,782,69.7,500,,,,,,,,,,,,,,,,,70.1,825,,,,,,,,,,,,,,,,,,
2026-06-30T22:00:43.162103+00:00,2026-06-30T22:00:43.152152,2,1,70.0,0.2,69.9,782,69.7,500,,,,,,,,,,,,,,,,,70.1,1325,,,,,,,,,,,,,,,,,,
2026-06-30T22:00:43.172567+00:00,2026-06-30T22:00:43.172211,2,1,70.0,0.2,69.9,625,69.7,500,,,,,,,,,,,,,,,,,70.1,1125,,,,,,,,,,,,,,,,,,
2026-06-30T22:00:43.183093+00:00,2026-06-30T22:00:43.180419,2,1,70.0,0.2,69.9,825,69.7,500,,,,,,,,,,,,,,,,,70.1,1125,,,,,,,,,,,,,,,,,,
2026-06-30T22:00:43.193988+00:00,2026-06-30T22:00:43.183761,2,2,69.95,0.1,69.9,825,69.7,500,,,,,,,,,,,,,,,,,70.0,200,70.1,1125,,,,,,,,,,,,,,,,
2026-06-30T22:00:43.738131+00:00,2026-06-30T22:00:43.735534,1,2,69.95,0.1,69.9,825,,,,,,,,,,,,,,,,,,,70.0,200,70.1,1125,,,,,,,,,,,,,,,,
2026-06-30T22:00:43.748428+00:00,2026-06-30T22:00:43.746514,2,2,69.95,0.1,69.9,825,69.7,500,,,,,,,,,,,,,,,,,70.0,200,70.1,625,,,,,,,,,,,,,,,,
2026-06-30T22:00:43.758823+00:00,2026-06-30T22:00:43.754922,2,2,69.95,0.1,69.9,825,69.7,500,,,,,,,,,,,,,,,,,70.0,200,70.1,1125,,,,,,,,,,,,,,,,
2026-06-30T22:00:44.154110+00:00,2026-06-30T22:00:44.152462,2,2,69.95,0.1,69.9,200,69.7,500,,,,,,,,,,,,,,,,,70.0,200,70.1,1125,,,,,,,,,,,,,,,,
2026-06-30T22:00:44.164579+00:00,2026-06-30T22:00:44.160245,2,2,70.0,0.2,69.9,200,69.7,500,,,,,,,,,,,,,,,,,70.1,75,70.2,625,,,,,,,,,,,,,,,,
2026-06-30T22:00:44.340205+00:00,2026-06-30T22:00:44.338392,1,2,70.0,0.2,69.9,200,,,,,,,,,,,,,,,,,,,70.1,75,70.2,625,,,,,,,,,,,,,,,,
2026-06-30T22:00:44.350532+00:00,2026-06-30T22:00:44.345751,1,1,70.05,0.3,69.9,200,,,,,,,,,,,,,,,,,,,70.2,625,,,,,,,,,,,,,,,,,,
2026-06-30T22:00:44.360973+00:00,2026-06-30T22:00:44.357281,2,2,70.0,0.2,69.9,200,69.7,500,,,,,,,,,,,,,,,,,70.1,500,70.2,625,,,,,,,,,,,,,,,,
2026-06-30T22:00:44.392274+00:00,2026-06-30T22:00:44.387651,1,2,69.9,0.4,69.7,500,,,,,,,,,,,,,,,,,,,70.1,500,70.2,625,,,,,,,,,,,,,,,,
2026-06-30T22:00:44.402729+00:00,2026-06-30T22:00:44.394596,1,3,69.9,0.4,69.7,500,,,,,,,,,,,,,,,,,,,70.1,300,70.2,625,70.3,200,,,,,,,,,,,,,,
2026-06-30T22:00:44.946929+00:00,2026-06-30T22:00:44.941027,0,3,,,,,,,,,,,,,,,,,,,,,,,70.1,300,70.2,625,70.3,200,,,,,,,,,,,,,,
2026-06-30T22:00:44.957365+00:00,2026-06-30T22:00:44.953999,1,2,69.95,0.5,69.7,500,,,,,,,,,,,,,,,,,,,70.2,625,70.3,200,,,,,,,,,,,,,,,,
2026-06-30T22:00:44.967782+00:00,2026-06-30T22:00:44.960162,1,3,69.9,0.4,69.7,500,,,,,,,,,,,,,,,,,,,70.1,500,70.2,625,70.3,200,,,,,,,,,,,,,,
2026-06-30T22:00:45.472583+00:00,2026-06-30T22:00:45.465985,2,3,69.95,0.1,69.9,625,69.7,500,,,,,,,,,,,,,,,,,70.0,625,70.1,500,70.3,200,,,,,,,,,,,,,,
2026-06-30T22:00:45.544318+00:00,2026-06-30T22:00:45.543876,1,3,69.95,0.1,69.9,625,,,,,,,,,,,,,,,,,,,70.0,625,70.1,500,70.3,200,,,,,,,,,,,,,,
2026-06-30T22:00:45.554654+00:00,2026-06-30T22:00:45.549892,1,2,69.95,0.1,69.9,625,,,,,,,,,,,,,,,,,,,70.0,625,70.3,200,,,,,,,,,,,,,,,,
2026-06-30T22:00:45.565080+00:00,2026-06-30T22:00:45.560227,2,3,69.95,0.1,69.9,625,69.6,500,,,,,,,,,,,,,,,,,70.0,625,70.1,500,70.3,200,,,,,,,,,,,,,,
2026-06-30T22:00:45.606655+00:00,2026-06-30T22:00:45.605992,2,3,69.95,0.1,69.9,625,69.6,500,,,,,,,,,,,,,,,,,70.0,425,70.1,500,70.2,200,,,,,,,,,,,,,,
2026-06-30T22:00:46.151788+00:00,2026-06-30T22:00:46.151311,1,2,69.95,0.1,69.9,625,,,,,,,,,,,,,,,,,,,70.0,425,70.2,200,,,,,,,,,,,,,,,,
2026-06-30T22:00:46.162123+00:00,2026-06-30T22:00:46.161573,2,2,69.95,0.1,69.9,625,69.6,500,,,,,,,,,,,,,,,,,70.0,925,70.2,200,,,,,,,,,,,,,,,,
2026-06-30T22:00:46.755531+00:00,2026-06-30T22:00:46.749560,1,2,69.95,0.1,69.9,625,,,,,,,,,,,,,,,,,,,70.0,925,70.2,200,,,,,,,,,,,,,,,,
2026-06-30T22:00:46.765859+00:00,2026-06-30T22:00:46.762767,2,2,69.95,0.1,69.9,625,69.6,500,,,,,,,,,,,,,,,,,70.0,425,70.2,200,,,,,,,,,,,,,,,,
2026-06-30T22:00:46.776197+00:00,2026-06-30T22:00:46.774973,1,2,69.8,0.4,69.6,500,,,,,,,,,,,,,,,,,,,70.0,925,70.2,200,,,,,,,,,,,,,,,,
2026-06-30T22:00:46.786553+00:00,2026-06-30T22:00:46.780941,2,2,70.05,0.1,70.0,125,69.6,500,,,,,,,,,,,,,,,,,70.1,625,70.2,200,,,,,,,,,,,,,,,,
2026-06-30T22:00:46.817437+00:00,2026-06-30T22:00:46.814726,2,2,69.8,0.2,69.7,200,69.6,500,,,,,,,,,,,,,,,,,69.9,75,70.1,625,,,,,,,,,,,,,,,,
2026-06-30T22:00:47.361287+00:00,2026-06-30T22:00:47.360142,2,2,69.8,0.2,69.7,200,69.5,500,,,,,,,,,,,,,,,,,69.9,75,70.1,625,,,,,,,,,,,,,,,,
2026-06-30T22:00:47.371691+00:00,2026-06-30T22:00:47.366285,2,3,69.8,0.2,69.7,200,69.5,500,,,,,,,,,,,,,,,,,69.9,75,70.0,500,70.1,625,,,,,,,,,,,,,,
2026-06-30T22:00:47.957365+00:00,2026-06-30T22:00:47.955356,1,3,69.8,0.2,69.7,200,,,,,,,,,,,,,,,,,,,69.9,75,70.0,500,70.1,625,,,,,,,,,,,,,,
2026-06-30T22:00:47.967812+00:00,2026-06-30T22:00:47.962341,1,2,69.8,0.2,69.7,200,,,,,,,,,,,,,,,,,,,69.9,75,70.1,625,,,,,,,,,,,,,,,,
2026-06-30T22:00:47.978303+00:00,2026-06-30T22:00:47.975741,2,3,69.8,0.2,69.7,200,69.6,500,,,,,,,,,,,,,,,,,69.9,75,70.0,500,70.1,625,,,,,,,,,,,,,,
2026-06-30T22:00:48.029872+00:00,2026-06-30T22:00:48.028568,2,2,69.85,0.3,69.7,200,69.6,500,,,,,,,,,,,,,,,,,70.0,500,70.1,625,,,,,,,,,,,,,,,,
2026-06-30T22:00:48.040204+00:00,2026-06-30T22:00:48.032204,2,3,69.8,0.2,69.7,200,69.6,500,,,,,,,,,,,,,,,,,69.9,200,70.0,500,70.1,625,,,,,,,,,,,,,,
2026-06-30T22:00:48.091594+00:00,2026-06-30T22:00:48.090218,2,3,69.75,0.1,69.7,200,69.6,1125,,,,,,,,,,,,,,,,,69.8,625,69.9,200,70.0,500,,,,,,,,,,,,,,
2026-06-30T22:00:48.593905+00:00,2026-06-30T22:00:48.593802,2,2,69.75,0.1,69.7,200,69.6,625,,,,,,,,,,,,,,,,,69.8,625,69.9,200,,,,,,,,,,,,,,,,
2026-06-30T22:00:48.604205+00:00,2026-06-30T22:00:48.599559,2,2,69.75,0.1,69.7,200,69.6,1125,,,,,,,,,,,,,,,,,69.8,625,69.9,200,,,,,,,,,,,,,,,,
2026-06-30T22:00:48.614533+00:00,2026-06-30T22:00:48.605116,2,3,69.75,0.1,69.7,200,69.6,1125,,,,,,,,,,,,,,,,,69.8,625,69.9,200,70.0,500,,,,,,,,,,,,,,
2026-06-30T22:00:49.194943+00:00,2026-06-30T22:00:49.191477,2,3,69.75,0.1,69.7,200,69.6,625,,,,,,,,,,,,,,,,,69.8,625,69.9,200,70.0,500,,,,,,,,,,,,,,
2026-06-30T22:00:49.205626+00:00,2026-06-30T22:00:49.200116,2,2,69.75,0.1,69.7,200,69.6,625,,,,,,,,,,,,,,,,,69.8,625,69.9,200,,,,,,,,,,,,,,,,
2026-06-30T22:00:49.215987+00:00,2026-06-30T22:00:49.213137,2,3,69.75,0.1,69.7,200,69.6,1125,,,,,,,,,,,,,,,,,69.8,625,69.9,200,70.0,500,,,,,,,,,,,,,,
2026-06-30T22:00:49.236679+00:00,2026-06-30T22:00:49.235589,1,3,69.7,0.2,69.6,1125,,,,,,,,,,,,,,,,,,,69.8,625,69.9,200,70.0,500,,,,,,,,,,,,,,
2026-06-30T22:00:49.247026+00:00,2026-06-30T22:00:49.242737,1,2,69.7,0.2,69.6,1125,,,,,,,,,,,,,,,,,,,69.8,425,70.0,500,,,,,,,,,,,,,,,,
2026-06-30T22:00:49.257434+00:00,2026-06-30T22:00:49.247622,1,3,69.7,0.2,69.6,1125,,,,,,,,,,,,,,,,,,,69.8,425,69.9,200,70.0,500,,,,,,,,,,,,,,
2026-06-30T22:00:49.401420+00:00,2026-06-30T22:00:49.398893,1,3,69.7,0.2,69.6,1125,,,,,,,,,,,,,,,,,,,69.8,625,69.9,200,70.0,500,,,,,,,,,,,,,,
2026-06-30T22:00:49.801751+00:00,2026-06-30T22:00:49.799339,1,2,69.7,0.2,69.6,625,,,,,,,,,,,,,,,,,,,69.8,625,69.9,200,,,,,,,,,,,,,,,,
2026-06-30T22:00:49.812079+00:00,2026-06-30T22:00:49.811513,2,2,69.7,0.2,69.6,625,69.5,500,,,,,,,,,,,,,,,,,69.8,625,69.9,700,,,,,,,,,,,,,,,,
2026-06-30T22:00:50.396694+00:00,2026-06-30T22:00:50.396074,1,2,69.7,0.2,69.6,625,,,,,,,,,,,,,,,,,,,69.8,625,69.9,700,,,,,,,,,,,,,,,,
2026-06-30T22:00:50.406963+00:00,2026-06-30T22:00:50.404953,2,2,69.7,0.2,69.6,625,69.5,500,,,,,,,,,,,,,,,,,69.8,625,69.9,200,,,,,,,,,,,,,,,,
2026-06-30T22:00:50.417266+00:00,2026-06-30T22:00:50.410660,2,3,69.7,0.2,69.6,625,69.5,500,,,,,,,,,,,,,,,,,69.8,625,69.9,200,70.0,500,,,,,,,,,,,,,,
2026-06-30T22:00:50.458426+00:00,2026-06-30T22:00:50.455876,3,3,69.75,0.1,69.7,200,69.6,625,69.5,500,,,,,,,,,,,,,,,69.8,625,69.9,200,70.0,500,,,,,,,,,,,,,,
2026-06-30T22:00:50.703872+00:00,2026-06-30T22:00:50.703374,2,2,69.8,0.2,69.7,200,69.5,500,,,,,,,,,,,,,,,,,69.9,200,70.0,500,,,,,,,,,,,,,,,,
2026-06-30T22:00:50.714243+00:00,2026-06-30T22:00:50.707038,2,2,69.8,0.2,69.7,825,69.5,500,,,,,,,,,,,,,,,,,69.9,825,70.0,500,,,,,,,,,,,,,,,,
2026-06-30T22:00:51.002622+00:00,2026-06-30T22:00:50.998638,1,2,69.8,0.2,69.7,825,,,,,,,,,,,,,,,,,,,69.9,825,70.0,500,,,,,,,,,,,,,,,,
2026-06-30T22:00:51.013067+00:00,2026-06-30T22:00:51.012234,2,1,69.8,0.2,69.7,825,69.6,500,,,,,,,,,,,,,,,,,69.9,825,,,,,,,,,,,,,,,,,,
2026-06-30T22:00:51.023550+00:00,2026-06-30T22:00:51.019254,2,2,69.8,0.2,69.7,825,69.6,500,,,,,,,,,,,,,,,,,69.9,825,70.0,500,,,,,,,,,,,,,,,,
2026-06-30T22:00:51.343587+00:00,2026-06-30T22:00:51.335258,2,2,69.8,0.2,69.7,820,69.6,500,,,,,,,,,,,,,,,,,69.9,825,70.0,500,,,,,,,,,,,,,,,,
2026-06-30T22:00:51.509176+00:00,2026-06-30T22:00:51.499654,2,2,69.8,0.2,69.7,810,69.6,500,,,,,,,,,,,,,,,,,69.9,825,70.0,500,,,,,,,,,,,,,,,,
2026-06-30T22:00:51.602127+00:00,2026-06-30T22:00:51.600128,1,2,69.8,0.2,69.7,810,,,,,,,,,,,,,,,,,,,69.9,825,70.0,500,,,,,,,,,,,,,,,,
2026-06-30T22:00:51.612499+00:00,2026-06-30T22:00:51.608214,1,1,69.8,0.2,69.7,810,,,,,,,,,,,,,,,,,,,69.9,825,,,,,,,,,,,,,,,,,,
2026-06-30T22:00:51.622922+00:00,2026-06-30T22:00:51.621364,2,2,69.8,0.2,69.7,810,69.6,500,,,,,,,,,,,,,,,,,69.9,825,70.0,500,,,,,,,,,,,,,,,,
2026-06-30T22:00:51.664342+00:00,2026-06-30T22:00:51.664082,2,2,69.8,0.2,69.7,625,69.6,500,,,,,,,,,,,,,,,,,69.9,625,70.0,500,,,,,,,,,,,,,,,,
2026-06-30T22:00:51.685342+00:00,2026-06-30T22:00:51.678499,3,2,69.85,0.1,69.8,187,69.7,625,69.6,500,,,,,,,,,,,,,,,69.9,625,70.0,700,,,,,,,,,,,,,,,,
2026-06-30T22:00:51.736943+00:00,2026-06-30T22:00:51.729523,3,2,69.85,0.1,69.8,152,69.7,625,69.6,500,,,,,,,,,,,,,,,69.9,625,70.0,700,,,,,,,,,,,,,,,,
2026-06-30T22:00:52.016970+00:00,2026-06-30T22:00:52.016796,3,1,69.9,0.2,69.8,152,69.7,625,69.6,500,,,,,,,,,,,,,,,70.0,700,,,,,,,,,,,,,,,,,,
2026-06-30T22:00:52.027430+00:00,2026-06-30T22:00:52.020855,3,2,69.85,0.1,69.8,152,69.7,625,69.6,500,,,,,,,,,,,,,,,69.9,625,70.0,700,,,,,,,,,,,,,,,,
2026-06-30T22:00:52.203322+00:00,2026-06-30T22:00:52.202985,2,2,69.85,0.1,69.8,152,69.7,625,,,,,,,,,,,,,,,,,69.9,625,70.0,700,,,,,,,,,,,,,,,,
2026-06-30T22:00:52.213605+00:00,2026-06-30T22:00:52.210723,2,2,69.85,0.1,69.8,152,69.7,625,,,,,,,,,,,,,,,,,69.9,625,70.0,200,,,,,,,,,,,,,,,,
2026-06-30T22:00:52.224039+00:00,2026-06-30T22:00:52.222380,3,2,69.85,0.1,69.8,152,69.7,625,69.6,500,,,,,,,,,,,,,,,69.9,625,70.0,700,,,,,,,,,,,,,,,,
2026-06-30T22:00:52.255444+00:00,2026-06-30T22:00:52.255350,3,2,69.85,0.1,69.8,152,69.7,625,69.6,500,,,,,,,,,,,,,,,69.9,610,70.0,700,,,,,,,,,,,,,,,,
2026-06-30T22:00:52.421202+00:00,2026-06-30T22:00:52.417335,3,2,69.85,0.1,69.8,152,69.7,625,69.6,500,,,,,,,,,,,,,,,69.9,590,70.0,700,,,,,,,,,,,,,,,,
2026-06-30T22:00:52.587615+00:00,2026-06-30T22:00:52.580060,3,2,69.85,0.1,69.8,152,69.7,625,69.6,500,,,,,,,,,,,,,,,69.9,565,70.0,700,,,,,,,,,,,,,,,,
2026-06-30T22:00:52.814836+00:00,2026-06-30T22:00:52.812541,2,2,69.85,0.1,69.8,152,69.7,625,,,,,,,,,,,,,,,,,69.9,565,70.0,200,,,,,,,,,,,,,,,,
2026-06-30T22:00:52.825334+00:00,2026-06-30T22:00:52.824032,3,2,69.85,0.1,69.8,152,69.7,625,69.6,500,,,,,,,,,,,,,,,69.9,565,70.0,700,,,,,,,,,,,,,,,,
2026-06-30T22:00:52.877509+00:00,2026-06-30T22:00:52.875628,2,2,69.8,0.2,69.7,625,69.6,500,,,,,,,,,,,,,,,,,69.9,565,70.0,500,,,,,,,,,,,,,,,,
2026-06-30T22:00:52.887949+00:00,2026-06-30T22:00:52.883604,2,2,69.8,0.2,69.7,625,69.6,500,,,,,,,,,,,,,,,,,69.9,365,70.0,700,,,,,,,,,,,,,,,,
2026-06-30T22:00:53.330406+00:00,2026-06-30T22:00:53.329188,2,1,69.95,0.1,69.9,625,69.6,500,,,,,,,,,,,,,,,,,70.0,700,,,,,,,,,,,,,,,,,,
2026-06-30T22:00:53.340923+00:00,2026-06-30T22:00:53.330946,2,1,69.95,0.1,69.9,625,69.6,500,,,,,,,,,,,,,,,,,70.0,1325,,,,,,,,,,,,,,,,,,
2026-06-30T22:00:53.412847+00:00,2026-06-30T22:00:53.408693,1,1,69.95,0.1,69.9,625,,,,,,,,,,,,,,,,,,,70.0,1325,,,,,,,,,,,,,,,,,,
2026-06-30T22:00:53.423162+00:00,2026-06-30T22:00:53.421224,2,1,69.95,0.1,69.9,625,69.6,500,,,,,,,,,,,,,,,,,70.0,825,,,,,,,,,,,,,,,,,,
2026-06-30T22:00:53.433500+00:00,2026-06-30T22:00:53.427266,2,1,69.95,0.1,69.9,625,69.6,500,,,,,,,,,,,,,,,,,70.0,1325,,,,,,,,,,,,,,,,,,
2026-06-30T22:00:53.567440+00:00,2026-06-30T22:00:53.567020,2,1,69.95,0.1,69.9,625,69.6,500,,,,,,,,,,,,,,,,,70.0,1305,,,,,,,,,,,,,,,,,,
2026-06-30T22:00:54.018360+00:00,2026-06-30T22:00:54.018187,1,1,69.95,0.1,69.9,625,,,,,,,,,,,,,,,,,,,70.0,805,,,,,,,,,,,,,,,,,,
2026-06-30T22:00:54.028881+00:00,2026-06-30T22:00:54.023880,2,1,69.95,0.1,69.9,625,69.6,500,,,,,,,,,,,,,,,,,70.0,805,,,,,,,,,,,,,,,,,,
2026-06-30T22:00:54.039330+00:00,2026-06-30T22:00:54.029571,2,1,69.95,0.1,69.9,625,69.6,500,,,,,,,,,,,,,,,,,70.0,1305,,,,,,,,,,,,,,,,,,
2026-06-30T22:00:54.101493+00:00,2026-06-30T22:00:54.100889,3,1,69.95,0.1,69.9,625,69.7,200,69.6,500,,,,,,,,,,,,,,,70.0,1125,,,,,,,,,,,,,,,,,,
2026-06-30T22:00:54.113848+00:00,2026-06-30T22:00:54.107963,3,1,69.95,0.1,69.9,425,69.7,200,69.6,500,,,,,,,,,,,,,,,70.0,1125,,,,,,,,,,,,,,,,,,
2026-06-30T22:00:54.636667+00:00,2026-06-30T22:00:54.635564,2,1,69.85,0.3,69.7,200,69.6,500,,,,,,,,,,,,,,,,,70.0,500,,,,,,,,,,,,,,,,,,
2026-06-30T22:00:54.647017+00:00,2026-06-30T22:00:54.643347,2,2,69.85,0.1,69.8,625,69.7,200,,,,,,,,,,,,,,,,,69.9,625,70.0,500,,,,,,,,,,,,,,,,
2026-06-30T22:00:54.657426+00:00,2026-06-30T22:00:54.655247,3,1,69.85,0.1,69.8,625,69.7,200,69.6,500,,,,,,,,,,,,,,,69.9,625,,,,,,,,,,,,,,,,,,
2026-06-30T22:00:54.667877+00:00,2026-06-30T22:00:54.661215,3,2,69.85,0.1,69.8,625,69.7,200,69.6,500,,,,,,,,,,,,,,,69.9,625,70.0,500,,,,,,,,,,,,,,,,
2026-06-30T22:00:55.255357+00:00,2026-06-30T22:00:55.253295,2,1,69.85,0.1,69.8,625,69.7,200,,,,,,,,,,,,,,,,,69.9,625,,,,,,,,,,,,,,,,,,
2026-06-30T22:00:55.265820+00:00,2026-06-30T22:00:55.259461,3,1,69.85,0.1,69.8,625,69.7,200,69.6,500,,,,,,,,,,,,,,,69.9,625,,,,,,,,,,,,,,,,,,
2026-06-30T22:00:55.276272+00:00,2026-06-30T22:00:55.266954,3,2,69.85,0.1,69.8,625,69.7,200,69.6,500,,,,,,,,,,,,,,,69.9,625,70.0,500,,,,,,,,,,,,,,,,
2026-06-30T22:00:55.317785+00:00,2026-06-30T22:00:55.317421,2,2,69.85,0.1,69.8,825,69.6,500,,,,,,,,,,,,,,,,,69.9,625,70.0,700,,,,,,,,,,,,,,,,
2026-06-30T22:00:55.853982+00:00,2026-06-30T22:00:55.848808,1,2,69.85,0.1,69.8,825,,,,,,,,,,,,,,,,,,,69.9,625,70.0,700,,,,,,,,,,,,,,,,
2026-06-30T22:00:55.864352+00:00,2026-06-30T22:00:55.862706,2,2,69.85,0.1,69.8,825,69.5,500,,,,,,,,,,,,,,,,,69.9,625,70.0,200,,,,,,,,,,,,,,,,
2026-06-30T22:00:55.874764+00:00,2026-06-30T22:00:55.869263,2,2,69.85,0.1,69.8,825,69.5,500,,,,,,,,,,,,,,,,,69.9,625,70.0,700,,,,,,,,,,,,,,,,
2026-06-30T22:00:55.947085+00:00,2026-06-30T22:00:55.945888,3,2,69.85,0.1,69.8,200,69.7,625,69.5,500,,,,,,,,,,,,,,,69.9,625,70.0,700,,,,,,,,,,,,,,,,
2026-06-30T22:00:56.461246+00:00,2026-06-30T22:00:56.459824,2,2,69.85,0.1,69.8,200,69.7,625,,,,,,,,,,,,,,,,,69.9,625,70.0,200,,,,,,,,,,,,,,,,
2026-06-30T22:00:56.471745+00:00,2026-06-30T22:00:56.471429,3,2,69.85,0.1,69.8,200,69.7,625,69.6,500,,,,,,,,,,,,,,,69.9,625,70.0,700,,,,,,,,,,,,,,,,
2026-06-30T22:00:56.523940+00:00,2026-06-30T22:00:56.523265,2,2,69.8,0.2,69.7,625,69.6,500,,,,,,,,,,,,,,,,,69.9,425,70.0,500,,,,,,,,,,,,,,,,
2026-06-30T22:00:56.534356+00:00,2026-06-30T22:00:56.525890,2,3,69.8,0.2,69.7,625,69.6,500,,,,,,,,,,,,,,,,,69.9,425,70.0,500,70.1,200,,,,,,,,,,,,,,
2026-06-30T22:00:56.586060+00:00,2026-06-30T22:00:56.581142,2,3,69.8,0.2,69.7,615,69.6,500,,,,,,,,,,,,,,,,,69.9,425,70.0,500,70.1,200,,,,,,,,,,,,,,
2026-06-30T22:00:57.057161+00:00,2026-06-30T22:00:57.055707,1,3,69.8,0.2,69.7,615,,,,,,,,,,,,,,,,,,,69.9,425,70.0,500,70.1,200,,,,,,,,,,,,,,
2026-06-30T22:00:57.067557+00:00,2026-06-30T22:00:57.066351,2,2,69.8,0.2,69.7,615,69.5,500,,,,,,,,,,,,,,,,,69.9,425,70.1,200,,,,,,,,,,,,,,,,
2026-06-30T22:00:57.078049+00:00,2026-06-30T22:00:57.072789,2,3,69.8,0.2,69.7,615,69.5,500,,,,,,,,,,,,,,,,,69.9,425,70.0,500,70.1,200,,,,,,,,,,,,,,
2026-06-30T22:00:57.252698+00:00,2026-06-30T22:00:57.252230,2,2,69.9,0.2,69.8,625,69.5,500,,,,,,,,,,,,,,,,,70.0,500,70.1,200,,,,,,,,,,,,,,,,
2026-06-30T22:00:57.263096+00:00,2026-06-30T22:00:57.253621,2,2,69.9,0.2,69.8,625,69.5,500,,,,,,,,,,,,,,,,,70.0,1125,70.1,200,,,,,,,,,,,,,,,,
2026-06-30T22:00:57.662789+00:00,2026-06-30T22:00:57.658947,1,2,69.9,0.2,69.8,625,,,,,,,,,,,,,,,,,,,70.0,1125,70.1,200,,,,,,,,,,,,,,,,
2026-06-30T22:00:57.673196+00:00,2026-06-30T22:00:57.671566,2,2,69.9,0.2,69.8,625,69.6,500,,,,,,,,,,,,,,,,,70.0,625,70.1,200,,,,,,,,,,,,,,,,
2026-06-30T22:00:57.683650+00:00,2026-06-30T22:00:57.677216,2,2,69.9,0.2,69.8,625,69.6,500,,,,,,,,,,,,,,,,,70.0,1125,70.1,200,,,,,,,,,,,,,,,,
2026-06-30T22:00:57.735688+00:00,2026-06-30T22:00:57.732739,2,1,69.9,0.2,69.8,425,69.6,700,,,,,,,,,,,,,,,,,70.0,1125,,,,,,,,,,,,,,,,,,
2026-06-30T22:00:58.271685+00:00,2026-06-30T22:00:58.269310,2,1,69.9,0.2,69.8,425,69.6,200,,,,,,,,,,,,,,,,,70.0,625,,,,,,,,,,,,,,,,,,
2026-06-30T22:00:58.282127+00:00,2026-06-30T22:00:58.280679,2,1,69.9,0.2,69.8,425,69.6,700,,,,,,,,,,,,,,,,,70.0,1125,,,,,,,,,,,,,,,,,,
2026-06-30T22:00:58.344408+00:00,2026-06-30T22:00:58.334314,2,1,69.9,0.2,69.8,420,69.6,700,,,,,,,,,,,,,,,,,70.0,1125,,,,,,,,,,,,,,,,,,
2026-06-30T22:00:58.499550+00:00,2026-06-30T22:00:58.496663,2,1,69.9,0.2,69.8,410,69.6,700,,,,,,,,,,,,,,,,,70.0,1125,,,,,,,,,,,,,,,,,,
2026-06-30T22:00:58.571414+00:00,2026-06-30T22:00:58.565867,2,2,69.75,0.1,69.7,625,69.6,700,,,,,,,,,,,,,,,,,69.8,622,70.0,500,,,,,,,,,,,,,,,,
2026-06-30T22:00:58.871509+00:00,2026-06-30T22:00:58.865254,2,2,69.75,0.1,69.7,625,69.6,200,,,,,,,,,,,,,,,,,69.8,622,70.0,500,,,,,,,,,,,,,,,,
2026-06-30T22:00:58.881917+00:00,2026-06-30T22:00:58.879749,3,1,69.75,0.1,69.7,625,69.6,200,69.5,500,,,,,,,,,,,,,,,69.8,622,,,,,,,,,,,,,,,,,,
2026-06-30T22:00:58.892401+00:00,2026-06-30T22:00:58.886000,3,2,69.75,0.1,69.7,625,69.6,200,69.5,500,,,,,,,,,,,,,,,69.8,622,70.0,500,,,,,,,,,,,,,,,,
2026-06-30T22:00:58.944431+00:00,2026-06-30T22:00:58.942702,2,2,69.75,0.1,69.7,625,69.5,500,,,,,,,,,,,,,,,,,69.8,422,70.0,700,,,,,,,,,,,,,,,,
2026-06-30T22:00:59.475593+00:00,2026-06-30T22:00:59.474015,1,2,69.75,0.1,69.7,625,,,,,,,,,,,,,,,,,,,69.8,422,70.0,200,,,,,,,,,,,,,,,,
2026-06-30T22:00:59.486054+00:00,2026-06-30T22:00:59.485732,2,2,69.75,0.1,69.7,625,69.6,500,,,,,,,,,,,,,,,,,69.8,422,70.0,700,,,,,,,,,,,,,,,,
2026-06-30T22:00:59.866688+00:00,2026-06-30T22:00:59.866051,1,1,69.8,0.4,69.6,500,,,,,,,,,,,,,,,,,,,70.0,700,,,,,,,,,,,,,,,,,,
2026-06-30T22:00:59.877127+00:00,2026-06-30T22:00:59.869642,2,2,69.85,0.1,69.8,625,69.6,500,,,,,,,,,,,,,,,,,69.9,625,70.0,700,,,,,,,,,,,,,,,,
2026-06-30T22:00:59.928541+00:00,2026-06-30T22:00:59.923054,2,2,69.85,0.1,69.8,610,69.6,500,,,,,,,,,,,,,,,,,69.9,625,70.0,700,,,,,,,,,,,,,,,,
2026-06-30T22:01:00.072819+00:00,2026-06-30T22:01:00.070099,1,2,69.85,0.1,69.8,610,,,,,,,,,,,,,,,,,,,69.9,625,70.0,700,,,,,,,,,,,,,,,,
2026-06-30T22:01:00.083223+00:00,2026-06-30T22:01:00.079328,1,2,69.85,0.1,69.8,610,,,,,,,,,,,,,,,,,,,69.9,625,70.0,200,,,,,,,,,,,,,,,,
2026-06-30T22:01:00.093774+00:00,2026-06-30T22:01:00.087531,2,2,69.85,0.1,69.8,610,69.6,500,,,,,,,,,,,,,,,,,69.9,625,70.0,200,,,,,,,,,,,,,,,,
2026-06-30T22:01:00.104260+00:00,2026-06-30T22:01:00.094200,2,2,69.85,0.1,69.8,610,69.6,500,,,,,,,,,,,,,,,,,69.9,625,70.0,700,,,,,,,,,,,,,,,,
2026-06-30T22:01:00.146010+00:00,2026-06-30T22:01:00.144926,2,2,69.85,0.1,69.8,610,69.6,500,,,,,,,,,,,,,,,,,69.9,625,70.0,500,,,,,,,,,,,,,,,,
2026-06-30T22:01:00.156436+00:00,2026-06-30T22:01:00.150157,3,2,69.85,0.1,69.8,610,69.7,200,69.6,500,,,,,,,,,,,,,,,69.9,825,70.0,500,,,,,,,,,,,,,,,,
2026-06-30T22:01:00.627977+00:00,2026-06-30T22:01:00.626510,3,2,69.85,0.1,69.8,600,69.7,200,69.6,500,,,,,,,,,,,,,,,69.9,825,70.0,500,,,,,,,,,,,,,,,,
2026-06-30T22:01:00.679517+00:00,2026-06-30T22:01:00.678084,3,2,69.85,0.1,69.8,600,69.7,200,69.6,500,,,,,,,,,,,,,,,69.9,805,70.0,500,,,,,,,,,,,,,,,,
2026-06-30T22:01:00.710334+00:00,2026-06-30T22:01:00.706511,2,2,69.85,0.1,69.8,600,69.7,200,,,,,,,,,,,,,,,,,69.9,805,70.0,500,,,,,,,,,,,,,,,,
2026-06-30T22:01:00.720702+00:00,2026-06-30T22:01:00.715438,2,1,69.85,0.1,69.8,600,69.7,200,,,,,,,,,,,,,,,,,69.9,805,,,,,,,,,,,,,,,,,,
2026-06-30T22:01:00.731126+00:00,2026-06-30T22:01:00.730752,3,2,69.85,0.1,69.8,600,69.7,200,69.6,500,,,,,,,,,,,,,,,69.9,805,70.0,500,,,,,,,,,,,,,,,,
2026-06-30T22:01:01.175369+00:00,2026-06-30T22:01:01.174231,2,2,69.8,0.2,69.7,200,69.6,500,,,,,,,,,,,,,,,,,69.9,200,70.0,500,,,,,,,,,,,,,,,,
2026-06-30T22:01:01.185749+00:00,2026-06-30T22:01:01.177658,2,2,69.8,0.2,69.7,825,69.6,500,,,,,,,,,,,,,,,,,69.9,825,70.0,500,,,,,,,,,,,,,,,,
2026-06-30T22:01:01.309100+00:00,2026-06-30T22:01:01.308964,1,2,69.8,0.2,69.7,825,,,,,,,,,,,,,,,,,,,69.9,825,70.0,500,,,,,,,,,,,,,,,,
2026-06-30T22:01:01.319476+00:00,2026-06-30T22:01:01.313488,1,1,69.8,0.2,69.7,825,,,,,,,,,,,,,,,,,,,69.9,825,,,,,,,,,,,,,,,,,,
2026-06-30T22:01:01.329944+00:00,2026-06-30T22:01:01.321642,2,1,69.8,0.2,69.7,825,69.6,500,,,,,,,,,,,,,,,,,69.9,825,,,,,,,,,,,,,,,,,,
2026-06-30T22:01:01.340403+00:00,2026-06-30T22:01:01.330451,2,2,69.8,0.2,69.7,825,69.6,500,,,,,,,,,,,,,,,,,69.9,825,70.0,500,,,,,,,,,,,,,,,,
2026-06-30T22:01:01.361293+00:00,2026-06-30T22:01:01.361181,3,2,69.85,0.1,69.8,200,69.7,625,69.6,500,,,,,,,,,,,,,,,69.9,625,70.0,500,,,,,,,,,,,,,,,,
2026-06-30T22:01:01.371716+00:00,2026-06-30T22:01:01.364288,3,2,69.85,0.1,69.8,200,69.7,625,69.6,500,,,,,,,,,,,,,,,69.9,825,70.0,500,,,,,,,,,,,,,,,,
2026-06-30T22:01:01.917110+00:00,2026-06-30T22:01:01.912819,2,2,69.85,0.1,69.8,200,69.7,625,,,,,,,,,,,,,,,,,69.9,825,70.0,500,,,,,,,,,,,,,,,,
2026-06-30T22:01:01.927403+00:00,2026-06-30T22:01:01.926418,3,1,69.85,0.1,69.8,200,69.7,625,69.6,500,,,,,,,,,,,,,,,69.9,825,,,,,,,,,,,,,,,,,,
2026-06-30T22:01:01.937727+00:00,2026-06-30T22:01:01.932046,3,2,69.85,0.1,69.8,200,69.7,625,69.6,500,,,,,,,,,,,,,,,69.9,825,70.0,500,,,,,,,,,,,,,,,,
2026-06-30T22:01:02.484155+00:00,2026-06-30T22:01:02.482953,2,2,69.85,0.1,69.8,200,69.6,500,,,,,,,,,,,,,,,,,69.9,200,70.0,500,,,,,,,,,,,,,,,,
2026-06-30T22:01:02.494520+00:00,2026-06-30T22:01:02.487098,1,3,69.65,0.1,69.6,1125,,,,,,,,,,,,,,,,,,,69.7,425,69.9,200,70.0,500,,,,,,,,,,,,,,
2026-06-30T22:01:02.504949+00:00,2026-06-30T22:01:02.502945,1,3,69.65,0.1,69.6,1125,,,,,,,,,,,,,,,,,,,69.7,395,69.9,200,70.0,500,,,,,,,,,,,,,,
2026-06-30T22:01:02.525823+00:00,2026-06-30T22:01:02.522895,1,2,69.65,0.1,69.6,625,,,,,,,,,,,,,,,,,,,69.7,395,69.9,200,,,,,,,,,,,,,,,,
2026-06-30T22:01:02.536304+00:00,2026-06-30T22:01:02.533490,1,3,69.65,0.1,69.6,1125,,,,,,,,,,,,,,,,,,,69.7,395,69.9,200,70.0,500,,,,,,,,,,,,,,
2026-06-30T22:01:02.567533+00:00,2026-06-30T22:01:02.566753,1,2,69.65,0.1,69.6,1125,,,,,,,,,,,,,,,,,,,69.7,395,70.0,500,,,,,,,,,,,,,,,,
2026-06-30T22:01:02.577923+00:00,2026-06-30T22:01:02.570874,1,3,69.65,0.1,69.6,1125,,,,,,,,,,,,,,,,,,,69.7,195,69.9,200,70.0,500,,,,,,,,,,,,,,
2026-06-30T22:01:02.660453+00:00,2026-06-30T22:01:02.660055,1,3,69.65,0.1,69.6,1115,,,,,,,,,,,,,,,,,,,69.7,195,69.9,200,70.0,500,,,,,,,,,,,,,,
2026-06-30T22:01:03.123590+00:00,2026-06-30T22:01:03.118326,1,3,69.65,0.1,69.6,615,,,,,,,,,,,,,,,,,,,69.7,195,69.9,200,70.0,500,,,,,,,,,,,,,,
2026-06-30T22:01:03.133989+00:00,2026-06-30T22:01:03.131330,1,2,69.65,0.1,69.6,1115,,,,,,,,,,,,,,,,,,,69.7,195,69.9,200,,,,,,,,,,,,,,,,
2026-06-30T22:01:03.144485+00:00,2026-06-30T22:01:03.137848,1,3,69.65,0.1,69.6,1115,,,,,,,,,,,,,,,,,,,69.7,195,69.9,200,70.1,500,,,,,,,,,,,,,,
2026-06-30T22:01:03.729833+00:00,2026-06-30T22:01:03.728549,1,2,69.65,0.1,69.6,615,,,,,,,,,,,,,,,,,,,69.7,195,69.9,200,,,,,,,,,,,,,,,,
2026-06-30T22:01:03.740335+00:00,2026-06-30T22:01:03.735567,2,1,69.8,0.2,69.7,305,69.6,615,,,,,,,,,,,,,,,,,69.9,200,,,,,,,,,,,,,,,,,,
2026-06-30T22:01:03.750885+00:00,2026-06-30T22:01:03.741393,2,2,69.8,0.2,69.7,305,69.6,615,,,,,,,,,,,,,,,,,69.9,200,70.1,500,,,,,,,,,,,,,,,,
2026-06-30T22:01:03.782197+00:00,2026-06-30T22:01:03.777081,3,1,69.9,0.4,69.7,105,69.6,615,69.3,200,,,,,,,,,,,,,,,70.1,500,,,,,,,,,,,,,,,,,,
2026-06-30T22:01:03.802226+00:00,2026-06-30T22:01:03.797857,3,2,69.9,0.2,69.8,622,69.7,105,69.3,200,,,,,,,,,,,,,,,70.0,625,70.1,500,,,,,,,,,,,,,,,,
2026-06-30T22:01:04.330798+00:00,2026-06-30T22:01:04.324479,2,2,69.9,0.2,69.8,622,69.3,200,,,,,,,,,,,,,,,,,70.0,625,70.1,500,,,,,,,,,,,,,,,,
2026-06-30T22:01:04.341200+00:00,2026-06-30T22:01:04.338011,3,1,69.9,0.2,69.8,622,69.7,500,69.3,200,,,,,,,,,,,,,,,70.0,625,,,,,,,,,,,,,,,,,,
2026-06-30T22:01:04.351616+00:00,2026-06-30T22:01:04.343894,3,2,69.9,0.2,69.8,622,69.7,500,69.3,200,,,,,,,,,,,,,,,70.0,625,70.1,500,,,,,,,,,,,,,,,,
2026-06-30T22:01:04.928693+00:00,2026-06-30T22:01:04.926875,2,2,69.9,0.2,69.8,622,69.3,200,,,,,,,,,,,,,,,,,70.0,625,70.1,500,,,,,,,,,,,,,,,,
2026-06-30T22:01:04.939094+00:00,2026-06-30T22:01:04.933833,2,1,69.9,0.2,69.8,622,69.3,200,,,,,,,,,,,,,,,,,70.0,625,,,,,,,,,,,,,,,,,,
2026-06-30T22:01:04.949525+00:00,2026-06-30T22:01:04.946833,3,2,69.9,0.2,69.8,622,69.7,500,69.3,200,,,,,,,,,,,,,,,70.0,625,70.2,500,,,,,,,,,,,,,,,,
2026-06-30T22:01:04.980975+00:00,2026-06-30T22:01:04.980886,3,2,69.9,0.2,69.8,622,69.7,500,69.5,200,,,,,,,,,,,,,,,70.0,625,70.2,500,,,,,,,,,,,,,,,,
2026-06-30T22:01:04.991411+00:00,2026-06-30T22:01:04.984540,3,2,69.9,0.2,69.8,422,69.7,500,69.5,200,,,,,,,,,,,,,,,70.0,625,70.2,500,,,,,,,,,,,,,,,,
2026-06-30T22:01:05.104754+00:00,2026-06-30T22:01:05.104396,2,1,69.95,0.5,69.7,500,69.5,200,,,,,,,,,,,,,,,,,70.2,500,,,,,,,,,,,,,,,,,,
2026-06-30T22:01:05.115062+00:00,2026-06-30T22:01:05.107245,3,2,69.9,0.2,69.8,625,69.7,500,69.5,200,,,,,,,,,,,,,,,70.0,625,70.2,500,,,,,,,,,,,,,,,,
2026-06-30T22:01:05.300207+00:00,2026-06-30T22:01:05.297001,3,2,69.9,0.2,69.8,590,69.7,500,69.5,200,,,,,,,,,,,,,,,70.0,625,70.2,500,,,,,,,,,,,,,,,,
2026-06-30T22:01:05.464616+00:00,2026-06-30T22:01:05.459757,3,2,69.9,0.2,69.8,550,69.7,500,69.5,200,,,,,,,,,,,,,,,70.0,625,70.2,500,,,,,,,,,,,,,,,,
2026-06-30T22:01:05.536524+00:00,2026-06-30T22:01:05.529960,2,2,69.9,0.2,69.8,550,69.5,200,,,,,,,,,,,,,,,,,70.0,625,70.2,500,,,,,,,,,,,,,,,,
2026-06-30T22:01:05.546858+00:00,2026-06-30T22:01:05.542513,3,1,69.9,0.2,69.8,550,69.7,500,69.5,200,,,,,,,,,,,,,,,70.0,625,,,,,,,,,,,,,,,,,,
2026-06-30T22:01:05.557206+00:00,2026-06-30T22:01:05.548257,3,2,69.9,0.2,69.8,550,69.7,500,69.5,200,,,,,,,,,,,,,,,70.0,625,70.1,500,,,,,,,,,,,,,,,,
2026-06-30T22:01:05.629309+00:00,2026-06-30T22:01:05.622325,3,2,69.9,0.2,69.8,525,69.7,500,69.5,200,,,,,,,,,,,,,,,70.0,625,70.1,500,,,,,,,,,,,,,,,,
2026-06-30T22:01:06.133103+00:00,2026-06-30T22:01:06.132238,2,2,69.9,0.2,69.8,525,69.5,200,,,,,,,,,,,,,,,,,70.0,625,70.1,500,,,,,,,,,,,,,,,,
2026-06-30T22:01:06.143338+00:00,2026-06-30T22:01:06.139652,2,1,69.9,0.2,69.8,525,69.5,200,,,,,,,,,,,,,,,,,70.0,625,,,,,,,,,,,,,,,,,,
2026-06-30T22:01:06.153667+00:00,2026-06-30T22:01:06.151659,3,2,69.9,0.2,69.8,525,69.7,500,69.5,200,,,,,,,,,,,,,,,70.0,625,70.1,500,,,,,,,,,,,,,,,,
2026-06-30T22:01:06.195214+00:00,2026-06-30T22:01:06.194612,3,2,69.9,0.2,69.8,525,69.7,500,69.5,200,,,,,,,,,,,,,,,70.0,625,70.1,500,,,,,,,,,,,,,,,,
2026-06-30T22:01:06.205546+00:00,2026-06-30T22:01:06.200342,3,2,69.9,0.2,69.8,325,69.7,500,69.5,200,,,,,,,,,,,,,,,70.0,625,70.1,500,,,,,,,,,,,,,,,,
2026-06-30T22:01:06.246834+00:00,2026-06-30T22:01:06.237511,3,2,69.9,0.2,69.8,325,69.7,500,69.5,200,,,,,,,,,,,,,,,70.0,600,70.1,500,,,,,,,,,,,,,,,,
2026-06-30T22:01:06.400913+00:00,2026-06-30T22:01:06.399104,3,2,69.9,0.2,69.8,325,69.7,500,69.5,200,,,,,,,,,,,,,,,70.0,560,70.1,500,,,,,,,,,,,,,,,,
2026-06-30T22:01:06.411206+00:00,2026-06-30T22:01:06.410980,2,1,69.9,0.4,69.7,500,69.5,200,,,,,,,,,,,,,,,,,70.1,500,,,,,,,,,,,,,,,,,,
2026-06-30T22:01:06.421511+00:00,2026-06-30T22:01:06.414028,2,2,69.8,0.2,69.7,1125,69.5,200,,,,,,,,,,,,,,,,,69.9,625,70.1,500,,,,,,,,,,,,,,,,
2026-06-30T22:01:06.565804+00:00,2026-06-30T22:01:06.561260,2,2,69.8,0.2,69.7,1125,69.5,200,,,,,,,,,,,,,,,,,69.9,590,70.1,500,,,,,,,,,,,,,,,,
2026-06-30T22:01:06.771653+00:00,2026-06-30T22:01:06.770679,2,1,69.8,0.2,69.7,625,69.5,200,,,,,,,,,,,,,,,,,69.9,590,,,,,,,,,,,,,,,,,,
2026-06-30T22:01:06.782179+00:00,2026-06-30T22:01:06.780864,3,2,69.8,0.2,69.7,625,69.6,500,69.5,200,,,,,,,,,,,,,,,69.9,590,70.1,500,,,,,,,,,,,,,,,,
2026-06-30T22:01:07.367818+00:00,2026-06-30T22:01:07.367283,2,2,69.8,0.2,69.7,625,69.5,200,,,,,,,,,,,,,,,,,69.9,590,70.1,500,,,,,,,,,,,,,,,,
2026-06-30T22:01:07.378239+00:00,2026-06-30T22:01:07.377723,3,1,69.8,0.2,69.7,625,69.6,500,69.5,200,,,,,,,,,,,,,,,69.9,590,,,,,,,,,,,,,,,,,,
2026-06-30T22:01:07.388749+00:00,2026-06-30T22:01:07.382888,3,2,69.8,0.2,69.7,625,69.6,500,69.5,200,,,,,,,,,,,,,,,69.9,590,70.1,500,,,,,,,,,,,,,,,,
2026-06-30T22:01:07.409638+00:00,2026-06-30T22:01:07.407979,2,3,69.75,0.1,69.7,825,69.6,500,,,,,,,,,,,,,,,,,69.8,200,69.9,590,70.1,500,,,,,,,,,,,,,,
2026-06-30T22:01:07.472012+00:00,2026-06-30T22:01:07.468018,2,3,69.75,0.1,69.7,825,69.6,500,,,,,,,,,,,,,,,,,69.8,180,69.9,590,70.1,500,,,,,,,,,,,,,,
2026-06-30T22:01:07.718845+00:00,2026-06-30T22:01:07.717661,2,2,69.75,0.1,69.7,200,69.6,500,,,,,,,,,,,,,,,,,69.8,180,70.1,500,,,,,,,,,,,,,,,,
2026-06-30T22:01:07.729224+00:00,2026-06-30T22:01:07.720588,2,2,69.75,0.1,69.7,200,69.6,1125,,,,,,,,,,,,,,,,,69.8,805,70.1,500,,,,,,,,,,,,,,,,
2026-06-30T22:01:07.976340+00:00,2026-06-30T22:01:07.970752,2,2,69.75,0.1,69.7,200,69.6,625,,,,,,,,,,,,,,,,,69.8,805,70.1,500,,,,,,,,,,,,,,,,
2026-06-30T22:01:07.986877+00:00,2026-06-30T22:01:07.983416,2,1,69.75,0.1,69.7,200,69.6,1125,,,,,,,,,,,,,,,,,69.8,805,,,,,,,,,,,,,,,,,,
2026-06-30T22:01:07.997396+00:00,2026-06-30T22:01:07.989395,2,2,69.75,0.1,69.7,200,69.6,1125,,,,,,,,,,,,,,,,,69.8,805,70.1,500,,,,,,,,,,,,,,,,
2026-06-30T22:01:08.582408+00:00,2026-06-30T22:01:08.577072,2,2,69.75,0.1,69.7,200,69.6,625,,,,,,,,,,,,,,,,,69.8,805,70.1,500,,,,,,,,,,,,,,,,
2026-06-30T22:01:08.592966+00:00,2026-06-30T22:01:08.592370,2,1,69.75,0.1,69.7,200,69.6,1125,,,,,,,,,,,,,,,,,69.8,805,,,,,,,,,,,,,,,,,,
2026-06-30T22:01:08.603413+00:00,2026-06-30T22:01:08.599867,2,2,69.75,0.1,69.7,200,69.6,1125,,,,,,,,,,,,,,,,,69.8,805,70.0,500,,,,,,,,,,,,,,,,
2026-06-30T22:01:08.613845+00:00,2026-06-30T22:01:08.612315,1,2,69.7,0.2,69.6,1125,,,,,,,,,,,,,,,,,,,69.8,805,70.0,500,,,,,,,,,,,,,,,,
2026-06-30T22:01:08.624283+00:00,2026-06-30T22:01:08.618495,1,2,69.7,0.2,69.6,1125,,,,,,,,,,,,,,,,,,,69.8,625,70.0,500,,,,,,,,,,,,,,,,
2026-06-30T22:01:08.634732+00:00,2026-06-30T22:01:08.629718,2,3,69.75,0.1,69.7,200,69.6,1125,,,,,,,,,,,,,,,,,69.8,625,69.9,200,70.0,500,,,,,,,,,,,,,,
2026-06-30T22:01:09.027168+00:00,2026-06-30T22:01:09.025713,2,2,69.8,0.2,69.7,200,69.6,500,,,,,,,,,,,,,,,,,69.9,200,70.0,500,,,,,,,,,,,,,,,,
2026-06-30T22:01:09.052365+00:00,2026-06-30T22:01:09.044086,1,3,69.65,0.1,69.6,1125,,,,,,,,,,,,,,,,,,,69.7,422,69.9,200,70.0,500,,,,,,,,,,,,,,
2026-06-30T22:01:09.177683+00:00,2026-06-30T22:01:09.175599,1,3,69.65,0.1,69.6,625,,,,,,,,,,,,,,,,,,,69.7,422,69.9,200,70.0,500,,,,,,,,,,,,,,
2026-06-30T22:01:09.188037+00:00,2026-06-30T22:01:09.182673,1,2,69.65,0.1,69.6,625,,,,,,,,,,,,,,,,,,,69.7,422,69.9,200,,,,,,,,,,,,,,,,
2026-06-30T22:01:09.198480+00:00,2026-06-30T22:01:09.193948,1,3,69.65,0.1,69.6,1125,,,,,,,,,,,,,,,,,,,69.7,422,69.9,200,70.1,500,,,,,,,,,,,,,,
2026-06-30T22:01:09.785072+00:00,2026-06-30T22:01:09.779445,1,3,69.65,0.1,69.6,625,,,,,,,,,,,,,,,,,,,69.7,422,69.9,200,70.1,500,,,,,,,,,,,,,,
2026-06-30T22:01:09.795483+00:00,2026-06-30T22:01:09.792901,1,2,69.65,0.1,69.6,1125,,,,,,,,,,,,,,,,,,,69.7,422,69.9,200,,,,,,,,,,,,,,,,
2026-06-30T22:01:09.806052+00:00,2026-06-30T22:01:09.798905,1,3,69.65,0.1,69.6,1125,,,,,,,,,,,,,,,,,,,69.7,422,69.9,200,70.1,500,,,,,,,,,,,,,,
2026-06-30T22:01:09.837353+00:00,2026-06-30T22:01:09.836251,2,2,69.65,0.1,69.6,1125,69.5,200,,,,,,,,,,,,,,,,,69.7,422,70.1,500,,,,,,,,,,,,,,,,
2026-06-30T22:01:09.847823+00:00,2026-06-30T22:01:09.839301,2,2,69.65,0.1,69.6,1125,69.5,200,,,,,,,,,,,,,,,,,69.7,622,70.1,500,,,,,,,,,,,,,,,,
2026-06-30T22:01:10.342872+00:00,2026-06-30T22:01:10.337235,2,2,69.65,0.1,69.6,500,69.5,200,,,,,,,,,,,,,,,,,69.7,622,70.1,500,,,,,,,,,,,,,,,,
2026-06-30T22:01:10.353268+00:00,2026-06-30T22:01:10.351076,2,3,69.65,0.1,69.6,1125,69.5,200,,,,,,,,,,,,,,,,,69.7,200,69.8,625,70.1,500,,,,,,,,,,,,,,
2026-06-30T22:01:10.384067+00:00,2026-06-30T22:01:10.382404,2,3,69.65,0.1,69.6,625,69.5,200,,,,,,,,,,,,,,,,,69.7,200,69.8,625,70.1,500,,,,,,,,,,,,,,
2026-06-30T22:01:10.394449+00:00,2026-06-30T22:01:10.390821,2,2,69.65,0.1,69.6,625,69.5,200,,,,,,,,,,,,,,,,,69.7,200,69.8,625,,,,,,,,,,,,,,,,
2026-06-30T22:01:10.404895+00:00,2026-06-30T22:01:10.404287,2,3,69.65,0.1,69.6,1125,69.5,200,,,,,,,,,,,,,,,,,69.7,200,69.8,625,70.1,500,,,,,,,,,,,,,,
2026-06-30T22:01:10.992102+00:00,2026-06-30T22:01:10.990967,2,2,69.65,0.1,69.6,625,69.5,200,,,,,,,,,,,,,,,,,69.7,200,69.8,625,,,,,,,,,,,,,,,,
2026-06-30T22:01:11.002485+00:00,2026-06-30T22:01:10.997231,2,2,69.65,0.1,69.6,1125,69.5,200,,,,,,,,,,,,,,,,,69.7,200,69.8,625,,,,,,,,,,,,,,,,
2026-06-30T22:01:11.012856+00:00,2026-06-30T22:01:11.004003,2,3,69.65,0.1,69.6,1125,69.5,200,,,,,,,,,,,,,,,,,69.7,200,69.8,625,70.1,500,,,,,,,,,,,,,,
2026-06-30T22:01:11.043912+00:00,2026-06-30T22:01:11.043785,1,2,69.7,0.2,69.6,1125,,,,,,,,,,,,,,,,,,,69.8,625,70.1,500,,,,,,,,,,,,,,,,
2026-06-30T22:01:11.054276+00:00,2026-06-30T22:01:11.048036,2,2,69.7,0.2,69.6,925,69.3,200,,,,,,,,,,,,,,,,,69.8,625,70.1,500,,,,,,,,,,,,,,,,
2026-06-30T22:01:11.487660+00:00,2026-06-30T22:01:11.482657,2,2,69.7,0.2,69.6,925,69.3,200,,,,,,,,,,,,,,,,,69.8,605,70.1,500,,,,,,,,,,,,,,,,
2026-06-30T22:01:11.590441+00:00,2026-06-30T22:01:11.586821,2,2,69.7,0.2,69.6,425,69.3,200,,,,,,,,,,,,,,,,,69.8,605,70.1,500,,,,,,,,,,,,,,,,
2026-06-30T22:01:11.600814+00:00,2026-06-30T22:01:11.600669,2,1,69.7,0.2,69.6,925,69.3,200,,,,,,,,,,,,,,,,,69.8,605,,,,,,,,,,,,,,,,,,
2026-06-30T22:01:11.611312+00:00,2026-06-30T22:01:11.607039,2,2,69.7,0.2,69.6,925,69.3,200,,,,,,,,,,,,,,,,,69.8,605,70.1,500,,,,,,,,,,,,,,,,
2026-06-30T22:01:11.663039+00:00,2026-06-30T22:01:11.660767,2,2,69.7,0.2,69.6,1125,69.3,200,,,,,,,,,,,,,,,,,69.8,625,70.1,500,,,,,,,,,,,,,,,,
2026-06-30T22:01:12.197265+00:00,2026-06-30T22:01:12.197041,2,1,69.7,0.2,69.6,625,69.3,200,,,,,,,,,,,,,,,,,69.8,625,,,,,,,,,,,,,,,,,,
2026-06-30T22:01:12.207786+00:00,2026-06-30T22:01:12.204425,2,1,69.7,0.2,69.6,1125,69.3,200,,,,,,,,,,,,,,,,,69.8,625,,,,,,,,,,,,,,,,,,
2026-06-30T22:01:12.218241+00:00,2026-06-30T22:01:12.212041,2,2,69.7,0.2,69.6,1125,69.3,200,,,,,,,,,,,,,,,,,69.8,625,70.1,500,,,,,,,,,,,,,,,,
2026-06-30T22:01:12.260065+00:00,2026-06-30T22:01:12.254640,2,2,69.7,0.2,69.6,1125,69.4,200,,,,,,,,,,,,,,,,,69.8,625,70.1,500,,,,,,,,,,,,,,,,
2026-06-30T22:01:12.270580+00:00,2026-06-30T22:01:12.260507,2,2,69.7,0.2,69.6,925,69.4,200,,,,,,,,,,,,,,,,,69.8,625,70.1,500,,,,,,,,,,,,,,,,
2026-06-30T22:01:12.425002+00:00,2026-06-30T22:01:12.424252,2,2,69.7,0.2,69.6,905,69.4,200,,,,,,,,,,,,,,,,,69.8,625,70.1,500,,,,,,,,,,,,,,,,
2026-06-30T22:01:12.826093+00:00,2026-06-30T22:01:12.824325,2,2,69.7,0.2,69.6,405,69.4,200,,,,,,,,,,,,,,,,,69.8,625,70.1,500,,,,,,,,,,,,,,,,
2026-06-30T22:01:12.836521+00:00,2026-06-30T22:01:12.836093,2,1,69.7,0.2,69.6,905,69.4,200,,,,,,,,,,,,,,,,,69.8,625,,,,,,,,,,,,,,,,,,
2026-06-30T22:01:12.846982+00:00,2026-06-30T22:01:12.841778,2,2,69.7,0.2,69.6,905,69.4,200,,,,,,,,,,,,,,,,,69.8,625,70.1,500,,,,,,,,,,,,,,,,
2026-06-30T22:01:12.970655+00:00,2026-06-30T22:01:12.968983,3,2,69.65,0.1,69.6,500,69.5,625,69.4,200,,,,,,,,,,,,,,,69.7,625,70.1,500,,,,,,,,,,,,,,,,
2026-06-30T22:01:13.435214+00:00,2026-06-30T22:01:13.432587,2,1,69.6,0.2,69.5,625,69.4,200,,,,,,,,,,,,,,,,,69.7,625,,,,,,,,,,,,,,,,,,
2026-06-30T22:01:13.445665+00:00,2026-06-30T22:01:13.442928,3,2,69.65,0.1,69.6,500,69.5,625,69.4,200,,,,,,,,,,,,,,,69.7,625,70.1,500,,,,,,,,,,,,,,,,
2026-06-30T22:01:13.466590+00:00,2026-06-30T22:01:13.465540,3,2,69.65,0.1,69.6,300,69.5,625,69.4,200,,,,,,,,,,,,,,,69.7,625,70.1,500,,,,,,,,,,,,,,,,
2026-06-30T22:01:14.030279+00:00,2026-06-30T22:01:14.030006,2,2,69.6,0.2,69.5,625,69.4,200,,,,,,,,,,,,,,,,,69.7,625,70.1,500,,,,,,,,,,,,,,,,
2026-06-30T22:01:14.040575+00:00,2026-06-30T22:01:14.036456,2,1,69.6,0.2,69.5,625,69.4,200,,,,,,,,,,,,,,,,,69.7,625,,,,,,,,,,,,,,,,,,
2026-06-30T22:01:14.050930+00:00,2026-06-30T22:01:14.048544,3,2,69.65,0.1,69.6,500,69.5,625,69.4,200,,,,,,,,,,,,,,,69.7,625,70.1,500,,,,,,,,,,,,,,,,
2026-06-30T22:01:14.277058+00:00,2026-06-30T22:01:14.276560,2,2,69.7,0.2,69.6,1125,69.4,200,,,,,,,,,,,,,,,,,69.8,625,70.1,500,,,,,,,,,,,,,,,,
2026-06-30T22:01:14.637431+00:00,2026-06-30T22:01:14.633975,2,2,69.7,0.2,69.6,625,69.4,200,,,,,,,,,,,,,,,,,69.8,625,70.1,500,,,,,,,,,,,,,,,,
2026-06-30T22:01:14.647798+00:00,2026-06-30T22:01:14.646257,3,1,69.75,0.1,69.7,500,69.6,625,69.4,200,,,,,,,,,,,,,,,69.8,625,,,,,,,,,,,,,,,,,,
2026-06-30T22:01:14.658290+00:00,2026-06-30T22:01:14.651858,3,2,69.75,0.1,69.7,500,69.6,625,69.4,200,,,,,,,,,,,,,,,69.8,625,70.1,500,,,,,,,,,,,,,,,,
2026-06-30T22:01:14.668766+00:00,2026-06-30T22:01:14.668405,2,2,69.75,0.1,69.7,500,69.6,625,,,,,,,,,,,,,,,,,69.8,625,70.1,500,,,,,,,,,,,,,,,,
2026-06-30T22:01:14.679238+00:00,2026-06-30T22:01:14.675280,3,2,69.75,0.1,69.7,300,69.6,625,69.4,200,,,,,,,,,,,,,,,69.8,625,70.1,500,,,,,,,,,,,,,,,,
2026-06-30T22:01:15.242367+00:00,2026-06-30T22:01:15.242285,2,1,69.7,0.2,69.6,625,69.4,200,,,,,,,,,,,,,,,,,69.8,625,,,,,,,,,,,,,,,,,,
2026-06-30T22:01:15.252759+00:00,2026-06-30T22:01:15.248260,3,1,69.75,0.1,69.7,500,69.6,625,69.4,200,,,,,,,,,,,,,,,69.8,625,,,,,,,,,,,,,,,,,,
2026-06-30T22:01:15.263209+00:00,2026-06-30T22:01:15.254259,3,2,69.75,0.1,69.7,500,69.6,625,69.4,200,,,,,,,,,,,,,,,69.8,625,70.1,500,,,,,,,,,,,,,,,,
2026-06-30T22:01:15.582088+00:00,2026-06-30T22:01:15.582030,2,1,69.9,0.4,69.7,500,69.4,200,,,,,,,,,,,,,,,,,70.1,500,,,,,,,,,,,,,,,,,,
2026-06-30T22:01:15.592395+00:00,2026-06-30T22:01:15.585472,3,2,69.75,0.1,69.7,500,69.6,625,69.4,200,,,,,,,,,,,,,,,69.8,625,70.1,500,,,,,,,,,,,,,,,,
2026-06-30T22:01:15.840067+00:00,2026-06-30T22:01:15.838060,2,2,69.7,0.2,69.6,625,69.4,200,,,,,,,,,,,,,,,,,69.8,625,70.1,500,,,,,,,,,,,,,,,,
2026-06-30T22:01:15.850392+00:00,2026-06-30T22:01:15.845873,2,1,69.7,0.2,69.6,625,69.4,200,,,,,,,,,,,,,,,,,69.8,625,,,,,,,,,,,,,,,,,,
2026-06-30T22:01:15.860862+00:00,2026-06-30T22:01:15.857892,3,2,69.75,0.1,69.7,500,69.6,625,69.4,200,,,,,,,,,,,,,,,69.8,625,70.2,500,,,,,,,,,,,,,,,,
2026-06-30T22:01:15.881749+00:00,2026-06-30T22:01:15.880404,2,2,69.75,0.1,69.7,500,69.6,625,,,,,,,,,,,,,,,,,69.8,625,70.2,500,,,,,,,,,,,,,,,,
2026-06-30T22:01:15.892152+00:00,2026-06-30T22:01:15.890176,2,2,69.75,0.1,69.7,500,69.6,825,,,,,,,,,,,,,,,,,69.8,825,70.2,500,,,,,,,,,,,,,,,,
2026-06-30T22:01:16.448169+00:00,2026-06-30T22:01:16.442230,1,2,69.7,0.2,69.6,825,,,,,,,,,,,,,,,,,,,69.8,825,70.2,500,,,,,,,,,,,,,,,,
2026-06-30T22:01:16.458639+00:00,2026-06-30T22:01:16.458538,2,1,69.75,0.1,69.7,500,69.6,825,,,,,,,,,,,,,,,,,69.8,825,,,,,,,,,,,,,,,,,,
2026-06-30T22:01:16.469084+00:00,2026-06-30T22:01:16.466836,2,2,69.75,0.1,69.7,500,69.6,825,,,,,,,,,,,,,,,,,69.8,825,70.2,500,,,,,,,,,,,,,,,,
2026-06-30T22:01:16.892566+00:00,2026-06-30T22:01:16.891777,2,3,69.75,0.1,69.7,1125,69.6,200,,,,,,,,,,,,,,,,,69.8,200,69.9,625,70.2,500,,,,,,,,,,,,,,
2026-06-30T22:01:17.047710+00:00,2026-06-30T22:01:17.046413,2,3,69.75,0.1,69.7,625,69.6,200,,,,,,,,,,,,,,,,,69.8,200,69.9,625,70.2,500,,,,,,,,,,,,,,
2026-06-30T22:01:17.058088+00:00,2026-06-30T22:01:17.052677,2,2,69.75,0.1,69.7,625,69.6,200,,,,,,,,,,,,,,,,,69.8,200,69.9,625,,,,,,,,,,,,,,,,
2026-06-30T22:01:17.068570+00:00,2026-06-30T22:01:17.065810,2,3,69.75,0.1,69.7,1125,69.6,200,,,,,,,,,,,,,,,,,69.8,200,69.9,625,70.1,500,,,,,,,,,,,,,,
2026-06-30T22:01:17.099907+00:00,2026-06-30T22:01:17.096129,1,2,69.8,0.2,69.7,1125,,,,,,,,,,,,,,,,,,,69.9,625,70.1,500,,,,,,,,,,,,,,,,
2026-06-30T22:01:17.110334+00:00,2026-06-30T22:01:17.105539,2,2,69.8,0.2,69.7,925,69.5,200,,,,,,,,,,,,,,,,,69.9,625,70.1,500,,,,,,,,,,,,,,,,
2026-06-30T22:01:17.656720+00:00,2026-06-30T22:01:17.654174,2,1,69.8,0.2,69.7,425,69.5,200,,,,,,,,,,,,,,,,,69.9,625,,,,,,,,,,,,,,,,,,
2026-06-30T22:01:17.667226+00:00,2026-06-30T22:01:17.665832,2,2,69.8,0.2,69.7,925,69.5,200,,,,,,,,,,,,,,,,,69.9,625,70.1,500,,,,,,,,,,,,,,,,
2026-06-30T22:01:18.202116+00:00,2026-06-30T22:01:18.200288,3,2,69.75,0.1,69.7,500,69.6,625,69.5,200,,,,,,,,,,,,,,,69.8,625,70.1,500,,,,,,,,,,,,,,,,
2026-06-30T22:01:18.253289+00:00,2026-06-30T22:01:18.250297,2,2,69.7,0.2,69.6,625,69.5,200,,,,,,,,,,,,,,,,,69.8,625,70.1,500,,,,,,,,,,,,,,,,
2026-06-30T22:01:18.263642+00:00,2026-06-30T22:01:18.263235,3,1,69.75,0.1,69.7,500,69.6,625,69.5,200,,,,,,,,,,,,,,,69.8,625,,,,,,,,,,,,,,,,,,
2026-06-30T22:01:18.274083+00:00,2026-06-30T22:01:18.269396,3,2,69.75,0.1,69.7,500,69.6,625,69.5,200,,,,,,,,,,,,,,,69.8,625,70.2,500,,,,,,,,,,,,,,,,
2026-06-30T22:01:18.315616+00:00,2026-06-30T22:01:18.310642,3,2,69.75,0.1,69.7,500,69.6,625,69.4,200,,,,,,,,,,,,,,,69.8,625,70.2,500,,,,,,,,,,,,,,,,
2026-06-30T22:01:18.326114+00:00,2026-06-30T22:01:18.316145,3,2,69.75,0.1,69.7,300,69.6,625,69.4,200,,,,,,,,,,,,,,,69.8,625,70.2,500,,,,,,,,,,,,,,,,
2026-06-30T22:01:18.901888+00:00,2026-06-30T22:01:18.895440,2,2,69.7,0.2,69.6,625,69.4,200,,,,,,,,,,,,,,,,,69.8,625,70.2,500,,,,,,,,,,,,,,,,
2026-06-30T22:01:18.912330+00:00,2026-06-30T22:01:18.908680,3,1,69.75,0.1,69.7,500,69.6,625,69.4,200,,,,,,,,,,,,,,,69.8,625,,,,,,,,,,,,,,,,,,
2026-06-30T22:01:18.922781+00:00,2026-06-30T22:01:18.914619,3,2,69.75,0.1,69.7,500,69.6,625,69.4,200,,,,,,,,,,,,,,,69.8,625,70.1,500,,,,,,,,,,,,,,,,
2026-06-30T22:01:19.503236+00:00,2026-06-30T22:01:19.498504,2,2,69.7,0.2,69.6,625,69.4,200,,,,,,,,,,,,,,,,,69.8,625,70.1,500,,,,,,,,,,,,,,,,
2026-06-30T22:01:19.513734+00:00,2026-06-30T22:01:19.511265,2,1,69.7,0.2,69.6,1125,69.4,200,,,,,,,,,,,,,,,,,69.8,625,,,,,,,,,,,,,,,,,,
2026-06-30T22:01:19.524163+00:00,2026-06-30T22:01:19.523655,2,2,69.7,0.2,69.6,500,69.4,200,,,,,,,,,,,,,,,,,69.8,625,70.1,500,,,,,,,,,,,,,,,,
2026-06-30T22:01:19.534630+00:00,2026-06-30T22:01:19.530803,1,2,69.7,0.2,69.6,500,,,,,,,,,,,,,,,,,,,69.8,625,70.1,500,,,,,,,,,,,,,,,,
2026-06-30T22:01:19.545099+00:00,2026-06-30T22:01:19.538074,1,2,69.7,0.2,69.6,700,,,,,,,,,,,,,,,,,,,69.8,625,70.1,500,,,,,,,,,,,,,,,,
2026-06-30T22:01:19.555559+00:00,2026-06-30T22:01:19.553056,2,2,69.65,0.1,69.6,700,69.5,625,,,,,,,,,,,,,,,,,69.7,825,70.1,500,,,,,,,,,,,,,,,,
2026-06-30T22:01:20.101208+00:00,2026-06-30T22:01:20.100468,2,2,69.65,0.1,69.6,200,69.5,625,,,,,,,,,,,,,,,,,69.7,825,70.1,500,,,,,,,,,,,,,,,,
2026-06-30T22:01:20.111440+00:00,2026-06-30T22:01:20.107133,2,1,69.65,0.1,69.6,200,69.5,625,,,,,,,,,,,,,,,,,69.7,825,,,,,,,,,,,,,,,,,,
2026-06-30T22:01:20.121818+00:00,2026-06-30T22:01:20.117654,2,2,69.65,0.1,69.6,700,69.5,625,,,,,,,,,,,,,,,,,69.7,825,70.0,500,,,,,,,,,,,,,,,,
2026-06-30T22:01:20.706891+00:00,2026-06-30T22:01:20.703415,2,2,69.65,0.1,69.6,200,69.5,625,,,,,,,,,,,,,,,,,69.7,825,70.0,500,,,,,,,,,,,,,,,,
2026-06-30T22:01:20.717238+00:00,2026-06-30T22:01:20.711819,2,1,69.65,0.1,69.6,200,69.5,625,,,,,,,,,,,,,,,,,69.7,825,,,,,,,,,,,,,,,,,,
2026-06-30T22:01:20.727645+00:00,2026-06-30T22:01:20.723996,2,2,69.65,0.1,69.6,700,69.5,625,,,,,,,,,,,,,,,,,69.7,825,70.1,500,,,,,,,,,,,,,,,,
2026-06-30T22:01:20.758896+00:00,2026-06-30T22:01:20.754574,2,2,69.65,0.1,69.6,500,69.5,625,,,,,,,,,,,,,,,,,69.7,625,70.1,500,,,,,,,,,,,,,,,,
2026-06-30T22:01:20.769373+00:00,2026-06-30T22:01:20.763997,3,2,69.65,0.1,69.6,300,69.5,625,69.4,200,,,,,,,,,,,,,,,69.7,625,70.1,500,,,,,,,,,,,,,,,,
2026-06-30T22:01:20.862956+00:00,2026-06-30T22:01:20.861908,1,2,69.5,0.2,69.4,825,,,,,,,,,,,,,,,,,,,69.6,325,70.1,500,,,,,,,,,,,,,,,,
2026-06-30T22:01:21.311182+00:00,2026-06-30T22:01:21.305814,1,1,69.5,0.2,69.4,825,,,,,,,,,,,,,,,,,,,69.6,325,,,,,,,,,,,,,,,,,,
2026-06-30T22:01:21.321467+00:00,2026-06-30T22:01:21.315018,2,0,,,69.6,175,69.4,825,,,,,,,,,,,,,,,,,,,,,,,,,,,,,,,,,,,,
2026-06-30T22:01:21.331821+00:00,2026-06-30T22:01:21.321900,2,1,69.85,0.5,69.6,175,69.4,825,,,,,,,,,,,,,,,,,70.1,500,,,,,,,,,,,,,,,,,,
2026-06-30T22:01:21.506350+00:00,2026-06-30T22:01:21.503509,2,1,69.85,0.5,69.6,155,69.4,825,,,,,,,,,,,,,,,,,70.1,500,,,,,,,,,,,,,,,,,,
2026-06-30T22:01:21.917168+00:00,2026-06-30T22:01:21.910667,1,1,69.75,0.7,69.4,825,,,,,,,,,,,,,,,,,,,70.1,500,,,,,,,,,,,,,,,,,,
2026-06-30T22:01:21.927613+00:00,2026-06-30T22:01:21.925093,2,0,,,69.7,500,69.4,825,,,,,,,,,,,,,,,,,,,,,,,,,,,,,,,,,,,,
2026-06-30T22:01:21.938044+00:00,2026-06-30T22:01:21.931718,2,1,69.9,0.4,69.7,500,69.4,825,,,,,,,,,,,,,,,,,70.1,500,,,,,,,,,,,,,,,,,,
2026-06-30T22:01:21.979647+00:00,2026-06-30T22:01:21.974968,2,1,69.9,0.4,69.7,500,69.4,825,,,,,,,,,,,,,,,,,70.1,500,,,,,,,,,,,,,,,,,,
2026-06-30T22:01:21.990082+00:00,2026-06-30T22:01:21.980692,2,1,69.9,0.4,69.7,300,69.4,825,,,,,,,,,,,,,,,,,70.1,500,,,,,,,,,,,,,,,,,,
2026-06-30T22:01:22.164722+00:00,2026-06-30T22:01:22.164154,2,1,69.9,0.4,69.7,300,69.4,200,,,,,,,,,,,,,,,,,70.1,500,,,,,,,,,,,,,,,,,,
2026-06-30T22:01:22.174987+00:00,2026-06-30T22:01:22.168763,3,2,69.95,0.1,69.9,625,69.7,300,69.4,200,,,,,,,,,,,,,,,70.0,625,70.1,500,,,,,,,,,,,,,,,,
2026-06-30T22:01:22.515094+00:00,2026-06-30T22:01:22.510569,2,2,69.95,0.1,69.9,625,69.4,200,,,,,,,,,,,,,,,,,70.0,625,70.1,500,,,,,,,,,,,,,,,,
2026-06-30T22:01:22.525489+00:00,2026-06-30T22:01:22.525358,3,1,69.95,0.1,69.9,625,69.7,500,69.4,200,,,,,,,,,,,,,,,70.0,625,,,,,,,,,,,,,,,,,,
2026-06-30T22:01:22.535930+00:00,2026-06-30T22:01:22.532199,3,2,69.95,0.1,69.9,625,69.7,500,69.4,200,,,,,,,,,,,,,,,70.0,625,70.2,500,,,,,,,,,,,,,,,,
2026-06-30T22:01:22.794158+00:00,2026-06-30T22:01:22.784449,3,2,69.95,0.1,69.9,625,69.7,500,69.4,200,,,,,,,,,,,,,,,70.0,615,70.2,500,,,,,,,,,,,,,,,,
2026-06-30T22:01:23.081642+00:00,2026-06-30T22:01:23.076474,3,2,69.95,0.1,69.9,625,69.7,500,69.4,200,,,,,,,,,,,,,,,70.0,604,70.2,500,,,,,,,,,,,,,,,,
2026-06-30T22:01:23.102338+00:00,2026-06-30T22:01:23.096784,3,2,69.95,0.1,69.9,625,69.7,500,69.4,200,,,,,,,,,,,,,,,70.0,584,70.2,500,,,,,,,,,,,,,,,,
2026-06-30T22:01:23.122846+00:00,2026-06-30T22:01:23.121885,2,1,69.95,0.1,69.9,625,69.4,200,,,,,,,,,,,,,,,,,70.0,584,,,,,,,,,,,,,,,,,,
2026-06-30T22:01:23.133193+00:00,2026-06-30T22:01:23.127751,3,1,69.95,0.1,69.9,625,69.7,500,69.4,200,,,,,,,,,,,,,,,70.0,584,,,,,,,,,,,,,,,,,,
2026-06-30T22:01:23.143483+00:00,2026-06-30T22:01:23.133638,3,2,69.95,0.1,69.9,625,69.7,500,69.4,200,,,,,,,,,,,,,,,70.0,584,70.2,500,,,,,,,,,,,,,,,,
2026-06-30T22:01:23.194727+00:00,2026-06-30T22:01:23.191324,3,2,69.95,0.1,69.9,625,69.7,500,69.6,200,,,,,,,,,,,,,,,70.0,584,70.2,500,,,,,,,,,,,,,,,,
2026-06-30T22:01:23.205065+00:00,2026-06-30T22:01:23.196574,3,2,69.95,0.1,69.9,425,69.7,500,69.6,200,,,,,,,,,,,,,,,70.0,584,70.2,500,,,,,,,,,,,,,,,,
2026-06-30T22:01:23.482393+00:00,2026-06-30T22:01:23.476676,3,2,69.95,0.1,69.9,625,69.7,500,69.6,200,,,,,,,,,,,,,,,70.0,625,70.2,500,,,,,,,,,,,,,,,,
2026-06-30T22:01:23.720104+00:00,2026-06-30T22:01:23.717645,2,2,69.95,0.1,69.9,625,69.6,200,,,,,,,,,,,,,,,,,70.0,625,70.2,500,,,,,,,,,,,,,,,,
2026-06-30T22:01:23.730451+00:00,2026-06-30T22:01:23.724965,2,1,69.95,0.1,69.9,625,69.6,200,,,,,,,,,,,,,,,,,70.0,625,,,,,,,,,,,,,,,,,,
2026-06-30T22:01:23.740850+00:00,2026-06-30T22:01:23.737127,3,2,69.95,0.1,69.9,625,69.7,500,69.6,200,,,,,,,,,,,,,,,70.0,625,70.2,500,,,,,,,,,,,,,,,,
2026-06-30T22:01:24.326092+00:00,2026-06-30T22:01:24.320607,2,2,69.95,0.1,69.9,625,69.6,200,,,,,,,,,,,,,,,,,70.0,625,70.2,500,,,,,,,,,,,,,,,,
2026-06-30T22:01:24.336593+00:00,2026-06-30T22:01:24.332809,3,1,69.95,0.1,69.9,625,69.7,500,69.6,200,,,,,,,,,,,,,,,70.0,625,,,,,,,,,,,,,,,,,,
2026-06-30T22:01:24.347083+00:00,2026-06-30T22:01:24.338641,3,2,69.95,0.1,69.9,625,69.7,500,69.6,200,,,,,,,,,,,,,,,70.0,625,70.2,500,,,,,,,,,,,,,,,,
2026-06-30T22:01:24.399011+00:00,2026-06-30T22:01:24.398907,2,2,69.95,0.1,69.9,625,69.7,500,,,,,,,,,,,,,,,,,70.0,625,70.2,500,,,,,,,,,,,,,,,,
2026-06-30T22:01:24.409496+00:00,2026-06-30T22:01:24.404051,3,2,69.95,0.1,69.9,425,69.7,500,69.6,200,,,,,,,,,,,,,,,70.0,625,70.2,500,,,,,,,,,,,,,,,,
2026-06-30T22:01:24.801947+00:00,2026-06-30T22:01:24.794787,3,2,69.85,0.1,69.8,625,69.7,500,69.6,200,,,,,,,,,,,,,,,69.9,613,70.2,500,,,,,,,,,,,,,,,,
2026-06-30T22:01:24.955794+00:00,2026-06-30T22:01:24.949832,2,2,69.85,0.1,69.8,625,69.6,200,,,,,,,,,,,,,,,,,69.9,613,70.2,500,,,,,,,,,,,,,,,,
2026-06-30T22:01:24.966249+00:00,2026-06-30T22:01:24.961718,3,1,69.85,0.1,69.8,625,69.7,500,69.6,200,,,,,,,,,,,,,,,69.9,613,,,,,,,,,,,,,,,,,,
2026-06-30T22:01:24.976715+00:00,2026-06-30T22:01:24.967366,3,2,69.85,0.1,69.8,625,69.7,500,69.6,200,,,,,,,,,,,,,,,69.9,613,70.2,500,,,,,,,,,,,,,,,,
2026-06-30T22:01:25.553227+00:00,2026-06-30T22:01:25.552774,2,2,69.85,0.1,69.8,625,69.6,200,,,,,,,,,,,,,,,,,69.9,613,70.2,500,,,,,,,,,,,,,,,,
2026-06-30T22:01:25.563520+00:00,2026-06-30T22:01:25.559104,2,1,69.85,0.1,69.8,625,69.6,200,,,,,,,,,,,,,,,,,69.9,613,,,,,,,,,,,,,,,,,,
2026-06-30T22:01:25.573979+00:00,2026-06-30T22:01:25.569702,3,2,69.85,0.1,69.8,625,69.7,500,69.6,200,,,,,,,,,,,,,,,69.9,613,70.2,500,,,,,,,,,,,,,,,,
2026-06-30T22:01:25.615630+00:00,2026-06-30T22:01:25.610168,2,2,69.85,0.1,69.8,425,69.7,700,,,,,,,,,,,,,,,,,69.9,613,70.2,500,,,,,,,,,,,,,,,,
2026-06-30T22:01:26.089227+00:00,2026-06-30T22:01:26.088099,1,2,69.8,0.2,69.7,700,,,,,,,,,,,,,,,,,,,69.9,613,70.2,500,,,,,,,,,,,,,,,,
2026-06-30T22:01:26.099531+00:00,2026-06-30T22:01:26.093880,2,2,69.95,0.1,69.9,625,69.7,700,,,,,,,,,,,,,,,,,70.0,625,70.2,500,,,,,,,,,,,,,,,,
2026-06-30T22:01:26.161141+00:00,2026-06-30T22:01:26.155632,2,2,69.95,0.1,69.9,625,69.7,200,,,,,,,,,,,,,,,,,70.0,625,70.2,500,,,,,,,,,,,,,,,,
2026-06-30T22:01:26.171541+00:00,2026-06-30T22:01:26.169936,2,1,69.95,0.1,69.9,625,69.7,700,,,,,,,,,,,,,,,,,70.0,625,,,,,,,,,,,,,,,,,,
2026-06-30T22:01:26.182036+00:00,2026-06-30T22:01:26.176619,2,2,69.95,0.1,69.9,625,69.7,700,,,,,,,,,,,,,,,,,70.0,625,70.2,500,,,,,,,,,,,,,,,,
2026-06-30T22:01:26.285155+00:00,2026-06-30T22:01:26.283055,2,2,69.95,0.1,69.9,615,69.7,700,,,,,,,,,,,,,,,,,70.0,625,70.2,500,,,,,,,,,,,,,,,,
2026-06-30T22:01:26.605171+00:00,2026-06-30T22:01:26.597146,2,2,69.95,0.1,69.9,595,69.7,700,,,,,,,,,,,,,,,,,70.0,625,70.2,500,,,,,,,,,,,,,,,,
2026-06-30T22:01:26.759892+00:00,2026-06-30T22:01:26.759761,2,2,69.95,0.1,69.9,595,69.7,200,,,,,,,,,,,,,,,,,70.0,625,70.2,500,,,,,,,,,,,,,,,,
2026-06-30T22:01:26.770380+00:00,2026-06-30T22:01:26.765724,2,1,69.95,0.1,69.9,595,69.7,200,,,,,,,,,,,,,,,,,70.0,625,,,,,,,,,,,,,,,,,,
2026-06-30T22:01:26.780821+00:00,2026-06-30T22:01:26.777698,2,2,69.95,0.1,69.9,595,69.7,700,,,,,,,,,,,,,,,,,70.0,625,70.2,500,,,,,,,,,,,,,,,,
2026-06-30T22:01:26.822670+00:00,2026-06-30T22:01:26.816992,3,2,69.95,0.1,69.9,395,69.7,500,69.5,200,,,,,,,,,,,,,,,70.0,625,70.2,500,,,,,,,,,,,,,,,,
2026-06-30T22:01:27.368051+00:00,2026-06-30T22:01:27.362176,2,2,69.95,0.1,69.9,395,69.5,200,,,,,,,,,,,,,,,,,70.0,625,70.2,500,,,,,,,,,,,,,,,,
2026-06-30T22:01:27.378397+00:00,2026-06-30T22:01:27.375498,3,1,69.95,0.1,69.9,395,69.7,500,69.5,200,,,,,,,,,,,,,,,70.0,625,,,,,,,,,,,,,,,,,,
2026-06-30T22:01:27.388768+00:00,2026-06-30T22:01:27.381358,3,2,69.95,0.1,69.9,395,69.7,500,69.5,200,,,,,,,,,,,,,,,70.0,625,70.2,500,,,,,,,,,,,,,,,,
2026-06-30T22:01:27.399121+00:00,2026-06-30T22:01:27.398021,2,1,69.95,0.5,69.7,500,69.5,200,,,,,,,,,,,,,,,,,70.2,500,,,,,,,,,,,,,,,,,,
2026-06-30T22:01:27.409435+00:00,2026-06-30T22:01:27.402054,2,2,69.65,0.1,69.6,625,69.5,200,,,,,,,,,,,,,,,,,69.7,125,70.2,500,,,,,,,,,,,,,,,,
2026-06-30T22:01:27.604738+00:00,2026-06-30T22:01:27.598900,2,2,69.65,0.1,69.6,625,69.5,200,,,,,,,,,,,,,,,,,69.7,105,70.2,500,,,,,,,,,,,,,,,,
2026-06-30T22:01:27.973140+00:00,2026-06-30T22:01:27.965190,2,1,69.65,0.1,69.6,625,69.5,200,,,,,,,,,,,,,,,,,69.7,105,,,,,,,,,,,,,,,,,,
