recv_time,book_timestamp,n_bids,n_asks,mid,spread,bid_px_0,bid_vol_0,bid_px_1,bid_vol_1,bid_px_2,bid_vol_2,bid_px_3,bid_vol_3,bid_px_4,bid_vol_4,bid_px_5,bid_vol_5,bid_px_6,bid_vol_6,bid_px_7,bid_vol_7,bid_px_8,bid_vol_8,bid_px_9,bid_vol_9,ask_px_0,ask_vol_0,ask_px_1,ask_vol_1,ask_px_2,ask_vol_2,ask_px_3,ask_vol_3,ask_px_4,ask_vol_4,ask_px_5,ask_vol_5,ask_px_6,ask_vol_6,ask_px_7,ask_vol_7,ask_px_8,ask_vol_8,ask_px_9,ask_vol_9
2026-06-30T02:00:00.531120+00:00,2026-06-30T12:00:00.530120,2,2,69.55,0.1,69.5,625,69.4,200,,,,,,,,,,,,,,,,,69.6,825,69.7,500,,,,,,,,,,,,,,,,
2026-06-30T02:00:00.542197+00:00,2026-06-30T12:00:00.541198,3,1,69.55,0.1,69.5,625,69.4,200,69.3,500,,,,,,,,,,,,,,,69.6,825,,,,,,,,,,,,,,,,,,
2026-06-30T02:00:00.553289+00:00,2026-06-30T12:00:00.548290,3,2,69.55,0.1,69.5,625,69.4,200,69.3,500,,,,,,,,,,,,,,,69.6,825,69.7,500,,,,,,,,,,,,,,,,
2026-06-30T02:00:00.575395+00:00,2026-06-30T12:00:00.571396,3,2,69.55,0.1,69.5,625,69.4,200,69.3,500,,,,,,,,,,,,,,,69.6,825,69.7,500,,,,,,,,,,,,,,,,
2026-06-30T02:00:00.737389+00:00,2026-06-30T12:00:00.737365,2,2,69.5,0.2,69.4,200,69.3,500,,,,,,,,,,,,,,,,,69.6,825,69.7,500,,,,,,,,,,,,,,,,
2026-06-30T02:00:00.747938+00:00,2026-06-30T12:00:00.744390,2,2,69.5,0.2,69.4,825,69.3,500,,,,,,,,,,,,,,,,,69.6,200,69.7,500,,,,,,,,,,,,,,,,
2026-06-30T02:00:00.758947+00:00,2026-06-30T12:00:00.747938,2,2,69.5,0.2,69.4,825,69.3,500,,,,,,,,,,,,,,,,,69.6,825,69.7,500,,,,,,,,,,,,,,,,
2026-06-30T02:00:01.141051+00:00,2026-06-30T12:00:01.140051,1,1,69.5,0.2,69.4,825,,,,,,,,,,,,,,,,,,,69.6,825,,,,,,,,,,,,,,,,,,
2026-06-30T02:00:01.163168+00:00,2026-06-30T12:00:01.153102,2,2,69.5,0.2,69.4,825,69.3,500,,,,,,,,,,,,,,,,,69.6,825,69.7,500,,,,,,,,,,,,,,,,
2026-06-30T02:00:01.739887+00:00,2026-06-30T12:00:01.735817,1,2,69.5,0.2,69.4,825,,,,,,,,,,,,,,,,,,,69.6,825,69.7,500,,,,,,,,,,,,,,,,
2026-06-30T02:00:01.750950+00:00,2026-06-30T12:00:01.748950,2,1,69.5,0.2,69.4,825,69.2,500,,,,,,,,,,,,,,,,,69.6,825,,,,,,,,,,,,,,,,,,
2026-06-30T02:00:01.762025+00:00,2026-06-30T12:00:01.752950,2,2,69.5,0.2,69.4,825,69.2,500,,,,,,,,,,,,,,,,,69.6,825,69.7,500,,,,,,,,,,,,,,,,
2026-06-30T02:00:01.784163+00:00,2026-06-30T12:00:01.781163,2,2,69.5,0.2,69.4,825,69.2,500,,,,,,,,,,,,,,,,,69.6,625,69.7,500,,,,,,,,,,,,,,,,
2026-06-30T02:00:01.795238+00:00,2026-06-30T12:00:01.784163,2,3,69.45,0.1,69.4,825,69.2,500,,,,,,,,,,,,,,,,,69.5,200,69.6,625,69.7,500,,,,,,,,,,,,,,
2026-06-30T02:00:01.828005+00:00,2026-06-30T12:00:01.822437,2,3,69.45,0.1,69.4,825,69.2,500,,,,,,,,,,,,,,,,,69.5,100,69.6,625,69.7,500,,,,,,,,,,,,,,
2026-06-30T02:00:02.058505+00:00,2026-06-30T12:00:02.056931,3,1,69.6,0.2,69.5,525,69.4,200,69.2,500,,,,,,,,,,,,,,,69.7,500,,,,,,,,,,,,,,,,,,
2026-06-30T02:00:02.069085+00:00,2026-06-30T12:00:02.059524,3,2,69.55,0.1,69.5,525,69.4,200,69.2,500,,,,,,,,,,,,,,,69.6,625,69.7,500,,,,,,,,,,,,,,,,
2026-06-30T02:00:02.340867+00:00,2026-06-30T12:00:02.338859,2,2,69.55,0.1,69.5,525,69.4,200,,,,,,,,,,,,,,,,,69.6,625,69.7,500,,,,,,,,,,,,,,,,
2026-06-30T02:00:02.351922+00:00,2026-06-30T12:00:02.345867,2,1,69.55,0.1,69.5,525,69.4,200,,,,,,,,,,,,,,,,,69.6,625,,,,,,,,,,,,,,,,,,
2026-06-30T02:00:02.363072+00:00,2026-06-30T12:00:02.360072,3,2,69.55,0.1,69.5,525,69.4,200,69.2,500,,,,,,,,,,,,,,,69.6,625,69.7,500,,,,,,,,,,,,,,,,
2026-06-30T02:00:02.951867+00:00,2026-06-30T12:00:02.947857,2,1,69.55,0.1,69.5,525,69.4,200,,,,,,,,,,,,,,,,,69.6,625,,,,,,,,,,,,,,,,,,
2026-06-30T02:00:02.962931+00:00,2026-06-30T12:00:02.954867,3,1,69.55,0.1,69.5,525,69.4,200,69.2,500,,,,,,,,,,,,,,,69.6,625,,,,,,,,,,,,,,,,,,
2026-06-30T02:00:02.974016+00:00,2026-06-30T12:00:02.967965,3,2,69.55,0.1,69.5,525,69.4,200,69.2,500,,,,,,,,,,,,,,,69.6,625,69.7,500,,,,,,,,,,,,,,,,
2026-06-30T02:00:02.996171+00:00,2026-06-30T12:00:02.991172,3,2,69.55,0.1,69.5,525,69.4,200,69.2,500,,,,,,,,,,,,,,,69.6,825,69.7,500,,,,,,,,,,,,,,,,
2026-06-30T02:00:03.365138+00:00,2026-06-30T12:00:03.362130,2,2,69.5,0.2,69.4,200,69.2,500,,,,,,,,,,,,,,,,,69.6,825,69.7,500,,,,,,,,,,,,,,,,
2026-06-30T02:00:03.387296+00:00,2026-06-30T12:00:03.383296,1,3,69.3,0.2,69.2,1125,,,,,,,,,,,,,,,,,,,69.4,325,69.6,200,69.7,500,,,,,,,,,,,,,,
2026-06-30T02:00:03.549013+00:00,2026-06-30T12:00:03.545440,1,3,69.3,0.2,69.2,625,,,,,,,,,,,,,,,,,,,69.4,325,69.6,200,69.7,500,,,,,,,,,,,,,,
2026-06-30T02:00:03.560096+00:00,2026-06-30T12:00:03.557032,2,2,69.35,0.1,69.3,500,69.2,625,,,,,,,,,,,,,,,,,69.4,325,69.6,200,,,,,,,,,,,,,,,,
2026-06-30T02:00:03.571159+00:00,2026-06-30T12:00:03.563096,2,3,69.35,0.1,69.3,500,69.2,625,,,,,,,,,,,,,,,,,69.4,325,69.6,200,69.7,500,,,,,,,,,,,,,,
2026-06-30T02:00:04.159654+00:00,2026-06-30T12:00:04.155592,1,2,69.3,0.2,69.2,625,,,,,,,,,,,,,,,,,,,69.4,325,69.6,200,,,,,,,,,,,,,,,,
2026-06-30T02:00:04.170725+00:00,2026-06-30T12:00:04.167715,2,3,69.35,0.1,69.3,500,69.2,625,,,,,,,,,,,,,,,,,69.4,325,69.6,200,69.7,500,,,,,,,,,,,,,,
2026-06-30T02:00:04.203916+00:00,2026-06-30T12:00:04.201907,2,3,69.35,0.1,69.3,500,69.2,625,,,,,,,,,,,,,,,,,69.4,125,69.6,200,69.7,500,,,,,,,,,,,,,,
2026-06-30T02:00:04.684134+00:00,2026-06-30T12:00:04.681135,2,2,69.55,0.1,69.5,625,69.3,500,,,,,,,,,,,,,,,,,69.6,200,69.7,1125,,,,,,,,,,,,,,,,
2026-06-30T02:00:04.760682+00:00,2026-06-30T12:00:04.757672,1,2,69.55,0.1,69.5,625,,,,,,,,,,,,,,,,,,,69.6,200,69.7,625,,,,,,,,,,,,,,,,
2026-06-30T02:00:04.771746+00:00,2026-06-30T12:00:04.769746,2,2,69.55,0.1,69.5,625,69.3,500,,,,,,,,,,,,,,,,,69.6,200,69.7,1125,,,,,,,,,,,,,,,,
2026-06-30T02:00:05.360170+00:00,2026-06-30T12:00:05.358160,1,2,69.55,0.1,69.5,625,,,,,,,,,,,,,,,,,,,69.6,200,69.7,625,,,,,,,,,,,,,,,,
2026-06-30T02:00:05.371288+00:00,2026-06-30T12:00:05.369288,2,2,69.55,0.1,69.5,625,69.2,500,,,,,,,,,,,,,,,,,69.6,200,69.7,1125,,,,,,,,,,,,,,,,
2026-06-30T02:00:05.415227+00:00,2026-06-30T12:00:05.409227,2,1,69.6,0.2,69.5,825,69.2,500,,,,,,,,,,,,,,,,,69.7,1325,,,,,,,,,,,,,,,,,,
2026-06-30T02:00:05.993204+00:00,2026-06-30T12:00:05.989210,1,1,69.6,0.2,69.5,825,,,,,,,,,,,,,,,,,,,69.7,825,,,,,,,,,,,,,,,,,,
2026-06-30T02:00:06.004274+00:00,2026-06-30T12:00:06.000273,2,1,69.6,0.2,69.5,825,69.3,500,,,,,,,,,,,,,,,,,69.7,1325,,,,,,,,,,,,,,,,,,
2026-06-30T02:00:06.015336+00:00,2026-06-30T12:00:06.012337,3,2,69.55,0.1,69.5,200,69.4,625,69.3,500,,,,,,,,,,,,,,,69.6,625,69.7,700,,,,,,,,,,,,,,,,
2026-06-30T02:00:06.592198+00:00,2026-06-30T12:00:06.587188,2,2,69.55,0.1,69.5,200,69.4,625,,,,,,,,,,,,,,,,,69.6,625,69.7,700,,,,,,,,,,,,,,,,
2026-06-30T02:00:06.603262+00:00,2026-06-30T12:00:06.602262,3,2,69.55,0.1,69.5,200,69.4,625,69.2,500,,,,,,,,,,,,,,,69.6,625,69.7,200,,,,,,,,,,,,,,,,
2026-06-30T02:00:06.614325+00:00,2026-06-30T12:00:06.607315,3,2,69.55,0.1,69.5,200,69.4,625,69.2,500,,,,,,,,,,,,,,,69.6,625,69.7,700,,,,,,,,,,,,,,,,
2026-06-30T02:00:06.625389+00:00,2026-06-30T12:00:06.623388,2,2,69.5,0.2,69.4,625,69.2,500,,,,,,,,,,,,,,,,,69.6,625,69.7,500,,,,,,,,,,,,,,,,
2026-06-30T02:00:06.636452+00:00,2026-06-30T12:00:06.630452,3,2,69.55,0.1,69.5,200,69.4,625,69.2,500,,,,,,,,,,,,,,,69.6,625,69.7,700,,,,,,,,,,,,,,,,
2026-06-30T02:00:07.198339+00:00,2026-06-30T12:00:07.193760,2,2,69.55,0.1,69.5,200,69.4,625,,,,,,,,,,,,,,,,,69.6,625,69.7,200,,,,,,,,,,,,,,,,
2026-06-30T02:00:07.208919+00:00,2026-06-30T12:00:07.203349,3,2,69.55,0.1,69.5,200,69.4,625,69.3,500,,,,,,,,,,,,,,,69.6,625,69.7,700,,,,,,,,,,,,,,,,
2026-06-30T02:00:07.318161+00:00,2026-06-30T12:00:07.315603,2,1,69.6,0.2,69.5,200,69.3,500,,,,,,,,,,,,,,,,,69.7,700,,,,,,,,,,,,,,,,,,
2026-06-30T02:00:07.328740+00:00,2026-06-30T12:00:07.321172,2,2,69.35,0.1,69.3,500,69.2,625,,,,,,,,,,,,,,,,,69.4,425,69.7,700,,,,,,,,,,,,,,,,
2026-06-30T02:00:07.797887+00:00,2026-06-30T12:00:07.791887,1,2,69.3,0.2,69.2,625,,,,,,,,,,,,,,,,,,,69.4,425,69.7,700,,,,,,,,,,,,,,,,
2026-06-30T02:00:07.808515+00:00,2026-06-30T12:00:07.805946,2,3,69.35,0.1,69.3,500,69.2,625,,,,,,,,,,,,,,,,,69.4,425,69.7,200,69.8,500,,,,,,,,,,,,,,
2026-06-30T02:00:07.841238+00:00,2026-06-30T12:00:07.833175,2,2,69.35,0.1,69.3,500,69.2,625,,,,,,,,,,,,,,,,,69.4,425,69.8,500,,,,,,,,,,,,,,,,
2026-06-30T02:00:07.852302+00:00,2026-06-30T12:00:07.842230,2,3,69.35,0.1,69.3,500,69.2,625,,,,,,,,,,,,,,,,,69.4,225,69.5,200,69.8,500,,,,,,,,,,,,,,
2026-06-30T02:00:08.397407+00:00,2026-06-30T12:00:08.395346,1,3,69.3,0.2,69.2,625,,,,,,,,,,,,,,,,,,,69.4,225,69.5,200,69.8,500,,,,,,,,,,,,,,
2026-06-30T02:00:08.407985+00:00,2026-06-30T12:00:08.406417,2,2,69.35,0.1,69.3,500,69.2,625,,,,,,,,,,,,,,,,,69.4,225,69.5,200,,,,,,,,,,,,,,,,
2026-06-30T02:00:08.418564+00:00,2026-06-30T12:00:08.412005,2,3,69.35,0.1,69.3,500,69.2,625,,,,,,,,,,,,,,,,,69.4,225,69.5,200,69.7,500,,,,,,,,,,,,,,
2026-06-30T02:00:08.625451+00:00,2026-06-30T12:00:08.623452,1,3,69.35,0.1,69.3,500,,,,,,,,,,,,,,,,,,,69.4,225,69.5,200,69.7,500,,,,,,,,,,,,,,
2026-06-30T02:00:08.636515+00:00,2026-06-30T12:00:08.631515,2,3,69.45,0.1,69.4,625,69.3,500,,,,,,,,,,,,,,,,,69.5,200,69.6,625,69.7,500,,,,,,,,,,,,,,
2026-06-30T02:00:09.007226+00:00,2026-06-30T12:00:09.006226,1,2,69.45,0.1,69.4,625,,,,,,,,,,,,,,,,,,,69.5,200,69.6,625,,,,,,,,,,,,,,,,
2026-06-30T02:00:09.028429+00:00,2026-06-30T12:00:09.024869,2,3,69.45,0.1,69.4,625,69.3,500,,,,,,,,,,,,,,,,,69.5,200,69.6,625,69.8,500,,,,,,,,,,,,,,
2026-06-30T02:00:09.050089+00:00,2026-06-30T12:00:09.048079,2,2,69.5,0.2,69.4,625,69.3,700,,,,,,,,,,,,,,,,,69.6,625,69.8,500,,,,,,,,,,,,,,,,
2026-06-30T02:00:09.061152+00:00,2026-06-30T12:00:09.050089,2,3,69.45,0.1,69.4,625,69.3,700,,,,,,,,,,,,,,,,,69.5,200,69.6,625,69.8,500,,,,,,,,,,,,,,
2026-06-30T02:00:09.607692+00:00,2026-06-30T12:00:09.598692,2,3,69.45,0.1,69.4,625,69.3,200,,,,,,,,,,,,,,,,,69.5,200,69.6,625,69.8,500,,,,,,,,,,,,,,
2026-06-30T02:00:09.618318+00:00,2026-06-30T12:00:09.615757,2,3,69.45,0.1,69.4,1125,69.3,200,,,,,,,,,,,,,,,,,69.5,200,69.6,625,69.8,500,,,,,,,,,,,,,,
2026-06-30T02:00:09.933921+00:00,2026-06-30T12:00:09.932920,2,3,69.45,0.1,69.4,500,69.3,200,,,,,,,,,,,,,,,,,69.5,200,69.6,625,69.8,500,,,,,,,,,,,,,,
2026-06-30T02:00:09.944985+00:00,2026-06-30T12:00:09.943977,2,2,69.45,0.1,69.4,1125,69.3,200,,,,,,,,,,,,,,,,,69.5,825,69.8,500,,,,,,,,,,,,,,,,
2026-06-30T02:00:09.997857+00:00,2026-06-30T12:00:09.987435,2,2,69.45,0.1,69.4,1125,69.3,200,,,,,,,,,,,,,,,,,69.5,805,69.8,500,,,,,,,,,,,,,,,,
2026-06-30T02:00:10.205664+00:00,2026-06-30T12:00:10.201664,2,2,69.45,0.1,69.4,625,69.3,200,,,,,,,,,,,,,,,,,69.5,805,69.8,500,,,,,,,,,,,,,,,,
2026-06-30T02:00:10.227803+00:00,2026-06-30T12:00:10.219803,2,2,69.45,0.1,69.4,625,69.3,700,,,,,,,,,,,,,,,,,69.5,805,69.8,500,,,,,,,,,,,,,,,,
2026-06-30T02:00:10.260095+00:00,2026-06-30T12:00:10.258085,2,2,69.45,0.1,69.4,625,69.3,500,,,,,,,,,,,,,,,,,69.5,625,69.8,500,,,,,,,,,,,,,,,,
2026-06-30T02:00:10.271160+00:00,2026-06-30T12:00:10.264095,2,2,69.45,0.1,69.4,625,69.3,700,,,,,,,,,,,,,,,,,69.5,825,69.8,500,,,,,,,,,,,,,,,,
2026-06-30T02:00:10.814412+00:00,2026-06-30T12:00:10.812412,2,1,69.45,0.1,69.4,625,69.3,200,,,,,,,,,,,,,,,,,69.5,825,,,,,,,,,,,,,,,,,,
2026-06-30T02:00:10.825475+00:00,2026-06-30T12:00:10.824475,2,2,69.45,0.1,69.4,1125,69.3,200,,,,,,,,,,,,,,,,,69.5,825,69.8,500,,,,,,,,,,,,,,,,
2026-06-30T02:00:11.249959+00:00,2026-06-30T12:00:11.247956,3,2,69.45,0.1,69.4,500,69.3,200,69.2,625,,,,,,,,,,,,,,,69.5,200,69.8,500,,,,,,,,,,,,,,,,
2026-06-30T02:00:11.261047+00:00,2026-06-30T12:00:11.250116,2,3,69.35,0.1,69.3,200,69.2,625,,,,,,,,,,,,,,,,,69.4,125,69.5,200,69.8,500,,,,,,,,,,,,,,
2026-06-30T02:00:11.414067+00:00,2026-06-30T12:00:11.408057,2,2,69.35,0.1,69.3,200,69.2,625,,,,,,,,,,,,,,,,,69.4,125,69.5,200,,,,,,,,,,,,,,,,
2026-06-30T02:00:11.425152+00:00,2026-06-30T12:00:11.420152,3,2,69.45,0.1,69.4,375,69.3,200,69.2,625,,,,,,,,,,,,,,,69.5,200,69.8,500,,,,,,,,,,,,,,,,
2026-06-30T02:00:11.478546+00:00,2026-06-30T12:00:11.471986,3,2,69.6,0.2,69.5,200,69.4,375,69.2,625,,,,,,,,,,,,,,,69.7,200,69.8,500,,,,,,,,,,,,,,,,
2026-06-30T02:00:12.044381+00:00,2026-06-30T12:00:12.039380,2,1,69.6,0.2,69.5,200,69.2,625,,,,,,,,,,,,,,,,,69.7,200,,,,,,,,,,,,,,,,,,
2026-06-30T02:00:12.055444+00:00,2026-06-30T12:00:12.050444,3,2,69.6,0.2,69.5,200,69.4,500,69.2,625,,,,,,,,,,,,,,,69.7,200,69.9,500,,,,,,,,,,,,,,,,
2026-06-30T02:00:12.557352+00:00,2026-06-30T12:00:12.554352,2,2,69.6,0.2,69.5,200,69.4,500,,,,,,,,,,,,,,,,,69.7,200,69.9,500,,,,,,,,,,,,,,,,
2026-06-30T02:00:12.567976+00:00,2026-06-30T12:00:12.558417,2,2,69.6,0.2,69.5,825,69.4,500,,,,,,,,,,,,,,,,,69.7,825,69.9,500,,,,,,,,,,,,,,,,
2026-06-30T02:00:12.644936+00:00,2026-06-30T12:00:12.638936,1,2,69.6,0.2,69.5,825,,,,,,,,,,,,,,,,,,,69.7,825,69.9,500,,,,,,,,,,,,,,,,
2026-06-30T02:00:12.655999+00:00,2026-06-30T12:00:12.651999,2,1,69.6,0.2,69.5,825,69.4,500,,,,,,,,,,,,,,,,,69.7,825,,,,,,,,,,,,,,,,,,
2026-06-30T02:00:12.667061+00:00,2026-06-30T12:00:12.659062,2,2,69.6,0.2,69.5,825,69.4,500,,,,,,,,,,,,,,,,,69.7,825,69.8,500,,,,,,,,,,,,,,,,
2026-06-30T02:00:12.688287+00:00,2026-06-30T12:00:12.685727,3,2,69.6,0.2,69.5,425,69.4,500,69.2,200,,,,,,,,,,,,,,,69.7,625,69.8,500,,,,,,,,,,,,,,,,
2026-06-30T02:00:13.252136+00:00,2026-06-30T12:00:13.250136,2,1,69.6,0.2,69.5,425,69.2,200,,,,,,,,,,,,,,,,,69.7,625,,,,,,,,,,,,,,,,,,
2026-06-30T02:00:13.263200+00:00,2026-06-30T12:00:13.262200,3,2,69.6,0.2,69.5,425,69.4,500,69.2,200,,,,,,,,,,,,,,,69.7,625,69.9,500,,,,,,,,,,,,,,,,
2026-06-30T02:00:13.851059+00:00,2026-06-30T12:00:13.844996,2,2,69.6,0.2,69.5,425,69.2,200,,,,,,,,,,,,,,,,,69.7,625,69.9,500,,,,,,,,,,,,,,,,
2026-06-30T02:00:13.862122+00:00,2026-06-30T12:00:13.857112,3,1,69.6,0.2,69.5,425,69.4,500,69.2,200,,,,,,,,,,,,,,,69.7,625,,,,,,,,,,,,,,,,,,
2026-06-30T02:00:13.873087+00:00,2026-06-30T12:00:13.870186,2,1,69.65,0.5,69.4,500,69.2,200,,,,,,,,,,,,,,,,,69.9,500,,,,,,,,,,,,,,,,,,
2026-06-30T02:00:13.884182+00:00,2026-06-30T12:00:13.878172,2,2,69.5,0.2,69.4,1125,69.2,200,,,,,,,,,,,,,,,,,69.6,625,69.9,500,,,,,,,,,,,,,,,,
2026-06-30T02:00:13.895251+00:00,2026-06-30T12:00:13.892243,1,2,69.5,0.2,69.4,1325,,,,,,,,,,,,,,,,,,,69.6,625,69.9,500,,,,,,,,,,,,,,,,
2026-06-30T02:00:13.906315+00:00,2026-06-30T12:00:13.897305,1,2,69.5,0.2,69.4,1325,,,,,,,,,,,,,,,,,,,69.6,825,69.9,500,,,,,,,,,,,,,,,,
2026-06-30T02:00:14.460061+00:00,2026-06-30T12:00:14.459070,1,1,69.5,0.2,69.4,1325,,,,,,,,,,,,,,,,,,,69.6,825,,,,,,,,,,,,,,,,,,
2026-06-30T02:00:14.471153+00:00,2026-06-30T12:00:14.464070,1,2,69.5,0.2,69.4,1325,,,,,,,,,,,,,,,,,,,69.6,825,69.8,500,,,,,,,,,,,,,,,,
2026-06-30T02:00:15.057609+00:00,2026-06-30T12:00:15.050551,1,2,69.5,0.2,69.4,825,,,,,,,,,,,,,,,,,,,69.6,825,69.8,500,,,,,,,,,,,,,,,,
2026-06-30T02:00:15.068189+00:00,2026-06-30T12:00:15.063621,1,1,69.5,0.2,69.4,1325,,,,,,,,,,,,,,,,,,,69.6,825,,,,,,,,,,,,,,,,,,
2026-06-30T02:00:15.078768+00:00,2026-06-30T12:00:15.069207,1,2,69.5,0.2,69.4,1325,,,,,,,,,,,,,,,,,,,69.6,825,69.8,500,,,,,,,,,,,,,,,,
2026-06-30T02:00:15.100937+00:00,2026-06-30T12:00:15.099937,1,2,69.5,0.2,69.4,1125,,,,,,,,,,,,,,,,,,,69.6,625,69.8,500,,,,,,,,,,,,,,,,
2026-06-30T02:00:15.112001+00:00,2026-06-30T12:00:15.104937,1,2,69.5,0.2,69.4,1325,,,,,,,,,,,,,,,,,,,69.6,825,69.8,500,,,,,,,,,,,,,,,,
2026-06-30T02:00:15.188035+00:00,2026-06-30T12:00:15.184458,1,2,69.5,0.2,69.4,1325,,,,,,,,,,,,,,,,,,,69.6,200,69.8,500,,,,,,,,,,,,,,,,
2026-06-30T02:00:15.198622+00:00,2026-06-30T12:00:15.188252,1,3,69.45,0.1,69.4,1325,,,,,,,,,,,,,,,,,,,69.5,625,69.6,200,69.8,500,,,,,,,,,,,,,,
2026-06-30T02:00:15.656411+00:00,2026-06-30T12:00:15.652411,1,3,69.45,0.1,69.4,825,,,,,,,,,,,,,,,,,,,69.5,625,69.6,200,69.8,500,,,,,,,,,,,,,,
2026-06-30T02:00:15.667472+00:00,2026-06-30T12:00:15.661472,1,2,69.45,0.1,69.4,1325,,,,,,,,,,,,,,,,,,,69.5,625,69.6,200,,,,,,,,,,,,,,,,
2026-06-30T02:00:15.678099+00:00,2026-06-30T12:00:15.668538,1,3,69.45,0.1,69.4,1325,,,,,,,,,,,,,,,,,,,69.5,625,69.6,200,69.8,500,,,,,,,,,,,,,,
2026-06-30T02:00:16.265083+00:00,2026-06-30T12:00:16.262092,1,2,69.45,0.1,69.4,825,,,,,,,,,,,,,,,,,,,69.5,625,69.6,200,,,,,,,,,,,,,,,,
2026-06-30T02:00:16.276154+00:00,2026-06-30T12:00:16.273155,1,3,69.45,0.1,69.4,1325,,,,,,,,,,,,,,,,,,,69.5,625,69.6,200,69.8,500,,,,,,,,,,,,,,
2026-06-30T02:00:16.308423+00:00,2026-06-30T12:00:16.306863,1,3,69.45,0.1,69.4,1125,,,,,,,,,,,,,,,,,,,69.5,625,69.6,200,69.8,500,,,,,,,,,,,,,,
2026-06-30T02:00:16.319002+00:00,2026-06-30T12:00:16.314442,2,2,69.45,0.1,69.4,1125,69.3,200,,,,,,,,,,,,,,,,,69.5,825,69.8,500,,,,,,,,,,,,,,,,
2026-06-30T02:00:16.494165+00:00,2026-06-30T12:00:16.492165,2,2,69.45,0.1,69.4,500,69.3,200,,,,,,,,,,,,,,,,,69.5,825,69.8,500,,,,,,,,,,,,,,,,
2026-06-30T02:00:16.505228+00:00,2026-06-30T12:00:16.498229,2,2,69.45,0.1,69.4,1125,69.3,200,,,,,,,,,,,,,,,,,69.5,825,69.8,500,,,,,,,,,,,,,,,,
2026-06-30T02:00:16.863125+00:00,2026-06-30T12:00:16.859124,2,2,69.45,0.1,69.4,625,69.3,200,,,,,,,,,,,,,,,,,69.5,825,69.8,500,,,,,,,,,,,,,,,,
2026-06-30T02:00:16.874188+00:00,2026-06-30T12:00:16.870188,2,1,69.45,0.1,69.4,1125,69.3,200,,,,,,,,,,,,,,,,,69.5,825,,,,,,,,,,,,,,,,,,
2026-06-30T02:00:16.885255+00:00,2026-06-30T12:00:16.876188,2,2,69.45,0.1,69.4,1125,69.3,200,,,,,,,,,,,,,,,,,69.5,825,69.8,500,,,,,,,,,,,,,,,,
2026-06-30T02:00:17.471773+00:00,2026-06-30T12:00:17.467772,2,1,69.45,0.1,69.4,625,69.3,200,,,,,,,,,,,,,,,,,69.5,825,,,,,,,,,,,,,,,,,,
2026-06-30T02:00:17.482826+00:00,2026-06-30T12:00:17.481825,2,2,69.45,0.1,69.4,625,69.3,700,,,,,,,,,,,,,,,,,69.5,825,69.8,500,,,,,,,,,,,,,,,,
2026-06-30T02:00:17.527021+00:00,2026-06-30T12:00:17.526021,3,2,69.45,0.1,69.4,425,69.3,500,69.2,200,,,,,,,,,,,,,,,69.5,625,69.8,500,,,,,,,,,,,,,,,,
2026-06-30T02:00:17.809077+00:00,2026-06-30T12:00:17.806078,3,1,69.55,0.5,69.3,500,69.2,200,69.1,625,,,,,,,,,,,,,,,69.8,500,,,,,,,,,,,,,,,,,,
2026-06-30T02:00:17.820139+00:00,2026-06-30T12:00:17.810078,2,1,69.5,0.6,69.2,75,69.1,625,,,,,,,,,,,,,,,,,69.8,500,,,,,,,,,,,,,,,,,,
2026-06-30T02:00:18.103024+00:00,2026-06-30T12:00:18.099024,2,0,,,69.2,75,69.1,625,,,,,,,,,,,,,,,,,,,,,,,,,,,,,,,,,,,,
2026-06-30T02:00:18.114087+00:00,2026-06-30T12:00:18.110087,3,1,69.55,0.5,69.3,500,69.2,75,69.1,625,,,,,,,,,,,,,,,69.8,500,,,,,,,,,,,,,,,,,,
2026-06-30T02:00:18.709674+00:00,2026-06-30T12:00:18.707664,2,0,,,69.2,75,69.1,625,,,,,,,,,,,,,,,,,,,,,,,,,,,,,,,,,,,,
2026-06-30T02:00:18.720737+00:00,2026-06-30T12:00:18.717727,3,1,69.5,0.4,69.3,500,69.2,75,69.1,625,,,,,,,,,,,,,,,69.7,500,,,,,,,,,,,,,,,,,,
2026-06-30T02:00:18.742864+00:00,2026-06-30T12:00:18.741864,3,2,69.45,0.1,69.4,200,69.3,500,69.1,625,,,,,,,,,,,,,,,69.5,200,69.7,500,,,,,,,,,,,,,,,,
2026-06-30T02:00:19.122929+00:00,2026-06-30T12:00:19.121929,2,2,69.4,0.2,69.3,75,69.1,625,,,,,,,,,,,,,,,,,69.5,200,69.7,500,,,,,,,,,,,,,,,,
2026-06-30T02:00:19.307665+00:00,2026-06-30T12:00:19.304618,1,2,69.3,0.4,69.1,625,,,,,,,,,,,,,,,,,,,69.5,200,69.7,500,,,,,,,,,,,,,,,,
2026-06-30T02:00:19.318255+00:00,2026-06-30T12:00:19.314683,2,1,69.4,0.2,69.3,500,69.1,625,,,,,,,,,,,,,,,,,69.5,200,,,,,,,,,,,,,,,,,,
2026-06-30T02:00:19.328833+00:00,2026-06-30T12:00:19.319273,2,2,69.4,0.2,69.3,500,69.1,625,,,,,,,,,,,,,,,,,69.5,200,69.7,500,,,,,,,,,,,,,,,,
2026-06-30T02:00:19.917655+00:00,2026-06-30T12:00:19.914624,1,1,69.3,0.4,69.1,625,,,,,,,,,,,,,,,,,,,69.5,200,,,,,,,,,,,,,,,,,,
2026-06-30T02:00:19.928270+00:00,2026-06-30T12:00:19.922702,2,2,69.35,0.3,69.2,500,69.1,625,,,,,,,,,,,,,,,,,69.5,200,69.7,500,,,,,,,,,,,,,,,,
2026-06-30T02:00:19.949921+00:00,2026-06-30T12:00:19.947911,2,1,69.45,0.5,69.2,500,69.1,825,,,,,,,,,,,,,,,,,69.7,500,,,,,,,,,,,,,,,,,,
2026-06-30T02:00:19.960983+00:00,2026-06-30T12:00:19.950921,2,2,69.25,0.1,69.2,500,69.1,825,,,,,,,,,,,,,,,,,69.3,200,69.7,500,,,,,,,,,,,,,,,,
2026-06-30T02:00:20.429750+00:00,2026-06-30T12:00:20.428749,2,1,69.45,0.5,69.2,500,69.1,200,,,,,,,,,,,,,,,,,69.7,75,,,,,,,,,,,,,,,,,,
2026-06-30T02:00:20.440812+00:00,2026-06-30T12:00:20.431750,2,2,69.45,0.5,69.2,500,69.1,200,,,,,,,,,,,,,,,,,69.7,75,69.8,625,,,,,,,,,,,,,,,,
2026-06-30T02:00:20.517283+00:00,2026-06-30T12:00:20.516245,1,1,69.45,0.7,69.1,200,,,,,,,,,,,,,,,,,,,69.8,625,,,,,,,,,,,,,,,,,,
2026-06-30T02:00:20.527889+00:00,2026-06-30T12:00:20.522330,2,1,69.5,0.6,69.2,500,69.1,200,,,,,,,,,,,,,,,,,69.8,625,,,,,,,,,,,,,,,,,,
2026-06-30T02:00:20.538467+00:00,2026-06-30T12:00:20.528907,2,2,69.45,0.5,69.2,500,69.1,200,,,,,,,,,,,,,,,,,69.7,500,69.8,625,,,,,,,,,,,,,,,,
2026-06-30T02:00:21.117129+00:00,2026-06-30T12:00:21.112129,1,2,69.4,0.6,69.1,200,,,,,,,,,,,,,,,,,,,69.7,500,69.8,625,,,,,,,,,,,,,,,,
2026-06-30T02:00:21.127730+00:00,2026-06-30T12:00:21.118183,1,1,69.45,0.7,69.1,200,,,,,,,,,,,,,,,,,,,69.8,625,,,,,,,,,,,,,,,,,,
2026-06-30T02:00:21.138285+00:00,2026-06-30T12:00:21.128740,2,2,69.45,0.5,69.2,500,69.1,200,,,,,,,,,,,,,,,,,69.7,500,69.8,625,,,,,,,,,,,,,,,,
2026-06-30T02:00:21.159920+00:00,2026-06-30T12:00:21.157918,1,2,69.45,0.5,69.2,700,,,,,,,,,,,,,,,,,,,69.7,500,69.8,625,,,,,,,,,,,,,,,,
2026-06-30T02:00:21.170968+00:00,2026-06-30T12:00:21.161920,1,3,69.25,0.1,69.2,700,,,,,,,,,,,,,,,,,,,69.3,200,69.7,500,69.8,625,,,,,,,,,,,,,,
2026-06-30T02:00:21.726451+00:00,2026-06-30T12:00:21.725460,1,2,69.25,0.1,69.2,200,,,,,,,,,,,,,,,,,,,69.3,200,69.8,625,,,,,,,,,,,,,,,,
2026-06-30T02:00:21.737523+00:00,2026-06-30T12:00:21.736523,1,3,69.25,0.1,69.2,700,,,,,,,,,,,,,,,,,,,69.3,200,69.7,500,69.8,625,,,,,,,,,,,,,,
2026-06-30T02:00:21.748149+00:00,2026-06-30T12:00:21.746590,1,2,69.25,0.1,69.2,700,,,,,,,,,,,,,,,,,,,69.3,200,69.7,500,,,,,,,,,,,,,,,,
2026-06-30T02:00:21.758728+00:00,2026-06-30T12:00:21.757168,2,2,69.5,0.2,69.4,225,69.2,700,,,,,,,,,,,,,,,,,69.6,625,69.7,500,,,,,,,,,,,,,,,,
2026-06-30T02:00:22.320968+00:00,2026-06-30T12:00:22.317958,2,2,69.5,0.2,69.4,225,69.2,200,,,,,,,,,,,,,,,,,69.6,625,69.7,500,,,,,,,,,,,,,,,,
2026-06-30T02:00:22.332025+00:00,2026-06-30T12:00:22.326968,2,1,69.5,0.2,69.4,225,69.2,200,,,,,,,,,,,,,,,,,69.6,625,,,,,,,,,,,,,,,,,,
2026-06-30T02:00:22.343089+00:00,2026-06-30T12:00:22.332025,3,1,69.5,0.2,69.4,225,69.3,500,69.2,200,,,,,,,,,,,,,,,69.6,625,,,,,,,,,,,,,,,,,,
2026-06-30T02:00:22.354151+00:00,2026-06-30T12:00:22.343243,3,2,69.5,0.2,69.4,225,69.3,500,69.2,200,,,,,,,,,,,,,,,69.6,625,69.7,500,,,,,,,,,,,,,,,,
2026-06-30T02:00:22.376278+00:00,2026-06-30T12:00:22.372278,3,2,69.5,0.2,69.4,25,69.3,500,69.1,200,,,,,,,,,,,,,,,69.6,625,69.7,500,,,,,,,,,,,,,,,,
2026-06-30T02:00:22.930112+00:00,2026-06-30T12:00:22.929112,2,1,69.5,0.2,69.4,25,69.1,200,,,,,,,,,,,,,,,,,69.6,625,,,,,,,,,,,,,,,,,,
2026-06-30T02:00:22.941186+00:00,2026-06-30T12:00:22.940178,3,2,69.5,0.2,69.4,25,69.3,500,69.1,200,,,,,,,,,,,,,,,69.6,625,69.8,500,,,,,,,,,,,,,,,,
2026-06-30T02:00:23.061061+00:00,2026-06-30T12:00:23.058051,2,1,69.55,0.5,69.3,500,69.1,200,,,,,,,,,,,,,,,,,69.8,500,,,,,,,,,,,,,,,,,,
2026-06-30T02:00:23.072124+00:00,2026-06-30T12:00:23.063061,2,2,69.15,0.1,69.1,200,69.0,625,,,,,,,,,,,,,,,,,69.2,125,69.8,500,,,,,,,,,,,,,,,,
2026-06-30T02:00:23.528212+00:00,2026-06-30T12:00:23.522658,2,1,69.15,0.1,69.1,200,69.0,625,,,,,,,,,,,,,,,,,69.2,125,,,,,,,,,,,,,,,,,,
2026-06-30T02:00:23.538792+00:00,2026-06-30T12:00:23.536231,3,1,69.55,0.5,69.3,375,69.1,200,69.0,625,,,,,,,,,,,,,,,69.8,500,,,,,,,,,,,,,,,,,,
2026-06-30T02:00:23.583063+00:00,2026-06-30T12:00:23.581054,2,1,69.55,0.5,69.3,375,69.0,825,,,,,,,,,,,,,,,,,69.8,500,,,,,,,,,,,,,,,,,,
2026-06-30T02:00:23.594163+00:00,2026-06-30T12:00:23.590163,2,1,69.55,0.5,69.3,175,69.0,825,,,,,,,,,,,,,,,,,69.8,500,,,,,,,,,,,,,,,,,,
2026-06-30T02:00:24.158005+00:00,2026-06-30T12:00:24.153453,1,1,69.4,0.8,69.0,825,,,,,,,,,,,,,,,,,,,69.8,500,,,,,,,,,,,,,,,,,,
2026-06-30T02:00:24.168583+00:00,2026-06-30T12:00:24.165024,2,0,,,69.3,500,69.0,825,,,,,,,,,,,,,,,,,,,,,,,,,,,,,,,,,,,,
2026-06-30T02:00:24.179665+00:00,2026-06-30T12:00:24.173602,2,1,69.55,0.5,69.3,500,69.0,825,,,,,,,,,,,,,,,,,69.8,500,,,,,,,,,,,,,,,,,,
2026-06-30T02:00:24.375478+00:00,2026-06-30T12:00:24.371478,3,2,69.45,0.1,69.4,625,69.3,500,69.0,200,,,,,,,,,,,,,,,69.5,625,69.8,500,,,,,,,,,,,,,,,,
2026-06-30T02:00:24.767119+00:00,2026-06-30T12:00:24.756056,2,2,69.45,0.1,69.4,625,69.0,200,,,,,,,,,,,,,,,,,69.5,625,69.8,500,,,,,,,,,,,,,,,,
2026-06-30T02:00:24.777757+00:00,2026-06-30T12:00:24.771197,3,1,69.45,0.1,69.4,625,69.3,500,69.0,200,,,,,,,,,,,,,,,69.5,625,,,,,,,,,,,,,,,,,,
2026-06-30T02:00:24.788335+00:00,2026-06-30T12:00:24.777959,3,2,69.45,0.1,69.4,625,69.3,500,69.0,200,,,,,,,,,,,,,,,69.5,625,69.8,500,,,,,,,,,,,,,,,,
2026-06-30T02:00:24.798911+00:00,2026-06-30T12:00:24.795345,2,2,69.45,0.1,69.4,625,69.3,500,,,,,,,,,,,,,,,,,69.5,625,69.8,500,,,,,,,,,,,,,,,,
2026-06-30T02:00:24.809996+00:00,2026-06-30T12:00:24.802929,3,2,69.45,0.1,69.4,625,69.3,500,69.0,200,,,,,,,,,,,,,,,69.5,625,69.8,500,,,,,,,,,,,,,,,,
2026-06-30T02:00:24.821059+00:00,2026-06-30T12:00:24.809996,3,2,69.45,0.1,69.4,425,69.3,500,69.0,200,,,,,,,,,,,,,,,69.5,625,69.8,500,,,,,,,,,,,,,,,,
2026-06-30T02:00:25.364178+00:00,2026-06-30T12:00:25.358177,2,2,69.45,0.1,69.4,425,69.0,200,,,,,,,,,,,,,,,,,69.5,625,69.8,500,,,,,,,,,,,,,,,,
2026-06-30T02:00:25.375253+00:00,2026-06-30T12:00:25.370253,3,1,69.45,0.1,69.4,425,69.3,500,69.0,200,,,,,,,,,,,,,,,69.5,625,,,,,,,,,,,,,,,,,,
2026-06-30T02:00:25.386316+00:00,2026-06-30T12:00:25.375441,3,2,69.45,0.1,69.4,425,69.3,500,69.0,200,,,,,,,,,,,,,,,69.5,625,69.8,500,,,,,,,,,,,,,,,,
2026-06-30T02:00:25.613952+00:00,2026-06-30T12:00:25.604889,3,2,69.45,0.1,69.4,405,69.3,500,69.0,200,,,,,,,,,,,,,,,69.5,625,69.8,500,,,,,,,,,,,,,,,,
2026-06-30T02:00:25.678409+00:00,2026-06-30T12:00:25.673848,2,2,69.4,0.2,69.3,500,69.0,200,,,,,,,,,,,,,,,,,69.5,625,69.8,500,,,,,,,,,,,,,,,,
2026-06-30T02:00:25.688986+00:00,2026-06-30T12:00:25.683427,2,2,69.4,0.2,69.3,1125,69.0,200,,,,,,,,,,,,,,,,,69.5,625,69.8,500,,,,,,,,,,,,,,,,
2026-06-30T02:00:25.971853+00:00,2026-06-30T12:00:25.967843,2,1,69.4,0.2,69.3,625,69.0,200,,,,,,,,,,,,,,,,,69.5,625,,,,,,,,,,,,,,,,,,
2026-06-30T02:00:25.982909+00:00,2026-06-30T12:00:25.973853,2,1,69.4,0.2,69.3,1125,69.0,200,,,,,,,,,,,,,,,,,69.5,625,,,,,,,,,,,,,,,,,,
2026-06-30T02:00:25.993979+00:00,2026-06-30T12:00:25.983108,2,2,69.4,0.2,69.3,1125,69.0,200,,,,,,,,,,,,,,,,,69.5,625,69.7,500,,,,,,,,,,,,,,,,
2026-06-30T02:00:26.016097+00:00,2026-06-30T12:00:26.015096,2,2,69.4,0.2,69.3,1125,69.2,200,,,,,,,,,,,,,,,,,69.5,625,69.7,500,,,,,,,,,,,,,,,,
2026-06-30T02:00:26.027170+00:00,2026-06-30T12:00:26.024170,2,3,69.35,0.1,69.3,1125,69.2,200,,,,,,,,,,,,,,,,,69.4,200,69.5,625,69.7,500,,,,,,,,,,,,,,
2026-06-30T02:00:26.567977+00:00,2026-06-30T12:00:26.564382,2,3,69.35,0.1,69.3,625,69.2,200,,,,,,,,,,,,,,,,,69.4,200,69.5,625,69.7,500,,,,,,,,,,,,,,
2026-06-30T02:00:26.578570+00:00,2026-06-30T12:00:26.575996,2,2,69.35,0.1,69.3,1125,69.2,200,,,,,,,,,,,,,,,,,69.4,200,69.5,625,,,,,,,,,,,,,,,,
2026-06-30T02:00:26.589652+00:00,2026-06-30T12:00:26.581589,2,3,69.35,0.1,69.3,1125,69.2,200,,,,,,,,,,,,,,,,,69.4,200,69.5,625,69.7,500,,,,,,,,,,,,,,
2026-06-30T02:00:26.991990+00:00,2026-06-30T12:00:26.990990,2,2,69.35,0.1,69.3,1125,69.2,200,,,,,,,,,,,,,,,,,69.4,200,69.7,500,,,,,,,,,,,,,,,,
2026-06-30T02:00:27.003052+00:00,2026-06-30T12:00:26.992990,2,2,69.35,0.1,69.3,1125,69.2,200,,,,,,,,,,,,,,,,,69.4,825,69.7,500,,,,,,,,,,,,,,,,
2026-06-30T02:00:27.177201+00:00,2026-06-30T12:00:27.174201,2,1,69.35,0.1,69.3,625,69.2,200,,,,,,,,,,,,,,,,,69.4,825,,,,,,,,,,,,,,,,,,
2026-06-30T02:00:27.187822+00:00,2026-06-30T12:00:27.184269,2,2,69.35,0.1,69.3,1125,69.2,200,,,,,,,,,,,,,,,,,69.4,825,69.7,500,,,,,,,,,,,,,,,,
2026-06-30T02:00:27.231142+00:00,2026-06-30T12:00:27.226069,2,2,69.35,0.1,69.3,925,69.1,200,,,,,,,,,,,,,,,,,69.4,625,69.7,500,,,,,,,,,,,,,,,,
2026-06-30T02:00:27.776236+00:00,2026-06-30T12:00:27.774236,2,1,69.35,0.1,69.3,425,69.1,200,,,,,,,,,,,,,,,,,69.4,625,,,,,,,,,,,,,,,,,,
2026-06-30T02:00:27.787300+00:00,2026-06-30T12:00:27.779299,3,1,69.35,0.1,69.3,425,69.2,500,69.1,200,,,,,,,,,,,,,,,69.4,625,,,,,,,,,,,,,,,,,,
2026-06-30T02:00:27.797926+00:00,2026-06-30T12:00:27.787513,3,2,69.35,0.1,69.3,425,69.2,500,69.1,200,,,,,,,,,,,,,,,69.4,625,69.7,500,,,,,,,,,,,,,,,,
2026-06-30T02:00:28.297315+00:00,2026-06-30T12:00:28.296269,2,1,69.45,0.5,69.2,500,69.1,200,,,,,,,,,,,,,,,,,69.7,500,,,,,,,,,,,,,,,,,,
2026-06-30T02:00:28.307903+00:00,2026-06-30T12:00:28.303334,2,1,69.4,0.6,69.1,75,68.9,625,,,,,,,,,,,,,,,,,69.7,500,,,,,,,,,,,,,,,,,,
2026-06-30T02:00:28.373378+00:00,2026-06-30T12:00:28.371378,2,0,,,69.1,75,68.9,625,,,,,,,,,,,,,,,,,,,,,,,,,,,,,,,,,,,,
2026-06-30T02:00:28.384441+00:00,2026-06-30T12:00:28.381441,3,1,69.5,0.4,69.3,500,69.1,75,68.9,625,,,,,,,,,,,,,,,69.7,500,,,,,,,,,,,,,,,,,,
2026-06-30T02:00:28.438849+00:00,2026-06-30T12:00:28.432267,3,1,69.5,0.4,69.3,300,69.1,200,68.9,625,,,,,,,,,,,,,,,69.7,500,,,,,,,,,,,,,,,,,,
2026-06-30T02:00:28.973957+00:00,2026-06-30T12:00:28.972957,2,1,69.4,0.6,69.1,200,68.9,625,,,,,,,,,,,,,,,,,69.7,500,,,,,,,,,,,,,,,,,,
2026-06-30T02:00:28.985009+00:00,2026-06-30T12:00:28.981009,3,0,,,69.3,500,69.1,200,68.9,625,,,,,,,,,,,,,,,,,,,,,,,,,,,,,,,,,,
2026-06-30T02:00:28.996063+00:00,2026-06-30T12:00:28.987001,3,1,69.5,0.4,69.3,500,69.1,200,68.9,625,,,,,,,,,,,,,,,69.7,500,,,,,,,,,,,,,,,,,,
2026-06-30T02:00:29.070139+00:00,2026-06-30T12:00:29.064076,3,1,69.5,0.4,69.3,480,69.1,200,68.9,625,,,,,,,,,,,,,,,69.7,500,,,,,,,,,,,,,,,,,,
2026-06-30T02:00:29.580045+00:00,2026-06-30T12:00:29.575983,2,1,69.4,0.6,69.1,200,68.9,625,,,,,,,,,,,,,,,,,69.7,500,,,,,,,,,,,,,,,,,,
2026-06-30T02:00:29.591108+00:00,2026-06-30T12:00:29.585045,3,0,,,69.2,500,69.1,200,68.9,625,,,,,,,,,,,,,,,,,,,,,,,,,,,,,,,,,,
2026-06-30T02:00:29.602182+00:00,2026-06-30T12:00:29.592108,3,1,69.45,0.5,69.2,500,69.1,200,68.9,625,,,,,,,,,,,,,,,69.7,500,,,,,,,,,,,,,,,,,,
2026-06-30T02:00:29.613244+00:00,2026-06-30T12:00:29.612244,2,1,69.45,0.5,69.2,1125,69.1,200,,,,,,,,,,,,,,,,,69.7,500,,,,,,,,,,,,,,,,,,
2026-06-30T02:00:29.624307+00:00,2026-06-30T12:00:29.615243,2,2,69.3,0.2,69.2,1125,69.1,200,,,,,,,,,,,,,,,,,69.4,625,69.7,500,,,,,,,,,,,,,,,,
2026-06-30T02:00:29.635370+00:00,2026-06-30T12:00:29.634370,2,2,69.35,0.1,69.3,200,69.2,1125,,,,,,,,,,,,,,,,,69.4,625,69.7,500,,,,,,,,,,,,,,,,
2026-06-30T02:00:29.646433+00:00,2026-06-30T12:00:29.636371,2,2,69.35,0.1,69.3,200,69.2,1125,,,,,,,,,,,,,,,,,69.4,825,69.7,500,,,,,,,,,,,,,,,,
2026-06-30T02:00:30.210916+00:00,2026-06-30T12:00:30.203842,2,2,69.35,0.1,69.3,200,69.2,625,,,,,,,,,,,,,,,,,69.4,825,69.7,500,,,,,,,,,,,,,,,,
2026-06-30T02:00:30.221978+00:00,2026-06-30T12:00:30.211092,2,1,69.35,0.1,69.3,200,69.2,625,,,,,,,,,,,,,,,,,69.4,825,,,,,,,,,,,,,,,,,,
2026-06-30T02:00:30.244103+00:00,2026-06-30T12:00:30.241103,2,2,69.35,0.1,69.3,200,69.2,1125,,,,,,,,,,,,,,,,,69.4,825,69.7,500,,,,,,,,,,,,,,,,
2026-06-30T02:00:30.809805+00:00,2026-06-30T12:00:30.807795,2,2,69.35,0.1,69.3,200,69.2,625,,,,,,,,,,,,,,,,,69.4,825,69.7,500,,,,,,,,,,,,,,,,
2026-06-30T02:00:30.820858+00:00,2026-06-30T12:00:30.819849,2,1,69.35,0.1,69.3,700,69.2,625,,,,,,,,,,,,,,,,,69.4,825,,,,,,,,,,,,,,,,,,
2026-06-30T02:00:30.831921+00:00,2026-06-30T12:00:30.824849,2,2,69.35,0.1,69.3,700,69.2,625,,,,,,,,,,,,,,,,,69.4,825,69.7,500,,,,,,,,,,,,,,,,
2026-06-30T02:00:30.842985+00:00,2026-06-30T12:00:30.841984,2,2,69.35,0.1,69.3,500,69.2,625,,,,,,,,,,,,,,,,,69.4,625,69.7,500,,,,,,,,,,,,,,,,
2026-06-30T02:00:30.854047+00:00,2026-06-30T12:00:30.845985,2,2,69.35,0.1,69.3,500,69.2,825,,,,,,,,,,,,,,,,,69.4,825,69.7,500,,,,,,,,,,,,,,,,
2026-06-30T02:00:30.928592+00:00,2026-06-30T12:00:30.925006,2,2,69.35,0.1,69.3,500,69.2,825,,,,,,,,,,,,,,,,,69.4,200,69.7,500,,,,,,,,,,,,,,,,
2026-06-30T02:00:30.939684+00:00,2026-06-30T12:00:30.934610,2,2,69.35,0.1,69.3,500,69.2,825,,,,,,,,,,,,,,,,,69.4,825,69.7,500,,,,,,,,,,,,,,,,
2026-06-30T02:00:30.983931+00:00,2026-06-30T12:00:30.982931,2,2,69.35,0.1,69.3,498,69.2,825,,,,,,,,,,,,,,,,,69.4,825,69.7,500,,,,,,,,,,,,,,,,
2026-06-30T02:00:31.419019+00:00,2026-06-30T12:00:31.418505,1,1,69.3,0.2,69.2,825,,,,,,,,,,,,,,,,,,,69.4,825,,,,,,,,,,,,,,,,,,
2026-06-30T02:00:31.430103+00:00,2026-06-30T12:00:31.424038,2,1,69.35,0.1,69.3,500,69.2,825,,,,,,,,,,,,,,,,,69.4,825,,,,,,,,,,,,,,,,,,
2026-06-30T02:00:31.441166+00:00,2026-06-30T12:00:31.431103,2,2,69.35,0.1,69.3,500,69.2,825,,,,,,,,,,,,,,,,,69.4,825,69.7,500,,,,,,,,,,,,,,,,
2026-06-30T02:00:32.016516+00:00,2026-06-30T12:00:32.013516,1,2,69.3,0.2,69.2,825,,,,,,,,,,,,,,,,,,,69.4,825,69.7,500,,,,,,,,,,,,,,,,
2026-06-30T02:00:32.027579+00:00,2026-06-30T12:00:32.025579,1,1,69.3,0.2,69.2,1325,,,,,,,,,,,,,,,,,,,69.4,825,,,,,,,,,,,,,,,,,,
2026-06-30T02:00:32.038213+00:00,2026-06-30T12:00:32.031646,1,2,69.3,0.2,69.2,1325,,,,,,,,,,,,,,,,,,,69.4,825,69.7,500,,,,,,,,,,,,,,,,
2026-06-30T02:00:32.059874+00:00,2026-06-30T12:00:32.057863,1,2,69.3,0.2,69.2,1325,,,,,,,,,,,,,,,,,,,69.4,625,69.7,500,,,,,,,,,,,,,,,,
2026-06-30T02:00:32.070937+00:00,2026-06-30T12:00:32.061874,1,2,69.3,0.2,69.2,1325,,,,,,,,,,,,,,,,,,,69.4,825,69.7,500,,,,,,,,,,,,,,,,
2026-06-30T02:00:32.245066+00:00,2026-06-30T12:00:32.244066,2,2,69.35,0.1,69.3,625,69.2,700,,,,,,,,,,,,,,,,,69.4,200,69.7,500,,,,,,,,,,,,,,,,
2026-06-30T02:00:32.256129+00:00,2026-06-30T12:00:32.245066,2,3,69.35,0.1,69.3,625,69.2,700,,,,,,,,,,,,,,,,,69.4,200,69.5,625,69.7,500,,,,,,,,,,,,,,
2026-06-30T02:00:32.625106+00:00,2026-06-30T12:00:32.616043,2,3,69.35,0.1,69.3,625,69.2,200,,,,,,,,,,,,,,,,,69.4,200,69.5,625,69.7,500,,,,,,,,,,,,,,
2026-06-30T02:00:32.636183+00:00,2026-06-30T12:00:32.631183,2,2,69.35,0.1,69.3,625,69.2,700,,,,,,,,,,,,,,,,,69.4,200,69.5,625,,,,,,,,,,,,,,,,
2026-06-30T02:00:32.647257+00:00,2026-06-30T12:00:32.637247,2,3,69.35,0.1,69.3,625,69.2,700,,,,,,,,,,,,,,,,,69.4,200,69.5,625,69.7,500,,,,,,,,,,,,,,
2026-06-30T02:00:33.222217+00:00,2026-06-30T12:00:33.219217,2,3,69.35,0.1,69.3,625,69.2,200,,,,,,,,,,,,,,,,,69.4,200,69.5,625,69.7,500,,,,,,,,,,,,,,
2026-06-30T02:00:33.233279+00:00,2026-06-30T12:00:33.228279,2,2,69.35,0.1,69.3,625,69.2,700,,,,,,,,,,,,,,,,,69.4,200,69.5,625,,,,,,,,,,,,,,,,
2026-06-30T02:00:33.244342+00:00,2026-06-30T12:00:33.233279,2,3,69.35,0.1,69.3,625,69.2,700,,,,,,,,,,,,,,,,,69.4,200,69.5,625,69.7,500,,,,,,,,,,,,,,
2026-06-30T02:00:33.266468+00:00,2026-06-30T12:00:33.265468,3,2,69.4,0.2,69.3,625,69.2,500,69.1,200,,,,,,,,,,,,,,,69.5,625,69.7,500,,,,,,,,,,,,,,,,
2026-06-30T02:00:33.277533+00:00,2026-06-30T12:00:33.272533,3,2,69.4,0.2,69.3,425,69.2,500,69.1,200,,,,,,,,,,,,,,,69.5,625,69.7,500,,,,,,,,,,,,,,,,
2026-06-30T02:00:33.557519+00:00,2026-06-30T12:00:33.554472,3,2,69.35,0.1,69.3,625,69.2,500,69.1,200,,,,,,,,,,,,,,,69.4,625,69.7,500,,,,,,,,,,,,,,,,
2026-06-30T02:00:33.828332+00:00,2026-06-30T12:00:33.820758,2,2,69.35,0.1,69.3,625,69.1,200,,,,,,,,,,,,,,,,,69.4,625,69.7,500,,,,,,,,,,,,,,,,
2026-06-30T02:00:33.838910+00:00,2026-06-30T12:00:33.830351,2,1,69.35,0.1,69.3,625,69.1,200,,,,,,,,,,,,,,,,,69.4,625,,,,,,,,,,,,,,,,,,
2026-06-30T02:00:33.849991+00:00,2026-06-30T12:00:33.841929,3,2,69.35,0.1,69.3,625,69.2,500,69.1,200,,,,,,,,,,,,,,,69.4,625,69.6,500,,,,,,,,,,,,,,,,
2026-06-30T02:00:34.426209+00:00,2026-06-30T12:00:34.424208,2,2,69.35,0.1,69.3,625,69.1,200,,,,,,,,,,,,,,,,,69.4,625,69.6,500,,,,,,,,,,,,,,,,
2026-06-30T02:00:34.437263+00:00,2026-06-30T12:00:34.434263,3,1,69.35,0.1,69.3,625,69.2,500,69.1,200,,,,,,,,,,,,,,,69.4,625,,,,,,,,,,,,,,,,,,
2026-06-30T02:00:34.447886+00:00,2026-06-30T12:00:34.438327,3,2,69.35,0.1,69.3,625,69.2,500,69.1,200,,,,,,,,,,,,,,,69.4,625,69.7,500,,,,,,,,,,,,,,,,
2026-06-30T02:00:34.480135+00:00,2026-06-30T12:00:34.475072,2,2,69.35,0.1,69.3,825,69.2,500,,,,,,,,,,,,,,,,,69.4,825,69.7,500,,,,,,,,,,,,,,,,
2026-06-30T02:00:34.622107+00:00,2026-06-30T12:00:34.619099,2,2,69.35,0.1,69.3,825,69.2,500,,,,,,,,,,,,,,,,,69.4,805,69.7,500,,,,,,,,,,,,,,,,
2026-06-30T02:00:34.862222+00:00,2026-06-30T12:00:34.860222,2,2,69.35,0.1,69.3,200,69.2,500,,,,,,,,,,,,,,,,,69.4,200,69.7,500,,,,,,,,,,,,,,,,
2026-06-30T02:00:34.873295+00:00,2026-06-30T12:00:34.865222,1,3,69.25,0.1,69.2,1125,,,,,,,,,,,,,,,,,,,69.3,425,69.4,200,69.7,500,,,,,,,,,,,,,,
2026-06-30T02:00:35.037321+00:00,2026-06-30T12:00:35.034321,1,2,69.25,0.1,69.2,625,,,,,,,,,,,,,,,,,,,69.3,425,69.4,200,,,,,,,,,,,,,,,,
2026-06-30T02:00:35.047975+00:00,2026-06-30T12:00:35.043407,1,3,69.25,0.1,69.2,1125,,,,,,,,,,,,,,,,,,,69.3,425,69.4,200,69.7,500,,,,,,,,,,,,,,
2026-06-30T02:00:35.637463+00:00,2026-06-30T12:00:35.636454,1,2,69.25,0.1,69.2,625,,,,,,,,,,,,,,,,,,,69.3,425,69.4,200,,,,,,,,,,,,,,,,
2026-06-30T02:00:35.648090+00:00,2026-06-30T12:00:35.646530,1,3,69.25,0.1,69.2,1125,,,,,,,,,,,,,,,,,,,69.3,425,69.4,200,69.6,500,,,,,,,,,,,,,,
2026-06-30T02:00:35.680838+00:00,2026-06-30T12:00:35.678838,1,2,69.25,0.1,69.2,1325,,,,,,,,,,,,,,,,,,,69.3,625,69.6,500,,,,,,,,,,,,,,,,
2026-06-30T02:00:35.997442+00:00,2026-06-30T12:00:35.994442,1,2,69.25,0.1,69.2,1324,,,,,,,,,,,,,,,,,,,69.3,625,69.6,500,,,,,,,,,,,,,,,,
2026-06-30T02:00:36.170701+00:00,2026-06-30T12:00:36.167691,1,2,69.25,0.1,69.2,700,,,,,,,,,,,,,,,,,,,69.3,625,69.6,500,,,,,,,,,,,,,,,,
2026-06-30T02:00:36.181770+00:00,2026-06-30T12:00:36.179770,2,2,69.45,0.1,69.4,425,69.2,700,,,,,,,,,,,,,,,,,69.5,625,69.6,500,,,,,,,,,,,,,,,,
2026-06-30T02:00:36.267864+00:00,2026-06-30T12:00:36.263304,2,1,69.45,0.1,69.4,425,69.2,200,,,,,,,,,,,,,,,,,69.5,625,,,,,,,,,,,,,,,,,,
2026-06-30T02:00:36.278442+00:00,2026-06-30T12:00:36.276883,2,2,69.45,0.1,69.4,425,69.2,700,,,,,,,,,,,,,,,,,69.5,625,69.6,500,,,,,,,,,,,,,,,,
2026-06-30T02:00:36.866475+00:00,2026-06-30T12:00:36.861475,2,2,69.45,0.1,69.4,425,69.2,200,,,,,,,,,,,,,,,,,69.5,625,69.6,500,,,,,,,,,,,,,,,,
2026-06-30T02:00:36.877539+00:00,2026-06-30T12:00:36.873539,2,1,69.45,0.1,69.4,425,69.2,700,,,,,,,,,,,,,,,,,69.5,625,,,,,,,,,,,,,,,,,,
2026-06-30T02:00:36.888163+00:00,2026-06-30T12:00:36.887650,2,2,69.45,0.1,69.4,425,69.2,500,,,,,,,,,,,,,,,,,69.5,625,69.6,500,,,,,,,,,,,,,,,,
2026-06-30T02:00:36.898742+00:00,2026-06-30T12:00:36.895182,2,2,69.45,0.1,69.4,225,69.2,700,,,,,,,,,,,,,,,,,69.5,625,69.6,500,,,,,,,,,,,,,,,,
2026-06-30T02:00:37.465119+00:00,2026-06-30T12:00:37.463128,2,2,69.45,0.1,69.4,225,69.2,200,,,,,,,,,,,,,,,,,69.5,625,69.6,500,,,,,,,,,,,,,,,,
2026-06-30T02:00:37.476190+00:00,2026-06-30T12:00:37.474190,2,1,69.45,0.1,69.4,225,69.2,700,,,,,,,,,,,,,,,,,69.5,625,,,,,,,,,,,,,,,,,,
2026-06-30T02:00:37.487253+00:00,2026-06-30T12:00:37.479252,2,2,69.45,0.1,69.4,225,69.2,700,,,,,,,,,,,,,,,,,69.5,625,69.7,500,,,,,,,,,,,,,,,,
2026-06-30T02:00:37.497879+00:00,2026-06-30T12:00:37.495320,2,1,69.45,0.5,69.2,700,69.1,625,,,,,,,,,,,,,,,,,69.7,500,,,,,,,,,,,,,,,,,,
2026-06-30T02:00:37.508455+00:00,2026-06-30T12:00:37.498077,2,2,69.25,0.1,69.2,700,69.1,625,,,,,,,,,,,,,,,,,69.3,625,69.7,500,,,,,,,,,,,,,,,,
2026-06-30T02:00:38.073231+00:00,2026-06-30T12:00:38.073231,2,1,69.25,0.1,69.2,200,69.1,625,,,,,,,,,,,,,,,,,69.3,625,,,,,,,,,,,,,,,,,,
2026-06-30T02:00:38.084308+00:00,2026-06-30T12:00:38.083308,2,2,69.25,0.1,69.2,700,69.1,625,,,,,,,,,,,,,,,,,69.3,625,69.7,500,,,,,,,,,,,,,,,,
2026-06-30T02:00:38.106434+00:00,2026-06-30T12:00:38.105434,3,2,69.25,0.1,69.2,300,69.1,625,69.0,200,,,,,,,,,,,,,,,69.3,625,69.7,500,,,,,,,,,,,,,,,,
2026-06-30T02:00:38.671796+00:00,2026-06-30T12:00:38.669795,2,2,69.2,0.2,69.1,625,69.0,200,,,,,,,,,,,,,,,,,69.3,625,69.7,500,,,,,,,,,,,,,,,,
2026-06-30T02:00:38.682859+00:00,2026-06-30T12:00:38.681859,3,1,69.25,0.1,69.2,500,69.1,625,69.0,200,,,,,,,,,,,,,,,69.3,625,,,,,,,,,,,,,,,,,,
2026-06-30T02:00:38.693923+00:00,2026-06-30T12:00:38.687912,3,2,69.25,0.1,69.2,500,69.1,625,69.0,200,,,,,,,,,,,,,,,69.3,625,69.7,500,,,,,,,,,,,,,,,,
2026-06-30T02:00:38.704986+00:00,2026-06-30T12:00:38.696923,3,2,69.25,0.1,69.2,500,69.1,625,69.0,200,,,,,,,,,,,,,,,69.3,605,69.7,500,,,,,,,,,,,,,,,,
2026-06-30T02:00:38.803308+00:00,2026-06-30T12:00:38.799308,2,2,69.25,0.1,69.2,500,69.0,200,,,,,,,,,,,,,,,,,69.3,605,69.7,500,,,,,,,,,,,,,,,,
2026-06-30T02:00:38.814370+00:00,2026-06-30T12:00:38.808370,3,2,69.25,0.1,69.2,500,69.1,625,69.0,200,,,,,,,,,,,,,,,69.3,625,69.7,500,,,,,,,,,,,,,,,,
2026-06-30T02:00:39.281996+00:00,2026-06-30T12:00:39.278996,2,1,69.2,0.2,69.1,625,69.0,200,,,,,,,,,,,,,,,,,69.3,625,,,,,,,,,,,,,,,,,,
2026-06-30T02:00:39.304126+00:00,2026-06-30T12:00:39.300118,2,2,69.2,0.2,69.1,625,69.0,200,,,,,,,,,,,,,,,,,69.3,125,69.7,500,,,,,,,,,,,,,,,,
2026-06-30T02:00:39.315190+00:00,2026-06-30T12:00:39.313190,2,3,69.15,0.1,69.1,625,69.0,200,,,,,,,,,,,,,,,,,69.2,200,69.3,125,69.7,500,,,,,,,,,,,,,,
2026-06-30T02:00:39.878527+00:00,2026-06-30T12:00:39.874934,2,2,69.15,0.1,69.1,625,69.0,200,,,,,,,,,,,,,,,,,69.2,200,69.3,125,,,,,,,,,,,,,,,,
2026-06-30T02:00:39.889609+00:00,2026-06-30T12:00:39.884546,3,0,,,69.3,175,69.1,625,69.0,200,,,,,,,,,,,,,,,,,,,,,,,,,,,,,,,,,,
2026-06-30T02:00:39.900671+00:00,2026-06-30T12:00:39.890609,3,1,69.5,0.4,69.3,175,69.1,625,69.0,200,,,,,,,,,,,,,,,69.7,500,,,,,,,,,,,,,,,,,,
2026-06-30T02:00:40.108091+00:00,2026-06-30T12:00:40.105532,2,1,69.5,0.4,69.3,175,69.0,200,,,,,,,,,,,,,,,,,69.7,500,,,,,,,,,,,,,,,,,,
2026-06-30T02:00:40.118669+00:00,2026-06-30T12:00:40.114109,3,2,69.5,0.2,69.4,625,69.3,175,69.0,200,,,,,,,,,,,,,,,69.6,625,69.7,500,,,,,,,,,,,,,,,,
2026-06-30T02:00:40.487530+00:00,2026-06-30T12:00:40.483502,2,1,69.5,0.2,69.4,625,69.0,200,,,,,,,,,,,,,,,,,69.6,625,,,,,,,,,,,,,,,,,,
2026-06-30T02:00:40.498135+00:00,2026-06-30T12:00:40.493574,3,2,69.5,0.2,69.4,625,69.2,500,69.0,200,,,,,,,,,,,,,,,69.6,625,69.7,500,,,,,,,,,,,,,,,,
2026-06-30T02:00:40.519838+00:00,2026-06-30T12:00:40.518838,2,2,69.5,0.2,69.4,425,69.2,700,,,,,,,,,,,,,,,,,69.6,625,69.7,500,,,,,,,,,,,,,,,,
2026-06-30T02:00:41.011148+00:00,2026-06-30T12:00:41.007147,2,2,69.5,0.2,69.4,400,69.2,700,,,,,,,,,,,,,,,,,69.6,625,69.7,500,,,,,,,,,,,,,,,,
2026-06-30T02:00:41.088160+00:00,2026-06-30T12:00:41.083600,2,2,69.5,0.2,69.4,400,69.2,200,,,,,,,,,,,,,,,,,69.6,625,69.7,500,,,,,,,,,,,,,,,,
2026-06-30T02:00:41.098739+00:00,2026-06-30T12:00:41.094179,2,1,69.5,0.2,69.4,400,69.2,700,,,,,,,,,,,,,,,,,69.6,625,,,,,,,,,,,,,,,,,,
2026-06-30T02:00:41.109821+00:00,2026-06-30T12:00:41.099757,2,2,69.5,0.2,69.4,400,69.2,700,,,,,,,,,,,,,,,,,69.6,625,69.7,500,,,,,,,,,,,,,,,,
2026-06-30T02:00:41.425360+00:00,2026-06-30T12:00:41.423360,2,2,69.4,0.2,69.3,625,69.2,700,,,,,,,,,,,,,,,,,69.5,625,69.7,500,,,,,,,,,,,,,,,,
2026-06-30T02:00:41.685149+00:00,2026-06-30T12:00:41.684147,2,2,69.4,0.2,69.3,625,69.2,200,,,,,,,,,,,,,,,,,69.5,625,69.7,500,,,,,,,,,,,,,,,,
2026-06-30T02:00:41.696202+00:00,2026-06-30T12:00:41.694211,2,1,69.4,0.2,69.3,625,69.2,700,,,,,,,,,,,,,,,,,69.5,625,,,,,,,,,,,,,,,,,,
2026-06-30T02:00:41.707274+00:00,2026-06-30T12:00:41.700274,2,2,69.4,0.2,69.3,625,69.2,700,,,,,,,,,,,,,,,,,69.5,625,69.7,500,,,,,,,,,,,,,,,,
2026-06-30T02:00:41.728470+00:00,2026-06-30T12:00:41.726918,2,2,69.4,0.2,69.3,825,69.2,500,,,,,,,,,,,,,,,,,69.5,825,69.7,500,,,,,,,,,,,,,,,,
2026-06-30T02:00:42.316642+00:00,2026-06-30T12:00:42.313642,1,2,69.4,0.2,69.3,825,,,,,,,,,,,,,,,,,,,69.5,825,69.7,500,,,,,,,,,,,,,,,,
2026-06-30T02:00:42.327773+00:00,2026-06-30T12:00:42.326774,2,1,69.4,0.2,69.3,825,69.2,500,,,,,,,,,,,,,,,,,69.5,825,,,,,,,,,,,,,,,,,,
2026-06-30T02:00:42.337986+00:00,2026-06-30T12:00:42.334864,2,2,69.4,0.2,69.3,825,69.2,500,,,,,,,,,,,,,,,,,69.5,825,69.7,500,,,,,,,,,,,,,,,,
2026-06-30T02:00:42.729606+00:00,2026-06-30T12:00:42.724549,2,2,69.4,0.2,69.3,200,69.2,500,,,,,,,,,,,,,,,,,69.5,825,69.7,500,,,,,,,,,,,,,,,,
2026-06-30T02:00:42.740684+00:00,2026-06-30T12:00:42.731607,2,2,69.4,0.2,69.3,825,69.2,500,,,,,,,,,,,,,,,,,69.5,825,69.7,500,,,,,,,,,,,,,,,,
2026-06-30T02:00:42.926374+00:00,2026-06-30T12:00:42.921374,1,1,69.4,0.2,69.3,825,,,,,,,,,,,,,,,,,,,69.5,825,,,,,,,,,,,,,,,,,,
2026-06-30T02:00:42.937438+00:00,2026-06-30T12:00:42.935430,1,2,69.4,0.2,69.3,1325,,,,,,,,,,,,,,,,,,,69.5,825,69.8,500,,,,,,,,,,,,,,,,
2026-06-30T02:00:42.948063+00:00,2026-06-30T12:00:42.939503,1,2,69.4,0.2,69.3,1125,,,,,,,,,,,,,,,,,,,69.5,625,69.8,500,,,,,,,,,,,,,,,,
2026-06-30T02:00:42.958641+00:00,2026-06-30T12:00:42.949081,2,3,69.45,0.1,69.4,200,69.3,1125,,,,,,,,,,,,,,,,,69.5,625,69.6,200,69.8,500,,,,,,,,,,,,,,
2026-06-30T02:00:43.492193+00:00,2026-06-30T12:00:43.487124,2,3,69.45,0.1,69.4,180,69.3,1125,,,,,,,,,,,,,,,,,69.5,625,69.6,200,69.8,500,,,,,,,,,,,,,,
2026-06-30T02:00:43.525390+00:00,2026-06-30T12:00:43.523389,2,2,69.45,0.1,69.4,180,69.3,625,,,,,,,,,,,,,,,,,69.5,625,69.6,200,,,,,,,,,,,,,,,,
2026-06-30T02:00:43.547556+00:00,2026-06-30T12:00:43.537546,2,3,69.45,0.1,69.4,180,69.3,1125,,,,,,,,,,,,,,,,,69.5,625,69.6,200,69.8,500,,,,,,,,,,,,,,
2026-06-30T02:00:44.037357+00:00,2026-06-30T12:00:44.036331,2,2,69.5,0.2,69.4,180,69.3,500,,,,,,,,,,,,,,,,,69.6,200,69.8,500,,,,,,,,,,,,,,,,
2026-06-30T02:00:44.047954+00:00,2026-06-30T12:00:44.040395,2,3,69.45,0.1,69.4,180,69.3,1125,,,,,,,,,,,,,,,,,69.5,625,69.6,200,69.8,500,,,,,,,,,,,,,,
2026-06-30T02:00:44.123954+00:00,2026-06-30T12:00:44.119954,2,3,69.45,0.1,69.4,180,69.3,625,,,,,,,,,,,,,,,,,69.5,625,69.6,200,69.8,500,,,,,,,,,,,,,,
2026-06-30T02:00:44.135017+00:00,2026-06-30T12:00:44.124954,2,2,69.45,0.1,69.4,180,69.3,625,,,,,,,,,,,,,,,,,69.5,625,69.6,200,,,,,,,,,,,,,,,,
2026-06-30T02:00:44.146101+00:00,2026-06-30T12:00:44.138090,2,3,69.45,0.1,69.4,180,69.3,1125,,,,,,,,,,,,,,,,,69.5,625,69.6,200,69.8,500,,,,,,,,,,,,,,
2026-06-30T02:00:44.157175+00:00,2026-06-30T12:00:44.152176,2,2,69.45,0.1,69.4,200,69.3,1125,,,,,,,,,,,,,,,,,69.5,825,69.8,500,,,,,,,,,,,,,,,,
2026-06-30T02:00:44.732216+00:00,2026-06-30T12:00:44.727206,2,1,69.45,0.1,69.4,200,69.3,625,,,,,,,,,,,,,,,,,69.5,825,,,,,,,,,,,,,,,,,,
2026-06-30T02:00:44.743270+00:00,2026-06-30T12:00:44.738278,2,2,69.45,0.1,69.4,200,69.3,1125,,,,,,,,,,,,,,,,,69.5,825,69.7,500,,,,,,,,,,,,,,,,
2026-06-30T02:00:45.330669+00:00,2026-06-30T12:00:45.326621,2,2,69.45,0.1,69.4,200,69.3,625,,,,,,,,,,,,,,,,,69.5,825,69.7,500,,,,,,,,,,,,,,,,
2026-06-30T02:00:45.341721+00:00,2026-06-30T12:00:45.338721,3,1,69.45,0.1,69.4,200,69.3,625,69.2,500,,,,,,,,,,,,,,,69.5,825,,,,,,,,,,,,,,,,,,
2026-06-30T02:00:45.352771+00:00,2026-06-30T12:00:45.351770,2,2,69.45,0.1,69.4,200,69.2,500,,,,,,,,,,,,,,,,,69.5,825,69.7,500,,,,,,,,,,,,,,,,
2026-06-30T02:00:45.363837+00:00,2026-06-30T12:00:45.358837,1,3,69.3,0.2,69.2,1125,,,,,,,,,,,,,,,,,,,69.4,425,69.5,200,69.7,500,,,,,,,,,,,,,,
2026-06-30T02:00:45.374893+00:00,2026-06-30T12:00:45.370893,1,2,69.3,0.2,69.2,1125,,,,,,,,,,,,,,,,,,,69.4,225,69.7,500,,,,,,,,,,,,,,,,
2026-06-30T02:00:45.385937+00:00,2026-06-30T12:00:45.379936,1,3,69.3,0.2,69.2,1125,,,,,,,,,,,,,,,,,,,69.4,225,69.5,200,69.7,500,,,,,,,,,,,,,,
2026-06-30T02:00:45.938155+00:00,2026-06-30T12:00:45.927703,1,3,69.3,0.2,69.2,625,,,,,,,,,,,,,,,,,,,69.4,225,69.5,200,69.7,500,,,,,,,,,,,,,,
2026-06-30T02:00:45.948754+00:00,2026-06-30T12:00:45.947174,1,3,69.3,0.2,69.2,1125,,,,,,,,,,,,,,,,,,,69.4,225,69.5,200,69.7,500,,,,,,,,,,,,,,
2026-06-30T02:00:46.026237+00:00,2026-06-30T12:00:46.018237,1,3,69.3,0.2,69.2,1100,,,,,,,,,,,,,,,,,,,69.4,225,69.5,200,69.7,500,,,,,,,,,,,,,,
2026-06-30T02:00:46.536202+00:00,2026-06-30T12:00:46.531202,1,3,69.3,0.2,69.2,600,,,,,,,,,,,,,,,,,,,69.4,225,69.5,200,69.7,500,,,,,,,,,,,,,,
2026-06-30T02:00:46.547272+00:00,2026-06-30T12:00:46.545264,1,2,69.3,0.2,69.2,1100,,,,,,,,,,,,,,,,,,,69.4,225,69.5,200,,,,,,,,,,,,,,,,
2026-06-30T02:00:46.557924+00:00,2026-06-30T12:00:46.551338,1,3,69.3,0.2,69.2,1100,,,,,,,,,,,,,,,,,,,69.4,225,69.5,200,69.7,500,,,,,,,,,,,,,,
2026-06-30T02:00:46.590186+00:00,2026-06-30T12:00:46.587101,1,2,69.3,0.2,69.2,1300,,,,,,,,,,,,,,,,,,,69.4,425,69.7,500,,,,,,,,,,,,,,,,
2026-06-30T02:00:46.667618+00:00,2026-06-30T12:00:46.666618,1,2,69.3,0.2,69.2,700,,,,,,,,,,,,,,,,,,,69.4,200,69.7,500,,,,,,,,,,,,,,,,
2026-06-30T02:00:46.678248+00:00,2026-06-30T12:00:46.672694,2,2,69.55,0.1,69.5,425,69.2,700,,,,,,,,,,,,,,,,,69.6,625,69.7,500,,,,,,,,,,,,,,,,
2026-06-30T02:00:47.147403+00:00,2026-06-30T12:00:47.142403,2,2,69.55,0.1,69.5,425,69.2,200,,,,,,,,,,,,,,,,,69.6,625,69.7,500,,,,,,,,,,,,,,,,
2026-06-30T02:00:47.158005+00:00,2026-06-30T12:00:47.149458,2,1,69.55,0.1,69.5,425,69.2,200,,,,,,,,,,,,,,,,,69.6,625,,,,,,,,,,,,,,,,,,
2026-06-30T02:00:47.168558+00:00,2026-06-30T12:00:47.161014,2,1,69.55,0.1,69.5,425,69.2,700,,,,,,,,,,,,,,,,,69.6,1125,,,,,,,,,,,,,,,,,,
2026-06-30T02:00:47.745422+00:00,2026-06-30T12:00:47.740422,2,1,69.55,0.1,69.5,425,69.2,200,,,,,,,,,,,,,,,,,69.6,625,,,,,,,,,,,,,,,,,,
2026-06-30T02:00:47.756516+00:00,2026-06-30T12:00:47.751515,2,1,69.55,0.1,69.5,425,69.2,700,,,,,,,,,,,,,,,,,69.6,1125,,,,,,,,,,,,,,,,,,
2026-06-30T02:00:47.798846+00:00,2026-06-30T12:00:47.797285,3,1,69.55,0.1,69.5,225,69.3,200,69.2,500,,,,,,,,,,,,,,,69.6,1125,,,,,,,,,,,,,,,,,,
2026-06-30T02:00:47.974961+00:00,2026-06-30T12:00:47.973960,2,1,69.45,0.3,69.3,200,69.2,500,,,,,,,,,,,,,,,,,69.6,1125,,,,,,,,,,,,,,,,,,
2026-06-30T02:00:47.986024+00:00,2026-06-30T12:00:47.981023,2,2,69.35,0.1,69.3,200,69.2,1125,,,,,,,,,,,,,,,,,69.4,625,69.6,500,,,,,,,,,,,,,,,,
2026-06-30T02:00:48.376132+00:00,2026-06-30T12:00:48.372132,2,2,69.35,0.1,69.3,200,69.2,625,,,,,,,,,,,,,,,,,69.4,625,69.6,500,,,,,,,,,,,,,,,,
2026-06-30T02:00:48.387195+00:00,2026-06-30T12:00:48.380195,2,1,69.35,0.1,69.3,200,69.2,625,,,,,,,,,,,,,,,,,69.4,625,,,,,,,,,,,,,,,,,,
2026-06-30T02:00:48.397825+00:00,2026-06-30T12:00:48.393261,2,2,69.35,0.1,69.3,200,69.2,1125,,,,,,,,,,,,,,,,,69.4,625,69.6,500,,,,,,,,,,,,,,,,
2026-06-30T02:00:48.984408+00:00,2026-06-30T12:00:48.980408,2,1,69.35,0.1,69.3,200,69.2,625,,,,,,,,,,,,,,,,,69.4,625,,,,,,,,,,,,,,,,,,
2026-06-30T02:00:48.995471+00:00,2026-06-30T12:00:48.992471,2,2,69.35,0.1,69.3,200,69.2,1125,,,,,,,,,,,,,,,,,69.4,625,69.6,500,,,,,,,,,,,,,,,,
2026-06-30T02:00:49.006534+00:00,2026-06-30T12:00:49.005534,1,2,69.3,0.2,69.2,1125,,,,,,,,,,,,,,,,,,,69.4,625,69.6,500,,,,,,,,,,,,,,,,
2026-06-30T02:00:49.017598+00:00,2026-06-30T12:00:49.014597,2,2,69.35,0.1,69.3,200,69.2,1125,,,,,,,,,,,,,,,,,69.4,625,69.6,500,,,,,,,,,,,,,,,,
2026-06-30T02:00:49.028222+00:00,2026-06-30T12:00:49.019664,2,3,69.35,0.1,69.3,200,69.2,1125,,,,,,,,,,,,,,,,,69.4,625,69.5,200,69.6,500,,,,,,,,,,,,,,
2026-06-30T02:00:49.289039+00:00,2026-06-30T12:00:49.287464,2,2,69.4,0.2,69.3,825,69.2,500,,,,,,,,,,,,,,,,,69.5,200,69.6,500,,,,,,,,,,,,,,,,
2026-06-30T02:00:49.300120+00:00,2026-06-30T12:00:49.290058,2,3,69.35,0.1,69.3,825,69.2,500,,,,,,,,,,,,,,,,,69.4,625,69.5,200,69.6,500,,,,,,,,,,,,,,
2026-06-30T02:00:49.584533+00:00,2026-06-30T12:00:49.581532,1,2,69.35,0.1,69.3,825,,,,,,,,,,,,,,,,,,,69.4,625,69.5,200,,,,,,,,,,,,,,,,
2026-06-30T02:00:49.595596+00:00,2026-06-30T12:00:49.590596,2,3,69.35,0.1,69.3,825,69.1,500,,,,,,,,,,,,,,,,,69.4,625,69.5,200,69.6,500,,,,,,,,,,,,,,
2026-06-30T02:00:50.181923+00:00,2026-06-30T12:00:50.179915,1,3,69.35,0.1,69.3,825,,,,,,,,,,,,,,,,,,,69.4,625,69.5,200,69.6,500,,,,,,,,,,,,,,
2026-06-30T02:00:50.192987+00:00,2026-06-30T12:00:50.191987,2,2,69.35,0.1,69.3,825,69.1,500,,,,,,,,,,,,,,,,,69.4,625,69.5,200,,,,,,,,,,,,,,,,
2026-06-30T02:00:50.204050+00:00,2026-06-30T12:00:50.195985,2,3,69.35,0.1,69.3,825,69.1,500,,,,,,,,,,,,,,,,,69.4,625,69.5,200,69.6,500,,,,,,,,,,,,,,
2026-06-30T02:00:50.226185+00:00,2026-06-30T12:00:50.222185,2,3,69.35,0.1,69.3,625,69.1,500,,,,,,,,,,,,,,,,,69.4,625,69.5,200,69.6,500,,,,,,,,,,,,,,
2026-06-30T02:00:50.237249+00:00,2026-06-30T12:00:50.234249,2,2,69.35,0.1,69.3,825,69.1,500,,,,,,,,,,,,,,,,,69.4,825,69.6,500,,,,,,,,,,,,,,,,
2026-06-30T02:00:50.597488+00:00,2026-06-30T12:00:50.597459,2,2,69.35,0.1,69.3,200,69.1,500,,,,,,,,,,,,,,,,,69.4,200,69.6,500,,,,,,,,,,,,,,,,
2026-06-30T02:00:50.608037+00:00,2026-06-30T12:00:50.600490,1,3,69.2,0.2,69.1,1125,,,,,,,,,,,,,,,,,,,69.3,425,69.4,200,69.6,500,,,,,,,,,,,,,,
2026-06-30T02:00:50.793207+00:00,2026-06-30T12:00:50.788207,1,2,69.2,0.2,69.1,625,,,,,,,,,,,,,,,,,,,69.3,425,69.4,200,,,,,,,,,,,,,,,,
2026-06-30T02:00:50.804262+00:00,2026-06-30T12:00:50.801271,1,3,69.2,0.2,69.1,1125,,,,,,,,,,,,,,,,,,,69.3,425,69.4,200,69.6,500,,,,,,,,,,,,,,
2026-06-30T02:00:51.043807+00:00,2026-06-30T12:00:51.032758,1,3,69.2,0.2,69.1,1100,,,,,,,,,,,,,,,,,,,69.3,425,69.4,200,69.6,500,,,,,,,,,,,,,,
2026-06-30T02:00:51.390153+00:00,2026-06-30T12:00:51.385090,1,3,69.2,0.2,69.1,600,,,,,,,,,,,,,,,,,,,69.3,425,69.4,200,69.6,500,,,,,,,,,,,,,,
2026-06-30T02:00:51.401239+00:00,2026-06-30T12:00:51.397228,1,2,69.2,0.2,69.1,1100,,,,,,,,,,,,,,,,,,,69.3,425,69.4,200,,,,,,,,,,,,,,,,
2026-06-30T02:00:51.412311+00:00,2026-06-30T12:00:51.402239,1,3,69.2,0.2,69.1,1100,,,,,,,,,,,,,,,,,,,69.3,425,69.4,200,69.6,500,,,,,,,,,,,,,,
2026-06-30T02:00:51.445534+00:00,2026-06-30T12:00:51.441534,2,2,69.25,0.1,69.2,200,69.1,1100,,,,,,,,,,,,,,,,,69.3,425,69.6,500,,,,,,,,,,,,,,,,
2026-06-30T02:00:51.456597+00:00,2026-06-30T12:00:51.446534,2,3,69.25,0.1,69.2,200,69.1,1100,,,,,,,,,,,,,,,,,69.3,425,69.4,200,69.6,500,,,,,,,,,,,,,,
2026-06-30T02:00:51.910866+00:00,2026-06-30T12:00:51.908865,3,2,69.35,0.1,69.3,625,69.2,200,69.1,500,,,,,,,,,,,,,,,69.4,200,69.6,500,,,,,,,,,,,,,,,,
2026-06-30T02:00:51.921958+00:00,2026-06-30T12:00:51.910866,3,2,69.35,0.1,69.3,625,69.2,200,69.1,500,,,,,,,,,,,,,,,69.4,825,69.6,500,,,,,,,,,,,,,,,,
2026-06-30T02:00:51.997968+00:00,2026-06-30T12:00:51.993407,2,1,69.35,0.1,69.3,625,69.2,200,,,,,,,,,,,,,,,,,69.4,825,,,,,,,,,,,,,,,,,,
2026-06-30T02:00:52.008547+00:00,2026-06-30T12:00:52.003987,2,2,69.35,0.1,69.3,625,69.2,700,,,,,,,,,,,,,,,,,69.4,825,69.6,500,,,,,,,,,,,,,,,,
2026-06-30T02:00:52.597255+00:00,2026-06-30T12:00:52.595255,2,1,69.35,0.1,69.3,625,69.2,200,,,,,,,,,,,,,,,,,69.4,825,,,,,,,,,,,,,,,,,,
2026-06-30T02:00:52.607852+00:00,2026-06-30T12:00:52.602306,3,1,69.35,0.1,69.3,625,69.2,200,69.1,500,,,,,,,,,,,,,,,69.4,825,,,,,,,,,,,,,,,,,,
2026-06-30T02:00:52.618407+00:00,2026-06-30T12:00:52.608046,3,2,69.35,0.1,69.3,625,69.2,200,69.1,500,,,,,,,,,,,,,,,69.4,825,69.6,500,,,,,,,,,,,,,,,,
2026-06-30T02:00:52.662143+00:00,2026-06-30T12:00:52.661142,2,2,69.35,0.1,69.3,625,69.1,500,,,,,,,,,,,,,,,,,69.4,625,69.6,500,,,,,,,,,,,,,,,,
2026-06-30T02:00:52.673202+00:00,2026-06-30T12:00:52.664142,2,3,69.35,0.1,69.3,825,69.1,500,,,,,,,,,,,,,,,,,69.4,625,69.5,200,69.6,500,,,,,,,,,,,,,,
2026-06-30T02:00:53.197561+00:00,2026-06-30T12:00:53.193561,1,3,69.35,0.1,69.3,825,,,,,,,,,,,,,,,,,,,69.4,625,69.5,200,69.6,500,,,,,,,,,,,,,,
2026-06-30T02:00:53.208197+00:00,2026-06-30T12:00:53.204625,2,2,69.35,0.1,69.3,825,69.1,500,,,,,,,,,,,,,,,,,69.4,625,69.5,200,,,,,,,,,,,,,,,,
2026-06-30T02:00:53.218775+00:00,2026-06-30T12:00:53.210215,2,3,69.35,0.1,69.3,825,69.1,500,,,,,,,,,,,,,,,,,69.4,625,69.5,200,69.6,500,,,,,,,,,,,,,,
2026-06-30T02:00:53.229857+00:00,2026-06-30T12:00:53.226794,3,2,69.45,0.1,69.4,625,69.3,200,69.1,500,,,,,,,,,,,,,,,69.5,200,69.6,1125,,,,,,,,,,,,,,,,
2026-06-30T02:00:53.795219+00:00,2026-06-30T12:00:53.794219,2,2,69.45,0.1,69.4,625,69.3,200,,,,,,,,,,,,,,,,,69.5,200,69.6,1125,,,,,,,,,,,,,,,,
2026-06-30T02:00:53.806284+00:00,2026-06-30T12:00:53.801284,2,2,69.45,0.1,69.4,625,69.3,200,,,,,,,,,,,,,,,,,69.5,200,69.6,625,,,,,,,,,,,,,,,,
2026-06-30T02:00:53.817347+00:00,2026-06-30T12:00:53.814347,3,2,69.45,0.1,69.4,625,69.3,200,69.2,500,,,,,,,,,,,,,,,69.5,200,69.6,1125,,,,,,,,,,,,,,,,
2026-06-30T02:00:53.882899+00:00,2026-06-30T12:00:53.877889,3,2,69.45,0.1,69.4,625,69.3,200,69.2,500,,,,,,,,,,,,,,,69.5,200,69.6,1125,,,,,,,,,,,,,,,,
2026-06-30T02:00:54.437368+00:00,2026-06-30T12:00:54.434367,2,2,69.45,0.1,69.4,625,69.3,200,,,,,,,,,,,,,,,,,69.5,200,69.6,625,,,,,,,,,,,,,,,,
2026-06-30T02:00:54.447988+00:00,2026-06-30T12:00:54.445419,3,2,69.45,0.1,69.4,625,69.3,200,69.2,500,,,,,,,,,,,,,,,69.5,200,69.6,1125,,,,,,,,,,,,,,,,
2026-06-30T02:00:54.535549+00:00,2026-06-30T12:00:54.534549,2,2,69.4,0.2,69.3,200,69.2,1125,,,,,,,,,,,,,,,,,69.5,200,69.6,500,,,,,,,,,,,,,,,,
2026-06-30T02:00:54.546602+00:00,2026-06-30T12:00:54.541602,2,3,69.35,0.1,69.3,200,69.2,1125,,,,,,,,,,,,,,,,,69.4,625,69.5,200,69.6,500,,,,,,,,,,,,,,
2026-06-30T02:00:55.035231+00:00,2026-06-30T12:00:55.031231,2,2,69.35,0.1,69.3,200,69.2,625,,,,,,,,,,,,,,,,,69.4,625,69.5,200,,,,,,,,,,,,,,,,
2026-06-30T02:00:55.046306+00:00,2026-06-30T12:00:55.041306,2,3,69.35,0.1,69.3,200,69.2,1125,,,,,,,,,,,,,,,,,69.4,625,69.5,200,69.6,500,,,,,,,,,,,,,,
2026-06-30T02:00:55.078582+00:00,2026-06-30T12:00:55.078077,1,3,69.3,0.2,69.2,1125,,,,,,,,,,,,,,,,,,,69.4,625,69.5,200,69.6,500,,,,,,,,,,,,,,
2026-06-30T02:00:55.089649+00:00,2026-06-30T12:00:55.083592,1,3,69.25,0.1,69.2,1325,,,,,,,,,,,,,,,,,,,69.3,200,69.4,625,69.6,500,,,,,,,,,,,,,,
2026-06-30T02:00:55.643899+00:00,2026-06-30T12:00:55.641899,1,2,69.25,0.1,69.2,1325,,,,,,,,,,,,,,,,,,,69.3,200,69.4,625,,,,,,,,,,,,,,,,
2026-06-30T02:00:55.654977+00:00,2026-06-30T12:00:55.647976,1,3,69.25,0.1,69.2,1325,,,,,,,,,,,,,,,,,,,69.3,200,69.4,625,69.7,500,,,,,,,,,,,,,,
2026-06-30T02:00:55.850066+00:00,2026-06-30T12:00:55.848065,2,2,69.25,0.1,69.2,700,69.1,625,,,,,,,,,,,,,,,,,69.3,825,69.7,500,,,,,,,,,,,,,,,,
2026-06-30T02:00:56.233769+00:00,2026-06-30T12:00:56.231769,2,2,69.25,0.1,69.2,200,69.1,625,,,,,,,,,,,,,,,,,69.3,825,69.7,500,,,,,,,,,,,,,,,,
2026-06-30T02:00:56.244829+00:00,2026-06-30T12:00:56.241829,2,1,69.25,0.1,69.2,700,69.1,625,,,,,,,,,,,,,,,,,69.3,825,,,,,,,,,,,,,,,,,,
2026-06-30T02:00:56.255880+00:00,2026-06-30T12:00:56.246829,2,2,69.25,0.1,69.2,700,69.1,625,,,,,,,,,,,,,,,,,69.3,825,69.7,500,,,,,,,,,,,,,,,,
2026-06-30T02:00:56.300014+00:00,2026-06-30T12:00:56.290958,2,3,69.25,0.1,69.2,700,69.1,625,,,,,,,,,,,,,,,,,69.3,625,69.4,200,69.7,500,,,,,,,,,,,,,,
2026-06-30T02:00:56.843159+00:00,2026-06-30T12:00:56.841159,2,2,69.25,0.1,69.2,200,69.1,625,,,,,,,,,,,,,,,,,69.3,625,69.4,200,,,,,,,,,,,,,,,,
2026-06-30T02:00:56.854229+00:00,2026-06-30T12:00:56.851229,2,3,69.25,0.1,69.2,700,69.1,625,,,,,,,,,,,,,,,,,69.3,625,69.4,200,69.7,500,,,,,,,,,,,,,,
2026-06-30T02:00:57.157285+00:00,2026-06-30T12:00:57.156230,2,2,69.3,0.2,69.2,700,69.0,625,,,,,,,,,,,,,,,,,69.4,200,69.7,500,,,,,,,,,,,,,,,,
2026-06-30T02:00:57.167863+00:00,2026-06-30T12:00:57.161304,2,2,69.3,0.2,69.2,75,69.0,625,,,,,,,,,,,,,,,,,69.4,200,69.7,500,,,,,,,,,,,,,,,,
2026-06-30T02:00:57.439780+00:00,2026-06-30T12:00:57.436717,1,2,69.2,0.4,69.0,625,,,,,,,,,,,,,,,,,,,69.4,200,69.7,500,,,,,,,,,,,,,,,,
2026-06-30T02:00:57.450842+00:00,2026-06-30T12:00:57.448842,2,1,69.3,0.2,69.2,500,69.0,625,,,,,,,,,,,,,,,,,69.4,200,,,,,,,,,,,,,,,,,,
2026-06-30T02:00:57.461902+00:00,2026-06-30T12:00:57.453834,2,2,69.3,0.2,69.2,500,69.0,625,,,,,,,,,,,,,,,,,69.4,200,69.7,500,,,,,,,,,,,,,,,,
2026-06-30T02:00:57.506184+00:00,2026-06-30T12:00:57.498184,3,1,69.45,0.5,69.2,300,69.1,200,69.0,625,,,,,,,,,,,,,,,69.7,500,,,,,,,,,,,,,,,,,,
2026-06-30T02:00:58.047473+00:00,2026-06-30T12:00:58.046446,2,0,,,69.1,200,69.0,625,,,,,,,,,,,,,,,,,,,,,,,,,,,,,,,,,,,,
2026-06-30T02:00:58.058082+00:00,2026-06-30T12:00:58.053510,3,0,,,69.2,500,69.1,200,69.0,625,,,,,,,,,,,,,,,,,,,,,,,,,,,,,,,,,,
2026-06-30T02:00:58.068655+00:00,2026-06-30T12:00:58.058301,3,1,69.45,0.5,69.2,500,69.1,200,69.0,625,,,,,,,,,,,,,,,69.7,500,,,,,,,,,,,,,,,,,,
2026-06-30T02:00:58.472887+00:00,2026-06-30T12:00:58.467877,3,2,69.5,0.2,69.4,625,69.2,500,69.1,200,,,,,,,,,,,,,,,69.6,625,69.7,500,,,,,,,,,,,,,,,,
2026-06-30T02:00:58.646520+00:00,2026-06-30T12:00:58.641520,2,2,69.5,0.2,69.4,625,69.1,200,,,,,,,,,,,,,,,,,69.6,625,69.7,500,,,,,,,,,,,,,,,,
2026-06-30T02:00:58.657583+00:00,2026-06-30T12:00:58.653583,3,1,69.5,0.2,69.4,625,69.3,500,69.1,200,,,,,,,,,,,,,,,69.6,625,,,,,,,,,,,,,,,,,,
2026-06-30T02:00:58.668209+00:00,2026-06-30T12:00:58.659649,3,2,69.5,0.2,69.4,625,69.3,500,69.1,200,,,,,,,,,,,,,,,69.6,625,69.7,500,,,,,,,,,,,,,,,,
2026-06-30T02:00:58.711995+00:00,2026-06-30T12:00:58.706924,3,2,69.5,0.2,69.4,425,69.3,500,69.1,200,,,,,,,,,,,,,,,69.6,625,69.7,500,,,,,,,,,,,,,,,,
2026-06-30T02:00:59.246513+00:00,2026-06-30T12:00:59.245512,2,2,69.5,0.2,69.4,425,69.1,200,,,,,,,,,,,,,,,,,69.6,625,69.7,500,,,,,,,,,,,,,,,,
2026-06-30T02:00:59.257576+00:00,2026-06-30T12:00:59.253576,3,1,69.5,0.2,69.4,425,69.3,500,69.1,200,,,,,,,,,,,,,,,69.6,625,,,,,,,,,,,,,,,,,,
2026-06-30T02:00:59.268201+00:00,2026-06-30T12:00:59.260641,3,2,69.5,0.2,69.4,425,69.3,500,69.1,200,,,,,,,,,,,,,,,69.6,625,69.7,500,,,,,,,,,,,,,,,,
2026-06-30T02:00:59.779665+00:00,2026-06-30T12:00:59.774593,3,1,69.5,0.4,69.3,500,69.2,625,69.1,200,,,,,,,,,,,,,,,69.7,500,,,,,,,,,,,,,,,,,,
2026-06-30T02:00:59.790727+00:00,2026-06-30T12:00:59.779665,3,2,69.35,0.1,69.3,500,69.2,625,69.1,200,,,,,,,,,,,,,,,69.4,625,69.7,500,,,,,,,,,,,,,,,,
2026-06-30T02:00:59.857123+00:00,2026-06-30T12:00:59.853123,2,1,69.3,0.2,69.2,625,69.1,200,,,,,,,,,,,,,,,,,69.4,625,,,,,,,,,,,,,,,,,,
2026-06-30T02:00:59.867749+00:00,2026-06-30T12:00:59.863188,3,2,69.35,0.1,69.3,500,69.2,625,69.1,200,,,,,,,,,,,,,,,69.4,625,69.7,500,,,,,,,,,,,,,,,,
2026-06-30T02:00:59.922111+00:00,2026-06-30T12:00:59.915049,2,2,69.35,0.1,69.3,700,69.2,625,,,,,,,,,,,,,,,,,69.4,825,69.7,500,,,,,,,,,,,,,,,,
2026-06-30T02:01:00.476021+00:00,2026-06-30T12:01:00.475021,2,2,69.35,0.1,69.3,200,69.2,625,,,,,,,,,,,,,,,,,69.4,825,69.7,500,,,,,,,,,,,,,,,,
2026-06-30T02:01:00.487087+00:00,2026-06-30T12:01:00.482088,2,1,69.35,0.1,69.3,200,69.2,625,,,,,,,,,,,,,,,,,69.4,825,,,,,,,,,,,,,,,,,,
2026-06-30T02:01:00.497732+00:00,2026-06-30T12:01:00.489172,2,1,69.35,0.1,69.3,700,69.2,625,,,,,,,,,,,,,,,,,69.4,825,,,,,,,,,,,,,,,,,,
2026-06-30T02:01:00.508312+00:00,2026-06-30T12:01:00.497928,2,2,69.35,0.1,69.3,700,69.2,625,,,,,,,,,,,,,,,,,69.4,825,69.8,500,,,,,,,,,,,,,,,,
2026-06-30T02:01:01.083137+00:00,2026-06-30T12:01:01.081146,1,2,69.35,0.1,69.3,700,,,,,,,,,,,,,,,,,,,69.4,200,69.8,500,,,,,,,,,,,,,,,,
2026-06-30T02:01:01.094208+00:00,2026-06-30T12:01:01.090208,2,2,69.35,0.1,69.3,200,69.2,625,,,,,,,,,,,,,,,,,69.4,825,69.8,500,,,,,,,,,,,,,,,,
2026-06-30T02:01:01.116377+00:00,2026-06-30T12:01:01.112386,2,2,69.35,0.1,69.3,700,69.2,625,,,,,,,,,,,,,,,,,69.4,825,69.8,500,,,,,,,,,,,,,,,,
2026-06-30T02:01:01.127459+00:00,2026-06-30T12:01:01.123459,2,2,69.35,0.1,69.3,500,69.2,625,,,,,,,,,,,,,,,,,69.4,825,69.8,500,,,,,,,,,,,,,,,,
2026-06-30T02:01:01.138093+00:00,2026-06-30T12:01:01.133534,2,2,69.35,0.1,69.3,700,69.2,625,,,,,,,,,,,,,,,,,69.4,625,69.8,500,,,,,,,,,,,,,,,,
2026-06-30T02:01:01.148675+00:00,2026-06-30T12:01:01.142112,2,3,69.35,0.1,69.3,700,69.2,625,,,,,,,,,,,,,,,,,69.4,625,69.5,200,69.8,500,,,,,,,,,,,,,,
2026-06-30T02:01:01.682294+00:00,2026-06-30T12:01:01.680294,2,3,69.35,0.1,69.3,200,69.2,625,,,,,,,,,,,,,,,,,69.4,625,69.5,200,69.8,500,,,,,,,,,,,,,,
2026-06-30T02:01:01.693358+00:00,2026-06-30T12:01:01.691357,2,2,69.35,0.1,69.3,700,69.2,625,,,,,,,,,,,,,,,,,69.4,625,69.5,200,,,,,,,,,,,,,,,,
2026-06-30T02:01:01.704421+00:00,2026-06-30T12:01:01.695358,2,3,69.35,0.1,69.3,700,69.2,625,,,,,,,,,,,,,,,,,69.4,625,69.5,200,69.8,500,,,,,,,,,,,,,,
2026-06-30T02:01:02.292907+00:00,2026-06-30T12:01:02.283844,2,3,69.35,0.1,69.3,200,69.2,625,,,,,,,,,,,,,,,,,69.4,625,69.5,200,69.8,500,,,,,,,,,,,,,,
2026-06-30T02:01:02.303971+00:00,2026-06-30T12:01:02.300980,2,3,69.35,0.1,69.3,200,69.2,625,,,,,,,,,,,,,,,,,69.4,125,69.5,200,69.8,500,,,,,,,,,,,,,,
2026-06-30T02:01:02.347322+00:00,2026-06-30T12:01:02.341255,1,3,69.3,0.2,69.2,625,,,,,,,,,,,,,,,,,,,69.4,125,69.5,200,69.8,500,,,,,,,,,,,,,,
2026-06-30T02:01:02.357901+00:00,2026-06-30T12:01:02.351341,2,2,69.35,0.1,69.3,200,69.2,625,,,,,,,,,,,,,,,,,69.4,325,69.8,500,,,,,,,,,,,,,,,,
2026-06-30T02:01:02.390176+00:00,2026-06-30T12:01:02.388165,1,2,69.35,0.1,69.3,200,,,,,,,,,,,,,,,,,,,69.4,325,69.8,500,,,,,,,,,,,,,,,,
2026-06-30T02:01:02.401239+00:00,2026-06-30T12:01:02.396176,2,2,69.6,0.2,69.5,425,69.3,200,,,,,,,,,,,,,,,,,69.7,625,69.8,500,,,,,,,,,,,,,,,,
2026-06-30T02:01:02.891129+00:00,2026-06-30T12:01:02.887119,2,1,69.6,0.2,69.5,425,69.3,200,,,,,,,,,,,,,,,,,69.7,625,,,,,,,,,,,,,,,,,,
2026-06-30T02:01:02.902208+00:00,2026-06-30T12:01:02.898207,3,2,69.6,0.2,69.5,425,69.4,500,69.3,200,,,,,,,,,,,,,,,69.7,625,69.8,500,,,,,,,,,,,,,,,,
2026-06-30T02:01:03.500200+00:00,2026-06-30T12:01:03.495132,2,1,69.6,0.2,69.5,425,69.3,200,,,,,,,,,,,,,,,,,69.7,625,,,,,,,,,,,,,,,,,,
2026-06-30T02:01:03.511277+00:00,2026-06-30T12:01:03.505200,3,2,69.6,0.2,69.5,425,69.4,500,69.3,200,,,,,,,,,,,,,,,69.7,625,69.9,500,,,,,,,,,,,,,,,,
2026-06-30T02:01:03.555528+00:00,2026-06-30T12:01:03.553528,2,2,69.6,0.2,69.5,425,69.4,500,,,,,,,,,,,,,,,,,69.7,625,69.9,500,,,,,,,,,,,,,,,,
2026-06-30T02:01:03.566592+00:00,2026-06-30T12:01:03.562592,3,2,69.6,0.2,69.5,225,69.4,500,69.3,200,,,,,,,,,,,,,,,69.7,625,69.9,500,,,,,,,,,,,,,,,,
2026-06-30T02:01:03.707083+00:00,2026-06-30T12:01:03.702029,2,1,69.65,0.5,69.4,500,69.3,200,,,,,,,,,,,,,,,,,69.9,500,,,,,,,,,,,,,,,,,,
2026-06-30T02:01:03.717692+00:00,2026-06-30T12:01:03.710121,2,2,69.35,0.1,69.3,200,69.2,625,,,,,,,,,,,,,,,,,69.4,125,69.9,500,,,,,,,,,,,,,,,,
2026-06-30T02:01:04.097650+00:00,2026-06-30T12:01:04.091650,2,1,69.35,0.1,69.3,200,69.2,625,,,,,,,,,,,,,,,,,69.4,125,,,,,,,,,,,,,,,,,,
2026-06-30T02:01:04.108271+00:00,2026-06-30T12:01:04.106721,3,1,69.65,0.5,69.4,375,69.3,200,69.2,625,,,,,,,,,,,,,,,69.9,500,,,,,,,,,,,,,,,,,,
2026-06-30T02:01:04.706389+00:00,2026-06-30T12:01:04.695326,2,1,69.6,0.6,69.3,200,69.2,625,,,,,,,,,,,,,,,,,69.9,500,,,,,,,,,,,,,,,,,,
2026-06-30T02:01:04.717501+00:00,2026-06-30T12:01:04.716501,3,1,69.65,0.5,69.4,500,69.3,200,69.2,625,,,,,,,,,,,,,,,69.9,500,,,,,,,,,,,,,,,,,,
2026-06-30T02:01:04.771987+00:00,2026-06-30T12:01:04.765917,2,2,69.45,0.1,69.4,700,69.2,625,,,,,,,,,,,,,,,,,69.5,200,69.9,500,,,,,,,,,,,,,,,,
2026-06-30T02:01:05.012090+00:00,2026-06-30T12:01:05.011090,2,2,69.45,0.1,69.4,700,69.3,625,,,,,,,,,,,,,,,,,69.5,200,69.9,500,,,,,,,,,,,,,,,,
2026-06-30T02:01:05.023163+00:00,2026-06-30T12:01:05.013090,2,2,69.45,0.1,69.4,700,69.3,625,,,,,,,,,,,,,,,,,69.5,825,69.9,500,,,,,,,,,,,,,,,,
2026-06-30T02:01:05.306007+00:00,2026-06-30T12:01:05.302016,2,1,69.45,0.1,69.4,200,69.3,625,,,,,,,,,,,,,,,,,69.5,825,,,,,,,,,,,,,,,,,,
2026-06-30T02:01:05.317078+00:00,2026-06-30T12:01:05.310078,2,2,69.45,0.1,69.4,700,69.3,625,,,,,,,,,,,,,,,,,69.5,825,69.9,500,,,,,,,,,,,,,,,,
2026-06-30T02:01:05.904197+00:00,2026-06-30T12:01:05.899197,2,2,69.45,0.1,69.4,200,69.3,625,,,,,,,,,,,,,,,,,69.5,825,69.9,500,,,,,,,,,,,,,,,,
2026-06-30T02:01:05.915260+00:00,2026-06-30T12:01:05.914260,2,1,69.45,0.1,69.4,200,69.3,625,,,,,,,,,,,,,,,,,69.5,325,,,,,,,,,,,,,,,,,,
2026-06-30T02:01:05.926324+00:00,2026-06-30T12:01:05.920324,2,2,69.45,0.1,69.4,200,69.3,625,,,,,,,,,,,,,,,,,69.5,325,69.9,500,,,,,,,,,,,,,,,,
2026-06-30T02:01:05.980742+00:00,2026-06-30T12:01:05.979741,1,3,69.4,0.2,69.3,625,,,,,,,,,,,,,,,,,,,69.5,125,69.7,200,69.9,500,,,,,,,,,,,,,,
2026-06-30T02:01:06.317492+00:00,2026-06-30T12:01:06.315492,0,3,,,,,,,,,,,,,,,,,,,,,,,69.5,125,69.7,200,69.9,500,,,,,,,,,,,,,,
2026-06-30T02:01:06.327607+00:00,2026-06-30T12:01:06.323561,1,1,69.8,0.2,69.7,425,,,,,,,,,,,,,,,,,,,69.9,1125,,,,,,,,,,,,,,,,,,
2026-06-30T02:01:06.534956+00:00,2026-06-30T12:01:06.531955,1,1,69.8,0.2,69.7,425,,,,,,,,,,,,,,,,,,,69.9,625,,,,,,,,,,,,,,,,,,
2026-06-30T02:01:06.546018+00:00,2026-06-30T12:01:06.544018,2,1,69.8,0.2,69.7,425,69.4,500,,,,,,,,,,,,,,,,,69.9,1125,,,,,,,,,,,,,,,,,,
2026-06-30T02:01:07.141098+00:00,2026-06-30T12:01:07.134036,1,1,69.8,0.2,69.7,425,,,,,,,,,,,,,,,,,,,69.9,1125,,,,,,,,,,,,,,,,,,
2026-06-30T02:01:07.152160+00:00,2026-06-30T12:01:07.149151,2,1,69.8,0.2,69.7,425,69.4,500,,,,,,,,,,,,,,,,,69.9,625,,,,,,,,,,,,,,,,,,
2026-06-30T02:01:07.163245+00:00,2026-06-30T12:01:07.158236,2,1,69.8,0.2,69.7,425,69.4,500,,,,,,,,,,,,,,,,,69.9,1125,,,,,,,,,,,,,,,,,,
2026-06-30T02:01:07.185371+00:00,2026-06-30T12:01:07.180370,3,1,69.8,0.2,69.7,425,69.6,200,69.4,500,,,,,,,,,,,,,,,69.9,1125,,,,,,,,,,,,,,,,,,
2026-06-30T02:01:07.196467+00:00,2026-06-30T12:01:07.185371,3,2,69.75,0.1,69.7,425,69.6,200,69.4,500,,,,,,,,,,,,,,,69.8,200,69.9,1125,,,,,,,,,,,,,,,,
2026-06-30T02:01:07.629011+00:00,2026-06-30T12:01:07.627451,2,2,69.7,0.2,69.6,200,69.4,500,,,,,,,,,,,,,,,,,69.8,200,69.9,1125,,,,,,,,,,,,,,,,
2026-06-30T02:01:07.640092+00:00,2026-06-30T12:01:07.634030,1,3,69.5,0.2,69.4,1125,,,,,,,,,,,,,,,,,,,69.6,425,69.8,200,69.9,500,,,,,,,,,,,,,,
2026-06-30T02:01:07.748323+00:00,2026-06-30T12:01:07.746763,1,2,69.5,0.2,69.4,625,,,,,,,,,,,,,,,,,,,69.6,425,69.8,200,,,,,,,,,,,,,,,,
2026-06-30T02:01:07.758902+00:00,2026-06-30T12:01:07.756343,1,3,69.5,0.2,69.4,1125,,,,,,,,,,,,,,,,,,,69.6,425,69.8,200,69.9,500,,,,,,,,,,,,,,
2026-06-30T02:01:08.347256+00:00,2026-06-30T12:01:08.344210,1,2,69.5,0.2,69.4,625,,,,,,,,,,,,,,,,,,,69.6,425,69.8,200,,,,,,,,,,,,,,,,
2026-06-30T02:01:08.357856+00:00,2026-06-30T12:01:08.353275,1,2,69.5,0.2,69.4,1125,,,,,,,,,,,,,,,,,,,69.6,425,69.8,700,,,,,,,,,,,,,,,,
2026-06-30T02:01:08.389147+00:00,2026-06-30T12:01:08.388136,1,2,69.5,0.2,69.4,1125,,,,,,,,,,,,,,,,,,,69.6,425,69.8,500,,,,,,,,,,,,,,,,
2026-06-30T02:01:08.400209+00:00,2026-06-30T12:01:08.391146,2,3,69.55,0.1,69.5,200,69.4,1125,,,,,,,,,,,,,,,,,69.6,425,69.7,200,69.8,500,,,,,,,,,,,,,,
2026-06-30T02:01:08.943911+00:00,2026-06-30T12:01:08.942911,2,2,69.6,0.2,69.5,200,69.4,500,,,,,,,,,,,,,,,,,69.7,200,69.8,500,,,,,,,,,,,,,,,,
2026-06-30T02:01:08.954964+00:00,2026-06-30T12:01:08.953973,2,2,69.65,0.1,69.6,625,69.5,200,,,,,,,,,,,,,,,,,69.7,825,69.8,500,,,,,,,,,,,,,,,,
2026-06-30T02:01:08.966035+00:00,2026-06-30T12:01:08.960035,2,1,69.65,0.1,69.6,625,69.5,200,,,,,,,,,,,,,,,,,69.7,825,,,,,,,,,,,,,,,,,,
2026-06-30T02:01:08.977100+00:00,2026-06-30T12:01:08.969092,3,2,69.65,0.1,69.6,625,69.5,200,69.4,500,,,,,,,,,,,,,,,69.7,825,69.8,500,,,,,,,,,,,,,,,,
2026-06-30T02:01:09.554052+00:00,2026-06-30T12:01:09.545990,2,2,69.65,0.1,69.6,625,69.5,200,,,,,,,,,,,,,,,,,69.7,825,69.8,500,,,,,,,,,,,,,,,,
2026-06-30T02:01:09.565137+00:00,2026-06-30T12:01:09.559137,3,1,69.65,0.1,69.6,625,69.5,200,69.4,500,,,,,,,,,,,,,,,69.7,825,,,,,,,,,,,,,,,,,,
2026-06-30T02:01:09.576211+00:00,2026-06-30T12:01:09.565469,3,2,69.65,0.1,69.6,625,69.5,200,69.4,500,,,,,,,,,,,,,,,69.7,825,69.9,500,,,,,,,,,,,,,,,,
2026-06-30T02:01:09.597902+00:00,2026-06-30T12:01:09.593334,2,2,69.65,0.1,69.6,625,69.4,500,,,,,,,,,,,,,,,,,69.7,825,69.9,500,,,,,,,,,,,,,,,,
2026-06-30T02:01:09.608491+00:00,2026-06-30T12:01:09.602920,2,2,69.65,0.1,69.6,825,69.4,500,,,,,,,,,,,,,,,,,69.7,825,69.9,500,,,,,,,,,,,,,,,,
2026-06-30T02:01:10.152092+00:00,2026-06-30T12:01:10.148092,1,2,69.65,0.1,69.6,825,,,,,,,,,,,,,,,,,,,69.7,825,69.9,500,,,,,,,,,,,,,,,,
2026-06-30T02:01:10.163156+00:00,2026-06-30T12:01:10.162165,2,1,69.65,0.1,69.6,825,69.5,500,,,,,,,,,,,,,,,,,69.7,825,,,,,,,,,,,,,,,,,,
2026-06-30T02:01:10.174228+00:00,2026-06-30T12:01:10.165164,2,2,69.65,0.1,69.6,825,69.5,500,,,,,,,,,,,,,,,,,69.7,825,69.9,500,,,,,,,,,,,,,,,,
2026-06-30T02:01:10.260822+00:00,2026-06-30T12:01:10.258821,2,2,69.65,0.1,69.6,825,69.5,500,,,,,,,,,,,,,,,,,69.7,825,69.9,500,,,,,,,,,,,,,,,,
2026-06-30T02:01:10.759858+00:00,2026-06-30T12:01:10.757847,1,1,69.65,0.1,69.6,825,,,,,,,,,,,,,,,,,,,69.7,825,,,,,,,,,,,,,,,,,,
2026-06-30T02:01:10.770927+00:00,2026-06-30T12:01:10.762858,2,1,69.65,0.1,69.6,825,69.5,500,,,,,,,,,,,,,,,,,69.7,825,,,,,,,,,,,,,,,,,,
2026-06-30T02:01:10.782001+00:00,2026-06-30T12:01:10.770927,2,2,69.65,0.1,69.6,825,69.5,500,,,,,,,,,,,,,,,,,69.7,825,70.0,500,,,,,,,,,,,,,,,,
2026-06-30T02:01:10.804117+00:00,2026-06-30T12:01:10.802118,2,2,69.65,0.1,69.6,625,69.5,500,,,,,,,,,,,,,,,,,69.7,825,70.0,500,,,,,,,,,,,,,,,,
2026-06-30T02:01:10.815209+00:00,2026-06-30T12:01:10.810209,2,3,69.65,0.1,69.6,825,69.5,500,,,,,,,,,,,,,,,,,69.7,625,69.8,200,70.0,500,,,,,,,,,,,,,,
2026-06-30T02:01:11.077463+00:00,2026-06-30T12:01:11.066399,2,3,69.65,0.1,69.6,825,69.5,500,,,,,,,,,,,,,,,,,69.7,600,69.8,200,70.0,500,,,,,,,,,,,,,,
2026-06-30T02:01:11.359937+00:00,2026-06-30T12:01:11.355853,1,3,69.65,0.1,69.6,825,,,,,,,,,,,,,,,,,,,69.7,600,69.8,200,70.0,500,,,,,,,,,,,,,,
2026-06-30T02:01:11.371000+00:00,2026-06-30T12:01:11.367989,2,2,69.65,0.1,69.6,825,69.5,500,,,,,,,,,,,,,,,,,69.7,600,69.8,200,,,,,,,,,,,,,,,,
2026-06-30T02:01:11.382120+00:00,2026-06-30T12:01:11.372000,2,3,69.65,0.1,69.6,825,69.5,500,,,,,,,,,,,,,,,,,69.7,600,69.8,200,69.9,500,,,,,,,,,,,,,,
2026-06-30T02:01:11.567371+00:00,2026-06-30T12:01:11.565330,3,2,69.75,0.1,69.7,625,69.6,200,69.5,500,,,,,,,,,,,,,,,69.8,200,69.9,500,,,,,,,,,,,,,,,,
2026-06-30T02:01:11.577971+00:00,2026-06-30T12:01:11.568410,3,2,69.75,0.1,69.7,625,69.6,200,69.5,500,,,,,,,,,,,,,,,69.8,825,69.9,500,,,,,,,,,,,,,,,,
2026-06-30T02:01:11.968076+00:00,2026-06-30T12:01:11.957608,2,2,69.75,0.1,69.7,625,69.6,200,,,,,,,,,,,,,,,,,69.8,825,69.9,500,,,,,,,,,,,,,,,,
2026-06-30T02:01:11.978655+00:00,2026-06-30T12:01:11.969094,3,1,69.75,0.1,69.7,625,69.6,200,69.5,500,,,,,,,,,,,,,,,69.8,825,,,,,,,,,,,,,,,,,,
2026-06-30T02:01:11.989737+00:00,2026-06-30T12:01:11.978856,3,2,69.75,0.1,69.7,625,69.6,200,69.5,500,,,,,,,,,,,,,,,69.8,825,69.9,500,,,,,,,,,,,,,,,,
2026-06-30T02:01:12.022925+00:00,2026-06-30T12:01:12.019924,3,2,69.75,0.1,69.7,425,69.5,500,69.4,200,,,,,,,,,,,,,,,69.8,625,69.9,500,,,,,,,,,,,,,,,,
2026-06-30T02:01:12.589717+00:00,2026-06-30T12:01:12.587707,2,2,69.75,0.1,69.7,425,69.4,200,,,,,,,,,,,,,,,,,69.8,625,69.9,500,,,,,,,,,,,,,,,,
2026-06-30T02:01:12.600782+00:00,2026-06-30T12:01:12.599782,3,1,69.75,0.1,69.7,425,69.5,500,69.4,200,,,,,,,,,,,,,,,69.8,625,,,,,,,,,,,,,,,,,,
2026-06-30T02:01:12.611844+00:00,2026-06-30T12:01:12.605782,3,2,69.75,0.1,69.7,425,69.5,500,69.4,200,,,,,,,,,,,,,,,69.8,625,70.0,500,,,,,,,,,,,,,,,,
2026-06-30T02:01:12.871142+00:00,2026-06-30T12:01:12.870141,2,2,69.65,0.3,69.5,500,69.4,200,,,,,,,,,,,,,,,,,69.8,625,70.0,500,,,,,,,,,,,,,,,,
2026-06-30T02:01:12.882205+00:00,2026-06-30T12:01:12.875141,3,1,69.8,0.4,69.6,625,69.5,500,69.4,200,,,,,,,,,,,,,,,70.0,500,,,,,,,,,,,,,,,,,,
2026-06-30T02:01:12.893265+00:00,2026-06-30T12:01:12.890265,3,2,69.65,0.1,69.6,625,69.5,500,69.4,200,,,,,,,,,,,,,,,69.7,475,70.0,500,,,,,,,,,,,,,,,,
2026-06-30T02:01:13.197331+00:00,2026-06-30T12:01:13.194296,2,1,69.65,0.1,69.6,625,69.4,200,,,,,,,,,,,,,,,,,69.7,475,,,,,,,,,,,,,,,,,,
2026-06-30T02:01:13.207929+00:00,2026-06-30T12:01:13.205369,3,2,69.65,0.1,69.6,625,69.5,500,69.4,200,,,,,,,,,,,,,,,69.7,475,70.0,500,,,,,,,,,,,,,,,,
2026-06-30T02:01:13.229086+00:00,2026-06-30T12:01:13.224526,2,2,69.65,0.1,69.6,625,69.5,500,,,,,,,,,,,,,,,,,69.7,475,70.0,500,,,,,,,,,,,,,,,,
2026-06-30T02:01:13.240168+00:00,2026-06-30T12:01:13.233105,3,2,69.65,0.1,69.6,425,69.5,500,69.4,200,,,,,,,,,,,,,,,69.7,475,70.0,500,,,,,,,,,,,,,,,,
2026-06-30T02:01:13.797431+00:00,2026-06-30T12:01:13.792375,2,2,69.65,0.1,69.6,425,69.4,200,,,,,,,,,,,,,,,,,69.7,475,70.0,500,,,,,,,,,,,,,,,,
2026-06-30T02:01:13.808000+00:00,2026-06-30T12:01:13.804440,3,1,69.65,0.1,69.6,425,69.5,500,69.4,200,,,,,,,,,,,,,,,69.7,475,,,,,,,,,,,,,,,,,,
2026-06-30T02:01:13.818551+00:00,2026-06-30T12:01:13.810551,3,2,69.65,0.1,69.6,425,69.5,500,69.4,200,,,,,,,,,,,,,,,69.7,475,70.0,500,,,,,,,,,,,,,,,,
2026-06-30T02:01:14.188480+00:00,2026-06-30T12:01:14.186929,3,2,69.7,0.2,69.6,625,69.5,500,69.4,200,,,,,,,,,,,,,,,69.8,625,70.0,500,,,,,,,,,,,,,,,,
2026-06-30T02:01:14.406354+00:00,2026-06-30T12:01:14.405345,3,1,69.7,0.2,69.6,625,69.5,500,69.4,200,,,,,,,,,,,,,,,69.8,625,,,,,,,,,,,,,,,,,,
2026-06-30T02:01:14.417437+00:00,2026-06-30T12:01:14.411438,3,2,69.7,0.2,69.6,625,69.5,500,69.4,200,,,,,,,,,,,,,,,69.8,625,69.9,500,,,,,,,,,,,,,,,,
2026-06-30T02:01:14.449745+00:00,2026-06-30T12:01:14.441674,3,2,69.75,0.1,69.7,200,69.6,625,69.5,500,,,,,,,,,,,,,,,69.8,825,69.9,500,,,,,,,,,,,,,,,,
2026-06-30T02:01:14.755188+00:00,2026-06-30T12:01:14.749188,3,2,69.75,0.1,69.7,200,69.6,625,69.5,500,,,,,,,,,,,,,,,69.8,805,69.9,500,,,,,,,,,,,,,,,,
2026-06-30T02:01:15.004378+00:00,2026-06-30T12:01:15.002378,2,1,69.75,0.1,69.7,200,69.6,625,,,,,,,,,,,,,,,,,69.8,805,,,,,,,,,,,,,,,,,,
2026-06-30T02:01:15.015441+00:00,2026-06-30T12:01:15.007431,3,1,69.75,0.1,69.7,200,69.6,625,69.5,500,,,,,,,,,,,,,,,69.8,805,,,,,,,,,,,,,,,,,,
2026-06-30T02:01:15.026505+00:00,2026-06-30T12:01:15.018505,3,2,69.75,0.1,69.7,200,69.6,625,69.5,500,,,,,,,,,,,,,,,69.8,805,69.9,500,,,,,,,,,,,,,,,,
2026-06-30T02:01:15.479717+00:00,2026-06-30T12:01:15.468789,3,2,69.75,0.1,69.7,200,69.6,625,69.5,500,,,,,,,,,,,,,,,69.8,755,69.9,500,,,,,,,,,,,,,,,,
2026-06-30T02:01:15.490778+00:00,2026-06-30T12:01:15.487768,2,2,69.75,0.1,69.7,200,69.5,500,,,,,,,,,,,,,,,,,69.8,755,69.9,500,,,,,,,,,,,,,,,,
2026-06-30T02:01:15.501872+00:00,2026-06-30T12:01:15.494778,2,2,69.75,0.1,69.7,825,69.5,500,,,,,,,,,,,,,,,,,69.8,200,69.9,1125,,,,,,,,,,,,,,,,
2026-06-30T02:01:15.610105+00:00,2026-06-30T12:01:15.608104,1,2,69.75,0.1,69.7,825,,,,,,,,,,,,,,,,,,,69.8,200,69.9,625,,,,,,,,,,,,,,,,
2026-06-30T02:01:15.621167+00:00,2026-06-30T12:01:15.620167,2,3,69.75,0.1,69.7,825,69.5,500,,,,,,,,,,,,,,,,,69.8,200,69.9,625,70.0,500,,,,,,,,,,,,,,
2026-06-30T02:01:15.654308+00:00,2026-06-30T12:01:15.653308,2,2,69.8,0.2,69.7,425,69.5,700,,,,,,,,,,,,,,,,,69.9,625,70.0,500,,,,,,,,,,,,,,,,
2026-06-30T02:01:16.209125+00:00,2026-06-30T12:01:16.208117,2,1,69.8,0.2,69.7,425,69.5,200,,,,,,,,,,,,,,,,,69.9,625,,,,,,,,,,,,,,,,,,
2026-06-30T02:01:16.220200+00:00,2026-06-30T12:01:16.218199,2,2,69.8,0.2,69.7,425,69.5,700,,,,,,,,,,,,,,,,,69.9,625,70.0,500,,,,,,,,,,,,,,,,
2026-06-30T02:01:16.807745+00:00,2026-06-30T12:01:16.806708,2,2,69.7,0.2,69.6,625,69.5,700,,,,,,,,,,,,,,,,,69.8,625,70.0,500,,,,,,,,,,,,,,,,
2026-06-30T02:01:16.818326+00:00,2026-06-30T12:01:16.812764,2,2,69.7,0.2,69.6,625,69.5,200,,,,,,,,,,,,,,,,,69.8,625,70.0,500,,,,,,,,,,,,,,,,
2026-06-30T02:01:16.828937+00:00,2026-06-30T12:01:16.825345,2,1,69.7,0.2,69.6,625,69.5,700,,,,,,,,,,,,,,,,,69.8,625,,,,,,,,,,,,,,,,,,
2026-06-30T02:01:16.840013+00:00,2026-06-30T12:01:16.829140,2,2,69.7,0.2,69.6,625,69.5,700,,,,,,,,,,,,,,,,,69.8,625,70.0,500,,,,,,,,,,,,,,,,
2026-06-30T02:01:16.862161+00:00,2026-06-30T12:01:16.858161,2,2,69.7,0.2,69.6,825,69.5,500,,,,,,,,,,,,,,,,,69.8,825,70.0,500,,,,,,,,,,,,,,,,
2026-06-30T02:01:17.135490+00:00,2026-06-30T12:01:17.127480,2,2,69.7,0.2,69.6,825,69.5,500,,,,,,,,,,,,,,,,,69.8,805,70.0,500,,,,,,,,,,,,,,,,
2026-06-30T02:01:17.407276+00:00,2026-06-30T12:01:17.406276,1,2,69.7,0.2,69.6,825,,,,,,,,,,,,,,,,,,,69.8,805,70.0,500,,,,,,,,,,,,,,,,
2026-06-30T02:01:17.417387+00:00,2026-06-30T12:01:17.413340,1,1,69.7,0.2,69.6,825,,,,,,,,,,,,,,,,,,,69.8,805,,,,,,,,,,,,,,,,,,
2026-06-30T02:01:17.427967+00:00,2026-06-30T12:01:17.418406,2,1,69.7,0.2,69.6,825,69.5,500,,,,,,,,,,,,,,,,,69.8,805,,,,,,,,,,,,,,,,,,
2026-06-30T02:01:17.438545+00:00,2026-06-30T12:01:17.430985,2,2,69.7,0.2,69.6,825,69.5,500,,,,,,,,,,,,,,,,,69.8,805,70.0,500,,,,,,,,,,,,,,,,
2026-06-30T02:01:18.016487+00:00,2026-06-30T12:01:18.014488,1,1,69.7,0.2,69.6,825,,,,,,,,,,,,,,,,,,,69.8,805,,,,,,,,,,,,,,,,,,
2026-06-30T02:01:18.027562+00:00,2026-06-30T12:01:18.024563,1,2,69.7,0.2,69.6,1325,,,,,,,,,,,,,,,,,,,69.8,805,70.0,500,,,,,,,,,,,,,,,,
2026-06-30T02:01:18.070924+00:00,2026-06-30T12:01:18.064861,1,3,69.65,0.1,69.6,1325,,,,,,,,,,,,,,,,,,,69.7,200,69.8,605,70.0,500,,,,,,,,,,,,,,
2026-06-30T02:01:18.115184+00:00,2026-06-30T12:01:18.114184,2,1,69.85,0.3,69.7,425,69.6,700,,,,,,,,,,,,,,,,,70.0,500,,,,,,,,,,,,,,,,,,
2026-06-30T02:01:18.126262+00:00,2026-06-30T12:01:18.116184,2,2,69.8,0.2,69.7,425,69.6,700,,,,,,,,,,,,,,,,,69.9,625,70.0,500,,,,,,,,,,,,,,,,
2026-06-30T02:01:18.637724+00:00,2026-06-30T12:01:18.633675,2,2,69.8,0.2,69.7,425,69.6,200,,,,,,,,,,,,,,,,,69.9,625,70.0,500,,,,,,,,,,,,,,,,
2026-06-30T02:01:18.648302+00:00,2026-06-30T12:01:18.642743,2,1,69.8,0.2,69.7,425,69.6,700,,,,,,,,,,,,,,,,,69.9,625,,,,,,,,,,,,,,,,,,
2026-06-30T02:01:18.658881+00:00,2026-06-30T12:01:18.649321,2,2,69.8,0.2,69.7,425,69.6,700,,,,,,,,,,,,,,,,,69.9,625,70.0,500,,,,,,,,,,,,,,,,
2026-06-30T02:01:19.247310+00:00,2026-06-30T12:01:19.242310,2,1,69.8,0.2,69.7,425,69.6,200,,,,,,,,,,,,,,,,,69.9,625,,,,,,,,,,,,,,,,,,
2026-06-30T02:01:19.257936+00:00,2026-06-30T12:01:19.251367,2,2,69.8,0.2,69.7,425,69.6,700,,,,,,,,,,,,,,,,,69.9,625,70.0,500,,,,,,,,,,,,,,,,
2026-06-30T02:01:19.279098+00:00,2026-06-30T12:01:19.271536,2,2,69.8,0.2,69.7,425,69.6,700,,,,,,,,,,,,,,,,,69.9,625,70.0,500,,,,,,,,,,,,,,,,
2026-06-30T02:01:19.290180+00:00,2026-06-30T12:01:19.280116,2,3,69.75,0.1,69.7,425,69.6,700,,,,,,,,,,,,,,,,,69.8,200,69.9,625,70.0,500,,,,,,,,,,,,,,
2026-06-30T02:01:19.421018+00:00,2026-06-30T12:01:19.419017,1,3,69.7,0.2,69.6,700,,,,,,,,,,,,,,,,,,,69.8,200,69.9,625,70.0,500,,,,,,,,,,,,,,
2026-06-30T02:01:19.432083+00:00,2026-06-30T12:01:19.427018,1,3,69.65,0.1,69.6,1325,,,,,,,,,,,,,,,,,,,69.7,625,69.8,200,70.0,500,,,,,,,,,,,,,,
2026-06-30T02:01:19.846262+00:00,2026-06-30T12:01:19.845262,1,2,69.65,0.1,69.6,825,,,,,,,,,,,,,,,,,,,69.7,625,69.8,200,,,,,,,,,,,,,,,,
2026-06-30T02:01:19.857329+00:00,2026-06-30T12:01:19.850329,2,2,69.65,0.1,69.6,825,69.5,500,,,,,,,,,,,,,,,,,69.7,625,69.8,200,,,,,,,,,,,,,,,,
2026-06-30T02:01:19.867955+00:00,2026-06-30T12:01:19.860387,2,3,69.65,0.1,69.6,825,69.5,500,,,,,,,,,,,,,,,,,69.7,625,69.8,200,70.0,500,,,,,,,,,,,,,,
2026-06-30T02:01:20.442887+00:00,2026-06-30T12:01:20.442887,1,3,69.65,0.1,69.6,825,,,,,,,,,,,,,,,,,,,69.7,625,69.8,200,70.0,500,,,,,,,,,,,,,,
2026-06-30T02:01:20.453958+00:00,2026-06-30T12:01:20.448957,1,2,69.65,0.1,69.6,825,,,,,,,,,,,,,,,,,,,69.7,625,69.8,200,,,,,,,,,,,,,,,,
2026-06-30T02:01:20.465021+00:00,2026-06-30T12:01:20.460021,2,3,69.65,0.1,69.6,825,69.5,500,,,,,,,,,,,,,,,,,69.7,625,69.8,200,70.0,500,,,,,,,,,,,,,,
2026-06-30T02:01:20.487159+00:00,2026-06-30T12:01:20.479159,2,2,69.65,0.1,69.6,625,69.5,500,,,,,,,,,,,,,,,,,69.7,625,70.0,500,,,,,,,,,,,,,,,,
2026-06-30T02:01:20.507889+00:00,2026-06-30T12:01:20.501321,2,2,69.65,0.1,69.6,625,69.5,700,,,,,,,,,,,,,,,,,69.7,825,70.0,500,,,,,,,,,,,,,,,,
2026-06-30T02:01:20.737373+00:00,2026-06-30T12:01:20.735373,2,3,69.55,0.1,69.5,700,69.4,625,,,,,,,,,,,,,,,,,69.6,625,69.7,200,70.0,500,,,,,,,,,,,,,,
2026-06-30T02:01:21.052051+00:00,2026-06-30T12:01:21.050048,2,2,69.55,0.1,69.5,200,69.4,625,,,,,,,,,,,,,,,,,69.6,625,69.7,200,,,,,,,,,,,,,,,,
2026-06-30T02:01:21.063106+00:00,2026-06-30T12:01:21.061113,2,3,69.55,0.1,69.5,700,69.4,625,,,,,,,,,,,,,,,,,69.6,625,69.7,200,70.0,500,,,,,,,,,,,,,,
2026-06-30T02:01:21.085240+00:00,2026-06-30T12:01:21.082232,2,3,69.55,0.1,69.5,700,69.4,625,,,,,,,,,,,,,,,,,69.6,600,69.7,200,70.0,500,,,,,,,,,,,,,,
2026-06-30T02:01:21.650048+00:00,2026-06-30T12:01:21.647972,2,3,69.55,0.1,69.5,200,69.4,625,,,,,,,,,,,,,,,,,69.6,600,69.7,200,70.0,500,,,,,,,,,,,,,,
2026-06-30T02:01:21.661111+00:00,2026-06-30T12:01:21.660111,2,2,69.55,0.1,69.5,700,69.4,625,,,,,,,,,,,,,,,,,69.6,600,69.7,200,,,,,,,,,,,,,,,,
2026-06-30T02:01:21.683238+00:00,2026-06-30T12:01:21.673176,2,3,69.55,0.1,69.5,700,69.4,625,,,,,,,,,,,,,,,,,69.6,600,69.7,200,70.0,500,,,,,,,,,,,,,,
2026-06-30T02:01:21.694301+00:00,2026-06-30T12:01:21.693301,2,2,69.55,0.1,69.5,500,69.4,625,,,,,,,,,,,,,,,,,69.6,600,70.0,500,,,,,,,,,,,,,,,,
2026-06-30T02:01:21.705363+00:00,2026-06-30T12:01:21.700363,2,2,69.55,0.1,69.5,500,69.4,825,,,,,,,,,,,,,,,,,69.6,800,70.0,500,,,,,,,,,,,,,,,,
2026-06-30T02:01:22.043220+00:00,2026-06-30T12:01:22.041212,3,2,69.55,0.1,69.5,500,69.4,200,69.2,625,,,,,,,,,,,,,,,69.6,200,70.0,500,,,,,,,,,,,,,,,,
2026-06-30T02:01:22.054283+00:00,2026-06-30T12:01:22.045220,2,2,69.5,0.2,69.4,75,69.2,625,,,,,,,,,,,,,,,,,69.6,200,70.0,500,,,,,,,,,,,,,,,,
2026-06-30T02:01:22.262201+00:00,2026-06-30T12:01:22.261201,3,2,69.55,0.1,69.5,500,69.4,75,69.2,625,,,,,,,,,,,,,,,69.6,200,70.0,500,,,,,,,,,,,,,,,,
2026-06-30T02:01:22.861751+00:00,2026-06-30T12:01:22.853703,2,2,69.5,0.2,69.4,75,69.2,625,,,,,,,,,,,,,,,,,69.6,200,70.0,500,,,,,,,,,,,,,,,,
2026-06-30T02:01:22.872803+00:00,2026-06-30T12:01:22.870802,3,1,69.55,0.1,69.5,500,69.4,75,69.2,625,,,,,,,,,,,,,,,69.6,200,,,,,,,,,,,,,,,,,,
2026-06-30T02:01:22.883850+00:00,2026-06-30T12:01:22.876803,3,2,69.55,0.1,69.5,500,69.4,75,69.2,625,,,,,,,,,,,,,,,69.6,200,70.0,500,,,,,,,,,,,,,,,,
2026-06-30T02:01:22.905958+00:00,2026-06-30T12:01:22.903958,2,1,69.75,0.5,69.5,500,69.2,625,,,,,,,,,,,,,,,,,70.0,500,,,,,,,,,,,,,,,,,,
2026-06-30T02:01:22.917010+00:00,2026-06-30T12:01:22.912010,3,1,69.75,0.5,69.5,300,69.3,200,69.2,625,,,,,,,,,,,,,,,70.0,500,,,,,,,,,,,,,,,,,,
2026-06-30T02:01:23.350675+00:00,2026-06-30T12:01:23.349675,2,1,69.75,0.5,69.5,300,69.3,200,,,,,,,,,,,,,,,,,70.0,500,,,,,,,,,,,,,,,,,,
2026-06-30T02:01:23.361737+00:00,2026-06-30T12:01:23.354675,3,2,69.7,0.2,69.6,625,69.5,300,69.3,200,,,,,,,,,,,,,,,69.8,625,70.0,500,,,,,,,,,,,,,,,,
2026-06-30T02:01:23.458393+00:00,2026-06-30T12:01:23.456833,2,2,69.7,0.2,69.6,625,69.3,200,,,,,,,,,,,,,,,,,69.8,625,70.0,500,,,,,,,,,,,,,,,,
2026-06-30T02:01:23.468972+00:00,2026-06-30T12:01:23.468458,3,1,69.7,0.2,69.6,625,69.5,500,69.3,200,,,,,,,,,,,,,,,69.8,625,,,,,,,,,,,,,,,,,,
2026-06-30T02:01:23.480053+00:00,2026-06-30T12:01:23.473990,3,2,69.7,0.2,69.6,625,69.5,500,69.3,200,,,,,,,,,,,,,,,69.8,625,70.0,500,,,,,,,,,,,,,,,,
2026-06-30T02:01:24.067942+00:00,2026-06-30T12:01:24.065855,2,1,69.7,0.2,69.6,625,69.3,200,,,,,,,,,,,,,,,,,69.8,625,,,,,,,,,,,,,,,,,,
2026-06-30T02:01:24.078523+00:00,2026-06-30T12:01:24.071952,3,1,69.7,0.2,69.6,625,69.5,500,69.3,200,,,,,,,,,,,,,,,69.8,625,,,,,,,,,,,,,,,,,,
2026-06-30T02:01:24.089104+00:00,2026-06-30T12:01:24.079542,3,2,69.7,0.2,69.6,625,69.5,500,69.3,200,,,,,,,,,,,,,,,69.8,625,70.0,500,,,,,,,,,,,,,,,,
2026-06-30T02:01:24.100185+00:00,2026-06-30T12:01:24.091122,3,2,69.7,0.2,69.6,605,69.5,500,69.3,200,,,,,,,,,,,,,,,69.8,625,70.0,500,,,,,,,,,,,,,,,,
2026-06-30T02:01:24.122310+00:00,2026-06-30T12:01:24.118310,2,2,69.7,0.2,69.6,605,69.5,700,,,,,,,,,,,,,,,,,69.8,625,70.0,500,,,,,,,,,,,,,,,,
2026-06-30T02:01:24.133372+00:00,2026-06-30T12:01:24.122310,2,2,69.7,0.2,69.6,405,69.5,700,,,,,,,,,,,,,,,,,69.8,625,70.0,500,,,,,,,,,,,,,,,,
2026-06-30T02:01:24.663339+00:00,2026-06-30T12:01:24.661339,2,1,69.75,0.5,69.5,700,69.4,625,,,,,,,,,,,,,,,,,70.0,500,,,,,,,,,,,,,,,,,,
2026-06-30T02:01:24.674402+00:00,2026-06-30T12:01:24.663490,2,2,69.55,0.1,69.5,700,69.4,625,,,,,,,,,,,,,,,,,69.6,625,70.0,500,,,,,,,,,,,,,,,,
2026-06-30T02:01:24.696527+00:00,2026-06-30T12:01:24.695528,2,1,69.55,0.1,69.5,200,69.4,625,,,,,,,,,,,,,,,,,69.6,625,,,,,,,,,,,,,,,,,,
2026-06-30T02:01:24.707592+00:00,2026-06-30T12:01:24.706585,2,2,69.55,0.1,69.5,700,69.4,625,,,,,,,,,,,,,,,,,69.6,625,70.0,500,,,,,,,,,,,,,,,,
2026-06-30T02:01:25.295500+00:00,2026-06-30T12:01:25.291500,2,2,69.55,0.1,69.5,200,69.4,625,,,,,,,,,,,,,,,,,69.6,625,70.0,500,,,,,,,,,,,,,,,,
2026-06-30T02:01:25.306564+00:00,2026-06-30T12:01:25.302563,2,1,69.55,0.1,69.5,700,69.4,625,,,,,,,,,,,,,,,,,69.6,625,,,,,,,,,,,,,,,,,,
2026-06-30T02:01:25.317649+00:00,2026-06-30T12:01:25.306564,2,2,69.55,0.1,69.5,700,69.4,625,,,,,,,,,,,,,,,,,69.6,625,69.9,500,,,,,,,,,,,,,,,,
2026-06-30T02:01:25.328285+00:00,2026-06-30T12:01:25.326725,2,2,69.55,0.1,69.5,500,69.4,625,,,,,,,,,,,,,,,,,69.6,625,69.9,500,,,,,,,,,,,,,,,,
2026-06-30T02:01:25.338874+00:00,2026-06-30T12:01:25.335303,2,3,69.55,0.1,69.5,500,69.4,625,,,,,,,,,,,,,,,,,69.6,425,69.8,200,69.9,500,,,,,,,,,,,,,,
2026-06-30T02:01:25.902892+00:00,2026-06-30T12:01:25.899893,1,2,69.5,0.2,69.4,625,,,,,,,,,,,,,,,,,,,69.6,425,69.8,200,,,,,,,,,,,,,,,,
2026-06-30T02:01:25.913958+00:00,2026-06-30T12:01:25.912958,2,3,69.55,0.1,69.5,500,69.4,625,,,,,,,,,,,,,,,,,69.6,425,69.8,200,70.0,500,,,,,,,,,,,,,,
2026-06-30T02:01:25.977906+00:00,2026-06-30T12:01:25.975346,1,3,69.6,0.2,69.5,1125,,,,,,,,,,,,,,,,,,,69.7,625,69.8,200,70.0,500,,,,,,,,,,,,,,
2026-06-30T02:01:26.097747+00:00,2026-06-30T12:01:26.092747,1,3,69.6,0.2,69.5,1125,,,,,,,,,,,,,,,,,,,69.7,600,69.8,200,70.0,500,,,,,,,,,,,,,,
2026-06-30T02:01:26.498389+00:00,2026-06-30T12:01:26.496831,1,3,69.6,0.2,69.5,625,,,,,,,,,,,,,,,,,,,69.7,600,69.8,200,70.0,500,,,,,,,,,,,,,,
2026-06-30T02:01:26.508968+00:00,2026-06-30T12:01:26.503408,1,2,69.6,0.2,69.5,625,,,,,,,,,,,,,,,,,,,69.7,600,69.8,200,,,,,,,,,,,,,,,,
2026-06-30T02:01:26.520050+00:00,2026-06-30T12:01:26.514979,2,3,69.65,0.1,69.6,500,69.5,625,,,,,,,,,,,,,,,,,69.7,600,69.8,200,70.0,500,,,,,,,,,,,,,,
2026-06-30T02:01:26.542195+00:00,2026-06-30T12:01:26.538186,2,2,69.65,0.1,69.6,500,69.5,625,,,,,,,,,,,,,,,,,69.7,600,70.0,500,,,,,,,,,,,,,,,,
2026-06-30T02:01:26.553258+00:00,2026-06-30T12:01:26.550258,2,2,69.65,0.1,69.6,500,69.5,825,,,,,,,,,,,,,,,,,69.7,800,70.0,500,,,,,,,,,,,,,,,,
2026-06-30T02:01:27.102922+00:00,2026-06-30T12:01:27.101922,1,2,69.6,0.2,69.5,825,,,,,,,,,,,,,,,,,,,69.7,800,70.0,500,,,,,,,,,,,,,,,,
2026-06-30T02:01:27.113984+00:00,2026-06-30T12:01:27.110985,1,1,69.6,0.2,69.5,1325,,,,,,,,,,,,,,,,,,,69.7,800,,,,,,,,,,,,,,,,,,
2026-06-30T02:01:27.125047+00:00,2026-06-30T12:01:27.115985,1,2,69.6,0.2,69.5,1325,,,,,,,,,,,,,,,,,,,69.7,800,70.0,500,,,,,,,,,,,,,,,,
2026-06-30T02:01:27.287610+00:00,2026-06-30T12:01:27.284609,2,1,69.85,0.3,69.7,425,69.5,700,,,,,,,,,,,,,,,,,70.0,500,,,,,,,,,,,,,,,,,,
2026-06-30T02:01:27.298234+00:00,2026-06-30T12:01:27.287789,2,2,69.75,0.1,69.7,425,69.5,700,,,,,,,,,,,,,,,,,69.8,625,70.0,500,,,,,,,,,,,,,,,,
2026-06-30T02:01:27.711053+00:00,2026-06-30T12:01:27.709053,2,1,69.75,0.1,69.7,425,69.5,200,,,,,,,,,,,,,,,,,69.8,625,,,,,,,,,,,,,,,,,,
2026-06-30T02:01:27.722128+00:00,2026-06-30T12:01:27.719128,2,2,69.75,0.1,69.7,425,69.5,700,,,,,,,,,,,,,,,,,69.8,625,70.0,500,,,,,,,,,,,,,,,,
2026-06-30T02:01:27.755360+00:00,2026-06-30T12:01:27.754350,2,3,69.75,0.1,69.7,625,69.5,500,,,,,,,,,,,,,,,,,69.8,625,69.9,200,70.0,500,,,,,,,,,,,,,,
2026-06-30T02:01:28.307558+00:00,2026-06-30T12:01:28.304506,1,3,69.75,0.1,69.7,625,,,,,,,,,,,,,,,,,,,69.8,625,69.9,200,70.0,500,,,,,,,,,,,,,,
2026-06-30T02:01:28.318144+00:00,2026-06-30T12:01:28.316595,2,2,69.75,0.1,69.7,625,69.6,500,,,,,,,,,,,,,,,,,69.8,625,69.9,200,,,,,,,,,,,,,,,,
2026-06-30T02:01:28.328722+00:00,2026-06-30T12:01:28.323163,2,3,69.75,0.1,69.7,625,69.6,500,,,,,,,,,,,,,,,,,69.8,625,69.9,200,70.0,500,,,,,,,,,,,,,,
2026-06-30T02:01:28.599706+00:00,2026-06-30T12:01:28.596642,3,2,69.8,0.2,69.7,200,69.6,500,69.4,625,,,,,,,,,,,,,,,69.9,200,70.0,500,,,,,,,,,,,,,,,,
2026-06-30T02:01:28.610778+00:00,2026-06-30T12:01:28.601706,2,2,69.75,0.3,69.6,75,69.4,625,,,,,,,,,,,,,,,,,69.9,200,70.0,500,,,,,,,,,,,,,,,,
2026-06-30T02:01:28.916335+00:00,2026-06-30T12:01:28.913335,1,1,69.65,0.5,69.4,625,,,,,,,,,,,,,,,,,,,69.9,200,,,,,,,,,,,,,,,,,,
2026-06-30T02:01:28.927425+00:00,2026-06-30T12:01:28.925425,2,2,69.75,0.3,69.6,500,69.4,625,,,,,,,,,,,,,,,,,69.9,200,70.0,500,,,,,,,,,,,,,,,,
2026-06-30T02:01:28.970813+00:00,2026-06-30T12:01:28.968813,2,1,69.8,0.4,69.6,700,69.4,625,,,,,,,,,,,,,,,,,70.0,500,,,,,,,,,,,,,,,,,,
2026-06-30T02:01:28.981876+00:00,2026-06-30T12:01:28.972813,2,2,69.65,0.1,69.6,700,69.4,625,,,,,,,,,,,,,,,,,69.7,200,70.0,500,,,,,,,,,,,,,,,,
2026-06-30T02:01:29.514387+00:00,2026-06-30T12:01:29.509387,2,2,69.65,0.1,69.6,200,69.4,625,,,,,,,,,,,,,,,,,69.7,200,70.0,500,,,,,,,,,,,,,,,,
2026-06-30T02:01:29.525451+00:00,2026-06-30T12:01:29.523451,2,1,69.65,0.1,69.6,700,69.4,625,,,,,,,,,,,,,,,,,69.7,200,,,,,,,,,,,,,,,,,,
2026-06-30T02:01:29.536514+00:00,2026-06-30T12:01:29.530514,2,2,69.65,0.1,69.6,700,69.4,625,,,,,,,,,,,,,,,,,69.7,200,70.0,500,,,,,,,,,,,,,,,,
2026-06-30T02:01:29.904983+00:00,2026-06-30T12:01:29.902982,1,2,69.65,0.1,69.6,700,,,,,,,,,,,,,,,,,,,69.7,200,70.0,500,,,,,,,,,,,,,,,,
2026-06-30T02:01:29.916045+00:00,2026-06-30T12:01:29.911045,2,2,69.95,0.1,69.9,425,69.6,700,,,,,,,,,,,,,,,,,70.0,500,70.1,625,,,,,,,,,,,,,,,,
2026-06-30T02:01:30.118492+00:00,2026-06-30T12:01:30.113933,2,2,69.95,0.1,69.9,425,69.6,200,,,,,,,,,,,,,,,,,70.0,500,70.1,625,,,,,,,,,,,,,,,,
2026-06-30T02:01:30.129071+00:00,2026-06-30T12:01:30.127503,3,1,70.0,0.2,69.9,425,69.7,500,69.6,200,,,,,,,,,,,,,,,70.1,625,,,,,,,,,,,,,,,,,,
2026-06-30T02:01:30.140153+00:00,2026-06-30T12:01:30.133089,3,1,70.0,0.2,69.9,425,69.7,500,69.6,200,,,,,,,,,,,,,,,70.1,1125,,,,,,,,,,,,,,,,,,
2026-06-30T02:01:30.184406+00:00,2026-06-30T12:01:30.179406,3,1,70.0,0.2,69.9,425,69.7,500,69.6,200,,,,,,,,,,,,,,,70.1,1125,,,,,,,,,,,,,,,,,,
2026-06-30T02:01:30.195470+00:00,2026-06-30T12:01:30.185406,3,1,70.0,0.2,69.9,225,69.7,500,69.6,200,,,,,,,,,,,,,,,70.1,1125,,,,,,,,,,,,,,,,,,
2026-06-30T02:01:30.747267+00:00,2026-06-30T12:01:30.744241,2,1,70.0,0.2,69.9,225,69.6,200,,,,,,,,,,,,,,,,,70.1,625,,,,,,,,,,,,,,,,,,
2026-06-30T02:01:30.757856+00:00,2026-06-30T12:01:30.754305,2,1,70.0,0.2,69.9,225,69.6,700,,,,,,,,,,,,,,,,,70.1,1125,,,,,,,,,,,,,,,,,,
2026-06-30T02:01:31.215356+00:00,2026-06-30T12:01:31.210357,1,1,69.85,0.5,69.6,700,,,,,,,,,,,,,,,,,,,70.1,1125,,,,,,,,,,,,,,,,,,
2026-06-30T02:01:31.226431+00:00,2026-06-30T12:01:31.218422,1,2,69.7,0.2,69.6,1325,,,,,,,,,,,,,,,,,,,69.8,625,70.1,500,,,,,,,,,,,,,,,,
2026-06-30T02:01:31.346233+00:00,2026-06-30T12:01:31.342233,1,2,69.7,0.2,69.6,825,,,,,,,,,,,,,,,,,,,69.8,625,70.1,500,,,,,,,,,,,,,,,,
2026-06-30T02:01:31.357297+00:00,2026-06-30T12:01:31.356297,2,1,69.75,0.1,69.7,500,69.6,825,,,,,,,,,,,,,,,,,69.8,625,,,,,,,,,,,,,,,,,,
2026-06-30T02:01:31.367921+00:00,2026-06-30T12:01:31.364362,2,2,69.75,0.1,69.7,500,69.6,825,,,,,,,,,,,,,,,,,69.8,625,70.1,500,,,,,,,,,,,,,,,,
2026-06-30T02:01:31.389099+00:00,2026-06-30T12:01:31.389099,3,2,69.75,0.1,69.7,500,69.6,625,69.5,200,,,,,,,,,,,,,,,69.8,625,70.1,500,,,,,,,,,,,,,,,,
2026-06-30T02:01:31.400181+00:00,2026-06-30T12:01:31.392118,3,2,69.75,0.1,69.7,300,69.6,625,69.5,200,,,,,,,,,,,,,,,69.8,625,70.1,500,,,,,,,,,,,,,,,,
2026-06-30T02:01:31.951778+00:00,2026-06-30T12:01:31.944716,2,2,69.7,0.2,69.6,625,69.5,200,,,,,,,,,,,,,,,,,69.8,625,70.1,500,,,,,,,,,,,,,,,,
2026-06-30T02:01:31.962844+00:00,2026-06-30T12:01:31.956779,2,1,69.7,0.2,69.6,1125,69.5,200,,,,,,,,,,,,,,,,,69.8,625,,,,,,,,,,,,,,,,,,
2026-06-30T02:01:31.973906+00:00,2026-06-30T12:01:31.963025,2,2,69.7,0.2,69.6,1125,69.5,200,,,,,,,,,,,,,,,,,69.8,625,70.1,500,,,,,,,,,,,,,,,,
2026-06-30T02:01:32.529084+00:00,2026-06-30T12:01:32.527523,2,2,69.65,0.1,69.6,1125,69.5,200,,,,,,,,,,,,,,,,,69.7,625,70.1,500,,,,,,,,,,,,,,,,
2026-06-30T02:01:32.551233+00:00,2026-06-30T12:01:32.547223,2,2,69.65,0.1,69.6,625,69.5,200,,,,,,,,,,,,,,,,,69.7,625,70.1,500,,,,,,,,,,,,,,,,
2026-06-30T02:01:32.562296+00:00,2026-06-30T12:01:32.560296,2,1,69.65,0.1,69.6,625,69.5,200,,,,,,,,,,,,,,,,,69.7,125,,,,,,,,,,,,,,,,,,
2026-06-30T02:01:32.573351+00:00,2026-06-30T12:01:32.566296,2,2,69.65,0.1,69.6,625,69.5,200,,,,,,,,,,,,,,,,,69.7,125,70.1,500,,,,,,,,,,,,,,,,
2026-06-30T02:01:32.595477+00:00,2026-06-30T12:01:32.594477,1,2,69.65,0.1,69.6,625,,,,,,,,,,,,,,,,,,,69.7,125,70.1,500,,,,,,,,,,,,,,,,
2026-06-30T02:01:32.606541+00:00,2026-06-30T12:01:32.598541,2,2,69.65,0.1,69.6,625,69.5,200,,,,,,,,,,,,,,,,,69.7,325,70.1,500,,,,,,,,,,,,,,,,
2026-06-30T02:01:33.158854+00:00,2026-06-30T12:01:33.155294,2,1,69.65,0.1,69.6,1125,69.5,200,,,,,,,,,,,,,,,,,69.7,325,,,,,,,,,,,,,,,,,,
2026-06-30T02:01:33.169939+00:00,2026-06-30T12:01:33.162873,2,2,69.65,0.1,69.6,1125,69.5,200,,,,,,,,,,,,,,,,,69.7,325,70.1,500,,,,,,,,,,,,,,,,
2026-06-30T02:01:33.757450+00:00,2026-06-30T12:01:33.752425,2,2,69.65,0.1,69.6,625,69.5,200,,,,,,,,,,,,,,,,,69.7,325,70.1,500,,,,,,,,,,,,,,,,
2026-06-30T02:01:33.768055+00:00,2026-06-30T12:01:33.767541,3,0,,,69.7,175,69.6,625,69.5,200,,,,,,,,,,,,,,,,,,,,,,,,,,,,,,,,,,
2026-06-30T02:01:33.778643+00:00,2026-06-30T12:01:33.774074,3,1,69.9,0.4,69.7,175,69.6,625,69.5,200,,,,,,,,,,,,,,,70.1,500,,,,,,,,,,,,,,,,,,
2026-06-30T02:01:33.800789+00:00,2026-06-30T12:01:33.799790,2,1,69.9,0.4,69.7,175,69.6,625,,,,,,,,,,,,,,,,,70.1,500,,,,,,,,,,,,,,,,,,
2026-06-30T02:01:33.811871+00:00,2026-06-30T12:01:33.802789,2,2,69.75,0.1,69.7,175,69.6,825,,,,,,,,,,,,,,,,,69.8,200,70.1,500,,,,,,,,,,,,,,,,
2026-06-30T02:01:33.834000+00:00,2026-06-30T12:01:33.832009,3,1,69.95,0.3,69.8,425,69.7,175,69.6,200,,,,,,,,,,,,,,,70.1,500,,,,,,,,,,,,,,,,,,
2026-06-30T02:01:33.845071+00:00,2026-06-30T12:01:33.834000,3,2,69.9,0.2,69.8,425,69.7,175,69.6,200,,,,,,,,,,,,,,,70.0,625,70.1,500,,,,,,,,,,,,,,,,
2026-06-30T02:01:34.365468+00:00,2026-06-30T12:01:34.362468,2,1,69.9,0.2,69.8,425,69.6,200,,,,,,,,,,,,,,,,,70.0,625,,,,,,,,,,,,,,,,,,
2026-06-30T02:01:34.376542+00:00,2026-06-30T12:01:34.373542,3,2,69.9,0.2,69.8,425,69.7,500,69.6,200,,,,,,,,,,,,,,,70.0,625,70.1,500,,,,,,,,,,,,,,,,
2026-06-30T02:01:34.964076+00:00,2026-06-30T12:01:34.958066,2,2,69.9,0.2,69.8,425,69.6,200,,,,,,,,,,,,,,,,,70.0,625,70.1,500,,,,,,,,,,,,,,,,
2026-06-30T02:01:34.975154+00:00,2026-06-30T12:01:34.969154,3,1,69.9,0.2,69.8,425,69.7,500,69.6,200,,,,,,,,,,,,,,,70.0,625,,,,,,,,,,,,,,,,,,
2026-06-30T02:01:34.986217+00:00,2026-06-30T12:01:34.975154,3,2,69.9,0.2,69.8,425,69.7,500,69.6,200,,,,,,,,,,,,,,,70.0,625,70.1,500,,,,,,,,,,,,,,,,
2026-06-30T02:01:35.007909+00:00,2026-06-30T12:01:35.006350,3,2,69.9,0.2,69.8,425,69.7,500,69.6,200,,,,,,,,,,,,,,,70.0,625,70.1,500,,,,,,,,,,,,,,,,
2026-06-30T02:01:35.018487+00:00,2026-06-30T12:01:35.008927,3,2,69.9,0.2,69.8,225,69.7,500,69.6,200,,,,,,,,,,,,,,,70.0,625,70.1,500,,,,,,,,,,,,,,,,
2026-06-30T02:01:35.137721+00:00,2026-06-30T12:01:35.136721,2,2,69.85,0.3,69.7,500,69.6,200,,,,,,,,,,,,,,,,,70.0,625,70.1,500,,,,,,,,,,,,,,,,
2026-06-30T02:01:35.147814+00:00,2026-06-30T12:01:35.145783,2,1,69.85,0.5,69.6,75,69.4,625,,,,,,,,,,,,,,,,,70.1,500,,,,,,,,,,,,,,,,,,
2026-06-30T02:01:35.569819+00:00,2026-06-30T12:01:35.560752,2,0,,,69.6,75,69.4,625,,,,,,,,,,,,,,,,,,,,,,,,,,,,,,,,,,,,
2026-06-30T02:01:35.580882+00:00,2026-06-30T12:01:35.570819,2,1,69.85,0.5,69.6,575,69.4,625,,,,,,,,,,,,,,,,,70.1,500,,,,,,,,,,,,,,,,,,
2026-06-30T02:01:36.166315+00:00,2026-06-30T12:01:36.163323,2,1,69.85,0.5,69.6,75,69.4,625,,,,,,,,,,,,,,,,,70.1,500,,,,,,,,,,,,,,,,,,
2026-06-30T02:01:36.177397+00:00,2026-06-30T12:01:36.176397,2,0,,,69.6,575,69.4,625,,,,,,,,,,,,,,,,,,,,,,,,,,,,,,,,,,,,
2026-06-30T02:01:36.188025+00:00,2026-06-30T12:01:36.181466,2,1,69.85,0.5,69.6,575,69.4,625,,,,,,,,,,,,,,,,,70.1,500,,,,,,,,,,,,,,,,,,
2026-06-30T02:01:36.220747+00:00,2026-06-30T12:01:36.219748,3,2,69.95,0.1,69.9,200,69.6,500,69.4,625,,,,,,,,,,,,,,,70.0,200,70.1,500,,,,,,,,,,,,,,,,
2026-06-30T02:01:36.457306+00:00,2026-06-30T12:01:36.453271,2,3,69.8,0.2,69.7,625,69.6,500,,,,,,,,,,,,,,,,,69.9,425,70.0,200,70.1,500,,,,,,,,,,,,,,
2026-06-30T02:01:36.805170+00:00,2026-06-30T12:01:36.801170,1,2,69.8,0.2,69.7,625,,,,,,,,,,,,,,,,,,,69.9,425,70.0,200,,,,,,,,,,,,,,,,
2026-06-30T02:01:36.816234+00:00,2026-06-30T12:01:36.814225,2,3,69.8,0.2,69.7,625,69.6,500,,,,,,,,,,,,,,,,,69.9,425,70.0,200,70.1,500,,,,,,,,,,,,,,
2026-06-30T02:01:37.409815+00:00,2026-06-30T12:01:37.405751,1,2,69.8,0.2,69.7,625,,,,,,,,,,,,,,,,,,,69.9,425,70.0,200,,,,,,,,,,,,,,,,
2026-06-30T02:01:37.420878+00:00,2026-06-30T12:01:37.416814,1,3,69.8,0.2,69.7,1125,,,,,,,,,,,,,,,,,,,69.9,425,70.0,200,70.1,500,,,,,,,,,,,,,,
2026-06-30T02:01:37.443004+00:00,2026-06-30T12:01:37.442004,1,3,69.75,0.1,69.7,1325,,,,,,,,,,,,,,,,,,,69.8,200,69.9,425,70.1,500,,,,,,,,,,,,,,
2026-06-30T02:01:37.767578+00:00,2026-06-30T12:01:37.757568,1,2,69.75,0.1,69.7,700,,,,,,,,,,,,,,,,,,,69.8,200,70.1,500,,,,,,,,,,,,,,,,
2026-06-30T02:01:37.777700+00:00,2026-06-30T12:01:37.770645,2,2,70.05,0.1,70.0,425,69.7,700,,,,,,,,,,,,,,,,,70.1,500,70.2,625,,,,,,,,,,,,,,,,
2026-06-30T02:01:38.005206+00:00,2026-06-30T12:01:38.004206,2,2,70.05,0.1,70.0,425,69.7,200,,,,,,,,,,,,,,,,,70.1,500,70.2,625,,,,,,,,,,,,,,,,
2026-06-30T02:01:38.016270+00:00,2026-06-30T12:01:38.014270,2,1,70.1,0.2,70.0,425,69.7,700,,,,,,,,,,,,,,,,,70.2,625,,,,,,,,,,,,,,,,,,
2026-06-30T02:01:38.027336+00:00,2026-06-30T12:01:38.020336,2,2,70.05,0.1,70.0,425,69.7,700,,,,,,,,,,,,,,,,,70.1,500,70.2,625,,,,,,,,,,,,,,,,
2026-06-30T02:01:38.526147+00:00,2026-06-30T12:01:38.517137,2,2,70.05,0.1,70.0,405,69.7,700,,,,,,,,,,,,,,,,,70.1,500,70.2,625,,,,,,,,,,,,,,,,
2026-06-30T02:01:38.610822+00:00,2026-06-30T12:01:38.603687,2,2,70.05,0.1,70.0,405,69.7,200,,,,,,,,,,,,,,,,,70.1,500,70.2,625,,,,,,,,,,,,,,,,
2026-06-30T02:01:38.621899+00:00,2026-06-30T12:01:38.620899,2,1,70.1,0.2,70.0,405,69.7,700,,,,,,,,,,,,,,,,,70.2,1125,,,,,,,,,,,,,,,,,,
2026-06-30T02:01:38.655085+00:00,2026-06-30T12:01:38.649085,3,1,70.1,0.2,70.0,405,69.9,200,69.7,500,,,,,,,,,,,,,,,70.2,1125,,,,,,,,,,,,,,,,,,
2026-06-30T02:01:38.666167+00:00,2026-06-30T12:01:38.657157,3,2,70.05,0.1,70.0,405,69.9,200,69.7,500,,,,,,,,,,,,,,,70.1,200,70.2,1125,,,,,,,,,,,,,,,,
2026-06-30T02:01:39.067361+00:00,2026-06-30T12:01:39.065335,2,2,70.0,0.2,69.9,200,69.7,500,,,,,,,,,,,,,,,,,70.1,200,70.2,1125,,,,,,,,,,,,,,,,
2026-06-30T02:01:39.077959+00:00,2026-06-30T12:01:39.073399,2,2,70.0,0.2,69.9,825,69.7,500,,,,,,,,,,,,,,,,,70.1,825,70.2,500,,,,,,,,,,,,,,,,
2026-06-30T02:01:39.208333+00:00,2026-06-30T12:01:39.204771,1,2,70.0,0.2,69.9,825,,,,,,,,,,,,,,,,,,,70.1,825,70.2,500,,,,,,,,,,,,,,,,
2026-06-30T02:01:39.218950+00:00,2026-06-30T12:01:39.215352,2,1,70.0,0.2,69.9,825,69.7,500,,,,,,,,,,,,,,,,,70.1,825,,,,,,,,,,,,,,,,,,
2026-06-30T02:01:39.230033+00:00,2026-06-30T12:01:39.219969,2,2,70.0,0.2,69.9,825,69.7,500,,,,,,,,,,,,,,,,,70.1,825,70.2,500,,,,,,,,,,,,,,,,
2026-06-30T02:01:39.817597+00:00,2026-06-30T12:01:39.814570,1,1,70.0,0.2,69.9,825,,,,,,,,,,,,,,,,,,,70.1,825,,,,,,,,,,,,,,,,,,
2026-06-30T02:01:39.828194+00:00,2026-06-30T12:01:39.824635,2,2,70.0,0.2,69.9,825,69.7,500,,,,,,,,,,,,,,,,,70.1,825,70.2,500,,,,,,,,,,,,,,,,
