recv_time,book_timestamp,n_bids,n_asks,mid,spread,bid_px_0,bid_vol_0,bid_px_1,bid_vol_1,bid_px_2,bid_vol_2,bid_px_3,bid_vol_3,bid_px_4,bid_vol_4,bid_px_5,bid_vol_5,bid_px_6,bid_vol_6,bid_px_7,bid_vol_7,bid_px_8,bid_vol_8,bid_px_9,bid_vol_9,ask_px_0,ask_vol_0,ask_px_1,ask_vol_1,ask_px_2,ask_vol_2,ask_px_3,ask_vol_3,ask_px_4,ask_vol_4,ask_px_5,ask_vol_5,ask_px_6,ask_vol_6,ask_px_7,ask_vol_7,ask_px_8,ask_vol_8,ask_px_9,ask_vol_9
2026-07-03T11:19:52.395060+00:00,2026-07-03T11:19:52.454649,2,3,117.55,0.1,117.5,825,116.9,500,,,,,,,,,,,,,,,,,117.6,500,117.7,200,117.8,625,,,,,,,,,,,,,,
2026-07-03T11:20:03.481414+00:00,2026-07-03T11:20:03.377542,1,3,116.85,0.7,116.5,500,,,,,,,,,,,,,,,,,,,117.2,300,117.4,200,117.5,625,,,,,,,,,,,,,,
2026-07-03T11:20:04.509737+00:00,2026-07-03T11:20:04.508818,2,2,117.1,0.2,117.0,122,116.3,500,,,,,,,,,,,,,,,,,117.2,625,117.4,200,,,,,,,,,,,,,,,,
2026-07-03T11:20:04.785584+00:00,2026-07-03T11:20:04.585667,2,2,117.1,0.2,117.0,122,116.3,500,,,,,,,,,,,,,,,,,117.2,425,117.4,200,,,,,,,,,,,,,,,,
2026-07-03T11:20:05.105174+00:00,2026-07-03T11:20:05.104898,1,3,116.65,0.7,116.3,500,,,,,,,,,,,,,,,,,,,117.0,378,117.2,425,117.4,200,,,,,,,,,,,,,,
2026-07-03T11:20:05.170103+00:00,2026-07-03T11:20:05.169943,2,3,116.95,0.1,116.9,625,116.3,500,,,,,,,,,,,,,,,,,117.0,378,117.1,625,117.4,200,,,,,,,,,,,,,,
2026-07-03T11:20:05.196181+00:00,2026-07-03T11:20:05.196067,2,3,116.95,0.1,116.9,625,116.3,500,,,,,,,,,,,,,,,,,117.0,358,117.1,625,117.4,200,,,,,,,,,,,,,,
2026-07-03T11:20:05.692661+00:00,2026-07-03T11:20:05.692488,1,3,116.95,0.1,116.9,625,,,,,,,,,,,,,,,,,,,117.0,358,117.1,625,117.4,200,,,,,,,,,,,,,,
2026-07-03T11:20:05.697990+00:00,2026-07-03T11:20:05.697874,1,2,117.0,0.2,116.9,625,,,,,,,,,,,,,,,,,,,117.1,625,117.4,200,,,,,,,,,,,,,,,,
2026-07-03T11:20:05.703345+00:00,2026-07-03T11:20:05.703249,2,2,117.0,0.2,116.9,625,116.3,500,,,,,,,,,,,,,,,,,117.1,625,117.4,200,,,,,,,,,,,,,,,,
2026-07-03T11:20:05.740688+00:00,2026-07-03T11:20:05.740533,2,3,116.95,0.1,116.9,625,116.3,500,,,,,,,,,,,,,,,,,117.0,500,117.1,625,117.4,200,,,,,,,,,,,,,,
2026-07-03T11:20:05.795194+00:00,2026-07-03T11:20:05.795076,2,2,116.95,0.1,116.9,625,116.3,500,,,,,,,,,,,,,,,,,117.0,500,117.1,625,,,,,,,,,,,,,,,,
2026-07-03T11:20:05.800482+00:00,2026-07-03T11:20:05.800372,2,3,116.95,0.1,116.9,625,116.3,500,,,,,,,,,,,,,,,,,117.0,300,117.1,625,117.4,200,,,,,,,,,,,,,,
2026-07-03T11:20:06.292129+00:00,2026-07-03T11:20:06.291843,1,3,116.95,0.1,116.9,625,,,,,,,,,,,,,,,,,,,117.0,300,117.1,625,117.4,200,,,,,,,,,,,,,,
2026-07-03T11:20:06.339749+00:00,2026-07-03T11:20:06.339476,1,2,117.0,0.2,116.9,625,,,,,,,,,,,,,,,,,,,117.1,625,117.4,200,,,,,,,,,,,,,,,,
2026-07-03T11:20:06.358558+00:00,2026-07-03T11:20:06.350112,2,3,116.95,0.1,116.9,625,116.3,500,,,,,,,,,,,,,,,,,117.0,500,117.1,625,117.4,200,,,,,,,,,,,,,,
2026-07-03T11:20:06.458795+00:00,2026-07-03T11:20:06.452424,1,2,116.65,0.7,116.3,500,,,,,,,,,,,,,,,,,,,117.0,500,117.4,200,,,,,,,,,,,,,,,,
2026-07-03T11:20:06.484850+00:00,2026-07-03T11:20:06.484717,2,2,116.9,0.2,116.8,625,116.3,500,,,,,,,,,,,,,,,,,117.0,1125,117.4,200,,,,,,,,,,,,,,,,
2026-07-03T11:20:06.923970+00:00,2026-07-03T11:20:06.923827,1,2,116.9,0.2,116.8,625,,,,,,,,,,,,,,,,,,,117.0,1125,117.4,200,,,,,,,,,,,,,,,,
2026-07-03T11:20:06.929889+00:00,2026-07-03T11:20:06.929506,2,2,116.9,0.2,116.8,625,116.3,500,,,,,,,,,,,,,,,,,117.0,1125,117.4,200,,,,,,,,,,,,,,,,
2026-07-03T11:20:07.006991+00:00,2026-07-03T11:20:07.006935,2,1,116.9,0.2,116.8,625,116.3,500,,,,,,,,,,,,,,,,,117.0,925,,,,,,,,,,,,,,,,,,
2026-07-03T11:20:07.012028+00:00,2026-07-03T11:20:07.012158,2,2,116.9,0.2,116.8,625,116.3,500,,,,,,,,,,,,,,,,,117.0,925,117.2,200,,,,,,,,,,,,,,,,
2026-07-03T11:20:07.496138+00:00,2026-07-03T11:20:07.496073,1,2,116.9,0.2,116.8,625,,,,,,,,,,,,,,,,,,,117.0,925,117.2,200,,,,,,,,,,,,,,,,
2026-07-03T11:20:07.501499+00:00,2026-07-03T11:20:07.501408,1,2,116.9,0.2,116.8,625,,,,,,,,,,,,,,,,,,,117.0,425,117.2,200,,,,,,,,,,,,,,,,
2026-07-03T11:20:07.512027+00:00,2026-07-03T11:20:07.511889,2,2,116.9,0.2,116.8,625,116.4,500,,,,,,,,,,,,,,,,,117.0,425,117.2,200,,,,,,,,,,,,,,,,
2026-07-03T11:20:07.517366+00:00,2026-07-03T11:20:07.517186,2,3,116.9,0.2,116.8,625,116.4,500,,,,,,,,,,,,,,,,,117.0,425,117.1,500,117.2,200,,,,,,,,,,,,,,
2026-07-03T11:20:07.789951+00:00,2026-07-03T11:20:07.789870,2,3,116.9,0.2,116.8,625,116.4,500,,,,,,,,,,,,,,,,,117.0,625,117.1,500,117.2,200,,,,,,,,,,,,,,
2026-07-03T11:20:08.124533+00:00,2026-07-03T11:20:08.124414,1,3,116.9,0.2,116.8,625,,,,,,,,,,,,,,,,,,,117.0,625,117.1,500,117.2,200,,,,,,,,,,,,,,
2026-07-03T11:20:08.129911+00:00,2026-07-03T11:20:08.129735,1,2,116.9,0.2,116.8,625,,,,,,,,,,,,,,,,,,,117.0,625,117.2,200,,,,,,,,,,,,,,,,
2026-07-03T11:20:08.135080+00:00,2026-07-03T11:20:08.135021,2,2,116.9,0.2,116.8,625,116.4,500,,,,,,,,,,,,,,,,,117.0,625,117.2,200,,,,,,,,,,,,,,,,
2026-07-03T11:20:08.145601+00:00,2026-07-03T11:20:08.145435,2,3,116.9,0.2,116.8,625,116.4,500,,,,,,,,,,,,,,,,,117.0,625,117.1,500,117.2,200,,,,,,,,,,,,,,
2026-07-03T11:20:08.213968+00:00,2026-07-03T11:20:08.213865,2,3,116.9,0.2,116.8,625,116.4,500,,,,,,,,,,,,,,,,,117.0,425,117.1,500,117.2,200,,,,,,,,,,,,,,
2026-07-03T11:20:10.844601+00:00,2026-07-03T11:20:10.625383,3,2,116.75,0.1,116.7,200,116.6,625,116.2,500,,,,,,,,,,,,,,,116.8,425,116.9,700,,,,,,,,,,,,,,,,
2026-07-03T11:20:11.066341+00:00,2026-07-03T11:20:11.036439,3,2,116.75,0.1,116.7,180,116.6,625,116.2,500,,,,,,,,,,,,,,,116.8,425,116.9,700,,,,,,,,,,,,,,,,
2026-07-03T11:20:11.138145+00:00,2026-07-03T11:20:11.138034,2,2,116.75,0.1,116.7,180,116.6,625,,,,,,,,,,,,,,,,,116.8,425,116.9,700,,,,,,,,,,,,,,,,
2026-07-03T11:20:11.143509+00:00,2026-07-03T11:20:11.143352,2,2,116.75,0.1,116.7,180,116.6,625,,,,,,,,,,,,,,,,,116.8,425,116.9,200,,,,,,,,,,,,,,,,
2026-07-03T11:20:11.153752+00:00,2026-07-03T11:20:11.154582,3,2,116.75,0.1,116.7,180,116.6,625,116.2,500,,,,,,,,,,,,,,,116.8,425,116.9,700,,,,,,,,,,,,,,,,
2026-07-03T11:20:11.697968+00:00,2026-07-03T11:20:11.697863,2,1,116.8,0.2,116.7,180,116.2,500,,,,,,,,,,,,,,,,,116.9,700,,,,,,,,,,,,,,,,,,
2026-07-03T11:20:11.708483+00:00,2026-07-03T11:20:11.708819,2,1,116.8,0.2,116.7,805,116.2,500,,,,,,,,,,,,,,,,,116.9,700,,,,,,,,,,,,,,,,,,
2026-07-03T11:20:11.714188+00:00,2026-07-03T11:20:11.714091,2,2,116.8,0.2,116.7,805,116.2,500,,,,,,,,,,,,,,,,,116.9,700,117.0,625,,,,,,,,,,,,,,,,
2026-07-03T11:20:11.758641+00:00,2026-07-03T11:20:11.735085,1,2,116.8,0.2,116.7,805,,,,,,,,,,,,,,,,,,,116.9,700,117.0,625,,,,,,,,,,,,,,,,
2026-07-03T11:20:11.769397+00:00,2026-07-03T11:20:11.769270,2,2,116.8,0.2,116.7,805,116.2,500,,,,,,,,,,,,,,,,,116.9,700,117.0,625,,,,,,,,,,,,,,,,
2026-07-03T11:20:11.832821+00:00,2026-07-03T11:20:11.832709,3,2,116.8,0.2,116.7,625,116.6,200,116.2,500,,,,,,,,,,,,,,,116.9,700,117.0,625,,,,,,,,,,,,,,,,
2026-07-03T11:20:12.372412+00:00,2026-07-03T11:20:12.372006,3,3,116.75,0.1,116.7,625,116.6,200,116.2,500,,,,,,,,,,,,,,,116.8,500,116.9,200,117.0,625,,,,,,,,,,,,,,
2026-07-03T11:20:12.980508+00:00,2026-07-03T11:20:12.980356,3,2,116.8,0.2,116.7,625,116.6,200,116.2,500,,,,,,,,,,,,,,,116.9,200,117.0,625,,,,,,,,,,,,,,,,
2026-07-03T11:20:12.986455+00:00,2026-07-03T11:20:12.985745,3,2,116.8,0.2,116.7,625,116.6,200,116.2,500,,,,,,,,,,,,,,,116.9,700,117.0,625,,,,,,,,,,,,,,,,
2026-07-03T11:20:13.064493+00:00,2026-07-03T11:20:13.064354,3,2,116.85,0.1,116.8,200,116.6,625,116.2,500,,,,,,,,,,,,,,,116.9,1125,117.0,200,,,,,,,,,,,,,,,,
2026-07-03T11:20:13.558644+00:00,2026-07-03T11:20:13.546946,2,2,116.85,0.1,116.8,200,116.6,625,,,,,,,,,,,,,,,,,116.9,1125,117.0,200,,,,,,,,,,,,,,,,
2026-07-03T11:20:13.564376+00:00,2026-07-03T11:20:13.564024,3,2,116.85,0.1,116.8,200,116.6,625,116.1,500,,,,,,,,,,,,,,,116.9,625,117.0,200,,,,,,,,,,,,,,,,
2026-07-03T11:20:13.569554+00:00,2026-07-03T11:20:13.569458,2,3,116.7,0.2,116.6,625,116.1,500,,,,,,,,,,,,,,,,,116.8,300,116.9,625,117.0,200,,,,,,,,,,,,,,
2026-07-03T11:20:14.182828+00:00,2026-07-03T11:20:14.182646,1,3,116.7,0.2,116.6,625,,,,,,,,,,,,,,,,,,,116.8,300,116.9,625,117.0,200,,,,,,,,,,,,,,
2026-07-03T11:20:14.188259+00:00,2026-07-03T11:20:14.188158,2,2,116.75,0.3,116.6,625,116.2,500,,,,,,,,,,,,,,,,,116.9,625,117.0,200,,,,,,,,,,,,,,,,
2026-07-03T11:20:14.193645+00:00,2026-07-03T11:20:14.193513,2,3,116.7,0.2,116.6,625,116.2,500,,,,,,,,,,,,,,,,,116.8,500,116.9,625,117.0,200,,,,,,,,,,,,,,
2026-07-03T11:20:14.264194+00:00,2026-07-03T11:20:14.263994,2,3,116.7,0.2,116.6,625,116.2,500,,,,,,,,,,,,,,,,,116.8,300,116.9,625,117.1,200,,,,,,,,,,,,,,
2026-07-03T11:20:14.322986+00:00,2026-07-03T11:20:14.322883,1,3,116.5,0.6,116.2,500,,,,,,,,,,,,,,,,,,,116.8,300,116.9,625,117.1,200,,,,,,,,,,,,,,
2026-07-03T11:20:14.328211+00:00,2026-07-03T11:20:14.328129,2,2,116.75,0.1,116.7,625,116.2,500,,,,,,,,,,,,,,,,,116.8,300,117.1,200,,,,,,,,,,,,,,,,
2026-07-03T11:20:14.333483+00:00,2026-07-03T11:20:14.333349,2,3,116.75,0.1,116.7,625,116.2,500,,,,,,,,,,,,,,,,,116.8,300,116.9,625,117.1,200,,,,,,,,,,,,,,
2026-07-03T11:20:14.605732+00:00,2026-07-03T11:20:14.605600,2,3,116.75,0.1,116.7,625,116.2,500,,,,,,,,,,,,,,,,,116.8,280,116.9,625,117.1,200,,,,,,,,,,,,,,
2026-07-03T11:20:14.789070+00:00,2026-07-03T11:20:14.788819,1,2,116.8,0.2,116.7,625,,,,,,,,,,,,,,,,,,,116.9,625,117.1,200,,,,,,,,,,,,,,,,
2026-07-03T11:20:14.794304+00:00,2026-07-03T11:20:14.794137,2,2,116.8,0.2,116.7,625,116.1,500,,,,,,,,,,,,,,,,,116.9,625,117.1,200,,,,,,,,,,,,,,,,
2026-07-03T11:20:14.804797+00:00,2026-07-03T11:20:14.804632,2,2,116.8,0.2,116.7,125,116.1,500,,,,,,,,,,,,,,,,,116.9,625,117.1,200,,,,,,,,,,,,,,,,
2026-07-03T11:20:15.400184+00:00,2026-07-03T11:20:15.399766,1,3,116.35,0.7,116.0,500,,,,,,,,,,,,,,,,,,,116.7,375,116.9,625,117.1,200,,,,,,,,,,,,,,
2026-07-03T11:20:15.479955+00:00,2026-07-03T11:20:15.479827,2,3,116.65,0.1,116.6,200,116.0,500,,,,,,,,,,,,,,,,,116.7,375,116.8,200,116.9,625,,,,,,,,,,,,,,
2026-07-03T11:20:15.672045+00:00,2026-07-03T11:20:15.670843,2,3,116.4,0.2,116.3,625,116.0,500,,,,,,,,,,,,,,,,,116.5,422,116.7,375,116.8,200,,,,,,,,,,,,,,
2026-07-03T11:20:16.471632+00:00,2026-07-03T11:20:15.996517,2,3,116.4,0.2,116.3,625,116.0,500,,,,,,,,,,,,,,,,,116.5,422,116.7,500,116.8,200,,,,,,,,,,,,,,
2026-07-03T11:20:16.595969+00:00,2026-07-03T11:20:16.595707,1,3,116.4,0.2,116.3,625,,,,,,,,,,,,,,,,,,,116.5,422,116.7,500,116.8,200,,,,,,,,,,,,,,
2026-07-03T11:20:16.601172+00:00,2026-07-03T11:20:16.601100,2,2,116.4,0.2,116.3,625,116.1,500,,,,,,,,,,,,,,,,,116.5,422,116.8,200,,,,,,,,,,,,,,,,
2026-07-03T11:20:16.611807+00:00,2026-07-03T11:20:16.611555,2,2,116.4,0.2,116.3,625,116.1,500,,,,,,,,,,,,,,,,,116.5,422,116.8,700,,,,,,,,,,,,,,,,
2026-07-03T11:20:16.692255+00:00,2026-07-03T11:20:16.694221,2,3,116.4,0.2,116.3,605,116.1,500,,,,,,,,,,,,,,,,,116.5,222,116.7,200,116.8,500,,,,,,,,,,,,,,
2026-07-03T11:20:16.938901+00:00,2026-07-03T11:20:16.938657,1,3,116.3,0.4,116.1,500,,,,,,,,,,,,,,,,,,,116.5,222,116.7,200,116.8,500,,,,,,,,,,,,,,
2026-07-03T11:20:16.958546+00:00,2026-07-03T11:20:16.946180,2,3,116.4,0.2,116.3,625,116.1,500,,,,,,,,,,,,,,,,,116.5,625,116.7,200,116.8,500,,,,,,,,,,,,,,
2026-07-03T11:20:17.189826+00:00,2026-07-03T11:20:17.189717,1,3,116.4,0.2,116.3,625,,,,,,,,,,,,,,,,,,,116.5,625,116.7,200,116.8,500,,,,,,,,,,,,,,
2026-07-03T11:20:17.200444+00:00,2026-07-03T11:20:17.200250,1,2,116.4,0.2,116.3,625,,,,,,,,,,,,,,,,,,,116.5,625,116.7,200,,,,,,,,,,,,,,,,
2026-07-03T11:20:17.210899+00:00,2026-07-03T11:20:17.210751,2,2,116.4,0.2,116.3,625,116.0,500,,,,,,,,,,,,,,,,,116.5,625,116.7,200,,,,,,,,,,,,,,,,
2026-07-03T11:20:17.216083+00:00,2026-07-03T11:20:17.216024,2,2,116.4,0.2,116.3,625,116.0,500,,,,,,,,,,,,,,,,,116.5,625,116.7,700,,,,,,,,,,,,,,,,
2026-07-03T11:20:17.864773+00:00,2026-07-03T11:20:17.864359,2,3,116.4,0.2,116.3,625,115.9,500,,,,,,,,,,,,,,,,,116.5,625,116.6,500,116.7,200,,,,,,,,,,,,,,
2026-07-03T11:20:17.875811+00:00,2026-07-03T11:20:17.876000,2,2,116.4,0.2,116.3,625,115.9,500,,,,,,,,,,,,,,,,,116.5,625,116.6,500,,,,,,,,,,,,,,,,
2026-07-03T11:20:17.881515+00:00,2026-07-03T11:20:17.881366,3,2,116.45,0.1,116.4,200,116.3,625,115.9,500,,,,,,,,,,,,,,,116.5,625,116.6,700,,,,,,,,,,,,,,,,
2026-07-03T11:20:18.285270+00:00,2026-07-03T11:20:18.285124,2,2,116.3,0.2,116.2,625,115.9,500,,,,,,,,,,,,,,,,,116.4,425,116.6,700,,,,,,,,,,,,,,,,
2026-07-03T11:20:18.443204+00:00,2026-07-03T11:20:18.442740,2,2,116.3,0.2,116.2,625,115.9,500,,,,,,,,,,,,,,,,,116.4,425,116.6,700,,,,,,,,,,,,,,,,
2026-07-03T11:20:18.995009+00:00,2026-07-03T11:20:18.994933,1,2,116.3,0.2,116.2,625,,,,,,,,,,,,,,,,,,,116.4,425,116.6,700,,,,,,,,,,,,,,,,
2026-07-03T11:20:19.006202+00:00,2026-07-03T11:20:19.006088,1,2,116.3,0.2,116.2,625,,,,,,,,,,,,,,,,,,,116.4,425,116.6,200,,,,,,,,,,,,,,,,
2026-07-03T11:20:19.011488+00:00,2026-07-03T11:20:19.011359,2,2,116.3,0.2,116.2,625,116.0,500,,,,,,,,,,,,,,,,,116.4,425,116.6,200,,,,,,,,,,,,,,,,
2026-07-03T11:20:19.037796+00:00,2026-07-03T11:20:19.037914,2,3,116.3,0.2,116.2,625,116.0,500,,,,,,,,,,,,,,,,,116.4,425,116.6,200,116.7,500,,,,,,,,,,,,,,
2026-07-03T11:20:19.079131+00:00,2026-07-03T11:20:19.079086,2,2,116.3,0.2,116.2,625,116.0,500,,,,,,,,,,,,,,,,,116.4,425,116.7,500,,,,,,,,,,,,,,,,
2026-07-03T11:20:19.084441+00:00,2026-07-03T11:20:19.084347,2,3,116.3,0.2,116.2,625,116.0,500,,,,,,,,,,,,,,,,,116.4,225,116.6,200,116.7,500,,,,,,,,,,,,,,
2026-07-03T11:20:19.574716+00:00,2026-07-03T11:20:19.574500,2,2,116.5,0.2,116.4,625,116.0,500,,,,,,,,,,,,,,,,,116.6,200,116.7,1125,,,,,,,,,,,,,,,,
2026-07-03T11:20:19.604260+00:00,2026-07-03T11:20:19.604060,1,2,116.5,0.2,116.4,625,,,,,,,,,,,,,,,,,,,116.6,200,116.7,1125,,,,,,,,,,,,,,,,
2026-07-03T11:20:19.659075+00:00,2026-07-03T11:20:19.616598,2,3,116.5,0.2,116.4,625,116.1,500,,,,,,,,,,,,,,,,,116.6,200,116.7,625,116.8,500,,,,,,,,,,,,,,
2026-07-03T11:20:20.280110+00:00,2026-07-03T11:20:20.279637,2,2,116.5,0.2,116.4,625,116.0,500,,,,,,,,,,,,,,,,,116.6,200,116.7,1125,,,,,,,,,,,,,,,,
2026-07-03T11:20:20.290714+00:00,2026-07-03T11:20:20.290663,2,1,116.55,0.3,116.4,825,116.0,500,,,,,,,,,,,,,,,,,116.7,1325,,,,,,,,,,,,,,,,,,
2026-07-03T11:20:20.571593+00:00,2026-07-03T11:20:20.571552,2,1,116.55,0.3,116.4,805,116.0,500,,,,,,,,,,,,,,,,,116.7,1325,,,,,,,,,,,,,,,,,,
2026-07-03T11:20:20.865310+00:00,2026-07-03T11:20:20.865978,2,2,116.55,0.3,116.4,805,116.1,500,,,,,,,,,,,,,,,,,116.7,825,116.8,500,,,,,,,,,,,,,,,,
2026-07-03T11:20:20.878695+00:00,2026-07-03T11:20:20.878587,2,2,116.55,0.3,116.4,200,116.1,500,,,,,,,,,,,,,,,,,116.7,825,116.8,500,,,,,,,,,,,,,,,,
2026-07-03T11:20:20.959458+00:00,2026-07-03T11:20:20.958890,3,2,116.6,0.2,116.5,625,116.4,200,116.1,500,,,,,,,,,,,,,,,116.7,825,116.8,500,,,,,,,,,,,,,,,,
2026-07-03T11:20:21.464538+00:00,2026-07-03T11:20:21.464273,3,2,116.6,0.2,116.5,625,116.4,200,116.1,500,,,,,,,,,,,,,,,116.7,825,116.8,500,,,,,,,,,,,,,,,,
2026-07-03T11:20:21.498158+00:00,2026-07-03T11:20:21.498108,3,2,116.6,0.2,116.5,625,116.3,200,116.1,500,,,,,,,,,,,,,,,116.7,625,116.8,500,,,,,,,,,,,,,,,,
2026-07-03T11:20:21.503370+00:00,2026-07-03T11:20:21.503320,3,2,116.6,0.2,116.5,425,116.3,200,116.1,500,,,,,,,,,,,,,,,116.7,625,116.8,500,,,,,,,,,,,,,,,,
2026-07-03T11:20:22.096546+00:00,2026-07-03T11:20:22.096217,3,2,116.6,0.2,116.5,425,116.3,200,116.1,500,,,,,,,,,,,,,,,116.7,625,116.8,500,,,,,,,,,,,,,,,,
2026-07-03T11:20:22.187021+00:00,2026-07-03T11:20:22.187152,2,2,116.5,0.4,116.3,200,116.1,500,,,,,,,,,,,,,,,,,116.7,625,116.8,500,,,,,,,,,,,,,,,,
2026-07-03T11:20:22.192574+00:00,2026-07-03T11:20:22.192450,3,1,116.65,0.3,116.5,625,116.3,200,116.1,500,,,,,,,,,,,,,,,116.8,500,,,,,,,,,,,,,,,,,,
2026-07-03T11:20:22.197552+00:00,2026-07-03T11:20:22.197723,3,2,116.6,0.2,116.5,625,116.3,200,116.1,500,,,,,,,,,,,,,,,116.7,625,116.8,500,,,,,,,,,,,,,,,,
2026-07-03T11:20:22.636984+00:00,2026-07-03T11:20:22.636646,2,2,116.6,0.2,116.5,625,116.3,200,,,,,,,,,,,,,,,,,116.7,625,116.8,500,,,,,,,,,,,,,,,,
2026-07-03T11:20:22.658837+00:00,2026-07-03T11:20:22.655045,3,2,116.6,0.2,116.5,625,116.3,200,116.1,500,,,,,,,,,,,,,,,116.7,625,116.8,500,,,,,,,,,,,,,,,,
2026-07-03T11:20:22.680557+00:00,2026-07-03T11:20:22.680281,3,2,116.6,0.2,116.5,605,116.3,200,116.1,500,,,,,,,,,,,,,,,116.7,625,116.8,500,,,,,,,,,,,,,,,,
2026-07-03T11:20:22.728459+00:00,2026-07-03T11:20:22.728685,3,3,116.55,0.1,116.5,605,116.4,200,116.1,500,,,,,,,,,,,,,,,116.6,200,116.7,625,116.8,500,,,,,,,,,,,,,,
2026-07-03T11:20:23.113027+00:00,2026-07-03T11:20:23.112961,3,3,116.55,0.1,116.5,605,116.4,200,116.1,500,,,,,,,,,,,,,,,116.6,180,116.7,625,116.8,500,,,,,,,,,,,,,,
2026-07-03T11:20:23.259859+00:00,2026-07-03T11:20:23.259664,3,3,116.55,0.1,116.5,605,116.4,200,116.1,500,,,,,,,,,,,,,,,116.6,180,116.7,625,116.8,500,,,,,,,,,,,,,,
2026-07-03T11:20:23.558579+00:00,2026-07-03T11:20:23.546300,3,2,116.55,0.1,116.5,625,116.4,200,116.1,500,,,,,,,,,,,,,,,116.6,180,116.8,1125,,,,,,,,,,,,,,,,
2026-07-03T11:20:23.864622+00:00,2026-07-03T11:20:23.864576,3,2,116.55,0.1,116.5,625,116.4,200,116.1,500,,,,,,,,,,,,,,,116.6,180,116.8,1125,,,,,,,,,,,,,,,,
2026-07-03T11:20:23.913396+00:00,2026-07-03T11:20:23.913337,2,2,116.55,0.1,116.5,625,116.1,500,,,,,,,,,,,,,,,,,116.6,180,116.8,1125,,,,,,,,,,,,,,,,
2026-07-03T11:20:23.919277+00:00,2026-07-03T11:20:23.919221,3,1,116.7,0.2,116.6,200,116.5,625,116.1,500,,,,,,,,,,,,,,,116.8,1325,,,,,,,,,,,,,,,,,,
2026-07-03T11:20:23.945287+00:00,2026-07-03T11:20:23.944078,3,1,116.7,0.2,116.6,197,116.5,625,116.1,500,,,,,,,,,,,,,,,116.8,1325,,,,,,,,,,,,,,,,,,
2026-07-03T11:20:24.464014+00:00,2026-07-03T11:20:24.463916,2,1,116.7,0.2,116.6,197,116.5,625,,,,,,,,,,,,,,,,,116.8,1325,,,,,,,,,,,,,,,,,,
2026-07-03T11:20:24.485484+00:00,2026-07-03T11:20:24.485280,2,1,116.7,0.2,116.6,197,116.5,625,,,,,,,,,,,,,,,,,116.8,825,,,,,,,,,,,,,,,,,,
2026-07-03T11:20:24.490886+00:00,2026-07-03T11:20:24.490752,3,1,116.7,0.2,116.6,197,116.5,625,116.1,500,,,,,,,,,,,,,,,116.8,1325,,,,,,,,,,,,,,,,,,
2026-07-03T11:20:24.621489+00:00,2026-07-03T11:20:24.621362,3,1,116.7,0.2,116.6,197,116.5,625,116.1,500,,,,,,,,,,,,,,,116.8,1305,,,,,,,,,,,,,,,,,,
2026-07-03T11:20:24.858586+00:00,2026-07-03T11:20:24.837820,3,1,116.7,0.2,116.6,197,116.5,625,116.1,500,,,,,,,,,,,,,,,116.8,1325,,,,,,,,,,,,,,,,,,
2026-07-03T11:20:25.058880+00:00,2026-07-03T11:20:25.051360,2,1,116.7,0.2,116.6,197,116.5,625,,,,,,,,,,,,,,,,,116.8,825,,,,,,,,,,,,,,,,,,
2026-07-03T11:20:25.069393+00:00,2026-07-03T11:20:25.069080,3,1,116.7,0.2,116.6,197,116.5,625,116.1,500,,,,,,,,,,,,,,,116.8,825,,,,,,,,,,,,,,,,,,
2026-07-03T11:20:25.106152+00:00,2026-07-03T11:20:25.106065,3,1,116.7,0.2,116.6,197,116.5,625,116.1,500,,,,,,,,,,,,,,,116.8,1325,,,,,,,,,,,,,,,,,,
2026-07-03T11:20:25.128802+00:00,2026-07-03T11:20:25.128714,2,1,116.65,0.3,116.5,625,116.1,500,,,,,,,,,,,,,,,,,116.8,1125,,,,,,,,,,,,,,,,,,
2026-07-03T11:20:25.145799+00:00,2026-07-03T11:20:25.144717,3,2,116.75,0.1,116.7,189,116.5,625,116.1,500,,,,,,,,,,,,,,,116.8,1125,116.9,200,,,,,,,,,,,,,,,,
2026-07-03T11:20:25.489983+00:00,2026-07-03T11:20:25.489783,3,2,116.75,0.1,116.7,189,116.5,625,116.1,500,,,,,,,,,,,,,,,116.8,1105,116.9,200,,,,,,,,,,,,,,,,
2026-07-03T11:20:25.680261+00:00,2026-07-03T11:20:25.680150,2,2,116.75,0.1,116.7,189,116.5,625,,,,,,,,,,,,,,,,,116.8,605,116.9,200,,,,,,,,,,,,,,,,
2026-07-03T11:20:25.685836+00:00,2026-07-03T11:20:25.685590,3,2,116.75,0.1,116.7,189,116.5,625,116.2,500,,,,,,,,,,,,,,,116.8,605,116.9,700,,,,,,,,,,,,,,,,
2026-07-03T11:20:26.137598+00:00,2026-07-03T11:20:26.137436,2,2,116.75,0.1,116.7,189,116.2,500,,,,,,,,,,,,,,,,,116.8,605,116.9,700,,,,,,,,,,,,,,,,
2026-07-03T11:20:26.158723+00:00,2026-07-03T11:20:26.142746,2,1,116.8,0.2,116.7,814,116.2,500,,,,,,,,,,,,,,,,,116.9,1325,,,,,,,,,,,,,,,,,,
2026-07-03T11:20:26.279734+00:00,2026-07-03T11:20:26.279352,1,1,116.8,0.2,116.7,814,,,,,,,,,,,,,,,,,,,116.9,1325,,,,,,,,,,,,,,,,,,
2026-07-03T11:20:26.300816+00:00,2026-07-03T11:20:26.300608,2,1,116.8,0.2,116.7,814,116.1,500,,,,,,,,,,,,,,,,,116.9,825,,,,,,,,,,,,,,,,,,
2026-07-03T11:20:26.306062+00:00,2026-07-03T11:20:26.305888,2,2,116.75,0.1,116.7,814,116.1,500,,,,,,,,,,,,,,,,,116.8,500,116.9,825,,,,,,,,,,,,,,,,
2026-07-03T11:20:26.358809+00:00,2026-07-03T11:20:26.333997,3,2,116.75,0.1,116.7,625,116.6,200,116.1,500,,,,,,,,,,,,,,,116.8,700,116.9,625,,,,,,,,,,,,,,,,
2026-07-03T11:20:26.885358+00:00,2026-07-03T11:20:26.885182,2,2,116.75,0.1,116.7,625,116.6,200,,,,,,,,,,,,,,,,,116.8,200,116.9,625,,,,,,,,,,,,,,,,
2026-07-03T11:20:26.896154+00:00,2026-07-03T11:20:26.896103,3,2,116.75,0.1,116.7,625,116.6,200,116.2,500,,,,,,,,,,,,,,,116.8,200,116.9,625,,,,,,,,,,,,,,,,
2026-07-03T11:20:26.906751+00:00,2026-07-03T11:20:26.906535,3,2,116.75,0.1,116.7,625,116.6,200,116.2,500,,,,,,,,,,,,,,,116.8,700,116.9,625,,,,,,,,,,,,,,,,
2026-07-03T11:20:27.459269+00:00,2026-07-03T11:20:27.459049,3,2,116.75,0.1,116.7,625,116.6,200,116.2,500,,,,,,,,,,,,,,,116.8,700,116.9,625,,,,,,,,,,,,,,,,
2026-07-03T11:20:27.486460+00:00,2026-07-03T11:20:27.486329,2,2,116.75,0.1,116.7,625,116.6,200,,,,,,,,,,,,,,,,,116.8,700,116.9,625,,,,,,,,,,,,,,,,
2026-07-03T11:20:27.491717+00:00,2026-07-03T11:20:27.491647,2,2,116.75,0.1,116.7,625,116.6,200,,,,,,,,,,,,,,,,,116.8,200,116.9,625,,,,,,,,,,,,,,,,
2026-07-03T11:20:27.502221+00:00,2026-07-03T11:20:27.502062,3,2,116.75,0.1,116.7,625,116.6,200,116.1,500,,,,,,,,,,,,,,,116.8,200,116.9,625,,,,,,,,,,,,,,,,
2026-07-03T11:20:27.507547+00:00,2026-07-03T11:20:27.507356,3,2,116.75,0.1,116.7,625,116.6,200,116.1,500,,,,,,,,,,,,,,,116.8,700,116.9,625,,,,,,,,,,,,,,,,
2026-07-03T11:20:27.558640+00:00,2026-07-03T11:20:27.544897,3,2,116.75,0.1,116.7,625,116.6,200,116.1,500,,,,,,,,,,,,,,,116.8,700,116.9,625,,,,,,,,,,,,,,,,
2026-07-03T11:20:28.125975+00:00,2026-07-03T11:20:28.126460,3,2,116.75,0.1,116.7,625,116.6,200,116.1,500,,,,,,,,,,,,,,,116.8,700,116.9,625,,,,,,,,,,,,,,,,
2026-07-03T11:20:28.711998+00:00,2026-07-03T11:20:28.711637,3,2,116.75,0.1,116.7,625,116.6,200,116.1,500,,,,,,,,,,,,,,,116.8,700,116.9,625,,,,,,,,,,,,,,,,
2026-07-03T11:20:28.758712+00:00,2026-07-03T11:20:28.745146,2,2,116.7,0.2,116.6,625,116.1,500,,,,,,,,,,,,,,,,,116.8,500,116.9,625,,,,,,,,,,,,,,,,
2026-07-03T11:20:28.764007+00:00,2026-07-03T11:20:28.763905,3,3,116.65,0.1,116.6,625,116.5,200,116.1,500,,,,,,,,,,,,,,,116.7,200,116.8,500,116.9,625,,,,,,,,,,,,,,
2026-07-03T11:20:29.295213+00:00,2026-07-03T11:20:29.295095,2,3,116.65,0.1,116.6,625,116.5,200,,,,,,,,,,,,,,,,,116.7,200,116.8,500,116.9,625,,,,,,,,,,,,,,
2026-07-03T11:20:29.300649+00:00,2026-07-03T11:20:29.300453,2,2,116.65,0.1,116.6,625,116.5,200,,,,,,,,,,,,,,,,,116.7,200,116.9,625,,,,,,,,,,,,,,,,
2026-07-03T11:20:29.311680+00:00,2026-07-03T11:20:29.311496,3,2,116.65,0.1,116.6,625,116.5,200,116.1,500,,,,,,,,,,,,,,,116.7,200,116.9,625,,,,,,,,,,,,,,,,
2026-07-03T11:20:29.317085+00:00,2026-07-03T11:20:29.316823,3,3,116.65,0.1,116.6,625,116.5,200,116.1,500,,,,,,,,,,,,,,,116.7,200,116.8,500,116.9,625,,,,,,,,,,,,,,
2026-07-03T11:20:29.911285+00:00,2026-07-03T11:20:29.911027,3,3,116.65,0.1,116.6,625,116.5,200,116.2,500,,,,,,,,,,,,,,,116.7,200,116.8,500,116.9,625,,,,,,,,,,,,,,
2026-07-03T11:20:29.958767+00:00,2026-07-03T11:20:29.952283,2,2,116.7,0.2,116.6,625,116.2,500,,,,,,,,,,,,,,,,,116.8,500,116.9,625,,,,,,,,,,,,,,,,
2026-07-03T11:20:29.974490+00:00,2026-07-03T11:20:29.974257,3,2,116.75,0.1,116.7,200,116.6,625,116.2,500,,,,,,,,,,,,,,,116.8,500,116.9,825,,,,,,,,,,,,,,,,
2026-07-03T11:20:30.058818+00:00,2026-07-03T11:20:30.058691,2,2,116.75,0.1,116.7,200,116.2,500,,,,,,,,,,,,,,,,,116.8,500,116.9,200,,,,,,,,,,,,,,,,
2026-07-03T11:20:30.074013+00:00,2026-07-03T11:20:30.074278,2,3,116.6,0.2,116.5,625,116.2,500,,,,,,,,,,,,,,,,,116.7,425,116.8,500,116.9,200,,,,,,,,,,,,,,
2026-07-03T11:20:30.497901+00:00,2026-07-03T11:20:30.497736,1,3,116.6,0.2,116.5,625,,,,,,,,,,,,,,,,,,,116.7,425,116.8,500,116.9,200,,,,,,,,,,,,,,
2026-07-03T11:20:30.504475+00:00,2026-07-03T11:20:30.504154,1,2,116.6,0.2,116.5,625,,,,,,,,,,,,,,,,,,,116.7,425,116.9,200,,,,,,,,,,,,,,,,
2026-07-03T11:20:30.515001+00:00,2026-07-03T11:20:30.514910,2,2,116.6,0.2,116.5,625,116.0,500,,,,,,,,,,,,,,,,,116.7,425,116.9,200,,,,,,,,,,,,,,,,
2026-07-03T11:20:30.520492+00:00,2026-07-03T11:20:30.520256,2,2,116.6,0.2,116.5,625,116.0,500,,,,,,,,,,,,,,,,,116.7,925,116.9,200,,,,,,,,,,,,,,,,
2026-07-03T11:20:31.099444+00:00,2026-07-03T11:20:31.099199,1,2,116.6,0.2,116.5,625,,,,,,,,,,,,,,,,,,,116.7,925,116.9,200,,,,,,,,,,,,,,,,
2026-07-03T11:20:31.110524+00:00,2026-07-03T11:20:31.110400,1,2,116.6,0.2,116.5,625,,,,,,,,,,,,,,,,,,,116.7,425,116.9,200,,,,,,,,,,,,,,,,
2026-07-03T11:20:31.121033+00:00,2026-07-03T11:20:31.120894,2,2,116.6,0.2,116.5,625,116.1,500,,,,,,,,,,,,,,,,,116.7,425,116.9,200,,,,,,,,,,,,,,,,
2026-07-03T11:20:31.126913+00:00,2026-07-03T11:20:31.126243,2,3,116.6,0.2,116.5,625,116.1,500,,,,,,,,,,,,,,,,,116.7,425,116.8,500,116.9,200,,,,,,,,,,,,,,
2026-07-03T11:20:31.183305+00:00,2026-07-03T11:20:31.183089,2,3,116.6,0.2,116.5,625,116.1,500,,,,,,,,,,,,,,,,,116.7,225,116.8,500,117.0,200,,,,,,,,,,,,,,
2026-07-03T11:20:31.364739+00:00,2026-07-03T11:20:31.364505,2,2,116.75,0.1,116.7,625,116.1,500,,,,,,,,,,,,,,,,,116.8,500,117.0,200,,,,,,,,,,,,,,,,
2026-07-03T11:20:31.369722+00:00,2026-07-03T11:20:31.369685,2,3,116.75,0.1,116.7,625,116.1,500,,,,,,,,,,,,,,,,,116.8,500,116.9,625,117.0,200,,,,,,,,,,,,,,
2026-07-03T11:20:31.742811+00:00,2026-07-03T11:20:31.719272,2,3,116.75,0.1,116.7,625,116.1,500,,,,,,,,,,,,,,,,,116.8,500,116.9,625,117.0,200,,,,,,,,,,,,,,
2026-07-03T11:20:32.364542+00:00,2026-07-03T11:20:32.364287,2,2,116.8,0.2,116.7,125,116.1,500,,,,,,,,,,,,,,,,,116.9,625,117.0,200,,,,,,,,,,,,,,,,
2026-07-03T11:20:32.375098+00:00,2026-07-03T11:20:32.375026,3,2,116.75,0.1,116.7,125,116.6,200,116.1,500,,,,,,,,,,,,,,,116.8,200,116.9,625,,,,,,,,,,,,,,,,
2026-07-03T11:20:32.675033+00:00,2026-07-03T11:20:32.674821,2,1,116.7,0.2,116.6,200,116.1,500,,,,,,,,,,,,,,,,,116.8,200,,,,,,,,,,,,,,,,,,
2026-07-03T11:20:32.680275+00:00,2026-07-03T11:20:32.680086,3,1,116.7,0.2,116.6,200,116.5,625,116.1,500,,,,,,,,,,,,,,,116.8,200,,,,,,,,,,,,,,,,,,
2026-07-03T11:20:32.685504+00:00,2026-07-03T11:20:32.685347,3,2,116.65,0.1,116.6,200,116.5,625,116.1,500,,,,,,,,,,,,,,,116.7,625,116.8,200,,,,,,,,,,,,,,,,
2026-07-03T11:20:32.948507+00:00,2026-07-03T11:20:32.959433,2,3,116.55,0.1,116.5,625,115.9,500,,,,,,,,,,,,,,,,,116.6,300,116.7,625,116.8,200,,,,,,,,,,,,,,
2026-07-03T11:20:33.541899+00:00,2026-07-03T11:20:33.541741,1,3,116.55,0.1,116.5,625,,,,,,,,,,,,,,,,,,,116.6,300,116.7,625,116.8,200,,,,,,,,,,,,,,
2026-07-03T11:20:33.558619+00:00,2026-07-03T11:20:33.554202,2,2,116.6,0.2,116.5,625,116.0,500,,,,,,,,,,,,,,,,,116.7,1125,116.8,200,,,,,,,,,,,,,,,,
2026-07-03T11:20:33.579568+00:00,2026-07-03T11:20:33.579521,3,1,116.65,0.1,116.6,200,116.5,625,116.0,500,,,,,,,,,,,,,,,116.7,1125,,,,,,,,,,,,,,,,,,
2026-07-03T11:20:33.584776+00:00,2026-07-03T11:20:33.584694,3,2,116.65,0.1,116.6,200,116.5,625,116.0,500,,,,,,,,,,,,,,,116.7,1125,116.9,200,,,,,,,,,,,,,,,,
2026-07-03T11:20:33.681083+00:00,2026-07-03T11:20:33.681434,3,2,116.65,0.1,116.6,200,116.5,625,116.0,500,,,,,,,,,,,,,,,116.7,1105,116.9,200,,,,,,,,,,,,,,,,
2026-07-03T11:20:34.021810+00:00,2026-07-03T11:20:34.021675,2,3,116.5,0.2,116.4,625,116.0,500,,,,,,,,,,,,,,,,,116.6,425,116.7,500,116.9,200,,,,,,,,,,,,,,
2026-07-03T11:20:34.160248+00:00,2026-07-03T11:20:34.159992,2,3,116.5,0.2,116.4,625,116.0,500,,,,,,,,,,,,,,,,,116.6,425,116.7,500,116.9,200,,,,,,,,,,,,,,
2026-07-03T11:20:34.764534+00:00,2026-07-03T11:20:34.764500,2,3,116.5,0.2,116.4,625,116.0,500,,,,,,,,,,,,,,,,,116.6,425,116.7,500,116.9,200,,,,,,,,,,,,,,
2026-07-03T11:20:34.785745+00:00,2026-07-03T11:20:34.785586,2,2,116.5,0.2,116.4,625,116.0,500,,,,,,,,,,,,,,,,,116.6,425,116.7,500,,,,,,,,,,,,,,,,
2026-07-03T11:20:34.790914+00:00,2026-07-03T11:20:34.790870,2,2,116.5,0.2,116.4,625,116.0,500,,,,,,,,,,,,,,,,,116.6,225,116.7,500,,,,,,,,,,,,,,,,
2026-07-03T11:20:34.796153+00:00,2026-07-03T11:20:34.796066,2,3,116.5,0.2,116.4,625,116.0,500,,,,,,,,,,,,,,,,,116.6,225,116.7,500,116.8,200,,,,,,,,,,,,,,
2026-07-03T11:20:35.323620+00:00,2026-07-03T11:20:35.323471,2,2,116.65,0.1,116.6,625,116.0,500,,,,,,,,,,,,,,,,,116.7,500,116.8,825,,,,,,,,,,,,,,,,
2026-07-03T11:20:35.364332+00:00,2026-07-03T11:20:35.364240,2,1,116.7,0.2,116.6,625,116.1,500,,,,,,,,,,,,,,,,,116.8,825,,,,,,,,,,,,,,,,,,
2026-07-03T11:20:35.369792+00:00,2026-07-03T11:20:35.369543,2,1,116.7,0.2,116.6,625,116.1,500,,,,,,,,,,,,,,,,,116.8,1325,,,,,,,,,,,,,,,,,,
2026-07-03T11:20:35.963976+00:00,2026-07-03T11:20:35.963825,1,1,116.7,0.2,116.6,625,,,,,,,,,,,,,,,,,,,116.8,1325,,,,,,,,,,,,,,,,,,
2026-07-03T11:20:35.974843+00:00,2026-07-03T11:20:35.974770,2,1,116.7,0.2,116.6,625,116.0,500,,,,,,,,,,,,,,,,,116.8,825,,,,,,,,,,,,,,,,,,
2026-07-03T11:20:35.979903+00:00,2026-07-03T11:20:35.980052,2,2,116.65,0.1,116.6,625,116.0,500,,,,,,,,,,,,,,,,,116.7,500,116.8,825,,,,,,,,,,,,,,,,
2026-07-03T11:20:36.001504+00:00,2026-07-03T11:20:36.001323,3,2,116.65,0.1,116.6,625,116.4,200,116.0,500,,,,,,,,,,,,,,,116.7,500,116.8,625,,,,,,,,,,,,,,,,
2026-07-03T11:20:36.006673+00:00,2026-07-03T11:20:36.006548,3,2,116.65,0.1,116.6,625,116.4,200,116.0,500,,,,,,,,,,,,,,,116.7,700,116.8,625,,,,,,,,,,,,,,,,
2026-07-03T11:20:36.597431+00:00,2026-07-03T11:20:36.597015,3,2,116.65,0.1,116.6,625,116.4,200,116.0,500,,,,,,,,,,,,,,,116.7,700,116.8,625,,,,,,,,,,,,,,,,
2026-07-03T11:20:36.619302+00:00,2026-07-03T11:20:36.619177,2,1,116.55,0.3,116.4,200,116.0,500,,,,,,,,,,,,,,,,,116.7,75,,,,,,,,,,,,,,,,,,
2026-07-03T11:20:36.658853+00:00,2026-07-03T11:20:36.658697,2,2,116.55,0.3,116.4,200,116.0,500,,,,,,,,,,,,,,,,,116.7,75,116.9,625,,,,,,,,,,,,,,,,
2026-07-03T11:20:37.158536+00:00,2026-07-03T11:20:37.156349,1,1,116.65,0.5,116.4,200,,,,,,,,,,,,,,,,,,,116.9,625,,,,,,,,,,,,,,,,,,
2026-07-03T11:20:37.169043+00:00,2026-07-03T11:20:37.168869,2,1,116.65,0.5,116.4,200,116.0,500,,,,,,,,,,,,,,,,,116.9,625,,,,,,,,,,,,,,,,,,
2026-07-03T11:20:37.196129+00:00,2026-07-03T11:20:37.195754,2,2,116.55,0.3,116.4,200,116.0,500,,,,,,,,,,,,,,,,,116.7,500,116.9,625,,,,,,,,,,,,,,,,
2026-07-03T11:20:37.214704+00:00,2026-07-03T11:20:37.214467,1,2,116.35,0.7,116.0,500,,,,,,,,,,,,,,,,,,,116.7,500,116.9,625,,,,,,,,,,,,,,,,
2026-07-03T11:20:37.219940+00:00,2026-07-03T11:20:37.219787,2,3,116.65,0.1,116.6,200,116.0,500,,,,,,,,,,,,,,,,,116.7,500,116.8,200,116.9,625,,,,,,,,,,,,,,
2026-07-03T11:20:37.758847+00:00,2026-07-03T11:20:37.758697,1,3,116.65,0.1,116.6,200,,,,,,,,,,,,,,,,,,,116.7,500,116.8,200,116.9,625,,,,,,,,,,,,,,
2026-07-03T11:20:37.764397+00:00,2026-07-03T11:20:37.764299,1,2,116.7,0.2,116.6,200,,,,,,,,,,,,,,,,,,,116.8,200,116.9,625,,,,,,,,,,,,,,,,
2026-07-03T11:20:37.822708+00:00,2026-07-03T11:20:37.822479,2,2,116.7,0.2,116.6,200,116.0,500,,,,,,,,,,,,,,,,,116.8,200,116.9,625,,,,,,,,,,,,,,,,
2026-07-03T11:20:37.828534+00:00,2026-07-03T11:20:37.827847,2,3,116.65,0.1,116.6,200,116.0,500,,,,,,,,,,,,,,,,,116.7,500,116.8,200,116.9,625,,,,,,,,,,,,,,
2026-07-03T11:20:37.928944+00:00,2026-07-03T11:20:37.928850,2,2,116.65,0.1,116.6,200,116.0,500,,,,,,,,,,,,,,,,,116.7,500,116.8,200,,,,,,,,,,,,,,,,
2026-07-03T11:20:37.958648+00:00,2026-07-03T11:20:37.934144,2,3,116.5,0.2,116.4,625,116.0,500,,,,,,,,,,,,,,,,,116.6,425,116.7,500,116.8,200,,,,,,,,,,,,,,
2026-07-03T11:20:38.395811+00:00,2026-07-03T11:20:38.395664,1,3,116.5,0.2,116.4,625,,,,,,,,,,,,,,,,,,,116.6,425,116.7,500,116.8,200,,,,,,,,,,,,,,
2026-07-03T11:20:38.401158+00:00,2026-07-03T11:20:38.400989,1,2,116.5,0.2,116.4,625,,,,,,,,,,,,,,,,,,,116.6,425,116.8,200,,,,,,,,,,,,,,,,
2026-07-03T11:20:38.406834+00:00,2026-07-03T11:20:38.406307,2,2,116.5,0.2,116.4,625,116.0,500,,,,,,,,,,,,,,,,,116.6,425,116.8,200,,,,,,,,,,,,,,,,
2026-07-03T11:20:38.458794+00:00,2026-07-03T11:20:38.438973,2,2,116.5,0.2,116.4,825,116.0,500,,,,,,,,,,,,,,,,,116.6,625,116.7,500,,,,,,,,,,,,,,,,
2026-07-03T11:20:38.998201+00:00,2026-07-03T11:20:38.998668,1,1,116.5,0.2,116.4,825,,,,,,,,,,,,,,,,,,,116.6,625,,,,,,,,,,,,,,,,,,
2026-07-03T11:20:39.010671+00:00,2026-07-03T11:20:39.010471,2,2,116.5,0.2,116.4,825,116.0,500,,,,,,,,,,,,,,,,,116.6,625,116.7,500,,,,,,,,,,,,,,,,
2026-07-03T11:20:39.264328+00:00,2026-07-03T11:20:39.264214,3,2,116.55,0.1,116.5,625,116.4,200,116.0,500,,,,,,,,,,,,,,,116.6,200,116.7,1125,,,,,,,,,,,,,,,,
2026-07-03T11:20:39.599335+00:00,2026-07-03T11:20:39.599232,2,2,116.55,0.1,116.5,625,116.4,200,,,,,,,,,,,,,,,,,116.6,200,116.7,1125,,,,,,,,,,,,,,,,
2026-07-03T11:20:39.604609+00:00,2026-07-03T11:20:39.604538,2,2,116.55,0.1,116.5,625,116.4,200,,,,,,,,,,,,,,,,,116.6,200,116.7,625,,,,,,,,,,,,,,,,
2026-07-03T11:20:39.615149+00:00,2026-07-03T11:20:39.614982,3,2,116.55,0.1,116.5,625,116.4,200,116.0,500,,,,,,,,,,,,,,,116.6,200,116.7,625,,,,,,,,,,,,,,,,
2026-07-03T11:20:39.621379+00:00,2026-07-03T11:20:39.620460,3,2,116.55,0.1,116.5,625,116.4,200,116.0,500,,,,,,,,,,,,,,,116.6,200,116.7,1125,,,,,,,,,,,,,,,,
2026-07-03T11:20:39.643524+00:00,2026-07-03T11:20:39.642905,2,1,116.6,0.2,116.5,825,116.0,500,,,,,,,,,,,,,,,,,116.7,1325,,,,,,,,,,,,,,,,,,
2026-07-03T11:20:39.758725+00:00,2026-07-03T11:20:39.741409,2,1,116.6,0.2,116.5,825,116.0,500,,,,,,,,,,,,,,,,,116.7,1303,,,,,,,,,,,,,,,,,,
2026-07-03T11:20:40.200540+00:00,2026-07-03T11:20:40.201211,1,1,116.6,0.2,116.5,825,,,,,,,,,,,,,,,,,,,116.7,803,,,,,,,,,,,,,,,,,,
2026-07-03T11:20:40.267910+00:00,2026-07-03T11:20:40.267415,2,1,116.6,0.2,116.5,825,116.0,500,,,,,,,,,,,,,,,,,116.7,1303,,,,,,,,,,,,,,,,,,
2026-07-03T11:20:40.569976+00:00,2026-07-03T11:20:40.568728,3,2,116.65,0.1,116.6,613,116.5,200,116.0,500,,,,,,,,,,,,,,,116.7,700,116.8,625,,,,,,,,,,,,,,,,
2026-07-03T11:20:40.858644+00:00,2026-07-03T11:20:40.827777,3,2,116.65,0.1,116.6,113,116.5,200,116.0,500,,,,,,,,,,,,,,,116.7,200,116.8,625,,,,,,,,,,,,,,,,
2026-07-03T11:20:40.873405+00:00,2026-07-03T11:20:40.873068,2,2,116.35,0.3,116.2,200,116.0,500,,,,,,,,,,,,,,,,,116.5,87,116.8,625,,,,,,,,,,,,,,,,
2026-07-03T11:20:41.406102+00:00,2026-07-03T11:20:41.405977,1,2,116.35,0.3,116.2,200,,,,,,,,,,,,,,,,,,,116.5,87,116.8,625,,,,,,,,,,,,,,,,
2026-07-03T11:20:41.411101+00:00,2026-07-03T11:20:41.411390,2,2,116.35,0.3,116.2,200,116.0,500,,,,,,,,,,,,,,,,,116.5,87,116.8,625,,,,,,,,,,,,,,,,
2026-07-03T11:20:41.458620+00:00,2026-07-03T11:20:41.433963,2,3,116.35,0.3,116.2,200,116.0,500,,,,,,,,,,,,,,,,,116.5,87,116.7,500,116.8,625,,,,,,,,,,,,,,
2026-07-03T11:20:41.994386+00:00,2026-07-03T11:20:41.883180,2,3,116.3,0.2,116.2,825,116.0,500,,,,,,,,,,,,,,,,,116.4,625,116.5,87,116.7,500,,,,,,,,,,,,,,
2026-07-03T11:20:42.043607+00:00,2026-07-03T11:20:42.043188,2,3,116.3,0.2,116.2,825,116.0,500,,,,,,,,,,,,,,,,,116.4,625,116.5,87,116.7,500,,,,,,,,,,,,,,
2026-07-03T11:20:42.059348+00:00,2026-07-03T11:20:42.059245,2,3,116.3,0.2,116.2,625,116.0,500,,,,,,,,,,,,,,,,,116.4,625,116.5,87,116.7,500,,,,,,,,,,,,,,
2026-07-03T11:20:42.064748+00:00,2026-07-03T11:20:42.064543,2,2,116.3,0.2,116.2,625,116.0,500,,,,,,,,,,,,,,,,,116.4,625,116.7,500,,,,,,,,,,,,,,,,
2026-07-03T11:20:42.070048+00:00,2026-07-03T11:20:42.069855,3,2,116.35,0.1,116.3,200,116.2,625,116.0,500,,,,,,,,,,,,,,,116.4,625,116.7,500,,,,,,,,,,,,,,,,
2026-07-03T11:20:42.087020+00:00,2026-07-03T11:20:42.086496,3,3,116.35,0.1,116.3,200,116.2,625,116.0,500,,,,,,,,,,,,,,,116.4,625,116.5,200,116.7,500,,,,,,,,,,,,,,
2026-07-03T11:20:42.658976+00:00,2026-07-03T11:20:42.658761,2,3,116.35,0.1,116.3,200,116.2,625,,,,,,,,,,,,,,,,,116.4,625,116.5,200,116.7,500,,,,,,,,,,,,,,
2026-07-03T11:20:42.670678+00:00,2026-07-03T11:20:42.669875,3,3,116.35,0.1,116.3,200,116.2,625,116.1,500,,,,,,,,,,,,,,,116.4,625,116.5,200,116.8,500,,,,,,,,,,,,,,
2026-07-03T11:20:43.159072+00:00,2026-07-03T11:20:43.158985,2,3,116.35,0.1,116.3,200,116.1,500,,,,,,,,,,,,,,,,,116.4,625,116.5,200,116.8,500,,,,,,,,,,,,,,
2026-07-03T11:20:43.164394+00:00,2026-07-03T11:20:43.164328,2,2,116.4,0.2,116.3,200,116.1,500,,,,,,,,,,,,,,,,,116.5,200,116.8,500,,,,,,,,,,,,,,,,
2026-07-03T11:20:43.180707+00:00,2026-07-03T11:20:43.180596,2,2,116.4,0.2,116.3,825,116.1,500,,,,,,,,,,,,,,,,,116.5,825,116.8,500,,,,,,,,,,,,,,,,
2026-07-03T11:20:43.258846+00:00,2026-07-03T11:20:43.227996,2,2,116.4,0.2,116.3,825,116.1,500,,,,,,,,,,,,,,,,,116.5,825,116.8,500,,,,,,,,,,,,,,,,
2026-07-03T11:20:43.274860+00:00,2026-07-03T11:20:43.274761,2,2,116.4,0.2,116.3,625,116.1,500,,,,,,,,,,,,,,,,,116.5,825,116.8,500,,,,,,,,,,,,,,,,
2026-07-03T11:20:43.301664+00:00,2026-07-03T11:20:43.301418,2,2,116.4,0.2,116.3,825,116.1,500,,,,,,,,,,,,,,,,,116.5,825,116.8,500,,,,,,,,,,,,,,,,
2026-07-03T11:20:43.859489+00:00,2026-07-03T11:20:43.859349,1,2,116.4,0.2,116.3,825,,,,,,,,,,,,,,,,,,,116.5,825,116.8,500,,,,,,,,,,,,,,,,
2026-07-03T11:20:43.865313+00:00,2026-07-03T11:20:43.865007,2,2,116.4,0.2,116.3,825,116.1,500,,,,,,,,,,,,,,,,,116.5,825,116.7,500,,,,,,,,,,,,,,,,
2026-07-03T11:20:44.465064+00:00,2026-07-03T11:20:44.464952,2,2,116.4,0.2,116.3,825,116.0,500,,,,,,,,,,,,,,,,,116.5,825,116.7,500,,,,,,,,,,,,,,,,
2026-07-03T11:20:44.487088+00:00,2026-07-03T11:20:44.486781,2,2,116.4,0.2,116.3,825,116.0,500,,,,,,,,,,,,,,,,,116.5,200,116.7,500,,,,,,,,,,,,,,,,
2026-07-03T11:20:44.497427+00:00,2026-07-03T11:20:44.497238,2,2,116.4,0.2,116.3,625,116.0,500,,,,,,,,,,,,,,,,,116.5,200,116.7,500,,,,,,,,,,,,,,,,
2026-07-03T11:20:44.502704+00:00,2026-07-03T11:20:44.502582,3,1,116.55,0.3,116.4,200,116.3,625,116.0,500,,,,,,,,,,,,,,,116.7,500,,,,,,,,,,,,,,,,,,
2026-07-03T11:20:44.529102+00:00,2026-07-03T11:20:44.528950,3,2,116.5,0.2,116.4,200,116.3,625,116.0,500,,,,,,,,,,,,,,,116.6,200,116.7,500,,,,,,,,,,,,,,,,
2026-07-03T11:20:44.534522+00:00,2026-07-03T11:20:44.534162,3,3,116.45,0.1,116.4,200,116.3,625,116.0,500,,,,,,,,,,,,,,,116.5,625,116.6,200,116.7,500,,,,,,,,,,,,,,
2026-07-03T11:20:44.974252+00:00,2026-07-03T11:20:44.974034,3,3,116.45,0.1,116.4,180,116.3,625,116.0,500,,,,,,,,,,,,,,,116.5,625,116.6,200,116.7,500,,,,,,,,,,,,,,
2026-07-03T11:20:45.063744+00:00,2026-07-03T11:20:45.063706,2,3,116.45,0.1,116.4,180,116.3,625,,,,,,,,,,,,,,,,,116.5,625,116.6,200,116.7,500,,,,,,,,,,,,,,
2026-07-03T11:20:45.069335+00:00,2026-07-03T11:20:45.069125,3,2,116.45,0.1,116.4,180,116.3,625,116.0,500,,,,,,,,,,,,,,,116.5,625,116.6,200,,,,,,,,,,,,,,,,
2026-07-03T11:20:45.074600+00:00,2026-07-03T11:20:45.074420,3,2,116.45,0.1,116.4,180,116.3,625,116.0,500,,,,,,,,,,,,,,,116.5,625,116.6,700,,,,,,,,,,,,,,,,
2026-07-03T11:20:45.658768+00:00,2026-07-03T11:20:45.646141,2,2,116.45,0.1,116.4,180,116.3,625,,,,,,,,,,,,,,,,,116.5,625,116.6,700,,,,,,,,,,,,,,,,
2026-07-03T11:20:45.663963+00:00,2026-07-03T11:20:45.663786,2,2,116.45,0.1,116.4,180,116.3,625,,,,,,,,,,,,,,,,,116.5,625,116.6,200,,,,,,,,,,,,,,,,
2026-07-03T11:20:45.669329+00:00,2026-07-03T11:20:45.669130,3,2,116.45,0.1,116.4,180,116.3,625,115.9,500,,,,,,,,,,,,,,,116.5,625,116.6,200,,,,,,,,,,,,,,,,
2026-07-03T11:20:45.674606+00:00,2026-07-03T11:20:45.674420,3,2,116.45,0.1,116.4,180,116.3,625,115.9,500,,,,,,,,,,,,,,,116.5,625,116.6,700,,,,,,,,,,,,,,,,
2026-07-03T11:20:45.706999+00:00,2026-07-03T11:20:45.706744,2,2,116.4,0.2,116.3,625,115.9,500,,,,,,,,,,,,,,,,,116.5,625,116.6,500,,,,,,,,,,,,,,,,
2026-07-03T11:20:45.731676+00:00,2026-07-03T11:20:45.731504,2,2,116.4,0.2,116.3,825,115.9,500,,,,,,,,,,,,,,,,,116.5,625,116.6,700,,,,,,,,,,,,,,,,
2026-07-03T11:20:45.815592+00:00,2026-07-03T11:20:45.815862,3,1,116.45,0.3,116.3,200,116.2,625,115.9,500,,,,,,,,,,,,,,,116.6,700,,,,,,,,,,,,,,,,,,
2026-07-03T11:20:45.821349+00:00,2026-07-03T11:20:45.821106,3,2,116.35,0.1,116.3,200,116.2,625,115.9,500,,,,,,,,,,,,,,,116.4,625,116.6,700,,,,,,,,,,,,,,,,
2026-07-03T11:20:46.265262+00:00,2026-07-03T11:20:46.264882,3,2,116.35,0.1,116.3,200,116.2,625,115.9,500,,,,,,,,,,,,,,,116.4,625,116.6,200,,,,,,,,,,,,,,,,
2026-07-03T11:20:46.276088+00:00,2026-07-03T11:20:46.276037,3,3,116.35,0.1,116.3,200,116.2,625,115.9,500,,,,,,,,,,,,,,,116.4,625,116.5,500,116.6,200,,,,,,,,,,,,,,
2026-07-03T11:20:46.908083+00:00,2026-07-03T11:20:46.907976,2,2,116.35,0.1,116.3,200,116.2,625,,,,,,,,,,,,,,,,,116.4,625,116.6,200,,,,,,,,,,,,,,,,
2026-07-03T11:20:46.913976+00:00,2026-07-03T11:20:46.913488,3,3,116.35,0.1,116.3,200,116.2,625,115.8,500,,,,,,,,,,,,,,,116.4,625,116.5,500,116.6,200,,,,,,,,,,,,,,
2026-07-03T11:20:46.919397+00:00,2026-07-03T11:20:46.919203,2,3,116.3,0.2,116.2,625,115.8,500,,,,,,,,,,,,,,,,,116.4,625,116.5,500,116.6,200,,,,,,,,,,,,,,
2026-07-03T11:20:46.924856+00:00,2026-07-03T11:20:46.924731,2,2,116.3,0.2,116.2,625,115.8,500,,,,,,,,,,,,,,,,,116.4,425,116.5,500,,,,,,,,,,,,,,,,
2026-07-03T11:20:46.929848+00:00,2026-07-03T11:20:46.930047,2,3,116.3,0.2,116.2,625,115.8,500,,,,,,,,,,,,,,,,,116.4,425,116.5,500,116.7,200,,,,,,,,,,,,,,
2026-07-03T11:20:47.118366+00:00,2026-07-03T11:20:47.118460,1,3,116.1,0.6,115.8,500,,,,,,,,,,,,,,,,,,,116.4,425,116.5,500,116.7,200,,,,,,,,,,,,,,
2026-07-03T11:20:47.123840+00:00,2026-07-03T11:20:47.123744,2,2,116.45,0.1,116.4,625,115.8,500,,,,,,,,,,,,,,,,,116.5,500,116.7,825,,,,,,,,,,,,,,,,
2026-07-03T11:20:47.464463+00:00,2026-07-03T11:20:47.464347,1,1,116.55,0.3,116.4,625,,,,,,,,,,,,,,,,,,,116.7,825,,,,,,,,,,,,,,,,,,
2026-07-03T11:20:47.501256+00:00,2026-07-03T11:20:47.501088,2,2,116.45,0.1,116.4,625,115.8,500,,,,,,,,,,,,,,,,,116.5,500,116.7,825,,,,,,,,,,,,,,,,
2026-07-03T11:20:48.066231+00:00,2026-07-03T11:20:48.066108,1,2,116.45,0.1,116.4,625,,,,,,,,,,,,,,,,,,,116.5,500,116.7,825,,,,,,,,,,,,,,,,
2026-07-03T11:20:48.093008+00:00,2026-07-03T11:20:48.092903,1,1,116.55,0.3,116.4,625,,,,,,,,,,,,,,,,,,,116.7,825,,,,,,,,,,,,,,,,,,
2026-07-03T11:20:48.098845+00:00,2026-07-03T11:20:48.098428,2,2,116.45,0.1,116.4,625,115.8,500,,,,,,,,,,,,,,,,,116.5,500,116.7,825,,,,,,,,,,,,,,,,
2026-07-03T11:20:48.158739+00:00,2026-07-03T11:20:48.128161,2,2,116.45,0.1,116.4,625,115.8,500,,,,,,,,,,,,,,,,,116.5,300,116.7,625,,,,,,,,,,,,,,,,
2026-07-03T11:20:48.164144+00:00,2026-07-03T11:20:48.163867,2,2,116.45,0.1,116.4,625,115.8,500,,,,,,,,,,,,,,,,,116.5,300,116.7,825,,,,,,,,,,,,,,,,
2026-07-03T11:20:48.449329+00:00,2026-07-03T11:20:48.449679,2,2,116.6,0.2,116.5,325,115.8,500,,,,,,,,,,,,,,,,,116.7,200,116.8,625,,,,,,,,,,,,,,,,
2026-07-03T11:20:48.658822+00:00,2026-07-03T11:20:48.658272,1,2,116.6,0.2,116.5,325,,,,,,,,,,,,,,,,,,,116.7,200,116.8,625,,,,,,,,,,,,,,,,
2026-07-03T11:20:48.681878+00:00,2026-07-03T11:20:48.681604,2,2,116.6,0.2,116.5,325,115.8,500,,,,,,,,,,,,,,,,,116.7,200,116.8,625,,,,,,,,,,,,,,,,
2026-07-03T11:20:48.687257+00:00,2026-07-03T11:20:48.687029,1,3,116.15,0.7,115.8,500,,,,,,,,,,,,,,,,,,,116.5,175,116.7,200,116.8,625,,,,,,,,,,,,,,
2026-07-03T11:20:49.272101+00:00,2026-07-03T11:20:49.272705,0,2,,,,,,,,,,,,,,,,,,,,,,,116.7,200,116.8,625,,,,,,,,,,,,,,,,
2026-07-03T11:20:49.315243+00:00,2026-07-03T11:20:49.315044,1,3,116.25,0.7,115.9,500,,,,,,,,,,,,,,,,,,,116.6,500,116.7,200,116.8,625,,,,,,,,,,,,,,
2026-07-03T11:20:49.379969+00:00,2026-07-03T11:20:49.379671,2,3,116.55,0.1,116.5,200,115.9,500,,,,,,,,,,,,,,,,,116.6,500,116.7,200,116.8,625,,,,,,,,,,,,,,
2026-07-03T11:20:49.758808+00:00,2026-07-03T11:20:49.736148,2,2,116.55,0.1,116.5,200,115.9,500,,,,,,,,,,,,,,,,,116.6,500,116.7,200,,,,,,,,,,,,,,,,
2026-07-03T11:20:49.764048+00:00,2026-07-03T11:20:49.763884,2,3,116.4,0.2,116.3,625,115.9,500,,,,,,,,,,,,,,,,,116.5,425,116.6,500,116.7,200,,,,,,,,,,,,,,
2026-07-03T11:20:49.869807+00:00,2026-07-03T11:20:49.869497,1,3,116.4,0.2,116.3,625,,,,,,,,,,,,,,,,,,,116.5,425,116.6,500,116.7,200,,,,,,,,,,,,,,
2026-07-03T11:20:49.897474+00:00,2026-07-03T11:20:49.897153,2,3,116.4,0.2,116.3,625,115.9,500,,,,,,,,,,,,,,,,,116.5,425,116.6,500,116.7,200,,,,,,,,,,,,,,
2026-07-03T11:20:50.511300+00:00,2026-07-03T11:20:50.511147,1,3,116.4,0.2,116.3,625,,,,,,,,,,,,,,,,,,,116.5,425,116.6,500,116.7,200,,,,,,,,,,,,,,
2026-07-03T11:20:50.516856+00:00,2026-07-03T11:20:50.516707,2,2,116.4,0.2,116.3,625,115.9,500,,,,,,,,,,,,,,,,,116.5,425,116.7,200,,,,,,,,,,,,,,,,
2026-07-03T11:20:50.522146+00:00,2026-07-03T11:20:50.522026,2,3,116.4,0.2,116.3,625,115.9,500,,,,,,,,,,,,,,,,,116.5,425,116.6,500,116.7,200,,,,,,,,,,,,,,
2026-07-03T11:20:50.585516+00:00,2026-07-03T11:20:50.585339,2,2,116.4,0.2,116.3,825,115.9,500,,,,,,,,,,,,,,,,,116.5,425,116.6,700,,,,,,,,,,,,,,,,
2026-07-03T11:20:51.064139+00:00,2026-07-03T11:20:51.064069,3,2,116.55,0.1,116.5,625,116.3,200,115.9,500,,,,,,,,,,,,,,,116.6,700,116.7,625,,,,,,,,,,,,,,,,
2026-07-03T11:20:51.165042+00:00,2026-07-03T11:20:51.164387,3,2,116.55,0.1,116.5,625,116.3,200,115.9,500,,,,,,,,,,,,,,,116.6,700,116.7,625,,,,,,,,,,,,,,,,
2026-07-03T11:20:51.714535+00:00,2026-07-03T11:20:51.714401,2,2,116.55,0.1,116.5,625,116.3,200,,,,,,,,,,,,,,,,,116.6,200,116.7,625,,,,,,,,,,,,,,,,
2026-07-03T11:20:51.719850+00:00,2026-07-03T11:20:51.719742,3,2,116.55,0.1,116.5,625,116.3,200,115.8,500,,,,,,,,,,,,,,,116.6,200,116.7,625,,,,,,,,,,,,,,,,
2026-07-03T11:20:51.758680+00:00,2026-07-03T11:20:51.748361,3,1,116.6,0.2,116.5,125,116.3,200,115.8,500,,,,,,,,,,,,,,,116.7,625,,,,,,,,,,,,,,,,,,
2026-07-03T11:20:51.769130+00:00,2026-07-03T11:20:51.768898,3,2,116.55,0.1,116.5,125,116.3,200,115.8,500,,,,,,,,,,,,,,,116.6,200,116.7,625,,,,,,,,,,,,,,,,
2026-07-03T11:20:52.670092+00:00,2026-07-03T11:20:52.571946,2,3,116.15,0.3,116.0,625,115.9,500,,,,,,,,,,,,,,,,,116.3,246,116.5,375,116.6,200,,,,,,,,,,,,,,
2026-07-03T11:20:52.960018+00:00,2026-07-03T11:20:52.959691,2,2,116.15,0.3,116.0,625,115.9,500,,,,,,,,,,,,,,,,,116.3,46,116.6,500,,,,,,,,,,,,,,,,
2026-07-03T11:20:52.970283+00:00,2026-07-03T11:20:52.970104,2,3,116.15,0.3,116.0,625,115.9,500,,,,,,,,,,,,,,,,,116.3,46,116.5,200,116.6,500,,,,,,,,,,,,,,
2026-07-03T11:20:53.513476+00:00,2026-07-03T11:20:53.513281,1,3,116.15,0.3,116.0,625,,,,,,,,,,,,,,,,,,,116.3,46,116.5,200,116.6,500,,,,,,,,,,,,,,
2026-07-03T11:20:53.558668+00:00,2026-07-03T11:20:53.525287,2,3,116.15,0.3,116.0,625,115.9,500,,,,,,,,,,,,,,,,,116.3,46,116.5,200,116.6,500,,,,,,,,,,,,,,
2026-07-03T11:20:53.671402+00:00,2026-07-03T11:20:53.671313,2,2,116.4,0.2,116.3,625,115.9,500,,,,,,,,,,,,,,,,,116.5,825,116.6,500,,,,,,,,,,,,,,,,
2026-07-03T11:20:54.158720+00:00,2026-07-03T11:20:54.137721,2,2,116.4,0.2,116.3,625,115.9,500,,,,,,,,,,,,,,,,,116.5,825,116.6,500,,,,,,,,,,,,,,,,
2026-07-03T11:20:54.192579+00:00,2026-07-03T11:20:54.192314,3,2,116.4,0.2,116.3,425,116.1,200,115.9,500,,,,,,,,,,,,,,,116.5,625,116.6,500,,,,,,,,,,,,,,,,
2026-07-03T11:20:54.765348+00:00,2026-07-03T11:20:54.764652,3,2,116.4,0.2,116.3,425,116.1,200,116.0,500,,,,,,,,,,,,,,,116.5,625,116.7,500,,,,,,,,,,,,,,,,
2026-07-03T11:20:55.069807+00:00,2026-07-03T11:20:54.986303,3,2,116.4,0.2,116.3,625,116.1,200,116.0,500,,,,,,,,,,,,,,,116.5,625,116.7,500,,,,,,,,,,,,,,,,
2026-07-03T11:20:55.358943+00:00,2026-07-03T11:20:55.319091,2,1,116.4,0.2,116.3,625,116.1,200,,,,,,,,,,,,,,,,,116.5,625,,,,,,,,,,,,,,,,,,
2026-07-03T11:20:55.364787+00:00,2026-07-03T11:20:55.364330,3,2,116.4,0.2,116.3,625,116.1,200,116.0,500,,,,,,,,,,,,,,,116.5,625,116.6,500,,,,,,,,,,,,,,,,
2026-07-03T11:20:55.375560+00:00,2026-07-03T11:20:55.375462,2,2,116.4,0.2,116.3,625,116.0,500,,,,,,,,,,,,,,,,,116.5,625,116.6,500,,,,,,,,,,,,,,,,
2026-07-03T11:20:55.461191+00:00,2026-07-03T11:20:55.458952,3,3,116.35,0.1,116.3,625,116.2,200,116.0,500,,,,,,,,,,,,,,,116.4,200,116.5,625,116.6,500,,,,,,,,,,,,,,
2026-07-03T11:20:55.764407+00:00,2026-07-03T11:20:55.764216,3,3,116.35,0.1,116.3,475,116.2,200,116.0,500,,,,,,,,,,,,,,,116.4,200,116.5,625,116.6,500,,,,,,,,,,,,,,
2026-07-03T11:20:55.964873+00:00,2026-07-03T11:20:55.964522,3,3,116.35,0.1,116.3,475,116.2,200,116.0,500,,,,,,,,,,,,,,,116.4,200,116.5,625,116.6,500,,,,,,,,,,,,,,
2026-07-03T11:20:56.297960+00:00,2026-07-03T11:20:56.297627,2,2,116.3,0.2,116.2,825,116.0,500,,,,,,,,,,,,,,,,,116.4,200,116.6,500,,,,,,,,,,,,,,,,
2026-07-03T11:20:56.358890+00:00,2026-07-03T11:20:56.358732,2,2,116.3,0.2,116.2,825,116.0,500,,,,,,,,,,,,,,,,,116.4,825,116.6,500,,,,,,,,,,,,,,,,
2026-07-03T11:20:56.488504+00:00,2026-07-03T11:20:56.559388,2,1,116.3,0.2,116.2,825,115.9,500,,,,,,,,,,,,,,,,,116.4,825,,,,,,,,,,,,,,,,,,
2026-07-03T11:20:56.580848+00:00,2026-07-03T11:20:56.581246,2,2,116.3,0.2,116.2,625,115.9,500,,,,,,,,,,,,,,,,,116.4,825,116.5,500,,,,,,,,,,,,,,,,
2026-07-03T11:20:56.658833+00:00,2026-07-03T11:20:56.586849,2,2,116.3,0.2,116.2,825,115.9,500,,,,,,,,,,,,,,,,,116.4,825,116.5,500,,,,,,,,,,,,,,,,
2026-07-03T11:20:57.158744+00:00,2026-07-03T11:20:57.158649,1,1,116.3,0.2,116.2,825,,,,,,,,,,,,,,,,,,,116.4,825,,,,,,,,,,,,,,,,,,
2026-07-03T11:20:57.370008+00:00,2026-07-03T11:20:57.169345,2,2,116.3,0.2,116.2,825,115.9,500,,,,,,,,,,,,,,,,,116.4,825,116.6,500,,,,,,,,,,,,,,,,
2026-07-03T11:20:57.672055+00:00,2026-07-03T11:20:57.671870,3,2,116.3,0.2,116.2,200,116.1,625,115.9,500,,,,,,,,,,,,,,,116.4,825,116.6,500,,,,,,,,,,,,,,,,
2026-07-03T11:20:57.770293+00:00,2026-07-03T11:20:57.769711,3,1,116.3,0.2,116.2,200,116.1,625,116.0,500,,,,,,,,,,,,,,,116.4,825,,,,,,,,,,,,,,,,,,
2026-07-03T11:20:57.781307+00:00,2026-07-03T11:20:57.780938,3,2,116.3,0.2,116.2,200,116.1,625,116.0,500,,,,,,,,,,,,,,,116.4,825,116.7,500,,,,,,,,,,,,,,,,
2026-07-03T11:20:57.858920+00:00,2026-07-03T11:20:57.813906,2,3,116.2,0.2,116.1,825,116.0,500,,,,,,,,,,,,,,,,,116.3,200,116.4,625,116.7,500,,,,,,,,,,,,,,
2026-07-03T11:20:58.458850+00:00,2026-07-03T11:20:58.375255,1,2,116.2,0.2,116.1,825,,,,,,,,,,,,,,,,,,,116.3,200,116.4,625,,,,,,,,,,,,,,,,
2026-07-03T11:20:58.464369+00:00,2026-07-03T11:20:58.464036,2,3,116.2,0.2,116.1,825,116.0,500,,,,,,,,,,,,,,,,,116.3,200,116.4,625,116.6,500,,,,,,,,,,,,,,
2026-07-03T11:20:58.931344+00:00,2026-07-03T11:20:58.931166,2,2,116.2,0.2,116.1,825,116.0,500,,,,,,,,,,,,,,,,,116.3,825,116.6,500,,,,,,,,,,,,,,,,
2026-07-03T11:20:58.963620+00:00,2026-07-03T11:20:58.964257,2,1,116.2,0.2,116.1,825,115.8,500,,,,,,,,,,,,,,,,,116.3,825,,,,,,,,,,,,,,,,,,
2026-07-03T11:20:58.980341+00:00,2026-07-03T11:20:58.980138,2,2,116.2,0.2,116.1,825,115.8,500,,,,,,,,,,,,,,,,,116.3,825,116.5,500,,,,,,,,,,,,,,,,
2026-07-03T11:20:59.058852+00:00,2026-07-03T11:20:59.028256,2,2,116.2,0.2,116.1,825,115.8,500,,,,,,,,,,,,,,,,,116.3,825,116.5,500,,,,,,,,,,,,,,,,
2026-07-03T11:20:59.558625+00:00,2026-07-03T11:20:59.553528,1,2,116.2,0.2,116.1,825,,,,,,,,,,,,,,,,,,,116.3,825,116.5,500,,,,,,,,,,,,,,,,
2026-07-03T11:20:59.586000+00:00,2026-07-03T11:20:59.585565,2,2,116.2,0.2,116.1,825,115.8,500,,,,,,,,,,,,,,,,,116.3,825,116.5,500,,,,,,,,,,,,,,,,
2026-07-03T11:20:59.759533+00:00,2026-07-03T11:20:59.759047,2,2,116.2,0.2,116.1,803,115.8,500,,,,,,,,,,,,,,,,,116.3,825,116.5,500,,,,,,,,,,,,,,,,
2026-07-03T11:21:00.169211+00:00,2026-07-03T11:21:00.169132,1,2,116.2,0.2,116.1,803,,,,,,,,,,,,,,,,,,,116.3,825,116.5,500,,,,,,,,,,,,,,,,
2026-07-03T11:21:00.185438+00:00,2026-07-03T11:21:00.185256,1,1,116.2,0.2,116.1,803,,,,,,,,,,,,,,,,,,,116.3,825,,,,,,,,,,,,,,,,,,
2026-07-03T11:21:00.190930+00:00,2026-07-03T11:21:00.190705,2,2,116.2,0.2,116.1,803,115.8,500,,,,,,,,,,,,,,,,,116.3,825,116.5,500,,,,,,,,,,,,,,,,
2026-07-03T11:21:00.217559+00:00,2026-07-03T11:21:00.217382,2,2,116.2,0.2,116.1,603,115.8,500,,,,,,,,,,,,,,,,,116.3,425,116.5,700,,,,,,,,,,,,,,,,
2026-07-03T11:21:00.258578+00:00,2026-07-03T11:21:00.238973,2,2,116.3,0.2,116.2,625,115.8,500,,,,,,,,,,,,,,,,,116.4,625,116.5,700,,,,,,,,,,,,,,,,
2026-07-03T11:21:00.769432+00:00,2026-07-03T11:21:00.769116,1,2,116.3,0.2,116.2,625,,,,,,,,,,,,,,,,,,,116.4,625,116.5,700,,,,,,,,,,,,,,,,
2026-07-03T11:21:00.774525+00:00,2026-07-03T11:21:00.774444,1,2,116.3,0.2,116.2,625,,,,,,,,,,,,,,,,,,,116.4,625,116.5,200,,,,,,,,,,,,,,,,
2026-07-03T11:21:00.785066+00:00,2026-07-03T11:21:00.784914,2,2,116.3,0.2,116.2,625,115.8,500,,,,,,,,,,,,,,,,,116.4,625,116.5,200,,,,,,,,,,,,,,,,
2026-07-03T11:21:00.790318+00:00,2026-07-03T11:21:00.790212,2,2,116.3,0.2,116.2,625,115.8,500,,,,,,,,,,,,,,,,,116.4,625,116.5,700,,,,,,,,,,,,,,,,
2026-07-03T11:21:01.373283+00:00,2026-07-03T11:21:01.373182,1,2,116.3,0.2,116.2,625,,,,,,,,,,,,,,,,,,,116.4,625,116.5,200,,,,,,,,,,,,,,,,
2026-07-03T11:21:01.384117+00:00,2026-07-03T11:21:01.383991,2,2,116.3,0.2,116.2,625,115.9,500,,,,,,,,,,,,,,,,,116.4,625,116.5,200,,,,,,,,,,,,,,,,
2026-07-03T11:21:01.389483+00:00,2026-07-03T11:21:01.389376,2,3,116.3,0.2,116.2,625,115.9,500,,,,,,,,,,,,,,,,,116.4,625,116.5,200,116.6,500,,,,,,,,,,,,,,
2026-07-03T11:21:01.459602+00:00,2026-07-03T11:21:01.459202,3,3,116.25,0.1,116.2,625,116.1,200,115.9,500,,,,,,,,,,,,,,,116.3,200,116.4,625,116.6,500,,,,,,,,,,,,,,
2026-07-03T11:21:01.564407+00:00,2026-07-03T11:21:01.564262,3,2,116.4,0.2,116.3,425,116.1,200,115.9,500,,,,,,,,,,,,,,,116.5,625,116.6,500,,,,,,,,,,,,,,,,
2026-07-03T11:21:01.990478+00:00,2026-07-03T11:21:01.991017,3,2,116.4,0.2,116.3,425,116.1,200,115.9,500,,,,,,,,,,,,,,,116.5,625,116.6,500,,,,,,,,,,,,,,,,
2026-07-03T11:21:02.606278+00:00,2026-07-03T11:21:02.596383,2,2,116.4,0.2,116.3,425,116.1,200,,,,,,,,,,,,,,,,,116.5,625,116.6,500,,,,,,,,,,,,,,,,
2026-07-03T11:21:02.658685+00:00,2026-07-03T11:21:02.628814,3,2,116.4,0.2,116.3,425,116.1,200,115.9,500,,,,,,,,,,,,,,,116.5,625,116.6,500,,,,,,,,,,,,,,,,
2026-07-03T11:21:02.758895+00:00,2026-07-03T11:21:02.684927,3,3,116.35,0.1,116.3,425,116.2,200,115.9,500,,,,,,,,,,,,,,,116.4,200,116.5,625,116.6,500,,,,,,,,,,,,,,
2026-07-03T11:21:02.869280+00:00,2026-07-03T11:21:02.869139,3,3,116.25,0.1,116.2,200,116.0,625,115.9,500,,,,,,,,,,,,,,,116.3,625,116.4,200,116.6,500,,,,,,,,,,,,,,
2026-07-03T11:21:03.258902+00:00,2026-07-03T11:21:03.210705,2,2,116.25,0.1,116.2,200,116.0,1125,,,,,,,,,,,,,,,,,116.3,625,116.4,200,,,,,,,,,,,,,,,,
2026-07-03T11:21:03.269529+00:00,2026-07-03T11:21:03.268985,2,3,116.25,0.1,116.2,200,116.0,1125,,,,,,,,,,,,,,,,,116.3,625,116.4,200,116.6,500,,,,,,,,,,,,,,
2026-07-03T11:21:03.858950+00:00,2026-07-03T11:21:03.807361,2,2,116.25,0.1,116.2,200,116.0,625,,,,,,,,,,,,,,,,,116.3,625,116.4,200,,,,,,,,,,,,,,,,
2026-07-03T11:21:03.875072+00:00,2026-07-03T11:21:03.874898,3,3,116.25,0.1,116.2,200,116.1,500,116.0,625,,,,,,,,,,,,,,,116.3,625,116.4,200,116.7,500,,,,,,,,,,,,,,
2026-07-03T11:21:04.163701+00:00,2026-07-03T11:21:04.164047,2,3,116.25,0.1,116.2,200,116.1,500,,,,,,,,,,,,,,,,,116.3,625,116.4,200,116.7,500,,,,,,,,,,,,,,
2026-07-03T11:21:04.169455+00:00,2026-07-03T11:21:04.169406,3,2,116.3,0.2,116.2,200,116.1,500,115.9,625,,,,,,,,,,,,,,,116.4,200,116.7,500,,,,,,,,,,,,,,,,
2026-07-03T11:21:04.180044+00:00,2026-07-03T11:21:04.179877,2,2,116.25,0.3,116.1,75,115.9,625,,,,,,,,,,,,,,,,,116.4,200,116.7,500,,,,,,,,,,,,,,,,
2026-07-03T11:21:04.411565+00:00,2026-07-03T11:21:04.411057,1,1,116.15,0.5,115.9,625,,,,,,,,,,,,,,,,,,,116.4,200,,,,,,,,,,,,,,,,,,
2026-07-03T11:21:04.458727+00:00,2026-07-03T11:21:04.433313,2,2,116.2,0.4,116.0,500,115.9,625,,,,,,,,,,,,,,,,,116.4,200,116.7,500,,,,,,,,,,,,,,,,
2026-07-03T11:21:05.058977+00:00,2026-07-03T11:21:05.002265,1,2,116.15,0.5,115.9,625,,,,,,,,,,,,,,,,,,,116.4,200,116.7,500,,,,,,,,,,,,,,,,
2026-07-03T11:21:05.063893+00:00,2026-07-03T11:21:05.064732,2,1,116.35,0.7,116.0,700,115.9,625,,,,,,,,,,,,,,,,,116.7,500,,,,,,,,,,,,,,,,,,
2026-07-03T11:21:05.070108+00:00,2026-07-03T11:21:05.069997,2,2,116.1,0.2,116.0,700,115.9,625,,,,,,,,,,,,,,,,,116.2,200,116.7,500,,,,,,,,,,,,,,,,
2026-07-03T11:21:05.559036+00:00,2026-07-03T11:21:05.558872,1,2,116.1,0.2,116.0,700,,,,,,,,,,,,,,,,,,,116.2,200,116.7,500,,,,,,,,,,,,,,,,
2026-07-03T11:21:05.565072+00:00,2026-07-03T11:21:05.564362,2,2,116.5,0.2,116.4,425,116.0,700,,,,,,,,,,,,,,,,,116.6,625,116.7,500,,,,,,,,,,,,,,,,
2026-07-03T11:21:05.664337+00:00,2026-07-03T11:21:05.664946,2,1,116.5,0.2,116.4,425,116.0,700,,,,,,,,,,,,,,,,,116.6,1125,,,,,,,,,,,,,,,,,,
2026-07-03T11:21:06.233671+00:00,2026-07-03T11:21:06.233200,2,2,116.5,0.2,116.4,425,116.0,700,,,,,,,,,,,,,,,,,116.6,625,116.7,500,,,,,,,,,,,,,,,,
2026-07-03T11:21:06.358808+00:00,2026-07-03T11:21:06.292340,2,2,116.5,0.2,116.4,225,116.0,700,,,,,,,,,,,,,,,,,116.6,625,116.7,500,,,,,,,,,,,,,,,,
2026-07-03T11:21:06.803992+00:00,2026-07-03T11:21:06.803779,2,2,116.3,0.2,116.2,625,116.0,700,,,,,,,,,,,,,,,,,116.4,625,116.7,500,,,,,,,,,,,,,,,,
2026-07-03T11:21:06.842510+00:00,2026-07-03T11:21:06.842266,2,2,116.3,0.2,116.2,625,116.0,700,,,,,,,,,,,,,,,,,116.4,625,116.7,500,,,,,,,,,,,,,,,,
2026-07-03T11:21:07.780006+00:00,2026-07-03T11:21:07.481983,2,2,116.3,0.2,116.2,425,116.0,700,,,,,,,,,,,,,,,,,116.4,625,116.7,500,,,,,,,,,,,,,,,,
2026-07-03T11:21:08.371089+00:00,2026-07-03T11:21:08.370357,3,2,116.3,0.2,116.2,625,116.0,200,115.9,500,,,,,,,,,,,,,,,116.4,625,116.6,500,,,,,,,,,,,,,,,,
2026-07-03T11:21:08.664575+00:00,2026-07-03T11:21:08.664514,2,1,116.3,0.2,116.2,625,116.0,700,,,,,,,,,,,,,,,,,116.4,625,,,,,,,,,,,,,,,,,,
2026-07-03T11:21:08.669987+00:00,2026-07-03T11:21:08.669882,2,2,116.3,0.2,116.2,625,116.0,700,,,,,,,,,,,,,,,,,116.4,625,116.7,500,,,,,,,,,,,,,,,,
2026-07-03T11:21:08.690972+00:00,2026-07-03T11:21:08.690829,3,2,116.35,0.1,116.3,200,116.2,625,116.0,500,,,,,,,,,,,,,,,116.4,625,116.7,500,,,,,,,,,,,,,,,,
2026-07-03T11:21:08.758983+00:00,2026-07-03T11:21:08.696034,3,3,116.35,0.1,116.3,200,116.2,625,116.0,500,,,,,,,,,,,,,,,116.4,625,116.5,200,116.7,500,,,,,,,,,,,,,,
2026-07-03T11:21:09.358690+00:00,2026-07-03T11:21:09.275980,3,3,116.35,0.1,116.3,200,116.2,625,116.1,500,,,,,,,,,,,,,,,116.4,625,116.5,200,116.8,500,,,,,,,,,,,,,,
2026-07-03T11:21:09.458557+00:00,2026-07-03T11:21:09.460828,1,3,116.2,0.2,116.1,1125,,,,,,,,,,,,,,,,,,,116.3,425,116.5,200,116.8,500,,,,,,,,,,,,,,
2026-07-03T11:21:09.859164+00:00,2026-07-03T11:21:09.846764,1,3,116.2,0.2,116.1,625,,,,,,,,,,,,,,,,,,,116.3,425,116.5,200,116.8,500,,,,,,,,,,,,,,
2026-07-03T11:21:09.864834+00:00,2026-07-03T11:21:09.864465,1,2,116.2,0.2,116.1,1125,,,,,,,,,,,,,,,,,,,116.3,425,116.5,200,,,,,,,,,,,,,,,,
2026-07-03T11:21:09.917952+00:00,2026-07-03T11:21:09.917765,1,3,116.2,0.2,116.1,1125,,,,,,,,,,,,,,,,,,,116.3,425,116.5,200,116.8,500,,,,,,,,,,,,,,
2026-07-03T11:21:09.923485+00:00,2026-07-03T11:21:09.923312,2,3,116.25,0.1,116.2,200,116.1,1125,,,,,,,,,,,,,,,,,116.3,425,116.4,200,116.8,500,,,,,,,,,,,,,,
2026-07-03T11:21:10.274489+00:00,2026-07-03T11:21:10.274217,2,3,116.25,0.1,116.2,180,116.1,1125,,,,,,,,,,,,,,,,,116.3,425,116.4,200,116.8,500,,,,,,,,,,,,,,
2026-07-03T11:21:10.459870+00:00,2026-07-03T11:21:10.459022,2,2,116.25,0.1,116.2,180,116.1,625,,,,,,,,,,,,,,,,,116.3,425,116.4,200,,,,,,,,,,,,,,,,
2026-07-03T11:21:10.574355+00:00,2026-07-03T11:21:10.574190,2,2,116.25,0.1,116.2,680,116.1,625,,,,,,,,,,,,,,,,,116.3,425,116.4,200,,,,,,,,,,,,,,,,
2026-07-03T11:21:10.659339+00:00,2026-07-03T11:21:10.658841,2,3,116.25,0.1,116.2,680,116.1,625,,,,,,,,,,,,,,,,,116.3,425,116.4,200,116.9,500,,,,,,,,,,,,,,
2026-07-03T11:21:10.665051+00:00,2026-07-03T11:21:10.664844,2,3,116.25,0.1,116.2,660,116.1,625,,,,,,,,,,,,,,,,,116.3,425,116.4,200,116.9,500,,,,,,,,,,,,,,
2026-07-03T11:21:10.758889+00:00,2026-07-03T11:21:10.721003,2,2,116.5,0.2,116.4,425,116.2,660,,,,,,,,,,,,,,,,,116.6,625,116.9,500,,,,,,,,,,,,,,,,
2026-07-03T11:21:11.064234+00:00,2026-07-03T11:21:11.063982,2,2,116.5,0.2,116.4,425,116.2,160,,,,,,,,,,,,,,,,,116.6,625,116.9,500,,,,,,,,,,,,,,,,
2026-07-03T11:21:11.074887+00:00,2026-07-03T11:21:11.074749,2,1,116.5,0.2,116.4,425,116.2,160,,,,,,,,,,,,,,,,,116.6,625,,,,,,,,,,,,,,,,,,
2026-07-03T11:21:11.096641+00:00,2026-07-03T11:21:11.096355,2,2,116.5,0.2,116.4,425,116.2,660,,,,,,,,,,,,,,,,,116.6,625,116.8,500,,,,,,,,,,,,,,,,
2026-07-03T11:21:11.101975+00:00,2026-07-03T11:21:11.101838,2,2,116.5,0.2,116.4,425,116.2,500,,,,,,,,,,,,,,,,,116.6,625,116.8,500,,,,,,,,,,,,,,,,
2026-07-03T11:21:11.107236+00:00,2026-07-03T11:21:11.107169,2,2,116.5,0.2,116.4,225,116.2,700,,,,,,,,,,,,,,,,,116.6,625,116.8,500,,,,,,,,,,,,,,,,
2026-07-03T11:21:11.391148+00:00,2026-07-03T11:21:11.391071,2,2,116.5,0.2,116.4,225,116.2,700,,,,,,,,,,,,,,,,,116.6,475,116.8,500,,,,,,,,,,,,,,,,
2026-07-03T11:21:11.680662+00:00,2026-07-03T11:21:11.680237,2,2,116.5,0.2,116.4,225,116.2,200,,,,,,,,,,,,,,,,,116.6,475,116.8,500,,,,,,,,,,,,,,,,
2026-07-03T11:21:11.686365+00:00,2026-07-03T11:21:11.686183,3,2,116.5,0.2,116.4,225,116.2,200,116.1,500,,,,,,,,,,,,,,,116.6,475,116.8,500,,,,,,,,,,,,,,,,
2026-07-03T11:21:12.065143+00:00,2026-07-03T11:21:12.064320,3,2,116.4,0.2,116.3,625,116.2,200,116.1,500,,,,,,,,,,,,,,,116.5,625,116.8,500,,,,,,,,,,,,,,,,
2026-07-03T11:21:12.264704+00:00,2026-07-03T11:21:12.264626,2,2,116.4,0.2,116.3,625,116.2,200,,,,,,,,,,,,,,,,,116.5,625,116.8,500,,,,,,,,,,,,,,,,
2026-07-03T11:21:12.270195+00:00,2026-07-03T11:21:12.270059,2,1,116.4,0.2,116.3,625,116.2,200,,,,,,,,,,,,,,,,,116.5,625,,,,,,,,,,,,,,,,,,
2026-07-03T11:21:12.358853+00:00,2026-07-03T11:21:12.278440,3,2,116.4,0.2,116.3,625,116.2,200,116.1,500,,,,,,,,,,,,,,,116.5,625,116.8,500,,,,,,,,,,,,,,,,
2026-07-03T11:21:12.559670+00:00,2026-07-03T11:21:12.559172,2,3,116.4,0.2,116.3,825,116.1,500,,,,,,,,,,,,,,,,,116.5,625,116.6,200,116.8,500,,,,,,,,,,,,,,
2026-07-03T11:21:13.099314+00:00,2026-07-03T11:21:12.875715,2,3,116.4,0.2,116.3,825,116.1,500,,,,,,,,,,,,,,,,,116.5,625,116.6,200,116.8,500,,,,,,,,,,,,,,
2026-07-03T11:21:13.462202+00:00,2026-07-03T11:21:13.364464,3,2,116.5,0.2,116.4,625,116.3,200,116.1,500,,,,,,,,,,,,,,,116.6,825,116.8,500,,,,,,,,,,,,,,,,
2026-07-03T11:21:13.468778+00:00,2026-07-03T11:21:13.468477,2,2,116.5,0.2,116.4,625,116.3,200,,,,,,,,,,,,,,,,,116.6,825,116.8,500,,,,,,,,,,,,,,,,
2026-07-03T11:21:13.474539+00:00,2026-07-03T11:21:13.474425,2,1,116.5,0.2,116.4,625,116.3,200,,,,,,,,,,,,,,,,,116.6,825,,,,,,,,,,,,,,,,,,
2026-07-03T11:21:13.560861+00:00,2026-07-03T11:21:13.560631,3,1,116.5,0.2,116.4,625,116.3,200,116.1,500,,,,,,,,,,,,,,,116.6,825,,,,,,,,,,,,,,,,,,
2026-07-03T11:21:13.658965+00:00,2026-07-03T11:21:13.566518,3,3,116.45,0.1,116.4,625,116.3,200,116.1,500,,,,,,,,,,,,,,,116.5,200,116.6,625,116.8,500,,,,,,,,,,,,,,
2026-07-03T11:21:14.069395+00:00,2026-07-03T11:21:14.069281,2,3,116.45,0.1,116.4,625,116.3,200,,,,,,,,,,,,,,,,,116.5,200,116.6,625,116.8,500,,,,,,,,,,,,,,
2026-07-03T11:21:14.158849+00:00,2026-07-03T11:21:14.076163,2,2,116.45,0.1,116.4,625,116.3,200,,,,,,,,,,,,,,,,,116.5,200,116.6,625,,,,,,,,,,,,,,,,
2026-07-03T11:21:14.178502+00:00,2026-07-03T11:21:14.259512,3,3,116.45,0.1,116.4,625,116.3,200,116.1,500,,,,,,,,,,,,,,,116.5,200,116.6,625,116.8,500,,,,,,,,,,,,,,
2026-07-03T11:21:14.772555+00:00,2026-07-03T11:21:14.771001,3,2,116.25,0.1,116.2,300,116.1,625,116.0,200,,,,,,,,,,,,,,,116.3,364,116.8,500,,,,,,,,,,,,,,,,
2026-07-03T11:21:15.305834+00:00,2026-07-03T11:21:15.305694,2,2,116.2,0.2,116.1,625,116.0,200,,,,,,,,,,,,,,,,,116.3,364,116.8,500,,,,,,,,,,,,,,,,
2026-07-03T11:21:15.363891+00:00,2026-07-03T11:21:15.364095,2,1,116.2,0.2,116.1,625,116.0,200,,,,,,,,,,,,,,,,,116.3,364,,,,,,,,,,,,,,,,,,
2026-07-03T11:21:15.370094+00:00,2026-07-03T11:21:15.369565,2,2,116.2,0.2,116.1,1125,116.0,200,,,,,,,,,,,,,,,,,116.3,364,116.8,500,,,,,,,,,,,,,,,,
2026-07-03T11:21:15.973149+00:00,2026-07-03T11:21:15.966762,3,2,116.3,0.2,116.2,425,116.1,500,116.0,200,,,,,,,,,,,,,,,116.4,625,116.8,500,,,,,,,,,,,,,,,,
2026-07-03T11:21:16.560399+00:00,2026-07-03T11:21:16.559451,3,2,116.3,0.2,116.2,425,116.1,500,116.0,200,,,,,,,,,,,,,,,116.4,625,116.8,500,,,,,,,,,,,,,,,,
2026-07-03T11:21:17.134596+00:00,2026-07-03T11:21:17.134331,2,2,116.3,0.2,116.2,925,116.0,200,,,,,,,,,,,,,,,,,116.4,625,116.9,500,,,,,,,,,,,,,,,,
2026-07-03T11:21:17.145042+00:00,2026-07-03T11:21:17.145014,1,2,116.3,0.2,116.2,925,,,,,,,,,,,,,,,,,,,116.4,625,116.9,500,,,,,,,,,,,,,,,,
2026-07-03T11:21:17.150364+00:00,2026-07-03T11:21:17.150281,2,3,116.25,0.1,116.2,925,116.1,200,,,,,,,,,,,,,,,,,116.3,200,116.4,625,116.9,500,,,,,,,,,,,,,,
2026-07-03T11:21:17.274785+00:00,2026-07-03T11:21:17.274582,2,3,116.25,0.1,116.2,500,116.1,200,,,,,,,,,,,,,,,,,116.3,200,116.4,625,116.9,500,,,,,,,,,,,,,,
2026-07-03T11:21:17.311207+00:00,2026-07-03T11:21:17.311112,2,2,116.25,0.1,116.2,500,116.1,825,,,,,,,,,,,,,,,,,116.3,825,116.9,500,,,,,,,,,,,,,,,,
2026-07-03T11:21:17.764976+00:00,2026-07-03T11:21:17.764698,1,2,116.2,0.2,116.1,1325,,,,,,,,,,,,,,,,,,,116.3,825,116.8,500,,,,,,,,,,,,,,,,
2026-07-03T11:21:18.358732+00:00,2026-07-03T11:21:18.315652,1,1,116.2,0.2,116.1,825,,,,,,,,,,,,,,,,,,,116.3,825,,,,,,,,,,,,,,,,,,
2026-07-03T11:21:18.364823+00:00,2026-07-03T11:21:18.364407,2,2,116.25,0.1,116.2,500,116.1,825,,,,,,,,,,,,,,,,,116.3,825,116.9,500,,,,,,,,,,,,,,,,
2026-07-03T11:21:18.612212+00:00,2026-07-03T11:21:18.611802,2,3,116.15,0.1,116.1,200,116.0,625,,,,,,,,,,,,,,,,,116.2,125,116.3,200,116.9,500,,,,,,,,,,,,,,
2026-07-03T11:21:18.910392+00:00,2026-07-03T11:21:18.910210,2,2,116.15,0.1,116.1,200,116.0,625,,,,,,,,,,,,,,,,,116.2,125,116.3,200,,,,,,,,,,,,,,,,
2026-07-03T11:21:18.958894+00:00,2026-07-03T11:21:18.919908,3,1,116.25,0.1,116.2,375,116.1,200,116.0,625,,,,,,,,,,,,,,,116.3,200,,,,,,,,,,,,,,,,,,
2026-07-03T11:21:18.964335+00:00,2026-07-03T11:21:18.963996,3,2,116.25,0.1,116.2,375,116.1,200,116.0,625,,,,,,,,,,,,,,,116.3,200,116.9,500,,,,,,,,,,,,,,,,
2026-07-03T11:21:19.569613+00:00,2026-07-03T11:21:19.570408,2,1,116.55,0.7,116.2,500,116.0,625,,,,,,,,,,,,,,,,,116.9,500,,,,,,,,,,,,,,,,,,
2026-07-03T11:21:19.597085+00:00,2026-07-03T11:21:19.596801,2,2,116.3,0.2,116.2,700,116.0,625,,,,,,,,,,,,,,,,,116.4,200,116.9,500,,,,,,,,,,,,,,,,
2026-07-03T11:21:19.968813+00:00,2026-07-03T11:21:19.967753,2,2,116.5,0.2,116.4,414,116.2,700,,,,,,,,,,,,,,,,,116.6,625,116.9,500,,,,,,,,,,,,,,,,
2026-07-03T11:21:20.164845+00:00,2026-07-03T11:21:20.164485,2,2,116.5,0.2,116.4,414,116.2,700,,,,,,,,,,,,,,,,,116.6,625,116.9,500,,,,,,,,,,,,,,,,
2026-07-03T11:21:20.687613+00:00,2026-07-03T11:21:20.758910,2,1,116.5,0.2,116.4,414,116.2,200,,,,,,,,,,,,,,,,,116.6,625,,,,,,,,,,,,,,,,,,
2026-07-03T11:21:20.769733+00:00,2026-07-03T11:21:20.769564,2,1,116.5,0.2,116.4,414,116.2,700,,,,,,,,,,,,,,,,,116.6,625,,,,,,,,,,,,,,,,,,
2026-07-03T11:21:20.775032+00:00,2026-07-03T11:21:20.774948,2,2,116.5,0.2,116.4,414,116.2,700,,,,,,,,,,,,,,,,,116.6,625,116.9,500,,,,,,,,,,,,,,,,
2026-07-03T11:21:20.886519+00:00,2026-07-03T11:21:20.886195,2,2,116.5,0.2,116.4,214,116.2,700,,,,,,,,,,,,,,,,,116.6,625,116.9,500,,,,,,,,,,,,,,,,
2026-07-03T11:21:21.216798+00:00,2026-07-03T11:21:21.216646,1,2,116.3,0.2,116.2,1325,,,,,,,,,,,,,,,,,,,116.4,625,116.9,500,,,,,,,,,,,,,,,,
2026-07-03T11:21:21.360096+00:00,2026-07-03T11:21:21.359627,1,1,116.3,0.2,116.2,825,,,,,,,,,,,,,,,,,,,116.4,625,,,,,,,,,,,,,,,,,,
2026-07-03T11:21:21.370368+00:00,2026-07-03T11:21:21.370270,1,1,116.3,0.2,116.2,1325,,,,,,,,,,,,,,,,,,,116.4,625,,,,,,,,,,,,,,,,,,
2026-07-03T11:21:21.459757+00:00,2026-07-03T11:21:21.375564,1,2,116.3,0.2,116.2,1325,,,,,,,,,,,,,,,,,,,116.4,625,116.9,500,,,,,,,,,,,,,,,,
2026-07-03T11:21:22.059141+00:00,2026-07-03T11:21:21.974825,1,2,116.3,0.2,116.2,1325,,,,,,,,,,,,,,,,,,,116.4,625,116.9,500,,,,,,,,,,,,,,,,
2026-07-03T11:21:22.159152+00:00,2026-07-03T11:21:22.088399,2,2,116.3,0.2,116.2,1125,116.1,200,,,,,,,,,,,,,,,,,116.4,825,116.9,500,,,,,,,,,,,,,,,,
2026-07-03T11:21:22.518437+00:00,2026-07-03T11:21:22.518254,2,2,116.3,0.2,116.2,500,116.1,200,,,,,,,,,,,,,,,,,116.4,200,116.9,500,,,,,,,,,,,,,,,,
2026-07-03T11:21:22.534672+00:00,2026-07-03T11:21:22.533578,2,3,116.15,0.1,116.1,200,116.0,625,,,,,,,,,,,,,,,,,116.2,102,116.4,200,116.9,500,,,,,,,,,,,,,,
2026-07-03T11:21:22.544833+00:00,2026-07-03T11:21:22.552429,2,2,116.15,0.1,116.1,200,116.0,625,,,,,,,,,,,,,,,,,116.2,102,116.4,200,,,,,,,,,,,,,,,,
2026-07-03T11:21:22.601151+00:00,2026-07-03T11:21:22.600831,3,2,116.3,0.2,116.2,398,116.1,200,116.0,625,,,,,,,,,,,,,,,116.4,200,116.9,500,,,,,,,,,,,,,,,,
2026-07-03T11:21:23.164315+00:00,2026-07-03T11:21:23.163316,2,1,116.25,0.3,116.1,200,116.0,625,,,,,,,,,,,,,,,,,116.4,200,,,,,,,,,,,,,,,,,,
2026-07-03T11:21:23.265673+00:00,2026-07-03T11:21:23.264567,2,1,116.55,0.7,116.2,300,116.0,825,,,,,,,,,,,,,,,,,116.9,500,,,,,,,,,,,,,,,,,,
2026-07-03T11:21:23.480169+00:00,2026-07-03T11:21:23.480089,2,1,116.55,0.7,116.2,300,116.0,825,,,,,,,,,,,,,,,,,116.9,480,,,,,,,,,,,,,,,,,,
2026-07-03T11:21:23.858996+00:00,2026-07-03T11:21:23.858710,1,1,116.45,0.9,116.0,825,,,,,,,,,,,,,,,,,,,116.9,480,,,,,,,,,,,,,,,,,,
2026-07-03T11:21:23.865355+00:00,2026-07-03T11:21:23.864964,3,2,116.35,0.1,116.3,500,116.2,625,116.0,200,,,,,,,,,,,,,,,116.4,625,117.0,500,,,,,,,,,,,,,,,,
2026-07-03T11:21:24.074597+00:00,2026-07-03T11:21:24.073462,3,2,116.35,0.1,116.3,477,116.2,625,116.0,200,,,,,,,,,,,,,,,116.4,625,117.0,500,,,,,,,,,,,,,,,,
2026-07-03T11:21:24.369408+00:00,2026-07-03T11:21:24.369276,2,2,116.3,0.2,116.2,625,116.0,200,,,,,,,,,,,,,,,,,116.4,625,117.0,500,,,,,,,,,,,,,,,,
2026-07-03T11:21:24.375111+00:00,2026-07-03T11:21:24.374600,2,1,116.3,0.2,116.2,625,116.0,200,,,,,,,,,,,,,,,,,116.4,625,,,,,,,,,,,,,,,,,,
2026-07-03T11:21:24.417671+00:00,2026-07-03T11:21:24.417387,3,2,116.35,0.1,116.3,500,116.2,625,116.0,200,,,,,,,,,,,,,,,116.4,625,117.0,500,,,,,,,,,,,,,,,,
2026-07-03T11:21:24.463859+00:00,2026-07-03T11:21:24.464330,2,2,116.35,0.1,116.3,500,116.2,825,,,,,,,,,,,,,,,,,116.4,825,117.0,500,,,,,,,,,,,,,,,,
2026-07-03T11:21:25.058914+00:00,2026-07-03T11:21:24.981120,1,1,116.3,0.2,116.2,825,,,,,,,,,,,,,,,,,,,116.4,325,,,,,,,,,,,,,,,,,,
2026-07-03T11:21:25.079247+00:00,2026-07-03T11:21:25.079472,1,2,116.3,0.2,116.2,825,,,,,,,,,,,,,,,,,,,116.4,325,117.0,500,,,,,,,,,,,,,,,,
2026-07-03T11:21:25.175636+00:00,2026-07-03T11:21:25.174273,2,2,116.55,0.3,116.4,422,116.2,200,,,,,,,,,,,,,,,,,116.7,625,117.0,500,,,,,,,,,,,,,,,,
2026-07-03T11:21:25.581692+00:00,2026-07-03T11:21:25.581589,2,1,116.55,0.3,116.4,922,116.2,200,,,,,,,,,,,,,,,,,116.7,625,,,,,,,,,,,,,,,,,,
2026-07-03T11:21:25.592290+00:00,2026-07-03T11:21:25.592120,2,2,116.55,0.3,116.4,922,116.2,200,,,,,,,,,,,,,,,,,116.7,625,117.1,500,,,,,,,,,,,,,,,,
2026-07-03T11:21:25.659067+00:00,2026-07-03T11:21:25.634131,1,3,116.5,0.2,116.4,1122,,,,,,,,,,,,,,,,,,,116.6,200,116.7,625,117.1,500,,,,,,,,,,,,,,
2026-07-03T11:21:26.179635+00:00,2026-07-03T11:21:26.179417,1,3,116.5,0.2,116.4,622,,,,,,,,,,,,,,,,,,,116.6,200,116.7,625,117.1,500,,,,,,,,,,,,,,
2026-07-03T11:21:26.184971+00:00,2026-07-03T11:21:26.184761,1,2,116.5,0.2,116.4,622,,,,,,,,,,,,,,,,,,,116.6,200,116.7,625,,,,,,,,,,,,,,,,
2026-07-03T11:21:26.190263+00:00,2026-07-03T11:21:26.190193,2,2,116.55,0.1,116.5,500,116.4,622,,,,,,,,,,,,,,,,,116.6,200,116.7,625,,,,,,,,,,,,,,,,
2026-07-03T11:21:26.196355+00:00,2026-07-03T11:21:26.195559,2,3,116.55,0.1,116.5,500,116.4,622,,,,,,,,,,,,,,,,,116.6,200,116.7,625,117.1,500,,,,,,,,,,,,,,
2026-07-03T11:21:26.374675+00:00,2026-07-03T11:21:26.374216,2,3,116.55,0.1,116.5,419,116.4,622,,,,,,,,,,,,,,,,,116.6,200,116.7,625,117.1,500,,,,,,,,,,,,,,
2026-07-03T11:21:26.460398+00:00,2026-07-03T11:21:26.460247,2,2,116.55,0.1,116.5,419,116.4,825,,,,,,,,,,,,,,,,,116.6,825,117.1,500,,,,,,,,,,,,,,,,
2026-07-03T11:21:26.807187+00:00,2026-07-03T11:21:26.807002,1,2,116.5,0.2,116.4,825,,,,,,,,,,,,,,,,,,,116.6,825,117.1,500,,,,,,,,,,,,,,,,
2026-07-03T11:21:26.812380+00:00,2026-07-03T11:21:26.812311,1,1,116.5,0.2,116.4,825,,,,,,,,,,,,,,,,,,,116.6,825,,,,,,,,,,,,,,,,,,
2026-07-03T11:21:26.858839+00:00,2026-07-03T11:21:26.819802,2,2,116.55,0.1,116.5,500,116.4,825,,,,,,,,,,,,,,,,,116.6,825,117.2,500,,,,,,,,,,,,,,,,
2026-07-03T11:21:26.864475+00:00,2026-07-03T11:21:26.864356,2,2,116.55,0.1,116.5,500,116.4,825,,,,,,,,,,,,,,,,,116.6,825,117.2,500,,,,,,,,,,,,,,,,
2026-07-03T11:21:27.211395+00:00,2026-07-03T11:21:27.210196,2,2,116.55,0.1,116.5,500,116.4,825,,,,,,,,,,,,,,,,,116.6,741,117.2,500,,,,,,,,,,,,,,,,
2026-07-03T11:21:27.405832+00:00,2026-07-03T11:21:27.405415,1,2,116.5,0.2,116.4,825,,,,,,,,,,,,,,,,,,,116.6,741,117.2,500,,,,,,,,,,,,,,,,
2026-07-03T11:21:27.458879+00:00,2026-07-03T11:21:27.438618,2,2,116.55,0.1,116.5,500,116.4,825,,,,,,,,,,,,,,,,,116.6,741,117.1,500,,,,,,,,,,,,,,,,
2026-07-03T11:21:27.770266+00:00,2026-07-03T11:21:27.769753,2,3,116.55,0.1,116.5,1125,116.4,200,,,,,,,,,,,,,,,,,116.6,200,116.7,625,117.1,500,,,,,,,,,,,,,,
2026-07-03T11:21:28.061051+00:00,2026-07-03T11:21:28.059715,2,2,116.6,0.2,116.5,1125,116.4,200,,,,,,,,,,,,,,,,,116.7,625,117.2,500,,,,,,,,,,,,,,,,
2026-07-03T11:21:28.159128+00:00,2026-07-03T11:21:28.158825,2,3,116.55,0.1,116.5,1125,116.4,200,,,,,,,,,,,,,,,,,116.6,200,116.7,625,117.2,500,,,,,,,,,,,,,,
2026-07-03T11:21:28.759498+00:00,2026-07-03T11:21:28.679974,2,3,116.55,0.1,116.5,1125,116.4,200,,,,,,,,,,,,,,,,,116.6,200,116.7,625,117.2,500,,,,,,,,,,,,,,
2026-07-03T11:21:29.069866+00:00,2026-07-03T11:21:29.069804,2,2,116.55,0.1,116.5,500,116.4,200,,,,,,,,,,,,,,,,,116.6,200,117.2,500,,,,,,,,,,,,,,,,
2026-07-03T11:21:29.158834+00:00,2026-07-03T11:21:29.075029,2,3,116.55,0.1,116.5,1125,116.4,200,,,,,,,,,,,,,,,,,116.6,200,116.7,625,117.2,500,,,,,,,,,,,,,,
2026-07-03T11:21:29.258802+00:00,2026-07-03T11:21:29.208785,2,3,116.55,0.1,116.5,625,116.4,200,,,,,,,,,,,,,,,,,116.6,200,116.7,625,117.2,500,,,,,,,,,,,,,,
2026-07-03T11:21:29.265513+00:00,2026-07-03T11:21:29.264924,2,3,116.55,0.1,116.5,1125,116.4,200,,,,,,,,,,,,,,,,,116.6,200,116.7,625,117.2,500,,,,,,,,,,,,,,
2026-07-03T11:21:29.276133+00:00,2026-07-03T11:21:29.276031,1,2,116.6,0.2,116.5,1125,,,,,,,,,,,,,,,,,,,116.7,625,117.2,500,,,,,,,,,,,,,,,,
2026-07-03T11:21:29.281115+00:00,2026-07-03T11:21:29.281902,2,3,116.55,0.1,116.5,1125,116.4,200,,,,,,,,,,,,,,,,,116.6,200,116.7,625,117.2,500,,,,,,,,,,,,,,
2026-07-03T11:21:29.822181+00:00,2026-07-03T11:21:29.822355,2,3,116.55,0.1,116.5,625,116.4,200,,,,,,,,,,,,,,,,,116.6,200,116.7,625,117.2,500,,,,,,,,,,,,,,
2026-07-03T11:21:29.827974+00:00,2026-07-03T11:21:29.827718,2,2,116.55,0.1,116.5,625,116.4,200,,,,,,,,,,,,,,,,,116.6,200,116.7,625,,,,,,,,,,,,,,,,
2026-07-03T11:21:29.864609+00:00,2026-07-03T11:21:29.864083,2,3,116.55,0.1,116.5,625,116.4,700,,,,,,,,,,,,,,,,,116.6,200,116.7,625,117.1,500,,,,,,,,,,,,,,
2026-07-03T11:21:30.422944+00:00,2026-07-03T11:21:30.422674,2,1,116.7,0.2,116.6,425,116.4,200,,,,,,,,,,,,,,,,,116.8,625,,,,,,,,,,,,,,,,,,
2026-07-03T11:21:30.433932+00:00,2026-07-03T11:21:30.433725,3,1,116.7,0.2,116.6,425,116.5,500,116.4,200,,,,,,,,,,,,,,,116.8,625,,,,,,,,,,,,,,,,,,
2026-07-03T11:21:30.439086+00:00,2026-07-03T11:21:30.439023,3,2,116.7,0.2,116.6,425,116.5,500,116.4,200,,,,,,,,,,,,,,,116.8,625,117.1,500,,,,,,,,,,,,,,,,
2026-07-03T11:21:30.527019+00:00,2026-07-03T11:21:30.526754,2,2,116.7,0.2,116.6,425,116.5,700,,,,,,,,,,,,,,,,,116.8,825,117.1,500,,,,,,,,,,,,,,,,
2026-07-03T11:21:31.024706+00:00,2026-07-03T11:21:31.024572,2,2,116.7,0.2,116.6,425,116.5,200,,,,,,,,,,,,,,,,,116.8,825,117.1,500,,,,,,,,,,,,,,,,
2026-07-03T11:21:31.029962+00:00,2026-07-03T11:21:31.029885,2,1,116.7,0.2,116.6,425,116.5,200,,,,,,,,,,,,,,,,,116.8,825,,,,,,,,,,,,,,,,,,
2026-07-03T11:21:31.040525+00:00,2026-07-03T11:21:31.040362,3,1,116.7,0.2,116.6,425,116.5,200,116.4,500,,,,,,,,,,,,,,,116.8,825,,,,,,,,,,,,,,,,,,
2026-07-03T11:21:31.058781+00:00,2026-07-03T11:21:31.045737,3,2,116.7,0.2,116.6,425,116.5,200,116.4,500,,,,,,,,,,,,,,,116.8,825,117.1,500,,,,,,,,,,,,,,,,
2026-07-03T11:21:31.625628+00:00,2026-07-03T11:21:31.625586,2,2,116.7,0.2,116.6,425,116.5,200,,,,,,,,,,,,,,,,,116.8,825,117.1,500,,,,,,,,,,,,,,,,
2026-07-03T11:21:31.636301+00:00,2026-07-03T11:21:31.636010,2,1,116.7,0.2,116.6,425,116.5,200,,,,,,,,,,,,,,,,,116.8,825,,,,,,,,,,,,,,,,,,
2026-07-03T11:21:31.660136+00:00,2026-07-03T11:21:31.659911,2,2,116.7,0.2,116.6,425,116.5,700,,,,,,,,,,,,,,,,,116.8,825,117.2,500,,,,,,,,,,,,,,,,
2026-07-03T11:21:31.700128+00:00,2026-07-03T11:21:31.700764,2,3,116.55,0.1,116.5,1125,116.4,200,,,,,,,,,,,,,,,,,116.6,200,116.8,625,117.2,500,,,,,,,,,,,,,,
2026-07-03T11:21:32.234012+00:00,2026-07-03T11:21:32.233816,2,2,116.55,0.1,116.5,625,116.4,200,,,,,,,,,,,,,,,,,116.6,200,116.8,625,,,,,,,,,,,,,,,,
2026-07-03T11:21:32.258919+00:00,2026-07-03T11:21:32.245896,2,2,116.55,0.1,116.5,1125,116.4,200,,,,,,,,,,,,,,,,,116.6,200,116.8,625,,,,,,,,,,,,,,,,
2026-07-03T11:21:32.264199+00:00,2026-07-03T11:21:32.264074,2,3,116.55,0.1,116.5,1125,116.4,200,,,,,,,,,,,,,,,,,116.6,200,116.8,625,117.2,500,,,,,,,,,,,,,,
2026-07-03T11:21:32.858864+00:00,2026-07-03T11:21:32.856704,2,2,116.55,0.1,116.5,625,116.4,200,,,,,,,,,,,,,,,,,116.6,200,116.8,625,,,,,,,,,,,,,,,,
2026-07-03T11:21:32.889850+00:00,2026-07-03T11:21:32.890356,2,3,116.55,0.1,116.5,1125,116.4,200,,,,,,,,,,,,,,,,,116.6,200,116.8,625,117.2,500,,,,,,,,,,,,,,
2026-07-03T11:21:32.937239+00:00,2026-07-03T11:21:32.937527,2,2,116.65,0.3,116.5,925,116.3,200,,,,,,,,,,,,,,,,,116.8,625,117.2,500,,,,,,,,,,,,,,,,
2026-07-03T11:21:32.995405+00:00,2026-07-03T11:21:32.995317,2,2,116.65,0.3,116.5,500,116.3,200,,,,,,,,,,,,,,,,,116.8,625,117.2,500,,,,,,,,,,,,,,,,
2026-07-03T11:21:33.000725+00:00,2026-07-03T11:21:33.000674,2,2,116.6,0.2,116.5,1125,116.3,200,,,,,,,,,,,,,,,,,116.7,625,117.2,500,,,,,,,,,,,,,,,,
2026-07-03T11:21:33.169203+00:00,2026-07-03T11:21:33.169122,2,2,116.6,0.2,116.5,1105,116.3,200,,,,,,,,,,,,,,,,,116.7,625,117.2,500,,,,,,,,,,,,,,,,
2026-07-03T11:21:33.448001+00:00,2026-07-03T11:21:33.453302,2,2,116.6,0.2,116.5,625,116.3,200,,,,,,,,,,,,,,,,,116.7,625,117.2,500,,,,,,,,,,,,,,,,
2026-07-03T11:21:33.469101+00:00,2026-07-03T11:21:33.468944,2,1,116.6,0.2,116.5,625,116.3,200,,,,,,,,,,,,,,,,,116.7,625,,,,,,,,,,,,,,,,,,
2026-07-03T11:21:33.474292+00:00,2026-07-03T11:21:33.474210,2,1,116.6,0.2,116.5,1125,116.3,200,,,,,,,,,,,,,,,,,116.7,625,,,,,,,,,,,,,,,,,,
2026-07-03T11:21:33.490143+00:00,2026-07-03T11:21:33.479469,2,2,116.6,0.2,116.5,1125,116.3,200,,,,,,,,,,,,,,,,,116.7,625,117.2,500,,,,,,,,,,,,,,,,
2026-07-03T11:21:34.054069+00:00,2026-07-03T11:21:34.054509,2,2,116.6,0.2,116.5,625,116.3,200,,,,,,,,,,,,,,,,,116.7,625,117.2,500,,,,,,,,,,,,,,,,
2026-07-03T11:21:34.091185+00:00,2026-07-03T11:21:34.090671,3,2,116.65,0.1,116.6,500,116.5,625,116.3,200,,,,,,,,,,,,,,,116.7,625,117.3,500,,,,,,,,,,,,,,,,
2026-07-03T11:21:34.120592+00:00,2026-07-03T11:21:34.120555,3,2,116.65,0.1,116.6,300,116.5,625,116.3,200,,,,,,,,,,,,,,,116.7,625,117.3,500,,,,,,,,,,,,,,,,
2026-07-03T11:21:34.307458+00:00,2026-07-03T11:21:34.307338,2,2,116.65,0.1,116.6,300,116.3,200,,,,,,,,,,,,,,,,,116.7,625,117.3,500,,,,,,,,,,,,,,,,
2026-07-03T11:21:34.313711+00:00,2026-07-03T11:21:34.313486,2,2,116.7,0.2,116.6,925,116.3,200,,,,,,,,,,,,,,,,,116.8,625,117.3,500,,,,,,,,,,,,,,,,
2026-07-03T11:21:34.659138+00:00,2026-07-03T11:21:34.658808,2,2,116.7,0.2,116.6,625,116.3,200,,,,,,,,,,,,,,,,,116.8,625,117.3,500,,,,,,,,,,,,,,,,
2026-07-03T11:21:34.670332+00:00,2026-07-03T11:21:34.670301,2,1,116.7,0.2,116.6,625,116.3,200,,,,,,,,,,,,,,,,,116.8,625,,,,,,,,,,,,,,,,,,
2026-07-03T11:21:34.680920+00:00,2026-07-03T11:21:34.680754,2,1,116.7,0.2,116.6,1125,116.3,200,,,,,,,,,,,,,,,,,116.8,625,,,,,,,,,,,,,,,,,,
2026-07-03T11:21:34.686324+00:00,2026-07-03T11:21:34.686104,2,2,116.7,0.2,116.6,1125,116.3,200,,,,,,,,,,,,,,,,,116.8,625,117.3,500,,,,,,,,,,,,,,,,
2026-07-03T11:21:35.264854+00:00,2026-07-03T11:21:35.264770,2,2,116.7,0.2,116.6,625,116.3,200,,,,,,,,,,,,,,,,,116.8,625,117.3,500,,,,,,,,,,,,,,,,
2026-07-03T11:21:35.275488+00:00,2026-07-03T11:21:35.275360,2,1,116.7,0.2,116.6,625,116.3,200,,,,,,,,,,,,,,,,,116.8,625,,,,,,,,,,,,,,,,,,
2026-07-03T11:21:35.280724+00:00,2026-07-03T11:21:35.280647,2,1,116.7,0.2,116.6,1125,116.3,200,,,,,,,,,,,,,,,,,116.8,625,,,,,,,,,,,,,,,,,,
2026-07-03T11:21:35.303417+00:00,2026-07-03T11:21:35.303027,2,2,116.7,0.2,116.6,1125,116.3,200,,,,,,,,,,,,,,,,,116.8,625,117.3,500,,,,,,,,,,,,,,,,
2026-07-03T11:21:35.324878+00:00,2026-07-03T11:21:35.324785,2,2,116.7,0.2,116.6,1125,116.4,200,,,,,,,,,,,,,,,,,116.8,625,117.3,500,,,,,,,,,,,,,,,,
2026-07-03T11:21:35.330060+00:00,2026-07-03T11:21:35.329966,2,3,116.65,0.1,116.6,1125,116.4,200,,,,,,,,,,,,,,,,,116.7,200,116.8,625,117.3,500,,,,,,,,,,,,,,
2026-07-03T11:21:35.620401+00:00,2026-07-03T11:21:35.620294,2,3,116.65,0.1,116.6,500,116.4,200,,,,,,,,,,,,,,,,,116.7,200,116.8,625,117.3,500,,,,,,,,,,,,,,
2026-07-03T11:21:35.625656+00:00,2026-07-03T11:21:35.625629,2,3,116.65,0.1,116.6,1125,116.4,200,,,,,,,,,,,,,,,,,116.7,200,116.8,625,117.3,500,,,,,,,,,,,,,,
2026-07-03T11:21:35.869337+00:00,2026-07-03T11:21:35.869205,2,3,116.65,0.1,116.6,625,116.4,200,,,,,,,,,,,,,,,,,116.7,200,116.8,625,117.3,500,,,,,,,,,,,,,,
2026-07-03T11:21:35.879593+00:00,2026-07-03T11:21:35.879755,2,2,116.65,0.1,116.6,625,116.4,200,,,,,,,,,,,,,,,,,116.7,200,116.8,625,,,,,,,,,,,,,,,,
2026-07-03T11:21:35.885340+00:00,2026-07-03T11:21:35.885177,2,2,116.65,0.1,116.6,1125,116.4,200,,,,,,,,,,,,,,,,,116.7,200,116.8,625,,,,,,,,,,,,,,,,
2026-07-03T11:21:35.890570+00:00,2026-07-03T11:21:35.890492,2,3,116.65,0.1,116.6,1125,116.4,200,,,,,,,,,,,,,,,,,116.7,200,116.8,625,117.3,500,,,,,,,,,,,,,,
2026-07-03T11:21:36.475473+00:00,2026-07-03T11:21:36.475213,2,2,116.65,0.1,116.6,625,116.4,200,,,,,,,,,,,,,,,,,116.7,200,116.8,625,,,,,,,,,,,,,,,,
2026-07-03T11:21:36.491233+00:00,2026-07-03T11:21:36.491106,3,1,116.75,0.1,116.7,300,116.6,625,116.4,200,,,,,,,,,,,,,,,116.8,625,,,,,,,,,,,,,,,,,,
2026-07-03T11:21:36.496474+00:00,2026-07-03T11:21:36.496400,3,2,116.75,0.1,116.7,300,116.6,625,116.4,200,,,,,,,,,,,,,,,116.8,625,117.4,500,,,,,,,,,,,,,,,,
2026-07-03T11:21:36.539315+00:00,2026-07-03T11:21:36.539127,3,2,116.75,0.1,116.7,100,116.6,625,116.5,200,,,,,,,,,,,,,,,116.8,625,117.4,500,,,,,,,,,,,,,,,,
2026-07-03T11:21:36.929118+00:00,2026-07-03T11:21:36.929839,1,2,116.6,0.2,116.5,825,,,,,,,,,,,,,,,,,,,116.7,525,117.4,500,,,,,,,,,,,,,,,,
2026-07-03T11:21:36.940073+00:00,2026-07-03T11:21:36.938857,1,2,116.6,0.2,116.5,825,,,,,,,,,,,,,,,,,,,116.7,514,117.4,500,,,,,,,,,,,,,,,,
2026-07-03T11:21:37.072607+00:00,2026-07-03T11:21:37.072319,1,1,116.6,0.2,116.5,825,,,,,,,,,,,,,,,,,,,116.7,514,,,,,,,,,,,,,,,,,,
2026-07-03T11:21:37.084063+00:00,2026-07-03T11:21:37.083834,1,2,116.6,0.2,116.5,825,,,,,,,,,,,,,,,,,,,116.7,14,117.4,500,,,,,,,,,,,,,,,,
2026-07-03T11:21:37.722394+00:00,2026-07-03T11:21:37.722250,1,1,116.6,0.2,116.5,825,,,,,,,,,,,,,,,,,,,116.7,14,,,,,,,,,,,,,,,,,,
2026-07-03T11:21:37.728286+00:00,2026-07-03T11:21:37.727786,2,1,117.05,0.7,116.7,486,116.5,825,,,,,,,,,,,,,,,,,117.4,500,,,,,,,,,,,,,,,,,,
2026-07-03T11:21:37.734505+00:00,2026-07-03T11:21:37.734404,2,1,117.05,0.7,116.7,486,116.5,625,,,,,,,,,,,,,,,,,117.4,500,,,,,,,,,,,,,,,,,,
2026-07-03T11:21:37.758977+00:00,2026-07-03T11:21:37.745292,2,1,117.05,0.7,116.7,286,116.5,825,,,,,,,,,,,,,,,,,117.4,500,,,,,,,,,,,,,,,,,,
2026-07-03T11:21:37.825814+00:00,2026-07-03T11:21:37.826001,2,1,117.05,0.7,116.7,264,116.5,825,,,,,,,,,,,,,,,,,117.4,500,,,,,,,,,,,,,,,,,,
2026-07-03T11:21:38.258677+00:00,2026-07-03T11:21:38.244256,2,2,116.8,0.2,116.7,889,116.5,200,,,,,,,,,,,,,,,,,116.9,625,117.4,500,,,,,,,,,,,,,,,,
2026-07-03T11:21:38.273131+00:00,2026-07-03T11:21:38.272496,2,2,116.8,0.2,116.7,625,116.5,200,,,,,,,,,,,,,,,,,116.9,625,117.4,500,,,,,,,,,,,,,,,,
2026-07-03T11:21:38.289539+00:00,2026-07-03T11:21:38.289195,2,1,116.8,0.2,116.7,625,116.5,200,,,,,,,,,,,,,,,,,116.9,625,,,,,,,,,,,,,,,,,,
2026-07-03T11:21:38.294766+00:00,2026-07-03T11:21:38.294664,3,1,116.85,0.1,116.8,500,116.7,625,116.5,200,,,,,,,,,,,,,,,116.9,625,,,,,,,,,,,,,,,,,,
2026-07-03T11:21:38.306026+00:00,2026-07-03T11:21:38.305221,3,2,116.85,0.1,116.8,500,116.7,625,116.5,200,,,,,,,,,,,,,,,116.9,625,117.4,500,,,,,,,,,,,,,,,,
2026-07-03T11:21:38.470394+00:00,2026-07-03T11:21:38.459577,3,2,116.85,0.1,116.8,450,116.7,625,116.5,200,,,,,,,,,,,,,,,116.9,625,117.4,500,,,,,,,,,,,,,,,,
2026-07-03T11:21:38.959554+00:00,2026-07-03T11:21:38.959245,2,2,116.8,0.2,116.7,1125,116.5,200,,,,,,,,,,,,,,,,,116.9,625,117.4,500,,,,,,,,,,,,,,,,
2026-07-03T11:21:38.965399+00:00,2026-07-03T11:21:38.965300,1,2,116.8,0.2,116.7,1325,,,,,,,,,,,,,,,,,,,116.9,825,117.4,500,,,,,,,,,,,,,,,,
2026-07-03T11:21:39.520734+00:00,2026-07-03T11:21:39.520500,1,2,116.8,0.2,116.7,825,,,,,,,,,,,,,,,,,,,116.9,825,117.4,500,,,,,,,,,,,,,,,,
2026-07-03T11:21:39.526644+00:00,2026-07-03T11:21:39.526550,1,1,116.8,0.2,116.7,1325,,,,,,,,,,,,,,,,,,,116.9,825,,,,,,,,,,,,,,,,,,
2026-07-03T11:21:39.558564+00:00,2026-07-03T11:21:39.532616,1,2,116.8,0.2,116.7,1325,,,,,,,,,,,,,,,,,,,116.9,825,117.4,500,,,,,,,,,,,,,,,,
2026-07-03T11:21:39.568735+00:00,2026-07-03T11:21:39.569487,2,2,116.85,0.1,116.8,625,116.7,700,,,,,,,,,,,,,,,,,116.9,200,117.4,500,,,,,,,,,,,,,,,,
2026-07-03T11:21:39.574798+00:00,2026-07-03T11:21:39.574697,2,3,116.85,0.1,116.8,625,116.7,700,,,,,,,,,,,,,,,,,116.9,200,117.0,625,117.4,500,,,,,,,,,,,,,,
2026-07-03T11:21:39.831596+00:00,2026-07-03T11:21:39.830337,2,3,116.85,0.1,116.8,614,116.7,700,,,,,,,,,,,,,,,,,116.9,200,117.0,625,117.4,500,,,,,,,,,,,,,,
2026-07-03T11:21:40.119450+00:00,2026-07-03T11:21:40.119360,2,3,116.85,0.1,116.8,614,116.7,200,,,,,,,,,,,,,,,,,116.9,200,117.0,625,117.4,500,,,,,,,,,,,,,,
2026-07-03T11:21:40.130044+00:00,2026-07-03T11:21:40.129890,2,2,116.85,0.1,116.8,614,116.7,200,,,,,,,,,,,,,,,,,116.9,200,117.0,625,,,,,,,,,,,,,,,,
2026-07-03T11:21:40.135354+00:00,2026-07-03T11:21:40.135185,2,2,116.85,0.1,116.8,1114,116.7,200,,,,,,,,,,,,,,,,,116.9,200,117.0,625,,,,,,,,,,,,,,,,
2026-07-03T11:21:40.145899+00:00,2026-07-03T11:21:40.145677,2,3,116.85,0.1,116.8,1114,116.7,200,,,,,,,,,,,,,,,,,116.9,200,117.0,625,117.5,500,,,,,,,,,,,,,,
2026-07-03T11:21:40.196943+00:00,2026-07-03T11:21:40.196723,2,2,116.9,0.2,116.8,914,116.6,200,,,,,,,,,,,,,,,,,117.0,625,117.5,500,,,,,,,,,,,,,,,,
2026-07-03T11:21:40.736379+00:00,2026-07-03T11:21:40.736246,2,2,116.9,0.2,116.8,414,116.6,200,,,,,,,,,,,,,,,,,117.0,625,117.5,500,,,,,,,,,,,,,,,,
2026-07-03T11:21:40.741935+00:00,2026-07-03T11:21:40.741696,2,1,116.9,0.2,116.8,914,116.6,200,,,,,,,,,,,,,,,,,117.0,625,,,,,,,,,,,,,,,,,,
2026-07-03T11:21:40.747117+00:00,2026-07-03T11:21:40.746991,2,2,116.9,0.2,116.8,914,116.6,200,,,,,,,,,,,,,,,,,117.0,625,117.5,500,,,,,,,,,,,,,,,,
2026-07-03T11:21:40.896563+00:00,2026-07-03T11:21:40.896372,2,2,116.9,0.2,116.8,500,116.6,200,,,,,,,,,,,,,,,,,117.0,625,117.5,500,,,,,,,,,,,,,,,,
2026-07-03T11:21:40.901528+00:00,2026-07-03T11:21:40.901747,3,2,116.85,0.1,116.8,500,116.7,625,116.6,200,,,,,,,,,,,,,,,116.9,625,117.5,500,,,,,,,,,,,,,,,,
2026-07-03T11:21:41.364718+00:00,2026-07-03T11:21:41.364333,2,2,116.8,0.2,116.7,1125,116.6,200,,,,,,,,,,,,,,,,,116.9,625,117.4,500,,,,,,,,,,,,,,,,
2026-07-03T11:21:41.375229+00:00,2026-07-03T11:21:41.375105,1,2,116.8,0.2,116.7,1125,,,,,,,,,,,,,,,,,,,116.9,625,117.4,500,,,,,,,,,,,,,,,,
2026-07-03T11:21:41.380383+00:00,2026-07-03T11:21:41.380350,2,3,116.85,0.1,116.8,200,116.7,1125,,,,,,,,,,,,,,,,,116.9,625,117.0,200,117.4,500,,,,,,,,,,,,,,
2026-07-03T11:21:41.958955+00:00,2026-07-03T11:21:41.942768,2,3,116.85,0.1,116.8,200,116.7,1125,,,,,,,,,,,,,,,,,116.9,625,117.0,200,117.4,500,,,,,,,,,,,,,,
2026-07-03T11:21:42.208945+00:00,2026-07-03T11:21:42.207854,3,3,116.95,0.1,116.9,622,116.8,200,116.7,500,,,,,,,,,,,,,,,117.0,200,117.1,625,117.4,500,,,,,,,,,,,,,,
2026-07-03T11:21:42.518408+00:00,2026-07-03T11:21:42.522746,2,3,116.95,0.1,116.9,622,116.8,200,,,,,,,,,,,,,,,,,117.0,200,117.1,625,117.4,500,,,,,,,,,,,,,,
2026-07-03T11:21:42.582626+00:00,2026-07-03T11:21:42.582426,2,2,117.0,0.2,116.9,622,116.7,500,,,,,,,,,,,,,,,,,117.1,625,117.4,500,,,,,,,,,,,,,,,,
2026-07-03T11:21:42.605803+00:00,2026-07-03T11:21:42.605569,2,2,117.0,0.2,116.9,822,116.7,500,,,,,,,,,,,,,,,,,117.1,825,117.4,500,,,,,,,,,,,,,,,,
2026-07-03T11:21:43.159257+00:00,2026-07-03T11:21:43.158913,2,1,117.0,0.2,116.9,822,116.8,500,,,,,,,,,,,,,,,,,117.1,825,,,,,,,,,,,,,,,,,,
2026-07-03T11:21:43.164968+00:00,2026-07-03T11:21:43.164266,2,2,117.0,0.2,116.9,822,116.8,500,,,,,,,,,,,,,,,,,117.1,825,117.4,500,,,,,,,,,,,,,,,,
2026-07-03T11:21:43.503435+00:00,2026-07-03T11:21:43.503114,2,2,117.0,0.2,116.9,200,116.8,500,,,,,,,,,,,,,,,,,117.1,200,117.4,500,,,,,,,,,,,,,,,,
2026-07-03T11:21:43.508346+00:00,2026-07-03T11:21:43.508747,3,3,117.05,0.1,117.0,625,116.9,200,116.8,500,,,,,,,,,,,,,,,117.1,200,117.2,625,117.4,500,,,,,,,,,,,,,,
2026-07-03T11:21:43.758751+00:00,2026-07-03T11:21:43.727339,2,3,117.05,0.1,117.0,625,116.9,200,,,,,,,,,,,,,,,,,117.1,200,117.2,625,117.4,500,,,,,,,,,,,,,,
2026-07-03T11:21:43.776069+00:00,2026-07-03T11:21:43.775439,3,3,117.05,0.1,117.0,625,116.9,200,116.7,500,,,,,,,,,,,,,,,117.1,200,117.2,625,117.4,500,,,,,,,,,,,,,,
2026-07-03T11:21:43.803830+00:00,2026-07-03T11:21:43.803734,2,3,117.05,0.1,117.0,625,116.7,500,,,,,,,,,,,,,,,,,117.1,200,117.2,625,117.4,500,,,,,,,,,,,,,,
2026-07-03T11:21:43.859131+00:00,2026-07-03T11:21:43.858929,3,2,117.1,0.2,117.0,425,116.8,200,116.7,500,,,,,,,,,,,,,,,117.2,625,117.4,500,,,,,,,,,,,,,,,,
2026-07-03T11:21:44.358900+00:00,2026-07-03T11:21:44.358706,3,1,117.1,0.2,117.0,425,116.8,200,116.7,500,,,,,,,,,,,,,,,117.2,625,,,,,,,,,,,,,,,,,,
2026-07-03T11:21:44.364170+00:00,2026-07-03T11:21:44.363981,3,2,117.1,0.2,117.0,425,116.8,200,116.7,500,,,,,,,,,,,,,,,117.2,625,117.4,500,,,,,,,,,,,,,,,,
2026-07-03T11:21:44.812656+00:00,2026-07-03T11:21:44.812593,2,2,117.0,0.4,116.8,200,116.7,500,,,,,,,,,,,,,,,,,117.2,625,117.4,500,,,,,,,,,,,,,,,,
2026-07-03T11:21:44.818443+00:00,2026-07-03T11:21:44.817906,3,2,117.1,0.2,117.0,625,116.8,200,116.7,500,,,,,,,,,,,,,,,117.2,625,117.4,500,,,,,,,,,,,,,,,,
2026-07-03T11:21:44.964030+00:00,2026-07-03T11:21:44.963925,2,2,117.1,0.2,117.0,625,116.8,200,,,,,,,,,,,,,,,,,117.2,625,117.4,500,,,,,,,,,,,,,,,,
2026-07-03T11:21:44.969382+00:00,2026-07-03T11:21:44.969230,2,1,117.1,0.2,117.0,625,116.8,200,,,,,,,,,,,,,,,,,117.2,625,,,,,,,,,,,,,,,,,,
2026-07-03T11:21:45.069939+00:00,2026-07-03T11:21:45.017759,2,2,117.1,0.2,117.0,825,116.6,500,,,,,,,,,,,,,,,,,117.2,825,117.3,500,,,,,,,,,,,,,,,,
2026-07-03T11:21:45.569001+00:00,2026-07-03T11:21:45.568915,1,2,117.1,0.2,117.0,825,,,,,,,,,,,,,,,,,,,117.2,825,117.3,500,,,,,,,,,,,,,,,,
2026-07-03T11:21:45.574263+00:00,2026-07-03T11:21:45.574214,1,1,117.1,0.2,117.0,825,,,,,,,,,,,,,,,,,,,117.2,825,,,,,,,,,,,,,,,,,,
2026-07-03T11:21:45.584842+00:00,2026-07-03T11:21:45.584729,2,1,117.1,0.2,117.0,825,116.7,500,,,,,,,,,,,,,,,,,117.2,825,,,,,,,,,,,,,,,,,,
2026-07-03T11:21:45.590132+00:00,2026-07-03T11:21:45.590020,2,2,117.1,0.2,117.0,825,116.7,500,,,,,,,,,,,,,,,,,117.2,825,117.3,500,,,,,,,,,,,,,,,,
2026-07-03T11:21:46.158907+00:00,2026-07-03T11:21:46.127219,2,2,117.1,0.2,117.0,825,116.7,500,,,,,,,,,,,,,,,,,117.2,825,117.3,500,,,,,,,,,,,,,,,,
2026-07-03T11:21:46.233068+00:00,2026-07-03T11:21:46.232964,1,2,117.1,0.2,117.0,825,,,,,,,,,,,,,,,,,,,117.2,825,117.3,500,,,,,,,,,,,,,,,,
2026-07-03T11:21:46.239153+00:00,2026-07-03T11:21:46.239065,3,3,117.05,0.1,117.0,625,116.8,200,116.6,500,,,,,,,,,,,,,,,117.1,200,117.2,625,117.3,500,,,,,,,,,,,,,,
2026-07-03T11:21:46.774274+00:00,2026-07-03T11:21:46.774165,2,3,117.05,0.1,117.0,625,116.8,200,,,,,,,,,,,,,,,,,117.1,200,117.2,625,117.3,500,,,,,,,,,,,,,,
2026-07-03T11:21:46.779565+00:00,2026-07-03T11:21:46.779506,2,2,117.05,0.1,117.0,625,116.8,200,,,,,,,,,,,,,,,,,117.1,200,117.2,625,,,,,,,,,,,,,,,,
2026-07-03T11:21:46.789846+00:00,2026-07-03T11:21:46.789959,3,2,117.05,0.1,117.0,625,116.8,200,116.7,500,,,,,,,,,,,,,,,117.1,200,117.2,625,,,,,,,,,,,,,,,,
2026-07-03T11:21:46.795389+00:00,2026-07-03T11:21:46.795279,3,3,117.05,0.1,117.0,625,116.8,200,116.7,500,,,,,,,,,,,,,,,117.1,200,117.2,625,117.4,500,,,,,,,,,,,,,,
2026-07-03T11:21:46.800685+00:00,2026-07-03T11:21:46.800614,3,3,117.05,0.1,117.0,625,116.8,200,116.7,500,,,,,,,,,,,,,,,117.1,150,117.2,625,117.4,500,,,,,,,,,,,,,,
2026-07-03T11:21:47.064118+00:00,2026-07-03T11:21:47.064084,3,3,117.05,0.1,117.0,625,116.8,200,116.7,500,,,,,,,,,,,,,,,117.1,130,117.2,625,117.4,500,,,,,,,,,,,,,,
2026-07-03T11:21:47.371442+00:00,2026-07-03T11:21:47.371180,2,3,117.05,0.1,117.0,625,116.8,200,,,,,,,,,,,,,,,,,117.1,130,117.2,625,117.4,500,,,,,,,,,,,,,,
2026-07-03T11:21:47.381760+00:00,2026-07-03T11:21:47.382005,2,2,117.05,0.1,117.0,625,116.8,200,,,,,,,,,,,,,,,,,117.1,130,117.2,625,,,,,,,,,,,,,,,,
2026-07-03T11:21:47.388116+00:00,2026-07-03T11:21:47.387342,3,2,117.05,0.1,117.0,625,116.8,200,116.6,500,,,,,,,,,,,,,,,117.1,130,117.2,625,,,,,,,,,,,,,,,,
2026-07-03T11:21:47.399081+00:00,2026-07-03T11:21:47.398881,3,3,117.05,0.1,117.0,625,116.8,200,116.6,500,,,,,,,,,,,,,,,117.1,130,117.2,625,117.3,500,,,,,,,,,,,,,,
2026-07-03T11:21:47.436456+00:00,2026-07-03T11:21:47.436190,1,3,116.85,0.5,116.6,500,,,,,,,,,,,,,,,,,,,117.1,130,117.2,625,117.3,500,,,,,,,,,,,,,,
2026-07-03T11:21:47.441825+00:00,2026-07-03T11:21:47.441538,2,1,117.1,0.4,116.9,200,116.6,500,,,,,,,,,,,,,,,,,117.3,500,,,,,,,,,,,,,,,,,,
2026-07-03T11:21:47.458703+00:00,2026-07-03T11:21:47.447394,2,2,117.0,0.2,116.9,825,116.6,500,,,,,,,,,,,,,,,,,117.1,825,117.3,500,,,,,,,,,,,,,,,,
2026-07-03T11:21:47.981402+00:00,2026-07-03T11:21:47.981134,1,2,117.0,0.2,116.9,825,,,,,,,,,,,,,,,,,,,117.1,825,117.3,500,,,,,,,,,,,,,,,,
2026-07-03T11:21:47.986606+00:00,2026-07-03T11:21:47.986482,1,1,117.0,0.2,116.9,825,,,,,,,,,,,,,,,,,,,117.1,825,,,,,,,,,,,,,,,,,,
2026-07-03T11:21:47.991870+00:00,2026-07-03T11:21:47.991811,2,1,117.0,0.2,116.9,825,116.7,500,,,,,,,,,,,,,,,,,117.1,825,,,,,,,,,,,,,,,,,,
2026-07-03T11:21:47.996923+00:00,2026-07-03T11:21:47.997111,2,2,117.0,0.2,116.9,825,116.7,500,,,,,,,,,,,,,,,,,117.1,825,117.4,500,,,,,,,,,,,,,,,,
2026-07-03T11:21:48.583919+00:00,2026-07-03T11:21:48.583720,1,2,117.0,0.2,116.9,825,,,,,,,,,,,,,,,,,,,117.1,825,117.4,500,,,,,,,,,,,,,,,,
2026-07-03T11:21:48.589322+00:00,2026-07-03T11:21:48.589070,1,1,117.0,0.2,116.9,825,,,,,,,,,,,,,,,,,,,117.1,825,,,,,,,,,,,,,,,,,,
2026-07-03T11:21:48.594426+00:00,2026-07-03T11:21:48.594391,2,1,117.0,0.2,116.9,825,116.6,500,,,,,,,,,,,,,,,,,117.1,825,,,,,,,,,,,,,,,,,,
2026-07-03T11:21:48.675042+00:00,2026-07-03T11:21:48.674672,3,3,116.95,0.1,116.9,625,116.7,200,116.6,500,,,,,,,,,,,,,,,117.0,200,117.1,625,117.3,500,,,,,,,,,,,,,,
2026-07-03T11:21:48.758703+00:00,2026-07-03T11:21:48.755877,3,2,116.9,0.2,116.8,625,116.7,200,116.6,500,,,,,,,,,,,,,,,117.0,825,117.3,500,,,,,,,,,,,,,,,,
2026-07-03T11:21:49.190502+00:00,2026-07-03T11:21:49.190466,2,1,116.9,0.2,116.8,625,116.7,700,,,,,,,,,,,,,,,,,117.0,825,,,,,,,,,,,,,,,,,,
2026-07-03T11:21:49.202437+00:00,2026-07-03T11:21:49.201606,2,2,116.9,0.2,116.8,625,116.7,700,,,,,,,,,,,,,,,,,117.0,825,117.3,500,,,,,,,,,,,,,,,,
2026-07-03T11:21:49.369293+00:00,2026-07-03T11:21:49.368425,2,2,116.9,0.2,116.8,625,116.7,700,,,,,,,,,,,,,,,,,117.0,822,117.3,500,,,,,,,,,,,,,,,,
2026-07-03T11:21:49.594744+00:00,2026-07-03T11:21:49.594675,2,2,116.9,0.2,116.8,625,116.7,700,,,,,,,,,,,,,,,,,117.0,802,117.3,500,,,,,,,,,,,,,,,,
2026-07-03T11:21:49.799029+00:00,2026-07-03T11:21:49.798839,2,2,116.9,0.2,116.8,625,116.7,200,,,,,,,,,,,,,,,,,117.0,802,117.3,500,,,,,,,,,,,,,,,,
2026-07-03T11:21:49.804583+00:00,2026-07-03T11:21:49.804474,3,2,116.9,0.2,116.8,625,116.7,200,116.5,500,,,,,,,,,,,,,,,117.0,802,117.2,500,,,,,,,,,,,,,,,,
2026-07-03T11:21:49.864104+00:00,2026-07-03T11:21:49.863998,3,3,116.95,0.1,116.9,200,116.8,625,116.5,500,,,,,,,,,,,,,,,117.0,625,117.1,200,117.2,500,,,,,,,,,,,,,,
2026-07-03T11:21:50.063845+00:00,2026-07-03T11:21:50.064086,2,3,116.8,0.2,116.7,625,116.5,500,,,,,,,,,,,,,,,,,116.9,425,117.1,200,117.2,500,,,,,,,,,,,,,,
2026-07-03T11:21:50.074109+00:00,2026-07-03T11:21:50.072929,2,3,116.8,0.2,116.7,625,116.5,500,,,,,,,,,,,,,,,,,116.9,414,117.1,200,117.2,500,,,,,,,,,,,,,,
2026-07-03T11:21:50.458847+00:00,2026-07-03T11:21:50.458700,1,3,116.8,0.2,116.7,625,,,,,,,,,,,,,,,,,,,116.9,414,117.1,200,117.2,500,,,,,,,,,,,,,,
2026-07-03T11:21:50.464913+00:00,2026-07-03T11:21:50.464301,2,3,116.8,0.2,116.7,625,116.5,500,,,,,,,,,,,,,,,,,116.9,414,117.1,200,117.2,500,,,,,,,,,,,,,,
2026-07-03T11:21:51.018194+00:00,2026-07-03T11:21:51.018119,1,3,116.8,0.2,116.7,625,,,,,,,,,,,,,,,,,,,116.9,414,117.1,200,117.2,500,,,,,,,,,,,,,,
2026-07-03T11:21:51.028862+00:00,2026-07-03T11:21:51.028718,1,2,116.8,0.2,116.7,625,,,,,,,,,,,,,,,,,,,116.9,414,117.1,200,,,,,,,,,,,,,,,,
2026-07-03T11:21:51.034131+00:00,2026-07-03T11:21:51.034050,2,2,116.8,0.2,116.7,625,116.6,500,,,,,,,,,,,,,,,,,116.9,414,117.1,200,,,,,,,,,,,,,,,,
2026-07-03T11:21:51.039463+00:00,2026-07-03T11:21:51.039386,2,3,116.8,0.2,116.7,625,116.6,500,,,,,,,,,,,,,,,,,116.9,414,117.1,200,117.2,500,,,,,,,,,,,,,,
2026-07-03T11:21:51.063628+00:00,2026-07-03T11:21:51.063833,3,2,116.85,0.1,116.8,200,116.7,625,116.6,500,,,,,,,,,,,,,,,116.9,414,117.2,500,,,,,,,,,,,,,,,,
2026-07-03T11:21:51.069172+00:00,2026-07-03T11:21:51.069085,3,3,116.85,0.1,116.8,200,116.7,625,116.6,500,,,,,,,,,,,,,,,116.9,414,117.0,200,117.2,500,,,,,,,,,,,,,,
2026-07-03T11:21:51.363940+00:00,2026-07-03T11:21:51.363814,2,3,116.85,0.1,116.8,200,116.6,500,,,,,,,,,,,,,,,,,116.9,414,117.0,200,117.2,500,,,,,,,,,,,,,,
2026-07-03T11:21:51.368909+00:00,2026-07-03T11:21:51.369560,3,1,117.1,0.2,117.0,425,116.8,200,116.6,500,,,,,,,,,,,,,,,117.2,1125,,,,,,,,,,,,,,,,,,
2026-07-03T11:21:51.638233+00:00,2026-07-03T11:21:51.637584,3,1,117.1,0.2,117.0,425,116.8,200,116.6,500,,,,,,,,,,,,,,,117.2,625,,,,,,,,,,,,,,,,,,
2026-07-03T11:21:51.658915+00:00,2026-07-03T11:21:51.643857,3,1,117.1,0.2,117.0,425,116.8,200,116.6,500,,,,,,,,,,,,,,,117.2,1125,,,,,,,,,,,,,,,,,,
2026-07-03T11:21:52.222349+00:00,2026-07-03T11:21:52.221817,2,1,117.1,0.2,117.0,425,116.8,200,,,,,,,,,,,,,,,,,117.2,1125,,,,,,,,,,,,,,,,,,
2026-07-03T11:21:52.258771+00:00,2026-07-03T11:21:52.244442,3,2,117.1,0.2,117.0,425,116.8,200,116.6,500,,,,,,,,,,,,,,,117.2,625,117.3,500,,,,,,,,,,,,,,,,
2026-07-03T11:21:52.289939+00:00,2026-07-03T11:21:52.289864,2,2,117.1,0.2,117.0,425,116.6,500,,,,,,,,,,,,,,,,,117.2,625,117.3,500,,,,,,,,,,,,,,,,
2026-07-03T11:21:52.295253+00:00,2026-07-03T11:21:52.295185,3,2,117.1,0.2,117.0,225,116.7,200,116.6,500,,,,,,,,,,,,,,,117.2,625,117.3,500,,,,,,,,,,,,,,,,
2026-07-03T11:21:52.674465+00:00,2026-07-03T11:21:52.674379,2,1,117.0,0.6,116.7,825,116.6,500,,,,,,,,,,,,,,,,,117.3,500,,,,,,,,,,,,,,,,,,
2026-07-03T11:21:52.679629+00:00,2026-07-03T11:21:52.679526,2,2,116.8,0.2,116.7,825,116.6,500,,,,,,,,,,,,,,,,,116.9,625,117.3,500,,,,,,,,,,,,,,,,
2026-07-03T11:21:52.828541+00:00,2026-07-03T11:21:52.828360,1,2,116.8,0.2,116.7,825,,,,,,,,,,,,,,,,,,,116.9,625,117.3,500,,,,,,,,,,,,,,,,
2026-07-03T11:21:52.834780+00:00,2026-07-03T11:21:52.833846,1,1,116.8,0.2,116.7,825,,,,,,,,,,,,,,,,,,,116.9,625,,,,,,,,,,,,,,,,,,
2026-07-03T11:21:52.840012+00:00,2026-07-03T11:21:52.839945,2,1,116.8,0.2,116.7,825,116.6,500,,,,,,,,,,,,,,,,,116.9,625,,,,,,,,,,,,,,,,,,
2026-07-03T11:21:52.858729+00:00,2026-07-03T11:21:52.845571,2,2,116.8,0.2,116.7,825,116.6,500,,,,,,,,,,,,,,,,,116.9,625,117.3,500,,,,,,,,,,,,,,,,
2026-07-03T11:21:53.428306+00:00,2026-07-03T11:21:53.427266,1,2,116.8,0.2,116.7,825,,,,,,,,,,,,,,,,,,,116.9,625,117.3,500,,,,,,,,,,,,,,,,
2026-07-03T11:21:53.438950+00:00,2026-07-03T11:21:53.438743,1,1,116.8,0.2,116.7,825,,,,,,,,,,,,,,,,,,,116.9,625,,,,,,,,,,,,,,,,,,
2026-07-03T11:21:53.444228+00:00,2026-07-03T11:21:53.444034,2,1,116.8,0.2,116.7,825,116.6,500,,,,,,,,,,,,,,,,,116.9,625,,,,,,,,,,,,,,,,,,
2026-07-03T11:21:53.460736+00:00,2026-07-03T11:21:53.458800,2,2,116.8,0.2,116.7,825,116.6,500,,,,,,,,,,,,,,,,,116.9,625,117.3,500,,,,,,,,,,,,,,,,
2026-07-03T11:21:53.477019+00:00,2026-07-03T11:21:53.476886,2,2,116.8,0.2,116.7,625,116.6,500,,,,,,,,,,,,,,,,,116.9,625,117.3,500,,,,,,,,,,,,,,,,
2026-07-03T11:21:53.482253+00:00,2026-07-03T11:21:53.482214,2,3,116.8,0.2,116.7,625,116.6,500,,,,,,,,,,,,,,,,,116.9,425,117.2,200,117.3,500,,,,,,,,,,,,,,
2026-07-03T11:21:54.008705+00:00,2026-07-03T11:21:54.008417,2,3,116.8,0.2,116.7,625,116.6,500,,,,,,,,,,,,,,,,,116.9,625,117.2,200,117.3,500,,,,,,,,,,,,,,
2026-07-03T11:21:54.034878+00:00,2026-07-03T11:21:54.041173,2,2,116.8,0.2,116.7,625,116.6,500,,,,,,,,,,,,,,,,,116.9,625,117.2,200,,,,,,,,,,,,,,,,
2026-07-03T11:21:54.064088+00:00,2026-07-03T11:21:54.063820,2,3,116.8,0.2,116.7,625,116.6,500,,,,,,,,,,,,,,,,,116.9,625,117.2,200,117.3,500,,,,,,,,,,,,,,
2026-07-03T11:21:54.637126+00:00,2026-07-03T11:21:54.636853,1,3,116.8,0.2,116.7,625,,,,,,,,,,,,,,,,,,,116.9,625,117.2,200,117.3,500,,,,,,,,,,,,,,
2026-07-03T11:21:54.658973+00:00,2026-07-03T11:21:54.658747,2,2,116.8,0.2,116.7,625,116.5,500,,,,,,,,,,,,,,,,,116.9,625,117.2,200,,,,,,,,,,,,,,,,
2026-07-03T11:21:54.669550+00:00,2026-07-03T11:21:54.669248,2,2,116.8,0.2,116.7,625,116.5,500,,,,,,,,,,,,,,,,,116.9,625,117.2,700,,,,,,,,,,,,,,,,
2026-07-03T11:21:54.685384+00:00,2026-07-03T11:21:54.685226,2,2,116.8,0.2,116.7,625,116.5,500,,,,,,,,,,,,,,,,,116.9,625,117.2,500,,,,,,,,,,,,,,,,
2026-07-03T11:21:54.690652+00:00,2026-07-03T11:21:54.690518,2,2,116.8,0.2,116.7,625,116.5,500,,,,,,,,,,,,,,,,,116.9,425,117.2,700,,,,,,,,,,,,,,,,
