recv_time,book_timestamp,n_bids,n_asks,mid,spread,bid_px_0,bid_vol_0,bid_px_1,bid_vol_1,bid_px_2,bid_vol_2,bid_px_3,bid_vol_3,bid_px_4,bid_vol_4,bid_px_5,bid_vol_5,bid_px_6,bid_vol_6,bid_px_7,bid_vol_7,bid_px_8,bid_vol_8,bid_px_9,bid_vol_9,ask_px_0,ask_vol_0,ask_px_1,ask_vol_1,ask_px_2,ask_vol_2,ask_px_3,ask_vol_3,ask_px_4,ask_vol_4,ask_px_5,ask_vol_5,ask_px_6,ask_vol_6,ask_px_7,ask_vol_7,ask_px_8,ask_vol_8,ask_px_9,ask_vol_9
2026-07-01T17:30:30.915740+00:00,2026-07-01T17:30:30.914194,3,2,88.6,0.2,88.5,200,88.4,6,88.2,500,,,,,,,,,,,,,,,88.7,576,89.0,625,,,,,,,,,,,,,,,,
2026-07-01T17:30:31.168811+00:00,2026-07-01T17:30:31.148141,3,2,88.6,0.2,88.5,200,88.4,6,88.1,500,,,,,,,,,,,,,,,88.7,576,89.0,625,,,,,,,,,,,,,,,,
2026-07-01T17:30:31.210742+00:00,2026-07-01T17:30:31.210495,2,2,88.55,0.3,88.4,6,88.1,500,,,,,,,,,,,,,,,,,88.7,504,89.0,625,,,,,,,,,,,,,,,,
2026-07-01T17:30:31.231699+00:00,2026-07-01T17:30:31.230399,3,3,88.55,0.1,88.5,200,88.4,6,88.1,500,,,,,,,,,,,,,,,88.6,154,88.7,504,89.0,625,,,,,,,,,,,,,,
2026-07-01T17:30:31.699115+00:00,2026-07-01T17:30:31.699022,3,2,88.55,0.1,88.5,200,88.4,6,88.1,500,,,,,,,,,,,,,,,88.6,154,88.7,504,,,,,,,,,,,,,,,,
2026-07-01T17:30:31.704340+00:00,2026-07-01T17:30:31.704249,3,2,88.55,0.1,88.5,200,88.4,631,88.1,500,,,,,,,,,,,,,,,88.6,779,88.7,504,,,,,,,,,,,,,,,,
2026-07-01T17:30:31.739096+00:00,2026-07-01T17:30:31.738987,2,2,88.55,0.1,88.5,200,88.4,631,,,,,,,,,,,,,,,,,88.6,779,88.7,504,,,,,,,,,,,,,,,,
2026-07-01T17:30:31.764945+00:00,2026-07-01T17:30:31.764860,2,2,88.55,0.1,88.5,200,88.4,631,,,,,,,,,,,,,,,,,88.6,779,88.7,4,,,,,,,,,,,,,,,,
2026-07-01T17:30:31.775364+00:00,2026-07-01T17:30:31.775273,3,2,88.55,0.1,88.5,200,88.4,631,88.1,500,,,,,,,,,,,,,,,88.6,779,88.7,4,,,,,,,,,,,,,,,,
2026-07-01T17:30:31.780586+00:00,2026-07-01T17:30:31.780536,3,2,88.55,0.1,88.5,200,88.4,631,88.1,500,,,,,,,,,,,,,,,88.6,779,88.7,504,,,,,,,,,,,,,,,,
2026-07-01T17:30:31.900337+00:00,2026-07-01T17:30:31.900504,3,2,88.55,0.1,88.5,200,88.4,631,88.1,500,,,,,,,,,,,,,,,88.6,779,88.7,503,,,,,,,,,,,,,,,,
2026-07-01T17:30:32.379423+00:00,2026-07-01T17:30:32.371972,2,2,88.55,0.1,88.5,200,88.4,631,,,,,,,,,,,,,,,,,88.6,779,88.7,3,,,,,,,,,,,,,,,,
2026-07-01T17:30:32.390350+00:00,2026-07-01T17:30:32.390179,3,2,88.55,0.1,88.5,200,88.4,631,88.1,500,,,,,,,,,,,,,,,88.6,779,88.7,3,,,,,,,,,,,,,,,,
2026-07-01T17:30:32.395356+00:00,2026-07-01T17:30:32.395488,3,2,88.55,0.1,88.5,200,88.4,631,88.1,500,,,,,,,,,,,,,,,88.6,779,88.7,503,,,,,,,,,,,,,,,,
2026-07-01T17:30:32.429463+00:00,2026-07-01T17:30:32.427365,3,2,88.55,0.1,88.5,200,88.4,631,88.1,500,,,,,,,,,,,,,,,88.6,625,88.7,503,,,,,,,,,,,,,,,,
2026-07-01T17:30:32.441007+00:00,2026-07-01T17:30:32.440898,3,2,88.55,0.1,88.5,200,88.4,631,88.1,500,,,,,,,,,,,,,,,88.6,625,88.7,703,,,,,,,,,,,,,,,,
2026-07-01T17:30:32.925041+00:00,2026-07-01T17:30:32.924921,3,2,88.55,0.1,88.5,200,88.4,631,88.1,500,,,,,,,,,,,,,,,88.6,605,88.7,703,,,,,,,,,,,,,,,,
2026-07-01T17:30:32.976416+00:00,2026-07-01T17:30:32.976291,2,2,88.55,0.1,88.5,200,88.4,631,,,,,,,,,,,,,,,,,88.6,605,88.7,703,,,,,,,,,,,,,,,,
2026-07-01T17:30:32.981653+00:00,2026-07-01T17:30:32.981569,2,2,88.55,0.1,88.5,200,88.4,631,,,,,,,,,,,,,,,,,88.6,605,88.7,203,,,,,,,,,,,,,,,,
2026-07-01T17:30:32.986695+00:00,2026-07-01T17:30:32.986830,3,2,88.55,0.1,88.5,200,88.4,631,88.1,500,,,,,,,,,,,,,,,88.6,605,88.7,203,,,,,,,,,,,,,,,,
2026-07-01T17:30:32.997413+00:00,2026-07-01T17:30:32.997273,3,2,88.55,0.1,88.5,200,88.4,631,88.1,500,,,,,,,,,,,,,,,88.6,605,88.7,703,,,,,,,,,,,,,,,,
2026-07-01T17:30:33.008074+00:00,2026-07-01T17:30:33.007896,3,2,88.55,0.1,88.5,200,88.4,6,88.1,500,,,,,,,,,,,,,,,88.6,605,88.7,703,,,,,,,,,,,,,,,,
2026-07-01T17:30:33.013276+00:00,2026-07-01T17:30:33.013195,3,1,88.6,0.2,88.5,825,88.4,6,88.1,500,,,,,,,,,,,,,,,88.7,703,,,,,,,,,,,,,,,,,,
2026-07-01T17:30:33.018498+00:00,2026-07-01T17:30:33.018386,3,1,88.6,0.2,88.5,825,88.4,6,88.1,500,,,,,,,,,,,,,,,88.7,1328,,,,,,,,,,,,,,,,,,
2026-07-01T17:30:33.574395+00:00,2026-07-01T17:30:33.574306,2,1,88.6,0.2,88.5,825,88.4,6,,,,,,,,,,,,,,,,,88.7,1328,,,,,,,,,,,,,,,,,,
2026-07-01T17:30:33.584810+00:00,2026-07-01T17:30:33.584736,2,1,88.6,0.2,88.5,825,88.4,6,,,,,,,,,,,,,,,,,88.7,828,,,,,,,,,,,,,,,,,,
2026-07-01T17:30:33.595271+00:00,2026-07-01T17:30:33.595153,3,1,88.6,0.2,88.5,825,88.4,6,88.1,500,,,,,,,,,,,,,,,88.7,828,,,,,,,,,,,,,,,,,,
2026-07-01T17:30:33.600628+00:00,2026-07-01T17:30:33.600447,3,1,88.6,0.2,88.5,825,88.4,6,88.1,500,,,,,,,,,,,,,,,88.7,1328,,,,,,,,,,,,,,,,,,
2026-07-01T17:30:33.663471+00:00,2026-07-01T17:30:33.662326,4,2,88.65,0.1,88.6,194,88.5,625,88.4,6,88.1,500,,,,,,,,,,,,,88.7,1128,88.8,200,,,,,,,,,,,,,,,,
2026-07-01T17:30:33.668197+00:00,2026-07-01T17:30:33.666997,4,2,88.65,0.1,88.6,189,88.5,625,88.4,6,88.1,500,,,,,,,,,,,,,88.7,1128,88.8,200,,,,,,,,,,,,,,,,
2026-07-01T17:30:33.812045+00:00,2026-07-01T17:30:33.811955,4,2,88.65,0.1,88.6,189,88.5,625,88.4,4,88.1,500,,,,,,,,,,,,,88.7,1128,88.8,200,,,,,,,,,,,,,,,,
2026-07-01T17:30:34.180608+00:00,2026-07-01T17:30:34.180424,3,2,88.65,0.1,88.6,189,88.5,625,88.4,4,,,,,,,,,,,,,,,88.7,1128,88.8,200,,,,,,,,,,,,,,,,
2026-07-01T17:30:34.185774+00:00,2026-07-01T17:30:34.185702,3,2,88.65,0.1,88.6,189,88.5,625,88.4,4,,,,,,,,,,,,,,,88.7,628,88.8,200,,,,,,,,,,,,,,,,
2026-07-01T17:30:34.196206+00:00,2026-07-01T17:30:34.196125,4,2,88.65,0.1,88.6,189,88.5,625,88.4,4,88.2,500,,,,,,,,,,,,,88.7,628,88.8,200,,,,,,,,,,,,,,,,
2026-07-01T17:30:34.201648+00:00,2026-07-01T17:30:34.201414,4,2,88.65,0.1,88.6,189,88.5,625,88.4,4,88.2,500,,,,,,,,,,,,,88.7,1128,88.8,200,,,,,,,,,,,,,,,,
2026-07-01T17:30:34.329432+00:00,2026-07-01T17:30:34.329317,3,2,88.65,0.1,88.6,189,88.4,4,88.2,500,,,,,,,,,,,,,,,88.7,1128,88.8,200,,,,,,,,,,,,,,,,
2026-07-01T17:30:34.334760+00:00,2026-07-01T17:30:34.334617,3,2,88.65,0.1,88.6,814,88.4,4,88.2,500,,,,,,,,,,,,,,,88.7,503,88.8,200,,,,,,,,,,,,,,,,
2026-07-01T17:30:34.339924+00:00,2026-07-01T17:30:34.339845,3,2,88.65,0.1,88.6,814,88.4,4,88.2,500,,,,,,,,,,,,,,,88.7,503,88.8,825,,,,,,,,,,,,,,,,
2026-07-01T17:30:34.783170+00:00,2026-07-01T17:30:34.782945,2,2,88.65,0.1,88.6,814,88.4,4,,,,,,,,,,,,,,,,,88.7,503,88.8,825,,,,,,,,,,,,,,,,
2026-07-01T17:30:34.788284+00:00,2026-07-01T17:30:34.788223,2,2,88.65,0.1,88.6,814,88.4,4,,,,,,,,,,,,,,,,,88.7,3,88.8,825,,,,,,,,,,,,,,,,
2026-07-01T17:30:34.793329+00:00,2026-07-01T17:30:34.793497,3,2,88.65,0.1,88.6,814,88.4,4,88.1,500,,,,,,,,,,,,,,,88.7,3,88.8,825,,,,,,,,,,,,,,,,
2026-07-01T17:30:34.803802+00:00,2026-07-01T17:30:34.803894,3,2,88.65,0.1,88.6,814,88.4,4,88.1,500,,,,,,,,,,,,,,,88.7,503,88.8,825,,,,,,,,,,,,,,,,
2026-07-01T17:30:34.844599+00:00,2026-07-01T17:30:34.844556,3,2,88.65,0.1,88.6,625,88.4,4,88.1,500,,,,,,,,,,,,,,,88.7,503,88.8,825,,,,,,,,,,,,,,,,
2026-07-01T17:30:34.858766+00:00,2026-07-01T17:30:34.858628,3,2,88.65,0.1,88.6,625,88.4,4,88.1,500,,,,,,,,,,,,,,,88.7,503,88.8,625,,,,,,,,,,,,,,,,
2026-07-01T17:30:34.863947+00:00,2026-07-01T17:30:34.863873,3,3,88.65,0.1,88.6,625,88.4,4,88.1,500,,,,,,,,,,,,,,,88.7,303,88.8,625,88.9,200,,,,,,,,,,,,,,
2026-07-01T17:30:35.385998+00:00,2026-07-01T17:30:35.385851,2,3,88.65,0.1,88.6,625,88.4,4,,,,,,,,,,,,,,,,,88.7,303,88.8,625,88.9,200,,,,,,,,,,,,,,
2026-07-01T17:30:35.391271+00:00,2026-07-01T17:30:35.391189,2,2,88.7,0.2,88.6,625,88.4,4,,,,,,,,,,,,,,,,,88.8,625,88.9,200,,,,,,,,,,,,,,,,
2026-07-01T17:30:35.396512+00:00,2026-07-01T17:30:35.396472,3,2,88.7,0.2,88.6,625,88.4,4,88.2,500,,,,,,,,,,,,,,,88.8,625,88.9,200,,,,,,,,,,,,,,,,
2026-07-01T17:30:35.406807+00:00,2026-07-01T17:30:35.406887,3,3,88.65,0.1,88.6,625,88.4,4,88.2,500,,,,,,,,,,,,,,,88.7,500,88.8,625,88.9,200,,,,,,,,,,,,,,
2026-07-01T17:30:35.412281+00:00,2026-07-01T17:30:35.412228,3,3,88.65,0.1,88.6,605,88.4,4,88.2,500,,,,,,,,,,,,,,,88.7,500,88.8,625,88.9,200,,,,,,,,,,,,,,
2026-07-01T17:30:35.443288+00:00,2026-07-01T17:30:35.443416,3,3,88.65,0.1,88.6,605,88.4,3,88.2,500,,,,,,,,,,,,,,,88.7,500,88.8,625,88.9,200,,,,,,,,,,,,,,
2026-07-01T17:30:35.643535+00:00,2026-07-01T17:30:35.643692,3,2,88.65,0.1,88.6,625,88.4,3,88.2,500,,,,,,,,,,,,,,,88.7,500,88.9,200,,,,,,,,,,,,,,,,
2026-07-01T17:30:35.648953+00:00,2026-07-01T17:30:35.648873,3,3,88.65,0.1,88.6,625,88.4,3,88.2,500,,,,,,,,,,,,,,,88.7,500,88.8,625,88.9,200,,,,,,,,,,,,,,
2026-07-01T17:30:35.985338+00:00,2026-07-01T17:30:35.985479,2,3,88.65,0.1,88.6,625,88.4,3,,,,,,,,,,,,,,,,,88.7,500,88.8,625,88.9,200,,,,,,,,,,,,,,
2026-07-01T17:30:35.996058+00:00,2026-07-01T17:30:35.995882,2,2,88.7,0.2,88.6,625,88.4,3,,,,,,,,,,,,,,,,,88.8,625,88.9,200,,,,,,,,,,,,,,,,
2026-07-01T17:30:36.001270+00:00,2026-07-01T17:30:36.001170,3,2,88.7,0.2,88.6,625,88.4,3,88.2,500,,,,,,,,,,,,,,,88.8,625,88.9,200,,,,,,,,,,,,,,,,
2026-07-01T17:30:36.006501+00:00,2026-07-01T17:30:36.006433,3,3,88.65,0.1,88.6,625,88.4,3,88.2,500,,,,,,,,,,,,,,,88.7,500,88.8,625,88.9,200,,,,,,,,,,,,,,
2026-07-01T17:30:36.069120+00:00,2026-07-01T17:30:36.069007,3,2,88.65,0.1,88.6,825,88.4,3,88.2,500,,,,,,,,,,,,,,,88.7,500,88.8,825,,,,,,,,,,,,,,,,
2026-07-01T17:30:36.204105+00:00,2026-07-01T17:30:36.190318,3,2,88.65,0.1,88.6,825,88.4,2,88.2,500,,,,,,,,,,,,,,,88.7,507,88.8,825,,,,,,,,,,,,,,,,
2026-07-01T17:30:36.443786+00:00,2026-07-01T17:30:36.443704,3,2,88.65,0.1,88.6,825,88.4,1,88.2,500,,,,,,,,,,,,,,,88.7,507,88.8,825,,,,,,,,,,,,,,,,
2026-07-01T17:30:36.591861+00:00,2026-07-01T17:30:36.591762,2,2,88.65,0.1,88.6,825,88.4,1,,,,,,,,,,,,,,,,,88.7,507,88.8,825,,,,,,,,,,,,,,,,
2026-07-01T17:30:36.597092+00:00,2026-07-01T17:30:36.597054,2,2,88.65,0.1,88.6,825,88.4,1,,,,,,,,,,,,,,,,,88.7,7,88.8,825,,,,,,,,,,,,,,,,
2026-07-01T17:30:36.607612+00:00,2026-07-01T17:30:36.607469,3,2,88.65,0.1,88.6,825,88.4,1,88.1,500,,,,,,,,,,,,,,,88.7,7,88.8,825,,,,,,,,,,,,,,,,
2026-07-01T17:30:36.612899+00:00,2026-07-01T17:30:36.612731,3,2,88.65,0.1,88.6,825,88.4,1,88.1,500,,,,,,,,,,,,,,,88.7,507,88.8,825,,,,,,,,,,,,,,,,
2026-07-01T17:30:36.679828+00:00,2026-07-01T17:30:36.679789,3,2,88.65,0.1,88.6,825,88.4,1,88.1,500,,,,,,,,,,,,,,,88.7,487,88.8,825,,,,,,,,,,,,,,,,
2026-07-01T17:30:36.900014+00:00,2026-07-01T17:30:36.899957,3,2,88.65,0.1,88.6,825,88.4,1,88.1,500,,,,,,,,,,,,,,,88.7,493,88.8,825,,,,,,,,,,,,,,,,
2026-07-01T17:30:36.951815+00:00,2026-07-01T17:30:36.951966,3,2,88.65,0.1,88.6,200,88.4,1,88.1,500,,,,,,,,,,,,,,,88.7,493,88.8,200,,,,,,,,,,,,,,,,
2026-07-01T17:30:36.958586+00:00,2026-07-01T17:30:36.957375,4,1,88.75,0.1,88.7,132,88.6,200,88.4,1,88.1,500,,,,,,,,,,,,,88.8,825,,,,,,,,,,,,,,,,,,
2026-07-01T17:30:37.193776+00:00,2026-07-01T17:30:37.193618,3,1,88.75,0.1,88.7,132,88.6,200,88.4,1,,,,,,,,,,,,,,,88.8,825,,,,,,,,,,,,,,,,,,
2026-07-01T17:30:37.199017+00:00,2026-07-01T17:30:37.198893,4,1,88.75,0.1,88.7,132,88.6,200,88.4,1,88.2,500,,,,,,,,,,,,,88.8,825,,,,,,,,,,,,,,,,,,
2026-07-01T17:30:37.209434+00:00,2026-07-01T17:30:37.209269,3,2,88.65,0.1,88.6,200,88.4,1,88.2,500,,,,,,,,,,,,,,,88.7,368,88.8,825,,,,,,,,,,,,,,,,
2026-07-01T17:30:37.269220+00:00,2026-07-01T17:30:37.269135,2,2,88.55,0.3,88.4,1,88.2,500,,,,,,,,,,,,,,,,,88.7,368,88.8,625,,,,,,,,,,,,,,,,
2026-07-01T17:30:37.279669+00:00,2026-07-01T17:30:37.279587,2,2,88.55,0.3,88.4,1,88.2,500,,,,,,,,,,,,,,,,,88.7,168,88.8,625,,,,,,,,,,,,,,,,
2026-07-01T17:30:37.284833+00:00,2026-07-01T17:30:37.284752,2,3,88.55,0.3,88.4,1,88.2,500,,,,,,,,,,,,,,,,,88.7,168,88.8,625,88.9,200,,,,,,,,,,,,,,
2026-07-01T17:30:37.300623+00:00,2026-07-01T17:30:37.300494,2,3,88.55,0.3,88.4,1,88.2,500,,,,,,,,,,,,,,,,,88.7,168,88.8,630,88.9,200,,,,,,,,,,,,,,
2026-07-01T17:30:37.458695+00:00,2026-07-01T17:30:37.446561,2,3,88.55,0.3,88.4,1,88.2,500,,,,,,,,,,,,,,,,,88.7,168,88.8,629,88.9,200,,,,,,,,,,,,,,
2026-07-01T17:30:37.796886+00:00,2026-07-01T17:30:37.796683,1,3,88.55,0.3,88.4,1,,,,,,,,,,,,,,,,,,,88.7,168,88.8,629,88.9,200,,,,,,,,,,,,,,
2026-07-01T17:30:37.802024+00:00,2026-07-01T17:30:37.801959,1,2,88.6,0.4,88.4,1,,,,,,,,,,,,,,,,,,,88.8,629,88.9,200,,,,,,,,,,,,,,,,
2026-07-01T17:30:37.807267+00:00,2026-07-01T17:30:37.807219,2,2,88.6,0.4,88.4,1,88.1,500,,,,,,,,,,,,,,,,,88.8,629,88.9,200,,,,,,,,,,,,,,,,
2026-07-01T17:30:37.817545+00:00,2026-07-01T17:30:37.817617,2,3,88.55,0.3,88.4,1,88.1,500,,,,,,,,,,,,,,,,,88.7,500,88.8,629,88.9,200,,,,,,,,,,,,,,
2026-07-01T17:30:38.216638+00:00,2026-07-01T17:30:38.216749,2,3,88.55,0.3,88.4,1,88.1,500,,,,,,,,,,,,,,,,,88.7,500,88.8,628,88.9,200,,,,,,,,,,,,,,
2026-07-01T17:30:38.258604+00:00,2026-07-01T17:30:38.258122,2,3,88.55,0.3,88.4,1,88.1,500,,,,,,,,,,,,,,,,,88.7,500,88.8,3,88.9,200,,,,,,,,,,,,,,
2026-07-01T17:30:38.270195+00:00,2026-07-01T17:30:38.270163,2,4,88.5,0.2,88.4,626,88.1,500,,,,,,,,,,,,,,,,,88.6,625,88.7,500,88.8,3,88.9,200,,,,,,,,,,,,
2026-07-01T17:30:38.303280+00:00,2026-07-01T17:30:38.303485,2,4,88.5,0.2,88.4,626,88.1,500,,,,,,,,,,,,,,,,,88.6,625,88.7,500,88.8,2,88.9,200,,,,,,,,,,,,
2026-07-01T17:30:38.458787+00:00,2026-07-01T17:30:38.458589,1,3,88.5,0.2,88.4,626,,,,,,,,,,,,,,,,,,,88.6,625,88.8,2,88.9,200,,,,,,,,,,,,,,
2026-07-01T17:30:38.464643+00:00,2026-07-01T17:30:38.464052,2,3,88.5,0.2,88.4,626,88.1,500,,,,,,,,,,,,,,,,,88.6,1125,88.8,2,88.9,200,,,,,,,,,,,,,,
2026-07-01T17:30:38.487796+00:00,2026-07-01T17:30:38.487761,2,3,88.5,0.2,88.4,626,88.1,500,,,,,,,,,,,,,,,,,88.6,925,88.8,2,88.9,200,,,,,,,,,,,,,,
2026-07-01T17:30:39.032876+00:00,2026-07-01T17:30:39.032731,1,3,88.5,0.2,88.4,626,,,,,,,,,,,,,,,,,,,88.6,925,88.8,2,88.9,200,,,,,,,,,,,,,,
2026-07-01T17:30:39.038119+00:00,2026-07-01T17:30:39.038022,1,3,88.5,0.2,88.4,626,,,,,,,,,,,,,,,,,,,88.6,425,88.8,2,88.9,200,,,,,,,,,,,,,,
2026-07-01T17:30:39.058698+00:00,2026-07-01T17:30:39.048619,2,4,88.5,0.2,88.4,626,88.1,500,,,,,,,,,,,,,,,,,88.6,425,88.7,500,88.8,2,88.9,200,,,,,,,,,,,,
2026-07-01T17:30:39.575998+00:00,2026-07-01T17:30:39.575916,2,3,88.55,0.3,88.4,1,88.1,500,,,,,,,,,,,,,,,,,88.7,500,88.8,2,88.9,200,,,,,,,,,,,,,,
2026-07-01T17:30:39.581186+00:00,2026-07-01T17:30:39.581133,2,4,88.5,0.2,88.4,626,88.1,500,,,,,,,,,,,,,,,,,88.6,625,88.7,500,88.8,2,88.9,200,,,,,,,,,,,,
2026-07-01T17:30:39.636322+00:00,2026-07-01T17:30:39.636204,1,4,88.5,0.2,88.4,626,,,,,,,,,,,,,,,,,,,88.6,625,88.7,500,88.8,2,88.9,200,,,,,,,,,,,,
2026-07-01T17:30:39.641542+00:00,2026-07-01T17:30:39.641503,1,3,88.5,0.2,88.4,626,,,,,,,,,,,,,,,,,,,88.6,625,88.8,2,88.9,200,,,,,,,,,,,,,,
2026-07-01T17:30:39.669115+00:00,2026-07-01T17:30:39.668965,2,4,88.5,0.2,88.4,626,88.1,500,,,,,,,,,,,,,,,,,88.6,625,88.7,500,88.8,2,88.9,200,,,,,,,,,,,,
2026-07-01T17:30:39.695196+00:00,2026-07-01T17:30:39.695089,2,3,88.5,0.2,88.4,826,88.1,500,,,,,,,,,,,,,,,,,88.6,625,88.7,500,88.8,2,,,,,,,,,,,,,,
2026-07-01T17:30:39.700384+00:00,2026-07-01T17:30:39.700296,2,3,88.5,0.2,88.4,826,88.1,500,,,,,,,,,,,,,,,,,88.6,825,88.7,500,88.8,2,,,,,,,,,,,,,,
2026-07-01T17:30:40.027938+00:00,2026-07-01T17:30:40.027782,2,3,88.5,0.2,88.4,826,88.1,500,,,,,,,,,,,,,,,,,88.6,825,88.7,500,88.8,1,,,,,,,,,,,,,,
2026-07-01T17:30:40.237835+00:00,2026-07-01T17:30:40.237684,1,3,88.5,0.2,88.4,826,,,,,,,,,,,,,,,,,,,88.6,825,88.7,500,88.8,1,,,,,,,,,,,,,,
2026-07-01T17:30:40.258620+00:00,2026-07-01T17:30:40.248217,2,3,88.5,0.2,88.4,826,88.1,500,,,,,,,,,,,,,,,,,88.6,825,88.7,500,88.8,1,,,,,,,,,,,,,,
2026-07-01T17:30:40.840841+00:00,2026-07-01T17:30:40.840686,1,3,88.5,0.2,88.4,826,,,,,,,,,,,,,,,,,,,88.6,825,88.7,500,88.8,1,,,,,,,,,,,,,,
2026-07-01T17:30:40.845852+00:00,2026-07-01T17:30:40.846063,1,2,88.5,0.2,88.4,826,,,,,,,,,,,,,,,,,,,88.6,825,88.8,1,,,,,,,,,,,,,,,,
2026-07-01T17:30:40.858921+00:00,2026-07-01T17:30:40.858849,2,2,88.5,0.2,88.4,826,88.1,500,,,,,,,,,,,,,,,,,88.6,825,88.8,1,,,,,,,,,,,,,,,,
2026-07-01T17:30:40.864491+00:00,2026-07-01T17:30:40.864212,2,2,88.5,0.2,88.4,826,88.1,500,,,,,,,,,,,,,,,,,88.6,1325,88.8,1,,,,,,,,,,,,,,,,
2026-07-01T17:30:40.886022+00:00,2026-07-01T17:30:40.885920,2,2,88.5,0.2,88.4,826,88.1,500,,,,,,,,,,,,,,,,,88.6,1325,88.8,1,,,,,,,,,,,,,,,,
2026-07-01T17:30:40.902487+00:00,2026-07-01T17:30:40.902449,2,2,88.5,0.2,88.4,626,88.1,500,,,,,,,,,,,,,,,,,88.6,1125,88.8,1,,,,,,,,,,,,,,,,
2026-07-01T17:30:40.907820+00:00,2026-07-01T17:30:40.907717,3,3,88.55,0.1,88.5,200,88.4,626,88.1,500,,,,,,,,,,,,,,,88.6,1125,88.7,200,88.8,1,,,,,,,,,,,,,,
2026-07-01T17:30:41.459043+00:00,2026-07-01T17:30:41.458756,2,3,88.55,0.1,88.5,200,88.4,626,,,,,,,,,,,,,,,,,88.6,1125,88.7,200,88.8,1,,,,,,,,,,,,,,
2026-07-01T17:30:41.469577+00:00,2026-07-01T17:30:41.469378,3,3,88.55,0.1,88.5,200,88.4,626,88.0,500,,,,,,,,,,,,,,,88.6,625,88.7,200,88.8,1,,,,,,,,,,,,,,
2026-07-01T17:30:41.475052+00:00,2026-07-01T17:30:41.474709,3,3,88.55,0.1,88.5,200,88.4,626,88.0,500,,,,,,,,,,,,,,,88.6,1125,88.7,200,88.8,1,,,,,,,,,,,,,,
2026-07-01T17:30:42.046428+00:00,2026-07-01T17:30:42.046363,2,3,88.55,0.1,88.5,200,88.4,626,,,,,,,,,,,,,,,,,88.6,1125,88.7,200,88.8,1,,,,,,,,,,,,,,
2026-07-01T17:30:42.051756+00:00,2026-07-01T17:30:42.051687,2,3,88.55,0.1,88.5,200,88.4,626,,,,,,,,,,,,,,,,,88.6,625,88.7,200,88.8,1,,,,,,,,,,,,,,
2026-07-01T17:30:42.058549+00:00,2026-07-01T17:30:42.057044,3,3,88.55,0.1,88.5,200,88.4,626,88.0,500,,,,,,,,,,,,,,,88.6,625,88.7,200,88.8,1,,,,,,,,,,,,,,
2026-07-01T17:30:42.069111+00:00,2026-07-01T17:30:42.068951,3,3,88.55,0.1,88.5,200,88.4,626,88.0,500,,,,,,,,,,,,,,,88.6,1125,88.7,200,88.8,1,,,,,,,,,,,,,,
2026-07-01T17:30:42.112837+00:00,2026-07-01T17:30:42.112727,2,3,88.5,0.2,88.4,626,88.0,500,,,,,,,,,,,,,,,,,88.6,1125,88.7,200,88.8,1,,,,,,,,,,,,,,
2026-07-01T17:30:42.118144+00:00,2026-07-01T17:30:42.118043,3,2,88.55,0.1,88.5,200,88.4,626,88.0,500,,,,,,,,,,,,,,,88.6,1125,88.8,1,,,,,,,,,,,,,,,,
2026-07-01T17:30:42.123337+00:00,2026-07-01T17:30:42.123255,3,3,88.55,0.1,88.5,200,88.4,626,88.0,500,,,,,,,,,,,,,,,88.6,1125,88.7,200,88.8,1,,,,,,,,,,,,,,
2026-07-01T17:30:42.192920+00:00,2026-07-01T17:30:42.193160,4,3,88.55,0.1,88.5,200,88.4,1,88.3,625,88.0,500,,,,,,,,,,,,,88.6,500,88.7,200,88.8,1,,,,,,,,,,,,,,
2026-07-01T17:30:42.198709+00:00,2026-07-01T17:30:42.198469,3,4,88.45,0.1,88.4,1,88.3,625,88.0,500,,,,,,,,,,,,,,,88.5,425,88.6,500,88.7,200,88.8,1,,,,,,,,,,,,
2026-07-01T17:30:42.647415+00:00,2026-07-01T17:30:42.647335,2,4,88.45,0.1,88.4,1,88.3,625,,,,,,,,,,,,,,,,,88.5,425,88.6,500,88.7,200,88.8,1,,,,,,,,,,,,
2026-07-01T17:30:42.658506+00:00,2026-07-01T17:30:42.658657,2,3,88.45,0.1,88.4,1,88.3,625,,,,,,,,,,,,,,,,,88.5,425,88.7,200,88.8,1,,,,,,,,,,,,,,
2026-07-01T17:30:42.664086+00:00,2026-07-01T17:30:42.663981,3,3,88.45,0.1,88.4,1,88.3,625,88.0,500,,,,,,,,,,,,,,,88.5,425,88.7,200,88.8,1,,,,,,,,,,,,,,
2026-07-01T17:30:42.669430+00:00,2026-07-01T17:30:42.669312,3,4,88.45,0.1,88.4,1,88.3,625,88.0,500,,,,,,,,,,,,,,,88.5,425,88.6,500,88.7,200,88.8,1,,,,,,,,,,,,
2026-07-01T17:30:43.258554+00:00,2026-07-01T17:30:43.255438,3,3,88.45,0.1,88.4,1,88.3,625,88.0,500,,,,,,,,,,,,,,,88.5,425,88.7,200,88.8,1,,,,,,,,,,,,,,
2026-07-01T17:30:43.269596+00:00,2026-07-01T17:30:43.269485,3,3,88.45,0.1,88.4,1,88.3,625,88.0,500,,,,,,,,,,,,,,,88.5,925,88.7,200,88.8,1,,,,,,,,,,,,,,
2026-07-01T17:30:43.322085+00:00,2026-07-01T17:30:43.321984,3,2,88.45,0.1,88.4,1,88.3,625,88.0,500,,,,,,,,,,,,,,,88.5,925,88.8,1,,,,,,,,,,,,,,,,
2026-07-01T17:30:43.327316+00:00,2026-07-01T17:30:43.327209,3,3,88.45,0.1,88.4,201,88.3,625,88.0,500,,,,,,,,,,,,,,,88.5,925,88.6,200,88.8,1,,,,,,,,,,,,,,
2026-07-01T17:30:43.502360+00:00,2026-07-01T17:30:43.502294,2,3,88.45,0.1,88.4,826,88.0,500,,,,,,,,,,,,,,,,,88.5,500,88.6,200,88.8,1,,,,,,,,,,,,,,
2026-07-01T17:30:43.507410+00:00,2026-07-01T17:30:43.507526,2,3,88.45,0.1,88.4,826,88.0,500,,,,,,,,,,,,,,,,,88.5,500,88.6,825,88.8,1,,,,,,,,,,,,,,
2026-07-01T17:30:43.864290+00:00,2026-07-01T17:30:43.864130,1,2,88.5,0.2,88.4,826,,,,,,,,,,,,,,,,,,,88.6,825,88.8,1,,,,,,,,,,,,,,,,
2026-07-01T17:30:43.869617+00:00,2026-07-01T17:30:43.869453,2,2,88.5,0.2,88.4,826,88.0,500,,,,,,,,,,,,,,,,,88.6,825,88.8,1,,,,,,,,,,,,,,,,
2026-07-01T17:30:43.874967+00:00,2026-07-01T17:30:43.874809,2,3,88.45,0.1,88.4,826,88.0,500,,,,,,,,,,,,,,,,,88.5,500,88.6,825,88.8,1,,,,,,,,,,,,,,
2026-07-01T17:30:44.485494+00:00,2026-07-01T17:30:44.485386,1,3,88.45,0.1,88.4,826,,,,,,,,,,,,,,,,,,,88.5,500,88.6,825,88.8,1,,,,,,,,,,,,,,
2026-07-01T17:30:44.496120+00:00,2026-07-01T17:30:44.495959,1,2,88.5,0.2,88.4,826,,,,,,,,,,,,,,,,,,,88.6,825,88.8,1,,,,,,,,,,,,,,,,
2026-07-01T17:30:44.501517+00:00,2026-07-01T17:30:44.501380,2,2,88.5,0.2,88.4,826,88.0,500,,,,,,,,,,,,,,,,,88.6,825,88.8,1,,,,,,,,,,,,,,,,
2026-07-01T17:30:44.506858+00:00,2026-07-01T17:30:44.506745,2,2,88.5,0.2,88.4,826,88.0,500,,,,,,,,,,,,,,,,,88.6,1325,88.8,1,,,,,,,,,,,,,,,,
2026-07-01T17:30:44.527916+00:00,2026-07-01T17:30:44.527791,2,2,88.5,0.2,88.4,626,88.0,500,,,,,,,,,,,,,,,,,88.6,1325,88.8,1,,,,,,,,,,,,,,,,
2026-07-01T17:30:44.533114+00:00,2026-07-01T17:30:44.533031,2,2,88.5,0.2,88.4,826,88.0,500,,,,,,,,,,,,,,,,,88.6,1125,88.8,1,,,,,,,,,,,,,,,,
2026-07-01T17:30:44.558927+00:00,2026-07-01T17:30:44.558724,2,2,88.5,0.2,88.4,826,88.0,500,,,,,,,,,,,,,,,,,88.6,1325,88.8,1,,,,,,,,,,,,,,,,
2026-07-01T17:30:44.808046+00:00,2026-07-01T17:30:44.807896,2,2,88.5,0.2,88.4,201,88.0,500,,,,,,,,,,,,,,,,,88.6,1325,88.8,1,,,,,,,,,,,,,,,,
2026-07-01T17:30:44.813231+00:00,2026-07-01T17:30:44.813148,2,2,88.5,0.2,88.4,826,88.0,500,,,,,,,,,,,,,,,,,88.6,1325,88.8,1,,,,,,,,,,,,,,,,
2026-07-01T17:30:44.900561+00:00,2026-07-01T17:30:44.900477,2,2,88.5,0.2,88.4,806,88.0,500,,,,,,,,,,,,,,,,,88.6,1325,88.8,1,,,,,,,,,,,,,,,,
2026-07-01T17:30:45.058569+00:00,2026-07-01T17:30:45.053922,2,2,88.5,0.2,88.4,816,88.0,500,,,,,,,,,,,,,,,,,88.6,1325,88.8,1,,,,,,,,,,,,,,,,
2026-07-01T17:30:45.085538+00:00,2026-07-01T17:30:45.085469,1,2,88.5,0.2,88.4,816,,,,,,,,,,,,,,,,,,,88.6,1325,88.8,1,,,,,,,,,,,,,,,,
2026-07-01T17:30:45.096021+00:00,2026-07-01T17:30:45.095874,1,2,88.5,0.2,88.4,816,,,,,,,,,,,,,,,,,,,88.6,825,88.8,1,,,,,,,,,,,,,,,,
2026-07-01T17:30:45.101235+00:00,2026-07-01T17:30:45.101133,2,2,88.5,0.2,88.4,816,88.0,500,,,,,,,,,,,,,,,,,88.6,825,88.8,1,,,,,,,,,,,,,,,,
2026-07-01T17:30:45.111698+00:00,2026-07-01T17:30:45.111536,2,2,88.5,0.2,88.4,816,88.0,500,,,,,,,,,,,,,,,,,88.6,1325,88.8,1,,,,,,,,,,,,,,,,
2026-07-01T17:30:45.692992+00:00,2026-07-01T17:30:45.692835,1,2,88.5,0.2,88.4,816,,,,,,,,,,,,,,,,,,,88.6,1325,88.8,1,,,,,,,,,,,,,,,,
2026-07-01T17:30:45.698242+00:00,2026-07-01T17:30:45.698151,1,2,88.5,0.2,88.4,816,,,,,,,,,,,,,,,,,,,88.6,825,88.8,1,,,,,,,,,,,,,,,,
2026-07-01T17:30:45.703559+00:00,2026-07-01T17:30:45.703426,2,2,88.5,0.2,88.4,816,88.0,500,,,,,,,,,,,,,,,,,88.6,825,88.8,1,,,,,,,,,,,,,,,,
2026-07-01T17:30:45.713992+00:00,2026-07-01T17:30:45.713865,2,2,88.5,0.2,88.4,816,88.0,500,,,,,,,,,,,,,,,,,88.6,1325,88.8,1,,,,,,,,,,,,,,,,
2026-07-01T17:30:45.758821+00:00,2026-07-01T17:30:45.746496,2,2,88.5,0.2,88.4,635,88.0,500,,,,,,,,,,,,,,,,,88.6,1125,88.8,1,,,,,,,,,,,,,,,,
2026-07-01T17:30:45.763641+00:00,2026-07-01T17:30:45.763840,3,3,88.55,0.1,88.5,200,88.4,635,88.0,500,,,,,,,,,,,,,,,88.6,1125,88.7,200,88.8,1,,,,,,,,,,,,,,
2026-07-01T17:30:45.777448+00:00,2026-07-01T17:30:45.776207,3,3,88.55,0.1,88.5,197,88.4,635,88.0,500,,,,,,,,,,,,,,,88.6,1125,88.7,200,88.8,1,,,,,,,,,,,,,,
2026-07-01T17:30:46.115043+00:00,2026-07-01T17:30:46.114982,3,3,88.55,0.1,88.5,197,88.4,635,88.0,500,,,,,,,,,,,,,,,88.6,1125,88.7,200,88.8,1,,,,,,,,,,,,,,
2026-07-01T17:30:46.295184+00:00,2026-07-01T17:30:46.295044,2,3,88.55,0.1,88.5,197,88.4,635,,,,,,,,,,,,,,,,,88.6,1125,88.7,200,88.8,1,,,,,,,,,,,,,,
2026-07-01T17:30:46.300455+00:00,2026-07-01T17:30:46.300340,2,3,88.55,0.1,88.5,197,88.4,635,,,,,,,,,,,,,,,,,88.6,625,88.7,200,88.8,1,,,,,,,,,,,,,,
2026-07-01T17:30:46.305772+00:00,2026-07-01T17:30:46.305606,3,3,88.55,0.1,88.5,197,88.4,635,88.0,500,,,,,,,,,,,,,,,88.6,625,88.7,200,88.8,1,,,,,,,,,,,,,,
2026-07-01T17:30:46.315969+00:00,2026-07-01T17:30:46.316041,3,3,88.55,0.1,88.5,197,88.4,635,88.0,500,,,,,,,,,,,,,,,88.6,1125,88.7,200,88.8,1,,,,,,,,,,,,,,
2026-07-01T17:30:46.894284+00:00,2026-07-01T17:30:46.894211,2,3,88.55,0.1,88.5,197,88.4,635,,,,,,,,,,,,,,,,,88.6,1125,88.7,200,88.8,1,,,,,,,,,,,,,,
2026-07-01T17:30:46.904852+00:00,2026-07-01T17:30:46.904635,2,3,88.55,0.1,88.5,197,88.4,635,,,,,,,,,,,,,,,,,88.6,625,88.7,200,88.8,1,,,,,,,,,,,,,,
2026-07-01T17:30:46.910115+00:00,2026-07-01T17:30:46.909998,3,3,88.55,0.1,88.5,197,88.4,635,88.0,500,,,,,,,,,,,,,,,88.6,625,88.7,200,88.8,1,,,,,,,,,,,,,,
2026-07-01T17:30:46.915429+00:00,2026-07-01T17:30:46.915311,3,3,88.55,0.1,88.5,197,88.4,635,88.0,500,,,,,,,,,,,,,,,88.6,1125,88.7,200,88.8,1,,,,,,,,,,,,,,
2026-07-01T17:30:46.963962+00:00,2026-07-01T17:30:46.963930,2,2,88.5,0.2,88.4,635,88.0,500,,,,,,,,,,,,,,,,,88.6,1125,88.8,1,,,,,,,,,,,,,,,,
2026-07-01T17:30:46.969267+00:00,2026-07-01T17:30:46.969150,3,3,88.55,0.1,88.5,200,88.4,635,88.0,500,,,,,,,,,,,,,,,88.6,1125,88.7,200,88.8,1,,,,,,,,,,,,,,
2026-07-01T17:30:47.423888+00:00,2026-07-01T17:30:47.423778,3,3,88.55,0.1,88.5,200,88.4,10,88.0,500,,,,,,,,,,,,,,,88.6,1125,88.7,200,88.8,1,,,,,,,,,,,,,,
2026-07-01T17:30:47.429098+00:00,2026-07-01T17:30:47.429012,4,3,88.55,0.1,88.5,200,88.4,10,88.3,625,88.0,500,,,,,,,,,,,,,88.6,500,88.7,200,88.8,1,,,,,,,,,,,,,,
2026-07-01T17:30:47.434307+00:00,2026-07-01T17:30:47.434250,3,4,88.45,0.1,88.4,10,88.3,625,88.0,500,,,,,,,,,,,,,,,88.5,425,88.6,500,88.7,200,88.8,1,,,,,,,,,,,,
2026-07-01T17:30:47.498835+00:00,2026-07-01T17:30:47.498699,2,4,88.45,0.1,88.4,10,88.3,625,,,,,,,,,,,,,,,,,88.5,425,88.6,500,88.7,200,88.8,1,,,,,,,,,,,,
2026-07-01T17:30:47.509359+00:00,2026-07-01T17:30:47.509122,2,3,88.45,0.1,88.4,10,88.3,625,,,,,,,,,,,,,,,,,88.5,425,88.7,200,88.8,1,,,,,,,,,,,,,,
2026-07-01T17:30:47.514521+00:00,2026-07-01T17:30:47.514395,3,3,88.45,0.1,88.4,10,88.3,625,88.1,500,,,,,,,,,,,,,,,88.5,425,88.7,200,88.8,1,,,,,,,,,,,,,,
2026-07-01T17:30:47.519769+00:00,2026-07-01T17:30:47.519673,3,4,88.45,0.1,88.4,10,88.3,625,88.1,500,,,,,,,,,,,,,,,88.5,425,88.6,500,88.7,200,88.8,1,,,,,,,,,,,,
2026-07-01T17:30:48.098506+00:00,2026-07-01T17:30:48.098644,2,4,88.45,0.1,88.4,10,88.3,625,,,,,,,,,,,,,,,,,88.5,425,88.6,500,88.7,200,88.8,1,,,,,,,,,,,,
2026-07-01T17:30:48.109364+00:00,2026-07-01T17:30:48.109169,2,3,88.45,0.1,88.4,10,88.3,625,,,,,,,,,,,,,,,,,88.5,425,88.7,200,88.8,1,,,,,,,,,,,,,,
2026-07-01T17:30:48.114577+00:00,2026-07-01T17:30:48.114495,3,3,88.45,0.1,88.4,10,88.3,625,88.1,500,,,,,,,,,,,,,,,88.5,425,88.7,200,88.8,1,,,,,,,,,,,,,,
2026-07-01T17:30:48.119993+00:00,2026-07-01T17:30:48.119821,3,4,88.45,0.1,88.4,10,88.3,625,88.1,500,,,,,,,,,,,,,,,88.5,425,88.6,500,88.7,200,88.8,1,,,,,,,,,,,,
2026-07-01T17:30:48.169104+00:00,2026-07-01T17:30:48.169011,3,3,88.45,0.1,88.4,10,88.3,625,88.1,500,,,,,,,,,,,,,,,88.5,425,88.6,500,88.8,1,,,,,,,,,,,,,,
2026-07-01T17:30:48.174427+00:00,2026-07-01T17:30:48.174340,3,3,88.45,0.1,88.4,10,88.3,625,88.1,500,,,,,,,,,,,,,,,88.5,225,88.6,500,88.8,1,,,,,,,,,,,,,,
2026-07-01T17:30:48.179662+00:00,2026-07-01T17:30:48.179515,3,3,88.45,0.1,88.4,10,88.3,625,88.1,500,,,,,,,,,,,,,,,88.5,225,88.6,500,88.8,201,,,,,,,,,,,,,,
2026-07-01T17:30:48.380761+00:00,2026-07-01T17:30:48.380585,3,3,88.45,0.1,88.4,9,88.3,625,88.1,500,,,,,,,,,,,,,,,88.5,225,88.6,500,88.8,201,,,,,,,,,,,,,,
2026-07-01T17:30:48.704989+00:00,2026-07-01T17:30:48.705111,2,3,88.45,0.1,88.4,9,88.3,625,,,,,,,,,,,,,,,,,88.5,225,88.6,500,88.8,201,,,,,,,,,,,,,,
2026-07-01T17:30:48.710326+00:00,2026-07-01T17:30:48.710428,2,2,88.45,0.1,88.4,9,88.3,625,,,,,,,,,,,,,,,,,88.5,225,88.8,201,,,,,,,,,,,,,,,,
2026-07-01T17:30:48.715955+00:00,2026-07-01T17:30:48.715706,3,2,88.45,0.1,88.4,9,88.3,625,88.0,500,,,,,,,,,,,,,,,88.5,225,88.8,201,,,,,,,,,,,,,,,,
2026-07-01T17:30:48.721090+00:00,2026-07-01T17:30:48.721018,3,3,88.45,0.1,88.4,9,88.3,625,88.0,500,,,,,,,,,,,,,,,88.5,225,88.6,500,88.8,201,,,,,,,,,,,,,,
2026-07-01T17:30:48.736817+00:00,2026-07-01T17:30:48.736748,2,2,88.5,0.2,88.4,634,88.0,500,,,,,,,,,,,,,,,,,88.6,500,88.8,201,,,,,,,,,,,,,,,,
2026-07-01T17:30:48.742024+00:00,2026-07-01T17:30:48.741909,2,2,88.5,0.2,88.4,634,88.0,500,,,,,,,,,,,,,,,,,88.6,1125,88.8,201,,,,,,,,,,,,,,,,
2026-07-01T17:30:49.308426+00:00,2026-07-01T17:30:49.308237,1,2,88.5,0.2,88.4,634,,,,,,,,,,,,,,,,,,,88.6,1125,88.8,201,,,,,,,,,,,,,,,,
2026-07-01T17:30:49.313739+00:00,2026-07-01T17:30:49.313612,1,2,88.5,0.2,88.4,634,,,,,,,,,,,,,,,,,,,88.6,625,88.8,201,,,,,,,,,,,,,,,,
2026-07-01T17:30:49.319009+00:00,2026-07-01T17:30:49.318945,2,2,88.5,0.2,88.4,634,88.0,500,,,,,,,,,,,,,,,,,88.6,625,88.8,201,,,,,,,,,,,,,,,,
2026-07-01T17:30:49.324065+00:00,2026-07-01T17:30:49.324279,2,2,88.5,0.2,88.4,634,88.0,500,,,,,,,,,,,,,,,,,88.6,1125,88.8,201,,,,,,,,,,,,,,,,
2026-07-01T17:30:49.334926+00:00,2026-07-01T17:30:49.334781,2,2,88.5,0.2,88.4,633,88.0,500,,,,,,,,,,,,,,,,,88.6,1125,88.8,201,,,,,,,,,,,,,,,,
2026-07-01T17:30:49.380161+00:00,2026-07-01T17:30:49.379991,2,2,88.5,0.2,88.4,633,88.0,500,,,,,,,,,,,,,,,,,88.6,925,88.8,1,,,,,,,,,,,,,,,,
2026-07-01T17:30:49.395861+00:00,2026-07-01T17:30:49.395835,2,2,88.5,0.2,88.4,633,88.0,500,,,,,,,,,,,,,,,,,88.6,925,88.8,201,,,,,,,,,,,,,,,,
2026-07-01T17:30:49.909597+00:00,2026-07-01T17:30:49.909459,1,2,88.5,0.2,88.4,633,,,,,,,,,,,,,,,,,,,88.6,925,88.8,201,,,,,,,,,,,,,,,,
2026-07-01T17:30:49.914838+00:00,2026-07-01T17:30:49.914787,1,2,88.5,0.2,88.4,633,,,,,,,,,,,,,,,,,,,88.6,425,88.8,201,,,,,,,,,,,,,,,,
2026-07-01T17:30:49.920115+00:00,2026-07-01T17:30:49.920065,2,2,88.5,0.2,88.4,633,88.0,500,,,,,,,,,,,,,,,,,88.6,425,88.8,201,,,,,,,,,,,,,,,,
2026-07-01T17:30:49.930595+00:00,2026-07-01T17:30:49.930472,2,3,88.45,0.1,88.4,633,88.0,500,,,,,,,,,,,,,,,,,88.5,500,88.6,425,88.8,201,,,,,,,,,,,,,,
2026-07-01T17:30:50.040395+00:00,2026-07-01T17:30:50.040280,2,3,88.45,0.1,88.4,8,88.0,500,,,,,,,,,,,,,,,,,88.5,500,88.6,425,88.8,201,,,,,,,,,,,,,,
2026-07-01T17:30:50.045365+00:00,2026-07-01T17:30:50.045524,2,2,88.45,0.1,88.4,8,88.0,500,,,,,,,,,,,,,,,,,88.5,500,88.8,201,,,,,,,,,,,,,,,,
2026-07-01T17:30:50.058560+00:00,2026-07-01T17:30:50.050766,2,3,88.45,0.1,88.4,633,88.0,500,,,,,,,,,,,,,,,,,88.5,500,88.6,625,88.8,201,,,,,,,,,,,,,,
2026-07-01T17:30:50.105923+00:00,2026-07-01T17:30:50.106125,2,3,88.45,0.1,88.4,613,88.0,500,,,,,,,,,,,,,,,,,88.5,500,88.6,625,88.8,201,,,,,,,,,,,,,,
2026-07-01T17:30:50.404975+00:00,2026-07-01T17:30:50.404836,2,3,88.45,0.1,88.4,620,88.0,500,,,,,,,,,,,,,,,,,88.5,500,88.6,625,88.8,201,,,,,,,,,,,,,,
2026-07-01T17:30:50.540550+00:00,2026-07-01T17:30:50.540397,1,3,88.45,0.1,88.4,620,,,,,,,,,,,,,,,,,,,88.5,500,88.6,625,88.8,201,,,,,,,,,,,,,,
2026-07-01T17:30:50.558785+00:00,2026-07-01T17:30:50.552081,2,2,88.5,0.2,88.4,620,88.0,500,,,,,,,,,,,,,,,,,88.6,1125,88.8,201,,,,,,,,,,,,,,,,
2026-07-01T17:30:50.601738+00:00,2026-07-01T17:30:50.601626,3,3,88.55,0.1,88.5,200,88.4,620,88.0,500,,,,,,,,,,,,,,,88.6,1125,88.7,200,88.8,1,,,,,,,,,,,,,,
2026-07-01T17:30:51.138245+00:00,2026-07-01T17:30:51.138164,2,3,88.55,0.1,88.5,200,88.4,620,,,,,,,,,,,,,,,,,88.6,1125,88.7,200,88.8,1,,,,,,,,,,,,,,
2026-07-01T17:30:51.158917+00:00,2026-07-01T17:30:51.158751,2,3,88.55,0.1,88.5,200,88.4,620,,,,,,,,,,,,,,,,,88.6,625,88.7,200,88.8,1,,,,,,,,,,,,,,
2026-07-01T17:30:51.164577+00:00,2026-07-01T17:30:51.164267,3,3,88.55,0.1,88.5,200,88.4,620,88.0,500,,,,,,,,,,,,,,,88.6,1125,88.7,200,88.8,1,,,,,,,,,,,,,,
2026-07-01T17:30:51.363975+00:00,2026-07-01T17:30:51.363932,3,3,88.55,0.1,88.5,825,88.4,7,88.0,500,,,,,,,,,,,,,,,88.6,500,88.7,825,88.8,1,,,,,,,,,,,,,,
2026-07-01T17:30:51.744874+00:00,2026-07-01T17:30:51.744719,2,3,88.55,0.1,88.5,825,88.4,7,,,,,,,,,,,,,,,,,88.6,500,88.7,825,88.8,1,,,,,,,,,,,,,,
2026-07-01T17:30:51.758826+00:00,2026-07-01T17:30:51.758706,2,2,88.6,0.2,88.5,825,88.4,7,,,,,,,,,,,,,,,,,88.7,825,88.8,1,,,,,,,,,,,,,,,,
2026-07-01T17:30:51.763833+00:00,2026-07-01T17:30:51.764092,3,2,88.6,0.2,88.5,825,88.4,7,88.0,500,,,,,,,,,,,,,,,88.7,825,88.8,1,,,,,,,,,,,,,,,,
2026-07-01T17:30:51.769633+00:00,2026-07-01T17:30:51.769462,3,2,88.6,0.2,88.5,325,88.4,7,88.0,500,,,,,,,,,,,,,,,88.7,825,88.8,1,,,,,,,,,,,,,,,,
2026-07-01T17:30:51.811708+00:00,2026-07-01T17:30:51.811569,3,2,88.6,0.2,88.5,325,88.4,7,88.0,500,,,,,,,,,,,,,,,88.7,625,88.8,1,,,,,,,,,,,,,,,,
2026-07-01T17:30:51.816664+00:00,2026-07-01T17:30:51.816865,4,2,88.6,0.2,88.5,125,88.4,7,88.2,200,88.0,500,,,,,,,,,,,,,88.7,625,88.8,1,,,,,,,,,,,,,,,,
2026-07-01T17:30:52.358599+00:00,2026-07-01T17:30:52.352438,4,3,88.55,0.1,88.5,125,88.4,7,88.2,200,88.0,500,,,,,,,,,,,,,88.6,500,88.7,625,88.8,1,,,,,,,,,,,,,,
2026-07-01T17:30:52.664061+00:00,2026-07-01T17:30:52.663976,3,2,88.5,0.2,88.4,7,88.2,200,88.0,500,,,,,,,,,,,,,,,88.6,500,88.8,1,,,,,,,,,,,,,,,,
2026-07-01T17:30:52.669365+00:00,2026-07-01T17:30:52.669243,2,3,88.25,0.1,88.2,825,88.0,500,,,,,,,,,,,,,,,,,88.3,618,88.6,500,88.8,1,,,,,,,,,,,,,,
2026-07-01T17:30:52.741837+00:00,2026-07-01T17:30:52.741731,2,3,88.25,0.1,88.2,833,88.0,500,,,,,,,,,,,,,,,,,88.3,618,88.6,500,88.8,1,,,,,,,,,,,,,,
2026-07-01T17:30:52.958788+00:00,2026-07-01T17:30:52.958635,1,3,88.25,0.1,88.2,833,,,,,,,,,,,,,,,,,,,88.3,618,88.6,500,88.8,1,,,,,,,,,,,,,,
2026-07-01T17:30:52.964304+00:00,2026-07-01T17:30:52.964072,2,2,88.25,0.1,88.2,833,88.0,500,,,,,,,,,,,,,,,,,88.3,618,88.8,1,,,,,,,,,,,,,,,,
2026-07-01T17:30:52.969557+00:00,2026-07-01T17:30:52.969378,2,3,88.25,0.1,88.2,833,88.0,500,,,,,,,,,,,,,,,,,88.3,618,88.6,500,88.8,1,,,,,,,,,,,,,,
2026-07-01T17:30:53.020019+00:00,2026-07-01T17:30:53.020163,2,3,88.25,0.1,88.2,633,88.0,500,,,,,,,,,,,,,,,,,88.3,618,88.6,500,88.8,1,,,,,,,,,,,,,,
2026-07-01T17:30:53.025497+00:00,2026-07-01T17:30:53.025462,2,3,88.25,0.1,88.2,633,88.0,500,,,,,,,,,,,,,,,,,88.3,418,88.6,500,88.8,1,,,,,,,,,,,,,,
2026-07-01T17:30:53.030743+00:00,2026-07-01T17:30:53.030663,2,4,88.25,0.1,88.2,633,88.0,500,,,,,,,,,,,,,,,,,88.3,418,88.5,200,88.6,500,88.8,1,,,,,,,,,,,,
2026-07-01T17:30:53.379873+00:00,2026-07-01T17:30:53.379750,2,4,88.25,0.1,88.2,632,88.0,500,,,,,,,,,,,,,,,,,88.3,418,88.5,200,88.6,500,88.8,1,,,,,,,,,,,,
2026-07-01T17:30:53.563973+00:00,2026-07-01T17:30:53.563900,1,3,88.25,0.1,88.2,632,,,,,,,,,,,,,,,,,,,88.3,418,88.5,200,88.8,1,,,,,,,,,,,,,,
2026-07-01T17:30:53.569300+00:00,2026-07-01T17:30:53.569174,2,3,88.25,0.1,88.2,632,88.0,500,,,,,,,,,,,,,,,,,88.3,418,88.5,200,88.8,1,,,,,,,,,,,,,,
2026-07-01T17:30:53.579819+00:00,2026-07-01T17:30:53.579616,2,4,88.25,0.1,88.2,632,88.0,500,,,,,,,,,,,,,,,,,88.3,418,88.5,200,88.6,500,88.8,1,,,,,,,,,,,,
2026-07-01T17:30:53.975634+00:00,2026-07-01T17:30:53.975541,2,3,88.35,0.3,88.2,7,88.0,500,,,,,,,,,,,,,,,,,88.5,200,88.6,500,88.8,1,,,,,,,,,,,,,,
2026-07-01T17:30:53.980841+00:00,2026-07-01T17:30:53.980796,2,3,88.45,0.1,88.4,625,88.0,500,,,,,,,,,,,,,,,,,88.5,825,88.6,500,88.8,1,,,,,,,,,,,,,,
2026-07-01T17:30:54.164091+00:00,2026-07-01T17:30:54.163827,1,3,88.45,0.1,88.4,625,,,,,,,,,,,,,,,,,,,88.5,825,88.6,500,88.8,1,,,,,,,,,,,,,,
2026-07-01T17:30:54.169314+00:00,2026-07-01T17:30:54.169128,1,2,88.45,0.1,88.4,625,,,,,,,,,,,,,,,,,,,88.5,825,88.8,1,,,,,,,,,,,,,,,,
2026-07-01T17:30:54.174518+00:00,2026-07-01T17:30:54.174426,2,2,88.45,0.1,88.4,625,88.0,500,,,,,,,,,,,,,,,,,88.5,825,88.8,1,,,,,,,,,,,,,,,,
2026-07-01T17:30:54.179936+00:00,2026-07-01T17:30:54.179735,2,2,88.45,0.1,88.4,625,88.0,500,,,,,,,,,,,,,,,,,88.5,1325,88.8,1,,,,,,,,,,,,,,,,
2026-07-01T17:30:54.258645+00:00,2026-07-01T17:30:54.233522,3,2,88.45,0.1,88.4,425,88.2,200,88.0,500,,,,,,,,,,,,,,,88.5,1125,88.8,1,,,,,,,,,,,,,,,,
2026-07-01T17:30:54.413562+00:00,2026-07-01T17:30:54.413427,3,2,88.45,0.1,88.4,275,88.2,200,88.0,500,,,,,,,,,,,,,,,88.5,1125,88.8,1,,,,,,,,,,,,,,,,
2026-07-01T17:30:54.423997+00:00,2026-07-01T17:30:54.423920,3,2,88.45,0.1,88.4,283,88.2,200,88.0,500,,,,,,,,,,,,,,,88.5,1125,88.8,1,,,,,,,,,,,,,,,,
2026-07-01T17:30:54.758698+00:00,2026-07-01T17:30:54.756656,2,2,88.45,0.1,88.4,283,88.2,200,,,,,,,,,,,,,,,,,88.5,625,88.8,1,,,,,,,,,,,,,,,,
2026-07-01T17:30:54.769444+00:00,2026-07-01T17:30:54.769382,3,2,88.45,0.1,88.4,283,88.2,200,88.0,500,,,,,,,,,,,,,,,88.5,625,88.8,1,,,,,,,,,,,,,,,,
2026-07-01T17:30:54.774762+00:00,2026-07-01T17:30:54.774675,3,2,88.45,0.1,88.4,283,88.2,200,88.0,500,,,,,,,,,,,,,,,88.5,1125,88.8,1,,,,,,,,,,,,,,,,
2026-07-01T17:30:55.286446+00:00,2026-07-01T17:30:55.286343,3,1,88.45,0.1,88.4,8,88.2,825,88.0,500,,,,,,,,,,,,,,,88.5,500,,,,,,,,,,,,,,,,,,
2026-07-01T17:30:55.291686+00:00,2026-07-01T17:30:55.291569,2,2,88.3,0.2,88.2,825,88.0,500,,,,,,,,,,,,,,,,,88.4,617,88.5,500,,,,,,,,,,,,,,,,
2026-07-01T17:30:55.358674+00:00,2026-07-01T17:30:55.358243,1,2,88.3,0.2,88.2,825,,,,,,,,,,,,,,,,,,,88.4,617,88.5,500,,,,,,,,,,,,,,,,
2026-07-01T17:30:55.369182+00:00,2026-07-01T17:30:55.368975,1,1,88.3,0.2,88.2,825,,,,,,,,,,,,,,,,,,,88.4,617,,,,,,,,,,,,,,,,,,
2026-07-01T17:30:55.374319+00:00,2026-07-01T17:30:55.374263,2,1,88.3,0.2,88.2,825,88.0,500,,,,,,,,,,,,,,,,,88.4,617,,,,,,,,,,,,,,,,,,
2026-07-01T17:30:55.379660+00:00,2026-07-01T17:30:55.379590,2,2,88.3,0.2,88.2,825,88.0,500,,,,,,,,,,,,,,,,,88.4,617,88.5,500,,,,,,,,,,,,,,,,
2026-07-01T17:30:55.464215+00:00,2026-07-01T17:30:55.464191,3,2,88.35,0.1,88.3,200,88.2,625,88.0,500,,,,,,,,,,,,,,,88.4,817,88.5,500,,,,,,,,,,,,,,,,
2026-07-01T17:30:55.826553+00:00,2026-07-01T17:30:55.826409,3,2,88.35,0.1,88.3,209,88.2,625,88.0,500,,,,,,,,,,,,,,,88.4,817,88.5,500,,,,,,,,,,,,,,,,
2026-07-01T17:30:55.966742+00:00,2026-07-01T17:30:55.966613,2,2,88.35,0.1,88.3,209,88.2,625,,,,,,,,,,,,,,,,,88.4,817,88.5,500,,,,,,,,,,,,,,,,
2026-07-01T17:30:55.972077+00:00,2026-07-01T17:30:55.971906,2,1,88.35,0.1,88.3,209,88.2,625,,,,,,,,,,,,,,,,,88.4,817,,,,,,,,,,,,,,,,,,
2026-07-01T17:30:55.977351+00:00,2026-07-01T17:30:55.977168,3,1,88.35,0.1,88.3,209,88.2,625,88.0,500,,,,,,,,,,,,,,,88.4,817,,,,,,,,,,,,,,,,,,
2026-07-01T17:30:55.987841+00:00,2026-07-01T17:30:55.987716,3,2,88.35,0.1,88.3,209,88.2,625,88.0,500,,,,,,,,,,,,,,,88.4,817,88.5,500,,,,,,,,,,,,,,,,
2026-07-01T17:30:56.590168+00:00,2026-07-01T17:30:56.590109,2,2,88.35,0.1,88.3,209,88.2,625,,,,,,,,,,,,,,,,,88.4,817,88.5,500,,,,,,,,,,,,,,,,
2026-07-01T17:30:56.600419+00:00,2026-07-01T17:30:56.600508,2,1,88.35,0.1,88.3,209,88.2,625,,,,,,,,,,,,,,,,,88.4,817,,,,,,,,,,,,,,,,,,
2026-07-01T17:30:56.605668+00:00,2026-07-01T17:30:56.605775,3,1,88.35,0.1,88.3,209,88.2,625,88.0,500,,,,,,,,,,,,,,,88.4,817,,,,,,,,,,,,,,,,,,
2026-07-01T17:30:56.611073+00:00,2026-07-01T17:30:56.611046,3,2,88.35,0.1,88.3,209,88.2,625,88.0,500,,,,,,,,,,,,,,,88.4,817,88.5,500,,,,,,,,,,,,,,,,
2026-07-01T17:30:56.616345+00:00,2026-07-01T17:30:56.616304,2,2,88.35,0.1,88.3,209,88.0,500,,,,,,,,,,,,,,,,,88.4,817,88.5,500,,,,,,,,,,,,,,,,
2026-07-01T17:30:56.621601+00:00,2026-07-01T17:30:56.621503,2,2,88.35,0.1,88.3,209,88.0,500,,,,,,,,,,,,,,,,,88.4,200,88.5,500,,,,,,,,,,,,,,,,
2026-07-01T17:30:56.626849+00:00,2026-07-01T17:30:56.626761,3,2,88.45,0.1,88.4,425,88.3,209,88.0,500,,,,,,,,,,,,,,,88.5,500,88.6,625,,,,,,,,,,,,,,,,
2026-07-01T17:30:56.664067+00:00,2026-07-01T17:30:56.663930,3,2,88.45,0.1,88.4,425,88.3,209,88.0,500,,,,,,,,,,,,,,,88.5,500,88.6,625,,,,,,,,,,,,,,,,
2026-07-01T17:30:56.669253+00:00,2026-07-01T17:30:56.669203,3,2,88.45,0.1,88.4,425,88.3,209,88.0,500,,,,,,,,,,,,,,,88.5,700,88.6,625,,,,,,,,,,,,,,,,
2026-07-01T17:30:57.196190+00:00,2026-07-01T17:30:57.196057,2,2,88.45,0.1,88.4,425,88.3,209,,,,,,,,,,,,,,,,,88.5,700,88.6,625,,,,,,,,,,,,,,,,
2026-07-01T17:30:57.201477+00:00,2026-07-01T17:30:57.201329,2,2,88.45,0.1,88.4,425,88.3,209,,,,,,,,,,,,,,,,,88.5,200,88.6,625,,,,,,,,,,,,,,,,
2026-07-01T17:30:57.206766+00:00,2026-07-01T17:30:57.206620,3,2,88.45,0.1,88.4,425,88.3,209,88.0,500,,,,,,,,,,,,,,,88.5,200,88.6,625,,,,,,,,,,,,,,,,
2026-07-01T17:30:57.216903+00:00,2026-07-01T17:30:57.217018,3,2,88.45,0.1,88.4,425,88.3,209,88.0,500,,,,,,,,,,,,,,,88.5,700,88.6,625,,,,,,,,,,,,,,,,
2026-07-01T17:30:57.799062+00:00,2026-07-01T17:30:57.798884,2,2,88.45,0.1,88.4,425,88.3,209,,,,,,,,,,,,,,,,,88.5,700,88.6,625,,,,,,,,,,,,,,,,
2026-07-01T17:30:57.804493+00:00,2026-07-01T17:30:57.804250,2,2,88.45,0.1,88.4,425,88.3,209,,,,,,,,,,,,,,,,,88.5,200,88.6,625,,,,,,,,,,,,,,,,
2026-07-01T17:30:57.809731+00:00,2026-07-01T17:30:57.809615,3,2,88.45,0.1,88.4,425,88.3,209,88.0,500,,,,,,,,,,,,,,,88.5,200,88.6,625,,,,,,,,,,,,,,,,
2026-07-01T17:30:57.815024+00:00,2026-07-01T17:30:57.814940,3,2,88.45,0.1,88.4,425,88.3,209,88.0,500,,,,,,,,,,,,,,,88.5,700,88.6,625,,,,,,,,,,,,,,,,
2026-07-01T17:30:57.864249+00:00,2026-07-01T17:30:57.864065,3,2,88.45,0.1,88.4,425,88.3,209,88.0,500,,,,,,,,,,,,,,,88.5,700,88.6,627,,,,,,,,,,,,,,,,
2026-07-01T17:30:57.869540+00:00,2026-07-01T17:30:57.869455,3,2,88.45,0.1,88.4,425,88.3,9,88.0,500,,,,,,,,,,,,,,,88.5,700,88.6,627,,,,,,,,,,,,,,,,
2026-07-01T17:30:57.874849+00:00,2026-07-01T17:30:57.874744,3,2,88.45,0.1,88.4,625,88.3,9,88.0,500,,,,,,,,,,,,,,,88.5,500,88.6,627,,,,,,,,,,,,,,,,
2026-07-01T17:30:57.880024+00:00,2026-07-01T17:30:57.879943,3,2,88.45,0.1,88.4,625,88.3,9,88.0,500,,,,,,,,,,,,,,,88.5,500,88.6,827,,,,,,,,,,,,,,,,
2026-07-01T17:30:57.933448+00:00,2026-07-01T17:30:57.933372,3,2,88.45,0.1,88.4,200,88.3,9,88.0,500,,,,,,,,,,,,,,,88.5,500,88.6,827,,,,,,,,,,,,,,,,
2026-07-01T17:30:57.943853+00:00,2026-07-01T17:30:57.943774,3,2,88.45,0.1,88.4,200,88.3,634,88.0,500,,,,,,,,,,,,,,,88.5,1125,88.6,202,,,,,,,,,,,,,,,,
2026-07-01T17:30:58.400904+00:00,2026-07-01T17:30:58.400799,2,2,88.45,0.1,88.4,200,88.3,634,,,,,,,,,,,,,,,,,88.5,1125,88.6,202,,,,,,,,,,,,,,,,
2026-07-01T17:30:58.406143+00:00,2026-07-01T17:30:58.406081,2,2,88.45,0.1,88.4,200,88.3,634,,,,,,,,,,,,,,,,,88.5,625,88.6,202,,,,,,,,,,,,,,,,
2026-07-01T17:30:58.411377+00:00,2026-07-01T17:30:58.411336,3,2,88.45,0.1,88.4,200,88.3,634,87.9,500,,,,,,,,,,,,,,,88.5,625,88.6,202,,,,,,,,,,,,,,,,
2026-07-01T17:30:58.421907+00:00,2026-07-01T17:30:58.421784,2,3,88.35,0.1,88.3,634,87.9,500,,,,,,,,,,,,,,,,,88.4,300,88.5,625,88.6,202,,,,,,,,,,,,,,
2026-07-01T17:30:58.464202+00:00,2026-07-01T17:30:58.463934,2,3,88.35,0.1,88.3,632,87.9,500,,,,,,,,,,,,,,,,,88.4,300,88.5,625,88.6,202,,,,,,,,,,,,,,
2026-07-01T17:30:58.806380+00:00,2026-07-01T17:30:58.806231,2,3,88.35,0.1,88.3,629,87.9,500,,,,,,,,,,,,,,,,,88.4,300,88.5,625,88.6,202,,,,,,,,,,,,,,
2026-07-01T17:30:59.003298+00:00,2026-07-01T17:30:59.003151,1,3,88.35,0.1,88.3,629,,,,,,,,,,,,,,,,,,,88.4,300,88.5,625,88.6,202,,,,,,,,,,,,,,
2026-07-01T17:30:59.008667+00:00,2026-07-01T17:30:59.008479,1,2,88.4,0.2,88.3,629,,,,,,,,,,,,,,,,,,,88.5,625,88.6,202,,,,,,,,,,,,,,,,
2026-07-01T17:30:59.013621+00:00,2026-07-01T17:30:59.013790,2,2,88.4,0.2,88.3,629,87.9,500,,,,,,,,,,,,,,,,,88.5,625,88.6,202,,,,,,,,,,,,,,,,
2026-07-01T17:30:59.024325+00:00,2026-07-01T17:30:59.024217,2,3,88.35,0.1,88.3,629,87.9,500,,,,,,,,,,,,,,,,,88.4,500,88.5,625,88.6,202,,,,,,,,,,,,,,
2026-07-01T17:30:59.080543+00:00,2026-07-01T17:30:59.080440,2,3,88.35,0.1,88.3,629,87.9,500,,,,,,,,,,,,,,,,,88.4,500,88.5,625,88.6,2,,,,,,,,,,,,,,
2026-07-01T17:30:59.085802+00:00,2026-07-01T17:30:59.085741,2,3,88.35,0.1,88.3,829,87.9,500,,,,,,,,,,,,,,,,,88.4,700,88.5,625,88.6,2,,,,,,,,,,,,,,
2026-07-01T17:30:59.264202+00:00,2026-07-01T17:30:59.264007,2,2,88.35,0.1,88.3,829,87.9,500,,,,,,,,,,,,,,,,,88.4,1325,88.6,2,,,,,,,,,,,,,,,,
2026-07-01T17:30:59.605704+00:00,2026-07-01T17:30:59.605572,1,2,88.35,0.1,88.3,829,,,,,,,,,,,,,,,,,,,88.4,1325,88.6,2,,,,,,,,,,,,,,,,
2026-07-01T17:30:59.610915+00:00,2026-07-01T17:30:59.610849,1,2,88.35,0.1,88.3,829,,,,,,,,,,,,,,,,,,,88.4,825,88.6,2,,,,,,,,,,,,,,,,
2026-07-01T17:30:59.621351+00:00,2026-07-01T17:30:59.621253,2,2,88.35,0.1,88.3,829,87.9,500,,,,,,,,,,,,,,,,,88.4,825,88.6,2,,,,,,,,,,,,,,,,
2026-07-01T17:30:59.626695+00:00,2026-07-01T17:30:59.626540,2,3,88.35,0.1,88.3,829,87.9,500,,,,,,,,,,,,,,,,,88.4,825,88.5,500,88.6,2,,,,,,,,,,,,,,
2026-07-01T17:31:00.207844+00:00,2026-07-01T17:31:00.207697,1,3,88.35,0.1,88.3,829,,,,,,,,,,,,,,,,,,,88.4,825,88.5,500,88.6,2,,,,,,,,,,,,,,
2026-07-01T17:31:00.213124+00:00,2026-07-01T17:31:00.213003,1,2,88.35,0.1,88.3,829,,,,,,,,,,,,,,,,,,,88.4,825,88.6,2,,,,,,,,,,,,,,,,
2026-07-01T17:31:00.218383+00:00,2026-07-01T17:31:00.218268,2,2,88.35,0.1,88.3,829,87.9,500,,,,,,,,,,,,,,,,,88.4,825,88.6,2,,,,,,,,,,,,,,,,
2026-07-01T17:31:00.228987+00:00,2026-07-01T17:31:00.228743,2,2,88.35,0.1,88.3,829,87.9,500,,,,,,,,,,,,,,,,,88.4,1325,88.6,2,,,,,,,,,,,,,,,,
2026-07-01T17:31:00.288878+00:00,2026-07-01T17:31:00.288839,2,2,88.35,0.1,88.3,629,87.9,500,,,,,,,,,,,,,,,,,88.4,1325,88.6,2,,,,,,,,,,,,,,,,
2026-07-01T17:31:00.294159+00:00,2026-07-01T17:31:00.294085,3,2,88.35,0.1,88.3,629,88.2,200,87.9,500,,,,,,,,,,,,,,,88.4,1325,88.6,2,,,,,,,,,,,,,,,,
2026-07-01T17:31:00.521442+00:00,2026-07-01T17:31:00.521302,3,2,88.35,0.1,88.3,627,88.2,200,87.9,500,,,,,,,,,,,,,,,88.4,1325,88.6,2,,,,,,,,,,,,,,,,
2026-07-01T17:31:00.555554+00:00,2026-07-01T17:31:00.557339,3,2,88.35,0.1,88.3,2,88.2,200,87.9,500,,,,,,,,,,,,,,,88.4,75,88.6,627,,,,,,,,,,,,,,,,
2026-07-01T17:31:00.809949+00:00,2026-07-01T17:31:00.810066,2,2,88.35,0.1,88.3,2,88.2,200,,,,,,,,,,,,,,,,,88.4,75,88.6,627,,,,,,,,,,,,,,,,
2026-07-01T17:31:00.815461+00:00,2026-07-01T17:31:00.815392,3,2,88.35,0.1,88.3,2,88.2,200,87.9,500,,,,,,,,,,,,,,,88.4,75,88.6,627,,,,,,,,,,,,,,,,
2026-07-01T17:31:00.826017+00:00,2026-07-01T17:31:00.825846,3,3,88.35,0.1,88.3,2,88.2,200,87.9,500,,,,,,,,,,,,,,,88.4,75,88.5,500,88.6,627,,,,,,,,,,,,,,
2026-07-01T17:31:01.413929+00:00,2026-07-01T17:31:01.413808,2,3,88.35,0.1,88.3,2,88.2,200,,,,,,,,,,,,,,,,,88.4,75,88.5,500,88.6,627,,,,,,,,,,,,,,
2026-07-01T17:31:01.419256+00:00,2026-07-01T17:31:01.419106,2,2,88.35,0.1,88.3,2,88.2,200,,,,,,,,,,,,,,,,,88.4,75,88.6,627,,,,,,,,,,,,,,,,
2026-07-01T17:31:01.424509+00:00,2026-07-01T17:31:01.424378,3,2,88.35,0.1,88.3,2,88.2,200,87.9,500,,,,,,,,,,,,,,,88.4,75,88.6,627,,,,,,,,,,,,,,,,
2026-07-01T17:31:01.434861+00:00,2026-07-01T17:31:01.434782,3,3,88.35,0.1,88.3,2,88.2,200,87.9,500,,,,,,,,,,,,,,,88.4,75,88.5,500,88.6,627,,,,,,,,,,,,,,
2026-07-01T17:31:01.501136+00:00,2026-07-01T17:31:01.501100,2,2,88.4,0.2,88.3,2,87.9,500,,,,,,,,,,,,,,,,,88.5,500,88.6,627,,,,,,,,,,,,,,,,
2026-07-01T17:31:01.506470+00:00,2026-07-01T17:31:01.506306,3,3,88.35,0.1,88.3,2,88.2,200,87.9,500,,,,,,,,,,,,,,,88.4,200,88.5,500,88.6,627,,,,,,,,,,,,,,
2026-07-01T17:31:01.870143+00:00,2026-07-01T17:31:01.870016,3,3,88.35,0.1,88.3,2,88.2,200,87.9,500,,,,,,,,,,,,,,,88.4,200,88.5,500,88.6,2,,,,,,,,,,,,,,
2026-07-01T17:31:01.880613+00:00,2026-07-01T17:31:01.880567,4,3,88.35,0.1,88.3,2,88.2,200,88.1,625,87.9,500,,,,,,,,,,,,,88.4,200,88.5,500,88.6,2,,,,,,,,,,,,,,
2026-07-01T17:31:01.885661+00:00,2026-07-01T17:31:01.885816,3,4,88.25,0.1,88.2,200,88.1,625,87.9,500,,,,,,,,,,,,,,,88.3,623,88.4,200,88.5,500,88.6,2,,,,,,,,,,,,
2026-07-01T17:31:02.015785+00:00,2026-07-01T17:31:02.015659,2,4,88.25,0.1,88.2,200,88.1,625,,,,,,,,,,,,,,,,,88.3,623,88.4,200,88.5,500,88.6,2,,,,,,,,,,,,
2026-07-01T17:31:02.021096+00:00,2026-07-01T17:31:02.020938,2,3,88.25,0.1,88.2,200,88.1,625,,,,,,,,,,,,,,,,,88.3,623,88.4,200,88.6,2,,,,,,,,,,,,,,
2026-07-01T17:31:02.031444+00:00,2026-07-01T17:31:02.031389,3,3,88.25,0.1,88.2,200,88.1,625,87.9,500,,,,,,,,,,,,,,,88.3,623,88.4,200,88.6,2,,,,,,,,,,,,,,
2026-07-01T17:31:02.036831+00:00,2026-07-01T17:31:02.036665,3,4,88.25,0.1,88.2,200,88.1,625,87.9,500,,,,,,,,,,,,,,,88.3,623,88.4,200,88.5,500,88.6,2,,,,,,,,,,,,
2026-07-01T17:31:02.644495+00:00,2026-07-01T17:31:02.644406,2,4,88.25,0.1,88.2,200,88.1,625,,,,,,,,,,,,,,,,,88.3,623,88.4,200,88.5,500,88.6,2,,,,,,,,,,,,
2026-07-01T17:31:02.649770+00:00,2026-07-01T17:31:02.649680,2,3,88.25,0.1,88.2,200,88.1,625,,,,,,,,,,,,,,,,,88.3,623,88.4,200,88.6,2,,,,,,,,,,,,,,
2026-07-01T17:31:02.658713+00:00,2026-07-01T17:31:02.658200,3,4,88.25,0.1,88.2,200,88.1,625,88.0,500,,,,,,,,,,,,,,,88.3,623,88.4,200,88.5,500,88.6,2,,,,,,,,,,,,
2026-07-01T17:31:02.711667+00:00,2026-07-01T17:31:02.711567,2,4,88.2,0.2,88.1,625,88.0,500,,,,,,,,,,,,,,,,,88.3,623,88.4,200,88.5,500,88.6,2,,,,,,,,,,,,
2026-07-01T17:31:02.716912+00:00,2026-07-01T17:31:02.716853,2,3,88.2,0.2,88.1,625,88.0,500,,,,,,,,,,,,,,,,,88.3,423,88.5,500,88.6,2,,,,,,,,,,,,,,
2026-07-01T17:31:02.722141+00:00,2026-07-01T17:31:02.722072,2,3,88.2,0.2,88.1,625,88.0,500,,,,,,,,,,,,,,,,,88.3,423,88.5,700,88.6,2,,,,,,,,,,,,,,
2026-07-01T17:31:02.899597+00:00,2026-07-01T17:31:02.899458,3,3,88.25,0.1,88.2,6,88.1,625,88.0,500,,,,,,,,,,,,,,,88.3,423,88.5,700,88.6,2,,,,,,,,,,,,,,
2026-07-01T17:31:03.190315+00:00,2026-07-01T17:31:03.190223,2,2,88.35,0.3,88.2,631,88.0,500,,,,,,,,,,,,,,,,,88.5,700,88.6,2,,,,,,,,,,,,,,,,
2026-07-01T17:31:03.195494+00:00,2026-07-01T17:31:03.195415,2,3,88.25,0.1,88.2,631,88.0,500,,,,,,,,,,,,,,,,,88.3,625,88.5,700,88.6,2,,,,,,,,,,,,,,
2026-07-01T17:31:03.247049+00:00,2026-07-01T17:31:03.246943,1,3,88.25,0.1,88.2,631,,,,,,,,,,,,,,,,,,,88.3,625,88.5,700,88.6,2,,,,,,,,,,,,,,
2026-07-01T17:31:03.258800+00:00,2026-07-01T17:31:03.258687,1,3,88.25,0.1,88.2,631,,,,,,,,,,,,,,,,,,,88.3,625,88.5,200,88.6,2,,,,,,,,,,,,,,
2026-07-01T17:31:03.264129+00:00,2026-07-01T17:31:03.264068,2,3,88.25,0.1,88.2,631,88.0,500,,,,,,,,,,,,,,,,,88.3,625,88.5,200,88.6,502,,,,,,,,,,,,,,
2026-07-01T17:31:03.858813+00:00,2026-07-01T17:31:03.858674,1,3,88.25,0.1,88.2,631,,,,,,,,,,,,,,,,,,,88.3,625,88.5,200,88.6,502,,,,,,,,,,,,,,
2026-07-01T17:31:03.863856+00:00,2026-07-01T17:31:03.864092,2,3,88.25,0.1,88.2,631,88.1,500,,,,,,,,,,,,,,,,,88.3,625,88.5,200,88.6,2,,,,,,,,,,,,,,
2026-07-01T17:31:03.869595+00:00,2026-07-01T17:31:03.869422,2,3,88.25,0.1,88.2,631,88.1,500,,,,,,,,,,,,,,,,,88.3,625,88.5,200,88.6,502,,,,,,,,,,,,,,
2026-07-01T17:31:03.921677+00:00,2026-07-01T17:31:03.921783,2,2,88.25,0.1,88.2,631,88.1,500,,,,,,,,,,,,,,,,,88.3,625,88.6,502,,,,,,,,,,,,,,,,
2026-07-01T17:31:03.927146+00:00,2026-07-01T17:31:03.927049,2,3,88.25,0.1,88.2,831,88.1,500,,,,,,,,,,,,,,,,,88.3,625,88.4,200,88.6,502,,,,,,,,,,,,,,
2026-07-01T17:31:04.458644+00:00,2026-07-01T17:31:04.448822,1,3,88.25,0.1,88.2,831,,,,,,,,,,,,,,,,,,,88.3,625,88.4,200,88.6,2,,,,,,,,,,,,,,
2026-07-01T17:31:04.469374+00:00,2026-07-01T17:31:04.469256,2,4,88.25,0.1,88.2,831,88.1,500,,,,,,,,,,,,,,,,,88.3,625,88.4,200,88.6,2,88.7,500,,,,,,,,,,,,
2026-07-01T17:31:04.496719+00:00,2026-07-01T17:31:04.496542,2,4,88.25,0.1,88.2,206,88.1,500,,,,,,,,,,,,,,,,,88.3,625,88.4,200,88.6,2,88.7,500,,,,,,,,,,,,
2026-07-01T17:31:04.507237+00:00,2026-07-01T17:31:04.507125,2,3,88.3,0.2,88.2,206,88.1,500,,,,,,,,,,,,,,,,,88.4,200,88.6,2,88.7,500,,,,,,,,,,,,,,
2026-07-01T17:31:04.512566+00:00,2026-07-01T17:31:04.512360,3,3,88.3,0.2,88.2,206,88.1,500,87.9,625,,,,,,,,,,,,,,,88.4,200,88.6,2,88.7,500,,,,,,,,,,,,,,
2026-07-01T17:31:04.517539+00:00,2026-07-01T17:31:04.517636,2,3,88.25,0.3,88.1,81,87.9,625,,,,,,,,,,,,,,,,,88.4,200,88.6,2,88.7,500,,,,,,,,,,,,,,
2026-07-01T17:31:05.064123+00:00,2026-07-01T17:31:05.063945,1,3,88.15,0.5,87.9,625,,,,,,,,,,,,,,,,,,,88.4,200,88.6,2,88.7,500,,,,,,,,,,,,,,
2026-07-01T17:31:05.069498+00:00,2026-07-01T17:31:05.069333,1,2,88.15,0.5,87.9,625,,,,,,,,,,,,,,,,,,,88.4,200,88.6,2,,,,,,,,,,,,,,,,
2026-07-01T17:31:05.079785+00:00,2026-07-01T17:31:05.079902,2,2,88.25,0.3,88.1,500,87.9,625,,,,,,,,,,,,,,,,,88.4,200,88.6,2,,,,,,,,,,,,,,,,
2026-07-01T17:31:05.085326+00:00,2026-07-01T17:31:05.085235,2,2,88.25,0.3,88.1,500,87.9,625,,,,,,,,,,,,,,,,,88.4,200,88.6,502,,,,,,,,,,,,,,,,
2026-07-01T17:31:05.132801+00:00,2026-07-01T17:31:05.132758,3,2,88.3,0.2,88.2,200,88.1,500,87.9,625,,,,,,,,,,,,,,,88.4,200,88.6,502,,,,,,,,,,,,,,,,
2026-07-01T17:31:05.658606+00:00,2026-07-01T17:31:05.655370,2,2,88.3,0.2,88.2,200,87.9,625,,,,,,,,,,,,,,,,,88.4,200,88.6,2,,,,,,,,,,,,,,,,
2026-07-01T17:31:05.669661+00:00,2026-07-01T17:31:05.669569,3,2,88.3,0.2,88.2,200,88.1,500,87.9,625,,,,,,,,,,,,,,,88.4,200,88.6,2,,,,,,,,,,,,,,,,
2026-07-01T17:31:05.674927+00:00,2026-07-01T17:31:05.674850,3,2,88.3,0.2,88.2,200,88.1,500,87.9,625,,,,,,,,,,,,,,,88.4,200,88.6,502,,,,,,,,,,,,,,,,
2026-07-01T17:31:05.820291+00:00,2026-07-01T17:31:05.820192,3,3,88.35,0.1,88.3,625,88.2,200,88.1,500,,,,,,,,,,,,,,,88.4,200,88.5,625,88.6,502,,,,,,,,,,,,,,
2026-07-01T17:31:06.021956+00:00,2026-07-01T17:31:06.021855,3,3,88.35,0.1,88.3,625,88.2,203,88.1,500,,,,,,,,,,,,,,,88.4,200,88.5,625,88.6,502,,,,,,,,,,,,,,
2026-07-01T17:31:06.258683+00:00,2026-07-01T17:31:06.251580,2,3,88.35,0.1,88.3,625,88.2,203,,,,,,,,,,,,,,,,,88.4,200,88.5,625,88.6,502,,,,,,,,,,,,,,
2026-07-01T17:31:06.265343+00:00,2026-07-01T17:31:06.264389,3,3,88.35,0.1,88.3,625,88.2,203,88.1,500,,,,,,,,,,,,,,,88.4,200,88.5,625,88.6,2,,,,,,,,,,,,,,
2026-07-01T17:31:06.285791+00:00,2026-07-01T17:31:06.286082,3,4,88.35,0.1,88.3,625,88.2,203,88.1,500,,,,,,,,,,,,,,,88.4,200,88.5,625,88.6,2,88.7,500,,,,,,,,,,,,
2026-07-01T17:31:06.335250+00:00,2026-07-01T17:31:06.335129,3,3,88.4,0.2,88.3,625,88.2,3,88.1,500,,,,,,,,,,,,,,,88.5,625,88.6,2,88.7,500,,,,,,,,,,,,,,
2026-07-01T17:31:06.340513+00:00,2026-07-01T17:31:06.340430,3,3,88.4,0.2,88.3,425,88.2,3,88.1,700,,,,,,,,,,,,,,,88.5,625,88.6,2,88.7,500,,,,,,,,,,,,,,
2026-07-01T17:31:06.718943+00:00,2026-07-01T17:31:06.718821,3,3,88.4,0.2,88.3,425,88.2,2,88.1,700,,,,,,,,,,,,,,,88.5,625,88.6,2,88.7,500,,,,,,,,,,,,,,
2026-07-01T17:31:06.858743+00:00,2026-07-01T17:31:06.858561,3,3,88.4,0.2,88.3,425,88.2,2,88.1,200,,,,,,,,,,,,,,,88.5,625,88.6,2,88.7,500,,,,,,,,,,,,,,
2026-07-01T17:31:06.870010+00:00,2026-07-01T17:31:06.869782,3,2,88.4,0.2,88.3,425,88.2,2,88.1,200,,,,,,,,,,,,,,,88.5,625,88.6,2,,,,,,,,,,,,,,,,
2026-07-01T17:31:06.875265+00:00,2026-07-01T17:31:06.875047,3,2,88.4,0.2,88.3,425,88.2,2,88.1,700,,,,,,,,,,,,,,,88.5,625,88.6,2,,,,,,,,,,,,,,,,
2026-07-01T17:31:06.880433+00:00,2026-07-01T17:31:06.880336,3,2,88.4,0.2,88.3,425,88.2,2,88.1,700,,,,,,,,,,,,,,,88.5,625,88.6,502,,,,,,,,,,,,,,,,
2026-07-01T17:31:07.122565+00:00,2026-07-01T17:31:07.122431,2,2,88.35,0.3,88.2,2,88.1,700,,,,,,,,,,,,,,,,,88.5,625,88.6,502,,,,,,,,,,,,,,,,
2026-07-01T17:31:07.127770+00:00,2026-07-01T17:31:07.127649,2,1,88.4,0.4,88.2,2,88.1,1325,,,,,,,,,,,,,,,,,88.6,502,,,,,,,,,,,,,,,,,,
2026-07-01T17:31:07.132953+00:00,2026-07-01T17:31:07.132919,1,2,88.15,0.1,88.1,1325,,,,,,,,,,,,,,,,,,,88.2,623,88.6,502,,,,,,,,,,,,,,,,
2026-07-01T17:31:07.466233+00:00,2026-07-01T17:31:07.466138,1,2,88.15,0.1,88.1,825,,,,,,,,,,,,,,,,,,,88.2,623,88.6,502,,,,,,,,,,,,,,,,
2026-07-01T17:31:07.471474+00:00,2026-07-01T17:31:07.471408,1,2,88.15,0.1,88.1,825,,,,,,,,,,,,,,,,,,,88.2,623,88.6,2,,,,,,,,,,,,,,,,
2026-07-01T17:31:07.481975+00:00,2026-07-01T17:31:07.481822,1,2,88.15,0.1,88.1,1325,,,,,,,,,,,,,,,,,,,88.2,623,88.6,2,,,,,,,,,,,,,,,,
2026-07-01T17:31:07.487235+00:00,2026-07-01T17:31:07.487099,1,2,88.15,0.1,88.1,1325,,,,,,,,,,,,,,,,,,,88.2,623,88.6,502,,,,,,,,,,,,,,,,
2026-07-01T17:31:07.558571+00:00,2026-07-01T17:31:07.555664,1,3,88.15,0.1,88.1,1125,,,,,,,,,,,,,,,,,,,88.2,423,88.5,200,88.6,502,,,,,,,,,,,,,,
2026-07-01T17:31:08.071065+00:00,2026-07-01T17:31:08.070913,1,3,88.15,0.1,88.1,625,,,,,,,,,,,,,,,,,,,88.2,423,88.5,200,88.6,502,,,,,,,,,,,,,,
2026-07-01T17:31:08.076329+00:00,2026-07-01T17:31:08.076229,1,3,88.15,0.1,88.1,625,,,,,,,,,,,,,,,,,,,88.2,423,88.5,200,88.6,2,,,,,,,,,,,,,,
2026-07-01T17:31:08.086752+00:00,2026-07-01T17:31:08.086632,2,3,88.15,0.1,88.1,625,88.0,500,,,,,,,,,,,,,,,,,88.2,423,88.5,200,88.6,2,,,,,,,,,,,,,,
2026-07-01T17:31:08.092087+00:00,2026-07-01T17:31:08.091930,2,3,88.15,0.1,88.1,625,88.0,500,,,,,,,,,,,,,,,,,88.2,423,88.5,200,88.6,502,,,,,,,,,,,,,,
2026-07-01T17:31:08.437075+00:00,2026-07-01T17:31:08.436945,1,3,88.1,0.2,88.0,500,,,,,,,,,,,,,,,,,,,88.2,423,88.5,200,88.6,502,,,,,,,,,,,,,,
2026-07-01T17:31:08.442382+00:00,2026-07-01T17:31:08.442273,1,3,88.1,0.2,88.0,1125,,,,,,,,,,,,,,,,,,,88.2,625,88.5,200,88.6,502,,,,,,,,,,,,,,
2026-07-01T17:31:08.705130+00:00,2026-07-01T17:31:08.705270,1,3,88.1,0.2,88.0,625,,,,,,,,,,,,,,,,,,,88.2,625,88.5,200,88.6,502,,,,,,,,,,,,,,
2026-07-01T17:31:08.715832+00:00,2026-07-01T17:31:08.715695,1,3,88.1,0.2,88.0,625,,,,,,,,,,,,,,,,,,,88.2,625,88.5,200,88.6,2,,,,,,,,,,,,,,
2026-07-01T17:31:08.721102+00:00,2026-07-01T17:31:08.720999,1,3,88.1,0.2,88.0,1125,,,,,,,,,,,,,,,,,,,88.2,625,88.5,200,88.6,2,,,,,,,,,,,,,,
2026-07-01T17:31:08.726371+00:00,2026-07-01T17:31:08.726261,1,3,88.1,0.2,88.0,1125,,,,,,,,,,,,,,,,,,,88.2,625,88.5,200,88.6,502,,,,,,,,,,,,,,
2026-07-01T17:31:08.758759+00:00,2026-07-01T17:31:08.758216,1,2,88.1,0.2,88.0,1125,,,,,,,,,,,,,,,,,,,88.2,625,88.6,502,,,,,,,,,,,,,,,,
2026-07-01T17:31:08.770357+00:00,2026-07-01T17:31:08.770254,2,3,88.15,0.1,88.1,200,88.0,1125,,,,,,,,,,,,,,,,,88.2,625,88.3,200,88.6,502,,,,,,,,,,,,,,
2026-07-01T17:31:08.789655+00:00,2026-07-01T17:31:08.789513,2,3,88.15,0.1,88.1,202,88.0,1125,,,,,,,,,,,,,,,,,88.2,625,88.3,200,88.6,502,,,,,,,,,,,,,,
2026-07-01T17:31:09.309857+00:00,2026-07-01T17:31:09.309579,2,3,88.15,0.1,88.1,202,88.0,625,,,,,,,,,,,,,,,,,88.2,625,88.3,200,88.6,502,,,,,,,,,,,,,,
2026-07-01T17:31:09.314808+00:00,2026-07-01T17:31:09.314980,2,3,88.15,0.1,88.1,202,88.0,625,,,,,,,,,,,,,,,,,88.2,625,88.3,200,88.6,2,,,,,,,,,,,,,,
2026-07-01T17:31:09.320144+00:00,2026-07-01T17:31:09.320395,2,3,88.15,0.1,88.1,202,88.0,1125,,,,,,,,,,,,,,,,,88.2,625,88.3,200,88.6,2,,,,,,,,,,,,,,
2026-07-01T17:31:09.325954+00:00,2026-07-01T17:31:09.325812,2,4,88.15,0.1,88.1,202,88.0,1125,,,,,,,,,,,,,,,,,88.2,625,88.3,200,88.5,500,88.6,2,,,,,,,,,,,,
2026-07-01T17:31:09.758643+00:00,2026-07-01T17:31:09.741277,2,3,88.2,0.2,88.1,202,88.0,500,,,,,,,,,,,,,,,,,88.3,200,88.5,500,88.6,2,,,,,,,,,,,,,,
2026-07-01T17:31:09.769374+00:00,2026-07-01T17:31:09.769012,1,4,88.05,0.1,88.0,1125,,,,,,,,,,,,,,,,,,,88.1,423,88.3,200,88.5,500,88.6,2,,,,,,,,,,,,
2026-07-01T17:31:09.858916+00:00,2026-07-01T17:31:09.858715,1,4,88.05,0.1,88.0,1127,,,,,,,,,,,,,,,,,,,88.1,423,88.3,200,88.5,500,88.6,2,,,,,,,,,,,,
2026-07-01T17:31:09.912791+00:00,2026-07-01T17:31:09.912647,1,4,88.05,0.1,88.0,627,,,,,,,,,,,,,,,,,,,88.1,423,88.3,200,88.5,500,88.6,2,,,,,,,,,,,,
2026-07-01T17:31:09.918046+00:00,2026-07-01T17:31:09.917975,1,3,88.05,0.1,88.0,627,,,,,,,,,,,,,,,,,,,88.1,423,88.3,200,88.6,2,,,,,,,,,,,,,,
2026-07-01T17:31:09.923321+00:00,2026-07-01T17:31:09.923285,2,3,88.05,0.1,88.0,627,87.9,500,,,,,,,,,,,,,,,,,88.1,423,88.3,200,88.6,2,,,,,,,,,,,,,,
2026-07-01T17:31:09.958593+00:00,2026-07-01T17:31:09.933809,2,4,88.05,0.1,88.0,627,87.9,500,,,,,,,,,,,,,,,,,88.1,423,88.3,200,88.5,500,88.6,2,,,,,,,,,,,,
2026-07-01T17:31:09.968696+00:00,2026-07-01T17:31:09.968952,2,3,88.05,0.1,88.0,627,87.9,500,,,,,,,,,,,,,,,,,88.1,423,88.5,500,88.6,2,,,,,,,,,,,,,,
2026-07-01T17:31:09.974288+00:00,2026-07-01T17:31:09.974187,2,4,88.05,0.1,88.0,827,87.9,500,,,,,,,,,,,,,,,,,88.1,423,88.2,200,88.5,500,88.6,2,,,,,,,,,,,,
2026-07-01T17:31:10.211274+00:00,2026-07-01T17:31:10.210313,2,4,88.05,0.1,88.0,801,87.9,500,,,,,,,,,,,,,,,,,88.1,423,88.2,200,88.5,500,88.6,2,,,,,,,,,,,,
2026-07-01T17:31:10.226645+00:00,2026-07-01T17:31:10.226907,2,4,88.05,0.1,88.0,786,87.9,500,,,,,,,,,,,,,,,,,88.1,423,88.2,200,88.5,500,88.6,2,,,,,,,,,,,,
2026-07-01T17:31:10.421002+00:00,2026-07-01T17:31:10.420875,2,4,88.05,0.1,88.0,785,87.9,500,,,,,,,,,,,,,,,,,88.1,423,88.2,200,88.5,500,88.6,2,,,,,,,,,,,,
2026-07-01T17:31:10.513814+00:00,2026-07-01T17:31:10.513736,1,4,88.05,0.1,88.0,785,,,,,,,,,,,,,,,,,,,88.1,423,88.2,200,88.5,500,88.6,2,,,,,,,,,,,,
2026-07-01T17:31:10.524427+00:00,2026-07-01T17:31:10.524217,1,3,88.05,0.1,88.0,785,,,,,,,,,,,,,,,,,,,88.1,423,88.2,200,88.6,2,,,,,,,,,,,,,,
2026-07-01T17:31:10.529569+00:00,2026-07-01T17:31:10.529500,2,3,88.05,0.1,88.0,785,87.9,500,,,,,,,,,,,,,,,,,88.1,423,88.2,200,88.6,2,,,,,,,,,,,,,,
2026-07-01T17:31:10.534817+00:00,2026-07-01T17:31:10.534792,2,4,88.05,0.1,88.0,785,87.9,500,,,,,,,,,,,,,,,,,88.1,423,88.2,200,88.5,500,88.6,2,,,,,,,,,,,,
2026-07-01T17:31:11.058617+00:00,2026-07-01T17:31:11.057107,2,3,88.1,0.2,88.0,826,87.9,500,,,,,,,,,,,,,,,,,88.2,825,88.5,500,88.6,2,,,,,,,,,,,,,,
2026-07-01T17:31:11.117343+00:00,2026-07-01T17:31:11.117217,1,3,88.1,0.2,88.0,826,,,,,,,,,,,,,,,,,,,88.2,825,88.5,500,88.6,2,,,,,,,,,,,,,,
2026-07-01T17:31:11.127856+00:00,2026-07-01T17:31:11.127762,1,2,88.1,0.2,88.0,826,,,,,,,,,,,,,,,,,,,88.2,825,88.6,2,,,,,,,,,,,,,,,,
2026-07-01T17:31:11.133137+00:00,2026-07-01T17:31:11.133062,2,2,88.1,0.2,88.0,826,87.9,500,,,,,,,,,,,,,,,,,88.2,825,88.6,2,,,,,,,,,,,,,,,,
2026-07-01T17:31:11.158674+00:00,2026-07-01T17:31:11.143553,2,3,88.1,0.2,88.0,826,87.9,500,,,,,,,,,,,,,,,,,88.2,825,88.4,500,88.6,2,,,,,,,,,,,,,,
2026-07-01T17:31:11.179646+00:00,2026-07-01T17:31:11.179564,2,3,88.1,0.2,88.0,626,87.9,500,,,,,,,,,,,,,,,,,88.2,625,88.4,500,88.6,2,,,,,,,,,,,,,,
2026-07-01T17:31:11.184871+00:00,2026-07-01T17:31:11.184814,3,3,88.15,0.1,88.1,200,88.0,626,87.9,500,,,,,,,,,,,,,,,88.2,825,88.4,500,88.6,2,,,,,,,,,,,,,,
2026-07-01T17:31:11.722202+00:00,2026-07-01T17:31:11.722007,2,3,88.15,0.1,88.1,200,88.0,626,,,,,,,,,,,,,,,,,88.2,825,88.4,500,88.6,2,,,,,,,,,,,,,,
2026-07-01T17:31:11.727478+00:00,2026-07-01T17:31:11.727332,2,2,88.15,0.1,88.1,200,88.0,626,,,,,,,,,,,,,,,,,88.2,825,88.6,2,,,,,,,,,,,,,,,,
2026-07-01T17:31:11.737975+00:00,2026-07-01T17:31:11.737806,3,2,88.15,0.1,88.1,200,88.0,626,87.9,500,,,,,,,,,,,,,,,88.2,825,88.6,2,,,,,,,,,,,,,,,,
2026-07-01T17:31:11.743190+00:00,2026-07-01T17:31:11.743148,3,3,88.15,0.1,88.1,200,88.0,626,87.9,500,,,,,,,,,,,,,,,88.2,825,88.5,500,88.6,2,,,,,,,,,,,,,,
2026-07-01T17:31:11.758645+00:00,2026-07-01T17:31:11.753575,3,2,88.15,0.1,88.1,200,88.0,626,87.9,500,,,,,,,,,,,,,,,88.2,825,88.5,500,,,,,,,,,,,,,,,,
2026-07-01T17:31:11.814047+00:00,2026-07-01T17:31:11.813981,3,3,88.15,0.1,88.1,200,88.0,626,87.9,500,,,,,,,,,,,,,,,88.2,825,88.4,9,88.5,500,,,,,,,,,,,,,,
2026-07-01T17:31:12.324119+00:00,2026-07-01T17:31:12.324007,2,3,88.15,0.1,88.1,200,88.0,626,,,,,,,,,,,,,,,,,88.2,825,88.4,9,88.5,500,,,,,,,,,,,,,,
2026-07-01T17:31:12.329436+00:00,2026-07-01T17:31:12.329283,2,2,88.15,0.1,88.1,200,88.0,626,,,,,,,,,,,,,,,,,88.2,825,88.4,9,,,,,,,,,,,,,,,,
2026-07-01T17:31:12.334617+00:00,2026-07-01T17:31:12.334559,3,2,88.15,0.1,88.1,200,88.0,626,87.9,500,,,,,,,,,,,,,,,88.2,825,88.4,9,,,,,,,,,,,,,,,,
2026-07-01T17:31:12.345222+00:00,2026-07-01T17:31:12.345040,3,3,88.15,0.1,88.1,200,88.0,626,87.9,500,,,,,,,,,,,,,,,88.2,825,88.4,9,88.5,500,,,,,,,,,,,,,,
2026-07-01T17:31:12.364168+00:00,2026-07-01T17:31:12.364113,3,3,88.15,0.1,88.1,200,88.0,1,87.9,500,,,,,,,,,,,,,,,88.2,825,88.4,9,88.5,500,,,,,,,,,,,,,,
2026-07-01T17:31:12.369479+00:00,2026-07-01T17:31:12.369317,3,3,88.15,0.1,88.1,825,88.0,1,87.9,500,,,,,,,,,,,,,,,88.2,200,88.4,9,88.5,500,,,,,,,,,,,,,,
2026-07-01T17:31:12.374633+00:00,2026-07-01T17:31:12.374533,3,4,88.15,0.1,88.1,825,88.0,1,87.9,500,,,,,,,,,,,,,,,88.2,200,88.3,625,88.4,9,88.5,500,,,,,,,,,,,,
2026-07-01T17:31:12.390278+00:00,2026-07-01T17:31:12.390211,3,4,88.15,0.1,88.1,625,88.0,1,87.9,500,,,,,,,,,,,,,,,88.2,200,88.3,625,88.4,9,88.5,500,,,,,,,,,,,,
2026-07-01T17:31:12.395502+00:00,2026-07-01T17:31:12.395472,4,3,88.25,0.1,88.2,200,88.1,625,88.0,1,87.9,500,,,,,,,,,,,,,88.3,825,88.4,9,88.5,500,,,,,,,,,,,,,,
2026-07-01T17:31:12.927726+00:00,2026-07-01T17:31:12.927628,3,3,88.25,0.1,88.2,200,88.1,625,88.0,1,,,,,,,,,,,,,,,88.3,825,88.4,9,88.5,500,,,,,,,,,,,,,,
2026-07-01T17:31:12.932771+00:00,2026-07-01T17:31:12.932903,3,2,88.25,0.1,88.2,200,88.1,625,88.0,1,,,,,,,,,,,,,,,88.3,825,88.4,9,,,,,,,,,,,,,,,,
2026-07-01T17:31:12.938236+00:00,2026-07-01T17:31:12.938166,3,2,88.25,0.1,88.2,200,88.1,625,88.0,501,,,,,,,,,,,,,,,88.3,825,88.4,9,,,,,,,,,,,,,,,,
2026-07-01T17:31:12.958593+00:00,2026-07-01T17:31:12.948593,3,3,88.25,0.1,88.2,200,88.1,625,88.0,501,,,,,,,,,,,,,,,88.3,825,88.4,9,88.5,500,,,,,,,,,,,,,,
2026-07-01T17:31:13.529451+00:00,2026-07-01T17:31:13.529255,3,3,88.25,0.1,88.2,200,88.1,625,88.0,1,,,,,,,,,,,,,,,88.3,825,88.4,9,88.5,500,,,,,,,,,,,,,,
2026-07-01T17:31:13.534666+00:00,2026-07-01T17:31:13.534557,3,2,88.25,0.1,88.2,200,88.1,625,88.0,1,,,,,,,,,,,,,,,88.3,825,88.4,9,,,,,,,,,,,,,,,,
2026-07-01T17:31:13.545088+00:00,2026-07-01T17:31:13.544975,4,2,88.25,0.1,88.2,200,88.1,625,88.0,1,87.9,500,,,,,,,,,,,,,88.3,825,88.4,9,,,,,,,,,,,,,,,,
2026-07-01T17:31:13.558702+00:00,2026-07-01T17:31:13.550253,4,3,88.25,0.1,88.2,200,88.1,625,88.0,1,87.9,500,,,,,,,,,,,,,88.3,825,88.4,9,88.5,500,,,,,,,,,,,,,,
2026-07-01T17:31:13.602342+00:00,2026-07-01T17:31:13.602273,3,3,88.2,0.2,88.1,625,88.0,1,87.9,500,,,,,,,,,,,,,,,88.3,825,88.4,9,88.5,500,,,,,,,,,,,,,,
2026-07-01T17:31:13.622867+00:00,2026-07-01T17:31:13.621273,3,4,88.15,0.1,88.1,625,88.0,201,87.9,500,,,,,,,,,,,,,,,88.2,188,88.3,625,88.4,9,88.5,500,,,,,,,,,,,,
2026-07-01T17:31:13.676686+00:00,2026-07-01T17:31:13.676606,2,4,88.1,0.2,88.0,201,87.9,500,,,,,,,,,,,,,,,,,88.2,188,88.3,625,88.4,9,88.5,500,,,,,,,,,,,,
2026-07-01T17:31:13.681955+00:00,2026-07-01T17:31:13.681893,3,2,88.35,0.1,88.3,437,88.0,201,87.9,500,,,,,,,,,,,,,,,88.4,9,88.5,500,,,,,,,,,,,,,,,,
2026-07-01T17:31:13.687203+00:00,2026-07-01T17:31:13.687083,3,2,88.35,0.1,88.3,437,88.0,201,87.9,500,,,,,,,,,,,,,,,88.4,9,88.5,1125,,,,,,,,,,,,,,,,
2026-07-01T17:31:13.823192+00:00,2026-07-01T17:31:13.823085,3,2,88.35,0.1,88.3,437,88.0,201,87.9,500,,,,,,,,,,,,,,,88.4,8,88.5,1125,,,,,,,,,,,,,,,,
2026-07-01T17:31:14.131765+00:00,2026-07-01T17:31:14.131902,2,2,88.35,0.1,88.3,437,88.0,201,,,,,,,,,,,,,,,,,88.4,8,88.5,1125,,,,,,,,,,,,,,,,
2026-07-01T17:31:14.137287+00:00,2026-07-01T17:31:14.137200,2,2,88.35,0.1,88.3,437,88.0,201,,,,,,,,,,,,,,,,,88.4,8,88.5,625,,,,,,,,,,,,,,,,
2026-07-01T17:31:14.142581+00:00,2026-07-01T17:31:14.142460,3,2,88.35,0.1,88.3,437,88.0,201,87.9,500,,,,,,,,,,,,,,,88.4,8,88.5,625,,,,,,,,,,,,,,,,
2026-07-01T17:31:14.158623+00:00,2026-07-01T17:31:14.147727,3,2,88.35,0.1,88.3,437,88.0,201,87.9,500,,,,,,,,,,,,,,,88.4,508,88.5,625,,,,,,,,,,,,,,,,
2026-07-01T17:31:14.763955+00:00,2026-07-01T17:31:14.763865,2,2,88.35,0.1,88.3,437,88.0,201,,,,,,,,,,,,,,,,,88.4,8,88.5,625,,,,,,,,,,,,,,,,
2026-07-01T17:31:14.769272+00:00,2026-07-01T17:31:14.769107,3,2,88.35,0.1,88.3,437,88.0,201,87.9,500,,,,,,,,,,,,,,,88.4,8,88.5,625,,,,,,,,,,,,,,,,
2026-07-01T17:31:14.774405+00:00,2026-07-01T17:31:14.774342,3,2,88.35,0.1,88.3,437,88.0,201,87.9,500,,,,,,,,,,,,,,,88.4,508,88.5,625,,,,,,,,,,,,,,,,
2026-07-01T17:31:14.812056+00:00,2026-07-01T17:31:14.811971,4,2,88.35,0.1,88.3,437,88.1,200,88.0,1,87.9,500,,,,,,,,,,,,,88.4,508,88.5,625,,,,,,,,,,,,,,,,
2026-07-01T17:31:14.817200+00:00,2026-07-01T17:31:14.817151,4,2,88.35,0.1,88.3,237,88.1,200,88.0,1,87.9,500,,,,,,,,,,,,,88.4,508,88.5,625,,,,,,,,,,,,,,,,
2026-07-01T17:31:14.822435+00:00,2026-07-01T17:31:14.822331,4,2,88.35,0.1,88.3,237,88.1,200,88.0,1,87.9,500,,,,,,,,,,,,,88.4,505,88.5,625,,,,,,,,,,,,,,,,
2026-07-01T17:31:14.990407+00:00,2026-07-01T17:31:14.990307,3,1,88.25,0.3,88.1,200,88.0,1,87.9,1125,,,,,,,,,,,,,,,88.4,505,,,,,,,,,,,,,,,,,,
2026-07-01T17:31:15.013051+00:00,2026-07-01T17:31:15.011181,2,2,88.05,0.1,88.0,1,87.9,1125,,,,,,,,,,,,,,,,,88.1,414,88.4,505,,,,,,,,,,,,,,,,
2026-07-01T17:31:15.358724+00:00,2026-07-01T17:31:15.358258,2,2,88.05,0.1,88.0,1,87.9,625,,,,,,,,,,,,,,,,,88.1,414,88.4,5,,,,,,,,,,,,,,,,
2026-07-01T17:31:15.375188+00:00,2026-07-01T17:31:15.375056,2,2,88.05,0.1,88.0,1,87.9,1125,,,,,,,,,,,,,,,,,88.1,414,88.4,5,,,,,,,,,,,,,,,,
2026-07-01T17:31:15.380445+00:00,2026-07-01T17:31:15.380330,2,2,88.05,0.1,88.0,1,87.9,1125,,,,,,,,,,,,,,,,,88.1,414,88.4,505,,,,,,,,,,,,,,,,
2026-07-01T17:31:15.737466+00:00,2026-07-01T17:31:15.737408,2,2,88.05,0.1,88.0,1,87.9,1125,,,,,,,,,,,,,,,,,88.1,414,88.4,504,,,,,,,,,,,,,,,,
2026-07-01T17:31:15.958593+00:00,2026-07-01T17:31:15.955978,2,2,88.05,0.1,88.0,1,87.9,625,,,,,,,,,,,,,,,,,88.1,394,88.4,504,,,,,,,,,,,,,,,,
2026-07-01T17:31:15.974380+00:00,2026-07-01T17:31:15.974188,2,2,88.05,0.1,88.0,1,87.9,625,,,,,,,,,,,,,,,,,88.1,394,88.4,4,,,,,,,,,,,,,,,,
2026-07-01T17:31:15.979668+00:00,2026-07-01T17:31:15.979483,3,2,88.05,0.1,88.0,1,87.9,625,87.8,500,,,,,,,,,,,,,,,88.1,394,88.4,4,,,,,,,,,,,,,,,,
2026-07-01T17:31:15.984858+00:00,2026-07-01T17:31:15.984810,3,2,88.05,0.1,88.0,1,87.9,625,87.8,500,,,,,,,,,,,,,,,88.1,394,88.4,504,,,,,,,,,,,,,,,,
2026-07-01T17:31:16.021403+00:00,2026-07-01T17:31:16.021355,3,3,88.05,0.1,88.0,1,87.9,625,87.8,500,,,,,,,,,,,,,,,88.1,194,88.3,200,88.4,504,,,,,,,,,,,,,,
2026-07-01T17:31:16.300489+00:00,2026-07-01T17:31:16.300433,2,3,88.05,0.1,88.0,1,87.8,500,,,,,,,,,,,,,,,,,88.1,194,88.3,200,88.4,504,,,,,,,,,,,,,,
2026-07-01T17:31:16.305851+00:00,2026-07-01T17:31:16.305732,3,2,88.2,0.2,88.1,625,88.0,1,87.8,500,,,,,,,,,,,,,,,88.3,825,88.4,504,,,,,,,,,,,,,,,,
2026-07-01T17:31:16.564028+00:00,2026-07-01T17:31:16.563941,2,2,88.2,0.2,88.1,625,88.0,1,,,,,,,,,,,,,,,,,88.3,825,88.4,504,,,,,,,,,,,,,,,,
2026-07-01T17:31:16.574336+00:00,2026-07-01T17:31:16.574414,2,2,88.2,0.2,88.1,625,88.0,1,,,,,,,,,,,,,,,,,88.3,825,88.4,4,,,,,,,,,,,,,,,,
2026-07-01T17:31:16.579784+00:00,2026-07-01T17:31:16.579690,3,2,88.2,0.2,88.1,625,88.0,1,87.8,500,,,,,,,,,,,,,,,88.3,825,88.4,4,,,,,,,,,,,,,,,,
2026-07-01T17:31:16.585012+00:00,2026-07-01T17:31:16.584962,3,2,88.2,0.2,88.1,625,88.0,1,87.8,500,,,,,,,,,,,,,,,88.3,825,88.4,504,,,,,,,,,,,,,,,,
2026-07-01T17:31:17.169342+00:00,2026-07-01T17:31:17.169227,2,2,88.2,0.2,88.1,625,88.0,1,,,,,,,,,,,,,,,,,88.3,825,88.4,504,,,,,,,,,,,,,,,,
2026-07-01T17:31:17.174609+00:00,2026-07-01T17:31:17.174498,2,2,88.2,0.2,88.1,625,88.0,1,,,,,,,,,,,,,,,,,88.3,825,88.4,4,,,,,,,,,,,,,,,,
2026-07-01T17:31:17.179907+00:00,2026-07-01T17:31:17.179761,3,2,88.2,0.2,88.1,625,88.0,1,87.9,500,,,,,,,,,,,,,,,88.3,825,88.4,4,,,,,,,,,,,,,,,,
2026-07-01T17:31:17.185058+00:00,2026-07-01T17:31:17.185021,3,2,88.2,0.2,88.1,625,88.0,1,87.9,500,,,,,,,,,,,,,,,88.3,825,88.4,504,,,,,,,,,,,,,,,,
2026-07-01T17:31:17.222265+00:00,2026-07-01T17:31:17.222164,3,2,88.2,0.2,88.1,625,88.0,1,87.9,500,,,,,,,,,,,,,,,88.3,625,88.4,504,,,,,,,,,,,,,,,,
2026-07-01T17:31:17.227577+00:00,2026-07-01T17:31:17.227446,4,2,88.2,0.2,88.1,425,88.0,1,87.9,500,87.7,200,,,,,,,,,,,,,88.3,625,88.4,504,,,,,,,,,,,,,,,,
2026-07-01T17:31:17.611160+00:00,2026-07-01T17:31:17.611034,3,1,88.2,0.4,88.0,626,87.9,500,87.7,200,,,,,,,,,,,,,,,88.4,504,,,,,,,,,,,,,,,,,,
2026-07-01T17:31:17.616297+00:00,2026-07-01T17:31:17.616265,3,2,88.1,0.2,88.0,626,87.9,500,87.7,200,,,,,,,,,,,,,,,88.2,625,88.4,504,,,,,,,,,,,,,,,,
2026-07-01T17:31:17.772253+00:00,2026-07-01T17:31:17.772045,2,2,88.1,0.2,88.0,626,87.7,200,,,,,,,,,,,,,,,,,88.2,625,88.4,504,,,,,,,,,,,,,,,,
2026-07-01T17:31:17.777261+00:00,2026-07-01T17:31:17.777390,2,2,88.1,0.2,88.0,626,87.7,200,,,,,,,,,,,,,,,,,88.2,625,88.4,4,,,,,,,,,,,,,,,,
2026-07-01T17:31:17.782882+00:00,2026-07-01T17:31:17.782757,3,2,88.1,0.2,88.0,626,87.9,500,87.7,200,,,,,,,,,,,,,,,88.2,625,88.4,4,,,,,,,,,,,,,,,,
2026-07-01T17:31:17.788304+00:00,2026-07-01T17:31:17.788127,3,2,88.1,0.2,88.0,626,87.9,500,87.7,200,,,,,,,,,,,,,,,88.2,625,88.4,504,,,,,,,,,,,,,,,,
2026-07-01T17:31:18.374847+00:00,2026-07-01T17:31:18.374575,2,2,88.1,0.2,88.0,626,87.7,200,,,,,,,,,,,,,,,,,88.2,625,88.4,504,,,,,,,,,,,,,,,,
2026-07-01T17:31:18.380104+00:00,2026-07-01T17:31:18.379960,2,2,88.1,0.2,88.0,626,87.7,200,,,,,,,,,,,,,,,,,88.2,625,88.4,4,,,,,,,,,,,,,,,,
2026-07-01T17:31:18.385377+00:00,2026-07-01T17:31:18.385328,3,2,88.1,0.2,88.0,626,87.9,500,87.7,200,,,,,,,,,,,,,,,88.2,625,88.4,4,,,,,,,,,,,,,,,,
2026-07-01T17:31:18.396063+00:00,2026-07-01T17:31:18.395884,3,2,88.1,0.2,88.0,626,87.9,500,87.7,200,,,,,,,,,,,,,,,88.2,625,88.4,504,,,,,,,,,,,,,,,,
2026-07-01T17:31:18.430217+00:00,2026-07-01T17:31:18.430103,2,2,88.1,0.2,88.0,626,87.9,500,,,,,,,,,,,,,,,,,88.2,625,88.4,504,,,,,,,,,,,,,,,,
2026-07-01T17:31:18.435203+00:00,2026-07-01T17:31:18.435381,2,3,88.05,0.1,88.0,626,87.9,700,,,,,,,,,,,,,,,,,88.1,200,88.2,625,88.4,504,,,,,,,,,,,,,,
2026-07-01T17:31:18.444895+00:00,2026-07-01T17:31:18.443760,2,3,88.05,0.1,88.0,626,87.9,700,,,,,,,,,,,,,,,,,88.1,197,88.2,625,88.4,504,,,,,,,,,,,,,,
2026-07-01T17:31:18.919123+00:00,2026-07-01T17:31:18.919260,2,3,88.05,0.1,88.0,1,87.9,700,,,,,,,,,,,,,,,,,88.1,197,88.2,625,88.4,504,,,,,,,,,,,,,,
2026-07-01T17:31:18.930112+00:00,2026-07-01T17:31:18.930025,2,2,88.05,0.1,88.0,1,87.9,1325,,,,,,,,,,,,,,,,,88.1,197,88.4,504,,,,,,,,,,,,,,,,
2026-07-01T17:31:18.935351+00:00,2026-07-01T17:31:18.935259,2,2,88.05,0.1,88.0,1,87.9,1325,,,,,,,,,,,,,,,,,88.1,822,88.4,504,,,,,,,,,,,,,,,,
2026-07-01T17:31:18.977284+00:00,2026-07-01T17:31:18.977101,2,2,88.05,0.1,88.0,1,87.9,825,,,,,,,,,,,,,,,,,88.1,822,88.4,504,,,,,,,,,,,,,,,,
2026-07-01T17:31:18.982590+00:00,2026-07-01T17:31:18.982467,2,2,88.05,0.1,88.0,1,87.9,825,,,,,,,,,,,,,,,,,88.1,822,88.4,4,,,,,,,,,,,,,,,,
2026-07-01T17:31:18.993161+00:00,2026-07-01T17:31:18.993041,2,2,88.05,0.1,88.0,1,87.9,1325,,,,,,,,,,,,,,,,,88.1,822,88.4,4,,,,,,,,,,,,,,,,
2026-07-01T17:31:18.998355+00:00,2026-07-01T17:31:18.998320,2,2,88.05,0.1,88.0,1,87.9,1325,,,,,,,,,,,,,,,,,88.1,822,88.4,504,,,,,,,,,,,,,,,,
2026-07-01T17:31:19.579792+00:00,2026-07-01T17:31:19.579753,2,2,88.05,0.1,88.0,1,87.9,825,,,,,,,,,,,,,,,,,88.1,822,88.4,504,,,,,,,,,,,,,,,,
2026-07-01T17:31:19.590240+00:00,2026-07-01T17:31:19.590172,2,2,88.05,0.1,88.0,1,87.9,825,,,,,,,,,,,,,,,,,88.1,822,88.4,4,,,,,,,,,,,,,,,,
2026-07-01T17:31:19.595569+00:00,2026-07-01T17:31:19.595424,2,2,88.05,0.1,88.0,1,87.9,1325,,,,,,,,,,,,,,,,,88.1,822,88.4,4,,,,,,,,,,,,,,,,
2026-07-01T17:31:19.606048+00:00,2026-07-01T17:31:19.605873,2,2,88.05,0.1,88.0,1,87.9,1325,,,,,,,,,,,,,,,,,88.1,822,88.4,504,,,,,,,,,,,,,,,,
2026-07-01T17:31:19.637527+00:00,2026-07-01T17:31:19.637476,2,2,88.05,0.1,88.0,1,87.9,1125,,,,,,,,,,,,,,,,,88.1,822,88.4,504,,,,,,,,,,,,,,,,
2026-07-01T17:31:19.658782+00:00,2026-07-01T17:31:19.658721,2,2,88.05,0.1,88.0,201,87.9,1125,,,,,,,,,,,,,,,,,88.1,625,88.4,504,,,,,,,,,,,,,,,,
2026-07-01T17:31:19.664082+00:00,2026-07-01T17:31:19.663920,2,3,88.05,0.1,88.0,201,87.9,1125,,,,,,,,,,,,,,,,,88.1,625,88.2,200,88.4,504,,,,,,,,,,,,,,
2026-07-01T17:31:20.182620+00:00,2026-07-01T17:31:20.182572,2,3,88.05,0.1,88.0,201,87.9,625,,,,,,,,,,,,,,,,,88.1,625,88.2,200,88.4,504,,,,,,,,,,,,,,
2026-07-01T17:31:20.193153+00:00,2026-07-01T17:31:20.193014,2,3,88.05,0.1,88.0,201,87.9,625,,,,,,,,,,,,,,,,,88.1,625,88.2,200,88.4,4,,,,,,,,,,,,,,
2026-07-01T17:31:20.198454+00:00,2026-07-01T17:31:20.198284,2,3,88.05,0.1,88.0,701,87.9,625,,,,,,,,,,,,,,,,,88.1,625,88.2,200,88.4,4,,,,,,,,,,,,,,
2026-07-01T17:31:20.203643+00:00,2026-07-01T17:31:20.203546,2,4,88.05,0.1,88.0,701,87.9,625,,,,,,,,,,,,,,,,,88.1,625,88.2,200,88.4,4,88.5,500,,,,,,,,,,,,
2026-07-01T17:31:20.258832+00:00,2026-07-01T17:31:20.258736,1,3,88.1,0.2,88.0,701,,,,,,,,,,,,,,,,,,,88.2,200,88.4,4,88.5,500,,,,,,,,,,,,,,
2026-07-01T17:31:20.263843+00:00,2026-07-01T17:31:20.264101,2,3,88.1,0.2,88.0,76,87.7,625,,,,,,,,,,,,,,,,,88.2,200,88.4,4,88.5,500,,,,,,,,,,,,,,
2026-07-01T17:31:20.385178+00:00,2026-07-01T17:31:20.383786,2,3,88.1,0.2,88.0,76,87.7,625,,,,,,,,,,,,,,,,,88.2,200,88.4,4,88.5,500,,,,,,,,,,,,,,
2026-07-01T17:31:20.813625+00:00,2026-07-01T17:31:20.813493,1,3,87.95,0.5,87.7,625,,,,,,,,,,,,,,,,,,,88.2,200,88.4,4,88.5,500,,,,,,,,,,,,,,
2026-07-01T17:31:20.818785+00:00,2026-07-01T17:31:20.818764,1,2,87.95,0.5,87.7,625,,,,,,,,,,,,,,,,,,,88.2,200,88.4,4,,,,,,,,,,,,,,,,
2026-07-01T17:31:20.829252+00:00,2026-07-01T17:31:20.829150,2,2,88.1,0.2,88.0,500,87.7,625,,,,,,,,,,,,,,,,,88.2,200,88.4,4,,,,,,,,,,,,,,,,
2026-07-01T17:31:20.834562+00:00,2026-07-01T17:31:20.834432,2,3,88.1,0.2,88.0,500,87.7,625,,,,,,,,,,,,,,,,,88.2,200,88.4,4,88.5,500,,,,,,,,,,,,,,
2026-07-01T17:31:20.858830+00:00,2026-07-01T17:31:20.858732,3,2,88.2,0.4,88.0,500,87.9,200,87.7,625,,,,,,,,,,,,,,,88.4,4,88.5,500,,,,,,,,,,,,,,,,
2026-07-01T17:31:20.864107+00:00,2026-07-01T17:31:20.863970,3,3,88.05,0.1,88.0,500,87.9,200,87.7,625,,,,,,,,,,,,,,,88.1,200,88.4,4,88.5,500,,,,,,,,,,,,,,
2026-07-01T17:31:20.977767+00:00,2026-07-01T17:31:20.977661,3,3,88.05,0.1,88.0,502,87.9,200,87.7,625,,,,,,,,,,,,,,,88.1,200,88.4,4,88.5,500,,,,,,,,,,,,,,
2026-07-01T17:31:21.419434+00:00,2026-07-01T17:31:21.419289,3,3,88.05,0.1,88.0,2,87.9,200,87.7,625,,,,,,,,,,,,,,,88.1,200,88.4,4,88.5,500,,,,,,,,,,,,,,
2026-07-01T17:31:21.424844+00:00,2026-07-01T17:31:21.424605,3,2,88.05,0.1,88.0,2,87.9,200,87.7,625,,,,,,,,,,,,,,,88.1,200,88.4,4,,,,,,,,,,,,,,,,
2026-07-01T17:31:21.429758+00:00,2026-07-01T17:31:21.429872,3,2,88.05,0.1,88.0,502,87.9,200,87.7,625,,,,,,,,,,,,,,,88.1,200,88.4,4,,,,,,,,,,,,,,,,
2026-07-01T17:31:21.435294+00:00,2026-07-01T17:31:21.435148,3,3,88.05,0.1,88.0,502,87.9,200,87.7,625,,,,,,,,,,,,,,,88.1,200,88.4,4,88.5,500,,,,,,,,,,,,,,
2026-07-01T17:31:21.558901+00:00,2026-07-01T17:31:21.558822,2,3,88.05,0.1,88.0,502,87.9,200,,,,,,,,,,,,,,,,,88.1,200,88.4,4,88.5,500,,,,,,,,,,,,,,
2026-07-01T17:31:21.573322+00:00,2026-07-01T17:31:21.571961,3,3,88.2,0.2,88.1,424,88.0,502,87.9,200,,,,,,,,,,,,,,,88.3,625,88.4,4,88.5,500,,,,,,,,,,,,,,
2026-07-01T17:31:22.023731+00:00,2026-07-01T17:31:22.023498,3,3,88.2,0.2,88.1,424,88.0,2,87.9,200,,,,,,,,,,,,,,,88.3,625,88.4,4,88.5,500,,,,,,,,,,,,,,
2026-07-01T17:31:22.034164+00:00,2026-07-01T17:31:22.033981,3,2,88.2,0.2,88.1,424,88.0,2,87.9,200,,,,,,,,,,,,,,,88.3,625,88.4,4,,,,,,,,,,,,,,,,
2026-07-01T17:31:22.059039+00:00,2026-07-01T17:31:22.058713,3,2,88.2,0.2,88.1,424,88.0,502,87.9,200,,,,,,,,,,,,,,,88.3,625,88.4,4,,,,,,,,,,,,,,,,
2026-07-01T17:31:22.064277+00:00,2026-07-01T17:31:22.063986,3,3,88.2,0.2,88.1,424,88.0,502,87.9,200,,,,,,,,,,,,,,,88.3,625,88.4,4,88.5,500,,,,,,,,,,,,,,
2026-07-01T17:31:22.069509+00:00,2026-07-01T17:31:22.069379,2,3,88.2,0.2,88.1,424,88.0,502,,,,,,,,,,,,,,,,,88.3,625,88.4,4,88.5,500,,,,,,,,,,,,,,
2026-07-01T17:31:22.074719+00:00,2026-07-01T17:31:22.074591,2,3,88.2,0.2,88.1,624,88.0,502,,,,,,,,,,,,,,,,,88.3,625,88.4,4,88.5,500,,,,,,,,,,,,,,
2026-07-01T17:31:22.079904+00:00,2026-07-01T17:31:22.079840,2,3,88.2,0.2,88.1,624,88.0,502,,,,,,,,,,,,,,,,,88.3,825,88.4,4,88.5,500,,,,,,,,,,,,,,
2026-07-01T17:31:22.624710+00:00,2026-07-01T17:31:22.624591,2,3,88.2,0.2,88.1,624,88.0,2,,,,,,,,,,,,,,,,,88.3,825,88.4,4,88.5,500,,,,,,,,,,,,,,
2026-07-01T17:31:22.629998+00:00,2026-07-01T17:31:22.629874,2,2,88.2,0.2,88.1,624,88.0,2,,,,,,,,,,,,,,,,,88.3,825,88.4,4,,,,,,,,,,,,,,,,
2026-07-01T17:31:22.635007+00:00,2026-07-01T17:31:22.635147,3,2,88.2,0.2,88.1,624,88.0,2,87.9,500,,,,,,,,,,,,,,,88.3,825,88.4,4,,,,,,,,,,,,,,,,
2026-07-01T17:31:22.640585+00:00,2026-07-01T17:31:22.640418,3,3,88.2,0.2,88.1,624,88.0,2,87.9,500,,,,,,,,,,,,,,,88.3,825,88.4,4,88.5,500,,,,,,,,,,,,,,
2026-07-01T17:31:22.807797+00:00,2026-07-01T17:31:22.806566,3,3,88.2,0.2,88.1,624,88.0,2,87.9,500,,,,,,,,,,,,,,,88.3,822,88.4,4,88.5,500,,,,,,,,,,,,,,
2026-07-01T17:31:22.858813+00:00,2026-07-01T17:31:22.858763,3,3,88.2,0.2,88.1,200,88.0,2,87.9,500,,,,,,,,,,,,,,,88.3,200,88.4,4,88.5,500,,,,,,,,,,,,,,
2026-07-01T17:31:22.864129+00:00,2026-07-01T17:31:22.864011,3,3,88.2,0.2,88.1,200,88.0,627,87.9,500,,,,,,,,,,,,,,,88.3,200,88.4,4,88.5,500,,,,,,,,,,,,,,
2026-07-01T17:31:22.869300+00:00,2026-07-01T17:31:22.869217,3,4,88.15,0.1,88.1,200,88.0,627,87.9,500,,,,,,,,,,,,,,,88.2,625,88.3,200,88.4,4,88.5,500,,,,,,,,,,,,
2026-07-01T17:31:23.226765+00:00,2026-07-01T17:31:23.226657,2,4,88.15,0.1,88.1,200,88.0,627,,,,,,,,,,,,,,,,,88.2,625,88.3,200,88.4,4,88.5,500,,,,,,,,,,,,
2026-07-01T17:31:23.232105+00:00,2026-07-01T17:31:23.231966,2,3,88.15,0.1,88.1,200,88.0,627,,,,,,,,,,,,,,,,,88.2,625,88.3,200,88.4,4,,,,,,,,,,,,,,
2026-07-01T17:31:23.237334+00:00,2026-07-01T17:31:23.237245,3,3,88.15,0.1,88.1,200,88.0,627,87.9,500,,,,,,,,,,,,,,,88.2,625,88.3,200,88.4,4,,,,,,,,,,,,,,
2026-07-01T17:31:23.242657+00:00,2026-07-01T17:31:23.242523,3,4,88.15,0.1,88.1,200,88.0,627,87.9,500,,,,,,,,,,,,,,,88.2,625,88.3,200,88.4,4,88.5,500,,,,,,,,,,,,
2026-07-01T17:31:23.281750+00:00,2026-07-01T17:31:23.281638,2,4,88.1,0.2,88.0,627,87.9,500,,,,,,,,,,,,,,,,,88.2,625,88.3,200,88.4,4,88.5,500,,,,,,,,,,,,
2026-07-01T17:31:23.286943+00:00,2026-07-01T17:31:23.286861,2,3,88.1,0.2,88.0,627,87.9,500,,,,,,,,,,,,,,,,,88.2,625,88.4,4,88.5,500,,,,,,,,,,,,,,
2026-07-01T17:31:23.292197+00:00,2026-07-01T17:31:23.292148,3,4,88.15,0.1,88.1,200,88.0,627,87.9,500,,,,,,,,,,,,,,,88.2,625,88.3,200,88.4,4,88.5,500,,,,,,,,,,,,
2026-07-01T17:31:23.592044+00:00,2026-07-01T17:31:23.591663,3,4,88.15,0.1,88.1,200,88.0,627,87.9,500,,,,,,,,,,,,,,,88.2,625,88.3,200,88.4,3,88.5,500,,,,,,,,,,,,
2026-07-01T17:31:23.829434+00:00,2026-07-01T17:31:23.829272,2,4,88.15,0.1,88.1,200,88.0,627,,,,,,,,,,,,,,,,,88.2,625,88.3,200,88.4,3,88.5,500,,,,,,,,,,,,
2026-07-01T17:31:23.834623+00:00,2026-07-01T17:31:23.834552,2,3,88.15,0.1,88.1,200,88.0,627,,,,,,,,,,,,,,,,,88.2,625,88.3,200,88.4,3,,,,,,,,,,,,,,
2026-07-01T17:31:23.839966+00:00,2026-07-01T17:31:23.839830,3,3,88.15,0.1,88.1,200,88.0,627,87.9,500,,,,,,,,,,,,,,,88.2,625,88.3,200,88.4,3,,,,,,,,,,,,,,
2026-07-01T17:31:23.858924+00:00,2026-07-01T17:31:23.858720,3,4,88.15,0.1,88.1,200,88.0,627,87.9,500,,,,,,,,,,,,,,,88.2,625,88.3,200,88.4,3,88.5,500,,,,,,,,,,,,
2026-07-01T17:31:24.173521+00:00,2026-07-01T17:31:24.173470,3,3,88.2,0.2,88.1,200,88.0,627,87.9,500,,,,,,,,,,,,,,,88.3,200,88.4,3,88.5,500,,,,,,,,,,,,,,
2026-07-01T17:31:24.178719+00:00,2026-07-01T17:31:24.178660,3,4,88.15,0.1,88.1,200,88.0,627,87.9,500,,,,,,,,,,,,,,,88.2,625,88.3,200,88.4,3,88.5,500,,,,,,,,,,,,
2026-07-01T17:31:24.234247+00:00,2026-07-01T17:31:24.234133,3,4,88.15,0.1,88.1,200,88.0,627,87.9,500,,,,,,,,,,,,,,,88.2,625,88.3,200,88.4,1,88.5,500,,,,,,,,,,,,
2026-07-01T17:31:24.431847+00:00,2026-07-01T17:31:24.431747,2,4,88.15,0.1,88.1,200,88.0,627,,,,,,,,,,,,,,,,,88.2,625,88.3,200,88.4,1,88.5,500,,,,,,,,,,,,
2026-07-01T17:31:24.437221+00:00,2026-07-01T17:31:24.437046,2,3,88.15,0.1,88.1,200,88.0,627,,,,,,,,,,,,,,,,,88.2,625,88.3,200,88.4,1,,,,,,,,,,,,,,
2026-07-01T17:31:24.442151+00:00,2026-07-01T17:31:24.442316,3,3,88.15,0.1,88.1,200,88.0,627,87.9,500,,,,,,,,,,,,,,,88.2,625,88.3,200,88.4,1,,,,,,,,,,,,,,
2026-07-01T17:31:24.458662+00:00,2026-07-01T17:31:24.447632,3,4,88.15,0.1,88.1,200,88.0,627,87.9,500,,,,,,,,,,,,,,,88.2,625,88.3,200,88.4,1,88.5,500,,,,,,,,,,,,
2026-07-01T17:31:24.495207+00:00,2026-07-01T17:31:24.495079,2,4,88.1,0.2,88.0,627,87.9,500,,,,,,,,,,,,,,,,,88.2,625,88.3,200,88.4,1,88.5,500,,,,,,,,,,,,
2026-07-01T17:31:24.500462+00:00,2026-07-01T17:31:24.500367,3,3,88.15,0.1,88.1,200,88.0,627,87.9,500,,,,,,,,,,,,,,,88.2,825,88.4,1,88.5,500,,,,,,,,,,,,,,
2026-07-01T17:31:25.036000+00:00,2026-07-01T17:31:25.035912,2,3,88.15,0.1,88.1,200,88.0,627,,,,,,,,,,,,,,,,,88.2,825,88.4,1,88.5,500,,,,,,,,,,,,,,
2026-07-01T17:31:25.041290+00:00,2026-07-01T17:31:25.041178,2,2,88.15,0.1,88.1,200,88.0,627,,,,,,,,,,,,,,,,,88.2,825,88.4,1,,,,,,,,,,,,,,,,
2026-07-01T17:31:25.064167+00:00,2026-07-01T17:31:25.064020,2,3,88.15,0.1,88.1,200,88.0,1127,,,,,,,,,,,,,,,,,88.2,825,88.4,1,88.5,500,,,,,,,,,,,,,,
2026-07-01T17:31:25.483676+00:00,2026-07-01T17:31:25.483636,2,3,88.15,0.1,88.1,200,88.0,502,,,,,,,,,,,,,,,,,88.2,200,88.4,1,88.5,500,,,,,,,,,,,,,,
2026-07-01T17:31:25.488926+00:00,2026-07-01T17:31:25.488886,2,3,88.15,0.1,88.1,200,88.0,1127,,,,,,,,,,,,,,,,,88.2,825,88.4,1,88.5,500,,,,,,,,,,,,,,
2026-07-01T17:31:25.665174+00:00,2026-07-01T17:31:25.664771,2,3,88.15,0.1,88.1,200,88.0,1127,,,,,,,,,,,,,,,,,88.2,825,88.4,1,88.5,500,,,,,,,,,,,,,,
2026-07-01T17:31:25.758584+00:00,2026-07-01T17:31:25.703390,1,3,88.1,0.2,88.0,1327,,,,,,,,,,,,,,,,,,,88.2,625,88.4,1,88.5,500,,,,,,,,,,,,,,
2026-07-01T17:31:25.763866+00:00,2026-07-01T17:31:25.763694,1,3,88.1,0.2,88.0,1327,,,,,,,,,,,,,,,,,,,88.2,825,88.4,1,88.5,500,,,,,,,,,,,,,,
2026-07-01T17:31:26.238315+00:00,2026-07-01T17:31:26.238174,1,3,88.1,0.2,88.0,827,,,,,,,,,,,,,,,,,,,88.2,825,88.4,1,88.5,500,,,,,,,,,,,,,,
2026-07-01T17:31:26.243551+00:00,2026-07-01T17:31:26.243447,1,2,88.1,0.2,88.0,827,,,,,,,,,,,,,,,,,,,88.2,825,88.4,1,,,,,,,,,,,,,,,,
2026-07-01T17:31:26.258818+00:00,2026-07-01T17:31:26.258715,1,2,88.1,0.2,88.0,1327,,,,,,,,,,,,,,,,,,,88.2,825,88.4,1,,,,,,,,,,,,,,,,
2026-07-01T17:31:26.264142+00:00,2026-07-01T17:31:26.263993,1,3,88.1,0.2,88.0,1327,,,,,,,,,,,,,,,,,,,88.2,825,88.4,1,88.5,500,,,,,,,,,,,,,,
2026-07-01T17:31:26.796078+00:00,2026-07-01T17:31:26.796025,1,3,88.1,0.2,88.0,702,,,,,,,,,,,,,,,,,,,88.2,200,88.4,1,88.5,500,,,,,,,,,,,,,,
2026-07-01T17:31:26.806511+00:00,2026-07-01T17:31:26.806461,2,4,88.05,0.1,88.0,702,87.9,625,,,,,,,,,,,,,,,,,88.1,625,88.2,200,88.4,1,88.5,500,,,,,,,,,,,,
2026-07-01T17:31:26.858618+00:00,2026-07-01T17:31:26.857155,2,4,88.05,0.1,88.0,202,87.9,625,,,,,,,,,,,,,,,,,88.1,625,88.2,200,88.4,1,88.5,500,,,,,,,,,,,,
2026-07-01T17:31:26.874118+00:00,2026-07-01T17:31:26.874015,2,3,88.05,0.1,88.0,202,87.9,625,,,,,,,,,,,,,,,,,88.1,625,88.2,200,88.4,1,,,,,,,,,,,,,,
2026-07-01T17:31:26.879401+00:00,2026-07-01T17:31:26.879276,2,3,88.05,0.1,88.0,702,87.9,625,,,,,,,,,,,,,,,,,88.1,625,88.2,200,88.4,1,,,,,,,,,,,,,,
2026-07-01T17:31:26.884642+00:00,2026-07-01T17:31:26.884535,2,4,88.05,0.1,88.0,702,87.9,625,,,,,,,,,,,,,,,,,88.1,625,88.2,200,88.4,1,88.5,500,,,,,,,,,,,,
2026-07-01T17:31:26.921188+00:00,2026-07-01T17:31:26.921088,2,3,88.05,0.1,88.0,502,87.9,625,,,,,,,,,,,,,,,,,88.1,625,88.4,1,88.5,500,,,,,,,,,,,,,,
2026-07-01T17:31:26.926417+00:00,2026-07-01T17:31:26.926308,2,3,88.05,0.1,88.0,502,87.9,825,,,,,,,,,,,,,,,,,88.1,825,88.4,1,88.5,500,,,,,,,,,,,,,,
2026-07-01T17:31:27.471065+00:00,2026-07-01T17:31:27.470937,2,3,88.05,0.1,88.0,2,87.9,825,,,,,,,,,,,,,,,,,88.1,825,88.4,1,88.5,500,,,,,,,,,,,,,,
2026-07-01T17:31:27.476332+00:00,2026-07-01T17:31:27.476240,2,2,88.05,0.1,88.0,2,87.9,825,,,,,,,,,,,,,,,,,88.1,825,88.4,1,,,,,,,,,,,,,,,,
2026-07-01T17:31:27.481678+00:00,2026-07-01T17:31:27.481519,2,2,88.05,0.1,88.0,502,87.9,825,,,,,,,,,,,,,,,,,88.1,825,88.4,1,,,,,,,,,,,,,,,,
2026-07-01T17:31:27.492053+00:00,2026-07-01T17:31:27.491933,2,3,88.05,0.1,88.0,502,87.9,825,,,,,,,,,,,,,,,,,88.1,825,88.4,1,88.5,500,,,,,,,,,,,,,,
2026-07-01T17:31:28.074471+00:00,2026-07-01T17:31:28.074321,2,3,88.05,0.1,88.0,2,87.9,825,,,,,,,,,,,,,,,,,88.1,825,88.4,1,88.5,500,,,,,,,,,,,,,,
2026-07-01T17:31:28.079785+00:00,2026-07-01T17:31:28.079617,2,2,88.05,0.1,88.0,2,87.9,825,,,,,,,,,,,,,,,,,88.1,825,88.4,1,,,,,,,,,,,,,,,,
2026-07-01T17:31:28.084924+00:00,2026-07-01T17:31:28.084905,2,2,88.05,0.1,88.0,502,87.9,825,,,,,,,,,,,,,,,,,88.1,825,88.4,1,,,,,,,,,,,,,,,,
2026-07-01T17:31:28.095434+00:00,2026-07-01T17:31:28.095295,2,3,88.05,0.1,88.0,502,87.9,825,,,,,,,,,,,,,,,,,88.1,825,88.4,1,88.5,500,,,,,,,,,,,,,,
2026-07-01T17:31:28.111159+00:00,2026-07-01T17:31:28.111107,2,3,88.05,0.1,88.0,502,87.9,200,,,,,,,,,,,,,,,,,88.1,825,88.4,1,88.5,500,,,,,,,,,,,,,,
2026-07-01T17:31:28.116381+00:00,2026-07-01T17:31:28.116294,2,3,88.05,0.1,88.0,502,87.9,200,,,,,,,,,,,,,,,,,88.1,200,88.4,1,88.5,500,,,,,,,,,,,,,,
2026-07-01T17:31:28.121669+00:00,2026-07-01T17:31:28.121560,2,3,88.05,0.1,88.0,1127,87.9,200,,,,,,,,,,,,,,,,,88.1,825,88.4,1,88.5,500,,,,,,,,,,,,,,
2026-07-01T17:31:28.126855+00:00,2026-07-01T17:31:28.126786,1,3,88.05,0.1,88.0,1127,,,,,,,,,,,,,,,,,,,88.1,825,88.4,1,88.5,500,,,,,,,,,,,,,,
2026-07-01T17:31:28.132073+00:00,2026-07-01T17:31:28.132021,1,3,88.05,0.1,88.0,1127,,,,,,,,,,,,,,,,,,,88.1,625,88.4,1,88.5,500,,,,,,,,,,,,,,
2026-07-01T17:31:28.137369+00:00,2026-07-01T17:31:28.137281,2,3,88.05,0.1,88.0,1127,87.9,200,,,,,,,,,,,,,,,,,88.1,825,88.4,1,88.5,500,,,,,,,,,,,,,,
2026-07-01T17:31:28.677095+00:00,2026-07-01T17:31:28.676942,2,3,88.05,0.1,88.0,627,87.9,200,,,,,,,,,,,,,,,,,88.1,825,88.4,1,88.5,500,,,,,,,,,,,,,,
2026-07-01T17:31:28.682307+00:00,2026-07-01T17:31:28.682223,2,2,88.05,0.1,88.0,627,87.9,200,,,,,,,,,,,,,,,,,88.1,825,88.4,1,,,,,,,,,,,,,,,,
2026-07-01T17:31:28.687594+00:00,2026-07-01T17:31:28.687469,2,2,88.05,0.1,88.0,1127,87.9,200,,,,,,,,,,,,,,,,,88.1,825,88.4,1,,,,,,,,,,,,,,,,
2026-07-01T17:31:28.698042+00:00,2026-07-01T17:31:28.697851,2,3,88.05,0.1,88.0,1127,87.9,200,,,,,,,,,,,,,,,,,88.1,825,88.4,1,88.5,500,,,,,,,,,,,,,,
2026-07-01T17:31:29.280061+00:00,2026-07-01T17:31:29.279931,2,3,88.05,0.1,88.0,627,87.9,200,,,,,,,,,,,,,,,,,88.1,825,88.4,1,88.5,500,,,,,,,,,,,,,,
2026-07-01T17:31:29.285359+00:00,2026-07-01T17:31:29.285195,2,2,88.05,0.1,88.0,627,87.9,200,,,,,,,,,,,,,,,,,88.1,825,88.4,1,,,,,,,,,,,,,,,,
2026-07-01T17:31:29.295691+00:00,2026-07-01T17:31:29.295548,2,2,88.05,0.1,88.0,1127,87.9,200,,,,,,,,,,,,,,,,,88.1,825,88.4,1,,,,,,,,,,,,,,,,
2026-07-01T17:31:29.300948+00:00,2026-07-01T17:31:29.300828,2,3,88.05,0.1,88.0,1127,87.9,200,,,,,,,,,,,,,,,,,88.1,825,88.4,1,88.5,500,,,,,,,,,,,,,,
2026-07-01T17:31:29.343321+00:00,2026-07-01T17:31:29.343252,1,3,88.05,0.1,88.0,1127,,,,,,,,,,,,,,,,,,,88.1,825,88.4,1,88.5,500,,,,,,,,,,,,,,
2026-07-01T17:31:29.358607+00:00,2026-07-01T17:31:29.348578,2,3,88.05,0.1,88.0,1127,87.9,200,,,,,,,,,,,,,,,,,88.1,825,88.4,1,88.5,500,,,,,,,,,,,,,,
2026-07-01T17:31:29.422983+00:00,2026-07-01T17:31:29.422883,2,3,88.05,0.1,88.0,502,87.9,200,,,,,,,,,,,,,,,,,88.1,825,88.4,1,88.5,500,,,,,,,,,,,,,,
2026-07-01T17:31:29.439448+00:00,2026-07-01T17:31:29.438204,2,4,88.05,0.1,88.0,1124,87.9,200,,,,,,,,,,,,,,,,,88.1,200,88.2,625,88.4,1,88.5,500,,,,,,,,,,,,
2026-07-01T17:31:29.879442+00:00,2026-07-01T17:31:29.879279,2,4,88.05,0.1,88.0,625,87.9,200,,,,,,,,,,,,,,,,,88.1,200,88.2,625,88.4,1,88.5,500,,,,,,,,,,,,
2026-07-01T17:31:29.884609+00:00,2026-07-01T17:31:29.884567,2,3,88.05,0.1,88.0,625,87.9,200,,,,,,,,,,,,,,,,,88.1,200,88.2,625,88.4,1,,,,,,,,,,,,,,
2026-07-01T17:31:29.900403+00:00,2026-07-01T17:31:29.900214,2,3,88.05,0.1,88.0,1125,87.9,200,,,,,,,,,,,,,,,,,88.1,200,88.2,625,88.4,1,,,,,,,,,,,,,,
2026-07-01T17:31:29.905637+00:00,2026-07-01T17:31:29.905503,2,4,88.05,0.1,88.0,1125,87.9,200,,,,,,,,,,,,,,,,,88.1,200,88.2,625,88.4,1,88.5,500,,,,,,,,,,,,
2026-07-01T17:31:30.122206+00:00,2026-07-01T17:31:30.122324,2,4,88.05,0.1,88.0,1133,87.9,200,,,,,,,,,,,,,,,,,88.1,200,88.2,625,88.4,1,88.5,500,,,,,,,,,,,,
2026-07-01T17:31:30.485351+00:00,2026-07-01T17:31:30.485224,2,4,88.05,0.1,88.0,633,87.9,200,,,,,,,,,,,,,,,,,88.1,200,88.2,625,88.4,1,88.5,500,,,,,,,,,,,,
2026-07-01T17:31:30.490582+00:00,2026-07-01T17:31:30.490504,2,3,88.05,0.1,88.0,633,87.9,200,,,,,,,,,,,,,,,,,88.1,200,88.2,625,88.4,1,,,,,,,,,,,,,,
2026-07-01T17:31:30.501155+00:00,2026-07-01T17:31:30.501001,2,3,88.05,0.1,88.0,1133,87.9,200,,,,,,,,,,,,,,,,,88.1,200,88.2,625,88.4,1,,,,,,,,,,,,,,
2026-07-01T17:31:30.506385+00:00,2026-07-01T17:31:30.506260,2,4,88.05,0.1,88.0,1133,87.9,200,,,,,,,,,,,,,,,,,88.1,200,88.2,625,88.4,1,88.5,500,,,,,,,,,,,,
2026-07-01T17:31:30.569107+00:00,2026-07-01T17:31:30.569051,2,4,88.05,0.1,88.0,1133,87.9,200,,,,,,,,,,,,,,,,,88.1,200,88.2,625,88.4,1,88.5,500,,,,,,,,,,,,
2026-07-01T17:31:30.735462+00:00,2026-07-01T17:31:30.735378,2,3,88.05,0.1,88.0,508,87.9,200,,,,,,,,,,,,,,,,,88.1,200,88.4,1,88.5,500,,,,,,,,,,,,,,
2026-07-01T17:31:30.740694+00:00,2026-07-01T17:31:30.740653,1,4,87.95,0.1,87.9,825,,,,,,,,,,,,,,,,,,,88.0,117,88.1,200,88.4,1,88.5,500,,,,,,,,,,,,
2026-07-01T17:31:31.088263+00:00,2026-07-01T17:31:31.088142,1,3,87.95,0.1,87.9,825,,,,,,,,,,,,,,,,,,,88.0,117,88.1,200,88.4,1,,,,,,,,,,,,,,
2026-07-01T17:31:31.098855+00:00,2026-07-01T17:31:31.098733,2,2,88.05,0.1,88.0,383,87.9,825,,,,,,,,,,,,,,,,,88.1,200,88.4,1,,,,,,,,,,,,,,,,
2026-07-01T17:31:31.104141+00:00,2026-07-01T17:31:31.104017,2,3,88.05,0.1,88.0,383,87.9,825,,,,,,,,,,,,,,,,,88.1,200,88.4,1,88.5,500,,,,,,,,,,,,,,
2026-07-01T17:31:31.382569+00:00,2026-07-01T17:31:31.382424,2,3,88.05,0.1,88.0,388,87.9,825,,,,,,,,,,,,,,,,,88.1,200,88.4,1,88.5,500,,,,,,,,,,,,,,
2026-07-01T17:31:31.690586+00:00,2026-07-01T17:31:31.690425,2,3,88.05,0.1,88.0,5,87.9,825,,,,,,,,,,,,,,,,,88.1,200,88.4,1,88.5,500,,,,,,,,,,,,,,
2026-07-01T17:31:31.695882+00:00,2026-07-01T17:31:31.695741,2,2,88.05,0.1,88.0,5,87.9,825,,,,,,,,,,,,,,,,,88.1,200,88.4,1,,,,,,,,,,,,,,,,
2026-07-01T17:31:31.701082+00:00,2026-07-01T17:31:31.700997,2,2,88.05,0.1,88.0,5,87.9,1325,,,,,,,,,,,,,,,,,88.1,200,88.4,1,,,,,,,,,,,,,,,,
2026-07-01T17:31:31.711626+00:00,2026-07-01T17:31:31.711396,2,3,88.05,0.1,88.0,5,87.9,1325,,,,,,,,,,,,,,,,,88.1,200,88.4,1,88.5,500,,,,,,,,,,,,,,
2026-07-01T17:31:31.769074+00:00,2026-07-01T17:31:31.768964,2,3,87.95,0.1,87.9,1125,87.8,200,,,,,,,,,,,,,,,,,88.0,195,88.4,1,88.5,500,,,,,,,,,,,,,,
2026-07-01T17:31:32.046817+00:00,2026-07-01T17:31:32.046956,2,3,87.95,0.1,87.9,500,87.8,200,,,,,,,,,,,,,,,,,88.0,195,88.4,1,88.5,500,,,,,,,,,,,,,,
2026-07-01T17:31:32.052354+00:00,2026-07-01T17:31:32.052214,3,2,88.2,0.4,88.0,430,87.9,500,87.8,200,,,,,,,,,,,,,,,88.4,1,88.5,500,,,,,,,,,,,,,,,,
2026-07-01T17:31:32.058695+00:00,2026-07-01T17:31:32.058632,3,3,88.1,0.2,88.0,430,87.9,500,87.8,200,,,,,,,,,,,,,,,88.2,625,88.4,1,88.5,500,,,,,,,,,,,,,,
2026-07-01T17:31:32.289962+00:00,2026-07-01T17:31:32.289870,2,3,88.1,0.2,88.0,430,87.8,200,,,,,,,,,,,,,,,,,88.2,625,88.4,1,88.5,500,,,,,,,,,,,,,,
2026-07-01T17:31:32.295424+00:00,2026-07-01T17:31:32.295251,2,2,88.1,0.2,88.0,430,87.8,200,,,,,,,,,,,,,,,,,88.2,625,88.4,1,,,,,,,,,,,,,,,,
2026-07-01T17:31:32.305914+00:00,2026-07-01T17:31:32.305782,2,2,88.1,0.2,88.0,930,87.8,200,,,,,,,,,,,,,,,,,88.2,625,88.4,1,,,,,,,,,,,,,,,,
2026-07-01T17:31:32.311287+00:00,2026-07-01T17:31:32.311117,2,3,88.1,0.2,88.0,930,87.8,200,,,,,,,,,,,,,,,,,88.2,625,88.4,1,88.5,500,,,,,,,,,,,,,,
2026-07-01T17:31:32.506824+00:00,2026-07-01T17:31:32.506766,2,3,88.1,0.2,88.0,936,87.8,200,,,,,,,,,,,,,,,,,88.2,625,88.4,1,88.5,500,,,,,,,,,,,,,,
2026-07-01T17:31:32.924842+00:00,2026-07-01T17:31:32.924655,2,3,88.1,0.2,88.0,436,87.8,200,,,,,,,,,,,,,,,,,88.2,625,88.4,1,88.5,500,,,,,,,,,,,,,,
2026-07-01T17:31:32.930078+00:00,2026-07-01T17:31:32.929994,2,2,88.1,0.2,88.0,436,87.8,200,,,,,,,,,,,,,,,,,88.2,625,88.4,1,,,,,,,,,,,,,,,,
2026-07-01T17:31:32.940598+00:00,2026-07-01T17:31:32.940488,2,2,88.1,0.2,88.0,936,87.8,200,,,,,,,,,,,,,,,,,88.2,625,88.4,1,,,,,,,,,,,,,,,,
2026-07-01T17:31:32.945913+00:00,2026-07-01T17:31:32.945799,2,3,88.1,0.2,88.0,936,87.8,200,,,,,,,,,,,,,,,,,88.2,625,88.4,1,88.6,500,,,,,,,,,,,,,,
2026-07-01T17:31:32.974921+00:00,2026-07-01T17:31:32.974846,2,3,88.1,0.2,88.0,936,87.9,200,,,,,,,,,,,,,,,,,88.2,625,88.4,1,88.6,500,,,,,,,,,,,,,,
2026-07-01T17:31:32.980156+00:00,2026-07-01T17:31:32.980049,2,4,88.05,0.1,88.0,936,87.9,200,,,,,,,,,,,,,,,,,88.1,200,88.2,625,88.4,1,88.6,500,,,,,,,,,,,,
2026-07-01T17:31:33.040780+00:00,2026-07-01T17:31:33.040675,2,4,88.05,0.1,88.0,935,87.9,200,,,,,,,,,,,,,,,,,88.1,200,88.2,625,88.4,1,88.6,500,,,,,,,,,,,,
2026-07-01T17:31:33.148502+00:00,2026-07-01T17:31:33.158736,2,4,88.05,0.1,88.0,934,87.9,200,,,,,,,,,,,,,,,,,88.1,200,88.2,625,88.4,1,88.6,500,,,,,,,,,,,,
2026-07-01T17:31:33.247786+00:00,2026-07-01T17:31:33.247671,2,4,88.05,0.1,88.0,932,87.9,200,,,,,,,,,,,,,,,,,88.1,200,88.2,625,88.4,1,88.6,500,,,,,,,,,,,,
2026-07-01T17:31:33.373456+00:00,2026-07-01T17:31:33.372043,3,3,88.2,0.2,88.1,414,88.0,502,87.9,200,,,,,,,,,,,,,,,88.3,625,88.4,1,88.6,500,,,,,,,,,,,,,,
2026-07-01T17:31:33.526268+00:00,2026-07-01T17:31:33.526136,3,3,88.2,0.2,88.1,414,88.0,2,87.9,200,,,,,,,,,,,,,,,88.3,625,88.4,1,88.6,500,,,,,,,,,,,,,,
2026-07-01T17:31:33.536949+00:00,2026-07-01T17:31:33.536698,3,2,88.2,0.2,88.1,414,88.0,2,87.9,200,,,,,,,,,,,,,,,88.3,625,88.4,1,,,,,,,,,,,,,,,,
2026-07-01T17:31:33.542236+00:00,2026-07-01T17:31:33.542071,3,2,88.2,0.2,88.1,414,88.0,502,87.9,200,,,,,,,,,,,,,,,88.3,625,88.4,1,,,,,,,,,,,,,,,,
2026-07-01T17:31:33.558569+00:00,2026-07-01T17:31:33.547455,3,3,88.2,0.2,88.1,414,88.0,502,87.9,200,,,,,,,,,,,,,,,88.3,625,88.4,1,88.6,500,,,,,,,,,,,,,,
2026-07-01T17:31:34.131634+00:00,2026-07-01T17:31:34.131494,3,3,88.2,0.2,88.1,414,88.0,2,87.9,200,,,,,,,,,,,,,,,88.3,625,88.4,1,88.6,500,,,,,,,,,,,,,,
2026-07-01T17:31:34.136891+00:00,2026-07-01T17:31:34.136782,3,2,88.2,0.2,88.1,414,88.0,2,87.9,200,,,,,,,,,,,,,,,88.3,625,88.4,1,,,,,,,,,,,,,,,,
2026-07-01T17:31:34.158647+00:00,2026-07-01T17:31:34.147417,3,3,88.2,0.2,88.1,414,88.0,502,87.9,200,,,,,,,,,,,,,,,88.3,625,88.4,1,88.6,500,,,,,,,,,,,,,,
2026-07-01T17:31:34.180816+00:00,2026-07-01T17:31:34.180726,2,3,88.2,0.2,88.1,414,88.0,502,,,,,,,,,,,,,,,,,88.3,625,88.4,1,88.6,500,,,,,,,,,,,,,,
2026-07-01T17:31:34.186075+00:00,2026-07-01T17:31:34.185984,2,4,88.15,0.1,88.1,414,88.0,702,,,,,,,,,,,,,,,,,88.2,200,88.3,625,88.4,1,88.6,500,,,,,,,,,,,,
2026-07-01T17:31:34.667670+00:00,2026-07-01T17:31:34.667587,1,4,88.1,0.2,88.0,702,,,,,,,,,,,,,,,,,,,88.2,200,88.3,625,88.4,1,88.6,500,,,,,,,,,,,,
2026-07-01T17:31:34.672858+00:00,2026-07-01T17:31:34.672827,2,4,88.15,0.1,88.1,625,88.0,702,,,,,,,,,,,,,,,,,88.2,200,88.3,625,88.4,1,88.6,500,,,,,,,,,,,,
2026-07-01T17:31:34.730244+00:00,2026-07-01T17:31:34.730173,2,4,88.15,0.1,88.1,625,88.0,202,,,,,,,,,,,,,,,,,88.2,200,88.3,625,88.4,1,88.6,500,,,,,,,,,,,,
2026-07-01T17:31:34.740647+00:00,2026-07-01T17:31:34.740587,2,3,88.15,0.1,88.1,625,88.0,202,,,,,,,,,,,,,,,,,88.2,200,88.3,625,88.4,1,,,,,,,,,,,,,,
2026-07-01T17:31:34.745930+00:00,2026-07-01T17:31:34.745855,2,3,88.15,0.1,88.1,625,88.0,702,,,,,,,,,,,,,,,,,88.2,200,88.3,625,88.4,1,,,,,,,,,,,,,,
2026-07-01T17:31:34.764102+00:00,2026-07-01T17:31:34.763892,2,4,88.15,0.1,88.1,625,88.0,702,,,,,,,,,,,,,,,,,88.2,200,88.3,625,88.4,1,88.6,500,,,,,,,,,,,,
2026-07-01T17:31:35.338725+00:00,2026-07-01T17:31:35.338598,2,4,88.15,0.1,88.1,625,88.0,202,,,,,,,,,,,,,,,,,88.2,200,88.3,625,88.4,1,88.6,500,,,,,,,,,,,,
2026-07-01T17:31:35.344023+00:00,2026-07-01T17:31:35.343878,2,3,88.15,0.1,88.1,625,88.0,202,,,,,,,,,,,,,,,,,88.2,200,88.3,625,88.4,1,,,,,,,,,,,,,,
2026-07-01T17:31:35.358777+00:00,2026-07-01T17:31:35.358713,2,3,88.15,0.1,88.1,1125,88.0,202,,,,,,,,,,,,,,,,,88.2,200,88.3,625,88.4,1,,,,,,,,,,,,,,
2026-07-01T17:31:35.364301+00:00,2026-07-01T17:31:35.363995,2,4,88.15,0.1,88.1,1125,88.0,202,,,,,,,,,,,,,,,,,88.2,200,88.3,625,88.4,1,88.6,500,,,,,,,,,,,,
2026-07-01T17:31:35.391077+00:00,2026-07-01T17:31:35.391046,2,3,88.2,0.2,88.1,1125,88.0,2,,,,,,,,,,,,,,,,,88.3,625,88.4,1,88.6,500,,,,,,,,,,,,,,
2026-07-01T17:31:35.396353+00:00,2026-07-01T17:31:35.396248,3,3,88.2,0.2,88.1,1125,88.0,2,87.9,200,,,,,,,,,,,,,,,88.3,625,88.4,1,88.6,500,,,,,,,,,,,,,,
2026-07-01T17:31:35.401621+00:00,2026-07-01T17:31:35.401476,3,3,88.2,0.2,88.1,925,88.0,2,87.9,200,,,,,,,,,,,,,,,88.3,625,88.4,1,88.6,500,,,,,,,,,,,,,,
2026-07-01T17:31:35.959017+00:00,2026-07-01T17:31:35.958671,3,3,88.2,0.2,88.1,425,88.0,2,87.9,200,,,,,,,,,,,,,,,88.3,625,88.4,1,88.6,500,,,,,,,,,,,,,,
2026-07-01T17:31:35.964402+00:00,2026-07-01T17:31:35.964235,3,3,88.2,0.2,88.1,925,88.0,2,87.9,200,,,,,,,,,,,,,,,88.3,625,88.4,1,88.6,500,,,,,,,,,,,,,,
2026-07-01T17:31:35.980239+00:00,2026-07-01T17:31:35.980089,3,3,88.2,0.2,88.1,500,88.0,2,87.9,200,,,,,,,,,,,,,,,88.3,625,88.4,1,88.6,500,,,,,,,,,,,,,,
2026-07-01T17:31:35.985461+00:00,2026-07-01T17:31:35.985392,3,2,88.25,0.3,88.1,500,88.0,2,87.9,825,,,,,,,,,,,,,,,88.4,1,88.6,500,,,,,,,,,,,,,,,,
2026-07-01T17:31:35.990797+00:00,2026-07-01T17:31:35.990701,2,3,88.05,0.1,88.0,2,87.9,825,,,,,,,,,,,,,,,,,88.1,125,88.4,1,88.6,500,,,,,,,,,,,,,,
2026-07-01T17:31:36.558673+00:00,2026-07-01T17:31:36.554140,3,2,88.25,0.3,88.1,375,88.0,2,87.9,825,,,,,,,,,,,,,,,88.4,1,88.6,500,,,,,,,,,,,,,,,,
2026-07-01T17:31:36.601202+00:00,2026-07-01T17:31:36.601131,3,2,88.25,0.3,88.1,375,88.0,2,87.9,625,,,,,,,,,,,,,,,88.4,1,88.6,500,,,,,,,,,,,,,,,,
2026-07-01T17:31:36.606556+00:00,2026-07-01T17:31:36.606361,3,2,88.25,0.3,88.1,375,88.0,2,87.9,825,,,,,,,,,,,,,,,88.4,1,88.6,500,,,,,,,,,,,,,,,,
2026-07-01T17:31:36.611744+00:00,2026-07-01T17:31:36.611638,3,2,88.25,0.3,88.1,175,88.0,2,87.9,825,,,,,,,,,,,,,,,88.4,1,88.6,500,,,,,,,,,,,,,,,,
2026-07-01T17:31:37.148109+00:00,2026-07-01T17:31:37.147960,2,2,88.2,0.4,88.0,2,87.9,825,,,,,,,,,,,,,,,,,88.4,1,88.6,500,,,,,,,,,,,,,,,,
2026-07-01T17:31:37.158638+00:00,2026-07-01T17:31:37.153462,3,1,88.25,0.3,88.1,500,88.0,2,87.9,825,,,,,,,,,,,,,,,88.4,1,,,,,,,,,,,,,,,,,,
2026-07-01T17:31:37.169996+00:00,2026-07-01T17:31:37.169786,3,2,88.25,0.3,88.1,500,88.0,2,87.9,825,,,,,,,,,,,,,,,88.4,1,88.6,500,,,,,,,,,,,,,,,,
2026-07-01T17:31:37.294032+00:00,2026-07-01T17:31:37.293979,3,2,88.25,0.3,88.1,500,88.0,2,87.9,200,,,,,,,,,,,,,,,88.4,1,88.6,500,,,,,,,,,,,,,,,,
2026-07-01T17:31:37.299334+00:00,2026-07-01T17:31:37.299265,4,2,88.3,0.2,88.2,625,88.1,500,88.0,2,87.9,200,,,,,,,,,,,,,88.4,626,88.6,500,,,,,,,,,,,,,,,,
2026-07-01T17:31:37.363639+00:00,2026-07-01T17:31:37.363746,4,2,88.3,0.2,88.2,605,88.1,500,88.0,2,87.9,200,,,,,,,,,,,,,88.4,626,88.6,500,,,,,,,,,,,,,,,,
