recv_time,book_timestamp,n_bids,n_asks,mid,spread,bid_px_0,bid_vol_0,bid_px_1,bid_vol_1,bid_px_2,bid_vol_2,bid_px_3,bid_vol_3,bid_px_4,bid_vol_4,bid_px_5,bid_vol_5,bid_px_6,bid_vol_6,bid_px_7,bid_vol_7,bid_px_8,bid_vol_8,bid_px_9,bid_vol_9,ask_px_0,ask_vol_0,ask_px_1,ask_vol_1,ask_px_2,ask_vol_2,ask_px_3,ask_vol_3,ask_px_4,ask_vol_4,ask_px_5,ask_vol_5,ask_px_6,ask_vol_6,ask_px_7,ask_vol_7,ask_px_8,ask_vol_8,ask_px_9,ask_vol_9
2026-07-01T13:00:00.017087+00:00,2026-07-01T23:00:00.016089,2,3,86.45,0.1,86.4,625,86.3,3,,,,,,,,,,,,,,,,,86.5,200,86.6,625,86.7,501,,,,,,,,,,,,,,
2026-07-01T13:00:00.028087+00:00,2026-07-01T23:00:00.025087,2,3,86.45,0.1,86.4,625,86.3,3,,,,,,,,,,,,,,,,,86.5,200,86.6,625,86.7,1,,,,,,,,,,,,,,
2026-07-01T13:00:00.038835+00:00,2026-07-01T23:00:00.034835,3,3,86.45,0.1,86.4,625,86.3,3,86.1,500,,,,,,,,,,,,,,,86.5,200,86.6,625,86.7,1,,,,,,,,,,,,,,
2026-07-01T13:00:00.049438+00:00,2026-07-01T23:00:00.042835,3,3,86.45,0.1,86.4,625,86.3,3,86.1,500,,,,,,,,,,,,,,,86.5,200,86.6,1125,86.7,1,,,,,,,,,,,,,,
2026-07-01T13:00:00.334108+00:00,2026-07-01T23:00:00.333107,3,2,86.5,0.2,86.4,625,86.3,3,86.1,500,,,,,,,,,,,,,,,86.6,1125,86.7,1,,,,,,,,,,,,,,,,
2026-07-01T13:00:00.356107+00:00,2026-07-01T23:00:00.349107,3,2,86.5,0.2,86.4,825,86.3,3,86.1,500,,,,,,,,,,,,,,,86.6,1325,86.7,1,,,,,,,,,,,,,,,,
2026-07-01T13:00:00.628960+00:00,2026-07-01T23:00:00.625961,2,2,86.5,0.2,86.4,825,86.3,3,,,,,,,,,,,,,,,,,86.6,825,86.7,1,,,,,,,,,,,,,,,,
2026-07-01T13:00:00.639486+00:00,2026-07-01T23:00:00.634961,3,2,86.5,0.2,86.4,825,86.3,3,86.1,500,,,,,,,,,,,,,,,86.6,825,86.7,1,,,,,,,,,,,,,,,,
2026-07-01T13:00:00.650485+00:00,2026-07-01T23:00:00.640484,3,2,86.5,0.2,86.4,825,86.3,3,86.1,500,,,,,,,,,,,,,,,86.6,1325,86.7,1,,,,,,,,,,,,,,,,
2026-07-01T13:00:01.131201+00:00,2026-07-01T23:00:01.127202,3,2,86.5,0.2,86.4,825,86.3,3,86.1,500,,,,,,,,,,,,,,,86.6,1325,86.7,1,,,,,,,,,,,,,,,,
2026-07-01T13:00:01.230169+00:00,2026-07-01T23:00:01.227717,2,2,86.5,0.2,86.4,825,86.3,3,,,,,,,,,,,,,,,,,86.6,1325,86.7,1,,,,,,,,,,,,,,,,
2026-07-01T13:00:01.241168+00:00,2026-07-01T23:00:01.240168,2,2,86.5,0.2,86.4,825,86.3,3,,,,,,,,,,,,,,,,,86.6,825,86.7,1,,,,,,,,,,,,,,,,
2026-07-01T13:00:01.252170+00:00,2026-07-01T23:00:01.244169,3,2,86.5,0.2,86.4,825,86.3,3,86.1,500,,,,,,,,,,,,,,,86.6,825,86.7,1,,,,,,,,,,,,,,,,
2026-07-01T13:00:01.263169+00:00,2026-07-01T23:00:01.254169,3,2,86.5,0.2,86.4,825,86.3,3,86.1,500,,,,,,,,,,,,,,,86.6,825,86.7,501,,,,,,,,,,,,,,,,
2026-07-01T13:00:01.548224+00:00,2026-07-01T23:00:01.547224,4,2,86.55,0.1,86.5,200,86.4,625,86.3,3,86.1,500,,,,,,,,,,,,,86.6,625,86.7,501,,,,,,,,,,,,,,,,
2026-07-01T13:00:01.558938+00:00,2026-07-01T23:00:01.551938,4,2,86.55,0.1,86.5,200,86.4,625,86.3,3,86.1,500,,,,,,,,,,,,,86.6,625,86.7,701,,,,,,,,,,,,,,,,
2026-07-01T13:00:01.852932+00:00,2026-07-01T23:00:01.844932,3,2,86.55,0.1,86.5,200,86.4,625,86.3,3,,,,,,,,,,,,,,,86.6,625,86.7,701,,,,,,,,,,,,,,,,
2026-07-01T13:00:01.863933+00:00,2026-07-01T23:00:01.859932,3,2,86.55,0.1,86.5,200,86.4,625,86.3,3,,,,,,,,,,,,,,,86.6,625,86.7,201,,,,,,,,,,,,,,,,
2026-07-01T13:00:01.874932+00:00,2026-07-01T23:00:01.870932,4,2,86.55,0.1,86.5,200,86.4,625,86.3,3,86.1,500,,,,,,,,,,,,,86.6,625,86.7,201,,,,,,,,,,,,,,,,
2026-07-01T13:00:01.885932+00:00,2026-07-01T23:00:01.881932,4,2,86.55,0.1,86.5,200,86.4,625,86.3,3,86.1,500,,,,,,,,,,,,,86.6,625,86.7,701,,,,,,,,,,,,,,,,
2026-07-01T13:00:02.433368+00:00,2026-07-01T23:00:02.425368,3,2,86.55,0.1,86.5,200,86.4,625,86.3,3,,,,,,,,,,,,,,,86.6,625,86.7,701,,,,,,,,,,,,,,,,
2026-07-01T13:00:02.444369+00:00,2026-07-01T23:00:02.437368,3,2,86.55,0.1,86.5,200,86.4,625,86.3,3,,,,,,,,,,,,,,,86.6,625,86.7,201,,,,,,,,,,,,,,,,
2026-07-01T13:00:02.455253+00:00,2026-07-01T23:00:02.445369,4,2,86.55,0.1,86.5,200,86.4,625,86.3,3,86.1,500,,,,,,,,,,,,,86.6,625,86.7,201,,,,,,,,,,,,,,,,
2026-07-01T13:00:02.466254+00:00,2026-07-01T23:00:02.463253,3,2,86.55,0.1,86.5,200,86.3,3,86.1,500,,,,,,,,,,,,,,,86.6,1125,86.7,201,,,,,,,,,,,,,,,,
2026-07-01T13:00:02.477254+00:00,2026-07-01T23:00:02.474253,3,2,86.55,0.1,86.5,200,86.3,3,86.1,500,,,,,,,,,,,,,,,86.6,500,86.7,201,,,,,,,,,,,,,,,,
2026-07-01T13:00:02.488254+00:00,2026-07-01T23:00:02.485254,4,2,86.65,0.1,86.6,125,86.5,200,86.3,3,86.1,500,,,,,,,,,,,,,86.7,201,86.8,625,,,,,,,,,,,,,,,,
2026-07-01T13:00:02.761327+00:00,2026-07-01T23:00:02.757328,4,2,86.65,0.1,86.6,125,86.4,200,86.3,3,86.1,500,,,,,,,,,,,,,86.7,1,86.8,625,,,,,,,,,,,,,,,,
2026-07-01T13:00:02.772327+00:00,2026-07-01T23:00:02.761327,3,3,86.5,0.2,86.4,200,86.3,3,86.1,500,,,,,,,,,,,,,,,86.6,75,86.7,1,86.8,625,,,,,,,,,,,,,,
2026-07-01T13:00:03.033607+00:00,2026-07-01T23:00:03.028607,2,3,86.5,0.2,86.4,200,86.3,3,,,,,,,,,,,,,,,,,86.6,75,86.7,1,86.8,625,,,,,,,,,,,,,,
2026-07-01T13:00:03.044608+00:00,2026-07-01T23:00:03.043607,3,3,86.5,0.2,86.4,200,86.3,3,86.1,500,,,,,,,,,,,,,,,86.6,575,86.7,1,86.8,625,,,,,,,,,,,,,,
2026-07-01T13:00:03.633833+00:00,2026-07-01T23:00:03.631833,2,3,86.5,0.2,86.4,200,86.3,3,,,,,,,,,,,,,,,,,86.6,575,86.7,1,86.8,625,,,,,,,,,,,,,,
2026-07-01T13:00:03.644833+00:00,2026-07-01T23:00:03.639833,2,3,86.5,0.2,86.4,200,86.3,3,,,,,,,,,,,,,,,,,86.6,75,86.7,1,86.8,625,,,,,,,,,,,,,,
2026-07-01T13:00:03.655832+00:00,2026-07-01T23:00:03.654833,3,3,86.5,0.2,86.4,200,86.3,3,86.1,500,,,,,,,,,,,,,,,86.6,75,86.7,501,86.8,625,,,,,,,,,,,,,,
2026-07-01T13:00:03.797835+00:00,2026-07-01T23:00:03.795835,4,2,86.55,0.1,86.5,625,86.4,200,86.3,3,86.1,500,,,,,,,,,,,,,86.6,700,86.7,501,,,,,,,,,,,,,,,,
2026-07-01T13:00:03.973312+00:00,2026-07-01T23:00:03.967313,3,2,86.55,0.1,86.5,625,86.3,3,86.1,500,,,,,,,,,,,,,,,86.6,625,86.7,501,,,,,,,,,,,,,,,,
2026-07-01T13:00:03.984312+00:00,2026-07-01T23:00:03.981312,4,2,86.55,0.1,86.5,625,86.4,200,86.3,3,86.1,500,,,,,,,,,,,,,86.6,825,86.7,501,,,,,,,,,,,,,,,,
2026-07-01T13:00:04.236244+00:00,2026-07-01T23:00:04.234245,3,2,86.55,0.1,86.5,625,86.4,200,86.3,3,,,,,,,,,,,,,,,86.6,825,86.7,501,,,,,,,,,,,,,,,,
2026-07-01T13:00:04.247244+00:00,2026-07-01T23:00:04.244246,3,2,86.55,0.1,86.5,625,86.4,200,86.3,3,,,,,,,,,,,,,,,86.6,825,86.7,1,,,,,,,,,,,,,,,,
2026-07-01T13:00:04.257778+00:00,2026-07-01T23:00:04.254779,4,2,86.55,0.1,86.5,625,86.4,200,86.3,3,86.2,500,,,,,,,,,,,,,86.6,825,86.7,1,,,,,,,,,,,,,,,,
2026-07-01T13:00:04.268936+00:00,2026-07-01T23:00:04.265936,4,2,86.55,0.1,86.5,625,86.4,200,86.3,3,86.2,500,,,,,,,,,,,,,86.6,825,86.7,501,,,,,,,,,,,,,,,,
2026-07-01T13:00:04.837980+00:00,2026-07-01T23:00:04.835980,3,2,86.55,0.1,86.5,625,86.4,200,86.3,3,,,,,,,,,,,,,,,86.6,825,86.7,501,,,,,,,,,,,,,,,,
2026-07-01T13:00:04.848204+00:00,2026-07-01T23:00:04.848204,3,2,86.55,0.1,86.5,625,86.4,200,86.3,3,,,,,,,,,,,,,,,86.6,825,86.7,1,,,,,,,,,,,,,,,,
2026-07-01T13:00:04.859313+00:00,2026-07-01T23:00:04.854313,4,2,86.55,0.1,86.5,625,86.4,200,86.3,3,86.2,500,,,,,,,,,,,,,86.6,825,86.7,1,,,,,,,,,,,,,,,,
2026-07-01T13:00:04.869876+00:00,2026-07-01T23:00:04.864313,4,2,86.55,0.1,86.5,625,86.4,200,86.3,3,86.2,500,,,,,,,,,,,,,86.6,825,86.7,501,,,,,,,,,,,,,,,,
2026-07-01T13:00:05.098872+00:00,2026-07-01T23:00:05.097872,3,2,86.5,0.2,86.4,200,86.3,3,86.2,500,,,,,,,,,,,,,,,86.6,825,86.7,501,,,,,,,,,,,,,,,,
2026-07-01T13:00:05.109886+00:00,2026-07-01T23:00:05.104873,3,2,86.5,0.2,86.4,825,86.3,3,86.2,500,,,,,,,,,,,,,,,86.6,825,86.7,501,,,,,,,,,,,,,,,,
2026-07-01T13:00:05.185315+00:00,2026-07-01T23:00:05.184315,3,2,86.5,0.2,86.4,625,86.3,3,86.2,500,,,,,,,,,,,,,,,86.6,825,86.7,501,,,,,,,,,,,,,,,,
2026-07-01T13:00:05.196314+00:00,2026-07-01T23:00:05.190315,3,2,86.5,0.2,86.4,825,86.3,3,86.2,500,,,,,,,,,,,,,,,86.6,825,86.7,501,,,,,,,,,,,,,,,,
2026-07-01T13:00:05.468316+00:00,2026-07-01T23:00:05.464316,2,2,86.5,0.2,86.4,825,86.3,3,,,,,,,,,,,,,,,,,86.6,825,86.7,501,,,,,,,,,,,,,,,,
2026-07-01T13:00:05.478923+00:00,2026-07-01T23:00:05.477922,3,2,86.5,0.2,86.4,825,86.3,3,86.2,500,,,,,,,,,,,,,,,86.6,825,86.7,1,,,,,,,,,,,,,,,,
2026-07-01T13:00:05.489532+00:00,2026-07-01T23:00:05.484923,3,2,86.5,0.2,86.4,825,86.3,3,86.2,500,,,,,,,,,,,,,,,86.6,825,86.7,501,,,,,,,,,,,,,,,,
2026-07-01T13:00:06.067880+00:00,2026-07-01T23:00:06.066317,2,2,86.5,0.2,86.4,825,86.3,3,,,,,,,,,,,,,,,,,86.6,825,86.7,501,,,,,,,,,,,,,,,,
2026-07-01T13:00:06.078876+00:00,2026-07-01T23:00:06.073876,2,2,86.5,0.2,86.4,825,86.3,3,,,,,,,,,,,,,,,,,86.6,825,86.7,1,,,,,,,,,,,,,,,,
2026-07-01T13:00:06.089890+00:00,2026-07-01T23:00:06.088889,2,3,86.5,0.2,86.4,825,86.3,503,,,,,,,,,,,,,,,,,86.6,825,86.7,1,86.8,500,,,,,,,,,,,,,,
2026-07-01T13:00:06.393650+00:00,2026-07-01T23:00:06.391649,2,3,86.5,0.2,86.4,625,86.3,503,,,,,,,,,,,,,,,,,86.6,825,86.7,1,86.8,500,,,,,,,,,,,,,,
2026-07-01T13:00:06.404651+00:00,2026-07-01T23:00:06.402650,3,3,86.55,0.1,86.5,200,86.4,625,86.3,503,,,,,,,,,,,,,,,86.6,625,86.7,201,86.8,500,,,,,,,,,,,,,,
2026-07-01T13:00:06.415651+00:00,2026-07-01T23:00:06.414651,2,2,86.6,0.2,86.5,825,86.3,503,,,,,,,,,,,,,,,,,86.7,201,86.8,500,,,,,,,,,,,,,,,,
2026-07-01T13:00:06.426649+00:00,2026-07-01T23:00:06.415651,2,2,86.6,0.2,86.5,825,86.3,503,,,,,,,,,,,,,,,,,86.7,826,86.8,500,,,,,,,,,,,,,,,,
2026-07-01T13:00:06.675419+00:00,2026-07-01T23:00:06.669419,2,2,86.6,0.2,86.5,825,86.3,3,,,,,,,,,,,,,,,,,86.7,826,86.8,500,,,,,,,,,,,,,,,,
2026-07-01T13:00:06.686419+00:00,2026-07-01T23:00:06.685419,3,1,86.6,0.2,86.5,825,86.3,3,86.2,500,,,,,,,,,,,,,,,86.7,826,,,,,,,,,,,,,,,,,,
2026-07-01T13:00:06.697418+00:00,2026-07-01T23:00:06.692418,3,2,86.6,0.2,86.5,825,86.3,3,86.2,500,,,,,,,,,,,,,,,86.7,826,86.8,500,,,,,,,,,,,,,,,,
2026-07-01T13:00:07.278330+00:00,2026-07-01T23:00:07.273330,2,2,86.6,0.2,86.5,825,86.3,3,,,,,,,,,,,,,,,,,86.7,826,86.8,500,,,,,,,,,,,,,,,,
2026-07-01T13:00:07.289342+00:00,2026-07-01T23:00:07.287342,2,1,86.6,0.2,86.5,825,86.3,503,,,,,,,,,,,,,,,,,86.7,826,,,,,,,,,,,,,,,,,,
2026-07-01T13:00:07.300145+00:00,2026-07-01T23:00:07.299342,2,2,86.6,0.2,86.5,825,86.3,503,,,,,,,,,,,,,,,,,86.7,826,86.8,500,,,,,,,,,,,,,,,,
2026-07-01T13:00:07.605463+00:00,2026-07-01T23:00:07.602463,2,2,86.6,0.2,86.5,625,86.3,503,,,,,,,,,,,,,,,,,86.7,826,86.8,500,,,,,,,,,,,,,,,,
2026-07-01T13:00:07.616200+00:00,2026-07-01T23:00:07.613463,3,2,86.65,0.1,86.6,200,86.5,625,86.3,503,,,,,,,,,,,,,,,86.7,626,86.8,500,,,,,,,,,,,,,,,,
2026-07-01T13:00:07.627198+00:00,2026-07-01T23:00:07.620197,3,2,86.65,0.1,86.6,200,86.5,625,86.3,503,,,,,,,,,,,,,,,86.7,626,86.8,700,,,,,,,,,,,,,,,,
2026-07-01T13:00:07.726221+00:00,2026-07-01T23:00:07.722221,2,2,86.65,0.1,86.6,200,86.3,503,,,,,,,,,,,,,,,,,86.7,1,86.8,700,,,,,,,,,,,,,,,,
2026-07-01T13:00:07.737221+00:00,2026-07-01T23:00:07.735221,2,2,86.65,0.1,86.6,825,86.3,503,,,,,,,,,,,,,,,,,86.7,1,86.8,1325,,,,,,,,,,,,,,,,
2026-07-01T13:00:07.880427+00:00,2026-07-01T23:00:07.875342,2,2,86.65,0.1,86.6,825,86.3,3,,,,,,,,,,,,,,,,,86.7,1,86.8,1325,,,,,,,,,,,,,,,,
2026-07-01T13:00:07.891427+00:00,2026-07-01T23:00:07.884427,2,2,86.65,0.1,86.6,825,86.3,3,,,,,,,,,,,,,,,,,86.7,1,86.8,825,,,,,,,,,,,,,,,,
2026-07-01T13:00:07.902426+00:00,2026-07-01T23:00:07.901427,3,2,86.65,0.1,86.6,825,86.3,3,86.2,500,,,,,,,,,,,,,,,86.7,1,86.8,1325,,,,,,,,,,,,,,,,
2026-07-01T13:00:08.481850+00:00,2026-07-01T23:00:08.477850,2,2,86.65,0.1,86.6,825,86.3,3,,,,,,,,,,,,,,,,,86.7,1,86.8,1325,,,,,,,,,,,,,,,,
2026-07-01T13:00:08.492850+00:00,2026-07-01T23:00:08.485850,2,2,86.65,0.1,86.6,825,86.3,3,,,,,,,,,,,,,,,,,86.7,1,86.8,825,,,,,,,,,,,,,,,,
2026-07-01T13:00:08.503850+00:00,2026-07-01T23:00:08.499851,3,2,86.65,0.1,86.6,825,86.3,3,86.2,500,,,,,,,,,,,,,,,86.7,501,86.8,825,,,,,,,,,,,,,,,,
2026-07-01T13:00:08.767390+00:00,2026-07-01T23:00:08.757670,3,2,86.65,0.1,86.6,823,86.3,3,86.2,500,,,,,,,,,,,,,,,86.7,501,86.8,825,,,,,,,,,,,,,,,,
2026-07-01T13:00:08.832155+00:00,2026-07-01T23:00:08.825155,3,2,86.65,0.1,86.6,625,86.3,3,86.2,500,,,,,,,,,,,,,,,86.7,501,86.8,625,,,,,,,,,,,,,,,,
2026-07-01T13:00:08.843156+00:00,2026-07-01T23:00:08.837156,3,3,86.65,0.1,86.6,625,86.3,3,86.2,500,,,,,,,,,,,,,,,86.7,301,86.8,625,86.9,200,,,,,,,,,,,,,,
2026-07-01T13:00:08.854106+00:00,2026-07-01T23:00:08.853106,3,3,86.65,0.1,86.6,625,86.3,3,86.2,500,,,,,,,,,,,,,,,86.7,301,86.8,625,86.9,200,,,,,,,,,,,,,,
2026-07-01T13:00:09.039683+00:00,2026-07-01T23:00:09.039683,2,2,86.5,0.4,86.3,3,86.2,500,,,,,,,,,,,,,,,,,86.7,301,86.9,200,,,,,,,,,,,,,,,,
2026-07-01T13:00:09.050786+00:00,2026-07-01T23:00:09.042670,3,2,86.65,0.1,86.6,625,86.3,3,86.2,500,,,,,,,,,,,,,,,86.7,301,86.9,200,,,,,,,,,,,,,,,,
2026-07-01T13:00:09.061548+00:00,2026-07-01T23:00:09.057548,3,3,86.65,0.1,86.6,625,86.3,3,86.2,500,,,,,,,,,,,,,,,86.7,301,86.8,625,86.9,200,,,,,,,,,,,,,,
2026-07-01T13:00:09.083088+00:00,2026-07-01T23:00:09.079548,2,3,86.65,0.1,86.6,625,86.3,3,,,,,,,,,,,,,,,,,86.7,301,86.8,625,86.9,200,,,,,,,,,,,,,,
2026-07-01T13:00:09.094087+00:00,2026-07-01T23:00:09.087087,2,3,86.65,0.1,86.6,625,86.3,3,,,,,,,,,,,,,,,,,86.7,2,86.8,625,86.9,200,,,,,,,,,,,,,,
2026-07-01T13:00:09.105087+00:00,2026-07-01T23:00:09.101087,3,3,86.65,0.1,86.6,625,86.3,3,86.2,500,,,,,,,,,,,,,,,86.7,502,86.8,625,86.9,200,,,,,,,,,,,,,,
2026-07-01T13:00:09.605781+00:00,2026-07-01T23:00:09.600781,3,3,86.65,0.1,86.6,625,86.3,3,86.2,500,,,,,,,,,,,,,,,86.7,501,86.8,625,86.9,200,,,,,,,,,,,,,,
2026-07-01T13:00:09.692772+00:00,2026-07-01T23:00:09.690772,2,3,86.65,0.1,86.6,625,86.3,3,,,,,,,,,,,,,,,,,86.7,1,86.8,625,86.9,200,,,,,,,,,,,,,,
2026-07-01T13:00:09.703772+00:00,2026-07-01T23:00:09.698772,3,3,86.65,0.1,86.6,625,86.3,3,86.1,500,,,,,,,,,,,,,,,86.7,1,86.8,625,86.9,200,,,,,,,,,,,,,,
2026-07-01T13:00:09.714773+00:00,2026-07-01T23:00:09.707772,3,3,86.65,0.1,86.6,625,86.3,3,86.1,500,,,,,,,,,,,,,,,86.7,501,86.8,625,86.9,200,,,,,,,,,,,,,,
2026-07-01T13:00:10.041397+00:00,2026-07-01T23:00:10.040383,4,2,86.65,0.1,86.6,625,86.5,200,86.3,3,86.1,500,,,,,,,,,,,,,86.7,501,86.8,625,,,,,,,,,,,,,,,,
2026-07-01T13:00:10.052395+00:00,2026-07-01T23:00:10.042394,4,2,86.65,0.1,86.6,625,86.5,200,86.3,3,86.1,500,,,,,,,,,,,,,86.7,701,86.8,625,,,,,,,,,,,,,,,,
2026-07-01T13:00:10.291351+00:00,2026-07-01T23:00:10.285889,3,2,86.65,0.1,86.6,625,86.5,200,86.3,3,,,,,,,,,,,,,,,86.7,701,86.8,625,,,,,,,,,,,,,,,,
2026-07-01T13:00:10.302349+00:00,2026-07-01T23:00:10.300349,4,2,86.65,0.1,86.6,625,86.5,200,86.3,3,86.1,500,,,,,,,,,,,,,86.7,201,86.8,625,,,,,,,,,,,,,,,,
2026-07-01T13:00:10.313349+00:00,2026-07-01T23:00:10.306350,4,2,86.65,0.1,86.6,625,86.5,200,86.3,3,86.1,500,,,,,,,,,,,,,86.7,701,86.8,625,,,,,,,,,,,,,,,,
2026-07-01T13:00:10.357350+00:00,2026-07-01T23:00:10.354349,4,2,86.65,0.1,86.6,625,86.5,200,86.3,3,86.1,500,,,,,,,,,,,,,86.7,701,86.8,625,,,,,,,,,,,,,,,,
2026-07-01T13:00:10.891541+00:00,2026-07-01T23:00:10.887372,3,2,86.65,0.1,86.6,625,86.5,200,86.3,3,,,,,,,,,,,,,,,86.7,701,86.8,625,,,,,,,,,,,,,,,,
2026-07-01T13:00:10.902536+00:00,2026-07-01T23:00:10.899535,4,2,86.65,0.1,86.6,625,86.5,200,86.3,3,86.1,500,,,,,,,,,,,,,86.7,201,86.8,625,,,,,,,,,,,,,,,,
2026-07-01T13:00:10.913535+00:00,2026-07-01T23:00:10.906536,4,2,86.65,0.1,86.6,625,86.5,200,86.3,3,86.1,500,,,,,,,,,,,,,86.7,701,86.8,625,,,,,,,,,,,,,,,,
2026-07-01T13:00:10.957536+00:00,2026-07-01T23:00:10.957536,3,2,86.65,0.1,86.6,625,86.5,200,86.1,500,,,,,,,,,,,,,,,86.7,700,86.8,625,,,,,,,,,,,,,,,,
2026-07-01T13:00:11.252978+00:00,2026-07-01T23:00:11.248978,3,2,86.65,0.1,86.6,625,86.5,200,86.1,500,,,,,,,,,,,,,,,86.7,500,86.8,625,,,,,,,,,,,,,,,,
2026-07-01T13:00:11.263979+00:00,2026-07-01T23:00:11.252978,3,2,86.65,0.1,86.6,425,86.5,200,86.1,500,,,,,,,,,,,,,,,86.7,500,86.8,625,,,,,,,,,,,,,,,,
2026-07-01T13:00:11.527105+00:00,2026-07-01T23:00:11.524106,2,1,86.7,0.2,86.6,425,86.5,200,,,,,,,,,,,,,,,,,86.8,625,,,,,,,,,,,,,,,,,,
2026-07-01T13:00:11.538105+00:00,2026-07-01T23:00:11.531106,3,1,86.7,0.2,86.6,425,86.5,200,86.2,500,,,,,,,,,,,,,,,86.8,625,,,,,,,,,,,,,,,,,,
2026-07-01T13:00:11.549106+00:00,2026-07-01T23:00:11.538105,3,2,86.65,0.1,86.6,425,86.5,200,86.2,500,,,,,,,,,,,,,,,86.7,500,86.8,625,,,,,,,,,,,,,,,,
2026-07-01T13:00:11.659269+00:00,2026-07-01T23:00:11.658268,2,2,86.6,0.2,86.5,200,86.2,500,,,,,,,,,,,,,,,,,86.7,500,86.8,625,,,,,,,,,,,,,,,,
2026-07-01T13:00:11.669595+00:00,2026-07-01T23:00:11.663072,3,2,86.55,0.1,86.5,200,86.4,625,86.2,500,,,,,,,,,,,,,,,86.6,625,86.7,500,,,,,,,,,,,,,,,,
2026-07-01T13:00:12.130059+00:00,2026-07-01T23:00:12.127060,2,1,86.55,0.1,86.5,200,86.4,625,,,,,,,,,,,,,,,,,86.6,625,,,,,,,,,,,,,,,,,,
2026-07-01T13:00:12.140958+00:00,2026-07-01T23:00:12.134060,3,1,86.55,0.1,86.5,200,86.4,625,86.2,500,,,,,,,,,,,,,,,86.6,625,,,,,,,,,,,,,,,,,,
2026-07-01T13:00:12.151955+00:00,2026-07-01T23:00:12.140958,3,2,86.55,0.1,86.5,200,86.4,625,86.2,500,,,,,,,,,,,,,,,86.6,625,86.7,500,,,,,,,,,,,,,,,,
2026-07-01T13:00:12.173968+00:00,2026-07-01T23:00:12.163954,3,2,86.55,0.1,86.5,192,86.4,625,86.2,500,,,,,,,,,,,,,,,86.6,625,86.7,500,,,,,,,,,,,,,,,,
2026-07-01T13:00:12.272308+00:00,2026-07-01T23:00:12.268422,3,2,86.55,0.1,86.5,192,86.4,625,86.2,500,,,,,,,,,,,,,,,86.6,617,86.7,500,,,,,,,,,,,,,,,,
2026-07-01T13:00:12.293597+00:00,2026-07-01T23:00:12.286596,3,2,86.55,0.1,86.5,184,86.4,625,86.2,500,,,,,,,,,,,,,,,86.6,617,86.7,500,,,,,,,,,,,,,,,,
2026-07-01T13:00:12.403605+00:00,2026-07-01T23:00:12.392605,3,2,86.55,0.1,86.5,184,86.4,625,86.2,500,,,,,,,,,,,,,,,86.6,609,86.7,500,,,,,,,,,,,,,,,,
2026-07-01T13:00:12.414605+00:00,2026-07-01T23:00:12.405606,3,2,86.55,0.1,86.5,176,86.4,625,86.2,500,,,,,,,,,,,,,,,86.6,609,86.7,500,,,,,,,,,,,,,,,,
2026-07-01T13:00:12.457509+00:00,2026-07-01T23:00:12.456508,2,2,86.5,0.2,86.4,625,86.2,500,,,,,,,,,,,,,,,,,86.6,609,86.7,500,,,,,,,,,,,,,,,,
2026-07-01T13:00:12.468509+00:00,2026-07-01T23:00:12.460509,2,2,86.5,0.2,86.4,825,86.2,500,,,,,,,,,,,,,,,,,86.6,809,86.7,500,,,,,,,,,,,,,,,,
2026-07-01T13:00:12.512123+00:00,2026-07-01T23:00:12.508123,2,2,86.5,0.2,86.4,825,86.2,500,,,,,,,,,,,,,,,,,86.6,803,86.7,500,,,,,,,,,,,,,,,,
2026-07-01T13:00:12.731460+00:00,2026-07-01T23:00:12.723507,1,2,86.5,0.2,86.4,825,,,,,,,,,,,,,,,,,,,86.6,803,86.7,500,,,,,,,,,,,,,,,,
2026-07-01T13:00:12.742460+00:00,2026-07-01T23:00:12.733459,1,1,86.5,0.2,86.4,825,,,,,,,,,,,,,,,,,,,86.6,803,,,,,,,,,,,,,,,,,,
2026-07-01T13:00:12.753460+00:00,2026-07-01T23:00:12.752459,2,2,86.5,0.2,86.4,825,86.2,500,,,,,,,,,,,,,,,,,86.6,803,86.7,500,,,,,,,,,,,,,,,,
2026-07-01T13:00:12.974958+00:00,2026-07-01T23:00:12.969940,2,2,86.5,0.2,86.4,825,86.2,500,,,,,,,,,,,,,,,,,86.6,825,86.7,500,,,,,,,,,,,,,,,,
2026-07-01T13:00:13.335221+00:00,2026-07-01T23:00:13.334220,1,1,86.5,0.2,86.4,825,,,,,,,,,,,,,,,,,,,86.6,825,,,,,,,,,,,,,,,,,,
2026-07-01T13:00:13.346223+00:00,2026-07-01T23:00:13.344222,2,1,86.5,0.2,86.4,825,86.2,500,,,,,,,,,,,,,,,,,86.6,825,,,,,,,,,,,,,,,,,,
2026-07-01T13:00:13.357385+00:00,2026-07-01T23:00:13.348221,2,2,86.5,0.2,86.4,825,86.2,500,,,,,,,,,,,,,,,,,86.6,825,86.7,500,,,,,,,,,,,,,,,,
2026-07-01T13:00:13.695789+00:00,2026-07-01T23:00:13.688788,2,2,86.5,0.2,86.4,625,86.2,500,,,,,,,,,,,,,,,,,86.6,625,86.7,500,,,,,,,,,,,,,,,,
2026-07-01T13:00:13.706787+00:00,2026-07-01T23:00:13.697787,2,3,86.5,0.2,86.4,625,86.2,500,,,,,,,,,,,,,,,,,86.6,425,86.7,500,86.8,200,,,,,,,,,,,,,,
2026-07-01T13:00:13.934341+00:00,2026-07-01T23:00:13.929341,1,3,86.5,0.2,86.4,625,,,,,,,,,,,,,,,,,,,86.6,425,86.7,500,86.8,200,,,,,,,,,,,,,,
2026-07-01T13:00:13.945341+00:00,2026-07-01T23:00:13.943341,2,2,86.5,0.2,86.4,625,86.2,500,,,,,,,,,,,,,,,,,86.6,425,86.8,200,,,,,,,,,,,,,,,,
2026-07-01T13:00:13.956341+00:00,2026-07-01T23:00:13.949341,2,3,86.5,0.2,86.4,625,86.2,500,,,,,,,,,,,,,,,,,86.6,425,86.7,500,86.8,200,,,,,,,,,,,,,,
2026-07-01T13:00:14.274495+00:00,2026-07-01T23:00:14.272495,1,3,86.4,0.4,86.2,500,,,,,,,,,,,,,,,,,,,86.6,425,86.7,500,86.8,200,,,,,,,,,,,,,,
2026-07-01T13:00:14.285013+00:00,2026-07-01T23:00:14.275494,1,2,86.45,0.5,86.2,500,,,,,,,,,,,,,,,,,,,86.7,500,86.8,200,,,,,,,,,,,,,,,,
2026-07-01T13:00:14.296014+00:00,2026-07-01T23:00:14.288013,2,2,86.75,0.1,86.7,125,86.2,500,,,,,,,,,,,,,,,,,86.8,200,86.9,625,,,,,,,,,,,,,,,,
2026-07-01T13:00:14.537421+00:00,2026-07-01T23:00:14.532421,1,2,86.75,0.1,86.7,125,,,,,,,,,,,,,,,,,,,86.8,200,86.9,625,,,,,,,,,,,,,,,,
2026-07-01T13:00:14.548423+00:00,2026-07-01T23:00:14.539421,2,2,86.75,0.1,86.7,125,86.2,500,,,,,,,,,,,,,,,,,86.8,200,86.9,625,,,,,,,,,,,,,,,,
2026-07-01T13:00:14.559421+00:00,2026-07-01T23:00:14.550422,1,3,86.45,0.5,86.2,500,,,,,,,,,,,,,,,,,,,86.7,375,86.8,200,86.9,625,,,,,,,,,,,,,,
2026-07-01T13:00:14.885322+00:00,2026-07-01T23:00:14.881322,2,2,86.6,0.2,86.5,200,86.2,500,,,,,,,,,,,,,,,,,86.7,575,86.9,625,,,,,,,,,,,,,,,,
2026-07-01T13:00:15.137344+00:00,2026-07-01T23:00:15.135344,1,2,86.6,0.2,86.5,200,,,,,,,,,,,,,,,,,,,86.7,575,86.9,625,,,,,,,,,,,,,,,,
2026-07-01T13:00:15.148344+00:00,2026-07-01T23:00:15.145343,1,2,86.6,0.2,86.5,200,,,,,,,,,,,,,,,,,,,86.7,200,86.9,625,,,,,,,,,,,,,,,,
2026-07-01T13:00:15.159345+00:00,2026-07-01T23:00:15.152344,2,2,86.6,0.2,86.5,200,86.2,500,,,,,,,,,,,,,,,,,86.7,200,86.9,625,,,,,,,,,,,,,,,,
2026-07-01T13:00:15.170321+00:00,2026-07-01T23:00:15.160328,2,2,86.6,0.2,86.5,200,86.2,500,,,,,,,,,,,,,,,,,86.7,700,86.9,625,,,,,,,,,,,,,,,,
2026-07-01T13:00:15.594728+00:00,2026-07-01T23:00:15.590728,2,1,86.6,0.2,86.5,200,86.2,500,,,,,,,,,,,,,,,,,86.7,700,,,,,,,,,,,,,,,,,,
2026-07-01T13:00:15.605728+00:00,2026-07-01T23:00:15.597728,1,2,86.3,0.2,86.2,1125,,,,,,,,,,,,,,,,,,,86.4,425,86.7,700,,,,,,,,,,,,,,,,
2026-07-01T13:00:15.747560+00:00,2026-07-01T23:00:15.746560,1,2,86.3,0.2,86.2,625,,,,,,,,,,,,,,,,,,,86.4,425,86.7,200,,,,,,,,,,,,,,,,
2026-07-01T13:00:15.758559+00:00,2026-07-01T23:00:15.753560,1,2,86.3,0.2,86.2,1125,,,,,,,,,,,,,,,,,,,86.4,425,86.7,200,,,,,,,,,,,,,,,,
2026-07-01T13:00:15.769559+00:00,2026-07-01T23:00:15.761559,1,2,86.3,0.2,86.2,1125,,,,,,,,,,,,,,,,,,,86.4,425,86.7,700,,,,,,,,,,,,,,,,
2026-07-01T13:00:15.780559+00:00,2026-07-01T23:00:15.769559,1,2,86.3,0.2,86.2,1225,,,,,,,,,,,,,,,,,,,86.4,425,86.7,700,,,,,,,,,,,,,,,,
2026-07-01T13:00:15.867996+00:00,2026-07-01T23:00:15.859996,1,2,86.3,0.2,86.2,1181,,,,,,,,,,,,,,,,,,,86.4,425,86.7,700,,,,,,,,,,,,,,,,
2026-07-01T13:00:16.086042+00:00,2026-07-01T23:00:16.084041,1,2,86.3,0.2,86.2,1181,,,,,,,,,,,,,,,,,,,86.4,425,86.7,500,,,,,,,,,,,,,,,,
2026-07-01T13:00:16.097042+00:00,2026-07-01T23:00:16.091041,1,3,86.3,0.2,86.2,1181,,,,,,,,,,,,,,,,,,,86.4,225,86.6,200,86.7,500,,,,,,,,,,,,,,
2026-07-01T13:00:16.348001+00:00,2026-07-01T23:00:16.347001,1,2,86.3,0.2,86.2,681,,,,,,,,,,,,,,,,,,,86.4,225,86.6,200,,,,,,,,,,,,,,,,
2026-07-01T13:00:16.358276+00:00,2026-07-01T23:00:16.355275,1,2,86.3,0.2,86.2,1181,,,,,,,,,,,,,,,,,,,86.4,225,86.6,200,,,,,,,,,,,,,,,,
2026-07-01T13:00:16.369276+00:00,2026-07-01T23:00:16.361276,1,3,86.3,0.2,86.2,1181,,,,,,,,,,,,,,,,,,,86.4,225,86.6,200,86.7,500,,,,,,,,,,,,,,
2026-07-01T13:00:16.750727+00:00,2026-07-01T23:00:16.745727,1,3,86.3,0.2,86.2,1133,,,,,,,,,,,,,,,,,,,86.4,225,86.6,200,86.7,500,,,,,,,,,,,,,,
2026-07-01T13:00:16.902772+00:00,2026-07-01T23:00:16.900772,1,3,86.3,0.2,86.2,508,,,,,,,,,,,,,,,,,,,86.4,225,86.6,200,86.7,500,,,,,,,,,,,,,,
2026-07-01T13:00:16.913771+00:00,2026-07-01T23:00:16.906772,2,2,86.55,0.1,86.5,625,86.2,508,,,,,,,,,,,,,,,,,86.6,200,86.7,1125,,,,,,,,,,,,,,,,
2026-07-01T13:00:16.946772+00:00,2026-07-01T23:00:16.942772,2,2,86.55,0.1,86.5,625,86.2,8,,,,,,,,,,,,,,,,,86.6,200,86.7,1125,,,,,,,,,,,,,,,,
2026-07-01T13:00:16.957772+00:00,2026-07-01T23:00:16.955772,2,2,86.55,0.1,86.5,625,86.2,8,,,,,,,,,,,,,,,,,86.6,200,86.7,625,,,,,,,,,,,,,,,,
2026-07-01T13:00:16.968772+00:00,2026-07-01T23:00:16.957772,3,2,86.55,0.1,86.5,625,86.2,8,86.1,500,,,,,,,,,,,,,,,86.6,200,86.7,625,,,,,,,,,,,,,,,,
2026-07-01T13:00:16.979773+00:00,2026-07-01T23:00:16.968772,3,2,86.55,0.1,86.5,625,86.2,8,86.1,500,,,,,,,,,,,,,,,86.6,200,86.7,1125,,,,,,,,,,,,,,,,
2026-07-01T13:00:17.296896+00:00,2026-07-01T23:00:17.295896,4,1,86.6,0.2,86.5,625,86.3,200,86.2,8,86.1,500,,,,,,,,,,,,,86.7,1125,,,,,,,,,,,,,,,,,,
2026-07-01T13:00:17.307896+00:00,2026-07-01T23:00:17.300895,4,1,86.6,0.2,86.5,425,86.3,200,86.2,8,86.1,500,,,,,,,,,,,,,86.7,1125,,,,,,,,,,,,,,,,,,
2026-07-01T13:00:17.581370+00:00,2026-07-01T23:00:17.571574,3,1,86.6,0.2,86.5,425,86.3,200,86.2,8,,,,,,,,,,,,,,,86.7,1125,,,,,,,,,,,,,,,,,,
2026-07-01T13:00:17.591887+00:00,2026-07-01T23:00:17.587886,4,1,86.6,0.2,86.5,425,86.3,200,86.2,8,86.1,500,,,,,,,,,,,,,86.7,625,,,,,,,,,,,,,,,,,,
2026-07-01T13:00:17.602886+00:00,2026-07-01T23:00:17.594886,4,2,86.55,0.1,86.5,425,86.3,200,86.2,8,86.1,500,,,,,,,,,,,,,86.6,500,86.7,625,,,,,,,,,,,,,,,,
2026-07-01T13:00:18.093399+00:00,2026-07-01T23:00:18.082410,4,2,86.55,0.1,86.5,405,86.3,200,86.2,8,86.1,500,,,,,,,,,,,,,86.6,500,86.7,625,,,,,,,,,,,,,,,,
2026-07-01T13:00:18.180995+00:00,2026-07-01T23:00:18.174995,3,2,86.55,0.1,86.5,405,86.3,200,86.2,8,,,,,,,,,,,,,,,86.6,500,86.7,625,,,,,,,,,,,,,,,,
2026-07-01T13:00:18.191690+00:00,2026-07-01T23:00:18.182684,3,1,86.6,0.2,86.5,405,86.3,200,86.2,8,,,,,,,,,,,,,,,86.7,625,,,,,,,,,,,,,,,,,,
2026-07-01T13:00:18.202686+00:00,2026-07-01T23:00:18.202686,4,1,86.6,0.2,86.5,405,86.3,200,86.2,8,86.1,500,,,,,,,,,,,,,86.7,1125,,,,,,,,,,,,,,,,,,
2026-07-01T13:00:18.224201+00:00,2026-07-01T23:00:18.217202,3,1,86.5,0.4,86.3,200,86.2,8,86.1,500,,,,,,,,,,,,,,,86.7,1125,,,,,,,,,,,,,,,,,,
2026-07-01T13:00:18.235202+00:00,2026-07-01T23:00:18.233202,4,1,86.6,0.2,86.5,625,86.3,200,86.2,8,86.1,500,,,,,,,,,,,,,86.7,1125,,,,,,,,,,,,,,,,,,
2026-07-01T13:00:18.509595+00:00,2026-07-01T23:00:18.506594,4,1,86.6,0.2,86.5,625,86.3,200,86.2,8,86.1,500,,,,,,,,,,,,,86.7,1125,,,,,,,,,,,,,,,,,,
2026-07-01T13:00:18.520594+00:00,2026-07-01T23:00:18.509595,4,1,86.6,0.2,86.5,425,86.3,200,86.2,8,86.1,500,,,,,,,,,,,,,86.7,1125,,,,,,,,,,,,,,,,,,
2026-07-01T13:00:18.783286+00:00,2026-07-01T23:00:18.780287,3,1,86.6,0.2,86.5,425,86.3,200,86.2,8,,,,,,,,,,,,,,,86.7,1125,,,,,,,,,,,,,,,,,,
2026-07-01T13:00:18.794381+00:00,2026-07-01T23:00:18.786382,3,1,86.6,0.2,86.5,425,86.3,200,86.2,8,,,,,,,,,,,,,,,86.7,625,,,,,,,,,,,,,,,,,,
2026-07-01T13:00:18.805382+00:00,2026-07-01T23:00:18.794381,4,1,86.6,0.2,86.5,425,86.3,200,86.2,8,86.1,500,,,,,,,,,,,,,86.7,625,,,,,,,,,,,,,,,,,,
2026-07-01T13:00:18.816382+00:00,2026-07-01T23:00:18.807381,4,1,86.6,0.2,86.5,425,86.3,200,86.2,8,86.1,500,,,,,,,,,,,,,86.7,1125,,,,,,,,,,,,,,,,,,
2026-07-01T13:00:19.383975+00:00,2026-07-01T23:00:19.382170,3,1,86.6,0.2,86.5,425,86.3,200,86.2,8,,,,,,,,,,,,,,,86.7,1125,,,,,,,,,,,,,,,,,,
2026-07-01T13:00:19.394613+00:00,2026-07-01T23:00:19.389613,3,1,86.6,0.2,86.5,425,86.3,200,86.2,8,,,,,,,,,,,,,,,86.7,625,,,,,,,,,,,,,,,,,,
2026-07-01T13:00:19.405612+00:00,2026-07-01T23:00:19.404613,4,2,86.55,0.1,86.5,425,86.3,200,86.2,8,86.1,500,,,,,,,,,,,,,86.6,500,86.7,625,,,,,,,,,,,,,,,,
2026-07-01T13:00:19.537762+00:00,2026-07-01T23:00:19.537762,3,2,86.45,0.3,86.3,200,86.2,8,86.1,500,,,,,,,,,,,,,,,86.6,500,86.7,625,,,,,,,,,,,,,,,,
2026-07-01T13:00:19.548762+00:00,2026-07-01T23:00:19.542761,4,1,86.5,0.2,86.4,625,86.3,200,86.2,8,86.1,500,,,,,,,,,,,,,86.6,1125,,,,,,,,,,,,,,,,,,
2026-07-01T13:00:19.722368+00:00,2026-07-01T23:00:19.717847,4,2,86.55,0.1,86.5,200,86.4,625,86.2,8,86.1,500,,,,,,,,,,,,,86.6,1125,86.7,200,,,,,,,,,,,,,,,,
2026-07-01T13:00:19.809922+00:00,2026-07-01T23:00:19.806922,4,2,86.55,0.1,86.5,200,86.4,625,86.2,6,86.1,500,,,,,,,,,,,,,86.6,1125,86.7,200,,,,,,,,,,,,,,,,
2026-07-01T13:00:19.983852+00:00,2026-07-01T23:00:19.981853,3,2,86.55,0.1,86.5,200,86.4,625,86.2,6,,,,,,,,,,,,,,,86.6,1125,86.7,200,,,,,,,,,,,,,,,,
2026-07-01T13:00:19.994850+00:00,2026-07-01T23:00:19.990851,3,2,86.55,0.1,86.5,200,86.4,625,86.2,6,,,,,,,,,,,,,,,86.6,625,86.7,200,,,,,,,,,,,,,,,,
2026-07-01T13:00:20.017209+00:00,2026-07-01T23:00:20.011851,3,3,86.45,0.1,86.4,625,86.2,6,86.0,500,,,,,,,,,,,,,,,86.5,300,86.6,625,86.7,200,,,,,,,,,,,,,,
2026-07-01T13:00:20.452604+00:00,2026-07-01T23:00:20.444501,3,3,86.45,0.1,86.4,625,86.2,4,86.0,500,,,,,,,,,,,,,,,86.5,300,86.6,625,86.7,200,,,,,,,,,,,,,,
2026-07-01T13:00:20.540602+00:00,2026-07-01T23:00:20.530602,3,3,86.45,0.1,86.4,625,86.2,4,86.0,500,,,,,,,,,,,,,,,86.5,280,86.6,625,86.7,200,,,,,,,,,,,,,,
2026-07-01T13:00:20.594469+00:00,2026-07-01T23:00:20.584470,2,3,86.45,0.1,86.4,625,86.2,4,,,,,,,,,,,,,,,,,86.5,280,86.6,625,86.7,200,,,,,,,,,,,,,,
2026-07-01T13:00:20.605469+00:00,2026-07-01T23:00:20.599469,3,2,86.5,0.2,86.4,625,86.2,4,85.9,500,,,,,,,,,,,,,,,86.6,625,86.7,200,,,,,,,,,,,,,,,,
2026-07-01T13:00:20.616024+00:00,2026-07-01T23:00:20.605469,3,3,86.45,0.1,86.4,625,86.2,4,85.9,500,,,,,,,,,,,,,,,86.5,500,86.6,625,86.7,200,,,,,,,,,,,,,,
2026-07-01T13:00:20.856621+00:00,2026-07-01T23:00:20.855619,3,3,86.45,0.1,86.4,625,86.2,4,85.9,500,,,,,,,,,,,,,,,86.5,500,86.6,625,86.7,200,,,,,,,,,,,,,,
2026-07-01T13:00:20.922611+00:00,2026-07-01T23:00:20.920630,3,2,86.45,0.1,86.4,625,86.2,4,85.9,500,,,,,,,,,,,,,,,86.5,500,86.6,625,,,,,,,,,,,,,,,,
2026-07-01T13:00:20.933611+00:00,2026-07-01T23:00:20.924611,3,2,86.45,0.1,86.4,825,86.2,4,85.9,500,,,,,,,,,,,,,,,86.5,500,86.6,633,,,,,,,,,,,,,,,,
2026-07-01T13:00:20.944611+00:00,2026-07-01T23:00:20.940611,3,2,86.45,0.1,86.4,825,86.2,4,85.9,500,,,,,,,,,,,,,,,86.5,500,86.6,833,,,,,,,,,,,,,,,,
2026-07-01T13:00:21.195545+00:00,2026-07-01T23:00:21.190544,2,2,86.45,0.1,86.4,825,86.2,4,,,,,,,,,,,,,,,,,86.5,500,86.6,833,,,,,,,,,,,,,,,,
2026-07-01T13:00:21.206544+00:00,2026-07-01T23:00:21.198544,2,1,86.5,0.2,86.4,825,86.2,4,,,,,,,,,,,,,,,,,86.6,833,,,,,,,,,,,,,,,,,,
2026-07-01T13:00:21.217544+00:00,2026-07-01T23:00:21.216545,3,2,86.45,0.1,86.4,825,86.2,4,86.0,500,,,,,,,,,,,,,,,86.5,500,86.6,833,,,,,,,,,,,,,,,,
2026-07-01T13:00:21.468266+00:00,2026-07-01T23:00:21.459265,3,2,86.45,0.1,86.4,825,86.2,4,86.0,500,,,,,,,,,,,,,,,86.5,490,86.6,833,,,,,,,,,,,,,,,,
2026-07-01T13:00:21.796793+00:00,2026-07-01T23:00:21.791768,2,2,86.45,0.1,86.4,825,86.2,4,,,,,,,,,,,,,,,,,86.5,490,86.6,833,,,,,,,,,,,,,,,,
2026-07-01T13:00:21.807792+00:00,2026-07-01T23:00:21.800791,2,1,86.5,0.2,86.4,825,86.2,4,,,,,,,,,,,,,,,,,86.6,833,,,,,,,,,,,,,,,,,,
2026-07-01T13:00:21.818792+00:00,2026-07-01T23:00:21.814791,3,2,86.45,0.1,86.4,825,86.2,4,86.0,500,,,,,,,,,,,,,,,86.5,500,86.6,833,,,,,,,,,,,,,,,,
2026-07-01T13:00:21.840791+00:00,2026-07-01T23:00:21.835792,3,2,86.45,0.1,86.4,825,86.2,3,86.0,500,,,,,,,,,,,,,,,86.5,500,86.6,832,,,,,,,,,,,,,,,,
2026-07-01T13:00:22.146330+00:00,2026-07-01T23:00:22.144330,3,2,86.45,0.1,86.4,625,86.2,3,86.0,500,,,,,,,,,,,,,,,86.5,500,86.6,832,,,,,,,,,,,,,,,,
2026-07-01T13:00:22.157330+00:00,2026-07-01T23:00:22.151330,3,2,86.45,0.1,86.4,825,86.2,3,86.0,500,,,,,,,,,,,,,,,86.5,500,86.6,832,,,,,,,,,,,,,,,,
2026-07-01T13:00:22.168330+00:00,2026-07-01T23:00:22.167331,3,2,86.45,0.1,86.4,200,86.2,628,86.0,500,,,,,,,,,,,,,,,86.5,500,86.6,207,,,,,,,,,,,,,,,,
2026-07-01T13:00:22.179329+00:00,2026-07-01T23:00:22.170331,2,3,86.3,0.2,86.2,628,86.0,500,,,,,,,,,,,,,,,,,86.4,425,86.5,500,86.6,207,,,,,,,,,,,,,,
2026-07-01T13:00:22.395859+00:00,2026-07-01T23:00:22.394859,1,3,86.3,0.2,86.2,628,,,,,,,,,,,,,,,,,,,86.4,425,86.5,500,86.6,207,,,,,,,,,,,,,,
2026-07-01T13:00:22.406859+00:00,2026-07-01T23:00:22.404859,1,2,86.3,0.2,86.2,628,,,,,,,,,,,,,,,,,,,86.4,425,86.6,207,,,,,,,,,,,,,,,,
2026-07-01T13:00:22.428859+00:00,2026-07-01T23:00:22.418860,2,2,86.3,0.2,86.2,628,86.0,500,,,,,,,,,,,,,,,,,86.4,425,86.6,707,,,,,,,,,,,,,,,,
2026-07-01T13:00:22.879049+00:00,2026-07-01T23:00:22.875048,2,2,86.3,0.2,86.2,627,86.0,500,,,,,,,,,,,,,,,,,86.4,425,86.6,707,,,,,,,,,,,,,,,,
2026-07-01T13:00:22.999284+00:00,2026-07-01T23:00:22.998284,1,2,86.3,0.2,86.2,627,,,,,,,,,,,,,,,,,,,86.4,425,86.6,707,,,,,,,,,,,,,,,,
2026-07-01T13:00:23.010282+00:00,2026-07-01T23:00:23.007283,1,2,86.3,0.2,86.2,627,,,,,,,,,,,,,,,,,,,86.4,425,86.6,207,,,,,,,,,,,,,,,,
2026-07-01T13:00:23.021282+00:00,2026-07-01T23:00:23.015283,2,2,86.3,0.2,86.2,627,86.1,500,,,,,,,,,,,,,,,,,86.4,425,86.6,207,,,,,,,,,,,,,,,,
2026-07-01T13:00:23.032283+00:00,2026-07-01T23:00:23.022283,2,2,86.3,0.2,86.2,627,86.1,500,,,,,,,,,,,,,,,,,86.4,425,86.6,707,,,,,,,,,,,,,,,,
2026-07-01T13:00:23.360291+00:00,2026-07-01T23:00:23.358291,2,2,86.3,0.2,86.2,627,86.1,700,,,,,,,,,,,,,,,,,86.4,425,86.6,507,,,,,,,,,,,,,,,,
2026-07-01T13:00:23.371524+00:00,2026-07-01T23:00:23.360291,2,3,86.25,0.1,86.2,627,86.1,700,,,,,,,,,,,,,,,,,86.3,200,86.4,425,86.6,507,,,,,,,,,,,,,,
2026-07-01T13:00:23.480557+00:00,2026-07-01T23:00:23.477558,2,2,86.25,0.1,86.2,2,86.1,700,,,,,,,,,,,,,,,,,86.3,200,86.6,507,,,,,,,,,,,,,,,,
2026-07-01T13:00:23.491314+00:00,2026-07-01T23:00:23.483313,3,2,86.4,0.2,86.3,425,86.2,2,86.1,700,,,,,,,,,,,,,,,86.5,625,86.6,507,,,,,,,,,,,,,,,,
2026-07-01T13:00:23.631205+00:00,2026-07-01T23:00:23.627205,3,2,86.4,0.2,86.3,425,86.2,2,86.1,200,,,,,,,,,,,,,,,86.5,625,86.6,507,,,,,,,,,,,,,,,,
2026-07-01T13:00:23.642089+00:00,2026-07-01T23:00:23.637205,3,2,86.4,0.2,86.3,425,86.2,2,86.1,200,,,,,,,,,,,,,,,86.5,625,86.6,7,,,,,,,,,,,,,,,,
2026-07-01T13:00:23.653057+00:00,2026-07-01T23:00:23.652057,4,2,86.4,0.2,86.3,425,86.2,2,86.1,200,86.0,500,,,,,,,,,,,,,86.5,625,86.6,507,,,,,,,,,,,,,,,,
2026-07-01T13:00:24.232429+00:00,2026-07-01T23:00:24.229692,3,2,86.4,0.2,86.3,425,86.2,2,86.1,200,,,,,,,,,,,,,,,86.5,625,86.6,507,,,,,,,,,,,,,,,,
2026-07-01T13:00:24.243428+00:00,2026-07-01T23:00:24.237429,3,2,86.4,0.2,86.3,425,86.2,2,86.1,200,,,,,,,,,,,,,,,86.5,625,86.6,7,,,,,,,,,,,,,,,,
2026-07-01T13:00:24.254429+00:00,2026-07-01T23:00:24.252430,4,2,86.4,0.2,86.3,425,86.2,2,86.1,200,86.0,500,,,,,,,,,,,,,86.5,1125,86.6,7,,,,,,,,,,,,,,,,
2026-07-01T13:00:24.570726+00:00,2026-07-01T23:00:24.568726,4,2,86.45,0.1,86.4,200,86.3,425,86.2,2,86.0,500,,,,,,,,,,,,,86.5,1125,86.6,207,,,,,,,,,,,,,,,,
2026-07-01T13:00:24.789055+00:00,2026-07-01T23:00:24.788056,3,2,86.45,0.1,86.4,200,86.2,627,86.0,500,,,,,,,,,,,,,,,86.5,500,86.6,207,,,,,,,,,,,,,,,,
2026-07-01T13:00:24.800055+00:00,2026-07-01T23:00:24.792055,2,3,86.3,0.2,86.2,627,86.0,500,,,,,,,,,,,,,,,,,86.4,425,86.5,500,86.6,207,,,,,,,,,,,,,,
2026-07-01T13:00:24.832149+00:00,2026-07-01T23:00:24.831597,1,3,86.3,0.2,86.2,627,,,,,,,,,,,,,,,,,,,86.4,425,86.5,500,86.6,207,,,,,,,,,,,,,,
2026-07-01T13:00:24.842691+00:00,2026-07-01T23:00:24.840148,1,2,86.3,0.2,86.2,627,,,,,,,,,,,,,,,,,,,86.4,425,86.6,207,,,,,,,,,,,,,,,,
2026-07-01T13:00:24.853690+00:00,2026-07-01T23:00:24.849690,2,2,86.3,0.2,86.2,627,86.0,500,,,,,,,,,,,,,,,,,86.4,425,86.6,207,,,,,,,,,,,,,,,,
2026-07-01T13:00:24.864690+00:00,2026-07-01T23:00:24.859690,2,3,86.3,0.2,86.2,627,86.0,500,,,,,,,,,,,,,,,,,86.4,425,86.5,500,86.6,207,,,,,,,,,,,,,,
2026-07-01T13:00:25.444564+00:00,2026-07-01T23:00:25.442562,1,2,86.3,0.2,86.2,627,,,,,,,,,,,,,,,,,,,86.4,425,86.6,207,,,,,,,,,,,,,,,,
2026-07-01T13:00:25.455564+00:00,2026-07-01T23:00:25.448563,2,2,86.3,0.2,86.2,627,86.1,500,,,,,,,,,,,,,,,,,86.4,425,86.6,207,,,,,,,,,,,,,,,,
2026-07-01T13:00:25.466564+00:00,2026-07-01T23:00:25.455564,2,2,86.3,0.2,86.2,627,86.1,500,,,,,,,,,,,,,,,,,86.4,425,86.6,707,,,,,,,,,,,,,,,,
2026-07-01T13:00:25.781484+00:00,2026-07-01T23:00:25.776484,2,2,86.3,0.2,86.2,627,86.1,500,,,,,,,,,,,,,,,,,86.4,225,86.6,707,,,,,,,,,,,,,,,,
2026-07-01T13:00:26.037989+00:00,2026-07-01T23:00:26.035988,1,2,86.3,0.2,86.2,627,,,,,,,,,,,,,,,,,,,86.4,225,86.6,707,,,,,,,,,,,,,,,,
2026-07-01T13:00:26.048988+00:00,2026-07-01T23:00:26.042988,1,2,86.3,0.2,86.2,627,,,,,,,,,,,,,,,,,,,86.4,225,86.6,207,,,,,,,,,,,,,,,,
2026-07-01T13:00:26.059988+00:00,2026-07-01T23:00:26.056988,2,2,86.3,0.2,86.2,627,86.0,500,,,,,,,,,,,,,,,,,86.4,225,86.6,707,,,,,,,,,,,,,,,,
2026-07-01T13:00:26.103079+00:00,2026-07-01T23:00:26.099079,2,2,86.3,0.2,86.2,627,86.0,500,,,,,,,,,,,,,,,,,86.4,625,86.6,707,,,,,,,,,,,,,,,,
2026-07-01T13:00:26.639625+00:00,2026-07-01T23:00:26.639625,1,2,86.3,0.2,86.2,627,,,,,,,,,,,,,,,,,,,86.4,625,86.6,707,,,,,,,,,,,,,,,,
2026-07-01T13:00:26.650624+00:00,2026-07-01T23:00:26.647624,1,2,86.3,0.2,86.2,627,,,,,,,,,,,,,,,,,,,86.4,625,86.6,207,,,,,,,,,,,,,,,,
2026-07-01T13:00:26.672357+00:00,2026-07-01T23:00:26.666624,2,3,86.3,0.2,86.2,627,86.0,500,,,,,,,,,,,,,,,,,86.4,625,86.5,500,86.6,207,,,,,,,,,,,,,,
2026-07-01T13:00:26.682923+00:00,2026-07-01T23:00:26.675354,2,3,86.3,0.2,86.2,607,86.0,500,,,,,,,,,,,,,,,,,86.4,625,86.5,500,86.6,207,,,,,,,,,,,,,,
2026-07-01T13:00:26.988725+00:00,2026-07-01T23:00:26.984726,2,3,86.3,0.2,86.2,407,86.0,700,,,,,,,,,,,,,,,,,86.4,625,86.5,500,86.6,7,,,,,,,,,,,,,,
2026-07-01T13:00:27.021741+00:00,2026-07-01T23:00:27.021741,3,3,86.35,0.1,86.3,1,86.2,407,86.0,700,,,,,,,,,,,,,,,86.4,625,86.5,500,86.6,7,,,,,,,,,,,,,,
2026-07-01T13:00:27.249358+00:00,2026-07-01T23:00:27.243336,3,3,86.35,0.1,86.3,1,86.2,407,86.0,200,,,,,,,,,,,,,,,86.4,625,86.5,500,86.6,7,,,,,,,,,,,,,,
2026-07-01T13:00:27.260355+00:00,2026-07-01T23:00:27.251355,3,2,86.35,0.1,86.3,1,86.2,407,86.0,200,,,,,,,,,,,,,,,86.4,625,86.6,7,,,,,,,,,,,,,,,,
2026-07-01T13:00:27.270872+00:00,2026-07-01T23:00:27.268873,3,2,86.35,0.1,86.3,1,86.2,407,86.0,700,,,,,,,,,,,,,,,86.4,625,86.6,507,,,,,,,,,,,,,,,,
2026-07-01T13:00:27.412450+00:00,2026-07-01T23:00:27.408906,2,2,86.35,0.1,86.3,1,86.0,700,,,,,,,,,,,,,,,,,86.4,625,86.6,507,,,,,,,,,,,,,,,,
2026-07-01T13:00:27.422975+00:00,2026-07-01T23:00:27.421448,1,1,86.3,0.6,86.0,700,,,,,,,,,,,,,,,,,,,86.6,507,,,,,,,,,,,,,,,,,,
2026-07-01T13:00:27.433972+00:00,2026-07-01T23:00:27.427972,2,2,86.3,0.2,86.2,625,86.0,700,,,,,,,,,,,,,,,,,86.4,625,86.6,507,,,,,,,,,,,,,,,,
2026-07-01T13:00:27.610223+00:00,2026-07-01T23:00:27.604224,2,2,86.3,0.2,86.2,605,86.0,700,,,,,,,,,,,,,,,,,86.4,625,86.6,507,,,,,,,,,,,,,,,,
2026-07-01T13:00:27.849021+00:00,2026-07-01T23:00:27.845020,2,2,86.3,0.2,86.2,605,86.0,200,,,,,,,,,,,,,,,,,86.4,625,86.6,507,,,,,,,,,,,,,,,,
2026-07-01T13:00:27.860021+00:00,2026-07-01T23:00:27.854021,2,2,86.3,0.2,86.2,605,86.0,200,,,,,,,,,,,,,,,,,86.4,625,86.6,7,,,,,,,,,,,,,,,,
2026-07-01T13:00:27.871021+00:00,2026-07-01T23:00:27.864021,2,2,86.3,0.2,86.2,605,86.0,700,,,,,,,,,,,,,,,,,86.4,625,86.6,7,,,,,,,,,,,,,,,,
2026-07-01T13:00:27.892626+00:00,2026-07-01T23:00:27.882021,2,2,86.3,0.2,86.2,605,86.0,700,,,,,,,,,,,,,,,,,86.4,625,86.6,507,,,,,,,,,,,,,,,,
2026-07-01T13:00:28.024387+00:00,2026-07-01T23:00:28.020387,2,2,86.3,0.2,86.2,606,86.0,700,,,,,,,,,,,,,,,,,86.4,625,86.6,507,,,,,,,,,,,,,,,,
2026-07-01T13:00:28.199027+00:00,2026-07-01T23:00:28.192028,2,3,86.25,0.1,86.2,806,86.0,500,,,,,,,,,,,,,,,,,86.3,200,86.4,625,86.6,507,,,,,,,,,,,,,,
2026-07-01T13:00:28.450545+00:00,2026-07-01T23:00:28.448201,1,3,86.25,0.1,86.2,806,,,,,,,,,,,,,,,,,,,86.3,200,86.4,625,86.6,507,,,,,,,,,,,,,,
2026-07-01T13:00:28.461542+00:00,2026-07-01T23:00:28.456543,1,3,86.25,0.1,86.2,806,,,,,,,,,,,,,,,,,,,86.3,200,86.4,625,86.6,7,,,,,,,,,,,,,,
2026-07-01T13:00:28.472229+00:00,2026-07-01T23:00:28.470229,2,3,86.25,0.1,86.2,806,86.0,500,,,,,,,,,,,,,,,,,86.3,200,86.4,625,86.6,507,,,,,,,,,,,,,,
2026-07-01T13:00:28.734920+00:00,2026-07-01T23:00:28.733920,3,2,86.25,0.1,86.2,201,86.1,625,86.0,500,,,,,,,,,,,,,,,86.3,200,86.6,507,,,,,,,,,,,,,,,,
2026-07-01T13:00:28.745920+00:00,2026-07-01T23:00:28.734920,3,2,86.25,0.1,86.2,201,86.1,625,86.0,500,,,,,,,,,,,,,,,86.3,825,86.6,507,,,,,,,,,,,,,,,,
2026-07-01T13:00:29.065674+00:00,2026-07-01T23:00:29.054674,2,2,86.25,0.1,86.2,201,86.1,625,,,,,,,,,,,,,,,,,86.3,825,86.6,507,,,,,,,,,,,,,,,,
2026-07-01T13:00:29.076674+00:00,2026-07-01T23:00:29.069674,2,2,86.25,0.1,86.2,201,86.1,625,,,,,,,,,,,,,,,,,86.3,825,86.6,7,,,,,,,,,,,,,,,,
2026-07-01T13:00:29.087675+00:00,2026-07-01T23:00:29.084674,2,2,86.25,0.1,86.2,201,86.1,1125,,,,,,,,,,,,,,,,,86.3,825,86.6,507,,,,,,,,,,,,,,,,
2026-07-01T13:00:29.373064+00:00,2026-07-01T23:00:29.370064,2,2,86.25,0.1,86.2,193,86.1,1125,,,,,,,,,,,,,,,,,86.3,825,86.6,507,,,,,,,,,,,,,,,,
2026-07-01T13:00:29.395063+00:00,2026-07-01T23:00:29.395063,1,2,86.2,0.2,86.1,1125,,,,,,,,,,,,,,,,,,,86.3,825,86.6,507,,,,,,,,,,,,,,,,
2026-07-01T13:00:29.406065+00:00,2026-07-01T23:00:29.400063,2,3,86.25,0.1,86.2,200,86.1,1125,,,,,,,,,,,,,,,,,86.3,625,86.4,200,86.6,507,,,,,,,,,,,,,,
2026-07-01T13:00:29.483078+00:00,2026-07-01T23:00:29.476076,2,3,86.25,0.1,86.2,192,86.1,1125,,,,,,,,,,,,,,,,,86.3,625,86.4,200,86.6,507,,,,,,,,,,,,,,
2026-07-01T13:00:29.692358+00:00,2026-07-01T23:00:29.686358,2,3,86.25,0.1,86.2,192,86.1,625,,,,,,,,,,,,,,,,,86.3,625,86.4,200,86.6,507,,,,,,,,,,,,,,
2026-07-01T13:00:29.702888+00:00,2026-07-01T23:00:29.699359,2,3,86.25,0.1,86.2,192,86.1,1125,,,,,,,,,,,,,,,,,86.3,625,86.4,200,86.6,7,,,,,,,,,,,,,,
2026-07-01T13:00:29.713461+00:00,2026-07-01T23:00:29.709887,2,3,86.25,0.1,86.2,192,86.1,1125,,,,,,,,,,,,,,,,,86.3,625,86.4,200,86.6,507,,,,,,,,,,,,,,
2026-07-01T13:00:30.041976+00:00,2026-07-01T23:00:30.040977,2,3,86.25,0.1,86.2,192,86.1,500,,,,,,,,,,,,,,,,,86.3,625,86.4,200,86.6,506,,,,,,,,,,,,,,
2026-07-01T13:00:30.052359+00:00,2026-07-01T23:00:30.049359,3,2,86.3,0.2,86.2,192,86.1,500,86.0,625,,,,,,,,,,,,,,,86.4,200,86.6,506,,,,,,,,,,,,,,,,
2026-07-01T13:00:30.063454+00:00,2026-07-01T23:00:30.055359,2,3,86.15,0.1,86.1,500,86.0,625,,,,,,,,,,,,,,,,,86.2,433,86.4,200,86.6,506,,,,,,,,,,,,,,
2026-07-01T13:00:30.282741+00:00,2026-07-01T23:00:30.282741,1,3,86.1,0.2,86.0,625,,,,,,,,,,,,,,,,,,,86.2,433,86.4,200,86.6,506,,,,,,,,,,,,,,
2026-07-01T13:00:30.293363+00:00,2026-07-01T23:00:30.290731,1,3,86.1,0.2,86.0,625,,,,,,,,,,,,,,,,,,,86.2,433,86.4,200,86.6,6,,,,,,,,,,,,,,
2026-07-01T13:00:30.304362+00:00,2026-07-01T23:00:30.297362,1,3,86.1,0.2,86.0,1125,,,,,,,,,,,,,,,,,,,86.2,433,86.4,200,86.6,6,,,,,,,,,,,,,,
2026-07-01T13:00:30.314888+00:00,2026-07-01T23:00:30.304362,1,3,86.1,0.2,86.0,1125,,,,,,,,,,,,,,,,,,,86.2,433,86.4,200,86.6,506,,,,,,,,,,,,,,
2026-07-01T13:00:30.608420+00:00,2026-07-01T23:00:30.604420,2,2,86.15,0.1,86.1,200,86.0,1125,,,,,,,,,,,,,,,,,86.2,433,86.6,506,,,,,,,,,,,,,,,,
2026-07-01T13:00:30.619420+00:00,2026-07-01T23:00:30.608420,2,3,86.15,0.1,86.1,200,86.0,1125,,,,,,,,,,,,,,,,,86.2,433,86.3,200,86.6,506,,,,,,,,,,,,,,
2026-07-01T13:00:30.892270+00:00,2026-07-01T23:00:30.886270,2,3,86.15,0.1,86.1,200,86.0,625,,,,,,,,,,,,,,,,,86.2,433,86.3,200,86.6,506,,,,,,,,,,,,,,
2026-07-01T13:00:30.903325+00:00,2026-07-01T23:00:30.901270,2,3,86.15,0.1,86.1,200,86.0,1125,,,,,,,,,,,,,,,,,86.2,433,86.3,200,86.6,6,,,,,,,,,,,,,,
2026-07-01T13:00:30.913836+00:00,2026-07-01T23:00:30.909320,2,4,86.15,0.1,86.1,200,86.0,1125,,,,,,,,,,,,,,,,,86.2,433,86.3,200,86.5,500,86.6,6,,,,,,,,,,,,
2026-07-01T13:00:30.966354+00:00,2026-07-01T23:00:30.961354,2,4,86.15,0.1,86.1,207,86.0,1125,,,,,,,,,,,,,,,,,86.2,433,86.3,200,86.5,500,86.6,6,,,,,,,,,,,,
2026-07-01T13:00:31.364703+00:00,2026-07-01T23:00:31.361703,3,3,86.2,0.2,86.1,207,86.0,500,85.9,625,,,,,,,,,,,,,,,86.3,200,86.5,500,86.6,6,,,,,,,,,,,,,,
2026-07-01T13:00:31.375703+00:00,2026-07-01T23:00:31.369704,2,4,86.05,0.1,86.0,500,85.9,625,,,,,,,,,,,,,,,,,86.1,418,86.3,200,86.5,500,86.6,6,,,,,,,,,,,,
2026-07-01T13:00:31.452392+00:00,2026-07-01T23:00:31.444392,2,4,86.05,0.1,86.0,500,85.9,625,,,,,,,,,,,,,,,,,86.1,418,86.3,200,86.5,500,86.6,5,,,,,,,,,,,,
2026-07-01T13:00:31.496217+00:00,2026-07-01T23:00:31.495216,1,3,86.0,0.2,85.9,625,,,,,,,,,,,,,,,,,,,86.1,418,86.3,200,86.6,5,,,,,,,,,,,,,,
2026-07-01T13:00:31.507216+00:00,2026-07-01T23:00:31.502216,2,3,86.05,0.1,86.0,500,85.9,625,,,,,,,,,,,,,,,,,86.1,418,86.3,200,86.6,5,,,,,,,,,,,,,,
2026-07-01T13:00:31.518216+00:00,2026-07-01T23:00:31.509216,2,4,86.05,0.1,86.0,500,85.9,625,,,,,,,,,,,,,,,,,86.1,418,86.3,200,86.5,500,86.6,5,,,,,,,,,,,,
2026-07-01T13:00:31.681509+00:00,2026-07-01T23:00:31.676509,2,4,86.05,0.1,86.0,506,85.9,625,,,,,,,,,,,,,,,,,86.1,418,86.3,200,86.5,500,86.6,5,,,,,,,,,,,,
2026-07-01T13:00:31.822767+00:00,2026-07-01T23:00:31.819767,3,3,86.05,0.1,86.0,306,85.9,625,85.8,200,,,,,,,,,,,,,,,86.1,418,86.5,500,86.6,5,,,,,,,,,,,,,,
2026-07-01T13:00:32.040649+00:00,2026-07-01T23:00:32.034649,3,3,86.05,0.1,86.0,304,85.9,625,85.8,200,,,,,,,,,,,,,,,86.1,418,86.5,500,86.6,5,,,,,,,,,,,,,,
2026-07-01T13:00:32.105589+00:00,2026-07-01T23:00:32.098589,3,3,86.05,0.1,86.0,4,85.9,625,85.8,200,,,,,,,,,,,,,,,86.1,418,86.5,500,86.6,5,,,,,,,,,,,,,,
2026-07-01T13:00:32.116344+00:00,2026-07-01T23:00:32.109589,3,2,86.05,0.1,86.0,4,85.9,625,85.8,200,,,,,,,,,,,,,,,86.1,418,86.6,5,,,,,,,,,,,,,,,,
2026-07-01T13:00:32.126860+00:00,2026-07-01T23:00:32.119859,3,2,86.05,0.1,86.0,504,85.9,625,85.8,200,,,,,,,,,,,,,,,86.1,418,86.6,5,,,,,,,,,,,,,,,,
2026-07-01T13:00:32.137859+00:00,2026-07-01T23:00:32.126860,3,3,86.05,0.1,86.0,504,85.9,625,85.8,200,,,,,,,,,,,,,,,86.1,418,86.5,500,86.6,5,,,,,,,,,,,,,,
2026-07-01T13:00:32.475480+00:00,2026-07-01T23:00:32.473480,3,3,86.05,0.1,86.0,503,85.9,625,85.8,200,,,,,,,,,,,,,,,86.1,418,86.5,500,86.6,5,,,,,,,,,,,,,,
2026-07-01T13:00:32.672464+00:00,2026-07-01T23:00:32.672464,2,3,86.05,0.1,86.0,503,85.8,200,,,,,,,,,,,,,,,,,86.1,418,86.5,500,86.6,5,,,,,,,,,,,,,,
2026-07-01T13:00:32.683464+00:00,2026-07-01T23:00:32.679465,3,3,86.3,0.2,86.2,625,86.0,500,85.8,200,,,,,,,,,,,,,,,86.4,625,86.5,500,86.6,5,,,,,,,,,,,,,,
2026-07-01T13:00:32.705465+00:00,2026-07-01T23:00:32.701465,2,2,86.3,0.2,86.2,625,85.8,200,,,,,,,,,,,,,,,,,86.4,625,86.6,5,,,,,,,,,,,,,,,,
2026-07-01T13:00:32.715999+00:00,2026-07-01T23:00:32.709465,3,2,86.3,0.2,86.2,625,86.0,500,85.8,200,,,,,,,,,,,,,,,86.4,625,86.6,5,,,,,,,,,,,,,,,,
2026-07-01T13:00:32.726996+00:00,2026-07-01T23:00:32.715999,3,2,86.3,0.2,86.2,625,86.0,500,85.8,200,,,,,,,,,,,,,,,86.4,625,86.6,505,,,,,,,,,,,,,,,,
2026-07-01T13:00:33.032345+00:00,2026-07-01T23:00:33.029345,3,2,86.3,0.2,86.2,425,86.0,500,85.9,200,,,,,,,,,,,,,,,86.4,625,86.6,505,,,,,,,,,,,,,,,,
2026-07-01T13:00:33.304173+00:00,2026-07-01T23:00:33.296648,2,2,86.3,0.2,86.2,425,85.9,200,,,,,,,,,,,,,,,,,86.4,625,86.6,505,,,,,,,,,,,,,,,,
2026-07-01T13:00:33.314688+00:00,2026-07-01T23:00:33.311166,3,2,86.3,0.2,86.2,425,86.1,500,85.9,200,,,,,,,,,,,,,,,86.4,625,86.6,5,,,,,,,,,,,,,,,,
2026-07-01T13:00:33.325205+00:00,2026-07-01T23:00:33.319204,3,2,86.3,0.2,86.2,425,86.1,500,85.9,200,,,,,,,,,,,,,,,86.4,625,86.6,505,,,,,,,,,,,,,,,,
2026-07-01T13:00:33.904215+00:00,2026-07-01T23:00:33.899363,2,2,86.3,0.2,86.2,425,85.9,200,,,,,,,,,,,,,,,,,86.4,625,86.6,505,,,,,,,,,,,,,,,,
2026-07-01T13:00:33.915191+00:00,2026-07-01T23:00:33.914191,3,2,86.3,0.2,86.2,425,86.1,500,85.9,200,,,,,,,,,,,,,,,86.4,625,86.6,5,,,,,,,,,,,,,,,,
2026-07-01T13:00:33.937345+00:00,2026-07-01T23:00:33.927346,3,2,86.3,0.2,86.2,425,86.1,500,85.9,200,,,,,,,,,,,,,,,86.4,625,86.6,505,,,,,,,,,,,,,,,,
2026-07-01T13:00:33.991920+00:00,2026-07-01T23:00:33.990920,2,1,86.35,0.5,86.1,1125,85.9,200,,,,,,,,,,,,,,,,,86.6,505,,,,,,,,,,,,,,,,,,
2026-07-01T13:00:34.002920+00:00,2026-07-01T23:00:33.998919,2,2,86.2,0.2,86.1,1125,85.9,200,,,,,,,,,,,,,,,,,86.3,625,86.6,505,,,,,,,,,,,,,,,,
2026-07-01T13:00:34.068544+00:00,2026-07-01T23:00:34.059543,2,2,86.2,0.2,86.1,1115,85.9,200,,,,,,,,,,,,,,,,,86.3,625,86.6,505,,,,,,,,,,,,,,,,
2026-07-01T13:00:34.231827+00:00,2026-07-01T23:00:34.230826,1,2,86.2,0.2,86.1,1115,,,,,,,,,,,,,,,,,,,86.3,625,86.6,505,,,,,,,,,,,,,,,,
2026-07-01T13:00:34.242826+00:00,2026-07-01T23:00:34.235827,2,3,86.15,0.1,86.1,1115,86.0,200,,,,,,,,,,,,,,,,,86.2,200,86.3,625,86.6,505,,,,,,,,,,,,,,
2026-07-01T13:00:34.504399+00:00,2026-07-01T23:00:34.502399,2,3,86.15,0.1,86.1,625,86.0,200,,,,,,,,,,,,,,,,,86.2,200,86.3,625,86.6,505,,,,,,,,,,,,,,
2026-07-01T13:00:34.514937+00:00,2026-07-01T23:00:34.511399,2,3,86.15,0.1,86.1,625,86.0,200,,,,,,,,,,,,,,,,,86.2,200,86.3,625,86.6,5,,,,,,,,,,,,,,
2026-07-01T13:00:34.525926+00:00,2026-07-01T23:00:34.520914,2,3,86.15,0.1,86.1,1125,86.0,200,,,,,,,,,,,,,,,,,86.2,200,86.3,625,86.6,5,,,,,,,,,,,,,,
2026-07-01T13:00:34.536924+00:00,2026-07-01T23:00:34.529925,2,3,86.15,0.1,86.1,1125,86.0,200,,,,,,,,,,,,,,,,,86.2,200,86.3,625,86.6,505,,,,,,,,,,,,,,
2026-07-01T13:00:34.624425+00:00,2026-07-01T23:00:34.615426,2,3,86.15,0.1,86.1,1105,86.0,200,,,,,,,,,,,,,,,,,86.2,200,86.3,625,86.6,505,,,,,,,,,,,,,,
2026-07-01T13:00:35.158291+00:00,2026-07-01T23:00:35.154291,2,3,86.15,0.1,86.1,605,86.0,700,,,,,,,,,,,,,,,,,86.2,200,86.3,625,86.6,5,,,,,,,,,,,,,,
2026-07-01T13:00:35.169291+00:00,2026-07-01T23:00:35.162291,2,4,86.15,0.1,86.1,605,86.0,700,,,,,,,,,,,,,,,,,86.2,200,86.3,625,86.5,500,86.6,5,,,,,,,,,,,,
2026-07-01T13:00:35.180290+00:00,2026-07-01T23:00:35.172291,2,3,86.15,0.1,86.1,605,86.0,700,,,,,,,,,,,,,,,,,86.2,200,86.3,625,86.5,500,,,,,,,,,,,,,,
2026-07-01T13:00:35.353664+00:00,2026-07-01T23:00:35.352793,1,2,86.1,0.2,86.0,1325,,,,,,,,,,,,,,,,,,,86.2,200,86.5,500,,,,,,,,,,,,,,,,
2026-07-01T13:00:35.364663+00:00,2026-07-01T23:00:35.353664,1,2,86.1,0.2,86.0,1325,,,,,,,,,,,,,,,,,,,86.2,825,86.5,500,,,,,,,,,,,,,,,,
2026-07-01T13:00:35.473503+00:00,2026-07-01T23:00:35.472961,1,2,86.1,0.2,86.0,1125,,,,,,,,,,,,,,,,,,,86.2,625,86.5,500,,,,,,,,,,,,,,,,
2026-07-01T13:00:35.484059+00:00,2026-07-01T23:00:35.477502,2,2,86.1,0.2,86.0,925,85.8,200,,,,,,,,,,,,,,,,,86.2,625,86.5,500,,,,,,,,,,,,,,,,
2026-07-01T13:00:35.528402+00:00,2026-07-01T23:00:35.517059,2,3,86.1,0.2,86.0,925,85.8,200,,,,,,,,,,,,,,,,,86.2,625,86.4,10,86.5,500,,,,,,,,,,,,,,
2026-07-01T13:00:35.603620+00:00,2026-07-01T23:00:35.597098,2,3,86.1,0.2,86.0,925,85.8,200,,,,,,,,,,,,,,,,,86.2,625,86.4,9,86.5,500,,,,,,,,,,,,,,
2026-07-01T13:00:35.766679+00:00,2026-07-01T23:00:35.757678,2,3,86.1,0.2,86.0,625,85.8,200,,,,,,,,,,,,,,,,,86.2,625,86.4,9,86.5,500,,,,,,,,,,,,,,
2026-07-01T13:00:35.777678+00:00,2026-07-01T23:00:35.775678,3,2,86.15,0.1,86.1,500,86.0,625,85.8,200,,,,,,,,,,,,,,,86.2,625,86.4,9,,,,,,,,,,,,,,,,
2026-07-01T13:00:35.788678+00:00,2026-07-01T23:00:35.784678,3,3,86.15,0.1,86.1,500,86.0,625,85.8,200,,,,,,,,,,,,,,,86.2,625,86.4,9,86.6,500,,,,,,,,,,,,,,
2026-07-01T13:00:35.919740+00:00,2026-07-01T23:00:35.910740,3,3,86.15,0.1,86.1,496,86.0,625,85.8,200,,,,,,,,,,,,,,,86.2,625,86.4,9,86.6,500,,,,,,,,,,,,,,
2026-07-01T13:00:36.137147+00:00,2026-07-01T23:00:36.130147,3,3,86.15,0.1,86.1,496,86.0,625,85.8,200,,,,,,,,,,,,,,,86.2,625,86.4,8,86.6,500,,,,,,,,,,,,,,
2026-07-01T13:00:36.343726+00:00,2026-07-01T23:00:36.338201,2,3,86.1,0.2,86.0,625,85.8,200,,,,,,,,,,,,,,,,,86.2,625,86.4,8,86.6,500,,,,,,,,,,,,,,
2026-07-01T13:00:36.354433+00:00,2026-07-01T23:00:36.346726,2,2,86.1,0.2,86.0,625,85.8,200,,,,,,,,,,,,,,,,,86.2,625,86.4,8,,,,,,,,,,,,,,,,
2026-07-01T13:00:36.365433+00:00,2026-07-01T23:00:36.361433,3,3,86.15,0.1,86.1,500,86.0,625,85.8,200,,,,,,,,,,,,,,,86.2,625,86.4,8,86.6,500,,,,,,,,,,,,,,
2026-07-01T13:00:36.575783+00:00,2026-07-01T23:00:36.570783,3,3,86.15,0.1,86.1,504,86.0,625,85.8,200,,,,,,,,,,,,,,,86.2,625,86.4,8,86.6,500,,,,,,,,,,,,,,
2026-07-01T13:00:36.619784+00:00,2026-07-01T23:00:36.618784,3,2,86.25,0.3,86.1,504,85.9,625,85.8,200,,,,,,,,,,,,,,,86.4,8,86.6,500,,,,,,,,,,,,,,,,
2026-07-01T13:00:36.630796+00:00,2026-07-01T23:00:36.622784,2,3,86.0,0.2,85.9,625,85.8,200,,,,,,,,,,,,,,,,,86.1,121,86.4,8,86.6,500,,,,,,,,,,,,,,
2026-07-01T13:00:36.663328+00:00,2026-07-01T23:00:36.660807,2,3,86.0,0.2,85.9,625,85.8,200,,,,,,,,,,,,,,,,,86.1,121,86.4,8,86.6,500,,,,,,,,,,,,,,
2026-07-01T13:00:36.674620+00:00,2026-07-01T23:00:36.664328,2,4,85.95,0.1,85.9,625,85.8,200,,,,,,,,,,,,,,,,,86.0,200,86.1,121,86.4,8,86.6,500,,,,,,,,,,,,
2026-07-01T13:00:36.838626+00:00,2026-07-01T23:00:36.837626,2,4,85.95,0.1,85.9,625,85.8,200,,,,,,,,,,,,,,,,,86.0,200,86.1,121,86.4,4,86.6,500,,,,,,,,,,,,
2026-07-01T13:00:36.947988+00:00,2026-07-01T23:00:36.939987,2,3,85.95,0.1,85.9,625,85.8,200,,,,,,,,,,,,,,,,,86.0,200,86.1,121,86.4,4,,,,,,,,,,,,,,
2026-07-01T13:00:36.958583+00:00,2026-07-01T23:00:36.956583,3,3,86.05,0.1,86.0,300,85.9,625,85.8,200,,,,,,,,,,,,,,,86.1,121,86.4,4,86.6,500,,,,,,,,,,,,,,
2026-07-01T13:00:37.471017+00:00,2026-07-01T23:00:37.461019,3,3,86.05,0.1,86.0,309,85.9,625,85.8,200,,,,,,,,,,,,,,,86.1,121,86.4,4,86.6,500,,,,,,,,,,,,,,
2026-07-01T13:00:37.548018+00:00,2026-07-01T23:00:37.542018,3,3,86.05,0.1,86.0,9,85.9,625,85.8,200,,,,,,,,,,,,,,,86.1,121,86.4,4,86.6,500,,,,,,,,,,,,,,
2026-07-01T13:00:37.558659+00:00,2026-07-01T23:00:37.553659,3,2,86.05,0.1,86.0,9,85.9,625,85.8,200,,,,,,,,,,,,,,,86.1,121,86.4,4,,,,,,,,,,,,,,,,
2026-07-01T13:00:37.569659+00:00,2026-07-01T23:00:37.561658,4,1,86.25,0.3,86.1,379,86.0,9,85.9,625,85.8,200,,,,,,,,,,,,,86.4,4,,,,,,,,,,,,,,,,,,
2026-07-01T13:00:37.580658+00:00,2026-07-01T23:00:37.570658,4,2,86.25,0.3,86.1,379,86.0,9,85.9,625,85.8,200,,,,,,,,,,,,,86.4,4,86.6,500,,,,,,,,,,,,,,,,
2026-07-01T13:00:37.873803+00:00,2026-07-01T23:00:37.872161,3,3,86.15,0.1,86.1,379,86.0,209,85.9,625,,,,,,,,,,,,,,,86.2,200,86.4,4,86.6,500,,,,,,,,,,,,,,
2026-07-01T13:00:37.928623+00:00,2026-07-01T23:00:37.925623,2,3,86.15,0.1,86.1,379,86.0,209,,,,,,,,,,,,,,,,,86.2,200,86.4,4,86.6,500,,,,,,,,,,,,,,
2026-07-01T13:00:37.939623+00:00,2026-07-01T23:00:37.931623,3,2,86.3,0.2,86.2,425,86.1,379,86.0,209,,,,,,,,,,,,,,,86.4,629,86.6,500,,,,,,,,,,,,,,,,
2026-07-01T13:00:38.146876+00:00,2026-07-01T23:00:38.145875,2,2,86.3,0.2,86.2,425,86.0,209,,,,,,,,,,,,,,,,,86.4,629,86.6,500,,,,,,,,,,,,,,,,
2026-07-01T13:00:38.157875+00:00,2026-07-01T23:00:38.153875,2,1,86.3,0.2,86.2,425,86.0,209,,,,,,,,,,,,,,,,,86.4,629,,,,,,,,,,,,,,,,,,
2026-07-01T13:00:38.168875+00:00,2026-07-01T23:00:38.167875,3,2,86.3,0.2,86.2,425,86.1,500,86.0,209,,,,,,,,,,,,,,,86.4,629,86.6,500,,,,,,,,,,,,,,,,
2026-07-01T13:00:38.234966+00:00,2026-07-01T23:00:38.229410,3,2,86.3,0.2,86.2,425,86.1,500,86.0,208,,,,,,,,,,,,,,,86.4,629,86.6,500,,,,,,,,,,,,,,,,
2026-07-01T13:00:38.749760+00:00,2026-07-01T23:00:38.747760,2,2,86.3,0.2,86.2,425,86.0,208,,,,,,,,,,,,,,,,,86.4,629,86.6,500,,,,,,,,,,,,,,,,
2026-07-01T13:00:38.760760+00:00,2026-07-01T23:00:38.756760,2,1,86.3,0.2,86.2,425,86.0,208,,,,,,,,,,,,,,,,,86.4,629,,,,,,,,,,,,,,,,,,
2026-07-01T13:00:38.771760+00:00,2026-07-01T23:00:38.762761,3,1,86.3,0.2,86.2,425,86.1,500,86.0,208,,,,,,,,,,,,,,,86.4,629,,,,,,,,,,,,,,,,,,
2026-07-01T13:00:38.782275+00:00,2026-07-01T23:00:38.776275,3,2,86.3,0.2,86.2,425,86.1,500,86.0,208,,,,,,,,,,,,,,,86.4,629,86.6,500,,,,,,,,,,,,,,,,
2026-07-01T13:00:39.076285+00:00,2026-07-01T23:00:39.074285,3,2,86.3,0.2,86.2,425,86.1,500,86.0,8,,,,,,,,,,,,,,,86.4,629,86.6,500,,,,,,,,,,,,,,,,
2026-07-01T13:00:39.087553+00:00,2026-07-01T23:00:39.079284,3,3,86.25,0.1,86.2,425,86.1,700,86.0,8,,,,,,,,,,,,,,,86.3,200,86.4,629,86.6,500,,,,,,,,,,,,,,
2026-07-01T13:00:39.240779+00:00,2026-07-01T23:00:39.237780,3,3,86.2,0.2,86.1,700,86.0,8,85.9,625,,,,,,,,,,,,,,,86.3,200,86.4,4,86.6,500,,,,,,,,,,,,,,
2026-07-01T13:00:39.251780+00:00,2026-07-01T23:00:39.242780,3,3,86.2,0.2,86.1,75,86.0,8,85.9,625,,,,,,,,,,,,,,,86.3,200,86.4,4,86.6,500,,,,,,,,,,,,,,
2026-07-01T13:00:39.360762+00:00,2026-07-01T23:00:39.358762,3,2,86.2,0.2,86.1,575,86.0,8,85.9,625,,,,,,,,,,,,,,,86.3,200,86.4,4,,,,,,,,,,,,,,,,
2026-07-01T13:00:39.371763+00:00,2026-07-01T23:00:39.364763,3,3,86.2,0.2,86.1,575,86.0,8,85.9,625,,,,,,,,,,,,,,,86.3,200,86.4,4,86.6,500,,,,,,,,,,,,,,
2026-07-01T13:00:39.960723+00:00,2026-07-01T23:00:39.956722,3,3,86.2,0.2,86.1,75,86.0,8,85.9,625,,,,,,,,,,,,,,,86.3,200,86.4,4,86.6,500,,,,,,,,,,,,,,
2026-07-01T13:00:39.971724+00:00,2026-07-01T23:00:39.963722,3,2,86.2,0.2,86.1,75,86.0,8,85.9,625,,,,,,,,,,,,,,,86.3,200,86.4,4,,,,,,,,,,,,,,,,
2026-07-01T13:00:39.982240+00:00,2026-07-01T23:00:39.979241,3,3,86.2,0.2,86.1,575,86.0,8,85.9,625,,,,,,,,,,,,,,,86.3,200,86.4,4,86.7,500,,,,,,,,,,,,,,
2026-07-01T13:00:40.201353+00:00,2026-07-01T23:00:40.190353,3,3,86.2,0.2,86.1,575,86.0,7,85.9,625,,,,,,,,,,,,,,,86.3,200,86.4,4,86.7,500,,,,,,,,,,,,,,
2026-07-01T13:00:40.289498+00:00,2026-07-01T23:00:40.287498,3,2,86.25,0.3,86.1,500,86.0,7,85.9,625,,,,,,,,,,,,,,,86.4,4,86.7,500,,,,,,,,,,,,,,,,
2026-07-01T13:00:40.300498+00:00,2026-07-01T23:00:40.291498,4,3,86.25,0.1,86.2,200,86.1,500,86.0,7,85.9,625,,,,,,,,,,,,,86.3,200,86.4,4,86.7,500,,,,,,,,,,,,,,
2026-07-01T13:00:40.552482+00:00,2026-07-01T23:00:40.548482,3,3,86.25,0.1,86.2,825,86.1,500,86.0,7,,,,,,,,,,,,,,,86.3,200,86.4,629,86.7,500,,,,,,,,,,,,,,
2026-07-01T13:00:40.563481+00:00,2026-07-01T23:00:40.555481,2,3,86.25,0.1,86.2,825,86.0,7,,,,,,,,,,,,,,,,,86.3,200,86.4,629,86.7,500,,,,,,,,,,,,,,
2026-07-01T13:00:40.574481+00:00,2026-07-01T23:00:40.572481,3,2,86.25,0.1,86.2,825,86.1,500,86.0,7,,,,,,,,,,,,,,,86.3,200,86.4,629,,,,,,,,,,,,,,,,
2026-07-01T13:00:40.585496+00:00,2026-07-01T23:00:40.580482,3,3,86.25,0.1,86.2,825,86.1,500,86.0,7,,,,,,,,,,,,,,,86.3,200,86.4,629,86.7,500,,,,,,,,,,,,,,
2026-07-01T13:00:41.162594+00:00,2026-07-01T23:00:41.158593,2,3,86.25,0.1,86.2,825,86.0,7,,,,,,,,,,,,,,,,,86.3,200,86.4,629,86.7,500,,,,,,,,,,,,,,
2026-07-01T13:00:41.173593+00:00,2026-07-01T23:00:41.172592,3,2,86.25,0.1,86.2,825,86.1,500,86.0,7,,,,,,,,,,,,,,,86.3,200,86.4,629,,,,,,,,,,,,,,,,
2026-07-01T13:00:41.184201+00:00,2026-07-01T23:00:41.178593,3,3,86.25,0.1,86.2,825,86.1,500,86.0,7,,,,,,,,,,,,,,,86.3,200,86.4,629,86.7,500,,,,,,,,,,,,,,
2026-07-01T13:00:41.422992+00:00,2026-07-01T23:00:41.420991,3,3,86.25,0.1,86.2,825,86.1,500,86.0,6,,,,,,,,,,,,,,,86.3,200,86.4,629,86.7,500,,,,,,,,,,,,,,
2026-07-01T13:00:41.498575+00:00,2026-07-01T23:00:41.496576,3,2,86.3,0.2,86.2,625,86.1,500,86.0,6,,,,,,,,,,,,,,,86.4,629,86.7,500,,,,,,,,,,,,,,,,
2026-07-01T13:00:41.509577+00:00,2026-07-01T23:00:41.500576,3,2,86.3,0.2,86.2,825,86.1,500,86.0,6,,,,,,,,,,,,,,,86.4,829,86.7,500,,,,,,,,,,,,,,,,
2026-07-01T13:00:41.793191+00:00,2026-07-01T23:00:41.784190,2,2,86.3,0.2,86.2,825,86.0,6,,,,,,,,,,,,,,,,,86.4,829,86.7,500,,,,,,,,,,,,,,,,
2026-07-01T13:00:41.803724+00:00,2026-07-01T23:00:41.799723,3,1,86.3,0.2,86.2,825,86.1,500,86.0,6,,,,,,,,,,,,,,,86.4,829,,,,,,,,,,,,,,,,,,
2026-07-01T13:00:41.814698+00:00,2026-07-01T23:00:41.806722,3,2,86.3,0.2,86.2,825,86.1,500,86.0,6,,,,,,,,,,,,,,,86.4,829,86.6,500,,,,,,,,,,,,,,,,
2026-07-01T13:00:41.857148+00:00,2026-07-01T23:00:41.856148,3,3,86.25,0.1,86.2,825,86.1,500,86.0,6,,,,,,,,,,,,,,,86.3,625,86.4,204,86.6,500,,,,,,,,,,,,,,
2026-07-01T13:00:42.020215+00:00,2026-07-01T23:00:42.013699,3,3,86.25,0.1,86.2,825,86.1,500,86.0,5,,,,,,,,,,,,,,,86.3,625,86.4,204,86.6,500,,,,,,,,,,,,,,
2026-07-01T13:00:42.401179+00:00,2026-07-01T23:00:42.391180,2,3,86.25,0.1,86.2,825,86.0,5,,,,,,,,,,,,,,,,,86.3,625,86.4,204,86.6,500,,,,,,,,,,,,,,
2026-07-01T13:00:42.412179+00:00,2026-07-01T23:00:42.409179,3,2,86.25,0.1,86.2,825,86.1,500,86.0,5,,,,,,,,,,,,,,,86.3,625,86.4,204,,,,,,,,,,,,,,,,
2026-07-01T13:00:42.422933+00:00,2026-07-01T23:00:42.415933,3,3,86.25,0.1,86.2,825,86.1,500,86.0,5,,,,,,,,,,,,,,,86.3,625,86.4,204,86.6,500,,,,,,,,,,,,,,
2026-07-01T13:00:42.707759+00:00,2026-07-01T23:00:42.703759,3,3,86.25,0.1,86.2,625,86.1,500,86.0,5,,,,,,,,,,,,,,,86.3,625,86.4,204,86.6,500,,,,,,,,,,,,,,
2026-07-01T13:00:42.718759+00:00,2026-07-01T23:00:42.717759,3,3,86.25,0.1,86.2,625,86.1,500,86.0,205,,,,,,,,,,,,,,,86.3,625,86.4,4,86.6,500,,,,,,,,,,,,,,
2026-07-01T13:00:42.729759+00:00,2026-07-01T23:00:42.723759,3,3,86.25,0.1,86.2,425,86.1,500,86.0,205,,,,,,,,,,,,,,,86.3,625,86.4,4,86.6,500,,,,,,,,,,,,,,
2026-07-01T13:00:43.000274+00:00,2026-07-01T23:00:42.997275,2,2,86.25,0.1,86.2,425,86.0,205,,,,,,,,,,,,,,,,,86.3,625,86.4,4,,,,,,,,,,,,,,,,
2026-07-01T13:00:43.011274+00:00,2026-07-01T23:00:43.004274,3,2,86.25,0.1,86.2,425,86.1,500,86.0,205,,,,,,,,,,,,,,,86.3,625,86.4,4,,,,,,,,,,,,,,,,
2026-07-01T13:00:43.022264+00:00,2026-07-01T23:00:43.014274,3,3,86.25,0.1,86.2,425,86.1,500,86.0,205,,,,,,,,,,,,,,,86.3,625,86.4,4,86.6,500,,,,,,,,,,,,,,
2026-07-01T13:00:43.163897+00:00,2026-07-01T23:00:43.160897,2,2,86.25,0.3,86.1,1125,86.0,205,,,,,,,,,,,,,,,,,86.4,4,86.6,500,,,,,,,,,,,,,,,,
2026-07-01T13:00:43.175290+00:00,2026-07-01T23:00:43.163897,2,3,86.2,0.2,86.1,1125,86.0,205,,,,,,,,,,,,,,,,,86.3,625,86.4,4,86.6,500,,,,,,,,,,,,,,
2026-07-01T13:00:43.459315+00:00,2026-07-01T23:00:43.452314,2,3,86.2,0.2,86.1,1125,86.0,205,,,,,,,,,,,,,,,,,86.3,625,86.4,3,86.6,500,,,,,,,,,,,,,,
2026-07-01T13:00:43.602502+00:00,2026-07-01T23:00:43.601502,2,2,86.2,0.2,86.1,625,86.0,205,,,,,,,,,,,,,,,,,86.3,625,86.4,3,,,,,,,,,,,,,,,,
2026-07-01T13:00:43.624036+00:00,2026-07-01T23:00:43.615037,2,2,86.2,0.2,86.1,1125,86.0,205,,,,,,,,,,,,,,,,,86.3,625,86.4,3,,,,,,,,,,,,,,,,
2026-07-01T13:00:43.635159+00:00,2026-07-01T23:00:43.627036,2,3,86.2,0.2,86.1,1125,86.0,205,,,,,,,,,,,,,,,,,86.3,625,86.4,3,86.7,500,,,,,,,,,,,,,,
2026-07-01T13:00:43.929510+00:00,2026-07-01T23:00:43.925510,2,3,86.2,0.2,86.1,1125,86.0,5,,,,,,,,,,,,,,,,,86.3,625,86.4,3,86.7,500,,,,,,,,,,,,,,
2026-07-01T13:00:43.940510+00:00,2026-07-01T23:00:43.934510,2,4,86.15,0.1,86.1,1125,86.0,205,,,,,,,,,,,,,,,,,86.2,200,86.3,625,86.4,3,86.7,500,,,,,,,,,,,,
2026-07-01T13:00:44.201759+00:00,2026-07-01T23:00:44.194759,2,4,86.15,0.1,86.1,625,86.0,205,,,,,,,,,,,,,,,,,86.2,200,86.3,625,86.4,3,86.7,500,,,,,,,,,,,,
2026-07-01T13:00:44.212759+00:00,2026-07-01T23:00:44.210759,2,3,86.15,0.1,86.1,1125,86.0,205,,,,,,,,,,,,,,,,,86.2,200,86.3,625,86.4,3,,,,,,,,,,,,,,
2026-07-01T13:00:44.223771+00:00,2026-07-01T23:00:44.217771,2,4,86.15,0.1,86.1,1125,86.0,205,,,,,,,,,,,,,,,,,86.2,200,86.3,625,86.4,3,86.7,500,,,,,,,,,,,,
2026-07-01T13:00:44.409637+00:00,2026-07-01T23:00:44.408637,2,4,86.15,0.1,86.1,1125,86.0,205,,,,,,,,,,,,,,,,,86.2,200,86.3,625,86.4,2,86.7,500,,,,,,,,,,,,
2026-07-01T13:00:44.475661+00:00,2026-07-01T23:00:44.474536,2,3,86.15,0.1,86.1,500,86.0,205,,,,,,,,,,,,,,,,,86.2,200,86.4,2,86.7,500,,,,,,,,,,,,,,
2026-07-01T13:00:44.486657+00:00,2026-07-01T23:00:44.480657,2,4,86.15,0.1,86.1,1125,86.0,205,,,,,,,,,,,,,,,,,86.2,200,86.3,625,86.4,2,86.7,500,,,,,,,,,,,,
2026-07-01T13:00:44.605460+00:00,2026-07-01T23:00:44.604282,2,4,86.15,0.1,86.1,1125,86.0,205,,,,,,,,,,,,,,,,,86.2,200,86.3,625,86.4,1,86.7,500,,,,,,,,,,,,
2026-07-01T13:00:44.803486+00:00,2026-07-01T23:00:44.801486,2,4,86.15,0.1,86.1,625,86.0,205,,,,,,,,,,,,,,,,,86.2,200,86.3,625,86.4,1,86.7,500,,,,,,,,,,,,
2026-07-01T13:00:44.814496+00:00,2026-07-01T23:00:44.806497,2,3,86.15,0.1,86.1,625,86.0,205,,,,,,,,,,,,,,,,,86.2,200,86.3,625,86.4,1,,,,,,,,,,,,,,
2026-07-01T13:00:44.825473+00:00,2026-07-01T23:00:44.822358,2,4,86.15,0.1,86.1,1125,86.0,205,,,,,,,,,,,,,,,,,86.2,200,86.3,625,86.4,1,86.7,500,,,,,,,,,,,,
2026-07-01T13:00:45.143969+00:00,2026-07-01T23:00:45.141969,2,3,86.2,0.2,86.1,1125,86.0,205,,,,,,,,,,,,,,,,,86.3,625,86.4,1,86.7,500,,,,,,,,,,,,,,
2026-07-01T13:00:45.154982+00:00,2026-07-01T23:00:45.144969,2,4,86.15,0.1,86.1,1125,86.0,205,,,,,,,,,,,,,,,,,86.2,200,86.3,625,86.4,1,86.7,500,,,,,,,,,,,,
2026-07-01T13:00:45.308545+00:00,2026-07-01T23:00:45.300546,2,4,86.15,0.1,86.1,1125,86.0,205,,,,,,,,,,,,,,,,,86.2,180,86.3,625,86.4,1,86.7,500,,,,,,,,,,,,
2026-07-01T13:00:45.407557+00:00,2026-07-01T23:00:45.399558,2,4,86.15,0.1,86.1,625,86.0,205,,,,,,,,,,,,,,,,,86.2,180,86.3,625,86.4,1,86.7,500,,,,,,,,,,,,
2026-07-01T13:00:45.418099+00:00,2026-07-01T23:00:45.408558,2,3,86.15,0.1,86.1,625,86.0,205,,,,,,,,,,,,,,,,,86.2,180,86.3,625,86.4,1,,,,,,,,,,,,,,
2026-07-01T13:00:45.429099+00:00,2026-07-01T23:00:45.426099,3,3,86.25,0.1,86.2,320,86.1,625,86.0,205,,,,,,,,,,,,,,,86.3,625,86.4,1,86.8,500,,,,,,,,,,,,,,
2026-07-01T13:00:45.789167+00:00,2026-07-01T23:00:45.782167,2,3,86.25,0.1,86.2,320,86.0,205,,,,,,,,,,,,,,,,,86.3,625,86.4,1,86.8,500,,,,,,,,,,,,,,
2026-07-01T13:00:45.800167+00:00,2026-07-01T23:00:45.798166,1,3,86.1,0.2,86.0,830,,,,,,,,,,,,,,,,,,,86.2,305,86.4,1,86.8,500,,,,,,,,,,,,,,
2026-07-01T13:00:46.008631+00:00,2026-07-01T23:00:46.002632,1,2,86.1,0.2,86.0,830,,,,,,,,,,,,,,,,,,,86.2,305,86.4,1,,,,,,,,,,,,,,,,
2026-07-01T13:00:46.019641+00:00,2026-07-01T23:00:46.012632,2,1,86.3,0.2,86.2,195,86.0,830,,,,,,,,,,,,,,,,,86.4,1,,,,,,,,,,,,,,,,,,
2026-07-01T13:00:46.030641+00:00,2026-07-01T23:00:46.021641,2,2,86.3,0.2,86.2,195,86.0,830,,,,,,,,,,,,,,,,,86.4,1,86.8,500,,,,,,,,,,,,,,,,
2026-07-01T13:00:46.358679+00:00,2026-07-01T23:00:46.355678,2,2,86.3,0.2,86.2,395,86.0,630,,,,,,,,,,,,,,,,,86.4,201,86.8,500,,,,,,,,,,,,,,,,
2026-07-01T13:00:46.610867+00:00,2026-07-01T23:00:46.605867,2,2,86.3,0.2,86.2,200,86.0,630,,,,,,,,,,,,,,,,,86.4,201,86.8,500,,,,,,,,,,,,,,,,
2026-07-01T13:00:46.622056+00:00,2026-07-01T23:00:46.620056,2,1,86.3,0.2,86.2,700,86.0,630,,,,,,,,,,,,,,,,,86.4,201,,,,,,,,,,,,,,,,,,
2026-07-01T13:00:46.633056+00:00,2026-07-01T23:00:46.627057,2,2,86.3,0.2,86.2,700,86.0,630,,,,,,,,,,,,,,,,,86.4,201,86.7,500,,,,,,,,,,,,,,,,
2026-07-01T13:00:47.061260+00:00,2026-07-01T23:00:47.059261,2,2,86.3,0.2,86.2,700,86.0,629,,,,,,,,,,,,,,,,,86.4,201,86.7,500,,,,,,,,,,,,,,,,
2026-07-01T13:00:47.105196+00:00,2026-07-01T23:00:47.103181,3,3,86.25,0.1,86.2,700,86.1,625,86.0,4,,,,,,,,,,,,,,,86.3,625,86.4,201,86.7,500,,,,,,,,,,,,,,
2026-07-01T13:00:47.213785+00:00,2026-07-01T23:00:47.207785,3,3,86.25,0.1,86.2,200,86.1,625,86.0,4,,,,,,,,,,,,,,,86.3,625,86.4,201,86.7,500,,,,,,,,,,,,,,
2026-07-01T13:00:47.224785+00:00,2026-07-01T23:00:47.221785,3,2,86.25,0.1,86.2,700,86.1,625,86.0,4,,,,,,,,,,,,,,,86.3,625,86.4,201,,,,,,,,,,,,,,,,
2026-07-01T13:00:47.235391+00:00,2026-07-01T23:00:47.230784,3,3,86.25,0.1,86.2,700,86.1,625,86.0,4,,,,,,,,,,,,,,,86.3,625,86.4,201,86.7,500,,,,,,,,,,,,,,
2026-07-01T13:00:47.564254+00:00,2026-07-01T23:00:47.560255,3,3,86.25,0.1,86.2,500,86.1,625,86.0,4,,,,,,,,,,,,,,,86.3,625,86.4,1,86.7,500,,,,,,,,,,,,,,
2026-07-01T13:00:47.575205+00:00,2026-07-01T23:00:47.566253,3,4,86.25,0.1,86.2,500,86.1,625,86.0,4,,,,,,,,,,,,,,,86.3,425,86.4,1,86.5,200,86.7,500,,,,,,,,,,,,
2026-07-01T13:00:47.846272+00:00,2026-07-01T23:00:47.845271,2,4,86.2,0.2,86.1,625,86.0,4,,,,,,,,,,,,,,,,,86.3,425,86.4,1,86.5,200,86.7,500,,,,,,,,,,,,
2026-07-01T13:00:47.857272+00:00,2026-07-01T23:00:47.854271,2,3,86.2,0.2,86.1,625,86.0,4,,,,,,,,,,,,,,,,,86.3,425,86.4,1,86.5,200,,,,,,,,,,,,,,
2026-07-01T13:00:47.868271+00:00,2026-07-01T23:00:47.861272,3,3,86.25,0.1,86.2,500,86.1,625,86.0,4,,,,,,,,,,,,,,,86.3,425,86.4,1,86.5,200,,,,,,,,,,,,,,
2026-07-01T13:00:47.879016+00:00,2026-07-01T23:00:47.869271,3,4,86.25,0.1,86.2,500,86.1,625,86.0,4,,,,,,,,,,,,,,,86.3,425,86.4,1,86.5,200,86.7,500,,,,,,,,,,,,
2026-07-01T13:00:48.020019+00:00,2026-07-01T23:00:48.010577,3,4,86.25,0.1,86.2,480,86.1,625,86.0,4,,,,,,,,,,,,,,,86.3,425,86.4,1,86.5,200,86.7,500,,,,,,,,,,,,
2026-07-01T13:00:48.413500+00:00,2026-07-01T23:00:48.410500,2,3,86.3,0.2,86.2,480,86.0,4,,,,,,,,,,,,,,,,,86.4,1,86.5,200,86.7,500,,,,,,,,,,,,,,
2026-07-01T13:00:48.424351+00:00,2026-07-01T23:00:48.417353,2,3,86.3,0.2,86.2,1105,86.0,4,,,,,,,,,,,,,,,,,86.4,626,86.5,200,86.7,500,,,,,,,,,,,,,,
2026-07-01T13:00:48.446143+00:00,2026-07-01T23:00:48.443126,2,3,86.3,0.2,86.2,625,86.0,4,,,,,,,,,,,,,,,,,86.4,626,86.5,200,86.7,500,,,,,,,,,,,,,,
2026-07-01T13:00:48.457140+00:00,2026-07-01T23:00:48.450141,2,2,86.3,0.2,86.2,625,86.0,4,,,,,,,,,,,,,,,,,86.4,626,86.5,200,,,,,,,,,,,,,,,,
2026-07-01T13:00:48.468140+00:00,2026-07-01T23:00:48.463139,2,3,86.3,0.2,86.2,1125,86.0,4,,,,,,,,,,,,,,,,,86.4,626,86.5,200,86.7,500,,,,,,,,,,,,,,
2026-07-01T13:00:48.773131+00:00,2026-07-01T23:00:48.772131,3,2,86.3,0.2,86.2,1125,86.1,200,86.0,4,,,,,,,,,,,,,,,86.4,626,86.7,500,,,,,,,,,,,,,,,,
2026-07-01T13:00:48.783803+00:00,2026-07-01T23:00:48.774130,3,3,86.25,0.1,86.2,1125,86.1,200,86.0,4,,,,,,,,,,,,,,,86.3,200,86.4,626,86.7,500,,,,,,,,,,,,,,
2026-07-01T13:00:49.057102+00:00,2026-07-01T23:00:49.048103,3,3,86.25,0.1,86.2,625,86.1,200,86.0,4,,,,,,,,,,,,,,,86.3,200,86.4,626,86.7,500,,,,,,,,,,,,,,
2026-07-01T13:00:49.068103+00:00,2026-07-01T23:00:49.065103,3,2,86.25,0.1,86.2,1125,86.1,200,86.0,4,,,,,,,,,,,,,,,86.3,200,86.4,626,,,,,,,,,,,,,,,,
2026-07-01T13:00:49.079103+00:00,2026-07-01T23:00:49.072103,3,3,86.25,0.1,86.2,1125,86.1,200,86.0,4,,,,,,,,,,,,,,,86.3,200,86.4,626,86.7,500,,,,,,,,,,,,,,
2026-07-01T13:00:49.656046+00:00,2026-07-01T23:00:49.648383,3,3,86.25,0.1,86.2,625,86.1,200,86.0,4,,,,,,,,,,,,,,,86.3,200,86.4,626,86.7,500,,,,,,,,,,,,,,
2026-07-01T13:00:49.667044+00:00,2026-07-01T23:00:49.657045,3,2,86.25,0.1,86.2,625,86.1,200,86.0,4,,,,,,,,,,,,,,,86.3,200,86.4,626,,,,,,,,,,,,,,,,
2026-07-01T13:00:49.678045+00:00,2026-07-01T23:00:49.676044,3,3,86.25,0.1,86.2,1125,86.1,200,86.0,4,,,,,,,,,,,,,,,86.3,200,86.4,626,86.7,500,,,,,,,,,,,,,,
2026-07-01T13:00:49.700030+00:00,2026-07-01T23:00:49.694030,3,3,86.25,0.1,86.2,1115,86.1,200,86.0,4,,,,,,,,,,,,,,,86.3,200,86.4,626,86.7,500,,,,,,,,,,,,,,
2026-07-01T13:00:49.733031+00:00,2026-07-01T23:00:49.724030,3,3,86.25,0.1,86.2,500,86.1,200,86.0,4,,,,,,,,,,,,,,,86.3,200,86.4,626,86.7,500,,,,,,,,,,,,,,
2026-07-01T13:00:49.744029+00:00,2026-07-01T23:00:49.738030,3,3,86.25,0.1,86.2,1125,86.1,200,86.0,4,,,,,,,,,,,,,,,86.3,200,86.4,626,86.7,500,,,,,,,,,,,,,,
2026-07-01T13:00:49.983468+00:00,2026-07-01T23:00:49.981230,2,2,86.3,0.2,86.2,1125,86.0,204,,,,,,,,,,,,,,,,,86.4,626,86.7,500,,,,,,,,,,,,,,,,
2026-07-01T13:00:49.994459+00:00,2026-07-01T23:00:49.988460,2,2,86.3,0.2,86.2,925,86.0,204,,,,,,,,,,,,,,,,,86.4,626,86.7,500,,,,,,,,,,,,,,,,
2026-07-01T13:00:50.255403+00:00,2026-07-01T23:00:50.251697,2,2,86.3,0.2,86.2,625,86.0,204,,,,,,,,,,,,,,,,,86.4,626,86.7,500,,,,,,,,,,,,,,,,
2026-07-01T13:00:50.266166+00:00,2026-07-01T23:00:50.258402,2,1,86.3,0.2,86.2,625,86.0,204,,,,,,,,,,,,,,,,,86.4,626,,,,,,,,,,,,,,,,,,
2026-07-01T13:00:50.277167+00:00,2026-07-01T23:00:50.276166,2,2,86.3,0.2,86.2,1125,86.0,204,,,,,,,,,,,,,,,,,86.4,626,86.7,500,,,,,,,,,,,,,,,,
2026-07-01T13:00:50.855393+00:00,2026-07-01T23:00:50.854800,2,2,86.3,0.2,86.2,625,86.0,204,,,,,,,,,,,,,,,,,86.4,626,86.7,500,,,,,,,,,,,,,,,,
2026-07-01T13:00:50.866124+00:00,2026-07-01T23:00:50.863392,2,1,86.3,0.2,86.2,625,86.0,204,,,,,,,,,,,,,,,,,86.4,626,,,,,,,,,,,,,,,,,,
2026-07-01T13:00:50.877123+00:00,2026-07-01T23:00:50.875122,2,2,86.3,0.2,86.2,1125,86.0,204,,,,,,,,,,,,,,,,,86.4,626,86.7,500,,,,,,,,,,,,,,,,
2026-07-01T13:00:51.041661+00:00,2026-07-01T23:00:51.039661,2,2,86.3,0.2,86.2,500,86.0,204,,,,,,,,,,,,,,,,,86.4,626,86.7,500,,,,,,,,,,,,,,,,
2026-07-01T13:00:51.052661+00:00,2026-07-01T23:00:51.047661,3,2,86.3,0.2,86.2,500,86.1,625,86.0,204,,,,,,,,,,,,,,,86.4,1,86.7,500,,,,,,,,,,,,,,,,
2026-07-01T13:00:51.063661+00:00,2026-07-01T23:00:51.058662,3,3,86.25,0.1,86.2,500,86.1,625,86.0,204,,,,,,,,,,,,,,,86.3,625,86.4,1,86.7,500,,,,,,,,,,,,,,
2026-07-01T13:00:51.194705+00:00,2026-07-01T23:00:51.193705,3,3,86.25,0.1,86.2,700,86.1,625,86.0,4,,,,,,,,,,,,,,,86.3,625,86.4,1,86.7,500,,,,,,,,,,,,,,
2026-07-01T13:00:51.205463+00:00,2026-07-01T23:00:51.195706,3,3,86.25,0.1,86.2,700,86.1,625,86.0,4,,,,,,,,,,,,,,,86.3,825,86.4,1,86.7,500,,,,,,,,,,,,,,
2026-07-01T13:00:51.465381+00:00,2026-07-01T23:00:51.458381,3,3,86.25,0.1,86.2,200,86.1,625,86.0,4,,,,,,,,,,,,,,,86.3,825,86.4,1,86.7,500,,,,,,,,,,,,,,
2026-07-01T13:00:51.476142+00:00,2026-07-01T23:00:51.466381,3,2,86.25,0.1,86.2,200,86.1,625,86.0,4,,,,,,,,,,,,,,,86.3,825,86.4,1,,,,,,,,,,,,,,,,
2026-07-01T13:00:51.487140+00:00,2026-07-01T23:00:51.483141,3,3,86.25,0.1,86.2,700,86.1,625,86.0,4,,,,,,,,,,,,,,,86.3,825,86.4,1,86.8,500,,,,,,,,,,,,,,
2026-07-01T13:00:51.858486+00:00,2026-07-01T23:00:51.848488,3,2,86.25,0.1,86.2,700,86.1,625,86.0,4,,,,,,,,,,,,,,,86.3,825,86.8,500,,,,,,,,,,,,,,,,
2026-07-01T13:00:51.946250+00:00,2026-07-01T23:00:51.945244,3,2,86.25,0.1,86.2,700,86.1,625,86.0,4,,,,,,,,,,,,,,,86.3,805,86.8,500,,,,,,,,,,,,,,,,
2026-07-01T13:00:52.067519+00:00,2026-07-01T23:00:52.066519,3,1,86.25,0.1,86.2,200,86.1,625,86.0,4,,,,,,,,,,,,,,,86.3,805,,,,,,,,,,,,,,,,,,
2026-07-01T13:00:52.078518+00:00,2026-07-01T23:00:52.073519,3,1,86.25,0.1,86.2,700,86.1,625,86.0,4,,,,,,,,,,,,,,,86.3,805,,,,,,,,,,,,,,,,,,
2026-07-01T13:00:52.089519+00:00,2026-07-01T23:00:52.082518,3,2,86.25,0.1,86.2,700,86.1,625,86.0,4,,,,,,,,,,,,,,,86.3,805,86.8,500,,,,,,,,,,,,,,,,
2026-07-01T13:00:52.363418+00:00,2026-07-01T23:00:52.358419,2,2,86.25,0.1,86.2,700,86.0,4,,,,,,,,,,,,,,,,,86.3,200,86.8,500,,,,,,,,,,,,,,,,
2026-07-01T13:00:52.374418+00:00,2026-07-01T23:00:52.366419,2,3,86.25,0.1,86.2,1325,86.0,4,,,,,,,,,,,,,,,,,86.3,200,86.4,625,86.8,500,,,,,,,,,,,,,,
2026-07-01T13:00:52.406461+00:00,2026-07-01T23:00:52.403361,3,2,86.35,0.1,86.3,200,86.2,1125,86.0,4,,,,,,,,,,,,,,,86.4,625,86.8,500,,,,,,,,,,,,,,,,
2026-07-01T13:00:52.417431+00:00,2026-07-01T23:00:52.408431,3,3,86.35,0.1,86.3,200,86.2,1125,86.0,4,,,,,,,,,,,,,,,86.4,625,86.5,200,86.8,500,,,,,,,,,,,,,,
2026-07-01T13:00:52.668467+00:00,2026-07-01T23:00:52.662468,3,3,86.35,0.1,86.3,200,86.2,625,86.0,4,,,,,,,,,,,,,,,86.4,625,86.5,200,86.8,500,,,,,,,,,,,,,,
2026-07-01T13:00:52.679467+00:00,2026-07-01T23:00:52.677467,3,2,86.35,0.1,86.3,200,86.2,1125,86.0,4,,,,,,,,,,,,,,,86.4,625,86.5,200,,,,,,,,,,,,,,,,
2026-07-01T13:00:52.690467+00:00,2026-07-01T23:00:52.684468,3,3,86.35,0.1,86.3,200,86.2,1125,86.0,4,,,,,,,,,,,,,,,86.4,625,86.5,200,86.8,500,,,,,,,,,,,,,,
2026-07-01T13:00:52.853969+00:00,2026-07-01T23:00:52.847968,3,3,86.35,0.1,86.3,200,86.2,1125,86.0,4,,,,,,,,,,,,,,,86.4,627,86.5,200,86.8,500,,,,,,,,,,,,,,
2026-07-01T13:00:52.886980+00:00,2026-07-01T23:00:52.879980,3,3,86.35,0.1,86.3,200,86.2,1125,86.0,4,,,,,,,,,,,,,,,86.4,626,86.5,200,86.8,500,,,,,,,,,,,,,,
2026-07-01T13:00:53.237536+00:00,2026-07-01T23:00:53.232537,3,3,86.35,0.1,86.3,190,86.2,1125,86.0,4,,,,,,,,,,,,,,,86.4,626,86.5,200,86.8,500,,,,,,,,,,,,,,
2026-07-01T13:00:53.270051+00:00,2026-07-01T23:00:53.265069,3,3,86.35,0.1,86.3,190,86.2,625,86.0,4,,,,,,,,,,,,,,,86.4,626,86.5,200,86.8,500,,,,,,,,,,,,,,
2026-07-01T13:00:53.281052+00:00,2026-07-01T23:00:53.279051,3,2,86.35,0.1,86.3,190,86.2,1125,86.0,4,,,,,,,,,,,,,,,86.4,626,86.5,200,,,,,,,,,,,,,,,,
2026-07-01T13:00:53.291631+00:00,2026-07-01T23:00:53.286631,3,3,86.35,0.1,86.3,190,86.2,1125,86.0,4,,,,,,,,,,,,,,,86.4,626,86.5,200,86.8,500,,,,,,,,,,,,,,
2026-07-01T13:00:53.612615+00:00,2026-07-01T23:00:53.610615,2,3,86.3,0.2,86.2,1125,86.0,4,,,,,,,,,,,,,,,,,86.4,626,86.5,200,86.8,500,,,,,,,,,,,,,,
2026-07-01T13:00:53.623614+00:00,2026-07-01T23:00:53.618615,2,3,86.3,0.2,86.2,1125,86.0,4,,,,,,,,,,,,,,,,,86.4,426,86.6,200,86.8,500,,,,,,,,,,,,,,
2026-07-01T13:00:53.677339+00:00,2026-07-01T23:00:53.675339,2,3,86.3,0.2,86.2,500,86.0,4,,,,,,,,,,,,,,,,,86.4,1,86.6,200,86.8,500,,,,,,,,,,,,,,
2026-07-01T13:00:53.688339+00:00,2026-07-01T23:00:53.686339,3,2,86.5,0.2,86.4,624,86.2,500,86.0,4,,,,,,,,,,,,,,,86.6,825,86.8,500,,,,,,,,,,,,,,,,
2026-07-01T13:00:53.721340+00:00,2026-07-01T23:00:53.713340,3,2,86.5,0.2,86.4,589,86.2,500,86.0,4,,,,,,,,,,,,,,,86.6,825,86.8,500,,,,,,,,,,,,,,,,
2026-07-01T13:00:53.808754+00:00,2026-07-01T23:00:53.803754,3,2,86.5,0.2,86.4,554,86.2,500,86.0,4,,,,,,,,,,,,,,,86.6,825,86.8,500,,,,,,,,,,,,,,,,
2026-07-01T13:00:53.907620+00:00,2026-07-01T23:00:53.900621,2,2,86.5,0.2,86.4,554,86.0,4,,,,,,,,,,,,,,,,,86.6,825,86.8,500,,,,,,,,,,,,,,,,
2026-07-01T13:00:53.918621+00:00,2026-07-01T23:00:53.914620,2,1,86.5,0.2,86.4,521,86.0,4,,,,,,,,,,,,,,,,,86.6,825,,,,,,,,,,,,,,,,,,
2026-07-01T13:00:53.929620+00:00,2026-07-01T23:00:53.924621,3,1,86.5,0.2,86.4,521,86.2,500,86.0,4,,,,,,,,,,,,,,,86.6,825,,,,,,,,,,,,,,,,,,
2026-07-01T13:00:53.940621+00:00,2026-07-01T23:00:53.929620,3,2,86.5,0.2,86.4,521,86.2,500,86.0,4,,,,,,,,,,,,,,,86.6,825,86.8,500,,,,,,,,,,,,,,,,
2026-07-01T13:00:54.508694+00:00,2026-07-01T23:00:54.507694,2,1,86.5,0.2,86.4,521,86.0,4,,,,,,,,,,,,,,,,,86.6,825,,,,,,,,,,,,,,,,,,
2026-07-01T13:00:54.519695+00:00,2026-07-01T23:00:54.515694,3,1,86.5,0.2,86.4,521,86.2,500,86.0,4,,,,,,,,,,,,,,,86.6,825,,,,,,,,,,,,,,,,,,
2026-07-01T13:00:54.530696+00:00,2026-07-01T23:00:54.523695,3,2,86.5,0.2,86.4,521,86.2,500,86.0,4,,,,,,,,,,,,,,,86.6,825,86.8,500,,,,,,,,,,,,,,,,
2026-07-01T13:00:54.541694+00:00,2026-07-01T23:00:54.537694,2,2,86.5,0.2,86.4,521,86.2,500,,,,,,,,,,,,,,,,,86.6,825,86.8,500,,,,,,,,,,,,,,,,
2026-07-01T13:00:54.650517+00:00,2026-07-01T23:00:54.647709,2,3,86.45,0.1,86.4,521,86.2,500,,,,,,,,,,,,,,,,,86.5,8,86.6,825,86.8,500,,,,,,,,,,,,,,
2026-07-01T13:00:54.803724+00:00,2026-07-01T23:00:54.795724,2,2,86.5,0.2,86.4,521,86.2,500,,,,,,,,,,,,,,,,,86.6,825,86.8,500,,,,,,,,,,,,,,,,
2026-07-01T13:00:54.836738+00:00,2026-07-01T23:00:54.833252,2,3,86.45,0.1,86.4,721,86.2,500,,,,,,,,,,,,,,,,,86.5,8,86.6,825,86.8,500,,,,,,,,,,,,,,
2026-07-01T13:00:54.913760+00:00,2026-07-01T23:00:54.904760,2,2,86.5,0.2,86.4,721,86.2,500,,,,,,,,,,,,,,,,,86.6,825,86.8,500,,,,,,,,,,,,,,,,
2026-07-01T13:00:54.935343+00:00,2026-07-01T23:00:54.930343,2,3,86.45,0.1,86.4,721,86.2,500,,,,,,,,,,,,,,,,,86.5,7,86.6,825,86.8,500,,,,,,,,,,,,,,
2026-07-01T13:00:54.990753+00:00,2026-07-01T23:00:54.981753,2,2,86.5,0.2,86.4,721,86.2,500,,,,,,,,,,,,,,,,,86.6,825,86.8,500,,,,,,,,,,,,,,,,
2026-07-01T13:00:55.001753+00:00,2026-07-01T23:00:55.000753,2,2,86.5,0.2,86.4,200,86.2,500,,,,,,,,,,,,,,,,,86.6,825,86.8,500,,,,,,,,,,,,,,,,
2026-07-01T13:00:55.012753+00:00,2026-07-01T23:00:55.007753,2,2,86.5,0.2,86.4,200,86.2,1125,,,,,,,,,,,,,,,,,86.6,200,86.8,500,,,,,,,,,,,,,,,,
2026-07-01T13:00:55.023753+00:00,2026-07-01T23:00:55.017753,1,3,86.3,0.2,86.2,1125,,,,,,,,,,,,,,,,,,,86.4,425,86.6,200,86.8,500,,,,,,,,,,,,,,
2026-07-01T13:00:55.034753+00:00,2026-07-01T23:00:55.023753,1,4,86.3,0.2,86.2,1125,,,,,,,,,,,,,,,,,,,86.4,425,86.5,7,86.6,200,86.8,500,,,,,,,,,,,,
2026-07-01T13:00:55.078763+00:00,2026-07-01T23:00:55.067763,1,4,86.3,0.2,86.2,1125,,,,,,,,,,,,,,,,,,,86.4,398,86.5,7,86.6,200,86.8,500,,,,,,,,,,,,
2026-07-01T13:00:55.111763+00:00,2026-07-01T23:00:55.109763,1,3,86.3,0.2,86.2,625,,,,,,,,,,,,,,,,,,,86.4,398,86.5,7,86.6,200,,,,,,,,,,,,,,
2026-07-01T13:00:55.122763+00:00,2026-07-01T23:00:55.115763,1,3,86.3,0.2,86.2,1125,,,,,,,,,,,,,,,,,,,86.4,398,86.5,7,86.6,200,,,,,,,,,,,,,,
2026-07-01T13:00:55.133764+00:00,2026-07-01T23:00:55.122763,1,4,86.3,0.2,86.2,1125,,,,,,,,,,,,,,,,,,,86.4,398,86.5,7,86.6,200,86.8,500,,,,,,,,,,,,
2026-07-01T13:00:55.275304+00:00,2026-07-01T23:00:55.268304,1,4,86.3,0.2,86.2,1115,,,,,,,,,,,,,,,,,,,86.4,398,86.5,7,86.6,200,86.8,500,,,,,,,,,,,,
2026-07-01T13:00:55.714843+00:00,2026-07-01T23:00:55.711843,1,3,86.3,0.2,86.2,615,,,,,,,,,,,,,,,,,,,86.4,398,86.5,7,86.6,200,,,,,,,,,,,,,,
2026-07-01T13:00:55.725962+00:00,2026-07-01T23:00:55.719961,1,3,86.3,0.2,86.2,1115,,,,,,,,,,,,,,,,,,,86.4,398,86.5,7,86.6,200,,,,,,,,,,,,,,
2026-07-01T13:00:55.736817+00:00,2026-07-01T23:00:55.729961,1,4,86.3,0.2,86.2,1115,,,,,,,,,,,,,,,,,,,86.4,398,86.5,7,86.6,200,86.7,500,,,,,,,,,,,,
2026-07-01T13:00:56.042892+00:00,2026-07-01T23:00:56.039892,2,3,86.35,0.1,86.3,200,86.2,1115,,,,,,,,,,,,,,,,,86.4,398,86.5,207,86.7,500,,,,,,,,,,,,,,
2026-07-01T13:00:56.304233+00:00,2026-07-01T23:00:56.302232,3,2,86.4,0.2,86.3,200,86.2,500,86.1,625,,,,,,,,,,,,,,,86.5,207,86.7,500,,,,,,,,,,,,,,,,
2026-07-01T13:00:56.314748+00:00,2026-07-01T23:00:56.313748,1,2,86.2,0.2,86.1,625,,,,,,,,,,,,,,,,,,,86.3,425,86.5,207,,,,,,,,,,,,,,,,
2026-07-01T13:00:56.325895+00:00,2026-07-01T23:00:56.322895,2,2,86.25,0.1,86.2,500,86.1,625,,,,,,,,,,,,,,,,,86.3,425,86.5,207,,,,,,,,,,,,,,,,
2026-07-01T13:00:56.336926+00:00,2026-07-01T23:00:56.330895,2,3,86.25,0.1,86.2,500,86.1,625,,,,,,,,,,,,,,,,,86.3,425,86.5,207,86.7,500,,,,,,,,,,,,,,
2026-07-01T13:00:56.916757+00:00,2026-07-01T23:00:56.908627,1,3,86.2,0.2,86.1,625,,,,,,,,,,,,,,,,,,,86.3,425,86.5,207,86.7,500,,,,,,,,,,,,,,
2026-07-01T13:00:56.927756+00:00,2026-07-01T23:00:56.919756,1,2,86.2,0.2,86.1,625,,,,,,,,,,,,,,,,,,,86.3,425,86.5,207,,,,,,,,,,,,,,,,
2026-07-01T13:00:56.938756+00:00,2026-07-01T23:00:56.937756,2,3,86.25,0.1,86.2,500,86.1,625,,,,,,,,,,,,,,,,,86.3,425,86.5,207,86.7,500,,,,,,,,,,,,,,
2026-07-01T13:00:57.267935+00:00,2026-07-01T23:00:57.264935,2,3,86.25,0.1,86.2,500,86.1,825,,,,,,,,,,,,,,,,,86.3,625,86.5,7,86.7,500,,,,,,,,,,,,,,
2026-07-01T13:00:57.551583+00:00,2026-07-01T23:00:57.547583,1,3,86.2,0.2,86.1,825,,,,,,,,,,,,,,,,,,,86.3,625,86.5,7,86.7,500,,,,,,,,,,,,,,
2026-07-01T13:00:57.562583+00:00,2026-07-01T23:00:57.555583,1,2,86.2,0.2,86.1,825,,,,,,,,,,,,,,,,,,,86.3,625,86.5,7,,,,,,,,,,,,,,,,
2026-07-01T13:00:57.573583+00:00,2026-07-01T23:00:57.564583,2,2,86.25,0.1,86.2,500,86.1,825,,,,,,,,,,,,,,,,,86.3,625,86.5,7,,,,,,,,,,,,,,,,
2026-07-01T13:00:57.584551+00:00,2026-07-01T23:00:57.577552,2,3,86.25,0.1,86.2,500,86.1,825,,,,,,,,,,,,,,,,,86.3,625,86.5,7,86.8,500,,,,,,,,,,,,,,
2026-07-01T13:00:57.660089+00:00,2026-07-01T23:00:57.654089,2,3,86.25,0.1,86.2,500,86.1,200,,,,,,,,,,,,,,,,,86.3,625,86.5,7,86.8,500,,,,,,,,,,,,,,
2026-07-01T13:00:57.671090+00:00,2026-07-01T23:00:57.667090,2,3,86.25,0.1,86.2,500,86.1,200,,,,,,,,,,,,,,,,,86.3,200,86.5,7,86.8,500,,,,,,,,,,,,,,
2026-07-01T13:00:57.692696+00:00,2026-07-01T23:00:57.690696,2,3,86.25,0.1,86.2,1125,86.1,200,,,,,,,,,,,,,,,,,86.3,200,86.5,7,86.8,500,,,,,,,,,,,,,,
2026-07-01T13:00:57.703696+00:00,2026-07-01T23:00:57.702696,2,4,86.25,0.1,86.2,1125,86.1,200,,,,,,,,,,,,,,,,,86.3,200,86.4,625,86.5,7,86.8,500,,,,,,,,,,,,
2026-07-01T13:00:57.889487+00:00,2026-07-01T23:00:57.887487,2,4,86.25,0.1,86.2,1125,86.1,200,,,,,,,,,,,,,,,,,86.3,200,86.4,625,86.5,5,86.8,500,,,,,,,,,,,,
2026-07-01T13:00:58.164669+00:00,2026-07-01T23:00:58.156669,2,4,86.25,0.1,86.2,625,86.1,200,,,,,,,,,,,,,,,,,86.3,200,86.4,625,86.5,5,86.8,500,,,,,,,,,,,,
2026-07-01T13:00:58.175669+00:00,2026-07-01T23:00:58.174670,2,3,86.25,0.1,86.2,1125,86.1,200,,,,,,,,,,,,,,,,,86.3,200,86.4,625,86.5,5,,,,,,,,,,,,,,
2026-07-01T13:00:58.187094+00:00,2026-07-01T23:00:58.179669,2,4,86.25,0.1,86.2,1125,86.1,200,,,,,,,,,,,,,,,,,86.3,200,86.4,625,86.5,5,86.7,500,,,,,,,,,,,,
2026-07-01T13:00:58.493180+00:00,2026-07-01T23:00:58.491181,1,4,86.25,0.1,86.2,1125,,,,,,,,,,,,,,,,,,,86.3,200,86.4,625,86.5,5,86.7,500,,,,,,,,,,,,
2026-07-01T13:00:58.504180+00:00,2026-07-01T23:00:58.499180,1,3,86.3,0.2,86.2,1125,,,,,,,,,,,,,,,,,,,86.4,625,86.5,5,86.7,500,,,,,,,,,,,,,,
2026-07-01T13:00:58.514694+00:00,2026-07-01T23:00:58.507694,2,4,86.25,0.1,86.2,1125,86.1,200,,,,,,,,,,,,,,,,,86.3,200,86.4,625,86.5,5,86.7,500,,,,,,,,,,,,
2026-07-01T13:00:58.680210+00:00,2026-07-01T23:00:58.676209,2,4,86.25,0.1,86.2,1130,86.1,200,,,,,,,,,,,,,,,,,86.3,200,86.4,625,86.5,5,86.7,500,,,,,,,,,,,,
2026-07-01T13:00:58.724346+00:00,2026-07-01T23:00:58.717345,2,4,86.25,0.1,86.2,630,86.1,200,,,,,,,,,,,,,,,,,86.3,200,86.4,625,86.5,5,86.7,500,,,,,,,,,,,,
2026-07-01T13:00:58.734862+00:00,2026-07-01T23:00:58.732863,2,3,86.25,0.1,86.2,1130,86.1,200,,,,,,,,,,,,,,,,,86.3,200,86.4,625,86.5,5,,,,,,,,,,,,,,
2026-07-01T13:00:58.745211+00:00,2026-07-01T23:00:58.739211,2,4,86.25,0.1,86.2,1130,86.1,200,,,,,,,,,,,,,,,,,86.3,200,86.4,625,86.5,5,86.7,500,,,,,,,,,,,,
2026-07-01T13:00:58.975785+00:00,2026-07-01T23:00:58.974785,3,2,86.4,0.2,86.3,425,86.2,505,86.1,200,,,,,,,,,,,,,,,86.5,630,86.7,500,,,,,,,,,,,,,,,,
2026-07-01T13:00:59.326337+00:00,2026-07-01T23:00:59.319756,3,2,86.4,0.2,86.3,425,86.2,5,86.1,200,,,,,,,,,,,,,,,86.5,630,86.7,500,,,,,,,,,,,,,,,,
2026-07-01T13:00:59.337403+00:00,2026-07-01T23:00:59.332337,3,1,86.4,0.2,86.3,425,86.2,5,86.1,200,,,,,,,,,,,,,,,86.5,630,,,,,,,,,,,,,,,,,,
2026-07-01T13:00:59.348401+00:00,2026-07-01T23:00:59.347401,3,2,86.4,0.2,86.3,425,86.2,505,86.1,200,,,,,,,,,,,,,,,86.5,630,86.7,500,,,,,,,,,,,,,,,,
2026-07-01T13:00:59.688339+00:00,2026-07-01T23:00:59.685339,2,2,86.4,0.2,86.3,425,86.2,505,,,,,,,,,,,,,,,,,86.5,630,86.7,500,,,,,,,,,,,,,,,,
2026-07-01T13:00:59.699339+00:00,2026-07-01T23:00:59.692338,3,2,86.4,0.2,86.3,225,86.2,505,86.1,200,,,,,,,,,,,,,,,86.5,630,86.7,500,,,,,,,,,,,,,,,,
2026-07-01T13:00:59.808353+00:00,2026-07-01T23:00:59.800353,3,2,86.4,0.2,86.3,215,86.2,505,86.1,200,,,,,,,,,,,,,,,86.5,630,86.7,500,,,,,,,,,,,,,,,,
2026-07-01T13:00:59.960415+00:00,2026-07-01T23:00:59.954415,3,2,86.4,0.2,86.3,215,86.2,5,86.1,200,,,,,,,,,,,,,,,86.5,630,86.7,500,,,,,,,,,,,,,,,,
2026-07-01T13:00:59.971415+00:00,2026-07-01T23:00:59.963415,3,1,86.4,0.2,86.3,215,86.2,5,86.1,200,,,,,,,,,,,,,,,86.5,630,,,,,,,,,,,,,,,,,,
2026-07-01T13:00:59.982416+00:00,2026-07-01T23:00:59.972415,3,1,86.4,0.2,86.3,215,86.2,505,86.1,200,,,,,,,,,,,,,,,86.5,630,,,,,,,,,,,,,,,,,,
2026-07-01T13:00:59.993417+00:00,2026-07-01T23:00:59.985416,3,2,86.4,0.2,86.3,215,86.2,505,86.1,200,,,,,,,,,,,,,,,86.5,630,86.7,500,,,,,,,,,,,,,,,,
2026-07-01T13:01:00.070592+00:00,2026-07-01T23:01:00.065591,3,2,86.4,0.2,86.3,215,86.2,504,86.1,200,,,,,,,,,,,,,,,86.5,630,86.7,500,,,,,,,,,,,,,,,,
2026-07-01T13:01:00.136810+00:00,2026-07-01T23:01:00.132810,3,2,86.4,0.2,86.3,215,86.2,503,86.1,200,,,,,,,,,,,,,,,86.5,630,86.7,500,,,,,,,,,,,,,,,,
2026-07-01T13:01:00.277858+00:00,2026-07-01T23:01:00.277342,2,2,86.35,0.3,86.2,503,86.1,200,,,,,,,,,,,,,,,,,86.5,630,86.7,500,,,,,,,,,,,,,,,,
2026-07-01T13:01:00.288857+00:00,2026-07-01T23:01:00.287857,3,2,86.35,0.3,86.2,503,86.1,200,86.0,625,,,,,,,,,,,,,,,86.5,5,86.7,500,,,,,,,,,,,,,,,,
2026-07-01T13:01:00.299858+00:00,2026-07-01T23:01:00.292857,2,3,86.15,0.1,86.1,200,86.0,625,,,,,,,,,,,,,,,,,86.2,122,86.5,5,86.7,500,,,,,,,,,,,,,,
2026-07-01T13:01:00.561937+00:00,2026-07-01T23:01:00.555937,2,2,86.15,0.1,86.1,200,86.0,625,,,,,,,,,,,,,,,,,86.2,122,86.5,5,,,,,,,,,,,,,,,,
2026-07-01T13:01:00.572937+00:00,2026-07-01T23:01:00.565937,3,1,86.35,0.3,86.2,378,86.1,200,86.0,625,,,,,,,,,,,,,,,86.5,5,,,,,,,,,,,,,,,,,,
2026-07-01T13:01:00.583281+00:00,2026-07-01T23:01:00.573939,3,2,86.35,0.3,86.2,378,86.1,200,86.0,625,,,,,,,,,,,,,,,86.5,5,86.7,500,,,,,,,,,,,,,,,,
2026-07-01T13:01:00.909918+00:00,2026-07-01T23:01:00.905918,2,2,86.35,0.3,86.2,178,86.0,825,,,,,,,,,,,,,,,,,86.5,5,86.7,500,,,,,,,,,,,,,,,,
2026-07-01T13:01:01.161129+00:00,2026-07-01T23:01:01.159129,1,2,86.25,0.5,86.0,825,,,,,,,,,,,,,,,,,,,86.5,5,86.7,500,,,,,,,,,,,,,,,,
2026-07-01T13:01:01.172130+00:00,2026-07-01T23:01:01.166129,1,1,86.25,0.5,86.0,825,,,,,,,,,,,,,,,,,,,86.5,5,,,,,,,,,,,,,,,,,,
2026-07-01T13:01:01.183129+00:00,2026-07-01T23:01:01.173129,2,1,86.35,0.3,86.2,500,86.0,825,,,,,,,,,,,,,,,,,86.5,5,,,,,,,,,,,,,,,,,,
2026-07-01T13:01:01.194130+00:00,2026-07-01T23:01:01.185130,2,2,86.35,0.3,86.2,500,86.0,825,,,,,,,,,,,,,,,,,86.5,5,86.7,500,,,,,,,,,,,,,,,,
2026-07-01T13:01:01.600581+00:00,2026-07-01T23:01:01.599580,3,2,86.4,0.2,86.3,625,86.2,500,86.0,200,,,,,,,,,,,,,,,86.5,5,86.7,500,,,,,,,,,,,,,,,,
2026-07-01T13:01:01.611582+00:00,2026-07-01T23:01:01.600581,3,2,86.4,0.2,86.3,625,86.2,500,86.0,200,,,,,,,,,,,,,,,86.5,630,86.7,500,,,,,,,,,,,,,,,,
2026-07-01T13:01:01.764341+00:00,2026-07-01T23:01:01.761341,2,2,86.4,0.2,86.3,625,86.0,200,,,,,,,,,,,,,,,,,86.5,630,86.7,500,,,,,,,,,,,,,,,,
2026-07-01T13:01:01.775341+00:00,2026-07-01T23:01:01.769342,2,1,86.4,0.2,86.3,625,86.0,200,,,,,,,,,,,,,,,,,86.5,630,,,,,,,,,,,,,,,,,,
2026-07-01T13:01:01.786462+00:00,2026-07-01T23:01:01.776341,3,1,86.4,0.2,86.3,625,86.2,500,86.0,200,,,,,,,,,,,,,,,86.5,630,,,,,,,,,,,,,,,,,,
2026-07-01T13:01:01.797609+00:00,2026-07-01T23:01:01.787461,3,2,86.4,0.2,86.3,625,86.2,500,86.0,200,,,,,,,,,,,,,,,86.5,630,86.8,500,,,,,,,,,,,,,,,,
2026-07-01T13:01:02.115290+00:00,2026-07-01T23:01:02.114289,2,2,86.4,0.2,86.3,625,86.2,500,,,,,,,,,,,,,,,,,86.5,630,86.8,500,,,,,,,,,,,,,,,,
2026-07-01T13:01:02.126289+00:00,2026-07-01T23:01:02.123290,3,2,86.4,0.2,86.3,425,86.2,500,86.0,200,,,,,,,,,,,,,,,86.5,630,86.8,500,,,,,,,,,,,,,,,,
2026-07-01T13:01:02.367363+00:00,2026-07-01T23:01:02.365007,2,2,86.4,0.2,86.3,425,86.0,200,,,,,,,,,,,,,,,,,86.5,630,86.8,500,,,,,,,,,,,,,,,,
2026-07-01T13:01:02.378361+00:00,2026-07-01T23:01:02.373361,2,1,86.4,0.2,86.3,425,86.0,200,,,,,,,,,,,,,,,,,86.5,630,,,,,,,,,,,,,,,,,,
2026-07-01T13:01:02.389361+00:00,2026-07-01T23:01:02.380361,3,1,86.4,0.2,86.3,425,86.1,500,86.0,200,,,,,,,,,,,,,,,86.5,630,,,,,,,,,,,,,,,,,,
2026-07-01T13:01:02.400361+00:00,2026-07-01T23:01:02.389361,3,2,86.4,0.2,86.3,425,86.1,500,86.0,200,,,,,,,,,,,,,,,86.5,630,86.7,500,,,,,,,,,,,,,,,,
2026-07-01T13:01:02.913915+00:00,2026-07-01T23:01:02.910915,3,2,86.4,0.2,86.3,625,86.1,500,86.0,200,,,,,,,,,,,,,,,86.5,5,86.7,500,,,,,,,,,,,,,,,,
2026-07-01T13:01:02.924914+00:00,2026-07-01T23:01:02.914915,3,2,86.4,0.2,86.3,625,86.1,500,86.0,200,,,,,,,,,,,,,,,86.5,630,86.7,500,,,,,,,,,,,,,,,,
2026-07-01T13:01:02.968012+00:00,2026-07-01T23:01:02.965998,2,2,86.4,0.2,86.3,625,86.0,200,,,,,,,,,,,,,,,,,86.5,630,86.7,500,,,,,,,,,,,,,,,,
2026-07-01T13:01:02.979012+00:00,2026-07-01T23:01:02.974011,2,1,86.4,0.2,86.3,625,86.0,200,,,,,,,,,,,,,,,,,86.5,630,,,,,,,,,,,,,,,,,,
2026-07-01T13:01:02.990011+00:00,2026-07-01T23:01:02.988010,3,2,86.4,0.2,86.3,625,86.2,500,86.0,200,,,,,,,,,,,,,,,86.5,630,86.7,500,,,,,,,,,,,,,,,,
2026-07-01T13:01:03.208643+00:00,2026-07-01T23:01:03.206643,3,2,86.4,0.2,86.3,605,86.2,500,86.0,200,,,,,,,,,,,,,,,86.5,630,86.7,500,,,,,,,,,,,,,,,,
2026-07-01T13:01:03.329616+00:00,2026-07-01T23:01:03.328616,2,2,86.4,0.2,86.3,805,86.2,500,,,,,,,,,,,,,,,,,86.5,830,86.7,500,,,,,,,,,,,,,,,,
2026-07-01T13:01:03.373616+00:00,2026-07-01T23:01:03.367617,2,2,86.4,0.2,86.3,805,86.2,502,,,,,,,,,,,,,,,,,86.5,830,86.7,500,,,,,,,,,,,,,,,,
2026-07-01T13:01:03.571200+00:00,2026-07-01T23:01:03.570200,2,2,86.4,0.2,86.3,805,86.2,2,,,,,,,,,,,,,,,,,86.5,830,86.7,500,,,,,,,,,,,,,,,,
2026-07-01T13:01:03.582200+00:00,2026-07-01T23:01:03.576201,2,1,86.4,0.2,86.3,805,86.2,2,,,,,,,,,,,,,,,,,86.5,830,,,,,,,,,,,,,,,,,,
2026-07-01T13:01:03.593720+00:00,2026-07-01T23:01:03.591719,2,2,86.4,0.2,86.3,805,86.2,502,,,,,,,,,,,,,,,,,86.5,830,86.7,500,,,,,,,,,,,,,,,,
2026-07-01T13:01:04.183711+00:00,2026-07-01T23:01:04.181710,2,1,86.4,0.2,86.3,805,86.2,2,,,,,,,,,,,,,,,,,86.5,830,,,,,,,,,,,,,,,,,,
2026-07-01T13:01:04.194711+00:00,2026-07-01T23:01:04.188711,2,1,86.4,0.2,86.3,805,86.2,502,,,,,,,,,,,,,,,,,86.5,830,,,,,,,,,,,,,,,,,,
2026-07-01T13:01:04.205710+00:00,2026-07-01T23:01:04.197711,2,2,86.4,0.2,86.3,805,86.2,502,,,,,,,,,,,,,,,,,86.5,830,86.7,500,,,,,,,,,,,,,,,,
2026-07-01T13:01:04.227906+00:00,2026-07-01T23:01:04.218515,2,2,86.4,0.2,86.3,200,86.2,502,,,,,,,,,,,,,,,,,86.5,830,86.7,500,,,,,,,,,,,,,,,,
2026-07-01T13:01:04.238904+00:00,2026-07-01T23:01:04.229904,3,3,86.45,0.1,86.4,625,86.3,200,86.2,502,,,,,,,,,,,,,,,86.5,205,86.6,625,86.7,500,,,,,,,,,,,,,,
2026-07-01T13:01:04.534483+00:00,2026-07-01T23:01:04.532483,2,3,86.45,0.1,86.4,625,86.2,502,,,,,,,,,,,,,,,,,86.5,5,86.6,625,86.7,500,,,,,,,,,,,,,,
2026-07-01T13:01:04.545483+00:00,2026-07-01T23:01:04.538483,3,2,86.55,0.1,86.5,195,86.4,625,86.2,502,,,,,,,,,,,,,,,86.6,625,86.7,700,,,,,,,,,,,,,,,,
2026-07-01T13:01:04.775310+00:00,2026-07-01T23:01:04.774309,3,2,86.55,0.1,86.5,195,86.4,625,86.2,2,,,,,,,,,,,,,,,86.6,625,86.7,700,,,,,,,,,,,,,,,,
2026-07-01T13:01:04.786346+00:00,2026-07-01T23:01:04.783346,3,2,86.55,0.1,86.5,195,86.4,625,86.2,2,,,,,,,,,,,,,,,86.6,625,86.7,200,,,,,,,,,,,,,,,,
2026-07-01T13:01:04.797304+00:00,2026-07-01T23:01:04.794346,3,2,86.55,0.1,86.5,195,86.4,625,86.2,502,,,,,,,,,,,,,,,86.6,625,86.7,200,,,,,,,,,,,,,,,,
2026-07-01T13:01:04.807821+00:00,2026-07-01T23:01:04.802304,3,2,86.55,0.1,86.5,195,86.4,625,86.2,502,,,,,,,,,,,,,,,86.6,625,86.7,700,,,,,,,,,,,,,,,,
2026-07-01T13:01:05.144741+00:00,2026-07-01T23:01:05.138741,3,2,86.55,0.1,86.5,195,86.4,625,86.2,502,,,,,,,,,,,,,,,86.6,632,86.7,700,,,,,,,,,,,,,,,,
2026-07-01T13:01:05.385547+00:00,2026-07-01T23:01:05.376547,3,2,86.55,0.1,86.5,195,86.4,625,86.2,2,,,,,,,,,,,,,,,86.6,632,86.7,700,,,,,,,,,,,,,,,,
2026-07-01T13:01:05.396453+00:00,2026-07-01T23:01:05.395453,3,2,86.55,0.1,86.5,195,86.4,625,86.2,502,,,,,,,,,,,,,,,86.6,632,86.7,200,,,,,,,,,,,,,,,,
2026-07-01T13:01:05.407164+00:00,2026-07-01T23:01:05.406453,3,2,86.55,0.1,86.5,195,86.4,625,86.2,502,,,,,,,,,,,,,,,86.6,632,86.7,700,,,,,,,,,,,,,,,,
2026-07-01T13:01:05.537534+00:00,2026-07-01T23:01:05.536616,3,2,86.55,0.1,86.5,195,86.4,625,86.2,502,,,,,,,,,,,,,,,86.6,632,86.7,700,,,,,,,,,,,,,,,,
2026-07-01T13:01:05.743086+00:00,2026-07-01T23:01:05.742085,2,2,86.5,0.2,86.4,625,86.2,502,,,,,,,,,,,,,,,,,86.6,632,86.7,700,,,,,,,,,,,,,,,,
2026-07-01T13:01:05.754086+00:00,2026-07-01T23:01:05.745085,2,2,86.5,0.2,86.4,625,86.2,502,,,,,,,,,,,,,,,,,86.6,632,86.7,500,,,,,,,,,,,,,,,,
2026-07-01T13:01:05.765085+00:00,2026-07-01T23:01:05.756086,2,3,86.5,0.2,86.4,625,86.2,502,,,,,,,,,,,,,,,,,86.6,432,86.7,500,86.8,200,,,,,,,,,,,,,,
2026-07-01T13:01:05.864181+00:00,2026-07-01T23:01:05.861181,2,3,86.5,0.2,86.4,625,86.2,502,,,,,,,,,,,,,,,,,86.6,422,86.7,500,86.8,200,,,,,,,,,,,,,,
2026-07-01T13:01:05.885697+00:00,2026-07-01T23:01:05.881697,2,3,86.5,0.2,86.4,625,86.2,502,,,,,,,,,,,,,,,,,86.6,429,86.7,500,86.8,200,,,,,,,,,,,,,,
2026-07-01T13:01:06.015118+00:00,2026-07-01T23:01:06.008119,2,3,86.5,0.2,86.4,625,86.2,2,,,,,,,,,,,,,,,,,86.6,429,86.7,500,86.8,200,,,,,,,,,,,,,,
2026-07-01T13:01:06.025636+00:00,2026-07-01T23:01:06.024636,2,2,86.5,0.2,86.4,625,86.2,502,,,,,,,,,,,,,,,,,86.6,429,86.8,200,,,,,,,,,,,,,,,,
2026-07-01T13:01:06.036732+00:00,2026-07-01T23:01:06.031732,2,3,86.5,0.2,86.4,625,86.2,502,,,,,,,,,,,,,,,,,86.6,429,86.7,500,86.8,200,,,,,,,,,,,,,,
2026-07-01T13:01:06.616725+00:00,2026-07-01T23:01:06.611625,2,3,86.5,0.2,86.4,625,86.2,2,,,,,,,,,,,,,,,,,86.6,429,86.7,500,86.8,200,,,,,,,,,,,,,,
2026-07-01T13:01:06.628207+00:00,2026-07-01T23:01:06.619721,2,2,86.5,0.2,86.4,625,86.2,2,,,,,,,,,,,,,,,,,86.6,429,86.8,200,,,,,,,,,,,,,,,,
2026-07-01T13:01:06.639206+00:00,2026-07-01T23:01:06.638206,3,3,86.5,0.2,86.4,625,86.2,2,86.1,500,,,,,,,,,,,,,,,86.6,429,86.7,500,86.8,200,,,,,,,,,,,,,,
2026-07-01T13:01:06.803204+00:00,2026-07-01T23:01:06.798204,3,3,86.5,0.2,86.4,625,86.2,2,86.1,500,,,,,,,,,,,,,,,86.6,428,86.7,500,86.8,200,,,,,,,,,,,,,,
2026-07-01T13:01:06.845953+00:00,2026-07-01T23:01:06.844954,2,3,86.4,0.4,86.2,2,86.1,500,,,,,,,,,,,,,,,,,86.6,428,86.7,500,86.8,200,,,,,,,,,,,,,,
2026-07-01T13:01:06.857100+00:00,2026-07-01T23:01:06.850099,3,3,86.55,0.1,86.5,625,86.2,2,86.1,500,,,,,,,,,,,,,,,86.6,6,86.7,1125,86.8,200,,,,,,,,,,,,,,
2026-07-01T13:01:06.966745+00:00,2026-07-01T23:01:06.962744,3,2,86.55,0.1,86.5,825,86.2,2,86.1,500,,,,,,,,,,,,,,,86.6,206,86.7,1125,,,,,,,,,,,,,,,,
2026-07-01T13:01:07.218330+00:00,2026-07-01T23:01:07.215277,2,2,86.55,0.1,86.5,825,86.2,2,,,,,,,,,,,,,,,,,86.6,206,86.7,1125,,,,,,,,,,,,,,,,
2026-07-01T13:01:07.229281+00:00,2026-07-01T23:01:07.220281,2,2,86.55,0.1,86.5,825,86.2,2,,,,,,,,,,,,,,,,,86.6,206,86.7,625,,,,,,,,,,,,,,,,
2026-07-01T13:01:07.240281+00:00,2026-07-01T23:01:07.233281,2,2,86.55,0.1,86.5,825,86.2,502,,,,,,,,,,,,,,,,,86.6,206,86.7,1125,,,,,,,,,,,,,,,,
2026-07-01T13:01:07.830876+00:00,2026-07-01T23:01:07.820875,2,2,86.55,0.1,86.5,825,86.2,2,,,,,,,,,,,,,,,,,86.6,206,86.7,1125,,,,,,,,,,,,,,,,
2026-07-01T13:01:07.841875+00:00,2026-07-01T23:01:07.838874,2,2,86.55,0.1,86.5,825,86.2,502,,,,,,,,,,,,,,,,,86.6,206,86.7,625,,,,,,,,,,,,,,,,
2026-07-01T13:01:07.852356+00:00,2026-07-01T23:01:07.848390,2,2,86.55,0.1,86.5,825,86.2,502,,,,,,,,,,,,,,,,,86.6,206,86.7,1125,,,,,,,,,,,,,,,,
2026-07-01T13:01:08.157497+00:00,2026-07-01T23:01:08.156498,2,2,86.55,0.1,86.5,825,86.2,502,,,,,,,,,,,,,,,,,86.6,206,86.7,1125,,,,,,,,,,,,,,,,
2026-07-01T13:01:08.168176+00:00,2026-07-01T23:01:08.165498,2,2,86.55,0.1,86.5,625,86.2,502,,,,,,,,,,,,,,,,,86.6,206,86.7,1125,,,,,,,,,,,,,,,,
2026-07-01T13:01:08.178711+00:00,2026-07-01T23:01:08.175174,3,2,86.65,0.1,86.6,194,86.5,625,86.2,502,,,,,,,,,,,,,,,86.7,1125,86.8,200,,,,,,,,,,,,,,,,
2026-07-01T13:01:08.200208+00:00,2026-07-01T23:01:08.192692,3,2,86.65,0.1,86.6,190,86.5,625,86.2,502,,,,,,,,,,,,,,,86.7,1125,86.8,200,,,,,,,,,,,,,,,,
2026-07-01T13:01:08.429706+00:00,2026-07-01T23:01:08.427706,3,2,86.65,0.1,86.6,190,86.5,625,86.2,2,,,,,,,,,,,,,,,86.7,625,86.8,200,,,,,,,,,,,,,,,,
2026-07-01T13:01:08.440706+00:00,2026-07-01T23:01:08.434705,3,2,86.65,0.1,86.6,190,86.5,625,86.2,502,,,,,,,,,,,,,,,86.7,625,86.8,200,,,,,,,,,,,,,,,,
2026-07-01T13:01:08.451621+00:00,2026-07-01T23:01:08.443705,3,2,86.65,0.1,86.6,190,86.5,625,86.2,502,,,,,,,,,,,,,,,86.7,1125,86.8,200,,,,,,,,,,,,,,,,
2026-07-01T13:01:08.996364+00:00,2026-07-01T23:01:08.986366,3,2,86.65,0.1,86.6,190,86.5,625,86.2,502,,,,,,,,,,,,,,,86.7,1131,86.8,200,,,,,,,,,,,,,,,,
2026-07-01T13:01:09.028880+00:00,2026-07-01T23:01:09.025365,3,2,86.65,0.1,86.6,190,86.5,625,86.2,2,,,,,,,,,,,,,,,86.7,1131,86.8,200,,,,,,,,,,,,,,,,
2026-07-01T13:01:09.039881+00:00,2026-07-01T23:01:09.032880,3,2,86.65,0.1,86.6,190,86.5,625,86.2,2,,,,,,,,,,,,,,,86.7,631,86.8,200,,,,,,,,,,,,,,,,
2026-07-01T13:01:09.050397+00:00,2026-07-01T23:01:09.046880,4,2,86.65,0.1,86.6,190,86.5,625,86.2,2,86.1,500,,,,,,,,,,,,,86.7,1131,86.8,200,,,,,,,,,,,,,,,,
2026-07-01T13:01:09.377674+00:00,2026-07-01T23:01:09.377674,3,2,86.6,0.2,86.5,625,86.2,2,86.1,500,,,,,,,,,,,,,,,86.7,1131,86.8,200,,,,,,,,,,,,,,,,
2026-07-01T13:01:09.388392+00:00,2026-07-01T23:01:09.386674,3,1,86.6,0.2,86.5,825,86.2,2,86.1,500,,,,,,,,,,,,,,,86.7,1331,,,,,,,,,,,,,,,,,,
2026-07-01T13:01:09.476414+00:00,2026-07-01T23:01:09.474413,3,1,86.6,0.2,86.5,825,86.2,2,86.1,500,,,,,,,,,,,,,,,86.7,1331,,,,,,,,,,,,,,,,,,
2026-07-01T13:01:09.629019+00:00,2026-07-01T23:01:09.626019,2,1,86.6,0.2,86.5,825,86.2,2,,,,,,,,,,,,,,,,,86.7,1331,,,,,,,,,,,,,,,,,,
2026-07-01T13:01:09.640018+00:00,2026-07-01T23:01:09.634019,2,1,86.6,0.2,86.5,825,86.2,2,,,,,,,,,,,,,,,,,86.7,831,,,,,,,,,,,,,,,,,,
2026-07-01T13:01:09.650538+00:00,2026-07-01T23:01:09.648565,2,1,86.6,0.2,86.5,825,86.2,502,,,,,,,,,,,,,,,,,86.7,1331,,,,,,,,,,,,,,,,,,
2026-07-01T13:01:10.229655+00:00,2026-07-01T23:01:10.227655,2,1,86.6,0.2,86.5,825,86.2,2,,,,,,,,,,,,,,,,,86.7,1330,,,,,,,,,,,,,,,,,,
2026-07-01T13:01:10.251659+00:00,2026-07-01T23:01:10.246654,2,1,86.6,0.2,86.5,825,86.2,502,,,,,,,,,,,,,,,,,86.7,830,,,,,,,,,,,,,,,,,,
2026-07-01T13:01:10.262659+00:00,2026-07-01T23:01:10.251659,2,1,86.6,0.2,86.5,825,86.2,502,,,,,,,,,,,,,,,,,86.7,1330,,,,,,,,,,,,,,,,,,
2026-07-01T13:01:10.590695+00:00,2026-07-01T23:01:10.589695,2,1,86.6,0.2,86.5,625,86.2,502,,,,,,,,,,,,,,,,,86.7,1330,,,,,,,,,,,,,,,,,,
2026-07-01T13:01:10.601695+00:00,2026-07-01T23:01:10.599696,2,1,86.6,0.2,86.5,625,86.2,502,,,,,,,,,,,,,,,,,86.7,930,,,,,,,,,,,,,,,,,,
2026-07-01T13:01:10.612695+00:00,2026-07-01T23:01:10.601695,2,2,86.6,0.2,86.5,625,86.2,502,,,,,,,,,,,,,,,,,86.7,930,86.9,200,,,,,,,,,,,,,,,,
2026-07-01T13:01:10.656210+00:00,2026-07-01T23:01:10.652211,2,2,86.6,0.2,86.5,625,86.2,500,,,,,,,,,,,,,,,,,86.7,930,86.9,200,,,,,,,,,,,,,,,,
2026-07-01T13:01:10.787234+00:00,2026-07-01T23:01:10.786234,2,2,86.6,0.2,86.5,625,86.2,500,,,,,,,,,,,,,,,,,86.7,500,86.9,200,,,,,,,,,,,,,,,,
2026-07-01T13:01:10.798724+00:00,2026-07-01T23:01:10.787234,2,2,86.6,0.2,86.5,625,86.2,500,,,,,,,,,,,,,,,,,86.7,1125,86.9,200,,,,,,,,,,,,,,,,
2026-07-01T13:01:10.831722+00:00,2026-07-01T23:01:10.829721,1,2,86.6,0.2,86.5,625,,,,,,,,,,,,,,,,,,,86.7,1125,86.9,200,,,,,,,,,,,,,,,,
2026-07-01T13:01:10.842722+00:00,2026-07-01T23:01:10.839722,1,2,86.6,0.2,86.5,625,,,,,,,,,,,,,,,,,,,86.7,625,86.9,200,,,,,,,,,,,,,,,,
2026-07-01T13:01:10.853729+00:00,2026-07-01T23:01:10.846722,2,2,86.6,0.2,86.5,625,86.2,500,,,,,,,,,,,,,,,,,86.7,625,86.9,200,,,,,,,,,,,,,,,,
2026-07-01T13:01:10.864728+00:00,2026-07-01T23:01:10.856728,2,2,86.6,0.2,86.5,625,86.2,500,,,,,,,,,,,,,,,,,86.7,1125,86.9,200,,,,,,,,,,,,,,,,
2026-07-01T13:01:11.017265+00:00,2026-07-01T23:01:11.016265,3,2,86.6,0.2,86.5,625,86.4,7,86.2,500,,,,,,,,,,,,,,,86.7,1131,86.9,200,,,,,,,,,,,,,,,,
2026-07-01T13:01:11.433796+00:00,2026-07-01T23:01:11.431796,2,2,86.6,0.2,86.5,625,86.4,7,,,,,,,,,,,,,,,,,86.7,1131,86.9,200,,,,,,,,,,,,,,,,
2026-07-01T13:01:11.444796+00:00,2026-07-01T23:01:11.438796,2,2,86.6,0.2,86.5,625,86.4,7,,,,,,,,,,,,,,,,,86.7,631,86.9,200,,,,,,,,,,,,,,,,
2026-07-01T13:01:11.466806+00:00,2026-07-01T23:01:11.457805,3,2,86.6,0.2,86.5,625,86.4,7,86.2,500,,,,,,,,,,,,,,,86.7,1131,86.9,200,,,,,,,,,,,,,,,,
2026-07-01T13:01:11.807367+00:00,2026-07-01T23:01:11.803367,3,2,86.6,0.2,86.5,625,86.4,7,86.2,500,,,,,,,,,,,,,,,86.7,1129,86.9,200,,,,,,,,,,,,,,,,
2026-07-01T13:01:11.818438+00:00,2026-07-01T23:01:11.814367,4,1,86.65,0.1,86.6,200,86.5,625,86.4,7,86.2,500,,,,,,,,,,,,,86.7,1329,,,,,,,,,,,,,,,,,,
2026-07-01T13:01:12.069882+00:00,2026-07-01T23:01:12.068882,3,1,86.65,0.1,86.6,200,86.5,625,86.4,7,,,,,,,,,,,,,,,86.7,829,,,,,,,,,,,,,,,,,,
2026-07-01T13:01:12.080882+00:00,2026-07-01T23:01:12.076881,4,1,86.65,0.1,86.6,200,86.5,625,86.4,7,86.1,500,,,,,,,,,,,,,86.7,829,,,,,,,,,,,,,,,,,,
2026-07-01T13:01:12.091194+00:00,2026-07-01T23:01:12.082197,4,1,86.65,0.1,86.6,200,86.5,625,86.4,7,86.1,500,,,,,,,,,,,,,86.7,1329,,,,,,,,,,,,,,,,,,
2026-07-01T13:01:12.102194+00:00,2026-07-01T23:01:12.100194,4,1,86.65,0.1,86.6,200,86.5,625,86.4,7,86.1,500,,,,,,,,,,,,,86.7,704,,,,,,,,,,,,,,,,,,
2026-07-01T13:01:12.113194+00:00,2026-07-01T23:01:12.103194,4,1,86.65,0.1,86.6,200,86.5,625,86.4,7,86.1,500,,,,,,,,,,,,,86.7,1329,,,,,,,,,,,,,,,,,,
2026-07-01T13:01:12.668174+00:00,2026-07-01T23:01:12.664174,3,1,86.65,0.1,86.6,200,86.5,625,86.4,7,,,,,,,,,,,,,,,86.7,1329,,,,,,,,,,,,,,,,,,
2026-07-01T13:01:12.679182+00:00,2026-07-01T23:01:12.673174,3,1,86.65,0.1,86.6,200,86.5,625,86.4,7,,,,,,,,,,,,,,,86.7,829,,,,,,,,,,,,,,,,,,
2026-07-01T13:01:12.690174+00:00,2026-07-01T23:01:12.690174,4,1,86.65,0.1,86.6,200,86.5,625,86.4,7,86.2,500,,,,,,,,,,,,,86.7,1329,,,,,,,,,,,,,,,,,,
2026-07-01T13:01:13.017793+00:00,2026-07-01T23:01:13.016791,3,1,86.6,0.2,86.5,625,86.4,7,86.2,500,,,,,,,,,,,,,,,86.7,1329,,,,,,,,,,,,,,,,,,
