recv_time,book_timestamp,n_bids,n_asks,mid,spread,bid_px_0,bid_vol_0,bid_px_1,bid_vol_1,bid_px_2,bid_vol_2,bid_px_3,bid_vol_3,bid_px_4,bid_vol_4,bid_px_5,bid_vol_5,bid_px_6,bid_vol_6,bid_px_7,bid_vol_7,bid_px_8,bid_vol_8,bid_px_9,bid_vol_9,ask_px_0,ask_vol_0,ask_px_1,ask_vol_1,ask_px_2,ask_vol_2,ask_px_3,ask_vol_3,ask_px_4,ask_vol_4,ask_px_5,ask_vol_5,ask_px_6,ask_vol_6,ask_px_7,ask_vol_7,ask_px_8,ask_vol_8,ask_px_9,ask_vol_9
2026-06-30T18:15:01.083436+00:00,2026-07-01T04:15:00.975436,2,3,71.05,0.1,71.0,625,70.9,700,,,,,,,,,,,,,,,,,71.1,200,71.2,625,71.4,500,,,,,,,,,,,,,,
2026-06-30T18:15:01.514332+00:00,2026-07-01T04:15:01.507332,2,3,71.05,0.1,71.0,625,70.9,700,,,,,,,,,,,,,,,,,71.1,200,71.2,625,71.4,500,,,,,,,,,,,,,,
2026-06-30T18:15:01.525332+00:00,2026-07-01T04:15:01.522332,3,3,71.15,0.1,71.1,200,71.0,625,70.9,500,,,,,,,,,,,,,,,71.2,625,71.3,200,71.4,500,,,,,,,,,,,,,,
2026-06-30T18:15:01.645435+00:00,2026-07-01T04:15:01.637435,3,3,71.15,0.1,71.1,190,71.0,625,70.9,500,,,,,,,,,,,,,,,71.2,625,71.3,200,71.4,500,,,,,,,,,,,,,,
2026-06-30T18:15:01.678576+00:00,2026-07-01T04:15:01.676058,1,3,71.0,0.2,70.9,1125,,,,,,,,,,,,,,,,,,,71.1,435,71.3,200,71.4,500,,,,,,,,,,,,,,
2026-06-30T18:15:01.700575+00:00,2026-07-01T04:15:01.696574,1,3,71.0,0.2,70.9,1120,,,,,,,,,,,,,,,,,,,71.1,435,71.3,200,71.4,500,,,,,,,,,,,,,,
2026-06-30T18:15:01.809061+00:00,2026-07-01T04:15:01.807060,1,3,71.0,0.2,70.9,1115,,,,,,,,,,,,,,,,,,,71.1,435,71.3,200,71.4,500,,,,,,,,,,,,,,
2026-06-30T18:15:02.083264+00:00,2026-07-01T04:15:02.078265,1,3,71.0,0.2,70.9,625,,,,,,,,,,,,,,,,,,,71.1,435,71.3,200,71.4,500,,,,,,,,,,,,,,
2026-06-30T18:15:02.094265+00:00,2026-07-01T04:15:02.092265,1,2,71.0,0.2,70.9,1125,,,,,,,,,,,,,,,,,,,71.1,435,71.3,200,,,,,,,,,,,,,,,,
2026-06-30T18:15:02.105264+00:00,2026-07-01T04:15:02.099265,1,3,71.0,0.2,70.9,1125,,,,,,,,,,,,,,,,,,,71.1,435,71.3,200,71.4,500,,,,,,,,,,,,,,
2026-06-30T18:15:02.683945+00:00,2026-07-01T04:15:02.680945,1,3,71.0,0.2,70.9,625,,,,,,,,,,,,,,,,,,,71.1,435,71.3,200,71.4,500,,,,,,,,,,,,,,
2026-06-30T18:15:02.694945+00:00,2026-07-01T04:15:02.688946,1,2,71.0,0.2,70.9,625,,,,,,,,,,,,,,,,,,,71.1,435,71.3,200,,,,,,,,,,,,,,,,
2026-06-30T18:15:02.705460+00:00,2026-07-01T04:15:02.696465,1,2,71.0,0.2,70.9,1125,,,,,,,,,,,,,,,,,,,71.1,435,71.3,200,,,,,,,,,,,,,,,,
2026-06-30T18:15:02.715769+00:00,2026-07-01T04:15:02.708770,1,2,71.0,0.2,70.9,1125,,,,,,,,,,,,,,,,,,,71.1,435,71.3,700,,,,,,,,,,,,,,,,
2026-06-30T18:15:02.726769+00:00,2026-07-01T04:15:02.725769,1,2,71.0,0.2,70.9,1125,,,,,,,,,,,,,,,,,,,71.1,435,71.3,500,,,,,,,,,,,,,,,,
2026-06-30T18:15:02.737832+00:00,2026-07-01T04:15:02.731769,2,3,71.05,0.1,71.0,200,70.9,1125,,,,,,,,,,,,,,,,,71.1,435,71.2,200,71.3,500,,,,,,,,,,,,,,
2026-06-30T18:15:02.792347+00:00,2026-07-01T04:15:02.790348,2,3,71.05,0.1,71.0,190,70.9,1125,,,,,,,,,,,,,,,,,71.1,435,71.2,200,71.3,500,,,,,,,,,,,,,,
2026-06-30T18:15:02.988129+00:00,2026-07-01T04:15:02.985180,3,2,71.15,0.1,71.1,625,71.0,190,70.9,500,,,,,,,,,,,,,,,71.2,200,71.3,1125,,,,,,,,,,,,,,,,
2026-06-30T18:15:03.009641+00:00,2026-07-01T04:15:03.000641,3,2,71.15,0.1,71.1,615,71.0,190,70.9,500,,,,,,,,,,,,,,,71.2,200,71.3,1125,,,,,,,,,,,,,,,,
2026-06-30T18:15:03.294511+00:00,2026-07-01T04:15:03.287513,2,2,71.15,0.1,71.1,615,71.0,190,,,,,,,,,,,,,,,,,71.2,200,71.3,1125,,,,,,,,,,,,,,,,
2026-06-30T18:15:03.305511+00:00,2026-07-01T04:15:03.299512,2,2,71.15,0.1,71.1,615,71.0,190,,,,,,,,,,,,,,,,,71.2,200,71.3,625,,,,,,,,,,,,,,,,
2026-06-30T18:15:03.316512+00:00,2026-07-01T04:15:03.307512,3,3,71.15,0.1,71.1,615,71.0,190,70.9,500,,,,,,,,,,,,,,,71.2,200,71.3,625,71.4,500,,,,,,,,,,,,,,
2026-06-30T18:15:03.480192+00:00,2026-07-01T04:15:03.469192,3,3,71.15,0.1,71.1,615,71.0,190,70.9,500,,,,,,,,,,,,,,,71.2,175,71.3,625,71.4,500,,,,,,,,,,,,,,
2026-06-30T18:15:03.888120+00:00,2026-07-01T04:15:03.886483,2,3,71.15,0.1,71.1,615,71.0,190,,,,,,,,,,,,,,,,,71.2,175,71.3,625,71.4,500,,,,,,,,,,,,,,
2026-06-30T18:15:03.899116+00:00,2026-07-01T04:15:03.897117,2,2,71.15,0.1,71.1,615,71.0,190,,,,,,,,,,,,,,,,,71.2,175,71.3,625,,,,,,,,,,,,,,,,
2026-06-30T18:15:03.910116+00:00,2026-07-01T04:15:03.904116,3,2,71.15,0.1,71.1,615,71.0,190,70.9,500,,,,,,,,,,,,,,,71.2,175,71.3,625,,,,,,,,,,,,,,,,
2026-06-30T18:15:03.921118+00:00,2026-07-01T04:15:03.911118,3,2,71.15,0.1,71.1,615,71.0,190,70.9,500,,,,,,,,,,,,,,,71.2,175,71.3,1125,,,,,,,,,,,,,,,,
2026-06-30T18:15:03.943117+00:00,2026-07-01T04:15:03.940116,3,1,71.2,0.2,71.1,615,71.0,200,70.9,500,,,,,,,,,,,,,,,71.3,1125,,,,,,,,,,,,,,,,,,
2026-06-30T18:15:03.954117+00:00,2026-07-01T04:15:03.944117,3,1,71.2,0.2,71.1,415,71.0,200,70.9,500,,,,,,,,,,,,,,,71.3,1125,,,,,,,,,,,,,,,,,,
2026-06-30T18:15:04.293961+00:00,2026-07-01T04:15:04.293445,2,2,71.05,0.1,71.0,200,70.9,1125,,,,,,,,,,,,,,,,,71.1,625,71.3,500,,,,,,,,,,,,,,,,
2026-06-30T18:15:04.498359+00:00,2026-07-01T04:15:04.497361,2,1,71.05,0.1,71.0,200,70.9,625,,,,,,,,,,,,,,,,,71.1,625,,,,,,,,,,,,,,,,,,
2026-06-30T18:15:04.509136+00:00,2026-07-01T04:15:04.505135,2,1,71.05,0.1,71.0,200,70.9,1125,,,,,,,,,,,,,,,,,71.1,625,,,,,,,,,,,,,,,,,,
2026-06-30T18:15:04.520137+00:00,2026-07-01T04:15:04.512135,2,2,71.05,0.1,71.0,200,70.9,1125,,,,,,,,,,,,,,,,,71.1,625,71.4,500,,,,,,,,,,,,,,,,
2026-06-30T18:15:05.101943+00:00,2026-07-01T04:15:05.095943,2,2,71.05,0.1,71.0,200,70.9,625,,,,,,,,,,,,,,,,,71.1,625,71.4,500,,,,,,,,,,,,,,,,
2026-06-30T18:15:05.112943+00:00,2026-07-01T04:15:05.109942,2,1,71.05,0.1,71.0,200,70.9,1125,,,,,,,,,,,,,,,,,71.1,625,,,,,,,,,,,,,,,,,,
2026-06-30T18:15:05.123943+00:00,2026-07-01T04:15:05.116944,2,2,71.05,0.1,71.0,200,70.9,1125,,,,,,,,,,,,,,,,,71.1,625,71.4,500,,,,,,,,,,,,,,,,
2026-06-30T18:15:05.156942+00:00,2026-07-01T04:15:05.155943,2,2,71.05,0.1,71.0,200,70.9,1125,,,,,,,,,,,,,,,,,71.1,825,71.4,500,,,,,,,,,,,,,,,,
2026-06-30T18:15:05.615378+00:00,2026-07-01T04:15:05.604377,2,2,71.05,0.1,71.0,200,70.9,1125,,,,,,,,,,,,,,,,,71.1,825,71.4,500,,,,,,,,,,,,,,,,
2026-06-30T18:15:05.703392+00:00,2026-07-01T04:15:05.695391,2,2,71.05,0.1,71.0,200,70.9,625,,,,,,,,,,,,,,,,,71.1,825,71.4,500,,,,,,,,,,,,,,,,
2026-06-30T18:15:05.714391+00:00,2026-07-01T04:15:05.709392,2,1,71.05,0.1,71.0,200,70.9,1125,,,,,,,,,,,,,,,,,71.1,825,,,,,,,,,,,,,,,,,,
2026-06-30T18:15:05.725391+00:00,2026-07-01T04:15:05.724392,2,2,71.05,0.1,71.0,200,70.9,1125,,,,,,,,,,,,,,,,,71.1,825,71.4,500,,,,,,,,,,,,,,,,
2026-06-30T18:15:06.303488+00:00,2026-07-01T04:15:06.296488,2,2,71.05,0.1,71.0,200,70.9,625,,,,,,,,,,,,,,,,,71.1,825,71.4,500,,,,,,,,,,,,,,,,
2026-06-30T18:15:06.314488+00:00,2026-07-01T04:15:06.309487,2,1,71.05,0.1,71.0,200,70.9,1125,,,,,,,,,,,,,,,,,71.1,825,,,,,,,,,,,,,,,,,,
2026-06-30T18:15:06.325488+00:00,2026-07-01T04:15:06.315488,2,2,71.05,0.1,71.0,200,70.9,1125,,,,,,,,,,,,,,,,,71.1,825,71.4,500,,,,,,,,,,,,,,,,
2026-06-30T18:15:06.369173+00:00,2026-07-01T04:15:06.367173,1,3,71.0,0.2,70.9,1125,,,,,,,,,,,,,,,,,,,71.1,425,71.3,200,71.4,500,,,,,,,,,,,,,,
2026-06-30T18:15:06.914547+00:00,2026-07-01T04:15:06.912548,2,3,71.05,0.1,71.0,625,70.9,500,,,,,,,,,,,,,,,,,71.1,625,71.3,200,71.4,500,,,,,,,,,,,,,,
2026-06-30T18:15:06.947074+00:00,2026-07-01T04:15:06.946074,1,2,71.05,0.1,71.0,625,,,,,,,,,,,,,,,,,,,71.1,625,71.3,200,,,,,,,,,,,,,,,,
2026-06-30T18:15:06.958568+00:00,2026-07-01T04:15:06.953074,2,2,71.05,0.1,71.0,625,70.9,500,,,,,,,,,,,,,,,,,71.1,625,71.3,200,,,,,,,,,,,,,,,,
2026-06-30T18:15:06.969564+00:00,2026-07-01T04:15:06.958568,2,3,71.05,0.1,71.0,625,70.9,500,,,,,,,,,,,,,,,,,71.1,625,71.3,200,71.4,500,,,,,,,,,,,,,,
2026-06-30T18:15:07.549239+00:00,2026-07-01T04:15:07.544239,1,3,71.05,0.1,71.0,625,,,,,,,,,,,,,,,,,,,71.1,625,71.3,200,71.4,500,,,,,,,,,,,,,,
2026-06-30T18:15:07.560239+00:00,2026-07-01T04:15:07.554239,1,2,71.05,0.1,71.0,1125,,,,,,,,,,,,,,,,,,,71.1,625,71.3,200,,,,,,,,,,,,,,,,
2026-06-30T18:15:07.571239+00:00,2026-07-01T04:15:07.570240,1,2,71.05,0.1,71.0,1125,,,,,,,,,,,,,,,,,,,71.1,625,71.4,500,,,,,,,,,,,,,,,,
2026-06-30T18:15:07.582240+00:00,2026-07-01T04:15:07.581240,1,3,71.05,0.1,71.0,1325,,,,,,,,,,,,,,,,,,,71.1,625,71.2,200,71.4,500,,,,,,,,,,,,,,
2026-06-30T18:15:08.150222+00:00,2026-07-01T04:15:08.148222,1,3,71.05,0.1,71.0,825,,,,,,,,,,,,,,,,,,,71.1,625,71.2,200,71.4,500,,,,,,,,,,,,,,
2026-06-30T18:15:08.161222+00:00,2026-07-01T04:15:08.158222,2,2,71.05,0.1,71.0,825,70.9,500,,,,,,,,,,,,,,,,,71.1,625,71.2,200,,,,,,,,,,,,,,,,
2026-06-30T18:15:08.172222+00:00,2026-07-01T04:15:08.164222,2,3,71.05,0.1,71.0,825,70.9,500,,,,,,,,,,,,,,,,,71.1,625,71.2,200,71.4,500,,,,,,,,,,,,,,
2026-06-30T18:15:08.227222+00:00,2026-07-01T04:15:08.223223,2,3,70.95,0.1,70.9,500,70.8,625,,,,,,,,,,,,,,,,,71.0,425,71.2,200,71.4,500,,,,,,,,,,,,,,
2026-06-30T18:15:08.271249+00:00,2026-07-01T04:15:08.260248,2,3,70.95,0.1,70.9,470,70.8,625,,,,,,,,,,,,,,,,,71.0,425,71.2,200,71.4,500,,,,,,,,,,,,,,
2026-06-30T18:15:08.424318+00:00,2026-07-01T04:15:08.422316,2,3,70.95,0.1,70.9,440,70.8,625,,,,,,,,,,,,,,,,,71.0,425,71.2,200,71.4,500,,,,,,,,,,,,,,
2026-06-30T18:15:08.589007+00:00,2026-07-01T04:15:08.584803,2,3,70.95,0.1,70.9,405,70.8,625,,,,,,,,,,,,,,,,,71.0,425,71.2,200,71.4,500,,,,,,,,,,,,,,
2026-06-30T18:15:08.753504+00:00,2026-07-01T04:15:08.747504,1,3,70.9,0.2,70.8,625,,,,,,,,,,,,,,,,,,,71.0,425,71.2,200,71.4,500,,,,,,,,,,,,,,
2026-06-30T18:15:08.764504+00:00,2026-07-01T04:15:08.753504,1,2,70.9,0.2,70.8,625,,,,,,,,,,,,,,,,,,,71.0,425,71.2,200,,,,,,,,,,,,,,,,
2026-06-30T18:15:08.775503+00:00,2026-07-01T04:15:08.766503,2,2,71.1,0.2,71.0,75,70.8,625,,,,,,,,,,,,,,,,,71.2,200,71.4,500,,,,,,,,,,,,,,,,
2026-06-30T18:15:08.786544+00:00,2026-07-01T04:15:08.782544,2,1,71.2,0.4,71.0,75,70.8,625,,,,,,,,,,,,,,,,,71.4,500,,,,,,,,,,,,,,,,,,
2026-06-30T18:15:08.797544+00:00,2026-07-01T04:15:08.793544,3,2,71.05,0.1,71.0,75,70.9,200,70.8,625,,,,,,,,,,,,,,,71.1,200,71.4,500,,,,,,,,,,,,,,,,
2026-06-30T18:15:08.808061+00:00,2026-07-01T04:15:08.804059,3,2,71.05,0.1,71.0,70,70.9,200,70.8,625,,,,,,,,,,,,,,,71.1,200,71.4,500,,,,,,,,,,,,,,,,
2026-06-30T18:15:09.353807+00:00,2026-07-01T04:15:09.349807,2,2,71.0,0.2,70.9,200,70.8,625,,,,,,,,,,,,,,,,,71.1,200,71.4,500,,,,,,,,,,,,,,,,
2026-06-30T18:15:09.364808+00:00,2026-07-01T04:15:09.361807,3,1,71.05,0.1,71.0,500,70.9,200,70.8,625,,,,,,,,,,,,,,,71.1,200,,,,,,,,,,,,,,,,,,
2026-06-30T18:15:09.375807+00:00,2026-07-01T04:15:09.367807,3,2,71.05,0.1,71.0,500,70.9,200,70.8,625,,,,,,,,,,,,,,,71.1,200,71.4,500,,,,,,,,,,,,,,,,
2026-06-30T18:15:09.528575+00:00,2026-07-01T04:15:09.526393,2,2,71.05,0.1,71.0,500,70.9,200,,,,,,,,,,,,,,,,,71.1,200,71.4,500,,,,,,,,,,,,,,,,
2026-06-30T18:15:09.538890+00:00,2026-07-01T04:15:09.531573,2,3,71.05,0.1,71.0,1125,70.9,200,,,,,,,,,,,,,,,,,71.1,200,71.2,625,71.4,500,,,,,,,,,,,,,,
2026-06-30T18:15:09.955924+00:00,2026-07-01T04:15:09.951924,2,3,71.05,0.1,71.0,625,70.9,200,,,,,,,,,,,,,,,,,71.1,200,71.2,625,71.4,500,,,,,,,,,,,,,,
2026-06-30T18:15:09.966926+00:00,2026-07-01T04:15:09.965926,2,2,71.05,0.1,71.0,1125,70.9,200,,,,,,,,,,,,,,,,,71.1,200,71.2,625,,,,,,,,,,,,,,,,
2026-06-30T18:15:09.977938+00:00,2026-07-01T04:15:09.973938,2,3,71.05,0.1,71.0,1125,70.9,200,,,,,,,,,,,,,,,,,71.1,200,71.2,625,71.4,500,,,,,,,,,,,,,,
2026-06-30T18:15:09.999939+00:00,2026-07-01T04:15:09.996939,1,3,71.05,0.1,71.0,1125,,,,,,,,,,,,,,,,,,,71.1,200,71.2,625,71.4,500,,,,,,,,,,,,,,
2026-06-30T18:15:10.010940+00:00,2026-07-01T04:15:10.008939,2,3,71.05,0.1,71.0,1125,70.9,200,,,,,,,,,,,,,,,,,71.1,200,71.2,625,71.4,500,,,,,,,,,,,,,,
2026-06-30T18:15:10.337888+00:00,2026-07-01T04:15:10.333888,2,3,71.05,0.1,71.0,1125,70.9,200,,,,,,,,,,,,,,,,,71.1,185,71.2,625,71.4,500,,,,,,,,,,,,,,
2026-06-30T18:15:10.566432+00:00,2026-07-01T04:15:10.564431,2,2,71.05,0.1,71.0,625,70.9,200,,,,,,,,,,,,,,,,,71.1,185,71.2,625,,,,,,,,,,,,,,,,
2026-06-30T18:15:10.577431+00:00,2026-07-01T04:15:10.575432,2,3,71.05,0.1,71.0,1125,70.9,200,,,,,,,,,,,,,,,,,71.1,185,71.2,625,71.5,500,,,,,,,,,,,,,,
2026-06-30T18:15:10.840038+00:00,2026-07-01T04:15:10.836038,2,2,71.05,0.1,71.0,500,70.9,200,,,,,,,,,,,,,,,,,71.1,185,71.5,500,,,,,,,,,,,,,,,,
2026-06-30T18:15:10.851037+00:00,2026-07-01T04:15:10.844038,3,2,71.2,0.2,71.1,440,71.0,500,70.9,200,,,,,,,,,,,,,,,71.3,625,71.5,500,,,,,,,,,,,,,,,,
2026-06-30T18:15:11.167671+00:00,2026-07-01T04:15:11.164670,2,1,71.2,0.2,71.1,440,70.9,200,,,,,,,,,,,,,,,,,71.3,625,,,,,,,,,,,,,,,,,,
2026-06-30T18:15:11.179094+00:00,2026-07-01T04:15:11.177673,3,2,71.2,0.2,71.1,440,71.0,500,70.9,200,,,,,,,,,,,,,,,71.3,625,71.4,500,,,,,,,,,,,,,,,,
2026-06-30T18:15:11.212082+00:00,2026-07-01T04:15:11.212082,2,2,71.2,0.2,71.1,440,71.0,500,,,,,,,,,,,,,,,,,71.3,625,71.4,500,,,,,,,,,,,,,,,,
2026-06-30T18:15:11.223083+00:00,2026-07-01T04:15:11.213083,2,2,71.2,0.2,71.1,440,71.0,700,,,,,,,,,,,,,,,,,71.3,625,71.4,500,,,,,,,,,,,,,,,,
2026-06-30T18:15:11.234081+00:00,2026-07-01T04:15:11.223083,2,2,71.2,0.2,71.1,240,71.0,700,,,,,,,,,,,,,,,,,71.3,625,71.4,500,,,,,,,,,,,,,,,,
2026-06-30T18:15:11.768973+00:00,2026-07-01T04:15:11.766973,2,1,71.2,0.2,71.1,240,71.0,200,,,,,,,,,,,,,,,,,71.3,625,,,,,,,,,,,,,,,,,,
2026-06-30T18:15:11.779489+00:00,2026-07-01T04:15:11.778972,3,1,71.2,0.2,71.1,240,71.0,200,70.9,500,,,,,,,,,,,,,,,71.3,1125,,,,,,,,,,,,,,,,,,
2026-06-30T18:15:12.150275+00:00,2026-07-01T04:15:12.148277,2,1,71.15,0.3,71.0,200,70.9,1125,,,,,,,,,,,,,,,,,71.3,500,,,,,,,,,,,,,,,,,,
2026-06-30T18:15:12.161276+00:00,2026-07-01T04:15:12.153276,1,2,70.95,0.1,70.9,1125,,,,,,,,,,,,,,,,,,,71.0,340,71.3,500,,,,,,,,,,,,,,,,
2026-06-30T18:15:12.368396+00:00,2026-07-01T04:15:12.363841,1,2,70.95,0.1,70.9,625,,,,,,,,,,,,,,,,,,,71.0,340,71.3,500,,,,,,,,,,,,,,,,
2026-06-30T18:15:12.379710+00:00,2026-07-01T04:15:12.376393,2,1,70.95,0.1,70.9,625,70.8,500,,,,,,,,,,,,,,,,,71.0,340,,,,,,,,,,,,,,,,,,
2026-06-30T18:15:12.390707+00:00,2026-07-01T04:15:12.386707,2,2,70.95,0.1,70.9,625,70.8,500,,,,,,,,,,,,,,,,,71.0,340,71.3,500,,,,,,,,,,,,,,,,
2026-06-30T18:15:12.423706+00:00,2026-07-01T04:15:12.422706,2,2,70.95,0.1,70.9,625,70.8,700,,,,,,,,,,,,,,,,,71.0,540,71.3,500,,,,,,,,,,,,,,,,
2026-06-30T18:15:13.012229+00:00,2026-07-01T04:15:13.008230,2,2,70.95,0.1,70.9,625,70.8,200,,,,,,,,,,,,,,,,,71.0,540,71.3,500,,,,,,,,,,,,,,,,
2026-06-30T18:15:13.023229+00:00,2026-07-01T04:15:13.020230,2,1,70.95,0.1,70.9,625,70.8,700,,,,,,,,,,,,,,,,,71.0,540,,,,,,,,,,,,,,,,,,
2026-06-30T18:15:13.034231+00:00,2026-07-01T04:15:13.026230,2,2,70.95,0.1,70.9,625,70.8,700,,,,,,,,,,,,,,,,,71.0,540,71.3,500,,,,,,,,,,,,,,,,
2026-06-30T18:15:13.459425+00:00,2026-07-01T04:15:13.458906,2,2,70.95,0.1,70.9,625,70.8,700,,,,,,,,,,,,,,,,,71.0,200,71.3,500,,,,,,,,,,,,,,,,
2026-06-30T18:15:13.469943+00:00,2026-07-01T04:15:13.459946,2,3,70.95,0.1,70.9,625,70.8,700,,,,,,,,,,,,,,,,,71.0,200,71.1,625,71.3,500,,,,,,,,,,,,,,
2026-06-30T18:15:13.611352+00:00,2026-07-01T04:15:13.609105,2,3,70.95,0.1,70.9,625,70.8,200,,,,,,,,,,,,,,,,,71.0,200,71.1,625,71.3,500,,,,,,,,,,,,,,
2026-06-30T18:15:13.622352+00:00,2026-07-01T04:15:13.621351,3,2,70.95,0.1,70.9,625,70.8,200,70.7,500,,,,,,,,,,,,,,,71.0,200,71.1,625,,,,,,,,,,,,,,,,
2026-06-30T18:15:13.632965+00:00,2026-07-01T04:15:13.627350,3,3,70.95,0.1,70.9,625,70.8,200,70.7,500,,,,,,,,,,,,,,,71.0,200,71.1,625,71.2,500,,,,,,,,,,,,,,
2026-06-30T18:15:13.643662+00:00,2026-07-01T04:15:13.637965,2,2,71.0,0.2,70.9,625,70.7,500,,,,,,,,,,,,,,,,,71.1,625,71.2,500,,,,,,,,,,,,,,,,
2026-06-30T18:15:13.654729+00:00,2026-07-01T04:15:13.649648,3,3,70.95,0.1,70.9,625,70.8,200,70.7,500,,,,,,,,,,,,,,,71.0,200,71.1,625,71.2,500,,,,,,,,,,,,,,
2026-06-30T18:15:14.218982+00:00,2026-07-01T04:15:14.212896,2,3,70.95,0.1,70.9,625,70.8,200,,,,,,,,,,,,,,,,,71.0,200,71.1,625,71.2,500,,,,,,,,,,,,,,
2026-06-30T18:15:14.229926+00:00,2026-07-01T04:15:14.226927,3,2,70.95,0.1,70.9,625,70.8,200,70.7,500,,,,,,,,,,,,,,,71.0,200,71.1,625,,,,,,,,,,,,,,,,
2026-06-30T18:15:14.240926+00:00,2026-07-01T04:15:14.232925,3,3,70.95,0.1,70.9,625,70.8,200,70.7,500,,,,,,,,,,,,,,,71.0,200,71.1,625,71.2,500,,,,,,,,,,,,,,
2026-06-30T18:15:14.775933+00:00,2026-07-01T04:15:14.772934,3,3,70.95,0.1,70.9,625,70.8,200,70.7,500,,,,,,,,,,,,,,,71.0,200,71.1,625,71.2,500,,,,,,,,,,,,,,
2026-06-30T18:15:14.819934+00:00,2026-07-01T04:15:14.815934,2,3,70.95,0.1,70.9,625,70.8,200,,,,,,,,,,,,,,,,,71.0,200,71.1,625,71.2,500,,,,,,,,,,,,,,
2026-06-30T18:15:14.830934+00:00,2026-07-01T04:15:14.823934,2,2,70.95,0.1,70.9,625,70.8,200,,,,,,,,,,,,,,,,,71.0,200,71.1,625,,,,,,,,,,,,,,,,
2026-06-30T18:15:14.841935+00:00,2026-07-01T04:15:14.835934,3,3,70.95,0.1,70.9,625,70.8,200,70.7,500,,,,,,,,,,,,,,,71.0,200,71.1,625,71.2,500,,,,,,,,,,,,,,
2026-06-30T18:15:14.863935+00:00,2026-07-01T04:15:14.861935,3,2,71.0,0.2,70.9,625,70.8,200,70.7,500,,,,,,,,,,,,,,,71.1,625,71.2,500,,,,,,,,,,,,,,,,
2026-06-30T18:15:14.874935+00:00,2026-07-01T04:15:14.864934,3,3,70.95,0.1,70.9,625,70.8,200,70.7,500,,,,,,,,,,,,,,,71.0,200,71.1,625,71.2,500,,,,,,,,,,,,,,
2026-06-30T18:15:15.191524+00:00,2026-07-01T04:15:15.186523,3,3,70.95,0.1,70.9,585,70.8,200,70.7,500,,,,,,,,,,,,,,,71.0,200,71.1,625,71.2,500,,,,,,,,,,,,,,
2026-06-30T18:15:15.399214+00:00,2026-07-01T04:15:15.397201,3,3,70.95,0.1,70.9,545,70.8,200,70.7,500,,,,,,,,,,,,,,,71.0,200,71.1,625,71.2,500,,,,,,,,,,,,,,
2026-06-30T18:15:15.421214+00:00,2026-07-01T04:15:15.420213,2,3,70.95,0.1,70.9,545,70.8,200,,,,,,,,,,,,,,,,,71.0,200,71.1,625,71.2,500,,,,,,,,,,,,,,
2026-06-30T18:15:15.443213+00:00,2026-07-01T04:15:15.434214,3,2,70.95,0.1,70.9,545,70.8,200,70.7,500,,,,,,,,,,,,,,,71.0,200,71.1,625,,,,,,,,,,,,,,,,
2026-06-30T18:15:15.454213+00:00,2026-07-01T04:15:15.452213,3,3,70.95,0.1,70.9,545,70.8,200,70.7,500,,,,,,,,,,,,,,,71.0,200,71.1,625,71.2,500,,,,,,,,,,,,,,
2026-06-30T18:15:15.575627+00:00,2026-07-01T04:15:15.567627,3,3,70.95,0.1,70.9,525,70.8,200,70.7,500,,,,,,,,,,,,,,,71.0,200,71.1,625,71.2,500,,,,,,,,,,,,,,
2026-06-30T18:15:16.023034+00:00,2026-07-01T04:15:16.021034,2,3,70.95,0.1,70.9,525,70.8,200,,,,,,,,,,,,,,,,,71.0,200,71.1,625,71.2,500,,,,,,,,,,,,,,
2026-06-30T18:15:16.034033+00:00,2026-07-01T04:15:16.029034,2,2,70.95,0.1,70.9,525,70.8,200,,,,,,,,,,,,,,,,,71.0,200,71.1,625,,,,,,,,,,,,,,,,
2026-06-30T18:15:16.045034+00:00,2026-07-01T04:15:16.042033,3,3,70.95,0.1,70.9,525,70.8,200,70.7,500,,,,,,,,,,,,,,,71.0,200,71.1,625,71.2,500,,,,,,,,,,,,,,
2026-06-30T18:15:16.077898+00:00,2026-07-01T04:15:16.076899,2,2,71.0,0.2,70.9,725,70.7,500,,,,,,,,,,,,,,,,,71.1,625,71.2,500,,,,,,,,,,,,,,,,
2026-06-30T18:15:16.088909+00:00,2026-07-01T04:15:16.085910,1,3,70.8,0.2,70.7,1125,,,,,,,,,,,,,,,,,,,70.9,425,71.0,200,71.2,500,,,,,,,,,,,,,,
2026-06-30T18:15:16.635745+00:00,2026-07-01T04:15:16.632744,1,2,70.8,0.2,70.7,625,,,,,,,,,,,,,,,,,,,70.9,425,71.0,200,,,,,,,,,,,,,,,,
2026-06-30T18:15:16.646745+00:00,2026-07-01T04:15:16.642745,1,2,70.8,0.2,70.7,1125,,,,,,,,,,,,,,,,,,,70.9,425,71.0,200,,,,,,,,,,,,,,,,
2026-06-30T18:15:16.657262+00:00,2026-07-01T04:15:16.649263,1,3,70.8,0.2,70.7,1125,,,,,,,,,,,,,,,,,,,70.9,425,71.0,200,71.2,500,,,,,,,,,,,,,,
2026-06-30T18:15:17.236697+00:00,2026-07-01T04:15:17.234697,1,2,70.8,0.2,70.7,625,,,,,,,,,,,,,,,,,,,70.9,425,71.0,200,,,,,,,,,,,,,,,,
2026-06-30T18:15:17.258197+00:00,2026-07-01T04:15:17.247697,1,3,70.8,0.2,70.7,1125,,,,,,,,,,,,,,,,,,,70.9,425,71.0,200,71.2,500,,,,,,,,,,,,,,
2026-06-30T18:15:17.290230+00:00,2026-07-01T04:15:17.288715,2,3,70.85,0.1,70.8,200,70.7,1125,,,,,,,,,,,,,,,,,70.9,425,71.0,200,71.2,500,,,,,,,,,,,,,,
2026-06-30T18:15:17.389229+00:00,2026-07-01T04:15:17.389229,2,3,70.85,0.1,70.8,200,70.7,500,,,,,,,,,,,,,,,,,70.9,425,71.0,200,71.2,500,,,,,,,,,,,,,,
2026-06-30T18:15:17.399746+00:00,2026-07-01T04:15:17.396230,2,2,70.9,0.2,70.8,825,70.7,500,,,,,,,,,,,,,,,,,71.0,825,71.2,500,,,,,,,,,,,,,,,,
2026-06-30T18:15:17.836458+00:00,2026-07-01T04:15:17.833458,1,2,70.9,0.2,70.8,825,,,,,,,,,,,,,,,,,,,71.0,825,71.2,500,,,,,,,,,,,,,,,,
2026-06-30T18:15:17.847458+00:00,2026-07-01T04:15:17.841458,2,1,70.9,0.2,70.8,825,70.7,500,,,,,,,,,,,,,,,,,71.0,825,,,,,,,,,,,,,,,,,,
2026-06-30T18:15:17.858458+00:00,2026-07-01T04:15:17.849458,2,2,70.9,0.2,70.8,825,70.7,500,,,,,,,,,,,,,,,,,71.0,825,71.2,500,,,,,,,,,,,,,,,,
2026-06-30T18:15:18.437722+00:00,2026-07-01T04:15:18.432721,1,2,70.9,0.2,70.8,825,,,,,,,,,,,,,,,,,,,71.0,825,71.2,500,,,,,,,,,,,,,,,,
2026-06-30T18:15:18.448733+00:00,2026-07-01T04:15:18.446733,1,1,70.9,0.2,70.8,1325,,,,,,,,,,,,,,,,,,,71.0,825,,,,,,,,,,,,,,,,,,
2026-06-30T18:15:18.459749+00:00,2026-07-01T04:15:18.453734,1,2,70.9,0.2,70.8,1325,,,,,,,,,,,,,,,,,,,71.0,825,71.2,500,,,,,,,,,,,,,,,,
2026-06-30T18:15:18.492747+00:00,2026-07-01T04:15:18.491747,1,2,70.9,0.2,70.8,1125,,,,,,,,,,,,,,,,,,,71.0,825,71.2,500,,,,,,,,,,,,,,,,
2026-06-30T18:15:18.503746+00:00,2026-07-01T04:15:18.499748,2,3,70.85,0.1,70.8,1125,70.7,200,,,,,,,,,,,,,,,,,70.9,200,71.0,625,71.2,500,,,,,,,,,,,,,,
2026-06-30T18:15:18.710894+00:00,2026-07-01T04:15:18.706893,2,3,70.85,0.1,70.8,1125,70.7,200,,,,,,,,,,,,,,,,,70.9,200,71.0,625,71.2,500,,,,,,,,,,,,,,
2026-06-30T18:15:19.072819+00:00,2026-07-01T04:15:19.072819,2,3,70.85,0.1,70.8,625,70.7,200,,,,,,,,,,,,,,,,,70.9,200,71.0,625,71.2,500,,,,,,,,,,,,,,
2026-06-30T18:15:19.083818+00:00,2026-07-01T04:15:19.078818,2,2,70.85,0.1,70.8,625,70.7,200,,,,,,,,,,,,,,,,,70.9,200,71.0,625,,,,,,,,,,,,,,,,
2026-06-30T18:15:19.094817+00:00,2026-07-01T04:15:19.091818,2,3,70.85,0.1,70.8,625,70.7,700,,,,,,,,,,,,,,,,,70.9,200,71.0,625,71.2,500,,,,,,,,,,,,,,
2026-06-30T18:15:19.684780+00:00,2026-07-01T04:15:19.681780,2,2,70.85,0.1,70.8,625,70.7,200,,,,,,,,,,,,,,,,,70.9,200,71.0,625,,,,,,,,,,,,,,,,
2026-06-30T18:15:19.695780+00:00,2026-07-01T04:15:19.693780,2,3,70.85,0.1,70.8,625,70.7,700,,,,,,,,,,,,,,,,,70.9,200,71.0,625,71.2,500,,,,,,,,,,,,,,
2026-06-30T18:15:19.717779+00:00,2026-07-01T04:15:19.714779,2,2,70.9,0.2,70.8,625,70.7,500,,,,,,,,,,,,,,,,,71.0,625,71.2,500,,,,,,,,,,,,,,,,
2026-06-30T18:15:19.728779+00:00,2026-07-01T04:15:19.722780,3,2,70.95,0.1,70.9,200,70.8,625,70.7,500,,,,,,,,,,,,,,,71.0,625,71.2,500,,,,,,,,,,,,,,,,
2026-06-30T18:15:19.739780+00:00,2026-07-01T04:15:19.728779,3,2,70.95,0.1,70.9,200,70.8,625,70.7,500,,,,,,,,,,,,,,,71.0,825,71.2,500,,,,,,,,,,,,,,,,
2026-06-30T18:15:20.012685+00:00,2026-07-01T04:15:20.011684,2,2,70.95,0.1,70.9,200,70.7,500,,,,,,,,,,,,,,,,,71.0,825,71.2,500,,,,,,,,,,,,,,,,
2026-06-30T18:15:20.023684+00:00,2026-07-01T04:15:20.017684,3,2,70.95,0.1,70.9,200,70.8,625,70.7,500,,,,,,,,,,,,,,,71.0,825,71.2,500,,,,,,,,,,,,,,,,
2026-06-30T18:15:20.284309+00:00,2026-07-01T04:15:20.276790,2,2,70.95,0.1,70.9,200,70.8,625,,,,,,,,,,,,,,,,,71.0,825,71.2,500,,,,,,,,,,,,,,,,
2026-06-30T18:15:20.295309+00:00,2026-07-01T04:15:20.293309,3,2,70.95,0.1,70.9,200,70.8,625,70.7,500,,,,,,,,,,,,,,,71.0,825,71.2,500,,,,,,,,,,,,,,,,
2026-06-30T18:15:20.349826+00:00,2026-07-01T04:15:20.346825,3,2,70.95,0.1,70.9,200,70.8,625,70.7,500,,,,,,,,,,,,,,,71.0,810,71.2,500,,,,,,,,,,,,,,,,
2026-06-30T18:15:20.610898+00:00,2026-07-01T04:15:20.607897,3,2,70.95,0.1,70.9,200,70.8,625,70.7,500,,,,,,,,,,,,,,,71.0,770,71.2,500,,,,,,,,,,,,,,,,
2026-06-30T18:15:20.883769+00:00,2026-07-01T04:15:20.880769,2,2,70.95,0.1,70.9,200,70.8,625,,,,,,,,,,,,,,,,,71.0,770,71.2,500,,,,,,,,,,,,,,,,
2026-06-30T18:15:20.894768+00:00,2026-07-01T04:15:20.892768,3,1,70.95,0.1,70.9,200,70.8,625,70.7,500,,,,,,,,,,,,,,,71.0,770,,,,,,,,,,,,,,,,,,
2026-06-30T18:15:20.905769+00:00,2026-07-01T04:15:20.901769,3,2,70.95,0.1,70.9,200,70.8,625,70.7,500,,,,,,,,,,,,,,,71.0,770,71.2,500,,,,,,,,,,,,,,,,
2026-06-30T18:15:20.938768+00:00,2026-07-01T04:15:20.936769,2,2,70.9,0.2,70.8,625,70.7,500,,,,,,,,,,,,,,,,,71.0,425,71.2,500,,,,,,,,,,,,,,,,
2026-06-30T18:15:20.949768+00:00,2026-07-01T04:15:20.942768,2,3,70.9,0.2,70.8,625,70.7,500,,,,,,,,,,,,,,,,,71.0,380,71.1,200,71.2,500,,,,,,,,,,,,,,
2026-06-30T18:15:21.330430+00:00,2026-07-01T04:15:21.329902,1,2,70.9,0.4,70.7,500,,,,,,,,,,,,,,,,,,,71.1,200,71.2,500,,,,,,,,,,,,,,,,
2026-06-30T18:15:21.340937+00:00,2026-07-01T04:15:21.331419,2,2,71.0,0.2,70.9,625,70.7,500,,,,,,,,,,,,,,,,,71.1,825,71.2,500,,,,,,,,,,,,,,,,
2026-06-30T18:15:21.492033+00:00,2026-07-01T04:15:21.490033,1,1,71.0,0.2,70.9,625,,,,,,,,,,,,,,,,,,,71.1,825,,,,,,,,,,,,,,,,,,
2026-06-30T18:15:21.503033+00:00,2026-07-01T04:15:21.500033,2,2,71.0,0.2,70.9,625,70.7,500,,,,,,,,,,,,,,,,,71.1,825,71.2,500,,,,,,,,,,,,,,,,
2026-06-30T18:15:22.089142+00:00,2026-07-01T04:15:22.087140,1,2,71.0,0.2,70.9,625,,,,,,,,,,,,,,,,,,,71.1,825,71.2,500,,,,,,,,,,,,,,,,
2026-06-30T18:15:22.099947+00:00,2026-07-01T04:15:22.093140,1,1,71.0,0.2,70.9,625,,,,,,,,,,,,,,,,,,,71.1,825,,,,,,,,,,,,,,,,,,
2026-06-30T18:15:22.110902+00:00,2026-07-01T04:15:22.104901,2,2,71.0,0.2,70.9,625,70.8,500,,,,,,,,,,,,,,,,,71.1,825,71.2,500,,,,,,,,,,,,,,,,
2026-06-30T18:15:22.143901+00:00,2026-07-01T04:15:22.141901,2,2,71.0,0.2,70.9,625,70.8,500,,,,,,,,,,,,,,,,,71.1,625,71.2,500,,,,,,,,,,,,,,,,
2026-06-30T18:15:22.154900+00:00,2026-07-01T04:15:22.151901,3,2,71.05,0.1,71.0,200,70.9,625,70.8,500,,,,,,,,,,,,,,,71.1,825,71.2,500,,,,,,,,,,,,,,,,
2026-06-30T18:15:22.176901+00:00,2026-07-01T04:15:22.172902,3,2,71.05,0.1,71.0,50,70.9,625,70.8,500,,,,,,,,,,,,,,,71.1,825,71.2,500,,,,,,,,,,,,,,,,
2026-06-30T18:15:22.198948+00:00,2026-07-01T04:15:22.192948,2,2,71.0,0.2,70.9,625,70.8,500,,,,,,,,,,,,,,,,,71.1,825,71.2,500,,,,,,,,,,,,,,,,
2026-06-30T18:15:22.633928+00:00,2026-07-01T04:15:22.632928,1,3,70.9,0.2,70.8,1125,,,,,,,,,,,,,,,,,,,71.0,625,71.1,200,71.2,500,,,,,,,,,,,,,,
2026-06-30T18:15:22.688940+00:00,2026-07-01T04:15:22.686940,1,3,70.9,0.2,70.8,625,,,,,,,,,,,,,,,,,,,71.0,625,71.1,200,71.2,500,,,,,,,,,,,,,,
2026-06-30T18:15:22.699900+00:00,2026-07-01T04:15:22.697940,1,2,70.9,0.2,70.8,1125,,,,,,,,,,,,,,,,,,,71.0,625,71.1,200,,,,,,,,,,,,,,,,
2026-06-30T18:15:22.710900+00:00,2026-07-01T04:15:22.704899,1,3,70.9,0.2,70.8,1125,,,,,,,,,,,,,,,,,,,71.0,625,71.1,200,71.2,500,,,,,,,,,,,,,,
2026-06-30T18:15:23.289467+00:00,2026-07-01T04:15:23.288421,1,3,70.9,0.2,70.8,625,,,,,,,,,,,,,,,,,,,71.0,625,71.1,200,71.2,500,,,,,,,,,,,,,,
2026-06-30T18:15:23.310397+00:00,2026-07-01T04:15:23.303903,1,2,70.9,0.2,70.8,1125,,,,,,,,,,,,,,,,,,,71.0,625,71.1,200,,,,,,,,,,,,,,,,
2026-06-30T18:15:23.320914+00:00,2026-07-01T04:15:23.311394,1,3,70.9,0.2,70.8,1125,,,,,,,,,,,,,,,,,,,71.0,625,71.1,200,71.2,500,,,,,,,,,,,,,,
2026-06-30T18:15:23.353436+00:00,2026-07-01T04:15:23.350437,1,2,70.9,0.2,70.8,1125,,,,,,,,,,,,,,,,,,,71.0,625,71.2,500,,,,,,,,,,,,,,,,
2026-06-30T18:15:23.364266+00:00,2026-07-01T04:15:23.361267,2,2,70.95,0.1,70.9,200,70.8,1125,,,,,,,,,,,,,,,,,71.0,825,71.2,500,,,,,,,,,,,,,,,,
2026-06-30T18:15:23.896900+00:00,2026-07-01T04:15:23.891901,2,2,70.95,0.1,70.9,200,70.8,625,,,,,,,,,,,,,,,,,71.0,825,71.2,500,,,,,,,,,,,,,,,,
2026-06-30T18:15:23.907903+00:00,2026-07-01T04:15:23.904901,2,1,70.95,0.1,70.9,200,70.8,1125,,,,,,,,,,,,,,,,,71.0,825,,,,,,,,,,,,,,,,,,
2026-06-30T18:15:23.918902+00:00,2026-07-01T04:15:23.911902,2,2,70.95,0.1,70.9,200,70.8,1125,,,,,,,,,,,,,,,,,71.0,825,71.3,500,,,,,,,,,,,,,,,,
2026-06-30T18:15:23.940433+00:00,2026-07-01T04:15:23.939505,2,2,70.95,0.1,70.9,200,70.8,1125,,,,,,,,,,,,,,,,,71.0,200,71.3,500,,,,,,,,,,,,,,,,
2026-06-30T18:15:23.951430+00:00,2026-07-01T04:15:23.942429,2,2,70.95,0.1,70.9,200,70.8,1125,,,,,,,,,,,,,,,,,71.0,825,71.3,500,,,,,,,,,,,,,,,,
2026-06-30T18:15:24.498069+00:00,2026-07-01T04:15:24.495069,2,2,70.95,0.1,70.9,200,70.8,625,,,,,,,,,,,,,,,,,71.0,825,71.3,500,,,,,,,,,,,,,,,,
2026-06-30T18:15:24.509081+00:00,2026-07-01T04:15:24.507080,2,1,70.95,0.1,70.9,200,70.8,1125,,,,,,,,,,,,,,,,,71.0,825,,,,,,,,,,,,,,,,,,
2026-06-30T18:15:24.520081+00:00,2026-07-01T04:15:24.512081,2,2,70.95,0.1,70.9,200,70.8,1125,,,,,,,,,,,,,,,,,71.0,825,71.3,500,,,,,,,,,,,,,,,,
2026-06-30T18:15:24.563597+00:00,2026-07-01T04:15:24.561597,1,2,70.9,0.2,70.8,1125,,,,,,,,,,,,,,,,,,,71.0,825,71.3,500,,,,,,,,,,,,,,,,
2026-06-30T18:15:24.574596+00:00,2026-07-01T04:15:24.568597,2,3,70.85,0.1,70.8,1125,70.7,200,,,,,,,,,,,,,,,,,70.9,200,71.0,625,71.3,500,,,,,,,,,,,,,,
2026-06-30T18:15:25.133563+00:00,2026-07-01T04:15:25.129562,2,2,70.85,0.1,70.8,625,70.7,200,,,,,,,,,,,,,,,,,70.9,200,71.0,625,,,,,,,,,,,,,,,,
2026-06-30T18:15:25.144562+00:00,2026-07-01T04:15:25.138562,2,3,70.85,0.1,70.8,1125,70.7,200,,,,,,,,,,,,,,,,,70.9,200,71.0,625,71.3,500,,,,,,,,,,,,,,
2026-06-30T18:15:25.254575+00:00,2026-07-01T04:15:25.248575,2,2,70.85,0.1,70.8,1125,70.7,200,,,,,,,,,,,,,,,,,70.9,825,71.3,500,,,,,,,,,,,,,,,,
2026-06-30T18:15:25.726584+00:00,2026-07-01T04:15:25.725583,2,2,70.85,0.1,70.8,625,70.7,200,,,,,,,,,,,,,,,,,70.9,825,71.3,500,,,,,,,,,,,,,,,,
2026-06-30T18:15:25.737583+00:00,2026-07-01T04:15:25.733588,2,1,70.85,0.1,70.8,625,70.7,200,,,,,,,,,,,,,,,,,70.9,825,,,,,,,,,,,,,,,,,,
2026-06-30T18:15:25.748583+00:00,2026-07-01T04:15:25.748583,2,2,70.85,0.1,70.8,1125,70.7,200,,,,,,,,,,,,,,,,,70.9,825,71.3,500,,,,,,,,,,,,,,,,
2026-06-30T18:15:25.781105+00:00,2026-07-01T04:15:25.774135,1,2,70.85,0.1,70.8,1125,,,,,,,,,,,,,,,,,,,70.9,825,71.3,500,,,,,,,,,,,,,,,,
2026-06-30T18:15:25.792102+00:00,2026-07-01T04:15:25.786102,2,2,70.85,0.1,70.8,925,70.6,200,,,,,,,,,,,,,,,,,70.9,625,71.3,500,,,,,,,,,,,,,,,,
2026-06-30T18:15:26.337492+00:00,2026-07-01T04:15:26.335492,2,1,70.85,0.1,70.8,425,70.6,200,,,,,,,,,,,,,,,,,70.9,625,,,,,,,,,,,,,,,,,,
2026-06-30T18:15:26.348492+00:00,2026-07-01T04:15:26.348492,2,1,70.85,0.1,70.8,925,70.6,200,,,,,,,,,,,,,,,,,70.9,625,,,,,,,,,,,,,,,,,,
2026-06-30T18:15:26.359700+00:00,2026-07-01T04:15:26.350700,2,2,70.85,0.1,70.8,925,70.6,200,,,,,,,,,,,,,,,,,70.9,625,71.3,500,,,,,,,,,,,,,,,,
2026-06-30T18:15:26.555652+00:00,2026-07-01T04:15:26.554653,2,1,71.05,0.5,70.8,500,70.6,825,,,,,,,,,,,,,,,,,71.3,500,,,,,,,,,,,,,,,,,,
2026-06-30T18:15:26.566653+00:00,2026-07-01T04:15:26.557653,1,2,70.7,0.2,70.6,825,,,,,,,,,,,,,,,,,,,70.8,125,71.3,500,,,,,,,,,,,,,,,,
2026-06-30T18:15:26.938212+00:00,2026-07-01T04:15:26.930214,1,1,70.7,0.2,70.6,825,,,,,,,,,,,,,,,,,,,70.8,125,,,,,,,,,,,,,,,,,,
2026-06-30T18:15:26.948832+00:00,2026-07-01T04:15:26.939213,2,0,,,70.8,375,70.6,825,,,,,,,,,,,,,,,,,,,,,,,,,,,,,,,,,,,,
2026-06-30T18:15:26.959833+00:00,2026-07-01T04:15:26.948832,2,1,71.05,0.5,70.8,375,70.6,825,,,,,,,,,,,,,,,,,71.3,500,,,,,,,,,,,,,,,,,,
2026-06-30T18:15:26.992666+00:00,2026-07-01T04:15:26.990666,3,1,71.05,0.5,70.8,375,70.7,200,70.6,625,,,,,,,,,,,,,,,71.3,500,,,,,,,,,,,,,,,,,,
2026-06-30T18:15:27.003666+00:00,2026-07-01T04:15:26.993666,3,2,70.85,0.1,70.8,375,70.7,200,70.6,625,,,,,,,,,,,,,,,70.9,200,71.3,500,,,,,,,,,,,,,,,,
2026-06-30T18:15:27.538574+00:00,2026-07-01T04:15:27.532575,2,2,70.8,0.2,70.7,200,70.6,625,,,,,,,,,,,,,,,,,70.9,200,71.3,500,,,,,,,,,,,,,,,,
2026-06-30T18:15:27.548788+00:00,2026-07-01T04:15:27.540789,2,1,70.8,0.2,70.7,200,70.6,625,,,,,,,,,,,,,,,,,70.9,200,,,,,,,,,,,,,,,,,,
2026-06-30T18:15:27.559908+00:00,2026-07-01T04:15:27.553908,3,2,70.85,0.1,70.8,500,70.7,200,70.6,625,,,,,,,,,,,,,,,70.9,200,71.3,500,,,,,,,,,,,,,,,,
2026-06-30T18:15:27.865385+00:00,2026-07-01T04:15:27.864385,3,2,71.1,0.2,71.0,425,70.8,500,70.7,200,,,,,,,,,,,,,,,71.2,625,71.3,500,,,,,,,,,,,,,,,,
2026-06-30T18:15:28.139177+00:00,2026-07-01T04:15:28.135176,2,2,71.1,0.2,71.0,425,70.7,200,,,,,,,,,,,,,,,,,71.2,625,71.3,500,,,,,,,,,,,,,,,,
2026-06-30T18:15:28.150349+00:00,2026-07-01T04:15:28.149349,3,1,71.1,0.2,71.0,425,70.8,500,70.7,200,,,,,,,,,,,,,,,71.2,625,,,,,,,,,,,,,,,,,,
2026-06-30T18:15:28.161362+00:00,2026-07-01T04:15:28.152349,3,2,71.1,0.2,71.0,425,70.8,500,70.7,200,,,,,,,,,,,,,,,71.2,625,71.3,500,,,,,,,,,,,,,,,,
2026-06-30T18:15:28.204852+00:00,2026-07-01T04:15:28.199853,3,3,71.05,0.1,71.0,425,70.9,200,70.8,500,,,,,,,,,,,,,,,71.1,200,71.2,625,71.3,500,,,,,,,,,,,,,,
2026-06-30T18:15:28.742038+00:00,2026-07-01T04:15:28.738514,2,3,71.05,0.1,71.0,425,70.9,200,,,,,,,,,,,,,,,,,71.1,200,71.2,625,71.3,500,,,,,,,,,,,,,,
2026-06-30T18:15:28.753034+00:00,2026-07-01T04:15:28.748033,2,2,71.05,0.1,71.0,425,70.9,200,,,,,,,,,,,,,,,,,71.1,200,71.2,625,,,,,,,,,,,,,,,,
2026-06-30T18:15:28.764033+00:00,2026-07-01T04:15:28.757033,3,2,71.05,0.1,71.0,425,70.9,200,70.8,500,,,,,,,,,,,,,,,71.1,200,71.2,625,,,,,,,,,,,,,,,,
2026-06-30T18:15:28.775033+00:00,2026-07-01T04:15:28.765033,3,2,71.05,0.1,71.0,425,70.9,200,70.8,500,,,,,,,,,,,,,,,71.1,200,71.2,1125,,,,,,,,,,,,,,,,
2026-06-30T18:15:29.169086+00:00,2026-07-01T04:15:29.168085,2,2,71.0,0.2,70.9,200,70.8,500,,,,,,,,,,,,,,,,,71.1,200,71.2,500,,,,,,,,,,,,,,,,
2026-06-30T18:15:29.179394+00:00,2026-07-01T04:15:29.170398,2,3,70.95,0.1,70.9,200,70.8,1125,,,,,,,,,,,,,,,,,71.0,625,71.1,200,71.2,500,,,,,,,,,,,,,,
2026-06-30T18:15:29.343794+00:00,2026-07-01T04:15:29.342794,2,3,70.95,0.1,70.9,200,70.8,625,,,,,,,,,,,,,,,,,71.0,625,71.1,200,71.2,500,,,,,,,,,,,,,,
2026-06-30T18:15:29.365794+00:00,2026-07-01T04:15:29.364795,2,3,70.95,0.1,70.9,200,70.8,1125,,,,,,,,,,,,,,,,,71.0,625,71.1,200,71.2,500,,,,,,,,,,,,,,
2026-06-30T18:15:29.409795+00:00,2026-07-01T04:15:29.406795,1,2,70.9,0.2,70.8,1125,,,,,,,,,,,,,,,,,,,71.0,625,71.2,500,,,,,,,,,,,,,,,,
2026-06-30T18:15:29.420809+00:00,2026-07-01T04:15:29.412794,2,3,70.95,0.1,70.9,200,70.8,1125,,,,,,,,,,,,,,,,,71.0,625,71.1,200,71.2,500,,,,,,,,,,,,,,
2026-06-30T18:15:29.952845+00:00,2026-07-01T04:15:29.950845,2,2,70.95,0.1,70.9,200,70.8,625,,,,,,,,,,,,,,,,,71.0,625,71.1,200,,,,,,,,,,,,,,,,
2026-06-30T18:15:29.963845+00:00,2026-07-01T04:15:29.962844,3,3,70.95,0.1,70.9,200,70.8,625,70.7,500,,,,,,,,,,,,,,,71.0,625,71.1,200,71.2,500,,,,,,,,,,,,,,
2026-06-30T18:15:30.475871+00:00,2026-07-01T04:15:30.474871,2,2,71.0,0.2,70.9,200,70.7,500,,,,,,,,,,,,,,,,,71.1,200,71.2,500,,,,,,,,,,,,,,,,
2026-06-30T18:15:30.486871+00:00,2026-07-01T04:15:30.477870,3,3,70.95,0.1,70.9,200,70.8,625,70.7,500,,,,,,,,,,,,,,,71.0,625,71.1,200,71.2,500,,,,,,,,,,,,,,
2026-06-30T18:15:30.552158+00:00,2026-07-01T04:15:30.547159,2,3,70.95,0.1,70.9,200,70.8,625,,,,,,,,,,,,,,,,,71.0,625,71.1,200,71.2,500,,,,,,,,,,,,,,
2026-06-30T18:15:30.563159+00:00,2026-07-01T04:15:30.560158,3,2,70.95,0.1,70.9,200,70.8,625,70.7,500,,,,,,,,,,,,,,,71.0,625,71.1,200,,,,,,,,,,,,,,,,
2026-06-30T18:15:30.574160+00:00,2026-07-01T04:15:30.567158,3,3,70.95,0.1,70.9,200,70.8,625,70.7,500,,,,,,,,,,,,,,,71.0,625,71.1,200,71.2,500,,,,,,,,,,,,,,
2026-06-30T18:15:30.629159+00:00,2026-07-01T04:15:30.625158,2,2,70.9,0.2,70.8,625,70.7,500,,,,,,,,,,,,,,,,,71.0,425,71.2,700,,,,,,,,,,,,,,,,
2026-06-30T18:15:31.185557+00:00,2026-07-01T04:15:31.183557,1,2,70.9,0.2,70.8,625,,,,,,,,,,,,,,,,,,,71.0,425,71.2,700,,,,,,,,,,,,,,,,
2026-06-30T18:15:31.196160+00:00,2026-07-01T04:15:31.195159,2,2,70.9,0.2,70.8,625,70.7,500,,,,,,,,,,,,,,,,,71.0,425,71.2,200,,,,,,,,,,,,,,,,
2026-06-30T18:15:31.207159+00:00,2026-07-01T04:15:31.200159,2,2,70.9,0.2,70.8,625,70.7,500,,,,,,,,,,,,,,,,,71.0,425,71.2,700,,,,,,,,,,,,,,,,
2026-06-30T18:15:31.787305+00:00,2026-07-01T04:15:31.786305,0,1,,,,,,,,,,,,,,,,,,,,,,,71.2,700,,,,,,,,,,,,,,,,,,
2026-06-30T18:15:31.798305+00:00,2026-07-01T04:15:31.795305,1,2,71.15,0.1,71.1,625,,,,,,,,,,,,,,,,,,,71.2,200,71.3,625,,,,,,,,,,,,,,,,
2026-06-30T18:15:31.809305+00:00,2026-07-01T04:15:31.807305,2,2,71.15,0.1,71.1,625,70.8,500,,,,,,,,,,,,,,,,,71.2,700,71.3,625,,,,,,,,,,,,,,,,
2026-06-30T18:15:31.831188+00:00,2026-07-01T04:15:31.828317,2,2,71.15,0.1,71.1,625,70.8,700,,,,,,,,,,,,,,,,,71.2,500,71.3,625,,,,,,,,,,,,,,,,
2026-06-30T18:15:31.841705+00:00,2026-07-01T04:15:31.831188,2,2,71.15,0.1,71.1,425,70.8,700,,,,,,,,,,,,,,,,,71.2,500,71.3,625,,,,,,,,,,,,,,,,
2026-06-30T18:15:32.399202+00:00,2026-07-01T04:15:32.395203,2,1,71.2,0.2,71.1,425,70.8,200,,,,,,,,,,,,,,,,,71.3,625,,,,,,,,,,,,,,,,,,
2026-06-30T18:15:32.410202+00:00,2026-07-01T04:15:32.408202,2,2,71.15,0.1,71.1,425,70.8,700,,,,,,,,,,,,,,,,,71.2,500,71.3,625,,,,,,,,,,,,,,,,
2026-06-30T18:15:32.991329+00:00,2026-07-01T04:15:32.990329,2,2,71.15,0.1,71.1,425,70.8,200,,,,,,,,,,,,,,,,,71.2,500,71.3,625,,,,,,,,,,,,,,,,
2026-06-30T18:15:33.001851+00:00,2026-07-01T04:15:32.997329,2,1,71.2,0.2,71.1,425,70.8,200,,,,,,,,,,,,,,,,,71.3,625,,,,,,,,,,,,,,,,,,
2026-06-30T18:15:33.012849+00:00,2026-07-01T04:15:33.002849,3,1,71.2,0.2,71.1,425,70.8,200,70.7,500,,,,,,,,,,,,,,,71.3,625,,,,,,,,,,,,,,,,,,
2026-06-30T18:15:33.023848+00:00,2026-07-01T04:15:33.018848,3,2,71.15,0.1,71.1,425,70.8,200,70.7,500,,,,,,,,,,,,,,,71.2,500,71.3,625,,,,,,,,,,,,,,,,
2026-06-30T18:15:33.045847+00:00,2026-07-01T04:15:33.038849,3,2,71.15,0.1,71.1,425,70.8,200,70.7,500,,,,,,,,,,,,,,,71.2,500,71.3,625,,,,,,,,,,,,,,,,
2026-06-30T18:15:33.056848+00:00,2026-07-01T04:15:33.046848,3,2,71.15,0.1,71.1,225,70.8,200,70.7,500,,,,,,,,,,,,,,,71.2,500,71.3,625,,,,,,,,,,,,,,,,
2026-06-30T18:15:33.100365+00:00,2026-07-01T04:15:33.099365,2,2,71.0,0.4,70.8,200,70.7,500,,,,,,,,,,,,,,,,,71.2,500,71.3,625,,,,,,,,,,,,,,,,
2026-06-30T18:15:33.111366+00:00,2026-07-01T04:15:33.106365,3,1,71.25,0.1,71.2,125,70.8,200,70.7,500,,,,,,,,,,,,,,,71.3,625,,,,,,,,,,,,,,,,,,
2026-06-30T18:15:33.132397+00:00,2026-07-01T04:15:33.125882,3,1,71.25,0.1,71.2,115,70.8,200,70.7,500,,,,,,,,,,,,,,,71.3,625,,,,,,,,,,,,,,,,,,
2026-06-30T18:15:33.601020+00:00,2026-07-01T04:15:33.593458,2,1,71.25,0.1,71.2,115,70.8,200,,,,,,,,,,,,,,,,,71.3,625,,,,,,,,,,,,,,,,,,
2026-06-30T18:15:33.612321+00:00,2026-07-01T04:15:33.608020,2,2,71.0,0.4,70.8,200,70.7,500,,,,,,,,,,,,,,,,,71.2,385,71.3,625,,,,,,,,,,,,,,,,
2026-06-30T18:15:34.202203+00:00,2026-07-01T04:15:34.195787,1,2,71.0,0.4,70.8,200,,,,,,,,,,,,,,,,,,,71.2,385,71.3,625,,,,,,,,,,,,,,,,
2026-06-30T18:15:34.212682+00:00,2026-07-01T04:15:34.209162,2,1,71.05,0.5,70.8,200,70.7,500,,,,,,,,,,,,,,,,,71.3,625,,,,,,,,,,,,,,,,,,
2026-06-30T18:15:34.223681+00:00,2026-07-01T04:15:34.213679,2,2,71.0,0.4,70.8,200,70.7,500,,,,,,,,,,,,,,,,,71.2,500,71.3,625,,,,,,,,,,,,,,,,
2026-06-30T18:15:34.256679+00:00,2026-07-01T04:15:34.255679,2,2,71.1,0.2,71.0,200,70.7,500,,,,,,,,,,,,,,,,,71.2,500,71.3,625,,,,,,,,,,,,,,,,
2026-06-30T18:15:34.267680+00:00,2026-07-01T04:15:34.267680,2,2,71.1,0.2,71.0,180,70.7,500,,,,,,,,,,,,,,,,,71.2,700,71.3,625,,,,,,,,,,,,,,,,
2026-06-30T18:15:34.419747+00:00,2026-07-01T04:15:34.414746,3,2,71.05,0.1,71.0,180,70.9,625,70.7,500,,,,,,,,,,,,,,,71.1,625,71.2,700,,,,,,,,,,,,,,,,
2026-06-30T18:15:34.605641+00:00,2026-07-01T04:15:34.594640,3,2,71.05,0.1,71.0,180,70.9,625,70.7,500,,,,,,,,,,,,,,,71.1,615,71.2,700,,,,,,,,,,,,,,,,
2026-06-30T18:15:34.802566+00:00,2026-07-01T04:15:34.799565,2,2,71.05,0.1,71.0,180,70.9,625,,,,,,,,,,,,,,,,,71.1,615,71.2,700,,,,,,,,,,,,,,,,
2026-06-30T18:15:34.813565+00:00,2026-07-01T04:15:34.810565,3,2,71.05,0.1,71.0,180,70.9,625,70.7,500,,,,,,,,,,,,,,,71.1,615,71.2,200,,,,,,,,,,,,,,,,
2026-06-30T18:15:34.824565+00:00,2026-07-01T04:15:34.817564,3,2,71.05,0.1,71.0,180,70.9,625,70.7,500,,,,,,,,,,,,,,,71.1,1115,71.2,200,,,,,,,,,,,,,,,,
2026-06-30T18:15:35.402821+00:00,2026-07-01T04:15:35.401821,2,2,71.05,0.1,71.0,180,70.9,625,,,,,,,,,,,,,,,,,71.1,1115,71.2,200,,,,,,,,,,,,,,,,
2026-06-30T18:15:35.413820+00:00,2026-07-01T04:15:35.408820,2,2,71.05,0.1,71.0,180,70.9,625,,,,,,,,,,,,,,,,,71.1,615,71.2,200,,,,,,,,,,,,,,,,
2026-06-30T18:15:35.424820+00:00,2026-07-01T04:15:35.421820,3,2,71.05,0.1,71.0,180,70.9,625,70.7,500,,,,,,,,,,,,,,,71.1,615,71.2,700,,,,,,,,,,,,,,,,
2026-06-30T18:15:35.468820+00:00,2026-07-01T04:15:35.463820,2,2,71.0,0.2,70.9,625,70.7,500,,,,,,,,,,,,,,,,,71.1,615,71.2,700,,,,,,,,,,,,,,,,
2026-06-30T18:15:35.479820+00:00,2026-07-01T04:15:35.468820,2,2,71.0,0.2,70.9,625,70.7,500,,,,,,,,,,,,,,,,,71.1,615,71.2,500,,,,,,,,,,,,,,,,
2026-06-30T18:15:35.490820+00:00,2026-07-01T04:15:35.486820,2,3,71.0,0.2,70.9,625,70.7,500,,,,,,,,,,,,,,,,,71.1,415,71.2,500,71.3,200,,,,,,,,,,,,,,
2026-06-30T18:15:35.720879+00:00,2026-07-01T04:15:35.718879,1,2,70.95,0.5,70.7,500,,,,,,,,,,,,,,,,,,,71.2,500,71.3,200,,,,,,,,,,,,,,,,
2026-06-30T18:15:35.731783+00:00,2026-07-01T04:15:35.725879,1,2,71.0,0.6,70.7,500,,,,,,,,,,,,,,,,,,,71.3,75,71.4,625,,,,,,,,,,,,,,,,
2026-06-30T18:15:36.005661+00:00,2026-07-01T04:15:36.003661,0,2,,,,,,,,,,,,,,,,,,,,,,,71.3,75,71.4,625,,,,,,,,,,,,,,,,
2026-06-30T18:15:36.016662+00:00,2026-07-01T04:15:36.011662,1,2,71.05,0.5,70.8,500,,,,,,,,,,,,,,,,,,,71.3,75,71.4,625,,,,,,,,,,,,,,,,
2026-06-30T18:15:36.027661+00:00,2026-07-01T04:15:36.017662,1,3,71.0,0.4,70.8,500,,,,,,,,,,,,,,,,,,,71.2,500,71.3,75,71.4,625,,,,,,,,,,,,,,
2026-06-30T18:15:36.609575+00:00,2026-07-01T04:15:36.608574,0,3,,,,,,,,,,,,,,,,,,,,,,,71.2,500,71.3,75,71.4,625,,,,,,,,,,,,,,
2026-06-30T18:15:36.619825+00:00,2026-07-01T04:15:36.615825,0,2,,,,,,,,,,,,,,,,,,,,,,,71.3,75,71.4,625,,,,,,,,,,,,,,,,
2026-06-30T18:15:36.630824+00:00,2026-07-01T04:15:36.621825,1,2,71.05,0.5,70.8,500,,,,,,,,,,,,,,,,,,,71.3,75,71.4,625,,,,,,,,,,,,,,,,
2026-06-30T18:15:36.641841+00:00,2026-07-01T04:15:36.632824,1,2,71.05,0.5,70.8,500,,,,,,,,,,,,,,,,,,,71.3,575,71.4,625,,,,,,,,,,,,,,,,
2026-06-30T18:15:36.696837+00:00,2026-07-01T04:15:36.692838,2,2,71.2,0.2,71.1,200,70.8,500,,,,,,,,,,,,,,,,,71.3,700,71.4,625,,,,,,,,,,,,,,,,
2026-06-30T18:15:37.034032+00:00,2026-07-01T04:15:37.028032,3,1,71.2,0.2,71.1,200,71.0,625,70.8,500,,,,,,,,,,,,,,,71.3,700,,,,,,,,,,,,,,,,,,
2026-06-30T18:15:37.045032+00:00,2026-07-01T04:15:37.040032,3,2,71.15,0.1,71.1,200,71.0,625,70.8,500,,,,,,,,,,,,,,,71.2,625,71.3,700,,,,,,,,,,,,,,,,
2026-06-30T18:15:37.241838+00:00,2026-07-01T04:15:37.237824,2,2,71.15,0.1,71.1,200,71.0,625,,,,,,,,,,,,,,,,,71.2,625,71.3,700,,,,,,,,,,,,,,,,
2026-06-30T18:15:37.252037+00:00,2026-07-01T04:15:37.245836,2,2,71.15,0.1,71.1,200,71.0,625,,,,,,,,,,,,,,,,,71.2,625,71.3,200,,,,,,,,,,,,,,,,
2026-06-30T18:15:37.262534+00:00,2026-07-01T04:15:37.261034,3,2,71.15,0.1,71.1,200,71.0,625,70.8,500,,,,,,,,,,,,,,,71.2,625,71.3,700,,,,,,,,,,,,,,,,
2026-06-30T18:15:37.846236+00:00,2026-07-01T04:15:37.845236,2,2,71.15,0.1,71.1,200,71.0,625,,,,,,,,,,,,,,,,,71.2,625,71.3,200,,,,,,,,,,,,,,,,
2026-06-30T18:15:37.857236+00:00,2026-07-01T04:15:37.856236,3,2,71.15,0.1,71.1,200,71.0,625,70.8,500,,,,,,,,,,,,,,,71.2,625,71.3,700,,,,,,,,,,,,,,,,
2026-06-30T18:15:37.900685+00:00,2026-07-01T04:15:37.899685,2,2,71.1,0.2,71.0,625,70.8,500,,,,,,,,,,,,,,,,,71.2,625,71.3,500,,,,,,,,,,,,,,,,
2026-06-30T18:15:37.911644+00:00,2026-07-01T04:15:37.910644,2,2,71.1,0.2,71.0,625,70.8,500,,,,,,,,,,,,,,,,,71.2,425,71.3,700,,,,,,,,,,,,,,,,
2026-06-30T18:15:38.336237+00:00,2026-07-01T04:15:38.336237,1,1,71.05,0.5,70.8,500,,,,,,,,,,,,,,,,,,,71.3,700,,,,,,,,,,,,,,,,,,
2026-06-30T18:15:38.347237+00:00,2026-07-01T04:15:38.339237,2,2,71.15,0.1,71.1,625,70.8,500,,,,,,,,,,,,,,,,,71.2,625,71.3,700,,,,,,,,,,,,,,,,
2026-06-30T18:15:38.445314+00:00,2026-07-01T04:15:38.442314,1,2,71.15,0.1,71.1,625,,,,,,,,,,,,,,,,,,,71.2,625,71.3,700,,,,,,,,,,,,,,,,
2026-06-30T18:15:38.456314+00:00,2026-07-01T04:15:38.455314,2,2,71.15,0.1,71.1,625,70.8,500,,,,,,,,,,,,,,,,,71.2,625,71.3,200,,,,,,,,,,,,,,,,
2026-06-30T18:15:38.467315+00:00,2026-07-01T04:15:38.461315,2,2,71.15,0.1,71.1,625,70.8,500,,,,,,,,,,,,,,,,,71.2,625,71.3,700,,,,,,,,,,,,,,,,
2026-06-30T18:15:39.052574+00:00,2026-07-01T04:15:39.051311,1,2,71.15,0.1,71.1,625,,,,,,,,,,,,,,,,,,,71.2,625,71.3,200,,,,,,,,,,,,,,,,
2026-06-30T18:15:39.063095+00:00,2026-07-01T04:15:39.057571,2,2,71.15,0.1,71.1,625,70.8,500,,,,,,,,,,,,,,,,,71.2,625,71.3,200,,,,,,,,,,,,,,,,
2026-06-30T18:15:39.074093+00:00,2026-07-01T04:15:39.069092,2,2,71.15,0.1,71.1,625,70.8,500,,,,,,,,,,,,,,,,,71.2,1125,71.3,200,,,,,,,,,,,,,,,,
2026-06-30T18:15:39.117241+00:00,2026-07-01T04:15:39.116657,3,1,71.15,0.1,71.1,625,71.0,200,70.8,500,,,,,,,,,,,,,,,71.2,1125,,,,,,,,,,,,,,,,,,
2026-06-30T18:15:39.128238+00:00,2026-07-01T04:15:39.119239,3,1,71.15,0.1,71.1,425,71.0,200,70.8,500,,,,,,,,,,,,,,,71.2,1125,,,,,,,,,,,,,,,,,,
2026-06-30T18:15:39.650620+00:00,2026-07-01T04:15:39.649620,1,2,71.05,0.1,71.0,825,,,,,,,,,,,,,,,,,,,71.1,625,71.2,500,,,,,,,,,,,,,,,,
2026-06-30T18:15:39.661320+00:00,2026-07-01T04:15:39.656320,1,1,71.05,0.1,71.0,825,,,,,,,,,,,,,,,,,,,71.1,625,,,,,,,,,,,,,,,,,,
2026-06-30T18:15:39.672628+00:00,2026-07-01T04:15:39.668320,2,2,71.05,0.1,71.0,825,70.8,500,,,,,,,,,,,,,,,,,71.1,625,71.2,500,,,,,,,,,,,,,,,,
2026-06-30T18:15:39.716141+00:00,2026-07-01T04:15:39.714140,2,2,71.05,0.1,71.0,825,70.8,500,,,,,,,,,,,,,,,,,71.1,590,71.2,500,,,,,,,,,,,,,,,,
2026-06-30T18:15:39.793556+00:00,2026-07-01T04:15:39.793556,2,2,71.05,0.1,71.0,825,70.8,500,,,,,,,,,,,,,,,,,71.1,569,71.2,500,,,,,,,,,,,,,,,,
2026-06-30T18:15:40.251619+00:00,2026-07-01T04:15:40.251619,1,2,71.05,0.1,71.0,825,,,,,,,,,,,,,,,,,,,71.1,569,71.2,500,,,,,,,,,,,,,,,,
2026-06-30T18:15:40.262423+00:00,2026-07-01T04:15:40.256617,1,1,71.05,0.1,71.0,825,,,,,,,,,,,,,,,,,,,71.1,569,,,,,,,,,,,,,,,,,,
2026-06-30T18:15:40.273423+00:00,2026-07-01T04:15:40.268423,2,2,71.05,0.1,71.0,825,70.7,500,,,,,,,,,,,,,,,,,71.1,569,71.2,500,,,,,,,,,,,,,,,,
2026-06-30T18:15:40.328423+00:00,2026-07-01T04:15:40.326423,2,2,71.05,0.1,71.0,825,70.7,500,,,,,,,,,,,,,,,,,71.1,569,71.2,700,,,,,,,,,,,,,,,,
2026-06-30T18:15:40.862403+00:00,2026-07-01T04:15:40.859152,1,2,71.05,0.1,71.0,825,,,,,,,,,,,,,,,,,,,71.1,569,71.2,200,,,,,,,,,,,,,,,,
2026-06-30T18:15:40.873400+00:00,2026-07-01T04:15:40.870400,2,2,71.05,0.1,71.0,825,70.7,500,,,,,,,,,,,,,,,,,71.1,569,71.2,700,,,,,,,,,,,,,,,,
2026-06-30T18:15:40.960434+00:00,2026-07-01T04:15:40.951436,2,2,71.05,0.1,71.0,200,70.7,500,,,,,,,,,,,,,,,,,71.1,569,71.2,700,,,,,,,,,,,,,,,,
2026-06-30T18:15:40.971433+00:00,2026-07-01T04:15:40.968433,2,2,70.9,0.2,70.8,625,70.7,500,,,,,,,,,,,,,,,,,71.0,425,71.2,700,,,,,,,,,,,,,,,,
2026-06-30T18:15:41.463329+00:00,2026-07-01T04:15:41.460329,1,2,70.9,0.2,70.8,625,,,,,,,,,,,,,,,,,,,71.0,425,71.2,200,,,,,,,,,,,,,,,,
2026-06-30T18:15:41.474329+00:00,2026-07-01T04:15:41.465329,2,2,70.9,0.2,70.8,625,70.7,500,,,,,,,,,,,,,,,,,71.0,425,71.2,200,,,,,,,,,,,,,,,,
2026-06-30T18:15:41.485329+00:00,2026-07-01T04:15:41.475329,2,2,70.9,0.2,70.8,625,70.7,500,,,,,,,,,,,,,,,,,71.0,425,71.2,700,,,,,,,,,,,,,,,,
2026-06-30T18:15:41.540328+00:00,2026-07-01T04:15:41.534329,3,2,70.95,0.1,70.9,200,70.8,625,70.7,500,,,,,,,,,,,,,,,71.0,625,71.2,500,,,,,,,,,,,,,,,,
2026-06-30T18:15:42.063503+00:00,2026-07-01T04:15:42.062961,2,1,70.95,0.1,70.9,200,70.8,625,,,,,,,,,,,,,,,,,71.0,625,,,,,,,,,,,,,,,,,,
2026-06-30T18:15:42.074477+00:00,2026-07-01T04:15:42.073478,3,2,70.95,0.1,70.9,200,70.8,625,70.7,500,,,,,,,,,,,,,,,71.0,625,71.2,500,,,,,,,,,,,,,,,,
2026-06-30T18:15:42.281030+00:00,2026-07-01T04:15:42.277030,3,2,71.15,0.1,71.1,425,70.9,200,70.7,500,,,,,,,,,,,,,,,71.2,500,71.3,625,,,,,,,,,,,,,,,,
2026-06-30T18:15:42.662430+00:00,2026-07-01T04:15:42.661848,2,2,71.15,0.1,71.1,425,70.9,200,,,,,,,,,,,,,,,,,71.2,500,71.3,625,,,,,,,,,,,,,,,,
2026-06-30T18:15:42.672832+00:00,2026-07-01T04:15:42.671428,3,1,71.2,0.2,71.1,425,70.9,200,70.7,500,,,,,,,,,,,,,,,71.3,625,,,,,,,,,,,,,,,,,,
2026-06-30T18:15:42.683819+00:00,2026-07-01T04:15:42.677819,3,2,71.15,0.1,71.1,425,70.9,200,70.7,500,,,,,,,,,,,,,,,71.2,500,71.3,625,,,,,,,,,,,,,,,,
2026-06-30T18:15:42.738703+00:00,2026-07-01T04:15:42.737703,3,2,71.15,0.1,71.1,425,71.0,200,70.7,500,,,,,,,,,,,,,,,71.2,500,71.3,625,,,,,,,,,,,,,,,,
2026-06-30T18:15:42.749703+00:00,2026-07-01T04:15:42.742703,3,2,71.15,0.1,71.1,225,71.0,200,70.7,500,,,,,,,,,,,,,,,71.2,500,71.3,625,,,,,,,,,,,,,,,,
2026-06-30T18:15:43.298220+00:00,2026-07-01T04:15:43.295219,2,2,71.15,0.1,71.1,225,71.0,200,,,,,,,,,,,,,,,,,71.2,500,71.3,625,,,,,,,,,,,,,,,,
2026-06-30T18:15:43.309219+00:00,2026-07-01T04:15:43.308219,3,1,71.2,0.2,71.1,225,71.0,200,70.7,500,,,,,,,,,,,,,,,71.3,625,,,,,,,,,,,,,,,,,,
2026-06-30T18:15:43.320218+00:00,2026-07-01T04:15:43.312219,3,2,71.15,0.1,71.1,225,71.0,200,70.7,500,,,,,,,,,,,,,,,71.2,500,71.3,625,,,,,,,,,,,,,,,,
2026-06-30T18:15:43.582501+00:00,2026-07-01T04:15:43.579737,2,2,71.1,0.2,71.0,200,70.7,500,,,,,,,,,,,,,,,,,71.2,500,71.3,625,,,,,,,,,,,,,,,,
2026-06-30T18:15:43.593002+00:00,2026-07-01T04:15:43.587485,1,2,70.8,0.2,70.7,1125,,,,,,,,,,,,,,,,,,,70.9,425,71.2,500,,,,,,,,,,,,,,,,
2026-06-30T18:15:43.899111+00:00,2026-07-01T04:15:43.897112,1,2,70.8,0.2,70.7,625,,,,,,,,,,,,,,,,,,,70.9,425,71.2,500,,,,,,,,,,,,,,,,
2026-06-30T18:15:43.910111+00:00,2026-07-01T04:15:43.903111,1,1,70.8,0.2,70.7,625,,,,,,,,,,,,,,,,,,,70.9,425,,,,,,,,,,,,,,,,,,
2026-06-30T18:15:43.920816+00:00,2026-07-01T04:15:43.919815,1,2,70.8,0.2,70.7,1125,,,,,,,,,,,,,,,,,,,70.9,425,71.2,500,,,,,,,,,,,,,,,,
2026-06-30T18:15:43.953162+00:00,2026-07-01T04:15:43.947430,1,3,70.8,0.2,70.7,1125,,,,,,,,,,,,,,,,,,,70.9,225,71.1,200,71.2,500,,,,,,,,,,,,,,
2026-06-30T18:15:44.500773+00:00,2026-07-01T04:15:44.497773,1,3,70.8,0.2,70.7,625,,,,,,,,,,,,,,,,,,,70.9,225,71.1,200,71.2,500,,,,,,,,,,,,,,
2026-06-30T18:15:44.511772+00:00,2026-07-01T04:15:44.508774,1,2,70.8,0.2,70.7,1125,,,,,,,,,,,,,,,,,,,70.9,225,71.1,200,,,,,,,,,,,,,,,,
2026-06-30T18:15:44.522773+00:00,2026-07-01T04:15:44.513773,1,3,70.8,0.2,70.7,1125,,,,,,,,,,,,,,,,,,,70.9,225,71.1,200,71.2,500,,,,,,,,,,,,,,
2026-06-30T18:15:44.894160+00:00,2026-07-01T04:15:44.893160,1,2,70.9,0.4,70.7,1125,,,,,,,,,,,,,,,,,,,71.1,200,71.2,500,,,,,,,,,,,,,,,,
2026-06-30T18:15:44.905160+00:00,2026-07-01T04:15:44.894160,1,3,70.8,0.2,70.7,1125,,,,,,,,,,,,,,,,,,,70.9,625,71.1,200,71.2,500,,,,,,,,,,,,,,
2026-06-30T18:15:45.101763+00:00,2026-07-01T04:15:45.099762,1,3,70.8,0.2,70.7,625,,,,,,,,,,,,,,,,,,,70.9,625,71.1,200,71.2,500,,,,,,,,,,,,,,
2026-06-30T18:15:45.112779+00:00,2026-07-01T04:15:45.105763,1,2,70.8,0.2,70.7,625,,,,,,,,,,,,,,,,,,,70.9,625,71.1,200,,,,,,,,,,,,,,,,
2026-06-30T18:15:45.123291+00:00,2026-07-01T04:15:45.117774,1,3,70.8,0.2,70.7,1125,,,,,,,,,,,,,,,,,,,70.9,625,71.1,200,71.2,500,,,,,,,,,,,,,,
2026-06-30T18:15:45.156290+00:00,2026-07-01T04:15:45.153290,1,3,70.8,0.2,70.7,1125,,,,,,,,,,,,,,,,,,,70.9,425,71.1,200,71.2,500,,,,,,,,,,,,,,
2026-06-30T18:15:45.671306+00:00,2026-07-01T04:15:45.662339,1,3,70.8,0.2,70.7,1125,,,,,,,,,,,,,,,,,,,70.9,405,71.1,200,71.2,500,,,,,,,,,,,,,,
2026-06-30T18:15:45.714871+00:00,2026-07-01T04:15:45.710872,1,2,70.8,0.2,70.7,625,,,,,,,,,,,,,,,,,,,70.9,405,71.1,200,,,,,,,,,,,,,,,,
2026-06-30T18:15:45.725682+00:00,2026-07-01T04:15:45.721872,1,3,70.8,0.2,70.7,1125,,,,,,,,,,,,,,,,,,,70.9,405,71.1,200,71.2,500,,,,,,,,,,,,,,
2026-06-30T18:15:46.202044+00:00,2026-07-01T04:15:46.200044,2,2,70.95,0.3,70.8,625,70.7,500,,,,,,,,,,,,,,,,,71.1,200,71.2,500,,,,,,,,,,,,,,,,
2026-06-30T18:15:46.213043+00:00,2026-07-01T04:15:46.202044,2,3,70.9,0.2,70.8,625,70.7,500,,,,,,,,,,,,,,,,,71.0,625,71.1,200,71.2,500,,,,,,,,,,,,,,
2026-06-30T18:15:46.322090+00:00,2026-07-01T04:15:46.319091,1,2,70.9,0.2,70.8,625,,,,,,,,,,,,,,,,,,,71.0,625,71.1,200,,,,,,,,,,,,,,,,
2026-06-30T18:15:46.333278+00:00,2026-07-01T04:15:46.327090,2,2,70.9,0.2,70.8,625,70.7,500,,,,,,,,,,,,,,,,,71.0,625,71.1,200,,,,,,,,,,,,,,,,
2026-06-30T18:15:46.344275+00:00,2026-07-01T04:15:46.333278,2,3,70.9,0.2,70.8,625,70.7,500,,,,,,,,,,,,,,,,,71.0,625,71.1,200,71.2,500,,,,,,,,,,,,,,
2026-06-30T18:15:46.366275+00:00,2026-07-01T04:15:46.361275,3,3,70.95,0.1,70.9,200,70.8,625,70.7,500,,,,,,,,,,,,,,,71.0,625,71.1,200,71.2,500,,,,,,,,,,,,,,
2026-06-30T18:15:46.920148+00:00,2026-07-01T04:15:46.917148,2,2,70.95,0.1,70.9,200,70.8,625,,,,,,,,,,,,,,,,,71.0,625,71.1,200,,,,,,,,,,,,,,,,
2026-06-30T18:15:46.931148+00:00,2026-07-01T04:15:46.926148,3,2,70.95,0.1,70.9,200,70.8,625,70.7,500,,,,,,,,,,,,,,,71.0,625,71.1,200,,,,,,,,,,,,,,,,
2026-06-30T18:15:46.942190+00:00,2026-07-01T04:15:46.931148,3,3,70.95,0.1,70.9,200,70.8,625,70.7,500,,,,,,,,,,,,,,,71.0,625,71.1,200,71.2,500,,,,,,,,,,,,,,
2026-06-30T18:15:47.506325+00:00,2026-07-01T04:15:47.505325,2,3,70.95,0.1,70.9,200,70.7,500,,,,,,,,,,,,,,,,,71.0,625,71.1,200,71.2,500,,,,,,,,,,,,,,
2026-06-30T18:15:47.517325+00:00,2026-07-01T04:15:47.514326,2,2,71.0,0.2,70.9,200,70.8,625,,,,,,,,,,,,,,,,,71.1,200,71.2,500,,,,,,,,,,,,,,,,
2026-06-30T18:15:47.528325+00:00,2026-07-01T04:15:47.522330,2,2,70.95,0.1,70.9,200,70.8,625,,,,,,,,,,,,,,,,,71.0,625,71.1,200,,,,,,,,,,,,,,,,
2026-06-30T18:15:47.538841+00:00,2026-07-01T04:15:47.529325,3,2,70.95,0.1,70.9,200,70.8,625,70.7,500,,,,,,,,,,,,,,,71.0,625,71.1,200,,,,,,,,,,,,,,,,
2026-06-30T18:15:47.549357+00:00,2026-07-01T04:15:47.540357,3,3,70.95,0.1,70.9,200,70.8,625,70.7,500,,,,,,,,,,,,,,,71.0,625,71.1,200,71.2,500,,,,,,,,,,,,,,
2026-06-30T18:15:47.571357+00:00,2026-07-01T04:15:47.567357,2,3,70.9,0.2,70.8,625,70.7,500,,,,,,,,,,,,,,,,,71.0,625,71.1,200,71.2,500,,,,,,,,,,,,,,
2026-06-30T18:15:47.582356+00:00,2026-07-01T04:15:47.577357,2,2,70.9,0.2,70.8,625,70.7,500,,,,,,,,,,,,,,,,,71.0,625,71.2,500,,,,,,,,,,,,,,,,
2026-06-30T18:15:47.593120+00:00,2026-07-01T04:15:47.585357,2,3,70.9,0.2,70.8,625,70.7,500,,,,,,,,,,,,,,,,,71.0,425,71.1,200,71.2,500,,,,,,,,,,,,,,
2026-06-30T18:15:48.123695+00:00,2026-07-01T04:15:48.120299,1,2,70.9,0.2,70.8,625,,,,,,,,,,,,,,,,,,,71.0,425,71.1,200,,,,,,,,,,,,,,,,
2026-06-30T18:15:48.134711+00:00,2026-07-01T04:15:48.131692,2,3,70.9,0.2,70.8,625,70.7,500,,,,,,,,,,,,,,,,,71.0,425,71.1,200,71.2,500,,,,,,,,,,,,,,
2026-06-30T18:15:48.731228+00:00,2026-07-01T04:15:48.729229,1,2,70.9,0.2,70.8,1125,,,,,,,,,,,,,,,,,,,71.0,425,71.1,200,,,,,,,,,,,,,,,,
2026-06-30T18:15:48.742228+00:00,2026-07-01T04:15:48.734230,1,3,70.9,0.2,70.8,1125,,,,,,,,,,,,,,,,,,,71.0,425,71.1,200,71.2,500,,,,,,,,,,,,,,
2026-06-30T18:15:48.796483+00:00,2026-07-01T04:15:48.791483,1,2,70.9,0.2,70.8,1325,,,,,,,,,,,,,,,,,,,71.0,625,71.2,500,,,,,,,,,,,,,,,,
2026-06-30T18:15:48.829483+00:00,2026-07-01T04:15:48.828484,2,2,71.05,0.1,71.0,425,70.8,700,,,,,,,,,,,,,,,,,71.1,625,71.2,500,,,,,,,,,,,,,,,,
2026-06-30T18:15:48.905354+00:00,2026-07-01T04:15:48.901354,2,2,71.05,0.1,71.0,425,70.8,700,,,,,,,,,,,,,,,,,71.1,475,71.2,500,,,,,,,,,,,,,,,,
2026-06-30T18:15:49.354665+00:00,2026-07-01T04:15:49.353148,2,1,71.05,0.1,71.0,425,70.8,200,,,,,,,,,,,,,,,,,71.1,475,,,,,,,,,,,,,,,,,,
2026-06-30T18:15:49.365665+00:00,2026-07-01T04:15:49.358664,2,1,71.05,0.1,71.0,425,70.8,700,,,,,,,,,,,,,,,,,71.1,475,,,,,,,,,,,,,,,,,,
2026-06-30T18:15:49.376665+00:00,2026-07-01T04:15:49.366664,2,2,71.05,0.1,71.0,425,70.8,700,,,,,,,,,,,,,,,,,71.1,475,71.2,500,,,,,,,,,,,,,,,,
2026-06-30T18:15:49.955073+00:00,2026-07-01T04:15:49.951074,2,2,71.05,0.1,71.0,425,70.8,200,,,,,,,,,,,,,,,,,71.1,475,71.2,500,,,,,,,,,,,,,,,,
2026-06-30T18:15:49.966073+00:00,2026-07-01T04:15:49.956074,2,1,71.05,0.1,71.0,425,70.8,200,,,,,,,,,,,,,,,,,71.1,475,,,,,,,,,,,,,,,,,,
2026-06-30T18:15:49.977074+00:00,2026-07-01T04:15:49.970074,2,2,71.05,0.1,71.0,425,70.8,700,,,,,,,,,,,,,,,,,71.1,475,71.2,500,,,,,,,,,,,,,,,,
2026-06-30T18:15:49.999073+00:00,2026-07-01T04:15:49.998073,2,2,71.05,0.1,71.0,425,70.8,500,,,,,,,,,,,,,,,,,71.1,475,71.2,500,,,,,,,,,,,,,,,,
2026-06-30T18:15:50.010073+00:00,2026-07-01T04:15:50.006073,2,2,71.05,0.1,71.0,225,70.8,700,,,,,,,,,,,,,,,,,71.1,475,71.2,500,,,,,,,,,,,,,,,,
2026-06-30T18:15:50.140531+00:00,2026-07-01T04:15:50.139531,1,2,70.85,0.1,70.8,1325,,,,,,,,,,,,,,,,,,,70.9,625,71.2,500,,,,,,,,,,,,,,,,
2026-06-30T18:15:50.162531+00:00,2026-07-01T04:15:50.155531,1,2,70.85,0.1,70.8,1325,,,,,,,,,,,,,,,,,,,70.9,620,71.2,500,,,,,,,,,,,,,,,,
2026-06-30T18:15:50.271497+00:00,2026-07-01T04:15:50.270497,1,2,70.85,0.1,70.8,1325,,,,,,,,,,,,,,,,,,,70.9,605,71.2,500,,,,,,,,,,,,,,,,
2026-06-30T18:15:50.556531+00:00,2026-07-01T04:15:50.549531,1,2,70.85,0.1,70.8,825,,,,,,,,,,,,,,,,,,,70.9,605,71.2,500,,,,,,,,,,,,,,,,
2026-06-30T18:15:50.567531+00:00,2026-07-01T04:15:50.563531,1,1,70.85,0.1,70.8,1325,,,,,,,,,,,,,,,,,,,70.9,605,,,,,,,,,,,,,,,,,,
2026-06-30T18:15:50.578530+00:00,2026-07-01T04:15:50.570531,1,2,70.85,0.1,70.8,1325,,,,,,,,,,,,,,,,,,,70.9,605,71.2,500,,,,,,,,,,,,,,,,
2026-06-30T18:15:51.158751+00:00,2026-07-01T04:15:51.157751,1,1,70.85,0.1,70.8,825,,,,,,,,,,,,,,,,,,,70.9,605,,,,,,,,,,,,,,,,,,
2026-06-30T18:15:51.169750+00:00,2026-07-01T04:15:51.167750,1,2,70.85,0.1,70.8,1325,,,,,,,,,,,,,,,,,,,70.9,605,71.3,500,,,,,,,,,,,,,,,,
2026-06-30T18:15:51.213762+00:00,2026-07-01T04:15:51.211750,1,3,70.85,0.1,70.8,1325,,,,,,,,,,,,,,,,,,,70.9,605,71.0,200,71.3,500,,,,,,,,,,,,,,
2026-06-30T18:15:51.442684+00:00,2026-07-01T04:15:51.440684,1,2,70.9,0.2,70.8,700,,,,,,,,,,,,,,,,,,,71.0,200,71.3,500,,,,,,,,,,,,,,,,
2026-06-30T18:15:51.454094+00:00,2026-07-01T04:15:51.444684,1,2,70.9,0.2,70.8,1325,,,,,,,,,,,,,,,,,,,71.0,825,71.3,500,,,,,,,,,,,,,,,,
2026-06-30T18:15:51.770934+00:00,2026-07-01T04:15:51.768934,1,1,70.9,0.2,70.8,1325,,,,,,,,,,,,,,,,,,,71.0,825,,,,,,,,,,,,,,,,,,
2026-06-30T18:15:51.781934+00:00,2026-07-01T04:15:51.772934,1,2,70.9,0.2,70.8,1325,,,,,,,,,,,,,,,,,,,71.0,825,71.2,500,,,,,,,,,,,,,,,,
2026-06-30T18:15:52.358467+00:00,2026-07-01T04:15:52.357467,1,2,70.9,0.2,70.8,825,,,,,,,,,,,,,,,,,,,71.0,825,71.2,500,,,,,,,,,,,,,,,,
2026-06-30T18:15:52.369467+00:00,2026-07-01T04:15:52.364467,1,1,70.9,0.2,70.8,825,,,,,,,,,,,,,,,,,,,71.0,825,,,,,,,,,,,,,,,,,,
2026-06-30T18:15:52.380466+00:00,2026-07-01T04:15:52.377467,1,2,70.9,0.2,70.8,1325,,,,,,,,,,,,,,,,,,,71.0,825,71.3,500,,,,,,,,,,,,,,,,
2026-06-30T18:15:52.423443+00:00,2026-07-01T04:15:52.420898,2,3,70.85,0.1,70.8,1125,70.7,200,,,,,,,,,,,,,,,,,70.9,200,71.0,625,71.3,500,,,,,,,,,,,,,,
2026-06-30T18:15:52.750879+00:00,2026-07-01T04:15:52.747879,2,3,70.85,0.1,70.8,500,70.7,200,,,,,,,,,,,,,,,,,70.9,200,71.0,625,71.3,500,,,,,,,,,,,,,,
2026-06-30T18:15:52.761879+00:00,2026-07-01T04:15:52.754879,1,3,70.75,0.1,70.7,825,,,,,,,,,,,,,,,,,,,70.8,125,70.9,200,71.3,500,,,,,,,,,,,,,,
2026-06-30T18:15:52.804936+00:00,2026-07-01T04:15:52.797396,1,3,70.75,0.1,70.7,825,,,,,,,,,,,,,,,,,,,70.8,90,70.9,200,71.3,500,,,,,,,,,,,,,,
2026-06-30T18:15:52.968498+00:00,2026-07-01T04:15:52.966498,2,1,70.85,0.1,70.8,410,70.7,825,,,,,,,,,,,,,,,,,70.9,200,,,,,,,,,,,,,,,,,,
2026-06-30T18:15:52.979533+00:00,2026-07-01T04:15:52.971497,2,2,70.85,0.1,70.8,410,70.7,825,,,,,,,,,,,,,,,,,70.9,200,71.3,500,,,,,,,,,,,,,,,,
2026-06-30T18:15:53.034641+00:00,2026-07-01T04:15:53.026640,2,2,70.85,0.1,70.8,410,70.7,825,,,,,,,,,,,,,,,,,70.9,180,71.3,500,,,,,,,,,,,,,,,,
2026-06-30T18:15:53.564168+00:00,2026-07-01T04:15:53.562168,1,2,70.8,0.2,70.7,825,,,,,,,,,,,,,,,,,,,70.9,180,71.3,500,,,,,,,,,,,,,,,,
2026-06-30T18:15:53.574685+00:00,2026-07-01T04:15:53.568168,1,1,70.8,0.2,70.7,825,,,,,,,,,,,,,,,,,,,70.9,180,,,,,,,,,,,,,,,,,,
2026-06-30T18:15:53.585202+00:00,2026-07-01T04:15:53.580684,2,2,70.85,0.1,70.8,500,70.7,825,,,,,,,,,,,,,,,,,70.9,180,71.3,500,,,,,,,,,,,,,,,,
2026-06-30T18:15:53.629201+00:00,2026-07-01T04:15:53.627201,2,1,71.05,0.5,70.8,500,70.7,625,,,,,,,,,,,,,,,,,71.3,500,,,,,,,,,,,,,,,,,,
2026-06-30T18:15:53.640202+00:00,2026-07-01T04:15:53.633202,3,1,71.05,0.5,70.8,300,70.7,625,70.6,200,,,,,,,,,,,,,,,71.3,500,,,,,,,,,,,,,,,,,,
2026-06-30T18:15:54.065466+00:00,2026-07-01T04:15:54.062465,3,2,71.0,0.2,70.9,625,70.8,300,70.6,200,,,,,,,,,,,,,,,71.1,625,71.3,500,,,,,,,,,,,,,,,,
2026-06-30T18:15:54.174625+00:00,2026-07-01T04:15:54.172107,2,1,71.0,0.2,70.9,625,70.6,200,,,,,,,,,,,,,,,,,71.1,625,,,,,,,,,,,,,,,,,,
2026-06-30T18:15:54.185625+00:00,2026-07-01T04:15:54.184624,3,2,71.0,0.2,70.9,625,70.8,500,70.6,200,,,,,,,,,,,,,,,71.1,625,71.3,500,,,,,,,,,,,,,,,,
2026-06-30T18:15:54.690005+00:00,2026-07-01T04:15:54.681006,3,2,71.0,0.2,70.9,600,70.8,500,70.6,200,,,,,,,,,,,,,,,71.1,625,71.3,500,,,,,,,,,,,,,,,,
2026-06-30T18:15:54.778005+00:00,2026-07-01T04:15:54.776005,2,1,71.0,0.2,70.9,600,70.6,200,,,,,,,,,,,,,,,,,71.1,625,,,,,,,,,,,,,,,,,,
2026-06-30T18:15:54.789005+00:00,2026-07-01T04:15:54.784005,3,2,71.0,0.2,70.9,600,70.8,500,70.6,200,,,,,,,,,,,,,,,71.1,625,71.3,500,,,,,,,,,,,,,,,,
2026-06-30T18:15:54.843884+00:00,2026-07-01T04:15:54.839884,3,2,71.0,0.2,70.9,400,70.8,500,70.5,200,,,,,,,,,,,,,,,71.1,625,71.3,500,,,,,,,,,,,,,,,,
2026-06-30T18:15:55.214294+00:00,2026-07-01T04:15:55.210294,3,2,71.0,0.2,70.9,400,70.8,500,70.5,200,,,,,,,,,,,,,,,71.1,504,71.3,500,,,,,,,,,,,,,,,,
2026-06-30T18:15:55.235329+00:00,2026-07-01T04:15:55.226811,3,2,71.0,0.2,70.9,400,70.8,500,70.5,200,,,,,,,,,,,,,,,71.1,475,71.3,500,,,,,,,,,,,,,,,,
2026-06-30T18:15:55.377375+00:00,2026-07-01T04:15:55.369374,2,2,70.85,0.1,70.8,1125,70.5,200,,,,,,,,,,,,,,,,,70.9,625,71.3,500,,,,,,,,,,,,,,,,
2026-06-30T18:15:55.399375+00:00,2026-07-01T04:15:55.397374,2,2,70.85,0.1,70.8,625,70.5,200,,,,,,,,,,,,,,,,,70.9,625,71.3,500,,,,,,,,,,,,,,,,
2026-06-30T18:15:55.410375+00:00,2026-07-01T04:15:55.406374,2,1,70.85,0.1,70.8,625,70.5,200,,,,,,,,,,,,,,,,,70.9,625,,,,,,,,,,,,,,,,,,
2026-06-30T18:15:55.421374+00:00,2026-07-01T04:15:55.420375,2,1,70.85,0.1,70.8,1125,70.5,200,,,,,,,,,,,,,,,,,70.9,625,,,,,,,,,,,,,,,,,,
2026-06-30T18:15:55.432375+00:00,2026-07-01T04:15:55.422374,2,2,70.85,0.1,70.8,1125,70.5,200,,,,,,,,,,,,,,,,,70.9,625,71.2,500,,,,,,,,,,,,,,,,
2026-06-30T18:15:56.010330+00:00,2026-07-01T04:15:56.002329,2,2,70.85,0.1,70.8,625,70.5,200,,,,,,,,,,,,,,,,,70.9,625,71.2,500,,,,,,,,,,,,,,,,
2026-06-30T18:15:56.021329+00:00,2026-07-01T04:15:56.020328,3,1,70.85,0.1,70.8,625,70.7,500,70.5,200,,,,,,,,,,,,,,,70.9,625,,,,,,,,,,,,,,,,,,
2026-06-30T18:15:56.032329+00:00,2026-07-01T04:15:56.028330,3,2,70.85,0.1,70.8,625,70.7,500,70.5,200,,,,,,,,,,,,,,,70.9,625,71.2,500,,,,,,,,,,,,,,,,
2026-06-30T18:15:56.054256+00:00,2026-07-01T04:15:56.053329,3,2,70.85,0.1,70.8,425,70.7,500,70.6,200,,,,,,,,,,,,,,,70.9,625,71.2,500,,,,,,,,,,,,,,,,
2026-06-30T18:15:56.612352+00:00,2026-07-01T04:15:56.611352,2,1,70.85,0.1,70.8,425,70.6,200,,,,,,,,,,,,,,,,,70.9,625,,,,,,,,,,,,,,,,,,
2026-06-30T18:15:56.623353+00:00,2026-07-01T04:15:56.618353,3,1,70.85,0.1,70.8,425,70.7,500,70.6,200,,,,,,,,,,,,,,,70.9,625,,,,,,,,,,,,,,,,,,
2026-06-30T18:15:56.634316+00:00,2026-07-01T04:15:56.625353,3,2,70.85,0.1,70.8,425,70.7,500,70.6,200,,,,,,,,,,,,,,,70.9,625,71.2,500,,,,,,,,,,,,,,,,
2026-06-30T18:15:56.678313+00:00,2026-07-01T04:15:56.676314,3,1,71.0,0.4,70.8,625,70.7,500,70.6,200,,,,,,,,,,,,,,,71.2,500,,,,,,,,,,,,,,,,,,
2026-06-30T18:15:56.689313+00:00,2026-07-01T04:15:56.678313,3,2,70.9,0.2,70.8,625,70.7,500,70.6,200,,,,,,,,,,,,,,,71.0,625,71.2,500,,,,,,,,,,,,,,,,
2026-06-30T18:15:56.732540+00:00,2026-07-01T04:15:56.724314,3,2,70.9,0.2,70.8,625,70.7,500,70.6,200,,,,,,,,,,,,,,,71.0,605,71.2,500,,,,,,,,,,,,,,,,
2026-06-30T18:15:57.212478+00:00,2026-07-01T04:15:57.208477,2,2,70.9,0.2,70.8,625,70.6,200,,,,,,,,,,,,,,,,,71.0,605,71.2,500,,,,,,,,,,,,,,,,
2026-06-30T18:15:57.223772+00:00,2026-07-01T04:15:57.215542,2,1,70.9,0.2,70.8,625,70.6,200,,,,,,,,,,,,,,,,,71.0,605,,,,,,,,,,,,,,,,,,
2026-06-30T18:15:57.234292+00:00,2026-07-01T04:15:57.233294,3,2,70.9,0.2,70.8,625,70.7,500,70.6,200,,,,,,,,,,,,,,,71.0,605,71.2,500,,,,,,,,,,,,,,,,
2026-06-30T18:15:57.244809+00:00,2026-07-01T04:15:57.244294,3,2,70.9,0.2,70.8,625,70.7,500,70.6,200,,,,,,,,,,,,,,,71.0,590,71.2,500,,,,,,,,,,,,,,,,
2026-06-30T18:15:57.266856+00:00,2026-07-01T04:15:57.263858,2,2,70.9,0.2,70.8,625,70.7,500,,,,,,,,,,,,,,,,,71.0,590,71.2,500,,,,,,,,,,,,,,,,
2026-06-30T18:15:57.277856+00:00,2026-07-01T04:15:57.270856,2,2,70.9,0.2,70.8,625,70.7,700,,,,,,,,,,,,,,,,,71.0,590,71.2,500,,,,,,,,,,,,,,,,
2026-06-30T18:15:57.288856+00:00,2026-07-01T04:15:57.277856,2,3,70.85,0.1,70.8,625,70.7,700,,,,,,,,,,,,,,,,,70.9,200,71.0,590,71.2,500,,,,,,,,,,,,,,
2026-06-30T18:15:57.321116+00:00,2026-07-01T04:15:57.310900,2,3,70.85,0.1,70.8,625,70.7,700,,,,,,,,,,,,,,,,,70.9,190,71.0,590,71.2,500,,,,,,,,,,,,,,
2026-06-30T18:15:57.828026+00:00,2026-07-01T04:15:57.827025,2,2,70.85,0.1,70.8,1125,70.7,200,,,,,,,,,,,,,,,,,70.9,190,71.0,590,,,,,,,,,,,,,,,,
2026-06-30T18:15:57.838330+00:00,2026-07-01T04:15:57.833329,2,3,70.85,0.1,70.8,1125,70.7,200,,,,,,,,,,,,,,,,,70.9,190,71.0,590,71.2,500,,,,,,,,,,,,,,
2026-06-30T18:15:57.989979+00:00,2026-07-01T04:15:57.987979,2,3,70.85,0.1,70.8,1125,70.7,200,,,,,,,,,,,,,,,,,70.9,190,71.0,625,71.2,500,,,,,,,,,,,,,,
2026-06-30T18:15:58.416018+00:00,2026-07-01T04:15:58.413017,2,3,70.85,0.1,70.8,625,70.7,200,,,,,,,,,,,,,,,,,70.9,190,71.0,625,71.2,500,,,,,,,,,,,,,,
2026-06-30T18:15:58.427018+00:00,2026-07-01T04:15:58.426017,2,2,70.85,0.1,70.8,1125,70.7,200,,,,,,,,,,,,,,,,,70.9,190,71.0,625,,,,,,,,,,,,,,,,
2026-06-30T18:15:58.438017+00:00,2026-07-01T04:15:58.433017,2,3,70.85,0.1,70.8,1125,70.7,200,,,,,,,,,,,,,,,,,70.9,190,71.0,625,71.2,500,,,,,,,,,,,,,,
2026-06-30T18:15:58.492534+00:00,2026-07-01T04:15:58.491534,2,2,70.9,0.2,70.8,925,70.5,200,,,,,,,,,,,,,,,,,71.0,625,71.2,500,,,,,,,,,,,,,,,,
2026-06-30T18:15:59.026725+00:00,2026-07-01T04:15:59.021724,2,1,70.9,0.2,70.8,425,70.5,200,,,,,,,,,,,,,,,,,71.0,625,,,,,,,,,,,,,,,,,,
2026-06-30T18:15:59.037724+00:00,2026-07-01T04:15:59.033725,2,2,70.9,0.2,70.8,925,70.5,200,,,,,,,,,,,,,,,,,71.0,625,71.2,500,,,,,,,,,,,,,,,,
2026-06-30T18:15:59.299659+00:00,2026-07-01T04:15:59.296660,3,2,70.85,0.1,70.8,500,70.7,625,70.5,200,,,,,,,,,,,,,,,70.9,625,71.2,500,,,,,,,,,,,,,,,,
2026-06-30T18:15:59.343660+00:00,2026-07-01T04:15:59.334660,3,2,70.85,0.1,70.8,500,70.7,625,70.5,200,,,,,,,,,,,,,,,70.9,600,71.2,500,,,,,,,,,,,,,,,,
2026-06-30T18:15:59.628341+00:00,2026-07-01T04:15:59.624341,2,1,70.8,0.2,70.7,625,70.5,200,,,,,,,,,,,,,,,,,70.9,600,,,,,,,,,,,,,,,,,,
2026-06-30T18:15:59.639342+00:00,2026-07-01T04:15:59.636341,3,2,70.85,0.1,70.8,500,70.7,625,70.5,200,,,,,,,,,,,,,,,70.9,600,71.2,500,,,,,,,,,,,,,,,,
2026-06-30T18:15:59.705116+00:00,2026-07-01T04:15:59.701874,3,2,70.85,0.1,70.8,300,70.7,625,70.4,200,,,,,,,,,,,,,,,70.9,600,71.2,500,,,,,,,,,,,,,,,,
2026-06-30T18:16:00.226941+00:00,2026-07-01T04:16:00.220940,2,2,70.8,0.2,70.7,625,70.4,200,,,,,,,,,,,,,,,,,70.9,600,71.2,500,,,,,,,,,,,,,,,,
2026-06-30T18:16:00.237941+00:00,2026-07-01T04:16:00.236942,3,2,70.85,0.1,70.8,500,70.7,625,70.4,200,,,,,,,,,,,,,,,70.9,600,71.2,500,,,,,,,,,,,,,,,,
2026-06-30T18:16:00.610756+00:00,2026-07-01T04:16:00.605404,2,2,70.75,0.1,70.7,625,70.4,200,,,,,,,,,,,,,,,,,70.8,125,71.2,500,,,,,,,,,,,,,,,,
2026-06-30T18:16:00.621274+00:00,2026-07-01T04:16:00.610756,2,2,70.75,0.1,70.7,620,70.4,200,,,,,,,,,,,,,,,,,70.8,125,71.2,500,,,,,,,,,,,,,,,,
2026-06-30T18:16:00.783749+00:00,2026-07-01T04:16:00.782747,2,2,70.75,0.1,70.7,575,70.4,200,,,,,,,,,,,,,,,,,70.8,125,71.2,500,,,,,,,,,,,,,,,,
2026-06-30T18:16:00.826540+00:00,2026-07-01T04:16:00.825015,2,1,70.75,0.1,70.7,575,70.4,200,,,,,,,,,,,,,,,,,70.8,125,,,,,,,,,,,,,,,,,,
2026-06-30T18:16:00.837444+00:00,2026-07-01T04:16:00.835443,3,1,71.0,0.4,70.8,375,70.7,575,70.4,200,,,,,,,,,,,,,,,71.2,500,,,,,,,,,,,,,,,,,,
2026-06-30T18:16:00.925726+00:00,2026-07-01T04:16:00.914727,3,1,71.0,0.4,70.8,175,70.7,575,70.6,200,,,,,,,,,,,,,,,71.2,500,,,,,,,,,,,,,,,,,,
2026-06-30T18:16:00.947202+00:00,2026-07-01T04:16:00.943670,3,1,71.0,0.4,70.8,145,70.7,575,70.6,200,,,,,,,,,,,,,,,71.2,500,,,,,,,,,,,,,,,,,,
2026-06-30T18:16:01.458966+00:00,2026-07-01T04:16:01.454966,2,1,70.95,0.5,70.7,575,70.6,200,,,,,,,,,,,,,,,,,71.2,500,,,,,,,,,,,,,,,,,,
2026-06-30T18:16:01.469965+00:00,2026-07-01T04:16:01.465966,3,0,,,70.8,500,70.7,575,70.6,200,,,,,,,,,,,,,,,,,,,,,,,,,,,,,,,,,,
2026-06-30T18:16:01.480966+00:00,2026-07-01T04:16:01.471966,3,1,71.0,0.4,70.8,500,70.7,575,70.6,200,,,,,,,,,,,,,,,71.2,500,,,,,,,,,,,,,,,,,,
2026-06-30T18:16:01.918781+00:00,2026-07-01T04:16:01.910780,3,2,71.0,0.2,70.9,625,70.8,500,70.6,200,,,,,,,,,,,,,,,71.1,625,71.2,500,,,,,,,,,,,,,,,,
2026-06-30T18:16:01.984917+00:00,2026-07-01T04:16:01.978962,3,2,71.0,0.2,70.9,590,70.8,500,70.6,200,,,,,,,,,,,,,,,71.1,625,71.2,500,,,,,,,,,,,,,,,,
2026-06-30T18:16:02.061436+00:00,2026-07-01T04:16:02.058437,2,2,71.0,0.2,70.9,590,70.6,200,,,,,,,,,,,,,,,,,71.1,625,71.2,500,,,,,,,,,,,,,,,,
2026-06-30T18:16:02.072436+00:00,2026-07-01T04:16:02.069435,3,1,71.0,0.2,70.9,590,70.8,500,70.6,200,,,,,,,,,,,,,,,71.1,625,,,,,,,,,,,,,,,,,,
2026-06-30T18:16:02.083436+00:00,2026-07-01T04:16:02.076435,3,2,71.0,0.2,70.9,590,70.8,500,70.6,200,,,,,,,,,,,,,,,71.1,625,71.2,500,,,,,,,,,,,,,,,,
2026-06-30T18:16:02.094688+00:00,2026-07-01T04:16:02.088688,3,2,71.0,0.2,70.9,565,70.8,500,70.6,200,,,,,,,,,,,,,,,71.1,625,71.2,500,,,,,,,,,,,,,,,,
2026-06-30T18:16:02.116222+00:00,2026-07-01T04:16:02.111701,2,2,71.0,0.2,70.9,565,70.8,500,,,,,,,,,,,,,,,,,71.1,625,71.2,500,,,,,,,,,,,,,,,,
2026-06-30T18:16:02.127221+00:00,2026-07-01T04:16:02.119220,3,2,71.0,0.2,70.9,365,70.8,500,70.7,200,,,,,,,,,,,,,,,71.1,625,71.2,500,,,,,,,,,,,,,,,,
2026-06-30T18:16:02.664286+00:00,2026-07-01T04:16:02.659246,2,2,71.0,0.2,70.9,365,70.7,200,,,,,,,,,,,,,,,,,71.1,625,71.2,500,,,,,,,,,,,,,,,,
2026-06-30T18:16:02.675677+00:00,2026-07-01T04:16:02.671245,2,1,71.0,0.2,70.9,365,70.7,700,,,,,,,,,,,,,,,,,71.1,625,,,,,,,,,,,,,,,,,,
2026-06-30T18:16:02.686652+00:00,2026-07-01T04:16:02.676652,2,2,71.0,0.2,70.9,365,70.7,700,,,,,,,,,,,,,,,,,71.1,625,71.2,500,,,,,,,,,,,,,,,,
2026-06-30T18:16:03.221710+00:00,2026-07-01T04:16:03.218710,1,2,70.8,0.2,70.7,1325,,,,,,,,,,,,,,,,,,,70.9,625,71.2,500,,,,,,,,,,,,,,,,
2026-06-30T18:16:03.265281+00:00,2026-07-01T04:16:03.262280,1,2,70.8,0.2,70.7,825,,,,,,,,,,,,,,,,,,,70.9,625,71.2,500,,,,,,,,,,,,,,,,
2026-06-30T18:16:03.275808+00:00,2026-07-01T04:16:03.270280,1,1,70.8,0.2,70.7,825,,,,,,,,,,,,,,,,,,,70.9,625,,,,,,,,,,,,,,,,,,
2026-06-30T18:16:03.286410+00:00,2026-07-01T04:16:03.282799,1,2,70.8,0.2,70.7,1325,,,,,,,,,,,,,,,,,,,70.9,625,71.2,500,,,,,,,,,,,,,,,,
2026-06-30T18:16:03.318832+00:00,2026-07-01T04:16:03.316832,1,2,70.8,0.2,70.7,1125,,,,,,,,,,,,,,,,,,,70.9,625,71.2,500,,,,,,,,,,,,,,,,
2026-06-30T18:16:03.329832+00:00,2026-07-01T04:16:03.328832,2,3,70.75,0.1,70.7,1125,70.6,200,,,,,,,,,,,,,,,,,70.8,200,70.9,625,71.2,500,,,,,,,,,,,,,,
2026-06-30T18:16:03.875548+00:00,2026-07-01T04:16:03.868030,2,3,70.75,0.1,70.7,625,70.6,200,,,,,,,,,,,,,,,,,70.8,200,70.9,625,71.2,500,,,,,,,,,,,,,,
2026-06-30T18:16:03.886547+00:00,2026-07-01T04:16:03.882546,3,1,70.85,0.1,70.8,300,70.7,625,70.6,200,,,,,,,,,,,,,,,70.9,625,,,,,,,,,,,,,,,,,,
2026-06-30T18:16:03.897547+00:00,2026-07-01T04:16:03.888547,3,2,70.85,0.1,70.8,300,70.7,625,70.6,200,,,,,,,,,,,,,,,70.9,625,71.2,500,,,,,,,,,,,,,,,,
2026-06-30T18:16:04.084415+00:00,2026-07-01T04:16:04.079416,3,2,70.85,0.1,70.8,300,70.7,625,70.6,200,,,,,,,,,,,,,,,70.9,600,71.2,500,,,,,,,,,,,,,,,,
2026-06-30T18:16:04.477852+00:00,2026-07-01T04:16:04.472852,2,1,70.8,0.2,70.7,625,70.6,200,,,,,,,,,,,,,,,,,70.9,600,,,,,,,,,,,,,,,,,,
2026-06-30T18:16:04.488851+00:00,2026-07-01T04:16:04.484852,2,2,70.8,0.2,70.7,1125,70.6,200,,,,,,,,,,,,,,,,,70.9,600,71.2,500,,,,,,,,,,,,,,,,
2026-06-30T18:16:04.521494+00:00,2026-07-01T04:16:04.520852,2,2,70.8,0.2,70.7,500,70.6,200,,,,,,,,,,,,,,,,,70.9,600,71.2,500,,,,,,,,,,,,,,,,
2026-06-30T18:16:04.532491+00:00,2026-07-01T04:16:04.530491,3,2,70.95,0.1,70.9,200,70.8,625,70.7,500,,,,,,,,,,,,,,,71.0,825,71.2,500,,,,,,,,,,,,,,,,
2026-06-30T18:16:05.078498+00:00,2026-07-01T04:16:05.071499,2,2,70.95,0.1,70.9,200,70.8,625,,,,,,,,,,,,,,,,,71.0,825,71.2,500,,,,,,,,,,,,,,,,
2026-06-30T18:16:05.089498+00:00,2026-07-01T04:16:05.086499,3,1,70.95,0.1,70.9,200,70.8,625,70.7,500,,,,,,,,,,,,,,,71.0,825,,,,,,,,,,,,,,,,,,
2026-06-30T18:16:05.100499+00:00,2026-07-01T04:16:05.092499,3,2,70.95,0.1,70.9,200,70.8,625,70.7,500,,,,,,,,,,,,,,,71.0,825,71.2,500,,,,,,,,,,,,,,,,
2026-06-30T18:16:05.681502+00:00,2026-07-01T04:16:05.676502,2,2,70.95,0.1,70.9,200,70.8,625,,,,,,,,,,,,,,,,,71.0,825,71.2,500,,,,,,,,,,,,,,,,
2026-06-30T18:16:05.692502+00:00,2026-07-01T04:16:05.691502,2,1,70.95,0.1,70.9,200,70.8,1125,,,,,,,,,,,,,,,,,71.0,825,,,,,,,,,,,,,,,,,,
2026-06-30T18:16:05.703502+00:00,2026-07-01T04:16:05.701502,2,2,70.95,0.1,70.9,200,70.8,1125,,,,,,,,,,,,,,,,,71.0,825,71.2,500,,,,,,,,,,,,,,,,
2026-06-30T18:16:05.736021+00:00,2026-07-01T04:16:05.732502,1,2,70.9,0.2,70.8,1125,,,,,,,,,,,,,,,,,,,71.0,825,71.2,500,,,,,,,,,,,,,,,,
2026-06-30T18:16:05.747021+00:00,2026-07-01T04:16:05.740021,2,3,70.95,0.1,70.9,200,70.8,1125,,,,,,,,,,,,,,,,,71.0,625,71.1,200,71.2,500,,,,,,,,,,,,,,
2026-06-30T18:16:05.834499+00:00,2026-07-01T04:16:05.831498,2,2,71.0,0.2,70.9,200,70.8,500,,,,,,,,,,,,,,,,,71.1,200,71.2,500,,,,,,,,,,,,,,,,
2026-06-30T18:16:05.845082+00:00,2026-07-01T04:16:05.838498,3,2,71.0,0.2,70.9,200,70.8,500,70.7,625,,,,,,,,,,,,,,,71.1,200,71.2,500,,,,,,,,,,,,,,,,
2026-06-30T18:16:05.856016+00:00,2026-07-01T04:16:05.847080,2,3,70.85,0.1,70.8,500,70.7,625,,,,,,,,,,,,,,,,,70.9,425,71.1,200,71.2,500,,,,,,,,,,,,,,
2026-06-30T18:16:06.284419+00:00,2026-07-01T04:16:06.282419,1,3,70.8,0.2,70.7,625,,,,,,,,,,,,,,,,,,,70.9,425,71.1,200,71.2,500,,,,,,,,,,,,,,
2026-06-30T18:16:06.295419+00:00,2026-07-01T04:16:06.290420,1,2,70.8,0.2,70.7,625,,,,,,,,,,,,,,,,,,,70.9,425,71.1,200,,,,,,,,,,,,,,,,
2026-06-30T18:16:06.306421+00:00,2026-07-01T04:16:06.298420,2,2,70.85,0.1,70.8,500,70.7,625,,,,,,,,,,,,,,,,,70.9,425,71.1,200,,,,,,,,,,,,,,,,
2026-06-30T18:16:06.317420+00:00,2026-07-01T04:16:06.306421,2,3,70.85,0.1,70.8,500,70.7,625,,,,,,,,,,,,,,,,,70.9,425,71.1,200,71.2,500,,,,,,,,,,,,,,
2026-06-30T18:16:06.884625+00:00,2026-07-01T04:16:06.882626,1,3,70.8,0.2,70.7,625,,,,,,,,,,,,,,,,,,,70.9,425,71.1,200,71.2,500,,,,,,,,,,,,,,
2026-06-30T18:16:06.895644+00:00,2026-07-01T04:16:06.887626,1,2,70.8,0.2,70.7,625,,,,,,,,,,,,,,,,,,,70.9,425,71.1,200,,,,,,,,,,,,,,,,
2026-06-30T18:16:06.906161+00:00,2026-07-01T04:16:06.898640,1,3,70.8,0.2,70.7,1125,,,,,,,,,,,,,,,,,,,70.9,425,71.1,200,71.2,500,,,,,,,,,,,,,,
2026-06-30T18:16:06.950191+00:00,2026-07-01T04:16:06.942192,2,3,70.85,0.1,70.8,200,70.7,1125,,,,,,,,,,,,,,,,,70.9,425,71.0,200,71.2,500,,,,,,,,,,,,,,
2026-06-30T18:16:07.157258+00:00,2026-07-01T04:16:07.150258,2,2,70.9,0.2,70.8,200,70.7,500,,,,,,,,,,,,,,,,,71.0,200,71.2,500,,,,,,,,,,,,,,,,
2026-06-30T18:16:07.168258+00:00,2026-07-01T04:16:07.159257,2,3,70.75,0.1,70.7,500,70.6,625,,,,,,,,,,,,,,,,,70.8,425,71.0,200,71.2,500,,,,,,,,,,,,,,
2026-06-30T18:16:07.527848+00:00,2026-07-01T04:16:07.519849,1,2,70.7,0.2,70.6,625,,,,,,,,,,,,,,,,,,,70.8,425,71.0,200,,,,,,,,,,,,,,,,
2026-06-30T18:16:07.538848+00:00,2026-07-01T04:16:07.532848,2,2,70.9,0.2,70.8,75,70.6,625,,,,,,,,,,,,,,,,,71.0,200,71.2,500,,,,,,,,,,,,,,,,
2026-06-30T18:16:07.571849+00:00,2026-07-01T04:16:07.563849,2,2,70.9,0.2,70.8,50,70.6,625,,,,,,,,,,,,,,,,,71.0,200,71.2,500,,,,,,,,,,,,,,,,
2026-06-30T18:16:08.119971+00:00,2026-07-01T04:16:08.116972,1,2,70.8,0.4,70.6,625,,,,,,,,,,,,,,,,,,,71.0,200,71.2,500,,,,,,,,,,,,,,,,
2026-06-30T18:16:08.130971+00:00,2026-07-01T04:16:08.128972,2,1,70.9,0.2,70.8,500,70.6,625,,,,,,,,,,,,,,,,,71.0,200,,,,,,,,,,,,,,,,,,
2026-06-30T18:16:08.141971+00:00,2026-07-01T04:16:08.134972,2,2,70.9,0.2,70.8,500,70.6,625,,,,,,,,,,,,,,,,,71.0,200,71.2,500,,,,,,,,,,,,,,,,
2026-06-30T18:16:08.152972+00:00,2026-07-01T04:16:08.150971,2,1,71.0,0.4,70.8,500,70.6,825,,,,,,,,,,,,,,,,,71.2,500,,,,,,,,,,,,,,,,,,
2026-06-30T18:16:08.163972+00:00,2026-07-01T04:16:08.155972,2,1,71.0,0.4,70.8,300,70.6,825,,,,,,,,,,,,,,,,,71.2,500,,,,,,,,,,,,,,,,,,
2026-06-30T18:16:08.458570+00:00,2026-07-01T04:16:08.457569,2,1,71.0,0.4,70.8,300,70.6,200,,,,,,,,,,,,,,,,,71.2,500,,,,,,,,,,,,,,,,,,
2026-06-30T18:16:08.469570+00:00,2026-07-01T04:16:08.461570,3,1,71.1,0.2,71.0,625,70.8,300,70.6,200,,,,,,,,,,,,,,,71.2,1125,,,,,,,,,,,,,,,,,,
2026-06-30T18:16:08.480570+00:00,2026-07-01T04:16:08.476570,3,1,71.1,0.2,71.0,620,70.8,300,70.6,200,,,,,,,,,,,,,,,71.2,1125,,,,,,,,,,,,,,,,,,
2026-06-30T18:16:08.513115+00:00,2026-07-01T04:16:08.510115,3,1,71.1,0.2,71.0,585,70.8,300,70.6,200,,,,,,,,,,,,,,,71.2,1125,,,,,,,,,,,,,,,,,,
2026-06-30T18:16:08.610384+00:00,2026-07-01T04:16:08.600384,3,1,71.1,0.2,71.0,550,70.8,300,70.6,200,,,,,,,,,,,,,,,71.2,1125,,,,,,,,,,,,,,,,,,
2026-06-30T18:16:08.698418+00:00,2026-07-01T04:16:08.690418,3,1,71.1,0.2,71.0,515,70.8,300,70.6,200,,,,,,,,,,,,,,,71.2,1125,,,,,,,,,,,,,,,,,,
2026-06-30T18:16:08.720418+00:00,2026-07-01T04:16:08.718418,2,1,71.1,0.2,71.0,515,70.6,200,,,,,,,,,,,,,,,,,71.2,1125,,,,,,,,,,,,,,,,,,
2026-06-30T18:16:08.731418+00:00,2026-07-01T04:16:08.725418,2,1,71.1,0.2,71.0,515,70.6,200,,,,,,,,,,,,,,,,,71.2,625,,,,,,,,,,,,,,,,,,
2026-06-30T18:16:08.742418+00:00,2026-07-01T04:16:08.738418,3,1,71.1,0.2,71.0,515,70.8,500,70.6,200,,,,,,,,,,,,,,,71.2,1125,,,,,,,,,,,,,,,,,,
2026-06-30T18:16:08.786463+00:00,2026-07-01T04:16:08.779430,3,1,71.1,0.2,71.0,503,70.8,500,70.6,200,,,,,,,,,,,,,,,71.2,1125,,,,,,,,,,,,,,,,,,
2026-06-30T18:16:09.332645+00:00,2026-07-01T04:16:09.328645,2,1,71.1,0.2,71.0,503,70.6,200,,,,,,,,,,,,,,,,,71.2,625,,,,,,,,,,,,,,,,,,
2026-06-30T18:16:09.343216+00:00,2026-07-01T04:16:09.342216,3,1,71.1,0.2,71.0,503,70.8,500,70.6,200,,,,,,,,,,,,,,,71.2,1125,,,,,,,,,,,,,,,,,,
2026-06-30T18:16:09.365228+00:00,2026-07-01T04:16:09.362227,3,1,71.1,0.2,71.0,503,70.8,500,70.6,200,,,,,,,,,,,,,,,71.2,1125,,,,,,,,,,,,,,,,,,
2026-06-30T18:16:09.375946+00:00,2026-07-01T04:16:09.370229,3,1,71.1,0.2,71.0,303,70.8,500,70.6,200,,,,,,,,,,,,,,,71.2,1125,,,,,,,,,,,,,,,,,,
2026-06-30T18:16:09.770287+00:00,2026-07-01T04:16:09.767287,2,2,70.9,0.2,70.8,1125,70.6,200,,,,,,,,,,,,,,,,,71.0,625,71.2,500,,,,,,,,,,,,,,,,
2026-06-30T18:16:09.933849+00:00,2026-07-01T04:16:09.930849,2,1,70.9,0.2,70.8,625,70.6,200,,,,,,,,,,,,,,,,,71.0,625,,,,,,,,,,,,,,,,,,
2026-06-30T18:16:09.944849+00:00,2026-07-01T04:16:09.942849,2,2,70.9,0.2,70.8,1125,70.6,200,,,,,,,,,,,,,,,,,71.0,625,71.2,500,,,,,,,,,,,,,,,,
2026-06-30T18:16:10.535107+00:00,2026-07-01T04:16:10.534106,2,1,70.9,0.2,70.8,625,70.6,200,,,,,,,,,,,,,,,,,71.0,625,,,,,,,,,,,,,,,,,,
2026-06-30T18:16:10.545937+00:00,2026-07-01T04:16:10.540107,2,1,70.9,0.2,70.8,1125,70.6,200,,,,,,,,,,,,,,,,,71.0,625,,,,,,,,,,,,,,,,,,
2026-06-30T18:16:10.556454+00:00,2026-07-01T04:16:10.545937,2,2,70.9,0.2,70.8,1125,70.6,200,,,,,,,,,,,,,,,,,71.0,625,71.3,500,,,,,,,,,,,,,,,,
2026-06-30T18:16:10.578452+00:00,2026-07-01T04:16:10.573451,1,2,70.9,0.2,70.8,1325,,,,,,,,,,,,,,,,,,,71.0,825,71.3,500,,,,,,,,,,,,,,,,
2026-06-30T18:16:11.071046+00:00,2026-07-01T04:16:11.070046,1,2,70.9,0.2,70.8,700,,,,,,,,,,,,,,,,,,,71.0,825,71.3,500,,,,,,,,,,,,,,,,
2026-06-30T18:16:11.082046+00:00,2026-07-01T04:16:11.074046,2,3,70.85,0.1,70.8,700,70.7,625,,,,,,,,,,,,,,,,,70.9,625,71.0,200,71.3,500,,,,,,,,,,,,,,
2026-06-30T18:16:11.136407+00:00,2026-07-01T04:16:11.133794,2,2,70.85,0.1,70.8,200,70.7,625,,,,,,,,,,,,,,,,,70.9,625,71.0,200,,,,,,,,,,,,,,,,
2026-06-30T18:16:11.147406+00:00,2026-07-01T04:16:11.146405,2,3,70.85,0.1,70.8,700,70.7,625,,,,,,,,,,,,,,,,,70.9,625,71.0,200,71.3,500,,,,,,,,,,,,,,
2026-06-30T18:16:11.256935+00:00,2026-07-01T04:16:11.252935,2,3,70.85,0.1,70.8,700,70.7,625,,,,,,,,,,,,,,,,,70.9,620,71.0,200,71.3,500,,,,,,,,,,,,,,
2026-06-30T18:16:11.739546+00:00,2026-07-01T04:16:11.738546,2,2,70.85,0.1,70.8,200,70.7,625,,,,,,,,,,,,,,,,,70.9,620,71.0,200,,,,,,,,,,,,,,,,
2026-06-30T18:16:11.750350+00:00,2026-07-01T04:16:11.749350,2,3,70.85,0.1,70.8,700,70.7,625,,,,,,,,,,,,,,,,,70.9,620,71.0,200,71.2,500,,,,,,,,,,,,,,
2026-06-30T18:16:11.783448+00:00,2026-07-01T04:16:11.781449,2,2,70.85,0.1,70.8,700,70.7,625,,,,,,,,,,,,,,,,,70.9,620,71.2,500,,,,,,,,,,,,,,,,
2026-06-30T18:16:11.793963+00:00,2026-07-01T04:16:11.784448,2,3,70.85,0.1,70.8,700,70.7,625,,,,,,,,,,,,,,,,,70.9,620,71.0,200,71.2,500,,,,,,,,,,,,,,
2026-06-30T18:16:12.339129+00:00,2026-07-01T04:16:12.336130,2,3,70.85,0.1,70.8,200,70.7,625,,,,,,,,,,,,,,,,,70.9,620,71.0,200,71.2,500,,,,,,,,,,,,,,
2026-06-30T18:16:12.350129+00:00,2026-07-01T04:16:12.348129,2,2,70.85,0.1,70.8,700,70.7,625,,,,,,,,,,,,,,,,,70.9,620,71.0,200,,,,,,,,,,,,,,,,
2026-06-30T18:16:12.361130+00:00,2026-07-01T04:16:12.355130,2,3,70.85,0.1,70.8,700,70.7,625,,,,,,,,,,,,,,,,,70.9,620,71.0,200,71.2,500,,,,,,,,,,,,,,
2026-06-30T18:16:12.383129+00:00,2026-07-01T04:16:12.379129,1,2,70.9,0.2,70.8,700,,,,,,,,,,,,,,,,,,,71.0,200,71.2,500,,,,,,,,,,,,,,,,
2026-06-30T18:16:12.394130+00:00,2026-07-01T04:16:12.387129,1,2,70.9,0.2,70.8,1325,,,,,,,,,,,,,,,,,,,71.0,825,71.2,500,,,,,,,,,,,,,,,,
2026-06-30T18:16:12.940458+00:00,2026-07-01T04:16:12.937458,1,2,70.9,0.2,70.8,825,,,,,,,,,,,,,,,,,,,71.0,825,71.2,500,,,,,,,,,,,,,,,,
2026-06-30T18:16:12.951458+00:00,2026-07-01T04:16:12.949458,1,1,70.9,0.2,70.8,1325,,,,,,,,,,,,,,,,,,,71.0,825,,,,,,,,,,,,,,,,,,
2026-06-30T18:16:12.962458+00:00,2026-07-01T04:16:12.955458,1,2,70.9,0.2,70.8,1325,,,,,,,,,,,,,,,,,,,71.0,825,71.2,500,,,,,,,,,,,,,,,,
2026-06-30T18:16:12.995458+00:00,2026-07-01T04:16:12.987458,1,2,70.9,0.2,70.8,1125,,,,,,,,,,,,,,,,,,,71.0,825,71.2,500,,,,,,,,,,,,,,,,
2026-06-30T18:16:13.006458+00:00,2026-07-01T04:16:13.001458,2,2,70.95,0.1,70.9,200,70.8,1125,,,,,,,,,,,,,,,,,71.0,625,71.2,500,,,,,,,,,,,,,,,,
2026-06-30T18:16:13.016975+00:00,2026-07-01T04:16:13.011458,2,3,70.95,0.1,70.9,200,70.8,1125,,,,,,,,,,,,,,,,,71.0,625,71.1,200,71.2,500,,,,,,,,,,,,,,
2026-06-30T18:16:13.189961+00:00,2026-07-01T04:16:13.180960,2,3,70.95,0.1,70.9,200,70.8,1125,,,,,,,,,,,,,,,,,71.0,620,71.1,200,71.2,500,,,,,,,,,,,,,,
2026-06-30T18:16:13.580843+00:00,2026-07-01T04:16:13.574842,2,2,70.95,0.1,70.9,200,70.8,625,,,,,,,,,,,,,,,,,71.0,620,71.1,200,,,,,,,,,,,,,,,,
2026-06-30T18:16:13.591843+00:00,2026-07-01T04:16:13.586843,2,3,70.95,0.1,70.9,200,70.8,1125,,,,,,,,,,,,,,,,,71.0,620,71.1,200,71.2,500,,,,,,,,,,,,,,
2026-06-30T18:16:13.690855+00:00,2026-07-01T04:16:13.689854,2,2,71.0,0.2,70.9,825,70.8,500,,,,,,,,,,,,,,,,,71.1,200,71.2,500,,,,,,,,,,,,,,,,
2026-06-30T18:16:13.701854+00:00,2026-07-01T04:16:13.690855,2,2,71.0,0.2,70.9,825,70.8,500,,,,,,,,,,,,,,,,,71.1,825,71.2,500,,,,,,,,,,,,,,,,
2026-06-30T18:16:14.181436+00:00,2026-07-01T04:16:14.172437,1,2,71.0,0.2,70.9,825,,,,,,,,,,,,,,,,,,,71.1,825,71.2,500,,,,,,,,,,,,,,,,
2026-06-30T18:16:14.192436+00:00,2026-07-01T04:16:14.187436,2,1,71.0,0.2,70.9,825,70.8,500,,,,,,,,,,,,,,,,,71.1,825,,,,,,,,,,,,,,,,,,
2026-06-30T18:16:14.203436+00:00,2026-07-01T04:16:14.193436,2,2,71.0,0.2,70.9,825,70.8,500,,,,,,,,,,,,,,,,,71.1,825,71.2,500,,,,,,,,,,,,,,,,
2026-06-30T18:16:14.214436+00:00,2026-07-01T04:16:14.213436,2,2,71.0,0.2,70.9,625,70.8,500,,,,,,,,,,,,,,,,,71.1,625,71.2,500,,,,,,,,,,,,,,,,
2026-06-30T18:16:14.225449+00:00,2026-07-01T04:16:14.223447,2,3,70.95,0.1,70.9,625,70.8,700,,,,,,,,,,,,,,,,,71.0,200,71.1,625,71.2,500,,,,,,,,,,,,,,
2026-06-30T18:16:14.279936+00:00,2026-07-01T04:16:14.273936,2,3,70.95,0.1,70.9,475,70.8,700,,,,,,,,,,,,,,,,,71.0,200,71.1,625,71.2,500,,,,,,,,,,,,,,
2026-06-30T18:16:14.703993+00:00,2026-07-01T04:16:14.699992,2,3,70.95,0.1,70.9,470,70.8,700,,,,,,,,,,,,,,,,,71.0,200,71.1,625,71.2,500,,,,,,,,,,,,,,
2026-06-30T18:16:14.780510+00:00,2026-07-01T04:16:14.775510,2,3,70.95,0.1,70.9,470,70.8,200,,,,,,,,,,,,,,,,,71.0,200,71.1,625,71.2,500,,,,,,,,,,,,,,
2026-06-30T18:16:14.791510+00:00,2026-07-01T04:16:14.786509,2,2,70.95,0.1,70.9,470,70.8,700,,,,,,,,,,,,,,,,,71.0,200,71.1,625,,,,,,,,,,,,,,,,
2026-06-30T18:16:14.802510+00:00,2026-07-01T04:16:14.792510,2,3,70.95,0.1,70.9,470,70.8,700,,,,,,,,,,,,,,,,,71.0,200,71.1,625,71.3,500,,,,,,,,,,,,,,
2026-06-30T18:16:14.999020+00:00,2026-07-01T04:16:14.998019,2,2,70.9,0.2,70.8,700,70.7,625,,,,,,,,,,,,,,,,,71.0,200,71.3,500,,,,,,,,,,,,,,,,
2026-06-30T18:16:15.010019+00:00,2026-07-01T04:16:14.999020,2,3,70.85,0.1,70.8,700,70.7,625,,,,,,,,,,,,,,,,,70.9,625,71.0,200,71.3,500,,,,,,,,,,,,,,
2026-06-30T18:16:15.382074+00:00,2026-07-01T04:16:15.378074,2,3,70.85,0.1,70.8,200,70.7,625,,,,,,,,,,,,,,,,,70.9,625,71.0,200,71.3,500,,,,,,,,,,,,,,
2026-06-30T18:16:15.393073+00:00,2026-07-01T04:16:15.390074,2,2,70.85,0.1,70.8,700,70.7,625,,,,,,,,,,,,,,,,,70.9,625,71.0,200,,,,,,,,,,,,,,,,
2026-06-30T18:16:15.404073+00:00,2026-07-01T04:16:15.396074,2,3,70.85,0.1,70.8,700,70.7,625,,,,,,,,,,,,,,,,,70.9,625,71.0,200,71.2,500,,,,,,,,,,,,,,
2026-06-30T18:16:15.425689+00:00,2026-07-01T04:16:15.423689,2,3,70.85,0.1,70.8,500,70.7,625,,,,,,,,,,,,,,,,,70.9,625,71.0,200,71.2,500,,,,,,,,,,,,,,
2026-06-30T18:16:15.436259+00:00,2026-07-01T04:16:15.435689,2,3,70.85,0.1,70.8,700,70.7,625,,,,,,,,,,,,,,,,,70.9,625,71.0,200,71.2,500,,,,,,,,,,,,,,
2026-06-30T18:16:15.984554+00:00,2026-07-01T04:16:15.979554,2,3,70.85,0.1,70.8,200,70.7,625,,,,,,,,,,,,,,,,,70.9,625,71.0,200,71.2,500,,,,,,,,,,,,,,
2026-06-30T18:16:15.995489+00:00,2026-07-01T04:16:15.994489,2,2,70.85,0.1,70.8,700,70.7,625,,,,,,,,,,,,,,,,,70.9,625,71.0,200,,,,,,,,,,,,,,,,
2026-06-30T18:16:16.006488+00:00,2026-07-01T04:16:16.000488,2,3,70.85,0.1,70.8,700,70.7,625,,,,,,,,,,,,,,,,,70.9,625,71.0,200,71.3,500,,,,,,,,,,,,,,
2026-06-30T18:16:16.312185+00:00,2026-07-01T04:16:16.307186,2,3,70.95,0.1,70.9,625,70.8,700,,,,,,,,,,,,,,,,,71.0,200,71.1,625,71.3,500,,,,,,,,,,,,,,
2026-06-30T18:16:16.422202+00:00,2026-07-01T04:16:16.422202,2,3,70.95,0.1,70.9,615,70.8,700,,,,,,,,,,,,,,,,,71.0,200,71.1,625,71.3,500,,,,,,,,,,,,,,
2026-06-30T18:16:16.586432+00:00,2026-07-01T04:16:16.585736,2,3,70.95,0.1,70.9,615,70.8,200,,,,,,,,,,,,,,,,,71.0,200,71.1,625,71.3,500,,,,,,,,,,,,,,
2026-06-30T18:16:16.607959+00:00,2026-07-01T04:16:16.605442,2,2,70.95,0.1,70.9,615,70.8,700,,,,,,,,,,,,,,,,,71.0,200,71.1,625,,,,,,,,,,,,,,,,
2026-06-30T18:16:16.618958+00:00,2026-07-01T04:16:16.607959,2,3,70.95,0.1,70.9,615,70.8,700,,,,,,,,,,,,,,,,,71.0,200,71.1,625,71.3,500,,,,,,,,,,,,,,
2026-06-30T18:16:16.651958+00:00,2026-07-01T04:16:16.649959,2,2,71.0,0.2,70.9,615,70.8,500,,,,,,,,,,,,,,,,,71.1,625,71.3,500,,,,,,,,,,,,,,,,
2026-06-30T18:16:16.662958+00:00,2026-07-01T04:16:16.656959,3,2,71.0,0.2,70.9,415,70.8,500,70.6,200,,,,,,,,,,,,,,,71.1,625,71.3,500,,,,,,,,,,,,,,,,
2026-06-30T18:16:16.739982+00:00,2026-07-01T04:16:16.731982,3,2,71.0,0.2,70.9,410,70.8,500,70.6,200,,,,,,,,,,,,,,,71.1,625,71.3,500,,,,,,,,,,,,,,,,
2026-06-30T18:16:17.187658+00:00,2026-07-01T04:16:17.185658,2,2,71.0,0.2,70.9,410,70.6,200,,,,,,,,,,,,,,,,,71.1,625,71.3,500,,,,,,,,,,,,,,,,
2026-06-30T18:16:17.198658+00:00,2026-07-01T04:16:17.193658,2,1,71.0,0.2,70.9,410,70.6,200,,,,,,,,,,,,,,,,,71.1,625,,,,,,,,,,,,,,,,,,
2026-06-30T18:16:17.209658+00:00,2026-07-01T04:16:17.207658,2,2,71.0,0.2,70.9,910,70.6,200,,,,,,,,,,,,,,,,,71.1,625,71.3,500,,,,,,,,,,,,,,,,
2026-06-30T18:16:17.612681+00:00,2026-07-01T04:16:17.611680,2,1,71.1,0.4,70.9,500,70.6,200,,,,,,,,,,,,,,,,,71.3,500,,,,,,,,,,,,,,,,,,
2026-06-30T18:16:17.623681+00:00,2026-07-01T04:16:17.617681,3,2,71.1,0.2,71.0,625,70.9,500,70.6,200,,,,,,,,,,,,,,,71.2,625,71.3,500,,,,,,,,,,,,,,,,
2026-06-30T18:16:17.656944+00:00,2026-07-01T04:16:17.648681,3,2,71.1,0.2,71.0,595,70.9,500,70.6,200,,,,,,,,,,,,,,,71.2,625,71.3,500,,,,,,,,,,,,,,,,
2026-06-30T18:16:17.798977+00:00,2026-07-01T04:16:17.796977,2,1,71.1,0.2,71.0,595,70.6,200,,,,,,,,,,,,,,,,,71.2,625,,,,,,,,,,,,,,,,,,
2026-06-30T18:16:17.820978+00:00,2026-07-01T04:16:17.815978,3,2,71.1,0.2,71.0,595,70.9,500,70.6,200,,,,,,,,,,,,,,,71.2,625,71.3,500,,,,,,,,,,,,,,,,
2026-06-30T18:16:17.864977+00:00,2026-07-01T04:16:17.862978,3,2,71.1,0.2,71.0,595,70.9,500,70.6,200,,,,,,,,,,,,,,,71.2,625,71.3,500,,,,,,,,,,,,,,,,
2026-06-30T18:16:17.875978+00:00,2026-07-01T04:16:17.867978,3,2,71.1,0.2,71.0,395,70.9,500,70.6,200,,,,,,,,,,,,,,,71.2,625,71.3,500,,,,,,,,,,,,,,,,
2026-06-30T18:16:18.400987+00:00,2026-07-01T04:16:18.397987,2,1,71.1,0.2,71.0,395,70.6,200,,,,,,,,,,,,,,,,,71.2,625,,,,,,,,,,,,,,,,,,
2026-06-30T18:16:18.411987+00:00,2026-07-01T04:16:18.404987,3,1,71.1,0.2,71.0,395,70.9,500,70.6,200,,,,,,,,,,,,,,,71.2,625,,,,,,,,,,,,,,,,,,
2026-06-30T18:16:18.422987+00:00,2026-07-01T04:16:18.411987,3,2,71.1,0.2,71.0,395,70.9,500,70.6,200,,,,,,,,,,,,,,,71.2,625,71.4,500,,,,,,,,,,,,,,,,
2026-06-30T18:16:18.924624+00:00,2026-07-01T04:16:18.923623,3,2,70.95,0.1,70.9,500,70.8,625,70.6,200,,,,,,,,,,,,,,,71.0,625,71.4,500,,,,,,,,,,,,,,,,
2026-06-30T18:16:18.978176+00:00,2026-07-01T04:16:18.976657,3,2,70.95,0.1,70.9,500,70.8,625,70.6,200,,,,,,,,,,,,,,,71.0,590,71.4,500,,,,,,,,,,,,,,,,
2026-06-30T18:16:19.000173+00:00,2026-07-01T04:16:18.999174,2,1,70.9,0.2,70.8,625,70.6,200,,,,,,,,,,,,,,,,,71.0,590,,,,,,,,,,,,,,,,,,
2026-06-30T18:16:19.011173+00:00,2026-07-01T04:16:19.005174,3,1,70.95,0.1,70.9,500,70.8,625,70.6,200,,,,,,,,,,,,,,,71.0,590,,,,,,,,,,,,,,,,,,
2026-06-30T18:16:19.022174+00:00,2026-07-01T04:16:19.012174,3,2,70.95,0.1,70.9,500,70.8,625,70.6,200,,,,,,,,,,,,,,,71.0,590,71.3,500,,,,,,,,,,,,,,,,
2026-06-30T18:16:19.077174+00:00,2026-07-01T04:16:19.075173,3,2,70.95,0.1,70.9,500,70.8,625,70.6,200,,,,,,,,,,,,,,,71.0,590,71.3,500,,,,,,,,,,,,,,,,
2026-06-30T18:16:19.087689+00:00,2026-07-01T04:16:19.078173,3,2,70.95,0.1,70.9,300,70.8,625,70.6,200,,,,,,,,,,,,,,,71.0,590,71.3,500,,,,,,,,,,,,,,,,
2026-06-30T18:16:19.635717+00:00,2026-07-01T04:16:19.628717,2,2,70.9,0.2,70.8,625,70.6,200,,,,,,,,,,,,,,,,,71.0,590,71.3,500,,,,,,,,,,,,,,,,
2026-06-30T18:16:19.646361+00:00,2026-07-01T04:16:19.641361,3,1,70.95,0.1,70.9,500,70.8,625,70.6,200,,,,,,,,,,,,,,,71.0,590,,,,,,,,,,,,,,,,,,
2026-06-30T18:16:19.657471+00:00,2026-07-01T04:16:19.648361,3,2,70.95,0.1,70.9,500,70.8,625,70.6,200,,,,,,,,,,,,,,,71.0,590,71.3,500,,,,,,,,,,,,,,,,
2026-06-30T18:16:20.007785+00:00,2026-07-01T04:16:20.005299,3,2,70.95,0.1,70.9,500,70.8,625,70.6,200,,,,,,,,,,,,,,,71.0,580,71.3,500,,,,,,,,,,,,,,,,
2026-06-30T18:16:20.237392+00:00,2026-07-01T04:16:20.232316,2,2,70.85,0.1,70.8,625,70.6,200,,,,,,,,,,,,,,,,,70.9,125,71.3,500,,,,,,,,,,,,,,,,
2026-06-30T18:16:20.247905+00:00,2026-07-01T04:16:20.237392,2,1,70.85,0.1,70.8,625,70.6,200,,,,,,,,,,,,,,,,,70.9,125,,,,,,,,,,,,,,,,,,
2026-06-30T18:16:20.258905+00:00,2026-07-01T04:16:20.249905,3,1,71.15,0.5,70.9,375,70.8,625,70.6,200,,,,,,,,,,,,,,,71.4,500,,,,,,,,,,,,,,,,,,
2026-06-30T18:16:20.280904+00:00,2026-07-01T04:16:20.279905,2,1,71.15,0.5,70.9,375,70.8,625,,,,,,,,,,,,,,,,,71.4,500,,,,,,,,,,,,,,,,,,
2026-06-30T18:16:20.291904+00:00,2026-07-01T04:16:20.285905,3,1,71.15,0.5,70.9,175,70.8,625,70.6,200,,,,,,,,,,,,,,,71.4,500,,,,,,,,,,,,,,,,,,
2026-06-30T18:16:20.839036+00:00,2026-07-01T04:16:20.836036,2,1,71.1,0.6,70.8,625,70.6,200,,,,,,,,,,,,,,,,,71.4,500,,,,,,,,,,,,,,,,,,
2026-06-30T18:16:20.850036+00:00,2026-07-01T04:16:20.847036,3,0,,,70.9,500,70.8,625,70.6,200,,,,,,,,,,,,,,,,,,,,,,,,,,,,,,,,,,
2026-06-30T18:16:20.861036+00:00,2026-07-01T04:16:20.855037,3,1,71.15,0.5,70.9,500,70.8,625,70.6,200,,,,,,,,,,,,,,,71.4,500,,,,,,,,,,,,,,,,,,
2026-06-30T18:16:21.440934+00:00,2026-07-01T04:16:21.438934,2,1,71.1,0.6,70.8,625,70.6,200,,,,,,,,,,,,,,,,,71.4,500,,,,,,,,,,,,,,,,,,
2026-06-30T18:16:21.451935+00:00,2026-07-01T04:16:21.446934,2,0,,,70.8,625,70.6,200,,,,,,,,,,,,,,,,,,,,,,,,,,,,,,,,,,,,
2026-06-30T18:16:21.462935+00:00,2026-07-01T04:16:21.457935,3,1,71.2,0.4,71.0,500,70.8,625,70.6,200,,,,,,,,,,,,,,,71.4,500,,,,,,,,,,,,,,,,,,
2026-06-30T18:16:21.495934+00:00,2026-07-01T04:16:21.491934,2,1,71.2,0.4,71.0,300,70.8,825,,,,,,,,,,,,,,,,,71.4,500,,,,,,,,,,,,,,,,,,
2026-06-30T18:16:21.539933+00:00,2026-07-01T04:16:21.537934,3,1,71.3,0.2,71.2,625,71.0,300,70.8,200,,,,,,,,,,,,,,,71.4,1125,,,,,,,,,,,,,,,,,,
2026-06-30T18:16:22.043682+00:00,2026-07-01T04:16:22.040682,2,1,71.3,0.2,71.2,625,70.8,200,,,,,,,,,,,,,,,,,71.4,1125,,,,,,,,,,,,,,,,,,
2026-06-30T18:16:22.054680+00:00,2026-07-01T04:16:22.048682,2,1,71.3,0.2,71.2,625,70.8,200,,,,,,,,,,,,,,,,,71.4,625,,,,,,,,,,,,,,,,,,
2026-06-30T18:16:22.065680+00:00,2026-07-01T04:16:22.064680,3,1,71.3,0.2,71.2,625,71.0,500,70.8,200,,,,,,,,,,,,,,,71.4,1125,,,,,,,,,,,,,,,,,,
2026-06-30T18:16:22.643702+00:00,2026-07-01T04:16:22.642702,2,1,71.3,0.2,71.2,625,70.8,200,,,,,,,,,,,,,,,,,71.4,1125,,,,,,,,,,,,,,,,,,
2026-06-30T18:16:22.654701+00:00,2026-07-01T04:16:22.649701,2,1,71.3,0.2,71.2,625,70.8,200,,,,,,,,,,,,,,,,,71.4,625,,,,,,,,,,,,,,,,,,
2026-06-30T18:16:22.665701+00:00,2026-07-01T04:16:22.661702,3,2,71.3,0.2,71.2,625,71.0,500,70.8,200,,,,,,,,,,,,,,,71.4,625,71.5,500,,,,,,,,,,,,,,,,
2026-06-30T18:16:22.698223+00:00,2026-07-01T04:16:22.697703,3,2,71.3,0.2,71.2,625,71.0,500,70.9,200,,,,,,,,,,,,,,,71.4,625,71.5,500,,,,,,,,,,,,,,,,
2026-06-30T18:16:22.708736+00:00,2026-07-01T04:16:22.702221,3,2,71.3,0.2,71.2,425,71.0,500,70.9,200,,,,,,,,,,,,,,,71.4,625,71.5,500,,,,,,,,,,,,,,,,
2026-06-30T18:16:22.850422+00:00,2026-07-01T04:16:22.847423,2,2,71.05,0.1,71.0,500,70.9,825,,,,,,,,,,,,,,,,,71.1,625,71.5,500,,,,,,,,,,,,,,,,
2026-06-30T18:16:22.872423+00:00,2026-07-01T04:16:22.868424,2,2,71.05,0.1,71.0,500,70.9,825,,,,,,,,,,,,,,,,,71.1,525,71.5,500,,,,,,,,,,,,,,,,
2026-06-30T18:16:22.894422+00:00,2026-07-01T04:16:22.892422,2,2,71.05,0.1,71.0,500,70.9,825,,,,,,,,,,,,,,,,,71.1,490,71.5,500,,,,,,,,,,,,,,,,
2026-06-30T18:16:22.981714+00:00,2026-07-01T04:16:22.980713,2,2,71.05,0.1,71.0,500,70.9,825,,,,,,,,,,,,,,,,,71.1,455,71.5,500,,,,,,,,,,,,,,,,
2026-06-30T18:16:23.079266+00:00,2026-07-01T04:16:23.070265,2,2,71.05,0.1,71.0,500,70.9,825,,,,,,,,,,,,,,,,,71.1,420,71.5,500,,,,,,,,,,,,,,,,
2026-06-30T18:16:23.167526+00:00,2026-07-01T04:16:23.161510,2,2,71.05,0.1,71.0,500,70.9,825,,,,,,,,,,,,,,,,,71.1,385,71.5,500,,,,,,,,,,,,,,,,
2026-06-30T18:16:23.255523+00:00,2026-07-01T04:16:23.253524,1,1,71.0,0.2,70.9,825,,,,,,,,,,,,,,,,,,,71.1,385,,,,,,,,,,,,,,,,,,
2026-06-30T18:16:23.265728+00:00,2026-07-01T04:16:23.263727,2,1,71.05,0.1,71.0,500,70.9,825,,,,,,,,,,,,,,,,,71.1,385,,,,,,,,,,,,,,,,,,
2026-06-30T18:16:23.276597+00:00,2026-07-01T04:16:23.274597,2,2,71.05,0.1,71.0,500,70.9,825,,,,,,,,,,,,,,,,,71.1,375,71.5,500,,,,,,,,,,,,,,,,
2026-06-30T18:16:23.854303+00:00,2026-07-01T04:16:23.852303,1,1,71.0,0.2,70.9,825,,,,,,,,,,,,,,,,,,,71.1,375,,,,,,,,,,,,,,,,,,
2026-06-30T18:16:23.865302+00:00,2026-07-01T04:16:23.863302,2,1,71.05,0.1,71.0,500,70.9,825,,,,,,,,,,,,,,,,,71.1,375,,,,,,,,,,,,,,,,,,
2026-06-30T18:16:23.875586+00:00,2026-07-01T04:16:23.866589,2,2,71.05,0.1,71.0,500,70.9,825,,,,,,,,,,,,,,,,,71.1,375,71.5,500,,,,,,,,,,,,,,,,
2026-06-30T18:16:23.908855+00:00,2026-07-01T04:16:23.906443,2,2,71.05,0.1,71.0,700,70.9,625,,,,,,,,,,,,,,,,,71.1,375,71.5,500,,,,,,,,,,,,,,,,
2026-06-30T18:16:23.919853+00:00,2026-07-01T04:16:23.908855,2,3,71.05,0.1,71.0,700,70.9,625,,,,,,,,,,,,,,,,,71.1,375,71.2,200,71.5,500,,,,,,,,,,,,,,
2026-06-30T18:16:24.160199+00:00,2026-07-01T04:16:24.154199,1,2,71.1,0.2,71.0,1325,,,,,,,,,,,,,,,,,,,71.2,825,71.5,500,,,,,,,,,,,,,,,,
2026-06-30T18:16:24.455285+00:00,2026-07-01T04:16:24.450284,1,2,71.1,0.2,71.0,825,,,,,,,,,,,,,,,,,,,71.2,825,71.5,500,,,,,,,,,,,,,,,,
2026-06-30T18:16:24.465704+00:00,2026-07-01T04:16:24.464703,1,1,71.1,0.2,71.0,1325,,,,,,,,,,,,,,,,,,,71.2,825,,,,,,,,,,,,,,,,,,
2026-06-30T18:16:24.476576+00:00,2026-07-01T04:16:24.468576,1,2,71.1,0.2,71.0,1325,,,,,,,,,,,,,,,,,,,71.2,825,71.4,500,,,,,,,,,,,,,,,,
2026-06-30T18:16:25.056030+00:00,2026-07-01T04:16:25.053030,1,2,71.1,0.2,71.0,825,,,,,,,,,,,,,,,,,,,71.2,825,71.4,500,,,,,,,,,,,,,,,,
2026-06-30T18:16:25.067042+00:00,2026-07-01T04:16:25.066042,1,1,71.1,0.2,71.0,1325,,,,,,,,,,,,,,,,,,,71.2,825,,,,,,,,,,,,,,,,,,
2026-06-30T18:16:25.077633+00:00,2026-07-01T04:16:25.072041,1,2,71.1,0.2,71.0,1325,,,,,,,,,,,,,,,,,,,71.2,825,71.5,500,,,,,,,,,,,,,,,,
2026-06-30T18:16:25.121148+00:00,2026-07-01T04:16:25.117148,2,2,71.15,0.1,71.1,200,71.0,1125,,,,,,,,,,,,,,,,,71.2,625,71.5,500,,,,,,,,,,,,,,,,
2026-06-30T18:16:25.132148+00:00,2026-07-01T04:16:25.121148,2,3,71.15,0.1,71.1,200,71.0,1125,,,,,,,,,,,,,,,,,71.2,625,71.3,200,71.5,500,,,,,,,,,,,,,,
2026-06-30T18:16:25.143149+00:00,2026-07-01T04:16:25.138149,2,3,71.15,0.1,71.1,165,71.0,1125,,,,,,,,,,,,,,,,,71.2,625,71.3,200,71.5,500,,,,,,,,,,,,,,
2026-06-30T18:16:25.229658+00:00,2026-07-01T04:16:25.221658,2,3,71.15,0.1,71.1,130,71.0,1125,,,,,,,,,,,,,,,,,71.2,625,71.3,200,71.5,500,,,,,,,,,,,,,,
2026-06-30T18:16:25.316141+00:00,2026-07-01T04:16:25.311141,2,3,71.15,0.1,71.1,100,71.0,1125,,,,,,,,,,,,,,,,,71.2,625,71.3,200,71.5,500,,,,,,,,,,,,,,
2026-06-30T18:16:25.468189+00:00,2026-07-01T04:16:25.461533,2,3,71.15,0.1,71.1,100,71.0,1125,,,,,,,,,,,,,,,,,71.2,625,71.3,200,71.5,500,,,,,,,,,,,,,,
2026-06-30T18:16:25.697759+00:00,2026-07-01T04:16:25.695152,2,2,71.15,0.1,71.1,100,71.0,625,,,,,,,,,,,,,,,,,71.2,625,71.3,200,,,,,,,,,,,,,,,,
2026-06-30T18:16:25.719242+00:00,2026-07-01T04:16:25.709240,2,3,71.15,0.1,71.1,100,71.0,1125,,,,,,,,,,,,,,,,,71.2,625,71.3,200,71.5,500,,,,,,,,,,,,,,
2026-06-30T18:16:26.294980+00:00,2026-07-01T04:16:26.290980,2,3,71.15,0.1,71.1,100,71.0,625,,,,,,,,,,,,,,,,,71.2,625,71.3,200,71.5,500,,,,,,,,,,,,,,
2026-06-30T18:16:26.305979+00:00,2026-07-01T04:16:26.300979,2,2,71.15,0.1,71.1,100,71.0,625,,,,,,,,,,,,,,,,,71.2,625,71.3,200,,,,,,,,,,,,,,,,
2026-06-30T18:16:26.316979+00:00,2026-07-01T04:16:26.313979,2,3,71.15,0.1,71.1,600,71.0,625,,,,,,,,,,,,,,,,,71.2,625,71.3,200,71.5,500,,,,,,,,,,,,,,
2026-06-30T18:16:26.338980+00:00,2026-07-01T04:16:26.335981,2,2,71.15,0.1,71.1,500,71.0,625,,,,,,,,,,,,,,,,,71.2,625,71.5,500,,,,,,,,,,,,,,,,
2026-06-30T18:16:26.349981+00:00,2026-07-01T04:16:26.347981,2,3,71.15,0.1,71.1,500,71.0,625,,,,,,,,,,,,,,,,,71.2,425,71.4,200,71.5,500,,,,,,,,,,,,,,
2026-06-30T18:16:26.769210+00:00,2026-07-01T04:16:26.764695,1,3,71.15,0.1,71.1,500,,,,,,,,,,,,,,,,,,,71.2,425,71.4,200,71.5,500,,,,,,,,,,,,,,
2026-06-30T18:16:26.780034+00:00,2026-07-01T04:16:26.771212,1,3,71.2,0.2,71.1,1125,,,,,,,,,,,,,,,,,,,71.3,625,71.4,200,71.5,500,,,,,,,,,,,,,,
2026-06-30T18:16:26.900181+00:00,2026-07-01T04:16:26.893181,1,3,71.2,0.2,71.1,625,,,,,,,,,,,,,,,,,,,71.3,625,71.4,200,71.5,500,,,,,,,,,,,,,,
2026-06-30T18:16:26.911181+00:00,2026-07-01T04:16:26.906181,2,2,71.2,0.2,71.1,625,71.0,500,,,,,,,,,,,,,,,,,71.3,625,71.4,200,,,,,,,,,,,,,,,,
2026-06-30T18:16:26.922181+00:00,2026-07-01T04:16:26.916182,2,3,71.2,0.2,71.1,625,71.0,500,,,,,,,,,,,,,,,,,71.3,625,71.4,200,71.5,500,,,,,,,,,,,,,,
2026-06-30T18:16:27.499974+00:00,2026-07-01T04:16:27.495974,1,3,71.2,0.2,71.1,625,,,,,,,,,,,,,,,,,,,71.3,625,71.4,200,71.5,500,,,,,,,,,,,,,,
2026-06-30T18:16:27.510974+00:00,2026-07-01T04:16:27.509975,2,2,71.2,0.2,71.1,625,71.0,500,,,,,,,,,,,,,,,,,71.3,625,71.4,200,,,,,,,,,,,,,,,,
2026-06-30T18:16:27.521974+00:00,2026-07-01T04:16:27.517973,2,3,71.2,0.2,71.1,625,71.0,500,,,,,,,,,,,,,,,,,71.3,625,71.4,200,71.5,500,,,,,,,,,,,,,,
2026-06-30T18:16:27.565973+00:00,2026-07-01T04:16:27.564974,2,2,71.2,0.2,71.1,625,71.0,500,,,,,,,,,,,,,,,,,71.3,425,71.5,700,,,,,,,,,,,,,,,,
2026-06-30T18:16:28.081990+00:00,2026-07-01T04:16:28.078990,2,2,71.45,0.1,71.4,625,71.0,500,,,,,,,,,,,,,,,,,71.5,700,71.6,625,,,,,,,,,,,,,,,,
2026-06-30T18:16:28.103344+00:00,2026-07-01T04:16:28.100344,1,2,71.45,0.1,71.4,625,,,,,,,,,,,,,,,,,,,71.5,700,71.6,625,,,,,,,,,,,,,,,,
2026-06-30T18:16:28.114343+00:00,2026-07-01T04:16:28.113344,2,2,71.45,0.1,71.4,625,71.0,500,,,,,,,,,,,,,,,,,71.5,200,71.6,625,,,,,,,,,,,,,,,,
2026-06-30T18:16:28.125343+00:00,2026-07-01T04:16:28.119344,2,2,71.45,0.1,71.4,625,71.0,500,,,,,,,,,,,,,,,,,71.5,700,71.6,625,,,,,,,,,,,,,,,,
2026-06-30T18:16:28.716224+00:00,2026-07-01T04:16:28.712225,1,2,71.45,0.1,71.4,625,,,,,,,,,,,,,,,,,,,71.5,200,71.6,625,,,,,,,,,,,,,,,,
2026-06-30T18:16:28.727240+00:00,2026-07-01T04:16:28.724240,2,2,71.45,0.1,71.4,625,71.0,500,,,,,,,,,,,,,,,,,71.5,700,71.6,625,,,,,,,,,,,,,,,,
2026-06-30T18:16:28.771225+00:00,2026-07-01T04:16:28.767226,2,2,71.45,0.1,71.4,625,71.0,500,,,,,,,,,,,,,,,,,71.5,500,71.6,625,,,,,,,,,,,,,,,,
2026-06-30T18:16:28.782224+00:00,2026-07-01T04:16:28.776225,3,2,71.45,0.1,71.4,425,71.1,200,71.0,500,,,,,,,,,,,,,,,71.5,500,71.6,625,,,,,,,,,,,,,,,,
2026-06-30T18:16:29.317441+00:00,2026-07-01T04:16:29.309441,2,2,71.45,0.1,71.4,425,71.1,200,,,,,,,,,,,,,,,,,71.5,500,71.6,625,,,,,,,,,,,,,,,,
2026-06-30T18:16:29.328082+00:00,2026-07-01T04:16:29.322441,3,1,71.5,0.2,71.4,425,71.1,200,71.0,500,,,,,,,,,,,,,,,71.6,625,,,,,,,,,,,,,,,,,,
2026-06-30T18:16:29.339217+00:00,2026-07-01T04:16:29.330080,2,2,71.25,0.3,71.1,200,71.0,500,,,,,,,,,,,,,,,,,71.4,75,71.6,625,,,,,,,,,,,,,,,,
2026-06-30T18:16:29.383215+00:00,2026-07-01T04:16:29.381214,2,1,71.25,0.3,71.1,200,71.0,500,,,,,,,,,,,,,,,,,71.4,75,,,,,,,,,,,,,,,,,,
2026-06-30T18:16:29.394395+00:00,2026-07-01T04:16:29.385215,3,2,71.25,0.1,71.2,625,71.1,200,71.0,500,,,,,,,,,,,,,,,71.3,625,71.4,75,,,,,,,,,,,,,,,,
2026-06-30T18:16:29.918063+00:00,2026-07-01T04:16:29.912063,2,2,71.25,0.1,71.2,625,71.1,200,,,,,,,,,,,,,,,,,71.3,625,71.4,75,,,,,,,,,,,,,,,,
2026-06-30T18:16:29.929046+00:00,2026-07-01T04:16:29.919063,2,1,71.25,0.1,71.2,625,71.1,200,,,,,,,,,,,,,,,,,71.3,625,,,,,,,,,,,,,,,,,,
2026-06-30T18:16:29.940044+00:00,2026-07-01T04:16:29.934045,3,2,71.25,0.1,71.2,625,71.1,200,71.0,500,,,,,,,,,,,,,,,71.3,625,71.5,500,,,,,,,,,,,,,,,,
2026-06-30T18:16:29.984043+00:00,2026-07-01T04:16:29.983043,2,2,71.25,0.1,71.2,625,71.0,500,,,,,,,,,,,,,,,,,71.3,425,71.5,500,,,,,,,,,,,,,,,,
2026-06-30T18:16:29.995213+00:00,2026-07-01T04:16:29.986044,2,3,71.25,0.1,71.2,625,71.0,500,,,,,,,,,,,,,,,,,71.3,425,71.4,200,71.5,500,,,,,,,,,,,,,,
2026-06-30T18:16:30.049242+00:00,2026-07-01T04:16:30.046727,2,3,71.25,0.1,71.2,625,71.0,500,,,,,,,,,,,,,,,,,71.3,275,71.4,200,71.5,500,,,,,,,,,,,,,,
2026-06-30T18:16:30.514521+00:00,2026-07-01T04:16:30.511521,1,3,71.25,0.1,71.2,625,,,,,,,,,,,,,,,,,,,71.3,275,71.4,200,71.5,500,,,,,,,,,,,,,,
2026-06-30T18:16:30.525521+00:00,2026-07-01T04:16:30.517520,1,2,71.25,0.1,71.2,625,,,,,,,,,,,,,,,,,,,71.3,275,71.4,200,,,,,,,,,,,,,,,,
