recv_time,book_timestamp,n_bids,n_asks,mid,spread,bid_px_0,bid_vol_0,bid_px_1,bid_vol_1,bid_px_2,bid_vol_2,bid_px_3,bid_vol_3,bid_px_4,bid_vol_4,bid_px_5,bid_vol_5,bid_px_6,bid_vol_6,bid_px_7,bid_vol_7,bid_px_8,bid_vol_8,bid_px_9,bid_vol_9,ask_px_0,ask_vol_0,ask_px_1,ask_vol_1,ask_px_2,ask_vol_2,ask_px_3,ask_vol_3,ask_px_4,ask_vol_4,ask_px_5,ask_vol_5,ask_px_6,ask_vol_6,ask_px_7,ask_vol_7,ask_px_8,ask_vol_8,ask_px_9,ask_vol_9
2026-07-03T16:58:09.761917+00:00,2026-07-03T16:58:09.511584,2,3,115.75,0.1,115.7,625,115.6,700,,,,,,,,,,,,,,,,,115.8,200,116.0,625,116.3,500,,,,,,,,,,,,,,
2026-07-03T16:58:10.013894+00:00,2026-07-03T16:58:09.806402,2,3,115.75,0.1,115.7,625,115.6,700,,,,,,,,,,,,,,,,,115.8,200,115.9,625,116.3,500,,,,,,,,,,,,,,
2026-07-03T16:58:10.104605+00:00,2026-07-03T16:58:10.104730,2,3,115.75,0.1,115.7,625,115.6,200,,,,,,,,,,,,,,,,,115.8,200,115.9,625,116.3,500,,,,,,,,,,,,,,
2026-07-03T16:58:10.110543+00:00,2026-07-03T16:58:10.110263,2,3,115.75,0.1,115.7,625,115.6,700,,,,,,,,,,,,,,,,,115.8,200,115.9,625,116.3,500,,,,,,,,,,,,,,
2026-07-03T16:58:10.691299+00:00,2026-07-03T16:58:10.691142,2,3,115.75,0.1,115.7,625,115.6,200,,,,,,,,,,,,,,,,,115.8,200,115.9,625,116.3,500,,,,,,,,,,,,,,
2026-07-03T16:58:10.696700+00:00,2026-07-03T16:58:10.696553,2,2,115.75,0.1,115.7,1125,115.6,200,,,,,,,,,,,,,,,,,115.8,200,115.9,625,,,,,,,,,,,,,,,,
2026-07-03T16:58:10.701959+00:00,2026-07-03T16:58:10.701810,2,3,115.75,0.1,115.7,1125,115.6,200,,,,,,,,,,,,,,,,,115.8,200,115.9,625,116.3,500,,,,,,,,,,,,,,
2026-07-03T16:58:10.717469+00:00,2026-07-03T16:58:10.717221,1,3,115.75,0.1,115.7,1125,,,,,,,,,,,,,,,,,,,115.8,200,115.9,625,116.3,500,,,,,,,,,,,,,,
2026-07-03T16:58:10.727065+00:00,2026-07-03T16:58:10.724373,2,2,115.8,0.2,115.7,1125,115.6,200,,,,,,,,,,,,,,,,,115.9,625,116.3,500,,,,,,,,,,,,,,,,
2026-07-03T16:58:10.743042+00:00,2026-07-03T16:58:10.742913,2,3,115.75,0.1,115.7,1125,115.6,200,,,,,,,,,,,,,,,,,115.8,200,115.9,625,116.3,500,,,,,,,,,,,,,,
2026-07-03T16:58:11.118880+00:00,2026-07-03T16:58:11.118724,2,2,115.75,0.1,115.7,500,115.6,200,,,,,,,,,,,,,,,,,115.8,200,116.3,500,,,,,,,,,,,,,,,,
2026-07-03T16:58:11.139584+00:00,2026-07-03T16:58:11.139501,3,2,116.0,0.2,115.9,425,115.7,500,115.6,200,,,,,,,,,,,,,,,116.1,625,116.3,500,,,,,,,,,,,,,,,,
2026-07-03T16:58:11.207457+00:00,2026-07-03T16:58:11.207374,3,2,116.0,0.2,115.9,375,115.7,500,115.6,200,,,,,,,,,,,,,,,116.1,625,116.3,500,,,,,,,,,,,,,,,,
2026-07-03T16:58:11.283374+00:00,2026-07-03T16:58:11.283232,2,2,116.0,0.2,115.9,375,115.6,200,,,,,,,,,,,,,,,,,116.1,625,116.3,500,,,,,,,,,,,,,,,,
2026-07-03T16:58:11.299160+00:00,2026-07-03T16:58:11.299088,2,1,116.0,0.2,115.9,375,115.6,700,,,,,,,,,,,,,,,,,116.1,625,,,,,,,,,,,,,,,,,,
2026-07-03T16:58:11.304464+00:00,2026-07-03T16:58:11.304373,2,2,116.0,0.2,115.9,375,115.6,700,,,,,,,,,,,,,,,,,116.1,625,116.3,500,,,,,,,,,,,,,,,,
2026-07-03T16:58:11.924461+00:00,2026-07-03T16:58:11.896459,3,2,116.0,0.2,115.9,375,115.7,500,115.6,200,,,,,,,,,,,,,,,116.1,625,116.3,500,,,,,,,,,,,,,,,,
2026-07-03T16:58:11.967122+00:00,2026-07-03T16:58:11.957180,3,2,116.0,0.2,115.9,175,115.7,500,115.6,200,,,,,,,,,,,,,,,116.1,625,116.3,500,,,,,,,,,,,,,,,,
2026-07-03T16:58:12.425971+00:00,2026-07-03T16:58:12.425879,2,1,116.0,0.6,115.7,500,115.6,825,,,,,,,,,,,,,,,,,116.3,500,,,,,,,,,,,,,,,,,,
2026-07-03T16:58:12.459256+00:00,2026-07-03T16:58:12.458681,2,2,115.75,0.1,115.7,500,115.6,825,,,,,,,,,,,,,,,,,115.8,625,116.3,500,,,,,,,,,,,,,,,,
2026-07-03T16:58:12.526477+00:00,2026-07-03T16:58:12.526337,1,2,115.7,0.2,115.6,825,,,,,,,,,,,,,,,,,,,115.8,625,116.3,500,,,,,,,,,,,,,,,,
2026-07-03T16:58:12.532063+00:00,2026-07-03T16:58:12.531879,2,2,115.75,0.1,115.7,500,115.6,825,,,,,,,,,,,,,,,,,115.8,625,116.4,500,,,,,,,,,,,,,,,,
2026-07-03T16:58:13.093583+00:00,2026-07-03T16:58:13.093524,1,1,115.7,0.2,115.6,825,,,,,,,,,,,,,,,,,,,115.8,625,,,,,,,,,,,,,,,,,,
2026-07-03T16:58:13.104354+00:00,2026-07-03T16:58:13.104270,1,1,115.7,0.2,115.6,825,,,,,,,,,,,,,,,,,,,115.8,125,,,,,,,,,,,,,,,,,,
2026-07-03T16:58:13.134442+00:00,2026-07-03T16:58:13.134137,1,2,115.7,0.2,115.6,825,,,,,,,,,,,,,,,,,,,115.8,125,116.5,500,,,,,,,,,,,,,,,,
2026-07-03T16:58:13.145635+00:00,2026-07-03T16:58:13.141541,1,2,115.7,0.2,115.6,625,,,,,,,,,,,,,,,,,,,115.8,125,116.5,500,,,,,,,,,,,,,,,,
2026-07-03T16:58:13.158592+00:00,2026-07-03T16:58:13.151090,2,2,116.0,0.2,115.9,75,115.6,625,,,,,,,,,,,,,,,,,116.1,200,116.5,500,,,,,,,,,,,,,,,,
2026-07-03T16:58:13.731581+00:00,2026-07-03T16:58:13.731423,2,2,116.0,0.2,115.9,700,115.7,500,,,,,,,,,,,,,,,,,116.1,200,116.4,500,,,,,,,,,,,,,,,,
2026-07-03T16:58:13.742845+00:00,2026-07-03T16:58:13.742655,2,2,116.0,0.2,115.9,700,115.7,500,,,,,,,,,,,,,,,,,116.1,825,116.4,500,,,,,,,,,,,,,,,,
2026-07-03T16:58:14.323840+00:00,2026-07-03T16:58:14.323685,1,2,116.0,0.2,115.9,700,,,,,,,,,,,,,,,,,,,116.1,825,116.4,500,,,,,,,,,,,,,,,,
2026-07-03T16:58:14.341281+00:00,2026-07-03T16:58:14.340953,2,2,116.0,0.2,115.9,700,115.6,500,,,,,,,,,,,,,,,,,116.1,825,116.3,500,,,,,,,,,,,,,,,,
2026-07-03T16:58:14.363940+00:00,2026-07-03T16:58:14.363835,3,2,116.05,0.1,116.0,200,115.9,625,115.6,500,,,,,,,,,,,,,,,116.1,625,116.3,500,,,,,,,,,,,,,,,,
2026-07-03T16:58:14.369163+00:00,2026-07-03T16:58:14.369072,3,3,116.05,0.1,116.0,200,115.9,625,115.6,500,,,,,,,,,,,,,,,116.1,625,116.2,200,116.3,500,,,,,,,,,,,,,,
2026-07-03T16:58:14.900339+00:00,2026-07-03T16:58:14.900189,2,3,116.05,0.1,116.0,200,115.9,625,,,,,,,,,,,,,,,,,116.1,625,116.2,200,116.3,500,,,,,,,,,,,,,,
2026-07-03T16:58:14.905602+00:00,2026-07-03T16:58:14.905487,2,2,116.05,0.1,116.0,200,115.9,625,,,,,,,,,,,,,,,,,116.1,625,116.2,200,,,,,,,,,,,,,,,,
2026-07-03T16:58:14.910818+00:00,2026-07-03T16:58:14.910755,3,2,116.05,0.1,116.0,200,115.9,625,115.7,500,,,,,,,,,,,,,,,116.1,625,116.2,200,,,,,,,,,,,,,,,,
2026-07-03T16:58:14.916194+00:00,2026-07-03T16:58:14.916046,3,3,116.05,0.1,116.0,200,115.9,625,115.7,500,,,,,,,,,,,,,,,116.1,625,116.2,200,116.4,500,,,,,,,,,,,,,,
2026-07-03T16:58:15.090443+00:00,2026-07-03T16:58:15.048054,2,3,115.9,0.2,115.8,625,115.7,500,,,,,,,,,,,,,,,,,116.0,425,116.2,200,116.4,500,,,,,,,,,,,,,,
2026-07-03T16:58:15.559169+00:00,2026-07-03T16:58:15.558937,2,3,115.9,0.2,115.8,625,115.7,500,,,,,,,,,,,,,,,,,116.0,425,116.2,200,116.4,500,,,,,,,,,,,,,,
2026-07-03T16:58:15.569743+00:00,2026-07-03T16:58:15.569647,2,2,115.9,0.2,115.8,625,115.7,500,,,,,,,,,,,,,,,,,116.0,425,116.4,500,,,,,,,,,,,,,,,,
2026-07-03T16:58:15.575019+00:00,2026-07-03T16:58:15.574908,3,3,115.95,0.1,115.9,200,115.8,625,115.7,500,,,,,,,,,,,,,,,116.0,425,116.1,200,116.4,500,,,,,,,,,,,,,,
2026-07-03T16:58:16.130935+00:00,2026-07-03T16:58:16.130730,2,3,115.95,0.1,115.9,200,115.8,625,,,,,,,,,,,,,,,,,116.0,425,116.1,200,116.4,500,,,,,,,,,,,,,,
2026-07-03T16:58:16.136553+00:00,2026-07-03T16:58:16.136050,2,2,115.95,0.1,115.9,200,115.8,625,,,,,,,,,,,,,,,,,116.0,425,116.1,200,,,,,,,,,,,,,,,,
2026-07-03T16:58:16.164434+00:00,2026-07-03T16:58:16.164128,3,3,115.95,0.1,115.9,200,115.8,625,115.7,500,,,,,,,,,,,,,,,116.0,425,116.1,200,116.4,500,,,,,,,,,,,,,,
2026-07-03T16:58:16.358688+00:00,2026-07-03T16:58:16.358009,1,3,115.8,0.2,115.7,1125,,,,,,,,,,,,,,,,,,,115.9,425,116.1,200,116.4,500,,,,,,,,,,,,,,
2026-07-03T16:58:16.758608+00:00,2026-07-03T16:58:16.724793,1,3,115.8,0.2,115.7,625,,,,,,,,,,,,,,,,,,,115.9,425,116.1,200,116.4,500,,,,,,,,,,,,,,
2026-07-03T16:58:16.770313+00:00,2026-07-03T16:58:16.769528,1,3,115.8,0.2,115.7,1125,,,,,,,,,,,,,,,,,,,115.9,425,116.1,200,116.3,500,,,,,,,,,,,,,,
2026-07-03T16:58:16.780459+00:00,2026-07-03T16:58:16.780609,1,2,115.8,0.2,115.7,1125,,,,,,,,,,,,,,,,,,,115.9,425,116.3,500,,,,,,,,,,,,,,,,
2026-07-03T16:58:16.785946+00:00,2026-07-03T16:58:16.785904,2,3,115.75,0.1,115.7,1125,115.6,200,,,,,,,,,,,,,,,,,115.8,200,115.9,425,116.3,500,,,,,,,,,,,,,,
2026-07-03T16:58:17.005424+00:00,2026-07-03T16:58:17.005186,2,3,115.75,0.1,115.7,1125,115.6,200,,,,,,,,,,,,,,,,,115.8,159,115.9,425,116.3,500,,,,,,,,,,,,,,
2026-07-03T16:58:17.336408+00:00,2026-07-03T16:58:17.336211,2,3,115.75,0.1,115.7,625,115.6,200,,,,,,,,,,,,,,,,,115.8,159,115.9,425,116.3,500,,,,,,,,,,,,,,
2026-07-03T16:58:17.375349+00:00,2026-07-03T16:58:17.375215,2,2,115.75,0.1,115.7,625,115.6,200,,,,,,,,,,,,,,,,,115.8,159,115.9,425,,,,,,,,,,,,,,,,
2026-07-03T16:58:17.391348+00:00,2026-07-03T16:58:17.390897,2,3,115.75,0.1,115.7,625,115.6,700,,,,,,,,,,,,,,,,,115.8,159,115.9,425,116.3,500,,,,,,,,,,,,,,
2026-07-03T16:58:17.430789+00:00,2026-07-03T16:58:17.430235,2,3,115.75,0.1,115.7,625,115.6,700,,,,,,,,,,,,,,,,,115.8,109,115.9,425,116.3,500,,,,,,,,,,,,,,
2026-07-03T16:58:17.670575+00:00,2026-07-03T16:58:17.670468,1,2,115.7,0.2,115.6,700,,,,,,,,,,,,,,,,,,,115.8,109,116.3,500,,,,,,,,,,,,,,,,
2026-07-03T16:58:17.675800+00:00,2026-07-03T16:58:17.675737,2,2,116.05,0.3,115.9,516,115.6,700,,,,,,,,,,,,,,,,,116.2,625,116.3,500,,,,,,,,,,,,,,,,
2026-07-03T16:58:17.958618+00:00,2026-07-03T16:58:17.955030,3,1,116.05,0.3,115.9,516,115.6,200,115.5,500,,,,,,,,,,,,,,,116.2,1125,,,,,,,,,,,,,,,,,,
2026-07-03T16:58:18.013764+00:00,2026-07-03T16:58:18.013567,3,2,116.0,0.2,115.9,516,115.8,200,115.5,500,,,,,,,,,,,,,,,116.1,200,116.2,1125,,,,,,,,,,,,,,,,
2026-07-03T16:58:18.541980+00:00,2026-07-03T16:58:18.541855,2,2,116.0,0.2,115.9,516,115.8,200,,,,,,,,,,,,,,,,,116.1,200,116.2,1125,,,,,,,,,,,,,,,,
2026-07-03T16:58:18.547238+00:00,2026-07-03T16:58:18.547150,2,2,116.0,0.2,115.9,516,115.8,200,,,,,,,,,,,,,,,,,116.1,200,116.2,625,,,,,,,,,,,,,,,,
2026-07-03T16:58:18.558608+00:00,2026-07-03T16:58:18.552426,3,2,116.0,0.2,115.9,516,115.8,200,115.5,500,,,,,,,,,,,,,,,116.1,200,116.2,625,,,,,,,,,,,,,,,,
2026-07-03T16:58:18.564263+00:00,2026-07-03T16:58:18.564062,3,2,116.0,0.2,115.9,516,115.8,200,115.5,500,,,,,,,,,,,,,,,116.1,200,116.2,1125,,,,,,,,,,,,,,,,
2026-07-03T16:58:18.996037+00:00,2026-07-03T16:58:18.995878,3,2,116.05,0.1,116.0,625,115.8,200,115.5,500,,,,,,,,,,,,,,,116.1,200,116.2,1125,,,,,,,,,,,,,,,,
2026-07-03T16:58:19.142920+00:00,2026-07-03T16:58:19.142800,2,2,116.05,0.1,116.0,625,115.8,200,,,,,,,,,,,,,,,,,116.1,200,116.2,1125,,,,,,,,,,,,,,,,
2026-07-03T16:58:19.148229+00:00,2026-07-03T16:58:19.148141,2,2,116.05,0.1,116.0,625,115.8,200,,,,,,,,,,,,,,,,,116.1,200,116.2,625,,,,,,,,,,,,,,,,
2026-07-03T16:58:19.168663+00:00,2026-07-03T16:58:19.155792,3,3,116.05,0.1,116.0,625,115.8,200,115.6,500,,,,,,,,,,,,,,,116.1,200,116.2,625,116.3,500,,,,,,,,,,,,,,
2026-07-03T16:58:19.193596+00:00,2026-07-03T16:58:19.193522,2,2,116.1,0.2,116.0,625,115.6,500,,,,,,,,,,,,,,,,,116.2,625,116.3,500,,,,,,,,,,,,,,,,
2026-07-03T16:58:19.219416+00:00,2026-07-03T16:58:19.219318,3,2,116.1,0.2,116.0,625,115.8,200,115.6,500,,,,,,,,,,,,,,,116.2,625,116.3,500,,,,,,,,,,,,,,,,
2026-07-03T16:58:19.224672+00:00,2026-07-03T16:58:19.224552,3,2,116.1,0.2,116.0,425,115.8,200,115.6,500,,,,,,,,,,,,,,,116.2,625,116.3,500,,,,,,,,,,,,,,,,
2026-07-03T16:58:19.744854+00:00,2026-07-03T16:58:19.744798,2,2,116.1,0.2,116.0,425,115.8,200,,,,,,,,,,,,,,,,,116.2,625,116.3,500,,,,,,,,,,,,,,,,
2026-07-03T16:58:19.758577+00:00,2026-07-03T16:58:19.753855,3,1,116.1,0.2,116.0,425,115.8,200,115.7,500,,,,,,,,,,,,,,,116.2,625,,,,,,,,,,,,,,,,,,
2026-07-03T16:58:19.816122+00:00,2026-07-03T16:58:19.816313,3,2,116.1,0.2,116.0,425,115.8,200,115.7,500,,,,,,,,,,,,,,,116.2,625,116.3,500,,,,,,,,,,,,,,,,
2026-07-03T16:58:20.014312+00:00,2026-07-03T16:58:20.014101,3,2,116.1,0.2,116.0,405,115.8,200,115.7,500,,,,,,,,,,,,,,,116.2,625,116.3,500,,,,,,,,,,,,,,,,
2026-07-03T16:58:20.288970+00:00,2026-07-03T16:58:20.288852,2,1,116.05,0.5,115.8,825,115.7,500,,,,,,,,,,,,,,,,,116.3,500,,,,,,,,,,,,,,,,,,
2026-07-03T16:58:20.294118+00:00,2026-07-03T16:58:20.294062,2,2,115.9,0.2,115.8,825,115.7,500,,,,,,,,,,,,,,,,,116.0,625,116.3,500,,,,,,,,,,,,,,,,
2026-07-03T16:58:20.358554+00:00,2026-07-03T16:58:20.353505,1,1,115.9,0.2,115.8,825,,,,,,,,,,,,,,,,,,,116.0,625,,,,,,,,,,,,,,,,,,
2026-07-03T16:58:20.369047+00:00,2026-07-03T16:58:20.368898,2,1,115.9,0.2,115.8,825,115.7,500,,,,,,,,,,,,,,,,,116.0,625,,,,,,,,,,,,,,,,,,
2026-07-03T16:58:20.374289+00:00,2026-07-03T16:58:20.374175,2,2,115.9,0.2,115.8,825,115.7,500,,,,,,,,,,,,,,,,,116.0,625,116.4,500,,,,,,,,,,,,,,,,
2026-07-03T16:58:20.433676+00:00,2026-07-03T16:58:20.433454,2,3,115.85,0.1,115.8,625,115.7,700,,,,,,,,,,,,,,,,,115.9,200,116.0,625,116.4,500,,,,,,,,,,,,,,
2026-07-03T16:58:20.985438+00:00,2026-07-03T16:58:20.985215,3,3,115.85,0.1,115.8,625,115.7,200,115.6,500,,,,,,,,,,,,,,,115.9,200,116.0,625,116.3,500,,,,,,,,,,,,,,
2026-07-03T16:58:21.612919+00:00,2026-07-03T16:58:21.612796,2,3,115.85,0.1,115.8,625,115.7,200,,,,,,,,,,,,,,,,,115.9,200,116.0,625,116.3,500,,,,,,,,,,,,,,
2026-07-03T16:58:21.618871+00:00,2026-07-03T16:58:21.618665,2,3,115.85,0.1,115.8,625,115.6,500,,,,,,,,,,,,,,,,,115.9,200,116.1,625,116.3,500,,,,,,,,,,,,,,
2026-07-03T16:58:21.623941+00:00,2026-07-03T16:58:21.623900,3,3,115.85,0.1,115.8,625,115.7,200,115.6,500,,,,,,,,,,,,,,,115.9,200,116.1,625,116.3,500,,,,,,,,,,,,,,
2026-07-03T16:58:21.676212+00:00,2026-07-03T16:58:21.676453,3,3,115.85,0.1,115.8,625,115.7,200,115.6,500,,,,,,,,,,,,,,,115.9,150,116.1,625,116.3,500,,,,,,,,,,,,,,
2026-07-03T16:58:22.183947+00:00,2026-07-03T16:58:22.183793,2,3,115.85,0.1,115.8,625,115.7,200,,,,,,,,,,,,,,,,,115.9,150,116.1,625,116.3,500,,,,,,,,,,,,,,
2026-07-03T16:58:22.189658+00:00,2026-07-03T16:58:22.189594,3,2,115.85,0.1,115.8,625,115.7,200,115.6,500,,,,,,,,,,,,,,,115.9,150,116.1,625,,,,,,,,,,,,,,,,
2026-07-03T16:58:22.222467+00:00,2026-07-03T16:58:22.221793,3,3,115.85,0.1,115.8,625,115.7,200,115.6,500,,,,,,,,,,,,,,,115.9,150,116.1,625,116.3,500,,,,,,,,,,,,,,
2026-07-03T16:58:22.798387+00:00,2026-07-03T16:58:22.798261,2,3,115.85,0.1,115.8,625,115.7,200,,,,,,,,,,,,,,,,,115.9,150,116.1,625,116.3,500,,,,,,,,,,,,,,
2026-07-03T16:58:22.814175+00:00,2026-07-03T16:58:22.814055,2,2,115.85,0.1,115.8,625,115.7,200,,,,,,,,,,,,,,,,,115.9,150,116.1,625,,,,,,,,,,,,,,,,
2026-07-03T16:58:22.819711+00:00,2026-07-03T16:58:22.819451,3,3,115.85,0.1,115.8,625,115.7,200,115.6,500,,,,,,,,,,,,,,,115.9,150,116.1,625,116.3,500,,,,,,,,,,,,,,
2026-07-03T16:58:22.858698+00:00,2026-07-03T16:58:22.846037,2,2,115.95,0.3,115.8,625,115.6,500,,,,,,,,,,,,,,,,,116.1,625,116.3,500,,,,,,,,,,,,,,,,
2026-07-03T16:58:22.863918+00:00,2026-07-03T16:58:22.863762,3,2,115.95,0.3,115.8,625,115.7,200,115.6,500,,,,,,,,,,,,,,,116.1,625,116.3,500,,,,,,,,,,,,,,,,
2026-07-03T16:58:22.877341+00:00,2026-07-03T16:58:22.877149,3,3,115.85,0.1,115.8,625,115.7,200,115.6,500,,,,,,,,,,,,,,,115.9,200,116.1,625,116.3,500,,,,,,,,,,,,,,
2026-07-03T16:58:22.924982+00:00,2026-07-03T16:58:22.924836,2,2,115.8,0.2,115.7,200,115.6,500,,,,,,,,,,,,,,,,,115.9,200,116.3,500,,,,,,,,,,,,,,,,
2026-07-03T16:58:22.930111+00:00,2026-07-03T16:58:22.930070,3,2,116.0,0.2,115.9,425,115.7,200,115.6,500,,,,,,,,,,,,,,,116.1,625,116.3,500,,,,,,,,,,,,,,,,
2026-07-03T16:58:23.331532+00:00,2026-07-03T16:58:23.331306,3,2,116.0,0.2,115.9,405,115.7,200,115.6,500,,,,,,,,,,,,,,,116.1,625,116.3,500,,,,,,,,,,,,,,,,
2026-07-03T16:58:23.384973+00:00,2026-07-03T16:58:23.384651,2,2,116.0,0.2,115.9,405,115.7,200,,,,,,,,,,,,,,,,,116.1,625,116.3,500,,,,,,,,,,,,,,,,
2026-07-03T16:58:23.437710+00:00,2026-07-03T16:58:23.437610,2,1,116.0,0.2,115.9,405,115.7,200,,,,,,,,,,,,,,,,,116.1,625,,,,,,,,,,,,,,,,,,
2026-07-03T16:58:23.455485+00:00,2026-07-03T16:58:23.443016,3,2,116.0,0.2,115.9,405,115.7,200,115.6,500,,,,,,,,,,,,,,,116.1,625,116.3,500,,,,,,,,,,,,,,,,
2026-07-03T16:58:23.995166+00:00,2026-07-03T16:58:23.995056,2,2,116.0,0.2,115.9,405,115.7,200,,,,,,,,,,,,,,,,,116.1,625,116.3,500,,,,,,,,,,,,,,,,
2026-07-03T16:58:24.000550+00:00,2026-07-03T16:58:24.000349,2,1,116.0,0.2,115.9,405,115.7,200,,,,,,,,,,,,,,,,,116.1,625,,,,,,,,,,,,,,,,,,
2026-07-03T16:58:24.005671+00:00,2026-07-03T16:58:24.005616,3,1,116.0,0.2,115.9,405,115.7,200,115.6,500,,,,,,,,,,,,,,,116.1,625,,,,,,,,,,,,,,,,,,
2026-07-03T16:58:24.010959+00:00,2026-07-03T16:58:24.010888,3,2,116.0,0.2,115.9,405,115.7,200,115.6,500,,,,,,,,,,,,,,,116.1,625,116.3,500,,,,,,,,,,,,,,,,
2026-07-03T16:58:24.058584+00:00,2026-07-03T16:58:24.050378,2,2,116.0,0.2,115.9,405,115.6,500,,,,,,,,,,,,,,,,,116.1,625,116.3,500,,,,,,,,,,,,,,,,
2026-07-03T16:58:24.063894+00:00,2026-07-03T16:58:24.063803,3,3,115.95,0.1,115.9,405,115.8,200,115.6,500,,,,,,,,,,,,,,,116.0,200,116.1,625,116.3,500,,,,,,,,,,,,,,
2026-07-03T16:58:24.231193+00:00,2026-07-03T16:58:24.231050,2,3,115.9,0.2,115.8,200,115.6,500,,,,,,,,,,,,,,,,,116.0,200,116.1,625,116.3,500,,,,,,,,,,,,,,
2026-07-03T16:58:24.236843+00:00,2026-07-03T16:58:24.236782,2,3,115.9,0.2,115.8,825,115.6,500,,,,,,,,,,,,,,,,,116.0,200,116.1,625,116.3,500,,,,,,,,,,,,,,
2026-07-03T16:58:24.602687+00:00,2026-07-03T16:58:24.602548,1,3,115.9,0.2,115.8,825,,,,,,,,,,,,,,,,,,,116.0,200,116.1,625,116.3,500,,,,,,,,,,,,,,
2026-07-03T16:58:24.607951+00:00,2026-07-03T16:58:24.607814,1,2,115.9,0.2,115.8,825,,,,,,,,,,,,,,,,,,,116.0,200,116.1,625,,,,,,,,,,,,,,,,
2026-07-03T16:58:24.613321+00:00,2026-07-03T16:58:24.613080,2,2,115.9,0.2,115.8,825,115.6,500,,,,,,,,,,,,,,,,,116.0,200,116.1,625,,,,,,,,,,,,,,,,
2026-07-03T16:58:24.618457+00:00,2026-07-03T16:58:24.618353,2,3,115.9,0.2,115.8,825,115.6,500,,,,,,,,,,,,,,,,,116.0,200,116.1,625,116.3,500,,,,,,,,,,,,,,
2026-07-03T16:58:25.199906+00:00,2026-07-03T16:58:25.199729,1,3,115.9,0.2,115.8,825,,,,,,,,,,,,,,,,,,,116.0,200,116.1,625,116.3,500,,,,,,,,,,,,,,
2026-07-03T16:58:25.205172+00:00,2026-07-03T16:58:25.205026,1,2,115.9,0.2,115.8,825,,,,,,,,,,,,,,,,,,,116.0,200,116.1,625,,,,,,,,,,,,,,,,
2026-07-03T16:58:25.210394+00:00,2026-07-03T16:58:25.210301,2,2,115.9,0.2,115.8,825,115.6,500,,,,,,,,,,,,,,,,,116.0,200,116.1,625,,,,,,,,,,,,,,,,
2026-07-03T16:58:25.215597+00:00,2026-07-03T16:58:25.215572,2,3,115.9,0.2,115.8,825,115.6,500,,,,,,,,,,,,,,,,,116.0,200,116.1,625,116.2,500,,,,,,,,,,,,,,
2026-07-03T16:58:25.306083+00:00,2026-07-03T16:58:25.305812,3,3,115.85,0.1,115.8,625,115.7,200,115.6,500,,,,,,,,,,,,,,,115.9,200,116.1,625,116.2,500,,,,,,,,,,,,,,
2026-07-03T16:58:25.547164+00:00,2026-07-03T16:58:25.546984,2,2,115.8,0.2,115.7,200,115.6,500,,,,,,,,,,,,,,,,,115.9,200,116.2,500,,,,,,,,,,,,,,,,
2026-07-03T16:58:25.558607+00:00,2026-07-03T16:58:25.552278,3,2,116.15,0.1,116.1,425,115.7,200,115.6,500,,,,,,,,,,,,,,,116.2,500,116.3,625,,,,,,,,,,,,,,,,
2026-07-03T16:58:25.803433+00:00,2026-07-03T16:58:25.803331,2,1,116.2,0.2,116.1,425,115.7,200,,,,,,,,,,,,,,,,,116.3,625,,,,,,,,,,,,,,,,,,
2026-07-03T16:58:25.825012+00:00,2026-07-03T16:58:25.824900,3,1,116.2,0.2,116.1,425,115.7,200,115.5,500,,,,,,,,,,,,,,,116.3,625,,,,,,,,,,,,,,,,,,
2026-07-03T16:58:25.830575+00:00,2026-07-03T16:58:25.830193,3,2,116.15,0.1,116.1,425,115.7,200,115.5,500,,,,,,,,,,,,,,,116.2,500,116.3,625,,,,,,,,,,,,,,,,
2026-07-03T16:58:26.420549+00:00,2026-07-03T16:58:26.420660,2,2,116.15,0.1,116.1,425,115.7,200,,,,,,,,,,,,,,,,,116.2,500,116.3,625,,,,,,,,,,,,,,,,
2026-07-03T16:58:26.426261+00:00,2026-07-03T16:58:26.426194,3,2,116.15,0.1,116.1,425,115.7,200,115.5,500,,,,,,,,,,,,,,,116.2,500,116.3,625,,,,,,,,,,,,,,,,
2026-07-03T16:58:26.506892+00:00,2026-07-03T16:58:26.506808,3,2,116.15,0.1,116.1,225,115.8,200,115.5,500,,,,,,,,,,,,,,,116.2,500,116.3,625,,,,,,,,,,,,,,,,
2026-07-03T16:58:26.858626+00:00,2026-07-03T16:58:26.855064,3,1,116.1,0.2,116.0,625,115.8,200,115.5,500,,,,,,,,,,,,,,,116.2,1125,,,,,,,,,,,,,,,,,,
2026-07-03T16:58:27.010983+00:00,2026-07-03T16:58:27.010844,2,1,116.1,0.2,116.0,625,115.8,200,,,,,,,,,,,,,,,,,116.2,1125,,,,,,,,,,,,,,,,,,
2026-07-03T16:58:27.016277+00:00,2026-07-03T16:58:27.016126,2,1,116.1,0.2,116.0,625,115.8,200,,,,,,,,,,,,,,,,,116.2,625,,,,,,,,,,,,,,,,,,
2026-07-03T16:58:27.021572+00:00,2026-07-03T16:58:27.021408,3,1,116.1,0.2,116.0,625,115.8,200,115.5,500,,,,,,,,,,,,,,,116.2,625,,,,,,,,,,,,,,,,,,
2026-07-03T16:58:27.026826+00:00,2026-07-03T16:58:27.026686,3,1,116.1,0.2,116.0,625,115.8,200,115.5,500,,,,,,,,,,,,,,,116.2,1125,,,,,,,,,,,,,,,,,,
2026-07-03T16:58:27.158672+00:00,2026-07-03T16:58:27.154258,3,1,116.1,0.2,116.0,625,115.8,200,115.5,500,,,,,,,,,,,,,,,116.2,1105,,,,,,,,,,,,,,,,,,
2026-07-03T16:58:27.629262+00:00,2026-07-03T16:58:27.629435,2,1,116.1,0.2,116.0,625,115.8,200,,,,,,,,,,,,,,,,,116.2,1105,,,,,,,,,,,,,,,,,,
2026-07-03T16:58:27.658951+00:00,2026-07-03T16:58:27.658798,3,1,116.1,0.2,116.0,625,115.8,200,115.6,500,,,,,,,,,,,,,,,116.2,1105,,,,,,,,,,,,,,,,,,
2026-07-03T16:58:27.708559+00:00,2026-07-03T16:58:27.708318,3,1,116.1,0.2,116.0,625,115.9,200,115.6,500,,,,,,,,,,,,,,,116.2,1305,,,,,,,,,,,,,,,,,,
2026-07-03T16:58:28.027013+00:00,2026-07-03T16:58:28.026903,3,1,116.1,0.2,116.0,625,115.9,200,115.6,500,,,,,,,,,,,,,,,116.2,1255,,,,,,,,,,,,,,,,,,
2026-07-03T16:58:28.186784+00:00,2026-07-03T16:58:28.186716,2,1,116.05,0.3,115.9,825,115.6,500,,,,,,,,,,,,,,,,,116.2,1325,,,,,,,,,,,,,,,,,,
2026-07-03T16:58:28.236394+00:00,2026-07-03T16:58:28.236335,1,1,116.05,0.3,115.9,825,,,,,,,,,,,,,,,,,,,116.2,1325,,,,,,,,,,,,,,,,,,
2026-07-03T16:58:28.246907+00:00,2026-07-03T16:58:28.246746,1,1,116.05,0.3,115.9,825,,,,,,,,,,,,,,,,,,,116.2,825,,,,,,,,,,,,,,,,,,
2026-07-03T16:58:28.258574+00:00,2026-07-03T16:58:28.257224,2,2,116.05,0.3,115.9,825,115.6,500,,,,,,,,,,,,,,,,,116.2,825,116.3,500,,,,,,,,,,,,,,,,
2026-07-03T16:58:28.848453+00:00,2026-07-03T16:58:28.854055,2,1,116.05,0.3,115.9,825,115.6,500,,,,,,,,,,,,,,,,,116.2,1325,,,,,,,,,,,,,,,,,,
2026-07-03T16:58:28.901186+00:00,2026-07-03T16:58:28.901063,2,1,116.05,0.3,115.9,625,115.6,500,,,,,,,,,,,,,,,,,116.2,1325,,,,,,,,,,,,,,,,,,
2026-07-03T16:58:28.922181+00:00,2026-07-03T16:58:28.920223,2,2,116.0,0.2,115.9,825,115.6,500,,,,,,,,,,,,,,,,,116.1,197,116.2,1125,,,,,,,,,,,,,,,,
2026-07-03T16:58:29.445267+00:00,2026-07-03T16:58:29.445152,1,2,116.0,0.2,115.9,825,,,,,,,,,,,,,,,,,,,116.1,197,116.2,1125,,,,,,,,,,,,,,,,
2026-07-03T16:58:29.450507+00:00,2026-07-03T16:58:29.450421,1,2,116.0,0.2,115.9,825,,,,,,,,,,,,,,,,,,,116.1,197,116.2,625,,,,,,,,,,,,,,,,
2026-07-03T16:58:29.458563+00:00,2026-07-03T16:58:29.456266,2,2,116.0,0.2,115.9,825,115.5,500,,,,,,,,,,,,,,,,,116.1,197,116.2,1125,,,,,,,,,,,,,,,,
2026-07-03T16:58:29.516887+00:00,2026-07-03T16:58:29.516651,3,2,116.05,0.1,116.0,625,115.9,200,115.5,500,,,,,,,,,,,,,,,116.1,197,116.2,1125,,,,,,,,,,,,,,,,
2026-07-03T16:58:30.058728+00:00,2026-07-03T16:58:30.048805,2,2,116.05,0.1,116.0,625,115.9,200,,,,,,,,,,,,,,,,,116.1,197,116.2,625,,,,,,,,,,,,,,,,
2026-07-03T16:58:30.093668+00:00,2026-07-03T16:58:30.093533,3,3,116.05,0.1,116.0,625,115.9,200,115.6,500,,,,,,,,,,,,,,,116.1,197,116.2,625,116.3,500,,,,,,,,,,,,,,
2026-07-03T16:58:30.111053+00:00,2026-07-03T16:58:30.106865,3,3,116.05,0.1,116.0,625,115.9,200,115.6,500,,,,,,,,,,,,,,,116.1,200,116.2,625,116.3,500,,,,,,,,,,,,,,
2026-07-03T16:58:30.646878+00:00,2026-07-03T16:58:30.656847,3,2,116.05,0.1,116.0,625,115.9,200,115.5,500,,,,,,,,,,,,,,,116.1,200,116.2,625,,,,,,,,,,,,,,,,
2026-07-03T16:58:30.721144+00:00,2026-07-03T16:58:30.720710,3,2,116.05,0.1,116.0,625,115.9,200,115.5,500,,,,,,,,,,,,,,,116.1,200,116.2,1125,,,,,,,,,,,,,,,,
2026-07-03T16:58:30.801861+00:00,2026-07-03T16:58:30.801794,2,2,116.0,0.2,115.9,825,115.5,500,,,,,,,,,,,,,,,,,116.1,825,116.2,500,,,,,,,,,,,,,,,,
2026-07-03T16:58:31.258758+00:00,2026-07-03T16:58:31.256492,1,1,116.0,0.2,115.9,825,,,,,,,,,,,,,,,,,,,116.1,825,,,,,,,,,,,,,,,,,,
2026-07-03T16:58:31.293812+00:00,2026-07-03T16:58:31.293621,2,2,116.0,0.2,115.9,825,115.5,500,,,,,,,,,,,,,,,,,116.1,825,116.2,500,,,,,,,,,,,,,,,,
2026-07-03T16:58:31.327179+00:00,2026-07-03T16:58:31.327131,2,2,116.0,0.2,115.9,825,115.5,500,,,,,,,,,,,,,,,,,116.1,825,116.2,500,,,,,,,,,,,,,,,,
2026-07-03T16:58:31.852019+00:00,2026-07-03T16:58:31.852640,1,1,116.0,0.2,115.9,825,,,,,,,,,,,,,,,,,,,116.1,825,,,,,,,,,,,,,,,,,,
2026-07-03T16:58:31.895225+00:00,2026-07-03T16:58:31.895022,2,2,116.0,0.2,115.9,825,115.5,500,,,,,,,,,,,,,,,,,116.1,825,116.2,500,,,,,,,,,,,,,,,,
2026-07-03T16:58:32.113036+00:00,2026-07-03T16:58:32.112819,3,3,115.95,0.1,115.9,200,115.7,625,115.5,500,,,,,,,,,,,,,,,116.0,625,116.1,200,116.2,500,,,,,,,,,,,,,,
2026-07-03T16:58:32.224491+00:00,2026-07-03T16:58:32.222630,3,3,115.95,0.1,115.9,200,115.7,625,115.5,500,,,,,,,,,,,,,,,116.0,614,116.1,200,116.2,500,,,,,,,,,,,,,,
2026-07-03T16:58:32.284895+00:00,2026-07-03T16:58:32.284657,3,3,115.95,0.1,115.9,200,115.7,625,115.5,500,,,,,,,,,,,,,,,116.0,605,116.1,200,116.2,500,,,,,,,,,,,,,,
2026-07-03T16:58:32.458699+00:00,2026-07-03T16:58:32.457877,2,2,115.95,0.1,115.9,200,115.7,625,,,,,,,,,,,,,,,,,116.0,605,116.1,200,,,,,,,,,,,,,,,,
2026-07-03T16:58:32.470288+00:00,2026-07-03T16:58:32.469722,3,2,115.95,0.1,115.9,200,115.7,625,115.5,500,,,,,,,,,,,,,,,116.0,605,116.1,200,,,,,,,,,,,,,,,,
2026-07-03T16:58:32.481298+00:00,2026-07-03T16:58:32.481037,3,3,115.95,0.1,115.9,200,115.7,625,115.5,500,,,,,,,,,,,,,,,116.0,605,116.1,200,116.2,500,,,,,,,,,,,,,,
2026-07-03T16:58:32.526996+00:00,2026-07-03T16:58:32.526922,2,2,115.85,0.3,115.7,625,115.5,500,,,,,,,,,,,,,,,,,116.0,605,116.2,500,,,,,,,,,,,,,,,,
2026-07-03T16:58:32.532305+00:00,2026-07-03T16:58:32.532225,2,2,115.85,0.3,115.7,625,115.5,500,,,,,,,,,,,,,,,,,116.0,405,116.2,700,,,,,,,,,,,,,,,,
2026-07-03T16:58:33.059094+00:00,2026-07-03T16:58:33.058835,1,2,115.85,0.3,115.7,625,,,,,,,,,,,,,,,,,,,116.0,405,116.2,700,,,,,,,,,,,,,,,,
2026-07-03T16:58:33.069873+00:00,2026-07-03T16:58:33.069718,1,2,115.85,0.3,115.7,625,,,,,,,,,,,,,,,,,,,116.0,405,116.2,200,,,,,,,,,,,,,,,,
2026-07-03T16:58:33.111936+00:00,2026-07-03T16:58:33.111695,2,2,115.85,0.3,115.7,625,115.6,500,,,,,,,,,,,,,,,,,116.0,405,116.2,200,,,,,,,,,,,,,,,,
2026-07-03T16:58:33.117527+00:00,2026-07-03T16:58:33.117004,2,3,115.85,0.3,115.7,625,115.6,500,,,,,,,,,,,,,,,,,116.0,405,116.2,200,116.3,500,,,,,,,,,,,,,,
2026-07-03T16:58:33.428696+00:00,2026-07-03T16:58:33.427111,2,3,115.8,0.2,115.7,625,115.6,500,,,,,,,,,,,,,,,,,115.9,613,116.2,200,116.3,500,,,,,,,,,,,,,,
2026-07-03T16:58:33.764831+00:00,2026-07-03T16:58:33.764667,2,3,115.8,0.2,115.7,625,115.6,500,,,,,,,,,,,,,,,,,115.9,413,116.2,200,116.3,500,,,,,,,,,,,,,,
2026-07-03T16:58:34.293208+00:00,2026-07-03T16:58:34.293684,1,3,115.8,0.2,115.7,625,,,,,,,,,,,,,,,,,,,115.9,413,116.2,200,116.3,500,,,,,,,,,,,,,,
2026-07-03T16:58:34.315129+00:00,2026-07-03T16:58:34.315033,1,2,115.8,0.2,115.7,625,,,,,,,,,,,,,,,,,,,115.9,413,116.2,200,,,,,,,,,,,,,,,,
2026-07-03T16:58:34.320715+00:00,2026-07-03T16:58:34.320487,2,3,115.8,0.2,115.7,625,115.6,500,,,,,,,,,,,,,,,,,115.9,413,116.2,200,116.3,500,,,,,,,,,,,,,,
2026-07-03T16:58:34.743790+00:00,2026-07-03T16:58:34.743734,2,2,115.9,0.6,115.6,500,115.5,625,,,,,,,,,,,,,,,,,116.2,200,116.3,500,,,,,,,,,,,,,,,,
2026-07-03T16:58:34.749083+00:00,2026-07-03T16:58:34.748950,2,3,115.65,0.1,115.6,500,115.5,625,,,,,,,,,,,,,,,,,115.7,625,116.2,200,116.3,500,,,,,,,,,,,,,,
2026-07-03T16:58:34.920113+00:00,2026-07-03T16:58:34.919805,2,2,115.65,0.1,115.6,500,115.5,625,,,,,,,,,,,,,,,,,115.7,625,116.2,700,,,,,,,,,,,,,,,,
2026-07-03T16:58:34.958668+00:00,2026-07-03T16:58:34.948288,2,3,115.65,0.1,115.6,500,115.5,625,,,,,,,,,,,,,,,,,115.7,425,116.1,200,116.2,500,,,,,,,,,,,,,,
2026-07-03T16:58:35.450123+00:00,2026-07-03T16:58:35.448610,2,3,115.65,0.1,115.6,488,115.5,625,,,,,,,,,,,,,,,,,115.7,425,116.1,200,116.2,500,,,,,,,,,,,,,,
2026-07-03T16:58:35.500751+00:00,2026-07-03T16:58:35.500620,1,3,115.6,0.2,115.5,625,,,,,,,,,,,,,,,,,,,115.7,425,116.1,200,116.2,500,,,,,,,,,,,,,,
2026-07-03T16:58:35.505788+00:00,2026-07-03T16:58:35.505896,1,2,115.6,0.2,115.5,625,,,,,,,,,,,,,,,,,,,115.7,425,116.1,200,,,,,,,,,,,,,,,,
2026-07-03T16:58:35.511204+00:00,2026-07-03T16:58:35.511140,1,2,115.6,0.2,115.5,1125,,,,,,,,,,,,,,,,,,,115.7,425,116.1,200,,,,,,,,,,,,,,,,
2026-07-03T16:58:35.516405+00:00,2026-07-03T16:58:35.516387,1,3,115.6,0.2,115.5,1125,,,,,,,,,,,,,,,,,,,115.7,425,116.1,200,116.2,500,,,,,,,,,,,,,,
2026-07-03T16:58:36.039769+00:00,2026-07-03T16:58:36.039678,1,2,115.8,0.6,115.5,500,,,,,,,,,,,,,,,,,,,116.1,200,116.2,500,,,,,,,,,,,,,,,,
2026-07-03T16:58:36.044887+00:00,2026-07-03T16:58:36.044859,2,3,115.7,0.2,115.6,625,115.5,500,,,,,,,,,,,,,,,,,115.8,625,116.1,200,116.2,500,,,,,,,,,,,,,,
2026-07-03T16:58:36.103754+00:00,2026-07-03T16:58:36.103542,1,3,115.7,0.2,115.6,625,,,,,,,,,,,,,,,,,,,115.8,625,116.1,200,116.2,500,,,,,,,,,,,,,,
2026-07-03T16:58:36.108884+00:00,2026-07-03T16:58:36.108799,1,2,115.7,0.2,115.6,625,,,,,,,,,,,,,,,,,,,115.8,625,116.1,200,,,,,,,,,,,,,,,,
2026-07-03T16:58:36.119390+00:00,2026-07-03T16:58:36.119173,2,2,115.7,0.2,115.6,625,115.4,500,,,,,,,,,,,,,,,,,115.8,625,116.1,200,,,,,,,,,,,,,,,,
2026-07-03T16:58:36.124540+00:00,2026-07-03T16:58:36.124455,2,2,115.7,0.2,115.6,625,115.4,500,,,,,,,,,,,,,,,,,115.8,625,116.1,700,,,,,,,,,,,,,,,,
2026-07-03T16:58:36.148507+00:00,2026-07-03T16:58:36.158725,2,2,115.7,0.2,115.6,625,115.4,500,,,,,,,,,,,,,,,,,115.8,625,116.1,500,,,,,,,,,,,,,,,,
2026-07-03T16:58:36.164057+00:00,2026-07-03T16:58:36.163955,2,3,115.7,0.2,115.6,625,115.4,500,,,,,,,,,,,,,,,,,115.8,425,116.0,200,116.1,500,,,,,,,,,,,,,,
2026-07-03T16:58:36.703678+00:00,2026-07-03T16:58:36.703605,1,3,115.7,0.2,115.6,625,,,,,,,,,,,,,,,,,,,115.8,425,116.0,200,116.1,500,,,,,,,,,,,,,,
2026-07-03T16:58:36.714105+00:00,2026-07-03T16:58:36.714000,1,2,115.7,0.2,115.6,625,,,,,,,,,,,,,,,,,,,115.8,425,116.0,200,,,,,,,,,,,,,,,,
2026-07-03T16:58:36.719313+00:00,2026-07-03T16:58:36.719252,2,2,115.7,0.2,115.6,625,115.4,500,,,,,,,,,,,,,,,,,115.8,425,116.0,200,,,,,,,,,,,,,,,,
2026-07-03T16:58:36.758629+00:00,2026-07-03T16:58:36.746156,2,3,115.7,0.2,115.6,625,115.4,500,,,,,,,,,,,,,,,,,115.8,425,116.0,200,116.1,500,,,,,,,,,,,,,,
2026-07-03T16:58:37.336293+00:00,2026-07-03T16:58:37.336472,1,3,115.7,0.2,115.6,625,,,,,,,,,,,,,,,,,,,115.8,425,116.0,200,116.1,500,,,,,,,,,,,,,,
2026-07-03T16:58:37.358888+00:00,2026-07-03T16:58:37.347908,1,1,115.65,0.7,115.3,500,,,,,,,,,,,,,,,,,,,116.0,700,,,,,,,,,,,,,,,,,,
2026-07-03T16:58:37.373857+00:00,2026-07-03T16:58:37.372075,2,2,115.8,0.2,115.7,814,115.3,500,,,,,,,,,,,,,,,,,115.9,825,116.0,500,,,,,,,,,,,,,,,,
2026-07-03T16:58:37.904998+00:00,2026-07-03T16:58:37.904796,1,2,115.8,0.2,115.7,814,,,,,,,,,,,,,,,,,,,115.9,825,116.0,500,,,,,,,,,,,,,,,,
2026-07-03T16:58:37.916006+00:00,2026-07-03T16:58:37.915900,1,1,115.8,0.2,115.7,814,,,,,,,,,,,,,,,,,,,115.9,825,,,,,,,,,,,,,,,,,,
2026-07-03T16:58:37.926455+00:00,2026-07-03T16:58:37.926313,2,1,115.8,0.2,115.7,814,115.4,500,,,,,,,,,,,,,,,,,115.9,825,,,,,,,,,,,,,,,,,,
2026-07-03T16:58:37.931730+00:00,2026-07-03T16:58:37.931605,2,2,115.8,0.2,115.7,814,115.4,500,,,,,,,,,,,,,,,,,115.9,825,116.1,500,,,,,,,,,,,,,,,,
2026-07-03T16:58:38.504515+00:00,2026-07-03T16:58:38.504438,1,2,115.8,0.2,115.7,764,,,,,,,,,,,,,,,,,,,115.9,825,116.1,500,,,,,,,,,,,,,,,,
2026-07-03T16:58:38.526848+00:00,2026-07-03T16:58:38.526639,2,1,115.8,0.2,115.7,764,115.4,500,,,,,,,,,,,,,,,,,115.9,825,,,,,,,,,,,,,,,,,,
2026-07-03T16:58:38.531994+00:00,2026-07-03T16:58:38.531898,2,2,115.8,0.2,115.7,764,115.4,500,,,,,,,,,,,,,,,,,115.9,825,116.1,500,,,,,,,,,,,,,,,,
2026-07-03T16:58:38.564084+00:00,2026-07-03T16:58:38.564157,2,2,115.8,0.2,115.7,564,115.4,500,,,,,,,,,,,,,,,,,115.9,825,116.1,500,,,,,,,,,,,,,,,,
2026-07-03T16:58:38.569443+00:00,2026-07-03T16:58:38.569422,2,2,115.8,0.2,115.7,564,115.4,700,,,,,,,,,,,,,,,,,115.9,625,116.1,500,,,,,,,,,,,,,,,,
2026-07-03T16:58:38.574692+00:00,2026-07-03T16:58:38.574627,2,2,115.8,0.2,115.7,364,115.4,700,,,,,,,,,,,,,,,,,115.9,625,116.1,500,,,,,,,,,,,,,,,,
2026-07-03T16:58:38.669419+00:00,2026-07-03T16:58:38.669359,2,1,115.9,0.4,115.7,625,115.4,700,,,,,,,,,,,,,,,,,116.1,500,,,,,,,,,,,,,,,,,,
2026-07-03T16:58:38.674603+00:00,2026-07-03T16:58:38.674516,2,2,115.8,0.2,115.7,625,115.4,700,,,,,,,,,,,,,,,,,115.9,625,116.1,500,,,,,,,,,,,,,,,,
2026-07-03T16:58:39.114627+00:00,2026-07-03T16:58:39.114541,2,2,115.8,0.2,115.7,625,115.4,200,,,,,,,,,,,,,,,,,115.9,625,116.1,500,,,,,,,,,,,,,,,,
2026-07-03T16:58:39.120353+00:00,2026-07-03T16:58:39.120285,2,1,115.8,0.2,115.7,625,115.4,200,,,,,,,,,,,,,,,,,115.9,625,,,,,,,,,,,,,,,,,,
2026-07-03T16:58:39.131430+00:00,2026-07-03T16:58:39.130854,2,1,115.8,0.2,115.7,625,115.4,700,,,,,,,,,,,,,,,,,115.9,625,,,,,,,,,,,,,,,,,,
2026-07-03T16:58:39.158551+00:00,2026-07-03T16:58:39.156865,2,2,115.8,0.2,115.7,625,115.4,700,,,,,,,,,,,,,,,,,115.9,625,116.1,500,,,,,,,,,,,,,,,,
2026-07-03T16:58:39.759254+00:00,2026-07-03T16:58:39.758981,2,1,115.8,0.2,115.7,625,115.4,700,,,,,,,,,,,,,,,,,115.9,625,,,,,,,,,,,,,,,,,,
2026-07-03T16:58:39.769842+00:00,2026-07-03T16:58:39.769679,2,2,115.8,0.2,115.7,625,115.4,700,,,,,,,,,,,,,,,,,115.9,625,116.1,500,,,,,,,,,,,,,,,,
2026-07-03T16:58:39.780268+00:00,2026-07-03T16:58:39.780228,2,2,115.8,0.2,115.7,625,115.4,500,,,,,,,,,,,,,,,,,115.9,625,116.1,500,,,,,,,,,,,,,,,,
2026-07-03T16:58:39.785659+00:00,2026-07-03T16:58:39.785449,3,2,115.8,0.2,115.7,625,115.5,200,115.4,500,,,,,,,,,,,,,,,115.9,625,116.1,500,,,,,,,,,,,,,,,,
2026-07-03T16:58:39.801132+00:00,2026-07-03T16:58:39.801061,3,2,115.8,0.2,115.7,425,115.5,200,115.4,500,,,,,,,,,,,,,,,115.9,625,116.1,500,,,,,,,,,,,,,,,,
2026-07-03T16:58:39.977499+00:00,2026-07-03T16:58:39.977449,3,1,115.85,0.5,115.6,625,115.5,200,115.4,500,,,,,,,,,,,,,,,116.1,500,,,,,,,,,,,,,,,,,,
2026-07-03T16:58:39.982670+00:00,2026-07-03T16:58:39.982618,3,2,115.7,0.2,115.6,625,115.5,200,115.4,500,,,,,,,,,,,,,,,115.8,625,116.1,500,,,,,,,,,,,,,,,,
2026-07-03T16:58:40.363985+00:00,2026-07-03T16:58:40.363829,2,2,115.7,0.2,115.6,625,115.5,200,,,,,,,,,,,,,,,,,115.8,625,116.1,500,,,,,,,,,,,,,,,,
2026-07-03T16:58:40.374468+00:00,2026-07-03T16:58:40.374284,3,2,115.7,0.2,115.6,625,115.5,200,115.4,500,,,,,,,,,,,,,,,115.8,625,116.1,500,,,,,,,,,,,,,,,,
2026-07-03T16:58:40.958946+00:00,2026-07-03T16:58:40.958697,2,2,115.7,0.2,115.6,625,115.5,200,,,,,,,,,,,,,,,,,115.8,625,116.1,500,,,,,,,,,,,,,,,,
2026-07-03T16:58:40.975044+00:00,2026-07-03T16:58:40.974909,3,1,115.7,0.2,115.6,625,115.5,200,115.4,500,,,,,,,,,,,,,,,115.8,625,,,,,,,,,,,,,,,,,,
2026-07-03T16:58:40.980570+00:00,2026-07-03T16:58:40.980169,3,2,115.7,0.2,115.6,625,115.5,200,115.4,500,,,,,,,,,,,,,,,115.8,625,116.1,500,,,,,,,,,,,,,,,,
2026-07-03T16:58:41.005180+00:00,2026-07-03T16:58:41.005043,3,2,115.7,0.2,115.6,625,115.5,200,115.4,500,,,,,,,,,,,,,,,115.8,825,116.1,500,,,,,,,,,,,,,,,,
2026-07-03T16:58:41.285472+00:00,2026-07-03T16:58:41.285399,2,2,115.65,0.3,115.5,825,115.4,500,,,,,,,,,,,,,,,,,115.8,200,116.1,500,,,,,,,,,,,,,,,,
2026-07-03T16:58:41.290667+00:00,2026-07-03T16:58:41.290564,2,3,115.6,0.2,115.5,825,115.4,500,,,,,,,,,,,,,,,,,115.7,625,115.8,200,116.1,500,,,,,,,,,,,,,,
2026-07-03T16:58:41.564152+00:00,2026-07-03T16:58:41.564042,2,2,115.6,0.2,115.5,825,115.4,500,,,,,,,,,,,,,,,,,115.7,625,115.8,200,,,,,,,,,,,,,,,,
2026-07-03T16:58:41.569395+00:00,2026-07-03T16:58:41.569301,2,3,115.6,0.2,115.5,825,115.4,500,,,,,,,,,,,,,,,,,115.7,625,115.8,200,116.1,500,,,,,,,,,,,,,,
2026-07-03T16:58:42.198220+00:00,2026-07-03T16:58:42.197471,1,3,115.6,0.2,115.5,1325,,,,,,,,,,,,,,,,,,,115.7,625,115.8,200,116.2,500,,,,,,,,,,,,,,
2026-07-03T16:58:42.230025+00:00,2026-07-03T16:58:42.229917,1,3,115.6,0.2,115.5,1125,,,,,,,,,,,,,,,,,,,115.7,625,115.8,200,116.2,500,,,,,,,,,,,,,,
2026-07-03T16:58:42.235362+00:00,2026-07-03T16:58:42.235247,1,2,115.6,0.2,115.5,1325,,,,,,,,,,,,,,,,,,,115.7,825,116.2,500,,,,,,,,,,,,,,,,
2026-07-03T16:58:42.594002+00:00,2026-07-03T16:58:42.593958,1,2,115.6,0.2,115.5,1325,,,,,,,,,,,,,,,,,,,115.7,200,116.2,500,,,,,,,,,,,,,,,,
2026-07-03T16:58:42.599140+00:00,2026-07-03T16:58:42.599115,1,2,115.6,0.2,115.5,1325,,,,,,,,,,,,,,,,,,,115.7,825,116.2,500,,,,,,,,,,,,,,,,
2026-07-03T16:58:42.785848+00:00,2026-07-03T16:58:42.785462,2,2,115.6,0.2,115.5,825,115.4,500,,,,,,,,,,,,,,,,,115.7,825,116.1,500,,,,,,,,,,,,,,,,
2026-07-03T16:58:43.359451+00:00,2026-07-03T16:58:43.359108,1,2,115.6,0.2,115.5,825,,,,,,,,,,,,,,,,,,,115.7,825,116.1,500,,,,,,,,,,,,,,,,
2026-07-03T16:58:43.396550+00:00,2026-07-03T16:58:43.396299,1,1,115.6,0.2,115.5,825,,,,,,,,,,,,,,,,,,,115.7,825,,,,,,,,,,,,,,,,,,
2026-07-03T16:58:43.412212+00:00,2026-07-03T16:58:43.411918,2,2,115.6,0.2,115.5,825,115.4,500,,,,,,,,,,,,,,,,,115.7,825,116.1,500,,,,,,,,,,,,,,,,
2026-07-03T16:58:43.422751+00:00,2026-07-03T16:58:43.422600,2,2,115.6,0.2,115.5,625,115.4,500,,,,,,,,,,,,,,,,,115.7,825,116.1,500,,,,,,,,,,,,,,,,
2026-07-03T16:58:43.427942+00:00,2026-07-03T16:58:43.427901,3,2,115.6,0.2,115.5,625,115.4,500,115.3,200,,,,,,,,,,,,,,,115.7,625,116.1,500,,,,,,,,,,,,,,,,
2026-07-03T16:58:43.433219+00:00,2026-07-03T16:58:43.433159,3,2,115.6,0.2,115.5,425,115.4,500,115.3,200,,,,,,,,,,,,,,,115.7,625,116.1,500,,,,,,,,,,,,,,,,
2026-07-03T16:58:43.923364+00:00,2026-07-03T16:58:43.923242,2,1,115.75,0.7,115.4,500,115.3,825,,,,,,,,,,,,,,,,,116.1,500,,,,,,,,,,,,,,,,,,
2026-07-03T16:58:43.928558+00:00,2026-07-03T16:58:43.928443,2,2,115.45,0.1,115.4,500,115.3,825,,,,,,,,,,,,,,,,,115.5,625,116.1,500,,,,,,,,,,,,,,,,
2026-07-03T16:58:43.975782+00:00,2026-07-03T16:58:43.975589,2,1,115.45,0.1,115.4,500,115.3,825,,,,,,,,,,,,,,,,,115.5,625,,,,,,,,,,,,,,,,,,
2026-07-03T16:58:43.982497+00:00,2026-07-03T16:58:43.981984,2,2,115.45,0.1,115.4,500,115.3,825,,,,,,,,,,,,,,,,,115.5,625,116.1,500,,,,,,,,,,,,,,,,
2026-07-03T16:58:44.568184+00:00,2026-07-03T16:58:44.568015,1,1,115.4,0.2,115.3,825,,,,,,,,,,,,,,,,,,,115.5,625,,,,,,,,,,,,,,,,,,
2026-07-03T16:58:44.610838+00:00,2026-07-03T16:58:44.610647,2,2,115.45,0.1,115.4,500,115.3,825,,,,,,,,,,,,,,,,,115.5,625,116.1,500,,,,,,,,,,,,,,,,
2026-07-03T16:58:44.674492+00:00,2026-07-03T16:58:44.674220,2,3,115.45,0.1,115.4,500,115.3,625,,,,,,,,,,,,,,,,,115.5,425,115.7,200,116.1,500,,,,,,,,,,,,,,
2026-07-03T16:58:45.166674+00:00,2026-07-03T16:58:45.166453,1,3,115.4,0.2,115.3,625,,,,,,,,,,,,,,,,,,,115.5,425,115.7,200,116.1,500,,,,,,,,,,,,,,
2026-07-03T16:58:45.205725+00:00,2026-07-03T16:58:45.205613,1,2,115.4,0.2,115.3,625,,,,,,,,,,,,,,,,,,,115.5,425,115.7,200,,,,,,,,,,,,,,,,
2026-07-03T16:58:45.211183+00:00,2026-07-03T16:58:45.211137,1,2,115.55,0.3,115.4,500,,,,,,,,,,,,,,,,,,,115.7,200,116.1,500,,,,,,,,,,,,,,,,
2026-07-03T16:58:45.216430+00:00,2026-07-03T16:58:45.216382,2,2,115.6,0.2,115.5,625,115.4,500,,,,,,,,,,,,,,,,,115.7,825,116.1,500,,,,,,,,,,,,,,,,
2026-07-03T16:58:45.832154+00:00,2026-07-03T16:58:45.831849,1,2,115.6,0.2,115.5,625,,,,,,,,,,,,,,,,,,,115.7,825,116.1,500,,,,,,,,,,,,,,,,
2026-07-03T16:58:45.843396+00:00,2026-07-03T16:58:45.843202,3,2,115.6,0.2,115.5,425,115.4,500,115.2,200,,,,,,,,,,,,,,,115.7,625,116.1,500,,,,,,,,,,,,,,,,
2026-07-03T16:58:46.131836+00:00,2026-07-03T16:58:46.131658,3,2,115.6,0.2,115.5,384,115.4,500,115.2,200,,,,,,,,,,,,,,,115.7,625,116.1,500,,,,,,,,,,,,,,,,
2026-07-03T16:58:46.408880+00:00,2026-07-03T16:58:46.408737,2,2,115.6,0.2,115.5,384,115.2,200,,,,,,,,,,,,,,,,,115.7,625,116.1,500,,,,,,,,,,,,,,,,
2026-07-03T16:58:46.458651+00:00,2026-07-03T16:58:46.445847,3,2,115.6,0.2,115.5,384,115.4,500,115.2,200,,,,,,,,,,,,,,,115.7,625,116.0,500,,,,,,,,,,,,,,,,
2026-07-03T16:58:46.524441+00:00,2026-07-03T16:58:46.524366,2,1,115.7,0.6,115.4,1125,115.2,200,,,,,,,,,,,,,,,,,116.0,500,,,,,,,,,,,,,,,,,,
2026-07-03T16:58:46.529625+00:00,2026-07-03T16:58:46.529526,2,2,115.55,0.3,115.4,1125,115.2,200,,,,,,,,,,,,,,,,,115.7,625,116.0,500,,,,,,,,,,,,,,,,
2026-07-03T16:58:46.842056+00:00,2026-07-03T16:58:46.840114,2,2,115.55,0.3,115.4,1122,115.2,200,,,,,,,,,,,,,,,,,115.7,625,116.0,500,,,,,,,,,,,,,,,,
2026-07-03T16:58:47.003480+00:00,2026-07-03T16:58:47.003273,2,2,115.55,0.3,115.4,1013,115.2,200,,,,,,,,,,,,,,,,,115.7,625,116.0,500,,,,,,,,,,,,,,,,
2026-07-03T16:58:47.008559+00:00,2026-07-03T16:58:47.008463,2,2,115.55,0.3,115.4,625,115.2,200,,,,,,,,,,,,,,,,,115.7,625,116.0,500,,,,,,,,,,,,,,,,
2026-07-03T16:58:47.013822+00:00,2026-07-03T16:58:47.013766,2,1,115.55,0.3,115.4,625,115.2,200,,,,,,,,,,,,,,,,,115.7,625,,,,,,,,,,,,,,,,,,
2026-07-03T16:58:47.024302+00:00,2026-07-03T16:58:47.024173,3,1,115.55,0.3,115.4,625,115.3,500,115.2,200,,,,,,,,,,,,,,,115.7,625,,,,,,,,,,,,,,,,,,
2026-07-03T16:58:47.030435+00:00,2026-07-03T16:58:47.029500,3,2,115.55,0.3,115.4,625,115.3,500,115.2,200,,,,,,,,,,,,,,,115.7,625,116.0,500,,,,,,,,,,,,,,,,
2026-07-03T16:58:47.058704+00:00,2026-07-03T16:58:47.047740,2,3,115.5,0.2,115.4,825,115.3,500,,,,,,,,,,,,,,,,,115.6,200,115.7,625,116.0,500,,,,,,,,,,,,,,
2026-07-03T16:58:47.658887+00:00,2026-07-03T16:58:47.647394,2,3,115.5,0.2,115.4,825,115.3,500,,,,,,,,,,,,,,,,,115.6,200,115.7,625,116.0,500,,,,,,,,,,,,,,
2026-07-03T16:58:47.825610+00:00,2026-07-03T16:58:47.825497,2,2,115.5,0.2,115.4,200,115.3,500,,,,,,,,,,,,,,,,,115.6,200,116.0,500,,,,,,,,,,,,,,,,
2026-07-03T16:58:47.836532+00:00,2026-07-03T16:58:47.836487,3,3,115.55,0.1,115.5,625,115.4,200,115.3,500,,,,,,,,,,,,,,,115.6,200,115.7,625,116.0,500,,,,,,,,,,,,,,
2026-07-03T16:58:48.211587+00:00,2026-07-03T16:58:48.211429,2,3,115.55,0.1,115.5,625,115.4,200,,,,,,,,,,,,,,,,,115.6,200,115.7,625,116.0,500,,,,,,,,,,,,,,
2026-07-03T16:58:48.258808+00:00,2026-07-03T16:58:48.253692,2,3,115.55,0.1,115.5,625,115.3,500,,,,,,,,,,,,,,,,,115.6,158,115.7,625,115.9,500,,,,,,,,,,,,,,
2026-07-03T16:58:48.263603+00:00,2026-07-03T16:58:48.263742,2,2,115.6,0.2,115.5,625,115.3,500,,,,,,,,,,,,,,,,,115.7,625,115.9,500,,,,,,,,,,,,,,,,
2026-07-03T16:58:48.269519+00:00,2026-07-03T16:58:48.269342,3,2,115.6,0.2,115.5,625,115.4,200,115.3,500,,,,,,,,,,,,,,,115.7,825,115.9,500,,,,,,,,,,,,,,,,
2026-07-03T16:58:48.834448+00:00,2026-07-03T16:58:48.835142,3,2,115.6,0.2,115.5,625,115.4,200,115.3,500,,,,,,,,,,,,,,,115.7,825,115.9,500,,,,,,,,,,,,,,,,
2026-07-03T16:58:49.141691+00:00,2026-07-03T16:58:49.141861,3,2,115.6,0.2,115.5,625,115.4,200,115.3,500,,,,,,,,,,,,,,,115.7,200,115.9,500,,,,,,,,,,,,,,,,
2026-07-03T16:58:49.147034+00:00,2026-07-03T16:58:49.147006,3,2,115.6,0.2,115.5,625,115.4,200,115.3,500,,,,,,,,,,,,,,,115.7,825,115.9,500,,,,,,,,,,,,,,,,
2026-07-03T16:58:49.421452+00:00,2026-07-03T16:58:49.421581,2,2,115.6,0.2,115.5,625,115.4,200,,,,,,,,,,,,,,,,,115.7,825,115.9,500,,,,,,,,,,,,,,,,
2026-07-03T16:58:49.427007+00:00,2026-07-03T16:58:49.426890,2,1,115.6,0.2,115.5,625,115.4,200,,,,,,,,,,,,,,,,,115.7,825,,,,,,,,,,,,,,,,,,
2026-07-03T16:58:49.432247+00:00,2026-07-03T16:58:49.432147,3,1,115.6,0.2,115.5,625,115.4,200,115.2,500,,,,,,,,,,,,,,,115.7,825,,,,,,,,,,,,,,,,,,
2026-07-03T16:58:49.442728+00:00,2026-07-03T16:58:49.442556,3,2,115.6,0.2,115.5,625,115.4,200,115.2,500,,,,,,,,,,,,,,,115.7,825,115.9,500,,,,,,,,,,,,,,,,
2026-07-03T16:58:49.474934+00:00,2026-07-03T16:58:49.474861,2,2,115.6,0.2,115.5,625,115.2,500,,,,,,,,,,,,,,,,,115.7,625,115.9,500,,,,,,,,,,,,,,,,
2026-07-03T16:58:49.485377+00:00,2026-07-03T16:58:49.485289,3,3,115.55,0.1,115.5,625,115.3,200,115.2,500,,,,,,,,,,,,,,,115.6,200,115.7,625,115.9,500,,,,,,,,,,,,,,
2026-07-03T16:58:50.058780+00:00,2026-07-03T16:58:50.049199,2,3,115.55,0.1,115.5,625,115.3,700,,,,,,,,,,,,,,,,,115.6,200,115.7,625,115.9,500,,,,,,,,,,,,,,
2026-07-03T16:58:50.315633+00:00,2026-07-03T16:58:50.315589,2,3,115.55,0.1,115.5,625,115.3,700,,,,,,,,,,,,,,,,,115.6,180,115.7,625,115.9,500,,,,,,,,,,,,,,
2026-07-03T16:58:50.458707+00:00,2026-07-03T16:58:50.450412,2,2,115.7,0.2,115.6,445,115.3,700,,,,,,,,,,,,,,,,,115.8,625,115.9,500,,,,,,,,,,,,,,,,
2026-07-03T16:58:50.658923+00:00,2026-07-03T16:58:50.658694,2,2,115.7,0.2,115.6,445,115.3,200,,,,,,,,,,,,,,,,,115.8,625,115.9,500,,,,,,,,,,,,,,,,
2026-07-03T16:58:50.664684+00:00,2026-07-03T16:58:50.664317,3,2,115.7,0.2,115.6,445,115.3,200,115.2,500,,,,,,,,,,,,,,,115.8,625,115.9,500,,,,,,,,,,,,,,,,
2026-07-03T16:58:50.676654+00:00,2026-07-03T16:58:50.676565,2,2,115.7,0.2,115.6,445,115.2,500,,,,,,,,,,,,,,,,,115.8,625,115.9,500,,,,,,,,,,,,,,,,
2026-07-03T16:58:50.701474+00:00,2026-07-03T16:58:50.701339,3,2,115.7,0.2,115.6,245,115.4,200,115.2,500,,,,,,,,,,,,,,,115.8,625,115.9,500,,,,,,,,,,,,,,,,
2026-07-03T16:58:51.229586+00:00,2026-07-03T16:58:51.229449,2,2,115.7,0.2,115.6,245,115.4,200,,,,,,,,,,,,,,,,,115.8,625,115.9,500,,,,,,,,,,,,,,,,
2026-07-03T16:58:51.234770+00:00,2026-07-03T16:58:51.234722,2,1,115.7,0.2,115.6,245,115.4,200,,,,,,,,,,,,,,,,,115.8,625,,,,,,,,,,,,,,,,,,
2026-07-03T16:58:51.258726+00:00,2026-07-03T16:58:51.245912,3,2,115.7,0.2,115.6,245,115.4,200,115.3,500,,,,,,,,,,,,,,,115.8,625,115.9,500,,,,,,,,,,,,,,,,
2026-07-03T16:58:51.758618+00:00,2026-07-03T16:58:51.756386,3,2,115.7,0.2,115.6,625,115.4,200,115.3,500,,,,,,,,,,,,,,,115.8,625,115.9,500,,,,,,,,,,,,,,,,
2026-07-03T16:58:51.910782+00:00,2026-07-03T16:58:51.910597,2,1,115.7,0.2,115.6,625,115.4,200,,,,,,,,,,,,,,,,,115.8,625,,,,,,,,,,,,,,,,,,
2026-07-03T16:58:51.916491+00:00,2026-07-03T16:58:51.916439,2,2,115.7,0.2,115.6,625,115.3,500,,,,,,,,,,,,,,,,,115.8,425,116.0,700,,,,,,,,,,,,,,,,
2026-07-03T16:58:52.458603+00:00,2026-07-03T16:58:52.454954,1,2,115.7,0.2,115.6,625,,,,,,,,,,,,,,,,,,,115.8,425,116.0,700,,,,,,,,,,,,,,,,
2026-07-03T16:58:52.515892+00:00,2026-07-03T16:58:52.515811,1,2,115.7,0.2,115.6,625,,,,,,,,,,,,,,,,,,,115.8,425,116.0,200,,,,,,,,,,,,,,,,
2026-07-03T16:58:52.520929+00:00,2026-07-03T16:58:52.521232,2,2,115.7,0.2,115.6,625,115.3,500,,,,,,,,,,,,,,,,,115.8,425,116.0,700,,,,,,,,,,,,,,,,
2026-07-03T16:58:53.063968+00:00,2026-07-03T16:58:53.063919,1,2,115.7,0.2,115.6,625,,,,,,,,,,,,,,,,,,,115.8,425,116.0,700,,,,,,,,,,,,,,,,
2026-07-03T16:58:53.069742+00:00,2026-07-03T16:58:53.069256,1,2,115.7,0.2,115.6,625,,,,,,,,,,,,,,,,,,,115.8,425,116.0,200,,,,,,,,,,,,,,,,
2026-07-03T16:58:53.116692+00:00,2026-07-03T16:58:53.116810,2,2,115.7,0.2,115.6,625,115.3,500,,,,,,,,,,,,,,,,,115.8,425,116.0,200,,,,,,,,,,,,,,,,
2026-07-03T16:58:53.122965+00:00,2026-07-03T16:58:53.122779,2,1,115.8,0.2,115.7,825,115.3,500,,,,,,,,,,,,,,,,,115.9,1325,,,,,,,,,,,,,,,,,,
2026-07-03T16:58:53.338037+00:00,2026-07-03T16:58:53.338208,2,1,115.8,0.2,115.7,783,115.3,500,,,,,,,,,,,,,,,,,115.9,1325,,,,,,,,,,,,,,,,,,
2026-07-03T16:58:53.669170+00:00,2026-07-03T16:58:53.668988,1,1,115.8,0.2,115.7,783,,,,,,,,,,,,,,,,,,,115.9,1325,,,,,,,,,,,,,,,,,,
2026-07-03T16:58:53.674388+00:00,2026-07-03T16:58:53.674265,1,1,115.8,0.2,115.7,783,,,,,,,,,,,,,,,,,,,115.9,825,,,,,,,,,,,,,,,,,,
2026-07-03T16:58:53.680150+00:00,2026-07-03T16:58:53.679610,2,1,115.8,0.2,115.7,783,115.3,500,,,,,,,,,,,,,,,,,115.9,825,,,,,,,,,,,,,,,,,,
2026-07-03T16:58:53.696267+00:00,2026-07-03T16:58:53.696072,2,2,115.8,0.2,115.7,783,115.3,500,,,,,,,,,,,,,,,,,115.9,825,116.0,500,,,,,,,,,,,,,,,,
2026-07-03T16:58:54.308881+00:00,2026-07-03T16:58:54.308757,1,2,115.8,0.2,115.7,783,,,,,,,,,,,,,,,,,,,115.9,825,116.0,500,,,,,,,,,,,,,,,,
2026-07-03T16:58:54.314666+00:00,2026-07-03T16:58:54.314268,2,2,115.8,0.2,115.7,783,115.4,500,,,,,,,,,,,,,,,,,115.9,825,116.0,500,,,,,,,,,,,,,,,,
2026-07-03T16:58:54.319861+00:00,2026-07-03T16:58:54.319710,2,2,115.8,0.2,115.7,625,115.4,500,,,,,,,,,,,,,,,,,115.9,825,116.0,500,,,,,,,,,,,,,,,,
2026-07-03T16:58:54.324995+00:00,2026-07-03T16:58:54.324960,3,2,115.8,0.2,115.7,625,115.5,200,115.4,500,,,,,,,,,,,,,,,115.9,625,116.0,500,,,,,,,,,,,,,,,,
2026-07-03T16:58:54.345748+00:00,2026-07-03T16:58:54.345625,3,2,115.8,0.2,115.7,425,115.5,200,115.4,500,,,,,,,,,,,,,,,115.9,625,116.0,500,,,,,,,,,,,,,,,,
2026-07-03T16:58:54.438335+00:00,2026-07-03T16:58:54.438293,2,1,115.75,0.5,115.5,200,115.4,500,,,,,,,,,,,,,,,,,116.0,500,,,,,,,,,,,,,,,,,,
2026-07-03T16:58:54.443593+00:00,2026-07-03T16:58:54.443524,3,2,115.7,0.2,115.6,625,115.5,200,115.4,500,,,,,,,,,,,,,,,115.8,625,116.0,500,,,,,,,,,,,,,,,,
2026-07-03T16:58:54.875132+00:00,2026-07-03T16:58:54.875017,2,2,115.7,0.2,115.6,625,115.5,200,,,,,,,,,,,,,,,,,115.8,625,116.0,500,,,,,,,,,,,,,,,,
2026-07-03T16:58:54.880462+00:00,2026-07-03T16:58:54.880287,2,1,115.7,0.2,115.6,625,115.5,200,,,,,,,,,,,,,,,,,115.8,625,,,,,,,,,,,,,,,,,,
2026-07-03T16:58:54.885646+00:00,2026-07-03T16:58:54.885580,3,1,115.7,0.2,115.6,625,115.5,200,115.3,500,,,,,,,,,,,,,,,115.8,625,,,,,,,,,,,,,,,,,,
2026-07-03T16:58:54.896123+00:00,2026-07-03T16:58:54.895963,3,2,115.7,0.2,115.6,625,115.5,200,115.3,500,,,,,,,,,,,,,,,115.8,625,116.0,500,,,,,,,,,,,,,,,,
2026-07-03T16:58:55.270019+00:00,2026-07-03T16:58:55.269587,3,2,115.7,0.2,115.6,625,115.5,200,115.3,500,,,,,,,,,,,,,,,115.8,605,116.0,500,,,,,,,,,,,,,,,,
2026-07-03T16:58:55.478116+00:00,2026-07-03T16:58:55.477985,2,2,115.7,0.2,115.6,625,115.5,200,,,,,,,,,,,,,,,,,115.8,605,116.0,500,,,,,,,,,,,,,,,,
2026-07-03T16:58:55.483921+00:00,2026-07-03T16:58:55.483341,2,1,115.7,0.2,115.6,625,115.5,200,,,,,,,,,,,,,,,,,115.8,605,,,,,,,,,,,,,,,,,,
2026-07-03T16:58:55.559747+00:00,2026-07-03T16:58:55.559419,3,3,115.75,0.1,115.7,200,115.6,625,115.4,500,,,,,,,,,,,,,,,115.8,605,115.9,200,116.1,500,,,,,,,,,,,,,,
2026-07-03T16:58:55.728196+00:00,2026-07-03T16:58:55.728102,2,3,115.75,0.1,115.7,200,115.4,500,,,,,,,,,,,,,,,,,115.8,605,115.9,200,116.1,500,,,,,,,,,,,,,,
2026-07-03T16:58:55.733396+00:00,2026-07-03T16:58:55.733294,3,2,115.8,0.2,115.7,200,115.5,625,115.4,500,,,,,,,,,,,,,,,115.9,200,116.1,500,,,,,,,,,,,,,,,,
2026-07-03T16:58:55.738590+00:00,2026-07-03T16:58:55.738481,2,3,115.6,0.2,115.5,625,115.4,500,,,,,,,,,,,,,,,,,115.7,425,115.9,200,116.1,500,,,,,,,,,,,,,,
2026-07-03T16:58:56.085859+00:00,2026-07-03T16:58:56.085695,1,3,115.6,0.2,115.5,625,,,,,,,,,,,,,,,,,,,115.7,425,115.9,200,116.1,500,,,,,,,,,,,,,,
2026-07-03T16:58:56.091231+00:00,2026-07-03T16:58:56.091089,2,2,115.6,0.2,115.5,625,115.4,500,,,,,,,,,,,,,,,,,115.7,425,115.9,200,,,,,,,,,,,,,,,,
2026-07-03T16:58:56.101645+00:00,2026-07-03T16:58:56.101501,2,3,115.6,0.2,115.5,625,115.4,500,,,,,,,,,,,,,,,,,115.7,425,115.9,200,116.1,500,,,,,,,,,,,,,,
2026-07-03T16:58:56.679609+00:00,2026-07-03T16:58:56.679523,1,3,115.6,0.2,115.5,625,,,,,,,,,,,,,,,,,,,115.7,425,115.9,200,116.1,500,,,,,,,,,,,,,,
2026-07-03T16:58:56.690157+00:00,2026-07-03T16:58:56.690006,1,2,115.6,0.2,115.5,625,,,,,,,,,,,,,,,,,,,115.7,425,115.9,200,,,,,,,,,,,,,,,,
2026-07-03T16:58:56.695415+00:00,2026-07-03T16:58:56.695269,2,2,115.6,0.2,115.5,625,115.4,500,,,,,,,,,,,,,,,,,115.7,425,115.9,200,,,,,,,,,,,,,,,,
2026-07-03T16:58:56.700645+00:00,2026-07-03T16:58:56.700534,2,3,115.6,0.2,115.5,625,115.4,500,,,,,,,,,,,,,,,,,115.7,425,115.9,200,116.1,500,,,,,,,,,,,,,,
2026-07-03T16:58:56.758635+00:00,2026-07-03T16:58:56.755060,3,3,115.65,0.1,115.6,200,115.5,625,115.4,500,,,,,,,,,,,,,,,115.7,425,115.8,200,116.1,500,,,,,,,,,,,,,,
2026-07-03T16:58:57.041939+00:00,2026-07-03T16:58:57.041850,2,2,115.7,0.2,115.6,200,115.4,500,,,,,,,,,,,,,,,,,115.8,200,116.1,500,,,,,,,,,,,,,,,,
2026-07-03T16:58:57.057478+00:00,2026-07-03T16:58:57.055820,3,3,115.75,0.1,115.7,622,115.6,200,115.4,500,,,,,,,,,,,,,,,115.8,200,115.9,625,116.1,500,,,,,,,,,,,,,,
2026-07-03T16:58:57.296246+00:00,2026-07-03T16:58:57.296133,2,3,115.75,0.1,115.7,622,115.6,200,,,,,,,,,,,,,,,,,115.8,200,115.9,625,116.1,500,,,,,,,,,,,,,,
2026-07-03T16:58:57.301727+00:00,2026-07-03T16:58:57.301648,3,3,115.75,0.1,115.7,622,115.6,200,115.4,500,,,,,,,,,,,,,,,115.8,200,115.9,625,116.1,500,,,,,,,,,,,,,,
2026-07-03T16:58:57.396191+00:00,2026-07-03T16:58:57.396136,3,3,115.75,0.1,115.7,622,115.6,200,115.4,500,,,,,,,,,,,,,,,115.8,180,115.9,625,116.1,500,,,,,,,,,,,,,,
2026-07-03T16:58:57.964931+00:00,2026-07-03T16:58:57.964780,2,2,115.8,0.2,115.7,622,115.4,500,,,,,,,,,,,,,,,,,115.9,625,116.1,500,,,,,,,,,,,,,,,,
2026-07-03T16:58:57.970951+00:00,2026-07-03T16:58:57.970639,3,3,115.75,0.1,115.7,622,115.6,200,115.4,500,,,,,,,,,,,,,,,115.8,200,115.9,625,116.1,500,,,,,,,,,,,,,,
2026-07-03T16:58:58.358656+00:00,2026-07-03T16:58:58.358366,3,3,115.75,0.1,115.7,625,115.6,200,115.4,500,,,,,,,,,,,,,,,115.8,200,115.9,625,116.1,500,,,,,,,,,,,,,,
2026-07-03T16:58:58.518149+00:00,2026-07-03T16:58:58.517881,2,3,115.75,0.1,115.7,625,115.6,200,,,,,,,,,,,,,,,,,115.8,200,115.9,625,116.1,500,,,,,,,,,,,,,,
2026-07-03T16:58:58.523446+00:00,2026-07-03T16:58:58.523228,2,2,115.75,0.1,115.7,625,115.6,200,,,,,,,,,,,,,,,,,115.8,200,115.9,625,,,,,,,,,,,,,,,,
2026-07-03T16:58:58.558987+00:00,2026-07-03T16:58:58.558787,3,2,115.75,0.1,115.7,625,115.6,200,115.4,500,,,,,,,,,,,,,,,115.8,200,115.9,625,,,,,,,,,,,,,,,,
2026-07-03T16:58:58.564636+00:00,2026-07-03T16:58:58.564095,3,3,115.75,0.1,115.7,625,115.6,200,115.4,500,,,,,,,,,,,,,,,115.8,200,115.9,625,116.1,500,,,,,,,,,,,,,,
2026-07-03T16:58:59.121094+00:00,2026-07-03T16:58:59.120958,2,3,115.75,0.1,115.7,625,115.6,200,,,,,,,,,,,,,,,,,115.8,200,115.9,625,116.1,500,,,,,,,,,,,,,,
2026-07-03T16:58:59.126060+00:00,2026-07-03T16:58:59.126834,3,2,115.75,0.1,115.7,625,115.6,200,115.3,500,,,,,,,,,,,,,,,115.8,200,115.9,625,,,,,,,,,,,,,,,,
2026-07-03T16:58:59.143023+00:00,2026-07-03T16:58:59.142870,3,3,115.75,0.1,115.7,625,115.6,200,115.3,500,,,,,,,,,,,,,,,115.8,200,115.9,625,116.0,500,,,,,,,,,,,,,,
2026-07-03T16:58:59.196135+00:00,2026-07-03T16:58:59.195954,3,2,115.8,0.2,115.7,425,115.4,200,115.3,500,,,,,,,,,,,,,,,115.9,625,116.0,500,,,,,,,,,,,,,,,,
2026-07-03T16:58:59.658669+00:00,2026-07-03T16:58:59.657556,3,2,115.6,0.2,115.5,625,115.4,200,115.3,500,,,,,,,,,,,,,,,115.7,625,116.0,500,,,,,,,,,,,,,,,,
2026-07-03T16:58:59.728860+00:00,2026-07-03T16:58:59.728662,2,2,115.6,0.2,115.5,625,115.4,200,,,,,,,,,,,,,,,,,115.7,625,116.0,500,,,,,,,,,,,,,,,,
2026-07-03T16:58:59.734230+00:00,2026-07-03T16:58:59.734064,2,1,115.6,0.2,115.5,625,115.4,700,,,,,,,,,,,,,,,,,115.7,625,,,,,,,,,,,,,,,,,,
2026-07-03T16:58:59.739433+00:00,2026-07-03T16:58:59.739363,2,2,115.6,0.2,115.5,625,115.4,700,,,,,,,,,,,,,,,,,115.7,625,116.0,500,,,,,,,,,,,,,,,,
2026-07-03T16:59:00.326415+00:00,2026-07-03T16:59:00.326268,2,2,115.6,0.2,115.5,625,115.4,200,,,,,,,,,,,,,,,,,115.7,625,116.0,500,,,,,,,,,,,,,,,,
2026-07-03T16:59:00.331643+00:00,2026-07-03T16:59:00.331575,2,1,115.6,0.2,115.5,625,115.4,200,,,,,,,,,,,,,,,,,115.7,625,,,,,,,,,,,,,,,,,,
2026-07-03T16:59:00.336975+00:00,2026-07-03T16:59:00.336868,2,1,115.6,0.2,115.5,625,115.4,700,,,,,,,,,,,,,,,,,115.7,625,,,,,,,,,,,,,,,,,,
2026-07-03T16:59:00.342245+00:00,2026-07-03T16:59:00.342157,2,2,115.6,0.2,115.5,625,115.4,700,,,,,,,,,,,,,,,,,115.7,625,116.0,500,,,,,,,,,,,,,,,,
2026-07-03T16:59:00.385062+00:00,2026-07-03T16:59:00.384940,2,2,115.6,0.2,115.5,625,115.4,500,,,,,,,,,,,,,,,,,115.7,625,116.0,500,,,,,,,,,,,,,,,,
2026-07-03T16:59:00.400456+00:00,2026-07-03T16:59:00.398864,2,3,115.55,0.1,115.5,625,115.4,700,,,,,,,,,,,,,,,,,115.6,197,115.7,625,116.0,500,,,,,,,,,,,,,,
2026-07-03T16:59:00.958673+00:00,2026-07-03T16:59:00.947242,2,3,115.55,0.1,115.5,625,115.4,700,,,,,,,,,,,,,,,,,115.6,197,115.7,625,116.1,500,,,,,,,,,,,,,,
2026-07-03T16:59:00.995234+00:00,2026-07-03T16:59:00.995175,2,2,115.7,0.2,115.6,428,115.4,700,,,,,,,,,,,,,,,,,115.8,625,116.1,500,,,,,,,,,,,,,,,,
2026-07-03T16:59:01.558937+00:00,2026-07-03T16:59:01.547131,2,2,115.7,0.2,115.6,428,115.4,700,,,,,,,,,,,,,,,,,115.8,625,116.0,500,,,,,,,,,,,,,,,,
2026-07-03T16:59:01.618088+00:00,2026-07-03T16:59:01.617791,2,2,115.7,0.2,115.6,628,115.4,500,,,,,,,,,,,,,,,,,115.8,825,116.0,500,,,,,,,,,,,,,,,,
2026-07-03T16:59:01.773583+00:00,2026-07-03T16:59:01.773297,2,2,115.7,0.2,115.6,608,115.4,500,,,,,,,,,,,,,,,,,115.8,825,116.0,500,,,,,,,,,,,,,,,,
2026-07-03T16:59:02.134432+00:00,2026-07-03T16:59:02.134270,1,2,115.7,0.2,115.6,608,,,,,,,,,,,,,,,,,,,115.8,825,116.0,500,,,,,,,,,,,,,,,,
2026-07-03T16:59:02.139792+00:00,2026-07-03T16:59:02.139606,1,1,115.7,0.2,115.6,608,,,,,,,,,,,,,,,,,,,115.8,825,,,,,,,,,,,,,,,,,,
2026-07-03T16:59:02.158813+00:00,2026-07-03T16:59:02.158727,2,1,115.7,0.2,115.6,608,115.4,500,,,,,,,,,,,,,,,,,115.8,825,,,,,,,,,,,,,,,,,,
2026-07-03T16:59:02.164196+00:00,2026-07-03T16:59:02.164006,2,2,115.7,0.2,115.6,608,115.4,500,,,,,,,,,,,,,,,,,115.8,825,116.0,500,,,,,,,,,,,,,,,,
2026-07-03T16:59:02.284441+00:00,2026-07-03T16:59:02.284345,2,2,115.7,0.2,115.6,825,115.4,500,,,,,,,,,,,,,,,,,115.8,200,116.0,500,,,,,,,,,,,,,,,,
2026-07-03T16:59:02.289425+00:00,2026-07-03T16:59:02.289532,2,2,115.7,0.2,115.6,825,115.4,500,,,,,,,,,,,,,,,,,115.8,825,116.0,500,,,,,,,,,,,,,,,,
2026-07-03T16:59:02.737882+00:00,2026-07-03T16:59:02.737705,1,2,115.7,0.2,115.6,825,,,,,,,,,,,,,,,,,,,115.8,825,116.0,500,,,,,,,,,,,,,,,,
2026-07-03T16:59:02.743198+00:00,2026-07-03T16:59:02.743082,1,1,115.7,0.2,115.6,825,,,,,,,,,,,,,,,,,,,115.8,825,,,,,,,,,,,,,,,,,,
2026-07-03T16:59:02.748434+00:00,2026-07-03T16:59:02.748372,2,1,115.7,0.2,115.6,825,115.3,500,,,,,,,,,,,,,,,,,115.8,825,,,,,,,,,,,,,,,,,,
2026-07-03T16:59:02.758695+00:00,2026-07-03T16:59:02.753898,2,2,115.7,0.2,115.6,825,115.3,500,,,,,,,,,,,,,,,,,115.8,825,116.0,500,,,,,,,,,,,,,,,,
2026-07-03T16:59:02.838145+00:00,2026-07-03T16:59:02.837885,2,2,115.7,0.2,115.6,825,115.3,500,,,,,,,,,,,,,,,,,115.8,825,116.0,500,,,,,,,,,,,,,,,,
2026-07-03T16:59:03.341558+00:00,2026-07-03T16:59:03.341679,1,2,115.7,0.2,115.6,825,,,,,,,,,,,,,,,,,,,115.8,825,116.0,500,,,,,,,,,,,,,,,,
2026-07-03T16:59:03.346822+00:00,2026-07-03T16:59:03.346999,1,1,115.7,0.2,115.6,825,,,,,,,,,,,,,,,,,,,115.8,825,,,,,,,,,,,,,,,,,,
2026-07-03T16:59:03.358649+00:00,2026-07-03T16:59:03.354981,2,2,115.7,0.2,115.6,825,115.3,500,,,,,,,,,,,,,,,,,115.8,825,116.0,500,,,,,,,,,,,,,,,,
2026-07-03T16:59:03.588998+00:00,2026-07-03T16:59:03.588971,2,2,115.7,0.2,115.6,200,115.3,500,,,,,,,,,,,,,,,,,115.8,825,116.0,500,,,,,,,,,,,,,,,,
2026-07-03T16:59:03.594498+00:00,2026-07-03T16:59:03.594217,3,3,115.75,0.1,115.7,625,115.6,200,115.3,500,,,,,,,,,,,,,,,115.8,200,115.9,625,116.0,500,,,,,,,,,,,,,,
2026-07-03T16:59:03.975874+00:00,2026-07-03T16:59:03.975627,2,3,115.75,0.1,115.7,625,115.6,200,,,,,,,,,,,,,,,,,115.8,200,115.9,625,116.0,500,,,,,,,,,,,,,,
2026-07-03T16:59:04.023188+00:00,2026-07-03T16:59:04.023022,2,2,115.75,0.1,115.7,625,115.6,200,,,,,,,,,,,,,,,,,115.8,200,115.9,625,,,,,,,,,,,,,,,,
2026-07-03T16:59:04.029043+00:00,2026-07-03T16:59:04.028938,3,2,115.8,0.2,115.7,425,115.5,200,115.3,500,,,,,,,,,,,,,,,115.9,625,116.0,500,,,,,,,,,,,,,,,,
2026-07-03T16:59:04.458958+00:00,2026-07-03T16:59:04.458849,3,2,115.8,0.2,115.7,425,115.5,200,115.3,500,,,,,,,,,,,,,,,115.9,605,116.0,500,,,,,,,,,,,,,,,,
2026-07-03T16:59:04.590261+00:00,2026-07-03T16:59:04.590019,3,2,115.8,0.2,115.7,425,115.5,200,115.3,500,,,,,,,,,,,,,,,115.9,605,116.0,500,,,,,,,,,,,,,,,,
2026-07-03T16:59:04.896073+00:00,2026-07-03T16:59:04.895913,2,1,115.75,0.5,115.5,825,115.3,500,,,,,,,,,,,,,,,,,116.0,500,,,,,,,,,,,,,,,,,,
2026-07-03T16:59:04.914741+00:00,2026-07-03T16:59:04.914375,2,2,115.6,0.2,115.5,825,115.3,500,,,,,,,,,,,,,,,,,115.7,625,116.0,500,,,,,,,,,,,,,,,,
2026-07-03T16:59:05.212710+00:00,2026-07-03T16:59:05.212422,2,2,115.6,0.2,115.5,825,115.3,500,,,,,,,,,,,,,,,,,115.7,625,116.0,500,,,,,,,,,,,,,,,,
2026-07-03T16:59:05.234301+00:00,2026-07-03T16:59:05.234223,2,2,115.6,0.2,115.5,825,115.3,500,,,,,,,,,,,,,,,,,115.7,625,116.0,500,,,,,,,,,,,,,,,,
2026-07-03T16:59:05.239511+00:00,2026-07-03T16:59:05.239400,2,2,115.6,0.2,115.5,825,115.3,500,,,,,,,,,,,,,,,,,115.7,825,116.0,500,,,,,,,,,,,,,,,,
2026-07-03T16:59:05.781755+00:00,2026-07-03T16:59:05.781684,1,2,115.6,0.2,115.5,825,,,,,,,,,,,,,,,,,,,115.7,825,116.0,500,,,,,,,,,,,,,,,,
2026-07-03T16:59:05.787101+00:00,2026-07-03T16:59:05.786930,1,1,115.6,0.2,115.5,825,,,,,,,,,,,,,,,,,,,115.7,825,,,,,,,,,,,,,,,,,,
2026-07-03T16:59:05.802757+00:00,2026-07-03T16:59:05.802658,2,2,115.6,0.2,115.5,825,115.4,500,,,,,,,,,,,,,,,,,115.7,825,116.1,500,,,,,,,,,,,,,,,,
2026-07-03T16:59:06.209370+00:00,2026-07-03T16:59:06.209191,2,2,115.6,0.2,115.5,200,115.4,500,,,,,,,,,,,,,,,,,115.7,825,116.1,500,,,,,,,,,,,,,,,,
2026-07-03T16:59:06.214554+00:00,2026-07-03T16:59:06.214471,3,1,115.9,0.4,115.7,425,115.5,200,115.4,500,,,,,,,,,,,,,,,116.1,500,,,,,,,,,,,,,,,,,,
2026-07-03T16:59:06.219687+00:00,2026-07-03T16:59:06.219615,3,2,115.8,0.2,115.7,425,115.5,200,115.4,500,,,,,,,,,,,,,,,115.9,625,116.1,500,,,,,,,,,,,,,,,,
2026-07-03T16:59:06.386831+00:00,2026-07-03T16:59:06.386659,2,2,115.8,0.2,115.7,425,115.5,200,,,,,,,,,,,,,,,,,115.9,625,116.1,500,,,,,,,,,,,,,,,,
2026-07-03T16:59:06.392064+00:00,2026-07-03T16:59:06.391933,2,1,115.8,0.2,115.7,425,115.5,200,,,,,,,,,,,,,,,,,115.9,625,,,,,,,,,,,,,,,,,,
2026-07-03T16:59:06.402458+00:00,2026-07-03T16:59:06.402315,3,1,115.8,0.2,115.7,425,115.5,200,115.4,500,,,,,,,,,,,,,,,115.9,625,,,,,,,,,,,,,,,,,,
2026-07-03T16:59:06.407719+00:00,2026-07-03T16:59:06.407593,3,2,115.8,0.2,115.7,425,115.5,200,115.4,500,,,,,,,,,,,,,,,115.9,625,116.1,500,,,,,,,,,,,,,,,,
2026-07-03T16:59:06.475119+00:00,2026-07-03T16:59:06.475029,2,2,115.8,0.2,115.7,625,115.4,500,,,,,,,,,,,,,,,,,115.9,625,116.1,500,,,,,,,,,,,,,,,,
2026-07-03T16:59:06.480435+00:00,2026-07-03T16:59:06.480268,2,2,115.8,0.2,115.7,625,115.4,500,,,,,,,,,,,,,,,,,115.9,825,116.1,500,,,,,,,,,,,,,,,,
2026-07-03T16:59:06.999594+00:00,2026-07-03T16:59:06.999457,1,2,115.8,0.2,115.7,625,,,,,,,,,,,,,,,,,,,115.9,825,116.1,500,,,,,,,,,,,,,,,,
2026-07-03T16:59:07.005022+00:00,2026-07-03T16:59:07.004879,2,1,115.8,0.2,115.7,625,115.4,500,,,,,,,,,,,,,,,,,115.9,825,,,,,,,,,,,,,,,,,,
2026-07-03T16:59:07.010263+00:00,2026-07-03T16:59:07.010181,2,2,115.8,0.2,115.7,625,115.4,500,,,,,,,,,,,,,,,,,115.9,825,116.1,500,,,,,,,,,,,,,,,,
2026-07-03T16:59:07.538891+00:00,2026-07-03T16:59:07.538839,3,2,115.8,0.2,115.7,200,115.5,625,115.4,500,,,,,,,,,,,,,,,115.9,200,116.1,500,,,,,,,,,,,,,,,,
2026-07-03T16:59:07.544154+00:00,2026-07-03T16:59:07.544052,2,3,115.6,0.2,115.5,625,115.4,500,,,,,,,,,,,,,,,,,115.7,425,115.9,200,116.1,500,,,,,,,,,,,,,,
2026-07-03T16:59:07.591756+00:00,2026-07-03T16:59:07.591655,1,3,115.6,0.2,115.5,625,,,,,,,,,,,,,,,,,,,115.7,425,115.9,200,116.1,500,,,,,,,,,,,,,,
2026-07-03T16:59:07.597018+00:00,2026-07-03T16:59:07.596970,1,2,115.6,0.2,115.5,625,,,,,,,,,,,,,,,,,,,115.7,425,115.9,200,,,,,,,,,,,,,,,,
2026-07-03T16:59:07.658811+00:00,2026-07-03T16:59:07.644701,2,2,115.6,0.2,115.5,625,115.4,500,,,,,,,,,,,,,,,,,115.7,425,116.1,500,,,,,,,,,,,,,,,,
2026-07-03T16:59:07.679370+00:00,2026-07-03T16:59:07.679228,2,3,115.6,0.2,115.5,625,115.4,500,,,,,,,,,,,,,,,,,115.7,225,115.9,200,116.1,500,,,,,,,,,,,,,,
2026-07-03T16:59:08.194084+00:00,2026-07-03T16:59:08.193916,1,3,115.6,0.2,115.5,625,,,,,,,,,,,,,,,,,,,115.7,225,115.9,200,116.1,500,,,,,,,,,,,,,,
2026-07-03T16:59:08.199872+00:00,2026-07-03T16:59:08.199210,1,2,115.6,0.2,115.5,625,,,,,,,,,,,,,,,,,,,115.7,225,115.9,200,,,,,,,,,,,,,,,,
2026-07-03T16:59:08.225818+00:00,2026-07-03T16:59:08.225693,2,2,115.6,0.2,115.5,625,115.4,500,,,,,,,,,,,,,,,,,115.7,225,115.9,200,,,,,,,,,,,,,,,,
2026-07-03T16:59:08.231132+00:00,2026-07-03T16:59:08.230964,2,3,115.6,0.2,115.5,625,115.4,500,,,,,,,,,,,,,,,,,115.7,225,115.9,200,116.1,500,,,,,,,,,,,,,,
2026-07-03T16:59:08.798271+00:00,2026-07-03T16:59:08.798112,1,3,115.6,0.2,115.5,625,,,,,,,,,,,,,,,,,,,115.7,225,115.9,200,116.1,500,,,,,,,,,,,,,,
2026-07-03T16:59:08.808682+00:00,2026-07-03T16:59:08.808536,1,2,115.6,0.2,115.5,625,,,,,,,,,,,,,,,,,,,115.7,225,115.9,200,,,,,,,,,,,,,,,,
2026-07-03T16:59:08.813851+00:00,2026-07-03T16:59:08.813789,1,2,115.6,0.2,115.5,1125,,,,,,,,,,,,,,,,,,,115.7,225,115.9,200,,,,,,,,,,,,,,,,
2026-07-03T16:59:08.824332+00:00,2026-07-03T16:59:08.824190,1,3,115.6,0.2,115.5,1125,,,,,,,,,,,,,,,,,,,115.7,225,115.9,200,116.2,500,,,,,,,,,,,,,,
2026-07-03T16:59:08.834718+00:00,2026-07-03T16:59:08.834688,1,2,115.7,0.4,115.5,500,,,,,,,,,,,,,,,,,,,115.9,200,116.2,500,,,,,,,,,,,,,,,,
2026-07-03T16:59:08.840787+00:00,2026-07-03T16:59:08.839913,1,3,115.6,0.2,115.5,1125,,,,,,,,,,,,,,,,,,,115.7,625,115.9,200,116.2,500,,,,,,,,,,,,,,
2026-07-03T16:59:08.858676+00:00,2026-07-03T16:59:08.853175,1,2,115.6,0.2,115.5,1125,,,,,,,,,,,,,,,,,,,115.7,625,116.2,500,,,,,,,,,,,,,,,,
2026-07-03T16:59:08.864077+00:00,2026-07-03T16:59:08.864003,1,2,115.6,0.2,115.5,1325,,,,,,,,,,,,,,,,,,,115.7,825,116.2,500,,,,,,,,,,,,,,,,
2026-07-03T16:59:09.435535+00:00,2026-07-03T16:59:09.435451,1,2,115.6,0.2,115.5,825,,,,,,,,,,,,,,,,,,,115.7,825,116.2,500,,,,,,,,,,,,,,,,
2026-07-03T16:59:09.441149+00:00,2026-07-03T16:59:09.440960,1,2,115.6,0.2,115.5,1325,,,,,,,,,,,,,,,,,,,115.7,825,116.2,500,,,,,,,,,,,,,,,,
2026-07-03T16:59:10.058553+00:00,2026-07-03T16:59:10.056667,2,2,115.65,0.1,115.6,500,115.5,825,,,,,,,,,,,,,,,,,115.7,825,116.2,500,,,,,,,,,,,,,,,,
2026-07-03T16:59:10.075529+00:00,2026-07-03T16:59:10.075480,2,2,115.65,0.1,115.6,500,115.5,625,,,,,,,,,,,,,,,,,115.7,625,116.2,500,,,,,,,,,,,,,,,,
2026-07-03T16:59:10.101585+00:00,2026-07-03T16:59:10.101499,2,2,115.65,0.1,115.6,500,115.5,625,,,,,,,,,,,,,,,,,115.7,425,116.2,500,,,,,,,,,,,,,,,,
2026-07-03T16:59:10.106860+00:00,2026-07-03T16:59:10.106716,2,3,115.65,0.1,115.6,500,115.5,625,,,,,,,,,,,,,,,,,115.7,425,115.9,200,116.2,500,,,,,,,,,,,,,,
2026-07-03T16:59:10.140290+00:00,2026-07-03T16:59:10.140087,2,3,115.65,0.1,115.6,500,115.5,625,,,,,,,,,,,,,,,,,115.7,625,115.9,200,116.2,500,,,,,,,,,,,,,,
2026-07-03T16:59:10.640122+00:00,2026-07-03T16:59:10.639999,1,3,115.6,0.2,115.5,625,,,,,,,,,,,,,,,,,,,115.7,625,115.9,200,116.2,500,,,,,,,,,,,,,,
2026-07-03T16:59:10.645310+00:00,2026-07-03T16:59:10.645293,1,2,115.6,0.2,115.5,625,,,,,,,,,,,,,,,,,,,115.7,625,115.9,200,,,,,,,,,,,,,,,,
2026-07-03T16:59:10.658646+00:00,2026-07-03T16:59:10.657024,1,3,115.6,0.2,115.5,1125,,,,,,,,,,,,,,,,,,,115.7,625,115.9,200,116.2,500,,,,,,,,,,,,,,
2026-07-03T16:59:10.812283+00:00,2026-07-03T16:59:10.811877,1,3,115.6,0.2,115.5,1125,,,,,,,,,,,,,,,,,,,115.7,605,115.9,200,116.2,500,,,,,,,,,,,,,,
2026-07-03T16:59:11.242342+00:00,2026-07-03T16:59:11.242217,1,3,115.6,0.2,115.5,625,,,,,,,,,,,,,,,,,,,115.7,605,115.9,200,116.2,500,,,,,,,,,,,,,,
2026-07-03T16:59:11.258581+00:00,2026-07-03T16:59:11.248011,2,2,115.6,0.2,115.5,625,115.4,500,,,,,,,,,,,,,,,,,115.7,605,115.9,200,,,,,,,,,,,,,,,,
2026-07-03T16:59:11.269095+00:00,2026-07-03T16:59:11.268909,2,3,115.6,0.2,115.5,625,115.4,500,,,,,,,,,,,,,,,,,115.7,605,115.9,200,116.1,500,,,,,,,,,,,,,,
2026-07-03T16:59:11.284780+00:00,2026-07-03T16:59:11.284715,2,2,115.6,0.2,115.5,625,115.4,500,,,,,,,,,,,,,,,,,115.7,605,116.1,500,,,,,,,,,,,,,,,,
2026-07-03T16:59:11.290000+00:00,2026-07-03T16:59:11.289958,3,3,115.65,0.1,115.6,200,115.5,625,115.4,500,,,,,,,,,,,,,,,115.7,605,115.9,200,116.1,500,,,,,,,,,,,,,,
2026-07-03T16:59:11.458589+00:00,2026-07-03T16:59:11.454881,3,3,115.65,0.1,115.6,200,115.5,625,115.4,500,,,,,,,,,,,,,,,115.7,625,115.9,200,116.1,500,,,,,,,,,,,,,,
2026-07-03T16:59:11.858576+00:00,2026-07-03T16:59:11.850321,2,2,115.65,0.1,115.6,180,115.5,625,,,,,,,,,,,,,,,,,115.7,625,115.9,200,,,,,,,,,,,,,,,,
2026-07-03T16:59:11.884859+00:00,2026-07-03T16:59:11.884693,3,3,115.65,0.1,115.6,180,115.5,625,115.4,500,,,,,,,,,,,,,,,115.7,625,115.9,200,116.1,500,,,,,,,,,,,,,,
2026-07-03T16:59:12.148530+00:00,2026-07-03T16:59:12.146873,3,3,115.65,0.1,115.6,177,115.5,625,115.4,500,,,,,,,,,,,,,,,115.7,625,115.9,200,116.1,500,,,,,,,,,,,,,,
2026-07-03T16:59:12.447449+00:00,2026-07-03T16:59:12.447247,2,3,115.65,0.1,115.6,177,115.5,625,,,,,,,,,,,,,,,,,115.7,625,115.9,200,116.1,500,,,,,,,,,,,,,,
2026-07-03T16:59:12.458672+00:00,2026-07-03T16:59:12.457942,3,3,115.65,0.1,115.6,177,115.5,625,115.4,500,,,,,,,,,,,,,,,115.7,625,115.9,200,116.1,500,,,,,,,,,,,,,,
2026-07-03T16:59:12.492833+00:00,2026-07-03T16:59:12.492342,2,2,115.6,0.2,115.5,625,115.4,500,,,,,,,,,,,,,,,,,115.7,625,116.1,500,,,,,,,,,,,,,,,,
2026-07-03T16:59:12.514253+00:00,2026-07-03T16:59:12.514131,2,3,115.6,0.2,115.5,625,115.4,500,,,,,,,,,,,,,,,,,115.7,425,115.9,200,116.1,500,,,,,,,,,,,,,,
2026-07-03T16:59:12.758583+00:00,2026-07-03T16:59:12.755663,2,3,115.6,0.2,115.5,625,115.4,500,,,,,,,,,,,,,,,,,115.7,625,115.9,200,116.1,500,,,,,,,,,,,,,,
2026-07-03T16:59:13.058930+00:00,2026-07-03T16:59:13.058649,1,3,115.6,0.2,115.5,625,,,,,,,,,,,,,,,,,,,115.7,625,115.9,200,116.1,500,,,,,,,,,,,,,,
2026-07-03T16:59:13.064227+00:00,2026-07-03T16:59:13.064062,2,2,115.6,0.2,115.5,625,115.4,500,,,,,,,,,,,,,,,,,115.7,625,115.9,200,,,,,,,,,,,,,,,,
2026-07-03T16:59:13.069204+00:00,2026-07-03T16:59:13.069323,2,3,115.6,0.2,115.5,625,115.4,500,,,,,,,,,,,,,,,,,115.7,625,115.9,200,116.0,500,,,,,,,,,,,,,,
2026-07-03T16:59:13.659399+00:00,2026-07-03T16:59:13.659294,2,2,115.6,0.2,115.5,625,115.3,500,,,,,,,,,,,,,,,,,115.7,625,115.9,200,,,,,,,,,,,,,,,,
2026-07-03T16:59:13.670513+00:00,2026-07-03T16:59:13.670191,2,3,115.6,0.2,115.5,625,115.3,500,,,,,,,,,,,,,,,,,115.7,625,115.9,200,116.0,500,,,,,,,,,,,,,,
2026-07-03T16:59:13.701556+00:00,2026-07-03T16:59:13.701467,3,2,115.65,0.1,115.6,200,115.5,625,115.3,500,,,,,,,,,,,,,,,115.7,625,116.0,500,,,,,,,,,,,,,,,,
2026-07-03T16:59:13.742708+00:00,2026-07-03T16:59:13.742870,3,3,115.65,0.1,115.6,200,115.5,625,115.3,500,,,,,,,,,,,,,,,115.7,625,115.8,200,116.0,500,,,,,,,,,,,,,,
2026-07-03T16:59:14.068776+00:00,2026-07-03T16:59:14.068711,3,2,115.7,0.2,115.6,200,115.5,625,115.3,500,,,,,,,,,,,,,,,115.8,200,116.0,500,,,,,,,,,,,,,,,,
2026-07-03T16:59:14.079344+00:00,2026-07-03T16:59:14.079234,3,2,115.7,0.2,115.6,200,115.5,625,115.3,500,,,,,,,,,,,,,,,115.8,825,116.0,500,,,,,,,,,,,,,,,,
2026-07-03T16:59:14.258637+00:00,2026-07-03T16:59:14.255396,2,1,115.7,0.2,115.6,200,115.5,625,,,,,,,,,,,,,,,,,115.8,825,,,,,,,,,,,,,,,,,,
2026-07-03T16:59:14.326367+00:00,2026-07-03T16:59:14.326270,3,1,115.7,0.2,115.6,200,115.5,625,115.3,500,,,,,,,,,,,,,,,115.8,825,,,,,,,,,,,,,,,,,,
2026-07-03T16:59:14.332210+00:00,2026-07-03T16:59:14.331576,3,2,115.7,0.2,115.6,200,115.5,625,115.3,500,,,,,,,,,,,,,,,115.8,825,116.0,500,,,,,,,,,,,,,,,,
2026-07-03T16:59:14.858611+00:00,2026-07-03T16:59:14.856578,2,1,115.7,0.2,115.6,200,115.5,625,,,,,,,,,,,,,,,,,115.8,825,,,,,,,,,,,,,,,,,,
2026-07-03T16:59:14.958564+00:00,2026-07-03T16:59:14.948842,2,2,115.65,0.3,115.5,625,115.3,500,,,,,,,,,,,,,,,,,115.8,425,116.0,700,,,,,,,,,,,,,,,,
2026-07-03T16:59:15.381310+00:00,2026-07-03T16:59:15.381193,2,2,115.8,0.2,115.7,625,115.3,500,,,,,,,,,,,,,,,,,115.9,625,116.0,700,,,,,,,,,,,,,,,,
2026-07-03T16:59:15.464070+00:00,2026-07-03T16:59:15.463969,1,2,115.8,0.2,115.7,625,,,,,,,,,,,,,,,,,,,115.9,625,116.0,200,,,,,,,,,,,,,,,,
2026-07-03T16:59:15.485569+00:00,2026-07-03T16:59:15.485256,2,2,115.8,0.2,115.7,625,115.3,500,,,,,,,,,,,,,,,,,115.9,625,116.0,200,,,,,,,,,,,,,,,,
2026-07-03T16:59:15.490835+00:00,2026-07-03T16:59:15.490560,2,2,115.8,0.2,115.7,625,115.3,500,,,,,,,,,,,,,,,,,115.9,625,116.0,700,,,,,,,,,,,,,,,,
2026-07-03T16:59:16.090555+00:00,2026-07-03T16:59:16.090211,1,2,115.8,0.2,115.7,625,,,,,,,,,,,,,,,,,,,115.9,625,116.0,200,,,,,,,,,,,,,,,,
2026-07-03T16:59:16.107080+00:00,2026-07-03T16:59:16.106990,2,2,115.8,0.2,115.7,625,115.3,500,,,,,,,,,,,,,,,,,115.9,625,116.0,200,,,,,,,,,,,,,,,,
2026-07-03T16:59:16.159233+00:00,2026-07-03T16:59:16.159107,3,2,115.8,0.2,115.7,625,115.6,200,115.3,500,,,,,,,,,,,,,,,115.9,825,116.0,500,,,,,,,,,,,,,,,,
2026-07-03T16:59:16.679621+00:00,2026-07-03T16:59:16.679407,3,2,115.85,0.1,115.8,625,115.6,200,115.3,500,,,,,,,,,,,,,,,115.9,200,116.0,500,,,,,,,,,,,,,,,,
2026-07-03T16:59:16.694312+00:00,2026-07-03T16:59:16.694153,2,2,115.85,0.1,115.8,625,115.6,200,,,,,,,,,,,,,,,,,115.9,200,116.0,500,,,,,,,,,,,,,,,,
2026-07-03T16:59:16.704780+00:00,2026-07-03T16:59:16.704724,2,1,115.85,0.1,115.8,625,115.6,200,,,,,,,,,,,,,,,,,115.9,200,,,,,,,,,,,,,,,,,,
2026-07-03T16:59:16.710175+00:00,2026-07-03T16:59:16.709997,3,1,115.85,0.1,115.8,625,115.6,200,115.4,500,,,,,,,,,,,,,,,115.9,200,,,,,,,,,,,,,,,,,,
2026-07-03T16:59:16.715397+00:00,2026-07-03T16:59:16.715259,3,2,115.85,0.1,115.8,625,115.6,200,115.4,500,,,,,,,,,,,,,,,115.9,200,116.1,500,,,,,,,,,,,,,,,,
2026-07-03T16:59:16.725776+00:00,2026-07-03T16:59:16.725666,3,3,115.85,0.1,115.8,625,115.6,200,115.4,500,,,,,,,,,,,,,,,115.9,200,116.0,625,116.1,500,,,,,,,,,,,,,,
2026-07-03T16:59:17.294930+00:00,2026-07-03T16:59:17.294786,2,2,115.85,0.1,115.8,625,115.6,200,,,,,,,,,,,,,,,,,115.9,200,116.0,625,,,,,,,,,,,,,,,,
2026-07-03T16:59:17.337451+00:00,2026-07-03T16:59:17.337608,3,2,115.85,0.1,115.8,625,115.6,200,115.3,500,,,,,,,,,,,,,,,115.9,200,116.0,625,,,,,,,,,,,,,,,,
2026-07-03T16:59:17.343477+00:00,2026-07-03T16:59:17.343223,3,1,115.9,0.2,115.8,625,115.7,200,115.3,500,,,,,,,,,,,,,,,116.0,1325,,,,,,,,,,,,,,,,,,
2026-07-03T16:59:17.896781+00:00,2026-07-03T16:59:17.896665,2,1,115.9,0.2,115.8,625,115.7,200,,,,,,,,,,,,,,,,,116.0,1325,,,,,,,,,,,,,,,,,,
2026-07-03T16:59:17.902073+00:00,2026-07-03T16:59:17.901964,2,1,115.9,0.2,115.8,625,115.7,200,,,,,,,,,,,,,,,,,116.0,825,,,,,,,,,,,,,,,,,,
2026-07-03T16:59:17.907310+00:00,2026-07-03T16:59:17.907251,3,1,115.9,0.2,115.8,625,115.7,200,115.3,500,,,,,,,,,,,,,,,116.0,825,,,,,,,,,,,,,,,,,,
2026-07-03T16:59:17.938939+00:00,2026-07-03T16:59:17.939060,3,1,115.9,0.2,115.8,625,115.7,200,115.3,500,,,,,,,,,,,,,,,116.0,1325,,,,,,,,,,,,,,,,,,
2026-07-03T16:59:18.035903+00:00,2026-07-03T16:59:18.035866,3,1,115.9,0.2,115.8,625,115.7,200,115.3,500,,,,,,,,,,,,,,,116.0,700,,,,,,,,,,,,,,,,,,
2026-07-03T16:59:18.041147+00:00,2026-07-03T16:59:18.041087,3,1,115.9,0.2,115.8,625,115.7,200,115.3,500,,,,,,,,,,,,,,,116.0,1325,,,,,,,,,,,,,,,,,,
2026-07-03T16:59:18.499468+00:00,2026-07-03T16:59:18.499274,2,1,115.9,0.2,115.8,625,115.7,200,,,,,,,,,,,,,,,,,116.0,1325,,,,,,,,,,,,,,,,,,
2026-07-03T16:59:18.504746+00:00,2026-07-03T16:59:18.504558,2,1,115.9,0.2,115.8,625,115.7,200,,,,,,,,,,,,,,,,,116.0,825,,,,,,,,,,,,,,,,,,
2026-07-03T16:59:18.515120+00:00,2026-07-03T16:59:18.515001,3,1,115.9,0.2,115.8,625,115.7,200,115.3,500,,,,,,,,,,,,,,,116.0,825,,,,,,,,,,,,,,,,,,
2026-07-03T16:59:18.520510+00:00,2026-07-03T16:59:18.520322,3,1,115.9,0.2,115.8,625,115.7,200,115.3,500,,,,,,,,,,,,,,,116.0,1325,,,,,,,,,,,,,,,,,,
2026-07-03T16:59:18.536190+00:00,2026-07-03T16:59:18.536069,2,1,115.9,0.2,115.8,625,115.3,500,,,,,,,,,,,,,,,,,116.0,1125,,,,,,,,,,,,,,,,,,
2026-07-03T16:59:18.541348+00:00,2026-07-03T16:59:18.541274,3,2,115.95,0.1,115.9,200,115.8,625,115.3,500,,,,,,,,,,,,,,,116.0,1125,116.1,200,,,,,,,,,,,,,,,,
2026-07-03T16:59:19.099804+00:00,2026-07-03T16:59:19.099652,2,2,115.95,0.1,115.9,200,115.8,625,,,,,,,,,,,,,,,,,116.0,1125,116.1,200,,,,,,,,,,,,,,,,
2026-07-03T16:59:19.105036+00:00,2026-07-03T16:59:19.104937,2,2,115.95,0.1,115.9,200,115.8,625,,,,,,,,,,,,,,,,,116.0,625,116.1,200,,,,,,,,,,,,,,,,
2026-07-03T16:59:19.110238+00:00,2026-07-03T16:59:19.110199,3,2,115.95,0.1,115.9,200,115.8,625,115.4,500,,,,,,,,,,,,,,,116.0,625,116.1,200,,,,,,,,,,,,,,,,
2026-07-03T16:59:19.120823+00:00,2026-07-03T16:59:19.120644,3,2,115.95,0.1,115.9,200,115.8,625,115.4,500,,,,,,,,,,,,,,,116.0,625,116.1,700,,,,,,,,,,,,,,,,
2026-07-03T16:59:19.339223+00:00,2026-07-03T16:59:19.339422,2,1,116.0,0.2,115.9,200,115.4,500,,,,,,,,,,,,,,,,,116.1,700,,,,,,,,,,,,,,,,,,
2026-07-03T16:59:19.344770+00:00,2026-07-03T16:59:19.344611,3,2,115.95,0.1,115.9,200,115.8,625,115.4,500,,,,,,,,,,,,,,,116.0,625,116.1,700,,,,,,,,,,,,,,,,
2026-07-03T16:59:19.697996+00:00,2026-07-03T16:59:19.697891,2,2,115.95,0.1,115.9,200,115.8,625,,,,,,,,,,,,,,,,,116.0,625,116.1,700,,,,,,,,,,,,,,,,
2026-07-03T16:59:19.758602+00:00,2026-07-03T16:59:19.745789,3,2,115.95,0.1,115.9,200,115.8,625,115.4,500,,,,,,,,,,,,,,,116.0,625,116.1,700,,,,,,,,,,,,,,,,
2026-07-03T16:59:19.763888+00:00,2026-07-03T16:59:19.763832,2,3,115.9,0.2,115.8,625,115.4,500,,,,,,,,,,,,,,,,,116.0,425,116.1,500,116.2,200,,,,,,,,,,,,,,
2026-07-03T16:59:20.323778+00:00,2026-07-03T16:59:20.323711,2,2,115.9,0.2,115.8,625,115.3,500,,,,,,,,,,,,,,,,,116.0,925,116.2,200,,,,,,,,,,,,,,,,
2026-07-03T16:59:20.650411+00:00,2026-07-03T16:59:20.650371,2,2,115.9,0.2,115.8,625,115.3,500,,,,,,,,,,,,,,,,,116.0,500,116.2,200,,,,,,,,,,,,,,,,
2026-07-03T16:59:20.658547+00:00,2026-07-03T16:59:20.655550,2,2,115.9,0.2,115.8,625,115.3,500,,,,,,,,,,,,,,,,,116.0,1125,116.2,200,,,,,,,,,,,,,,,,
2026-07-03T16:59:20.920600+00:00,2026-07-03T16:59:20.920428,1,2,115.9,0.2,115.8,625,,,,,,,,,,,,,,,,,,,116.0,1125,116.2,200,,,,,,,,,,,,,,,,
2026-07-03T16:59:20.926068+00:00,2026-07-03T16:59:20.925951,2,3,115.9,0.2,115.8,625,115.4,500,,,,,,,,,,,,,,,,,116.0,625,116.1,500,116.2,200,,,,,,,,,,,,,,
2026-07-03T16:59:20.958585+00:00,2026-07-03T16:59:20.948866,3,2,115.95,0.1,115.9,200,115.8,625,115.4,500,,,,,,,,,,,,,,,116.0,625,116.1,700,,,,,,,,,,,,,,,,
2026-07-03T16:59:21.512439+00:00,2026-07-03T16:59:21.512167,2,2,115.95,0.1,115.9,200,115.8,625,,,,,,,,,,,,,,,,,116.0,625,116.1,700,,,,,,,,,,,,,,,,
2026-07-03T16:59:21.517575+00:00,2026-07-03T16:59:21.517463,2,2,115.95,0.1,115.9,200,115.8,625,,,,,,,,,,,,,,,,,116.0,625,116.1,200,,,,,,,,,,,,,,,,
2026-07-03T16:59:21.522982+00:00,2026-07-03T16:59:21.522759,3,2,115.95,0.1,115.9,200,115.8,625,115.4,500,,,,,,,,,,,,,,,116.0,625,116.1,200,,,,,,,,,,,,,,,,
2026-07-03T16:59:21.528322+00:00,2026-07-03T16:59:21.528059,3,2,115.95,0.1,115.9,200,115.8,625,115.4,500,,,,,,,,,,,,,,,116.0,625,116.1,700,,,,,,,,,,,,,,,,
2026-07-03T16:59:21.958542+00:00,2026-07-03T16:59:21.953381,3,1,116.0,0.2,115.9,200,115.7,625,115.4,500,,,,,,,,,,,,,,,116.1,700,,,,,,,,,,,,,,,,,,
2026-07-03T16:59:21.968966+00:00,2026-07-03T16:59:21.968844,2,2,115.8,0.2,115.7,625,115.4,500,,,,,,,,,,,,,,,,,115.9,425,116.1,700,,,,,,,,,,,,,,,,
2026-07-03T16:59:22.134962+00:00,2026-07-03T16:59:22.134822,1,2,115.8,0.2,115.7,625,,,,,,,,,,,,,,,,,,,115.9,425,116.1,700,,,,,,,,,,,,,,,,
2026-07-03T16:59:22.145366+00:00,2026-07-03T16:59:22.145247,1,2,115.8,0.2,115.7,625,,,,,,,,,,,,,,,,,,,115.9,425,116.1,200,,,,,,,,,,,,,,,,
2026-07-03T16:59:22.158698+00:00,2026-07-03T16:59:22.150760,2,2,115.8,0.2,115.7,625,115.4,500,,,,,,,,,,,,,,,,,115.9,425,116.1,700,,,,,,,,,,,,,,,,
2026-07-03T16:59:22.216705+00:00,2026-07-03T16:59:22.214986,3,3,115.75,0.1,115.7,625,115.6,200,115.4,500,,,,,,,,,,,,,,,115.8,197,115.9,425,116.1,500,,,,,,,,,,,,,,
2026-07-03T16:59:22.823502+00:00,2026-07-03T16:59:22.823151,2,3,115.75,0.1,115.7,625,115.6,200,,,,,,,,,,,,,,,,,115.8,197,115.9,425,116.1,500,,,,,,,,,,,,,,
2026-07-03T16:59:22.830623+00:00,2026-07-03T16:59:22.829430,3,3,115.75,0.1,115.7,625,115.6,200,115.4,500,,,,,,,,,,,,,,,115.8,197,115.9,425,116.1,500,,,,,,,,,,,,,,
2026-07-03T16:59:23.274989+00:00,2026-07-03T16:59:23.275140,2,2,115.7,0.2,115.6,200,115.4,500,,,,,,,,,,,,,,,,,115.8,197,116.1,500,,,,,,,,,,,,,,,,
2026-07-03T16:59:23.280495+00:00,2026-07-03T16:59:23.280364,3,2,115.9,0.2,115.8,428,115.6,200,115.4,500,,,,,,,,,,,,,,,116.0,625,116.1,500,,,,,,,,,,,,,,,,
2026-07-03T16:59:23.358664+00:00,2026-07-03T16:59:23.355270,3,1,115.9,0.2,115.8,428,115.6,200,115.4,500,,,,,,,,,,,,,,,116.0,625,,,,,,,,,,,,,,,,,,
2026-07-03T16:59:23.363710+00:00,2026-07-03T16:59:23.363676,3,1,115.9,0.2,115.8,428,115.6,200,115.4,500,,,,,,,,,,,,,,,116.0,1125,,,,,,,,,,,,,,,,,,
2026-07-03T16:59:23.403172+00:00,2026-07-03T16:59:23.403062,3,1,115.9,0.2,115.8,428,115.5,200,115.4,500,,,,,,,,,,,,,,,116.0,1125,,,,,,,,,,,,,,,,,,
2026-07-03T16:59:23.408453+00:00,2026-07-03T16:59:23.408352,3,1,115.9,0.2,115.8,228,115.5,200,115.4,500,,,,,,,,,,,,,,,116.0,1125,,,,,,,,,,,,,,,,,,
2026-07-03T16:59:23.958958+00:00,2026-07-03T16:59:23.958657,2,1,115.9,0.2,115.8,228,115.5,200,,,,,,,,,,,,,,,,,116.0,1125,,,,,,,,,,,,,,,,,,
2026-07-03T16:59:23.964246+00:00,2026-07-03T16:59:23.964094,3,1,115.9,0.2,115.8,228,115.5,200,115.3,500,,,,,,,,,,,,,,,116.0,625,,,,,,,,,,,,,,,,,,
2026-07-03T16:59:23.969500+00:00,2026-07-03T16:59:23.969356,3,1,115.9,0.2,115.8,228,115.5,200,115.3,500,,,,,,,,,,,,,,,116.0,1125,,,,,,,,,,,,,,,,,,
2026-07-03T16:59:24.558759+00:00,2026-07-03T16:59:24.550224,2,1,115.9,0.2,115.8,228,115.5,200,,,,,,,,,,,,,,,,,116.0,625,,,,,,,,,,,,,,,,,,
2026-07-03T16:59:24.579599+00:00,2026-07-03T16:59:24.579462,3,2,115.85,0.1,115.8,228,115.5,200,115.3,500,,,,,,,,,,,,,,,115.9,500,116.0,625,,,,,,,,,,,,,,,,
2026-07-03T16:59:24.584981+00:00,2026-07-03T16:59:24.584812,3,1,115.8,0.2,115.7,625,115.5,200,115.3,500,,,,,,,,,,,,,,,115.9,1125,,,,,,,,,,,,,,,,,,
2026-07-03T16:59:24.616013+00:00,2026-07-03T16:59:24.616242,2,1,115.8,0.2,115.7,625,115.3,500,,,,,,,,,,,,,,,,,115.9,1125,,,,,,,,,,,,,,,,,,
2026-07-03T16:59:24.621747+00:00,2026-07-03T16:59:24.621609,3,2,115.75,0.1,115.7,625,115.6,200,115.3,500,,,,,,,,,,,,,,,115.8,200,115.9,1125,,,,,,,,,,,,,,,,
2026-07-03T16:59:25.150207+00:00,2026-07-03T16:59:25.150054,2,2,115.75,0.1,115.7,625,115.6,200,,,,,,,,,,,,,,,,,115.8,200,115.9,1125,,,,,,,,,,,,,,,,
2026-07-03T16:59:25.161000+00:00,2026-07-03T16:59:25.160606,3,2,115.75,0.1,115.7,625,115.6,200,115.3,500,,,,,,,,,,,,,,,115.8,200,115.9,625,,,,,,,,,,,,,,,,
2026-07-03T16:59:25.176881+00:00,2026-07-03T16:59:25.176673,3,3,115.75,0.1,115.7,625,115.6,200,115.3,500,,,,,,,,,,,,,,,115.8,200,115.9,625,116.0,500,,,,,,,,,,,,,,
2026-07-03T16:59:25.769427+00:00,2026-07-03T16:59:25.769317,2,2,115.75,0.1,115.7,625,115.6,200,,,,,,,,,,,,,,,,,115.8,200,115.9,625,,,,,,,,,,,,,,,,
2026-07-03T16:59:25.774796+00:00,2026-07-03T16:59:25.774693,3,3,115.75,0.1,115.7,625,115.6,200,115.3,500,,,,,,,,,,,,,,,115.8,200,115.9,625,116.0,500,,,,,,,,,,,,,,
2026-07-03T16:59:25.801418+00:00,2026-07-03T16:59:25.801126,3,3,115.75,0.1,115.7,625,115.6,200,115.3,500,,,,,,,,,,,,,,,115.8,200,115.9,625,116.0,500,,,,,,,,,,,,,,
2026-07-03T16:59:25.891858+00:00,2026-07-03T16:59:25.891806,2,2,115.7,0.2,115.6,200,115.3,500,,,,,,,,,,,,,,,,,115.8,200,116.0,500,,,,,,,,,,,,,,,,
2026-07-03T16:59:25.897063+00:00,2026-07-03T16:59:25.896987,3,3,115.75,0.1,115.7,625,115.6,200,115.3,500,,,,,,,,,,,,,,,115.8,200,115.9,625,116.0,500,,,,,,,,,,,,,,
2026-07-03T16:59:26.375917+00:00,2026-07-03T16:59:26.375791,2,3,115.75,0.1,115.7,625,115.6,200,,,,,,,,,,,,,,,,,115.8,200,115.9,625,116.0,500,,,,,,,,,,,,,,
2026-07-03T16:59:26.381602+00:00,2026-07-03T16:59:26.381333,3,3,115.75,0.1,115.7,625,115.6,200,115.3,500,,,,,,,,,,,,,,,115.8,200,115.9,625,116.0,500,,,,,,,,,,,,,,
2026-07-03T16:59:26.974184+00:00,2026-07-03T16:59:26.974504,2,2,115.75,0.1,115.7,625,115.6,200,,,,,,,,,,,,,,,,,115.8,200,115.9,625,,,,,,,,,,,,,,,,
2026-07-03T16:59:26.980062+00:00,2026-07-03T16:59:26.979933,3,3,115.75,0.1,115.7,625,115.6,200,115.3,500,,,,,,,,,,,,,,,115.8,200,115.9,625,116.0,500,,,,,,,,,,,,,,
2026-07-03T16:59:27.024858+00:00,2026-07-03T16:59:27.024812,3,2,115.8,0.2,115.7,625,115.5,200,115.3,500,,,,,,,,,,,,,,,115.9,625,116.0,500,,,,,,,,,,,,,,,,
2026-07-03T16:59:27.030104+00:00,2026-07-03T16:59:27.029982,3,3,115.75,0.1,115.7,625,115.5,200,115.3,500,,,,,,,,,,,,,,,115.8,200,115.9,625,116.0,500,,,,,,,,,,,,,,
2026-07-03T16:59:27.220316+00:00,2026-07-03T16:59:27.220208,3,2,115.95,0.1,115.9,425,115.5,200,115.3,500,,,,,,,,,,,,,,,116.0,500,116.1,625,,,,,,,,,,,,,,,,
2026-07-03T16:59:27.558576+00:00,2026-07-03T16:59:27.557055,2,2,115.95,0.1,115.9,425,115.5,200,,,,,,,,,,,,,,,,,116.0,500,116.1,625,,,,,,,,,,,,,,,,
2026-07-03T16:59:27.601267+00:00,2026-07-03T16:59:27.600830,2,2,115.7,0.4,115.5,200,115.3,500,,,,,,,,,,,,,,,,,115.9,75,116.1,625,,,,,,,,,,,,,,,,
2026-07-03T16:59:28.196542+00:00,2026-07-03T16:59:28.196391,1,2,115.7,0.4,115.5,200,,,,,,,,,,,,,,,,,,,115.9,75,116.1,625,,,,,,,,,,,,,,,,
2026-07-03T16:59:28.201849+00:00,2026-07-03T16:59:28.201670,1,1,115.8,0.6,115.5,200,,,,,,,,,,,,,,,,,,,116.1,625,,,,,,,,,,,,,,,,,,
2026-07-03T16:59:28.207048+00:00,2026-07-03T16:59:28.206903,2,1,115.8,0.6,115.5,200,115.4,500,,,,,,,,,,,,,,,,,116.1,625,,,,,,,,,,,,,,,,,,
2026-07-03T16:59:28.217404+00:00,2026-07-03T16:59:28.217266,2,1,115.8,0.6,115.5,200,115.4,500,,,,,,,,,,,,,,,,,116.1,1125,,,,,,,,,,,,,,,,,,
2026-07-03T16:59:28.222633+00:00,2026-07-03T16:59:28.222547,1,1,115.75,0.7,115.4,500,,,,,,,,,,,,,,,,,,,116.1,1125,,,,,,,,,,,,,,,,,,
2026-07-03T16:59:28.227821+00:00,2026-07-03T16:59:28.227745,2,1,115.95,0.3,115.8,200,115.4,500,,,,,,,,,,,,,,,,,116.1,1125,,,,,,,,,,,,,,,,,,
2026-07-03T16:59:28.233068+00:00,2026-07-03T16:59:28.232984,2,2,115.9,0.2,115.8,200,115.4,500,,,,,,,,,,,,,,,,,116.0,200,116.1,1125,,,,,,,,,,,,,,,,
2026-07-03T16:59:28.511397+00:00,2026-07-03T16:59:28.511316,3,2,115.9,0.2,115.8,200,115.6,625,115.4,500,,,,,,,,,,,,,,,116.0,200,116.1,500,,,,,,,,,,,,,,,,
2026-07-03T16:59:28.516426+00:00,2026-07-03T16:59:28.516501,2,3,115.7,0.2,115.6,625,115.4,500,,,,,,,,,,,,,,,,,115.8,425,116.0,200,116.1,500,,,,,,,,,,,,,,
2026-07-03T16:59:28.824492+00:00,2026-07-03T16:59:28.824381,1,3,115.7,0.2,115.6,625,,,,,,,,,,,,,,,,,,,115.8,425,116.0,200,116.1,500,,,,,,,,,,,,,,
2026-07-03T16:59:28.830219+00:00,2026-07-03T16:59:28.829896,2,3,115.7,0.2,115.6,625,115.5,500,,,,,,,,,,,,,,,,,115.8,425,116.0,200,116.2,500,,,,,,,,,,,,,,
2026-07-03T16:59:29.406159+00:00,2026-07-03T16:59:29.405924,2,2,115.7,0.2,115.6,625,115.5,500,,,,,,,,,,,,,,,,,115.8,425,116.0,200,,,,,,,,,,,,,,,,
2026-07-03T16:59:29.458546+00:00,2026-07-03T16:59:29.453644,2,2,115.7,0.2,115.6,825,115.5,500,,,,,,,,,,,,,,,,,115.8,625,116.1,500,,,,,,,,,,,,,,,,
2026-07-03T16:59:29.818193+00:00,2026-07-03T16:59:29.818081,2,2,115.7,0.2,115.6,200,115.5,500,,,,,,,,,,,,,,,,,115.8,200,116.1,500,,,,,,,,,,,,,,,,
2026-07-03T16:59:29.823342+00:00,2026-07-03T16:59:29.823272,3,3,115.75,0.1,115.7,625,115.6,200,115.5,500,,,,,,,,,,,,,,,115.8,200,115.9,625,116.1,500,,,,,,,,,,,,,,
2026-07-03T16:59:30.001597+00:00,2026-07-03T16:59:30.001566,2,3,115.75,0.1,115.7,625,115.6,200,,,,,,,,,,,,,,,,,115.8,200,115.9,625,116.1,500,,,,,,,,,,,,,,
2026-07-03T16:59:30.011899+00:00,2026-07-03T16:59:30.012521,3,2,115.75,0.1,115.7,625,115.6,200,115.4,500,,,,,,,,,,,,,,,115.8,200,115.9,625,,,,,,,,,,,,,,,,
2026-07-03T16:59:30.058723+00:00,2026-07-03T16:59:30.048538,3,3,115.75,0.1,115.7,625,115.6,200,115.4,500,,,,,,,,,,,,,,,115.8,200,115.9,625,116.1,500,,,,,,,,,,,,,,
2026-07-03T16:59:30.612975+00:00,2026-07-03T16:59:30.612916,3,2,115.75,0.1,115.7,625,115.6,200,115.5,500,,,,,,,,,,,,,,,115.8,200,115.9,625,,,,,,,,,,,,,,,,
2026-07-03T16:59:30.640050+00:00,2026-07-03T16:59:30.639791,3,3,115.75,0.1,115.7,625,115.6,200,115.5,500,,,,,,,,,,,,,,,115.8,200,115.9,625,116.2,500,,,,,,,,,,,,,,
2026-07-03T16:59:30.658584+00:00,2026-07-03T16:59:30.646825,3,3,115.75,0.1,115.7,625,115.6,200,115.5,500,,,,,,,,,,,,,,,115.8,200,115.9,625,116.2,500,,,,,,,,,,,,,,
2026-07-03T16:59:31.158702+00:00,2026-07-03T16:59:31.149657,3,3,115.75,0.1,115.7,625,115.6,200,115.5,500,,,,,,,,,,,,,,,115.8,150,115.9,625,116.2,500,,,,,,,,,,,,,,
2026-07-03T16:59:31.207658+00:00,2026-07-03T16:59:31.207484,2,3,115.75,0.1,115.7,625,115.6,200,,,,,,,,,,,,,,,,,115.8,150,115.9,625,116.2,500,,,,,,,,,,,,,,
2026-07-03T16:59:31.213230+00:00,2026-07-03T16:59:31.212774,2,2,115.75,0.1,115.7,625,115.6,200,,,,,,,,,,,,,,,,,115.8,150,115.9,625,,,,,,,,,,,,,,,,
2026-07-03T16:59:31.244414+00:00,2026-07-03T16:59:31.244250,3,2,115.75,0.1,115.7,625,115.6,200,115.5,500,,,,,,,,,,,,,,,115.8,150,115.9,625,,,,,,,,,,,,,,,,
2026-07-03T16:59:31.258528+00:00,2026-07-03T16:59:31.258678,3,3,115.75,0.1,115.7,625,115.6,200,115.5,500,,,,,,,,,,,,,,,115.8,150,115.9,625,116.1,500,,,,,,,,,,,,,,
2026-07-03T16:59:31.822780+00:00,2026-07-03T16:59:31.822895,2,3,115.75,0.1,115.7,625,115.6,200,,,,,,,,,,,,,,,,,115.8,150,115.9,625,116.1,500,,,,,,,,,,,,,,
2026-07-03T16:59:31.828539+00:00,2026-07-03T16:59:31.828358,3,2,115.75,0.1,115.7,625,115.6,200,115.5,500,,,,,,,,,,,,,,,115.8,150,115.9,625,,,,,,,,,,,,,,,,
2026-07-03T16:59:31.833717+00:00,2026-07-03T16:59:31.833615,3,3,115.75,0.1,115.7,625,115.6,200,115.5,500,,,,,,,,,,,,,,,115.8,150,115.9,625,116.1,500,,,,,,,,,,,,,,
2026-07-03T16:59:31.864051+00:00,2026-07-03T16:59:31.863948,2,2,115.8,0.2,115.7,625,115.5,500,,,,,,,,,,,,,,,,,115.9,625,116.1,500,,,,,,,,,,,,,,,,
2026-07-03T16:59:31.869382+00:00,2026-07-03T16:59:31.869274,2,2,115.8,0.2,115.7,825,115.5,500,,,,,,,,,,,,,,,,,115.9,825,116.1,500,,,,,,,,,,,,,,,,
2026-07-03T16:59:32.420329+00:00,2026-07-03T16:59:32.420147,2,1,115.8,0.2,115.7,825,115.5,500,,,,,,,,,,,,,,,,,115.9,825,,,,,,,,,,,,,,,,,,
2026-07-03T16:59:32.430637+00:00,2026-07-03T16:59:32.430593,2,2,115.8,0.2,115.7,825,115.5,500,,,,,,,,,,,,,,,,,115.9,825,116.1,500,,,,,,,,,,,,,,,,
2026-07-03T16:59:32.441180+00:00,2026-07-03T16:59:32.440974,2,2,115.8,0.2,115.7,200,115.5,500,,,,,,,,,,,,,,,,,115.9,825,116.1,500,,,,,,,,,,,,,,,,
2026-07-03T16:59:32.446277+00:00,2026-07-03T16:59:32.446239,3,3,115.75,0.1,115.7,200,115.6,625,115.5,500,,,,,,,,,,,,,,,115.8,625,115.9,200,116.1,500,,,,,,,,,,,,,,
2026-07-03T16:59:33.058566+00:00,2026-07-03T16:59:33.045249,3,3,115.75,0.1,115.7,200,115.6,625,115.5,500,,,,,,,,,,,,,,,115.8,625,115.9,200,116.2,500,,,,,,,,,,,,,,
2026-07-03T16:59:33.068717+00:00,2026-07-03T16:59:33.069518,2,2,115.7,0.2,115.6,625,115.5,500,,,,,,,,,,,,,,,,,115.8,625,116.2,500,,,,,,,,,,,,,,,,
2026-07-03T16:59:33.094473+00:00,2026-07-03T16:59:33.094026,2,3,115.7,0.2,115.6,625,115.5,500,,,,,,,,,,,,,,,,,115.8,425,116.0,200,116.2,500,,,,,,,,,,,,,,
2026-07-03T16:59:33.540773+00:00,2026-07-03T16:59:33.540740,2,3,115.7,0.2,115.6,605,115.5,500,,,,,,,,,,,,,,,,,115.8,425,116.0,200,116.2,500,,,,,,,,,,,,,,
2026-07-03T16:59:33.620175+00:00,2026-07-03T16:59:33.620767,1,2,115.7,0.2,115.6,605,,,,,,,,,,,,,,,,,,,115.8,425,116.0,200,,,,,,,,,,,,,,,,
2026-07-03T16:59:33.631734+00:00,2026-07-03T16:59:33.631589,2,2,115.7,0.2,115.6,605,115.5,500,,,,,,,,,,,,,,,,,115.8,425,116.0,200,,,,,,,,,,,,,,,,
2026-07-03T16:59:33.636933+00:00,2026-07-03T16:59:33.636856,2,3,115.7,0.2,115.6,605,115.5,500,,,,,,,,,,,,,,,,,115.8,425,116.0,200,116.2,500,,,,,,,,,,,,,,
2026-07-03T16:59:33.758604+00:00,2026-07-03T16:59:33.748173,2,2,115.9,0.2,115.8,625,115.5,500,,,,,,,,,,,,,,,,,116.0,825,116.2,500,,,,,,,,,,,,,,,,
2026-07-03T16:59:34.241627+00:00,2026-07-03T16:59:34.241385,1,2,115.9,0.2,115.8,625,,,,,,,,,,,,,,,,,,,116.0,825,116.2,500,,,,,,,,,,,,,,,,
2026-07-03T16:59:34.305681+00:00,2026-07-03T16:59:34.305568,1,1,115.9,0.2,115.8,625,,,,,,,,,,,,,,,,,,,116.0,825,,,,,,,,,,,,,,,,,,
2026-07-03T16:59:34.311751+00:00,2026-07-03T16:59:34.311385,3,2,115.9,0.2,115.8,425,115.6,200,115.5,500,,,,,,,,,,,,,,,116.0,625,116.2,500,,,,,,,,,,,,,,,,
2026-07-03T16:59:34.844578+00:00,2026-07-03T16:59:34.844412,2,2,115.9,0.2,115.8,425,115.6,200,,,,,,,,,,,,,,,,,116.0,625,116.2,500,,,,,,,,,,,,,,,,
2026-07-03T16:59:34.855016+00:00,2026-07-03T16:59:34.855614,3,1,115.9,0.2,115.8,425,115.6,200,115.5,500,,,,,,,,,,,,,,,116.0,625,,,,,,,,,,,,,,,,,,
2026-07-03T16:59:34.869085+00:00,2026-07-03T16:59:34.868851,3,2,115.9,0.2,115.8,425,115.6,200,115.5,500,,,,,,,,,,,,,,,116.0,625,116.2,500,,,,,,,,,,,,,,,,
2026-07-03T16:59:35.058618+00:00,2026-07-03T16:59:35.057084,3,2,115.9,0.2,115.8,625,115.6,200,115.5,500,,,,,,,,,,,,,,,116.0,625,116.2,500,,,,,,,,,,,,,,,,
2026-07-03T16:59:35.458633+00:00,2026-07-03T16:59:35.457177,3,1,115.9,0.2,115.8,625,115.6,200,115.5,500,,,,,,,,,,,,,,,116.0,625,,,,,,,,,,,,,,,,,,
2026-07-03T16:59:35.521451+00:00,2026-07-03T16:59:35.521285,3,2,115.9,0.2,115.8,425,115.6,200,115.5,500,,,,,,,,,,,,,,,116.0,625,116.2,500,,,,,,,,,,,,,,,,
2026-07-03T16:59:36.058553+00:00,2026-07-03T16:59:36.055693,2,1,115.9,0.2,115.8,425,115.6,200,,,,,,,,,,,,,,,,,116.0,625,,,,,,,,,,,,,,,,,,
2026-07-03T16:59:36.070064+00:00,2026-07-03T16:59:36.069953,3,2,115.9,0.2,115.8,425,115.6,200,115.5,500,,,,,,,,,,,,,,,116.0,625,116.2,500,,,,,,,,,,,,,,,,
2026-07-03T16:59:36.372120+00:00,2026-07-03T16:59:36.372083,3,2,115.9,0.2,115.8,625,115.6,200,115.5,500,,,,,,,,,,,,,,,116.0,625,116.2,500,,,,,,,,,,,,,,,,
2026-07-03T16:59:36.664770+00:00,2026-07-03T16:59:36.664638,3,1,115.9,0.2,115.8,625,115.6,200,115.4,500,,,,,,,,,,,,,,,116.0,625,,,,,,,,,,,,,,,,,,
2026-07-03T16:59:36.675631+00:00,2026-07-03T16:59:36.675243,3,2,115.9,0.2,115.8,625,115.6,200,115.4,500,,,,,,,,,,,,,,,116.0,625,116.1,500,,,,,,,,,,,,,,,,
2026-07-03T16:59:36.700735+00:00,2026-07-03T16:59:36.700700,3,2,115.9,0.2,115.8,625,115.7,200,115.4,500,,,,,,,,,,,,,,,116.0,825,116.1,500,,,,,,,,,,,,,,,,
2026-07-03T16:59:37.300209+00:00,2026-07-03T16:59:37.300154,2,2,115.9,0.2,115.8,625,115.7,200,,,,,,,,,,,,,,,,,116.0,825,116.1,500,,,,,,,,,,,,,,,,
2026-07-03T16:59:37.305863+00:00,2026-07-03T16:59:37.305692,3,2,115.9,0.2,115.8,625,115.7,200,115.4,500,,,,,,,,,,,,,,,116.0,825,116.1,500,,,,,,,,,,,,,,,,
2026-07-03T16:59:37.499624+00:00,2026-07-03T16:59:37.499573,3,2,115.9,0.2,115.8,625,115.7,200,115.4,500,,,,,,,,,,,,,,,116.0,775,116.1,500,,,,,,,,,,,,,,,,
2026-07-03T16:59:37.695052+00:00,2026-07-03T16:59:37.694953,2,2,115.85,0.3,115.7,200,115.4,500,,,,,,,,,,,,,,,,,116.0,200,116.1,500,,,,,,,,,,,,,,,,
2026-07-03T16:59:37.700353+00:00,2026-07-03T16:59:37.700215,3,2,116.05,0.1,116.0,425,115.7,200,115.4,500,,,,,,,,,,,,,,,116.1,500,116.2,625,,,,,,,,,,,,,,,,
2026-07-03T16:59:37.864988+00:00,2026-07-03T16:59:37.864940,2,1,116.1,0.2,116.0,425,115.7,200,,,,,,,,,,,,,,,,,116.2,625,,,,,,,,,,,,,,,,,,
2026-07-03T16:59:37.880913+00:00,2026-07-03T16:59:37.880698,3,1,116.1,0.2,116.0,425,115.7,200,115.4,500,,,,,,,,,,,,,,,116.2,625,,,,,,,,,,,,,,,,,,
2026-07-03T16:59:37.886134+00:00,2026-07-03T16:59:37.885990,2,2,115.85,0.3,115.7,200,115.4,500,,,,,,,,,,,,,,,,,116.0,75,116.2,625,,,,,,,,,,,,,,,,
2026-07-03T16:59:37.906891+00:00,2026-07-03T16:59:37.906808,1,2,115.7,0.6,115.4,500,,,,,,,,,,,,,,,,,,,116.0,75,116.2,625,,,,,,,,,,,,,,,,
2026-07-03T16:59:37.964307+00:00,2026-07-03T16:59:37.964013,2,2,115.9,0.2,115.8,200,115.4,500,,,,,,,,,,,,,,,,,116.0,275,116.2,625,,,,,,,,,,,,,,,,
2026-07-03T16:59:38.459187+00:00,2026-07-03T16:59:38.459116,1,2,115.9,0.2,115.8,200,,,,,,,,,,,,,,,,,,,116.0,275,116.2,625,,,,,,,,,,,,,,,,
2026-07-03T16:59:38.464883+00:00,2026-07-03T16:59:38.464714,1,2,115.9,0.2,115.8,200,,,,,,,,,,,,,,,,,,,116.0,200,116.2,625,,,,,,,,,,,,,,,,
2026-07-03T16:59:38.513926+00:00,2026-07-03T16:59:38.513453,2,3,115.9,0.2,115.8,200,115.4,500,,,,,,,,,,,,,,,,,116.0,200,116.1,500,116.2,625,,,,,,,,,,,,,,
2026-07-03T16:59:38.988402+00:00,2026-07-03T16:59:38.988260,2,2,115.9,0.2,115.8,200,115.4,500,,,,,,,,,,,,,,,,,116.0,200,116.1,500,,,,,,,,,,,,,,,,
2026-07-03T16:59:38.993676+00:00,2026-07-03T16:59:38.993532,3,3,115.85,0.1,115.8,200,115.7,625,115.4,500,,,,,,,,,,,,,,,115.9,625,116.0,200,116.1,500,,,,,,,,,,,,,,
2026-07-03T16:59:39.090903+00:00,2026-07-03T16:59:39.090750,3,3,115.85,0.1,115.8,200,115.7,625,115.4,500,,,,,,,,,,,,,,,115.9,625,116.0,200,116.1,500,,,,,,,,,,,,,,
2026-07-03T16:59:39.127872+00:00,2026-07-03T16:59:39.128105,2,2,115.8,0.2,115.7,625,115.4,500,,,,,,,,,,,,,,,,,115.9,625,116.1,500,,,,,,,,,,,,,,,,
2026-07-03T16:59:39.133487+00:00,2026-07-03T16:59:39.133376,3,3,115.75,0.1,115.7,625,115.6,200,115.4,500,,,,,,,,,,,,,,,115.8,200,115.9,625,116.1,500,,,,,,,,,,,,,,
2026-07-03T16:59:39.672698+00:00,2026-07-03T16:59:39.672552,2,3,115.75,0.1,115.7,625,115.6,200,,,,,,,,,,,,,,,,,115.8,200,115.9,625,116.1,500,,,,,,,,,,,,,,
2026-07-03T16:59:39.677916+00:00,2026-07-03T16:59:39.677825,2,2,115.75,0.1,115.7,625,115.6,200,,,,,,,,,,,,,,,,,115.8,200,115.9,625,,,,,,,,,,,,,,,,
2026-07-03T16:59:39.683178+00:00,2026-07-03T16:59:39.683079,3,2,115.75,0.1,115.7,625,115.6,200,115.4,500,,,,,,,,,,,,,,,115.8,200,115.9,625,,,,,,,,,,,,,,,,
2026-07-03T16:59:39.688475+00:00,2026-07-03T16:59:39.688380,3,3,115.75,0.1,115.7,625,115.6,200,115.4,500,,,,,,,,,,,,,,,115.8,200,115.9,625,116.1,500,,,,,,,,,,,,,,
2026-07-03T16:59:40.358607+00:00,2026-07-03T16:59:40.347484,3,2,115.85,0.1,115.8,425,115.7,200,115.5,500,,,,,,,,,,,,,,,115.9,200,116.1,1125,,,,,,,,,,,,,,,,
2026-07-03T16:59:40.958559+00:00,2026-07-03T16:59:40.938786,3,2,115.85,0.1,115.8,425,115.7,200,115.5,500,,,,,,,,,,,,,,,115.9,200,116.1,1125,,,,,,,,,,,,,,,,
2026-07-03T16:59:41.517736+00:00,2026-07-03T16:59:41.517496,3,2,115.85,0.1,115.8,425,115.7,200,115.3,500,,,,,,,,,,,,,,,115.9,200,116.1,625,,,,,,,,,,,,,,,,
2026-07-03T16:59:41.528398+00:00,2026-07-03T16:59:41.528211,3,3,115.85,0.1,115.8,425,115.7,200,115.3,500,,,,,,,,,,,,,,,115.9,200,116.0,500,116.1,625,,,,,,,,,,,,,,
2026-07-03T16:59:41.558623+00:00,2026-07-03T16:59:41.548837,3,3,115.85,0.1,115.8,425,115.7,200,115.3,500,,,,,,,,,,,,,,,115.9,200,116.0,500,116.1,625,,,,,,,,,,,,,,
2026-07-03T16:59:41.658632+00:00,2026-07-03T16:59:41.658393,3,2,115.85,0.1,115.8,625,115.7,200,115.3,500,,,,,,,,,,,,,,,115.9,200,116.0,1125,,,,,,,,,,,,,,,,
2026-07-03T16:59:42.102479+00:00,2026-07-03T16:59:42.102213,2,2,115.85,0.1,115.8,625,115.7,200,,,,,,,,,,,,,,,,,115.9,200,116.0,1125,,,,,,,,,,,,,,,,
2026-07-03T16:59:42.158555+00:00,2026-07-03T16:59:42.146362,3,3,115.85,0.1,115.8,625,115.7,200,115.4,500,,,,,,,,,,,,,,,115.9,200,116.0,625,116.1,500,,,,,,,,,,,,,,
2026-07-03T16:59:42.758763+00:00,2026-07-03T16:59:42.756419,2,3,115.85,0.1,115.8,625,115.4,500,,,,,,,,,,,,,,,,,115.9,200,116.0,625,116.1,500,,,,,,,,,,,,,,
2026-07-03T16:59:42.764119+00:00,2026-07-03T16:59:42.763784,2,2,115.9,0.2,115.8,825,115.4,500,,,,,,,,,,,,,,,,,116.0,825,116.1,500,,,,,,,,,,,,,,,,
2026-07-03T16:59:42.942093+00:00,2026-07-03T16:59:42.942056,3,2,115.9,0.2,115.8,200,115.7,625,115.4,500,,,,,,,,,,,,,,,116.0,200,116.1,500,,,,,,,,,,,,,,,,
2026-07-03T16:59:42.947319+00:00,2026-07-03T16:59:42.947213,3,3,115.85,0.1,115.8,200,115.7,625,115.4,500,,,,,,,,,,,,,,,115.9,625,116.0,200,116.1,500,,,,,,,,,,,,,,
2026-07-03T16:59:43.312982+00:00,2026-07-03T16:59:43.312800,2,3,115.85,0.1,115.8,200,115.7,625,,,,,,,,,,,,,,,,,115.9,625,116.0,200,116.1,500,,,,,,,,,,,,,,
2026-07-03T16:59:43.318200+00:00,2026-07-03T16:59:43.318082,2,2,115.85,0.1,115.8,200,115.7,625,,,,,,,,,,,,,,,,,115.9,625,116.0,200,,,,,,,,,,,,,,,,
2026-07-03T16:59:43.328793+00:00,2026-07-03T16:59:43.328684,3,2,115.85,0.1,115.8,200,115.7,625,115.3,500,,,,,,,,,,,,,,,115.9,625,116.0,200,,,,,,,,,,,,,,,,
2026-07-03T16:59:43.334125+00:00,2026-07-03T16:59:43.333966,3,2,115.85,0.1,115.8,200,115.7,625,115.3,500,,,,,,,,,,,,,,,115.9,625,116.0,700,,,,,,,,,,,,,,,,
2026-07-03T16:59:43.868947+00:00,2026-07-03T16:59:43.868820,3,2,115.85,0.1,115.8,200,115.7,625,115.3,500,,,,,,,,,,,,,,,115.9,575,116.0,700,,,,,,,,,,,,,,,,
2026-07-03T16:59:43.958996+00:00,2026-07-03T16:59:43.958698,2,2,115.85,0.1,115.8,200,115.7,625,,,,,,,,,,,,,,,,,115.9,575,116.0,700,,,,,,,,,,,,,,,,
2026-07-03T16:59:43.965360+00:00,2026-07-03T16:59:43.965242,2,2,115.8,0.2,115.7,825,115.3,500,,,,,,,,,,,,,,,,,115.9,775,116.0,500,,,,,,,,,,,,,,,,
2026-07-03T16:59:44.258568+00:00,2026-07-03T16:59:44.250933,2,2,115.8,0.2,115.7,825,115.3,500,,,,,,,,,,,,,,,,,115.9,825,116.0,500,,,,,,,,,,,,,,,,
2026-07-03T16:59:44.517698+00:00,2026-07-03T16:59:44.517534,1,2,115.8,0.2,115.7,825,,,,,,,,,,,,,,,,,,,115.9,825,116.0,500,,,,,,,,,,,,,,,,
2026-07-03T16:59:44.544526+00:00,2026-07-03T16:59:44.544305,2,2,115.8,0.2,115.7,825,115.4,500,,,,,,,,,,,,,,,,,115.9,825,116.0,500,,,,,,,,,,,,,,,,
2026-07-03T16:59:45.113127+00:00,2026-07-03T16:59:45.113047,1,2,115.8,0.2,115.7,825,,,,,,,,,,,,,,,,,,,115.9,825,116.0,500,,,,,,,,,,,,,,,,
2026-07-03T16:59:45.124444+00:00,2026-07-03T16:59:45.124366,1,1,115.8,0.2,115.7,825,,,,,,,,,,,,,,,,,,,115.9,825,,,,,,,,,,,,,,,,,,
2026-07-03T16:59:45.135077+00:00,2026-07-03T16:59:45.134889,2,1,115.8,0.2,115.7,825,115.3,500,,,,,,,,,,,,,,,,,115.9,825,,,,,,,,,,,,,,,,,,
2026-07-03T16:59:45.140384+00:00,2026-07-03T16:59:45.140247,2,2,115.8,0.2,115.7,825,115.3,500,,,,,,,,,,,,,,,,,115.9,825,116.0,500,,,,,,,,,,,,,,,,
2026-07-03T16:59:45.169319+00:00,2026-07-03T16:59:45.168485,3,2,115.8,0.2,115.7,625,115.6,200,115.3,500,,,,,,,,,,,,,,,115.9,625,116.0,500,,,,,,,,,,,,,,,,
2026-07-03T16:59:45.180161+00:00,2026-07-03T16:59:45.179740,3,3,115.75,0.1,115.7,625,115.6,200,115.3,500,,,,,,,,,,,,,,,115.8,200,115.9,625,116.0,500,,,,,,,,,,,,,,
2026-07-03T16:59:45.400857+00:00,2026-07-03T16:59:45.400773,3,3,115.75,0.1,115.7,605,115.6,200,115.3,500,,,,,,,,,,,,,,,115.8,200,115.9,625,116.0,500,,,,,,,,,,,,,,
2026-07-03T16:59:45.558610+00:00,2026-07-03T16:59:45.552782,3,3,115.75,0.1,115.7,625,115.6,200,115.3,500,,,,,,,,,,,,,,,115.8,200,115.9,625,116.0,500,,,,,,,,,,,,,,
2026-07-03T16:59:45.735078+00:00,2026-07-03T16:59:45.734949,2,3,115.75,0.1,115.7,625,115.6,200,,,,,,,,,,,,,,,,,115.8,200,115.9,625,116.0,500,,,,,,,,,,,,,,
2026-07-03T16:59:45.740524+00:00,2026-07-03T16:59:45.740379,3,2,115.75,0.1,115.7,625,115.6,200,115.4,500,,,,,,,,,,,,,,,115.8,200,115.9,625,,,,,,,,,,,,,,,,
2026-07-03T16:59:45.758605+00:00,2026-07-03T16:59:45.745647,3,3,115.75,0.1,115.7,625,115.6,200,115.4,500,,,,,,,,,,,,,,,115.8,200,115.9,625,116.0,500,,,,,,,,,,,,,,
2026-07-03T16:59:46.348843+00:00,2026-07-03T16:59:46.348813,2,3,115.75,0.1,115.7,625,115.6,200,,,,,,,,,,,,,,,,,115.8,200,115.9,625,116.0,500,,,,,,,,,,,,,,
2026-07-03T16:59:46.358616+00:00,2026-07-03T16:59:46.356220,3,2,115.75,0.1,115.7,625,115.6,200,115.4,500,,,,,,,,,,,,,,,115.8,200,115.9,625,,,,,,,,,,,,,,,,
2026-07-03T16:59:46.390207+00:00,2026-07-03T16:59:46.390079,3,3,115.75,0.1,115.7,625,115.6,200,115.4,500,,,,,,,,,,,,,,,115.8,200,115.9,625,116.1,500,,,,,,,,,,,,,,
