recv_time,book_timestamp,n_bids,n_asks,mid,spread,bid_px_0,bid_vol_0,bid_px_1,bid_vol_1,bid_px_2,bid_vol_2,bid_px_3,bid_vol_3,bid_px_4,bid_vol_4,bid_px_5,bid_vol_5,bid_px_6,bid_vol_6,bid_px_7,bid_vol_7,bid_px_8,bid_vol_8,bid_px_9,bid_vol_9,ask_px_0,ask_vol_0,ask_px_1,ask_vol_1,ask_px_2,ask_vol_2,ask_px_3,ask_vol_3,ask_px_4,ask_vol_4,ask_px_5,ask_vol_5,ask_px_6,ask_vol_6,ask_px_7,ask_vol_7,ask_px_8,ask_vol_8,ask_px_9,ask_vol_9
2026-06-30T01:00:00.264739+00:00,2026-06-30T11:00:00.263737,2,2,67.65,0.1,67.6,200,67.4,500,,,,,,,,,,,,,,,,,67.7,200,67.8,500,,,,,,,,,,,,,,,,
2026-06-30T01:00:00.275806+00:00,2026-06-30T11:00:00.266898,2,2,67.65,0.1,67.6,825,67.4,500,,,,,,,,,,,,,,,,,67.7,825,67.8,500,,,,,,,,,,,,,,,,
2026-06-30T01:00:00.558201+00:00,2026-06-30T11:00:00.551640,1,2,67.65,0.1,67.6,825,,,,,,,,,,,,,,,,,,,67.7,825,67.8,500,,,,,,,,,,,,,,,,
2026-06-30T01:00:00.569211+00:00,2026-06-30T11:00:00.566220,2,2,67.65,0.1,67.6,825,67.4,500,,,,,,,,,,,,,,,,,67.7,825,67.8,500,,,,,,,,,,,,,,,,
2026-06-30T01:00:01.155137+00:00,2026-06-30T11:00:01.154137,1,2,67.65,0.1,67.6,825,,,,,,,,,,,,,,,,,,,67.7,825,67.8,500,,,,,,,,,,,,,,,,
2026-06-30T01:00:01.166201+00:00,2026-06-30T11:00:01.164201,2,1,67.65,0.1,67.6,825,67.4,500,,,,,,,,,,,,,,,,,67.7,825,,,,,,,,,,,,,,,,,,
2026-06-30T01:00:01.187901+00:00,2026-06-30T11:00:01.177490,2,2,67.65,0.1,67.6,825,67.4,500,,,,,,,,,,,,,,,,,67.7,825,67.9,500,,,,,,,,,,,,,,,,
2026-06-30T01:00:01.198480+00:00,2026-06-30T11:00:01.196920,2,3,67.65,0.1,67.6,625,67.4,500,,,,,,,,,,,,,,,,,67.7,425,67.8,200,67.9,500,,,,,,,,,,,,,,
2026-06-30T01:00:01.571374+00:00,2026-06-30T11:00:01.568374,1,3,67.55,0.3,67.4,500,,,,,,,,,,,,,,,,,,,67.7,425,67.8,200,67.9,500,,,,,,,,,,,,,,
2026-06-30T01:00:01.582437+00:00,2026-06-30T11:00:01.574374,2,3,67.6,0.2,67.5,625,67.4,500,,,,,,,,,,,,,,,,,67.7,625,67.8,200,67.9,500,,,,,,,,,,,,,,
2026-06-30T01:00:01.767157+00:00,2026-06-30T11:00:01.762119,1,2,67.6,0.2,67.5,625,,,,,,,,,,,,,,,,,,,67.7,625,67.8,200,,,,,,,,,,,,,,,,
2026-06-30T01:00:01.777775+00:00,2026-06-30T11:00:01.769214,2,2,67.6,0.2,67.5,625,67.4,500,,,,,,,,,,,,,,,,,67.7,625,67.8,200,,,,,,,,,,,,,,,,
2026-06-30T01:00:01.788357+00:00,2026-06-30T11:00:01.783785,2,2,67.6,0.2,67.5,625,67.4,500,,,,,,,,,,,,,,,,,67.7,625,67.8,700,,,,,,,,,,,,,,,,
2026-06-30T01:00:02.366199+00:00,2026-06-30T11:00:02.360199,1,2,67.6,0.2,67.5,625,,,,,,,,,,,,,,,,,,,67.7,625,67.8,700,,,,,,,,,,,,,,,,
2026-06-30T01:00:02.377262+00:00,2026-06-30T11:00:02.373263,2,2,67.6,0.2,67.5,625,67.3,500,,,,,,,,,,,,,,,,,67.7,625,67.8,200,,,,,,,,,,,,,,,,
2026-06-30T01:00:02.387890+00:00,2026-06-30T11:00:02.378329,2,2,67.6,0.2,67.5,625,67.3,500,,,,,,,,,,,,,,,,,67.7,625,67.8,700,,,,,,,,,,,,,,,,
2026-06-30T01:00:02.409063+00:00,2026-06-30T11:00:02.403488,2,2,67.6,0.2,67.5,825,67.3,500,,,,,,,,,,,,,,,,,67.7,825,67.8,500,,,,,,,,,,,,,,,,
2026-06-30T01:00:02.878136+00:00,2026-06-30T11:00:02.875576,2,2,67.6,0.2,67.5,200,67.3,500,,,,,,,,,,,,,,,,,67.7,825,67.8,500,,,,,,,,,,,,,,,,
2026-06-30T01:00:02.888715+00:00,2026-06-30T11:00:02.881155,3,3,67.55,0.1,67.5,200,67.4,625,67.3,500,,,,,,,,,,,,,,,67.6,625,67.7,200,67.8,500,,,,,,,,,,,,,,
2026-06-30T01:00:02.966203+00:00,2026-06-30T11:00:02.964203,2,3,67.55,0.1,67.5,200,67.4,625,,,,,,,,,,,,,,,,,67.6,625,67.7,200,67.8,500,,,,,,,,,,,,,,
2026-06-30T01:00:02.977276+00:00,2026-06-30T11:00:02.973276,2,2,67.55,0.1,67.5,200,67.4,625,,,,,,,,,,,,,,,,,67.6,625,67.7,200,,,,,,,,,,,,,,,,
2026-06-30T01:00:02.987906+00:00,2026-06-30T11:00:02.983333,2,3,67.55,0.1,67.5,200,67.4,1125,,,,,,,,,,,,,,,,,67.6,625,67.7,200,67.8,500,,,,,,,,,,,,,,
2026-06-30T01:00:03.575399+00:00,2026-06-30T11:00:03.571400,2,2,67.55,0.1,67.5,200,67.4,625,,,,,,,,,,,,,,,,,67.6,625,67.7,200,,,,,,,,,,,,,,,,
2026-06-30T01:00:03.586463+00:00,2026-06-30T11:00:03.583463,2,3,67.55,0.1,67.5,200,67.4,1125,,,,,,,,,,,,,,,,,67.6,625,67.7,200,67.8,500,,,,,,,,,,,,,,
2026-06-30T01:00:03.608232+00:00,2026-06-30T11:00:03.605664,1,3,67.5,0.2,67.4,1125,,,,,,,,,,,,,,,,,,,67.6,625,67.7,200,67.8,500,,,,,,,,,,,,,,
2026-06-30T01:00:03.618811+00:00,2026-06-30T11:00:03.618298,1,3,67.5,0.2,67.4,1125,,,,,,,,,,,,,,,,,,,67.6,425,67.8,500,67.9,200,,,,,,,,,,,,,,
2026-06-30T01:00:04.196117+00:00,2026-06-30T11:00:04.195116,1,3,67.6,0.2,67.5,625,,,,,,,,,,,,,,,,,,,67.7,625,67.8,500,67.9,200,,,,,,,,,,,,,,
2026-06-30T01:00:04.207180+00:00,2026-06-30T11:00:04.206180,2,2,67.6,0.2,67.5,625,67.4,500,,,,,,,,,,,,,,,,,67.7,625,67.9,200,,,,,,,,,,,,,,,,
2026-06-30T01:00:04.217808+00:00,2026-06-30T11:00:04.211247,2,3,67.6,0.2,67.5,625,67.4,500,,,,,,,,,,,,,,,,,67.7,625,67.8,500,67.9,200,,,,,,,,,,,,,,
2026-06-30T01:00:04.805268+00:00,2026-06-30T11:00:04.799277,1,3,67.6,0.2,67.5,625,,,,,,,,,,,,,,,,,,,67.7,625,67.8,500,67.9,200,,,,,,,,,,,,,,
2026-06-30T01:00:04.816339+00:00,2026-06-30T11:00:04.815339,2,2,67.6,0.2,67.5,625,67.4,500,,,,,,,,,,,,,,,,,67.7,625,67.9,700,,,,,,,,,,,,,,,,
2026-06-30T01:00:04.827403+00:00,2026-06-30T11:00:04.825403,2,2,67.6,0.2,67.5,625,67.4,700,,,,,,,,,,,,,,,,,67.7,625,67.9,500,,,,,,,,,,,,,,,,
2026-06-30T01:00:04.838032+00:00,2026-06-30T11:00:04.832471,2,3,67.55,0.1,67.5,625,67.4,700,,,,,,,,,,,,,,,,,67.6,200,67.7,625,67.9,500,,,,,,,,,,,,,,
2026-06-30T01:00:05.411931+00:00,2026-06-30T11:00:05.406867,2,2,67.55,0.1,67.5,625,67.4,200,,,,,,,,,,,,,,,,,67.6,200,67.7,625,,,,,,,,,,,,,,,,
2026-06-30T01:00:05.423009+00:00,2026-06-30T11:00:05.419010,2,3,67.55,0.1,67.5,1125,67.4,200,,,,,,,,,,,,,,,,,67.6,200,67.7,625,67.9,500,,,,,,,,,,,,,,
2026-06-30T01:00:05.498522+00:00,2026-06-30T11:00:05.498008,2,3,67.55,0.1,67.5,1125,67.4,200,,,,,,,,,,,,,,,,,67.6,200,67.7,625,67.9,500,,,,,,,,,,,,,,
2026-06-30T01:00:06.008398+00:00,2026-06-30T11:00:06.004839,2,3,67.55,0.1,67.5,625,67.4,200,,,,,,,,,,,,,,,,,67.6,200,67.7,625,67.9,500,,,,,,,,,,,,,,
2026-06-30T01:00:06.030059+00:00,2026-06-30T11:00:06.028049,2,2,67.55,0.1,67.5,1125,67.4,200,,,,,,,,,,,,,,,,,67.6,200,67.7,625,,,,,,,,,,,,,,,,
2026-06-30T01:00:06.052186+00:00,2026-06-30T11:00:06.046123,2,3,67.55,0.1,67.5,1125,67.4,200,,,,,,,,,,,,,,,,,67.6,200,67.7,625,67.9,500,,,,,,,,,,,,,,
2026-06-30T01:00:06.085393+00:00,2026-06-30T11:00:06.079393,1,3,67.55,0.1,67.5,1125,,,,,,,,,,,,,,,,,,,67.6,200,67.7,625,67.9,500,,,,,,,,,,,,,,
2026-06-30T01:00:06.117643+00:00,2026-06-30T11:00:06.109581,1,2,67.6,0.2,67.5,1125,,,,,,,,,,,,,,,,,,,67.7,625,67.9,500,,,,,,,,,,,,,,,,
2026-06-30T01:00:06.128233+00:00,2026-06-30T11:00:06.127719,2,2,67.6,0.2,67.5,1125,67.4,200,,,,,,,,,,,,,,,,,67.7,625,67.9,500,,,,,,,,,,,,,,,,
2026-06-30T01:00:06.138812+00:00,2026-06-30T11:00:06.135251,2,3,67.55,0.1,67.5,1125,67.4,200,,,,,,,,,,,,,,,,,67.6,200,67.7,625,67.9,500,,,,,,,,,,,,,,
2026-06-30T01:00:06.609752+00:00,2026-06-30T11:00:06.605695,2,3,67.55,0.1,67.5,625,67.4,200,,,,,,,,,,,,,,,,,67.6,200,67.7,625,67.9,500,,,,,,,,,,,,,,
2026-06-30T01:00:06.620798+00:00,2026-06-30T11:00:06.611750,2,2,67.55,0.1,67.5,625,67.4,200,,,,,,,,,,,,,,,,,67.6,200,67.7,625,,,,,,,,,,,,,,,,
2026-06-30T01:00:06.631850+00:00,2026-06-30T11:00:06.624798,2,3,67.55,0.1,67.5,1125,67.4,200,,,,,,,,,,,,,,,,,67.6,200,67.7,625,67.9,500,,,,,,,,,,,,,,
2026-06-30T01:00:06.806276+00:00,2026-06-30T11:00:06.801276,2,2,67.55,0.1,67.5,500,67.4,200,,,,,,,,,,,,,,,,,67.6,200,67.9,500,,,,,,,,,,,,,,,,
2026-06-30T01:00:06.817339+00:00,2026-06-30T11:00:06.808339,3,2,67.65,0.1,67.6,425,67.5,500,67.4,200,,,,,,,,,,,,,,,67.7,625,67.9,500,,,,,,,,,,,,,,,,
2026-06-30T01:00:07.217567+00:00,2026-06-30T11:00:07.216531,3,2,67.65,0.1,67.6,425,67.5,500,67.4,200,,,,,,,,,,,,,,,67.7,625,67.9,500,,,,,,,,,,,,,,,,
2026-06-30T01:00:07.347975+00:00,2026-06-30T11:00:07.341401,2,2,67.65,0.1,67.6,425,67.5,500,,,,,,,,,,,,,,,,,67.7,625,67.9,500,,,,,,,,,,,,,,,,
2026-06-30T01:00:07.358555+00:00,2026-06-30T11:00:07.349993,2,2,67.65,0.1,67.6,425,67.5,700,,,,,,,,,,,,,,,,,67.7,825,67.9,500,,,,,,,,,,,,,,,,
2026-06-30T01:00:07.424939+00:00,2026-06-30T11:00:07.419939,2,2,67.65,0.1,67.6,405,67.5,700,,,,,,,,,,,,,,,,,67.7,825,67.9,500,,,,,,,,,,,,,,,,
2026-06-30T01:00:07.816047+00:00,2026-06-30T11:00:07.813048,2,2,67.65,0.1,67.6,405,67.5,200,,,,,,,,,,,,,,,,,67.7,825,67.9,500,,,,,,,,,,,,,,,,
2026-06-30T01:00:07.827111+00:00,2026-06-30T11:00:07.825110,3,1,67.65,0.1,67.6,405,67.5,200,67.4,500,,,,,,,,,,,,,,,67.7,825,,,,,,,,,,,,,,,,,,
2026-06-30T01:00:07.837738+00:00,2026-06-30T11:00:07.831177,3,2,67.65,0.1,67.6,405,67.5,200,67.4,500,,,,,,,,,,,,,,,67.7,825,67.9,500,,,,,,,,,,,,,,,,
2026-06-30T01:00:08.119613+00:00,2026-06-30T11:00:08.116551,2,2,67.6,0.2,67.5,825,67.4,500,,,,,,,,,,,,,,,,,67.7,825,67.9,500,,,,,,,,,,,,,,,,
2026-06-30T01:00:08.414087+00:00,2026-06-30T11:00:08.413087,1,2,67.6,0.2,67.5,825,,,,,,,,,,,,,,,,,,,67.7,825,67.9,500,,,,,,,,,,,,,,,,
2026-06-30T01:00:08.425151+00:00,2026-06-30T11:00:08.424151,2,1,67.6,0.2,67.5,825,67.4,500,,,,,,,,,,,,,,,,,67.7,825,,,,,,,,,,,,,,,,,,
2026-06-30T01:00:08.436242+00:00,2026-06-30T11:00:08.430241,2,2,67.6,0.2,67.5,825,67.4,500,,,,,,,,,,,,,,,,,67.7,825,67.9,500,,,,,,,,,,,,,,,,
2026-06-30T01:00:08.556555+00:00,2026-06-30T11:00:08.554555,2,2,67.6,0.2,67.5,625,67.4,500,,,,,,,,,,,,,,,,,67.7,825,67.9,500,,,,,,,,,,,,,,,,
2026-06-30T01:00:08.566623+00:00,2026-06-30T11:00:08.564623,3,2,67.65,0.1,67.6,200,67.5,625,67.4,500,,,,,,,,,,,,,,,67.7,625,67.9,500,,,,,,,,,,,,,,,,
2026-06-30T01:00:08.577688+00:00,2026-06-30T11:00:08.566623,3,3,67.65,0.1,67.6,200,67.5,625,67.4,500,,,,,,,,,,,,,,,67.7,625,67.8,200,67.9,500,,,,,,,,,,,,,,
2026-06-30T01:00:09.022186+00:00,2026-06-30T11:00:09.016124,2,3,67.65,0.1,67.6,200,67.5,625,,,,,,,,,,,,,,,,,67.7,625,67.8,200,67.9,500,,,,,,,,,,,,,,
2026-06-30T01:00:09.033250+00:00,2026-06-30T11:00:09.030242,3,2,67.65,0.1,67.6,200,67.5,625,67.4,500,,,,,,,,,,,,,,,67.7,625,67.8,200,,,,,,,,,,,,,,,,
2026-06-30T01:00:09.044313+00:00,2026-06-30T11:00:09.036241,3,3,67.65,0.1,67.6,200,67.5,625,67.4,500,,,,,,,,,,,,,,,67.7,625,67.8,200,67.9,500,,,,,,,,,,,,,,
2026-06-30T01:00:09.420795+00:00,2026-06-30T11:00:09.418794,2,3,67.65,0.1,67.6,200,67.4,500,,,,,,,,,,,,,,,,,67.7,625,67.8,200,67.9,500,,,,,,,,,,,,,,
2026-06-30T01:00:09.431858+00:00,2026-06-30T11:00:09.427848,3,3,67.65,0.1,67.6,200,67.5,625,67.4,500,,,,,,,,,,,,,,,67.7,625,67.8,200,67.9,500,,,,,,,,,,,,,,
2026-06-30T01:00:09.637230+00:00,2026-06-30T11:00:09.634202,3,2,67.65,0.1,67.6,200,67.5,625,67.4,500,,,,,,,,,,,,,,,67.7,625,67.8,200,,,,,,,,,,,,,,,,
2026-06-30T01:00:09.647835+00:00,2026-06-30T11:00:09.640268,3,3,67.65,0.1,67.6,200,67.5,625,67.4,500,,,,,,,,,,,,,,,67.7,625,67.8,200,67.9,500,,,,,,,,,,,,,,
2026-06-30T01:00:09.778688+00:00,2026-06-30T11:00:09.777677,3,2,67.65,0.1,67.6,200,67.5,625,67.4,500,,,,,,,,,,,,,,,67.7,625,67.9,500,,,,,,,,,,,,,,,,
2026-06-30T01:00:09.789747+00:00,2026-06-30T11:00:09.779688,3,2,67.65,0.1,67.6,200,67.5,625,67.4,500,,,,,,,,,,,,,,,67.7,825,67.9,500,,,,,,,,,,,,,,,,
2026-06-30T01:00:10.247845+00:00,2026-06-30T11:00:10.241845,2,2,67.65,0.1,67.6,200,67.5,625,,,,,,,,,,,,,,,,,67.7,825,67.9,500,,,,,,,,,,,,,,,,
2026-06-30T01:00:10.258482+00:00,2026-06-30T11:00:10.254921,3,1,67.65,0.1,67.6,200,67.5,625,67.4,500,,,,,,,,,,,,,,,67.7,825,,,,,,,,,,,,,,,,,,
2026-06-30T01:00:10.269061+00:00,2026-06-30T11:00:10.261500,3,2,67.65,0.1,67.6,200,67.5,625,67.4,500,,,,,,,,,,,,,,,67.7,825,67.9,500,,,,,,,,,,,,,,,,
2026-06-30T01:00:10.737354+00:00,2026-06-30T11:00:10.733354,2,2,67.65,0.1,67.6,825,67.4,500,,,,,,,,,,,,,,,,,67.7,200,67.9,500,,,,,,,,,,,,,,,,
2026-06-30T01:00:10.747461+00:00,2026-06-30T11:00:10.745460,2,3,67.65,0.1,67.6,825,67.4,500,,,,,,,,,,,,,,,,,67.7,200,67.8,625,67.9,500,,,,,,,,,,,,,,
2026-06-30T01:00:10.856216+00:00,2026-06-30T11:00:10.852216,1,2,67.65,0.1,67.6,825,,,,,,,,,,,,,,,,,,,67.7,200,67.8,625,,,,,,,,,,,,,,,,
2026-06-30T01:00:10.867263+00:00,2026-06-30T11:00:10.857262,2,2,67.65,0.1,67.6,825,67.4,500,,,,,,,,,,,,,,,,,67.7,200,67.8,625,,,,,,,,,,,,,,,,
2026-06-30T01:00:10.877386+00:00,2026-06-30T11:00:10.868357,2,2,67.65,0.1,67.6,825,67.4,500,,,,,,,,,,,,,,,,,67.7,200,67.8,1125,,,,,,,,,,,,,,,,
2026-06-30T01:00:10.997115+00:00,2026-06-30T11:00:10.990115,2,2,67.65,0.1,67.6,825,67.4,500,,,,,,,,,,,,,,,,,67.7,200,67.8,1125,,,,,,,,,,,,,,,,
2026-06-30T01:00:11.443293+00:00,2026-06-30T11:00:11.439294,2,2,67.65,0.1,67.6,825,67.4,500,,,,,,,,,,,,,,,,,67.7,180,67.8,1125,,,,,,,,,,,,,,,,
2026-06-30T01:00:11.454358+00:00,2026-06-30T11:00:11.453358,1,2,67.65,0.1,67.6,825,,,,,,,,,,,,,,,,,,,67.7,180,67.8,625,,,,,,,,,,,,,,,,
2026-06-30T01:00:11.465407+00:00,2026-06-30T11:00:11.459408,2,2,67.65,0.1,67.6,825,67.4,500,,,,,,,,,,,,,,,,,67.7,180,67.8,625,,,,,,,,,,,,,,,,
2026-06-30T01:00:11.476455+00:00,2026-06-30T11:00:11.472456,2,3,67.65,0.1,67.6,825,67.4,500,,,,,,,,,,,,,,,,,67.7,180,67.8,625,67.9,500,,,,,,,,,,,,,,
2026-06-30T01:00:11.574014+00:00,2026-06-30T11:00:11.572014,2,3,67.65,0.1,67.6,675,67.4,500,,,,,,,,,,,,,,,,,67.7,180,67.8,625,67.9,500,,,,,,,,,,,,,,
2026-06-30T01:00:12.043081+00:00,2026-06-30T11:00:12.041081,3,1,67.8,0.2,67.7,445,67.6,200,67.4,500,,,,,,,,,,,,,,,67.9,500,,,,,,,,,,,,,,,,,,
2026-06-30T01:00:12.054134+00:00,2026-06-30T11:00:12.051135,2,1,67.8,0.2,67.7,445,67.6,200,,,,,,,,,,,,,,,,,67.9,1125,,,,,,,,,,,,,,,,,,
2026-06-30T01:00:12.065248+00:00,2026-06-30T11:00:12.058248,2,1,67.8,0.2,67.7,445,67.6,200,,,,,,,,,,,,,,,,,67.9,625,,,,,,,,,,,,,,,,,,
2026-06-30T01:00:12.076315+00:00,2026-06-30T11:00:12.071314,3,1,67.8,0.2,67.7,445,67.6,200,67.4,500,,,,,,,,,,,,,,,67.9,1125,,,,,,,,,,,,,,,,,,
2026-06-30T01:00:12.207221+00:00,2026-06-30T11:00:12.202221,2,2,67.75,0.1,67.7,645,67.4,500,,,,,,,,,,,,,,,,,67.8,200,67.9,1125,,,,,,,,,,,,,,,,
2026-06-30T01:00:12.656863+00:00,2026-06-30T11:00:12.654863,1,2,67.75,0.1,67.7,645,,,,,,,,,,,,,,,,,,,67.8,200,67.9,1125,,,,,,,,,,,,,,,,
2026-06-30T01:00:12.667911+00:00,2026-06-30T11:00:12.662911,1,2,67.75,0.1,67.7,645,,,,,,,,,,,,,,,,,,,67.8,200,67.9,625,,,,,,,,,,,,,,,,
2026-06-30T01:00:12.678911+00:00,2026-06-30T11:00:12.674911,2,2,67.75,0.1,67.7,645,67.4,500,,,,,,,,,,,,,,,,,67.8,200,67.9,1125,,,,,,,,,,,,,,,,
2026-06-30T01:00:13.267727+00:00,2026-06-30T11:00:13.266727,1,2,67.75,0.1,67.7,645,,,,,,,,,,,,,,,,,,,67.8,200,67.9,625,,,,,,,,,,,,,,,,
2026-06-30T01:00:13.278383+00:00,2026-06-30T11:00:13.276821,2,2,67.75,0.1,67.7,645,67.4,500,,,,,,,,,,,,,,,,,67.8,200,67.9,1125,,,,,,,,,,,,,,,,
2026-06-30T01:00:13.355350+00:00,2026-06-30T11:00:13.350350,2,2,67.75,0.1,67.7,825,67.4,500,,,,,,,,,,,,,,,,,67.8,825,67.9,500,,,,,,,,,,,,,,,,
2026-06-30T01:00:13.408747+00:00,2026-06-30T11:00:13.407187,2,2,67.75,0.1,67.7,625,67.4,500,,,,,,,,,,,,,,,,,67.8,625,67.9,500,,,,,,,,,,,,,,,,
2026-06-30T01:00:13.419833+00:00,2026-06-30T11:00:13.412766,3,2,67.75,0.1,67.7,625,67.6,200,67.4,500,,,,,,,,,,,,,,,67.8,825,67.9,500,,,,,,,,,,,,,,,,
2026-06-30T01:00:13.867227+00:00,2026-06-30T11:00:13.864227,2,2,67.75,0.1,67.7,625,67.6,200,,,,,,,,,,,,,,,,,67.8,825,67.9,500,,,,,,,,,,,,,,,,
2026-06-30T01:00:13.877825+00:00,2026-06-30T11:00:13.872279,2,1,67.75,0.1,67.7,625,67.6,200,,,,,,,,,,,,,,,,,67.8,825,,,,,,,,,,,,,,,,,,
2026-06-30T01:00:13.888382+00:00,2026-06-30T11:00:13.886835,3,2,67.75,0.1,67.7,625,67.6,200,67.4,500,,,,,,,,,,,,,,,67.8,825,67.9,500,,,,,,,,,,,,,,,,
2026-06-30T01:00:14.464954+00:00,2026-06-30T11:00:14.463954,2,2,67.75,0.1,67.7,625,67.6,200,,,,,,,,,,,,,,,,,67.8,825,67.9,500,,,,,,,,,,,,,,,,
2026-06-30T01:00:14.476017+00:00,2026-06-30T11:00:14.472017,2,1,67.75,0.1,67.7,625,67.6,200,,,,,,,,,,,,,,,,,67.8,825,,,,,,,,,,,,,,,,,,
2026-06-30T01:00:14.487092+00:00,2026-06-30T11:00:14.480083,3,2,67.75,0.1,67.7,625,67.6,200,67.4,500,,,,,,,,,,,,,,,67.8,825,67.9,500,,,,,,,,,,,,,,,,
2026-06-30T01:00:14.618040+00:00,2026-06-30T11:00:14.615469,2,2,67.75,0.1,67.7,625,67.4,500,,,,,,,,,,,,,,,,,67.8,625,67.9,500,,,,,,,,,,,,,,,,
2026-06-30T01:00:14.628622+00:00,2026-06-30T11:00:14.620059,2,2,67.75,0.1,67.7,825,67.4,500,,,,,,,,,,,,,,,,,67.8,825,67.9,500,,,,,,,,,,,,,,,,
2026-06-30T01:00:14.661826+00:00,2026-06-30T11:00:14.653763,2,2,67.75,0.1,67.7,200,67.4,500,,,,,,,,,,,,,,,,,67.8,825,67.9,500,,,,,,,,,,,,,,,,
2026-06-30T01:00:14.672888+00:00,2026-06-30T11:00:14.662827,2,2,67.75,0.1,67.7,825,67.4,500,,,,,,,,,,,,,,,,,67.8,200,67.9,1125,,,,,,,,,,,,,,,,
2026-06-30T01:00:15.076112+00:00,2026-06-30T11:00:15.071112,1,2,67.75,0.1,67.7,825,,,,,,,,,,,,,,,,,,,67.8,200,67.9,625,,,,,,,,,,,,,,,,
2026-06-30T01:00:15.087176+00:00,2026-06-30T11:00:15.082177,2,2,67.75,0.1,67.7,825,67.4,500,,,,,,,,,,,,,,,,,67.8,200,67.9,1125,,,,,,,,,,,,,,,,
2026-06-30T01:00:15.673246+00:00,2026-06-30T11:00:15.668255,1,2,67.75,0.1,67.7,825,,,,,,,,,,,,,,,,,,,67.8,200,67.9,1125,,,,,,,,,,,,,,,,
2026-06-30T01:00:15.684319+00:00,2026-06-30T11:00:15.678318,2,2,67.75,0.1,67.7,825,67.4,500,,,,,,,,,,,,,,,,,67.8,200,67.9,625,,,,,,,,,,,,,,,,
2026-06-30T01:00:15.695383+00:00,2026-06-30T11:00:15.688382,2,2,67.75,0.1,67.7,825,67.4,500,,,,,,,,,,,,,,,,,67.8,200,67.9,1125,,,,,,,,,,,,,,,,
2026-06-30T01:00:15.815165+00:00,2026-06-30T11:00:15.808165,2,2,67.75,0.1,67.7,825,67.4,500,,,,,,,,,,,,,,,,,67.8,180,67.9,1125,,,,,,,,,,,,,,,,
2026-06-30T01:00:15.826230+00:00,2026-06-30T11:00:15.824230,2,1,67.8,0.2,67.7,625,67.4,500,,,,,,,,,,,,,,,,,67.9,1125,,,,,,,,,,,,,,,,,,
2026-06-30T01:00:15.837311+00:00,2026-06-30T11:00:15.828311,3,1,67.8,0.2,67.7,425,67.5,200,67.4,500,,,,,,,,,,,,,,,67.9,1125,,,,,,,,,,,,,,,,,,
2026-06-30T01:00:15.967266+00:00,2026-06-30T11:00:15.962220,2,1,67.7,0.4,67.5,200,67.4,500,,,,,,,,,,,,,,,,,67.9,1125,,,,,,,,,,,,,,,,,,
2026-06-30T01:00:15.977843+00:00,2026-06-30T11:00:15.969284,3,1,67.75,0.3,67.6,625,67.5,200,67.4,500,,,,,,,,,,,,,,,67.9,500,,,,,,,,,,,,,,,,,,
2026-06-30T01:00:15.988432+00:00,2026-06-30T11:00:15.982862,3,2,67.7,0.2,67.6,625,67.5,200,67.4,500,,,,,,,,,,,,,,,67.8,625,67.9,500,,,,,,,,,,,,,,,,
2026-06-30T01:00:16.293971+00:00,2026-06-30T11:00:16.291970,2,2,67.7,0.2,67.6,625,67.5,200,,,,,,,,,,,,,,,,,67.8,625,67.9,500,,,,,,,,,,,,,,,,
2026-06-30T01:00:16.316094+00:00,2026-06-30T11:00:16.310094,2,2,67.7,0.2,67.6,625,67.5,700,,,,,,,,,,,,,,,,,67.8,625,67.9,500,,,,,,,,,,,,,,,,
2026-06-30T01:00:16.900202+00:00,2026-06-30T11:00:16.895122,2,2,67.7,0.2,67.6,625,67.5,200,,,,,,,,,,,,,,,,,67.8,625,67.9,500,,,,,,,,,,,,,,,,
2026-06-30T01:00:16.911266+00:00,2026-06-30T11:00:16.907256,2,1,67.7,0.2,67.6,625,67.5,700,,,,,,,,,,,,,,,,,67.8,625,,,,,,,,,,,,,,,,,,
2026-06-30T01:00:16.922330+00:00,2026-06-30T11:00:16.913266,2,2,67.7,0.2,67.6,625,67.5,700,,,,,,,,,,,,,,,,,67.8,625,67.9,500,,,,,,,,,,,,,,,,
2026-06-30T01:00:17.042131+00:00,2026-06-30T11:00:17.034060,2,3,67.65,0.1,67.6,825,67.5,500,,,,,,,,,,,,,,,,,67.7,200,67.8,625,67.9,500,,,,,,,,,,,,,,
2026-06-30T01:00:17.282232+00:00,2026-06-30T11:00:17.281241,2,2,67.65,0.1,67.6,200,67.5,500,,,,,,,,,,,,,,,,,67.7,200,67.9,500,,,,,,,,,,,,,,,,
2026-06-30T01:00:17.293313+00:00,2026-06-30T11:00:17.282392,2,2,67.65,0.1,67.6,200,67.5,1125,,,,,,,,,,,,,,,,,67.7,825,67.9,500,,,,,,,,,,,,,,,,
2026-06-30T01:00:17.498729+00:00,2026-06-30T11:00:17.497161,2,2,67.65,0.1,67.6,200,67.5,625,,,,,,,,,,,,,,,,,67.7,825,67.9,500,,,,,,,,,,,,,,,,
2026-06-30T01:00:17.509812+00:00,2026-06-30T11:00:17.508811,3,1,67.65,0.1,67.6,200,67.5,625,67.4,500,,,,,,,,,,,,,,,67.7,825,,,,,,,,,,,,,,,,,,
2026-06-30T01:00:17.520875+00:00,2026-06-30T11:00:17.513812,3,2,67.65,0.1,67.6,200,67.5,625,67.4,500,,,,,,,,,,,,,,,67.7,825,67.9,500,,,,,,,,,,,,,,,,
2026-06-30T01:00:18.107932+00:00,2026-06-30T11:00:18.100372,2,2,67.65,0.1,67.6,200,67.5,625,,,,,,,,,,,,,,,,,67.7,825,67.9,500,,,,,,,,,,,,,,,,
2026-06-30T01:00:18.118511+00:00,2026-06-30T11:00:18.111951,3,1,67.65,0.1,67.6,200,67.5,625,67.4,500,,,,,,,,,,,,,,,67.7,825,,,,,,,,,,,,,,,,,,
2026-06-30T01:00:18.129092+00:00,2026-06-30T11:00:18.119530,3,2,67.65,0.1,67.6,200,67.5,625,67.4,500,,,,,,,,,,,,,,,67.7,825,67.9,500,,,,,,,,,,,,,,,,
2026-06-30T01:00:18.238810+00:00,2026-06-30T11:00:18.237250,2,2,67.6,0.2,67.5,625,67.4,500,,,,,,,,,,,,,,,,,67.7,625,67.9,500,,,,,,,,,,,,,,,,
2026-06-30T01:00:18.249892+00:00,2026-06-30T11:00:18.241829,3,3,67.65,0.1,67.6,200,67.5,625,67.4,500,,,,,,,,,,,,,,,67.7,625,67.8,200,67.9,500,,,,,,,,,,,,,,
2026-06-30T01:00:18.588043+00:00,2026-06-30T11:00:18.584472,2,3,67.65,0.1,67.6,200,67.4,500,,,,,,,,,,,,,,,,,67.7,625,67.8,200,67.9,500,,,,,,,,,,,,,,
2026-06-30T01:00:18.598622+00:00,2026-06-30T11:00:18.592062,2,3,67.65,0.1,67.6,825,67.4,500,,,,,,,,,,,,,,,,,67.7,625,67.8,200,67.9,500,,,,,,,,,,,,,,
2026-06-30T01:00:18.707824+00:00,2026-06-30T11:00:18.703256,1,3,67.65,0.1,67.6,825,,,,,,,,,,,,,,,,,,,67.7,625,67.8,200,67.9,500,,,,,,,,,,,,,,
2026-06-30T01:00:18.718403+00:00,2026-06-30T11:00:18.716842,2,2,67.65,0.1,67.6,825,67.5,500,,,,,,,,,,,,,,,,,67.7,625,67.8,200,,,,,,,,,,,,,,,,
2026-06-30T01:00:18.728982+00:00,2026-06-30T11:00:18.722413,2,3,67.65,0.1,67.6,825,67.5,500,,,,,,,,,,,,,,,,,67.7,625,67.8,200,67.9,500,,,,,,,,,,,,,,
2026-06-30T01:00:19.316370+00:00,2026-06-30T11:00:19.312369,1,2,67.65,0.1,67.6,825,,,,,,,,,,,,,,,,,,,67.7,625,67.8,200,,,,,,,,,,,,,,,,
2026-06-30T01:00:19.327433+00:00,2026-06-30T11:00:19.324433,2,3,67.65,0.1,67.6,825,67.5,500,,,,,,,,,,,,,,,,,67.7,625,67.8,200,67.9,500,,,,,,,,,,,,,,
2026-06-30T01:00:19.447802+00:00,2026-06-30T11:00:19.444241,2,2,67.65,0.1,67.6,625,67.5,500,,,,,,,,,,,,,,,,,67.7,625,67.9,500,,,,,,,,,,,,,,,,
2026-06-30T01:00:19.458379+00:00,2026-06-30T11:00:19.449820,2,2,67.65,0.1,67.6,625,67.5,500,,,,,,,,,,,,,,,,,67.7,425,67.9,700,,,,,,,,,,,,,,,,
2026-06-30T01:00:19.688454+00:00,2026-06-30T11:00:19.686905,2,2,67.65,0.1,67.6,605,67.5,500,,,,,,,,,,,,,,,,,67.7,425,67.9,700,,,,,,,,,,,,,,,,
2026-06-30T01:00:19.897353+00:00,2026-06-30T11:00:19.895352,1,1,67.7,0.4,67.5,500,,,,,,,,,,,,,,,,,,,67.9,700,,,,,,,,,,,,,,,,,,
2026-06-30T01:00:19.907990+00:00,2026-06-30T11:00:19.898418,2,2,67.7,0.2,67.6,625,67.5,500,,,,,,,,,,,,,,,,,67.8,625,67.9,700,,,,,,,,,,,,,,,,
2026-06-30T01:00:19.918554+00:00,2026-06-30T11:00:19.913996,1,2,67.7,0.2,67.6,625,,,,,,,,,,,,,,,,,,,67.8,625,67.9,200,,,,,,,,,,,,,,,,
2026-06-30T01:00:19.929642+00:00,2026-06-30T11:00:19.926573,2,2,67.7,0.2,67.6,625,67.5,500,,,,,,,,,,,,,,,,,67.8,625,67.9,700,,,,,,,,,,,,,,,,
2026-06-30T01:00:20.517593+00:00,2026-06-30T11:00:20.515592,1,2,67.7,0.2,67.6,625,,,,,,,,,,,,,,,,,,,67.8,625,67.9,700,,,,,,,,,,,,,,,,
2026-06-30T01:00:20.538827+00:00,2026-06-30T11:00:20.536232,2,2,67.7,0.2,67.6,625,67.5,500,,,,,,,,,,,,,,,,,67.8,625,67.9,700,,,,,,,,,,,,,,,,
2026-06-30T01:00:20.659635+00:00,2026-06-30T11:00:20.656572,2,3,67.65,0.1,67.6,625,67.5,700,,,,,,,,,,,,,,,,,67.7,200,67.8,625,67.9,500,,,,,,,,,,,,,,
2026-06-30T01:00:21.117303+00:00,2026-06-30T11:00:21.113303,2,3,67.65,0.1,67.6,625,67.5,200,,,,,,,,,,,,,,,,,67.7,200,67.8,625,67.9,500,,,,,,,,,,,,,,
2026-06-30T01:00:21.127928+00:00,2026-06-30T11:00:21.123367,2,2,67.65,0.1,67.6,625,67.5,700,,,,,,,,,,,,,,,,,67.7,200,67.8,625,,,,,,,,,,,,,,,,
2026-06-30T01:00:21.138507+00:00,2026-06-30T11:00:21.128129,2,3,67.65,0.1,67.6,625,67.5,700,,,,,,,,,,,,,,,,,67.7,200,67.8,625,68.0,500,,,,,,,,,,,,,,
2026-06-30T01:00:21.204434+00:00,2026-06-30T11:00:21.202434,1,2,67.6,0.2,67.5,700,,,,,,,,,,,,,,,,,,,67.7,200,68.0,500,,,,,,,,,,,,,,,,
2026-06-30T01:00:21.215497+00:00,2026-06-30T11:00:21.208497,2,2,67.85,0.1,67.8,425,67.5,700,,,,,,,,,,,,,,,,,67.9,625,68.0,500,,,,,,,,,,,,,,,,
2026-06-30T01:00:21.725468+00:00,2026-06-30T11:00:21.715405,2,2,67.85,0.1,67.8,425,67.5,200,,,,,,,,,,,,,,,,,67.9,625,68.0,500,,,,,,,,,,,,,,,,
2026-06-30T01:00:21.736532+00:00,2026-06-30T11:00:21.729532,2,1,67.85,0.1,67.8,425,67.5,700,,,,,,,,,,,,,,,,,67.9,1125,,,,,,,,,,,,,,,,,,
2026-06-30T01:00:21.867419+00:00,2026-06-30T11:00:21.861411,2,2,67.85,0.1,67.8,625,67.5,500,,,,,,,,,,,,,,,,,67.9,1125,68.0,200,,,,,,,,,,,,,,,,
2026-06-30T01:00:22.344190+00:00,2026-06-30T11:00:22.343189,1,2,67.85,0.1,67.8,625,,,,,,,,,,,,,,,,,,,67.9,625,68.0,200,,,,,,,,,,,,,,,,
2026-06-30T01:00:22.355253+00:00,2026-06-30T11:00:22.352253,2,2,67.85,0.1,67.8,625,67.5,500,,,,,,,,,,,,,,,,,67.9,625,68.0,700,,,,,,,,,,,,,,,,
2026-06-30T01:00:22.517348+00:00,2026-06-30T11:00:22.516309,1,2,67.6,0.2,67.5,1125,,,,,,,,,,,,,,,,,,,67.7,425,68.0,700,,,,,,,,,,,,,,,,
2026-06-30T01:00:22.950884+00:00,2026-06-30T11:00:22.949876,1,2,67.6,0.2,67.5,625,,,,,,,,,,,,,,,,,,,67.7,425,68.0,200,,,,,,,,,,,,,,,,
2026-06-30T01:00:22.961947+00:00,2026-06-30T11:00:22.956884,1,3,67.6,0.2,67.5,1125,,,,,,,,,,,,,,,,,,,67.7,425,67.9,500,68.0,200,,,,,,,,,,,,,,
2026-06-30T01:00:23.071222+00:00,2026-06-30T11:00:23.067211,1,2,67.6,0.2,67.5,1125,,,,,,,,,,,,,,,,,,,67.7,225,67.9,700,,,,,,,,,,,,,,,,
2026-06-30T01:00:23.548407+00:00,2026-06-30T11:00:23.542846,1,2,67.6,0.2,67.5,625,,,,,,,,,,,,,,,,,,,67.7,225,67.9,700,,,,,,,,,,,,,,,,
2026-06-30T01:00:23.558987+00:00,2026-06-30T11:00:23.553425,1,2,67.6,0.2,67.5,1125,,,,,,,,,,,,,,,,,,,67.7,225,67.9,200,,,,,,,,,,,,,,,,
2026-06-30T01:00:23.570069+00:00,2026-06-30T11:00:23.559185,1,2,67.6,0.2,67.5,1125,,,,,,,,,,,,,,,,,,,67.7,225,67.9,700,,,,,,,,,,,,,,,,
2026-06-30T01:00:23.830830+00:00,2026-06-30T11:00:23.825766,2,2,67.75,0.1,67.7,625,67.5,500,,,,,,,,,,,,,,,,,67.8,625,67.9,700,,,,,,,,,,,,,,,,
2026-06-30T01:00:23.852955+00:00,2026-06-30T11:00:23.842066,2,2,67.75,0.1,67.7,582,67.5,500,,,,,,,,,,,,,,,,,67.8,625,67.9,700,,,,,,,,,,,,,,,,
2026-06-30T01:00:23.875081+00:00,2026-06-30T11:00:23.871081,2,2,67.75,0.1,67.7,582,67.5,500,,,,,,,,,,,,,,,,,67.8,605,67.9,700,,,,,,,,,,,,,,,,
2026-06-30T01:00:24.146474+00:00,2026-06-30T11:00:24.145474,1,2,67.75,0.1,67.7,582,,,,,,,,,,,,,,,,,,,67.8,605,67.9,700,,,,,,,,,,,,,,,,
2026-06-30T01:00:24.157529+00:00,2026-06-30T11:00:24.156530,2,2,67.75,0.1,67.7,582,67.5,500,,,,,,,,,,,,,,,,,67.8,605,67.9,200,,,,,,,,,,,,,,,,
2026-06-30T01:00:24.168149+00:00,2026-06-30T11:00:24.160599,2,2,67.75,0.1,67.7,582,67.5,500,,,,,,,,,,,,,,,,,67.8,605,67.9,700,,,,,,,,,,,,,,,,
2026-06-30T01:00:24.277805+00:00,2026-06-30T11:00:24.273258,2,2,67.75,0.1,67.7,782,67.5,500,,,,,,,,,,,,,,,,,67.8,605,67.9,700,,,,,,,,,,,,,,,,
2026-06-30T01:00:24.506998+00:00,2026-06-30T11:00:24.504998,2,2,67.75,0.1,67.7,782,67.5,500,,,,,,,,,,,,,,,,,67.8,585,67.9,700,,,,,,,,,,,,,,,,
2026-06-30T01:00:24.757219+00:00,2026-06-30T11:00:24.755172,1,2,67.75,0.1,67.7,782,,,,,,,,,,,,,,,,,,,67.8,585,67.9,200,,,,,,,,,,,,,,,,
2026-06-30T01:00:24.778377+00:00,2026-06-30T11:00:24.767955,2,3,67.75,0.1,67.7,782,67.5,500,,,,,,,,,,,,,,,,,67.8,585,67.9,200,68.0,500,,,,,,,,,,,,,,
2026-06-30T01:00:25.137839+00:00,2026-06-30T11:00:25.132279,2,2,67.8,0.2,67.7,825,67.5,500,,,,,,,,,,,,,,,,,67.9,825,68.0,500,,,,,,,,,,,,,,,,
2026-06-30T01:00:25.355804+00:00,2026-06-30T11:00:25.353804,1,2,67.8,0.2,67.7,825,,,,,,,,,,,,,,,,,,,67.9,825,68.0,500,,,,,,,,,,,,,,,,
2026-06-30T01:00:25.366873+00:00,2026-06-30T11:00:25.363874,2,1,67.8,0.2,67.7,825,67.5,500,,,,,,,,,,,,,,,,,67.9,825,,,,,,,,,,,,,,,,,,
2026-06-30T01:00:25.377937+00:00,2026-06-30T11:00:25.369938,2,2,67.8,0.2,67.7,825,67.5,500,,,,,,,,,,,,,,,,,67.9,825,68.0,500,,,,,,,,,,,,,,,,
2026-06-30T01:00:25.477091+00:00,2026-06-30T11:00:25.476091,2,2,67.8,0.2,67.7,625,67.5,500,,,,,,,,,,,,,,,,,67.9,625,68.0,500,,,,,,,,,,,,,,,,
2026-06-30T01:00:25.487717+00:00,2026-06-30T11:00:25.478157,2,2,67.8,0.2,67.7,825,67.5,500,,,,,,,,,,,,,,,,,67.9,825,68.0,500,,,,,,,,,,,,,,,,
2026-06-30T01:00:25.966004+00:00,2026-06-30T11:00:25.962005,1,1,67.8,0.2,67.7,825,,,,,,,,,,,,,,,,,,,67.9,825,,,,,,,,,,,,,,,,,,
2026-06-30T01:00:25.977069+00:00,2026-06-30T11:00:25.973069,2,2,67.8,0.2,67.7,825,67.5,500,,,,,,,,,,,,,,,,,67.9,825,68.0,500,,,,,,,,,,,,,,,,
2026-06-30T01:00:26.435204+00:00,2026-06-30T11:00:26.434204,2,2,67.8,0.2,67.7,200,67.5,500,,,,,,,,,,,,,,,,,67.9,825,68.0,500,,,,,,,,,,,,,,,,
2026-06-30T01:00:26.446267+00:00,2026-06-30T11:00:26.442258,1,3,67.6,0.2,67.5,1125,,,,,,,,,,,,,,,,,,,67.7,425,67.9,200,68.0,500,,,,,,,,,,,,,,
2026-06-30T01:00:26.565148+00:00,2026-06-30T11:00:26.558148,1,3,67.6,0.2,67.5,625,,,,,,,,,,,,,,,,,,,67.7,425,67.9,200,68.0,500,,,,,,,,,,,,,,
2026-06-30T01:00:26.576213+00:00,2026-06-30T11:00:26.575212,1,3,67.6,0.2,67.5,1125,,,,,,,,,,,,,,,,,,,67.7,425,67.9,200,68.0,500,,,,,,,,,,,,,,
2026-06-30T01:00:26.685472+00:00,2026-06-30T11:00:26.681472,2,2,67.65,0.1,67.6,200,67.5,1125,,,,,,,,,,,,,,,,,67.7,425,68.0,500,,,,,,,,,,,,,,,,
2026-06-30T01:00:26.696527+00:00,2026-06-30T11:00:26.686464,2,2,67.65,0.1,67.6,200,67.5,1125,,,,,,,,,,,,,,,,,67.7,625,68.0,500,,,,,,,,,,,,,,,,
2026-06-30T01:00:27.163104+00:00,2026-06-30T11:00:27.162103,2,2,67.65,0.1,67.6,200,67.5,625,,,,,,,,,,,,,,,,,67.7,625,68.0,500,,,,,,,,,,,,,,,,
2026-06-30T01:00:27.174167+00:00,2026-06-30T11:00:27.172167,2,1,67.65,0.1,67.6,200,67.5,1125,,,,,,,,,,,,,,,,,67.7,625,,,,,,,,,,,,,,,,,,
2026-06-30T01:00:27.207371+00:00,2026-06-30T11:00:27.196500,2,2,67.65,0.1,67.6,200,67.5,1125,,,,,,,,,,,,,,,,,67.7,625,68.0,500,,,,,,,,,,,,,,,,
2026-06-30T01:00:27.750856+00:00,2026-06-30T11:00:27.749856,2,2,67.65,0.1,67.6,200,67.5,500,,,,,,,,,,,,,,,,,67.7,200,68.0,500,,,,,,,,,,,,,,,,
2026-06-30T01:00:27.761920+00:00,2026-06-30T11:00:27.755856,2,3,67.65,0.1,67.6,825,67.5,500,,,,,,,,,,,,,,,,,67.7,200,67.8,625,68.0,500,,,,,,,,,,,,,,
2026-06-30T01:00:27.772982+00:00,2026-06-30T11:00:27.770983,1,2,67.65,0.1,67.6,825,,,,,,,,,,,,,,,,,,,67.7,200,67.8,625,,,,,,,,,,,,,,,,
2026-06-30T01:00:27.784047+00:00,2026-06-30T11:00:27.782047,2,3,67.65,0.1,67.6,825,67.5,500,,,,,,,,,,,,,,,,,67.7,200,67.8,625,67.9,500,,,,,,,,,,,,,,
2026-06-30T01:00:27.891794+00:00,2026-06-30T11:00:27.890794,2,2,67.7,0.2,67.6,825,67.5,500,,,,,,,,,,,,,,,,,67.8,625,67.9,500,,,,,,,,,,,,,,,,
2026-06-30T01:00:27.902868+00:00,2026-06-30T11:00:27.892795,2,2,67.7,0.2,67.6,825,67.5,500,,,,,,,,,,,,,,,,,67.8,825,67.9,500,,,,,,,,,,,,,,,,
2026-06-30T01:00:28.392223+00:00,2026-06-30T11:00:28.391223,1,2,67.7,0.2,67.6,825,,,,,,,,,,,,,,,,,,,67.8,825,67.9,500,,,,,,,,,,,,,,,,
2026-06-30T01:00:28.403288+00:00,2026-06-30T11:00:28.396223,1,1,67.7,0.2,67.6,825,,,,,,,,,,,,,,,,,,,67.8,825,,,,,,,,,,,,,,,,,,
2026-06-30T01:00:28.414350+00:00,2026-06-30T11:00:28.408342,2,2,67.7,0.2,67.6,825,67.5,500,,,,,,,,,,,,,,,,,67.8,825,67.9,500,,,,,,,,,,,,,,,,
2026-06-30T01:00:28.998277+00:00,2026-06-30T11:00:28.993717,1,2,67.7,0.2,67.6,825,,,,,,,,,,,,,,,,,,,67.8,825,67.9,500,,,,,,,,,,,,,,,,
2026-06-30T01:00:29.008848+00:00,2026-06-30T11:00:29.007296,2,1,67.7,0.2,67.6,825,67.5,500,,,,,,,,,,,,,,,,,67.8,825,,,,,,,,,,,,,,,,,,
2026-06-30T01:00:29.019932+00:00,2026-06-30T11:00:29.010867,2,2,67.7,0.2,67.6,825,67.5,500,,,,,,,,,,,,,,,,,67.8,825,68.0,500,,,,,,,,,,,,,,,,
2026-06-30T01:00:29.064171+00:00,2026-06-30T11:00:29.060171,3,2,67.75,0.1,67.7,625,67.6,200,67.5,500,,,,,,,,,,,,,,,67.8,825,68.0,500,,,,,,,,,,,,,,,,
2026-06-30T01:00:29.097374+00:00,2026-06-30T11:00:29.095373,2,2,67.75,0.1,67.7,625,67.5,500,,,,,,,,,,,,,,,,,67.8,625,68.0,500,,,,,,,,,,,,,,,,
2026-06-30T01:00:29.107492+00:00,2026-06-30T11:00:29.099442,3,2,67.75,0.1,67.7,625,67.6,200,67.5,500,,,,,,,,,,,,,,,67.8,825,68.0,500,,,,,,,,,,,,,,,,
2026-06-30T01:00:29.597212+00:00,2026-06-30T11:00:29.596212,2,2,67.75,0.1,67.7,625,67.6,200,,,,,,,,,,,,,,,,,67.8,825,68.0,500,,,,,,,,,,,,,,,,
2026-06-30T01:00:29.607307+00:00,2026-06-30T11:00:29.604272,2,1,67.75,0.1,67.7,625,67.6,200,,,,,,,,,,,,,,,,,67.8,825,,,,,,,,,,,,,,,,,,
2026-06-30T01:00:29.617896+00:00,2026-06-30T11:00:29.613345,2,2,67.75,0.1,67.7,625,67.6,700,,,,,,,,,,,,,,,,,67.8,825,68.0,500,,,,,,,,,,,,,,,,
2026-06-30T01:00:30.206335+00:00,2026-06-30T11:00:30.204335,2,1,67.75,0.1,67.7,625,67.6,200,,,,,,,,,,,,,,,,,67.8,825,,,,,,,,,,,,,,,,,,
2026-06-30T01:00:30.217398+00:00,2026-06-30T11:00:30.215399,2,2,67.75,0.1,67.7,625,67.6,700,,,,,,,,,,,,,,,,,67.8,825,68.0,500,,,,,,,,,,,,,,,,
2026-06-30T01:00:30.304599+00:00,2026-06-30T11:00:30.303553,2,2,67.75,0.1,67.7,625,67.6,500,,,,,,,,,,,,,,,,,67.8,625,68.0,500,,,,,,,,,,,,,,,,
2026-06-30T01:00:30.315351+00:00,2026-06-30T11:00:30.307341,3,2,67.75,0.1,67.7,425,67.6,500,67.4,200,,,,,,,,,,,,,,,67.8,625,68.0,500,,,,,,,,,,,,,,,,
2026-06-30T01:00:30.368230+00:00,2026-06-30T11:00:30.367716,2,2,67.55,0.1,67.5,625,67.4,200,,,,,,,,,,,,,,,,,67.6,125,68.0,500,,,,,,,,,,,,,,,,
2026-06-30T01:00:30.804168+00:00,2026-06-30T11:00:30.801168,2,1,67.55,0.1,67.5,625,67.4,200,,,,,,,,,,,,,,,,,67.6,125,,,,,,,,,,,,,,,,,,
2026-06-30T01:00:30.815230+00:00,2026-06-30T11:00:30.812231,3,0,,,67.6,375,67.5,625,67.4,200,,,,,,,,,,,,,,,,,,,,,,,,,,,,,,,,,,
2026-06-30T01:00:30.826294+00:00,2026-06-30T11:00:30.815582,3,1,67.85,0.5,67.6,375,67.5,625,67.4,200,,,,,,,,,,,,,,,68.1,500,,,,,,,,,,,,,,,,,,
2026-06-30T01:00:31.409805+00:00,2026-06-30T11:00:31.403741,2,1,67.8,0.6,67.5,625,67.4,200,,,,,,,,,,,,,,,,,68.1,500,,,,,,,,,,,,,,,,,,
2026-06-30T01:00:31.420870+00:00,2026-06-30T11:00:31.416797,3,0,,,67.6,500,67.5,625,67.4,200,,,,,,,,,,,,,,,,,,,,,,,,,,,,,,,,,,
2026-06-30T01:00:31.431933+00:00,2026-06-30T11:00:31.421870,3,1,67.8,0.4,67.6,500,67.5,625,67.4,200,,,,,,,,,,,,,,,68.0,500,,,,,,,,,,,,,,,,,,
2026-06-30T01:00:31.518550+00:00,2026-06-30T11:00:31.514951,2,2,67.65,0.1,67.6,500,67.5,825,,,,,,,,,,,,,,,,,67.7,200,68.0,500,,,,,,,,,,,,,,,,
2026-06-30T01:00:31.681118+00:00,2026-06-30T11:00:31.678118,3,2,67.75,0.1,67.7,425,67.6,500,67.5,200,,,,,,,,,,,,,,,67.8,625,68.0,500,,,,,,,,,,,,,,,,
2026-06-30T01:00:32.017889+00:00,2026-06-30T11:00:32.015330,2,1,67.75,0.1,67.7,425,67.5,200,,,,,,,,,,,,,,,,,67.8,625,,,,,,,,,,,,,,,,,,
2026-06-30T01:00:32.028487+00:00,2026-06-30T11:00:32.025908,3,2,67.75,0.1,67.7,425,67.6,500,67.5,200,,,,,,,,,,,,,,,67.8,625,68.0,500,,,,,,,,,,,,,,,,
2026-06-30T01:00:32.617351+00:00,2026-06-30T11:00:32.616359,2,1,67.75,0.1,67.7,425,67.5,200,,,,,,,,,,,,,,,,,67.8,625,,,,,,,,,,,,,,,,,,
2026-06-30T01:00:32.627986+00:00,2026-06-30T11:00:32.622425,3,1,67.75,0.1,67.7,425,67.6,500,67.5,200,,,,,,,,,,,,,,,67.8,625,,,,,,,,,,,,,,,,,,
2026-06-30T01:00:32.638565+00:00,2026-06-30T11:00:32.628189,3,2,67.75,0.1,67.7,425,67.6,500,67.5,200,,,,,,,,,,,,,,,67.8,625,68.1,500,,,,,,,,,,,,,,,,
2026-06-30T01:00:32.727078+00:00,2026-06-30T11:00:32.724078,3,2,67.75,0.1,67.7,225,67.6,500,67.5,200,,,,,,,,,,,,,,,67.8,625,68.1,500,,,,,,,,,,,,,,,,
2026-06-30T01:00:32.986349+00:00,2026-06-30T11:00:32.983349,2,1,67.85,0.5,67.6,500,67.5,825,,,,,,,,,,,,,,,,,68.1,500,,,,,,,,,,,,,,,,,,
2026-06-30T01:00:32.997413+00:00,2026-06-30T11:00:32.986349,1,2,67.55,0.1,67.5,825,,,,,,,,,,,,,,,,,,,67.6,125,68.1,500,,,,,,,,,,,,,,,,
2026-06-30T01:00:33.214427+00:00,2026-06-30T11:00:33.211426,1,1,67.55,0.1,67.5,825,,,,,,,,,,,,,,,,,,,67.6,125,,,,,,,,,,,,,,,,,,
2026-06-30T01:00:33.225488+00:00,2026-06-30T11:00:33.224488,2,1,67.85,0.5,67.6,375,67.5,825,,,,,,,,,,,,,,,,,68.1,500,,,,,,,,,,,,,,,,,,
2026-06-30T01:00:33.824912+00:00,2026-06-30T11:00:33.821912,1,0,,,67.5,825,,,,,,,,,,,,,,,,,,,,,,,,,,,,,,,,,,,,,,
2026-06-30T01:00:33.835997+00:00,2026-06-30T11:00:33.831997,2,1,67.9,0.4,67.7,500,67.5,825,,,,,,,,,,,,,,,,,68.1,500,,,,,,,,,,,,,,,,,,
2026-06-30T01:00:33.933178+00:00,2026-06-30T11:00:33.928178,2,1,67.9,0.4,67.7,700,67.5,625,,,,,,,,,,,,,,,,,68.1,500,,,,,,,,,,,,,,,,,,
2026-06-30T01:00:33.944243+00:00,2026-06-30T11:00:33.936170,2,2,67.8,0.2,67.7,700,67.5,625,,,,,,,,,,,,,,,,,67.9,200,68.1,500,,,,,,,,,,,,,,,,
2026-06-30T01:00:34.293039+00:00,2026-06-30T11:00:34.292039,2,1,68.0,0.2,67.9,425,67.7,700,,,,,,,,,,,,,,,,,68.1,500,,,,,,,,,,,,,,,,,,
2026-06-30T01:00:34.304087+00:00,2026-06-30T11:00:34.298087,2,2,67.95,0.1,67.9,425,67.7,700,,,,,,,,,,,,,,,,,68.0,625,68.1,500,,,,,,,,,,,,,,,,
2026-06-30T01:00:34.445314+00:00,2026-06-30T11:00:34.438314,2,2,67.95,0.1,67.9,425,67.7,200,,,,,,,,,,,,,,,,,68.0,625,68.1,500,,,,,,,,,,,,,,,,
2026-06-30T01:00:34.456361+00:00,2026-06-30T11:00:34.450362,2,1,67.95,0.1,67.9,425,67.7,200,,,,,,,,,,,,,,,,,68.0,625,,,,,,,,,,,,,,,,,,
2026-06-30T01:00:34.467414+00:00,2026-06-30T11:00:34.464414,2,2,67.95,0.1,67.9,425,67.7,700,,,,,,,,,,,,,,,,,68.0,625,68.1,500,,,,,,,,,,,,,,,,
2026-06-30T01:00:35.044851+00:00,2026-06-30T11:00:35.041921,2,2,67.95,0.1,67.9,425,67.7,200,,,,,,,,,,,,,,,,,68.0,625,68.1,500,,,,,,,,,,,,,,,,
2026-06-30T01:00:35.066180+00:00,2026-06-30T11:00:35.062188,2,2,67.95,0.1,67.9,425,67.7,700,,,,,,,,,,,,,,,,,68.0,625,68.1,500,,,,,,,,,,,,,,,,
2026-06-30T01:00:35.138565+00:00,2026-06-30T11:00:35.132383,2,2,67.95,0.1,67.9,425,67.7,500,,,,,,,,,,,,,,,,,68.0,625,68.1,500,,,,,,,,,,,,,,,,
2026-06-30T01:00:35.148749+00:00,2026-06-30T11:00:35.141566,2,2,67.95,0.1,67.9,425,67.7,500,,,,,,,,,,,,,,,,,68.0,425,68.1,700,,,,,,,,,,,,,,,,
2026-06-30T01:00:35.605247+00:00,2026-06-30T11:00:35.600247,2,1,68.0,0.2,67.9,625,67.7,500,,,,,,,,,,,,,,,,,68.1,1325,,,,,,,,,,,,,,,,,,
2026-06-30T01:00:35.658629+00:00,2026-06-30T11:00:35.657069,1,1,68.0,0.2,67.9,625,,,,,,,,,,,,,,,,,,,68.1,825,,,,,,,,,,,,,,,,,,
2026-06-30T01:00:35.669709+00:00,2026-06-30T11:00:35.663647,2,1,68.0,0.2,67.9,625,67.7,500,,,,,,,,,,,,,,,,,68.1,825,,,,,,,,,,,,,,,,,,
2026-06-30T01:00:35.680773+00:00,2026-06-30T11:00:35.669709,2,2,68.0,0.2,67.9,625,67.7,500,,,,,,,,,,,,,,,,,68.1,825,68.2,500,,,,,,,,,,,,,,,,
2026-06-30T01:00:35.821214+00:00,2026-06-30T11:00:35.810152,2,2,68.0,0.2,67.9,625,67.7,500,,,,,,,,,,,,,,,,,68.1,805,68.2,500,,,,,,,,,,,,,,,,
2026-06-30T01:00:36.247575+00:00,2026-06-30T11:00:36.245575,1,2,68.0,0.2,67.9,625,,,,,,,,,,,,,,,,,,,68.1,805,68.2,500,,,,,,,,,,,,,,,,
2026-06-30T01:00:36.257679+00:00,2026-06-30T11:00:36.256643,2,1,68.0,0.2,67.9,625,67.7,500,,,,,,,,,,,,,,,,,68.1,805,,,,,,,,,,,,,,,,,,
2026-06-30T01:00:36.268277+00:00,2026-06-30T11:00:36.260716,2,2,68.0,0.2,67.9,625,67.7,500,,,,,,,,,,,,,,,,,68.1,805,68.2,500,,,,,,,,,,,,,,,,
2026-06-30T01:00:36.345242+00:00,2026-06-30T11:00:36.344242,3,2,68.05,0.1,68.0,200,67.9,625,67.7,500,,,,,,,,,,,,,,,68.1,625,68.2,700,,,,,,,,,,,,,,,,
2026-06-30T01:00:36.857330+00:00,2026-06-30T11:00:36.854284,2,2,68.05,0.1,68.0,200,67.9,625,,,,,,,,,,,,,,,,,68.1,625,68.2,200,,,,,,,,,,,,,,,,
2026-06-30T01:00:36.867909+00:00,2026-06-30T11:00:36.865349,3,2,68.05,0.1,68.0,200,67.9,625,67.8,500,,,,,,,,,,,,,,,68.1,625,68.2,700,,,,,,,,,,,,,,,,
2026-06-30T01:00:36.911248+00:00,2026-06-30T11:00:36.910248,2,1,68.1,0.2,68.0,825,67.8,500,,,,,,,,,,,,,,,,,68.2,1325,,,,,,,,,,,,,,,,,,
2026-06-30T01:00:37.303121+00:00,2026-06-30T11:00:37.299121,2,1,68.1,0.2,68.0,825,67.8,500,,,,,,,,,,,,,,,,,68.2,1305,,,,,,,,,,,,,,,,,,
2026-06-30T01:00:37.456084+00:00,2026-06-30T11:00:37.451084,1,1,68.1,0.2,68.0,825,,,,,,,,,,,,,,,,,,,68.2,1305,,,,,,,,,,,,,,,,,,
2026-06-30T01:00:37.467148+00:00,2026-06-30T11:00:37.466148,2,1,68.1,0.2,68.0,825,67.8,500,,,,,,,,,,,,,,,,,68.2,805,,,,,,,,,,,,,,,,,,
2026-06-30T01:00:37.477771+00:00,2026-06-30T11:00:37.467368,2,1,68.1,0.2,68.0,825,67.8,500,,,,,,,,,,,,,,,,,68.2,1305,,,,,,,,,,,,,,,,,,
2026-06-30T01:00:37.554284+00:00,2026-06-30T11:00:37.552284,3,1,68.15,0.1,68.1,200,68.0,625,67.8,500,,,,,,,,,,,,,,,68.2,1325,,,,,,,,,,,,,,,,,,
2026-06-30T01:00:38.056198+00:00,2026-06-30T11:00:38.054198,2,1,68.15,0.1,68.1,200,68.0,625,,,,,,,,,,,,,,,,,68.2,1325,,,,,,,,,,,,,,,,,,
2026-06-30T01:00:38.067274+00:00,2026-06-30T11:00:38.066274,3,1,68.15,0.1,68.1,200,68.0,625,67.7,500,,,,,,,,,,,,,,,68.2,825,,,,,,,,,,,,,,,,,,
2026-06-30T01:00:38.088507+00:00,2026-06-30T11:00:38.078043,3,1,68.15,0.1,68.1,200,68.0,625,67.7,500,,,,,,,,,,,,,,,68.2,1325,,,,,,,,,,,,,,,,,,
2026-06-30T01:00:38.218894+00:00,2026-06-30T11:00:38.215331,2,1,68.15,0.1,68.1,825,67.7,500,,,,,,,,,,,,,,,,,68.2,1325,,,,,,,,,,,,,,,,,,
2026-06-30T01:00:38.665320+00:00,2026-06-30T11:00:38.658311,1,1,68.15,0.1,68.1,825,,,,,,,,,,,,,,,,,,,68.2,1325,,,,,,,,,,,,,,,,,,
2026-06-30T01:00:38.676384+00:00,2026-06-30T11:00:38.671384,2,1,68.15,0.1,68.1,825,67.7,500,,,,,,,,,,,,,,,,,68.2,825,,,,,,,,,,,,,,,,,,
2026-06-30T01:00:38.687449+00:00,2026-06-30T11:00:38.676384,2,1,68.15,0.1,68.1,825,67.7,500,,,,,,,,,,,,,,,,,68.2,1325,,,,,,,,,,,,,,,,,,
2026-06-30T01:00:38.763982+00:00,2026-06-30T11:00:38.758974,3,1,68.15,0.1,68.1,625,68.0,200,67.7,500,,,,,,,,,,,,,,,68.2,1125,,,,,,,,,,,,,,,,,,
2026-06-30T01:00:38.775046+00:00,2026-06-30T11:00:38.763982,3,1,68.15,0.1,68.1,625,68.0,200,67.7,500,,,,,,,,,,,,,,,68.2,1325,,,,,,,,,,,,,,,,,,
2026-06-30T01:00:39.265338+00:00,2026-06-30T11:00:39.260338,2,1,68.15,0.1,68.1,625,68.0,200,,,,,,,,,,,,,,,,,68.2,1325,,,,,,,,,,,,,,,,,,
2026-06-30T01:00:39.276416+00:00,2026-06-30T11:00:39.273416,3,1,68.15,0.1,68.1,625,68.0,200,67.7,500,,,,,,,,,,,,,,,68.2,825,,,,,,,,,,,,,,,,,,
2026-06-30T01:00:39.287489+00:00,2026-06-30T11:00:39.279489,3,1,68.15,0.1,68.1,625,68.0,200,67.7,500,,,,,,,,,,,,,,,68.2,1325,,,,,,,,,,,,,,,,,,
2026-06-30T01:00:39.527622+00:00,2026-06-30T11:00:39.523574,2,1,68.1,0.2,68.0,200,67.7,500,,,,,,,,,,,,,,,,,68.2,700,,,,,,,,,,,,,,,,,,
2026-06-30T01:00:39.538199+00:00,2026-06-30T11:00:39.528641,2,2,68.1,0.2,68.0,200,67.7,500,,,,,,,,,,,,,,,,,68.2,75,68.5,625,,,,,,,,,,,,,,,,
2026-06-30T01:00:39.867373+00:00,2026-06-30T11:00:39.861373,1,2,68.1,0.2,68.0,200,,,,,,,,,,,,,,,,,,,68.2,75,68.5,625,,,,,,,,,,,,,,,,
2026-06-30T01:00:39.878000+00:00,2026-06-30T11:00:39.874440,2,1,68.25,0.5,68.0,200,67.7,500,,,,,,,,,,,,,,,,,68.5,625,,,,,,,,,,,,,,,,,,
2026-06-30T01:00:39.888580+00:00,2026-06-30T11:00:39.880010,2,2,68.1,0.2,68.0,200,67.7,500,,,,,,,,,,,,,,,,,68.2,500,68.5,625,,,,,,,,,,,,,,,,
2026-06-30T01:00:39.966049+00:00,2026-06-30T11:00:39.964049,1,2,67.95,0.5,67.7,500,,,,,,,,,,,,,,,,,,,68.2,300,68.5,625,,,,,,,,,,,,,,,,
2026-06-30T01:00:39.977117+00:00,2026-06-30T11:00:39.967040,1,2,67.95,0.5,67.7,500,,,,,,,,,,,,,,,,,,,68.2,300,68.5,825,,,,,,,,,,,,,,,,
2026-06-30T01:00:40.139776+00:00,2026-06-30T11:00:40.138776,1,2,67.95,0.5,67.7,500,,,,,,,,,,,,,,,,,,,68.2,280,68.5,825,,,,,,,,,,,,,,,,
2026-06-30T01:00:40.498338+00:00,2026-06-30T11:00:40.490779,0,2,,,,,,,,,,,,,,,,,,,,,,,68.2,280,68.5,825,,,,,,,,,,,,,,,,
2026-06-30T01:00:40.508917+00:00,2026-06-30T11:00:40.499357,0,1,,,,,,,,,,,,,,,,,,,,,,,68.5,825,,,,,,,,,,,,,,,,,,
2026-06-30T01:00:40.519998+00:00,2026-06-30T11:00:40.509935,1,2,67.95,0.5,67.7,500,,,,,,,,,,,,,,,,,,,68.2,500,68.5,825,,,,,,,,,,,,,,,,
2026-06-30T01:00:40.836475+00:00,2026-06-30T11:00:40.832475,2,3,67.95,0.1,67.9,625,67.7,500,,,,,,,,,,,,,,,,,68.0,625,68.2,500,68.5,200,,,,,,,,,,,,,,
2026-06-30T01:00:41.097275+00:00,2026-06-30T11:00:41.093275,1,3,67.95,0.1,67.9,625,,,,,,,,,,,,,,,,,,,68.0,625,68.2,500,68.5,200,,,,,,,,,,,,,,
2026-06-30T01:00:41.107902+00:00,2026-06-30T11:00:41.106342,2,2,67.95,0.1,67.9,625,67.7,500,,,,,,,,,,,,,,,,,68.0,625,68.5,200,,,,,,,,,,,,,,,,
2026-06-30T01:00:41.118493+00:00,2026-06-30T11:00:41.114921,2,3,67.95,0.1,67.9,625,67.7,500,,,,,,,,,,,,,,,,,68.0,625,68.2,500,68.5,200,,,,,,,,,,,,,,
2026-06-30T01:00:41.173330+00:00,2026-06-30T11:00:41.171331,2,2,67.95,0.1,67.9,625,67.7,500,,,,,,,,,,,,,,,,,68.0,425,68.2,500,,,,,,,,,,,,,,,,
2026-06-30T01:00:41.184402+00:00,2026-06-30T11:00:41.173474,2,3,67.95,0.1,67.9,625,67.7,500,,,,,,,,,,,,,,,,,68.0,425,68.2,500,68.4,200,,,,,,,,,,,,,,
2026-06-30T01:00:41.704402+00:00,2026-06-30T11:00:41.701403,1,2,67.95,0.1,67.9,625,,,,,,,,,,,,,,,,,,,68.0,425,68.4,200,,,,,,,,,,,,,,,,
2026-06-30T01:00:41.715466+00:00,2026-06-30T11:00:41.710466,2,3,67.95,0.1,67.9,625,67.7,500,,,,,,,,,,,,,,,,,68.0,425,68.2,500,68.4,200,,,,,,,,,,,,,,
2026-06-30T01:00:42.138798+00:00,2026-06-30T11:00:42.138284,1,3,67.85,0.3,67.7,500,,,,,,,,,,,,,,,,,,,68.0,425,68.2,500,68.4,200,,,,,,,,,,,,,,
2026-06-30T01:00:42.149879+00:00,2026-06-30T11:00:42.142816,2,3,68.15,0.1,68.1,625,67.7,500,,,,,,,,,,,,,,,,,68.2,500,68.3,625,68.4,200,,,,,,,,,,,,,,
2026-06-30T01:00:42.302874+00:00,2026-06-30T11:00:42.298873,1,3,68.15,0.1,68.1,625,,,,,,,,,,,,,,,,,,,68.2,500,68.3,625,68.4,200,,,,,,,,,,,,,,
2026-06-30T01:00:42.313926+00:00,2026-06-30T11:00:42.308926,2,2,68.2,0.2,68.1,625,67.8,500,,,,,,,,,,,,,,,,,68.3,625,68.4,200,,,,,,,,,,,,,,,,
2026-06-30T01:00:42.324974+00:00,2026-06-30T11:00:42.314126,2,3,68.15,0.1,68.1,625,67.8,500,,,,,,,,,,,,,,,,,68.2,500,68.3,625,68.4,200,,,,,,,,,,,,,,
2026-06-30T01:00:42.378786+00:00,2026-06-30T11:00:42.375240,2,2,68.15,0.1,68.1,625,67.8,500,,,,,,,,,,,,,,,,,68.2,500,68.3,625,,,,,,,,,,,,,,,,
2026-06-30T01:00:42.389846+00:00,2026-06-30T11:00:42.379796,2,2,68.15,0.1,68.1,625,67.8,500,,,,,,,,,,,,,,,,,68.2,300,68.3,825,,,,,,,,,,,,,,,,
2026-06-30T01:00:42.909893+00:00,2026-06-30T11:00:42.906842,1,1,68.2,0.2,68.1,625,,,,,,,,,,,,,,,,,,,68.3,825,,,,,,,,,,,,,,,,,,
2026-06-30T01:00:42.921067+00:00,2026-06-30T11:00:42.915893,2,2,68.15,0.1,68.1,625,67.7,500,,,,,,,,,,,,,,,,,68.2,500,68.3,825,,,,,,,,,,,,,,,,
2026-06-30T01:00:43.452130+00:00,2026-06-30T11:00:43.450131,2,2,68.1,0.2,68.0,625,67.7,500,,,,,,,,,,,,,,,,,68.2,500,68.3,200,,,,,,,,,,,,,,,,
2026-06-30T01:00:43.463193+00:00,2026-06-30T11:00:43.460193,2,2,68.1,0.2,68.0,625,67.7,500,,,,,,,,,,,,,,,,,68.2,1125,68.3,200,,,,,,,,,,,,,,,,
2026-06-30T01:00:43.507465+00:00,2026-06-30T11:00:43.505466,1,2,68.1,0.2,68.0,625,,,,,,,,,,,,,,,,,,,68.2,1125,68.3,200,,,,,,,,,,,,,,,,
2026-06-30T01:00:43.518095+00:00,2026-06-30T11:00:43.510534,1,2,68.1,0.2,68.0,625,,,,,,,,,,,,,,,,,,,68.2,625,68.3,200,,,,,,,,,,,,,,,,
2026-06-30T01:00:43.528691+00:00,2026-06-30T11:00:43.520114,2,3,68.05,0.1,68.0,625,67.7,500,,,,,,,,,,,,,,,,,68.1,500,68.2,625,68.3,200,,,,,,,,,,,,,,
2026-06-30T01:00:43.584033+00:00,2026-06-30T11:00:43.582033,2,2,68.05,0.1,68.0,625,67.7,500,,,,,,,,,,,,,,,,,68.1,500,68.2,625,,,,,,,,,,,,,,,,
2026-06-30T01:00:43.595097+00:00,2026-06-30T11:00:43.588088,2,2,68.05,0.1,68.0,625,67.7,500,,,,,,,,,,,,,,,,,68.1,300,68.2,825,,,,,,,,,,,,,,,,
2026-06-30T01:00:44.117615+00:00,2026-06-30T11:00:44.113568,1,1,68.1,0.2,68.0,625,,,,,,,,,,,,,,,,,,,68.2,825,,,,,,,,,,,,,,,,,,
2026-06-30T01:00:44.128194+00:00,2026-06-30T11:00:44.123634,2,1,68.1,0.2,68.0,625,67.7,500,,,,,,,,,,,,,,,,,68.2,1325,,,,,,,,,,,,,,,,,,
2026-06-30T01:00:44.716553+00:00,2026-06-30T11:00:44.710554,1,1,68.1,0.2,68.0,625,,,,,,,,,,,,,,,,,,,68.2,1325,,,,,,,,,,,,,,,,,,
2026-06-30T01:00:44.727618+00:00,2026-06-30T11:00:44.726617,1,1,68.1,0.2,68.0,625,,,,,,,,,,,,,,,,,,,68.2,825,,,,,,,,,,,,,,,,,,
2026-06-30T01:00:44.737721+00:00,2026-06-30T11:00:44.731681,2,1,68.1,0.2,68.0,625,67.7,500,,,,,,,,,,,,,,,,,68.2,825,,,,,,,,,,,,,,,,,,
2026-06-30T01:00:44.748302+00:00,2026-06-30T11:00:44.737935,2,2,68.05,0.1,68.0,625,67.7,500,,,,,,,,,,,,,,,,,68.1,500,68.2,825,,,,,,,,,,,,,,,,
2026-06-30T01:00:44.758883+00:00,2026-06-30T11:00:44.756321,1,2,67.9,0.4,67.7,500,,,,,,,,,,,,,,,,,,,68.1,500,68.2,200,,,,,,,,,,,,,,,,
2026-06-30T01:00:44.769987+00:00,2026-06-30T11:00:44.759901,2,1,68.15,0.1,68.1,125,67.7,500,,,,,,,,,,,,,,,,,68.2,825,,,,,,,,,,,,,,,,,,
2026-06-30T01:00:44.792113+00:00,2026-06-30T11:00:44.791112,2,1,68.15,0.1,68.1,325,67.7,500,,,,,,,,,,,,,,,,,68.2,625,,,,,,,,,,,,,,,,,,
2026-06-30T01:00:44.803186+00:00,2026-06-30T11:00:44.792113,2,2,68.15,0.1,68.1,325,67.7,500,,,,,,,,,,,,,,,,,68.2,625,68.3,200,,,,,,,,,,,,,,,,
2026-06-30T01:00:45.314791+00:00,2026-06-30T11:00:45.313791,1,2,68.15,0.1,68.1,325,,,,,,,,,,,,,,,,,,,68.2,625,68.3,200,,,,,,,,,,,,,,,,
2026-06-30T01:00:45.325862+00:00,2026-06-30T11:00:45.319862,2,2,68.15,0.1,68.1,325,67.7,500,,,,,,,,,,,,,,,,,68.2,625,68.3,200,,,,,,,,,,,,,,,,
2026-06-30T01:00:45.336926+00:00,2026-06-30T11:00:45.327915,1,3,67.9,0.4,67.7,500,,,,,,,,,,,,,,,,,,,68.1,175,68.2,625,68.3,200,,,,,,,,,,,,,,
2026-06-30T01:00:45.879722+00:00,2026-06-30T11:00:45.878722,1,3,67.9,0.4,67.7,500,,,,,,,,,,,,,,,,,,,68.1,155,68.2,625,68.3,200,,,,,,,,,,,,,,
2026-06-30T01:00:45.923937+00:00,2026-06-30T11:00:45.920937,0,2,,,,,,,,,,,,,,,,,,,,,,,68.2,625,68.3,200,,,,,,,,,,,,,,,,
2026-06-30T01:00:45.934990+00:00,2026-06-30T11:00:45.931990,1,3,67.9,0.4,67.7,500,,,,,,,,,,,,,,,,,,,68.1,500,68.2,625,68.3,200,,,,,,,,,,,,,,
2026-06-30T01:00:45.998375+00:00,2026-06-30T11:00:45.996828,2,2,68.0,0.2,67.9,200,67.7,500,,,,,,,,,,,,,,,,,68.1,500,68.2,625,,,,,,,,,,,,,,,,
2026-06-30T01:00:46.008956+00:00,2026-06-30T11:00:45.999385,2,2,68.0,0.2,67.9,200,67.7,500,,,,,,,,,,,,,,,,,68.1,700,68.2,625,,,,,,,,,,,,,,,,
2026-06-30T01:00:46.064214+00:00,2026-06-30T11:00:46.064214,2,1,68.0,0.2,67.9,200,67.7,500,,,,,,,,,,,,,,,,,68.1,700,,,,,,,,,,,,,,,,,,
2026-06-30T01:00:46.075280+00:00,2026-06-30T11:00:46.068279,1,2,67.8,0.2,67.7,1125,,,,,,,,,,,,,,,,,,,67.9,425,68.1,700,,,,,,,,,,,,,,,,
2026-06-30T01:00:46.541869+00:00,2026-06-30T11:00:46.536807,1,2,67.8,0.2,67.7,625,,,,,,,,,,,,,,,,,,,67.9,425,68.1,700,,,,,,,,,,,,,,,,
2026-06-30T01:00:46.552933+00:00,2026-06-30T11:00:46.547923,1,2,67.8,0.2,67.7,1125,,,,,,,,,,,,,,,,,,,67.9,425,68.1,200,,,,,,,,,,,,,,,,
2026-06-30T01:00:46.564024+00:00,2026-06-30T11:00:46.553934,1,2,67.8,0.2,67.7,1125,,,,,,,,,,,,,,,,,,,67.9,425,68.1,700,,,,,,,,,,,,,,,,
2026-06-30T01:00:47.149920+00:00,2026-06-30T11:00:47.146848,1,2,67.8,0.2,67.7,625,,,,,,,,,,,,,,,,,,,67.9,425,68.1,200,,,,,,,,,,,,,,,,
2026-06-30T01:00:47.160984+00:00,2026-06-30T11:00:47.158983,2,3,67.85,0.1,67.8,500,67.7,625,,,,,,,,,,,,,,,,,67.9,425,68.1,200,68.2,500,,,,,,,,,,,,,,
2026-06-30T01:00:47.205237+00:00,2026-06-30T11:00:47.203228,2,2,67.85,0.1,67.8,700,67.7,625,,,,,,,,,,,,,,,,,67.9,625,68.2,500,,,,,,,,,,,,,,,,
2026-06-30T01:00:47.378944+00:00,2026-06-30T11:00:47.377384,1,2,67.85,0.1,67.8,1325,,,,,,,,,,,,,,,,,,,67.9,825,68.2,500,,,,,,,,,,,,,,,,
2026-06-30T01:00:47.748436+00:00,2026-06-30T11:00:47.742847,1,2,67.85,0.1,67.8,825,,,,,,,,,,,,,,,,,,,67.9,825,68.2,500,,,,,,,,,,,,,,,,
2026-06-30T01:00:47.759016+00:00,2026-06-30T11:00:47.750456,1,1,67.85,0.1,67.8,825,,,,,,,,,,,,,,,,,,,67.9,825,,,,,,,,,,,,,,,,,,
2026-06-30T01:00:47.770100+00:00,2026-06-30T11:00:47.765035,2,2,67.85,0.1,67.8,825,67.7,500,,,,,,,,,,,,,,,,,67.9,825,68.2,500,,,,,,,,,,,,,,,,
2026-06-30T01:00:47.998113+00:00,2026-06-30T11:00:47.990554,2,2,67.85,0.1,67.8,805,67.7,500,,,,,,,,,,,,,,,,,67.9,825,68.2,500,,,,,,,,,,,,,,,,
2026-06-30T01:00:48.356466+00:00,2026-06-30T11:00:48.352466,2,1,67.85,0.1,67.8,805,67.7,500,,,,,,,,,,,,,,,,,67.9,825,,,,,,,,,,,,,,,,,,
2026-06-30T01:00:48.367531+00:00,2026-06-30T11:00:48.358531,2,2,67.85,0.1,67.8,805,67.7,500,,,,,,,,,,,,,,,,,67.9,825,68.2,500,,,,,,,,,,,,,,,,
2026-06-30T01:00:48.410885+00:00,2026-06-30T11:00:48.408885,2,2,67.85,0.1,67.8,825,67.7,500,,,,,,,,,,,,,,,,,67.9,825,68.2,500,,,,,,,,,,,,,,,,
2026-06-30T01:00:48.682206+00:00,2026-06-30T11:00:48.681206,3,2,67.95,0.1,67.9,425,67.8,200,67.7,500,,,,,,,,,,,,,,,68.0,625,68.2,500,,,,,,,,,,,,,,,,
2026-06-30T01:00:48.956020+00:00,2026-06-30T11:00:48.954012,2,1,67.95,0.1,67.9,425,67.8,200,,,,,,,,,,,,,,,,,68.0,625,,,,,,,,,,,,,,,,,,
2026-06-30T01:00:48.967084+00:00,2026-06-30T11:00:48.965083,2,2,67.95,0.1,67.9,425,67.8,700,,,,,,,,,,,,,,,,,68.0,625,68.2,500,,,,,,,,,,,,,,,,
2026-06-30T01:00:49.555007+00:00,2026-06-30T11:00:49.552007,2,2,67.95,0.1,67.9,425,67.8,200,,,,,,,,,,,,,,,,,68.0,625,68.2,500,,,,,,,,,,,,,,,,
2026-06-30T01:00:49.566069+00:00,2026-06-30T11:00:49.559061,2,1,67.95,0.1,67.9,425,67.8,200,,,,,,,,,,,,,,,,,68.0,625,,,,,,,,,,,,,,,,,,
2026-06-30T01:00:49.577144+00:00,2026-06-30T11:00:49.570144,2,2,67.95,0.1,67.9,425,67.8,700,,,,,,,,,,,,,,,,,68.0,625,68.2,500,,,,,,,,,,,,,,,,
2026-06-30T01:00:49.620008+00:00,2026-06-30T11:00:49.617998,2,3,67.95,0.1,67.9,625,67.8,500,,,,,,,,,,,,,,,,,68.0,625,68.1,200,68.2,500,,,,,,,,,,,,,,
2026-06-30T01:00:49.991781+00:00,2026-06-30T11:00:49.990781,2,3,67.95,0.1,67.9,200,67.8,1125,,,,,,,,,,,,,,,,,68.0,625,68.1,200,68.2,500,,,,,,,,,,,,,,
2026-06-30T01:00:50.165500+00:00,2026-06-30T11:00:50.164500,2,2,67.95,0.1,67.9,200,67.8,1125,,,,,,,,,,,,,,,,,68.0,625,68.1,200,,,,,,,,,,,,,,,,
2026-06-30T01:00:50.176564+00:00,2026-06-30T11:00:50.170564,2,3,67.95,0.1,67.9,200,67.8,1125,,,,,,,,,,,,,,,,,68.0,625,68.1,200,68.2,500,,,,,,,,,,,,,,
2026-06-30T01:00:50.764256+00:00,2026-06-30T11:00:50.758256,2,3,67.95,0.1,67.9,200,67.8,625,,,,,,,,,,,,,,,,,68.0,625,68.1,200,68.2,500,,,,,,,,,,,,,,
2026-06-30T01:00:50.775318+00:00,2026-06-30T11:00:50.774319,2,3,67.95,0.1,67.9,200,67.8,1125,,,,,,,,,,,,,,,,,68.0,625,68.1,200,68.2,500,,,,,,,,,,,,,,
2026-06-30T01:00:50.818645+00:00,2026-06-30T11:00:50.817093,2,2,67.95,0.1,67.9,200,67.8,1125,,,,,,,,,,,,,,,,,68.0,625,68.2,500,,,,,,,,,,,,,,,,
2026-06-30T01:00:50.829725+00:00,2026-06-30T11:00:50.818851,2,2,67.95,0.1,67.9,200,67.8,1125,,,,,,,,,,,,,,,,,68.0,825,68.2,500,,,,,,,,,,,,,,,,
2026-06-30T01:00:51.297435+00:00,2026-06-30T11:00:51.295377,2,2,67.95,0.1,67.9,200,67.8,500,,,,,,,,,,,,,,,,,68.0,200,68.2,500,,,,,,,,,,,,,,,,
2026-06-30T01:00:51.318591+00:00,2026-06-30T11:00:51.309032,2,3,67.95,0.1,67.9,825,67.8,500,,,,,,,,,,,,,,,,,68.0,200,68.1,625,68.2,500,,,,,,,,,,,,,,
2026-06-30T01:00:51.373918+00:00,2026-06-30T11:00:51.368918,1,2,67.95,0.1,67.9,825,,,,,,,,,,,,,,,,,,,68.0,200,68.1,625,,,,,,,,,,,,,,,,
2026-06-30T01:00:51.384981+00:00,2026-06-30T11:00:51.381981,2,3,67.95,0.1,67.9,825,67.8,500,,,,,,,,,,,,,,,,,68.0,200,68.1,625,68.2,500,,,,,,,,,,,,,,
2026-06-30T01:00:51.968109+00:00,2026-06-30T11:00:51.962549,1,3,67.95,0.1,67.9,825,,,,,,,,,,,,,,,,,,,68.0,200,68.1,625,68.2,500,,,,,,,,,,,,,,
2026-06-30T01:00:51.978736+00:00,2026-06-30T11:00:51.974128,2,2,67.95,0.1,67.9,825,67.8,500,,,,,,,,,,,,,,,,,68.0,200,68.1,625,,,,,,,,,,,,,,,,
2026-06-30T01:00:51.989817+00:00,2026-06-30T11:00:51.979754,2,3,67.95,0.1,67.9,825,67.8,500,,,,,,,,,,,,,,,,,68.0,200,68.1,625,68.3,500,,,,,,,,,,,,,,
2026-06-30T01:00:52.034071+00:00,2026-06-30T11:00:52.029071,2,2,68.0,0.2,67.9,825,67.8,500,,,,,,,,,,,,,,,,,68.1,825,68.3,500,,,,,,,,,,,,,,,,
2026-06-30T01:00:52.240032+00:00,2026-06-30T11:00:52.235970,2,2,68.0,0.2,67.9,805,67.8,500,,,,,,,,,,,,,,,,,68.1,825,68.3,500,,,,,,,,,,,,,,,,
2026-06-30T01:00:52.599694+00:00,2026-06-30T11:00:52.598694,1,1,68.0,0.2,67.9,805,,,,,,,,,,,,,,,,,,,68.1,825,,,,,,,,,,,,,,,,,,
2026-06-30T01:00:52.610745+00:00,2026-06-30T11:00:52.609745,2,2,68.0,0.2,67.9,805,67.8,500,,,,,,,,,,,,,,,,,68.1,825,68.3,500,,,,,,,,,,,,,,,,
2026-06-30T01:00:52.621797+00:00,2026-06-30T11:00:52.620797,2,3,67.95,0.1,67.9,200,67.8,1125,,,,,,,,,,,,,,,,,68.0,625,68.1,200,68.3,500,,,,,,,,,,,,,,
2026-06-30T01:00:53.207236+00:00,2026-06-30T11:00:53.204236,2,2,67.95,0.1,67.9,200,67.8,625,,,,,,,,,,,,,,,,,68.0,625,68.1,200,,,,,,,,,,,,,,,,
2026-06-30T01:00:53.217881+00:00,2026-06-30T11:00:53.216292,2,3,67.95,0.1,67.9,700,67.8,625,,,,,,,,,,,,,,,,,68.0,625,68.1,200,68.3,500,,,,,,,,,,,,,,
2026-06-30T01:00:53.239039+00:00,2026-06-30T11:00:53.235479,3,2,67.95,0.1,67.9,300,67.8,625,67.6,200,,,,,,,,,,,,,,,68.0,625,68.3,500,,,,,,,,,,,,,,,,
2026-06-30T01:00:53.804265+00:00,2026-06-30T11:00:53.798264,2,2,67.9,0.2,67.8,625,67.6,200,,,,,,,,,,,,,,,,,68.0,625,68.3,500,,,,,,,,,,,,,,,,
2026-06-30T01:00:53.815329+00:00,2026-06-30T11:00:53.810328,2,1,67.9,0.2,67.8,1125,67.6,200,,,,,,,,,,,,,,,,,68.0,625,,,,,,,,,,,,,,,,,,
2026-06-30T01:00:53.826401+00:00,2026-06-30T11:00:53.816329,2,2,67.9,0.2,67.8,1125,67.6,200,,,,,,,,,,,,,,,,,68.0,625,68.2,500,,,,,,,,,,,,,,,,
2026-06-30T01:00:53.923091+00:00,2026-06-30T11:00:53.922091,2,2,67.9,0.2,67.8,500,67.6,200,,,,,,,,,,,,,,,,,68.0,625,68.2,500,,,,,,,,,,,,,,,,
2026-06-30T01:00:53.934158+00:00,2026-06-30T11:00:53.931149,2,2,67.75,0.1,67.7,625,67.6,200,,,,,,,,,,,,,,,,,67.8,125,68.2,500,,,,,,,,,,,,,,,,
2026-06-30T01:00:53.945220+00:00,2026-06-30T11:00:53.936158,2,1,67.95,0.5,67.7,625,67.6,200,,,,,,,,,,,,,,,,,68.2,500,,,,,,,,,,,,,,,,,,
2026-06-30T01:00:54.401885+00:00,2026-06-30T11:00:54.400885,2,0,,,67.7,625,67.6,200,,,,,,,,,,,,,,,,,,,,,,,,,,,,,,,,,,,,
2026-06-30T01:00:54.412934+00:00,2026-06-30T11:00:54.408934,3,0,,,67.8,500,67.7,625,67.6,200,,,,,,,,,,,,,,,,,,,,,,,,,,,,,,,,,,
2026-06-30T01:00:54.423985+00:00,2026-06-30T11:00:54.414934,3,1,68.0,0.4,67.8,500,67.7,625,67.6,200,,,,,,,,,,,,,,,68.2,500,,,,,,,,,,,,,,,,,,
2026-06-30T01:00:54.446095+00:00,2026-06-30T11:00:54.444095,3,1,68.0,0.4,67.8,300,67.7,625,67.6,200,,,,,,,,,,,,,,,68.2,500,,,,,,,,,,,,,,,,,,
2026-06-30T01:00:55.009024+00:00,2026-06-30T11:00:55.003465,2,1,67.95,0.5,67.7,625,67.6,200,,,,,,,,,,,,,,,,,68.2,500,,,,,,,,,,,,,,,,,,
2026-06-30T01:00:55.020112+00:00,2026-06-30T11:00:55.015034,3,0,,,67.8,500,67.7,625,67.6,200,,,,,,,,,,,,,,,,,,,,,,,,,,,,,,,,,,
2026-06-30T01:00:55.031175+00:00,2026-06-30T11:00:55.021112,3,1,68.0,0.4,67.8,500,67.7,625,67.6,200,,,,,,,,,,,,,,,68.2,500,,,,,,,,,,,,,,,,,,
2026-06-30T01:00:55.237555+00:00,2026-06-30T11:00:55.234509,2,1,68.0,0.4,67.8,500,67.6,200,,,,,,,,,,,,,,,,,68.2,500,,,,,,,,,,,,,,,,,,
2026-06-30T01:00:55.248134+00:00,2026-06-30T11:00:55.240574,3,1,68.25,0.1,68.2,125,67.8,500,67.6,200,,,,,,,,,,,,,,,68.3,625,,,,,,,,,,,,,,,,,,
2026-06-30T01:00:55.607194+00:00,2026-06-30T11:00:55.606194,2,1,68.25,0.1,68.2,125,67.6,200,,,,,,,,,,,,,,,,,68.3,625,,,,,,,,,,,,,,,,,,
2026-06-30T01:00:55.617823+00:00,2026-06-30T11:00:55.614261,3,1,68.25,0.1,68.2,125,67.8,500,67.6,200,,,,,,,,,,,,,,,68.3,625,,,,,,,,,,,,,,,,,,
2026-06-30T01:00:55.628427+00:00,2026-06-30T11:00:55.618030,2,2,68.0,0.4,67.8,500,67.6,200,,,,,,,,,,,,,,,,,68.2,375,68.3,625,,,,,,,,,,,,,,,,
2026-06-30T01:00:55.650088+00:00,2026-06-30T11:00:55.649088,1,3,67.9,0.2,67.8,700,,,,,,,,,,,,,,,,,,,68.0,200,68.2,375,68.3,625,,,,,,,,,,,,,,
2026-06-30T01:00:55.672215+00:00,2026-06-30T11:00:55.661315,1,3,67.9,0.2,67.8,700,,,,,,,,,,,,,,,,,,,68.0,188,68.2,375,68.3,625,,,,,,,,,,,,,,
2026-06-30T01:00:55.694341+00:00,2026-06-30T11:00:55.689341,1,3,67.9,0.2,67.8,700,,,,,,,,,,,,,,,,,,,68.0,176,68.2,375,68.3,625,,,,,,,,,,,,,,
2026-06-30T01:00:55.716495+00:00,2026-06-30T11:00:55.715486,1,3,67.9,0.2,67.8,700,,,,,,,,,,,,,,,,,,,68.0,164,68.2,375,68.3,625,,,,,,,,,,,,,,
2026-06-30T01:00:55.748260+00:00,2026-06-30T11:00:55.742701,1,3,67.9,0.2,67.8,700,,,,,,,,,,,,,,,,,,,68.0,152,68.2,375,68.3,625,,,,,,,,,,,,,,
2026-06-30T01:00:55.780984+00:00,2026-06-30T11:00:55.769922,1,3,67.9,0.2,67.8,700,,,,,,,,,,,,,,,,,,,68.0,150,68.2,375,68.3,625,,,,,,,,,,,,,,
2026-06-30T01:00:56.215302+00:00,2026-06-30T11:00:56.213303,1,2,67.9,0.2,67.8,200,,,,,,,,,,,,,,,,,,,68.0,150,68.3,625,,,,,,,,,,,,,,,,
2026-06-30T01:00:56.226350+00:00,2026-06-30T11:00:56.223350,1,2,67.9,0.2,67.8,700,,,,,,,,,,,,,,,,,,,68.0,150,68.3,1125,,,,,,,,,,,,,,,,
2026-06-30T01:00:56.544157+00:00,2026-06-30T11:00:56.543157,2,2,67.9,0.2,67.8,700,67.7,625,,,,,,,,,,,,,,,,,68.0,150,68.3,500,,,,,,,,,,,,,,,,
2026-06-30T01:00:56.555200+00:00,2026-06-30T11:00:56.555200,2,3,67.85,0.1,67.8,700,67.7,625,,,,,,,,,,,,,,,,,67.9,600,68.0,150,68.3,500,,,,,,,,,,,,,,
2026-06-30T01:00:56.815469+00:00,2026-06-30T11:00:56.811461,2,3,67.85,0.1,67.8,200,67.7,625,,,,,,,,,,,,,,,,,67.9,600,68.0,150,68.3,500,,,,,,,,,,,,,,
2026-06-30T01:00:56.826533+00:00,2026-06-30T11:00:56.825533,2,3,67.85,0.1,67.8,700,67.7,625,,,,,,,,,,,,,,,,,67.9,600,68.0,150,68.3,500,,,,,,,,,,,,,,
2026-06-30T01:00:56.858895+00:00,2026-06-30T11:00:56.857273,2,2,67.85,0.1,67.8,300,67.7,825,,,,,,,,,,,,,,,,,67.9,600,68.3,500,,,,,,,,,,,,,,,,
2026-06-30T01:00:57.415086+00:00,2026-06-30T11:00:57.413085,1,2,67.8,0.2,67.7,825,,,,,,,,,,,,,,,,,,,67.9,600,68.3,500,,,,,,,,,,,,,,,,
2026-06-30T01:00:57.426149+00:00,2026-06-30T11:00:57.424149,1,1,67.8,0.2,67.7,825,,,,,,,,,,,,,,,,,,,67.9,100,,,,,,,,,,,,,,,,,,
2026-06-30T01:00:57.437213+00:00,2026-06-30T11:00:57.429213,1,2,67.8,0.2,67.7,825,,,,,,,,,,,,,,,,,,,67.9,100,68.3,500,,,,,,,,,,,,,,,,
2026-06-30T01:00:57.859697+00:00,2026-06-30T11:00:57.858696,2,2,68.0,0.2,67.9,625,67.7,200,,,,,,,,,,,,,,,,,68.1,625,68.3,500,,,,,,,,,,,,,,,,
2026-06-30T01:00:58.022253+00:00,2026-06-30T11:00:58.015169,2,1,68.0,0.2,67.9,625,67.7,200,,,,,,,,,,,,,,,,,68.1,625,,,,,,,,,,,,,,,,,,
2026-06-30T01:00:58.033319+00:00,2026-06-30T11:00:58.027309,2,2,68.0,0.2,67.9,1125,67.7,200,,,,,,,,,,,,,,,,,68.1,625,68.3,500,,,,,,,,,,,,,,,,
2026-06-30T01:00:58.066550+00:00,2026-06-30T11:00:58.063550,1,2,68.0,0.2,67.9,1325,,,,,,,,,,,,,,,,,,,68.1,825,68.3,500,,,,,,,,,,,,,,,,
2026-06-30T01:00:58.651124+00:00,2026-06-30T11:00:58.649124,1,1,68.0,0.2,67.9,825,,,,,,,,,,,,,,,,,,,68.1,825,,,,,,,,,,,,,,,,,,
2026-06-30T01:00:58.662178+00:00,2026-06-30T11:00:58.660178,1,2,68.0,0.2,67.9,1325,,,,,,,,,,,,,,,,,,,68.1,825,68.3,500,,,,,,,,,,,,,,,,
2026-06-30T01:00:59.170124+00:00,2026-06-30T11:00:59.166061,1,2,68.0,0.2,67.9,1325,,,,,,,,,,,,,,,,,,,68.1,825,68.3,500,,,,,,,,,,,,,,,,
2026-06-30T01:00:59.247554+00:00,2026-06-30T11:00:59.246554,1,2,68.0,0.2,67.9,825,,,,,,,,,,,,,,,,,,,68.1,825,68.3,500,,,,,,,,,,,,,,,,
2026-06-30T01:00:59.257659+00:00,2026-06-30T11:00:59.252640,1,1,68.0,0.2,67.9,825,,,,,,,,,,,,,,,,,,,68.1,825,,,,,,,,,,,,,,,,,,
2026-06-30T01:00:59.268255+00:00,2026-06-30T11:00:59.265697,1,2,68.0,0.2,67.9,1325,,,,,,,,,,,,,,,,,,,68.1,825,68.3,500,,,,,,,,,,,,,,,,
2026-06-30T01:00:59.278845+00:00,2026-06-30T11:00:59.278265,1,2,68.0,0.2,67.9,1125,,,,,,,,,,,,,,,,,,,68.1,625,68.3,500,,,,,,,,,,,,,,,,
2026-06-30T01:00:59.289943+00:00,2026-06-30T11:00:59.286864,1,3,67.95,0.1,67.9,1325,,,,,,,,,,,,,,,,,,,68.0,200,68.1,625,68.3,500,,,,,,,,,,,,,,
2026-06-30T01:00:59.854177+00:00,2026-06-30T11:00:59.848177,1,3,67.95,0.1,67.9,825,,,,,,,,,,,,,,,,,,,68.0,200,68.1,625,68.3,500,,,,,,,,,,,,,,
2026-06-30T01:00:59.865240+00:00,2026-06-30T11:00:59.860240,1,2,67.95,0.1,67.9,1325,,,,,,,,,,,,,,,,,,,68.0,200,68.1,625,,,,,,,,,,,,,,,,
2026-06-30T01:00:59.876303+00:00,2026-06-30T11:00:59.865240,1,3,67.95,0.1,67.9,1325,,,,,,,,,,,,,,,,,,,68.0,200,68.1,625,68.3,500,,,,,,,,,,,,,,
2026-06-30T01:01:00.006670+00:00,2026-06-30T11:01:00.004671,1,3,67.95,0.1,67.9,1325,,,,,,,,,,,,,,,,,,,68.0,180,68.1,625,68.3,500,,,,,,,,,,,,,,
2026-06-30T01:01:00.459912+00:00,2026-06-30T11:01:00.457901,1,2,67.95,0.1,67.9,825,,,,,,,,,,,,,,,,,,,68.0,180,68.1,625,,,,,,,,,,,,,,,,
2026-06-30T01:01:00.470975+00:00,2026-06-30T11:01:00.463912,1,2,67.95,0.1,67.9,1325,,,,,,,,,,,,,,,,,,,68.0,180,68.1,625,,,,,,,,,,,,,,,,
2026-06-30T01:01:00.482031+00:00,2026-06-30T11:01:00.481039,1,2,67.95,0.1,67.9,700,,,,,,,,,,,,,,,,,,,68.0,180,68.3,500,,,,,,,,,,,,,,,,
2026-06-30T01:01:00.493102+00:00,2026-06-30T11:01:00.488102,1,2,67.95,0.1,67.9,1125,,,,,,,,,,,,,,,,,,,68.0,180,68.3,500,,,,,,,,,,,,,,,,
2026-06-30T01:01:00.504158+00:00,2026-06-30T11:01:00.502166,2,3,68.05,0.1,68.0,200,67.9,1125,,,,,,,,,,,,,,,,,68.1,625,68.2,200,68.3,500,,,,,,,,,,,,,,
2026-06-30T01:01:01.057330+00:00,2026-06-30T11:01:01.055284,2,3,68.05,0.1,68.0,200,67.9,625,,,,,,,,,,,,,,,,,68.1,625,68.2,200,68.3,500,,,,,,,,,,,,,,
2026-06-30T01:01:01.067914+00:00,2026-06-30T11:01:01.062348,2,2,68.05,0.1,68.0,200,67.9,625,,,,,,,,,,,,,,,,,68.1,625,68.2,200,,,,,,,,,,,,,,,,
2026-06-30T01:01:01.078491+00:00,2026-06-30T11:01:01.068113,2,2,68.05,0.1,68.0,200,67.9,1125,,,,,,,,,,,,,,,,,68.1,625,68.2,200,,,,,,,,,,,,,,,,
2026-06-30T01:01:01.089070+00:00,2026-06-30T11:01:01.079510,2,3,68.05,0.1,68.0,200,67.9,1125,,,,,,,,,,,,,,,,,68.1,625,68.2,200,68.4,500,,,,,,,,,,,,,,
2026-06-30T01:01:01.666311+00:00,2026-06-30T11:01:01.664311,2,2,68.05,0.1,68.0,200,67.9,625,,,,,,,,,,,,,,,,,68.1,625,68.2,200,,,,,,,,,,,,,,,,
2026-06-30T01:01:01.677360+00:00,2026-06-30T11:01:01.672360,2,3,68.05,0.1,68.0,200,67.9,1125,,,,,,,,,,,,,,,,,68.1,625,68.2,200,68.4,500,,,,,,,,,,,,,,
2026-06-30T01:01:01.709599+00:00,2026-06-30T11:01:01.708599,1,2,68.0,0.2,67.9,1125,,,,,,,,,,,,,,,,,,,68.1,425,68.4,500,,,,,,,,,,,,,,,,
2026-06-30T01:01:01.720648+00:00,2026-06-30T11:01:01.712598,1,3,68.0,0.2,67.9,1125,,,,,,,,,,,,,,,,,,,68.1,425,68.3,200,68.4,500,,,,,,,,,,,,,,
2026-06-30T01:01:01.808118+00:00,2026-06-30T11:01:01.807116,2,2,68.2,0.2,68.1,625,67.9,500,,,,,,,,,,,,,,,,,68.3,200,68.4,500,,,,,,,,,,,,,,,,
2026-06-30T01:01:01.819166+00:00,2026-06-30T11:01:01.808118,2,2,68.2,0.2,68.1,625,67.9,500,,,,,,,,,,,,,,,,,68.3,825,68.4,500,,,,,,,,,,,,,,,,
2026-06-30T01:01:02.267067+00:00,2026-06-30T11:01:02.261067,1,2,68.2,0.2,68.1,625,,,,,,,,,,,,,,,,,,,68.3,825,68.4,500,,,,,,,,,,,,,,,,
2026-06-30T01:01:02.277692+00:00,2026-06-30T11:01:02.271132,2,1,68.2,0.2,68.1,625,67.9,500,,,,,,,,,,,,,,,,,68.3,825,,,,,,,,,,,,,,,,,,
2026-06-30T01:01:02.288271+00:00,2026-06-30T11:01:02.284711,2,2,68.2,0.2,68.1,625,67.9,500,,,,,,,,,,,,,,,,,68.3,825,68.4,500,,,,,,,,,,,,,,,,
2026-06-30T01:01:02.865061+00:00,2026-06-30T11:01:02.864054,1,2,68.2,0.2,68.1,625,,,,,,,,,,,,,,,,,,,68.3,825,68.4,500,,,,,,,,,,,,,,,,
2026-06-30T01:01:02.876124+00:00,2026-06-30T11:01:02.869115,1,1,68.2,0.2,68.1,625,,,,,,,,,,,,,,,,,,,68.3,825,,,,,,,,,,,,,,,,,,
2026-06-30T01:01:02.887188+00:00,2026-06-30T11:01:02.883188,2,2,68.2,0.2,68.1,625,67.9,500,,,,,,,,,,,,,,,,,68.3,825,68.4,500,,,,,,,,,,,,,,,,
2026-06-30T01:01:02.918972+00:00,2026-06-30T11:01:02.916411,3,2,68.2,0.2,68.1,625,68.0,200,67.9,500,,,,,,,,,,,,,,,68.3,625,68.4,500,,,,,,,,,,,,,,,,
2026-06-30T01:01:02.930054+00:00,2026-06-30T11:01:02.919991,3,3,68.15,0.1,68.1,625,68.0,200,67.9,500,,,,,,,,,,,,,,,68.2,200,68.3,625,68.4,500,,,,,,,,,,,,,,
2026-06-30T01:01:03.116346+00:00,2026-06-30T11:01:03.110346,2,2,68.1,0.2,68.0,200,67.9,500,,,,,,,,,,,,,,,,,68.2,200,68.4,500,,,,,,,,,,,,,,,,
2026-06-30T01:01:03.127410+00:00,2026-06-30T11:01:03.119410,3,3,68.15,0.1,68.1,625,68.0,200,67.9,500,,,,,,,,,,,,,,,68.2,200,68.3,625,68.4,500,,,,,,,,,,,,,,
2026-06-30T01:01:03.476220+00:00,2026-06-30T11:01:03.475220,3,2,68.15,0.1,68.1,625,68.0,200,67.9,500,,,,,,,,,,,,,,,68.2,200,68.3,625,,,,,,,,,,,,,,,,
2026-06-30T01:01:03.487284+00:00,2026-06-30T11:01:03.484283,3,3,68.15,0.1,68.1,625,68.0,200,67.9,500,,,,,,,,,,,,,,,68.2,200,68.3,625,68.4,500,,,,,,,,,,,,,,
2026-06-30T01:01:04.074250+00:00,2026-06-30T11:01:04.068250,2,3,68.15,0.1,68.1,625,68.0,200,,,,,,,,,,,,,,,,,68.2,200,68.3,625,68.4,500,,,,,,,,,,,,,,
2026-06-30T01:01:04.085305+00:00,2026-06-30T11:01:04.078314,3,2,68.15,0.1,68.1,625,68.0,200,67.9,500,,,,,,,,,,,,,,,68.2,200,68.3,625,,,,,,,,,,,,,,,,
2026-06-30T01:01:04.096377+00:00,2026-06-30T11:01:04.085596,3,3,68.15,0.1,68.1,625,68.0,200,67.9,500,,,,,,,,,,,,,,,68.2,200,68.3,625,68.4,500,,,,,,,,,,,,,,
2026-06-30T01:01:04.128178+00:00,2026-06-30T11:01:04.127665,3,3,68.15,0.1,68.1,625,68.0,200,67.9,500,,,,,,,,,,,,,,,68.2,200,68.3,625,68.4,500,,,,,,,,,,,,,,
2026-06-30T01:01:04.419714+00:00,2026-06-30T11:01:04.418714,2,2,68.1,0.2,68.0,825,67.9,500,,,,,,,,,,,,,,,,,68.2,825,68.4,500,,,,,,,,,,,,,,,,
2026-06-30T01:01:04.700128+00:00,2026-06-30T11:01:04.696044,1,1,68.1,0.2,68.0,825,,,,,,,,,,,,,,,,,,,68.2,825,,,,,,,,,,,,,,,,,,
2026-06-30T01:01:04.711213+00:00,2026-06-30T11:01:04.707203,2,2,68.1,0.2,68.0,825,67.9,500,,,,,,,,,,,,,,,,,68.2,825,68.4,500,,,,,,,,,,,,,,,,
2026-06-30T01:01:05.298176+00:00,2026-06-30T11:01:05.292568,1,2,68.1,0.2,68.0,825,,,,,,,,,,,,,,,,,,,68.2,825,68.4,500,,,,,,,,,,,,,,,,
2026-06-30T01:01:05.308834+00:00,2026-06-30T11:01:05.307884,1,2,68.1,0.2,68.0,1325,,,,,,,,,,,,,,,,,,,68.2,825,68.4,500,,,,,,,,,,,,,,,,
2026-06-30T01:01:05.330467+00:00,2026-06-30T11:01:05.330467,1,2,68.1,0.2,68.0,1125,,,,,,,,,,,,,,,,,,,68.2,825,68.4,500,,,,,,,,,,,,,,,,
2026-06-30T01:01:05.341540+00:00,2026-06-30T11:01:05.336476,1,2,68.1,0.2,68.0,1325,,,,,,,,,,,,,,,,,,,68.2,825,68.4,500,,,,,,,,,,,,,,,,
2026-06-30T01:01:05.722097+00:00,2026-06-30T11:01:05.720097,1,2,68.1,0.2,68.0,700,,,,,,,,,,,,,,,,,,,68.2,825,68.4,500,,,,,,,,,,,,,,,,
2026-06-30T01:01:05.733160+00:00,2026-06-30T11:01:05.725097,2,3,68.15,0.1,68.1,625,68.0,700,,,,,,,,,,,,,,,,,68.2,200,68.3,625,68.4,500,,,,,,,,,,,,,,
2026-06-30T01:01:05.897219+00:00,2026-06-30T11:01:05.895218,2,3,68.15,0.1,68.1,625,68.0,200,,,,,,,,,,,,,,,,,68.2,200,68.3,625,68.4,500,,,,,,,,,,,,,,
2026-06-30T01:01:05.907844+00:00,2026-06-30T11:01:05.901284,2,2,68.15,0.1,68.1,625,68.0,200,,,,,,,,,,,,,,,,,68.2,200,68.3,625,,,,,,,,,,,,,,,,
2026-06-30T01:01:05.918423+00:00,2026-06-30T11:01:05.915862,2,3,68.15,0.1,68.1,625,68.0,700,,,,,,,,,,,,,,,,,68.2,200,68.3,625,68.4,500,,,,,,,,,,,,,,
2026-06-30T01:01:06.505352+00:00,2026-06-30T11:01:06.500352,2,2,68.15,0.1,68.1,625,68.0,200,,,,,,,,,,,,,,,,,68.2,200,68.3,625,,,,,,,,,,,,,,,,
2026-06-30T01:01:06.516415+00:00,2026-06-30T11:01:06.507405,3,3,68.15,0.1,68.1,625,68.0,200,67.9,500,,,,,,,,,,,,,,,68.2,200,68.3,625,68.4,500,,,,,,,,,,,,,,
2026-06-30T01:01:06.548680+00:00,2026-06-30T11:01:06.544120,2,2,68.2,0.2,68.1,625,67.9,500,,,,,,,,,,,,,,,,,68.3,625,68.4,500,,,,,,,,,,,,,,,,
2026-06-30T01:01:06.559762+00:00,2026-06-30T11:01:06.551698,3,2,68.2,0.2,68.1,625,68.0,200,67.9,500,,,,,,,,,,,,,,,68.3,625,68.4,500,,,,,,,,,,,,,,,,
2026-06-30T01:01:06.570825+00:00,2026-06-30T11:01:06.565762,3,2,68.2,0.2,68.1,425,68.0,200,67.9,500,,,,,,,,,,,,,,,68.3,625,68.4,500,,,,,,,,,,,,,,,,
2026-06-30T01:01:07.037363+00:00,2026-06-30T11:01:07.030363,2,2,68.05,0.1,68.0,825,67.9,500,,,,,,,,,,,,,,,,,68.1,625,68.4,500,,,,,,,,,,,,,,,,
2026-06-30T01:01:07.101826+00:00,2026-06-30T11:01:07.100825,1,2,68.05,0.1,68.0,825,,,,,,,,,,,,,,,,,,,68.1,625,68.4,500,,,,,,,,,,,,,,,,
2026-06-30T01:01:07.123952+00:00,2026-06-30T11:01:07.118952,2,2,68.05,0.1,68.0,825,67.9,500,,,,,,,,,,,,,,,,,68.1,625,68.4,500,,,,,,,,,,,,,,,,
2026-06-30T01:01:07.709884+00:00,2026-06-30T11:01:07.704822,1,2,68.05,0.1,68.0,825,,,,,,,,,,,,,,,,,,,68.1,625,68.4,500,,,,,,,,,,,,,,,,
2026-06-30T01:01:07.720945+00:00,2026-06-30T11:01:07.717935,1,1,68.05,0.1,68.0,1325,,,,,,,,,,,,,,,,,,,68.1,625,,,,,,,,,,,,,,,,,,
2026-06-30T01:01:07.732010+00:00,2026-06-30T11:01:07.721945,1,2,68.05,0.1,68.0,1325,,,,,,,,,,,,,,,,,,,68.1,625,68.4,500,,,,,,,,,,,,,,,,
2026-06-30T01:01:07.776282+00:00,2026-06-30T11:01:07.774282,1,3,68.05,0.1,68.0,1125,,,,,,,,,,,,,,,,,,,68.1,425,68.2,200,68.4,500,,,,,,,,,,,,,,
2026-06-30T01:01:08.277163+00:00,2026-06-30T11:01:08.275154,1,3,68.05,0.1,68.0,1125,,,,,,,,,,,,,,,,,,,68.1,405,68.2,200,68.4,500,,,,,,,,,,,,,,
2026-06-30T01:01:08.308429+00:00,2026-06-30T11:01:08.307915,1,3,68.05,0.1,68.0,625,,,,,,,,,,,,,,,,,,,68.1,405,68.2,200,68.4,500,,,,,,,,,,,,,,
2026-06-30T01:01:08.319008+00:00,2026-06-30T11:01:08.314447,1,2,68.05,0.1,68.0,625,,,,,,,,,,,,,,,,,,,68.1,405,68.2,200,,,,,,,,,,,,,,,,
2026-06-30T01:01:08.330090+00:00,2026-06-30T11:01:08.325027,2,3,68.05,0.1,68.0,625,67.9,500,,,,,,,,,,,,,,,,,68.1,405,68.2,200,68.4,500,,,,,,,,,,,,,,
2026-06-30T01:01:08.341145+00:00,2026-06-30T11:01:08.337143,2,2,68.15,0.1,68.1,625,67.9,500,,,,,,,,,,,,,,,,,68.2,200,68.4,500,,,,,,,,,,,,,,,,
2026-06-30T01:01:08.352216+00:00,2026-06-30T11:01:08.341337,2,2,68.15,0.1,68.1,625,67.9,500,,,,,,,,,,,,,,,,,68.2,825,68.4,500,,,,,,,,,,,,,,,,
2026-06-30T01:01:08.917959+00:00,2026-06-30T11:01:08.915399,1,1,68.15,0.1,68.1,625,,,,,,,,,,,,,,,,,,,68.2,825,,,,,,,,,,,,,,,,,,
2026-06-30T01:01:08.928538+00:00,2026-06-30T11:01:08.921978,2,1,68.15,0.1,68.1,625,67.9,500,,,,,,,,,,,,,,,,,68.2,825,,,,,,,,,,,,,,,,,,
2026-06-30T01:01:08.939621+00:00,2026-06-30T11:01:08.933556,2,2,68.15,0.1,68.1,625,67.9,500,,,,,,,,,,,,,,,,,68.2,825,68.4,500,,,,,,,,,,,,,,,,
2026-06-30T01:01:08.983896+00:00,2026-06-30T11:01:08.979896,2,2,68.15,0.1,68.1,625,67.9,700,,,,,,,,,,,,,,,,,68.2,625,68.4,500,,,,,,,,,,,,,,,,
2026-06-30T01:01:08.994962+00:00,2026-06-30T11:01:08.984897,2,2,68.15,0.1,68.1,425,67.9,700,,,,,,,,,,,,,,,,,68.2,625,68.4,500,,,,,,,,,,,,,,,,
2026-06-30T01:01:09.516004+00:00,2026-06-30T11:01:09.511004,2,2,68.15,0.1,68.1,425,67.9,200,,,,,,,,,,,,,,,,,68.2,625,68.4,500,,,,,,,,,,,,,,,,
2026-06-30T01:01:09.527068+00:00,2026-06-30T11:01:09.521068,3,1,68.15,0.1,68.1,425,68.0,500,67.9,200,,,,,,,,,,,,,,,68.2,625,,,,,,,,,,,,,,,,,,
2026-06-30T01:01:09.537694+00:00,2026-06-30T11:01:09.527288,3,2,68.15,0.1,68.1,425,68.0,500,67.9,200,,,,,,,,,,,,,,,68.2,625,68.4,500,,,,,,,,,,,,,,,,
2026-06-30T01:01:09.658030+00:00,2026-06-30T11:01:09.650472,2,2,68.05,0.1,68.0,1125,67.9,200,,,,,,,,,,,,,,,,,68.1,625,68.4,500,,,,,,,,,,,,,,,,
2026-06-30T01:01:10.117054+00:00,2026-06-30T11:01:10.115054,2,2,68.05,0.1,68.0,625,67.9,200,,,,,,,,,,,,,,,,,68.1,625,68.4,500,,,,,,,,,,,,,,,,
2026-06-30T01:01:10.127672+00:00,2026-06-30T11:01:10.122120,2,1,68.05,0.1,68.0,625,67.9,200,,,,,,,,,,,,,,,,,68.1,625,,,,,,,,,,,,,,,,,,
2026-06-30T01:01:10.138267+00:00,2026-06-30T11:01:10.132691,2,2,68.05,0.1,68.0,625,67.9,700,,,,,,,,,,,,,,,,,68.1,625,68.4,500,,,,,,,,,,,,,,,,
2026-06-30T01:01:10.193135+00:00,2026-06-30T11:01:10.186050,2,3,68.05,0.1,68.0,825,67.9,500,,,,,,,,,,,,,,,,,68.1,625,68.2,200,68.4,500,,,,,,,,,,,,,,
2026-06-30T01:01:10.747520+00:00,2026-06-30T11:01:10.741521,1,3,68.05,0.1,68.0,825,,,,,,,,,,,,,,,,,,,68.1,625,68.2,200,68.4,500,,,,,,,,,,,,,,
2026-06-30T01:01:10.758132+00:00,2026-06-30T11:01:10.754589,2,2,68.05,0.1,68.0,825,67.9,500,,,,,,,,,,,,,,,,,68.1,625,68.2,200,,,,,,,,,,,,,,,,
2026-06-30T01:01:10.768711+00:00,2026-06-30T11:01:10.759143,2,3,68.05,0.1,68.0,825,67.9,500,,,,,,,,,,,,,,,,,68.1,625,68.2,200,68.4,500,,,,,,,,,,,,,,
2026-06-30T01:01:10.953934+00:00,2026-06-30T11:01:10.952934,2,3,68.05,0.1,68.0,200,67.9,500,,,,,,,,,,,,,,,,,68.1,625,68.2,200,68.4,500,,,,,,,,,,,,,,
2026-06-30T01:01:10.964997+00:00,2026-06-30T11:01:10.958988,2,2,68.1,0.2,68.0,825,67.9,500,,,,,,,,,,,,,,,,,68.2,825,68.4,500,,,,,,,,,,,,,,,,
2026-06-30T01:01:11.344926+00:00,2026-06-30T11:01:11.344926,1,2,68.1,0.2,68.0,825,,,,,,,,,,,,,,,,,,,68.2,825,68.4,500,,,,,,,,,,,,,,,,
2026-06-30T01:01:11.355974+00:00,2026-06-30T11:01:11.353974,1,1,68.1,0.2,68.0,825,,,,,,,,,,,,,,,,,,,68.2,825,,,,,,,,,,,,,,,,,,
2026-06-30T01:01:11.367051+00:00,2026-06-30T11:01:11.361051,2,2,68.1,0.2,68.0,825,67.9,500,,,,,,,,,,,,,,,,,68.2,825,68.4,500,,,,,,,,,,,,,,,,
2026-06-30T01:01:11.398764+00:00,2026-06-30T11:01:11.394220,3,2,68.1,0.2,68.0,425,67.9,500,67.8,200,,,,,,,,,,,,,,,68.2,625,68.4,500,,,,,,,,,,,,,,,,
2026-06-30T01:01:11.953326+00:00,2026-06-30T11:01:11.947325,2,2,68.1,0.2,68.0,425,67.8,200,,,,,,,,,,,,,,,,,68.2,625,68.4,500,,,,,,,,,,,,,,,,
2026-06-30T01:01:11.964398+00:00,2026-06-30T11:01:11.959389,3,1,68.1,0.2,68.0,425,67.9,500,67.8,200,,,,,,,,,,,,,,,68.2,625,,,,,,,,,,,,,,,,,,
2026-06-30T01:01:11.975461+00:00,2026-06-30T11:01:11.968461,3,2,68.1,0.2,68.0,425,67.9,500,67.8,200,,,,,,,,,,,,,,,68.2,625,68.4,500,,,,,,,,,,,,,,,,
2026-06-30T01:01:12.267444+00:00,2026-06-30T11:01:12.266396,2,2,67.95,0.1,67.9,1125,67.8,200,,,,,,,,,,,,,,,,,68.0,625,68.4,500,,,,,,,,,,,,,,,,
2026-06-30T01:01:12.550926+00:00,2026-06-30T11:01:12.549917,2,2,67.95,0.1,67.9,625,67.8,200,,,,,,,,,,,,,,,,,68.0,625,68.4,500,,,,,,,,,,,,,,,,
2026-06-30T01:01:12.561989+00:00,2026-06-30T11:01:12.560989,2,1,67.95,0.1,67.9,1125,67.8,200,,,,,,,,,,,,,,,,,68.0,625,,,,,,,,,,,,,,,,,,
2026-06-30T01:01:12.573051+00:00,2026-06-30T11:01:12.569042,2,2,67.95,0.1,67.9,1125,67.8,200,,,,,,,,,,,,,,,,,68.0,625,68.3,500,,,,,,,,,,,,,,,,
2026-06-30T01:01:12.606241+00:00,2026-06-30T11:01:12.600241,2,2,67.95,0.1,67.9,925,67.7,200,,,,,,,,,,,,,,,,,68.0,625,68.3,500,,,,,,,,,,,,,,,,
2026-06-30T01:01:13.161968+00:00,2026-06-30T11:01:13.152884,2,2,67.95,0.1,67.9,425,67.7,200,,,,,,,,,,,,,,,,,68.0,625,68.3,500,,,,,,,,,,,,,,,,
2026-06-30T01:01:13.173024+00:00,2026-06-30T11:01:13.169035,2,2,67.95,0.1,67.9,925,67.7,200,,,,,,,,,,,,,,,,,68.0,625,68.4,500,,,,,,,,,,,,,,,,
2026-06-30T01:01:13.575236+00:00,2026-06-30T11:01:13.574236,2,1,68.15,0.5,67.9,500,67.7,200,,,,,,,,,,,,,,,,,68.4,500,,,,,,,,,,,,,,,,,,
2026-06-30T01:01:13.586299+00:00,2026-06-30T11:01:13.577288,2,2,67.85,0.1,67.8,625,67.7,200,,,,,,,,,,,,,,,,,67.9,125,68.4,500,,,,,,,,,,,,,,,,
2026-06-30T01:01:13.757665+00:00,2026-06-30T11:01:13.756474,2,1,67.85,0.1,67.8,625,67.7,200,,,,,,,,,,,,,,,,,67.9,125,,,,,,,,,,,,,,,,,,
2026-06-30T01:01:13.767760+00:00,2026-06-30T11:01:13.765735,3,0,,,67.9,375,67.8,625,67.7,200,,,,,,,,,,,,,,,,,,,,,,,,,,,,,,,,,,
2026-06-30T01:01:13.778364+00:00,2026-06-30T11:01:13.773791,3,1,68.1,0.4,67.9,375,67.8,625,67.7,200,,,,,,,,,,,,,,,68.3,500,,,,,,,,,,,,,,,,,,
2026-06-30T01:01:13.811056+00:00,2026-06-30T11:01:13.808055,2,2,67.95,0.1,67.9,575,67.8,625,,,,,,,,,,,,,,,,,68.0,200,68.3,500,,,,,,,,,,,,,,,,
2026-06-30T01:01:14.367440+00:00,2026-06-30T11:01:14.359440,2,2,67.95,0.1,67.9,200,67.8,625,,,,,,,,,,,,,,,,,68.0,200,68.3,500,,,,,,,,,,,,,,,,
2026-06-30T01:01:14.378066+00:00,2026-06-30T11:01:14.372498,2,1,67.95,0.1,67.9,700,67.8,625,,,,,,,,,,,,,,,,,68.0,200,,,,,,,,,,,,,,,,,,
2026-06-30T01:01:14.388645+00:00,2026-06-30T11:01:14.378263,2,2,67.95,0.1,67.9,700,67.8,625,,,,,,,,,,,,,,,,,68.0,200,68.3,500,,,,,,,,,,,,,,,,
2026-06-30T01:01:14.563339+00:00,2026-06-30T11:01:14.553278,2,2,67.95,0.1,67.9,680,67.8,625,,,,,,,,,,,,,,,,,68.0,200,68.3,500,,,,,,,,,,,,,,,,
2026-06-30T01:01:14.889093+00:00,2026-06-30T11:01:14.885532,2,2,68.05,0.1,68.0,425,67.9,680,,,,,,,,,,,,,,,,,68.1,625,68.3,500,,,,,,,,,,,,,,,,
2026-06-30T01:01:14.966550+00:00,2026-06-30T11:01:14.963550,2,2,68.05,0.1,68.0,425,67.9,180,,,,,,,,,,,,,,,,,68.1,625,68.3,500,,,,,,,,,,,,,,,,
2026-06-30T01:01:14.977605+00:00,2026-06-30T11:01:14.974614,2,1,68.05,0.1,68.0,425,67.9,680,,,,,,,,,,,,,,,,,68.1,625,,,,,,,,,,,,,,,,,,
2026-06-30T01:01:14.988230+00:00,2026-06-30T11:01:14.979669,2,2,68.05,0.1,68.0,425,67.9,680,,,,,,,,,,,,,,,,,68.1,625,68.4,500,,,,,,,,,,,,,,,,
2026-06-30T01:01:15.009883+00:00,2026-06-30T11:01:15.008874,2,2,68.05,0.1,68.0,425,67.9,500,,,,,,,,,,,,,,,,,68.1,625,68.4,500,,,,,,,,,,,,,,,,
2026-06-30T01:01:15.020957+00:00,2026-06-30T11:01:15.010883,2,3,68.05,0.1,68.0,625,67.9,500,,,,,,,,,,,,,,,,,68.1,625,68.2,200,68.4,500,,,,,,,,,,,,,,
2026-06-30T01:01:15.575210+00:00,2026-06-30T11:01:15.565149,1,3,68.05,0.1,68.0,625,,,,,,,,,,,,,,,,,,,68.1,625,68.2,200,68.4,500,,,,,,,,,,,,,,
2026-06-30T01:01:15.586270+00:00,2026-06-30T11:01:15.582270,2,3,68.05,0.1,68.0,625,67.9,500,,,,,,,,,,,,,,,,,68.1,625,68.2,200,68.4,500,,,,,,,,,,,,,,
2026-06-30T01:01:16.173856+00:00,2026-06-30T11:01:16.168855,1,3,68.05,0.1,68.0,625,,,,,,,,,,,,,,,,,,,68.1,625,68.2,200,68.4,500,,,,,,,,,,,,,,
2026-06-30T01:01:16.184919+00:00,2026-06-30T11:01:16.182919,2,3,68.05,0.1,68.0,625,67.9,500,,,,,,,,,,,,,,,,,68.1,625,68.2,200,68.4,500,,,,,,,,,,,,,,
2026-06-30T01:01:16.195985+00:00,2026-06-30T11:01:16.193986,2,2,68.1,0.2,68.0,200,67.9,500,,,,,,,,,,,,,,,,,68.2,200,68.4,500,,,,,,,,,,,,,,,,
2026-06-30T01:01:16.207048+00:00,2026-06-30T11:01:16.198038,2,3,68.05,0.1,68.0,825,67.9,500,,,,,,,,,,,,,,,,,68.1,625,68.2,200,68.4,500,,,,,,,,,,,,,,
2026-06-30T01:01:16.217674+00:00,2026-06-30T11:01:16.216113,2,2,68.05,0.1,68.0,625,67.9,500,,,,,,,,,,,,,,,,,68.1,425,68.4,500,,,,,,,,,,,,,,,,
2026-06-30T01:01:16.228253+00:00,2026-06-30T11:01:16.217827,2,3,68.05,0.1,68.0,625,67.9,500,,,,,,,,,,,,,,,,,68.1,425,68.3,200,68.4,500,,,,,,,,,,,,,,
2026-06-30T01:01:16.717487+00:00,2026-06-30T11:01:16.713461,2,3,68.05,0.1,68.0,625,67.9,500,,,,,,,,,,,,,,,,,68.1,405,68.3,200,68.4,500,,,,,,,,,,,,,,
2026-06-30T01:01:16.805067+00:00,2026-06-30T11:01:16.801068,2,2,68.05,0.1,68.0,625,67.9,500,,,,,,,,,,,,,,,,,68.1,405,68.3,200,,,,,,,,,,,,,,,,
2026-06-30T01:01:16.816133+00:00,2026-06-30T11:01:16.805067,2,2,68.05,0.1,68.0,625,67.9,500,,,,,,,,,,,,,,,,,68.1,405,68.3,700,,,,,,,,,,,,,,,,
2026-06-30T01:01:17.401983+00:00,2026-06-30T11:01:17.397974,1,2,68.05,0.1,68.0,625,,,,,,,,,,,,,,,,,,,68.1,405,68.3,700,,,,,,,,,,,,,,,,
2026-06-30T01:01:17.413048+00:00,2026-06-30T11:01:17.411048,2,2,68.05,0.1,68.0,625,67.9,500,,,,,,,,,,,,,,,,,68.1,405,68.3,200,,,,,,,,,,,,,,,,
2026-06-30T01:01:17.424110+00:00,2026-06-30T11:01:17.423110,2,2,68.05,0.1,68.0,625,67.9,500,,,,,,,,,,,,,,,,,68.1,405,68.3,700,,,,,,,,,,,,,,,,
2026-06-30T01:01:17.435174+00:00,2026-06-30T11:01:17.433173,2,2,68.05,0.1,68.0,625,67.9,500,,,,,,,,,,,,,,,,,68.1,405,68.3,500,,,,,,,,,,,,,,,,
2026-06-30T01:01:17.446228+00:00,2026-06-30T11:01:17.444237,2,2,68.05,0.1,68.0,825,67.9,500,,,,,,,,,,,,,,,,,68.1,605,68.3,500,,,,,,,,,,,,,,,,
2026-06-30T01:01:17.500155+00:00,2026-06-30T11:01:17.499145,2,2,68.05,0.1,68.0,200,67.9,500,,,,,,,,,,,,,,,,,68.1,605,68.3,500,,,,,,,,,,,,,,,,
2026-06-30T01:01:17.511217+00:00,2026-06-30T11:01:17.505154,2,2,68.05,0.1,68.0,200,67.9,1125,,,,,,,,,,,,,,,,,68.1,825,68.3,500,,,,,,,,,,,,,,,,
2026-06-30T01:01:18.011071+00:00,2026-06-30T11:01:18.007997,2,1,68.05,0.1,68.0,200,67.9,625,,,,,,,,,,,,,,,,,68.1,825,,,,,,,,,,,,,,,,,,
2026-06-30T01:01:18.022136+00:00,2026-06-30T11:01:18.019136,2,2,68.05,0.1,68.0,200,67.9,1125,,,,,,,,,,,,,,,,,68.1,825,68.4,500,,,,,,,,,,,,,,,,
2026-06-30T01:01:18.609011+00:00,2026-06-30T11:01:18.602450,2,2,68.05,0.1,68.0,200,67.9,625,,,,,,,,,,,,,,,,,68.1,825,68.4,500,,,,,,,,,,,,,,,,
2026-06-30T01:01:18.620104+00:00,2026-06-30T11:01:18.615021,2,1,68.05,0.1,68.0,200,67.9,1125,,,,,,,,,,,,,,,,,68.1,825,,,,,,,,,,,,,,,,,,
2026-06-30T01:01:18.631166+00:00,2026-06-30T11:01:18.620104,2,2,68.05,0.1,68.0,200,67.9,1125,,,,,,,,,,,,,,,,,68.1,825,68.3,500,,,,,,,,,,,,,,,,
2026-06-30T01:01:18.653321+00:00,2026-06-30T11:01:18.650313,1,2,68.0,0.2,67.9,1125,,,,,,,,,,,,,,,,,,,68.1,625,68.3,500,,,,,,,,,,,,,,,,
2026-06-30T01:01:18.664386+00:00,2026-06-30T11:01:18.658377,2,3,68.05,0.1,68.0,200,67.9,1125,,,,,,,,,,,,,,,,,68.1,625,68.2,200,68.3,500,,,,,,,,,,,,,,
2026-06-30T01:01:18.817340+00:00,2026-06-30T11:01:18.814340,2,2,68.1,0.2,68.0,825,67.9,500,,,,,,,,,,,,,,,,,68.2,825,68.3,500,,,,,,,,,,,,,,,,
2026-06-30T01:01:19.205983+00:00,2026-06-30T11:01:19.204983,1,2,68.1,0.2,68.0,825,,,,,,,,,,,,,,,,,,,68.2,825,68.3,500,,,,,,,,,,,,,,,,
2026-06-30T01:01:19.217046+00:00,2026-06-30T11:01:19.211046,1,1,68.1,0.2,68.0,825,,,,,,,,,,,,,,,,,,,68.2,825,,,,,,,,,,,,,,,,,,
2026-06-30T01:01:19.227664+00:00,2026-06-30T11:01:19.227664,2,2,68.1,0.2,68.0,825,67.9,500,,,,,,,,,,,,,,,,,68.2,825,68.4,500,,,,,,,,,,,,,,,,
2026-06-30T01:01:19.815085+00:00,2026-06-30T11:01:19.808075,1,2,68.1,0.2,68.0,825,,,,,,,,,,,,,,,,,,,68.2,825,68.4,500,,,,,,,,,,,,,,,,
2026-06-30T01:01:19.826138+00:00,2026-06-30T11:01:19.821147,2,1,68.1,0.2,68.0,825,67.9,500,,,,,,,,,,,,,,,,,68.2,825,,,,,,,,,,,,,,,,,,
2026-06-30T01:01:19.837210+00:00,2026-06-30T11:01:19.826328,2,2,68.1,0.2,68.0,825,67.9,500,,,,,,,,,,,,,,,,,68.2,825,68.3,500,,,,,,,,,,,,,,,,
2026-06-30T01:01:19.869001+00:00,2026-06-30T11:01:19.862430,2,2,68.1,0.2,68.0,625,67.9,500,,,,,,,,,,,,,,,,,68.2,625,68.3,500,,,,,,,,,,,,,,,,
2026-06-30T01:01:19.880084+00:00,2026-06-30T11:01:19.870019,3,2,68.15,0.1,68.1,200,68.0,625,67.9,500,,,,,,,,,,,,,,,68.2,625,68.3,700,,,,,,,,,,,,,,,,
2026-06-30T01:01:20.118656+00:00,2026-06-30T11:01:20.118142,2,2,68.15,0.1,68.1,200,67.9,500,,,,,,,,,,,,,,,,,68.2,625,68.3,700,,,,,,,,,,,,,,,,
2026-06-30T01:01:20.129738+00:00,2026-06-30T11:01:20.124675,1,2,68.0,0.2,67.9,1125,,,,,,,,,,,,,,,,,,,68.1,425,68.3,700,,,,,,,,,,,,,,,,
2026-06-30T01:01:20.410877+00:00,2026-06-30T11:01:20.409877,1,2,68.0,0.2,67.9,625,,,,,,,,,,,,,,,,,,,68.1,425,68.3,700,,,,,,,,,,,,,,,,
2026-06-30T01:01:20.421941+00:00,2026-06-30T11:01:20.420941,1,2,68.0,0.2,67.9,1125,,,,,,,,,,,,,,,,,,,68.1,425,68.3,200,,,,,,,,,,,,,,,,
2026-06-30T01:01:20.455128+00:00,2026-06-30T11:01:20.446065,1,2,68.0,0.2,67.9,1125,,,,,,,,,,,,,,,,,,,68.1,425,68.3,700,,,,,,,,,,,,,,,,
2026-06-30T01:01:21.019763+00:00,2026-06-30T11:01:21.012714,1,2,68.0,0.2,67.9,625,,,,,,,,,,,,,,,,,,,68.1,425,68.3,700,,,,,,,,,,,,,,,,
2026-06-30T01:01:21.030813+00:00,2026-06-30T11:01:21.028813,1,2,68.0,0.2,67.9,1125,,,,,,,,,,,,,,,,,,,68.1,425,68.3,200,,,,,,,,,,,,,,,,
2026-06-30T01:01:21.041866+00:00,2026-06-30T11:01:21.034813,1,2,68.0,0.2,67.9,1125,,,,,,,,,,,,,,,,,,,68.1,425,68.3,700,,,,,,,,,,,,,,,,
2026-06-30T01:01:21.075015+00:00,2026-06-30T11:01:21.073015,1,2,68.0,0.2,67.9,1125,,,,,,,,,,,,,,,,,,,68.1,225,68.3,500,,,,,,,,,,,,,,,,
2026-06-30T01:01:21.086065+00:00,2026-06-30T11:01:21.077015,1,2,68.0,0.2,67.9,1125,,,,,,,,,,,,,,,,,,,68.1,225,68.3,700,,,,,,,,,,,,,,,,
2026-06-30T01:01:21.433228+00:00,2026-06-30T11:01:21.432229,2,1,68.25,0.1,68.2,625,67.9,500,,,,,,,,,,,,,,,,,68.3,700,,,,,,,,,,,,,,,,,,
2026-06-30T01:01:21.444292+00:00,2026-06-30T11:01:21.434228,2,1,68.25,0.1,68.2,625,67.9,500,,,,,,,,,,,,,,,,,68.3,1325,,,,,,,,,,,,,,,,,,
2026-06-30T01:01:21.617463+00:00,2026-06-30T11:01:21.615416,1,1,68.25,0.1,68.2,625,,,,,,,,,,,,,,,,,,,68.3,1325,,,,,,,,,,,,,,,,,,
2026-06-30T01:01:21.628051+00:00,2026-06-30T11:01:21.626482,2,1,68.25,0.1,68.2,625,67.8,500,,,,,,,,,,,,,,,,,68.3,825,,,,,,,,,,,,,,,,,,
2026-06-30T01:01:21.638625+00:00,2026-06-30T11:01:21.630070,2,1,68.25,0.1,68.2,625,67.8,500,,,,,,,,,,,,,,,,,68.3,1325,,,,,,,,,,,,,,,,,,
2026-06-30T01:01:22.226443+00:00,2026-06-30T11:01:22.224435,1,1,68.25,0.1,68.2,625,,,,,,,,,,,,,,,,,,,68.3,825,,,,,,,,,,,,,,,,,,
2026-06-30T01:01:22.237507+00:00,2026-06-30T11:01:22.233498,2,1,68.25,0.1,68.2,625,67.8,500,,,,,,,,,,,,,,,,,68.3,1325,,,,,,,,,,,,,,,,,,
2026-06-30T01:01:22.280864+00:00,2026-06-30T11:01:22.280864,3,1,68.25,0.1,68.2,625,68.0,200,67.8,500,,,,,,,,,,,,,,,68.3,1125,,,,,,,,,,,,,,,,,,
2026-06-30T01:01:22.291936+00:00,2026-06-30T11:01:22.281873,3,1,68.25,0.1,68.2,425,68.0,200,67.8,500,,,,,,,,,,,,,,,68.3,1125,,,,,,,,,,,,,,,,,,
2026-06-30T01:01:22.746456+00:00,2026-06-30T11:01:22.741457,2,2,68.1,0.2,68.0,825,67.8,500,,,,,,,,,,,,,,,,,68.2,625,68.3,500,,,,,,,,,,,,,,,,
2026-06-30T01:01:22.844152+00:00,2026-06-30T11:01:22.840152,1,2,68.1,0.2,68.0,825,,,,,,,,,,,,,,,,,,,68.2,625,68.3,500,,,,,,,,,,,,,,,,
2026-06-30T01:01:22.855219+00:00,2026-06-30T11:01:22.854218,2,1,68.1,0.2,68.0,825,67.8,500,,,,,,,,,,,,,,,,,68.2,1125,,,,,,,,,,,,,,,,,,
2026-06-30T01:01:23.454168+00:00,2026-06-30T11:01:23.452168,1,1,68.1,0.2,68.0,825,,,,,,,,,,,,,,,,,,,68.2,625,,,,,,,,,,,,,,,,,,
2026-06-30T01:01:23.465243+00:00,2026-06-30T11:01:23.461243,2,1,68.1,0.2,68.0,825,67.8,500,,,,,,,,,,,,,,,,,68.2,1125,,,,,,,,,,,,,,,,,,
2026-06-30T01:01:23.487397+00:00,2026-06-30T11:01:23.486397,3,2,68.15,0.1,68.1,200,68.0,625,67.8,500,,,,,,,,,,,,,,,68.2,1125,68.3,200,,,,,,,,,,,,,,,,
2026-06-30T01:01:24.053161+00:00,2026-06-30T11:01:24.052169,1,2,68.15,0.1,68.1,825,,,,,,,,,,,,,,,,,,,68.2,1125,68.3,200,,,,,,,,,,,,,,,,
2026-06-30T01:01:24.064272+00:00,2026-06-30T11:01:24.062271,2,2,68.15,0.1,68.1,825,67.8,500,,,,,,,,,,,,,,,,,68.2,625,68.3,200,,,,,,,,,,,,,,,,
2026-06-30T01:01:24.075336+00:00,2026-06-30T11:01:24.067325,2,2,68.15,0.1,68.1,825,67.8,500,,,,,,,,,,,,,,,,,68.2,1125,68.3,200,,,,,,,,,,,,,,,,
2026-06-30T01:01:24.649996+00:00,2026-06-30T11:01:24.648996,1,2,68.15,0.1,68.1,825,,,,,,,,,,,,,,,,,,,68.2,1125,68.3,200,,,,,,,,,,,,,,,,
2026-06-30T01:01:24.661048+00:00,2026-06-30T11:01:24.654997,1,2,68.15,0.1,68.1,825,,,,,,,,,,,,,,,,,,,68.2,625,68.3,200,,,,,,,,,,,,,,,,
2026-06-30T01:01:24.672096+00:00,2026-06-30T11:01:24.666047,2,2,68.15,0.1,68.1,825,67.8,500,,,,,,,,,,,,,,,,,68.2,625,68.3,700,,,,,,,,,,,,,,,,
2026-06-30T01:01:24.705266+00:00,2026-06-30T11:01:24.695217,2,2,68.15,0.1,68.1,625,67.8,500,,,,,,,,,,,,,,,,,68.2,425,68.3,700,,,,,,,,,,,,,,,,
2026-06-30T01:01:25.260866+00:00,2026-06-30T11:01:25.259874,1,2,68.15,0.1,68.1,625,,,,,,,,,,,,,,,,,,,68.2,425,68.3,200,,,,,,,,,,,,,,,,
2026-06-30T01:01:25.271938+00:00,2026-06-30T11:01:25.270931,2,2,68.15,0.1,68.1,625,67.8,500,,,,,,,,,,,,,,,,,68.2,925,68.3,200,,,,,,,,,,,,,,,,
2026-06-30T01:01:25.370163+00:00,2026-06-30T11:01:25.362099,2,3,68.0,0.2,67.9,625,67.8,500,,,,,,,,,,,,,,,,,68.1,625,68.2,500,68.3,200,,,,,,,,,,,,,,
2026-06-30T01:01:25.857992+00:00,2026-06-30T11:01:25.853425,1,3,68.0,0.2,67.9,625,,,,,,,,,,,,,,,,,,,68.1,625,68.2,500,68.3,200,,,,,,,,,,,,,,
2026-06-30T01:01:25.868570+00:00,2026-06-30T11:01:25.860011,1,2,68.0,0.2,67.9,625,,,,,,,,,,,,,,,,,,,68.1,625,68.3,200,,,,,,,,,,,,,,,,
2026-06-30T01:01:25.879656+00:00,2026-06-30T11:01:25.871581,2,3,68.0,0.2,67.9,625,67.8,500,,,,,,,,,,,,,,,,,68.1,625,68.2,500,68.3,200,,,,,,,,,,,,,,
2026-06-30T01:01:25.901783+00:00,2026-06-30T11:01:25.898782,2,2,68.0,0.2,67.9,825,67.8,500,,,,,,,,,,,,,,,,,68.1,825,68.2,500,,,,,,,,,,,,,,,,
2026-06-30T01:01:26.467101+00:00,2026-06-30T11:01:26.463101,1,1,68.0,0.2,67.9,825,,,,,,,,,,,,,,,,,,,68.1,825,,,,,,,,,,,,,,,,,,
2026-06-30T01:01:26.477727+00:00,2026-06-30T11:01:26.468167,2,1,68.0,0.2,67.9,825,67.8,500,,,,,,,,,,,,,,,,,68.1,825,,,,,,,,,,,,,,,,,,
2026-06-30T01:01:26.488305+00:00,2026-06-30T11:01:26.482746,2,2,68.0,0.2,67.9,825,67.8,500,,,,,,,,,,,,,,,,,68.1,825,68.2,500,,,,,,,,,,,,,,,,
2026-06-30T01:01:26.532086+00:00,2026-06-30T11:01:26.528076,2,2,68.0,0.2,67.9,825,67.8,500,,,,,,,,,,,,,,,,,68.1,805,68.2,500,,,,,,,,,,,,,,,,
2026-06-30T01:01:26.674025+00:00,2026-06-30T11:01:26.674025,2,3,67.95,0.1,67.9,200,67.8,1125,,,,,,,,,,,,,,,,,68.0,625,68.1,200,68.2,500,,,,,,,,,,,,,,
2026-06-30T01:01:27.067205+00:00,2026-06-30T11:01:27.062167,2,3,67.95,0.1,67.9,200,67.8,625,,,,,,,,,,,,,,,,,68.0,625,68.1,200,68.2,500,,,,,,,,,,,,,,
2026-06-30T01:01:27.077818+00:00,2026-06-30T11:01:27.068258,2,2,67.95,0.1,67.9,200,67.8,625,,,,,,,,,,,,,,,,,68.0,625,68.1,200,,,,,,,,,,,,,,,,
2026-06-30T01:01:27.088395+00:00,2026-06-30T11:01:27.079837,3,3,67.95,0.1,67.9,200,67.8,625,67.7,500,,,,,,,,,,,,,,,68.0,625,68.1,200,68.2,500,,,,,,,,,,,,,,
2026-06-30T01:01:27.110057+00:00,2026-06-30T11:01:27.106993,2,2,67.9,0.2,67.8,625,67.7,500,,,,,,,,,,,,,,,,,68.0,425,68.2,700,,,,,,,,,,,,,,,,
2026-06-30T01:01:27.665155+00:00,2026-06-30T11:01:27.663155,1,2,67.9,0.2,67.8,625,,,,,,,,,,,,,,,,,,,68.0,425,68.2,700,,,,,,,,,,,,,,,,
2026-06-30T01:01:27.676218+00:00,2026-06-30T11:01:27.669218,1,2,67.9,0.2,67.8,625,,,,,,,,,,,,,,,,,,,68.0,425,68.2,200,,,,,,,,,,,,,,,,
2026-06-30T01:01:27.687282+00:00,2026-06-30T11:01:27.684282,2,2,67.9,0.2,67.8,625,67.7,500,,,,,,,,,,,,,,,,,68.0,425,68.2,700,,,,,,,,,,,,,,,,
2026-06-30T01:01:27.978285+00:00,2026-06-30T11:01:27.974703,1,2,67.85,0.3,67.7,500,,,,,,,,,,,,,,,,,,,68.0,425,68.2,700,,,,,,,,,,,,,,,,
2026-06-30T01:01:27.988858+00:00,2026-06-30T11:01:27.981291,2,2,67.9,0.2,67.8,625,67.7,500,,,,,,,,,,,,,,,,,68.0,625,68.2,700,,,,,,,,,,,,,,,,
2026-06-30T01:01:28.271259+00:00,2026-06-30T11:01:28.266190,1,2,67.9,0.2,67.8,625,,,,,,,,,,,,,,,,,,,68.0,625,68.2,700,,,,,,,,,,,,,,,,
2026-06-30T01:01:28.282322+00:00,2026-06-30T11:01:28.280321,2,2,67.9,0.2,67.8,625,67.7,500,,,,,,,,,,,,,,,,,68.0,625,68.2,200,,,,,,,,,,,,,,,,
2026-06-30T01:01:28.293380+00:00,2026-06-30T11:01:28.287370,2,2,67.9,0.2,67.8,625,67.7,500,,,,,,,,,,,,,,,,,68.0,625,68.2,700,,,,,,,,,,,,,,,,
2026-06-30T01:01:28.315503+00:00,2026-06-30T11:01:28.313503,2,2,67.9,0.2,67.8,625,67.7,500,,,,,,,,,,,,,,,,,68.0,625,68.2,500,,,,,,,,,,,,,,,,
2026-06-30T01:01:28.326566+00:00,2026-06-30T11:01:28.323566,2,2,67.9,0.2,67.8,825,67.7,500,,,,,,,,,,,,,,,,,68.0,825,68.2,500,,,,,,,,,,,,,,,,
2026-06-30T01:01:28.892942+00:00,2026-06-30T11:01:28.887931,1,2,67.9,0.2,67.8,825,,,,,,,,,,,,,,,,,,,68.0,825,68.2,500,,,,,,,,,,,,,,,,
2026-06-30T01:01:28.904005+00:00,2026-06-30T11:01:28.899996,2,1,67.9,0.2,67.8,825,67.7,500,,,,,,,,,,,,,,,,,68.0,825,,,,,,,,,,,,,,,,,,
2026-06-30T01:01:28.915068+00:00,2026-06-30T11:01:28.904996,2,2,67.9,0.2,67.8,825,67.7,500,,,,,,,,,,,,,,,,,68.0,825,68.1,500,,,,,,,,,,,,,,,,
2026-06-30T01:01:29.296411+00:00,2026-06-30T11:01:29.290411,2,2,67.9,0.2,67.8,825,67.7,500,,,,,,,,,,,,,,,,,68.0,825,68.1,500,,,,,,,,,,,,,,,,
2026-06-30T01:01:29.492261+00:00,2026-06-30T11:01:29.491261,1,2,67.9,0.2,67.8,825,,,,,,,,,,,,,,,,,,,68.0,825,68.1,500,,,,,,,,,,,,,,,,
2026-06-30T01:01:29.503334+00:00,2026-06-30T11:01:29.497324,1,1,67.9,0.2,67.8,825,,,,,,,,,,,,,,,,,,,68.0,825,,,,,,,,,,,,,,,,,,
2026-06-30T01:01:29.514410+00:00,2026-06-30T11:01:29.509401,2,2,67.9,0.2,67.8,825,67.7,500,,,,,,,,,,,,,,,,,68.0,825,68.2,500,,,,,,,,,,,,,,,,
2026-06-30T01:01:29.525473+00:00,2026-06-30T11:01:29.523472,2,2,67.9,0.2,67.8,625,67.7,500,,,,,,,,,,,,,,,,,68.0,625,68.2,500,,,,,,,,,,,,,,,,
2026-06-30T01:01:29.536536+00:00,2026-06-30T11:01:29.529536,2,3,67.85,0.1,67.8,625,67.7,700,,,,,,,,,,,,,,,,,67.9,200,68.0,625,68.2,500,,,,,,,,,,,,,,
2026-06-30T01:01:30.101973+00:00,2026-06-30T11:01:30.099973,2,2,67.85,0.1,67.8,625,67.7,200,,,,,,,,,,,,,,,,,67.9,200,68.0,625,,,,,,,,,,,,,,,,
2026-06-30T01:01:30.113037+00:00,2026-06-30T11:01:30.110037,2,3,67.85,0.1,67.8,1125,67.7,200,,,,,,,,,,,,,,,,,67.9,200,68.0,625,68.2,500,,,,,,,,,,,,,,
2026-06-30T01:01:30.598430+00:00,2026-06-30T11:01:30.598430,2,3,67.85,0.1,67.8,1125,67.7,200,,,,,,,,,,,,,,,,,67.9,200,68.0,625,68.2,500,,,,,,,,,,,,,,
2026-06-30T01:01:30.697574+00:00,2026-06-30T11:01:30.697574,2,3,67.85,0.1,67.8,625,67.7,200,,,,,,,,,,,,,,,,,67.9,200,68.0,625,68.2,500,,,,,,,,,,,,,,
2026-06-30T01:01:30.708168+00:00,2026-06-30T11:01:30.702607,2,2,67.85,0.1,67.8,625,67.7,200,,,,,,,,,,,,,,,,,67.9,200,68.0,625,,,,,,,,,,,,,,,,
2026-06-30T01:01:30.718747+00:00,2026-06-30T11:01:30.715187,2,3,67.85,0.1,67.8,1125,67.7,200,,,,,,,,,,,,,,,,,67.9,200,68.0,625,68.2,500,,,,,,,,,,,,,,
2026-06-30T01:01:30.740892+00:00,2026-06-30T11:01:30.737882,2,2,67.9,0.2,67.8,1125,67.6,200,,,,,,,,,,,,,,,,,68.0,625,68.2,500,,,,,,,,,,,,,,,,
2026-06-30T01:01:30.751955+00:00,2026-06-30T11:01:30.741883,2,2,67.9,0.2,67.8,925,67.6,200,,,,,,,,,,,,,,,,,68.0,625,68.2,500,,,,,,,,,,,,,,,,
2026-06-30T01:01:31.306134+00:00,2026-06-30T11:01:31.300134,2,2,67.9,0.2,67.8,425,67.6,200,,,,,,,,,,,,,,,,,68.0,625,68.2,500,,,,,,,,,,,,,,,,
2026-06-30T01:01:31.317198+00:00,2026-06-30T11:01:31.315190,2,2,67.9,0.2,67.8,925,67.6,200,,,,,,,,,,,,,,,,,68.0,625,68.2,500,,,,,,,,,,,,,,,,
2026-06-30T01:01:31.913293+00:00,2026-06-30T11:01:31.907283,1,1,67.9,0.6,67.6,200,,,,,,,,,,,,,,,,,,,68.2,500,,,,,,,,,,,,,,,,,,
2026-06-30T01:01:31.924357+00:00,2026-06-30T11:01:31.922357,2,1,67.95,0.5,67.7,500,67.6,200,,,,,,,,,,,,,,,,,68.2,500,,,,,,,,,,,,,,,,,,
2026-06-30T01:01:31.935420+00:00,2026-06-30T11:01:31.929420,3,1,67.95,0.5,67.7,500,67.6,200,67.5,625,,,,,,,,,,,,,,,68.2,500,,,,,,,,,,,,,,,,,,
2026-06-30T01:01:31.946481+00:00,2026-06-30T11:01:31.943482,1,2,67.6,0.2,67.5,625,,,,,,,,,,,,,,,,,,,67.7,125,68.2,500,,,,,,,,,,,,,,,,
2026-06-30T01:01:31.957545+00:00,2026-06-30T11:01:31.949545,2,3,67.65,0.1,67.6,200,67.5,625,,,,,,,,,,,,,,,,,67.7,125,67.8,200,68.2,500,,,,,,,,,,,,,,
2026-06-30T01:01:32.510840+00:00,2026-06-30T11:01:32.504775,2,2,67.65,0.1,67.6,200,67.5,625,,,,,,,,,,,,,,,,,67.7,125,67.8,200,,,,,,,,,,,,,,,,
2026-06-30T01:01:32.521912+00:00,2026-06-30T11:01:32.511849,3,1,67.75,0.1,67.7,375,67.6,200,67.5,625,,,,,,,,,,,,,,,67.8,200,,,,,,,,,,,,,,,,,,
2026-06-30T01:01:32.532976+00:00,2026-06-30T11:01:32.521912,3,2,67.75,0.1,67.7,375,67.6,200,67.5,625,,,,,,,,,,,,,,,67.8,200,68.2,500,,,,,,,,,,,,,,,,
2026-06-30T01:01:33.109999+00:00,2026-06-30T11:01:33.107988,2,2,67.7,0.2,67.6,200,67.5,625,,,,,,,,,,,,,,,,,67.8,200,68.2,500,,,,,,,,,,,,,,,,
2026-06-30T01:01:33.121062+00:00,2026-06-30T11:01:33.119062,3,1,67.75,0.1,67.7,500,67.6,200,67.5,625,,,,,,,,,,,,,,,67.8,200,,,,,,,,,,,,,,,,,,
2026-06-30T01:01:33.132139+00:00,2026-06-30T11:01:33.125062,3,2,67.75,0.1,67.7,500,67.6,200,67.5,625,,,,,,,,,,,,,,,67.8,200,68.1,500,,,,,,,,,,,,,,,,
2026-06-30T01:01:33.154266+00:00,2026-06-30T11:01:33.152266,2,2,67.75,0.1,67.7,500,67.5,625,,,,,,,,,,,,,,,,,67.8,200,68.1,500,,,,,,,,,,,,,,,,
2026-06-30T01:01:33.165325+00:00,2026-06-30T11:01:33.161325,2,1,67.9,0.4,67.7,300,67.5,825,,,,,,,,,,,,,,,,,68.1,500,,,,,,,,,,,,,,,,,,
2026-06-30T01:01:33.241887+00:00,2026-06-30T11:01:33.234820,2,1,67.9,0.4,67.7,300,67.5,200,,,,,,,,,,,,,,,,,68.1,500,,,,,,,,,,,,,,,,,,
2026-06-30T01:01:33.252949+00:00,2026-06-30T11:01:33.242887,3,2,67.9,0.2,67.8,625,67.7,300,67.5,200,,,,,,,,,,,,,,,68.0,625,68.1,500,,,,,,,,,,,,,,,,
2026-06-30T01:01:33.710837+00:00,2026-06-30T11:01:33.709836,2,2,67.9,0.2,67.8,625,67.5,200,,,,,,,,,,,,,,,,,68.0,625,68.1,500,,,,,,,,,,,,,,,,
2026-06-30T01:01:33.721900+00:00,2026-06-30T11:01:33.715837,2,1,67.9,0.2,67.8,625,67.5,200,,,,,,,,,,,,,,,,,68.0,625,,,,,,,,,,,,,,,,,,
2026-06-30T01:01:33.732951+00:00,2026-06-30T11:01:33.727950,3,2,67.9,0.2,67.8,625,67.7,500,67.5,200,,,,,,,,,,,,,,,68.0,625,68.2,500,,,,,,,,,,,,,,,,
2026-06-30T01:01:34.315409+00:00,2026-06-30T11:01:34.313409,2,2,67.9,0.2,67.8,625,67.5,200,,,,,,,,,,,,,,,,,68.0,625,68.2,500,,,,,,,,,,,,,,,,
2026-06-30T01:01:34.326472+00:00,2026-06-30T11:01:34.323472,3,1,67.9,0.2,67.8,625,67.7,500,67.5,200,,,,,,,,,,,,,,,68.0,625,,,,,,,,,,,,,,,,,,
2026-06-30T01:01:34.337537+00:00,2026-06-30T11:01:34.328528,3,2,67.9,0.2,67.8,625,67.7,500,67.5,200,,,,,,,,,,,,,,,68.0,625,68.2,500,,,,,,,,,,,,,,,,
2026-06-30T01:01:34.368851+00:00,2026-06-30T11:01:34.367262,2,2,67.9,0.2,67.8,825,67.7,500,,,,,,,,,,,,,,,,,68.0,625,68.2,500,,,,,,,,,,,,,,,,
2026-06-30T01:01:34.379934+00:00,2026-06-30T11:01:34.369869,2,2,67.9,0.2,67.8,825,67.7,500,,,,,,,,,,,,,,,,,68.0,825,68.2,500,,,,,,,,,,,,,,,,
2026-06-30T01:01:34.556047+00:00,2026-06-30T11:01:34.555047,3,2,68.15,0.1,68.1,225,67.8,200,67.7,500,,,,,,,,,,,,,,,68.2,500,68.3,625,,,,,,,,,,,,,,,,
2026-06-30T01:01:34.947118+00:00,2026-06-30T11:01:34.937108,2,2,68.15,0.1,68.1,225,67.8,200,,,,,,,,,,,,,,,,,68.2,500,68.3,625,,,,,,,,,,,,,,,,
2026-06-30T01:01:34.957746+00:00,2026-06-30T11:01:34.954176,2,2,68.15,0.1,68.1,225,67.8,700,,,,,,,,,,,,,,,,,68.2,500,68.3,625,,,,,,,,,,,,,,,,
2026-06-30T01:01:35.348059+00:00,2026-06-30T11:01:35.339500,2,2,68.15,0.1,68.1,205,67.8,700,,,,,,,,,,,,,,,,,68.2,500,68.3,625,,,,,,,,,,,,,,,,
2026-06-30T01:01:35.543872+00:00,2026-06-30T11:01:35.538872,2,2,68.15,0.1,68.1,205,67.8,200,,,,,,,,,,,,,,,,,68.2,500,68.3,625,,,,,,,,,,,,,,,,
2026-06-30T01:01:35.554935+00:00,2026-06-30T11:01:35.553926,2,1,68.2,0.2,68.1,205,67.8,700,,,,,,,,,,,,,,,,,68.3,625,,,,,,,,,,,,,,,,,,
2026-06-30T01:01:35.565999+00:00,2026-06-30T11:01:35.556935,2,2,68.15,0.1,68.1,205,67.8,700,,,,,,,,,,,,,,,,,68.2,500,68.3,625,,,,,,,,,,,,,,,,
2026-06-30T01:01:35.587173+00:00,2026-06-30T11:01:35.579117,2,2,68.15,0.1,68.1,5,67.8,700,,,,,,,,,,,,,,,,,68.2,500,68.3,625,,,,,,,,,,,,,,,,
2026-06-30T01:01:35.750769+00:00,2026-06-30T11:01:35.747759,1,2,68.0,0.4,67.8,700,,,,,,,,,,,,,,,,,,,68.2,500,68.3,625,,,,,,,,,,,,,,,,
2026-06-30T01:01:35.859005+00:00,2026-06-30T11:01:35.856445,1,2,67.85,0.1,67.8,1325,,,,,,,,,,,,,,,,,,,67.9,625,68.2,500,,,,,,,,,,,,,,,,
2026-06-30T01:01:36.144389+00:00,2026-06-30T11:01:36.141388,1,2,67.85,0.1,67.8,825,,,,,,,,,,,,,,,,,,,67.9,625,68.2,500,,,,,,,,,,,,,,,,
2026-06-30T01:01:36.155457+00:00,2026-06-30T11:01:36.151457,1,1,67.85,0.1,67.8,1325,,,,,,,,,,,,,,,,,,,67.9,625,,,,,,,,,,,,,,,,,,
2026-06-30T01:01:36.166520+00:00,2026-06-30T11:01:36.161521,1,2,67.85,0.1,67.8,1325,,,,,,,,,,,,,,,,,,,67.9,625,68.2,500,,,,,,,,,,,,,,,,
2026-06-30T01:01:36.748618+00:00,2026-06-30T11:01:36.745058,1,2,67.85,0.1,67.8,825,,,,,,,,,,,,,,,,,,,67.9,625,68.2,500,,,,,,,,,,,,,,,,
2026-06-30T01:01:36.759699+00:00,2026-06-30T11:01:36.758699,2,2,67.85,0.1,67.8,825,67.7,500,,,,,,,,,,,,,,,,,67.9,625,68.2,500,,,,,,,,,,,,,,,,
2026-06-30T01:01:36.792891+00:00,2026-06-30T11:01:36.786818,2,3,67.85,0.1,67.8,825,67.7,500,,,,,,,,,,,,,,,,,67.9,625,68.0,200,68.2,500,,,,,,,,,,,,,,
2026-06-30T01:01:37.162855+00:00,2026-06-30T11:01:37.161854,3,2,67.95,0.1,67.9,625,67.8,200,67.7,500,,,,,,,,,,,,,,,68.0,200,68.2,500,,,,,,,,,,,,,,,,
2026-06-30T01:01:37.173917+00:00,2026-06-30T11:01:37.162855,3,3,67.95,0.1,67.9,625,67.8,200,67.7,500,,,,,,,,,,,,,,,68.0,200,68.1,625,68.2,500,,,,,,,,,,,,,,
2026-06-30T01:01:37.347628+00:00,2026-06-30T11:01:37.346574,2,3,67.95,0.1,67.9,625,67.8,200,,,,,,,,,,,,,,,,,68.0,200,68.1,625,68.2,500,,,,,,,,,,,,,,
2026-06-30T01:01:37.358226+00:00,2026-06-30T11:01:37.357713,3,2,67.95,0.1,67.9,625,67.8,200,67.7,500,,,,,,,,,,,,,,,68.0,200,68.1,625,,,,,,,,,,,,,,,,
2026-06-30T01:01:37.368804+00:00,2026-06-30T11:01:37.361245,3,2,67.95,0.1,67.9,625,67.8,200,67.7,500,,,,,,,,,,,,,,,68.0,200,68.1,1125,,,,,,,,,,,,,,,,
2026-06-30T01:01:37.957251+00:00,2026-06-30T11:01:37.956204,2,2,67.95,0.1,67.9,625,67.8,200,,,,,,,,,,,,,,,,,68.0,200,68.1,625,,,,,,,,,,,,,,,,
2026-06-30T01:01:37.967830+00:00,2026-06-30T11:01:37.965269,3,2,67.95,0.1,67.9,625,67.8,200,67.7,500,,,,,,,,,,,,,,,68.0,200,68.1,1125,,,,,,,,,,,,,,,,
2026-06-30T01:01:37.989000+00:00,2026-06-30T11:01:37.988486,2,2,67.95,0.1,67.9,625,67.7,500,,,,,,,,,,,,,,,,,68.0,200,68.1,1125,,,,,,,,,,,,,,,,
2026-06-30T01:01:38.000082+00:00,2026-06-30T11:01:37.996019,2,1,68.0,0.2,67.9,425,67.7,700,,,,,,,,,,,,,,,,,68.1,1125,,,,,,,,,,,,,,,,,,
2026-06-30T01:01:38.468242+00:00,2026-06-30T11:01:38.467729,1,1,67.9,0.4,67.7,1325,,,,,,,,,,,,,,,,,,,68.1,500,,,,,,,,,,,,,,,,,,
2026-06-30T01:01:38.478825+00:00,2026-06-30T11:01:38.469261,1,2,67.8,0.2,67.7,1325,,,,,,,,,,,,,,,,,,,67.9,625,68.1,500,,,,,,,,,,,,,,,,
2026-06-30T01:01:38.556331+00:00,2026-06-30T11:01:38.551332,1,2,67.8,0.2,67.7,825,,,,,,,,,,,,,,,,,,,67.9,625,68.1,500,,,,,,,,,,,,,,,,
2026-06-30T01:01:38.567395+00:00,2026-06-30T11:01:38.563395,1,1,67.8,0.2,67.7,1325,,,,,,,,,,,,,,,,,,,67.9,625,,,,,,,,,,,,,,,,,,
2026-06-30T01:01:38.578013+00:00,2026-06-30T11:01:38.570460,1,2,67.8,0.2,67.7,1325,,,,,,,,,,,,,,,,,,,67.9,625,68.1,500,,,,,,,,,,,,,,,,
2026-06-30T01:01:38.872014+00:00,2026-06-30T11:01:38.861951,1,2,67.8,0.2,67.7,1305,,,,,,,,,,,,,,,,,,,67.9,625,68.1,500,,,,,,,,,,,,,,,,
2026-06-30T01:01:39.164966+00:00,2026-06-30T11:01:39.160966,1,1,67.8,0.2,67.7,805,,,,,,,,,,,,,,,,,,,67.9,625,,,,,,,,,,,,,,,,,,
2026-06-30T01:01:39.176033+00:00,2026-06-30T11:01:39.175033,2,2,67.8,0.2,67.7,805,67.6,500,,,,,,,,,,,,,,,,,67.9,625,68.1,500,,,,,,,,,,,,,,,,
2026-06-30T01:01:39.207786+00:00,2026-06-30T11:01:39.204226,3,2,67.85,0.1,67.8,200,67.7,625,67.6,500,,,,,,,,,,,,,,,67.9,625,68.1,500,,,,,,,,,,,,,,,,
2026-06-30T01:01:39.218364+00:00,2026-06-30T11:01:39.211805,3,2,67.85,0.1,67.8,200,67.7,625,67.6,500,,,,,,,,,,,,,,,67.9,825,68.1,500,,,,,,,,,,,,,,,,
2026-06-30T01:01:39.763030+00:00,2026-06-30T11:01:39.762030,2,1,67.85,0.1,67.8,200,67.7,625,,,,,,,,,,,,,,,,,67.9,825,,,,,,,,,,,,,,,,,,
2026-06-30T01:01:39.774089+00:00,2026-06-30T11:01:39.773089,3,2,67.85,0.1,67.8,200,67.7,625,67.6,500,,,,,,,,,,,,,,,67.9,825,68.0,500,,,,,,,,,,,,,,,,
2026-06-30T01:01:39.785160+00:00,2026-06-30T11:01:39.784160,3,2,67.95,0.1,67.9,425,67.8,200,67.6,500,,,,,,,,,,,,,,,68.0,500,68.1,625,,,,,,,,,,,,,,,,
