recv_time,book_timestamp,n_bids,n_asks,mid,spread,bid_px_0,bid_vol_0,bid_px_1,bid_vol_1,bid_px_2,bid_vol_2,bid_px_3,bid_vol_3,bid_px_4,bid_vol_4,bid_px_5,bid_vol_5,bid_px_6,bid_vol_6,bid_px_7,bid_vol_7,bid_px_8,bid_vol_8,bid_px_9,bid_vol_9,ask_px_0,ask_vol_0,ask_px_1,ask_vol_1,ask_px_2,ask_vol_2,ask_px_3,ask_vol_3,ask_px_4,ask_vol_4,ask_px_5,ask_vol_5,ask_px_6,ask_vol_6,ask_px_7,ask_vol_7,ask_px_8,ask_vol_8,ask_px_9,ask_vol_9
2026-07-03T10:00:00.483949+00:00,2026-07-03T10:00:00.492258,2,2,122.0,0.2,121.9,825,121.7,500,,,,,,,,,,,,,,,,,122.1,825,122.4,500,,,,,,,,,,,,,,,,
2026-07-03T10:00:01.109951+00:00,2026-07-03T10:00:01.109813,1,2,122.0,0.2,121.9,825,,,,,,,,,,,,,,,,,,,122.1,825,122.4,500,,,,,,,,,,,,,,,,
2026-07-03T10:00:01.120405+00:00,2026-07-03T10:00:01.120280,1,1,122.0,0.2,121.9,825,,,,,,,,,,,,,,,,,,,122.1,825,,,,,,,,,,,,,,,,,,
2026-07-03T10:00:01.130816+00:00,2026-07-03T10:00:01.130695,2,1,122.0,0.2,121.9,825,121.7,500,,,,,,,,,,,,,,,,,122.1,825,,,,,,,,,,,,,,,,,,
2026-07-03T10:00:01.136005+00:00,2026-07-03T10:00:01.135985,2,2,122.0,0.2,121.9,825,121.7,500,,,,,,,,,,,,,,,,,122.1,825,122.4,500,,,,,,,,,,,,,,,,
2026-07-03T10:00:01.164157+00:00,2026-07-03T10:00:01.164082,2,2,122.0,0.2,121.9,825,121.7,500,,,,,,,,,,,,,,,,,122.1,625,122.4,500,,,,,,,,,,,,,,,,
2026-07-03T10:00:01.169383+00:00,2026-07-03T10:00:01.169281,2,2,122.0,0.2,121.9,825,121.7,500,,,,,,,,,,,,,,,,,122.1,825,122.4,500,,,,,,,,,,,,,,,,
2026-07-03T10:00:01.732677+00:00,2026-07-03T10:00:01.727603,2,2,122.0,0.2,121.9,780,121.8,500,,,,,,,,,,,,,,,,,122.1,825,122.5,500,,,,,,,,,,,,,,,,
2026-07-03T10:00:01.759093+00:00,2026-07-03T10:00:01.755907,2,3,121.95,0.1,121.9,200,121.8,1125,,,,,,,,,,,,,,,,,122.0,625,122.1,200,122.5,500,,,,,,,,,,,,,,
2026-07-03T10:00:02.316543+00:00,2026-07-03T10:00:02.316323,2,3,121.95,0.1,121.9,200,121.8,625,,,,,,,,,,,,,,,,,122.0,625,122.1,200,122.5,500,,,,,,,,,,,,,,
2026-07-03T10:00:02.321803+00:00,2026-07-03T10:00:02.321630,2,2,121.95,0.1,121.9,200,121.8,625,,,,,,,,,,,,,,,,,122.0,625,122.1,200,,,,,,,,,,,,,,,,
2026-07-03T10:00:02.327073+00:00,2026-07-03T10:00:02.326914,3,2,121.95,0.1,121.9,200,121.8,625,121.7,500,,,,,,,,,,,,,,,122.0,625,122.1,200,,,,,,,,,,,,,,,,
2026-07-03T10:00:02.337475+00:00,2026-07-03T10:00:02.337353,3,3,121.95,0.1,121.9,200,121.8,625,121.7,500,,,,,,,,,,,,,,,122.0,625,122.1,200,122.4,500,,,,,,,,,,,,,,
2026-07-03T10:00:02.372391+00:00,2026-07-03T10:00:02.372336,3,2,121.95,0.1,121.9,200,121.8,625,121.7,500,,,,,,,,,,,,,,,122.0,625,122.4,500,,,,,,,,,,,,,,,,
2026-07-03T10:00:02.377580+00:00,2026-07-03T10:00:02.377503,3,3,121.95,0.1,121.9,200,121.8,625,121.7,500,,,,,,,,,,,,,,,122.0,625,122.1,200,122.4,500,,,,,,,,,,,,,,
2026-07-03T10:00:02.701778+00:00,2026-07-03T10:00:02.701630,3,3,121.95,0.1,121.9,199,121.8,625,121.7,500,,,,,,,,,,,,,,,122.0,625,122.1,200,122.4,500,,,,,,,,,,,,,,
2026-07-03T10:00:02.917880+00:00,2026-07-03T10:00:02.917704,2,3,121.95,0.1,121.9,199,121.8,625,,,,,,,,,,,,,,,,,122.0,625,122.1,200,122.4,500,,,,,,,,,,,,,,
2026-07-03T10:00:02.923272+00:00,2026-07-03T10:00:02.923052,2,2,121.95,0.1,121.9,199,121.8,625,,,,,,,,,,,,,,,,,122.0,625,122.1,200,,,,,,,,,,,,,,,,
2026-07-03T10:00:02.933765+00:00,2026-07-03T10:00:02.933558,3,2,121.95,0.1,121.9,199,121.8,625,121.7,500,,,,,,,,,,,,,,,122.0,625,122.1,200,,,,,,,,,,,,,,,,
2026-07-03T10:00:02.939129+00:00,2026-07-03T10:00:02.938860,3,3,121.95,0.1,121.9,199,121.8,625,121.7,500,,,,,,,,,,,,,,,122.0,625,122.1,200,122.4,500,,,,,,,,,,,,,,
2026-07-03T10:00:03.069843+00:00,2026-07-03T10:00:03.069688,2,2,122.0,0.2,121.9,199,121.7,500,,,,,,,,,,,,,,,,,122.1,200,122.4,500,,,,,,,,,,,,,,,,
2026-07-03T10:00:03.075114+00:00,2026-07-03T10:00:03.075041,2,2,122.0,0.2,121.9,824,121.7,500,,,,,,,,,,,,,,,,,122.1,200,122.4,500,,,,,,,,,,,,,,,,
2026-07-03T10:00:03.080513+00:00,2026-07-03T10:00:03.080332,2,3,122.0,0.2,121.9,824,121.7,500,,,,,,,,,,,,,,,,,122.1,200,122.2,625,122.4,500,,,,,,,,,,,,,,
2026-07-03T10:00:03.522168+00:00,2026-07-03T10:00:03.522009,1,3,122.0,0.2,121.9,824,,,,,,,,,,,,,,,,,,,122.1,200,122.2,625,122.4,500,,,,,,,,,,,,,,
2026-07-03T10:00:03.527580+00:00,2026-07-03T10:00:03.527374,1,2,122.0,0.2,121.9,824,,,,,,,,,,,,,,,,,,,122.1,200,122.2,625,,,,,,,,,,,,,,,,
2026-07-03T10:00:03.538130+00:00,2026-07-03T10:00:03.537905,2,2,122.0,0.2,121.9,824,121.7,500,,,,,,,,,,,,,,,,,122.1,200,122.2,625,,,,,,,,,,,,,,,,
2026-07-03T10:00:03.548660+00:00,2026-07-03T10:00:03.548449,2,3,122.0,0.2,121.9,824,121.7,500,,,,,,,,,,,,,,,,,122.1,200,122.2,625,122.4,500,,,,,,,,,,,,,,
2026-07-03T10:00:03.577075+00:00,2026-07-03T10:00:03.576955,2,3,122.0,0.2,121.9,625,121.7,500,,,,,,,,,,,,,,,,,122.1,200,122.2,625,122.4,500,,,,,,,,,,,,,,
2026-07-03T10:00:03.582282+00:00,2026-07-03T10:00:03.582201,3,2,122.1,0.2,122.0,200,121.9,625,121.7,500,,,,,,,,,,,,,,,122.2,825,122.4,500,,,,,,,,,,,,,,,,
2026-07-03T10:00:04.127992+00:00,2026-07-03T10:00:04.127768,3,1,122.1,0.2,122.0,200,121.9,625,121.6,500,,,,,,,,,,,,,,,122.2,825,,,,,,,,,,,,,,,,,,
2026-07-03T10:00:04.138728+00:00,2026-07-03T10:00:04.134807,3,2,122.1,0.2,122.0,200,121.9,625,121.6,500,,,,,,,,,,,,,,,122.2,825,122.4,500,,,,,,,,,,,,,,,,
2026-07-03T10:00:04.383565+00:00,2026-07-03T10:00:04.383468,3,3,122.05,0.1,122.0,200,121.8,625,121.6,500,,,,,,,,,,,,,,,122.1,625,122.2,200,122.4,500,,,,,,,,,,,,,,
2026-07-03T10:00:04.727374+00:00,2026-07-03T10:00:04.727228,2,3,122.05,0.1,122.0,200,121.8,625,,,,,,,,,,,,,,,,,122.1,625,122.2,200,122.4,500,,,,,,,,,,,,,,
2026-07-03T10:00:04.732573+00:00,2026-07-03T10:00:04.732538,2,2,122.05,0.1,122.0,200,121.8,625,,,,,,,,,,,,,,,,,122.1,625,122.2,200,,,,,,,,,,,,,,,,
2026-07-03T10:00:04.743241+00:00,2026-07-03T10:00:04.742979,3,2,122.05,0.1,122.0,200,121.8,625,121.7,500,,,,,,,,,,,,,,,122.1,625,122.2,200,,,,,,,,,,,,,,,,
2026-07-03T10:00:04.758595+00:00,2026-07-03T10:00:04.748265,3,3,122.05,0.1,122.0,200,121.8,625,121.7,500,,,,,,,,,,,,,,,122.1,625,122.2,200,122.4,500,,,,,,,,,,,,,,
2026-07-03T10:00:04.790098+00:00,2026-07-03T10:00:04.790036,3,2,122.05,0.1,122.0,200,121.8,625,121.7,500,,,,,,,,,,,,,,,122.1,625,122.4,500,,,,,,,,,,,,,,,,
2026-07-03T10:00:04.795269+00:00,2026-07-03T10:00:04.795195,3,3,122.05,0.1,122.0,200,121.8,625,121.7,500,,,,,,,,,,,,,,,122.1,625,122.2,200,122.4,500,,,,,,,,,,,,,,
2026-07-03T10:00:04.904503+00:00,2026-07-03T10:00:04.904429,3,3,122.05,0.1,122.0,199,121.8,625,121.7,500,,,,,,,,,,,,,,,122.1,625,122.2,200,122.4,500,,,,,,,,,,,,,,
2026-07-03T10:00:05.329842+00:00,2026-07-03T10:00:05.329602,2,3,122.05,0.1,122.0,199,121.8,625,,,,,,,,,,,,,,,,,122.1,625,122.2,200,122.4,500,,,,,,,,,,,,,,
2026-07-03T10:00:05.335027+00:00,2026-07-03T10:00:05.334912,2,2,122.05,0.1,122.0,199,121.8,625,,,,,,,,,,,,,,,,,122.1,625,122.2,200,,,,,,,,,,,,,,,,
2026-07-03T10:00:05.340415+00:00,2026-07-03T10:00:05.340220,3,2,122.05,0.1,122.0,199,121.8,625,121.7,500,,,,,,,,,,,,,,,122.1,625,122.2,200,,,,,,,,,,,,,,,,
2026-07-03T10:00:05.345580+00:00,2026-07-03T10:00:05.345497,3,3,122.05,0.1,122.0,199,121.8,625,121.7,500,,,,,,,,,,,,,,,122.1,625,122.2,200,122.4,500,,,,,,,,,,,,,,
2026-07-03T10:00:05.644971+00:00,2026-07-03T10:00:05.644859,3,3,122.05,0.1,122.0,179,121.8,625,121.7,500,,,,,,,,,,,,,,,122.1,625,122.2,200,122.4,500,,,,,,,,,,,,,,
2026-07-03T10:00:05.690985+00:00,2026-07-03T10:00:05.690926,3,2,122.1,0.2,122.0,179,121.8,625,121.7,500,,,,,,,,,,,,,,,122.2,200,122.4,500,,,,,,,,,,,,,,,,
2026-07-03T10:00:05.705335+00:00,2026-07-03T10:00:05.704292,2,3,121.9,0.2,121.8,625,121.7,500,,,,,,,,,,,,,,,,,122.0,434,122.2,200,122.4,500,,,,,,,,,,,,,,
2026-07-03T10:00:05.802986+00:00,2026-07-03T10:00:05.802901,2,3,121.9,0.2,121.8,625,121.7,500,,,,,,,,,,,,,,,,,122.0,433,122.2,200,122.4,500,,,,,,,,,,,,,,
2026-07-03T10:00:05.929332+00:00,2026-07-03T10:00:05.929225,1,3,121.9,0.2,121.8,625,,,,,,,,,,,,,,,,,,,122.0,433,122.2,200,122.4,500,,,,,,,,,,,,,,
2026-07-03T10:00:05.939770+00:00,2026-07-03T10:00:05.939661,1,2,121.9,0.2,121.8,625,,,,,,,,,,,,,,,,,,,122.0,433,122.2,200,,,,,,,,,,,,,,,,
2026-07-03T10:00:05.945026+00:00,2026-07-03T10:00:05.944943,2,2,121.9,0.2,121.8,625,121.7,500,,,,,,,,,,,,,,,,,122.0,433,122.2,200,,,,,,,,,,,,,,,,
2026-07-03T10:00:05.958710+00:00,2026-07-03T10:00:05.955403,2,3,121.9,0.2,121.8,625,121.7,500,,,,,,,,,,,,,,,,,122.0,433,122.2,200,122.4,500,,,,,,,,,,,,,,
2026-07-03T10:00:05.998571+00:00,2026-07-03T10:00:05.998425,3,3,121.95,0.1,121.9,200,121.8,625,121.7,500,,,,,,,,,,,,,,,122.0,433,122.1,200,122.4,500,,,,,,,,,,,,,,
2026-07-03T10:00:06.535657+00:00,2026-07-03T10:00:06.535566,2,3,121.95,0.1,121.9,200,121.8,625,,,,,,,,,,,,,,,,,122.0,433,122.1,200,122.4,500,,,,,,,,,,,,,,
2026-07-03T10:00:06.540916+00:00,2026-07-03T10:00:06.540844,2,2,121.95,0.1,121.9,200,121.8,625,,,,,,,,,,,,,,,,,122.0,433,122.1,200,,,,,,,,,,,,,,,,
2026-07-03T10:00:06.551370+00:00,2026-07-03T10:00:06.551272,3,2,121.95,0.1,121.9,200,121.8,625,121.6,500,,,,,,,,,,,,,,,122.0,433,122.1,200,,,,,,,,,,,,,,,,
2026-07-03T10:00:06.556617+00:00,2026-07-03T10:00:06.556552,3,3,121.95,0.1,121.9,200,121.8,625,121.6,500,,,,,,,,,,,,,,,122.0,433,122.1,200,122.3,500,,,,,,,,,,,,,,
2026-07-03T10:00:06.997285+00:00,2026-07-03T10:00:06.997234,2,2,122.0,0.2,121.9,200,121.6,500,,,,,,,,,,,,,,,,,122.1,200,122.3,500,,,,,,,,,,,,,,,,
2026-07-03T10:00:07.002465+00:00,2026-07-03T10:00:07.002436,2,2,122.0,0.2,121.9,825,121.6,500,,,,,,,,,,,,,,,,,122.1,825,122.3,500,,,,,,,,,,,,,,,,
2026-07-03T10:00:07.170761+00:00,2026-07-03T10:00:07.170484,1,2,122.0,0.2,121.9,825,,,,,,,,,,,,,,,,,,,122.1,825,122.3,500,,,,,,,,,,,,,,,,
2026-07-03T10:00:07.175841+00:00,2026-07-03T10:00:07.175775,1,1,122.0,0.2,121.9,825,,,,,,,,,,,,,,,,,,,122.1,825,,,,,,,,,,,,,,,,,,
2026-07-03T10:00:07.186371+00:00,2026-07-03T10:00:07.186217,2,1,122.0,0.2,121.9,825,121.6,500,,,,,,,,,,,,,,,,,122.1,825,,,,,,,,,,,,,,,,,,
2026-07-03T10:00:07.191699+00:00,2026-07-03T10:00:07.191489,2,2,122.0,0.2,121.9,825,121.6,500,,,,,,,,,,,,,,,,,122.1,825,122.3,500,,,,,,,,,,,,,,,,
2026-07-03T10:00:07.202145+00:00,2026-07-03T10:00:07.202020,2,2,122.0,0.2,121.9,625,121.6,500,,,,,,,,,,,,,,,,,122.1,625,122.3,500,,,,,,,,,,,,,,,,
2026-07-03T10:00:07.277768+00:00,2026-07-03T10:00:07.203692,3,2,122.05,0.1,122.0,200,121.9,625,121.6,500,,,,,,,,,,,,,,,122.1,625,122.3,700,,,,,,,,,,,,,,,,
2026-07-03T10:00:07.772310+00:00,2026-07-03T10:00:07.772174,2,2,122.05,0.1,122.0,200,121.9,625,,,,,,,,,,,,,,,,,122.1,625,122.3,700,,,,,,,,,,,,,,,,
2026-07-03T10:00:07.777585+00:00,2026-07-03T10:00:07.777470,2,2,122.05,0.1,122.0,200,121.9,625,,,,,,,,,,,,,,,,,122.1,625,122.3,200,,,,,,,,,,,,,,,,
2026-07-03T10:00:07.782771+00:00,2026-07-03T10:00:07.782735,3,2,122.05,0.1,122.0,200,121.9,625,121.6,500,,,,,,,,,,,,,,,122.1,625,122.3,200,,,,,,,,,,,,,,,,
2026-07-03T10:00:07.793261+00:00,2026-07-03T10:00:07.793160,3,2,122.05,0.1,122.0,200,121.9,625,121.6,500,,,,,,,,,,,,,,,122.1,625,122.3,700,,,,,,,,,,,,,,,,
2026-07-03T10:00:08.307250+00:00,2026-07-03T10:00:08.307114,3,1,122.2,0.2,122.1,625,122.0,200,121.6,500,,,,,,,,,,,,,,,122.3,700,,,,,,,,,,,,,,,,,,
2026-07-03T10:00:08.312391+00:00,2026-07-03T10:00:08.312276,3,1,122.2,0.2,122.1,625,122.0,200,121.6,500,,,,,,,,,,,,,,,122.3,1325,,,,,,,,,,,,,,,,,,
2026-07-03T10:00:08.374851+00:00,2026-07-03T10:00:08.374661,2,1,122.2,0.2,122.1,625,122.0,200,,,,,,,,,,,,,,,,,122.3,1325,,,,,,,,,,,,,,,,,,
2026-07-03T10:00:08.380049+00:00,2026-07-03T10:00:08.379950,2,1,122.2,0.2,122.1,625,122.0,200,,,,,,,,,,,,,,,,,122.3,825,,,,,,,,,,,,,,,,,,
2026-07-03T10:00:08.385276+00:00,2026-07-03T10:00:08.385246,3,1,122.2,0.2,122.1,625,122.0,200,121.7,500,,,,,,,,,,,,,,,122.3,825,,,,,,,,,,,,,,,,,,
2026-07-03T10:00:08.395777+00:00,2026-07-03T10:00:08.395663,3,2,122.2,0.2,122.1,625,122.0,200,121.7,500,,,,,,,,,,,,,,,122.3,825,122.4,500,,,,,,,,,,,,,,,,
2026-07-03T10:00:08.411883+00:00,2026-07-03T10:00:08.411851,2,2,122.2,0.2,122.1,825,121.7,500,,,,,,,,,,,,,,,,,122.3,625,122.4,500,,,,,,,,,,,,,,,,
2026-07-03T10:00:08.417115+00:00,2026-07-03T10:00:08.417011,2,2,122.2,0.2,122.1,825,121.7,500,,,,,,,,,,,,,,,,,122.3,825,122.4,500,,,,,,,,,,,,,,,,
2026-07-03T10:00:08.978151+00:00,2026-07-03T10:00:08.977899,1,2,122.2,0.2,122.1,825,,,,,,,,,,,,,,,,,,,122.3,825,122.4,500,,,,,,,,,,,,,,,,
2026-07-03T10:00:08.983297+00:00,2026-07-03T10:00:08.983190,1,1,122.2,0.2,122.1,825,,,,,,,,,,,,,,,,,,,122.3,825,,,,,,,,,,,,,,,,,,
2026-07-03T10:00:09.005480+00:00,2026-07-03T10:00:08.991131,2,2,122.2,0.2,122.1,825,121.7,500,,,,,,,,,,,,,,,,,122.3,825,122.4,500,,,,,,,,,,,,,,,,
2026-07-03T10:00:09.580440+00:00,2026-07-03T10:00:09.580289,1,2,122.2,0.2,122.1,825,,,,,,,,,,,,,,,,,,,122.3,825,122.4,500,,,,,,,,,,,,,,,,
2026-07-03T10:00:09.585764+00:00,2026-07-03T10:00:09.585615,1,1,122.2,0.2,122.1,825,,,,,,,,,,,,,,,,,,,122.3,825,,,,,,,,,,,,,,,,,,
2026-07-03T10:00:09.590946+00:00,2026-07-03T10:00:09.590908,2,1,122.2,0.2,122.1,825,121.7,500,,,,,,,,,,,,,,,,,122.3,825,,,,,,,,,,,,,,,,,,
2026-07-03T10:00:09.601432+00:00,2026-07-03T10:00:09.601301,2,2,122.2,0.2,122.1,825,121.7,500,,,,,,,,,,,,,,,,,122.3,825,122.4,500,,,,,,,,,,,,,,,,
2026-07-03T10:00:09.617157+00:00,2026-07-03T10:00:09.617075,1,2,122.0,0.6,121.7,500,,,,,,,,,,,,,,,,,,,122.3,200,122.4,500,,,,,,,,,,,,,,,,
2026-07-03T10:00:09.622335+00:00,2026-07-03T10:00:09.622231,1,1,122.05,0.7,121.7,500,,,,,,,,,,,,,,,,,,,122.4,500,,,,,,,,,,,,,,,,,,
2026-07-03T10:00:09.627624+00:00,2026-07-03T10:00:09.627510,2,2,122.2,0.2,122.1,825,121.7,500,,,,,,,,,,,,,,,,,122.3,825,122.4,500,,,,,,,,,,,,,,,,
2026-07-03T10:00:10.180490+00:00,2026-07-03T10:00:10.180276,1,2,122.2,0.2,122.1,825,,,,,,,,,,,,,,,,,,,122.3,825,122.4,500,,,,,,,,,,,,,,,,
2026-07-03T10:00:10.185621+00:00,2026-07-03T10:00:10.185566,1,1,122.2,0.2,122.1,825,,,,,,,,,,,,,,,,,,,122.3,825,,,,,,,,,,,,,,,,,,
2026-07-03T10:00:10.190939+00:00,2026-07-03T10:00:10.190842,2,1,122.2,0.2,122.1,825,121.8,500,,,,,,,,,,,,,,,,,122.3,825,,,,,,,,,,,,,,,,,,
2026-07-03T10:00:10.201469+00:00,2026-07-03T10:00:10.201288,2,2,122.2,0.2,122.1,825,121.8,500,,,,,,,,,,,,,,,,,122.3,825,122.5,500,,,,,,,,,,,,,,,,
2026-07-03T10:00:10.787729+00:00,2026-07-03T10:00:10.787569,1,2,122.2,0.2,122.1,825,,,,,,,,,,,,,,,,,,,122.3,825,122.5,500,,,,,,,,,,,,,,,,
2026-07-03T10:00:10.792739+00:00,2026-07-03T10:00:10.792852,1,1,122.2,0.2,122.1,825,,,,,,,,,,,,,,,,,,,122.3,825,,,,,,,,,,,,,,,,,,
2026-07-03T10:00:10.798248+00:00,2026-07-03T10:00:10.798124,2,1,122.2,0.2,122.1,825,121.9,500,,,,,,,,,,,,,,,,,122.3,825,,,,,,,,,,,,,,,,,,
2026-07-03T10:00:10.803458+00:00,2026-07-03T10:00:10.803392,2,2,122.2,0.2,122.1,825,121.9,500,,,,,,,,,,,,,,,,,122.3,825,122.6,500,,,,,,,,,,,,,,,,
2026-07-03T10:00:10.835515+00:00,2026-07-03T10:00:10.835461,2,2,122.2,0.2,122.1,825,121.9,500,,,,,,,,,,,,,,,,,122.3,825,122.6,500,,,,,,,,,,,,,,,,
2026-07-03T10:00:10.940161+00:00,2026-07-03T10:00:10.940088,3,2,122.4,0.2,122.3,425,122.1,200,121.9,500,,,,,,,,,,,,,,,122.5,625,122.6,500,,,,,,,,,,,,,,,,
2026-07-03T10:00:11.002736+00:00,2026-07-03T10:00:11.002611,3,2,122.4,0.2,122.3,405,122.1,200,121.9,500,,,,,,,,,,,,,,,122.5,625,122.6,500,,,,,,,,,,,,,,,,
2026-07-03T10:00:11.400143+00:00,2026-07-03T10:00:11.400016,2,2,122.4,0.2,122.3,405,122.1,200,,,,,,,,,,,,,,,,,122.5,625,122.6,500,,,,,,,,,,,,,,,,
2026-07-03T10:00:11.405520+00:00,2026-07-03T10:00:11.405337,2,1,122.4,0.2,122.3,405,122.1,200,,,,,,,,,,,,,,,,,122.5,625,,,,,,,,,,,,,,,,,,
2026-07-03T10:00:11.410753+00:00,2026-07-03T10:00:11.410610,3,1,122.4,0.2,122.3,405,122.1,200,121.8,500,,,,,,,,,,,,,,,122.5,625,,,,,,,,,,,,,,,,,,
2026-07-03T10:00:11.416116+00:00,2026-07-03T10:00:11.415964,3,2,122.4,0.2,122.3,405,122.1,200,121.8,500,,,,,,,,,,,,,,,122.5,625,122.6,500,,,,,,,,,,,,,,,,
2026-07-03T10:00:11.991984+00:00,2026-07-03T10:00:11.991890,2,2,122.4,0.2,122.3,405,122.1,200,,,,,,,,,,,,,,,,,122.5,625,122.6,500,,,,,,,,,,,,,,,,
2026-07-03T10:00:11.997238+00:00,2026-07-03T10:00:11.997207,2,1,122.4,0.2,122.3,405,122.1,200,,,,,,,,,,,,,,,,,122.5,625,,,,,,,,,,,,,,,,,,
2026-07-03T10:00:12.007768+00:00,2026-07-03T10:00:12.007696,3,1,122.4,0.2,122.3,405,122.1,200,121.8,500,,,,,,,,,,,,,,,122.5,625,,,,,,,,,,,,,,,,,,
2026-07-03T10:00:12.018322+00:00,2026-07-03T10:00:12.018121,3,1,122.4,0.2,122.3,405,122.1,200,121.8,500,,,,,,,,,,,,,,,122.5,1125,,,,,,,,,,,,,,,,,,
2026-07-03T10:00:12.041960+00:00,2026-07-03T10:00:12.041880,3,1,122.4,0.2,122.3,405,122.2,200,121.8,500,,,,,,,,,,,,,,,122.5,1325,,,,,,,,,,,,,,,,,,
2026-07-03T10:00:12.058722+00:00,2026-07-03T10:00:12.047076,3,1,122.4,0.2,122.3,385,122.2,200,121.8,500,,,,,,,,,,,,,,,122.5,1325,,,,,,,,,,,,,,,,,,
2026-07-03T10:00:12.240869+00:00,2026-07-03T10:00:12.240780,2,1,122.35,0.3,122.2,200,121.8,500,,,,,,,,,,,,,,,,,122.5,700,,,,,,,,,,,,,,,,,,
2026-07-03T10:00:12.246068+00:00,2026-07-03T10:00:12.246033,3,2,122.3,0.2,122.2,200,122.1,625,121.8,500,,,,,,,,,,,,,,,122.4,625,122.5,700,,,,,,,,,,,,,,,,
2026-07-03T10:00:12.594211+00:00,2026-07-03T10:00:12.594057,2,2,122.3,0.2,122.2,200,122.1,625,,,,,,,,,,,,,,,,,122.4,625,122.5,700,,,,,,,,,,,,,,,,
2026-07-03T10:00:12.599210+00:00,2026-07-03T10:00:12.599350,2,2,122.3,0.2,122.2,200,122.1,625,,,,,,,,,,,,,,,,,122.4,625,122.5,200,,,,,,,,,,,,,,,,
2026-07-03T10:00:12.604758+00:00,2026-07-03T10:00:12.604628,3,2,122.3,0.2,122.2,200,122.1,625,121.7,500,,,,,,,,,,,,,,,122.4,625,122.5,200,,,,,,,,,,,,,,,,
2026-07-03T10:00:12.609955+00:00,2026-07-03T10:00:12.609900,3,2,122.3,0.2,122.2,200,122.1,625,121.7,500,,,,,,,,,,,,,,,122.4,1125,122.5,200,,,,,,,,,,,,,,,,
2026-07-03T10:00:13.220025+00:00,2026-07-03T10:00:13.219983,2,2,122.3,0.2,122.2,200,122.1,625,,,,,,,,,,,,,,,,,122.4,1125,122.5,200,,,,,,,,,,,,,,,,
2026-07-03T10:00:13.235701+00:00,2026-07-03T10:00:13.235622,2,2,122.3,0.2,122.2,200,122.1,625,,,,,,,,,,,,,,,,,122.4,625,122.5,200,,,,,,,,,,,,,,,,
2026-07-03T10:00:13.246130+00:00,2026-07-03T10:00:13.246073,3,2,122.3,0.2,122.2,200,122.1,625,121.6,500,,,,,,,,,,,,,,,122.4,625,122.5,200,,,,,,,,,,,,,,,,
2026-07-03T10:00:13.251408+00:00,2026-07-03T10:00:13.251360,3,3,122.25,0.1,122.2,200,122.1,625,121.6,500,,,,,,,,,,,,,,,122.3,500,122.4,625,122.5,200,,,,,,,,,,,,,,
2026-07-03T10:00:13.266962+00:00,2026-07-03T10:00:13.267106,2,2,122.2,0.2,122.1,625,121.6,500,,,,,,,,,,,,,,,,,122.3,500,122.4,625,,,,,,,,,,,,,,,,
2026-07-03T10:00:13.272521+00:00,2026-07-03T10:00:13.272395,2,2,122.2,0.2,122.1,625,121.6,500,,,,,,,,,,,,,,,,,122.3,300,122.4,625,,,,,,,,,,,,,,,,
2026-07-03T10:00:13.277798+00:00,2026-07-03T10:00:13.277721,2,3,122.2,0.2,122.1,625,121.6,500,,,,,,,,,,,,,,,,,122.3,300,122.4,625,122.5,200,,,,,,,,,,,,,,
2026-07-03T10:00:13.549081+00:00,2026-07-03T10:00:13.549029,1,3,121.95,0.7,121.6,500,,,,,,,,,,,,,,,,,,,122.3,300,122.4,625,122.5,200,,,,,,,,,,,,,,
2026-07-03T10:00:13.554279+00:00,2026-07-03T10:00:13.554191,1,2,121.95,0.7,121.6,500,,,,,,,,,,,,,,,,,,,122.3,300,122.5,200,,,,,,,,,,,,,,,,
2026-07-03T10:00:13.559337+00:00,2026-07-03T10:00:13.559470,2,1,122.4,0.2,122.3,325,121.6,500,,,,,,,,,,,,,,,,,122.5,200,,,,,,,,,,,,,,,,,,
2026-07-03T10:00:13.564558+00:00,2026-07-03T10:00:13.564702,2,1,122.4,0.2,122.3,325,121.6,500,,,,,,,,,,,,,,,,,122.5,825,,,,,,,,,,,,,,,,,,
2026-07-03T10:00:13.822467+00:00,2026-07-03T10:00:13.822330,1,1,122.4,0.2,122.3,325,,,,,,,,,,,,,,,,,,,122.5,825,,,,,,,,,,,,,,,,,,
2026-07-03T10:00:13.827735+00:00,2026-07-03T10:00:13.827618,2,1,122.4,0.2,122.3,325,121.6,500,,,,,,,,,,,,,,,,,122.5,825,,,,,,,,,,,,,,,,,,
2026-07-03T10:00:13.833101+00:00,2026-07-03T10:00:13.832940,1,2,121.95,0.7,121.6,500,,,,,,,,,,,,,,,,,,,122.3,175,122.5,825,,,,,,,,,,,,,,,,
2026-07-03T10:00:14.426685+00:00,2026-07-03T10:00:14.426490,0,2,,,,,,,,,,,,,,,,,,,,,,,122.3,175,122.5,825,,,,,,,,,,,,,,,,
2026-07-03T10:00:14.431938+00:00,2026-07-03T10:00:14.431792,0,1,,,,,,,,,,,,,,,,,,,,,,,122.5,825,,,,,,,,,,,,,,,,,,
2026-07-03T10:00:14.442443+00:00,2026-07-03T10:00:14.442241,1,1,122.05,0.9,121.6,500,,,,,,,,,,,,,,,,,,,122.5,825,,,,,,,,,,,,,,,,,,
2026-07-03T10:00:14.447691+00:00,2026-07-03T10:00:14.447528,1,2,122.0,0.8,121.6,500,,,,,,,,,,,,,,,,,,,122.4,500,122.5,825,,,,,,,,,,,,,,,,
2026-07-03T10:00:14.480411+00:00,2026-07-03T10:00:14.480327,1,2,122.0,0.8,121.6,500,,,,,,,,,,,,,,,,,,,122.4,500,122.5,625,,,,,,,,,,,,,,,,
2026-07-03T10:00:14.485660+00:00,2026-07-03T10:00:14.485554,2,2,122.2,0.4,122.0,200,121.6,500,,,,,,,,,,,,,,,,,122.4,500,122.5,625,,,,,,,,,,,,,,,,
2026-07-03T10:00:14.490864+00:00,2026-07-03T10:00:14.490750,2,3,122.1,0.2,122.0,200,121.6,500,,,,,,,,,,,,,,,,,122.2,200,122.4,500,122.5,625,,,,,,,,,,,,,,
2026-07-03T10:00:14.866274+00:00,2026-07-03T10:00:14.866162,3,3,122.05,0.1,122.0,200,121.8,625,121.6,500,,,,,,,,,,,,,,,122.1,625,122.2,200,122.4,500,,,,,,,,,,,,,,
2026-07-03T10:00:15.029754+00:00,2026-07-03T10:00:15.029528,2,3,122.05,0.1,122.0,200,121.8,625,,,,,,,,,,,,,,,,,122.1,625,122.2,200,122.4,500,,,,,,,,,,,,,,
2026-07-03T10:00:15.034931+00:00,2026-07-03T10:00:15.034841,2,2,122.05,0.1,122.0,200,121.8,625,,,,,,,,,,,,,,,,,122.1,625,122.2,200,,,,,,,,,,,,,,,,
2026-07-03T10:00:15.045604+00:00,2026-07-03T10:00:15.045312,3,2,122.05,0.1,122.0,200,121.8,625,121.7,500,,,,,,,,,,,,,,,122.1,625,122.2,200,,,,,,,,,,,,,,,,
2026-07-03T10:00:15.058794+00:00,2026-07-03T10:00:15.058636,3,3,122.05,0.1,122.0,200,121.8,625,121.7,500,,,,,,,,,,,,,,,122.1,625,122.2,200,122.4,500,,,,,,,,,,,,,,
2026-07-03T10:00:15.564169+00:00,2026-07-03T10:00:15.563887,3,3,122.05,0.1,122.0,180,121.8,625,121.7,500,,,,,,,,,,,,,,,122.1,625,122.2,200,122.4,500,,,,,,,,,,,,,,
2026-07-03T10:00:15.664781+00:00,2026-07-03T10:00:15.664283,3,3,122.05,0.1,122.0,180,121.8,625,121.6,500,,,,,,,,,,,,,,,122.1,625,122.2,200,122.3,500,,,,,,,,,,,,,,
2026-07-03T10:00:15.758572+00:00,2026-07-03T10:00:15.694420,3,2,122.0,0.2,121.9,200,121.8,625,121.6,500,,,,,,,,,,,,,,,122.1,825,122.3,500,,,,,,,,,,,,,,,,
2026-07-03T10:00:16.175908+00:00,2026-07-03T10:00:16.175798,2,2,122.0,0.2,121.9,825,121.6,500,,,,,,,,,,,,,,,,,122.1,200,122.3,500,,,,,,,,,,,,,,,,
2026-07-03T10:00:16.181095+00:00,2026-07-03T10:00:16.181042,2,3,122.0,0.2,121.9,825,121.6,500,,,,,,,,,,,,,,,,,122.1,200,122.2,625,122.3,500,,,,,,,,,,,,,,
2026-07-03T10:00:16.236412+00:00,2026-07-03T10:00:16.236203,1,3,122.0,0.2,121.9,825,,,,,,,,,,,,,,,,,,,122.1,200,122.2,625,122.3,500,,,,,,,,,,,,,,
2026-07-03T10:00:16.241789+00:00,2026-07-03T10:00:16.241609,1,2,122.0,0.2,121.9,825,,,,,,,,,,,,,,,,,,,122.1,200,122.2,625,,,,,,,,,,,,,,,,
2026-07-03T10:00:16.247011+00:00,2026-07-03T10:00:16.246965,2,2,122.0,0.2,121.9,825,121.7,500,,,,,,,,,,,,,,,,,122.1,200,122.2,625,,,,,,,,,,,,,,,,
2026-07-03T10:00:16.264313+00:00,2026-07-03T10:00:16.264083,2,3,122.0,0.2,121.9,825,121.7,500,,,,,,,,,,,,,,,,,122.1,200,122.2,625,122.4,500,,,,,,,,,,,,,,
2026-07-03T10:00:16.864347+00:00,2026-07-03T10:00:16.864113,2,2,122.0,0.2,121.9,825,121.6,500,,,,,,,,,,,,,,,,,122.1,200,122.2,625,,,,,,,,,,,,,,,,
2026-07-03T10:00:16.869616+00:00,2026-07-03T10:00:16.869426,2,3,122.0,0.2,121.9,825,121.6,500,,,,,,,,,,,,,,,,,122.1,200,122.2,625,122.4,500,,,,,,,,,,,,,,
2026-07-03T10:00:16.911390+00:00,2026-07-03T10:00:16.911335,2,2,122.05,0.3,121.9,825,121.6,500,,,,,,,,,,,,,,,,,122.2,625,122.4,500,,,,,,,,,,,,,,,,
2026-07-03T10:00:16.916567+00:00,2026-07-03T10:00:16.916543,2,3,122.0,0.2,121.9,825,121.6,500,,,,,,,,,,,,,,,,,122.1,200,122.2,625,122.4,500,,,,,,,,,,,,,,
2026-07-03T10:00:17.437699+00:00,2026-07-03T10:00:17.437528,1,3,122.0,0.2,121.9,825,,,,,,,,,,,,,,,,,,,122.1,200,122.2,625,122.4,500,,,,,,,,,,,,,,
2026-07-03T10:00:17.448167+00:00,2026-07-03T10:00:17.447982,1,2,122.0,0.2,121.9,825,,,,,,,,,,,,,,,,,,,122.1,200,122.2,625,,,,,,,,,,,,,,,,
2026-07-03T10:00:17.453467+00:00,2026-07-03T10:00:17.453275,2,2,122.0,0.2,121.9,825,121.6,500,,,,,,,,,,,,,,,,,122.1,200,122.2,625,,,,,,,,,,,,,,,,
2026-07-03T10:00:17.458784+00:00,2026-07-03T10:00:17.458587,2,3,122.0,0.2,121.9,825,121.6,500,,,,,,,,,,,,,,,,,122.1,200,122.2,625,122.3,500,,,,,,,,,,,,,,
2026-07-03T10:00:17.479653+00:00,2026-07-03T10:00:17.479555,2,3,122.0,0.2,121.9,200,121.6,500,,,,,,,,,,,,,,,,,122.1,200,122.2,625,122.3,500,,,,,,,,,,,,,,
2026-07-03T10:00:17.484948+00:00,2026-07-03T10:00:17.484787,3,2,122.0,0.2,121.9,200,121.7,625,121.6,500,,,,,,,,,,,,,,,122.1,200,122.3,500,,,,,,,,,,,,,,,,
2026-07-03T10:00:17.499874+00:00,2026-07-03T10:00:17.498699,3,3,121.95,0.1,121.9,200,121.7,625,121.6,500,,,,,,,,,,,,,,,122.0,614,122.1,200,122.3,500,,,,,,,,,,,,,,
2026-07-03T10:00:17.515671+00:00,2026-07-03T10:00:17.515512,3,3,121.95,0.1,121.9,200,121.7,625,121.6,500,,,,,,,,,,,,,,,122.0,612,122.1,200,122.3,500,,,,,,,,,,,,,,
2026-07-03T10:00:17.798270+00:00,2026-07-03T10:00:17.798120,3,3,121.95,0.1,121.9,180,121.7,625,121.6,500,,,,,,,,,,,,,,,122.0,612,122.1,200,122.3,500,,,,,,,,,,,,,,
2026-07-03T10:00:18.042445+00:00,2026-07-03T10:00:18.042264,2,3,121.95,0.1,121.9,180,121.7,625,,,,,,,,,,,,,,,,,122.0,612,122.1,200,122.3,500,,,,,,,,,,,,,,
2026-07-03T10:00:18.047794+00:00,2026-07-03T10:00:18.047583,2,2,121.95,0.1,121.9,180,121.7,625,,,,,,,,,,,,,,,,,122.0,612,122.1,200,,,,,,,,,,,,,,,,
2026-07-03T10:00:18.058609+00:00,2026-07-03T10:00:18.053027,2,3,121.95,0.1,121.9,180,121.7,1125,,,,,,,,,,,,,,,,,122.0,612,122.1,200,122.4,500,,,,,,,,,,,,,,
2026-07-03T10:00:18.120213+00:00,2026-07-03T10:00:18.120095,1,3,121.85,0.3,121.7,1125,,,,,,,,,,,,,,,,,,,122.0,612,122.1,200,122.4,500,,,,,,,,,,,,,,
2026-07-03T10:00:18.125529+00:00,2026-07-03T10:00:18.125353,1,2,121.85,0.3,121.7,1125,,,,,,,,,,,,,,,,,,,122.0,612,122.4,500,,,,,,,,,,,,,,,,
2026-07-03T10:00:18.130772+00:00,2026-07-03T10:00:18.130704,1,3,121.85,0.3,121.7,1125,,,,,,,,,,,,,,,,,,,122.0,412,122.2,200,122.4,500,,,,,,,,,,,,,,
2026-07-03T10:00:18.641432+00:00,2026-07-03T10:00:18.641258,1,3,121.85,0.3,121.7,625,,,,,,,,,,,,,,,,,,,122.0,412,122.2,200,122.4,500,,,,,,,,,,,,,,
2026-07-03T10:00:18.646773+00:00,2026-07-03T10:00:18.646563,1,2,121.85,0.3,121.7,625,,,,,,,,,,,,,,,,,,,122.0,412,122.2,200,,,,,,,,,,,,,,,,
2026-07-03T10:00:18.658671+00:00,2026-07-03T10:00:18.655794,1,3,121.85,0.3,121.7,1125,,,,,,,,,,,,,,,,,,,122.0,412,122.2,200,122.4,500,,,,,,,,,,,,,,
2026-07-03T10:00:18.789423+00:00,2026-07-03T10:00:18.789319,1,3,121.85,0.3,121.7,500,,,,,,,,,,,,,,,,,,,122.0,412,122.2,200,122.4,500,,,,,,,,,,,,,,
2026-07-03T10:00:18.794673+00:00,2026-07-03T10:00:18.794605,2,3,121.9,0.2,121.8,625,121.7,500,,,,,,,,,,,,,,,,,122.0,625,122.2,200,122.4,500,,,,,,,,,,,,,,
2026-07-03T10:00:19.272652+00:00,2026-07-03T10:00:19.272338,1,3,121.9,0.2,121.8,625,,,,,,,,,,,,,,,,,,,122.0,625,122.2,200,122.4,500,,,,,,,,,,,,,,
2026-07-03T10:00:19.277837+00:00,2026-07-03T10:00:19.277681,1,2,121.9,0.2,121.8,625,,,,,,,,,,,,,,,,,,,122.0,625,122.2,200,,,,,,,,,,,,,,,,
2026-07-03T10:00:19.283188+00:00,2026-07-03T10:00:19.283021,2,2,121.9,0.2,121.8,625,121.6,500,,,,,,,,,,,,,,,,,122.0,625,122.2,200,,,,,,,,,,,,,,,,
2026-07-03T10:00:19.288439+00:00,2026-07-03T10:00:19.288367,2,3,121.9,0.2,121.8,625,121.6,500,,,,,,,,,,,,,,,,,122.0,625,122.2,200,122.3,500,,,,,,,,,,,,,,
2026-07-03T10:00:19.337889+00:00,2026-07-03T10:00:19.337736,2,2,121.9,0.2,121.8,825,121.6,500,,,,,,,,,,,,,,,,,122.0,625,122.3,500,,,,,,,,,,,,,,,,
2026-07-03T10:00:19.343051+00:00,2026-07-03T10:00:19.342941,2,2,121.9,0.2,121.8,825,121.6,500,,,,,,,,,,,,,,,,,122.0,825,122.3,500,,,,,,,,,,,,,,,,
2026-07-03T10:00:19.875756+00:00,2026-07-03T10:00:19.875613,1,2,121.9,0.2,121.8,825,,,,,,,,,,,,,,,,,,,122.0,825,122.3,500,,,,,,,,,,,,,,,,
2026-07-03T10:00:19.881029+00:00,2026-07-03T10:00:19.880930,1,1,121.9,0.2,121.8,825,,,,,,,,,,,,,,,,,,,122.0,825,,,,,,,,,,,,,,,,,,
2026-07-03T10:00:19.891598+00:00,2026-07-03T10:00:19.891401,2,1,121.9,0.2,121.8,825,121.7,500,,,,,,,,,,,,,,,,,122.0,825,,,,,,,,,,,,,,,,,,
2026-07-03T10:00:19.897230+00:00,2026-07-03T10:00:19.896960,2,2,121.9,0.2,121.8,825,121.7,500,,,,,,,,,,,,,,,,,122.0,825,122.4,500,,,,,,,,,,,,,,,,
2026-07-03T10:00:20.098838+00:00,2026-07-03T10:00:20.098785,2,2,121.9,0.2,121.8,200,121.7,500,,,,,,,,,,,,,,,,,122.0,200,122.4,500,,,,,,,,,,,,,,,,
2026-07-03T10:00:20.104108+00:00,2026-07-03T10:00:20.104000,2,2,121.9,0.2,121.8,825,121.7,500,,,,,,,,,,,,,,,,,122.0,200,122.4,500,,,,,,,,,,,,,,,,
2026-07-03T10:00:20.109380+00:00,2026-07-03T10:00:20.109292,2,3,121.9,0.2,121.8,825,121.7,500,,,,,,,,,,,,,,,,,122.0,200,122.1,625,122.4,500,,,,,,,,,,,,,,
2026-07-03T10:00:20.474293+00:00,2026-07-03T10:00:20.474190,1,3,121.9,0.2,121.8,825,,,,,,,,,,,,,,,,,,,122.0,200,122.1,625,122.4,500,,,,,,,,,,,,,,
2026-07-03T10:00:20.484816+00:00,2026-07-03T10:00:20.484623,1,2,121.9,0.2,121.8,825,,,,,,,,,,,,,,,,,,,122.0,200,122.1,625,,,,,,,,,,,,,,,,
2026-07-03T10:00:20.500281+00:00,2026-07-03T10:00:20.500155,2,2,121.9,0.2,121.8,825,121.6,500,,,,,,,,,,,,,,,,,122.0,200,122.1,625,,,,,,,,,,,,,,,,
2026-07-03T10:00:20.505774+00:00,2026-07-03T10:00:20.505447,2,3,121.9,0.2,121.8,825,121.6,500,,,,,,,,,,,,,,,,,122.0,200,122.1,625,122.3,500,,,,,,,,,,,,,,
2026-07-03T10:00:20.545863+00:00,2026-07-03T10:00:20.545699,2,2,121.95,0.3,121.8,625,121.6,500,,,,,,,,,,,,,,,,,122.1,625,122.3,500,,,,,,,,,,,,,,,,
2026-07-03T10:00:20.551035+00:00,2026-07-03T10:00:20.550954,2,3,121.9,0.2,121.8,825,121.6,500,,,,,,,,,,,,,,,,,122.0,200,122.1,625,122.3,500,,,,,,,,,,,,,,
2026-07-03T10:00:21.081474+00:00,2026-07-03T10:00:21.081237,1,3,121.9,0.2,121.8,825,,,,,,,,,,,,,,,,,,,122.0,200,122.1,625,122.3,500,,,,,,,,,,,,,,
2026-07-03T10:00:21.086632+00:00,2026-07-03T10:00:21.086554,1,2,121.9,0.2,121.8,825,,,,,,,,,,,,,,,,,,,122.0,200,122.1,625,,,,,,,,,,,,,,,,
2026-07-03T10:00:21.091935+00:00,2026-07-03T10:00:21.091831,2,2,121.9,0.2,121.8,825,121.5,500,,,,,,,,,,,,,,,,,122.0,200,122.1,625,,,,,,,,,,,,,,,,
2026-07-03T10:00:21.102345+00:00,2026-07-03T10:00:21.102253,2,3,121.9,0.2,121.8,825,121.5,500,,,,,,,,,,,,,,,,,122.0,200,122.1,625,122.2,500,,,,,,,,,,,,,,
2026-07-03T10:00:21.414300+00:00,2026-07-03T10:00:21.414251,2,3,121.9,0.2,121.8,200,121.5,500,,,,,,,,,,,,,,,,,122.0,200,122.1,625,122.2,500,,,,,,,,,,,,,,
2026-07-03T10:00:21.419597+00:00,2026-07-03T10:00:21.419524,3,2,121.9,0.2,121.8,200,121.7,625,121.5,500,,,,,,,,,,,,,,,122.0,200,122.2,500,,,,,,,,,,,,,,,,
2026-07-03T10:00:21.424809+00:00,2026-07-03T10:00:21.424704,3,3,121.85,0.1,121.8,200,121.7,625,121.5,500,,,,,,,,,,,,,,,121.9,625,122.0,200,122.2,500,,,,,,,,,,,,,,
2026-07-03T10:00:21.670250+00:00,2026-07-03T10:00:21.670208,3,3,121.85,0.1,121.8,200,121.7,625,121.5,500,,,,,,,,,,,,,,,121.9,580,122.0,200,122.2,500,,,,,,,,,,,,,,
2026-07-03T10:00:21.680880+00:00,2026-07-03T10:00:21.680690,2,3,121.85,0.1,121.8,200,121.7,625,,,,,,,,,,,,,,,,,121.9,580,122.0,200,122.2,500,,,,,,,,,,,,,,
2026-07-03T10:00:21.691399+00:00,2026-07-03T10:00:21.691216,2,2,121.85,0.1,121.8,200,121.7,625,,,,,,,,,,,,,,,,,121.9,580,122.0,200,,,,,,,,,,,,,,,,
2026-07-03T10:00:21.696560+00:00,2026-07-03T10:00:21.696501,3,2,121.85,0.1,121.8,200,121.7,625,121.5,500,,,,,,,,,,,,,,,121.9,580,122.0,200,,,,,,,,,,,,,,,,
2026-07-03T10:00:21.701883+00:00,2026-07-03T10:00:21.701780,3,3,121.85,0.1,121.8,200,121.7,625,121.5,500,,,,,,,,,,,,,,,121.9,580,122.0,200,122.2,500,,,,,,,,,,,,,,
2026-07-03T10:00:21.712362+00:00,2026-07-03T10:00:21.712329,3,3,121.85,0.1,121.8,200,121.7,625,121.5,500,,,,,,,,,,,,,,,121.9,560,122.0,200,122.2,500,,,,,,,,,,,,,,
2026-07-03T10:00:21.758640+00:00,2026-07-03T10:00:21.754113,2,2,121.8,0.2,121.7,825,121.5,500,,,,,,,,,,,,,,,,,121.9,760,122.2,500,,,,,,,,,,,,,,,,
2026-07-03T10:00:22.288006+00:00,2026-07-03T10:00:22.287808,1,2,121.8,0.2,121.7,825,,,,,,,,,,,,,,,,,,,121.9,760,122.2,500,,,,,,,,,,,,,,,,
2026-07-03T10:00:22.293327+00:00,2026-07-03T10:00:22.293208,1,1,121.8,0.2,121.7,825,,,,,,,,,,,,,,,,,,,121.9,760,,,,,,,,,,,,,,,,,,
2026-07-03T10:00:22.304458+00:00,2026-07-03T10:00:22.300874,2,2,121.8,0.2,121.7,825,121.5,500,,,,,,,,,,,,,,,,,121.9,760,122.3,500,,,,,,,,,,,,,,,,
2026-07-03T10:00:22.724103+00:00,2026-07-03T10:00:22.724039,2,2,121.8,0.2,121.7,200,121.5,500,,,,,,,,,,,,,,,,,121.9,760,122.3,500,,,,,,,,,,,,,,,,
2026-07-03T10:00:22.729490+00:00,2026-07-03T10:00:22.729324,2,2,121.8,0.2,121.7,825,121.5,500,,,,,,,,,,,,,,,,,121.9,200,122.3,500,,,,,,,,,,,,,,,,
2026-07-03T10:00:22.734740+00:00,2026-07-03T10:00:22.734571,2,2,121.8,0.2,121.7,825,121.5,500,,,,,,,,,,,,,,,,,121.9,825,122.3,500,,,,,,,,,,,,,,,,
2026-07-03T10:00:22.890725+00:00,2026-07-03T10:00:22.890569,1,2,121.8,0.2,121.7,825,,,,,,,,,,,,,,,,,,,121.9,825,122.3,500,,,,,,,,,,,,,,,,
2026-07-03T10:00:22.895953+00:00,2026-07-03T10:00:22.895876,1,1,121.8,0.2,121.7,825,,,,,,,,,,,,,,,,,,,121.9,825,,,,,,,,,,,,,,,,,,
2026-07-03T10:00:22.906436+00:00,2026-07-03T10:00:22.906320,2,1,121.8,0.2,121.7,825,121.5,500,,,,,,,,,,,,,,,,,121.9,825,,,,,,,,,,,,,,,,,,
2026-07-03T10:00:22.911779+00:00,2026-07-03T10:00:22.911601,2,2,121.8,0.2,121.7,825,121.5,500,,,,,,,,,,,,,,,,,121.9,825,122.3,500,,,,,,,,,,,,,,,,
2026-07-03T10:00:22.958597+00:00,2026-07-03T10:00:22.956276,2,2,121.8,0.2,121.7,625,121.5,500,,,,,,,,,,,,,,,,,121.9,825,122.3,500,,,,,,,,,,,,,,,,
2026-07-03T10:00:22.969760+00:00,2026-07-03T10:00:22.969649,2,2,121.8,0.2,121.7,825,121.5,500,,,,,,,,,,,,,,,,,121.9,625,122.3,500,,,,,,,,,,,,,,,,
2026-07-03T10:00:22.975022+00:00,2026-07-03T10:00:22.974842,2,2,121.8,0.2,121.7,825,121.5,500,,,,,,,,,,,,,,,,,121.9,825,122.3,500,,,,,,,,,,,,,,,,
2026-07-03T10:00:23.491449+00:00,2026-07-03T10:00:23.491258,1,2,121.8,0.2,121.7,825,,,,,,,,,,,,,,,,,,,121.9,825,122.3,500,,,,,,,,,,,,,,,,
2026-07-03T10:00:23.496657+00:00,2026-07-03T10:00:23.496567,1,1,121.8,0.2,121.7,825,,,,,,,,,,,,,,,,,,,121.9,825,,,,,,,,,,,,,,,,,,
2026-07-03T10:00:23.501918+00:00,2026-07-03T10:00:23.501849,2,1,121.8,0.2,121.7,825,121.5,500,,,,,,,,,,,,,,,,,121.9,825,,,,,,,,,,,,,,,,,,
2026-07-03T10:00:23.512190+00:00,2026-07-03T10:00:23.512280,2,2,121.8,0.2,121.7,825,121.5,500,,,,,,,,,,,,,,,,,121.9,825,122.2,500,,,,,,,,,,,,,,,,
2026-07-03T10:00:24.039518+00:00,2026-07-03T10:00:24.039370,2,2,121.8,0.2,121.7,200,121.5,500,,,,,,,,,,,,,,,,,121.9,825,122.2,500,,,,,,,,,,,,,,,,
2026-07-03T10:00:24.044814+00:00,2026-07-03T10:00:24.044726,2,2,121.8,0.2,121.7,825,121.5,500,,,,,,,,,,,,,,,,,121.9,825,122.2,500,,,,,,,,,,,,,,,,
2026-07-03T10:00:24.094997+00:00,2026-07-03T10:00:24.094881,1,2,121.8,0.2,121.7,825,,,,,,,,,,,,,,,,,,,121.9,825,122.2,500,,,,,,,,,,,,,,,,
2026-07-03T10:00:24.100350+00:00,2026-07-03T10:00:24.100185,1,1,121.8,0.2,121.7,825,,,,,,,,,,,,,,,,,,,121.9,825,,,,,,,,,,,,,,,,,,
2026-07-03T10:00:24.105512+00:00,2026-07-03T10:00:24.105459,2,1,121.8,0.2,121.7,825,121.5,500,,,,,,,,,,,,,,,,,121.9,825,,,,,,,,,,,,,,,,,,
2026-07-03T10:00:24.110837+00:00,2026-07-03T10:00:24.110736,2,2,121.8,0.2,121.7,825,121.5,500,,,,,,,,,,,,,,,,,121.9,825,122.2,500,,,,,,,,,,,,,,,,
2026-07-03T10:00:24.180732+00:00,2026-07-03T10:00:24.180640,2,2,121.8,0.2,121.7,625,121.5,500,,,,,,,,,,,,,,,,,121.9,625,122.2,500,,,,,,,,,,,,,,,,
2026-07-03T10:00:24.186072+00:00,2026-07-03T10:00:24.185859,3,2,121.8,0.2,121.7,625,121.6,200,121.5,500,,,,,,,,,,,,,,,121.9,625,122.2,500,,,,,,,,,,,,,,,,
2026-07-03T10:00:24.191265+00:00,2026-07-03T10:00:24.191106,3,2,121.8,0.2,121.7,625,121.6,200,121.5,500,,,,,,,,,,,,,,,121.9,825,122.2,500,,,,,,,,,,,,,,,,
2026-07-03T10:00:24.696973+00:00,2026-07-03T10:00:24.696840,2,2,121.8,0.2,121.7,625,121.6,200,,,,,,,,,,,,,,,,,121.9,825,122.2,500,,,,,,,,,,,,,,,,
2026-07-03T10:00:24.702387+00:00,2026-07-03T10:00:24.702150,2,1,121.8,0.2,121.7,625,121.6,200,,,,,,,,,,,,,,,,,121.9,825,,,,,,,,,,,,,,,,,,
2026-07-03T10:00:24.707486+00:00,2026-07-03T10:00:24.707427,2,1,121.8,0.2,121.7,625,121.6,700,,,,,,,,,,,,,,,,,121.9,825,,,,,,,,,,,,,,,,,,
2026-07-03T10:00:24.712887+00:00,2026-07-03T10:00:24.712721,2,2,121.8,0.2,121.7,625,121.6,700,,,,,,,,,,,,,,,,,121.9,825,122.3,500,,,,,,,,,,,,,,,,
2026-07-03T10:00:25.322620+00:00,2026-07-03T10:00:25.322445,2,2,121.8,0.2,121.7,625,121.6,200,,,,,,,,,,,,,,,,,121.9,825,122.3,500,,,,,,,,,,,,,,,,
2026-07-03T10:00:25.327934+00:00,2026-07-03T10:00:25.327829,2,1,121.8,0.2,121.7,625,121.6,200,,,,,,,,,,,,,,,,,121.9,825,,,,,,,,,,,,,,,,,,
2026-07-03T10:00:25.338687+00:00,2026-07-03T10:00:25.338541,2,1,121.8,0.2,121.7,625,121.6,700,,,,,,,,,,,,,,,,,121.9,825,,,,,,,,,,,,,,,,,,
2026-07-03T10:00:25.344145+00:00,2026-07-03T10:00:25.343915,2,2,121.8,0.2,121.7,625,121.6,700,,,,,,,,,,,,,,,,,121.9,825,122.3,500,,,,,,,,,,,,,,,,
2026-07-03T10:00:25.358625+00:00,2026-07-03T10:00:25.354639,1,2,121.75,0.3,121.6,700,,,,,,,,,,,,,,,,,,,121.9,200,122.3,500,,,,,,,,,,,,,,,,
2026-07-03T10:00:25.363882+00:00,2026-07-03T10:00:25.363760,1,3,121.7,0.2,121.6,1325,,,,,,,,,,,,,,,,,,,121.8,625,121.9,200,122.3,500,,,,,,,,,,,,,,
2026-07-03T10:00:25.393267+00:00,2026-07-03T10:00:25.393156,1,2,121.7,0.2,121.6,1125,,,,,,,,,,,,,,,,,,,121.8,625,122.3,500,,,,,,,,,,,,,,,,
2026-07-03T10:00:25.398425+00:00,2026-07-03T10:00:25.398402,2,3,121.65,0.1,121.6,1125,121.5,200,,,,,,,,,,,,,,,,,121.7,200,121.8,625,122.3,500,,,,,,,,,,,,,,
2026-07-03T10:00:25.422749+00:00,2026-07-03T10:00:25.422659,2,3,121.65,0.1,121.6,1124,121.5,200,,,,,,,,,,,,,,,,,121.7,200,121.8,625,122.3,500,,,,,,,,,,,,,,
2026-07-03T10:00:25.925518+00:00,2026-07-03T10:00:25.925395,2,3,121.65,0.1,121.6,625,121.5,200,,,,,,,,,,,,,,,,,121.7,200,121.8,625,122.3,500,,,,,,,,,,,,,,
2026-07-03T10:00:25.930925+00:00,2026-07-03T10:00:25.930707,2,2,121.65,0.1,121.6,625,121.5,200,,,,,,,,,,,,,,,,,121.7,200,121.8,625,,,,,,,,,,,,,,,,
2026-07-03T10:00:25.941297+00:00,2026-07-03T10:00:25.941130,2,2,121.65,0.1,121.6,1125,121.5,200,,,,,,,,,,,,,,,,,121.7,200,121.8,625,,,,,,,,,,,,,,,,
2026-07-03T10:00:25.946567+00:00,2026-07-03T10:00:25.946427,2,3,121.65,0.1,121.6,1125,121.5,200,,,,,,,,,,,,,,,,,121.7,200,121.8,625,122.3,500,,,,,,,,,,,,,,
2026-07-03T10:00:26.528555+00:00,2026-07-03T10:00:26.528276,2,3,121.65,0.1,121.6,625,121.5,200,,,,,,,,,,,,,,,,,121.7,200,121.8,625,122.3,500,,,,,,,,,,,,,,
2026-07-03T10:00:26.533764+00:00,2026-07-03T10:00:26.533599,2,2,121.65,0.1,121.6,625,121.5,200,,,,,,,,,,,,,,,,,121.7,200,121.8,625,,,,,,,,,,,,,,,,
2026-07-03T10:00:26.539067+00:00,2026-07-03T10:00:26.538922,2,2,121.65,0.1,121.6,625,121.5,700,,,,,,,,,,,,,,,,,121.7,200,121.8,625,,,,,,,,,,,,,,,,
2026-07-03T10:00:26.544313+00:00,2026-07-03T10:00:26.544262,2,3,121.65,0.1,121.6,625,121.5,700,,,,,,,,,,,,,,,,,121.7,200,121.8,625,122.2,500,,,,,,,,,,,,,,
2026-07-03T10:00:26.601081+00:00,2026-07-03T10:00:26.600976,2,3,121.65,0.1,121.6,625,121.5,500,,,,,,,,,,,,,,,,,121.7,200,121.8,625,122.2,500,,,,,,,,,,,,,,
2026-07-03T10:00:26.606372+00:00,2026-07-03T10:00:26.606262,3,2,121.7,0.2,121.6,625,121.5,500,121.4,200,,,,,,,,,,,,,,,121.8,625,122.2,500,,,,,,,,,,,,,,,,
2026-07-03T10:00:26.611491+00:00,2026-07-03T10:00:26.611446,3,3,121.65,0.1,121.6,625,121.5,500,121.4,200,,,,,,,,,,,,,,,121.7,200,121.8,625,122.2,500,,,,,,,,,,,,,,
2026-07-03T10:00:26.669603+00:00,2026-07-03T10:00:26.669459,2,2,121.6,0.2,121.5,500,121.4,200,,,,,,,,,,,,,,,,,121.7,200,122.2,500,,,,,,,,,,,,,,,,
2026-07-03T10:00:26.680228+00:00,2026-07-03T10:00:26.680081,3,2,121.85,0.3,121.7,425,121.5,500,121.4,200,,,,,,,,,,,,,,,122.0,625,122.2,500,,,,,,,,,,,,,,,,
2026-07-03T10:00:26.718477+00:00,2026-07-03T10:00:26.718376,3,2,121.85,0.3,121.7,425,121.5,500,121.4,200,,,,,,,,,,,,,,,122.0,605,122.2,500,,,,,,,,,,,,,,,,
2026-07-03T10:00:27.131431+00:00,2026-07-03T10:00:27.131154,2,2,121.85,0.3,121.7,425,121.4,200,,,,,,,,,,,,,,,,,122.0,605,122.2,500,,,,,,,,,,,,,,,,
2026-07-03T10:00:27.136601+00:00,2026-07-03T10:00:27.136455,2,1,121.85,0.3,121.7,425,121.4,200,,,,,,,,,,,,,,,,,122.0,605,,,,,,,,,,,,,,,,,,
2026-07-03T10:00:27.141817+00:00,2026-07-03T10:00:27.141733,3,1,121.85,0.3,121.7,425,121.6,500,121.4,200,,,,,,,,,,,,,,,122.0,605,,,,,,,,,,,,,,,,,,
2026-07-03T10:00:27.147118+00:00,2026-07-03T10:00:27.147024,3,2,121.85,0.3,121.7,425,121.6,500,121.4,200,,,,,,,,,,,,,,,122.0,605,122.3,500,,,,,,,,,,,,,,,,
2026-07-03T10:00:27.734505+00:00,2026-07-03T10:00:27.734322,2,2,121.85,0.3,121.7,425,121.4,200,,,,,,,,,,,,,,,,,122.0,605,122.3,500,,,,,,,,,,,,,,,,
2026-07-03T10:00:27.739742+00:00,2026-07-03T10:00:27.739612,2,1,121.85,0.3,121.7,425,121.4,200,,,,,,,,,,,,,,,,,122.0,605,,,,,,,,,,,,,,,,,,
2026-07-03T10:00:27.750302+00:00,2026-07-03T10:00:27.750048,3,1,121.85,0.3,121.7,425,121.6,500,121.4,200,,,,,,,,,,,,,,,122.0,605,,,,,,,,,,,,,,,,,,
2026-07-03T10:00:27.758578+00:00,2026-07-03T10:00:27.755339,3,2,121.85,0.3,121.7,425,121.6,500,121.4,200,,,,,,,,,,,,,,,122.0,605,122.3,500,,,,,,,,,,,,,,,,
2026-07-03T10:00:27.811345+00:00,2026-07-03T10:00:27.811222,2,2,121.85,0.3,121.7,625,121.6,500,,,,,,,,,,,,,,,,,122.0,605,122.3,500,,,,,,,,,,,,,,,,
2026-07-03T10:00:27.816563+00:00,2026-07-03T10:00:27.816443,2,3,121.8,0.2,121.7,625,121.6,500,,,,,,,,,,,,,,,,,121.9,200,122.0,605,122.3,500,,,,,,,,,,,,,,
2026-07-03T10:00:27.985612+00:00,2026-07-03T10:00:27.985536,3,2,121.85,0.1,121.8,625,121.7,200,121.6,500,,,,,,,,,,,,,,,121.9,200,122.3,500,,,,,,,,,,,,,,,,
2026-07-03T10:00:27.990838+00:00,2026-07-03T10:00:27.990733,3,3,121.85,0.1,121.8,625,121.7,200,121.6,500,,,,,,,,,,,,,,,121.9,200,122.0,625,122.3,500,,,,,,,,,,,,,,
2026-07-03T10:00:28.337614+00:00,2026-07-03T10:00:28.337481,2,3,121.85,0.1,121.8,625,121.7,200,,,,,,,,,,,,,,,,,121.9,200,122.0,625,122.3,500,,,,,,,,,,,,,,
2026-07-03T10:00:28.342974+00:00,2026-07-03T10:00:28.342798,2,2,121.85,0.1,121.8,625,121.7,200,,,,,,,,,,,,,,,,,121.9,200,122.0,625,,,,,,,,,,,,,,,,
2026-07-03T10:00:28.348149+00:00,2026-07-03T10:00:28.348093,3,2,121.85,0.1,121.8,625,121.7,200,121.6,500,,,,,,,,,,,,,,,121.9,200,122.0,625,,,,,,,,,,,,,,,,
2026-07-03T10:00:28.358589+00:00,2026-07-03T10:00:28.353473,3,3,121.85,0.1,121.8,625,121.7,200,121.6,500,,,,,,,,,,,,,,,121.9,200,122.0,625,122.3,500,,,,,,,,,,,,,,
2026-07-03T10:00:28.940329+00:00,2026-07-03T10:00:28.940129,2,3,121.85,0.1,121.8,625,121.7,200,,,,,,,,,,,,,,,,,121.9,200,122.0,625,122.3,500,,,,,,,,,,,,,,
2026-07-03T10:00:28.945541+00:00,2026-07-03T10:00:28.945434,2,2,121.85,0.1,121.8,625,121.7,200,,,,,,,,,,,,,,,,,121.9,200,122.0,625,,,,,,,,,,,,,,,,
2026-07-03T10:00:28.950849+00:00,2026-07-03T10:00:28.950787,3,2,121.85,0.1,121.8,625,121.7,200,121.6,500,,,,,,,,,,,,,,,121.9,200,122.0,625,,,,,,,,,,,,,,,,
2026-07-03T10:00:28.958608+00:00,2026-07-03T10:00:28.956161,3,3,121.85,0.1,121.8,625,121.7,200,121.6,500,,,,,,,,,,,,,,,121.9,200,122.0,625,122.3,500,,,,,,,,,,,,,,
2026-07-03T10:00:29.025142+00:00,2026-07-03T10:00:29.025074,2,2,121.9,0.2,121.8,625,121.6,500,,,,,,,,,,,,,,,,,122.0,625,122.3,500,,,,,,,,,,,,,,,,
2026-07-03T10:00:29.030435+00:00,2026-07-03T10:00:29.030289,2,2,121.9,0.2,121.8,625,121.6,700,,,,,,,,,,,,,,,,,122.0,625,122.3,500,,,,,,,,,,,,,,,,
2026-07-03T10:00:29.035661+00:00,2026-07-03T10:00:29.035538,2,2,121.9,0.2,121.8,425,121.6,700,,,,,,,,,,,,,,,,,122.0,625,122.3,500,,,,,,,,,,,,,,,,
2026-07-03T10:00:29.291180+00:00,2026-07-03T10:00:29.291060,1,2,121.8,0.4,121.6,700,,,,,,,,,,,,,,,,,,,122.0,625,122.3,500,,,,,,,,,,,,,,,,
2026-07-03T10:00:29.296454+00:00,2026-07-03T10:00:29.296388,2,1,121.95,0.7,121.6,700,121.5,625,,,,,,,,,,,,,,,,,122.3,500,,,,,,,,,,,,,,,,,,
2026-07-03T10:00:29.301709+00:00,2026-07-03T10:00:29.301603,2,2,121.65,0.1,121.6,700,121.5,625,,,,,,,,,,,,,,,,,121.7,625,122.3,500,,,,,,,,,,,,,,,,
2026-07-03T10:00:29.543316+00:00,2026-07-03T10:00:29.543047,2,2,121.65,0.1,121.6,200,121.5,625,,,,,,,,,,,,,,,,,121.7,625,122.3,500,,,,,,,,,,,,,,,,
2026-07-03T10:00:29.548533+00:00,2026-07-03T10:00:29.548360,2,1,121.65,0.1,121.6,200,121.5,625,,,,,,,,,,,,,,,,,121.7,625,,,,,,,,,,,,,,,,,,
2026-07-03T10:00:29.553742+00:00,2026-07-03T10:00:29.553701,2,1,121.65,0.1,121.6,200,121.5,625,,,,,,,,,,,,,,,,,121.7,125,,,,,,,,,,,,,,,,,,
2026-07-03T10:00:29.564310+00:00,2026-07-03T10:00:29.564156,2,2,121.65,0.1,121.6,200,121.5,625,,,,,,,,,,,,,,,,,121.7,125,122.4,500,,,,,,,,,,,,,,,,
2026-07-03T10:00:30.145940+00:00,2026-07-03T10:00:30.145727,2,1,121.65,0.1,121.6,200,121.5,625,,,,,,,,,,,,,,,,,121.7,125,,,,,,,,,,,,,,,,,,
2026-07-03T10:00:30.151144+00:00,2026-07-03T10:00:30.151031,2,1,121.65,0.1,121.6,700,121.5,625,,,,,,,,,,,,,,,,,121.7,125,,,,,,,,,,,,,,,,,,
2026-07-03T10:00:30.158573+00:00,2026-07-03T10:00:30.156320,2,2,121.65,0.1,121.6,700,121.5,625,,,,,,,,,,,,,,,,,121.7,125,122.3,500,,,,,,,,,,,,,,,,
2026-07-03T10:00:30.236309+00:00,2026-07-03T10:00:30.236244,2,2,121.65,0.1,121.6,500,121.5,625,,,,,,,,,,,,,,,,,121.7,125,122.3,500,,,,,,,,,,,,,,,,
2026-07-03T10:00:30.241365+00:00,2026-07-03T10:00:30.241522,3,2,121.85,0.3,121.7,75,121.6,500,121.5,625,,,,,,,,,,,,,,,122.0,200,122.3,500,,,,,,,,,,,,,,,,
2026-07-03T10:00:30.613680+00:00,2026-07-03T10:00:30.613051,3,1,122.15,0.3,122.0,414,121.7,75,121.6,500,,,,,,,,,,,,,,,122.3,1125,,,,,,,,,,,,,,,,,,
2026-07-03T10:00:30.747353+00:00,2026-07-03T10:00:30.747091,2,1,122.15,0.3,122.0,414,121.7,75,,,,,,,,,,,,,,,,,122.3,1125,,,,,,,,,,,,,,,,,,
2026-07-03T10:00:30.758661+00:00,2026-07-03T10:00:30.752626,3,1,122.15,0.3,122.0,414,121.7,75,121.6,500,,,,,,,,,,,,,,,122.3,625,,,,,,,,,,,,,,,,,,
2026-07-03T10:00:30.769824+00:00,2026-07-03T10:00:30.769574,3,1,122.15,0.3,122.0,414,121.7,75,121.6,500,,,,,,,,,,,,,,,122.3,1125,,,,,,,,,,,,,,,,,,
2026-07-03T10:00:31.374922+00:00,2026-07-03T10:00:31.374767,2,1,122.15,0.3,122.0,414,121.7,75,,,,,,,,,,,,,,,,,122.3,1125,,,,,,,,,,,,,,,,,,
2026-07-03T10:00:31.385392+00:00,2026-07-03T10:00:31.385212,2,1,122.15,0.3,122.0,414,121.7,75,,,,,,,,,,,,,,,,,122.3,625,,,,,,,,,,,,,,,,,,
2026-07-03T10:00:31.390605+00:00,2026-07-03T10:00:31.390495,3,1,122.15,0.3,122.0,414,121.7,75,121.6,500,,,,,,,,,,,,,,,122.3,625,,,,,,,,,,,,,,,,,,
2026-07-03T10:00:31.401192+00:00,2026-07-03T10:00:31.401015,3,1,122.15,0.3,122.0,414,121.7,75,121.6,500,,,,,,,,,,,,,,,122.3,1125,,,,,,,,,,,,,,,,,,
2026-07-03T10:00:31.443308+00:00,2026-07-03T10:00:31.443242,2,1,122.15,0.3,122.0,414,121.6,500,,,,,,,,,,,,,,,,,122.3,1125,,,,,,,,,,,,,,,,,,
2026-07-03T10:00:31.448590+00:00,2026-07-03T10:00:31.448559,3,1,122.15,0.3,122.0,214,121.7,200,121.6,500,,,,,,,,,,,,,,,122.3,1125,,,,,,,,,,,,,,,,,,
2026-07-03T10:00:31.912585+00:00,2026-07-03T10:00:31.912484,2,1,122.0,0.6,121.7,200,121.6,500,,,,,,,,,,,,,,,,,122.3,1125,,,,,,,,,,,,,,,,,,
2026-07-03T10:00:31.917596+00:00,2026-07-03T10:00:31.917736,3,2,122.05,0.3,121.9,625,121.7,200,121.6,500,,,,,,,,,,,,,,,122.2,625,122.3,500,,,,,,,,,,,,,,,,
2026-07-03T10:00:31.978256+00:00,2026-07-03T10:00:31.978109,2,2,122.05,0.3,121.9,625,121.7,200,,,,,,,,,,,,,,,,,122.2,625,122.3,500,,,,,,,,,,,,,,,,
2026-07-03T10:00:31.983545+00:00,2026-07-03T10:00:31.983395,2,1,122.05,0.3,121.9,625,121.7,200,,,,,,,,,,,,,,,,,122.2,625,,,,,,,,,,,,,,,,,,
2026-07-03T10:00:31.988847+00:00,2026-07-03T10:00:31.988673,3,1,122.05,0.3,121.9,625,121.7,200,121.6,500,,,,,,,,,,,,,,,122.2,625,,,,,,,,,,,,,,,,,,
2026-07-03T10:00:31.999250+00:00,2026-07-03T10:00:31.999166,3,2,122.05,0.3,121.9,625,121.7,200,121.6,500,,,,,,,,,,,,,,,122.2,625,122.3,500,,,,,,,,,,,,,,,,
2026-07-03T10:00:32.576797+00:00,2026-07-03T10:00:32.576695,2,2,122.05,0.3,121.9,625,121.7,200,,,,,,,,,,,,,,,,,122.2,625,122.3,500,,,,,,,,,,,,,,,,
2026-07-03T10:00:32.587336+00:00,2026-07-03T10:00:32.587152,2,1,122.05,0.3,121.9,625,121.7,200,,,,,,,,,,,,,,,,,122.2,625,,,,,,,,,,,,,,,,,,
2026-07-03T10:00:32.592583+00:00,2026-07-03T10:00:32.592489,3,1,122.05,0.3,121.9,625,121.7,200,121.6,500,,,,,,,,,,,,,,,122.2,625,,,,,,,,,,,,,,,,,,
2026-07-03T10:00:32.597868+00:00,2026-07-03T10:00:32.597788,3,2,122.05,0.3,121.9,625,121.7,200,121.6,500,,,,,,,,,,,,,,,122.2,625,122.4,500,,,,,,,,,,,,,,,,
2026-07-03T10:00:32.651222+00:00,2026-07-03T10:00:32.651166,2,2,122.05,0.3,121.9,625,121.6,500,,,,,,,,,,,,,,,,,122.2,625,122.4,500,,,,,,,,,,,,,,,,
2026-07-03T10:00:32.658533+00:00,2026-07-03T10:00:32.658656,3,2,122.05,0.3,121.9,625,121.7,200,121.6,500,,,,,,,,,,,,,,,122.2,625,122.4,500,,,,,,,,,,,,,,,,
2026-07-03T10:00:32.664006+00:00,2026-07-03T10:00:32.663883,3,2,122.05,0.3,121.9,425,121.7,200,121.6,500,,,,,,,,,,,,,,,122.2,625,122.4,500,,,,,,,,,,,,,,,,
2026-07-03T10:00:33.178834+00:00,2026-07-03T10:00:33.178803,2,2,122.05,0.3,121.9,425,121.7,200,,,,,,,,,,,,,,,,,122.2,625,122.4,500,,,,,,,,,,,,,,,,
2026-07-03T10:00:33.189135+00:00,2026-07-03T10:00:33.189256,2,1,122.05,0.3,121.9,425,121.7,200,,,,,,,,,,,,,,,,,122.2,625,,,,,,,,,,,,,,,,,,
2026-07-03T10:00:33.194723+00:00,2026-07-03T10:00:33.194531,2,1,122.05,0.3,121.9,425,121.7,700,,,,,,,,,,,,,,,,,122.2,625,,,,,,,,,,,,,,,,,,
2026-07-03T10:00:33.205167+00:00,2026-07-03T10:00:33.204978,2,2,122.05,0.3,121.9,425,121.7,700,,,,,,,,,,,,,,,,,122.2,625,122.4,500,,,,,,,,,,,,,,,,
2026-07-03T10:00:33.238327+00:00,2026-07-03T10:00:33.236999,2,2,122.2,0.2,122.1,613,121.7,700,,,,,,,,,,,,,,,,,122.3,625,122.4,500,,,,,,,,,,,,,,,,
2026-07-03T10:00:33.785886+00:00,2026-07-03T10:00:33.785697,2,2,122.2,0.2,122.1,613,121.7,200,,,,,,,,,,,,,,,,,122.3,625,122.4,500,,,,,,,,,,,,,,,,
2026-07-03T10:00:33.791119+00:00,2026-07-03T10:00:33.790994,2,1,122.2,0.2,122.1,613,121.7,200,,,,,,,,,,,,,,,,,122.3,625,,,,,,,,,,,,,,,,,,
2026-07-03T10:00:33.796363+00:00,2026-07-03T10:00:33.796341,2,1,122.2,0.2,122.1,613,121.7,700,,,,,,,,,,,,,,,,,122.3,625,,,,,,,,,,,,,,,,,,
2026-07-03T10:00:33.807025+00:00,2026-07-03T10:00:33.806843,2,2,122.2,0.2,122.1,613,121.7,700,,,,,,,,,,,,,,,,,122.3,625,122.4,500,,,,,,,,,,,,,,,,
2026-07-03T10:00:33.861532+00:00,2026-07-03T10:00:33.861362,2,2,122.2,0.2,122.1,613,121.7,500,,,,,,,,,,,,,,,,,122.3,625,122.4,500,,,,,,,,,,,,,,,,
2026-07-03T10:00:33.866680+00:00,2026-07-03T10:00:33.866565,2,2,122.2,0.2,122.1,613,121.7,700,,,,,,,,,,,,,,,,,122.3,625,122.4,500,,,,,,,,,,,,,,,,
2026-07-03T10:00:33.871931+00:00,2026-07-03T10:00:33.871833,2,2,122.2,0.2,122.1,413,121.7,700,,,,,,,,,,,,,,,,,122.3,625,122.4,500,,,,,,,,,,,,,,,,
2026-07-03T10:00:34.388502+00:00,2026-07-03T10:00:34.388353,2,2,122.2,0.2,122.1,413,121.7,200,,,,,,,,,,,,,,,,,122.3,625,122.4,500,,,,,,,,,,,,,,,,
2026-07-03T10:00:34.393746+00:00,2026-07-03T10:00:34.393649,2,1,122.2,0.2,122.1,413,121.7,200,,,,,,,,,,,,,,,,,122.3,625,,,,,,,,,,,,,,,,,,
2026-07-03T10:00:34.404330+00:00,2026-07-03T10:00:34.404074,2,1,122.2,0.2,122.1,413,121.7,700,,,,,,,,,,,,,,,,,122.3,625,,,,,,,,,,,,,,,,,,
2026-07-03T10:00:34.409541+00:00,2026-07-03T10:00:34.409404,2,2,122.2,0.2,122.1,413,121.7,700,,,,,,,,,,,,,,,,,122.3,625,122.4,500,,,,,,,,,,,,,,,,
2026-07-03T10:00:34.537673+00:00,2026-07-03T10:00:34.537822,1,1,122.05,0.7,121.7,700,,,,,,,,,,,,,,,,,,,122.4,500,,,,,,,,,,,,,,,,,,
2026-07-03T10:00:34.554085+00:00,2026-07-03T10:00:34.552838,2,2,122.05,0.3,121.9,625,121.7,700,,,,,,,,,,,,,,,,,122.2,613,122.4,500,,,,,,,,,,,,,,,,
2026-07-03T10:00:34.991552+00:00,2026-07-03T10:00:34.991307,2,2,122.05,0.3,121.9,625,121.7,200,,,,,,,,,,,,,,,,,122.2,613,122.4,500,,,,,,,,,,,,,,,,
2026-07-03T10:00:34.996762+00:00,2026-07-03T10:00:34.996633,2,1,122.05,0.3,121.9,625,121.7,200,,,,,,,,,,,,,,,,,122.2,613,,,,,,,,,,,,,,,,,,
2026-07-03T10:00:35.002005+00:00,2026-07-03T10:00:35.001923,3,1,122.05,0.3,121.9,625,121.7,200,121.6,500,,,,,,,,,,,,,,,122.2,613,,,,,,,,,,,,,,,,,,
2026-07-03T10:00:35.007015+00:00,2026-07-03T10:00:35.007219,3,2,122.05,0.3,121.9,625,121.7,200,121.6,500,,,,,,,,,,,,,,,122.2,613,122.3,500,,,,,,,,,,,,,,,,
2026-07-03T10:00:35.076603+00:00,2026-07-03T10:00:35.076544,2,2,122.05,0.3,121.9,625,121.6,500,,,,,,,,,,,,,,,,,122.2,613,122.3,500,,,,,,,,,,,,,,,,
2026-07-03T10:00:35.081879+00:00,2026-07-03T10:00:35.081835,3,2,122.05,0.3,121.9,625,121.8,200,121.6,500,,,,,,,,,,,,,,,122.2,613,122.3,500,,,,,,,,,,,,,,,,
2026-07-03T10:00:35.098665+00:00,2026-07-03T10:00:35.097478,3,3,121.95,0.1,121.9,625,121.8,200,121.6,500,,,,,,,,,,,,,,,122.0,186,122.2,613,122.3,500,,,,,,,,,,,,,,
2026-07-03T10:00:35.139216+00:00,2026-07-03T10:00:35.139116,3,3,121.95,0.1,121.9,625,121.8,200,121.6,500,,,,,,,,,,,,,,,122.0,185,122.2,613,122.3,500,,,,,,,,,,,,,,
2026-07-03T10:00:35.595207+00:00,2026-07-03T10:00:35.595023,2,3,121.95,0.1,121.9,625,121.8,200,,,,,,,,,,,,,,,,,122.0,185,122.2,613,122.3,500,,,,,,,,,,,,,,
2026-07-03T10:00:35.600482+00:00,2026-07-03T10:00:35.600322,2,2,121.95,0.1,121.9,625,121.8,200,,,,,,,,,,,,,,,,,122.0,185,122.2,613,,,,,,,,,,,,,,,,
2026-07-03T10:00:35.605895+00:00,2026-07-03T10:00:35.605611,3,2,121.95,0.1,121.9,625,121.8,200,121.5,500,,,,,,,,,,,,,,,122.0,185,122.2,613,,,,,,,,,,,,,,,,
2026-07-03T10:00:35.611170+00:00,2026-07-03T10:00:35.610907,3,2,121.95,0.1,121.9,625,121.8,200,121.5,500,,,,,,,,,,,,,,,122.0,185,122.2,1113,,,,,,,,,,,,,,,,
2026-07-03T10:00:35.847395+00:00,2026-07-03T10:00:35.847290,3,2,121.95,0.1,121.9,625,121.8,200,121.5,500,,,,,,,,,,,,,,,122.0,185,122.2,500,,,,,,,,,,,,,,,,
2026-07-03T10:00:35.852386+00:00,2026-07-03T10:00:35.852475,3,3,121.95,0.1,121.9,625,121.8,200,121.5,500,,,,,,,,,,,,,,,122.0,185,122.1,625,122.2,500,,,,,,,,,,,,,,
2026-07-03T10:00:36.198533+00:00,2026-07-03T10:00:36.198388,2,3,121.95,0.1,121.9,625,121.8,200,,,,,,,,,,,,,,,,,122.0,185,122.1,625,122.2,500,,,,,,,,,,,,,,
2026-07-03T10:00:36.203870+00:00,2026-07-03T10:00:36.203713,2,2,121.95,0.1,121.9,625,121.8,200,,,,,,,,,,,,,,,,,122.0,185,122.1,625,,,,,,,,,,,,,,,,
2026-07-03T10:00:36.214028+00:00,2026-07-03T10:00:36.214151,3,2,121.95,0.1,121.9,625,121.8,200,121.6,500,,,,,,,,,,,,,,,122.0,185,122.1,625,,,,,,,,,,,,,,,,
2026-07-03T10:00:36.224833+00:00,2026-07-03T10:00:36.224684,3,3,121.95,0.1,121.9,625,121.8,200,121.6,500,,,,,,,,,,,,,,,122.0,185,122.1,625,122.3,500,,,,,,,,,,,,,,
2026-07-03T10:00:36.291546+00:00,2026-07-03T10:00:36.291411,2,3,121.95,0.1,121.9,625,121.6,500,,,,,,,,,,,,,,,,,122.0,185,122.1,625,122.3,500,,,,,,,,,,,,,,
2026-07-03T10:00:36.296835+00:00,2026-07-03T10:00:36.296736,3,2,122.0,0.2,121.9,625,121.8,200,121.6,500,,,,,,,,,,,,,,,122.1,625,122.3,500,,,,,,,,,,,,,,,,
2026-07-03T10:00:36.302090+00:00,2026-07-03T10:00:36.301980,3,2,122.0,0.2,121.9,625,121.8,200,121.6,500,,,,,,,,,,,,,,,122.1,825,122.3,500,,,,,,,,,,,,,,,,
2026-07-03T10:00:36.526753+00:00,2026-07-03T10:00:36.525592,3,2,122.0,0.2,121.9,622,121.8,200,121.6,500,,,,,,,,,,,,,,,122.1,825,122.3,500,,,,,,,,,,,,,,,,
2026-07-03T10:00:36.800740+00:00,2026-07-03T10:00:36.800567,2,2,122.0,0.2,121.9,622,121.8,200,,,,,,,,,,,,,,,,,122.1,825,122.3,500,,,,,,,,,,,,,,,,
2026-07-03T10:00:36.805952+00:00,2026-07-03T10:00:36.805874,2,1,122.0,0.2,121.9,622,121.8,200,,,,,,,,,,,,,,,,,122.1,825,,,,,,,,,,,,,,,,,,
2026-07-03T10:00:36.816531+00:00,2026-07-03T10:00:36.816332,3,1,122.0,0.2,121.9,622,121.8,200,121.6,500,,,,,,,,,,,,,,,122.1,825,,,,,,,,,,,,,,,,,,
2026-07-03T10:00:36.821756+00:00,2026-07-03T10:00:36.821630,3,2,122.0,0.2,121.9,622,121.8,200,121.6,500,,,,,,,,,,,,,,,122.1,825,122.3,500,,,,,,,,,,,,,,,,
2026-07-03T10:00:37.158735+00:00,2026-07-03T10:00:37.158671,2,2,121.95,0.3,121.8,825,121.6,500,,,,,,,,,,,,,,,,,122.1,200,122.3,500,,,,,,,,,,,,,,,,
2026-07-03T10:00:37.164055+00:00,2026-07-03T10:00:37.163853,2,3,121.9,0.2,121.8,825,121.6,500,,,,,,,,,,,,,,,,,122.0,625,122.1,200,122.3,500,,,,,,,,,,,,,,
2026-07-03T10:00:37.428538+00:00,2026-07-03T10:00:37.428322,1,3,121.9,0.2,121.8,825,,,,,,,,,,,,,,,,,,,122.0,625,122.1,200,122.3,500,,,,,,,,,,,,,,
2026-07-03T10:00:37.433889+00:00,2026-07-03T10:00:37.433718,1,2,121.9,0.2,121.8,825,,,,,,,,,,,,,,,,,,,122.0,625,122.1,200,,,,,,,,,,,,,,,,
2026-07-03T10:00:37.439198+00:00,2026-07-03T10:00:37.439091,2,2,121.9,0.2,121.8,825,121.6,500,,,,,,,,,,,,,,,,,122.0,625,122.1,200,,,,,,,,,,,,,,,,
2026-07-03T10:00:37.449897+00:00,2026-07-03T10:00:37.449688,2,3,121.9,0.2,121.8,825,121.6,500,,,,,,,,,,,,,,,,,122.0,625,122.1,200,122.3,500,,,,,,,,,,,,,,
2026-07-03T10:00:37.505810+00:00,2026-07-03T10:00:37.505602,2,2,121.9,0.2,121.8,625,121.6,500,,,,,,,,,,,,,,,,,122.0,625,122.3,500,,,,,,,,,,,,,,,,
2026-07-03T10:00:37.511045+00:00,2026-07-03T10:00:37.510870,2,2,121.9,0.2,121.8,825,121.6,500,,,,,,,,,,,,,,,,,122.0,625,122.3,500,,,,,,,,,,,,,,,,
2026-07-03T10:00:37.516284+00:00,2026-07-03T10:00:37.516242,2,2,121.9,0.2,121.8,825,121.6,500,,,,,,,,,,,,,,,,,122.0,825,122.3,500,,,,,,,,,,,,,,,,
2026-07-03T10:00:38.030498+00:00,2026-07-03T10:00:38.030594,1,2,121.9,0.2,121.8,825,,,,,,,,,,,,,,,,,,,122.0,825,122.3,500,,,,,,,,,,,,,,,,
2026-07-03T10:00:38.036082+00:00,2026-07-03T10:00:38.035890,1,1,121.9,0.2,121.8,825,,,,,,,,,,,,,,,,,,,122.0,825,,,,,,,,,,,,,,,,,,
2026-07-03T10:00:38.041294+00:00,2026-07-03T10:00:38.041176,2,1,121.9,0.2,121.8,825,121.6,500,,,,,,,,,,,,,,,,,122.0,825,,,,,,,,,,,,,,,,,,
2026-07-03T10:00:38.058772+00:00,2026-07-03T10:00:38.046476,2,2,121.9,0.2,121.8,825,121.6,500,,,,,,,,,,,,,,,,,122.0,825,122.3,500,,,,,,,,,,,,,,,,
2026-07-03T10:00:38.458636+00:00,2026-07-03T10:00:38.456100,2,2,121.9,0.2,121.8,200,121.6,500,,,,,,,,,,,,,,,,,122.0,825,122.3,500,,,,,,,,,,,,,,,,
2026-07-03T10:00:38.469245+00:00,2026-07-03T10:00:38.469211,3,3,121.95,0.1,121.9,625,121.8,200,121.6,500,,,,,,,,,,,,,,,122.0,200,122.1,625,122.3,500,,,,,,,,,,,,,,
2026-07-03T10:00:38.634308+00:00,2026-07-03T10:00:38.634215,2,3,121.95,0.1,121.9,625,121.8,200,,,,,,,,,,,,,,,,,122.0,200,122.1,625,122.3,500,,,,,,,,,,,,,,
2026-07-03T10:00:38.639651+00:00,2026-07-03T10:00:38.639525,2,2,121.95,0.1,121.9,625,121.8,200,,,,,,,,,,,,,,,,,122.0,200,122.1,625,,,,,,,,,,,,,,,,
2026-07-03T10:00:38.644854+00:00,2026-07-03T10:00:38.644821,3,2,121.95,0.1,121.9,625,121.8,200,121.7,500,,,,,,,,,,,,,,,122.0,200,122.1,625,,,,,,,,,,,,,,,,
2026-07-03T10:00:38.658730+00:00,2026-07-03T10:00:38.650144,3,3,121.95,0.1,121.9,625,121.8,200,121.7,500,,,,,,,,,,,,,,,122.0,200,122.1,625,122.4,500,,,,,,,,,,,,,,
2026-07-03T10:00:38.718096+00:00,2026-07-03T10:00:38.718054,2,2,122.0,0.2,121.9,625,121.7,500,,,,,,,,,,,,,,,,,122.1,625,122.4,500,,,,,,,,,,,,,,,,
2026-07-03T10:00:38.723324+00:00,2026-07-03T10:00:38.723283,2,2,122.0,0.2,121.9,425,121.7,700,,,,,,,,,,,,,,,,,122.1,625,122.4,500,,,,,,,,,,,,,,,,
2026-07-03T10:00:38.773331+00:00,2026-07-03T10:00:38.773188,2,2,122.0,0.2,121.9,425,121.7,700,,,,,,,,,,,,,,,,,122.1,622,122.4,500,,,,,,,,,,,,,,,,
2026-07-03T10:00:39.236945+00:00,2026-07-03T10:00:39.236819,2,2,122.0,0.2,121.9,425,121.7,200,,,,,,,,,,,,,,,,,122.1,622,122.4,500,,,,,,,,,,,,,,,,
2026-07-03T10:00:39.242290+00:00,2026-07-03T10:00:39.242147,2,1,122.0,0.2,121.9,425,121.7,200,,,,,,,,,,,,,,,,,122.1,622,,,,,,,,,,,,,,,,,,
2026-07-03T10:00:39.252747+00:00,2026-07-03T10:00:39.252592,2,1,122.0,0.2,121.9,425,121.7,700,,,,,,,,,,,,,,,,,122.1,622,,,,,,,,,,,,,,,,,,
2026-07-03T10:00:39.258571+00:00,2026-07-03T10:00:39.257886,2,2,122.0,0.2,121.9,425,121.7,700,,,,,,,,,,,,,,,,,122.1,622,122.4,500,,,,,,,,,,,,,,,,
2026-07-03T10:00:39.770268+00:00,2026-07-03T10:00:39.770192,1,2,121.9,0.4,121.7,700,,,,,,,,,,,,,,,,,,,122.1,622,122.4,500,,,,,,,,,,,,,,,,
2026-07-03T10:00:39.775572+00:00,2026-07-03T10:00:39.775415,1,1,122.05,0.7,121.7,700,,,,,,,,,,,,,,,,,,,122.4,500,,,,,,,,,,,,,,,,,,
2026-07-03T10:00:39.780739+00:00,2026-07-03T10:00:39.780712,2,1,122.1,0.6,121.8,625,121.7,700,,,,,,,,,,,,,,,,,122.4,500,,,,,,,,,,,,,,,,,,
2026-07-03T10:00:39.795441+00:00,2026-07-03T10:00:39.794263,2,2,121.9,0.2,121.8,625,121.7,700,,,,,,,,,,,,,,,,,122.0,622,122.4,500,,,,,,,,,,,,,,,,
2026-07-03T10:00:39.837429+00:00,2026-07-03T10:00:39.837324,2,2,121.9,0.2,121.8,625,121.7,200,,,,,,,,,,,,,,,,,122.0,622,122.4,500,,,,,,,,,,,,,,,,
2026-07-03T10:00:39.842687+00:00,2026-07-03T10:00:39.842638,2,1,121.9,0.2,121.8,625,121.7,200,,,,,,,,,,,,,,,,,122.0,622,,,,,,,,,,,,,,,,,,
2026-07-03T10:00:39.853331+00:00,2026-07-03T10:00:39.853098,2,1,121.9,0.2,121.8,625,121.7,700,,,,,,,,,,,,,,,,,122.0,622,,,,,,,,,,,,,,,,,,
2026-07-03T10:00:39.858618+00:00,2026-07-03T10:00:39.858379,2,2,121.9,0.2,121.8,625,121.7,700,,,,,,,,,,,,,,,,,122.0,622,122.4,500,,,,,,,,,,,,,,,,
2026-07-03T10:00:39.926670+00:00,2026-07-03T10:00:39.926588,2,2,121.9,0.2,121.8,825,121.7,500,,,,,,,,,,,,,,,,,122.0,622,122.4,500,,,,,,,,,,,,,,,,
2026-07-03T10:00:39.931863+00:00,2026-07-03T10:00:39.931766,2,2,121.9,0.2,121.8,825,121.7,500,,,,,,,,,,,,,,,,,122.0,822,122.4,500,,,,,,,,,,,,,,,,
2026-07-03T10:00:40.441503+00:00,2026-07-03T10:00:40.441207,1,2,121.9,0.2,121.8,825,,,,,,,,,,,,,,,,,,,122.0,822,122.4,500,,,,,,,,,,,,,,,,
2026-07-03T10:00:40.446682+00:00,2026-07-03T10:00:40.446532,1,1,121.9,0.2,121.8,825,,,,,,,,,,,,,,,,,,,122.0,822,,,,,,,,,,,,,,,,,,
2026-07-03T10:00:40.458700+00:00,2026-07-03T10:00:40.451978,2,2,121.9,0.2,121.8,825,121.6,500,,,,,,,,,,,,,,,,,122.0,822,122.3,500,,,,,,,,,,,,,,,,
2026-07-03T10:00:41.043881+00:00,2026-07-03T10:00:41.043715,1,2,121.9,0.2,121.8,825,,,,,,,,,,,,,,,,,,,122.0,822,122.3,500,,,,,,,,,,,,,,,,
2026-07-03T10:00:41.058584+00:00,2026-07-03T10:00:41.051124,2,2,121.9,0.2,121.8,825,121.6,500,,,,,,,,,,,,,,,,,122.0,822,122.3,500,,,,,,,,,,,,,,,,
2026-07-03T10:00:41.085600+00:00,2026-07-03T10:00:41.085516,2,2,121.9,0.2,121.8,200,121.6,500,,,,,,,,,,,,,,,,,122.0,822,122.3,500,,,,,,,,,,,,,,,,
2026-07-03T10:00:41.090619+00:00,2026-07-03T10:00:41.090781,3,2,121.95,0.1,121.9,625,121.8,200,121.6,500,,,,,,,,,,,,,,,122.0,200,122.3,500,,,,,,,,,,,,,,,,
2026-07-03T10:00:41.096059+00:00,2026-07-03T10:00:41.095950,3,3,121.95,0.1,121.9,625,121.8,200,121.6,500,,,,,,,,,,,,,,,122.0,200,122.1,625,122.3,500,,,,,,,,,,,,,,
2026-07-03T10:00:41.132771+00:00,2026-07-03T10:00:41.132695,3,2,122.0,0.2,121.9,625,121.8,200,121.6,500,,,,,,,,,,,,,,,122.1,625,122.3,500,,,,,,,,,,,,,,,,
2026-07-03T10:00:41.137993+00:00,2026-07-03T10:00:41.137871,3,3,121.95,0.1,121.9,625,121.8,200,121.6,500,,,,,,,,,,,,,,,122.0,200,122.1,625,122.3,500,,,,,,,,,,,,,,
2026-07-03T10:00:41.669142+00:00,2026-07-03T10:00:41.668906,2,3,121.95,0.1,121.9,625,121.8,200,,,,,,,,,,,,,,,,,122.0,200,122.1,625,122.3,500,,,,,,,,,,,,,,
2026-07-03T10:00:41.679834+00:00,2026-07-03T10:00:41.679658,2,2,121.95,0.1,121.9,625,121.8,200,,,,,,,,,,,,,,,,,122.0,200,122.1,625,,,,,,,,,,,,,,,,
2026-07-03T10:00:41.685138+00:00,2026-07-03T10:00:41.685012,3,2,121.95,0.1,121.9,625,121.8,200,121.6,500,,,,,,,,,,,,,,,122.0,200,122.1,625,,,,,,,,,,,,,,,,
2026-07-03T10:00:41.695740+00:00,2026-07-03T10:00:41.695618,3,3,121.95,0.1,121.9,625,121.8,200,121.6,500,,,,,,,,,,,,,,,122.0,200,122.1,625,122.3,500,,,,,,,,,,,,,,
2026-07-03T10:00:42.250189+00:00,2026-07-03T10:00:42.250042,2,3,121.95,0.1,121.9,625,121.8,200,,,,,,,,,,,,,,,,,122.0,200,122.1,625,122.3,500,,,,,,,,,,,,,,
2026-07-03T10:00:42.258643+00:00,2026-07-03T10:00:42.255507,3,2,121.95,0.1,121.9,625,121.8,200,121.5,500,,,,,,,,,,,,,,,122.0,200,122.1,625,,,,,,,,,,,,,,,,
2026-07-03T10:00:42.270099+00:00,2026-07-03T10:00:42.269941,3,3,121.95,0.1,121.9,625,121.8,200,121.5,500,,,,,,,,,,,,,,,122.0,200,122.1,625,122.2,500,,,,,,,,,,,,,,
2026-07-03T10:00:42.334234+00:00,2026-07-03T10:00:42.332801,2,2,122.0,0.2,121.9,625,121.5,500,,,,,,,,,,,,,,,,,122.1,625,122.2,500,,,,,,,,,,,,,,,,
2026-07-03T10:00:42.345205+00:00,2026-07-03T10:00:42.345031,3,2,122.0,0.2,121.9,425,121.7,200,121.5,500,,,,,,,,,,,,,,,122.1,625,122.2,500,,,,,,,,,,,,,,,,
2026-07-03T10:00:42.398286+00:00,2026-07-03T10:00:42.398065,2,1,121.95,0.5,121.7,825,121.5,500,,,,,,,,,,,,,,,,,122.2,500,,,,,,,,,,,,,,,,,,
2026-07-03T10:00:42.403474+00:00,2026-07-03T10:00:42.403355,2,2,121.8,0.2,121.7,825,121.5,500,,,,,,,,,,,,,,,,,121.9,625,122.2,500,,,,,,,,,,,,,,,,
2026-07-03T10:00:42.842485+00:00,2026-07-03T10:00:42.842361,2,2,121.8,0.2,121.7,825,121.5,500,,,,,,,,,,,,,,,,,121.9,624,122.2,500,,,,,,,,,,,,,,,,
2026-07-03T10:00:42.858661+00:00,2026-07-03T10:00:42.852992,1,1,121.8,0.2,121.7,825,,,,,,,,,,,,,,,,,,,121.9,624,,,,,,,,,,,,,,,,,,
2026-07-03T10:00:42.863902+00:00,2026-07-03T10:00:42.863743,2,1,121.8,0.2,121.7,825,121.5,500,,,,,,,,,,,,,,,,,121.9,624,,,,,,,,,,,,,,,,,,
2026-07-03T10:00:42.869140+00:00,2026-07-03T10:00:42.869024,2,2,121.8,0.2,121.7,825,121.5,500,,,,,,,,,,,,,,,,,121.9,624,122.2,500,,,,,,,,,,,,,,,,
2026-07-03T10:00:43.058695+00:00,2026-07-03T10:00:43.054372,2,2,121.8,0.2,121.7,805,121.5,500,,,,,,,,,,,,,,,,,121.9,624,122.2,500,,,,,,,,,,,,,,,,
2026-07-03T10:00:43.479379+00:00,2026-07-03T10:00:43.479274,1,2,121.8,0.2,121.7,805,,,,,,,,,,,,,,,,,,,121.9,624,122.2,500,,,,,,,,,,,,,,,,
2026-07-03T10:00:43.484657+00:00,2026-07-03T10:00:43.484593,1,1,121.8,0.2,121.7,805,,,,,,,,,,,,,,,,,,,121.9,624,,,,,,,,,,,,,,,,,,
2026-07-03T10:00:43.495230+00:00,2026-07-03T10:00:43.495049,2,1,121.8,0.2,121.7,805,121.5,500,,,,,,,,,,,,,,,,,121.9,624,,,,,,,,,,,,,,,,,,
2026-07-03T10:00:43.505610+00:00,2026-07-03T10:00:43.505505,2,2,121.8,0.2,121.7,805,121.5,500,,,,,,,,,,,,,,,,,121.9,624,122.2,500,,,,,,,,,,,,,,,,
2026-07-03T10:00:43.547359+00:00,2026-07-03T10:00:43.547296,2,2,121.8,0.2,121.7,825,121.5,500,,,,,,,,,,,,,,,,,121.9,624,122.2,500,,,,,,,,,,,,,,,,
2026-07-03T10:00:43.558645+00:00,2026-07-03T10:00:43.552474,2,2,121.8,0.2,121.7,825,121.5,500,,,,,,,,,,,,,,,,,121.9,824,122.2,500,,,,,,,,,,,,,,,,
2026-07-03T10:00:43.703126+00:00,2026-07-03T10:00:43.702940,2,2,121.8,0.2,121.7,200,121.5,500,,,,,,,,,,,,,,,,,121.9,824,122.2,500,,,,,,,,,,,,,,,,
2026-07-03T10:00:43.708337+00:00,2026-07-03T10:00:43.708235,3,2,121.8,0.2,121.7,200,121.6,625,121.5,500,,,,,,,,,,,,,,,121.9,200,122.2,500,,,,,,,,,,,,,,,,
2026-07-03T10:00:43.713326+00:00,2026-07-03T10:00:43.713416,3,3,121.75,0.1,121.7,200,121.6,625,121.5,500,,,,,,,,,,,,,,,121.8,625,121.9,200,122.2,500,,,,,,,,,,,,,,
2026-07-03T10:00:44.086430+00:00,2026-07-03T10:00:44.086322,2,3,121.75,0.1,121.7,200,121.6,625,,,,,,,,,,,,,,,,,121.8,625,121.9,200,122.2,500,,,,,,,,,,,,,,
2026-07-03T10:00:44.091664+00:00,2026-07-03T10:00:44.091611,2,2,121.75,0.1,121.7,200,121.6,625,,,,,,,,,,,,,,,,,121.8,625,121.9,200,,,,,,,,,,,,,,,,
2026-07-03T10:00:44.101921+00:00,2026-07-03T10:00:44.102031,3,2,121.75,0.1,121.7,200,121.6,625,121.5,500,,,,,,,,,,,,,,,121.8,625,121.9,200,,,,,,,,,,,,,,,,
2026-07-03T10:00:44.112568+00:00,2026-07-03T10:00:44.112472,3,3,121.75,0.1,121.7,200,121.6,625,121.5,500,,,,,,,,,,,,,,,121.8,625,121.9,200,122.2,500,,,,,,,,,,,,,,
2026-07-03T10:00:44.684021+00:00,2026-07-03T10:00:44.683879,2,3,121.75,0.1,121.7,200,121.6,625,,,,,,,,,,,,,,,,,121.8,625,121.9,200,122.2,500,,,,,,,,,,,,,,
2026-07-03T10:00:44.694528+00:00,2026-07-03T10:00:44.694389,2,2,121.75,0.1,121.7,200,121.6,625,,,,,,,,,,,,,,,,,121.8,625,121.9,200,,,,,,,,,,,,,,,,
2026-07-03T10:00:44.705019+00:00,2026-07-03T10:00:44.704858,2,2,121.75,0.1,121.7,200,121.6,1125,,,,,,,,,,,,,,,,,121.8,625,121.9,200,,,,,,,,,,,,,,,,
2026-07-03T10:00:44.710266+00:00,2026-07-03T10:00:44.710159,2,3,121.75,0.1,121.7,200,121.6,1125,,,,,,,,,,,,,,,,,121.8,625,121.9,200,122.3,500,,,,,,,,,,,,,,
2026-07-03T10:00:44.764063+00:00,2026-07-03T10:00:44.764013,1,2,121.7,0.2,121.6,1325,,,,,,,,,,,,,,,,,,,121.8,825,122.3,500,,,,,,,,,,,,,,,,
2026-07-03T10:00:44.925577+00:00,2026-07-03T10:00:44.925516,1,2,121.7,0.2,121.6,1325,,,,,,,,,,,,,,,,,,,121.8,775,122.3,500,,,,,,,,,,,,,,,,
2026-07-03T10:00:45.018481+00:00,2026-07-03T10:00:45.018412,1,2,121.7,0.2,121.6,700,,,,,,,,,,,,,,,,,,,121.8,200,122.3,500,,,,,,,,,,,,,,,,
2026-07-03T10:00:45.023768+00:00,2026-07-03T10:00:45.023637,2,3,121.75,0.1,121.7,625,121.6,700,,,,,,,,,,,,,,,,,121.8,200,121.9,625,122.3,500,,,,,,,,,,,,,,
2026-07-03T10:00:45.291262+00:00,2026-07-03T10:00:45.291078,2,3,121.75,0.1,121.7,625,121.6,200,,,,,,,,,,,,,,,,,121.8,200,121.9,625,122.3,500,,,,,,,,,,,,,,
2026-07-03T10:00:45.296541+00:00,2026-07-03T10:00:45.296400,2,2,121.75,0.1,121.7,625,121.6,200,,,,,,,,,,,,,,,,,121.8,200,121.9,625,,,,,,,,,,,,,,,,
2026-07-03T10:00:45.301568+00:00,2026-07-03T10:00:45.301680,2,2,121.75,0.1,121.7,1125,121.6,200,,,,,,,,,,,,,,,,,121.8,200,121.9,625,,,,,,,,,,,,,,,,
2026-07-03T10:00:45.307064+00:00,2026-07-03T10:00:45.306978,2,3,121.75,0.1,121.7,1125,121.6,200,,,,,,,,,,,,,,,,,121.8,200,121.9,625,122.4,500,,,,,,,,,,,,,,
2026-07-03T10:00:45.891037+00:00,2026-07-03T10:00:45.890874,2,3,121.75,0.1,121.7,625,121.6,200,,,,,,,,,,,,,,,,,121.8,200,121.9,625,122.4,500,,,,,,,,,,,,,,
2026-07-03T10:00:45.896215+00:00,2026-07-03T10:00:45.896192,2,2,121.75,0.1,121.7,625,121.6,200,,,,,,,,,,,,,,,,,121.8,200,121.9,625,,,,,,,,,,,,,,,,
2026-07-03T10:00:45.906753+00:00,2026-07-03T10:00:45.906638,2,2,121.75,0.1,121.7,1125,121.6,200,,,,,,,,,,,,,,,,,121.8,200,121.9,625,,,,,,,,,,,,,,,,
2026-07-03T10:00:45.912063+00:00,2026-07-03T10:00:45.911935,2,3,121.75,0.1,121.7,1125,121.6,200,,,,,,,,,,,,,,,,,121.8,200,121.9,625,122.4,500,,,,,,,,,,,,,,
2026-07-03T10:00:45.958595+00:00,2026-07-03T10:00:45.958271,2,3,121.75,0.1,121.7,1125,121.5,200,,,,,,,,,,,,,,,,,121.8,200,121.9,625,122.4,500,,,,,,,,,,,,,,
2026-07-03T10:00:46.324012+00:00,2026-07-03T10:00:46.323983,2,3,121.75,0.1,121.7,500,121.5,200,,,,,,,,,,,,,,,,,121.8,200,121.9,625,122.4,500,,,,,,,,,,,,,,
2026-07-03T10:00:46.329379+00:00,2026-07-03T10:00:46.329233,3,2,121.75,0.1,121.7,500,121.6,625,121.5,200,,,,,,,,,,,,,,,121.8,200,122.4,500,,,,,,,,,,,,,,,,
2026-07-03T10:00:46.334563+00:00,2026-07-03T10:00:46.334423,3,3,121.75,0.1,121.7,500,121.6,625,121.5,200,,,,,,,,,,,,,,,121.8,200,121.9,625,122.4,500,,,,,,,,,,,,,,
2026-07-03T10:00:46.496527+00:00,2026-07-03T10:00:46.496425,2,3,121.7,0.2,121.6,625,121.5,200,,,,,,,,,,,,,,,,,121.8,200,121.9,625,122.4,500,,,,,,,,,,,,,,
2026-07-03T10:00:46.501827+00:00,2026-07-03T10:00:46.501727,2,2,121.7,0.2,121.6,625,121.5,200,,,,,,,,,,,,,,,,,121.8,200,121.9,625,,,,,,,,,,,,,,,,
2026-07-03T10:00:46.512380+00:00,2026-07-03T10:00:46.512218,3,1,121.85,0.1,121.8,300,121.6,625,121.5,200,,,,,,,,,,,,,,,121.9,625,,,,,,,,,,,,,,,,,,
2026-07-03T10:00:46.517636+00:00,2026-07-03T10:00:46.517551,3,2,121.85,0.1,121.8,300,121.6,625,121.5,200,,,,,,,,,,,,,,,121.9,625,122.5,500,,,,,,,,,,,,,,,,
2026-07-03T10:00:47.097079+00:00,2026-07-03T10:00:47.096869,2,2,121.75,0.3,121.6,625,121.5,200,,,,,,,,,,,,,,,,,121.9,625,122.5,500,,,,,,,,,,,,,,,,
2026-07-03T10:00:47.102383+00:00,2026-07-03T10:00:47.102151,2,1,121.75,0.3,121.6,625,121.5,200,,,,,,,,,,,,,,,,,121.9,625,,,,,,,,,,,,,,,,,,
2026-07-03T10:00:47.107569+00:00,2026-07-03T10:00:47.107440,3,1,121.8,0.2,121.7,500,121.6,625,121.5,200,,,,,,,,,,,,,,,121.9,625,,,,,,,,,,,,,,,,,,
2026-07-03T10:00:47.112812+00:00,2026-07-03T10:00:47.112727,3,2,121.8,0.2,121.7,500,121.6,625,121.5,200,,,,,,,,,,,,,,,121.9,625,122.5,500,,,,,,,,,,,,,,,,
2026-07-03T10:00:47.170030+00:00,2026-07-03T10:00:47.169966,2,2,121.8,0.2,121.7,700,121.6,625,,,,,,,,,,,,,,,,,121.9,825,122.5,500,,,,,,,,,,,,,,,,
2026-07-03T10:00:47.640595+00:00,2026-07-03T10:00:47.640806,1,2,121.8,0.2,121.7,1325,,,,,,,,,,,,,,,,,,,121.9,825,122.5,500,,,,,,,,,,,,,,,,
2026-07-03T10:00:47.698744+00:00,2026-07-03T10:00:47.698603,1,2,121.8,0.2,121.7,825,,,,,,,,,,,,,,,,,,,121.9,825,122.5,500,,,,,,,,,,,,,,,,
2026-07-03T10:00:47.704066+00:00,2026-07-03T10:00:47.703986,1,1,121.8,0.2,121.7,825,,,,,,,,,,,,,,,,,,,121.9,825,,,,,,,,,,,,,,,,,,
2026-07-03T10:00:47.714756+00:00,2026-07-03T10:00:47.714578,1,1,121.8,0.2,121.7,1325,,,,,,,,,,,,,,,,,,,121.9,825,,,,,,,,,,,,,,,,,,
2026-07-03T10:00:47.720121+00:00,2026-07-03T10:00:47.719934,1,2,121.8,0.2,121.7,1325,,,,,,,,,,,,,,,,,,,121.9,825,122.4,500,,,,,,,,,,,,,,,,
2026-07-03T10:00:48.304931+00:00,2026-07-03T10:00:48.304656,1,2,121.8,0.2,121.7,825,,,,,,,,,,,,,,,,,,,121.9,825,122.4,500,,,,,,,,,,,,,,,,
2026-07-03T10:00:48.310145+00:00,2026-07-03T10:00:48.310048,1,1,121.8,0.2,121.7,825,,,,,,,,,,,,,,,,,,,121.9,825,,,,,,,,,,,,,,,,,,
2026-07-03T10:00:48.320972+00:00,2026-07-03T10:00:48.320670,2,1,121.85,0.1,121.8,500,121.7,825,,,,,,,,,,,,,,,,,121.9,825,,,,,,,,,,,,,,,,,,
2026-07-03T10:00:48.326199+00:00,2026-07-03T10:00:48.326048,2,2,121.85,0.1,121.8,500,121.7,825,,,,,,,,,,,,,,,,,121.9,825,122.5,500,,,,,,,,,,,,,,,,
2026-07-03T10:00:48.377383+00:00,2026-07-03T10:00:48.377208,3,2,121.85,0.1,121.8,500,121.7,625,121.6,200,,,,,,,,,,,,,,,121.9,625,122.5,500,,,,,,,,,,,,,,,,
2026-07-03T10:00:48.382705+00:00,2026-07-03T10:00:48.382511,3,2,121.85,0.1,121.8,300,121.7,625,121.6,200,,,,,,,,,,,,,,,121.9,625,122.5,500,,,,,,,,,,,,,,,,
2026-07-03T10:00:48.904909+00:00,2026-07-03T10:00:48.904846,2,2,121.8,0.2,121.7,625,121.6,200,,,,,,,,,,,,,,,,,121.9,625,122.5,500,,,,,,,,,,,,,,,,
2026-07-03T10:00:48.910241+00:00,2026-07-03T10:00:48.910133,2,1,121.8,0.2,121.7,625,121.6,200,,,,,,,,,,,,,,,,,121.9,625,,,,,,,,,,,,,,,,,,
2026-07-03T10:00:48.915539+00:00,2026-07-03T10:00:48.915447,3,1,121.85,0.1,121.8,500,121.7,625,121.6,200,,,,,,,,,,,,,,,121.9,625,,,,,,,,,,,,,,,,,,
2026-07-03T10:00:48.926095+00:00,2026-07-03T10:00:48.925899,3,2,121.85,0.1,121.8,500,121.7,625,121.6,200,,,,,,,,,,,,,,,121.9,625,122.5,500,,,,,,,,,,,,,,,,
2026-07-03T10:00:48.946935+00:00,2026-07-03T10:00:48.946808,2,2,121.85,0.1,121.8,500,121.6,200,,,,,,,,,,,,,,,,,121.9,625,122.5,500,,,,,,,,,,,,,,,,
2026-07-03T10:00:48.952196+00:00,2026-07-03T10:00:48.952051,3,2,121.85,0.1,121.8,500,121.7,625,121.6,200,,,,,,,,,,,,,,,121.9,625,122.5,500,,,,,,,,,,,,,,,,
2026-07-03T10:00:49.152415+00:00,2026-07-03T10:00:49.152276,3,2,121.85,0.1,121.8,500,121.7,625,121.6,200,,,,,,,,,,,,,,,121.9,624,122.5,500,,,,,,,,,,,,,,,,
2026-07-03T10:00:49.540523+00:00,2026-07-03T10:00:49.540380,2,2,121.8,0.2,121.7,625,121.6,200,,,,,,,,,,,,,,,,,121.9,624,122.5,500,,,,,,,,,,,,,,,,
2026-07-03T10:00:49.550984+00:00,2026-07-03T10:00:49.550882,2,2,121.8,0.2,121.7,625,121.6,200,,,,,,,,,,,,,,,,,121.9,575,122.5,500,,,,,,,,,,,,,,,,
2026-07-03T10:00:49.558731+00:00,2026-07-03T10:00:49.556267,3,1,121.85,0.1,121.8,500,121.7,625,121.6,200,,,,,,,,,,,,,,,121.9,575,,,,,,,,,,,,,,,,,,
2026-07-03T10:00:49.569001+00:00,2026-07-03T10:00:49.568885,3,2,121.85,0.1,121.8,500,121.7,625,121.6,200,,,,,,,,,,,,,,,121.9,575,122.5,500,,,,,,,,,,,,,,,,
2026-07-03T10:00:49.589964+00:00,2026-07-03T10:00:49.589787,2,2,121.85,0.1,121.8,500,121.7,625,,,,,,,,,,,,,,,,,121.9,575,122.5,500,,,,,,,,,,,,,,,,
2026-07-03T10:00:49.595266+00:00,2026-07-03T10:00:49.595024,2,2,121.85,0.1,121.8,700,121.7,625,,,,,,,,,,,,,,,,,121.9,575,122.5,500,,,,,,,,,,,,,,,,
2026-07-03T10:00:49.600216+00:00,2026-07-03T10:00:49.600299,2,3,121.85,0.1,121.8,700,121.7,625,,,,,,,,,,,,,,,,,121.9,575,122.0,200,122.5,500,,,,,,,,,,,,,,
2026-07-03T10:00:50.136095+00:00,2026-07-03T10:00:50.135978,2,3,121.85,0.1,121.8,200,121.7,625,,,,,,,,,,,,,,,,,121.9,575,122.0,200,122.5,500,,,,,,,,,,,,,,
2026-07-03T10:00:50.146543+00:00,2026-07-03T10:00:50.146418,2,2,121.85,0.1,121.8,200,121.7,625,,,,,,,,,,,,,,,,,121.9,575,122.0,200,,,,,,,,,,,,,,,,
2026-07-03T10:00:50.156808+00:00,2026-07-03T10:00:50.157070,2,3,121.85,0.1,121.8,200,121.7,625,,,,,,,,,,,,,,,,,121.9,75,122.0,200,122.6,500,,,,,,,,,,,,,,
2026-07-03T10:00:50.254570+00:00,2026-07-03T10:00:50.254417,1,3,121.85,0.1,121.8,200,,,,,,,,,,,,,,,,,,,121.9,75,122.0,200,122.6,500,,,,,,,,,,,,,,
2026-07-03T10:00:50.264993+00:00,2026-07-03T10:00:50.264906,2,1,122.3,0.6,122.0,425,121.8,200,,,,,,,,,,,,,,,,,122.6,500,,,,,,,,,,,,,,,,,,
2026-07-03T10:00:50.270175+00:00,2026-07-03T10:00:50.270073,2,2,122.1,0.2,122.0,425,121.8,200,,,,,,,,,,,,,,,,,122.2,625,122.6,500,,,,,,,,,,,,,,,,
2026-07-03T10:00:50.744725+00:00,2026-07-03T10:00:50.744560,2,1,122.1,0.2,122.0,425,121.8,200,,,,,,,,,,,,,,,,,122.2,625,,,,,,,,,,,,,,,,,,
2026-07-03T10:00:50.749984+00:00,2026-07-03T10:00:50.749883,3,1,122.1,0.2,122.0,425,121.9,500,121.8,200,,,,,,,,,,,,,,,122.2,625,,,,,,,,,,,,,,,,,,
2026-07-03T10:00:50.758725+00:00,2026-07-03T10:00:50.755177,3,2,122.1,0.2,122.0,425,121.9,500,121.8,200,,,,,,,,,,,,,,,122.2,625,122.6,500,,,,,,,,,,,,,,,,
2026-07-03T10:00:50.800321+00:00,2026-07-03T10:00:50.800514,2,2,122.1,0.2,122.0,425,121.9,500,,,,,,,,,,,,,,,,,122.2,625,122.6,500,,,,,,,,,,,,,,,,
2026-07-03T10:00:50.805855+00:00,2026-07-03T10:00:50.805763,3,2,122.1,0.2,122.0,425,121.9,500,121.7,200,,,,,,,,,,,,,,,122.2,625,122.6,500,,,,,,,,,,,,,,,,
2026-07-03T10:00:50.816481+00:00,2026-07-03T10:00:50.816260,3,2,122.1,0.2,122.0,225,121.9,500,121.7,200,,,,,,,,,,,,,,,122.2,625,122.6,500,,,,,,,,,,,,,,,,
2026-07-03T10:00:51.058650+00:00,2026-07-03T10:00:51.058597,3,2,122.1,0.2,122.0,225,121.9,500,121.7,200,,,,,,,,,,,,,,,122.2,605,122.6,500,,,,,,,,,,,,,,,,
2026-07-03T10:00:51.343680+00:00,2026-07-03T10:00:51.343540,2,2,122.1,0.2,122.0,225,121.7,200,,,,,,,,,,,,,,,,,122.2,605,122.6,500,,,,,,,,,,,,,,,,
2026-07-03T10:00:51.348928+00:00,2026-07-03T10:00:51.348842,2,1,122.1,0.2,122.0,225,121.7,200,,,,,,,,,,,,,,,,,122.2,605,,,,,,,,,,,,,,,,,,
2026-07-03T10:00:51.358586+00:00,2026-07-03T10:00:51.354285,3,2,122.1,0.2,122.0,225,121.9,500,121.7,200,,,,,,,,,,,,,,,122.2,605,122.6,500,,,,,,,,,,,,,,,,
2026-07-03T10:00:51.572674+00:00,2026-07-03T10:00:51.572499,2,1,122.25,0.7,121.9,1125,121.7,200,,,,,,,,,,,,,,,,,122.6,500,,,,,,,,,,,,,,,,,,
2026-07-03T10:00:51.577798+00:00,2026-07-03T10:00:51.577685,2,2,122.0,0.2,121.9,1125,121.7,200,,,,,,,,,,,,,,,,,122.1,625,122.6,500,,,,,,,,,,,,,,,,
2026-07-03T10:00:51.958822+00:00,2026-07-03T10:00:51.958629,2,2,122.0,0.2,121.9,625,121.7,200,,,,,,,,,,,,,,,,,122.1,625,122.6,500,,,,,,,,,,,,,,,,
2026-07-03T10:00:51.964207+00:00,2026-07-03T10:00:51.964065,2,1,122.0,0.2,121.9,1125,121.7,200,,,,,,,,,,,,,,,,,122.1,625,,,,,,,,,,,,,,,,,,
2026-07-03T10:00:51.969487+00:00,2026-07-03T10:00:51.969382,2,2,122.0,0.2,121.9,1125,121.7,200,,,,,,,,,,,,,,,,,122.1,625,122.6,500,,,,,,,,,,,,,,,,
2026-07-03T10:00:52.015313+00:00,2026-07-03T10:00:52.015541,1,2,122.0,0.2,121.9,1125,,,,,,,,,,,,,,,,,,,122.1,625,122.6,500,,,,,,,,,,,,,,,,
2026-07-03T10:00:52.020969+00:00,2026-07-03T10:00:52.020790,2,2,122.0,0.2,121.9,1125,121.8,200,,,,,,,,,,,,,,,,,122.1,625,122.6,500,,,,,,,,,,,,,,,,
2026-07-03T10:00:52.026148+00:00,2026-07-03T10:00:52.026066,2,3,121.95,0.1,121.9,1125,121.8,200,,,,,,,,,,,,,,,,,122.0,200,122.1,625,122.6,500,,,,,,,,,,,,,,
2026-07-03T10:00:52.558766+00:00,2026-07-03T10:00:52.558654,2,3,121.95,0.1,121.9,625,121.8,200,,,,,,,,,,,,,,,,,122.0,200,122.1,625,122.6,500,,,,,,,,,,,,,,
2026-07-03T10:00:52.564120+00:00,2026-07-03T10:00:52.563967,2,2,121.95,0.1,121.9,625,121.8,200,,,,,,,,,,,,,,,,,122.0,200,122.1,625,,,,,,,,,,,,,,,,
2026-07-03T10:00:52.569438+00:00,2026-07-03T10:00:52.569278,3,1,122.05,0.1,122.0,300,121.9,625,121.8,200,,,,,,,,,,,,,,,122.1,625,,,,,,,,,,,,,,,,,,
2026-07-03T10:00:52.574750+00:00,2026-07-03T10:00:52.574592,3,2,122.05,0.1,122.0,300,121.9,625,121.8,200,,,,,,,,,,,,,,,122.1,625,122.7,500,,,,,,,,,,,,,,,,
2026-07-03T10:00:52.876071+00:00,2026-07-03T10:00:52.875940,2,2,122.05,0.1,122.0,300,121.8,200,,,,,,,,,,,,,,,,,122.1,625,122.7,500,,,,,,,,,,,,,,,,
2026-07-03T10:00:52.881327+00:00,2026-07-03T10:00:52.881233,2,2,121.85,0.1,121.8,200,121.7,625,,,,,,,,,,,,,,,,,121.9,325,122.7,500,,,,,,,,,,,,,,,,
2026-07-03T10:00:53.155640+00:00,2026-07-03T10:00:53.155929,3,0,,,122.0,175,121.8,200,121.7,625,,,,,,,,,,,,,,,,,,,,,,,,,,,,,,,,,,
2026-07-03T10:00:53.169533+00:00,2026-07-03T10:00:53.169331,3,1,122.35,0.7,122.0,175,121.8,200,121.7,625,,,,,,,,,,,,,,,122.7,500,,,,,,,,,,,,,,,,,,
2026-07-03T10:00:53.229791+00:00,2026-07-03T10:00:53.229682,2,1,122.35,0.7,122.0,175,121.7,625,,,,,,,,,,,,,,,,,122.7,500,,,,,,,,,,,,,,,,,,
2026-07-03T10:00:53.235140+00:00,2026-07-03T10:00:53.235012,2,2,122.1,0.2,122.0,375,121.7,625,,,,,,,,,,,,,,,,,122.2,200,122.7,500,,,,,,,,,,,,,,,,
2026-07-03T10:00:53.694972+00:00,2026-07-03T10:00:53.694897,2,2,122.1,0.2,122.0,375,121.7,625,,,,,,,,,,,,,,,,,122.2,150,122.7,500,,,,,,,,,,,,,,,,
2026-07-03T10:00:53.758640+00:00,2026-07-03T10:00:53.755500,2,1,122.1,0.2,122.0,200,121.7,625,,,,,,,,,,,,,,,,,122.2,150,,,,,,,,,,,,,,,,,,
2026-07-03T10:00:53.769579+00:00,2026-07-03T10:00:53.769426,2,1,122.1,0.2,122.0,700,121.7,625,,,,,,,,,,,,,,,,,122.2,150,,,,,,,,,,,,,,,,,,
2026-07-03T10:00:53.774859+00:00,2026-07-03T10:00:53.774732,2,2,122.1,0.2,122.0,700,121.7,625,,,,,,,,,,,,,,,,,122.2,150,122.7,500,,,,,,,,,,,,,,,,
2026-07-03T10:00:54.183288+00:00,2026-07-03T10:00:54.183170,1,2,122.1,0.2,122.0,700,,,,,,,,,,,,,,,,,,,122.2,150,122.7,500,,,,,,,,,,,,,,,,
2026-07-03T10:00:54.188468+00:00,2026-07-03T10:00:54.188411,2,2,122.1,0.2,122.0,700,121.8,625,,,,,,,,,,,,,,,,,122.2,150,122.7,500,,,,,,,,,,,,,,,,
2026-07-03T10:00:54.193527+00:00,2026-07-03T10:00:54.193685,2,2,122.1,0.2,122.0,75,121.8,625,,,,,,,,,,,,,,,,,122.2,150,122.7,500,,,,,,,,,,,,,,,,
2026-07-03T10:00:54.358637+00:00,2026-07-03T10:00:54.356085,1,2,122.0,0.4,121.8,625,,,,,,,,,,,,,,,,,,,122.2,150,122.7,500,,,,,,,,,,,,,,,,
2026-07-03T10:00:54.363896+00:00,2026-07-03T10:00:54.363772,1,1,122.0,0.4,121.8,625,,,,,,,,,,,,,,,,,,,122.2,150,,,,,,,,,,,,,,,,,,
2026-07-03T10:00:54.374482+00:00,2026-07-03T10:00:54.374229,2,1,122.1,0.2,122.0,500,121.8,625,,,,,,,,,,,,,,,,,122.2,150,,,,,,,,,,,,,,,,,,
2026-07-03T10:00:54.379645+00:00,2026-07-03T10:00:54.379520,2,2,122.1,0.2,122.0,500,121.8,625,,,,,,,,,,,,,,,,,122.2,150,122.7,500,,,,,,,,,,,,,,,,
2026-07-03T10:00:54.442887+00:00,2026-07-03T10:00:54.442745,2,1,122.35,0.7,122.0,500,121.8,625,,,,,,,,,,,,,,,,,122.7,500,,,,,,,,,,,,,,,,,,
2026-07-03T10:00:54.448145+00:00,2026-07-03T10:00:54.448108,3,2,122.05,0.1,122.0,500,121.9,200,121.8,625,,,,,,,,,,,,,,,122.1,200,122.7,500,,,,,,,,,,,,,,,,
2026-07-03T10:00:54.971024+00:00,2026-07-03T10:00:54.970898,2,2,122.0,0.2,121.9,200,121.8,625,,,,,,,,,,,,,,,,,122.1,200,122.7,500,,,,,,,,,,,,,,,,
2026-07-03T10:00:54.976426+00:00,2026-07-03T10:00:54.976209,2,1,122.0,0.2,121.9,200,121.8,625,,,,,,,,,,,,,,,,,122.1,200,,,,,,,,,,,,,,,,,,
2026-07-03T10:00:54.986944+00:00,2026-07-03T10:00:54.986699,3,1,122.05,0.1,122.0,500,121.9,200,121.8,625,,,,,,,,,,,,,,,122.1,200,,,,,,,,,,,,,,,,,,
2026-07-03T10:00:54.992111+00:00,2026-07-03T10:00:54.992046,3,2,122.05,0.1,122.0,500,121.9,200,121.8,625,,,,,,,,,,,,,,,122.1,200,122.7,500,,,,,,,,,,,,,,,,
2026-07-03T10:00:55.512565+00:00,2026-07-03T10:00:55.498296,3,2,122.4,0.2,122.3,425,122.0,500,121.9,200,,,,,,,,,,,,,,,122.5,625,122.7,500,,,,,,,,,,,,,,,,
2026-07-03T10:00:55.563774+00:00,2026-07-03T10:00:55.563588,3,2,122.4,0.2,122.3,425,122.0,500,121.9,200,,,,,,,,,,,,,,,122.5,624,122.7,500,,,,,,,,,,,,,,,,
2026-07-03T10:00:55.587541+00:00,2026-07-03T10:00:55.587447,2,2,122.4,0.2,122.3,425,121.9,200,,,,,,,,,,,,,,,,,122.5,624,122.7,500,,,,,,,,,,,,,,,,
2026-07-03T10:00:55.592958+00:00,2026-07-03T10:00:55.592751,2,1,122.4,0.2,122.3,425,121.9,200,,,,,,,,,,,,,,,,,122.5,624,,,,,,,,,,,,,,,,,,
2026-07-03T10:00:55.603354+00:00,2026-07-03T10:00:55.603193,3,1,122.4,0.2,122.3,425,122.1,500,121.9,200,,,,,,,,,,,,,,,122.5,624,,,,,,,,,,,,,,,,,,
2026-07-03T10:00:55.608615+00:00,2026-07-03T10:00:55.608486,3,2,122.4,0.2,122.3,425,122.1,500,121.9,200,,,,,,,,,,,,,,,122.5,624,122.8,500,,,,,,,,,,,,,,,,
2026-07-03T10:00:55.645356+00:00,2026-07-03T10:00:55.645267,3,2,122.4,0.2,122.3,423,122.1,500,121.9,200,,,,,,,,,,,,,,,122.5,624,122.8,500,,,,,,,,,,,,,,,,
2026-07-03T10:00:55.650570+00:00,2026-07-03T10:00:55.650439,2,2,122.4,0.2,122.3,423,122.1,500,,,,,,,,,,,,,,,,,122.5,624,122.8,500,,,,,,,,,,,,,,,,
2026-07-03T10:00:55.655799+00:00,2026-07-03T10:00:55.655643,3,2,122.4,0.2,122.3,423,122.1,500,122.0,200,,,,,,,,,,,,,,,122.5,624,122.8,500,,,,,,,,,,,,,,,,
2026-07-03T10:00:55.660998+00:00,2026-07-03T10:00:55.660881,3,2,122.4,0.2,122.3,223,122.1,500,122.0,200,,,,,,,,,,,,,,,122.5,624,122.8,500,,,,,,,,,,,,,,,,
2026-07-03T10:00:55.739697+00:00,2026-07-03T10:00:55.739574,3,2,122.4,0.2,122.3,223,122.1,500,122.0,200,,,,,,,,,,,,,,,122.5,576,122.8,500,,,,,,,,,,,,,,,,
2026-07-03T10:00:56.192460+00:00,2026-07-03T10:00:56.192219,2,2,122.4,0.2,122.3,223,122.0,200,,,,,,,,,,,,,,,,,122.5,576,122.8,500,,,,,,,,,,,,,,,,
2026-07-03T10:00:56.197618+00:00,2026-07-03T10:00:56.197553,2,1,122.4,0.2,122.3,223,122.0,200,,,,,,,,,,,,,,,,,122.5,576,,,,,,,,,,,,,,,,,,
2026-07-03T10:00:56.208115+00:00,2026-07-03T10:00:56.208031,3,1,122.4,0.2,122.3,223,122.2,500,122.0,200,,,,,,,,,,,,,,,122.5,576,,,,,,,,,,,,,,,,,,
2026-07-03T10:00:56.213481+00:00,2026-07-03T10:00:56.213344,3,2,122.4,0.2,122.3,223,122.2,500,122.0,200,,,,,,,,,,,,,,,122.5,576,122.9,500,,,,,,,,,,,,,,,,
2026-07-03T10:00:56.794692+00:00,2026-07-03T10:00:56.794514,2,2,122.4,0.2,122.3,223,122.0,200,,,,,,,,,,,,,,,,,122.5,576,122.9,500,,,,,,,,,,,,,,,,
2026-07-03T10:00:56.799979+00:00,2026-07-03T10:00:56.799861,2,1,122.4,0.2,122.3,223,122.0,200,,,,,,,,,,,,,,,,,122.5,576,,,,,,,,,,,,,,,,,,
2026-07-03T10:00:56.805217+00:00,2026-07-03T10:00:56.805165,3,1,122.4,0.2,122.3,223,122.1,500,122.0,200,,,,,,,,,,,,,,,122.5,576,,,,,,,,,,,,,,,,,,
2026-07-03T10:00:56.810287+00:00,2026-07-03T10:00:56.810456,3,2,122.4,0.2,122.3,223,122.1,500,122.0,200,,,,,,,,,,,,,,,122.5,576,122.8,500,,,,,,,,,,,,,,,,
2026-07-03T10:00:56.820863+00:00,2026-07-03T10:00:56.820970,2,2,122.3,0.4,122.1,500,122.0,200,,,,,,,,,,,,,,,,,122.5,576,122.8,500,,,,,,,,,,,,,,,,
2026-07-03T10:00:56.826408+00:00,2026-07-03T10:00:56.826326,2,2,122.15,0.1,122.1,500,122.0,825,,,,,,,,,,,,,,,,,122.2,625,122.8,500,,,,,,,,,,,,,,,,
2026-07-03T10:00:56.865525+00:00,2026-07-03T10:00:56.865683,2,2,122.15,0.1,122.1,500,122.0,625,,,,,,,,,,,,,,,,,122.2,425,122.8,500,,,,,,,,,,,,,,,,
2026-07-03T10:00:56.871015+00:00,2026-07-03T10:00:56.870892,2,3,122.15,0.1,122.1,500,122.0,625,,,,,,,,,,,,,,,,,122.2,425,122.5,200,122.8,500,,,,,,,,,,,,,,
2026-07-03T10:00:57.392449+00:00,2026-07-03T10:00:57.392353,1,3,122.1,0.2,122.0,625,,,,,,,,,,,,,,,,,,,122.2,425,122.5,200,122.8,500,,,,,,,,,,,,,,
2026-07-03T10:00:57.403550+00:00,2026-07-03T10:00:57.403497,1,2,122.1,0.2,122.0,625,,,,,,,,,,,,,,,,,,,122.2,425,122.5,200,,,,,,,,,,,,,,,,
2026-07-03T10:00:57.437323+00:00,2026-07-03T10:00:57.422867,2,2,122.35,0.3,122.2,75,122.0,625,,,,,,,,,,,,,,,,,122.5,200,122.9,500,,,,,,,,,,,,,,,,
2026-07-03T10:00:57.774949+00:00,2026-07-03T10:00:57.774904,2,2,122.35,0.3,122.2,25,122.0,625,,,,,,,,,,,,,,,,,122.5,200,122.9,500,,,,,,,,,,,,,,,,
2026-07-03T10:00:58.002966+00:00,2026-07-03T10:00:58.002834,1,2,122.25,0.5,122.0,625,,,,,,,,,,,,,,,,,,,122.5,200,122.9,500,,,,,,,,,,,,,,,,
2026-07-03T10:00:58.008314+00:00,2026-07-03T10:00:58.008171,1,1,122.25,0.5,122.0,625,,,,,,,,,,,,,,,,,,,122.5,200,,,,,,,,,,,,,,,,,,
2026-07-03T10:00:58.013613+00:00,2026-07-03T10:00:58.013511,2,1,122.35,0.3,122.2,500,122.0,625,,,,,,,,,,,,,,,,,122.5,200,,,,,,,,,,,,,,,,,,
2026-07-03T10:00:58.024398+00:00,2026-07-03T10:00:58.024202,2,2,122.35,0.3,122.2,500,122.0,625,,,,,,,,,,,,,,,,,122.5,200,122.9,500,,,,,,,,,,,,,,,,
2026-07-03T10:00:58.079650+00:00,2026-07-03T10:00:58.079576,2,2,122.3,0.2,122.2,700,122.0,625,,,,,,,,,,,,,,,,,122.4,200,122.9,500,,,,,,,,,,,,,,,,
2026-07-03T10:00:58.130834+00:00,2026-07-03T10:00:58.130762,1,2,122.3,0.2,122.2,700,,,,,,,,,,,,,,,,,,,122.4,200,122.9,500,,,,,,,,,,,,,,,,
2026-07-03T10:00:58.136066+00:00,2026-07-03T10:00:58.136004,2,3,122.35,0.1,122.3,625,122.2,700,,,,,,,,,,,,,,,,,122.4,200,122.5,625,122.9,500,,,,,,,,,,,,,,
2026-07-03T10:00:58.599705+00:00,2026-07-03T10:00:58.599595,2,3,122.35,0.1,122.3,625,122.2,200,,,,,,,,,,,,,,,,,122.4,200,122.5,625,122.9,500,,,,,,,,,,,,,,
2026-07-03T10:00:58.605007+00:00,2026-07-03T10:00:58.604910,2,2,122.35,0.1,122.3,625,122.2,200,,,,,,,,,,,,,,,,,122.4,200,122.5,625,,,,,,,,,,,,,,,,
2026-07-03T10:00:58.615653+00:00,2026-07-03T10:00:58.615413,2,2,122.35,0.1,122.3,625,122.2,700,,,,,,,,,,,,,,,,,122.4,200,122.5,625,,,,,,,,,,,,,,,,
2026-07-03T10:00:58.620906+00:00,2026-07-03T10:00:58.620718,2,3,122.35,0.1,122.3,625,122.2,700,,,,,,,,,,,,,,,,,122.4,200,122.5,625,122.9,500,,,,,,,,,,,,,,
2026-07-03T10:00:59.205690+00:00,2026-07-03T10:00:59.205520,2,3,122.35,0.1,122.3,625,122.2,200,,,,,,,,,,,,,,,,,122.4,200,122.5,625,122.9,500,,,,,,,,,,,,,,
2026-07-03T10:00:59.210878+00:00,2026-07-03T10:00:59.210823,2,2,122.35,0.1,122.3,625,122.2,200,,,,,,,,,,,,,,,,,122.4,200,122.5,625,,,,,,,,,,,,,,,,
2026-07-03T10:00:59.216185+00:00,2026-07-03T10:00:59.216125,2,2,122.35,0.1,122.3,1125,122.2,200,,,,,,,,,,,,,,,,,122.4,200,122.5,625,,,,,,,,,,,,,,,,
2026-07-03T10:00:59.226667+00:00,2026-07-03T10:00:59.226544,2,3,122.35,0.1,122.3,1125,122.2,200,,,,,,,,,,,,,,,,,122.4,200,122.5,625,123.0,500,,,,,,,,,,,,,,
2026-07-03T10:00:59.276992+00:00,2026-07-03T10:00:59.276857,1,3,122.35,0.1,122.3,1125,,,,,,,,,,,,,,,,,,,122.4,200,122.5,625,123.0,500,,,,,,,,,,,,,,
2026-07-03T10:00:59.282194+00:00,2026-07-03T10:00:59.282064,2,2,122.4,0.2,122.3,1125,122.1,200,,,,,,,,,,,,,,,,,122.5,625,123.0,500,,,,,,,,,,,,,,,,
2026-07-03T10:00:59.287521+00:00,2026-07-03T10:00:59.287311,2,2,122.4,0.2,122.3,925,122.1,200,,,,,,,,,,,,,,,,,122.5,625,123.0,500,,,,,,,,,,,,,,,,
2026-07-03T10:00:59.438041+00:00,2026-07-03T10:00:59.437980,2,2,122.4,0.2,122.3,500,122.1,200,,,,,,,,,,,,,,,,,122.5,625,123.0,500,,,,,,,,,,,,,,,,
2026-07-03T10:00:59.443430+00:00,2026-07-03T10:00:59.443276,3,2,122.35,0.1,122.3,500,122.2,625,122.1,200,,,,,,,,,,,,,,,122.4,625,123.0,500,,,,,,,,,,,,,,,,
2026-07-03T10:00:59.808601+00:00,2026-07-03T10:00:59.808707,2,2,122.3,0.2,122.2,625,122.1,200,,,,,,,,,,,,,,,,,122.4,625,123.0,500,,,,,,,,,,,,,,,,
2026-07-03T10:00:59.814154+00:00,2026-07-03T10:00:59.814030,2,1,122.3,0.2,122.2,625,122.1,200,,,,,,,,,,,,,,,,,122.4,625,,,,,,,,,,,,,,,,,,
2026-07-03T10:00:59.819517+00:00,2026-07-03T10:00:59.819312,3,1,122.35,0.1,122.3,500,122.2,625,122.1,200,,,,,,,,,,,,,,,122.4,625,,,,,,,,,,,,,,,,,,
2026-07-03T10:00:59.824672+00:00,2026-07-03T10:00:59.824619,3,2,122.35,0.1,122.3,500,122.2,625,122.1,200,,,,,,,,,,,,,,,122.4,625,123.1,500,,,,,,,,,,,,,,,,
2026-07-03T10:01:00.412467+00:00,2026-07-03T10:01:00.412422,2,1,122.3,0.2,122.2,625,122.1,200,,,,,,,,,,,,,,,,,122.4,625,,,,,,,,,,,,,,,,,,
2026-07-03T10:01:00.428719+00:00,2026-07-03T10:01:00.428554,3,1,122.35,0.1,122.3,500,122.2,625,122.1,200,,,,,,,,,,,,,,,122.4,625,,,,,,,,,,,,,,,,,,
2026-07-03T10:01:00.433906+00:00,2026-07-03T10:01:00.433846,3,2,122.35,0.1,122.3,500,122.2,625,122.1,200,,,,,,,,,,,,,,,122.4,625,123.0,500,,,,,,,,,,,,,,,,
2026-07-03T10:01:00.492107+00:00,2026-07-03T10:01:00.491848,2,2,122.35,0.1,122.3,500,122.2,625,,,,,,,,,,,,,,,,,122.4,625,123.0,500,,,,,,,,,,,,,,,,
2026-07-03T10:01:00.497223+00:00,2026-07-03T10:01:00.497171,2,3,122.35,0.1,122.3,700,122.2,625,,,,,,,,,,,,,,,,,122.4,625,122.5,200,123.0,500,,,,,,,,,,,,,,
2026-07-03T10:01:00.747724+00:00,2026-07-03T10:01:00.747655,1,3,122.35,0.1,122.3,700,,,,,,,,,,,,,,,,,,,122.4,625,122.5,200,123.0,500,,,,,,,,,,,,,,
2026-07-03T10:01:00.758732+00:00,2026-07-03T10:01:00.753044,2,3,122.35,0.1,122.3,700,122.2,625,,,,,,,,,,,,,,,,,122.4,625,122.5,200,123.0,500,,,,,,,,,,,,,,
2026-07-03T10:01:01.013765+00:00,2026-07-03T10:01:01.013549,2,3,122.35,0.1,122.3,200,122.2,625,,,,,,,,,,,,,,,,,122.4,625,122.5,200,123.0,500,,,,,,,,,,,,,,
2026-07-03T10:01:01.019005+00:00,2026-07-03T10:01:01.018895,2,2,122.35,0.1,122.3,200,122.2,625,,,,,,,,,,,,,,,,,122.4,625,122.5,200,,,,,,,,,,,,,,,,
2026-07-03T10:01:01.024399+00:00,2026-07-03T10:01:01.024191,2,2,122.35,0.1,122.3,700,122.2,625,,,,,,,,,,,,,,,,,122.4,625,122.5,200,,,,,,,,,,,,,,,,
2026-07-03T10:01:01.034853+00:00,2026-07-03T10:01:01.034686,2,3,122.35,0.1,122.3,700,122.2,625,,,,,,,,,,,,,,,,,122.4,625,122.5,200,123.0,500,,,,,,,,,,,,,,
2026-07-03T10:01:01.464494+00:00,2026-07-03T10:01:01.464382,2,3,122.35,0.1,122.3,680,122.2,625,,,,,,,,,,,,,,,,,122.4,625,122.5,200,123.0,500,,,,,,,,,,,,,,
2026-07-03T10:01:01.643357+00:00,2026-07-03T10:01:01.643127,2,3,122.35,0.1,122.3,180,122.2,625,,,,,,,,,,,,,,,,,122.4,625,122.5,200,123.0,500,,,,,,,,,,,,,,
2026-07-03T10:01:01.648719+00:00,2026-07-03T10:01:01.648444,2,2,122.35,0.1,122.3,180,122.2,625,,,,,,,,,,,,,,,,,122.4,625,122.5,200,,,,,,,,,,,,,,,,
2026-07-03T10:01:01.658664+00:00,2026-07-03T10:01:01.653998,2,3,122.35,0.1,122.3,680,122.2,625,,,,,,,,,,,,,,,,,122.4,625,122.5,200,123.0,500,,,,,,,,,,,,,,
2026-07-03T10:01:01.706695+00:00,2026-07-03T10:01:01.706524,2,2,122.35,0.1,122.3,500,122.2,625,,,,,,,,,,,,,,,,,122.4,625,123.0,500,,,,,,,,,,,,,,,,
2026-07-03T10:01:01.711866+00:00,2026-07-03T10:01:01.711807,3,2,122.35,0.1,122.3,500,122.2,625,122.1,200,,,,,,,,,,,,,,,122.4,625,123.0,500,,,,,,,,,,,,,,,,
2026-07-03T10:01:01.717162+00:00,2026-07-03T10:01:01.717016,3,2,122.35,0.1,122.3,500,122.2,625,122.1,200,,,,,,,,,,,,,,,122.4,825,123.0,500,,,,,,,,,,,,,,,,
2026-07-03T10:01:02.064170+00:00,2026-07-03T10:01:02.063962,2,2,122.35,0.1,122.3,500,122.1,200,,,,,,,,,,,,,,,,,122.4,825,123.0,500,,,,,,,,,,,,,,,,
2026-07-03T10:01:02.069375+00:00,2026-07-03T10:01:02.069161,2,2,122.35,0.1,122.3,500,122.1,200,,,,,,,,,,,,,,,,,122.4,200,123.0,500,,,,,,,,,,,,,,,,
2026-07-03T10:01:02.074508+00:00,2026-07-03T10:01:02.074482,3,2,122.35,0.1,122.3,500,122.2,625,122.1,200,,,,,,,,,,,,,,,122.4,825,123.0,500,,,,,,,,,,,,,,,,
2026-07-03T10:01:02.246036+00:00,2026-07-03T10:01:02.245887,2,2,122.3,0.2,122.2,625,122.1,200,,,,,,,,,,,,,,,,,122.4,825,123.0,500,,,,,,,,,,,,,,,,
2026-07-03T10:01:02.251277+00:00,2026-07-03T10:01:02.251189,2,1,122.3,0.2,122.2,625,122.1,200,,,,,,,,,,,,,,,,,122.4,825,,,,,,,,,,,,,,,,,,
2026-07-03T10:01:02.258785+00:00,2026-07-03T10:01:02.256659,3,2,122.35,0.1,122.3,500,122.2,625,122.1,200,,,,,,,,,,,,,,,122.4,825,123.0,500,,,,,,,,,,,,,,,,
2026-07-03T10:01:02.847887+00:00,2026-07-03T10:01:02.847765,2,2,122.3,0.2,122.2,625,122.1,200,,,,,,,,,,,,,,,,,122.4,825,123.0,500,,,,,,,,,,,,,,,,
2026-07-03T10:01:02.858754+00:00,2026-07-03T10:01:02.853245,3,1,122.35,0.1,122.3,500,122.2,625,122.1,200,,,,,,,,,,,,,,,122.4,825,,,,,,,,,,,,,,,,,,
2026-07-03T10:01:02.863890+00:00,2026-07-03T10:01:02.863821,3,2,122.35,0.1,122.3,500,122.2,625,122.1,200,,,,,,,,,,,,,,,122.4,825,123.0,500,,,,,,,,,,,,,,,,
2026-07-03T10:01:02.917078+00:00,2026-07-03T10:01:02.917033,2,2,122.35,0.1,122.3,500,122.2,625,,,,,,,,,,,,,,,,,122.4,825,123.0,500,,,,,,,,,,,,,,,,
2026-07-03T10:01:02.922444+00:00,2026-07-03T10:01:02.922349,2,3,122.35,0.1,122.3,700,122.2,625,,,,,,,,,,,,,,,,,122.4,625,122.5,200,123.0,500,,,,,,,,,,,,,,
2026-07-03T10:01:03.378719+00:00,2026-07-03T10:01:03.378454,1,2,122.4,0.2,122.3,700,,,,,,,,,,,,,,,,,,,122.5,200,123.0,500,,,,,,,,,,,,,,,,
2026-07-03T10:01:03.384209+00:00,2026-07-03T10:01:03.384111,2,3,122.45,0.1,122.4,625,122.3,700,,,,,,,,,,,,,,,,,122.5,200,122.6,625,123.0,500,,,,,,,,,,,,,,
2026-07-03T10:01:03.452213+00:00,2026-07-03T10:01:03.452078,2,3,122.45,0.1,122.4,625,122.3,200,,,,,,,,,,,,,,,,,122.5,200,122.6,625,123.0,500,,,,,,,,,,,,,,
2026-07-03T10:01:03.458734+00:00,2026-07-03T10:01:03.457603,2,2,122.45,0.1,122.4,625,122.3,700,,,,,,,,,,,,,,,,,122.5,200,122.6,625,,,,,,,,,,,,,,,,
2026-07-03T10:01:03.474858+00:00,2026-07-03T10:01:03.474604,2,3,122.45,0.1,122.4,625,122.3,700,,,,,,,,,,,,,,,,,122.5,200,122.6,625,123.0,500,,,,,,,,,,,,,,
2026-07-03T10:01:04.058583+00:00,2026-07-03T10:01:04.049923,2,3,122.45,0.1,122.4,625,122.3,200,,,,,,,,,,,,,,,,,122.5,200,122.6,625,123.0,500,,,,,,,,,,,,,,
2026-07-03T10:01:04.069162+00:00,2026-07-03T10:01:04.069003,3,2,122.45,0.1,122.4,625,122.3,200,122.2,500,,,,,,,,,,,,,,,122.5,200,122.6,625,,,,,,,,,,,,,,,,
2026-07-03T10:01:04.074415+00:00,2026-07-03T10:01:04.074304,3,3,122.45,0.1,122.4,625,122.3,200,122.2,500,,,,,,,,,,,,,,,122.5,200,122.6,625,123.0,500,,,,,,,,,,,,,,
2026-07-03T10:01:04.129068+00:00,2026-07-03T10:01:04.128899,2,2,122.5,0.2,122.4,625,122.2,500,,,,,,,,,,,,,,,,,122.6,625,123.0,500,,,,,,,,,,,,,,,,
2026-07-03T10:01:04.133986+00:00,2026-07-03T10:01:04.134134,3,2,122.5,0.2,122.4,625,122.3,200,122.2,500,,,,,,,,,,,,,,,122.6,625,123.0,500,,,,,,,,,,,,,,,,
2026-07-03T10:01:04.139464+00:00,2026-07-03T10:01:04.139339,3,3,122.45,0.1,122.4,625,122.3,200,122.2,500,,,,,,,,,,,,,,,122.5,200,122.6,625,123.0,500,,,,,,,,,,,,,,
2026-07-03T10:01:04.664092+00:00,2026-07-03T10:01:04.663913,2,2,122.45,0.1,122.4,625,122.3,200,,,,,,,,,,,,,,,,,122.5,200,122.6,625,,,,,,,,,,,,,,,,
2026-07-03T10:01:04.669449+00:00,2026-07-03T10:01:04.669187,2,2,122.45,0.1,122.4,625,122.3,700,,,,,,,,,,,,,,,,,122.5,200,122.6,625,,,,,,,,,,,,,,,,
2026-07-03T10:01:04.674589+00:00,2026-07-03T10:01:04.674496,2,3,122.45,0.1,122.4,625,122.3,700,,,,,,,,,,,,,,,,,122.5,200,122.6,625,123.0,500,,,,,,,,,,,,,,
2026-07-03T10:01:04.694569+00:00,2026-07-03T10:01:04.694392,2,2,122.45,0.1,122.4,625,122.3,700,,,,,,,,,,,,,,,,,122.5,200,123.0,500,,,,,,,,,,,,,,,,
2026-07-03T10:01:04.699645+00:00,2026-07-03T10:01:04.699578,2,3,122.45,0.1,122.4,625,122.3,700,,,,,,,,,,,,,,,,,122.5,200,122.6,625,123.0,500,,,,,,,,,,,,,,
2026-07-03T10:01:04.958633+00:00,2026-07-03T10:01:04.955621,2,3,122.45,0.1,122.4,583,122.3,700,,,,,,,,,,,,,,,,,122.5,200,122.6,625,123.0,500,,,,,,,,,,,,,,
2026-07-03T10:01:05.258595+00:00,2026-07-03T10:01:05.255702,2,3,122.45,0.1,122.4,583,122.3,200,,,,,,,,,,,,,,,,,122.5,200,122.6,625,123.0,500,,,,,,,,,,,,,,
2026-07-03T10:01:05.268953+00:00,2026-07-03T10:01:05.268864,2,2,122.45,0.1,122.4,583,122.3,200,,,,,,,,,,,,,,,,,122.5,200,122.6,625,,,,,,,,,,,,,,,,
2026-07-03T10:01:05.274335+00:00,2026-07-03T10:01:05.274149,2,2,122.45,0.1,122.4,583,122.3,700,,,,,,,,,,,,,,,,,122.5,200,122.6,625,,,,,,,,,,,,,,,,
2026-07-03T10:01:05.279628+00:00,2026-07-03T10:01:05.279447,2,3,122.45,0.1,122.4,583,122.3,700,,,,,,,,,,,,,,,,,122.5,200,122.6,625,123.0,500,,,,,,,,,,,,,,
2026-07-03T10:01:05.344709+00:00,2026-07-03T10:01:05.344636,2,2,122.5,0.2,122.4,583,122.3,500,,,,,,,,,,,,,,,,,122.6,625,123.0,500,,,,,,,,,,,,,,,,
2026-07-03T10:01:05.349940+00:00,2026-07-03T10:01:05.349851,3,2,122.5,0.2,122.4,583,122.3,500,122.2,200,,,,,,,,,,,,,,,122.6,625,123.0,500,,,,,,,,,,,,,,,,
2026-07-03T10:01:05.355260+00:00,2026-07-03T10:01:05.355100,3,2,122.5,0.2,122.4,383,122.3,500,122.2,200,,,,,,,,,,,,,,,122.6,625,123.0,500,,,,,,,,,,,,,,,,
2026-07-03T10:01:05.858592+00:00,2026-07-03T10:01:05.857355,2,2,122.5,0.2,122.4,383,122.2,200,,,,,,,,,,,,,,,,,122.6,625,123.0,500,,,,,,,,,,,,,,,,
2026-07-03T10:01:05.874456+00:00,2026-07-03T10:01:05.874291,2,1,122.5,0.2,122.4,383,122.2,200,,,,,,,,,,,,,,,,,122.6,625,,,,,,,,,,,,,,,,,,
2026-07-03T10:01:05.884943+00:00,2026-07-03T10:01:05.884794,3,1,122.5,0.2,122.4,383,122.3,500,122.2,200,,,,,,,,,,,,,,,122.6,625,,,,,,,,,,,,,,,,,,
2026-07-03T10:01:05.890135+00:00,2026-07-03T10:01:05.890100,3,2,122.5,0.2,122.4,383,122.3,500,122.2,200,,,,,,,,,,,,,,,122.6,625,123.0,500,,,,,,,,,,,,,,,,
2026-07-03T10:01:06.002258+00:00,2026-07-03T10:01:06.002215,3,1,122.7,0.6,122.4,625,122.3,500,122.2,200,,,,,,,,,,,,,,,123.0,500,,,,,,,,,,,,,,,,,,
2026-07-03T10:01:06.007483+00:00,2026-07-03T10:01:06.007388,3,2,122.5,0.2,122.4,625,122.3,500,122.2,200,,,,,,,,,,,,,,,122.6,625,123.0,500,,,,,,,,,,,,,,,,
2026-07-03T10:01:06.466735+00:00,2026-07-03T10:01:06.466490,2,2,122.5,0.2,122.4,625,122.2,200,,,,,,,,,,,,,,,,,122.6,625,123.0,500,,,,,,,,,,,,,,,,
2026-07-03T10:01:06.471923+00:00,2026-07-03T10:01:06.471812,2,1,122.5,0.2,122.4,625,122.2,200,,,,,,,,,,,,,,,,,122.6,625,,,,,,,,,,,,,,,,,,
2026-07-03T10:01:06.477128+00:00,2026-07-03T10:01:06.477105,3,1,122.5,0.2,122.4,625,122.3,500,122.2,200,,,,,,,,,,,,,,,122.6,625,,,,,,,,,,,,,,,,,,
2026-07-03T10:01:06.487460+00:00,2026-07-03T10:01:06.487547,3,2,122.5,0.2,122.4,625,122.3,500,122.2,200,,,,,,,,,,,,,,,122.6,625,123.0,500,,,,,,,,,,,,,,,,
2026-07-03T10:01:06.558679+00:00,2026-07-03T10:01:06.550733,2,2,122.5,0.2,122.4,625,122.3,700,,,,,,,,,,,,,,,,,122.6,625,123.0,500,,,,,,,,,,,,,,,,
2026-07-03T10:01:06.563974+00:00,2026-07-03T10:01:06.563746,2,3,122.45,0.1,122.4,625,122.3,700,,,,,,,,,,,,,,,,,122.5,200,122.6,625,123.0,500,,,,,,,,,,,,,,
2026-07-03T10:01:07.069267+00:00,2026-07-03T10:01:07.069032,2,3,122.45,0.1,122.4,625,122.3,200,,,,,,,,,,,,,,,,,122.5,200,122.6,625,123.0,500,,,,,,,,,,,,,,
2026-07-03T10:01:07.074434+00:00,2026-07-03T10:01:07.074345,2,2,122.45,0.1,122.4,625,122.3,200,,,,,,,,,,,,,,,,,122.5,200,122.6,625,,,,,,,,,,,,,,,,
2026-07-03T10:01:07.084957+00:00,2026-07-03T10:01:07.084825,2,2,122.45,0.1,122.4,625,122.3,700,,,,,,,,,,,,,,,,,122.5,200,122.6,625,,,,,,,,,,,,,,,,
2026-07-03T10:01:07.090220+00:00,2026-07-03T10:01:07.090108,2,3,122.45,0.1,122.4,625,122.3,700,,,,,,,,,,,,,,,,,122.5,200,122.6,625,123.0,500,,,,,,,,,,,,,,
2026-07-03T10:01:07.305594+00:00,2026-07-03T10:01:07.305497,1,3,122.4,0.2,122.3,700,,,,,,,,,,,,,,,,,,,122.5,200,122.6,625,123.0,500,,,,,,,,,,,,,,
2026-07-03T10:01:07.310839+00:00,2026-07-03T10:01:07.310720,1,2,122.4,0.2,122.3,700,,,,,,,,,,,,,,,,,,,122.5,200,123.0,500,,,,,,,,,,,,,,,,
2026-07-03T10:01:07.316083+00:00,2026-07-03T10:01:07.316031,1,2,122.4,0.2,122.3,1325,,,,,,,,,,,,,,,,,,,122.5,200,123.0,500,,,,,,,,,,,,,,,,
2026-07-03T10:01:07.331965+00:00,2026-07-03T10:01:07.331696,1,2,122.4,0.2,122.3,1325,,,,,,,,,,,,,,,,,,,122.5,825,123.0,500,,,,,,,,,,,,,,,,
2026-07-03T10:01:07.702101+00:00,2026-07-03T10:01:07.702020,1,2,122.4,0.2,122.3,825,,,,,,,,,,,,,,,,,,,122.5,825,123.0,500,,,,,,,,,,,,,,,,
2026-07-03T10:01:07.707423+00:00,2026-07-03T10:01:07.707353,1,1,122.4,0.2,122.3,825,,,,,,,,,,,,,,,,,,,122.5,825,,,,,,,,,,,,,,,,,,
2026-07-03T10:01:07.717996+00:00,2026-07-03T10:01:07.717823,1,1,122.4,0.2,122.3,1325,,,,,,,,,,,,,,,,,,,122.5,825,,,,,,,,,,,,,,,,,,
2026-07-03T10:01:07.723255+00:00,2026-07-03T10:01:07.723133,1,2,122.4,0.2,122.3,1325,,,,,,,,,,,,,,,,,,,122.5,825,123.0,500,,,,,,,,,,,,,,,,
2026-07-03T10:01:07.758714+00:00,2026-07-03T10:01:07.757219,2,2,122.45,0.1,122.4,200,122.3,1125,,,,,,,,,,,,,,,,,122.5,625,123.0,500,,,,,,,,,,,,,,,,
2026-07-03T10:01:07.769001+00:00,2026-07-03T10:01:07.768849,2,3,122.45,0.1,122.4,200,122.3,1125,,,,,,,,,,,,,,,,,122.5,625,122.6,200,123.0,500,,,,,,,,,,,,,,
