timestamp,recv_time,price,volume,aggressor_side,buyer,seller,trade_id
2026-07-05T09:00:00.076549,2026-07-05T09:00:00.098144+00:00,142.1,200,bid,YieldingYams,WavyWalnuts,8115189
2026-07-05T09:00:02.704029,2026-07-05T09:00:02.715688+00:00,142.2,200,ask,WavyWalnuts,YieldingYams,8115224
2026-07-05T09:00:06.952264,2026-07-05T09:00:06.963788+00:00,142.2,200,ask,YieldingYams,WavyWalnuts,8115272
2026-07-05T09:00:10.012038,2026-07-05T09:00:10.024174+00:00,142.3,20,bid,BrilliantBurritos,WavyWalnuts,8115310
2026-07-05T09:00:11.060740,2026-07-05T09:00:11.068980+00:00,142.2,500,ask,YieldingYams,AverageAlmonds,8115323
2026-07-05T09:00:11.651421,2026-07-05T09:00:11.664369+00:00,142.2,125,ask,YieldingYams,AverageAlmonds,8115335
2026-07-05T09:00:11.792513,2026-07-05T09:00:11.802083+00:00,142.2,200,bid,WavyWalnuts,AverageAlmonds,8115339
2026-07-05T09:00:11.896378,2026-07-05T09:00:11.900778+00:00,142.1,12,bid,Xuanyu Liu,YieldingYams,8115341
2026-07-05T09:00:13.002950,2026-07-05T09:00:13.012203+00:00,142.1,200,bid,WavyWalnuts,YieldingYams,8115352
2026-07-05T09:00:13.403194,2026-07-05T09:00:13.408065+00:00,141.8,12,ask,YieldingYams,Xuanyu Liu,8115363
2026-07-05T09:00:14.214673,2026-07-05T09:00:14.223639+00:00,142.1,200,bid,WavyWalnuts,YieldingYams,8115373
2026-07-05T09:00:15.426147,2026-07-05T09:00:15.434800+00:00,141.9,200,bid,WavyWalnuts,YieldingYams,8115389
2026-07-05T09:00:16.636462,2026-07-05T09:00:16.645626+00:00,141.9,200,bid,WavyWalnuts,YieldingYams,8115402
2026-07-05T09:00:17.138697,2026-07-05T09:00:17.142656+00:00,141.9,11,ask,YieldingYams,Xuanyu Liu,8115407
2026-07-05T09:00:17.710566,2026-07-05T09:00:17.719658+00:00,141.9,500,ask,YieldingYams,AverageAlmonds,8115413
2026-07-05T09:00:17.847838,2026-07-05T09:00:17.855081+00:00,142.1,200,bid,WavyWalnuts,YieldingYams,8115419
2026-07-05T09:00:19.059687,2026-07-05T09:00:19.071553+00:00,141.9,200,bid,WavyWalnuts,YieldingYams,8115439
2026-07-05T09:00:20.268892,2026-07-05T09:00:20.280817+00:00,142.0,200,bid,WavyWalnuts,YieldingYams,8115447
2026-07-05T09:00:21.185744,2026-07-05T09:00:21.198215+00:00,141.7,20,ask,YieldingYams,BrilliantBurritos,8115459
2026-07-05T09:00:21.478592,2026-07-05T09:00:21.490601+00:00,141.9,200,bid,WavyWalnuts,YieldingYams,8115460
2026-07-05T09:00:23.675080,2026-07-05T09:00:23.685501+00:00,141.8,200,ask,WavyWalnuts,YieldingYams,8115495
2026-07-05T09:00:23.675080,2026-07-05T09:00:23.685501+00:00,141.8,425,ask,AverageAlmonds,YieldingYams,8115496
2026-07-05T09:00:23.904809,2026-07-05T09:00:23.914775+00:00,141.9,200,ask,AverageAlmonds,WavyWalnuts,8115499
2026-07-05T09:00:25.002229,2026-07-05T09:00:25.006440+00:00,142.1,34,bid,Xuanyu Liu,YieldingYams,8115523
2026-07-05T09:00:26.317046,2026-07-05T09:00:26.321434+00:00,141.9,18,bid,Xuanyu Liu,YieldingYams,8115543
2026-07-05T09:00:26.765820,2026-07-05T09:00:26.774250+00:00,141.9,500,bid,AverageAlmonds,YieldingYams,8115548
2026-07-05T09:00:27.363712,2026-07-05T09:00:27.375634+00:00,141.9,107,bid,AverageAlmonds,YieldingYams,8115558
2026-07-05T09:00:27.363712,2026-07-05T09:00:27.375634+00:00,141.9,200,bid,AverageAlmonds,WavyWalnuts,8115559
2026-07-05T09:00:34.798123,2026-07-05T09:00:34.805540+00:00,142.3,200,bid,WavyWalnuts,AverageAlmonds,8115671
2026-07-05T09:00:36.014414,2026-07-05T09:00:36.026474+00:00,142.3,200,bid,WavyWalnuts,AverageAlmonds,8115687
2026-07-05T09:00:36.470256,2026-07-05T09:00:36.479396+00:00,142.2,500,ask,YieldingYams,AverageAlmonds,8115692
2026-07-05T09:00:37.225675,2026-07-05T09:00:37.234399+00:00,142.2,200,bid,WavyWalnuts,YieldingYams,8115702
2026-07-05T09:00:37.598460,2026-07-05T09:00:37.608701+00:00,141.9,20,ask,YieldingYams,BrilliantBurritos,8115712
2026-07-05T09:00:37.700480,2026-07-05T09:00:37.705300+00:00,142.1,5,bid,Xuanyu Liu,AverageAlmonds,8115717
2026-07-05T09:00:38.084576,2026-07-05T09:00:38.093149+00:00,142.1,495,bid,YieldingYams,AverageAlmonds,8115720
2026-07-05T09:00:38.459148,2026-07-05T09:00:38.468994+00:00,142.2,200,bid,WavyWalnuts,AverageAlmonds,8115725
2026-07-05T09:00:38.742913,2026-07-05T09:00:38.747323+00:00,142.2,3,bid,Xuanyu Liu,AverageAlmonds,8115735
2026-07-05T09:00:39.413816,2026-07-05T09:00:39.418499+00:00,142.0,3,bid,Xuanyu Liu,YieldingYams,8115749
2026-07-05T09:00:39.671699,2026-07-05T09:00:39.678849+00:00,142.0,200,bid,WavyWalnuts,YieldingYams,8115753
2026-07-05T09:00:40.882940,2026-07-05T09:00:40.891365+00:00,142.1,200,bid,WavyWalnuts,AverageAlmonds,8115764
2026-07-05T09:00:42.094567,2026-07-05T09:00:42.103642+00:00,142.1,200,bid,WavyWalnuts,YieldingYams,8115795
2026-07-05T09:00:43.326572,2026-07-05T09:00:43.331027+00:00,142.0,3,ask,WavyWalnuts,Xuanyu Liu,8115808
2026-07-05T09:00:47.866141,2026-07-05T09:00:47.878178+00:00,142.2,20,bid,BrilliantBurritos,YieldingYams,8115876
2026-07-05T09:00:49.910825,2026-07-05T09:00:49.922404+00:00,142.1,200,bid,YieldingYams,WavyWalnuts,8115915
2026-07-05T09:00:49.928912,2026-07-05T09:00:49.933256+00:00,142.1,3,ask,YieldingYams,Xuanyu Liu,8115917
2026-07-05T09:00:50.575348,2026-07-05T09:00:50.587074+00:00,142.1,200,ask,YieldingYams,WavyWalnuts,8115923
2026-07-05T09:00:57.532600,2026-07-05T09:00:57.540041+00:00,142.1,20,ask,YieldingYams,BrilliantBurritos,8116020
2026-07-05T09:01:00.893146,2026-07-05T09:01:00.897757+00:00,142.1,11,ask,WavyWalnuts,Xuanyu Liu,8116079
2026-07-05T09:01:01.469560,2026-07-05T09:01:01.481217+00:00,142.2,200,bid,WavyWalnuts,YieldingYams,8116089
2026-07-05T09:01:03.889378,2026-07-05T09:01:03.901384+00:00,142.2,200,bid,WavyWalnuts,YieldingYams,8116122
2026-07-05T09:01:09.944978,2026-07-05T09:01:09.958577+00:00,142.2,200,ask,YieldingYams,WavyWalnuts,8116216
2026-07-05T09:01:10.380020,2026-07-05T09:01:10.384313+00:00,142.2,12,ask,YieldingYams,Xuanyu Liu,8116226
2026-07-05T09:01:12.385754,2026-07-05T09:01:12.390056+00:00,142.2,11,ask,AverageAlmonds,Xuanyu Liu,8116259
2026-07-05T09:01:13.510692,2026-07-05T09:01:13.519449+00:00,142.3,200,bid,YieldingYams,WavyWalnuts,8116273
2026-07-05T09:01:13.525744,2026-07-05T09:01:13.529977+00:00,142.3,12,ask,YieldingYams,Xuanyu Liu,8116275
2026-07-05T09:01:15.180354,2026-07-05T09:01:15.191807+00:00,142.4,500,bid,AverageAlmonds,YieldingYams,8116290
2026-07-05T09:01:15.272206,2026-07-05T09:01:15.284684+00:00,142.4,20,bid,BrilliantBurritos,YieldingYams,8116293
2026-07-05T09:01:15.777148,2026-07-05T09:01:15.784783+00:00,142.4,105,bid,AverageAlmonds,YieldingYams,8116302
2026-07-05T09:01:15.989653,2026-07-05T09:01:16.000132+00:00,142.4,200,ask,AverageAlmonds,WavyWalnuts,8116305
2026-07-05T09:01:17.198925,2026-07-05T09:01:17.205912+00:00,142.5,200,ask,YieldingYams,WavyWalnuts,8116324
2026-07-05T09:01:18.408922,2026-07-05T09:01:18.420890+00:00,142.5,200,ask,YieldingYams,WavyWalnuts,8116348
2026-07-05T09:01:19.628374,2026-07-05T09:01:19.636408+00:00,142.5,200,ask,YieldingYams,WavyWalnuts,8116374
2026-07-05T09:01:22.047484,2026-07-05T09:01:22.052710+00:00,142.6,200,ask,YieldingYams,WavyWalnuts,8116402
2026-07-05T09:01:23.026544,2026-07-05T09:01:23.031321+00:00,142.4,11,ask,AverageAlmonds,Xuanyu Liu,8116424
2026-07-05T09:01:23.048591,2026-07-05T09:01:23.057592+00:00,142.5,500,bid,AverageAlmonds,YieldingYams,8116425
2026-07-05T09:01:24.301570,2026-07-05T09:01:24.306423+00:00,142.5,11,ask,AverageAlmonds,Xuanyu Liu,8116449
2026-07-05T09:01:26.687585,2026-07-05T09:01:26.696017+00:00,142.6,200,bid,AverageAlmonds,WavyWalnuts,8116491
2026-07-05T09:01:27.930710,2026-07-05T09:01:27.940818+00:00,142.6,500,ask,AverageAlmonds,YieldingYams,8116513
2026-07-05T09:01:28.093798,2026-07-05T09:01:28.103123+00:00,142.6,125,bid,WavyWalnuts,YieldingYams,8116514
2026-07-05T09:01:28.215835,2026-07-05T09:01:28.220148+00:00,142.7,12,ask,WavyWalnuts,Xuanyu Liu,8116519
2026-07-05T09:01:30.323479,2026-07-05T09:01:30.332776+00:00,142.7,200,bid,AverageAlmonds,WavyWalnuts,8116548
2026-07-05T09:01:30.551435,2026-07-05T09:01:30.558639+00:00,142.7,300,ask,AverageAlmonds,YieldingYams,8116552
2026-07-05T09:01:30.936887,2026-07-05T09:01:30.947093+00:00,142.7,20,bid,BrilliantBurritos,YieldingYams,8116558
2026-07-05T09:01:31.201094,2026-07-05T09:01:31.217029+00:00,142.6,20,ask,AverageAlmonds,BrilliantBurritos,8116564
2026-07-05T09:01:33.350959,2026-07-05T09:01:33.363913+00:00,142.8,20,bid,BrilliantBurritos,WavyWalnuts,8116591
2026-07-05T09:01:34.145096,2026-07-05T09:01:34.158613+00:00,142.7,200,ask,YieldingYams,WavyWalnuts,8116606
2026-07-05T09:01:35.159953,2026-07-05T09:01:35.170363+00:00,142.7,20,ask,YieldingYams,BrilliantBurritos,8116624
2026-07-05T09:01:37.111289,2026-07-05T09:01:37.118637+00:00,142.8,200,bid,YieldingYams,WavyWalnuts,8116656
2026-07-05T09:01:37.774321,2026-07-05T09:01:37.785870+00:00,142.8,200,ask,YieldingYams,WavyWalnuts,8116673
2026-07-05T09:01:38.447951,2026-07-05T09:01:38.452216+00:00,142.9,12,bid,Xuanyu Liu,YieldingYams,8116684
2026-07-05T09:01:41.051607,2026-07-05T09:01:41.055980+00:00,142.7,500,ask,AverageAlmonds,YieldingYams,8116723
2026-07-05T09:01:41.064503,2026-07-05T09:01:41.068913+00:00,142.7,11,bid,Xuanyu Liu,YieldingYams,8116725
2026-07-05T09:01:41.826663,2026-07-05T09:01:41.836618+00:00,142.7,114,bid,AverageAlmonds,YieldingYams,8116739
2026-07-05T09:01:41.826663,2026-07-05T09:01:41.836618+00:00,142.8,200,bid,AverageAlmonds,WavyWalnuts,8116740
2026-07-05T09:01:42.612229,2026-07-05T09:01:42.624070+00:00,143.0,200,ask,YieldingYams,WavyWalnuts,8116749
2026-07-05T09:01:43.820275,2026-07-05T09:01:43.829095+00:00,143.0,200,bid,WavyWalnuts,YieldingYams,8116769
2026-07-05T09:01:45.036201,2026-07-05T09:01:45.047412+00:00,143.1,200,bid,WavyWalnuts,YieldingYams,8116791
2026-07-05T09:01:48.664511,2026-07-05T09:01:48.676697+00:00,143.2,200,bid,WavyWalnuts,YieldingYams,8116843
2026-07-05T09:01:50.622597,2026-07-05T09:01:50.633067+00:00,143.2,20,ask,WavyWalnuts,BrilliantBurritos,8116874
2026-07-05T09:01:53.490432,2026-07-05T09:01:53.494321+00:00,143.4,11,bid,Xuanyu Liu,WavyWalnuts,8116917
2026-07-05T09:01:54.144311,2026-07-05T09:01:54.158617+00:00,143.4,200,bid,YieldingYams,WavyWalnuts,8116932
2026-07-05T09:01:58.344364,2026-07-05T09:01:58.358619+00:00,143.5,200,bid,WavyWalnuts,YieldingYams,8117003
2026-07-05T09:01:59.564787,2026-07-05T09:01:59.569205+00:00,143.4,10,bid,Xuanyu Liu,WavyWalnuts,8117030
2026-07-05T09:02:01.976180,2026-07-05T09:02:01.987775+00:00,143.4,200,bid,WavyWalnuts,YieldingYams,8117063
2026-07-05T09:02:02.852186,2026-07-05T09:02:02.864276+00:00,143.6,20,bid,BrilliantBurritos,YieldingYams,8117078
2026-07-05T09:02:02.987438,2026-07-05T09:02:02.991894+00:00,143.6,2,bid,Xuanyu Liu,YieldingYams,8117081
2026-07-05T09:02:03.206529,2026-07-05T09:02:03.210753+00:00,143.4,23,bid,Xuanyu Liu,WavyWalnuts,8117086
2026-07-05T09:02:03.321146,2026-07-05T09:02:03.330571+00:00,143.4,177,bid,YieldingYams,WavyWalnuts,8117090
2026-07-05T09:02:04.405393,2026-07-05T09:02:04.417137+00:00,143.5,200,ask,YieldingYams,WavyWalnuts,8117104
2026-07-05T09:02:05.027605,2026-07-05T09:02:05.040227+00:00,143.5,20,ask,YieldingYams,BrilliantBurritos,8117108
2026-07-05T09:02:07.411538,2026-07-05T09:02:07.415947+00:00,143.5,12,ask,YieldingYams,Xuanyu Liu,8117148
2026-07-05T09:02:08.618125,2026-07-05T09:02:08.623095+00:00,143.6,11,ask,YieldingYams,Xuanyu Liu,8117173
2026-07-05T09:02:10.386054,2026-07-05T09:02:10.398426+00:00,143.6,20,ask,YieldingYams,BrilliantBurritos,8117193
2026-07-05T09:02:10.452033,2026-07-05T09:02:10.458570+00:00,143.6,200,ask,YieldingYams,WavyWalnuts,8117196
2026-07-05T09:02:13.844067,2026-07-05T09:02:13.858627+00:00,143.4,200,ask,WavyWalnuts,YieldingYams,8117243
2026-07-05T09:02:15.152550,2026-07-05T09:02:15.158548+00:00,143.4,200,bid,YieldingYams,WavyWalnuts,8117261
2026-07-05T09:02:16.471946,2026-07-05T09:02:16.482633+00:00,143.5,20,bid,BrilliantBurritos,WavyWalnuts,8117282
2026-07-05T09:02:18.777537,2026-07-05T09:02:18.784838+00:00,143.4,200,ask,WavyWalnuts,AverageAlmonds,8117318
2026-07-05T09:02:18.777537,2026-07-05T09:02:18.790324+00:00,143.4,300,ask,YieldingYams,AverageAlmonds,8117319
2026-07-05T09:02:19.099909,2026-07-05T09:02:19.111522+00:00,143.5,200,ask,WavyWalnuts,YieldingYams,8117324
2026-07-05T09:02:20.120123,2026-07-05T09:02:20.131863+00:00,143.5,200,bid,WavyWalnuts,YieldingYams,8117339
2026-07-05T09:02:20.423305,2026-07-05T09:02:20.427606+00:00,143.4,12,ask,YieldingYams,Xuanyu Liu,8117342
2026-07-05T09:02:20.586148,2026-07-05T09:02:20.597094+00:00,143.4,500,ask,YieldingYams,AverageAlmonds,8117343
2026-07-05T09:02:21.179454,2026-07-05T09:02:21.189845+00:00,143.4,113,ask,YieldingYams,AverageAlmonds,8117355
2026-07-05T09:02:21.332663,2026-07-05T09:02:21.341981+00:00,143.4,200,bid,WavyWalnuts,AverageAlmonds,8117359
2026-07-05T09:02:23.750251,2026-07-05T09:02:23.751000+00:00,143.4,200,bid,WavyWalnuts,AverageAlmonds,8117401
2026-07-05T09:02:24.958540,2026-07-05T09:02:24.965261+00:00,143.4,200,bid,WavyWalnuts,AverageAlmonds,8117421
2026-07-05T09:02:27.406432,2026-07-05T09:02:27.414316+00:00,143.2,20,ask,YieldingYams,BrilliantBurritos,8117450
2026-07-05T09:02:29.798764,2026-07-05T09:02:29.808899+00:00,143.3,200,ask,YieldingYams,WavyWalnuts,8117495
2026-07-05T09:02:35.011242,2026-07-05T09:02:35.018317+00:00,143.3,20,bid,BrilliantBurritos,YieldingYams,8117578
2026-07-05T09:02:39.494008,2026-07-05T09:02:39.500904+00:00,143.4,200,bid,WavyWalnuts,YieldingYams,8117633
2026-07-05T09:02:40.080598,2026-07-05T09:02:40.088033+00:00,143.3,500,bid,YieldingYams,AverageAlmonds,8117652
2026-07-05T09:02:40.099393,2026-07-05T09:02:40.103769+00:00,143.4,22,ask,YieldingYams,Xuanyu Liu,8117654
2026-07-05T09:02:40.541817,2026-07-05T09:02:40.558560+00:00,143.4,103,ask,YieldingYams,AverageAlmonds,8117663
2026-07-05T09:02:40.703577,2026-07-05T09:02:40.710346+00:00,143.2,200,bid,WavyWalnuts,AverageAlmonds,8117669
2026-07-05T09:02:40.804672,2026-07-05T09:02:40.816509+00:00,143.2,20,bid,BrilliantBurritos,AverageAlmonds,8117671
2026-07-05T09:02:42.210752,2026-07-05T09:02:42.214776+00:00,143.1,23,ask,WavyWalnuts,Xuanyu Liu,8117694
2026-07-05T09:02:44.008632,2026-07-05T09:02:44.020241+00:00,143.1,200,ask,WavyWalnuts,YieldingYams,8117723
2026-07-05T09:02:44.335842,2026-07-05T09:02:44.344850+00:00,143.0,200,bid,WavyWalnuts,YieldingYams,8117728
2026-07-05T09:02:45.547877,2026-07-05T09:02:45.554731+00:00,143.0,200,ask,YieldingYams,WavyWalnuts,8117740
2026-07-05T09:02:46.090756,2026-07-05T09:02:46.102790+00:00,143.0,20,ask,YieldingYams,BrilliantBurritos,8117748
2026-07-05T09:02:46.755347,2026-07-05T09:02:46.764287+00:00,142.9,200,bid,WavyWalnuts,YieldingYams,8117759
2026-07-05T09:02:48.487475,2026-07-05T09:02:48.491853+00:00,143.0,23,bid,Xuanyu Liu,YieldingYams,8117794
2026-07-05T09:02:49.269382,2026-07-05T09:02:49.280090+00:00,142.9,200,ask,WavyWalnuts,YieldingYams,8117804
2026-07-05T09:02:49.286741,2026-07-05T09:02:49.291250+00:00,142.9,11,bid,Xuanyu Liu,YieldingYams,8117806
2026-07-05T09:02:50.384110,2026-07-05T09:02:50.391894+00:00,142.9,200,bid,WavyWalnuts,YieldingYams,8117821
2026-07-05T09:02:53.206437,2026-07-05T09:02:53.214044+00:00,142.9,200,ask,WavyWalnuts,YieldingYams,8117843
2026-07-05T09:02:56.558960,2026-07-05T09:02:56.569097+00:00,143.1,20,bid,BrilliantBurritos,WavyWalnuts,8117899
2026-07-05T09:03:07.417114,2026-07-05T09:03:07.424866+00:00,143.0,20,ask,YieldingYams,BrilliantBurritos,8118070
2026-07-05T09:03:09.764796,2026-07-05T09:03:09.775457+00:00,143.2,200,bid,WavyWalnuts,YieldingYams,8118103
2026-07-05T09:03:10.831672,2026-07-05T09:03:10.840842+00:00,143.0,20,ask,YieldingYams,BrilliantBurritos,8118110
2026-07-05T09:03:11.566447,2026-07-05T09:03:11.574534+00:00,143.1,200,ask,WavyWalnuts,YieldingYams,8118126
2026-07-05T09:03:13.410383,2026-07-05T09:03:13.414907+00:00,142.9,11,bid,Xuanyu Liu,WavyWalnuts,8118154
2026-07-05T09:03:14.186792,2026-07-05T09:03:14.197715+00:00,142.9,189,bid,YieldingYams,WavyWalnuts,8118169
2026-07-05T09:03:14.186792,2026-07-05T09:03:14.197715+00:00,143.1,436,bid,YieldingYams,AverageAlmonds,8118170
2026-07-05T09:03:15.499380,2026-07-05T09:03:15.508287+00:00,142.9,200,bid,YieldingYams,WavyWalnuts,8118185
2026-07-05T09:03:18.140476,2026-07-05T09:03:18.144938+00:00,142.9,12,bid,Xuanyu Liu,YieldingYams,8118219
2026-07-05T09:03:19.464996,2026-07-05T09:03:19.469263+00:00,142.8,11,bid,Xuanyu Liu,WavyWalnuts,8118235
2026-07-05T09:03:20.750534,2026-07-05T09:03:20.756940+00:00,142.8,200,bid,YieldingYams,WavyWalnuts,8118260
2026-07-05T09:03:21.755584,2026-07-05T09:03:21.767859+00:00,143.1,20,bid,BrilliantBurritos,YieldingYams,8118275
2026-07-05T09:03:22.062647,2026-07-05T09:03:22.069764+00:00,142.9,200,bid,YieldingYams,WavyWalnuts,8118278
2026-07-05T09:03:23.372633,2026-07-05T09:03:23.376824+00:00,143.1,23,bid,Xuanyu Liu,AverageAlmonds,8118302
2026-07-05T09:03:24.134837,2026-07-05T09:03:24.143144+00:00,143.2,20,bid,BrilliantBurritos,WavyWalnuts,8118314
2026-07-05T09:03:24.487138,2026-07-05T09:03:24.498400+00:00,143.2,20,bid,BrilliantBurritos,YieldingYams,8118323
2026-07-05T09:03:25.495691,2026-07-05T09:03:25.502735+00:00,143.2,200,bid,WavyWalnuts,YieldingYams,8118334
2026-07-05T09:03:33.876373,2026-07-05T09:03:33.880578+00:00,143.0,11,ask,YieldingYams,Xuanyu Liu,8118471
2026-07-05T09:03:33.992660,2026-07-05T09:03:34.000686+00:00,143.0,200,ask,YieldingYams,WavyWalnuts,8118473
2026-07-05T09:03:34.242054,2026-07-05T09:03:34.254045+00:00,143.0,20,ask,YieldingYams,BrilliantBurritos,8118482
2026-07-05T09:03:36.865335,2026-07-05T09:03:36.874551+00:00,143.1,500,bid,AverageAlmonds,YieldingYams,8118521
2026-07-05T09:03:37.790787,2026-07-05T09:03:37.797477+00:00,143.2,200,bid,YieldingYams,WavyWalnuts,8118540
2026-07-05T09:03:43.518664,2026-07-05T09:03:43.527863+00:00,143.0,500,bid,AverageAlmonds,YieldingYams,8118618
2026-07-05T09:03:44.113704,2026-07-05T09:03:44.120622+00:00,143.0,125,bid,AverageAlmonds,YieldingYams,8118632
2026-07-05T09:03:44.343940,2026-07-05T09:03:44.352697+00:00,143.2,200,bid,YieldingYams,WavyWalnuts,8118635
2026-07-05T09:03:44.365802,2026-07-05T09:03:44.370299+00:00,143.2,23,ask,YieldingYams,Xuanyu Liu,8118637
2026-07-05T09:03:45.657818,2026-07-05T09:03:45.668900+00:00,143.2,200,ask,WavyWalnuts,YieldingYams,8118649
2026-07-05T09:03:46.543167,2026-07-05T09:03:46.555211+00:00,143.2,425,bid,AverageAlmonds,YieldingYams,8118665
2026-07-05T09:03:48.711001,2026-07-05T09:03:48.715413+00:00,143.2,12,ask,WavyWalnuts,Xuanyu Liu,8118703
2026-07-05T09:03:50.904165,2026-07-05T09:03:50.916339+00:00,143.4,20,bid,BrilliantBurritos,WavyWalnuts,8118737
2026-07-05T09:03:56.830859,2026-07-05T09:03:56.841339+00:00,143.3,500,bid,AverageAlmonds,YieldingYams,8118815
2026-07-05T09:03:57.425660,2026-07-05T09:03:57.435350+00:00,143.2,200,bid,AverageAlmonds,WavyWalnuts,8118824
2026-07-05T09:03:57.500137,2026-07-05T09:03:57.504366+00:00,143.4,11,ask,YieldingYams,Xuanyu Liu,8118829
2026-07-05T09:03:58.257710,2026-07-05T09:03:58.269562+00:00,143.4,200,ask,YieldingYams,WavyWalnuts,8118839
2026-07-05T09:03:58.807809,2026-07-05T09:03:58.813060+00:00,143.6,11,bid,Xuanyu Liu,YieldingYams,8118848
2026-07-05T09:04:00.097947,2026-07-05T09:04:00.102228+00:00,143.6,12,bid,Xuanyu Liu,WavyWalnuts,8118869
2026-07-05T09:04:01.886960,2026-07-05T09:04:01.897079+00:00,143.5,200,ask,YieldingYams,WavyWalnuts,8118889
2026-07-05T09:04:04.049815,2026-07-05T09:04:04.054061+00:00,143.6,11,bid,Xuanyu Liu,YieldingYams,8118918
2026-07-05T09:04:04.305766,2026-07-05T09:04:04.313015+00:00,143.6,200,bid,WavyWalnuts,YieldingYams,8118919
2026-07-05T09:04:07.736985,2026-07-05T09:04:07.742023+00:00,143.7,23,bid,Xuanyu Liu,WavyWalnuts,8118968
2026-07-05T09:04:09.274011,2026-07-05T09:04:09.281481+00:00,143.8,200,bid,YieldingYams,WavyWalnuts,8118990
2026-07-05T09:04:12.775442,2026-07-05T09:04:12.783518+00:00,143.9,200,bid,WavyWalnuts,YieldingYams,8119033
2026-07-05T09:04:19.789138,2026-07-05T09:04:19.796492+00:00,143.8,200,ask,WavyWalnuts,YieldingYams,8119131
2026-07-05T09:04:20.042649,2026-07-05T09:04:20.049649+00:00,143.7,200,bid,WavyWalnuts,YieldingYams,8119133
2026-07-05T09:04:22.411568,2026-07-05T09:04:22.421514+00:00,143.7,200,ask,WavyWalnuts,YieldingYams,8119176
2026-07-05T09:04:22.420788,2026-07-05T09:04:22.431969+00:00,143.7,20,bid,BrilliantBurritos,YieldingYams,8119178
2026-07-05T09:04:23.724294,2026-07-05T09:04:23.733600+00:00,143.6,200,ask,WavyWalnuts,YieldingYams,8119194
2026-07-05T09:04:24.878636,2026-07-05T09:04:24.888039+00:00,143.6,200,bid,WavyWalnuts,YieldingYams,8119212
2026-07-05T09:04:26.718501,2026-07-05T09:04:26.722631+00:00,143.5,11,ask,WavyWalnuts,Xuanyu Liu,8119249
2026-07-05T09:04:27.306692,2026-07-05T09:04:27.310770+00:00,143.6,12,ask,WavyWalnuts,Xuanyu Liu,8119258
2026-07-05T09:04:28.506617,2026-07-05T09:04:28.513563+00:00,143.8,200,bid,WavyWalnuts,YieldingYams,8119272
2026-07-05T09:04:29.830732,2026-07-05T09:04:29.835844+00:00,143.9,12,bid,Xuanyu Liu,WavyWalnuts,8119297
2026-07-05T09:04:30.734634,2026-07-05T09:04:30.745791+00:00,143.8,500,ask,YieldingYams,AverageAlmonds,8119319
2026-07-05T09:04:31.358934,2026-07-05T09:04:31.369181+00:00,143.8,125,ask,YieldingYams,AverageAlmonds,8119325
2026-07-05T09:04:31.386047,2026-07-05T09:04:31.390536+00:00,143.8,11,bid,Xuanyu Liu,AverageAlmonds,8119327
2026-07-05T09:04:31.589239,2026-07-05T09:04:31.600988+00:00,143.7,200,ask,WavyWalnuts,YieldingYams,8119329
2026-07-05T09:04:31.607578,2026-07-05T09:04:31.612155+00:00,143.7,3,bid,Xuanyu Liu,YieldingYams,8119331
2026-07-05T09:04:33.049695,2026-07-05T09:04:33.054728+00:00,143.6,14,ask,YieldingYams,Xuanyu Liu,8119353
2026-07-05T09:04:33.352993,2026-07-05T09:04:33.358593+00:00,143.6,200,ask,YieldingYams,WavyWalnuts,8119357
2026-07-05T09:04:35.545959,2026-07-05T09:04:35.566247+00:00,143.6,200,bid,YieldingYams,WavyWalnuts,8119390
2026-07-05T09:04:35.770473,2026-07-05T09:04:35.777285+00:00,143.6,200,ask,YieldingYams,WavyWalnuts,8119393
2026-07-05T09:04:36.876762,2026-07-05T09:04:36.880981+00:00,143.6,11,bid,Xuanyu Liu,YieldingYams,8119409
2026-07-05T09:04:38.187409,2026-07-05T09:04:38.195253+00:00,143.6,200,bid,WavyWalnuts,YieldingYams,8119424
2026-07-05T09:04:39.401777,2026-07-05T09:04:39.412511+00:00,143.6,200,bid,WavyWalnuts,YieldingYams,8119442
2026-07-05T09:04:39.494514,2026-07-05T09:04:39.498766+00:00,143.6,11,ask,YieldingYams,Xuanyu Liu,8119445
2026-07-05T09:04:39.835705,2026-07-05T09:04:39.847709+00:00,143.6,500,ask,YieldingYams,AverageAlmonds,8119453
2026-07-05T09:04:40.635281,2026-07-05T09:04:40.644977+00:00,143.6,114,ask,YieldingYams,WavyWalnuts,8119465
2026-07-05T09:04:41.845606,2026-07-05T09:04:41.852960+00:00,143.5,200,bid,WavyWalnuts,YieldingYams,8119483
2026-07-05T09:04:44.717640,2026-07-05T09:04:44.729431+00:00,143.6,200,bid,YieldingYams,WavyWalnuts,8119528
2026-07-05T09:04:45.128238,2026-07-05T09:04:45.141059+00:00,143.7,20,bid,BrilliantBurritos,AverageAlmonds,8119532
2026-07-05T09:04:48.865311,2026-07-05T09:04:48.870107+00:00,143.4,12,ask,WavyWalnuts,Xuanyu Liu,8119589
2026-07-05T09:04:49.118453,2026-07-05T09:04:49.122869+00:00,143.5,11,ask,WavyWalnuts,Xuanyu Liu,8119593
2026-07-05T09:04:55.176852,2026-07-05T09:04:55.188951+00:00,143.8,10,bid,Yashwanth Madan,WavyWalnuts,8119677
2026-07-05T09:04:55.407229,2026-07-05T09:04:55.417144+00:00,143.8,10,bid,Yashwanth Madan,WavyWalnuts,8119682
2026-07-05T09:04:55.638856,2026-07-05T09:04:55.648275+00:00,143.8,7,bid,Yashwanth Madan,WavyWalnuts,8119685
2026-07-05T09:04:55.879393,2026-07-05T09:04:55.891096+00:00,143.7,20,ask,YieldingYams,Yashwanth Madan,8119693
2026-07-05T09:04:56.247016,2026-07-05T09:04:56.258595+00:00,143.7,20,ask,YieldingYams,Yashwanth Madan,8119701
2026-07-05T09:04:56.591873,2026-07-05T09:04:56.600850+00:00,143.7,20,ask,WavyWalnuts,Yashwanth Madan,8119704
2026-07-05T09:04:56.935732,2026-07-05T09:04:56.945230+00:00,143.7,12,ask,WavyWalnuts,Yashwanth Madan,8119712
2026-07-05T09:04:57.277056,2026-07-05T09:04:57.284233+00:00,143.7,5,ask,WavyWalnuts,Yashwanth Madan,8119722
2026-07-05T09:04:57.620985,2026-07-05T09:04:57.632914+00:00,143.7,2,ask,WavyWalnuts,Yashwanth Madan,8119730
2026-07-05T09:04:57.930313,2026-07-05T09:04:57.942204+00:00,143.9,20,bid,BrilliantBurritos,WavyWalnuts,8119737
2026-07-05T09:04:59.217468,2026-07-05T09:04:59.229588+00:00,143.8,200,bid,YieldingYams,WavyWalnuts,8119764
2026-07-05T09:04:59.983925,2026-07-05T09:04:59.992012+00:00,143.8,200,ask,YieldingYams,WavyWalnuts,8119773
2026-07-05T09:05:03.161404,2026-07-05T09:05:03.173154+00:00,143.7,200,bid,YieldingYams,WavyWalnuts,8119821
2026-07-05T09:05:04.693016,2026-07-05T09:05:04.697697+00:00,143.9,34,bid,Xuanyu Liu,WavyWalnuts,8119844
2026-07-05T09:05:05.803363,2026-07-05T09:05:05.808786+00:00,143.8,3,bid,Xuanyu Liu,YieldingYams,8119864
2026-07-05T09:05:06.031623,2026-07-05T09:05:06.041365+00:00,143.8,200,bid,WavyWalnuts,YieldingYams,8119866
2026-07-05T09:05:06.157910,2026-07-05T09:05:06.170028+00:00,143.8,13,bid,Yashwanth Madan,YieldingYams,8119867
2026-07-05T09:05:07.245524,2026-07-05T09:05:07.258567+00:00,143.8,200,bid,WavyWalnuts,YieldingYams,8119890
2026-07-05T09:05:08.464621,2026-07-05T09:05:08.468586+00:00,143.7,3,ask,WavyWalnuts,Xuanyu Liu,8119910
2026-07-05T09:05:08.850879,2026-07-05T09:05:08.858555+00:00,143.8,20,bid,BrilliantBurritos,YieldingYams,8119918
2026-07-05T09:05:11.997040,2026-07-05T09:05:12.007096+00:00,143.7,20,bid,BrilliantBurritos,YieldingYams,8119961
2026-07-05T09:05:12.343492,2026-07-05T09:05:12.352847+00:00,143.6,200,ask,WavyWalnuts,YieldingYams,8119970
2026-07-05T09:05:12.828807,2026-07-05T09:05:12.840896+00:00,143.6,20,bid,BrilliantBurritos,YieldingYams,8119976
2026-07-05T09:05:14.973901,2026-07-05T09:05:14.984615+00:00,143.6,200,bid,YieldingYams,WavyWalnuts,8120018
2026-07-05T09:05:15.030481,2026-07-05T09:05:15.042539+00:00,143.9,20,bid,BrilliantBurritos,YieldingYams,8120019
2026-07-05T09:05:15.729580,2026-07-05T09:05:15.740755+00:00,143.7,200,ask,YieldingYams,WavyWalnuts,8120026
2026-07-05T09:05:15.833765,2026-07-05T09:05:15.845656+00:00,143.7,20,ask,YieldingYams,BrilliantBurritos,8120027
2026-07-05T09:05:16.304473,2026-07-05T09:05:16.308676+00:00,143.5,3,bid,Xuanyu Liu,YieldingYams,8120037
2026-07-05T09:05:16.340280,2026-07-05T09:05:16.350080+00:00,143.5,20,bid,Yashwanth Madan,YieldingYams,8120039
2026-07-05T09:05:16.585767,2026-07-05T09:05:16.598250+00:00,143.5,10,bid,Yashwanth Madan,YieldingYams,8120047
2026-07-05T09:05:16.612602,2026-07-05T09:05:16.624557+00:00,143.5,20,bid,Yashwanth Madan,YieldingYams,8120049
2026-07-05T09:05:16.947122,2026-07-05T09:05:16.958550+00:00,143.5,20,bid,Yashwanth Madan,YieldingYams,8120054
2026-07-05T09:05:17.193093,2026-07-05T09:05:17.205599+00:00,143.5,6,bid,Yashwanth Madan,YieldingYams,8120059
2026-07-05T09:05:19.627815,2026-07-05T09:05:19.638646+00:00,143.4,10,ask,YieldingYams,Yashwanth Madan,8120096
2026-07-05T09:05:25.480995,2026-07-05T09:05:25.485625+00:00,143.7,3,bid,Xuanyu Liu,YieldingYams,8120187
2026-07-05T09:05:31.470939,2026-07-05T09:05:31.482559+00:00,143.8,200,bid,WavyWalnuts,YieldingYams,8120269
2026-07-05T09:05:33.319421,2026-07-05T09:05:33.330853+00:00,143.8,200,bid,YieldingYams,WavyWalnuts,8120305
2026-07-05T09:05:33.337204,2026-07-05T09:05:33.341520+00:00,143.8,3,ask,YieldingYams,Xuanyu Liu,8120307
2026-07-05T09:05:35.096555,2026-07-05T09:05:35.107751+00:00,143.9,200,bid,WavyWalnuts,YieldingYams,8120338
2026-07-05T09:05:37.254323,2026-07-05T09:05:37.253792+00:00,143.9,200,ask,WavyWalnuts,YieldingYams,8120373
2026-07-05T09:05:40.384786,2026-07-05T09:05:40.392295+00:00,143.9,200,ask,WavyWalnuts,AverageAlmonds,8120413
2026-07-05T09:05:41.833744,2026-07-05T09:05:41.845732+00:00,143.9,20,ask,WavyWalnuts,BrilliantBurritos,8120443
2026-07-05T09:05:42.695636,2026-07-05T09:05:42.699990+00:00,143.8,14,ask,WavyWalnuts,Xuanyu Liu,8120461
2026-07-05T09:05:43.571909,2026-07-05T09:05:43.579570+00:00,143.9,200,bid,WavyWalnuts,YieldingYams,8120476
2026-07-05T09:05:45.139020,2026-07-05T09:05:45.150074+00:00,143.8,200,ask,WavyWalnuts,YieldingYams,8120497
2026-07-05T09:05:45.989984,2026-07-05T09:05:45.998923+00:00,143.8,200,bid,WavyWalnuts,YieldingYams,8120515
2026-07-05T09:05:46.455562,2026-07-05T09:05:46.447455+00:00,144.0,200,bid,YieldingYams,WavyWalnuts,8120524
2026-07-05T09:05:46.475326,2026-07-05T09:05:46.479845+00:00,144.0,35,ask,YieldingYams,Xuanyu Liu,8120527
2026-07-05T09:05:47.042329,2026-07-05T09:05:47.071383+00:00,144.0,390,ask,YieldingYams,AverageAlmonds,8120540
2026-07-05T09:05:48.501762,2026-07-05T09:05:48.513592+00:00,143.6,20,ask,YieldingYams,Yashwanth Madan,8120570
2026-07-05T09:05:48.985034,2026-07-05T09:05:48.990443+00:00,143.8,12,bid,Xuanyu Liu,YieldingYams,8120577
2026-07-05T09:05:49.108085,2026-07-05T09:05:49.113351+00:00,143.7,11,bid,Xuanyu Liu,YieldingYams,8120580
2026-07-05T09:05:50.942194,2026-07-05T09:05:50.953873+00:00,143.5,20,ask,YieldingYams,Yashwanth Madan,8120617
2026-07-05T09:05:51.323392,2026-07-05T09:05:51.335008+00:00,143.5,20,ask,YieldingYams,Yashwanth Madan,8120620
2026-07-05T09:05:51.664485,2026-07-05T09:05:51.676114+00:00,143.5,12,ask,YieldingYams,Yashwanth Madan,8120631
2026-07-05T09:05:52.005909,2026-07-05T09:05:52.017842+00:00,143.5,5,ask,WavyWalnuts,Yashwanth Madan,8120637
2026-07-05T09:05:52.097206,2026-07-05T09:05:52.106672+00:00,143.5,200,ask,YieldingYams,WavyWalnuts,8120639
2026-07-05T09:05:52.196488,2026-07-05T09:05:52.208721+00:00,143.5,20,ask,YieldingYams,BrilliantBurritos,8120640
2026-07-05T09:05:52.352568,2026-07-05T09:05:52.361705+00:00,143.5,2,ask,YieldingYams,Yashwanth Madan,8120643
2026-07-05T09:05:52.855661,2026-07-05T09:05:52.858606+00:00,143.5,20,ask,YieldingYams,BrilliantBurritos,8120651
2026-07-05T09:05:54.561236,2026-07-05T09:05:54.570317+00:00,143.3,10,ask,AverageAlmonds,Yashwanth Madan,8120669
2026-07-05T09:05:55.125258,2026-07-05T09:05:55.136644+00:00,143.3,20,ask,YieldingYams,BrilliantBurritos,8120672
2026-07-05T09:05:56.943315,2026-07-05T09:05:56.954946+00:00,143.4,200,bid,YieldingYams,WavyWalnuts,8120701
2026-07-05T09:05:56.964199,2026-07-05T09:05:56.967932+00:00,143.4,11,ask,YieldingYams,Xuanyu Liu,8120703
2026-07-05T09:05:58.267327,2026-07-05T09:05:58.271673+00:00,143.5,12,ask,YieldingYams,Xuanyu Liu,8120716
2026-07-05T09:05:59.353282,2026-07-05T09:05:59.358698+00:00,143.5,200,ask,YieldingYams,WavyWalnuts,8120732
2026-07-05T09:05:59.570004,2026-07-05T09:05:59.578928+00:00,143.5,500,ask,AverageAlmonds,YieldingYams,8120733
2026-07-05T09:05:59.741260,2026-07-05T09:05:59.752173+00:00,143.5,125,bid,AverageAlmonds,YieldingYams,8120736
2026-07-05T09:06:00.141553,2026-07-05T09:06:00.158628+00:00,144.4,20,bid,BrilliantBurritos,AverageAlmonds,8120750
2026-07-05T09:06:00.569834,2026-07-05T09:06:00.573644+00:00,143.6,12,bid,Xuanyu Liu,WavyWalnuts,8120756
2026-07-05T09:06:00.644323,2026-07-05T09:06:00.657714+00:00,143.6,10,bid,Yashwanth Madan,WavyWalnuts,8120762
2026-07-05T09:06:00.877838,2026-07-05T09:06:00.887434+00:00,143.6,178,bid,YieldingYams,WavyWalnuts,8120770
2026-07-05T09:06:02.979084,2026-07-05T09:06:02.988590+00:00,143.6,200,ask,YieldingYams,WavyWalnuts,8120802
2026-07-05T09:06:04.137726,2026-07-05T09:06:04.150558+00:00,143.7,20,bid,BrilliantBurritos,YieldingYams,8120820
2026-07-05T09:06:04.190974,2026-07-05T09:06:04.202317+00:00,143.6,200,ask,AverageAlmonds,WavyWalnuts,8120821
2026-07-05T09:06:04.866444,2026-07-05T09:06:04.870660+00:00,143.6,34,ask,AverageAlmonds,Xuanyu Liu,8120842
2026-07-05T09:06:07.006858,2026-07-05T09:06:07.017717+00:00,143.7,500,bid,AverageAlmonds,YieldingYams,8120866
2026-07-05T09:06:07.482727,2026-07-05T09:06:07.487842+00:00,143.8,23,ask,YieldingYams,Xuanyu Liu,8120874
2026-07-05T09:06:10.416095,2026-07-05T09:06:10.428037+00:00,143.8,20,ask,AverageAlmonds,BrilliantBurritos,8120919
2026-07-05T09:06:10.652328,2026-07-05T09:06:10.658562+00:00,143.9,500,bid,AverageAlmonds,YieldingYams,8120924
2026-07-05T09:06:11.247898,2026-07-05T09:06:11.258619+00:00,143.9,125,bid,AverageAlmonds,YieldingYams,8120932
2026-07-05T09:06:11.247898,2026-07-05T09:06:11.258619+00:00,143.9,200,bid,AverageAlmonds,WavyWalnuts,8120933
2026-07-05T09:06:11.404999,2026-07-05T09:06:11.409145+00:00,144.0,6,ask,YieldingYams,Xuanyu Liu,8120940
2026-07-05T09:06:11.449146,2026-07-05T09:06:11.463970+00:00,144.0,200,ask,YieldingYams,WavyWalnuts,8120941
2026-07-05T09:06:12.699284,2026-07-05T09:06:12.711007+00:00,144.1,200,ask,WavyWalnuts,YieldingYams,8120963
2026-07-05T09:06:20.567208,2026-07-05T09:06:20.589151+00:00,144.0,200,bid,YieldingYams,WavyWalnuts,8121086
2026-07-05T09:06:21.033947,2026-07-05T09:06:21.045863+00:00,144.2,20,bid,BrilliantBurritos,YieldingYams,8121092
2026-07-05T09:06:23.221156,2026-07-05T09:06:23.232934+00:00,144.2,20,ask,YieldingYams,BrilliantBurritos,8121133
2026-07-05T09:06:26.999258,2026-07-05T09:06:27.004182+00:00,144.4,6,bid,Xuanyu Liu,YieldingYams,8121193
2026-07-05T09:06:27.140759,2026-07-05T09:06:27.149527+00:00,144.2,200,ask,WavyWalnuts,YieldingYams,8121195
2026-07-05T09:06:27.161796,2026-07-05T09:06:27.167160+00:00,144.2,23,bid,Xuanyu Liu,YieldingYams,8121197
2026-07-05T09:06:28.385162,2026-07-05T09:06:28.393372+00:00,144.2,200,bid,WavyWalnuts,YieldingYams,8121214
2026-07-05T09:06:33.252300,2026-07-05T09:06:33.256533+00:00,144.4,11,bid,Xuanyu Liu,WavyWalnuts,8121288
2026-07-05T09:06:33.698528,2026-07-05T09:06:33.706892+00:00,144.4,189,bid,YieldingYams,WavyWalnuts,8121295
2026-07-05T09:06:36.884397,2026-07-05T09:06:36.889436+00:00,144.5,11,bid,Xuanyu Liu,WavyWalnuts,8121343
2026-07-05T09:06:38.940949,2026-07-05T09:06:38.947965+00:00,144.5,200,bid,YieldingYams,WavyWalnuts,8121376
2026-07-05T09:06:40.506739,2026-07-05T09:06:40.513364+00:00,144.4,200,ask,YieldingYams,WavyWalnuts,8121399
2026-07-05T09:06:41.720174,2026-07-05T09:06:41.728944+00:00,144.4,200,ask,YieldingYams,WavyWalnuts,8121421
2026-07-05T09:06:46.571479,2026-07-05T09:06:46.582139+00:00,144.3,200,bid,WavyWalnuts,YieldingYams,8121493
2026-07-05T09:06:48.815204,2026-07-05T09:06:48.825666+00:00,144.4,20,bid,BrilliantBurritos,WavyWalnuts,8121531
2026-07-05T09:06:49.207556,2026-07-05T09:06:49.211617+00:00,144.3,23,bid,Xuanyu Liu,WavyWalnuts,8121541
2026-07-05T09:06:50.578274,2026-07-05T09:06:50.590765+00:00,144.4,20,bid,BrilliantBurritos,YieldingYams,8121553
2026-07-05T09:06:51.422703,2026-07-05T09:06:51.431237+00:00,144.3,200,ask,YieldingYams,WavyWalnuts,8121569
2026-07-05T09:06:56.083615,2026-07-05T09:06:56.105404+00:00,144.3,200,bid,YieldingYams,WavyWalnuts,8121633
2026-07-05T09:06:56.101194,2026-07-05T09:06:56.105404+00:00,144.3,11,ask,YieldingYams,Xuanyu Liu,8121635
2026-07-05T09:06:58.737072,2026-07-05T09:06:58.742082+00:00,144.4,11,bid,Xuanyu Liu,YieldingYams,8121673
2026-07-05T09:07:00.038711,2026-07-05T09:07:00.046861+00:00,144.3,200,ask,WavyWalnuts,YieldingYams,8121697
2026-07-05T09:07:00.064989,2026-07-05T09:07:00.069336+00:00,144.3,12,bid,Xuanyu Liu,YieldingYams,8121699
2026-07-05T09:07:00.116376,2026-07-05T09:07:00.124244+00:00,144.3,2,bid,Yashwanth Madan,YieldingYams,8121700
2026-07-05T09:07:01.092387,2026-07-05T09:07:01.103714+00:00,144.3,200,bid,WavyWalnuts,YieldingYams,8121712
2026-07-05T09:07:02.669119,2026-07-05T09:07:02.677169+00:00,144.5,500,bid,YieldingYams,AverageAlmonds,8121731
2026-07-05T09:07:02.669119,2026-07-05T09:07:02.682557+00:00,144.5,125,bid,YieldingYams,WavyWalnuts,8121732
2026-07-05T09:07:03.619341,2026-07-05T09:07:03.624133+00:00,144.6,11,bid,Xuanyu Liu,AverageAlmonds,8121747
2026-07-05T09:07:03.679958,2026-07-05T09:07:03.692112+00:00,144.6,20,bid,BrilliantBurritos,AverageAlmonds,8121748
2026-07-05T09:07:03.787201,2026-07-05T09:07:03.799364+00:00,144.6,20,bid,Yashwanth Madan,AverageAlmonds,8121750
2026-07-05T09:07:04.001856,2026-07-05T09:07:04.006402+00:00,144.5,3,bid,Xuanyu Liu,YieldingYams,8121759
2026-07-05T09:07:04.025373,2026-07-05T09:07:04.037282+00:00,144.5,20,bid,Yashwanth Madan,YieldingYams,8121760
2026-07-05T09:07:04.261685,2026-07-05T09:07:04.271326+00:00,144.5,6,bid,Yashwanth Madan,YieldingYams,8121772
2026-07-05T09:07:05.106409,2026-07-05T09:07:05.114819+00:00,144.5,20,bid,Yashwanth Madan,YieldingYams,8121780
2026-07-05T09:07:05.293694,2026-07-05T09:07:05.303997+00:00,144.5,500,bid,YieldingYams,AverageAlmonds,8121787
2026-07-05T09:07:05.452178,2026-07-05T09:07:05.464258+00:00,144.6,11,bid,Yashwanth Madan,WavyWalnuts,8121790
2026-07-05T09:07:05.755401,2026-07-05T09:07:05.753902+00:00,144.5,125,ask,YieldingYams,AverageAlmonds,8121794
2026-07-05T09:07:05.755401,2026-07-05T09:07:05.769278+00:00,144.4,200,ask,WavyWalnuts,AverageAlmonds,8121795
2026-07-05T09:07:08.364760,2026-07-05T09:07:08.376074+00:00,144.3,200,bid,WavyWalnuts,YieldingYams,8121848
2026-07-05T09:07:09.677068,2026-07-05T09:07:09.689604+00:00,144.3,20,bid,BrilliantBurritos,YieldingYams,8121866
2026-07-05T09:07:12.000629,2026-07-05T09:07:12.008932+00:00,144.3,200,ask,YieldingYams,WavyWalnuts,8121899
2026-07-05T09:07:13.212105,2026-07-05T09:07:13.221185+00:00,144.2,200,ask,YieldingYams,WavyWalnuts,8121917
2026-07-05T09:07:14.425517,2026-07-05T09:07:14.434363+00:00,144.2,200,ask,YieldingYams,WavyWalnuts,8121928
2026-07-05T09:07:16.372868,2026-07-05T09:07:16.377177+00:00,144.0,3,ask,YieldingYams,Xuanyu Liu,8121961
2026-07-05T09:07:17.754331,2026-07-05T09:07:17.766201+00:00,144.1,20,bid,BrilliantBurritos,WavyWalnuts,8121978
2026-07-05T09:07:17.790048,2026-07-05T09:07:17.793932+00:00,144.0,34,ask,YieldingYams,Xuanyu Liu,8121980
2026-07-05T09:07:18.426761,2026-07-05T09:07:18.430876+00:00,144.1,12,ask,YieldingYams,Xuanyu Liu,8121995
2026-07-05T09:07:19.230346,2026-07-05T09:07:19.242160+00:00,144.2,20,bid,BrilliantBurritos,WavyWalnuts,8122007
2026-07-05T09:07:19.354498,2026-07-05T09:07:19.358549+00:00,144.1,10,ask,YieldingYams,Yashwanth Madan,8122008
2026-07-05T09:07:20.496904,2026-07-05T09:07:20.501254+00:00,144.2,11,ask,WavyWalnuts,Xuanyu Liu,8122023
2026-07-05T09:07:20.805120,2026-07-05T09:07:20.828006+00:00,144.2,10,ask,WavyWalnuts,Yashwanth Madan,8122034
2026-07-05T09:07:20.841304,2026-07-05T09:07:20.851097+00:00,144.2,20,ask,WavyWalnuts,Yashwanth Madan,8122036
2026-07-05T09:07:20.852958,2026-07-05T09:07:20.858575+00:00,144.4,20,bid,Yashwanth Madan,YieldingYams,8122038
2026-07-05T09:07:21.065268,2026-07-05T09:07:21.069860+00:00,144.3,11,bid,Xuanyu Liu,YieldingYams,8122041
2026-07-05T09:07:21.176437,2026-07-05T09:07:21.188377+00:00,144.3,10,bid,Yashwanth Madan,YieldingYams,8122044
2026-07-05T09:07:21.694252,2026-07-05T09:07:21.705941+00:00,144.3,200,bid,WavyWalnuts,YieldingYams,8122057
2026-07-05T09:07:26.670113,2026-07-05T09:07:26.682278+00:00,144.2,20,bid,BrilliantBurritos,WavyWalnuts,8122120
2026-07-05T09:07:27.614830,2026-07-05T09:07:27.622554+00:00,144.2,180,bid,YieldingYams,WavyWalnuts,8122138
2026-07-05T09:07:30.167392,2026-07-05T09:07:30.179285+00:00,144.3,200,bid,WavyWalnuts,YieldingYams,8122169
2026-07-05T09:07:31.564285,2026-07-05T09:07:31.590516+00:00,144.4,200,bid,YieldingYams,WavyWalnuts,8122189
2026-07-05T09:07:31.586003,2026-07-05T09:07:31.590516+00:00,144.4,4,ask,YieldingYams,Xuanyu Liu,8122191
2026-07-05T09:07:32.906169,2026-07-05T09:07:32.910760+00:00,144.4,4,bid,Xuanyu Liu,YieldingYams,8122214
2026-07-05T09:07:37.436837,2026-07-05T09:07:37.458560+00:00,144.4,200,ask,YieldingYams,WavyWalnuts,8122275
2026-07-05T09:07:40.785948,2026-07-05T09:07:40.807704+00:00,144.2,200,bid,YieldingYams,WavyWalnuts,8122329
2026-07-05T09:07:40.803321,2026-07-05T09:07:40.807704+00:00,144.2,11,ask,YieldingYams,Xuanyu Liu,8122331
2026-07-05T09:07:40.812278,2026-07-05T09:07:40.823223+00:00,144.5,20,bid,BrilliantBurritos,YieldingYams,8122332
2026-07-05T09:07:41.049046,2026-07-05T09:07:41.058629+00:00,144.2,20,ask,YieldingYams,Yashwanth Madan,8122339
2026-07-05T09:07:41.062357,2026-07-05T09:07:41.070240+00:00,144.2,200,ask,YieldingYams,WavyWalnuts,8122341
2026-07-05T09:07:41.393675,2026-07-05T09:07:41.405658+00:00,144.2,20,ask,YieldingYams,Yashwanth Madan,8122350
2026-07-05T09:07:41.739778,2026-07-05T09:07:41.751383+00:00,144.2,17,ask,YieldingYams,Yashwanth Madan,8122355
2026-07-05T09:07:42.271250,2026-07-05T09:07:42.278870+00:00,144.2,200,ask,YieldingYams,WavyWalnuts,8122375
2026-07-05T09:07:43.497593,2026-07-05T09:07:43.501811+00:00,144.3,11,bid,Xuanyu Liu,WavyWalnuts,8122397
2026-07-05T09:07:44.707196,2026-07-05T09:07:44.711463+00:00,144.2,12,bid,Xuanyu Liu,WavyWalnuts,8122422
2026-07-05T09:07:44.827861,2026-07-05T09:07:44.839766+00:00,144.2,20,bid,Yashwanth Madan,WavyWalnuts,8122425
2026-07-05T09:07:45.066293,2026-07-05T09:07:45.078453+00:00,144.2,7,bid,Yashwanth Madan,WavyWalnuts,8122428
2026-07-05T09:07:46.265314,2026-07-05T09:07:46.269474+00:00,144.1,23,ask,YieldingYams,Xuanyu Liu,8122444
2026-07-05T09:07:46.470803,2026-07-05T09:07:46.479813+00:00,144.1,20,ask,YieldingYams,Yashwanth Madan,8122446
2026-07-05T09:07:46.814842,2026-07-05T09:07:46.826446+00:00,144.1,10,ask,YieldingYams,Yashwanth Madan,8122454
2026-07-05T09:07:48.295025,2026-07-05T09:07:48.303691+00:00,144.1,3,ask,YieldingYams,Yashwanth Madan,8122474
2026-07-05T09:07:48.319429,2026-07-05T09:07:48.329083+00:00,144.1,200,ask,YieldingYams,WavyWalnuts,8122475
2026-07-05T09:07:48.534215,2026-07-05T09:07:48.546405+00:00,144.1,1,ask,YieldingYams,Yashwanth Madan,8122478
2026-07-05T09:07:49.529855,2026-07-05T09:07:49.541215+00:00,144.1,200,ask,YieldingYams,WavyWalnuts,8122493
2026-07-05T09:07:53.520102,2026-07-05T09:07:53.530905+00:00,144.0,20,ask,AverageAlmonds,BrilliantBurritos,8122553
2026-07-05T09:07:53.840145,2026-07-05T09:07:53.858607+00:00,144.2,20,bid,BrilliantBurritos,YieldingYams,8122557
2026-07-05T09:07:54.369822,2026-07-05T09:07:54.381755+00:00,144.0,200,ask,YieldingYams,WavyWalnuts,8122564
2026-07-05T09:07:55.270719,2026-07-05T09:07:55.280004+00:00,144.1,500,ask,AverageAlmonds,YieldingYams,8122581
2026-07-05T09:07:56.580201,2026-07-05T09:07:56.592012+00:00,144.1,200,bid,YieldingYams,WavyWalnuts,8122596
2026-07-05T09:07:58.686829,2026-07-05T09:07:58.696543+00:00,144.3,20,bid,BrilliantBurritos,YieldingYams,8122628
2026-07-05T09:07:59.868302,2026-07-05T09:07:59.880635+00:00,144.2,20,ask,WavyWalnuts,BrilliantBurritos,8122639
2026-07-05T09:08:03.154523,2026-07-05T09:08:03.158824+00:00,144.2,11,bid,Xuanyu Liu,YieldingYams,8122684
2026-07-05T09:08:03.893393,2026-07-05T09:08:03.901323+00:00,144.2,500,bid,AverageAlmonds,YieldingYams,8122696
2026-07-05T09:08:05.270306,2026-07-05T09:08:05.279476+00:00,144.3,200,ask,YieldingYams,WavyWalnuts,8122714
2026-07-05T09:08:06.415171,2026-07-05T09:08:06.427311+00:00,144.5,20,bid,BrilliantBurritos,YieldingYams,8122730
2026-07-05T09:08:07.537435,2026-07-05T09:08:07.547923+00:00,144.2,20,ask,WavyWalnuts,BrilliantBurritos,8122755
2026-07-05T09:08:09.742462,2026-07-05T09:08:09.749852+00:00,144.2,200,bid,YieldingYams,WavyWalnuts,8122786
2026-07-05T09:08:10.111567,2026-07-05T09:08:10.123253+00:00,144.3,200,ask,YieldingYams,WavyWalnuts,8122792
2026-07-05T09:08:19.801663,2026-07-05T09:08:19.809561+00:00,144.4,200,ask,YieldingYams,WavyWalnuts,8122929
2026-07-05T09:08:21.011496,2026-07-05T09:08:21.018227+00:00,144.4,200,ask,YieldingYams,WavyWalnuts,8122952
2026-07-05T09:08:21.593079,2026-07-05T09:08:21.612548+00:00,144.2,500,ask,AverageAlmonds,YieldingYams,8122958
2026-07-05T09:08:21.608352,2026-07-05T09:08:21.612548+00:00,144.2,35,bid,Xuanyu Liu,YieldingYams,8122960
2026-07-05T09:08:21.676374,2026-07-05T09:08:21.686592+00:00,144.2,20,bid,Yashwanth Madan,YieldingYams,8122963
2026-07-05T09:08:21.933226,2026-07-05T09:08:21.942513+00:00,144.2,20,bid,Yashwanth Madan,YieldingYams,8122972
2026-07-05T09:08:22.037626,2026-07-05T09:08:22.045848+00:00,144.2,50,bid,AverageAlmonds,YieldingYams,8122974
2026-07-05T09:08:22.222903,2026-07-05T09:08:22.233494+00:00,144.2,200,ask,AverageAlmonds,WavyWalnuts,8122983
2026-07-05T09:08:23.601137,2026-07-05T09:08:23.613692+00:00,144.3,20,bid,Yashwanth Madan,WavyWalnuts,8123011
2026-07-05T09:08:23.875020,2026-07-05T09:08:23.884530+00:00,144.3,15,bid,Yashwanth Madan,WavyWalnuts,8123018
2026-07-05T09:08:24.275058,2026-07-05T09:08:24.279518+00:00,144.1,35,ask,AverageAlmonds,Xuanyu Liu,8123034
2026-07-05T09:08:24.872327,2026-07-05T09:08:24.884122+00:00,144.1,10,ask,YieldingYams,Yashwanth Madan,8123045
2026-07-05T09:08:28.279184,2026-07-05T09:08:28.291032+00:00,144.2,200,bid,WavyWalnuts,YieldingYams,8123091
2026-07-05T09:08:29.482372,2026-07-05T09:08:29.487342+00:00,144.2,11,ask,YieldingYams,Xuanyu Liu,8123105
2026-07-05T09:08:30.783307,2026-07-05T09:08:30.795217+00:00,144.4,200,ask,WavyWalnuts,YieldingYams,8123124
2026-07-05T09:08:34.341204,2026-07-05T09:08:34.349363+00:00,144.4,200,ask,YieldingYams,WavyWalnuts,8123177
2026-07-05T09:08:35.476243,2026-07-05T09:08:35.488173+00:00,144.4,20,bid,BrilliantBurritos,YieldingYams,8123194
2026-07-05T09:08:35.550459,2026-07-05T09:08:35.558653+00:00,144.4,200,bid,WavyWalnuts,YieldingYams,8123195
2026-07-05T09:08:38.780640,2026-07-05T09:08:38.789188+00:00,144.5,10,bid,Yashwanth Madan,YieldingYams,8123244
2026-07-05T09:08:40.045363,2026-07-05T09:08:40.049926+00:00,144.5,46,bid,Xuanyu Liu,YieldingYams,8123274
2026-07-05T09:08:40.391489,2026-07-05T09:08:40.402927+00:00,144.5,200,bid,WavyWalnuts,YieldingYams,8123281
2026-07-05T09:08:42.635962,2026-07-05T09:08:42.640125+00:00,144.4,11,bid,Xuanyu Liu,YieldingYams,8123305
2026-07-05T09:08:43.266102,2026-07-05T09:08:43.278300+00:00,144.2,11,ask,YieldingYams,Xuanyu Liu,8123312
2026-07-05T09:08:45.236567,2026-07-05T09:08:45.244824+00:00,144.2,200,ask,YieldingYams,WavyWalnuts,8123339
2026-07-05T09:08:46.108330,2026-07-05T09:08:46.120747+00:00,144.4,20,bid,BrilliantBurritos,YieldingYams,8123347
2026-07-05T09:08:46.268560,2026-07-05T09:08:46.272866+00:00,144.3,12,ask,AverageAlmonds,Xuanyu Liu,8123352
2026-07-05T09:08:46.540720,2026-07-05T09:08:46.562514+00:00,144.3,488,ask,AverageAlmonds,YieldingYams,8123360
2026-07-05T09:08:46.557989,2026-07-05T09:08:46.562514+00:00,144.3,12,bid,Xuanyu Liu,YieldingYams,8123362
2026-07-05T09:08:46.845593,2026-07-05T09:08:46.853119+00:00,144.3,125,bid,AverageAlmonds,YieldingYams,8123365
2026-07-05T09:08:47.849919,2026-07-05T09:08:47.858606+00:00,144.4,200,bid,YieldingYams,WavyWalnuts,8123375
2026-07-05T09:08:48.878437,2026-07-05T09:08:48.884104+00:00,144.5,14,bid,Xuanyu Liu,WavyWalnuts,8123398
2026-07-05T09:08:49.263513,2026-07-05T09:08:49.271174+00:00,144.5,186,bid,AverageAlmonds,WavyWalnuts,8123405
2026-07-05T09:08:49.263513,2026-07-05T09:08:49.276473+00:00,144.5,314,bid,AverageAlmonds,YieldingYams,8123406
2026-07-05T09:08:50.501910,2026-07-05T09:08:50.512659+00:00,144.6,200,bid,YieldingYams,WavyWalnuts,8123424
2026-07-05T09:08:52.028647,2026-07-05T09:08:52.039248+00:00,144.6,20,bid,BrilliantBurritos,YieldingYams,8123448
2026-07-05T09:08:53.139885,2026-07-05T09:08:53.147925+00:00,144.4,500,ask,AverageAlmonds,YieldingYams,8123468
2026-07-05T09:08:53.500977,2026-07-05T09:08:53.509229+00:00,144.4,125,bid,AverageAlmonds,YieldingYams,8123477
2026-07-05T09:08:53.706801,2026-07-05T09:08:53.715479+00:00,144.4,200,ask,AverageAlmonds,WavyWalnuts,8123482
2026-07-05T09:08:54.432306,2026-07-05T09:08:54.445797+00:00,145.2,20,bid,BrilliantBurritos,AverageAlmonds,8123493
2026-07-05T09:08:54.918857,2026-07-05T09:08:54.929446+00:00,144.5,200,ask,YieldingYams,WavyWalnuts,8123501
2026-07-05T09:08:56.854633,2026-07-05T09:08:56.862053+00:00,144.6,20,bid,BrilliantBurritos,YieldingYams,8123531
2026-07-05T09:08:59.117464,2026-07-05T09:08:59.121937+00:00,144.5,37,ask,YieldingYams,Xuanyu Liu,8123560
2026-07-05T09:09:01.027079,2026-07-05T09:09:01.034381+00:00,144.6,200,bid,YieldingYams,WavyWalnuts,8123578
2026-07-05T09:09:01.046964,2026-07-05T09:09:01.051764+00:00,144.6,12,ask,YieldingYams,Xuanyu Liu,8123580
2026-07-05T09:09:02.180097,2026-07-05T09:09:02.187176+00:00,144.6,200,ask,YieldingYams,WavyWalnuts,8123596
2026-07-05T09:09:02.365530,2026-07-05T09:09:02.370063+00:00,144.5,35,bid,Xuanyu Liu,YieldingYams,8123598
2026-07-05T09:09:02.553203,2026-07-05T09:09:02.565546+00:00,144.4,20,ask,WavyWalnuts,BrilliantBurritos,8123599
2026-07-05T09:09:03.388124,2026-07-05T09:09:03.397015+00:00,144.5,200,bid,WavyWalnuts,YieldingYams,8123616
2026-07-05T09:09:04.437748,2026-07-05T09:09:04.448478+00:00,144.4,20,ask,YieldingYams,BrilliantBurritos,8123627
2026-07-05T09:09:04.982283,2026-07-05T09:09:04.989326+00:00,144.4,200,ask,WavyWalnuts,YieldingYams,8123636
2026-07-05T09:09:05.001298,2026-07-05T09:09:05.005734+00:00,144.4,11,bid,Xuanyu Liu,YieldingYams,8123641
2026-07-05T09:09:05.440190,2026-07-05T09:09:05.444570+00:00,144.3,34,ask,AverageAlmonds,Xuanyu Liu,8123655
2026-07-05T09:09:05.623890,2026-07-05T09:09:05.654454+00:00,144.4,414,bid,AverageAlmonds,YieldingYams,8123659
2026-07-05T09:09:05.650046,2026-07-05T09:09:05.654454+00:00,144.4,12,ask,AverageAlmonds,Xuanyu Liu,8123662
2026-07-05T09:09:05.823668,2026-07-05T09:09:05.827964+00:00,144.5,4,ask,WavyWalnuts,Xuanyu Liu,8123666
2026-07-05T09:09:07.241356,2026-07-05T09:09:07.245874+00:00,144.8,4,bid,Xuanyu Liu,YieldingYams,8123690
2026-07-05T09:09:07.344645,2026-07-05T09:09:07.358568+00:00,144.7,10,ask,WavyWalnuts,Yashwanth Madan,8123693
2026-07-05T09:09:07.384480,2026-07-05T09:09:07.388448+00:00,144.8,10,bid,Yashwanth Madan,YieldingYams,8123694
2026-07-05T09:09:07.606566,2026-07-05T09:09:07.614678+00:00,144.7,190,ask,WavyWalnuts,YieldingYams,8123699
2026-07-05T09:09:07.631864,2026-07-05T09:09:07.636140+00:00,144.6,23,bid,Xuanyu Liu,YieldingYams,8123701
2026-07-05T09:09:08.224867,2026-07-05T09:09:08.233741+00:00,144.6,200,bid,WavyWalnuts,YieldingYams,8123706
2026-07-05T09:09:10.694859,2026-07-05T09:09:10.707192+00:00,144.6,10,ask,YieldingYams,Yashwanth Madan,8123752
2026-07-05T09:09:11.891668,2026-07-05T09:09:11.903444+00:00,144.8,10,bid,Yashwanth Madan,WavyWalnuts,8123761
2026-07-05T09:09:15.322257,2026-07-05T09:09:15.329415+00:00,144.9,20,bid,BrilliantBurritos,WavyWalnuts,8123822
2026-07-05T09:09:17.911700,2026-07-05T09:09:17.923385+00:00,144.8,200,bid,WavyWalnuts,YieldingYams,8123851
2026-07-05T09:09:18.499290,2026-07-05T09:09:18.511449+00:00,145.0,20,bid,BrilliantBurritos,WavyWalnuts,8123859
2026-07-05T09:09:21.229393,2026-07-05T09:09:21.233862+00:00,145.0,12,bid,Xuanyu Liu,YieldingYams,8123905
2026-07-05T09:09:22.112820,2026-07-05T09:09:22.120271+00:00,144.8,200,ask,WavyWalnuts,YieldingYams,8123918
2026-07-05T09:09:22.132526,2026-07-05T09:09:22.137445+00:00,144.8,14,bid,Xuanyu Liu,YieldingYams,8123920
2026-07-05T09:09:22.759308,2026-07-05T09:09:22.768010+00:00,144.8,200,bid,WavyWalnuts,YieldingYams,8123927
2026-07-05T09:09:23.969099,2026-07-05T09:09:23.978598+00:00,145.0,200,bid,WavyWalnuts,YieldingYams,8123944
2026-07-05T09:09:24.764853,2026-07-05T09:09:24.768968+00:00,144.9,3,ask,YieldingYams,Xuanyu Liu,8123950
2026-07-05T09:09:25.097330,2026-07-05T09:09:25.109394+00:00,144.9,20,ask,YieldingYams,BrilliantBurritos,8123954
2026-07-05T09:09:25.431984,2026-07-05T09:09:25.443846+00:00,144.9,20,ask,YieldingYams,BrilliantBurritos,8123956
2026-07-05T09:09:26.267297,2026-07-05T09:09:26.279221+00:00,144.8,10,ask,WavyWalnuts,Yashwanth Madan,8123973
2026-07-05T09:09:30.014780,2026-07-05T09:09:30.022077+00:00,145.0,200,bid,WavyWalnuts,YieldingYams,8124007
2026-07-05T09:09:32.380598,2026-07-05T09:09:32.392947+00:00,145.1,20,bid,BrilliantBurritos,WavyWalnuts,8124041
2026-07-05T09:09:32.457171,2026-07-05T09:09:32.469016+00:00,145.0,200,ask,YieldingYams,WavyWalnuts,8124042
2026-07-05T09:09:33.947430,2026-07-05T09:09:33.958613+00:00,144.9,200,ask,WavyWalnuts,YieldingYams,8124066
2026-07-05T09:09:34.033099,2026-07-05T09:09:34.040277+00:00,144.9,10,bid,Yashwanth Madan,YieldingYams,8124068
2026-07-05T09:09:34.871829,2026-07-05T09:09:34.881206+00:00,144.9,200,bid,WavyWalnuts,YieldingYams,8124077
2026-07-05T09:09:35.562310,2026-07-05T09:09:35.575077+00:00,144.9,20,ask,YieldingYams,BrilliantBurritos,8124086
2026-07-05T09:09:37.902587,2026-07-05T09:09:37.906754+00:00,145.0,11,ask,YieldingYams,Xuanyu Liu,8124128
2026-07-05T09:09:38.827281,2026-07-05T09:09:38.839317+00:00,145.0,10,ask,YieldingYams,Yashwanth Madan,8124143
2026-07-05T09:09:39.269688,2026-07-05T09:09:39.278463+00:00,145.0,20,ask,YieldingYams,BrilliantBurritos,8124150
2026-07-05T09:09:39.718151,2026-07-05T09:09:39.728340+00:00,145.0,200,ask,YieldingYams,WavyWalnuts,8124154
2026-07-05T09:09:40.926839,2026-07-05T09:09:40.933820+00:00,145.2,200,ask,YieldingYams,WavyWalnuts,8124172
2026-07-05T09:09:41.020287,2026-07-05T09:09:41.032451+00:00,145.2,20,ask,YieldingYams,BrilliantBurritos,8124176
2026-07-05T09:09:43.456275,2026-07-05T09:09:43.460540+00:00,145.0,12,ask,YieldingYams,Xuanyu Liu,8124215
2026-07-05T09:09:49.799016,2026-07-05T09:09:49.803586+00:00,145.2,12,bid,Xuanyu Liu,YieldingYams,8124307
2026-07-05T09:09:50.617545,2026-07-05T09:09:50.626344+00:00,145.2,200,bid,WavyWalnuts,YieldingYams,8124314
2026-07-05T09:09:52.359507,2026-07-05T09:09:52.369622+00:00,145.1,200,ask,WavyWalnuts,YieldingYams,8124345
2026-07-05T09:09:53.690671,2026-07-05T09:09:53.695778+00:00,145.1,12,ask,YieldingYams,Xuanyu Liu,8124362
2026-07-05T09:09:55.457624,2026-07-05T09:09:55.469463+00:00,145.1,200,ask,YieldingYams,WavyWalnuts,8124385
2026-07-05T09:09:57.160347,2026-07-05T09:09:57.169003+00:00,145.0,20,ask,YieldingYams,BrilliantBurritos,8124422
2026-07-05T09:10:00.293726,2026-07-05T09:10:00.302113+00:00,145.0,200,ask,YieldingYams,WavyWalnuts,8124470
2026-07-05T09:10:05.151772,2026-07-05T09:10:05.158619+00:00,145.0,20,bid,BrilliantBurritos,YieldingYams,8124567
2026-07-05T09:10:08.012702,2026-07-05T09:10:08.024640+00:00,145.1,20,bid,BrilliantBurritos,YieldingYams,8124608
2026-07-05T09:10:08.160400,2026-07-05T09:10:08.169169+00:00,145.1,200,bid,YieldingYams,WavyWalnuts,8124610
2026-07-05T09:10:08.178286,2026-07-05T09:10:08.183212+00:00,145.1,11,ask,YieldingYams,Xuanyu Liu,8124612
2026-07-05T09:10:08.752852,2026-07-05T09:10:08.757269+00:00,145.3,11,bid,Xuanyu Liu,YieldingYams,8124624
2026-07-05T09:10:09.344503,2026-07-05T09:10:09.353174+00:00,145.1,20,ask,YieldingYams,BrilliantBurritos,8124636
2026-07-05T09:10:09.477163,2026-07-05T09:10:09.483902+00:00,145.1,200,ask,WavyWalnuts,YieldingYams,8124639
2026-07-05T09:10:09.494453,2026-07-05T09:10:09.498233+00:00,145.1,23,bid,Xuanyu Liu,YieldingYams,8124641
2026-07-05T09:10:09.678587,2026-07-05T09:10:09.690424+00:00,145.1,10,bid,Yashwanth Madan,YieldingYams,8124644
2026-07-05T09:10:09.987328,2026-07-05T09:10:09.994472+00:00,145.1,200,bid,WavyWalnuts,YieldingYams,8124647
2026-07-05T09:10:14.855017,2026-07-05T09:10:14.858602+00:00,145.0,200,ask,YieldingYams,WavyWalnuts,8124710
2026-07-05T09:10:14.970914,2026-07-05T09:10:14.982707+00:00,145.2,20,bid,BrilliantBurritos,YieldingYams,8124713
2026-07-05T09:10:15.474154,2026-07-05T09:10:15.486063+00:00,145.0,10,ask,YieldingYams,Yashwanth Madan,8124726
2026-07-05T09:10:17.275342,2026-07-05T09:10:17.283194+00:00,145.0,200,ask,YieldingYams,WavyWalnuts,8124757
2026-07-05T09:10:18.484154,2026-07-05T09:10:18.495674+00:00,145.0,200,ask,YieldingYams,WavyWalnuts,8124773
2026-07-05T09:10:18.716471,2026-07-05T09:10:18.724284+00:00,144.9,500,ask,AverageAlmonds,YieldingYams,8124777
2026-07-05T09:10:18.852831,2026-07-05T09:10:18.859428+00:00,144.9,125,bid,AverageAlmonds,YieldingYams,8124779
2026-07-05T09:10:20.370345,2026-07-05T09:10:20.379353+00:00,145.2,20,bid,BrilliantBurritos,WavyWalnuts,8124816
2026-07-05T09:10:25.281045,2026-07-05T09:10:25.289939+00:00,145.2,200,ask,WavyWalnuts,YieldingYams,8124880
2026-07-05T09:10:25.745554,2026-07-05T09:10:25.752589+00:00,145.2,200,bid,WavyWalnuts,YieldingYams,8124885
2026-07-05T09:10:25.817612,2026-07-05T09:10:25.840048+00:00,145.2,20,bid,BrilliantBurritos,YieldingYams,8124886
2026-07-05T09:10:26.472423,2026-07-05T09:10:26.484191+00:00,145.2,10,bid,Yashwanth Madan,YieldingYams,8124890
2026-07-05T09:10:27.070083,2026-07-05T09:10:27.081491+00:00,145.3,20,bid,BrilliantBurritos,WavyWalnuts,8124903
2026-07-05T09:10:30.531564,2026-07-05T09:10:30.539197+00:00,145.2,200,bid,YieldingYams,WavyWalnuts,8124963
2026-07-05T09:10:37.111300,2026-07-05T09:10:37.115690+00:00,145.3,11,ask,YieldingYams,Xuanyu Liu,8125077
2026-07-05T09:10:37.271780,2026-07-05T09:10:37.276805+00:00,145.4,11,bid,Xuanyu Liu,WavyWalnuts,8125082
2026-07-05T09:10:39.976486,2026-07-05T09:10:39.987818+00:00,145.3,10,ask,YieldingYams,Yashwanth Madan,8125129
2026-07-05T09:10:42.358197,2026-07-05T09:10:42.369855+00:00,145.4,200,bid,YieldingYams,WavyWalnuts,8125166
2026-07-05T09:10:42.376105,2026-07-05T09:10:42.380271+00:00,145.4,11,ask,YieldingYams,Xuanyu Liu,8125168
2026-07-05T09:10:42.679009,2026-07-05T09:10:42.691066+00:00,145.6,20,bid,BrilliantBurritos,YieldingYams,8125174
2026-07-05T09:10:43.732676,2026-07-05T09:10:43.743805+00:00,145.6,20,bid,BrilliantBurritos,WavyWalnuts,8125194
2026-07-05T09:10:55.518872,2026-07-05T09:10:55.531041+00:00,145.5,200,ask,WavyWalnuts,YieldingYams,8125363
2026-07-05T09:10:55.557431,2026-07-05T09:10:55.569573+00:00,145.5,20,bid,BrilliantBurritos,YieldingYams,8125365
2026-07-05T09:10:55.625067,2026-07-05T09:10:55.637551+00:00,145.5,10,bid,Yashwanth Madan,YieldingYams,8125368
2026-07-05T09:10:56.833119,2026-07-05T09:10:56.844305+00:00,145.5,200,bid,YieldingYams,WavyWalnuts,8125386
2026-07-05T09:11:00.874209,2026-07-05T09:11:00.883158+00:00,145.1,200,ask,YieldingYams,WavyWalnuts,8125453
2026-07-05T09:11:01.401381,2026-07-05T09:11:01.413734+00:00,145.4,20,bid,BrilliantBurritos,YieldingYams,8125458
2026-07-05T09:11:03.301763,2026-07-05T09:11:03.313128+00:00,145.1,200,bid,WavyWalnuts,YieldingYams,8125482
2026-07-05T09:11:04.024386,2026-07-05T09:11:04.036166+00:00,145.0,10,ask,YieldingYams,Yashwanth Madan,8125497
2026-07-05T09:11:04.106540,2026-07-05T09:11:04.115480+00:00,145.0,20,ask,YieldingYams,BrilliantBurritos,8125500
2026-07-05T09:11:06.934003,2026-07-05T09:11:06.943631+00:00,145.0,200,ask,YieldingYams,WavyWalnuts,8125541
2026-07-05T09:11:08.043896,2026-07-05T09:11:08.050759+00:00,144.9,20,ask,YieldingYams,BrilliantBurritos,8125557
2026-07-05T09:11:09.123493,2026-07-05T09:11:09.127416+00:00,145.1,12,ask,AverageAlmonds,Xuanyu Liu,8125573
2026-07-05T09:11:10.565249,2026-07-05T09:11:10.575331+00:00,145.1,200,ask,YieldingYams,WavyWalnuts,8125586
2026-07-05T09:11:11.779082,2026-07-05T09:11:11.858687+00:00,145.1,200,ask,AverageAlmonds,WavyWalnuts,8125609
2026-07-05T09:11:12.988655,2026-07-05T09:11:13.000190+00:00,145.0,200,ask,YieldingYams,WavyWalnuts,8125630
2026-07-05T09:11:13.940449,2026-07-05T09:11:13.990304+00:00,145.0,500,bid,AverageAlmonds,YieldingYams,8125645
2026-07-05T09:11:13.961043,2026-07-05T09:11:13.990304+00:00,145.0,10,bid,Yashwanth Madan,YieldingYams,8125647
2026-07-05T09:11:13.986074,2026-07-05T09:11:14.005894+00:00,145.0,12,bid,Xuanyu Liu,YieldingYams,8125649
2026-07-05T09:11:14.540049,2026-07-05T09:11:14.550434+00:00,145.0,103,bid,AverageAlmonds,YieldingYams,8125658
2026-07-05T09:11:15.147840,2026-07-05T09:11:15.158616+00:00,145.1,200,bid,AverageAlmonds,WavyWalnuts,8125667
2026-07-05T09:11:15.814735,2026-07-05T09:11:15.831694+00:00,145.0,10,ask,YieldingYams,Yashwanth Madan,8125683
2026-07-05T09:11:19.162054,2026-07-05T09:11:19.169162+00:00,145.2,200,bid,YieldingYams,WavyWalnuts,8125728
2026-07-05T09:11:19.920182,2026-07-05T09:11:19.930824+00:00,145.2,20,ask,YieldingYams,BrilliantBurritos,8125736
2026-07-05T09:11:20.185702,2026-07-05T09:11:20.197795+00:00,145.2,10,ask,YieldingYams,Yashwanth Madan,8125746
2026-07-05T09:11:20.719436,2026-07-05T09:11:20.727022+00:00,145.2,10,ask,WavyWalnuts,Yashwanth Madan,8125755
2026-07-05T09:11:21.479030,2026-07-05T09:11:21.486300+00:00,145.3,200,bid,WavyWalnuts,YieldingYams,8125763
2026-07-05T09:11:23.484488,2026-07-05T09:11:23.488850+00:00,145.1,35,ask,WavyWalnuts,Xuanyu Liu,8125788
2026-07-05T09:11:23.567091,2026-07-05T09:11:23.576042+00:00,145.1,20,ask,WavyWalnuts,Yashwanth Madan,8125794
2026-07-05T09:11:28.209156,2026-07-05T09:11:28.221062+00:00,145.0,18,ask,YieldingYams,Yashwanth Madan,8125869
2026-07-05T09:11:28.578650,2026-07-05T09:11:28.590880+00:00,145.0,4,ask,YieldingYams,Yashwanth Madan,8125876
2026-07-05T09:11:31.187969,2026-07-05T09:11:31.195631+00:00,145.0,200,ask,YieldingYams,WavyWalnuts,8125925
2026-07-05T09:11:33.644912,2026-07-05T09:11:33.649181+00:00,145.0,12,bid,Xuanyu Liu,WavyWalnuts,8125957
2026-07-05T09:11:34.830503,2026-07-05T09:11:34.840535+00:00,144.8,200,ask,YieldingYams,WavyWalnuts,8125976
2026-07-05T09:11:37.314749,2026-07-05T09:11:37.318859+00:00,144.8,12,ask,YieldingYams,Xuanyu Liu,8126001
2026-07-05T09:11:37.579702,2026-07-05T09:11:37.589980+00:00,144.8,3,ask,YieldingYams,Yashwanth Madan,8126005
2026-07-05T09:11:37.831882,2026-07-05T09:11:37.843975+00:00,144.8,2,ask,WavyWalnuts,Yashwanth Madan,8126010
2026-07-05T09:11:46.447850,2026-07-05T09:11:46.458553+00:00,144.9,20,ask,YieldingYams,BrilliantBurritos,8126134
2026-07-05T09:11:46.949349,2026-07-05T09:11:46.964084+00:00,144.9,200,ask,YieldingYams,WavyWalnuts,8126141
2026-07-05T09:11:48.902692,2026-07-05T09:11:48.914915+00:00,145.0,20,bid,BrilliantBurritos,YieldingYams,8126171
2026-07-05T09:11:50.576540,2026-07-05T09:11:50.586540+00:00,145.0,200,bid,WavyWalnuts,YieldingYams,8126199
2026-07-05T09:11:51.275897,2026-07-05T09:11:51.287687+00:00,144.9,20,ask,YieldingYams,BrilliantBurritos,8126212
2026-07-05T09:11:52.053961,2026-07-05T09:11:52.058599+00:00,145.0,200,bid,YieldingYams,WavyWalnuts,8126226
2026-07-05T09:11:52.105472,2026-07-05T09:11:52.109690+00:00,145.0,11,ask,YieldingYams,Xuanyu Liu,8126228
2026-07-05T09:11:56.650543,2026-07-05T09:11:56.655515+00:00,145.0,11,bid,Xuanyu Liu,WavyWalnuts,8126299
2026-07-05T09:11:57.867029,2026-07-05T09:11:57.871539+00:00,144.9,12,bid,Xuanyu Liu,WavyWalnuts,8126317
2026-07-05T09:11:58.625501,2026-07-05T09:11:58.634355+00:00,144.9,188,bid,YieldingYams,WavyWalnuts,8126326
2026-07-05T09:12:02.685208,2026-07-05T09:12:02.692552+00:00,145.0,200,bid,WavyWalnuts,AverageAlmonds,8126398
2026-07-05T09:12:04.635233,2026-07-05T09:12:04.640498+00:00,145.1,23,bid,Xuanyu Liu,WavyWalnuts,8126426
2026-07-05T09:12:04.677447,2026-07-05T09:12:04.686211+00:00,145.1,20,bid,Yashwanth Madan,WavyWalnuts,8126427
2026-07-05T09:12:04.932642,2026-07-05T09:12:04.945103+00:00,145.1,20,bid,Yashwanth Madan,WavyWalnuts,8126433
2026-07-05T09:12:05.124414,2026-07-05T09:12:05.128486+00:00,145.0,11,bid,Xuanyu Liu,WavyWalnuts,8126442
2026-07-05T09:12:05.185194,2026-07-05T09:12:05.197219+00:00,145.0,20,bid,Yashwanth Madan,WavyWalnuts,8126443
2026-07-05T09:12:05.436180,2026-07-05T09:12:05.458598+00:00,145.0,6,bid,Yashwanth Madan,WavyWalnuts,8126447
2026-07-05T09:12:08.953876,2026-07-05T09:12:08.958872+00:00,145.0,3,bid,Xuanyu Liu,AverageAlmonds,8126492
2026-07-05T09:12:09.118921,2026-07-05T09:12:09.131088+00:00,145.1,11,bid,Yashwanth Madan,YieldingYams,8126495
2026-07-05T09:12:16.290703,2026-07-05T09:12:16.301350+00:00,145.0,500,ask,YieldingYams,AverageAlmonds,8126601
2026-07-05T09:12:16.678324,2026-07-05T09:12:16.686240+00:00,145.2,20,bid,BrilliantBurritos,YieldingYams,8126607
2026-07-05T09:12:17.058520,2026-07-05T09:12:17.065772+00:00,144.9,200,ask,WavyWalnuts,YieldingYams,8126615
2026-07-05T09:12:18.438405,2026-07-05T09:12:18.443188+00:00,144.9,3,ask,WavyWalnuts,Xuanyu Liu,8126639
2026-07-05T09:12:19.351269,2026-07-05T09:12:19.351968+00:00,144.9,197,ask,WavyWalnuts,AverageAlmonds,8126658
2026-07-05T09:12:19.709923,2026-07-05T09:12:19.721540+00:00,144.9,303,bid,YieldingYams,AverageAlmonds,8126661
2026-07-05T09:12:19.928128,2026-07-05T09:12:19.936067+00:00,144.9,322,ask,YieldingYams,AverageAlmonds,8126663
2026-07-05T09:12:20.340892,2026-07-05T09:12:20.351991+00:00,144.7,20,ask,WavyWalnuts,BrilliantBurritos,8126677
2026-07-05T09:12:20.847875,2026-07-05T09:12:20.858631+00:00,144.8,200,bid,WavyWalnuts,AverageAlmonds,8126681
2026-07-05T09:12:21.698047,2026-07-05T09:12:21.702345+00:00,144.7,34,ask,YieldingYams,Xuanyu Liu,8126701
2026-07-05T09:12:21.746392,2026-07-05T09:12:21.756640+00:00,144.7,500,ask,YieldingYams,AverageAlmonds,8126702
2026-07-05T09:12:22.338310,2026-07-05T09:12:22.348873+00:00,144.8,200,ask,WavyWalnuts,AverageAlmonds,8126709
2026-07-05T09:12:22.338310,2026-07-05T09:12:22.348873+00:00,144.7,91,ask,YieldingYams,AverageAlmonds,8126710
2026-07-05T09:12:23.272248,2026-07-05T09:12:23.279513+00:00,144.5,200,bid,WavyWalnuts,AverageAlmonds,8126733
2026-07-05T09:12:24.489679,2026-07-05T09:12:24.499889+00:00,144.6,200,bid,WavyWalnuts,AverageAlmonds,8126745
2026-07-05T09:12:26.953422,2026-07-05T09:12:26.958591+00:00,144.5,10,ask,YieldingYams,Yashwanth Madan,8126785
2026-07-05T09:12:29.338884,2026-07-05T09:12:29.348483+00:00,144.6,200,bid,WavyWalnuts,YieldingYams,8126821
2026-07-05T09:12:30.004561,2026-07-05T09:12:30.016935+00:00,144.6,20,bid,BrilliantBurritos,YieldingYams,8126827
2026-07-05T09:12:30.849326,2026-07-05T09:12:30.853769+00:00,144.5,200,ask,WavyWalnuts,AverageAlmonds,8126839
2026-07-05T09:12:31.763780,2026-07-05T09:12:31.775420+00:00,144.5,200,bid,WavyWalnuts,AverageAlmonds,8126848
2026-07-05T09:12:35.699784,2026-07-05T09:12:35.711308+00:00,144.6,500,ask,YieldingYams,AverageAlmonds,8126915
2026-07-05T09:12:35.764679,2026-07-05T09:12:35.776959+00:00,144.6,20,ask,YieldingYams,BrilliantBurritos,8126916
2026-07-05T09:12:39.051462,2026-07-05T09:12:39.055542+00:00,144.5,11,bid,Xuanyu Liu,WavyWalnuts,8126959
2026-07-05T09:12:39.112267,2026-07-05T09:12:39.124102+00:00,144.5,10,bid,Yashwanth Madan,WavyWalnuts,8126960
2026-07-05T09:12:39.476391,2026-07-05T09:12:39.485190+00:00,144.3,200,ask,WavyWalnuts,YieldingYams,8126969
2026-07-05T09:12:39.557060,2026-07-05T09:12:39.568929+00:00,144.0,20,ask,YieldingYams,BrilliantBurritos,8126972
2026-07-05T09:12:41.447135,2026-07-05T09:12:41.463863+00:00,144.2,200,bid,WavyWalnuts,YieldingYams,8126996
2026-07-05T09:12:46.007811,2026-07-05T09:12:46.018726+00:00,144.3,20,ask,WavyWalnuts,BrilliantBurritos,8127067
2026-07-05T09:12:46.286182,2026-07-05T09:12:46.296422+00:00,144.4,200,bid,WavyWalnuts,YieldingYams,8127068
2026-07-05T09:12:47.797805,2026-07-05T09:12:47.805288+00:00,144.3,200,ask,WavyWalnuts,AverageAlmonds,8127080
2026-07-05T09:12:48.703102,2026-07-05T09:12:48.711463+00:00,144.3,200,bid,WavyWalnuts,AverageAlmonds,8127094
2026-07-05T09:12:50.211803,2026-07-05T09:12:50.219868+00:00,144.2,200,ask,WavyWalnuts,AverageAlmonds,8127120
2026-07-05T09:12:53.307864,2026-07-05T09:12:53.312352+00:00,144.3,12,bid,Xuanyu Liu,WavyWalnuts,8127167
2026-07-05T09:12:53.549761,2026-07-05T09:12:53.555949+00:00,144.1,200,ask,YieldingYams,WavyWalnuts,8127171
2026-07-05T09:12:54.644541,2026-07-05T09:12:54.656628+00:00,144.3,20,bid,BrilliantBurritos,YieldingYams,8127181
2026-07-05T09:12:55.972426,2026-07-05T09:12:55.980199+00:00,144.2,200,ask,YieldingYams,WavyWalnuts,8127200
2026-07-05T09:12:59.209748,2026-07-05T09:12:59.217885+00:00,144.1,200,bid,YieldingYams,WavyWalnuts,8127248
2026-07-05T09:12:59.605353,2026-07-05T09:12:59.613519+00:00,144.2,200,ask,YieldingYams,WavyWalnuts,8127256
2026-07-05T09:12:59.904131,2026-07-05T09:12:59.911877+00:00,144.2,225,ask,YieldingYams,AverageAlmonds,8127266
2026-07-05T09:12:59.941276,2026-07-05T09:12:59.953181+00:00,144.2,20,bid,BrilliantBurritos,AverageAlmonds,8127269
2026-07-05T09:13:00.529087,2026-07-05T09:13:00.540228+00:00,143.9,200,ask,WavyWalnuts,YieldingYams,8127281
2026-07-05T09:13:05.962439,2026-07-05T09:13:05.970467+00:00,144.0,20,bid,BrilliantBurritos,AverageAlmonds,8127349
2026-07-05T09:13:07.760942,2026-07-05T09:13:07.795287+00:00,143.9,200,ask,WavyWalnuts,AverageAlmonds,8127375
2026-07-05T09:13:07.791033,2026-07-05T09:13:07.795287+00:00,143.9,11,bid,Xuanyu Liu,AverageAlmonds,8127379
2026-07-05T09:13:11.039423,2026-07-05T09:13:11.041749+00:00,144.0,500,bid,YieldingYams,AverageAlmonds,8127428
2026-07-05T09:13:11.039423,2026-07-05T09:13:11.048089+00:00,144.1,125,bid,YieldingYams,WavyWalnuts,8127429
2026-07-05T09:13:11.747312,2026-07-05T09:13:11.763660+00:00,144.0,200,bid,WavyWalnuts,AverageAlmonds,8127441
2026-07-05T09:13:12.958965,2026-07-05T09:13:12.970769+00:00,143.9,200,bid,WavyWalnuts,YieldingYams,8127463
2026-07-05T09:13:14.178972,2026-07-05T09:13:14.186751+00:00,143.9,200,bid,WavyWalnuts,YieldingYams,8127489
2026-07-05T09:13:15.521437,2026-07-05T09:13:15.525833+00:00,143.9,17,bid,Xuanyu Liu,AverageAlmonds,8127506
2026-07-05T09:13:15.622907,2026-07-05T09:13:15.639058+00:00,143.8,500,ask,YieldingYams,AverageAlmonds,8127507
2026-07-05T09:13:16.214581,2026-07-05T09:13:16.221407+00:00,143.8,125,ask,YieldingYams,AverageAlmonds,8127511
2026-07-05T09:13:16.214581,2026-07-05T09:13:16.226690+00:00,143.8,200,ask,WavyWalnuts,AverageAlmonds,8127512
2026-07-05T09:13:16.601270,2026-07-05T09:13:16.611953+00:00,143.7,200,bid,WavyWalnuts,YieldingYams,8127517
2026-07-05T09:13:21.185498,2026-07-05T09:13:21.197144+00:00,143.6,20,bid,BrilliantBurritos,AverageAlmonds,8127583
2026-07-05T09:13:21.526845,2026-07-05T09:13:21.538033+00:00,143.6,480,bid,YieldingYams,AverageAlmonds,8127586
2026-07-05T09:13:21.526845,2026-07-05T09:13:21.538033+00:00,143.6,145,bid,YieldingYams,WavyWalnuts,8127587
2026-07-05T09:13:23.799433,2026-07-05T09:13:23.804312+00:00,143.4,11,ask,WavyWalnuts,Xuanyu Liu,8127616
2026-07-05T09:13:26.782433,2026-07-05T09:13:26.786473+00:00,143.5,3,ask,YieldingYams,Xuanyu Liu,8127654
2026-07-05T09:13:28.728159,2026-07-05T09:13:28.734947+00:00,143.5,200,bid,WavyWalnuts,AverageAlmonds,8127692
2026-07-05T09:13:29.389591,2026-07-05T09:13:29.400483+00:00,143.5,500,bid,YieldingYams,AverageAlmonds,8127701
2026-07-05T09:13:29.528936,2026-07-05T09:13:29.538563+00:00,143.6,125,ask,YieldingYams,AverageAlmonds,8127702
2026-07-05T09:13:29.940311,2026-07-05T09:13:29.951154+00:00,143.4,200,bid,WavyWalnuts,AverageAlmonds,8127716
2026-07-05T09:13:30.030519,2026-07-05T09:13:30.042588+00:00,143.4,10,bid,Yashwanth Madan,AverageAlmonds,8127717
2026-07-05T09:13:30.698627,2026-07-05T09:13:30.702777+00:00,143.4,500,bid,YieldingYams,AverageAlmonds,8127725
2026-07-05T09:13:30.757755,2026-07-05T09:13:30.769011+00:00,143.5,125,ask,YieldingYams,AverageAlmonds,8127726
2026-07-05T09:13:32.370226,2026-07-05T09:13:32.379253+00:00,143.4,200,bid,WavyWalnuts,AverageAlmonds,8127758
2026-07-05T09:13:34.773097,2026-07-05T09:13:34.780077+00:00,143.4,10,ask,YieldingYams,Yashwanth Madan,8127795
2026-07-05T09:13:34.799583,2026-07-05T09:13:34.809949+00:00,143.4,200,ask,YieldingYams,WavyWalnuts,8127796
2026-07-05T09:13:35.487882,2026-07-05T09:13:35.500128+00:00,143.4,20,ask,YieldingYams,BrilliantBurritos,8127816
2026-07-05T09:13:36.007477,2026-07-05T09:13:36.015576+00:00,143.3,200,bid,WavyWalnuts,YieldingYams,8127822
2026-07-05T09:13:37.700547,2026-07-05T09:13:37.705446+00:00,143.2,3,ask,WavyWalnuts,Xuanyu Liu,8127847
2026-07-05T09:13:38.432833,2026-07-05T09:13:38.441553+00:00,143.3,200,bid,WavyWalnuts,YieldingYams,8127856
2026-07-05T09:13:39.738244,2026-07-05T09:13:39.750409+00:00,143.2,20,ask,YieldingYams,BrilliantBurritos,8127881
2026-07-05T09:13:39.883059,2026-07-05T09:13:39.887984+00:00,143.3,3,ask,YieldingYams,Xuanyu Liu,8127884
2026-07-05T09:13:40.870939,2026-07-05T09:13:40.875499+00:00,143.5,3,bid,Xuanyu Liu,YieldingYams,8127903
2026-07-05T09:13:41.136127,2026-07-05T09:13:41.147923+00:00,143.5,20,bid,BrilliantBurritos,YieldingYams,8127904
2026-07-05T09:13:41.180905,2026-07-05T09:13:41.201150+00:00,143.3,200,ask,WavyWalnuts,YieldingYams,8127905
2026-07-05T09:13:41.197029,2026-07-05T09:13:41.201150+00:00,143.3,3,bid,Xuanyu Liu,YieldingYams,8127907
2026-07-05T09:13:41.605149,2026-07-05T09:13:41.617043+00:00,143.3,10,bid,Yashwanth Madan,YieldingYams,8127915
2026-07-05T09:13:41.632961,2026-07-05T09:13:41.643398+00:00,143.3,412,bid,AverageAlmonds,YieldingYams,8127916
2026-07-05T09:13:42.256298,2026-07-05T09:13:42.258559+00:00,143.4,200,bid,AverageAlmonds,WavyWalnuts,8127923
2026-07-05T09:13:43.804146,2026-07-05T09:13:43.813502+00:00,143.5,200,bid,YieldingYams,WavyWalnuts,8127939
2026-07-05T09:13:44.156687,2026-07-05T09:13:44.155657+00:00,143.5,10,ask,YieldingYams,Yashwanth Madan,8127943
2026-07-05T09:13:46.440346,2026-07-05T09:13:46.451691+00:00,143.5,200,ask,WavyWalnuts,YieldingYams,8127978
2026-07-05T09:13:48.122609,2026-07-05T09:13:48.130778+00:00,143.5,200,ask,YieldingYams,WavyWalnuts,8127998
2026-07-05T09:13:48.151215,2026-07-05T09:13:48.158608+00:00,143.5,20,ask,YieldingYams,BrilliantBurritos,8128001
2026-07-05T09:13:50.544399,2026-07-05T09:13:50.558613+00:00,143.3,200,ask,AverageAlmonds,WavyWalnuts,8128029
2026-07-05T09:13:51.753779,2026-07-05T09:13:51.765987+00:00,143.4,200,ask,YieldingYams,WavyWalnuts,8128040
2026-07-05T09:13:52.650871,2026-07-05T09:13:52.658623+00:00,143.4,20,ask,YieldingYams,BrilliantBurritos,8128058
2026-07-05T09:13:52.965197,2026-07-05T09:13:52.971290+00:00,143.4,200,ask,YieldingYams,WavyWalnuts,8128060
2026-07-05T09:13:54.178566,2026-07-05T09:13:54.186753+00:00,143.3,200,ask,YieldingYams,WavyWalnuts,8128082
2026-07-05T09:13:55.390953,2026-07-05T09:13:55.400183+00:00,143.4,200,ask,YieldingYams,WavyWalnuts,8128098
2026-07-05T09:13:56.601824,2026-07-05T09:13:56.609674+00:00,143.3,200,ask,YieldingYams,WavyWalnuts,8128119
2026-07-05T09:13:56.941704,2026-07-05T09:13:56.946107+00:00,143.4,3,bid,Xuanyu Liu,YieldingYams,8128130
2026-07-05T09:13:57.838055,2026-07-05T09:13:57.842989+00:00,143.2,3,bid,Xuanyu Liu,WavyWalnuts,8128146
2026-07-05T09:13:58.590873,2026-07-05T09:13:58.600485+00:00,143.2,10,bid,Yashwanth Madan,WavyWalnuts,8128162
2026-07-05T09:13:59.029314,2026-07-05T09:13:59.039184+00:00,143.1,200,ask,AverageAlmonds,WavyWalnuts,8128172
2026-07-05T09:14:00.865715,2026-07-05T09:14:00.870667+00:00,143.2,3,ask,YieldingYams,Xuanyu Liu,8128204
2026-07-05T09:14:01.456652,2026-07-05T09:14:01.458574+00:00,143.2,200,ask,YieldingYams,WavyWalnuts,8128219
2026-07-05T09:14:02.984240,2026-07-05T09:14:02.996269+00:00,143.2,20,bid,BrilliantBurritos,WavyWalnuts,8128244
2026-07-05T09:14:03.890308,2026-07-05T09:14:03.894460+00:00,143.2,3,ask,WavyWalnuts,Xuanyu Liu,8128257
2026-07-05T09:14:04.253358,2026-07-05T09:14:04.265735+00:00,143.2,10,ask,WavyWalnuts,Yashwanth Madan,8128263
2026-07-05T09:14:04.790952,2026-07-05T09:14:04.799950+00:00,143.2,10,ask,WavyWalnuts,Yashwanth Madan,8128274
2026-07-05T09:14:05.092930,2026-07-05T09:14:05.104420+00:00,143.3,200,bid,WavyWalnuts,YieldingYams,8128281
2026-07-05T09:14:06.307727,2026-07-05T09:14:06.315350+00:00,143.4,200,bid,WavyWalnuts,YieldingYams,8128302
2026-07-05T09:14:10.018723,2026-07-05T09:14:10.027846+00:00,143.4,20,bid,BrilliantBurritos,YieldingYams,8128352
2026-07-05T09:14:13.590557,2026-07-05T09:14:13.601740+00:00,143.3,200,bid,WavyWalnuts,YieldingYams,8128403
2026-07-05T09:14:14.911629,2026-07-05T09:14:14.922054+00:00,143.2,500,bid,AverageAlmonds,YieldingYams,8128422
2026-07-05T09:14:15.540881,2026-07-05T09:14:15.545119+00:00,143.2,3,ask,AverageAlmonds,Xuanyu Liu,8128429
2026-07-05T09:14:17.257665,2026-07-05T09:14:17.269464+00:00,143.1,10,ask,WavyWalnuts,Yashwanth Madan,8128463
2026-07-05T09:14:18.679707,2026-07-05T09:14:18.691925+00:00,143.2,20,ask,YieldingYams,BrilliantBurritos,8128483
2026-07-05T09:14:18.905293,2026-07-05T09:14:18.909906+00:00,143.2,11,ask,YieldingYams,Xuanyu Liu,8128488
2026-07-05T09:14:19.237256,2026-07-05T09:14:19.245425+00:00,143.3,200,bid,YieldingYams,WavyWalnuts,8128493
2026-07-05T09:14:19.256662,2026-07-05T09:14:19.260687+00:00,143.4,23,ask,YieldingYams,Xuanyu Liu,8128496
2026-07-05T09:14:19.535490,2026-07-05T09:14:19.547356+00:00,143.4,10,ask,YieldingYams,Yashwanth Madan,8128505
2026-07-05T09:14:19.593705,2026-07-05T09:14:19.603026+00:00,143.4,20,ask,YieldingYams,Yashwanth Madan,8128508
2026-07-05T09:14:19.678409,2026-07-05T09:14:19.689793+00:00,143.4,200,ask,YieldingYams,WavyWalnuts,8128512
2026-07-05T09:14:19.966932,2026-07-05T09:14:19.978640+00:00,143.4,20,ask,YieldingYams,Yashwanth Madan,8128522
2026-07-05T09:14:20.344430,2026-07-05T09:14:20.358577+00:00,143.4,9,ask,YieldingYams,Yashwanth Madan,8128527
2026-07-05T09:14:20.885428,2026-07-05T09:14:20.894727+00:00,143.3,200,bid,WavyWalnuts,YieldingYams,8128536
2026-07-05T09:14:21.243513,2026-07-05T09:14:21.252563+00:00,143.3,20,bid,BrilliantBurritos,YieldingYams,8128540
2026-07-05T09:14:22.033009,2026-07-05T09:14:22.038450+00:00,143.4,11,bid,Xuanyu Liu,YieldingYams,8128558
2026-07-05T09:14:22.145715,2026-07-05T09:14:22.152413+00:00,143.4,10,bid,Yashwanth Madan,YieldingYams,8128561
2026-07-05T09:14:23.764356,2026-07-05T09:14:23.776445+00:00,143.4,20,bid,BrilliantBurritos,YieldingYams,8128581
2026-07-05T09:14:24.540440,2026-07-05T09:14:24.544909+00:00,143.3,12,bid,Xuanyu Liu,WavyWalnuts,8128602
2026-07-05T09:14:24.661639,2026-07-05T09:14:24.673834+00:00,143.3,20,bid,Yashwanth Madan,WavyWalnuts,8128604
2026-07-05T09:14:24.919007,2026-07-05T09:14:24.926349+00:00,143.3,20,bid,Yashwanth Madan,WavyWalnuts,8128608
2026-07-05T09:14:25.835809,2026-07-05T09:14:25.866326+00:00,143.4,200,bid,YieldingYams,WavyWalnuts,8128617
2026-07-05T09:14:25.861346,2026-07-05T09:14:25.866326+00:00,143.4,12,ask,YieldingYams,Xuanyu Liu,8128619
2026-07-05T09:14:26.092770,2026-07-05T09:14:26.104690+00:00,143.4,20,ask,YieldingYams,Yashwanth Madan,8128624
2026-07-05T09:14:26.469965,2026-07-05T09:14:26.481910+00:00,143.4,18,ask,YieldingYams,Yashwanth Madan,8128629
2026-07-05T09:14:26.847755,2026-07-05T09:14:26.858578+00:00,143.4,6,ask,YieldingYams,Yashwanth Madan,8128635
2026-07-05T09:14:28.940217,2026-07-05T09:14:28.952582+00:00,143.5,20,bid,BrilliantBurritos,WavyWalnuts,8128660
2026-07-05T09:14:30.392835,2026-07-05T09:14:30.405076+00:00,143.3,2,ask,YieldingYams,Yashwanth Madan,8128680
2026-07-05T09:14:30.606141,2026-07-05T09:14:30.610218+00:00,143.4,11,ask,WavyWalnuts,Xuanyu Liu,8128685
2026-07-05T09:14:30.678948,2026-07-05T09:14:30.687723+00:00,143.4,4,ask,WavyWalnuts,Yashwanth Madan,8128688
2026-07-05T09:14:35.022629,2026-07-05T09:14:35.034462+00:00,143.3,200,ask,WavyWalnuts,YieldingYams,8128750
2026-07-05T09:14:35.441240,2026-07-05T09:14:35.448338+00:00,143.3,200,bid,WavyWalnuts,YieldingYams,8128756
2026-07-05T09:14:36.497177,2026-07-05T09:14:36.509039+00:00,143.4,20,ask,YieldingYams,BrilliantBurritos,8128770
2026-07-05T09:14:36.652264,2026-07-05T09:14:36.658592+00:00,143.4,200,ask,YieldingYams,WavyWalnuts,8128773
2026-07-05T09:14:36.715215,2026-07-05T09:14:36.724374+00:00,143.4,405,ask,YieldingYams,AverageAlmonds,8128774
2026-07-05T09:14:37.655202,2026-07-05T09:14:37.659316+00:00,143.3,11,bid,Xuanyu Liu,YieldingYams,8128786
2026-07-05T09:14:37.858400,2026-07-05T09:14:37.865337+00:00,143.3,200,bid,WavyWalnuts,YieldingYams,8128790
2026-07-05T09:14:38.980604,2026-07-05T09:14:38.985144+00:00,143.2,12,bid,Xuanyu Liu,YieldingYams,8128814
2026-07-05T09:14:39.066313,2026-07-05T09:14:39.074568+00:00,143.2,200,bid,WavyWalnuts,YieldingYams,8128817
2026-07-05T09:14:39.192900,2026-07-05T09:14:39.202023+00:00,143.2,13,bid,Yashwanth Madan,YieldingYams,8128820
2026-07-05T09:14:40.276623,2026-07-05T09:14:40.279783+00:00,143.3,200,bid,WavyWalnuts,YieldingYams,8128832
2026-07-05T09:14:41.485057,2026-07-05T09:14:41.494640+00:00,143.3,200,bid,WavyWalnuts,YieldingYams,8128847
2026-07-05T09:14:41.595614,2026-07-05T09:14:41.600036+00:00,143.2,12,ask,YieldingYams,Xuanyu Liu,8128849
2026-07-05T09:14:46.825159,2026-07-05T09:14:46.833295+00:00,143.2,200,ask,WavyWalnuts,YieldingYams,8128926
2026-07-05T09:14:47.492376,2026-07-05T09:14:47.504881+00:00,143.0,20,ask,YieldingYams,BrilliantBurritos,8128941
2026-07-05T09:14:48.763019,2026-07-05T09:14:48.771514+00:00,143.2,200,bid,WavyWalnuts,AverageAlmonds,8128962
2026-07-05T09:14:48.954351,2026-07-05T09:14:48.966387+00:00,143.2,20,bid,BrilliantBurritos,AverageAlmonds,8128965
2026-07-05T09:14:49.971260,2026-07-05T09:14:49.980711+00:00,143.2,200,bid,WavyWalnuts,AverageAlmonds,8128977
2026-07-05T09:14:50.643709,2026-07-05T09:14:50.658612+00:00,143.1,500,ask,YieldingYams,AverageAlmonds,8128988
2026-07-05T09:14:51.183212,2026-07-05T09:14:51.192325+00:00,143.1,200,bid,WavyWalnuts,YieldingYams,8128995
2026-07-05T09:14:52.415221,2026-07-05T09:14:52.424238+00:00,143.1,200,bid,WavyWalnuts,AverageAlmonds,8129017
2026-07-05T09:14:53.076734,2026-07-05T09:14:53.080803+00:00,143.0,12,bid,Xuanyu Liu,AverageAlmonds,8129032
2026-07-05T09:14:53.631132,2026-07-05T09:14:53.642465+00:00,143.0,200,bid,WavyWalnuts,AverageAlmonds,8129038
2026-07-05T09:14:54.901396,2026-07-05T09:14:54.908935+00:00,143.0,200,bid,WavyWalnuts,YieldingYams,8129056
2026-07-05T09:14:56.110156,2026-07-05T09:14:56.119353+00:00,143.0,200,bid,WavyWalnuts,AverageAlmonds,8129077
2026-07-05T09:14:57.330552,2026-07-05T09:14:57.342046+00:00,143.0,500,bid,YieldingYams,AverageAlmonds,8129098
2026-07-05T09:14:57.890501,2026-07-05T09:14:57.901985+00:00,143.0,125,ask,YieldingYams,AverageAlmonds,8129105
2026-07-05T09:14:57.890501,2026-07-05T09:14:57.901985+00:00,142.9,200,ask,WavyWalnuts,AverageAlmonds,8129106
2026-07-05T09:14:59.712459,2026-07-05T09:14:59.722856+00:00,142.8,200,ask,WavyWalnuts,AverageAlmonds,8129128
2026-07-05T09:14:59.733210,2026-07-05T09:14:59.738011+00:00,142.8,11,bid,Xuanyu Liu,AverageAlmonds,8129131
2026-07-05T09:14:59.789069,2026-07-05T09:14:59.800976+00:00,142.8,20,bid,Yashwanth Madan,AverageAlmonds,8129134
2026-07-05T09:15:01.280868,2026-07-05T09:15:01.286330+00:00,142.6,11,ask,YieldingYams,Xuanyu Liu,8129162
2026-07-05T09:15:01.722832,2026-07-05T09:15:01.735356+00:00,142.6,20,ask,YieldingYams,BrilliantBurritos,8129167
2026-07-05T09:15:05.835550,2026-07-05T09:15:05.843597+00:00,142.7,200,bid,WavyWalnuts,YieldingYams,8129229
2026-07-05T09:15:06.073389,2026-07-05T09:15:06.085431+00:00,142.5,20,ask,YieldingYams,BrilliantBurritos,8129232
2026-07-05T09:15:07.044879,2026-07-05T09:15:07.055466+00:00,142.8,200,bid,WavyWalnuts,YieldingYams,8129248
2026-07-05T09:15:07.834766,2026-07-05T09:15:07.839149+00:00,142.8,12,ask,YieldingYams,Xuanyu Liu,8129260
2026-07-05T09:15:09.126462,2026-07-05T09:15:09.138150+00:00,142.9,200,bid,YieldingYams,WavyWalnuts,8129280
2026-07-05T09:15:09.567003,2026-07-05T09:15:09.571243+00:00,143.0,26,bid,Xuanyu Liu,AverageAlmonds,8129291
2026-07-05T09:15:09.648922,2026-07-05T09:15:09.656902+00:00,143.0,20,bid,Yashwanth Madan,AverageAlmonds,8129294
2026-07-05T09:15:12.063216,2026-07-05T09:15:12.075984+00:00,143.0,20,bid,BrilliantBurritos,YieldingYams,8129332
2026-07-05T09:15:13.081473,2026-07-05T09:15:13.085645+00:00,142.9,3,ask,YieldingYams,Xuanyu Liu,8129347
2026-07-05T09:15:17.833746,2026-07-05T09:15:17.837683+00:00,142.8,23,ask,WavyWalnuts,Xuanyu Liu,8129409
2026-07-05T09:15:19.183432,2026-07-05T09:15:19.188209+00:00,142.9,11,ask,WavyWalnuts,Xuanyu Liu,8129426
2026-07-05T09:15:19.639234,2026-07-05T09:15:19.643791+00:00,143.0,12,ask,YieldingYams,Xuanyu Liu,8129432
2026-07-05T09:15:26.176122,2026-07-05T09:15:26.182991+00:00,143.1,500,bid,YieldingYams,AverageAlmonds,8129532
2026-07-05T09:15:26.345368,2026-07-05T09:15:26.358612+00:00,143.1,125,ask,YieldingYams,AverageAlmonds,8129539
2026-07-05T09:15:26.429988,2026-07-05T09:15:26.439067+00:00,143.1,200,bid,WavyWalnuts,AverageAlmonds,8129540
2026-07-05T09:15:30.426361,2026-07-05T09:15:30.430777+00:00,143.1,12,bid,Xuanyu Liu,AverageAlmonds,8129587
2026-07-05T09:15:30.587493,2026-07-05T09:15:30.591625+00:00,143.0,11,bid,Xuanyu Liu,AverageAlmonds,8129590
2026-07-05T09:15:31.207247,2026-07-05T09:15:31.218076+00:00,142.9,500,ask,YieldingYams,AverageAlmonds,8129601
2026-07-05T09:15:32.405375,2026-07-05T09:15:32.413942+00:00,142.7,200,ask,WavyWalnuts,AverageAlmonds,8129617
2026-07-05T09:15:32.405375,2026-07-05T09:15:32.413942+00:00,142.7,300,ask,YieldingYams,AverageAlmonds,8129618
2026-07-05T09:15:32.730000,2026-07-05T09:15:32.739091+00:00,142.7,200,ask,WavyWalnuts,YieldingYams,8129626
2026-07-05T09:15:33.704317,2026-07-05T09:15:33.715997+00:00,142.7,200,bid,WavyWalnuts,YieldingYams,8129650
2026-07-05T09:15:34.078282,2026-07-05T09:15:34.091109+00:00,142.6,20,ask,YieldingYams,BrilliantBurritos,8129660
2026-07-05T09:15:34.419201,2026-07-05T09:15:34.431564+00:00,142.8,20,bid,BrilliantBurritos,YieldingYams,8129669
2026-07-05T09:15:35.353854,2026-07-05T09:15:35.363608+00:00,142.8,125,bid,YieldingYams,WavyWalnuts,8129680
2026-07-05T09:15:36.124885,2026-07-05T09:15:36.136335+00:00,142.7,200,bid,WavyWalnuts,AverageAlmonds,8129694
2026-07-05T09:15:36.666064,2026-07-05T09:15:36.674829+00:00,142.6,500,bid,YieldingYams,AverageAlmonds,8129700
2026-07-05T09:15:37.243541,2026-07-05T09:15:37.251523+00:00,142.6,125,ask,YieldingYams,AverageAlmonds,8129714
2026-07-05T09:15:38.017221,2026-07-05T09:15:38.021096+00:00,142.6,12,bid,Xuanyu Liu,AverageAlmonds,8129730
2026-07-05T09:15:38.125673,2026-07-05T09:15:38.137678+00:00,142.6,16,bid,Yashwanth Madan,AverageAlmonds,8129732
2026-07-05T09:15:39.294427,2026-07-05T09:15:39.303110+00:00,142.5,200,ask,WavyWalnuts,YieldingYams,8129753
2026-07-05T09:15:39.315459,2026-07-05T09:15:39.320291+00:00,142.5,11,bid,Xuanyu Liu,YieldingYams,8129755
2026-07-05T09:15:39.389534,2026-07-05T09:15:39.402125+00:00,142.5,10,bid,Yashwanth Madan,YieldingYams,8129756
2026-07-05T09:15:41.233489,2026-07-05T09:15:41.237718+00:00,142.4,11,ask,WavyWalnuts,Xuanyu Liu,8129787
2026-07-05T09:15:41.919188,2026-07-05T09:15:41.928269+00:00,142.4,189,ask,WavyWalnuts,YieldingYams,8129792
2026-07-05T09:15:43.378959,2026-07-05T09:15:43.390577+00:00,142.3,200,ask,YieldingYams,WavyWalnuts,8129807
2026-07-05T09:15:47.010502,2026-07-05T09:15:47.020280+00:00,142.3,200,ask,YieldingYams,WavyWalnuts,8129846
2026-07-05T09:15:47.528701,2026-07-05T09:15:47.537128+00:00,142.3,500,ask,YieldingYams,AverageAlmonds,8129851
2026-07-05T09:15:48.119581,2026-07-05T09:15:48.129282+00:00,142.3,125,ask,YieldingYams,AverageAlmonds,8129858
2026-07-05T09:15:48.217621,2026-07-05T09:15:48.229324+00:00,142.3,200,bid,WavyWalnuts,AverageAlmonds,8129863
2026-07-05T09:15:52.406356,2026-07-05T09:15:52.416350+00:00,142.0,200,ask,WavyWalnuts,YieldingYams,8129924
2026-07-05T09:15:53.057374,2026-07-05T09:15:53.066854+00:00,142.0,200,bid,WavyWalnuts,YieldingYams,8129941
2026-07-05T09:15:53.729739,2026-07-05T09:15:53.734032+00:00,142.1,12,ask,YieldingYams,Xuanyu Liu,8129948
2026-07-05T09:15:54.269212,2026-07-05T09:15:54.281197+00:00,142.1,200,ask,YieldingYams,WavyWalnuts,8129956
2026-07-05T09:15:56.697076,2026-07-05T09:15:56.703867+00:00,142.1,200,bid,WavyWalnuts,YieldingYams,8129987
2026-07-05T09:15:59.123682,2026-07-05T09:15:59.134903+00:00,142.0,10,ask,WavyWalnuts,Yashwanth Madan,8130022
2026-07-05T09:16:01.283044,2026-07-05T09:16:01.295115+00:00,142.0,10,ask,WavyWalnuts,Yashwanth Madan,8130051
2026-07-05T09:16:05.508167,2026-07-05T09:16:05.515482+00:00,141.9,200,bid,YieldingYams,WavyWalnuts,8130115
2026-07-05T09:16:06.391323,2026-07-05T09:16:06.403070+00:00,141.9,200,ask,YieldingYams,WavyWalnuts,8130130
2026-07-05T09:16:06.953531,2026-07-05T09:16:06.965571+00:00,142.0,10,bid,Yashwanth Madan,YieldingYams,8130134
2026-07-05T09:16:07.815965,2026-07-05T09:16:07.822743+00:00,141.9,10,bid,Yashwanth Madan,WavyWalnuts,8130141
2026-07-05T09:16:10.543056,2026-07-05T09:16:10.552198+00:00,141.8,10,ask,YieldingYams,Yashwanth Madan,8130182
2026-07-05T09:16:12.074757,2026-07-05T09:16:12.086502+00:00,141.9,200,ask,WavyWalnuts,YieldingYams,8130199
2026-07-05T09:16:12.435677,2026-07-05T09:16:12.444420+00:00,141.8,200,bid,WavyWalnuts,YieldingYams,8130203
2026-07-05T09:16:13.384219,2026-07-05T09:16:13.391279+00:00,142.0,200,bid,YieldingYams,WavyWalnuts,8130218
2026-07-05T09:16:13.410584,2026-07-05T09:16:13.415801+00:00,142.0,11,ask,YieldingYams,Xuanyu Liu,8130221
2026-07-05T09:16:14.660004,2026-07-05T09:16:14.672037+00:00,142.1,20,bid,BrilliantBurritos,WavyWalnuts,8130236
2026-07-05T09:16:14.862867,2026-07-05T09:16:14.872712+00:00,142.0,200,ask,YieldingYams,WavyWalnuts,8130240
2026-07-05T09:16:15.199930,2026-07-05T09:16:15.212030+00:00,142.2,20,bid,BrilliantBurritos,YieldingYams,8130244
2026-07-05T09:16:15.649771,2026-07-05T09:16:15.658561+00:00,142.0,10,ask,YieldingYams,Yashwanth Madan,8130254
2026-07-05T09:16:16.069771,2026-07-05T09:16:16.081232+00:00,142.0,200,bid,WavyWalnuts,YieldingYams,8130268
2026-07-05T09:16:17.445126,2026-07-05T09:16:17.458626+00:00,142.0,20,ask,YieldingYams,BrilliantBurritos,8130289
2026-07-05T09:16:18.495585,2026-07-05T09:16:18.502504+00:00,142.0,200,ask,YieldingYams,WavyWalnuts,8130309
2026-07-05T09:16:19.705685,2026-07-05T09:16:19.717276+00:00,142.0,200,ask,YieldingYams,WavyWalnuts,8130325
2026-07-05T09:16:21.282096,2026-07-05T09:16:21.286916+00:00,142.0,12,ask,YieldingYams,Xuanyu Liu,8130354
2026-07-05T09:16:25.493572,2026-07-05T09:16:25.502007+00:00,141.9,20,ask,WavyWalnuts,BrilliantBurritos,8130430
2026-07-05T09:16:25.561805,2026-07-05T09:16:25.566104+00:00,141.9,11,ask,WavyWalnuts,Xuanyu Liu,8130433
2026-07-05T09:16:25.600751,2026-07-05T09:16:25.608200+00:00,141.9,20,ask,WavyWalnuts,Yashwanth Madan,8130435
2026-07-05T09:16:25.757107,2026-07-05T09:16:25.768987+00:00,142.1,200,bid,WavyWalnuts,YieldingYams,8130438
2026-07-05T09:16:26.002743,2026-07-05T09:16:26.014757+00:00,141.9,20,ask,YieldingYams,Yashwanth Madan,8130445
2026-07-05T09:16:26.392005,2026-07-05T09:16:26.403997+00:00,141.9,11,ask,YieldingYams,Yashwanth Madan,8130456
2026-07-05T09:16:26.532555,2026-07-05T09:16:26.537326+00:00,142.0,11,ask,YieldingYams,Xuanyu Liu,8130459
2026-07-05T09:16:26.771586,2026-07-05T09:16:26.783491+00:00,142.0,10,ask,YieldingYams,Yashwanth Madan,8130469
2026-07-05T09:16:27.831500,2026-07-05T09:16:27.842236+00:00,142.1,200,bid,YieldingYams,WavyWalnuts,8130489
2026-07-05T09:16:27.848839,2026-07-05T09:16:27.853034+00:00,142.1,12,ask,YieldingYams,Xuanyu Liu,8130491
2026-07-05T09:16:28.727728,2026-07-05T09:16:28.732885+00:00,142.2,12,bid,Xuanyu Liu,WavyWalnuts,8130503
2026-07-05T09:16:28.763426,2026-07-05T09:16:28.772469+00:00,142.1,10,ask,YieldingYams,Yashwanth Madan,8130509
2026-07-05T09:16:28.803457,2026-07-05T09:16:28.812274+00:00,142.2,20,bid,Yashwanth Madan,WavyWalnuts,8130510
2026-07-05T09:16:28.832789,2026-07-05T09:16:28.844618+00:00,142.1,20,ask,YieldingYams,Yashwanth Madan,8130511
2026-07-05T09:16:30.690346,2026-07-05T09:16:30.702405+00:00,142.2,10,bid,Yashwanth Madan,YieldingYams,8130540
2026-07-05T09:16:35.000139,2026-07-05T09:16:35.008966+00:00,141.8,10,ask,WavyWalnuts,Yashwanth Madan,8130607
2026-07-05T09:16:35.054115,2026-07-05T09:16:35.058969+00:00,141.8,29,ask,WavyWalnuts,Xuanyu Liu,8130610
2026-07-05T09:16:35.690252,2026-07-05T09:16:35.702125+00:00,141.9,200,ask,WavyWalnuts,YieldingYams,8130611
2026-07-05T09:16:37.858907,2026-07-05T09:16:37.870749+00:00,141.9,200,ask,YieldingYams,WavyWalnuts,8130659
2026-07-05T09:16:38.032345,2026-07-05T09:16:38.039621+00:00,141.9,20,ask,YieldingYams,BrilliantBurritos,8130662
2026-07-05T09:16:39.574797,2026-07-05T09:16:39.584768+00:00,141.9,200,bid,AverageAlmonds,WavyWalnuts,8130685
2026-07-05T09:16:41.776497,2026-07-05T09:16:41.786179+00:00,141.9,20,ask,YieldingYams,BrilliantBurritos,8130708
2026-07-05T09:16:43.917586,2026-07-05T09:16:43.928187+00:00,142.1,200,bid,WavyWalnuts,YieldingYams,8130733
2026-07-05T09:16:46.346932,2026-07-05T09:16:46.357082+00:00,142.2,200,bid,WavyWalnuts,YieldingYams,8130762
2026-07-05T09:16:48.772914,2026-07-05T09:16:48.782583+00:00,142.3,200,bid,WavyWalnuts,YieldingYams,8130795
2026-07-05T09:16:51.568567,2026-07-05T09:16:51.580536+00:00,142.4,20,bid,BrilliantBurritos,YieldingYams,8130833
2026-07-05T09:16:52.411582,2026-07-05T09:16:52.423362+00:00,142.4,200,bid,WavyWalnuts,YieldingYams,8130841
2026-07-05T09:16:52.905753,2026-07-05T09:16:52.914258+00:00,142.5,500,ask,YieldingYams,AverageAlmonds,8130845
2026-07-05T09:16:53.357164,2026-07-05T09:16:53.368733+00:00,142.5,20,ask,YieldingYams,BrilliantBurritos,8130850
2026-07-05T09:16:53.491184,2026-07-05T09:16:53.499906+00:00,142.5,105,ask,YieldingYams,AverageAlmonds,8130857
2026-07-05T09:16:55.977935,2026-07-05T09:16:55.983164+00:00,142.5,17,bid,Xuanyu Liu,YieldingYams,8130894
2026-07-05T09:16:56.063956,2026-07-05T09:16:56.071956+00:00,142.5,10,bid,Yashwanth Madan,YieldingYams,8130900
2026-07-05T09:16:56.091420,2026-07-05T09:16:56.096525+00:00,142.4,12,bid,Xuanyu Liu,WavyWalnuts,8130903
2026-07-05T09:16:58.472660,2026-07-05T09:16:58.484878+00:00,142.3,20,ask,WavyWalnuts,BrilliantBurritos,8130933
2026-07-05T09:16:59.314635,2026-07-05T09:16:59.319690+00:00,142.3,11,bid,Xuanyu Liu,YieldingYams,8130942
2026-07-05T09:16:59.351865,2026-07-05T09:16:59.362925+00:00,142.3,10,bid,Yashwanth Madan,YieldingYams,8130943
2026-07-05T09:16:59.701392,2026-07-05T09:16:59.713080+00:00,142.3,200,bid,WavyWalnuts,YieldingYams,8130946
2026-07-05T09:17:03.565542,2026-07-05T09:17:03.569884+00:00,142.7,23,bid,Xuanyu Liu,YieldingYams,8131002
2026-07-05T09:17:03.652344,2026-07-05T09:17:03.664337+00:00,142.7,20,bid,Yashwanth Madan,YieldingYams,8131005
2026-07-05T09:17:03.908028,2026-07-05T09:17:03.915855+00:00,142.7,7,bid,Yashwanth Madan,YieldingYams,8131013
2026-07-05T09:17:04.551234,2026-07-05T09:17:04.560885+00:00,142.6,200,ask,YieldingYams,WavyWalnuts,8131021
2026-07-05T09:17:05.847579,2026-07-05T09:17:05.858584+00:00,142.7,200,bid,YieldingYams,WavyWalnuts,8131051
2026-07-05T09:17:08.197881,2026-07-05T09:17:08.205353+00:00,142.8,200,ask,YieldingYams,WavyWalnuts,8131087
2026-07-05T09:17:08.808774,2026-07-05T09:17:08.816832+00:00,142.9,20,bid,Yashwanth Madan,YieldingYams,8131097
2026-07-05T09:17:09.068740,2026-07-05T09:17:09.077933+00:00,142.9,14,bid,Yashwanth Madan,YieldingYams,8131105
2026-07-05T09:17:09.425350,2026-07-05T09:17:09.429700+00:00,142.8,11,bid,Xuanyu Liu,WavyWalnuts,8131120
2026-07-05T09:17:09.530467,2026-07-05T09:17:09.542220+00:00,142.8,9,bid,Yashwanth Madan,WavyWalnuts,8131124
2026-07-05T09:17:09.785579,2026-07-05T09:17:09.795761+00:00,142.8,180,bid,YieldingYams,WavyWalnuts,8131128
2026-07-05T09:17:09.865723,2026-07-05T09:17:09.874284+00:00,142.8,445,ask,YieldingYams,AverageAlmonds,8131131
2026-07-05T09:17:10.594665,2026-07-05T09:17:10.603267+00:00,142.7,1,bid,Yashwanth Madan,AverageAlmonds,8131142
2026-07-05T09:17:10.620397,2026-07-05T09:17:10.629555+00:00,142.7,200,bid,WavyWalnuts,AverageAlmonds,8131144
2026-07-05T09:17:11.835157,2026-07-05T09:17:11.851074+00:00,142.6,200,bid,WavyWalnuts,YieldingYams,8131164
2026-07-05T09:17:12.026840,2026-07-05T09:17:12.036850+00:00,142.6,20,bid,BrilliantBurritos,YieldingYams,8131167
2026-07-05T09:17:12.897450,2026-07-05T09:17:12.901882+00:00,142.5,12,bid,Xuanyu Liu,AverageAlmonds,8131177
2026-07-05T09:17:13.050598,2026-07-05T09:17:13.059150+00:00,142.5,200,bid,WavyWalnuts,AverageAlmonds,8131179
2026-07-05T09:17:13.480154,2026-07-05T09:17:13.488422+00:00,142.4,500,ask,YieldingYams,AverageAlmonds,8131187
2026-07-05T09:17:15.059760,2026-07-05T09:17:15.069948+00:00,142.5,500,bid,YieldingYams,AverageAlmonds,8131207
2026-07-05T09:17:15.305779,2026-07-05T09:17:15.314125+00:00,142.5,125,ask,YieldingYams,AverageAlmonds,8131211
2026-07-05T09:17:15.305779,2026-07-05T09:17:15.319532+00:00,142.4,200,ask,WavyWalnuts,AverageAlmonds,8131212
2026-07-05T09:17:17.899939,2026-07-05T09:17:17.910945+00:00,142.4,200,bid,WavyWalnuts,YieldingYams,8131254
2026-07-05T09:17:19.116335,2026-07-05T09:17:19.124573+00:00,142.3,200,ask,YieldingYams,WavyWalnuts,8131284
2026-07-05T09:17:20.326462,2026-07-05T09:17:20.337997+00:00,142.3,200,ask,YieldingYams,WavyWalnuts,8131306
2026-07-05T09:17:20.766081,2026-07-05T09:17:20.774414+00:00,142.3,425,ask,YieldingYams,AverageAlmonds,8131315
2026-07-05T09:17:22.746282,2026-07-05T09:17:22.756622+00:00,142.3,200,bid,WavyWalnuts,AverageAlmonds,8131341
2026-07-05T09:17:25.590136,2026-07-05T09:17:25.598121+00:00,142.4,500,ask,YieldingYams,AverageAlmonds,8131373
2026-07-05T09:17:25.666818,2026-07-05T09:17:25.671260+00:00,142.5,14,bid,Xuanyu Liu,WavyWalnuts,8131375
2026-07-05T09:17:26.208319,2026-07-05T09:17:26.219845+00:00,142.4,125,ask,YieldingYams,AverageAlmonds,8131392
2026-07-05T09:17:27.231480,2026-07-05T09:17:27.239259+00:00,142.4,20,bid,BrilliantBurritos,AverageAlmonds,8131400
2026-07-05T09:17:27.583124,2026-07-05T09:17:27.589870+00:00,142.4,200,bid,WavyWalnuts,AverageAlmonds,8131409
2026-07-05T09:17:31.041805,2026-07-05T09:17:31.051952+00:00,142.3,200,ask,WavyWalnuts,AverageAlmonds,8131460
2026-07-05T09:17:31.041805,2026-07-05T09:17:31.051952+00:00,142.3,300,ask,YieldingYams,AverageAlmonds,8131461
2026-07-05T09:17:31.659460,2026-07-05T09:17:31.674147+00:00,142.3,20,bid,BrilliantBurritos,AverageAlmonds,8131470
2026-07-05T09:17:32.107079,2026-07-05T09:17:32.115031+00:00,142.3,155,bid,YieldingYams,AverageAlmonds,8131477
2026-07-05T09:17:32.273778,2026-07-05T09:17:32.284566+00:00,142.3,470,ask,YieldingYams,AverageAlmonds,8131479
2026-07-05T09:17:33.418427,2026-07-05T09:17:33.426446+00:00,142.1,200,ask,WavyWalnuts,YieldingYams,8131499
2026-07-05T09:17:34.200902,2026-07-05T09:17:34.208856+00:00,142.1,20,bid,BrilliantBurritos,YieldingYams,8131513
2026-07-05T09:17:40.902572,2026-07-05T09:17:40.921537+00:00,142.0,200,ask,YieldingYams,WavyWalnuts,8131624
2026-07-05T09:17:42.281992,2026-07-05T09:17:42.292911+00:00,142.0,20,ask,YieldingYams,BrilliantBurritos,8131647
2026-07-05T09:17:43.342993,2026-07-05T09:17:43.358545+00:00,142.0,200,ask,YieldingYams,WavyWalnuts,8131660
2026-07-05T09:17:45.225791,2026-07-05T09:17:45.233363+00:00,142.0,200,bid,YieldingYams,WavyWalnuts,8131689
2026-07-05T09:17:46.226775,2026-07-05T09:17:46.237431+00:00,142.0,20,ask,YieldingYams,BrilliantBurritos,8131706
2026-07-05T09:17:50.604840,2026-07-05T09:17:50.611753+00:00,141.9,200,ask,AverageAlmonds,WavyWalnuts,8131773
2026-07-05T09:17:50.645557,2026-07-05T09:17:50.657457+00:00,142.0,20,bid,BrilliantBurritos,YieldingYams,8131774
2026-07-05T09:17:52.500667,2026-07-05T09:17:52.512933+00:00,141.9,20,ask,YieldingYams,BrilliantBurritos,8131817
2026-07-05T09:17:55.344437,2026-07-05T09:17:55.358565+00:00,142.2,20,bid,BrilliantBurritos,YieldingYams,8131858
2026-07-05T09:17:55.447369,2026-07-05T09:17:55.458615+00:00,142.2,200,bid,WavyWalnuts,YieldingYams,8131859
2026-07-05T09:17:55.741760,2026-07-05T09:17:55.746270+00:00,142.1,3,ask,YieldingYams,Xuanyu Liu,8131865
2026-07-05T09:17:57.031037,2026-07-05T09:17:57.040507+00:00,142.2,200,bid,YieldingYams,WavyWalnuts,8131877
2026-07-05T09:17:57.047562,2026-07-05T09:17:57.052658+00:00,142.2,11,ask,YieldingYams,Xuanyu Liu,8131879
2026-07-05T09:17:57.881028,2026-07-05T09:17:57.888101+00:00,142.2,200,ask,YieldingYams,WavyWalnuts,8131888
2026-07-05T09:17:59.025937,2026-07-05T09:17:59.038576+00:00,142.4,20,bid,BrilliantBurritos,YieldingYams,8131907
2026-07-05T09:17:59.092245,2026-07-05T09:17:59.102697+00:00,142.2,200,ask,YieldingYams,WavyWalnuts,8131908
2026-07-05T09:18:00.967033,2026-07-05T09:18:00.974258+00:00,142.1,200,ask,WavyWalnuts,YieldingYams,8131935
2026-07-05T09:18:01.706749,2026-07-05T09:18:01.714662+00:00,141.9,10,ask,YieldingYams,Yashwanth Madan,8131949
2026-07-05T09:18:03.591303,2026-07-05T09:18:03.601504+00:00,142.1,200,ask,WavyWalnuts,YieldingYams,8131977
2026-07-05T09:18:05.142395,2026-07-05T09:18:05.158606+00:00,142.1,200,bid,WavyWalnuts,YieldingYams,8132009
2026-07-05T09:18:06.859777,2026-07-05T09:18:06.863656+00:00,142.1,12,ask,WavyWalnuts,Xuanyu Liu,8132036
2026-07-05T09:18:07.074250,2026-07-05T09:18:07.086300+00:00,142.1,20,ask,WavyWalnuts,Yashwanth Madan,8132045
2026-07-05T09:18:07.333602,2026-07-05T09:18:07.344139+00:00,142.1,20,ask,WavyWalnuts,Yashwanth Madan,8132053
2026-07-05T09:18:11.451574,2026-07-05T09:18:11.463663+00:00,142.3,500,bid,YieldingYams,AverageAlmonds,8132114
2026-07-05T09:18:11.451574,2026-07-05T09:18:11.463663+00:00,142.3,125,bid,YieldingYams,WavyWalnuts,8132115
2026-07-05T09:18:12.765835,2026-07-05T09:18:12.776722+00:00,142.2,200,ask,WavyWalnuts,YieldingYams,8132128
2026-07-05T09:18:24.691025,2026-07-05T09:18:24.702922+00:00,142.0,19,ask,YieldingYams,Yashwanth Madan,8132280
2026-07-05T09:18:25.069962,2026-07-05T09:18:25.081994+00:00,142.0,5,ask,YieldingYams,Yashwanth Madan,8132289
2026-07-05T09:18:25.736106,2026-07-05T09:18:25.743382+00:00,142.0,200,ask,YieldingYams,WavyWalnuts,8132301
2026-07-05T09:18:25.947229,2026-07-05T09:18:25.951271+00:00,141.8,26,bid,Xuanyu Liu,YieldingYams,8132308
2026-07-05T09:18:26.199218,2026-07-05T09:18:26.206520+00:00,141.8,20,bid,Yashwanth Madan,YieldingYams,8132310
2026-07-05T09:18:26.460848,2026-07-05T09:18:26.468931+00:00,141.8,20,bid,Yashwanth Madan,YieldingYams,8132316
2026-07-05T09:18:26.728852,2026-07-05T09:18:26.736910+00:00,141.8,20,bid,Yashwanth Madan,YieldingYams,8132319
2026-07-05T09:18:26.984051,2026-07-05T09:18:26.996088+00:00,141.8,14,bid,Yashwanth Madan,YieldingYams,8132328
2026-07-05T09:18:29.026020,2026-07-05T09:18:29.031364+00:00,141.5,14,ask,WavyWalnuts,Xuanyu Liu,8132356
2026-07-05T09:18:29.381108,2026-07-05T09:18:29.385456+00:00,141.6,12,ask,WavyWalnuts,Xuanyu Liu,8132370
2026-07-05T09:18:29.730008,2026-07-05T09:18:29.743600+00:00,141.6,20,ask,WavyWalnuts,Yashwanth Madan,8132381
2026-07-05T09:18:29.861068,2026-07-05T09:18:29.867691+00:00,141.8,200,bid,YieldingYams,WavyWalnuts,8132384
2026-07-05T09:18:29.879758,2026-07-05T09:18:29.884140+00:00,141.8,23,ask,YieldingYams,Xuanyu Liu,8132386
2026-07-05T09:18:29.990048,2026-07-05T09:18:30.002132+00:00,141.8,20,ask,YieldingYams,Yashwanth Madan,8132390
