timestamp,recv_time,price,volume,aggressor_side,buyer,seller,trade_id
2026-07-05T22:00:03.856200,2026-07-05T22:00:03.865230+00:00,166.3,20,ask,WavyWalnuts,BrilliantBurritos,8806883
2026-07-05T22:00:04.588009,2026-07-05T22:00:04.596369+00:00,166.4,200,bid,WavyWalnuts,YieldingYams,8806895
2026-07-05T22:00:05.332027,2026-07-05T22:00:05.335791+00:00,166.4,11,ask,YieldingYams,Xuanyu Liu,8806905
2026-07-05T22:00:07.004957,2026-07-05T22:00:07.012570+00:00,166.4,200,ask,YieldingYams,WavyWalnuts,8806918
2026-07-05T22:00:09.267510,2026-07-05T22:00:09.271551+00:00,166.5,12,ask,YieldingYams,Xuanyu Liu,8806941
2026-07-05T22:00:10.656512,2026-07-05T22:00:10.658606+00:00,166.6,20,bid,BrilliantBurritos,WavyWalnuts,8806959
2026-07-05T22:00:17.734113,2026-07-05T22:00:17.745992+00:00,166.4,20,ask,WavyWalnuts,BrilliantBurritos,8807050
2026-07-05T22:00:18.292703,2026-07-05T22:00:18.304585+00:00,166.7,20,bid,BrilliantBurritos,YieldingYams,8807061
2026-07-05T22:00:18.464767,2026-07-05T22:00:18.468842+00:00,166.5,11,ask,YieldingYams,Xuanyu Liu,8807068
2026-07-05T22:00:19.081762,2026-07-05T22:00:19.089932+00:00,166.7,200,bid,WavyWalnuts,AverageAlmonds,8807080
2026-07-05T22:00:19.314886,2026-07-05T22:00:19.323078+00:00,166.7,20,bid,BrilliantBurritos,AverageAlmonds,8807081
2026-07-05T22:00:19.764598,2026-07-05T22:00:19.768376+00:00,166.6,11,ask,YieldingYams,Xuanyu Liu,8807087
2026-07-05T22:00:22.749119,2026-07-05T22:00:22.758564+00:00,166.6,20,ask,WavyWalnuts,BrilliantBurritos,8807115
2026-07-05T22:00:23.568778,2026-07-05T22:00:23.580674+00:00,166.8,20,bid,BrilliantBurritos,YieldingYams,8807125
2026-07-05T22:00:26.312202,2026-07-05T22:00:26.321128+00:00,166.7,200,ask,WavyWalnuts,YieldingYams,8807162
2026-07-05T22:00:30.252019,2026-07-05T22:00:30.258595+00:00,166.5,200,ask,WavyWalnuts,YieldingYams,8807200
2026-07-05T22:00:31.199471,2026-07-05T22:00:31.208070+00:00,166.4,200,bid,WavyWalnuts,YieldingYams,8807215
2026-07-05T22:00:31.576116,2026-07-05T22:00:31.579797+00:00,166.4,12,ask,YieldingYams,Xuanyu Liu,8807220
2026-07-05T22:00:35.402684,2026-07-05T22:00:35.414656+00:00,166.5,20,ask,YieldingYams,BrilliantBurritos,8807258
2026-07-05T22:00:35.506024,2026-07-05T22:00:35.513726+00:00,166.7,200,bid,YieldingYams,WavyWalnuts,8807263
2026-07-05T22:00:39.572028,2026-07-05T22:00:39.580349+00:00,166.7,200,ask,WavyWalnuts,AverageAlmonds,8807308
2026-07-05T22:00:39.572028,2026-07-05T22:00:39.580349+00:00,166.6,300,ask,YieldingYams,AverageAlmonds,8807309
2026-07-05T22:00:40.167565,2026-07-05T22:00:40.174815+00:00,166.6,325,ask,YieldingYams,AverageAlmonds,8807320
2026-07-05T22:00:40.167565,2026-07-05T22:00:40.179865+00:00,166.6,175,ask,WavyWalnuts,AverageAlmonds,8807321
2026-07-05T22:00:40.742146,2026-07-05T22:00:40.792254+00:00,166.6,25,ask,WavyWalnuts,YieldingYams,8807323
2026-07-05T22:00:40.788522,2026-07-05T22:00:40.792254+00:00,166.4,34,bid,Xuanyu Liu,AverageAlmonds,8807325
2026-07-05T22:00:40.799314,2026-07-05T22:00:40.802982+00:00,166.4,12,bid,Xuanyu Liu,AverageAlmonds,8807328
2026-07-05T22:00:40.882106,2026-07-05T22:00:40.888496+00:00,166.4,200,bid,WavyWalnuts,AverageAlmonds,8807330
2026-07-05T22:00:42.095322,2026-07-05T22:00:42.105329+00:00,166.3,200,bid,WavyWalnuts,AverageAlmonds,8807352
2026-07-05T22:00:42.586355,2026-07-05T22:00:42.596478+00:00,166.1,500,ask,YieldingYams,AverageAlmonds,8807361
2026-07-05T22:00:43.179180,2026-07-05T22:00:43.188475+00:00,166.1,125,ask,YieldingYams,AverageAlmonds,8807372
2026-07-05T22:00:43.307164,2026-07-05T22:00:43.314343+00:00,166.1,200,bid,WavyWalnuts,AverageAlmonds,8807374
2026-07-05T22:00:44.517455,2026-07-05T22:00:44.524113+00:00,166.0,200,bid,WavyWalnuts,AverageAlmonds,8807392
2026-07-05T22:00:45.725562,2026-07-05T22:00:45.737262+00:00,166.1,200,bid,WavyWalnuts,YieldingYams,8807404
2026-07-05T22:00:46.937312,2026-07-05T22:00:46.958690+00:00,166.2,200,bid,WavyWalnuts,AverageAlmonds,8807418
2026-07-05T22:00:47.351388,2026-07-05T22:00:47.357856+00:00,166.1,20,ask,YieldingYams,BrilliantBurritos,8807427
2026-07-05T22:00:48.146048,2026-07-05T22:00:48.164104+00:00,166.2,200,bid,WavyWalnuts,AverageAlmonds,8807433
2026-07-05T22:00:48.418849,2026-07-05T22:00:48.426147+00:00,166.1,20,ask,YieldingYams,BrilliantBurritos,8807440
2026-07-05T22:00:48.643353,2026-07-05T22:00:48.663799+00:00,166.1,500,ask,YieldingYams,AverageAlmonds,8807443
2026-07-05T22:00:49.228741,2026-07-05T22:00:49.235119+00:00,166.1,125,ask,YieldingYams,AverageAlmonds,8807451
2026-07-05T22:00:49.353512,2026-07-05T22:00:49.358619+00:00,166.1,200,bid,WavyWalnuts,AverageAlmonds,8807456
2026-07-05T22:00:50.560706,2026-07-05T22:00:50.570751+00:00,166.1,200,bid,WavyWalnuts,YieldingYams,8807470
2026-07-05T22:00:51.783343,2026-07-05T22:00:51.787407+00:00,166.1,12,ask,WavyWalnuts,Xuanyu Liu,8807486
2026-07-05T22:00:52.657630,2026-07-05T22:00:52.662217+00:00,166.2,23,bid,Xuanyu Liu,AverageAlmonds,8807498
2026-07-05T22:00:54.105825,2026-07-05T22:00:54.109494+00:00,166.1,12,bid,Xuanyu Liu,AverageAlmonds,8807517
2026-07-05T22:00:54.231409,2026-07-05T22:00:54.243095+00:00,166.0,20,ask,YieldingYams,BrilliantBurritos,8807520
2026-07-05T22:00:57.776223,2026-07-05T22:00:57.786801+00:00,166.0,200,ask,WavyWalnuts,YieldingYams,8807560
2026-07-05T22:00:59.066381,2026-07-05T22:00:59.070638+00:00,165.9,4,bid,Xuanyu Liu,WavyWalnuts,8807578
2026-07-05T22:00:59.083881,2026-07-05T22:00:59.091399+00:00,165.9,196,bid,YieldingYams,WavyWalnuts,8807579
2026-07-05T22:01:01.471478,2026-07-05T22:01:01.479245+00:00,165.7,200,ask,YieldingYams,WavyWalnuts,8807612
2026-07-05T22:01:02.410739,2026-07-05T22:01:02.418664+00:00,165.5,20,ask,WavyWalnuts,BrilliantBurritos,8807620
2026-07-05T22:01:05.097977,2026-07-05T22:01:05.105501+00:00,165.7,200,bid,WavyWalnuts,YieldingYams,8807654
2026-07-05T22:01:07.809196,2026-07-05T22:01:07.821333+00:00,165.9,20,bid,BrilliantBurritos,YieldingYams,8807691
2026-07-05T22:01:08.739801,2026-07-05T22:01:08.744285+00:00,165.8,7,bid,Xuanyu Liu,WavyWalnuts,8807700
2026-07-05T22:01:09.996900,2026-07-05T22:01:10.008797+00:00,165.7,20,ask,WavyWalnuts,BrilliantBurritos,8807712
2026-07-05T22:01:11.164663,2026-07-05T22:01:11.168348+00:00,165.7,3,bid,Xuanyu Liu,WavyWalnuts,8807729
2026-07-05T22:01:15.997495,2026-07-05T22:01:16.006620+00:00,165.5,200,ask,YieldingYams,WavyWalnuts,8807797
2026-07-05T22:01:18.413602,2026-07-05T22:01:18.420719+00:00,165.4,200,bid,WavyWalnuts,YieldingYams,8807835
2026-07-05T22:01:24.365138,2026-07-05T22:01:24.374975+00:00,165.5,20,bid,BrilliantBurritos,YieldingYams,8807900
2026-07-05T22:01:26.594796,2026-07-05T22:01:26.601651+00:00,165.5,200,bid,YieldingYams,WavyWalnuts,8807928
2026-07-05T22:01:26.873568,2026-07-05T22:01:26.880534+00:00,165.6,200,ask,YieldingYams,WavyWalnuts,8807935
2026-07-05T22:01:27.923598,2026-07-05T22:01:27.935341+00:00,165.3,20,ask,WavyWalnuts,BrilliantBurritos,8807943
2026-07-05T22:01:29.079905,2026-07-05T22:01:29.091567+00:00,165.5,20,bid,BrilliantBurritos,WavyWalnuts,8807962
2026-07-05T22:01:29.257663,2026-07-05T22:01:29.269023+00:00,165.5,180,bid,YieldingYams,WavyWalnuts,8807963
2026-07-05T22:01:31.724230,2026-07-05T22:01:31.734051+00:00,165.7,200,bid,WavyWalnuts,YieldingYams,8807995
2026-07-05T22:01:33.152838,2026-07-05T22:01:33.164636+00:00,165.6,20,ask,YieldingYams,BrilliantBurritos,8808012
2026-07-05T22:01:34.517798,2026-07-05T22:01:34.521526+00:00,165.6,3,bid,Xuanyu Liu,YieldingYams,8808027
2026-07-05T22:01:35.873634,2026-07-05T22:01:35.884936+00:00,165.5,500,ask,YieldingYams,AverageAlmonds,8808047
2026-07-05T22:01:38.428009,2026-07-05T22:01:38.434715+00:00,165.4,200,ask,WavyWalnuts,YieldingYams,8808081
2026-07-05T22:01:38.445930,2026-07-05T22:01:38.449800+00:00,165.4,11,bid,Xuanyu Liu,YieldingYams,8808084
2026-07-05T22:01:38.983033,2026-07-05T22:01:38.994857+00:00,165.4,200,bid,WavyWalnuts,YieldingYams,8808090
2026-07-05T22:01:43.302426,2026-07-05T22:01:43.306488+00:00,165.4,11,ask,WavyWalnuts,Xuanyu Liu,8808145
2026-07-05T22:01:44.925586,2026-07-05T22:01:44.937161+00:00,165.3,20,ask,YieldingYams,BrilliantBurritos,8808167
2026-07-05T22:01:46.258220,2026-07-05T22:01:46.269057+00:00,165.4,200,ask,YieldingYams,WavyWalnuts,8808178
2026-07-05T22:01:48.674765,2026-07-05T22:01:48.684911+00:00,165.2,200,ask,YieldingYams,WavyWalnuts,8808215
2026-07-05T22:01:49.628670,2026-07-05T22:01:49.633316+00:00,165.1,6,ask,YieldingYams,Xuanyu Liu,8808233
2026-07-05T22:01:54.171947,2026-07-05T22:01:54.179780+00:00,165.0,200,ask,WavyWalnuts,YieldingYams,8808286
2026-07-05T22:01:54.171947,2026-07-05T22:01:54.184810+00:00,164.9,425,ask,AverageAlmonds,YieldingYams,8808287
2026-07-05T22:01:57.074394,2026-07-05T22:01:57.082087+00:00,165.0,500,bid,AverageAlmonds,YieldingYams,8808319
2026-07-05T22:01:57.135752,2026-07-05T22:01:57.143201+00:00,165.0,125,bid,WavyWalnuts,YieldingYams,8808320
2026-07-05T22:01:57.155427,2026-07-05T22:01:57.159424+00:00,165.0,11,ask,WavyWalnuts,Xuanyu Liu,8808323
2026-07-05T22:01:59.555903,2026-07-05T22:01:59.558608+00:00,165.1,200,ask,YieldingYams,WavyWalnuts,8808354
2026-07-05T22:02:00.767076,2026-07-05T22:02:00.776077+00:00,165.0,200,ask,AverageAlmonds,WavyWalnuts,8808369
2026-07-05T22:02:01.974374,2026-07-05T22:02:01.984763+00:00,165.1,200,ask,AverageAlmonds,WavyWalnuts,8808383
2026-07-05T22:02:02.315878,2026-07-05T22:02:02.320580+00:00,165.1,12,ask,AverageAlmonds,Xuanyu Liu,8808389
2026-07-05T22:02:03.189611,2026-07-05T22:02:03.205008+00:00,165.1,200,ask,AverageAlmonds,WavyWalnuts,8808398
2026-07-05T22:02:05.273744,2026-07-05T22:02:05.285649+00:00,165.1,20,bid,BrilliantBurritos,YieldingYams,8808424
2026-07-05T22:02:05.604714,2026-07-05T22:02:05.616528+00:00,165.1,200,bid,WavyWalnuts,YieldingYams,8808428
2026-07-05T22:02:05.963982,2026-07-05T22:02:05.967754+00:00,165.1,11,ask,YieldingYams,Xuanyu Liu,8808432
2026-07-05T22:02:09.238137,2026-07-05T22:02:09.246121+00:00,165.3,200,bid,WavyWalnuts,YieldingYams,8808471
2026-07-05T22:02:11.664335,2026-07-05T22:02:11.672621+00:00,165.1,200,ask,YieldingYams,WavyWalnuts,8808504
2026-07-05T22:02:12.864528,2026-07-05T22:02:12.871336+00:00,165.0,20,ask,YieldingYams,BrilliantBurritos,8808528
2026-07-05T22:02:13.837281,2026-07-05T22:02:13.847709+00:00,165.1,200,ask,WavyWalnuts,YieldingYams,8808536
2026-07-05T22:02:17.710001,2026-07-05T22:02:17.716998+00:00,165.3,200,bid,WavyWalnuts,YieldingYams,8808581
2026-07-05T22:02:18.717698,2026-07-05T22:02:18.726012+00:00,165.0,20,ask,YieldingYams,BrilliantBurritos,8808589
2026-07-05T22:02:18.918365,2026-07-05T22:02:18.927446+00:00,165.3,200,bid,WavyWalnuts,YieldingYams,8808594
2026-07-05T22:02:20.129873,2026-07-05T22:02:20.140003+00:00,165.3,200,bid,WavyWalnuts,YieldingYams,8808609
2026-07-05T22:02:21.338620,2026-07-05T22:02:21.347118+00:00,165.4,200,ask,YieldingYams,WavyWalnuts,8808622
2026-07-05T22:02:21.709871,2026-07-05T22:02:21.713513+00:00,165.4,11,bid,Xuanyu Liu,YieldingYams,8808628
2026-07-05T22:02:24.486296,2026-07-05T22:02:24.490194+00:00,165.3,11,ask,YieldingYams,Xuanyu Liu,8808669
2026-07-05T22:02:24.965894,2026-07-05T22:02:24.974282+00:00,165.3,200,ask,YieldingYams,WavyWalnuts,8808674
2026-07-05T22:02:25.509569,2026-07-05T22:02:25.514971+00:00,165.3,414,ask,YieldingYams,AverageAlmonds,8808687
2026-07-05T22:02:25.655946,2026-07-05T22:02:25.660519+00:00,165.1,11,bid,Xuanyu Liu,YieldingYams,8808690
2026-07-05T22:02:26.057425,2026-07-05T22:02:26.069324+00:00,165.1,20,bid,BrilliantBurritos,YieldingYams,8808696
2026-07-05T22:02:26.170965,2026-07-05T22:02:26.180154+00:00,165.1,200,bid,WavyWalnuts,YieldingYams,8808700
2026-07-05T22:02:28.590222,2026-07-05T22:02:28.600229+00:00,165.1,200,bid,WavyWalnuts,YieldingYams,8808743
2026-07-05T22:02:28.812968,2026-07-05T22:02:28.825202+00:00,164.8,20,ask,YieldingYams,BrilliantBurritos,8808745
2026-07-05T22:02:29.797643,2026-07-05T22:02:29.805536+00:00,165.0,200,bid,WavyWalnuts,YieldingYams,8808759
2026-07-05T22:02:30.882560,2026-07-05T22:02:30.886266+00:00,165.0,11,ask,YieldingYams,Xuanyu Liu,8808774
2026-07-05T22:02:30.965131,2026-07-05T22:02:30.975615+00:00,165.0,500,ask,YieldingYams,AverageAlmonds,8808775
2026-07-05T22:02:31.559808,2026-07-05T22:02:31.568700+00:00,165.0,114,ask,YieldingYams,AverageAlmonds,8808784
2026-07-05T22:02:32.183431,2026-07-05T22:02:32.191729+00:00,164.9,200,ask,WavyWalnuts,YieldingYams,8808796
2026-07-05T22:02:32.209345,2026-07-05T22:02:32.217527+00:00,164.9,200,bid,WavyWalnuts,YieldingYams,8808797
2026-07-05T22:02:33.425294,2026-07-05T22:02:33.432834+00:00,164.9,200,bid,WavyWalnuts,YieldingYams,8808807
2026-07-05T22:02:33.493925,2026-07-05T22:02:33.516216+00:00,165.0,500,bid,YieldingYams,AverageAlmonds,8808810
2026-07-05T22:02:33.511883,2026-07-05T22:02:33.516216+00:00,165.1,12,ask,YieldingYams,Xuanyu Liu,8808812
2026-07-05T22:02:34.001150,2026-07-05T22:02:34.009041+00:00,165.1,113,ask,YieldingYams,AverageAlmonds,8808820
2026-07-05T22:02:34.019545,2026-07-05T22:02:34.024678+00:00,165.0,12,bid,Xuanyu Liu,AverageAlmonds,8808823
2026-07-05T22:02:40.086083,2026-07-05T22:02:40.089561+00:00,165.0,12,ask,YieldingYams,Xuanyu Liu,8808886
2026-07-05T22:02:41.262880,2026-07-05T22:02:41.274050+00:00,165.0,500,ask,YieldingYams,AverageAlmonds,8808900
2026-07-05T22:02:42.885302,2026-07-05T22:02:42.896982+00:00,165.0,20,bid,BrilliantBurritos,WavyWalnuts,8808919
2026-07-05T22:02:44.281838,2026-07-05T22:02:44.290266+00:00,165.0,500,ask,YieldingYams,AverageAlmonds,8808932
2026-07-05T22:02:44.900187,2026-07-05T22:02:44.902075+00:00,165.0,125,ask,YieldingYams,AverageAlmonds,8808938
2026-07-05T22:02:46.109977,2026-07-05T22:02:46.121424+00:00,164.8,200,ask,WavyWalnuts,AverageAlmonds,8808959
2026-07-05T22:02:46.109977,2026-07-05T22:02:46.121424+00:00,164.7,300,ask,YieldingYams,AverageAlmonds,8808960
2026-07-05T22:02:47.921197,2026-07-05T22:02:47.929192+00:00,164.6,200,ask,WavyWalnuts,AverageAlmonds,8808985
2026-07-05T22:02:48.497256,2026-07-05T22:02:48.504519+00:00,164.5,20,ask,YieldingYams,BrilliantBurritos,8808995
2026-07-05T22:02:56.072944,2026-07-05T22:02:56.076699+00:00,164.6,12,bid,Xuanyu Liu,YieldingYams,8809086
2026-07-05T22:02:56.453543,2026-07-05T22:02:56.448492+00:00,164.6,200,bid,WavyWalnuts,YieldingYams,8809091
2026-07-05T22:03:01.620075,2026-07-05T22:03:01.631754+00:00,164.6,20,bid,BrilliantBurritos,AverageAlmonds,8809168
2026-07-05T22:03:03.221487,2026-07-05T22:03:03.225904+00:00,164.6,11,bid,Xuanyu Liu,AverageAlmonds,8809182
2026-07-05T22:03:04.435842,2026-07-05T22:03:04.442578+00:00,164.6,20,bid,BrilliantBurritos,AverageAlmonds,8809194
2026-07-05T22:03:04.971678,2026-07-05T22:03:04.980118+00:00,164.6,200,bid,YieldingYams,WavyWalnuts,8809204
2026-07-05T22:03:05.478105,2026-07-05T22:03:05.484543+00:00,164.6,425,ask,YieldingYams,AverageAlmonds,8809209
2026-07-05T22:03:06.280364,2026-07-05T22:03:06.296608+00:00,164.4,200,ask,WavyWalnuts,YieldingYams,8809217
2026-07-05T22:03:06.293280,2026-07-05T22:03:06.296608+00:00,164.4,23,bid,Xuanyu Liu,YieldingYams,8809219
2026-07-05T22:03:06.748661,2026-07-05T22:03:06.758562+00:00,164.4,20,bid,BrilliantBurritos,YieldingYams,8809225
2026-07-05T22:03:07.589317,2026-07-05T22:03:07.610380+00:00,164.2,200,ask,WavyWalnuts,YieldingYams,8809235
2026-07-05T22:03:07.606442,2026-07-05T22:03:07.610380+00:00,164.2,3,bid,Xuanyu Liu,YieldingYams,8809237
2026-07-05T22:03:09.070181,2026-07-05T22:03:09.082235+00:00,164.2,20,bid,BrilliantBurritos,WavyWalnuts,8809259
2026-07-05T22:03:11.945880,2026-07-05T22:03:11.949831+00:00,164.1,14,ask,YieldingYams,Xuanyu Liu,8809295
2026-07-05T22:03:12.857184,2026-07-05T22:03:12.863588+00:00,164.2,200,bid,YieldingYams,WavyWalnuts,8809304
2026-07-05T22:03:12.871502,2026-07-05T22:03:12.875173+00:00,164.2,12,ask,YieldingYams,Xuanyu Liu,8809306
2026-07-05T22:03:13.415712,2026-07-05T22:03:13.426005+00:00,164.2,200,ask,YieldingYams,WavyWalnuts,8809316
2026-07-05T22:03:14.476520,2026-07-05T22:03:14.484191+00:00,164.4,20,bid,BrilliantBurritos,YieldingYams,8809332
2026-07-05T22:03:15.835565,2026-07-05T22:03:15.844742+00:00,164.2,200,ask,AverageAlmonds,WavyWalnuts,8809347
2026-07-05T22:03:18.139740,2026-07-05T22:03:18.151723+00:00,164.1,20,ask,WavyWalnuts,BrilliantBurritos,8809377
2026-07-05T22:03:20.001470,2026-07-05T22:03:20.011540+00:00,164.2,20,ask,AverageAlmonds,BrilliantBurritos,8809400
2026-07-05T22:03:20.719279,2026-07-05T22:03:20.726421+00:00,164.2,500,ask,AverageAlmonds,YieldingYams,8809408
2026-07-05T22:03:20.719279,2026-07-05T22:03:20.731637+00:00,164.2,125,ask,WavyWalnuts,YieldingYams,8809409
2026-07-05T22:03:21.896413,2026-07-05T22:03:21.903161+00:00,164.4,200,ask,AverageAlmonds,WavyWalnuts,8809424
2026-07-05T22:03:23.117541,2026-07-05T22:03:23.127924+00:00,164.5,200,ask,AverageAlmonds,WavyWalnuts,8809439
2026-07-05T22:03:24.326580,2026-07-05T22:03:24.334980+00:00,164.5,200,ask,AverageAlmonds,WavyWalnuts,8809459
2026-07-05T22:03:25.535913,2026-07-05T22:03:25.545025+00:00,164.5,200,ask,YieldingYams,WavyWalnuts,8809474
2026-07-05T22:03:27.954583,2026-07-05T22:03:27.958566+00:00,164.6,200,ask,YieldingYams,WavyWalnuts,8809503
2026-07-05T22:03:29.350039,2026-07-05T22:03:29.356501+00:00,164.7,20,bid,BrilliantBurritos,YieldingYams,8809516
2026-07-05T22:03:32.815056,2026-07-05T22:03:32.819379+00:00,164.7,11,ask,WavyWalnuts,Xuanyu Liu,8809551
2026-07-05T22:03:34.100144,2026-07-05T22:03:34.104288+00:00,164.8,11,bid,Xuanyu Liu,WavyWalnuts,8809580
2026-07-05T22:03:37.265728,2026-07-05T22:03:37.269807+00:00,164.6,11,ask,YieldingYams,Xuanyu Liu,8809625
2026-07-05T22:03:40.430106,2026-07-05T22:03:40.433970+00:00,164.7,11,bid,Xuanyu Liu,YieldingYams,8809661
2026-07-05T22:03:41.692093,2026-07-05T22:03:41.703993+00:00,164.7,20,bid,BrilliantBurritos,YieldingYams,8809676
2026-07-05T22:03:43.047394,2026-07-05T22:03:43.051521+00:00,164.6,12,bid,Xuanyu Liu,YieldingYams,8809688
2026-07-05T22:03:44.920413,2026-07-05T22:03:44.928013+00:00,164.6,200,bid,WavyWalnuts,YieldingYams,8809710
2026-07-05T22:03:48.570849,2026-07-05T22:03:48.575406+00:00,164.5,11,bid,Xuanyu Liu,WavyWalnuts,8809769
2026-07-05T22:03:49.579450,2026-07-05T22:03:49.587823+00:00,164.5,189,bid,YieldingYams,WavyWalnuts,8809777
2026-07-05T22:03:49.586267,2026-07-05T22:03:49.592818+00:00,164.8,20,bid,BrilliantBurritos,YieldingYams,8809778
2026-07-05T22:03:52.182434,2026-07-05T22:03:52.189469+00:00,164.7,200,bid,WavyWalnuts,YieldingYams,8809816
2026-07-05T22:03:54.596701,2026-07-05T22:03:54.606371+00:00,164.6,200,ask,YieldingYams,WavyWalnuts,8809843
2026-07-05T22:04:02.899808,2026-07-05T22:04:02.912099+00:00,164.5,20,bid,BrilliantBurritos,WavyWalnuts,8809947
2026-07-05T22:04:03.600496,2026-07-05T22:04:03.608132+00:00,164.5,200,bid,AverageAlmonds,WavyWalnuts,8809955
2026-07-05T22:04:03.622238,2026-07-05T22:04:03.626152+00:00,164.5,11,ask,AverageAlmonds,Xuanyu Liu,8809957
2026-07-05T22:04:05.713840,2026-07-05T22:04:05.717645+00:00,164.4,23,ask,AverageAlmonds,Xuanyu Liu,8809991
2026-07-05T22:04:06.692413,2026-07-05T22:04:06.703274+00:00,164.5,200,bid,WavyWalnuts,YieldingYams,8810001
2026-07-05T22:04:10.335448,2026-07-05T22:04:10.338889+00:00,164.5,12,ask,WavyWalnuts,Xuanyu Liu,8810043
2026-07-05T22:04:13.191722,2026-07-05T22:04:13.201501+00:00,164.5,200,ask,WavyWalnuts,YieldingYams,8810075
2026-07-05T22:04:13.456337,2026-07-05T22:04:13.458572+00:00,164.5,20,bid,BrilliantBurritos,YieldingYams,8810083
2026-07-05T22:04:17.591556,2026-07-05T22:04:17.595380+00:00,164.5,11,ask,WavyWalnuts,Xuanyu Liu,8810132
2026-07-05T22:04:19.732615,2026-07-05T22:04:19.741947+00:00,164.5,200,ask,WavyWalnuts,YieldingYams,8810155
2026-07-05T22:04:20.968314,2026-07-05T22:04:20.980276+00:00,164.5,20,bid,BrilliantBurritos,YieldingYams,8810168
2026-07-05T22:04:22.406548,2026-07-05T22:04:22.417019+00:00,164.4,200,ask,YieldingYams,WavyWalnuts,8810189
2026-07-05T22:04:23.038483,2026-07-05T22:04:23.058608+00:00,164.4,20,ask,YieldingYams,BrilliantBurritos,8810199
2026-07-05T22:04:24.633561,2026-07-05T22:04:24.637353+00:00,164.5,23,bid,Xuanyu Liu,WavyWalnuts,8810218
2026-07-05T22:04:24.859972,2026-07-05T22:04:24.864374+00:00,164.4,11,bid,Xuanyu Liu,WavyWalnuts,8810223
2026-07-05T22:04:32.835567,2026-07-05T22:04:32.838979+00:00,164.5,12,bid,Xuanyu Liu,YieldingYams,8810320
2026-07-05T22:04:35.438417,2026-07-05T22:04:35.448485+00:00,164.4,200,ask,WavyWalnuts,YieldingYams,8810349
2026-07-05T22:04:35.464978,2026-07-05T22:04:35.468840+00:00,164.4,11,bid,Xuanyu Liu,YieldingYams,8810351
2026-07-05T22:04:37.291984,2026-07-05T22:04:37.296045+00:00,164.5,3,bid,Xuanyu Liu,YieldingYams,8810381
2026-07-05T22:04:38.057372,2026-07-05T22:04:38.069100+00:00,164.4,200,ask,WavyWalnuts,YieldingYams,8810390
2026-07-05T22:04:38.173004,2026-07-05T22:04:38.181565+00:00,164.4,200,bid,WavyWalnuts,YieldingYams,8810393
2026-07-05T22:04:45.449821,2026-07-05T22:04:45.464195+00:00,164.3,200,ask,YieldingYams,WavyWalnuts,8810473
2026-07-05T22:04:48.546572,2026-07-05T22:04:48.555335+00:00,164.6,500,bid,YieldingYams,AverageAlmonds,8810504
2026-07-05T22:04:49.000021,2026-07-05T22:04:49.007924+00:00,164.6,125,ask,YieldingYams,AverageAlmonds,8810508
2026-07-05T22:04:51.768399,2026-07-05T22:04:51.780276+00:00,164.2,20,ask,WavyWalnuts,BrilliantBurritos,8810541
2026-07-05T22:04:52.479513,2026-07-05T22:04:52.489782+00:00,164.2,180,ask,WavyWalnuts,YieldingYams,8810549
2026-07-05T22:04:52.714551,2026-07-05T22:04:52.724607+00:00,164.2,200,bid,WavyWalnuts,YieldingYams,8810550
2026-07-05T22:04:56.272402,2026-07-05T22:04:56.279985+00:00,164.3,500,ask,YieldingYams,AverageAlmonds,8810591
2026-07-05T22:04:56.355276,2026-07-05T22:04:56.358550+00:00,164.3,125,ask,YieldingYams,WavyWalnuts,8810595
2026-07-05T22:04:59.036891,2026-07-05T22:04:59.043761+00:00,164.0,200,ask,WavyWalnuts,YieldingYams,8810624
2026-07-05T22:04:59.513951,2026-07-05T22:04:59.517941+00:00,163.8,3,ask,YieldingYams,Xuanyu Liu,8810631
2026-07-05T22:05:02.964527,2026-07-05T22:05:02.972008+00:00,163.9,200,bid,YieldingYams,WavyWalnuts,8810676
2026-07-05T22:05:04.305033,2026-07-05T22:05:04.315826+00:00,164.0,20,bid,BrilliantBurritos,YieldingYams,8810690
2026-07-05T22:05:06.024257,2026-07-05T22:05:06.031519+00:00,164.1,200,bid,WavyWalnuts,YieldingYams,8810714
2026-07-05T22:05:11.989645,2026-07-05T22:05:12.001855+00:00,164.1,20,bid,BrilliantBurritos,WavyWalnuts,8810777
2026-07-05T22:05:13.740026,2026-07-05T22:05:13.747728+00:00,164.1,20,bid,BrilliantBurritos,YieldingYams,8810793
2026-07-05T22:05:15.871233,2026-07-05T22:05:15.883073+00:00,164.1,20,bid,BrilliantBurritos,YieldingYams,8810816
2026-07-05T22:05:16.915834,2026-07-05T22:05:16.922504+00:00,164.1,200,bid,WavyWalnuts,YieldingYams,8810828
2026-07-05T22:05:19.333009,2026-07-05T22:05:19.341967+00:00,164.1,200,bid,WavyWalnuts,YieldingYams,8810855
2026-07-05T22:05:20.540554,2026-07-05T22:05:20.550253+00:00,164.3,200,bid,WavyWalnuts,YieldingYams,8810867
2026-07-05T22:05:24.171161,2026-07-05T22:05:24.179245+00:00,164.3,200,bid,WavyWalnuts,YieldingYams,8810920
2026-07-05T22:05:25.330748,2026-07-05T22:05:25.338943+00:00,164.2,500,ask,YieldingYams,AverageAlmonds,8810938
2026-07-05T22:05:25.923623,2026-07-05T22:05:25.931692+00:00,164.2,125,ask,YieldingYams,AverageAlmonds,8810945
2026-07-05T22:05:27.796145,2026-07-05T22:05:27.803537+00:00,164.3,200,bid,WavyWalnuts,YieldingYams,8810964
2026-07-05T22:05:29.004978,2026-07-05T22:05:29.016102+00:00,164.3,200,bid,WavyWalnuts,YieldingYams,8810983
2026-07-05T22:05:30.489180,2026-07-05T22:05:30.498630+00:00,164.2,200,ask,WavyWalnuts,YieldingYams,8811003
2026-07-05T22:05:42.506706,2026-07-05T22:05:42.518257+00:00,164.3,20,ask,YieldingYams,BrilliantBurritos,8811169
2026-07-05T22:05:42.888530,2026-07-05T22:05:42.896109+00:00,164.3,500,ask,YieldingYams,AverageAlmonds,8811171
2026-07-05T22:05:43.480958,2026-07-05T22:05:43.488759+00:00,164.3,105,ask,YieldingYams,AverageAlmonds,8811179
2026-07-05T22:05:48.603818,2026-07-05T22:05:48.615639+00:00,164.0,20,ask,WavyWalnuts,BrilliantBurritos,8811232
2026-07-05T22:05:49.564790,2026-07-05T22:05:49.568506+00:00,164.1,3,bid,Xuanyu Liu,AverageAlmonds,8811248
2026-07-05T22:05:49.591263,2026-07-05T22:05:49.599907+00:00,164.1,200,bid,WavyWalnuts,AverageAlmonds,8811250
2026-07-05T22:05:50.187778,2026-07-05T22:05:50.191778+00:00,163.9,14,bid,Xuanyu Liu,YieldingYams,8811257
2026-07-05T22:05:50.799839,2026-07-05T22:05:50.806574+00:00,163.9,200,bid,WavyWalnuts,YieldingYams,8811265
2026-07-05T22:05:52.007794,2026-07-05T22:05:52.015031+00:00,164.0,200,bid,WavyWalnuts,AverageAlmonds,8811283
2026-07-05T22:05:53.216289,2026-07-05T22:05:53.232335+00:00,164.0,200,bid,WavyWalnuts,AverageAlmonds,8811302
2026-07-05T22:05:53.270710,2026-07-05T22:05:53.274963+00:00,163.8,11,ask,YieldingYams,Xuanyu Liu,8811306
2026-07-05T22:05:54.427146,2026-07-05T22:05:54.438222+00:00,164.0,200,bid,WavyWalnuts,YieldingYams,8811319
2026-07-05T22:05:59.567560,2026-07-05T22:05:59.579436+00:00,163.8,20,ask,YieldingYams,BrilliantBurritos,8811377
2026-07-05T22:06:01.937242,2026-07-05T22:06:01.949015+00:00,163.7,20,ask,YieldingYams,BrilliantBurritos,8811399
2026-07-05T22:06:04.957586,2026-07-05T22:06:04.969488+00:00,163.9,20,bid,BrilliantBurritos,WavyWalnuts,8811440
2026-07-05T22:06:07.138550,2026-07-05T22:06:07.148051+00:00,163.6,20,bid,BrilliantBurritos,WavyWalnuts,8811463
2026-07-05T22:06:08.967961,2026-07-05T22:06:08.974327+00:00,163.5,20,bid,BrilliantBurritos,WavyWalnuts,8811480
2026-07-05T22:06:09.087618,2026-07-05T22:06:09.091612+00:00,163.4,3,ask,YieldingYams,Xuanyu Liu,8811483
2026-07-05T22:06:10.192327,2026-07-05T22:06:10.203919+00:00,163.5,200,ask,YieldingYams,WavyWalnuts,8811498
2026-07-05T22:06:14.803461,2026-07-05T22:06:14.815220+00:00,163.6,20,bid,BrilliantBurritos,WavyWalnuts,8811552
2026-07-05T22:06:15.094291,2026-07-05T22:06:15.103676+00:00,163.5,200,bid,YieldingYams,WavyWalnuts,8811556
2026-07-05T22:06:17.441950,2026-07-05T22:06:17.450377+00:00,163.6,200,ask,YieldingYams,WavyWalnuts,8811589
2026-07-05T22:06:20.543632,2026-07-05T22:06:20.555997+00:00,163.5,20,ask,WavyWalnuts,BrilliantBurritos,8811620
2026-07-05T22:06:30.359679,2026-07-05T22:06:30.371642+00:00,163.5,20,ask,YieldingYams,BrilliantBurritos,8811740
2026-07-05T22:06:33.757574,2026-07-05T22:06:33.769406+00:00,163.7,200,ask,WavyWalnuts,AverageAlmonds,8811781
2026-07-05T22:06:34.645366,2026-07-05T22:06:34.658613+00:00,163.6,20,ask,YieldingYams,BrilliantBurritos,8811792
2026-07-05T22:06:34.995809,2026-07-05T22:06:35.004263+00:00,163.6,500,ask,YieldingYams,AverageAlmonds,8811799
2026-07-05T22:06:35.589438,2026-07-05T22:06:35.600409+00:00,163.6,125,ask,YieldingYams,AverageAlmonds,8811805
2026-07-05T22:06:35.589438,2026-07-05T22:06:35.600409+00:00,163.5,200,ask,WavyWalnuts,AverageAlmonds,8811806
2026-07-05T22:06:37.402784,2026-07-05T22:06:37.424212+00:00,163.4,200,ask,WavyWalnuts,AverageAlmonds,8811827
2026-07-05T22:06:37.420268,2026-07-05T22:06:37.424212+00:00,163.4,3,bid,Xuanyu Liu,AverageAlmonds,8811829
2026-07-05T22:06:38.610021,2026-07-05T22:06:38.619017+00:00,163.3,500,ask,YieldingYams,AverageAlmonds,8811847
2026-07-05T22:06:44.113006,2026-07-05T22:06:44.122420+00:00,163.2,200,ask,YieldingYams,WavyWalnuts,8811908
2026-07-05T22:06:47.744255,2026-07-05T22:06:47.758630+00:00,163.1,200,ask,YieldingYams,WavyWalnuts,8811947
2026-07-05T22:06:50.101131,2026-07-05T22:06:50.111736+00:00,163.0,200,bid,AverageAlmonds,WavyWalnuts,8811971
2026-07-05T22:06:51.310878,2026-07-05T22:06:51.317531+00:00,163.1,200,bid,AverageAlmonds,WavyWalnuts,8811995
2026-07-05T22:06:51.331724,2026-07-05T22:06:51.335762+00:00,163.1,3,ask,AverageAlmonds,Xuanyu Liu,8811997
2026-07-05T22:06:52.577640,2026-07-05T22:06:52.584825+00:00,163.1,200,ask,YieldingYams,WavyWalnuts,8812024
2026-07-05T22:06:54.224508,2026-07-05T22:06:54.236410+00:00,163.0,20,ask,AverageAlmonds,BrilliantBurritos,8812044
2026-07-05T22:06:54.391613,2026-07-05T22:06:54.395242+00:00,163.1,3,bid,Xuanyu Liu,YieldingYams,8812048
2026-07-05T22:06:56.994136,2026-07-05T22:06:57.002064+00:00,163.0,200,ask,WavyWalnuts,YieldingYams,8812083
2026-07-05T22:06:57.418938,2026-07-05T22:06:57.427778+00:00,163.0,200,bid,WavyWalnuts,YieldingYams,8812092
2026-07-05T22:06:59.848015,2026-07-05T22:06:59.858637+00:00,163.1,200,bid,WavyWalnuts,YieldingYams,8812122
2026-07-05T22:07:00.028009,2026-07-05T22:07:00.039803+00:00,163.0,20,ask,AverageAlmonds,BrilliantBurritos,8812125
2026-07-05T22:07:00.814180,2026-07-05T22:07:00.822770+00:00,163.1,20,bid,BrilliantBurritos,YieldingYams,8812130
2026-07-05T22:07:03.545130,2026-07-05T22:07:03.554240+00:00,163.1,200,ask,WavyWalnuts,YieldingYams,8812164
2026-07-05T22:07:06.084965,2026-07-05T22:07:06.096710+00:00,163.3,20,bid,BrilliantBurritos,YieldingYams,8812198
2026-07-05T22:07:08.191070,2026-07-05T22:07:08.268692+00:00,163.1,20,ask,YieldingYams,BrilliantBurritos,8812219
2026-07-05T22:07:10.104676,2026-07-05T22:07:10.108142+00:00,163.4,11,bid,Xuanyu Liu,WavyWalnuts,8812240
2026-07-05T22:07:14.023075,2026-07-05T22:07:14.043869+00:00,163.3,200,ask,WavyWalnuts,YieldingYams,8812292
2026-07-05T22:07:14.040073,2026-07-05T22:07:14.043869+00:00,163.2,23,bid,Xuanyu Liu,YieldingYams,8812294
2026-07-05T22:07:14.377046,2026-07-05T22:07:14.385755+00:00,163.2,200,bid,WavyWalnuts,YieldingYams,8812304
2026-07-05T22:07:15.501518,2026-07-05T22:07:15.505350+00:00,163.3,11,ask,YieldingYams,Xuanyu Liu,8812319
2026-07-05T22:07:17.693105,2026-07-05T22:07:17.704717+00:00,163.3,20,bid,BrilliantBurritos,WavyWalnuts,8812345
2026-07-05T22:07:20.419660,2026-07-05T22:07:20.429326+00:00,163.3,200,bid,WavyWalnuts,YieldingYams,8812381
2026-07-05T22:07:21.684042,2026-07-05T22:07:21.695386+00:00,163.3,20,bid,BrilliantBurritos,YieldingYams,8812392
2026-07-05T22:07:22.862692,2026-07-05T22:07:22.883888+00:00,163.3,200,bid,WavyWalnuts,YieldingYams,8812412
2026-07-05T22:07:25.298935,2026-07-05T22:07:25.302710+00:00,163.2,11,bid,Xuanyu Liu,WavyWalnuts,8812447
2026-07-05T22:07:28.480357,2026-07-05T22:07:28.488721+00:00,163.2,200,ask,WavyWalnuts,YieldingYams,8812491
2026-07-05T22:07:32.539116,2026-07-05T22:07:32.549509+00:00,163.2,200,bid,WavyWalnuts,YieldingYams,8812540
2026-07-05T22:07:33.169165,2026-07-05T22:07:33.180985+00:00,163.2,20,bid,BrilliantBurritos,YieldingYams,8812544
2026-07-05T22:07:35.353484,2026-07-05T22:07:35.358010+00:00,163.3,12,bid,Xuanyu Liu,WavyWalnuts,8812573
2026-07-05T22:07:36.184894,2026-07-05T22:07:36.196643+00:00,163.2,200,ask,YieldingYams,WavyWalnuts,8812582
2026-07-05T22:07:37.395706,2026-07-05T22:07:37.405381+00:00,163.1,200,ask,YieldingYams,WavyWalnuts,8812598
2026-07-05T22:07:38.619722,2026-07-05T22:07:38.624003+00:00,163.2,11,bid,Xuanyu Liu,WavyWalnuts,8812622
2026-07-05T22:07:42.080961,2026-07-05T22:07:42.092696+00:00,163.3,20,bid,BrilliantBurritos,WavyWalnuts,8812671
2026-07-05T22:07:43.452557,2026-07-05T22:07:43.452302+00:00,163.1,200,ask,YieldingYams,WavyWalnuts,8812699
2026-07-05T22:07:45.529735,2026-07-05T22:07:45.537043+00:00,163.1,200,bid,YieldingYams,WavyWalnuts,8812721
2026-07-05T22:07:45.550197,2026-07-05T22:07:45.554007+00:00,163.3,11,ask,YieldingYams,Xuanyu Liu,8812723
2026-07-05T22:07:45.875928,2026-07-05T22:07:45.886951+00:00,163.3,200,ask,YieldingYams,WavyWalnuts,8812728
2026-07-05T22:07:52.090334,2026-07-05T22:07:52.102001+00:00,163.3,200,bid,YieldingYams,WavyWalnuts,8812816
2026-07-05T22:07:52.108194,2026-07-05T22:07:52.111808+00:00,163.3,12,ask,YieldingYams,Xuanyu Liu,8812818
2026-07-05T22:07:53.142354,2026-07-05T22:07:53.153293+00:00,163.3,200,ask,YieldingYams,WavyWalnuts,8812833
2026-07-05T22:07:55.261384,2026-07-05T22:07:55.270099+00:00,163.1,20,ask,WavyWalnuts,BrilliantBurritos,8812866
2026-07-05T22:07:56.631313,2026-07-05T22:07:56.634952+00:00,163.2,23,ask,YieldingYams,Xuanyu Liu,8812888
2026-07-05T22:07:59.123591,2026-07-05T22:07:59.133190+00:00,163.3,200,bid,AverageAlmonds,WavyWalnuts,8812923
2026-07-05T22:07:59.123591,2026-07-05T22:07:59.133190+00:00,163.3,300,bid,AverageAlmonds,YieldingYams,8812924
2026-07-05T22:07:59.177282,2026-07-05T22:07:59.185842+00:00,163.3,200,bid,WavyWalnuts,YieldingYams,8812928
2026-07-05T22:07:59.755958,2026-07-05T22:07:59.759079+00:00,163.3,125,bid,AverageAlmonds,YieldingYams,8812933
2026-07-05T22:07:59.791574,2026-07-05T22:07:59.795343+00:00,163.3,11,ask,AverageAlmonds,Xuanyu Liu,8812936
2026-07-05T22:08:00.390466,2026-07-05T22:08:00.400714+00:00,163.3,200,ask,YieldingYams,WavyWalnuts,8812947
2026-07-05T22:08:01.569675,2026-07-05T22:08:01.576596+00:00,163.4,500,bid,AverageAlmonds,YieldingYams,8812958
2026-07-05T22:08:02.164108,2026-07-05T22:08:02.174259+00:00,163.3,200,bid,AverageAlmonds,WavyWalnuts,8812964
2026-07-05T22:08:02.594227,2026-07-05T22:08:02.597880+00:00,163.6,3,ask,YieldingYams,Xuanyu Liu,8812970
2026-07-05T22:08:02.815824,2026-07-05T22:08:02.826523+00:00,163.6,200,ask,YieldingYams,WavyWalnuts,8812974
2026-07-05T22:08:04.024022,2026-07-05T22:08:04.031578+00:00,163.6,200,ask,YieldingYams,WavyWalnuts,8812992
2026-07-05T22:08:07.634388,2026-07-05T22:08:07.642954+00:00,163.6,500,bid,AverageAlmonds,YieldingYams,8813038
2026-07-05T22:08:07.819181,2026-07-05T22:08:07.826387+00:00,163.5,200,bid,YieldingYams,WavyWalnuts,8813040
2026-07-05T22:08:08.093563,2026-07-05T22:08:08.105467+00:00,163.8,20,ask,YieldingYams,BrilliantBurritos,8813045
2026-07-05T22:08:08.886537,2026-07-05T22:08:08.895119+00:00,163.8,200,ask,YieldingYams,WavyWalnuts,8813056
2026-07-05T22:08:10.092956,2026-07-05T22:08:10.103749+00:00,163.6,200,ask,AverageAlmonds,WavyWalnuts,8813070
2026-07-05T22:08:10.439356,2026-07-05T22:08:10.458758+00:00,163.6,300,ask,AverageAlmonds,YieldingYams,8813073
2026-07-05T22:08:11.302338,2026-07-05T22:08:11.365212+00:00,163.6,200,bid,WavyWalnuts,YieldingYams,8813086
2026-07-05T22:08:14.390987,2026-07-05T22:08:14.402700+00:00,163.6,20,ask,YieldingYams,BrilliantBurritos,8813136
2026-07-05T22:08:15.607085,2026-07-05T22:08:15.610850+00:00,163.6,3,ask,YieldingYams,Xuanyu Liu,8813158
2026-07-05T22:08:19.706456,2026-07-05T22:08:19.710302+00:00,163.6,23,ask,YieldingYams,Xuanyu Liu,8813220
2026-07-05T22:08:21.000726,2026-07-05T22:08:21.010912+00:00,163.6,200,ask,YieldingYams,WavyWalnuts,8813238
2026-07-05T22:08:25.114956,2026-07-05T22:08:25.126690+00:00,163.5,20,ask,YieldingYams,BrilliantBurritos,8813287
2026-07-05T22:08:26.143049,2026-07-05T22:08:26.149867+00:00,163.6,200,bid,YieldingYams,WavyWalnuts,8813302
2026-07-05T22:08:26.165314,2026-07-05T22:08:26.169777+00:00,163.6,11,ask,YieldingYams,Xuanyu Liu,8813304
2026-07-05T22:08:27.057110,2026-07-05T22:08:27.069284+00:00,163.6,200,ask,YieldingYams,WavyWalnuts,8813316
2026-07-05T22:08:29.479251,2026-07-05T22:08:29.486328+00:00,163.5,200,bid,WavyWalnuts,YieldingYams,8813341
2026-07-05T22:08:29.844414,2026-07-05T22:08:29.856084+00:00,163.5,20,bid,BrilliantBurritos,YieldingYams,8813345
2026-07-05T22:08:38.469973,2026-07-05T22:08:38.481147+00:00,163.7,20,ask,WavyWalnuts,BrilliantBurritos,8813454
2026-07-05T22:08:39.169038,2026-07-05T22:08:39.176108+00:00,163.8,200,bid,WavyWalnuts,YieldingYams,8813468
2026-07-05T22:08:44.476335,2026-07-05T22:08:44.478027+00:00,163.9,200,bid,YieldingYams,WavyWalnuts,8813524
2026-07-05T22:08:46.553034,2026-07-05T22:08:46.565047+00:00,164.0,20,bid,BrilliantBurritos,AverageAlmonds,8813561
2026-07-05T22:08:47.224686,2026-07-05T22:08:47.228082+00:00,164.0,23,bid,Xuanyu Liu,WavyWalnuts,8813569
2026-07-05T22:08:48.225981,2026-07-05T22:08:48.233482+00:00,163.9,200,ask,WavyWalnuts,AverageAlmonds,8813582
2026-07-05T22:08:48.246508,2026-07-05T22:08:48.250563+00:00,163.9,11,bid,Xuanyu Liu,AverageAlmonds,8813585
2026-07-05T22:08:48.430572,2026-07-05T22:08:48.441831+00:00,163.9,289,bid,YieldingYams,AverageAlmonds,8813586
2026-07-05T22:08:48.849890,2026-07-05T22:08:48.872732+00:00,164.0,200,bid,WavyWalnuts,AverageAlmonds,8813593
2026-07-05T22:08:49.432522,2026-07-05T22:08:49.444048+00:00,163.9,336,ask,YieldingYams,AverageAlmonds,8813597
2026-07-05T22:08:49.754793,2026-07-05T22:08:49.759191+00:00,163.8,3,bid,Xuanyu Liu,YieldingYams,8813604
2026-07-05T22:08:50.060939,2026-07-05T22:08:50.068811+00:00,163.8,200,bid,WavyWalnuts,YieldingYams,8813607
2026-07-05T22:08:51.287742,2026-07-05T22:08:51.291662+00:00,163.8,14,ask,WavyWalnuts,Xuanyu Liu,8813623
2026-07-05T22:08:52.358324,2026-07-05T22:08:52.369756+00:00,163.8,186,ask,WavyWalnuts,YieldingYams,8813634
2026-07-05T22:08:52.480272,2026-07-05T22:08:52.488436+00:00,163.8,200,bid,WavyWalnuts,YieldingYams,8813637
2026-07-05T22:08:56.245822,2026-07-05T22:08:56.258582+00:00,163.9,20,bid,BrilliantBurritos,WavyWalnuts,8813678
2026-07-05T22:08:57.593004,2026-07-05T22:08:57.600206+00:00,163.8,200,bid,YieldingYams,WavyWalnuts,8813701
2026-07-05T22:09:02.016721,2026-07-05T22:09:02.028811+00:00,163.8,20,bid,BrilliantBurritos,WavyWalnuts,8813756
2026-07-05T22:09:07.078878,2026-07-05T22:09:07.085958+00:00,163.6,200,bid,WavyWalnuts,YieldingYams,8813824
2026-07-05T22:09:09.309074,2026-07-05T22:09:09.313081+00:00,163.7,11,bid,Xuanyu Liu,WavyWalnuts,8813848
2026-07-05T22:09:10.756617,2026-07-05T22:09:10.761698+00:00,163.6,3,bid,Xuanyu Liu,YieldingYams,8813866
2026-07-05T22:09:10.937625,2026-07-05T22:09:10.949530+00:00,163.6,20,bid,BrilliantBurritos,YieldingYams,8813869
2026-07-05T22:09:13.358316,2026-07-05T22:09:13.369750+00:00,163.6,200,ask,WavyWalnuts,YieldingYams,8813902
2026-07-05T22:09:21.715319,2026-07-05T22:09:21.727288+00:00,163.2,20,ask,YieldingYams,BrilliantBurritos,8813985
2026-07-05T22:09:23.831587,2026-07-05T22:09:23.841376+00:00,163.4,200,bid,YieldingYams,WavyWalnuts,8814008
2026-07-05T22:09:26.446309,2026-07-05T22:09:26.458637+00:00,163.4,200,ask,YieldingYams,WavyWalnuts,8814039
2026-07-05T22:09:27.656844,2026-07-05T22:09:27.669047+00:00,163.3,200,ask,YieldingYams,WavyWalnuts,8814052
2026-07-05T22:09:29.100821,2026-07-05T22:09:29.110113+00:00,163.2,500,ask,AverageAlmonds,YieldingYams,8814067
2026-07-05T22:09:29.365782,2026-07-05T22:09:29.373332+00:00,163.2,125,bid,AverageAlmonds,YieldingYams,8814072
2026-07-05T22:09:30.084807,2026-07-05T22:09:30.091502+00:00,163.1,200,ask,AverageAlmonds,WavyWalnuts,8814084
2026-07-05T22:09:30.423562,2026-07-05T22:09:30.427124+00:00,163.5,26,ask,YieldingYams,Xuanyu Liu,8814088
2026-07-05T22:09:31.297701,2026-07-05T22:09:31.308675+00:00,163.5,200,ask,YieldingYams,WavyWalnuts,8814097
2026-07-05T22:09:31.524175,2026-07-05T22:09:31.528053+00:00,163.8,26,bid,Xuanyu Liu,YieldingYams,8814104
2026-07-05T22:09:32.515638,2026-07-05T22:09:32.526472+00:00,163.5,200,ask,YieldingYams,WavyWalnuts,8814116
2026-07-05T22:09:33.215652,2026-07-05T22:09:33.227267+00:00,163.7,20,bid,BrilliantBurritos,YieldingYams,8814127
2026-07-05T22:09:33.725287,2026-07-05T22:09:33.733170+00:00,163.5,200,ask,YieldingYams,WavyWalnuts,8814133
2026-07-05T22:09:34.365020,2026-07-05T22:09:34.368791+00:00,163.5,3,bid,Xuanyu Liu,YieldingYams,8814145
2026-07-05T22:09:34.400267,2026-07-05T22:09:34.412144+00:00,163.5,20,bid,BrilliantBurritos,YieldingYams,8814147
2026-07-05T22:09:34.685664,2026-07-05T22:09:34.689711+00:00,163.2,3,ask,WavyWalnuts,Xuanyu Liu,8814154
2026-07-05T22:09:42.723356,2026-07-05T22:09:42.730699+00:00,163.3,200,bid,AverageAlmonds,WavyWalnuts,8814232
2026-07-05T22:09:43.525584,2026-07-05T22:09:43.535992+00:00,163.3,500,ask,AverageAlmonds,YieldingYams,8814247
2026-07-05T22:09:43.923000,2026-07-05T22:09:43.951075+00:00,163.3,125,bid,AverageAlmonds,YieldingYams,8814251
2026-07-05T22:09:43.947254,2026-07-05T22:09:43.951075+00:00,163.4,3,ask,AverageAlmonds,Xuanyu Liu,8814254
2026-07-05T22:09:44.533378,2026-07-05T22:09:44.544742+00:00,163.5,200,bid,AverageAlmonds,WavyWalnuts,8814264
2026-07-05T22:09:44.564300,2026-07-05T22:09:44.568045+00:00,163.5,11,ask,AverageAlmonds,Xuanyu Liu,8814267
2026-07-05T22:09:45.847432,2026-07-05T22:09:45.851386+00:00,163.6,12,ask,WavyWalnuts,Xuanyu Liu,8814282
2026-07-05T22:09:52.738069,2026-07-05T22:09:52.744691+00:00,163.6,20,ask,WavyWalnuts,BrilliantBurritos,8814383
2026-07-05T22:09:56.728860,2026-07-05T22:09:56.738343+00:00,163.6,200,ask,YieldingYams,WavyWalnuts,8814436
2026-07-05T22:09:58.818193,2026-07-05T22:09:58.829817+00:00,163.5,20,ask,WavyWalnuts,BrilliantBurritos,8814469
2026-07-05T22:09:59.159893,2026-07-05T22:09:59.163766+00:00,163.6,23,bid,Xuanyu Liu,WavyWalnuts,8814488
2026-07-05T22:10:01.432485,2026-07-05T22:10:01.444410+00:00,163.5,20,ask,WavyWalnuts,BrilliantBurritos,8814508
2026-07-05T22:10:06.416205,2026-07-05T22:10:06.426457+00:00,163.7,200,ask,YieldingYams,WavyWalnuts,8814583
2026-07-05T22:10:09.501603,2026-07-05T22:10:09.505404+00:00,163.7,46,ask,YieldingYams,Xuanyu Liu,8814620
2026-07-05T22:10:17.621218,2026-07-05T22:10:17.628925+00:00,163.7,200,bid,YieldingYams,WavyWalnuts,8814702
2026-07-05T22:10:17.639598,2026-07-05T22:10:17.643766+00:00,163.8,2,ask,YieldingYams,Xuanyu Liu,8814704
2026-07-05T22:10:18.988113,2026-07-05T22:10:18.991874+00:00,163.9,2,bid,Xuanyu Liu,WavyWalnuts,8814728
2026-07-05T22:10:19.731883,2026-07-05T22:10:19.735942+00:00,163.8,12,bid,Xuanyu Liu,WavyWalnuts,8814738
2026-07-05T22:10:22.139508,2026-07-05T22:10:22.150404+00:00,163.7,200,ask,YieldingYams,WavyWalnuts,8814768
2026-07-05T22:10:22.146693,2026-07-05T22:10:22.150404+00:00,163.7,12,ask,YieldingYams,Xuanyu Liu,8814770
2026-07-05T22:10:25.697627,2026-07-05T22:10:25.707107+00:00,163.7,200,bid,AverageAlmonds,WavyWalnuts,8814812
2026-07-05T22:10:26.300782,2026-07-05T22:10:26.312336+00:00,163.8,200,bid,AverageAlmonds,WavyWalnuts,8814819
2026-07-05T22:10:27.507796,2026-07-05T22:10:27.518475+00:00,163.9,500,bid,AverageAlmonds,YieldingYams,8814830
2026-07-05T22:10:28.104427,2026-07-05T22:10:28.111771+00:00,163.9,125,bid,AverageAlmonds,YieldingYams,8814839
2026-07-05T22:10:28.104427,2026-07-05T22:10:28.117242+00:00,163.9,200,bid,AverageAlmonds,WavyWalnuts,8814840
2026-07-05T22:10:28.183687,2026-07-05T22:10:28.193089+00:00,164.0,175,ask,AverageAlmonds,WavyWalnuts,8814843
2026-07-05T22:10:28.705582,2026-07-05T22:10:28.714640+00:00,164.0,25,bid,AverageAlmonds,WavyWalnuts,8814850
2026-07-05T22:10:29.919806,2026-07-05T22:10:29.927387+00:00,164.1,200,bid,AverageAlmonds,WavyWalnuts,8814859
2026-07-05T22:10:30.521512,2026-07-05T22:10:30.532953+00:00,164.2,500,bid,AverageAlmonds,YieldingYams,8814870
2026-07-05T22:10:34.678967,2026-07-05T22:10:34.687237+00:00,164.4,200,bid,YieldingYams,WavyWalnuts,8814922
2026-07-05T22:10:38.625127,2026-07-05T22:10:38.629016+00:00,164.4,12,bid,Xuanyu Liu,YieldingYams,8814977
2026-07-05T22:10:39.088748,2026-07-05T22:10:39.099463+00:00,164.4,200,bid,WavyWalnuts,YieldingYams,8814983
2026-07-05T22:10:39.624622,2026-07-05T22:10:39.635332+00:00,164.2,20,ask,YieldingYams,BrilliantBurritos,8814986
2026-07-05T22:10:40.303364,2026-07-05T22:10:40.314283+00:00,164.4,200,bid,WavyWalnuts,AverageAlmonds,8814994
2026-07-05T22:10:42.028257,2026-07-05T22:10:42.035912+00:00,164.2,500,ask,YieldingYams,AverageAlmonds,8815016
2026-07-05T22:10:42.537693,2026-07-05T22:10:42.546749+00:00,164.2,200,ask,WavyWalnuts,YieldingYams,8815023
2026-07-05T22:10:47.421858,2026-07-05T22:10:47.434052+00:00,163.9,20,ask,WavyWalnuts,BrilliantBurritos,8815080
2026-07-05T22:10:47.817679,2026-07-05T22:10:47.821288+00:00,164.0,12,ask,YieldingYams,Xuanyu Liu,8815088
2026-07-05T22:10:50.290622,2026-07-05T22:10:50.298924+00:00,163.9,20,ask,YieldingYams,BrilliantBurritos,8815124
2026-07-05T22:10:51.891518,2026-07-05T22:10:51.902646+00:00,164.0,20,ask,YieldingYams,BrilliantBurritos,8815135
2026-07-05T22:10:52.424248,2026-07-05T22:10:52.427565+00:00,164.1,11,ask,WavyWalnuts,Xuanyu Liu,8815142
2026-07-05T22:10:56.038901,2026-07-05T22:10:56.048617+00:00,164.0,200,ask,YieldingYams,WavyWalnuts,8815197
2026-07-05T22:11:00.901845,2026-07-05T22:11:00.912740+00:00,163.9,200,ask,WavyWalnuts,YieldingYams,8815248
2026-07-05T22:11:03.300894,2026-07-05T22:11:03.312490+00:00,163.8,200,bid,WavyWalnuts,YieldingYams,8815280
2026-07-05T22:11:04.511901,2026-07-05T22:11:04.519198+00:00,163.9,200,bid,WavyWalnuts,YieldingYams,8815291
2026-07-05T22:11:04.519483,2026-07-05T22:11:04.529448+00:00,163.9,20,bid,BrilliantBurritos,YieldingYams,8815293
2026-07-05T22:11:04.865404,2026-07-05T22:11:04.869778+00:00,163.9,11,ask,YieldingYams,Xuanyu Liu,8815299
2026-07-05T22:11:05.740932,2026-07-05T22:11:05.745395+00:00,164.0,12,ask,WavyWalnuts,Xuanyu Liu,8815313
2026-07-05T22:11:06.437528,2026-07-05T22:11:06.442087+00:00,164.1,34,bid,Xuanyu Liu,YieldingYams,8815321
2026-07-05T22:11:06.726800,2026-07-05T22:11:06.738346+00:00,164.0,20,ask,WavyWalnuts,BrilliantBurritos,8815324
2026-07-05T22:11:10.113714,2026-07-05T22:11:10.133787+00:00,164.0,200,bid,YieldingYams,WavyWalnuts,8815368
2026-07-05T22:11:10.129802,2026-07-05T22:11:10.133787+00:00,164.0,11,ask,YieldingYams,Xuanyu Liu,8815370
2026-07-05T22:11:14.065669,2026-07-05T22:11:14.069748+00:00,164.0,11,bid,Xuanyu Liu,YieldingYams,8815408
2026-07-05T22:11:15.387201,2026-07-05T22:11:15.391301+00:00,163.9,12,bid,Xuanyu Liu,YieldingYams,8815428
2026-07-05T22:11:15.415108,2026-07-05T22:11:15.426225+00:00,163.9,200,bid,WavyWalnuts,YieldingYams,8815429
2026-07-05T22:11:16.626305,2026-07-05T22:11:16.634084+00:00,163.9,200,bid,WavyWalnuts,YieldingYams,8815444
2026-07-05T22:11:20.262486,2026-07-05T22:11:20.268980+00:00,164.0,200,ask,YieldingYams,WavyWalnuts,8815496
2026-07-05T22:11:26.334321,2026-07-05T22:11:26.338040+00:00,163.9,12,ask,WavyWalnuts,Xuanyu Liu,8815574
2026-07-05T22:11:32.945143,2026-07-05T22:11:32.958594+00:00,164.0,20,ask,WavyWalnuts,BrilliantBurritos,8815659
2026-07-05T22:11:33.606492,2026-07-05T22:11:33.616173+00:00,164.0,200,ask,YieldingYams,WavyWalnuts,8815671
2026-07-05T22:11:36.031810,2026-07-05T22:11:36.039383+00:00,164.0,200,ask,YieldingYams,WavyWalnuts,8815701
2026-07-05T22:11:40.871751,2026-07-05T22:11:40.883473+00:00,164.3,200,bid,WavyWalnuts,YieldingYams,8815777
2026-07-05T22:11:42.079592,2026-07-05T22:11:42.088862+00:00,164.2,200,ask,YieldingYams,WavyWalnuts,8815791
2026-07-05T22:11:44.350714,2026-07-05T22:11:44.363839+00:00,164.5,20,bid,BrilliantBurritos,YieldingYams,8815818
2026-07-05T22:11:45.517135,2026-07-05T22:11:45.525167+00:00,164.4,200,bid,YieldingYams,WavyWalnuts,8815830
2026-07-05T22:11:46.844842,2026-07-05T22:11:46.848557+00:00,164.3,12,bid,Xuanyu Liu,YieldingYams,8815841
2026-07-05T22:11:56.604470,2026-07-05T22:11:56.613987+00:00,164.0,200,ask,YieldingYams,WavyWalnuts,8815966
2026-07-05T22:12:03.338163,2026-07-05T22:12:03.342213+00:00,164.0,11,bid,Xuanyu Liu,WavyWalnuts,8816034
2026-07-05T22:12:19.368988,2026-07-05T22:12:19.380802+00:00,163.9,20,ask,YieldingYams,BrilliantBurritos,8816216
2026-07-05T22:12:20.806747,2026-07-05T22:12:20.816633+00:00,163.9,200,ask,YieldingYams,WavyWalnuts,8816229
2026-07-05T22:12:22.696929,2026-07-05T22:12:22.708866+00:00,163.9,20,bid,BrilliantBurritos,WavyWalnuts,8816251
2026-07-05T22:12:26.880856,2026-07-05T22:12:26.885004+00:00,163.9,11,ask,WavyWalnuts,Xuanyu Liu,8816295
2026-07-05T22:12:31.732690,2026-07-05T22:12:31.736136+00:00,164.0,12,ask,WavyWalnuts,Xuanyu Liu,8816356
2026-07-05T22:12:32.954144,2026-07-05T22:12:32.958413+00:00,164.0,12,bid,Xuanyu Liu,WavyWalnuts,8816369
2026-07-05T22:12:37.992452,2026-07-05T22:12:38.002682+00:00,164.0,200,ask,WavyWalnuts,YieldingYams,8816424
2026-07-05T22:12:41.344842,2026-07-05T22:12:41.348544+00:00,164.2,23,bid,Xuanyu Liu,WavyWalnuts,8816470
2026-07-05T22:12:44.356506,2026-07-05T22:12:44.358616+00:00,164.2,20,ask,WavyWalnuts,BrilliantBurritos,8816505
2026-07-05T22:12:45.032230,2026-07-05T22:12:45.039879+00:00,164.1,200,ask,YieldingYams,WavyWalnuts,8816512
2026-07-05T22:12:46.243328,2026-07-05T22:12:46.252769+00:00,164.1,200,ask,YieldingYams,WavyWalnuts,8816526
2026-07-05T22:12:48.469710,2026-07-05T22:12:48.477058+00:00,164.1,200,bid,YieldingYams,WavyWalnuts,8816546
2026-07-05T22:12:48.564571,2026-07-05T22:12:48.574281+00:00,164.1,425,ask,YieldingYams,AverageAlmonds,8816548
2026-07-05T22:12:48.643543,2026-07-05T22:12:48.647356+00:00,164.1,11,bid,Xuanyu Liu,AverageAlmonds,8816551
2026-07-05T22:12:49.167469,2026-07-05T22:12:49.174006+00:00,164.0,200,ask,WavyWalnuts,AverageAlmonds,8816558
2026-07-05T22:12:49.185483,2026-07-05T22:12:49.189035+00:00,164.0,3,bid,Xuanyu Liu,AverageAlmonds,8816560
2026-07-05T22:12:51.076010,2026-07-05T22:12:51.085493+00:00,163.9,200,ask,YieldingYams,WavyWalnuts,8816582
2026-07-05T22:12:51.088638,2026-07-05T22:12:51.095942+00:00,164.0,500,bid,YieldingYams,AverageAlmonds,8816583
2026-07-05T22:12:52.402560,2026-07-05T22:12:52.412516+00:00,163.8,200,ask,WavyWalnuts,YieldingYams,8816603
2026-07-05T22:12:54.707338,2026-07-05T22:12:54.716994+00:00,163.9,200,ask,YieldingYams,WavyWalnuts,8816638
2026-07-05T22:12:57.719322,2026-07-05T22:12:57.731050+00:00,163.7,20,ask,YieldingYams,BrilliantBurritos,8816668
2026-07-05T22:13:00.755621,2026-07-05T22:13:00.751798+00:00,163.8,200,ask,YieldingYams,WavyWalnuts,8816698
2026-07-05T22:13:01.964934,2026-07-05T22:13:01.972106+00:00,163.8,200,bid,WavyWalnuts,AverageAlmonds,8816710
2026-07-05T22:13:05.740687,2026-07-05T22:13:05.752760+00:00,163.8,20,ask,YieldingYams,BrilliantBurritos,8816758
2026-07-05T22:13:06.571254,2026-07-05T22:13:06.575203+00:00,164.0,3,bid,Xuanyu Liu,WavyWalnuts,8816771
2026-07-05T22:13:06.744315,2026-07-05T22:13:06.747939+00:00,163.9,11,bid,Xuanyu Liu,AverageAlmonds,8816776
2026-07-05T22:13:07.344514,2026-07-05T22:13:07.354549+00:00,163.8,200,ask,WavyWalnuts,AverageAlmonds,8816784
2026-07-05T22:13:07.366173,2026-07-05T22:13:07.370302+00:00,163.8,12,bid,Xuanyu Liu,AverageAlmonds,8816786
2026-07-05T22:13:09.803078,2026-07-05T22:13:09.806742+00:00,163.8,12,ask,YieldingYams,Xuanyu Liu,8816813
2026-07-05T22:13:10.468143,2026-07-05T22:13:10.479320+00:00,163.8,200,ask,YieldingYams,WavyWalnuts,8816819
2026-07-05T22:13:14.017383,2026-07-05T22:13:14.028991+00:00,163.8,20,bid,BrilliantBurritos,YieldingYams,8816862
2026-07-05T22:13:16.122408,2026-07-05T22:13:16.126053+00:00,163.7,11,ask,WavyWalnuts,Xuanyu Liu,8816892
2026-07-05T22:13:16.489932,2026-07-05T22:13:16.502074+00:00,163.7,20,ask,WavyWalnuts,BrilliantBurritos,8816898
2026-07-05T22:13:18.950901,2026-07-05T22:13:18.959315+00:00,163.8,200,bid,WavyWalnuts,YieldingYams,8816933
2026-07-05T22:13:20.164268,2026-07-05T22:13:20.175083+00:00,163.8,200,ask,YieldingYams,WavyWalnuts,8816949
2026-07-05T22:13:24.903393,2026-07-05T22:13:24.914738+00:00,163.7,500,ask,YieldingYams,AverageAlmonds,8817013
2026-07-05T22:13:25.122372,2026-07-05T22:13:25.132241+00:00,163.5,200,ask,WavyWalnuts,YieldingYams,8817019
2026-07-05T22:13:25.137949,2026-07-05T22:13:25.141831+00:00,163.5,11,bid,Xuanyu Liu,YieldingYams,8817021
2026-07-05T22:13:26.223245,2026-07-05T22:13:26.230228+00:00,163.5,200,bid,WavyWalnuts,YieldingYams,8817033
2026-07-05T22:13:27.346272,2026-07-05T22:13:27.358606+00:00,163.5,20,bid,BrilliantBurritos,AverageAlmonds,8817048
2026-07-05T22:13:28.764324,2026-07-05T22:13:28.767786+00:00,163.4,11,ask,YieldingYams,Xuanyu Liu,8817068
2026-07-05T22:13:31.034312,2026-07-05T22:13:31.043496+00:00,163.5,20,bid,BrilliantBurritos,WavyWalnuts,8817097
2026-07-05T22:13:32.257860,2026-07-05T22:13:32.269544+00:00,163.4,20,ask,WavyWalnuts,BrilliantBurritos,8817116
2026-07-05T22:13:32.282556,2026-07-05T22:13:32.292314+00:00,163.5,200,bid,WavyWalnuts,AverageAlmonds,8817117
2026-07-05T22:13:33.493183,2026-07-05T22:13:33.504492+00:00,163.5,200,bid,WavyWalnuts,YieldingYams,8817128
2026-07-05T22:13:34.705563,2026-07-05T22:13:34.713124+00:00,163.6,200,bid,WavyWalnuts,YieldingYams,8817146
2026-07-05T22:13:35.914820,2026-07-05T22:13:35.924046+00:00,163.6,200,bid,WavyWalnuts,AverageAlmonds,8817156
2026-07-05T22:13:40.053592,2026-07-05T22:13:40.058610+00:00,163.6,200,ask,WavyWalnuts,AverageAlmonds,8817208
2026-07-05T22:13:40.860255,2026-07-05T22:13:40.867488+00:00,163.6,200,bid,YieldingYams,WavyWalnuts,8817223
2026-07-05T22:13:41.190555,2026-07-05T22:13:41.201810+00:00,163.7,20,bid,BrilliantBurritos,AverageAlmonds,8817226
2026-07-05T22:13:41.264657,2026-07-05T22:13:41.275351+00:00,163.6,425,ask,YieldingYams,AverageAlmonds,8817227
2026-07-05T22:13:42.169927,2026-07-05T22:13:42.180120+00:00,163.5,200,ask,WavyWalnuts,YieldingYams,8817239
2026-07-05T22:13:43.163556,2026-07-05T22:13:43.173381+00:00,163.5,200,bid,WavyWalnuts,YieldingYams,8817258
2026-07-05T22:13:43.477472,2026-07-05T22:13:43.485371+00:00,163.5,500,bid,YieldingYams,AverageAlmonds,8817262
2026-07-05T22:13:43.663373,2026-07-05T22:13:43.674704+00:00,163.5,125,ask,YieldingYams,AverageAlmonds,8817263
2026-07-05T22:13:44.575766,2026-07-05T22:13:44.579938+00:00,163.3,3,ask,WavyWalnuts,Xuanyu Liu,8817280
2026-07-05T22:13:44.788145,2026-07-05T22:13:44.794730+00:00,163.3,197,ask,WavyWalnuts,YieldingYams,8817284
2026-07-05T22:13:45.581474,2026-07-05T22:13:45.588538+00:00,163.3,200,bid,WavyWalnuts,YieldingYams,8817298
2026-07-05T22:13:47.319424,2026-07-05T22:13:47.330173+00:00,163.3,200,ask,WavyWalnuts,AverageAlmonds,8817313
2026-07-05T22:13:47.923460,2026-07-05T22:13:47.932803+00:00,163.2,500,ask,YieldingYams,AverageAlmonds,8817329
2026-07-05T22:13:48.519608,2026-07-05T22:13:48.521662+00:00,163.2,125,ask,YieldingYams,AverageAlmonds,8817335
2026-07-05T22:13:48.519608,2026-07-05T22:13:48.527612+00:00,163.2,200,ask,WavyWalnuts,AverageAlmonds,8817336
2026-07-05T22:13:48.678558,2026-07-05T22:13:48.691130+00:00,163.2,20,bid,BrilliantBurritos,AverageAlmonds,8817339
2026-07-05T22:13:49.206640,2026-07-05T22:13:49.216069+00:00,163.1,200,bid,WavyWalnuts,YieldingYams,8817350
2026-07-05T22:13:51.367540,2026-07-05T22:13:51.378651+00:00,163.1,200,ask,WavyWalnuts,YieldingYams,8817368
2026-07-05T22:13:51.623049,2026-07-05T22:13:51.631874+00:00,162.9,200,bid,WavyWalnuts,YieldingYams,8817371
2026-07-05T22:13:58.433190,2026-07-05T22:13:58.444913+00:00,163.2,20,bid,BrilliantBurritos,WavyWalnuts,8817460
2026-07-05T22:14:00.336065,2026-07-05T22:14:00.340264+00:00,163.1,3,bid,Xuanyu Liu,YieldingYams,8817475
2026-07-05T22:14:01.854741,2026-07-05T22:14:01.858549+00:00,162.9,20,ask,AverageAlmonds,BrilliantBurritos,8817502
2026-07-05T22:14:01.860146,2026-07-05T22:14:01.870064+00:00,162.9,480,ask,AverageAlmonds,YieldingYams,8817503
2026-07-05T22:14:01.876414,2026-07-05T22:14:01.879688+00:00,162.9,23,bid,Xuanyu Liu,YieldingYams,8817505
2026-07-05T22:14:02.536398,2026-07-05T22:14:02.544266+00:00,162.9,122,bid,WavyWalnuts,YieldingYams,8817517
2026-07-05T22:14:03.166414,2026-07-05T22:14:03.176776+00:00,163.1,200,bid,YieldingYams,WavyWalnuts,8817523
2026-07-05T22:14:03.509317,2026-07-05T22:14:03.521191+00:00,163.4,20,bid,BrilliantBurritos,YieldingYams,8817529
2026-07-05T22:14:03.753117,2026-07-05T22:14:03.758542+00:00,163.1,200,ask,YieldingYams,WavyWalnuts,8817534
2026-07-05T22:14:06.678333,2026-07-05T22:14:06.687159+00:00,163.1,200,bid,AverageAlmonds,WavyWalnuts,8817573
2026-07-05T22:14:06.714252,2026-07-05T22:14:06.718163+00:00,163.1,26,ask,AverageAlmonds,Xuanyu Liu,8817576
2026-07-05T22:14:08.492748,2026-07-05T22:14:08.502880+00:00,163.1,200,bid,AverageAlmonds,WavyWalnuts,8817597
2026-07-05T22:14:08.492748,2026-07-05T22:14:08.502880+00:00,163.1,300,bid,AverageAlmonds,YieldingYams,8817598
2026-07-05T22:14:09.114593,2026-07-05T22:14:09.123702+00:00,163.1,325,bid,AverageAlmonds,YieldingYams,8817616
2026-07-05T22:14:09.114593,2026-07-05T22:14:09.123702+00:00,163.1,175,bid,AverageAlmonds,WavyWalnuts,8817617
2026-07-05T22:14:09.735031,2026-07-05T22:14:09.741656+00:00,163.1,25,bid,YieldingYams,WavyWalnuts,8817623
2026-07-05T22:14:10.330886,2026-07-05T22:14:10.338924+00:00,163.2,200,bid,AverageAlmonds,WavyWalnuts,8817636
2026-07-05T22:14:13.425157,2026-07-05T22:14:13.436116+00:00,163.3,200,bid,WavyWalnuts,YieldingYams,8817678
2026-07-05T22:14:16.195553,2026-07-05T22:14:16.199215+00:00,163.1,3,ask,YieldingYams,Xuanyu Liu,8817710
2026-07-05T22:14:16.377849,2026-07-05T22:14:16.389042+00:00,163.2,500,bid,AverageAlmonds,YieldingYams,8817711
2026-07-05T22:14:16.972377,2026-07-05T22:14:17.001695+00:00,163.2,125,bid,AverageAlmonds,YieldingYams,8817719
2026-07-05T22:14:16.997836,2026-07-05T22:14:17.001695+00:00,163.2,11,ask,AverageAlmonds,Xuanyu Liu,8817721
2026-07-05T22:14:17.600028,2026-07-05T22:14:17.603694+00:00,163.3,12,ask,AverageAlmonds,Xuanyu Liu,8817734
2026-07-05T22:14:19.481978,2026-07-05T22:14:19.492956+00:00,163.5,200,bid,WavyWalnuts,YieldingYams,8817763
2026-07-05T22:14:20.220822,2026-07-05T22:14:20.231788+00:00,163.4,500,ask,AverageAlmonds,YieldingYams,8817769
2026-07-05T22:14:20.588600,2026-07-05T22:14:20.659423+00:00,163.4,125,bid,AverageAlmonds,YieldingYams,8817779
2026-07-05T22:14:20.655501,2026-07-05T22:14:20.659423+00:00,163.6,11,ask,AverageAlmonds,Xuanyu Liu,8817785
2026-07-05T22:14:21.825689,2026-07-05T22:14:21.832628+00:00,163.7,200,bid,AverageAlmonds,WavyWalnuts,8817797
2026-07-05T22:14:21.857952,2026-07-05T22:14:21.861866+00:00,163.7,12,ask,AverageAlmonds,Xuanyu Liu,8817799
2026-07-05T22:14:22.429539,2026-07-05T22:14:22.455279+00:00,163.8,200,bid,AverageAlmonds,WavyWalnuts,8817806
2026-07-05T22:14:22.451437,2026-07-05T22:14:22.455279+00:00,163.8,11,ask,AverageAlmonds,Xuanyu Liu,8817810
2026-07-05T22:14:22.839410,2026-07-05T22:14:22.848624+00:00,163.8,289,ask,AverageAlmonds,YieldingYams,8817818
2026-07-05T22:14:23.025256,2026-07-05T22:14:23.032051+00:00,163.8,336,bid,AverageAlmonds,YieldingYams,8817819
2026-07-05T22:14:23.559119,2026-07-05T22:14:23.563379+00:00,163.9,23,bid,Xuanyu Liu,WavyWalnuts,8817825
2026-07-05T22:14:24.328432,2026-07-05T22:14:24.337135+00:00,163.8,200,ask,YieldingYams,WavyWalnuts,8817836
2026-07-05T22:14:28.789230,2026-07-05T22:14:28.792894+00:00,163.9,11,bid,Xuanyu Liu,WavyWalnuts,8817881
2026-07-05T22:14:29.162580,2026-07-05T22:14:29.174113+00:00,163.8,200,ask,AverageAlmonds,WavyWalnuts,8817886
2026-07-05T22:14:33.349876,2026-07-05T22:14:33.364154+00:00,163.8,200,bid,YieldingYams,WavyWalnuts,8817942
2026-07-05T22:14:33.812339,2026-07-05T22:14:33.824028+00:00,164.1,20,bid,BrilliantBurritos,YieldingYams,8817950
2026-07-05T22:14:35.973473,2026-07-05T22:14:35.980483+00:00,163.9,200,bid,YieldingYams,WavyWalnuts,8817981
2026-07-05T22:14:36.441413,2026-07-05T22:14:36.446343+00:00,164.0,12,bid,Xuanyu Liu,WavyWalnuts,8817991
2026-07-05T22:14:36.942041,2026-07-05T22:14:36.949971+00:00,164.0,188,bid,AverageAlmonds,WavyWalnuts,8817997
2026-07-05T22:14:37.289372,2026-07-05T22:14:37.301105+00:00,164.0,312,ask,AverageAlmonds,YieldingYams,8818004
2026-07-05T22:14:37.539113,2026-07-05T22:14:37.548718+00:00,164.0,313,bid,AverageAlmonds,YieldingYams,8818009
2026-07-05T22:14:37.634551,2026-07-05T22:14:37.654629+00:00,164.0,187,ask,AverageAlmonds,WavyWalnuts,8818011
2026-07-05T22:14:37.651233,2026-07-05T22:14:37.654629+00:00,163.9,11,bid,Xuanyu Liu,WavyWalnuts,8818015
2026-07-05T22:14:38.140829,2026-07-05T22:14:38.158586+00:00,163.9,2,bid,AverageAlmonds,WavyWalnuts,8818016
2026-07-05T22:14:38.613726,2026-07-05T22:14:38.617719+00:00,164.4,3,bid,Xuanyu Liu,YieldingYams,8818021
2026-07-05T22:14:38.842338,2026-07-05T22:14:38.848505+00:00,164.2,200,ask,YieldingYams,WavyWalnuts,8818022
2026-07-05T22:14:40.052142,2026-07-05T22:14:40.063998+00:00,164.2,200,ask,YieldingYams,WavyWalnuts,8818034
2026-07-05T22:14:41.262691,2026-07-05T22:14:41.272923+00:00,164.2,200,ask,YieldingYams,WavyWalnuts,8818049
2026-07-05T22:14:42.472754,2026-07-05T22:14:42.484311+00:00,164.2,200,ask,YieldingYams,WavyWalnuts,8818065
2026-07-05T22:14:44.586333,2026-07-05T22:14:44.596080+00:00,164.1,20,ask,YieldingYams,BrilliantBurritos,8818088
2026-07-05T22:14:47.810916,2026-07-05T22:14:47.814814+00:00,164.2,3,ask,WavyWalnuts,Xuanyu Liu,8818123
2026-07-05T22:14:54.824604,2026-07-05T22:14:54.836516+00:00,164.4,20,ask,YieldingYams,BrilliantBurritos,8818191
2026-07-05T22:14:56.987742,2026-07-05T22:14:56.994423+00:00,164.5,200,ask,YieldingYams,WavyWalnuts,8818215
2026-07-05T22:14:57.302296,2026-07-05T22:14:57.306001+00:00,164.5,11,ask,YieldingYams,Xuanyu Liu,8818220
2026-07-05T22:14:57.699628,2026-07-05T22:14:57.711075+00:00,164.8,20,bid,BrilliantBurritos,YieldingYams,8818229
2026-07-05T22:14:59.406262,2026-07-05T22:14:59.416197+00:00,164.6,200,bid,WavyWalnuts,YieldingYams,8818252
2026-07-05T22:15:00.465508,2026-07-05T22:15:00.470172+00:00,164.3,23,ask,YieldingYams,Xuanyu Liu,8818262
2026-07-05T22:15:00.628849,2026-07-05T22:15:00.632833+00:00,164.5,23,ask,WavyWalnuts,Xuanyu Liu,8818266
2026-07-05T22:15:04.264324,2026-07-05T22:15:04.268200+00:00,164.7,11,bid,Xuanyu Liu,WavyWalnuts,8818320
2026-07-05T22:15:06.751506,2026-07-05T22:15:06.755589+00:00,164.7,12,bid,Xuanyu Liu,WavyWalnuts,8818355
2026-07-05T22:15:07.860220,2026-07-05T22:15:07.863643+00:00,164.7,11,bid,Xuanyu Liu,WavyWalnuts,8818369
2026-07-05T22:15:09.908575,2026-07-05T22:15:09.912790+00:00,164.7,12,bid,Xuanyu Liu,WavyWalnuts,8818396
2026-07-05T22:15:11.521220,2026-07-05T22:15:11.582901+00:00,164.6,200,ask,YieldingYams,WavyWalnuts,8818416
2026-07-05T22:15:12.714789,2026-07-05T22:15:12.718826+00:00,164.6,11,bid,Xuanyu Liu,YieldingYams,8818438
2026-07-05T22:15:12.729832,2026-07-05T22:15:12.739451+00:00,164.6,200,bid,WavyWalnuts,YieldingYams,8818440
2026-07-05T22:15:13.946503,2026-07-05T22:15:13.953335+00:00,164.5,20,ask,WavyWalnuts,BrilliantBurritos,8818456
2026-07-05T22:15:17.582407,2026-07-05T22:15:17.591207+00:00,164.7,200,bid,WavyWalnuts,YieldingYams,8818503
2026-07-05T22:15:23.744428,2026-07-05T22:15:23.748784+00:00,164.6,11,ask,WavyWalnuts,Xuanyu Liu,8818583
2026-07-05T22:15:24.871680,2026-07-05T22:15:24.876003+00:00,164.7,12,ask,WavyWalnuts,Xuanyu Liu,8818591
2026-07-05T22:15:27.612249,2026-07-05T22:15:27.623721+00:00,164.6,20,ask,YieldingYams,BrilliantBurritos,8818614
2026-07-05T22:15:30.023908,2026-07-05T22:15:30.035831+00:00,164.7,20,ask,AverageAlmonds,BrilliantBurritos,8818646
2026-07-05T22:15:30.853761,2026-07-05T22:15:30.863082+00:00,164.8,200,bid,AverageAlmonds,WavyWalnuts,8818655
2026-07-05T22:15:30.853761,2026-07-05T22:15:30.863082+00:00,164.8,300,bid,AverageAlmonds,YieldingYams,8818656
2026-07-05T22:15:31.445350,2026-07-05T22:15:31.458606+00:00,164.9,200,bid,AverageAlmonds,WavyWalnuts,8818666
2026-07-05T22:15:31.445350,2026-07-05T22:15:31.458606+00:00,164.9,300,bid,AverageAlmonds,YieldingYams,8818667
2026-07-05T22:15:32.048163,2026-07-05T22:15:32.058630+00:00,164.9,325,bid,AverageAlmonds,YieldingYams,8818674
2026-07-05T22:15:32.190869,2026-07-05T22:15:32.199926+00:00,165.1,20,bid,BrilliantBurritos,WavyWalnuts,8818677
2026-07-05T22:15:33.050795,2026-07-05T22:15:33.057586+00:00,164.9,20,ask,YieldingYams,BrilliantBurritos,8818691
2026-07-05T22:15:34.547584,2026-07-05T22:15:34.555427+00:00,164.9,200,ask,YieldingYams,WavyWalnuts,8818706
2026-07-05T22:15:34.731459,2026-07-05T22:15:34.743394+00:00,164.9,20,ask,YieldingYams,BrilliantBurritos,8818711
2026-07-05T22:15:36.214307,2026-07-05T22:15:36.226419+00:00,165.0,20,bid,BrilliantBurritos,WavyWalnuts,8818730
2026-07-05T22:15:37.584069,2026-07-05T22:15:37.594773+00:00,165.0,200,bid,YieldingYams,WavyWalnuts,8818748
2026-07-05T22:15:38.169857,2026-07-05T22:15:38.180689+00:00,165.0,200,ask,YieldingYams,WavyWalnuts,8818755
2026-07-05T22:15:38.181858,2026-07-05T22:15:38.191082+00:00,165.2,20,bid,BrilliantBurritos,YieldingYams,8818756
2026-07-05T22:15:44.225322,2026-07-05T22:15:44.232553+00:00,164.7,200,ask,AverageAlmonds,WavyWalnuts,8818831
2026-07-05T22:15:45.438646,2026-07-05T22:15:45.448371+00:00,164.6,200,ask,AverageAlmonds,WavyWalnuts,8818843
2026-07-05T22:15:45.465058,2026-07-05T22:15:45.469377+00:00,164.7,23,bid,Xuanyu Liu,YieldingYams,8818846
2026-07-05T22:15:46.588864,2026-07-05T22:15:46.599870+00:00,164.7,500,bid,AverageAlmonds,YieldingYams,8818859
2026-07-05T22:15:46.850377,2026-07-05T22:15:46.856837+00:00,164.6,20,ask,YieldingYams,BrilliantBurritos,8818866
2026-07-05T22:15:47.186777,2026-07-05T22:15:47.195348+00:00,164.8,200,bid,AverageAlmonds,WavyWalnuts,8818871
2026-07-05T22:15:48.063137,2026-07-05T22:15:48.074210+00:00,164.8,500,ask,AverageAlmonds,YieldingYams,8818883
2026-07-05T22:15:48.210637,2026-07-05T22:15:48.223121+00:00,164.7,20,ask,WavyWalnuts,BrilliantBurritos,8818884
2026-07-05T22:15:49.006652,2026-07-05T22:15:49.017672+00:00,164.8,125,bid,AverageAlmonds,YieldingYams,8818889
2026-07-05T22:15:49.606980,2026-07-05T22:15:49.614182+00:00,164.9,200,bid,AverageAlmonds,WavyWalnuts,8818898
2026-07-05T22:15:52.690137,2026-07-05T22:15:52.700795+00:00,165.0,200,bid,WavyWalnuts,YieldingYams,8818945
2026-07-05T22:15:57.384857,2026-07-05T22:15:57.388876+00:00,164.9,3,bid,Xuanyu Liu,YieldingYams,8818996
2026-07-05T22:15:57.492602,2026-07-05T22:15:57.504061+00:00,164.9,20,bid,BrilliantBurritos,YieldingYams,8818999
2026-07-05T22:15:57.529325,2026-07-05T22:15:57.536341+00:00,164.9,200,bid,WavyWalnuts,YieldingYams,8819001
2026-07-05T22:15:59.838911,2026-07-05T22:15:59.850328+00:00,164.9,200,ask,WavyWalnuts,YieldingYams,8819037
2026-07-05T22:16:05.368085,2026-07-05T22:16:05.374484+00:00,165.0,20,bid,BrilliantBurritos,YieldingYams,8819102
2026-07-05T22:16:06.406053,2026-07-05T22:16:06.415775+00:00,164.7,200,ask,WavyWalnuts,YieldingYams,8819111
2026-07-05T22:16:07.212223,2026-07-05T22:16:07.221484+00:00,164.7,200,bid,WavyWalnuts,YieldingYams,8819121
2026-07-05T22:16:08.592009,2026-07-05T22:16:08.604374+00:00,164.8,20,bid,BrilliantBurritos,YieldingYams,8819135
2026-07-05T22:16:10.096280,2026-07-05T22:16:10.100425+00:00,164.8,3,bid,Xuanyu Liu,YieldingYams,8819157
2026-07-05T22:16:10.320639,2026-07-05T22:16:10.332665+00:00,164.8,20,bid,BrilliantBurritos,YieldingYams,8819163
2026-07-05T22:16:13.100555,2026-07-05T22:16:13.108692+00:00,164.8,20,bid,BrilliantBurritos,WavyWalnuts,8819191
2026-07-05T22:16:14.258726,2026-07-05T22:16:14.270288+00:00,164.8,200,bid,YieldingYams,WavyWalnuts,8819211
2026-07-05T22:16:20.839532,2026-07-05T22:16:20.850860+00:00,164.9,200,ask,WavyWalnuts,YieldingYams,8819292
2026-07-05T22:16:24.568281,2026-07-05T22:16:24.575494+00:00,164.9,20,ask,WavyWalnuts,BrilliantBurritos,8819338
2026-07-05T22:16:24.739308,2026-07-05T22:16:24.750635+00:00,164.9,180,ask,WavyWalnuts,AverageAlmonds,8819342
2026-07-05T22:16:25.896615,2026-07-05T22:16:25.900566+00:00,164.8,3,ask,WavyWalnuts,Xuanyu Liu,8819367
2026-07-05T22:16:28.684860,2026-07-05T22:16:28.696956+00:00,164.9,20,bid,BrilliantBurritos,AverageAlmonds,8819397
2026-07-05T22:16:31.307772,2026-07-05T22:16:31.315522+00:00,164.9,200,bid,YieldingYams,WavyWalnuts,8819428
2026-07-05T22:16:31.397046,2026-07-05T22:16:31.403761+00:00,164.9,425,ask,YieldingYams,AverageAlmonds,8819430
2026-07-05T22:16:32.673809,2026-07-05T22:16:32.678360+00:00,164.9,3,ask,WavyWalnuts,Xuanyu Liu,8819448
2026-07-05T22:16:33.871294,2026-07-05T22:16:33.879895+00:00,165.0,200,bid,WavyWalnuts,YieldingYams,8819464
2026-07-05T22:16:35.081906,2026-07-05T22:16:35.092574+00:00,164.9,200,bid,WavyWalnuts,AverageAlmonds,8819479
2026-07-05T22:16:36.290360,2026-07-05T22:16:36.298794+00:00,164.8,200,bid,WavyWalnuts,AverageAlmonds,8819496
2026-07-05T22:16:38.057617,2026-07-05T22:16:38.068961+00:00,164.8,20,bid,BrilliantBurritos,AverageAlmonds,8819524
2026-07-05T22:16:38.547440,2026-07-05T22:16:38.551290+00:00,164.7,23,ask,WavyWalnuts,Xuanyu Liu,8819531
2026-07-05T22:16:38.655166,2026-07-05T22:16:38.665040+00:00,164.7,177,ask,WavyWalnuts,AverageAlmonds,8819533
2026-07-05T22:16:39.256267,2026-07-05T22:16:39.267870+00:00,164.6,200,ask,WavyWalnuts,AverageAlmonds,8819542
2026-07-05T22:16:39.256267,2026-07-05T22:16:39.267870+00:00,164.6,300,ask,YieldingYams,AverageAlmonds,8819543
2026-07-05T22:16:40.540218,2026-07-05T22:16:40.558792+00:00,164.5,20,ask,WavyWalnuts,BrilliantBurritos,8819558
2026-07-05T22:16:43.126570,2026-07-05T22:16:43.133627+00:00,164.8,500,bid,YieldingYams,AverageAlmonds,8819584
2026-07-05T22:16:43.144902,2026-07-05T22:16:43.149001+00:00,164.8,11,ask,YieldingYams,Xuanyu Liu,8819586
2026-07-05T22:16:44.442911,2026-07-05T22:16:44.449725+00:00,164.7,200,ask,WavyWalnuts,YieldingYams,8819617
2026-07-05T22:16:44.821572,2026-07-05T22:16:44.825925+00:00,164.7,11,bid,Xuanyu Liu,YieldingYams,8819623
2026-07-05T22:16:45.751699,2026-07-05T22:16:45.758614+00:00,164.7,200,bid,YieldingYams,WavyWalnuts,8819635
2026-07-05T22:16:45.967191,2026-07-05T22:16:45.976600+00:00,164.8,200,ask,YieldingYams,WavyWalnuts,8819639
2026-07-05T22:16:46.546476,2026-07-05T22:16:46.558531+00:00,164.8,225,ask,YieldingYams,AverageAlmonds,8819650
2026-07-05T22:16:50.763458,2026-07-05T22:16:50.774479+00:00,164.7,500,ask,YieldingYams,AverageAlmonds,8819696
2026-07-05T22:16:51.206287,2026-07-05T22:16:51.210000+00:00,164.6,11,ask,WavyWalnuts,Xuanyu Liu,8819704
2026-07-05T22:16:52.023384,2026-07-05T22:16:52.033900+00:00,164.8,200,bid,WavyWalnuts,YieldingYams,8819715
2026-07-05T22:16:53.090486,2026-07-05T22:16:53.100843+00:00,164.6,20,ask,YieldingYams,BrilliantBurritos,8819728
2026-07-05T22:16:54.462238,2026-07-05T22:16:54.473992+00:00,164.6,20,ask,WavyWalnuts,BrilliantBurritos,8819751
2026-07-05T22:16:56.219536,2026-07-05T22:16:56.238770+00:00,164.7,20,bid,BrilliantBurritos,AverageAlmonds,8819771
2026-07-05T22:17:01.489477,2026-07-05T22:17:01.499559+00:00,164.5,200,bid,YieldingYams,WavyWalnuts,8819830
2026-07-05T22:17:01.687983,2026-07-05T22:17:01.696131+00:00,164.7,20,bid,BrilliantBurritos,AverageAlmonds,8819834
2026-07-05T22:17:01.724072,2026-07-05T22:17:01.732430+00:00,164.5,200,ask,YieldingYams,WavyWalnuts,8819838
2026-07-05T22:17:01.811690,2026-07-05T22:17:01.815682+00:00,164.5,12,ask,YieldingYams,Xuanyu Liu,8819839
2026-07-05T22:17:06.742311,2026-07-05T22:17:06.752087+00:00,164.3,200,ask,WavyWalnuts,YieldingYams,8819904
2026-07-05T22:17:07.041552,2026-07-05T22:17:07.045318+00:00,164.0,11,ask,YieldingYams,Xuanyu Liu,8819909
2026-07-05T22:17:07.772285,2026-07-05T22:17:07.779320+00:00,164.2,200,bid,WavyWalnuts,YieldingYams,8819918
2026-07-05T22:17:08.135805,2026-07-05T22:17:08.139319+00:00,164.2,11,ask,YieldingYams,Xuanyu Liu,8819925
2026-07-05T22:17:09.362340,2026-07-05T22:17:09.369971+00:00,164.3,200,bid,YieldingYams,WavyWalnuts,8819945
2026-07-05T22:17:09.381779,2026-07-05T22:17:09.386045+00:00,164.4,23,ask,YieldingYams,Xuanyu Liu,8819947
2026-07-05T22:17:10.206957,2026-07-05T22:17:10.210990+00:00,164.5,34,bid,Xuanyu Liu,AverageAlmonds,8819963
2026-07-05T22:17:11.284709,2026-07-05T22:17:11.364733+00:00,164.3,20,ask,YieldingYams,BrilliantBurritos,8819973
2026-07-05T22:17:14.602811,2026-07-05T22:17:14.609565+00:00,164.5,500,bid,YieldingYams,AverageAlmonds,8820015
2026-07-05T22:17:14.620602,2026-07-05T22:17:14.624700+00:00,164.5,23,ask,YieldingYams,Xuanyu Liu,8820017
2026-07-05T22:17:14.969508,2026-07-05T22:17:14.981367+00:00,164.5,102,ask,YieldingYams,AverageAlmonds,8820020
2026-07-05T22:17:16.828687,2026-07-05T22:17:16.832806+00:00,164.4,12,bid,Xuanyu Liu,AverageAlmonds,8820055
2026-07-05T22:17:17.411196,2026-07-05T22:17:17.421909+00:00,164.3,200,ask,YieldingYams,WavyWalnuts,8820068
2026-07-05T22:17:17.411196,2026-07-05T22:17:17.421909+00:00,164.3,300,ask,YieldingYams,AverageAlmonds,8820069
2026-07-05T22:17:17.466644,2026-07-05T22:17:17.473322+00:00,164.3,200,ask,WavyWalnuts,AverageAlmonds,8820074
2026-07-05T22:17:18.007946,2026-07-05T22:17:18.031371+00:00,164.3,125,ask,YieldingYams,AverageAlmonds,8820082
2026-07-05T22:17:18.027179,2026-07-05T22:17:18.031371+00:00,164.3,11,bid,Xuanyu Liu,AverageAlmonds,8820085
2026-07-05T22:17:19.886761,2026-07-05T22:17:19.897196+00:00,164.3,200,bid,WavyWalnuts,AverageAlmonds,8820100
2026-07-05T22:17:20.151074,2026-07-05T22:17:20.158600+00:00,164.3,20,bid,BrilliantBurritos,AverageAlmonds,8820105
2026-07-05T22:17:20.752187,2026-07-05T22:17:20.764269+00:00,164.3,20,bid,BrilliantBurritos,AverageAlmonds,8820115
2026-07-05T22:17:21.833842,2026-07-05T22:17:21.845847+00:00,164.3,20,bid,BrilliantBurritos,AverageAlmonds,8820122
2026-07-05T22:17:22.232974,2026-07-05T22:17:22.243265+00:00,164.2,500,ask,YieldingYams,AverageAlmonds,8820125
2026-07-05T22:17:24.075466,2026-07-05T22:17:24.085231+00:00,164.1,500,ask,YieldingYams,AverageAlmonds,8820145
2026-07-05T22:17:24.671475,2026-07-05T22:17:24.678580+00:00,164.1,125,ask,YieldingYams,AverageAlmonds,8820153
2026-07-05T22:17:24.721049,2026-07-05T22:17:24.732642+00:00,164.1,200,bid,WavyWalnuts,AverageAlmonds,8820155
2026-07-05T22:17:25.104601,2026-07-05T22:17:25.108350+00:00,164.0,11,bid,Xuanyu Liu,YieldingYams,8820158
2026-07-05T22:17:25.897417,2026-07-05T22:17:25.901044+00:00,163.9,12,bid,Xuanyu Liu,AverageAlmonds,8820172
2026-07-05T22:17:26.009137,2026-07-05T22:17:26.013247+00:00,163.8,12,ask,WavyWalnuts,Xuanyu Liu,8820175
2026-07-05T22:17:27.134992,2026-07-05T22:17:27.146361+00:00,163.9,200,bid,WavyWalnuts,YieldingYams,8820197
2026-07-05T22:17:29.557945,2026-07-05T22:17:29.570261+00:00,163.8,200,bid,WavyWalnuts,AverageAlmonds,8820223
2026-07-05T22:17:29.566625,2026-07-05T22:17:29.570261+00:00,163.8,12,bid,Xuanyu Liu,AverageAlmonds,8820225
2026-07-05T22:17:29.988849,2026-07-05T22:17:30.000892+00:00,163.7,20,ask,YieldingYams,BrilliantBurritos,8820228
2026-07-05T22:17:31.951267,2026-07-05T22:17:31.954991+00:00,163.7,11,bid,Xuanyu Liu,AverageAlmonds,8820248
2026-07-05T22:17:32.968289,2026-07-05T22:17:32.972072+00:00,163.7,11,ask,YieldingYams,Xuanyu Liu,8820258
2026-07-05T22:17:35.573491,2026-07-05T22:17:35.584825+00:00,163.7,500,ask,YieldingYams,AverageAlmonds,8820287
2026-07-05T22:17:35.589187,2026-07-05T22:17:35.600577+00:00,163.6,200,ask,WavyWalnuts,YieldingYams,8820289
2026-07-05T22:17:35.621157,2026-07-05T22:17:35.627998+00:00,163.6,200,bid,WavyWalnuts,YieldingYams,8820291
2026-07-05T22:17:36.901448,2026-07-05T22:17:36.919062+00:00,163.5,500,bid,YieldingYams,AverageAlmonds,8820309
2026-07-05T22:17:36.915606,2026-07-05T22:17:36.919062+00:00,163.5,12,ask,YieldingYams,Xuanyu Liu,8820311
2026-07-05T22:17:37.375974,2026-07-05T22:17:37.384673+00:00,163.5,113,ask,YieldingYams,AverageAlmonds,8820314
2026-07-05T22:17:38.213625,2026-07-05T22:17:38.225002+00:00,163.3,200,ask,WavyWalnuts,YieldingYams,8820330
2026-07-05T22:17:38.231807,2026-07-05T22:17:38.235827+00:00,163.3,12,bid,Xuanyu Liu,YieldingYams,8820332
2026-07-05T22:17:39.250905,2026-07-05T22:17:39.258586+00:00,163.3,200,bid,WavyWalnuts,YieldingYams,8820343
2026-07-05T22:17:39.539068,2026-07-05T22:17:39.542837+00:00,163.3,23,ask,YieldingYams,Xuanyu Liu,8820350
2026-07-05T22:17:40.136683,2026-07-05T22:17:40.148152+00:00,163.5,20,bid,BrilliantBurritos,YieldingYams,8820357
2026-07-05T22:17:40.853414,2026-07-05T22:17:40.857950+00:00,163.4,11,ask,YieldingYams,Xuanyu Liu,8820367
2026-07-05T22:17:41.773011,2026-07-05T22:17:41.777226+00:00,163.5,11,bid,Xuanyu Liu,WavyWalnuts,8820383
2026-07-05T22:17:42.141517,2026-07-05T22:17:42.148737+00:00,163.5,189,bid,YieldingYams,WavyWalnuts,8820389
2026-07-05T22:17:42.839813,2026-07-05T22:17:42.846777+00:00,163.5,436,ask,YieldingYams,AverageAlmonds,8820399
2026-07-05T22:17:42.878048,2026-07-05T22:17:42.895405+00:00,163.5,64,bid,WavyWalnuts,AverageAlmonds,8820401
2026-07-05T22:17:43.431224,2026-07-05T22:17:43.439549+00:00,163.5,136,ask,WavyWalnuts,AverageAlmonds,8820409
2026-07-05T22:17:43.474828,2026-07-05T22:17:43.478564+00:00,163.4,11,bid,Xuanyu Liu,YieldingYams,8820412
2026-07-05T22:17:44.086362,2026-07-05T22:17:44.096042+00:00,163.4,200,bid,WavyWalnuts,YieldingYams,8820420
2026-07-05T22:17:46.091787,2026-07-05T22:17:46.096161+00:00,163.3,11,ask,YieldingYams,Xuanyu Liu,8820444
2026-07-05T22:17:47.398003,2026-07-05T22:17:47.401709+00:00,163.4,11,ask,YieldingYams,Xuanyu Liu,8820462
2026-07-05T22:17:47.716313,2026-07-05T22:17:47.723645+00:00,163.4,200,ask,YieldingYams,WavyWalnuts,8820463
2026-07-05T22:17:48.705965,2026-07-05T22:17:48.710412+00:00,163.5,12,ask,YieldingYams,Xuanyu Liu,8820480
2026-07-05T22:17:54.491535,2026-07-05T22:17:54.495300+00:00,163.4,17,ask,WavyWalnuts,Xuanyu Liu,8820549
2026-07-05T22:17:55.815046,2026-07-05T22:17:55.826855+00:00,163.6,20,bid,BrilliantBurritos,WavyWalnuts,8820564
2026-07-05T22:18:01.050997,2026-07-05T22:18:01.057977+00:00,163.5,200,bid,WavyWalnuts,YieldingYams,8820624
2026-07-05T22:18:09.691068,2026-07-05T22:18:09.697718+00:00,163.7,200,bid,YieldingYams,WavyWalnuts,8820716
2026-07-05T22:18:10.834475,2026-07-05T22:18:10.841851+00:00,163.8,200,ask,YieldingYams,WavyWalnuts,8820733
2026-07-05T22:18:11.099969,2026-07-05T22:18:11.112023+00:00,163.9,20,bid,BrilliantBurritos,YieldingYams,8820735
2026-07-05T22:18:13.264548,2026-07-05T22:18:13.268713+00:00,163.8,4,bid,Xuanyu Liu,WavyWalnuts,8820768
2026-07-05T22:18:16.622400,2026-07-05T22:18:16.626324+00:00,163.8,2,bid,Xuanyu Liu,YieldingYams,8820808
2026-07-05T22:18:16.904693,2026-07-05T22:18:16.908363+00:00,163.7,11,bid,Xuanyu Liu,WavyWalnuts,8820817
2026-07-05T22:18:19.315992,2026-07-05T22:18:19.323761+00:00,163.6,200,ask,YieldingYams,WavyWalnuts,8820846
2026-07-05T22:18:20.522494,2026-07-05T22:18:20.532255+00:00,163.6,200,ask,YieldingYams,WavyWalnuts,8820864
2026-07-05T22:18:24.147830,2026-07-05T22:18:24.158597+00:00,163.7,200,bid,WavyWalnuts,YieldingYams,8820910
2026-07-05T22:18:27.210603,2026-07-05T22:18:27.222682+00:00,163.5,20,ask,WavyWalnuts,BrilliantBurritos,8820952
2026-07-05T22:18:31.418180,2026-07-05T22:18:31.428220+00:00,163.8,200,bid,WavyWalnuts,YieldingYams,8820999
2026-07-05T22:18:34.630717,2026-07-05T22:18:34.635090+00:00,163.6,12,bid,Xuanyu Liu,YieldingYams,8821051
2026-07-05T22:18:35.514575,2026-07-05T22:18:35.526292+00:00,163.6,500,bid,AverageAlmonds,YieldingYams,8821060
2026-07-05T22:18:35.920941,2026-07-05T22:18:35.932345+00:00,163.7,200,bid,YieldingYams,WavyWalnuts,8821073
2026-07-05T22:18:36.269405,2026-07-05T22:18:36.279278+00:00,163.7,200,ask,YieldingYams,WavyWalnuts,8821080
2026-07-05T22:18:38.474695,2026-07-05T22:18:38.485358+00:00,163.9,20,bid,BrilliantBurritos,YieldingYams,8821101
2026-07-05T22:18:38.777874,2026-07-05T22:18:38.782544+00:00,163.8,22,bid,Xuanyu Liu,WavyWalnuts,8821110
2026-07-05T22:18:41.174148,2026-07-05T22:18:41.183894+00:00,163.7,500,ask,AverageAlmonds,YieldingYams,8821145
2026-07-05T22:18:41.174148,2026-07-05T22:18:41.183894+00:00,163.7,125,ask,WavyWalnuts,YieldingYams,8821146
2026-07-05T22:18:49.589034,2026-07-05T22:18:49.595874+00:00,163.7,200,ask,YieldingYams,WavyWalnuts,8821250
2026-07-05T22:18:54.291105,2026-07-05T22:18:54.302207+00:00,163.7,20,bid,BrilliantBurritos,YieldingYams,8821320
2026-07-05T22:18:55.621455,2026-07-05T22:18:55.629578+00:00,163.6,200,ask,WavyWalnuts,YieldingYams,8821336
2026-07-05T22:18:57.687477,2026-07-05T22:18:57.691196+00:00,163.8,23,bid,Xuanyu Liu,YieldingYams,8821364
2026-07-05T22:19:01.705196,2026-07-05T22:19:01.714617+00:00,163.9,200,ask,YieldingYams,WavyWalnuts,8821425
2026-07-05T22:19:07.398251,2026-07-05T22:19:07.406752+00:00,164.1,200,bid,YieldingYams,WavyWalnuts,8821487
2026-07-05T22:19:07.597373,2026-07-05T22:19:07.605758+00:00,164.1,425,ask,YieldingYams,AverageAlmonds,8821489
2026-07-05T22:19:08.961039,2026-07-05T22:19:08.968876+00:00,164.0,200,bid,WavyWalnuts,AverageAlmonds,8821506
2026-07-05T22:19:10.044808,2026-07-05T22:19:10.049356+00:00,163.9,12,bid,Xuanyu Liu,YieldingYams,8821521
2026-07-05T22:19:10.169758,2026-07-05T22:19:10.178467+00:00,163.9,200,bid,WavyWalnuts,YieldingYams,8821524
2026-07-05T22:19:11.464135,2026-07-05T22:19:11.468917+00:00,163.9,12,ask,WavyWalnuts,Xuanyu Liu,8821542
2026-07-05T22:19:16.691847,2026-07-05T22:19:16.695753+00:00,164.0,23,bid,Xuanyu Liu,WavyWalnuts,8821625
2026-07-05T22:19:17.176157,2026-07-05T22:19:17.183533+00:00,164.0,20,bid,BrilliantBurritos,WavyWalnuts,8821630
2026-07-05T22:19:20.544420,2026-07-05T22:19:20.555192+00:00,163.9,200,ask,WavyWalnuts,YieldingYams,8821673
2026-07-05T22:19:22.287979,2026-07-05T22:19:22.295965+00:00,164.0,200,ask,YieldingYams,WavyWalnuts,8821693
2026-07-05T22:19:24.471528,2026-07-05T22:19:24.478501+00:00,164.1,200,bid,YieldingYams,WavyWalnuts,8821715
2026-07-05T22:19:25.783405,2026-07-05T22:19:25.793893+00:00,164.1,200,ask,WavyWalnuts,YieldingYams,8821735
2026-07-05T22:19:27.219434,2026-07-05T22:19:27.222766+00:00,164.0,3,bid,Xuanyu Liu,YieldingYams,8821758
2026-07-05T22:19:29.335920,2026-07-05T22:19:29.339645+00:00,164.1,3,bid,Xuanyu Liu,YieldingYams,8821785
2026-07-05T22:19:29.570937,2026-07-05T22:19:29.575347+00:00,163.9,23,bid,Xuanyu Liu,WavyWalnuts,8821789
2026-07-05T22:19:30.593764,2026-07-05T22:19:30.602451+00:00,163.9,177,bid,AverageAlmonds,WavyWalnuts,8821806
2026-07-05T22:19:31.024067,2026-07-05T22:19:31.043547+00:00,163.9,323,ask,AverageAlmonds,YieldingYams,8821814
2026-07-05T22:19:31.039889,2026-07-05T22:19:31.043547+00:00,163.8,11,bid,Xuanyu Liu,YieldingYams,8821816
2026-07-05T22:19:31.795587,2026-07-05T22:19:31.807004+00:00,163.8,291,bid,AverageAlmonds,YieldingYams,8821824
2026-07-05T22:19:33.186024,2026-07-05T22:19:33.193689+00:00,163.9,200,ask,YieldingYams,WavyWalnuts,8821850
2026-07-05T22:19:34.263687,2026-07-05T22:19:34.275475+00:00,164.1,20,bid,BrilliantBurritos,YieldingYams,8821861
2026-07-05T22:19:40.455367,2026-07-05T22:19:40.463835+00:00,164.2,200,bid,WavyWalnuts,YieldingYams,8821937
2026-07-05T22:19:40.886120,2026-07-05T22:19:40.889433+00:00,164.0,12,bid,Xuanyu Liu,AverageAlmonds,8821943
2026-07-05T22:19:41.663635,2026-07-05T22:19:41.673382+00:00,164.0,200,bid,WavyWalnuts,AverageAlmonds,8821959
2026-07-05T22:19:42.106447,2026-07-05T22:19:42.115133+00:00,163.9,500,ask,YieldingYams,AverageAlmonds,8821964
2026-07-05T22:19:42.699644,2026-07-05T22:19:42.706578+00:00,163.9,125,ask,YieldingYams,AverageAlmonds,8821970
2026-07-05T22:19:42.733705,2026-07-05T22:19:42.746930+00:00,163.9,11,bid,Xuanyu Liu,AverageAlmonds,8821972
2026-07-05T22:19:42.870572,2026-07-05T22:19:42.876676+00:00,163.9,200,bid,WavyWalnuts,AverageAlmonds,8821976
2026-07-05T22:19:44.077184,2026-07-05T22:19:44.087864+00:00,164.0,200,bid,WavyWalnuts,YieldingYams,8821992
2026-07-05T22:19:45.253920,2026-07-05T22:19:45.263921+00:00,163.9,20,bid,BrilliantBurritos,AverageAlmonds,8822004
2026-07-05T22:19:45.283743,2026-07-05T22:19:45.294956+00:00,163.9,200,bid,WavyWalnuts,AverageAlmonds,8822006
2026-07-05T22:19:45.423464,2026-07-05T22:19:45.432985+00:00,163.9,280,bid,YieldingYams,AverageAlmonds,8822010
2026-07-05T22:19:47.611769,2026-07-05T22:19:47.623574+00:00,164.0,20,bid,BrilliantBurritos,YieldingYams,8822038
2026-07-05T22:19:48.420169,2026-07-05T22:19:48.432196+00:00,164.1,20,bid,BrilliantBurritos,WavyWalnuts,8822053
2026-07-05T22:19:51.525063,2026-07-05T22:19:51.529258+00:00,163.9,34,ask,YieldingYams,Xuanyu Liu,8822094
2026-07-05T22:19:53.706288,2026-07-05T22:19:53.717996+00:00,164.1,20,bid,BrilliantBurritos,WavyWalnuts,8822117
2026-07-05T22:19:53.774966,2026-07-05T22:19:53.778772+00:00,164.0,12,ask,WavyWalnuts,Xuanyu Liu,8822123
2026-07-05T22:19:56.173956,2026-07-05T22:19:56.185022+00:00,164.1,200,ask,YieldingYams,WavyWalnuts,8822157
2026-07-05T22:19:57.164698,2026-07-05T22:19:57.174275+00:00,164.1,20,ask,YieldingYams,BrilliantBurritos,8822169
2026-07-05T22:19:57.396439,2026-07-05T22:19:57.400199+00:00,164.1,12,bid,Xuanyu Liu,WavyWalnuts,8822179
2026-07-05T22:19:58.552206,2026-07-05T22:19:58.558599+00:00,164.1,188,bid,YieldingYams,WavyWalnuts,8822198
2026-07-05T22:19:58.552206,2026-07-05T22:19:58.558599+00:00,164.2,437,bid,YieldingYams,AverageAlmonds,8822199
2026-07-05T22:19:59.864371,2026-07-05T22:19:59.875196+00:00,164.1,200,ask,WavyWalnuts,YieldingYams,8822211
2026-07-05T22:20:04.128203,2026-07-05T22:20:04.132260+00:00,164.0,11,bid,Xuanyu Liu,WavyWalnuts,8822258
2026-07-05T22:20:04.491657,2026-07-05T22:20:04.500254+00:00,164.0,20,bid,BrilliantBurritos,WavyWalnuts,8822263
2026-07-05T22:20:04.640960,2026-07-05T22:20:04.648692+00:00,163.9,200,ask,YieldingYams,WavyWalnuts,8822266
2026-07-05T22:20:05.851010,2026-07-05T22:20:05.858583+00:00,164.0,200,ask,YieldingYams,WavyWalnuts,8822282
2026-07-05T22:20:07.057880,2026-07-05T22:20:07.069367+00:00,164.0,200,bid,WavyWalnuts,YieldingYams,8822312
2026-07-05T22:20:08.267711,2026-07-05T22:20:08.275800+00:00,164.0,200,bid,WavyWalnuts,YieldingYams,8822325
2026-07-05T22:20:08.417441,2026-07-05T22:20:08.429621+00:00,164.0,20,bid,BrilliantBurritos,YieldingYams,8822326
2026-07-05T22:20:19.984717,2026-07-05T22:20:19.988085+00:00,163.8,23,ask,WavyWalnuts,Xuanyu Liu,8822462
2026-07-05T22:20:20.384314,2026-07-05T22:20:20.394689+00:00,163.9,200,bid,WavyWalnuts,YieldingYams,8822467
2026-07-05T22:20:21.605114,2026-07-05T22:20:21.609120+00:00,163.9,11,ask,WavyWalnuts,Xuanyu Liu,8822480
2026-07-05T22:20:22.263956,2026-07-05T22:20:22.276063+00:00,164.0,20,bid,BrilliantBurritos,YieldingYams,8822484
2026-07-05T22:20:23.468807,2026-07-05T22:20:23.476711+00:00,163.9,200,ask,WavyWalnuts,YieldingYams,8822499
2026-07-05T22:20:24.347973,2026-07-05T22:20:24.357337+00:00,163.8,20,ask,WavyWalnuts,BrilliantBurritos,8822510
2026-07-05T22:20:26.288976,2026-07-05T22:20:26.299113+00:00,163.7,200,ask,WavyWalnuts,AverageAlmonds,8822534
2026-07-05T22:20:26.288976,2026-07-05T22:20:26.299113+00:00,163.7,300,ask,YieldingYams,AverageAlmonds,8822535
2026-07-05T22:20:26.884731,2026-07-05T22:20:26.896222+00:00,163.7,325,ask,YieldingYams,AverageAlmonds,8822542
2026-07-05T22:20:26.884731,2026-07-05T22:20:26.896222+00:00,163.6,175,ask,WavyWalnuts,AverageAlmonds,8822543
2026-07-05T22:20:27.488707,2026-07-05T22:20:27.498484+00:00,163.6,25,ask,WavyWalnuts,AverageAlmonds,8822546
2026-07-05T22:20:27.488707,2026-07-05T22:20:27.498484+00:00,163.6,475,ask,YieldingYams,AverageAlmonds,8822547
2026-07-05T22:20:28.892936,2026-07-05T22:20:28.904832+00:00,163.5,20,ask,WavyWalnuts,BrilliantBurritos,8822566
2026-07-05T22:20:29.301690,2026-07-05T22:20:29.313073+00:00,163.5,180,ask,WavyWalnuts,AverageAlmonds,8822573
2026-07-05T22:20:29.478323,2026-07-05T22:20:29.482222+00:00,163.4,3,ask,YieldingYams,Xuanyu Liu,8822576
2026-07-05T22:20:30.031137,2026-07-05T22:20:30.039186+00:00,163.5,500,bid,YieldingYams,AverageAlmonds,8822582
2026-07-05T22:20:30.073872,2026-07-05T22:20:30.085073+00:00,163.5,125,ask,YieldingYams,WavyWalnuts,8822585
2026-07-05T22:20:32.646932,2026-07-05T22:20:32.669249+00:00,163.5,500,bid,YieldingYams,AverageAlmonds,8822622
2026-07-05T22:20:32.664962,2026-07-05T22:20:32.669249+00:00,163.5,3,ask,YieldingYams,Xuanyu Liu,8822624
2026-07-05T22:20:32.937008,2026-07-05T22:20:32.947894+00:00,163.5,122,ask,YieldingYams,AverageAlmonds,8822628
2026-07-05T22:20:33.955869,2026-07-05T22:20:33.967805+00:00,163.4,200,ask,WavyWalnuts,YieldingYams,8822640
2026-07-05T22:20:35.356903,2026-07-05T22:20:35.368999+00:00,163.4,500,ask,YieldingYams,AverageAlmonds,8822662
2026-07-05T22:20:35.948040,2026-07-05T22:20:35.958555+00:00,163.4,125,ask,YieldingYams,AverageAlmonds,8822671
2026-07-05T22:20:37.909279,2026-07-05T22:20:37.920471+00:00,163.4,200,bid,YieldingYams,WavyWalnuts,8822695
2026-07-05T22:20:39.750758,2026-07-05T22:20:39.754285+00:00,163.4,3,bid,Xuanyu Liu,WavyWalnuts,8822725
2026-07-05T22:20:45.797231,2026-07-05T22:20:45.805730+00:00,163.4,200,bid,WavyWalnuts,YieldingYams,8822800
2026-07-05T22:20:48.387910,2026-07-05T22:20:48.400884+00:00,163.5,200,bid,YieldingYams,WavyWalnuts,8822832
2026-07-05T22:20:48.495032,2026-07-05T22:20:48.498573+00:00,163.5,3,ask,YieldingYams,Xuanyu Liu,8822837
2026-07-05T22:20:50.638789,2026-07-05T22:20:50.651699+00:00,163.6,200,bid,WavyWalnuts,YieldingYams,8822864
2026-07-05T22:20:52.217699,2026-07-05T22:20:52.229539+00:00,163.6,20,bid,BrilliantBurritos,YieldingYams,8822894
2026-07-05T22:20:53.062521,2026-07-05T22:20:53.070846+00:00,163.4,200,ask,YieldingYams,WavyWalnuts,8822907
2026-07-05T22:21:00.197428,2026-07-05T22:21:00.208782+00:00,163.5,200,bid,YieldingYams,WavyWalnuts,8822990
2026-07-05T22:21:00.215761,2026-07-05T22:21:00.219856+00:00,163.5,11,ask,YieldingYams,Xuanyu Liu,8822992
2026-07-05T22:21:01.510536,2026-07-05T22:21:01.520222+00:00,163.4,200,ask,WavyWalnuts,YieldingYams,8823010
2026-07-05T22:21:03.964096,2026-07-05T22:21:03.974440+00:00,163.4,200,ask,YieldingYams,WavyWalnuts,8823034
2026-07-05T22:21:04.329452,2026-07-05T22:21:04.334017+00:00,163.5,12,ask,YieldingYams,Xuanyu Liu,8823038
2026-07-05T22:21:05.173818,2026-07-05T22:21:05.181873+00:00,163.5,200,ask,YieldingYams,WavyWalnuts,8823047
2026-07-05T22:21:05.743715,2026-07-05T22:21:05.758653+00:00,163.3,20,ask,WavyWalnuts,BrilliantBurritos,8823055
2026-07-05T22:21:09.433871,2026-07-05T22:21:09.443500+00:00,163.5,20,ask,WavyWalnuts,BrilliantBurritos,8823101
2026-07-05T22:21:13.320244,2026-07-05T22:21:13.330981+00:00,163.5,200,ask,WavyWalnuts,YieldingYams,8823134
2026-07-05T22:21:13.644070,2026-07-05T22:21:13.654290+00:00,163.5,200,bid,WavyWalnuts,YieldingYams,8823140
2026-07-05T22:21:13.864471,2026-07-05T22:21:13.868098+00:00,163.2,23,ask,YieldingYams,Xuanyu Liu,8823145
2026-07-05T22:21:14.649866,2026-07-05T22:21:14.653552+00:00,163.4,22,ask,YieldingYams,Xuanyu Liu,8823164
2026-07-05T22:21:16.085483,2026-07-05T22:21:16.089363+00:00,163.5,5,ask,WavyWalnuts,Xuanyu Liu,8823178
2026-07-05T22:21:17.032487,2026-07-05T22:21:17.036794+00:00,163.7,16,bid,Xuanyu Liu,YieldingYams,8823190
2026-07-05T22:21:18.884330,2026-07-05T22:21:18.895920+00:00,163.7,20,bid,BrilliantBurritos,WavyWalnuts,8823210
2026-07-05T22:21:21.196632,2026-07-05T22:21:21.219902+00:00,163.6,200,ask,WavyWalnuts,YieldingYams,8823236
2026-07-05T22:21:21.215914,2026-07-05T22:21:21.219902+00:00,163.6,11,bid,Xuanyu Liu,YieldingYams,8823240
2026-07-05T22:21:22.766551,2026-07-05T22:21:22.778099+00:00,163.7,20,bid,BrilliantBurritos,YieldingYams,8823265
2026-07-05T22:21:23.319782,2026-07-05T22:21:23.323825+00:00,163.7,23,bid,Xuanyu Liu,YieldingYams,8823276
2026-07-05T22:21:24.997130,2026-07-05T22:21:25.008829+00:00,163.7,20,bid,BrilliantBurritos,WavyWalnuts,8823302
2026-07-05T22:21:26.219735,2026-07-05T22:21:26.230668+00:00,163.7,500,bid,AverageAlmonds,YieldingYams,8823317
2026-07-05T22:21:29.643939,2026-07-05T22:21:29.648240+00:00,163.9,12,bid,Xuanyu Liu,YieldingYams,8823362
2026-07-05T22:21:30.393646,2026-07-05T22:21:30.404692+00:00,163.8,200,ask,WavyWalnuts,YieldingYams,8823366
2026-07-05T22:21:30.410596,2026-07-05T22:21:30.414097+00:00,163.8,11,bid,Xuanyu Liu,YieldingYams,8823368
2026-07-05T22:21:30.596581,2026-07-05T22:21:30.606063+00:00,163.8,200,bid,WavyWalnuts,YieldingYams,8823372
2026-07-05T22:21:33.022037,2026-07-05T22:21:33.031815+00:00,163.9,200,ask,YieldingYams,WavyWalnuts,8823398
2026-07-05T22:21:33.292785,2026-07-05T22:21:33.299857+00:00,163.7,20,ask,YieldingYams,BrilliantBurritos,8823406
2026-07-05T22:21:34.247162,2026-07-05T22:21:34.251708+00:00,163.9,3,bid,Xuanyu Liu,WavyWalnuts,8823413
2026-07-05T22:21:34.350089,2026-07-05T22:21:34.359914+00:00,163.9,197,bid,YieldingYams,WavyWalnuts,8823418
2026-07-05T22:21:35.441700,2026-07-05T22:21:35.453505+00:00,164.0,200,ask,AverageAlmonds,WavyWalnuts,8823430
2026-07-05T22:21:39.084875,2026-07-05T22:21:39.095727+00:00,163.8,200,ask,AverageAlmonds,WavyWalnuts,8823476
2026-07-05T22:21:39.594475,2026-07-05T22:21:39.598380+00:00,163.9,3,ask,YieldingYams,Xuanyu Liu,8823486
2026-07-05T22:21:40.295115,2026-07-05T22:21:40.304558+00:00,163.9,200,ask,YieldingYams,WavyWalnuts,8823502
2026-07-05T22:21:42.685044,2026-07-05T22:21:42.696657+00:00,163.9,20,bid,BrilliantBurritos,WavyWalnuts,8823523
2026-07-05T22:21:45.459629,2026-07-05T22:21:45.471148+00:00,163.8,20,ask,AverageAlmonds,BrilliantBurritos,8823553
2026-07-05T22:21:45.588284,2026-07-05T22:21:45.595776+00:00,163.9,500,bid,AverageAlmonds,YieldingYams,8823554
2026-07-05T22:21:46.124284,2026-07-05T22:21:46.131521+00:00,163.9,200,bid,YieldingYams,WavyWalnuts,8823563
2026-07-05T22:21:46.142355,2026-07-05T22:21:46.145817+00:00,164.1,34,ask,YieldingYams,Xuanyu Liu,8823565
2026-07-05T22:21:46.336265,2026-07-05T22:21:46.344855+00:00,164.1,200,ask,YieldingYams,WavyWalnuts,8823571
2026-07-05T22:21:47.450946,2026-07-05T22:21:47.454888+00:00,164.1,11,bid,Xuanyu Liu,YieldingYams,8823578
2026-07-05T22:21:48.739438,2026-07-05T22:21:48.746834+00:00,164.1,200,bid,YieldingYams,WavyWalnuts,8823593
2026-07-05T22:21:48.753721,2026-07-05T22:21:48.758573+00:00,164.1,200,ask,YieldingYams,WavyWalnuts,8823594
2026-07-05T22:21:49.412091,2026-07-05T22:21:49.423059+00:00,164.1,20,ask,YieldingYams,BrilliantBurritos,8823602
2026-07-05T22:21:49.964953,2026-07-05T22:21:49.974707+00:00,164.1,200,ask,YieldingYams,WavyWalnuts,8823610
2026-07-05T22:21:50.070630,2026-07-05T22:21:50.074539+00:00,164.1,12,bid,Xuanyu Liu,YieldingYams,8823612
2026-07-05T22:21:51.358797,2026-07-05T22:21:51.371217+00:00,164.0,200,ask,WavyWalnuts,YieldingYams,8823627
2026-07-05T22:21:51.358797,2026-07-05T22:21:51.371217+00:00,163.9,425,ask,AverageAlmonds,YieldingYams,8823628
2026-07-05T22:21:52.379558,2026-07-05T22:21:52.386670+00:00,164.0,200,ask,AverageAlmonds,WavyWalnuts,8823647
2026-07-05T22:21:52.666886,2026-07-05T22:21:52.674197+00:00,164.0,300,ask,AverageAlmonds,YieldingYams,8823652
2026-07-05T22:21:52.838419,2026-07-05T22:21:52.847712+00:00,164.0,325,bid,AverageAlmonds,YieldingYams,8823655
2026-07-05T22:21:53.586491,2026-07-05T22:21:53.594570+00:00,164.0,200,ask,AverageAlmonds,WavyWalnuts,8823663
2026-07-05T22:21:55.013712,2026-07-05T22:21:55.017381+00:00,164.0,12,ask,YieldingYams,Xuanyu Liu,8823688
2026-07-05T22:21:55.305458,2026-07-05T22:21:55.324389+00:00,164.1,200,bid,YieldingYams,WavyWalnuts,8823689
2026-07-05T22:21:55.320636,2026-07-05T22:21:55.324389+00:00,164.1,11,ask,YieldingYams,Xuanyu Liu,8823691
2026-07-05T22:21:56.621247,2026-07-05T22:21:56.627686+00:00,164.0,500,ask,AverageAlmonds,YieldingYams,8823708
2026-07-05T22:21:57.083346,2026-07-05T22:21:57.091589+00:00,164.0,125,bid,AverageAlmonds,YieldingYams,8823715
2026-07-05T22:21:57.083346,2026-07-05T22:21:57.091589+00:00,164.2,200,bid,AverageAlmonds,WavyWalnuts,8823716
2026-07-05T22:21:57.110971,2026-07-05T22:21:57.114900+00:00,164.2,12,ask,AverageAlmonds,Xuanyu Liu,8823718
2026-07-05T22:21:57.210088,2026-07-05T22:21:57.217219+00:00,164.2,163,ask,AverageAlmonds,WavyWalnuts,8823720
2026-07-05T22:21:57.685941,2026-07-05T22:21:57.694744+00:00,164.2,37,bid,AverageAlmonds,WavyWalnuts,8823722
2026-07-05T22:21:57.933061,2026-07-05T22:21:57.944708+00:00,164.2,463,ask,AverageAlmonds,YieldingYams,8823724
2026-07-05T22:21:58.118959,2026-07-05T22:21:58.121134+00:00,164.1,12,bid,Xuanyu Liu,YieldingYams,8823726
2026-07-05T22:21:58.288582,2026-07-05T22:21:58.296681+00:00,164.1,150,bid,AverageAlmonds,YieldingYams,8823729
2026-07-05T22:22:01.364711,2026-07-05T22:22:01.368527+00:00,164.4,34,bid,Xuanyu Liu,WavyWalnuts,8823777
2026-07-05T22:22:01.815681,2026-07-05T22:22:01.827285+00:00,164.4,20,bid,BrilliantBurritos,WavyWalnuts,8823783
2026-07-05T22:22:12.374785,2026-07-05T22:22:12.378444+00:00,164.5,11,ask,YieldingYams,Xuanyu Liu,8823916
2026-07-05T22:22:16.611001,2026-07-05T22:22:16.622320+00:00,164.3,200,ask,YieldingYams,WavyWalnuts,8823968
2026-07-05T22:22:18.166033,2026-07-05T22:22:18.169954+00:00,164.3,23,ask,WavyWalnuts,Xuanyu Liu,8823986
2026-07-05T22:22:20.263520,2026-07-05T22:22:20.266748+00:00,164.4,12,ask,WavyWalnuts,Xuanyu Liu,8824018
2026-07-05T22:22:20.323566,2026-07-05T22:22:20.326809+00:00,164.4,22,ask,WavyWalnuts,Xuanyu Liu,8824021
2026-07-05T22:22:24.052965,2026-07-05T22:22:24.063906+00:00,164.4,20,ask,YieldingYams,BrilliantBurritos,8824069
2026-07-05T22:22:25.471892,2026-07-05T22:22:25.482067+00:00,164.5,200,ask,WavyWalnuts,YieldingYams,8824083
2026-07-05T22:22:25.522196,2026-07-05T22:22:25.533989+00:00,164.2,20,ask,YieldingYams,BrilliantBurritos,8824086
2026-07-05T22:22:28.406476,2026-07-05T22:22:28.418578+00:00,164.4,20,ask,YieldingYams,BrilliantBurritos,8824119
2026-07-05T22:22:29.888806,2026-07-05T22:22:29.899490+00:00,164.5,20,ask,WavyWalnuts,BrilliantBurritos,8824143
2026-07-05T22:22:34.059119,2026-07-05T22:22:34.070850+00:00,164.6,20,bid,BrilliantBurritos,WavyWalnuts,8824183
2026-07-05T22:22:37.103908,2026-07-05T22:22:37.107725+00:00,164.7,11,bid,Xuanyu Liu,WavyWalnuts,8824212
2026-07-05T22:22:37.207914,2026-07-05T22:22:37.211695+00:00,164.6,11,bid,Xuanyu Liu,WavyWalnuts,8824217
2026-07-05T22:22:37.262292,2026-07-05T22:22:37.270464+00:00,164.6,189,bid,YieldingYams,WavyWalnuts,8824218
2026-07-05T22:22:38.398485,2026-07-05T22:22:38.409278+00:00,164.6,200,ask,YieldingYams,WavyWalnuts,8824234
2026-07-05T22:22:38.795384,2026-07-05T22:22:38.807359+00:00,164.7,20,bid,BrilliantBurritos,YieldingYams,8824237
2026-07-05T22:22:39.890608,2026-07-05T22:22:39.898069+00:00,164.6,200,ask,WavyWalnuts,YieldingYams,8824255
2026-07-05T22:22:39.909048,2026-07-05T22:22:39.912791+00:00,164.6,12,bid,Xuanyu Liu,YieldingYams,8824257
2026-07-05T22:22:42.340872,2026-07-05T22:22:42.358602+00:00,164.6,20,bid,BrilliantBurritos,YieldingYams,8824282
2026-07-05T22:22:42.931865,2026-07-05T22:22:42.938386+00:00,164.4,20,ask,WavyWalnuts,BrilliantBurritos,8824294
2026-07-05T22:22:45.650197,2026-07-05T22:22:45.664017+00:00,164.7,200,bid,WavyWalnuts,YieldingYams,8824332
2026-07-05T22:22:48.161549,2026-07-05T22:22:48.172777+00:00,164.9,20,bid,BrilliantBurritos,YieldingYams,8824369
2026-07-05T22:22:51.689032,2026-07-05T22:22:51.696307+00:00,164.8,200,bid,WavyWalnuts,YieldingYams,8824401
2026-07-05T22:22:52.906026,2026-07-05T22:22:52.917241+00:00,164.8,200,bid,WavyWalnuts,AverageAlmonds,8824417
2026-07-05T22:22:53.478799,2026-07-05T22:22:53.490613+00:00,164.7,20,bid,BrilliantBurritos,AverageAlmonds,8824429
2026-07-05T22:22:54.112664,2026-07-05T22:22:54.124210+00:00,164.9,200,bid,WavyWalnuts,YieldingYams,8824434
2026-07-05T22:22:57.737894,2026-07-05T22:22:57.744656+00:00,164.9,200,bid,WavyWalnuts,YieldingYams,8824473
2026-07-05T22:22:58.946607,2026-07-05T22:22:58.955560+00:00,164.8,200,bid,WavyWalnuts,AverageAlmonds,8824484
2026-07-05T22:22:59.574574,2026-07-05T22:22:59.584487+00:00,164.8,500,bid,YieldingYams,AverageAlmonds,8824496
2026-07-05T22:23:00.048802,2026-07-05T22:23:00.058636+00:00,164.9,125,ask,YieldingYams,AverageAlmonds,8824503
2026-07-05T22:23:00.072099,2026-07-05T22:23:00.079650+00:00,163.8,20,ask,AverageAlmonds,BrilliantBurritos,8824504
2026-07-05T22:23:00.157995,2026-07-05T22:23:00.165266+00:00,164.8,200,bid,WavyWalnuts,AverageAlmonds,8824506
2026-07-05T22:23:01.365649,2026-07-05T22:23:01.376409+00:00,164.8,200,bid,WavyWalnuts,YieldingYams,8824520
2026-07-05T22:23:02.572935,2026-07-05T22:23:02.583707+00:00,164.7,200,bid,WavyWalnuts,AverageAlmonds,8824532
2026-07-05T22:23:03.456414,2026-07-05T22:23:03.467887+00:00,164.7,20,bid,BrilliantBurritos,AverageAlmonds,8824543
2026-07-05T22:23:04.998989,2026-07-05T22:23:05.005786+00:00,164.6,200,bid,WavyWalnuts,YieldingYams,8824564
2026-07-05T22:23:09.845948,2026-07-05T22:23:09.858569+00:00,164.6,200,ask,YieldingYams,WavyWalnuts,8824630
2026-07-05T22:23:11.074360,2026-07-05T22:23:11.078543+00:00,164.7,12,ask,WavyWalnuts,Xuanyu Liu,8824642
2026-07-05T22:23:11.375386,2026-07-05T22:23:11.458756+00:00,164.7,188,ask,WavyWalnuts,YieldingYams,8824644
2026-07-05T22:23:12.260278,2026-07-05T22:23:12.269881+00:00,164.7,200,bid,WavyWalnuts,YieldingYams,8824655
2026-07-05T22:23:14.138475,2026-07-05T22:23:14.142606+00:00,164.6,11,ask,YieldingYams,Xuanyu Liu,8824673
2026-07-05T22:23:16.058637,2026-07-05T22:23:16.070303+00:00,164.7,20,bid,BrilliantBurritos,YieldingYams,8824693
2026-07-05T22:23:20.594929,2026-07-05T22:23:20.598912+00:00,164.6,11,ask,YieldingYams,Xuanyu Liu,8824752
2026-07-05T22:23:20.741225,2026-07-05T22:23:20.747783+00:00,164.6,200,ask,YieldingYams,WavyWalnuts,8824758
2026-07-05T22:23:24.632527,2026-07-05T22:23:24.636590+00:00,164.6,12,ask,WavyWalnuts,Xuanyu Liu,8824801
2026-07-05T22:23:26.803879,2026-07-05T22:23:26.807967+00:00,164.5,11,ask,WavyWalnuts,Xuanyu Liu,8824830
2026-07-05T22:23:27.129125,2026-07-05T22:23:27.140262+00:00,164.5,189,ask,WavyWalnuts,YieldingYams,8824836
2026-07-05T22:23:31.075250,2026-07-05T22:23:31.078777+00:00,164.6,11,bid,Xuanyu Liu,YieldingYams,8824887
2026-07-05T22:23:31.632960,2026-07-05T22:23:31.640003+00:00,164.6,200,bid,WavyWalnuts,YieldingYams,8824897
2026-07-05T22:23:32.383612,2026-07-05T22:23:32.387801+00:00,164.5,12,bid,Xuanyu Liu,YieldingYams,8824902
2026-07-05T22:23:32.840310,2026-07-05T22:23:32.847612+00:00,164.5,200,bid,WavyWalnuts,YieldingYams,8824908
2026-07-05T22:23:33.862738,2026-07-05T22:23:33.870397+00:00,164.4,20,ask,YieldingYams,BrilliantBurritos,8824925
2026-07-05T22:23:34.049516,2026-07-05T22:23:34.050849+00:00,164.6,200,bid,WavyWalnuts,YieldingYams,8824932
2026-07-05T22:23:36.271724,2026-07-05T22:23:36.275789+00:00,164.8,11,bid,Xuanyu Liu,YieldingYams,8824968
2026-07-05T22:23:36.303463,2026-07-05T22:23:36.316221+00:00,164.6,20,ask,WavyWalnuts,BrilliantBurritos,8824969
2026-07-05T22:23:36.312331,2026-07-05T22:23:36.316221+00:00,164.7,11,bid,Xuanyu Liu,YieldingYams,8824972
2026-07-05T22:23:36.472248,2026-07-05T22:23:36.479451+00:00,164.7,200,bid,WavyWalnuts,YieldingYams,8824974
2026-07-05T22:23:38.833803,2026-07-05T22:23:38.841370+00:00,164.6,20,ask,WavyWalnuts,BrilliantBurritos,8825006
2026-07-05T22:23:38.891511,2026-07-05T22:23:38.902347+00:00,164.7,200,bid,WavyWalnuts,YieldingYams,8825009
2026-07-05T22:23:40.026251,2026-07-05T22:23:40.035403+00:00,164.6,500,ask,YieldingYams,AverageAlmonds,8825020
2026-07-05T22:23:40.234851,2026-07-05T22:23:40.241595+00:00,164.7,200,ask,WavyWalnuts,YieldingYams,8825024
