timestamp,recv_time,price,volume,aggressor_side,buyer,seller,trade_id
2026-07-06T04:00:00.204272,2026-07-06T04:00:00.210529+00:00,155.9,3,ask,YieldingYams,Zhangyue Shen,9092483
2026-07-06T04:00:00.465009,2026-07-06T04:00:00.476605+00:00,155.9,3,ask,WavyWalnuts,Zhangyue Shen,9092486
2026-07-06T04:00:00.727716,2026-07-06T04:00:00.734253+00:00,155.9,3,ask,WavyWalnuts,Zhangyue Shen,9092495
2026-07-06T04:00:00.990166,2026-07-06T04:00:00.999270+00:00,155.9,3,ask,YieldingYams,Zhangyue Shen,9092501
2026-07-06T04:00:01.344664,2026-07-06T04:00:01.349596+00:00,156.1,11,bid,Xuanyu Liu,WavyWalnuts,9092507
2026-07-06T04:00:01.495650,2026-07-06T04:00:01.507832+00:00,155.9,8,ask,WavyWalnuts,Zhangyue Shen,9092511
2026-07-06T04:00:05.515929,2026-07-06T04:00:05.527154+00:00,156.4,200,bid,WavyWalnuts,YieldingYams,9092560
2026-07-06T04:00:06.743039,2026-07-06T04:00:06.746759+00:00,156.5,22,ask,WavyWalnuts,Xuanyu Liu,9092578
2026-07-06T04:00:07.627693,2026-07-06T04:00:07.631618+00:00,156.6,34,bid,Xuanyu Liu,AverageAlmonds,9092588
2026-07-06T04:00:08.908663,2026-07-06T04:00:08.916425+00:00,156.5,20,ask,WavyWalnuts,BrilliantBurritos,9092608
2026-07-06T04:00:09.914758,2026-07-06T04:00:09.925170+00:00,156.5,200,ask,WavyWalnuts,YieldingYams,9092623
2026-07-06T04:00:09.930941,2026-07-06T04:00:09.934735+00:00,156.4,23,bid,Xuanyu Liu,YieldingYams,9092625
2026-07-06T04:00:10.353872,2026-07-06T04:00:10.358598+00:00,156.4,200,bid,WavyWalnuts,YieldingYams,9092636
2026-07-06T04:00:10.836398,2026-07-06T04:00:10.840175+00:00,156.2,23,ask,YieldingYams,Xuanyu Liu,9092642
2026-07-06T04:00:11.272000,2026-07-06T04:00:11.276382+00:00,156.3,12,ask,YieldingYams,Xuanyu Liu,9092646
2026-07-06T04:00:11.563791,2026-07-06T04:00:11.573191+00:00,156.5,200,bid,WavyWalnuts,YieldingYams,9092650
2026-07-06T04:00:12.771682,2026-07-06T04:00:12.779356+00:00,156.6,200,bid,WavyWalnuts,YieldingYams,9092661
2026-07-06T04:00:12.793720,2026-07-06T04:00:12.805466+00:00,156.3,20,ask,YieldingYams,BrilliantBurritos,9092663
2026-07-06T04:00:13.856469,2026-07-06T04:00:13.860174+00:00,156.5,15,ask,YieldingYams,Xuanyu Liu,9092673
2026-07-06T04:00:13.946857,2026-07-06T04:00:13.950492+00:00,156.8,15,bid,Xuanyu Liu,YieldingYams,9092676
2026-07-06T04:00:15.342680,2026-07-06T04:00:15.354567+00:00,156.8,20,bid,BrilliantBurritos,AverageAlmonds,9092696
2026-07-06T04:00:16.125488,2026-07-06T04:00:16.133315+00:00,156.8,6,bid,Zhangyue Shen,YieldingYams,9092702
2026-07-06T04:00:16.413792,2026-07-06T04:00:16.417285+00:00,156.7,12,bid,Xuanyu Liu,WavyWalnuts,9092714
2026-07-06T04:00:16.461428,2026-07-06T04:00:16.470904+00:00,156.7,188,bid,YieldingYams,WavyWalnuts,9092716
2026-07-06T04:00:18.409533,2026-07-06T04:00:18.421596+00:00,156.6,8,ask,WavyWalnuts,Zhangyue Shen,9092740
2026-07-06T04:00:22.459481,2026-07-06T04:00:22.469300+00:00,156.6,200,bid,WavyWalnuts,YieldingYams,9092789
2026-07-06T04:00:25.848692,2026-07-06T04:00:25.858626+00:00,156.5,20,ask,WavyWalnuts,BrilliantBurritos,9092830
2026-07-06T04:00:38.769327,2026-07-06T04:00:38.779418+00:00,156.2,200,ask,WavyWalnuts,YieldingYams,9092988
2026-07-06T04:00:38.785715,2026-07-06T04:00:38.789946+00:00,156.1,11,bid,Xuanyu Liu,YieldingYams,9092990
2026-07-06T04:00:39.323268,2026-07-06T04:00:39.327625+00:00,155.9,23,ask,AverageAlmonds,Xuanyu Liu,9093000
2026-07-06T04:00:39.408362,2026-07-06T04:00:39.415415+00:00,156.1,200,bid,WavyWalnuts,YieldingYams,9093004
2026-07-06T04:00:40.009209,2026-07-06T04:00:40.013499+00:00,156.0,11,ask,AverageAlmonds,Xuanyu Liu,9093015
2026-07-06T04:00:40.644058,2026-07-06T04:00:40.648231+00:00,156.2,16,ask,WavyWalnuts,Xuanyu Liu,9093021
2026-07-06T04:00:42.433497,2026-07-06T04:00:42.437399+00:00,156.3,27,bid,Xuanyu Liu,YieldingYams,9093049
2026-07-06T04:00:42.702193,2026-07-06T04:00:42.710537+00:00,156.2,200,ask,WavyWalnuts,YieldingYams,9093054
2026-07-06T04:00:42.716324,2026-07-06T04:00:42.720132+00:00,156.2,12,bid,Xuanyu Liu,YieldingYams,9093056
2026-07-06T04:00:44.015574,2026-07-06T04:00:44.022738+00:00,156.0,200,ask,WavyWalnuts,YieldingYams,9093069
2026-07-06T04:00:44.812415,2026-07-06T04:00:44.821933+00:00,156.0,425,bid,AverageAlmonds,YieldingYams,9093080
2026-07-06T04:00:45.324019,2026-07-06T04:00:45.331055+00:00,156.2,200,bid,YieldingYams,WavyWalnuts,9093089
2026-07-06T04:00:45.477602,2026-07-06T04:00:45.487036+00:00,156.2,200,ask,YieldingYams,WavyWalnuts,9093093
2026-07-06T04:00:45.648502,2026-07-06T04:00:45.652701+00:00,156.2,12,ask,YieldingYams,Xuanyu Liu,9093098
2026-07-06T04:00:47.254070,2026-07-06T04:00:47.264346+00:00,156.1,200,bid,AverageAlmonds,WavyWalnuts,9093115
2026-07-06T04:00:48.668603,2026-07-06T04:00:48.680563+00:00,156.0,20,ask,WavyWalnuts,BrilliantBurritos,9093136
2026-07-06T04:00:55.178058,2026-07-06T04:00:55.182968+00:00,156.2,22,ask,WavyWalnuts,Xuanyu Liu,9093216
2026-07-06T04:00:56.371156,2026-07-06T04:00:56.380433+00:00,156.3,200,bid,WavyWalnuts,YieldingYams,9093230
2026-07-06T04:00:58.252434,2026-07-06T04:00:58.256092+00:00,156.3,11,bid,Xuanyu Liu,YieldingYams,9093250
2026-07-06T04:00:58.478368,2026-07-06T04:00:58.487076+00:00,156.2,200,ask,WavyWalnuts,YieldingYams,9093252
2026-07-06T04:00:58.478368,2026-07-06T04:00:58.487076+00:00,156.2,425,ask,AverageAlmonds,YieldingYams,9093253
2026-07-06T04:00:59.791026,2026-07-06T04:00:59.800616+00:00,156.3,500,ask,AverageAlmonds,YieldingYams,9093277
2026-07-06T04:00:59.958674,2026-07-06T04:00:59.969380+00:00,156.3,125,bid,AverageAlmonds,YieldingYams,9093278
2026-07-06T04:01:00.006540,2026-07-06T04:01:00.016623+00:00,156.3,200,ask,AverageAlmonds,WavyWalnuts,9093281
2026-07-06T04:01:00.217852,2026-07-06T04:01:00.229842+00:00,157.2,20,bid,BrilliantBurritos,AverageAlmonds,9093284
2026-07-06T04:01:01.217515,2026-07-06T04:01:01.227367+00:00,156.5,200,ask,YieldingYams,WavyWalnuts,9093296
2026-07-06T04:01:01.440647,2026-07-06T04:01:01.444937+00:00,156.8,23,bid,Xuanyu Liu,YieldingYams,9093304
2026-07-06T04:01:02.448522,2026-07-06T04:01:02.452364+00:00,156.5,11,bid,Xuanyu Liu,WavyWalnuts,9093322
2026-07-06T04:01:02.458026,2026-07-06T04:01:02.461513+00:00,156.5,23,bid,Xuanyu Liu,WavyWalnuts,9093324
2026-07-06T04:01:03.718562,2026-07-06T04:01:03.725945+00:00,156.5,200,bid,YieldingYams,WavyWalnuts,9093341
2026-07-06T04:01:04.010835,2026-07-06T04:01:04.017803+00:00,156.7,8,bid,Zhangyue Shen,YieldingYams,9093346
2026-07-06T04:01:04.265516,2026-07-06T04:01:04.275021+00:00,156.5,8,ask,YieldingYams,Zhangyue Shen,9093354
2026-07-06T04:01:04.668021,2026-07-06T04:01:04.675387+00:00,156.5,11,ask,YieldingYams,Xuanyu Liu,9093358
2026-07-06T04:01:04.855338,2026-07-06T04:01:04.865686+00:00,156.5,200,ask,YieldingYams,WavyWalnuts,9093366
2026-07-06T04:01:06.064448,2026-07-06T04:01:06.075602+00:00,156.3,200,ask,YieldingYams,WavyWalnuts,9093388
2026-07-06T04:01:07.100305,2026-07-06T04:01:07.104366+00:00,156.2,12,ask,YieldingYams,Xuanyu Liu,9093403
2026-07-06T04:01:07.240978,2026-07-06T04:01:07.245165+00:00,156.3,11,ask,AverageAlmonds,Xuanyu Liu,9093405
2026-07-06T04:01:08.110594,2026-07-06T04:01:08.122482+00:00,156.4,20,bid,BrilliantBurritos,YieldingYams,9093425
2026-07-06T04:01:09.702672,2026-07-06T04:01:09.711451+00:00,156.3,200,ask,YieldingYams,WavyWalnuts,9093442
2026-07-06T04:01:12.066912,2026-07-06T04:01:12.075234+00:00,156.3,500,bid,AverageAlmonds,YieldingYams,9093458
2026-07-06T04:01:12.123362,2026-07-06T04:01:12.131791+00:00,156.3,125,bid,WavyWalnuts,YieldingYams,9093461
2026-07-06T04:01:12.915801,2026-07-06T04:01:12.919704+00:00,156.5,12,ask,YieldingYams,Xuanyu Liu,9093475
2026-07-06T04:01:14.512023,2026-07-06T04:01:14.523984+00:00,156.6,20,bid,BrilliantBurritos,WavyWalnuts,9093495
2026-07-06T04:01:18.170069,2026-07-06T04:01:18.180083+00:00,156.5,200,ask,AverageAlmonds,WavyWalnuts,9093547
2026-07-06T04:01:19.779841,2026-07-06T04:01:19.783625+00:00,156.5,11,ask,YieldingYams,Xuanyu Liu,9093570
2026-07-06T04:01:20.582718,2026-07-06T04:01:20.589878+00:00,156.5,200,ask,YieldingYams,WavyWalnuts,9093584
2026-07-06T04:01:23.645164,2026-07-06T04:01:23.648989+00:00,156.4,11,ask,WavyWalnuts,Xuanyu Liu,9093627
2026-07-06T04:01:24.211065,2026-07-06T04:01:24.222446+00:00,156.5,200,ask,AverageAlmonds,WavyWalnuts,9093638
2026-07-06T04:01:24.683212,2026-07-06T04:01:24.694638+00:00,156.5,300,ask,AverageAlmonds,YieldingYams,9093644
2026-07-06T04:01:24.762810,2026-07-06T04:01:24.772135+00:00,156.5,325,bid,AverageAlmonds,YieldingYams,9093645
2026-07-06T04:01:26.932670,2026-07-06T04:01:26.944540+00:00,156.7,20,bid,BrilliantBurritos,WavyWalnuts,9093680
2026-07-06T04:01:31.476205,2026-07-06T04:01:31.484742+00:00,156.4,200,ask,YieldingYams,WavyWalnuts,9093731
2026-07-06T04:01:33.909878,2026-07-06T04:01:33.920780+00:00,156.4,200,ask,YieldingYams,WavyWalnuts,9093770
2026-07-06T04:01:35.120955,2026-07-06T04:01:35.130882+00:00,156.4,200,ask,YieldingYams,WavyWalnuts,9093789
2026-07-06T04:01:35.393826,2026-07-06T04:01:35.405910+00:00,156.4,20,bid,BrilliantBurritos,YieldingYams,9093791
2026-07-06T04:01:36.326891,2026-07-06T04:01:36.334468+00:00,156.4,200,bid,WavyWalnuts,YieldingYams,9093800
2026-07-06T04:01:37.801013,2026-07-06T04:01:37.802472+00:00,156.4,200,ask,WavyWalnuts,YieldingYams,9093823
2026-07-06T04:01:38.740281,2026-07-06T04:01:38.749002+00:00,156.4,200,bid,WavyWalnuts,YieldingYams,9093844
2026-07-06T04:01:45.356362,2026-07-06T04:01:45.365391+00:00,156.5,200,bid,AverageAlmonds,WavyWalnuts,9093926
2026-07-06T04:01:45.745008,2026-07-06T04:01:45.748792+00:00,156.6,11,bid,Xuanyu Liu,YieldingYams,9093935
2026-07-06T04:01:46.013859,2026-07-06T04:01:46.020639+00:00,156.5,200,ask,AverageAlmonds,WavyWalnuts,9093938
2026-07-06T04:01:47.011960,2026-07-06T04:01:47.015822+00:00,156.5,11,bid,Xuanyu Liu,YieldingYams,9093949
2026-07-06T04:01:48.351862,2026-07-06T04:01:48.363644+00:00,156.6,8,bid,Zhangyue Shen,WavyWalnuts,9093968
2026-07-06T04:01:57.452461,2026-07-06T04:01:57.469059+00:00,156.7,200,bid,AverageAlmonds,WavyWalnuts,9094081
2026-07-06T04:01:57.667285,2026-07-06T04:01:57.674301+00:00,156.7,11,ask,AverageAlmonds,Zhangyue Shen,9094089
2026-07-06T04:01:58.432771,2026-07-06T04:01:58.436582+00:00,156.9,23,bid,Xuanyu Liu,WavyWalnuts,9094104
2026-07-06T04:01:59.688774,2026-07-06T04:01:59.699070+00:00,156.9,8,bid,Zhangyue Shen,WavyWalnuts,9094126
2026-07-06T04:02:02.745343,2026-07-06T04:02:02.753072+00:00,156.8,200,bid,YieldingYams,WavyWalnuts,9094168
2026-07-06T04:02:02.960906,2026-07-06T04:02:02.969640+00:00,156.8,200,ask,YieldingYams,WavyWalnuts,9094171
2026-07-06T04:02:03.980366,2026-07-06T04:02:03.991953+00:00,157.0,8,bid,Zhangyue Shen,YieldingYams,9094186
2026-07-06T04:02:05.386908,2026-07-06T04:02:05.395504+00:00,156.8,200,ask,YieldingYams,WavyWalnuts,9094206
2026-07-06T04:02:06.563482,2026-07-06T04:02:06.574391+00:00,157.0,20,bid,BrilliantBurritos,YieldingYams,9094219
2026-07-06T04:02:09.020925,2026-07-06T04:02:09.032286+00:00,156.8,200,bid,WavyWalnuts,YieldingYams,9094248
2026-07-06T04:02:12.237950,2026-07-06T04:02:12.249895+00:00,156.8,20,ask,YieldingYams,BrilliantBurritos,9094278
2026-07-06T04:02:12.360877,2026-07-06T04:02:12.369218+00:00,156.9,8,bid,Zhangyue Shen,WavyWalnuts,9094279
2026-07-06T04:02:13.715099,2026-07-06T04:02:13.725532+00:00,157.0,20,bid,BrilliantBurritos,AverageAlmonds,9094295
2026-07-06T04:02:14.429384,2026-07-06T04:02:14.436125+00:00,156.9,500,ask,YieldingYams,AverageAlmonds,9094303
2026-07-06T04:02:14.549965,2026-07-06T04:02:14.556743+00:00,156.9,200,ask,WavyWalnuts,YieldingYams,9094305
2026-07-06T04:02:14.569476,2026-07-06T04:02:14.573210+00:00,156.8,12,bid,Xuanyu Liu,YieldingYams,9094308
2026-07-06T04:02:15.073096,2026-07-06T04:02:15.079989+00:00,156.8,200,bid,WavyWalnuts,YieldingYams,9094315
2026-07-06T04:02:15.307225,2026-07-06T04:02:15.317003+00:00,156.8,20,bid,BrilliantBurritos,YieldingYams,9094320
2026-07-06T04:02:15.861274,2026-07-06T04:02:15.869714+00:00,156.9,500,bid,YieldingYams,AverageAlmonds,9094326
2026-07-06T04:02:16.410760,2026-07-06T04:02:16.421356+00:00,157.0,8,bid,Zhangyue Shen,AverageAlmonds,9094336
2026-07-06T04:02:16.858272,2026-07-06T04:02:16.870125+00:00,156.9,125,ask,YieldingYams,AverageAlmonds,9094343
2026-07-06T04:02:16.858272,2026-07-06T04:02:16.870125+00:00,156.9,200,ask,WavyWalnuts,AverageAlmonds,9094344
2026-07-06T04:02:18.486708,2026-07-06T04:02:18.498170+00:00,156.7,200,ask,WavyWalnuts,YieldingYams,9094361
2026-07-06T04:02:20.713094,2026-07-06T04:02:20.724155+00:00,156.7,8,bid,Zhangyue Shen,WavyWalnuts,9094393
2026-07-06T04:02:21.108872,2026-07-06T04:02:21.119977+00:00,156.7,192,bid,YieldingYams,WavyWalnuts,9094397
2026-07-06T04:02:25.974255,2026-07-06T04:02:25.985611+00:00,156.8,200,bid,WavyWalnuts,YieldingYams,9094451
2026-07-06T04:02:28.723509,2026-07-06T04:02:28.733556+00:00,156.9,8,bid,Zhangyue Shen,YieldingYams,9094484
2026-07-06T04:02:28.986925,2026-07-06T04:02:28.996400+00:00,156.7,200,ask,WavyWalnuts,YieldingYams,9094488
2026-07-06T04:02:33.324795,2026-07-06T04:02:33.329271+00:00,156.5,12,ask,YieldingYams,Xuanyu Liu,9094555
2026-07-06T04:02:33.547254,2026-07-06T04:02:33.558578+00:00,156.5,8,ask,YieldingYams,Zhangyue Shen,9094558
2026-07-06T04:02:34.460487,2026-07-06T04:02:34.468985+00:00,156.6,200,bid,WavyWalnuts,YieldingYams,9094575
2026-07-06T04:02:35.568752,2026-07-06T04:02:35.572455+00:00,156.6,11,ask,YieldingYams,Xuanyu Liu,9094590
2026-07-06T04:02:35.576547,2026-07-06T04:02:35.588110+00:00,156.6,8,ask,YieldingYams,Zhangyue Shen,9094591
2026-07-06T04:02:37.362498,2026-07-06T04:02:37.374513+00:00,156.8,8,ask,WavyWalnuts,Zhangyue Shen,9094622
2026-07-06T04:02:38.171806,2026-07-06T04:02:38.178524+00:00,156.8,200,ask,WavyWalnuts,YieldingYams,9094632
2026-07-06T04:02:40.134248,2026-07-06T04:02:40.145848+00:00,156.7,8,ask,WavyWalnuts,Zhangyue Shen,9094659
2026-07-06T04:02:44.739158,2026-07-06T04:02:44.746544+00:00,156.9,200,bid,YieldingYams,WavyWalnuts,9094711
2026-07-06T04:02:47.365144,2026-07-06T04:02:47.373520+00:00,156.8,500,ask,AverageAlmonds,YieldingYams,9094740
2026-07-06T04:02:47.720038,2026-07-06T04:02:47.729656+00:00,156.8,125,bid,AverageAlmonds,YieldingYams,9094744
2026-07-06T04:02:47.720038,2026-07-06T04:02:47.729656+00:00,156.9,200,bid,AverageAlmonds,WavyWalnuts,9094745
2026-07-06T04:02:50.663238,2026-07-06T04:02:50.670345+00:00,156.9,20,bid,BrilliantBurritos,WavyWalnuts,9094781
2026-07-06T04:02:52.485328,2026-07-06T04:02:52.497308+00:00,156.9,8,bid,Zhangyue Shen,YieldingYams,9094798
2026-07-06T04:02:52.634701,2026-07-06T04:02:52.646441+00:00,156.9,200,bid,WavyWalnuts,YieldingYams,9094801
2026-07-06T04:02:52.763433,2026-07-06T04:02:52.773193+00:00,156.9,20,bid,BrilliantBurritos,YieldingYams,9094803
2026-07-06T04:02:55.246991,2026-07-06T04:02:55.253903+00:00,157.0,200,bid,YieldingYams,WavyWalnuts,9094837
2026-07-06T04:02:55.525302,2026-07-06T04:02:55.532876+00:00,157.3,8,bid,Zhangyue Shen,AverageAlmonds,9094845
2026-07-06T04:02:56.279806,2026-07-06T04:02:56.283474+00:00,157.1,11,bid,Xuanyu Liu,WavyWalnuts,9094854
2026-07-06T04:03:01.570480,2026-07-06T04:03:01.577297+00:00,157.2,8,bid,Zhangyue Shen,YieldingYams,9094921
2026-07-06T04:03:01.795143,2026-07-06T04:03:01.806723+00:00,157.1,20,ask,WavyWalnuts,BrilliantBurritos,9094926
2026-07-06T04:03:01.806967,2026-07-06T04:03:01.817424+00:00,157.1,180,ask,WavyWalnuts,YieldingYams,9094927
2026-07-06T04:03:02.322286,2026-07-06T04:03:02.329420+00:00,157.0,200,bid,WavyWalnuts,YieldingYams,9094933
2026-07-06T04:03:05.105647,2026-07-06T04:03:05.117492+00:00,157.0,8,bid,Zhangyue Shen,YieldingYams,9094972
2026-07-06T04:03:05.968298,2026-07-06T04:03:05.972012+00:00,157.0,11,ask,WavyWalnuts,Xuanyu Liu,9094985
2026-07-06T04:03:07.065144,2026-07-06T04:03:07.069272+00:00,157.1,12,ask,YieldingYams,Xuanyu Liu,9094995
2026-07-06T04:03:07.171680,2026-07-06T04:03:07.180435+00:00,157.1,200,ask,YieldingYams,WavyWalnuts,9095001
2026-07-06T04:03:08.072322,2026-07-06T04:03:08.076042+00:00,157.3,23,bid,Xuanyu Liu,YieldingYams,9095012
2026-07-06T04:03:08.135981,2026-07-06T04:03:08.147775+00:00,157.3,8,bid,Zhangyue Shen,YieldingYams,9095013
2026-07-06T04:03:08.378059,2026-07-06T04:03:08.381800+00:00,157.1,23,bid,Xuanyu Liu,YieldingYams,9095016
2026-07-06T04:03:08.381944,2026-07-06T04:03:08.397438+00:00,157.1,200,bid,WavyWalnuts,YieldingYams,9095017
2026-07-06T04:03:09.592007,2026-07-06T04:03:09.598892+00:00,157.1,200,bid,WavyWalnuts,YieldingYams,9095041
2026-07-06T04:03:10.802795,2026-07-06T04:03:10.814165+00:00,157.1,200,ask,YieldingYams,WavyWalnuts,9095056
2026-07-06T04:03:11.360705,2026-07-06T04:03:11.364401+00:00,156.8,11,ask,WavyWalnuts,Xuanyu Liu,9095069
2026-07-06T04:03:11.454100,2026-07-06T04:03:11.463622+00:00,157.0,8,bid,Zhangyue Shen,YieldingYams,9095075
2026-07-06T04:03:11.568108,2026-07-06T04:03:11.579868+00:00,156.8,20,ask,WavyWalnuts,BrilliantBurritos,9095078
2026-07-06T04:03:12.010742,2026-07-06T04:03:12.018031+00:00,157.0,200,bid,WavyWalnuts,YieldingYams,9095084
2026-07-06T04:03:13.236324,2026-07-06T04:03:13.240778+00:00,156.9,12,ask,WavyWalnuts,Xuanyu Liu,9095097
2026-07-06T04:03:14.399907,2026-07-06T04:03:14.403648+00:00,157.0,12,bid,Xuanyu Liu,YieldingYams,9095114
2026-07-06T04:03:14.475230,2026-07-06T04:03:14.486330+00:00,157.0,8,bid,Zhangyue Shen,YieldingYams,9095116
2026-07-06T04:03:15.481356,2026-07-06T04:03:15.493138+00:00,157.0,8,bid,Zhangyue Shen,WavyWalnuts,9095126
2026-07-06T04:03:16.503613,2026-07-06T04:03:16.515528+00:00,157.0,8,bid,Zhangyue Shen,WavyWalnuts,9095146
2026-07-06T04:03:17.806046,2026-07-06T04:03:17.815275+00:00,157.1,8,bid,Zhangyue Shen,WavyWalnuts,9095159
2026-07-06T04:03:20.501152,2026-07-06T04:03:20.510326+00:00,156.8,200,ask,YieldingYams,WavyWalnuts,9095185
2026-07-06T04:03:24.371886,2026-07-06T04:03:24.383812+00:00,157.0,8,bid,Zhangyue Shen,YieldingYams,9095226
2026-07-06T04:03:26.567194,2026-07-06T04:03:26.574197+00:00,156.9,200,ask,YieldingYams,WavyWalnuts,9095263
2026-07-06T04:03:30.118095,2026-07-06T04:03:30.126692+00:00,157.0,200,bid,AverageAlmonds,WavyWalnuts,9095299
2026-07-06T04:03:30.118095,2026-07-06T04:03:30.126692+00:00,157.0,300,bid,AverageAlmonds,YieldingYams,9095300
2026-07-06T04:03:30.710892,2026-07-06T04:03:30.713502+00:00,157.1,500,bid,AverageAlmonds,YieldingYams,9095309
2026-07-06T04:03:31.313912,2026-07-06T04:03:31.322232+00:00,157.1,125,bid,AverageAlmonds,YieldingYams,9095313
2026-07-06T04:03:31.405855,2026-07-06T04:03:31.413347+00:00,157.1,200,ask,AverageAlmonds,WavyWalnuts,9095317
2026-07-06T04:03:31.659993,2026-07-06T04:03:31.671712+00:00,158.0,20,bid,BrilliantBurritos,AverageAlmonds,9095321
2026-07-06T04:03:32.613790,2026-07-06T04:03:32.621693+00:00,157.1,200,ask,YieldingYams,WavyWalnuts,9095342
2026-07-06T04:03:33.082797,2026-07-06T04:03:33.085839+00:00,157.3,20,bid,BrilliantBurritos,YieldingYams,9095350
2026-07-06T04:03:33.289783,2026-07-06T04:03:33.300377+00:00,157.1,500,ask,AverageAlmonds,YieldingYams,9095352
2026-07-06T04:03:33.306572,2026-07-06T04:03:33.310432+00:00,157.1,14,bid,Xuanyu Liu,YieldingYams,9095354
2026-07-06T04:03:33.724579,2026-07-06T04:03:33.733524+00:00,157.1,111,bid,AverageAlmonds,YieldingYams,9095358
2026-07-06T04:03:33.823925,2026-07-06T04:03:33.834876+00:00,157.1,200,ask,AverageAlmonds,WavyWalnuts,9095363
2026-07-06T04:03:36.330581,2026-07-06T04:03:36.337402+00:00,157.3,8,bid,Zhangyue Shen,WavyWalnuts,9095402
2026-07-06T04:03:36.599690,2026-07-06T04:03:36.606532+00:00,157.3,11,bid,Zhangyue Shen,WavyWalnuts,9095405
2026-07-06T04:03:37.455263,2026-07-06T04:03:37.458604+00:00,157.2,200,ask,YieldingYams,WavyWalnuts,9095417
2026-07-06T04:03:37.711545,2026-07-06T04:03:37.723442+00:00,157.4,20,bid,BrilliantBurritos,YieldingYams,9095418
2026-07-06T04:03:39.842295,2026-07-06T04:03:39.863132+00:00,157.3,200,bid,YieldingYams,WavyWalnuts,9095441
2026-07-06T04:03:39.859816,2026-07-06T04:03:39.863132+00:00,157.3,3,ask,YieldingYams,Xuanyu Liu,9095444
2026-07-06T04:03:42.472458,2026-07-06T04:03:42.479285+00:00,157.4,200,bid,YieldingYams,WavyWalnuts,9095477
2026-07-06T04:03:42.489719,2026-07-06T04:03:42.493436+00:00,157.4,11,ask,YieldingYams,Xuanyu Liu,9095479
2026-07-06T04:03:43.786567,2026-07-06T04:03:43.789730+00:00,157.5,200,bid,YieldingYams,WavyWalnuts,9095495
2026-07-06T04:03:44.717484,2026-07-06T04:03:44.727115+00:00,157.5,200,ask,YieldingYams,WavyWalnuts,9095507
2026-07-06T04:03:45.122245,2026-07-06T04:03:45.126509+00:00,157.4,11,bid,Xuanyu Liu,YieldingYams,9095513
2026-07-06T04:03:47.137228,2026-07-06T04:03:47.147382+00:00,157.3,200,bid,WavyWalnuts,YieldingYams,9095537
2026-07-06T04:03:47.506757,2026-07-06T04:03:47.518782+00:00,157.3,20,bid,BrilliantBurritos,YieldingYams,9095542
2026-07-06T04:03:48.349534,2026-07-06T04:03:48.358570+00:00,157.3,200,bid,WavyWalnuts,YieldingYams,9095553
2026-07-06T04:03:53.630705,2026-07-06T04:03:53.642417+00:00,157.3,20,ask,YieldingYams,BrilliantBurritos,9095633
2026-07-06T04:03:55.541307,2026-07-06T04:03:55.551729+00:00,157.4,20,bid,BrilliantBurritos,WavyWalnuts,9095657
2026-07-06T04:03:58.219285,2026-07-06T04:03:58.230271+00:00,157.2,200,ask,WavyWalnuts,YieldingYams,9095697
2026-07-06T04:03:58.751346,2026-07-06T04:03:58.758837+00:00,156.9,8,ask,YieldingYams,Zhangyue Shen,9095703
2026-07-06T04:03:58.754776,2026-07-06T04:03:58.758837+00:00,156.9,23,ask,YieldingYams,Xuanyu Liu,9095704
2026-07-06T04:03:59.249435,2026-07-06T04:03:59.257411+00:00,157.1,200,bid,WavyWalnuts,YieldingYams,9095711
2026-07-06T04:03:59.546795,2026-07-06T04:03:59.550886+00:00,157.1,19,ask,YieldingYams,Xuanyu Liu,9095717
2026-07-06T04:04:00.016362,2026-07-06T04:04:00.028276+00:00,157.1,8,ask,YieldingYams,Zhangyue Shen,9095727
2026-07-06T04:04:00.784404,2026-07-06T04:04:00.796406+00:00,157.3,8,bid,Zhangyue Shen,YieldingYams,9095743
2026-07-06T04:04:06.512631,2026-07-06T04:04:06.522761+00:00,157.2,200,bid,WavyWalnuts,YieldingYams,9095799
2026-07-06T04:04:07.490261,2026-07-06T04:04:07.502391+00:00,157.0,20,ask,YieldingYams,BrilliantBurritos,9095810
2026-07-06T04:04:08.372646,2026-07-06T04:04:08.382301+00:00,157.1,8,ask,WavyWalnuts,Zhangyue Shen,9095824
2026-07-06T04:04:08.933419,2026-07-06T04:04:08.942254+00:00,157.2,200,bid,WavyWalnuts,YieldingYams,9095832
2026-07-06T04:04:16.927073,2026-07-06T04:04:16.935341+00:00,156.9,8,ask,WavyWalnuts,Zhangyue Shen,9095939
2026-07-06T04:04:17.191048,2026-07-06T04:04:17.198286+00:00,156.9,20,ask,WavyWalnuts,BrilliantBurritos,9095944
2026-07-06T04:04:23.233707,2026-07-06T04:04:23.237925+00:00,157.0,8,bid,Xuanyu Liu,YieldingYams,9096020
2026-07-06T04:04:23.841875,2026-07-06T04:04:23.858882+00:00,156.8,20,ask,YieldingYams,BrilliantBurritos,9096026
2026-07-06T04:04:24.064178,2026-07-06T04:04:24.067764+00:00,156.8,12,ask,YieldingYams,Xuanyu Liu,9096033
2026-07-06T04:04:24.245229,2026-07-06T04:04:24.258644+00:00,156.8,8,ask,YieldingYams,Zhangyue Shen,9096036
2026-07-06T04:04:25.264597,2026-07-06T04:04:25.276596+00:00,156.8,8,ask,WavyWalnuts,Zhangyue Shen,9096050
2026-07-06T04:04:25.843120,2026-07-06T04:04:25.858570+00:00,156.8,192,ask,WavyWalnuts,YieldingYams,9096061
2026-07-06T04:04:27.153251,2026-07-06T04:04:27.160904+00:00,156.8,200,bid,YieldingYams,WavyWalnuts,9096070
2026-07-06T04:04:28.264237,2026-07-06T04:04:28.275692+00:00,156.8,200,ask,YieldingYams,WavyWalnuts,9096089
2026-07-06T04:04:30.085290,2026-07-06T04:04:30.097141+00:00,156.8,20,ask,YieldingYams,BrilliantBurritos,9096111
2026-07-06T04:04:30.391763,2026-07-06T04:04:30.395474+00:00,156.8,22,ask,YieldingYams,Xuanyu Liu,9096118
2026-07-06T04:04:30.538379,2026-07-06T04:04:30.549442+00:00,156.8,3,ask,YieldingYams,Zhangyue Shen,9096122
2026-07-06T04:04:30.798801,2026-07-06T04:04:30.810027+00:00,156.8,3,ask,YieldingYams,Zhangyue Shen,9096124
2026-07-06T04:04:31.057855,2026-07-06T04:04:31.069292+00:00,156.8,3,ask,YieldingYams,Zhangyue Shen,9096130
2026-07-06T04:04:31.318567,2026-07-06T04:04:31.327369+00:00,156.8,3,ask,YieldingYams,Zhangyue Shen,9096134
2026-07-06T04:04:31.578983,2026-07-06T04:04:31.589977+00:00,156.8,3,ask,YieldingYams,Zhangyue Shen,9096139
2026-07-06T04:04:31.856591,2026-07-06T04:04:31.868998+00:00,156.8,3,ask,YieldingYams,Zhangyue Shen,9096142
2026-07-06T04:04:32.116513,2026-07-06T04:04:32.122984+00:00,156.8,3,ask,YieldingYams,Zhangyue Shen,9096147
2026-07-06T04:04:32.376824,2026-07-06T04:04:32.388278+00:00,156.8,3,ask,YieldingYams,Zhangyue Shen,9096152
2026-07-06T04:04:32.897104,2026-07-06T04:04:32.908442+00:00,156.7,3,ask,YieldingYams,Zhangyue Shen,9096164
2026-07-06T04:04:33.124911,2026-07-06T04:04:33.131775+00:00,156.7,200,ask,YieldingYams,WavyWalnuts,9096167
2026-07-06T04:04:33.157925,2026-07-06T04:04:33.169236+00:00,156.7,3,ask,YieldingYams,Zhangyue Shen,9096169
2026-07-06T04:04:33.431778,2026-07-06T04:04:33.438804+00:00,156.7,3,ask,YieldingYams,Zhangyue Shen,9096172
2026-07-06T04:04:33.699224,2026-07-06T04:04:33.708056+00:00,156.7,8,ask,YieldingYams,Zhangyue Shen,9096176
2026-07-06T04:04:35.548779,2026-07-06T04:04:35.559446+00:00,156.8,200,ask,YieldingYams,WavyWalnuts,9096201
2026-07-06T04:04:37.969675,2026-07-06T04:04:37.979953+00:00,156.7,200,bid,WavyWalnuts,YieldingYams,9096223
2026-07-06T04:04:38.897350,2026-07-06T04:04:38.909025+00:00,156.7,20,bid,BrilliantBurritos,YieldingYams,9096234
2026-07-06T04:04:43.252812,2026-07-06T04:04:43.258599+00:00,156.8,8,ask,WavyWalnuts,Zhangyue Shen,9096288
2026-07-06T04:04:46.462178,2026-07-06T04:04:46.468960+00:00,156.8,200,bid,WavyWalnuts,YieldingYams,9096336
2026-07-06T04:04:47.688776,2026-07-06T04:04:47.692697+00:00,156.7,11,bid,Xuanyu Liu,WavyWalnuts,9096348
2026-07-06T04:04:48.153618,2026-07-06T04:04:48.158579+00:00,156.7,189,bid,YieldingYams,WavyWalnuts,9096353
2026-07-06T04:04:48.878484,2026-07-06T04:04:48.886160+00:00,156.8,200,ask,YieldingYams,WavyWalnuts,9096373
2026-07-06T04:04:50.092095,2026-07-06T04:04:50.099200+00:00,156.7,200,ask,YieldingYams,WavyWalnuts,9096382
2026-07-06T04:04:50.795952,2026-07-06T04:04:50.799741+00:00,156.7,34,bid,Xuanyu Liu,YieldingYams,9096393
2026-07-06T04:04:52.096385,2026-07-06T04:04:52.107921+00:00,156.6,8,ask,WavyWalnuts,Zhangyue Shen,9096410
2026-07-06T04:04:52.523137,2026-07-06T04:04:52.526684+00:00,156.8,11,ask,WavyWalnuts,Xuanyu Liu,9096420
2026-07-06T04:04:52.547837,2026-07-06T04:04:52.551398+00:00,156.8,34,ask,WavyWalnuts,Xuanyu Liu,9096422
2026-07-06T04:04:53.617727,2026-07-06T04:04:53.628204+00:00,156.8,155,ask,WavyWalnuts,AverageAlmonds,9096439
2026-07-06T04:04:53.617727,2026-07-06T04:04:53.628204+00:00,156.8,345,ask,YieldingYams,AverageAlmonds,9096440
2026-07-06T04:04:53.644664,2026-07-06T04:04:53.654274+00:00,156.8,8,ask,YieldingYams,Zhangyue Shen,9096443
2026-07-06T04:04:54.933353,2026-07-06T04:04:54.943202+00:00,156.8,200,bid,WavyWalnuts,YieldingYams,9096456
2026-07-06T04:04:55.411580,2026-07-06T04:04:55.418497+00:00,156.6,8,ask,YieldingYams,Zhangyue Shen,9096461
2026-07-06T04:04:55.650469,2026-07-06T04:04:55.653799+00:00,156.8,11,bid,Xuanyu Liu,YieldingYams,9096466
2026-07-06T04:04:57.365471,2026-07-06T04:04:57.376258+00:00,156.8,200,bid,WavyWalnuts,YieldingYams,9096492
2026-07-06T04:04:58.937248,2026-07-06T04:04:58.949150+00:00,156.9,8,bid,Zhangyue Shen,WavyWalnuts,9096521
2026-07-06T04:05:01.147581,2026-07-06T04:05:01.152140+00:00,156.8,23,bid,Xuanyu Liu,YieldingYams,9096550
2026-07-06T04:05:01.802023,2026-07-06T04:05:01.814035+00:00,156.9,20,bid,BrilliantBurritos,YieldingYams,9096554
2026-07-06T04:05:03.224708,2026-07-06T04:05:03.236412+00:00,156.8,8,bid,Zhangyue Shen,YieldingYams,9096575
2026-07-06T04:05:03.431759,2026-07-06T04:05:03.442462+00:00,156.8,200,bid,WavyWalnuts,YieldingYams,9096579
2026-07-06T04:05:04.639959,2026-07-06T04:05:04.646604+00:00,156.8,200,bid,WavyWalnuts,YieldingYams,9096588
2026-07-06T04:05:07.469669,2026-07-06T04:05:07.473627+00:00,156.7,11,bid,Xuanyu Liu,WavyWalnuts,9096621
2026-07-06T04:05:07.551112,2026-07-06T04:05:07.557963+00:00,156.7,189,bid,AverageAlmonds,WavyWalnuts,9096622
2026-07-06T04:05:09.480674,2026-07-06T04:05:09.488869+00:00,156.8,200,ask,AverageAlmonds,WavyWalnuts,9096643
2026-07-06T04:05:09.533521,2026-07-06T04:05:09.545107+00:00,156.9,20,bid,BrilliantBurritos,YieldingYams,9096644
2026-07-06T04:05:09.962703,2026-07-06T04:05:09.970428+00:00,156.9,500,bid,AverageAlmonds,YieldingYams,9096650
2026-07-06T04:05:10.689466,2026-07-06T04:05:10.700874+00:00,156.9,200,ask,YieldingYams,WavyWalnuts,9096660
2026-07-06T04:05:10.817023,2026-07-06T04:05:10.828605+00:00,156.9,20,ask,YieldingYams,BrilliantBurritos,9096663
2026-07-06T04:05:11.554400,2026-07-06T04:05:11.564113+00:00,157.1,8,bid,Zhangyue Shen,YieldingYams,9096673
2026-07-06T04:05:11.899716,2026-07-06T04:05:11.909835+00:00,157.0,200,ask,AverageAlmonds,WavyWalnuts,9096681
2026-07-06T04:05:13.004219,2026-07-06T04:05:13.010531+00:00,157.1,500,bid,AverageAlmonds,YieldingYams,9096697
2026-07-06T04:05:13.106586,2026-07-06T04:05:13.118076+00:00,156.8,200,ask,YieldingYams,WavyWalnuts,9096700
2026-07-06T04:05:14.313033,2026-07-06T04:05:14.321405+00:00,157.0,200,ask,YieldingYams,WavyWalnuts,9096718
2026-07-06T04:05:14.442512,2026-07-06T04:05:14.446426+00:00,157.0,500,ask,AverageAlmonds,YieldingYams,9096721
2026-07-06T04:05:14.466386,2026-07-06T04:05:14.470339+00:00,157.0,12,bid,Xuanyu Liu,YieldingYams,9096724
2026-07-06T04:05:14.805638,2026-07-06T04:05:14.813993+00:00,157.0,113,bid,AverageAlmonds,YieldingYams,9096732
2026-07-06T04:05:14.838252,2026-07-06T04:05:14.842118+00:00,157.0,12,ask,AverageAlmonds,Xuanyu Liu,9096735
2026-07-06T04:05:16.650844,2026-07-06T04:05:16.654645+00:00,157.1,11,ask,AverageAlmonds,Xuanyu Liu,9096754
2026-07-06T04:05:17.880907,2026-07-06T04:05:17.884311+00:00,157.2,34,bid,Xuanyu Liu,YieldingYams,9096776
2026-07-06T04:05:18.377624,2026-07-06T04:05:18.384424+00:00,157.1,500,ask,AverageAlmonds,YieldingYams,9096780
2026-07-06T04:05:18.377624,2026-07-06T04:05:18.384424+00:00,157.1,125,ask,WavyWalnuts,YieldingYams,9096781
2026-07-06T04:05:20.192640,2026-07-06T04:05:20.200354+00:00,157.1,8,ask,WavyWalnuts,Zhangyue Shen,9096811
2026-07-06T04:05:20.866237,2026-07-06T04:05:20.876321+00:00,157.3,200,bid,AverageAlmonds,WavyWalnuts,9096828
2026-07-06T04:05:20.886449,2026-07-06T04:05:20.890229+00:00,157.3,8,ask,AverageAlmonds,Xuanyu Liu,9096830
2026-07-06T04:05:20.968893,2026-07-06T04:05:20.976524+00:00,157.4,8,bid,Zhangyue Shen,YieldingYams,9096832
2026-07-06T04:05:21.459246,2026-07-06T04:05:21.469292+00:00,157.3,333,bid,AverageAlmonds,YieldingYams,9096837
2026-07-06T04:05:21.483863,2026-07-06T04:05:21.487499+00:00,157.3,3,ask,AverageAlmonds,Xuanyu Liu,9096839
2026-07-06T04:05:21.497841,2026-07-06T04:05:21.508109+00:00,158.2,3,bid,Zhangyue Shen,AverageAlmonds,9096840
2026-07-06T04:05:24.257445,2026-07-06T04:05:24.269139+00:00,157.6,8,bid,Zhangyue Shen,YieldingYams,9096881
2026-07-06T04:05:24.585551,2026-07-06T04:05:24.597260+00:00,157.3,20,ask,YieldingYams,BrilliantBurritos,9096888
2026-07-06T04:05:25.188254,2026-07-06T04:05:25.195637+00:00,157.3,200,ask,YieldingYams,WavyWalnuts,9096891
2026-07-06T04:05:26.389523,2026-07-06T04:05:26.397511+00:00,157.1,20,ask,WavyWalnuts,BrilliantBurritos,9096910
2026-07-06T04:05:30.036837,2026-07-06T04:05:30.044545+00:00,157.3,200,bid,WavyWalnuts,YieldingYams,9096963
2026-07-06T04:05:30.814483,2026-07-06T04:05:30.823005+00:00,157.4,8,bid,Zhangyue Shen,YieldingYams,9096981
2026-07-06T04:05:33.293766,2026-07-06T04:05:33.301511+00:00,157.2,20,ask,WavyWalnuts,BrilliantBurritos,9097020
2026-07-06T04:05:35.416003,2026-07-06T04:05:35.434059+00:00,157.4,200,bid,YieldingYams,WavyWalnuts,9097048
2026-07-06T04:05:35.430286,2026-07-06T04:05:35.434059+00:00,157.4,12,ask,YieldingYams,Xuanyu Liu,9097051
2026-07-06T04:05:36.773205,2026-07-06T04:05:36.784855+00:00,157.3,20,ask,WavyWalnuts,BrilliantBurritos,9097067
2026-07-06T04:05:37.865751,2026-07-06T04:05:37.873428+00:00,157.5,8,bid,Zhangyue Shen,YieldingYams,9097083
2026-07-06T04:05:38.043439,2026-07-06T04:05:38.058635+00:00,157.4,200,ask,WavyWalnuts,YieldingYams,9097086
2026-07-06T04:05:39.123594,2026-07-06T04:05:39.133076+00:00,157.4,8,bid,Zhangyue Shen,YieldingYams,9097103
2026-07-06T04:05:40.394909,2026-07-06T04:05:40.406863+00:00,157.3,8,bid,Zhangyue Shen,WavyWalnuts,9097120
2026-07-06T04:05:41.060879,2026-07-06T04:05:41.072320+00:00,157.1,20,ask,YieldingYams,BrilliantBurritos,9097128
2026-07-06T04:05:43.183012,2026-07-06T04:05:43.187203+00:00,157.3,26,bid,Xuanyu Liu,WavyWalnuts,9097151
2026-07-06T04:05:44.550795,2026-07-06T04:05:44.558599+00:00,157.2,20,ask,YieldingYams,BrilliantBurritos,9097175
2026-07-06T04:05:45.386700,2026-07-06T04:05:45.398700+00:00,157.3,20,bid,BrilliantBurritos,WavyWalnuts,9097195
2026-07-06T04:05:45.929971,2026-07-06T04:05:45.938418+00:00,157.4,500,bid,YieldingYams,AverageAlmonds,9097204
2026-07-06T04:05:45.929971,2026-07-06T04:05:45.938418+00:00,157.4,125,bid,YieldingYams,WavyWalnuts,9097205
2026-07-06T04:05:46.365281,2026-07-06T04:05:46.376972+00:00,157.2,8,ask,WavyWalnuts,Zhangyue Shen,9097212
2026-07-06T04:05:48.225308,2026-07-06T04:05:48.233826+00:00,157.3,200,bid,WavyWalnuts,YieldingYams,9097241
2026-07-06T04:05:48.398629,2026-07-06T04:05:48.410032+00:00,157.3,8,bid,Zhangyue Shen,YieldingYams,9097247
2026-07-06T04:05:49.507790,2026-07-06T04:05:49.511761+00:00,157.3,37,ask,WavyWalnuts,Xuanyu Liu,9097262
2026-07-06T04:05:49.661751,2026-07-06T04:05:49.672125+00:00,157.3,8,ask,WavyWalnuts,Zhangyue Shen,9097264
2026-07-06T04:05:51.179375,2026-07-06T04:05:51.190773+00:00,157.3,200,ask,WavyWalnuts,YieldingYams,9097282
2026-07-06T04:05:51.945407,2026-07-06T04:05:51.958580+00:00,157.2,8,ask,WavyWalnuts,Zhangyue Shen,9097295
2026-07-06T04:05:52.491871,2026-07-06T04:05:52.513087+00:00,157.2,192,ask,WavyWalnuts,YieldingYams,9097301
2026-07-06T04:05:52.509420,2026-07-06T04:05:52.513087+00:00,157.1,11,bid,Xuanyu Liu,YieldingYams,9097303
2026-07-06T04:05:53.061962,2026-07-06T04:05:53.068652+00:00,157.1,200,bid,WavyWalnuts,YieldingYams,9097306
2026-07-06T04:05:53.272997,2026-07-06T04:05:53.284858+00:00,157.1,20,bid,BrilliantBurritos,YieldingYams,9097311
2026-07-06T04:05:54.273256,2026-07-06T04:05:54.284962+00:00,157.2,200,bid,WavyWalnuts,YieldingYams,9097317
2026-07-06T04:05:54.967081,2026-07-06T04:05:54.978800+00:00,156.9,6,ask,YieldingYams,Zhangyue Shen,9097329
2026-07-06T04:05:55.483290,2026-07-06T04:05:55.493571+00:00,157.2,200,bid,WavyWalnuts,YieldingYams,9097340
2026-07-06T04:05:57.816055,2026-07-06T04:05:57.823109+00:00,157.2,200,ask,WavyWalnuts,AverageAlmonds,9097355
2026-07-06T04:05:57.897527,2026-07-06T04:05:57.906698+00:00,157.2,200,bid,WavyWalnuts,AverageAlmonds,9097357
2026-07-06T04:05:58.743363,2026-07-06T04:05:58.753797+00:00,157.1,8,ask,YieldingYams,Zhangyue Shen,9097369
2026-07-06T04:05:59.049500,2026-07-06T04:05:59.058989+00:00,157.2,500,bid,YieldingYams,AverageAlmonds,9097371
2026-07-06T04:05:59.619054,2026-07-06T04:05:59.626807+00:00,157.2,125,ask,YieldingYams,AverageAlmonds,9097380
2026-07-06T04:06:00.233874,2026-07-06T04:06:00.240506+00:00,157.1,200,ask,WavyWalnuts,AverageAlmonds,9097390
2026-07-06T04:06:00.257470,2026-07-06T04:06:00.268933+00:00,157.0,8,bid,Zhangyue Shen,AverageAlmonds,9097391
2026-07-06T04:06:00.314145,2026-07-06T04:06:00.322947+00:00,157.0,200,bid,WavyWalnuts,AverageAlmonds,9097393
2026-07-06T04:06:00.360876,2026-07-06T04:06:00.368249+00:00,157.0,92,bid,YieldingYams,AverageAlmonds,9097394
2026-07-06T04:06:03.928261,2026-07-06T04:06:03.939684+00:00,157.1,20,bid,BrilliantBurritos,WavyWalnuts,9097457
2026-07-06T04:06:04.306150,2026-07-06T04:06:04.315784+00:00,156.9,8,bid,Zhangyue Shen,YieldingYams,9097462
2026-07-06T04:06:06.050018,2026-07-06T04:06:06.063655+00:00,156.8,20,ask,WavyWalnuts,BrilliantBurritos,9097491
2026-07-06T04:06:07.521277,2026-07-06T04:06:07.532072+00:00,156.8,200,ask,WavyWalnuts,AverageAlmonds,9097508
2026-07-06T04:06:08.244110,2026-07-06T04:06:08.258581+00:00,156.8,500,bid,YieldingYams,AverageAlmonds,9097518
2026-07-06T04:06:08.718749,2026-07-06T04:06:08.725489+00:00,156.8,125,ask,YieldingYams,AverageAlmonds,9097525
2026-07-06T04:06:08.784591,2026-07-06T04:06:08.792799+00:00,156.8,200,bid,WavyWalnuts,AverageAlmonds,9097527
2026-07-06T04:06:08.841773,2026-07-06T04:06:08.852459+00:00,155.9,8,ask,AverageAlmonds,Zhangyue Shen,9097529
2026-07-06T04:06:13.238467,2026-07-06T04:06:13.250025+00:00,157.0,20,bid,BrilliantBurritos,YieldingYams,9097597
2026-07-06T04:06:13.866908,2026-07-06T04:06:13.878489+00:00,156.7,20,ask,YieldingYams,BrilliantBurritos,9097604
2026-07-06T04:06:16.034236,2026-07-06T04:06:16.043813+00:00,156.9,200,bid,WavyWalnuts,YieldingYams,9097637
2026-07-06T04:06:17.069222,2026-07-06T04:06:17.079684+00:00,157.0,20,bid,BrilliantBurritos,AverageAlmonds,9097653
2026-07-06T04:06:17.240554,2026-07-06T04:06:17.247301+00:00,156.9,200,bid,WavyWalnuts,AverageAlmonds,9097659
2026-07-06T04:06:18.923553,2026-07-06T04:06:18.935449+00:00,157.0,8,bid,Zhangyue Shen,YieldingYams,9097680
2026-07-06T04:06:22.950789,2026-07-06T04:06:22.957171+00:00,156.9,8,bid,Zhangyue Shen,WavyWalnuts,9097740
2026-07-06T04:06:24.595060,2026-07-06T04:06:24.606733+00:00,156.6,20,ask,YieldingYams,BrilliantBurritos,9097756
2026-07-06T04:06:27.494643,2026-07-06T04:06:27.502536+00:00,156.6,8,ask,YieldingYams,Zhangyue Shen,9097788
2026-07-06T04:06:27.765931,2026-07-06T04:06:27.773950+00:00,156.6,8,ask,YieldingYams,Zhangyue Shen,9097791
2026-07-06T04:06:29.239437,2026-07-06T04:06:29.249175+00:00,156.7,200,bid,YieldingYams,WavyWalnuts,9097813
2026-07-06T04:06:29.372608,2026-07-06T04:06:29.380083+00:00,156.7,200,ask,YieldingYams,WavyWalnuts,9097816
2026-07-06T04:06:29.774752,2026-07-06T04:06:29.786463+00:00,156.7,8,ask,YieldingYams,Zhangyue Shen,9097819
2026-07-06T04:06:30.676738,2026-07-06T04:06:30.688218+00:00,156.5,20,bid,BrilliantBurritos,YieldingYams,9097832
2026-07-06T04:06:31.796291,2026-07-06T04:06:31.805069+00:00,156.5,200,bid,WavyWalnuts,YieldingYams,9097850
2026-07-06T04:06:31.813065,2026-07-06T04:06:31.821113+00:00,156.5,8,bid,Zhangyue Shen,YieldingYams,9097851
2026-07-06T04:06:33.790331,2026-07-06T04:06:33.794086+00:00,156.4,11,ask,YieldingYams,Xuanyu Liu,9097883
2026-07-06T04:06:35.806866,2026-07-06T04:06:35.824621+00:00,156.6,200,bid,YieldingYams,WavyWalnuts,9097913
2026-07-06T04:06:35.820751,2026-07-06T04:06:35.824621+00:00,156.6,23,ask,YieldingYams,Xuanyu Liu,9097916
2026-07-06T04:06:36.103828,2026-07-06T04:06:36.113137+00:00,156.6,8,ask,YieldingYams,Zhangyue Shen,9097926
2026-07-06T04:06:36.628905,2026-07-06T04:06:36.635617+00:00,156.6,200,ask,YieldingYams,WavyWalnuts,9097931
2026-07-06T04:06:38.105656,2026-07-06T04:06:38.112529+00:00,156.3,20,ask,YieldingYams,BrilliantBurritos,9097945
2026-07-06T04:06:40.114537,2026-07-06T04:06:40.118151+00:00,156.4,11,ask,YieldingYams,Zhangyue Shen,9097976
2026-07-06T04:06:40.139479,2026-07-06T04:06:40.149335+00:00,156.4,11,ask,YieldingYams,Xuanyu Liu,9097978
2026-07-06T04:06:40.249295,2026-07-06T04:06:40.258611+00:00,156.4,20,ask,YieldingYams,BrilliantBurritos,9097981
2026-07-06T04:06:40.399895,2026-07-06T04:06:40.410715+00:00,156.4,11,ask,YieldingYams,Zhangyue Shen,9097986
2026-07-06T04:06:40.660253,2026-07-06T04:06:40.666881+00:00,156.4,3,ask,YieldingYams,Zhangyue Shen,9097991
2026-07-06T04:06:40.920320,2026-07-06T04:06:40.931953+00:00,156.4,3,ask,YieldingYams,Zhangyue Shen,9097996
2026-07-06T04:06:41.189322,2026-07-06T04:06:41.197550+00:00,156.4,3,ask,WavyWalnuts,Zhangyue Shen,9097999
2026-07-06T04:06:42.446021,2026-07-06T04:06:42.463817+00:00,156.3,8,ask,WavyWalnuts,Zhangyue Shen,9098018
2026-07-06T04:06:43.303960,2026-07-06T04:06:43.307856+00:00,156.3,12,ask,AverageAlmonds,Xuanyu Liu,9098032
2026-07-06T04:06:43.470494,2026-07-06T04:06:43.477735+00:00,156.3,8,ask,AverageAlmonds,Zhangyue Shen,9098033
2026-07-06T04:06:43.686102,2026-07-06T04:06:43.696527+00:00,156.3,480,ask,AverageAlmonds,YieldingYams,9098037
2026-07-06T04:06:43.819861,2026-07-06T04:06:43.829557+00:00,156.3,145,bid,AverageAlmonds,YieldingYams,9098041
2026-07-06T04:06:44.512380,2026-07-06T04:06:44.521852+00:00,156.3,5,ask,WavyWalnuts,Zhangyue Shen,9098050
2026-07-06T04:06:45.010803,2026-07-06T04:06:45.014465+00:00,156.4,11,ask,YieldingYams,Xuanyu Liu,9098057
2026-07-06T04:06:45.116110,2026-07-06T04:06:45.119860+00:00,156.5,6,ask,WavyWalnuts,Xuanyu Liu,9098063
2026-07-06T04:06:46.044951,2026-07-06T04:06:46.058612+00:00,156.5,20,ask,WavyWalnuts,BrilliantBurritos,9098077
2026-07-06T04:06:47.517013,2026-07-06T04:06:47.526344+00:00,156.5,200,ask,YieldingYams,WavyWalnuts,9098098
2026-07-06T04:06:47.638453,2026-07-06T04:06:47.642842+00:00,156.6,6,bid,Xuanyu Liu,YieldingYams,9098100
2026-07-06T04:06:51.151263,2026-07-06T04:06:51.158543+00:00,156.6,200,bid,WavyWalnuts,YieldingYams,9098149
2026-07-06T04:06:52.735102,2026-07-06T04:06:52.739095+00:00,156.7,11,bid,Xuanyu Liu,WavyWalnuts,9098173
2026-07-06T04:06:54.800558,2026-07-06T04:06:54.804490+00:00,156.6,12,bid,Xuanyu Liu,WavyWalnuts,9098201
2026-07-06T04:06:56.805898,2026-07-06T04:06:56.815433+00:00,156.7,200,bid,YieldingYams,WavyWalnuts,9098222
2026-07-06T04:06:57.516311,2026-07-06T04:06:57.527711+00:00,156.7,20,ask,YieldingYams,BrilliantBurritos,9098232
2026-07-06T04:07:00.745336,2026-07-06T04:07:00.793142+00:00,156.9,200,bid,YieldingYams,WavyWalnuts,9098272
2026-07-06T04:07:00.788991,2026-07-06T04:07:00.793142+00:00,157.0,23,ask,YieldingYams,Xuanyu Liu,9098274
2026-07-06T04:07:00.881835,2026-07-06T04:07:00.889602+00:00,157.0,200,ask,YieldingYams,WavyWalnuts,9098277
2026-07-06T04:07:01.998960,2026-07-06T04:07:02.008301+00:00,157.0,202,ask,YieldingYams,AverageAlmonds,9098290
2026-07-06T04:07:02.057776,2026-07-06T04:07:02.067533+00:00,157.0,298,bid,YieldingYams,AverageAlmonds,9098292
2026-07-06T04:07:02.591677,2026-07-06T04:07:02.599922+00:00,157.0,327,ask,YieldingYams,AverageAlmonds,9098303
2026-07-06T04:07:02.591677,2026-07-06T04:07:02.599922+00:00,157.0,173,ask,WavyWalnuts,AverageAlmonds,9098304
2026-07-06T04:07:03.371826,2026-07-06T04:07:03.381877+00:00,157.0,200,ask,WavyWalnuts,YieldingYams,9098309
2026-07-06T04:07:04.512305,2026-07-06T04:07:04.520571+00:00,156.8,200,bid,WavyWalnuts,YieldingYams,9098332
2026-07-06T04:07:05.449744,2026-07-06T04:07:05.453821+00:00,156.7,6,ask,YieldingYams,Xuanyu Liu,9098346
2026-07-06T04:07:08.259785,2026-07-06T04:07:08.271501+00:00,157.0,20,bid,BrilliantBurritos,YieldingYams,9098378
2026-07-06T04:07:13.003604,2026-07-06T04:07:13.011292+00:00,157.0,200,ask,YieldingYams,WavyWalnuts,9098439
2026-07-06T04:07:15.416678,2026-07-06T04:07:15.423927+00:00,157.0,200,bid,WavyWalnuts,AverageAlmonds,9098481
2026-07-06T04:07:17.810024,2026-07-06T04:07:17.820443+00:00,156.9,200,ask,WavyWalnuts,YieldingYams,9098510
2026-07-06T04:07:17.832760,2026-07-06T04:07:17.841210+00:00,156.9,200,bid,WavyWalnuts,YieldingYams,9098514
2026-07-06T04:07:20.154653,2026-07-06T04:07:20.156009+00:00,156.8,200,ask,WavyWalnuts,AverageAlmonds,9098537
2026-07-06T04:07:20.154653,2026-07-06T04:07:20.156009+00:00,156.8,300,ask,YieldingYams,AverageAlmonds,9098538
2026-07-06T04:07:21.467452,2026-07-06T04:07:21.474522+00:00,156.8,200,bid,WavyWalnuts,AverageAlmonds,9098556
2026-07-06T04:07:23.053575,2026-07-06T04:07:23.058582+00:00,156.8,500,bid,YieldingYams,AverageAlmonds,9098578
2026-07-06T04:07:23.163317,2026-07-06T04:07:23.174952+00:00,156.8,125,ask,YieldingYams,AverageAlmonds,9098583
2026-07-06T04:07:23.892144,2026-07-06T04:07:23.898950+00:00,156.8,200,bid,WavyWalnuts,AverageAlmonds,9098599
2026-07-06T04:07:26.314734,2026-07-06T04:07:26.321027+00:00,156.7,200,bid,WavyWalnuts,AverageAlmonds,9098626
2026-07-06T04:07:27.020117,2026-07-06T04:07:27.027460+00:00,156.7,500,bid,YieldingYams,AverageAlmonds,9098634
2026-07-06T04:07:28.339389,2026-07-06T04:07:28.365855+00:00,156.7,200,ask,WavyWalnuts,YieldingYams,9098655
2026-07-06T04:07:28.361213,2026-07-06T04:07:28.365855+00:00,156.6,17,bid,Xuanyu Liu,YieldingYams,9098657
2026-07-06T04:07:28.739715,2026-07-06T04:07:28.750500+00:00,156.6,200,bid,WavyWalnuts,YieldingYams,9098659
2026-07-06T04:07:29.649294,2026-07-06T04:07:29.658583+00:00,156.7,500,bid,YieldingYams,AverageAlmonds,9098677
2026-07-06T04:07:29.810100,2026-07-06T04:07:29.818766+00:00,156.7,125,ask,YieldingYams,AverageAlmonds,9098679
2026-07-06T04:07:30.963029,2026-07-06T04:07:30.972252+00:00,156.6,200,ask,WavyWalnuts,YieldingYams,9098687
2026-07-06T04:07:36.224674,2026-07-06T04:07:36.228421+00:00,156.3,11,ask,YieldingYams,Xuanyu Liu,9098756
2026-07-06T04:07:36.475043,2026-07-06T04:07:36.484903+00:00,156.3,500,ask,YieldingYams,AverageAlmonds,9098765
2026-07-06T04:07:37.069841,2026-07-06T04:07:37.079519+00:00,156.3,114,ask,YieldingYams,AverageAlmonds,9098771
2026-07-06T04:07:37.069841,2026-07-06T04:07:37.079519+00:00,156.2,200,ask,WavyWalnuts,AverageAlmonds,9098772
2026-07-06T04:07:40.278590,2026-07-06T04:07:40.283286+00:00,156.0,6,ask,WavyWalnuts,Xuanyu Liu,9098814
2026-07-06T04:07:44.970105,2026-07-06T04:07:44.979563+00:00,156.2,200,ask,WavyWalnuts,AverageAlmonds,9098869
2026-07-06T04:07:45.371959,2026-07-06T04:07:45.379068+00:00,156.2,300,bid,YieldingYams,AverageAlmonds,9098872
2026-07-06T04:07:45.566247,2026-07-06T04:07:45.575483+00:00,156.2,325,ask,YieldingYams,AverageAlmonds,9098879
2026-07-06T04:07:55.233855,2026-07-06T04:07:55.240558+00:00,156.2,200,bid,AverageAlmonds,WavyWalnuts,9098991
2026-07-06T04:07:55.335492,2026-07-06T04:07:55.342153+00:00,156.2,200,ask,AverageAlmonds,WavyWalnuts,9098995
2026-07-06T04:07:56.541588,2026-07-06T04:07:56.550554+00:00,156.3,200,ask,AverageAlmonds,WavyWalnuts,9099011
2026-07-06T04:07:57.066420,2026-07-06T04:07:57.074612+00:00,156.4,500,bid,AverageAlmonds,YieldingYams,9099016
2026-07-06T04:07:57.750121,2026-07-06T04:07:57.755638+00:00,156.5,200,ask,AverageAlmonds,WavyWalnuts,9099033
2026-07-06T04:07:58.956710,2026-07-06T04:07:58.952224+00:00,156.5,200,ask,AverageAlmonds,WavyWalnuts,9099048
2026-07-06T04:07:59.550813,2026-07-06T04:07:59.552381+00:00,156.6,8,bid,Zhangyue Shen,YieldingYams,9099065
2026-07-06T04:07:59.815903,2026-07-06T04:07:59.825413+00:00,156.5,500,ask,AverageAlmonds,YieldingYams,9099067
2026-07-06T04:07:59.969260,2026-07-06T04:07:59.981194+00:00,156.2,20,ask,YieldingYams,BrilliantBurritos,9099069
2026-07-06T04:08:00.071607,2026-07-06T04:08:00.080690+00:00,156.5,125,bid,AverageAlmonds,YieldingYams,9099071
2026-07-06T04:08:00.163551,2026-07-06T04:08:00.170259+00:00,156.5,200,ask,AverageAlmonds,WavyWalnuts,9099074
2026-07-06T04:08:00.836194,2026-07-06T04:08:00.847450+00:00,156.5,3,ask,AverageAlmonds,Zhangyue Shen,9099087
2026-07-06T04:08:01.370182,2026-07-06T04:08:01.379450+00:00,156.6,200,ask,AverageAlmonds,WavyWalnuts,9099090
2026-07-06T04:08:02.350890,2026-07-06T04:08:02.355267+00:00,156.8,6,bid,Xuanyu Liu,YieldingYams,9099105
2026-07-06T04:08:02.447661,2026-07-06T04:08:02.451467+00:00,156.7,11,bid,Xuanyu Liu,YieldingYams,9099107
2026-07-06T04:08:02.578583,2026-07-06T04:08:02.585189+00:00,156.6,200,ask,AverageAlmonds,WavyWalnuts,9099110
2026-07-06T04:08:03.770575,2026-07-06T04:08:03.773779+00:00,156.6,12,bid,Xuanyu Liu,YieldingYams,9099118
2026-07-06T04:08:04.654889,2026-07-06T04:08:04.663622+00:00,156.6,8,bid,Zhangyue Shen,YieldingYams,9099141
2026-07-06T04:08:06.961802,2026-07-06T04:08:06.970576+00:00,156.7,8,bid,Zhangyue Shen,YieldingYams,9099180
2026-07-06T04:08:07.686140,2026-07-06T04:08:07.697548+00:00,156.6,200,ask,WavyWalnuts,YieldingYams,9099189
2026-07-06T04:08:08.985413,2026-07-06T04:08:08.997373+00:00,156.6,8,bid,Zhangyue Shen,YieldingYams,9099212
2026-07-06T04:08:13.300380,2026-07-06T04:08:13.311697+00:00,156.5,8,ask,WavyWalnuts,Zhangyue Shen,9099279
2026-07-06T04:08:15.349230,2026-07-06T04:08:15.358642+00:00,156.7,8,ask,YieldingYams,Zhangyue Shen,9099305
2026-07-06T04:08:17.047193,2026-07-06T04:08:17.054465+00:00,156.8,500,ask,YieldingYams,AverageAlmonds,9099332
2026-07-06T04:08:17.241044,2026-07-06T04:08:17.252855+00:00,156.8,20,bid,BrilliantBurritos,WavyWalnuts,9099336
2026-07-06T04:08:18.900037,2026-07-06T04:08:18.910725+00:00,156.6,8,ask,WavyWalnuts,Zhangyue Shen,9099371
2026-07-06T04:08:19.655991,2026-07-06T04:08:19.667713+00:00,156.7,8,bid,Zhangyue Shen,AverageAlmonds,9099386
2026-07-06T04:08:20.836927,2026-07-06T04:08:20.847168+00:00,156.7,200,ask,WavyWalnuts,YieldingYams,9099397
2026-07-06T04:08:24.790951,2026-07-06T04:08:24.794290+00:00,156.5,22,bid,Xuanyu Liu,YieldingYams,9099442
2026-07-06T04:08:25.574018,2026-07-06T04:08:25.585470+00:00,156.5,200,bid,WavyWalnuts,YieldingYams,9099458
2026-07-06T04:08:25.952996,2026-07-06T04:08:25.954275+00:00,156.5,8,bid,Zhangyue Shen,YieldingYams,9099465
2026-07-06T04:08:26.097477,2026-07-06T04:08:26.101136+00:00,156.4,12,bid,Xuanyu Liu,YieldingYams,9099467
2026-07-06T04:08:26.781179,2026-07-06T04:08:26.788876+00:00,156.4,200,bid,WavyWalnuts,YieldingYams,9099471
2026-07-06T04:08:27.992440,2026-07-06T04:08:28.000412+00:00,156.6,8,bid,Zhangyue Shen,YieldingYams,9099490
2026-07-06T04:08:30.013014,2026-07-06T04:08:30.019465+00:00,156.5,8,bid,Zhangyue Shen,YieldingYams,9099516
2026-07-06T04:08:30.408563,2026-07-06T04:08:30.416616+00:00,156.5,200,bid,WavyWalnuts,YieldingYams,9099520
2026-07-06T04:08:31.628248,2026-07-06T04:08:31.632137+00:00,156.5,8,ask,WavyWalnuts,Xuanyu Liu,9099535
2026-07-06T04:08:31.784421,2026-07-06T04:08:31.795575+00:00,156.6,8,bid,Zhangyue Shen,YieldingYams,9099537
2026-07-06T04:08:34.043844,2026-07-06T04:08:34.051185+00:00,156.6,200,bid,WavyWalnuts,YieldingYams,9099566
2026-07-06T04:08:34.317604,2026-07-06T04:08:34.324955+00:00,156.6,8,bid,Zhangyue Shen,YieldingYams,9099571
2026-07-06T04:08:36.351209,2026-07-06T04:08:36.358646+00:00,156.7,8,bid,Zhangyue Shen,WavyWalnuts,9099608
2026-07-06T04:08:36.745909,2026-07-06T04:08:36.757711+00:00,156.7,20,bid,BrilliantBurritos,YieldingYams,9099618
2026-07-06T04:08:37.106884,2026-07-06T04:08:37.118679+00:00,156.7,8,bid,Zhangyue Shen,YieldingYams,9099626
2026-07-06T04:08:37.140508,2026-07-06T04:08:37.144992+00:00,156.7,19,bid,Xuanyu Liu,YieldingYams,9099628
2026-07-06T04:08:37.681347,2026-07-06T04:08:37.690425+00:00,156.7,200,bid,WavyWalnuts,YieldingYams,9099635
2026-07-06T04:08:38.639156,2026-07-06T04:08:38.647071+00:00,156.9,8,bid,Zhangyue Shen,WavyWalnuts,9099644
2026-07-06T04:08:39.196954,2026-07-06T04:08:39.205490+00:00,156.8,200,bid,YieldingYams,WavyWalnuts,9099653
2026-07-06T04:08:39.196954,2026-07-06T04:08:39.205490+00:00,156.9,425,bid,YieldingYams,AverageAlmonds,9099654
2026-07-06T04:08:40.427664,2026-07-06T04:08:40.439515+00:00,156.9,8,bid,Zhangyue Shen,AverageAlmonds,9099671
2026-07-06T04:08:40.508932,2026-07-06T04:08:40.518749+00:00,156.8,200,ask,WavyWalnuts,YieldingYams,9099673
2026-07-06T04:08:42.192722,2026-07-06T04:08:42.199753+00:00,156.8,20,bid,BrilliantBurritos,AverageAlmonds,9099693
2026-07-06T04:08:42.766101,2026-07-06T04:08:42.773456+00:00,156.9,8,bid,Zhangyue Shen,YieldingYams,9099705
2026-07-06T04:08:43.126174,2026-07-06T04:08:43.152685+00:00,156.7,200,ask,WavyWalnuts,YieldingYams,9099708
2026-07-06T04:08:43.149008,2026-07-06T04:08:43.152685+00:00,156.7,23,bid,Xuanyu Liu,YieldingYams,9099710
2026-07-06T04:08:43.289357,2026-07-06T04:08:43.299251+00:00,156.7,3,bid,Zhangyue Shen,YieldingYams,9099716
2026-07-06T04:08:43.715320,2026-07-06T04:08:43.723004+00:00,156.7,200,bid,WavyWalnuts,YieldingYams,9099726
2026-07-06T04:08:44.462006,2026-07-06T04:08:44.465837+00:00,156.7,8,ask,YieldingYams,Zhangyue Shen,9099735
2026-07-06T04:08:44.471279,2026-07-06T04:08:44.474730+00:00,156.7,3,ask,YieldingYams,Xuanyu Liu,9099737
2026-07-06T04:08:44.569442,2026-07-06T04:08:44.581018+00:00,156.9,8,bid,Zhangyue Shen,WavyWalnuts,9099741
2026-07-06T04:08:44.824301,2026-07-06T04:08:44.835846+00:00,156.7,8,ask,YieldingYams,Xuanyu Liu,9099745
2026-07-06T04:08:46.370763,2026-07-06T04:08:46.382475+00:00,156.6,20,ask,YieldingYams,BrilliantBurritos,9099770
2026-07-06T04:08:48.345483,2026-07-06T04:08:48.358903+00:00,156.7,8,bid,Zhangyue Shen,YieldingYams,9099790
2026-07-06T04:08:49.671409,2026-07-06T04:08:49.680825+00:00,156.6,200,ask,WavyWalnuts,YieldingYams,9099813
2026-07-06T04:08:49.800518,2026-07-06T04:08:49.811188+00:00,156.4,200,bid,WavyWalnuts,YieldingYams,9099819
2026-07-06T04:08:51.023719,2026-07-06T04:08:51.040917+00:00,156.6,200,bid,WavyWalnuts,YieldingYams,9099839
2026-07-06T04:08:51.037240,2026-07-06T04:08:51.040917+00:00,156.4,12,ask,YieldingYams,Xuanyu Liu,9099842
2026-07-06T04:08:52.261128,2026-07-06T04:08:52.265045+00:00,156.5,11,ask,WavyWalnuts,Xuanyu Liu,9099861
2026-07-06T04:08:52.793767,2026-07-06T04:08:52.804559+00:00,156.6,20,bid,BrilliantBurritos,YieldingYams,9099868
2026-07-06T04:08:52.989409,2026-07-06T04:08:52.993360+00:00,156.6,23,bid,Xuanyu Liu,YieldingYams,9099875
2026-07-06T04:08:53.160087,2026-07-06T04:08:53.169006+00:00,156.6,16,bid,Zhangyue Shen,YieldingYams,9099878
2026-07-06T04:08:53.453821,2026-07-06T04:08:53.463653+00:00,156.6,200,bid,WavyWalnuts,YieldingYams,9099885
2026-07-06T04:08:56.201069,2026-07-06T04:08:56.212660+00:00,156.7,20,ask,WavyWalnuts,BrilliantBurritos,9099929
2026-07-06T04:09:01.938682,2026-07-06T04:09:01.948773+00:00,156.4,200,ask,YieldingYams,WavyWalnuts,9100003
2026-07-06T04:09:02.041115,2026-07-06T04:09:02.052374+00:00,156.4,8,ask,YieldingYams,Zhangyue Shen,9100004
2026-07-06T04:09:02.513910,2026-07-06T04:09:02.525558+00:00,156.7,20,bid,BrilliantBurritos,YieldingYams,9100012
2026-07-06T04:09:02.558917,2026-07-06T04:09:02.563078+00:00,156.4,23,ask,YieldingYams,Xuanyu Liu,9100014
2026-07-06T04:09:02.816030,2026-07-06T04:09:02.824101+00:00,156.4,8,ask,YieldingYams,Zhangyue Shen,9100019
2026-07-06T04:09:03.851881,2026-07-06T04:09:03.858591+00:00,156.4,8,ask,YieldingYams,Zhangyue Shen,9100035
2026-07-06T04:09:05.581404,2026-07-06T04:09:05.591392+00:00,156.5,200,bid,WavyWalnuts,YieldingYams,9100052
2026-07-06T04:09:06.135738,2026-07-06T04:09:06.147327+00:00,156.3,8,ask,YieldingYams,Zhangyue Shen,9100059
2026-07-06T04:09:07.581505,2026-07-06T04:09:07.590285+00:00,156.6,20,bid,BrilliantBurritos,WavyWalnuts,9100076
2026-07-06T04:09:08.005720,2026-07-06T04:09:08.016953+00:00,156.5,200,ask,YieldingYams,WavyWalnuts,9100081
2026-07-06T04:09:08.164899,2026-07-06T04:09:08.175938+00:00,156.4,8,ask,AverageAlmonds,Zhangyue Shen,9100085
2026-07-06T04:09:09.214788,2026-07-06T04:09:09.224561+00:00,156.4,200,ask,AverageAlmonds,WavyWalnuts,9100095
2026-07-06T04:09:10.426506,2026-07-06T04:09:10.433518+00:00,156.3,200,ask,AverageAlmonds,WavyWalnuts,9100112
2026-07-06T04:09:11.634251,2026-07-06T04:09:11.659308+00:00,156.4,200,ask,AverageAlmonds,WavyWalnuts,9100124
2026-07-06T04:09:11.959372,2026-07-06T04:09:11.969770+00:00,156.4,300,ask,AverageAlmonds,YieldingYams,9100127
2026-07-06T04:09:12.938274,2026-07-06T04:09:12.949719+00:00,156.3,8,ask,AverageAlmonds,Zhangyue Shen,9100141
2026-07-06T04:09:13.269032,2026-07-06T04:09:13.284914+00:00,156.4,200,bid,YieldingYams,WavyWalnuts,9100142
2026-07-06T04:09:13.281406,2026-07-06T04:09:13.284914+00:00,156.4,8,ask,YieldingYams,Xuanyu Liu,9100144
2026-07-06T04:09:13.453286,2026-07-06T04:09:13.463675+00:00,156.6,8,bid,Zhangyue Shen,YieldingYams,9100148
2026-07-06T04:09:14.048566,2026-07-06T04:09:14.057499+00:00,156.4,200,ask,YieldingYams,WavyWalnuts,9100158
2026-07-06T04:09:14.970088,2026-07-06T04:09:14.977139+00:00,156.1,8,ask,WavyWalnuts,Zhangyue Shen,9100168
2026-07-06T04:09:15.934899,2026-07-06T04:09:15.944954+00:00,156.3,200,ask,WavyWalnuts,YieldingYams,9100184
2026-07-06T04:09:16.390354,2026-07-06T04:09:16.400336+00:00,156.3,425,bid,AverageAlmonds,YieldingYams,9100188
2026-07-06T04:09:16.485347,2026-07-06T04:09:16.494026+00:00,156.6,8,bid,Zhangyue Shen,WavyWalnuts,9100194
2026-07-06T04:09:17.688077,2026-07-06T04:09:17.692215+00:00,156.5,4,ask,WavyWalnuts,Xuanyu Liu,9100209
2026-07-06T04:09:18.165518,2026-07-06T04:09:18.177267+00:00,156.7,20,bid,BrilliantBurritos,YieldingYams,9100215
2026-07-06T04:09:18.531441,2026-07-06T04:09:18.538826+00:00,156.7,8,bid,Zhangyue Shen,YieldingYams,9100222
2026-07-06T04:09:20.099061,2026-07-06T04:09:20.106299+00:00,156.6,200,ask,YieldingYams,WavyWalnuts,9100239
2026-07-06T04:09:20.825996,2026-07-06T04:09:20.836574+00:00,156.9,8,bid,Zhangyue Shen,YieldingYams,9100246
2026-07-06T04:09:22.845216,2026-07-06T04:09:22.856766+00:00,156.6,8,bid,Zhangyue Shen,YieldingYams,9100273
2026-07-06T04:09:24.869141,2026-07-06T04:09:24.879513+00:00,156.5,200,bid,AverageAlmonds,WavyWalnuts,9100300
2026-07-06T04:09:25.124708,2026-07-06T04:09:25.131714+00:00,156.7,8,bid,Zhangyue Shen,WavyWalnuts,9100308
2026-07-06T04:09:27.153860,2026-07-06T04:09:27.158576+00:00,156.8,8,bid,Zhangyue Shen,WavyWalnuts,9100338
2026-07-06T04:09:31.665359,2026-07-06T04:09:31.669019+00:00,156.9,11,ask,YieldingYams,Xuanyu Liu,9100402
2026-07-06T04:09:31.697345,2026-07-06T04:09:31.705601+00:00,156.9,8,ask,YieldingYams,Zhangyue Shen,9100405
2026-07-06T04:09:32.462752,2026-07-06T04:09:32.470349+00:00,156.9,8,ask,YieldingYams,Zhangyue Shen,9100411
2026-07-06T04:09:32.977928,2026-07-06T04:09:32.986868+00:00,156.8,8,ask,WavyWalnuts,Zhangyue Shen,9100418
2026-07-06T04:09:33.413554,2026-07-06T04:09:33.422771+00:00,157.0,200,bid,WavyWalnuts,YieldingYams,9100423
2026-07-06T04:09:39.784545,2026-07-06T04:09:39.796122+00:00,156.9,8,bid,Zhangyue Shen,YieldingYams,9100511
2026-07-06T04:09:39.949415,2026-07-06T04:09:39.961109+00:00,156.8,20,ask,WavyWalnuts,BrilliantBurritos,9100512
2026-07-06T04:09:42.940502,2026-07-06T04:09:42.958901+00:00,157.0,20,bid,BrilliantBurritos,YieldingYams,9100543
2026-07-06T04:09:44.057339,2026-07-06T04:09:44.069066+00:00,156.8,8,ask,WavyWalnuts,Zhangyue Shen,9100555
2026-07-06T04:09:44.302961,2026-07-06T04:09:44.310951+00:00,157.0,200,bid,WavyWalnuts,YieldingYams,9100563
2026-07-06T04:09:45.577819,2026-07-06T04:09:45.589203+00:00,156.9,8,bid,Zhangyue Shen,YieldingYams,9100579
2026-07-06T04:09:48.670543,2026-07-06T04:09:48.677316+00:00,156.7,200,ask,WavyWalnuts,YieldingYams,9100610
2026-07-06T04:09:52.610325,2026-07-06T04:09:52.613822+00:00,156.6,23,bid,Xuanyu Liu,YieldingYams,9100670
2026-07-06T04:09:52.772868,2026-07-06T04:09:52.781313+00:00,156.6,200,bid,WavyWalnuts,YieldingYams,9100674
2026-07-06T04:09:54.682209,2026-07-06T04:09:54.693963+00:00,156.5,8,ask,YieldingYams,Zhangyue Shen,9100701
2026-07-06T04:09:56.337125,2026-07-06T04:09:56.347902+00:00,156.7,200,bid,AverageAlmonds,WavyWalnuts,9100729
2026-07-06T04:09:56.393671,2026-07-06T04:09:56.400326+00:00,156.7,200,ask,AverageAlmonds,WavyWalnuts,9100733
2026-07-06T04:09:56.521582,2026-07-06T04:09:56.532818+00:00,156.7,100,ask,AverageAlmonds,YieldingYams,9100735
2026-07-06T04:09:56.965390,2026-07-06T04:09:56.974112+00:00,156.7,500,bid,AverageAlmonds,YieldingYams,9100741
2026-07-06T04:09:57.568863,2026-07-06T04:09:57.572039+00:00,156.7,25,bid,AverageAlmonds,YieldingYams,9100747
2026-07-06T04:09:57.621593,2026-07-06T04:09:57.629568+00:00,156.8,200,ask,AverageAlmonds,WavyWalnuts,9100751
2026-07-06T04:09:57.625224,2026-07-06T04:09:57.629568+00:00,156.8,4,ask,AverageAlmonds,Xuanyu Liu,9100752
2026-07-06T04:09:57.957939,2026-07-06T04:09:57.969432+00:00,156.8,8,ask,AverageAlmonds,Zhangyue Shen,9100760
2026-07-06T04:10:00.447161,2026-07-06T04:10:00.458848+00:00,156.9,500,ask,AverageAlmonds,YieldingYams,9100794
2026-07-06T04:10:01.247760,2026-07-06T04:10:01.258583+00:00,156.9,20,bid,BrilliantBurritos,YieldingYams,9100808
2026-07-06T04:10:02.693199,2026-07-06T04:10:02.701881+00:00,157.1,20,bid,BrilliantBurritos,YieldingYams,9100825
2026-07-06T04:10:06.343460,2026-07-06T04:10:06.358612+00:00,157.0,20,bid,BrilliantBurritos,YieldingYams,9100868
2026-07-06T04:10:10.287012,2026-07-06T04:10:10.295431+00:00,156.8,500,bid,AverageAlmonds,YieldingYams,9100918
2026-07-06T04:10:11.002891,2026-07-06T04:10:11.011540+00:00,156.8,200,ask,YieldingYams,WavyWalnuts,9100926
2026-07-06T04:10:12.199866,2026-07-06T04:10:12.203512+00:00,156.9,19,ask,AverageAlmonds,Xuanyu Liu,9100944
2026-07-06T04:10:12.224203,2026-07-06T04:10:12.234795+00:00,156.9,481,ask,AverageAlmonds,YieldingYams,9100947
2026-07-06T04:10:12.263445,2026-07-06T04:10:12.275159+00:00,156.8,8,bid,Zhangyue Shen,YieldingYams,9100949
2026-07-06T04:10:12.696373,2026-07-06T04:10:12.704709+00:00,156.8,136,bid,AverageAlmonds,YieldingYams,9100956
2026-07-06T04:10:13.044838,2026-07-06T04:10:13.053327+00:00,156.9,8,ask,AverageAlmonds,Zhangyue Shen,9100963
2026-07-06T04:10:13.427309,2026-07-06T04:10:13.435670+00:00,156.9,200,ask,AverageAlmonds,WavyWalnuts,9100969
2026-07-06T04:10:13.586725,2026-07-06T04:10:13.598102+00:00,156.9,8,ask,AverageAlmonds,Zhangyue Shen,9100975
2026-07-06T04:10:14.633827,2026-07-06T04:10:14.643144+00:00,156.9,200,ask,YieldingYams,WavyWalnuts,9100991
2026-07-06T04:10:15.353779,2026-07-06T04:10:15.364035+00:00,156.9,8,ask,YieldingYams,Zhangyue Shen,9101003
2026-07-06T04:10:15.840027,2026-07-06T04:10:15.847729+00:00,156.9,200,ask,YieldingYams,WavyWalnuts,9101011
2026-07-06T04:10:16.164454,2026-07-06T04:10:16.168245+00:00,157.0,11,bid,Xuanyu Liu,YieldingYams,9101013
2026-07-06T04:10:17.051886,2026-07-06T04:10:17.055682+00:00,156.9,200,ask,AverageAlmonds,WavyWalnuts,9101035
2026-07-06T04:10:17.347356,2026-07-06T04:10:17.359178+00:00,157.0,20,bid,BrilliantBurritos,YieldingYams,9101037
2026-07-06T04:10:17.545591,2026-07-06T04:10:17.558613+00:00,157.0,500,bid,AverageAlmonds,YieldingYams,9101040
2026-07-06T04:10:17.882685,2026-07-06T04:10:17.903578+00:00,157.0,8,bid,Zhangyue Shen,YieldingYams,9101047
2026-07-06T04:10:18.137719,2026-07-06T04:10:18.144808+00:00,157.0,117,bid,AverageAlmonds,YieldingYams,9101049
2026-07-06T04:10:18.257951,2026-07-06T04:10:18.269164+00:00,157.2,200,ask,AverageAlmonds,WavyWalnuts,9101054
2026-07-06T04:10:18.766354,2026-07-06T04:10:18.774810+00:00,157.2,500,ask,AverageAlmonds,YieldingYams,9101063
2026-07-06T04:10:20.561695,2026-07-06T04:10:20.568963+00:00,157.2,200,bid,AverageAlmonds,WavyWalnuts,9101093
2026-07-06T04:10:20.700632,2026-07-06T04:10:20.712967+00:00,157.2,200,ask,AverageAlmonds,WavyWalnuts,9101099
2026-07-06T04:10:21.694919,2026-07-06T04:10:21.699399+00:00,157.2,42,ask,AverageAlmonds,Xuanyu Liu,9101117
2026-07-06T04:10:21.913991,2026-07-06T04:10:21.926058+00:00,157.2,200,ask,YieldingYams,WavyWalnuts,9101123
2026-07-06T04:10:21.936594,2026-07-06T04:10:21.946659+00:00,157.2,8,ask,YieldingYams,Zhangyue Shen,9101126
2026-07-06T04:10:23.603261,2026-07-06T04:10:23.611714+00:00,157.4,500,bid,AverageAlmonds,YieldingYams,9101143
2026-07-06T04:10:24.001603,2026-07-06T04:10:24.010313+00:00,157.4,200,bid,YieldingYams,WavyWalnuts,9101148
2026-07-06T04:10:24.235003,2026-07-06T04:10:24.244573+00:00,157.5,8,ask,YieldingYams,Zhangyue Shen,9101161
2026-07-06T04:10:24.333698,2026-07-06T04:10:24.344360+00:00,157.5,200,ask,YieldingYams,WavyWalnuts,9101165
2026-07-06T04:10:24.360010,2026-07-06T04:10:24.371348+00:00,157.7,20,bid,BrilliantBurritos,YieldingYams,9101167
2026-07-06T04:10:25.326160,2026-07-06T04:10:25.330445+00:00,157.5,8,bid,Xuanyu Liu,YieldingYams,9101176
2026-07-06T04:10:25.513343,2026-07-06T04:10:25.521548+00:00,157.4,8,ask,AverageAlmonds,Zhangyue Shen,9101180
2026-07-06T04:10:26.013554,2026-07-06T04:10:26.021467+00:00,157.5,500,bid,AverageAlmonds,YieldingYams,9101194
2026-07-06T04:10:26.638824,2026-07-06T04:10:26.646208+00:00,157.6,200,bid,YieldingYams,WavyWalnuts,9101206
2026-07-06T04:10:26.751931,2026-07-06T04:10:26.759714+00:00,157.6,200,ask,YieldingYams,WavyWalnuts,9101208
2026-07-06T04:10:27.508630,2026-07-06T04:10:27.516588+00:00,157.6,20,ask,YieldingYams,BrilliantBurritos,9101224
2026-07-06T04:10:30.796616,2026-07-06T04:10:30.808209+00:00,157.6,8,ask,WavyWalnuts,Zhangyue Shen,9101265
2026-07-06T04:10:31.131099,2026-07-06T04:10:31.134908+00:00,157.7,23,bid,Xuanyu Liu,YieldingYams,9101269
2026-07-06T04:10:34.000208,2026-07-06T04:10:34.011156+00:00,157.5,200,ask,YieldingYams,WavyWalnuts,9101298
2026-07-06T04:10:34.607299,2026-07-06T04:10:34.614173+00:00,157.3,8,ask,WavyWalnuts,Zhangyue Shen,9101305
2026-07-06T04:10:35.205573,2026-07-06T04:10:35.212081+00:00,157.5,200,bid,WavyWalnuts,YieldingYams,9101309
2026-07-06T04:10:36.412654,2026-07-06T04:10:36.423398+00:00,157.6,200,bid,WavyWalnuts,YieldingYams,9101320
2026-07-06T04:10:38.449834,2026-07-06T04:10:38.469655+00:00,157.7,200,bid,YieldingYams,WavyWalnuts,9101356
2026-07-06T04:10:38.465515,2026-07-06T04:10:38.469655+00:00,157.9,5,ask,YieldingYams,Xuanyu Liu,9101358
2026-07-06T04:10:38.827169,2026-07-06T04:10:38.835102+00:00,157.9,200,ask,YieldingYams,WavyWalnuts,9101366
2026-07-06T04:10:38.901223,2026-07-06T04:10:38.913140+00:00,157.9,20,ask,YieldingYams,BrilliantBurritos,9101367
2026-07-06T04:10:40.610926,2026-07-06T04:10:40.614485+00:00,157.9,39,bid,Xuanyu Liu,YieldingYams,9101379
2026-07-06T04:10:40.683977,2026-07-06T04:10:40.695907+00:00,157.9,20,bid,BrilliantBurritos,YieldingYams,9101381
2026-07-06T04:10:41.088047,2026-07-06T04:10:41.092388+00:00,157.8,12,bid,Xuanyu Liu,YieldingYams,9101388
2026-07-06T04:10:41.243605,2026-07-06T04:10:41.250356+00:00,157.8,200,bid,WavyWalnuts,YieldingYams,9101393
2026-07-06T04:10:41.719929,2026-07-06T04:10:41.726275+00:00,157.8,8,bid,Zhangyue Shen,YieldingYams,9101405
2026-07-06T04:10:43.250736,2026-07-06T04:10:43.257058+00:00,157.7,8,ask,YieldingYams,Zhangyue Shen,9101429
2026-07-06T04:10:43.829231,2026-07-06T04:10:43.832916+00:00,157.7,12,ask,WavyWalnuts,Xuanyu Liu,9101439
2026-07-06T04:10:46.092208,2026-07-06T04:10:46.095662+00:00,157.8,11,ask,WavyWalnuts,Xuanyu Liu,9101471
2026-07-06T04:10:47.290167,2026-07-06T04:10:47.299466+00:00,157.9,200,bid,WavyWalnuts,YieldingYams,9101481
2026-07-06T04:10:49.038289,2026-07-06T04:10:49.046337+00:00,157.9,20,ask,WavyWalnuts,BrilliantBurritos,9101502
2026-07-06T04:10:49.708830,2026-07-06T04:10:49.716697+00:00,158.0,200,bid,WavyWalnuts,YieldingYams,9101514
2026-07-06T04:10:51.544514,2026-07-06T04:10:51.553617+00:00,157.8,8,ask,WavyWalnuts,Zhangyue Shen,9101532
2026-07-06T04:10:52.877689,2026-07-06T04:10:52.887830+00:00,157.9,200,ask,WavyWalnuts,YieldingYams,9101552
2026-07-06T04:10:53.561360,2026-07-06T04:10:53.573375+00:00,157.7,8,ask,YieldingYams,Zhangyue Shen,9101564
2026-07-06T04:10:55.493251,2026-07-06T04:10:55.500749+00:00,157.9,200,bid,YieldingYams,WavyWalnuts,9101595
2026-07-06T04:10:56.691552,2026-07-06T04:10:56.703006+00:00,158.0,20,bid,BrilliantBurritos,WavyWalnuts,9101609
2026-07-06T04:10:59.969549,2026-07-06T04:10:59.981283+00:00,157.7,8,ask,WavyWalnuts,Zhangyue Shen,9101643
2026-07-06T04:11:01.981803,2026-07-06T04:11:01.989651+00:00,157.8,8,ask,WavyWalnuts,Zhangyue Shen,9101665
2026-07-06T04:11:04.222671,2026-07-06T04:11:04.230617+00:00,157.9,200,bid,WavyWalnuts,YieldingYams,9101686
2026-07-06T04:11:05.448487,2026-07-06T04:11:05.459022+00:00,157.9,12,ask,WavyWalnuts,Xuanyu Liu,9101701
2026-07-06T04:11:06.836599,2026-07-06T04:11:06.848302+00:00,157.8,20,ask,WavyWalnuts,BrilliantBurritos,9101724
2026-07-06T04:11:08.626339,2026-07-06T04:11:08.633666+00:00,157.9,200,ask,WavyWalnuts,YieldingYams,9101749
2026-07-06T04:11:09.063590,2026-07-06T04:11:09.074219+00:00,157.8,200,bid,WavyWalnuts,YieldingYams,9101754
2026-07-06T04:11:09.135248,2026-07-06T04:11:09.138677+00:00,157.7,50,ask,AverageAlmonds,Xuanyu Liu,9101757
2026-07-06T04:11:12.246526,2026-07-06T04:11:12.250328+00:00,157.9,5,bid,Xuanyu Liu,WavyWalnuts,9101795
2026-07-06T04:11:12.362830,2026-07-06T04:11:12.371663+00:00,157.9,8,bid,Zhangyue Shen,WavyWalnuts,9101799
2026-07-06T04:11:16.354334,2026-07-06T04:11:16.358478+00:00,157.8,8,bid,Xuanyu Liu,WavyWalnuts,9101860
2026-07-06T04:11:16.381361,2026-07-06T04:11:16.389246+00:00,157.7,8,ask,YieldingYams,Zhangyue Shen,9101861
2026-07-06T04:11:17.786132,2026-07-06T04:11:17.792900+00:00,157.8,200,bid,YieldingYams,WavyWalnuts,9101877
2026-07-06T04:11:18.743577,2026-07-06T04:11:18.758556+00:00,157.8,200,ask,YieldingYams,WavyWalnuts,9101891
2026-07-06T04:11:18.891420,2026-07-06T04:11:18.903014+00:00,158.0,8,bid,Zhangyue Shen,YieldingYams,9101892
2026-07-06T04:11:19.109238,2026-07-06T04:11:19.112967+00:00,157.8,3,bid,Xuanyu Liu,YieldingYams,9101897
2026-07-06T04:11:20.747775,2026-07-06T04:11:20.751967+00:00,157.9,12,bid,Xuanyu Liu,WavyWalnuts,9101924
2026-07-06T04:11:22.391058,2026-07-06T04:11:22.395276+00:00,157.9,11,bid,Xuanyu Liu,WavyWalnuts,9101955
2026-07-06T04:11:23.163455,2026-07-06T04:11:23.165088+00:00,157.9,8,bid,Zhangyue Shen,WavyWalnuts,9101963
2026-07-06T04:11:24.795479,2026-07-06T04:11:24.806692+00:00,157.8,200,ask,YieldingYams,WavyWalnuts,9101992
2026-07-06T04:11:24.938859,2026-07-06T04:11:24.946996+00:00,158.0,8,bid,Zhangyue Shen,YieldingYams,9101995
2026-07-06T04:11:25.193190,2026-07-06T04:11:25.204920+00:00,158.0,8,bid,Zhangyue Shen,YieldingYams,9102000
2026-07-06T04:11:26.021474,2026-07-06T04:11:26.025434+00:00,157.9,11,bid,Xuanyu Liu,WavyWalnuts,9102012
2026-07-06T04:11:26.956097,2026-07-06T04:11:26.967759+00:00,157.7,20,ask,YieldingYams,BrilliantBurritos,9102029
2026-07-06T04:11:29.488238,2026-07-06T04:11:29.499780+00:00,157.9,8,bid,Zhangyue Shen,YieldingYams,9102066
2026-07-06T04:11:29.578334,2026-07-06T04:11:29.582498+00:00,157.7,23,bid,Xuanyu Liu,YieldingYams,9102068
2026-07-06T04:11:30.254699,2026-07-06T04:11:30.258626+00:00,157.7,8,bid,Zhangyue Shen,YieldingYams,9102083
2026-07-06T04:11:30.860503,2026-07-06T04:11:30.869169+00:00,157.7,200,bid,WavyWalnuts,YieldingYams,9102090
2026-07-06T04:11:31.545597,2026-07-06T04:11:31.557584+00:00,157.8,8,bid,Zhangyue Shen,YieldingYams,9102101
2026-07-06T04:11:33.577426,2026-07-06T04:11:33.584054+00:00,157.8,8,bid,Zhangyue Shen,WavyWalnuts,9102118
2026-07-06T04:11:35.601009,2026-07-06T04:11:35.612509+00:00,157.8,8,bid,Zhangyue Shen,WavyWalnuts,9102145
2026-07-06T04:11:36.876846,2026-07-06T04:11:36.885460+00:00,157.8,8,bid,Zhangyue Shen,YieldingYams,9102163
2026-07-06T04:11:38.123657,2026-07-06T04:11:38.133589+00:00,157.8,200,bid,WavyWalnuts,YieldingYams,9102189
2026-07-06T04:11:39.732361,2026-07-06T04:11:39.739148+00:00,157.6,20,ask,YieldingYams,BrilliantBurritos,9102202
2026-07-06T04:11:41.914777,2026-07-06T04:11:41.926260+00:00,157.9,20,bid,BrilliantBurritos,YieldingYams,9102237
2026-07-06T04:11:43.420601,2026-07-06T04:11:43.432315+00:00,157.6,8,ask,YieldingYams,Zhangyue Shen,9102261
2026-07-06T04:11:43.954575,2026-07-06T04:11:43.958569+00:00,157.7,200,bid,YieldingYams,WavyWalnuts,9102266
2026-07-06T04:11:46.124206,2026-07-06T04:11:46.128271+00:00,157.6,11,ask,YieldingYams,Xuanyu Liu,9102296
2026-07-06T04:11:48.465443,2026-07-06T04:11:48.472870+00:00,157.6,8,ask,YieldingYams,Zhangyue Shen,9102320
2026-07-06T04:11:49.202714,2026-07-06T04:11:49.207278+00:00,157.8,23,ask,YieldingYams,Xuanyu Liu,9102328
2026-07-06T04:11:49.942303,2026-07-06T04:11:49.953997+00:00,157.8,20,ask,YieldingYams,BrilliantBurritos,9102344
2026-07-06T04:11:50.500547,2026-07-06T04:11:50.510291+00:00,157.7,8,ask,YieldingYams,Zhangyue Shen,9102348
2026-07-06T04:11:51.448953,2026-07-06T04:11:51.458599+00:00,157.7,200,ask,YieldingYams,WavyWalnuts,9102360
2026-07-06T04:11:53.474075,2026-07-06T04:11:53.478358+00:00,157.7,11,ask,YieldingYams,Xuanyu Liu,9102387
2026-07-06T04:11:55.070334,2026-07-06T04:11:55.079204+00:00,157.7,200,ask,YieldingYams,WavyWalnuts,9102410
2026-07-06T04:11:56.838797,2026-07-06T04:11:56.846456+00:00,157.7,8,ask,YieldingYams,Zhangyue Shen,9102443
2026-07-06T04:11:57.488626,2026-07-06T04:11:57.495270+00:00,157.7,20,ask,YieldingYams,BrilliantBurritos,9102451
2026-07-06T04:11:58.618048,2026-07-06T04:11:58.626383+00:00,157.8,8,ask,YieldingYams,Zhangyue Shen,9102468
2026-07-06T04:11:58.872834,2026-07-06T04:11:58.884569+00:00,157.8,8,ask,YieldingYams,Zhangyue Shen,9102475
2026-07-06T04:11:59.741986,2026-07-06T04:11:59.758593+00:00,158.0,20,bid,BrilliantBurritos,WavyWalnuts,9102484
2026-07-06T04:12:01.132900,2026-07-06T04:12:01.143687+00:00,157.8,200,ask,YieldingYams,WavyWalnuts,9102505
2026-07-06T04:12:01.150791,2026-07-06T04:12:01.159213+00:00,157.8,8,ask,YieldingYams,Zhangyue Shen,9102507
2026-07-06T04:12:04.909501,2026-07-06T04:12:04.920497+00:00,157.8,200,ask,WavyWalnuts,YieldingYams,9102559
2026-07-06T04:12:05.182254,2026-07-06T04:12:05.190281+00:00,157.6,8,ask,AverageAlmonds,Zhangyue Shen,9102564
2026-07-06T04:12:05.960552,2026-07-06T04:12:05.970543+00:00,157.8,200,bid,WavyWalnuts,YieldingYams,9102583
2026-07-06T04:12:06.237327,2026-07-06T04:12:06.241777+00:00,157.9,12,ask,YieldingYams,Xuanyu Liu,9102589
2026-07-06T04:12:07.168542,2026-07-06T04:12:07.175118+00:00,157.9,200,ask,YieldingYams,WavyWalnuts,9102600
2026-07-06T04:12:07.477489,2026-07-06T04:12:07.486491+00:00,157.9,11,ask,YieldingYams,Zhangyue Shen,9102609
2026-07-06T04:12:10.776639,2026-07-06T04:12:10.785289+00:00,157.8,5,ask,YieldingYams,Zhangyue Shen,9102657
2026-07-06T04:12:13.222584,2026-07-06T04:12:13.234184+00:00,157.8,200,ask,YieldingYams,WavyWalnuts,9102692
2026-07-06T04:12:14.434664,2026-07-06T04:12:14.444509+00:00,157.8,200,ask,YieldingYams,WavyWalnuts,9102709
2026-07-06T04:12:15.783774,2026-07-06T04:12:15.795381+00:00,157.9,8,bid,Zhangyue Shen,WavyWalnuts,9102727
2026-07-06T04:12:16.715556,2026-07-06T04:12:16.722088+00:00,157.9,192,bid,YieldingYams,WavyWalnuts,9102741
2026-07-06T04:12:16.861112,2026-07-06T04:12:16.869973+00:00,157.9,200,ask,YieldingYams,WavyWalnuts,9102743
2026-07-06T04:12:18.086556,2026-07-06T04:12:18.090958+00:00,158.0,12,bid,Xuanyu Liu,WavyWalnuts,9102763
2026-07-06T04:12:19.235239,2026-07-06T04:12:19.243027+00:00,158.0,20,bid,BrilliantBurritos,WavyWalnuts,9102770
2026-07-06T04:12:20.061684,2026-07-06T04:12:20.070555+00:00,158.0,8,bid,Zhangyue Shen,YieldingYams,9102787
2026-07-06T04:12:21.848452,2026-07-06T04:12:21.858591+00:00,158.0,20,bid,BrilliantBurritos,YieldingYams,9102812
2026-07-06T04:12:22.079720,2026-07-06T04:12:22.086109+00:00,157.9,8,bid,Zhangyue Shen,YieldingYams,9102820
2026-07-06T04:12:23.268752,2026-07-06T04:12:23.279361+00:00,157.8,200,ask,WavyWalnuts,YieldingYams,9102842
2026-07-06T04:12:23.285312,2026-07-06T04:12:23.289104+00:00,157.7,22,bid,Xuanyu Liu,YieldingYams,9102845
2026-07-06T04:12:24.116169,2026-07-06T04:12:24.123430+00:00,157.7,8,bid,Zhangyue Shen,YieldingYams,9102853
2026-07-06T04:12:25.888068,2026-07-06T04:12:25.895766+00:00,157.7,200,ask,WavyWalnuts,YieldingYams,9102873
2026-07-06T04:12:28.400655,2026-07-06T04:12:28.408214+00:00,157.7,8,bid,Zhangyue Shen,YieldingYams,9102909
2026-07-06T04:12:29.657352,2026-07-06T04:12:29.669014+00:00,157.7,8,bid,Zhangyue Shen,YieldingYams,9102930
2026-07-06T04:12:30.673755,2026-07-06T04:12:30.685206+00:00,157.6,8,bid,Zhangyue Shen,YieldingYams,9102946
2026-07-06T04:12:32.692538,2026-07-06T04:12:32.699726+00:00,157.6,8,bid,Zhangyue Shen,YieldingYams,9102975
2026-07-06T04:12:34.203403,2026-07-06T04:12:34.211949+00:00,157.4,20,ask,YieldingYams,BrilliantBurritos,9102998
2026-07-06T04:12:34.709260,2026-07-06T04:12:34.721059+00:00,157.6,8,bid,Zhangyue Shen,WavyWalnuts,9103002
2026-07-06T04:12:34.984531,2026-07-06T04:12:34.995360+00:00,157.4,200,ask,YieldingYams,WavyWalnuts,9103005
2026-07-06T04:12:36.250572,2026-07-06T04:12:36.258577+00:00,157.3,20,ask,YieldingYams,BrilliantBurritos,9103014
2026-07-06T04:12:38.645228,2026-07-06T04:12:38.648882+00:00,157.5,12,bid,Xuanyu Liu,WavyWalnuts,9103054
2026-07-06T04:12:38.987286,2026-07-06T04:12:38.991191+00:00,157.4,11,bid,Xuanyu Liu,YieldingYams,9103056
2026-07-06T04:12:39.239113,2026-07-06T04:12:39.250539+00:00,157.4,3,bid,Zhangyue Shen,YieldingYams,9103061
2026-07-06T04:12:39.497809,2026-07-06T04:12:39.505575+00:00,157.4,3,bid,Zhangyue Shen,YieldingYams,9103064
2026-07-06T04:12:39.757120,2026-07-06T04:12:39.758592+00:00,157.4,3,bid,Zhangyue Shen,YieldingYams,9103069
2026-07-06T04:12:40.286409,2026-07-06T04:12:40.295392+00:00,157.3,200,ask,WavyWalnuts,YieldingYams,9103078
2026-07-06T04:12:40.301687,2026-07-06T04:12:40.305802+00:00,157.3,12,bid,Xuanyu Liu,YieldingYams,9103080
2026-07-06T04:12:40.534064,2026-07-06T04:12:40.543859+00:00,157.3,3,bid,Zhangyue Shen,YieldingYams,9103085
2026-07-06T04:12:41.043561,2026-07-06T04:12:41.051066+00:00,157.3,200,bid,WavyWalnuts,YieldingYams,9103101
2026-07-06T04:12:41.630340,2026-07-06T04:12:41.634037+00:00,157.4,8,ask,YieldingYams,Xuanyu Liu,9103106
2026-07-06T04:12:41.640220,2026-07-06T04:12:41.643853+00:00,157.4,4,ask,YieldingYams,Xuanyu Liu,9103108
2026-07-06T04:12:41.816663,2026-07-06T04:12:41.825804+00:00,157.6,8,bid,Zhangyue Shen,WavyWalnuts,9103110
2026-07-06T04:12:42.254537,2026-07-06T04:12:42.254395+00:00,157.4,200,ask,YieldingYams,WavyWalnuts,9103114
2026-07-06T04:12:45.236024,2026-07-06T04:12:45.246745+00:00,157.4,200,bid,AverageAlmonds,WavyWalnuts,9103151
2026-07-06T04:12:45.323926,2026-07-06T04:12:45.335864+00:00,157.4,20,ask,AverageAlmonds,BrilliantBurritos,9103154
2026-07-06T04:12:45.877870,2026-07-06T04:12:45.885988+00:00,157.4,200,ask,AverageAlmonds,WavyWalnuts,9103163
2026-07-06T04:12:47.097348,2026-07-06T04:12:47.106887+00:00,157.4,200,ask,AverageAlmonds,WavyWalnuts,9103176
2026-07-06T04:12:48.311624,2026-07-06T04:12:48.318458+00:00,157.5,200,ask,AverageAlmonds,WavyWalnuts,9103195
2026-07-06T04:12:49.494478,2026-07-06T04:12:49.499051+00:00,157.6,8,ask,AverageAlmonds,Xuanyu Liu,9103205
2026-07-06T04:12:49.638961,2026-07-06T04:12:49.648674+00:00,157.7,8,bid,Zhangyue Shen,WavyWalnuts,9103211
2026-07-06T04:12:51.145972,2026-07-06T04:12:51.157536+00:00,157.7,8,bid,Zhangyue Shen,WavyWalnuts,9103237
2026-07-06T04:12:53.538105,2026-07-06T04:12:53.547367+00:00,157.7,20,ask,WavyWalnuts,BrilliantBurritos,9103269
2026-07-06T04:12:56.433382,2026-07-06T04:12:56.445064+00:00,157.9,8,bid,Zhangyue Shen,WavyWalnuts,9103310
2026-07-06T04:12:56.809967,2026-07-06T04:12:56.818747+00:00,157.8,200,ask,YieldingYams,WavyWalnuts,9103315
2026-07-06T04:12:58.032271,2026-07-06T04:12:58.035993+00:00,157.9,3,ask,WavyWalnuts,Xuanyu Liu,9103336
2026-07-06T04:13:02.221605,2026-07-06T04:13:02.228849+00:00,157.9,8,ask,YieldingYams,Zhangyue Shen,9103377
2026-07-06T04:13:02.688859,2026-07-06T04:13:02.700667+00:00,157.9,20,ask,WavyWalnuts,BrilliantBurritos,9103385
2026-07-06T04:13:04.069855,2026-07-06T04:13:04.080423+00:00,158.0,200,ask,YieldingYams,WavyWalnuts,9103406
2026-07-06T04:13:05.226358,2026-07-06T04:13:05.233223+00:00,158.1,500,bid,AverageAlmonds,YieldingYams,9103417
2026-07-06T04:13:05.820878,2026-07-06T04:13:05.853202+00:00,158.1,125,bid,AverageAlmonds,YieldingYams,9103428
2026-07-06T04:13:05.849415,2026-07-06T04:13:05.853202+00:00,158.1,12,ask,AverageAlmonds,Xuanyu Liu,9103430
2026-07-06T04:13:06.048767,2026-07-06T04:13:06.058605+00:00,158.1,8,ask,AverageAlmonds,Zhangyue Shen,9103432
2026-07-06T04:13:06.453115,2026-07-06T04:13:06.463731+00:00,158.2,200,bid,YieldingYams,WavyWalnuts,9103438
2026-07-06T04:13:06.470947,2026-07-06T04:13:06.474704+00:00,158.5,45,ask,YieldingYams,Xuanyu Liu,9103440
2026-07-06T04:13:06.482779,2026-07-06T04:13:06.489943+00:00,158.5,200,ask,YieldingYams,WavyWalnuts,9103442
2026-07-06T04:13:06.568322,2026-07-06T04:13:06.576395+00:00,158.5,5,ask,YieldingYams,Zhangyue Shen,9103444
2026-07-06T04:13:07.693528,2026-07-06T04:13:07.700517+00:00,158.5,175,ask,YieldingYams,WavyWalnuts,9103458
2026-07-06T04:13:07.693528,2026-07-06T04:13:07.705667+00:00,158.3,25,ask,AverageAlmonds,WavyWalnuts,9103459
2026-07-06T04:13:08.903353,2026-07-06T04:13:08.911041+00:00,158.4,200,ask,YieldingYams,WavyWalnuts,9103493
2026-07-06T04:13:09.366553,2026-07-06T04:13:09.370973+00:00,158.7,42,bid,Xuanyu Liu,YieldingYams,9103497
2026-07-06T04:13:09.601131,2026-07-06T04:13:09.608428+00:00,158.7,8,bid,Zhangyue Shen,YieldingYams,9103501
2026-07-06T04:13:10.111129,2026-07-06T04:13:10.121861+00:00,158.4,200,ask,YieldingYams,WavyWalnuts,9103508
2026-07-06T04:13:10.631765,2026-07-06T04:13:10.647991+00:00,158.7,8,bid,Zhangyue Shen,YieldingYams,9103517
2026-07-06T04:13:11.145678,2026-07-06T04:13:11.163681+00:00,158.4,8,ask,YieldingYams,Zhangyue Shen,9103532
2026-07-06T04:13:11.687131,2026-07-06T04:13:11.694279+00:00,158.5,200,bid,YieldingYams,WavyWalnuts,9103540
2026-07-06T04:13:12.523638,2026-07-06T04:13:12.530412+00:00,158.6,200,ask,YieldingYams,WavyWalnuts,9103550
2026-07-06T04:13:13.017041,2026-07-06T04:13:13.021196+00:00,158.5,15,bid,Xuanyu Liu,YieldingYams,9103556
2026-07-06T04:13:13.730141,2026-07-06T04:13:13.740867+00:00,158.5,200,bid,WavyWalnuts,YieldingYams,9103576
2026-07-06T04:13:15.625183,2026-07-06T04:13:15.633727+00:00,158.7,200,bid,YieldingYams,WavyWalnuts,9103590
2026-07-06T04:13:15.686271,2026-07-06T04:13:15.689858+00:00,158.8,23,ask,YieldingYams,Xuanyu Liu,9103594
2026-07-06T04:13:16.160658,2026-07-06T04:13:16.171218+00:00,158.8,200,ask,YieldingYams,WavyWalnuts,9103598
2026-07-06T04:13:21.101521,2026-07-06T04:13:21.111521+00:00,159.0,20,bid,BrilliantBurritos,YieldingYams,9103670
2026-07-06T04:13:24.168825,2026-07-06T04:13:24.175809+00:00,158.8,8,ask,YieldingYams,Zhangyue Shen,9103712
2026-07-06T04:13:30.687012,2026-07-06T04:13:30.695155+00:00,159.0,200,bid,WavyWalnuts,YieldingYams,9103787
2026-07-06T04:13:31.707821,2026-07-06T04:13:31.714448+00:00,159.2,8,bid,Zhangyue Shen,WavyWalnuts,9103797
2026-07-06T04:13:31.904363,2026-07-06T04:13:31.914155+00:00,159.0,200,ask,YieldingYams,WavyWalnuts,9103805
2026-07-06T04:13:34.002334,2026-07-06T04:13:34.005989+00:00,158.9,11,bid,Xuanyu Liu,YieldingYams,9103829
2026-07-06T04:13:35.527510,2026-07-06T04:13:35.536266+00:00,158.9,8,bid,Zhangyue Shen,WavyWalnuts,9103848
2026-07-06T04:13:36.044402,2026-07-06T04:13:36.058546+00:00,158.9,8,bid,Zhangyue Shen,YieldingYams,9103858
2026-07-06T04:13:37.786105,2026-07-06T04:13:37.789496+00:00,159.0,12,bid,Xuanyu Liu,YieldingYams,9103883
2026-07-06T04:13:38.003685,2026-07-06T04:13:38.015474+00:00,159.0,20,bid,BrilliantBurritos,YieldingYams,9103888
2026-07-06T04:13:39.250757,2026-07-06T04:13:39.254529+00:00,158.9,11,bid,Xuanyu Liu,YieldingYams,9103900
2026-07-06T04:13:40.378424,2026-07-06T04:13:40.390744+00:00,158.9,200,bid,WavyWalnuts,YieldingYams,9103913
2026-07-06T04:13:41.852143,2026-07-06T04:13:41.858579+00:00,158.8,200,ask,WavyWalnuts,YieldingYams,9103940
2026-07-06T04:13:43.159719,2026-07-06T04:13:43.166545+00:00,158.8,200,bid,YieldingYams,WavyWalnuts,9103961
2026-07-06T04:13:45.244929,2026-07-06T04:13:45.253037+00:00,158.7,200,ask,AverageAlmonds,WavyWalnuts,9103979
2026-07-06T04:13:46.455299,2026-07-06T04:13:46.464207+00:00,158.8,200,ask,AverageAlmonds,WavyWalnuts,9103996
2026-07-06T04:13:47.671520,2026-07-06T04:13:47.679746+00:00,158.8,200,ask,AverageAlmonds,WavyWalnuts,9104009
2026-07-06T04:13:48.217214,2026-07-06T04:13:48.225694+00:00,158.8,20,ask,AverageAlmonds,BrilliantBurritos,9104014
2026-07-06T04:13:50.400134,2026-07-06T04:13:50.411669+00:00,158.7,20,ask,YieldingYams,BrilliantBurritos,9104036
2026-07-06T04:13:51.314766,2026-07-06T04:13:51.324809+00:00,158.8,200,ask,AverageAlmonds,WavyWalnuts,9104051
2026-07-06T04:13:53.055670,2026-07-06T04:13:53.058637+00:00,158.8,500,bid,AverageAlmonds,YieldingYams,9104072
2026-07-06T04:13:53.649855,2026-07-06T04:13:53.657834+00:00,158.9,200,bid,AverageAlmonds,WavyWalnuts,9104074
2026-07-06T04:13:53.727076,2026-07-06T04:13:53.736013+00:00,158.9,200,ask,AverageAlmonds,WavyWalnuts,9104081
2026-07-06T04:13:56.067894,2026-07-06T04:13:56.075492+00:00,158.9,200,bid,AverageAlmonds,WavyWalnuts,9104103
2026-07-06T04:13:57.561973,2026-07-06T04:13:57.572080+00:00,158.9,500,ask,AverageAlmonds,YieldingYams,9104119
2026-07-06T04:13:57.561973,2026-07-06T04:13:57.572080+00:00,158.8,125,ask,WavyWalnuts,YieldingYams,9104120
2026-07-06T04:13:59.106610,2026-07-06T04:13:59.117653+00:00,158.9,200,bid,AverageAlmonds,WavyWalnuts,9104132
2026-07-06T04:14:06.337356,2026-07-06T04:14:06.340725+00:00,159.2,23,bid,Xuanyu Liu,YieldingYams,9104229
2026-07-06T04:14:08.253649,2026-07-06T04:14:08.253286+00:00,159.2,200,ask,YieldingYams,WavyWalnuts,9104249
2026-07-06T04:14:08.953225,2026-07-06T04:14:08.968677+00:00,159.2,20,ask,YieldingYams,BrilliantBurritos,9104257
2026-07-06T04:14:10.670953,2026-07-06T04:14:10.678669+00:00,159.2,200,bid,WavyWalnuts,YieldingYams,9104272
2026-07-06T04:14:14.306005,2026-07-06T04:14:14.313822+00:00,159.1,200,ask,YieldingYams,WavyWalnuts,9104325
2026-07-06T04:14:17.469257,2026-07-06T04:14:17.479209+00:00,159.1,20,bid,BrilliantBurritos,YieldingYams,9104363
2026-07-06T04:14:18.952460,2026-07-06T04:14:18.956170+00:00,159.1,3,bid,Xuanyu Liu,YieldingYams,9104385
2026-07-06T04:14:19.656238,2026-07-06T04:14:19.658583+00:00,159.1,20,bid,BrilliantBurritos,YieldingYams,9104392
2026-07-06T04:14:23.744847,2026-07-06T04:14:23.756592+00:00,159.1,200,ask,WavyWalnuts,YieldingYams,9104441
2026-07-06T04:14:23.988289,2026-07-06T04:14:23.996163+00:00,159.0,200,bid,WavyWalnuts,YieldingYams,9104446
2026-07-06T04:14:27.614686,2026-07-06T04:14:27.622254+00:00,159.0,200,ask,YieldingYams,WavyWalnuts,9104499
2026-07-06T04:14:29.178080,2026-07-06T04:14:29.189888+00:00,159.1,20,bid,BrilliantBurritos,AverageAlmonds,9104517
2026-07-06T04:14:29.419268,2026-07-06T04:14:29.423049+00:00,159.0,3,bid,Xuanyu Liu,AverageAlmonds,9104520
2026-07-06T04:14:34.926936,2026-07-06T04:14:34.934537+00:00,158.9,200,bid,WavyWalnuts,YieldingYams,9104605
2026-07-06T04:14:35.564278,2026-07-06T04:14:35.567819+00:00,158.9,3,ask,YieldingYams,Xuanyu Liu,9104611
2026-07-06T04:14:37.173971,2026-07-06T04:14:37.182201+00:00,158.9,7,ask,YieldingYams,Zhangyue Shen,9104628
2026-07-06T04:14:38.189870,2026-07-06T04:14:38.198410+00:00,159.0,3,bid,Zhangyue Shen,WavyWalnuts,9104643
2026-07-06T04:14:39.195807,2026-07-06T04:14:39.207399+00:00,159.1,8,bid,Zhangyue Shen,YieldingYams,9104660
2026-07-06T04:14:43.413594,2026-07-06T04:14:43.422790+00:00,158.9,200,ask,YieldingYams,WavyWalnuts,9104716
2026-07-06T04:14:44.529293,2026-07-06T04:14:44.539341+00:00,159.0,20,bid,BrilliantBurritos,YieldingYams,9104732
2026-07-06T04:14:44.622153,2026-07-06T04:14:44.633483+00:00,159.0,200,bid,WavyWalnuts,YieldingYams,9104735
2026-07-06T04:14:44.755481,2026-07-06T04:14:44.759368+00:00,158.9,3,ask,YieldingYams,Xuanyu Liu,9104738
2026-07-06T04:14:45.831119,2026-07-06T04:14:45.842396+00:00,158.9,122,ask,YieldingYams,WavyWalnuts,9104745
2026-07-06T04:14:47.738456,2026-07-06T04:14:47.750011+00:00,158.7,8,ask,YieldingYams,Zhangyue Shen,9104766
2026-07-06T04:14:48.250213,2026-07-06T04:14:48.258617+00:00,158.7,200,ask,YieldingYams,WavyWalnuts,9104772
2026-07-06T04:14:49.971617,2026-07-06T04:14:49.981850+00:00,158.6,500,ask,YieldingYams,AverageAlmonds,9104795
2026-07-06T04:14:50.673774,2026-07-06T04:14:50.681004+00:00,158.6,200,bid,WavyWalnuts,AverageAlmonds,9104805
2026-07-06T04:14:51.251461,2026-07-06T04:14:51.263242+00:00,158.6,20,bid,BrilliantBurritos,AverageAlmonds,9104814
2026-07-06T04:14:53.521293,2026-07-06T04:14:53.532891+00:00,158.5,8,ask,WavyWalnuts,Zhangyue Shen,9104836
2026-07-06T04:14:54.027627,2026-07-06T04:14:54.039235+00:00,158.6,5,bid,Zhangyue Shen,YieldingYams,9104843
2026-07-06T04:14:55.511440,2026-07-06T04:14:55.522026+00:00,158.6,200,bid,WavyWalnuts,YieldingYams,9104863
2026-07-06T04:14:56.717998,2026-07-06T04:14:56.726385+00:00,158.6,200,bid,WavyWalnuts,AverageAlmonds,9104880
2026-07-06T04:14:57.022573,2026-07-06T04:14:57.026662+00:00,158.5,11,ask,YieldingYams,Xuanyu Liu,9104890
2026-07-06T04:14:57.775720,2026-07-06T04:14:57.783605+00:00,158.7,20,bid,BrilliantBurritos,AverageAlmonds,9104906
2026-07-06T04:14:59.131755,2026-07-06T04:14:59.142260+00:00,158.6,200,bid,WavyWalnuts,AverageAlmonds,9104922
2026-07-06T04:15:01.064330,2026-07-06T04:15:01.073448+00:00,158.7,8,bid,Zhangyue Shen,WavyWalnuts,9104954
2026-07-06T04:15:02.589462,2026-07-06T04:15:02.599166+00:00,158.6,8,ask,YieldingYams,Zhangyue Shen,9104975
2026-07-06T04:15:02.678653,2026-07-06T04:15:02.687990+00:00,158.6,500,ask,YieldingYams,AverageAlmonds,9104978
2026-07-06T04:15:02.771580,2026-07-06T04:15:02.779692+00:00,158.6,117,ask,YieldingYams,WavyWalnuts,9104983
2026-07-06T04:15:03.367467,2026-07-06T04:15:03.371572+00:00,158.3,12,ask,WavyWalnuts,Xuanyu Liu,9104992
2026-07-06T04:15:04.399952,2026-07-06T04:15:04.409352+00:00,158.2,20,ask,WavyWalnuts,BrilliantBurritos,9105002
2026-07-06T04:15:04.890329,2026-07-06T04:15:04.896849+00:00,158.5,8,bid,Zhangyue Shen,WavyWalnuts,9105021
2026-07-06T04:15:07.870708,2026-07-06T04:15:07.882137+00:00,158.6,20,bid,BrilliantBurritos,YieldingYams,9105066
2026-07-06T04:15:10.447765,2026-07-06T04:15:10.463880+00:00,158.5,20,ask,WavyWalnuts,BrilliantBurritos,9105092
2026-07-06T04:15:11.136170,2026-07-06T04:15:11.169644+00:00,158.5,180,ask,WavyWalnuts,AverageAlmonds,9105096
2026-07-06T04:15:11.136170,2026-07-06T04:15:11.169644+00:00,158.4,320,ask,YieldingYams,AverageAlmonds,9105097
2026-07-06T04:15:11.755829,2026-07-06T04:15:11.764156+00:00,158.4,305,ask,YieldingYams,AverageAlmonds,9105109
2026-07-06T04:15:13.972339,2026-07-06T04:15:13.979133+00:00,158.3,8,ask,YieldingYams,Zhangyue Shen,9105132
2026-07-06T04:15:14.902779,2026-07-06T04:15:14.909945+00:00,158.5,200,bid,YieldingYams,WavyWalnuts,9105146
2026-07-06T04:15:14.920748,2026-07-06T04:15:14.924554+00:00,158.5,11,ask,YieldingYams,Xuanyu Liu,9105148
2026-07-06T04:15:15.237665,2026-07-06T04:15:15.248095+00:00,158.5,8,ask,YieldingYams,Zhangyue Shen,9105154
2026-07-06T04:15:15.383303,2026-07-06T04:15:15.393282+00:00,158.5,406,ask,YieldingYams,AverageAlmonds,9105156
2026-07-06T04:15:17.292018,2026-07-06T04:15:17.302076+00:00,158.5,200,bid,WavyWalnuts,AverageAlmonds,9105173
2026-07-06T04:15:17.556231,2026-07-06T04:15:17.567877+00:00,158.3,8,ask,YieldingYams,Zhangyue Shen,9105176
2026-07-06T04:15:17.827421,2026-07-06T04:15:17.844750+00:00,158.3,8,ask,YieldingYams,Zhangyue Shen,9105182
2026-07-06T04:15:18.108912,2026-07-06T04:15:18.113047+00:00,158.3,12,ask,YieldingYams,Xuanyu Liu,9105186
2026-07-06T04:15:18.524188,2026-07-06T04:15:18.528718+00:00,158.4,11,ask,WavyWalnuts,Xuanyu Liu,9105191
2026-07-06T04:15:19.355950,2026-07-06T04:15:19.358552+00:00,158.6,8,bid,Zhangyue Shen,WavyWalnuts,9105205
2026-07-06T04:15:20.830100,2026-07-06T04:15:20.839801+00:00,158.4,200,ask,WavyWalnuts,AverageAlmonds,9105223
2026-07-06T04:15:22.033604,2026-07-06T04:15:22.045161+00:00,158.3,200,ask,WavyWalnuts,AverageAlmonds,9105244
2026-07-06T04:15:22.033604,2026-07-06T04:15:22.045161+00:00,158.3,300,ask,YieldingYams,AverageAlmonds,9105245
2026-07-06T04:15:22.631482,2026-07-06T04:15:22.638088+00:00,158.4,200,ask,WavyWalnuts,AverageAlmonds,9105250
2026-07-06T04:15:22.631482,2026-07-06T04:15:22.638088+00:00,158.3,300,ask,YieldingYams,AverageAlmonds,9105251
2026-07-06T04:15:22.775912,2026-07-06T04:15:22.779744+00:00,158.1,8,bid,Xuanyu Liu,YieldingYams,9105256
2026-07-06T04:15:23.345385,2026-07-06T04:15:23.353104+00:00,158.1,200,bid,WavyWalnuts,YieldingYams,9105264
2026-07-06T04:15:24.565138,2026-07-06T04:15:24.568734+00:00,158.2,8,ask,WavyWalnuts,Xuanyu Liu,9105286
2026-07-06T04:15:24.996591,2026-07-06T04:15:25.008757+00:00,158.3,20,bid,BrilliantBurritos,YieldingYams,9105289
2026-07-06T04:15:26.547015,2026-07-06T04:15:26.558535+00:00,158.1,8,ask,YieldingYams,Zhangyue Shen,9105307
2026-07-06T04:15:26.964258,2026-07-06T04:15:26.975800+00:00,158.3,20,bid,BrilliantBurritos,WavyWalnuts,9105308
2026-07-06T04:15:28.201454,2026-07-06T04:15:28.208307+00:00,158.2,200,ask,YieldingYams,WavyWalnuts,9105321
2026-07-06T04:15:29.423760,2026-07-06T04:15:29.427001+00:00,158.2,11,bid,Xuanyu Liu,WavyWalnuts,9105340
2026-07-06T04:15:31.949394,2026-07-06T04:15:31.958607+00:00,158.2,200,bid,YieldingYams,WavyWalnuts,9105378
2026-07-06T04:15:32.854394,2026-07-06T04:15:32.866275+00:00,158.3,8,ask,YieldingYams,Zhangyue Shen,9105396
2026-07-06T04:15:33.036202,2026-07-06T04:15:33.043454+00:00,158.3,200,ask,YieldingYams,WavyWalnuts,9105401
2026-07-06T04:15:34.943845,2026-07-06T04:15:34.947520+00:00,158.2,23,bid,Xuanyu Liu,WavyWalnuts,9105424
2026-07-06T04:15:41.263964,2026-07-06T04:15:41.267420+00:00,158.2,12,bid,Xuanyu Liu,WavyWalnuts,9105504
2026-07-06T04:15:41.411214,2026-07-06T04:15:41.418353+00:00,158.2,8,bid,Zhangyue Shen,WavyWalnuts,9105506
2026-07-06T04:15:41.525587,2026-07-06T04:15:41.529137+00:00,158.1,11,bid,Xuanyu Liu,WavyWalnuts,9105511
2026-07-06T04:15:42.431167,2026-07-06T04:15:42.439753+00:00,158.1,189,bid,YieldingYams,WavyWalnuts,9105528
2026-07-06T04:15:44.432271,2026-07-06T04:15:44.442105+00:00,158.3,500,bid,AverageAlmonds,YieldingYams,9105551
2026-07-06T04:15:44.701426,2026-07-06T04:15:44.709042+00:00,158.3,8,bid,Zhangyue Shen,YieldingYams,9105561
2026-07-06T04:15:45.028703,2026-07-06T04:15:45.037451+00:00,158.3,117,bid,AverageAlmonds,YieldingYams,9105563
2026-07-06T04:15:45.028703,2026-07-06T04:15:45.037451+00:00,158.3,200,bid,AverageAlmonds,WavyWalnuts,9105564
2026-07-06T04:15:45.055584,2026-07-06T04:15:45.059101+00:00,158.3,8,ask,AverageAlmonds,Xuanyu Liu,9105566
2026-07-06T04:15:45.128989,2026-07-06T04:15:45.136310+00:00,158.4,200,ask,YieldingYams,WavyWalnuts,9105570
2026-07-06T04:15:45.218906,2026-07-06T04:15:45.226862+00:00,158.6,8,bid,Zhangyue Shen,YieldingYams,9105571
2026-07-06T04:15:46.336108,2026-07-06T04:15:46.346174+00:00,158.4,200,ask,YieldingYams,WavyWalnuts,9105589
2026-07-06T04:15:47.542507,2026-07-06T04:15:47.558600+00:00,158.3,200,ask,AverageAlmonds,WavyWalnuts,9105605
2026-07-06T04:15:47.587348,2026-07-06T04:15:47.590989+00:00,158.5,11,bid,Xuanyu Liu,YieldingYams,9105608
2026-07-06T04:15:47.745813,2026-07-06T04:15:47.758582+00:00,158.7,8,bid,Zhangyue Shen,YieldingYams,9105611
2026-07-06T04:15:48.017603,2026-07-06T04:15:48.027133+00:00,158.7,8,bid,Zhangyue Shen,YieldingYams,9105615
2026-07-06T04:15:48.804881,2026-07-06T04:15:48.813873+00:00,158.5,8,bid,Zhangyue Shen,WavyWalnuts,9105635
2026-07-06T04:15:48.984502,2026-07-06T04:15:48.995836+00:00,158.5,192,bid,YieldingYams,WavyWalnuts,9105642
2026-07-06T04:15:51.171778,2026-07-06T04:15:51.179794+00:00,158.6,200,ask,YieldingYams,WavyWalnuts,9105674
2026-07-06T04:15:51.588202,2026-07-06T04:15:51.596481+00:00,158.6,8,ask,YieldingYams,Zhangyue Shen,9105680
2026-07-06T04:15:52.099799,2026-07-06T04:15:52.111296+00:00,158.6,8,bid,Zhangyue Shen,YieldingYams,9105691
2026-07-06T04:15:52.377218,2026-07-06T04:15:52.384026+00:00,158.6,200,bid,WavyWalnuts,YieldingYams,9105699
2026-07-06T04:15:55.712737,2026-07-06T04:15:55.724570+00:00,158.5,20,ask,WavyWalnuts,BrilliantBurritos,9105738
2026-07-06T04:15:56.149033,2026-07-06T04:15:56.158627+00:00,158.5,8,ask,AverageAlmonds,Zhangyue Shen,9105754
2026-07-06T04:15:59.458905,2026-07-06T04:15:59.470237+00:00,158.5,500,ask,AverageAlmonds,YieldingYams,9105792
2026-07-06T04:15:59.540167,2026-07-06T04:15:59.558731+00:00,158.5,125,bid,AverageAlmonds,YieldingYams,9105794
2026-07-06T04:16:00.795428,2026-07-06T04:16:00.824250+00:00,158.7,200,bid,YieldingYams,WavyWalnuts,9105808
2026-07-06T04:16:00.820168,2026-07-06T04:16:00.824250+00:00,158.7,14,ask,YieldingYams,Xuanyu Liu,9105812
2026-07-06T04:16:02.995538,2026-07-06T04:16:03.004279+00:00,158.8,8,bid,Zhangyue Shen,WavyWalnuts,9105831
2026-07-06T04:16:03.390001,2026-07-06T04:16:03.393944+00:00,158.7,11,bid,Xuanyu Liu,WavyWalnuts,9105837
2026-07-06T04:16:03.918197,2026-07-06T04:16:03.926614+00:00,158.7,20,bid,BrilliantBurritos,WavyWalnuts,9105851
2026-07-06T04:16:05.677306,2026-07-06T04:16:05.685773+00:00,158.6,200,ask,YieldingYams,WavyWalnuts,9105866
2026-07-06T04:16:06.884152,2026-07-06T04:16:06.894352+00:00,158.6,200,ask,YieldingYams,WavyWalnuts,9105876
2026-07-06T04:16:07.364338,2026-07-06T04:16:07.367997+00:00,158.6,3,bid,Xuanyu Liu,YieldingYams,9105879
2026-07-06T04:16:14.151316,2026-07-06T04:16:14.155363+00:00,158.3,14,bid,Xuanyu Liu,WavyWalnuts,9105971
2026-07-06T04:16:14.370226,2026-07-06T04:16:14.381651+00:00,158.2,20,ask,YieldingYams,BrilliantBurritos,9105979
2026-07-06T04:16:16.087626,2026-07-06T04:16:16.091433+00:00,158.1,11,ask,YieldingYams,Xuanyu Liu,9106002
2026-07-06T04:16:19.139526,2026-07-06T04:16:19.149826+00:00,158.4,200,bid,YieldingYams,WavyWalnuts,9106034
2026-07-06T04:16:20.456439,2026-07-06T04:16:20.464116+00:00,158.4,200,ask,WavyWalnuts,YieldingYams,9106049
2026-07-06T04:16:21.391032,2026-07-06T04:16:21.400809+00:00,158.4,200,bid,WavyWalnuts,YieldingYams,9106059
2026-07-06T04:16:21.777598,2026-07-06T04:16:21.781371+00:00,158.4,3,ask,YieldingYams,Xuanyu Liu,9106065
2026-07-06T04:16:25.848955,2026-07-06T04:16:25.858581+00:00,158.6,20,ask,YieldingYams,BrilliantBurritos,9106114
2026-07-06T04:16:26.234846,2026-07-06T04:16:26.242083+00:00,158.6,200,ask,YieldingYams,WavyWalnuts,9106123
2026-07-06T04:16:26.795527,2026-07-06T04:16:26.802248+00:00,158.6,405,ask,YieldingYams,AverageAlmonds,9106129
2026-07-06T04:16:28.618546,2026-07-06T04:16:28.630346+00:00,158.5,500,ask,YieldingYams,AverageAlmonds,9106155
2026-07-06T04:16:29.201763,2026-07-06T04:16:29.209096+00:00,158.5,125,ask,YieldingYams,AverageAlmonds,9106162
2026-07-06T04:16:29.201763,2026-07-06T04:16:29.214336+00:00,158.4,200,ask,WavyWalnuts,AverageAlmonds,9106163
2026-07-06T04:16:29.619497,2026-07-06T04:16:29.630952+00:00,157.5,20,ask,AverageAlmonds,BrilliantBurritos,9106167
2026-07-06T04:16:29.812217,2026-07-06T04:16:29.822589+00:00,158.2,500,ask,YieldingYams,AverageAlmonds,9106169
2026-07-06T04:16:30.435644,2026-07-06T04:16:30.446565+00:00,158.3,200,ask,WavyWalnuts,AverageAlmonds,9106177
2026-07-06T04:16:30.435644,2026-07-06T04:16:30.446565+00:00,158.2,125,ask,YieldingYams,AverageAlmonds,9106178
2026-07-06T04:16:31.072927,2026-07-06T04:16:31.079317+00:00,158.1,200,bid,WavyWalnuts,YieldingYams,9106186
2026-07-06T04:16:31.915789,2026-07-06T04:16:31.919481+00:00,157.9,3,ask,YieldingYams,Xuanyu Liu,9106200
2026-07-06T04:16:32.296168,2026-07-06T04:16:32.300247+00:00,158.0,11,ask,WavyWalnuts,Xuanyu Liu,9106203
2026-07-06T04:16:33.511763,2026-07-06T04:16:33.516041+00:00,158.1,12,ask,WavyWalnuts,Xuanyu Liu,9106223
2026-07-06T04:16:34.071813,2026-07-06T04:16:34.075471+00:00,158.2,26,bid,Xuanyu Liu,YieldingYams,9106236
2026-07-06T04:16:35.916250,2026-07-06T04:16:35.924230+00:00,158.3,200,bid,WavyWalnuts,YieldingYams,9106262
2026-07-06T04:16:37.490014,2026-07-06T04:16:37.496767+00:00,158.1,200,ask,WavyWalnuts,YieldingYams,9106288
2026-07-06T04:16:43.885157,2026-07-06T04:16:43.896841+00:00,158.1,20,bid,BrilliantBurritos,YieldingYams,9106358
2026-07-06T04:16:45.358301,2026-07-06T04:16:45.369963+00:00,158.1,200,bid,YieldingYams,WavyWalnuts,9106377
2026-07-06T04:16:50.062632,2026-07-06T04:16:50.074291+00:00,158.1,20,ask,WavyWalnuts,BrilliantBurritos,9106438
2026-07-06T04:16:50.826390,2026-07-06T04:16:50.830386+00:00,158.3,14,bid,Xuanyu Liu,AverageAlmonds,9106446
2026-07-06T04:16:52.898862,2026-07-06T04:16:52.902847+00:00,158.2,12,bid,Xuanyu Liu,WavyWalnuts,9106477
2026-07-06T04:16:53.247467,2026-07-06T04:16:53.263863+00:00,158.0,20,ask,WavyWalnuts,BrilliantBurritos,9106480
2026-07-06T04:16:57.202962,2026-07-06T04:16:57.206569+00:00,158.1,12,ask,YieldingYams,Xuanyu Liu,9106520
2026-07-06T04:16:57.713038,2026-07-06T04:16:57.721236+00:00,158.1,200,ask,YieldingYams,WavyWalnuts,9106529
2026-07-06T04:16:58.918291,2026-07-06T04:16:58.925450+00:00,158.0,200,bid,WavyWalnuts,YieldingYams,9106546
2026-07-06T04:16:59.826125,2026-07-06T04:16:59.830244+00:00,157.9,11,ask,YieldingYams,Xuanyu Liu,9106552
2026-07-06T04:17:02.559109,2026-07-06T04:17:02.570323+00:00,157.8,200,ask,YieldingYams,WavyWalnuts,9106591
2026-07-06T04:17:04.979246,2026-07-06T04:17:04.982356+00:00,157.8,200,ask,YieldingYams,WavyWalnuts,9106616
2026-07-06T04:17:05.347565,2026-07-06T04:17:05.364302+00:00,157.8,20,bid,BrilliantBurritos,YieldingYams,9106619
2026-07-06T04:17:06.985431,2026-07-06T04:17:06.968505+00:00,157.8,20,bid,BrilliantBurritos,WavyWalnuts,9106647
2026-07-06T04:17:07.966250,2026-07-06T04:17:07.965043+00:00,157.9,500,bid,AverageAlmonds,YieldingYams,9106657
2026-07-06T04:17:08.548434,2026-07-06T04:17:10.278080+00:00,157.9,125,bid,AverageAlmonds,YieldingYams,9106664
2026-07-06T04:17:08.548434,2026-07-06T04:17:10.278080+00:00,158.0,200,bid,AverageAlmonds,WavyWalnuts,9106665
2026-07-06T04:17:10.276262,2026-07-06T04:17:10.278080+00:00,158.2,200,bid,YieldingYams,WavyWalnuts,9106683
2026-07-06T04:17:14.211654,2026-07-06T04:17:14.218287+00:00,158.3,200,ask,WavyWalnuts,YieldingYams,9106733
2026-07-06T04:17:14.748227,2026-07-06T04:17:14.754687+00:00,158.3,20,bid,BrilliantBurritos,YieldingYams,9106743
2026-07-06T04:17:17.086953,2026-07-06T04:17:17.095391+00:00,158.2,200,ask,YieldingYams,WavyWalnuts,9106777
2026-07-06T04:17:18.309517,2026-07-06T04:17:18.313704+00:00,158.2,11,bid,Xuanyu Liu,WavyWalnuts,9106792
2026-07-06T04:17:19.501908,2026-07-06T04:17:19.511830+00:00,158.1,200,ask,YieldingYams,WavyWalnuts,9106808
2026-07-06T04:17:20.077635,2026-07-06T04:17:20.084548+00:00,158.1,20,ask,YieldingYams,BrilliantBurritos,9106826
2026-07-06T04:17:20.709179,2026-07-06T04:17:20.719826+00:00,158.1,200,ask,YieldingYams,WavyWalnuts,9106830
2026-07-06T04:17:21.920897,2026-07-06T04:17:21.931804+00:00,158.1,200,ask,YieldingYams,WavyWalnuts,9106847
2026-07-06T04:17:26.804354,2026-07-06T04:17:26.816166+00:00,158.0,20,bid,BrilliantBurritos,WavyWalnuts,9106906
2026-07-06T04:17:27.513639,2026-07-06T04:17:27.522733+00:00,158.0,20,bid,BrilliantBurritos,WavyWalnuts,9106908
