timestamp,recv_time,price,volume,aggressor_side,buyer,seller,trade_id
2026-07-03T06:00:02.226456,2026-07-03T06:00:02.234394+00:00,113.5,200,bid,WavyWalnuts,YieldingYams,5371044
2026-07-03T06:00:02.784409,2026-07-03T06:00:02.791485+00:00,113.5,425,bid,AverageAlmonds,YieldingYams,5371050
2026-07-03T06:00:03.320735,2026-07-03T06:00:03.341761+00:00,113.7,200,bid,YieldingYams,WavyWalnuts,5371053
2026-07-03T06:00:03.337906,2026-07-03T06:00:03.341761+00:00,113.7,14,ask,YieldingYams,Xuanyu Liu,5371055
2026-07-03T06:00:03.436310,2026-07-03T06:00:03.443893+00:00,113.7,200,ask,YieldingYams,WavyWalnuts,5371059
2026-07-03T06:00:04.573569,2026-07-03T06:00:04.584943+00:00,113.9,20,bid,BrilliantBurritos,YieldingYams,5371067
2026-07-03T06:00:05.860209,2026-07-03T06:00:05.869701+00:00,113.7,200,bid,WavyWalnuts,YieldingYams,5371088
2026-07-03T06:00:08.568634,2026-07-03T06:00:08.587059+00:00,113.6,500,ask,AverageAlmonds,YieldingYams,5371139
2026-07-03T06:00:08.583421,2026-07-03T06:00:08.587059+00:00,113.6,3,bid,Xuanyu Liu,YieldingYams,5371144
2026-07-03T06:00:13.118478,2026-07-03T06:00:13.129311+00:00,113.5,200,ask,YieldingYams,WavyWalnuts,5371203
2026-07-03T06:00:14.328150,2026-07-03T06:00:14.334824+00:00,113.4,200,bid,WavyWalnuts,YieldingYams,5371225
2026-07-03T06:00:15.469419,2026-07-03T06:00:15.473034+00:00,113.4,3,ask,YieldingYams,Xuanyu Liu,5371237
2026-07-03T06:00:15.538818,2026-07-03T06:00:15.565569+00:00,113.4,200,ask,YieldingYams,WavyWalnuts,5371239
2026-07-03T06:00:16.164172,2026-07-03T06:00:16.174859+00:00,113.4,20,ask,YieldingYams,BrilliantBurritos,5371247
2026-07-03T06:00:17.292530,2026-07-03T06:00:17.299562+00:00,113.2,20,ask,YieldingYams,BrilliantBurritos,5371264
2026-07-03T06:00:17.967706,2026-07-03T06:00:17.974286+00:00,113.3,200,ask,AverageAlmonds,WavyWalnuts,5371277
2026-07-03T06:00:19.177214,2026-07-03T06:00:19.184932+00:00,113.3,200,ask,YieldingYams,WavyWalnuts,5371297
2026-07-03T06:00:19.280883,2026-07-03T06:00:19.292356+00:00,113.3,25,ask,YieldingYams,Alice Feng,5371301
2026-07-03T06:00:19.490933,2026-07-03T06:00:19.502311+00:00,113.3,25,ask,YieldingYams,Alice Feng,5371307
2026-07-03T06:00:19.700051,2026-07-03T06:00:19.711047+00:00,113.3,25,ask,YieldingYams,Alice Feng,5371309
2026-07-03T06:00:19.908643,2026-07-03T06:00:19.920341+00:00,113.3,25,ask,YieldingYams,Alice Feng,5371315
2026-07-03T06:00:24.048832,2026-07-03T06:00:24.058621+00:00,113.4,200,ask,YieldingYams,WavyWalnuts,5371375
2026-07-03T06:00:24.518683,2026-07-03T06:00:24.530276+00:00,113.5,20,bid,BrilliantBurritos,YieldingYams,5371381
2026-07-03T06:00:27.683972,2026-07-03T06:00:27.692434+00:00,113.4,200,bid,WavyWalnuts,YieldingYams,5371441
2026-07-03T06:00:28.332662,2026-07-03T06:00:28.344140+00:00,113.3,25,ask,YieldingYams,Alice Feng,5371454
2026-07-03T06:00:28.549199,2026-07-03T06:00:28.558586+00:00,113.3,25,ask,YieldingYams,Alice Feng,5371460
2026-07-03T06:00:28.756978,2026-07-03T06:00:28.758555+00:00,113.3,25,ask,YieldingYams,Alice Feng,5371463
2026-07-03T06:00:28.964704,2026-07-03T06:00:28.974009+00:00,113.4,25,ask,WavyWalnuts,Alice Feng,5371467
2026-07-03T06:00:29.599438,2026-07-03T06:00:29.608158+00:00,113.4,175,ask,WavyWalnuts,YieldingYams,5371475
2026-07-03T06:00:30.636150,2026-07-03T06:00:30.647550+00:00,113.3,450,bid,AverageAlmonds,YieldingYams,5371489
2026-07-03T06:00:30.636150,2026-07-03T06:00:30.647550+00:00,113.3,50,bid,AverageAlmonds,WavyWalnuts,5371490
2026-07-03T06:00:30.904090,2026-07-03T06:00:30.910744+00:00,113.3,150,bid,YieldingYams,WavyWalnuts,5371499
2026-07-03T06:00:30.921686,2026-07-03T06:00:30.925037+00:00,113.5,3,ask,YieldingYams,Xuanyu Liu,5371501
2026-07-03T06:00:31.290846,2026-07-03T06:00:31.294546+00:00,113.7,3,bid,Xuanyu Liu,YieldingYams,5371507
2026-07-03T06:00:31.319673,2026-07-03T06:00:31.327719+00:00,113.5,200,ask,YieldingYams,WavyWalnuts,5371509
2026-07-03T06:00:32.227034,2026-07-03T06:00:32.230610+00:00,113.4,2,bid,Xuanyu Liu,YieldingYams,5371521
2026-07-03T06:00:32.526897,2026-07-03T06:00:32.535113+00:00,113.3,200,ask,AverageAlmonds,WavyWalnuts,5371526
2026-07-03T06:00:33.547634,2026-07-03T06:00:33.551873+00:00,113.3,1,bid,Xuanyu Liu,YieldingYams,5371547
2026-07-03T06:00:33.590056,2026-07-03T06:00:33.598788+00:00,113.3,25,bid,Alice Feng,YieldingYams,5371549
2026-07-03T06:00:33.731865,2026-07-03T06:00:33.742135+00:00,113.3,200,bid,WavyWalnuts,YieldingYams,5371551
2026-07-03T06:00:33.799750,2026-07-03T06:00:33.810380+00:00,113.3,25,bid,Alice Feng,YieldingYams,5371554
2026-07-03T06:00:33.803693,2026-07-03T06:00:33.810380+00:00,113.1,1,ask,AverageAlmonds,Alice Feng,5371555
2026-07-03T06:00:33.857252,2026-07-03T06:00:33.868837+00:00,113.1,20,ask,AverageAlmonds,BrilliantBurritos,5371556
2026-07-03T06:00:34.453442,2026-07-03T06:00:34.457615+00:00,113.1,3,ask,AverageAlmonds,Xuanyu Liu,5371565
2026-07-03T06:00:35.009951,2026-07-03T06:00:35.021583+00:00,113.3,25,ask,YieldingYams,Alice Feng,5371579
2026-07-03T06:00:35.220023,2026-07-03T06:00:35.231739+00:00,113.3,24,ask,YieldingYams,Alice Feng,5371584
2026-07-03T06:00:36.164013,2026-07-03T06:00:36.185471+00:00,113.4,200,bid,YieldingYams,WavyWalnuts,5371610
2026-07-03T06:00:36.182169,2026-07-03T06:00:36.185471+00:00,113.4,3,ask,YieldingYams,Xuanyu Liu,5371613
2026-07-03T06:00:37.369126,2026-07-03T06:00:37.377187+00:00,113.4,200,ask,YieldingYams,WavyWalnuts,5371622
2026-07-03T06:00:37.495868,2026-07-03T06:00:37.505799+00:00,113.3,500,ask,AverageAlmonds,YieldingYams,5371632
2026-07-03T06:00:37.557515,2026-07-03T06:00:37.561486+00:00,113.3,3,bid,Xuanyu Liu,YieldingYams,5371637
2026-07-03T06:00:37.887529,2026-07-03T06:00:37.896407+00:00,113.3,122,bid,AverageAlmonds,YieldingYams,5371640
2026-07-03T06:00:38.804356,2026-07-03T06:00:38.816798+00:00,113.5,200,bid,YieldingYams,WavyWalnuts,5371654
2026-07-03T06:00:39.784709,2026-07-03T06:00:39.795965+00:00,113.5,200,ask,YieldingYams,WavyWalnuts,5371672
2026-07-03T06:00:44.624623,2026-07-03T06:00:44.633578+00:00,113.4,200,bid,WavyWalnuts,YieldingYams,5371751
2026-07-03T06:00:45.387789,2026-07-03T06:00:45.392347+00:00,113.5,3,ask,YieldingYams,Xuanyu Liu,5371763
2026-07-03T06:00:45.838591,2026-07-03T06:00:45.858583+00:00,113.5,200,ask,YieldingYams,WavyWalnuts,5371768
2026-07-03T06:00:47.048244,2026-07-03T06:00:47.058598+00:00,113.5,200,ask,YieldingYams,WavyWalnuts,5371800
2026-07-03T06:00:48.260707,2026-07-03T06:00:48.269045+00:00,113.6,200,ask,YieldingYams,WavyWalnuts,5371815
2026-07-03T06:00:50.785861,2026-07-03T06:00:50.789715+00:00,113.6,11,ask,WavyWalnuts,Xuanyu Liu,5371862
2026-07-03T06:00:51.903694,2026-07-03T06:00:51.914075+00:00,113.7,200,bid,WavyWalnuts,YieldingYams,5371876
2026-07-03T06:00:52.269058,2026-07-03T06:00:52.280676+00:00,113.6,20,bid,BrilliantBurritos,YieldingYams,5371880
2026-07-03T06:00:52.694025,2026-07-03T06:00:52.702888+00:00,113.4,20,ask,YieldingYams,BrilliantBurritos,5371884
2026-07-03T06:00:56.755328,2026-07-03T06:00:56.758596+00:00,113.6,200,bid,WavyWalnuts,YieldingYams,5371942
2026-07-03T06:00:57.966960,2026-07-03T06:00:57.976230+00:00,113.3,200,bid,WavyWalnuts,YieldingYams,5371955
2026-07-03T06:01:01.130406,2026-07-03T06:01:01.133608+00:00,113.4,12,ask,YieldingYams,Xuanyu Liu,5371996
2026-07-03T06:01:03.742066,2026-07-03T06:01:03.753277+00:00,113.3,200,ask,WavyWalnuts,YieldingYams,5372024
2026-07-03T06:01:03.742066,2026-07-03T06:01:03.753277+00:00,113.3,425,ask,AverageAlmonds,YieldingYams,5372025
2026-07-03T06:01:04.018757,2026-07-03T06:01:04.027445+00:00,113.2,200,ask,AverageAlmonds,WavyWalnuts,5372030
2026-07-03T06:01:05.229472,2026-07-03T06:01:05.239377+00:00,113.2,200,ask,AverageAlmonds,WavyWalnuts,5372043
2026-07-03T06:01:06.385964,2026-07-03T06:01:06.395441+00:00,113.2,500,ask,AverageAlmonds,YieldingYams,5372054
2026-07-03T06:01:06.436427,2026-07-03T06:01:06.445065+00:00,113.2,125,bid,WavyWalnuts,YieldingYams,5372056
2026-07-03T06:01:07.692970,2026-07-03T06:01:07.702291+00:00,113.3,200,bid,YieldingYams,WavyWalnuts,5372071
2026-07-03T06:01:08.638019,2026-07-03T06:01:08.649681+00:00,113.3,20,ask,YieldingYams,BrilliantBurritos,5372078
2026-07-03T06:01:09.214231,2026-07-03T06:01:09.217982+00:00,113.4,12,bid,Xuanyu Liu,WavyWalnuts,5372084
2026-07-03T06:01:10.340934,2026-07-03T06:01:10.345058+00:00,113.3,11,bid,Xuanyu Liu,YieldingYams,5372097
2026-07-03T06:01:11.366729,2026-07-03T06:01:11.378279+00:00,113.3,20,bid,BrilliantBurritos,YieldingYams,5372109
2026-07-03T06:01:12.939896,2026-07-03T06:01:12.949753+00:00,113.2,500,ask,AverageAlmonds,YieldingYams,5372130
2026-07-03T06:01:12.939896,2026-07-03T06:01:12.949753+00:00,113.2,125,ask,WavyWalnuts,YieldingYams,5372131
2026-07-03T06:01:16.880442,2026-07-03T06:01:16.888427+00:00,113.5,200,ask,WavyWalnuts,YieldingYams,5372176
2026-07-03T06:01:18.701847,2026-07-03T06:01:18.705723+00:00,113.5,3,bid,Xuanyu Liu,YieldingYams,5372210
2026-07-03T06:01:19.507011,2026-07-03T06:01:19.518319+00:00,113.4,500,ask,AverageAlmonds,YieldingYams,5372227
2026-07-03T06:01:19.654526,2026-07-03T06:01:19.658619+00:00,113.4,125,bid,AverageAlmonds,YieldingYams,5372230
2026-07-03T06:01:20.814051,2026-07-03T06:01:20.821390+00:00,113.5,200,bid,YieldingYams,WavyWalnuts,5372242
2026-07-03T06:01:20.957507,2026-07-03T06:01:20.969141+00:00,113.7,200,ask,YieldingYams,WavyWalnuts,5372244
2026-07-03T06:01:24.582029,2026-07-03T06:01:24.592828+00:00,113.4,200,ask,YieldingYams,WavyWalnuts,5372287
2026-07-03T06:01:24.756294,2026-07-03T06:01:24.771843+00:00,113.4,500,ask,AverageAlmonds,YieldingYams,5372292
2026-07-03T06:01:24.768788,2026-07-03T06:01:24.771843+00:00,113.4,3,bid,Xuanyu Liu,YieldingYams,5372294
2026-07-03T06:01:24.797572,2026-07-03T06:01:24.805817+00:00,113.4,25,bid,Alice Feng,YieldingYams,5372296
2026-07-03T06:01:25.709407,2026-07-03T06:01:25.717612+00:00,113.4,97,bid,AverageAlmonds,YieldingYams,5372312
2026-07-03T06:01:25.734294,2026-07-03T06:01:25.737853+00:00,113.4,3,ask,AverageAlmonds,Xuanyu Liu,5372315
2026-07-03T06:01:25.788802,2026-07-03T06:01:25.795627+00:00,113.4,200,ask,AverageAlmonds,WavyWalnuts,5372317
2026-07-03T06:01:26.930936,2026-07-03T06:01:26.942573+00:00,113.7,20,bid,BrilliantBurritos,YieldingYams,5372338
2026-07-03T06:01:27.379824,2026-07-03T06:01:27.387082+00:00,113.6,200,bid,YieldingYams,WavyWalnuts,5372349
2026-07-03T06:01:28.208303,2026-07-03T06:01:28.215209+00:00,113.6,200,ask,YieldingYams,WavyWalnuts,5372365
2026-07-03T06:01:28.264344,2026-07-03T06:01:28.268022+00:00,113.8,3,bid,Xuanyu Liu,YieldingYams,5372369
2026-07-03T06:01:28.412068,2026-07-03T06:01:28.419349+00:00,113.8,25,bid,Alice Feng,YieldingYams,5372374
2026-07-03T06:01:28.620713,2026-07-03T06:01:28.628987+00:00,113.8,25,bid,Alice Feng,YieldingYams,5372382
2026-07-03T06:01:28.830198,2026-07-03T06:01:28.836773+00:00,113.8,25,bid,Alice Feng,YieldingYams,5372391
2026-07-03T06:01:29.040384,2026-07-03T06:01:29.058556+00:00,113.8,25,bid,Alice Feng,YieldingYams,5372396
2026-07-03T06:01:29.416099,2026-07-03T06:01:29.424371+00:00,113.6,200,ask,YieldingYams,WavyWalnuts,5372406
2026-07-03T06:01:30.068182,2026-07-03T06:01:30.074482+00:00,113.6,25,bid,Alice Feng,YieldingYams,5372419
2026-07-03T06:01:30.277524,2026-07-03T06:01:30.284376+00:00,113.6,25,bid,Alice Feng,YieldingYams,5372421
2026-07-03T06:01:30.281435,2026-07-03T06:01:30.289857+00:00,113.4,2,ask,YieldingYams,Alice Feng,5372422
2026-07-03T06:01:30.485737,2026-07-03T06:01:30.492326+00:00,113.4,2,ask,YieldingYams,Alice Feng,5372425
2026-07-03T06:01:32.635015,2026-07-03T06:01:32.644476+00:00,113.4,200,ask,WavyWalnuts,YieldingYams,5372476
2026-07-03T06:01:36.672769,2026-07-03T06:01:36.679599+00:00,113.4,200,bid,WavyWalnuts,YieldingYams,5372551
2026-07-03T06:01:37.893110,2026-07-03T06:01:37.900386+00:00,113.4,200,bid,WavyWalnuts,AverageAlmonds,5372567
2026-07-03T06:01:39.102343,2026-07-03T06:01:39.111383+00:00,113.3,200,bid,WavyWalnuts,AverageAlmonds,5372600
2026-07-03T06:01:40.310592,2026-07-03T06:01:40.319899+00:00,113.3,200,bid,WavyWalnuts,AverageAlmonds,5372623
2026-07-03T06:01:40.920319,2026-07-03T06:01:40.923849+00:00,113.2,3,ask,YieldingYams,Xuanyu Liu,5372634
2026-07-03T06:01:41.464175,2026-07-03T06:01:41.474636+00:00,113.2,500,ask,YieldingYams,AverageAlmonds,5372639
2026-07-03T06:01:41.519965,2026-07-03T06:01:41.528844+00:00,113.4,200,bid,WavyWalnuts,YieldingYams,5372640
2026-07-03T06:01:41.612048,2026-07-03T06:01:41.623764+00:00,113.2,20,ask,YieldingYams,BrilliantBurritos,5372642
2026-07-03T06:01:42.733545,2026-07-03T06:01:42.741212+00:00,113.3,200,bid,WavyWalnuts,AverageAlmonds,5372659
2026-07-03T06:01:44.439181,2026-07-03T06:01:44.448499+00:00,113.3,200,bid,YieldingYams,WavyWalnuts,5372679
2026-07-03T06:01:45.754799,2026-07-03T06:01:45.758581+00:00,113.4,200,bid,YieldingYams,WavyWalnuts,5372699
2026-07-03T06:01:46.293127,2026-07-03T06:01:46.307105+00:00,113.5,20,bid,BrilliantBurritos,AverageAlmonds,5372707
2026-07-03T06:01:49.680548,2026-07-03T06:01:49.689356+00:00,113.4,200,bid,YieldingYams,WavyWalnuts,5372763
2026-07-03T06:01:49.680548,2026-07-03T06:01:49.689356+00:00,113.4,425,bid,YieldingYams,AverageAlmonds,5372764
2026-07-03T06:01:51.189788,2026-07-03T06:01:51.196954+00:00,113.4,200,bid,WavyWalnuts,YieldingYams,5372785
2026-07-03T06:01:52.299284,2026-07-03T06:01:52.307259+00:00,113.3,500,bid,YieldingYams,AverageAlmonds,5372806
2026-07-03T06:01:52.306816,2026-07-03T06:01:52.317479+00:00,113.6,20,bid,BrilliantBurritos,WavyWalnuts,5372809
2026-07-03T06:01:52.332565,2026-07-03T06:01:52.343721+00:00,113.3,125,ask,YieldingYams,AverageAlmonds,5372811
2026-07-03T06:01:52.400679,2026-07-03T06:01:52.408188+00:00,113.3,200,bid,WavyWalnuts,AverageAlmonds,5372812
2026-07-03T06:01:53.393935,2026-07-03T06:01:53.405671+00:00,113.3,20,bid,BrilliantBurritos,AverageAlmonds,5372832
2026-07-03T06:01:53.729706,2026-07-03T06:01:53.741374+00:00,113.2,25,ask,WavyWalnuts,Alice Feng,5372835
2026-07-03T06:01:53.941588,2026-07-03T06:01:53.953130+00:00,113.2,25,ask,WavyWalnuts,Alice Feng,5372840
2026-07-03T06:01:54.150249,2026-07-03T06:01:54.164154+00:00,113.2,25,ask,WavyWalnuts,Alice Feng,5372849
2026-07-03T06:01:54.172351,2026-07-03T06:01:54.179841+00:00,113.2,125,ask,WavyWalnuts,AverageAlmonds,5372850
2026-07-03T06:01:54.822719,2026-07-03T06:01:54.832643+00:00,113.2,200,bid,WavyWalnuts,AverageAlmonds,5372861
2026-07-03T06:01:56.029594,2026-07-03T06:01:56.039408+00:00,113.2,200,bid,WavyWalnuts,YieldingYams,5372877
2026-07-03T06:01:56.232072,2026-07-03T06:01:56.240036+00:00,113.2,500,bid,YieldingYams,AverageAlmonds,5372885
2026-07-03T06:01:56.460854,2026-07-03T06:01:56.472143+00:00,113.2,25,ask,YieldingYams,Alice Feng,5372899
2026-07-03T06:01:56.578283,2026-07-03T06:01:56.586836+00:00,113.2,100,ask,YieldingYams,AverageAlmonds,5372907
2026-07-03T06:01:57.236686,2026-07-03T06:01:57.246245+00:00,113.2,200,bid,WavyWalnuts,AverageAlmonds,5372915
2026-07-03T06:01:58.444490,2026-07-03T06:01:58.453923+00:00,113.2,200,bid,WavyWalnuts,YieldingYams,5372935
2026-07-03T06:01:59.882753,2026-07-03T06:01:59.886676+00:00,113.3,3,bid,Xuanyu Liu,YieldingYams,5372960
2026-07-03T06:02:02.075217,2026-07-03T06:02:02.085876+00:00,113.1,200,ask,YieldingYams,WavyWalnuts,5373003
2026-07-03T06:02:02.792751,2026-07-03T06:02:02.796298+00:00,113.1,23,bid,Xuanyu Liu,YieldingYams,5373013
2026-07-03T06:02:05.561461,2026-07-03T06:02:05.572971+00:00,113.2,20,bid,BrilliantBurritos,WavyWalnuts,5373058
2026-07-03T06:02:10.538100,2026-07-03T06:02:10.548059+00:00,113.0,200,bid,WavyWalnuts,AverageAlmonds,5373131
2026-07-03T06:02:11.744366,2026-07-03T06:02:11.752433+00:00,113.1,200,bid,WavyWalnuts,YieldingYams,5373149
2026-07-03T06:02:12.951726,2026-07-03T06:02:12.958631+00:00,113.0,200,bid,WavyWalnuts,AverageAlmonds,5373176
2026-07-03T06:02:14.131341,2026-07-03T06:02:14.138966+00:00,112.9,500,ask,YieldingYams,AverageAlmonds,5373195
2026-07-03T06:02:14.569961,2026-07-03T06:02:14.580650+00:00,112.8,200,ask,WavyWalnuts,YieldingYams,5373205
2026-07-03T06:02:15.764042,2026-07-03T06:02:15.767202+00:00,112.7,12,ask,WavyWalnuts,Xuanyu Liu,5373220
2026-07-03T06:02:15.790329,2026-07-03T06:02:15.777328+00:00,112.7,20,ask,WavyWalnuts,BrilliantBurritos,5373222
2026-07-03T06:02:17.795638,2026-07-03T06:02:17.806891+00:00,112.8,200,bid,WavyWalnuts,YieldingYams,5373266
2026-07-03T06:02:20.211799,2026-07-03T06:02:20.219214+00:00,112.9,200,bid,WavyWalnuts,YieldingYams,5373298
2026-07-03T06:02:21.138500,2026-07-03T06:02:21.141808+00:00,112.9,11,ask,YieldingYams,Xuanyu Liu,5373316
2026-07-03T06:02:21.419780,2026-07-03T06:02:21.429103+00:00,113.0,200,bid,WavyWalnuts,AverageAlmonds,5373319
2026-07-03T06:02:22.626552,2026-07-03T06:02:22.635767+00:00,113.0,200,bid,WavyWalnuts,AverageAlmonds,5373331
2026-07-03T06:02:23.836171,2026-07-03T06:02:23.847628+00:00,113.0,200,bid,WavyWalnuts,AverageAlmonds,5373354
2026-07-03T06:02:25.045126,2026-07-03T06:02:25.058562+00:00,113.0,500,bid,YieldingYams,AverageAlmonds,5373367
2026-07-03T06:02:25.047508,2026-07-03T06:02:25.058562+00:00,113.1,125,ask,YieldingYams,WavyWalnuts,5373368
2026-07-03T06:02:33.874124,2026-07-03T06:02:33.876786+00:00,112.9,20,bid,BrilliantBurritos,WavyWalnuts,5373486
2026-07-03T06:02:40.784708,2026-07-03T06:02:40.794990+00:00,112.9,200,ask,YieldingYams,WavyWalnuts,5373603
2026-07-03T06:02:41.356500,2026-07-03T06:02:41.368697+00:00,112.9,425,ask,YieldingYams,AverageAlmonds,5373607
2026-07-03T06:02:42.072349,2026-07-03T06:02:42.079791+00:00,112.8,200,ask,WavyWalnuts,YieldingYams,5373623
2026-07-03T06:02:42.091036,2026-07-03T06:02:42.094441+00:00,112.8,11,bid,Xuanyu Liu,YieldingYams,5373628
2026-07-03T06:02:44.428675,2026-07-03T06:02:44.436752+00:00,112.9,200,bid,WavyWalnuts,YieldingYams,5373652
2026-07-03T06:02:45.643135,2026-07-03T06:02:45.652728+00:00,112.8,200,bid,WavyWalnuts,YieldingYams,5373680
2026-07-03T06:02:47.164730,2026-07-03T06:02:47.176342+00:00,112.7,20,ask,YieldingYams,BrilliantBurritos,5373702
2026-07-03T06:02:48.038074,2026-07-03T06:02:48.046828+00:00,112.7,200,ask,WavyWalnuts,AverageAlmonds,5373719
2026-07-03T06:02:48.038074,2026-07-03T06:02:48.046828+00:00,112.7,300,ask,YieldingYams,AverageAlmonds,5373720
2026-07-03T06:02:48.071531,2026-07-03T06:02:48.080215+00:00,112.7,200,ask,YieldingYams,WavyWalnuts,5373721
2026-07-03T06:02:50.505258,2026-07-03T06:02:50.512066+00:00,112.4,200,ask,YieldingYams,WavyWalnuts,5373771
2026-07-03T06:02:52.537379,2026-07-03T06:02:52.545091+00:00,112.4,200,bid,YieldingYams,WavyWalnuts,5373810
2026-07-03T06:02:52.922412,2026-07-03T06:02:52.933752+00:00,112.5,200,ask,YieldingYams,WavyWalnuts,5373816
2026-07-03T06:02:55.156479,2026-07-03T06:02:55.163135+00:00,112.6,500,bid,YieldingYams,AverageAlmonds,5373836
2026-07-03T06:02:55.278949,2026-07-03T06:02:55.289758+00:00,112.6,125,ask,YieldingYams,AverageAlmonds,5373838
2026-07-03T06:02:55.333992,2026-07-03T06:02:55.342159+00:00,112.6,200,bid,WavyWalnuts,AverageAlmonds,5373842
2026-07-03T06:02:57.750262,2026-07-03T06:02:57.758549+00:00,112.6,200,bid,WavyWalnuts,YieldingYams,5373876
2026-07-03T06:02:57.796338,2026-07-03T06:02:57.806600+00:00,112.6,500,bid,YieldingYams,AverageAlmonds,5373877
2026-07-03T06:02:58.302061,2026-07-03T06:02:58.311805+00:00,112.6,125,ask,YieldingYams,AverageAlmonds,5373884
2026-07-03T06:02:59.964221,2026-07-03T06:02:59.967659+00:00,112.4,11,ask,WavyWalnuts,Xuanyu Liu,5373920
2026-07-03T06:03:00.170216,2026-07-03T06:03:00.178774+00:00,112.5,200,bid,WavyWalnuts,AverageAlmonds,5373921
2026-07-03T06:03:02.610629,2026-07-03T06:03:02.613813+00:00,112.5,3,ask,WavyWalnuts,Xuanyu Liu,5373952
2026-07-03T06:03:03.759807,2026-07-03T06:03:03.769438+00:00,112.5,197,ask,WavyWalnuts,AverageAlmonds,5373973
2026-07-03T06:03:03.759807,2026-07-03T06:03:03.769438+00:00,112.5,303,ask,YieldingYams,AverageAlmonds,5373974
2026-07-03T06:03:04.226520,2026-07-03T06:03:04.238311+00:00,112.6,20,bid,BrilliantBurritos,WavyWalnuts,5373977
2026-07-03T06:03:05.680727,2026-07-03T06:03:05.691109+00:00,112.4,200,ask,WavyWalnuts,YieldingYams,5373996
2026-07-03T06:03:08.297165,2026-07-03T06:03:08.306738+00:00,112.3,200,bid,YieldingYams,WavyWalnuts,5374039
2026-07-03T06:03:08.749046,2026-07-03T06:03:08.758575+00:00,112.3,20,ask,YieldingYams,BrilliantBurritos,5374050
2026-07-03T06:03:10.418623,2026-07-03T06:03:10.425078+00:00,112.3,200,ask,WavyWalnuts,AverageAlmonds,5374073
2026-07-03T06:03:12.225429,2026-07-03T06:03:12.232418+00:00,112.4,200,bid,YieldingYams,WavyWalnuts,5374104
2026-07-03T06:03:12.225429,2026-07-03T06:03:12.237828+00:00,112.4,425,bid,YieldingYams,AverageAlmonds,5374105
2026-07-03T06:03:13.501217,2026-07-03T06:03:13.511753+00:00,112.4,200,bid,WavyWalnuts,AverageAlmonds,5374129
2026-07-03T06:03:13.515420,2026-07-03T06:03:13.522094+00:00,112.4,22,bid,Zihao Wu,AverageAlmonds,5374130
2026-07-03T06:03:14.716036,2026-07-03T06:03:14.726816+00:00,112.4,200,bid,WavyWalnuts,YieldingYams,5374152
2026-07-03T06:03:15.274674,2026-07-03T06:03:15.284561+00:00,112.3,500,ask,YieldingYams,AverageAlmonds,5374159
2026-07-03T06:03:15.864173,2026-07-03T06:03:15.874520+00:00,112.3,125,ask,YieldingYams,AverageAlmonds,5374168
2026-07-03T06:03:16.480132,2026-07-03T06:03:16.491126+00:00,112.2,20,ask,WavyWalnuts,BrilliantBurritos,5374175
2026-07-03T06:03:17.142288,2026-07-03T06:03:17.164517+00:00,112.3,200,bid,WavyWalnuts,YieldingYams,5374186
2026-07-03T06:03:17.461870,2026-07-03T06:03:17.469390+00:00,112.3,500,bid,YieldingYams,AverageAlmonds,5374190
2026-07-03T06:03:17.676651,2026-07-03T06:03:17.765009+00:00,112.3,125,ask,YieldingYams,AverageAlmonds,5374194
2026-07-03T06:03:21.983562,2026-07-03T06:03:21.994825+00:00,112.2,200,ask,YieldingYams,WavyWalnuts,5374262
2026-07-03T06:03:22.532369,2026-07-03T06:03:22.539034+00:00,112.2,425,ask,YieldingYams,AverageAlmonds,5374267
2026-07-03T06:03:23.191231,2026-07-03T06:03:23.199723+00:00,112.1,200,bid,WavyWalnuts,YieldingYams,5374277
2026-07-03T06:03:24.404724,2026-07-03T06:03:24.415813+00:00,112.1,200,ask,YieldingYams,WavyWalnuts,5374299
2026-07-03T06:03:25.611142,2026-07-03T06:03:25.620818+00:00,112.0,200,bid,WavyWalnuts,YieldingYams,5374314
2026-07-03T06:03:26.820384,2026-07-03T06:03:26.829414+00:00,112.1,200,bid,WavyWalnuts,YieldingYams,5374331
2026-07-03T06:03:29.265792,2026-07-03T06:03:29.274432+00:00,112.0,20,bid,BrilliantBurritos,YieldingYams,5374363
2026-07-03T06:03:31.763351,2026-07-03T06:03:31.771345+00:00,112.0,20,bid,BrilliantBurritos,YieldingYams,5374398
2026-07-03T06:03:32.857854,2026-07-03T06:03:32.865598+00:00,111.9,200,bid,WavyWalnuts,YieldingYams,5374413
2026-07-03T06:03:33.576890,2026-07-03T06:03:33.588470+00:00,111.8,22,ask,YieldingYams,Zihao Wu,5374426
2026-07-03T06:03:38.908650,2026-07-03T06:03:38.919283+00:00,111.7,200,ask,AverageAlmonds,WavyWalnuts,5374513
2026-07-03T06:03:39.447801,2026-07-03T06:03:39.458602+00:00,111.8,20,bid,BrilliantBurritos,YieldingYams,5374521
2026-07-03T06:03:41.324523,2026-07-03T06:03:41.330728+00:00,111.7,200,ask,AverageAlmonds,WavyWalnuts,5374553
2026-07-03T06:03:42.546978,2026-07-03T06:03:42.557063+00:00,111.9,200,ask,AverageAlmonds,WavyWalnuts,5374562
2026-07-03T06:03:43.754870,2026-07-03T06:03:43.755174+00:00,111.9,200,ask,YieldingYams,WavyWalnuts,5374581
2026-07-03T06:03:44.935327,2026-07-03T06:03:44.946600+00:00,112.1,500,bid,AverageAlmonds,YieldingYams,5374594
2026-07-03T06:03:44.961372,2026-07-03T06:03:44.969268+00:00,111.9,200,ask,YieldingYams,WavyWalnuts,5374596
2026-07-03T06:03:46.168454,2026-07-03T06:03:46.176433+00:00,112.2,200,ask,AverageAlmonds,WavyWalnuts,5374609
2026-07-03T06:03:46.289912,2026-07-03T06:03:46.307632+00:00,112.2,300,ask,AverageAlmonds,YieldingYams,5374615
2026-07-03T06:03:46.304083,2026-07-03T06:03:46.307632+00:00,112.0,3,bid,Xuanyu Liu,YieldingYams,5374617
2026-07-03T06:03:46.735770,2026-07-03T06:03:46.740883+00:00,112.0,322,bid,AverageAlmonds,YieldingYams,5374620
2026-07-03T06:03:48.160909,2026-07-03T06:03:48.172468+00:00,112.4,20,bid,BrilliantBurritos,YieldingYams,5374643
2026-07-03T06:03:48.600484,2026-07-03T06:03:48.611439+00:00,112.3,200,ask,AverageAlmonds,WavyWalnuts,5374650
2026-07-03T06:03:49.808525,2026-07-03T06:03:49.817952+00:00,112.3,200,ask,AverageAlmonds,WavyWalnuts,5374671
2026-07-03T06:03:51.015337,2026-07-03T06:03:51.023781+00:00,112.1,200,ask,YieldingYams,WavyWalnuts,5374687
2026-07-03T06:03:51.944707,2026-07-03T06:03:51.951041+00:00,112.1,20,ask,AverageAlmonds,BrilliantBurritos,5374698
2026-07-03T06:03:52.226258,2026-07-03T06:03:52.237577+00:00,112.1,200,ask,AverageAlmonds,WavyWalnuts,5374701
2026-07-03T06:03:53.145486,2026-07-03T06:03:53.158630+00:00,112.2,20,bid,BrilliantBurritos,YieldingYams,5374713
2026-07-03T06:03:53.404009,2026-07-03T06:03:53.412375+00:00,112.2,500,bid,AverageAlmonds,YieldingYams,5374715
2026-07-03T06:03:53.771641,2026-07-03T06:03:53.783297+00:00,112.2,20,bid,BrilliantBurritos,YieldingYams,5374719
2026-07-03T06:03:53.993155,2026-07-03T06:03:54.003881+00:00,112.2,85,bid,AverageAlmonds,YieldingYams,5374723
2026-07-03T06:03:53.993155,2026-07-03T06:03:54.003881+00:00,112.2,200,bid,AverageAlmonds,WavyWalnuts,5374724
2026-07-03T06:03:58.042209,2026-07-03T06:03:58.063937+00:00,112.5,20,bid,BrilliantBurritos,YieldingYams,5374782
2026-07-03T06:04:00.684737,2026-07-03T06:04:00.692924+00:00,112.3,200,bid,AverageAlmonds,WavyWalnuts,5374825
2026-07-03T06:04:00.722783,2026-07-03T06:04:00.742183+00:00,112.3,3,ask,AverageAlmonds,Xuanyu Liu,5374830
2026-07-03T06:04:01.291033,2026-07-03T06:04:01.297909+00:00,112.4,200,bid,AverageAlmonds,WavyWalnuts,5374840
2026-07-03T06:04:01.291033,2026-07-03T06:04:01.303257+00:00,112.4,300,bid,AverageAlmonds,YieldingYams,5374841
2026-07-03T06:04:01.439738,2026-07-03T06:04:01.451467+00:00,112.2,20,ask,WavyWalnuts,BrilliantBurritos,5374847
2026-07-03T06:04:01.884244,2026-07-03T06:04:01.892374+00:00,112.4,325,bid,AverageAlmonds,YieldingYams,5374854
2026-07-03T06:04:03.127483,2026-07-03T06:04:03.138003+00:00,112.5,200,ask,YieldingYams,WavyWalnuts,5374881
2026-07-03T06:04:04.338015,2026-07-03T06:04:04.347677+00:00,112.4,200,ask,YieldingYams,WavyWalnuts,5374898
2026-07-03T06:04:05.545877,2026-07-03T06:04:05.558626+00:00,112.4,200,ask,AverageAlmonds,WavyWalnuts,5374920
2026-07-03T06:04:11.610034,2026-07-03T06:04:11.620020+00:00,112.5,200,ask,AverageAlmonds,WavyWalnuts,5375026
2026-07-03T06:04:12.732735,2026-07-03T06:04:12.736594+00:00,112.6,14,ask,AverageAlmonds,Xuanyu Liu,5375055
2026-07-03T06:04:13.836729,2026-07-03T06:04:13.847437+00:00,112.7,200,bid,YieldingYams,WavyWalnuts,5375076
2026-07-03T06:04:14.032758,2026-07-03T06:04:14.043398+00:00,112.7,200,ask,YieldingYams,WavyWalnuts,5375081
2026-07-03T06:04:17.776922,2026-07-03T06:04:17.785913+00:00,112.8,200,ask,WavyWalnuts,YieldingYams,5375147
2026-07-03T06:04:18.861943,2026-07-03T06:04:18.868680+00:00,112.8,200,bid,WavyWalnuts,YieldingYams,5375159
2026-07-03T06:04:21.513141,2026-07-03T06:04:21.524706+00:00,112.7,20,ask,YieldingYams,BrilliantBurritos,5375198
2026-07-03T06:04:21.710176,2026-07-03T06:04:21.718946+00:00,112.6,500,ask,AverageAlmonds,YieldingYams,5375202
2026-07-03T06:04:21.710176,2026-07-03T06:04:21.718946+00:00,112.6,125,ask,WavyWalnuts,YieldingYams,5375203
2026-07-03T06:04:22.913645,2026-07-03T06:04:22.925229+00:00,112.9,20,bid,BrilliantBurritos,WavyWalnuts,5375219
2026-07-03T06:04:24.337133,2026-07-03T06:04:24.356950+00:00,112.8,500,ask,AverageAlmonds,YieldingYams,5375237
2026-07-03T06:04:24.353370,2026-07-03T06:04:24.356950+00:00,112.8,11,bid,Xuanyu Liu,YieldingYams,5375240
2026-07-03T06:04:24.884597,2026-07-03T06:04:24.893472+00:00,112.8,114,bid,AverageAlmonds,YieldingYams,5375243
2026-07-03T06:04:25.172220,2026-07-03T06:04:25.183999+00:00,112.8,20,ask,AverageAlmonds,BrilliantBurritos,5375249
2026-07-03T06:04:25.315489,2026-07-03T06:04:25.318691+00:00,112.9,3,bid,Xuanyu Liu,WavyWalnuts,5375252
2026-07-03T06:04:25.644620,2026-07-03T06:04:25.658618+00:00,112.9,197,bid,YieldingYams,WavyWalnuts,5375257
2026-07-03T06:04:27.156998,2026-07-03T06:04:27.165931+00:00,113.0,20,ask,YieldingYams,BrilliantBurritos,5375274
2026-07-03T06:04:27.344572,2026-07-03T06:04:27.358629+00:00,113.0,200,ask,YieldingYams,WavyWalnuts,5375276
2026-07-03T06:04:29.817233,2026-07-03T06:04:29.828758+00:00,113.0,20,ask,AverageAlmonds,BrilliantBurritos,5375313
2026-07-03T06:04:34.848691,2026-07-03T06:04:34.858555+00:00,113.0,200,ask,WavyWalnuts,YieldingYams,5375387
2026-07-03T06:04:35.163275,2026-07-03T06:04:35.169394+00:00,113.0,425,bid,AverageAlmonds,YieldingYams,5375391
2026-07-03T06:04:35.826340,2026-07-03T06:04:35.836071+00:00,113.1,200,ask,AverageAlmonds,WavyWalnuts,5375402
2026-07-03T06:04:36.175851,2026-07-03T06:04:36.179426+00:00,113.3,3,ask,YieldingYams,Xuanyu Liu,5375409
2026-07-03T06:04:37.035944,2026-07-03T06:04:37.058635+00:00,113.3,200,ask,YieldingYams,WavyWalnuts,5375428
2026-07-03T06:04:38.245482,2026-07-03T06:04:38.255229+00:00,113.2,200,ask,AverageAlmonds,WavyWalnuts,5375450
2026-07-03T06:04:38.778900,2026-07-03T06:04:38.789123+00:00,113.2,300,ask,AverageAlmonds,YieldingYams,5375458
2026-07-03T06:04:38.799442,2026-07-03T06:04:38.809705+00:00,113.2,325,bid,AverageAlmonds,YieldingYams,5375459
2026-07-03T06:04:39.452489,2026-07-03T06:04:39.458637+00:00,113.2,200,ask,AverageAlmonds,WavyWalnuts,5375471
2026-07-03T06:04:41.202625,2026-07-03T06:04:41.206440+00:00,113.2,11,ask,YieldingYams,Xuanyu Liu,5375514
2026-07-03T06:04:43.346692,2026-07-03T06:04:43.358566+00:00,113.2,20,bid,BrilliantBurritos,YieldingYams,5375551
2026-07-03T06:04:44.291069,2026-07-03T06:04:44.301057+00:00,113.2,200,bid,WavyWalnuts,YieldingYams,5375564
2026-07-03T06:04:45.324985,2026-07-03T06:04:45.334161+00:00,113.1,500,ask,AverageAlmonds,YieldingYams,5375579
2026-07-03T06:04:45.463113,2026-07-03T06:04:45.470514+00:00,113.1,125,bid,AverageAlmonds,YieldingYams,5375580
2026-07-03T06:04:46.555071,2026-07-03T06:04:46.566746+00:00,113.2,20,bid,BrilliantBurritos,WavyWalnuts,5375602
2026-07-03T06:04:46.630716,2026-07-03T06:04:46.637677+00:00,113.2,180,bid,YieldingYams,WavyWalnuts,5375605
2026-07-03T06:04:46.648603,2026-07-03T06:04:46.652533+00:00,113.2,4,ask,YieldingYams,Xuanyu Liu,5375607
2026-07-03T06:04:49.135870,2026-07-03T06:04:49.142504+00:00,113.3,200,bid,WavyWalnuts,YieldingYams,5375650
2026-07-03T06:04:51.557398,2026-07-03T06:04:51.568973+00:00,113.5,200,bid,WavyWalnuts,YieldingYams,5375685
2026-07-03T06:04:53.181789,2026-07-03T06:04:53.193140+00:00,113.5,200,ask,WavyWalnuts,YieldingYams,5375704
2026-07-03T06:04:57.019687,2026-07-03T06:04:57.023268+00:00,113.7,4,bid,Xuanyu Liu,YieldingYams,5375751
2026-07-03T06:04:57.127860,2026-07-03T06:04:57.137807+00:00,113.7,500,bid,YieldingYams,AverageAlmonds,5375755
2026-07-03T06:04:57.571932,2026-07-03T06:04:57.583014+00:00,113.7,125,ask,YieldingYams,AverageAlmonds,5375760
2026-07-03T06:04:57.588818,2026-07-03T06:04:57.592000+00:00,113.7,11,bid,Xuanyu Liu,AverageAlmonds,5375763
2026-07-03T06:04:58.453357,2026-07-03T06:04:58.456807+00:00,113.6,3,bid,Xuanyu Liu,YieldingYams,5375780
2026-07-03T06:04:59.752673,2026-07-03T06:04:59.758593+00:00,113.5,200,ask,WavyWalnuts,YieldingYams,5375798
2026-07-03T06:05:00.030124,2026-07-03T06:05:00.038059+00:00,113.5,200,bid,WavyWalnuts,YieldingYams,5375804
2026-07-03T06:05:03.961159,2026-07-03T06:05:03.968789+00:00,113.7,20,bid,BrilliantBurritos,WavyWalnuts,5375861
2026-07-03T06:05:04.900982,2026-07-03T06:05:04.912411+00:00,113.6,200,ask,YieldingYams,WavyWalnuts,5375876
2026-07-03T06:05:05.190880,2026-07-03T06:05:05.202510+00:00,113.6,20,ask,YieldingYams,BrilliantBurritos,5375880
2026-07-03T06:05:06.321133,2026-07-03T06:05:06.331695+00:00,113.7,200,bid,YieldingYams,WavyWalnuts,5375895
2026-07-03T06:05:07.323442,2026-07-03T06:05:07.330704+00:00,113.7,200,ask,YieldingYams,WavyWalnuts,5375900
2026-07-03T06:05:08.531969,2026-07-03T06:05:08.540253+00:00,113.7,200,ask,YieldingYams,WavyWalnuts,5375921
2026-07-03T06:05:09.740121,2026-07-03T06:05:09.747208+00:00,113.6,200,bid,WavyWalnuts,YieldingYams,5375946
2026-07-03T06:05:10.946684,2026-07-03T06:05:10.958617+00:00,113.6,200,bid,WavyWalnuts,YieldingYams,5375955
2026-07-03T06:05:12.182645,2026-07-03T06:05:12.194140+00:00,113.5,20,ask,WavyWalnuts,BrilliantBurritos,5375971
2026-07-03T06:05:15.785632,2026-07-03T06:05:15.792928+00:00,113.5,200,bid,WavyWalnuts,YieldingYams,5376030
2026-07-03T06:05:16.992399,2026-07-03T06:05:17.002493+00:00,113.6,200,bid,WavyWalnuts,YieldingYams,5376052
2026-07-03T06:05:18.171762,2026-07-03T06:05:18.175395+00:00,113.5,3,ask,YieldingYams,Xuanyu Liu,5376072
2026-07-03T06:05:18.211399,2026-07-03T06:05:18.214959+00:00,113.6,11,ask,WavyWalnuts,Xuanyu Liu,5376075
2026-07-03T06:05:20.620442,2026-07-03T06:05:20.629899+00:00,113.7,200,bid,WavyWalnuts,YieldingYams,5376120
2026-07-03T06:05:22.067676,2026-07-03T06:05:22.077537+00:00,113.8,200,bid,YieldingYams,WavyWalnuts,5376143
2026-07-03T06:05:24.279228,2026-07-03T06:05:24.282825+00:00,113.8,11,bid,Xuanyu Liu,WavyWalnuts,5376184
2026-07-03T06:05:25.475564,2026-07-03T06:05:25.484066+00:00,113.7,200,ask,YieldingYams,WavyWalnuts,5376208
2026-07-03T06:05:25.495219,2026-07-03T06:05:25.499289+00:00,113.7,11,ask,YieldingYams,Xuanyu Liu,5376211
2026-07-03T06:05:27.667814,2026-07-03T06:05:27.679387+00:00,113.6,20,ask,WavyWalnuts,BrilliantBurritos,5376249
2026-07-03T06:05:29.108423,2026-07-03T06:05:29.120048+00:00,113.7,200,ask,YieldingYams,WavyWalnuts,5376269
2026-07-03T06:05:29.501174,2026-07-03T06:05:29.510245+00:00,113.7,20,ask,YieldingYams,BrilliantBurritos,5376280
2026-07-03T06:05:32.561003,2026-07-03T06:05:32.569742+00:00,113.6,200,bid,YieldingYams,WavyWalnuts,5376325
2026-07-03T06:05:33.874979,2026-07-03T06:05:33.881519+00:00,113.7,200,bid,YieldingYams,WavyWalnuts,5376349
2026-07-03T06:05:33.919765,2026-07-03T06:05:33.923383+00:00,113.7,12,ask,YieldingYams,Xuanyu Liu,5376352
2026-07-03T06:05:34.699391,2026-07-03T06:05:34.711128+00:00,113.7,20,ask,YieldingYams,BrilliantBurritos,5376359
2026-07-03T06:05:36.501529,2026-07-03T06:05:36.510676+00:00,113.7,200,bid,YieldingYams,WavyWalnuts,5376386
2026-07-03T06:05:37.844531,2026-07-03T06:05:37.858616+00:00,113.7,20,ask,WavyWalnuts,BrilliantBurritos,5376404
2026-07-03T06:05:39.142179,2026-07-03T06:05:39.145322+00:00,113.8,12,bid,Xuanyu Liu,YieldingYams,5376422
2026-07-03T06:05:39.985653,2026-07-03T06:05:39.994516+00:00,113.8,200,bid,WavyWalnuts,YieldingYams,5376430
2026-07-03T06:05:41.797609,2026-07-03T06:05:41.801272+00:00,113.8,11,bid,Xuanyu Liu,WavyWalnuts,5376452
2026-07-03T06:05:42.418794,2026-07-03T06:05:42.427414+00:00,113.7,200,ask,YieldingYams,WavyWalnuts,5376458
2026-07-03T06:05:43.627771,2026-07-03T06:05:43.634160+00:00,113.8,200,bid,WavyWalnuts,YieldingYams,5376470
2026-07-03T06:05:44.840752,2026-07-03T06:05:44.850791+00:00,113.7,200,ask,YieldingYams,WavyWalnuts,5376482
2026-07-03T06:05:46.108563,2026-07-03T06:05:46.120337+00:00,113.8,20,bid,BrilliantBurritos,YieldingYams,5376500
2026-07-03T06:05:49.695283,2026-07-03T06:05:49.698451+00:00,113.6,3,bid,Xuanyu Liu,WavyWalnuts,5376537
2026-07-03T06:05:50.895135,2026-07-03T06:05:50.902102+00:00,113.5,200,ask,YieldingYams,WavyWalnuts,5376550
2026-07-03T06:05:52.107125,2026-07-03T06:05:52.114533+00:00,113.5,200,ask,YieldingYams,WavyWalnuts,5376561
2026-07-03T06:05:52.382015,2026-07-03T06:05:52.393468+00:00,113.5,20,bid,BrilliantBurritos,YieldingYams,5376568
2026-07-03T06:05:54.595132,2026-07-03T06:05:54.606608+00:00,113.2,20,ask,YieldingYams,BrilliantBurritos,5376601
2026-07-03T06:05:54.904186,2026-07-03T06:05:54.912810+00:00,113.2,500,ask,AverageAlmonds,YieldingYams,5376607
2026-07-03T06:05:54.904186,2026-07-03T06:05:54.912810+00:00,113.2,125,ask,WavyWalnuts,YieldingYams,5376608
2026-07-03T06:06:00.948584,2026-07-03T06:06:00.958564+00:00,113.4,20,bid,BrilliantBurritos,WavyWalnuts,5376688
2026-07-03T06:06:01.787647,2026-07-03T06:06:01.796481+00:00,113.3,200,ask,YieldingYams,WavyWalnuts,5376697
2026-07-03T06:06:02.994527,2026-07-03T06:06:03.003136+00:00,113.3,200,bid,WavyWalnuts,YieldingYams,5376720
2026-07-03T06:06:05.442586,2026-07-03T06:06:05.453979+00:00,113.4,200,bid,WavyWalnuts,YieldingYams,5376751
2026-07-03T06:06:06.721413,2026-07-03T06:06:06.738827+00:00,113.3,200,bid,YieldingYams,WavyWalnuts,5376769
2026-07-03T06:06:06.735749,2026-07-03T06:06:06.738827+00:00,113.5,26,ask,YieldingYams,Xuanyu Liu,5376771
2026-07-03T06:06:07.886562,2026-07-03T06:06:07.895673+00:00,113.5,200,ask,YieldingYams,WavyWalnuts,5376788
2026-07-03T06:06:10.304418,2026-07-03T06:06:10.312676+00:00,113.4,200,ask,YieldingYams,WavyWalnuts,5376828
2026-07-03T06:06:10.674591,2026-07-03T06:06:10.678218+00:00,113.4,12,bid,Xuanyu Liu,YieldingYams,5376833
2026-07-03T06:06:11.510263,2026-07-03T06:06:11.519458+00:00,113.4,200,bid,WavyWalnuts,YieldingYams,5376847
2026-07-03T06:06:12.717424,2026-07-03T06:06:12.726854+00:00,113.4,200,bid,WavyWalnuts,YieldingYams,5376861
2026-07-03T06:06:16.065340,2026-07-03T06:06:16.069619+00:00,113.4,14,bid,Xuanyu Liu,WavyWalnuts,5376918
2026-07-03T06:06:18.622812,2026-07-03T06:06:18.631875+00:00,113.3,22,ask,WavyWalnuts,Zihao Wu,5376958
2026-07-03T06:06:25.097590,2026-07-03T06:06:25.109679+00:00,113.4,200,ask,WavyWalnuts,YieldingYams,5377078
2026-07-03T06:06:26.032212,2026-07-03T06:06:26.038658+00:00,113.4,200,bid,WavyWalnuts,YieldingYams,5377091
2026-07-03T06:06:27.732574,2026-07-03T06:06:27.738921+00:00,113.6,500,bid,YieldingYams,AverageAlmonds,5377116
2026-07-03T06:06:27.732574,2026-07-03T06:06:27.744395+00:00,113.6,125,bid,YieldingYams,WavyWalnuts,5377117
2026-07-03T06:06:28.460127,2026-07-03T06:06:28.468985+00:00,113.6,200,bid,WavyWalnuts,AverageAlmonds,5377140
2026-07-03T06:06:29.668920,2026-07-03T06:06:29.676142+00:00,113.4,200,bid,WavyWalnuts,AverageAlmonds,5377154
2026-07-03T06:06:30.877506,2026-07-03T06:06:30.885707+00:00,113.4,200,bid,WavyWalnuts,YieldingYams,5377171
2026-07-03T06:06:31.669151,2026-07-03T06:06:31.678964+00:00,113.4,500,bid,YieldingYams,AverageAlmonds,5377182
2026-07-03T06:06:32.029870,2026-07-03T06:06:32.039865+00:00,113.4,125,ask,YieldingYams,AverageAlmonds,5377193
2026-07-03T06:06:32.062957,2026-07-03T06:06:32.066778+00:00,113.4,3,bid,Xuanyu Liu,AverageAlmonds,5377199
2026-07-03T06:06:32.981849,2026-07-03T06:06:32.991005+00:00,113.3,200,ask,WavyWalnuts,YieldingYams,5377216
2026-07-03T06:06:33.305780,2026-07-03T06:06:33.314140+00:00,113.2,200,bid,WavyWalnuts,YieldingYams,5377227
2026-07-03T06:06:36.931909,2026-07-03T06:06:36.935494+00:00,113.1,3,ask,YieldingYams,Xuanyu Liu,5377272
2026-07-03T06:06:37.722958,2026-07-03T06:06:37.734433+00:00,113.2,20,bid,BrilliantBurritos,WavyWalnuts,5377279
2026-07-03T06:06:38.153196,2026-07-03T06:06:38.159927+00:00,113.1,200,ask,YieldingYams,WavyWalnuts,5377283
2026-07-03T06:06:39.479305,2026-07-03T06:06:39.488906+00:00,113.1,22,bid,Zihao Wu,WavyWalnuts,5377307
2026-07-03T06:06:40.845686,2026-07-03T06:06:40.858631+00:00,113.1,200,bid,YieldingYams,WavyWalnuts,5377329
2026-07-03T06:06:42.982489,2026-07-03T06:06:42.990557+00:00,113.1,200,bid,WavyWalnuts,YieldingYams,5377362
2026-07-03T06:06:46.103174,2026-07-03T06:06:46.110001+00:00,113.1,200,ask,WavyWalnuts,YieldingYams,5377402
2026-07-03T06:06:47.813453,2026-07-03T06:06:47.821561+00:00,113.2,200,bid,WavyWalnuts,YieldingYams,5377425
2026-07-03T06:06:51.831177,2026-07-03T06:06:51.842595+00:00,113.1,20,ask,YieldingYams,BrilliantBurritos,5377498
2026-07-03T06:06:52.648911,2026-07-03T06:06:52.658574+00:00,113.1,200,ask,YieldingYams,WavyWalnuts,5377509
2026-07-03T06:06:54.010447,2026-07-03T06:06:54.021981+00:00,112.9,20,ask,WavyWalnuts,BrilliantBurritos,5377535
2026-07-03T06:06:54.755738,2026-07-03T06:06:54.767298+00:00,112.9,20,ask,WavyWalnuts,BrilliantBurritos,5377545
2026-07-03T06:06:56.599589,2026-07-03T06:06:56.610423+00:00,113.0,200,ask,WavyWalnuts,YieldingYams,5377582
2026-07-03T06:06:59.238097,2026-07-03T06:06:59.241999+00:00,112.9,3,ask,YieldingYams,Xuanyu Liu,5377622
2026-07-03T06:06:59.911812,2026-07-03T06:06:59.920433+00:00,112.9,200,ask,YieldingYams,WavyWalnuts,5377634
2026-07-03T06:07:02.339182,2026-07-03T06:07:02.349514+00:00,112.8,200,ask,YieldingYams,WavyWalnuts,5377681
2026-07-03T06:07:05.908572,2026-07-03T06:07:05.917934+00:00,112.9,500,bid,AverageAlmonds,YieldingYams,5377741
2026-07-03T06:07:05.967408,2026-07-03T06:07:05.975029+00:00,112.9,125,bid,WavyWalnuts,YieldingYams,5377742
2026-07-03T06:07:05.984647,2026-07-03T06:07:05.988314+00:00,113.0,23,ask,WavyWalnuts,Xuanyu Liu,5377745
2026-07-03T06:07:07.182338,2026-07-03T06:07:07.188906+00:00,113.0,200,ask,YieldingYams,WavyWalnuts,5377765
2026-07-03T06:07:08.411669,2026-07-03T06:07:08.431118+00:00,112.9,500,ask,AverageAlmonds,YieldingYams,5377794
2026-07-03T06:07:08.427132,2026-07-03T06:07:08.431118+00:00,112.9,23,bid,Xuanyu Liu,YieldingYams,5377796
2026-07-03T06:07:08.946376,2026-07-03T06:07:08.955989+00:00,112.9,102,bid,AverageAlmonds,YieldingYams,5377802
2026-07-03T06:07:12.018016,2026-07-03T06:07:12.027360+00:00,113.0,200,ask,YieldingYams,WavyWalnuts,5377846
2026-07-03T06:07:12.739686,2026-07-03T06:07:12.746427+00:00,113.0,20,bid,BrilliantBurritos,YieldingYams,5377855
2026-07-03T06:07:13.223517,2026-07-03T06:07:13.233015+00:00,113.0,200,bid,WavyWalnuts,YieldingYams,5377863
2026-07-03T06:07:15.639590,2026-07-03T06:07:15.646818+00:00,113.0,200,ask,YieldingYams,WavyWalnuts,5377910
2026-07-03T06:07:15.982544,2026-07-03T06:07:15.994300+00:00,113.2,20,bid,BrilliantBurritos,YieldingYams,5377913
2026-07-03T06:07:16.846204,2026-07-03T06:07:16.869013+00:00,113.0,200,ask,YieldingYams,WavyWalnuts,5377931
2026-07-03T06:07:19.260232,2026-07-03T06:07:19.269011+00:00,113.1,200,ask,YieldingYams,WavyWalnuts,5377971
2026-07-03T06:07:20.266572,2026-07-03T06:07:20.278036+00:00,113.2,20,bid,BrilliantBurritos,YieldingYams,5377980
2026-07-03T06:07:21.691096,2026-07-03T06:07:21.700247+00:00,113.1,200,bid,WavyWalnuts,YieldingYams,5378001
2026-07-03T06:07:25.330511,2026-07-03T06:07:25.338436+00:00,113.0,200,ask,YieldingYams,WavyWalnuts,5378050
2026-07-03T06:07:26.539207,2026-07-03T06:07:26.547058+00:00,113.0,200,ask,YieldingYams,WavyWalnuts,5378067
2026-07-03T06:07:26.791354,2026-07-03T06:07:26.794771+00:00,113.0,3,bid,Xuanyu Liu,YieldingYams,5378078
2026-07-03T06:07:39.869404,2026-07-03T06:07:39.879595+00:00,112.7,200,bid,WavyWalnuts,YieldingYams,5378295
2026-07-03T06:07:43.820131,2026-07-03T06:07:43.830518+00:00,112.6,200,bid,YieldingYams,WavyWalnuts,5378360
2026-07-03T06:07:44.627624,2026-07-03T06:07:44.631532+00:00,112.8,3,bid,Xuanyu Liu,YieldingYams,5378375
2026-07-03T06:07:45.153080,2026-07-03T06:07:45.157452+00:00,112.7,11,bid,Xuanyu Liu,YieldingYams,5378381
2026-07-03T06:07:49.072906,2026-07-03T06:07:49.079973+00:00,112.6,500,ask,AverageAlmonds,YieldingYams,5378441
2026-07-03T06:07:49.490780,2026-07-03T06:07:49.499951+00:00,112.6,125,bid,AverageAlmonds,YieldingYams,5378445
2026-07-03T06:07:50.028155,2026-07-03T06:07:50.036170+00:00,112.6,20,ask,AverageAlmonds,BrilliantBurritos,5378453
2026-07-03T06:07:53.001653,2026-07-03T06:07:53.009620+00:00,112.7,200,bid,YieldingYams,WavyWalnuts,5378480
2026-07-03T06:07:53.177747,2026-07-03T06:07:53.184400+00:00,112.7,200,ask,YieldingYams,WavyWalnuts,5378482
2026-07-03T06:07:54.198661,2026-07-03T06:07:54.202383+00:00,112.7,14,ask,YieldingYams,Xuanyu Liu,5378498
2026-07-03T06:07:54.313974,2026-07-03T06:07:54.324693+00:00,112.6,500,ask,AverageAlmonds,YieldingYams,5378501
2026-07-03T06:07:54.339182,2026-07-03T06:07:54.345345+00:00,112.6,125,bid,AverageAlmonds,YieldingYams,5378506
2026-07-03T06:07:55.620494,2026-07-03T06:07:55.630878+00:00,112.8,200,bid,YieldingYams,WavyWalnuts,5378521
2026-07-03T06:07:58.257573,2026-07-03T06:07:58.268990+00:00,112.8,20,ask,WavyWalnuts,BrilliantBurritos,5378560
2026-07-03T06:07:59.234282,2026-07-03T06:07:59.264018+00:00,112.9,200,bid,WavyWalnuts,YieldingYams,5378589
2026-07-03T06:08:00.443439,2026-07-03T06:08:00.451808+00:00,112.8,200,bid,WavyWalnuts,YieldingYams,5378601
2026-07-03T06:08:02.166054,2026-07-03T06:08:02.173334+00:00,113.0,200,ask,WavyWalnuts,YieldingYams,5378622
2026-07-03T06:08:03.679959,2026-07-03T06:08:03.683318+00:00,113.0,26,bid,Xuanyu Liu,YieldingYams,5378648
2026-07-03T06:08:04.088138,2026-07-03T06:08:04.095149+00:00,113.0,200,bid,WavyWalnuts,YieldingYams,5378657
2026-07-03T06:08:04.216900,2026-07-03T06:08:04.228744+00:00,113.0,20,bid,BrilliantBurritos,YieldingYams,5378659
2026-07-03T06:08:05.297745,2026-07-03T06:08:05.305547+00:00,113.0,200,bid,WavyWalnuts,YieldingYams,5378674
2026-07-03T06:08:06.505999,2026-07-03T06:08:06.515243+00:00,113.1,200,bid,WavyWalnuts,YieldingYams,5378690
2026-07-03T06:08:07.420835,2026-07-03T06:08:07.424596+00:00,113.2,23,ask,YieldingYams,Xuanyu Liu,5378708
2026-07-03T06:08:07.715502,2026-07-03T06:08:07.724233+00:00,113.2,200,ask,YieldingYams,WavyWalnuts,5378713
2026-07-03T06:08:08.237369,2026-07-03T06:08:08.248998+00:00,113.3,20,bid,BrilliantBurritos,AverageAlmonds,5378716
2026-07-03T06:08:08.931201,2026-07-03T06:08:08.939103+00:00,113.2,200,ask,YieldingYams,WavyWalnuts,5378739
2026-07-03T06:08:10.140842,2026-07-03T06:08:10.158569+00:00,113.3,200,bid,WavyWalnuts,YieldingYams,5378759
2026-07-03T06:08:14.978864,2026-07-03T06:08:14.990027+00:00,113.2,200,bid,WavyWalnuts,YieldingYams,5378827
2026-07-03T06:08:17.401121,2026-07-03T06:08:17.408740+00:00,113.2,200,bid,WavyWalnuts,YieldingYams,5378879
2026-07-03T06:08:18.610679,2026-07-03T06:08:18.619617+00:00,113.3,200,bid,WavyWalnuts,YieldingYams,5378895
2026-07-03T06:08:19.230970,2026-07-03T06:08:19.235457+00:00,113.3,3,ask,YieldingYams,Xuanyu Liu,5378904
2026-07-03T06:08:20.519843,2026-07-03T06:08:20.526358+00:00,113.4,500,bid,YieldingYams,AverageAlmonds,5378934
2026-07-03T06:08:21.008628,2026-07-03T06:08:21.020011+00:00,113.4,125,ask,YieldingYams,AverageAlmonds,5378942
2026-07-03T06:08:25.837820,2026-07-03T06:08:25.847547+00:00,113.2,200,ask,WavyWalnuts,AverageAlmonds,5379021
2026-07-03T06:08:28.321884,2026-07-03T06:08:28.333296+00:00,113.2,200,bid,WavyWalnuts,AverageAlmonds,5379061
2026-07-03T06:08:32.127038,2026-07-03T06:08:32.130350+00:00,113.1,3,ask,YieldingYams,Xuanyu Liu,5379120
2026-07-03T06:08:33.154069,2026-07-03T06:08:33.158692+00:00,113.2,200,bid,WavyWalnuts,YieldingYams,5379131
2026-07-03T06:08:33.532062,2026-07-03T06:08:33.543366+00:00,113.0,20,ask,YieldingYams,BrilliantBurritos,5379135
2026-07-03T06:08:33.647662,2026-07-03T06:08:33.658604+00:00,113.3,500,bid,YieldingYams,AverageAlmonds,5379137
2026-07-03T06:08:33.647662,2026-07-03T06:08:33.658604+00:00,113.4,125,bid,YieldingYams,WavyWalnuts,5379138
2026-07-03T06:08:34.277217,2026-07-03T06:08:34.283616+00:00,113.3,45,bid,Zihao Wu,AverageAlmonds,5379155
2026-07-03T06:08:35.569087,2026-07-03T06:08:35.580299+00:00,113.2,200,bid,WavyWalnuts,YieldingYams,5379166
2026-07-03T06:08:37.585573,2026-07-03T06:08:37.594752+00:00,113.2,200,ask,WavyWalnuts,YieldingYams,5379190
2026-07-03T06:08:37.985296,2026-07-03T06:08:37.992064+00:00,113.2,200,bid,WavyWalnuts,YieldingYams,5379197
2026-07-03T06:08:38.447666,2026-07-03T06:08:38.450818+00:00,113.0,11,ask,YieldingYams,Xuanyu Liu,5379205
2026-07-03T06:08:38.911653,2026-07-03T06:08:38.915532+00:00,113.2,23,ask,YieldingYams,Xuanyu Liu,5379215
2026-07-03T06:08:40.641240,2026-07-03T06:08:40.652795+00:00,113.2,20,bid,BrilliantBurritos,YieldingYams,5379228
2026-07-03T06:08:41.550729,2026-07-03T06:08:41.553897+00:00,113.2,11,bid,Xuanyu Liu,WavyWalnuts,5379243
2026-07-03T06:08:42.831294,2026-07-03T06:08:42.841495+00:00,113.2,200,bid,WavyWalnuts,YieldingYams,5379263
2026-07-03T06:08:43.235845,2026-07-03T06:08:43.246337+00:00,113.1,20,ask,YieldingYams,BrilliantBurritos,5379268
2026-07-03T06:08:45.263979,2026-07-03T06:08:45.275340+00:00,113.2,200,ask,YieldingYams,WavyWalnuts,5379301
2026-07-03T06:08:45.492643,2026-07-03T06:08:45.496456+00:00,113.1,26,bid,Xuanyu Liu,YieldingYams,5379314
2026-07-03T06:08:46.474759,2026-07-03T06:08:46.486169+00:00,113.1,200,bid,WavyWalnuts,YieldingYams,5379332
2026-07-03T06:08:48.891162,2026-07-03T06:08:48.899343+00:00,113.2,200,bid,WavyWalnuts,YieldingYams,5379384
2026-07-03T06:08:51.088644,2026-07-03T06:08:51.092475+00:00,113.2,3,ask,WavyWalnuts,Xuanyu Liu,5379420
2026-07-03T06:08:54.308897,2026-07-03T06:08:54.319375+00:00,113.1,45,ask,WavyWalnuts,Zihao Wu,5379474
2026-07-03T06:08:54.953606,2026-07-03T06:08:54.957050+00:00,113.2,11,ask,WavyWalnuts,Xuanyu Liu,5379489
2026-07-03T06:08:55.969111,2026-07-03T06:08:55.979373+00:00,113.2,189,ask,WavyWalnuts,YieldingYams,5379501
2026-07-03T06:08:58.574585,2026-07-03T06:08:58.581568+00:00,113.0,200,ask,YieldingYams,WavyWalnuts,5379531
2026-07-03T06:09:01.211716,2026-07-03T06:09:01.220025+00:00,113.1,200,bid,YieldingYams,WavyWalnuts,5379577
2026-07-03T06:09:01.494741,2026-07-03T06:09:01.505919+00:00,113.3,20,bid,BrilliantBurritos,AverageAlmonds,5379580
2026-07-03T06:09:02.216535,2026-07-03T06:09:02.224432+00:00,113.1,200,ask,YieldingYams,WavyWalnuts,5379595
2026-07-03T06:09:02.538768,2026-07-03T06:09:02.542285+00:00,113.0,11,bid,Xuanyu Liu,YieldingYams,5379603
2026-07-03T06:09:03.425030,2026-07-03T06:09:03.432986+00:00,113.0,200,bid,WavyWalnuts,YieldingYams,5379613
2026-07-03T06:09:04.196172,2026-07-03T06:09:04.203051+00:00,113.2,20,bid,BrilliantBurritos,WavyWalnuts,5379624
2026-07-03T06:09:05.138238,2026-07-03T06:09:05.160493+00:00,113.1,200,ask,WavyWalnuts,YieldingYams,5379635
2026-07-03T06:09:05.157007,2026-07-03T06:09:05.160493+00:00,113.0,3,bid,Xuanyu Liu,YieldingYams,5379637
2026-07-03T06:09:05.838457,2026-07-03T06:09:05.849362+00:00,113.0,200,bid,WavyWalnuts,YieldingYams,5379646
2026-07-03T06:09:06.545127,2026-07-03T06:09:06.558598+00:00,113.1,20,ask,YieldingYams,BrilliantBurritos,5379665
2026-07-03T06:09:08.258276,2026-07-03T06:09:08.269864+00:00,113.1,200,ask,YieldingYams,WavyWalnuts,5379691
2026-07-03T06:09:08.664448,2026-07-03T06:09:08.670992+00:00,113.3,20,bid,BrilliantBurritos,YieldingYams,5379694
2026-07-03T06:09:09.464664,2026-07-03T06:09:09.475893+00:00,113.1,200,ask,YieldingYams,WavyWalnuts,5379715
2026-07-03T06:09:11.710454,2026-07-03T06:09:11.714013+00:00,113.1,3,bid,Xuanyu Liu,YieldingYams,5379751
2026-07-03T06:09:14.759305,2026-07-03T06:09:14.770962+00:00,112.8,20,ask,WavyWalnuts,BrilliantBurritos,5379803
2026-07-03T06:09:16.533944,2026-07-03T06:09:16.541080+00:00,112.9,20,ask,YieldingYams,BrilliantBurritos,5379827
2026-07-03T06:09:16.694825,2026-07-03T06:09:16.763788+00:00,113.0,200,bid,AverageAlmonds,WavyWalnuts,5379829
2026-07-03T06:09:16.941324,2026-07-03T06:09:16.964734+00:00,113.0,300,ask,AverageAlmonds,YieldingYams,5379839
2026-07-03T06:09:16.941324,2026-07-03T06:09:16.964734+00:00,113.0,200,ask,WavyWalnuts,YieldingYams,5379840
2026-07-03T06:09:17.288074,2026-07-03T06:09:17.293291+00:00,113.0,125,bid,AverageAlmonds,YieldingYams,5379847
2026-07-03T06:09:18.501858,2026-07-03T06:09:18.512676+00:00,113.1,200,bid,AverageAlmonds,WavyWalnuts,5379871
2026-07-03T06:09:19.558938,2026-07-03T06:09:19.568721+00:00,113.1,500,ask,AverageAlmonds,YieldingYams,5379892
2026-07-03T06:09:19.574298,2026-07-03T06:09:19.577778+00:00,113.1,11,bid,Xuanyu Liu,YieldingYams,5379894
2026-07-03T06:09:19.700962,2026-07-03T06:09:19.708797+00:00,113.1,114,bid,AverageAlmonds,YieldingYams,5379896
2026-07-03T06:09:20.867898,2026-07-03T06:09:20.874212+00:00,113.3,200,bid,YieldingYams,WavyWalnuts,5379925
2026-07-03T06:09:21.563763,2026-07-03T06:09:21.571932+00:00,113.3,200,ask,YieldingYams,WavyWalnuts,5379935
2026-07-03T06:09:22.471778,2026-07-03T06:09:22.483553+00:00,113.3,20,bid,BrilliantBurritos,YieldingYams,5379944
2026-07-03T06:09:23.283401,2026-07-03T06:09:23.286562+00:00,113.3,12,bid,Xuanyu Liu,YieldingYams,5379959
2026-07-03T06:09:23.984251,2026-07-03T06:09:24.004162+00:00,113.2,200,ask,YieldingYams,WavyWalnuts,5379976
2026-07-03T06:09:24.612907,2026-07-03T06:09:24.624304+00:00,113.2,20,ask,YieldingYams,BrilliantBurritos,5379983
2026-07-03T06:09:24.815758,2026-07-03T06:09:24.819407+00:00,113.2,11,bid,Xuanyu Liu,YieldingYams,5379989
2026-07-03T06:09:26.109040,2026-07-03T06:09:26.116913+00:00,113.1,200,ask,WavyWalnuts,YieldingYams,5380001
2026-07-03T06:09:26.109040,2026-07-03T06:09:26.116913+00:00,113.1,425,ask,AverageAlmonds,YieldingYams,5380002
2026-07-03T06:09:27.416854,2026-07-03T06:09:27.427129+00:00,113.1,200,bid,YieldingYams,WavyWalnuts,5380031
2026-07-03T06:09:27.617539,2026-07-03T06:09:27.624250+00:00,113.3,200,ask,YieldingYams,WavyWalnuts,5380037
2026-07-03T06:09:28.824699,2026-07-03T06:09:28.833283+00:00,113.4,200,ask,YieldingYams,WavyWalnuts,5380049
2026-07-03T06:09:30.034178,2026-07-03T06:09:30.043131+00:00,113.4,200,ask,YieldingYams,WavyWalnuts,5380079
2026-07-03T06:09:30.075106,2026-07-03T06:09:30.078961+00:00,113.3,34,bid,Xuanyu Liu,YieldingYams,5380083
2026-07-03T06:09:30.175515,2026-07-03T06:09:30.184660+00:00,113.3,22,bid,Zihao Wu,YieldingYams,5380084
2026-07-03T06:09:31.242498,2026-07-03T06:09:31.252145+00:00,113.3,200,bid,WavyWalnuts,YieldingYams,5380094
2026-07-03T06:09:32.214521,2026-07-03T06:09:32.218868+00:00,113.2,22,ask,YieldingYams,Xuanyu Liu,5380111
2026-07-03T06:09:34.865582,2026-07-03T06:09:34.873974+00:00,113.3,200,bid,WavyWalnuts,YieldingYams,5380147
2026-07-03T06:09:36.074591,2026-07-03T06:09:36.084823+00:00,113.2,200,bid,WavyWalnuts,YieldingYams,5380158
2026-07-03T06:09:37.918327,2026-07-03T06:09:37.925964+00:00,113.3,200,bid,YieldingYams,WavyWalnuts,5380186
2026-07-03T06:09:39.233501,2026-07-03T06:09:39.244680+00:00,113.4,200,ask,WavyWalnuts,YieldingYams,5380207
2026-07-03T06:09:39.712016,2026-07-03T06:09:39.719342+00:00,113.4,200,bid,WavyWalnuts,YieldingYams,5380213
2026-07-03T06:09:41.868000,2026-07-03T06:09:41.874956+00:00,113.4,200,ask,WavyWalnuts,YieldingYams,5380252
2026-07-03T06:09:42.252457,2026-07-03T06:09:42.256007+00:00,113.4,11,bid,Xuanyu Liu,YieldingYams,5380258
2026-07-03T06:09:43.344054,2026-07-03T06:09:43.354993+00:00,113.5,200,bid,WavyWalnuts,AverageAlmonds,5380276
2026-07-03T06:09:45.777686,2026-07-03T06:09:45.781319+00:00,113.3,11,bid,Xuanyu Liu,WavyWalnuts,5380315
2026-07-03T06:09:47.101918,2026-07-03T06:09:47.112102+00:00,113.3,200,bid,YieldingYams,WavyWalnuts,5380338
2026-07-03T06:09:48.166741,2026-07-03T06:09:48.179830+00:00,113.3,20,ask,YieldingYams,BrilliantBurritos,5380350
2026-07-03T06:09:48.185790,2026-07-03T06:09:48.195965+00:00,113.3,200,ask,YieldingYams,WavyWalnuts,5380351
2026-07-03T06:09:49.879771,2026-07-03T06:09:49.888987+00:00,113.3,20,ask,WavyWalnuts,BrilliantBurritos,5380371
2026-07-03T06:09:51.196989,2026-07-03T06:09:51.206525+00:00,113.2,22,ask,WavyWalnuts,Zihao Wu,5380401
2026-07-03T06:09:53.036285,2026-07-03T06:09:53.043730+00:00,113.4,200,bid,WavyWalnuts,YieldingYams,5380439
2026-07-03T06:09:56.120221,2026-07-03T06:09:56.129439+00:00,113.4,20,ask,WavyWalnuts,BrilliantBurritos,5380484
2026-07-03T06:09:57.596964,2026-07-03T06:09:57.605831+00:00,113.4,200,ask,WavyWalnuts,YieldingYams,5380508
2026-07-03T06:10:01.236169,2026-07-03T06:10:01.240005+00:00,113.5,12,bid,Xuanyu Liu,YieldingYams,5380552
2026-07-03T06:10:02.848797,2026-07-03T06:10:02.856558+00:00,113.5,200,bid,YieldingYams,WavyWalnuts,5380575
2026-07-03T06:10:05.123418,2026-07-03T06:10:05.132024+00:00,113.5,200,ask,WavyWalnuts,AverageAlmonds,5380609
2026-07-03T06:10:05.480281,2026-07-03T06:10:05.488244+00:00,113.5,300,bid,YieldingYams,AverageAlmonds,5380621
2026-07-03T06:10:05.480281,2026-07-03T06:10:05.488244+00:00,113.5,200,bid,YieldingYams,WavyWalnuts,5380622
2026-07-03T06:10:06.990567,2026-07-03T06:10:06.996321+00:00,113.6,11,bid,Xuanyu Liu,YieldingYams,5380650
2026-07-03T06:10:07.530677,2026-07-03T06:10:07.538150+00:00,113.5,200,ask,WavyWalnuts,AverageAlmonds,5380656
2026-07-03T06:10:07.548498,2026-07-03T06:10:07.552082+00:00,113.5,6,bid,Xuanyu Liu,AverageAlmonds,5380658
2026-07-03T06:10:09.998507,2026-07-03T06:10:10.007995+00:00,113.4,200,ask,YieldingYams,WavyWalnuts,5380707
2026-07-03T06:10:10.174716,2026-07-03T06:10:10.178243+00:00,113.4,6,ask,YieldingYams,Xuanyu Liu,5380709
2026-07-03T06:10:11.773228,2026-07-03T06:10:11.781038+00:00,113.4,500,ask,YieldingYams,AverageAlmonds,5380735
2026-07-03T06:10:13.935066,2026-07-03T06:10:13.938566+00:00,113.3,23,ask,WavyWalnuts,Xuanyu Liu,5380773
2026-07-03T06:10:14.669440,2026-07-03T06:10:14.678118+00:00,113.3,177,ask,WavyWalnuts,YieldingYams,5380790
2026-07-03T06:10:14.825809,2026-07-03T06:10:14.835215+00:00,113.3,200,bid,WavyWalnuts,YieldingYams,5380793
2026-07-03T06:10:18.464661,2026-07-03T06:10:18.475050+00:00,113.3,200,bid,WavyWalnuts,YieldingYams,5380853
2026-07-03T06:10:18.606496,2026-07-03T06:10:18.614411+00:00,113.4,500,bid,YieldingYams,AverageAlmonds,5380858
2026-07-03T06:10:18.624112,2026-07-03T06:10:18.627741+00:00,113.4,22,ask,YieldingYams,Xuanyu Liu,5380864
2026-07-03T06:10:19.026165,2026-07-03T06:10:19.036463+00:00,113.4,103,ask,YieldingYams,AverageAlmonds,5380871
2026-07-03T06:10:19.674935,2026-07-03T06:10:19.681482+00:00,113.3,200,bid,WavyWalnuts,AverageAlmonds,5380882
2026-07-03T06:10:21.978122,2026-07-03T06:10:21.989748+00:00,113.2,20,bid,BrilliantBurritos,AverageAlmonds,5380925
2026-07-03T06:10:22.678131,2026-07-03T06:10:22.688398+00:00,113.1,200,ask,WavyWalnuts,AverageAlmonds,5380940
2026-07-03T06:10:22.678131,2026-07-03T06:10:22.688398+00:00,113.1,300,ask,YieldingYams,AverageAlmonds,5380941
2026-07-03T06:10:22.816357,2026-07-03T06:10:22.822921+00:00,113.3,20,bid,BrilliantBurritos,YieldingYams,5380946
2026-07-03T06:10:23.274171,2026-07-03T06:10:23.285331+00:00,113.1,325,ask,YieldingYams,AverageAlmonds,5380960
2026-07-03T06:10:23.302761,2026-07-03T06:10:23.311761+00:00,113.1,175,bid,WavyWalnuts,AverageAlmonds,5380962
2026-07-03T06:10:23.849445,2026-07-03T06:10:23.852595+00:00,113.1,25,ask,WavyWalnuts,YieldingYams,5380966
2026-07-03T06:10:23.896001,2026-07-03T06:10:23.899781+00:00,113.0,11,bid,Xuanyu Liu,YieldingYams,5380968
2026-07-03T06:10:24.513691,2026-07-03T06:10:24.523447+00:00,113.0,200,bid,WavyWalnuts,YieldingYams,5380975
2026-07-03T06:10:25.721740,2026-07-03T06:10:25.731405+00:00,113.1,200,bid,WavyWalnuts,YieldingYams,5380994
2026-07-03T06:10:25.898437,2026-07-03T06:10:25.910105+00:00,113.1,20,bid,BrilliantBurritos,YieldingYams,5380995
2026-07-03T06:10:25.986269,2026-07-03T06:10:25.989857+00:00,112.9,23,ask,YieldingYams,Xuanyu Liu,5380999
2026-07-03T06:10:26.930002,2026-07-03T06:10:26.941166+00:00,113.0,200,bid,WavyWalnuts,YieldingYams,5381019
2026-07-03T06:10:29.093959,2026-07-03T06:10:29.104358+00:00,113.1,200,ask,WavyWalnuts,YieldingYams,5381047
2026-07-03T06:10:29.353244,2026-07-03T06:10:29.358615+00:00,113.1,200,bid,WavyWalnuts,YieldingYams,5381052
2026-07-03T06:10:32.086814,2026-07-03T06:10:32.098279+00:00,113.3,20,bid,BrilliantBurritos,YieldingYams,5381094
2026-07-03T06:10:35.392610,2026-07-03T06:10:35.434511+00:00,113.1,200,ask,WavyWalnuts,AverageAlmonds,5381139
2026-07-03T06:10:35.421150,2026-07-03T06:10:35.434511+00:00,113.1,200,bid,WavyWalnuts,AverageAlmonds,5381141
2026-07-03T06:10:35.429821,2026-07-03T06:10:35.434511+00:00,113.1,12,bid,Xuanyu Liu,AverageAlmonds,5381142
2026-07-03T06:10:35.651652,2026-07-03T06:10:35.658586+00:00,113.1,88,bid,YieldingYams,AverageAlmonds,5381143
2026-07-03T06:10:35.983391,2026-07-03T06:10:35.992367+00:00,113.1,500,ask,YieldingYams,AverageAlmonds,5381151
2026-07-03T06:10:36.086920,2026-07-03T06:10:36.098439+00:00,113.1,20,ask,YieldingYams,BrilliantBurritos,5381155
2026-07-03T06:10:36.586373,2026-07-03T06:10:36.594080+00:00,113.1,17,ask,YieldingYams,AverageAlmonds,5381166
2026-07-03T06:10:38.279077,2026-07-03T06:10:38.287370+00:00,113.1,500,bid,YieldingYams,AverageAlmonds,5381194
2026-07-03T06:10:38.395997,2026-07-03T06:10:38.402683+00:00,113.1,125,ask,YieldingYams,AverageAlmonds,5381196
2026-07-03T06:10:39.618464,2026-07-03T06:10:39.637379+00:00,112.9,200,ask,WavyWalnuts,YieldingYams,5381212
2026-07-03T06:10:39.633703,2026-07-03T06:10:39.637379+00:00,112.8,22,bid,Xuanyu Liu,YieldingYams,5381216
2026-07-03T06:10:40.257948,2026-07-03T06:10:40.269115+00:00,112.8,200,bid,WavyWalnuts,YieldingYams,5381224
2026-07-03T06:10:41.356275,2026-07-03T06:10:41.363830+00:00,113.0,20,bid,BrilliantBurritos,WavyWalnuts,5381237
2026-07-03T06:10:41.800915,2026-07-03T06:10:41.804606+00:00,112.8,34,ask,YieldingYams,Xuanyu Liu,5381250
2026-07-03T06:10:42.239025,2026-07-03T06:10:42.246363+00:00,112.9,200,bid,YieldingYams,WavyWalnuts,5381255
2026-07-03T06:10:42.259454,2026-07-03T06:10:42.263152+00:00,112.9,11,ask,YieldingYams,Xuanyu Liu,5381257
2026-07-03T06:10:43.553109,2026-07-03T06:10:43.563635+00:00,112.8,200,ask,WavyWalnuts,YieldingYams,5381272
2026-07-03T06:10:44.880429,2026-07-03T06:10:44.884013+00:00,112.7,11,bid,Xuanyu Liu,YieldingYams,5381287
2026-07-03T06:10:45.099013,2026-07-03T06:10:45.108335+00:00,112.7,200,bid,WavyWalnuts,YieldingYams,5381294
2026-07-03T06:10:46.174943,2026-07-03T06:10:46.182705+00:00,112.6,500,ask,AverageAlmonds,YieldingYams,5381311
2026-07-03T06:10:46.284440,2026-07-03T06:10:46.292946+00:00,112.6,125,bid,AverageAlmonds,YieldingYams,5381313
2026-07-03T06:10:46.920924,2026-07-03T06:10:46.925071+00:00,112.7,11,ask,AverageAlmonds,Xuanyu Liu,5381322
2026-07-03T06:10:47.510191,2026-07-03T06:10:47.517502+00:00,112.8,200,bid,YieldingYams,WavyWalnuts,5381330
2026-07-03T06:10:47.530490,2026-07-03T06:10:47.533880+00:00,112.8,12,ask,YieldingYams,Xuanyu Liu,5381332
2026-07-03T06:10:48.349505,2026-07-03T06:10:48.358584+00:00,112.9,20,bid,BrilliantBurritos,WavyWalnuts,5381347
2026-07-03T06:10:48.822380,2026-07-03T06:10:48.829695+00:00,112.9,200,bid,YieldingYams,WavyWalnuts,5381353
2026-07-03T06:10:49.942652,2026-07-03T06:10:49.950850+00:00,112.9,200,ask,YieldingYams,WavyWalnuts,5381365
2026-07-03T06:10:52.360108,2026-07-03T06:10:52.369904+00:00,112.9,200,bid,WavyWalnuts,YieldingYams,5381408
2026-07-03T06:10:54.066404,2026-07-03T06:10:54.072851+00:00,112.8,200,ask,WavyWalnuts,YieldingYams,5381444
2026-07-03T06:10:54.084327,2026-07-03T06:10:54.088460+00:00,112.8,12,bid,Xuanyu Liu,YieldingYams,5381447
2026-07-03T06:10:57.190754,2026-07-03T06:10:57.197300+00:00,112.8,200,ask,YieldingYams,WavyWalnuts,5381489
2026-07-03T06:10:58.000581,2026-07-03T06:10:58.008953+00:00,112.8,500,ask,AverageAlmonds,YieldingYams,5381504
2026-07-03T06:10:58.390012,2026-07-03T06:10:58.399053+00:00,112.7,125,bid,AverageAlmonds,YieldingYams,5381510
2026-07-03T06:10:58.417859,2026-07-03T06:10:58.425336+00:00,112.9,200,ask,AverageAlmonds,WavyWalnuts,5381513
2026-07-03T06:11:00.819299,2026-07-03T06:11:00.830311+00:00,112.9,20,ask,WavyWalnuts,BrilliantBurritos,5381542
2026-07-03T06:11:01.924350,2026-07-03T06:11:01.932450+00:00,113.0,200,bid,YieldingYams,WavyWalnuts,5381562
2026-07-03T06:11:02.063968,2026-07-03T06:11:02.067292+00:00,113.1,12,ask,WavyWalnuts,Xuanyu Liu,5381565
2026-07-03T06:11:06.898567,2026-07-03T06:11:06.907630+00:00,113.1,20,ask,WavyWalnuts,BrilliantBurritos,5381619
2026-07-03T06:11:08.497609,2026-07-03T06:11:08.501160+00:00,113.2,11,ask,YieldingYams,Xuanyu Liu,5381649
2026-07-03T06:11:09.790570,2026-07-03T06:11:09.797040+00:00,113.4,200,bid,YieldingYams,WavyWalnuts,5381664
2026-07-03T06:11:09.807325,2026-07-03T06:11:09.810383+00:00,113.4,3,ask,YieldingYams,Xuanyu Liu,5381666
2026-07-03T06:11:10.531559,2026-07-03T06:11:10.541787+00:00,113.4,200,ask,YieldingYams,WavyWalnuts,5381674
2026-07-03T06:11:11.753722,2026-07-03T06:11:11.768662+00:00,113.5,200,ask,YieldingYams,WavyWalnuts,5381699
2026-07-03T06:11:12.305658,2026-07-03T06:11:12.314000+00:00,113.5,425,ask,YieldingYams,AverageAlmonds,5381706
2026-07-03T06:11:14.715916,2026-07-03T06:11:14.724074+00:00,113.4,200,ask,WavyWalnuts,AverageAlmonds,5381735
2026-07-03T06:11:15.053290,2026-07-03T06:11:15.064013+00:00,113.4,300,bid,YieldingYams,AverageAlmonds,5381740
2026-07-03T06:11:15.314317,2026-07-03T06:11:15.321924+00:00,113.4,325,ask,YieldingYams,AverageAlmonds,5381745
2026-07-03T06:11:15.384768,2026-07-03T06:11:15.464299+00:00,113.4,175,bid,WavyWalnuts,AverageAlmonds,5381752
2026-07-03T06:11:15.917159,2026-07-03T06:11:15.969549+00:00,113.4,25,ask,WavyWalnuts,AverageAlmonds,5381760
2026-07-03T06:11:16.381287,2026-07-03T06:11:16.385289+00:00,113.3,3,bid,Xuanyu Liu,YieldingYams,5381766
2026-07-03T06:11:16.517956,2026-07-03T06:11:16.527042+00:00,113.0,20,ask,YieldingYams,BrilliantBurritos,5381770
2026-07-03T06:11:16.594805,2026-07-03T06:11:16.664441+00:00,113.3,200,bid,WavyWalnuts,YieldingYams,5381775
2026-07-03T06:11:17.674363,2026-07-03T06:11:17.692464+00:00,113.4,500,bid,YieldingYams,AverageAlmonds,5381796
2026-07-03T06:11:17.689309,2026-07-03T06:11:17.692464+00:00,113.4,3,ask,YieldingYams,Xuanyu Liu,5381798
2026-07-03T06:11:17.745331,2026-07-03T06:11:17.754916+00:00,113.4,122,ask,YieldingYams,AverageAlmonds,5381800
2026-07-03T06:11:19.013828,2026-07-03T06:11:19.020956+00:00,113.3,200,bid,WavyWalnuts,AverageAlmonds,5381829
2026-07-03T06:11:20.222902,2026-07-03T06:11:20.233153+00:00,113.3,200,bid,WavyWalnuts,YieldingYams,5381848
2026-07-03T06:11:21.430884,2026-07-03T06:11:21.440160+00:00,113.3,200,bid,WavyWalnuts,YieldingYams,5381873
2026-07-03T06:11:21.599192,2026-07-03T06:11:21.606337+00:00,113.3,500,bid,YieldingYams,AverageAlmonds,5381876
2026-07-03T06:11:21.617188,2026-07-03T06:11:21.620809+00:00,113.3,3,ask,YieldingYams,Xuanyu Liu,5381880
2026-07-03T06:11:21.966457,2026-07-03T06:11:21.974840+00:00,113.3,122,ask,YieldingYams,AverageAlmonds,5381884
2026-07-03T06:11:22.912062,2026-07-03T06:11:22.923512+00:00,113.2,200,ask,WavyWalnuts,YieldingYams,5381896
2026-07-03T06:11:24.221710,2026-07-03T06:11:24.232585+00:00,113.3,500,bid,YieldingYams,AverageAlmonds,5381910
2026-07-03T06:11:24.221710,2026-07-03T06:11:24.232585+00:00,113.3,125,bid,YieldingYams,WavyWalnuts,5381911
2026-07-03T06:11:25.024391,2026-07-03T06:11:25.032553+00:00,113.1,200,ask,WavyWalnuts,AverageAlmonds,5381927
2026-07-03T06:11:25.046834,2026-07-03T06:11:25.050481+00:00,113.1,3,bid,Xuanyu Liu,AverageAlmonds,5381930
2026-07-03T06:11:25.063277,2026-07-03T06:11:25.071354+00:00,113.1,200,bid,WavyWalnuts,AverageAlmonds,5381933
2026-07-03T06:11:25.533385,2026-07-03T06:11:25.543220+00:00,113.1,97,bid,YieldingYams,AverageAlmonds,5381935
2026-07-03T06:11:25.614599,2026-07-03T06:11:25.623815+00:00,113.1,500,ask,YieldingYams,AverageAlmonds,5381937
2026-07-03T06:11:26.219842,2026-07-03T06:11:26.227296+00:00,113.1,28,ask,YieldingYams,AverageAlmonds,5381954
2026-07-03T06:11:26.271498,2026-07-03T06:11:26.281390+00:00,113.1,200,bid,WavyWalnuts,AverageAlmonds,5381957
2026-07-03T06:11:27.481075,2026-07-03T06:11:27.490341+00:00,112.9,200,bid,WavyWalnuts,YieldingYams,5381967
2026-07-03T06:11:28.706177,2026-07-03T06:11:28.709690+00:00,113.0,3,ask,WavyWalnuts,Xuanyu Liu,5381991
2026-07-03T06:11:29.297112,2026-07-03T06:11:29.300639+00:00,113.0,46,ask,WavyWalnuts,Xuanyu Liu,5382007
2026-07-03T06:11:32.894822,2026-07-03T06:11:32.902256+00:00,113.1,20,bid,BrilliantBurritos,YieldingYams,5382074
2026-07-03T06:11:33.406779,2026-07-03T06:11:33.410363+00:00,113.0,12,bid,Xuanyu Liu,YieldingYams,5382089
2026-07-03T06:11:33.537379,2026-07-03T06:11:33.546185+00:00,113.0,200,bid,WavyWalnuts,YieldingYams,5382094
2026-07-03T06:11:35.273748,2026-07-03T06:11:35.285116+00:00,113.0,20,ask,WavyWalnuts,BrilliantBurritos,5382125
2026-07-03T06:11:36.065659,2026-07-03T06:11:36.069494+00:00,113.1,11,bid,Xuanyu Liu,YieldingYams,5382144
2026-07-03T06:11:37.353229,2026-07-03T06:11:37.359937+00:00,113.0,200,ask,WavyWalnuts,YieldingYams,5382157
2026-07-03T06:11:37.370675,2026-07-03T06:11:37.374087+00:00,113.0,12,bid,Xuanyu Liu,YieldingYams,5382159
2026-07-03T06:11:38.396944,2026-07-03T06:11:38.401307+00:00,112.9,11,bid,Xuanyu Liu,WavyWalnuts,5382179
2026-07-03T06:11:38.659911,2026-07-03T06:11:38.669190+00:00,112.9,189,bid,YieldingYams,WavyWalnuts,5382183
2026-07-03T06:11:39.591841,2026-07-03T06:11:39.599224+00:00,113.0,200,ask,YieldingYams,WavyWalnuts,5382204
2026-07-03T06:11:41.081672,2026-07-03T06:11:41.089783+00:00,113.0,20,ask,YieldingYams,BrilliantBurritos,5382225
2026-07-03T06:11:41.884434,2026-07-03T06:11:41.888315+00:00,113.1,3,bid,Xuanyu Liu,YieldingYams,5382239
2026-07-03T06:11:46.284456,2026-07-03T06:11:46.296101+00:00,113.1,20,ask,YieldingYams,BrilliantBurritos,5382302
2026-07-03T06:11:46.527654,2026-07-03T06:11:46.538344+00:00,113.1,200,ask,WavyWalnuts,YieldingYams,5382304
2026-07-03T06:11:51.457425,2026-07-03T06:11:51.469068+00:00,112.9,20,bid,BrilliantBurritos,WavyWalnuts,5382410
2026-07-03T06:11:58.964096,2026-07-03T06:11:58.974905+00:00,112.8,200,bid,WavyWalnuts,YieldingYams,5382572
2026-07-03T06:12:02.128252,2026-07-03T06:12:02.139888+00:00,112.8,20,bid,BrilliantBurritos,WavyWalnuts,5382617
2026-07-03T06:12:04.900959,2026-07-03T06:12:04.910084+00:00,112.8,200,bid,YieldingYams,WavyWalnuts,5382652
2026-07-03T06:12:05.013825,2026-07-03T06:12:05.020860+00:00,112.8,200,ask,YieldingYams,WavyWalnuts,5382657
2026-07-03T06:12:05.777814,2026-07-03T06:12:05.789150+00:00,113.0,20,bid,BrilliantBurritos,YieldingYams,5382671
2026-07-03T06:12:06.223138,2026-07-03T06:12:06.230520+00:00,112.6,200,bid,WavyWalnuts,YieldingYams,5382681
2026-07-03T06:12:06.777512,2026-07-03T06:12:06.785122+00:00,112.6,425,bid,AverageAlmonds,YieldingYams,5382683
2026-07-03T06:12:07.523552,2026-07-03T06:12:07.534243+00:00,112.8,200,bid,YieldingYams,WavyWalnuts,5382695
2026-07-03T06:12:08.642699,2026-07-03T06:12:08.658505+00:00,112.8,200,ask,YieldingYams,WavyWalnuts,5382717
2026-07-03T06:12:08.847318,2026-07-03T06:12:08.850883+00:00,112.7,3,bid,Xuanyu Liu,YieldingYams,5382724
2026-07-03T06:12:09.849943,2026-07-03T06:12:09.858556+00:00,112.7,200,bid,WavyWalnuts,YieldingYams,5382734
2026-07-03T06:12:11.463566,2026-07-03T06:12:11.466998+00:00,112.9,3,ask,YieldingYams,Xuanyu Liu,5382765
2026-07-03T06:12:11.866420,2026-07-03T06:12:11.877986+00:00,112.9,20,ask,YieldingYams,BrilliantBurritos,5382774
2026-07-03T06:12:12.842756,2026-07-03T06:12:12.854201+00:00,112.9,200,ask,WavyWalnuts,AverageAlmonds,5382780
2026-07-03T06:12:12.842756,2026-07-03T06:12:12.854201+00:00,112.9,300,ask,YieldingYams,AverageAlmonds,5382781
2026-07-03T06:12:12.952361,2026-07-03T06:12:12.963760+00:00,113.1,20,bid,BrilliantBurritos,WavyWalnuts,5382784
2026-07-03T06:12:13.437424,2026-07-03T06:12:13.448129+00:00,112.9,325,ask,YieldingYams,AverageAlmonds,5382792
2026-07-03T06:12:13.471837,2026-07-03T06:12:13.481590+00:00,112.9,175,bid,WavyWalnuts,AverageAlmonds,5382794
2026-07-03T06:12:14.042734,2026-07-03T06:12:14.058618+00:00,113.0,25,ask,WavyWalnuts,AverageAlmonds,5382799
2026-07-03T06:12:14.679584,2026-07-03T06:12:14.688934+00:00,112.8,200,bid,WavyWalnuts,YieldingYams,5382809
2026-07-03T06:12:15.888072,2026-07-03T06:12:15.897603+00:00,112.9,200,bid,WavyWalnuts,YieldingYams,5382830
2026-07-03T06:12:16.688509,2026-07-03T06:12:16.695764+00:00,112.9,500,bid,YieldingYams,AverageAlmonds,5382839
2026-07-03T06:12:16.768907,2026-07-03T06:12:16.772086+00:00,112.9,26,ask,YieldingYams,Xuanyu Liu,5382841
2026-07-03T06:12:17.087207,2026-07-03T06:12:17.158670+00:00,112.9,99,ask,YieldingYams,AverageAlmonds,5382848
2026-07-03T06:12:17.112376,2026-07-03T06:12:17.170220+00:00,112.9,200,bid,WavyWalnuts,AverageAlmonds,5382850
2026-07-03T06:12:17.436418,2026-07-03T06:12:17.464154+00:00,112.2,20,ask,AverageAlmonds,BrilliantBurritos,5382858
2026-07-03T06:12:18.325205,2026-07-03T06:12:18.332424+00:00,112.7,200,bid,WavyWalnuts,YieldingYams,5382866
2026-07-03T06:12:19.538102,2026-07-03T06:12:19.547944+00:00,112.7,200,bid,WavyWalnuts,AverageAlmonds,5382888
2026-07-03T06:12:20.620314,2026-07-03T06:12:20.629970+00:00,112.7,500,bid,YieldingYams,AverageAlmonds,5382902
2026-07-03T06:12:20.702863,2026-07-03T06:12:20.709240+00:00,112.7,125,ask,YieldingYams,AverageAlmonds,5382905
2026-07-03T06:12:20.752261,2026-07-03T06:12:20.754676+00:00,112.7,200,bid,WavyWalnuts,AverageAlmonds,5382908
2026-07-03T06:12:21.961852,2026-07-03T06:12:21.975691+00:00,112.5,200,bid,WavyWalnuts,YieldingYams,5382933
2026-07-03T06:12:21.972063,2026-07-03T06:12:21.975691+00:00,112.5,12,bid,Xuanyu Liu,YieldingYams,5382934
2026-07-03T06:12:22.821750,2026-07-03T06:12:22.833314+00:00,112.3,20,ask,YieldingYams,BrilliantBurritos,5382947
2026-07-03T06:12:23.170538,2026-07-03T06:12:23.180427+00:00,112.5,200,bid,WavyWalnuts,YieldingYams,5382952
2026-07-03T06:12:25.663390,2026-07-03T06:12:25.673000+00:00,112.6,20,bid,BrilliantBurritos,YieldingYams,5382985
2026-07-03T06:12:26.794300,2026-07-03T06:12:26.805579+00:00,112.5,200,ask,YieldingYams,WavyWalnuts,5383002
2026-07-03T06:12:28.001942,2026-07-03T06:12:28.010277+00:00,112.4,200,ask,YieldingYams,WavyWalnuts,5383014
2026-07-03T06:12:29.416991,2026-07-03T06:12:29.420726+00:00,112.2,12,ask,WavyWalnuts,Xuanyu Liu,5383030
2026-07-03T06:12:29.966965,2026-07-03T06:12:29.971694+00:00,112.2,11,ask,WavyWalnuts,Xuanyu Liu,5383039
2026-07-03T06:12:31.100479,2026-07-03T06:12:31.109364+00:00,112.2,200,ask,WavyWalnuts,YieldingYams,5383058
2026-07-03T06:12:31.100479,2026-07-03T06:12:31.109364+00:00,112.2,425,ask,AverageAlmonds,YieldingYams,5383059
2026-07-03T06:12:32.423260,2026-07-03T06:12:32.426694+00:00,112.3,12,ask,YieldingYams,Xuanyu Liu,5383081
2026-07-03T06:12:34.079462,2026-07-03T06:12:34.088315+00:00,112.3,200,ask,YieldingYams,WavyWalnuts,5383099
2026-07-03T06:12:36.359746,2026-07-03T06:12:36.363542+00:00,112.3,12,bid,Xuanyu Liu,YieldingYams,5383130
2026-07-03T06:12:37.080408,2026-07-03T06:12:37.095814+00:00,112.2,20,ask,WavyWalnuts,BrilliantBurritos,5383139
2026-07-03T06:12:38.906497,2026-07-03T06:12:38.917041+00:00,112.4,200,bid,WavyWalnuts,YieldingYams,5383167
2026-07-03T06:12:39.549737,2026-07-03T06:12:39.558609+00:00,112.3,20,bid,BrilliantBurritos,YieldingYams,5383174
2026-07-03T06:12:40.116658,2026-07-03T06:12:40.125875+00:00,112.3,200,bid,WavyWalnuts,YieldingYams,5383182
2026-07-03T06:12:42.638785,2026-07-03T06:12:42.650320+00:00,112.3,20,ask,WavyWalnuts,BrilliantBurritos,5383222
2026-07-03T06:12:42.883616,2026-07-03T06:12:42.893453+00:00,112.3,180,ask,WavyWalnuts,YieldingYams,5383230
2026-07-03T06:12:47.422067,2026-07-03T06:12:47.425666+00:00,112.3,12,ask,WavyWalnuts,Xuanyu Liu,5383299
2026-07-03T06:12:48.123011,2026-07-03T06:12:48.131310+00:00,112.3,188,ask,WavyWalnuts,YieldingYams,5383307
2026-07-03T06:12:49.186222,2026-07-03T06:12:49.197216+00:00,112.3,437,bid,AverageAlmonds,YieldingYams,5383320
2026-07-03T06:12:51.037455,2026-07-03T06:12:51.047097+00:00,112.3,200,bid,WavyWalnuts,YieldingYams,5383346
2026-07-03T06:12:53.029900,2026-07-03T06:12:53.037765+00:00,112.3,20,ask,YieldingYams,BrilliantBurritos,5383375
2026-07-03T06:12:54.726297,2026-07-03T06:12:54.729847+00:00,112.4,23,bid,Xuanyu Liu,YieldingYams,5383409
2026-07-03T06:12:57.083536,2026-07-03T06:12:57.090517+00:00,112.3,200,bid,WavyWalnuts,YieldingYams,5383442
2026-07-03T06:12:57.307628,2026-07-03T06:12:57.310717+00:00,112.2,12,bid,Xuanyu Liu,YieldingYams,5383447
2026-07-03T06:12:58.292185,2026-07-03T06:12:58.300117+00:00,112.2,200,bid,WavyWalnuts,YieldingYams,5383464
2026-07-03T06:12:58.612736,2026-07-03T06:12:58.616283+00:00,112.1,12,ask,YieldingYams,Xuanyu Liu,5383473
2026-07-03T06:12:59.020101,2026-07-03T06:12:59.031785+00:00,112.1,20,ask,YieldingYams,BrilliantBurritos,5383479
2026-07-03T06:12:59.516906,2026-07-03T06:12:59.520381+00:00,112.3,19,ask,WavyWalnuts,Xuanyu Liu,5383490
2026-07-03T06:13:01.046317,2026-07-03T06:13:01.050043+00:00,112.4,19,bid,Xuanyu Liu,YieldingYams,5383526
2026-07-03T06:13:01.217266,2026-07-03T06:13:01.225168+00:00,112.4,200,bid,YieldingYams,WavyWalnuts,5383530
2026-07-03T06:13:01.934013,2026-07-03T06:13:01.944103+00:00,112.4,200,ask,YieldingYams,WavyWalnuts,5383538
2026-07-03T06:13:02.549620,2026-07-03T06:13:02.553199+00:00,112.3,12,bid,Xuanyu Liu,YieldingYams,5383550
2026-07-03T06:13:03.144133,2026-07-03T06:13:03.152154+00:00,112.3,200,bid,WavyWalnuts,YieldingYams,5383557
2026-07-03T06:13:03.623715,2026-07-03T06:13:03.630240+00:00,112.3,20,bid,BrilliantBurritos,YieldingYams,5383568
2026-07-03T06:13:05.561037,2026-07-03T06:13:05.569173+00:00,112.4,200,bid,WavyWalnuts,YieldingYams,5383593
2026-07-03T06:13:06.462787,2026-07-03T06:13:06.469801+00:00,112.5,500,bid,YieldingYams,AverageAlmonds,5383616
2026-07-03T06:13:06.485987,2026-07-03T06:13:06.489822+00:00,112.5,12,ask,YieldingYams,Xuanyu Liu,5383622
2026-07-03T06:13:06.742002,2026-07-03T06:13:06.750071+00:00,112.5,113,ask,YieldingYams,AverageAlmonds,5383628
2026-07-03T06:13:07.772059,2026-07-03T06:13:07.779474+00:00,112.3,200,ask,WavyWalnuts,YieldingYams,5383643
2026-07-03T06:13:07.975890,2026-07-03T06:13:07.982344+00:00,112.1,200,bid,WavyWalnuts,YieldingYams,5383650
2026-07-03T06:13:09.092748,2026-07-03T06:13:09.096293+00:00,112.3,23,ask,YieldingYams,Xuanyu Liu,5383664
2026-07-03T06:13:09.193708,2026-07-03T06:13:09.205063+00:00,112.3,200,ask,YieldingYams,WavyWalnuts,5383669
2026-07-03T06:13:09.435075,2026-07-03T06:13:09.446502+00:00,112.5,20,bid,BrilliantBurritos,YieldingYams,5383673
2026-07-03T06:13:11.779953,2026-07-03T06:13:11.791505+00:00,112.2,20,ask,YieldingYams,BrilliantBurritos,5383710
2026-07-03T06:13:14.055321,2026-07-03T06:13:14.063852+00:00,112.2,200,ask,YieldingYams,WavyWalnuts,5383741
2026-07-03T06:13:15.262393,2026-07-03T06:13:15.271086+00:00,112.2,200,bid,WavyWalnuts,YieldingYams,5383757
2026-07-03T06:13:16.933993,2026-07-03T06:13:16.941907+00:00,112.2,200,bid,YieldingYams,WavyWalnuts,5383779
2026-07-03T06:13:19.585078,2026-07-03T06:13:19.596545+00:00,112.3,200,bid,YieldingYams,WavyWalnuts,5383826
2026-07-03T06:13:20.024411,2026-07-03T06:13:20.028221+00:00,112.5,12,bid,Xuanyu Liu,AverageAlmonds,5383845
2026-07-03T06:13:20.895031,2026-07-03T06:13:20.916365+00:00,112.4,200,ask,WavyWalnuts,YieldingYams,5383864
2026-07-03T06:13:20.912803,2026-07-03T06:13:20.916365+00:00,112.4,11,bid,Xuanyu Liu,YieldingYams,5383866
2026-07-03T06:13:21.074796,2026-07-03T06:13:21.086244+00:00,112.2,20,ask,YieldingYams,BrilliantBurritos,5383867
2026-07-03T06:13:23.740401,2026-07-03T06:13:23.751507+00:00,112.3,200,ask,YieldingYams,WavyWalnuts,5383895
2026-07-03T06:13:24.951251,2026-07-03T06:13:24.956406+00:00,112.4,200,ask,YieldingYams,WavyWalnuts,5383926
2026-07-03T06:13:26.165864,2026-07-03T06:13:26.172541+00:00,112.4,200,ask,YieldingYams,WavyWalnuts,5383945
2026-07-03T06:13:28.605750,2026-07-03T06:13:28.609852+00:00,112.5,12,bid,Xuanyu Liu,WavyWalnuts,5383991
2026-07-03T06:13:30.086952,2026-07-03T06:13:30.097906+00:00,112.5,500,bid,YieldingYams,AverageAlmonds,5384019
2026-07-03T06:13:30.086952,2026-07-03T06:13:30.097906+00:00,112.5,125,bid,YieldingYams,WavyWalnuts,5384020
2026-07-03T06:13:31.400520,2026-07-03T06:13:31.409347+00:00,112.4,200,ask,WavyWalnuts,YieldingYams,5384036
2026-07-03T06:13:35.783958,2026-07-03T06:13:35.787661+00:00,112.4,11,bid,Xuanyu Liu,YieldingYams,5384086
2026-07-03T06:13:38.246821,2026-07-03T06:13:38.255230+00:00,112.4,200,ask,WavyWalnuts,AverageAlmonds,5384118
2026-07-03T06:13:38.963495,2026-07-03T06:13:38.966734+00:00,112.4,3,bid,Xuanyu Liu,WavyWalnuts,5384137
2026-07-03T06:13:39.260647,2026-07-03T06:13:39.269098+00:00,112.4,197,bid,YieldingYams,WavyWalnuts,5384143
2026-07-03T06:13:39.260647,2026-07-03T06:13:39.269098+00:00,112.4,428,bid,YieldingYams,AverageAlmonds,5384144
2026-07-03T06:13:40.657301,2026-07-03T06:13:40.668694+00:00,112.2,200,ask,WavyWalnuts,AverageAlmonds,5384165
2026-07-03T06:13:40.657301,2026-07-03T06:13:40.668694+00:00,112.2,300,ask,YieldingYams,AverageAlmonds,5384166
2026-07-03T06:13:41.887266,2026-07-03T06:13:41.897826+00:00,112.2,325,ask,YieldingYams,AverageAlmonds,5384182
2026-07-03T06:13:45.300356,2026-07-03T06:13:45.304007+00:00,112.2,14,bid,Xuanyu Liu,WavyWalnuts,5384234
2026-07-03T06:13:46.103299,2026-07-03T06:13:46.112611+00:00,112.2,500,ask,YieldingYams,AverageAlmonds,5384244
2026-07-03T06:13:46.702666,2026-07-03T06:13:46.710247+00:00,112.2,125,ask,YieldingYams,AverageAlmonds,5384256
2026-07-03T06:13:46.721978,2026-07-03T06:13:46.725858+00:00,112.1,12,bid,Xuanyu Liu,AverageAlmonds,5384258
2026-07-03T06:13:46.781619,2026-07-03T06:13:46.794824+00:00,112.1,200,bid,WavyWalnuts,AverageAlmonds,5384262
2026-07-03T06:13:47.169758,2026-07-03T06:13:47.173593+00:00,112.0,11,bid,Xuanyu Liu,YieldingYams,5384269
2026-07-03T06:13:47.989345,2026-07-03T06:13:48.000435+00:00,112.0,200,bid,WavyWalnuts,YieldingYams,5384290
2026-07-03T06:13:49.196954,2026-07-03T06:13:49.204842+00:00,112.0,200,bid,WavyWalnuts,YieldingYams,5384305
2026-07-03T06:13:53.700071,2026-07-03T06:13:53.707393+00:00,111.8,200,bid,YieldingYams,WavyWalnuts,5384378
2026-07-03T06:13:54.022489,2026-07-03T06:13:54.032931+00:00,111.8,200,ask,YieldingYams,WavyWalnuts,5384381
2026-07-03T06:13:54.788311,2026-07-03T06:13:54.797642+00:00,112.0,20,bid,BrilliantBurritos,AverageAlmonds,5384392
2026-07-03T06:13:55.975113,2026-07-03T06:13:55.982291+00:00,111.7,20,bid,BrilliantBurritos,WavyWalnuts,5384420
2026-07-03T06:13:56.441237,2026-07-03T06:13:56.448490+00:00,111.6,200,ask,YieldingYams,WavyWalnuts,5384425
2026-07-03T06:13:56.547843,2026-07-03T06:13:56.559353+00:00,111.8,20,bid,BrilliantBurritos,YieldingYams,5384428
2026-07-03T06:14:00.246275,2026-07-03T06:14:00.258587+00:00,111.4,200,bid,YieldingYams,WavyWalnuts,5384490
2026-07-03T06:14:01.277447,2026-07-03T06:14:01.285633+00:00,111.4,200,ask,YieldingYams,WavyWalnuts,5384504
2026-07-03T06:14:02.866392,2026-07-03T06:14:02.873799+00:00,111.5,200,bid,YieldingYams,WavyWalnuts,5384536
2026-07-03T06:14:03.694757,2026-07-03T06:14:03.703036+00:00,111.6,200,ask,YieldingYams,WavyWalnuts,5384547
2026-07-03T06:14:05.494456,2026-07-03T06:14:05.501031+00:00,111.5,200,ask,WavyWalnuts,YieldingYams,5384568
2026-07-03T06:14:05.494456,2026-07-03T06:14:05.506279+00:00,111.5,425,ask,AverageAlmonds,YieldingYams,5384569
2026-07-03T06:14:07.347482,2026-07-03T06:14:07.356164+00:00,111.5,200,ask,YieldingYams,WavyWalnuts,5384602
2026-07-03T06:14:08.481287,2026-07-03T06:14:08.487829+00:00,111.5,20,ask,AverageAlmonds,BrilliantBurritos,5384620
2026-07-03T06:14:10.663258,2026-07-03T06:14:10.666354+00:00,111.5,11,ask,AverageAlmonds,Xuanyu Liu,5384660
2026-07-03T06:14:10.922407,2026-07-03T06:14:10.929514+00:00,111.6,200,bid,AverageAlmonds,WavyWalnuts,5384662
2026-07-03T06:14:10.922407,2026-07-03T06:14:10.935014+00:00,111.6,300,bid,AverageAlmonds,YieldingYams,5384663
2026-07-03T06:14:12.035864,2026-07-03T06:14:12.069084+00:00,111.6,200,bid,YieldingYams,WavyWalnuts,5384683
2026-07-03T06:14:12.065003,2026-07-03T06:14:12.069084+00:00,111.6,12,ask,YieldingYams,Xuanyu Liu,5384687
2026-07-03T06:14:12.190340,2026-07-03T06:14:12.199369+00:00,111.6,200,ask,YieldingYams,WavyWalnuts,5384693
2026-07-03T06:14:15.165456,2026-07-03T06:14:15.174240+00:00,111.6,200,bid,AverageAlmonds,WavyWalnuts,5384749
2026-07-03T06:14:17.025278,2026-07-03T06:14:17.068759+00:00,111.7,200,ask,YieldingYams,WavyWalnuts,5384780
2026-07-03T06:14:17.322440,2026-07-03T06:14:17.369184+00:00,111.6,500,ask,AverageAlmonds,YieldingYams,5384786
2026-07-03T06:14:17.565701,2026-07-03T06:14:17.574374+00:00,111.6,125,bid,AverageAlmonds,YieldingYams,5384788
2026-07-03T06:14:18.628551,2026-07-03T06:14:18.637606+00:00,111.7,200,bid,YieldingYams,WavyWalnuts,5384797
2026-07-03T06:14:18.643061,2026-07-03T06:14:18.646214+00:00,111.8,11,ask,YieldingYams,Xuanyu Liu,5384799
2026-07-03T06:14:18.776595,2026-07-03T06:14:18.787951+00:00,111.8,20,ask,YieldingYams,BrilliantBurritos,5384802
2026-07-03T06:14:19.447679,2026-07-03T06:14:19.454409+00:00,111.8,200,ask,YieldingYams,WavyWalnuts,5384810
2026-07-03T06:14:23.891034,2026-07-03T06:14:23.894517+00:00,112.0,3,ask,YieldingYams,Xuanyu Liu,5384875
2026-07-03T06:14:26.497094,2026-07-03T06:14:26.508474+00:00,112.1,200,bid,YieldingYams,WavyWalnuts,5384924
2026-07-03T06:14:26.497094,2026-07-03T06:14:26.508474+00:00,112.1,425,bid,YieldingYams,AverageAlmonds,5384925
2026-07-03T06:14:27.932828,2026-07-03T06:14:27.941809+00:00,111.9,200,bid,WavyWalnuts,YieldingYams,5384957
2026-07-03T06:14:28.507717,2026-07-03T06:14:28.518338+00:00,111.7,20,ask,YieldingYams,BrilliantBurritos,5384964
2026-07-03T06:14:33.969211,2026-07-03T06:14:33.980411+00:00,111.7,200,ask,YieldingYams,WavyWalnuts,5385043
2026-07-03T06:14:35.974862,2026-07-03T06:14:35.978468+00:00,111.7,14,ask,YieldingYams,Xuanyu Liu,5385074
2026-07-03T06:14:38.324552,2026-07-03T06:14:38.333746+00:00,111.7,200,ask,WavyWalnuts,YieldingYams,5385112
2026-07-03T06:14:38.859161,2026-07-03T06:14:38.870681+00:00,111.7,200,bid,WavyWalnuts,YieldingYams,5385120
2026-07-03T06:14:39.695104,2026-07-03T06:14:39.698588+00:00,111.7,35,ask,YieldingYams,Xuanyu Liu,5385137
2026-07-03T06:14:40.000674,2026-07-03T06:14:40.007716+00:00,111.7,500,ask,YieldingYams,AverageAlmonds,5385141
2026-07-03T06:14:40.083169,2026-07-03T06:14:40.094797+00:00,111.7,90,ask,YieldingYams,WavyWalnuts,5385143
2026-07-03T06:14:43.711740,2026-07-03T06:14:43.719023+00:00,111.6,200,ask,YieldingYams,WavyWalnuts,5385193
2026-07-03T06:14:44.918204,2026-07-03T06:14:44.927759+00:00,111.5,200,bid,WavyWalnuts,YieldingYams,5385211
2026-07-03T06:14:47.335503,2026-07-03T06:14:47.346600+00:00,111.5,200,ask,YieldingYams,WavyWalnuts,5385243
2026-07-03T06:14:48.543443,2026-07-03T06:14:48.558633+00:00,111.5,200,ask,YieldingYams,WavyWalnuts,5385262
2026-07-03T06:14:52.184792,2026-07-03T06:14:52.188174+00:00,111.5,11,ask,WavyWalnuts,Xuanyu Liu,5385293
2026-07-03T06:14:54.058202,2026-07-03T06:14:54.074064+00:00,111.6,500,bid,YieldingYams,AverageAlmonds,5385314
2026-07-03T06:14:54.058202,2026-07-03T06:14:54.074064+00:00,111.7,125,bid,YieldingYams,WavyWalnuts,5385315
2026-07-03T06:14:55.796556,2026-07-03T06:14:55.805027+00:00,111.6,200,bid,WavyWalnuts,YieldingYams,5385342
2026-07-03T06:14:57.990644,2026-07-03T06:14:58.000681+00:00,111.7,200,bid,YieldingYams,WavyWalnuts,5385376
2026-07-03T06:14:57.990644,2026-07-03T06:14:58.000681+00:00,111.7,425,bid,YieldingYams,AverageAlmonds,5385377
2026-07-03T06:14:59.319381,2026-07-03T06:14:59.322880+00:00,111.6,11,bid,Xuanyu Liu,YieldingYams,5385402
2026-07-03T06:15:03.230724,2026-07-03T06:15:03.237385+00:00,111.6,200,bid,YieldingYams,WavyWalnuts,5385452
2026-07-03T06:15:04.262362,2026-07-03T06:15:04.269491+00:00,111.7,200,ask,YieldingYams,WavyWalnuts,5385464
2026-07-03T06:15:07.486201,2026-07-03T06:15:07.494885+00:00,111.8,20,bid,BrilliantBurritos,WavyWalnuts,5385516
2026-07-03T06:15:07.886122,2026-07-03T06:15:07.893179+00:00,111.8,200,bid,WavyWalnuts,YieldingYams,5385518
2026-07-03T06:15:09.104782,2026-07-03T06:15:09.114859+00:00,111.8,200,ask,YieldingYams,WavyWalnuts,5385548
2026-07-03T06:15:10.151983,2026-07-03T06:15:10.158243+00:00,111.9,20,bid,BrilliantBurritos,AverageAlmonds,5385570
2026-07-03T06:15:11.095344,2026-07-03T06:15:11.103817+00:00,111.8,200,bid,YieldingYams,WavyWalnuts,5385587
2026-07-03T06:15:11.527956,2026-07-03T06:15:11.536836+00:00,111.9,200,bid,WavyWalnuts,AverageAlmonds,5385590
2026-07-03T06:15:12.738680,2026-07-03T06:15:12.748331+00:00,111.9,200,bid,WavyWalnuts,AverageAlmonds,5385611
2026-07-03T06:15:13.729838,2026-07-03T06:15:13.733331+00:00,111.8,12,bid,Xuanyu Liu,YieldingYams,5385630
2026-07-03T06:15:13.969217,2026-07-03T06:15:13.979176+00:00,111.8,200,bid,WavyWalnuts,YieldingYams,5385636
2026-07-03T06:15:16.335516,2026-07-03T06:15:16.346987+00:00,112.1,200,bid,YieldingYams,WavyWalnuts,5385679
2026-07-03T06:15:16.335516,2026-07-03T06:15:16.346987+00:00,112.1,425,bid,YieldingYams,AverageAlmonds,5385680
2026-07-03T06:15:17.664499,2026-07-03T06:15:17.667941+00:00,112.0,11,bid,Xuanyu Liu,YieldingYams,5385700
2026-07-03T06:15:18.749915,2026-07-03T06:15:18.758618+00:00,111.9,20,ask,WavyWalnuts,BrilliantBurritos,5385715
2026-07-03T06:15:23.426023,2026-07-03T06:15:23.429761+00:00,112.1,12,bid,Xuanyu Liu,WavyWalnuts,5385785
2026-07-03T06:15:26.239155,2026-07-03T06:15:26.250610+00:00,112.0,20,ask,WavyWalnuts,BrilliantBurritos,5385826
2026-07-03T06:15:28.404902,2026-07-03T06:15:28.412068+00:00,112.1,500,bid,AverageAlmonds,YieldingYams,5385843
2026-07-03T06:15:28.999975,2026-07-03T06:15:29.009108+00:00,112.1,125,bid,AverageAlmonds,YieldingYams,5385851
2026-07-03T06:15:32.053045,2026-07-03T06:15:32.064289+00:00,112.2,200,bid,AverageAlmonds,WavyWalnuts,5385881
2026-07-03T06:15:32.077775,2026-07-03T06:15:32.085407+00:00,112.2,300,ask,AverageAlmonds,YieldingYams,5385883
2026-07-03T06:15:32.093992,2026-07-03T06:15:32.100898+00:00,112.2,200,bid,WavyWalnuts,YieldingYams,5385884
2026-07-03T06:15:33.302479,2026-07-03T06:15:33.311261+00:00,112.2,125,bid,WavyWalnuts,YieldingYams,5385902
2026-07-03T06:15:36.924288,2026-07-03T06:15:36.934139+00:00,112.2,20,ask,WavyWalnuts,BrilliantBurritos,5385950
2026-07-03T06:15:37.333269,2026-07-03T06:15:37.340478+00:00,112.3,200,ask,WavyWalnuts,YieldingYams,5385960
2026-07-03T06:15:39.948601,2026-07-03T06:15:39.963955+00:00,112.5,20,bid,BrilliantBurritos,YieldingYams,5385995
2026-07-03T06:15:39.975216,2026-07-03T06:15:39.978628+00:00,112.4,11,bid,Xuanyu Liu,YieldingYams,5385997
2026-07-03T06:15:40.566433,2026-07-03T06:15:40.574685+00:00,112.4,200,bid,WavyWalnuts,YieldingYams,5386002
2026-07-03T06:15:42.364137,2026-07-03T06:15:42.367794+00:00,112.5,3,bid,Xuanyu Liu,YieldingYams,5386026
2026-07-03T06:15:47.818980,2026-07-03T06:15:47.828908+00:00,112.2,200,ask,WavyWalnuts,YieldingYams,5386100
2026-07-03T06:15:47.825561,2026-07-03T06:15:47.838595+00:00,112.1,200,bid,WavyWalnuts,YieldingYams,5386101
2026-07-03T06:15:47.835061,2026-07-03T06:15:47.838595+00:00,112.1,14,bid,Xuanyu Liu,YieldingYams,5386103
2026-07-03T06:15:49.037148,2026-07-03T06:15:49.045635+00:00,112.1,200,bid,WavyWalnuts,YieldingYams,5386124
2026-07-03T06:15:50.255487,2026-07-03T06:15:50.262839+00:00,112.2,200,ask,YieldingYams,WavyWalnuts,5386135
2026-07-03T06:15:50.638614,2026-07-03T06:15:50.658600+00:00,112.2,20,bid,BrilliantBurritos,YieldingYams,5386145
2026-07-03T06:15:52.688115,2026-07-03T06:15:52.692103+00:00,112.1,12,bid,Xuanyu Liu,WavyWalnuts,5386165
2026-07-03T06:15:53.234885,2026-07-03T06:15:53.243773+00:00,112.1,188,bid,AverageAlmonds,WavyWalnuts,5386172
2026-07-03T06:15:53.833708,2026-07-03T06:15:53.842369+00:00,112.2,500,bid,AverageAlmonds,YieldingYams,5386181
2026-07-03T06:15:58.258365,2026-07-03T06:15:58.261986+00:00,112.2,12,ask,YieldingYams,Xuanyu Liu,5386243
2026-07-03T06:15:58.724895,2026-07-03T06:15:58.736137+00:00,112.2,200,ask,YieldingYams,WavyWalnuts,5386251
2026-07-03T06:16:01.924297,2026-07-03T06:16:01.928152+00:00,112.2,11,ask,YieldingYams,Xuanyu Liu,5386292
2026-07-03T06:16:03.554817,2026-07-03T06:16:03.558649+00:00,112.2,200,ask,WavyWalnuts,YieldingYams,5386315
2026-07-03T06:16:04.864066,2026-07-03T06:16:04.884578+00:00,112.3,200,bid,YieldingYams,WavyWalnuts,5386344
2026-07-03T06:16:04.880957,2026-07-03T06:16:04.884578+00:00,112.3,3,ask,YieldingYams,Xuanyu Liu,5386346
2026-07-03T06:16:05.339178,2026-07-03T06:16:05.348579+00:00,112.3,422,ask,YieldingYams,AverageAlmonds,5386349
2026-07-03T06:16:08.399677,2026-07-03T06:16:08.406106+00:00,112.2,200,bid,WavyWalnuts,YieldingYams,5386388
2026-07-03T06:16:09.610215,2026-07-03T06:16:09.618824+00:00,112.1,200,bid,WavyWalnuts,YieldingYams,5386398
2026-07-03T06:16:10.820288,2026-07-03T06:16:10.829364+00:00,112.2,200,bid,WavyWalnuts,YieldingYams,5386423
2026-07-03T06:16:11.426370,2026-07-03T06:16:11.434947+00:00,112.2,20,ask,YieldingYams,BrilliantBurritos,5386434
2026-07-03T06:16:13.837059,2026-07-03T06:16:13.848753+00:00,112.2,20,ask,YieldingYams,BrilliantBurritos,5386456
2026-07-03T06:16:15.664864,2026-07-03T06:16:15.675224+00:00,112.3,200,ask,YieldingYams,WavyWalnuts,5386485
2026-07-03T06:16:23.250854,2026-07-03T06:16:23.255450+00:00,112.2,200,ask,WavyWalnuts,YieldingYams,5386606
2026-07-03T06:16:24.560348,2026-07-03T06:16:24.578185+00:00,112.3,200,bid,YieldingYams,WavyWalnuts,5386631
2026-07-03T06:16:24.574383,2026-07-03T06:16:24.578185+00:00,112.3,3,ask,YieldingYams,Xuanyu Liu,5386633
2026-07-03T06:16:24.708955,2026-07-03T06:16:24.716613+00:00,112.3,422,ask,YieldingYams,AverageAlmonds,5386637
2026-07-03T06:16:27.195203,2026-07-03T06:16:27.198374+00:00,112.2,3,bid,Xuanyu Liu,YieldingYams,5386683
2026-07-03T06:16:28.494921,2026-07-03T06:16:28.505638+00:00,112.1,200,ask,WavyWalnuts,YieldingYams,5386701
2026-07-03T06:16:32.509644,2026-07-03T06:16:32.521015+00:00,112.0,20,bid,BrilliantBurritos,AverageAlmonds,5386751
2026-07-03T06:16:36.309303,2026-07-03T06:16:36.317230+00:00,112.0,200,bid,WavyWalnuts,YieldingYams,5386818
2026-07-03T06:16:37.520967,2026-07-03T06:16:37.528719+00:00,112.0,200,ask,YieldingYams,WavyWalnuts,5386836
2026-07-03T06:16:39.936180,2026-07-03T06:16:39.945989+00:00,112.2,200,bid,WavyWalnuts,AverageAlmonds,5386872
2026-07-03T06:16:40.295722,2026-07-03T06:16:40.303213+00:00,112.2,300,bid,YieldingYams,AverageAlmonds,5386878
2026-07-03T06:16:40.452199,2026-07-03T06:16:40.469119+00:00,112.2,325,ask,YieldingYams,AverageAlmonds,5386882
2026-07-03T06:16:41.142736,2026-07-03T06:16:41.150214+00:00,112.2,200,bid,WavyWalnuts,AverageAlmonds,5386889
2026-07-03T06:16:42.350293,2026-07-03T06:16:42.360647+00:00,112.1,200,bid,WavyWalnuts,YieldingYams,5386913
2026-07-03T06:16:44.233041,2026-07-03T06:16:44.242375+00:00,112.2,200,bid,YieldingYams,WavyWalnuts,5386949
2026-07-03T06:16:44.233041,2026-07-03T06:16:44.242375+00:00,112.2,425,bid,YieldingYams,AverageAlmonds,5386950
2026-07-03T06:16:44.768885,2026-07-03T06:16:44.779591+00:00,112.2,200,bid,WavyWalnuts,AverageAlmonds,5386957
2026-07-03T06:16:45.978577,2026-07-03T06:16:45.985488+00:00,111.9,200,bid,WavyWalnuts,YieldingYams,5386969
2026-07-03T06:16:47.185830,2026-07-03T06:16:47.196155+00:00,112.0,200,bid,WavyWalnuts,YieldingYams,5387001
2026-07-03T06:16:48.393649,2026-07-03T06:16:48.402862+00:00,112.0,200,bid,WavyWalnuts,YieldingYams,5387023
2026-07-03T06:16:48.896741,2026-07-03T06:16:48.900761+00:00,111.8,14,ask,YieldingYams,Xuanyu Liu,5387032
2026-07-03T06:16:49.493639,2026-07-03T06:16:49.498305+00:00,112.0,23,ask,YieldingYams,Xuanyu Liu,5387051
2026-07-03T06:16:49.616923,2026-07-03T06:16:49.620428+00:00,112.1,12,ask,WavyWalnuts,Xuanyu Liu,5387055
2026-07-03T06:16:49.789788,2026-07-03T06:16:49.800769+00:00,112.1,22,ask,WavyWalnuts,Zihao Wu,5387060
2026-07-03T06:16:49.867209,2026-07-03T06:16:49.877327+00:00,112.2,20,bid,BrilliantBurritos,YieldingYams,5387064
2026-07-03T06:16:52.001711,2026-07-03T06:16:52.005103+00:00,112.2,23,bid,Xuanyu Liu,YieldingYams,5387108
2026-07-03T06:16:52.018280,2026-07-03T06:16:52.026099+00:00,112.2,200,bid,WavyWalnuts,YieldingYams,5387109
2026-07-03T06:16:55.649362,2026-07-03T06:16:55.654656+00:00,112.2,200,bid,WavyWalnuts,AverageAlmonds,5387166
2026-07-03T06:16:59.970029,2026-07-03T06:16:59.976822+00:00,111.9,200,ask,WavyWalnuts,YieldingYams,5387227
2026-07-03T06:16:59.987403,2026-07-03T06:16:59.990471+00:00,111.8,26,bid,Xuanyu Liu,YieldingYams,5387229
2026-07-03T06:17:01.699507,2026-07-03T06:17:01.706007+00:00,111.9,200,bid,WavyWalnuts,YieldingYams,5387265
2026-07-03T06:17:02.921947,2026-07-03T06:17:02.925289+00:00,111.8,3,ask,WavyWalnuts,Xuanyu Liu,5387290
2026-07-03T06:17:03.910306,2026-07-03T06:17:03.917239+00:00,111.8,197,ask,WavyWalnuts,YieldingYams,5387311
2026-07-03T06:17:04.081163,2026-07-03T06:17:04.088125+00:00,111.8,428,bid,AverageAlmonds,YieldingYams,5387318
2026-07-03T06:17:05.217353,2026-07-03T06:17:05.223783+00:00,111.9,200,bid,YieldingYams,WavyWalnuts,5387334
2026-07-03T06:17:05.234769,2026-07-03T06:17:05.238394+00:00,112.0,11,ask,YieldingYams,Xuanyu Liu,5387336
2026-07-03T06:17:05.318696,2026-07-03T06:17:05.330027+00:00,112.0,200,ask,YieldingYams,WavyWalnuts,5387339
2026-07-03T06:17:06.835484,2026-07-03T06:17:06.845555+00:00,111.9,20,bid,BrilliantBurritos,YieldingYams,5387358
2026-07-03T06:17:07.747671,2026-07-03T06:17:07.758622+00:00,111.9,200,bid,WavyWalnuts,YieldingYams,5387374
2026-07-03T06:17:10.612420,2026-07-03T06:17:10.623234+00:00,111.9,22,bid,Zihao Wu,YieldingYams,5387415
2026-07-03T06:17:12.546609,2026-07-03T06:17:12.558626+00:00,111.9,200,bid,AverageAlmonds,WavyWalnuts,5387442
2026-07-03T06:17:12.586136,2026-07-03T06:17:12.595115+00:00,112.0,200,bid,WavyWalnuts,YieldingYams,5387446
2026-07-03T06:17:13.795284,2026-07-03T06:17:13.804290+00:00,112.0,200,ask,YieldingYams,WavyWalnuts,5387470
2026-07-03T06:17:14.434526,2026-07-03T06:17:14.438391+00:00,112.0,11,bid,Xuanyu Liu,YieldingYams,5387479
2026-07-03T06:17:15.002739,2026-07-03T06:17:15.011559+00:00,112.0,200,bid,WavyWalnuts,YieldingYams,5387491
2026-07-03T06:17:17.364420,2026-07-03T06:17:17.368162+00:00,112.0,11,ask,WavyWalnuts,Xuanyu Liu,5387518
2026-07-03T06:17:17.441184,2026-07-03T06:17:17.444846+00:00,112.1,12,ask,WavyWalnuts,Xuanyu Liu,5387521
2026-07-03T06:17:18.640737,2026-07-03T06:17:18.648479+00:00,112.2,200,ask,YieldingYams,WavyWalnuts,5387543
2026-07-03T06:17:20.475241,2026-07-03T06:17:20.479533+00:00,112.2,12,bid,Xuanyu Liu,WavyWalnuts,5387576
2026-07-03T06:17:20.974932,2026-07-03T06:17:20.984779+00:00,112.2,188,bid,YieldingYams,WavyWalnuts,5387579
2026-07-03T06:17:23.499121,2026-07-03T06:17:23.506885+00:00,112.1,200,ask,YieldingYams,WavyWalnuts,5387617
2026-07-03T06:17:23.641479,2026-07-03T06:17:23.645506+00:00,112.1,11,bid,Xuanyu Liu,YieldingYams,5387619
2026-07-03T06:17:24.705988,2026-07-03T06:17:24.715464+00:00,112.1,200,bid,WavyWalnuts,YieldingYams,5387636
2026-07-03T06:17:25.914243,2026-07-03T06:17:25.925329+00:00,112.1,200,bid,WavyWalnuts,YieldingYams,5387653
2026-07-03T06:17:26.853496,2026-07-03T06:17:26.856939+00:00,112.0,11,ask,YieldingYams,Xuanyu Liu,5387675
2026-07-03T06:17:30.846499,2026-07-03T06:17:30.854658+00:00,112.3,20,bid,BrilliantBurritos,WavyWalnuts,5387733
2026-07-03T06:17:31.138545,2026-07-03T06:17:31.150011+00:00,112.3,20,bid,BrilliantBurritos,WavyWalnuts,5387738
2026-07-03T06:17:34.096385,2026-07-03T06:17:34.103616+00:00,112.3,200,bid,YieldingYams,WavyWalnuts,5387794
2026-07-03T06:17:34.114722,2026-07-03T06:17:34.118172+00:00,112.3,12,ask,YieldingYams,Xuanyu Liu,5387796
2026-07-03T06:17:34.359900,2026-07-03T06:17:34.369071+00:00,112.3,413,ask,YieldingYams,AverageAlmonds,5387802
2026-07-03T06:17:34.386154,2026-07-03T06:17:34.395180+00:00,112.3,87,bid,WavyWalnuts,AverageAlmonds,5387804
2026-07-03T06:17:34.950513,2026-07-03T06:17:34.955877+00:00,112.3,113,ask,WavyWalnuts,AverageAlmonds,5387812
2026-07-03T06:17:36.814720,2026-07-03T06:17:36.822073+00:00,112.1,200,bid,WavyWalnuts,YieldingYams,5387852
2026-07-03T06:17:44.580405,2026-07-03T06:17:44.588213+00:00,112.2,200,bid,YieldingYams,WavyWalnuts,5387982
2026-07-03T06:17:45.269777,2026-07-03T06:17:45.285937+00:00,112.2,200,ask,YieldingYams,WavyWalnuts,5387992
2026-07-03T06:17:45.907155,2026-07-03T06:17:45.910626+00:00,112.1,12,bid,Xuanyu Liu,YieldingYams,5388002
2026-07-03T06:17:46.479366,2026-07-03T06:17:46.489869+00:00,112.1,200,bid,WavyWalnuts,YieldingYams,5388014
2026-07-03T06:17:47.999375,2026-07-03T06:17:48.011207+00:00,112.1,20,bid,BrilliantBurritos,WavyWalnuts,5388037
2026-07-03T06:17:48.509099,2026-07-03T06:17:48.516060+00:00,112.1,180,bid,YieldingYams,WavyWalnuts,5388046
2026-07-03T06:17:49.842345,2026-07-03T06:17:49.846104+00:00,112.2,11,bid,Xuanyu Liu,YieldingYams,5388072
2026-07-03T06:17:51.335365,2026-07-03T06:17:51.342197+00:00,112.2,200,bid,WavyWalnuts,YieldingYams,5388092
2026-07-03T06:17:54.988167,2026-07-03T06:17:54.997575+00:00,112.2,200,ask,YieldingYams,WavyWalnuts,5388144
2026-07-03T06:17:55.278269,2026-07-03T06:17:55.281951+00:00,112.2,3,bid,Xuanyu Liu,YieldingYams,5388153
2026-07-03T06:17:57.241511,2026-07-03T06:17:57.253206+00:00,112.1,20,bid,BrilliantBurritos,WavyWalnuts,5388185
2026-07-03T06:17:57.401933,2026-07-03T06:17:57.410767+00:00,112.0,200,ask,YieldingYams,WavyWalnuts,5388190
2026-07-03T06:18:02.091727,2026-07-03T06:18:02.095468+00:00,112.2,3,bid,Xuanyu Liu,YieldingYams,5388266
2026-07-03T06:18:02.230361,2026-07-03T06:18:02.238781+00:00,112.1,200,ask,AverageAlmonds,WavyWalnuts,5388269
2026-07-03T06:18:03.464937,2026-07-03T06:18:03.468401+00:00,112.1,11,bid,Xuanyu Liu,WavyWalnuts,5388288
2026-07-03T06:18:04.649927,2026-07-03T06:18:04.656712+00:00,112.0,200,ask,YieldingYams,WavyWalnuts,5388317
2026-07-03T06:18:05.578610,2026-07-03T06:18:05.582311+00:00,112.0,12,bid,Xuanyu Liu,YieldingYams,5388335
2026-07-03T06:18:07.092331,2026-07-03T06:18:07.097004+00:00,111.9,11,bid,Xuanyu Liu,WavyWalnuts,5388376
2026-07-03T06:18:07.973401,2026-07-03T06:18:07.977331+00:00,111.8,34,ask,AverageAlmonds,Xuanyu Liu,5388385
2026-07-03T06:18:08.278180,2026-07-03T06:18:08.289518+00:00,111.8,20,ask,AverageAlmonds,BrilliantBurritos,5388395
2026-07-03T06:18:08.288326,2026-07-03T06:18:08.294986+00:00,111.9,200,bid,WavyWalnuts,YieldingYams,5388396
2026-07-03T06:18:11.950966,2026-07-03T06:18:11.954483+00:00,111.9,11,bid,Xuanyu Liu,WavyWalnuts,5388441
2026-07-03T06:18:14.328820,2026-07-03T06:18:14.332439+00:00,112.0,57,bid,Xuanyu Liu,WavyWalnuts,5388480
2026-07-03T06:18:15.567556,2026-07-03T06:18:15.577671+00:00,111.9,200,bid,WavyWalnuts,YieldingYams,5388498
2026-07-03T06:18:16.777200,2026-07-03T06:18:16.785548+00:00,111.9,200,bid,WavyWalnuts,YieldingYams,5388512
