timestamp,recv_time,price,volume,aggressor_side,buyer,seller,trade_id
2026-07-03T05:00:00.065984,2026-07-03T05:00:00.007258+00:00,115.0,200,ask,YieldingYams,WavyWalnuts,5313051
2026-07-03T05:00:01.565462,2026-07-03T05:00:01.575231+00:00,114.9,200,bid,YieldingYams,WavyWalnuts,5313077
2026-07-03T05:00:02.894611,2026-07-03T05:00:02.898108+00:00,114.9,3,bid,Xuanyu Liu,YieldingYams,5313094
2026-07-03T05:00:03.071834,2026-07-03T05:00:03.079765+00:00,114.9,25,bid,Alice Feng,YieldingYams,5313099
2026-07-03T05:00:03.281984,2026-07-03T05:00:03.293385+00:00,114.9,25,bid,Alice Feng,YieldingYams,5313103
2026-07-03T05:00:03.492403,2026-07-03T05:00:03.503675+00:00,114.9,25,bid,Alice Feng,YieldingYams,5313106
2026-07-03T05:00:03.658069,2026-07-03T05:00:03.666220+00:00,114.9,500,bid,AverageAlmonds,YieldingYams,5313113
2026-07-03T05:00:04.192846,2026-07-03T05:00:04.212955+00:00,114.9,200,bid,YieldingYams,WavyWalnuts,5313117
2026-07-03T05:00:04.209167,2026-07-03T05:00:04.212955+00:00,115.0,3,ask,YieldingYams,Xuanyu Liu,5313120
2026-07-03T05:00:04.916517,2026-07-03T05:00:04.924630+00:00,115.0,200,ask,YieldingYams,WavyWalnuts,5313132
2026-07-03T05:00:05.138468,2026-07-03T05:00:05.148455+00:00,115.3,20,bid,BrilliantBurritos,YieldingYams,5313138
2026-07-03T05:00:05.209997,2026-07-03T05:00:05.221362+00:00,115.3,22,bid,Zihao Wu,YieldingYams,5313142
2026-07-03T05:00:08.544773,2026-07-03T05:00:08.552872+00:00,115.0,200,bid,WavyWalnuts,YieldingYams,5313200
2026-07-03T05:00:08.706495,2026-07-03T05:00:08.718261+00:00,114.8,25,ask,YieldingYams,Alice Feng,5313203
2026-07-03T05:00:08.917550,2026-07-03T05:00:08.929134+00:00,114.8,25,ask,YieldingYams,Alice Feng,5313210
2026-07-03T05:00:09.184121,2026-07-03T05:00:09.197203+00:00,114.8,25,ask,YieldingYams,Alice Feng,5313212
2026-07-03T05:00:09.755016,2026-07-03T05:00:09.763919+00:00,115.0,200,ask,YieldingYams,WavyWalnuts,5313222
2026-07-03T05:00:13.377718,2026-07-03T05:00:13.386890+00:00,115.1,200,bid,WavyWalnuts,YieldingYams,5313280
2026-07-03T05:00:14.585032,2026-07-03T05:00:14.595617+00:00,115.1,200,bid,WavyWalnuts,YieldingYams,5313301
2026-07-03T05:00:15.179710,2026-07-03T05:00:15.186541+00:00,115.2,500,ask,YieldingYams,AverageAlmonds,5313306
2026-07-03T05:00:15.793218,2026-07-03T05:00:15.800514+00:00,115.2,125,ask,YieldingYams,WavyWalnuts,5313312
2026-07-03T05:00:16.004017,2026-07-03T05:00:16.013735+00:00,115.2,20,bid,BrilliantBurritos,WavyWalnuts,5313320
2026-07-03T05:00:21.231186,2026-07-03T05:00:21.238278+00:00,115.1,500,ask,YieldingYams,AverageAlmonds,5313388
2026-07-03T05:00:21.264573,2026-07-03T05:00:21.275043+00:00,115.0,200,ask,WavyWalnuts,YieldingYams,5313390
2026-07-03T05:00:21.281445,2026-07-03T05:00:21.288506+00:00,115.0,25,bid,Alice Feng,YieldingYams,5313394
2026-07-03T05:00:21.284507,2026-07-03T05:00:21.288506+00:00,115.0,3,bid,Xuanyu Liu,YieldingYams,5313395
2026-07-03T05:00:21.490493,2026-07-03T05:00:21.499477+00:00,115.0,25,bid,Alice Feng,YieldingYams,5313404
2026-07-03T05:00:21.698692,2026-07-03T05:00:21.706778+00:00,115.0,25,bid,Alice Feng,YieldingYams,5313409
2026-07-03T05:00:21.847962,2026-07-03T05:00:21.855023+00:00,115.0,200,bid,WavyWalnuts,YieldingYams,5313411
2026-07-03T05:00:21.907631,2026-07-03T05:00:21.914553+00:00,115.0,25,bid,Alice Feng,YieldingYams,5313415
2026-07-03T05:00:24.250778,2026-07-03T05:00:24.258581+00:00,115.0,20,bid,BrilliantBurritos,WavyWalnuts,5313447
2026-07-03T05:00:25.201966,2026-07-03T05:00:25.212432+00:00,115.1,200,bid,YieldingYams,WavyWalnuts,5313461
2026-07-03T05:00:25.201966,2026-07-03T05:00:25.212432+00:00,115.1,425,bid,YieldingYams,AverageAlmonds,5313462
2026-07-03T05:00:25.270055,2026-07-03T05:00:25.277171+00:00,114.8,22,ask,WavyWalnuts,Zihao Wu,5313464
2026-07-03T05:00:26.515343,2026-07-03T05:00:26.523902+00:00,114.9,200,ask,WavyWalnuts,YieldingYams,5313488
2026-07-03T05:00:26.533329,2026-07-03T05:00:26.541328+00:00,114.8,25,bid,Alice Feng,YieldingYams,5313491
2026-07-03T05:00:26.706005,2026-07-03T05:00:26.712788+00:00,114.8,200,bid,WavyWalnuts,YieldingYams,5313498
2026-07-03T05:00:26.741554,2026-07-03T05:00:26.748800+00:00,114.8,25,bid,Alice Feng,YieldingYams,5313500
2026-07-03T05:00:26.951851,2026-07-03T05:00:26.958635+00:00,114.8,25,bid,Alice Feng,YieldingYams,5313505
2026-07-03T05:00:27.161744,2026-07-03T05:00:27.168574+00:00,114.8,22,bid,Alice Feng,YieldingYams,5313511
2026-07-03T05:00:29.134272,2026-07-03T05:00:29.145045+00:00,115.1,200,bid,WavyWalnuts,AverageAlmonds,5313533
2026-07-03T05:00:31.571215,2026-07-03T05:00:31.579564+00:00,115.0,200,ask,YieldingYams,WavyWalnuts,5313588
2026-07-03T05:00:33.917029,2026-07-03T05:00:33.920697+00:00,115.0,3,ask,YieldingYams,Xuanyu Liu,5313624
2026-07-03T05:00:33.992029,2026-07-03T05:00:34.000947+00:00,115.0,200,ask,YieldingYams,WavyWalnuts,5313627
2026-07-03T05:00:39.561776,2026-07-03T05:00:39.573639+00:00,115.2,20,bid,BrilliantBurritos,WavyWalnuts,5313703
2026-07-03T05:00:39.996688,2026-07-03T05:00:40.004324+00:00,115.1,500,ask,YieldingYams,AverageAlmonds,5313709
2026-07-03T05:00:40.590528,2026-07-03T05:00:40.601633+00:00,115.1,125,ask,YieldingYams,AverageAlmonds,5313721
2026-07-03T05:00:40.590528,2026-07-03T05:00:40.601633+00:00,115.1,200,ask,WavyWalnuts,AverageAlmonds,5313722
2026-07-03T05:00:41.240403,2026-07-03T05:00:41.250189+00:00,114.9,200,bid,WavyWalnuts,YieldingYams,5313731
2026-07-03T05:00:42.451309,2026-07-03T05:00:42.458598+00:00,115.0,200,bid,WavyWalnuts,YieldingYams,5313754
2026-07-03T05:00:43.395973,2026-07-03T05:00:43.409663+00:00,114.8,25,ask,YieldingYams,Alice Feng,5313766
2026-07-03T05:00:43.406356,2026-07-03T05:00:43.409663+00:00,114.8,14,ask,YieldingYams,Xuanyu Liu,5313769
2026-07-03T05:00:43.586371,2026-07-03T05:00:43.590038+00:00,115.1,35,ask,YieldingYams,Xuanyu Liu,5313773
2026-07-03T05:00:43.619097,2026-07-03T05:00:43.632176+00:00,115.1,25,ask,YieldingYams,Alice Feng,5313775
2026-07-03T05:00:43.830161,2026-07-03T05:00:43.841775+00:00,115.1,25,ask,YieldingYams,Alice Feng,5313778
2026-07-03T05:00:43.846505,2026-07-03T05:00:43.858586+00:00,115.2,2,bid,Alice Feng,AverageAlmonds,5313781
2026-07-03T05:00:44.050841,2026-07-03T05:00:44.068875+00:00,115.2,2,bid,Alice Feng,WavyWalnuts,5313783
2026-07-03T05:00:44.255160,2026-07-03T05:00:44.258545+00:00,115.2,2,bid,Alice Feng,WavyWalnuts,5313790
2026-07-03T05:00:44.462082,2026-07-03T05:00:44.469977+00:00,115.2,2,bid,Alice Feng,AverageAlmonds,5313794
2026-07-03T05:00:44.666960,2026-07-03T05:00:44.677249+00:00,115.2,2,bid,Alice Feng,AverageAlmonds,5313799
2026-07-03T05:00:44.673934,2026-07-03T05:00:44.677249+00:00,115.2,23,bid,Xuanyu Liu,WavyWalnuts,5313801
2026-07-03T05:00:44.876792,2026-07-03T05:00:44.884579+00:00,115.2,2,bid,Alice Feng,WavyWalnuts,5313805
2026-07-03T05:00:45.081496,2026-07-03T05:00:45.093170+00:00,115.2,2,bid,Alice Feng,AverageAlmonds,5313813
2026-07-03T05:00:45.286914,2026-07-03T05:00:45.298485+00:00,115.2,2,bid,Alice Feng,AverageAlmonds,5313817
2026-07-03T05:00:47.896620,2026-07-03T05:00:47.908414+00:00,115.1,25,ask,YieldingYams,Alice Feng,5313859
2026-07-03T05:00:48.105494,2026-07-03T05:00:48.116558+00:00,115.1,25,ask,YieldingYams,Alice Feng,5313864
2026-07-03T05:00:48.313399,2026-07-03T05:00:48.324677+00:00,115.1,25,ask,YieldingYams,Alice Feng,5313868
2026-07-03T05:00:48.522296,2026-07-03T05:00:48.533623+00:00,115.1,25,ask,YieldingYams,Alice Feng,5313873
2026-07-03T05:00:49.066371,2026-07-03T05:00:49.074639+00:00,115.1,500,ask,YieldingYams,AverageAlmonds,5313884
2026-07-03T05:00:49.660802,2026-07-03T05:00:49.669634+00:00,115.1,125,ask,YieldingYams,AverageAlmonds,5313889
2026-07-03T05:00:49.732658,2026-07-03T05:00:49.740948+00:00,115.0,25,ask,WavyWalnuts,Alice Feng,5313895
2026-07-03T05:00:49.940766,2026-07-03T05:00:49.952265+00:00,115.0,16,ask,WavyWalnuts,Alice Feng,5313903
2026-07-03T05:00:50.937158,2026-07-03T05:00:50.940575+00:00,115.1,12,bid,Xuanyu Liu,YieldingYams,5313927
2026-07-03T05:00:52.450475,2026-07-03T05:00:52.458605+00:00,115.0,20,ask,WavyWalnuts,BrilliantBurritos,5313958
2026-07-03T05:00:54.543830,2026-07-03T05:00:54.558619+00:00,115.0,200,ask,YieldingYams,WavyWalnuts,5313990
2026-07-03T05:00:56.654250,2026-07-03T05:00:56.665473+00:00,114.9,20,ask,YieldingYams,BrilliantBurritos,5314019
2026-07-03T05:00:58.184519,2026-07-03T05:00:58.192715+00:00,114.9,200,ask,YieldingYams,WavyWalnuts,5314050
2026-07-03T05:00:59.633769,2026-07-03T05:00:59.641599+00:00,114.8,20,bid,BrilliantBurritos,WavyWalnuts,5314073
2026-07-03T05:01:00.603002,2026-07-03T05:01:00.610856+00:00,114.7,200,ask,YieldingYams,WavyWalnuts,5314078
2026-07-03T05:01:01.809627,2026-07-03T05:01:01.817600+00:00,114.6,200,ask,YieldingYams,WavyWalnuts,5314099
2026-07-03T05:01:01.957550,2026-07-03T05:01:01.980029+00:00,114.6,500,ask,AverageAlmonds,YieldingYams,5314103
2026-07-03T05:01:01.975794,2026-07-03T05:01:01.980029+00:00,114.6,14,bid,Xuanyu Liu,YieldingYams,5314105
2026-07-03T05:01:02.361572,2026-07-03T05:01:02.369817+00:00,114.6,111,bid,AverageAlmonds,YieldingYams,5314111
2026-07-03T05:01:02.412882,2026-07-03T05:01:02.416390+00:00,114.6,49,ask,AverageAlmonds,Xuanyu Liu,5314115
2026-07-03T05:01:02.571620,2026-07-03T05:01:02.583275+00:00,114.6,45,ask,AverageAlmonds,Zihao Wu,5314119
2026-07-03T05:01:03.263651,2026-07-03T05:01:03.274398+00:00,114.8,200,bid,YieldingYams,WavyWalnuts,5314130
2026-07-03T05:01:04.225810,2026-07-03T05:01:04.232711+00:00,114.8,200,ask,YieldingYams,WavyWalnuts,5314145
2026-07-03T05:01:05.521835,2026-07-03T05:01:05.525455+00:00,114.8,23,bid,Xuanyu Liu,YieldingYams,5314170
2026-07-03T05:01:05.880522,2026-07-03T05:01:05.888073+00:00,114.7,200,ask,WavyWalnuts,YieldingYams,5314178
2026-07-03T05:01:05.899014,2026-07-03T05:01:05.902500+00:00,114.7,12,bid,Xuanyu Liu,YieldingYams,5314180
2026-07-03T05:01:06.026934,2026-07-03T05:01:06.039231+00:00,114.5,20,ask,YieldingYams,BrilliantBurritos,5314184
2026-07-03T05:01:07.846244,2026-07-03T05:01:07.853567+00:00,114.7,20,bid,BrilliantBurritos,YieldingYams,5314201
2026-07-03T05:01:09.652774,2026-07-03T05:01:09.658891+00:00,114.7,500,bid,AverageAlmonds,YieldingYams,5314221
2026-07-03T05:01:09.820129,2026-07-03T05:01:09.831062+00:00,114.7,200,bid,YieldingYams,WavyWalnuts,5314225
2026-07-03T05:01:11.486610,2026-07-03T05:01:11.494703+00:00,114.8,200,bid,WavyWalnuts,YieldingYams,5314248
2026-07-03T05:01:11.843800,2026-07-03T05:01:11.847648+00:00,114.8,14,bid,Xuanyu Liu,YieldingYams,5314254
2026-07-03T05:01:13.750764,2026-07-03T05:01:13.757568+00:00,114.9,200,bid,YieldingYams,WavyWalnuts,5314292
2026-07-03T05:01:16.959009,2026-07-03T05:01:16.968955+00:00,114.9,20,ask,WavyWalnuts,BrilliantBurritos,5314339
2026-07-03T05:01:17.677332,2026-07-03T05:01:17.685033+00:00,114.9,200,ask,WavyWalnuts,YieldingYams,5314347
2026-07-03T05:01:19.967445,2026-07-03T05:01:19.978726+00:00,114.9,200,bid,WavyWalnuts,YieldingYams,5314378
2026-07-03T05:01:21.611230,2026-07-03T05:01:21.622632+00:00,114.8,500,ask,AverageAlmonds,YieldingYams,5314402
2026-07-03T05:01:21.611230,2026-07-03T05:01:21.622632+00:00,114.7,125,ask,WavyWalnuts,YieldingYams,5314403
2026-07-03T05:01:22.660370,2026-07-03T05:01:22.668853+00:00,114.9,45,bid,Zihao Wu,WavyWalnuts,5314428
2026-07-03T05:01:22.920221,2026-07-03T05:01:22.931402+00:00,114.9,155,bid,YieldingYams,WavyWalnuts,5314432
2026-07-03T05:01:23.289994,2026-07-03T05:01:23.301607+00:00,115.1,20,bid,BrilliantBurritos,YieldingYams,5314438
2026-07-03T05:01:23.593072,2026-07-03T05:01:23.601286+00:00,114.9,200,ask,YieldingYams,WavyWalnuts,5314442
2026-07-03T05:01:24.231332,2026-07-03T05:01:24.242931+00:00,114.9,500,ask,AverageAlmonds,YieldingYams,5314456
2026-07-03T05:01:24.763892,2026-07-03T05:01:24.772140+00:00,114.9,125,bid,AverageAlmonds,YieldingYams,5314459
2026-07-03T05:01:25.371578,2026-07-03T05:01:25.380070+00:00,115.0,200,bid,AverageAlmonds,WavyWalnuts,5314471
2026-07-03T05:01:26.864041,2026-07-03T05:01:26.867417+00:00,115.2,3,ask,YieldingYams,Xuanyu Liu,5314499
2026-07-03T05:01:27.701603,2026-07-03T05:01:27.705303+00:00,115.3,17,bid,Xuanyu Liu,WavyWalnuts,5314516
2026-07-03T05:01:27.846396,2026-07-03T05:01:27.852988+00:00,115.3,25,bid,Alice Feng,WavyWalnuts,5314522
2026-07-03T05:01:28.057325,2026-07-03T05:01:28.064007+00:00,115.3,25,bid,Alice Feng,WavyWalnuts,5314524
2026-07-03T05:01:28.061738,2026-07-03T05:01:28.069221+00:00,115.2,2,ask,YieldingYams,Alice Feng,5314525
2026-07-03T05:01:28.162605,2026-07-03T05:01:28.169930+00:00,115.3,133,bid,YieldingYams,WavyWalnuts,5314527
2026-07-03T05:01:28.266056,2026-07-03T05:01:28.277619+00:00,115.4,2,ask,YieldingYams,Alice Feng,5314528
2026-07-03T05:01:28.454483,2026-07-03T05:01:28.458580+00:00,115.4,200,ask,YieldingYams,WavyWalnuts,5314532
2026-07-03T05:01:28.470669,2026-07-03T05:01:28.481913+00:00,115.4,2,ask,YieldingYams,Alice Feng,5314534
2026-07-03T05:01:28.674663,2026-07-03T05:01:28.684110+00:00,115.4,2,ask,YieldingYams,Alice Feng,5314535
2026-07-03T05:01:28.879634,2026-07-03T05:01:28.889083+00:00,115.4,2,ask,YieldingYams,Alice Feng,5314542
2026-07-03T05:01:29.088081,2026-07-03T05:01:29.094524+00:00,115.4,2,ask,YieldingYams,Alice Feng,5314547
2026-07-03T05:01:29.292464,2026-07-03T05:01:29.303888+00:00,115.4,2,ask,YieldingYams,Alice Feng,5314550
2026-07-03T05:01:29.498319,2026-07-03T05:01:29.508860+00:00,115.2,2,ask,YieldingYams,Alice Feng,5314564
2026-07-03T05:01:29.702708,2026-07-03T05:01:29.714226+00:00,115.3,1,ask,WavyWalnuts,Alice Feng,5314568
2026-07-03T05:01:32.098139,2026-07-03T05:01:32.107989+00:00,115.3,200,bid,YieldingYams,WavyWalnuts,5314595
2026-07-03T05:01:32.098139,2026-07-03T05:01:32.107989+00:00,115.4,425,bid,YieldingYams,AverageAlmonds,5314596
2026-07-03T05:01:32.124114,2026-07-03T05:01:32.127806+00:00,115.1,11,ask,WavyWalnuts,Xuanyu Liu,5314598
2026-07-03T05:01:33.305956,2026-07-03T05:01:33.309435+00:00,115.3,3,ask,WavyWalnuts,Xuanyu Liu,5314622
2026-07-03T05:01:33.313795,2026-07-03T05:01:33.325079+00:00,115.3,25,ask,WavyWalnuts,Alice Feng,5314623
2026-07-03T05:01:33.525014,2026-07-03T05:01:33.532675+00:00,115.3,8,ask,WavyWalnuts,Alice Feng,5314633
2026-07-03T05:01:34.498716,2026-07-03T05:01:34.507600+00:00,115.4,200,bid,WavyWalnuts,YieldingYams,5314651
2026-07-03T05:01:35.707778,2026-07-03T05:01:35.718268+00:00,115.4,200,bid,WavyWalnuts,AverageAlmonds,5314672
2026-07-03T05:01:36.038023,2026-07-03T05:01:36.045721+00:00,115.4,300,bid,YieldingYams,AverageAlmonds,5314678
2026-07-03T05:01:36.038023,2026-07-03T05:01:36.058818+00:00,115.6,200,bid,YieldingYams,WavyWalnuts,5314679
2026-07-03T05:01:36.282284,2026-07-03T05:01:36.289671+00:00,115.6,125,ask,YieldingYams,AverageAlmonds,5314681
2026-07-03T05:01:38.126987,2026-07-03T05:01:38.134238+00:00,115.4,200,bid,WavyWalnuts,AverageAlmonds,5314702
2026-07-03T05:01:39.339577,2026-07-03T05:01:39.348656+00:00,115.3,200,bid,WavyWalnuts,YieldingYams,5314719
2026-07-03T05:01:39.973822,2026-07-03T05:01:39.981534+00:00,115.4,500,bid,YieldingYams,AverageAlmonds,5314733
2026-07-03T05:01:40.545178,2026-07-03T05:01:40.563891+00:00,115.4,125,ask,YieldingYams,AverageAlmonds,5314745
2026-07-03T05:01:40.577777,2026-07-03T05:01:40.585010+00:00,115.3,200,bid,WavyWalnuts,AverageAlmonds,5314748
2026-07-03T05:01:41.793911,2026-07-03T05:01:41.802623+00:00,115.2,200,bid,WavyWalnuts,YieldingYams,5314762
2026-07-03T05:01:44.884472,2026-07-03T05:01:44.896140+00:00,115.4,22,bid,Zihao Wu,AverageAlmonds,5314816
2026-07-03T05:01:45.989487,2026-07-03T05:01:45.998688+00:00,115.3,200,ask,WavyWalnuts,AverageAlmonds,5314838
2026-07-03T05:01:46.588421,2026-07-03T05:01:46.599992+00:00,115.2,500,ask,YieldingYams,AverageAlmonds,5314848
2026-07-03T05:01:47.184419,2026-07-03T05:01:47.192576+00:00,115.2,125,ask,YieldingYams,AverageAlmonds,5314857
2026-07-03T05:01:50.457875,2026-07-03T05:01:50.468939+00:00,115.1,200,bid,YieldingYams,WavyWalnuts,5314912
2026-07-03T05:01:51.036050,2026-07-03T05:01:51.047828+00:00,115.1,20,ask,YieldingYams,BrilliantBurritos,5314925
2026-07-03T05:01:51.443097,2026-07-03T05:01:51.449830+00:00,115.1,405,ask,YieldingYams,AverageAlmonds,5314929
2026-07-03T05:01:51.487475,2026-07-03T05:01:51.498952+00:00,115.1,95,bid,WavyWalnuts,AverageAlmonds,5314930
2026-07-03T05:01:51.774520,2026-07-03T05:01:51.785810+00:00,115.1,105,ask,WavyWalnuts,YieldingYams,5314937
2026-07-03T05:01:52.700136,2026-07-03T05:01:52.711025+00:00,114.9,200,bid,WavyWalnuts,AverageAlmonds,5314956
2026-07-03T05:01:52.940650,2026-07-03T05:01:52.944574+00:00,114.9,3,bid,Xuanyu Liu,AverageAlmonds,5314960
2026-07-03T05:01:52.973401,2026-07-03T05:01:52.980434+00:00,114.9,25,bid,Alice Feng,AverageAlmonds,5314962
2026-07-03T05:01:53.084249,2026-07-03T05:01:53.092088+00:00,114.9,272,bid,YieldingYams,AverageAlmonds,5314968
2026-07-03T05:01:53.245053,2026-07-03T05:01:53.258597+00:00,115.1,353,ask,YieldingYams,AverageAlmonds,5314969
2026-07-03T05:01:53.383007,2026-07-03T05:01:53.389908+00:00,114.9,25,bid,Alice Feng,AverageAlmonds,5314974
2026-07-03T05:01:53.591208,2026-07-03T05:01:53.598957+00:00,114.9,25,bid,Alice Feng,AverageAlmonds,5314980
2026-07-03T05:01:53.799397,2026-07-03T05:01:53.806269+00:00,114.9,25,bid,Alice Feng,AverageAlmonds,5314987
2026-07-03T05:01:54.010644,2026-07-03T05:01:54.020698+00:00,114.9,25,bid,Alice Feng,AverageAlmonds,5314996
2026-07-03T05:01:54.220766,2026-07-03T05:01:54.229501+00:00,114.9,25,bid,Alice Feng,AverageAlmonds,5315000
2026-07-03T05:01:54.224450,2026-07-03T05:01:54.234474+00:00,114.8,2,ask,WavyWalnuts,Alice Feng,5315001
2026-07-03T05:01:54.429016,2026-07-03T05:01:54.440691+00:00,114.8,1,ask,WavyWalnuts,Alice Feng,5315008
2026-07-03T05:01:55.121159,2026-07-03T05:01:55.127478+00:00,114.9,200,bid,WavyWalnuts,YieldingYams,5315022
2026-07-03T05:01:56.331178,2026-07-03T05:01:56.341710+00:00,114.9,200,bid,WavyWalnuts,AverageAlmonds,5315038
2026-07-03T05:01:57.035888,2026-07-03T05:01:57.039606+00:00,114.9,3,ask,YieldingYams,Xuanyu Liu,5315053
2026-07-03T05:01:57.078177,2026-07-03T05:01:57.087383+00:00,115.0,20,bid,BrilliantBurritos,AverageAlmonds,5315054
2026-07-03T05:01:57.502373,2026-07-03T05:01:57.512977+00:00,114.9,500,ask,YieldingYams,AverageAlmonds,5315062
2026-07-03T05:01:59.640156,2026-07-03T05:01:59.648274+00:00,114.8,200,ask,WavyWalnuts,YieldingYams,5315104
2026-07-03T05:01:59.648992,2026-07-03T05:01:59.659680+00:00,114.7,25,bid,Alice Feng,YieldingYams,5315106
2026-07-03T05:01:59.655909,2026-07-03T05:01:59.659680+00:00,114.7,3,bid,Xuanyu Liu,YieldingYams,5315108
2026-07-03T05:01:59.858847,2026-07-03T05:01:59.870366+00:00,114.7,25,bid,Alice Feng,YieldingYams,5315110
2026-07-03T05:01:59.956660,2026-07-03T05:01:59.958621+00:00,114.7,200,bid,WavyWalnuts,YieldingYams,5315114
2026-07-03T05:02:00.069805,2026-07-03T05:02:00.076175+00:00,114.7,3,bid,Alice Feng,YieldingYams,5315117
2026-07-03T05:02:03.577228,2026-07-03T05:02:03.600002+00:00,114.9,200,bid,YieldingYams,WavyWalnuts,5315177
2026-07-03T05:02:03.585551,2026-07-03T05:02:03.600002+00:00,114.9,200,ask,YieldingYams,WavyWalnuts,5315178
2026-07-03T05:02:03.596034,2026-07-03T05:02:03.600002+00:00,114.9,3,ask,YieldingYams,Xuanyu Liu,5315180
2026-07-03T05:02:04.887594,2026-07-03T05:02:04.908039+00:00,114.8,200,ask,WavyWalnuts,YieldingYams,5315203
2026-07-03T05:02:04.904465,2026-07-03T05:02:04.908039+00:00,114.7,14,bid,Xuanyu Liu,YieldingYams,5315205
2026-07-03T05:02:05.646921,2026-07-03T05:02:05.650643+00:00,114.5,11,ask,YieldingYams,Xuanyu Liu,5315221
2026-07-03T05:02:05.707767,2026-07-03T05:02:05.714706+00:00,114.5,22,ask,YieldingYams,Zihao Wu,5315222
2026-07-03T05:02:06.010113,2026-07-03T05:02:06.013624+00:00,114.6,3,ask,WavyWalnuts,Xuanyu Liu,5315228
2026-07-03T05:02:06.285839,2026-07-03T05:02:06.297285+00:00,114.7,25,ask,YieldingYams,Alice Feng,5315234
2026-07-03T05:02:06.495912,2026-07-03T05:02:06.506297+00:00,114.7,25,ask,YieldingYams,Alice Feng,5315241
2026-07-03T05:02:06.704688,2026-07-03T05:02:06.716400+00:00,114.7,25,ask,YieldingYams,Alice Feng,5315245
2026-07-03T05:02:06.916247,2026-07-03T05:02:06.926103+00:00,114.7,25,ask,YieldingYams,Alice Feng,5315248
2026-07-03T05:02:06.925137,2026-07-03T05:02:06.941617+00:00,114.9,2,bid,Alice Feng,WavyWalnuts,5315250
2026-07-03T05:02:07.129711,2026-07-03T05:02:07.141285+00:00,114.9,2,bid,Alice Feng,WavyWalnuts,5315254
2026-07-03T05:02:07.334419,2026-07-03T05:02:07.342293+00:00,114.8,2,bid,Alice Feng,WavyWalnuts,5315255
2026-07-03T05:02:07.538595,2026-07-03T05:02:07.546957+00:00,114.8,2,bid,Alice Feng,WavyWalnuts,5315262
2026-07-03T05:02:07.743483,2026-07-03T05:02:07.752570+00:00,114.8,2,bid,Alice Feng,WavyWalnuts,5315271
2026-07-03T05:02:07.949310,2026-07-03T05:02:07.953832+00:00,114.8,2,bid,Alice Feng,WavyWalnuts,5315276
2026-07-03T05:02:08.153815,2026-07-03T05:02:08.156525+00:00,114.8,2,bid,Alice Feng,WavyWalnuts,5315280
2026-07-03T05:02:08.379479,2026-07-03T05:02:08.390404+00:00,114.8,2,bid,Alice Feng,WavyWalnuts,5315284
2026-07-03T05:02:08.584698,2026-07-03T05:02:08.596451+00:00,114.9,2,bid,Alice Feng,WavyWalnuts,5315292
2026-07-03T05:02:08.790525,2026-07-03T05:02:08.802257+00:00,114.9,2,bid,Alice Feng,AverageAlmonds,5315297
2026-07-03T05:02:08.996125,2026-07-03T05:02:09.007163+00:00,114.9,2,bid,Alice Feng,AverageAlmonds,5315306
2026-07-03T05:02:09.641975,2026-07-03T05:02:09.645398+00:00,114.8,3,bid,Xuanyu Liu,WavyWalnuts,5315311
2026-07-03T05:02:09.807148,2026-07-03T05:02:09.813792+00:00,114.8,25,bid,Alice Feng,WavyWalnuts,5315318
2026-07-03T05:02:10.014802,2026-07-03T05:02:10.023913+00:00,114.8,25,bid,Alice Feng,WavyWalnuts,5315321
2026-07-03T05:02:10.019447,2026-07-03T05:02:10.029077+00:00,114.6,2,ask,WavyWalnuts,Alice Feng,5315322
2026-07-03T05:02:10.224957,2026-07-03T05:02:10.234201+00:00,114.6,2,ask,WavyWalnuts,Alice Feng,5315330
2026-07-03T05:02:10.429636,2026-07-03T05:02:10.441037+00:00,114.6,2,ask,YieldingYams,Alice Feng,5315336
2026-07-03T05:02:10.635597,2026-07-03T05:02:10.647281+00:00,114.6,1,ask,WavyWalnuts,Alice Feng,5315339
2026-07-03T05:02:13.290690,2026-07-03T05:02:13.295012+00:00,114.6,3,ask,YieldingYams,Xuanyu Liu,5315376
2026-07-03T05:02:14.067217,2026-07-03T05:02:14.075238+00:00,114.7,200,bid,YieldingYams,WavyWalnuts,5315381
2026-07-03T05:02:14.248373,2026-07-03T05:02:14.258536+00:00,114.7,25,ask,WavyWalnuts,Alice Feng,5315383
2026-07-03T05:02:14.428508,2026-07-03T05:02:14.438084+00:00,114.7,400,ask,YieldingYams,AverageAlmonds,5315387
2026-07-03T05:02:14.463918,2026-07-03T05:02:14.471686+00:00,114.7,100,bid,WavyWalnuts,AverageAlmonds,5315390
2026-07-03T05:02:14.659234,2026-07-03T05:02:14.670811+00:00,114.7,25,ask,WavyWalnuts,Alice Feng,5315392
2026-07-03T05:02:14.869153,2026-07-03T05:02:14.880709+00:00,114.7,25,ask,YieldingYams,Alice Feng,5315398
2026-07-03T05:02:15.079856,2026-07-03T05:02:15.087586+00:00,114.8,2,bid,Alice Feng,AverageAlmonds,5315404
2026-07-03T05:02:15.283851,2026-07-03T05:02:15.295741+00:00,114.8,2,bid,Alice Feng,AverageAlmonds,5315409
2026-07-03T05:02:15.291156,2026-07-03T05:02:15.300894+00:00,114.7,20,ask,WavyWalnuts,BrilliantBurritos,5315410
2026-07-03T05:02:15.375705,2026-07-03T05:02:15.385641+00:00,114.7,30,ask,WavyWalnuts,YieldingYams,5315414
2026-07-03T05:02:15.495039,2026-07-03T05:02:15.502188+00:00,114.5,2,bid,Alice Feng,YieldingYams,5315415
2026-07-03T05:02:15.669919,2026-07-03T05:02:15.680070+00:00,114.5,200,bid,WavyWalnuts,YieldingYams,5315418
2026-07-03T05:02:15.700283,2026-07-03T05:02:15.711816+00:00,114.5,2,bid,Alice Feng,YieldingYams,5315420
2026-07-03T05:02:15.961279,2026-07-03T05:02:15.969374+00:00,114.5,2,bid,Alice Feng,YieldingYams,5315421
2026-07-03T05:02:16.166263,2026-07-03T05:02:16.179594+00:00,114.5,2,bid,Alice Feng,YieldingYams,5315423
2026-07-03T05:02:16.371511,2026-07-03T05:02:16.383221+00:00,114.5,2,bid,Alice Feng,YieldingYams,5315427
2026-07-03T05:02:16.577440,2026-07-03T05:02:16.588842+00:00,114.5,2,bid,Alice Feng,YieldingYams,5315431
2026-07-03T05:02:17.988746,2026-07-03T05:02:17.995325+00:00,114.6,500,bid,YieldingYams,AverageAlmonds,5315458
2026-07-03T05:02:18.462064,2026-07-03T05:02:18.473855+00:00,114.6,25,ask,YieldingYams,Alice Feng,5315467
2026-07-03T05:02:18.673698,2026-07-03T05:02:18.684972+00:00,114.6,25,ask,YieldingYams,Alice Feng,5315474
2026-07-03T05:02:18.881817,2026-07-03T05:02:18.893442+00:00,114.6,25,ask,YieldingYams,Alice Feng,5315478
2026-07-03T05:02:19.091740,2026-07-03T05:02:19.103508+00:00,114.6,25,ask,YieldingYams,AverageAlmonds,5315480
2026-07-03T05:02:19.275836,2026-07-03T05:02:19.285032+00:00,114.6,25,ask,YieldingYams,Alice Feng,5315482
2026-07-03T05:02:19.275836,2026-07-03T05:02:19.285032+00:00,114.6,200,ask,WavyWalnuts,AverageAlmonds,5315483
2026-07-03T05:02:19.308443,2026-07-03T05:02:19.317017+00:00,114.3,200,bid,WavyWalnuts,YieldingYams,5315485
2026-07-03T05:02:20.521308,2026-07-03T05:02:20.531173+00:00,114.3,200,bid,WavyWalnuts,YieldingYams,5315507
2026-07-03T05:02:21.906678,2026-07-03T05:02:21.918351+00:00,114.4,6,ask,WavyWalnuts,Alice Feng,5315534
2026-07-03T05:02:27.781509,2026-07-03T05:02:27.790308+00:00,114.2,200,bid,WavyWalnuts,YieldingYams,5315602
2026-07-03T05:02:28.488956,2026-07-03T05:02:28.496882+00:00,114.1,500,bid,YieldingYams,AverageAlmonds,5315611
2026-07-03T05:02:28.954973,2026-07-03T05:02:28.958599+00:00,114.2,125,ask,YieldingYams,AverageAlmonds,5315616
2026-07-03T05:02:28.989935,2026-07-03T05:02:29.000589+00:00,114.1,200,bid,WavyWalnuts,AverageAlmonds,5315618
2026-07-03T05:02:30.197430,2026-07-03T05:02:30.206082+00:00,114.1,200,bid,WavyWalnuts,YieldingYams,5315635
2026-07-03T05:02:31.104310,2026-07-03T05:02:31.114004+00:00,114.1,500,bid,YieldingYams,AverageAlmonds,5315644
2026-07-03T05:02:31.367673,2026-07-03T05:02:31.374896+00:00,114.2,125,ask,YieldingYams,AverageAlmonds,5315646
2026-07-03T05:02:33.722059,2026-07-03T05:02:33.745223+00:00,113.9,200,ask,WavyWalnuts,YieldingYams,5315675
2026-07-03T05:02:33.740987,2026-07-03T05:02:33.745223+00:00,113.8,26,bid,Xuanyu Liu,YieldingYams,5315679
2026-07-03T05:02:33.746592,2026-07-03T05:02:33.765924+00:00,113.8,25,bid,Alice Feng,YieldingYams,5315680
2026-07-03T05:02:33.824229,2026-07-03T05:02:33.833823+00:00,113.8,200,bid,WavyWalnuts,YieldingYams,5315683
2026-07-03T05:02:33.959476,2026-07-03T05:02:33.966936+00:00,113.8,25,bid,Alice Feng,YieldingYams,5315693
2026-07-03T05:02:34.167829,2026-07-03T05:02:34.175319+00:00,113.8,25,bid,Alice Feng,YieldingYams,5315699
2026-07-03T05:02:34.376485,2026-07-03T05:02:34.383659+00:00,113.8,25,bid,Alice Feng,YieldingYams,5315706
2026-07-03T05:02:34.585559,2026-07-03T05:02:34.595740+00:00,113.8,25,bid,Alice Feng,YieldingYams,5315711
2026-07-03T05:02:34.796108,2026-07-03T05:02:34.807344+00:00,113.8,25,bid,Alice Feng,YieldingYams,5315713
2026-07-03T05:02:35.056744,2026-07-03T05:02:35.068682+00:00,114.1,2,bid,Alice Feng,AverageAlmonds,5315718
2026-07-03T05:02:35.262027,2026-07-03T05:02:35.271532+00:00,114.1,1,bid,Alice Feng,AverageAlmonds,5315721
2026-07-03T05:02:37.269642,2026-07-03T05:02:37.273162+00:00,113.7,12,ask,WavyWalnuts,Xuanyu Liu,5315770
2026-07-03T05:02:41.596882,2026-07-03T05:02:41.603470+00:00,113.7,200,ask,WavyWalnuts,YieldingYams,5315839
2026-07-03T05:02:41.747085,2026-07-03T05:02:41.750676+00:00,113.5,11,ask,YieldingYams,Xuanyu Liu,5315843
2026-07-03T05:02:41.902833,2026-07-03T05:02:41.914556+00:00,113.7,20,bid,BrilliantBurritos,YieldingYams,5315847
2026-07-03T05:02:42.291831,2026-07-03T05:02:42.295772+00:00,113.6,3,ask,AverageAlmonds,Xuanyu Liu,5315851
2026-07-03T05:02:43.681566,2026-07-03T05:02:43.693019+00:00,113.6,25,ask,WavyWalnuts,Alice Feng,5315877
2026-07-03T05:02:43.892301,2026-07-03T05:02:43.903925+00:00,113.6,25,ask,WavyWalnuts,Alice Feng,5315879
2026-07-03T05:02:44.103409,2026-07-03T05:02:44.115467+00:00,113.6,25,ask,WavyWalnuts,Alice Feng,5315883
2026-07-03T05:02:44.311995,2026-07-03T05:02:44.322122+00:00,113.6,25,ask,WavyWalnuts,Alice Feng,5315889
2026-07-03T05:02:44.520783,2026-07-03T05:02:44.532102+00:00,113.6,25,ask,WavyWalnuts,Alice Feng,5315891
2026-07-03T05:02:44.731087,2026-07-03T05:02:44.741485+00:00,113.6,25,ask,YieldingYams,Alice Feng,5315897
2026-07-03T05:02:45.428503,2026-07-03T05:02:45.440115+00:00,113.6,20,ask,YieldingYams,BrilliantBurritos,5315908
2026-07-03T05:02:48.188650,2026-07-03T05:02:48.200468+00:00,113.5,22,ask,YieldingYams,Zihao Wu,5315958
2026-07-03T05:02:48.715293,2026-07-03T05:02:48.726887+00:00,113.5,20,ask,YieldingYams,BrilliantBurritos,5315966
2026-07-03T05:02:49.570825,2026-07-03T05:02:49.580333+00:00,113.6,200,bid,WavyWalnuts,YieldingYams,5315978
2026-07-03T05:02:49.788221,2026-07-03T05:02:49.799821+00:00,113.6,20,bid,BrilliantBurritos,YieldingYams,5315983
2026-07-03T05:02:50.950132,2026-07-03T05:02:50.962041+00:00,113.6,3,ask,WavyWalnuts,Alice Feng,5316004
2026-07-03T05:02:51.382528,2026-07-03T05:02:51.394170+00:00,113.7,20,bid,BrilliantBurritos,YieldingYams,5316008
2026-07-03T05:02:52.012897,2026-07-03T05:02:52.022378+00:00,113.7,200,bid,WavyWalnuts,YieldingYams,5316014
2026-07-03T05:02:56.850791,2026-07-03T05:02:56.862122+00:00,113.8,200,bid,WavyWalnuts,YieldingYams,5316098
2026-07-03T05:02:56.991887,2026-07-03T05:02:57.003717+00:00,113.6,20,ask,YieldingYams,BrilliantBurritos,5316099
2026-07-03T05:02:58.066706,2026-07-03T05:02:58.079950+00:00,113.8,200,ask,YieldingYams,WavyWalnuts,5316113
2026-07-03T05:02:59.274099,2026-07-03T05:02:59.285668+00:00,113.9,200,ask,YieldingYams,WavyWalnuts,5316133
2026-07-03T05:02:59.984136,2026-07-03T05:02:59.990135+00:00,113.9,25,bid,Alice Feng,YieldingYams,5316143
2026-07-03T05:02:59.986636,2026-07-03T05:02:59.990135+00:00,113.9,3,bid,Xuanyu Liu,YieldingYams,5316144
2026-07-03T05:03:00.192736,2026-07-03T05:03:00.200166+00:00,113.9,25,bid,Alice Feng,YieldingYams,5316151
2026-07-03T05:03:00.404145,2026-07-03T05:03:00.414328+00:00,113.9,25,bid,Alice Feng,YieldingYams,5316155
2026-07-03T05:03:00.500011,2026-07-03T05:03:00.503668+00:00,113.8,11,bid,Xuanyu Liu,WavyWalnuts,5316159
2026-07-03T05:03:00.613380,2026-07-03T05:03:00.619990+00:00,113.8,25,bid,Alice Feng,WavyWalnuts,5316161
2026-07-03T05:03:00.617598,2026-07-03T05:03:00.624990+00:00,113.6,2,ask,YieldingYams,Alice Feng,5316162
2026-07-03T05:03:00.822062,2026-07-03T05:03:00.833698+00:00,113.6,2,ask,YieldingYams,Alice Feng,5316165
2026-07-03T05:03:01.026445,2026-07-03T05:03:01.037730+00:00,113.6,2,ask,YieldingYams,Alice Feng,5316173
2026-07-03T05:03:01.230993,2026-07-03T05:03:01.242511+00:00,113.6,2,ask,YieldingYams,Alice Feng,5316179
2026-07-03T05:03:01.435820,2026-07-03T05:03:01.445288+00:00,113.7,2,ask,YieldingYams,Alice Feng,5316182
2026-07-03T05:03:01.656269,2026-07-03T05:03:01.668664+00:00,113.7,2,ask,YieldingYams,Alice Feng,5316183
2026-07-03T05:03:01.860848,2026-07-03T05:03:01.872223+00:00,113.7,2,ask,YieldingYams,Alice Feng,5316190
2026-07-03T05:03:02.596479,2026-07-03T05:03:02.609520+00:00,113.7,200,ask,WavyWalnuts,YieldingYams,5316202
2026-07-03T05:03:05.765773,2026-07-03T05:03:05.770095+00:00,113.5,14,ask,AverageAlmonds,Xuanyu Liu,5316238
2026-07-03T05:03:07.108319,2026-07-03T05:03:07.118575+00:00,113.6,200,bid,AverageAlmonds,WavyWalnuts,5316259
2026-07-03T05:03:07.275377,2026-07-03T05:03:07.284139+00:00,113.6,25,ask,AverageAlmonds,Alice Feng,5316261
2026-07-03T05:03:07.486186,2026-07-03T05:03:07.497724+00:00,113.6,25,ask,AverageAlmonds,Alice Feng,5316266
2026-07-03T05:03:07.726503,2026-07-03T05:03:07.736063+00:00,113.6,25,ask,AverageAlmonds,Alice Feng,5316272
2026-07-03T05:03:07.935823,2026-07-03T05:03:07.947395+00:00,113.6,11,ask,AverageAlmonds,Alice Feng,5316281
2026-07-03T05:03:08.961240,2026-07-03T05:03:08.969019+00:00,113.7,200,bid,WavyWalnuts,YieldingYams,5316300
2026-07-03T05:03:09.012414,2026-07-03T05:03:09.024120+00:00,113.7,22,bid,Zihao Wu,YieldingYams,5316302
2026-07-03T05:03:09.848791,2026-07-03T05:03:09.858672+00:00,113.9,20,bid,BrilliantBurritos,WavyWalnuts,5316313
2026-07-03T05:03:12.597774,2026-07-03T05:03:12.606563+00:00,113.8,200,bid,WavyWalnuts,YieldingYams,5316349
2026-07-03T05:03:15.712943,2026-07-03T05:03:15.721267+00:00,113.8,200,bid,YieldingYams,WavyWalnuts,5316392
2026-07-03T05:03:17.073523,2026-07-03T05:03:17.085301+00:00,114.0,20,ask,YieldingYams,BrilliantBurritos,5316413
2026-07-03T05:03:19.866887,2026-07-03T05:03:19.874085+00:00,113.9,200,ask,YieldingYams,WavyWalnuts,5316452
2026-07-03T05:03:22.280304,2026-07-03T05:03:22.290668+00:00,113.9,200,bid,YieldingYams,WavyWalnuts,5316492
2026-07-03T05:03:22.304409,2026-07-03T05:03:22.307804+00:00,113.9,3,ask,YieldingYams,Xuanyu Liu,5316495
2026-07-03T05:03:24.915598,2026-07-03T05:03:24.922493+00:00,113.8,200,ask,WavyWalnuts,YieldingYams,5316547
2026-07-03T05:03:27.964400,2026-07-03T05:03:27.968588+00:00,113.8,11,ask,YieldingYams,Xuanyu Liu,5316599
2026-07-03T05:03:28.362148,2026-07-03T05:03:28.368947+00:00,113.8,200,ask,YieldingYams,WavyWalnuts,5316610
2026-07-03T05:03:30.784399,2026-07-03T05:03:30.794119+00:00,113.8,200,ask,YieldingYams,WavyWalnuts,5316635
2026-07-03T05:03:31.991601,2026-07-03T05:03:32.002277+00:00,113.8,200,bid,WavyWalnuts,YieldingYams,5316651
2026-07-03T05:03:35.722605,2026-07-03T05:03:35.734108+00:00,113.8,20,ask,YieldingYams,BrilliantBurritos,5316710
2026-07-03T05:03:36.719121,2026-07-03T05:03:36.729388+00:00,113.9,200,bid,YieldingYams,WavyWalnuts,5316721
2026-07-03T05:03:37.982506,2026-07-03T05:03:37.991983+00:00,113.9,425,ask,YieldingYams,AverageAlmonds,5316741
2026-07-03T05:03:38.027107,2026-07-03T05:03:38.035027+00:00,113.8,200,ask,WavyWalnuts,YieldingYams,5316744
2026-07-03T05:03:39.340544,2026-07-03T05:03:39.347215+00:00,113.8,200,bid,YieldingYams,WavyWalnuts,5316775
2026-07-03T05:03:39.359314,2026-07-03T05:03:39.362760+00:00,113.8,12,ask,YieldingYams,Xuanyu Liu,5316777
2026-07-03T05:03:40.650847,2026-07-03T05:03:40.663815+00:00,113.8,200,ask,WavyWalnuts,YieldingYams,5316791
2026-07-03T05:03:45.906459,2026-07-03T05:03:45.915753+00:00,113.8,200,bid,YieldingYams,WavyWalnuts,5316904
2026-07-03T05:03:45.906459,2026-07-03T05:03:45.915753+00:00,113.8,425,bid,YieldingYams,AverageAlmonds,5316905
2026-07-03T05:03:46.521654,2026-07-03T05:03:46.528161+00:00,113.8,200,bid,WavyWalnuts,AverageAlmonds,5316917
2026-07-03T05:03:46.689852,2026-07-03T05:03:46.697957+00:00,113.2,22,ask,AverageAlmonds,Zihao Wu,5316920
2026-07-03T05:03:46.891603,2026-07-03T05:03:46.895130+00:00,113.8,23,bid,Xuanyu Liu,AverageAlmonds,5316925
2026-07-03T05:03:47.734512,2026-07-03T05:03:47.741084+00:00,113.8,200,bid,WavyWalnuts,YieldingYams,5316936
2026-07-03T05:03:49.833714,2026-07-03T05:03:49.842655+00:00,113.8,200,ask,WavyWalnuts,YieldingYams,5316977
2026-07-03T05:03:51.139624,2026-07-03T05:03:51.143248+00:00,113.8,500,bid,YieldingYams,AverageAlmonds,5316998
2026-07-03T05:03:51.139624,2026-07-03T05:03:51.143248+00:00,113.9,125,bid,YieldingYams,WavyWalnuts,5316999
2026-07-03T05:03:51.295714,2026-07-03T05:03:51.305924+00:00,113.7,200,ask,WavyWalnuts,AverageAlmonds,5317001
2026-07-03T05:03:51.356056,2026-07-03T05:03:51.356221+00:00,113.7,200,bid,WavyWalnuts,AverageAlmonds,5317004
2026-07-03T05:03:53.241635,2026-07-03T05:03:53.245421+00:00,113.7,3,bid,Xuanyu Liu,AverageAlmonds,5317038
2026-07-03T05:03:53.601812,2026-07-03T05:03:53.613537+00:00,113.6,20,ask,YieldingYams,BrilliantBurritos,5317045
2026-07-03T05:03:53.772301,2026-07-03T05:03:53.779769+00:00,113.6,200,ask,YieldingYams,WavyWalnuts,5317049
2026-07-03T05:03:55.050745,2026-07-03T05:03:55.056921+00:00,113.8,20,bid,BrilliantBurritos,YieldingYams,5317064
2026-07-03T05:03:56.381936,2026-07-03T05:03:56.388491+00:00,113.6,200,ask,WavyWalnuts,YieldingYams,5317093
2026-07-03T05:03:57.395587,2026-07-03T05:03:57.403179+00:00,113.4,200,bid,WavyWalnuts,YieldingYams,5317107
2026-07-03T05:04:01.032509,2026-07-03T05:04:01.043239+00:00,113.4,200,ask,YieldingYams,WavyWalnuts,5317170
2026-07-03T05:04:03.407690,2026-07-03T05:04:03.417660+00:00,113.4,200,bid,AverageAlmonds,WavyWalnuts,5317204
2026-07-03T05:04:03.407690,2026-07-03T05:04:03.417660+00:00,113.4,300,bid,AverageAlmonds,YieldingYams,5317205
2026-07-03T05:04:04.005926,2026-07-03T05:04:04.013132+00:00,113.4,325,bid,AverageAlmonds,YieldingYams,5317212
2026-07-03T05:04:04.244850,2026-07-03T05:04:04.248468+00:00,113.5,200,bid,YieldingYams,WavyWalnuts,5317217
2026-07-03T05:04:04.663817,2026-07-03T05:04:04.671331+00:00,113.6,200,ask,YieldingYams,WavyWalnuts,5317232
2026-07-03T05:04:06.710917,2026-07-03T05:04:06.722355+00:00,113.6,22,bid,Zihao Wu,YieldingYams,5317257
2026-07-03T05:04:07.083869,2026-07-03T05:04:07.091938+00:00,113.5,200,bid,WavyWalnuts,YieldingYams,5317265
2026-07-03T05:04:10.809896,2026-07-03T05:04:10.819283+00:00,113.6,200,bid,YieldingYams,WavyWalnuts,5317311
2026-07-03T05:04:12.909945,2026-07-03T05:04:12.921525+00:00,113.7,20,ask,WavyWalnuts,BrilliantBurritos,5317339
2026-07-03T05:04:14.481795,2026-07-03T05:04:14.491793+00:00,113.6,20,ask,WavyWalnuts,BrilliantBurritos,5317377
2026-07-03T05:04:14.743485,2026-07-03T05:04:14.758632+00:00,113.6,180,ask,WavyWalnuts,YieldingYams,5317379
2026-07-03T05:04:18.603797,2026-07-03T05:04:18.607463+00:00,113.6,26,bid,Xuanyu Liu,YieldingYams,5317429
2026-07-03T05:04:18.690072,2026-07-03T05:04:18.697575+00:00,113.7,25,bid,Alice Feng,WavyWalnuts,5317435
2026-07-03T05:04:18.694399,2026-07-03T05:04:18.702813+00:00,113.6,1,ask,YieldingYams,Alice Feng,5317436
2026-07-03T05:04:24.923510,2026-07-03T05:04:24.927228+00:00,113.7,12,ask,YieldingYams,Xuanyu Liu,5317540
2026-07-03T05:04:26.465324,2026-07-03T05:04:26.468814+00:00,113.8,11,ask,WavyWalnuts,Xuanyu Liu,5317568
2026-07-03T05:04:26.549690,2026-07-03T05:04:26.557265+00:00,113.8,189,ask,WavyWalnuts,YieldingYams,5317570
2026-07-03T05:04:27.323623,2026-07-03T05:04:27.335204+00:00,113.6,20,ask,YieldingYams,BrilliantBurritos,5317581
2026-07-03T05:04:27.657257,2026-07-03T05:04:27.668985+00:00,113.8,200,bid,WavyWalnuts,YieldingYams,5317586
2026-07-03T05:04:28.872885,2026-07-03T05:04:28.879766+00:00,113.8,200,ask,YieldingYams,WavyWalnuts,5317607
2026-07-03T05:04:28.966461,2026-07-03T05:04:28.975288+00:00,113.8,45,ask,YieldingYams,Zihao Wu,5317611
2026-07-03T05:04:35.512214,2026-07-03T05:04:35.520727+00:00,114.0,200,ask,WavyWalnuts,AverageAlmonds,5317701
2026-07-03T05:04:37.354305,2026-07-03T05:04:37.358552+00:00,114.1,200,bid,WavyWalnuts,YieldingYams,5317723
2026-07-03T05:04:37.588082,2026-07-03T05:04:37.591520+00:00,113.9,3,ask,YieldingYams,Xuanyu Liu,5317732
2026-07-03T05:04:37.737488,2026-07-03T05:04:37.744476+00:00,113.9,24,ask,YieldingYams,Alice Feng,5317737
2026-07-03T05:04:38.346023,2026-07-03T05:04:38.366473+00:00,114.0,500,bid,YieldingYams,AverageAlmonds,5317748
2026-07-03T05:04:38.363369,2026-07-03T05:04:38.366473+00:00,114.1,14,ask,YieldingYams,Xuanyu Liu,5317750
2026-07-03T05:04:38.518266,2026-07-03T05:04:38.526782+00:00,114.1,111,ask,YieldingYams,AverageAlmonds,5317751
2026-07-03T05:04:41.029200,2026-07-03T05:04:41.035834+00:00,113.8,11,bid,Xuanyu Liu,YieldingYams,5317787
2026-07-03T05:04:42.241264,2026-07-03T05:04:42.244649+00:00,113.7,3,bid,Xuanyu Liu,WavyWalnuts,5317816
2026-07-03T05:04:42.311199,2026-07-03T05:04:42.321433+00:00,113.7,197,bid,YieldingYams,WavyWalnuts,5317817
2026-07-03T05:04:43.914955,2026-07-03T05:04:43.918147+00:00,113.6,14,ask,WavyWalnuts,Xuanyu Liu,5317853
2026-07-03T05:04:44.664155,2026-07-03T05:04:44.667969+00:00,113.7,12,ask,WavyWalnuts,Xuanyu Liu,5317876
2026-07-03T05:04:45.361159,2026-07-03T05:04:45.367775+00:00,113.7,20,ask,WavyWalnuts,BrilliantBurritos,5317887
2026-07-03T05:04:47.096370,2026-07-03T05:04:47.099881+00:00,113.9,12,bid,Xuanyu Liu,YieldingYams,5317913
2026-07-03T05:04:47.565443,2026-07-03T05:04:47.569440+00:00,113.7,14,bid,Xuanyu Liu,YieldingYams,5317916
2026-07-03T05:04:47.673437,2026-07-03T05:04:47.685178+00:00,113.7,20,bid,BrilliantBurritos,YieldingYams,5317919
2026-07-03T05:04:48.278632,2026-07-03T05:04:48.287818+00:00,113.7,200,bid,WavyWalnuts,YieldingYams,5317928
2026-07-03T05:04:48.862868,2026-07-03T05:04:48.874517+00:00,113.6,20,ask,YieldingYams,BrilliantBurritos,5317939
2026-07-03T05:04:48.989018,2026-07-03T05:04:49.000752+00:00,113.8,45,bid,Zihao Wu,YieldingYams,5317940
2026-07-03T05:04:50.172228,2026-07-03T05:04:50.178953+00:00,113.7,200,ask,WavyWalnuts,YieldingYams,5317956
2026-07-03T05:04:50.714341,2026-07-03T05:04:50.717840+00:00,113.6,3,ask,WavyWalnuts,Xuanyu Liu,5317961
2026-07-03T05:04:51.497000,2026-07-03T05:04:51.500849+00:00,113.7,11,ask,YieldingYams,Xuanyu Liu,5317972
2026-07-03T05:04:51.910017,2026-07-03T05:04:51.920406+00:00,113.7,200,ask,YieldingYams,WavyWalnuts,5317977
2026-07-03T05:04:56.424550,2026-07-03T05:04:56.436296+00:00,113.9,20,bid,BrilliantBurritos,YieldingYams,5318053
2026-07-03T05:04:58.046699,2026-07-03T05:04:58.050181+00:00,113.8,11,bid,Xuanyu Liu,YieldingYams,5318073
2026-07-03T05:05:00.629479,2026-07-03T05:05:00.641078+00:00,113.8,20,bid,BrilliantBurritos,WavyWalnuts,5318120
2026-07-03T05:05:03.284567,2026-07-03T05:05:03.288376+00:00,113.9,3,bid,Xuanyu Liu,YieldingYams,5318153
2026-07-03T05:05:03.561994,2026-07-03T05:05:03.569920+00:00,113.9,20,bid,BrilliantBurritos,YieldingYams,5318157
2026-07-03T05:05:04.585891,2026-07-03T05:05:04.595016+00:00,113.8,200,ask,WavyWalnuts,YieldingYams,5318167
2026-07-03T05:05:06.436909,2026-07-03T05:05:06.444666+00:00,113.8,200,ask,YieldingYams,WavyWalnuts,5318188
2026-07-03T05:05:07.645759,2026-07-03T05:05:07.658610+00:00,113.6,200,ask,YieldingYams,WavyWalnuts,5318209
2026-07-03T05:05:08.474957,2026-07-03T05:05:08.484841+00:00,113.6,20,ask,YieldingYams,BrilliantBurritos,5318222
2026-07-03T05:05:08.528348,2026-07-03T05:05:08.532158+00:00,113.6,3,bid,Xuanyu Liu,YieldingYams,5318224
2026-07-03T05:05:08.608329,2026-07-03T05:05:08.617946+00:00,113.6,25,bid,Alice Feng,YieldingYams,5318227
2026-07-03T05:05:08.823726,2026-07-03T05:05:08.830267+00:00,113.6,25,bid,Alice Feng,YieldingYams,5318231
2026-07-03T05:05:08.851872,2026-07-03T05:05:08.858658+00:00,113.6,200,bid,WavyWalnuts,YieldingYams,5318232
2026-07-03T05:05:09.032320,2026-07-03T05:05:09.042202+00:00,113.6,25,bid,Alice Feng,YieldingYams,5318239
2026-07-03T05:05:09.039011,2026-07-03T05:05:09.058630+00:00,113.5,2,ask,AverageAlmonds,Alice Feng,5318241
2026-07-03T05:05:09.184665,2026-07-03T05:05:09.188377+00:00,113.6,11,bid,Xuanyu Liu,YieldingYams,5318244
2026-07-03T05:05:09.247079,2026-07-03T05:05:09.253611+00:00,113.6,25,bid,Alice Feng,YieldingYams,5318247
2026-07-03T05:05:09.400160,2026-07-03T05:05:09.408230+00:00,113.6,311,bid,AverageAlmonds,YieldingYams,5318249
2026-07-03T05:05:10.416684,2026-07-03T05:05:10.420150+00:00,113.7,11,ask,YieldingYams,Xuanyu Liu,5318277
2026-07-03T05:05:10.481138,2026-07-03T05:05:10.492667+00:00,113.7,2,ask,YieldingYams,Alice Feng,5318280
2026-07-03T05:05:10.685317,2026-07-03T05:05:10.696589+00:00,113.7,2,ask,YieldingYams,Alice Feng,5318285
2026-07-03T05:05:10.891475,2026-07-03T05:05:10.902121+00:00,113.7,2,ask,YieldingYams,Alice Feng,5318286
2026-07-03T05:05:11.012383,2026-07-03T05:05:11.023795+00:00,113.7,22,ask,YieldingYams,Zihao Wu,5318289
2026-07-03T05:05:11.096377,2026-07-03T05:05:11.108090+00:00,113.7,2,ask,YieldingYams,Alice Feng,5318291
2026-07-03T05:05:11.151040,2026-07-03T05:05:11.164062+00:00,113.7,200,ask,WavyWalnuts,YieldingYams,5318293
2026-07-03T05:05:11.301705,2026-07-03T05:05:11.313216+00:00,113.6,2,ask,WavyWalnuts,Alice Feng,5318296
2026-07-03T05:05:11.536877,2026-07-03T05:05:11.545468+00:00,113.6,20,ask,WavyWalnuts,BrilliantBurritos,5318301
2026-07-03T05:05:13.641469,2026-07-03T05:05:13.648731+00:00,113.7,500,bid,AverageAlmonds,YieldingYams,5318331
2026-07-03T05:05:14.931607,2026-07-03T05:05:14.940152+00:00,113.7,200,ask,AverageAlmonds,WavyWalnuts,5318360
2026-07-03T05:05:15.091842,2026-07-03T05:05:15.100683+00:00,113.7,300,ask,AverageAlmonds,YieldingYams,5318361
2026-07-03T05:05:15.440790,2026-07-03T05:05:15.458576+00:00,113.7,325,bid,AverageAlmonds,YieldingYams,5318368
2026-07-03T05:05:17.339103,2026-07-03T05:05:17.363684+00:00,114.0,20,bid,BrilliantBurritos,YieldingYams,5318390
2026-07-03T05:05:19.768929,2026-07-03T05:05:19.779775+00:00,113.8,200,ask,YieldingYams,WavyWalnuts,5318427
2026-07-03T05:05:21.930595,2026-07-03T05:05:21.937441+00:00,113.9,25,bid,Alice Feng,WavyWalnuts,5318452
2026-07-03T05:05:22.139463,2026-07-03T05:05:22.146651+00:00,113.9,25,bid,Alice Feng,WavyWalnuts,5318455
2026-07-03T05:05:22.349931,2026-07-03T05:05:22.355559+00:00,113.9,25,bid,Alice Feng,YieldingYams,5318457
2026-07-03T05:05:22.561271,2026-07-03T05:05:22.572442+00:00,113.9,25,bid,Alice Feng,YieldingYams,5318460
2026-07-03T05:05:22.770329,2026-07-03T05:05:22.780503+00:00,113.9,12,bid,Alice Feng,YieldingYams,5318464
2026-07-03T05:05:28.241373,2026-07-03T05:05:28.250945+00:00,113.7,200,ask,AverageAlmonds,WavyWalnuts,5318549
2026-07-03T05:05:29.448422,2026-07-03T05:05:29.455527+00:00,113.8,200,ask,AverageAlmonds,WavyWalnuts,5318562
2026-07-03T05:05:29.524678,2026-07-03T05:05:29.535181+00:00,113.8,300,ask,AverageAlmonds,YieldingYams,5318565
2026-07-03T05:05:30.837126,2026-07-03T05:05:30.846411+00:00,113.8,200,bid,YieldingYams,WavyWalnuts,5318592
2026-07-03T05:05:31.078508,2026-07-03T05:05:31.090183+00:00,114.1,22,bid,Zihao Wu,YieldingYams,5318599
2026-07-03T05:05:33.470474,2026-07-03T05:05:33.479472+00:00,114.0,200,bid,YieldingYams,WavyWalnuts,5318641
2026-07-03T05:05:34.279281,2026-07-03T05:05:34.286525+00:00,114.0,200,ask,YieldingYams,WavyWalnuts,5318657
2026-07-03T05:05:34.563764,2026-07-03T05:05:34.567369+00:00,114.0,3,ask,YieldingYams,Xuanyu Liu,5318663
2026-07-03T05:05:34.597144,2026-07-03T05:05:34.608487+00:00,114.0,25,ask,YieldingYams,Alice Feng,5318664
2026-07-03T05:05:34.819440,2026-07-03T05:05:34.825669+00:00,113.9,25,ask,YieldingYams,Alice Feng,5318668
2026-07-03T05:05:34.827390,2026-07-03T05:05:34.836187+00:00,114.1,2,bid,Alice Feng,YieldingYams,5318670
2026-07-03T05:05:35.047153,2026-07-03T05:05:35.058673+00:00,114.1,1,bid,Alice Feng,YieldingYams,5318673
2026-07-03T05:05:35.486660,2026-07-03T05:05:35.494866+00:00,114.1,200,bid,WavyWalnuts,YieldingYams,5318684
2026-07-03T05:05:38.057181,2026-07-03T05:05:38.064047+00:00,114.1,25,ask,WavyWalnuts,Alice Feng,5318731
2026-07-03T05:05:38.067078,2026-07-03T05:05:38.074232+00:00,114.2,2,bid,Alice Feng,YieldingYams,5318733
2026-07-03T05:05:38.271933,2026-07-03T05:05:38.274216+00:00,114.2,2,bid,Alice Feng,YieldingYams,5318735
2026-07-03T05:05:38.476016,2026-07-03T05:05:38.487650+00:00,114.2,2,bid,Alice Feng,YieldingYams,5318737
2026-07-03T05:05:38.680701,2026-07-03T05:05:38.688270+00:00,114.2,2,bid,Alice Feng,YieldingYams,5318742
2026-07-03T05:05:38.712076,2026-07-03T05:05:38.721685+00:00,114.1,175,ask,WavyWalnuts,YieldingYams,5318743
2026-07-03T05:05:38.885630,2026-07-03T05:05:38.897381+00:00,114.1,2,bid,Alice Feng,YieldingYams,5318747
2026-07-03T05:05:39.090715,2026-07-03T05:05:39.099044+00:00,114.1,2,bid,Alice Feng,YieldingYams,5318748
2026-07-03T05:05:39.295382,2026-07-03T05:05:39.307059+00:00,114.1,2,bid,Alice Feng,YieldingYams,5318750
2026-07-03T05:05:39.504611,2026-07-03T05:05:39.517711+00:00,114.1,1,bid,Alice Feng,YieldingYams,5318756
2026-07-03T05:05:40.913432,2026-07-03T05:05:40.921888+00:00,114.1,25,ask,YieldingYams,Alice Feng,5318781
2026-07-03T05:05:41.121212,2026-07-03T05:05:41.132520+00:00,114.1,25,ask,YieldingYams,Alice Feng,5318784
2026-07-03T05:05:41.326355,2026-07-03T05:05:41.333025+00:00,114.2,200,bid,YieldingYams,WavyWalnuts,5318788
2026-07-03T05:05:41.330348,2026-07-03T05:05:41.347041+00:00,114.2,25,ask,YieldingYams,Alice Feng,5318789
2026-07-03T05:05:41.343638,2026-07-03T05:05:41.347041+00:00,114.2,3,ask,YieldingYams,Xuanyu Liu,5318794
2026-07-03T05:05:41.541142,2026-07-03T05:05:41.549675+00:00,114.2,200,ask,YieldingYams,WavyWalnuts,5318800
2026-07-03T05:05:41.545042,2026-07-03T05:05:41.558607+00:00,114.2,25,ask,YieldingYams,Alice Feng,5318801
2026-07-03T05:05:41.753156,2026-07-03T05:05:41.764645+00:00,114.2,25,ask,YieldingYams,Alice Feng,5318804
2026-07-03T05:05:42.653567,2026-07-03T05:05:42.657257+00:00,114.1,3,bid,Xuanyu Liu,YieldingYams,5318812
2026-07-03T05:05:43.957519,2026-07-03T05:05:43.969059+00:00,114.1,200,bid,WavyWalnuts,YieldingYams,5318833
2026-07-03T05:05:45.165066,2026-07-03T05:05:45.172495+00:00,114.1,200,bid,WavyWalnuts,YieldingYams,5318846
2026-07-03T05:05:45.369390,2026-07-03T05:05:45.380951+00:00,114.1,18,ask,YieldingYams,Alice Feng,5318851
2026-07-03T05:05:47.806489,2026-07-03T05:05:47.817884+00:00,114.1,20,ask,YieldingYams,BrilliantBurritos,5318885
2026-07-03T05:05:49.198405,2026-07-03T05:05:49.209765+00:00,114.4,500,bid,YieldingYams,AverageAlmonds,5318919
2026-07-03T05:05:49.198405,2026-07-03T05:05:49.209765+00:00,114.4,125,bid,YieldingYams,WavyWalnuts,5318920
2026-07-03T05:05:50.512635,2026-07-03T05:05:50.521933+00:00,114.2,200,ask,WavyWalnuts,YieldingYams,5318945
2026-07-03T05:05:54.851977,2026-07-03T05:05:54.864079+00:00,114.1,200,bid,WavyWalnuts,YieldingYams,5319026
2026-07-03T05:05:57.272102,2026-07-03T05:05:57.275798+00:00,114.1,200,ask,YieldingYams,WavyWalnuts,5319064
2026-07-03T05:05:57.819832,2026-07-03T05:05:57.869770+00:00,114.1,425,ask,YieldingYams,AverageAlmonds,5319074
2026-07-03T05:05:57.907012,2026-07-03T05:05:57.963654+00:00,113.9,45,ask,WavyWalnuts,Zihao Wu,5319079
2026-07-03T05:05:59.571701,2026-07-03T05:05:59.579845+00:00,114.0,20,bid,BrilliantBurritos,YieldingYams,5319099
2026-07-03T05:06:03.637020,2026-07-03T05:06:03.644319+00:00,114.0,200,bid,YieldingYams,WavyWalnuts,5319163
2026-07-03T05:06:04.530569,2026-07-03T05:06:04.541690+00:00,114.0,200,ask,YieldingYams,WavyWalnuts,5319172
2026-07-03T05:06:05.737210,2026-07-03T05:06:05.744862+00:00,113.9,200,ask,YieldingYams,WavyWalnuts,5319197
2026-07-03T05:06:06.948497,2026-07-03T05:06:06.958567+00:00,113.9,200,ask,YieldingYams,WavyWalnuts,5319216
2026-07-03T05:06:07.879565,2026-07-03T05:06:07.891103+00:00,113.6,20,ask,WavyWalnuts,BrilliantBurritos,5319238
2026-07-03T05:06:08.883532,2026-07-03T05:06:08.894772+00:00,113.7,200,ask,WavyWalnuts,YieldingYams,5319257
2026-07-03T05:06:10.197316,2026-07-03T05:06:10.206696+00:00,113.6,200,ask,WavyWalnuts,YieldingYams,5319286
2026-07-03T05:06:11.128882,2026-07-03T05:06:11.137367+00:00,113.5,200,bid,AverageAlmonds,WavyWalnuts,5319294
2026-07-03T05:06:11.780444,2026-07-03T05:06:11.789861+00:00,113.6,200,bid,WavyWalnuts,YieldingYams,5319303
2026-07-03T05:06:12.881063,2026-07-03T05:06:12.888452+00:00,113.5,20,ask,AverageAlmonds,BrilliantBurritos,5319318
2026-07-03T05:06:15.409948,2026-07-03T05:06:15.417325+00:00,113.6,200,bid,WavyWalnuts,YieldingYams,5319347
2026-07-03T05:06:17.820478,2026-07-03T05:06:17.830272+00:00,113.6,500,bid,AverageAlmonds,YieldingYams,5319387
2026-07-03T05:06:17.847536,2026-07-03T05:06:17.856598+00:00,113.4,200,ask,YieldingYams,WavyWalnuts,5319388
2026-07-03T05:06:17.929653,2026-07-03T05:06:17.941281+00:00,113.6,23,bid,Zihao Wu,YieldingYams,5319389
2026-07-03T05:06:18.415152,2026-07-03T05:06:18.423484+00:00,113.6,500,bid,AverageAlmonds,YieldingYams,5319395
2026-07-03T05:06:19.015232,2026-07-03T05:06:19.026040+00:00,113.6,125,bid,AverageAlmonds,YieldingYams,5319405
2026-07-03T05:06:19.056362,2026-07-03T05:06:19.058562+00:00,113.6,200,ask,AverageAlmonds,WavyWalnuts,5319409
2026-07-03T05:06:20.673288,2026-07-03T05:06:20.680124+00:00,113.7,200,bid,YieldingYams,WavyWalnuts,5319443
2026-07-03T05:06:20.690829,2026-07-03T05:06:20.694283+00:00,113.7,3,ask,YieldingYams,Xuanyu Liu,5319445
2026-07-03T05:06:20.850782,2026-07-03T05:06:20.854454+00:00,113.8,11,ask,AverageAlmonds,Xuanyu Liu,5319448
2026-07-03T05:06:21.471913,2026-07-03T05:06:21.479243+00:00,113.7,200,ask,YieldingYams,WavyWalnuts,5319464
2026-07-03T05:06:22.677994,2026-07-03T05:06:22.687167+00:00,113.7,200,ask,AverageAlmonds,WavyWalnuts,5319490
2026-07-03T05:06:25.073906,2026-07-03T05:06:25.080599+00:00,113.7,500,bid,AverageAlmonds,YieldingYams,5319526
2026-07-03T05:06:26.332597,2026-07-03T05:06:26.340959+00:00,113.7,200,ask,YieldingYams,WavyWalnuts,5319547
2026-07-03T05:06:29.586716,2026-07-03T05:06:29.598359+00:00,113.9,20,bid,BrilliantBurritos,WavyWalnuts,5319600
2026-07-03T05:06:29.955796,2026-07-03T05:06:29.958563+00:00,113.8,200,ask,YieldingYams,WavyWalnuts,5319610
2026-07-03T05:06:30.075501,2026-07-03T05:06:30.082906+00:00,113.8,20,ask,YieldingYams,BrilliantBurritos,5319612
2026-07-03T05:06:31.162235,2026-07-03T05:06:31.169617+00:00,113.8,200,ask,YieldingYams,WavyWalnuts,5319619
2026-07-03T05:06:31.342884,2026-07-03T05:06:31.353650+00:00,114.0,20,bid,BrilliantBurritos,YieldingYams,5319624
2026-07-03T05:06:32.368099,2026-07-03T05:06:32.375041+00:00,113.9,200,ask,AverageAlmonds,WavyWalnuts,5319635
2026-07-03T05:06:32.579831,2026-07-03T05:06:32.583681+00:00,114.0,11,bid,Xuanyu Liu,YieldingYams,5319641
2026-07-03T05:06:33.588667,2026-07-03T05:06:33.592297+00:00,113.9,3,bid,Xuanyu Liu,WavyWalnuts,5319664
2026-07-03T05:06:33.795317,2026-07-03T05:06:33.802343+00:00,113.9,197,bid,YieldingYams,WavyWalnuts,5319667
2026-07-03T05:06:37.983108,2026-07-03T05:06:37.990576+00:00,114.0,22,bid,Zihao Wu,WavyWalnuts,5319731
2026-07-03T05:06:39.154903,2026-07-03T05:06:39.166639+00:00,113.8,20,ask,WavyWalnuts,BrilliantBurritos,5319747
2026-07-03T05:06:40.347586,2026-07-03T05:06:40.368447+00:00,113.8,200,ask,WavyWalnuts,YieldingYams,5319774
2026-07-03T05:06:40.364572,2026-07-03T05:06:40.368447+00:00,113.8,14,bid,Xuanyu Liu,YieldingYams,5319776
2026-07-03T05:06:40.481332,2026-07-03T05:06:40.488734+00:00,113.8,25,bid,Alice Feng,YieldingYams,5319780
2026-07-03T05:06:40.690502,2026-07-03T05:06:40.699761+00:00,113.8,25,bid,Alice Feng,YieldingYams,5319785
2026-07-03T05:06:40.899121,2026-07-03T05:06:40.906500+00:00,113.8,25,bid,Alice Feng,YieldingYams,5319790
2026-07-03T05:06:41.107966,2026-07-03T05:06:41.115119+00:00,113.8,25,bid,Alice Feng,YieldingYams,5319796
2026-07-03T05:06:41.112046,2026-07-03T05:06:41.120336+00:00,113.6,2,ask,YieldingYams,Alice Feng,5319797
2026-07-03T05:06:41.316250,2026-07-03T05:06:41.327919+00:00,113.6,2,ask,YieldingYams,Alice Feng,5319800
2026-07-03T05:06:41.520922,2026-07-03T05:06:41.532282+00:00,113.6,2,ask,YieldingYams,Alice Feng,5319804
2026-07-03T05:06:41.656305,2026-07-03T05:06:41.668897+00:00,113.8,200,bid,YieldingYams,WavyWalnuts,5319807
2026-07-03T05:06:41.725804,2026-07-03T05:06:41.733470+00:00,113.8,2,ask,YieldingYams,Alice Feng,5319809
2026-07-03T05:06:41.931825,2026-07-03T05:06:41.943712+00:00,113.8,2,ask,YieldingYams,Alice Feng,5319813
2026-07-03T05:06:42.136098,2026-07-03T05:06:42.147090+00:00,113.8,2,ask,YieldingYams,Alice Feng,5319819
2026-07-03T05:06:42.341264,2026-07-03T05:06:42.352695+00:00,113.8,2,ask,YieldingYams,Alice Feng,5319824
2026-07-03T05:06:42.409191,2026-07-03T05:06:42.420473+00:00,113.8,20,ask,YieldingYams,BrilliantBurritos,5319826
2026-07-03T05:06:42.954223,2026-07-03T05:06:42.953963+00:00,113.8,20,ask,YieldingYams,BrilliantBurritos,5319837
2026-07-03T05:06:44.154225,2026-07-03T05:06:44.160758+00:00,113.9,25,bid,Alice Feng,YieldingYams,5319873
2026-07-03T05:06:44.365081,2026-07-03T05:06:44.376402+00:00,113.9,25,bid,Alice Feng,WavyWalnuts,5319878
2026-07-03T05:06:44.483624,2026-07-03T05:06:44.490773+00:00,113.8,200,ask,YieldingYams,WavyWalnuts,5319884
2026-07-03T05:06:45.689169,2026-07-03T05:06:45.700444+00:00,113.7,200,bid,WavyWalnuts,YieldingYams,5319900
2026-07-03T05:06:46.899796,2026-07-03T05:06:46.906945+00:00,113.7,200,bid,WavyWalnuts,YieldingYams,5319921
2026-07-03T05:06:48.222070,2026-07-03T05:06:48.233732+00:00,113.9,200,bid,YieldingYams,WavyWalnuts,5319943
2026-07-03T05:06:52.148296,2026-07-03T05:06:52.155348+00:00,114.0,200,bid,YieldingYams,WavyWalnuts,5319980
2026-07-03T05:06:53.083907,2026-07-03T05:06:53.095589+00:00,114.0,20,ask,YieldingYams,BrilliantBurritos,5319994
2026-07-03T05:06:55.377308,2026-07-03T05:06:55.385189+00:00,114.0,200,bid,WavyWalnuts,YieldingYams,5320028
2026-07-03T05:06:59.974233,2026-07-03T05:06:59.978381+00:00,113.8,14,ask,WavyWalnuts,Xuanyu Liu,5320101
2026-07-03T05:07:00.030980,2026-07-03T05:07:00.042516+00:00,113.8,186,ask,WavyWalnuts,YieldingYams,5320105
2026-07-03T05:07:02.656618,2026-07-03T05:07:02.654407+00:00,113.7,200,bid,YieldingYams,WavyWalnuts,5320149
2026-07-03T05:07:02.801119,2026-07-03T05:07:02.812744+00:00,113.9,25,ask,YieldingYams,Alice Feng,5320150
2026-07-03T05:07:03.013975,2026-07-03T05:07:03.024563+00:00,113.9,25,ask,YieldingYams,Alice Feng,5320153
2026-07-03T05:07:03.224615,2026-07-03T05:07:03.236270+00:00,113.9,25,ask,YieldingYams,Alice Feng,5320157
2026-07-03T05:07:03.432820,2026-07-03T05:07:03.443186+00:00,113.9,25,ask,YieldingYams,Alice Feng,5320161
2026-07-03T05:07:03.642576,2026-07-03T05:07:03.658611+00:00,113.9,25,ask,YieldingYams,Alice Feng,5320164
2026-07-03T05:07:03.860956,2026-07-03T05:07:03.868312+00:00,113.9,200,ask,YieldingYams,WavyWalnuts,5320168
2026-07-03T05:07:05.274324,2026-07-03T05:07:05.281966+00:00,113.7,200,bid,YieldingYams,WavyWalnuts,5320189
2026-07-03T05:07:07.466494,2026-07-03T05:07:07.476483+00:00,113.8,20,ask,YieldingYams,BrilliantBurritos,5320224
2026-07-03T05:07:07.897798,2026-07-03T05:07:07.909301+00:00,113.9,500,bid,YieldingYams,AverageAlmonds,5320233
2026-07-03T05:07:07.897798,2026-07-03T05:07:07.909301+00:00,113.9,125,bid,YieldingYams,WavyWalnuts,5320234
2026-07-03T05:07:09.206412,2026-07-03T05:07:09.215461+00:00,113.8,200,bid,YieldingYams,WavyWalnuts,5320256
2026-07-03T05:07:09.206412,2026-07-03T05:07:09.215461+00:00,113.9,425,bid,YieldingYams,AverageAlmonds,5320257
2026-07-03T05:07:11.125478,2026-07-03T05:07:11.136546+00:00,113.6,200,bid,WavyWalnuts,YieldingYams,5320284
2026-07-03T05:07:13.148016,2026-07-03T05:07:13.157247+00:00,113.6,200,bid,YieldingYams,WavyWalnuts,5320311
2026-07-03T05:07:15.973408,2026-07-03T05:07:15.979832+00:00,113.5,200,ask,YieldingYams,WavyWalnuts,5320361
2026-07-03T05:07:17.185076,2026-07-03T05:07:17.193985+00:00,113.5,200,ask,YieldingYams,WavyWalnuts,5320379
2026-07-03T05:07:19.602374,2026-07-03T05:07:19.615821+00:00,113.5,200,bid,WavyWalnuts,YieldingYams,5320412
2026-07-03T05:07:22.179562,2026-07-03T05:07:22.191147+00:00,113.3,20,ask,YieldingYams,BrilliantBurritos,5320459
2026-07-03T05:07:24.436550,2026-07-03T05:07:24.443370+00:00,113.4,200,ask,YieldingYams,WavyWalnuts,5320476
2026-07-03T05:07:26.826532,2026-07-03T05:07:26.835396+00:00,113.4,20,ask,WavyWalnuts,BrilliantBurritos,5320513
2026-07-03T05:07:28.412375,2026-07-03T05:07:28.416118+00:00,113.5,37,bid,Xuanyu Liu,YieldingYams,5320538
2026-07-03T05:07:28.464695,2026-07-03T05:07:28.476281+00:00,113.5,22,bid,Zihao Wu,YieldingYams,5320540
2026-07-03T05:07:28.504285,2026-07-03T05:07:28.513072+00:00,113.5,25,bid,Alice Feng,YieldingYams,5320543
2026-07-03T05:07:28.713368,2026-07-03T05:07:28.720480+00:00,113.5,25,bid,Alice Feng,YieldingYams,5320548
2026-07-03T05:07:28.911164,2026-07-03T05:07:28.931023+00:00,113.4,200,ask,WavyWalnuts,YieldingYams,5320554
2026-07-03T05:07:28.924517,2026-07-03T05:07:28.931023+00:00,113.4,25,bid,Alice Feng,YieldingYams,5320557
2026-07-03T05:07:28.927356,2026-07-03T05:07:28.931023+00:00,113.4,12,bid,Xuanyu Liu,YieldingYams,5320558
2026-07-03T05:07:29.131708,2026-07-03T05:07:29.138497+00:00,113.4,25,bid,Alice Feng,YieldingYams,5320565
2026-07-03T05:07:29.268635,2026-07-03T05:07:29.275269+00:00,113.4,200,bid,WavyWalnuts,YieldingYams,5320571
2026-07-03T05:07:29.343840,2026-07-03T05:07:29.354312+00:00,113.4,25,bid,Alice Feng,YieldingYams,5320574
2026-07-03T05:07:29.551918,2026-07-03T05:07:29.567242+00:00,113.3,2,ask,AverageAlmonds,Alice Feng,5320578
2026-07-03T05:07:29.563917,2026-07-03T05:07:29.567242+00:00,113.3,12,ask,AverageAlmonds,Xuanyu Liu,5320580
2026-07-03T05:07:29.757029,2026-07-03T05:07:29.768415+00:00,113.3,2,ask,AverageAlmonds,Alice Feng,5320584
2026-07-03T05:07:29.962621,2026-07-03T05:07:29.973996+00:00,113.3,2,ask,AverageAlmonds,Alice Feng,5320590
2026-07-03T05:07:30.166982,2026-07-03T05:07:30.174121+00:00,113.3,2,ask,AverageAlmonds,Alice Feng,5320591
2026-07-03T05:07:30.233426,2026-07-03T05:07:30.236484+00:00,113.5,23,ask,YieldingYams,Xuanyu Liu,5320593
2026-07-03T05:07:30.370938,2026-07-03T05:07:30.382435+00:00,113.5,2,ask,YieldingYams,Alice Feng,5320596
2026-07-03T05:07:30.496495,2026-07-03T05:07:30.500084+00:00,113.6,11,ask,WavyWalnuts,Xuanyu Liu,5320600
2026-07-03T05:07:30.574864,2026-07-03T05:07:30.583443+00:00,113.6,2,ask,WavyWalnuts,Alice Feng,5320602
2026-07-03T05:07:30.779582,2026-07-03T05:07:30.791281+00:00,113.6,2,ask,WavyWalnuts,Alice Feng,5320604
2026-07-03T05:07:30.984200,2026-07-03T05:07:30.995646+00:00,113.6,2,ask,WavyWalnuts,Alice Feng,5320605
2026-07-03T05:07:31.189701,2026-07-03T05:07:31.201172+00:00,113.6,1,ask,WavyWalnuts,Alice Feng,5320610
2026-07-03T05:07:31.529332,2026-07-03T05:07:31.540346+00:00,113.6,182,ask,WavyWalnuts,YieldingYams,5320613
2026-07-03T05:07:31.690816,2026-07-03T05:07:31.700681+00:00,113.5,200,bid,WavyWalnuts,YieldingYams,5320619
2026-07-03T05:07:35.323677,2026-07-03T05:07:35.332313+00:00,113.5,200,ask,YieldingYams,WavyWalnuts,5320661
2026-07-03T05:07:35.607901,2026-07-03T05:07:35.614074+00:00,113.5,25,bid,Alice Feng,YieldingYams,5320665
2026-07-03T05:07:35.816729,2026-07-03T05:07:35.824012+00:00,113.5,25,bid,Alice Feng,YieldingYams,5320673
2026-07-03T05:07:36.026612,2026-07-03T05:07:36.032869+00:00,113.5,25,bid,Alice Feng,YieldingYams,5320680
2026-07-03T05:07:36.236794,2026-07-03T05:07:36.242985+00:00,113.5,6,bid,Alice Feng,YieldingYams,5320684
2026-07-03T05:07:36.531295,2026-07-03T05:07:36.539749+00:00,113.4,200,ask,AverageAlmonds,WavyWalnuts,5320689
2026-07-03T05:07:46.245778,2026-07-03T05:07:46.258623+00:00,113.4,200,ask,YieldingYams,WavyWalnuts,5320834
2026-07-03T05:07:47.253479,2026-07-03T05:07:47.263630+00:00,113.4,20,ask,YieldingYams,BrilliantBurritos,5320848
2026-07-03T05:07:47.988575,2026-07-03T05:07:47.995379+00:00,113.4,500,bid,AverageAlmonds,YieldingYams,5320857
2026-07-03T05:07:48.570222,2026-07-03T05:07:48.580909+00:00,113.4,200,bid,YieldingYams,WavyWalnuts,5320867
2026-07-03T05:07:48.573704,2026-07-03T05:07:48.580909+00:00,113.7,22,ask,YieldingYams,Zihao Wu,5320868
2026-07-03T05:07:48.586977,2026-07-03T05:07:48.590800+00:00,113.7,6,ask,YieldingYams,Xuanyu Liu,5320871
2026-07-03T05:07:48.660190,2026-07-03T05:07:48.671152+00:00,113.7,200,ask,YieldingYams,WavyWalnuts,5320873
2026-07-03T05:07:48.663820,2026-07-03T05:07:48.671152+00:00,113.7,25,ask,YieldingYams,Alice Feng,5320874
2026-07-03T05:07:48.872427,2026-07-03T05:07:48.883704+00:00,113.7,25,ask,YieldingYams,Alice Feng,5320878
2026-07-03T05:07:49.079680,2026-07-03T05:07:49.088200+00:00,113.7,25,ask,YieldingYams,Alice Feng,5320882
2026-07-03T05:07:49.291575,2026-07-03T05:07:49.300988+00:00,113.7,25,ask,YieldingYams,Alice Feng,5320892
2026-07-03T05:07:49.504332,2026-07-03T05:07:49.511318+00:00,113.7,25,ask,YieldingYams,Alice Feng,5320899
2026-07-03T05:07:49.712660,2026-07-03T05:07:49.720958+00:00,113.7,25,ask,YieldingYams,Alice Feng,5320906
2026-07-03T05:07:49.885351,2026-07-03T05:07:49.896356+00:00,113.7,200,ask,WavyWalnuts,YieldingYams,5320912
2026-07-03T05:07:49.904891,2026-07-03T05:07:49.914597+00:00,113.6,20,bid,BrilliantBurritos,YieldingYams,5320914
2026-07-03T05:07:50.583685,2026-07-03T05:07:50.587494+00:00,113.6,3,bid,Xuanyu Liu,YieldingYams,5320927
2026-07-03T05:07:51.072002,2026-07-03T05:07:51.080124+00:00,113.6,200,bid,WavyWalnuts,YieldingYams,5320933
2026-07-03T05:07:52.280278,2026-07-03T05:07:52.287460+00:00,113.7,200,ask,YieldingYams,WavyWalnuts,5320950
2026-07-03T05:07:53.829073,2026-07-03T05:07:53.832482+00:00,113.6,3,bid,Xuanyu Liu,YieldingYams,5320976
2026-07-03T05:07:53.933491,2026-07-03T05:07:53.944729+00:00,113.6,25,bid,Alice Feng,YieldingYams,5320978
2026-07-03T05:07:54.145660,2026-07-03T05:07:54.155782+00:00,113.6,25,bid,Alice Feng,YieldingYams,5320985
2026-07-03T05:07:54.355490,2026-07-03T05:07:54.357525+00:00,113.6,25,bid,Alice Feng,YieldingYams,5320989
2026-07-03T05:07:54.563450,2026-07-03T05:07:54.571594+00:00,113.6,25,bid,Alice Feng,YieldingYams,5320994
2026-07-03T05:07:58.323601,2026-07-03T05:07:58.330353+00:00,113.6,200,bid,WavyWalnuts,YieldingYams,5321057
2026-07-03T05:07:58.898243,2026-07-03T05:07:58.906187+00:00,113.6,20,bid,BrilliantBurritos,YieldingYams,5321063
2026-07-03T05:08:03.182526,2026-07-03T05:08:03.190858+00:00,113.7,200,ask,YieldingYams,WavyWalnuts,5321135
2026-07-03T05:08:04.404695,2026-07-03T05:08:04.408437+00:00,113.8,3,ask,WavyWalnuts,Xuanyu Liu,5321155
2026-07-03T05:08:06.814441,2026-07-03T05:08:06.824313+00:00,113.8,200,ask,YieldingYams,WavyWalnuts,5321185
2026-07-03T05:08:09.534944,2026-07-03T05:08:09.545901+00:00,113.7,200,ask,WavyWalnuts,YieldingYams,5321224
2026-07-03T05:08:10.442996,2026-07-03T05:08:10.453251+00:00,113.7,200,bid,WavyWalnuts,YieldingYams,5321240
2026-07-03T05:08:11.010956,2026-07-03T05:08:11.033797+00:00,113.6,25,ask,YieldingYams,Alice Feng,5321249
2026-07-03T05:08:11.233275,2026-07-03T05:08:11.244959+00:00,113.6,25,ask,YieldingYams,Alice Feng,5321253
2026-07-03T05:08:11.259836,2026-07-03T05:08:11.271480+00:00,113.8,20,bid,BrilliantBurritos,YieldingYams,5321257
2026-07-03T05:08:11.444870,2026-07-03T05:08:11.456442+00:00,113.6,25,ask,YieldingYams,Alice Feng,5321258
2026-07-03T05:08:11.656919,2026-07-03T05:08:11.664201+00:00,113.6,25,ask,YieldingYams,Alice Feng,5321263
2026-07-03T05:08:11.870895,2026-07-03T05:08:11.882654+00:00,113.6,25,ask,YieldingYams,Alice Feng,5321266
2026-07-03T05:08:12.155992,2026-07-03T05:08:12.168883+00:00,113.6,500,ask,AverageAlmonds,YieldingYams,5321278
2026-07-03T05:08:12.188727,2026-07-03T05:08:12.198141+00:00,113.6,125,bid,AverageAlmonds,YieldingYams,5321279
2026-07-03T05:08:12.291281,2026-07-03T05:08:12.302634+00:00,113.7,25,ask,AverageAlmonds,Alice Feng,5321282
2026-07-03T05:08:12.707142,2026-07-03T05:08:12.716608+00:00,113.8,2,bid,Alice Feng,WavyWalnuts,5321291
2026-07-03T05:08:12.912045,2026-07-03T05:08:12.923618+00:00,113.8,2,bid,Alice Feng,WavyWalnuts,5321292
2026-07-03T05:08:13.117360,2026-07-03T05:08:13.124392+00:00,113.8,2,bid,Alice Feng,WavyWalnuts,5321296
2026-07-03T05:08:13.322386,2026-07-03T05:08:13.329531+00:00,113.8,2,bid,Alice Feng,WavyWalnuts,5321297
2026-07-03T05:08:13.471871,2026-07-03T05:08:13.479478+00:00,113.8,194,bid,YieldingYams,WavyWalnuts,5321303
2026-07-03T05:08:13.527153,2026-07-03T05:08:13.536420+00:00,114.0,2,bid,Alice Feng,YieldingYams,5321304
2026-07-03T05:08:16.096303,2026-07-03T05:08:16.103499+00:00,113.8,500,ask,AverageAlmonds,YieldingYams,5321342
2026-07-03T05:08:16.439821,2026-07-03T05:08:16.448490+00:00,113.8,125,bid,AverageAlmonds,YieldingYams,5321344
2026-07-03T05:08:17.713442,2026-07-03T05:08:17.722028+00:00,113.8,200,ask,AverageAlmonds,WavyWalnuts,5321362
2026-07-03T05:08:22.555033,2026-07-03T05:08:22.554306+00:00,114.0,200,bid,WavyWalnuts,YieldingYams,5321416
2026-07-03T05:08:23.192100,2026-07-03T05:08:23.203663+00:00,113.8,20,ask,YieldingYams,BrilliantBurritos,5321426
2026-07-03T05:08:25.278252,2026-07-03T05:08:25.287347+00:00,113.9,200,ask,WavyWalnuts,YieldingYams,5321463
2026-07-03T05:08:27.893842,2026-07-03T05:08:27.901799+00:00,114.0,200,bid,YieldingYams,WavyWalnuts,5321497
2026-07-03T05:08:28.610883,2026-07-03T05:08:28.620344+00:00,114.0,200,ask,YieldingYams,WavyWalnuts,5321508
2026-07-03T05:08:29.213100,2026-07-03T05:08:29.222527+00:00,114.0,22,bid,Zihao Wu,YieldingYams,5321515
2026-07-03T05:08:31.835179,2026-07-03T05:08:31.843016+00:00,114.0,200,bid,YieldingYams,WavyWalnuts,5321550
2026-07-03T05:08:32.240410,2026-07-03T05:08:32.247952+00:00,114.0,200,ask,YieldingYams,WavyWalnuts,5321555
2026-07-03T05:08:34.654647,2026-07-03T05:08:34.668752+00:00,114.0,200,bid,WavyWalnuts,YieldingYams,5321580
2026-07-03T05:08:35.836525,2026-07-03T05:08:35.844540+00:00,113.9,500,ask,YieldingYams,AverageAlmonds,5321598
2026-07-03T05:08:36.428565,2026-07-03T05:08:36.436267+00:00,113.9,125,ask,YieldingYams,AverageAlmonds,5321604
2026-07-03T05:08:36.428565,2026-07-03T05:08:36.456781+00:00,113.9,200,ask,WavyWalnuts,AverageAlmonds,5321605
2026-07-03T05:08:36.453305,2026-07-03T05:08:36.456781+00:00,113.9,3,bid,Xuanyu Liu,AverageAlmonds,5321607
2026-07-03T05:08:36.583623,2026-07-03T05:08:36.590597+00:00,113.9,25,bid,Alice Feng,AverageAlmonds,5321617
2026-07-03T05:08:36.792334,2026-07-03T05:08:36.800160+00:00,113.9,20,bid,BrilliantBurritos,AverageAlmonds,5321624
2026-07-03T05:08:36.795421,2026-07-03T05:08:36.805412+00:00,113.9,25,bid,Alice Feng,AverageAlmonds,5321625
2026-07-03T05:08:37.005208,2026-07-03T05:08:37.011815+00:00,113.9,25,bid,Alice Feng,AverageAlmonds,5321628
2026-07-03T05:08:37.083217,2026-07-03T05:08:37.090343+00:00,113.9,200,bid,WavyWalnuts,AverageAlmonds,5321631
2026-07-03T05:08:37.964690,2026-07-03T05:08:37.968123+00:00,113.8,11,bid,Xuanyu Liu,YieldingYams,5321649
2026-07-03T05:08:38.039284,2026-07-03T05:08:38.050016+00:00,113.8,25,bid,Alice Feng,YieldingYams,5321653
2026-07-03T05:08:38.290886,2026-07-03T05:08:38.299412+00:00,113.8,25,bid,Alice Feng,YieldingYams,5321660
2026-07-03T05:08:38.300403,2026-07-03T05:08:38.304863+00:00,113.8,200,bid,WavyWalnuts,YieldingYams,5321662
2026-07-03T05:08:38.502929,2026-07-03T05:08:38.516623+00:00,113.8,25,bid,Alice Feng,AverageAlmonds,5321666
2026-07-03T05:08:38.699837,2026-07-03T05:08:38.711236+00:00,113.6,20,ask,YieldingYams,BrilliantBurritos,5321670
2026-07-03T05:08:38.713594,2026-07-03T05:08:38.722011+00:00,113.8,25,bid,Alice Feng,AverageAlmonds,5321672
2026-07-03T05:08:38.925529,2026-07-03T05:08:38.932432+00:00,113.9,15,bid,Alice Feng,YieldingYams,5321683
2026-07-03T05:08:40.081382,2026-07-03T05:08:40.090051+00:00,113.8,200,ask,WavyWalnuts,AverageAlmonds,5321703
2026-07-03T05:08:40.735472,2026-07-03T05:08:40.739041+00:00,113.7,12,bid,Xuanyu Liu,WavyWalnuts,5321710
2026-07-03T05:08:41.172535,2026-07-03T05:08:41.176272+00:00,113.6,12,ask,YieldingYams,Xuanyu Liu,5321720
2026-07-03T05:08:43.133801,2026-07-03T05:08:43.145064+00:00,113.6,200,ask,YieldingYams,WavyWalnuts,5321755
2026-07-03T05:08:44.339136,2026-07-03T05:08:44.345431+00:00,113.6,200,bid,WavyWalnuts,YieldingYams,5321777
2026-07-03T05:08:50.433802,2026-07-03T05:08:50.441345+00:00,113.5,200,ask,YieldingYams,WavyWalnuts,5321868
2026-07-03T05:08:50.837128,2026-07-03T05:08:50.848781+00:00,113.5,22,ask,YieldingYams,Zihao Wu,5321877
2026-07-03T05:08:51.640342,2026-07-03T05:08:51.648990+00:00,113.6,200,bid,WavyWalnuts,YieldingYams,5321892
2026-07-03T05:08:53.534468,2026-07-03T05:08:53.542072+00:00,113.7,20,bid,BrilliantBurritos,YieldingYams,5321919
2026-07-03T05:08:56.520424,2026-07-03T05:08:56.532041+00:00,113.7,20,bid,BrilliantBurritos,WavyWalnuts,5321962
2026-07-03T05:08:59.362764,2026-07-03T05:08:59.370388+00:00,113.4,20,ask,WavyWalnuts,BrilliantBurritos,5321996
2026-07-03T05:08:59.370164,2026-07-03T05:08:59.381111+00:00,113.4,180,ask,WavyWalnuts,YieldingYams,5321997
2026-07-03T05:09:00.093593,2026-07-03T05:09:00.102841+00:00,113.4,200,bid,WavyWalnuts,YieldingYams,5322017
2026-07-03T05:09:01.991233,2026-07-03T05:09:01.998897+00:00,113.4,200,ask,WavyWalnuts,YieldingYams,5322047
2026-07-03T05:09:02.509432,2026-07-03T05:09:02.515923+00:00,113.4,200,bid,WavyWalnuts,YieldingYams,5322062
2026-07-03T05:09:04.485046,2026-07-03T05:09:04.488377+00:00,113.4,11,ask,YieldingYams,Xuanyu Liu,5322095
2026-07-03T05:09:04.604897,2026-07-03T05:09:04.613264+00:00,113.5,200,bid,YieldingYams,WavyWalnuts,5322097
2026-07-03T05:09:04.604897,2026-07-03T05:09:04.613264+00:00,113.7,425,bid,YieldingYams,AverageAlmonds,5322098
2026-07-03T05:09:05.913853,2026-07-03T05:09:05.918691+00:00,113.4,200,bid,YieldingYams,WavyWalnuts,5322106
2026-07-03T05:09:07.221984,2026-07-03T05:09:07.229015+00:00,113.5,200,bid,YieldingYams,WavyWalnuts,5322129
2026-07-03T05:09:07.239448,2026-07-03T05:09:07.242832+00:00,113.5,3,ask,YieldingYams,Xuanyu Liu,5322131
2026-07-03T05:09:08.575483,2026-07-03T05:09:08.585881+00:00,113.5,200,ask,YieldingYams,WavyWalnuts,5322148
2026-07-03T05:09:08.996179,2026-07-03T05:09:09.007852+00:00,113.6,20,bid,BrilliantBurritos,AverageAlmonds,5322151
2026-07-03T05:09:09.782920,2026-07-03T05:09:09.792334+00:00,113.5,200,ask,YieldingYams,WavyWalnuts,5322159
2026-07-03T05:09:10.992962,2026-07-03T05:09:11.000156+00:00,113.4,200,ask,YieldingYams,WavyWalnuts,5322179
2026-07-03T05:09:11.189476,2026-07-03T05:09:11.192474+00:00,113.4,3,bid,Xuanyu Liu,YieldingYams,5322184
2026-07-03T05:09:13.429754,2026-07-03T05:09:13.441084+00:00,113.4,200,ask,YieldingYams,WavyWalnuts,5322217
2026-07-03T05:09:13.540789,2026-07-03T05:09:13.558600+00:00,113.4,20,ask,YieldingYams,BrilliantBurritos,5322219
2026-07-03T05:09:16.432796,2026-07-03T05:09:16.443023+00:00,113.3,200,ask,WavyWalnuts,YieldingYams,5322252
2026-07-03T05:09:17.056823,2026-07-03T05:09:17.064061+00:00,113.3,200,bid,WavyWalnuts,YieldingYams,5322265
2026-07-03T05:09:18.270531,2026-07-03T05:09:18.284962+00:00,113.4,200,ask,YieldingYams,WavyWalnuts,5322290
2026-07-03T05:09:19.487785,2026-07-03T05:09:19.495738+00:00,113.4,200,ask,YieldingYams,WavyWalnuts,5322308
2026-07-03T05:09:20.068525,2026-07-03T05:09:20.079882+00:00,113.4,425,ask,YieldingYams,AverageAlmonds,5322313
2026-07-03T05:09:20.696739,2026-07-03T05:09:20.705551+00:00,113.2,200,bid,WavyWalnuts,YieldingYams,5322325
2026-07-03T05:09:21.276180,2026-07-03T05:09:21.290331+00:00,113.2,20,bid,BrilliantBurritos,YieldingYams,5322334
2026-07-03T05:09:21.906595,2026-07-03T05:09:21.913367+00:00,113.1,200,bid,WavyWalnuts,YieldingYams,5322346
2026-07-03T05:09:22.988671,2026-07-03T05:09:22.992185+00:00,113.0,3,ask,YieldingYams,Xuanyu Liu,5322360
2026-07-03T05:09:25.560728,2026-07-03T05:09:25.569032+00:00,113.0,200,ask,YieldingYams,WavyWalnuts,5322405
2026-07-03T05:09:26.770643,2026-07-03T05:09:26.778983+00:00,113.0,200,bid,WavyWalnuts,YieldingYams,5322416
2026-07-03T05:09:27.821441,2026-07-03T05:09:27.832990+00:00,112.9,20,ask,YieldingYams,BrilliantBurritos,5322438
2026-07-03T05:09:28.216085,2026-07-03T05:09:28.223629+00:00,113.0,200,bid,YieldingYams,WavyWalnuts,5322441
2026-07-03T05:09:32.140349,2026-07-03T05:09:32.158759+00:00,113.1,200,ask,WavyWalnuts,YieldingYams,5322492
2026-07-03T05:09:32.824975,2026-07-03T05:09:32.833608+00:00,113.0,200,bid,WavyWalnuts,YieldingYams,5322501
2026-07-03T05:09:35.069973,2026-07-03T05:09:35.073858+00:00,113.0,3,ask,YieldingYams,Xuanyu Liu,5322539
2026-07-03T05:09:35.229991,2026-07-03T05:09:35.241610+00:00,113.0,25,ask,YieldingYams,Alice Feng,5322540
2026-07-03T05:09:35.248831,2026-07-03T05:09:35.258608+00:00,113.0,200,ask,YieldingYams,WavyWalnuts,5322542
2026-07-03T05:09:35.442267,2026-07-03T05:09:35.450029+00:00,113.0,25,ask,YieldingYams,Alice Feng,5322544
2026-07-03T05:09:35.650941,2026-07-03T05:09:35.658612+00:00,113.0,25,ask,YieldingYams,Alice Feng,5322550
2026-07-03T05:09:35.860960,2026-07-03T05:09:35.872556+00:00,113.0,25,ask,YieldingYams,Alice Feng,5322555
2026-07-03T05:09:36.115694,2026-07-03T05:09:36.119138+00:00,112.9,3,bid,Xuanyu Liu,YieldingYams,5322560
2026-07-03T05:09:36.396958,2026-07-03T05:09:36.405080+00:00,112.9,500,bid,AverageAlmonds,YieldingYams,5322563
2026-07-03T05:09:36.889221,2026-07-03T05:09:36.900821+00:00,112.9,22,bid,Zihao Wu,YieldingYams,5322574
2026-07-03T05:09:36.989865,2026-07-03T05:09:36.998690+00:00,112.9,100,bid,AverageAlmonds,YieldingYams,5322576
2026-07-03T05:09:37.389461,2026-07-03T05:09:37.399205+00:00,113.0,200,bid,YieldingYams,WavyWalnuts,5322585
2026-07-03T05:09:38.009026,2026-07-03T05:09:38.020432+00:00,113.0,20,ask,YieldingYams,BrilliantBurritos,5322596
2026-07-03T05:09:38.874704,2026-07-03T05:09:38.885544+00:00,113.2,200,bid,WavyWalnuts,YieldingYams,5322604
2026-07-03T05:09:40.078337,2026-07-03T05:09:40.086580+00:00,113.1,25,ask,YieldingYams,Alice Feng,5322614
2026-07-03T05:09:40.286510,2026-07-03T05:09:40.298223+00:00,113.1,25,ask,YieldingYams,Alice Feng,5322618
2026-07-03T05:09:40.497734,2026-07-03T05:09:40.509066+00:00,113.1,25,ask,YieldingYams,Alice Feng,5322622
2026-07-03T05:09:40.706709,2026-07-03T05:09:40.714898+00:00,113.1,25,ask,YieldingYams,Alice Feng,5322626
2026-07-03T05:09:42.524163,2026-07-03T05:09:42.535481+00:00,113.1,200,ask,YieldingYams,WavyWalnuts,5322659
2026-07-03T05:09:43.942463,2026-07-03T05:09:43.953111+00:00,113.2,200,bid,YieldingYams,WavyWalnuts,5322676
2026-07-03T05:09:44.941840,2026-07-03T05:09:44.952808+00:00,113.2,200,ask,YieldingYams,WavyWalnuts,5322692
2026-07-03T05:09:45.279805,2026-07-03T05:09:45.291609+00:00,113.2,20,bid,BrilliantBurritos,YieldingYams,5322697
2026-07-03T05:09:46.559996,2026-07-03T05:09:46.569532+00:00,113.1,200,bid,YieldingYams,WavyWalnuts,5322712
2026-07-03T05:09:50.641390,2026-07-03T05:09:50.658613+00:00,113.0,20,ask,AverageAlmonds,BrilliantBurritos,5322777
2026-07-03T05:09:52.193113,2026-07-03T05:09:52.200908+00:00,113.0,200,ask,YieldingYams,WavyWalnuts,5322799
2026-07-03T05:09:54.504285,2026-07-03T05:09:54.513639+00:00,112.8,20,ask,WavyWalnuts,BrilliantBurritos,5322849
2026-07-03T05:09:55.737022,2026-07-03T05:09:55.746654+00:00,112.9,200,bid,YieldingYams,WavyWalnuts,5322875
2026-07-03T05:09:56.962306,2026-07-03T05:09:56.973639+00:00,112.9,22,ask,YieldingYams,Zihao Wu,5322894
2026-07-03T05:09:58.353985,2026-07-03T05:09:58.358549+00:00,112.9,500,ask,AverageAlmonds,YieldingYams,5322914
2026-07-03T05:09:58.353985,2026-07-03T05:09:58.358549+00:00,112.9,125,ask,WavyWalnuts,YieldingYams,5322915
2026-07-03T05:09:59.450120,2026-07-03T05:09:59.458608+00:00,113.0,200,ask,AverageAlmonds,WavyWalnuts,5322929
2026-07-03T05:10:00.659547,2026-07-03T05:10:00.668930+00:00,113.1,200,ask,YieldingYams,WavyWalnuts,5322949
2026-07-03T05:10:00.970892,2026-07-03T05:10:00.989304+00:00,113.0,500,ask,AverageAlmonds,YieldingYams,5322953
2026-07-03T05:10:00.985457,2026-07-03T05:10:00.989304+00:00,113.0,26,bid,Xuanyu Liu,YieldingYams,5322956
2026-07-03T05:10:01.155001,2026-07-03T05:10:01.158627+00:00,113.0,25,bid,Alice Feng,YieldingYams,5322959
2026-07-03T05:10:01.210747,2026-07-03T05:10:01.218712+00:00,113.0,74,bid,AverageAlmonds,YieldingYams,5322962
2026-07-03T05:10:01.871659,2026-07-03T05:10:01.879317+00:00,113.0,200,ask,AverageAlmonds,WavyWalnuts,5322975
2026-07-03T05:10:03.168488,2026-07-03T05:10:03.180078+00:00,113.2,25,bid,Alice Feng,WavyWalnuts,5322998
2026-07-03T05:10:03.378388,2026-07-03T05:10:03.389821+00:00,113.2,25,bid,Alice Feng,WavyWalnuts,5323001
2026-07-03T05:10:03.532568,2026-07-03T05:10:03.536377+00:00,113.1,23,ask,YieldingYams,Xuanyu Liu,5323005
2026-07-03T05:10:03.591918,2026-07-03T05:10:03.611558+00:00,113.2,150,bid,YieldingYams,WavyWalnuts,5323008
2026-07-03T05:10:03.608012,2026-07-03T05:10:03.611558+00:00,113.2,3,ask,YieldingYams,Xuanyu Liu,5323010
2026-07-03T05:10:06.216642,2026-07-03T05:10:06.227378+00:00,113.2,200,bid,YieldingYams,WavyWalnuts,5323054
2026-07-03T05:10:06.714747,2026-07-03T05:10:06.722513+00:00,113.3,200,ask,YieldingYams,WavyWalnuts,5323059
2026-07-03T05:10:07.546067,2026-07-03T05:10:07.549716+00:00,113.2,3,bid,Xuanyu Liu,YieldingYams,5323074
2026-07-03T05:10:07.595013,2026-07-03T05:10:07.601303+00:00,113.2,25,bid,Alice Feng,YieldingYams,5323078
2026-07-03T05:10:08.502183,2026-07-03T05:10:08.512313+00:00,113.2,500,bid,AverageAlmonds,YieldingYams,5323092
2026-07-03T05:10:08.840272,2026-07-03T05:10:08.848799+00:00,113.3,200,bid,YieldingYams,WavyWalnuts,5323096
2026-07-03T05:10:09.871258,2026-07-03T05:10:09.875106+00:00,113.3,3,ask,YieldingYams,Xuanyu Liu,5323124
2026-07-03T05:10:10.003735,2026-07-03T05:10:10.015263+00:00,113.3,25,ask,YieldingYams,Alice Feng,5323125
2026-07-03T05:10:10.154206,2026-07-03T05:10:10.165538+00:00,113.3,200,ask,WavyWalnuts,YieldingYams,5323131
2026-07-03T05:10:12.816974,2026-07-03T05:10:12.828743+00:00,113.3,25,ask,YieldingYams,Alice Feng,5323165
2026-07-03T05:10:13.990707,2026-07-03T05:10:14.006311+00:00,113.3,200,ask,YieldingYams,WavyWalnuts,5323183
2026-07-03T05:10:17.985406,2026-07-03T05:10:17.996096+00:00,113.1,22,bid,Zihao Wu,YieldingYams,5323258
2026-07-03T05:10:19.467591,2026-07-03T05:10:19.478897+00:00,113.0,25,ask,WavyWalnuts,Alice Feng,5323278
2026-07-03T05:10:19.675480,2026-07-03T05:10:19.687025+00:00,113.0,25,ask,WavyWalnuts,Alice Feng,5323283
2026-07-03T05:10:20.067440,2026-07-03T05:10:20.076834+00:00,113.1,200,bid,WavyWalnuts,YieldingYams,5323292
2026-07-03T05:10:20.663710,2026-07-03T05:10:20.667272+00:00,113.1,3,ask,YieldingYams,Xuanyu Liu,5323299
2026-07-03T05:10:21.280828,2026-07-03T05:10:21.289905+00:00,113.1,200,ask,YieldingYams,WavyWalnuts,5323310
2026-07-03T05:10:23.511636,2026-07-03T05:10:23.519018+00:00,113.1,20,ask,YieldingYams,BrilliantBurritos,5323338
2026-07-03T05:10:24.583670,2026-07-03T05:10:24.590973+00:00,113.2,200,bid,YieldingYams,WavyWalnuts,5323355
2026-07-03T05:10:24.914489,2026-07-03T05:10:24.921559+00:00,113.3,200,ask,YieldingYams,WavyWalnuts,5323358
2026-07-03T05:10:25.897303,2026-07-03T05:10:25.904567+00:00,113.1,200,ask,WavyWalnuts,YieldingYams,5323371
2026-07-03T05:10:26.117711,2026-07-03T05:10:26.129443+00:00,113.1,200,bid,WavyWalnuts,YieldingYams,5323374
2026-07-03T05:10:27.206639,2026-07-03T05:10:27.229083+00:00,113.3,200,bid,YieldingYams,WavyWalnuts,5323386
2026-07-03T05:10:27.225233,2026-07-03T05:10:27.229083+00:00,113.4,23,ask,YieldingYams,Xuanyu Liu,5323388
2026-07-03T05:10:27.326571,2026-07-03T05:10:27.336140+00:00,113.4,200,ask,YieldingYams,WavyWalnuts,5323390
2026-07-03T05:10:29.320194,2026-07-03T05:10:29.331614+00:00,113.5,20,bid,BrilliantBurritos,YieldingYams,5323430
2026-07-03T05:10:29.751845,2026-07-03T05:10:29.755058+00:00,113.4,11,ask,WavyWalnuts,Xuanyu Liu,5323435
2026-07-03T05:10:29.831003,2026-07-03T05:10:29.838404+00:00,113.4,189,ask,WavyWalnuts,YieldingYams,5323439
2026-07-03T05:10:29.864298,2026-07-03T05:10:29.867430+00:00,113.4,11,bid,Xuanyu Liu,YieldingYams,5323441
2026-07-03T05:10:32.150242,2026-07-03T05:10:32.160135+00:00,113.4,200,bid,WavyWalnuts,YieldingYams,5323487
2026-07-03T05:10:34.572966,2026-07-03T05:10:34.581722+00:00,113.3,200,ask,YieldingYams,WavyWalnuts,5323530
2026-07-03T05:10:38.081707,2026-07-03T05:10:38.093094+00:00,113.3,22,ask,WavyWalnuts,Zihao Wu,5323574
2026-07-03T05:10:38.215169,2026-07-03T05:10:38.218704+00:00,113.3,1,bid,Xuanyu Liu,WavyWalnuts,5323576
2026-07-03T05:10:38.338671,2026-07-03T05:10:38.342339+00:00,113.2,12,ask,YieldingYams,Xuanyu Liu,5323583
2026-07-03T05:10:39.428926,2026-07-03T05:10:39.435979+00:00,113.2,200,ask,YieldingYams,WavyWalnuts,5323603
2026-07-03T05:10:43.650619,2026-07-03T05:10:43.658564+00:00,113.3,20,ask,YieldingYams,BrilliantBurritos,5323680
2026-07-03T05:10:46.697990,2026-07-03T05:10:46.706847+00:00,113.4,200,ask,YieldingYams,WavyWalnuts,5323725
2026-07-03T05:10:47.252666,2026-07-03T05:10:47.254563+00:00,113.5,500,ask,YieldingYams,AverageAlmonds,5323733
2026-07-03T05:10:47.844468,2026-07-03T05:10:47.868955+00:00,113.5,125,ask,YieldingYams,AverageAlmonds,5323746
2026-07-03T05:10:47.865304,2026-07-03T05:10:47.868955+00:00,113.5,23,bid,Xuanyu Liu,AverageAlmonds,5323749
2026-07-03T05:10:47.921371,2026-07-03T05:10:47.924862+00:00,113.4,11,bid,Xuanyu Liu,WavyWalnuts,5323751
2026-07-03T05:10:48.203902,2026-07-03T05:10:48.207440+00:00,113.3,3,bid,Xuanyu Liu,YieldingYams,5323758
2026-07-03T05:10:49.947639,2026-07-03T05:10:49.958604+00:00,113.2,20,ask,WavyWalnuts,BrilliantBurritos,5323778
2026-07-03T05:10:50.989125,2026-07-03T05:10:50.993432+00:00,113.2,26,ask,WavyWalnuts,Xuanyu Liu,5323789
2026-07-03T05:10:52.145796,2026-07-03T05:10:52.149330+00:00,113.3,11,ask,YieldingYams,Xuanyu Liu,5323808
2026-07-03T05:10:52.743924,2026-07-03T05:10:52.758599+00:00,113.3,200,ask,YieldingYams,WavyWalnuts,5323816
2026-07-03T05:10:56.070688,2026-07-03T05:10:56.088372+00:00,113.2,200,ask,WavyWalnuts,YieldingYams,5323872
2026-07-03T05:10:56.084895,2026-07-03T05:10:56.088372+00:00,113.2,11,bid,Xuanyu Liu,YieldingYams,5323874
2026-07-03T05:10:56.335265,2026-07-03T05:10:56.345454+00:00,113.2,414,bid,AverageAlmonds,YieldingYams,5323881
2026-07-03T05:10:56.365943,2026-07-03T05:10:56.387492+00:00,113.2,86,ask,AverageAlmonds,WavyWalnuts,5323884
2026-07-03T05:10:56.383402,2026-07-03T05:10:56.387492+00:00,113.1,12,bid,Xuanyu Liu,WavyWalnuts,5323886
2026-07-03T05:10:56.931433,2026-07-03T05:10:56.940474+00:00,113.1,102,bid,AverageAlmonds,WavyWalnuts,5323889
2026-07-03T05:10:57.576466,2026-07-03T05:10:57.584849+00:00,113.3,200,ask,YieldingYams,WavyWalnuts,5323906
2026-07-03T05:10:58.707334,2026-07-03T05:10:58.710837+00:00,113.3,11,bid,Xuanyu Liu,YieldingYams,5323931
2026-07-03T05:10:59.993908,2026-07-03T05:11:00.000399+00:00,113.3,200,bid,WavyWalnuts,YieldingYams,5323950
2026-07-03T05:11:02.635119,2026-07-03T05:11:02.641985+00:00,113.2,500,ask,AverageAlmonds,YieldingYams,5323985
2026-07-03T05:11:02.635119,2026-07-03T05:11:02.647169+00:00,113.2,125,ask,WavyWalnuts,YieldingYams,5323986
2026-07-03T05:11:04.851223,2026-07-03T05:11:04.858598+00:00,113.3,200,ask,AverageAlmonds,WavyWalnuts,5324010
2026-07-03T05:11:07.541602,2026-07-03T05:11:07.558723+00:00,113.5,20,bid,BrilliantBurritos,YieldingYams,5324057
2026-07-03T05:11:09.688734,2026-07-03T05:11:09.695292+00:00,113.3,200,ask,YieldingYams,WavyWalnuts,5324092
2026-07-03T05:11:13.129874,2026-07-03T05:11:13.137505+00:00,113.3,200,ask,WavyWalnuts,YieldingYams,5324163
2026-07-03T05:11:13.129874,2026-07-03T05:11:13.137505+00:00,113.3,425,ask,AverageAlmonds,YieldingYams,5324164
2026-07-03T05:11:14.435622,2026-07-03T05:11:14.444071+00:00,113.5,200,bid,YieldingYams,WavyWalnuts,5324181
2026-07-03T05:11:14.522715,2026-07-03T05:11:14.533822+00:00,113.6,200,ask,YieldingYams,WavyWalnuts,5324184
2026-07-03T05:11:15.755300,2026-07-03T05:11:15.769293+00:00,113.6,200,ask,WavyWalnuts,YieldingYams,5324212
2026-07-03T05:11:15.776055,2026-07-03T05:11:15.779915+00:00,113.4,3,bid,Xuanyu Liu,YieldingYams,5324214
2026-07-03T05:11:16.944091,2026-07-03T05:11:16.951747+00:00,113.4,200,bid,WavyWalnuts,YieldingYams,5324238
2026-07-03T05:11:18.156583,2026-07-03T05:11:18.163635+00:00,113.5,200,ask,YieldingYams,WavyWalnuts,5324260
2026-07-03T05:11:19.363732,2026-07-03T05:11:19.372131+00:00,113.5,200,ask,YieldingYams,WavyWalnuts,5324280
2026-07-03T05:11:22.991361,2026-07-03T05:11:23.005215+00:00,113.5,200,ask,YieldingYams,WavyWalnuts,5324341
2026-07-03T05:11:23.568112,2026-07-03T05:11:23.576525+00:00,113.5,425,ask,YieldingYams,AverageAlmonds,5324347
2026-07-03T05:11:24.903005,2026-07-03T05:11:24.914609+00:00,113.3,20,ask,YieldingYams,BrilliantBurritos,5324372
2026-07-03T05:11:25.980564,2026-07-03T05:11:25.989023+00:00,113.3,500,ask,YieldingYams,AverageAlmonds,5324384
2026-07-03T05:11:26.264878,2026-07-03T05:11:26.276561+00:00,113.3,200,ask,WavyWalnuts,YieldingYams,5324391
2026-07-03T05:11:26.621837,2026-07-03T05:11:26.632195+00:00,113.2,200,bid,WavyWalnuts,YieldingYams,5324400
2026-07-03T05:11:27.576574,2026-07-03T05:11:27.586491+00:00,113.3,500,bid,YieldingYams,AverageAlmonds,5324418
2026-07-03T05:11:27.591884,2026-07-03T05:11:27.595280+00:00,113.4,26,ask,YieldingYams,Xuanyu Liu,5324420
2026-07-03T05:11:27.802667,2026-07-03T05:11:27.810608+00:00,113.4,99,ask,YieldingYams,AverageAlmonds,5324425
2026-07-03T05:11:28.894941,2026-07-03T05:11:28.905390+00:00,113.2,200,ask,WavyWalnuts,YieldingYams,5324446
2026-07-03T05:11:28.948298,2026-07-03T05:11:28.952222+00:00,113.2,23,bid,Xuanyu Liu,YieldingYams,5324450
2026-07-03T05:11:32.323922,2026-07-03T05:11:32.335655+00:00,113.2,20,ask,YieldingYams,BrilliantBurritos,5324499
2026-07-03T05:11:32.854852,2026-07-03T05:11:32.855234+00:00,113.2,200,ask,WavyWalnuts,YieldingYams,5324505
2026-07-03T05:11:39.438420,2026-07-03T05:11:39.446654+00:00,113.2,200,bid,YieldingYams,WavyWalnuts,5324628
2026-07-03T05:11:39.438420,2026-07-03T05:11:39.446654+00:00,113.3,425,bid,YieldingYams,AverageAlmonds,5324629
2026-07-03T05:11:40.525782,2026-07-03T05:11:40.536970+00:00,113.2,200,ask,WavyWalnuts,AverageAlmonds,5324650
2026-07-03T05:11:42.058847,2026-07-03T05:11:42.070160+00:00,113.1,200,ask,WavyWalnuts,YieldingYams,5324666
2026-07-03T05:11:42.086329,2026-07-03T05:11:42.097782+00:00,113.1,20,bid,BrilliantBurritos,YieldingYams,5324667
2026-07-03T05:11:42.943523,2026-07-03T05:11:42.952602+00:00,113.0,20,ask,WavyWalnuts,BrilliantBurritos,5324680
2026-07-03T05:11:43.565840,2026-07-03T05:11:43.575935+00:00,113.2,200,bid,WavyWalnuts,YieldingYams,5324689
2026-07-03T05:11:44.675694,2026-07-03T05:11:44.683126+00:00,113.1,500,bid,YieldingYams,AverageAlmonds,5324706
2026-07-03T05:11:44.761688,2026-07-03T05:11:44.769014+00:00,113.2,125,ask,YieldingYams,AverageAlmonds,5324709
2026-07-03T05:11:45.983634,2026-07-03T05:11:45.990408+00:00,113.1,200,ask,WavyWalnuts,YieldingYams,5324732
2026-07-03T05:11:45.993006,2026-07-03T05:11:46.000856+00:00,112.8,200,bid,WavyWalnuts,YieldingYams,5324733
2026-07-03T05:11:47.204794,2026-07-03T05:11:47.213415+00:00,112.8,200,bid,WavyWalnuts,YieldingYams,5324746
2026-07-03T05:11:51.082356,2026-07-03T05:11:51.085664+00:00,113.2,3,bid,Xuanyu Liu,AverageAlmonds,5324795
2026-07-03T05:11:52.041760,2026-07-03T05:11:52.058591+00:00,113.2,200,bid,WavyWalnuts,YieldingYams,5324812
2026-07-03T05:11:56.457569,2026-07-03T05:11:56.468913+00:00,113.0,200,bid,YieldingYams,WavyWalnuts,5324887
2026-07-03T05:11:56.884428,2026-07-03T05:11:56.891981+00:00,113.0,200,ask,YieldingYams,WavyWalnuts,5324893
2026-07-03T05:11:58.392287,2026-07-03T05:11:58.396277+00:00,113.0,3,bid,Xuanyu Liu,YieldingYams,5324922
2026-07-03T05:11:58.467765,2026-07-03T05:11:58.479366+00:00,113.0,25,bid,Alice Feng,YieldingYams,5324924
2026-07-03T05:11:58.687753,2026-07-03T05:11:58.695411+00:00,113.0,25,bid,Alice Feng,YieldingYams,5324929
2026-07-03T05:11:58.897035,2026-07-03T05:11:58.903849+00:00,113.0,25,bid,Alice Feng,YieldingYams,5324934
2026-07-03T05:11:59.106236,2026-07-03T05:11:59.113314+00:00,113.0,25,bid,Alice Feng,WavyWalnuts,5324940
2026-07-03T05:11:59.325420,2026-07-03T05:11:59.332073+00:00,112.9,25,bid,Alice Feng,WavyWalnuts,5324949
2026-07-03T05:11:59.538744,2026-07-03T05:11:59.545593+00:00,112.9,25,bid,Alice Feng,WavyWalnuts,5324956
2026-07-03T05:11:59.748308,2026-07-03T05:11:59.758602+00:00,112.9,25,bid,Alice Feng,WavyWalnuts,5324959
2026-07-03T05:11:59.957131,2026-07-03T05:11:59.964294+00:00,112.9,25,bid,Alice Feng,WavyWalnuts,5324962
2026-07-03T05:12:02.934509,2026-07-03T05:12:02.943969+00:00,113.0,200,bid,WavyWalnuts,YieldingYams,5325001
2026-07-03T05:12:05.367094,2026-07-03T05:12:05.374713+00:00,113.0,200,ask,YieldingYams,WavyWalnuts,5325047
2026-07-03T05:12:06.928727,2026-07-03T05:12:06.934950+00:00,113.0,200,ask,WavyWalnuts,YieldingYams,5325076
2026-07-03T05:12:07.795396,2026-07-03T05:12:07.802375+00:00,112.8,20,ask,YieldingYams,BrilliantBurritos,5325095
2026-07-03T05:12:09.568596,2026-07-03T05:12:09.579442+00:00,112.9,200,bid,AverageAlmonds,WavyWalnuts,5325128
2026-07-03T05:12:09.568596,2026-07-03T05:12:09.579442+00:00,112.9,300,bid,AverageAlmonds,YieldingYams,5325129
2026-07-03T05:12:10.466975,2026-07-03T05:12:10.478744+00:00,112.9,20,bid,BrilliantBurritos,YieldingYams,5325141
2026-07-03T05:12:10.852375,2026-07-03T05:12:10.858581+00:00,112.9,200,bid,YieldingYams,WavyWalnuts,5325151
2026-07-03T05:12:12.163025,2026-07-03T05:12:12.169269+00:00,113.0,200,ask,WavyWalnuts,YieldingYams,5325175
2026-07-03T05:12:12.180496,2026-07-03T05:12:12.184127+00:00,113.0,11,bid,Xuanyu Liu,YieldingYams,5325177
2026-07-03T05:12:13.471936,2026-07-03T05:12:13.492442+00:00,112.9,200,ask,WavyWalnuts,YieldingYams,5325192
2026-07-03T05:12:13.488863,2026-07-03T05:12:13.492442+00:00,112.9,12,bid,Xuanyu Liu,YieldingYams,5325194
2026-07-03T05:12:14.779365,2026-07-03T05:12:14.786996+00:00,112.9,200,bid,YieldingYams,WavyWalnuts,5325209
2026-07-03T05:12:15.050764,2026-07-03T05:12:15.068677+00:00,112.9,200,ask,YieldingYams,WavyWalnuts,5325220
2026-07-03T05:12:17.395966,2026-07-03T05:12:17.404715+00:00,112.8,200,bid,YieldingYams,WavyWalnuts,5325268
2026-07-03T05:12:21.106287,2026-07-03T05:12:21.117293+00:00,112.7,200,ask,YieldingYams,WavyWalnuts,5325328
2026-07-03T05:12:23.520246,2026-07-03T05:12:23.528422+00:00,112.9,200,bid,WavyWalnuts,YieldingYams,5325363
2026-07-03T05:12:24.727385,2026-07-03T05:12:24.736599+00:00,113.0,200,bid,WavyWalnuts,YieldingYams,5325383
2026-07-03T05:12:25.274459,2026-07-03T05:12:25.281263+00:00,112.7,20,ask,AverageAlmonds,BrilliantBurritos,5325392
2026-07-03T05:12:25.936248,2026-07-03T05:12:25.945788+00:00,112.8,200,bid,WavyWalnuts,YieldingYams,5325414
2026-07-03T05:12:26.610488,2026-07-03T05:12:26.618311+00:00,112.7,20,ask,AverageAlmonds,BrilliantBurritos,5325419
2026-07-03T05:12:27.145630,2026-07-03T05:12:27.152248+00:00,112.8,200,bid,WavyWalnuts,YieldingYams,5325427
2026-07-03T05:12:28.354634,2026-07-03T05:12:28.364000+00:00,112.8,200,bid,WavyWalnuts,YieldingYams,5325437
2026-07-03T05:12:29.561604,2026-07-03T05:12:29.568926+00:00,112.9,200,bid,WavyWalnuts,YieldingYams,5325451
2026-07-03T05:12:31.797933,2026-07-03T05:12:31.802528+00:00,112.9,200,bid,YieldingYams,WavyWalnuts,5325468
2026-07-03T05:12:32.337606,2026-07-03T05:12:32.348480+00:00,113.1,20,bid,BrilliantBurritos,YieldingYams,5325473
2026-07-03T05:12:36.385655,2026-07-03T05:12:36.389274+00:00,113.0,12,ask,YieldingYams,Xuanyu Liu,5325531
2026-07-03T05:12:36.819261,2026-07-03T05:12:36.825758+00:00,113.0,200,ask,YieldingYams,WavyWalnuts,5325533
2026-07-03T05:12:38.517143,2026-07-03T05:12:38.521122+00:00,112.9,14,ask,WavyWalnuts,Xuanyu Liu,5325567
2026-07-03T05:12:38.633259,2026-07-03T05:12:38.644162+00:00,112.9,25,ask,WavyWalnuts,Alice Feng,5325569
2026-07-03T05:12:38.844498,2026-07-03T05:12:38.858542+00:00,112.9,25,ask,WavyWalnuts,Alice Feng,5325573
2026-07-03T05:12:38.853326,2026-07-03T05:12:38.868889+00:00,113.0,2,bid,Alice Feng,YieldingYams,5325575
2026-07-03T05:12:39.057609,2026-07-03T05:12:39.069123+00:00,113.0,2,bid,Alice Feng,YieldingYams,5325577
2026-07-03T05:12:39.256623,2026-07-03T05:12:39.257403+00:00,113.0,200,bid,WavyWalnuts,YieldingYams,5325582
2026-07-03T05:12:39.269686,2026-07-03T05:12:39.279959+00:00,113.0,2,bid,Alice Feng,YieldingYams,5325585
2026-07-03T05:12:39.474049,2026-07-03T05:12:39.485866+00:00,113.0,2,bid,Alice Feng,YieldingYams,5325587
2026-07-03T05:12:39.904793,2026-07-03T05:12:39.912585+00:00,113.1,20,bid,BrilliantBurritos,YieldingYams,5325600
2026-07-03T05:12:41.673820,2026-07-03T05:12:41.680475+00:00,112.9,200,ask,YieldingYams,WavyWalnuts,5325638
2026-07-03T05:12:44.903064,2026-07-03T05:12:44.914785+00:00,112.9,25,ask,WavyWalnuts,Alice Feng,5325688
2026-07-03T05:12:45.115150,2026-07-03T05:12:45.126700+00:00,112.9,25,ask,YieldingYams,Alice Feng,5325694
2026-07-03T05:12:45.324553,2026-07-03T05:12:45.331836+00:00,112.9,25,ask,WavyWalnuts,Alice Feng,5325699
2026-07-03T05:12:45.532535,2026-07-03T05:12:45.544204+00:00,112.9,25,ask,YieldingYams,Alice Feng,5325706
2026-07-03T05:12:47.543782,2026-07-03T05:12:47.558590+00:00,113.0,200,bid,YieldingYams,WavyWalnuts,5325731
2026-07-03T05:12:51.151397,2026-07-03T05:12:51.157297+00:00,112.9,25,ask,YieldingYams,Alice Feng,5325778
2026-07-03T05:12:51.367746,2026-07-03T05:12:51.374787+00:00,112.9,25,ask,YieldingYams,Alice Feng,5325784
2026-07-03T05:12:51.577975,2026-07-03T05:12:51.588501+00:00,112.9,8,ask,WavyWalnuts,Alice Feng,5325786
2026-07-03T05:12:53.790064,2026-07-03T05:12:53.800573+00:00,113.0,200,bid,WavyWalnuts,YieldingYams,5325824
2026-07-03T05:12:54.102985,2026-07-03T05:12:54.106614+00:00,113.0,3,ask,YieldingYams,Xuanyu Liu,5325827
2026-07-03T05:12:55.013357,2026-07-03T05:12:55.016841+00:00,113.1,3,bid,Xuanyu Liu,WavyWalnuts,5325840
2026-07-03T05:12:55.403197,2026-07-03T05:12:55.409624+00:00,113.1,197,bid,YieldingYams,WavyWalnuts,5325846
2026-07-03T05:12:55.403197,2026-07-03T05:12:55.415064+00:00,113.2,428,bid,YieldingYams,AverageAlmonds,5325847
2026-07-03T05:12:57.415751,2026-07-03T05:12:57.425640+00:00,113.0,200,bid,WavyWalnuts,YieldingYams,5325870
2026-07-03T05:12:58.071072,2026-07-03T05:12:58.078135+00:00,112.9,20,ask,YieldingYams,BrilliantBurritos,5325876
2026-07-03T05:12:59.369040,2026-07-03T05:12:59.379696+00:00,113.0,200,bid,YieldingYams,WavyWalnuts,5325900
2026-07-03T05:12:59.833628,2026-07-03T05:12:59.844034+00:00,113.0,200,ask,YieldingYams,WavyWalnuts,5325910
2026-07-03T05:13:01.040184,2026-07-03T05:13:01.058590+00:00,113.0,200,bid,WavyWalnuts,YieldingYams,5325930
2026-07-03T05:13:05.825526,2026-07-03T05:13:05.837139+00:00,113.0,20,ask,WavyWalnuts,BrilliantBurritos,5325995
2026-07-03T05:13:07.114428,2026-07-03T05:13:07.121310+00:00,113.0,200,bid,WavyWalnuts,AverageAlmonds,5326009
2026-07-03T05:13:08.544770,2026-07-03T05:13:08.558584+00:00,113.0,500,bid,YieldingYams,AverageAlmonds,5326032
2026-07-03T05:13:08.544770,2026-07-03T05:13:08.558584+00:00,113.0,125,bid,YieldingYams,WavyWalnuts,5326033
2026-07-03T05:13:15.592136,2026-07-03T05:13:15.600143+00:00,112.9,200,ask,YieldingYams,WavyWalnuts,5326135
2026-07-03T05:13:16.464733,2026-07-03T05:13:16.468495+00:00,113.0,37,bid,Xuanyu Liu,YieldingYams,5326144
2026-07-03T05:13:16.660112,2026-07-03T05:13:16.671865+00:00,113.0,25,bid,Alice Feng,YieldingYams,5326146
2026-07-03T05:13:16.668013,2026-07-03T05:13:16.677056+00:00,112.8,2,ask,YieldingYams,Alice Feng,5326147
2026-07-03T05:13:16.872939,2026-07-03T05:13:16.884673+00:00,112.8,2,ask,YieldingYams,Alice Feng,5326151
2026-07-03T05:13:17.079340,2026-07-03T05:13:17.090909+00:00,112.8,2,ask,YieldingYams,Alice Feng,5326154
2026-07-03T05:13:17.379493,2026-07-03T05:13:17.391404+00:00,112.8,2,ask,YieldingYams,Alice Feng,5326156
2026-07-03T05:13:17.661674,2026-07-03T05:13:17.673194+00:00,112.9,25,bid,Alice Feng,WavyWalnuts,5326164
2026-07-03T05:13:17.875038,2026-07-03T05:13:17.886594+00:00,112.9,25,bid,Alice Feng,WavyWalnuts,5326176
2026-07-03T05:13:18.089111,2026-07-03T05:13:18.163612+00:00,112.9,25,bid,Alice Feng,YieldingYams,5326185
2026-07-03T05:13:18.297532,2026-07-03T05:13:18.304811+00:00,112.9,25,bid,Alice Feng,YieldingYams,5326190
2026-07-03T05:13:18.361186,2026-07-03T05:13:18.372928+00:00,112.8,2,ask,WavyWalnuts,Alice Feng,5326191
2026-07-03T05:13:18.583415,2026-07-03T05:13:18.591114+00:00,112.8,2,ask,WavyWalnuts,Alice Feng,5326193
2026-07-03T05:13:19.291723,2026-07-03T05:13:19.298955+00:00,112.7,20,ask,YieldingYams,BrilliantBurritos,5326203
2026-07-03T05:13:20.340981,2026-07-03T05:13:20.400236+00:00,112.8,200,bid,YieldingYams,WavyWalnuts,5326222
2026-07-03T05:13:20.397053,2026-07-03T05:13:20.400236+00:00,112.9,23,ask,YieldingYams,Xuanyu Liu,5326229
2026-07-03T05:13:20.438017,2026-07-03T05:13:20.447934+00:00,112.9,200,ask,YieldingYams,WavyWalnuts,5326231
2026-07-03T05:13:21.646939,2026-07-03T05:13:21.653482+00:00,112.9,200,ask,YieldingYams,WavyWalnuts,5326244
2026-07-03T05:13:21.796896,2026-07-03T05:13:21.804648+00:00,112.8,25,bid,Alice Feng,YieldingYams,5326252
2026-07-03T05:13:21.800454,2026-07-03T05:13:21.809670+00:00,112.7,2,ask,AverageAlmonds,Alice Feng,5326253
2026-07-03T05:13:22.004530,2026-07-03T05:13:22.015844+00:00,112.7,2,ask,AverageAlmonds,Alice Feng,5326255
2026-07-03T05:13:22.208575,2026-07-03T05:13:22.215748+00:00,112.7,2,ask,WavyWalnuts,Alice Feng,5326257
2026-07-03T05:13:22.233825,2026-07-03T05:13:22.241690+00:00,112.8,500,bid,AverageAlmonds,YieldingYams,5326259
2026-07-03T05:13:22.413197,2026-07-03T05:13:22.420911+00:00,112.7,2,ask,AverageAlmonds,Alice Feng,5326265
2026-07-03T05:13:22.617304,2026-07-03T05:13:22.629007+00:00,112.7,1,ask,WavyWalnuts,Alice Feng,5326267
2026-07-03T05:13:22.621820,2026-07-03T05:13:22.629007+00:00,112.7,20,ask,WavyWalnuts,BrilliantBurritos,5326268
2026-07-03T05:13:22.820391,2026-07-03T05:13:22.829014+00:00,112.8,100,bid,AverageAlmonds,YieldingYams,5326269
2026-07-03T05:13:22.981554,2026-07-03T05:13:22.985279+00:00,113.0,11,ask,YieldingYams,Xuanyu Liu,5326275
2026-07-03T05:13:24.068424,2026-07-03T05:13:24.079828+00:00,113.0,200,ask,YieldingYams,WavyWalnuts,5326285
2026-07-03T05:13:25.589604,2026-07-03T05:13:25.595938+00:00,112.9,200,ask,WavyWalnuts,YieldingYams,5326310
2026-07-03T05:13:26.482239,2026-07-03T05:13:26.492167+00:00,112.9,200,bid,WavyWalnuts,YieldingYams,5326324
2026-07-03T05:13:26.585255,2026-07-03T05:13:26.596698+00:00,112.8,20,ask,AverageAlmonds,BrilliantBurritos,5326327
2026-07-03T05:13:28.213151,2026-07-03T05:13:28.224354+00:00,113.0,200,bid,YieldingYams,WavyWalnuts,5326347
2026-07-03T05:13:29.237854,2026-07-03T05:13:29.246793+00:00,113.1,25,bid,Alice Feng,WavyWalnuts,5326366
2026-07-03T05:13:29.446485,2026-07-03T05:13:29.458575+00:00,113.1,25,bid,Alice Feng,WavyWalnuts,5326372
2026-07-03T05:13:29.552720,2026-07-03T05:13:29.556151+00:00,113.0,11,bid,Xuanyu Liu,YieldingYams,5326379
2026-07-03T05:13:29.654883,2026-07-03T05:13:29.656866+00:00,113.0,21,bid,Alice Feng,YieldingYams,5326381
2026-07-03T05:13:31.418799,2026-07-03T05:13:31.427262+00:00,112.9,20,ask,YieldingYams,BrilliantBurritos,5326403
2026-07-03T05:13:32.311809,2026-07-03T05:13:32.315590+00:00,112.8,11,ask,WavyWalnuts,Xuanyu Liu,5326422
2026-07-03T05:13:32.559522,2026-07-03T05:13:32.563305+00:00,112.9,3,ask,WavyWalnuts,Xuanyu Liu,5326427
2026-07-03T05:13:33.423000,2026-07-03T05:13:33.434830+00:00,113.0,20,bid,BrilliantBurritos,YieldingYams,5326433
