timestamp,recv_time,price,volume,aggressor_side,buyer,seller,trade_id
2026-07-10T07:00:00.401253,2026-07-10T07:00:00.523187+00:00,110.4,5,bid,WavyWalnuts,Xinhong Shan,14972326
2026-07-10T07:00:06.767686,2026-07-10T07:00:06.775951+00:00,110.3,5,ask,Xinhong Shan,WavyWalnuts,14972451
2026-07-10T07:00:06.767686,2026-07-10T07:00:06.781394+00:00,110.3,195,ask,AverageAlmonds,WavyWalnuts,14972452
2026-07-10T07:00:09.684135,2026-07-10T07:00:09.764075+00:00,110.3,5,ask,Xinhong Shan,YieldingYams,14972509
2026-07-10T07:00:11.978715,2026-07-10T07:00:12.059052+00:00,110.3,5,bid,AverageAlmonds,Xinhong Shan,14972559
2026-07-10T07:00:11.978715,2026-07-10T07:00:12.059052+00:00,110.3,200,bid,AverageAlmonds,WavyWalnuts,14972560
2026-07-10T07:00:12.314601,2026-07-10T07:00:12.363655+00:00,110.3,295,ask,AverageAlmonds,YieldingYams,14972567
2026-07-10T07:00:12.314601,2026-07-10T07:00:12.363655+00:00,110.3,5,ask,Xinhong Shan,YieldingYams,14972568
2026-07-10T07:00:12.566532,2026-07-10T07:00:12.574222+00:00,110.2,325,bid,AverageAlmonds,YieldingYams,14972571
2026-07-10T07:00:14.936469,2026-07-10T07:00:15.059229+00:00,110.4,200,bid,YieldingYams,WavyWalnuts,14972623
2026-07-10T07:00:14.936469,2026-07-10T07:00:15.059229+00:00,110.4,5,bid,YieldingYams,Xinhong Shan,14972624
2026-07-10T07:00:14.936469,2026-07-10T07:00:15.059229+00:00,110.5,1,bid,YieldingYams,Kelvin Chan,14972625
2026-07-10T07:00:14.994229,2026-07-10T07:00:15.059229+00:00,110.5,419,ask,YieldingYams,AverageAlmonds,14972631
2026-07-10T07:00:17.568563,2026-07-10T07:00:17.580158+00:00,110.3,5,ask,Xinhong Shan,YieldingYams,14972680
2026-07-10T07:00:17.568563,2026-07-10T07:00:17.580158+00:00,110.2,200,ask,WavyWalnuts,YieldingYams,14972681
2026-07-10T07:00:17.662635,2026-07-10T07:00:17.674601+00:00,110.1,200,bid,WavyWalnuts,YieldingYams,14972685
2026-07-10T07:00:18.880496,2026-07-10T07:00:18.892026+00:00,110.1,5,bid,YieldingYams,Xinhong Shan,14972715
2026-07-10T07:00:18.880496,2026-07-10T07:00:18.892026+00:00,110.2,200,bid,YieldingYams,WavyWalnuts,14972716
2026-07-10T07:00:20.203113,2026-07-10T07:00:20.263692+00:00,110.2,5,ask,Xinhong Shan,YieldingYams,14972744
2026-07-10T07:00:20.203113,2026-07-10T07:00:20.263692+00:00,110.2,200,ask,WavyWalnuts,YieldingYams,14972745
2026-07-10T07:00:21.517191,2026-07-10T07:00:21.568708+00:00,110.2,200,bid,YieldingYams,WavyWalnuts,14972765
2026-07-10T07:00:21.517191,2026-07-10T07:00:21.568708+00:00,110.2,5,bid,YieldingYams,Xinhong Shan,14972766
2026-07-10T07:00:22.130250,2026-07-10T07:00:22.168734+00:00,110.2,20,ask,YieldingYams,BrilliantBurritos,14972779
2026-07-10T07:00:22.499958,2026-07-10T07:00:22.558592+00:00,110.2,200,ask,WavyWalnuts,YieldingYams,14972793
2026-07-10T07:00:23.713686,2026-07-10T07:00:23.763952+00:00,110.2,200,ask,YieldingYams,WavyWalnuts,14972812
2026-07-10T07:00:24.160728,2026-07-10T07:00:24.169247+00:00,110.2,5,ask,Xinhong Shan,YieldingYams,14972822
2026-07-10T07:00:24.231972,2026-07-10T07:00:24.193649+00:00,110.2,20,bid,BrilliantBurritos,YieldingYams,14972824
2026-07-10T07:00:24.922673,2026-07-10T07:00:24.964150+00:00,110.2,200,bid,WavyWalnuts,YieldingYams,14972832
2026-07-10T07:00:26.137059,2026-07-10T07:00:26.158620+00:00,110.2,200,bid,WavyWalnuts,YieldingYams,14972868
2026-07-10T07:00:26.790540,2026-07-10T07:00:26.889279+00:00,110.2,500,bid,YieldingYams,AverageAlmonds,14972888
2026-07-10T07:00:26.790540,2026-07-10T07:00:26.889279+00:00,110.2,5,bid,YieldingYams,Xinhong Shan,14972889
2026-07-10T07:00:26.790540,2026-07-10T07:00:26.889279+00:00,110.3,10,bid,YieldingYams,Kelvin Chan,14972890
2026-07-10T07:00:26.883170,2026-07-10T07:00:26.889279+00:00,110.3,26,ask,YieldingYams,Xuanyu Liu,14972895
2026-07-10T07:00:27.101794,2026-07-10T07:00:27.094572+00:00,110.3,84,ask,YieldingYams,AverageAlmonds,14972899
2026-07-10T07:00:29.061949,2026-07-10T07:00:29.068016+00:00,110.1,1,bid,Xuanyu Liu,YieldingYams,14972933
2026-07-10T07:00:29.799197,2026-07-10T07:00:29.868724+00:00,110.1,5,bid,WavyWalnuts,Xinhong Shan,14972947
2026-07-10T07:00:29.876791,2026-07-10T07:00:29.881775+00:00,110.1,1,ask,WavyWalnuts,Xuanyu Liu,14972954
2026-07-10T07:00:30.775981,2026-07-10T07:00:30.789973+00:00,110.1,194,ask,WavyWalnuts,YieldingYams,14972970
2026-07-10T07:00:30.775981,2026-07-10T07:00:30.789973+00:00,110.1,5,ask,Xinhong Shan,YieldingYams,14972971
2026-07-10T07:00:31.011974,2026-07-10T07:00:31.063635+00:00,110.0,1,ask,Kelvin Chan,WavyWalnuts,14972972
2026-07-10T07:00:31.011974,2026-07-10T07:00:31.063635+00:00,110.0,5,ask,Xinhong Shan,WavyWalnuts,14972973
2026-07-10T07:00:32.099138,2026-07-10T07:00:32.169117+00:00,110.0,194,bid,YieldingYams,WavyWalnuts,14972995
2026-07-10T07:00:32.099138,2026-07-10T07:00:32.169117+00:00,110.0,5,bid,YieldingYams,Xinhong Shan,14972996
2026-07-10T07:00:32.224972,2026-07-10T07:00:32.269263+00:00,110.1,200,ask,YieldingYams,WavyWalnuts,14972999
2026-07-10T07:00:32.726058,2026-07-10T07:00:32.763656+00:00,110.1,20,ask,YieldingYams,BrilliantBurritos,14973005
2026-07-10T07:00:33.439602,2026-07-10T07:00:33.464089+00:00,110.2,5,bid,WavyWalnuts,Xinhong Shan,14973022
2026-07-10T07:00:33.439602,2026-07-10T07:00:33.464089+00:00,110.2,195,bid,WavyWalnuts,AverageAlmonds,14973023
2026-07-10T07:00:34.782647,2026-07-10T07:00:34.789473+00:00,110.2,5,bid,WavyWalnuts,Xinhong Shan,14973042
2026-07-10T07:00:34.782647,2026-07-10T07:00:34.789473+00:00,110.2,18,bid,Xuanyu Liu,AverageAlmonds,14973043
2026-07-10T07:00:36.041403,2026-07-10T07:00:35.995201+00:00,110.1,5,ask,Xinhong Shan,YieldingYams,14973059
2026-07-10T07:00:36.041403,2026-07-10T07:00:36.063596+00:00,110.1,200,ask,WavyWalnuts,YieldingYams,14973060
2026-07-10T07:00:36.074057,2026-07-10T07:00:36.079757+00:00,110.1,3,bid,Xuanyu Liu,YieldingYams,14973062
2026-07-10T07:00:37.357481,2026-07-10T07:00:37.369292+00:00,110.1,5,bid,YieldingYams,Xinhong Shan,14973093
2026-07-10T07:00:37.886499,2026-07-10T07:00:37.892207+00:00,110.1,3,ask,YieldingYams,Xuanyu Liu,14973106
2026-07-10T07:00:37.941222,2026-07-10T07:00:37.964086+00:00,110.1,20,ask,YieldingYams,BrilliantBurritos,14973107
2026-07-10T07:00:39.555953,2026-07-10T07:00:39.563931+00:00,110.1,200,ask,YieldingYams,WavyWalnuts,14973139
2026-07-10T07:00:40.768031,2026-07-10T07:00:40.772107+00:00,110.1,200,ask,YieldingYams,WavyWalnuts,14973148
2026-07-10T07:00:41.296018,2026-07-10T07:00:41.358598+00:00,110.1,5,ask,Xinhong Shan,YieldingYams,14973156
2026-07-10T07:00:45.237010,2026-07-10T07:00:45.269577+00:00,110.0,4,bid,YieldingYams,Kelvin Chan,14973204
2026-07-10T07:00:45.237010,2026-07-10T07:00:45.269577+00:00,110.0,200,bid,YieldingYams,WavyWalnuts,14973205
2026-07-10T07:00:45.237010,2026-07-10T07:00:45.269577+00:00,110.0,5,bid,YieldingYams,Xinhong Shan,14973206
2026-07-10T07:00:46.561073,2026-07-10T07:00:46.569738+00:00,110.0,5,ask,Xinhong Shan,YieldingYams,14973222
2026-07-10T07:00:47.885607,2026-07-10T07:00:47.972382+00:00,109.9,200,ask,WavyWalnuts,YieldingYams,14973237
2026-07-10T07:00:47.885607,2026-07-10T07:00:47.972382+00:00,109.9,5,ask,Xinhong Shan,YieldingYams,14973238
2026-07-10T07:00:47.966927,2026-07-10T07:00:47.972382+00:00,109.9,3,bid,Xuanyu Liu,YieldingYams,14973241
2026-07-10T07:00:50.530765,2026-07-10T07:00:50.564713+00:00,109.9,5,bid,YieldingYams,Xinhong Shan,14973302
2026-07-10T07:00:50.620767,2026-07-10T07:00:50.659467+00:00,109.9,14,ask,YieldingYams,Xuanyu Liu,14973305
2026-07-10T07:00:51.727805,2026-07-10T07:00:51.764222+00:00,109.9,200,ask,YieldingYams,WavyWalnuts,14973321
2026-07-10T07:00:52.938794,2026-07-10T07:00:52.964093+00:00,109.9,5,ask,Xinhong Shan,WavyWalnuts,14973344
2026-07-10T07:00:52.938794,2026-07-10T07:00:52.964093+00:00,109.8,195,ask,YieldingYams,WavyWalnuts,14973345
2026-07-10T07:00:54.378485,2026-07-10T07:00:54.390412+00:00,109.9,500,bid,AverageAlmonds,YieldingYams,14973372
2026-07-10T07:00:55.013829,2026-07-10T07:00:55.060264+00:00,109.8,20,ask,YieldingYams,BrilliantBurritos,14973387
2026-07-10T07:00:55.379025,2026-07-10T07:00:55.458704+00:00,109.8,200,ask,YieldingYams,WavyWalnuts,14973395
2026-07-10T07:00:55.580099,2026-07-10T07:00:55.590551+00:00,109.9,5,bid,AverageAlmonds,Xinhong Shan,14973396
2026-07-10T07:00:56.589205,2026-07-10T07:00:56.658632+00:00,109.9,5,ask,Xinhong Shan,WavyWalnuts,14973416
2026-07-10T07:00:56.589205,2026-07-10T07:00:56.658632+00:00,109.9,195,ask,AverageAlmonds,WavyWalnuts,14973417
2026-07-10T07:00:57.155226,2026-07-10T07:00:57.168719+00:00,109.9,500,ask,AverageAlmonds,YieldingYams,14973425
2026-07-10T07:00:57.155226,2026-07-10T07:00:57.168719+00:00,109.9,5,ask,Xinhong Shan,WavyWalnuts,14973426
2026-07-10T07:00:58.466991,2026-07-10T07:00:58.474833+00:00,109.9,200,bid,YieldingYams,WavyWalnuts,14973456
2026-07-10T07:00:58.466991,2026-07-10T07:00:58.571257+00:00,109.9,5,bid,AverageAlmonds,Xinhong Shan,14973457
2026-07-10T07:00:58.466991,2026-07-10T07:00:58.571257+00:00,110.0,2,bid,YieldingYams,Kelvin Chan,14973458
2026-07-10T07:00:58.566379,2026-07-10T07:00:58.571257+00:00,110.0,12,ask,YieldingYams,Xuanyu Liu,14973464
2026-07-10T07:00:59.012679,2026-07-10T07:00:59.063676+00:00,110.0,200,ask,YieldingYams,WavyWalnuts,14973474
2026-07-10T07:00:59.790077,2026-07-10T07:00:59.858653+00:00,110.0,5,ask,Xinhong Shan,YieldingYams,14973487
2026-07-10T07:01:00.232620,2026-07-10T07:01:00.263695+00:00,109.9,200,bid,YieldingYams,WavyWalnuts,14973491
2026-07-10T07:01:00.706128,2026-07-10T07:01:00.758581+00:00,109.8,5,ask,Xinhong Shan,BrilliantBurritos,14973503
2026-07-10T07:01:02.673433,2026-07-10T07:01:02.758601+00:00,109.8,5,ask,Xinhong Shan,BrilliantBurritos,14973548
2026-07-10T07:01:02.673433,2026-07-10T07:01:02.758601+00:00,109.8,195,ask,AverageAlmonds,WavyWalnuts,14973549
2026-07-10T07:01:03.288158,2026-07-10T07:01:03.295487+00:00,109.7,7,ask,Kelvin Chan,Xuanyu Liu,14973561
2026-07-10T07:01:03.288158,2026-07-10T07:01:03.295487+00:00,109.7,4,ask,YieldingYams,Xuanyu Liu,14973562
2026-07-10T07:01:03.484479,2026-07-10T07:01:03.495636+00:00,109.7,4,ask,YieldingYams,Freddie Hurd-Wood,14973568
2026-07-10T07:01:06.317313,2026-07-10T07:01:06.364211+00:00,109.7,200,ask,YieldingYams,WavyWalnuts,14973623
2026-07-10T07:01:06.357388,2026-07-10T07:01:06.379862+00:00,109.7,5,ask,Xinhong Shan,YieldingYams,14973624
2026-07-10T07:01:06.357388,2026-07-10T07:01:06.379862+00:00,109.6,500,ask,AverageAlmonds,YieldingYams,14973625
2026-07-10T07:01:06.485275,2026-07-10T07:01:06.558579+00:00,109.6,120,bid,AverageAlmonds,YieldingYams,14973630
2026-07-10T07:01:07.986965,2026-07-10T07:01:08.058574+00:00,109.7,6,ask,Kelvin Chan,BrilliantBurritos,14973665
2026-07-10T07:01:07.986965,2026-07-10T07:01:08.058574+00:00,109.7,14,ask,YieldingYams,BrilliantBurritos,14973666
2026-07-10T07:01:08.986022,2026-07-10T07:01:09.058617+00:00,109.8,5,bid,YieldingYams,Xinhong Shan,14973681
2026-07-10T07:01:09.666568,2026-07-10T07:01:09.671368+00:00,109.8,23,ask,YieldingYams,Xuanyu Liu,14973697
2026-07-10T07:01:10.315573,2026-07-10T07:01:10.392938+00:00,109.9,5,bid,YieldingYams,Xinhong Shan,14973701
2026-07-10T07:01:10.315573,2026-07-10T07:01:10.392938+00:00,109.9,200,bid,YieldingYams,WavyWalnuts,14973702
2026-07-10T07:01:10.388289,2026-07-10T07:01:10.392938+00:00,109.9,11,ask,YieldingYams,Xuanyu Liu,14973707
2026-07-10T07:01:10.503203,2026-07-10T07:01:10.569165+00:00,109.9,63,ask,YieldingYams,Freddie Hurd-Wood,14973709
2026-07-10T07:01:11.167712,2026-07-10T07:01:11.171587+00:00,110.0,1,bid,WavyWalnuts,Kelvin Chan,14973724
2026-07-10T07:01:11.167712,2026-07-10T07:01:11.182704+00:00,110.0,5,bid,WavyWalnuts,Xinhong Shan,14973725
2026-07-10T07:01:11.516349,2026-07-10T07:01:11.569416+00:00,110.1,10,bid,Freddie Hurd-Wood,YieldingYams,14973733
2026-07-10T07:01:12.771460,2026-07-10T07:01:12.776672+00:00,110.1,11,bid,Xuanyu Liu,YieldingYams,14973764
2026-07-10T07:01:12.943709,2026-07-10T07:01:12.975890+00:00,110.0,200,ask,WavyWalnuts,YieldingYams,14973767
2026-07-10T07:01:12.943709,2026-07-10T07:01:12.975890+00:00,110.0,5,ask,Xinhong Shan,YieldingYams,14973768
2026-07-10T07:01:12.971080,2026-07-10T07:01:12.975890+00:00,110.0,11,bid,Xuanyu Liu,YieldingYams,14973773
2026-07-10T07:01:14.828388,2026-07-10T07:01:14.869291+00:00,110.0,200,bid,WavyWalnuts,YieldingYams,14973814
2026-07-10T07:01:15.988329,2026-07-10T07:01:16.059210+00:00,109.9,11,ask,YieldingYams,Xuanyu Liu,14973839
2026-07-10T07:01:16.345554,2026-07-10T07:01:16.364102+00:00,110.0,5,bid,BrilliantBurritos,Xinhong Shan,14973844
2026-07-10T07:01:16.345554,2026-07-10T07:01:16.364102+00:00,110.0,15,bid,BrilliantBurritos,WavyWalnuts,14973845
2026-07-10T07:01:16.927811,2026-07-10T07:01:16.964222+00:00,109.9,5,ask,Xinhong Shan,YieldingYams,14973865
2026-07-10T07:01:17.248564,2026-07-10T07:01:17.264141+00:00,109.9,200,bid,WavyWalnuts,YieldingYams,14973871
2026-07-10T07:01:18.239918,2026-07-10T07:01:18.263622+00:00,109.9,5,bid,YieldingYams,Xinhong Shan,14973890
2026-07-10T07:01:19.682883,2026-07-10T07:01:19.687693+00:00,110.0,5,ask,WavyWalnuts,Xuanyu Liu,14973917
2026-07-10T07:01:20.871877,2026-07-10T07:01:20.880287+00:00,110.0,195,ask,WavyWalnuts,YieldingYams,14973931
2026-07-10T07:01:20.871877,2026-07-10T07:01:20.885532+00:00,110.0,5,ask,WavyWalnuts,Xuanyu Liu,14973932
2026-07-10T07:01:24.520901,2026-07-10T07:01:24.564317+00:00,109.9,200,ask,YieldingYams,WavyWalnuts,14974004
2026-07-10T07:01:25.731194,2026-07-10T07:01:25.764622+00:00,109.9,5,ask,Xinhong Shan,WavyWalnuts,14974028
2026-07-10T07:01:25.731194,2026-07-10T07:01:25.764622+00:00,109.8,195,ask,YieldingYams,WavyWalnuts,14974029
2026-07-10T07:01:26.946647,2026-07-10T07:01:26.969495+00:00,109.8,5,ask,Xinhong Shan,WavyWalnuts,14974054
2026-07-10T07:01:28.159176,2026-07-10T07:01:28.169187+00:00,109.9,200,ask,YieldingYams,WavyWalnuts,14974069
2026-07-10T07:01:28.820537,2026-07-10T07:01:28.794041+00:00,109.9,5,ask,Xinhong Shan,YieldingYams,14974096
2026-07-10T07:01:30.167191,2026-07-10T07:01:30.175299+00:00,109.8,200,ask,WavyWalnuts,YieldingYams,14974129
2026-07-10T07:01:30.167191,2026-07-10T07:01:30.180593+00:00,109.8,425,ask,AverageAlmonds,YieldingYams,14974130
2026-07-10T07:01:33.884466,2026-07-10T07:01:33.896461+00:00,109.8,20,ask,YieldingYams,BrilliantBurritos,14974193
2026-07-10T07:01:36.776977,2026-07-10T07:01:36.784948+00:00,109.9,5,bid,YieldingYams,Xinhong Shan,14974234
2026-07-10T07:01:36.776977,2026-07-10T07:01:36.788500+00:00,109.9,200,bid,YieldingYams,WavyWalnuts,14974235
2026-07-10T07:01:37.869713,2026-07-10T07:01:37.879502+00:00,109.9,200,ask,YieldingYams,WavyWalnuts,14974262
2026-07-10T07:01:39.084813,2026-07-10T07:01:39.093422+00:00,109.9,5,ask,Xinhong Shan,WavyWalnuts,14974276
2026-07-10T07:01:39.169595,2026-07-10T07:01:39.174447+00:00,109.9,5,bid,YieldingYams,Xinhong Shan,14974278
2026-07-10T07:01:40.387607,2026-07-10T07:01:40.392650+00:00,109.8,11,bid,Xuanyu Liu,WavyWalnuts,14974303
2026-07-10T07:01:40.741088,2026-07-10T07:01:40.763648+00:00,109.8,189,bid,YieldingYams,WavyWalnuts,14974311
2026-07-10T07:01:40.741088,2026-07-10T07:01:40.763648+00:00,109.8,5,bid,YieldingYams,Xinhong Shan,14974312
2026-07-10T07:01:42.743387,2026-07-10T07:01:42.763691+00:00,109.9,200,ask,YieldingYams,WavyWalnuts,14974355
2026-07-10T07:01:43.376578,2026-07-10T07:01:43.385832+00:00,110.0,5,bid,YieldingYams,Xinhong Shan,14974363
2026-07-10T07:01:43.579611,2026-07-10T07:01:43.583871+00:00,110.0,20,ask,YieldingYams,BrilliantBurritos,14974368
2026-07-10T07:01:43.960384,2026-07-10T07:01:43.965084+00:00,110.0,200,ask,YieldingYams,WavyWalnuts,14974374
2026-07-10T07:01:44.070740,2026-07-10T07:01:44.080029+00:00,110.0,400,ask,YieldingYams,AverageAlmonds,14974376
2026-07-10T07:01:44.070740,2026-07-10T07:01:44.085213+00:00,110.0,5,ask,Xinhong Shan,AverageAlmonds,14974377
2026-07-10T07:01:44.768960,2026-07-10T07:01:44.773669+00:00,109.9,12,bid,Xuanyu Liu,YieldingYams,14974390
2026-07-10T07:01:46.022343,2026-07-10T07:01:46.064594+00:00,109.8,200,ask,WavyWalnuts,YieldingYams,14974411
2026-07-10T07:01:46.022343,2026-07-10T07:01:46.064594+00:00,109.8,5,ask,Xinhong Shan,YieldingYams,14974412
2026-07-10T07:01:46.381974,2026-07-10T07:01:46.390164+00:00,109.8,200,bid,WavyWalnuts,YieldingYams,14974425
2026-07-10T07:01:47.339015,2026-07-10T07:01:47.364531+00:00,109.8,5,bid,YieldingYams,Xinhong Shan,14974449
2026-07-10T07:01:47.339015,2026-07-10T07:01:47.364531+00:00,110.0,200,bid,YieldingYams,WavyWalnuts,14974450
2026-07-10T07:01:47.339015,2026-07-10T07:01:47.364531+00:00,110.0,420,bid,YieldingYams,AverageAlmonds,14974451
2026-07-10T07:01:47.566634,2026-07-10T07:01:47.574298+00:00,109.7,1,ask,Kelvin Chan,Freddie Hurd-Wood,14974454
2026-07-10T07:01:47.566634,2026-07-10T07:01:47.574298+00:00,109.7,5,ask,Xinhong Shan,Freddie Hurd-Wood,14974455
2026-07-10T07:01:47.566634,2026-07-10T07:01:47.574298+00:00,109.4,4,ask,AverageAlmonds,Freddie Hurd-Wood,14974456
2026-07-10T07:01:47.714252,2026-07-10T07:01:47.764744+00:00,109.9,200,ask,WavyWalnuts,AverageAlmonds,14974461
2026-07-10T07:01:48.805137,2026-07-10T07:01:48.864407+00:00,109.9,5,bid,WavyWalnuts,Xinhong Shan,14974481
2026-07-10T07:01:48.805137,2026-07-10T07:01:48.864407+00:00,109.9,195,bid,WavyWalnuts,AverageAlmonds,14974482
2026-07-10T07:01:49.976226,2026-07-10T07:01:49.981343+00:00,109.8,500,bid,YieldingYams,AverageAlmonds,14974507
2026-07-10T07:01:49.976226,2026-07-10T07:01:49.981343+00:00,109.8,5,bid,YieldingYams,Xinhong Shan,14974508
2026-07-10T07:01:50.105716,2026-07-10T07:01:50.168686+00:00,109.9,200,ask,WavyWalnuts,AverageAlmonds,14974511
2026-07-10T07:01:50.105716,2026-07-10T07:01:50.168686+00:00,109.8,120,ask,YieldingYams,AverageAlmonds,14974512
2026-07-10T07:01:50.329117,2026-07-10T07:01:50.363772+00:00,109.7,5,ask,Xinhong Shan,Freddie Hurd-Wood,14974517
2026-07-10T07:01:51.274647,2026-07-10T07:01:51.279241+00:00,109.8,23,ask,WavyWalnuts,Xuanyu Liu,14974546
2026-07-10T07:01:51.293407,2026-07-10T07:01:51.364695+00:00,109.8,177,ask,WavyWalnuts,YieldingYams,14974547
2026-07-10T07:01:54.073243,2026-07-10T07:01:54.078730+00:00,109.8,5,bid,Xuanyu Liu,Xinhong Shan,14974607
2026-07-10T07:01:54.088520,2026-07-10T07:01:54.096276+00:00,109.9,4,bid,Xuanyu Liu,Kelvin Chan,14974609
2026-07-10T07:01:54.088520,2026-07-10T07:01:54.096276+00:00,109.9,14,bid,Xuanyu Liu,WavyWalnuts,14974610
2026-07-10T07:01:55.273375,2026-07-10T07:01:55.278033+00:00,109.8,11,bid,Xuanyu Liu,YieldingYams,14974636
2026-07-10T07:01:55.598080,2026-07-10T07:01:55.595481+00:00,109.8,10,bid,Freddie Hurd-Wood,YieldingYams,14974644
2026-07-10T07:01:57.275226,2026-07-10T07:01:57.396077+00:00,109.7,5,ask,Xinhong Shan,WavyWalnuts,14974672
2026-07-10T07:01:57.390795,2026-07-10T07:01:57.396077+00:00,109.7,4,bid,Xuanyu Liu,WavyWalnuts,14974675
2026-07-10T07:01:57.862273,2026-07-10T07:01:57.869766+00:00,109.7,191,bid,YieldingYams,WavyWalnuts,14974686
2026-07-10T07:01:57.862273,2026-07-10T07:01:57.874952+00:00,109.8,5,bid,YieldingYams,Xinhong Shan,14974687
2026-07-10T07:01:57.976776,2026-07-10T07:01:57.985419+00:00,109.8,429,ask,YieldingYams,AverageAlmonds,14974693
2026-07-10T07:01:59.698377,2026-07-10T07:01:59.769199+00:00,109.6,2,ask,Kelvin Chan,WavyWalnuts,14974718
2026-07-10T07:01:59.698377,2026-07-10T07:01:59.769199+00:00,109.6,5,ask,Xinhong Shan,WavyWalnuts,14974719
2026-07-10T07:02:00.499789,2026-07-10T07:02:00.497438+00:00,109.5,5,ask,Xinhong Shan,YieldingYams,14974734
2026-07-10T07:02:00.572929,2026-07-10T07:02:00.577770+00:00,109.5,6,bid,Xuanyu Liu,YieldingYams,14974740
2026-07-10T07:02:03.134498,2026-07-10T07:02:03.163621+00:00,109.4,8,ask,Kelvin Chan,YieldingYams,14974775
2026-07-10T07:02:03.134498,2026-07-10T07:02:03.163621+00:00,109.4,5,ask,Xinhong Shan,YieldingYams,14974776
2026-07-10T07:02:03.174894,2026-07-10T07:02:03.180061+00:00,109.4,2,bid,Xuanyu Liu,YieldingYams,14974778
2026-07-10T07:02:03.674307,2026-07-10T07:02:03.682227+00:00,109.3,7,ask,Kelvin Chan,Xuanyu Liu,14974790
2026-07-10T07:02:03.674307,2026-07-10T07:02:03.682227+00:00,109.3,5,ask,WavyWalnuts,Xuanyu Liu,14974791
2026-07-10T07:02:04.450078,2026-07-10T07:02:04.486999+00:00,109.4,5,bid,YieldingYams,Xinhong Shan,14974809
2026-07-10T07:02:04.482203,2026-07-10T07:02:04.486999+00:00,109.4,11,ask,YieldingYams,Xuanyu Liu,14974812
2026-07-10T07:02:06.622452,2026-07-10T07:02:06.664101+00:00,109.6,31,bid,Freddie Hurd-Wood,YieldingYams,14974861
2026-07-10T07:02:07.343153,2026-07-10T07:02:07.292914+00:00,109.5,5,ask,Xinhong Shan,Stanley Cai,14974871
2026-07-10T07:02:08.516485,2026-07-10T07:02:08.563893+00:00,109.5,20,ask,WavyWalnuts,BrilliantBurritos,14974906
2026-07-10T07:02:09.731071,2026-07-10T07:02:09.772287+00:00,109.5,200,ask,WavyWalnuts,YieldingYams,14974926
2026-07-10T07:02:09.731071,2026-07-10T07:02:09.772287+00:00,109.5,5,ask,Xinhong Shan,Stanley Cai,14974927
2026-07-10T07:02:09.767483,2026-07-10T07:02:09.772287+00:00,109.4,23,bid,Xuanyu Liu,YieldingYams,14974931
2026-07-10T07:02:10.643727,2026-07-10T07:02:10.659130+00:00,109.4,200,bid,WavyWalnuts,YieldingYams,14974949
2026-07-10T07:02:11.272446,2026-07-10T07:02:11.281415+00:00,109.3,2,ask,Kelvin Chan,Xuanyu Liu,14974968
2026-07-10T07:02:11.272446,2026-07-10T07:02:11.281415+00:00,109.3,5,ask,Xinhong Shan,Xuanyu Liu,14974969
2026-07-10T07:02:11.272446,2026-07-10T07:02:11.281415+00:00,109.3,5,ask,YieldingYams,Xuanyu Liu,14974970
2026-07-10T07:02:11.855187,2026-07-10T07:02:11.863734+00:00,109.4,3,bid,WavyWalnuts,Stanley Cai,14974975
2026-07-10T07:02:11.855187,2026-07-10T07:02:11.869108+00:00,109.4,5,bid,WavyWalnuts,Xinhong Shan,14974976
2026-07-10T07:02:11.881301,2026-07-10T07:02:11.886393+00:00,109.4,11,ask,WavyWalnuts,Xuanyu Liu,14974980
2026-07-10T07:02:12.372345,2026-07-10T07:02:12.379659+00:00,109.4,181,ask,WavyWalnuts,YieldingYams,14975000
2026-07-10T07:02:13.373437,2026-07-10T07:02:13.385509+00:00,109.3,4,ask,Xinhong Shan,Stanley Cai,14975021
2026-07-10T07:02:13.685677,2026-07-10T07:02:13.690330+00:00,109.4,5,bid,WavyWalnuts,Xinhong Shan,14975029
2026-07-10T07:02:13.685677,2026-07-10T07:02:13.690330+00:00,109.5,200,bid,YieldingYams,WavyWalnuts,14975030
2026-07-10T07:02:13.685677,2026-07-10T07:02:13.781356+00:00,109.5,3,bid,YieldingYams,Stanley Cai,14975031
2026-07-10T07:02:13.776732,2026-07-10T07:02:13.781356+00:00,109.5,12,ask,YieldingYams,Xuanyu Liu,14975033
2026-07-10T07:02:15.492763,2026-07-10T07:02:15.493319+00:00,109.6,5,bid,WavyWalnuts,Xinhong Shan,14975065
2026-07-10T07:02:15.492763,2026-07-10T07:02:15.493319+00:00,109.6,195,bid,WavyWalnuts,AverageAlmonds,14975066
2026-07-10T07:02:17.631979,2026-07-10T07:02:17.669403+00:00,109.5,200,ask,WavyWalnuts,YieldingYams,14975098
2026-07-10T07:02:17.631979,2026-07-10T07:02:17.669403+00:00,109.5,5,ask,Xinhong Shan,YieldingYams,14975099
2026-07-10T07:02:17.927126,2026-07-10T07:02:17.964316+00:00,109.5,200,bid,WavyWalnuts,YieldingYams,14975105
2026-07-10T07:02:18.961785,2026-07-10T07:02:18.969230+00:00,109.5,5,bid,YieldingYams,Xinhong Shan,14975123
2026-07-10T07:02:19.146836,2026-07-10T07:02:19.267144+00:00,109.7,3,bid,WavyWalnuts,Stanley Cai,14975127
2026-07-10T07:02:19.146836,2026-07-10T07:02:19.267144+00:00,109.7,3,bid,WavyWalnuts,Stanley Cai,14975128
2026-07-10T07:02:19.260067,2026-07-10T07:02:19.267144+00:00,109.7,5,ask,WavyWalnuts,Xuanyu Liu,14975134
2026-07-10T07:02:19.648804,2026-07-10T07:02:19.664293+00:00,109.7,6,ask,WavyWalnuts,Freddie Hurd-Wood,14975147
2026-07-10T07:02:21.463006,2026-07-10T07:02:21.474378+00:00,109.7,5,ask,WavyWalnuts,Xuanyu Liu,14975185
2026-07-10T07:02:22.957670,2026-07-10T07:02:22.968568+00:00,109.6,5,ask,Xinhong Shan,YieldingYams,14975231
2026-07-10T07:02:22.971143,2026-07-10T07:02:23.058640+00:00,109.6,5,bid,Xinhong Shan,YieldingYams,14975232
2026-07-10T07:02:23.960356,2026-07-10T07:02:23.967061+00:00,109.5,6,ask,WavyWalnuts,Xuanyu Liu,14975256
2026-07-10T07:02:24.670287,2026-07-10T07:02:24.680906+00:00,109.5,5,ask,Xinhong Shan,Freddie Hurd-Wood,14975274
2026-07-10T07:02:24.670287,2026-07-10T07:02:24.680906+00:00,109.4,20,ask,YieldingYams,Freddie Hurd-Wood,14975275
2026-07-10T07:02:26.518950,2026-07-10T07:02:26.563621+00:00,109.5,200,ask,YieldingYams,WavyWalnuts,14975300
2026-07-10T07:02:26.561770,2026-07-10T07:02:26.569079+00:00,109.5,20,ask,YieldingYams,BrilliantBurritos,14975301
2026-07-10T07:02:27.489538,2026-07-10T07:02:27.558986+00:00,109.5,5,ask,Xinhong Shan,Stanley Cai,14975325
2026-07-10T07:02:29.600685,2026-07-10T07:02:29.664225+00:00,109.5,200,ask,WavyWalnuts,YieldingYams,14975359
2026-07-10T07:02:29.600685,2026-07-10T07:02:29.664225+00:00,109.5,4,ask,Xinhong Shan,YieldingYams,14975360
2026-07-10T07:02:30.145821,2026-07-10T07:02:30.169128+00:00,109.5,200,bid,WavyWalnuts,YieldingYams,14975369
2026-07-10T07:02:30.270844,2026-07-10T07:02:30.277537+00:00,109.3,1,ask,Kelvin Chan,Xuanyu Liu,14975373
2026-07-10T07:02:30.270844,2026-07-10T07:02:30.277537+00:00,109.3,10,ask,YieldingYams,Freddie Hurd-Wood,14975374
2026-07-10T07:02:30.371192,2026-07-10T07:02:30.377998+00:00,109.3,5,ask,YieldingYams,Stanley Cai,14975376
2026-07-10T07:02:30.542396,2026-07-10T07:02:30.564102+00:00,109.3,3,ask,YieldingYams,Stanley Cai,14975377
2026-07-10T07:02:30.708534,2026-07-10T07:02:30.763684+00:00,109.3,10,ask,YieldingYams,Xuanyu Liu,14975378
2026-07-10T07:02:30.974755,2026-07-10T07:02:30.980006+00:00,109.4,12,ask,YieldingYams,Xuanyu Liu,14975396
2026-07-10T07:02:30.979129,2026-07-10T07:02:30.995246+00:00,109.4,20,ask,YieldingYams,BrilliantBurritos,14975397
2026-07-10T07:02:31.723269,2026-07-10T07:02:31.763700+00:00,109.4,9,ask,YieldingYams,Freddie Hurd-Wood,14975406
2026-07-10T07:02:32.230012,2026-07-10T07:02:32.264205+00:00,109.5,4,bid,YieldingYams,Xinhong Shan,14975422
2026-07-10T07:02:32.230012,2026-07-10T07:02:32.264205+00:00,109.5,200,bid,WavyWalnuts,YieldingYams,14975423
2026-07-10T07:02:32.230012,2026-07-10T07:02:32.264205+00:00,109.6,3,bid,YieldingYams,Stanley Cai,14975424
2026-07-10T07:02:32.567707,2026-07-10T07:02:32.579836+00:00,109.6,200,ask,YieldingYams,WavyWalnuts,14975427
2026-07-10T07:02:33.555149,2026-07-10T07:02:33.564111+00:00,109.6,4,ask,Xinhong Shan,YieldingYams,14975435
2026-07-10T07:02:33.776380,2026-07-10T07:02:33.785288+00:00,109.5,200,bid,YieldingYams,WavyWalnuts,14975438
2026-07-10T07:02:36.206405,2026-07-10T07:02:36.258696+00:00,109.4,4,ask,Xinhong Shan,WavyWalnuts,14975462
2026-07-10T07:02:36.206405,2026-07-10T07:02:36.258696+00:00,109.4,196,ask,YieldingYams,WavyWalnuts,14975463
2026-07-10T07:02:38.466641,2026-07-10T07:02:38.471919+00:00,109.5,23,bid,Xuanyu Liu,WavyWalnuts,14975488
2026-07-10T07:02:38.636142,2026-07-10T07:02:38.679367+00:00,109.4,4,ask,Xinhong Shan,WavyWalnuts,14975491
2026-07-10T07:02:38.672902,2026-07-10T07:02:38.679367+00:00,109.4,11,bid,Xuanyu Liu,WavyWalnuts,14975493
2026-07-10T07:02:39.850253,2026-07-10T07:02:39.864287+00:00,109.4,200,bid,WavyWalnuts,YieldingYams,14975507
2026-07-10T07:02:40.748593,2026-07-10T07:02:40.697423+00:00,109.3,2,ask,Kelvin Chan,Freddie Hurd-Wood,14975519
2026-07-10T07:02:40.748593,2026-07-10T07:02:40.697423+00:00,109.3,4,ask,Xinhong Shan,Freddie Hurd-Wood,14975520
2026-07-10T07:02:40.748593,2026-07-10T07:02:40.697423+00:00,109.2,3,ask,YieldingYams,Freddie Hurd-Wood,14975521
2026-07-10T07:02:41.638720,2026-07-10T07:02:41.663664+00:00,109.4,4,bid,BrilliantBurritos,Xinhong Shan,14975541
2026-07-10T07:02:41.638720,2026-07-10T07:02:41.663664+00:00,109.4,16,bid,BrilliantBurritos,YieldingYams,14975542
2026-07-10T07:02:41.766626,2026-07-10T07:02:41.779566+00:00,109.4,3,bid,Freddie Hurd-Wood,YieldingYams,14975543
2026-07-10T07:02:42.280702,2026-07-10T07:02:42.290871+00:00,109.4,200,bid,WavyWalnuts,YieldingYams,14975553
2026-07-10T07:02:43.493395,2026-07-10T07:02:43.564039+00:00,109.4,4,bid,BrilliantBurritos,Xinhong Shan,14975582
2026-07-10T07:02:43.493395,2026-07-10T07:02:43.564039+00:00,109.4,196,bid,WavyWalnuts,YieldingYams,14975583
2026-07-10T07:02:44.080415,2026-07-10T07:02:44.090128+00:00,109.4,4,bid,WavyWalnuts,Xinhong Shan,14975596
2026-07-10T07:02:44.104953,2026-07-10T07:02:44.109788+00:00,109.4,11,ask,YieldingYams,Xuanyu Liu,14975598
2026-07-10T07:02:44.692356,2026-07-10T07:02:44.759984+00:00,109.4,20,ask,YieldingYams,BrilliantBurritos,14975609
2026-07-10T07:02:44.711559,2026-07-10T07:02:44.759984+00:00,109.4,200,ask,YieldingYams,WavyWalnuts,14975610
2026-07-10T07:02:44.784259,2026-07-10T07:02:44.879073+00:00,109.4,10,ask,YieldingYams,Freddie Hurd-Wood,14975611
2026-07-10T07:02:44.872292,2026-07-10T07:02:44.879073+00:00,109.6,2,bid,Xuanyu Liu,Kelvin Chan,14975619
2026-07-10T07:02:44.872292,2026-07-10T07:02:44.879073+00:00,109.6,9,bid,Xuanyu Liu,YieldingYams,14975620
2026-07-10T07:02:45.524518,2026-07-10T07:02:45.563634+00:00,109.6,4,bid,Stanley Cai,Xinhong Shan,14975638
2026-07-10T07:02:45.524518,2026-07-10T07:02:45.563634+00:00,109.6,6,bid,Stanley Cai,YieldingYams,14975639
2026-07-10T07:02:45.623742,2026-07-10T07:02:45.663604+00:00,109.6,10,bid,Freddie Hurd-Wood,YieldingYams,14975642
2026-07-10T07:02:45.797371,2026-07-10T07:02:45.863670+00:00,109.6,10,bid,Stanley Cai,YieldingYams,14975643
2026-07-10T07:02:45.972652,2026-07-10T07:02:45.978396+00:00,109.5,12,bid,Xuanyu Liu,WavyWalnuts,14975647
2026-07-10T07:02:46.045634,2026-07-10T07:02:46.064031+00:00,109.5,3,bid,Stanley Cai,WavyWalnuts,14975648
2026-07-10T07:02:46.815918,2026-07-10T07:02:46.869220+00:00,109.5,10,bid,Freddie Hurd-Wood,WavyWalnuts,14975671
2026-07-10T07:02:47.469365,2026-07-10T07:02:47.479492+00:00,109.5,2,bid,Stanley Cai,Kelvin Chan,14975690
2026-07-10T07:02:47.469365,2026-07-10T07:02:47.479492+00:00,109.5,4,bid,Stanley Cai,Xinhong Shan,14975691
2026-07-10T07:02:47.469365,2026-07-10T07:02:47.484539+00:00,109.5,3,bid,Stanley Cai,WavyWalnuts,14975692
2026-07-10T07:02:47.619807,2026-07-10T07:02:47.668728+00:00,109.5,10,bid,Freddie Hurd-Wood,WavyWalnuts,14975696
2026-07-10T07:02:48.591281,2026-07-10T07:02:48.664245+00:00,109.4,5,ask,Xinhong Shan,Stanley Cai,14975718
2026-07-10T07:02:49.341780,2026-07-10T07:02:49.377390+00:00,109.5,200,bid,YieldingYams,WavyWalnuts,14975733
2026-07-10T07:02:49.341780,2026-07-10T07:02:49.377390+00:00,109.5,4,bid,Stanley Cai,Xinhong Shan,14975734
2026-07-10T07:02:49.341780,2026-07-10T07:02:49.377390+00:00,109.5,4,bid,YieldingYams,Kelvin Chan,14975735
2026-07-10T07:02:49.372635,2026-07-10T07:02:49.377390+00:00,109.5,9,ask,YieldingYams,Xuanyu Liu,14975738
2026-07-10T07:02:49.446015,2026-07-10T07:02:49.469513+00:00,109.5,5,ask,YieldingYams,Stanley Cai,14975741
2026-07-10T07:02:49.842222,2026-07-10T07:02:49.864242+00:00,109.5,4,ask,YieldingYams,Freddie Hurd-Wood,14975752
2026-07-10T07:02:52.034177,2026-07-10T07:02:52.064462+00:00,109.5,4,bid,YieldingYams,Xinhong Shan,14975776
2026-07-10T07:02:53.347499,2026-07-10T07:02:53.364121+00:00,109.5,4,bid,Xinhong Shan,WavyWalnuts,14975806
2026-07-10T07:02:53.347499,2026-07-10T07:02:53.364121+00:00,109.5,200,bid,YieldingYams,WavyWalnuts,14975807
2026-07-10T07:02:54.458463,2026-07-10T07:02:54.499469+00:00,109.5,5,ask,YieldingYams,Stanley Cai,14975836
2026-07-10T07:02:54.458626,2026-07-10T07:02:54.499469+00:00,109.6,3,bid,WavyWalnuts,Kelvin Chan,14975837
2026-07-10T07:02:54.458626,2026-07-10T07:02:54.499469+00:00,109.6,4,bid,WavyWalnuts,Xinhong Shan,14975838
2026-07-10T07:02:54.494282,2026-07-10T07:02:54.499469+00:00,109.6,3,ask,WavyWalnuts,Stanley Cai,14975843
2026-07-10T07:02:54.516738,2026-07-10T07:02:54.521582+00:00,109.6,11,ask,WavyWalnuts,Xuanyu Liu,14975846
2026-07-10T07:02:54.575170,2026-07-10T07:02:54.584356+00:00,109.6,3,ask,WavyWalnuts,Xuanyu Liu,14975850
2026-07-10T07:02:54.678779,2026-07-10T07:02:54.683767+00:00,109.6,176,ask,WavyWalnuts,YieldingYams,14975853
2026-07-10T07:02:54.678779,2026-07-10T07:02:54.683767+00:00,109.5,4,ask,Xinhong Shan,YieldingYams,14975854
2026-07-10T07:02:56.066157,2026-07-10T07:02:56.079856+00:00,109.4,20,ask,WavyWalnuts,BrilliantBurritos,14975875
2026-07-10T07:02:56.574244,2026-07-10T07:02:56.586987+00:00,109.4,5,ask,WavyWalnuts,Stanley Cai,14975886
2026-07-10T07:02:57.347904,2026-07-10T07:02:57.364601+00:00,109.5,200,bid,YieldingYams,WavyWalnuts,14975902
2026-07-10T07:02:57.347904,2026-07-10T07:02:57.364601+00:00,109.5,4,bid,YieldingYams,Xinhong Shan,14975903
2026-07-10T07:02:59.314646,2026-07-10T07:02:59.364370+00:00,109.6,2,bid,WavyWalnuts,Kelvin Chan,14975942
2026-07-10T07:02:59.314646,2026-07-10T07:02:59.364370+00:00,109.6,5,bid,WavyWalnuts,Xinhong Shan,14975943
2026-07-10T07:02:59.314646,2026-07-10T07:02:59.364370+00:00,109.7,3,bid,WavyWalnuts,Stanley Cai,14975944
2026-07-10T07:02:59.314646,2026-07-10T07:02:59.364370+00:00,109.7,190,bid,WavyWalnuts,YieldingYams,14975945
2026-07-10T07:03:02.962188,2026-07-10T07:03:02.974248+00:00,109.5,5,ask,Xinhong Shan,WavyWalnuts,14976006
2026-07-10T07:03:03.925923,2026-07-10T07:03:04.059576+00:00,109.5,195,bid,YieldingYams,WavyWalnuts,14976023
2026-07-10T07:03:03.925923,2026-07-10T07:03:04.059576+00:00,109.5,5,bid,YieldingYams,Xinhong Shan,14976024
2026-07-10T07:03:03.925923,2026-07-10T07:03:04.059576+00:00,109.6,6,bid,YieldingYams,Kelvin Chan,14976025
2026-07-10T07:03:03.997147,2026-07-10T07:03:04.059576+00:00,109.6,23,ask,YieldingYams,Xuanyu Liu,14976030
2026-07-10T07:03:04.137457,2026-07-10T07:03:04.164313+00:00,109.6,20,ask,YieldingYams,BrilliantBurritos,14976037
2026-07-10T07:03:05.250972,2026-07-10T07:03:05.265022+00:00,109.6,200,ask,WavyWalnuts,YieldingYams,14976064
2026-07-10T07:03:05.250972,2026-07-10T07:03:05.265022+00:00,109.6,5,ask,Xinhong Shan,YieldingYams,14976065
2026-07-10T07:03:06.594669,2026-07-10T07:03:06.658660+00:00,109.6,5,bid,WavyWalnuts,Xinhong Shan,14976088
2026-07-10T07:03:07.088536,2026-07-10T07:03:07.094960+00:00,109.7,10,bid,Xuanyu Liu,Kelvin Chan,14976099
2026-07-10T07:03:07.088536,2026-07-10T07:03:07.094960+00:00,109.7,2,bid,Xuanyu Liu,YieldingYams,14976100
2026-07-10T07:03:07.816168,2026-07-10T07:03:07.868682+00:00,109.7,200,bid,WavyWalnuts,YieldingYams,14976115
2026-07-10T07:03:09.030107,2026-07-10T07:03:09.064010+00:00,109.7,10,bid,Xuanyu Liu,Kelvin Chan,14976140
2026-07-10T07:03:09.030107,2026-07-10T07:03:09.064010+00:00,109.7,5,bid,WavyWalnuts,Xinhong Shan,14976141
2026-07-10T07:03:09.030107,2026-07-10T07:03:09.064010+00:00,109.8,185,bid,WavyWalnuts,YieldingYams,14976142
2026-07-10T07:03:10.543970,2026-07-10T07:03:10.563835+00:00,109.6,3,ask,Xinhong Shan,Stanley Cai,14976179
2026-07-10T07:03:10.824925,2026-07-10T07:03:10.863956+00:00,109.7,9,bid,BrilliantBurritos,Kelvin Chan,14976186
2026-07-10T07:03:10.824925,2026-07-10T07:03:10.863956+00:00,109.7,11,bid,BrilliantBurritos,YieldingYams,14976187
2026-07-10T07:03:11.836612,2026-07-10T07:03:11.864262+00:00,109.6,5,ask,Xinhong Shan,YieldingYams,14976212
2026-07-10T07:03:14.454936,2026-07-10T07:03:14.487643+00:00,109.6,5,bid,YieldingYams,Xinhong Shan,14976253
2026-07-10T07:03:14.482416,2026-07-10T07:03:14.487643+00:00,109.6,12,ask,YieldingYams,Xuanyu Liu,14976255
2026-07-10T07:03:15.519289,2026-07-10T07:03:15.569437+00:00,109.6,5,ask,YieldingYams,Stanley Cai,14976269
2026-07-10T07:03:16.316775,2026-07-10T07:03:16.368725+00:00,109.6,200,ask,YieldingYams,WavyWalnuts,14976278
2026-07-10T07:03:17.104866,2026-07-10T07:03:17.159244+00:00,109.6,5,ask,YieldingYams,Stanley Cai,14976299
2026-07-10T07:03:18.417938,2026-07-10T07:03:18.468707+00:00,109.4,20,ask,WavyWalnuts,BrilliantBurritos,14976318
2026-07-10T07:03:18.424179,2026-07-10T07:03:18.468707+00:00,109.4,180,ask,WavyWalnuts,YieldingYams,14976319
2026-07-10T07:03:18.424179,2026-07-10T07:03:18.468707+00:00,109.4,5,ask,Xinhong Shan,YieldingYams,14976320
2026-07-10T07:03:18.476710,2026-07-10T07:03:18.481595+00:00,109.4,5,bid,Xuanyu Liu,YieldingYams,14976322
2026-07-10T07:03:19.784576,2026-07-10T07:03:19.863651+00:00,109.4,200,bid,YieldingYams,WavyWalnuts,14976343
2026-07-10T07:03:19.784576,2026-07-10T07:03:19.863651+00:00,109.4,5,bid,Xuanyu Liu,YieldingYams,14976344
2026-07-10T07:03:19.885638,2026-07-10T07:03:19.890447+00:00,109.5,5,ask,YieldingYams,Xuanyu Liu,14976347
2026-07-10T07:03:20.967054,2026-07-10T07:03:20.980072+00:00,109.5,20,ask,YieldingYams,BrilliantBurritos,14976363
2026-07-10T07:03:21.105968,2026-07-10T07:03:21.164178+00:00,109.5,200,ask,WavyWalnuts,YieldingYams,14976366
2026-07-10T07:03:21.105968,2026-07-10T07:03:21.164178+00:00,109.5,5,ask,YieldingYams,Xuanyu Liu,14976367
2026-07-10T07:03:22.419981,2026-07-10T07:03:22.458988+00:00,109.5,5,bid,YieldingYams,Xinhong Shan,14976388
2026-07-10T07:03:22.419981,2026-07-10T07:03:22.458988+00:00,109.5,200,bid,YieldingYams,WavyWalnuts,14976389
2026-07-10T07:03:22.896759,2026-07-10T07:03:22.958723+00:00,109.7,3,bid,Freddie Hurd-Wood,Stanley Cai,14976400
2026-07-10T07:03:22.896759,2026-07-10T07:03:22.958723+00:00,109.7,1,bid,Freddie Hurd-Wood,YieldingYams,14976401
2026-07-10T07:03:23.071466,2026-07-10T07:03:23.076158+00:00,109.7,23,bid,Xuanyu Liu,YieldingYams,14976409
2026-07-10T07:03:23.551946,2026-07-10T07:03:23.564100+00:00,109.7,10,bid,Stanley Cai,YieldingYams,14976418
2026-07-10T07:03:23.660158,2026-07-10T07:03:23.676545+00:00,109.7,10,bid,Stanley Cai,YieldingYams,14976424
2026-07-10T07:03:23.921834,2026-07-10T07:03:23.959029+00:00,109.5,5,ask,Xinhong Shan,YieldingYams,14976429
2026-07-10T07:03:23.921834,2026-07-10T07:03:23.959029+00:00,109.5,15,ask,WavyWalnuts,Freddie Hurd-Wood,14976430
2026-07-10T07:03:24.790097,2026-07-10T07:03:24.859119+00:00,109.6,200,bid,WavyWalnuts,YieldingYams,14976440
2026-07-10T07:03:25.999971,2026-07-10T07:03:26.064235+00:00,109.6,5,bid,WavyWalnuts,Xinhong Shan,14976462
2026-07-10T07:03:25.999971,2026-07-10T07:03:26.064235+00:00,109.7,195,bid,WavyWalnuts,YieldingYams,14976463
2026-07-10T07:03:27.687815,2026-07-10T07:03:27.758702+00:00,109.6,200,ask,WavyWalnuts,YieldingYams,14976488
2026-07-10T07:03:28.420787,2026-07-10T07:03:28.464148+00:00,109.6,200,bid,WavyWalnuts,YieldingYams,14976498
2026-07-10T07:03:29.002287,2026-07-10T07:03:28.993703+00:00,109.6,5,bid,YieldingYams,Xinhong Shan,14976511
2026-07-10T07:03:29.002287,2026-07-10T07:03:28.993703+00:00,109.7,8,bid,YieldingYams,Kelvin Chan,14976512
2026-07-10T07:03:30.316435,2026-07-10T07:03:30.368690+00:00,109.8,8,bid,YieldingYams,Kelvin Chan,14976536
2026-07-10T07:03:30.316435,2026-07-10T07:03:30.368690+00:00,109.8,5,bid,YieldingYams,Xinhong Shan,14976537
2026-07-10T07:03:32.067983,2026-07-10T07:03:32.075093+00:00,109.8,5,ask,Xinhong Shan,WavyWalnuts,14976570
2026-07-10T07:03:32.067983,2026-07-10T07:03:32.080114+00:00,109.8,195,ask,YieldingYams,WavyWalnuts,14976571
2026-07-10T07:03:33.284745,2026-07-10T07:03:33.358862+00:00,109.8,5,ask,Xinhong Shan,WavyWalnuts,14976593
2026-07-10T07:03:34.502789,2026-07-10T07:03:34.497252+00:00,109.7,5,ask,Xinhong Shan,WavyWalnuts,14976617
2026-07-10T07:03:34.502789,2026-07-10T07:03:34.497252+00:00,109.6,3,ask,Stanley Cai,WavyWalnuts,14976618
2026-07-10T07:03:34.502789,2026-07-10T07:03:34.497252+00:00,109.6,192,ask,YieldingYams,WavyWalnuts,14976619
2026-07-10T07:03:34.626476,2026-07-10T07:03:34.663705+00:00,109.6,5,ask,YieldingYams,Stanley Cai,14976625
2026-07-10T07:03:36.935803,2026-07-10T07:03:36.964123+00:00,109.6,5,ask,YieldingYams,Stanley Cai,14976675
2026-07-10T07:03:37.870419,2026-07-10T07:03:37.883086+00:00,109.5,3,ask,Stanley Cai,BrilliantBurritos,14976695
2026-07-10T07:03:37.870419,2026-07-10T07:03:37.883086+00:00,109.5,17,ask,YieldingYams,BrilliantBurritos,14976696
2026-07-10T07:03:38.240650,2026-07-10T07:03:38.263918+00:00,109.6,4,bid,YieldingYams,Xinhong Shan,14976702
2026-07-10T07:03:39.000049,2026-07-10T07:03:39.058673+00:00,109.6,20,ask,YieldingYams,BrilliantBurritos,14976717
2026-07-10T07:03:39.835630,2026-07-10T07:03:39.864509+00:00,109.7,4,bid,BrilliantBurritos,Xinhong Shan,14976730
2026-07-10T07:03:42.070964,2026-07-10T07:03:42.075528+00:00,109.8,11,bid,Xuanyu Liu,YieldingYams,14976763
2026-07-10T07:03:42.958756,2026-07-10T07:03:42.969180+00:00,109.8,10,bid,Freddie Hurd-Wood,WavyWalnuts,14976774
2026-07-10T07:03:46.627563,2026-07-10T07:03:46.664654+00:00,109.8,5,bid,WavyWalnuts,Xinhong Shan,14976831
2026-07-10T07:03:47.840289,2026-07-10T07:03:47.864108+00:00,109.9,5,bid,WavyWalnuts,Xinhong Shan,14976850
2026-07-10T07:03:49.053993,2026-07-10T07:03:49.063649+00:00,110.0,2,bid,WavyWalnuts,Kelvin Chan,14976867
2026-07-10T07:03:49.053993,2026-07-10T07:03:49.063649+00:00,110.0,198,bid,WavyWalnuts,YieldingYams,14976868
2026-07-10T07:03:50.740336,2026-07-10T07:03:50.768740+00:00,109.9,5,ask,Xinhong Shan,BrilliantBurritos,14976891
2026-07-10T07:03:50.740336,2026-07-10T07:03:50.768740+00:00,109.9,15,ask,YieldingYams,BrilliantBurritos,14976892
2026-07-10T07:03:51.370754,2026-07-10T07:03:51.379584+00:00,110.0,200,bid,YieldingYams,WavyWalnuts,14976902
2026-07-10T07:03:51.370754,2026-07-10T07:03:51.379584+00:00,110.0,5,bid,YieldingYams,Xinhong Shan,14976903
2026-07-10T07:03:51.479505,2026-07-10T07:03:51.489434+00:00,110.0,200,ask,YieldingYams,WavyWalnuts,14976904
2026-07-10T07:03:52.577222,2026-07-10T07:03:52.583918+00:00,110.1,1,bid,Xuanyu Liu,Kelvin Chan,14976917
2026-07-10T07:03:52.577222,2026-07-10T07:03:52.583918+00:00,110.1,5,bid,Xuanyu Liu,Xinhong Shan,14976918
2026-07-10T07:03:52.691474,2026-07-10T07:03:52.771354+00:00,110.0,5,ask,Xinhong Shan,WavyWalnuts,14976923
2026-07-10T07:03:52.766401,2026-07-10T07:03:52.771354+00:00,110.0,6,bid,Xuanyu Liu,WavyWalnuts,14976926
2026-07-10T07:03:52.778129,2026-07-10T07:03:52.782889+00:00,110.0,11,bid,Xuanyu Liu,WavyWalnuts,14976928
2026-07-10T07:03:52.980984,2026-07-10T07:03:52.993276+00:00,110.0,25,bid,Freddie Hurd-Wood,WavyWalnuts,14976933
2026-07-10T07:03:53.884940,2026-07-10T07:03:53.892197+00:00,110.0,20,bid,BrilliantBurritos,WavyWalnuts,14976945
2026-07-10T07:03:53.998468,2026-07-10T07:03:53.996700+00:00,110.0,5,bid,YieldingYams,Xinhong Shan,14976948
2026-07-10T07:03:53.998468,2026-07-10T07:03:53.996700+00:00,110.0,200,bid,YieldingYams,WavyWalnuts,14976949
2026-07-10T07:03:54.999447,2026-07-10T07:03:55.063692+00:00,110.0,10,ask,YieldingYams,Freddie Hurd-Wood,14976967
2026-07-10T07:03:55.316125,2026-07-10T07:03:55.364229+00:00,110.0,200,ask,WavyWalnuts,YieldingYams,14976974
2026-07-10T07:03:55.316125,2026-07-10T07:03:55.364229+00:00,110.0,5,ask,Xinhong Shan,WavyWalnuts,14976975
2026-07-10T07:03:56.638931,2026-07-10T07:03:56.663684+00:00,109.9,200,ask,WavyWalnuts,YieldingYams,14976998
2026-07-10T07:03:57.537181,2026-07-10T07:03:57.568726+00:00,109.9,200,bid,WavyWalnuts,YieldingYams,14977011
2026-07-10T07:03:57.950032,2026-07-10T07:03:57.969414+00:00,109.9,5,bid,YieldingYams,Xinhong Shan,14977020
2026-07-10T07:03:58.755698,2026-07-10T07:03:58.763660+00:00,109.9,200,ask,WavyWalnuts,YieldingYams,14977030
2026-07-10T07:04:01.547818,2026-07-10T07:04:01.569347+00:00,109.9,5,ask,YieldingYams,Stanley Cai,14977075
2026-07-10T07:04:01.923598,2026-07-10T07:04:01.894616+00:00,110.0,5,bid,YieldingYams,Xinhong Shan,14977079
2026-07-10T07:04:03.608875,2026-07-10T07:04:03.664406+00:00,110.0,5,ask,Xinhong Shan,WavyWalnuts,14977114
2026-07-10T07:04:03.608875,2026-07-10T07:04:03.664406+00:00,109.9,195,ask,YieldingYams,WavyWalnuts,14977115
2026-07-10T07:04:04.476858,2026-07-10T07:04:04.558909+00:00,109.9,5,ask,YieldingYams,Stanley Cai,14977138
2026-07-10T07:04:05.528641,2026-07-10T07:04:05.563885+00:00,109.8,5,ask,YieldingYams,Stanley Cai,14977154
2026-07-10T07:04:05.615553,2026-07-10T07:04:05.659110+00:00,109.9,3,ask,Xinhong Shan,Stanley Cai,14977159
2026-07-10T07:04:06.038766,2026-07-10T07:04:06.064164+00:00,109.9,2,ask,Xinhong Shan,WavyWalnuts,14977170
2026-07-10T07:04:06.038766,2026-07-10T07:04:06.064164+00:00,109.9,198,ask,YieldingYams,WavyWalnuts,14977171
2026-07-10T07:04:07.254446,2026-07-10T07:04:07.263670+00:00,109.9,5,ask,YieldingYams,Stanley Cai,14977193
2026-07-10T07:04:08.474665,2026-07-10T07:04:08.484979+00:00,109.7,3,ask,Kelvin Chan,WavyWalnuts,14977226
2026-07-10T07:04:08.474665,2026-07-10T07:04:08.484979+00:00,109.7,197,ask,YieldingYams,WavyWalnuts,14977227
2026-07-10T07:04:08.602212,2026-07-10T07:04:08.664115+00:00,109.7,5,ask,Xinhong Shan,BrilliantBurritos,14977231
2026-07-10T07:04:08.602212,2026-07-10T07:04:08.664115+00:00,109.7,15,ask,YieldingYams,BrilliantBurritos,14977232
2026-07-10T07:04:09.032372,2026-07-10T07:04:08.996331+00:00,109.7,9,ask,YieldingYams,Freddie Hurd-Wood,14977235
2026-07-10T07:04:09.289638,2026-07-10T07:04:09.294913+00:00,109.8,2,ask,Kelvin Chan,Xuanyu Liu,14977242
2026-07-10T07:04:09.856163,2026-07-10T07:04:09.863668+00:00,109.9,5,bid,YieldingYams,Xinhong Shan,14977254
2026-07-10T07:04:09.856163,2026-07-10T07:04:09.881212+00:00,109.9,200,bid,YieldingYams,WavyWalnuts,14977255
2026-07-10T07:04:09.876574,2026-07-10T07:04:09.881212+00:00,109.9,21,ask,YieldingYams,Xuanyu Liu,14977257
2026-07-10T07:04:10.897959,2026-07-10T07:04:10.958843+00:00,109.9,200,ask,YieldingYams,WavyWalnuts,14977277
2026-07-10T07:04:11.174176,2026-07-10T07:04:11.184270+00:00,109.9,5,ask,Xinhong Shan,YieldingYams,14977281
2026-07-10T07:04:12.488819,2026-07-10T07:04:12.569497+00:00,109.8,3,ask,Kelvin Chan,YieldingYams,14977315
2026-07-10T07:04:12.488819,2026-07-10T07:04:12.569497+00:00,109.8,5,ask,Xinhong Shan,YieldingYams,14977316
2026-07-10T07:04:12.488819,2026-07-10T07:04:12.579628+00:00,109.7,200,ask,WavyWalnuts,YieldingYams,14977317
2026-07-10T07:04:12.591128,2026-07-10T07:04:12.659797+00:00,109.7,6,bid,Xuanyu Liu,YieldingYams,14977320
2026-07-10T07:04:13.323875,2026-07-10T07:04:13.364609+00:00,109.7,200,bid,WavyWalnuts,YieldingYams,14977335
2026-07-10T07:04:13.572345,2026-07-10T07:04:13.577920+00:00,109.7,2,bid,Xuanyu Liu,YieldingYams,14977340
2026-07-10T07:04:13.773794,2026-07-10T07:04:13.779047+00:00,109.7,2,bid,Xuanyu Liu,YieldingYams,14977347
2026-07-10T07:04:13.806676,2026-07-10T07:04:13.868002+00:00,109.7,4,bid,YieldingYams,Xinhong Shan,14977348
2026-07-10T07:04:14.551951,2026-07-10T07:04:14.569731+00:00,109.8,200,ask,YieldingYams,WavyWalnuts,14977364
2026-07-10T07:04:15.126740,2026-07-10T07:04:15.170785+00:00,109.8,5,ask,Xinhong Shan,YieldingYams,14977375
2026-07-10T07:04:15.126740,2026-07-10T07:04:15.170785+00:00,109.7,3,ask,Stanley Cai,YieldingYams,14977376
2026-07-10T07:04:15.165491,2026-07-10T07:04:15.170785+00:00,109.7,13,bid,Xuanyu Liu,YieldingYams,14977377
2026-07-10T07:04:16.068661,2026-07-10T07:04:16.079923+00:00,109.7,19,bid,Freddie Hurd-Wood,YieldingYams,14977399
2026-07-10T07:04:19.062049,2026-07-10T07:04:19.069397+00:00,109.7,200,bid,YieldingYams,WavyWalnuts,14977455
2026-07-10T07:04:19.062049,2026-07-10T07:04:19.069397+00:00,109.7,4,bid,YieldingYams,Xinhong Shan,14977456
2026-07-10T07:04:19.404324,2026-07-10T07:04:19.408493+00:00,109.7,200,ask,YieldingYams,WavyWalnuts,14977459
2026-07-10T07:04:20.207500,2026-07-10T07:04:20.259193+00:00,109.9,3,bid,Xuanyu Liu,Stanley Cai,14977478
2026-07-10T07:04:20.207500,2026-07-10T07:04:20.259193+00:00,109.9,20,bid,Xuanyu Liu,YieldingYams,14977479
2026-07-10T07:04:20.387411,2026-07-10T07:04:20.397990+00:00,109.7,5,ask,Xinhong Shan,YieldingYams,14977483
2026-07-10T07:04:20.387411,2026-07-10T07:04:20.397990+00:00,109.6,4,ask,Kelvin Chan,YieldingYams,14977484
2026-07-10T07:04:20.387411,2026-07-10T07:04:20.397990+00:00,109.5,200,ask,WavyWalnuts,YieldingYams,14977485
2026-07-10T07:04:20.387411,2026-07-10T07:04:20.458639+00:00,109.5,416,ask,AverageAlmonds,YieldingYams,14977486
2026-07-10T07:04:20.617462,2026-07-10T07:04:20.679357+00:00,109.6,10,ask,Kelvin Chan,WavyWalnuts,14977487
2026-07-10T07:04:20.617462,2026-07-10T07:04:20.679357+00:00,109.5,84,ask,AverageAlmonds,WavyWalnuts,14977488
2026-07-10T07:04:20.635695,2026-07-10T07:04:20.679357+00:00,109.5,5,bid,Stanley Cai,WavyWalnuts,14977491
2026-07-10T07:04:20.662269,2026-07-10T07:04:20.679357+00:00,109.5,3,bid,Stanley Cai,WavyWalnuts,14977493
2026-07-10T07:04:20.674496,2026-07-10T07:04:20.679357+00:00,109.5,6,bid,Xuanyu Liu,WavyWalnuts,14977495
2026-07-10T07:04:20.750248,2026-07-10T07:04:20.769243+00:00,109.5,5,bid,Stanley Cai,WavyWalnuts,14977496
2026-07-10T07:04:20.898463,2026-07-10T07:04:20.904636+00:00,109.5,87,bid,AverageAlmonds,WavyWalnuts,14977501
2026-07-10T07:04:21.085405,2026-07-10T07:04:21.096954+00:00,109.9,2,bid,Freddie Hurd-Wood,Kelvin Chan,14977507
2026-07-10T07:04:21.085405,2026-07-10T07:04:21.096954+00:00,109.9,4,bid,Freddie Hurd-Wood,Xinhong Shan,14977508
2026-07-10T07:04:21.085405,2026-07-10T07:04:21.096954+00:00,110.1,25,bid,Freddie Hurd-Wood,AverageAlmonds,14977509
2026-07-10T07:04:21.681543,2026-07-10T07:04:21.686239+00:00,109.8,3,ask,Stanley Cai,Xuanyu Liu,14977535
2026-07-10T07:04:21.835683,2026-07-10T07:04:21.808488+00:00,109.8,200,ask,YieldingYams,WavyWalnuts,14977539
2026-07-10T07:04:23.046449,2026-07-10T07:04:23.063616+00:00,109.8,5,ask,Xinhong Shan,WavyWalnuts,14977570
2026-07-10T07:04:23.046449,2026-07-10T07:04:23.063616+00:00,109.7,195,ask,YieldingYams,WavyWalnuts,14977571
2026-07-10T07:04:23.109550,2026-07-10T07:04:23.169188+00:00,109.7,6,ask,YieldingYams,Freddie Hurd-Wood,14977572
2026-07-10T07:04:23.304228,2026-07-10T07:04:23.364622+00:00,109.9,20,bid,Xuanyu Liu,YieldingYams,14977576
2026-07-10T07:04:23.412451,2026-07-10T07:04:23.471916+00:00,109.7,5,ask,Xinhong Shan,YieldingYams,14977580
2026-07-10T07:04:23.742695,2026-07-10T07:04:23.780084+00:00,109.9,20,bid,BrilliantBurritos,YieldingYams,14977586
2026-07-10T07:04:26.696197,2026-07-10T07:04:26.764444+00:00,109.7,200,ask,YieldingYams,WavyWalnuts,14977631
2026-07-10T07:04:27.906806,2026-07-10T07:04:27.958616+00:00,109.7,200,ask,YieldingYams,WavyWalnuts,14977656
2026-07-10T07:04:30.061671,2026-07-10T07:04:30.075007+00:00,109.8,20,bid,BrilliantBurritos,WavyWalnuts,14977700
2026-07-10T07:04:31.595022,2026-07-10T07:04:31.658640+00:00,109.7,4,ask,Xinhong Shan,Stanley Cai,14977727
2026-07-10T07:04:31.595022,2026-07-10T07:04:31.658640+00:00,109.6,1,ask,Kelvin Chan,Stanley Cai,14977728
2026-07-10T07:04:33.979645,2026-07-10T07:04:33.990349+00:00,109.7,200,ask,YieldingYams,WavyWalnuts,14977769
2026-07-10T07:04:38.889273,2026-07-10T07:04:38.893245+00:00,109.7,4,ask,Xinhong Shan,YieldingYams,14977872
2026-07-10T07:04:38.889273,2026-07-10T07:04:38.893245+00:00,109.7,200,ask,WavyWalnuts,YieldingYams,14977873
2026-07-10T07:04:40.202664,2026-07-10T07:04:40.258563+00:00,109.7,4,bid,YieldingYams,Xinhong Shan,14977909
2026-07-10T07:04:41.258281,2026-07-10T07:04:41.269321+00:00,109.7,200,ask,WavyWalnuts,YieldingYams,14977927
2026-07-10T07:04:41.551253,2026-07-10T07:04:41.568759+00:00,109.7,4,ask,Xinhong Shan,YieldingYams,14977934
2026-07-10T07:04:42.397922,2026-07-10T07:04:42.404450+00:00,109.6,1,ask,Kelvin Chan,Xuanyu Liu,14977961
2026-07-10T07:04:42.397922,2026-07-10T07:04:42.404450+00:00,109.6,4,ask,Xinhong Shan,Xuanyu Liu,14977962
2026-07-10T07:04:42.574427,2026-07-10T07:04:42.579117+00:00,109.6,1,ask,Kelvin Chan,Xuanyu Liu,14977968
2026-07-10T07:04:43.773094,2026-07-10T07:04:43.786146+00:00,109.5,20,ask,YieldingYams,BrilliantBurritos,14977995
2026-07-10T07:04:44.895707,2026-07-10T07:04:44.899464+00:00,109.5,4,ask,Xinhong Shan,WavyWalnuts,14978026
2026-07-10T07:04:45.644545,2026-07-10T07:04:45.663666+00:00,109.4,4,ask,Xinhong Shan,Stanley Cai,14978048
2026-07-10T07:04:45.644545,2026-07-10T07:04:45.663666+00:00,109.4,1,ask,Kelvin Chan,Stanley Cai,14978049
2026-07-10T07:04:46.151014,2026-07-10T07:04:46.169562+00:00,109.5,4,bid,Freddie Hurd-Wood,Xinhong Shan,14978058
2026-07-10T07:04:46.151014,2026-07-10T07:04:46.169562+00:00,109.5,17,bid,Freddie Hurd-Wood,WavyWalnuts,14978059
2026-07-10T07:04:46.158857,2026-07-10T07:04:46.169562+00:00,109.5,20,bid,BrilliantBurritos,WavyWalnuts,14978060
2026-07-10T07:04:48.144760,2026-07-10T07:04:48.164515+00:00,109.4,4,ask,Xinhong Shan,Stanley Cai,14978102
2026-07-10T07:04:48.171222,2026-07-10T07:04:48.184018+00:00,109.5,11,bid,Freddie Hurd-Wood,WavyWalnuts,14978103
2026-07-10T07:04:48.766636,2026-07-10T07:04:48.771549+00:00,109.4,1,ask,Kelvin Chan,Xuanyu Liu,14978111
2026-07-10T07:04:48.778447,2026-07-10T07:04:48.783926+00:00,109.3,30,ask,YieldingYams,Xuanyu Liu,14978113
2026-07-10T07:04:49.250888,2026-07-10T07:04:49.264287+00:00,109.3,4,ask,YieldingYams,Freddie Hurd-Wood,14978125
2026-07-10T07:04:49.645478,2026-07-10T07:04:49.669127+00:00,109.3,3,ask,WavyWalnuts,Stanley Cai,14978134
2026-07-10T07:04:49.742713,2026-07-10T07:04:49.761575+00:00,109.4,200,bid,WavyWalnuts,YieldingYams,14978137
2026-07-10T07:04:50.394277,2026-07-10T07:04:50.458737+00:00,109.3,4,ask,YieldingYams,Freddie Hurd-Wood,14978155
2026-07-10T07:04:50.394277,2026-07-10T07:04:50.458737+00:00,109.2,1,ask,YieldingYams,Stanley Cai,14978156
2026-07-10T07:04:50.780524,2026-07-10T07:04:50.858972+00:00,109.4,4,bid,YieldingYams,Xinhong Shan,14978161
2026-07-10T07:04:50.780524,2026-07-10T07:04:50.858972+00:00,109.4,2,bid,YieldingYams,Stanley Cai,14978162
2026-07-10T07:04:50.801232,2026-07-10T07:04:50.858972+00:00,109.4,12,ask,YieldingYams,Xuanyu Liu,14978165
2026-07-10T07:04:50.955555,2026-07-10T07:04:50.964026+00:00,109.4,200,ask,YieldingYams,WavyWalnuts,14978166
2026-07-10T07:04:51.271549,2026-07-10T07:04:51.284564+00:00,109.4,28,ask,YieldingYams,Freddie Hurd-Wood,14978169
2026-07-10T07:04:52.169363,2026-07-10T07:04:52.175119+00:00,109.5,12,bid,Xuanyu Liu,YieldingYams,14978195
2026-07-10T07:04:52.185792,2026-07-10T07:04:52.204561+00:00,109.4,4,bid,YieldingYams,Xinhong Shan,14978196
2026-07-10T07:04:52.199123,2026-07-10T07:04:52.204561+00:00,109.4,11,bid,Xuanyu Liu,WavyWalnuts,14978198
2026-07-10T07:04:53.390505,2026-07-10T07:04:53.399728+00:00,109.3,200,ask,YieldingYams,WavyWalnuts,14978217
2026-07-10T07:04:53.426518,2026-07-10T07:04:53.464311+00:00,109.3,3,ask,Stanley Cai,YieldingYams,14978219
2026-07-10T07:04:53.426518,2026-07-10T07:04:53.464311+00:00,109.3,4,ask,Xinhong Shan,Stanley Cai,14978220
2026-07-10T07:04:54.295094,2026-07-10T07:04:54.368732+00:00,109.3,21,bid,Freddie Hurd-Wood,YieldingYams,14978244
2026-07-10T07:04:54.505946,2026-07-10T07:04:54.564006+00:00,109.2,3,ask,AverageAlmonds,Stanley Cai,14978248
2026-07-10T07:04:54.602849,2026-07-10T07:04:54.663686+00:00,109.2,200,ask,AverageAlmonds,WavyWalnuts,14978249
2026-07-10T07:04:54.744987,2026-07-10T07:04:54.766646+00:00,109.3,3,bid,YieldingYams,Xinhong Shan,14978252
2026-07-10T07:04:55.085537,2026-07-10T07:04:55.090720+00:00,109.3,11,ask,YieldingYams,Xuanyu Liu,14978255
2026-07-10T07:04:56.937125,2026-07-10T07:04:56.963651+00:00,109.4,20,bid,BrilliantBurritos,WavyWalnuts,14978287
2026-07-10T07:04:57.027134,2026-07-10T07:04:57.064034+00:00,109.3,4,ask,Xinhong Shan,WavyWalnuts,14978288
2026-07-10T07:04:57.027134,2026-07-10T07:04:57.064034+00:00,109.3,196,ask,AverageAlmonds,WavyWalnuts,14978289
2026-07-10T07:04:58.238979,2026-07-10T07:04:58.264248+00:00,109.4,3,bid,AverageAlmonds,Xinhong Shan,14978303
2026-07-10T07:04:58.238979,2026-07-10T07:04:58.264248+00:00,109.4,197,bid,WavyWalnuts,YieldingYams,14978304
2026-07-10T07:04:58.475547,2026-07-10T07:04:58.485102+00:00,109.4,428,bid,AverageAlmonds,YieldingYams,14978309
2026-07-10T07:04:58.475547,2026-07-10T07:04:58.485102+00:00,109.4,3,bid,WavyWalnuts,Xinhong Shan,14978310
2026-07-10T07:04:58.508373,2026-07-10T07:04:58.559194+00:00,109.4,5,ask,AverageAlmonds,Xuanyu Liu,14978313
2026-07-10T07:04:58.723399,2026-07-10T07:04:58.764196+00:00,109.5,10,bid,YieldingYams,Kelvin Chan,14978319
2026-07-10T07:05:00.061227,2026-07-10T07:05:00.074477+00:00,109.6,9,bid,YieldingYams,Kelvin Chan,14978340
2026-07-10T07:05:00.061227,2026-07-10T07:05:00.074477+00:00,109.6,4,bid,YieldingYams,Xinhong Shan,14978341
2026-07-10T07:05:00.061227,2026-07-10T07:05:00.074477+00:00,109.6,200,bid,YieldingYams,WavyWalnuts,14978342
2026-07-10T07:05:00.095580,2026-07-10T07:05:00.101280+00:00,109.6,7,ask,YieldingYams,Xuanyu Liu,14978344
2026-07-10T07:05:00.330336,2026-07-10T07:05:00.363658+00:00,109.6,21,ask,YieldingYams,Freddie Hurd-Wood,14978356
2026-07-10T07:05:01.389410,2026-07-10T07:05:01.400137+00:00,109.6,4,ask,Xinhong Shan,YieldingYams,14978376
2026-07-10T07:05:01.389410,2026-07-10T07:05:01.400137+00:00,109.6,200,ask,WavyWalnuts,YieldingYams,14978377
2026-07-10T07:05:01.868878,2026-07-10T07:05:01.872481+00:00,109.5,200,bid,WavyWalnuts,YieldingYams,14978384
2026-07-10T07:05:02.755476,2026-07-10T07:05:02.764432+00:00,109.5,4,bid,YieldingYams,Xinhong Shan,14978405
2026-07-10T07:05:03.114824,2026-07-10T07:05:03.169024+00:00,109.5,200,ask,YieldingYams,WavyWalnuts,14978408
2026-07-10T07:05:04.080706,2026-07-10T07:05:04.088754+00:00,109.5,4,ask,Xinhong Shan,YieldingYams,14978429
2026-07-10T07:05:04.670055,2026-07-10T07:05:04.676138+00:00,109.4,22,ask,WavyWalnuts,Xuanyu Liu,14978438
2026-07-10T07:05:05.362168,2026-07-10T07:05:05.369616+00:00,109.4,35,ask,WavyWalnuts,Freddie Hurd-Wood,14978453
2026-07-10T07:05:05.541393,2026-07-10T07:05:05.564111+00:00,109.4,4,ask,Xinhong Shan,WavyWalnuts,14978458
2026-07-10T07:05:05.541393,2026-07-10T07:05:05.564111+00:00,109.4,196,ask,YieldingYams,WavyWalnuts,14978459
2026-07-10T07:05:06.717191,2026-07-10T07:05:06.763858+00:00,109.4,500,ask,AverageAlmonds,YieldingYams,14978488
2026-07-10T07:05:06.723750,2026-07-10T07:05:06.763858+00:00,109.3,3,bid,Xinhong Shan,YieldingYams,14978489
2026-07-10T07:05:06.946756,2026-07-10T07:05:06.963687+00:00,109.3,122,bid,AverageAlmonds,YieldingYams,14978490
2026-07-10T07:05:06.946756,2026-07-10T07:05:06.963687+00:00,109.4,200,bid,AverageAlmonds,WavyWalnuts,14978491
2026-07-10T07:05:06.946756,2026-07-10T07:05:06.963687+00:00,109.5,3,bid,AverageAlmonds,Xinhong Shan,14978492
2026-07-10T07:05:07.963990,2026-07-10T07:05:07.974565+00:00,109.5,200,ask,AverageAlmonds,WavyWalnuts,14978526
2026-07-10T07:05:08.379260,2026-07-10T07:05:08.386136+00:00,109.5,3,ask,Xinhong Shan,Freddie Hurd-Wood,14978533
2026-07-10T07:05:08.379260,2026-07-10T07:05:08.386136+00:00,109.4,3,ask,Stanley Cai,Freddie Hurd-Wood,14978534
2026-07-10T07:05:08.379260,2026-07-10T07:05:08.392939+00:00,109.4,3,ask,YieldingYams,Stanley Cai,14978535
2026-07-10T07:05:08.569696,2026-07-10T07:05:08.576513+00:00,109.4,3,ask,YieldingYams,Freddie Hurd-Wood,14978538
2026-07-10T07:05:08.722158,2026-07-10T07:05:08.768719+00:00,109.4,20,ask,YieldingYams,BrilliantBurritos,14978544
2026-07-10T07:05:09.356519,2026-07-10T07:05:09.363652+00:00,109.5,200,ask,AverageAlmonds,WavyWalnuts,14978559
2026-07-10T07:05:10.221502,2026-07-10T07:05:10.259147+00:00,109.4,3,ask,Stanley Cai,Freddie Hurd-Wood,14978577
2026-07-10T07:05:10.221502,2026-07-10T07:05:10.259147+00:00,109.4,17,ask,AverageAlmonds,BrilliantBurritos,14978578
2026-07-10T07:05:12.817954,2026-07-10T07:05:12.864057+00:00,109.5,3,bid,WavyWalnuts,Xinhong Shan,14978626
2026-07-10T07:05:15.249743,2026-07-10T07:05:15.264006+00:00,109.5,3,ask,Xinhong Shan,WavyWalnuts,14978671
2026-07-10T07:05:15.409772,2026-07-10T07:05:15.464372+00:00,109.5,4,bid,Freddie Hurd-Wood,WavyWalnuts,14978673
2026-07-10T07:05:16.472773,2026-07-10T07:05:16.475083+00:00,109.4,200,bid,WavyWalnuts,YieldingYams,14978681
2026-07-10T07:05:16.496509,2026-07-10T07:05:16.501370+00:00,109.3,1,ask,Kelvin Chan,Freddie Hurd-Wood,14978682
2026-07-10T07:05:16.496509,2026-07-10T07:05:16.501370+00:00,109.3,3,ask,Xinhong Shan,Freddie Hurd-Wood,14978683
2026-07-10T07:05:16.496509,2026-07-10T07:05:16.558734+00:00,109.2,9,ask,AverageAlmonds,Freddie Hurd-Wood,14978684
2026-07-10T07:05:19.518447,2026-07-10T07:05:19.563682+00:00,109.4,3,bid,Freddie Hurd-Wood,YieldingYams,14978739
2026-07-10T07:05:19.890569,2026-07-10T07:05:19.898813+00:00,109.3,2,ask,Kelvin Chan,YieldingYams,14978753
2026-07-10T07:05:20.052388,2026-07-10T07:05:20.063653+00:00,109.3,20,bid,BrilliantBurritos,YieldingYams,14978755
2026-07-10T07:05:21.207047,2026-07-10T07:05:21.264499+00:00,109.2,5,ask,Kelvin Chan,YieldingYams,14978771
2026-07-10T07:05:22.522533,2026-07-10T07:05:22.563641+00:00,109.1,200,ask,WavyWalnuts,YieldingYams,14978799
2026-07-10T07:05:22.522533,2026-07-10T07:05:22.563641+00:00,109.1,425,ask,AverageAlmonds,YieldingYams,14978800
2026-07-10T07:05:22.538487,2026-07-10T07:05:22.563641+00:00,109.1,75,ask,AverageAlmonds,WavyWalnuts,14978801
2026-07-10T07:05:22.681214,2026-07-10T07:05:22.691599+00:00,109.1,125,bid,AverageAlmonds,WavyWalnuts,14978803
2026-07-10T07:05:24.523469,2026-07-10T07:05:24.563666+00:00,109.2,200,bid,AverageAlmonds,WavyWalnuts,14978842
2026-07-10T07:05:24.523469,2026-07-10T07:05:24.563666+00:00,109.2,300,bid,AverageAlmonds,YieldingYams,14978843
2026-07-10T07:05:24.671237,2026-07-10T07:05:24.675864+00:00,109.1,2,ask,Kelvin Chan,Xuanyu Liu,14978846
2026-07-10T07:05:24.677386,2026-07-10T07:05:24.691494+00:00,109.2,20,bid,BrilliantBurritos,YieldingYams,14978847
2026-07-10T07:05:25.120599,2026-07-10T07:05:25.181810+00:00,109.1,200,bid,AverageAlmonds,WavyWalnuts,14978858
2026-07-10T07:05:25.160481,2026-07-10T07:05:25.181810+00:00,109.2,3,bid,YieldingYams,Xinhong Shan,14978859
2026-07-10T07:05:25.176614,2026-07-10T07:05:25.181810+00:00,109.3,10,ask,YieldingYams,Freddie Hurd-Wood,14978861
2026-07-10T07:05:25.188986,2026-07-10T07:05:25.193845+00:00,109.3,17,ask,YieldingYams,Xuanyu Liu,14978863
2026-07-10T07:05:25.539747,2026-07-10T07:05:25.558624+00:00,109.3,10,ask,YieldingYams,Xuanyu Liu,14978867
2026-07-10T07:05:26.175570,2026-07-10T07:05:26.185146+00:00,109.3,200,ask,YieldingYams,WavyWalnuts,14978879
2026-07-10T07:05:27.387450,2026-07-10T07:05:27.396234+00:00,109.3,3,ask,Xinhong Shan,WavyWalnuts,14978914
2026-07-10T07:05:27.387450,2026-07-10T07:05:27.401471+00:00,109.2,6,ask,Kelvin Chan,WavyWalnuts,14978915
2026-07-10T07:05:27.387450,2026-07-10T07:05:27.401471+00:00,109.2,191,ask,YieldingYams,WavyWalnuts,14978916
2026-07-10T07:05:30.146023,2026-07-10T07:05:30.168696+00:00,109.3,20,ask,YieldingYams,BrilliantBurritos,14978972
2026-07-10T07:05:31.725595,2026-07-10T07:05:31.763758+00:00,109.4,200,bid,YieldingYams,WavyWalnuts,14978996
2026-07-10T07:05:31.725595,2026-07-10T07:05:31.763758+00:00,109.4,3,bid,YieldingYams,Xinhong Shan,14978997
2026-07-10T07:05:32.235731,2026-07-10T07:05:32.263712+00:00,109.4,200,ask,YieldingYams,WavyWalnuts,14979007
2026-07-10T07:05:32.282486,2026-07-10T07:05:32.364311+00:00,109.5,3,bid,BrilliantBurritos,Kelvin Chan,14979008
2026-07-10T07:05:33.043668,2026-07-10T07:05:33.084632+00:00,109.4,3,ask,Xinhong Shan,YieldingYams,14979022
2026-07-10T07:05:33.079581,2026-07-10T07:05:33.084632+00:00,109.3,5,bid,Xuanyu Liu,YieldingYams,14979024
2026-07-10T07:05:34.357576,2026-07-10T07:05:34.381813+00:00,109.2,3,ask,Kelvin Chan,YieldingYams,14979060
2026-07-10T07:05:34.357576,2026-07-10T07:05:34.381813+00:00,109.2,500,ask,AverageAlmonds,YieldingYams,14979061
2026-07-10T07:05:34.376974,2026-07-10T07:05:34.381813+00:00,109.2,1,bid,Xuanyu Liu,YieldingYams,14979063
2026-07-10T07:05:34.653396,2026-07-10T07:05:34.663695+00:00,109.2,121,bid,WavyWalnuts,YieldingYams,14979064
2026-07-10T07:05:34.653396,2026-07-10T07:05:34.663695+00:00,109.2,3,bid,WavyWalnuts,Xinhong Shan,14979065
2026-07-10T07:05:38.303834,2026-07-10T07:05:38.294937+00:00,109.5,3,bid,WavyWalnuts,Xinhong Shan,14979135
2026-07-10T07:05:38.303834,2026-07-10T07:05:38.294937+00:00,109.5,3,bid,WavyWalnuts,Kelvin Chan,14979136
2026-07-10T07:05:38.303834,2026-07-10T07:05:38.294937+00:00,109.5,194,bid,WavyWalnuts,YieldingYams,14979137
2026-07-10T07:05:38.566670,2026-07-10T07:05:38.579600+00:00,109.3,3,ask,Xinhong Shan,Freddie Hurd-Wood,14979146
2026-07-10T07:05:38.566670,2026-07-10T07:05:38.579600+00:00,109.3,5,ask,YieldingYams,Freddie Hurd-Wood,14979147
2026-07-10T07:05:41.956730,2026-07-10T07:05:41.968741+00:00,109.5,6,bid,WavyWalnuts,Kelvin Chan,14979214
2026-07-10T07:05:41.956730,2026-07-10T07:05:41.968741+00:00,109.5,194,bid,WavyWalnuts,YieldingYams,14979215
2026-07-10T07:05:43.170817,2026-07-10T07:05:43.175098+00:00,109.5,3,bid,YieldingYams,Xinhong Shan,14979251
2026-07-10T07:05:43.170817,2026-07-10T07:05:43.181041+00:00,109.5,197,bid,WavyWalnuts,YieldingYams,14979252
2026-07-10T07:05:43.557447,2026-07-10T07:05:43.569843+00:00,109.5,3,bid,YieldingYams,Xinhong Shan,14979265
2026-07-10T07:05:43.557447,2026-07-10T07:05:43.569843+00:00,109.5,2,bid,YieldingYams,Kelvin Chan,14979266
2026-07-10T07:05:44.409058,2026-07-10T07:05:44.404797+00:00,109.6,200,ask,YieldingYams,WavyWalnuts,14979286
2026-07-10T07:05:45.623662,2026-07-10T07:05:45.606836+00:00,109.6,200,ask,YieldingYams,WavyWalnuts,14979317
2026-07-10T07:05:46.834960,2026-07-10T07:05:46.864066+00:00,109.6,3,ask,Xinhong Shan,WavyWalnuts,14979339
2026-07-10T07:05:46.834960,2026-07-10T07:05:46.864066+00:00,109.6,197,ask,YieldingYams,WavyWalnuts,14979340
2026-07-10T07:05:48.865200,2026-07-10T07:05:48.874793+00:00,109.7,3,bid,YieldingYams,Xinhong Shan,14979391
2026-07-10T07:05:48.971284,2026-07-10T07:05:48.976353+00:00,109.8,23,bid,Xuanyu Liu,WavyWalnuts,14979394
2026-07-10T07:05:49.284073,2026-07-10T07:05:49.294810+00:00,109.7,200,ask,YieldingYams,WavyWalnuts,14979397
2026-07-10T07:05:50.187473,2026-07-10T07:05:50.196840+00:00,109.7,3,ask,Xinhong Shan,YieldingYams,14979424
2026-07-10T07:05:50.187473,2026-07-10T07:05:50.196840+00:00,109.7,3,ask,Xinhong Shan,YieldingYams,14979425
2026-07-10T07:05:50.269784,2026-07-10T07:05:50.274997+00:00,109.7,11,bid,Xuanyu Liu,YieldingYams,14979430
2026-07-10T07:05:50.638291,2026-07-10T07:05:50.664032+00:00,109.7,10,bid,Stanley Cai,YieldingYams,14979441
2026-07-10T07:05:51.712862,2026-07-10T07:05:51.788783+00:00,109.6,3,ask,Xinhong Shan,WavyWalnuts,14979465
2026-07-10T07:05:51.712862,2026-07-10T07:05:51.788783+00:00,109.6,3,ask,Stanley Cai,WavyWalnuts,14979466
2026-07-10T07:05:51.783928,2026-07-10T07:05:51.788783+00:00,109.6,11,bid,Xuanyu Liu,WavyWalnuts,14979468
2026-07-10T07:05:52.137508,2026-07-10T07:05:52.164289+00:00,109.5,3,ask,YieldingYams,Stanley Cai,14979471
2026-07-10T07:05:52.198306,2026-07-10T07:05:52.203728+00:00,109.5,11,ask,YieldingYams,Xuanyu Liu,14979476
2026-07-10T07:05:52.830877,2026-07-10T07:05:52.880199+00:00,109.6,183,bid,YieldingYams,WavyWalnuts,14979494
2026-07-10T07:05:52.830877,2026-07-10T07:05:52.880199+00:00,109.6,3,bid,YieldingYams,Xinhong Shan,14979495
2026-07-10T07:05:52.873818,2026-07-10T07:05:52.880199+00:00,109.7,23,ask,YieldingYams,Xuanyu Liu,14979497
2026-07-10T07:05:52.925876,2026-07-10T07:05:52.958675+00:00,109.7,200,ask,YieldingYams,WavyWalnuts,14979499
2026-07-10T07:05:53.457511,2026-07-10T07:05:53.469251+00:00,109.9,3,bid,BrilliantBurritos,Stanley Cai,14979508
2026-07-10T07:05:53.457511,2026-07-10T07:05:53.469251+00:00,109.9,17,bid,BrilliantBurritos,YieldingYams,14979509
2026-07-10T07:05:54.140599,2026-07-10T07:05:54.163693+00:00,109.7,200,ask,YieldingYams,WavyWalnuts,14979530
2026-07-10T07:05:54.155161,2026-07-10T07:05:54.163693+00:00,109.7,3,ask,Xinhong Shan,YieldingYams,14979531
2026-07-10T07:05:55.359942,2026-07-10T07:05:55.365088+00:00,109.6,23,bid,Xuanyu Liu,YieldingYams,14979552
2026-07-10T07:05:56.563915,2026-07-10T07:05:56.574200+00:00,109.6,3,bid,WavyWalnuts,Xinhong Shan,14979576
2026-07-10T07:05:58.096453,2026-07-10T07:05:58.159030+00:00,109.7,1,bid,YieldingYams,Kelvin Chan,14979613
2026-07-10T07:05:58.096453,2026-07-10T07:05:58.159030+00:00,109.7,3,bid,YieldingYams,Xinhong Shan,14979614
2026-07-10T07:05:58.653574,2026-07-10T07:05:58.668695+00:00,109.7,5,ask,YieldingYams,Stanley Cai,14979630
2026-07-10T07:05:59.635180,2026-07-10T07:05:59.664707+00:00,109.7,200,ask,WavyWalnuts,AverageAlmonds,14979650
2026-07-10T07:05:59.635180,2026-07-10T07:05:59.664707+00:00,109.7,3,ask,Xinhong Shan,AverageAlmonds,14979651
2026-07-10T07:06:02.078222,2026-07-10T07:06:02.089860+00:00,109.6,200,ask,WavyWalnuts,AverageAlmonds,14979689
2026-07-10T07:06:02.078222,2026-07-10T07:06:02.089860+00:00,109.6,3,ask,Xinhong Shan,AverageAlmonds,14979690
2026-07-10T07:06:02.642967,2026-07-10T07:06:02.664075+00:00,109.6,200,bid,WavyWalnuts,AverageAlmonds,14979703
2026-07-10T07:06:03.425562,2026-07-10T07:06:03.463646+00:00,109.6,3,bid,YieldingYams,Xinhong Shan,14979709
2026-07-10T07:06:03.924678,2026-07-10T07:06:03.964649+00:00,109.6,200,ask,WavyWalnuts,AverageAlmonds,14979724
2026-07-10T07:06:04.702975,2026-07-10T07:06:04.764377+00:00,109.6,5,ask,YieldingYams,Stanley Cai,14979741
2026-07-10T07:06:04.885635,2026-07-10T07:06:04.891813+00:00,109.6,3,ask,Xinhong Shan,AverageAlmonds,14979744
2026-07-10T07:06:05.137049,2026-07-10T07:06:05.164419+00:00,109.7,200,bid,WavyWalnuts,YieldingYams,14979755
2026-07-10T07:06:06.349664,2026-07-10T07:06:06.363630+00:00,109.6,200,bid,WavyWalnuts,YieldingYams,14979785
2026-07-10T07:06:07.563767,2026-07-10T07:06:07.574441+00:00,109.5,200,bid,WavyWalnuts,YieldingYams,14979808
2026-07-10T07:06:08.071614,2026-07-10T07:06:08.076535+00:00,109.4,7,ask,Kelvin Chan,Xuanyu Liu,14979820
2026-07-10T07:06:08.084113,2026-07-10T07:06:08.088938+00:00,109.3,1,ask,YieldingYams,Xuanyu Liu,14979822
2026-07-10T07:06:08.695373,2026-07-10T07:06:08.781530+00:00,109.5,3,bid,YieldingYams,Xinhong Shan,14979845
2026-07-10T07:06:08.776768,2026-07-10T07:06:08.781530+00:00,109.6,29,ask,YieldingYams,Xuanyu Liu,14979851
2026-07-10T07:06:09.758063,2026-07-10T07:06:09.768041+00:00,109.7,40,bid,Stanley Cai,WavyWalnuts,14979867
2026-07-10T07:06:12.206131,2026-07-10T07:06:12.259115+00:00,109.7,3,bid,BrilliantBurritos,Xinhong Shan,14979913
2026-07-10T07:06:16.399383,2026-07-10T07:06:16.458761+00:00,109.8,1,bid,BrilliantBurritos,Kelvin Chan,14980013
2026-07-10T07:06:16.399383,2026-07-10T07:06:16.458761+00:00,109.8,19,bid,BrilliantBurritos,YieldingYams,14980014
2026-07-10T07:06:17.002926,2026-07-10T07:06:17.058588+00:00,109.8,20,bid,BrilliantBurritos,WavyWalnuts,14980022
2026-07-10T07:06:17.929514,2026-07-10T07:06:17.964531+00:00,109.7,3,ask,Xinhong Shan,YieldingYams,14980044
2026-07-10T07:06:17.929514,2026-07-10T07:06:17.964531+00:00,109.6,500,ask,AverageAlmonds,YieldingYams,14980045
2026-07-10T07:06:18.378326,2026-07-10T07:06:18.387085+00:00,109.6,122,bid,AverageAlmonds,YieldingYams,14980053
2026-07-10T07:06:18.378326,2026-07-10T07:06:18.387085+00:00,109.6,3,bid,AverageAlmonds,Xinhong Shan,14980054
2026-07-10T07:06:19.241363,2026-07-10T07:06:19.263686+00:00,109.8,6,bid,YieldingYams,Kelvin Chan,14980066
2026-07-10T07:06:19.241363,2026-07-10T07:06:19.263686+00:00,109.8,200,bid,YieldingYams,WavyWalnuts,14980067
2026-07-10T07:06:20.630702,2026-07-10T07:06:20.664377+00:00,109.8,3,ask,Xinhong Shan,BrilliantBurritos,14980099
2026-07-10T07:06:20.630702,2026-07-10T07:06:20.664377+00:00,109.8,17,ask,YieldingYams,BrilliantBurritos,14980100
2026-07-10T07:06:22.152346,2026-07-10T07:06:22.158610+00:00,109.8,3,ask,Xinhong Shan,BrilliantBurritos,14980131
2026-07-10T07:06:22.152346,2026-07-10T07:06:22.158610+00:00,109.8,197,ask,YieldingYams,WavyWalnuts,14980132
2026-07-10T07:06:24.512057,2026-07-10T07:06:24.558607+00:00,109.9,9,bid,YieldingYams,Kelvin Chan,14980162
2026-07-10T07:06:24.512057,2026-07-10T07:06:24.558607+00:00,109.9,200,bid,YieldingYams,WavyWalnuts,14980163
2026-07-10T07:06:24.512057,2026-07-10T07:06:24.558607+00:00,109.9,3,bid,YieldingYams,Xinhong Shan,14980164
2026-07-10T07:06:24.574548,2026-07-10T07:06:24.580863+00:00,109.9,200,ask,YieldingYams,WavyWalnuts,14980166
2026-07-10T07:06:25.839658,2026-07-10T07:06:25.869224+00:00,109.9,3,ask,Xinhong Shan,YieldingYams,14980187
2026-07-10T07:06:27.499218,2026-07-10T07:06:27.507604+00:00,109.8,200,ask,WavyWalnuts,AverageAlmonds,14980217
2026-07-10T07:06:27.499218,2026-07-10T07:06:27.507604+00:00,109.7,300,ask,YieldingYams,AverageAlmonds,14980218
2026-07-10T07:06:29.415001,2026-07-10T07:06:29.462881+00:00,109.8,200,bid,WavyWalnuts,YieldingYams,14980251
2026-07-10T07:06:30.151032,2026-07-10T07:06:30.168712+00:00,109.6,2,ask,Kelvin Chan,BrilliantBurritos,14980265
2026-07-10T07:06:30.151032,2026-07-10T07:06:30.168712+00:00,109.6,18,ask,YieldingYams,BrilliantBurritos,14980266
2026-07-10T07:06:31.842888,2026-07-10T07:06:31.864361+00:00,109.8,200,bid,WavyWalnuts,YieldingYams,14980288
2026-07-10T07:06:33.067533,2026-07-10T07:06:33.076906+00:00,109.8,3,bid,WavyWalnuts,Xinhong Shan,14980312
2026-07-10T07:06:33.067533,2026-07-10T07:06:33.081879+00:00,109.9,2,bid,WavyWalnuts,Kelvin Chan,14980313
2026-07-10T07:06:33.067533,2026-07-10T07:06:33.081879+00:00,109.9,195,bid,WavyWalnuts,YieldingYams,14980314
2026-07-10T07:06:33.783100,2026-07-10T07:06:33.790261+00:00,109.9,3,bid,YieldingYams,Xinhong Shan,14980325
2026-07-10T07:06:34.162644,2026-07-10T07:06:34.174547+00:00,109.9,500,ask,YieldingYams,AverageAlmonds,14980329
2026-07-10T07:06:34.302456,2026-07-10T07:06:34.364344+00:00,109.9,122,ask,YieldingYams,WavyWalnuts,14980332
2026-07-10T07:06:36.412454,2026-07-10T07:06:36.463784+00:00,109.9,2,bid,WavyWalnuts,Kelvin Chan,14980373
2026-07-10T07:06:36.412454,2026-07-10T07:06:36.463784+00:00,109.9,200,bid,YieldingYams,WavyWalnuts,14980374
2026-07-10T07:06:36.412454,2026-07-10T07:06:36.463784+00:00,109.9,3,bid,YieldingYams,Xinhong Shan,14980375
2026-07-10T07:06:36.412454,2026-07-10T07:06:36.463784+00:00,109.9,420,bid,YieldingYams,AverageAlmonds,14980376
2026-07-10T07:06:36.730311,2026-07-10T07:06:36.764418+00:00,109.8,3,ask,Xinhong Shan,WavyWalnuts,14980383
2026-07-10T07:06:38.545867,2026-07-10T07:06:38.564170+00:00,109.7,20,ask,YieldingYams,BrilliantBurritos,14980417
2026-07-10T07:06:44.300579,2026-07-10T07:06:44.358632+00:00,109.8,200,bid,YieldingYams,WavyWalnuts,14980522
2026-07-10T07:06:44.300579,2026-07-10T07:06:44.358632+00:00,109.8,3,bid,YieldingYams,Xinhong Shan,14980523
2026-07-10T07:06:45.320967,2026-07-10T07:06:45.358599+00:00,109.8,20,ask,YieldingYams,BrilliantBurritos,14980528
2026-07-10T07:06:47.066280,2026-07-10T07:06:47.072867+00:00,109.9,3,bid,Xuanyu Liu,Xinhong Shan,14980566
2026-07-10T07:06:47.066280,2026-07-10T07:06:47.072867+00:00,109.9,3,bid,Xuanyu Liu,Xinhong Shan,14980567
2026-07-10T07:06:48.251091,2026-07-10T07:06:48.269535+00:00,109.9,200,bid,YieldingYams,WavyWalnuts,14980590
2026-07-10T07:06:48.251091,2026-07-10T07:06:48.269535+00:00,109.9,4,bid,YieldingYams,Xinhong Shan,14980591
2026-07-10T07:06:48.894760,2026-07-10T07:06:48.906149+00:00,109.9,200,ask,YieldingYams,WavyWalnuts,14980615
2026-07-10T07:06:49.265847,2026-07-10T07:06:49.270560+00:00,110.0,2,bid,Xuanyu Liu,Kelvin Chan,14980626
2026-07-10T07:06:49.279253,2026-07-10T07:06:49.283897+00:00,110.1,9,bid,Xuanyu Liu,AverageAlmonds,14980628
2026-07-10T07:06:49.372731,2026-07-10T07:06:49.378489+00:00,110.0,4,bid,Xuanyu Liu,Xinhong Shan,14980632
2026-07-10T07:06:50.166209,2026-07-10T07:06:50.171243+00:00,110.0,8,bid,Xuanyu Liu,WavyWalnuts,14980645
2026-07-10T07:06:52.198898,2026-07-10T07:06:52.207993+00:00,110.0,4,bid,Xuanyu Liu,Xinhong Shan,14980677
2026-07-10T07:06:52.198898,2026-07-10T07:06:52.207993+00:00,110.0,7,bid,YieldingYams,Kelvin Chan,14980678
2026-07-10T07:06:52.315880,2026-07-10T07:06:52.358732+00:00,110.0,500,ask,YieldingYams,AverageAlmonds,14980679
2026-07-10T07:06:52.918009,2026-07-10T07:06:52.906648+00:00,110.0,114,ask,YieldingYams,AverageAlmonds,14980691
2026-07-10T07:06:52.918009,2026-07-10T07:06:52.968715+00:00,110.0,4,ask,Xinhong Shan,AverageAlmonds,14980692
2026-07-10T07:06:54.848990,2026-07-10T07:06:54.863652+00:00,109.9,200,ask,WavyWalnuts,YieldingYams,14980741
2026-07-10T07:06:54.848990,2026-07-10T07:06:54.863652+00:00,109.9,4,ask,Xinhong Shan,YieldingYams,14980742
2026-07-10T07:06:56.168501,2026-07-10T07:06:56.179482+00:00,109.9,4,bid,WavyWalnuts,Xinhong Shan,14980765
2026-07-10T07:06:57.387908,2026-07-10T07:06:57.395062+00:00,110.0,200,bid,WavyWalnuts,YieldingYams,14980781
2026-07-10T07:06:57.487982,2026-07-10T07:06:57.498674+00:00,110.0,4,bid,YieldingYams,Xinhong Shan,14980783
2026-07-10T07:06:57.487982,2026-07-10T07:06:57.498674+00:00,110.0,500,bid,YieldingYams,AverageAlmonds,14980784
2026-07-10T07:06:57.752554,2026-07-10T07:06:57.769224+00:00,110.0,121,ask,YieldingYams,AverageAlmonds,14980787
2026-07-10T07:06:57.752554,2026-07-10T07:06:57.769224+00:00,110.0,4,ask,Xinhong Shan,AverageAlmonds,14980788
2026-07-10T07:06:58.802106,2026-07-10T07:06:58.808500+00:00,109.9,200,ask,WavyWalnuts,YieldingYams,14980805
2026-07-10T07:06:58.802106,2026-07-10T07:06:58.863859+00:00,109.9,4,ask,Xinhong Shan,YieldingYams,14980806
2026-07-10T07:06:59.816195,2026-07-10T07:06:59.858546+00:00,109.7,200,ask,YieldingYams,WavyWalnuts,14980820
2026-07-10T07:07:01.894629,2026-07-10T07:07:01.899311+00:00,109.9,11,bid,Xuanyu Liu,WavyWalnuts,14980853
2026-07-10T07:07:02.743204,2026-07-10T07:07:02.776612+00:00,109.7,60,ask,Kelvin Chan,YieldingYams,14980862
2026-07-10T07:07:02.743204,2026-07-10T07:07:02.776612+00:00,109.7,200,ask,WavyWalnuts,YieldingYams,14980863
2026-07-10T07:07:02.748873,2026-07-10T07:07:02.776612+00:00,109.7,4,bid,Xinhong Shan,YieldingYams,14980864
2026-07-10T07:07:02.771736,2026-07-10T07:07:02.776612+00:00,109.7,5,bid,Xuanyu Liu,YieldingYams,14980866
2026-07-10T07:07:05.417187,2026-07-10T07:07:05.463662+00:00,109.6,20,ask,WavyWalnuts,BrilliantBurritos,14980914
2026-07-10T07:07:07.079350,2026-07-10T07:07:07.090315+00:00,109.7,4,bid,WavyWalnuts,Xinhong Shan,14980931
2026-07-10T07:07:07.903431,2026-07-10T07:07:07.964031+00:00,109.7,20,ask,WavyWalnuts,BrilliantBurritos,14980965
2026-07-10T07:07:08.289531,2026-07-10T07:07:08.294248+00:00,109.8,18,bid,Xuanyu Liu,YieldingYams,14980968
2026-07-10T07:07:09.504903,2026-07-10T07:07:09.507129+00:00,109.8,4,bid,WavyWalnuts,Xinhong Shan,14980993
2026-07-10T07:07:09.504903,2026-07-10T07:07:09.564166+00:00,109.8,196,bid,WavyWalnuts,AverageAlmonds,14980994
2026-07-10T07:07:10.622893,2026-07-10T07:07:10.658612+00:00,109.8,4,bid,WavyWalnuts,Xinhong Shan,14981006
2026-07-10T07:07:10.622893,2026-07-10T07:07:10.658612+00:00,109.9,500,bid,YieldingYams,AverageAlmonds,14981007
2026-07-10T07:07:10.717960,2026-07-10T07:07:10.769135+00:00,109.9,121,ask,YieldingYams,WavyWalnuts,14981009
2026-07-10T07:07:11.930535,2026-07-10T07:07:11.963665+00:00,109.8,4,bid,YieldingYams,Xinhong Shan,14981035
2026-07-10T07:07:11.930535,2026-07-10T07:07:11.963665+00:00,109.8,196,bid,WavyWalnuts,AverageAlmonds,14981036
2026-07-10T07:07:12.306905,2026-07-10T07:07:12.358619+00:00,109.7,500,ask,YieldingYams,AverageAlmonds,14981044
2026-07-10T07:07:12.494857,2026-07-10T07:07:12.563669+00:00,109.8,4,bid,YieldingYams,Xinhong Shan,14981049
2026-07-10T07:07:12.892408,2026-07-10T07:07:12.958734+00:00,109.7,125,ask,YieldingYams,AverageAlmonds,14981058
2026-07-10T07:07:12.892408,2026-07-10T07:07:12.987616+00:00,109.7,4,ask,Xinhong Shan,AverageAlmonds,14981059
2026-07-10T07:07:12.892408,2026-07-10T07:07:12.987616+00:00,109.6,6,ask,Kelvin Chan,AverageAlmonds,14981060
2026-07-10T07:07:12.982456,2026-07-10T07:07:12.987616+00:00,109.6,11,bid,Xuanyu Liu,AverageAlmonds,14981063
2026-07-10T07:07:13.156778,2026-07-10T07:07:13.164441+00:00,109.6,200,bid,WavyWalnuts,AverageAlmonds,14981072
2026-07-10T07:07:13.272515,2026-07-10T07:07:13.277165+00:00,109.6,154,bid,YieldingYams,AverageAlmonds,14981073
2026-07-10T07:07:13.272515,2026-07-10T07:07:13.277165+00:00,109.6,4,bid,YieldingYams,Xinhong Shan,14981074
2026-07-10T07:07:13.522666,2026-07-10T07:07:13.563676+00:00,109.6,467,ask,YieldingYams,AverageAlmonds,14981075
2026-07-10T07:07:14.590022,2026-07-10T07:07:14.676398+00:00,109.5,7,ask,Kelvin Chan,YieldingYams,14981100
2026-07-10T07:07:14.590022,2026-07-10T07:07:14.676398+00:00,109.5,4,ask,Xinhong Shan,YieldingYams,14981101
2026-07-10T07:07:14.590022,2026-07-10T07:07:14.676398+00:00,109.5,200,ask,WavyWalnuts,YieldingYams,14981102
2026-07-10T07:07:14.671533,2026-07-10T07:07:14.676398+00:00,109.4,5,bid,Xuanyu Liu,YieldingYams,14981107
2026-07-10T07:07:14.690598,2026-07-10T07:07:14.695420+00:00,109.4,7,bid,Xuanyu Liu,YieldingYams,14981110
2026-07-10T07:07:15.172319,2026-07-10T07:07:15.177444+00:00,109.4,7,bid,Xuanyu Liu,YieldingYams,14981122
2026-07-10T07:07:15.368514,2026-07-10T07:07:15.373246+00:00,109.4,4,bid,Xuanyu Liu,YieldingYams,14981130
2026-07-10T07:07:15.575255,2026-07-10T07:07:15.585679+00:00,109.4,200,bid,WavyWalnuts,YieldingYams,14981137
2026-07-10T07:07:15.904513,2026-07-10T07:07:15.963694+00:00,109.4,4,bid,YieldingYams,Xinhong Shan,14981146
2026-07-10T07:07:15.976377,2026-07-10T07:07:15.982158+00:00,109.5,11,ask,YieldingYams,Xuanyu Liu,14981152
2026-07-10T07:07:17.156840,2026-07-10T07:07:17.163713+00:00,109.5,500,ask,YieldingYams,AverageAlmonds,14981183
2026-07-10T07:07:17.228138,2026-07-10T07:07:17.263647+00:00,109.5,4,ask,Xinhong Shan,YieldingYams,14981187
2026-07-10T07:07:17.228138,2026-07-10T07:07:17.263647+00:00,109.4,200,ask,WavyWalnuts,YieldingYams,14981188
2026-07-10T07:07:17.228138,2026-07-10T07:07:17.263647+00:00,109.3,8,ask,Kelvin Chan,YieldingYams,14981189
2026-07-10T07:07:18.019616,2026-07-10T07:07:18.064552+00:00,109.3,200,bid,WavyWalnuts,YieldingYams,14981206
2026-07-10T07:07:18.395345,2026-07-10T07:07:18.468718+00:00,109.1,5,ask,YieldingYams,Stanley Cai,14981219
2026-07-10T07:07:19.236304,2026-07-10T07:07:19.195708+00:00,109.3,4,bid,WavyWalnuts,Xinhong Shan,14981230
2026-07-10T07:07:19.236304,2026-07-10T07:07:19.264010+00:00,109.3,196,bid,WavyWalnuts,YieldingYams,14981231
2026-07-10T07:07:19.854320,2026-07-10T07:07:19.875649+00:00,109.3,3,bid,YieldingYams,Stanley Cai,14981243
2026-07-10T07:07:19.854320,2026-07-10T07:07:19.875649+00:00,109.3,4,bid,YieldingYams,Xinhong Shan,14981244
2026-07-10T07:07:19.870741,2026-07-10T07:07:19.875649+00:00,109.3,12,ask,YieldingYams,Xuanyu Liu,14981246
2026-07-10T07:07:19.924009,2026-07-10T07:07:19.963690+00:00,109.3,10,ask,YieldingYams,Stanley Cai,14981247
2026-07-10T07:07:20.314535,2026-07-10T07:07:20.364115+00:00,109.3,10,ask,YieldingYams,Stanley Cai,14981261
2026-07-10T07:07:20.941889,2026-07-10T07:07:20.978688+00:00,109.3,4,ask,YieldingYams,Stanley Cai,14981283
2026-07-10T07:07:22.895960,2026-07-10T07:07:22.968735+00:00,109.3,1,ask,Kelvin Chan,WavyWalnuts,14981328
2026-07-10T07:07:22.895960,2026-07-10T07:07:22.968735+00:00,109.3,4,ask,YieldingYams,Stanley Cai,14981329
2026-07-10T07:07:24.610872,2026-07-10T07:07:24.664463+00:00,109.3,4,bid,BrilliantBurritos,Xinhong Shan,14981364
2026-07-10T07:07:24.652174,2026-07-10T07:07:24.664463+00:00,109.2,3,ask,Kelvin Chan,Stanley Cai,14981365
2026-07-10T07:07:24.652174,2026-07-10T07:07:24.664463+00:00,109.2,2,ask,YieldingYams,Stanley Cai,14981366
2026-07-10T07:07:25.134223,2026-07-10T07:07:25.164098+00:00,109.4,200,bid,YieldingYams,WavyWalnuts,14981377
2026-07-10T07:07:25.134223,2026-07-10T07:07:25.164098+00:00,109.4,4,bid,YieldingYams,Xinhong Shan,14981378
2026-07-10T07:07:25.134223,2026-07-10T07:07:25.164098+00:00,109.4,3,bid,YieldingYams,Stanley Cai,14981379
2026-07-10T07:07:27.371055,2026-07-10T07:07:27.375890+00:00,109.5,12,bid,Xuanyu Liu,YieldingYams,14981431
2026-07-10T07:07:27.447765,2026-07-10T07:07:27.463656+00:00,109.4,4,ask,Xinhong Shan,BrilliantBurritos,14981432
2026-07-10T07:07:27.502191,2026-07-10T07:07:27.558650+00:00,109.5,5,bid,Stanley Cai,YieldingYams,14981433
2026-07-10T07:07:29.174945,2026-07-10T07:07:29.179991+00:00,109.4,7,bid,Xuanyu Liu,YieldingYams,14981468
2026-07-10T07:07:30.413209,2026-07-10T07:07:30.464486+00:00,109.3,4,ask,Xinhong Shan,YieldingYams,14981478
2026-07-10T07:07:30.413209,2026-07-10T07:07:30.464486+00:00,109.3,200,ask,WavyWalnuts,YieldingYams,14981479
2026-07-10T07:07:31.414968,2026-07-10T07:07:31.464245+00:00,109.2,2,ask,Kelvin Chan,WavyWalnuts,14981500
2026-07-10T07:07:31.414968,2026-07-10T07:07:31.464245+00:00,109.2,4,ask,Xinhong Shan,WavyWalnuts,14981501
2026-07-10T07:07:31.725319,2026-07-10T07:07:31.784948+00:00,109.2,194,bid,YieldingYams,WavyWalnuts,14981509
2026-07-10T07:07:31.725319,2026-07-10T07:07:31.784948+00:00,109.3,4,bid,YieldingYams,Xinhong Shan,14981510
2026-07-10T07:07:31.725319,2026-07-10T07:07:31.784948+00:00,109.4,3,bid,YieldingYams,Stanley Cai,14981511
2026-07-10T07:07:31.778413,2026-07-10T07:07:31.784948+00:00,109.4,19,ask,YieldingYams,Xuanyu Liu,14981513
2026-07-10T07:07:32.634532,2026-07-10T07:07:32.664264+00:00,109.4,200,ask,YieldingYams,WavyWalnuts,14981531
2026-07-10T07:07:33.041283,2026-07-10T07:07:33.077954+00:00,109.5,500,bid,YieldingYams,AverageAlmonds,14981540
2026-07-10T07:07:33.041283,2026-07-10T07:07:33.077954+00:00,109.5,4,bid,YieldingYams,Xinhong Shan,14981541
2026-07-10T07:07:33.072533,2026-07-10T07:07:33.077954+00:00,109.5,11,ask,YieldingYams,Xuanyu Liu,14981543
2026-07-10T07:07:33.495180,2026-07-10T07:07:33.568700+00:00,109.5,110,ask,YieldingYams,AverageAlmonds,14981555
2026-07-10T07:07:33.881025,2026-07-10T07:07:33.958592+00:00,109.4,4,ask,Xinhong Shan,WavyWalnuts,14981562
2026-07-10T07:07:33.967665,2026-07-10T07:07:33.973342+00:00,109.3,11,bid,Xuanyu Liu,WavyWalnuts,14981566
2026-07-10T07:07:35.105373,2026-07-10T07:07:35.158670+00:00,109.2,200,ask,YieldingYams,WavyWalnuts,14981591
2026-07-10T07:07:35.667849,2026-07-10T07:07:35.679856+00:00,109.2,4,ask,Xinhong Shan,YieldingYams,14981607
2026-07-10T07:07:35.700336,2026-07-10T07:07:35.763674+00:00,109.0,20,ask,WavyWalnuts,BrilliantBurritos,14981608
2026-07-10T07:07:36.849371,2026-07-10T07:07:36.871641+00:00,109.2,38,bid,Stanley Cai,YieldingYams,14981623
2026-07-10T07:07:36.879333,2026-07-10T07:07:36.887671+00:00,109.1,5,ask,Kelvin Chan,Xuanyu Liu,14981628
2026-07-10T07:07:36.879333,2026-07-10T07:07:36.887671+00:00,109.1,18,ask,WavyWalnuts,Xuanyu Liu,14981629
2026-07-10T07:07:42.232779,2026-07-10T07:07:42.283684+00:00,109.2,200,bid,YieldingYams,WavyWalnuts,14981742
2026-07-10T07:07:42.232779,2026-07-10T07:07:42.283684+00:00,109.2,4,bid,YieldingYams,Xinhong Shan,14981743
2026-07-10T07:07:42.275511,2026-07-10T07:07:42.283684+00:00,109.3,5,ask,YieldingYams,Xuanyu Liu,14981745
2026-07-10T07:07:42.294009,2026-07-10T07:07:42.302481+00:00,109.3,6,ask,YieldingYams,Xuanyu Liu,14981747
2026-07-10T07:07:43.597067,2026-07-10T07:07:43.663665+00:00,109.3,4,ask,Xinhong Shan,WavyWalnuts,14981775
2026-07-10T07:07:43.597067,2026-07-10T07:07:43.663665+00:00,109.3,196,ask,YieldingYams,WavyWalnuts,14981776
2026-07-10T07:07:44.821229,2026-07-10T07:07:44.864322+00:00,109.3,200,ask,YieldingYams,WavyWalnuts,14981786
2026-07-10T07:07:46.036829,2026-07-10T07:07:46.068779+00:00,109.3,4,ask,Xinhong Shan,WavyWalnuts,14981819
2026-07-10T07:07:46.036829,2026-07-10T07:07:46.068779+00:00,109.2,196,ask,YieldingYams,WavyWalnuts,14981820
2026-07-10T07:07:47.498963,2026-07-10T07:07:47.495359+00:00,109.1,1,ask,Kelvin Chan,YieldingYams,14981850
2026-07-10T07:07:47.498963,2026-07-10T07:07:47.569374+00:00,109.1,4,ask,Xinhong Shan,YieldingYams,14981851
2026-07-10T07:07:47.498963,2026-07-10T07:07:47.569374+00:00,109.1,200,ask,WavyWalnuts,YieldingYams,14981852
2026-07-10T07:07:47.498963,2026-07-10T07:07:47.569374+00:00,109.1,420,ask,AverageAlmonds,YieldingYams,14981853
2026-07-10T07:07:48.821470,2026-07-10T07:07:48.863675+00:00,109.2,4,bid,YieldingYams,Xinhong Shan,14981876
2026-07-10T07:07:48.821470,2026-07-10T07:07:48.863675+00:00,109.3,200,bid,YieldingYams,WavyWalnuts,14981877
2026-07-10T07:07:49.533860,2026-07-10T07:07:49.559132+00:00,109.4,6,bid,BrilliantBurritos,Kelvin Chan,14981903
2026-07-10T07:07:50.147940,2026-07-10T07:07:50.164332+00:00,109.3,4,ask,Xinhong Shan,YieldingYams,14981918
2026-07-10T07:07:52.058332,2026-07-10T07:07:52.069407+00:00,109.3,4,bid,BrilliantBurritos,Xinhong Shan,14981950
2026-07-10T07:07:53.227925,2026-07-10T07:07:53.258613+00:00,109.3,20,bid,BrilliantBurritos,WavyWalnuts,14981985
2026-07-10T07:07:53.316003,2026-07-10T07:07:53.364355+00:00,109.2,4,ask,Xinhong Shan,WavyWalnuts,14981988
2026-07-10T07:07:54.530452,2026-07-10T07:07:54.563681+00:00,109.1,1,ask,Kelvin Chan,WavyWalnuts,14982014
2026-07-10T07:07:54.530452,2026-07-10T07:07:54.563681+00:00,109.1,4,ask,Xinhong Shan,WavyWalnuts,14982015
2026-07-10T07:07:54.530452,2026-07-10T07:07:54.563681+00:00,109.1,195,ask,AverageAlmonds,WavyWalnuts,14982016
2026-07-10T07:07:55.409872,2026-07-10T07:07:55.464154+00:00,109.2,4,bid,YieldingYams,Xinhong Shan,14982034
2026-07-10T07:07:55.753925,2026-07-10T07:07:55.763608+00:00,109.3,200,ask,YieldingYams,WavyWalnuts,14982047
2026-07-10T07:07:55.787413,2026-07-10T07:07:55.878716+00:00,109.4,3,bid,BrilliantBurritos,Kelvin Chan,14982050
2026-07-10T07:07:56.722958,2026-07-10T07:07:56.764308+00:00,109.4,8,bid,YieldingYams,Kelvin Chan,14982077
2026-07-10T07:07:56.722958,2026-07-10T07:07:56.764308+00:00,109.5,4,bid,YieldingYams,Xinhong Shan,14982078
2026-07-10T07:07:56.962986,2026-07-10T07:07:56.974546+00:00,109.5,200,ask,YieldingYams,WavyWalnuts,14982083
2026-07-10T07:07:58.181486,2026-07-10T07:07:58.258621+00:00,109.5,4,ask,Xinhong Shan,WavyWalnuts,14982104
2026-07-10T07:07:58.181486,2026-07-10T07:07:58.258621+00:00,109.4,196,ask,YieldingYams,WavyWalnuts,14982105
2026-07-10T07:07:59.079868,2026-07-10T07:07:59.085540+00:00,109.5,2,bid,Xuanyu Liu,Kelvin Chan,14982121
2026-07-10T07:07:59.376602,2026-07-10T07:07:59.381784+00:00,109.5,1,bid,Xuanyu Liu,Kelvin Chan,14982124
2026-07-10T07:07:59.395697,2026-07-10T07:07:59.397312+00:00,109.4,4,ask,Xinhong Shan,WavyWalnuts,14982125
2026-07-10T07:07:59.395697,2026-07-10T07:07:59.397312+00:00,109.4,196,ask,YieldingYams,WavyWalnuts,14982126
2026-07-10T07:07:59.474149,2026-07-10T07:07:59.480059+00:00,109.5,1,bid,Xuanyu Liu,Kelvin Chan,14982130
2026-07-10T07:08:00.068173,2026-07-10T07:08:00.074209+00:00,109.5,1,bid,Xuanyu Liu,Kelvin Chan,14982140
2026-07-10T07:08:00.669588,2026-07-10T07:08:00.679854+00:00,109.4,4,ask,Xinhong Shan,WavyWalnuts,14982157
2026-07-10T07:08:00.669588,2026-07-10T07:08:00.679854+00:00,109.4,200,ask,WavyWalnuts,YieldingYams,14982158
2026-07-10T07:08:00.692465,2026-07-10T07:08:00.697430+00:00,109.4,18,bid,Xuanyu Liu,YieldingYams,14982160
2026-07-10T07:08:03.322361,2026-07-10T07:08:03.364244+00:00,109.3,20,ask,WavyWalnuts,BrilliantBurritos,14982210
2026-07-10T07:08:04.260606,2026-07-10T07:08:04.269210+00:00,109.4,4,bid,WavyWalnuts,Xinhong Shan,14982218
2026-07-10T07:08:05.482251,2026-07-10T07:08:05.492356+00:00,109.4,200,ask,YieldingYams,WavyWalnuts,14982236
2026-07-10T07:08:05.962091,2026-07-10T07:08:05.969442+00:00,109.5,1,bid,YieldingYams,Kelvin Chan,14982250
2026-07-10T07:08:05.962091,2026-07-10T07:08:05.974620+00:00,109.5,4,bid,YieldingYams,Xinhong Shan,14982251
2026-07-10T07:08:06.694422,2026-07-10T07:08:06.763624+00:00,109.5,200,ask,YieldingYams,WavyWalnuts,14982260
2026-07-10T07:08:07.288127,2026-07-10T07:08:07.358812+00:00,109.5,4,ask,Xinhong Shan,YieldingYams,14982275
2026-07-10T07:08:08.603034,2026-07-10T07:08:08.669740+00:00,109.4,200,ask,WavyWalnuts,YieldingYams,14982300
2026-07-10T07:08:08.603034,2026-07-10T07:08:08.669740+00:00,109.4,4,ask,Xinhong Shan,YieldingYams,14982301
2026-07-10T07:08:11.551175,2026-07-10T07:08:11.568709+00:00,109.4,200,bid,WavyWalnuts,YieldingYams,14982349
2026-07-10T07:08:11.771946,2026-07-10T07:08:11.777167+00:00,109.4,34,bid,Xuanyu Liu,YieldingYams,14982354
2026-07-10T07:08:12.763820,2026-07-10T07:08:12.775571+00:00,109.4,200,bid,WavyWalnuts,YieldingYams,14982377
2026-07-10T07:08:12.872370,2026-07-10T07:08:12.879708+00:00,109.3,4,ask,Xinhong Shan,AverageAlmonds,14982380
2026-07-10T07:08:12.907459,2026-07-10T07:08:12.959218+00:00,109.3,3,bid,Xuanyu Liu,AverageAlmonds,14982383
2026-07-10T07:08:13.977749,2026-07-10T07:08:13.984789+00:00,109.3,3,bid,Xuanyu Liu,AverageAlmonds,14982402
2026-07-10T07:08:14.710213,2026-07-10T07:08:14.769721+00:00,109.3,197,ask,WavyWalnuts,AverageAlmonds,14982418
2026-07-10T07:08:14.710213,2026-07-10T07:08:14.769721+00:00,109.3,4,ask,Xinhong Shan,AverageAlmonds,14982419
2026-07-10T07:08:15.908736,2026-07-10T07:08:15.969715+00:00,109.2,500,ask,YieldingYams,AverageAlmonds,14982428
2026-07-10T07:08:16.412390,2026-07-10T07:08:16.464181+00:00,109.2,125,ask,YieldingYams,WavyWalnuts,14982440
2026-07-10T07:08:16.412390,2026-07-10T07:08:16.464181+00:00,109.2,3,ask,Xinhong Shan,WavyWalnuts,14982441
2026-07-10T07:08:18.841362,2026-07-10T07:08:18.863652+00:00,109.0,200,bid,WavyWalnuts,YieldingYams,14982481
2026-07-10T07:08:21.818192,2026-07-10T07:08:21.864456+00:00,109.0,3,bid,YieldingYams,Xinhong Shan,14982532
2026-07-10T07:08:21.818192,2026-07-10T07:08:21.864456+00:00,109.0,200,bid,YieldingYams,WavyWalnuts,14982533
2026-07-10T07:08:23.142605,2026-07-10T07:08:23.164263+00:00,109.0,200,ask,WavyWalnuts,YieldingYams,14982548
2026-07-10T07:08:23.142605,2026-07-10T07:08:23.164263+00:00,109.0,3,ask,Xinhong Shan,YieldingYams,14982549
2026-07-10T07:08:23.693242,2026-07-10T07:08:23.696677+00:00,108.9,200,bid,WavyWalnuts,YieldingYams,14982551
2026-07-10T07:08:24.460502,2026-07-10T07:08:24.469253+00:00,108.9,3,bid,YieldingYams,Xinhong Shan,14982573
2026-07-10T07:08:24.490671,2026-07-10T07:08:24.559114+00:00,109.0,14,ask,YieldingYams,Xuanyu Liu,14982577
2026-07-10T07:08:25.450397,2026-07-10T07:08:25.464114+00:00,109.0,20,ask,YieldingYams,BrilliantBurritos,14982592
2026-07-10T07:08:25.780066,2026-07-10T07:08:25.858881+00:00,109.1,4,bid,YieldingYams,Kelvin Chan,14982594
2026-07-10T07:08:25.780066,2026-07-10T07:08:25.863803+00:00,109.1,200,bid,YieldingYams,WavyWalnuts,14982595
2026-07-10T07:08:25.780066,2026-07-10T07:08:25.863803+00:00,109.1,3,bid,YieldingYams,Xinhong Shan,14982596
2026-07-10T07:08:25.780066,2026-07-10T07:08:25.863803+00:00,109.2,418,bid,YieldingYams,AverageAlmonds,14982597
2026-07-10T07:08:26.132308,2026-07-10T07:08:26.163697+00:00,109.1,9,bid,WavyWalnuts,Kelvin Chan,14982607
2026-07-10T07:08:27.106491,2026-07-10T07:08:27.164610+00:00,109.1,191,ask,WavyWalnuts,YieldingYams,14982614
2026-07-10T07:08:27.106491,2026-07-10T07:08:27.164610+00:00,109.1,3,ask,Xinhong Shan,YieldingYams,14982615
2026-07-10T07:08:27.669556,2026-07-10T07:08:27.674638+00:00,109.1,14,bid,Xuanyu Liu,YieldingYams,14982626
2026-07-10T07:08:28.421877,2026-07-10T07:08:28.393005+00:00,109.0,200,ask,WavyWalnuts,YieldingYams,14982635
2026-07-10T07:08:28.421877,2026-07-10T07:08:28.393005+00:00,109.0,3,ask,Xinhong Shan,YieldingYams,14982636
2026-07-10T07:08:28.559705,2026-07-10T07:08:28.569408+00:00,109.0,200,bid,WavyWalnuts,YieldingYams,14982638
2026-07-10T07:08:29.734675,2026-07-10T07:08:29.763695+00:00,109.0,3,bid,YieldingYams,Xinhong Shan,14982657
2026-07-10T07:08:32.273314,2026-07-10T07:08:32.280525+00:00,109.0,500,ask,YieldingYams,AverageAlmonds,14982713
2026-07-10T07:08:32.379245,2026-07-10T07:08:32.389036+00:00,109.0,3,ask,Xinhong Shan,YieldingYams,14982718
2026-07-10T07:08:32.379245,2026-07-10T07:08:32.389036+00:00,109.0,200,ask,WavyWalnuts,YieldingYams,14982719
2026-07-10T07:08:33.424317,2026-07-10T07:08:33.464431+00:00,108.9,200,bid,WavyWalnuts,YieldingYams,14982741
2026-07-10T07:08:33.665397,2026-07-10T07:08:33.669514+00:00,108.9,20,bid,BrilliantBurritos,YieldingYams,14982745
2026-07-10T07:08:33.691746,2026-07-10T07:08:33.758624+00:00,108.9,3,bid,YieldingYams,Xinhong Shan,14982746
2026-07-10T07:08:33.691746,2026-07-10T07:08:33.758624+00:00,108.9,500,bid,YieldingYams,AverageAlmonds,14982747
2026-07-10T07:08:34.638328,2026-07-10T07:08:34.668723+00:00,109.0,200,bid,WavyWalnuts,AverageAlmonds,14982780
2026-07-10T07:08:35.014350,2026-07-10T07:08:35.069396+00:00,108.9,3,ask,Xinhong Shan,YieldingYams,14982789
2026-07-10T07:08:35.014350,2026-07-10T07:08:35.069396+00:00,108.8,1,ask,Kelvin Chan,YieldingYams,14982790
2026-07-10T07:08:35.850615,2026-07-10T07:08:35.864559+00:00,108.8,200,bid,WavyWalnuts,YieldingYams,14982800
2026-07-10T07:08:35.906206,2026-07-10T07:08:35.963683+00:00,108.6,20,ask,YieldingYams,BrilliantBurritos,14982801
2026-07-10T07:08:36.347027,2026-07-10T07:08:36.364634+00:00,108.8,3,bid,YieldingYams,Xinhong Shan,14982808
2026-07-10T07:08:36.364516,2026-07-10T07:08:36.375065+00:00,108.8,3,ask,YieldingYams,Xinhong Shan,14982809
2026-07-10T07:08:37.171403,2026-07-10T07:08:37.176541+00:00,108.8,3,ask,YieldingYams,Xinhong Shan,14982820
2026-07-10T07:08:37.668674,2026-07-10T07:08:37.679987+00:00,109.0,500,bid,YieldingYams,AverageAlmonds,14982828
2026-07-10T07:08:37.668674,2026-07-10T07:08:37.679987+00:00,109.0,125,bid,YieldingYams,WavyWalnuts,14982829
2026-07-10T07:08:38.371764,2026-07-10T07:08:38.376505+00:00,108.9,11,ask,WavyWalnuts,Xuanyu Liu,14982841
2026-07-10T07:08:38.919652,2026-07-10T07:08:38.964534+00:00,108.9,189,ask,WavyWalnuts,AverageAlmonds,14982856
2026-07-10T07:08:38.919652,2026-07-10T07:08:38.964534+00:00,108.9,3,ask,Xinhong Shan,AverageAlmonds,14982857
2026-07-10T07:08:39.557200,2026-07-10T07:08:39.562804+00:00,108.9,200,bid,WavyWalnuts,YieldingYams,14982860
2026-07-10T07:08:41.372345,2026-07-10T07:08:41.378228+00:00,108.8,4,bid,Xuanyu Liu,AverageAlmonds,14982890
2026-07-10T07:08:41.481311,2026-07-10T07:08:41.486861+00:00,108.8,4,bid,Xuanyu Liu,AverageAlmonds,14982897
2026-07-10T07:08:41.615765,2026-07-10T07:08:41.664393+00:00,108.8,492,bid,YieldingYams,AverageAlmonds,14982903
2026-07-10T07:08:41.615765,2026-07-10T07:08:41.664393+00:00,108.8,3,bid,YieldingYams,Xinhong Shan,14982904
2026-07-10T07:08:42.534778,2026-07-10T07:08:42.564516+00:00,108.8,130,ask,YieldingYams,AverageAlmonds,14982929
2026-07-10T07:08:42.548628,2026-07-10T07:08:42.564516+00:00,108.8,3,bid,YieldingYams,Xinhong Shan,14982931
2026-07-10T07:08:43.389719,2026-07-10T07:08:43.458607+00:00,108.8,20,bid,BrilliantBurritos,YieldingYams,14982947
2026-07-10T07:08:43.573978,2026-07-10T07:08:43.579679+00:00,108.7,4,ask,Kelvin Chan,Xuanyu Liu,14982953
2026-07-10T07:08:43.587537,2026-07-10T07:08:43.594990+00:00,108.7,3,ask,Xinhong Shan,Xuanyu Liu,14982955
2026-07-10T07:08:43.587537,2026-07-10T07:08:43.594990+00:00,108.6,1,ask,YieldingYams,Xuanyu Liu,14982956
2026-07-10T07:08:43.875662,2026-07-10T07:08:43.880800+00:00,108.7,4,ask,Kelvin Chan,Xuanyu Liu,14982966
2026-07-10T07:08:44.479593,2026-07-10T07:08:44.484185+00:00,108.7,5,ask,Kelvin Chan,Xuanyu Liu,14982975
2026-07-10T07:08:45.634795,2026-07-10T07:08:45.663891+00:00,108.6,3,ask,Xinhong Shan,WavyWalnuts,14983003
2026-07-10T07:08:45.634795,2026-07-10T07:08:45.663891+00:00,108.6,197,ask,YieldingYams,WavyWalnuts,14983004
2026-07-10T07:08:48.062465,2026-07-10T07:08:48.074470+00:00,108.7,3,bid,WavyWalnuts,Xinhong Shan,14983048
2026-07-10T07:08:48.242555,2026-07-10T07:08:48.264642+00:00,108.7,197,ask,WavyWalnuts,YieldingYams,14983057
2026-07-10T07:08:50.494252,2026-07-10T07:08:50.558710+00:00,108.6,200,ask,YieldingYams,WavyWalnuts,14983105
2026-07-10T07:08:50.873690,2026-07-10T07:08:50.885978+00:00,108.6,1,ask,Kelvin Chan,YieldingYams,14983111
2026-07-10T07:08:50.873690,2026-07-10T07:08:50.885978+00:00,108.6,3,ask,Xinhong Shan,YieldingYams,14983112
2026-07-10T07:08:51.707213,2026-07-10T07:08:51.763658+00:00,108.6,200,bid,WavyWalnuts,YieldingYams,14983128
2026-07-10T07:08:54.148704,2026-07-10T07:08:54.164233+00:00,108.5,200,ask,YieldingYams,WavyWalnuts,14983161
2026-07-10T07:08:55.386447,2026-07-10T07:08:55.458670+00:00,108.5,3,ask,Xinhong Shan,WavyWalnuts,14983179
2026-07-10T07:08:55.848069,2026-07-10T07:08:55.864379+00:00,108.5,197,bid,AverageAlmonds,WavyWalnuts,14983191
2026-07-10T07:09:02.566218,2026-07-10T07:09:02.570950+00:00,108.6,9,bid,Xuanyu Liu,YieldingYams,14983318
2026-07-10T07:09:02.686345,2026-07-10T07:09:02.758902+00:00,108.6,200,bid,WavyWalnuts,YieldingYams,14983321
2026-07-10T07:09:03.894690,2026-07-10T07:09:03.958694+00:00,108.6,3,bid,WavyWalnuts,Xinhong Shan,14983346
2026-07-10T07:09:03.894690,2026-07-10T07:09:03.958694+00:00,108.7,197,bid,WavyWalnuts,YieldingYams,14983347
2026-07-10T07:09:05.106414,2026-07-10T07:09:05.164165+00:00,108.7,3,bid,WavyWalnuts,Xinhong Shan,14983379
2026-07-10T07:09:05.106414,2026-07-10T07:09:05.164165+00:00,108.7,197,bid,WavyWalnuts,YieldingYams,14983380
2026-07-10T07:09:05.554447,2026-07-10T07:09:05.563705+00:00,108.6,3,ask,Xinhong Shan,AverageAlmonds,14983395
2026-07-10T07:09:05.554447,2026-07-10T07:09:05.563705+00:00,108.6,497,ask,YieldingYams,AverageAlmonds,14983396
2026-07-10T07:09:06.162080,2026-07-10T07:09:06.169443+00:00,108.6,128,ask,YieldingYams,AverageAlmonds,14983414
2026-07-10T07:09:06.336867,2026-07-10T07:09:06.363688+00:00,108.6,200,bid,WavyWalnuts,AverageAlmonds,14983427
2026-07-10T07:09:07.549147,2026-07-10T07:09:07.563903+00:00,108.5,200,bid,WavyWalnuts,YieldingYams,14983460
2026-07-10T07:09:08.758420,2026-07-10T07:09:08.769052+00:00,108.5,3,bid,WavyWalnuts,Xinhong Shan,14983474
2026-07-10T07:09:08.758420,2026-07-10T07:09:08.769052+00:00,108.6,197,bid,WavyWalnuts,YieldingYams,14983475
2026-07-10T07:09:11.194865,2026-07-10T07:09:11.263660+00:00,108.6,3,bid,WavyWalnuts,Xinhong Shan,14983537
2026-07-10T07:09:11.194865,2026-07-10T07:09:11.263660+00:00,108.6,197,bid,WavyWalnuts,YieldingYams,14983538
2026-07-10T07:09:12.408066,2026-07-10T07:09:12.463976+00:00,108.6,3,bid,WavyWalnuts,Xinhong Shan,14983564
2026-07-10T07:09:12.408066,2026-07-10T07:09:12.463976+00:00,108.6,197,bid,WavyWalnuts,AverageAlmonds,14983565
2026-07-10T07:09:16.052059,2026-07-10T07:09:16.063675+00:00,108.5,3,ask,Xinhong Shan,WavyWalnuts,14983632
2026-07-10T07:09:16.071120,2026-07-10T07:09:16.076020+00:00,108.5,11,bid,Xuanyu Liu,WavyWalnuts,14983635
2026-07-10T07:09:16.705117,2026-07-10T07:09:16.763615+00:00,108.5,20,bid,BrilliantBurritos,WavyWalnuts,14983653
2026-07-10T07:09:17.233386,2026-07-10T07:09:17.264313+00:00,108.5,166,bid,YieldingYams,WavyWalnuts,14983661
2026-07-10T07:09:17.233386,2026-07-10T07:09:17.264313+00:00,108.5,3,bid,YieldingYams,Xinhong Shan,14983662
