timestamp,recv_time,price,volume,aggressor_side,buyer,seller,trade_id
2026-07-07T22:00:00.562864,2026-07-07T22:00:00.568359+00:00,133.6,200,ask,,,11360921
2026-07-07T22:00:01.078581,2026-07-07T22:00:01.090223+00:00,133.6,20,ask,,,11360929
2026-07-07T22:00:01.743609,2026-07-07T22:00:01.748745+00:00,133.6,12,bid,,,11360942
2026-07-07T22:00:02.613038,2026-07-07T22:00:02.621472+00:00,133.6,200,bid,,,11360955
2026-07-07T22:00:05.240052,2026-07-07T22:00:05.258569+00:00,133.7,500,bid,,,11360995
2026-07-07T22:00:05.367429,2026-07-07T22:00:05.378830+00:00,133.7,125,ask,,,11360996
2026-07-07T22:00:05.412249,2026-07-07T22:00:05.420508+00:00,133.7,200,bid,,,11360999
2026-07-07T22:00:06.620705,2026-07-07T22:00:06.630461+00:00,133.7,200,bid,,,11361021
2026-07-07T22:00:07.831096,2026-07-07T22:00:07.839711+00:00,133.6,200,bid,,,11361041
2026-07-07T22:00:07.857038,2026-07-07T22:00:07.864105+00:00,133.6,300,bid,,,11361043
2026-07-07T22:00:08.381406,2026-07-07T22:00:08.392693+00:00,133.7,325,ask,,,11361045
2026-07-07T22:00:09.040094,2026-07-07T22:00:09.050417+00:00,133.6,200,bid,,,11361053
2026-07-07T22:00:09.186809,2026-07-07T22:00:09.190974+00:00,133.5,11,bid,,,11361057
2026-07-07T22:00:10.006555,2026-07-07T22:00:10.010735+00:00,133.5,3,bid,,,11361074
2026-07-07T22:00:10.040589,2026-07-07T22:00:10.050761+00:00,133.3,20,ask,,,11361075
2026-07-07T22:00:10.250270,2026-07-07T22:00:10.258626+00:00,133.5,200,bid,,,11361076
2026-07-07T22:00:11.787322,2026-07-07T22:00:11.798129+00:00,133.6,500,bid,,,11361094
2026-07-07T22:00:11.787322,2026-07-07T22:00:11.798129+00:00,133.6,125,bid,,,11361095
2026-07-07T22:00:12.655798,2026-07-07T22:00:12.650175+00:00,133.4,200,ask,,,11361114
2026-07-07T22:00:14.460055,2026-07-07T22:00:14.469005+00:00,133.3,200,ask,,,11361133
2026-07-07T22:00:16.059727,2026-07-07T22:00:16.071295+00:00,133.1,20,ask,,,11361151
2026-07-07T22:00:16.309812,2026-07-07T22:00:16.316762+00:00,133.2,200,bid,,,11361158
2026-07-07T22:00:18.734055,2026-07-07T22:00:18.741869+00:00,133.1,200,ask,,,11361194
2026-07-07T22:00:20.288177,2026-07-07T22:00:20.299511+00:00,133.0,20,ask,,,11361219
2026-07-07T22:00:21.013700,2026-07-07T22:00:21.023921+00:00,133.2,20,bid,,,11361227
2026-07-07T22:00:22.347718,2026-07-07T22:00:22.352845+00:00,133.2,200,bid,,,11361243
2026-07-07T22:00:23.588714,2026-07-07T22:00:23.597776+00:00,133.2,200,ask,,,11361266
2026-07-07T22:00:25.213583,2026-07-07T22:00:25.225480+00:00,133.0,20,ask,,,11361284
2026-07-07T22:00:26.277148,2026-07-07T22:00:26.287328+00:00,133.1,200,bid,,,11361303
2026-07-07T22:00:27.214228,2026-07-07T22:00:27.222523+00:00,133.1,200,ask,,,11361315
2026-07-07T22:00:28.902230,2026-07-07T22:00:28.910887+00:00,133.0,200,ask,,,11361334
2026-07-07T22:00:28.902230,2026-07-07T22:00:28.910887+00:00,132.9,425,ask,,,11361335
2026-07-07T22:00:29.626312,2026-07-07T22:00:29.635002+00:00,133.1,200,ask,,,11361342
2026-07-07T22:00:31.397815,2026-07-07T22:00:31.402698+00:00,133.2,200,bid,,,11361358
2026-07-07T22:00:33.255572,2026-07-07T22:00:33.266314+00:00,133.2,200,ask,,,11361389
2026-07-07T22:00:34.443244,2026-07-07T22:00:34.458604+00:00,133.2,500,bid,,,11361406
2026-07-07T22:00:35.036015,2026-07-07T22:00:35.054050+00:00,133.2,125,bid,,,11361418
2026-07-07T22:00:36.775917,2026-07-07T22:00:36.782681+00:00,133.4,200,bid,,,11361443
2026-07-07T22:00:38.071542,2026-07-07T22:00:38.079719+00:00,133.5,20,bid,,,11361462
2026-07-07T22:00:38.090754,2026-07-07T22:00:38.100778+00:00,133.5,180,bid,,,11361464
2026-07-07T22:00:38.099962,2026-07-07T22:00:38.111030+00:00,133.5,200,ask,,,11361465
2026-07-07T22:00:39.309214,2026-07-07T22:00:39.315876+00:00,133.5,200,ask,,,11361481
2026-07-07T22:00:44.644918,2026-07-07T22:00:44.668384+00:00,133.6,200,bid,,,11361546
2026-07-07T22:00:44.664408,2026-07-07T22:00:44.668384+00:00,133.6,14,ask,,,11361548
2026-07-07T22:00:48.583541,2026-07-07T22:00:48.592346+00:00,133.6,200,ask,,,11361598
2026-07-07T22:00:49.024704,2026-07-07T22:00:49.033856+00:00,133.6,200,bid,,,11361603
2026-07-07T22:00:52.513245,2026-07-07T22:00:52.521607+00:00,133.5,200,ask,,,11361643
2026-07-07T22:00:54.351969,2026-07-07T22:00:54.355948+00:00,133.5,14,bid,,,11361677
2026-07-07T22:00:57.501634,2026-07-07T22:00:57.512072+00:00,133.5,200,bid,,,11361723
2026-07-07T22:01:05.336087,2026-07-07T22:01:05.345476+00:00,133.5,500,ask,,,11361830
2026-07-07T22:01:05.644512,2026-07-07T22:01:05.655085+00:00,133.5,200,ask,,,11361836
2026-07-07T22:01:05.967947,2026-07-07T22:01:05.979466+00:00,133.5,200,bid,,,11361842
2026-07-07T22:01:10.823462,2026-07-07T22:01:10.827615+00:00,133.3,3,bid,,,11361907
2026-07-07T22:01:12.047085,2026-07-07T22:01:12.051007+00:00,133.2,11,bid,,,11361929
2026-07-07T22:01:12.192247,2026-07-07T22:01:12.201695+00:00,133.2,189,bid,,,11361933
2026-07-07T22:01:15.664365,2026-07-07T22:01:15.673101+00:00,133.3,200,bid,,,11361970
2026-07-07T22:01:16.873590,2026-07-07T22:01:16.881666+00:00,133.2,200,bid,,,11361986
2026-07-07T22:01:17.461501,2026-07-07T22:01:17.474480+00:00,133.1,500,bid,,,11361990
2026-07-07T22:01:17.929976,2026-07-07T22:01:17.942069+00:00,133.1,20,ask,,,11361995
2026-07-07T22:01:18.043412,2026-07-07T22:01:18.050269+00:00,133.1,105,ask,,,11361996
2026-07-07T22:01:18.083225,2026-07-07T22:01:18.087051+00:00,132.9,23,bid,,,11362000
2026-07-07T22:01:18.091493,2026-07-07T22:01:18.102326+00:00,132.9,200,bid,,,11362001
2026-07-07T22:01:19.302983,2026-07-07T22:01:19.314320+00:00,133.0,200,bid,,,11362013
2026-07-07T22:01:20.511915,2026-07-07T22:01:20.521831+00:00,133.0,200,bid,,,11362031
2026-07-07T22:01:21.720975,2026-07-07T22:01:21.734895+00:00,133.0,200,bid,,,11362043
2026-07-07T22:01:22.711011,2026-07-07T22:01:22.718310+00:00,133.0,500,bid,,,11362062
2026-07-07T22:01:22.730611,2026-07-07T22:01:22.734394+00:00,133.0,11,ask,,,11362063
2026-07-07T22:01:22.885458,2026-07-07T22:01:22.895272+00:00,133.0,114,ask,,,11362065
2026-07-07T22:01:24.021510,2026-07-07T22:01:24.028285+00:00,132.8,200,ask,,,11362074
2026-07-07T22:01:24.034502,2026-07-07T22:01:24.038919+00:00,132.8,11,bid,,,11362076
2026-07-07T22:01:24.136112,2026-07-07T22:01:24.158627+00:00,132.8,200,bid,,,11362079
2026-07-07T22:01:26.051008,2026-07-07T22:01:26.055067+00:00,132.6,11,ask,,,11362110
2026-07-07T22:01:26.561356,2026-07-07T22:01:26.570920+00:00,132.6,200,ask,,,11362118
2026-07-07T22:01:29.238319,2026-07-07T22:01:29.242980+00:00,132.5,12,ask,,,11362150
2026-07-07T22:01:29.277561,2026-07-07T22:01:29.287528+00:00,132.5,200,ask,,,11362151
2026-07-07T22:01:30.193740,2026-07-07T22:01:30.202615+00:00,132.5,200,bid,,,11362161
2026-07-07T22:01:32.412484,2026-07-07T22:01:32.416426+00:00,132.4,14,ask,,,11362190
2026-07-07T22:01:34.513981,2026-07-07T22:01:34.520904+00:00,132.7,200,bid,,,11362220
2026-07-07T22:01:38.459382,2026-07-07T22:01:38.469251+00:00,132.6,200,ask,,,11362278
2026-07-07T22:01:39.770948,2026-07-07T22:01:39.780252+00:00,132.6,200,bid,,,11362288
2026-07-07T22:01:39.786986,2026-07-07T22:01:39.791350+00:00,132.6,14,ask,,,11362290
2026-07-07T22:01:39.900096,2026-07-07T22:01:39.911239+00:00,132.6,200,ask,,,11362293
2026-07-07T22:01:40.947562,2026-07-07T22:01:40.954125+00:00,132.8,20,bid,,,11362309
2026-07-07T22:01:42.323766,2026-07-07T22:01:42.332937+00:00,132.5,200,ask,,,11362326
2026-07-07T22:01:43.535017,2026-07-07T22:01:43.542752+00:00,132.6,200,ask,,,11362337
2026-07-07T22:01:44.191354,2026-07-07T22:01:44.203320+00:00,132.6,20,bid,,,11362347
2026-07-07T22:01:45.073670,2026-07-07T22:01:45.077935+00:00,132.5,14,bid,,,11362358
2026-07-07T22:01:47.590065,2026-07-07T22:01:47.601843+00:00,132.3,20,ask,,,11362397
2026-07-07T22:01:47.633683,2026-07-07T22:01:47.641897+00:00,132.3,480,ask,,,11362399
2026-07-07T22:01:47.688662,2026-07-07T22:01:47.695579+00:00,132.3,145,bid,,,11362401
2026-07-07T22:01:50.278356,2026-07-07T22:01:50.282338+00:00,132.5,3,ask,,,11362429
2026-07-07T22:01:55.097467,2026-07-07T22:01:55.107492+00:00,132.5,20,ask,,,11362490
2026-07-07T22:01:56.854600,2026-07-07T22:01:56.864341+00:00,132.7,200,bid,,,11362513
2026-07-07T22:01:58.063496,2026-07-07T22:01:58.073040+00:00,132.7,200,bid,,,11362528
2026-07-07T22:01:58.084452,2026-07-07T22:01:58.096167+00:00,132.7,20,bid,,,11362529
2026-07-07T22:01:58.136496,2026-07-07T22:01:58.140460+00:00,132.7,11,ask,,,11362531
2026-07-07T22:01:59.428022,2026-07-07T22:01:59.437975+00:00,132.8,200,bid,,,11362555
2026-07-07T22:02:00.482711,2026-07-07T22:02:00.490080+00:00,132.8,200,ask,,,11362571
2026-07-07T22:02:04.064902,2026-07-07T22:02:04.068950+00:00,132.8,11,bid,,,11362624
2026-07-07T22:02:04.110090,2026-07-07T22:02:04.119070+00:00,132.8,200,bid,,,11362626
2026-07-07T22:02:07.309251,2026-07-07T22:02:07.319363+00:00,132.7,200,ask,,,11362662
2026-07-07T22:02:08.631415,2026-07-07T22:02:08.642983+00:00,132.7,20,ask,,,11362682
2026-07-07T22:02:08.951082,2026-07-07T22:02:08.958606+00:00,132.7,200,ask,,,11362687
2026-07-07T22:02:16.211471,2026-07-07T22:02:16.222632+00:00,132.6,200,bid,,,11362752
2026-07-07T22:02:17.797319,2026-07-07T22:02:17.807449+00:00,132.5,200,ask,,,11362765
2026-07-07T22:02:18.597826,2026-07-07T22:02:18.608766+00:00,132.5,20,bid,,,11362779
2026-07-07T22:02:19.884909,2026-07-07T22:02:19.889730+00:00,132.3,3,bid,,,11362797
2026-07-07T22:02:20.415286,2026-07-07T22:02:20.424676+00:00,132.3,197,bid,,,11362804
2026-07-07T22:02:21.052634,2026-07-07T22:02:21.069374+00:00,132.4,200,ask,,,11362819
2026-07-07T22:02:24.350681,2026-07-07T22:02:24.359725+00:00,132.4,200,bid,,,11362861
2026-07-07T22:02:24.486569,2026-07-07T22:02:24.498673+00:00,132.6,20,bid,,,11362865
2026-07-07T22:02:28.282942,2026-07-07T22:02:28.289913+00:00,132.4,200,ask,,,11362911
2026-07-07T22:02:29.373083,2026-07-07T22:02:29.376971+00:00,132.3,3,ask,,,11362924
2026-07-07T22:02:30.744034,2026-07-07T22:02:30.751650+00:00,132.3,200,ask,,,11362945
2026-07-07T22:02:32.129175,2026-07-07T22:02:32.140915+00:00,132.2,20,ask,,,11362965
2026-07-07T22:02:33.179972,2026-07-07T22:02:33.189205+00:00,132.3,200,bid,,,11362977
2026-07-07T22:02:34.393255,2026-07-07T22:02:34.400909+00:00,132.4,200,bid,,,11362992
2026-07-07T22:02:34.565862,2026-07-07T22:02:34.577709+00:00,132.1,20,ask,,,11362993
2026-07-07T22:02:35.701041,2026-07-07T22:02:35.704909+00:00,132.4,11,ask,,,11363011
2026-07-07T22:02:37.473812,2026-07-07T22:02:37.485964+00:00,132.4,20,ask,,,11363028
2026-07-07T22:02:40.124703,2026-07-07T22:02:40.129765+00:00,132.5,200,ask,,,11363057
2026-07-07T22:02:41.434899,2026-07-07T22:02:41.445261+00:00,132.6,200,bid,,,11363076
2026-07-07T22:02:41.657946,2026-07-07T22:02:41.669278+00:00,132.6,200,ask,,,11363079
2026-07-07T22:02:42.029947,2026-07-07T22:02:42.034014+00:00,132.6,23,ask,,,11363086
2026-07-07T22:02:45.388823,2026-07-07T22:02:45.399623+00:00,132.6,200,bid,,,11363132
2026-07-07T22:02:45.935371,2026-07-07T22:02:45.947263+00:00,132.9,20,bid,,,11363143
2026-07-07T22:02:48.355034,2026-07-07T22:02:48.358864+00:00,132.4,12,ask,,,11363176
2026-07-07T22:02:48.914406,2026-07-07T22:02:48.922489+00:00,132.4,200,ask,,,11363181
2026-07-07T22:02:49.498312,2026-07-07T22:02:49.503532+00:00,132.5,11,ask,,,11363186
2026-07-07T22:02:50.131142,2026-07-07T22:02:50.142469+00:00,132.5,200,ask,,,11363202
2026-07-07T22:02:52.548862,2026-07-07T22:02:52.558611+00:00,132.5,200,ask,,,11363225
2026-07-07T22:02:53.275215,2026-07-07T22:02:53.279214+00:00,132.5,11,bid,,,11363234
2026-07-07T22:02:53.781606,2026-07-07T22:02:53.786452+00:00,132.4,12,bid,,,11363244
2026-07-07T22:02:54.323153,2026-07-07T22:02:54.334588+00:00,132.4,188,bid,,,11363247
2026-07-07T22:03:01.007402,2026-07-07T22:03:01.011800+00:00,132.7,12,ask,,,11363337
2026-07-07T22:03:05.878615,2026-07-07T22:03:05.886329+00:00,132.8,200,ask,,,11363418
2026-07-07T22:03:06.732671,2026-07-07T22:03:06.744370+00:00,132.7,20,ask,,,11363426
2026-07-07T22:03:07.699418,2026-07-07T22:03:07.711076+00:00,132.9,20,bid,,,11363433
2026-07-07T22:03:09.510661,2026-07-07T22:03:09.520018+00:00,132.8,200,ask,,,11363461
2026-07-07T22:03:10.318295,2026-07-07T22:03:10.323352+00:00,132.8,5,bid,,,11363474
2026-07-07T22:03:10.862134,2026-07-07T22:03:10.873702+00:00,132.5,20,ask,,,11363485
2026-07-07T22:03:19.478068,2026-07-07T22:03:19.489677+00:00,132.4,500,ask,,,11363614
2026-07-07T22:03:19.732282,2026-07-07T22:03:19.739894+00:00,132.4,125,bid,,,11363618
2026-07-07T22:03:19.829921,2026-07-07T22:03:19.839910+00:00,132.5,20,bid,,,11363623
2026-07-07T22:03:20.005833,2026-07-07T22:03:20.010195+00:00,132.4,50,ask,,,11363626
2026-07-07T22:03:20.610599,2026-07-07T22:03:20.622682+00:00,132.5,20,bid,,,11363630
2026-07-07T22:03:22.872100,2026-07-07T22:03:22.880435+00:00,132.4,200,ask,,,11363663
2026-07-07T22:03:24.081065,2026-07-07T22:03:24.088943+00:00,132.5,200,ask,,,11363676
2026-07-07T22:03:26.026073,2026-07-07T22:03:26.036935+00:00,132.5,200,bid,,,11363696
2026-07-07T22:03:27.704476,2026-07-07T22:03:27.715877+00:00,132.5,200,bid,,,11363714
2026-07-07T22:03:30.572265,2026-07-07T22:03:30.583923+00:00,132.7,20,bid,,,11363755
2026-07-07T22:03:33.763318,2026-07-07T22:03:33.775972+00:00,132.6,200,bid,,,11363802
2026-07-07T22:03:35.204245,2026-07-07T22:03:35.213397+00:00,132.6,200,ask,,,11363819
2026-07-07T22:03:37.388959,2026-07-07T22:03:37.397499+00:00,132.6,200,bid,,,11363846
2026-07-07T22:03:38.601100,2026-07-07T22:03:38.611895+00:00,132.6,200,bid,,,11363856
2026-07-07T22:03:40.455350,2026-07-07T22:03:40.474270+00:00,132.4,200,ask,,,11363878
2026-07-07T22:03:40.470175,2026-07-07T22:03:40.474270+00:00,132.4,23,bid,,,11363880
2026-07-07T22:03:42.249841,2026-07-07T22:03:42.256638+00:00,132.4,200,bid,,,11363919
2026-07-07T22:03:45.326294,2026-07-07T22:03:45.331039+00:00,132.3,12,ask,,,11363958
2026-07-07T22:03:47.098315,2026-07-07T22:03:47.105010+00:00,132.4,200,bid,,,11363983
2026-07-07T22:03:48.900702,2026-07-07T22:03:48.909328+00:00,132.6,20,bid,,,11364007
2026-07-07T22:03:50.734980,2026-07-07T22:03:50.744591+00:00,132.3,200,ask,,,11364026
2026-07-07T22:03:51.649532,2026-07-07T22:03:51.654072+00:00,132.4,12,bid,,,11364039
2026-07-07T22:03:52.257211,2026-07-07T22:03:52.269068+00:00,132.3,500,ask,,,11364043
2026-07-07T22:03:52.276012,2026-07-07T22:03:52.280524+00:00,132.3,11,bid,,,11364045
2026-07-07T22:03:52.431713,2026-07-07T22:03:52.439314+00:00,132.3,114,bid,,,11364047
2026-07-07T22:03:53.154276,2026-07-07T22:03:53.163701+00:00,132.3,200,ask,,,11364058
2026-07-07T22:03:54.363252,2026-07-07T22:03:54.370506+00:00,132.3,200,ask,,,11364071
2026-07-07T22:03:56.779330,2026-07-07T22:03:56.787150+00:00,132.2,200,ask,,,11364109
2026-07-07T22:03:57.988099,2026-07-07T22:03:57.996677+00:00,132.1,200,ask,,,11364128
2026-07-07T22:04:00.329370,2026-07-07T22:04:00.338071+00:00,132.2,200,bid,,,11364151
2026-07-07T22:04:01.627320,2026-07-07T22:04:01.631827+00:00,132.2,11,bid,,,11364167
2026-07-07T22:04:02.137618,2026-07-07T22:04:02.158647+00:00,132.2,189,bid,,,11364175
2026-07-07T22:04:02.740885,2026-07-07T22:04:02.748460+00:00,132.3,500,bid,,,11364180
2026-07-07T22:04:03.336883,2026-07-07T22:04:03.345296+00:00,132.3,200,bid,,,11364190
2026-07-07T22:04:05.756910,2026-07-07T22:04:05.756389+00:00,132.3,500,bid,,,11364218
2026-07-07T22:04:06.376516,2026-07-07T22:04:06.387246+00:00,132.3,125,bid,,,11364227
2026-07-07T22:04:06.716872,2026-07-07T22:04:06.720849+00:00,132.4,11,ask,,,11364231
2026-07-07T22:04:08.875872,2026-07-07T22:04:08.884363+00:00,132.5,200,ask,,,11364262
2026-07-07T22:04:10.646407,2026-07-07T22:04:10.650451+00:00,132.5,11,ask,,,11364289
2026-07-07T22:04:11.304777,2026-07-07T22:04:11.308592+00:00,132.6,12,ask,,,11364299
2026-07-07T22:04:12.517707,2026-07-07T22:04:12.521475+00:00,132.7,11,ask,,,11364318
2026-07-07T22:04:13.708205,2026-07-07T22:04:13.716381+00:00,132.8,200,bid,,,11364326
2026-07-07T22:04:16.132164,2026-07-07T22:04:16.140766+00:00,132.7,200,ask,,,11364365
2026-07-07T22:04:18.519417,2026-07-07T22:04:18.527459+00:00,132.7,200,bid,,,11364397
2026-07-07T22:04:18.519417,2026-07-07T22:04:18.532708+00:00,132.7,425,bid,,,11364398
2026-07-07T22:04:19.833165,2026-07-07T22:04:19.844258+00:00,132.5,200,ask,,,11364424
2026-07-07T22:04:19.851257,2026-07-07T22:04:19.855831+00:00,132.4,34,bid,,,11364426
2026-07-07T22:04:21.142949,2026-07-07T22:04:21.170020+00:00,132.5,200,bid,,,11364438
2026-07-07T22:04:21.165447,2026-07-07T22:04:21.170020+00:00,132.5,34,ask,,,11364440
2026-07-07T22:04:23.326738,2026-07-07T22:04:23.337455+00:00,132.6,20,bid,,,11364478
2026-07-07T22:04:25.157358,2026-07-07T22:04:25.163797+00:00,132.5,500,ask,,,11364503
2026-07-07T22:04:26.358194,2026-07-07T22:04:26.369833+00:00,132.5,125,ask,,,11364525
2026-07-07T22:04:26.448647,2026-07-07T22:04:26.452738+00:00,132.5,45,bid,,,11364529
2026-07-07T22:04:27.003735,2026-07-07T22:04:27.011518+00:00,132.5,200,bid,,,11364541
2026-07-07T22:04:29.611107,2026-07-07T22:04:29.614840+00:00,132.5,11,ask,,,11364578
2026-07-07T22:04:30.319342,2026-07-07T22:04:30.327929+00:00,132.5,189,ask,,,11364587
2026-07-07T22:04:32.937995,2026-07-07T22:04:32.944682+00:00,132.5,200,bid,,,11364602
2026-07-07T22:04:38.176506,2026-07-07T22:04:38.183781+00:00,132.2,200,bid,,,11364662
2026-07-07T22:04:39.491739,2026-07-07T22:04:39.493788+00:00,132.4,200,bid,,,11364677
2026-07-07T22:04:40.353165,2026-07-07T22:04:40.364913+00:00,132.6,20,bid,,,11364692
2026-07-07T22:04:40.803588,2026-07-07T22:04:40.809008+00:00,132.4,200,ask,,,11364694
2026-07-07T22:04:41.530233,2026-07-07T22:04:41.539620+00:00,132.4,200,bid,,,11364704
2026-07-07T22:04:44.740157,2026-07-07T22:04:44.749312+00:00,132.5,200,bid,,,11364742
2026-07-07T22:04:46.050980,2026-07-07T22:04:46.058633+00:00,132.6,200,bid,,,11364757
2026-07-07T22:04:46.050980,2026-07-07T22:04:46.063829+00:00,132.6,425,bid,,,11364758
2026-07-07T22:04:47.365850,2026-07-07T22:04:47.372655+00:00,132.5,200,ask,,,11364783
2026-07-07T22:04:48.590355,2026-07-07T22:04:48.593880+00:00,132.5,34,bid,,,11364805
2026-07-07T22:04:48.672176,2026-07-07T22:04:48.680022+00:00,132.5,200,bid,,,11364806
2026-07-07T22:04:48.672176,2026-07-07T22:04:48.680022+00:00,132.5,425,bid,,,11364807
2026-07-07T22:04:50.015525,2026-07-07T22:04:50.031118+00:00,132.3,200,bid,,,11364827
2026-07-07T22:04:50.026484,2026-07-07T22:04:50.031118+00:00,132.3,16,bid,,,11364829
2026-07-07T22:04:51.793802,2026-07-07T22:04:51.798001+00:00,132.3,16,ask,,,11364848
2026-07-07T22:04:53.470536,2026-07-07T22:04:53.482071+00:00,132.4,20,ask,,,11364874
2026-07-07T22:04:53.655358,2026-07-07T22:04:53.658595+00:00,132.4,200,ask,,,11364877
2026-07-07T22:04:56.548622,2026-07-07T22:04:56.558576+00:00,132.3,200,bid,,,11364912
2026-07-07T22:05:00.481047,2026-07-07T22:05:00.488443+00:00,132.5,200,bid,,,11364970
2026-07-07T22:05:00.917067,2026-07-07T22:05:00.926368+00:00,132.5,200,ask,,,11364977
2026-07-07T22:05:02.695172,2026-07-07T22:05:02.702355+00:00,132.5,20,ask,,,11365003
2026-07-07T22:05:03.276454,2026-07-07T22:05:03.284643+00:00,132.5,200,ask,,,11365013
2026-07-07T22:05:03.276454,2026-07-07T22:05:03.284643+00:00,132.5,300,ask,,,11365014
2026-07-07T22:05:03.875029,2026-07-07T22:05:03.885373+00:00,132.5,325,ask,,,11365024
2026-07-07T22:05:04.549158,2026-07-07T22:05:04.560463+00:00,132.4,200,bid,,,11365033
2026-07-07T22:05:05.760643,2026-07-07T22:05:05.768970+00:00,132.4,200,bid,,,11365062
2026-07-07T22:05:07.033571,2026-07-07T22:05:07.044907+00:00,132.4,500,bid,,,11365086
2026-07-07T22:05:07.033571,2026-07-07T22:05:07.044907+00:00,132.4,125,bid,,,11365087
2026-07-07T22:05:11.810174,2026-07-07T22:05:11.821188+00:00,132.5,200,bid,,,11365148
2026-07-07T22:05:14.943966,2026-07-07T22:05:14.955508+00:00,132.4,20,bid,,,11365179
2026-07-07T22:05:20.277292,2026-07-07T22:05:20.281514+00:00,132.3,11,ask,,,11365258
2026-07-07T22:05:21.514135,2026-07-07T22:05:21.523516+00:00,132.3,200,bid,,,11365284
2026-07-07T22:05:22.776916,2026-07-07T22:05:22.799960+00:00,132.4,200,bid,,,11365291
2026-07-07T22:05:22.795509,2026-07-07T22:05:22.799960+00:00,132.4,12,ask,,,11365293
2026-07-07T22:05:25.315093,2026-07-07T22:05:25.326601+00:00,132.4,20,bid,,,11365324
2026-07-07T22:05:25.587474,2026-07-07T22:05:25.599108+00:00,132.3,20,bid,,,11365327
2026-07-07T22:05:26.415853,2026-07-07T22:05:26.423237+00:00,132.3,20,bid,,,11365341
2026-07-07T22:05:27.491333,2026-07-07T22:05:27.501954+00:00,132.3,500,bid,,,11365346
2026-07-07T22:05:28.023599,2026-07-07T22:05:28.030498+00:00,132.3,200,bid,,,11365352
2026-07-07T22:05:29.511728,2026-07-07T22:05:29.523302+00:00,132.3,20,ask,,,11365374
2026-07-07T22:05:31.205642,2026-07-07T22:05:31.209210+00:00,132.4,11,ask,,,11365395
2026-07-07T22:05:31.951384,2026-07-07T22:05:31.958588+00:00,132.4,189,ask,,,11365409
2026-07-07T22:05:32.506871,2026-07-07T22:05:32.518544+00:00,132.4,20,bid,,,11365416
2026-07-07T22:05:32.952929,2026-07-07T22:05:32.956883+00:00,132.4,11,bid,,,11365426
2026-07-07T22:05:35.952128,2026-07-07T22:05:35.957340+00:00,132.4,500,bid,,,11365460
2026-07-07T22:05:36.030355,2026-07-07T22:05:36.036873+00:00,132.4,125,bid,,,11365461
2026-07-07T22:05:39.275256,2026-07-07T22:05:39.279347+00:00,132.6,12,bid,,,11365499
2026-07-07T22:05:39.866336,2026-07-07T22:05:39.870357+00:00,132.5,11,bid,,,11365511
2026-07-07T22:05:42.462173,2026-07-07T22:05:42.471635+00:00,132.4,200,ask,,,11365539
2026-07-07T22:05:42.530681,2026-07-07T22:05:42.539127+00:00,132.3,20,ask,,,11365541
2026-07-07T22:05:43.241199,2026-07-07T22:05:43.258713+00:00,132.4,425,bid,,,11365556
2026-07-07T22:05:45.603549,2026-07-07T22:05:45.607447+00:00,132.5,12,bid,,,11365582
2026-07-07T22:05:45.650452,2026-07-07T22:05:45.656885+00:00,132.5,188,bid,,,11365583
2026-07-07T22:05:47.702904,2026-07-07T22:05:47.709542+00:00,132.4,200,ask,,,11365616
2026-07-07T22:05:47.719358,2026-07-07T22:05:47.721978+00:00,132.4,11,bid,,,11365618
2026-07-07T22:05:48.060322,2026-07-07T22:05:48.069239+00:00,132.4,414,bid,,,11365619
2026-07-07T22:05:50.324211,2026-07-07T22:05:50.334123+00:00,132.5,200,ask,,,11365642
2026-07-07T22:05:54.954150,2026-07-07T22:05:54.965681+00:00,132.6,20,bid,,,11365698
2026-07-07T22:05:56.608472,2026-07-07T22:05:56.616877+00:00,132.5,200,ask,,,11365735
2026-07-07T22:05:58.252417,2026-07-07T22:05:58.256549+00:00,132.6,3,bid,,,11365768
2026-07-07T22:05:59.021814,2026-07-07T22:05:59.030078+00:00,132.6,200,bid,,,11365784
2026-07-07T22:06:00.478003,2026-07-07T22:06:00.486929+00:00,132.5,20,ask,,,11365803
2026-07-07T22:06:02.372682,2026-07-07T22:06:02.384051+00:00,132.4,20,ask,,,11365825
2026-07-07T22:06:02.669196,2026-07-07T22:06:02.680822+00:00,132.4,200,ask,,,11365832
2026-07-07T22:06:05.089840,2026-07-07T22:06:05.100177+00:00,132.4,200,ask,,,11365867
2026-07-07T22:06:08.694796,2026-07-07T22:06:08.703920+00:00,132.3,200,ask,,,11365905
2026-07-07T22:06:10.007670,2026-07-07T22:06:10.015990+00:00,132.2,500,ask,,,11365923
2026-07-07T22:06:10.475609,2026-07-07T22:06:10.484347+00:00,132.2,125,bid,,,11365936
2026-07-07T22:06:11.146886,2026-07-07T22:06:11.158595+00:00,132.2,200,ask,,,11365949
2026-07-07T22:06:12.358810,2026-07-07T22:06:12.368949+00:00,132.4,200,ask,,,11365963
2026-07-07T22:06:13.941012,2026-07-07T22:06:13.949510+00:00,132.5,200,bid,,,11365985
2026-07-07T22:06:14.075053,2026-07-07T22:06:14.079147+00:00,132.8,14,bid,,,11365988
2026-07-07T22:06:14.771460,2026-07-07T22:06:14.781009+00:00,132.5,200,ask,,,11365997
2026-07-07T22:06:15.276143,2026-07-07T22:06:15.280064+00:00,132.5,35,bid,,,11366000
2026-07-07T22:06:15.977094,2026-07-07T22:06:15.988582+00:00,132.5,200,bid,,,11366010
2026-07-07T22:06:17.187162,2026-07-07T22:06:17.195123+00:00,132.7,200,bid,,,11366023
2026-07-07T22:06:17.243230,2026-07-07T22:06:17.247997+00:00,132.5,35,ask,,,11366027
2026-07-07T22:06:19.610273,2026-07-07T22:06:19.619753+00:00,132.7,200,bid,,,11366052
2026-07-07T22:06:21.823068,2026-07-07T22:06:21.826058+00:00,132.7,200,ask,,,11366075
2026-07-07T22:06:24.443514,2026-07-07T22:06:24.450546+00:00,132.7,200,bid,,,11366111
2026-07-07T22:06:24.461494,2026-07-07T22:06:24.465490+00:00,132.7,11,ask,,,11366113
2026-07-07T22:06:25.688827,2026-07-07T22:06:25.697806+00:00,132.7,200,ask,,,11366134
2026-07-07T22:06:26.897622,2026-07-07T22:06:26.909219+00:00,132.7,200,ask,,,11366156
2026-07-07T22:06:27.389641,2026-07-07T22:06:27.401753+00:00,132.9,20,bid,,,11366160
2026-07-07T22:06:29.894253,2026-07-07T22:06:29.899070+00:00,132.7,3,ask,,,11366198
2026-07-07T22:06:30.523127,2026-07-07T22:06:30.530775+00:00,132.8,200,bid,,,11366209
2026-07-07T22:06:34.160639,2026-07-07T22:06:34.169246+00:00,132.9,200,ask,,,11366271
2026-07-07T22:06:35.439078,2026-07-07T22:06:35.448199+00:00,132.8,20,bid,,,11366284
2026-07-07T22:06:38.879955,2026-07-07T22:06:38.891365+00:00,132.8,200,bid,,,11366329
2026-07-07T22:06:39.001941,2026-07-07T22:06:39.010899+00:00,132.8,200,ask,,,11366334
2026-07-07T22:06:40.160930,2026-07-07T22:06:40.169396+00:00,132.8,225,ask,,,11366351
2026-07-07T22:06:45.070221,2026-07-07T22:06:45.079946+00:00,132.5,20,bid,,,11366414
2026-07-07T22:06:48.042994,2026-07-07T22:06:48.052918+00:00,132.3,200,ask,,,11366443
2026-07-07T22:06:48.612469,2026-07-07T22:06:48.624306+00:00,132.3,20,bid,,,11366451
2026-07-07T22:06:50.714160,2026-07-07T22:06:50.723192+00:00,132.3,200,bid,,,11366472
2026-07-07T22:06:50.714160,2026-07-07T22:06:50.723192+00:00,132.3,425,bid,,,11366473
2026-07-07T22:06:54.767575,2026-07-07T22:06:54.774483+00:00,132.1,200,ask,,,11366522
2026-07-07T22:07:01.541762,2026-07-07T22:07:01.546217+00:00,132.0,3,ask,,,11366601
2026-07-07T22:07:02.036920,2026-07-07T22:07:02.048607+00:00,132.0,200,ask,,,11366608
2026-07-07T22:07:03.841933,2026-07-07T22:07:03.845724+00:00,132.1,4,ask,,,11366636
2026-07-07T22:07:08.099764,2026-07-07T22:07:08.107443+00:00,132.3,200,ask,,,11366685
2026-07-07T22:07:09.305299,2026-07-07T22:07:09.315152+00:00,132.3,200,bid,,,11366696
2026-07-07T22:07:11.847730,2026-07-07T22:07:11.854067+00:00,132.5,20,ask,,,11366723
2026-07-07T22:07:15.347020,2026-07-07T22:07:15.358568+00:00,132.7,200,bid,,,11366777
2026-07-07T22:07:17.384271,2026-07-07T22:07:17.388503+00:00,132.7,7,bid,,,11366803
2026-07-07T22:07:17.764186,2026-07-07T22:07:17.775717+00:00,132.6,200,ask,,,11366810
2026-07-07T22:07:18.975886,2026-07-07T22:07:18.984482+00:00,132.6,200,ask,,,11366818
2026-07-07T22:07:19.239669,2026-07-07T22:07:19.251595+00:00,132.6,20,ask,,,11366822
2026-07-07T22:07:20.206378,2026-07-07T22:07:20.210110+00:00,132.6,3,bid,,,11366834
2026-07-07T22:07:20.862585,2026-07-07T22:07:20.869177+00:00,132.6,197,bid,,,11366844
2026-07-07T22:07:22.140796,2026-07-07T22:07:22.158918+00:00,132.7,20,ask,,,11366860
2026-07-07T22:07:22.172548,2026-07-07T22:07:22.178864+00:00,132.6,200,ask,,,11366861
2026-07-07T22:07:28.680822,2026-07-07T22:07:28.688479+00:00,132.3,200,ask,,,11366929
2026-07-07T22:07:30.031537,2026-07-07T22:07:30.043015+00:00,132.3,20,ask,,,11366945
2026-07-07T22:07:30.065957,2026-07-07T22:07:30.069538+00:00,132.4,11,bid,,,11366947
2026-07-07T22:07:31.100046,2026-07-07T22:07:31.111533+00:00,132.4,200,bid,,,11366957
2026-07-07T22:07:32.685603,2026-07-07T22:07:32.695667+00:00,132.4,200,ask,,,11366978
2026-07-07T22:07:33.128273,2026-07-07T22:07:33.136250+00:00,132.4,20,bid,,,11366983
2026-07-07T22:07:39.524447,2026-07-07T22:07:39.531938+00:00,132.4,200,ask,,,11367056
2026-07-07T22:07:40.118585,2026-07-07T22:07:40.129419+00:00,132.4,325,ask,,,11367068
2026-07-07T22:07:40.118585,2026-07-07T22:07:40.129419+00:00,132.4,175,ask,,,11367069
2026-07-07T22:07:40.540183,2026-07-07T22:07:40.551565+00:00,132.4,25,ask,,,11367074
2026-07-07T22:07:40.786633,2026-07-07T22:07:40.795327+00:00,132.4,200,bid,,,11367080
2026-07-07T22:07:41.995400,2026-07-07T22:07:42.002649+00:00,132.4,200,bid,,,11367105
2026-07-07T22:07:44.417811,2026-07-07T22:07:44.464807+00:00,132.4,200,bid,,,11367142
2026-07-07T22:07:45.791671,2026-07-07T22:07:45.799227+00:00,132.4,500,bid,,,11367163
2026-07-07T22:07:45.875893,2026-07-07T22:07:45.879592+00:00,132.4,11,ask,,,11367165
2026-07-07T22:07:45.885173,2026-07-07T22:07:45.889025+00:00,132.4,3,ask,,,11367167
2026-07-07T22:07:46.790002,2026-07-07T22:07:46.800267+00:00,132.4,111,ask,,,11367177
2026-07-07T22:07:48.411352,2026-07-07T22:07:48.421938+00:00,132.3,200,ask,,,11367203
2026-07-07T22:07:51.044790,2026-07-07T22:07:51.051565+00:00,132.2,200,ask,,,11367236
2026-07-07T22:07:51.688868,2026-07-07T22:07:51.697015+00:00,132.2,200,bid,,,11367244
2026-07-07T22:07:52.370571,2026-07-07T22:07:52.374676+00:00,132.2,14,ask,,,11367257
2026-07-07T22:07:54.049072,2026-07-07T22:07:54.058600+00:00,132.2,200,ask,,,11367280
2026-07-07T22:07:54.971916,2026-07-07T22:07:54.980159+00:00,132.2,200,bid,,,11367293
2026-07-07T22:07:54.986243,2026-07-07T22:07:54.990091+00:00,132.3,12,ask,,,11367295
2026-07-07T22:07:55.305129,2026-07-07T22:07:55.316741+00:00,132.4,20,bid,,,11367296
2026-07-07T22:07:56.305309,2026-07-07T22:07:56.310151+00:00,132.3,12,bid,,,11367309
2026-07-07T22:07:56.562579,2026-07-07T22:07:56.566432+00:00,132.2,11,bid,,,11367314
2026-07-07T22:07:57.070142,2026-07-07T22:07:57.086041+00:00,132.1,20,ask,,,11367322
2026-07-07T22:07:57.610355,2026-07-07T22:07:57.614396+00:00,132.1,3,bid,,,11367327
2026-07-07T22:08:00.224788,2026-07-07T22:08:00.232121+00:00,132.0,200,ask,,,11367368
2026-07-07T22:08:01.387276,2026-07-07T22:08:01.395084+00:00,132.0,200,bid,,,11367386
2026-07-07T22:08:02.165737,2026-07-07T22:08:02.172364+00:00,131.9,20,ask,,,11367400
2026-07-07T22:08:04.147920,2026-07-07T22:08:04.163923+00:00,132.0,20,bid,,,11367430
2026-07-07T22:08:04.157959,2026-07-07T22:08:04.168937+00:00,132.0,180,bid,,,11367431
2026-07-07T22:08:04.941413,2026-07-07T22:08:04.950182+00:00,132.0,445,ask,,,11367446
2026-07-07T22:08:05.016875,2026-07-07T22:08:05.026417+00:00,132.0,55,bid,,,11367449
2026-07-07T22:08:05.469023,2026-07-07T22:08:05.480252+00:00,132.0,145,ask,,,11367453
2026-07-07T22:08:06.225852,2026-07-07T22:08:06.234531+00:00,131.8,200,bid,,,11367465
2026-07-07T22:08:08.058610,2026-07-07T22:08:08.062937+00:00,131.9,3,ask,,,11367484
2026-07-07T22:08:11.190340,2026-07-07T22:08:11.201750+00:00,132.0,20,bid,,,11367522
2026-07-07T22:08:12.278972,2026-07-07T22:08:12.289495+00:00,131.8,200,ask,,,11367536
2026-07-07T22:08:14.096209,2026-07-07T22:08:14.104097+00:00,131.6,20,ask,,,11367569
2026-07-07T22:08:14.716450,2026-07-07T22:08:14.720982+00:00,131.8,11,ask,,,11367580
2026-07-07T22:08:15.997598,2026-07-07T22:08:16.004957+00:00,131.8,200,ask,,,11367597
2026-07-07T22:08:18.620967,2026-07-07T22:08:18.631353+00:00,131.6,200,ask,,,11367629
2026-07-07T22:08:19.935380,2026-07-07T22:08:19.942525+00:00,131.5,200,ask,,,11367652
2026-07-07T22:08:21.517216,2026-07-07T22:08:21.528858+00:00,131.4,20,ask,,,11367677
2026-07-07T22:08:25.169361,2026-07-07T22:08:25.181066+00:00,131.6,200,bid,,,11367730
2026-07-07T22:08:25.650884,2026-07-07T22:08:25.651272+00:00,131.8,200,ask,,,11367733
2026-07-07T22:08:26.865650,2026-07-07T22:08:26.881274+00:00,131.8,20,bid,,,11367752
2026-07-07T22:08:27.749759,2026-07-07T22:08:27.756225+00:00,131.8,20,bid,,,11367773
2026-07-07T22:08:28.077318,2026-07-07T22:08:28.084954+00:00,131.8,200,bid,,,11367774
2026-07-07T22:08:30.222988,2026-07-07T22:08:30.227569+00:00,131.9,11,bid,,,11367803
2026-07-07T22:08:34.355282,2026-07-07T22:08:34.358550+00:00,132.0,200,ask,,,11367854
2026-07-07T22:08:35.664259,2026-07-07T22:08:35.670910+00:00,132.1,500,bid,,,11367871
2026-07-07T22:08:35.664259,2026-07-07T22:08:35.676089+00:00,132.1,125,bid,,,11367872
2026-07-07T22:08:36.570910,2026-07-07T22:08:36.580403+00:00,132.0,200,bid,,,11367883
2026-07-07T22:08:38.588151,2026-07-07T22:08:38.599830+00:00,132.0,20,bid,,,11367904
2026-07-07T22:08:40.905761,2026-07-07T22:08:40.912538+00:00,131.9,200,bid,,,11367926
2026-07-07T22:08:40.905761,2026-07-07T22:08:40.917729+00:00,131.9,425,bid,,,11367927
2026-07-07T22:08:42.221601,2026-07-07T22:08:42.233196+00:00,131.7,200,ask,,,11367944
2026-07-07T22:08:48.695391,2026-07-07T22:08:48.703239+00:00,131.5,200,bid,,,11368028
2026-07-07T22:08:48.774900,2026-07-07T22:08:48.784216+00:00,131.6,500,bid,,,11368030
2026-07-07T22:08:48.790182,2026-07-07T22:08:48.793841+00:00,131.6,23,ask,,,11368032
2026-07-07T22:08:49.137075,2026-07-07T22:08:49.143637+00:00,131.6,102,ask,,,11368036
2026-07-07T22:08:51.410252,2026-07-07T22:08:51.414742+00:00,131.2,12,bid,,,11368068
2026-07-07T22:08:52.405209,2026-07-07T22:08:52.409626+00:00,131.1,35,ask,,,11368081
2026-07-07T22:08:53.537407,2026-07-07T22:08:53.547712+00:00,131.2,200,bid,,,11368094
2026-07-07T22:08:54.746448,2026-07-07T22:08:54.755430+00:00,131.2,200,bid,,,11368108
2026-07-07T22:08:55.062575,2026-07-07T22:08:55.074324+00:00,131.0,20,ask,,,11368112
2026-07-07T22:08:57.173146,2026-07-07T22:08:57.180097+00:00,131.1,200,bid,,,11368140
2026-07-07T22:08:58.316803,2026-07-07T22:08:58.325983+00:00,131.0,20,ask,,,11368159
2026-07-07T22:09:00.565358,2026-07-07T22:09:00.574587+00:00,131.0,500,ask,,,11368199
2026-07-07T22:09:00.631754,2026-07-07T22:09:00.643349+00:00,131.0,125,bid,,,11368200
2026-07-07T22:09:01.897716,2026-07-07T22:09:01.901903+00:00,131.1,35,bid,,,11368212
2026-07-07T22:09:03.228300,2026-07-07T22:09:03.237516+00:00,131.0,200,ask,,,11368239
2026-07-07T22:09:06.864639,2026-07-07T22:09:06.868552+00:00,131.2,12,ask,,,11368276
2026-07-07T22:09:07.712630,2026-07-07T22:09:07.724470+00:00,131.3,20,bid,,,11368285
2026-07-07T22:09:12.249412,2026-07-07T22:09:12.256143+00:00,131.1,20,ask,,,11368341
2026-07-07T22:09:13.288219,2026-07-07T22:09:13.299539+00:00,130.9,20,ask,,,11368346
2026-07-07T22:09:13.949063,2026-07-07T22:09:13.958627+00:00,131.1,200,bid,,,11368355
2026-07-07T22:09:14.107560,2026-07-07T22:09:14.114795+00:00,131.1,200,ask,,,11368358
2026-07-07T22:09:14.992930,2026-07-07T22:09:15.001384+00:00,131.0,500,ask,,,11368372
2026-07-07T22:09:15.169346,2026-07-07T22:09:15.180352+00:00,131.0,125,bid,,,11368373
2026-07-07T22:09:17.621247,2026-07-07T22:09:17.640997+00:00,131.1,11,ask,,,11368403
2026-07-07T22:09:18.815909,2026-07-07T22:09:18.827215+00:00,131.1,20,ask,,,11368422
2026-07-07T22:09:18.944661,2026-07-07T22:09:18.958609+00:00,131.1,480,ask,,,11368426
2026-07-07T22:09:19.389125,2026-07-07T22:09:19.398373+00:00,131.1,145,bid,,,11368433
2026-07-07T22:09:20.251851,2026-07-07T22:09:20.273575+00:00,131.2,200,bid,,,11368455
2026-07-07T22:09:20.269611,2026-07-07T22:09:20.273575+00:00,131.3,23,ask,,,11368457
2026-07-07T22:09:21.365251,2026-07-07T22:09:21.372083+00:00,131.3,200,ask,,,11368471
2026-07-07T22:09:21.567009,2026-07-07T22:09:21.586165+00:00,131.1,500,ask,,,11368473
2026-07-07T22:09:21.581782,2026-07-07T22:09:21.586165+00:00,131.1,11,bid,,,11368475
2026-07-07T22:09:21.828088,2026-07-07T22:09:21.836200+00:00,131.1,114,bid,,,11368477
2026-07-07T22:09:23.715770,2026-07-07T22:09:23.727818+00:00,131.3,20,bid,,,11368499
2026-07-07T22:09:24.066282,2026-07-07T22:09:24.070554+00:00,131.2,22,ask,,,11368505
2026-07-07T22:09:28.633423,2026-07-07T22:09:28.642525+00:00,131.2,200,ask,,,11368575
2026-07-07T22:09:29.846848,2026-07-07T22:09:29.858546+00:00,131.2,20,bid,,,11368581
2026-07-07T22:09:29.854015,2026-07-07T22:09:29.858546+00:00,131.1,200,ask,,,11368582
2026-07-07T22:09:32.120811,2026-07-07T22:09:32.132240+00:00,131.2,200,bid,,,11368615
2026-07-07T22:09:32.120811,2026-07-07T22:09:32.132240+00:00,131.2,300,bid,,,11368616
2026-07-07T22:09:32.155919,2026-07-07T22:09:32.163773+00:00,131.2,20,bid,,,11368617
2026-07-07T22:09:32.267521,2026-07-07T22:09:32.276884+00:00,131.2,200,bid,,,11368620
2026-07-07T22:09:33.348171,2026-07-07T22:09:33.364400+00:00,131.2,105,bid,,,11368634
2026-07-07T22:09:33.367303,2026-07-07T22:09:33.375116+00:00,131.5,200,bid,,,11368635
2026-07-07T22:09:33.386437,2026-07-07T22:09:33.390538+00:00,131.5,3,ask,,,11368637
2026-07-07T22:09:33.396271,2026-07-07T22:09:33.400256+00:00,131.5,9,ask,,,11368639
2026-07-07T22:09:33.558626,2026-07-07T22:09:33.563306+00:00,131.6,12,bid,,,11368641
2026-07-07T22:09:38.336849,2026-07-07T22:09:38.340852+00:00,131.6,11,bid,,,11368711
2026-07-07T22:09:38.620547,2026-07-07T22:09:38.630758+00:00,131.6,189,bid,,,11368714
2026-07-07T22:09:39.540914,2026-07-07T22:09:39.553826+00:00,131.7,200,ask,,,11368728
2026-07-07T22:09:42.590630,2026-07-07T22:09:42.597547+00:00,131.6,200,bid,,,11368765
2026-07-07T22:09:47.850575,2026-07-07T22:09:47.907615+00:00,131.6,200,ask,,,11368825
2026-07-07T22:09:47.902893,2026-07-07T22:09:47.907615+00:00,131.5,11,bid,,,11368828
2026-07-07T22:09:48.000228,2026-07-07T22:09:48.008713+00:00,131.5,200,bid,,,11368833
2026-07-07T22:09:50.475140,2026-07-07T22:09:50.486039+00:00,131.6,200,ask,,,11368865
2026-07-07T22:09:51.786832,2026-07-07T22:09:51.795816+00:00,131.5,200,ask,,,11368873
2026-07-07T22:09:51.898158,2026-07-07T22:09:51.909556+00:00,131.3,20,ask,,,11368874
2026-07-07T22:09:52.843391,2026-07-07T22:09:52.853660+00:00,131.5,200,bid,,,11368881
2026-07-07T22:09:53.095862,2026-07-07T22:09:53.102363+00:00,131.6,500,bid,,,11368885
2026-07-07T22:09:53.329303,2026-07-07T22:09:53.339199+00:00,131.6,125,ask,,,11368890
2026-07-07T22:09:55.125144,2026-07-07T22:09:55.136815+00:00,131.7,20,bid,,,11368912
2026-07-07T22:09:55.720161,2026-07-07T22:09:55.765519+00:00,131.6,200,ask,,,11368926
2026-07-07T22:09:55.762050,2026-07-07T22:09:55.765519+00:00,131.6,23,bid,,,11368930
2026-07-07T22:09:55.928388,2026-07-07T22:09:55.935579+00:00,131.6,20,bid,,,11368934
2026-07-07T22:09:56.477899,2026-07-07T22:09:56.485807+00:00,131.6,200,bid,,,11368940
2026-07-07T22:09:56.657995,2026-07-07T22:09:56.669598+00:00,131.6,20,bid,,,11368942
2026-07-07T22:09:58.339426,2026-07-07T22:09:58.349583+00:00,131.6,200,ask,,,11368965
2026-07-07T22:09:58.893227,2026-07-07T22:09:58.903441+00:00,131.6,200,bid,,,11368973
2026-07-07T22:10:01.317152,2026-07-07T22:10:01.324752+00:00,131.7,200,bid,,,11369004
2026-07-07T22:10:02.065275,2026-07-07T22:10:02.069796+00:00,131.7,12,bid,,,11369015
2026-07-07T22:10:05.218755,2026-07-07T22:10:05.222886+00:00,131.9,11,bid,,,11369054
2026-07-07T22:10:06.194916,2026-07-07T22:10:06.198826+00:00,131.7,3,bid,,,11369063
2026-07-07T22:10:08.592507,2026-07-07T22:10:08.602758+00:00,131.6,200,ask,,,11369103
2026-07-07T22:10:09.344175,2026-07-07T22:10:09.358573+00:00,131.8,20,bid,,,11369112
2026-07-07T22:10:12.098359,2026-07-07T22:10:12.106951+00:00,131.8,200,bid,,,11369145
2026-07-07T22:10:12.257587,2026-07-07T22:10:12.269228+00:00,131.9,20,bid,,,11369154
2026-07-07T22:10:15.867061,2026-07-07T22:10:15.875035+00:00,131.8,200,bid,,,11369201
2026-07-07T22:10:19.292819,2026-07-07T22:10:19.304563+00:00,131.8,200,bid,,,11369247
2026-07-07T22:10:30.735687,2026-07-07T22:10:30.747507+00:00,131.5,20,ask,,,11369402
2026-07-07T22:10:32.252375,2026-07-07T22:10:32.264047+00:00,131.8,20,bid,,,11369424
2026-07-07T22:10:36.435940,2026-07-07T22:10:36.447135+00:00,131.8,200,bid,,,11369472
2026-07-07T22:10:44.906356,2026-07-07T22:10:44.915056+00:00,131.9,200,bid,,,11369587
2026-07-07T22:10:45.545211,2026-07-07T22:10:45.549375+00:00,131.9,3,ask,,,11369598
2026-07-07T22:10:46.118489,2026-07-07T22:10:46.128971+00:00,131.9,200,ask,,,11369604
2026-07-07T22:10:47.326232,2026-07-07T22:10:47.336350+00:00,131.9,200,ask,,,11369616
2026-07-07T22:10:48.534700,2026-07-07T22:10:48.542087+00:00,131.8,200,ask,,,11369628
2026-07-07T22:10:53.380987,2026-07-07T22:10:53.391060+00:00,131.8,200,ask,,,11369694
2026-07-07T22:10:53.547081,2026-07-07T22:10:53.558627+00:00,131.7,20,ask,,,11369698
2026-07-07T22:10:53.890170,2026-07-07T22:10:53.900257+00:00,131.8,500,bid,,,11369701
2026-07-07T22:10:54.177644,2026-07-07T22:10:54.189269+00:00,131.6,20,ask,,,11369708
2026-07-07T22:10:54.715765,2026-07-07T22:10:54.723308+00:00,131.8,200,bid,,,11369711
2026-07-07T22:10:56.113724,2026-07-07T22:10:56.125234+00:00,131.9,20,bid,,,11369726
2026-07-07T22:10:57.016700,2026-07-07T22:10:57.025488+00:00,131.9,200,bid,,,11369737
2026-07-07T22:10:57.983097,2026-07-07T22:10:57.994387+00:00,131.8,20,ask,,,11369749
2026-07-07T22:10:58.242258,2026-07-07T22:10:58.246189+00:00,131.9,11,ask,,,11369754
2026-07-07T22:10:59.970564,2026-07-07T22:10:59.981644+00:00,131.9,200,ask,,,11369780
2026-07-07T22:11:02.216370,2026-07-07T22:11:02.221204+00:00,131.7,12,ask,,,11369810
2026-07-07T22:11:02.591176,2026-07-07T22:11:02.602097+00:00,131.9,200,bid,,,11369813
2026-07-07T22:11:02.607643,2026-07-07T22:11:02.611498+00:00,131.9,23,ask,,,11369815
2026-07-07T22:11:02.981877,2026-07-07T22:11:02.989833+00:00,132.1,20,bid,,,11369820
2026-07-07T22:11:06.528450,2026-07-07T22:11:06.537321+00:00,132.1,200,ask,,,11369864
2026-07-07T22:11:07.836946,2026-07-07T22:11:07.844780+00:00,132.0,200,bid,,,11369889
2026-07-07T22:11:07.932559,2026-07-07T22:11:07.942242+00:00,132.1,200,ask,,,11369891
2026-07-07T22:11:09.150477,2026-07-07T22:11:09.158562+00:00,132.0,200,bid,,,11369908
2026-07-07T22:11:10.352569,2026-07-07T22:11:10.354861+00:00,132.0,200,ask,,,11369930
2026-07-07T22:11:10.403849,2026-07-07T22:11:10.415562+00:00,132.0,20,ask,,,11369931
2026-07-07T22:11:11.182978,2026-07-07T22:11:11.194548+00:00,131.7,20,ask,,,11369944
2026-07-07T22:11:13.086460,2026-07-07T22:11:13.097907+00:00,131.7,500,ask,,,11369975
2026-07-07T22:11:13.247953,2026-07-07T22:11:13.258584+00:00,131.7,125,bid,,,11369978
2026-07-07T22:11:14.393742,2026-07-07T22:11:14.402501+00:00,131.8,200,bid,,,11369991
2026-07-07T22:11:14.411681,2026-07-07T22:11:14.415535+00:00,131.8,11,ask,,,11369993
2026-07-07T22:11:15.115535,2026-07-07T22:11:15.127372+00:00,131.8,20,ask,,,11370005
2026-07-07T22:11:15.729426,2026-07-07T22:11:15.739855+00:00,131.8,200,ask,,,11370013
2026-07-07T22:11:15.729426,2026-07-07T22:11:15.739855+00:00,131.8,425,ask,,,11370014
2026-07-07T22:11:16.413354,2026-07-07T22:11:16.422930+00:00,131.8,200,ask,,,11370021
2026-07-07T22:11:16.600134,2026-07-07T22:11:16.612104+00:00,131.8,20,ask,,,11370023
2026-07-07T22:11:19.666718,2026-07-07T22:11:19.674771+00:00,131.9,200,ask,,,11370056
2026-07-07T22:11:20.059271,2026-07-07T22:11:20.065864+00:00,131.9,200,bid,,,11370063
2026-07-07T22:11:20.522826,2026-07-07T22:11:20.531707+00:00,131.9,225,bid,,,11370066
2026-07-07T22:11:20.838688,2026-07-07T22:11:20.846111+00:00,132.2,20,bid,,,11370072
2026-07-07T22:11:20.987914,2026-07-07T22:11:20.992424+00:00,132.1,11,ask,,,11370075
2026-07-07T22:11:21.213363,2026-07-07T22:11:21.217413+00:00,132.2,11,bid,,,11370079
2026-07-07T22:11:21.304310,2026-07-07T22:11:21.311105+00:00,132.1,200,ask,,,11370081
2026-07-07T22:11:28.599283,2026-07-07T22:11:28.611030+00:00,132.3,200,ask,,,11370161
2026-07-07T22:11:28.927274,2026-07-07T22:11:28.936965+00:00,132.4,20,bid,,,11370170
2026-07-07T22:11:31.014513,2026-07-07T22:11:31.025538+00:00,132.4,200,bid,,,11370194
2026-07-07T22:11:32.224218,2026-07-07T22:11:32.234372+00:00,132.4,200,bid,,,11370203
2026-07-07T22:11:35.848165,2026-07-07T22:11:35.858540+00:00,132.4,200,ask,,,11370256
2026-07-07T22:11:37.028241,2026-07-07T22:11:37.032267+00:00,132.4,23,bid,,,11370273
2026-07-07T22:11:39.308468,2026-07-07T22:11:39.319899+00:00,132.5,200,bid,,,11370298
2026-07-07T22:11:39.511318,2026-07-07T22:11:39.523005+00:00,132.6,20,ask,,,11370300
2026-07-07T22:11:41.928271,2026-07-07T22:11:41.938125+00:00,132.6,500,bid,,,11370331
2026-07-07T22:11:41.928271,2026-07-07T22:11:41.938125+00:00,132.6,125,bid,,,11370332
2026-07-07T22:11:45.531993,2026-07-07T22:11:45.535734+00:00,132.5,11,bid,,,11370381
2026-07-07T22:11:46.365404,2026-07-07T22:11:46.377160+00:00,132.3,20,ask,,,11370393
2026-07-07T22:11:46.511972,2026-07-07T22:11:46.516134+00:00,132.5,12,bid,,,11370396
2026-07-07T22:11:48.998518,2026-07-07T22:11:49.006935+00:00,132.6,500,ask,,,11370430
2026-07-07T22:11:49.592553,2026-07-07T22:11:49.603660+00:00,132.6,125,ask,,,11370439
2026-07-07T22:11:49.679934,2026-07-07T22:11:49.683744+00:00,132.6,11,bid,,,11370444
2026-07-07T22:11:49.854069,2026-07-07T22:11:49.858062+00:00,132.5,3,bid,,,11370447
2026-07-07T22:11:51.149857,2026-07-07T22:11:51.154153+00:00,132.4,200,ask,,,11370463
2026-07-07T22:11:56.386651,2026-07-07T22:11:56.394261+00:00,132.4,500,bid,,,11370531
2026-07-07T22:11:56.849138,2026-07-07T22:11:56.856449+00:00,132.4,125,ask,,,11370536
2026-07-07T22:11:56.849138,2026-07-07T22:11:56.856449+00:00,132.3,200,ask,,,11370537
2026-07-07T22:11:57.613665,2026-07-07T22:11:57.622873+00:00,132.3,200,bid,,,11370552
2026-07-07T22:11:57.788272,2026-07-07T22:11:57.800110+00:00,132.0,20,ask,,,11370554
2026-07-07T22:12:02.942245,2026-07-07T22:12:02.950021+00:00,132.0,200,bid,,,11370617
2026-07-07T22:12:02.957074,2026-07-07T22:12:02.960895+00:00,132.0,3,ask,,,11370619
2026-07-07T22:12:03.518416,2026-07-07T22:12:03.526817+00:00,132.0,422,ask,,,11370625
2026-07-07T22:12:04.754383,2026-07-07T22:12:04.751689+00:00,131.9,200,ask,,,11370640
2026-07-07T22:12:05.504147,2026-07-07T22:12:05.508439+00:00,132.0,3,bid,,,11370659
2026-07-07T22:12:05.963145,2026-07-07T22:12:05.974580+00:00,131.9,500,ask,,,11370663
2026-07-07T22:12:06.101454,2026-07-07T22:12:06.116959+00:00,131.9,125,ask,,,11370666
2026-07-07T22:12:08.169569,2026-07-07T22:12:08.181262+00:00,131.6,20,ask,,,11370682
2026-07-07T22:12:08.194983,2026-07-07T22:12:08.198811+00:00,131.7,3,bid,,,11370685
2026-07-07T22:12:10.834121,2026-07-07T22:12:10.843933+00:00,131.6,200,ask,,,11370718
2026-07-07T22:12:13.466171,2026-07-07T22:12:13.473772+00:00,131.4,200,ask,,,11370756
2026-07-07T22:12:13.485346,2026-07-07T22:12:13.489189+00:00,131.3,23,bid,,,11370758
2026-07-07T22:12:17.628386,2026-07-07T22:12:17.640146+00:00,131.3,20,ask,,,11370811
2026-07-07T22:12:21.835766,2026-07-07T22:12:21.844159+00:00,131.4,200,bid,,,11370859
2026-07-07T22:12:22.276841,2026-07-07T22:12:22.283390+00:00,131.4,425,bid,,,11370868
2026-07-07T22:12:22.639615,2026-07-07T22:12:22.648053+00:00,131.6,200,bid,,,11370873
2026-07-07T22:12:22.665227,2026-07-07T22:12:22.669865+00:00,131.6,23,ask,,,11370875
2026-07-07T22:12:23.046151,2026-07-07T22:12:23.058564+00:00,131.6,200,ask,,,11370881
2026-07-07T22:12:24.521963,2026-07-07T22:12:24.525860+00:00,131.4,3,ask,,,11370900
2026-07-07T22:12:25.922053,2026-07-07T22:12:25.928720+00:00,131.5,200,bid,,,11370919
2026-07-07T22:12:29.206369,2026-07-07T22:12:29.217898+00:00,131.6,200,bid,,,11370964
2026-07-07T22:12:30.319676,2026-07-07T22:12:30.325998+00:00,131.6,200,ask,,,11370979
2026-07-07T22:12:31.965043,2026-07-07T22:12:31.974971+00:00,131.5,200,bid,,,11371005
2026-07-07T22:12:33.952299,2026-07-07T22:12:33.963986+00:00,131.6,200,ask,,,11371032
2026-07-07T22:12:35.166086,2026-07-07T22:12:35.174506+00:00,131.6,200,ask,,,11371054
2026-07-07T22:12:35.769752,2026-07-07T22:12:35.773841+00:00,131.6,3,bid,,,11371060
2026-07-07T22:12:37.417393,2026-07-07T22:12:37.426899+00:00,131.6,200,bid,,,11371074
2026-07-07T22:12:37.417393,2026-07-07T22:12:37.426899+00:00,131.6,300,bid,,,11371075
2026-07-07T22:12:38.009002,2026-07-07T22:12:38.014165+00:00,131.6,325,bid,,,11371080
2026-07-07T22:12:39.321742,2026-07-07T22:12:39.333366+00:00,131.6,20,ask,,,11371099
2026-07-07T22:12:39.694502,2026-07-07T22:12:39.698539+00:00,131.7,3,ask,,,11371106
2026-07-07T22:12:43.607934,2026-07-07T22:12:43.614540+00:00,131.7,200,bid,,,11371150
2026-07-07T22:12:46.481857,2026-07-07T22:12:46.528413+00:00,131.8,200,bid,,,11371192
2026-07-07T22:12:46.524300,2026-07-07T22:12:46.528413+00:00,131.8,3,ask,,,11371194
2026-07-07T22:12:48.460105,2026-07-07T22:12:48.471191+00:00,131.8,200,ask,,,11371223
2026-07-07T22:12:48.853538,2026-07-07T22:12:48.864223+00:00,131.8,500,ask,,,11371230
2026-07-07T22:12:48.869684,2026-07-07T22:12:48.873504+00:00,131.8,3,bid,,,11371232
2026-07-07T22:12:48.911640,2026-07-07T22:12:48.920305+00:00,131.8,122,bid,,,11371234
2026-07-07T22:12:50.159156,2026-07-07T22:12:50.179982+00:00,132.1,200,bid,,,11371250
2026-07-07T22:12:50.176090,2026-07-07T22:12:50.179982+00:00,132.1,3,ask,,,11371253
2026-07-07T22:12:52.086841,2026-07-07T22:12:52.100119+00:00,132.1,200,bid,,,11371274
2026-07-07T22:12:55.408884,2026-07-07T22:12:55.415918+00:00,132.1,200,bid,,,11371322
2026-07-07T22:13:00.653197,2026-07-07T22:13:00.652853+00:00,132.0,500,ask,,,11371377
2026-07-07T22:13:00.653197,2026-07-07T22:13:00.652853+00:00,131.9,125,ask,,,11371378
2026-07-07T22:13:01.632522,2026-07-07T22:13:01.642790+00:00,132.1,200,bid,,,11371385
2026-07-07T22:13:01.789418,2026-07-07T22:13:01.796885+00:00,132.1,200,ask,,,11371386
2026-07-07T22:13:02.475039,2026-07-07T22:13:02.479198+00:00,132.1,23,ask,,,11371391
2026-07-07T22:13:04.581701,2026-07-07T22:13:04.588873+00:00,132.2,200,bid,,,11371415
2026-07-07T22:13:04.599977,2026-07-07T22:13:04.604064+00:00,132.3,23,ask,,,11371417
2026-07-07T22:13:07.842488,2026-07-07T22:13:07.849835+00:00,132.3,200,ask,,,11371451
2026-07-07T22:13:09.834412,2026-07-07T22:13:09.841783+00:00,132.5,200,bid,,,11371479
2026-07-07T22:13:12.680300,2026-07-07T22:13:12.690392+00:00,132.5,200,ask,,,11371512
2026-07-07T22:13:15.099743,2026-07-07T22:13:15.108303+00:00,132.6,200,bid,,,11371550
2026-07-07T22:13:15.129719,2026-07-07T22:13:15.133905+00:00,132.5,22,ask,,,11371553
2026-07-07T22:13:16.309966,2026-07-07T22:13:16.317152+00:00,132.6,200,bid,,,11371570
2026-07-07T22:13:16.378456,2026-07-07T22:13:16.385166+00:00,132.6,300,bid,,,11371575
2026-07-07T22:13:16.456052,2026-07-07T22:13:16.467689+00:00,132.6,20,ask,,,11371577
2026-07-07T22:13:16.754721,2026-07-07T22:13:16.758591+00:00,132.6,305,ask,,,11371581
2026-07-07T22:13:19.951997,2026-07-07T22:13:19.958562+00:00,132.5,200,bid,,,11371617
2026-07-07T22:13:21.021467,2026-07-07T22:13:21.025657+00:00,132.4,11,bid,,,11371637
2026-07-07T22:13:21.455038,2026-07-07T22:13:21.458887+00:00,132.4,11,bid,,,11371648
2026-07-07T22:13:22.733754,2026-07-07T22:13:22.741311+00:00,132.4,20,bid,,,11371666
2026-07-07T22:13:22.813031,2026-07-07T22:13:22.823840+00:00,132.3,200,ask,,,11371667
2026-07-07T22:13:22.831059,2026-07-07T22:13:22.834888+00:00,132.3,12,bid,,,11371669
2026-07-07T22:13:25.110315,2026-07-07T22:13:25.117658+00:00,132.1,20,ask,,,11371695
2026-07-07T22:13:25.999156,2026-07-07T22:13:26.007474+00:00,132.2,200,bid,,,11371702
2026-07-07T22:13:27.068726,2026-07-07T22:13:27.075346+00:00,132.2,500,ask,,,11371714
2026-07-07T22:13:27.665755,2026-07-07T22:13:27.674463+00:00,132.2,125,ask,,,11371725
2026-07-07T22:13:27.807192,2026-07-07T22:13:27.812293+00:00,132.2,34,bid,,,11371732
2026-07-07T22:13:29.475867,2026-07-07T22:13:29.486168+00:00,132.1,200,ask,,,11371745
2026-07-07T22:13:29.525500,2026-07-07T22:13:29.529899+00:00,132.1,3,bid,,,11371747
2026-07-07T22:13:30.860067,2026-07-07T22:13:30.868678+00:00,132.1,200,ask,,,11371769
2026-07-07T22:13:36.026485,2026-07-07T22:13:36.034080+00:00,132.1,200,bid,,,11371819
2026-07-07T22:13:36.045827,2026-07-07T22:13:36.050469+00:00,132.1,3,ask,,,11371821
2026-07-07T22:13:37.621757,2026-07-07T22:13:37.633558+00:00,132.2,20,bid,,,11371843
2026-07-07T22:13:39.184839,2026-07-07T22:13:39.192692+00:00,132.1,200,ask,,,11371865
2026-07-07T22:13:39.184839,2026-07-07T22:13:39.198169+00:00,132.1,300,ask,,,11371866
2026-07-07T22:13:39.779062,2026-07-07T22:13:39.790660+00:00,132.1,325,ask,,,11371870
2026-07-07T22:13:39.779062,2026-07-07T22:13:39.790660+00:00,132.0,175,ask,,,11371871
2026-07-07T22:13:40.380361,2026-07-07T22:13:40.390462+00:00,132.0,25,ask,,,11371880
2026-07-07T22:13:40.380361,2026-07-07T22:13:40.390462+00:00,131.9,475,ask,,,11371881
2026-07-07T22:13:40.464346,2026-07-07T22:13:40.468305+00:00,131.9,34,ask,,,11371883
2026-07-07T22:13:40.538351,2026-07-07T22:13:40.547865+00:00,132.1,200,bid,,,11371885
2026-07-07T22:13:40.983469,2026-07-07T22:13:40.990516+00:00,131.9,116,ask,,,11371889
2026-07-07T22:13:41.750789,2026-07-07T22:13:41.758547+00:00,131.8,200,bid,,,11371905
2026-07-07T22:13:42.959290,2026-07-07T22:13:42.969740+00:00,131.9,200,bid,,,11371923
2026-07-07T22:13:44.172717,2026-07-07T22:13:44.179280+00:00,132.0,200,bid,,,11371939
2026-07-07T22:13:46.517789,2026-07-07T22:13:46.526238+00:00,131.8,200,ask,,,11371968
2026-07-07T22:13:46.789077,2026-07-07T22:13:46.792952+00:00,131.6,23,ask,,,11371975
2026-07-07T22:13:47.685238,2026-07-07T22:13:47.692227+00:00,131.8,20,bid,,,11371984
2026-07-07T22:13:47.815230,2026-07-07T22:13:47.818943+00:00,131.7,11,ask,,,11371989
2026-07-07T22:13:49.138183,2026-07-07T22:13:49.145767+00:00,131.8,200,bid,,,11372004
2026-07-07T22:13:49.151872,2026-07-07T22:13:49.155881+00:00,131.8,12,ask,,,11372006
2026-07-07T22:13:53.114748,2026-07-07T22:13:53.126338+00:00,132.0,20,ask,,,11372049
2026-07-07T22:13:53.735397,2026-07-07T22:13:53.744726+00:00,132.0,500,ask,,,11372054
2026-07-07T22:13:53.853619,2026-07-07T22:13:53.858589+00:00,132.0,105,ask,,,11372057
2026-07-07T22:13:55.713359,2026-07-07T22:13:55.718005+00:00,131.9,12,bid,,,11372085
2026-07-07T22:14:04.899829,2026-07-07T22:14:04.906539+00:00,131.9,200,bid,,,11372213
2026-07-07T22:14:05.598004,2026-07-07T22:14:05.606781+00:00,131.9,20,ask,,,11372219
2026-07-07T22:14:08.495898,2026-07-07T22:14:08.507483+00:00,131.8,20,ask,,,11372247
2026-07-07T22:14:10.075649,2026-07-07T22:14:10.083265+00:00,132.0,500,bid,,,11372271
2026-07-07T22:14:10.162204,2026-07-07T22:14:10.180574+00:00,132.0,200,bid,,,11372274
2026-07-07T22:14:10.176621,2026-07-07T22:14:10.180574+00:00,132.3,12,ask,,,11372276
2026-07-07T22:14:10.410775,2026-07-07T22:14:10.422191+00:00,132.3,20,ask,,,11372277
2026-07-07T22:14:10.787853,2026-07-07T22:14:10.799230+00:00,132.3,200,ask,,,11372286
2026-07-07T22:14:12.130532,2026-07-07T22:14:12.134530+00:00,132.3,34,bid,,,11372309
2026-07-07T22:14:14.117361,2026-07-07T22:14:14.125803+00:00,132.2,200,ask,,,11372340
2026-07-07T22:14:15.441246,2026-07-07T22:14:15.444960+00:00,132.2,11,ask,,,11372354
2026-07-07T22:14:15.635936,2026-07-07T22:14:15.640043+00:00,132.3,11,ask,,,11372357
2026-07-07T22:14:18.041689,2026-07-07T22:14:18.052312+00:00,132.4,200,bid,,,11372399
2026-07-07T22:14:18.446830,2026-07-07T22:14:18.450795+00:00,132.5,11,bid,,,11372406
2026-07-07T22:14:19.376319,2026-07-07T22:14:19.394224+00:00,132.3,200,ask,,,11372422
2026-07-07T22:14:19.390154,2026-07-07T22:14:19.394224+00:00,132.3,23,bid,,,11372424
2026-07-07T22:14:24.102070,2026-07-07T22:14:24.110014+00:00,132.2,200,ask,,,11372474
2026-07-07T22:14:24.681074,2026-07-07T22:14:24.685162+00:00,132.3,12,ask,,,11372486
2026-07-07T22:14:25.311699,2026-07-07T22:14:25.319758+00:00,132.3,200,ask,,,11372490
2026-07-07T22:14:27.943389,2026-07-07T22:14:27.947437+00:00,132.2,22,ask,,,11372528
2026-07-07T22:14:28.943751,2026-07-07T22:14:28.953770+00:00,132.2,200,ask,,,11372540
2026-07-07T22:14:30.068599,2026-07-07T22:14:30.079548+00:00,132.2,500,bid,,,11372552
2026-07-07T22:14:30.666456,2026-07-07T22:14:30.674305+00:00,132.2,125,bid,,,11372560
2026-07-07T22:14:31.220755,2026-07-07T22:14:31.230090+00:00,132.3,200,bid,,,11372565
2026-07-07T22:14:31.239190,2026-07-07T22:14:31.243946+00:00,132.3,12,ask,,,11372568
2026-07-07T22:14:32.879514,2026-07-07T22:14:32.891260+00:00,132.3,20,bid,,,11372591
2026-07-07T22:14:36.209036,2026-07-07T22:14:36.216077+00:00,132.3,200,bid,,,11372628
2026-07-07T22:14:37.277987,2026-07-07T22:14:37.286513+00:00,132.4,20,bid,,,11372643
2026-07-07T22:14:39.133686,2026-07-07T22:14:39.145089+00:00,132.5,200,bid,,,11372664
2026-07-07T22:14:39.133686,2026-07-07T22:14:39.145089+00:00,132.5,300,bid,,,11372665
2026-07-07T22:14:39.835551,2026-07-07T22:14:39.843020+00:00,132.4,200,ask,,,11372675
2026-07-07T22:14:40.635939,2026-07-07T22:14:40.639807+00:00,132.8,34,bid,,,11372690
2026-07-07T22:14:41.046616,2026-07-07T22:14:41.058584+00:00,132.6,200,ask,,,11372693
2026-07-07T22:14:41.707757,2026-07-07T22:14:41.717874+00:00,132.5,500,ask,,,11372702
2026-07-07T22:14:42.170861,2026-07-07T22:14:42.181994+00:00,132.5,125,bid,,,11372716
2026-07-07T22:14:43.384014,2026-07-07T22:14:43.394056+00:00,132.6,200,bid,,,11372728
2026-07-07T22:14:43.467569,2026-07-07T22:14:43.477011+00:00,132.6,200,ask,,,11372730
2026-07-07T22:14:44.481011,2026-07-07T22:14:44.490137+00:00,132.6,20,ask,,,11372742
2026-07-07T22:14:45.156157,2026-07-07T22:14:45.168119+00:00,132.6,20,ask,,,11372747
2026-07-07T22:14:45.631430,2026-07-07T22:14:45.648107+00:00,132.7,200,bid,,,11372753
2026-07-07T22:14:45.644652,2026-07-07T22:14:45.648107+00:00,132.7,11,ask,,,11372755
2026-07-07T22:14:47.091457,2026-07-07T22:14:47.098226+00:00,132.8,200,bid,,,11372774
2026-07-07T22:14:48.729993,2026-07-07T22:14:48.740568+00:00,132.9,20,bid,,,11372801
2026-07-07T22:14:49.566478,2026-07-07T22:14:49.575448+00:00,132.8,200,ask,,,11372812
2026-07-07T22:14:53.140526,2026-07-07T22:14:53.149988+00:00,132.9,200,bid,,,11372864
2026-07-07T22:14:54.350120,2026-07-07T22:14:54.358410+00:00,132.8,200,bid,,,11372872
2026-07-07T22:14:56.160081,2026-07-07T22:14:56.169838+00:00,132.7,200,ask,,,11372897
2026-07-07T22:14:57.236584,2026-07-07T22:14:57.248151+00:00,132.7,20,bid,,,11372903
2026-07-07T22:14:58.787523,2026-07-07T22:14:58.797168+00:00,132.8,200,bid,,,11372929
2026-07-07T22:14:59.202161,2026-07-07T22:14:59.209795+00:00,132.8,200,ask,,,11372933
2026-07-07T22:15:01.633523,2026-07-07T22:15:01.644391+00:00,132.7,200,ask,,,11372975
2026-07-07T22:15:02.734690,2026-07-07T22:15:02.739489+00:00,133.0,23,bid,,,11372990
2026-07-07T22:15:02.815404,2026-07-07T22:15:02.820198+00:00,132.8,23,bid,,,11372993
2026-07-07T22:15:02.868366,2026-07-07T22:15:02.873386+00:00,132.7,11,bid,,,11372997
2026-07-07T22:15:07.690996,2026-07-07T22:15:07.698670+00:00,132.8,200,ask,,,11373061
2026-07-07T22:15:10.625194,2026-07-07T22:15:10.627266+00:00,132.7,200,bid,,,11373099
2026-07-07T22:15:10.938119,2026-07-07T22:15:10.949915+00:00,132.9,20,bid,,,11373101
2026-07-07T22:15:13.569723,2026-07-07T22:15:13.581338+00:00,132.7,20,bid,,,11373138
2026-07-07T22:15:13.742560,2026-07-07T22:15:13.747302+00:00,132.6,200,ask,,,11373139
2026-07-07T22:15:15.907285,2026-07-07T22:15:15.914233+00:00,132.6,200,bid,,,11373161
2026-07-07T22:15:15.925302,2026-07-07T22:15:15.929348+00:00,132.6,11,ask,,,11373163
2026-07-07T22:15:17.219766,2026-07-07T22:15:17.226319+00:00,132.6,200,ask,,,11373176
2026-07-07T22:15:18.569787,2026-07-07T22:15:18.579464+00:00,132.5,200,bid,,,11373196
2026-07-07T22:15:18.587419,2026-07-07T22:15:18.595179+00:00,132.5,200,ask,,,11373198
2026-07-07T22:15:25.858929,2026-07-07T22:15:25.870420+00:00,132.5,200,ask,,,11373281
2026-07-07T22:15:26.427792,2026-07-07T22:15:26.436168+00:00,132.5,500,ask,,,11373291
2026-07-07T22:15:26.443771,2026-07-07T22:15:26.448100+00:00,132.5,11,bid,,,11373293
2026-07-07T22:15:26.995224,2026-07-07T22:15:27.002478+00:00,132.5,114,bid,,,11373300
2026-07-07T22:15:28.118280,2026-07-07T22:15:28.122691+00:00,132.8,3,bid,,,11373311
2026-07-07T22:15:30.696572,2026-07-07T22:15:30.706041+00:00,132.5,200,ask,,,11373334
2026-07-07T22:15:30.778057,2026-07-07T22:15:30.785036+00:00,132.7,20,bid,,,11373336
2026-07-07T22:15:32.452890,2026-07-07T22:15:32.458557+00:00,132.6,200,bid,,,11373347
2026-07-07T22:15:34.445635,2026-07-07T22:15:34.450022+00:00,132.8,3,bid,,,11373378
2026-07-07T22:15:38.220372,2026-07-07T22:15:38.231015+00:00,132.6,200,ask,,,11373440
2026-07-07T22:15:40.772327,2026-07-07T22:15:40.776381+00:00,132.7,23,bid,,,11373471
2026-07-07T22:15:40.838759,2026-07-07T22:15:40.849469+00:00,132.6,200,ask,,,11373473
2026-07-07T22:15:40.855614,2026-07-07T22:15:40.859366+00:00,132.6,11,bid,,,11373475
2026-07-07T22:15:42.806745,2026-07-07T22:15:42.816595+00:00,132.5,200,ask,,,11373498
2026-07-07T22:15:43.359038,2026-07-07T22:15:43.371180+00:00,132.6,500,bid,,,11373502
2026-07-07T22:15:44.016807,2026-07-07T22:15:44.024041+00:00,132.7,200,ask,,,11373515
2026-07-07T22:15:45.224688,2026-07-07T22:15:45.231063+00:00,132.6,200,ask,,,11373531
2026-07-07T22:15:45.768679,2026-07-07T22:15:45.779710+00:00,132.7,500,bid,,,11373538
2026-07-07T22:15:46.432660,2026-07-07T22:15:46.439206+00:00,132.8,200,ask,,,11373545
2026-07-07T22:15:47.646579,2026-07-07T22:15:47.654260+00:00,132.8,200,ask,,,11373562
2026-07-07T22:15:51.682846,2026-07-07T22:15:51.694690+00:00,132.8,20,bid,,,11373605
2026-07-07T22:15:52.493688,2026-07-07T22:15:52.504430+00:00,132.8,200,bid,,,11373612
2026-07-07T22:15:53.451698,2026-07-07T22:15:53.455878+00:00,132.7,34,ask,,,11373623
2026-07-07T22:15:55.298664,2026-07-07T22:15:55.321619+00:00,132.8,200,bid,,,11373653
2026-07-07T22:15:55.316752,2026-07-07T22:15:55.321619+00:00,132.8,3,ask,,,11373655
2026-07-07T22:15:57.883296,2026-07-07T22:15:57.892482+00:00,132.8,200,bid,,,11373688
2026-07-07T22:16:02.014798,2026-07-07T22:16:02.026647+00:00,132.9,20,ask,,,11373740
2026-07-07T22:16:04.474219,2026-07-07T22:16:04.483941+00:00,133.0,200,bid,,,11373774
2026-07-07T22:16:04.605057,2026-07-07T22:16:04.615847+00:00,133.1,200,ask,,,11373779
2026-07-07T22:16:05.810464,2026-07-07T22:16:05.818982+00:00,133.1,200,bid,,,11373795
2026-07-07T22:16:07.040445,2026-07-07T22:16:07.044299+00:00,133.0,3,ask,,,11373811
2026-07-07T22:16:08.249807,2026-07-07T22:16:08.253798+00:00,133.1,11,ask,,,11373836
2026-07-07T22:16:10.592175,2026-07-07T22:16:10.603715+00:00,133.2,500,bid,,,11373870
2026-07-07T22:16:10.647717,2026-07-07T22:16:10.658622+00:00,133.2,125,bid,,,11373873
2026-07-07T22:16:13.635749,2026-07-07T22:16:13.646677+00:00,133.4,500,bid,,,11373904
2026-07-07T22:16:13.673965,2026-07-07T22:16:13.684563+00:00,133.4,200,bid,,,11373905
2026-07-07T22:16:14.267855,2026-07-07T22:16:14.279412+00:00,133.5,20,ask,,,11373907
2026-07-07T22:16:14.289718,2026-07-07T22:16:14.300123+00:00,133.5,200,ask,,,11373909
2026-07-07T22:16:15.445950,2026-07-07T22:16:15.458555+00:00,133.6,500,bid,,,11373931
2026-07-07T22:16:16.040440,2026-07-07T22:16:16.044040+00:00,133.6,125,bid,,,11373936
2026-07-07T22:16:16.074334,2026-07-07T22:16:16.078733+00:00,133.6,12,ask,,,11373938
2026-07-07T22:16:16.313250,2026-07-07T22:16:16.336968+00:00,133.7,200,bid,,,11373945
2026-07-07T22:16:16.333180,2026-07-07T22:16:16.336968+00:00,133.7,11,ask,,,11373949
2026-07-07T22:16:16.976661,2026-07-07T22:16:16.988471+00:00,133.9,20,bid,,,11373957
2026-07-07T22:16:17.856835,2026-07-07T22:16:17.858539+00:00,133.7,500,bid,,,11373968
2026-07-07T22:16:17.915502,2026-07-07T22:16:17.922277+00:00,133.7,125,bid,,,11373971
2026-07-07T22:16:17.935040,2026-07-07T22:16:17.938865+00:00,133.8,12,ask,,,11373973
2026-07-07T22:16:18.715894,2026-07-07T22:16:18.719803+00:00,134.1,35,bid,,,11373986
2026-07-07T22:16:18.951331,2026-07-07T22:16:18.955171+00:00,133.9,14,bid,,,11373988
2026-07-07T22:16:20.344218,2026-07-07T22:16:20.358595+00:00,133.7,200,ask,,,11374001
2026-07-07T22:16:23.979680,2026-07-07T22:16:23.990142+00:00,133.8,200,ask,,,11374029
2026-07-07T22:16:25.644252,2026-07-07T22:16:25.650779+00:00,133.6,20,ask,,,11374050
2026-07-07T22:16:30.042579,2026-07-07T22:16:30.053482+00:00,133.6,200,ask,,,11374107
2026-07-07T22:16:30.769281,2026-07-07T22:16:30.775770+00:00,133.6,500,ask,,,11374117
2026-07-07T22:16:31.188507,2026-07-07T22:16:31.194858+00:00,133.6,125,bid,,,11374121
2026-07-07T22:16:31.487736,2026-07-07T22:16:31.499093+00:00,133.7,20,bid,,,11374129
2026-07-07T22:16:34.890532,2026-07-07T22:16:34.894339+00:00,133.7,3,bid,,,11374177
2026-07-07T22:16:37.738552,2026-07-07T22:16:37.742581+00:00,133.7,23,bid,,,11374224
2026-07-07T22:16:38.516689,2026-07-07T22:16:38.526747+00:00,133.6,200,ask,,,11374239
2026-07-07T22:16:40.939462,2026-07-07T22:16:40.947864+00:00,133.6,200,ask,,,11374274
2026-07-07T22:16:42.638820,2026-07-07T22:16:42.646615+00:00,133.6,500,ask,,,11374283
2026-07-07T22:16:42.638820,2026-07-07T22:16:42.652126+00:00,133.6,125,ask,,,11374284
2026-07-07T22:16:43.955653,2026-07-07T22:16:43.963624+00:00,133.6,200,bid,,,11374304
2026-07-07T22:16:44.571996,2026-07-07T22:16:44.579462+00:00,133.8,200,ask,,,11374313
2026-07-07T22:16:45.780715,2026-07-07T22:16:45.788673+00:00,133.8,200,bid,,,11374327
2026-07-07T22:16:45.822142,2026-07-07T22:16:45.828740+00:00,133.8,20,bid,,,11374330
2026-07-07T22:16:49.962452,2026-07-07T22:16:49.969989+00:00,133.9,500,bid,,,11374376
2026-07-07T22:16:50.506691,2026-07-07T22:16:50.518020+00:00,133.9,200,bid,,,11374386
2026-07-07T22:16:51.772311,2026-07-07T22:16:51.807466+00:00,134.0,200,bid,,,11374407
2026-07-07T22:16:51.803032,2026-07-07T22:16:51.807466+00:00,134.0,12,ask,,,11374411
2026-07-07T22:16:51.822882,2026-07-07T22:16:51.833177+00:00,134.0,288,ask,,,11374412
2026-07-07T22:16:51.826314,2026-07-07T22:16:51.833177+00:00,133.9,200,bid,,,11374413
2026-07-07T22:16:52.359978,2026-07-07T22:16:52.367058+00:00,133.9,137,bid,,,11374421
2026-07-07T22:16:52.974661,2026-07-07T22:16:52.981479+00:00,134.1,200,bid,,,11374431
2026-07-07T22:16:53.000093,2026-07-07T22:16:53.003934+00:00,134.1,11,ask,,,11374433
2026-07-07T22:16:53.034684,2026-07-07T22:16:53.043455+00:00,134.1,200,ask,,,11374434
2026-07-07T22:16:53.596342,2026-07-07T22:16:53.600089+00:00,134.3,11,bid,,,11374439
2026-07-07T22:16:54.244581,2026-07-07T22:16:54.252156+00:00,134.2,200,ask,,,11374449
2026-07-07T22:16:55.454204,2026-07-07T22:16:55.464134+00:00,134.3,200,ask,,,11374466
2026-07-07T22:16:56.765170,2026-07-07T22:16:56.769768+00:00,134.3,12,bid,,,11374486
2026-07-07T22:16:57.215985,2026-07-07T22:16:57.227374+00:00,134.3,188,bid,,,11374489
2026-07-07T22:16:57.874802,2026-07-07T22:16:57.885396+00:00,134.2,200,ask,,,11374500
2026-07-07T22:16:59.089454,2026-07-07T22:16:59.099038+00:00,134.3,200,ask,,,11374513
2026-07-07T22:17:02.717981,2026-07-07T22:17:02.727778+00:00,134.3,200,ask,,,11374561
2026-07-07T22:17:03.926252,2026-07-07T22:17:03.937687+00:00,134.4,200,ask,,,11374579
2026-07-07T22:17:05.133199,2026-07-07T22:17:05.141826+00:00,134.2,200,ask,,,11374595
2026-07-07T22:17:06.241823,2026-07-07T22:17:06.253341+00:00,134.2,20,ask,,,11374606
2026-07-07T22:17:06.343217,2026-07-07T22:17:06.352695+00:00,134.2,200,ask,,,11374612
2026-07-07T22:17:08.768836,2026-07-07T22:17:08.775636+00:00,134.2,200,ask,,,11374639
2026-07-07T22:17:08.867081,2026-07-07T22:17:08.873957+00:00,134.2,300,ask,,,11374642
2026-07-07T22:17:09.412887,2026-07-07T22:17:09.416730+00:00,134.1,23,ask,,,11374649
2026-07-07T22:17:09.976002,2026-07-07T22:17:09.983284+00:00,134.2,200,bid,,,11374655
2026-07-07T22:17:10.204047,2026-07-07T22:17:10.207856+00:00,134.3,3,ask,,,11374668
2026-07-07T22:17:11.824782,2026-07-07T22:17:11.836558+00:00,134.5,20,bid,,,11374696
2026-07-07T22:17:12.803833,2026-07-07T22:17:12.810204+00:00,134.5,200,bid,,,11374704
2026-07-07T22:17:14.122818,2026-07-07T22:17:14.133881+00:00,134.6,200,ask,,,11374723
2026-07-07T22:17:16.029852,2026-07-07T22:17:16.041208+00:00,134.6,200,bid,,,11374746
2026-07-07T22:17:18.055329,2026-07-07T22:17:18.055524+00:00,134.5,200,ask,,,11374777
2026-07-07T22:17:22.238753,2026-07-07T22:17:22.250468+00:00,134.7,20,bid,,,11374820
2026-07-07T22:17:25.084569,2026-07-07T22:17:25.095975+00:00,134.6,20,bid,,,11374857
2026-07-07T22:17:27.248337,2026-07-07T22:17:27.254589+00:00,134.5,200,bid,,,11374887
2026-07-07T22:17:28.802621,2026-07-07T22:17:28.814304+00:00,134.4,20,ask,,,11374909
2026-07-07T22:17:30.560876,2026-07-07T22:17:30.569108+00:00,134.5,200,bid,,,11374939
2026-07-07T22:17:32.850674,2026-07-07T22:17:32.856478+00:00,134.6,20,ask,,,11374959
2026-07-07T22:17:32.944554,2026-07-07T22:17:32.952831+00:00,134.6,500,ask,,,11374962
2026-07-07T22:17:32.996826,2026-07-07T22:17:33.001027+00:00,134.7,3,ask,,,11374968
2026-07-07T22:17:33.540201,2026-07-07T22:17:33.549648+00:00,134.7,197,ask,,,11374974
2026-07-07T22:17:33.540201,2026-07-07T22:17:33.549648+00:00,134.6,105,ask,,,11374975
2026-07-07T22:17:34.725887,2026-07-07T22:17:34.729985+00:00,134.4,11,ask,,,11374987
2026-07-07T22:17:36.440484,2026-07-07T22:17:36.451741+00:00,134.4,200,ask,,,11375006
2026-07-07T22:17:36.615979,2026-07-07T22:17:36.622391+00:00,134.3,200,bid,,,11375011
2026-07-07T22:17:39.890166,2026-07-07T22:17:39.897027+00:00,134.3,20,ask,,,11375055
2026-07-07T22:17:41.064594,2026-07-07T22:17:41.068586+00:00,134.3,12,ask,,,11375073
2026-07-07T22:17:41.473104,2026-07-07T22:17:41.480562+00:00,134.3,200,ask,,,11375075
2026-07-07T22:17:43.010614,2026-07-07T22:17:43.020730+00:00,134.3,200,ask,,,11375090
2026-07-07T22:17:43.940879,2026-07-07T22:17:43.952547+00:00,134.2,20,ask,,,11375104
2026-07-07T22:17:46.303283,2026-07-07T22:17:46.310990+00:00,134.4,200,bid,,,11375133
2026-07-07T22:17:46.700382,2026-07-07T22:17:46.712497+00:00,134.4,20,bid,,,11375137
2026-07-07T22:17:52.336469,2026-07-07T22:17:52.343397+00:00,134.1,20,ask,,,11375220
2026-07-07T22:17:53.567957,2026-07-07T22:17:53.574512+00:00,134.3,200,bid,,,11375236
2026-07-07T22:17:56.001882,2026-07-07T22:17:56.005699+00:00,134.3,11,ask,,,11375263
2026-07-07T22:18:01.966145,2026-07-07T22:18:01.977979+00:00,134.3,20,ask,,,11375329
2026-07-07T22:18:02.054596,2026-07-07T22:18:02.058572+00:00,134.3,200,ask,,,11375333
2026-07-07T22:18:02.648128,2026-07-07T22:18:02.658581+00:00,134.3,20,ask,,,11375340
2026-07-07T22:18:03.273691,2026-07-07T22:18:03.284487+00:00,134.4,200,ask,,,11375351
2026-07-07T22:18:04.504880,2026-07-07T22:18:04.508766+00:00,134.3,11,bid,,,11375375
2026-07-07T22:18:05.482065,2026-07-07T22:18:05.491201+00:00,134.3,20,bid,,,11375387
2026-07-07T22:18:06.161257,2026-07-07T22:18:06.172821+00:00,134.3,20,bid,,,11375398
2026-07-07T22:18:13.233967,2026-07-07T22:18:13.244859+00:00,134.6,200,bid,,,11375479
2026-07-07T22:18:14.196608,2026-07-07T22:18:14.206858+00:00,134.6,200,ask,,,11375495
2026-07-07T22:18:14.565326,2026-07-07T22:18:14.569075+00:00,134.5,12,bid,,,11375500
2026-07-07T22:18:17.188213,2026-07-07T22:18:17.195319+00:00,134.5,200,bid,,,11375539
2026-07-07T22:18:21.126823,2026-07-07T22:18:21.135474+00:00,134.7,200,bid,,,11375600
2026-07-07T22:18:22.439830,2026-07-07T22:18:22.446418+00:00,134.8,500,bid,,,11375616
2026-07-07T22:18:22.593489,2026-07-07T22:18:22.604401+00:00,134.8,125,ask,,,11375617
2026-07-07T22:18:23.990521,2026-07-07T22:18:24.001382+00:00,134.8,20,bid,,,11375639
2026-07-07T22:18:25.009646,2026-07-07T22:18:25.020507+00:00,134.7,500,ask,,,11375651
2026-07-07T22:18:25.069232,2026-07-07T22:18:25.080457+00:00,134.5,200,ask,,,11375656
2026-07-07T22:18:25.088870,2026-07-07T22:18:25.092919+00:00,134.5,14,bid,,,11375658
2026-07-07T22:18:26.316625,2026-07-07T22:18:26.327948+00:00,134.5,200,bid,,,11375676
2026-07-07T22:18:27.533456,2026-07-07T22:18:27.544071+00:00,134.5,200,ask,,,11375696
2026-07-07T22:18:31.155737,2026-07-07T22:18:31.168918+00:00,134.5,200,bid,,,11375743
2026-07-07T22:18:31.479669,2026-07-07T22:18:31.491395+00:00,134.5,20,bid,,,11375746
2026-07-07T22:18:31.697125,2026-07-07T22:18:31.701546+00:00,134.5,37,ask,,,11375749
2026-07-07T22:18:32.904276,2026-07-07T22:18:32.914367+00:00,134.5,500,ask,,,11375764
2026-07-07T22:18:32.941743,2026-07-07T22:18:32.950954+00:00,134.4,200,ask,,,11375767
2026-07-07T22:18:34.783316,2026-07-07T22:18:34.791543+00:00,134.5,200,bid,,,11375799
2026-07-07T22:18:38.427566,2026-07-07T22:18:38.436484+00:00,134.1,200,ask,,,11375837
2026-07-07T22:18:40.814838,2026-07-07T22:18:40.823011+00:00,134.2,200,bid,,,11375865
2026-07-07T22:18:53.956128,2026-07-07T22:18:53.963793+00:00,134.3,200,ask,,,11376055
2026-07-07T22:18:54.690450,2026-07-07T22:18:54.697968+00:00,134.3,425,bid,,,11376062
2026-07-07T22:18:54.690450,2026-07-07T22:18:54.703454+00:00,134.3,75,bid,,,11376063
2026-07-07T22:18:55.266993,2026-07-07T22:18:55.274243+00:00,134.3,125,bid,,,11376072
2026-07-07T22:18:55.365188,2026-07-07T22:18:55.374156+00:00,134.4,200,ask,,,11376075
2026-07-07T22:18:58.999555,2026-07-07T22:18:59.006490+00:00,134.2,200,ask,,,11376112
2026-07-07T22:18:59.208559,2026-07-07T22:18:59.215630+00:00,134.2,500,ask,,,11376117
2026-07-07T22:18:59.226754,2026-07-07T22:18:59.230932+00:00,134.1,11,bid,,,11376119
2026-07-07T22:18:59.527131,2026-07-07T22:18:59.535069+00:00,134.1,114,bid,,,11376122
2026-07-07T22:19:00.220575,2026-07-07T22:19:00.224613+00:00,134.3,23,bid,,,11376137
2026-07-07T22:19:02.381546,2026-07-07T22:19:02.391132+00:00,134.4,20,bid,,,11376159
2026-07-07T22:19:04.473130,2026-07-07T22:19:04.482754+00:00,134.3,200,ask,,,11376179
2026-07-07T22:19:05.425748,2026-07-07T22:19:05.437415+00:00,134.1,20,ask,,,11376193
2026-07-07T22:19:07.417745,2026-07-07T22:19:07.430149+00:00,134.4,20,bid,,,11376221
2026-07-07T22:19:07.478004,2026-07-07T22:19:07.486517+00:00,134.2,200,ask,,,11376224
2026-07-07T22:19:09.895192,2026-07-07T22:19:09.906612+00:00,134.3,200,ask,,,11376258
2026-07-07T22:19:10.426385,2026-07-07T22:19:10.438625+00:00,134.5,20,bid,,,11376267
2026-07-07T22:19:11.103210,2026-07-07T22:19:11.113886+00:00,134.3,200,ask,,,11376271
2026-07-07T22:19:12.295680,2026-07-07T22:19:12.303819+00:00,134.5,20,bid,,,11376288
2026-07-07T22:19:12.311420,2026-07-07T22:19:12.319610+00:00,134.3,200,ask,,,11376290
2026-07-07T22:19:12.359279,2026-07-07T22:19:12.363484+00:00,134.4,3,bid,,,11376292
2026-07-07T22:19:14.741429,2026-07-07T22:19:14.750163+00:00,134.2,200,ask,,,11376332
2026-07-07T22:19:15.085169,2026-07-07T22:19:15.096987+00:00,134.0,20,ask,,,11376337
2026-07-07T22:19:15.948518,2026-07-07T22:19:15.958584+00:00,134.2,200,bid,,,11376344
2026-07-07T22:19:18.885099,2026-07-07T22:19:18.896185+00:00,134.4,200,bid,,,11376388
2026-07-07T22:19:18.934944,2026-07-07T22:19:18.938659+00:00,134.4,3,ask,,,11376391
2026-07-07T22:19:22.323502,2026-07-07T22:19:22.327536+00:00,134.5,3,bid,,,11376443
2026-07-07T22:19:22.816120,2026-07-07T22:19:22.837597+00:00,134.3,200,ask,,,11376446
2026-07-07T22:19:22.833473,2026-07-07T22:19:22.837597+00:00,134.3,3,bid,,,11376448
2026-07-07T22:19:24.127606,2026-07-07T22:19:24.146054+00:00,134.2,200,ask,,,11376469
2026-07-07T22:19:24.142374,2026-07-07T22:19:24.146054+00:00,134.2,11,bid,,,11376471
2026-07-07T22:19:29.379539,2026-07-07T22:19:29.390509+00:00,134.1,200,ask,,,11376537
2026-07-07T22:19:29.379539,2026-07-07T22:19:29.390509+00:00,134.0,425,ask,,,11376538
2026-07-07T22:19:30.687608,2026-07-07T22:19:30.697430+00:00,134.1,200,bid,,,11376559
2026-07-07T22:19:31.700368,2026-07-07T22:19:31.707533+00:00,134.2,200,ask,,,11376573
2026-07-07T22:19:31.742245,2026-07-07T22:19:31.754088+00:00,134.2,20,ask,,,11376575
2026-07-07T22:19:31.998146,2026-07-07T22:19:32.005800+00:00,134.1,500,ask,,,11376581
2026-07-07T22:19:32.235354,2026-07-07T22:19:32.246520+00:00,134.1,125,bid,,,11376585
2026-07-07T22:19:35.029049,2026-07-07T22:19:35.032916+00:00,134.2,14,ask,,,11376618
2026-07-07T22:19:38.547756,2026-07-07T22:19:38.558563+00:00,134.3,200,bid,,,11376661
2026-07-07T22:19:42.474792,2026-07-07T22:19:42.486377+00:00,134.2,200,bid,,,11376708
2026-07-07T22:19:45.107186,2026-07-07T22:19:45.114095+00:00,134.4,200,bid,,,11376734
2026-07-07T22:19:45.128957,2026-07-07T22:19:45.133030+00:00,134.4,3,ask,,,11376739
2026-07-07T22:19:48.651226,2026-07-07T22:19:48.663972+00:00,134.3,200,ask,,,11376781
2026-07-07T22:19:50.812781,2026-07-07T22:19:50.816565+00:00,134.3,11,ask,,,11376807
2026-07-07T22:19:51.676927,2026-07-07T22:19:51.685363+00:00,134.3,200,ask,,,11376827
2026-07-07T22:19:53.560538,2026-07-07T22:19:53.569748+00:00,134.1,200,ask,,,11376848
2026-07-07T22:19:53.632808,2026-07-07T22:19:53.639868+00:00,134.4,20,bid,,,11376854
2026-07-07T22:19:53.956981,2026-07-07T22:19:53.964127+00:00,134.1,20,ask,,,11376857
2026-07-07T22:19:55.987328,2026-07-07T22:19:55.995600+00:00,134.1,200,ask,,,11376882
2026-07-07T22:19:57.195131,2026-07-07T22:19:57.205618+00:00,134.2,200,ask,,,11376904
2026-07-07T22:19:58.400586,2026-07-07T22:19:58.407449+00:00,134.3,200,bid,,,11376917
2026-07-07T22:19:59.611632,2026-07-07T22:19:59.618980+00:00,134.4,200,bid,,,11376933
2026-07-07T22:20:02.182087,2026-07-07T22:20:02.193545+00:00,134.2,200,ask,,,11376965
2026-07-07T22:20:03.252349,2026-07-07T22:20:03.262106+00:00,134.2,200,bid,,,11376979
2026-07-07T22:20:03.511986,2026-07-07T22:20:03.516565+00:00,134.1,12,ask,,,11376983
2026-07-07T22:20:04.459959,2026-07-07T22:20:04.469498+00:00,134.3,200,bid,,,11376997
2026-07-07T22:20:04.823200,2026-07-07T22:20:04.827282+00:00,134.3,23,ask,,,11376999
2026-07-07T22:20:05.875861,2026-07-07T22:20:05.887649+00:00,134.5,20,bid,,,11377023
2026-07-07T22:20:06.132905,2026-07-07T22:20:06.136884+00:00,134.4,11,ask,,,11377026
2026-07-07T22:20:06.653087,2026-07-07T22:20:06.656971+00:00,134.5,23,bid,,,11377031
2026-07-07T22:20:06.884084,2026-07-07T22:20:06.894184+00:00,134.4,200,ask,,,11377037
2026-07-07T22:20:07.447112,2026-07-07T22:20:07.450918+00:00,134.4,11,bid,,,11377046
2026-07-07T22:20:10.507776,2026-07-07T22:20:10.519156+00:00,134.4,200,bid,,,11377083
2026-07-07T22:20:12.976329,2026-07-07T22:20:12.981197+00:00,134.7,12,bid,,,11377115
2026-07-07T22:20:14.135637,2026-07-07T22:20:14.142719+00:00,134.7,200,bid,,,11377127
2026-07-07T22:20:15.364902,2026-07-07T22:20:15.369328+00:00,134.6,11,bid,,,11377150
2026-07-07T22:20:17.966686,2026-07-07T22:20:17.978621+00:00,134.7,20,bid,,,11377177
2026-07-07T22:20:19.247293,2026-07-07T22:20:19.258580+00:00,134.7,200,bid,,,11377196
2026-07-07T22:20:19.340935,2026-07-07T22:20:19.344905+00:00,134.7,11,ask,,,11377203
2026-07-07T22:20:20.095565,2026-07-07T22:20:20.106874+00:00,134.7,414,ask,,,11377213
2026-07-07T22:20:20.188228,2026-07-07T22:20:20.199906+00:00,134.7,86,bid,,,11377216
2026-07-07T22:20:20.686925,2026-07-07T22:20:20.693508+00:00,134.7,114,ask,,,11377220
2026-07-07T22:20:21.399489,2026-07-07T22:20:21.408245+00:00,134.7,200,bid,,,11377229
2026-07-07T22:20:21.873712,2026-07-07T22:20:21.887829+00:00,134.7,300,bid,,,11377235
2026-07-07T22:20:21.883687,2026-07-07T22:20:21.887829+00:00,134.8,12,ask,,,11377237
2026-07-07T22:20:21.921313,2026-07-07T22:20:21.932353+00:00,134.8,313,ask,,,11377238
2026-07-07T22:20:22.005810,2026-07-07T22:20:22.017298+00:00,134.7,20,bid,,,11377239
2026-07-07T22:20:28.661624,2026-07-07T22:20:28.669523+00:00,134.7,200,ask,,,11377331
2026-07-07T22:20:29.571542,2026-07-07T22:20:29.583358+00:00,134.9,20,bid,,,11377341
2026-07-07T22:20:29.802163,2026-07-07T22:20:29.805663+00:00,134.7,12,bid,,,11377348
2026-07-07T22:20:29.867860,2026-07-07T22:20:29.875669+00:00,134.7,200,bid,,,11377352
2026-07-07T22:20:33.403614,2026-07-07T22:20:33.411169+00:00,135.0,20,bid,,,11377405
2026-07-07T22:20:33.507791,2026-07-07T22:20:33.515210+00:00,134.9,200,ask,,,11377407
2026-07-07T22:20:35.005968,2026-07-07T22:20:35.014669+00:00,134.9,200,bid,,,11377435
2026-07-07T22:20:35.005968,2026-07-07T22:20:35.014669+00:00,135.0,425,bid,,,11377436
2026-07-07T22:20:35.771610,2026-07-07T22:20:35.783240+00:00,135.0,20,bid,,,11377448
2026-07-07T22:20:41.575165,2026-07-07T22:20:41.586531+00:00,134.7,200,ask,,,11377516
2026-07-07T22:20:46.826612,2026-07-07T22:20:46.836893+00:00,134.7,200,ask,,,11377581
2026-07-07T22:20:46.837043,2026-07-07T22:20:46.847167+00:00,134.7,200,bid,,,11377582
2026-07-07T22:20:47.817691,2026-07-07T22:20:47.822178+00:00,134.5,12,ask,,,11377600
2026-07-07T22:20:48.064060,2026-07-07T22:20:48.067707+00:00,134.6,11,ask,,,11377604
2026-07-07T22:20:48.154365,2026-07-07T22:20:48.158056+00:00,134.7,12,ask,,,11377606
2026-07-07T22:20:49.825027,2026-07-07T22:20:49.832977+00:00,134.6,20,ask,,,11377631
2026-07-07T22:20:51.832285,2026-07-07T22:20:51.844342+00:00,134.7,20,ask,,,11377650
2026-07-07T22:20:57.754115,2026-07-07T22:20:57.756884+00:00,134.7,200,ask,,,11377733
2026-07-07T22:20:58.962289,2026-07-07T22:20:58.970150+00:00,134.7,200,ask,,,11377761
2026-07-07T22:21:06.016339,2026-07-07T22:21:06.027913+00:00,134.7,20,ask,,,11377869
2026-07-07T22:21:06.571296,2026-07-07T22:21:06.579915+00:00,134.8,500,bid,,,11377882
2026-07-07T22:21:06.715203,2026-07-07T22:21:06.725411+00:00,134.8,125,ask,,,11377885
2026-07-07T22:21:07.324818,2026-07-07T22:21:07.334515+00:00,134.7,200,ask,,,11377891
2026-07-07T22:21:08.641060,2026-07-07T22:21:08.651035+00:00,134.7,200,bid,,,11377912
2026-07-07T22:21:09.287929,2026-07-07T22:21:09.299583+00:00,134.8,20,bid,,,11377920
2026-07-07T22:21:11.843590,2026-07-07T22:21:11.847806+00:00,134.6,12,bid,,,11377948
2026-07-07T22:21:12.266173,2026-07-07T22:21:12.273976+00:00,134.6,200,bid,,,11377953
2026-07-07T22:21:14.452005,2026-07-07T22:21:14.458592+00:00,134.6,200,bid,,,11377973
2026-07-07T22:21:14.700070,2026-07-07T22:21:14.703919+00:00,134.7,12,ask,,,11377976
2026-07-07T22:21:15.770551,2026-07-07T22:21:15.778175+00:00,134.7,188,ask,,,11377990
2026-07-07T22:21:21.019430,2026-07-07T22:21:21.026559+00:00,134.6,200,ask,,,11378046
2026-07-07T22:21:21.554565,2026-07-07T22:21:21.566217+00:00,134.5,20,bid,,,11378053
2026-07-07T22:21:24.429597,2026-07-07T22:21:24.439351+00:00,134.5,200,ask,,,11378084
2026-07-07T22:21:24.961620,2026-07-07T22:21:24.969012+00:00,134.5,500,ask,,,11378090
2026-07-07T22:21:24.980288,2026-07-07T22:21:24.984506+00:00,134.5,12,bid,,,11378093
2026-07-07T22:21:25.477550,2026-07-07T22:21:25.486251+00:00,134.5,113,bid,,,11378099
2026-07-07T22:21:25.637915,2026-07-07T22:21:25.645393+00:00,134.5,200,ask,,,11378103
2026-07-07T22:21:26.854829,2026-07-07T22:21:26.858633+00:00,134.7,200,ask,,,11378117
2026-07-07T22:21:28.063487,2026-07-07T22:21:28.070199+00:00,134.6,200,ask,,,11378137
2026-07-07T22:21:29.275720,2026-07-07T22:21:29.284858+00:00,134.6,200,ask,,,11378155
2026-07-07T22:21:30.226584,2026-07-07T22:21:30.230857+00:00,134.5,34,bid,,,11378171
2026-07-07T22:21:31.700228,2026-07-07T22:21:31.707292+00:00,134.4,200,ask,,,11378193
2026-07-07T22:21:32.908511,2026-07-07T22:21:32.918348+00:00,134.4,200,ask,,,11378212
2026-07-07T22:21:34.118621,2026-07-07T22:21:34.126458+00:00,134.5,200,ask,,,11378227
2026-07-07T22:21:35.274122,2026-07-07T22:21:35.282467+00:00,134.5,20,ask,,,11378240
2026-07-07T22:21:35.439521,2026-07-07T22:21:35.447496+00:00,134.7,200,bid,,,11378243
2026-07-07T22:21:40.679943,2026-07-07T22:21:40.687833+00:00,134.7,200,bid,,,11378304
2026-07-07T22:21:41.375464,2026-07-07T22:21:41.385521+00:00,134.7,200,ask,,,11378315
2026-07-07T22:21:42.003771,2026-07-07T22:21:42.007238+00:00,134.8,3,bid,,,11378324
2026-07-07T22:21:43.297739,2026-07-07T22:21:43.309044+00:00,134.7,200,bid,,,11378342
2026-07-07T22:21:48.544911,2026-07-07T22:21:48.555456+00:00,134.8,200,ask,,,11378411
2026-07-07T22:21:49.846808,2026-07-07T22:21:49.855960+00:00,134.8,200,bid,,,11378426
2026-07-07T22:21:55.902294,2026-07-07T22:21:55.909158+00:00,134.8,200,bid,,,11378507
2026-07-07T22:22:00.379216,2026-07-07T22:22:00.390794+00:00,134.8,20,bid,,,11378566
2026-07-07T22:22:01.495661,2026-07-07T22:22:01.502430+00:00,134.7,20,bid,,,11378578
2026-07-07T22:22:02.423355,2026-07-07T22:22:02.434917+00:00,134.7,500,bid,,,11378587
2026-07-07T22:22:03.815160,2026-07-07T22:22:03.819257+00:00,134.7,37,ask,,,11378606
2026-07-07T22:22:04.287403,2026-07-07T22:22:04.312438+00:00,134.8,200,bid,,,11378616
2026-07-07T22:22:04.308090,2026-07-07T22:22:04.312438+00:00,134.8,12,ask,,,11378618
2026-07-07T22:22:04.369347,2026-07-07T22:22:04.378744+00:00,134.8,200,ask,,,11378619
2026-07-07T22:22:06.792476,2026-07-07T22:22:06.800521+00:00,134.8,200,ask,,,11378652
2026-07-07T22:22:07.256749,2026-07-07T22:22:07.269066+00:00,134.9,500,bid,,,11378655
2026-07-07T22:22:07.855864,2026-07-07T22:22:07.864162+00:00,134.9,125,bid,,,11378665
2026-07-07T22:22:08.000769,2026-07-07T22:22:08.010006+00:00,134.9,200,ask,,,11378668
2026-07-07T22:22:09.211930,2026-07-07T22:22:09.220898+00:00,135.0,200,ask,,,11378680
2026-07-07T22:22:10.789453,2026-07-07T22:22:10.801594+00:00,134.9,20,ask,,,11378695
2026-07-07T22:22:13.306185,2026-07-07T22:22:13.310183+00:00,135.0,34,ask,,,11378740
2026-07-07T22:22:13.921698,2026-07-07T22:22:13.929439+00:00,135.1,200,bid,,,11378745
2026-07-07T22:22:13.945214,2026-07-07T22:22:13.949755+00:00,135.1,11,ask,,,11378748
2026-07-07T22:22:14.176305,2026-07-07T22:22:14.187980+00:00,135.1,20,ask,,,11378757
2026-07-07T22:22:16.104823,2026-07-07T22:22:16.114388+00:00,135.2,200,bid,,,11378788
2026-07-07T22:22:16.284606,2026-07-07T22:22:16.295924+00:00,135.4,20,bid,,,11378792
2026-07-07T22:22:16.491264,2026-07-07T22:22:16.497630+00:00,135.2,200,ask,,,11378797
2026-07-07T22:22:17.439673,2026-07-07T22:22:17.443877+00:00,135.2,11,bid,,,11378809
2026-07-07T22:22:17.697417,2026-07-07T22:22:17.704101+00:00,135.2,200,bid,,,11378813
2026-07-07T22:22:23.743171,2026-07-07T22:22:23.753078+00:00,135.1,200,ask,,,11378888
2026-07-07T22:22:24.952432,2026-07-07T22:22:24.958643+00:00,135.1,200,bid,,,11378907
2026-07-07T22:22:25.299721,2026-07-07T22:22:25.303297+00:00,135.0,12,bid,,,11378910
2026-07-07T22:22:25.357778,2026-07-07T22:22:25.369228+00:00,134.8,20,ask,,,11378911
2026-07-07T22:22:26.025794,2026-07-07T22:22:26.036263+00:00,135.0,500,bid,,,11378919
2026-07-07T22:22:26.162485,2026-07-07T22:22:26.169531+00:00,135.0,113,bid,,,11378922
2026-07-07T22:22:29.225679,2026-07-07T22:22:29.233726+00:00,135.0,200,ask,,,11378960
2026-07-07T22:22:30.538546,2026-07-07T22:22:30.546698+00:00,135.1,200,bid,,,11378976
2026-07-07T22:22:31.008075,2026-07-07T22:22:31.020704+00:00,135.3,200,ask,,,11378978
2026-07-07T22:22:32.200990,2026-07-07T22:22:32.213289+00:00,135.4,20,bid,,,11379003
2026-07-07T22:22:32.314973,2026-07-07T22:22:32.319148+00:00,135.4,22,bid,,,11379008
2026-07-07T22:22:33.427302,2026-07-07T22:22:33.438323+00:00,135.4,200,bid,,,11379027
2026-07-07T22:22:33.888186,2026-07-07T22:22:33.895390+00:00,135.3,500,ask,,,11379033
2026-07-07T22:22:34.639993,2026-07-07T22:22:34.650285+00:00,135.2,200,bid,,,11379054
2026-07-07T22:22:37.532006,2026-07-07T22:22:37.539932+00:00,135.2,500,ask,,,11379094
2026-07-07T22:22:37.690737,2026-07-07T22:22:37.702211+00:00,135.2,20,ask,,,11379101
2026-07-07T22:22:38.125699,2026-07-07T22:22:38.137030+00:00,135.2,105,ask,,,11379103
2026-07-07T22:22:38.637923,2026-07-07T22:22:38.641719+00:00,135.1,23,bid,,,11379108
2026-07-07T22:22:39.734842,2026-07-07T22:22:39.738806+00:00,135.0,12,bid,,,11379127
2026-07-07T22:22:40.582634,2026-07-07T22:22:40.590193+00:00,135.0,20,bid,,,11379136
2026-07-07T22:22:43.114977,2026-07-07T22:22:43.123541+00:00,134.9,200,bid,,,11379165
2026-07-07T22:22:43.506746,2026-07-07T22:22:43.518616+00:00,134.6,20,ask,,,11379173
2026-07-07T22:22:46.745448,2026-07-07T22:22:46.756646+00:00,135.0,200,ask,,,11379219
2026-07-07T22:22:48.788816,2026-07-07T22:22:48.800672+00:00,134.8,20,ask,,,11379245
2026-07-07T22:22:49.421147,2026-07-07T22:22:49.432554+00:00,135.0,20,bid,,,11379256
2026-07-07T22:22:56.482645,2026-07-07T22:22:56.494089+00:00,135.1,20,bid,,,11379340
2026-07-07T22:22:57.681030,2026-07-07T22:22:57.683705+00:00,134.8,12,ask,,,11379353
2026-07-07T22:23:00.231503,2026-07-07T22:23:00.240734+00:00,134.7,20,ask,,,11379390
2026-07-07T22:23:04.918114,2026-07-07T22:23:04.927833+00:00,134.7,200,bid,,,11379455
2026-07-07T22:23:06.044866,2026-07-07T22:23:06.048635+00:00,134.6,11,ask,,,11379474
2026-07-07T22:23:06.091085,2026-07-07T22:23:06.102645+00:00,134.8,20,bid,,,11379475
2026-07-07T22:23:06.140650,2026-07-07T22:23:06.144611+00:00,134.7,12,ask,,,11379477
2026-07-07T22:23:07.798582,2026-07-07T22:23:07.808211+00:00,134.7,200,ask,,,11379502
2026-07-07T22:23:09.149664,2026-07-07T22:23:09.163823+00:00,134.8,20,bid,,,11379522
2026-07-07T22:23:09.973922,2026-07-07T22:23:09.985527+00:00,134.8,500,bid,,,11379533
2026-07-07T22:23:09.973922,2026-07-07T22:23:09.985527+00:00,134.8,125,bid,,,11379534
2026-07-07T22:23:11.308004,2026-07-07T22:23:11.311946+00:00,134.7,12,bid,,,11379549
2026-07-07T22:23:13.674801,2026-07-07T22:23:13.686724+00:00,134.5,20,ask,,,11379574
2026-07-07T22:23:15.224699,2026-07-07T22:23:15.235682+00:00,134.7,500,bid,,,11379604
2026-07-07T22:23:15.656724,2026-07-07T22:23:15.665160+00:00,134.7,125,ask,,,11379612
2026-07-07T22:23:15.818085,2026-07-07T22:23:15.829166+00:00,134.7,200,bid,,,11379617
2026-07-07T22:23:16.554442,2026-07-07T22:23:16.558526+00:00,134.4,23,bid,,,11379630
2026-07-07T22:23:16.693301,2026-07-07T22:23:16.697778+00:00,134.4,11,bid,,,11379632
2026-07-07T22:23:17.027309,2026-07-07T22:23:17.036667+00:00,134.4,200,bid,,,11379635
2026-07-07T22:23:20.020387,2026-07-07T22:23:20.032179+00:00,134.6,20,bid,,,11379675
2026-07-07T22:23:22.909596,2026-07-07T22:23:22.920298+00:00,134.6,20,ask,,,11379711
2026-07-07T22:23:31.594469,2026-07-07T22:23:31.603820+00:00,135.1,200,bid,,,11379840
2026-07-07T22:23:32.286168,2026-07-07T22:23:32.305195+00:00,135.0,500,bid,,,11379853
2026-07-07T22:23:32.301182,2026-07-07T22:23:32.305195+00:00,135.1,34,ask,,,11379855
2026-07-07T22:23:32.613656,2026-07-07T22:23:32.621434+00:00,135.1,91,ask,,,11379859
2026-07-07T22:23:32.638386,2026-07-07T22:23:32.642582+00:00,135.0,11,bid,,,11379861
2026-07-07T22:23:32.803300,2026-07-07T22:23:32.810370+00:00,135.0,200,bid,,,11379864
2026-07-07T22:23:34.905160,2026-07-07T22:23:34.912015+00:00,135.0,500,bid,,,11379895
2026-07-07T22:23:35.047301,2026-07-07T22:23:35.053277+00:00,135.0,125,ask,,,11379898
2026-07-07T22:23:35.227891,2026-07-07T22:23:35.238644+00:00,135.0,200,bid,,,11379900
2026-07-07T22:23:36.437170,2026-07-07T22:23:36.445872+00:00,134.8,200,bid,,,11379910
2026-07-07T22:23:37.554434,2026-07-07T22:23:37.558580+00:00,134.7,23,ask,,,11379929
2026-07-07T22:23:37.648091,2026-07-07T22:23:37.656172+00:00,134.9,200,bid,,,11379931
2026-07-07T22:23:40.065329,2026-07-07T22:23:40.073325+00:00,135.0,200,bid,,,11379971
2026-07-07T22:23:41.274281,2026-07-07T22:23:41.283060+00:00,135.0,200,bid,,,11379989
2026-07-07T22:23:41.485827,2026-07-07T22:23:41.490067+00:00,135.0,11,ask,,,11379992
2026-07-07T22:23:44.120818,2026-07-07T22:23:44.130740+00:00,135.0,200,ask,,,11380033
2026-07-07T22:23:44.736916,2026-07-07T22:23:44.745241+00:00,135.0,20,bid,,,11380042
2026-07-07T22:23:49.004614,2026-07-07T22:23:49.016257+00:00,134.9,20,ask,,,11380098
2026-07-07T22:23:50.965739,2026-07-07T22:23:50.974551+00:00,135.0,200,bid,,,11380116
2026-07-07T22:23:54.428179,2026-07-07T22:23:54.439685+00:00,134.7,20,ask,,,11380178
2026-07-07T22:23:54.676421,2026-07-07T22:23:54.680461+00:00,134.7,11,ask,,,11380185
2026-07-07T22:23:57.220313,2026-07-07T22:23:57.230055+00:00,134.7,200,ask,,,11380210
2026-07-07T22:23:58.220004,2026-07-07T22:23:58.233581+00:00,134.7,200,bid,,,11380225
2026-07-07T22:23:58.540981,2026-07-07T22:23:58.544559+00:00,134.8,23,ask,,,11380228
2026-07-07T22:23:59.432067,2026-07-07T22:23:59.439175+00:00,134.8,200,ask,,,11380241
2026-07-07T22:24:00.657458,2026-07-07T22:24:00.668910+00:00,134.8,200,ask,,,11380263
2026-07-07T22:24:01.167799,2026-07-07T22:24:01.171653+00:00,134.9,11,bid,,,11380275
2026-07-07T22:24:01.868075,2026-07-07T22:24:01.877237+00:00,134.7,200,ask,,,11380288
2026-07-07T22:24:02.476089,2026-07-07T22:24:02.480805+00:00,134.7,23,bid,,,11380297
2026-07-07T22:24:03.074443,2026-07-07T22:24:03.083199+00:00,134.7,200,bid,,,11380307
2026-07-07T22:24:04.300432,2026-07-07T22:24:04.304502+00:00,134.6,11,ask,,,11380330
2026-07-07T22:24:05.081878,2026-07-07T22:24:05.091455+00:00,134.6,189,ask,,,11380339
2026-07-07T22:24:05.422792,2026-07-07T22:24:05.434634+00:00,134.6,20,bid,,,11380346
2026-07-07T22:24:07.331266,2026-07-07T22:24:07.335214+00:00,134.3,12,ask,,,11380375
2026-07-07T22:24:12.957708,2026-07-07T22:24:12.969274+00:00,134.6,200,ask,,,11380445
2026-07-07T22:24:14.415823,2026-07-07T22:24:14.427563+00:00,134.6,20,bid,,,11380468
2026-07-07T22:24:17.591200,2026-07-07T22:24:17.597868+00:00,134.6,200,bid,,,11380507
2026-07-07T22:24:19.983826,2026-07-07T22:24:19.987690+00:00,134.7,23,bid,,,11380539
2026-07-07T22:24:20.024391,2026-07-07T22:24:20.028277+00:00,134.6,11,bid,,,11380542
2026-07-07T22:24:22.214193,2026-07-07T22:24:22.218635+00:00,134.5,12,bid,,,11380581
2026-07-07T22:24:22.432692,2026-07-07T22:24:22.441736+00:00,134.5,200,bid,,,11380584
2026-07-07T22:24:27.432602,2026-07-07T22:24:27.443084+00:00,134.5,200,ask,,,11380671
2026-07-07T22:24:27.677142,2026-07-07T22:24:27.688746+00:00,134.3,20,ask,,,11380675
2026-07-07T22:24:32.054780,2026-07-07T22:24:32.066321+00:00,134.7,20,bid,,,11380751
2026-07-07T22:24:32.652216,2026-07-07T22:24:32.656687+00:00,134.7,23,bid,,,11380760
2026-07-07T22:24:33.182014,2026-07-07T22:24:33.189913+00:00,134.7,20,bid,,,11380771
2026-07-07T22:24:33.344162,2026-07-07T22:24:33.348999+00:00,134.6,11,bid,,,11380778
2026-07-07T22:24:33.993784,2026-07-07T22:24:34.005722+00:00,134.4,20,ask,,,11380782
2026-07-07T22:24:34.554048,2026-07-07T22:24:34.557617+00:00,134.5,3,bid,,,11380791
2026-07-07T22:24:36.194230,2026-07-07T22:24:36.203127+00:00,134.4,500,bid,,,11380817
2026-07-07T22:24:36.980230,2026-07-07T22:24:36.988711+00:00,134.5,20,bid,,,11380833
2026-07-07T22:24:37.943065,2026-07-07T22:24:37.950559+00:00,134.5,200,bid,,,11380845
2026-07-07T22:24:38.171946,2026-07-07T22:24:38.179233+00:00,134.5,200,ask,,,11380849
2026-07-07T22:24:39.380321,2026-07-07T22:24:39.388505+00:00,134.5,200,ask,,,11380865
2026-07-07T22:24:45.300825,2026-07-07T22:24:45.304994+00:00,134.6,3,bid,,,11380948
2026-07-07T22:24:45.447794,2026-07-07T22:24:45.451780+00:00,134.5,11,bid,,,11380954
2026-07-07T22:24:47.142608,2026-07-07T22:24:47.146531+00:00,134.4,12,bid,,,11380988
2026-07-07T22:24:51.052496,2026-07-07T22:24:51.060621+00:00,134.3,200,ask,,,11381040
2026-07-07T22:24:51.052496,2026-07-07T22:24:51.060621+00:00,134.3,425,ask,,,11381041
2026-07-07T22:24:52.479108,2026-07-07T22:24:52.490842+00:00,134.4,20,ask,,,11381058
2026-07-07T22:24:52.707206,2026-07-07T22:24:52.718006+00:00,134.4,200,ask,,,11381061
2026-07-07T22:24:54.959815,2026-07-07T22:24:54.989453+00:00,134.4,200,bid,,,11381087
2026-07-07T22:24:54.985611,2026-07-07T22:24:54.989453+00:00,134.4,12,ask,,,11381089
2026-07-07T22:24:55.122202,2026-07-07T22:24:55.133128+00:00,134.4,200,ask,,,11381092
2026-07-07T22:24:56.768624,2026-07-07T22:24:56.779184+00:00,134.5,500,bid,,,11381119
2026-07-07T22:24:57.538774,2026-07-07T22:24:57.549510+00:00,134.4,200,ask,,,11381130
2026-07-07T22:24:59.183129,2026-07-07T22:24:59.213987+00:00,134.5,200,bid,,,11381152
2026-07-07T22:24:59.209315,2026-07-07T22:24:59.213987+00:00,134.5,11,ask,,,11381154
2026-07-07T22:25:00.236552,2026-07-07T22:25:00.244924+00:00,134.5,500,ask,,,11381165
2026-07-07T22:25:00.236552,2026-07-07T22:25:00.244924+00:00,134.5,125,ask,,,11381166
2026-07-07T22:25:01.546452,2026-07-07T22:25:01.554751+00:00,134.7,200,bid,,,11381183
2026-07-07T22:25:01.564680,2026-07-07T22:25:01.569076+00:00,134.7,3,ask,,,11381185
2026-07-07T22:25:03.552042,2026-07-07T22:25:03.558611+00:00,134.9,20,bid,,,11381218
2026-07-07T22:25:08.438842,2026-07-07T22:25:08.446356+00:00,134.6,200,bid,,,11381293
2026-07-07T22:25:10.395814,2026-07-07T22:25:10.407613+00:00,134.7,20,bid,,,11381316
2026-07-07T22:25:10.732465,2026-07-07T22:25:10.754893+00:00,134.7,200,bid,,,11381317
2026-07-07T22:25:10.750470,2026-07-07T22:25:10.754893+00:00,134.8,3,ask,,,11381319
2026-07-07T22:25:10.857055,2026-07-07T22:25:10.863967+00:00,134.8,200,ask,,,11381322
2026-07-07T22:25:12.064818,2026-07-07T22:25:12.071705+00:00,134.8,200,bid,,,11381334
2026-07-07T22:25:13.230216,2026-07-07T22:25:13.246418+00:00,134.5,20,ask,,,11381356
2026-07-07T22:25:13.545651,2026-07-07T22:25:13.557219+00:00,134.7,20,ask,,,11381362
2026-07-07T22:25:17.275838,2026-07-07T22:25:17.282760+00:00,134.9,200,bid,,,11381404
2026-07-07T22:25:17.362818,2026-07-07T22:25:17.384678+00:00,134.9,425,ask,,,11381407
2026-07-07T22:25:17.380217,2026-07-07T22:25:17.384678+00:00,134.8,3,bid,,,11381409
2026-07-07T22:25:18.104925,2026-07-07T22:25:18.114045+00:00,134.8,200,bid,,,11381419
2026-07-07T22:25:21.842886,2026-07-07T22:25:21.852785+00:00,134.8,20,ask,,,11381462
2026-07-07T22:25:22.545055,2026-07-07T22:25:22.555626+00:00,134.8,180,ask,,,11381472
2026-07-07T22:25:24.053700,2026-07-07T22:25:24.068986+00:00,134.7,200,ask,,,11381499
2026-07-07T22:25:24.200623,2026-07-07T22:25:24.207741+00:00,134.7,20,bid,,,11381503
2026-07-07T22:25:25.257891,2026-07-07T22:25:25.269192+00:00,134.6,200,ask,,,11381515
2026-07-07T22:25:25.257891,2026-07-07T22:25:25.269192+00:00,134.6,300,ask,,,11381516
2026-07-07T22:25:25.863822,2026-07-07T22:25:25.872041+00:00,134.6,325,ask,,,11381526
2026-07-07T22:25:26.495553,2026-07-07T22:25:26.500051+00:00,134.5,3,ask,,,11381533
2026-07-07T22:25:30.140559,2026-07-07T22:25:30.158558+00:00,134.7,20,bid,,,11381576
2026-07-07T22:25:30.711751,2026-07-07T22:25:30.723247+00:00,134.6,500,ask,,,11381582
2026-07-07T22:25:31.412639,2026-07-07T22:25:31.420337+00:00,134.6,125,ask,,,11381600
2026-07-07T22:25:32.853624,2026-07-07T22:25:32.858601+00:00,134.6,20,bid,,,11381614
2026-07-07T22:25:34.936703,2026-07-07T22:25:34.944336+00:00,134.4,20,ask,,,11381640
2026-07-07T22:25:35.053243,2026-07-07T22:25:35.057557+00:00,134.5,3,bid,,,11381650
2026-07-07T22:25:35.671373,2026-07-07T22:25:35.682572+00:00,134.5,197,bid,,,11381660
2026-07-07T22:25:35.935791,2026-07-07T22:25:35.939898+00:00,134.6,3,ask,,,11381666
2026-07-07T22:25:36.243954,2026-07-07T22:25:36.254230+00:00,134.6,200,ask,,,11381668
2026-07-07T22:25:39.615841,2026-07-07T22:25:39.627040+00:00,134.6,200,ask,,,11381708
2026-07-07T22:25:43.289179,2026-07-07T22:25:43.301105+00:00,134.5,20,ask,,,11381759
2026-07-07T22:25:44.877158,2026-07-07T22:25:44.885144+00:00,134.5,200,ask,,,11381783
2026-07-07T22:25:45.542211,2026-07-07T22:25:45.553976+00:00,134.5,20,bid,,,11381790
2026-07-07T22:25:48.605301,2026-07-07T22:25:48.609018+00:00,134.7,3,bid,,,11381828
2026-07-07T22:25:50.767314,2026-07-07T22:25:50.774515+00:00,134.5,200,bid,,,11381853
2026-07-07T22:25:56.693249,2026-07-07T22:25:56.699819+00:00,134.7,200,bid,,,11381930
2026-07-07T22:25:57.356851,2026-07-07T22:25:57.368609+00:00,134.7,20,ask,,,11381937
2026-07-07T22:25:58.011215,2026-07-07T22:25:58.018089+00:00,134.7,200,ask,,,11381946
2026-07-07T22:25:59.267358,2026-07-07T22:25:59.274533+00:00,134.7,200,bid,,,11381962
2026-07-07T22:25:59.767157,2026-07-07T22:25:59.775034+00:00,134.7,20,ask,,,11381966
2026-07-07T22:26:02.905350,2026-07-07T22:26:02.915668+00:00,134.7,200,ask,,,11382017
2026-07-07T22:26:07.742673,2026-07-07T22:26:07.758616+00:00,134.6,200,ask,,,11382083
2026-07-07T22:26:09.868263,2026-07-07T22:26:09.877871+00:00,134.7,200,bid,,,11382108
2026-07-07T22:26:10.159158,2026-07-07T22:26:10.169117+00:00,134.7,200,ask,,,11382114
2026-07-07T22:26:12.496307,2026-07-07T22:26:12.506772+00:00,134.6,200,ask,,,11382130
2026-07-07T22:26:12.496307,2026-07-07T22:26:12.506772+00:00,134.6,425,ask,,,11382131
2026-07-07T22:26:13.070394,2026-07-07T22:26:13.081999+00:00,134.7,200,bid,,,11382143
2026-07-07T22:26:14.844844,2026-07-07T22:26:14.858604+00:00,134.8,20,bid,,,11382164
2026-07-07T22:26:14.997337,2026-07-07T22:26:15.007286+00:00,134.7,200,ask,,,11382166
2026-07-07T22:26:19.064581,2026-07-07T22:26:19.068431+00:00,134.9,3,ask,,,11382206
2026-07-07T22:26:20.221097,2026-07-07T22:26:20.232722+00:00,135.1,20,bid,,,11382222
2026-07-07T22:26:20.374890,2026-07-07T22:26:20.378638+00:00,135.0,11,ask,,,11382227
2026-07-07T22:26:21.068130,2026-07-07T22:26:21.075676+00:00,135.0,200,ask,,,11382235
2026-07-07T22:26:23.190183,2026-07-07T22:26:23.198818+00:00,135.2,20,bid,,,11382266
2026-07-07T22:26:23.487227,2026-07-07T22:26:23.496349+00:00,135.1,200,bid,,,11382272
2026-07-07T22:26:24.584505,2026-07-07T22:26:24.593052+00:00,135.0,500,ask,,,11382290
2026-07-07T22:26:25.611891,2026-07-07T22:26:25.619794+00:00,135.0,200,ask,,,11382311
2026-07-07T22:26:26.620652,2026-07-07T22:26:26.624497+00:00,134.9,12,ask,,,11382325
2026-07-07T22:26:28.147338,2026-07-07T22:26:28.154707+00:00,135.0,20,bid,,,11382339
2026-07-07T22:26:30.669443,2026-07-07T22:26:30.680887+00:00,135.0,20,bid,,,11382369
2026-07-07T22:26:31.980945,2026-07-07T22:26:31.992350+00:00,134.9,200,ask,,,11382382
2026-07-07T22:26:32.946726,2026-07-07T22:26:32.950213+00:00,134.8,34,ask,,,11382399
2026-07-07T22:26:33.191641,2026-07-07T22:26:33.199642+00:00,134.8,200,ask,,,11382404
2026-07-07T22:26:34.814261,2026-07-07T22:26:34.825249+00:00,134.7,200,ask,,,11382425
2026-07-07T22:26:35.607681,2026-07-07T22:26:35.616685+00:00,134.7,200,bid,,,11382436
2026-07-07T22:26:40.064348,2026-07-07T22:26:40.074235+00:00,134.6,500,ask,,,11382489
2026-07-07T22:26:40.304636,2026-07-07T22:26:40.313070+00:00,134.6,125,bid,,,11382493
2026-07-07T22:26:40.464431,2026-07-07T22:26:40.468396+00:00,134.7,11,ask,,,11382497
