timestamp,recv_time,price,volume,aggressor_side,buyer,seller,trade_id
2026-07-01T23:00:00.178221,2026-07-01T23:00:00.159293+00:00,90.4,200,bid,YieldingYams,WavyWalnuts,3102824
2026-07-01T23:00:01.191679,2026-07-01T23:00:01.216961+00:00,90.4,200,ask,YieldingYams,WavyWalnuts,3102847
2026-07-01T23:00:02.401299,2026-07-01T23:00:02.416968+00:00,90.4,200,bid,WavyWalnuts,YieldingYams,3102873
2026-07-01T23:00:03.457041,2026-07-01T23:00:03.465213+00:00,90.4,20,bid,BrilliantBurritos,YieldingYams,3102894
2026-07-01T23:00:04.772385,2026-07-01T23:00:04.815261+00:00,90.4,500,bid,AverageAlmonds,YieldingYams,3102912
2026-07-01T23:00:05.367134,2026-07-01T23:00:05.458698+00:00,90.4,125,bid,AverageAlmonds,YieldingYams,3102924
2026-07-01T23:00:05.452229,2026-07-01T23:00:05.507816+00:00,90.5,200,bid,YieldingYams,WavyWalnuts,3102930
2026-07-01T23:00:05.503062,2026-07-01T23:00:05.507816+00:00,90.5,11,ask,YieldingYams,Xuanyu Liu,3102935
2026-07-01T23:00:06.038486,2026-07-01T23:00:06.069139+00:00,90.5,200,ask,YieldingYams,WavyWalnuts,3102950
2026-07-01T23:00:06.769209,2026-07-01T23:00:06.800617+00:00,90.4,500,ask,AverageAlmonds,YieldingYams,3102961
2026-07-01T23:00:06.903406,2026-07-01T23:00:06.915308+00:00,90.4,20,bid,BrilliantBurritos,YieldingYams,3102962
2026-07-01T23:00:07.204332,2026-07-01T23:00:07.225695+00:00,90.4,105,bid,AverageAlmonds,YieldingYams,3102967
2026-07-01T23:00:08.460662,2026-07-01T23:00:08.480546+00:00,90.5,200,ask,YieldingYams,WavyWalnuts,3103008
2026-07-01T23:00:10.695991,2026-07-01T23:00:10.731899+00:00,90.6,200,bid,YieldingYams,WavyWalnuts,3103051
2026-07-01T23:00:10.876216,2026-07-01T23:00:10.884621+00:00,90.6,200,ask,YieldingYams,WavyWalnuts,3103055
2026-07-01T23:00:10.949242,2026-07-01T23:00:10.974226+00:00,90.6,20,ask,YieldingYams,BrilliantBurritos,3103058
2026-07-01T23:00:12.011156,2026-07-01T23:00:12.069354+00:00,90.5,200,ask,WavyWalnuts,YieldingYams,3103078
2026-07-01T23:00:12.065364,2026-07-01T23:00:12.069354+00:00,90.5,11,bid,Xuanyu Liu,YieldingYams,3103080
2026-07-01T23:00:12.080108,2026-07-01T23:00:12.128000+00:00,90.5,200,bid,WavyWalnuts,YieldingYams,3103082
2026-07-01T23:00:13.294109,2026-07-01T23:00:13.359072+00:00,90.5,200,bid,WavyWalnuts,YieldingYams,3103114
2026-07-01T23:00:14.637457,2026-07-01T23:00:14.645678+00:00,90.5,200,bid,YieldingYams,WavyWalnuts,3103139
2026-07-01T23:00:15.983997,2026-07-01T23:00:16.001485+00:00,90.7,1,bid,BrilliantBurritos,Kelvin Chan,3103172
2026-07-01T23:00:15.983997,2026-07-01T23:00:16.001485+00:00,90.7,19,bid,BrilliantBurritos,WavyWalnuts,3103173
2026-07-01T23:00:15.997564,2026-07-01T23:00:16.001485+00:00,90.6,11,ask,YieldingYams,Xuanyu Liu,3103175
2026-07-01T23:00:17.026869,2026-07-01T23:00:17.038662+00:00,90.8,20,bid,BrilliantBurritos,YieldingYams,3103187
2026-07-01T23:00:17.266978,2026-07-01T23:00:17.274285+00:00,90.6,200,ask,WavyWalnuts,YieldingYams,3103195
2026-07-01T23:00:17.285304,2026-07-01T23:00:17.289323+00:00,90.6,3,bid,Xuanyu Liu,YieldingYams,3103197
2026-07-01T23:00:17.783158,2026-07-01T23:00:17.787228+00:00,90.6,11,bid,Xuanyu Liu,YieldingYams,3103206
2026-07-01T23:00:19.348789,2026-07-01T23:00:19.391492+00:00,90.5,200,bid,WavyWalnuts,YieldingYams,3103227
2026-07-01T23:00:19.987223,2026-07-01T23:00:19.992510+00:00,90.4,20,ask,YieldingYams,BrilliantBurritos,3103258
2026-07-01T23:00:21.210058,2026-07-01T23:00:21.226228+00:00,90.6,200,bid,YieldingYams,WavyWalnuts,3103273
2026-07-01T23:00:22.240905,2026-07-01T23:00:22.247243+00:00,90.7,3,bid,BrilliantBurritos,Kelvin Chan,3103299
2026-07-01T23:00:22.525679,2026-07-01T23:00:22.574572+00:00,90.6,200,ask,WavyWalnuts,YieldingYams,3103308
2026-07-01T23:00:24.183878,2026-07-01T23:00:24.212288+00:00,90.6,200,ask,YieldingYams,WavyWalnuts,3103351
2026-07-01T23:00:25.466147,2026-07-01T23:00:25.470235+00:00,90.6,3,bid,Xuanyu Liu,WavyWalnuts,3103372
2026-07-01T23:00:26.609226,2026-07-01T23:00:26.628901+00:00,90.5,8,ask,Kelvin Chan,WavyWalnuts,3103401
2026-07-01T23:00:26.625124,2026-07-01T23:00:26.628901+00:00,90.5,11,bid,Xuanyu Liu,WavyWalnuts,3103405
2026-07-01T23:00:26.629747,2026-07-01T23:00:26.663786+00:00,90.5,28,bid,Chester Au,WavyWalnuts,3103406
2026-07-01T23:00:27.335098,2026-07-01T23:00:27.338720+00:00,90.4,14,ask,YieldingYams,Xuanyu Liu,3103418
2026-07-01T23:00:29.123260,2026-07-01T23:00:29.140227+00:00,90.5,200,ask,WavyWalnuts,YieldingYams,3103448
2026-07-01T23:00:29.237528,2026-07-01T23:00:29.258682+00:00,90.5,20,bid,BrilliantBurritos,YieldingYams,3103452
2026-07-01T23:00:30.439951,2026-07-01T23:00:30.468848+00:00,90.4,4,ask,Kelvin Chan,YieldingYams,3103477
2026-07-01T23:00:30.439951,2026-07-01T23:00:30.468848+00:00,90.4,200,ask,WavyWalnuts,YieldingYams,3103478
2026-07-01T23:00:30.464904,2026-07-01T23:00:30.468848+00:00,90.4,3,bid,Xuanyu Liu,YieldingYams,3103480
2026-07-01T23:00:31.751858,2026-07-01T23:00:31.764092+00:00,90.4,200,bid,YieldingYams,WavyWalnuts,3103492
2026-07-01T23:00:33.877728,2026-07-01T23:00:33.890621+00:00,90.5,200,bid,WavyWalnuts,YieldingYams,3103542
2026-07-01T23:00:35.085667,2026-07-01T23:00:35.091314+00:00,90.7,200,bid,WavyWalnuts,YieldingYams,3103573
2026-07-01T23:00:37.005608,2026-07-01T23:00:37.025297+00:00,90.6,200,ask,WavyWalnuts,YieldingYams,3103623
2026-07-01T23:00:37.021250,2026-07-01T23:00:37.025297+00:00,90.6,11,bid,Xuanyu Liu,YieldingYams,3103627
2026-07-01T23:00:37.026231,2026-07-01T23:00:37.058662+00:00,90.6,139,bid,Chester Au,YieldingYams,3103628
2026-07-01T23:00:42.349370,2026-07-01T23:00:42.400925+00:00,90.5,200,ask,YieldingYams,WavyWalnuts,3103734
2026-07-01T23:00:46.191004,2026-07-01T23:00:46.199649+00:00,90.3,2,ask,Kelvin Chan,YieldingYams,3103818
2026-07-01T23:00:47.205911,2026-07-01T23:00:47.258702+00:00,90.3,200,bid,WavyWalnuts,YieldingYams,3103830
2026-07-01T23:00:48.811131,2026-07-01T23:00:48.829918+00:00,90.4,200,bid,YieldingYams,WavyWalnuts,3103868
2026-07-01T23:00:48.826173,2026-07-01T23:00:48.829918+00:00,90.4,11,ask,YieldingYams,Xuanyu Liu,3103870
2026-07-01T23:00:51.434907,2026-07-01T23:00:51.464797+00:00,90.4,3,ask,Kelvin Chan,YieldingYams,3103916
2026-07-01T23:00:52.045371,2026-07-01T23:00:52.059969+00:00,90.3,200,ask,YieldingYams,WavyWalnuts,3103927
2026-07-01T23:00:52.644813,2026-07-01T23:00:52.659395+00:00,90.3,20,ask,YieldingYams,BrilliantBurritos,3103940
2026-07-01T23:00:52.752753,2026-07-01T23:00:52.758648+00:00,90.3,9,ask,Kelvin Chan,YieldingYams,3103946
2026-07-01T23:00:53.250989,2026-07-01T23:00:53.275619+00:00,90.3,200,bid,WavyWalnuts,YieldingYams,3103950
2026-07-01T23:00:54.459158,2026-07-01T23:00:54.469310+00:00,90.3,200,bid,WavyWalnuts,YieldingYams,3103983
2026-07-01T23:00:55.399367,2026-07-01T23:00:55.403479+00:00,90.3,3,ask,YieldingYams,Xuanyu Liu,3104002
2026-07-01T23:00:56.674836,2026-07-01T23:00:56.692631+00:00,90.5,200,bid,YieldingYams,WavyWalnuts,3104023
2026-07-01T23:00:56.692147,2026-07-01T23:00:56.703164+00:00,90.5,46,ask,YieldingYams,Chester Au,3104026
2026-07-01T23:00:57.275028,2026-07-01T23:00:57.302549+00:00,90.6,20,ask,WavyWalnuts,BrilliantBurritos,3104035
2026-07-01T23:00:58.069026,2026-07-01T23:00:58.080245+00:00,90.6,180,ask,WavyWalnuts,AverageAlmonds,3104054
2026-07-01T23:00:59.307364,2026-07-01T23:00:59.317072+00:00,90.7,2,bid,WavyWalnuts,Kelvin Chan,3104086
2026-07-01T23:00:59.307364,2026-07-01T23:00:59.317072+00:00,90.7,198,bid,WavyWalnuts,AverageAlmonds,3104087
2026-07-01T23:00:59.874506,2026-07-01T23:00:59.884887+00:00,90.6,500,ask,YieldingYams,AverageAlmonds,3104094
2026-07-01T23:01:00.471577,2026-07-01T23:01:00.587843+00:00,90.6,125,ask,YieldingYams,AverageAlmonds,3104104
2026-07-01T23:01:00.520326,2026-07-01T23:01:00.587843+00:00,90.6,200,bid,WavyWalnuts,AverageAlmonds,3104106
2026-07-01T23:01:00.632617,2026-07-01T23:01:00.636835+00:00,90.4,3,bid,Xuanyu Liu,YieldingYams,3104110
2026-07-01T23:01:00.732909,2026-07-01T23:01:00.763930+00:00,90.2,20,ask,YieldingYams,BrilliantBurritos,3104113
2026-07-01T23:01:01.918606,2026-07-01T23:01:01.942883+00:00,90.3,200,ask,WavyWalnuts,YieldingYams,3104142
2026-07-01T23:01:02.134655,2026-07-01T23:01:02.138391+00:00,90.1,3,ask,AverageAlmonds,Xuanyu Liu,3104145
2026-07-01T23:01:02.943317,2026-07-01T23:01:02.990368+00:00,90.3,200,bid,WavyWalnuts,YieldingYams,3104159
2026-07-01T23:01:02.950761,2026-07-01T23:01:02.990368+00:00,90.2,1,ask,Kelvin Chan,Chester Au,3104160
2026-07-01T23:01:03.248666,2026-07-01T23:01:03.269536+00:00,90.3,120,ask,YieldingYams,Chester Au,3104171
2026-07-01T23:01:03.265143,2026-07-01T23:01:03.269536+00:00,90.3,3,ask,YieldingYams,Xuanyu Liu,3104173
2026-07-01T23:01:03.935346,2026-07-01T23:01:03.940537+00:00,90.5,20,bid,BrilliantBurritos,YieldingYams,3104186
2026-07-01T23:01:04.153083,2026-07-01T23:01:04.163858+00:00,90.5,200,bid,WavyWalnuts,YieldingYams,3104190
2026-07-01T23:01:05.236417,2026-07-01T23:01:05.240531+00:00,90.5,3,bid,Xuanyu Liu,YieldingYams,3104205
2026-07-01T23:01:05.361852,2026-07-01T23:01:05.400759+00:00,90.5,200,bid,WavyWalnuts,YieldingYams,3104208
2026-07-01T23:01:06.572699,2026-07-01T23:01:06.580720+00:00,90.5,200,ask,YieldingYams,WavyWalnuts,3104228
2026-07-01T23:01:07.786037,2026-07-01T23:01:07.803187+00:00,90.4,200,bid,WavyWalnuts,YieldingYams,3104241
2026-07-01T23:01:08.404481,2026-07-01T23:01:08.408420+00:00,90.4,3,bid,Xuanyu Liu,YieldingYams,3104256
2026-07-01T23:01:12.012034,2026-07-01T23:01:12.031437+00:00,90.4,20,ask,YieldingYams,BrilliantBurritos,3104312
2026-07-01T23:01:12.654251,2026-07-01T23:01:12.671504+00:00,90.5,92,bid,Chester Au,WavyWalnuts,3104324
2026-07-01T23:01:13.706366,2026-07-01T23:01:13.732621+00:00,90.5,108,bid,YieldingYams,WavyWalnuts,3104344
2026-07-01T23:01:13.841058,2026-07-01T23:01:13.864774+00:00,90.5,200,ask,YieldingYams,WavyWalnuts,3104345
2026-07-01T23:01:16.263084,2026-07-01T23:01:16.274591+00:00,90.5,200,bid,WavyWalnuts,YieldingYams,3104389
2026-07-01T23:01:19.920856,2026-07-01T23:01:19.929629+00:00,90.5,100,bid,Chester Au,WavyWalnuts,3104455
2026-07-01T23:01:21.624303,2026-07-01T23:01:21.668835+00:00,90.4,200,ask,WavyWalnuts,YieldingYams,3104498
2026-07-01T23:01:21.644551,2026-07-01T23:01:21.668835+00:00,90.4,8,bid,Chester Au,YieldingYams,3104500
2026-07-01T23:01:21.664967,2026-07-01T23:01:21.668835+00:00,90.4,11,bid,Xuanyu Liu,YieldingYams,3104502
2026-07-01T23:01:22.323293,2026-07-01T23:01:22.344198+00:00,90.4,200,bid,WavyWalnuts,YieldingYams,3104517
2026-07-01T23:01:24.240689,2026-07-01T23:01:24.264309+00:00,90.5,200,bid,YieldingYams,WavyWalnuts,3104550
2026-07-01T23:01:26.054872,2026-07-01T23:01:26.084557+00:00,90.5,20,ask,YieldingYams,BrilliantBurritos,3104590
2026-07-01T23:01:33.406377,2026-07-01T23:01:33.435480+00:00,90.7,2,bid,YieldingYams,Kelvin Chan,3104724
2026-07-01T23:01:35.463326,2026-07-01T23:01:35.474654+00:00,90.8,4,bid,BrilliantBurritos,Kelvin Chan,3104748
2026-07-01T23:01:37.330935,2026-07-01T23:01:37.369753+00:00,90.8,3,bid,YieldingYams,Kelvin Chan,3104793
2026-07-01T23:01:37.330935,2026-07-01T23:01:37.369753+00:00,90.8,200,bid,YieldingYams,WavyWalnuts,3104794
2026-07-01T23:01:37.365128,2026-07-01T23:01:37.369753+00:00,90.8,2,ask,YieldingYams,Xuanyu Liu,3104796
2026-07-01T23:01:38.082044,2026-07-01T23:01:38.114334+00:00,90.8,200,ask,YieldingYams,WavyWalnuts,3104804
2026-07-01T23:01:38.192061,2026-07-01T23:01:38.196697+00:00,90.8,2,ask,YieldingYams,Xuanyu Liu,3104807
2026-07-01T23:01:40.128225,2026-07-01T23:01:40.132091+00:00,90.7,10,ask,WavyWalnuts,Xuanyu Liu,3104859
2026-07-01T23:01:42.921330,2026-07-01T23:01:42.932710+00:00,90.7,200,ask,YieldingYams,WavyWalnuts,3104893
2026-07-01T23:01:45.239609,2026-07-01T23:01:45.263969+00:00,90.9,2,bid,YieldingYams,Kelvin Chan,3104936
2026-07-01T23:01:45.239609,2026-07-01T23:01:45.263969+00:00,90.9,500,bid,YieldingYams,AverageAlmonds,3104937
2026-07-01T23:01:45.256198,2026-07-01T23:01:45.268963+00:00,90.9,100,ask,YieldingYams,Chester Au,3104939
2026-07-01T23:01:45.293175,2026-07-01T23:01:45.323944+00:00,90.9,23,ask,YieldingYams,AverageAlmonds,3104940
2026-07-01T23:01:45.338405,2026-07-01T23:01:45.364281+00:00,90.9,200,bid,WavyWalnuts,AverageAlmonds,3104943
2026-07-01T23:01:46.545990,2026-07-01T23:01:46.613048+00:00,90.9,200,bid,WavyWalnuts,AverageAlmonds,3104962
2026-07-01T23:01:46.573481,2026-07-01T23:01:46.613048+00:00,90.8,100,ask,YieldingYams,Chester Au,3104964
2026-07-01T23:01:46.608598,2026-07-01T23:01:46.613048+00:00,90.8,14,ask,YieldingYams,Xuanyu Liu,3104966
2026-07-01T23:01:49.566597,2026-07-01T23:01:49.572338+00:00,91.0,1,bid,Xuanyu Liu,Kelvin Chan,3105038
2026-07-01T23:01:49.566597,2026-07-01T23:01:49.572338+00:00,91.0,10,bid,Xuanyu Liu,WavyWalnuts,3105039
2026-07-01T23:01:49.588463,2026-07-01T23:01:49.593350+00:00,90.8,20,ask,WavyWalnuts,BrilliantBurritos,3105040
2026-07-01T23:01:50.183633,2026-07-01T23:01:50.187630+00:00,90.9,3,bid,Xuanyu Liu,AverageAlmonds,3105048
2026-07-01T23:01:50.194183,2026-07-01T23:01:50.202832+00:00,90.9,200,bid,WavyWalnuts,AverageAlmonds,3105049
2026-07-01T23:01:50.491675,2026-07-01T23:01:50.497698+00:00,90.9,297,bid,YieldingYams,AverageAlmonds,3105054
2026-07-01T23:01:50.745141,2026-07-01T23:01:50.758695+00:00,90.9,328,ask,YieldingYams,AverageAlmonds,3105061
2026-07-01T23:01:51.403826,2026-07-01T23:01:51.413646+00:00,90.9,200,bid,WavyWalnuts,AverageAlmonds,3105073
2026-07-01T23:01:52.611286,2026-07-01T23:01:52.659306+00:00,90.6,200,bid,WavyWalnuts,YieldingYams,3105092
2026-07-01T23:01:53.824875,2026-07-01T23:01:53.839837+00:00,90.5,3,ask,Kelvin Chan,WavyWalnuts,3105110
2026-07-01T23:01:55.038082,2026-07-01T23:01:55.059433+00:00,90.4,200,ask,YieldingYams,WavyWalnuts,3105136
2026-07-01T23:01:56.246614,2026-07-01T23:01:56.237352+00:00,90.4,200,ask,YieldingYams,WavyWalnuts,3105150
2026-07-01T23:01:57.453724,2026-07-01T23:01:57.458609+00:00,90.3,200,ask,YieldingYams,WavyWalnuts,3105175
2026-07-01T23:01:58.364842,2026-07-01T23:01:58.374479+00:00,90.3,500,ask,AverageAlmonds,YieldingYams,3105185
2026-07-01T23:01:58.598030,2026-07-01T23:01:58.617225+00:00,90.3,125,bid,AverageAlmonds,YieldingYams,3105188
2026-07-01T23:01:58.660455,2026-07-01T23:01:58.668735+00:00,90.3,200,ask,AverageAlmonds,WavyWalnuts,3105189
2026-07-01T23:01:59.711214,2026-07-01T23:01:59.715985+00:00,90.7,3,ask,YieldingYams,Xuanyu Liu,3105206
2026-07-01T23:01:59.876522,2026-07-01T23:01:59.905106+00:00,90.7,200,ask,YieldingYams,WavyWalnuts,3105209
2026-07-01T23:02:02.220755,2026-07-01T23:02:02.224755+00:00,90.6,3,bid,Xuanyu Liu,WavyWalnuts,3105250
2026-07-01T23:02:03.624171,2026-07-01T23:02:03.625778+00:00,90.7,200,bid,YieldingYams,WavyWalnuts,3105267
2026-07-01T23:02:03.624171,2026-07-01T23:02:03.658642+00:00,90.8,425,bid,YieldingYams,AverageAlmonds,3105268
2026-07-01T23:02:05.920561,2026-07-01T23:02:05.921258+00:00,90.6,200,bid,WavyWalnuts,YieldingYams,3105322
2026-07-01T23:02:08.876969,2026-07-01T23:02:08.887601+00:00,90.9,1,bid,YieldingYams,Kelvin Chan,3105380
2026-07-01T23:02:08.876969,2026-07-01T23:02:08.887601+00:00,90.9,500,bid,YieldingYams,AverageAlmonds,3105381
2026-07-01T23:02:08.876969,2026-07-01T23:02:08.887601+00:00,90.9,124,bid,YieldingYams,WavyWalnuts,3105382
2026-07-01T23:02:10.754783,2026-07-01T23:02:10.763866+00:00,91.0,200,bid,WavyWalnuts,YieldingYams,3105426
2026-07-01T23:02:11.500695,2026-07-01T23:02:11.502378+00:00,90.9,500,bid,YieldingYams,AverageAlmonds,3105439
2026-07-01T23:02:11.914648,2026-07-01T23:02:11.936712+00:00,90.9,125,ask,YieldingYams,AverageAlmonds,3105453
2026-07-01T23:02:11.963219,2026-07-01T23:02:11.992051+00:00,90.9,200,bid,WavyWalnuts,AverageAlmonds,3105459
2026-07-01T23:02:12.925224,2026-07-01T23:02:12.931677+00:00,90.9,20,bid,BrilliantBurritos,AverageAlmonds,3105469
2026-07-01T23:02:13.172143,2026-07-01T23:02:13.184561+00:00,90.9,200,bid,WavyWalnuts,AverageAlmonds,3105472
2026-07-01T23:02:14.398666,2026-07-01T23:02:14.406132+00:00,90.9,2,bid,WavyWalnuts,Kelvin Chan,3105502
2026-07-01T23:02:14.398666,2026-07-01T23:02:14.411365+00:00,90.9,198,bid,WavyWalnuts,AverageAlmonds,3105503
2026-07-01T23:02:15.618511,2026-07-01T23:02:15.638181+00:00,90.8,200,bid,WavyWalnuts,YieldingYams,3105529
2026-07-01T23:02:16.834107,2026-07-01T23:02:16.864393+00:00,90.9,200,bid,WavyWalnuts,YieldingYams,3105552
2026-07-01T23:02:18.098149,2026-07-01T23:02:18.102339+00:00,90.8,3,ask,YieldingYams,Xuanyu Liu,3105567
2026-07-01T23:02:19.375380,2026-07-01T23:02:19.411684+00:00,90.9,500,bid,YieldingYams,AverageAlmonds,3105593
2026-07-01T23:02:19.407715,2026-07-01T23:02:19.411684+00:00,90.9,11,ask,YieldingYams,Xuanyu Liu,3105597
2026-07-01T23:02:20.420033,2026-07-01T23:02:20.444906+00:00,90.9,114,ask,YieldingYams,AverageAlmonds,3105609
2026-07-01T23:02:22.902704,2026-07-01T23:02:22.928862+00:00,90.8,200,bid,WavyWalnuts,YieldingYams,3105655
2026-07-01T23:02:24.115776,2026-07-01T23:02:24.158637+00:00,90.7,6,ask,Kelvin Chan,WavyWalnuts,3105686
2026-07-01T23:02:24.115776,2026-07-01T23:02:24.158637+00:00,90.7,194,ask,YieldingYams,WavyWalnuts,3105687
2026-07-01T23:02:24.637187,2026-07-01T23:02:24.673657+00:00,90.6,500,ask,AverageAlmonds,YieldingYams,3105694
2026-07-01T23:02:24.669758,2026-07-01T23:02:24.673657+00:00,90.6,14,bid,Xuanyu Liu,YieldingYams,3105697
2026-07-01T23:02:25.218595,2026-07-01T23:02:25.227869+00:00,90.6,111,bid,AverageAlmonds,YieldingYams,3105710
2026-07-01T23:02:25.953481,2026-07-01T23:02:25.977437+00:00,90.8,200,bid,YieldingYams,WavyWalnuts,3105725
2026-07-01T23:02:25.973366,2026-07-01T23:02:25.977437+00:00,90.8,3,ask,YieldingYams,Xuanyu Liu,3105727
2026-07-01T23:02:27.746712,2026-07-01T23:02:27.779898+00:00,90.8,200,ask,YieldingYams,WavyWalnuts,3105752
2026-07-01T23:02:30.168941,2026-07-01T23:02:30.200901+00:00,90.8,200,ask,AverageAlmonds,WavyWalnuts,3105817
2026-07-01T23:02:33.727561,2026-07-01T23:02:33.758559+00:00,90.8,500,bid,AverageAlmonds,YieldingYams,3105885
2026-07-01T23:02:33.824607,2026-07-01T23:02:33.828315+00:00,90.8,200,bid,YieldingYams,WavyWalnuts,3105889
2026-07-01T23:02:34.997226,2026-07-01T23:02:34.999975+00:00,90.9,200,ask,YieldingYams,WavyWalnuts,3105922
2026-07-01T23:02:36.202661,2026-07-01T23:02:36.235273+00:00,90.9,20,bid,BrilliantBurritos,YieldingYams,3105955
2026-07-01T23:02:36.221416,2026-07-01T23:02:36.275049+00:00,90.8,200,ask,AverageAlmonds,WavyWalnuts,3105956
2026-07-01T23:02:38.649054,2026-07-01T23:02:38.664280+00:00,90.9,200,ask,YieldingYams,WavyWalnuts,3105997
2026-07-01T23:02:40.284211,2026-07-01T23:02:40.303317+00:00,90.8,20,ask,YieldingYams,BrilliantBurritos,3106029
2026-07-01T23:02:41.677392,2026-07-01T23:02:41.685389+00:00,90.8,500,ask,AverageAlmonds,YieldingYams,3106051
2026-07-01T23:02:42.186924,2026-07-01T23:02:42.195934+00:00,90.8,125,bid,AverageAlmonds,YieldingYams,3106061
2026-07-01T23:02:42.433710,2026-07-01T23:02:42.478901+00:00,90.8,20,ask,AverageAlmonds,BrilliantBurritos,3106065
2026-07-01T23:02:42.984766,2026-07-01T23:02:42.988830+00:00,91.0,2,bid,YieldingYams,Kelvin Chan,3106077
2026-07-01T23:02:42.984766,2026-07-01T23:02:42.988830+00:00,91.0,200,bid,YieldingYams,WavyWalnuts,3106078
2026-07-01T23:02:44.700282,2026-07-01T23:02:44.711320+00:00,91.1,200,bid,WavyWalnuts,YieldingYams,3106115
2026-07-01T23:02:45.910717,2026-07-01T23:02:45.930097+00:00,91.2,200,bid,WavyWalnuts,YieldingYams,3106145
2026-07-01T23:02:48.061770,2026-07-01T23:02:48.084287+00:00,91.1,20,ask,YieldingYams,BrilliantBurritos,3106193
2026-07-01T23:02:48.345620,2026-07-01T23:02:48.358603+00:00,91.1,200,ask,YieldingYams,WavyWalnuts,3106205
2026-07-01T23:02:49.088800,2026-07-01T23:02:49.095168+00:00,91.1,20,ask,YieldingYams,BrilliantBurritos,3106226
2026-07-01T23:02:49.556077,2026-07-01T23:02:49.568751+00:00,91.1,200,ask,YieldingYams,WavyWalnuts,3106236
2026-07-01T23:02:50.764216,2026-07-01T23:02:50.785390+00:00,91.0,200,bid,WavyWalnuts,YieldingYams,3106254
2026-07-01T23:02:53.217765,2026-07-01T23:02:53.221612+00:00,91.1,3,bid,Xuanyu Liu,WavyWalnuts,3106298
2026-07-01T23:02:54.316548,2026-07-01T23:02:54.330536+00:00,91.1,20,bid,BrilliantBurritos,WavyWalnuts,3106309
2026-07-01T23:02:54.401389,2026-07-01T23:02:54.409542+00:00,91.0,200,ask,YieldingYams,WavyWalnuts,3106310
2026-07-01T23:02:55.610124,2026-07-01T23:02:55.616752+00:00,91.0,200,ask,YieldingYams,WavyWalnuts,3106329
2026-07-01T23:02:57.206230,2026-07-01T23:02:57.224733+00:00,90.9,4,ask,Kelvin Chan,BrilliantBurritos,3106357
2026-07-01T23:02:57.206230,2026-07-01T23:02:57.224733+00:00,90.9,16,ask,WavyWalnuts,BrilliantBurritos,3106358
2026-07-01T23:02:57.458101,2026-07-01T23:02:57.468998+00:00,90.9,184,ask,WavyWalnuts,YieldingYams,3106366
2026-07-01T23:02:57.458101,2026-07-01T23:02:57.468998+00:00,90.9,6,ask,Kelvin Chan,YieldingYams,3106367
2026-07-01T23:02:57.493978,2026-07-01T23:02:57.515485+00:00,90.9,6,bid,Kelvin Chan,YieldingYams,3106370
2026-07-01T23:02:58.034661,2026-07-01T23:02:58.044221+00:00,90.9,200,bid,WavyWalnuts,YieldingYams,3106384
2026-07-01T23:03:00.463819,2026-07-01T23:03:00.490156+00:00,90.9,200,bid,WavyWalnuts,YieldingYams,3106436
2026-07-01T23:03:00.881650,2026-07-01T23:03:00.885756+00:00,90.9,3,bid,Xuanyu Liu,YieldingYams,3106445
2026-07-01T23:03:01.396439,2026-07-01T23:03:01.433016+00:00,90.8,2,ask,Kelvin Chan,YieldingYams,3106458
2026-07-01T23:03:01.396439,2026-07-01T23:03:01.433016+00:00,90.7,500,ask,AverageAlmonds,YieldingYams,3106459
2026-07-01T23:03:01.419319,2026-07-01T23:03:01.433016+00:00,90.7,97,bid,Chester Au,YieldingYams,3106461
2026-07-01T23:03:01.429029,2026-07-01T23:03:01.433016+00:00,90.7,23,bid,Xuanyu Liu,YieldingYams,3106462
2026-07-01T23:03:01.553052,2026-07-01T23:03:01.555949+00:00,90.7,3,bid,AverageAlmonds,YieldingYams,3106465
2026-07-01T23:03:03.084278,2026-07-01T23:03:03.096037+00:00,90.8,20,ask,AverageAlmonds,BrilliantBurritos,3106490
2026-07-01T23:03:04.101288,2026-07-01T23:03:04.110519+00:00,90.8,200,ask,AverageAlmonds,WavyWalnuts,3106507
2026-07-01T23:03:05.202945,2026-07-01T23:03:05.234910+00:00,90.9,500,bid,AverageAlmonds,YieldingYams,3106528
2026-07-01T23:03:05.793367,2026-07-01T23:03:05.804277+00:00,90.9,200,bid,AverageAlmonds,WavyWalnuts,3106541
2026-07-01T23:03:05.879111,2026-07-01T23:03:05.883327+00:00,90.9,7,ask,AverageAlmonds,Xuanyu Liu,3106544
2026-07-01T23:03:06.404735,2026-07-01T23:03:06.437632+00:00,91.0,500,bid,AverageAlmonds,YieldingYams,3106553
2026-07-01T23:03:06.644075,2026-07-01T23:03:06.664403+00:00,91.0,200,bid,YieldingYams,WavyWalnuts,3106556
2026-07-01T23:03:06.660229,2026-07-01T23:03:06.664403+00:00,91.0,7,ask,YieldingYams,Xuanyu Liu,3106557
2026-07-01T23:03:06.665472,2026-07-01T23:03:06.669351+00:00,91.0,7,ask,YieldingYams,Xuanyu Liu,3106558
2026-07-01T23:03:06.673443,2026-07-01T23:03:06.677612+00:00,91.0,2,ask,YieldingYams,Xuanyu Liu,3106559
2026-07-01T23:03:09.288840,2026-07-01T23:03:09.305346+00:00,91.0,200,ask,WavyWalnuts,YieldingYams,3106601
2026-07-01T23:03:09.288840,2026-07-01T23:03:09.305346+00:00,90.9,425,ask,AverageAlmonds,YieldingYams,3106602
2026-07-01T23:03:10.601888,2026-07-01T23:03:10.625686+00:00,91.0,500,ask,AverageAlmonds,YieldingYams,3106620
2026-07-01T23:03:10.646943,2026-07-01T23:03:10.658648+00:00,91.0,125,bid,AverageAlmonds,YieldingYams,3106622
2026-07-01T23:03:11.911358,2026-07-01T23:03:11.958799+00:00,91.2,3,bid,YieldingYams,Kelvin Chan,3106666
2026-07-01T23:03:11.911358,2026-07-01T23:03:11.964231+00:00,91.2,200,bid,YieldingYams,WavyWalnuts,3106667
2026-07-01T23:03:14.545900,2026-07-01T23:03:14.570407+00:00,91.3,1,bid,YieldingYams,Kelvin Chan,3106722
2026-07-01T23:03:14.545900,2026-07-01T23:03:14.570407+00:00,91.3,200,bid,YieldingYams,WavyWalnuts,3106723
2026-07-01T23:03:14.565985,2026-07-01T23:03:14.570407+00:00,91.3,3,ask,YieldingYams,Xuanyu Liu,3106726
2026-07-01T23:03:15.864273,2026-07-01T23:03:15.893322+00:00,91.4,200,bid,YieldingYams,WavyWalnuts,3106753
2026-07-01T23:03:17.195764,2026-07-01T23:03:17.229066+00:00,91.5,20,bid,BrilliantBurritos,WavyWalnuts,3106766
2026-07-01T23:03:17.395481,2026-07-01T23:03:17.403203+00:00,91.4,200,ask,YieldingYams,WavyWalnuts,3106770
2026-07-01T23:03:18.218229,2026-07-01T23:03:18.228748+00:00,91.4,20,ask,YieldingYams,BrilliantBurritos,3106784
2026-07-01T23:03:19.818009,2026-07-01T23:03:19.847189+00:00,91.3,200,ask,WavyWalnuts,YieldingYams,3106817
2026-07-01T23:03:19.818009,2026-07-01T23:03:19.847189+00:00,91.2,425,ask,AverageAlmonds,YieldingYams,3106818
2026-07-01T23:03:21.133027,2026-07-01T23:03:21.141130+00:00,91.3,200,bid,YieldingYams,WavyWalnuts,3106852
2026-07-01T23:03:21.396013,2026-07-01T23:03:21.423109+00:00,91.3,97,ask,YieldingYams,Chester Au,3106859
2026-07-01T23:03:23.495758,2026-07-01T23:03:23.527718+00:00,91.4,200,bid,WavyWalnuts,YieldingYams,3106909
2026-07-01T23:03:23.754622,2026-07-01T23:03:23.758790+00:00,91.4,1,bid,YieldingYams,Kelvin Chan,3106914
2026-07-01T23:03:24.879519,2026-07-01T23:03:24.880553+00:00,91.4,20,ask,YieldingYams,BrilliantBurritos,3106929
2026-07-01T23:03:25.066736,2026-07-01T23:03:25.092047+00:00,91.6,200,bid,YieldingYams,WavyWalnuts,3106933
2026-07-01T23:03:26.396795,2026-07-01T23:03:26.427636+00:00,91.6,200,ask,WavyWalnuts,YieldingYams,3106958
2026-07-01T23:03:26.434773,2026-07-01T23:03:26.438685+00:00,91.5,3,bid,Xuanyu Liu,YieldingYams,3106960
2026-07-01T23:03:26.714553,2026-07-01T23:03:26.721879+00:00,91.3,20,ask,AverageAlmonds,BrilliantBurritos,3106970
2026-07-01T23:03:27.137383,2026-07-01T23:03:27.145903+00:00,91.5,200,bid,WavyWalnuts,YieldingYams,3106978
2026-07-01T23:03:27.709664,2026-07-01T23:03:27.745489+00:00,91.5,6,bid,YieldingYams,Kelvin Chan,3106993
2026-07-01T23:03:27.767274,2026-07-01T23:03:27.771095+00:00,91.6,3,ask,YieldingYams,Xuanyu Liu,3107001
2026-07-01T23:03:28.350247,2026-07-01T23:03:28.363776+00:00,91.6,200,ask,YieldingYams,WavyWalnuts,3107015
2026-07-01T23:03:29.564303,2026-07-01T23:03:29.574172+00:00,91.6,200,ask,YieldingYams,WavyWalnuts,3107032
2026-07-01T23:03:30.335174,2026-07-01T23:03:30.343261+00:00,91.7,3,bid,YieldingYams,Kelvin Chan,3107051
2026-07-01T23:03:30.775055,2026-07-01T23:03:30.823137+00:00,91.7,200,ask,YieldingYams,WavyWalnuts,3107060
2026-07-01T23:03:33.198471,2026-07-01T23:03:33.208320+00:00,91.4,200,ask,YieldingYams,WavyWalnuts,3107096
2026-07-01T23:03:34.289172,2026-07-01T23:03:34.327362+00:00,91.5,500,ask,AverageAlmonds,YieldingYams,3107128
2026-07-01T23:03:34.862392,2026-07-01T23:03:34.871316+00:00,91.4,200,bid,AverageAlmonds,WavyWalnuts,3107139
2026-07-01T23:03:34.862392,2026-07-01T23:03:34.871316+00:00,91.5,125,bid,AverageAlmonds,YieldingYams,3107140
2026-07-01T23:03:34.892055,2026-07-01T23:03:34.895921+00:00,91.5,3,ask,AverageAlmonds,Xuanyu Liu,3107143
2026-07-01T23:03:35.633455,2026-07-01T23:03:35.637162+00:00,91.6,11,ask,YieldingYams,Xuanyu Liu,3107157
2026-07-01T23:03:35.736836,2026-07-01T23:03:35.740854+00:00,91.7,11,bid,Xuanyu Liu,WavyWalnuts,3107162
2026-07-01T23:03:36.841439,2026-07-01T23:03:36.843444+00:00,91.6,200,ask,YieldingYams,WavyWalnuts,3107191
2026-07-01T23:03:37.209578,2026-07-01T23:03:37.213060+00:00,91.7,3,bid,Xuanyu Liu,Kelvin Chan,3107196
2026-07-01T23:03:39.535783,2026-07-01T23:03:39.545376+00:00,91.6,200,bid,YieldingYams,WavyWalnuts,3107245
2026-07-01T23:03:40.465726,2026-07-01T23:03:40.506867+00:00,91.7,5,bid,WavyWalnuts,Kelvin Chan,3107263
2026-07-01T23:03:40.851873,2026-07-01T23:03:40.858587+00:00,91.7,195,ask,WavyWalnuts,YieldingYams,3107270
2026-07-01T23:03:41.676977,2026-07-01T23:03:41.686889+00:00,91.6,200,bid,WavyWalnuts,YieldingYams,3107275
2026-07-01T23:03:42.890474,2026-07-01T23:03:42.923786+00:00,91.7,200,ask,YieldingYams,WavyWalnuts,3107301
2026-07-01T23:03:45.316098,2026-07-01T23:03:45.329088+00:00,91.7,200,bid,WavyWalnuts,YieldingYams,3107347
2026-07-01T23:03:47.460080,2026-07-01T23:03:47.500206+00:00,91.6,200,ask,WavyWalnuts,YieldingYams,3107392
2026-07-01T23:03:47.460080,2026-07-01T23:03:47.500206+00:00,91.6,425,ask,AverageAlmonds,YieldingYams,3107393
2026-07-01T23:03:48.769833,2026-07-01T23:03:48.778111+00:00,91.8,5,bid,YieldingYams,Kelvin Chan,3107411
2026-07-01T23:03:48.769833,2026-07-01T23:03:48.778111+00:00,91.8,200,bid,YieldingYams,WavyWalnuts,3107412
2026-07-01T23:03:48.815858,2026-07-01T23:03:48.819664+00:00,91.8,3,ask,YieldingYams,Xuanyu Liu,3107414
2026-07-01T23:03:50.082938,2026-07-01T23:03:50.090306+00:00,91.8,200,ask,WavyWalnuts,YieldingYams,3107438
2026-07-01T23:03:50.149994,2026-07-01T23:03:50.163617+00:00,91.7,200,bid,WavyWalnuts,YieldingYams,3107441
2026-07-01T23:03:51.357993,2026-07-01T23:03:51.364192+00:00,91.7,200,bid,WavyWalnuts,YieldingYams,3107465
2026-07-01T23:03:51.390573,2026-07-01T23:03:51.426335+00:00,91.8,1,bid,YieldingYams,Kelvin Chan,3107467
2026-07-01T23:03:52.573915,2026-07-01T23:03:52.592075+00:00,91.9,200,ask,YieldingYams,WavyWalnuts,3107484
2026-07-01T23:03:53.005219,2026-07-01T23:03:53.009135+00:00,91.9,1,bid,Xuanyu Liu,Kelvin Chan,3107498
2026-07-01T23:03:53.014869,2026-07-01T23:03:53.019327+00:00,92.0,2,bid,Xuanyu Liu,YieldingYams,3107500
2026-07-01T23:03:53.781466,2026-07-01T23:03:53.794449+00:00,91.9,1,bid,WavyWalnuts,Kelvin Chan,3107517
2026-07-01T23:03:53.781466,2026-07-01T23:03:53.799815+00:00,92.0,199,bid,WavyWalnuts,YieldingYams,3107518
2026-07-01T23:03:59.839239,2026-07-01T23:03:59.842933+00:00,91.7,200,ask,YieldingYams,WavyWalnuts,3107637
2026-07-01T23:04:00.603623,2026-07-01T23:04:00.644022+00:00,91.6,4,ask,Kelvin Chan,YieldingYams,3107659
2026-07-01T23:04:00.603623,2026-07-01T23:04:00.644022+00:00,91.6,500,ask,AverageAlmonds,YieldingYams,3107660
2026-07-01T23:04:00.613189,2026-07-01T23:04:00.644022+00:00,91.6,121,bid,Chester Au,YieldingYams,3107661
2026-07-01T23:04:01.047740,2026-07-01T23:04:01.063620+00:00,91.6,200,ask,AverageAlmonds,WavyWalnuts,3107668
2026-07-01T23:04:03.224965,2026-07-01T23:04:03.232477+00:00,91.7,200,ask,WavyWalnuts,YieldingYams,3107707
2026-07-01T23:04:03.224965,2026-07-01T23:04:03.237772+00:00,91.7,425,ask,AverageAlmonds,YieldingYams,3107708
2026-07-01T23:04:04.389104,2026-07-01T23:04:04.400416+00:00,91.8,20,ask,AverageAlmonds,BrilliantBurritos,3107724
2026-07-01T23:04:04.562268,2026-07-01T23:04:04.574636+00:00,91.9,200,bid,YieldingYams,WavyWalnuts,3107731
2026-07-01T23:04:04.672279,2026-07-01T23:04:04.676087+00:00,91.9,200,ask,YieldingYams,WavyWalnuts,3107732
2026-07-01T23:04:05.751144,2026-07-01T23:04:05.787219+00:00,92.0,5,bid,Chester Au,Kelvin Chan,3107754
2026-07-01T23:04:05.783748,2026-07-01T23:04:05.787219+00:00,92.1,3,bid,Xuanyu Liu,YieldingYams,3107757
2026-07-01T23:04:05.878285,2026-07-01T23:04:05.958695+00:00,91.9,500,ask,AverageAlmonds,YieldingYams,3107760
2026-07-01T23:04:05.897455,2026-07-01T23:04:05.958695+00:00,91.8,39,bid,Chester Au,YieldingYams,3107764
2026-07-01T23:04:06.334396,2026-07-01T23:04:06.358637+00:00,91.8,86,bid,AverageAlmonds,YieldingYams,3107768
2026-07-01T23:04:07.187312,2026-07-01T23:04:07.236975+00:00,92.0,4,bid,YieldingYams,Kelvin Chan,3107787
2026-07-01T23:04:07.187312,2026-07-01T23:04:07.236975+00:00,92.0,200,bid,YieldingYams,WavyWalnuts,3107788
2026-07-01T23:04:07.232209,2026-07-01T23:04:07.236975+00:00,92.1,3,ask,YieldingYams,Xuanyu Liu,3107790
2026-07-01T23:04:08.309366,2026-07-01T23:04:08.327925+00:00,92.1,200,ask,YieldingYams,WavyWalnuts,3107808
2026-07-01T23:04:08.529678,2026-07-01T23:04:08.533705+00:00,92.1,3,bid,Xuanyu Liu,YieldingYams,3107818
2026-07-01T23:04:10.731464,2026-07-01T23:04:10.758772+00:00,92.1,200,ask,YieldingYams,WavyWalnuts,3107866
2026-07-01T23:04:11.131004,2026-07-01T23:04:11.158836+00:00,91.9,500,ask,AverageAlmonds,YieldingYams,3107870
2026-07-01T23:04:11.178624,2026-07-01T23:04:11.201849+00:00,91.9,125,bid,AverageAlmonds,YieldingYams,3107874
2026-07-01T23:04:12.453146,2026-07-01T23:04:12.464284+00:00,92.1,200,bid,YieldingYams,WavyWalnuts,3107900
2026-07-01T23:04:13.144633,2026-07-01T23:04:13.164556+00:00,92.2,1,bid,WavyWalnuts,Kelvin Chan,3107913
2026-07-01T23:04:13.779888,2026-07-01T23:04:13.797275+00:00,92.2,199,ask,WavyWalnuts,YieldingYams,3107928
2026-07-01T23:04:15.088678,2026-07-01T23:04:15.096227+00:00,92.1,200,ask,WavyWalnuts,YieldingYams,3107963
2026-07-01T23:04:15.104645,2026-07-01T23:04:15.112376+00:00,92.1,9,bid,Chester Au,YieldingYams,3107965
2026-07-01T23:04:16.767226,2026-07-01T23:04:16.785906+00:00,92.2,1,bid,WavyWalnuts,Kelvin Chan,3107992
2026-07-01T23:04:16.767226,2026-07-01T23:04:16.785906+00:00,92.2,199,bid,WavyWalnuts,YieldingYams,3107993
2026-07-01T23:04:18.466043,2026-07-01T23:04:18.490114+00:00,92.2,20,bid,BrilliantBurritos,AverageAlmonds,3108039
2026-07-01T23:04:19.051651,2026-07-01T23:04:19.111039+00:00,92.1,200,ask,WavyWalnuts,AverageAlmonds,3108052
2026-07-01T23:04:19.072502,2026-07-01T23:04:19.111039+00:00,92.1,26,bid,Chester Au,AverageAlmonds,3108055
2026-07-01T23:04:19.106908,2026-07-01T23:04:19.111039+00:00,92.1,11,bid,Xuanyu Liu,AverageAlmonds,3108057
2026-07-01T23:04:19.437094,2026-07-01T23:04:19.448842+00:00,92.1,20,bid,BrilliantBurritos,AverageAlmonds,3108064
2026-07-01T23:04:19.651582,2026-07-01T23:04:19.668708+00:00,92.0,500,ask,YieldingYams,AverageAlmonds,3108065
2026-07-01T23:04:20.252973,2026-07-01T23:04:20.288908+00:00,92.0,125,ask,YieldingYams,AverageAlmonds,3108085
2026-07-01T23:04:20.252973,2026-07-01T23:04:20.288908+00:00,92.0,200,ask,WavyWalnuts,AverageAlmonds,3108086
2026-07-01T23:04:20.284287,2026-07-01T23:04:20.288908+00:00,92.0,12,bid,Xuanyu Liu,AverageAlmonds,3108091
2026-07-01T23:04:20.326604,2026-07-01T23:04:20.333109+00:00,91.9,10,ask,Kelvin Chan,YieldingYams,3108092
2026-07-01T23:04:20.364885,2026-07-01T23:04:20.368783+00:00,91.9,10,bid,Xuanyu Liu,YieldingYams,3108094
2026-07-01T23:04:20.396019,2026-07-01T23:04:20.400167+00:00,91.9,200,bid,WavyWalnuts,YieldingYams,3108096
2026-07-01T23:04:21.593776,2026-07-01T23:04:21.598056+00:00,91.8,10,ask,Kelvin Chan,Xuanyu Liu,3108120
2026-07-01T23:04:21.604506,2026-07-01T23:04:21.608874+00:00,91.7,12,ask,YieldingYams,Xuanyu Liu,3108122
2026-07-01T23:04:21.607812,2026-07-01T23:04:21.680121+00:00,91.9,200,bid,WavyWalnuts,YieldingYams,3108123
2026-07-01T23:04:21.636901,2026-07-01T23:04:21.680121+00:00,92.0,500,bid,YieldingYams,AverageAlmonds,3108126
2026-07-01T23:04:21.650917,2026-07-01T23:04:21.680121+00:00,92.1,23,ask,YieldingYams,Chester Au,3108128
2026-07-01T23:04:22.083246,2026-07-01T23:04:22.089868+00:00,92.1,102,ask,YieldingYams,AverageAlmonds,3108139
2026-07-01T23:04:22.952019,2026-07-01T23:04:22.979726+00:00,92.0,200,ask,WavyWalnuts,YieldingYams,3108155
2026-07-01T23:04:23.061110,2026-07-01T23:04:23.072896+00:00,91.8,20,ask,YieldingYams,BrilliantBurritos,3108158
2026-07-01T23:04:25.267935,2026-07-01T23:04:25.274113+00:00,92.0,20,bid,BrilliantBurritos,WavyWalnuts,3108213
2026-07-01T23:04:26.462689,2026-07-01T23:04:26.469375+00:00,91.9,2,ask,Kelvin Chan,WavyWalnuts,3108241
2026-07-01T23:04:26.462689,2026-07-01T23:04:26.474289+00:00,91.9,198,ask,YieldingYams,WavyWalnuts,3108242
2026-07-01T23:04:28.886162,2026-07-01T23:04:28.924766+00:00,91.9,7,ask,Kelvin Chan,WavyWalnuts,3108289
2026-07-01T23:04:28.886162,2026-07-01T23:04:28.924766+00:00,91.9,193,ask,YieldingYams,WavyWalnuts,3108290
2026-07-01T23:04:29.500693,2026-07-01T23:04:29.516844+00:00,91.9,5,ask,Kelvin Chan,YieldingYams,3108302
2026-07-01T23:04:29.519881,2026-07-01T23:04:29.527053+00:00,91.9,23,bid,Chester Au,YieldingYams,3108304
2026-07-01T23:04:30.094147,2026-07-01T23:04:30.097696+00:00,91.9,200,bid,WavyWalnuts,YieldingYams,3108308
2026-07-01T23:04:33.425836,2026-07-01T23:04:33.473901+00:00,92.0,200,bid,YieldingYams,WavyWalnuts,3108399
2026-07-01T23:04:33.459258,2026-07-01T23:04:33.473901+00:00,92.0,20,ask,YieldingYams,BrilliantBurritos,3108400
2026-07-01T23:04:33.468866,2026-07-01T23:04:33.473901+00:00,92.0,11,ask,YieldingYams,Xuanyu Liu,3108402
2026-07-01T23:04:33.720062,2026-07-01T23:04:33.723538+00:00,92.0,200,ask,YieldingYams,WavyWalnuts,3108407
2026-07-01T23:04:39.970453,2026-07-01T23:04:39.972369+00:00,91.8,3,ask,Kelvin Chan,YieldingYams,3108524
2026-07-01T23:04:40.580763,2026-07-01T23:04:40.584555+00:00,91.7,3,ask,WavyWalnuts,Xuanyu Liu,3108534
2026-07-01T23:04:41.001136,2026-07-01T23:04:41.007909+00:00,91.8,200,bid,WavyWalnuts,YieldingYams,3108540
2026-07-01T23:04:41.453393,2026-07-01T23:04:41.490188+00:00,91.8,500,bid,AverageAlmonds,YieldingYams,3108547
2026-07-01T23:04:41.564655,2026-07-01T23:04:41.568980+00:00,91.8,3,bid,Xuanyu Liu,YieldingYams,3108551
2026-07-01T23:04:42.051490,2026-07-01T23:04:42.064041+00:00,91.8,122,bid,AverageAlmonds,YieldingYams,3108564
2026-07-01T23:04:42.212723,2026-07-01T23:04:42.234509+00:00,91.8,200,ask,AverageAlmonds,WavyWalnuts,3108568
2026-07-01T23:04:42.617101,2026-07-01T23:04:42.628318+00:00,92.0,3,ask,YieldingYams,Xuanyu Liu,3108578
2026-07-01T23:04:43.422897,2026-07-01T23:04:43.458741+00:00,92.0,200,ask,YieldingYams,WavyWalnuts,3108590
2026-07-01T23:04:44.633324,2026-07-01T23:04:44.658638+00:00,91.9,200,ask,YieldingYams,WavyWalnuts,3108618
2026-07-01T23:04:45.223690,2026-07-01T23:04:45.227654+00:00,91.9,3,bid,Xuanyu Liu,YieldingYams,3108634
2026-07-01T23:04:49.134137,2026-07-01T23:04:49.163926+00:00,91.8,200,ask,WavyWalnuts,YieldingYams,3108691
2026-07-01T23:04:49.466380,2026-07-01T23:04:49.506343+00:00,91.8,200,bid,WavyWalnuts,YieldingYams,3108707
2026-07-01T23:04:50.687577,2026-07-01T23:04:50.691528+00:00,91.9,3,ask,WavyWalnuts,Xuanyu Liu,3108721
2026-07-01T23:04:51.784521,2026-07-01T23:04:51.795056+00:00,91.9,197,ask,WavyWalnuts,YieldingYams,3108738
2026-07-01T23:04:53.119025,2026-07-01T23:04:53.132761+00:00,91.9,200,bid,YieldingYams,WavyWalnuts,3108759
2026-07-01T23:04:53.207897,2026-07-01T23:04:53.217297+00:00,91.9,20,ask,YieldingYams,BrilliantBurritos,3108760
2026-07-01T23:04:54.431238,2026-07-01T23:04:54.458623+00:00,91.8,500,ask,AverageAlmonds,YieldingYams,3108783
2026-07-01T23:04:54.431238,2026-07-01T23:04:54.458623+00:00,91.8,125,ask,WavyWalnuts,YieldingYams,3108784
2026-07-01T23:04:55.463500,2026-07-01T23:04:55.475233+00:00,91.8,20,ask,WavyWalnuts,BrilliantBurritos,3108797
2026-07-01T23:04:55.531805,2026-07-01T23:04:55.558835+00:00,91.8,200,ask,AverageAlmonds,WavyWalnuts,3108799
2026-07-01T23:04:56.745365,2026-07-01T23:04:56.785250+00:00,92.0,200,ask,YieldingYams,WavyWalnuts,3108823
2026-07-01T23:04:57.954816,2026-07-01T23:04:57.979629+00:00,92.0,200,ask,YieldingYams,WavyWalnuts,3108846
2026-07-01T23:04:59.015786,2026-07-01T23:04:59.023686+00:00,91.9,500,bid,AverageAlmonds,YieldingYams,3108861
2026-07-01T23:04:59.082560,2026-07-01T23:04:59.090779+00:00,91.8,20,ask,YieldingYams,BrilliantBurritos,3108865
2026-07-01T23:04:59.617491,2026-07-01T23:04:59.627138+00:00,91.9,125,bid,AverageAlmonds,YieldingYams,3108881
2026-07-01T23:04:59.617491,2026-07-01T23:04:59.627138+00:00,91.9,200,bid,AverageAlmonds,WavyWalnuts,3108882
2026-07-01T23:04:59.664316,2026-07-01T23:04:59.679791+00:00,92.1,5,bid,YieldingYams,Kelvin Chan,3108884
2026-07-01T23:05:00.377425,2026-07-01T23:05:00.391062+00:00,92.1,200,ask,YieldingYams,WavyWalnuts,3108897
2026-07-01T23:05:01.130066,2026-07-01T23:05:01.139482+00:00,92.1,20,ask,YieldingYams,BrilliantBurritos,3108916
2026-07-01T23:05:01.593587,2026-07-01T23:05:01.597893+00:00,92.1,200,ask,YieldingYams,WavyWalnuts,3108927
2026-07-01T23:05:02.802747,2026-07-01T23:05:02.823130+00:00,92.0,200,bid,WavyWalnuts,YieldingYams,3108972
2026-07-01T23:05:05.223878,2026-07-01T23:05:05.235145+00:00,92.0,200,ask,YieldingYams,WavyWalnuts,3109026
2026-07-01T23:05:07.518270,2026-07-01T23:05:07.558588+00:00,92.0,200,bid,YieldingYams,WavyWalnuts,3109065
2026-07-01T23:05:07.641053,2026-07-01T23:05:07.646250+00:00,92.0,200,ask,YieldingYams,WavyWalnuts,3109069
2026-07-01T23:05:08.832608,2026-07-01T23:05:08.858543+00:00,91.9,3,ask,Kelvin Chan,YieldingYams,3109087
2026-07-01T23:05:09.767561,2026-07-01T23:05:09.774205+00:00,91.8,20,ask,WavyWalnuts,BrilliantBurritos,3109113
2026-07-01T23:05:10.141269,2026-07-01T23:05:10.146731+00:00,91.8,6,ask,Kelvin Chan,YieldingYams,3109119
2026-07-01T23:05:10.141269,2026-07-01T23:05:10.146731+00:00,91.8,500,ask,AverageAlmonds,YieldingYams,3109120
2026-07-01T23:05:10.141269,2026-07-01T23:05:10.146731+00:00,91.7,119,ask,WavyWalnuts,YieldingYams,3109121
2026-07-01T23:05:12.772612,2026-07-01T23:05:12.827125+00:00,91.8,6,ask,Kelvin Chan,YieldingYams,3109179
2026-07-01T23:05:12.772612,2026-07-01T23:05:12.827125+00:00,91.8,200,ask,WavyWalnuts,YieldingYams,3109180
2026-07-01T23:05:14.450083,2026-07-01T23:05:14.458542+00:00,91.7,6,ask,Kelvin Chan,BrilliantBurritos,3109216
2026-07-01T23:05:14.450083,2026-07-01T23:05:14.458542+00:00,91.7,14,ask,WavyWalnuts,BrilliantBurritos,3109217
2026-07-01T23:05:14.902372,2026-07-01T23:05:14.922044+00:00,91.8,200,bid,WavyWalnuts,YieldingYams,3109220
2026-07-01T23:05:16.112616,2026-07-01T23:05:16.120310+00:00,91.7,5,ask,Kelvin Chan,WavyWalnuts,3109254
2026-07-01T23:05:16.112616,2026-07-01T23:05:16.125623+00:00,91.7,195,ask,YieldingYams,WavyWalnuts,3109255
2026-07-01T23:05:16.600470,2026-07-01T23:05:16.627954+00:00,91.8,150,ask,AverageAlmonds,Chester Au,3109264
2026-07-01T23:05:16.712451,2026-07-01T23:05:16.758625+00:00,91.8,350,ask,AverageAlmonds,YieldingYams,3109268
2026-07-01T23:05:16.712451,2026-07-01T23:05:16.758625+00:00,91.7,4,ask,Kelvin Chan,YieldingYams,3109269
2026-07-01T23:05:17.171704,2026-07-01T23:05:17.178331+00:00,91.7,271,bid,AverageAlmonds,YieldingYams,3109280
2026-07-01T23:05:17.198825,2026-07-01T23:05:17.202368+00:00,91.8,3,ask,AverageAlmonds,Xuanyu Liu,3109284
2026-07-01T23:05:17.201325,2026-07-01T23:05:17.228189+00:00,91.8,50,ask,AverageAlmonds,Chester Au,3109285
2026-07-01T23:05:19.738221,2026-07-01T23:05:19.745685+00:00,91.9,200,bid,WavyWalnuts,YieldingYams,3109336
2026-07-01T23:05:21.663719,2026-07-01T23:05:21.667251+00:00,92.0,3,bid,Xuanyu Liu,Kelvin Chan,3109370
2026-07-01T23:05:23.263647,2026-07-01T23:05:23.296342+00:00,92.1,200,bid,YieldingYams,WavyWalnuts,3109392
2026-07-01T23:05:23.263647,2026-07-01T23:05:23.296342+00:00,92.2,425,bid,YieldingYams,AverageAlmonds,3109393
2026-07-01T23:05:23.373630,2026-07-01T23:05:23.427185+00:00,91.7,3,ask,Kelvin Chan,BrilliantBurritos,3109396
2026-07-01T23:05:23.373630,2026-07-01T23:05:23.427185+00:00,91.7,17,ask,AverageAlmonds,BrilliantBurritos,3109397
2026-07-01T23:05:24.582029,2026-07-01T23:05:24.617110+00:00,92.1,200,ask,WavyWalnuts,YieldingYams,3109426
2026-07-01T23:05:28.768180,2026-07-01T23:05:28.780572+00:00,92.2,1,bid,BrilliantBurritos,Kelvin Chan,3109509
2026-07-01T23:05:28.768180,2026-07-01T23:05:28.780572+00:00,92.2,19,bid,BrilliantBurritos,WavyWalnuts,3109510
2026-07-01T23:05:29.419837,2026-07-01T23:05:29.429344+00:00,92.1,7,bid,WavyWalnuts,Kelvin Chan,3109523
2026-07-01T23:05:29.419837,2026-07-01T23:05:29.429344+00:00,92.2,193,bid,WavyWalnuts,YieldingYams,3109524
2026-07-01T23:05:29.818361,2026-07-01T23:05:29.829158+00:00,92.3,500,bid,YieldingYams,AverageAlmonds,3109536
2026-07-01T23:05:29.890692,2026-07-01T23:05:29.905715+00:00,92.3,125,ask,YieldingYams,AverageAlmonds,3109542
2026-07-01T23:05:31.138634,2026-07-01T23:05:31.174603+00:00,92.0,200,ask,WavyWalnuts,YieldingYams,3109561
2026-07-01T23:05:31.170523,2026-07-01T23:05:31.174603+00:00,91.9,3,bid,Xuanyu Liu,YieldingYams,3109567
2026-07-01T23:05:31.858927,2026-07-01T23:05:31.869326+00:00,91.9,200,bid,WavyWalnuts,YieldingYams,3109579
2026-07-01T23:05:33.072411,2026-07-01T23:05:33.083601+00:00,92.0,200,bid,WavyWalnuts,YieldingYams,3109595
2026-07-01T23:05:35.079927,2026-07-01T23:05:35.109141+00:00,92.1,200,bid,YieldingYams,WavyWalnuts,3109651
2026-07-01T23:05:37.323031,2026-07-01T23:05:37.338491+00:00,92.0,20,ask,YieldingYams,BrilliantBurritos,3109697
2026-07-01T23:05:37.917235,2026-07-01T23:05:37.925655+00:00,92.1,200,ask,YieldingYams,WavyWalnuts,3109715
2026-07-01T23:05:39.009319,2026-07-01T23:05:39.018100+00:00,92.2,1,bid,YieldingYams,Kelvin Chan,3109737
2026-07-01T23:05:39.009319,2026-07-01T23:05:39.018100+00:00,92.2,500,bid,YieldingYams,AverageAlmonds,3109738
2026-07-01T23:05:39.558558,2026-07-01T23:05:39.595933+00:00,92.2,124,ask,YieldingYams,AverageAlmonds,3109742
2026-07-01T23:05:40.325989,2026-07-01T23:05:40.350808+00:00,92.1,200,ask,WavyWalnuts,YieldingYams,3109752
2026-07-01T23:05:40.346447,2026-07-01T23:05:40.350808+00:00,92.0,11,bid,Xuanyu Liu,YieldingYams,3109756
2026-07-01T23:05:43.842959,2026-07-01T23:05:43.847208+00:00,92.0,11,ask,YieldingYams,Xuanyu Liu,3109844
2026-07-01T23:05:43.959557,2026-07-01T23:05:43.966070+00:00,92.0,200,ask,YieldingYams,WavyWalnuts,3109845
2026-07-01T23:05:44.254627,2026-07-01T23:05:44.248469+00:00,92.1,500,bid,YieldingYams,AverageAlmonds,3109857
2026-07-01T23:05:44.264948,2026-07-01T23:05:44.268732+00:00,92.1,3,ask,YieldingYams,Xuanyu Liu,3109859
2026-07-01T23:05:44.405760,2026-07-01T23:05:44.413031+00:00,92.1,122,ask,YieldingYams,AverageAlmonds,3109864
2026-07-01T23:05:46.384452,2026-07-01T23:05:46.395242+00:00,91.8,2,ask,Kelvin Chan,WavyWalnuts,3109909
2026-07-01T23:05:52.127007,2026-07-01T23:05:52.158657+00:00,91.8,200,ask,WavyWalnuts,YieldingYams,3110010
2026-07-01T23:05:54.793842,2026-07-01T23:05:54.799935+00:00,92.0,20,bid,BrilliantBurritos,WavyWalnuts,3110049
2026-07-01T23:05:57.427200,2026-07-01T23:05:57.458702+00:00,91.9,20,bid,BrilliantBurritos,WavyWalnuts,3110090
2026-07-01T23:05:59.654748,2026-07-01T23:05:59.668220+00:00,91.7,2,ask,Kelvin Chan,Chester Au,3110142
2026-07-01T23:05:59.654748,2026-07-01T23:05:59.668220+00:00,91.7,87,ask,YieldingYams,Chester Au,3110143
2026-07-01T23:05:59.664406,2026-07-01T23:05:59.668220+00:00,91.7,11,ask,YieldingYams,Xuanyu Liu,3110145
2026-07-01T23:05:59.980255,2026-07-01T23:06:00.011247+00:00,91.8,200,bid,YieldingYams,WavyWalnuts,3110155
2026-07-01T23:06:00.740333,2026-07-01T23:06:00.758545+00:00,92.0,20,bid,BrilliantBurritos,YieldingYams,3110176
2026-07-01T23:06:00.912276,2026-07-01T23:06:00.920329+00:00,91.8,200,ask,YieldingYams,WavyWalnuts,3110177
2026-07-01T23:06:01.330899,2026-07-01T23:06:01.334962+00:00,91.8,8,bid,Xuanyu Liu,YieldingYams,3110188
2026-07-01T23:06:02.119468,2026-07-01T23:06:02.121520+00:00,91.7,2,ask,Kelvin Chan,WavyWalnuts,3110214
2026-07-01T23:06:03.331406,2026-07-01T23:06:03.364399+00:00,91.6,200,ask,YieldingYams,WavyWalnuts,3110234
2026-07-01T23:06:04.539741,2026-07-01T23:06:04.551378+00:00,91.7,200,ask,YieldingYams,WavyWalnuts,3110257
2026-07-01T23:06:05.753701,2026-07-01T23:06:05.758557+00:00,91.7,20,bid,BrilliantBurritos,YieldingYams,3110288
2026-07-01T23:06:13.323983,2026-07-01T23:06:13.335782+00:00,91.6,1,ask,Kelvin Chan,BrilliantBurritos,3110445
2026-07-01T23:06:13.323983,2026-07-01T23:06:13.335782+00:00,91.6,19,ask,WavyWalnuts,BrilliantBurritos,3110446
2026-07-01T23:06:14.488795,2026-07-01T23:06:14.510565+00:00,91.6,6,ask,Kelvin Chan,BrilliantBurritos,3110465
2026-07-01T23:06:14.488795,2026-07-01T23:06:14.510565+00:00,91.6,14,ask,YieldingYams,BrilliantBurritos,3110466
2026-07-01T23:06:15.697067,2026-07-01T23:06:15.708162+00:00,91.7,200,bid,YieldingYams,WavyWalnuts,3110486
2026-07-01T23:06:16.627254,2026-07-01T23:06:16.658726+00:00,91.7,200,ask,YieldingYams,WavyWalnuts,3110502
2026-07-01T23:06:17.064460,2026-07-01T23:06:17.068569+00:00,91.7,3,bid,Xuanyu Liu,YieldingYams,3110518
2026-07-01T23:06:18.336560,2026-07-01T23:06:18.363855+00:00,91.6,5,ask,Kelvin Chan,YieldingYams,3110543
2026-07-01T23:06:18.336560,2026-07-01T23:06:18.363855+00:00,91.6,200,ask,WavyWalnuts,YieldingYams,3110544
2026-07-01T23:06:19.647852,2026-07-01T23:06:19.673803+00:00,91.5,4,ask,Kelvin Chan,YieldingYams,3110571
2026-07-01T23:06:19.647852,2026-07-01T23:06:19.673803+00:00,91.5,200,ask,WavyWalnuts,YieldingYams,3110572
2026-07-01T23:06:20.957072,2026-07-01T23:06:20.974143+00:00,91.4,200,bid,YieldingYams,WavyWalnuts,3110598
2026-07-01T23:06:21.764274,2026-07-01T23:06:21.775934+00:00,91.4,20,ask,YieldingYams,BrilliantBurritos,3110609
2026-07-01T23:06:23.868734,2026-07-01T23:06:23.893015+00:00,91.6,200,bid,WavyWalnuts,YieldingYams,3110654
2026-07-01T23:06:26.302315,2026-07-01T23:06:26.313436+00:00,91.7,8,bid,WavyWalnuts,Kelvin Chan,3110685
2026-07-01T23:06:26.302315,2026-07-01T23:06:26.313436+00:00,91.7,192,bid,WavyWalnuts,AverageAlmonds,3110686
2026-07-01T23:06:28.818964,2026-07-01T23:06:28.828350+00:00,91.6,200,ask,WavyWalnuts,YieldingYams,3110731
2026-07-01T23:06:29.768971,2026-07-01T23:06:29.772575+00:00,91.5,2,ask,Kelvin Chan,Xuanyu Liu,3110752
2026-07-01T23:06:29.929290,2026-07-01T23:06:29.939860+00:00,91.6,200,bid,WavyWalnuts,YieldingYams,3110758
2026-07-01T23:06:30.172767,2026-07-01T23:06:30.176689+00:00,91.7,24,ask,YieldingYams,Xuanyu Liu,3110762
2026-07-01T23:06:30.463707,2026-07-01T23:06:30.474949+00:00,91.7,20,ask,YieldingYams,BrilliantBurritos,3110768
2026-07-01T23:06:34.437836,2026-07-01T23:06:34.441826+00:00,91.6,11,ask,YieldingYams,Xuanyu Liu,3110838
2026-07-01T23:06:36.683669,2026-07-01T23:06:36.702549+00:00,91.7,200,bid,YieldingYams,WavyWalnuts,3110864
2026-07-01T23:06:38.014164,2026-07-01T23:06:38.032137+00:00,91.6,20,ask,WavyWalnuts,BrilliantBurritos,3110882
2026-07-01T23:06:39.176418,2026-07-01T23:06:39.180577+00:00,91.8,23,bid,Xuanyu Liu,YieldingYams,3110898
2026-07-01T23:06:40.379856,2026-07-01T23:06:40.395081+00:00,91.6,20,ask,YieldingYams,BrilliantBurritos,3110912
2026-07-01T23:06:40.626934,2026-07-01T23:06:40.630618+00:00,91.7,11,bid,Xuanyu Liu,YieldingYams,3110914
2026-07-01T23:06:41.952352,2026-07-01T23:06:41.979577+00:00,91.6,200,ask,WavyWalnuts,YieldingYams,3110937
2026-07-01T23:06:41.975802,2026-07-01T23:06:41.979577+00:00,91.6,3,bid,Xuanyu Liu,YieldingYams,3110939
2026-07-01T23:06:44.453437,2026-07-01T23:06:44.464343+00:00,91.5,200,ask,YieldingYams,WavyWalnuts,3110984
2026-07-01T23:06:46.868874,2026-07-01T23:06:46.890298+00:00,91.6,200,bid,WavyWalnuts,YieldingYams,3111030
2026-07-01T23:06:50.494026,2026-07-01T23:06:50.502270+00:00,91.7,200,bid,WavyWalnuts,YieldingYams,3111111
2026-07-01T23:06:52.914684,2026-07-01T23:06:52.916630+00:00,91.8,8,bid,WavyWalnuts,Kelvin Chan,3111154
2026-07-01T23:06:52.914684,2026-07-01T23:06:52.927399+00:00,91.8,192,bid,WavyWalnuts,YieldingYams,3111155
2026-07-01T23:06:55.052682,2026-07-01T23:06:55.068676+00:00,91.7,200,ask,WavyWalnuts,YieldingYams,3111201
2026-07-01T23:06:55.052682,2026-07-01T23:06:55.068676+00:00,91.5,1,ask,Kelvin Chan,YieldingYams,3111202
2026-07-01T23:06:55.331356,2026-07-01T23:06:55.358574+00:00,91.5,200,bid,WavyWalnuts,YieldingYams,3111215
2026-07-01T23:06:57.759757,2026-07-01T23:06:57.790800+00:00,91.6,200,ask,YieldingYams,WavyWalnuts,3111278
2026-07-01T23:06:58.994641,2026-07-01T23:06:59.003497+00:00,91.7,200,ask,WavyWalnuts,YieldingYams,3111302
2026-07-01T23:07:02.922545,2026-07-01T23:07:02.958574+00:00,91.6,200,bid,YieldingYams,WavyWalnuts,3111375
2026-07-01T23:07:08.196127,2026-07-01T23:07:08.203551+00:00,91.5,200,ask,WavyWalnuts,YieldingYams,3111462
2026-07-01T23:07:09.506848,2026-07-01T23:07:09.513794+00:00,91.5,200,bid,YieldingYams,WavyWalnuts,3111490
2026-07-01T23:07:11.069640,2026-07-01T23:07:11.089672+00:00,91.6,200,bid,WavyWalnuts,YieldingYams,3111521
2026-07-01T23:07:12.125528,2026-07-01T23:07:12.145233+00:00,91.7,200,bid,YieldingYams,WavyWalnuts,3111535
2026-07-01T23:07:12.141503,2026-07-01T23:07:12.145233+00:00,91.7,3,ask,YieldingYams,Xuanyu Liu,3111537
2026-07-01T23:07:12.279304,2026-07-01T23:07:12.286115+00:00,91.7,200,ask,YieldingYams,WavyWalnuts,3111538
2026-07-01T23:07:15.587632,2026-07-01T23:07:15.591623+00:00,91.6,11,ask,YieldingYams,Xuanyu Liu,3111592
2026-07-01T23:07:17.113934,2026-07-01T23:07:17.158723+00:00,91.6,200,ask,YieldingYams,WavyWalnuts,3111631
2026-07-01T23:07:17.139972,2026-07-01T23:07:17.158723+00:00,91.8,20,bid,BrilliantBurritos,YieldingYams,3111633
2026-07-01T23:07:18.674581,2026-07-01T23:07:18.675534+00:00,91.6,200,ask,WavyWalnuts,YieldingYams,3111661
2026-07-01T23:07:19.465300,2026-07-01T23:07:19.474991+00:00,91.4,4,ask,Kelvin Chan,BrilliantBurritos,3111675
2026-07-01T23:07:19.465300,2026-07-01T23:07:19.474991+00:00,91.4,16,ask,YieldingYams,BrilliantBurritos,3111676
2026-07-01T23:07:21.960474,2026-07-01T23:07:21.975035+00:00,91.7,200,bid,WavyWalnuts,YieldingYams,3111726
2026-07-01T23:07:24.387751,2026-07-01T23:07:24.423904+00:00,91.7,200,ask,YieldingYams,WavyWalnuts,3111775
2026-07-01T23:07:26.536164,2026-07-01T23:07:26.572027+00:00,91.8,4,bid,YieldingYams,Kelvin Chan,3111821
2026-07-01T23:07:26.536164,2026-07-01T23:07:26.572027+00:00,91.8,200,bid,YieldingYams,WavyWalnuts,3111822
2026-07-01T23:07:26.568085,2026-07-01T23:07:26.572027+00:00,91.8,12,ask,YieldingYams,Xuanyu Liu,3111825
2026-07-01T23:07:26.805891,2026-07-01T23:07:26.810320+00:00,91.8,200,ask,YieldingYams,WavyWalnuts,3111832
2026-07-01T23:07:27.948343,2026-07-01T23:07:27.958593+00:00,91.8,20,bid,BrilliantBurritos,YieldingYams,3111852
2026-07-01T23:07:28.013368,2026-07-01T23:07:28.020408+00:00,91.8,200,bid,WavyWalnuts,YieldingYams,3111856
2026-07-01T23:07:29.169615,2026-07-01T23:07:29.174884+00:00,91.8,4,bid,YieldingYams,Kelvin Chan,3111874
2026-07-01T23:07:29.226700,2026-07-01T23:07:29.258615+00:00,91.8,200,ask,YieldingYams,WavyWalnuts,3111876
2026-07-01T23:07:30.783786,2026-07-01T23:07:30.790533+00:00,91.7,20,ask,WavyWalnuts,BrilliantBurritos,3111914
2026-07-01T23:07:34.060112,2026-07-01T23:07:34.083856+00:00,91.8,5,bid,WavyWalnuts,Kelvin Chan,3111972
2026-07-01T23:07:34.080248,2026-07-01T23:07:34.083856+00:00,91.8,11,ask,WavyWalnuts,Xuanyu Liu,3111974
2026-07-01T23:07:34.409502,2026-07-01T23:07:34.417328+00:00,91.8,184,ask,WavyWalnuts,YieldingYams,3111977
2026-07-01T23:07:35.718547,2026-07-01T23:07:35.727457+00:00,91.8,200,bid,YieldingYams,WavyWalnuts,3111997
2026-07-01T23:07:40.045261,2026-07-01T23:07:40.063856+00:00,91.8,20,ask,WavyWalnuts,BrilliantBurritos,3112086
2026-07-01T23:07:41.318364,2026-07-01T23:07:41.326855+00:00,91.9,3,bid,WavyWalnuts,Kelvin Chan,3112109
2026-07-01T23:07:41.318364,2026-07-01T23:07:41.326855+00:00,91.9,197,bid,WavyWalnuts,YieldingYams,3112110
2026-07-01T23:07:42.533591,2026-07-01T23:07:42.558615+00:00,91.9,9,bid,WavyWalnuts,Kelvin Chan,3112137
2026-07-01T23:07:42.533591,2026-07-01T23:07:42.558615+00:00,92.0,191,bid,WavyWalnuts,YieldingYams,3112138
2026-07-01T23:07:43.587878,2026-07-01T23:07:43.594943+00:00,91.9,9,bid,YieldingYams,Kelvin Chan,3112154
2026-07-01T23:07:43.587878,2026-07-01T23:07:43.594943+00:00,92.0,500,bid,YieldingYams,AverageAlmonds,3112155
2026-07-01T23:07:43.671671,2026-07-01T23:07:43.717183+00:00,92.0,116,ask,YieldingYams,AverageAlmonds,3112156
2026-07-01T23:07:44.909366,2026-07-01T23:07:44.920381+00:00,91.8,200,ask,WavyWalnuts,YieldingYams,3112186
2026-07-01T23:07:44.927198,2026-07-01T23:07:44.931134+00:00,91.8,11,bid,Xuanyu Liu,YieldingYams,3112188
2026-07-01T23:07:44.956598,2026-07-01T23:07:44.989731+00:00,91.8,200,bid,WavyWalnuts,YieldingYams,3112189
2026-07-01T23:07:46.169700,2026-07-01T23:07:46.187404+00:00,91.8,200,bid,WavyWalnuts,YieldingYams,3112221
2026-07-01T23:07:46.219125,2026-07-01T23:07:46.246344+00:00,91.9,7,bid,YieldingYams,Kelvin Chan,3112223
2026-07-01T23:07:46.219125,2026-07-01T23:07:46.246344+00:00,91.9,500,bid,YieldingYams,AverageAlmonds,3112224
2026-07-01T23:07:46.219125,2026-07-01T23:07:46.246344+00:00,92.0,118,bid,YieldingYams,WavyWalnuts,3112225
2026-07-01T23:07:47.263830,2026-07-01T23:07:47.267325+00:00,91.7,2,ask,Kelvin Chan,Xuanyu Liu,3112252
2026-07-01T23:07:47.421943,2026-07-01T23:07:47.425929+00:00,91.8,21,ask,WavyWalnuts,Xuanyu Liu,3112259
2026-07-01T23:07:47.534744,2026-07-01T23:07:47.544234+00:00,91.9,500,bid,YieldingYams,AverageAlmonds,3112263
2026-07-01T23:07:47.550065,2026-07-01T23:07:47.553784+00:00,91.9,11,ask,YieldingYams,Xuanyu Liu,3112265
2026-07-01T23:07:47.918776,2026-07-01T23:07:47.964360+00:00,91.9,114,ask,YieldingYams,AverageAlmonds,3112270
2026-07-01T23:07:48.843370,2026-07-01T23:07:48.868534+00:00,91.7,200,ask,WavyWalnuts,YieldingYams,3112297
2026-07-01T23:07:48.864591,2026-07-01T23:07:48.868534+00:00,91.6,23,bid,Xuanyu Liu,YieldingYams,3112300
2026-07-01T23:07:49.801073,2026-07-01T23:07:49.808571+00:00,91.6,200,bid,WavyWalnuts,YieldingYams,3112318
2026-07-01T23:07:49.967963,2026-07-01T23:07:49.979455+00:00,91.6,20,bid,BrilliantBurritos,YieldingYams,3112327
2026-07-01T23:07:50.158467,2026-07-01T23:07:50.189754+00:00,91.8,200,bid,YieldingYams,WavyWalnuts,3112328
2026-07-01T23:07:50.197707,2026-07-01T23:07:50.202325+00:00,91.8,12,ask,YieldingYams,Xuanyu Liu,3112330
2026-07-01T23:07:52.758979,2026-07-01T23:07:52.775258+00:00,91.8,20,ask,YieldingYams,BrilliantBurritos,3112360
2026-07-01T23:07:55.644489,2026-07-01T23:07:55.658539+00:00,91.7,20,ask,WavyWalnuts,BrilliantBurritos,3112397
2026-07-01T23:07:55.853098,2026-07-01T23:07:55.889616+00:00,91.8,200,bid,WavyWalnuts,YieldingYams,3112401
2026-07-01T23:07:56.711424,2026-07-01T23:07:56.718134+00:00,91.7,20,ask,Kelvin Chan,YieldingYams,3112413
2026-07-01T23:07:56.729055,2026-07-01T23:07:56.733359+00:00,91.7,10,bid,Xuanyu Liu,YieldingYams,3112415
2026-07-01T23:07:57.063167,2026-07-01T23:07:57.082082+00:00,91.7,200,bid,WavyWalnuts,YieldingYams,3112419
2026-07-01T23:07:57.207951,2026-07-01T23:07:57.212158+00:00,91.7,2,bid,Xuanyu Liu,YieldingYams,3112422
2026-07-01T23:07:58.285109,2026-07-01T23:07:58.311135+00:00,91.8,200,ask,YieldingYams,WavyWalnuts,3112436
2026-07-01T23:07:59.493448,2026-07-01T23:07:59.516201+00:00,91.8,200,ask,YieldingYams,WavyWalnuts,3112460
2026-07-01T23:08:01.933367,2026-07-01T23:08:01.937158+00:00,91.8,11,bid,Xuanyu Liu,WavyWalnuts,3112505
2026-07-01T23:08:01.956308,2026-07-01T23:08:01.969386+00:00,91.8,189,bid,YieldingYams,WavyWalnuts,3112506
2026-07-01T23:08:04.327083,2026-07-01T23:08:04.333353+00:00,91.9,200,ask,YieldingYams,WavyWalnuts,3112546
2026-07-01T23:08:10.965666,2026-07-01T23:08:10.981009+00:00,91.9,12,bid,Xuanyu Liu,YieldingYams,3112693
2026-07-01T23:08:13.205256,2026-07-01T23:08:13.216373+00:00,92.0,1,bid,BrilliantBurritos,Kelvin Chan,3112741
2026-07-01T23:08:13.205256,2026-07-01T23:08:13.216373+00:00,92.0,19,bid,BrilliantBurritos,YieldingYams,3112742
2026-07-01T23:08:15.067871,2026-07-01T23:08:15.071198+00:00,92.0,1,bid,YieldingYams,Kelvin Chan,3112781
2026-07-01T23:08:15.067871,2026-07-01T23:08:15.071198+00:00,92.0,200,bid,YieldingYams,WavyWalnuts,3112782
2026-07-01T23:08:15.067871,2026-07-01T23:08:15.092774+00:00,92.0,424,bid,YieldingYams,AverageAlmonds,3112783
2026-07-01T23:08:15.669531,2026-07-01T23:08:15.672921+00:00,92.0,2,bid,Xuanyu Liu,Kelvin Chan,3112794
2026-07-01T23:08:16.064380,2026-07-01T23:08:16.067873+00:00,92.0,1,bid,Xuanyu Liu,Kelvin Chan,3112800
2026-07-01T23:08:16.152760,2026-07-01T23:08:16.157088+00:00,92.0,2,bid,Xuanyu Liu,Kelvin Chan,3112804
2026-07-01T23:08:17.442057,2026-07-01T23:08:17.445674+00:00,92.0,2,bid,Xuanyu Liu,Kelvin Chan,3112824
2026-07-01T23:08:17.612043,2026-07-01T23:08:17.615825+00:00,92.0,1,bid,Xuanyu Liu,Kelvin Chan,3112826
2026-07-01T23:08:21.143307,2026-07-01T23:08:21.174121+00:00,92.0,20,ask,YieldingYams,BrilliantBurritos,3112883
2026-07-01T23:08:21.217513,2026-07-01T23:08:21.224716+00:00,92.0,500,ask,YieldingYams,AverageAlmonds,3112888
2026-07-01T23:08:21.270148,2026-07-01T23:08:21.288982+00:00,92.0,105,ask,YieldingYams,WavyWalnuts,3112895
2026-07-01T23:08:21.285454,2026-07-01T23:08:21.288982+00:00,92.0,3,bid,Xuanyu Liu,WavyWalnuts,3112897
2026-07-01T23:08:24.275644,2026-07-01T23:08:24.302702+00:00,91.9,200,bid,YieldingYams,WavyWalnuts,3112960
2026-07-01T23:08:24.863237,2026-07-01T23:08:24.868755+00:00,91.9,425,ask,YieldingYams,AverageAlmonds,3112968
2026-07-01T23:08:24.899304,2026-07-01T23:08:24.928720+00:00,91.8,2,ask,Kelvin Chan,WavyWalnuts,3112969
2026-07-01T23:08:24.924429,2026-07-01T23:08:24.928720+00:00,91.7,1,bid,Xuanyu Liu,WavyWalnuts,3112971
2026-07-01T23:08:24.934229,2026-07-01T23:08:24.937938+00:00,91.7,2,bid,Xuanyu Liu,WavyWalnuts,3112973
2026-07-01T23:08:26.106701,2026-07-01T23:08:26.111148+00:00,91.6,200,bid,WavyWalnuts,YieldingYams,3113004
2026-07-01T23:08:27.314799,2026-07-01T23:08:27.322818+00:00,91.7,6,ask,Kelvin Chan,WavyWalnuts,3113026
2026-07-01T23:08:27.314799,2026-07-01T23:08:27.322818+00:00,91.6,194,ask,YieldingYams,WavyWalnuts,3113027
2026-07-01T23:08:27.886206,2026-07-01T23:08:27.896015+00:00,91.8,20,bid,BrilliantBurritos,YieldingYams,3113031
2026-07-01T23:08:28.523336,2026-07-01T23:08:28.540533+00:00,91.7,6,ask,Kelvin Chan,WavyWalnuts,3113047
2026-07-01T23:08:28.523336,2026-07-01T23:08:28.540533+00:00,91.7,194,ask,YieldingYams,WavyWalnuts,3113048
2026-07-01T23:08:29.518090,2026-07-01T23:08:29.524674+00:00,91.7,7,ask,Kelvin Chan,YieldingYams,3113060
2026-07-01T23:08:29.732732,2026-07-01T23:08:29.743046+00:00,91.6,6,ask,Kelvin Chan,WavyWalnuts,3113062
2026-07-01T23:08:29.732732,2026-07-01T23:08:29.743046+00:00,91.5,194,ask,YieldingYams,WavyWalnuts,3113063
2026-07-01T23:08:30.945900,2026-07-01T23:08:30.984454+00:00,91.7,200,ask,YieldingYams,WavyWalnuts,3113082
2026-07-01T23:08:33.441298,2026-07-01T23:08:33.448472+00:00,91.8,200,bid,YieldingYams,WavyWalnuts,3113116
2026-07-01T23:08:33.675439,2026-07-01T23:08:33.702078+00:00,91.9,2,bid,BrilliantBurritos,Kelvin Chan,3113118
2026-07-01T23:08:34.755860,2026-07-01T23:08:34.764080+00:00,91.8,200,ask,WavyWalnuts,YieldingYams,3113149
2026-07-01T23:08:35.779232,2026-07-01T23:08:35.806768+00:00,91.8,200,bid,WavyWalnuts,YieldingYams,3113179
2026-07-01T23:08:40.623198,2026-07-01T23:08:40.629110+00:00,91.9,1,bid,WavyWalnuts,Kelvin Chan,3113280
2026-07-01T23:08:40.623198,2026-07-01T23:08:40.629110+00:00,91.9,199,bid,WavyWalnuts,AverageAlmonds,3113281
2026-07-01T23:08:41.829093,2026-07-01T23:08:41.858940+00:00,91.8,20,ask,YieldingYams,BrilliantBurritos,3113309
2026-07-01T23:08:41.849407,2026-07-01T23:08:41.858940+00:00,91.8,200,ask,YieldingYams,WavyWalnuts,3113311
2026-07-01T23:08:43.953059,2026-07-01T23:08:43.975345+00:00,91.8,200,ask,WavyWalnuts,YieldingYams,3113361
2026-07-01T23:08:43.953059,2026-07-01T23:08:43.975345+00:00,91.6,6,ask,Kelvin Chan,YieldingYams,3113362
2026-07-01T23:08:43.971152,2026-07-01T23:08:43.975345+00:00,91.5,37,bid,Xuanyu Liu,YieldingYams,3113366
2026-07-01T23:08:43.974478,2026-07-01T23:08:43.981861+00:00,91.5,200,bid,Chester Au,YieldingYams,3113367
2026-07-01T23:08:44.325237,2026-07-01T23:08:44.344163+00:00,91.5,182,bid,WavyWalnuts,YieldingYams,3113375
2026-07-01T23:08:44.338435,2026-07-01T23:08:44.344163+00:00,91.7,18,ask,WavyWalnuts,Xuanyu Liu,3113377
2026-07-01T23:08:44.338435,2026-07-01T23:08:44.344163+00:00,91.3,16,ask,YieldingYams,Xuanyu Liu,3113378
2026-07-01T23:08:45.274343,2026-07-01T23:08:45.278022+00:00,91.7,6,ask,YieldingYams,Xuanyu Liu,3113396
2026-07-01T23:08:45.277180,2026-07-01T23:08:45.294138+00:00,91.7,98,ask,YieldingYams,Chester Au,3113397
2026-07-01T23:08:45.542908,2026-07-01T23:08:45.563679+00:00,91.7,200,ask,YieldingYams,WavyWalnuts,3113400
2026-07-01T23:08:45.859645,2026-07-01T23:08:45.864762+00:00,91.9,3,bid,Xuanyu Liu,YieldingYams,3113402
2026-07-01T23:08:47.888990,2026-07-01T23:08:47.900565+00:00,91.6,3,ask,Kelvin Chan,YieldingYams,3113449
2026-07-01T23:08:47.888990,2026-07-01T23:08:47.916550+00:00,91.6,200,ask,WavyWalnuts,YieldingYams,3113450
2026-07-01T23:08:47.912473,2026-07-01T23:08:47.916550+00:00,91.6,3,bid,Xuanyu Liu,YieldingYams,3113452
2026-07-01T23:08:49.951819,2026-07-01T23:08:49.958541+00:00,91.5,3,ask,Kelvin Chan,BrilliantBurritos,3113497
2026-07-01T23:08:49.951819,2026-07-01T23:08:49.958541+00:00,91.5,17,ask,WavyWalnuts,BrilliantBurritos,3113498
2026-07-01T23:08:50.381581,2026-07-01T23:08:50.423422+00:00,91.6,2,ask,Kelvin Chan,WavyWalnuts,3113509
2026-07-01T23:08:50.381581,2026-07-01T23:08:50.423422+00:00,91.5,198,ask,YieldingYams,WavyWalnuts,3113510
2026-07-01T23:08:53.127216,2026-07-01T23:08:53.148477+00:00,91.6,200,bid,YieldingYams,WavyWalnuts,3113551
2026-07-01T23:08:55.268075,2026-07-01T23:08:55.279526+00:00,91.7,98,bid,Chester Au,YieldingYams,3113616
2026-07-01T23:08:55.275575,2026-07-01T23:08:55.279526+00:00,91.7,2,bid,Xuanyu Liu,YieldingYams,3113618
2026-07-01T23:08:55.776838,2026-07-01T23:08:55.780662+00:00,91.6,9,bid,Xuanyu Liu,YieldingYams,3113627
2026-07-01T23:08:57.057238,2026-07-01T23:08:57.068982+00:00,91.6,200,bid,YieldingYams,WavyWalnuts,3113660
2026-07-01T23:08:57.644808,2026-07-01T23:08:57.654544+00:00,91.7,200,ask,YieldingYams,WavyWalnuts,3113666
2026-07-01T23:08:58.516621,2026-07-01T23:08:58.520078+00:00,91.6,12,bid,Xuanyu Liu,YieldingYams,3113678
2026-07-01T23:08:58.851995,2026-07-01T23:08:58.858601+00:00,91.6,200,bid,WavyWalnuts,YieldingYams,3113687
2026-07-01T23:09:00.982839,2026-07-01T23:09:00.990958+00:00,91.7,200,bid,YieldingYams,WavyWalnuts,3113728
2026-07-01T23:09:03.605746,2026-07-01T23:09:03.615474+00:00,91.7,200,ask,WavyWalnuts,YieldingYams,3113776
2026-07-01T23:09:04.829859,2026-07-01T23:09:04.834755+00:00,91.6,20,ask,WavyWalnuts,BrilliantBurritos,3113802
2026-07-01T23:09:07.548442,2026-07-01T23:09:07.579039+00:00,91.7,200,ask,WavyWalnuts,YieldingYams,3113857
2026-07-01T23:09:07.548442,2026-07-01T23:09:07.579039+00:00,91.6,425,ask,AverageAlmonds,YieldingYams,3113858
2026-07-01T23:09:10.168518,2026-07-01T23:09:10.178000+00:00,91.7,500,ask,AverageAlmonds,YieldingYams,3113923
2026-07-01T23:09:12.192666,2026-07-01T23:09:12.232636+00:00,91.6,200,ask,YieldingYams,WavyWalnuts,3113956
2026-07-01T23:09:15.832711,2026-07-01T23:09:15.864091+00:00,91.7,200,bid,WavyWalnuts,YieldingYams,3114027
2026-07-01T23:09:18.024249,2026-07-01T23:09:18.058585+00:00,91.7,200,ask,WavyWalnuts,YieldingYams,3114072
2026-07-01T23:09:18.024249,2026-07-01T23:09:18.058585+00:00,91.7,425,ask,AverageAlmonds,YieldingYams,3114073
2026-07-01T23:09:18.257757,2026-07-01T23:09:18.280229+00:00,91.7,200,ask,AverageAlmonds,WavyWalnuts,3114084
2026-07-01T23:09:19.492589,2026-07-01T23:09:19.535467+00:00,91.7,200,ask,AverageAlmonds,WavyWalnuts,3114102
2026-07-01T23:09:21.916350,2026-07-01T23:09:21.953199+00:00,91.8,2,bid,WavyWalnuts,Kelvin Chan,3114156
2026-07-01T23:09:21.916350,2026-07-01T23:09:21.953199+00:00,91.8,198,bid,WavyWalnuts,YieldingYams,3114157
2026-07-01T23:09:22.007174,2026-07-01T23:09:22.012102+00:00,91.9,12,ask,YieldingYams,Xuanyu Liu,3114161
2026-07-01T23:09:22.018607,2026-07-01T23:09:22.022694+00:00,92.0,20,bid,BrilliantBurritos,WavyWalnuts,3114162
2026-07-01T23:09:23.138819,2026-07-01T23:09:23.152535+00:00,91.9,200,ask,YieldingYams,WavyWalnuts,3114194
2026-07-01T23:09:25.327923,2026-07-01T23:09:25.331831+00:00,91.6,11,ask,WavyWalnuts,Xuanyu Liu,3114236
2026-07-01T23:09:25.903734,2026-07-01T23:09:25.914455+00:00,91.6,500,ask,AverageAlmonds,YieldingYams,3114242
2026-07-01T23:09:25.903734,2026-07-01T23:09:25.914455+00:00,91.6,125,ask,WavyWalnuts,YieldingYams,3114243
2026-07-01T23:09:27.047060,2026-07-01T23:09:27.064047+00:00,91.6,20,ask,WavyWalnuts,BrilliantBurritos,3114268
2026-07-01T23:09:33.765869,2026-07-01T23:09:33.772019+00:00,91.8,200,bid,WavyWalnuts,YieldingYams,3114400
2026-07-01T23:09:34.016193,2026-07-01T23:09:34.024711+00:00,91.8,200,ask,YieldingYams,WavyWalnuts,3114406
2026-07-01T23:09:35.117255,2026-07-01T23:09:35.128896+00:00,91.6,20,ask,WavyWalnuts,BrilliantBurritos,3114420
2026-07-01T23:09:35.222024,2026-07-01T23:09:35.226404+00:00,91.8,200,bid,YieldingYams,WavyWalnuts,3114422
2026-07-01T23:09:40.073288,2026-07-01T23:09:40.080054+00:00,91.8,200,ask,YieldingYams,WavyWalnuts,3114535
2026-07-01T23:09:44.916280,2026-07-01T23:09:44.943215+00:00,91.7,200,bid,WavyWalnuts,YieldingYams,3114602
2026-07-01T23:09:49.713889,2026-07-01T23:09:49.736009+00:00,91.7,20,ask,YieldingYams,BrilliantBurritos,3114702
2026-07-01T23:09:50.830411,2026-07-01T23:09:50.837366+00:00,91.7,200,ask,WavyWalnuts,YieldingYams,3114720
2026-07-01T23:09:50.881897,2026-07-01T23:09:50.893651+00:00,91.5,2,ask,Kelvin Chan,BrilliantBurritos,3114721
2026-07-01T23:09:50.881897,2026-07-01T23:09:50.893651+00:00,91.5,18,ask,YieldingYams,BrilliantBurritos,3114722
2026-07-01T23:09:52.139158,2026-07-01T23:09:52.163331+00:00,91.6,3,ask,Kelvin Chan,YieldingYams,3114747
2026-07-01T23:09:52.159765,2026-07-01T23:09:52.163331+00:00,91.6,1,bid,Xuanyu Liu,YieldingYams,3114750
2026-07-01T23:09:53.341595,2026-07-01T23:09:53.337804+00:00,91.5,20,ask,YieldingYams,BrilliantBurritos,3114781
2026-07-01T23:09:53.804253,2026-07-01T23:09:53.808053+00:00,91.5,1,ask,Kelvin Chan,Xuanyu Liu,3114792
2026-07-01T23:09:54.596058,2026-07-01T23:09:54.617096+00:00,91.6,200,bid,WavyWalnuts,YieldingYams,3114810
2026-07-01T23:09:54.767989,2026-07-01T23:09:54.771843+00:00,91.6,3,ask,YieldingYams,Xuanyu Liu,3114821
2026-07-01T23:09:55.904683,2026-07-01T23:09:55.916353+00:00,91.8,20,bid,BrilliantBurritos,YieldingYams,3114840
2026-07-01T23:09:56.065542,2026-07-01T23:09:56.073944+00:00,91.6,200,ask,WavyWalnuts,YieldingYams,3114846
2026-07-01T23:09:57.012437,2026-07-01T23:09:57.023577+00:00,91.6,200,bid,WavyWalnuts,YieldingYams,3114877
2026-07-01T23:10:03.068645,2026-07-01T23:10:03.074276+00:00,91.6,200,ask,YieldingYams,WavyWalnuts,3114992
2026-07-01T23:10:03.931010,2026-07-01T23:10:03.958993+00:00,91.7,500,bid,YieldingYams,AverageAlmonds,3115014
2026-07-01T23:10:04.119113,2026-07-01T23:10:04.158605+00:00,91.7,125,ask,YieldingYams,AverageAlmonds,3115017
2026-07-01T23:10:04.277964,2026-07-01T23:10:04.306273+00:00,91.5,1,ask,Kelvin Chan,BrilliantBurritos,3115021
2026-07-01T23:10:06.615859,2026-07-01T23:10:06.658723+00:00,91.5,4,ask,Kelvin Chan,BrilliantBurritos,3115063
2026-07-01T23:10:06.615859,2026-07-01T23:10:06.658723+00:00,91.5,16,ask,YieldingYams,BrilliantBurritos,3115064
2026-07-01T23:10:09.124876,2026-07-01T23:10:09.158938+00:00,91.5,8,ask,Kelvin Chan,WavyWalnuts,3115133
2026-07-01T23:10:09.124876,2026-07-01T23:10:09.158938+00:00,91.4,192,ask,YieldingYams,WavyWalnuts,3115134
2026-07-01T23:10:11.286189,2026-07-01T23:10:11.308025+00:00,91.4,2,ask,Kelvin Chan,Chester Au,3115186
2026-07-01T23:10:11.286189,2026-07-01T23:10:11.308025+00:00,91.4,98,ask,YieldingYams,Chester Au,3115187
2026-07-01T23:10:12.753456,2026-07-01T23:10:12.779503+00:00,91.5,200,bid,WavyWalnuts,YieldingYams,3115212
2026-07-01T23:10:14.487039,2026-07-01T23:10:14.496081+00:00,91.6,100,ask,YieldingYams,Chester Au,3115249
2026-07-01T23:10:17.084796,2026-07-01T23:10:17.117594+00:00,91.7,3,bid,YieldingYams,Kelvin Chan,3115298
2026-07-01T23:10:17.084796,2026-07-01T23:10:17.117594+00:00,91.7,200,bid,YieldingYams,WavyWalnuts,3115299
2026-07-01T23:10:17.084796,2026-07-01T23:10:17.117594+00:00,91.7,422,bid,YieldingYams,AverageAlmonds,3115300
2026-07-01T23:10:18.400049,2026-07-01T23:10:18.425453+00:00,91.6,200,ask,WavyWalnuts,YieldingYams,3115322
2026-07-01T23:10:18.796427,2026-07-01T23:10:18.812777+00:00,91.6,200,bid,WavyWalnuts,YieldingYams,3115327
2026-07-01T23:10:19.897957,2026-07-01T23:10:19.963827+00:00,91.6,20,bid,BrilliantBurritos,YieldingYams,3115350
2026-07-01T23:10:20.014174,2026-07-01T23:10:20.017898+00:00,91.5,3,ask,WavyWalnuts,Xuanyu Liu,3115357
2026-07-01T23:10:21.023053,2026-07-01T23:10:21.058543+00:00,91.6,500,bid,YieldingYams,AverageAlmonds,3115385
2026-07-01T23:10:21.064880,2026-07-01T23:10:21.069206+00:00,91.6,11,ask,YieldingYams,Xuanyu Liu,3115387
2026-07-01T23:10:21.081508,2026-07-01T23:10:21.089926+00:00,91.6,114,ask,YieldingYams,AverageAlmonds,3115388
2026-07-01T23:10:21.213214,2026-07-01T23:10:21.225591+00:00,91.6,200,bid,WavyWalnuts,AverageAlmonds,3115391
2026-07-01T23:10:22.335217,2026-07-01T23:10:22.341931+00:00,91.4,2,ask,Kelvin Chan,YieldingYams,3115404
2026-07-01T23:10:22.427141,2026-07-01T23:10:22.458702+00:00,91.3,200,bid,WavyWalnuts,YieldingYams,3115410
2026-07-01T23:10:23.099464,2026-07-01T23:10:23.111084+00:00,91.3,20,bid,BrilliantBurritos,YieldingYams,3115418
2026-07-01T23:10:23.634706,2026-07-01T23:10:23.665155+00:00,91.3,200,bid,WavyWalnuts,YieldingYams,3115430
2026-07-01T23:10:24.842449,2026-07-01T23:10:24.858642+00:00,91.5,200,bid,WavyWalnuts,YieldingYams,3115445
2026-07-01T23:10:26.766458,2026-07-01T23:10:26.772975+00:00,91.4,20,ask,WavyWalnuts,BrilliantBurritos,3115468
2026-07-01T23:10:28.885504,2026-07-01T23:10:28.905033+00:00,91.5,200,ask,WavyWalnuts,YieldingYams,3115505
2026-07-01T23:10:28.901095,2026-07-01T23:10:28.905033+00:00,91.5,11,bid,Xuanyu Liu,YieldingYams,3115507
2026-07-01T23:10:31.396204,2026-07-01T23:10:31.410938+00:00,91.5,200,ask,WavyWalnuts,AverageAlmonds,3115557
2026-07-01T23:10:31.396204,2026-07-01T23:10:31.410938+00:00,91.4,300,ask,YieldingYams,AverageAlmonds,3115558
2026-07-01T23:10:31.528564,2026-07-01T23:10:31.533264+00:00,91.4,3,bid,Xuanyu Liu,YieldingYams,3115566
2026-07-01T23:10:32.107133,2026-07-01T23:10:32.136827+00:00,91.4,200,bid,WavyWalnuts,YieldingYams,3115577
2026-07-01T23:10:33.381750,2026-07-01T23:10:33.393308+00:00,91.4,20,bid,BrilliantBurritos,YieldingYams,3115594
2026-07-01T23:10:34.540358,2026-07-01T23:10:34.564374+00:00,91.3,1,ask,Kelvin Chan,WavyWalnuts,3115625
2026-07-01T23:10:38.077165,2026-07-01T23:10:38.084865+00:00,91.3,200,bid,YieldingYams,WavyWalnuts,3115691
2026-07-01T23:10:39.393484,2026-07-01T23:10:39.394638+00:00,91.4,200,ask,WavyWalnuts,YieldingYams,3115725
2026-07-01T23:10:43.016943,2026-07-01T23:10:43.027195+00:00,91.3,200,bid,WavyWalnuts,YieldingYams,3115793
2026-07-01T23:10:44.227714,2026-07-01T23:10:44.250818+00:00,91.4,200,bid,WavyWalnuts,YieldingYams,3115816
2026-07-01T23:10:45.953772,2026-07-01T23:10:45.974491+00:00,91.4,200,bid,YieldingYams,WavyWalnuts,3115855
2026-07-01T23:10:45.953772,2026-07-01T23:10:45.974491+00:00,91.5,3,bid,YieldingYams,Kelvin Chan,3115856
2026-07-01T23:10:46.649248,2026-07-01T23:10:46.658537+00:00,91.5,200,ask,YieldingYams,WavyWalnuts,3115870
2026-07-01T23:10:49.144250,2026-07-01T23:10:49.158717+00:00,91.5,20,ask,YieldingYams,BrilliantBurritos,3115917
2026-07-01T23:10:52.430468,2026-07-01T23:10:52.434206+00:00,91.4,3,ask,YieldingYams,Xuanyu Liu,3115978
2026-07-01T23:10:52.503045,2026-07-01T23:10:52.515914+00:00,91.6,7,bid,YieldingYams,Kelvin Chan,3115980
2026-07-01T23:10:52.503045,2026-07-01T23:10:52.532569+00:00,91.6,200,bid,YieldingYams,WavyWalnuts,3115981
2026-07-01T23:10:52.528829,2026-07-01T23:10:52.532569+00:00,91.6,23,ask,YieldingYams,Xuanyu Liu,3115983
2026-07-01T23:10:52.700448,2026-07-01T23:10:52.710066+00:00,91.6,200,ask,YieldingYams,WavyWalnuts,3115990
2026-07-01T23:10:56.342881,2026-07-01T23:10:56.358866+00:00,91.5,200,bid,WavyWalnuts,YieldingYams,3116068
2026-07-01T23:11:00.203387,2026-07-01T23:11:00.217421+00:00,91.4,12,bid,Xuanyu Liu,YieldingYams,3116156
2026-07-01T23:11:00.353702,2026-07-01T23:11:00.370731+00:00,91.3,20,ask,WavyWalnuts,BrilliantBurritos,3116159
2026-07-01T23:11:00.376335,2026-07-01T23:11:00.408065+00:00,91.3,180,ask,WavyWalnuts,YieldingYams,3116160
2026-07-01T23:11:00.403470,2026-07-01T23:11:00.408065+00:00,91.3,11,bid,Xuanyu Liu,YieldingYams,3116163
2026-07-01T23:11:01.187897,2026-07-01T23:11:01.194443+00:00,91.3,200,bid,WavyWalnuts,YieldingYams,3116176
2026-07-01T23:11:03.665089,2026-07-01T23:11:03.669112+00:00,91.3,3,bid,Xuanyu Liu,WavyWalnuts,3116230
2026-07-01T23:11:04.323981,2026-07-01T23:11:04.358813+00:00,91.3,197,bid,YieldingYams,WavyWalnuts,3116261
2026-07-01T23:11:04.831207,2026-07-01T23:11:04.832915+00:00,91.3,200,ask,YieldingYams,WavyWalnuts,3116269
2026-07-01T23:11:05.650168,2026-07-01T23:11:05.664024+00:00,91.3,20,bid,BrilliantBurritos,YieldingYams,3116289
2026-07-01T23:11:06.038034,2026-07-01T23:11:06.064168+00:00,91.3,200,bid,WavyWalnuts,YieldingYams,3116298
2026-07-01T23:11:08.772345,2026-07-01T23:11:08.783959+00:00,91.4,20,bid,BrilliantBurritos,WavyWalnuts,3116361
2026-07-01T23:11:09.563789,2026-07-01T23:11:09.590161+00:00,91.4,180,bid,YieldingYams,WavyWalnuts,3116382
2026-07-01T23:11:11.387265,2026-07-01T23:11:11.413327+00:00,91.4,20,ask,WavyWalnuts,BrilliantBurritos,3116417
2026-07-01T23:11:13.294005,2026-07-01T23:11:13.318067+00:00,91.4,200,ask,AverageAlmonds,WavyWalnuts,3116445
2026-07-01T23:11:13.495871,2026-07-01T23:11:13.533999+00:00,91.4,300,ask,AverageAlmonds,YieldingYams,3116452
2026-07-01T23:11:13.530059,2026-07-01T23:11:13.533999+00:00,91.3,3,bid,Xuanyu Liu,YieldingYams,3116455
2026-07-01T23:11:13.765576,2026-07-01T23:11:13.774262+00:00,91.3,322,bid,AverageAlmonds,YieldingYams,3116459
2026-07-01T23:11:14.801332,2026-07-01T23:11:14.811581+00:00,91.4,200,bid,YieldingYams,WavyWalnuts,3116475
2026-07-01T23:11:15.711245,2026-07-01T23:11:15.726513+00:00,91.5,2,bid,WavyWalnuts,Kelvin Chan,3116483
2026-07-01T23:11:15.722698,2026-07-01T23:11:15.726513+00:00,91.5,3,ask,WavyWalnuts,Xuanyu Liu,3116485
2026-07-01T23:11:16.030726,2026-07-01T23:11:16.034615+00:00,91.6,3,bid,Xuanyu Liu,YieldingYams,3116496
2026-07-01T23:11:16.120197,2026-07-01T23:11:16.132650+00:00,91.5,195,ask,WavyWalnuts,YieldingYams,3116499
2026-07-01T23:11:16.141217,2026-07-01T23:11:16.148396+00:00,91.4,135,bid,Chester Au,YieldingYams,3116501
2026-07-01T23:11:16.205325,2026-07-01T23:11:16.258607+00:00,91.4,20,bid,BrilliantBurritos,YieldingYams,3116503
2026-07-01T23:11:17.427616,2026-07-01T23:11:17.463650+00:00,91.4,200,bid,YieldingYams,WavyWalnuts,3116525
2026-07-01T23:11:18.144184,2026-07-01T23:11:18.163992+00:00,91.4,200,ask,YieldingYams,WavyWalnuts,3116543
2026-07-01T23:11:21.769464,2026-07-01T23:11:21.811375+00:00,91.4,200,bid,WavyWalnuts,YieldingYams,3116628
2026-07-01T23:11:22.028950,2026-07-01T23:11:22.050714+00:00,91.4,20,bid,BrilliantBurritos,YieldingYams,3116632
2026-07-01T23:11:22.692969,2026-07-01T23:11:22.696897+00:00,91.5,3,ask,YieldingYams,Xuanyu Liu,3116647
2026-07-01T23:11:22.984517,2026-07-01T23:11:22.995762+00:00,91.5,200,ask,YieldingYams,WavyWalnuts,3116652
2026-07-01T23:11:24.196244,2026-07-01T23:11:24.203484+00:00,91.5,200,ask,YieldingYams,WavyWalnuts,3116678
2026-07-01T23:11:24.753552,2026-07-01T23:11:24.758560+00:00,91.5,20,ask,YieldingYams,BrilliantBurritos,3116687
2026-07-01T23:11:25.427401,2026-07-01T23:11:25.444776+00:00,91.5,200,bid,WavyWalnuts,YieldingYams,3116699
2026-07-01T23:11:29.065218,2026-07-01T23:11:29.085231+00:00,91.5,200,ask,YieldingYams,WavyWalnuts,3116771
2026-07-01T23:11:30.796750,2026-07-01T23:11:30.802907+00:00,91.5,20,ask,AverageAlmonds,BrilliantBurritos,3116812
2026-07-01T23:11:31.860424,2026-07-01T23:11:31.867106+00:00,91.6,2,bid,YieldingYams,Kelvin Chan,3116824
2026-07-01T23:11:31.860424,2026-07-01T23:11:31.872111+00:00,91.6,200,bid,YieldingYams,WavyWalnuts,3116825
2026-07-01T23:11:31.881975,2026-07-01T23:11:31.885859+00:00,91.6,14,ask,YieldingYams,Xuanyu Liu,3116829
2026-07-01T23:11:31.886211,2026-07-01T23:11:31.911409+00:00,91.6,135,ask,YieldingYams,Chester Au,3116830
2026-07-01T23:11:33.182877,2026-07-01T23:11:33.211124+00:00,91.6,500,ask,AverageAlmonds,YieldingYams,3116859
2026-07-01T23:11:33.182877,2026-07-01T23:11:33.211124+00:00,91.5,125,ask,WavyWalnuts,YieldingYams,3116860
2026-07-01T23:11:34.489495,2026-07-01T23:11:34.500295+00:00,91.7,4,bid,YieldingYams,Kelvin Chan,3116878
2026-07-01T23:11:34.489495,2026-07-01T23:11:34.500295+00:00,91.7,200,bid,YieldingYams,WavyWalnuts,3116879
2026-07-01T23:11:35.465708,2026-07-01T23:11:35.487279+00:00,91.8,20,ask,WavyWalnuts,BrilliantBurritos,3116897
2026-07-01T23:11:36.700430,2026-07-01T23:11:36.704558+00:00,91.9,11,bid,Xuanyu Liu,YieldingYams,3116930
2026-07-01T23:11:37.113435,2026-07-01T23:11:37.139895+00:00,91.8,200,ask,WavyWalnuts,YieldingYams,3116940
2026-07-01T23:11:37.136158,2026-07-01T23:11:37.139895+00:00,91.7,3,bid,Xuanyu Liu,YieldingYams,3116943
2026-07-01T23:11:37.534517,2026-07-01T23:11:37.546129+00:00,91.7,200,bid,WavyWalnuts,YieldingYams,3116960
2026-07-01T23:11:38.421057,2026-07-01T23:11:38.446107+00:00,91.7,1,bid,YieldingYams,Kelvin Chan,3116972
2026-07-01T23:11:38.442237,2026-07-01T23:11:38.446107+00:00,91.8,3,ask,YieldingYams,Xuanyu Liu,3116976
2026-07-01T23:11:38.749624,2026-07-01T23:11:38.746271+00:00,91.8,200,ask,YieldingYams,WavyWalnuts,3116981
2026-07-01T23:11:41.166636,2026-07-01T23:11:41.189556+00:00,91.8,200,bid,WavyWalnuts,YieldingYams,3117023
2026-07-01T23:11:43.656490,2026-07-01T23:11:43.664034+00:00,91.9,1,bid,YieldingYams,Kelvin Chan,3117051
2026-07-01T23:11:43.656490,2026-07-01T23:11:43.674476+00:00,91.9,200,bid,YieldingYams,WavyWalnuts,3117052
2026-07-01T23:11:43.656490,2026-07-01T23:11:43.674476+00:00,92.0,424,bid,YieldingYams,AverageAlmonds,3117053
2026-07-01T23:11:44.792351,2026-07-01T23:11:44.831003+00:00,91.9,2,bid,WavyWalnuts,Kelvin Chan,3117076
2026-07-01T23:11:44.792351,2026-07-01T23:11:44.831003+00:00,92.0,198,bid,WavyWalnuts,AverageAlmonds,3117077
2026-07-01T23:11:46.004079,2026-07-01T23:11:46.020829+00:00,91.8,200,bid,WavyWalnuts,YieldingYams,3117110
2026-07-01T23:11:47.213267,2026-07-01T23:11:47.220322+00:00,91.9,200,bid,WavyWalnuts,AverageAlmonds,3117137
2026-07-01T23:11:47.588961,2026-07-01T23:11:47.596771+00:00,91.9,300,bid,YieldingYams,AverageAlmonds,3117144
2026-07-01T23:11:47.655120,2026-07-01T23:11:47.664465+00:00,91.9,325,ask,YieldingYams,AverageAlmonds,3117145
2026-07-01T23:11:48.464836,2026-07-01T23:11:48.469035+00:00,91.6,11,ask,WavyWalnuts,Xuanyu Liu,3117171
2026-07-01T23:11:48.879605,2026-07-01T23:11:48.891013+00:00,91.8,1,bid,BrilliantBurritos,Kelvin Chan,3117179
2026-07-01T23:11:48.879605,2026-07-01T23:11:48.901278+00:00,91.8,19,bid,BrilliantBurritos,WavyWalnuts,3117180
2026-07-01T23:11:49.667302,2026-07-01T23:11:49.672331+00:00,91.7,12,ask,WavyWalnuts,Xuanyu Liu,3117197
2026-07-01T23:11:49.757455,2026-07-01T23:11:49.763677+00:00,91.8,20,bid,BrilliantBurritos,YieldingYams,3117201
2026-07-01T23:11:51.312371,2026-07-01T23:11:51.322143+00:00,91.7,500,ask,YieldingYams,AverageAlmonds,3117241
2026-07-01T23:11:53.279354,2026-07-01T23:11:53.295093+00:00,91.7,200,bid,WavyWalnuts,AverageAlmonds,3117292
2026-07-01T23:11:54.139725,2026-07-01T23:11:54.158668+00:00,91.7,500,bid,YieldingYams,AverageAlmonds,3117311
2026-07-01T23:11:54.318703,2026-07-01T23:11:54.342157+00:00,91.7,125,ask,YieldingYams,AverageAlmonds,3117314
2026-07-01T23:11:54.490055,2026-07-01T23:11:54.527173+00:00,91.6,200,bid,WavyWalnuts,AverageAlmonds,3117317
2026-07-01T23:11:55.702346,2026-07-01T23:11:55.710372+00:00,91.6,200,bid,WavyWalnuts,YieldingYams,3117352
2026-07-01T23:11:56.783025,2026-07-01T23:11:56.817229+00:00,91.5,500,bid,YieldingYams,AverageAlmonds,3117377
2026-07-01T23:11:56.913489,2026-07-01T23:11:56.922603+00:00,91.7,200,bid,WavyWalnuts,YieldingYams,3117380
2026-07-01T23:11:57.981900,2026-07-01T23:11:57.990515+00:00,91.5,125,ask,YieldingYams,AverageAlmonds,3117398
2026-07-01T23:11:58.126750,2026-07-01T23:11:58.134401+00:00,91.5,200,bid,WavyWalnuts,AverageAlmonds,3117402
2026-07-01T23:11:59.338474,2026-07-01T23:11:59.358657+00:00,91.5,200,bid,WavyWalnuts,AverageAlmonds,3117421
2026-07-01T23:11:59.402763,2026-07-01T23:11:59.409435+00:00,91.5,300,bid,YieldingYams,AverageAlmonds,3117422
2026-07-01T23:11:59.776936,2026-07-01T23:11:59.783859+00:00,91.5,325,ask,YieldingYams,AverageAlmonds,3117423
2026-07-01T23:12:00.390680,2026-07-01T23:12:00.441210+00:00,91.4,1,ask,Kelvin Chan,AverageAlmonds,3117441
2026-07-01T23:12:00.456378,2026-07-01T23:12:00.464803+00:00,90.9,20,ask,AverageAlmonds,BrilliantBurritos,3117444
2026-07-01T23:12:00.547201,2026-07-01T23:12:00.558583+00:00,91.4,200,bid,WavyWalnuts,AverageAlmonds,3117449
2026-07-01T23:12:01.759247,2026-07-01T23:12:01.769664+00:00,91.4,200,bid,WavyWalnuts,AverageAlmonds,3117457
2026-07-01T23:12:02.967266,2026-07-01T23:12:02.976922+00:00,91.4,200,bid,WavyWalnuts,AverageAlmonds,3117484
2026-07-01T23:12:03.329793,2026-07-01T23:12:03.358686+00:00,91.4,300,bid,YieldingYams,AverageAlmonds,3117488
2026-07-01T23:12:03.419038,2026-07-01T23:12:03.458543+00:00,91.4,325,ask,YieldingYams,AverageAlmonds,3117489
2026-07-01T23:12:03.531298,2026-07-01T23:12:03.535133+00:00,91.4,23,bid,Xuanyu Liu,AverageAlmonds,3117494
2026-07-01T23:12:04.060763,2026-07-01T23:12:04.065003+00:00,91.3,3,bid,Xuanyu Liu,AverageAlmonds,3117502
2026-07-01T23:12:04.174736,2026-07-01T23:12:04.183429+00:00,91.3,200,bid,WavyWalnuts,AverageAlmonds,3117503
2026-07-01T23:12:05.950305,2026-07-01T23:12:05.958643+00:00,91.2,200,ask,WavyWalnuts,YieldingYams,3117522
2026-07-01T23:12:11.202739,2026-07-01T23:12:11.209408+00:00,91.0,8,ask,Kelvin Chan,YieldingYams,3117624
2026-07-01T23:12:11.202739,2026-07-01T23:12:11.229904+00:00,91.0,200,ask,WavyWalnuts,YieldingYams,3117625
2026-07-01T23:12:15.146967,2026-07-01T23:12:15.163704+00:00,91.1,200,bid,YieldingYams,WavyWalnuts,3117686
2026-07-01T23:12:15.539326,2026-07-01T23:12:15.564480+00:00,91.3,20,bid,BrilliantBurritos,YieldingYams,3117692
2026-07-01T23:12:16.551808,2026-07-01T23:12:16.573452+00:00,91.1,20,ask,WavyWalnuts,BrilliantBurritos,3117722
2026-07-01T23:12:19.943063,2026-07-01T23:12:19.946753+00:00,91.2,200,bid,WavyWalnuts,YieldingYams,3117798
2026-07-01T23:12:22.358361,2026-07-01T23:12:22.368693+00:00,91.3,200,bid,WavyWalnuts,AverageAlmonds,3117844
2026-07-01T23:12:23.007591,2026-07-01T23:12:23.014040+00:00,91.3,500,bid,YieldingYams,AverageAlmonds,3117858
2026-07-01T23:12:23.007591,2026-07-01T23:12:23.019323+00:00,91.4,1,bid,YieldingYams,Kelvin Chan,3117859
2026-07-01T23:12:23.382066,2026-07-01T23:12:23.410512+00:00,91.4,124,ask,YieldingYams,AverageAlmonds,3117872
2026-07-01T23:12:24.093687,2026-07-01T23:12:24.105317+00:00,91.2,20,ask,WavyWalnuts,BrilliantBurritos,3117888
2026-07-01T23:12:24.318620,2026-07-01T23:12:24.354037+00:00,91.3,500,bid,YieldingYams,AverageAlmonds,3117898
2026-07-01T23:12:24.318620,2026-07-01T23:12:24.354037+00:00,91.4,125,bid,YieldingYams,WavyWalnuts,3117899
2026-07-01T23:12:24.778341,2026-07-01T23:12:24.807233+00:00,91.3,200,bid,WavyWalnuts,AverageAlmonds,3117902
2026-07-01T23:12:25.664537,2026-07-01T23:12:25.668346+00:00,91.1,3,bid,Xuanyu Liu,YieldingYams,3117924
2026-07-01T23:12:25.988745,2026-07-01T23:12:26.026154+00:00,91.1,200,bid,WavyWalnuts,YieldingYams,3117936
2026-07-01T23:12:27.202071,2026-07-01T23:12:27.227265+00:00,91.1,200,bid,WavyWalnuts,YieldingYams,3117962
2026-07-01T23:12:28.411812,2026-07-01T23:12:28.421902+00:00,91.1,200,bid,WavyWalnuts,AverageAlmonds,3117991
2026-07-01T23:12:29.585468,2026-07-01T23:12:29.594842+00:00,91.0,500,bid,YieldingYams,AverageAlmonds,3117998
2026-07-01T23:12:30.039108,2026-07-01T23:12:30.085659+00:00,91.1,200,ask,WavyWalnuts,AverageAlmonds,3118010
2026-07-01T23:12:30.039108,2026-07-01T23:12:30.085659+00:00,91.0,125,ask,YieldingYams,AverageAlmonds,3118011
2026-07-01T23:12:30.832216,2026-07-01T23:12:30.840348+00:00,91.0,200,bid,WavyWalnuts,AverageAlmonds,3118023
2026-07-01T23:12:32.040606,2026-07-01T23:12:32.042185+00:00,90.8,200,bid,WavyWalnuts,YieldingYams,3118043
2026-07-01T23:12:38.356590,2026-07-01T23:12:38.360553+00:00,91.0,3,ask,WavyWalnuts,Xuanyu Liu,3118159
2026-07-01T23:12:40.515431,2026-07-01T23:12:40.549584+00:00,91.1,8,bid,WavyWalnuts,Kelvin Chan,3118191
2026-07-01T23:12:40.958480,2026-07-01T23:12:40.980690+00:00,91.1,192,ask,WavyWalnuts,AverageAlmonds,3118202
2026-07-01T23:12:41.730110,2026-07-01T23:12:41.758662+00:00,91.0,200,ask,YieldingYams,WavyWalnuts,3118213
2026-07-01T23:12:42.161799,2026-07-01T23:12:42.201344+00:00,91.0,425,ask,YieldingYams,AverageAlmonds,3118225
2026-07-01T23:12:42.681485,2026-07-01T23:12:42.690437+00:00,90.8,1,ask,Kelvin Chan,YieldingYams,3118241
2026-07-01T23:12:42.681485,2026-07-01T23:12:42.690437+00:00,90.8,200,ask,WavyWalnuts,YieldingYams,3118242
2026-07-01T23:12:43.065120,2026-07-01T23:12:43.086888+00:00,90.7,20,ask,WavyWalnuts,BrilliantBurritos,3118247
2026-07-01T23:12:45.330282,2026-07-01T23:12:45.347281+00:00,90.9,200,bid,YieldingYams,WavyWalnuts,3118298
2026-07-01T23:12:45.330282,2026-07-01T23:12:45.347281+00:00,91.0,425,bid,YieldingYams,AverageAlmonds,3118299
2026-07-01T23:12:46.561761,2026-07-01T23:12:46.585211+00:00,90.9,200,bid,WavyWalnuts,AverageAlmonds,3118326
2026-07-01T23:12:47.772393,2026-07-01T23:12:47.808019+00:00,90.8,200,ask,YieldingYams,WavyWalnuts,3118348
2026-07-01T23:12:49.258174,2026-07-01T23:12:49.268714+00:00,90.8,200,bid,YieldingYams,WavyWalnuts,3118388
2026-07-01T23:12:49.726056,2026-07-01T23:12:49.732750+00:00,90.9,20,bid,BrilliantBurritos,AverageAlmonds,3118390
2026-07-01T23:12:50.202142,2026-07-01T23:12:50.217602+00:00,90.8,200,ask,YieldingYams,WavyWalnuts,3118404
2026-07-01T23:12:50.569938,2026-07-01T23:12:50.575688+00:00,90.7,1,ask,Kelvin Chan,YieldingYams,3118411
2026-07-01T23:12:54.532862,2026-07-01T23:12:54.537194+00:00,90.7,3,ask,YieldingYams,Xuanyu Liu,3118517
2026-07-01T23:12:55.034048,2026-07-01T23:12:55.058574+00:00,90.7,200,ask,YieldingYams,WavyWalnuts,3118527
2026-07-01T23:12:55.837545,2026-07-01T23:12:55.841242+00:00,90.8,11,ask,YieldingYams,Xuanyu Liu,3118539
2026-07-01T23:12:59.730553,2026-07-01T23:12:59.758569+00:00,90.9,2,bid,BrilliantBurritos,Kelvin Chan,3118621
2026-07-01T23:12:59.730553,2026-07-01T23:12:59.758569+00:00,90.9,18,bid,BrilliantBurritos,YieldingYams,3118622
2026-07-01T23:13:04.985820,2026-07-01T23:13:04.994454+00:00,90.9,200,ask,WavyWalnuts,YieldingYams,3118727
2026-07-01T23:13:05.965173,2026-07-01T23:13:05.995215+00:00,90.8,200,bid,WavyWalnuts,YieldingYams,3118754
2026-07-01T23:13:06.834387,2026-07-01T23:13:06.838411+00:00,90.8,23,ask,YieldingYams,Xuanyu Liu,3118763
2026-07-01T23:13:07.210472,2026-07-01T23:13:07.214605+00:00,90.9,12,ask,WavyWalnuts,Xuanyu Liu,3118769
2026-07-01T23:13:08.387921,2026-07-01T23:13:08.412579+00:00,91.0,8,bid,WavyWalnuts,Kelvin Chan,3118788
2026-07-01T23:13:08.387921,2026-07-01T23:13:08.412579+00:00,91.0,192,bid,WavyWalnuts,YieldingYams,3118789
2026-07-01T23:13:09.601731,2026-07-01T23:13:09.639764+00:00,91.0,8,bid,WavyWalnuts,Kelvin Chan,3118808
2026-07-01T23:13:09.601731,2026-07-01T23:13:09.639764+00:00,91.0,192,bid,WavyWalnuts,YieldingYams,3118809
2026-07-01T23:13:12.041514,2026-07-01T23:13:12.064171+00:00,91.1,2,bid,WavyWalnuts,Kelvin Chan,3118857
2026-07-01T23:13:12.041514,2026-07-01T23:13:12.064171+00:00,91.1,198,bid,WavyWalnuts,YieldingYams,3118858
2026-07-01T23:13:13.254275,2026-07-01T23:13:13.258574+00:00,91.1,200,bid,WavyWalnuts,YieldingYams,3118888
2026-07-01T23:13:14.868470,2026-07-01T23:13:14.879708+00:00,91.1,500,bid,AverageAlmonds,YieldingYams,3118924
2026-07-01T23:13:15.466164,2026-07-01T23:13:15.543390+00:00,91.1,200,bid,AverageAlmonds,WavyWalnuts,3118930
2026-07-01T23:13:15.539326,2026-07-01T23:13:15.543390+00:00,91.2,11,ask,YieldingYams,Xuanyu Liu,3118934
2026-07-01T23:13:15.686077,2026-07-01T23:13:15.695350+00:00,91.2,200,ask,YieldingYams,WavyWalnuts,3118938
2026-07-01T23:13:18.108155,2026-07-01T23:13:18.118525+00:00,91.1,200,ask,AverageAlmonds,WavyWalnuts,3118980
2026-07-01T23:13:19.489324,2026-07-01T23:13:19.493165+00:00,91.1,11,ask,AverageAlmonds,Xuanyu Liu,3119010
2026-07-01T23:13:21.741618,2026-07-01T23:13:21.744616+00:00,91.2,200,bid,WavyWalnuts,YieldingYams,3119058
2026-07-01T23:13:21.927410,2026-07-01T23:13:21.933512+00:00,91.1,20,ask,AverageAlmonds,BrilliantBurritos,3119063
2026-07-01T23:13:22.418402,2026-07-01T23:13:22.458997+00:00,91.1,20,ask,YieldingYams,BrilliantBurritos,3119067
2026-07-01T23:13:26.597953,2026-07-01T23:13:26.621126+00:00,91.2,200,bid,WavyWalnuts,YieldingYams,3119169
2026-07-01T23:13:27.299813,2026-07-01T23:13:27.338686+00:00,91.1,500,ask,AverageAlmonds,YieldingYams,3119179
2026-07-01T23:13:27.334642,2026-07-01T23:13:27.338686+00:00,91.1,11,bid,Xuanyu Liu,YieldingYams,3119181
2026-07-01T23:13:28.184603,2026-07-01T23:13:28.241640+00:00,91.1,114,bid,AverageAlmonds,YieldingYams,3119204
2026-07-01T23:13:28.610163,2026-07-01T23:13:28.650689+00:00,91.2,200,bid,YieldingYams,WavyWalnuts,3119219
2026-07-01T23:13:28.646467,2026-07-01T23:13:28.650689+00:00,91.4,23,ask,YieldingYams,Xuanyu Liu,3119222
2026-07-01T23:13:29.018057,2026-07-01T23:13:29.026615+00:00,91.4,200,ask,YieldingYams,WavyWalnuts,3119232
2026-07-01T23:13:29.605456,2026-07-01T23:13:29.658602+00:00,91.5,20,bid,BrilliantBurritos,YieldingYams,3119248
2026-07-01T23:13:30.229416,2026-07-01T23:13:30.243805+00:00,91.3,200,bid,WavyWalnuts,YieldingYams,3119264
2026-07-01T23:13:32.550717,2026-07-01T23:13:32.558648+00:00,91.4,4,bid,YieldingYams,Kelvin Chan,3119310
2026-07-01T23:13:33.864465,2026-07-01T23:13:33.890544+00:00,91.5,1,bid,WavyWalnuts,Kelvin Chan,3119337
2026-07-01T23:13:33.864465,2026-07-01T23:13:33.890544+00:00,91.7,199,bid,WavyWalnuts,AverageAlmonds,3119338
2026-07-01T23:13:34.033084,2026-07-01T23:13:34.036957+00:00,91.4,2,bid,Xuanyu Liu,Kelvin Chan,3119342
2026-07-01T23:13:34.898120,2026-07-01T23:13:34.902397+00:00,91.4,1,bid,Xuanyu Liu,Kelvin Chan,3119357
2026-07-01T23:13:34.940831,2026-07-01T23:13:34.945343+00:00,91.4,2,bid,Xuanyu Liu,Kelvin Chan,3119359
2026-07-01T23:13:35.002283,2026-07-01T23:13:35.020011+00:00,91.3,20,ask,YieldingYams,BrilliantBurritos,3119362
2026-07-01T23:13:35.015720,2026-07-01T23:13:35.020011+00:00,91.4,1,bid,Xuanyu Liu,Kelvin Chan,3119364
2026-07-01T23:13:35.075657,2026-07-01T23:13:35.107319+00:00,91.5,200,bid,WavyWalnuts,YieldingYams,3119365
2026-07-01T23:13:35.177412,2026-07-01T23:13:35.179202+00:00,91.6,500,bid,YieldingYams,AverageAlmonds,3119366
2026-07-01T23:13:35.264893,2026-07-01T23:13:35.268790+00:00,91.8,6,bid,Xuanyu Liu,YieldingYams,3119369
2026-07-01T23:13:35.389178,2026-07-01T23:13:35.392932+00:00,91.7,1,bid,Xuanyu Liu,Kelvin Chan,3119375
2026-07-01T23:13:35.471589,2026-07-01T23:13:35.475349+00:00,91.7,10,bid,Xuanyu Liu,AverageAlmonds,3119383
2026-07-01T23:13:36.047485,2026-07-01T23:13:36.058634+00:00,91.6,125,ask,YieldingYams,AverageAlmonds,3119394
2026-07-01T23:13:36.075654,2026-07-01T23:13:36.079322+00:00,91.6,11,bid,Xuanyu Liu,AverageAlmonds,3119399
2026-07-01T23:13:36.286715,2026-07-01T23:13:36.316677+00:00,91.6,200,bid,WavyWalnuts,AverageAlmonds,3119405
2026-07-01T23:13:36.522375,2026-07-01T23:13:36.526766+00:00,91.4,23,bid,Xuanyu Liu,YieldingYams,3119411
2026-07-01T23:13:37.495686,2026-07-01T23:13:37.505770+00:00,91.4,200,bid,WavyWalnuts,YieldingYams,3119430
2026-07-01T23:13:38.501121,2026-07-01T23:13:38.505112+00:00,91.4,23,ask,YieldingYams,Xuanyu Liu,3119453
2026-07-01T23:13:38.532174,2026-07-01T23:13:38.538602+00:00,91.5,20,bid,BrilliantBurritos,AverageAlmonds,3119454
2026-07-01T23:13:39.913886,2026-07-01T23:13:39.925896+00:00,91.5,200,bid,WavyWalnuts,YieldingYams,3119482
2026-07-01T23:13:41.731428,2026-07-01T23:13:41.758848+00:00,91.3,200,ask,WavyWalnuts,YieldingYams,3119517
2026-07-01T23:13:41.749371,2026-07-01T23:13:41.758848+00:00,91.3,23,bid,Xuanyu Liu,YieldingYams,3119519
2026-07-01T23:13:42.329945,2026-07-01T23:13:42.333335+00:00,91.3,200,bid,WavyWalnuts,YieldingYams,3119530
2026-07-01T23:13:43.543104,2026-07-01T23:13:43.546652+00:00,91.4,200,ask,YieldingYams,WavyWalnuts,3119553
2026-07-01T23:13:43.910110,2026-07-01T23:13:43.947726+00:00,91.4,425,ask,YieldingYams,AverageAlmonds,3119560
2026-07-01T23:13:44.358811,2026-07-01T23:13:44.375428+00:00,91.2,2,ask,Kelvin Chan,YieldingYams,3119565
2026-07-01T23:13:44.381898,2026-07-01T23:13:44.385753+00:00,91.2,12,bid,Xuanyu Liu,YieldingYams,3119569
2026-07-01T23:13:44.749505,2026-07-01T23:13:44.754746+00:00,91.2,200,bid,WavyWalnuts,YieldingYams,3119573
2026-07-01T23:13:47.169929,2026-07-01T23:13:47.179543+00:00,91.1,200,ask,YieldingYams,WavyWalnuts,3119618
2026-07-01T23:13:49.589816,2026-07-01T23:13:49.599888+00:00,91.2,200,bid,WavyWalnuts,YieldingYams,3119658
2026-07-01T23:13:49.987510,2026-07-01T23:13:49.995615+00:00,91.3,20,bid,BrilliantBurritos,YieldingYams,3119662
2026-07-01T23:13:52.008158,2026-07-01T23:13:52.015889+00:00,91.3,200,bid,WavyWalnuts,AverageAlmonds,3119703
2026-07-01T23:13:54.263872,2026-07-01T23:13:54.267470+00:00,91.3,11,bid,Xuanyu Liu,YieldingYams,3119763
2026-07-01T23:13:54.426591,2026-07-01T23:13:54.433973+00:00,91.3,200,bid,WavyWalnuts,YieldingYams,3119771
2026-07-01T23:13:54.864769,2026-07-01T23:13:54.869190+00:00,91.2,3,bid,Xuanyu Liu,YieldingYams,3119789
2026-07-01T23:13:55.634970,2026-07-01T23:13:55.674355+00:00,91.2,200,bid,WavyWalnuts,YieldingYams,3119798
2026-07-01T23:13:57.464794,2026-07-01T23:13:57.481339+00:00,91.3,200,ask,WavyWalnuts,YieldingYams,3119835
2026-07-01T23:14:00.086915,2026-07-01T23:14:00.110081+00:00,91.2,200,ask,WavyWalnuts,YieldingYams,3119885
2026-07-01T23:14:00.086915,2026-07-01T23:14:00.150509+00:00,91.1,1,ask,Kelvin Chan,YieldingYams,3119886
2026-07-01T23:14:00.300038,2026-07-01T23:14:00.326937+00:00,91.1,20,bid,BrilliantBurritos,YieldingYams,3119889
2026-07-01T23:14:00.467812,2026-07-01T23:14:00.492909+00:00,91.1,200,bid,WavyWalnuts,YieldingYams,3119894
2026-07-01T23:14:07.634016,2026-07-01T23:14:07.645638+00:00,91.2,20,bid,BrilliantBurritos,YieldingYams,3120053
2026-07-01T23:14:08.931784,2026-07-01T23:14:08.940741+00:00,91.1,200,bid,WavyWalnuts,YieldingYams,3120088
2026-07-01T23:14:09.922612,2026-07-01T23:14:09.942413+00:00,91.1,20,bid,BrilliantBurritos,YieldingYams,3120100
2026-07-01T23:14:10.133815,2026-07-01T23:14:10.139690+00:00,91.0,2,ask,Kelvin Chan,Xuanyu Liu,3120112
2026-07-01T23:14:10.133815,2026-07-01T23:14:10.139690+00:00,91.0,1,ask,AverageAlmonds,Xuanyu Liu,3120113
2026-07-01T23:14:10.144173,2026-07-01T23:14:10.158611+00:00,91.1,200,bid,WavyWalnuts,YieldingYams,3120114
2026-07-01T23:14:12.566304,2026-07-01T23:14:12.570864+00:00,91.1,200,bid,WavyWalnuts,YieldingYams,3120169
2026-07-01T23:14:12.768768,2026-07-01T23:14:12.790585+00:00,91.0,2,ask,Kelvin Chan,BrilliantBurritos,3120180
2026-07-01T23:14:13.282718,2026-07-01T23:14:13.286481+00:00,91.1,11,ask,YieldingYams,Xuanyu Liu,3120195
2026-07-01T23:14:15.842678,2026-07-01T23:14:15.868864+00:00,91.1,200,ask,WavyWalnuts,YieldingYams,3120262
2026-07-01T23:14:15.842678,2026-07-01T23:14:15.868864+00:00,91.0,2,ask,Kelvin Chan,YieldingYams,3120263
2026-07-01T23:14:16.187065,2026-07-01T23:14:16.196868+00:00,91.0,200,bid,WavyWalnuts,YieldingYams,3120266
2026-07-01T23:14:19.806562,2026-07-01T23:14:19.810427+00:00,91.1,12,ask,YieldingYams,Xuanyu Liu,3120352
2026-07-01T23:14:20.313292,2026-07-01T23:14:20.319642+00:00,91.1,20,ask,YieldingYams,BrilliantBurritos,3120362
2026-07-01T23:14:22.764152,2026-07-01T23:14:22.767552+00:00,91.1,11,ask,WavyWalnuts,Xuanyu Liu,3120410
2026-07-01T23:14:24.062404,2026-07-01T23:14:24.090065+00:00,91.0,1,ask,Kelvin Chan,BrilliantBurritos,3120442
2026-07-01T23:14:24.062404,2026-07-01T23:14:24.090065+00:00,91.0,19,ask,WavyWalnuts,BrilliantBurritos,3120443
2026-07-01T23:14:25.030980,2026-07-01T23:14:25.032159+00:00,91.1,200,bid,YieldingYams,WavyWalnuts,3120463
2026-07-01T23:14:25.958089,2026-07-01T23:14:25.969818+00:00,91.2,20,bid,BrilliantBurritos,WavyWalnuts,3120492
2026-07-01T23:14:30.267636,2026-07-01T23:14:30.288303+00:00,91.0,1,ask,Kelvin Chan,YieldingYams,3120586
2026-07-01T23:14:30.722250,2026-07-01T23:14:30.730574+00:00,91.0,200,bid,WavyWalnuts,YieldingYams,3120596
2026-07-01T23:14:31.577842,2026-07-01T23:14:31.621949+00:00,91.2,200,bid,YieldingYams,WavyWalnuts,3120611
2026-07-01T23:14:31.617166,2026-07-01T23:14:31.621949+00:00,91.2,23,ask,YieldingYams,Xuanyu Liu,3120613
2026-07-01T23:14:31.931283,2026-07-01T23:14:31.958729+00:00,91.2,200,ask,YieldingYams,WavyWalnuts,3120615
2026-07-01T23:14:33.598914,2026-07-01T23:14:33.608900+00:00,91.1,20,bid,BrilliantBurritos,WavyWalnuts,3120655
2026-07-01T23:14:35.600048,2026-07-01T23:14:35.611257+00:00,91.1,20,bid,BrilliantBurritos,WavyWalnuts,3120693
2026-07-01T23:14:36.822669,2026-07-01T23:14:36.834178+00:00,91.1,200,bid,YieldingYams,WavyWalnuts,3120727
2026-07-01T23:14:37.989989,2026-07-01T23:14:38.011879+00:00,91.1,200,ask,YieldingYams,WavyWalnuts,3120747
2026-07-01T23:14:38.535917,2026-07-01T23:14:38.540307+00:00,91.2,11,bid,Xuanyu Liu,YieldingYams,3120761
2026-07-01T23:14:39.198656,2026-07-01T23:14:39.209456+00:00,91.2,200,bid,WavyWalnuts,YieldingYams,3120776
2026-07-01T23:14:40.841013,2026-07-01T23:14:40.858571+00:00,91.2,500,ask,YieldingYams,AverageAlmonds,3120822
2026-07-01T23:14:41.624483,2026-07-01T23:14:41.647496+00:00,91.2,125,ask,YieldingYams,WavyWalnuts,3120834
2026-07-01T23:14:41.691000,2026-07-01T23:14:41.694608+00:00,91.2,12,bid,Xuanyu Liu,WavyWalnuts,3120836
2026-07-01T23:14:41.866753,2026-07-01T23:14:41.878034+00:00,91.0,20,ask,WavyWalnuts,BrilliantBurritos,3120837
2026-07-01T23:14:44.064033,2026-07-01T23:14:44.067717+00:00,91.1,11,bid,Xuanyu Liu,WavyWalnuts,3120867
2026-07-01T23:14:44.677326,2026-07-01T23:14:44.688275+00:00,91.1,189,bid,YieldingYams,WavyWalnuts,3120878
2026-07-01T23:14:47.297436,2026-07-01T23:14:47.305044+00:00,91.2,200,bid,YieldingYams,WavyWalnuts,3120932
2026-07-01T23:14:47.317252,2026-07-01T23:14:47.320634+00:00,91.2,11,ask,YieldingYams,Xuanyu Liu,3120937
2026-07-01T23:14:47.677417,2026-07-01T23:14:47.678379+00:00,91.2,200,ask,YieldingYams,WavyWalnuts,3120948
2026-07-01T23:14:50.094890,2026-07-01T23:14:50.112964+00:00,91.1,200,bid,WavyWalnuts,YieldingYams,3121001
2026-07-01T23:14:52.405221,2026-07-01T23:14:52.416080+00:00,91.1,20,bid,BrilliantBurritos,YieldingYams,3121042
2026-07-01T23:14:55.160551,2026-07-01T23:14:55.185005+00:00,91.3,2,bid,YieldingYams,Kelvin Chan,3121104
2026-07-01T23:14:55.160551,2026-07-01T23:14:55.185005+00:00,91.3,200,bid,YieldingYams,WavyWalnuts,3121105
2026-07-01T23:14:56.473790,2026-07-01T23:14:56.478232+00:00,91.2,200,ask,WavyWalnuts,YieldingYams,3121134
