timestamp,recv_time,price,volume,aggressor_side,buyer,seller,trade_id
2026-07-07T01:00:00.211354,2026-07-07T01:00:00.243979+00:00,160.6,20,ask,,,10155488
2026-07-07T01:00:01.886462,2026-07-07T01:00:01.897033+00:00,160.5,200,ask,,,10155512
2026-07-07T01:00:03.461974,2026-07-07T01:00:03.469066+00:00,160.6,200,bid,,,10155538
2026-07-07T01:00:05.794794,2026-07-07T01:00:05.801781+00:00,160.5,20,ask,,,10155569
2026-07-07T01:00:08.712187,2026-07-07T01:00:08.720006+00:00,160.6,200,bid,,,10155612
2026-07-07T01:00:13.989426,2026-07-07T01:00:14.000428+00:00,160.5,200,ask,,,10155708
2026-07-07T01:00:15.106918,2026-07-07T01:00:15.115391+00:00,160.5,20,ask,,,10155717
2026-07-07T01:00:15.197021,2026-07-07T01:00:15.204818+00:00,160.6,200,ask,,,10155721
2026-07-07T01:00:15.292761,2026-07-07T01:00:15.300456+00:00,160.6,300,ask,,,10155723
2026-07-07T01:00:16.570534,2026-07-07T01:00:16.578642+00:00,160.6,20,bid,,,10155747
2026-07-07T01:00:20.003817,2026-07-07T01:00:20.012848+00:00,160.6,200,bid,,,10155787
2026-07-07T01:00:20.034470,2026-07-07T01:00:20.044707+00:00,160.6,200,ask,,,10155790
2026-07-07T01:00:21.882713,2026-07-07T01:00:21.890488+00:00,160.6,200,bid,,,10155819
2026-07-07T01:00:21.882713,2026-07-07T01:00:21.895828+00:00,160.7,50,bid,,,10155820
2026-07-07T01:00:23.001121,2026-07-07T01:00:23.013186+00:00,160.7,20,ask,,,10155843
2026-07-07T01:00:24.521820,2026-07-07T01:00:24.544362+00:00,160.6,200,ask,,,10155866
2026-07-07T01:00:24.539936,2026-07-07T01:00:24.544362+00:00,160.6,11,bid,,,10155868
2026-07-07T01:00:24.826165,2026-07-07T01:00:24.834880+00:00,160.6,414,bid,,,10155873
2026-07-07T01:00:25.829633,2026-07-07T01:00:25.838478+00:00,160.7,200,bid,,,10155897
2026-07-07T01:00:28.512785,2026-07-07T01:00:28.522915+00:00,160.7,200,ask,,,10155935
2026-07-07T01:00:29.724541,2026-07-07T01:00:29.734247+00:00,160.7,200,ask,,,10155951
2026-07-07T01:00:30.265370,2026-07-07T01:00:30.274411+00:00,160.7,125,bid,,,10155958
2026-07-07T01:00:30.874005,2026-07-07T01:00:30.884601+00:00,160.8,20,bid,,,10155968
2026-07-07T01:00:31.481599,2026-07-07T01:00:31.491058+00:00,160.9,200,bid,,,10155976
2026-07-07T01:00:31.481599,2026-07-07T01:00:31.491058+00:00,161.0,300,bid,,,10155977
2026-07-07T01:00:32.108005,2026-07-07T01:00:32.116887+00:00,161.0,325,bid,,,10155988
2026-07-07T01:00:32.136759,2026-07-07T01:00:32.140456+00:00,161.1,23,ask,,,10155992
2026-07-07T01:00:32.142207,2026-07-07T01:00:32.156244+00:00,161.1,152,ask,,,10155993
2026-07-07T01:00:32.710526,2026-07-07T01:00:32.721293+00:00,161.0,48,bid,,,10156002
2026-07-07T01:00:33.350387,2026-07-07T01:00:33.369030+00:00,161.0,200,ask,,,10156014
2026-07-07T01:00:33.471880,2026-07-07T01:00:33.476266+00:00,161.1,49,bid,,,10156017
2026-07-07T01:00:34.992089,2026-07-07T01:00:35.002458+00:00,161.0,500,ask,,,10156044
2026-07-07T01:00:35.123147,2026-07-07T01:00:35.131162+00:00,161.0,125,bid,,,10156048
2026-07-07T01:00:36.300262,2026-07-07T01:00:36.318979+00:00,161.1,200,bid,,,10156060
2026-07-07T01:00:36.314715,2026-07-07T01:00:36.318979+00:00,161.1,3,ask,,,10156062
2026-07-07T01:00:40.624616,2026-07-07T01:00:40.633068+00:00,161.2,200,bid,,,10156128
2026-07-07T01:00:44.169801,2026-07-07T01:00:44.179720+00:00,161.2,200,bid,,,10156180
2026-07-07T01:00:46.070213,2026-07-07T01:00:46.074356+00:00,161.3,3,bid,,,10156206
2026-07-07T01:00:46.699418,2026-07-07T01:00:46.710640+00:00,161.3,200,bid,,,10156212
2026-07-07T01:00:49.126645,2026-07-07T01:00:49.134878+00:00,161.4,200,bid,,,10156244
2026-07-07T01:00:52.043591,2026-07-07T01:00:52.048499+00:00,161.4,200,ask,,,10156286
2026-07-07T01:00:53.967269,2026-07-07T01:00:53.977849+00:00,161.4,20,bid,,,10156316
2026-07-07T01:00:55.850730,2026-07-07T01:00:55.857219+00:00,161.1,20,ask,,,10156348
2026-07-07T01:00:58.025792,2026-07-07T01:00:58.037908+00:00,161.4,20,bid,,,10156370
2026-07-07T01:00:59.254018,2026-07-07T01:00:59.265887+00:00,161.2,20,ask,,,10156380
2026-07-07T01:01:03.449476,2026-07-07T01:01:03.463950+00:00,161.2,20,ask,,,10156428
2026-07-07T01:01:05.229661,2026-07-07T01:01:05.241539+00:00,161.1,20,ask,,,10156447
2026-07-07T01:01:06.451711,2026-07-07T01:01:06.458542+00:00,161.2,200,bid,,,10156467
2026-07-07T01:01:09.077018,2026-07-07T01:01:09.084806+00:00,161.2,200,ask,,,10156504
2026-07-07T01:01:14.561203,2026-07-07T01:01:14.569394+00:00,161.1,200,bid,,,10156598
2026-07-07T01:01:15.777125,2026-07-07T01:01:15.784777+00:00,160.9,200,bid,,,10156613
2026-07-07T01:01:16.460754,2026-07-07T01:01:16.470240+00:00,160.9,20,bid,,,10156628
2026-07-07T01:01:16.989446,2026-07-07T01:01:17.001285+00:00,161.0,200,bid,,,10156636
2026-07-07T01:01:17.272192,2026-07-07T01:01:17.284194+00:00,161.0,20,bid,,,10156638
2026-07-07T01:01:18.200740,2026-07-07T01:01:18.211699+00:00,161.0,200,bid,,,10156645
2026-07-07T01:01:19.553885,2026-07-07T01:01:19.555426+00:00,161.0,200,ask,,,10156659
2026-07-07T01:01:27.875409,2026-07-07T01:01:27.886015+00:00,161.1,200,ask,,,10156763
2026-07-07T01:01:30.466103,2026-07-07T01:01:30.474008+00:00,161.0,20,ask,,,10156799
2026-07-07T01:01:31.831006,2026-07-07T01:01:31.835490+00:00,160.9,3,ask,,,10156824
2026-07-07T01:01:32.687085,2026-07-07T01:01:32.691153+00:00,161.0,11,ask,,,10156836
2026-07-07T01:01:33.002415,2026-07-07T01:01:33.014169+00:00,161.0,20,ask,,,10156842
2026-07-07T01:01:33.961901,2026-07-07T01:01:33.969963+00:00,161.1,200,bid,,,10156862
2026-07-07T01:01:33.975451,2026-07-07T01:01:33.978748+00:00,161.1,12,ask,,,10156864
2026-07-07T01:01:35.134411,2026-07-07T01:01:35.144982+00:00,161.1,200,ask,,,10156883
2026-07-07T01:01:36.582484,2026-07-07T01:01:36.591785+00:00,161.0,200,ask,,,10156897
2026-07-07T01:01:38.768831,2026-07-07T01:01:38.777124+00:00,160.9,200,ask,,,10156929
2026-07-07T01:01:40.560143,2026-07-07T01:01:40.563810+00:00,160.9,12,bid,,,10156949
2026-07-07T01:01:41.198665,2026-07-07T01:01:41.209057+00:00,160.9,200,bid,,,10156954
2026-07-07T01:01:41.697371,2026-07-07T01:01:41.709306+00:00,160.8,20,ask,,,10156959
2026-07-07T01:01:43.070062,2026-07-07T01:01:43.073613+00:00,160.8,12,ask,,,10156986
2026-07-07T01:01:44.467952,2026-07-07T01:01:44.478868+00:00,160.8,18,ask,,,10157013
2026-07-07T01:01:44.467952,2026-07-07T01:01:44.478868+00:00,160.7,200,ask,,,10157014
2026-07-07T01:01:44.830581,2026-07-07T01:01:44.837861+00:00,160.7,200,bid,,,10157018
2026-07-07T01:01:45.978634,2026-07-07T01:01:45.990056+00:00,160.7,500,ask,,,10157033
2026-07-07T01:01:49.170512,2026-07-07T01:01:49.180729+00:00,160.6,20,ask,,,10157079
2026-07-07T01:01:51.714749,2026-07-07T01:01:51.726395+00:00,160.6,20,ask,,,10157115
2026-07-07T01:02:01.778174,2026-07-07T01:02:01.789938+00:00,160.4,20,ask,,,10157258
2026-07-07T01:02:01.998936,2026-07-07T01:02:02.005923+00:00,160.5,23,bid,,,10157262
2026-07-07T01:02:05.954178,2026-07-07T01:02:05.964862+00:00,160.5,500,ask,,,10157297
2026-07-07T01:02:06.544938,2026-07-07T01:02:06.558802+00:00,160.5,125,ask,,,10157301
2026-07-07T01:02:07.791063,2026-07-07T01:02:07.803071+00:00,160.5,20,bid,,,10157323
2026-07-07T01:02:08.323654,2026-07-07T01:02:08.327602+00:00,160.4,3,bid,,,10157327
2026-07-07T01:02:11.116172,2026-07-07T01:02:11.123090+00:00,160.3,20,bid,,,10157358
2026-07-07T01:02:14.638478,2026-07-07T01:02:14.645793+00:00,160.1,200,bid,,,10157408
2026-07-07T01:02:15.101537,2026-07-07T01:02:15.108337+00:00,160.3,200,ask,,,10157413
2026-07-07T01:02:19.969000,2026-07-07T01:02:19.976655+00:00,159.9,200,ask,,,10157472
2026-07-07T01:02:20.906880,2026-07-07T01:02:20.918931+00:00,160.1,20,bid,,,10157486
2026-07-07T01:02:21.033041,2026-07-07T01:02:21.036496+00:00,159.9,3,ask,,,10157488
2026-07-07T01:02:21.186730,2026-07-07T01:02:21.196943+00:00,159.9,200,ask,,,10157492
2026-07-07T01:02:26.559380,2026-07-07T01:02:26.569899+00:00,159.9,20,bid,,,10157560
2026-07-07T01:02:28.842846,2026-07-07T01:02:28.854808+00:00,159.9,20,bid,,,10157592
2026-07-07T01:02:30.878387,2026-07-07T01:02:30.885986+00:00,159.8,200,ask,,,10157634
2026-07-07T01:02:34.503767,2026-07-07T01:02:34.510633+00:00,160.0,200,bid,,,10157690
2026-07-07T01:02:36.928141,2026-07-07T01:02:36.938597+00:00,160.0,200,ask,,,10157722
2026-07-07T01:02:39.342299,2026-07-07T01:02:39.353635+00:00,160.1,200,bid,,,10157751
2026-07-07T01:02:39.525707,2026-07-07T01:02:39.529589+00:00,160.2,11,ask,,,10157756
2026-07-07T01:02:40.364104,2026-07-07T01:02:40.373322+00:00,160.3,20,bid,,,10157776
2026-07-07T01:02:40.554785,2026-07-07T01:02:40.568890+00:00,160.2,200,ask,,,10157779
2026-07-07T01:02:43.234511,2026-07-07T01:02:43.263954+00:00,160.2,50,bid,,,10157809
2026-07-07T01:02:47.144742,2026-07-07T01:02:47.144606+00:00,160.2,500,ask,,,10157886
2026-07-07T01:02:47.379442,2026-07-07T01:02:47.390844+00:00,160.2,200,ask,,,10157897
2026-07-07T01:02:47.825346,2026-07-07T01:02:47.837143+00:00,160.2,200,bid,,,10157903
2026-07-07T01:02:48.686584,2026-07-07T01:02:48.694329+00:00,160.2,500,bid,,,10157913
2026-07-07T01:02:48.942862,2026-07-07T01:02:48.958600+00:00,160.2,125,ask,,,10157914
2026-07-07T01:02:48.942862,2026-07-07T01:02:48.958600+00:00,160.2,35,ask,,,10157915
2026-07-07T01:02:49.032097,2026-07-07T01:02:49.040455+00:00,160.2,200,bid,,,10157917
2026-07-07T01:02:50.238965,2026-07-07T01:02:50.247051+00:00,160.2,200,bid,,,10157940
2026-07-07T01:02:52.686562,2026-07-07T01:02:52.690374+00:00,160.1,14,bid,,,10157978
2026-07-07T01:02:54.169811,2026-07-07T01:02:54.181542+00:00,160.1,5,bid,,,10158007
2026-07-07T01:02:57.864234,2026-07-07T01:02:57.874229+00:00,160.0,40,bid,,,10158065
2026-07-07T01:03:03.098328,2026-07-07T01:03:03.098506+00:00,160.0,200,bid,,,10158152
2026-07-07T01:03:05.962179,2026-07-07T01:03:05.970444+00:00,160.1,200,bid,,,10158192
2026-07-07T01:03:09.662761,2026-07-07T01:03:09.670180+00:00,160.0,200,bid,,,10158248
2026-07-07T01:03:10.151818,2026-07-07T01:03:10.158604+00:00,160.0,425,ask,,,10158250
2026-07-07T01:03:11.354637,2026-07-07T01:03:11.358631+00:00,159.9,200,ask,,,10158274
2026-07-07T01:03:12.007881,2026-07-07T01:03:12.014983+00:00,159.9,200,bid,,,10158286
2026-07-07T01:03:15.645398,2026-07-07T01:03:15.652713+00:00,159.9,200,bid,,,10158346
2026-07-07T01:03:16.852949,2026-07-07T01:03:16.859978+00:00,160.0,200,bid,,,10158361
2026-07-07T01:03:20.479359,2026-07-07T01:03:20.488167+00:00,159.9,200,ask,,,10158417
2026-07-07T01:03:21.475935,2026-07-07T01:03:21.479530+00:00,160.0,3,bid,,,10158432
2026-07-07T01:03:21.689206,2026-07-07T01:03:21.699866+00:00,159.8,200,ask,,,10158436
2026-07-07T01:03:25.671141,2026-07-07T01:03:25.675156+00:00,160.0,11,bid,,,10158490
2026-07-07T01:03:27.828315,2026-07-07T01:03:27.835370+00:00,160.0,20,bid,,,10158519
2026-07-07T01:03:28.024210,2026-07-07T01:03:28.033264+00:00,159.8,200,ask,,,10158523
2026-07-07T01:03:28.039855,2026-07-07T01:03:28.043746+00:00,159.8,23,bid,,,10158525
2026-07-07T01:03:30.644884,2026-07-07T01:03:30.658571+00:00,159.8,200,ask,,,10158567
2026-07-07T01:03:31.354509,2026-07-07T01:03:31.363661+00:00,159.8,200,bid,,,10158576
2026-07-07T01:03:34.998583,2026-07-07T01:03:35.005167+00:00,159.9,200,ask,,,10158632
2026-07-07T01:03:45.025326,2026-07-07T01:03:45.037163+00:00,159.9,20,bid,,,10158761
2026-07-07T01:03:45.633507,2026-07-07T01:03:45.637683+00:00,159.8,34,ask,,,10158775
2026-07-07T01:03:46.424794,2026-07-07T01:03:46.429166+00:00,160.0,57,bid,,,10158792
2026-07-07T01:03:47.112793,2026-07-07T01:03:47.119781+00:00,159.8,200,ask,,,10158799
2026-07-07T01:03:48.319607,2026-07-07T01:03:48.330976+00:00,159.9,200,ask,,,10158809
2026-07-07T01:03:49.330497,2026-07-07T01:03:49.342372+00:00,160.1,20,bid,,,10158820
2026-07-07T01:03:49.526954,2026-07-07T01:03:49.538592+00:00,159.9,200,ask,,,10158823
2026-07-07T01:03:52.349498,2026-07-07T01:03:52.357186+00:00,159.8,20,bid,,,10158864
2026-07-07T01:03:53.165440,2026-07-07T01:03:53.168970+00:00,159.7,11,ask,,,10158872
2026-07-07T01:03:56.725232,2026-07-07T01:03:56.758624+00:00,159.9,500,bid,,,10158943
2026-07-07T01:03:57.352942,2026-07-07T01:03:57.357890+00:00,159.9,12,ask,,,10158955
2026-07-07T01:04:02.108708,2026-07-07T01:04:02.115163+00:00,159.9,500,ask,,,10159008
2026-07-07T01:04:02.108708,2026-07-07T01:04:02.120821+00:00,159.9,125,ask,,,10159009
2026-07-07T01:04:02.847647,2026-07-07T01:04:02.851512+00:00,160.1,11,ask,,,10159018
2026-07-07T01:04:04.058662,2026-07-07T01:04:04.063203+00:00,160.2,12,ask,,,10159039
2026-07-07T01:04:06.039773,2026-07-07T01:04:06.058718+00:00,160.3,50,bid,,,10159066
2026-07-07T01:04:07.474106,2026-07-07T01:04:07.485846+00:00,160.3,20,ask,,,10159082
2026-07-07T01:04:08.248980,2026-07-07T01:04:08.269121+00:00,160.4,20,bid,,,10159095
2026-07-07T01:04:11.619800,2026-07-07T01:04:11.631482+00:00,160.3,20,bid,,,10159134
2026-07-07T01:04:11.804285,2026-07-07T01:04:11.808215+00:00,160.2,14,ask,,,10159141
2026-07-07T01:04:12.600962,2026-07-07T01:04:12.621630+00:00,160.3,200,bid,,,10159155
2026-07-07T01:04:12.617999,2026-07-07T01:04:12.621630+00:00,160.3,3,ask,,,10159157
2026-07-07T01:04:15.977529,2026-07-07T01:04:15.989379+00:00,160.3,20,bid,,,10159203
2026-07-07T01:04:16.409445,2026-07-07T01:04:16.421055+00:00,160.3,20,bid,,,10159208
2026-07-07T01:04:17.385297,2026-07-07T01:04:17.395627+00:00,160.3,200,bid,,,10159220
2026-07-07T01:04:19.962307,2026-07-07T01:04:19.974255+00:00,160.3,40,ask,,,10159264
2026-07-07T01:04:21.020192,2026-07-07T01:04:21.027072+00:00,160.4,200,ask,,,10159293
2026-07-07T01:04:22.798699,2026-07-07T01:04:22.805353+00:00,160.5,20,bid,,,10159330
2026-07-07T01:04:24.425254,2026-07-07T01:04:24.435964+00:00,160.4,200,bid,,,10159353
2026-07-07T01:04:24.465570,2026-07-07T01:04:24.469337+00:00,160.4,11,ask,,,10159356
2026-07-07T01:04:26.090214,2026-07-07T01:04:26.102205+00:00,160.4,20,ask,,,10159383
2026-07-07T01:04:28.310523,2026-07-07T01:04:28.321627+00:00,160.4,200,ask,,,10159415
2026-07-07T01:04:30.809402,2026-07-07T01:04:30.813394+00:00,160.2,23,ask,,,10159446
2026-07-07T01:04:31.947211,2026-07-07T01:04:31.958637+00:00,160.2,200,ask,,,10159467
2026-07-07T01:04:32.293243,2026-07-07T01:04:32.297472+00:00,160.4,23,ask,,,10159472
2026-07-07T01:04:33.159116,2026-07-07T01:04:33.169030+00:00,160.4,200,ask,,,10159479
2026-07-07T01:04:39.452693,2026-07-07T01:04:39.458617+00:00,160.1,20,ask,,,10159537
2026-07-07T01:04:40.166484,2026-07-07T01:04:40.176361+00:00,160.1,180,ask,,,10159549
2026-07-07T01:04:40.298060,2026-07-07T01:04:40.301991+00:00,160.0,11,ask,,,10159554
2026-07-07T01:04:41.488804,2026-07-07T01:04:41.492379+00:00,160.1,12,ask,,,10159568
2026-07-07T01:04:41.635553,2026-07-07T01:04:41.645484+00:00,160.1,200,ask,,,10159573
2026-07-07T01:04:44.066338,2026-07-07T01:04:44.069883+00:00,160.1,12,bid,,,10159610
2026-07-07T01:04:47.592683,2026-07-07T01:04:47.602770+00:00,160.0,20,ask,,,10159644
2026-07-07T01:04:48.212571,2026-07-07T01:04:48.223851+00:00,160.2,500,bid,,,10159655
2026-07-07T01:04:50.624779,2026-07-07T01:04:50.635533+00:00,160.2,200,bid,,,10159695
2026-07-07T01:04:50.777668,2026-07-07T01:04:50.789367+00:00,160.4,20,bid,,,10159697
2026-07-07T01:04:53.271664,2026-07-07T01:04:53.292447+00:00,160.4,50,bid,,,10159735
2026-07-07T01:04:53.271664,2026-07-07T01:04:53.292447+00:00,160.4,200,bid,,,10159736
2026-07-07T01:04:53.288771,2026-07-07T01:04:53.292447+00:00,160.4,12,ask,,,10159738
2026-07-07T01:04:54.938215,2026-07-07T01:04:54.947913+00:00,160.4,200,bid,,,10159774
2026-07-07T01:04:57.360837,2026-07-07T01:04:57.369288+00:00,160.4,200,bid,,,10159813
2026-07-07T01:04:58.221381,2026-07-07T01:04:58.258757+00:00,160.3,20,ask,,,10159831
2026-07-07T01:04:59.795494,2026-07-07T01:04:59.799310+00:00,160.4,11,ask,,,10159857
2026-07-07T01:05:02.212241,2026-07-07T01:05:02.221016+00:00,160.4,200,ask,,,10159906
2026-07-07T01:05:02.461105,2026-07-07T01:05:02.470267+00:00,160.2,20,ask,,,10159907
2026-07-07T01:05:07.713975,2026-07-07T01:05:07.724559+00:00,160.4,200,ask,,,10160005
2026-07-07T01:05:08.263522,2026-07-07T01:05:08.274391+00:00,160.3,200,bid,,,10160016
2026-07-07T01:05:08.710354,2026-07-07T01:05:08.714343+00:00,160.3,23,bid,,,10160023
2026-07-07T01:05:12.958960,2026-07-07T01:05:12.969350+00:00,160.3,200,ask,,,10160090
2026-07-07T01:05:15.140991,2026-07-07T01:05:15.147508+00:00,160.5,20,bid,,,10160128
2026-07-07T01:05:18.193424,2026-07-07T01:05:18.197067+00:00,160.4,11,bid,,,10160187
2026-07-07T01:05:20.820943,2026-07-07T01:05:20.842038+00:00,160.3,200,ask,,,10160219
2026-07-07T01:05:20.837865,2026-07-07T01:05:20.842038+00:00,160.3,11,bid,,,10160221
2026-07-07T01:05:21.550238,2026-07-07T01:05:21.558589+00:00,160.3,200,bid,,,10160240
2026-07-07T01:05:25.197303,2026-07-07T01:05:25.204946+00:00,160.2,30,ask,,,10160306
2026-07-07T01:05:25.197303,2026-07-07T01:05:25.210161+00:00,160.2,170,ask,,,10160307
2026-07-07T01:05:26.406610,2026-07-07T01:05:26.413764+00:00,160.2,200,ask,,,10160321
2026-07-07T01:05:28.549787,2026-07-07T01:05:28.558558+00:00,160.4,20,bid,,,10160360
2026-07-07T01:05:28.705347,2026-07-07T01:05:28.708856+00:00,160.3,12,bid,,,10160364
2026-07-07T01:05:35.452659,2026-07-07T01:05:35.464239+00:00,160.3,500,bid,,,10160464
2026-07-07T01:05:36.090483,2026-07-07T01:05:36.100071+00:00,160.2,50,ask,,,10160471
2026-07-07T01:05:36.090483,2026-07-07T01:05:36.100071+00:00,160.2,150,ask,,,10160472
2026-07-07T01:05:37.303103,2026-07-07T01:05:37.312478+00:00,160.4,200,ask,,,10160489
2026-07-07T01:05:38.513621,2026-07-07T01:05:38.522060+00:00,160.4,200,ask,,,10160518
2026-07-07T01:05:40.272658,2026-07-07T01:05:40.281202+00:00,160.4,500,bid,,,10160543
2026-07-07T01:05:40.370553,2026-07-07T01:05:40.374609+00:00,160.4,11,bid,,,10160545
2026-07-07T01:05:40.373882,2026-07-07T01:05:40.390228+00:00,160.4,20,bid,,,10160546
2026-07-07T01:05:40.524837,2026-07-07T01:05:40.533215+00:00,160.4,200,bid,,,10160549
2026-07-07T01:05:40.895081,2026-07-07T01:05:40.901393+00:00,160.5,5,bid,,,10160551
2026-07-07T01:05:40.932055,2026-07-07T01:05:40.939361+00:00,160.5,200,ask,,,10160552
2026-07-07T01:05:41.834659,2026-07-07T01:05:41.878347+00:00,160.5,500,ask,,,10160571
2026-07-07T01:05:41.874729,2026-07-07T01:05:41.878347+00:00,160.3,12,bid,,,10160573
2026-07-07T01:05:42.103136,2026-07-07T01:05:42.113037+00:00,160.3,113,bid,,,10160579
2026-07-07T01:05:42.269593,2026-07-07T01:05:42.281351+00:00,160.5,50,ask,,,10160583
2026-07-07T01:05:43.142282,2026-07-07T01:05:43.163700+00:00,160.5,500,ask,,,10160598
2026-07-07T01:05:43.142282,2026-07-07T01:05:43.163700+00:00,160.4,125,ask,,,10160599
2026-07-07T01:05:44.564467,2026-07-07T01:05:44.574290+00:00,160.4,200,ask,,,10160623
2026-07-07T01:05:45.122514,2026-07-07T01:05:45.130408+00:00,160.5,500,bid,,,10160633
2026-07-07T01:05:45.719246,2026-07-07T01:05:45.728920+00:00,160.5,125,bid,,,10160648
2026-07-07T01:05:46.989729,2026-07-07T01:05:47.000961+00:00,160.5,200,ask,,,10160666
2026-07-07T01:05:47.574734,2026-07-07T01:05:47.585135+00:00,160.5,40,ask,,,10160678
2026-07-07T01:05:47.833582,2026-07-07T01:05:47.845278+00:00,160.5,20,ask,,,10160684
2026-07-07T01:05:48.197102,2026-07-07T01:05:48.206288+00:00,160.6,200,ask,,,10160686
2026-07-07T01:05:49.407719,2026-07-07T01:05:49.417289+00:00,160.6,200,ask,,,10160706
2026-07-07T01:05:49.865557,2026-07-07T01:05:49.873071+00:00,160.6,45,ask,,,10160711
2026-07-07T01:05:49.970974,2026-07-07T01:05:49.979400+00:00,160.7,500,bid,,,10160712
2026-07-07T01:05:50.567932,2026-07-07T01:05:50.577906+00:00,160.7,125,bid,,,10160732
2026-07-07T01:05:50.596146,2026-07-07T01:05:50.599622+00:00,160.7,12,ask,,,10160735
2026-07-07T01:05:50.614575,2026-07-07T01:05:50.625484+00:00,160.7,200,ask,,,10160737
2026-07-07T01:05:51.014160,2026-07-07T01:05:51.018181+00:00,160.8,11,ask,,,10160743
2026-07-07T01:05:51.824405,2026-07-07T01:05:51.831473+00:00,160.8,200,ask,,,10160765
2026-07-07T01:05:53.027587,2026-07-07T01:05:53.030987+00:00,161.0,23,bid,,,10160787
2026-07-07T01:05:53.036281,2026-07-07T01:05:53.046705+00:00,160.8,200,ask,,,10160789
2026-07-07T01:05:56.044498,2026-07-07T01:05:56.058566+00:00,160.7,20,ask,,,10160833
2026-07-07T01:05:56.670491,2026-07-07T01:05:56.680857+00:00,160.8,200,ask,,,10160847
2026-07-07T01:05:59.106923,2026-07-07T01:05:59.110723+00:00,160.9,12,ask,,,10160892
2026-07-07T01:05:59.268307,2026-07-07T01:05:59.279724+00:00,160.9,20,ask,,,10160896
2026-07-07T01:06:01.206593,2026-07-07T01:06:01.218153+00:00,161.1,20,bid,,,10160923
2026-07-07T01:06:02.833970,2026-07-07T01:06:02.844208+00:00,160.8,200,ask,,,10160960
2026-07-07T01:06:03.287244,2026-07-07T01:06:03.294849+00:00,160.8,425,bid,,,10160968
2026-07-07T01:06:05.451475,2026-07-07T01:06:05.467777+00:00,161.1,200,bid,,,10161005
2026-07-07T01:06:05.464046,2026-07-07T01:06:05.467777+00:00,161.1,23,ask,,,10161007
2026-07-07T01:06:06.363591,2026-07-07T01:06:06.374513+00:00,161.1,200,ask,,,10161023
2026-07-07T01:06:08.877708,2026-07-07T01:06:08.881543+00:00,161.0,11,ask,,,10161069
2026-07-07T01:06:09.964347,2026-07-07T01:06:09.967531+00:00,161.1,11,ask,,,10161088
2026-07-07T01:06:11.203867,2026-07-07T01:06:11.210701+00:00,161.2,200,bid,,,10161106
2026-07-07T01:06:11.777734,2026-07-07T01:06:11.788092+00:00,161.2,425,bid,,,10161116
2026-07-07T01:06:11.815274,2026-07-07T01:06:11.818897+00:00,161.2,12,ask,,,10161118
2026-07-07T01:06:11.999042,2026-07-07T01:06:12.010408+00:00,161.4,200,bid,,,10161122
2026-07-07T01:06:12.413729,2026-07-07T01:06:12.422626+00:00,161.4,200,ask,,,10161130
2026-07-07T01:06:14.825787,2026-07-07T01:06:14.834528+00:00,161.4,200,bid,,,10161158
2026-07-07T01:06:21.444460,2026-07-07T01:06:21.458538+00:00,161.4,500,bid,,,10161253
2026-07-07T01:06:22.100766,2026-07-07T01:06:22.110328+00:00,161.4,125,bid,,,10161261
2026-07-07T01:06:22.776745,2026-07-07T01:06:22.786481+00:00,161.4,20,ask,,,10161274
2026-07-07T01:06:23.335338,2026-07-07T01:06:23.339695+00:00,161.5,12,bid,,,10161286
2026-07-07T01:06:24.544360,2026-07-07T01:06:24.547919+00:00,161.4,11,bid,,,10161300
2026-07-07T01:06:25.741693,2026-07-07T01:06:25.758773+00:00,161.3,200,ask,,,10161318
2026-07-07T01:06:26.949209,2026-07-07T01:06:26.958742+00:00,161.3,200,ask,,,10161338
2026-07-07T01:06:27.498943,2026-07-07T01:06:27.506556+00:00,161.4,500,bid,,,10161346
2026-07-07T01:06:28.157526,2026-07-07T01:06:28.169541+00:00,161.5,200,ask,,,10161358
2026-07-07T01:06:29.930024,2026-07-07T01:06:29.940603+00:00,161.5,200,bid,,,10161381
2026-07-07T01:06:31.323431,2026-07-07T01:06:31.335216+00:00,161.6,20,bid,,,10161410
2026-07-07T01:06:35.408627,2026-07-07T01:06:35.415183+00:00,161.5,200,ask,,,10161457
2026-07-07T01:06:38.997964,2026-07-07T01:06:39.005786+00:00,161.6,200,bid,,,10161514
2026-07-07T01:06:38.997964,2026-07-07T01:06:39.005786+00:00,161.6,300,bid,,,10161515
2026-07-07T01:06:39.013592,2026-07-07T01:06:39.021759+00:00,161.4,20,ask,,,10161516
2026-07-07T01:06:39.595066,2026-07-07T01:06:39.603126+00:00,161.6,200,bid,,,10161528
2026-07-07T01:06:39.629051,2026-07-07T01:06:39.633216+00:00,161.6,11,ask,,,10161531
2026-07-07T01:06:40.204923,2026-07-07T01:06:40.216553+00:00,161.7,500,bid,,,10161540
2026-07-07T01:06:40.800510,2026-07-07T01:06:40.808261+00:00,161.7,125,bid,,,10161547
2026-07-07T01:06:40.800510,2026-07-07T01:06:40.813568+00:00,161.7,200,bid,,,10161548
2026-07-07T01:06:40.828813,2026-07-07T01:06:40.832922+00:00,161.7,12,ask,,,10161551
2026-07-07T01:06:42.643240,2026-07-07T01:06:42.653911+00:00,161.8,500,bid,,,10161577
2026-07-07T01:06:43.238394,2026-07-07T01:06:43.263666+00:00,161.8,125,bid,,,10161582
2026-07-07T01:06:43.238394,2026-07-07T01:06:43.263666+00:00,161.8,200,bid,,,10161583
2026-07-07T01:06:43.269792,2026-07-07T01:06:43.273546+00:00,161.9,11,ask,,,10161585
2026-07-07T01:06:46.304154,2026-07-07T01:06:46.311266+00:00,161.8,200,ask,,,10161648
2026-07-07T01:06:51.358781,2026-07-07T01:06:51.370527+00:00,162.1,20,bid,,,10161717
2026-07-07T01:06:53.570929,2026-07-07T01:06:53.580020+00:00,162.0,200,ask,,,10161759
2026-07-07T01:06:54.781555,2026-07-07T01:06:54.790594+00:00,161.9,200,ask,,,10161781
2026-07-07T01:06:55.372694,2026-07-07T01:06:55.379569+00:00,161.9,20,ask,,,10161793
2026-07-07T01:06:55.990106,2026-07-07T01:06:55.998994+00:00,161.9,200,ask,,,10161817
2026-07-07T01:06:57.930871,2026-07-07T01:06:57.938623+00:00,161.9,200,bid,,,10161851
2026-07-07T01:06:58.408238,2026-07-07T01:06:58.417887+00:00,161.9,200,ask,,,10161869
2026-07-07T01:07:00.550771,2026-07-07T01:07:00.558657+00:00,161.9,500,ask,,,10161899
2026-07-07T01:07:00.550771,2026-07-07T01:07:00.558657+00:00,161.8,125,ask,,,10161900
2026-07-07T01:07:03.168432,2026-07-07T01:07:03.170408+00:00,162.0,200,bid,,,10161938
2026-07-07T01:07:03.257066,2026-07-07T01:07:03.269184+00:00,162.0,200,ask,,,10161940
2026-07-07T01:07:03.785373,2026-07-07T01:07:03.797035+00:00,162.0,20,ask,,,10161953
2026-07-07T01:07:04.484761,2026-07-07T01:07:04.493924+00:00,162.0,500,ask,,,10161959
2026-07-07T01:07:08.106130,2026-07-07T01:07:08.168762+00:00,162.1,200,bid,,,10162007
2026-07-07T01:07:08.421766,2026-07-07T01:07:08.430342+00:00,162.0,500,ask,,,10162014
2026-07-07T01:07:08.666761,2026-07-07T01:07:08.697720+00:00,162.0,125,bid,,,10162020
2026-07-07T01:07:08.693675,2026-07-07T01:07:08.697720+00:00,162.1,6,ask,,,10162022
2026-07-07T01:07:09.322243,2026-07-07T01:07:09.332978+00:00,162.0,200,ask,,,10162036
2026-07-07T01:07:10.531015,2026-07-07T01:07:10.540401+00:00,162.1,200,ask,,,10162054
2026-07-07T01:07:11.050362,2026-07-07T01:07:11.053749+00:00,162.2,6,bid,,,10162061
2026-07-07T01:07:12.041350,2026-07-07T01:07:12.052972+00:00,162.2,20,bid,,,10162077
2026-07-07T01:07:17.664146,2026-07-07T01:07:17.675726+00:00,162.3,20,bid,,,10162146
2026-07-07T01:07:18.410333,2026-07-07T01:07:18.413861+00:00,162.3,23,bid,,,10162159
2026-07-07T01:07:18.643993,2026-07-07T01:07:18.658571+00:00,162.3,20,bid,,,10162160
2026-07-07T01:07:18.944206,2026-07-07T01:07:18.950796+00:00,162.2,200,ask,,,10162166
2026-07-07T01:07:18.944206,2026-07-07T01:07:18.950796+00:00,162.2,425,ask,,,10162167
2026-07-07T01:07:19.005775,2026-07-07T01:07:19.015612+00:00,162.3,200,ask,,,10162169
2026-07-07T01:07:20.232049,2026-07-07T01:07:20.235778+00:00,162.3,22,bid,,,10162196
2026-07-07T01:07:22.645598,2026-07-07T01:07:22.656976+00:00,162.2,20,ask,,,10162235
2026-07-07T01:07:24.181010,2026-07-07T01:07:24.192478+00:00,162.1,500,ask,,,10162255
2026-07-07T01:07:24.181010,2026-07-07T01:07:24.192478+00:00,162.1,125,ask,,,10162256
2026-07-07T01:07:27.998739,2026-07-07T01:07:28.007534+00:00,162.3,20,ask,,,10162294
2026-07-07T01:07:28.047834,2026-07-07T01:07:28.058583+00:00,162.4,500,bid,,,10162295
2026-07-07T01:07:28.113451,2026-07-07T01:07:28.164945+00:00,162.5,200,bid,,,10162300
2026-07-07T01:07:30.711466,2026-07-07T01:07:30.723264+00:00,162.6,20,bid,,,10162337
2026-07-07T01:07:31.052331,2026-07-07T01:07:31.056041+00:00,162.5,12,bid,,,10162346
2026-07-07T01:07:31.684918,2026-07-07T01:07:31.691810+00:00,162.5,500,bid,,,10162357
2026-07-07T01:07:32.040483,2026-07-07T01:07:32.050445+00:00,162.6,200,bid,,,10162362
2026-07-07T01:07:32.320824,2026-07-07T01:07:32.331459+00:00,162.6,200,ask,,,10162364
2026-07-07T01:07:33.688349,2026-07-07T01:07:33.699967+00:00,162.5,20,ask,,,10162387
2026-07-07T01:07:34.276666,2026-07-07T01:07:34.280452+00:00,162.6,23,bid,,,10162395
2026-07-07T01:07:34.742442,2026-07-07T01:07:34.748914+00:00,162.7,20,bid,,,10162400
2026-07-07T01:07:38.377177,2026-07-07T01:07:38.384371+00:00,162.6,200,ask,,,10162462
2026-07-07T01:07:38.945664,2026-07-07T01:07:38.958593+00:00,162.6,500,bid,,,10162469
2026-07-07T01:07:39.540883,2026-07-07T01:07:39.550425+00:00,162.6,125,bid,,,10162480
2026-07-07T01:07:41.356253,2026-07-07T01:07:41.358601+00:00,162.8,200,bid,,,10162512
2026-07-07T01:07:41.356253,2026-07-07T01:07:41.369100+00:00,162.8,300,bid,,,10162513
2026-07-07T01:07:42.526436,2026-07-07T01:07:42.536032+00:00,162.7,500,ask,,,10162528
2026-07-07T01:07:43.187078,2026-07-07T01:07:43.195802+00:00,162.7,125,bid,,,10162539
2026-07-07T01:07:43.845183,2026-07-07T01:07:43.852151+00:00,162.8,200,bid,,,10162549
2026-07-07T01:07:44.147039,2026-07-07T01:07:44.163848+00:00,162.9,20,ask,,,10162553
2026-07-07T01:07:44.427494,2026-07-07T01:07:44.435417+00:00,162.9,200,ask,,,10162560
2026-07-07T01:07:46.468594,2026-07-07T01:07:46.479320+00:00,162.9,200,bid,,,10162586
2026-07-07T01:07:47.795191,2026-07-07T01:07:47.798773+00:00,163.0,11,bid,,,10162605
2026-07-07T01:07:51.941099,2026-07-07T01:07:51.948003+00:00,162.9,20,bid,,,10162678
2026-07-07T01:07:54.113424,2026-07-07T01:07:54.123327+00:00,162.8,200,ask,,,10162700
2026-07-07T01:07:55.893721,2026-07-07T01:07:55.904388+00:00,162.8,500,bid,,,10162721
2026-07-07T01:07:56.494644,2026-07-07T01:07:56.503326+00:00,162.8,125,bid,,,10162728
2026-07-07T01:07:56.531875,2026-07-07T01:07:56.540352+00:00,162.9,200,ask,,,10162729
2026-07-07T01:07:59.515949,2026-07-07T01:07:59.524311+00:00,163.0,500,bid,,,10162770
2026-07-07T01:08:00.140707,2026-07-07T01:08:00.163628+00:00,163.1,500,bid,,,10162778
2026-07-07T01:08:00.739879,2026-07-07T01:08:00.758587+00:00,163.1,125,bid,,,10162792
2026-07-07T01:08:00.739879,2026-07-07T01:08:00.758587+00:00,163.1,200,bid,,,10162793
2026-07-07T01:08:01.352548,2026-07-07T01:08:01.358618+00:00,163.2,500,bid,,,10162809
2026-07-07T01:08:02.093004,2026-07-07T01:08:02.104595+00:00,163.2,20,bid,,,10162822
2026-07-07T01:08:02.197688,2026-07-07T01:08:02.207339+00:00,163.3,200,bid,,,10162826
2026-07-07T01:08:02.590415,2026-07-07T01:08:02.601214+00:00,163.3,200,ask,,,10162830
2026-07-07T01:08:03.526069,2026-07-07T01:08:03.529612+00:00,163.3,3,bid,,,10162855
2026-07-07T01:08:07.438147,2026-07-07T01:08:07.448490+00:00,163.2,200,ask,,,10162917
2026-07-07T01:08:08.010443,2026-07-07T01:08:08.019972+00:00,163.2,425,bid,,,10162925
2026-07-07T01:08:08.660745,2026-07-07T01:08:08.668751+00:00,163.2,200,ask,,,10162935
2026-07-07T01:08:09.869344,2026-07-07T01:08:09.876916+00:00,163.5,200,ask,,,10162970
2026-07-07T01:08:11.078383,2026-07-07T01:08:11.089542+00:00,163.5,200,ask,,,10162988
2026-07-07T01:08:11.379823,2026-07-07T01:08:11.383344+00:00,163.5,3,bid,,,10162998
2026-07-07T01:08:12.268188,2026-07-07T01:08:12.271897+00:00,163.3,3,ask,,,10163015
2026-07-07T01:08:15.301592,2026-07-07T01:08:15.308153+00:00,163.4,500,ask,,,10163074
2026-07-07T01:08:15.865102,2026-07-07T01:08:15.874012+00:00,163.4,125,bid,,,10163090
2026-07-07T01:08:19.540468,2026-07-07T01:08:19.558590+00:00,163.7,200,bid,,,10163149
2026-07-07T01:08:23.188722,2026-07-07T01:08:23.192461+00:00,163.8,3,ask,,,10163221
2026-07-07T01:08:24.379410,2026-07-07T01:08:24.387686+00:00,163.9,200,bid,,,10163240
2026-07-07T01:08:24.488338,2026-07-07T01:08:24.491754+00:00,163.9,11,ask,,,10163246
2026-07-07T01:08:24.897119,2026-07-07T01:08:24.900716+00:00,164.1,11,bid,,,10163253
2026-07-07T01:08:25.367481,2026-07-07T01:08:25.377212+00:00,163.9,20,ask,,,10163259
2026-07-07T01:08:25.617182,2026-07-07T01:08:25.620990+00:00,164.0,3,bid,,,10163273
2026-07-07T01:08:36.499829,2026-07-07T01:08:36.507628+00:00,164.1,200,ask,,,10163457
2026-07-07T01:08:37.708348,2026-07-07T01:08:37.718694+00:00,164.2,200,ask,,,10163480
2026-07-07T01:08:40.234006,2026-07-07T01:08:40.245387+00:00,164.3,200,bid,,,10163526
2026-07-07T01:08:40.693480,2026-07-07T01:08:40.703883+00:00,164.4,425,ask,,,10163539
2026-07-07T01:08:42.569613,2026-07-07T01:08:42.573454+00:00,164.2,3,bid,,,10163571
2026-07-07T01:08:42.847340,2026-07-07T01:08:42.858548+00:00,164.2,197,bid,,,10163584
2026-07-07T01:08:43.875341,2026-07-07T01:08:43.879201+00:00,164.2,3,ask,,,10163599
2026-07-07T01:08:44.973290,2026-07-07T01:08:44.984616+00:00,164.2,200,ask,,,10163615
2026-07-07T01:08:46.385981,2026-07-07T01:08:46.397587+00:00,164.1,20,ask,,,10163629
2026-07-07T01:08:47.533028,2026-07-07T01:08:47.558745+00:00,164.1,20,ask,,,10163646
2026-07-07T01:08:54.678068,2026-07-07T01:08:54.685068+00:00,164.2,200,ask,,,10163760
2026-07-07T01:08:57.663155,2026-07-07T01:08:57.670084+00:00,164.1,200,ask,,,10163794
2026-07-07T01:08:58.871724,2026-07-07T01:08:58.880277+00:00,164.0,200,ask,,,10163816
2026-07-07T01:08:58.871724,2026-07-07T01:08:58.880277+00:00,164.0,300,ask,,,10163817
2026-07-07T01:08:59.464153,2026-07-07T01:08:59.474806+00:00,164.0,325,ask,,,10163825
2026-07-07T01:09:00.718153,2026-07-07T01:09:00.725726+00:00,163.9,200,bid,,,10163848
2026-07-07T01:09:01.927480,2026-07-07T01:09:01.936514+00:00,163.9,200,bid,,,10163861
2026-07-07T01:09:02.209764,2026-07-07T01:09:02.221376+00:00,163.9,20,bid,,,10163865
2026-07-07T01:09:05.316639,2026-07-07T01:09:05.328450+00:00,164.2,20,bid,,,10163918
2026-07-07T01:09:06.024797,2026-07-07T01:09:06.028918+00:00,163.9,14,ask,,,10163927
2026-07-07T01:09:07.156476,2026-07-07T01:09:07.163990+00:00,164.0,20,bid,,,10163952
2026-07-07T01:09:12.852011,2026-07-07T01:09:12.855464+00:00,163.8,12,ask,,,10164061
2026-07-07T01:09:14.490183,2026-07-07T01:09:14.501807+00:00,164.0,20,bid,,,10164095
2026-07-07T01:09:16.858229,2026-07-07T01:09:16.869777+00:00,163.9,20,bid,,,10164128
2026-07-07T01:09:18.681793,2026-07-07T01:09:18.685521+00:00,163.7,11,ask,,,10164166
2026-07-07T01:09:19.572422,2026-07-07T01:09:19.582147+00:00,163.6,500,ask,,,10164182
2026-07-07T01:09:20.061852,2026-07-07T01:09:20.069258+00:00,163.6,125,bid,,,10164192
2026-07-07T01:09:20.061852,2026-07-07T01:09:20.074229+00:00,163.7,200,bid,,,10164193
2026-07-07T01:09:20.217224,2026-07-07T01:09:20.220732+00:00,163.7,12,ask,,,10164195
2026-07-07T01:09:24.944040,2026-07-07T01:09:24.953255+00:00,163.7,200,ask,,,10164280
2026-07-07T01:09:26.721827,2026-07-07T01:09:26.733527+00:00,163.8,500,bid,,,10164307
2026-07-07T01:09:27.320117,2026-07-07T01:09:27.328006+00:00,163.8,125,bid,,,10164313
2026-07-07T01:09:27.320117,2026-07-07T01:09:27.333233+00:00,163.8,200,bid,,,10164314
2026-07-07T01:09:28.527582,2026-07-07T01:09:28.538239+00:00,163.9,200,bid,,,10164329
2026-07-07T01:09:30.963103,2026-07-07T01:09:30.974686+00:00,164.0,200,bid,,,10164361
2026-07-07T01:09:30.963103,2026-07-07T01:09:30.974686+00:00,164.0,300,bid,,,10164362
2026-07-07T01:09:30.987865,2026-07-07T01:09:30.996794+00:00,164.0,200,bid,,,10164363
2026-07-07T01:09:31.559146,2026-07-07T01:09:31.569335+00:00,164.0,500,bid,,,10164375
2026-07-07T01:09:32.163637,2026-07-07T01:09:32.191429+00:00,164.0,125,bid,,,10164391
2026-07-07T01:09:32.187739,2026-07-07T01:09:32.191429+00:00,164.0,22,ask,,,10164393
2026-07-07T01:09:34.465441,2026-07-07T01:09:34.469761+00:00,164.3,22,bid,,,10164426
2026-07-07T01:09:45.533907,2026-07-07T01:09:45.544457+00:00,164.2,200,ask,,,10164627
2026-07-07T01:09:46.758014,2026-07-07T01:09:46.761558+00:00,164.3,12,bid,,,10164648
2026-07-07T01:09:47.132631,2026-07-07T01:09:47.135916+00:00,164.3,11,bid,,,10164656
2026-07-07T01:09:47.887154,2026-07-07T01:09:47.896461+00:00,164.3,177,bid,,,10164669
2026-07-07T01:09:48.840131,2026-07-07T01:09:48.851906+00:00,164.5,20,bid,,,10164685
2026-07-07T01:09:49.162861,2026-07-07T01:09:49.174111+00:00,164.4,200,ask,,,10164690
2026-07-07T01:09:50.329777,2026-07-07T01:09:50.337897+00:00,164.4,500,bid,,,10164706
2026-07-07T01:09:51.074323,2026-07-07T01:09:51.085451+00:00,164.4,200,bid,,,10164724
2026-07-07T01:09:53.481799,2026-07-07T01:09:53.485507+00:00,164.5,23,bid,,,10164767
2026-07-07T01:09:53.704134,2026-07-07T01:09:53.711140+00:00,164.4,500,ask,,,10164772
2026-07-07T01:09:53.721775,2026-07-07T01:09:53.725384+00:00,164.4,3,bid,,,10164775
2026-07-07T01:09:53.941292,2026-07-07T01:09:53.948399+00:00,164.4,122,bid,,,10164777
2026-07-07T01:09:55.203975,2026-07-07T01:09:55.212233+00:00,164.4,200,ask,,,10164804
2026-07-07T01:09:55.847828,2026-07-07T01:09:55.855154+00:00,164.5,3,ask,,,10164812
2026-07-07T01:09:56.326151,2026-07-07T01:09:56.333772+00:00,164.5,497,ask,,,10164819
2026-07-07T01:09:56.376163,2026-07-07T01:09:56.385091+00:00,164.5,128,bid,,,10164820
2026-07-07T01:09:57.633263,2026-07-07T01:09:57.639594+00:00,164.6,200,bid,,,10164842
2026-07-07T01:09:59.306740,2026-07-07T01:09:59.314520+00:00,164.5,20,ask,,,10164869
2026-07-07T01:09:59.803422,2026-07-07T01:09:59.807822+00:00,164.7,3,bid,,,10164878
2026-07-07T01:10:01.076909,2026-07-07T01:10:01.088669+00:00,164.6,20,ask,,,10164893
2026-07-07T01:10:01.253740,2026-07-07T01:10:01.258577+00:00,164.8,200,bid,,,10164898
2026-07-07T01:10:04.845804,2026-07-07T01:10:04.855761+00:00,164.8,500,bid,,,10164940
2026-07-07T01:10:04.876681,2026-07-07T01:10:04.887023+00:00,164.8,125,bid,,,10164941
2026-07-07T01:10:06.051039,2026-07-07T01:10:06.058617+00:00,165.0,200,bid,,,10164962
2026-07-07T01:10:08.489398,2026-07-07T01:10:08.497281+00:00,165.1,500,bid,,,10165017
2026-07-07T01:10:09.428070,2026-07-07T01:10:09.451061+00:00,165.2,200,bid,,,10165033
2026-07-07T01:10:09.447008,2026-07-07T01:10:09.451061+00:00,165.2,14,ask,,,10165036
2026-07-07T01:10:12.064454,2026-07-07T01:10:12.067870+00:00,165.3,12,ask,,,10165083
2026-07-07T01:10:12.154303,2026-07-07T01:10:12.153707+00:00,165.3,200,ask,,,10165085
2026-07-07T01:10:13.722211,2026-07-07T01:10:13.733765+00:00,165.3,20,ask,,,10165112
2026-07-07T01:10:14.700371,2026-07-07T01:10:14.704050+00:00,165.4,12,bid,,,10165133
2026-07-07T01:10:18.210355,2026-07-07T01:10:18.258694+00:00,165.5,200,bid,,,10165197
2026-07-07T01:10:21.846508,2026-07-07T01:10:21.864114+00:00,165.3,200,ask,,,10165256
2026-07-07T01:10:25.174013,2026-07-07T01:10:25.184959+00:00,165.3,200,ask,,,10165297
2026-07-07T01:10:25.190440,2026-07-07T01:10:25.194089+00:00,165.3,11,bid,,,10165299
2026-07-07T01:10:28.317422,2026-07-07T01:10:28.321165+00:00,165.3,11,ask,,,10165355
2026-07-07T01:10:29.099920,2026-07-07T01:10:29.111444+00:00,165.4,200,bid,,,10165369
2026-07-07T01:10:34.587112,2026-07-07T01:10:34.598474+00:00,165.7,20,ask,,,10165447
2026-07-07T01:10:39.617373,2026-07-07T01:10:39.626106+00:00,166.0,20,bid,,,10165526
2026-07-07T01:10:44.078595,2026-07-07T01:10:44.082965+00:00,166.1,14,bid,,,10165584
2026-07-07T01:10:45.662918,2026-07-07T01:10:45.674322+00:00,165.8,20,ask,,,10165610
2026-07-07T01:10:47.466289,2026-07-07T01:10:47.477698+00:00,166.0,200,ask,,,10165637
2026-07-07T01:10:49.204289,2026-07-07T01:10:49.215707+00:00,166.0,20,bid,,,10165671
2026-07-07T01:10:51.389616,2026-07-07T01:10:51.397183+00:00,165.9,200,bid,,,10165713
2026-07-07T01:10:54.005838,2026-07-07T01:10:54.014848+00:00,165.9,200,ask,,,10165744
2026-07-07T01:10:54.993254,2026-07-07T01:10:55.004968+00:00,165.9,20,bid,,,10165757
2026-07-07T01:10:57.207865,2026-07-07T01:10:57.219269+00:00,165.9,20,bid,,,10165799
2026-07-07T01:10:58.042256,2026-07-07T01:10:58.045819+00:00,165.7,3,ask,,,10165815
2026-07-07T01:10:59.964287,2026-07-07T01:10:59.968139+00:00,165.6,23,ask,,,10165844
2026-07-07T01:10:59.989510,2026-07-07T01:11:00.001217+00:00,165.6,20,ask,,,10165845
2026-07-07T01:11:01.874103,2026-07-07T01:11:01.890909+00:00,165.7,200,bid,,,10165868
2026-07-07T01:11:01.887516,2026-07-07T01:11:01.890909+00:00,165.7,11,ask,,,10165870
2026-07-07T01:11:02.990763,2026-07-07T01:11:03.000616+00:00,165.7,200,ask,,,10165890
2026-07-07T01:11:07.841918,2026-07-07T01:11:07.850895+00:00,165.3,200,ask,,,10165978
2026-07-07T01:11:08.452275,2026-07-07T01:11:08.455746+00:00,165.4,12,ask,,,10165987
2026-07-07T01:11:08.454817,2026-07-07T01:11:08.471185+00:00,165.4,488,ask,,,10165988
2026-07-07T01:11:09.655952,2026-07-07T01:11:09.668907+00:00,165.4,137,bid,,,10166022
2026-07-07T01:11:11.484867,2026-07-07T01:11:11.488573+00:00,165.5,11,ask,,,10166054
2026-07-07T01:11:12.682313,2026-07-07T01:11:12.692447+00:00,165.7,200,bid,,,10166079
2026-07-07T01:11:16.630244,2026-07-07T01:11:16.641744+00:00,165.5,20,ask,,,10166146
2026-07-07T01:11:17.564906,2026-07-07T01:11:17.568947+00:00,165.6,11,bid,,,10166157
2026-07-07T01:11:22.891060,2026-07-07T01:11:22.892513+00:00,165.6,200,bid,,,10166259
2026-07-07T01:11:23.331865,2026-07-07T01:11:23.358612+00:00,165.8,20,bid,,,10166268
2026-07-07T01:11:23.614269,2026-07-07T01:11:23.625516+00:00,165.6,200,ask,,,10166278
2026-07-07T01:11:25.252203,2026-07-07T01:11:25.255375+00:00,165.5,11,ask,,,10166295
2026-07-07T01:11:26.032760,2026-07-07T01:11:26.041229+00:00,165.6,200,bid,,,10166307
2026-07-07T01:11:27.326327,2026-07-07T01:11:27.337947+00:00,165.5,20,ask,,,10166334
2026-07-07T01:11:29.668145,2026-07-07T01:11:29.679428+00:00,165.6,200,bid,,,10166367
2026-07-07T01:11:32.019946,2026-07-07T01:11:32.031835+00:00,165.5,20,ask,,,10166408
2026-07-07T01:11:32.080194,2026-07-07T01:11:32.088089+00:00,165.5,200,ask,,,10166411
2026-07-07T01:11:32.089521,2026-07-07T01:11:32.098608+00:00,165.5,200,bid,,,10166413
2026-07-07T01:11:33.409442,2026-07-07T01:11:33.412706+00:00,165.5,11,ask,,,10166430
2026-07-07T01:11:34.677489,2026-07-07T01:11:34.689353+00:00,165.5,20,ask,,,10166455
2026-07-07T01:11:43.000207,2026-07-07T01:11:43.008223+00:00,165.5,200,ask,,,10166568
2026-07-07T01:11:43.753966,2026-07-07T01:11:43.765709+00:00,165.6,20,bid,,,10166583
2026-07-07T01:11:44.760153,2026-07-07T01:11:44.768858+00:00,165.4,500,ask,,,10166598
2026-07-07T01:11:45.356901,2026-07-07T01:11:45.356419+00:00,165.4,500,ask,,,10166612
2026-07-07T01:11:49.110626,2026-07-07T01:11:49.119220+00:00,165.5,200,bid,,,10166672
2026-07-07T01:11:50.028013,2026-07-07T01:11:50.039532+00:00,165.5,20,ask,,,10166683
2026-07-07T01:11:50.760507,2026-07-07T01:11:50.769050+00:00,165.5,20,ask,,,10166692
2026-07-07T01:11:53.048434,2026-07-07T01:11:53.068723+00:00,165.5,200,ask,,,10166737
2026-07-07T01:11:53.879378,2026-07-07T01:11:53.890910+00:00,165.5,200,bid,,,10166753
2026-07-07T01:11:54.923392,2026-07-07T01:11:54.933454+00:00,165.4,20,ask,,,10166777
2026-07-07T01:11:56.299844,2026-07-07T01:11:56.310866+00:00,165.6,200,bid,,,10166799
2026-07-07T01:11:56.977484,2026-07-07T01:11:56.995870+00:00,165.7,500,bid,,,10166810
2026-07-07T01:11:56.992422,2026-07-07T01:11:56.995870+00:00,165.7,29,ask,,,10166812
2026-07-07T01:11:58.287321,2026-07-07T01:11:58.294086+00:00,165.7,200,ask,,,10166838
2026-07-07T01:11:58.718544,2026-07-07T01:11:58.726249+00:00,165.6,200,bid,,,10166850
2026-07-07T01:12:03.175260,2026-07-07T01:12:03.179637+00:00,165.6,17,bid,,,10166916
2026-07-07T01:12:03.551838,2026-07-07T01:12:03.575575+00:00,165.5,200,ask,,,10166919
2026-07-07T01:12:03.558139,2026-07-07T01:12:03.575575+00:00,165.4,200,bid,,,10166920
2026-07-07T01:12:03.572042,2026-07-07T01:12:03.575575+00:00,165.4,23,bid,,,10166923
2026-07-07T01:12:06.385694,2026-07-07T01:12:06.389557+00:00,165.3,11,ask,,,10166966
2026-07-07T01:12:07.204575,2026-07-07T01:12:07.207758+00:00,165.4,12,ask,,,10166982
2026-07-07T01:12:07.502492,2026-07-07T01:12:07.506289+00:00,165.5,11,ask,,,10166987
2026-07-07T01:12:07.664584,2026-07-07T01:12:07.668622+00:00,165.6,23,bid,,,10166990
2026-07-07T01:12:08.559789,2026-07-07T01:12:08.571735+00:00,165.7,20,bid,,,10167002
2026-07-07T01:12:09.613195,2026-07-07T01:12:09.621322+00:00,165.7,200,bid,,,10167027
2026-07-07T01:12:11.425382,2026-07-07T01:12:11.436288+00:00,165.8,500,bid,,,10167052
2026-07-07T01:12:11.982555,2026-07-07T01:12:11.993497+00:00,165.8,125,ask,,,10167064
2026-07-07T01:12:12.029563,2026-07-07T01:12:12.037693+00:00,165.7,200,bid,,,10167067
2026-07-07T01:12:13.236554,2026-07-07T01:12:13.264509+00:00,165.6,200,bid,,,10167089
2026-07-07T01:12:13.792236,2026-07-07T01:12:13.802918+00:00,165.5,500,ask,,,10167098
2026-07-07T01:12:14.063869,2026-07-07T01:12:14.067383+00:00,165.4,22,bid,,,10167107
2026-07-07T01:12:14.444689,2026-07-07T01:12:14.452275+00:00,165.4,200,bid,,,10167116
2026-07-07T01:12:15.656443,2026-07-07T01:12:15.668707+00:00,165.4,200,bid,,,10167143
2026-07-07T01:12:16.240854,2026-07-07T01:12:16.244541+00:00,165.3,12,bid,,,10167157
2026-07-07T01:12:16.668885,2026-07-07T01:12:16.677405+00:00,165.3,488,bid,,,10167163
2026-07-07T01:12:17.982309,2026-07-07T01:12:17.989525+00:00,165.3,200,ask,,,10167174
2026-07-07T01:12:18.076000,2026-07-07T01:12:18.082938+00:00,165.3,200,bid,,,10167176
2026-07-07T01:12:19.290632,2026-07-07T01:12:19.299172+00:00,165.2,200,bid,,,10167194
2026-07-07T01:12:19.300543,2026-07-07T01:12:19.309906+00:00,165.2,300,bid,,,10167196
2026-07-07T01:12:21.564909,2026-07-07T01:12:21.576804+00:00,165.3,20,bid,,,10167234
2026-07-07T01:12:23.227349,2026-07-07T01:12:23.268706+00:00,165.3,200,bid,,,10167264
2026-07-07T01:12:25.869951,2026-07-07T01:12:25.873814+00:00,165.3,11,bid,,,10167296
2026-07-07T01:12:28.476280,2026-07-07T01:12:28.485091+00:00,165.2,200,ask,,,10167344
2026-07-07T01:12:28.500811,2026-07-07T01:12:28.504533+00:00,165.2,23,bid,,,10167347
2026-07-07T01:12:28.967911,2026-07-07T01:12:28.975087+00:00,165.2,200,bid,,,10167360
2026-07-07T01:12:31.715900,2026-07-07T01:12:31.720581+00:00,165.2,11,ask,,,10167394
2026-07-07T01:12:32.401736,2026-07-07T01:12:32.422101+00:00,165.3,200,bid,,,10167405
2026-07-07T01:12:32.418698,2026-07-07T01:12:32.422101+00:00,165.3,12,ask,,,10167407
2026-07-07T01:12:35.042155,2026-07-07T01:12:35.051714+00:00,165.3,200,bid,,,10167449
2026-07-07T01:12:36.250259,2026-07-07T01:12:36.263936+00:00,165.3,200,bid,,,10167456
2026-07-07T01:12:36.264130,2026-07-07T01:12:36.274377+00:00,165.3,20,bid,,,10167458
2026-07-07T01:12:37.463668,2026-07-07T01:12:37.474828+00:00,165.4,200,ask,,,10167476
2026-07-07T01:12:38.674278,2026-07-07T01:12:38.684604+00:00,165.4,200,ask,,,10167498
2026-07-07T01:12:39.879536,2026-07-07T01:12:39.886958+00:00,165.4,200,bid,,,10167515
2026-07-07T01:12:41.212933,2026-07-07T01:12:41.216946+00:00,165.2,11,ask,,,10167543
2026-07-07T01:12:41.595086,2026-07-07T01:12:41.601581+00:00,165.2,39,ask,,,10167550
2026-07-07T01:12:41.595086,2026-07-07T01:12:41.607130+00:00,165.2,500,ask,,,10167551
2026-07-07T01:12:41.595086,2026-07-07T01:12:41.607130+00:00,165.2,86,ask,,,10167552
2026-07-07T01:12:42.276336,2026-07-07T01:12:42.279972+00:00,165.3,12,ask,,,10167565
2026-07-07T01:12:42.905490,2026-07-07T01:12:42.913549+00:00,165.4,50,bid,,,10167577
2026-07-07T01:12:42.925156,2026-07-07T01:12:42.929225+00:00,165.4,11,ask,,,10167579
2026-07-07T01:12:48.365175,2026-07-07T01:12:48.375324+00:00,165.6,200,bid,,,10167649
2026-07-07T01:12:52.099785,2026-07-07T01:12:52.106423+00:00,165.5,200,ask,,,10167702
2026-07-07T01:12:52.117257,2026-07-07T01:12:52.120929+00:00,165.5,11,bid,,,10167704
2026-07-07T01:12:53.421354,2026-07-07T01:12:53.425398+00:00,165.4,12,bid,,,10167720
2026-07-07T01:12:57.400881,2026-07-07T01:12:57.411134+00:00,165.3,200,bid,,,10167781
2026-07-07T01:12:57.400881,2026-07-07T01:12:57.411134+00:00,165.4,300,bid,,,10167782
2026-07-07T01:12:57.996516,2026-07-07T01:12:58.006000+00:00,165.4,325,bid,,,10167800
2026-07-07T01:12:58.039947,2026-07-07T01:12:58.063944+00:00,165.5,175,ask,,,10167807
2026-07-07T01:12:58.600578,2026-07-07T01:12:58.609404+00:00,165.5,25,bid,,,10167815
2026-07-07T01:12:58.625329,2026-07-07T01:12:58.628861+00:00,165.5,12,ask,,,10167818
2026-07-07T01:13:01.269488,2026-07-07T01:13:01.273126+00:00,165.5,23,bid,,,10167866
2026-07-07T01:13:01.623020,2026-07-07T01:13:01.632902+00:00,165.5,500,bid,,,10167872
2026-07-07T01:13:01.666372,2026-07-07T01:13:01.674182+00:00,165.5,102,bid,,,10167874
2026-07-07T01:13:05.184202,2026-07-07T01:13:05.203346+00:00,165.5,500,ask,,,10167932
2026-07-07T01:13:05.199774,2026-07-07T01:13:05.203346+00:00,165.5,12,bid,,,10167934
2026-07-07T01:13:05.260032,2026-07-07T01:13:05.269319+00:00,165.5,113,bid,,,10167935
2026-07-07T01:13:05.260032,2026-07-07T01:13:05.269319+00:00,165.6,200,bid,,,10167936
2026-07-07T01:13:06.479696,2026-07-07T01:13:06.489452+00:00,165.7,200,bid,,,10167955
2026-07-07T01:13:06.527627,2026-07-07T01:13:06.534586+00:00,165.7,200,ask,,,10167959
2026-07-07T01:13:10.162310,2026-07-07T01:13:10.169183+00:00,165.7,20,bid,,,10168019
2026-07-07T01:13:10.916528,2026-07-07T01:13:10.920116+00:00,165.7,11,bid,,,10168038
2026-07-07T01:13:11.329072,2026-07-07T01:13:11.340427+00:00,165.7,189,bid,,,10168041
2026-07-07T01:13:11.329072,2026-07-07T01:13:11.340427+00:00,165.7,311,bid,,,10168042
2026-07-07T01:13:11.366664,2026-07-07T01:13:11.374384+00:00,165.7,200,bid,,,10168044
2026-07-07T01:13:12.581851,2026-07-07T01:13:12.591400+00:00,165.8,200,ask,,,10168076
2026-07-07T01:13:12.841357,2026-07-07T01:13:12.845722+00:00,165.9,3,bid,,,10168080
2026-07-07T01:13:13.086178,2026-07-07T01:13:13.095708+00:00,165.8,300,ask,,,10168085
2026-07-07T01:13:13.121642,2026-07-07T01:13:13.163680+00:00,165.8,325,bid,,,10168086
2026-07-07T01:13:13.801512,2026-07-07T01:13:13.808912+00:00,165.9,200,ask,,,10168101
2026-07-07T01:13:15.013296,2026-07-07T01:13:15.023013+00:00,166.0,200,ask,,,10168127
2026-07-07T01:13:15.701572,2026-07-07T01:13:15.708444+00:00,166.0,500,ask,,,10168140
2026-07-07T01:13:16.006682,2026-07-07T01:13:16.010880+00:00,166.0,3,bid,,,10168150
2026-07-07T01:13:17.291116,2026-07-07T01:13:17.294691+00:00,166.0,3,ask,,,10168182
2026-07-07T01:13:19.761309,2026-07-07T01:13:19.772967+00:00,165.9,20,ask,,,10168230
2026-07-07T01:13:20.385600,2026-07-07T01:13:20.393561+00:00,166.0,500,bid,,,10168234
2026-07-07T01:13:20.938806,2026-07-07T01:13:20.946244+00:00,166.2,200,bid,,,10168244
2026-07-07T01:13:20.957285,2026-07-07T01:13:20.961279+00:00,166.3,5,ask,,,10168246
2026-07-07T01:13:21.074353,2026-07-07T01:13:21.081928+00:00,166.3,200,ask,,,10168254
2026-07-07T01:13:23.498022,2026-07-07T01:13:23.507073+00:00,166.3,200,ask,,,10168285
2026-07-07T01:13:23.579513,2026-07-07T01:13:23.582774+00:00,166.3,2,bid,,,10168288
2026-07-07T01:13:24.707024,2026-07-07T01:13:24.717565+00:00,166.2,200,ask,,,10168308
2026-07-07T01:13:25.930923,2026-07-07T01:13:25.934935+00:00,166.2,3,bid,,,10168334
2026-07-07T01:13:27.076710,2026-07-07T01:13:27.084871+00:00,166.2,197,bid,,,10168353
2026-07-07T01:13:27.123907,2026-07-07T01:13:27.131923+00:00,166.2,200,ask,,,10168355
2026-07-07T01:13:28.155249,2026-07-07T01:13:28.163911+00:00,166.3,20,bid,,,10168378
2026-07-07T01:13:28.811475,2026-07-07T01:13:28.814895+00:00,166.3,14,ask,,,10168392
2026-07-07T01:13:31.424867,2026-07-07T01:13:31.445143+00:00,166.2,200,ask,,,10168425
2026-07-07T01:13:31.439903,2026-07-07T01:13:31.445143+00:00,166.2,11,bid,,,10168427
2026-07-07T01:13:31.961772,2026-07-07T01:13:31.970975+00:00,166.2,200,bid,,,10168437
2026-07-07T01:13:34.383647,2026-07-07T01:13:34.393462+00:00,166.2,200,bid,,,10168472
2026-07-07T01:13:34.974085,2026-07-07T01:13:34.977575+00:00,166.2,3,bid,,,10168485
2026-07-07T01:13:37.344500,2026-07-07T01:13:37.354723+00:00,166.2,200,bid,,,10168522
2026-07-07T01:13:40.433173,2026-07-07T01:13:40.441391+00:00,166.2,200,ask,,,10168577
2026-07-07T01:13:41.642937,2026-07-07T01:13:41.650760+00:00,166.3,200,ask,,,10168591
2026-07-07T01:13:43.226772,2026-07-07T01:13:43.274697+00:00,166.2,500,ask,,,10168612
2026-07-07T01:13:43.271032,2026-07-07T01:13:43.274697+00:00,166.2,3,bid,,,10168615
2026-07-07T01:13:43.397699,2026-07-07T01:13:43.408672+00:00,166.2,122,bid,,,10168617
2026-07-07T01:13:44.006562,2026-07-07T01:13:44.015040+00:00,166.3,200,bid,,,10168630
2026-07-07T01:13:44.062045,2026-07-07T01:13:44.071482+00:00,166.3,200,ask,,,10168631
2026-07-07T01:13:44.556183,2026-07-07T01:13:44.560043+00:00,166.5,34,bid,,,10168643
2026-07-07T01:13:45.273454,2026-07-07T01:13:45.284771+00:00,166.3,200,ask,,,10168656
2026-07-07T01:13:45.891240,2026-07-07T01:13:45.895009+00:00,166.4,12,bid,,,10168663
2026-07-07T01:13:46.641440,2026-07-07T01:13:46.658620+00:00,166.3,20,ask,,,10168677
2026-07-07T01:13:47.049169,2026-07-07T01:13:47.054441+00:00,166.4,500,bid,,,10168689
2026-07-07T01:13:47.185005,2026-07-07T01:13:47.193529+00:00,166.4,200,bid,,,10168694
2026-07-07T01:13:47.686321,2026-07-07T01:13:47.689775+00:00,166.4,12,ask,,,10168707
2026-07-07T01:13:48.856683,2026-07-07T01:13:48.858627+00:00,166.5,200,bid,,,10168726
2026-07-07T01:13:48.876268,2026-07-07T01:13:48.879398+00:00,166.5,11,ask,,,10168728
2026-07-07T01:13:50.109830,2026-07-07T01:13:50.119556+00:00,166.5,200,ask,,,10168754
2026-07-07T01:13:52.437804,2026-07-07T01:13:52.446853+00:00,166.5,500,ask,,,10168784
2026-07-07T01:13:52.452571,2026-07-07T01:13:52.456371+00:00,166.5,11,bid,,,10168786
2026-07-07T01:13:52.490787,2026-07-07T01:13:52.499497+00:00,166.5,114,bid,,,10168787
2026-07-07T01:13:52.490787,2026-07-07T01:13:52.499497+00:00,166.6,200,bid,,,10168788
2026-07-07T01:13:53.703634,2026-07-07T01:13:53.712699+00:00,166.7,200,bid,,,10168812
2026-07-07T01:13:53.750946,2026-07-07T01:13:53.759963+00:00,166.7,300,ask,,,10168815
2026-07-07T01:13:54.301777,2026-07-07T01:13:54.332522+00:00,166.7,325,bid,,,10168823
2026-07-07T01:13:54.328866,2026-07-07T01:13:54.332522+00:00,166.7,11,ask,,,10168826
2026-07-07T01:13:55.076486,2026-07-07T01:13:55.080648+00:00,166.8,12,ask,,,10168845
2026-07-07T01:13:57.422395,2026-07-07T01:13:57.432062+00:00,166.8,200,ask,,,10168877
2026-07-07T01:13:59.004873,2026-07-07T01:13:59.012171+00:00,166.8,200,ask,,,10168899
2026-07-07T01:14:01.564786,2026-07-07T01:14:01.575109+00:00,166.9,500,bid,,,10168924
2026-07-07T01:14:02.268158,2026-07-07T01:14:02.278192+00:00,166.9,200,ask,,,10168935
2026-07-07T01:14:03.273015,2026-07-07T01:14:03.284722+00:00,166.8,20,ask,,,10168952
2026-07-07T01:14:06.869953,2026-07-07T01:14:06.878113+00:00,166.9,200,bid,,,10169002
2026-07-07T01:14:06.876123,2026-07-07T01:14:06.883362+00:00,166.9,20,ask,,,10169003
2026-07-07T01:14:07.110679,2026-07-07T01:14:07.120860+00:00,166.9,200,ask,,,10169006
2026-07-07T01:14:07.325094,2026-07-07T01:14:07.334598+00:00,167.1,20,bid,,,10169010
2026-07-07T01:14:08.181746,2026-07-07T01:14:08.193859+00:00,166.8,500,ask,,,10169026
2026-07-07T01:14:08.190524,2026-07-07T01:14:08.193859+00:00,166.8,12,bid,,,10169028
2026-07-07T01:14:08.212767,2026-07-07T01:14:08.258928+00:00,166.8,113,bid,,,10169029
2026-07-07T01:14:09.569272,2026-07-07T01:14:09.580658+00:00,166.9,20,ask,,,10169049
2026-07-07T01:14:14.876415,2026-07-07T01:14:14.884711+00:00,167.1,200,bid,,,10169137
2026-07-07T01:14:15.508826,2026-07-07T01:14:15.517869+00:00,167.2,500,bid,,,10169145
2026-07-07T01:14:16.041178,2026-07-07T01:14:16.043594+00:00,167.2,200,bid,,,10169151
2026-07-07T01:14:16.158478,2026-07-07T01:14:16.162782+00:00,167.3,12,ask,,,10169153
2026-07-07T01:14:16.473642,2026-07-07T01:14:16.481024+00:00,167.3,20,ask,,,10169158
2026-07-07T01:14:18.006703,2026-07-07T01:14:18.013670+00:00,167.4,200,bid,,,10169178
2026-07-07T01:14:19.315291,2026-07-07T01:14:19.319633+00:00,167.4,23,bid,,,10169201
2026-07-07T01:14:19.764232,2026-07-07T01:14:19.768093+00:00,167.3,22,ask,,,10169209
2026-07-07T01:14:21.302263,2026-07-07T01:14:21.309658+00:00,167.4,200,bid,,,10169230
2026-07-07T01:14:22.613548,2026-07-07T01:14:22.625125+00:00,167.5,200,ask,,,10169260
2026-07-07T01:14:22.842044,2026-07-07T01:14:22.850869+00:00,167.5,200,bid,,,10169265
2026-07-07T01:14:25.606248,2026-07-07T01:14:25.616880+00:00,167.7,20,bid,,,10169307
2026-07-07T01:14:25.651914,2026-07-07T01:14:25.655789+00:00,167.5,15,ask,,,10169314
2026-07-07T01:14:26.542344,2026-07-07T01:14:26.558554+00:00,167.6,200,ask,,,10169334
2026-07-07T01:14:27.687190,2026-07-07T01:14:27.697629+00:00,167.5,200,bid,,,10169344
2026-07-07T01:14:33.641726,2026-07-07T01:14:33.650537+00:00,167.7,20,bid,,,10169424
2026-07-07T01:14:35.410948,2026-07-07T01:14:35.422655+00:00,167.6,20,bid,,,10169445
2026-07-07T01:14:38.146787,2026-07-07T01:14:38.163987+00:00,167.8,20,bid,,,10169495
2026-07-07T01:14:38.590506,2026-07-07T01:14:38.599563+00:00,167.6,200,ask,,,10169507
2026-07-07T01:14:39.637727,2026-07-07T01:14:39.645665+00:00,167.7,500,bid,,,10169530
2026-07-07T01:14:39.738530,2026-07-07T01:14:39.745598+00:00,167.7,125,ask,,,10169532
2026-07-07T01:14:42.704832,2026-07-07T01:14:42.708968+00:00,167.5,14,ask,,,10169581
2026-07-07T01:14:43.435102,2026-07-07T01:14:43.445035+00:00,167.6,200,bid,,,10169589
2026-07-07T01:14:45.852888,2026-07-07T01:14:45.861688+00:00,167.6,200,bid,,,10169634
2026-07-07T01:14:47.513411,2026-07-07T01:14:47.524059+00:00,167.5,200,ask,,,10169652
2026-07-07T01:14:48.268598,2026-07-07T01:14:48.275177+00:00,167.5,200,bid,,,10169665
2026-07-07T01:14:48.845402,2026-07-07T01:14:48.849220+00:00,167.6,35,ask,,,10169671
2026-07-07T01:14:54.349042,2026-07-07T01:14:54.352588+00:00,167.7,11,ask,,,10169746
2026-07-07T01:14:56.246134,2026-07-07T01:14:56.257586+00:00,167.8,20,bid,,,10169776
2026-07-07T01:14:59.187680,2026-07-07T01:14:59.197177+00:00,167.7,200,bid,,,10169818
2026-07-07T01:15:04.043510,2026-07-07T01:15:04.047513+00:00,167.9,11,ask,,,10169893
2026-07-07T01:15:04.575807,2026-07-07T01:15:04.583194+00:00,167.9,189,ask,,,10169898
2026-07-07T01:15:05.236729,2026-07-07T01:15:05.247786+00:00,167.8,200,bid,,,10169903
2026-07-07T01:15:05.897044,2026-07-07T01:15:05.908248+00:00,167.7,500,bid,,,10169911
2026-07-07T01:15:06.447364,2026-07-07T01:15:06.458587+00:00,167.8,200,bid,,,10169921
2026-07-07T01:15:07.657048,2026-07-07T01:15:07.664850+00:00,167.8,200,bid,,,10169936
2026-07-07T01:15:07.853337,2026-07-07T01:15:07.858555+00:00,167.6,20,ask,,,10169939
2026-07-07T01:15:11.292035,2026-07-07T01:15:11.302037+00:00,167.7,200,ask,,,10169981
2026-07-07T01:15:19.379436,2026-07-07T01:15:19.383135+00:00,167.7,22,bid,,,10170099
2026-07-07T01:15:19.768999,2026-07-07T01:15:19.778627+00:00,167.7,200,bid,,,10170102
2026-07-07T01:15:22.215672,2026-07-07T01:15:22.219332+00:00,167.6,12,bid,,,10170150
2026-07-07T01:15:23.411598,2026-07-07T01:15:23.420883+00:00,167.5,200,ask,,,10170172
2026-07-07T01:15:26.853980,2026-07-07T01:15:26.868994+00:00,167.3,20,ask,,,10170219
2026-07-07T01:15:30.785874,2026-07-07T01:15:30.797194+00:00,167.2,200,ask,,,10170290
2026-07-07T01:15:31.193084,2026-07-07T01:15:31.202711+00:00,167.2,425,bid,,,10170294
2026-07-07T01:15:32.095027,2026-07-07T01:15:32.103713+00:00,167.3,200,bid,,,10170319
2026-07-07T01:15:32.109683,2026-07-07T01:15:32.113488+00:00,167.3,23,ask,,,10170321
2026-07-07T01:15:33.095048,2026-07-07T01:15:33.102941+00:00,167.3,200,ask,,,10170334
2026-07-07T01:15:33.423141,2026-07-07T01:15:33.426775+00:00,167.3,11,bid,,,10170342
2026-07-07T01:15:35.216451,2026-07-07T01:15:35.220509+00:00,167.3,12,bid,,,10170374
2026-07-07T01:15:37.367725,2026-07-07T01:15:37.374175+00:00,167.2,200,ask,,,10170409
2026-07-07T01:15:37.387504,2026-07-07T01:15:37.391079+00:00,167.2,11,bid,,,10170412
2026-07-07T01:15:37.851341,2026-07-07T01:15:37.856221+00:00,167.2,414,bid,,,10170420
2026-07-07T01:15:39.368192,2026-07-07T01:15:39.379924+00:00,167.2,20,ask,,,10170460
2026-07-07T01:15:44.696717,2026-07-07T01:15:44.700693+00:00,167.3,23,bid,,,10170540
2026-07-07T01:15:45.238863,2026-07-07T01:15:45.264102+00:00,167.2,200,ask,,,10170548
2026-07-07T01:15:45.238863,2026-07-07T01:15:45.264102+00:00,167.1,425,ask,,,10170549
2026-07-07T01:15:46.423711,2026-07-07T01:15:46.427156+00:00,167.2,3,bid,,,10170568
2026-07-07T01:15:46.546621,2026-07-07T01:15:46.556110+00:00,167.2,197,bid,,,10170572
2026-07-07T01:15:47.711653,2026-07-07T01:15:47.722789+00:00,167.2,20,ask,,,10170587
2026-07-07T01:15:51.782238,2026-07-07T01:15:51.790422+00:00,167.3,200,bid,,,10170639
2026-07-07T01:15:57.022272,2026-07-07T01:15:57.031184+00:00,167.4,200,ask,,,10170724
2026-07-07T01:15:57.022272,2026-07-07T01:15:57.031184+00:00,167.3,425,ask,,,10170725
2026-07-07T01:15:58.334830,2026-07-07T01:15:58.357776+00:00,167.5,200,bid,,,10170743
2026-07-07T01:15:58.352580,2026-07-07T01:15:58.357776+00:00,167.5,3,ask,,,10170745
2026-07-07T01:15:58.910596,2026-07-07T01:15:58.922423+00:00,167.8,20,bid,,,10170755
2026-07-07T01:16:00.944442,2026-07-07T01:16:00.951353+00:00,167.5,200,ask,,,10170781
2026-07-07T01:16:00.991304,2026-07-07T01:16:00.995635+00:00,167.6,3,bid,,,10170784
2026-07-07T01:16:01.291487,2026-07-07T01:16:01.303396+00:00,167.6,20,bid,,,10170785
2026-07-07T01:16:01.674731,2026-07-07T01:16:01.686466+00:00,167.4,20,ask,,,10170795
2026-07-07T01:16:07.532681,2026-07-07T01:16:07.541751+00:00,167.5,200,ask,,,10170861
2026-07-07T01:16:08.206493,2026-07-07T01:16:08.213952+00:00,167.4,200,bid,,,10170875
2026-07-07T01:16:08.665927,2026-07-07T01:16:08.675694+00:00,167.4,20,bid,,,10170882
2026-07-07T01:16:10.366058,2026-07-07T01:16:10.377830+00:00,167.5,20,ask,,,10170911
2026-07-07T01:16:12.487411,2026-07-07T01:16:12.500129+00:00,167.5,20,ask,,,10170933
2026-07-07T01:16:19.112967,2026-07-07T01:16:19.122840+00:00,167.7,200,bid,,,10171041
2026-07-07T01:16:21.938958,2026-07-07T01:16:21.949457+00:00,167.6,200,ask,,,10171069
2026-07-07T01:16:22.745229,2026-07-07T01:16:22.753893+00:00,167.5,200,bid,,,10171088
2026-07-07T01:16:23.957874,2026-07-07T01:16:23.969239+00:00,167.5,200,ask,,,10171112
2026-07-07T01:16:27.173866,2026-07-07T01:16:27.182180+00:00,167.4,200,bid,,,10171163
2026-07-07T01:16:27.590336,2026-07-07T01:16:27.600652+00:00,167.5,200,ask,,,10171175
2026-07-07T01:16:29.675549,2026-07-07T01:16:29.684660+00:00,167.5,20,bid,,,10171210
2026-07-07T01:16:29.799654,2026-07-07T01:16:29.807339+00:00,167.5,180,bid,,,10171213
2026-07-07T01:16:29.813450,2026-07-07T01:16:29.816883+00:00,167.6,3,ask,,,10171215
2026-07-07T01:16:30.013815,2026-07-07T01:16:30.022875+00:00,167.6,200,ask,,,10171216
2026-07-07T01:16:34.855537,2026-07-07T01:16:34.858569+00:00,167.6,200,bid,,,10171298
2026-07-07T01:16:36.079131,2026-07-07T01:16:36.082606+00:00,167.5,11,ask,,,10171317
2026-07-07T01:16:37.289474,2026-07-07T01:16:37.293028+00:00,167.6,12,ask,,,10171332
2026-07-07T01:16:38.485106,2026-07-07T01:16:38.492107+00:00,167.7,200,bid,,,10171354
2026-07-07T01:16:39.693686,2026-07-07T01:16:39.703148+00:00,167.6,200,bid,,,10171375
2026-07-07T01:16:40.504972,2026-07-07T01:16:40.513095+00:00,167.7,20,bid,,,10171382
2026-07-07T01:16:40.902154,2026-07-07T01:16:40.911558+00:00,167.7,200,bid,,,10171386
2026-07-07T01:16:43.155412,2026-07-07T01:16:43.108472+00:00,167.7,20,ask,,,10171430
2026-07-07T01:16:46.807082,2026-07-07T01:16:46.824451+00:00,167.8,200,bid,,,10171480
2026-07-07T01:16:46.820828,2026-07-07T01:16:46.824451+00:00,167.9,34,ask,,,10171482
2026-07-07T01:16:46.949413,2026-07-07T01:16:46.952590+00:00,167.9,200,ask,,,10171486
2026-07-07T01:16:48.155533,2026-07-07T01:16:48.174921+00:00,167.7,200,bid,,,10171506
2026-07-07T01:16:48.171475,2026-07-07T01:16:48.174921+00:00,167.7,23,bid,,,10171509
2026-07-07T01:16:49.363255,2026-07-07T01:16:49.373165+00:00,167.7,200,bid,,,10171528
2026-07-07T01:16:49.978859,2026-07-07T01:16:49.990705+00:00,167.7,20,ask,,,10171539
2026-07-07T01:16:52.039159,2026-07-07T01:16:52.058984+00:00,167.8,200,bid,,,10171567
2026-07-07T01:16:52.053341,2026-07-07T01:16:52.058984+00:00,167.8,12,ask,,,10171569
2026-07-07T01:16:54.191256,2026-07-07T01:16:54.199890+00:00,167.7,200,ask,,,10171596
2026-07-07T01:16:54.677008,2026-07-07T01:16:54.680532+00:00,167.9,12,bid,,,10171604
2026-07-07T01:16:55.417651,2026-07-07T01:16:55.421114+00:00,167.8,11,bid,,,10171619
2026-07-07T01:16:56.628237,2026-07-07T01:16:56.631748+00:00,167.7,12,bid,,,10171645
2026-07-07T01:16:57.834882,2026-07-07T01:16:57.838681+00:00,167.7,23,ask,,,10171660
2026-07-07T01:17:02.661332,2026-07-07T01:17:02.671664+00:00,167.8,200,bid,,,10171737
2026-07-07T01:17:03.202185,2026-07-07T01:17:03.210311+00:00,167.8,425,bid,,,10171744
2026-07-07T01:17:03.877348,2026-07-07T01:17:03.885503+00:00,168.0,200,ask,,,10171751
2026-07-07T01:17:05.086430,2026-07-07T01:17:05.096433+00:00,168.0,200,ask,,,10171771
2026-07-07T01:17:08.710912,2026-07-07T01:17:08.717588+00:00,168.0,200,ask,,,10171829
2026-07-07T01:17:09.100250,2026-07-07T01:17:09.103940+00:00,168.0,11,bid,,,10171840
2026-07-07T01:17:13.384404,2026-07-07T01:17:13.388082+00:00,168.1,12,bid,,,10171918
2026-07-07T01:17:14.755823,2026-07-07T01:17:14.764162+00:00,168.0,200,ask,,,10171945
2026-07-07T01:17:16.203261,2026-07-07T01:17:16.214828+00:00,168.0,20,ask,,,10171969
2026-07-07T01:17:17.289395,2026-07-07T01:17:17.300859+00:00,168.0,20,ask,,,10171981
2026-07-07T01:17:23.509741,2026-07-07T01:17:23.527949+00:00,167.8,200,ask,,,10172086
2026-07-07T01:17:23.524415,2026-07-07T01:17:23.527949+00:00,167.8,14,bid,,,10172088
2026-07-07T01:17:25.890290,2026-07-07T01:17:25.901860+00:00,167.9,20,bid,,,10172132
2026-07-07T01:17:26.849497,2026-07-07T01:17:26.858604+00:00,167.8,200,bid,,,10172146
2026-07-07T01:17:27.166420,2026-07-07T01:17:27.178108+00:00,167.8,20,bid,,,10172152
2026-07-07T01:17:28.186681,2026-07-07T01:17:28.198604+00:00,167.6,20,ask,,,10172175
2026-07-07T01:17:31.927476,2026-07-07T01:17:31.939245+00:00,167.7,20,ask,,,10172233
2026-07-07T01:17:32.260271,2026-07-07T01:17:32.269244+00:00,167.8,500,bid,,,10172236
2026-07-07T01:17:32.683839,2026-07-07T01:17:32.690999+00:00,167.9,200,bid,,,10172254
2026-07-07T01:17:32.702458,2026-07-07T01:17:32.705649+00:00,168.0,26,ask,,,10172256
2026-07-07T01:17:32.897352,2026-07-07T01:17:32.906227+00:00,168.0,200,ask,,,10172259
2026-07-07T01:17:35.514354,2026-07-07T01:17:35.517995+00:00,168.2,23,bid,,,10172307
2026-07-07T01:17:36.663898,2026-07-07T01:17:36.667491+00:00,168.0,3,bid,,,10172319
2026-07-07T01:17:38.997165,2026-07-07T01:17:39.005008+00:00,167.7,20,ask,,,10172353
2026-07-07T01:17:39.273042,2026-07-07T01:17:39.280608+00:00,167.7,500,ask,,,10172359
2026-07-07T01:17:41.894317,2026-07-07T01:17:41.905757+00:00,167.7,200,bid,,,10172405
2026-07-07T01:17:41.989904,2026-07-07T01:17:42.001234+00:00,167.9,20,bid,,,10172409
2026-07-07T01:17:43.807807,2026-07-07T01:17:43.818405+00:00,167.8,200,bid,,,10172437
2026-07-07T01:17:44.534422,2026-07-07T01:17:44.537910+00:00,167.8,3,ask,,,10172449
2026-07-07T01:17:45.824013,2026-07-07T01:17:45.833559+00:00,167.9,500,bid,,,10172469
2026-07-07T01:17:46.233318,2026-07-07T01:17:46.240896+00:00,167.9,125,ask,,,10172476
2026-07-07T01:17:48.269099,2026-07-07T01:17:48.272798+00:00,167.6,11,ask,,,10172499
2026-07-07T01:17:48.662244,2026-07-07T01:17:48.669058+00:00,167.6,39,ask,,,10172503
2026-07-07T01:17:48.662244,2026-07-07T01:17:48.674267+00:00,167.5,161,ask,,,10172504
2026-07-07T01:17:49.211318,2026-07-07T01:17:49.222999+00:00,167.5,20,ask,,,10172507
2026-07-07T01:17:49.874581,2026-07-07T01:17:49.885115+00:00,167.5,50,ask,,,10172524
2026-07-07T01:17:49.874581,2026-07-07T01:17:49.885115+00:00,167.4,150,ask,,,10172525
2026-07-07T01:17:51.086408,2026-07-07T01:17:51.092541+00:00,167.6,200,ask,,,10172542
2026-07-07T01:17:51.089219,2026-07-07T01:17:51.092541+00:00,167.6,12,ask,,,10172543
2026-07-07T01:17:52.295022,2026-07-07T01:17:52.305377+00:00,167.6,200,ask,,,10172567
2026-07-07T01:17:52.368063,2026-07-07T01:17:52.379897+00:00,167.6,20,ask,,,10172568
2026-07-07T01:17:53.517462,2026-07-07T01:17:53.521076+00:00,167.6,12,bid,,,10172591
2026-07-07T01:17:54.550716,2026-07-07T01:17:54.554140+00:00,167.4,12,ask,,,10172607
2026-07-07T01:17:55.006941,2026-07-07T01:17:55.030464+00:00,167.5,200,bid,,,10172616
2026-07-07T01:17:55.026905,2026-07-07T01:17:55.030464+00:00,167.6,23,ask,,,10172618
2026-07-07T01:17:57.124703,2026-07-07T01:17:57.135007+00:00,167.6,200,bid,,,10172651
2026-07-07T01:17:59.554534,2026-07-07T01:17:59.564036+00:00,167.8,50,bid,,,10172699
2026-07-07T01:18:00.140435,2026-07-07T01:18:00.158600+00:00,167.8,150,ask,,,10172705
2026-07-07T01:18:00.531932,2026-07-07T01:18:00.543450+00:00,167.7,20,bid,,,10172708
2026-07-07T01:18:00.894537,2026-07-07T01:18:00.905953+00:00,167.7,20,bid,,,10172713
2026-07-07T01:18:04.444142,2026-07-07T01:18:04.458620+00:00,167.6,20,ask,,,10172767
2026-07-07T01:18:06.846364,2026-07-07T01:18:06.850319+00:00,167.7,12,bid,,,10172811
2026-07-07T01:18:08.040431,2026-07-07T01:18:08.058796+00:00,167.5,200,ask,,,10172818
2026-07-07T01:18:09.264313,2026-07-07T01:18:09.268389+00:00,167.5,11,bid,,,10172839
2026-07-07T01:18:09.452307,2026-07-07T01:18:09.458881+00:00,167.5,189,bid,,,10172842
2026-07-07T01:18:15.300124,2026-07-07T01:18:15.308071+00:00,167.4,38,ask,,,10172932
2026-07-07T01:18:15.300124,2026-07-07T01:18:15.308071+00:00,167.4,162,ask,,,10172933
2026-07-07T01:18:17.318601,2026-07-07T01:18:17.327817+00:00,167.5,200,bid,,,10172960
2026-07-07T01:18:20.834390,2026-07-07T01:18:20.841466+00:00,167.6,20,bid,,,10173003
2026-07-07T01:18:29.132303,2026-07-07T01:18:29.181273+00:00,167.4,50,ask,,,10173139
2026-07-07T01:18:29.132303,2026-07-07T01:18:29.181273+00:00,167.3,200,ask,,,10173140
2026-07-07T01:18:29.177592,2026-07-07T01:18:29.196531+00:00,167.3,4,bid,,,10173143
2026-07-07T01:18:30.566092,2026-07-07T01:18:30.570336+00:00,167.1,15,ask,,,10173168
2026-07-07T01:18:30.809733,2026-07-07T01:18:30.813420+00:00,167.2,12,ask,,,10173172
2026-07-07T01:18:31.019397,2026-07-07T01:18:31.028496+00:00,167.3,200,bid,,,10173174
2026-07-07T01:18:33.503884,2026-07-07T01:18:33.515294+00:00,167.4,20,bid,,,10173212
2026-07-07T01:18:35.665338,2026-07-07T01:18:35.668723+00:00,167.2,11,ask,,,10173239
2026-07-07T01:18:35.875749,2026-07-07T01:18:35.884743+00:00,167.4,200,bid,,,10173242
2026-07-07T01:18:39.623273,2026-07-07T01:18:39.630847+00:00,167.3,200,bid,,,10173307
2026-07-07T01:18:40.717559,2026-07-07T01:18:40.726731+00:00,167.3,200,ask,,,10173324
2026-07-07T01:18:41.410327,2026-07-07T01:18:41.417065+00:00,167.1,20,ask,,,10173338
2026-07-07T01:18:45.561823,2026-07-07T01:18:45.569260+00:00,167.2,200,ask,,,10173388
2026-07-07T01:18:54.039633,2026-07-07T01:18:54.048221+00:00,167.4,200,bid,,,10173515
2026-07-07T01:18:56.672264,2026-07-07T01:18:56.683955+00:00,167.5,50,bid,,,10173570
2026-07-07T01:18:57.658807,2026-07-07T01:18:57.668953+00:00,167.5,20,ask,,,10173587
2026-07-07T01:18:57.983260,2026-07-07T01:18:58.000711+00:00,167.5,200,ask,,,10173600
2026-07-07T01:18:57.997003,2026-07-07T01:18:58.000711+00:00,167.5,23,bid,,,10173602
2026-07-07T01:19:01.906075,2026-07-07T01:19:01.926307+00:00,167.6,50,bid,,,10173659
2026-07-07T01:19:01.922781,2026-07-07T01:19:01.926307+00:00,167.7,12,ask,,,10173661
2026-07-07T01:19:02.518890,2026-07-07T01:19:02.529755+00:00,167.7,200,ask,,,10173671
2026-07-07T01:19:04.902023,2026-07-07T01:19:04.909357+00:00,167.5,20,ask,,,10173701
2026-07-07T01:19:06.859749,2026-07-07T01:19:06.868985+00:00,167.7,20,ask,,,10173729
2026-07-07T01:19:07.360000,2026-07-07T01:19:07.370117+00:00,167.8,50,bid,,,10173738
2026-07-07T01:19:07.360000,2026-07-07T01:19:07.370117+00:00,167.8,150,bid,,,10173739
2026-07-07T01:19:09.782467,2026-07-07T01:19:09.790300+00:00,167.8,23,bid,,,10173776
2026-07-07T01:19:09.801504,2026-07-07T01:19:09.805447+00:00,167.8,11,ask,,,10173778
2026-07-07T01:19:10.991992,2026-07-07T01:19:11.001060+00:00,167.9,200,bid,,,10173799
2026-07-07T01:19:12.399545,2026-07-07T01:19:12.406915+00:00,167.8,200,ask,,,10173829
2026-07-07T01:19:15.843227,2026-07-07T01:19:15.847083+00:00,167.8,11,ask,,,10173884
2026-07-07T01:19:17.037997,2026-07-07T01:19:17.047124+00:00,167.9,200,bid,,,10173912
2026-07-07T01:19:18.951961,2026-07-07T01:19:18.959402+00:00,167.9,200,bid,,,10173939
2026-07-07T01:19:20.281286,2026-07-07T01:19:20.284905+00:00,167.9,11,bid,,,10173965
2026-07-07T01:19:20.408171,2026-07-07T01:19:20.412636+00:00,167.9,11,bid,,,10173968
2026-07-07T01:19:20.687075,2026-07-07T01:19:20.690572+00:00,167.8,12,bid,,,10173976
2026-07-07T01:19:23.170905,2026-07-07T01:19:23.174875+00:00,167.7,23,ask,,,10174021
2026-07-07T01:19:25.952178,2026-07-07T01:19:25.964015+00:00,167.7,20,ask,,,10174065
2026-07-07T01:19:26.843829,2026-07-07T01:19:26.858587+00:00,167.8,200,bid,,,10174081
2026-07-07T01:19:27.956073,2026-07-07T01:19:27.958695+00:00,167.9,200,ask,,,10174100
2026-07-07T01:19:29.410132,2026-07-07T01:19:29.414149+00:00,167.9,11,bid,,,10174129
2026-07-07T01:19:30.772844,2026-07-07T01:19:30.779897+00:00,167.8,200,ask,,,10174157
2026-07-07T01:19:30.791257,2026-07-07T01:19:30.795114+00:00,167.8,12,bid,,,10174159
2026-07-07T01:19:34.563698,2026-07-07T01:19:34.572283+00:00,167.8,200,bid,,,10174225
2026-07-07T01:19:34.767800,2026-07-07T01:19:34.779549+00:00,167.9,20,bid,,,10174230
2026-07-07T01:19:36.194678,2026-07-07T01:19:36.206401+00:00,167.8,20,ask,,,10174256
2026-07-07T01:19:38.911022,2026-07-07T01:19:38.914841+00:00,167.9,11,bid,,,10174290
2026-07-07T01:19:41.267385,2026-07-07T01:19:41.274950+00:00,167.8,200,ask,,,10174319
2026-07-07T01:19:41.276592,2026-07-07T01:19:41.288895+00:00,167.7,200,bid,,,10174322
2026-07-07T01:19:41.285378,2026-07-07T01:19:41.288895+00:00,167.7,23,bid,,,10174324
2026-07-07T01:19:41.835128,2026-07-07T01:19:41.841637+00:00,167.7,202,bid,,,10174331
2026-07-07T01:19:43.091161,2026-07-07T01:19:43.095574+00:00,167.9,11,ask,,,10174357
2026-07-07T01:19:43.886273,2026-07-07T01:19:43.894137+00:00,167.9,500,ask,,,10174371
2026-07-07T01:19:44.260895,2026-07-07T01:19:44.270105+00:00,167.9,125,bid,,,10174375
2026-07-07T01:19:46.258440,2026-07-07T01:19:46.269602+00:00,168.0,20,ask,,,10174407
2026-07-07T01:19:47.807239,2026-07-07T01:19:47.814294+00:00,168.2,200,bid,,,10174434
2026-07-07T01:19:47.825960,2026-07-07T01:19:47.830402+00:00,168.2,12,ask,,,10174436
2026-07-07T01:19:48.564210,2026-07-07T01:19:48.567810+00:00,168.3,12,bid,,,10174447
2026-07-07T01:19:48.573591,2026-07-07T01:19:48.583401+00:00,168.3,20,bid,,,10174448
2026-07-07T01:19:50.960441,2026-07-07T01:19:50.970042+00:00,168.1,200,ask,,,10174475
2026-07-07T01:19:53.556856,2026-07-07T01:19:53.568761+00:00,168.3,20,bid,,,10174519
2026-07-07T01:19:54.392886,2026-07-07T01:19:54.402269+00:00,168.2,200,ask,,,10174535
2026-07-07T01:19:55.797277,2026-07-07T01:19:55.807570+00:00,168.2,200,bid,,,10174554
2026-07-07T01:19:57.113344,2026-07-07T01:19:57.124874+00:00,168.2,20,bid,,,10174575
2026-07-07T01:19:57.940605,2026-07-07T01:19:57.944983+00:00,168.1,12,ask,,,10174585
2026-07-07T01:19:58.183098,2026-07-07T01:19:58.188548+00:00,168.2,500,bid,,,10174586
2026-07-07T01:19:58.327349,2026-07-07T01:19:58.335141+00:00,168.2,200,bid,,,10174592
2026-07-07T01:19:58.346939,2026-07-07T01:19:58.350727+00:00,168.2,11,ask,,,10174594
2026-07-07T01:19:59.536597,2026-07-07T01:19:59.548310+00:00,168.3,20,bid,,,10174611
2026-07-07T01:20:01.224647,2026-07-07T01:20:01.232016+00:00,168.2,200,bid,,,10174634
2026-07-07T01:20:02.263410,2026-07-07T01:20:02.270050+00:00,168.2,500,ask,,,10174652
2026-07-07T01:20:02.281104,2026-07-07T01:20:02.285229+00:00,168.2,11,bid,,,10174654
2026-07-07T01:20:03.070895,2026-07-07T01:20:03.079900+00:00,168.2,114,bid,,,10174668
2026-07-07T01:20:05.490257,2026-07-07T01:20:05.500179+00:00,168.3,90,bid,,,10174711
2026-07-07T01:20:05.492857,2026-07-07T01:20:05.500179+00:00,168.3,200,bid,,,10174712
2026-07-07T01:20:07.717218,2026-07-07T01:20:07.728901+00:00,168.2,20,bid,,,10174747
2026-07-07T01:20:09.323795,2026-07-07T01:20:09.335524+00:00,168.1,20,ask,,,10174774
2026-07-07T01:20:11.646713,2026-07-07T01:20:11.658260+00:00,168.1,20,ask,,,10174808
2026-07-07T01:20:15.221597,2026-07-07T01:20:15.226195+00:00,168.3,11,ask,,,10174859
2026-07-07T01:20:15.253997,2026-07-07T01:20:15.265566+00:00,168.4,20,bid,,,10174860
2026-07-07T01:20:16.712288,2026-07-07T01:20:16.723073+00:00,168.3,200,ask,,,10174874
2026-07-07T01:20:19.171393,2026-07-07T01:20:19.175144+00:00,168.2,12,ask,,,10174909
2026-07-07T01:20:24.252364,2026-07-07T01:20:24.264136+00:00,168.1,20,ask,,,10174977
2026-07-07T01:20:25.896751,2026-07-07T01:20:25.916308+00:00,168.1,25,ask,,,10175003
2026-07-07T01:20:25.896751,2026-07-07T01:20:25.916308+00:00,168.0,200,ask,,,10175004
2026-07-07T01:20:25.913130,2026-07-07T01:20:25.916308+00:00,168.0,23,bid,,,10175006
2026-07-07T01:20:26.350829,2026-07-07T01:20:26.358556+00:00,168.0,33,bid,,,10175014
2026-07-07T01:20:27.310297,2026-07-07T01:20:27.318016+00:00,167.9,200,ask,,,10175034
2026-07-07T01:20:29.745093,2026-07-07T01:20:29.744184+00:00,168.0,20,bid,,,10175075
2026-07-07T01:20:32.156510,2026-07-07T01:20:32.163968+00:00,168.0,200,bid,,,10175109
2026-07-07T01:20:33.761396,2026-07-07T01:20:33.769230+00:00,168.1,200,bid,,,10175141
2026-07-07T01:20:35.405131,2026-07-07T01:20:35.411802+00:00,168.1,20,ask,,,10175176
2026-07-07T01:20:40.217617,2026-07-07T01:20:40.220944+00:00,168.2,12,bid,,,10175251
2026-07-07T01:20:40.621428,2026-07-07T01:20:40.629916+00:00,168.1,200,ask,,,10175258
2026-07-07T01:20:42.956326,2026-07-07T01:20:42.967807+00:00,168.2,20,bid,,,10175296
2026-07-07T01:20:43.642885,2026-07-07T01:20:43.652637+00:00,168.0,20,ask,,,10175307
2026-07-07T01:20:45.385032,2026-07-07T01:20:45.389071+00:00,168.2,11,bid,,,10175332
2026-07-07T01:20:45.456969,2026-07-07T01:20:45.465496+00:00,168.2,200,bid,,,10175334
2026-07-07T01:20:49.083440,2026-07-07T01:20:49.090143+00:00,168.2,200,bid,,,10175395
2026-07-07T01:20:51.469021,2026-07-07T01:20:51.479819+00:00,168.1,500,ask,,,10175431
2026-07-07T01:20:51.764172,2026-07-07T01:20:51.767733+00:00,168.1,11,ask,,,10175437
2026-07-07T01:20:52.066889,2026-07-07T01:20:52.074850+00:00,168.1,114,ask,,,10175442
2026-07-07T01:20:52.708003,2026-07-07T01:20:52.717289+00:00,168.0,32,ask,,,10175457
2026-07-07T01:20:54.502393,2026-07-07T01:20:54.514100+00:00,167.8,20,ask,,,10175485
2026-07-07T01:20:55.137005,2026-07-07T01:20:55.146789+00:00,167.8,200,ask,,,10175497
2026-07-07T01:20:58.777900,2026-07-07T01:20:58.784946+00:00,167.8,200,ask,,,10175551
2026-07-07T01:21:02.640428,2026-07-07T01:21:02.658572+00:00,167.7,20,ask,,,10175621
2026-07-07T01:21:03.023354,2026-07-07T01:21:03.030507+00:00,167.7,20,ask,,,10175632
2026-07-07T01:21:03.633618,2026-07-07T01:21:03.637584+00:00,167.8,11,bid,,,10175647
2026-07-07T01:21:03.901210,2026-07-07T01:21:03.908003+00:00,167.8,189,bid,,,10175650
2026-07-07T01:21:04.379014,2026-07-07T01:21:04.390709+00:00,167.9,20,ask,,,10175658
2026-07-07T01:21:07.250288,2026-07-07T01:21:07.258558+00:00,167.9,200,ask,,,10175700
2026-07-07T01:21:09.157136,2026-07-07T01:21:09.168689+00:00,167.9,200,ask,,,10175717
2026-07-07T01:21:09.504055,2026-07-07T01:21:09.515693+00:00,167.6,20,ask,,,10175725
2026-07-07T01:21:09.681317,2026-07-07T01:21:09.685348+00:00,167.8,3,bid,,,10175734
2026-07-07T01:21:10.877305,2026-07-07T01:21:10.884960+00:00,167.7,200,ask,,,10175749
2026-07-07T01:21:10.946255,2026-07-07T01:21:10.958538+00:00,167.7,20,ask,,,10175750
2026-07-07T01:21:13.326672,2026-07-07T01:21:13.330228+00:00,167.5,3,bid,,,10175779
2026-07-07T01:21:14.403915,2026-07-07T01:21:14.411467+00:00,167.5,197,bid,,,10175790
2026-07-07T01:21:14.417291,2026-07-07T01:21:14.421294+00:00,167.6,3,ask,,,10175792
2026-07-07T01:21:17.041858,2026-07-07T01:21:17.050108+00:00,167.5,200,bid,,,10175836
2026-07-07T01:21:23.423696,2026-07-07T01:21:23.427709+00:00,167.4,14,ask,,,10175918
2026-07-07T01:21:25.417181,2026-07-07T01:21:25.428883+00:00,167.3,200,bid,,,10175953
2026-07-07T01:21:26.688184,2026-07-07T01:21:26.699913+00:00,167.3,20,ask,,,10175967
2026-07-07T01:21:27.854685,2026-07-07T01:21:27.858317+00:00,167.4,12,ask,,,10175995
2026-07-07T01:21:28.866028,2026-07-07T01:21:28.876516+00:00,167.4,20,ask,,,10176010
2026-07-07T01:21:30.153769,2026-07-07T01:21:30.164075+00:00,167.4,200,ask,,,10176029
2026-07-07T01:21:30.267919,2026-07-07T01:21:30.274289+00:00,167.3,200,bid,,,10176033
2026-07-07T01:21:36.070628,2026-07-07T01:21:36.074052+00:00,167.0,23,ask,,,10176104
2026-07-07T01:21:38.657138,2026-07-07T01:21:38.660748+00:00,167.1,11,ask,,,10176141
2026-07-07T01:21:38.755112,2026-07-07T01:21:38.759030+00:00,167.2,11,ask,,,10176147
2026-07-07T01:21:39.228745,2026-07-07T01:21:39.232053+00:00,167.3,11,bid,,,10176159
2026-07-07T01:21:43.598878,2026-07-07T01:21:43.602499+00:00,167.2,11,ask,,,10176226
2026-07-07T01:21:44.602156,2026-07-07T01:21:44.606472+00:00,167.3,12,ask,,,10176243
2026-07-07T01:21:45.506059,2026-07-07T01:21:45.510318+00:00,167.5,23,bid,,,10176255
2026-07-07T01:21:46.125565,2026-07-07T01:21:46.134817+00:00,167.4,20,ask,,,10176270
2026-07-07T01:21:46.768032,2026-07-07T01:21:46.775189+00:00,167.4,20,ask,,,10176278
2026-07-07T01:21:47.649738,2026-07-07T01:21:47.656196+00:00,167.5,20,bid,,,10176286
2026-07-07T01:21:49.838206,2026-07-07T01:21:49.841945+00:00,167.5,11,ask,,,10176334
2026-07-07T01:21:50.565906,2026-07-07T01:21:50.577650+00:00,167.5,20,ask,,,10176352
2026-07-07T01:21:50.865020,2026-07-07T01:21:50.871409+00:00,167.5,200,ask,,,10176354
2026-07-07T01:21:52.449606,2026-07-07T01:21:52.458650+00:00,167.3,200,ask,,,10176386
2026-07-07T01:21:53.280319,2026-07-07T01:21:53.285290+00:00,167.3,200,bid,,,10176396
2026-07-07T01:21:53.779921,2026-07-07T01:21:53.783392+00:00,167.4,23,ask,,,10176404
2026-07-07T01:21:54.505982,2026-07-07T01:21:54.514646+00:00,167.4,200,ask,,,10176413
2026-07-07T01:22:02.932889,2026-07-07T01:22:02.942704+00:00,167.5,200,bid,,,10176556
2026-07-07T01:22:07.836941,2026-07-07T01:22:07.847768+00:00,167.5,200,ask,,,10176617
2026-07-07T01:22:09.501762,2026-07-07T01:22:09.505271+00:00,167.4,10,bid,,,10176646
2026-07-07T01:22:12.676160,2026-07-07T01:22:12.685581+00:00,167.3,200,ask,,,10176694
2026-07-07T01:22:14.635651,2026-07-07T01:22:14.643963+00:00,167.2,20,ask,,,10176724
2026-07-07T01:22:15.095891,2026-07-07T01:22:15.103478+00:00,167.3,200,ask,,,10176733
2026-07-07T01:22:17.515852,2026-07-07T01:22:17.526927+00:00,167.4,200,ask,,,10176770
2026-07-07T01:22:18.685621,2026-07-07T01:22:18.689419+00:00,167.5,1,bid,,,10176783
2026-07-07T01:22:19.948212,2026-07-07T01:22:19.952211+00:00,167.4,12,bid,,,10176801
2026-07-07T01:22:19.967026,2026-07-07T01:22:19.978554+00:00,167.2,20,ask,,,10176802
2026-07-07T01:22:21.688246,2026-07-07T01:22:21.698660+00:00,167.3,500,ask,,,10176827
2026-07-07T01:22:24.701857,2026-07-07T01:22:24.711237+00:00,167.2,200,ask,,,10176867
2026-07-07T01:22:24.718102,2026-07-07T01:22:24.721842+00:00,167.2,5,bid,,,10176869
2026-07-07T01:22:25.935449,2026-07-07T01:22:25.942755+00:00,167.1,500,ask,,,10176885
2026-07-07T01:22:26.525625,2026-07-07T01:22:26.583388+00:00,167.1,125,ask,,,10176890
2026-07-07T01:22:26.579683,2026-07-07T01:22:26.594615+00:00,167.0,17,bid,,,10176895
2026-07-07T01:22:27.186053,2026-07-07T01:22:27.195379+00:00,167.1,200,bid,,,10176903
2026-07-07T01:22:28.392949,2026-07-07T01:22:28.402981+00:00,167.2,200,bid,,,10176926
2026-07-07T01:22:29.546399,2026-07-07T01:22:29.563608+00:00,167.1,500,ask,,,10176930
2026-07-07T01:22:29.614131,2026-07-07T01:22:29.617591+00:00,167.3,22,ask,,,10176939
2026-07-07T01:22:30.144160,2026-07-07T01:22:30.146427+00:00,167.3,178,ask,,,10176952
2026-07-07T01:22:30.144160,2026-07-07T01:22:30.146427+00:00,167.1,125,ask,,,10176953
2026-07-07T01:22:30.690567,2026-07-07T01:22:30.694850+00:00,166.9,11,bid,,,10176960
2026-07-07T01:22:30.804117,2026-07-07T01:22:30.811435+00:00,166.9,200,bid,,,10176964
2026-07-07T01:22:32.012843,2026-07-07T01:22:32.021919+00:00,167.0,200,bid,,,10176977
2026-07-07T01:22:33.200916,2026-07-07T01:22:33.217298+00:00,166.9,500,ask,,,10176997
2026-07-07T01:22:33.213246,2026-07-07T01:22:33.217298+00:00,166.9,11,ask,,,10176998
2026-07-07T01:22:33.786468,2026-07-07T01:22:33.794501+00:00,166.9,114,ask,,,10177005
2026-07-07T01:22:33.786468,2026-07-07T01:22:33.794501+00:00,166.9,200,ask,,,10177006
2026-07-07T01:22:34.999448,2026-07-07T01:22:35.009123+00:00,166.8,200,ask,,,10177016
2026-07-07T01:22:37.420498,2026-07-07T01:22:37.424346+00:00,166.8,11,bid,,,10177066
2026-07-07T01:22:37.589550,2026-07-07T01:22:37.600980+00:00,166.8,20,bid,,,10177074
2026-07-07T01:22:38.057836,2026-07-07T01:22:38.069201+00:00,166.8,200,bid,,,10177080
2026-07-07T01:22:38.689130,2026-07-07T01:22:38.692840+00:00,166.7,11,bid,,,10177092
2026-07-07T01:22:39.239302,2026-07-07T01:22:39.258596+00:00,166.6,500,ask,,,10177101
2026-07-07T01:22:39.265715,2026-07-07T01:22:39.275504+00:00,166.8,200,bid,,,10177102
2026-07-07T01:22:39.865552,2026-07-07T01:22:39.868971+00:00,166.6,12,bid,,,10177112
2026-07-07T01:22:41.036116,2026-07-07T01:22:41.040466+00:00,166.6,12,ask,,,10177128
2026-07-07T01:22:42.259466,2026-07-07T01:22:42.269395+00:00,166.6,500,ask,,,10177148
2026-07-07T01:22:42.854306,2026-07-07T01:22:42.865994+00:00,166.5,200,ask,,,10177158
2026-07-07T01:22:44.089083,2026-07-07T01:22:44.099054+00:00,166.4,500,ask,,,10177185
2026-07-07T01:22:44.684558,2026-07-07T01:22:44.695512+00:00,166.4,125,ask,,,10177192
2026-07-07T01:22:44.684558,2026-07-07T01:22:44.695512+00:00,166.4,200,ask,,,10177193
2026-07-07T01:22:45.319329,2026-07-07T01:22:45.327619+00:00,166.3,200,bid,,,10177206
2026-07-07T01:22:45.695939,2026-07-07T01:22:45.700257+00:00,166.1,22,ask,,,10177214
2026-07-07T01:22:46.427078,2026-07-07T01:22:46.434100+00:00,166.1,20,ask,,,10177229
2026-07-07T01:22:50.166775,2026-07-07T01:22:50.177367+00:00,166.0,200,ask,,,10177290
2026-07-07T01:22:50.738590,2026-07-07T01:22:50.750069+00:00,166.1,500,bid,,,10177302
2026-07-07T01:22:51.334744,2026-07-07T01:22:51.343683+00:00,166.1,125,bid,,,10177316
2026-07-07T01:22:51.945928,2026-07-07T01:22:51.957067+00:00,166.2,200,bid,,,10177322
2026-07-07T01:22:52.031219,2026-07-07T01:22:52.035443+00:00,166.2,29,ask,,,10177326
2026-07-07T01:22:52.580787,2026-07-07T01:22:52.588873+00:00,166.2,200,ask,,,10177332
2026-07-07T01:22:53.788418,2026-07-07T01:22:53.796408+00:00,166.3,200,ask,,,10177355
2026-07-07T01:22:56.204514,2026-07-07T01:22:56.215290+00:00,166.5,200,bid,,,10177395
2026-07-07T01:22:59.283217,2026-07-07T01:22:59.290120+00:00,166.5,20,bid,,,10177445
2026-07-07T01:22:59.830564,2026-07-07T01:22:59.838697+00:00,166.5,200,bid,,,10177453
2026-07-07T01:23:03.278546,2026-07-07T01:23:03.290228+00:00,166.5,20,bid,,,10177497
2026-07-07T01:23:03.302703,2026-07-07T01:23:03.312887+00:00,166.5,180,bid,,,10177499
2026-07-07T01:23:16.422381,2026-07-07T01:23:16.432364+00:00,166.7,200,bid,,,10177701
2026-07-07T01:23:16.788543,2026-07-07T01:23:16.797374+00:00,166.7,200,ask,,,10177710
2026-07-07T01:23:21.681014,2026-07-07T01:23:21.685421+00:00,166.6,6,bid,,,10177791
2026-07-07T01:23:22.846175,2026-07-07T01:23:22.858837+00:00,166.6,200,bid,,,10177811
2026-07-07T01:23:26.798521,2026-07-07T01:23:26.820467+00:00,166.9,20,bid,,,10177882
2026-07-07T01:23:27.982281,2026-07-07T01:23:27.986183+00:00,167.0,11,bid,,,10177902
2026-07-07T01:23:31.350670,2026-07-07T01:23:31.356756+00:00,166.8,23,bid,,,10177942
2026-07-07T01:23:32.141463,2026-07-07T01:23:32.158593+00:00,166.8,177,bid,,,10177951
2026-07-07T01:23:34.766819,2026-07-07T01:23:34.775234+00:00,166.9,200,bid,,,10177984
2026-07-07T01:23:35.455284,2026-07-07T01:23:35.466830+00:00,167.0,20,bid,,,10177995
2026-07-07T01:23:40.357911,2026-07-07T01:23:40.364987+00:00,167.0,20,bid,,,10178056
2026-07-07T01:23:40.377098,2026-07-07T01:23:40.385923+00:00,167.0,500,bid,,,10178057
2026-07-07T01:23:40.970149,2026-07-07T01:23:40.979245+00:00,167.0,105,bid,,,10178064
2026-07-07T01:23:41.010710,2026-07-07T01:23:41.018085+00:00,167.0,200,ask,,,10178067
2026-07-07T01:23:43.387044,2026-07-07T01:23:43.395402+00:00,166.9,200,bid,,,10178104
2026-07-07T01:23:43.430504,2026-07-07T01:23:43.437451+00:00,166.9,200,ask,,,10178106
2026-07-07T01:23:43.494221,2026-07-07T01:23:43.498269+00:00,166.9,11,ask,,,10178109
2026-07-07T01:23:45.154533,2026-07-07T01:23:45.166425+00:00,167.0,20,bid,,,10178128
2026-07-07T01:23:45.286929,2026-07-07T01:23:45.290901+00:00,167.0,12,ask,,,10178133
2026-07-07T01:23:47.441205,2026-07-07T01:23:47.458640+00:00,166.9,20,ask,,,10178161
2026-07-07T01:23:47.632072,2026-07-07T01:23:47.642757+00:00,167.0,200,bid,,,10178162
2026-07-07T01:23:47.885772,2026-07-07T01:23:47.892738+00:00,167.0,300,ask,,,10178168
2026-07-07T01:23:48.225716,2026-07-07T01:23:48.263689+00:00,167.0,325,bid,,,10178173
2026-07-07T01:23:48.225716,2026-07-07T01:23:48.263689+00:00,167.1,50,bid,,,10178174
2026-07-07T01:23:48.270464,2026-07-07T01:23:48.281519+00:00,167.1,125,ask,,,10178176
2026-07-07T01:23:48.831273,2026-07-07T01:23:48.839996+00:00,167.1,75,bid,,,10178185
2026-07-07T01:23:50.131354,2026-07-07T01:23:50.134966+00:00,167.2,12,bid,,,10178211
2026-07-07T01:23:50.508921,2026-07-07T01:23:50.516937+00:00,167.1,500,ask,,,10178213
2026-07-07T01:23:50.508921,2026-07-07T01:23:50.516937+00:00,167.0,125,ask,,,10178214
2026-07-07T01:23:52.146470,2026-07-07T01:23:52.149784+00:00,167.0,12,ask,,,10178237
2026-07-07T01:23:53.137430,2026-07-07T01:23:53.178726+00:00,167.2,50,bid,,,10178248
2026-07-07T01:23:53.175004,2026-07-07T01:23:53.178726+00:00,167.2,17,ask,,,10178251
2026-07-07T01:23:54.347450,2026-07-07T01:23:54.358612+00:00,167.2,200,ask,,,10178266
2026-07-07T01:23:55.162519,2026-07-07T01:23:55.174142+00:00,167.3,20,bid,,,10178282
2026-07-07T01:23:55.264948,2026-07-07T01:23:55.268347+00:00,167.3,6,bid,,,10178285
2026-07-07T01:23:55.575066,2026-07-07T01:23:55.579153+00:00,167.2,11,bid,,,10178290
2026-07-07T01:23:55.776850,2026-07-07T01:23:55.781114+00:00,167.1,12,bid,,,10178295
2026-07-07T01:23:57.064925,2026-07-07T01:23:57.082503+00:00,167.0,200,ask,,,10178305
2026-07-07T01:23:57.079420,2026-07-07T01:23:57.082503+00:00,167.0,11,bid,,,10178307
2026-07-07T01:23:58.371519,2026-07-07T01:23:58.379610+00:00,167.0,200,bid,,,10178342
2026-07-07T01:23:58.470892,2026-07-07T01:23:58.475771+00:00,167.0,34,ask,,,10178344
2026-07-07T01:23:59.858673,2026-07-07T01:23:59.870182+00:00,166.9,20,ask,,,10178364
2026-07-07T01:24:04.925820,2026-07-07T01:24:04.934495+00:00,167.0,200,ask,,,10178444
2026-07-07T01:24:04.925820,2026-07-07T01:24:04.934495+00:00,167.0,425,ask,,,10178445
2026-07-07T01:24:10.582710,2026-07-07T01:24:10.596549+00:00,167.1,20,ask,,,10178531
2026-07-07T01:24:11.559815,2026-07-07T01:24:11.569289+00:00,167.3,20,bid,,,10178549
2026-07-07T01:24:13.674945,2026-07-07T01:24:13.681694+00:00,167.2,500,ask,,,10178580
2026-07-07T01:24:14.275196,2026-07-07T01:24:14.291351+00:00,167.2,500,ask,,,10178585
2026-07-07T01:24:14.909101,2026-07-07T01:24:14.940594+00:00,167.2,125,ask,,,10178599
2026-07-07T01:24:14.909101,2026-07-07T01:24:14.940594+00:00,167.1,200,ask,,,10178600
2026-07-07T01:24:14.937153,2026-07-07T01:24:14.940594+00:00,167.1,23,bid,,,10178602
2026-07-07T01:24:15.421351,2026-07-07T01:24:15.428733+00:00,167.0,50,ask,,,10178605
2026-07-07T01:24:15.421351,2026-07-07T01:24:15.442520+00:00,167.0,200,ask,,,10178606
2026-07-07T01:24:15.439072,2026-07-07T01:24:15.442520+00:00,167.0,11,bid,,,10178609
2026-07-07T01:24:23.405575,2026-07-07T01:24:23.414656+00:00,167.1,200,ask,,,10178731
2026-07-07T01:24:23.597901,2026-07-07T01:24:23.606194+00:00,167.2,20,bid,,,10178735
2026-07-07T01:24:27.051540,2026-07-07T01:24:27.055293+00:00,167.0,11,bid,,,10178797
2026-07-07T01:24:28.247910,2026-07-07T01:24:28.269745+00:00,166.9,200,ask,,,10178827
2026-07-07T01:24:28.836805,2026-07-07T01:24:28.847695+00:00,166.8,20,ask,,,10178833
2026-07-07T01:24:30.070003,2026-07-07T01:24:30.073648+00:00,167.0,12,bid,,,10178857
2026-07-07T01:24:31.897336,2026-07-07T01:24:31.901303+00:00,166.9,11,bid,,,10178894
2026-07-07T01:24:32.427996,2026-07-07T01:24:32.434799+00:00,166.9,189,bid,,,10178899
2026-07-07T01:24:32.914940,2026-07-07T01:24:32.926450+00:00,167.1,20,bid,,,10178914
2026-07-07T01:24:36.841566,2026-07-07T01:24:36.853264+00:00,167.2,20,bid,,,10178996
2026-07-07T01:24:40.366715,2026-07-07T01:24:40.375171+00:00,167.0,200,bid,,,10179060
2026-07-07T01:24:41.590392,2026-07-07T01:24:41.593900+00:00,166.9,11,ask,,,10179074
2026-07-07T01:24:42.990876,2026-07-07T01:24:42.994590+00:00,167.0,11,bid,,,10179109
2026-07-07T01:24:43.986360,2026-07-07T01:24:43.993870+00:00,167.0,200,bid,,,10179122
2026-07-07T01:24:44.533426,2026-07-07T01:24:44.559015+00:00,167.0,500,bid,,,10179133
2026-07-07T01:24:44.973409,2026-07-07T01:24:44.984193+00:00,167.0,20,bid,,,10179140
2026-07-07T01:24:45.157558,2026-07-07T01:24:45.169010+00:00,167.0,105,bid,,,10179142
2026-07-07T01:24:47.593951,2026-07-07T01:24:47.597444+00:00,167.1,11,ask,,,10179178
2026-07-07T01:24:47.674591,2026-07-07T01:24:47.686347+00:00,167.1,20,ask,,,10179181
2026-07-07T01:24:48.181810,2026-07-07T01:24:48.265774+00:00,167.2,10,bid,,,10179187
2026-07-07T01:24:48.260253,2026-07-07T01:24:48.265774+00:00,167.2,12,ask,,,10179193
2026-07-07T01:24:51.244407,2026-07-07T01:24:51.258606+00:00,167.0,200,ask,,,10179243
2026-07-07T01:24:53.474524,2026-07-07T01:24:53.481321+00:00,166.9,50,ask,,,10179277
2026-07-07T01:24:53.474524,2026-07-07T01:24:53.486548+00:00,166.8,200,ask,,,10179278
2026-07-07T01:24:53.474524,2026-07-07T01:24:53.486548+00:00,166.8,375,ask,,,10179279
2026-07-07T01:24:54.866005,2026-07-07T01:24:54.874598+00:00,167.0,200,ask,,,10179304
2026-07-07T01:24:56.039659,2026-07-07T01:24:56.058613+00:00,167.1,500,bid,,,10179322
2026-07-07T01:24:56.090633,2026-07-07T01:24:56.109580+00:00,167.2,200,bid,,,10179325
2026-07-07T01:24:56.090633,2026-07-07T01:24:56.109580+00:00,167.3,50,bid,,,10179326
2026-07-07T01:24:56.106041,2026-07-07T01:24:56.109580+00:00,167.3,2,ask,,,10179328
2026-07-07T01:24:56.115184,2026-07-07T01:24:56.118855+00:00,167.3,20,ask,,,10179330
2026-07-07T01:24:58.563753,2026-07-07T01:24:58.567238+00:00,167.3,22,bid,,,10179376
2026-07-07T01:24:59.165064,2026-07-07T01:24:59.174100+00:00,167.0,20,ask,,,10179387
2026-07-07T01:25:01.912359,2026-07-07T01:25:01.924145+00:00,167.3,20,bid,,,10179431
2026-07-07T01:25:02.169699,2026-07-07T01:25:02.179916+00:00,167.2,200,ask,,,10179434
2026-07-07T01:25:04.593221,2026-07-07T01:25:04.602696+00:00,167.1,200,ask,,,10179464
2026-07-07T01:25:05.295904,2026-07-07T01:25:05.300194+00:00,167.2,12,bid,,,10179482
2026-07-07T01:25:07.390494,2026-07-07T01:25:07.402351+00:00,167.1,20,ask,,,10179529
2026-07-07T01:25:08.092717,2026-07-07T01:25:08.096515+00:00,167.1,12,ask,,,10179544
2026-07-07T01:25:09.206967,2026-07-07T01:25:09.214257+00:00,167.1,200,ask,,,10179557
2026-07-07T01:25:14.431962,2026-07-07T01:25:14.435783+00:00,167.0,11,ask,,,10179657
2026-07-07T01:25:14.448096,2026-07-07T01:25:14.456497+00:00,167.1,200,bid,,,10179661
2026-07-07T01:25:14.448096,2026-07-07T01:25:14.456497+00:00,167.2,45,bid,,,10179662
2026-07-07T01:25:14.469565,2026-07-07T01:25:14.473051+00:00,167.2,23,ask,,,10179665
2026-07-07T01:25:15.497378,2026-07-07T01:25:15.507539+00:00,167.2,200,ask,,,10179687
2026-07-07T01:25:17.067595,2026-07-07T01:25:17.074808+00:00,167.2,200,bid,,,10179708
2026-07-07T01:25:17.067595,2026-07-07T01:25:17.088268+00:00,167.3,45,bid,,,10179709
2026-07-07T01:25:17.085111,2026-07-07T01:25:17.088268+00:00,167.3,11,ask,,,10179711
2026-07-07T01:25:17.915094,2026-07-07T01:25:17.921700+00:00,167.3,200,ask,,,10179727
2026-07-07T01:25:20.995420,2026-07-07T01:25:21.004247+00:00,167.4,200,bid,,,10179767
2026-07-07T01:25:21.549143,2026-07-07T01:25:21.558575+00:00,167.4,200,ask,,,10179788
2026-07-07T01:25:22.319466,2026-07-07T01:25:22.323998+00:00,167.2,11,bid,,,10179803
2026-07-07T01:25:22.757034,2026-07-07T01:25:22.765525+00:00,167.2,200,bid,,,10179812
2026-07-07T01:25:28.887367,2026-07-07T01:25:28.897238+00:00,167.1,50,ask,,,10179896
2026-07-07T01:25:28.887367,2026-07-07T01:25:28.897238+00:00,167.1,200,ask,,,10179897
2026-07-07T01:25:36.765028,2026-07-07T01:25:36.774265+00:00,167.1,200,bid,,,10180015
2026-07-07T01:25:37.824661,2026-07-07T01:25:37.835219+00:00,167.2,200,ask,,,10180030
2026-07-07T01:25:38.483701,2026-07-07T01:25:38.494714+00:00,167.2,200,bid,,,10180042
2026-07-07T01:25:39.734295,2026-07-07T01:25:39.738098+00:00,167.3,12,bid,,,10180062
2026-07-07T01:25:40.875460,2026-07-07T01:25:40.879203+00:00,167.2,11,bid,,,10180080
2026-07-07T01:25:40.907852,2026-07-07T01:25:40.919088+00:00,167.2,200,bid,,,10180081
2026-07-07T01:25:42.673119,2026-07-07T01:25:42.684581+00:00,167.2,500,ask,,,10180120
2026-07-07T01:25:42.732247,2026-07-07T01:25:42.744067+00:00,167.3,20,bid,,,10180121
2026-07-07T01:25:44.483104,2026-07-07T01:25:44.494779+00:00,167.1,200,ask,,,10180139
2026-07-07T01:25:47.243050,2026-07-07T01:25:47.252627+00:00,167.0,50,ask,,,10180184
2026-07-07T01:25:48.557014,2026-07-07T01:25:48.552929+00:00,167.0,200,bid,,,10180203
2026-07-07T01:25:51.310432,2026-07-07T01:25:51.319817+00:00,167.0,20,ask,,,10180249
2026-07-07T01:25:53.803594,2026-07-07T01:25:53.811897+00:00,167.0,200,ask,,,10180276
2026-07-07T01:25:53.906926,2026-07-07T01:25:53.918599+00:00,166.9,20,ask,,,10180279
2026-07-07T01:25:54.234891,2026-07-07T01:25:54.246078+00:00,167.0,200,bid,,,10180291
2026-07-07T01:25:56.658292,2026-07-07T01:25:56.669924+00:00,167.1,200,bid,,,10180327
2026-07-07T01:25:59.532328,2026-07-07T01:25:59.543630+00:00,167.0,20,ask,,,10180363
2026-07-07T01:26:01.501108,2026-07-07T01:26:01.509086+00:00,167.0,20,ask,,,10180396
2026-07-07T01:26:01.925760,2026-07-07T01:26:01.933140+00:00,167.0,20,ask,,,10180404
2026-07-07T01:26:02.976503,2026-07-07T01:26:02.987859+00:00,167.1,200,bid,,,10180417
2026-07-07T01:26:02.976503,2026-07-07T01:26:02.987859+00:00,167.2,50,bid,,,10180418
2026-07-07T01:26:03.236312,2026-07-07T01:26:03.264470+00:00,167.3,375,ask,,,10180424
2026-07-07T01:26:03.953499,2026-07-07T01:26:03.957473+00:00,167.2,11,bid,,,10180437
2026-07-07T01:26:05.164507,2026-07-07T01:26:05.168053+00:00,167.0,23,bid,,,10180460
2026-07-07T01:26:07.566950,2026-07-07T01:26:07.576367+00:00,166.9,30,ask,,,10180505
2026-07-07T01:26:08.201096,2026-07-07T01:26:08.206216+00:00,166.9,20,bid,,,10180516
2026-07-07T01:26:08.229418,2026-07-07T01:26:08.271900+00:00,166.9,150,bid,,,10180520
2026-07-07T01:26:08.268758,2026-07-07T01:26:08.271900+00:00,166.9,45,ask,,,10180525
2026-07-07T01:26:08.777830,2026-07-07T01:26:08.785814+00:00,166.9,200,ask,,,10180538
2026-07-07T01:26:09.287205,2026-07-07T01:26:09.294969+00:00,166.9,230,ask,,,10180543
2026-07-07T01:26:09.543424,2026-07-07T01:26:09.552466+00:00,166.8,50,ask,,,10180551
2026-07-07T01:26:09.984622,2026-07-07T01:26:09.994732+00:00,166.8,200,bid,,,10180557
2026-07-07T01:26:11.196356,2026-07-07T01:26:11.206483+00:00,166.8,200,ask,,,10180585
2026-07-07T01:26:11.362673,2026-07-07T01:26:11.364737+00:00,167.0,11,bid,,,10180589
2026-07-07T01:26:12.342050,2026-07-07T01:26:12.345480+00:00,166.9,11,bid,,,10180599
2026-07-07T01:26:14.059601,2026-07-07T01:26:14.071287+00:00,166.8,20,bid,,,10180634
2026-07-07T01:26:14.579349,2026-07-07T01:26:14.582866+00:00,166.7,11,ask,,,10180639
2026-07-07T01:26:16.101979,2026-07-07T01:26:16.110672+00:00,166.7,19,ask,,,10180661
2026-07-07T01:26:16.101979,2026-07-07T01:26:16.110672+00:00,166.6,200,ask,,,10180662
2026-07-07T01:26:16.983525,2026-07-07T01:26:16.991409+00:00,166.3,20,ask,,,10180671
2026-07-07T01:26:17.249826,2026-07-07T01:26:17.258590+00:00,166.6,200,bid,,,10180680
2026-07-07T01:26:20.551090,2026-07-07T01:26:20.558584+00:00,166.4,20,ask,,,10180738
2026-07-07T01:26:24.522492,2026-07-07T01:26:24.531712+00:00,166.4,200,bid,,,10180802
2026-07-07T01:26:26.584899,2026-07-07T01:26:26.595842+00:00,166.3,200,ask,,,10180838
2026-07-07T01:26:26.939555,2026-07-07T01:26:26.947634+00:00,166.2,200,bid,,,10180842
2026-07-07T01:26:27.245110,2026-07-07T01:26:27.248852+00:00,165.9,11,ask,,,10180848
2026-07-07T01:26:27.910849,2026-07-07T01:26:27.914015+00:00,166.1,23,ask,,,10180863
2026-07-07T01:26:29.203644,2026-07-07T01:26:29.214066+00:00,166.3,200,bid,,,10180885
2026-07-07T01:26:29.356716,2026-07-07T01:26:29.364834+00:00,166.3,200,ask,,,10180892
2026-07-07T01:26:30.529220,2026-07-07T01:26:30.533008+00:00,166.3,11,bid,,,10180900
2026-07-07T01:26:30.641847,2026-07-07T01:26:30.658618+00:00,166.3,20,bid,,,10180901
2026-07-07T01:26:31.771783,2026-07-07T01:26:31.779286+00:00,166.3,200,bid,,,10180920
2026-07-07T01:26:34.443935,2026-07-07T01:26:34.454227+00:00,166.2,200,ask,,,10180961
2026-07-07T01:26:37.070215,2026-07-07T01:26:37.079349+00:00,166.0,500,ask,,,10181006
2026-07-07T01:26:37.070215,2026-07-07T01:26:37.079349+00:00,166.0,125,ask,,,10181007
2026-07-07T01:26:41.481612,2026-07-07T01:26:41.493249+00:00,166.4,20,bid,,,10181083
2026-07-07T01:26:42.671221,2026-07-07T01:26:42.679600+00:00,166.2,200,ask,,,10181099
2026-07-07T01:26:47.526079,2026-07-07T01:26:47.529767+00:00,166.3,12,bid,,,10181192
2026-07-07T01:26:47.561299,2026-07-07T01:26:47.571817+00:00,166.3,188,bid,,,10181193
2026-07-07T01:26:49.936445,2026-07-07T01:26:49.948061+00:00,166.3,200,ask,,,10181223
2026-07-07T01:26:55.993056,2026-07-07T01:26:55.999985+00:00,166.3,200,ask,,,10181312
2026-07-07T01:26:57.199360,2026-07-07T01:26:57.207037+00:00,166.4,200,ask,,,10181326
2026-07-07T01:26:58.419632,2026-07-07T01:26:58.423437+00:00,166.4,11,bid,,,10181352
2026-07-07T01:26:59.357339,2026-07-07T01:26:59.365881+00:00,166.4,189,bid,,,10181376
2026-07-07T01:27:04.459813,2026-07-07T01:27:04.468914+00:00,166.2,200,ask,,,10181456
2026-07-07T01:27:05.680477,2026-07-07T01:27:05.687211+00:00,166.2,200,ask,,,10181469
