timestamp,recv_time,price,volume,aggressor_side,buyer,seller,trade_id
2026-07-04T02:00:02.808958,2026-07-04T02:00:02.812551+00:00,136.1,3,ask,WavyWalnuts,Xuanyu Liu,6439695
2026-07-04T02:00:04.641972,2026-07-04T02:00:04.650538+00:00,136.2,20,bid,BrilliantBurritos,YieldingYams,6439718
2026-07-04T02:00:05.228014,2026-07-04T02:00:05.231518+00:00,136.2,11,ask,WavyWalnuts,Xuanyu Liu,6439724
2026-07-04T02:00:06.075675,2026-07-04T02:00:06.086867+00:00,136.2,189,ask,WavyWalnuts,YieldingYams,6439742
2026-07-04T02:00:06.416900,2026-07-04T02:00:06.453198+00:00,136.2,200,bid,WavyWalnuts,YieldingYams,6439746
2026-07-04T02:00:07.639299,2026-07-04T02:00:07.643151+00:00,136.2,12,ask,WavyWalnuts,Xuanyu Liu,6439770
2026-07-04T02:00:08.696398,2026-07-04T02:00:08.707697+00:00,136.2,188,ask,WavyWalnuts,YieldingYams,6439791
2026-07-04T02:00:10.007037,2026-07-04T02:00:10.016489+00:00,136.1,200,bid,YieldingYams,WavyWalnuts,6439801
2026-07-04T02:00:12.457699,2026-07-04T02:00:12.469235+00:00,136.1,200,ask,YieldingYams,WavyWalnuts,6439835
2026-07-04T02:00:13.937209,2026-07-04T02:00:13.944469+00:00,136.1,200,ask,WavyWalnuts,YieldingYams,6439854
2026-07-04T02:00:14.867758,2026-07-04T02:00:14.876854+00:00,136.1,200,bid,WavyWalnuts,YieldingYams,6439866
2026-07-04T02:00:16.075741,2026-07-04T02:00:16.085235+00:00,136.2,200,bid,WavyWalnuts,YieldingYams,6439885
2026-07-04T02:00:18.191324,2026-07-04T02:00:18.202451+00:00,136.3,20,bid,BrilliantBurritos,WavyWalnuts,6439918
2026-07-04T02:00:19.745371,2026-07-04T02:00:19.749136+00:00,136.2,12,bid,Xuanyu Liu,WavyWalnuts,6439937
2026-07-04T02:00:20.519714,2026-07-04T02:00:20.527854+00:00,136.2,188,bid,YieldingYams,WavyWalnuts,6439956
2026-07-04T02:00:24.023544,2026-07-04T02:00:24.031045+00:00,136.2,20,bid,BrilliantBurritos,YieldingYams,6440006
2026-07-04T02:00:24.569134,2026-07-04T02:00:24.577128+00:00,136.1,200,ask,YieldingYams,WavyWalnuts,6440015
2026-07-04T02:00:28.388844,2026-07-04T02:00:28.398613+00:00,136.2,200,bid,YieldingYams,WavyWalnuts,6440060
2026-07-04T02:00:31.827639,2026-07-04T02:00:31.832100+00:00,136.2,46,ask,YieldingYams,Xuanyu Liu,6440114
2026-07-04T02:00:36.181098,2026-07-04T02:00:36.189617+00:00,136.4,20,bid,BrilliantBurritos,WavyWalnuts,6440156
2026-07-04T02:00:36.260260,2026-07-04T02:00:36.269920+00:00,136.4,180,bid,YieldingYams,WavyWalnuts,6440159
2026-07-04T02:00:38.108050,2026-07-04T02:00:38.112638+00:00,136.4,11,bid,Xuanyu Liu,WavyWalnuts,6440176
2026-07-04T02:00:39.090675,2026-07-04T02:00:39.099359+00:00,136.4,20,bid,BrilliantBurritos,YieldingYams,6440191
2026-07-04T02:00:40.703820,2026-07-04T02:00:40.715622+00:00,136.2,20,ask,AverageAlmonds,BrilliantBurritos,6440203
2026-07-04T02:00:41.510896,2026-07-04T02:00:41.512731+00:00,136.4,200,bid,WavyWalnuts,YieldingYams,6440220
2026-07-04T02:00:41.735327,2026-07-04T02:00:41.747058+00:00,136.5,20,bid,BrilliantBurritos,YieldingYams,6440223
2026-07-04T02:00:43.938925,2026-07-04T02:00:43.948671+00:00,136.4,200,ask,YieldingYams,WavyWalnuts,6440260
2026-07-04T02:00:50.708926,2026-07-04T02:00:50.717529+00:00,136.3,200,ask,WavyWalnuts,YieldingYams,6440340
2026-07-04T02:00:51.244959,2026-07-04T02:00:51.258607+00:00,136.2,200,bid,WavyWalnuts,YieldingYams,6440348
2026-07-04T02:00:52.032145,2026-07-04T02:00:52.035859+00:00,136.2,11,ask,YieldingYams,Xuanyu Liu,6440360
2026-07-04T02:00:54.190530,2026-07-04T02:00:54.198466+00:00,136.2,200,bid,AverageAlmonds,WavyWalnuts,6440399
2026-07-04T02:00:54.804235,2026-07-04T02:00:54.807436+00:00,136.3,11,ask,AverageAlmonds,Xuanyu Liu,6440408
2026-07-04T02:00:55.883150,2026-07-04T02:00:55.894574+00:00,136.4,20,bid,BrilliantBurritos,YieldingYams,6440422
2026-07-04T02:00:56.082326,2026-07-04T02:00:56.092975+00:00,136.3,200,ask,AverageAlmonds,WavyWalnuts,6440423
2026-07-04T02:01:00.848835,2026-07-04T02:01:00.858544+00:00,136.2,500,bid,AverageAlmonds,YieldingYams,6440483
2026-07-04T02:01:02.050536,2026-07-04T02:01:02.069249+00:00,136.3,200,bid,AverageAlmonds,WavyWalnuts,6440506
2026-07-04T02:01:02.050536,2026-07-04T02:01:02.069249+00:00,136.4,300,bid,AverageAlmonds,YieldingYams,6440507
2026-07-04T02:01:02.645711,2026-07-04T02:01:02.658557+00:00,136.4,200,bid,AverageAlmonds,WavyWalnuts,6440520
2026-07-04T02:01:02.645711,2026-07-04T02:01:02.658557+00:00,136.4,300,bid,AverageAlmonds,YieldingYams,6440521
2026-07-04T02:01:03.337222,2026-07-04T02:01:03.348406+00:00,136.3,200,ask,AverageAlmonds,WavyWalnuts,6440530
2026-07-04T02:01:03.860963,2026-07-04T02:01:03.869059+00:00,136.4,500,bid,AverageAlmonds,YieldingYams,6440537
2026-07-04T02:01:04.570819,2026-07-04T02:01:04.580062+00:00,136.3,200,ask,AverageAlmonds,WavyWalnuts,6440552
2026-07-04T02:01:05.778253,2026-07-04T02:01:05.789059+00:00,136.5,200,ask,YieldingYams,WavyWalnuts,6440571
2026-07-04T02:01:06.985252,2026-07-04T02:01:06.993399+00:00,136.5,200,ask,YieldingYams,WavyWalnuts,6440589
2026-07-04T02:01:07.654456,2026-07-04T02:01:07.658374+00:00,136.7,11,bid,Xuanyu Liu,YieldingYams,6440602
2026-07-04T02:01:07.764654,2026-07-04T02:01:07.768538+00:00,136.5,23,bid,Xuanyu Liu,YieldingYams,6440604
2026-07-04T02:01:08.748318,2026-07-04T02:01:08.751787+00:00,136.5,20,bid,BrilliantBurritos,YieldingYams,6440622
2026-07-04T02:01:09.302994,2026-07-04T02:01:09.309657+00:00,136.5,200,bid,AverageAlmonds,WavyWalnuts,6440623
2026-07-04T02:01:09.302994,2026-07-04T02:01:09.309657+00:00,136.6,300,bid,AverageAlmonds,YieldingYams,6440624
2026-07-04T02:01:09.413883,2026-07-04T02:01:09.425640+00:00,136.4,20,ask,WavyWalnuts,BrilliantBurritos,6440625
2026-07-04T02:01:09.900085,2026-07-04T02:01:09.911774+00:00,136.6,325,bid,AverageAlmonds,YieldingYams,6440637
2026-07-04T02:01:09.900085,2026-07-04T02:01:09.911774+00:00,136.6,175,bid,AverageAlmonds,WavyWalnuts,6440638
2026-07-04T02:01:10.363129,2026-07-04T02:01:10.374797+00:00,136.6,25,bid,YieldingYams,WavyWalnuts,6440644
2026-07-04T02:01:10.371566,2026-07-04T02:01:10.374797+00:00,136.7,34,ask,YieldingYams,Xuanyu Liu,6440646
2026-07-04T02:01:10.610198,2026-07-04T02:01:10.617804+00:00,136.7,200,ask,YieldingYams,WavyWalnuts,6440648
2026-07-04T02:01:11.675019,2026-07-04T02:01:11.685414+00:00,136.7,500,ask,AverageAlmonds,YieldingYams,6440664
2026-07-04T02:01:11.739904,2026-07-04T02:01:11.747745+00:00,136.7,125,bid,AverageAlmonds,YieldingYams,6440665
2026-07-04T02:01:11.818358,2026-07-04T02:01:11.826616+00:00,136.7,200,ask,AverageAlmonds,WavyWalnuts,6440668
2026-07-04T02:01:13.001293,2026-07-04T02:01:13.004747+00:00,137.0,50,bid,Xuanyu Liu,YieldingYams,6440687
2026-07-04T02:01:14.290590,2026-07-04T02:01:14.308703+00:00,136.9,200,bid,YieldingYams,WavyWalnuts,6440703
2026-07-04T02:01:14.305575,2026-07-04T02:01:14.308703+00:00,137.0,16,ask,YieldingYams,Xuanyu Liu,6440705
2026-07-04T02:01:15.443674,2026-07-04T02:01:15.452318+00:00,137.0,200,ask,YieldingYams,WavyWalnuts,6440717
2026-07-04T02:01:16.672356,2026-07-04T02:01:16.683739+00:00,137.0,20,bid,BrilliantBurritos,WavyWalnuts,6440733
2026-07-04T02:01:19.088813,2026-07-04T02:01:19.100664+00:00,136.9,20,bid,BrilliantBurritos,YieldingYams,6440774
2026-07-04T02:01:22.474822,2026-07-04T02:01:22.479127+00:00,137.2,23,bid,Xuanyu Liu,WavyWalnuts,6440831
2026-07-04T02:01:22.719258,2026-07-04T02:01:22.726534+00:00,137.0,200,ask,YieldingYams,WavyWalnuts,6440841
2026-07-04T02:01:23.485724,2026-07-04T02:01:23.489314+00:00,137.0,14,bid,Xuanyu Liu,YieldingYams,6440851
2026-07-04T02:01:24.781597,2026-07-04T02:01:24.792909+00:00,136.9,200,ask,WavyWalnuts,YieldingYams,6440870
2026-07-04T02:01:24.781597,2026-07-04T02:01:24.792909+00:00,136.9,425,ask,AverageAlmonds,YieldingYams,6440871
2026-07-04T02:01:25.139237,2026-07-04T02:01:25.149988+00:00,137.0,200,ask,AverageAlmonds,WavyWalnuts,6440875
2026-07-04T02:01:26.277582,2026-07-04T02:01:26.287339+00:00,137.1,500,bid,AverageAlmonds,YieldingYams,6440890
2026-07-04T02:01:26.297265,2026-07-04T02:01:26.308248+00:00,136.9,20,ask,YieldingYams,BrilliantBurritos,6440891
2026-07-04T02:01:27.400925,2026-07-04T02:01:27.410485+00:00,137.2,200,bid,YieldingYams,WavyWalnuts,6440902
2026-07-04T02:01:28.351599,2026-07-04T02:01:28.357835+00:00,137.4,20,bid,BrilliantBurritos,YieldingYams,6440915
2026-07-04T02:01:29.396920,2026-07-04T02:01:29.408829+00:00,137.2,20,ask,YieldingYams,BrilliantBurritos,6440925
2026-07-04T02:01:29.988077,2026-07-04T02:01:29.995903+00:00,137.2,200,ask,YieldingYams,WavyWalnuts,6440931
2026-07-04T02:01:32.407777,2026-07-04T02:01:32.416995+00:00,137.2,200,ask,YieldingYams,WavyWalnuts,6440958
2026-07-04T02:01:32.661157,2026-07-04T02:01:32.668802+00:00,137.2,500,ask,AverageAlmonds,YieldingYams,6440960
2026-07-04T02:01:33.613288,2026-07-04T02:01:33.622340+00:00,137.2,125,bid,WavyWalnuts,YieldingYams,6440974
2026-07-04T02:01:34.430817,2026-07-04T02:01:34.440221+00:00,137.3,20,ask,WavyWalnuts,BrilliantBurritos,6440989
2026-07-04T02:01:36.615104,2026-07-04T02:01:36.624934+00:00,137.3,200,bid,YieldingYams,WavyWalnuts,6441016
2026-07-04T02:01:37.931648,2026-07-04T02:01:37.942737+00:00,137.4,200,bid,YieldingYams,WavyWalnuts,6441033
2026-07-04T02:01:39.659322,2026-07-04T02:01:39.668981+00:00,137.5,200,bid,WavyWalnuts,YieldingYams,6441063
2026-07-04T02:01:47.108227,2026-07-04T02:01:47.118601+00:00,137.6,200,bid,YieldingYams,WavyWalnuts,6441161
2026-07-04T02:01:47.815168,2026-07-04T02:01:47.818593+00:00,137.8,14,bid,Xuanyu Liu,YieldingYams,6441174
2026-07-04T02:01:52.312923,2026-07-04T02:01:52.320209+00:00,137.6,200,ask,WavyWalnuts,AverageAlmonds,6441234
2026-07-04T02:01:52.981018,2026-07-04T02:01:52.987853+00:00,137.6,200,bid,WavyWalnuts,AverageAlmonds,6441243
2026-07-04T02:01:56.292609,2026-07-04T02:01:56.302385+00:00,137.6,500,bid,YieldingYams,AverageAlmonds,6441289
2026-07-04T02:01:56.292609,2026-07-04T02:01:56.302385+00:00,137.7,125,bid,YieldingYams,WavyWalnuts,6441290
2026-07-04T02:01:56.555306,2026-07-04T02:01:56.574589+00:00,137.5,200,ask,WavyWalnuts,AverageAlmonds,6441293
2026-07-04T02:01:57.242049,2026-07-04T02:01:57.246094+00:00,137.5,12,bid,Xuanyu Liu,AverageAlmonds,6441306
2026-07-04T02:01:58.914619,2026-07-04T02:01:58.921590+00:00,137.5,500,bid,YieldingYams,AverageAlmonds,6441330
2026-07-04T02:01:58.964684,2026-07-04T02:01:58.974344+00:00,137.5,125,ask,YieldingYams,AverageAlmonds,6441331
2026-07-04T02:02:03.865644,2026-07-04T02:02:03.872939+00:00,137.4,200,bid,WavyWalnuts,YieldingYams,6441423
2026-07-04T02:02:05.092673,2026-07-04T02:02:05.097051+00:00,137.4,12,ask,WavyWalnuts,Xuanyu Liu,6441445
2026-07-04T02:02:05.470172,2026-07-04T02:02:05.479594+00:00,137.4,188,ask,WavyWalnuts,YieldingYams,6441449
2026-07-04T02:02:06.139667,2026-07-04T02:02:06.146952+00:00,137.2,20,ask,YieldingYams,BrilliantBurritos,6441459
2026-07-04T02:02:06.778708,2026-07-04T02:02:06.797002+00:00,137.4,200,bid,YieldingYams,WavyWalnuts,6441463
2026-07-04T02:02:06.793473,2026-07-04T02:02:06.797002+00:00,137.4,14,ask,YieldingYams,Xuanyu Liu,6441466
2026-07-04T02:02:07.486701,2026-07-04T02:02:07.495560+00:00,137.4,200,ask,YieldingYams,WavyWalnuts,6441482
2026-07-04T02:02:10.722235,2026-07-04T02:02:10.733995+00:00,137.4,200,bid,YieldingYams,WavyWalnuts,6441521
2026-07-04T02:02:10.722235,2026-07-04T02:02:10.733995+00:00,137.5,425,bid,YieldingYams,AverageAlmonds,6441522
2026-07-04T02:02:10.730890,2026-07-04T02:02:10.739297+00:00,137.2,20,ask,WavyWalnuts,BrilliantBurritos,6441524
2026-07-04T02:02:11.686009,2026-07-04T02:02:11.696016+00:00,137.4,200,ask,WavyWalnuts,AverageAlmonds,6441542
2026-07-04T02:02:13.348736,2026-07-04T02:02:13.355983+00:00,137.2,200,ask,WavyWalnuts,YieldingYams,6441565
2026-07-04T02:02:19.608780,2026-07-04T02:02:19.617251+00:00,137.3,200,bid,WavyWalnuts,YieldingYams,6441650
2026-07-04T02:02:20.822548,2026-07-04T02:02:20.830076+00:00,137.4,200,bid,WavyWalnuts,YieldingYams,6441663
2026-07-04T02:02:22.614775,2026-07-04T02:02:22.618447+00:00,137.2,3,ask,WavyWalnuts,Xuanyu Liu,6441692
2026-07-04T02:02:24.479978,2026-07-04T02:02:24.483641+00:00,137.3,11,ask,WavyWalnuts,Xuanyu Liu,6441714
2026-07-04T02:02:27.789628,2026-07-04T02:02:27.800818+00:00,137.3,200,ask,WavyWalnuts,YieldingYams,6441751
2026-07-04T02:02:28.088335,2026-07-04T02:02:28.097269+00:00,137.2,200,bid,WavyWalnuts,YieldingYams,6441754
2026-07-04T02:02:31.192167,2026-07-04T02:02:31.204259+00:00,137.3,20,bid,BrilliantBurritos,WavyWalnuts,6441795
2026-07-04T02:02:31.823626,2026-07-04T02:02:31.830980+00:00,137.3,20,bid,BrilliantBurritos,YieldingYams,6441802
2026-07-04T02:02:32.943233,2026-07-04T02:02:32.958608+00:00,137.2,200,ask,AverageAlmonds,WavyWalnuts,6441824
2026-07-04T02:02:33.484409,2026-07-04T02:02:33.494830+00:00,137.3,500,bid,AverageAlmonds,YieldingYams,6441830
2026-07-04T02:02:33.909983,2026-07-04T02:02:33.921535+00:00,137.0,20,ask,YieldingYams,BrilliantBurritos,6441834
2026-07-04T02:02:34.348290,2026-07-04T02:02:34.353100+00:00,137.3,200,bid,YieldingYams,WavyWalnuts,6441845
2026-07-04T02:02:35.364213,2026-07-04T02:02:35.374645+00:00,137.3,200,ask,YieldingYams,WavyWalnuts,6441861
2026-07-04T02:02:36.570138,2026-07-04T02:02:36.581387+00:00,137.4,200,bid,WavyWalnuts,YieldingYams,6441880
2026-07-04T02:02:36.980354,2026-07-04T02:02:36.984065+00:00,137.3,23,ask,YieldingYams,Xuanyu Liu,6441886
2026-07-04T02:02:38.289225,2026-07-04T02:02:38.292763+00:00,137.4,12,ask,YieldingYams,Xuanyu Liu,6441900
2026-07-04T02:02:38.985851,2026-07-04T02:02:38.992923+00:00,137.4,200,ask,YieldingYams,WavyWalnuts,6441911
2026-07-04T02:02:39.595357,2026-07-04T02:02:39.606140+00:00,137.4,20,bid,BrilliantBurritos,YieldingYams,6441924
2026-07-04T02:02:42.210156,2026-07-04T02:02:42.220882+00:00,137.3,200,ask,WavyWalnuts,YieldingYams,6441950
2026-07-04T02:02:44.445941,2026-07-04T02:02:44.463863+00:00,137.4,20,bid,BrilliantBurritos,WavyWalnuts,6441969
2026-07-04T02:02:47.996323,2026-07-04T02:02:48.004985+00:00,137.3,20,bid,BrilliantBurritos,YieldingYams,6442013
2026-07-04T02:02:49.566411,2026-07-04T02:02:49.578165+00:00,137.2,20,ask,WavyWalnuts,BrilliantBurritos,6442033
2026-07-04T02:02:51.052632,2026-07-04T02:02:51.059858+00:00,137.3,500,bid,AverageAlmonds,YieldingYams,6442055
2026-07-04T02:02:51.376278,2026-07-04T02:02:51.383904+00:00,137.3,200,bid,YieldingYams,WavyWalnuts,6442066
2026-07-04T02:02:52.318031,2026-07-04T02:02:52.327920+00:00,137.3,200,ask,YieldingYams,WavyWalnuts,6442072
2026-07-04T02:02:54.020051,2026-07-04T02:02:54.024403+00:00,137.3,9,bid,Xuanyu Liu,YieldingYams,6442094
2026-07-04T02:02:55.296263,2026-07-04T02:02:55.303428+00:00,137.3,500,bid,AverageAlmonds,YieldingYams,6442110
2026-07-04T02:02:55.334073,2026-07-04T02:02:55.345300+00:00,137.4,200,bid,YieldingYams,WavyWalnuts,6442114
2026-07-04T02:02:55.350632,2026-07-04T02:02:55.354112+00:00,137.4,9,ask,YieldingYams,Xuanyu Liu,6442116
2026-07-04T02:02:55.876883,2026-07-04T02:02:55.886128+00:00,137.4,20,ask,YieldingYams,BrilliantBurritos,6442126
2026-07-04T02:02:55.953059,2026-07-04T02:02:55.956195+00:00,137.5,11,ask,WavyWalnuts,Xuanyu Liu,6442130
2026-07-04T02:02:56.643710,2026-07-04T02:02:56.658573+00:00,137.5,189,ask,WavyWalnuts,YieldingYams,6442137
2026-07-04T02:02:57.429466,2026-07-04T02:02:57.433015+00:00,137.5,23,bid,Xuanyu Liu,YieldingYams,6442147
2026-07-04T02:02:57.964352,2026-07-04T02:02:57.968540+00:00,137.4,11,bid,Xuanyu Liu,YieldingYams,6442157
2026-07-04T02:02:58.607315,2026-07-04T02:02:58.618747+00:00,137.4,20,bid,BrilliantBurritos,YieldingYams,6442171
2026-07-04T02:02:58.915732,2026-07-04T02:02:58.927514+00:00,137.4,500,bid,AverageAlmonds,YieldingYams,6442174
2026-07-04T02:02:59.261111,2026-07-04T02:02:59.268663+00:00,137.5,200,bid,YieldingYams,WavyWalnuts,6442177
2026-07-04T02:02:59.568366,2026-07-04T02:02:59.579739+00:00,137.6,200,ask,YieldingYams,WavyWalnuts,6442183
2026-07-04T02:03:00.749781,2026-07-04T02:03:00.755018+00:00,137.6,500,bid,AverageAlmonds,YieldingYams,6442207
2026-07-04T02:03:01.344786,2026-07-04T02:03:01.358580+00:00,137.6,125,bid,AverageAlmonds,YieldingYams,6442210
2026-07-04T02:03:01.344786,2026-07-04T02:03:01.358580+00:00,137.6,200,bid,AverageAlmonds,WavyWalnuts,6442211
2026-07-04T02:03:01.893317,2026-07-04T02:03:01.896819+00:00,137.8,11,ask,YieldingYams,Xuanyu Liu,6442226
2026-07-04T02:03:01.993927,2026-07-04T02:03:02.005461+00:00,137.8,200,ask,YieldingYams,WavyWalnuts,6442229
2026-07-04T02:03:06.873034,2026-07-04T02:03:06.881933+00:00,137.9,200,ask,YieldingYams,WavyWalnuts,6442285
2026-07-04T02:03:10.070718,2026-07-04T02:03:10.074679+00:00,137.4,23,ask,WavyWalnuts,Xuanyu Liu,6442332
2026-07-04T02:03:10.443256,2026-07-04T02:03:10.447534+00:00,137.5,11,ask,AverageAlmonds,Xuanyu Liu,6442341
2026-07-04T02:03:10.522832,2026-07-04T02:03:10.532452+00:00,137.5,200,ask,AverageAlmonds,WavyWalnuts,6442345
2026-07-04T02:03:11.020668,2026-07-04T02:03:11.031829+00:00,137.6,500,bid,AverageAlmonds,YieldingYams,6442353
2026-07-04T02:03:11.729656,2026-07-04T02:03:11.737229+00:00,137.5,200,ask,YieldingYams,WavyWalnuts,6442364
2026-07-04T02:03:15.017967,2026-07-04T02:03:15.029341+00:00,137.5,200,ask,WavyWalnuts,YieldingYams,6442416
2026-07-04T02:03:15.017967,2026-07-04T02:03:15.029341+00:00,137.4,425,ask,AverageAlmonds,YieldingYams,6442417
2026-07-04T02:03:18.976480,2026-07-04T02:03:18.987869+00:00,137.8,200,bid,WavyWalnuts,YieldingYams,6442466
2026-07-04T02:03:21.392645,2026-07-04T02:03:21.402065+00:00,137.8,200,ask,YieldingYams,WavyWalnuts,6442497
2026-07-04T02:03:22.909272,2026-07-04T02:03:22.920926+00:00,137.5,20,ask,WavyWalnuts,BrilliantBurritos,6442524
2026-07-04T02:03:23.816445,2026-07-04T02:03:23.825512+00:00,137.6,200,ask,AverageAlmonds,WavyWalnuts,6442541
2026-07-04T02:03:25.043269,2026-07-04T02:03:25.047435+00:00,137.6,11,bid,Xuanyu Liu,WavyWalnuts,6442563
2026-07-04T02:03:25.507017,2026-07-04T02:03:25.513374+00:00,137.5,500,ask,AverageAlmonds,YieldingYams,6442567
2026-07-04T02:03:25.524173,2026-07-04T02:03:25.527784+00:00,137.5,11,bid,Xuanyu Liu,YieldingYams,6442569
2026-07-04T02:03:25.551665,2026-07-04T02:03:25.558879+00:00,137.5,114,bid,AverageAlmonds,YieldingYams,6442570
2026-07-04T02:03:26.163642,2026-07-04T02:03:26.174182+00:00,137.6,189,bid,AverageAlmonds,WavyWalnuts,6442588
2026-07-04T02:03:26.189959,2026-07-04T02:03:26.193664+00:00,137.6,11,ask,AverageAlmonds,Xuanyu Liu,6442592
2026-07-04T02:03:26.240351,2026-07-04T02:03:26.248075+00:00,137.6,200,ask,AverageAlmonds,WavyWalnuts,6442593
2026-07-04T02:03:30.751374,2026-07-04T02:03:30.756808+00:00,137.7,200,ask,WavyWalnuts,YieldingYams,6442648
2026-07-04T02:03:31.007552,2026-07-04T02:03:31.017243+00:00,137.6,425,bid,AverageAlmonds,YieldingYams,6442649
2026-07-04T02:03:34.681679,2026-07-04T02:03:34.691278+00:00,137.7,200,bid,YieldingYams,WavyWalnuts,6442712
2026-07-04T02:03:35.366323,2026-07-04T02:03:35.370462+00:00,137.7,23,ask,YieldingYams,Xuanyu Liu,6442729
2026-07-04T02:03:35.927299,2026-07-04T02:03:35.931090+00:00,137.8,11,ask,WavyWalnuts,Xuanyu Liu,6442743
2026-07-04T02:03:37.307476,2026-07-04T02:03:37.313820+00:00,137.8,200,ask,WavyWalnuts,YieldingYams,6442761
2026-07-04T02:03:47.975025,2026-07-04T02:03:47.978679+00:00,137.9,11,bid,Xuanyu Liu,WavyWalnuts,6442893
2026-07-04T02:03:50.427235,2026-07-04T02:03:50.436988+00:00,137.9,200,bid,WavyWalnuts,YieldingYams,6442930
2026-07-04T02:03:51.634792,2026-07-04T02:03:51.644556+00:00,137.9,200,bid,WavyWalnuts,YieldingYams,6442951
2026-07-04T02:03:54.048064,2026-07-04T02:03:54.056075+00:00,138.1,200,bid,WavyWalnuts,YieldingYams,6442984
2026-07-04T02:03:54.291968,2026-07-04T02:03:54.295594+00:00,138.1,12,bid,Xuanyu Liu,YieldingYams,6442987
2026-07-04T02:03:54.355901,2026-07-04T02:03:54.366747+00:00,138.2,500,bid,YieldingYams,AverageAlmonds,6442988
2026-07-04T02:03:54.355901,2026-07-04T02:03:54.366747+00:00,138.3,125,bid,YieldingYams,WavyWalnuts,6442989
2026-07-04T02:03:57.644499,2026-07-04T02:03:57.655220+00:00,138.1,500,ask,YieldingYams,AverageAlmonds,6443028
2026-07-04T02:03:57.673459,2026-07-04T02:03:57.681432+00:00,138.1,125,ask,YieldingYams,WavyWalnuts,6443030
2026-07-04T02:03:58.515362,2026-07-04T02:03:58.526987+00:00,138.0,20,ask,YieldingYams,BrilliantBurritos,6443039
2026-07-04T02:04:00.618932,2026-07-04T02:04:00.622300+00:00,138.1,34,bid,Xuanyu Liu,AverageAlmonds,6443069
2026-07-04T02:04:00.910570,2026-07-04T02:04:00.921582+00:00,138.1,500,bid,YieldingYams,AverageAlmonds,6443081
2026-07-04T02:04:01.290769,2026-07-04T02:04:01.298311+00:00,138.1,125,ask,YieldingYams,AverageAlmonds,6443086
2026-07-04T02:04:01.318573,2026-07-04T02:04:01.335418+00:00,138.1,200,bid,WavyWalnuts,AverageAlmonds,6443087
2026-07-04T02:04:02.531723,2026-07-04T02:04:02.541215+00:00,138.0,200,bid,WavyWalnuts,AverageAlmonds,6443100
2026-07-04T02:04:03.743412,2026-07-04T02:04:03.750058+00:00,137.9,200,bid,WavyWalnuts,YieldingYams,6443114
2026-07-04T02:04:04.955438,2026-07-04T02:04:04.968942+00:00,138.0,200,bid,WavyWalnuts,YieldingYams,6443132
2026-07-04T02:04:06.166453,2026-07-04T02:04:06.174558+00:00,137.9,200,bid,WavyWalnuts,YieldingYams,6443150
2026-07-04T02:04:07.379096,2026-07-04T02:04:07.390197+00:00,137.9,200,bid,WavyWalnuts,YieldingYams,6443169
2026-07-04T02:04:07.468073,2026-07-04T02:04:07.477094+00:00,137.9,500,bid,YieldingYams,AverageAlmonds,6443170
2026-07-04T02:04:07.943707,2026-07-04T02:04:07.958704+00:00,138.0,125,ask,YieldingYams,AverageAlmonds,6443176
2026-07-04T02:04:11.205223,2026-07-04T02:04:11.209932+00:00,138.0,23,bid,Xuanyu Liu,WavyWalnuts,6443215
2026-07-04T02:04:15.109526,2026-07-04T02:04:15.121436+00:00,138.0,20,bid,BrilliantBurritos,YieldingYams,6443268
2026-07-04T02:04:18.287570,2026-07-04T02:04:18.296420+00:00,137.9,200,bid,WavyWalnuts,AverageAlmonds,6443302
2026-07-04T02:04:19.507192,2026-07-04T02:04:19.516451+00:00,137.8,200,bid,WavyWalnuts,AverageAlmonds,6443315
2026-07-04T02:04:20.714090,2026-07-04T02:04:20.723625+00:00,137.8,200,bid,WavyWalnuts,AverageAlmonds,6443332
2026-07-04T02:04:21.268801,2026-07-04T02:04:21.279349+00:00,137.7,500,ask,YieldingYams,AverageAlmonds,6443338
2026-07-04T02:04:21.921193,2026-07-04T02:04:21.930977+00:00,137.7,200,bid,WavyWalnuts,YieldingYams,6443350
2026-07-04T02:04:23.128354,2026-07-04T02:04:23.135979+00:00,137.6,200,bid,WavyWalnuts,AverageAlmonds,6443357
2026-07-04T02:04:23.695755,2026-07-04T02:04:23.699669+00:00,137.5,11,bid,Xuanyu Liu,AverageAlmonds,6443364
2026-07-04T02:04:24.338022,2026-07-04T02:04:24.345357+00:00,137.5,200,bid,WavyWalnuts,AverageAlmonds,6443373
2026-07-04T02:04:25.550659,2026-07-04T02:04:25.558634+00:00,137.6,200,bid,WavyWalnuts,YieldingYams,6443392
2026-07-04T02:04:29.761776,2026-07-04T02:04:29.769945+00:00,137.3,20,ask,YieldingYams,BrilliantBurritos,6443446
2026-07-04T02:04:30.348178,2026-07-04T02:04:30.351817+00:00,137.4,3,bid,Xuanyu Liu,AverageAlmonds,6443458
2026-07-04T02:04:31.084121,2026-07-04T02:04:31.093754+00:00,137.4,500,bid,YieldingYams,AverageAlmonds,6443471
2026-07-04T02:04:34.020448,2026-07-04T02:04:34.026811+00:00,137.4,200,bid,WavyWalnuts,YieldingYams,6443503
2026-07-04T02:04:35.024144,2026-07-04T02:04:35.033357+00:00,137.3,500,bid,YieldingYams,AverageAlmonds,6443513
2026-07-04T02:04:35.171034,2026-07-04T02:04:35.181329+00:00,137.3,125,ask,YieldingYams,AverageAlmonds,6443515
2026-07-04T02:04:35.227377,2026-07-04T02:04:35.237661+00:00,137.3,200,bid,WavyWalnuts,AverageAlmonds,6443517
2026-07-04T02:04:35.840710,2026-07-04T02:04:35.850895+00:00,137.3,20,bid,BrilliantBurritos,AverageAlmonds,6443524
2026-07-04T02:04:36.434573,2026-07-04T02:04:36.444124+00:00,137.2,200,bid,WavyWalnuts,YieldingYams,6443531
2026-07-04T02:04:37.648283,2026-07-04T02:04:37.667270+00:00,137.1,500,bid,YieldingYams,AverageAlmonds,6443547
2026-07-04T02:04:37.663796,2026-07-04T02:04:37.667270+00:00,137.3,14,ask,YieldingYams,Xuanyu Liu,6443549
2026-07-04T02:04:38.218382,2026-07-04T02:04:38.225024+00:00,137.3,111,ask,YieldingYams,AverageAlmonds,6443554
2026-07-04T02:04:38.218382,2026-07-04T02:04:38.225024+00:00,137.2,200,ask,WavyWalnuts,AverageAlmonds,6443555
2026-07-04T02:04:41.233629,2026-07-04T02:04:41.241361+00:00,137.0,200,ask,YieldingYams,WavyWalnuts,6443596
2026-07-04T02:04:41.233629,2026-07-04T02:04:41.246880+00:00,137.0,300,ask,YieldingYams,AverageAlmonds,6443597
2026-07-04T02:04:43.041698,2026-07-04T02:04:43.048423+00:00,136.9,200,ask,WavyWalnuts,AverageAlmonds,6443626
2026-07-04T02:04:46.694193,2026-07-04T02:04:46.701960+00:00,136.8,500,ask,YieldingYams,AverageAlmonds,6443672
2026-07-04T02:04:46.829939,2026-07-04T02:04:46.837209+00:00,136.8,200,ask,WavyWalnuts,YieldingYams,6443676
2026-07-04T02:04:47.894640,2026-07-04T02:04:47.905524+00:00,136.6,500,ask,YieldingYams,AverageAlmonds,6443689
2026-07-04T02:04:47.915871,2026-07-04T02:04:47.927582+00:00,136.6,20,ask,YieldingYams,BrilliantBurritos,6443690
2026-07-04T02:04:48.207342,2026-07-04T02:04:48.219062+00:00,136.6,20,ask,WavyWalnuts,BrilliantBurritos,6443693
2026-07-04T02:04:48.488872,2026-07-04T02:04:48.498592+00:00,136.6,180,ask,WavyWalnuts,AverageAlmonds,6443698
2026-07-04T02:04:48.545239,2026-07-04T02:04:48.558834+00:00,136.6,200,bid,WavyWalnuts,AverageAlmonds,6443700
2026-07-04T02:04:49.451746,2026-07-04T02:04:49.463668+00:00,136.7,500,bid,YieldingYams,AverageAlmonds,6443717
2026-07-04T02:04:49.722722,2026-07-04T02:04:49.730213+00:00,136.7,125,ask,YieldingYams,AverageAlmonds,6443720
2026-07-04T02:04:53.378792,2026-07-04T02:04:53.389882+00:00,136.5,500,bid,YieldingYams,AverageAlmonds,6443772
2026-07-04T02:04:53.407521,2026-07-04T02:04:53.411797+00:00,136.5,12,ask,YieldingYams,Xuanyu Liu,6443776
2026-07-04T02:04:53.939106,2026-07-04T02:04:53.948115+00:00,136.5,113,ask,YieldingYams,AverageAlmonds,6443784
2026-07-04T02:04:53.939106,2026-07-04T02:04:53.948115+00:00,136.5,200,ask,WavyWalnuts,AverageAlmonds,6443785
2026-07-04T02:04:54.691495,2026-07-04T02:04:54.701422+00:00,136.4,200,ask,WavyWalnuts,YieldingYams,6443802
2026-07-04T02:04:56.002311,2026-07-04T02:04:56.012989+00:00,136.4,200,bid,YieldingYams,WavyWalnuts,6443832
2026-07-04T02:04:57.633602,2026-07-04T02:04:57.637264+00:00,136.5,12,bid,Xuanyu Liu,YieldingYams,6443861
2026-07-04T02:04:58.620356,2026-07-04T02:04:58.630560+00:00,136.5,500,bid,YieldingYams,AverageAlmonds,6443871
2026-07-04T02:04:58.620356,2026-07-04T02:04:58.630560+00:00,136.5,125,bid,YieldingYams,WavyWalnuts,6443872
2026-07-04T02:04:59.469152,2026-07-04T02:04:59.472604+00:00,136.4,11,bid,Xuanyu Liu,WavyWalnuts,6443887
2026-07-04T02:05:01.238884,2026-07-04T02:05:01.246988+00:00,136.4,200,bid,YieldingYams,WavyWalnuts,6443913
2026-07-04T02:05:01.238884,2026-07-04T02:05:01.258618+00:00,136.4,425,bid,YieldingYams,AverageAlmonds,6443914
2026-07-04T02:05:01.862974,2026-07-04T02:05:01.874673+00:00,136.3,200,bid,WavyWalnuts,AverageAlmonds,6443921
2026-07-04T02:05:03.072820,2026-07-04T02:05:03.079273+00:00,136.3,200,bid,WavyWalnuts,AverageAlmonds,6443938
2026-07-04T02:05:03.856679,2026-07-04T02:05:03.854084+00:00,136.3,500,bid,YieldingYams,AverageAlmonds,6443948
2026-07-04T02:05:04.248533,2026-07-04T02:05:04.258588+00:00,136.3,125,ask,YieldingYams,AverageAlmonds,6443954
2026-07-04T02:05:04.279903,2026-07-04T02:05:04.291200+00:00,136.3,200,bid,WavyWalnuts,AverageAlmonds,6443957
2026-07-04T02:05:04.629572,2026-07-04T02:05:04.641325+00:00,135.5,20,ask,AverageAlmonds,BrilliantBurritos,6443963
2026-07-04T02:05:05.179413,2026-07-04T02:05:05.183125+00:00,136.2,3,bid,Xuanyu Liu,YieldingYams,6443970
2026-07-04T02:05:05.486088,2026-07-04T02:05:05.495663+00:00,136.2,200,bid,WavyWalnuts,YieldingYams,6443977
2026-07-04T02:05:06.693028,2026-07-04T02:05:06.701068+00:00,136.3,200,bid,WavyWalnuts,AverageAlmonds,6443995
2026-07-04T02:05:07.908644,2026-07-04T02:05:07.919944+00:00,136.3,200,bid,WavyWalnuts,YieldingYams,6444010
2026-07-04T02:05:09.126202,2026-07-04T02:05:09.135671+00:00,136.2,200,bid,WavyWalnuts,AverageAlmonds,6444032
2026-07-04T02:05:09.700928,2026-07-04T02:05:09.711535+00:00,136.1,500,ask,YieldingYams,AverageAlmonds,6444042
2026-07-04T02:05:10.297112,2026-07-04T02:05:10.305584+00:00,136.1,125,ask,YieldingYams,AverageAlmonds,6444057
2026-07-04T02:05:10.336228,2026-07-04T02:05:10.343630+00:00,136.0,200,bid,WavyWalnuts,AverageAlmonds,6444064
2026-07-04T02:05:11.544356,2026-07-04T02:05:11.553637+00:00,135.9,200,bid,WavyWalnuts,YieldingYams,6444079
2026-07-04T02:05:12.754152,2026-07-04T02:05:12.758583+00:00,135.9,200,bid,WavyWalnuts,AverageAlmonds,6444094
2026-07-04T02:05:13.963763,2026-07-04T02:05:13.975355+00:00,135.9,200,bid,WavyWalnuts,AverageAlmonds,6444109
2026-07-04T02:05:14.725739,2026-07-04T02:05:14.740293+00:00,136.0,20,bid,BrilliantBurritos,YieldingYams,6444117
2026-07-04T02:05:15.171762,2026-07-04T02:05:15.180919+00:00,136.0,200,bid,WavyWalnuts,YieldingYams,6444129
2026-07-04T02:05:15.677834,2026-07-04T02:05:15.687926+00:00,136.0,500,bid,YieldingYams,AverageAlmonds,6444132
2026-07-04T02:05:15.745659,2026-07-04T02:05:15.758576+00:00,136.0,125,ask,YieldingYams,AverageAlmonds,6444133
2026-07-04T02:05:16.991571,2026-07-04T02:05:17.000547+00:00,135.9,200,ask,WavyWalnuts,YieldingYams,6444150
2026-07-04T02:05:19.520804,2026-07-04T02:05:19.532274+00:00,135.8,20,ask,YieldingYams,BrilliantBurritos,6444190
2026-07-04T02:05:19.611429,2026-07-04T02:05:19.618733+00:00,135.8,200,ask,WavyWalnuts,YieldingYams,6444193
2026-07-04T02:05:19.630630,2026-07-04T02:05:19.634150+00:00,135.8,3,bid,Xuanyu Liu,YieldingYams,6444196
2026-07-04T02:05:20.386909,2026-07-04T02:05:20.398771+00:00,135.7,20,ask,WavyWalnuts,BrilliantBurritos,6444206
2026-07-04T02:05:22.344678,2026-07-04T02:05:22.354039+00:00,135.7,20,ask,WavyWalnuts,BrilliantBurritos,6444229
2026-07-04T02:05:24.834436,2026-07-04T02:05:24.837890+00:00,135.9,11,bid,Xuanyu Liu,AverageAlmonds,6444263
2026-07-04T02:05:24.872629,2026-07-04T02:05:24.879510+00:00,135.9,200,bid,WavyWalnuts,AverageAlmonds,6444265
2026-07-04T02:05:26.083612,2026-07-04T02:05:26.093072+00:00,135.9,200,bid,WavyWalnuts,AverageAlmonds,6444277
2026-07-04T02:05:26.174317,2026-07-04T02:05:26.185472+00:00,135.9,300,bid,YieldingYams,AverageAlmonds,6444282
2026-07-04T02:05:26.640695,2026-07-04T02:05:26.648449+00:00,135.9,325,ask,YieldingYams,AverageAlmonds,6444288
2026-07-04T02:05:27.266883,2026-07-04T02:05:27.270422+00:00,135.8,12,bid,Xuanyu Liu,AverageAlmonds,6444301
2026-07-04T02:05:27.292409,2026-07-04T02:05:27.301827+00:00,135.8,200,bid,WavyWalnuts,AverageAlmonds,6444302
2026-07-04T02:05:28.502324,2026-07-04T02:05:28.510867+00:00,135.8,200,bid,WavyWalnuts,YieldingYams,6444320
2026-07-04T02:05:29.710918,2026-07-04T02:05:29.720684+00:00,135.7,200,bid,WavyWalnuts,YieldingYams,6444336
2026-07-04T02:05:30.119975,2026-07-04T02:05:30.123547+00:00,135.7,23,ask,YieldingYams,Xuanyu Liu,6444342
2026-07-04T02:05:30.867648,2026-07-04T02:05:30.876870+00:00,135.7,500,ask,YieldingYams,AverageAlmonds,6444352
2026-07-04T02:05:33.338758,2026-07-04T02:05:33.348477+00:00,135.6,200,bid,WavyWalnuts,YieldingYams,6444388
2026-07-04T02:05:35.754501,2026-07-04T02:05:35.758595+00:00,135.5,200,ask,YieldingYams,WavyWalnuts,6444418
2026-07-04T02:05:35.958286,2026-07-04T02:05:35.969667+00:00,135.5,20,ask,YieldingYams,BrilliantBurritos,6444421
2026-07-04T02:05:39.378823,2026-07-04T02:05:39.389781+00:00,135.4,200,ask,YieldingYams,WavyWalnuts,6444456
2026-07-04T02:05:40.914360,2026-07-04T02:05:40.924498+00:00,135.4,20,bid,BrilliantBurritos,YieldingYams,6444471
2026-07-04T02:05:41.792524,2026-07-04T02:05:41.800735+00:00,135.4,200,bid,WavyWalnuts,YieldingYams,6444475
2026-07-04T02:05:45.428700,2026-07-04T02:05:45.436911+00:00,135.3,200,bid,WavyWalnuts,YieldingYams,6444516
2026-07-04T02:05:47.157718,2026-07-04T02:05:47.169218+00:00,135.2,200,ask,WavyWalnuts,YieldingYams,6444531
2026-07-04T02:05:49.051704,2026-07-04T02:05:49.058641+00:00,135.1,200,ask,AverageAlmonds,WavyWalnuts,6444562
2026-07-04T02:05:49.832470,2026-07-04T02:05:49.844252+00:00,135.1,20,ask,AverageAlmonds,BrilliantBurritos,6444577
2026-07-04T02:05:50.251281,2026-07-04T02:05:50.252322+00:00,135.2,500,bid,AverageAlmonds,YieldingYams,6444584
2026-07-04T02:05:51.094210,2026-07-04T02:05:51.102057+00:00,135.2,200,bid,YieldingYams,WavyWalnuts,6444603
2026-07-04T02:05:51.479365,2026-07-04T02:05:51.490467+00:00,135.3,200,ask,YieldingYams,WavyWalnuts,6444611
2026-07-04T02:05:53.716349,2026-07-04T02:05:53.725415+00:00,135.4,200,bid,YieldingYams,WavyWalnuts,6444641
2026-07-04T02:05:53.894230,2026-07-04T02:05:53.905460+00:00,135.5,200,ask,YieldingYams,WavyWalnuts,6444647
2026-07-04T02:05:56.329299,2026-07-04T02:05:56.337459+00:00,135.3,200,ask,YieldingYams,WavyWalnuts,6444685
2026-07-04T02:06:01.172723,2026-07-04T02:06:01.180543+00:00,135.1,200,bid,WavyWalnuts,YieldingYams,6444758
2026-07-04T02:06:01.598441,2026-07-04T02:06:01.602041+00:00,135.2,3,ask,YieldingYams,Xuanyu Liu,6444763
2026-07-04T02:06:01.859582,2026-07-04T02:06:01.867319+00:00,135.2,20,ask,YieldingYams,BrilliantBurritos,6444768
2026-07-04T02:06:02.386379,2026-07-04T02:06:02.395486+00:00,135.2,200,ask,YieldingYams,WavyWalnuts,6444777
2026-07-04T02:06:03.593363,2026-07-04T02:06:03.604140+00:00,135.3,200,ask,YieldingYams,WavyWalnuts,6444797
2026-07-04T02:06:03.844740,2026-07-04T02:06:03.856407+00:00,135.3,20,ask,YieldingYams,BrilliantBurritos,6444798
2026-07-04T02:06:05.525623,2026-07-04T02:06:05.537136+00:00,135.3,200,ask,WavyWalnuts,YieldingYams,6444815
2026-07-04T02:06:06.836808,2026-07-04T02:06:06.844786+00:00,135.3,200,bid,YieldingYams,WavyWalnuts,6444833
2026-07-04T02:06:07.212635,2026-07-04T02:06:07.219525+00:00,135.3,200,ask,YieldingYams,WavyWalnuts,6444837
2026-07-04T02:06:08.427284,2026-07-04T02:06:08.437942+00:00,135.2,200,ask,YieldingYams,WavyWalnuts,6444853
2026-07-04T02:06:09.476509,2026-07-04T02:06:09.480603+00:00,135.3,3,bid,Xuanyu Liu,YieldingYams,6444860
2026-07-04T02:06:10.776258,2026-07-04T02:06:10.794442+00:00,135.1,200,ask,WavyWalnuts,YieldingYams,6444885
2026-07-04T02:06:10.790638,2026-07-04T02:06:10.794442+00:00,135.1,7,bid,Xuanyu Liu,YieldingYams,6444887
2026-07-04T02:06:15.685488,2026-07-04T02:06:15.695234+00:00,135.0,200,bid,WavyWalnuts,YieldingYams,6444952
2026-07-04T02:06:16.899044,2026-07-04T02:06:16.906173+00:00,135.0,200,bid,WavyWalnuts,YieldingYams,6444966
2026-07-04T02:06:18.645068,2026-07-04T02:06:18.658592+00:00,134.9,500,ask,AverageAlmonds,YieldingYams,6444989
2026-07-04T02:06:18.645068,2026-07-04T02:06:18.658592+00:00,134.9,125,ask,WavyWalnuts,YieldingYams,6444990
2026-07-04T02:06:20.256458,2026-07-04T02:06:20.270031+00:00,135.0,20,ask,YieldingYams,BrilliantBurritos,6445025
2026-07-04T02:06:20.950789,2026-07-04T02:06:20.955283+00:00,135.0,7,ask,YieldingYams,Xuanyu Liu,6445032
2026-07-04T02:06:22.965367,2026-07-04T02:06:22.974740+00:00,135.2,200,bid,WavyWalnuts,YieldingYams,6445055
2026-07-04T02:06:23.033112,2026-07-04T02:06:23.036498+00:00,135.0,3,ask,AverageAlmonds,Xuanyu Liu,6445059
2026-07-04T02:06:23.910417,2026-07-04T02:06:23.914419+00:00,135.2,14,ask,YieldingYams,Xuanyu Liu,6445076
2026-07-04T02:06:25.205385,2026-07-04T02:06:25.217051+00:00,135.3,200,bid,YieldingYams,WavyWalnuts,6445089
2026-07-04T02:06:26.077117,2026-07-04T02:06:26.085088+00:00,135.3,20,ask,YieldingYams,BrilliantBurritos,6445099
2026-07-04T02:06:29.240106,2026-07-04T02:06:29.249152+00:00,135.5,20,bid,BrilliantBurritos,WavyWalnuts,6445145
2026-07-04T02:06:30.452538,2026-07-04T02:06:30.458565+00:00,135.4,200,ask,WavyWalnuts,YieldingYams,6445159
2026-07-04T02:06:31.759336,2026-07-04T02:06:31.769079+00:00,135.4,200,bid,YieldingYams,WavyWalnuts,6445178
2026-07-04T02:06:32.643147,2026-07-04T02:06:32.658610+00:00,135.4,200,ask,YieldingYams,WavyWalnuts,6445194
2026-07-04T02:06:33.874872,2026-07-04T02:06:33.879061+00:00,135.4,11,bid,Xuanyu Liu,WavyWalnuts,6445213
2026-07-04T02:06:35.072315,2026-07-04T02:06:35.080738+00:00,135.3,200,ask,YieldingYams,WavyWalnuts,6445234
2026-07-04T02:06:37.029760,2026-07-04T02:06:37.033726+00:00,135.2,3,bid,Xuanyu Liu,YieldingYams,6445259
2026-07-04T02:06:37.494245,2026-07-04T02:06:37.505379+00:00,135.2,200,bid,WavyWalnuts,YieldingYams,6445268
2026-07-04T02:06:43.547890,2026-07-04T02:06:43.558587+00:00,135.2,200,bid,WavyWalnuts,YieldingYams,6445375
2026-07-04T02:06:44.271912,2026-07-04T02:06:44.283683+00:00,135.1,20,ask,YieldingYams,BrilliantBurritos,6445386
2026-07-04T02:06:44.885158,2026-07-04T02:06:44.895865+00:00,135.1,200,ask,WavyWalnuts,YieldingYams,6445396
2026-07-04T02:06:45.209057,2026-07-04T02:06:45.220916+00:00,134.9,20,ask,AverageAlmonds,BrilliantBurritos,6445403
2026-07-04T02:06:45.963099,2026-07-04T02:06:45.974312+00:00,135.1,200,bid,WavyWalnuts,YieldingYams,6445413
2026-07-04T02:06:47.172895,2026-07-04T02:06:47.181816+00:00,135.1,200,ask,YieldingYams,WavyWalnuts,6445429
2026-07-04T02:06:54.440566,2026-07-04T02:06:54.447703+00:00,135.0,200,ask,YieldingYams,WavyWalnuts,6445498
2026-07-04T02:06:56.700343,2026-07-04T02:06:56.703544+00:00,135.0,3,ask,YieldingYams,Xuanyu Liu,6445529
2026-07-04T02:06:58.039833,2026-07-04T02:06:58.043316+00:00,135.1,11,ask,YieldingYams,Xuanyu Liu,6445555
2026-07-04T02:07:02.092520,2026-07-04T02:07:02.095921+00:00,135.1,12,ask,YieldingYams,Xuanyu Liu,6445599
2026-07-04T02:07:03.247014,2026-07-04T02:07:03.249263+00:00,135.2,200,bid,YieldingYams,WavyWalnuts,6445613
2026-07-04T02:07:03.269676,2026-07-04T02:07:03.274031+00:00,135.2,11,ask,YieldingYams,Xuanyu Liu,6445615
2026-07-04T02:07:04.089577,2026-07-04T02:07:04.099979+00:00,135.2,414,ask,YieldingYams,AverageAlmonds,6445629
2026-07-04T02:07:04.559876,2026-07-04T02:07:04.569304+00:00,135.1,200,ask,WavyWalnuts,YieldingYams,6445632
2026-07-04T02:07:05.301860,2026-07-04T02:07:05.305360+00:00,135.0,11,bid,Xuanyu Liu,AverageAlmonds,6445639
2026-07-04T02:07:05.327535,2026-07-04T02:07:05.338840+00:00,135.0,200,bid,WavyWalnuts,AverageAlmonds,6445640
2026-07-04T02:07:05.868796,2026-07-04T02:07:05.880273+00:00,135.0,289,bid,YieldingYams,AverageAlmonds,6445645
2026-07-04T02:07:06.540935,2026-07-04T02:07:06.568676+00:00,135.0,200,ask,YieldingYams,WavyWalnuts,6445653
2026-07-04T02:07:08.181607,2026-07-04T02:07:08.193661+00:00,135.0,20,bid,BrilliantBurritos,YieldingYams,6445676
2026-07-04T02:07:09.820410,2026-07-04T02:07:09.823678+00:00,135.0,11,ask,YieldingYams,Xuanyu Liu,6445698
2026-07-04T02:07:10.171684,2026-07-04T02:07:10.179277+00:00,135.0,200,ask,YieldingYams,WavyWalnuts,6445705
2026-07-04T02:07:11.379971,2026-07-04T02:07:11.389400+00:00,135.0,200,ask,YieldingYams,WavyWalnuts,6445720
2026-07-04T02:07:11.939851,2026-07-04T02:07:11.961381+00:00,135.0,425,ask,YieldingYams,AverageAlmonds,6445727
2026-07-04T02:07:11.957838,2026-07-04T02:07:11.961381+00:00,135.0,11,bid,Xuanyu Liu,AverageAlmonds,6445729
2026-07-04T02:07:14.701507,2026-07-04T02:07:14.704941+00:00,135.0,12,bid,Xuanyu Liu,YieldingYams,6445768
2026-07-04T02:07:15.005542,2026-07-04T02:07:15.016866+00:00,135.0,200,bid,WavyWalnuts,YieldingYams,6445776
2026-07-04T02:07:15.076013,2026-07-04T02:07:15.083951+00:00,135.0,500,bid,YieldingYams,AverageAlmonds,6445777
2026-07-04T02:07:16.790222,2026-07-04T02:07:16.793637+00:00,135.0,14,bid,Xuanyu Liu,YieldingYams,6445790
2026-07-04T02:07:17.419917,2026-07-04T02:07:17.426919+00:00,135.0,200,bid,WavyWalnuts,YieldingYams,6445798
2026-07-04T02:07:18.628024,2026-07-04T02:07:18.637127+00:00,135.0,200,bid,WavyWalnuts,YieldingYams,6445824
2026-07-04T02:07:19.455801,2026-07-04T02:07:19.467431+00:00,135.0,20,bid,BrilliantBurritos,YieldingYams,6445836
2026-07-04T02:07:21.647225,2026-07-04T02:07:21.658607+00:00,134.9,200,ask,WavyWalnuts,YieldingYams,6445867
2026-07-04T02:07:22.266027,2026-07-04T02:07:22.272541+00:00,134.8,200,bid,WavyWalnuts,YieldingYams,6445873
2026-07-04T02:07:25.004019,2026-07-04T02:07:25.015731+00:00,134.7,20,ask,AverageAlmonds,BrilliantBurritos,6445904
2026-07-04T02:07:30.734217,2026-07-04T02:07:30.743086+00:00,134.6,200,ask,YieldingYams,WavyWalnuts,6445972
2026-07-04T02:07:30.858738,2026-07-04T02:07:30.870284+00:00,134.6,500,ask,AverageAlmonds,YieldingYams,6445975
2026-07-04T02:07:31.174909,2026-07-04T02:07:31.186677+00:00,134.4,20,ask,YieldingYams,BrilliantBurritos,6445979
2026-07-04T02:07:31.286667,2026-07-04T02:07:31.295178+00:00,134.6,125,bid,AverageAlmonds,YieldingYams,6445982
2026-07-04T02:07:32.168961,2026-07-04T02:07:32.175930+00:00,134.6,200,bid,YieldingYams,WavyWalnuts,6445996
2026-07-04T02:07:35.702456,2026-07-04T02:07:35.714301+00:00,134.8,20,bid,BrilliantBurritos,YieldingYams,6446045
2026-07-04T02:07:39.217148,2026-07-04T02:07:39.228111+00:00,134.6,200,bid,WavyWalnuts,YieldingYams,6446083
2026-07-04T02:07:41.347068,2026-07-04T02:07:41.355984+00:00,134.5,200,ask,WavyWalnuts,YieldingYams,6446109
2026-07-04T02:07:41.632828,2026-07-04T02:07:41.640719+00:00,134.5,200,bid,WavyWalnuts,YieldingYams,6446112
2026-07-04T02:07:42.633928,2026-07-04T02:07:42.645532+00:00,134.3,20,ask,YieldingYams,BrilliantBurritos,6446124
2026-07-04T02:07:42.840213,2026-07-04T02:07:42.846585+00:00,134.7,200,bid,WavyWalnuts,YieldingYams,6446130
2026-07-04T02:07:45.262141,2026-07-04T02:07:45.269661+00:00,134.8,200,bid,WavyWalnuts,YieldingYams,6446158
2026-07-04T02:07:46.595762,2026-07-04T02:07:46.606137+00:00,134.8,200,ask,WavyWalnuts,YieldingYams,6446179
2026-07-04T02:07:50.097285,2026-07-04T02:07:50.104222+00:00,134.8,200,bid,WavyWalnuts,YieldingYams,6446235
2026-07-04T02:07:51.317683,2026-07-04T02:07:51.328320+00:00,134.8,200,ask,YieldingYams,WavyWalnuts,6446254
2026-07-04T02:07:52.730113,2026-07-04T02:07:52.734702+00:00,134.7,3,ask,YieldingYams,Xuanyu Liu,6446279
2026-07-04T02:07:53.137963,2026-07-04T02:07:53.160703+00:00,134.8,200,bid,YieldingYams,WavyWalnuts,6446290
2026-07-04T02:07:53.157422,2026-07-04T02:07:53.160703+00:00,134.9,23,ask,YieldingYams,Xuanyu Liu,6446292
2026-07-04T02:07:54.794035,2026-07-04T02:07:54.797152+00:00,134.7,11,ask,WavyWalnuts,Xuanyu Liu,6446308
2026-07-04T02:07:54.959642,2026-07-04T02:07:54.962820+00:00,134.8,12,ask,WavyWalnuts,Xuanyu Liu,6446318
2026-07-04T02:07:55.757250,2026-07-04T02:07:55.758619+00:00,134.8,188,ask,WavyWalnuts,YieldingYams,6446326
2026-07-04T02:07:58.031967,2026-07-04T02:07:58.043386+00:00,134.7,20,bid,BrilliantBurritos,WavyWalnuts,6446352
2026-07-04T02:07:59.701021,2026-07-04T02:07:59.704729+00:00,134.7,12,bid,Xuanyu Liu,YieldingYams,6446375
2026-07-04T02:08:00.992315,2026-07-04T02:08:01.000162+00:00,134.7,200,bid,WavyWalnuts,YieldingYams,6446392
2026-07-04T02:08:01.072051,2026-07-04T02:08:01.075584+00:00,134.7,11,bid,Xuanyu Liu,YieldingYams,6446394
2026-07-04T02:08:02.320270,2026-07-04T02:08:02.328300+00:00,134.6,200,ask,WavyWalnuts,YieldingYams,6446419
2026-07-04T02:08:02.333718,2026-07-04T02:08:02.337259+00:00,134.6,12,bid,Xuanyu Liu,YieldingYams,6446421
2026-07-04T02:08:04.234178,2026-07-04T02:08:04.237871+00:00,134.7,11,bid,Xuanyu Liu,WavyWalnuts,6446440
2026-07-04T02:08:10.154321,2026-07-04T02:08:10.158545+00:00,134.8,20,ask,WavyWalnuts,BrilliantBurritos,6446505
2026-07-04T02:08:13.093328,2026-07-04T02:08:13.103126+00:00,134.9,200,bid,WavyWalnuts,YieldingYams,6446540
2026-07-04T02:08:14.299844,2026-07-04T02:08:14.310950+00:00,134.9,200,bid,WavyWalnuts,AverageAlmonds,6446563
2026-07-04T02:08:15.454643,2026-07-04T02:08:15.469058+00:00,134.8,500,bid,YieldingYams,AverageAlmonds,6446579
2026-07-04T02:08:15.478416,2026-07-04T02:08:15.489818+00:00,134.8,125,ask,YieldingYams,AverageAlmonds,6446580
2026-07-04T02:08:15.506107,2026-07-04T02:08:15.516295+00:00,134.8,200,bid,WavyWalnuts,AverageAlmonds,6446582
2026-07-04T02:08:16.766580,2026-07-04T02:08:16.775744+00:00,134.7,200,ask,WavyWalnuts,YieldingYams,6446600
2026-07-04T02:08:17.922479,2026-07-04T02:08:17.932139+00:00,134.6,200,bid,WavyWalnuts,YieldingYams,6446609
2026-07-04T02:08:19.134624,2026-07-04T02:08:19.143760+00:00,134.6,200,ask,YieldingYams,WavyWalnuts,6446628
2026-07-04T02:08:23.991233,2026-07-04T02:08:24.001491+00:00,134.6,200,bid,WavyWalnuts,YieldingYams,6446670
2026-07-04T02:08:27.261438,2026-07-04T02:08:27.270287+00:00,134.6,200,bid,YieldingYams,WavyWalnuts,6446710
2026-07-04T02:08:28.841631,2026-07-04T02:08:28.858636+00:00,134.5,200,ask,YieldingYams,WavyWalnuts,6446729
2026-07-04T02:08:30.050511,2026-07-04T02:08:30.058581+00:00,134.5,200,bid,WavyWalnuts,YieldingYams,6446740
2026-07-04T02:08:33.846997,2026-07-04T02:08:33.854185+00:00,134.4,200,ask,WavyWalnuts,YieldingYams,6446781
2026-07-04T02:08:35.156686,2026-07-04T02:08:35.157465+00:00,134.5,200,bid,YieldingYams,WavyWalnuts,6446797
2026-07-04T02:08:36.114169,2026-07-04T02:08:36.117709+00:00,134.6,3,bid,Xuanyu Liu,WavyWalnuts,6446804
2026-07-04T02:08:38.507890,2026-07-04T02:08:38.514421+00:00,134.5,200,ask,YieldingYams,WavyWalnuts,6446836
2026-07-04T02:08:40.402234,2026-07-04T02:08:40.413247+00:00,134.5,500,bid,YieldingYams,AverageAlmonds,6446850
2026-07-04T02:08:40.903398,2026-07-04T02:08:40.910618+00:00,134.5,125,ask,YieldingYams,AverageAlmonds,6446860
2026-07-04T02:08:44.333004,2026-07-04T02:08:44.339777+00:00,134.5,200,bid,YieldingYams,WavyWalnuts,6446913
2026-07-04T02:08:44.333004,2026-07-04T02:08:44.345408+00:00,134.5,425,bid,YieldingYams,AverageAlmonds,6446914
2026-07-04T02:08:47.653197,2026-07-04T02:08:47.664646+00:00,134.3,20,ask,YieldingYams,BrilliantBurritos,6446962
2026-07-04T02:08:48.203520,2026-07-04T02:08:48.210087+00:00,134.3,200,ask,YieldingYams,WavyWalnuts,6446966
2026-07-04T02:08:50.215114,2026-07-04T02:08:50.224803+00:00,134.1,20,ask,WavyWalnuts,BrilliantBurritos,6446992
2026-07-04T02:08:53.042230,2026-07-04T02:08:53.048748+00:00,134.3,200,bid,WavyWalnuts,YieldingYams,6447031
2026-07-04T02:08:53.537639,2026-07-04T02:08:53.547042+00:00,134.3,500,bid,YieldingYams,AverageAlmonds,6447043
2026-07-04T02:08:53.614285,2026-07-04T02:08:53.623414+00:00,134.3,125,ask,YieldingYams,AverageAlmonds,6447045
2026-07-04T02:08:54.848326,2026-07-04T02:08:54.870632+00:00,134.1,200,ask,WavyWalnuts,YieldingYams,6447055
2026-07-04T02:08:55.458833,2026-07-04T02:08:55.469009+00:00,134.0,200,bid,WavyWalnuts,YieldingYams,6447064
2026-07-04T02:08:58.064561,2026-07-04T02:08:58.068580+00:00,133.9,26,ask,WavyWalnuts,Xuanyu Liu,6447096
2026-07-04T02:09:04.358396,2026-07-04T02:09:04.362277+00:00,134.2,12,bid,Xuanyu Liu,WavyWalnuts,6447168
2026-07-04T02:09:06.379724,2026-07-04T02:09:06.389245+00:00,134.1,200,ask,YieldingYams,WavyWalnuts,6447198
2026-07-04T02:09:07.585826,2026-07-04T02:09:07.594434+00:00,134.1,200,ask,YieldingYams,WavyWalnuts,6447209
2026-07-04T02:09:09.255736,2026-07-04T02:09:09.269055+00:00,134.3,500,bid,YieldingYams,AverageAlmonds,6447234
2026-07-04T02:09:09.255736,2026-07-04T02:09:09.269055+00:00,134.3,125,bid,YieldingYams,WavyWalnuts,6447235
2026-07-04T02:09:11.895031,2026-07-04T02:09:11.904523+00:00,134.2,200,ask,WavyWalnuts,YieldingYams,6447257
2026-07-04T02:09:11.910943,2026-07-04T02:09:11.914935+00:00,134.2,11,bid,Xuanyu Liu,YieldingYams,6447259
2026-07-04T02:09:12.427553,2026-07-04T02:09:12.431118+00:00,134.1,3,bid,Xuanyu Liu,WavyWalnuts,6447275
2026-07-04T02:09:13.359448,2026-07-04T02:09:13.370965+00:00,134.0,20,ask,YieldingYams,BrilliantBurritos,6447288
2026-07-04T02:09:14.521718,2026-07-04T02:09:14.532086+00:00,134.0,200,ask,WavyWalnuts,YieldingYams,6447307
2026-07-04T02:09:14.830092,2026-07-04T02:09:14.841707+00:00,134.0,200,bid,WavyWalnuts,YieldingYams,6447311
2026-07-04T02:09:18.466825,2026-07-04T02:09:18.474101+00:00,134.1,200,bid,WavyWalnuts,AverageAlmonds,6447375
2026-07-04T02:09:19.674937,2026-07-04T02:09:19.683537+00:00,134.0,200,bid,WavyWalnuts,AverageAlmonds,6447401
2026-07-04T02:09:19.766815,2026-07-04T02:09:19.777015+00:00,134.0,300,bid,YieldingYams,AverageAlmonds,6447402
2026-07-04T02:09:23.363229,2026-07-04T02:09:23.366393+00:00,133.9,3,ask,WavyWalnuts,Xuanyu Liu,6447457
2026-07-04T02:09:23.711688,2026-07-04T02:09:23.720638+00:00,133.9,197,ask,WavyWalnuts,YieldingYams,6447467
2026-07-04T02:09:24.521857,2026-07-04T02:09:24.531810+00:00,133.8,200,bid,WavyWalnuts,YieldingYams,6447473
2026-07-04T02:09:26.115716,2026-07-04T02:09:26.127408+00:00,134.0,20,bid,BrilliantBurritos,WavyWalnuts,6447496
2026-07-04T02:09:26.850048,2026-07-04T02:09:26.858635+00:00,133.8,20,ask,WavyWalnuts,BrilliantBurritos,6447505
2026-07-04T02:09:28.153789,2026-07-04T02:09:28.158586+00:00,133.9,200,ask,YieldingYams,WavyWalnuts,6447528
2026-07-04T02:09:31.584416,2026-07-04T02:09:31.594338+00:00,133.9,200,bid,YieldingYams,WavyWalnuts,6447571
2026-07-04T02:09:39.456060,2026-07-04T02:09:39.463619+00:00,134.0,200,ask,WavyWalnuts,YieldingYams,6447679
2026-07-04T02:09:40.269051,2026-07-04T02:09:40.278562+00:00,133.9,200,bid,WavyWalnuts,YieldingYams,6447693
2026-07-04T02:09:46.313602,2026-07-04T02:09:46.320298+00:00,134.1,200,bid,WavyWalnuts,YieldingYams,6447762
2026-07-04T02:09:48.728434,2026-07-04T02:09:48.736419+00:00,134.2,200,bid,WavyWalnuts,YieldingYams,6447799
2026-07-04T02:09:52.588522,2026-07-04T02:09:52.592552+00:00,134.0,3,bid,Xuanyu Liu,YieldingYams,6447844
2026-07-04T02:09:52.931327,2026-07-04T02:09:52.939156+00:00,134.0,500,bid,AverageAlmonds,YieldingYams,6447849
2026-07-04T02:09:55.988542,2026-07-04T02:09:55.995706+00:00,134.0,200,ask,AverageAlmonds,WavyWalnuts,6447895
2026-07-04T02:09:56.503807,2026-07-04T02:09:56.510811+00:00,134.0,300,ask,AverageAlmonds,YieldingYams,6447904
2026-07-04T02:09:56.539903,2026-07-04T02:09:56.546171+00:00,134.0,325,bid,AverageAlmonds,YieldingYams,6447905
2026-07-04T02:10:01.746655,2026-07-04T02:10:01.758619+00:00,134.0,200,ask,WavyWalnuts,YieldingYams,6447969
2026-07-04T02:10:02.062793,2026-07-04T02:10:02.069858+00:00,133.8,200,ask,YieldingYams,WavyWalnuts,6447975
2026-07-04T02:10:03.272660,2026-07-04T02:10:03.283299+00:00,133.9,200,ask,YieldingYams,WavyWalnuts,6447985
2026-07-04T02:10:04.426926,2026-07-04T02:10:04.429958+00:00,133.9,3,bid,Xuanyu Liu,YieldingYams,6448002
2026-07-04T02:10:05.478415,2026-07-04T02:10:05.485745+00:00,133.9,20,bid,BrilliantBurritos,YieldingYams,6448012
2026-07-04T02:10:05.683644,2026-07-04T02:10:05.715629+00:00,133.8,200,ask,WavyWalnuts,YieldingYams,6448016
2026-07-04T02:10:05.695322,2026-07-04T02:10:05.715629+00:00,133.8,200,bid,WavyWalnuts,YieldingYams,6448017
2026-07-04T02:10:05.712178,2026-07-04T02:10:05.715629+00:00,133.8,11,bid,Xuanyu Liu,YieldingYams,6448020
2026-07-04T02:10:06.909691,2026-07-04T02:10:06.917911+00:00,133.8,200,bid,WavyWalnuts,YieldingYams,6448035
2026-07-04T02:10:06.995406,2026-07-04T02:10:07.004367+00:00,134.0,200,bid,YieldingYams,WavyWalnuts,6448036
2026-07-04T02:10:07.245693,2026-07-04T02:10:07.252169+00:00,134.0,20,ask,YieldingYams,BrilliantBurritos,6448043
2026-07-04T02:10:08.121988,2026-07-04T02:10:08.129313+00:00,134.0,200,ask,YieldingYams,WavyWalnuts,6448066
2026-07-04T02:10:08.667811,2026-07-04T02:10:08.678297+00:00,133.8,500,bid,AverageAlmonds,YieldingYams,6448072
2026-07-04T02:10:09.267863,2026-07-04T02:10:09.276215+00:00,133.8,125,bid,AverageAlmonds,YieldingYams,6448077
2026-07-04T02:10:09.617730,2026-07-04T02:10:09.625432+00:00,134.0,200,bid,YieldingYams,WavyWalnuts,6448083
2026-07-04T02:10:11.750224,2026-07-04T02:10:11.763674+00:00,133.9,200,ask,YieldingYams,WavyWalnuts,6448114
2026-07-04T02:10:12.958599,2026-07-04T02:10:12.970211+00:00,133.9,200,ask,YieldingYams,WavyWalnuts,6448130
2026-07-04T02:10:13.568585,2026-07-04T02:10:13.571637+00:00,134.0,4,bid,Xuanyu Liu,YieldingYams,6448140
2026-07-04T02:10:16.138636,2026-07-04T02:10:16.150285+00:00,134.0,20,bid,BrilliantBurritos,YieldingYams,6448175
2026-07-04T02:10:16.177026,2026-07-04T02:10:16.183882+00:00,133.9,200,ask,WavyWalnuts,YieldingYams,6448176
2026-07-04T02:10:17.080198,2026-07-04T02:10:17.083753+00:00,133.9,19,bid,Xuanyu Liu,YieldingYams,6448189
2026-07-04T02:10:17.811151,2026-07-04T02:10:17.817645+00:00,133.9,200,bid,WavyWalnuts,YieldingYams,6448198
2026-07-04T02:10:19.530176,2026-07-04T02:10:19.541749+00:00,134.0,20,bid,BrilliantBurritos,YieldingYams,6448228
2026-07-04T02:10:21.463276,2026-07-04T02:10:21.474792+00:00,134.0,200,ask,YieldingYams,WavyWalnuts,6448250
2026-07-04T02:10:22.420337,2026-07-04T02:10:22.428112+00:00,134.2,20,bid,BrilliantBurritos,YieldingYams,6448266
2026-07-04T02:10:22.715934,2026-07-04T02:10:22.726733+00:00,134.0,200,ask,YieldingYams,WavyWalnuts,6448272
2026-07-04T02:10:27.151308,2026-07-04T02:10:27.158563+00:00,134.1,20,bid,BrilliantBurritos,AverageAlmonds,6448329
2026-07-04T02:10:27.446274,2026-07-04T02:10:27.451396+00:00,134.0,500,ask,YieldingYams,AverageAlmonds,6448333
2026-07-04T02:10:28.821125,2026-07-04T02:10:28.832890+00:00,133.9,20,ask,YieldingYams,BrilliantBurritos,6448351
2026-07-04T02:10:29.884346,2026-07-04T02:10:29.894413+00:00,133.9,200,ask,WavyWalnuts,AverageAlmonds,6448362
2026-07-04T02:10:29.884346,2026-07-04T02:10:29.894413+00:00,133.9,300,ask,YieldingYams,AverageAlmonds,6448363
2026-07-04T02:10:34.048351,2026-07-04T02:10:34.054851+00:00,133.8,20,ask,WavyWalnuts,BrilliantBurritos,6448419
2026-07-04T02:10:34.075986,2026-07-04T02:10:34.079939+00:00,133.9,12,bid,Xuanyu Liu,YieldingYams,6448421
2026-07-04T02:10:37.200400,2026-07-04T02:10:37.204925+00:00,133.8,11,bid,Xuanyu Liu,YieldingYams,6448464
2026-07-04T02:10:37.253241,2026-07-04T02:10:37.257523+00:00,133.7,11,bid,Xuanyu Liu,WavyWalnuts,6448466
2026-07-04T02:10:40.305226,2026-07-04T02:10:40.316974+00:00,133.7,20,bid,BrilliantBurritos,YieldingYams,6448496
2026-07-04T02:10:40.866423,2026-07-04T02:10:40.877649+00:00,133.7,200,bid,WavyWalnuts,YieldingYams,6448503
2026-07-04T02:10:41.729786,2026-07-04T02:10:41.741202+00:00,133.8,20,bid,BrilliantBurritos,YieldingYams,6448516
2026-07-04T02:10:44.321578,2026-07-04T02:10:44.328111+00:00,133.5,20,ask,WavyWalnuts,BrilliantBurritos,6448548
2026-07-04T02:10:46.359553,2026-07-04T02:10:46.369661+00:00,133.7,200,bid,YieldingYams,WavyWalnuts,6448586
2026-07-04T02:10:46.410337,2026-07-04T02:10:46.421782+00:00,134.0,20,bid,BrilliantBurritos,YieldingYams,6448588
2026-07-04T02:10:46.911258,2026-07-04T02:10:46.922444+00:00,133.7,200,ask,YieldingYams,WavyWalnuts,6448594
2026-07-04T02:10:49.896121,2026-07-04T02:10:49.899532+00:00,133.5,22,ask,WavyWalnuts,Xuanyu Liu,6448634
2026-07-04T02:10:51.260460,2026-07-04T02:10:51.272527+00:00,133.5,20,ask,WavyWalnuts,BrilliantBurritos,6448648
2026-07-04T02:10:51.736212,2026-07-04T02:10:51.745261+00:00,133.7,200,bid,WavyWalnuts,YieldingYams,6448653
2026-07-04T02:10:52.936892,2026-07-04T02:10:52.956831+00:00,133.6,12,ask,YieldingYams,Xuanyu Liu,6448669
2026-07-04T02:10:56.862432,2026-07-04T02:10:56.869627+00:00,133.8,200,ask,WavyWalnuts,YieldingYams,6448726
2026-07-04T02:10:58.172054,2026-07-04T02:10:58.182989+00:00,133.7,200,bid,YieldingYams,WavyWalnuts,6448744
2026-07-04T02:10:58.325594,2026-07-04T02:10:58.329263+00:00,133.7,37,ask,YieldingYams,Xuanyu Liu,6448750
2026-07-04T02:10:59.010373,2026-07-04T02:10:59.017407+00:00,133.7,200,ask,YieldingYams,WavyWalnuts,6448758
2026-07-04T02:11:01.433173,2026-07-04T02:11:01.436627+00:00,133.7,3,bid,Xuanyu Liu,YieldingYams,6448800
2026-07-04T02:11:03.425112,2026-07-04T02:11:03.431998+00:00,133.6,200,ask,WavyWalnuts,YieldingYams,6448825
2026-07-04T02:11:03.444469,2026-07-04T02:11:03.448803+00:00,133.6,11,bid,Xuanyu Liu,YieldingYams,6448829
2026-07-04T02:11:04.542782,2026-07-04T02:11:04.551511+00:00,133.5,20,ask,WavyWalnuts,BrilliantBurritos,6448845
2026-07-04T02:11:04.736893,2026-07-04T02:11:04.744115+00:00,133.5,180,ask,WavyWalnuts,YieldingYams,6448848
2026-07-04T02:11:07.125999,2026-07-04T02:11:07.137417+00:00,133.6,20,bid,BrilliantBurritos,WavyWalnuts,6448876
2026-07-04T02:11:09.898381,2026-07-04T02:11:09.908816+00:00,133.5,200,bid,WavyWalnuts,YieldingYams,6448917
2026-07-04T02:11:10.963782,2026-07-04T02:11:10.975486+00:00,133.4,14,ask,YieldingYams,Xuanyu Liu,6448938
2026-07-04T02:11:12.609418,2026-07-04T02:11:12.616073+00:00,133.5,200,ask,WavyWalnuts,YieldingYams,6448966
2026-07-04T02:11:15.226469,2026-07-04T02:11:15.233552+00:00,133.4,200,bid,YieldingYams,WavyWalnuts,6448991
2026-07-04T02:11:20.783647,2026-07-04T02:11:20.790298+00:00,133.4,200,bid,WavyWalnuts,YieldingYams,6449061
2026-07-04T02:11:21.993791,2026-07-04T02:11:22.002287+00:00,133.3,200,bid,WavyWalnuts,YieldingYams,6449074
2026-07-04T02:11:26.023490,2026-07-04T02:11:26.035149+00:00,133.0,20,ask,AverageAlmonds,BrilliantBurritos,6449132
2026-07-04T02:11:26.190472,2026-07-04T02:11:26.199324+00:00,133.1,200,bid,AverageAlmonds,WavyWalnuts,6449134
2026-07-04T02:11:26.190472,2026-07-04T02:11:26.199324+00:00,133.1,300,bid,AverageAlmonds,YieldingYams,6449135
2026-07-04T02:11:26.773074,2026-07-04T02:11:26.781403+00:00,133.1,325,bid,AverageAlmonds,YieldingYams,6449144
2026-07-04T02:11:26.813768,2026-07-04T02:11:26.817637+00:00,133.1,3,ask,AverageAlmonds,Xuanyu Liu,6449147
2026-07-04T02:11:27.021216,2026-07-04T02:11:27.041200+00:00,133.0,28,bid,YieldingYams,WavyWalnuts,6449153
2026-07-04T02:11:27.037502,2026-07-04T02:11:27.041200+00:00,133.2,11,ask,YieldingYams,Xuanyu Liu,6449155
2026-07-04T02:11:28.336213,2026-07-04T02:11:28.345213+00:00,133.3,200,bid,YieldingYams,WavyWalnuts,6449173
2026-07-04T02:11:28.350844,2026-07-04T02:11:28.354394+00:00,133.3,12,ask,YieldingYams,Xuanyu Liu,6449175
2026-07-04T02:11:29.921149,2026-07-04T02:11:29.933425+00:00,133.4,26,bid,Xuanyu Liu,WavyWalnuts,6449200
2026-07-04T02:11:30.060552,2026-07-04T02:11:30.072274+00:00,133.2,20,ask,WavyWalnuts,BrilliantBurritos,6449205
2026-07-04T02:11:35.710190,2026-07-04T02:11:35.718803+00:00,133.5,20,bid,BrilliantBurritos,YieldingYams,6449288
2026-07-04T02:11:37.716880,2026-07-04T02:11:37.723333+00:00,133.4,200,bid,WavyWalnuts,YieldingYams,6449320
2026-07-04T02:11:37.923638,2026-07-04T02:11:37.935122+00:00,133.4,20,bid,BrilliantBurritos,YieldingYams,6449323
2026-07-04T02:11:43.601929,2026-07-04T02:11:43.608469+00:00,133.5,20,bid,BrilliantBurritos,WavyWalnuts,6449392
2026-07-04T02:11:44.956088,2026-07-04T02:11:44.963796+00:00,133.5,20,bid,BrilliantBurritos,YieldingYams,6449400
2026-07-04T02:11:44.976018,2026-07-04T02:11:44.983360+00:00,133.5,200,bid,WavyWalnuts,YieldingYams,6449401
2026-07-04T02:11:45.641377,2026-07-04T02:11:45.653052+00:00,133.8,20,bid,BrilliantBurritos,WavyWalnuts,6449422
2026-07-04T02:11:46.711261,2026-07-04T02:11:46.714847+00:00,133.7,3,bid,Xuanyu Liu,YieldingYams,6449431
2026-07-04T02:11:48.922209,2026-07-04T02:11:48.933848+00:00,133.8,20,bid,BrilliantBurritos,YieldingYams,6449464
2026-07-04T02:11:57.116753,2026-07-04T02:11:57.126822+00:00,133.8,200,bid,WavyWalnuts,AverageAlmonds,6449577
2026-07-04T02:11:57.198387,2026-07-04T02:11:57.209747+00:00,133.8,300,bid,YieldingYams,AverageAlmonds,6449579
2026-07-04T02:11:59.543820,2026-07-04T02:11:59.550713+00:00,133.8,200,bid,WavyWalnuts,AverageAlmonds,6449605
2026-07-04T02:11:59.824219,2026-07-04T02:11:59.833601+00:00,133.8,300,bid,YieldingYams,AverageAlmonds,6449606
2026-07-04T02:12:00.090664,2026-07-04T02:12:00.097963+00:00,133.8,325,ask,YieldingYams,AverageAlmonds,6449611
2026-07-04T02:12:01.964414,2026-07-04T02:12:01.974081+00:00,133.6,200,bid,WavyWalnuts,YieldingYams,6449635
2026-07-04T02:12:11.102857,2026-07-04T02:12:11.106610+00:00,133.3,3,ask,YieldingYams,Xuanyu Liu,6449749
2026-07-04T02:12:17.949194,2026-07-04T02:12:17.959395+00:00,133.2,20,ask,YieldingYams,BrilliantBurritos,6449836
2026-07-04T02:12:18.922264,2026-07-04T02:12:18.932277+00:00,133.2,200,ask,YieldingYams,WavyWalnuts,6449854
2026-07-04T02:12:19.256865,2026-07-04T02:12:19.263500+00:00,133.2,20,ask,YieldingYams,BrilliantBurritos,6449856
2026-07-04T02:12:20.128499,2026-07-04T02:12:20.136346+00:00,133.2,200,bid,WavyWalnuts,YieldingYams,6449871
2026-07-04T02:12:21.344863,2026-07-04T02:12:21.358567+00:00,133.2,200,ask,YieldingYams,WavyWalnuts,6449889
2026-07-04T02:12:23.761090,2026-07-04T02:12:23.768991+00:00,133.3,200,bid,WavyWalnuts,YieldingYams,6449935
2026-07-04T02:12:27.386122,2026-07-04T02:12:27.393243+00:00,133.3,200,ask,YieldingYams,WavyWalnuts,6449986
2026-07-04T02:12:29.999395,2026-07-04T02:12:30.007758+00:00,133.2,200,ask,WavyWalnuts,YieldingYams,6450023
2026-07-04T02:12:31.008674,2026-07-04T02:12:31.016261+00:00,133.2,200,bid,WavyWalnuts,YieldingYams,6450035
2026-07-04T02:12:35.250544,2026-07-04T02:12:35.258597+00:00,133.3,200,bid,YieldingYams,WavyWalnuts,6450104
2026-07-04T02:12:37.623446,2026-07-04T02:12:37.633580+00:00,133.3,500,ask,YieldingYams,AverageAlmonds,6450141
2026-07-04T02:12:37.877537,2026-07-04T02:12:37.887030+00:00,133.3,200,ask,WavyWalnuts,YieldingYams,6450144
2026-07-04T02:12:39.433735,2026-07-04T02:12:39.441340+00:00,133.1,20,ask,WavyWalnuts,BrilliantBurritos,6450162
2026-07-04T02:12:45.532418,2026-07-04T02:12:45.540586+00:00,133.3,200,bid,WavyWalnuts,YieldingYams,6450249
2026-07-04T02:12:45.747065,2026-07-04T02:12:45.758620+00:00,133.4,500,bid,YieldingYams,AverageAlmonds,6450252
2026-07-04T02:12:46.086763,2026-07-04T02:12:46.093498+00:00,133.4,125,ask,YieldingYams,AverageAlmonds,6450257
2026-07-04T02:12:47.059757,2026-07-04T02:12:47.069869+00:00,133.2,200,ask,WavyWalnuts,YieldingYams,6450269
2026-07-04T02:12:47.945955,2026-07-04T02:12:47.953265+00:00,133.2,200,bid,WavyWalnuts,YieldingYams,6450283
2026-07-04T02:12:53.353809,2026-07-04T02:12:53.358587+00:00,133.1,500,ask,YieldingYams,AverageAlmonds,6450373
2026-07-04T02:12:53.617346,2026-07-04T02:12:53.626073+00:00,133.0,200,ask,WavyWalnuts,YieldingYams,6450380
2026-07-04T02:12:56.431933,2026-07-04T02:12:56.441410+00:00,133.1,200,bid,WavyWalnuts,YieldingYams,6450422
2026-07-04T02:12:58.879914,2026-07-04T02:12:58.883265+00:00,133.0,3,ask,WavyWalnuts,Xuanyu Liu,6450458
2026-07-04T02:13:00.171461,2026-07-04T02:13:00.181138+00:00,132.9,200,bid,YieldingYams,WavyWalnuts,6450480
2026-07-04T02:13:00.774881,2026-07-04T02:13:00.786728+00:00,133.2,20,bid,BrilliantBurritos,YieldingYams,6450489
2026-07-04T02:13:02.815595,2026-07-04T02:13:02.819128+00:00,132.8,3,bid,Xuanyu Liu,YieldingYams,6450514
2026-07-04T02:13:03.653183,2026-07-04T02:13:03.658559+00:00,132.8,500,bid,AverageAlmonds,YieldingYams,6450530
2026-07-04T02:13:04.903395,2026-07-04T02:13:04.910879+00:00,132.9,200,ask,YieldingYams,WavyWalnuts,6450550
2026-07-04T02:13:05.437474,2026-07-04T02:13:05.440748+00:00,133.0,3,ask,YieldingYams,Xuanyu Liu,6450559
2026-07-04T02:13:06.109630,2026-07-04T02:13:06.119688+00:00,133.0,200,ask,YieldingYams,WavyWalnuts,6450569
2026-07-04T02:13:07.337474,2026-07-04T02:13:07.340800+00:00,133.0,3,bid,Xuanyu Liu,WavyWalnuts,6450586
2026-07-04T02:13:07.511560,2026-07-04T02:13:07.517910+00:00,132.9,20,ask,YieldingYams,BrilliantBurritos,6450590
2026-07-04T02:13:08.045607,2026-07-04T02:13:08.067125+00:00,133.0,197,bid,YieldingYams,WavyWalnuts,6450596
2026-07-04T02:13:09.747703,2026-07-04T02:13:09.756344+00:00,133.0,200,ask,AverageAlmonds,WavyWalnuts,6450622
2026-07-04T02:13:12.741727,2026-07-04T02:13:12.750884+00:00,132.9,200,bid,AverageAlmonds,WavyWalnuts,6450652
2026-07-04T02:13:15.152804,2026-07-04T02:13:15.158610+00:00,133.1,200,bid,AverageAlmonds,WavyWalnuts,6450687
2026-07-04T02:13:15.152804,2026-07-04T02:13:15.158610+00:00,133.1,300,bid,AverageAlmonds,YieldingYams,6450688
2026-07-04T02:13:19.449380,2026-07-04T02:13:19.464222+00:00,133.0,200,ask,YieldingYams,WavyWalnuts,6450755
2026-07-04T02:13:21.870681,2026-07-04T02:13:21.880637+00:00,133.3,200,bid,WavyWalnuts,YieldingYams,6450783
2026-07-04T02:13:23.080414,2026-07-04T02:13:23.091937+00:00,133.3,200,bid,WavyWalnuts,YieldingYams,6450802
2026-07-04T02:13:25.093485,2026-07-04T02:13:25.103579+00:00,133.3,200,bid,YieldingYams,WavyWalnuts,6450829
2026-07-04T02:13:25.093485,2026-07-04T02:13:25.103579+00:00,133.3,425,bid,YieldingYams,AverageAlmonds,6450830
2026-07-04T02:13:27.906326,2026-07-04T02:13:27.913610+00:00,133.3,200,bid,WavyWalnuts,YieldingYams,6450866
2026-07-04T02:13:30.339473,2026-07-04T02:13:30.347039+00:00,133.2,200,ask,WavyWalnuts,YieldingYams,6450898
2026-07-04T02:13:30.492716,2026-07-04T02:13:30.504297+00:00,133.0,20,ask,YieldingYams,BrilliantBurritos,6450899
2026-07-04T02:13:34.277343,2026-07-04T02:13:34.288483+00:00,133.1,200,ask,WavyWalnuts,YieldingYams,6450942
2026-07-04T02:13:35.162012,2026-07-04T02:13:35.168746+00:00,133.1,200,bid,WavyWalnuts,YieldingYams,6450951
2026-07-04T02:13:36.453175,2026-07-04T02:13:36.456334+00:00,133.2,3,bid,Xuanyu Liu,WavyWalnuts,6450961
2026-07-04T02:13:36.699462,2026-07-04T02:13:36.706956+00:00,133.1,20,ask,YieldingYams,BrilliantBurritos,6450967
2026-07-04T02:13:38.801174,2026-07-04T02:13:38.808899+00:00,133.1,200,ask,YieldingYams,WavyWalnuts,6450996
2026-07-04T02:13:40.674929,2026-07-04T02:13:40.686342+00:00,133.0,20,ask,YieldingYams,BrilliantBurritos,6451020
2026-07-04T02:13:40.833551,2026-07-04T02:13:40.850330+00:00,133.0,200,ask,WavyWalnuts,YieldingYams,6451022
2026-07-04T02:13:40.846690,2026-07-04T02:13:40.850330+00:00,132.9,34,bid,Xuanyu Liu,YieldingYams,6451024
2026-07-04T02:13:41.214097,2026-07-04T02:13:41.221369+00:00,132.9,200,bid,WavyWalnuts,YieldingYams,6451029
2026-07-04T02:13:44.868434,2026-07-04T02:13:44.876524+00:00,133.0,200,bid,WavyWalnuts,YieldingYams,6451078
2026-07-04T02:13:45.306577,2026-07-04T02:13:45.315927+00:00,133.0,20,bid,BrilliantBurritos,YieldingYams,6451083
2026-07-04T02:13:45.997343,2026-07-04T02:13:46.001170+00:00,132.8,11,ask,YieldingYams,Xuanyu Liu,6451100
2026-07-04T02:13:48.486681,2026-07-04T02:13:48.500398+00:00,132.8,20,ask,WavyWalnuts,BrilliantBurritos,6451141
2026-07-04T02:13:49.690734,2026-07-04T02:13:49.702438+00:00,132.8,200,ask,WavyWalnuts,AverageAlmonds,6451157
2026-07-04T02:13:49.690734,2026-07-04T02:13:49.702438+00:00,132.8,300,ask,YieldingYams,AverageAlmonds,6451158
2026-07-04T02:13:50.285367,2026-07-04T02:13:50.292638+00:00,132.8,500,ask,YieldingYams,AverageAlmonds,6451167
2026-07-04T02:13:50.664917,2026-07-04T02:13:50.676532+00:00,132.8,20,ask,YieldingYams,BrilliantBurritos,6451175
2026-07-04T02:13:50.886222,2026-07-04T02:13:50.895168+00:00,132.8,105,ask,YieldingYams,AverageAlmonds,6451178
2026-07-04T02:13:52.327612,2026-07-04T02:13:52.331209+00:00,132.6,26,ask,YieldingYams,Xuanyu Liu,6451200
2026-07-04T02:13:52.703479,2026-07-04T02:13:52.714128+00:00,132.6,500,ask,YieldingYams,AverageAlmonds,6451206
2026-07-04T02:13:53.302495,2026-07-04T02:13:53.312352+00:00,132.6,125,ask,YieldingYams,AverageAlmonds,6451226
2026-07-04T02:13:58.474531,2026-07-04T02:13:58.486045+00:00,132.6,20,bid,BrilliantBurritos,WavyWalnuts,6451303
2026-07-04T02:14:00.485009,2026-07-04T02:14:00.496129+00:00,132.4,200,ask,WavyWalnuts,YieldingYams,6451334
2026-07-04T02:14:01.800769,2026-07-04T02:14:01.808908+00:00,132.5,200,bid,YieldingYams,WavyWalnuts,6451357
2026-07-04T02:14:03.069273,2026-07-04T02:14:03.076653+00:00,132.5,200,ask,YieldingYams,WavyWalnuts,6451372
2026-07-04T02:14:04.276511,2026-07-04T02:14:04.285493+00:00,132.4,200,bid,WavyWalnuts,YieldingYams,6451383
2026-07-04T02:14:04.422082,2026-07-04T02:14:04.431209+00:00,132.6,500,bid,YieldingYams,AverageAlmonds,6451386
2026-07-04T02:14:04.797917,2026-07-04T02:14:04.807412+00:00,132.6,125,ask,YieldingYams,AverageAlmonds,6451396
2026-07-04T02:14:05.498747,2026-07-04T02:14:05.502040+00:00,132.4,3,bid,Xuanyu Liu,WavyWalnuts,6451403
2026-07-04T02:14:05.903508,2026-07-04T02:14:05.915366+00:00,132.4,20,bid,BrilliantBurritos,WavyWalnuts,6451407
2026-07-04T02:14:08.090281,2026-07-04T02:14:08.093909+00:00,132.4,11,bid,Xuanyu Liu,YieldingYams,6451441
2026-07-04T02:14:09.126745,2026-07-04T02:14:09.130258+00:00,132.3,12,bid,Xuanyu Liu,WavyWalnuts,6451458
2026-07-04T02:14:10.320986,2026-07-04T02:14:10.329676+00:00,132.1,200,ask,YieldingYams,WavyWalnuts,6451479
2026-07-04T02:14:10.998230,2026-07-04T02:14:11.001664+00:00,132.1,23,bid,Xuanyu Liu,YieldingYams,6451485
2026-07-04T02:14:12.293545,2026-07-04T02:14:12.316064+00:00,132.1,200,bid,YieldingYams,WavyWalnuts,6451504
2026-07-04T02:14:12.311851,2026-07-04T02:14:12.316064+00:00,132.1,1,ask,YieldingYams,Xuanyu Liu,6451506
2026-07-04T02:14:12.437081,2026-07-04T02:14:12.440702+00:00,132.1,22,ask,YieldingYams,Xuanyu Liu,6451512
2026-07-04T02:14:16.234929,2026-07-04T02:14:16.243987+00:00,132.2,200,bid,YieldingYams,WavyWalnuts,6451555
2026-07-04T02:14:16.369275,2026-07-04T02:14:16.379325+00:00,132.2,200,ask,YieldingYams,WavyWalnuts,6451560
2026-07-04T02:14:21.540461,2026-07-04T02:14:21.552390+00:00,132.0,20,ask,YieldingYams,BrilliantBurritos,6451631
2026-07-04T02:14:24.107463,2026-07-04T02:14:24.114553+00:00,132.1,200,bid,YieldingYams,WavyWalnuts,6451657
2026-07-04T02:14:27.154071,2026-07-04T02:14:27.157492+00:00,132.2,34,bid,Xuanyu Liu,YieldingYams,6451698
2026-07-04T02:14:29.374704,2026-07-04T02:14:29.381627+00:00,132.1,200,ask,WavyWalnuts,YieldingYams,6451725
2026-07-04T02:14:32.012971,2026-07-04T02:14:32.016531+00:00,132.1,11,ask,YieldingYams,Xuanyu Liu,6451758
2026-07-04T02:14:33.314433,2026-07-04T02:14:33.323278+00:00,132.2,200,bid,YieldingYams,WavyWalnuts,6451771
2026-07-04T02:14:33.328974,2026-07-04T02:14:33.332805+00:00,132.2,12,ask,YieldingYams,Xuanyu Liu,6451773
2026-07-04T02:14:34.514009,2026-07-04T02:14:34.523970+00:00,132.2,200,ask,YieldingYams,WavyWalnuts,6451792
2026-07-04T02:14:38.151174,2026-07-04T02:14:38.154537+00:00,132.1,11,ask,WavyWalnuts,Xuanyu Liu,6451840
2026-07-04T02:14:39.347502,2026-07-04T02:14:39.354489+00:00,132.3,200,bid,WavyWalnuts,YieldingYams,6451856
2026-07-04T02:14:40.555196,2026-07-04T02:14:40.564862+00:00,132.3,200,bid,WavyWalnuts,YieldingYams,6451872
2026-07-04T02:14:41.425703,2026-07-04T02:14:41.437043+00:00,132.0,20,ask,AverageAlmonds,BrilliantBurritos,6451883
2026-07-04T02:14:41.762578,2026-07-04T02:14:41.769203+00:00,132.2,200,bid,WavyWalnuts,YieldingYams,6451891
2026-07-04T02:14:42.972713,2026-07-04T02:14:42.979605+00:00,132.3,200,bid,WavyWalnuts,YieldingYams,6451910
2026-07-04T02:14:43.822531,2026-07-04T02:14:43.826195+00:00,132.3,12,ask,YieldingYams,Xuanyu Liu,6451921
2026-07-04T02:14:46.107905,2026-07-04T02:14:46.111388+00:00,132.2,11,ask,YieldingYams,Xuanyu Liu,6451944
2026-07-04T02:14:54.302521,2026-07-04T02:14:54.312418+00:00,132.3,200,bid,YieldingYams,WavyWalnuts,6452059
2026-07-04T02:14:59.564236,2026-07-04T02:14:59.568087+00:00,132.2,11,bid,Xuanyu Liu,YieldingYams,6452128
2026-07-04T02:15:01.174213,2026-07-04T02:15:01.183185+00:00,132.1,200,bid,WavyWalnuts,YieldingYams,6452150
2026-07-04T02:15:01.941777,2026-07-04T02:15:01.946168+00:00,131.9,14,ask,YieldingYams,Xuanyu Liu,6452163
2026-07-04T02:15:05.147612,2026-07-04T02:15:05.159407+00:00,131.9,20,ask,YieldingYams,BrilliantBurritos,6452202
2026-07-04T02:15:05.750986,2026-07-04T02:15:05.758560+00:00,131.9,20,ask,YieldingYams,BrilliantBurritos,6452208
2026-07-04T02:15:07.250350,2026-07-04T02:15:07.258607+00:00,132.0,200,ask,YieldingYams,WavyWalnuts,6452228
2026-07-04T02:15:08.077234,2026-07-04T02:15:08.089267+00:00,132.3,20,bid,BrilliantBurritos,YieldingYams,6452237
2026-07-04T02:15:08.264441,2026-07-04T02:15:08.267525+00:00,132.3,26,bid,Xuanyu Liu,YieldingYams,6452244
2026-07-04T02:15:08.459677,2026-07-04T02:15:08.469004+00:00,132.1,200,ask,YieldingYams,WavyWalnuts,6452246
2026-07-04T02:15:08.756562,2026-07-04T02:15:08.760507+00:00,132.1,23,bid,Xuanyu Liu,YieldingYams,6452249
2026-07-04T02:15:10.880409,2026-07-04T02:15:10.887748+00:00,132.1,200,ask,YieldingYams,WavyWalnuts,6452278
2026-07-04T02:15:12.102389,2026-07-04T02:15:12.105708+00:00,132.1,12,ask,WavyWalnuts,Xuanyu Liu,6452303
2026-07-04T02:15:12.673883,2026-07-04T02:15:12.680493+00:00,132.1,188,ask,WavyWalnuts,YieldingYams,6452314
2026-07-04T02:15:13.296181,2026-07-04T02:15:13.303601+00:00,132.1,200,bid,WavyWalnuts,YieldingYams,6452323
2026-07-04T02:15:13.312628,2026-07-04T02:15:13.324256+00:00,131.9,20,ask,YieldingYams,BrilliantBurritos,6452324
2026-07-04T02:15:14.586997,2026-07-04T02:15:14.590700+00:00,132.1,11,ask,YieldingYams,Xuanyu Liu,6452338
2026-07-04T02:15:15.307069,2026-07-04T02:15:15.310267+00:00,132.2,12,ask,YieldingYams,Xuanyu Liu,6452347
2026-07-04T02:15:15.719522,2026-07-04T02:15:15.731124+00:00,132.2,200,ask,YieldingYams,WavyWalnuts,6452353
2026-07-04T02:15:18.148799,2026-07-04T02:15:18.158657+00:00,132.1,20,ask,YieldingYams,BrilliantBurritos,6452396
2026-07-04T02:15:19.010808,2026-07-04T02:15:19.022386+00:00,132.1,20,ask,YieldingYams,BrilliantBurritos,6452412
2026-07-04T02:15:20.533039,2026-07-04T02:15:20.540042+00:00,132.1,200,bid,YieldingYams,WavyWalnuts,6452433
2026-07-04T02:15:20.561925,2026-07-04T02:15:20.569570+00:00,132.1,200,ask,YieldingYams,WavyWalnuts,6452434
2026-07-04T02:15:20.904409,2026-07-04T02:15:20.908051+00:00,132.1,11,ask,YieldingYams,Xuanyu Liu,6452439
2026-07-04T02:15:21.847706,2026-07-04T02:15:21.853860+00:00,132.1,200,ask,WavyWalnuts,YieldingYams,6452462
2026-07-04T02:15:23.168819,2026-07-04T02:15:23.172246+00:00,132.0,3,ask,YieldingYams,Xuanyu Liu,6452480
2026-07-04T02:15:27.902166,2026-07-04T02:15:27.910088+00:00,132.1,20,bid,BrilliantBurritos,WavyWalnuts,6452542
2026-07-04T02:15:28.817867,2026-07-04T02:15:28.825274+00:00,132.1,20,bid,BrilliantBurritos,WavyWalnuts,6452566
2026-07-04T02:15:30.265741,2026-07-04T02:15:30.274686+00:00,131.9,200,bid,WavyWalnuts,YieldingYams,6452583
2026-07-04T02:15:32.415690,2026-07-04T02:15:32.427555+00:00,131.9,20,bid,BrilliantBurritos,WavyWalnuts,6452615
2026-07-04T02:15:33.646820,2026-07-04T02:15:33.654540+00:00,131.8,200,bid,YieldingYams,WavyWalnuts,6452627
2026-07-04T02:15:33.664792,2026-07-04T02:15:33.674944+00:00,132.0,20,bid,BrilliantBurritos,YieldingYams,6452628
2026-07-04T02:15:35.101674,2026-07-04T02:15:35.109665+00:00,131.9,200,bid,WavyWalnuts,YieldingYams,6452639
2026-07-04T02:15:35.627040,2026-07-04T02:15:35.637444+00:00,131.8,20,ask,AverageAlmonds,BrilliantBurritos,6452647
2026-07-04T02:15:40.723346,2026-07-04T02:15:40.735146+00:00,132.0,20,bid,BrilliantBurritos,YieldingYams,6452715
2026-07-04T02:15:45.456943,2026-07-04T02:15:45.469129+00:00,131.9,200,ask,WavyWalnuts,YieldingYams,6452771
2026-07-04T02:15:51.370216,2026-07-04T02:15:51.380496+00:00,131.9,500,bid,AverageAlmonds,YieldingYams,6452850
2026-07-04T02:15:52.012643,2026-07-04T02:15:52.020804+00:00,131.9,200,bid,YieldingYams,WavyWalnuts,6452868
2026-07-04T02:15:53.256463,2026-07-04T02:15:53.263842+00:00,131.9,20,ask,YieldingYams,BrilliantBurritos,6452883
2026-07-04T02:15:53.284504,2026-07-04T02:15:53.296155+00:00,131.9,200,ask,YieldingYams,WavyWalnuts,6452886
2026-07-04T02:15:54.386009,2026-07-04T02:15:54.396095+00:00,131.9,500,bid,AverageAlmonds,YieldingYams,6452908
2026-07-04T02:15:55.572098,2026-07-04T02:15:55.578611+00:00,131.9,20,ask,YieldingYams,BrilliantBurritos,6452917
2026-07-04T02:15:55.608489,2026-07-04T02:15:55.629008+00:00,132.0,200,bid,AverageAlmonds,WavyWalnuts,6452918
2026-07-04T02:15:55.625983,2026-07-04T02:15:55.629008+00:00,132.0,3,ask,AverageAlmonds,Xuanyu Liu,6452920
2026-07-04T02:15:58.112935,2026-07-04T02:15:58.123809+00:00,132.0,200,ask,YieldingYams,WavyWalnuts,6452956
2026-07-04T02:15:58.572216,2026-07-04T02:15:58.579402+00:00,131.9,500,ask,AverageAlmonds,YieldingYams,6452962
2026-07-04T02:15:59.229077,2026-07-04T02:15:59.236124+00:00,131.9,125,bid,AverageAlmonds,YieldingYams,6452972
2026-07-04T02:15:59.327479,2026-07-04T02:15:59.337808+00:00,131.9,200,ask,AverageAlmonds,WavyWalnuts,6452975
2026-07-04T02:16:00.538099,2026-07-04T02:16:00.544773+00:00,131.9,200,ask,AverageAlmonds,WavyWalnuts,6452982
2026-07-04T02:16:02.028884,2026-07-04T02:16:02.032827+00:00,132.0,3,bid,Xuanyu Liu,YieldingYams,6453003
2026-07-04T02:16:02.268678,2026-07-04T02:16:02.275326+00:00,132.0,500,bid,AverageAlmonds,YieldingYams,6453008
2026-07-04T02:16:04.069777,2026-07-04T02:16:04.080297+00:00,132.1,200,bid,AverageAlmonds,WavyWalnuts,6453035
2026-07-04T02:16:04.166420,2026-07-04T02:16:04.173328+00:00,132.1,200,ask,AverageAlmonds,WavyWalnuts,6453038
2026-07-04T02:16:05.374467,2026-07-04T02:16:05.383165+00:00,132.2,200,ask,AverageAlmonds,WavyWalnuts,6453064
2026-07-04T02:16:06.076346,2026-07-04T02:16:06.088048+00:00,132.4,20,bid,BrilliantBurritos,YieldingYams,6453070
2026-07-04T02:16:07.719613,2026-07-04T02:16:07.722593+00:00,132.3,200,bid,AverageAlmonds,WavyWalnuts,6453091
2026-07-04T02:16:08.320329,2026-07-04T02:16:08.327185+00:00,132.4,500,bid,AverageAlmonds,YieldingYams,6453101
2026-07-04T02:16:08.916077,2026-07-04T02:16:08.924848+00:00,132.4,125,bid,AverageAlmonds,YieldingYams,6453111
2026-07-04T02:16:08.916077,2026-07-04T02:16:08.924848+00:00,132.4,200,bid,AverageAlmonds,WavyWalnuts,6453112
2026-07-04T02:16:11.418201,2026-07-04T02:16:11.425727+00:00,132.5,200,ask,AverageAlmonds,WavyWalnuts,6453146
2026-07-04T02:16:12.540091,2026-07-04T02:16:12.547254+00:00,132.6,500,bid,AverageAlmonds,YieldingYams,6453168
2026-07-04T02:16:12.999768,2026-07-04T02:16:13.008001+00:00,132.4,200,bid,YieldingYams,WavyWalnuts,6453178
2026-07-04T02:16:13.835059,2026-07-04T02:16:13.844575+00:00,132.7,200,ask,YieldingYams,WavyWalnuts,6453192
2026-07-04T02:16:14.315684,2026-07-04T02:16:14.323215+00:00,132.7,500,ask,AverageAlmonds,YieldingYams,6453198
2026-07-04T02:16:14.361621,2026-07-04T02:16:14.368973+00:00,132.7,125,bid,AverageAlmonds,YieldingYams,6453202
2026-07-04T02:16:15.621039,2026-07-04T02:16:15.628717+00:00,132.8,200,bid,YieldingYams,WavyWalnuts,6453223
2026-07-04T02:16:16.250855,2026-07-04T02:16:16.258595+00:00,132.8,200,ask,YieldingYams,WavyWalnuts,6453228
2026-07-04T02:16:16.936484,2026-07-04T02:16:16.943803+00:00,132.7,500,ask,AverageAlmonds,YieldingYams,6453237
2026-07-04T02:16:16.960538,2026-07-04T02:16:16.964368+00:00,132.7,14,bid,Xuanyu Liu,YieldingYams,6453240
2026-07-04T02:16:17.843989,2026-07-04T02:16:17.847175+00:00,132.6,14,ask,AverageAlmonds,Xuanyu Liu,6453256
2026-07-04T02:16:18.249529,2026-07-04T02:16:18.267531+00:00,132.8,200,bid,YieldingYams,WavyWalnuts,6453258
2026-07-04T02:16:18.264102,2026-07-04T02:16:18.267531+00:00,132.8,14,ask,YieldingYams,Xuanyu Liu,6453260
2026-07-04T02:16:20.949988,2026-07-04T02:16:20.953237+00:00,132.9,11,bid,Xuanyu Liu,YieldingYams,6453299
2026-07-04T02:16:21.086684,2026-07-04T02:16:21.096947+00:00,132.9,200,bid,WavyWalnuts,YieldingYams,6453305
2026-07-04T02:16:23.512777,2026-07-04T02:16:23.523502+00:00,132.8,200,ask,YieldingYams,WavyWalnuts,6453339
2026-07-04T02:16:24.721905,2026-07-04T02:16:24.732583+00:00,132.8,200,ask,YieldingYams,WavyWalnuts,6453354
2026-07-04T02:16:24.810455,2026-07-04T02:16:24.821455+00:00,132.8,500,ask,AverageAlmonds,YieldingYams,6453358
2026-07-04T02:16:25.237562,2026-07-04T02:16:25.244263+00:00,132.7,125,bid,AverageAlmonds,YieldingYams,6453367
2026-07-04T02:16:25.931601,2026-07-04T02:16:25.938110+00:00,132.8,200,ask,AverageAlmonds,WavyWalnuts,6453380
2026-07-04T02:16:27.140649,2026-07-04T02:16:27.148485+00:00,132.9,200,ask,AverageAlmonds,WavyWalnuts,6453398
2026-07-04T02:16:27.432888,2026-07-04T02:16:27.440623+00:00,132.9,300,ask,AverageAlmonds,YieldingYams,6453401
2026-07-04T02:16:29.554747,2026-07-04T02:16:29.561500+00:00,132.9,200,ask,YieldingYams,WavyWalnuts,6453438
2026-07-04T02:16:31.926853,2026-07-04T02:16:31.934923+00:00,133.0,500,bid,AverageAlmonds,YieldingYams,6453477
2026-07-04T02:16:32.526613,2026-07-04T02:16:32.528584+00:00,133.0,125,bid,AverageAlmonds,YieldingYams,6453481
2026-07-04T02:16:32.526613,2026-07-04T02:16:32.534609+00:00,133.0,200,bid,AverageAlmonds,WavyWalnuts,6453482
2026-07-04T02:16:32.689501,2026-07-04T02:16:32.692885+00:00,133.1,11,ask,YieldingYams,Xuanyu Liu,6453489
2026-07-04T02:16:33.174236,2026-07-04T02:16:33.182146+00:00,133.1,200,ask,YieldingYams,WavyWalnuts,6453495
2026-07-04T02:16:34.381006,2026-07-04T02:16:34.389118+00:00,133.0,200,ask,YieldingYams,WavyWalnuts,6453516
2026-07-04T02:16:36.793587,2026-07-04T02:16:36.801953+00:00,133.0,200,bid,WavyWalnuts,YieldingYams,6453554
2026-07-04T02:16:37.350129,2026-07-04T02:16:37.356383+00:00,133.0,425,bid,AverageAlmonds,YieldingYams,6453557
2026-07-04T02:16:39.936103,2026-07-04T02:16:39.940075+00:00,133.2,11,bid,Xuanyu Liu,WavyWalnuts,6453595
2026-07-04T02:16:40.534790,2026-07-04T02:16:40.545831+00:00,133.2,200,bid,YieldingYams,WavyWalnuts,6453613
2026-07-04T02:16:41.626976,2026-07-04T02:16:41.637340+00:00,133.2,200,ask,YieldingYams,WavyWalnuts,6453625
2026-07-04T02:16:42.834514,2026-07-04T02:16:42.842261+00:00,133.1,200,ask,YieldingYams,WavyWalnuts,6453637
2026-07-04T02:16:44.471923,2026-07-04T02:16:44.479193+00:00,133.2,200,bid,YieldingYams,WavyWalnuts,6453657
2026-07-04T02:16:45.282552,2026-07-04T02:16:45.291108+00:00,133.2,200,ask,YieldingYams,WavyWalnuts,6453670
2026-07-04T02:16:47.097216,2026-07-04T02:16:47.106798+00:00,133.3,200,bid,YieldingYams,WavyWalnuts,6453692
2026-07-04T02:16:47.700582,2026-07-04T02:16:47.707267+00:00,133.3,200,ask,YieldingYams,WavyWalnuts,6453704
2026-07-04T02:16:47.870066,2026-07-04T02:16:47.881774+00:00,133.4,20,bid,BrilliantBurritos,AverageAlmonds,6453707
2026-07-04T02:16:49.424426,2026-07-04T02:16:49.427939+00:00,133.4,6,bid,Xuanyu Liu,AverageAlmonds,6453727
2026-07-04T02:16:49.478437,2026-07-04T02:16:49.490180+00:00,133.3,500,ask,YieldingYams,AverageAlmonds,6453728
2026-07-04T02:16:49.727331,2026-07-04T02:16:49.730892+00:00,133.3,11,bid,Xuanyu Liu,YieldingYams,6453736
2026-07-04T02:16:50.137043,2026-07-04T02:16:50.140402+00:00,133.2,12,bid,Xuanyu Liu,WavyWalnuts,6453739
2026-07-04T02:16:52.664016,2026-07-04T02:16:52.667719+00:00,132.9,23,ask,YieldingYams,Xuanyu Liu,6453768
2026-07-04T02:16:53.659353,2026-07-04T02:16:53.662997+00:00,133.0,3,ask,YieldingYams,Xuanyu Liu,6453775
2026-07-04T02:16:54.954856,2026-07-04T02:16:54.958668+00:00,132.9,200,ask,YieldingYams,WavyWalnuts,6453796
2026-07-04T02:16:56.181153,2026-07-04T02:16:56.184606+00:00,133.1,3,bid,Xuanyu Liu,WavyWalnuts,6453817
2026-07-04T02:16:56.272681,2026-07-04T02:16:56.276245+00:00,133.0,11,bid,Xuanyu Liu,YieldingYams,6453820
2026-07-04T02:16:58.995744,2026-07-04T02:16:58.999679+00:00,132.7,11,ask,AverageAlmonds,Xuanyu Liu,6453860
2026-07-04T02:17:05.499707,2026-07-04T02:17:05.506641+00:00,133.3,20,bid,BrilliantBurritos,WavyWalnuts,6453923
2026-07-04T02:17:07.073421,2026-07-04T02:17:07.084240+00:00,133.2,200,ask,YieldingYams,WavyWalnuts,6453950
2026-07-04T02:17:10.675858,2026-07-04T02:17:10.684621+00:00,133.1,500,ask,YieldingYams,AverageAlmonds,6454000
2026-07-04T02:17:10.737153,2026-07-04T02:17:10.744946+00:00,133.1,200,bid,WavyWalnuts,YieldingYams,6454001
2026-07-04T02:17:11.949711,2026-07-04T02:17:11.952934+00:00,133.1,200,bid,WavyWalnuts,YieldingYams,6454012
2026-07-04T02:17:12.705513,2026-07-04T02:17:12.709324+00:00,132.8,3,ask,YieldingYams,Xuanyu Liu,6454031
2026-07-04T02:17:18.606065,2026-07-04T02:17:18.616895+00:00,132.9,200,ask,WavyWalnuts,YieldingYams,6454115
2026-07-04T02:17:20.453062,2026-07-04T02:17:20.463623+00:00,132.7,200,ask,YieldingYams,WavyWalnuts,6454134
2026-07-04T02:17:20.504593,2026-07-04T02:17:20.516205+00:00,132.7,20,ask,YieldingYams,BrilliantBurritos,6454135
2026-07-04T02:17:23.787767,2026-07-04T02:17:23.799495+00:00,132.7,20,bid,BrilliantBurritos,YieldingYams,6454180
2026-07-04T02:17:24.082286,2026-07-04T02:17:24.089336+00:00,132.7,200,bid,WavyWalnuts,YieldingYams,6454188
2026-07-04T02:17:25.294991,2026-07-04T02:17:25.301968+00:00,132.6,200,ask,YieldingYams,WavyWalnuts,6454207
2026-07-04T02:17:29.525610,2026-07-04T02:17:29.537262+00:00,132.7,20,bid,BrilliantBurritos,YieldingYams,6454266
2026-07-04T02:17:30.132351,2026-07-04T02:17:30.143844+00:00,132.7,200,bid,WavyWalnuts,YieldingYams,6454276
2026-07-04T02:17:31.263188,2026-07-04T02:17:31.266618+00:00,132.7,3,bid,Xuanyu Liu,AverageAlmonds,6454287
2026-07-04T02:17:31.853004,2026-07-04T02:17:31.854484+00:00,132.6,500,ask,YieldingYams,AverageAlmonds,6454297
2026-07-04T02:17:34.345537,2026-07-04T02:17:34.358640+00:00,132.6,200,ask,WavyWalnuts,YieldingYams,6454322
2026-07-04T02:17:34.791202,2026-07-04T02:17:34.802273+00:00,132.4,20,ask,YieldingYams,BrilliantBurritos,6454329
2026-07-04T02:17:37.406539,2026-07-04T02:17:37.417586+00:00,132.6,200,ask,YieldingYams,WavyWalnuts,6454362
2026-07-04T02:17:42.217521,2026-07-04T02:17:42.224039+00:00,132.4,200,ask,WavyWalnuts,YieldingYams,6454432
2026-07-04T02:17:44.746089,2026-07-04T02:17:44.752534+00:00,132.2,20,ask,YieldingYams,BrilliantBurritos,6454478
2026-07-04T02:17:46.365487,2026-07-04T02:17:46.369967+00:00,132.2,11,bid,Xuanyu Liu,YieldingYams,6454494
2026-07-04T02:17:47.494538,2026-07-04T02:17:47.498049+00:00,132.1,12,bid,Xuanyu Liu,YieldingYams,6454506
2026-07-04T02:17:48.298103,2026-07-04T02:17:48.308904+00:00,132.1,200,bid,WavyWalnuts,YieldingYams,6454524
2026-07-04T02:17:49.169400,2026-07-04T02:17:49.181327+00:00,132.2,20,bid,BrilliantBurritos,YieldingYams,6454536
2026-07-04T02:17:49.617934,2026-07-04T02:17:49.629413+00:00,132.2,20,bid,BrilliantBurritos,YieldingYams,6454544
2026-07-04T02:17:57.965328,2026-07-04T02:17:57.974378+00:00,132.2,200,bid,WavyWalnuts,YieldingYams,6454665
2026-07-04T02:17:59.315221,2026-07-04T02:17:59.319385+00:00,132.2,12,ask,YieldingYams,Xuanyu Liu,6454691
2026-07-04T02:18:01.501171,2026-07-04T02:18:01.513033+00:00,132.3,20,bid,BrilliantBurritos,WavyWalnuts,6454725
2026-07-04T02:18:03.710653,2026-07-04T02:18:03.717122+00:00,132.4,20,bid,BrilliantBurritos,WavyWalnuts,6454759
2026-07-04T02:18:04.596954,2026-07-04T02:18:04.600342+00:00,132.4,11,ask,YieldingYams,Xuanyu Liu,6454778
2026-07-04T02:18:05.259919,2026-07-04T02:18:05.270058+00:00,132.4,200,ask,YieldingYams,WavyWalnuts,6454784
2026-07-04T02:18:05.775270,2026-07-04T02:18:05.784690+00:00,132.4,414,ask,YieldingYams,AverageAlmonds,6454795
2026-07-04T02:18:05.965799,2026-07-04T02:18:05.973954+00:00,132.2,20,bid,BrilliantBurritos,YieldingYams,6454798
2026-07-04T02:18:06.469674,2026-07-04T02:18:06.480753+00:00,132.2,200,bid,WavyWalnuts,YieldingYams,6454805
2026-07-04T02:18:08.905902,2026-07-04T02:18:08.909509+00:00,132.1,3,ask,WavyWalnuts,Xuanyu Liu,6454838
2026-07-04T02:18:10.018311,2026-07-04T02:18:10.029362+00:00,132.1,197,ask,WavyWalnuts,AverageAlmonds,6454851
2026-07-04T02:18:11.099442,2026-07-04T02:18:11.110082+00:00,132.1,200,bid,WavyWalnuts,AverageAlmonds,6454867
2026-07-04T02:18:11.099442,2026-07-04T02:18:11.110082+00:00,132.1,425,bid,YieldingYams,AverageAlmonds,6454868
2026-07-04T02:18:11.309692,2026-07-04T02:18:11.320161+00:00,132.1,200,bid,YieldingYams,WavyWalnuts,6454874
2026-07-04T02:18:12.519399,2026-07-04T02:18:12.526589+00:00,132.0,200,bid,WavyWalnuts,YieldingYams,6454893
2026-07-04T02:18:13.645542,2026-07-04T02:18:13.658620+00:00,132.0,20,bid,BrilliantBurritos,YieldingYams,6454906
2026-07-04T02:18:15.884926,2026-07-04T02:18:15.896575+00:00,132.0,20,bid,BrilliantBurritos,WavyWalnuts,6454937
2026-07-04T02:18:24.240957,2026-07-04T02:18:24.262798+00:00,131.7,200,bid,YieldingYams,WavyWalnuts,6455045
2026-07-04T02:18:24.259398,2026-07-04T02:18:24.262798+00:00,131.7,14,ask,YieldingYams,Xuanyu Liu,6455048
2026-07-04T02:18:25.556718,2026-07-04T02:18:25.564543+00:00,131.6,200,ask,WavyWalnuts,YieldingYams,6455065
2026-07-04T02:18:25.556718,2026-07-04T02:18:25.569737+00:00,131.6,425,ask,AverageAlmonds,YieldingYams,6455066
2026-07-04T02:18:28.805540,2026-07-04T02:18:28.814404+00:00,131.7,20,ask,YieldingYams,BrilliantBurritos,6455115
2026-07-04T02:18:33.885767,2026-07-04T02:18:33.888993+00:00,131.6,23,ask,WavyWalnuts,Xuanyu Liu,6455171
2026-07-04T02:18:34.296793,2026-07-04T02:18:34.300216+00:00,131.7,12,ask,WavyWalnuts,Xuanyu Liu,6455180
2026-07-04T02:18:35.491803,2026-07-04T02:18:35.502224+00:00,131.8,200,bid,WavyWalnuts,YieldingYams,6455192
2026-07-04T02:18:36.994082,2026-07-04T02:18:36.997794+00:00,131.8,12,bid,Xuanyu Liu,YieldingYams,6455211
2026-07-04T02:18:37.911403,2026-07-04T02:18:37.919595+00:00,131.8,200,bid,WavyWalnuts,YieldingYams,6455224
2026-07-04T02:18:43.370139,2026-07-04T02:18:43.373437+00:00,131.8,23,ask,WavyWalnuts,Xuanyu Liu,6455309
2026-07-04T02:18:45.187891,2026-07-04T02:18:45.191387+00:00,131.9,11,ask,WavyWalnuts,Xuanyu Liu,6455342
2026-07-04T02:18:46.382101,2026-07-04T02:18:46.393984+00:00,132.0,200,bid,WavyWalnuts,YieldingYams,6455366
2026-07-04T02:18:47.076853,2026-07-04T02:18:47.088204+00:00,132.1,20,bid,BrilliantBurritos,YieldingYams,6455380
2026-07-04T02:18:47.864634,2026-07-04T02:18:47.874506+00:00,132.1,200,bid,YieldingYams,WavyWalnuts,6455389
2026-07-04T02:18:50.506519,2026-07-04T02:18:50.509881+00:00,132.1,11,bid,Xuanyu Liu,YieldingYams,6455412
2026-07-04T02:18:51.800762,2026-07-04T02:18:51.811939+00:00,132.1,200,bid,YieldingYams,WavyWalnuts,6455424
2026-07-04T02:18:54.432172,2026-07-04T02:18:54.443233+00:00,132.1,200,ask,WavyWalnuts,YieldingYams,6455463
2026-07-04T02:18:55.742388,2026-07-04T02:18:55.750431+00:00,132.0,200,bid,YieldingYams,WavyWalnuts,6455478
2026-07-04T02:18:56.057006,2026-07-04T02:18:56.058555+00:00,132.1,200,ask,YieldingYams,WavyWalnuts,6455480
2026-07-04T02:19:00.890663,2026-07-04T02:19:00.902003+00:00,131.8,200,ask,YieldingYams,WavyWalnuts,6455549
2026-07-04T02:19:01.026072,2026-07-04T02:19:01.037780+00:00,131.7,20,ask,AverageAlmonds,BrilliantBurritos,6455551
2026-07-04T02:19:02.617912,2026-07-04T02:19:02.629860+00:00,131.7,20,bid,BrilliantBurritos,WavyWalnuts,6455564
2026-07-04T02:19:04.908938,2026-07-04T02:19:04.916024+00:00,131.6,200,ask,WavyWalnuts,YieldingYams,6455596
2026-07-04T02:19:04.916335,2026-07-04T02:19:04.926658+00:00,131.5,20,ask,AverageAlmonds,BrilliantBurritos,6455597
2026-07-04T02:19:07.547943,2026-07-04T02:19:07.551427+00:00,131.7,11,ask,YieldingYams,Xuanyu Liu,6455634
2026-07-04T02:19:08.142268,2026-07-04T02:19:08.151889+00:00,131.7,200,ask,YieldingYams,WavyWalnuts,6455642
2026-07-04T02:19:10.158153,2026-07-04T02:19:10.168934+00:00,131.8,200,bid,YieldingYams,WavyWalnuts,6455674
2026-07-04T02:19:10.562149,2026-07-04T02:19:10.569193+00:00,131.9,200,ask,YieldingYams,WavyWalnuts,6455677
2026-07-04T02:19:12.774163,2026-07-04T02:19:12.777444+00:00,131.6,200,bid,YieldingYams,WavyWalnuts,6455715
2026-07-04T02:19:16.375723,2026-07-04T02:19:16.384671+00:00,131.6,20,bid,BrilliantBurritos,YieldingYams,6455762
2026-07-04T02:19:16.731620,2026-07-04T02:19:16.738702+00:00,131.5,500,ask,AverageAlmonds,YieldingYams,6455768
2026-07-04T02:19:17.190271,2026-07-04T02:19:17.200656+00:00,131.5,125,bid,AverageAlmonds,YieldingYams,6455774
2026-07-04T02:19:18.037915,2026-07-04T02:19:18.048050+00:00,131.6,200,bid,YieldingYams,WavyWalnuts,6455785
2026-07-04T02:19:19.059328,2026-07-04T02:19:19.068969+00:00,131.6,200,ask,YieldingYams,WavyWalnuts,6455803
2026-07-04T02:19:19.354523,2026-07-04T02:19:19.358582+00:00,131.6,500,ask,AverageAlmonds,YieldingYams,6455808
2026-07-04T02:19:19.601017,2026-07-04T02:19:19.609306+00:00,131.6,125,bid,AverageAlmonds,YieldingYams,6455809
2026-07-04T02:19:19.806885,2026-07-04T02:19:19.816711+00:00,132.5,20,bid,BrilliantBurritos,AverageAlmonds,6455815
2026-07-04T02:19:20.274351,2026-07-04T02:19:20.285128+00:00,131.8,200,ask,AverageAlmonds,WavyWalnuts,6455822
2026-07-04T02:19:20.663471,2026-07-04T02:19:20.674712+00:00,131.8,300,ask,AverageAlmonds,YieldingYams,6455830
2026-07-04T02:19:20.804687,2026-07-04T02:19:20.813513+00:00,131.7,325,bid,AverageAlmonds,YieldingYams,6455833
2026-07-04T02:19:21.501317,2026-07-04T02:19:21.504786+00:00,131.9,34,bid,Xuanyu Liu,WavyWalnuts,6455851
2026-07-04T02:19:22.042403,2026-07-04T02:19:22.050542+00:00,131.9,166,bid,AverageAlmonds,WavyWalnuts,6455856
2026-07-04T02:19:24.490308,2026-07-04T02:19:24.493435+00:00,131.9,23,ask,WavyWalnuts,Xuanyu Liu,6455895
2026-07-04T02:19:24.594912,2026-07-04T02:19:24.603014+00:00,131.9,177,ask,WavyWalnuts,YieldingYams,6455903
2026-07-04T02:19:24.594912,2026-07-04T02:19:24.603014+00:00,131.9,448,ask,AverageAlmonds,YieldingYams,6455904
2026-07-04T02:19:25.917025,2026-07-04T02:19:25.920184+00:00,132.0,11,ask,YieldingYams,Xuanyu Liu,6455930
2026-07-04T02:19:28.931157,2026-07-04T02:19:28.942947+00:00,132.3,20,bid,BrilliantBurritos,YieldingYams,6455971
2026-07-04T02:19:32.388243,2026-07-04T02:19:32.399227+00:00,132.1,200,ask,AverageAlmonds,WavyWalnuts,6456017
2026-07-04T02:19:33.776210,2026-07-04T02:19:33.785435+00:00,132.1,20,ask,AverageAlmonds,BrilliantBurritos,6456035
2026-07-04T02:19:35.813396,2026-07-04T02:19:35.825216+00:00,132.2,20,ask,YieldingYams,BrilliantBurritos,6456067
2026-07-04T02:19:36.022046,2026-07-04T02:19:36.030852+00:00,132.2,200,ask,YieldingYams,WavyWalnuts,6456070
2026-07-04T02:19:37.082933,2026-07-04T02:19:37.086618+00:00,132.4,11,bid,Xuanyu Liu,YieldingYams,6456081
2026-07-04T02:19:37.235478,2026-07-04T02:19:37.243813+00:00,132.2,200,ask,YieldingYams,WavyWalnuts,6456085
2026-07-04T02:19:38.442451,2026-07-04T02:19:38.449780+00:00,132.2,200,ask,YieldingYams,WavyWalnuts,6456097
2026-07-04T02:19:39.042279,2026-07-04T02:19:39.045901+00:00,132.3,11,bid,Xuanyu Liu,YieldingYams,6456107
2026-07-04T02:19:40.679128,2026-07-04T02:19:40.690645+00:00,132.2,20,ask,YieldingYams,BrilliantBurritos,6456122
2026-07-04T02:19:41.645419,2026-07-04T02:19:41.652613+00:00,132.3,200,bid,YieldingYams,WavyWalnuts,6456138
2026-07-04T02:19:44.491771,2026-07-04T02:19:44.502278+00:00,132.4,200,bid,WavyWalnuts,YieldingYams,6456184
2026-07-04T02:19:45.261526,2026-07-04T02:19:45.271284+00:00,132.1,20,ask,YieldingYams,BrilliantBurritos,6456197
2026-07-04T02:19:46.481783,2026-07-04T02:19:46.488858+00:00,132.3,20,ask,YieldingYams,BrilliantBurritos,6456222
2026-07-04T02:19:46.896173,2026-07-04T02:19:46.906860+00:00,132.5,200,bid,YieldingYams,WavyWalnuts,6456233
2026-07-04T02:19:46.918184,2026-07-04T02:19:46.928118+00:00,132.6,200,ask,YieldingYams,WavyWalnuts,6456237
2026-07-04T02:19:47.840257,2026-07-04T02:19:47.851852+00:00,132.8,20,bid,BrilliantBurritos,YieldingYams,6456249
2026-07-04T02:19:49.741894,2026-07-04T02:19:49.745752+00:00,132.7,23,bid,Xuanyu Liu,YieldingYams,6456276
2026-07-04T02:19:54.933257,2026-07-04T02:19:54.945047+00:00,132.7,20,ask,WavyWalnuts,BrilliantBurritos,6456341
2026-07-04T02:19:56.478786,2026-07-04T02:19:56.490592+00:00,132.7,20,ask,WavyWalnuts,BrilliantBurritos,6456364
2026-07-04T02:19:59.290661,2026-07-04T02:19:59.294149+00:00,132.8,26,bid,Xuanyu Liu,YieldingYams,6456413
2026-07-04T02:20:02.629284,2026-07-04T02:20:02.640587+00:00,132.8,200,bid,YieldingYams,WavyWalnuts,6456460
2026-07-04T02:20:02.629284,2026-07-04T02:20:02.640587+00:00,132.8,425,bid,YieldingYams,AverageAlmonds,6456461
2026-07-04T02:20:04.668334,2026-07-04T02:20:04.677639+00:00,132.7,20,ask,WavyWalnuts,BrilliantBurritos,6456508
2026-07-04T02:20:07.897730,2026-07-04T02:20:07.909562+00:00,132.5,20,ask,WavyWalnuts,BrilliantBurritos,6456551
2026-07-04T02:20:13.232259,2026-07-04T02:20:13.240534+00:00,132.6,20,bid,BrilliantBurritos,WavyWalnuts,6456613
2026-07-04T02:20:13.564257,2026-07-04T02:20:13.567747+00:00,132.7,3,ask,WavyWalnuts,Xuanyu Liu,6456616
2026-07-04T02:20:14.747784,2026-07-04T02:20:14.757339+00:00,132.8,200,bid,WavyWalnuts,YieldingYams,6456632
2026-07-04T02:20:17.137476,2026-07-04T02:20:17.145632+00:00,132.7,200,ask,WavyWalnuts,AverageAlmonds,6456666
2026-07-04T02:20:17.137476,2026-07-04T02:20:17.145632+00:00,132.7,300,ask,YieldingYams,AverageAlmonds,6456667
2026-07-04T02:20:17.737741,2026-07-04T02:20:17.749056+00:00,132.7,325,ask,YieldingYams,AverageAlmonds,6456673
2026-07-04T02:20:18.349908,2026-07-04T02:20:18.357368+00:00,132.6,200,ask,WavyWalnuts,AverageAlmonds,6456677
2026-07-04T02:20:18.385193,2026-07-04T02:20:18.392482+00:00,132.6,200,bid,WavyWalnuts,AverageAlmonds,6456679
2026-07-04T02:20:20.623661,2026-07-04T02:20:20.632677+00:00,132.5,20,ask,WavyWalnuts,BrilliantBurritos,6456715
2026-07-04T02:20:22.519337,2026-07-04T02:20:22.523353+00:00,132.4,11,ask,YieldingYams,Xuanyu Liu,6456740
2026-07-04T02:20:23.205007,2026-07-04T02:20:23.213145+00:00,132.4,500,ask,YieldingYams,AverageAlmonds,6456746
2026-07-04T02:20:23.235381,2026-07-04T02:20:23.239580+00:00,132.5,12,ask,WavyWalnuts,Xuanyu Liu,6456748
2026-07-04T02:20:23.658673,2026-07-04T02:20:23.670292+00:00,132.5,188,ask,WavyWalnuts,YieldingYams,6456758
2026-07-04T02:20:24.424190,2026-07-04T02:20:24.435625+00:00,132.4,200,bid,WavyWalnuts,YieldingYams,6456767
2026-07-04T02:20:24.969356,2026-07-04T02:20:24.988670+00:00,132.4,500,bid,YieldingYams,AverageAlmonds,6456772
2026-07-04T02:20:24.985361,2026-07-04T02:20:24.988670+00:00,132.6,34,ask,YieldingYams,Xuanyu Liu,6456774
2026-07-04T02:20:25.002956,2026-07-04T02:20:25.009362+00:00,132.6,91,ask,YieldingYams,AverageAlmonds,6456775
2026-07-04T02:20:25.633089,2026-07-04T02:20:25.642447+00:00,132.5,200,bid,WavyWalnuts,AverageAlmonds,6456784
2026-07-04T02:20:26.853538,2026-07-04T02:20:26.863871+00:00,132.5,200,bid,WavyWalnuts,YieldingYams,6456803
2026-07-04T02:20:28.084838,2026-07-04T02:20:28.088329+00:00,132.4,11,ask,WavyWalnuts,Xuanyu Liu,6456828
2026-07-04T02:20:30.218714,2026-07-04T02:20:30.230328+00:00,132.4,200,ask,WavyWalnuts,YieldingYams,6456851
2026-07-04T02:20:30.345816,2026-07-04T02:20:30.357435+00:00,132.1,20,ask,YieldingYams,BrilliantBurritos,6456853
2026-07-04T02:20:30.485135,2026-07-04T02:20:30.494366+00:00,132.4,200,bid,WavyWalnuts,YieldingYams,6456855
2026-07-04T02:20:32.868396,2026-07-04T02:20:32.875085+00:00,132.6,500,ask,YieldingYams,AverageAlmonds,6456891
2026-07-04T02:20:33.467170,2026-07-04T02:20:33.474201+00:00,132.6,125,ask,YieldingYams,AverageAlmonds,6456903
2026-07-04T02:20:33.467170,2026-07-04T02:20:33.479410+00:00,132.6,200,ask,WavyWalnuts,AverageAlmonds,6456904
2026-07-04T02:20:34.109935,2026-07-04T02:20:34.118220+00:00,132.6,200,bid,WavyWalnuts,AverageAlmonds,6456911
2026-07-04T02:20:35.905758,2026-07-04T02:20:35.912994+00:00,132.5,200,ask,WavyWalnuts,AverageAlmonds,6456935
2026-07-04T02:20:35.905758,2026-07-04T02:20:35.918489+00:00,132.5,300,ask,YieldingYams,AverageAlmonds,6456936
2026-07-04T02:20:36.547209,2026-07-04T02:20:36.554579+00:00,132.5,200,ask,YieldingYams,WavyWalnuts,6456943
2026-07-04T02:20:38.393399,2026-07-04T02:20:38.404903+00:00,132.5,20,bid,BrilliantBurritos,YieldingYams,6456972
2026-07-04T02:20:38.964744,2026-07-04T02:20:38.971372+00:00,132.5,200,bid,WavyWalnuts,YieldingYams,6456981
2026-07-04T02:20:40.671557,2026-07-04T02:20:40.683158+00:00,132.7,20,bid,BrilliantBurritos,AverageAlmonds,6457002
2026-07-04T02:20:42.324175,2026-07-04T02:20:42.335623+00:00,132.7,20,bid,BrilliantBurritos,WavyWalnuts,6457025
2026-07-04T02:20:43.332823,2026-07-04T02:20:43.340105+00:00,132.6,200,bid,YieldingYams,WavyWalnuts,6457041
2026-07-04T02:20:43.332823,2026-07-04T02:20:43.345775+00:00,132.6,425,bid,YieldingYams,AverageAlmonds,6457042
2026-07-04T02:20:43.563623,2026-07-04T02:20:43.567200+00:00,132.4,23,ask,WavyWalnuts,Xuanyu Liu,6457046
2026-07-04T02:20:44.976569,2026-07-04T02:20:44.984950+00:00,132.4,200,ask,WavyWalnuts,AverageAlmonds,6457070
2026-07-04T02:20:47.266491,2026-07-04T02:20:47.274033+00:00,132.5,500,bid,YieldingYams,AverageAlmonds,6457099
2026-07-04T02:20:47.404962,2026-07-04T02:20:47.411494+00:00,132.5,125,ask,YieldingYams,AverageAlmonds,6457102
2026-07-04T02:20:48.641634,2026-07-04T02:20:48.649727+00:00,132.3,200,ask,YieldingYams,WavyWalnuts,6457111
2026-07-04T02:20:49.902623,2026-07-04T02:20:49.906042+00:00,132.3,11,bid,Xuanyu Liu,YieldingYams,6457131
2026-07-04T02:20:51.206809,2026-07-04T02:20:51.213587+00:00,132.2,200,ask,WavyWalnuts,YieldingYams,6457143
2026-07-04T02:20:51.223885,2026-07-04T02:20:51.227264+00:00,132.2,12,bid,Xuanyu Liu,YieldingYams,6457146
2026-07-04T02:20:51.865245,2026-07-04T02:20:51.877096+00:00,132.2,20,bid,BrilliantBurritos,YieldingYams,6457160
2026-07-04T02:20:52.290069,2026-07-04T02:20:52.293811+00:00,132.1,11,bid,Xuanyu Liu,WavyWalnuts,6457166
2026-07-04T02:20:53.727047,2026-07-04T02:20:53.736600+00:00,132.2,20,bid,BrilliantBurritos,YieldingYams,6457191
2026-07-04T02:21:00.780166,2026-07-04T02:21:00.784169+00:00,132.0,11,bid,Xuanyu Liu,WavyWalnuts,6457290
2026-07-04T02:21:03.184630,2026-07-04T02:21:03.191661+00:00,131.9,200,ask,YieldingYams,WavyWalnuts,6457324
2026-07-04T02:21:07.954824,2026-07-04T02:21:07.966417+00:00,132.0,20,bid,BrilliantBurritos,WavyWalnuts,6457381
2026-07-04T02:21:11.670653,2026-07-04T02:21:11.678722+00:00,132.0,200,bid,WavyWalnuts,YieldingYams,6457439
2026-07-04T02:21:12.001134,2026-07-04T02:21:12.004827+00:00,132.0,12,bid,Xuanyu Liu,YieldingYams,6457444
2026-07-04T02:21:14.044526,2026-07-04T02:21:14.052427+00:00,131.9,500,ask,YieldingYams,AverageAlmonds,6457478
2026-07-04T02:21:14.635896,2026-07-04T02:21:14.656966+00:00,131.9,125,ask,YieldingYams,AverageAlmonds,6457486
2026-07-04T02:21:14.653215,2026-07-04T02:21:14.656966+00:00,131.9,11,bid,Xuanyu Liu,AverageAlmonds,6457488
2026-07-04T02:21:14.801556,2026-07-04T02:21:14.804970+00:00,131.8,12,bid,Xuanyu Liu,YieldingYams,6457495
2026-07-04T02:21:15.212766,2026-07-04T02:21:15.215901+00:00,131.7,12,ask,WavyWalnuts,Xuanyu Liu,6457500
2026-07-04T02:21:16.529714,2026-07-04T02:21:16.540847+00:00,131.8,200,bid,WavyWalnuts,YieldingYams,6457514
2026-07-04T02:21:17.745892,2026-07-04T02:21:17.758577+00:00,132.0,200,bid,WavyWalnuts,AverageAlmonds,6457531
2026-07-04T02:21:18.959677,2026-07-04T02:21:18.969812+00:00,132.0,200,bid,WavyWalnuts,AverageAlmonds,6457543
2026-07-04T02:21:19.488403,2026-07-04T02:21:19.496706+00:00,131.9,500,ask,YieldingYams,AverageAlmonds,6457551
2026-07-04T02:21:20.035222,2026-07-04T02:21:20.038654+00:00,131.9,12,bid,Xuanyu Liu,YieldingYams,6457564
2026-07-04T02:21:20.172257,2026-07-04T02:21:20.179165+00:00,131.9,200,bid,WavyWalnuts,YieldingYams,6457565
