timestamp,recv_time,price,volume,aggressor_side,buyer,seller,trade_id
2026-07-07T12:00:00.079409,2026-07-07T12:00:00.115546+00:00,142.8,20,ask,,,10819544
2026-07-07T12:00:01.157526,2026-07-07T12:00:01.165365+00:00,142.7,12,ask,,,10819568
2026-07-07T12:00:02.165620,2026-07-07T12:00:02.177548+00:00,142.7,12,ask,,,10819578
2026-07-07T12:00:03.225604,2026-07-07T12:00:03.229516+00:00,142.7,11,ask,,,10819596
2026-07-07T12:00:03.425626,2026-07-07T12:00:03.437561+00:00,142.7,25,ask,,,10819602
2026-07-07T12:00:03.439533,2026-07-07T12:00:03.447824+00:00,142.7,12,ask,,,10819604
2026-07-07T12:00:03.654451,2026-07-07T12:00:03.658574+00:00,142.7,25,ask,,,10819605
2026-07-07T12:00:03.702847,2026-07-07T12:00:03.714106+00:00,142.7,200,ask,,,10819607
2026-07-07T12:00:03.879874,2026-07-07T12:00:03.890627+00:00,142.7,25,ask,,,10819610
2026-07-07T12:00:04.102427,2026-07-07T12:00:04.112725+00:00,142.7,25,ask,,,10819619
2026-07-07T12:00:04.598410,2026-07-07T12:00:04.609236+00:00,142.7,500,ask,,,10819631
2026-07-07T12:00:04.913373,2026-07-07T12:00:04.923574+00:00,142.6,125,bid,,,10819639
2026-07-07T12:00:04.957237,2026-07-07T12:00:04.963826+00:00,142.6,12,ask,,,10819641
2026-07-07T12:00:04.995506,2026-07-07T12:00:04.999978+00:00,142.6,23,ask,,,10819642
2026-07-07T12:00:05.229324,2026-07-07T12:00:05.237808+00:00,142.6,3,ask,,,10819646
2026-07-07T12:00:05.511210,2026-07-07T12:00:05.517956+00:00,142.6,3,ask,,,10819650
2026-07-07T12:00:05.779543,2026-07-07T12:00:05.789938+00:00,142.6,3,ask,,,10819654
2026-07-07T12:00:06.041160,2026-07-07T12:00:06.071889+00:00,142.6,3,ask,,,10819661
2026-07-07T12:00:06.125889,2026-07-07T12:00:06.133819+00:00,142.6,200,ask,,,10819664
2026-07-07T12:00:06.307899,2026-07-07T12:00:06.318083+00:00,142.6,3,ask,,,10819668
2026-07-07T12:00:06.576800,2026-07-07T12:00:06.585144+00:00,142.6,12,ask,,,10819678
2026-07-07T12:00:07.847497,2026-07-07T12:00:07.858604+00:00,142.6,12,ask,,,10819699
2026-07-07T12:00:08.354930,2026-07-07T12:00:08.358573+00:00,142.7,12,bid,,,10819712
2026-07-07T12:00:08.391142,2026-07-07T12:00:08.402924+00:00,142.7,20,bid,,,10819713
2026-07-07T12:00:08.545596,2026-07-07T12:00:08.556246+00:00,142.6,200,ask,,,10819720
2026-07-07T12:00:09.760048,2026-07-07T12:00:09.769903+00:00,142.6,200,ask,,,10819742
2026-07-07T12:00:10.970082,2026-07-07T12:00:10.979284+00:00,142.5,200,ask,,,10819763
2026-07-07T12:00:11.156748,2026-07-07T12:00:11.165407+00:00,142.5,300,ask,,,10819767
2026-07-07T12:00:11.168974,2026-07-07T12:00:11.173214+00:00,142.5,23,bid,,,10819768
2026-07-07T12:00:11.202808,2026-07-07T12:00:11.209519+00:00,142.5,302,bid,,,10819769
2026-07-07T12:00:11.227959,2026-07-07T12:00:11.248716+00:00,142.5,12,ask,,,10819772
2026-07-07T12:00:11.400380,2026-07-07T12:00:11.407882+00:00,143.3,20,bid,,,10819779
2026-07-07T12:00:12.178947,2026-07-07T12:00:12.185724+00:00,142.5,200,ask,,,10819793
2026-07-07T12:00:12.694066,2026-07-07T12:00:12.702580+00:00,142.8,20,bid,,,10819798
2026-07-07T12:00:13.387581,2026-07-07T12:00:13.394785+00:00,142.6,200,ask,,,10819808
2026-07-07T12:00:14.597238,2026-07-07T12:00:14.604807+00:00,142.5,200,ask,,,10819822
2026-07-07T12:00:15.718539,2026-07-07T12:00:15.730231+00:00,142.6,12,ask,,,10819846
2026-07-07T12:00:15.807804,2026-07-07T12:00:15.819551+00:00,142.6,200,ask,,,10819848
2026-07-07T12:00:17.017314,2026-07-07T12:00:17.026718+00:00,142.6,20,ask,,,10819868
2026-07-07T12:00:17.728733,2026-07-07T12:00:17.745376+00:00,142.8,12,bid,,,10819881
2026-07-07T12:00:20.330257,2026-07-07T12:00:20.342314+00:00,142.7,20,bid,,,10819916
2026-07-07T12:00:20.342703,2026-07-07T12:00:20.352810+00:00,142.7,180,bid,,,10819917
2026-07-07T12:00:20.798120,2026-07-07T12:00:20.801768+00:00,142.7,11,ask,,,10819930
2026-07-07T12:00:20.886468,2026-07-07T12:00:20.897901+00:00,142.7,25,ask,,,10819931
2026-07-07T12:00:21.135314,2026-07-07T12:00:21.142346+00:00,142.7,15,ask,,,10819938
2026-07-07T12:00:23.574454,2026-07-07T12:00:23.586056+00:00,142.7,11,ask,,,10819977
2026-07-07T12:00:24.285940,2026-07-07T12:00:24.293513+00:00,142.8,200,ask,,,10819989
2026-07-07T12:00:26.597621,2026-07-07T12:00:26.609884+00:00,142.7,8,ask,,,10820022
2026-07-07T12:00:28.866668,2026-07-07T12:00:28.878506+00:00,143.0,20,bid,,,10820060
2026-07-07T12:00:30.841476,2026-07-07T12:00:30.845651+00:00,143.0,12,ask,,,10820099
2026-07-07T12:00:32.144872,2026-07-07T12:00:32.152475+00:00,143.1,200,bid,,,10820128
2026-07-07T12:00:32.144872,2026-07-07T12:00:32.158503+00:00,143.1,425,bid,,,10820129
2026-07-07T12:00:33.475396,2026-07-07T12:00:33.479489+00:00,143.0,12,bid,,,10820146
2026-07-07T12:00:33.958910,2026-07-07T12:00:33.969299+00:00,143.0,200,bid,,,10820153
2026-07-07T12:00:34.005231,2026-07-07T12:00:34.017258+00:00,143.0,20,bid,,,10820154
2026-07-07T12:00:34.799896,2026-07-07T12:00:34.806890+00:00,143.0,20,bid,,,10820175
2026-07-07T12:00:34.904718,2026-07-07T12:00:34.916692+00:00,143.0,12,bid,,,10820181
2026-07-07T12:00:35.169434,2026-07-07T12:00:35.176410+00:00,143.0,200,bid,,,10820184
2026-07-07T12:00:36.076162,2026-07-07T12:00:36.085274+00:00,143.1,500,bid,,,10820206
2026-07-07T12:00:36.636699,2026-07-07T12:00:36.647752+00:00,143.1,125,ask,,,10820221
2026-07-07T12:00:36.776720,2026-07-07T12:00:36.783604+00:00,143.1,20,bid,,,10820224
2026-07-07T12:00:38.202571,2026-07-07T12:00:38.214711+00:00,142.9,12,ask,,,10820248
2026-07-07T12:00:38.469135,2026-07-07T12:00:38.479781+00:00,143.0,20,bid,,,10820251
2026-07-07T12:00:38.695852,2026-07-07T12:00:38.706662+00:00,142.9,188,ask,,,10820255
2026-07-07T12:00:40.024101,2026-07-07T12:00:40.028672+00:00,142.9,12,ask,,,10820277
2026-07-07T12:00:40.043515,2026-07-07T12:00:40.054826+00:00,142.9,20,ask,,,10820278
2026-07-07T12:00:41.261561,2026-07-07T12:00:41.265586+00:00,143.0,11,ask,,,10820293
2026-07-07T12:00:41.638056,2026-07-07T12:00:41.647401+00:00,143.0,20,ask,,,10820298
2026-07-07T12:00:42.636242,2026-07-07T12:00:42.643207+00:00,143.1,500,bid,,,10820317
2026-07-07T12:00:42.636242,2026-07-07T12:00:42.648479+00:00,143.1,125,bid,,,10820318
2026-07-07T12:00:44.276375,2026-07-07T12:00:44.288281+00:00,143.0,10,bid,,,10820349
2026-07-07T12:00:45.104756,2026-07-07T12:00:45.116971+00:00,142.8,20,ask,,,10820361
2026-07-07T12:00:47.896326,2026-07-07T12:00:47.906182+00:00,142.7,20,ask,,,10820413
2026-07-07T12:00:48.862261,2026-07-07T12:00:48.874250+00:00,142.7,10,ask,,,10820425
2026-07-07T12:00:49.204115,2026-07-07T12:00:49.211424+00:00,142.7,190,ask,,,10820429
2026-07-07T12:00:49.714627,2026-07-07T12:00:49.724214+00:00,142.7,200,bid,,,10820445
2026-07-07T12:00:50.559334,2026-07-07T12:00:50.563682+00:00,142.7,11,ask,,,10820454
2026-07-07T12:00:54.409456,2026-07-07T12:00:54.416273+00:00,142.6,20,ask,,,10820523
2026-07-07T12:00:54.466820,2026-07-07T12:00:54.478332+00:00,142.6,180,ask,,,10820526
2026-07-07T12:00:54.466820,2026-07-07T12:00:54.478332+00:00,142.6,445,ask,,,10820527
2026-07-07T12:01:01.037725,2026-07-07T12:01:01.047683+00:00,142.6,200,ask,,,10820649
2026-07-07T12:01:01.806644,2026-07-07T12:01:01.814145+00:00,142.5,200,bid,,,10820657
2026-07-07T12:01:01.968006,2026-07-07T12:01:01.972235+00:00,142.3,12,ask,,,10820659
2026-07-07T12:01:03.026526,2026-07-07T12:01:03.034245+00:00,142.6,200,bid,,,10820679
2026-07-07T12:01:03.675716,2026-07-07T12:01:03.680630+00:00,142.5,17,ask,,,10820686
2026-07-07T12:01:16.627103,2026-07-07T12:01:16.635497+00:00,142.7,20,ask,,,10820881
2026-07-07T12:01:21.468523,2026-07-07T12:01:21.480304+00:00,142.8,200,ask,,,10820967
2026-07-07T12:01:23.615291,2026-07-07T12:01:23.625779+00:00,142.8,200,bid,,,10821009
2026-07-07T12:01:24.481541,2026-07-07T12:01:24.491168+00:00,142.7,500,ask,,,10821020
2026-07-07T12:01:27.264943,2026-07-07T12:01:27.275777+00:00,142.6,200,bid,,,10821068
2026-07-07T12:01:27.519717,2026-07-07T12:01:27.529204+00:00,142.5,500,ask,,,10821071
2026-07-07T12:01:28.112953,2026-07-07T12:01:28.120344+00:00,142.5,125,ask,,,10821078
2026-07-07T12:01:28.474295,2026-07-07T12:01:28.483440+00:00,142.5,200,bid,,,10821081
2026-07-07T12:01:28.682203,2026-07-07T12:01:28.696670+00:00,142.5,20,bid,,,10821093
2026-07-07T12:01:29.683539,2026-07-07T12:01:29.692352+00:00,142.4,200,bid,,,10821109
2026-07-07T12:01:33.579699,2026-07-07T12:01:33.588839+00:00,142.4,200,ask,,,10821172
2026-07-07T12:01:33.923450,2026-07-07T12:01:33.933286+00:00,142.4,300,bid,,,10821180
2026-07-07T12:01:34.529523,2026-07-07T12:01:34.536821+00:00,142.4,200,ask,,,10821183
2026-07-07T12:01:34.788212,2026-07-07T12:01:34.799503+00:00,142.4,125,ask,,,10821185
2026-07-07T12:01:40.775881,2026-07-07T12:01:40.787686+00:00,142.5,20,bid,,,10821289
2026-07-07T12:01:41.683368,2026-07-07T12:01:41.691770+00:00,142.3,20,ask,,,10821308
2026-07-07T12:01:41.808880,2026-07-07T12:01:41.817520+00:00,142.4,200,bid,,,10821310
2026-07-07T12:01:42.066778,2026-07-07T12:01:42.075846+00:00,142.4,425,ask,,,10821320
2026-07-07T12:01:43.003186,2026-07-07T12:01:43.011911+00:00,142.3,200,bid,,,10821344
2026-07-07T12:01:44.063813,2026-07-07T12:01:44.073245+00:00,142.2,20,bid,,,10821357
2026-07-07T12:01:45.060618,2026-07-07T12:01:45.068980+00:00,142.1,200,ask,,,10821368
2026-07-07T12:01:45.060618,2026-07-07T12:01:45.068980+00:00,142.1,300,ask,,,10821369
2026-07-07T12:01:45.684404,2026-07-07T12:01:45.694185+00:00,142.1,325,ask,,,10821378
2026-07-07T12:01:46.313416,2026-07-07T12:01:46.317343+00:00,142.0,17,bid,,,10821388
2026-07-07T12:01:47.083130,2026-07-07T12:01:47.087370+00:00,141.9,12,bid,,,10821410
2026-07-07T12:01:47.837254,2026-07-07T12:01:47.844482+00:00,141.9,200,bid,,,10821421
2026-07-07T12:01:47.841896,2026-07-07T12:01:47.849448+00:00,141.9,12,bid,,,10821422
2026-07-07T12:01:47.926987,2026-07-07T12:01:47.938762+00:00,141.9,20,bid,,,10821424
2026-07-07T12:01:50.068243,2026-07-07T12:01:50.078754+00:00,141.8,20,ask,,,10821456
2026-07-07T12:01:50.109159,2026-07-07T12:01:50.118332+00:00,141.8,11,ask,,,10821458
2026-07-07T12:01:50.257956,2026-07-07T12:01:50.269420+00:00,141.8,200,ask,,,10821461
2026-07-07T12:01:51.791402,2026-07-07T12:01:51.801915+00:00,141.8,20,ask,,,10821485
2026-07-07T12:01:52.677948,2026-07-07T12:01:52.686474+00:00,141.7,200,ask,,,10821493
2026-07-07T12:01:56.912350,2026-07-07T12:01:56.924257+00:00,141.6,20,ask,,,10821559
2026-07-07T12:01:58.593565,2026-07-07T12:01:58.605669+00:00,141.7,20,bid,,,10821575
2026-07-07T12:02:02.946513,2026-07-07T12:02:02.958055+00:00,141.8,20,bid,,,10821639
2026-07-07T12:02:03.444678,2026-07-07T12:02:03.458574+00:00,141.7,20,ask,,,10821650
2026-07-07T12:02:04.895353,2026-07-07T12:02:04.902690+00:00,141.9,20,bid,,,10821665
2026-07-07T12:02:10.308641,2026-07-07T12:02:10.320224+00:00,141.9,20,ask,,,10821735
2026-07-07T12:02:13.122335,2026-07-07T12:02:13.134102+00:00,141.9,20,ask,,,10821771
2026-07-07T12:02:13.308219,2026-07-07T12:02:13.312624+00:00,141.9,11,bid,,,10821776
2026-07-07T12:02:14.221797,2026-07-07T12:02:14.231302+00:00,141.9,20,bid,,,10821792
2026-07-07T12:02:14.288480,2026-07-07T12:02:14.300488+00:00,141.9,11,bid,,,10821793
2026-07-07T12:02:14.660140,2026-07-07T12:02:14.678973+00:00,141.8,200,ask,,,10821804
2026-07-07T12:02:14.675021,2026-07-07T12:02:14.678973+00:00,141.8,11,bid,,,10821806
2026-07-07T12:02:15.053029,2026-07-07T12:02:15.064620+00:00,141.5,12,ask,,,10821815
2026-07-07T12:02:15.077240,2026-07-07T12:02:15.084870+00:00,141.5,20,ask,,,10821816
2026-07-07T12:02:15.503310,2026-07-07T12:02:15.512665+00:00,141.5,20,ask,,,10821828
2026-07-07T12:02:15.726338,2026-07-07T12:02:15.729942+00:00,141.7,11,ask,,,10821830
2026-07-07T12:02:21.763447,2026-07-07T12:02:21.771062+00:00,141.9,20,bid,,,10821916
2026-07-07T12:02:21.884198,2026-07-07T12:02:21.895825+00:00,141.9,12,bid,,,10821918
2026-07-07T12:02:21.908417,2026-07-07T12:02:21.920301+00:00,141.7,20,ask,,,10821919
2026-07-07T12:02:23.213448,2026-07-07T12:02:23.223658+00:00,141.9,500,bid,,,10821933
2026-07-07T12:02:23.861390,2026-07-07T12:02:23.869890+00:00,141.9,200,bid,,,10821948
2026-07-07T12:02:23.911116,2026-07-07T12:02:23.919287+00:00,142.2,20,bid,,,10821949
2026-07-07T12:02:25.403911,2026-07-07T12:02:25.415612+00:00,142.1,200,bid,,,10821969
2026-07-07T12:02:27.409258,2026-07-07T12:02:27.413529+00:00,142.1,11,bid,,,10821999
2026-07-07T12:02:28.171815,2026-07-07T12:02:28.179507+00:00,142.1,12,bid,,,10822017
2026-07-07T12:02:29.164586,2026-07-07T12:02:29.168905+00:00,142.0,12,bid,,,10822043
2026-07-07T12:02:29.288968,2026-07-07T12:02:29.299491+00:00,142.0,25,bid,,,10822048
2026-07-07T12:02:29.517239,2026-07-07T12:02:29.525475+00:00,142.0,25,bid,,,10822051
2026-07-07T12:02:29.741412,2026-07-07T12:02:29.758593+00:00,142.0,25,bid,,,10822053
2026-07-07T12:02:29.963689,2026-07-07T12:02:29.974122+00:00,142.0,25,bid,,,10822064
2026-07-07T12:02:29.966772,2026-07-07T12:02:29.974122+00:00,142.0,12,bid,,,10822065
2026-07-07T12:02:29.969746,2026-07-07T12:02:29.979370+00:00,141.9,5,ask,,,10822066
2026-07-07T12:02:30.658441,2026-07-07T12:02:30.670301+00:00,142.1,20,bid,,,10822075
2026-07-07T12:02:31.696883,2026-07-07T12:02:31.707801+00:00,142.1,20,bid,,,10822085
2026-07-07T12:02:31.790210,2026-07-07T12:02:31.794213+00:00,142.0,12,ask,,,10822091
2026-07-07T12:02:32.006357,2026-07-07T12:02:32.013886+00:00,142.0,12,ask,,,10822094
2026-07-07T12:02:33.842039,2026-07-07T12:02:33.848819+00:00,142.0,20,ask,,,10822133
2026-07-07T12:02:35.018524,2026-07-07T12:02:35.025700+00:00,142.2,12,bid,,,10822155
2026-07-07T12:02:35.698352,2026-07-07T12:02:35.709874+00:00,142.1,200,bid,,,10822170
2026-07-07T12:02:38.337947,2026-07-07T12:02:38.346008+00:00,142.1,200,ask,,,10822215
2026-07-07T12:02:38.825008,2026-07-07T12:02:38.835848+00:00,141.9,12,ask,,,10822228
2026-07-07T12:02:40.132181,2026-07-07T12:02:40.149978+00:00,142.0,25,ask,,,10822253
2026-07-07T12:02:40.145345,2026-07-07T12:02:40.149978+00:00,142.0,22,ask,,,10822257
2026-07-07T12:02:40.151145,2026-07-07T12:02:40.165229+00:00,142.1,9,bid,,,10822258
2026-07-07T12:02:40.350372,2026-07-07T12:02:40.354291+00:00,142.0,12,ask,,,10822265
2026-07-07T12:02:41.654248,2026-07-07T12:02:41.658578+00:00,142.1,20,bid,,,10822275
2026-07-07T12:02:42.390069,2026-07-07T12:02:42.397091+00:00,142.1,200,bid,,,10822289
2026-07-07T12:02:42.986699,2026-07-07T12:02:42.993396+00:00,141.9,20,ask,,,10822300
2026-07-07T12:02:43.599708,2026-07-07T12:02:43.603708+00:00,142.0,11,bid,,,10822305
2026-07-07T12:02:43.602867,2026-07-07T12:02:43.624081+00:00,142.0,200,bid,,,10822306
2026-07-07T12:02:44.410454,2026-07-07T12:02:44.419711+00:00,141.8,3,ask,,,10822316
2026-07-07T12:02:45.175466,2026-07-07T12:02:45.184146+00:00,141.8,9,ask,,,10822329
2026-07-07T12:02:45.187141,2026-07-07T12:02:45.194554+00:00,141.8,20,ask,,,10822331
2026-07-07T12:02:46.029204,2026-07-07T12:02:46.038723+00:00,141.8,200,ask,,,10822339
2026-07-07T12:02:47.505661,2026-07-07T12:02:47.526189+00:00,141.8,200,bid,,,10822370
2026-07-07T12:02:47.522259,2026-07-07T12:02:47.526189+00:00,141.8,11,ask,,,10822372
2026-07-07T12:02:47.563996,2026-07-07T12:02:47.575134+00:00,141.8,25,ask,,,10822373
2026-07-07T12:02:47.788289,2026-07-07T12:02:47.797132+00:00,141.8,25,ask,,,10822377
2026-07-07T12:02:48.010189,2026-07-07T12:02:48.017363+00:00,141.8,25,ask,,,10822379
2026-07-07T12:02:48.448500,2026-07-07T12:02:48.458969+00:00,141.8,200,ask,,,10822387
2026-07-07T12:02:50.145011,2026-07-07T12:02:50.149483+00:00,141.8,11,bid,,,10822416
2026-07-07T12:02:51.438693,2026-07-07T12:02:51.448205+00:00,141.7,500,ask,,,10822439
2026-07-07T12:02:51.438693,2026-07-07T12:02:51.448205+00:00,141.6,125,ask,,,10822440
2026-07-07T12:02:53.424450,2026-07-07T12:02:53.431319+00:00,141.8,20,bid,,,10822476
2026-07-07T12:02:53.517490,2026-07-07T12:02:53.530907+00:00,141.8,12,bid,,,10822477
2026-07-07T12:02:54.065234,2026-07-07T12:02:54.074266+00:00,141.7,500,ask,,,10822489
2026-07-07T12:02:54.099141,2026-07-07T12:02:54.106621+00:00,141.7,125,bid,,,10822490
2026-07-07T12:02:54.782167,2026-07-07T12:02:54.794101+00:00,141.7,12,ask,,,10822500
2026-07-07T12:02:55.373323,2026-07-07T12:02:55.380990+00:00,141.9,200,bid,,,10822506
2026-07-07T12:02:55.549717,2026-07-07T12:02:55.556433+00:00,142.2,12,bid,,,10822512
2026-07-07T12:02:56.114868,2026-07-07T12:02:56.126449+00:00,141.9,20,ask,,,10822520
2026-07-07T12:02:57.781233,2026-07-07T12:02:57.788988+00:00,142.0,20,bid,,,10822547
2026-07-07T12:02:57.809628,2026-07-07T12:02:57.821535+00:00,141.8,20,ask,,,10822549
2026-07-07T12:02:57.823615,2026-07-07T12:02:57.835381+00:00,142.0,12,bid,,,10822550
2026-07-07T12:02:58.005502,2026-07-07T12:02:58.024141+00:00,141.8,200,ask,,,10822556
2026-07-07T12:02:58.020187,2026-07-07T12:02:58.024141+00:00,141.8,23,bid,,,10822558
2026-07-07T12:02:58.226222,2026-07-07T12:02:58.237061+00:00,141.8,25,bid,,,10822560
2026-07-07T12:02:58.454311,2026-07-07T12:02:58.458593+00:00,141.8,25,bid,,,10822565
2026-07-07T12:02:58.675410,2026-07-07T12:02:58.684647+00:00,141.8,25,bid,,,10822569
2026-07-07T12:02:58.896559,2026-07-07T12:02:58.908434+00:00,141.8,25,bid,,,10822575
2026-07-07T12:02:58.902220,2026-07-07T12:02:58.913661+00:00,141.6,20,ask,,,10822576
2026-07-07T12:02:59.164880,2026-07-07T12:02:59.169206+00:00,141.6,23,ask,,,10822584
2026-07-07T12:02:59.337809,2026-07-07T12:02:59.342223+00:00,141.8,15,ask,,,10822590
2026-07-07T12:02:59.349747,2026-07-07T12:02:59.357848+00:00,141.8,200,ask,,,10822591
2026-07-07T12:02:59.362154,2026-07-07T12:02:59.363679+00:00,141.8,12,ask,,,10822592
2026-07-07T12:03:01.792606,2026-07-07T12:03:01.797005+00:00,141.7,15,bid,,,10822630
2026-07-07T12:03:01.941367,2026-07-07T12:03:01.951165+00:00,141.7,20,bid,,,10822636
2026-07-07T12:03:01.944842,2026-07-07T12:03:01.956190+00:00,141.7,165,bid,,,10822637
2026-07-07T12:03:04.579154,2026-07-07T12:03:04.601326+00:00,141.8,200,ask,,,10822681
2026-07-07T12:03:05.399035,2026-07-07T12:03:05.408580+00:00,141.8,200,bid,,,10822686
2026-07-07T12:03:07.824442,2026-07-07T12:03:07.832367+00:00,141.7,200,ask,,,10822717
2026-07-07T12:03:08.609985,2026-07-07T12:03:08.614408+00:00,141.8,11,bid,,,10822743
2026-07-07T12:03:12.751824,2026-07-07T12:03:12.755532+00:00,141.9,20,bid,,,10822811
2026-07-07T12:03:13.745444,2026-07-07T12:03:13.752742+00:00,141.9,200,bid,,,10822830
2026-07-07T12:03:13.869312,2026-07-07T12:03:13.876309+00:00,141.9,200,ask,,,10822833
2026-07-07T12:03:15.075368,2026-07-07T12:03:15.079228+00:00,141.9,23,bid,,,10822855
2026-07-07T12:03:15.125218,2026-07-07T12:03:15.130053+00:00,141.8,12,bid,,,10822862
2026-07-07T12:03:15.312536,2026-07-07T12:03:15.319952+00:00,141.8,25,bid,,,10822868
2026-07-07T12:03:15.538450,2026-07-07T12:03:15.548587+00:00,141.8,25,bid,,,10822873
2026-07-07T12:03:15.760358,2026-07-07T12:03:15.768989+00:00,141.8,6,bid,,,10822875
2026-07-07T12:03:18.151070,2026-07-07T12:03:18.154846+00:00,141.5,23,ask,,,10822916
2026-07-07T12:03:19.012453,2026-07-07T12:03:19.016455+00:00,141.6,12,ask,,,10822925
2026-07-07T12:03:22.946712,2026-07-07T12:03:22.956178+00:00,141.7,200,ask,,,10822987
2026-07-07T12:03:23.207339,2026-07-07T12:03:23.216293+00:00,141.7,12,bid,,,10822989
2026-07-07T12:03:25.215724,2026-07-07T12:03:25.223011+00:00,141.9,20,bid,,,10823016
2026-07-07T12:03:25.242190,2026-07-07T12:03:25.254232+00:00,141.9,12,bid,,,10823017
2026-07-07T12:03:27.592621,2026-07-07T12:03:27.596352+00:00,142.0,12,bid,,,10823059
2026-07-07T12:03:27.776883,2026-07-07T12:03:27.787290+00:00,142.0,12,bid,,,10823066
2026-07-07T12:03:29.285679,2026-07-07T12:03:29.297389+00:00,142.0,12,bid,,,10823093
2026-07-07T12:03:30.800704,2026-07-07T12:03:30.807960+00:00,142.0,200,bid,,,10823118
2026-07-07T12:03:30.812760,2026-07-07T12:03:30.823654+00:00,142.0,200,ask,,,10823119
2026-07-07T12:03:31.213426,2026-07-07T12:03:31.224968+00:00,142.2,20,bid,,,10823127
2026-07-07T12:03:32.157768,2026-07-07T12:03:32.169133+00:00,141.8,20,ask,,,10823149
2026-07-07T12:03:32.309543,2026-07-07T12:03:32.319280+00:00,141.8,12,ask,,,10823152
2026-07-07T12:03:33.239009,2026-07-07T12:03:33.249215+00:00,142.0,200,bid,,,10823165
2026-07-07T12:03:33.585886,2026-07-07T12:03:33.593362+00:00,142.1,12,bid,,,10823180
2026-07-07T12:03:33.680048,2026-07-07T12:03:33.687522+00:00,142.1,20,bid,,,10823183
2026-07-07T12:03:33.919633,2026-07-07T12:03:33.923848+00:00,142.1,23,bid,,,10823190
2026-07-07T12:03:34.753804,2026-07-07T12:03:34.758076+00:00,142.0,11,bid,,,10823205
2026-07-07T12:03:36.150854,2026-07-07T12:03:36.158547+00:00,142.0,12,bid,,,10823237
2026-07-07T12:03:36.930804,2026-07-07T12:03:36.942088+00:00,142.1,12,bid,,,10823248
2026-07-07T12:03:37.957710,2026-07-07T12:03:37.969318+00:00,142.0,12,ask,,,10823260
2026-07-07T12:03:39.094995,2026-07-07T12:03:39.105438+00:00,142.1,20,bid,,,10823273
2026-07-07T12:03:40.511431,2026-07-07T12:03:40.518897+00:00,142.0,200,bid,,,10823294
2026-07-07T12:03:41.722617,2026-07-07T12:03:41.731594+00:00,142.1,200,bid,,,10823316
2026-07-07T12:03:42.040616,2026-07-07T12:03:42.052338+00:00,142.1,12,bid,,,10823320
2026-07-07T12:03:42.934380,2026-07-07T12:03:42.946008+00:00,142.0,200,bid,,,10823334
2026-07-07T12:03:43.936094,2026-07-07T12:03:43.940336+00:00,142.0,11,ask,,,10823353
2026-07-07T12:03:44.835241,2026-07-07T12:03:44.845513+00:00,142.2,12,bid,,,10823365
2026-07-07T12:03:46.293129,2026-07-07T12:03:46.304922+00:00,142.1,20,ask,,,10823392
2026-07-07T12:03:46.358151,2026-07-07T12:03:46.369983+00:00,142.2,12,bid,,,10823395
2026-07-07T12:03:46.573159,2026-07-07T12:03:46.577376+00:00,142.1,11,bid,,,10823400
2026-07-07T12:03:47.784069,2026-07-07T12:03:47.794657+00:00,142.1,200,bid,,,10823419
2026-07-07T12:03:48.383710,2026-07-07T12:03:48.393342+00:00,141.9,12,ask,,,10823437
2026-07-07T12:03:48.997172,2026-07-07T12:03:49.005224+00:00,142.1,200,bid,,,10823450
2026-07-07T12:03:49.837606,2026-07-07T12:03:49.845560+00:00,142.3,20,bid,,,10823457
2026-07-07T12:03:50.653636,2026-07-07T12:03:50.663595+00:00,141.9,12,ask,,,10823474
2026-07-07T12:03:52.935333,2026-07-07T12:03:52.942583+00:00,142.0,12,bid,,,10823522
2026-07-07T12:03:53.860618,2026-07-07T12:03:53.870532+00:00,141.9,200,ask,,,10823535
2026-07-07T12:03:55.082422,2026-07-07T12:03:55.086409+00:00,141.9,11,ask,,,10823556
2026-07-07T12:03:55.226349,2026-07-07T12:03:55.236020+00:00,142.0,11,bid,,,10823559
2026-07-07T12:03:56.279796,2026-07-07T12:03:56.288938+00:00,142.0,200,bid,,,10823578
2026-07-07T12:03:57.493158,2026-07-07T12:03:57.504023+00:00,142.0,200,ask,,,10823599
2026-07-07T12:03:58.770164,2026-07-07T12:03:58.782119+00:00,142.1,12,bid,,,10823627
2026-07-07T12:03:59.671427,2026-07-07T12:03:59.677928+00:00,142.1,188,bid,,,10823656
2026-07-07T12:04:01.117679,2026-07-07T12:04:01.126923+00:00,142.1,200,ask,,,10823676
2026-07-07T12:04:03.536326,2026-07-07T12:04:03.545137+00:00,142.2,200,bid,,,10823717
2026-07-07T12:04:06.220981,2026-07-07T12:04:06.227605+00:00,142.1,500,bid,,,10823757
2026-07-07T12:04:06.774826,2026-07-07T12:04:06.784371+00:00,142.1,125,ask,,,10823768
2026-07-07T12:04:07.240306,2026-07-07T12:04:07.251260+00:00,142.1,20,bid,,,10823778
2026-07-07T12:04:07.384942,2026-07-07T12:04:07.392079+00:00,142.0,200,ask,,,10823779
2026-07-07T12:04:07.585530,2026-07-07T12:04:07.593330+00:00,141.7,12,ask,,,10823784
2026-07-07T12:04:08.370232,2026-07-07T12:04:08.378182+00:00,142.0,12,bid,,,10823792
2026-07-07T12:04:08.588329,2026-07-07T12:04:08.597188+00:00,141.9,200,ask,,,10823796
2026-07-07T12:04:08.877339,2026-07-07T12:04:08.884733+00:00,141.9,11,bid,,,10823807
2026-07-07T12:04:09.584675,2026-07-07T12:04:09.592086+00:00,141.9,200,bid,,,10823821
2026-07-07T12:04:09.641002,2026-07-07T12:04:09.658588+00:00,141.7,12,ask,,,10823822
2026-07-07T12:04:10.025608,2026-07-07T12:04:10.030566+00:00,141.7,12,ask,,,10823829
2026-07-07T12:04:10.182569,2026-07-07T12:04:10.186544+00:00,141.8,11,ask,,,10823836
2026-07-07T12:04:13.039922,2026-07-07T12:04:13.051224+00:00,141.8,20,ask,,,10823882
2026-07-07T12:04:14.112710,2026-07-07T12:04:14.121381+00:00,141.9,500,bid,,,10823897
2026-07-07T12:04:14.433735,2026-07-07T12:04:14.441231+00:00,141.9,125,ask,,,10823899
2026-07-07T12:04:14.653671,2026-07-07T12:04:14.658555+00:00,141.8,11,bid,,,10823901
2026-07-07T12:04:15.645174,2026-07-07T12:04:15.652920+00:00,141.8,200,bid,,,10823921
2026-07-07T12:04:16.855457,2026-07-07T12:04:16.864084+00:00,141.7,200,bid,,,10823933
2026-07-07T12:04:19.366460,2026-07-07T12:04:19.387552+00:00,141.6,200,ask,,,10823974
2026-07-07T12:04:19.382441,2026-07-07T12:04:19.387552+00:00,141.6,12,bid,,,10823976
2026-07-07T12:04:19.574312,2026-07-07T12:04:19.580620+00:00,141.6,12,bid,,,10823981
2026-07-07T12:04:21.091491,2026-07-07T12:04:21.100493+00:00,141.6,6,ask,,,10824011
2026-07-07T12:04:21.432956,2026-07-07T12:04:21.437015+00:00,141.6,12,ask,,,10824016
2026-07-07T12:04:22.987959,2026-07-07T12:04:22.999850+00:00,141.6,20,ask,,,10824048
2026-07-07T12:04:24.567184,2026-07-07T12:04:24.584188+00:00,141.6,20,ask,,,10824076
2026-07-07T12:04:24.632447,2026-07-07T12:04:24.639550+00:00,141.6,12,ask,,,10824077
2026-07-07T12:04:24.792542,2026-07-07T12:04:24.799329+00:00,141.7,20,bid,,,10824079
2026-07-07T12:04:25.148135,2026-07-07T12:04:25.163763+00:00,141.7,12,bid,,,10824091
2026-07-07T12:04:30.731370,2026-07-07T12:04:30.741815+00:00,141.6,6,bid,,,10824170
2026-07-07T12:04:35.178092,2026-07-07T12:04:35.186372+00:00,141.6,200,ask,,,10824235
2026-07-07T12:04:36.500215,2026-07-07T12:04:36.510946+00:00,141.6,200,bid,,,10824253
2026-07-07T12:04:38.678581,2026-07-07T12:04:38.687807+00:00,141.6,200,ask,,,10824294
2026-07-07T12:04:39.142901,2026-07-07T12:04:39.146985+00:00,141.6,12,bid,,,10824309
2026-07-07T12:04:39.886107,2026-07-07T12:04:39.892731+00:00,141.6,200,bid,,,10824313
2026-07-07T12:04:40.944148,2026-07-07T12:04:40.958618+00:00,141.5,20,ask,,,10824332
2026-07-07T12:04:45.067569,2026-07-07T12:04:45.076900+00:00,141.7,12,ask,,,10824395
2026-07-07T12:04:45.703052,2026-07-07T12:04:45.707285+00:00,141.8,12,ask,,,10824413
2026-07-07T12:04:46.142304,2026-07-07T12:04:46.143063+00:00,141.8,500,ask,,,10824422
2026-07-07T12:04:46.737342,2026-07-07T12:04:46.744307+00:00,141.8,113,ask,,,10824430
2026-07-07T12:04:47.009702,2026-07-07T12:04:47.037590+00:00,141.7,200,ask,,,10824438
2026-07-07T12:04:47.032228,2026-07-07T12:04:47.037590+00:00,141.6,12,bid,,,10824440
2026-07-07T12:04:48.106426,2026-07-07T12:04:48.115922+00:00,141.5,12,ask,,,10824462
2026-07-07T12:04:48.389755,2026-07-07T12:04:48.397611+00:00,141.5,200,ask,,,10824474
2026-07-07T12:04:49.599417,2026-07-07T12:04:49.605942+00:00,141.5,200,ask,,,10824486
2026-07-07T12:04:49.724541,2026-07-07T12:04:49.733332+00:00,141.3,20,ask,,,10824495
2026-07-07T12:04:49.928191,2026-07-07T12:04:49.936442+00:00,141.3,12,ask,,,10824501
2026-07-07T12:04:49.932698,2026-07-07T12:04:49.936442+00:00,141.3,23,ask,,,10824502
2026-07-07T12:04:50.826663,2026-07-07T12:04:50.830317+00:00,141.4,12,ask,,,10824517
2026-07-07T12:04:51.949404,2026-07-07T12:04:51.963905+00:00,141.4,12,ask,,,10824542
2026-07-07T12:04:52.020122,2026-07-07T12:04:52.030618+00:00,141.5,200,bid,,,10824543
2026-07-07T12:04:53.230138,2026-07-07T12:04:53.239087+00:00,141.4,200,bid,,,10824560
2026-07-07T12:04:54.023045,2026-07-07T12:04:54.031287+00:00,141.3,500,bid,,,10824574
2026-07-07T12:04:54.439966,2026-07-07T12:04:54.450305+00:00,141.3,125,bid,,,10824582
2026-07-07T12:04:55.200411,2026-07-07T12:04:55.207380+00:00,141.4,20,ask,,,10824614
2026-07-07T12:04:55.277293,2026-07-07T12:04:55.286732+00:00,141.4,12,ask,,,10824617
2026-07-07T12:04:56.033204,2026-07-07T12:04:56.044725+00:00,141.4,12,ask,,,10824630
2026-07-07T12:04:56.060391,2026-07-07T12:04:56.068078+00:00,141.4,20,ask,,,10824631
2026-07-07T12:04:56.269919,2026-07-07T12:04:56.274662+00:00,141.5,22,ask,,,10824639
2026-07-07T12:04:56.281704,2026-07-07T12:04:56.289914+00:00,141.5,25,ask,,,10824640
2026-07-07T12:04:56.509812,2026-07-07T12:04:56.516380+00:00,141.5,25,ask,,,10824646
2026-07-07T12:04:56.570855,2026-07-07T12:04:56.578939+00:00,141.5,12,ask,,,10824649
2026-07-07T12:04:56.730739,2026-07-07T12:04:56.742270+00:00,141.5,25,ask,,,10824650
2026-07-07T12:04:56.952166,2026-07-07T12:04:56.954050+00:00,141.7,1,bid,,,10824656
2026-07-07T12:04:59.297525,2026-07-07T12:04:59.301798+00:00,141.5,11,bid,,,10824697
2026-07-07T12:05:00.173974,2026-07-07T12:05:00.182171+00:00,141.5,189,bid,,,10824723
2026-07-07T12:05:00.362873,2026-07-07T12:05:00.379830+00:00,141.5,11,ask,,,10824725
2026-07-07T12:05:00.487361,2026-07-07T12:05:00.497138+00:00,141.5,200,ask,,,10824726
2026-07-07T12:05:00.668957,2026-07-07T12:05:00.679506+00:00,141.5,20,ask,,,10824736
2026-07-07T12:05:01.511665,2026-07-07T12:05:01.516425+00:00,141.4,11,bid,,,10824750
2026-07-07T12:05:02.016409,2026-07-07T12:05:02.023733+00:00,141.4,20,bid,,,10824756
2026-07-07T12:05:02.555865,2026-07-07T12:05:02.567592+00:00,141.3,20,ask,,,10824768
2026-07-07T12:05:02.589599,2026-07-07T12:05:02.593759+00:00,141.3,11,ask,,,10824771
2026-07-07T12:05:02.804855,2026-07-07T12:05:02.814154+00:00,141.3,169,ask,,,10824774
2026-07-07T12:05:02.804855,2026-07-07T12:05:02.814154+00:00,141.2,456,ask,,,10824775
2026-07-07T12:05:03.200018,2026-07-07T12:05:03.207723+00:00,141.2,13,ask,,,10824794
2026-07-07T12:05:04.127423,2026-07-07T12:05:04.135852+00:00,141.4,200,ask,,,10824801
2026-07-07T12:05:04.131309,2026-07-07T12:05:04.135852+00:00,141.4,11,ask,,,10824802
2026-07-07T12:05:04.195588,2026-07-07T12:05:04.201888+00:00,141.4,25,ask,,,10824803
2026-07-07T12:05:04.416990,2026-07-07T12:05:04.423657+00:00,141.4,25,ask,,,10824813
2026-07-07T12:05:04.647109,2026-07-07T12:05:04.658562+00:00,141.4,25,ask,,,10824818
2026-07-07T12:05:04.656450,2026-07-07T12:05:04.663607+00:00,141.6,9,bid,,,10824820
2026-07-07T12:05:05.336730,2026-07-07T12:05:05.343901+00:00,141.4,200,ask,,,10824829
2026-07-07T12:05:05.426514,2026-07-07T12:05:05.436897+00:00,141.4,500,ask,,,10824834
2026-07-07T12:05:05.442818,2026-07-07T12:05:05.446719+00:00,141.3,11,bid,,,10824836
2026-07-07T12:05:05.483952,2026-07-07T12:05:05.492364+00:00,141.2,11,ask,,,10824837
2026-07-07T12:05:05.535683,2026-07-07T12:05:05.545145+00:00,141.3,114,bid,,,10824838
2026-07-07T12:05:05.738893,2026-07-07T12:05:05.748966+00:00,142.3,12,bid,,,10824843
2026-07-07T12:05:06.517214,2026-07-07T12:05:06.528856+00:00,142.3,12,bid,,,10824859
2026-07-07T12:05:06.565469,2026-07-07T12:05:06.569855+00:00,141.7,23,bid,,,10824861
2026-07-07T12:05:06.666925,2026-07-07T12:05:06.674825+00:00,141.7,25,bid,,,10824864
2026-07-07T12:05:06.672102,2026-07-07T12:05:06.680216+00:00,141.5,14,ask,,,10824865
2026-07-07T12:05:06.775875,2026-07-07T12:05:06.784855+00:00,141.6,500,ask,,,10824871
2026-07-07T12:05:07.348089,2026-07-07T12:05:07.397406+00:00,141.6,125,bid,,,10824878
2026-07-07T12:05:07.392511,2026-07-07T12:05:07.397406+00:00,141.6,12,ask,,,10824881
2026-07-07T12:05:07.526346,2026-07-07T12:05:07.535556+00:00,141.7,12,bid,,,10824883
2026-07-07T12:05:08.084583,2026-07-07T12:05:08.093197+00:00,141.7,200,bid,,,10824895
2026-07-07T12:05:08.581612,2026-07-07T12:05:08.590072+00:00,142.0,12,bid,,,10824906
2026-07-07T12:05:10.225630,2026-07-07T12:05:10.233084+00:00,141.8,20,bid,,,10824929
2026-07-07T12:05:10.602908,2026-07-07T12:05:10.613061+00:00,141.8,12,bid,,,10824934
2026-07-07T12:05:10.727582,2026-07-07T12:05:10.731824+00:00,141.7,12,bid,,,10824940
2026-07-07T12:05:10.874672,2026-07-07T12:05:10.885125+00:00,141.7,25,bid,,,10824946
2026-07-07T12:05:11.097050,2026-07-07T12:05:11.108159+00:00,141.7,25,bid,,,10824953
2026-07-07T12:05:11.320217,2026-07-07T12:05:11.330351+00:00,141.7,25,bid,,,10824957
2026-07-07T12:05:11.324803,2026-07-07T12:05:11.335792+00:00,141.6,19,ask,,,10824958
2026-07-07T12:05:11.871271,2026-07-07T12:05:11.888366+00:00,141.6,12,ask,,,10824964
2026-07-07T12:05:12.021078,2026-07-07T12:05:12.027777+00:00,141.6,188,ask,,,10824971
2026-07-07T12:05:12.865295,2026-07-07T12:05:12.873438+00:00,141.6,20,bid,,,10824983
2026-07-07T12:05:13.813149,2026-07-07T12:05:13.821475+00:00,141.6,200,ask,,,10824994
2026-07-07T12:05:15.817390,2026-07-07T12:05:15.826223+00:00,141.7,200,bid,,,10825029
2026-07-07T12:05:16.609461,2026-07-07T12:05:16.621248+00:00,141.7,20,ask,,,10825046
2026-07-07T12:05:17.147820,2026-07-07T12:05:17.158569+00:00,141.9,12,bid,,,10825058
2026-07-07T12:05:17.261504,2026-07-07T12:05:17.270043+00:00,141.9,200,bid,,,10825062
2026-07-07T12:05:18.643997,2026-07-07T12:05:18.651726+00:00,142.0,200,bid,,,10825080
2026-07-07T12:05:21.205510,2026-07-07T12:05:21.213458+00:00,142.0,200,bid,,,10825119
2026-07-07T12:05:21.338989,2026-07-07T12:05:21.345457+00:00,142.2,20,bid,,,10825124
2026-07-07T12:05:21.525017,2026-07-07T12:05:21.529302+00:00,142.2,11,bid,,,10825130
2026-07-07T12:05:21.558959,2026-07-07T12:05:21.566098+00:00,142.2,21,bid,,,10825132
2026-07-07T12:05:21.563551,2026-07-07T12:05:21.571521+00:00,142.2,20,bid,,,10825133
2026-07-07T12:05:22.288318,2026-07-07T12:05:22.291942+00:00,142.1,12,bid,,,10825138
2026-07-07T12:05:23.854564,2026-07-07T12:05:23.858716+00:00,142.0,11,bid,,,10825167
2026-07-07T12:05:24.739540,2026-07-07T12:05:24.743335+00:00,141.9,11,ask,,,10825177
2026-07-07T12:05:25.990631,2026-07-07T12:05:25.999984+00:00,142.0,12,bid,,,10825198
2026-07-07T12:05:27.120025,2026-07-07T12:05:27.124114+00:00,142.0,12,ask,,,10825206
2026-07-07T12:05:27.910496,2026-07-07T12:05:27.914533+00:00,142.1,23,bid,,,10825227
2026-07-07T12:05:28.091204,2026-07-07T12:05:28.099658+00:00,142.1,12,bid,,,10825233
2026-07-07T12:05:28.316655,2026-07-07T12:05:28.328294+00:00,142.1,200,bid,,,10825237
2026-07-07T12:05:29.858957,2026-07-07T12:05:29.869592+00:00,142.1,12,bid,,,10825260
2026-07-07T12:05:30.752905,2026-07-07T12:05:30.756972+00:00,142.0,3,bid,,,10825275
2026-07-07T12:05:31.095633,2026-07-07T12:05:31.100603+00:00,141.9,3,ask,,,10825288
2026-07-07T12:05:31.895993,2026-07-07T12:05:31.905051+00:00,142.0,3,bid,,,10825300
2026-07-07T12:05:34.433035,2026-07-07T12:05:34.442061+00:00,141.8,12,bid,,,10825342
2026-07-07T12:05:35.585102,2026-07-07T12:05:35.593136+00:00,141.8,200,bid,,,10825354
2026-07-07T12:05:35.714773,2026-07-07T12:05:35.722697+00:00,141.9,12,bid,,,10825359
2026-07-07T12:05:37.665923,2026-07-07T12:05:37.674776+00:00,142.0,20,bid,,,10825382
2026-07-07T12:05:40.498063,2026-07-07T12:05:40.507890+00:00,141.9,8,bid,,,10825427
2026-07-07T12:05:40.587067,2026-07-07T12:05:40.591147+00:00,141.8,34,ask,,,10825432
2026-07-07T12:05:40.759994,2026-07-07T12:05:40.770623+00:00,141.8,12,ask,,,10825437
2026-07-07T12:05:40.909027,2026-07-07T12:05:40.917453+00:00,141.8,154,ask,,,10825441
2026-07-07T12:05:41.023717,2026-07-07T12:05:41.034858+00:00,141.7,12,bid,,,10825443
2026-07-07T12:05:41.634173,2026-07-07T12:05:41.644194+00:00,141.7,200,bid,,,10825455
2026-07-07T12:05:45.260866,2026-07-07T12:05:45.269042+00:00,141.6,200,ask,,,10825512
2026-07-07T12:05:46.487733,2026-07-07T12:05:46.491839+00:00,141.6,11,bid,,,10825533
2026-07-07T12:05:47.474319,2026-07-07T12:05:47.484138+00:00,141.6,189,bid,,,10825548
2026-07-07T12:05:47.942355,2026-07-07T12:05:47.954056+00:00,141.8,20,bid,,,10825552
2026-07-07T12:05:48.320963,2026-07-07T12:05:48.332659+00:00,141.8,20,bid,,,10825554
2026-07-07T12:05:48.907930,2026-07-07T12:05:48.911772+00:00,141.7,11,ask,,,10825571
2026-07-07T12:05:50.087942,2026-07-07T12:05:50.099605+00:00,141.7,12,ask,,,10825587
2026-07-07T12:05:52.490390,2026-07-07T12:05:52.502601+00:00,141.9,20,bid,,,10825624
2026-07-07T12:05:53.051968,2026-07-07T12:05:53.058556+00:00,141.8,20,ask,,,10825637
2026-07-07T12:05:54.952226,2026-07-07T12:05:54.958592+00:00,141.8,200,ask,,,10825681
2026-07-07T12:05:55.114885,2026-07-07T12:05:55.122264+00:00,141.8,12,ask,,,10825685
2026-07-07T12:05:58.658062,2026-07-07T12:05:58.669769+00:00,141.6,12,ask,,,10825738
2026-07-07T12:05:59.414961,2026-07-07T12:05:59.426895+00:00,141.7,12,bid,,,10825753
2026-07-07T12:05:59.559366,2026-07-07T12:05:59.563181+00:00,141.7,11,bid,,,10825758
2026-07-07T12:05:59.718895,2026-07-07T12:05:59.726298+00:00,141.7,20,bid,,,10825761
2026-07-07T12:05:59.792814,2026-07-07T12:05:59.802625+00:00,141.6,200,ask,,,10825763
2026-07-07T12:06:04.637397,2026-07-07T12:06:04.648250+00:00,141.9,200,bid,,,10825843
2026-07-07T12:06:05.847197,2026-07-07T12:06:05.858646+00:00,141.9,200,bid,,,10825863
2026-07-07T12:06:07.190248,2026-07-07T12:06:07.197366+00:00,142.0,200,ask,,,10825881
2026-07-07T12:06:07.724707,2026-07-07T12:06:07.732866+00:00,141.7,12,ask,,,10825897
2026-07-07T12:06:10.020046,2026-07-07T12:06:10.031846+00:00,142.1,12,bid,,,10825936
2026-07-07T12:06:11.566019,2026-07-07T12:06:11.579240+00:00,142.0,200,ask,,,10825956
2026-07-07T12:06:11.566019,2026-07-07T12:06:11.579240+00:00,142.0,300,ask,,,10825957
2026-07-07T12:06:14.078536,2026-07-07T12:06:14.085609+00:00,141.9,12,ask,,,10826011
2026-07-07T12:06:14.347008,2026-07-07T12:06:14.356408+00:00,142.0,200,bid,,,10826014
2026-07-07T12:06:18.354409,2026-07-07T12:06:18.366649+00:00,141.8,12,ask,,,10826085
2026-07-07T12:06:18.395659,2026-07-07T12:06:18.406232+00:00,141.8,20,ask,,,10826086
2026-07-07T12:06:18.864741,2026-07-07T12:06:18.873988+00:00,141.8,20,ask,,,10826094
2026-07-07T12:06:18.935182,2026-07-07T12:06:18.946870+00:00,141.8,20,ask,,,10826100
2026-07-07T12:06:19.021950,2026-07-07T12:06:19.026317+00:00,141.9,11,ask,,,10826106
2026-07-07T12:06:19.208107,2026-07-07T12:06:19.216718+00:00,141.9,200,ask,,,10826109
2026-07-07T12:06:21.446426,2026-07-07T12:06:21.452910+00:00,141.9,20,bid,,,10826135
2026-07-07T12:06:22.680161,2026-07-07T12:06:22.691963+00:00,141.8,12,ask,,,10826150
2026-07-07T12:06:22.838618,2026-07-07T12:06:22.845636+00:00,141.9,200,bid,,,10826151
2026-07-07T12:06:22.980675,2026-07-07T12:06:22.984751+00:00,141.8,23,ask,,,10826155
2026-07-07T12:06:23.084217,2026-07-07T12:06:23.088203+00:00,141.9,11,ask,,,10826157
2026-07-07T12:06:23.172342,2026-07-07T12:06:23.179779+00:00,141.9,25,ask,,,10826160
2026-07-07T12:06:23.183496,2026-07-07T12:06:23.190258+00:00,141.9,20,ask,,,10826162
2026-07-07T12:06:24.263252,2026-07-07T12:06:24.269890+00:00,141.9,500,ask,,,10826180
2026-07-07T12:06:24.263252,2026-07-07T12:06:24.275339+00:00,141.8,125,ask,,,10826181
2026-07-07T12:06:24.483422,2026-07-07T12:06:24.493689+00:00,142.0,12,ask,,,10826190
2026-07-07T12:06:24.489639,2026-07-07T12:06:24.498942+00:00,142.0,20,ask,,,10826191
2026-07-07T12:06:24.704487,2026-07-07T12:06:24.713455+00:00,142.0,20,ask,,,10826195
2026-07-07T12:06:24.748597,2026-07-07T12:06:24.744913+00:00,142.0,12,ask,,,10826196
2026-07-07T12:06:25.264007,2026-07-07T12:06:25.273035+00:00,142.0,200,ask,,,10826201
2026-07-07T12:06:25.765563,2026-07-07T12:06:25.772315+00:00,142.1,12,ask,,,10826214
2026-07-07T12:06:26.474181,2026-07-07T12:06:26.485127+00:00,142.1,200,ask,,,10826223
2026-07-07T12:06:28.208299,2026-07-07T12:06:28.217982+00:00,142.2,200,bid,,,10826239
2026-07-07T12:06:30.840735,2026-07-07T12:06:30.848729+00:00,142.2,200,ask,,,10826273
2026-07-07T12:06:32.236726,2026-07-07T12:06:32.247896+00:00,142.1,12,ask,,,10826290
2026-07-07T12:06:32.993031,2026-07-07T12:06:33.004844+00:00,142.1,12,ask,,,10826299
2026-07-07T12:06:34.376245,2026-07-07T12:06:34.392152+00:00,142.3,11,bid,,,10826323
2026-07-07T12:06:34.792659,2026-07-07T12:06:34.801882+00:00,142.3,189,bid,,,10826332
2026-07-07T12:06:35.785599,2026-07-07T12:06:35.794358+00:00,142.4,436,ask,,,10826357
2026-07-07T12:06:36.143564,2026-07-07T12:06:36.150447+00:00,142.3,200,bid,,,10826361
2026-07-07T12:06:36.223839,2026-07-07T12:06:36.233015+00:00,142.3,20,bid,,,10826362
2026-07-07T12:06:37.332213,2026-07-07T12:06:37.343858+00:00,142.3,12,bid,,,10826378
2026-07-07T12:06:38.830780,2026-07-07T12:06:38.837814+00:00,142.3,200,ask,,,10826394
2026-07-07T12:06:39.430676,2026-07-07T12:06:39.439688+00:00,142.2,500,ask,,,10826403
2026-07-07T12:06:40.025425,2026-07-07T12:06:40.032399+00:00,142.2,125,ask,,,10826415
2026-07-07T12:06:40.071448,2026-07-07T12:06:40.075660+00:00,142.1,10,bid,,,10826417
2026-07-07T12:06:40.098981,2026-07-07T12:06:40.106686+00:00,142.0,10,ask,,,10826419
2026-07-07T12:06:41.654365,2026-07-07T12:06:41.658613+00:00,142.1,12,bid,,,10826439
2026-07-07T12:06:42.692048,2026-07-07T12:06:42.702378+00:00,142.0,200,ask,,,10826464
2026-07-07T12:06:43.399925,2026-07-07T12:06:43.409288+00:00,142.0,200,bid,,,10826476
2026-07-07T12:06:44.003050,2026-07-07T12:06:44.012798+00:00,142.1,500,bid,,,10826484
2026-07-07T12:06:44.003050,2026-07-07T12:06:44.012798+00:00,142.2,125,bid,,,10826485
2026-07-07T12:06:44.231578,2026-07-07T12:06:44.239456+00:00,142.2,20,bid,,,10826494
2026-07-07T12:06:45.965901,2026-07-07T12:06:45.974462+00:00,142.1,12,bid,,,10826516
2026-07-07T12:06:47.485275,2026-07-07T12:06:47.496240+00:00,142.1,12,bid,,,10826544
2026-07-07T12:06:47.912677,2026-07-07T12:06:47.921203+00:00,142.0,200,ask,,,10826551
2026-07-07T12:06:47.941180,2026-07-07T12:06:47.958562+00:00,142.0,300,bid,,,10826553
2026-07-07T12:06:47.992430,2026-07-07T12:06:48.001341+00:00,142.2,12,bid,,,10826556
2026-07-07T12:06:48.533841,2026-07-07T12:06:48.541408+00:00,142.0,325,ask,,,10826566
2026-07-07T12:06:48.533841,2026-07-07T12:06:48.546418+00:00,142.0,175,ask,,,10826567
2026-07-07T12:06:49.143134,2026-07-07T12:06:49.163749+00:00,142.0,25,ask,,,10826573
2026-07-07T12:06:49.173680,2026-07-07T12:06:49.177772+00:00,142.0,1,bid,,,10826579
2026-07-07T12:06:49.272934,2026-07-07T12:06:49.276528+00:00,141.9,12,bid,,,10826585
2026-07-07T12:06:49.549721,2026-07-07T12:06:49.560632+00:00,141.7,20,ask,,,10826590
2026-07-07T12:06:51.874427,2026-07-07T12:06:51.885806+00:00,141.8,200,ask,,,10826647
2026-07-07T12:06:52.305939,2026-07-07T12:06:52.317719+00:00,141.8,12,bid,,,10826656
2026-07-07T12:06:57.856055,2026-07-07T12:06:57.867836+00:00,142.2,12,bid,,,10826757
2026-07-07T12:06:57.933650,2026-07-07T12:06:57.942965+00:00,142.2,200,bid,,,10826760
2026-07-07T12:07:00.389206,2026-07-07T12:07:00.396359+00:00,142.1,12,ask,,,10826798
2026-07-07T12:07:00.534822,2026-07-07T12:07:00.542111+00:00,142.1,20,ask,,,10826803
2026-07-07T12:07:00.671788,2026-07-07T12:07:00.681010+00:00,142.1,12,ask,,,10826807
2026-07-07T12:07:00.751926,2026-07-07T12:07:00.759850+00:00,142.1,20,ask,,,10826809
2026-07-07T12:07:01.096174,2026-07-07T12:07:01.105802+00:00,142.1,200,ask,,,10826817
2026-07-07T12:07:01.564523,2026-07-07T12:07:01.574758+00:00,142.0,200,bid,,,10826826
2026-07-07T12:07:02.407001,2026-07-07T12:07:02.418807+00:00,142.0,500,bid,,,10826833
2026-07-07T12:07:02.467557,2026-07-07T12:07:02.474302+00:00,142.0,125,ask,,,10826836
2026-07-07T12:07:02.775005,2026-07-07T12:07:02.783097+00:00,141.9,200,bid,,,10826843
2026-07-07T12:07:02.959168,2026-07-07T12:07:02.970950+00:00,141.1,12,ask,,,10826846
2026-07-07T12:07:03.742981,2026-07-07T12:07:03.763507+00:00,141.7,34,ask,,,10826858
2026-07-07T12:07:03.791062,2026-07-07T12:07:03.800218+00:00,141.7,4,ask,,,10826860
2026-07-07T12:07:03.983984,2026-07-07T12:07:03.992257+00:00,141.9,200,bid,,,10826863
2026-07-07T12:07:04.221718,2026-07-07T12:07:04.232239+00:00,141.7,25,ask,,,10826868
2026-07-07T12:07:04.441980,2026-07-07T12:07:04.450633+00:00,141.7,25,ask,,,10826873
2026-07-07T12:07:04.664418,2026-07-07T12:07:04.674943+00:00,141.7,5,ask,,,10826879
2026-07-07T12:07:05.060593,2026-07-07T12:07:05.068968+00:00,141.7,8,ask,,,10826884
2026-07-07T12:07:05.194125,2026-07-07T12:07:05.203621+00:00,141.9,200,bid,,,10826888
2026-07-07T12:07:06.068513,2026-07-07T12:07:06.072797+00:00,141.9,22,bid,,,10826903
2026-07-07T12:07:06.109159,2026-07-07T12:07:06.119972+00:00,141.9,12,bid,,,10826904
2026-07-07T12:07:06.476225,2026-07-07T12:07:06.484608+00:00,142.0,20,bid,,,10826915
2026-07-07T12:07:10.037570,2026-07-07T12:07:10.047211+00:00,141.9,200,bid,,,10826965
2026-07-07T12:07:10.269968,2026-07-07T12:07:10.277647+00:00,141.9,500,bid,,,10826967
2026-07-07T12:07:10.291559,2026-07-07T12:07:10.295523+00:00,141.9,11,ask,,,10826969
2026-07-07T12:07:10.345796,2026-07-07T12:07:10.352513+00:00,141.9,114,ask,,,10826972
2026-07-07T12:07:11.151671,2026-07-07T12:07:11.158613+00:00,141.0,12,ask,,,10826991
2026-07-07T12:07:11.247601,2026-07-07T12:07:11.255988+00:00,141.8,200,bid,,,10826992
2026-07-07T12:07:13.437969,2026-07-07T12:07:13.449829+00:00,141.8,12,bid,,,10827034
2026-07-07T12:07:17.299651,2026-07-07T12:07:17.311147+00:00,141.5,200,ask,,,10827095
2026-07-07T12:07:17.340165,2026-07-07T12:07:17.348442+00:00,141.8,20,bid,,,10827097
2026-07-07T12:07:18.129476,2026-07-07T12:07:18.136868+00:00,141.7,500,ask,,,10827116
2026-07-07T12:07:18.148599,2026-07-07T12:07:18.153020+00:00,141.4,12,bid,,,10827118
2026-07-07T12:07:18.190190,2026-07-07T12:07:18.198223+00:00,141.4,113,bid,,,10827119
2026-07-07T12:07:18.227586,2026-07-07T12:07:18.234616+00:00,141.6,12,ask,,,10827120
2026-07-07T12:07:18.507822,2026-07-07T12:07:18.515357+00:00,141.6,200,ask,,,10827126
2026-07-07T12:07:18.747573,2026-07-07T12:07:18.755861+00:00,142.4,12,bid,,,10827132
2026-07-07T12:07:19.481231,2026-07-07T12:07:19.485427+00:00,141.7,34,bid,,,10827148
2026-07-07T12:07:19.532875,2026-07-07T12:07:19.542677+00:00,141.7,25,bid,,,10827153
2026-07-07T12:07:19.541563,2026-07-07T12:07:19.548146+00:00,141.6,21,ask,,,10827155
2026-07-07T12:07:19.548857,2026-07-07T12:07:19.558710+00:00,141.7,12,bid,,,10827156
2026-07-07T12:07:19.716889,2026-07-07T12:07:19.723974+00:00,141.6,200,ask,,,10827160
2026-07-07T12:07:20.102308,2026-07-07T12:07:20.113762+00:00,141.5,20,ask,,,10827162
2026-07-07T12:07:20.666854,2026-07-07T12:07:20.670957+00:00,141.6,12,ask,,,10827171
2026-07-07T12:07:20.822899,2026-07-07T12:07:20.833369+00:00,141.7,12,bid,,,10827177
2026-07-07T12:07:20.926421,2026-07-07T12:07:20.959213+00:00,141.6,200,ask,,,10827178
2026-07-07T12:07:21.693358,2026-07-07T12:07:21.700638+00:00,141.7,20,bid,,,10827190
2026-07-07T12:07:21.822542,2026-07-07T12:07:21.829111+00:00,141.7,12,bid,,,10827195
2026-07-07T12:07:21.939958,2026-07-07T12:07:21.943949+00:00,141.6,11,ask,,,10827202
2026-07-07T12:07:22.137916,2026-07-07T12:07:22.148341+00:00,141.6,200,ask,,,10827211
2026-07-07T12:07:23.350494,2026-07-07T12:07:23.358935+00:00,141.6,200,ask,,,10827218
2026-07-07T12:07:23.833910,2026-07-07T12:07:23.841438+00:00,141.6,12,ask,,,10827228
2026-07-07T12:07:24.560002,2026-07-07T12:07:24.569937+00:00,141.6,200,ask,,,10827235
2026-07-07T12:07:24.704414,2026-07-07T12:07:24.715306+00:00,141.6,300,ask,,,10827240
2026-07-07T12:07:24.889954,2026-07-07T12:07:24.897807+00:00,141.6,325,bid,,,10827246
2026-07-07T12:07:25.107986,2026-07-07T12:07:25.115468+00:00,142.5,12,bid,,,10827251
2026-07-07T12:07:25.634794,2026-07-07T12:07:25.641494+00:00,142.4,12,bid,,,10827254
2026-07-07T12:07:25.797400,2026-07-07T12:07:25.801891+00:00,141.7,37,bid,,,10827258
2026-07-07T12:07:25.883146,2026-07-07T12:07:25.890631+00:00,141.7,25,bid,,,10827262
2026-07-07T12:07:25.888645,2026-07-07T12:07:25.895816+00:00,141.7,7,bid,,,10827263
2026-07-07T12:07:25.892467,2026-07-07T12:07:25.900847+00:00,141.6,12,ask,,,10827264
2026-07-07T12:07:25.916132,2026-07-07T12:07:25.920759+00:00,141.6,3,ask,,,10827266
2026-07-07T12:07:26.013825,2026-07-07T12:07:26.033720+00:00,141.7,131,bid,,,10827270
2026-07-07T12:07:26.029873,2026-07-07T12:07:26.033720+00:00,141.7,11,ask,,,10827272
2026-07-07T12:07:26.143521,2026-07-07T12:07:26.150512+00:00,141.9,14,bid,,,10827275
2026-07-07T12:07:26.721419,2026-07-07T12:07:26.732190+00:00,141.7,20,ask,,,10827283
2026-07-07T12:07:27.350000,2026-07-07T12:07:27.355615+00:00,141.7,200,ask,,,10827289
2026-07-07T12:07:27.450955,2026-07-07T12:07:27.458610+00:00,141.6,25,bid,,,10827292
2026-07-07T12:07:27.674707,2026-07-07T12:07:27.682957+00:00,141.6,25,bid,,,10827295
2026-07-07T12:07:27.925792,2026-07-07T12:07:27.934975+00:00,141.6,25,bid,,,10827299
2026-07-07T12:07:27.931499,2026-07-07T12:07:27.939945+00:00,141.4,17,ask,,,10827300
2026-07-07T12:07:27.961199,2026-07-07T12:07:27.972624+00:00,141.6,12,bid,,,10827303
2026-07-07T12:07:28.151588,2026-07-07T12:07:28.169230+00:00,141.6,20,bid,,,10827312
2026-07-07T12:07:28.191093,2026-07-07T12:07:28.200342+00:00,141.6,200,bid,,,10827318
2026-07-07T12:07:28.266654,2026-07-07T12:07:28.271334+00:00,141.4,12,ask,,,10827321
2026-07-07T12:07:28.476591,2026-07-07T12:07:28.483942+00:00,141.4,12,ask,,,10827325
2026-07-07T12:07:28.674957,2026-07-07T12:07:28.679775+00:00,141.6,23,ask,,,10827331
2026-07-07T12:07:28.747931,2026-07-07T12:07:28.758784+00:00,141.6,12,ask,,,10827334
2026-07-07T12:07:30.085958,2026-07-07T12:07:30.094830+00:00,141.5,20,ask,,,10827354
2026-07-07T12:07:30.265973,2026-07-07T12:07:30.277773+00:00,141.7,12,bid,,,10827355
2026-07-07T12:07:31.157084,2026-07-07T12:07:31.168963+00:00,141.8,20,bid,,,10827373
2026-07-07T12:07:31.191506,2026-07-07T12:07:31.203889+00:00,141.5,20,ask,,,10827375
2026-07-07T12:07:31.284688,2026-07-07T12:07:31.294948+00:00,141.6,12,ask,,,10827379
2026-07-07T12:07:31.385440,2026-07-07T12:07:31.419492+00:00,141.8,12,bid,,,10827384
2026-07-07T12:07:31.857876,2026-07-07T12:07:31.861789+00:00,141.7,11,bid,,,10827394
2026-07-07T12:07:31.866889,2026-07-07T12:07:31.877423+00:00,141.7,25,bid,,,10827396
2026-07-07T12:07:32.087897,2026-07-07T12:07:32.094357+00:00,141.7,25,bid,,,10827404
2026-07-07T12:07:32.302752,2026-07-07T12:07:32.305739+00:00,141.7,10,bid,,,10827414
2026-07-07T12:07:32.346752,2026-07-07T12:07:32.354052+00:00,141.7,12,bid,,,10827415
2026-07-07T12:07:32.590477,2026-07-07T12:07:32.600292+00:00,141.7,117,bid,,,10827422
2026-07-07T12:07:33.049936,2026-07-07T12:07:33.058590+00:00,141.8,200,ask,,,10827426
2026-07-07T12:07:34.259757,2026-07-07T12:07:34.270989+00:00,141.7,200,ask,,,10827442
2026-07-07T12:07:36.521774,2026-07-07T12:07:36.528445+00:00,141.8,200,ask,,,10827486
2026-07-07T12:07:37.474585,2026-07-07T12:07:37.486270+00:00,141.8,20,bid,,,10827497
2026-07-07T12:07:37.831798,2026-07-07T12:07:37.843463+00:00,141.8,500,bid,,,10827505
2026-07-07T12:07:37.888136,2026-07-07T12:07:37.895176+00:00,141.8,125,ask,,,10827506
2026-07-07T12:07:40.082876,2026-07-07T12:07:40.094929+00:00,141.7,12,bid,,,10827537
2026-07-07T12:07:40.649475,2026-07-07T12:07:40.653421+00:00,141.6,12,bid,,,10827553
2026-07-07T12:07:40.862974,2026-07-07T12:07:40.871422+00:00,141.4,12,ask,,,10827558
2026-07-07T12:07:40.922463,2026-07-07T12:07:40.926738+00:00,141.4,12,ask,,,10827560
2026-07-07T12:07:41.659816,2026-07-07T12:07:41.671386+00:00,141.4,20,ask,,,10827564
2026-07-07T12:07:42.730115,2026-07-07T12:07:42.738239+00:00,141.5,200,bid,,,10827576
2026-07-07T12:07:43.067883,2026-07-07T12:07:43.077981+00:00,141.4,500,ask,,,10827581
2026-07-07T12:07:45.154847,2026-07-07T12:07:45.158639+00:00,141.5,200,bid,,,10827623
2026-07-07T12:07:47.176572,2026-07-07T12:07:47.185698+00:00,141.4,12,ask,,,10827657
2026-07-07T12:07:47.226688,2026-07-07T12:07:47.237382+00:00,141.4,20,ask,,,10827658
2026-07-07T12:07:48.771578,2026-07-07T12:07:48.779651+00:00,141.4,20,ask,,,10827683
2026-07-07T12:07:50.716295,2026-07-07T12:07:50.723412+00:00,141.2,20,ask,,,10827710
2026-07-07T12:07:50.762739,2026-07-07T12:07:50.774642+00:00,141.2,12,ask,,,10827711
2026-07-07T12:07:50.952671,2026-07-07T12:07:50.958623+00:00,141.2,168,ask,,,10827714
2026-07-07T12:07:51.208679,2026-07-07T12:07:51.217481+00:00,141.1,200,bid,,,10827720
2026-07-07T12:07:52.276723,2026-07-07T12:07:52.281102+00:00,141.1,11,ask,,,10827737
2026-07-07T12:07:53.636088,2026-07-07T12:07:53.644830+00:00,141.1,200,ask,,,10827761
2026-07-07T12:07:55.077346,2026-07-07T12:07:55.088218+00:00,141.0,12,ask,,,10827788
2026-07-07T12:07:57.518636,2026-07-07T12:07:57.528095+00:00,141.0,200,ask,,,10827834
2026-07-07T12:07:59.700146,2026-07-07T12:07:59.709674+00:00,140.9,200,ask,,,10827872
2026-07-07T12:08:00.910121,2026-07-07T12:08:00.916826+00:00,140.9,200,ask,,,10827887
2026-07-07T12:08:01.141747,2026-07-07T12:08:01.163952+00:00,141.2,12,bid,,,10827890
2026-07-07T12:08:02.120256,2026-07-07T12:08:02.136433+00:00,140.9,200,ask,,,10827904
2026-07-07T12:08:02.246747,2026-07-07T12:08:02.254357+00:00,141.2,20,bid,,,10827907
2026-07-07T12:08:03.944179,2026-07-07T12:08:03.958586+00:00,141.0,12,bid,,,10827931
2026-07-07T12:08:04.072168,2026-07-07T12:08:04.082276+00:00,140.9,500,ask,,,10827942
2026-07-07T12:08:04.091009,2026-07-07T12:08:04.094994+00:00,140.9,11,bid,,,10827944
2026-07-07T12:08:04.241726,2026-07-07T12:08:04.249761+00:00,140.9,114,bid,,,10827945
2026-07-07T12:08:04.540993,2026-07-07T12:08:04.548933+00:00,140.9,200,ask,,,10827948
2026-07-07T12:08:06.038743,2026-07-07T12:08:06.045777+00:00,141.0,20,bid,,,10827962
2026-07-07T12:08:06.261765,2026-07-07T12:08:06.273622+00:00,141.0,12,bid,,,10827969
2026-07-07T12:08:07.662527,2026-07-07T12:08:07.675066+00:00,141.0,20,bid,,,10827984
2026-07-07T12:08:08.282770,2026-07-07T12:08:08.294776+00:00,141.1,12,bid,,,10827992
2026-07-07T12:08:09.385209,2026-07-07T12:08:09.393963+00:00,140.9,200,ask,,,10828017
2026-07-07T12:08:09.830493,2026-07-07T12:08:09.838249+00:00,140.9,20,ask,,,10828027
2026-07-07T12:08:10.595355,2026-07-07T12:08:10.602031+00:00,140.9,200,ask,,,10828040
2026-07-07T12:08:10.628399,2026-07-07T12:08:10.639648+00:00,140.9,500,ask,,,10828041
2026-07-07T12:08:10.904957,2026-07-07T12:08:10.912767+00:00,140.8,125,bid,,,10828050
2026-07-07T12:08:11.804935,2026-07-07T12:08:11.812278+00:00,140.9,200,ask,,,10828059
2026-07-07T12:08:12.404228,2026-07-07T12:08:12.411070+00:00,141.1,12,bid,,,10828067
2026-07-07T12:08:12.520737,2026-07-07T12:08:12.524857+00:00,141.1,12,bid,,,10828072
2026-07-07T12:08:12.564980,2026-07-07T12:08:12.572834+00:00,141.1,25,bid,,,10828074
2026-07-07T12:08:12.572540,2026-07-07T12:08:12.583598+00:00,141.1,20,bid,,,10828076
2026-07-07T12:08:12.674917,2026-07-07T12:08:12.681448+00:00,140.9,9,ask,,,10828080
2026-07-07T12:08:12.808582,2026-07-07T12:08:12.818017+00:00,141.1,15,bid,,,10828083
2026-07-07T12:08:13.014965,2026-07-07T12:08:13.026422+00:00,140.9,200,ask,,,10828084
2026-07-07T12:08:13.446883,2026-07-07T12:08:13.458581+00:00,141.2,12,bid,,,10828090
2026-07-07T12:08:14.569389,2026-07-07T12:08:14.580594+00:00,141.1,200,bid,,,10828105
2026-07-07T12:08:14.721238,2026-07-07T12:08:14.729876+00:00,141.3,12,bid,,,10828109
2026-07-07T12:08:15.430866,2026-07-07T12:08:15.439919+00:00,141.1,200,ask,,,10828121
2026-07-07T12:08:17.482518,2026-07-07T12:08:17.494280+00:00,141.2,12,bid,,,10828154
2026-07-07T12:08:17.568053,2026-07-07T12:08:17.579609+00:00,141.2,188,bid,,,10828155
2026-07-07T12:08:18.452428,2026-07-07T12:08:18.464120+00:00,141.1,20,ask,,,10828169
2026-07-07T12:08:18.991919,2026-07-07T12:08:19.003490+00:00,141.1,12,ask,,,10828176
2026-07-07T12:08:21.818611,2026-07-07T12:08:21.828612+00:00,141.2,500,bid,,,10828210
2026-07-07T12:08:22.412607,2026-07-07T12:08:22.421100+00:00,141.2,125,bid,,,10828216
2026-07-07T12:08:22.694512,2026-07-07T12:08:22.702053+00:00,141.3,200,ask,,,10828223
2026-07-07T12:08:23.038396,2026-07-07T12:08:23.048915+00:00,141.3,12,ask,,,10828231
2026-07-07T12:08:23.104267,2026-07-07T12:08:23.116120+00:00,141.3,20,ask,,,10828237
2026-07-07T12:08:23.907199,2026-07-07T12:08:23.916451+00:00,141.4,200,ask,,,10828251
2026-07-07T12:08:24.057010,2026-07-07T12:08:24.064840+00:00,141.4,12,ask,,,10828256
2026-07-07T12:08:24.184915,2026-07-07T12:08:24.191877+00:00,141.4,20,ask,,,10828258
2026-07-07T12:08:26.090934,2026-07-07T12:08:26.102869+00:00,141.5,12,bid,,,10828292
2026-07-07T12:08:26.336329,2026-07-07T12:08:26.345012+00:00,141.4,200,ask,,,10828295
2026-07-07T12:08:26.370456,2026-07-07T12:08:26.379737+00:00,141.4,300,ask,,,10828298
2026-07-07T12:08:26.628468,2026-07-07T12:08:26.640462+00:00,141.4,20,bid,,,10828300
2026-07-07T12:08:26.660188,2026-07-07T12:08:26.670333+00:00,141.4,305,bid,,,10828301
2026-07-07T12:08:27.628813,2026-07-07T12:08:27.638243+00:00,141.2,20,ask,,,10828320
2026-07-07T12:08:27.656786,2026-07-07T12:08:27.653924+00:00,141.2,12,ask,,,10828323
2026-07-07T12:08:27.681324,2026-07-07T12:08:27.691475+00:00,141.4,200,bid,,,10828324
2026-07-07T12:08:28.166889,2026-07-07T12:08:28.179005+00:00,141.5,20,ask,,,10828335
2026-07-07T12:08:29.430742,2026-07-07T12:08:29.440528+00:00,141.6,12,bid,,,10828350
2026-07-07T12:08:30.324226,2026-07-07T12:08:30.343631+00:00,141.7,200,bid,,,10828365
2026-07-07T12:08:30.339619,2026-07-07T12:08:30.343631+00:00,141.7,12,ask,,,10828367
2026-07-07T12:08:30.452098,2026-07-07T12:08:30.458607+00:00,141.9,12,bid,,,10828370
2026-07-07T12:08:31.646400,2026-07-07T12:08:31.656829+00:00,141.7,200,ask,,,10828386
2026-07-07T12:08:31.933393,2026-07-07T12:08:31.945431+00:00,141.7,20,bid,,,10828393
2026-07-07T12:08:32.211282,2026-07-07T12:08:32.220034+00:00,141.5,12,ask,,,10828403
2026-07-07T12:08:32.645716,2026-07-07T12:08:32.658536+00:00,141.6,20,ask,,,10828406
2026-07-07T12:08:33.775363,2026-07-07T12:08:33.787304+00:00,141.6,20,ask,,,10828418
2026-07-07T12:08:35.852411,2026-07-07T12:08:35.859947+00:00,141.6,20,ask,,,10828455
2026-07-07T12:08:36.286571,2026-07-07T12:08:36.293775+00:00,141.6,20,ask,,,10828461
2026-07-07T12:08:36.290800,2026-07-07T12:08:36.304471+00:00,141.6,12,ask,,,10828462
2026-07-07T12:08:39.582828,2026-07-07T12:08:39.594501+00:00,141.8,20,bid,,,10828507
2026-07-07T12:08:40.849568,2026-07-07T12:08:40.853621+00:00,141.8,200,ask,,,10828520
2026-07-07T12:08:40.864064,2026-07-07T12:08:40.867625+00:00,141.8,5,ask,,,10828523
2026-07-07T12:08:42.155593,2026-07-07T12:08:42.163879+00:00,141.9,200,ask,,,10828548
2026-07-07T12:08:42.203661,2026-07-07T12:08:42.208052+00:00,141.8,5,bid,,,10828550
2026-07-07T12:08:44.780414,2026-07-07T12:08:44.788547+00:00,141.8,200,bid,,,10828588
2026-07-07T12:08:46.094823,2026-07-07T12:08:46.103029+00:00,141.8,200,ask,,,10828612
2026-07-07T12:08:47.067018,2026-07-07T12:08:47.077281+00:00,141.8,12,bid,,,10828626
2026-07-07T12:08:49.346808,2026-07-07T12:08:49.350799+00:00,141.6,12,bid,,,10828654
2026-07-07T12:08:49.448549,2026-07-07T12:08:49.458986+00:00,141.6,25,bid,,,10828657
2026-07-07T12:08:49.706796,2026-07-07T12:08:49.718230+00:00,141.6,25,bid,,,10828662
2026-07-07T12:08:49.932331,2026-07-07T12:08:49.938698+00:00,141.6,25,bid,,,10828667
2026-07-07T12:08:50.153000,2026-07-07T12:08:50.164038+00:00,141.6,25,bid,,,10828671
2026-07-07T12:08:50.157690,2026-07-07T12:08:50.169043+00:00,141.5,6,ask,,,10828672
2026-07-07T12:08:50.585120,2026-07-07T12:08:50.599384+00:00,141.6,25,ask,,,10828685
2026-07-07T12:08:50.595316,2026-07-07T12:08:50.599384+00:00,141.6,35,ask,,,10828688
2026-07-07T12:08:50.598449,2026-07-07T12:08:50.615022+00:00,141.6,20,ask,,,10828689
2026-07-07T12:08:50.613123,2026-07-07T12:08:50.620039+00:00,141.8,20,bid,,,10828690
2026-07-07T12:08:50.815686,2026-07-07T12:08:50.827352+00:00,141.6,25,ask,,,10828693
2026-07-07T12:08:50.825725,2026-07-07T12:08:50.832342+00:00,141.8,24,bid,,,10828695
2026-07-07T12:08:51.751468,2026-07-07T12:08:51.756718+00:00,141.7,200,bid,,,10828701
2026-07-07T12:08:52.621655,2026-07-07T12:08:52.633568+00:00,141.7,12,bid,,,10828712
2026-07-07T12:08:53.705910,2026-07-07T12:08:53.710221+00:00,141.8,12,bid,,,10828736
2026-07-07T12:08:53.785084,2026-07-07T12:08:53.797007+00:00,141.8,20,bid,,,10828737
2026-07-07T12:08:54.215091,2026-07-07T12:08:54.219831+00:00,141.6,23,bid,,,10828749
2026-07-07T12:08:54.264335,2026-07-07T12:08:54.271122+00:00,141.6,25,bid,,,10828752
2026-07-07T12:08:54.512915,2026-07-07T12:08:54.524252+00:00,141.6,25,bid,,,10828757
2026-07-07T12:08:54.737632,2026-07-07T12:08:54.746263+00:00,141.6,2,bid,,,10828762
2026-07-07T12:08:55.292393,2026-07-07T12:08:55.299962+00:00,141.6,125,bid,,,10828768
2026-07-07T12:08:56.609271,2026-07-07T12:08:56.620952+00:00,141.7,200,bid,,,10828790
2026-07-07T12:08:56.609271,2026-07-07T12:08:56.620952+00:00,141.7,425,bid,,,10828791
2026-07-07T12:08:56.914897,2026-07-07T12:08:56.931855+00:00,141.6,12,ask,,,10828798
2026-07-07T12:08:56.927957,2026-07-07T12:08:56.931855+00:00,141.6,23,ask,,,10828800
2026-07-07T12:08:56.955071,2026-07-07T12:08:56.958623+00:00,141.6,165,ask,,,10828801
2026-07-07T12:08:57.036368,2026-07-07T12:08:57.045100+00:00,140.8,20,ask,,,10828804
2026-07-07T12:08:57.922203,2026-07-07T12:08:57.952805+00:00,141.6,500,bid,,,10828816
2026-07-07T12:08:57.948294,2026-07-07T12:08:57.952805+00:00,141.6,12,ask,,,10828818
2026-07-07T12:08:57.963857,2026-07-07T12:08:57.973803+00:00,141.7,12,bid,,,10828819
2026-07-07T12:08:58.150819,2026-07-07T12:08:58.177381+00:00,141.6,113,ask,,,10828823
2026-07-07T12:08:58.150819,2026-07-07T12:08:58.177381+00:00,141.5,200,ask,,,10828824
2026-07-07T12:08:58.173576,2026-07-07T12:08:58.177381+00:00,141.5,12,bid,,,10828826
2026-07-07T12:08:58.324763,2026-07-07T12:08:58.335615+00:00,140.7,12,ask,,,10828828
2026-07-07T12:09:00.023134,2026-07-07T12:09:00.031579+00:00,141.5,12,bid,,,10828842
2026-07-07T12:09:00.550343,2026-07-07T12:09:00.551053+00:00,141.5,500,bid,,,10828853
2026-07-07T12:09:01.031061,2026-07-07T12:09:01.043000+00:00,141.6,7,bid,,,10828864
2026-07-07T12:09:01.168885,2026-07-07T12:09:01.179647+00:00,141.5,125,ask,,,10828867
2026-07-07T12:09:03.299205,2026-07-07T12:09:03.307021+00:00,141.4,12,ask,,,10828899
2026-07-07T12:09:03.611310,2026-07-07T12:09:03.623040+00:00,141.4,500,ask,,,10828903
2026-07-07T12:09:04.200460,2026-07-07T12:09:04.207443+00:00,141.4,113,ask,,,10828909
2026-07-07T12:09:04.514221,2026-07-07T12:09:04.522580+00:00,141.2,200,ask,,,10828911
2026-07-07T12:09:04.534844,2026-07-07T12:09:04.539226+00:00,141.1,12,bid,,,10828914
2026-07-07T12:09:04.567260,2026-07-07T12:09:04.575687+00:00,140.9,12,ask,,,10828915
2026-07-07T12:09:05.105184,2026-07-07T12:09:05.114792+00:00,141.1,200,bid,,,10828919
2026-07-07T12:09:06.431683,2026-07-07T12:09:06.435607+00:00,141.1,1,ask,,,10828932
2026-07-07T12:09:07.141875,2026-07-07T12:09:07.150169+00:00,141.1,199,ask,,,10828949
2026-07-07T12:09:08.476314,2026-07-07T12:09:08.484687+00:00,141.0,200,ask,,,10828974
2026-07-07T12:09:08.617363,2026-07-07T12:09:08.625707+00:00,140.8,12,ask,,,10828980
2026-07-07T12:09:08.630072,2026-07-07T12:09:08.638303+00:00,140.8,20,ask,,,10828981
2026-07-07T12:09:13.582672,2026-07-07T12:09:13.590403+00:00,141.0,200,bid,,,10829059
2026-07-07T12:09:13.729155,2026-07-07T12:09:13.739284+00:00,140.9,500,ask,,,10829063
2026-07-07T12:09:13.897188,2026-07-07T12:09:13.905048+00:00,140.8,125,bid,,,10829065
2026-07-07T12:09:14.104440,2026-07-07T12:09:14.117567+00:00,140.9,20,ask,,,10829071
2026-07-07T12:09:14.532460,2026-07-07T12:09:14.536775+00:00,141.0,11,ask,,,10829079
2026-07-07T12:09:15.039526,2026-07-07T12:09:15.046332+00:00,141.0,489,ask,,,10829084
2026-07-07T12:09:15.103608,2026-07-07T12:09:15.112574+00:00,141.0,136,bid,,,10829087
2026-07-07T12:09:15.370639,2026-07-07T12:09:15.382531+00:00,141.1,20,bid,,,10829094
2026-07-07T12:09:15.717433,2026-07-07T12:09:15.725066+00:00,141.1,180,bid,,,10829098
2026-07-07T12:09:15.741667,2026-07-07T12:09:15.745530+00:00,141.1,12,ask,,,10829100
2026-07-07T12:09:16.017304,2026-07-07T12:09:16.022220+00:00,141.2,12,bid,,,10829106
2026-07-07T12:09:16.155620,2026-07-07T12:09:16.164040+00:00,141.1,12,ask,,,10829107
2026-07-07T12:09:16.268386,2026-07-07T12:09:16.280158+00:00,141.1,20,ask,,,10829110
2026-07-07T12:09:16.317368,2026-07-07T12:09:16.327251+00:00,141.2,188,bid,,,10829114
2026-07-07T12:09:17.681368,2026-07-07T12:09:17.686367+00:00,141.2,11,bid,,,10829145
2026-07-07T12:09:19.084847,2026-07-07T12:09:19.088437+00:00,141.1,11,ask,,,10829172
2026-07-07T12:09:19.253254,2026-07-07T12:09:19.265234+00:00,141.1,12,ask,,,10829173
2026-07-07T12:09:19.631794,2026-07-07T12:09:19.645406+00:00,141.1,200,ask,,,10829179
2026-07-07T12:09:19.982818,2026-07-07T12:09:19.986502+00:00,141.2,12,ask,,,10829193
2026-07-07T12:09:20.030849,2026-07-07T12:09:20.037781+00:00,141.2,25,ask,,,10829194
2026-07-07T12:09:20.044381,2026-07-07T12:09:20.053581+00:00,141.2,20,ask,,,10829197
2026-07-07T12:09:20.262521,2026-07-07T12:09:20.273374+00:00,141.2,25,ask,,,10829204
2026-07-07T12:09:20.413676,2026-07-07T12:09:20.425978+00:00,141.2,20,ask,,,10829207
2026-07-07T12:09:20.484490,2026-07-07T12:09:20.495047+00:00,141.2,25,ask,,,10829210
2026-07-07T12:09:20.840200,2026-07-07T12:09:20.850604+00:00,141.1,200,ask,,,10829222
2026-07-07T12:09:22.021098,2026-07-07T12:09:22.028779+00:00,141.2,20,bid,,,10829240
2026-07-07T12:09:22.290411,2026-07-07T12:09:22.302032+00:00,141.0,12,ask,,,10829244
2026-07-07T12:09:22.914848,2026-07-07T12:09:22.918990+00:00,141.0,23,bid,,,10829252
2026-07-07T12:09:22.971997,2026-07-07T12:09:22.978923+00:00,141.0,500,bid,,,10829253
2026-07-07T12:09:23.253405,2026-07-07T12:09:23.258628+00:00,141.0,102,bid,,,10829260
2026-07-07T12:09:26.070663,2026-07-07T12:09:26.078405+00:00,141.3,20,ask,,,10829302
2026-07-07T12:09:26.078324,2026-07-07T12:09:26.088872+00:00,141.3,12,ask,,,10829303
2026-07-07T12:09:28.098848,2026-07-07T12:09:28.109382+00:00,141.3,12,ask,,,10829346
2026-07-07T12:09:29.983684,2026-07-07T12:09:29.992891+00:00,141.5,20,bid,,,10829375
2026-07-07T12:09:32.615288,2026-07-07T12:09:32.626962+00:00,141.6,12,bid,,,10829443
2026-07-07T12:09:35.392210,2026-07-07T12:09:35.404078+00:00,141.5,12,bid,,,10829491
2026-07-07T12:09:36.030762,2026-07-07T12:09:36.038836+00:00,141.5,200,bid,,,10829495
2026-07-07T12:09:36.030762,2026-07-07T12:09:36.038836+00:00,141.5,425,bid,,,10829496
2026-07-07T12:09:36.172099,2026-07-07T12:09:36.183224+00:00,141.5,20,bid,,,10829500
2026-07-07T12:09:37.358357,2026-07-07T12:09:37.368919+00:00,141.4,200,ask,,,10829524
2026-07-07T12:09:37.815892,2026-07-07T12:09:37.824505+00:00,141.4,200,bid,,,10829530
2026-07-07T12:09:40.011529,2026-07-07T12:09:40.020170+00:00,141.3,20,ask,,,10829576
2026-07-07T12:09:40.434499,2026-07-07T12:09:40.446446+00:00,141.3,12,ask,,,10829581
2026-07-07T12:09:41.295824,2026-07-07T12:09:41.302689+00:00,141.4,200,bid,,,10829597
2026-07-07T12:09:43.923517,2026-07-07T12:09:43.934483+00:00,141.5,500,bid,,,10829631
2026-07-07T12:09:43.923517,2026-07-07T12:09:43.934483+00:00,141.5,125,bid,,,10829632
2026-07-07T12:09:44.238599,2026-07-07T12:09:44.250440+00:00,141.2,20,ask,,,10829636
2026-07-07T12:09:46.291365,2026-07-07T12:09:46.295474+00:00,141.4,11,ask,,,10829674
2026-07-07T12:09:46.551644,2026-07-07T12:09:46.558599+00:00,141.4,189,ask,,,10829682
2026-07-07T12:09:47.492058,2026-07-07T12:09:47.498995+00:00,141.4,200,bid,,,10829695
2026-07-07T12:09:51.459517,2026-07-07T12:09:51.501662+00:00,141.5,200,ask,,,10829759
2026-07-07T12:09:51.496956,2026-07-07T12:09:51.501662+00:00,141.5,11,bid,,,10829765
2026-07-07T12:09:51.609681,2026-07-07T12:09:51.616985+00:00,141.5,20,bid,,,10829772
2026-07-07T12:09:52.333966,2026-07-07T12:09:52.342715+00:00,141.5,200,bid,,,10829785
2026-07-07T12:09:53.638585,2026-07-07T12:09:53.647233+00:00,141.6,24,bid,,,10829812
2026-07-07T12:09:53.774471,2026-07-07T12:09:53.781404+00:00,141.6,20,bid,,,10829817
2026-07-07T12:09:53.893684,2026-07-07T12:09:53.904435+00:00,141.6,12,bid,,,10829819
2026-07-07T12:09:55.914844,2026-07-07T12:09:55.925409+00:00,141.6,12,bid,,,10829839
2026-07-07T12:09:55.943726,2026-07-07T12:09:55.951924+00:00,141.6,20,bid,,,10829842
2026-07-07T12:09:57.197990,2026-07-07T12:09:57.202220+00:00,141.4,12,bid,,,10829864
2026-07-07T12:09:57.237034,2026-07-07T12:09:57.244723+00:00,141.4,25,bid,,,10829868
2026-07-07T12:09:57.469111,2026-07-07T12:09:57.480186+00:00,141.4,25,bid,,,10829875
2026-07-07T12:09:57.694623,2026-07-07T12:09:57.703014+00:00,141.4,25,bid,,,10829880
2026-07-07T12:09:57.918635,2026-07-07T12:09:57.929465+00:00,141.4,4,bid,,,10829882
2026-07-07T12:09:58.371022,2026-07-07T12:09:58.380949+00:00,141.4,109,bid,,,10829889
2026-07-07T12:09:58.391892,2026-07-07T12:09:58.399242+00:00,141.4,200,ask,,,10829890
2026-07-07T12:09:58.580338,2026-07-07T12:09:58.590775+00:00,141.6,20,bid,,,10829899
2026-07-07T12:09:59.689622,2026-07-07T12:09:59.697558+00:00,141.4,200,ask,,,10829910
2026-07-07T12:10:00.659509,2026-07-07T12:10:00.669579+00:00,141.2,20,ask,,,10829936
2026-07-07T12:10:00.714221,2026-07-07T12:10:00.721593+00:00,141.2,12,ask,,,10829938
2026-07-07T12:10:01.345119,2026-07-07T12:10:01.356882+00:00,141.3,20,ask,,,10829945
2026-07-07T12:10:02.222822,2026-07-07T12:10:02.234846+00:00,141.5,12,bid,,,10829957
2026-07-07T12:10:05.659739,2026-07-07T12:10:05.669935+00:00,141.5,200,bid,,,10830007
2026-07-07T12:10:06.895454,2026-07-07T12:10:06.899781+00:00,141.3,12,ask,,,10830029
2026-07-07T12:10:08.026441,2026-07-07T12:10:08.035600+00:00,141.3,12,ask,,,10830046
2026-07-07T12:10:10.810785,2026-07-07T12:10:10.818407+00:00,141.4,20,ask,,,10830105
2026-07-07T12:10:12.835949,2026-07-07T12:10:12.839990+00:00,141.5,11,ask,,,10830142
2026-07-07T12:10:12.935713,2026-07-07T12:10:12.944557+00:00,141.5,200,ask,,,10830144
2026-07-07T12:10:14.144112,2026-07-07T12:10:14.164051+00:00,141.4,200,ask,,,10830168
2026-07-07T12:10:14.560614,2026-07-07T12:10:14.569749+00:00,141.4,12,ask,,,10830175
2026-07-07T12:10:14.816801,2026-07-07T12:10:14.828496+00:00,141.7,12,bid,,,10830181
2026-07-07T12:10:16.753218,2026-07-07T12:10:16.758555+00:00,141.4,200,bid,,,10830206
2026-07-07T12:10:17.084127,2026-07-07T12:10:17.095782+00:00,141.4,12,ask,,,10830220
2026-07-07T12:10:18.990214,2026-07-07T12:10:18.999140+00:00,141.4,200,bid,,,10830247
2026-07-07T12:10:22.967644,2026-07-07T12:10:22.974227+00:00,141.3,500,ask,,,10830315
2026-07-07T12:10:23.391801,2026-07-07T12:10:23.401729+00:00,141.4,12,bid,,,10830337
2026-07-07T12:10:23.839601,2026-07-07T12:10:23.847702+00:00,141.4,200,bid,,,10830347
2026-07-07T12:10:24.672138,2026-07-07T12:10:24.680687+00:00,141.4,3,bid,,,10830365
2026-07-07T12:10:25.049838,2026-07-07T12:10:25.058587+00:00,141.4,200,bid,,,10830369
2026-07-07T12:10:27.222362,2026-07-07T12:10:27.234142+00:00,141.3,500,ask,,,10830400
2026-07-07T12:10:27.484210,2026-07-07T12:10:27.495951+00:00,141.3,200,bid,,,10830405
2026-07-07T12:10:27.710865,2026-07-07T12:10:27.722658+00:00,141.3,12,bid,,,10830409
2026-07-07T12:10:28.442603,2026-07-07T12:10:28.446532+00:00,141.2,11,bid,,,10830418
2026-07-07T12:10:28.695182,2026-07-07T12:10:28.703713+00:00,141.2,200,bid,,,10830422
2026-07-07T12:10:29.972781,2026-07-07T12:10:29.979716+00:00,141.2,200,ask,,,10830440
2026-07-07T12:10:30.985966,2026-07-07T12:10:30.997919+00:00,141.0,12,ask,,,10830459
2026-07-07T12:10:31.915372,2026-07-07T12:10:31.922842+00:00,141.1,20,ask,,,10830476
2026-07-07T12:10:32.046391,2026-07-07T12:10:32.058560+00:00,141.1,180,ask,,,10830479
2026-07-07T12:10:32.046391,2026-07-07T12:10:32.058560+00:00,141.1,320,ask,,,10830480
2026-07-07T12:10:33.926398,2026-07-07T12:10:33.934629+00:00,141.0,200,ask,,,10830512
2026-07-07T12:10:37.165654,2026-07-07T12:10:37.174079+00:00,140.6,200,ask,,,10830556
2026-07-07T12:10:39.190809,2026-07-07T12:10:39.198426+00:00,140.7,200,bid,,,10830594
2026-07-07T12:10:40.338650,2026-07-07T12:10:40.358584+00:00,140.7,12,ask,,,10830616
2026-07-07T12:10:40.793509,2026-07-07T12:10:40.804133+00:00,140.7,200,ask,,,10830622
2026-07-07T12:10:41.096961,2026-07-07T12:10:41.105711+00:00,140.8,12,bid,,,10830631
2026-07-07T12:10:41.816262,2026-07-07T12:10:41.829836+00:00,140.7,500,ask,,,10830646
2026-07-07T12:10:42.386686,2026-07-07T12:10:42.397944+00:00,140.7,20,bid,,,10830659
2026-07-07T12:10:42.756324,2026-07-07T12:10:42.767954+00:00,140.7,20,bid,,,10830665
2026-07-07T12:10:44.419860,2026-07-07T12:10:44.430262+00:00,140.9,200,bid,,,10830694
2026-07-07T12:10:45.637585,2026-07-07T12:10:45.663346+00:00,141.1,12,bid,,,10830725
2026-07-07T12:10:45.658541,2026-07-07T12:10:45.663346+00:00,141.1,12,bid,,,10830729
2026-07-07T12:10:45.723605,2026-07-07T12:10:45.734350+00:00,141.1,25,bid,,,10830732
2026-07-07T12:10:45.754981,2026-07-07T12:10:45.762394+00:00,141.1,151,bid,,,10830735
2026-07-07T12:10:46.372437,2026-07-07T12:10:46.383894+00:00,141.2,20,ask,,,10830744
2026-07-07T12:10:46.811136,2026-07-07T12:10:46.818758+00:00,141.2,20,ask,,,10830754
2026-07-07T12:10:46.842750,2026-07-07T12:10:46.849610+00:00,141.2,200,ask,,,10830755
2026-07-07T12:10:46.909391,2026-07-07T12:10:46.921267+00:00,141.2,12,ask,,,10830756
2026-07-07T12:10:47.735807,2026-07-07T12:10:47.742294+00:00,141.2,12,bid,,,10830776
2026-07-07T12:10:47.887524,2026-07-07T12:10:47.895017+00:00,141.2,25,bid,,,10830780
2026-07-07T12:10:48.112621,2026-07-07T12:10:48.123697+00:00,141.2,10,bid,,,10830782
2026-07-07T12:10:48.408963,2026-07-07T12:10:48.427156+00:00,141.1,200,ask,,,10830789
2026-07-07T12:10:48.423189,2026-07-07T12:10:48.427156+00:00,141.0,14,bid,,,10830791
2026-07-07T12:10:48.521445,2026-07-07T12:10:48.529387+00:00,141.0,3,bid,,,10830796
2026-07-07T12:10:48.781182,2026-07-07T12:10:48.791918+00:00,141.0,15,bid,,,10830805
2026-07-07T12:10:49.724953,2026-07-07T12:10:49.735133+00:00,140.9,200,ask,,,10830822
2026-07-07T12:10:49.807863,2026-07-07T12:10:49.819731+00:00,140.9,20,bid,,,10830823
2026-07-07T12:10:50.194674,2026-07-07T12:10:50.205647+00:00,140.9,405,bid,,,10830826
2026-07-07T12:10:50.477410,2026-07-07T12:10:50.486537+00:00,140.9,95,ask,,,10830829
2026-07-07T12:10:50.802171,2026-07-07T12:10:50.813901+00:00,140.9,3,bid,,,10830837
2026-07-07T12:10:50.824716,2026-07-07T12:10:50.834849+00:00,140.9,102,bid,,,10830839
2026-07-07T12:10:50.937435,2026-07-07T12:10:50.942049+00:00,140.9,26,ask,,,10830848
2026-07-07T12:10:51.049462,2026-07-07T12:10:51.053326+00:00,141.0,11,ask,,,10830859
2026-07-07T12:10:51.065507,2026-07-07T12:10:51.079339+00:00,141.0,11,ask,,,10830860
2026-07-07T12:10:51.068296,2026-07-07T12:10:51.079339+00:00,141.0,20,ask,,,10830861
2026-07-07T12:10:51.502884,2026-07-07T12:10:51.509578+00:00,141.2,3,bid,,,10830872
2026-07-07T12:10:52.079925,2026-07-07T12:10:52.088304+00:00,141.1,10,bid,,,10830886
2026-07-07T12:10:52.913515,2026-07-07T12:10:52.917343+00:00,141.0,11,bid,,,10830898
2026-07-07T12:10:54.052475,2026-07-07T12:10:54.057351+00:00,141.0,12,bid,,,10830917
2026-07-07T12:10:54.261049,2026-07-07T12:10:54.269230+00:00,141.0,17,bid,,,10830922
2026-07-07T12:10:55.335843,2026-07-07T12:10:55.342744+00:00,141.1,200,bid,,,10830943
2026-07-07T12:10:58.474106,2026-07-07T12:10:58.486019+00:00,141.1,10,ask,,,10830994
2026-07-07T12:10:58.930277,2026-07-07T12:10:58.936649+00:00,141.1,190,ask,,,10831005
2026-07-07T12:10:58.967226,2026-07-07T12:10:58.974109+00:00,141.1,200,bid,,,10831008
2026-07-07T12:11:01.537689,2026-07-07T12:11:01.545761+00:00,141.0,12,ask,,,10831052
2026-07-07T12:11:01.607531,2026-07-07T12:11:01.614259+00:00,140.9,20,ask,,,10831054
2026-07-07T12:11:03.566299,2026-07-07T12:11:03.574248+00:00,140.9,12,ask,,,10831102
2026-07-07T12:11:05.491348,2026-07-07T12:11:05.502465+00:00,141.0,200,bid,,,10831126
2026-07-07T12:11:05.509231,2026-07-07T12:11:05.513123+00:00,141.0,12,ask,,,10831128
2026-07-07T12:11:06.229395,2026-07-07T12:11:06.236047+00:00,141.0,200,ask,,,10831144
2026-07-07T12:11:08.111202,2026-07-07T12:11:08.125086+00:00,141.0,12,bid,,,10831172
2026-07-07T12:11:09.867841,2026-07-07T12:11:09.878710+00:00,140.7,200,ask,,,10831196
2026-07-07T12:11:11.131489,2026-07-07T12:11:11.143143+00:00,140.5,12,ask,,,10831216
2026-07-07T12:11:11.154550,2026-07-07T12:11:11.163643+00:00,140.5,20,ask,,,10831217
2026-07-07T12:11:12.069960,2026-07-07T12:11:12.081271+00:00,140.5,168,ask,,,10831224
2026-07-07T12:11:12.283119,2026-07-07T12:11:12.292580+00:00,140.3,200,bid,,,10831237
2026-07-07T12:11:13.165599,2026-07-07T12:11:13.172661+00:00,140.2,12,ask,,,10831252
2026-07-07T12:11:13.391088,2026-07-07T12:11:13.394686+00:00,140.4,23,ask,,,10831261
2026-07-07T12:11:13.400501,2026-07-07T12:11:13.409926+00:00,140.4,25,ask,,,10831262
2026-07-07T12:11:13.505077,2026-07-07T12:11:13.516076+00:00,140.6,10,bid,,,10831268
2026-07-07T12:11:14.143815,2026-07-07T12:11:14.151978+00:00,140.4,20,ask,,,10831279
2026-07-07T12:11:14.187032,2026-07-07T12:11:14.196579+00:00,140.4,12,ask,,,10831282
2026-07-07T12:11:16.233557,2026-07-07T12:11:16.237707+00:00,140.5,23,bid,,,10831319
2026-07-07T12:11:21.270949,2026-07-07T12:11:21.277772+00:00,140.5,200,ask,,,10831396
2026-07-07T12:11:21.970501,2026-07-07T12:11:21.979226+00:00,140.5,200,bid,,,10831405
2026-07-07T12:11:22.628115,2026-07-07T12:11:22.632129+00:00,140.5,11,ask,,,10831426
2026-07-07T12:11:23.205909,2026-07-07T12:11:23.213317+00:00,140.5,20,ask,,,10831434
2026-07-07T12:11:23.294240,2026-07-07T12:11:23.301400+00:00,140.5,12,ask,,,10831440
2026-07-07T12:11:24.387691,2026-07-07T12:11:24.395743+00:00,140.4,200,bid,,,10831464
2026-07-07T12:11:25.009386,2026-07-07T12:11:25.017308+00:00,140.4,2,bid,,,10831478
2026-07-07T12:11:25.062419,2026-07-07T12:11:25.074404+00:00,140.4,12,bid,,,10831479
2026-07-07T12:11:25.594639,2026-07-07T12:11:25.601638+00:00,140.5,200,bid,,,10831492
2026-07-07T12:11:25.735224,2026-07-07T12:11:25.740058+00:00,140.5,11,bid,,,10831495
2026-07-07T12:11:26.887225,2026-07-07T12:11:26.895357+00:00,140.6,12,bid,,,10831524
2026-07-07T12:11:30.386461,2026-07-07T12:11:30.395926+00:00,140.6,20,bid,,,10831573
2026-07-07T12:11:30.486113,2026-07-07T12:11:30.490711+00:00,140.5,12,bid,,,10831578
2026-07-07T12:11:30.512906,2026-07-07T12:11:30.522070+00:00,140.5,25,bid,,,10831581
2026-07-07T12:11:30.734983,2026-07-07T12:11:30.746601+00:00,140.5,25,bid,,,10831585
2026-07-07T12:11:30.956226,2026-07-07T12:11:30.958578+00:00,140.5,23,bid,,,10831592
2026-07-07T12:11:31.153954,2026-07-07T12:11:31.165662+00:00,140.4,12,ask,,,10831597
2026-07-07T12:11:32.140152,2026-07-07T12:11:32.144304+00:00,140.4,12,ask,,,10831613
2026-07-07T12:11:33.104059,2026-07-07T12:11:33.113679+00:00,140.4,20,ask,,,10831634
2026-07-07T12:11:34.519526,2026-07-07T12:11:34.527760+00:00,140.3,20,ask,,,10831664
2026-07-07T12:11:34.677971,2026-07-07T12:11:34.689903+00:00,140.3,12,ask,,,10831666
2026-07-07T12:11:35.377421,2026-07-07T12:11:35.384669+00:00,140.4,20,ask,,,10831673
2026-07-07T12:11:37.748016,2026-07-07T12:11:37.758544+00:00,140.4,200,ask,,,10831719
2026-07-07T12:11:38.967865,2026-07-07T12:11:38.977333+00:00,140.5,200,ask,,,10831733
2026-07-07T12:11:43.747434,2026-07-07T12:11:43.754227+00:00,140.4,12,ask,,,10831795
2026-07-07T12:11:45.176169,2026-07-07T12:11:45.183711+00:00,140.4,20,ask,,,10831819
2026-07-07T12:11:45.821828,2026-07-07T12:11:45.832560+00:00,140.4,20,ask,,,10831830
2026-07-07T12:11:47.964868,2026-07-07T12:11:47.968874+00:00,140.4,23,ask,,,10831869
2026-07-07T12:11:48.002770,2026-07-07T12:11:48.014083+00:00,140.4,25,ask,,,10831871
2026-07-07T12:11:48.224889,2026-07-07T12:11:48.235738+00:00,140.4,25,ask,,,10831874
2026-07-07T12:11:48.389620,2026-07-07T12:11:48.393702+00:00,140.5,11,ask,,,10831877
2026-07-07T12:11:48.450632,2026-07-07T12:11:48.458532+00:00,140.5,25,ask,,,10831880
2026-07-07T12:11:48.658971,2026-07-07T12:11:48.666660+00:00,140.5,200,ask,,,10831883
2026-07-07T12:11:48.670431,2026-07-07T12:11:48.682039+00:00,140.5,25,ask,,,10831884
2026-07-07T12:11:50.210256,2026-07-07T12:11:50.217991+00:00,140.6,200,bid,,,10831905
2026-07-07T12:11:52.308638,2026-07-07T12:11:52.313340+00:00,140.7,11,bid,,,10831929
2026-07-07T12:11:54.065984,2026-07-07T12:11:54.075991+00:00,140.7,8,bid,,,10831957
2026-07-07T12:11:54.423021,2026-07-07T12:11:54.432567+00:00,140.7,500,bid,,,10831963
2026-07-07T12:11:54.715544,2026-07-07T12:11:54.724658+00:00,140.7,125,bid,,,10831972
2026-07-07T12:11:55.089836,2026-07-07T12:11:55.100331+00:00,140.7,10,ask,,,10831981
2026-07-07T12:11:55.350824,2026-07-07T12:11:55.363886+00:00,140.7,3,ask,,,10831984
2026-07-07T12:11:55.472563,2026-07-07T12:11:55.476631+00:00,140.8,11,ask,,,10831988
2026-07-07T12:11:55.639160,2026-07-07T12:11:55.649602+00:00,140.8,3,ask,,,10831991
2026-07-07T12:11:55.902753,2026-07-07T12:11:55.912411+00:00,140.8,3,ask,,,10832000
2026-07-07T12:11:56.162960,2026-07-07T12:11:56.170021+00:00,140.8,3,ask,,,10832003
2026-07-07T12:11:56.422539,2026-07-07T12:11:56.434211+00:00,140.8,3,ask,,,10832009
2026-07-07T12:11:56.682729,2026-07-07T12:11:56.694348+00:00,140.8,3,ask,,,10832012
2026-07-07T12:11:56.943065,2026-07-07T12:11:56.949708+00:00,140.8,3,ask,,,10832022
2026-07-07T12:11:57.139305,2026-07-07T12:11:57.158836+00:00,140.8,200,ask,,,10832027
2026-07-07T12:11:57.203642,2026-07-07T12:11:57.215059+00:00,140.8,3,ask,,,10832029
2026-07-07T12:11:58.370995,2026-07-07T12:11:58.375706+00:00,140.8,11,bid,,,10832050
2026-07-07T12:11:58.669523,2026-07-07T12:11:58.679947+00:00,140.8,189,bid,,,10832051
2026-07-07T12:11:59.565777,2026-07-07T12:11:59.575608+00:00,140.8,200,ask,,,10832066
2026-07-07T12:12:00.774405,2026-07-07T12:12:00.785292+00:00,140.9,200,ask,,,10832087
2026-07-07T12:12:01.982979,2026-07-07T12:12:01.990471+00:00,140.9,200,ask,,,10832104
2026-07-07T12:12:03.189470,2026-07-07T12:12:03.199055+00:00,140.8,200,bid,,,10832123
2026-07-07T12:12:03.350468,2026-07-07T12:12:03.355274+00:00,140.6,500,ask,,,10832132
2026-07-07T12:12:03.367011,2026-07-07T12:12:03.371100+00:00,140.6,12,bid,,,10832134
2026-07-07T12:12:04.117136,2026-07-07T12:12:04.126216+00:00,140.6,113,bid,,,10832147
2026-07-07T12:12:04.413131,2026-07-07T12:12:04.417394+00:00,140.7,12,ask,,,10832153
2026-07-07T12:12:04.812777,2026-07-07T12:12:04.817072+00:00,140.7,11,ask,,,10832168
2026-07-07T12:12:05.055222,2026-07-07T12:12:05.056587+00:00,140.7,15,ask,,,10832171
2026-07-07T12:12:05.145271,2026-07-07T12:12:05.154544+00:00,140.7,20,ask,,,10832174
2026-07-07T12:12:05.345390,2026-07-07T12:12:05.351953+00:00,140.7,3,ask,,,10832176
2026-07-07T12:12:05.621141,2026-07-07T12:12:05.625288+00:00,140.8,11,ask,,,10832178
2026-07-07T12:12:07.145811,2026-07-07T12:12:07.158814+00:00,140.7,3,ask,,,10832203
2026-07-07T12:12:09.247477,2026-07-07T12:12:09.258617+00:00,140.8,200,ask,,,10832235
2026-07-07T12:12:12.540428,2026-07-07T12:12:12.547957+00:00,140.9,200,bid,,,10832281
2026-07-07T12:12:12.878253,2026-07-07T12:12:12.885065+00:00,140.9,200,ask,,,10832286
2026-07-07T12:12:16.467696,2026-07-07T12:12:16.479175+00:00,140.8,200,ask,,,10832330
2026-07-07T12:12:17.716294,2026-07-07T12:12:17.723465+00:00,140.8,200,bid,,,10832347
2026-07-07T12:12:19.600170,2026-07-07T12:12:19.604474+00:00,140.8,22,bid,,,10832371
2026-07-07T12:12:20.140361,2026-07-07T12:12:20.158620+00:00,140.8,200,bid,,,10832377
2026-07-07T12:12:21.370234,2026-07-07T12:12:21.381544+00:00,140.8,18,bid,,,10832391
2026-07-07T12:12:21.519268,2026-07-07T12:12:21.529376+00:00,140.8,12,bid,,,10832394
2026-07-07T12:12:21.585164,2026-07-07T12:12:21.595451+00:00,140.8,20,bid,,,10832398
2026-07-07T12:12:21.735598,2026-07-07T12:12:21.752807+00:00,140.7,20,bid,,,10832407
2026-07-07T12:12:21.778078,2026-07-07T12:12:21.786549+00:00,140.7,12,bid,,,10832410
2026-07-07T12:12:22.678202,2026-07-07T12:12:22.689407+00:00,140.7,20,bid,,,10832426
2026-07-07T12:12:23.349030,2026-07-07T12:12:23.359507+00:00,140.5,12,ask,,,10832437
2026-07-07T12:12:28.628824,2026-07-07T12:12:28.633517+00:00,140.5,12,bid,,,10832524
2026-07-07T12:12:29.825195,2026-07-07T12:12:29.836218+00:00,140.4,200,bid,,,10832546
2026-07-07T12:12:30.144713,2026-07-07T12:12:30.158573+00:00,140.4,20,bid,,,10832554
2026-07-07T12:12:30.198072,2026-07-07T12:12:30.206160+00:00,140.4,12,bid,,,10832555
2026-07-07T12:12:34.106454,2026-07-07T12:12:34.115571+00:00,140.5,20,bid,,,10832600
2026-07-07T12:12:34.327699,2026-07-07T12:12:34.334405+00:00,140.5,20,bid,,,10832606
2026-07-07T12:12:34.664578,2026-07-07T12:12:34.671590+00:00,140.5,200,bid,,,10832612
2026-07-07T12:12:36.499243,2026-07-07T12:12:36.509532+00:00,140.6,12,bid,,,10832641
2026-07-07T12:12:36.596121,2026-07-07T12:12:36.607890+00:00,140.6,20,bid,,,10832643
2026-07-07T12:12:37.256110,2026-07-07T12:12:37.255442+00:00,140.7,12,bid,,,10832656
2026-07-07T12:12:37.264864,2026-07-07T12:12:37.274599+00:00,140.7,20,bid,,,10832657
2026-07-07T12:12:38.303510,2026-07-07T12:12:38.310952+00:00,140.7,200,bid,,,10832672
2026-07-07T12:12:42.749728,2026-07-07T12:12:42.758549+00:00,140.7,200,ask,,,10832730
2026-07-07T12:12:42.784268,2026-07-07T12:12:42.792062+00:00,140.5,12,ask,,,10832731
2026-07-07T12:12:42.890508,2026-07-07T12:12:42.901221+00:00,140.5,20,ask,,,10832733
2026-07-07T12:12:45.379739,2026-07-07T12:12:45.390443+00:00,140.6,200,bid,,,10832778
2026-07-07T12:12:45.568601,2026-07-07T12:12:45.578898+00:00,140.7,200,ask,,,10832779
2026-07-07T12:12:46.779466,2026-07-07T12:12:46.790364+00:00,140.7,200,bid,,,10832804
2026-07-07T12:12:47.001810,2026-07-07T12:12:47.009752+00:00,140.5,20,ask,,,10832809
2026-07-07T12:12:47.086195,2026-07-07T12:12:47.095014+00:00,140.5,12,ask,,,10832810
2026-07-07T12:12:48.430355,2026-07-07T12:12:48.440750+00:00,140.8,20,bid,,,10832836
2026-07-07T12:12:49.109928,2026-07-07T12:12:49.121491+00:00,140.7,12,ask,,,10832853
2026-07-07T12:12:49.162103,2026-07-07T12:12:49.169401+00:00,140.7,20,ask,,,10832854
2026-07-07T12:12:49.538630,2026-07-07T12:12:49.550274+00:00,140.7,500,ask,,,10832860
2026-07-07T12:12:49.867094,2026-07-07T12:12:49.878912+00:00,140.8,12,bid,,,10832867
2026-07-07T12:12:50.131102,2026-07-07T12:12:50.137871+00:00,140.7,125,ask,,,10832870
2026-07-07T12:12:51.309310,2026-07-07T12:12:51.316390+00:00,140.6,25,ask,,,10832891
2026-07-07T12:12:51.312374,2026-07-07T12:12:51.316390+00:00,140.6,12,ask,,,10832892
2026-07-07T12:12:51.621327,2026-07-07T12:12:51.630984+00:00,140.6,25,ask,,,10832899
2026-07-07T12:12:51.851640,2026-07-07T12:12:51.858632+00:00,140.6,25,ask,,,10832905
2026-07-07T12:12:51.929300,2026-07-07T12:12:51.950418+00:00,140.6,175,ask,,,10832913
2026-07-07T12:12:53.401247,2026-07-07T12:12:53.412905+00:00,140.4,12,ask,,,10832941
2026-07-07T12:12:55.282417,2026-07-07T12:12:55.289818+00:00,140.3,200,ask,,,10832965
2026-07-07T12:12:55.489334,2026-07-07T12:12:55.499932+00:00,140.5,20,bid,,,10832968
2026-07-07T12:12:55.886613,2026-07-07T12:12:55.890918+00:00,140.2,35,bid,,,10832972
2026-07-07T12:12:55.938739,2026-07-07T12:12:55.946316+00:00,140.2,25,bid,,,10832976
2026-07-07T12:12:55.943889,2026-07-07T12:12:55.951315+00:00,140.1,10,ask,,,10832977
2026-07-07T12:12:56.471261,2026-07-07T12:12:56.480103+00:00,140.1,12,ask,,,10832992
2026-07-07T12:12:56.488911,2026-07-07T12:12:56.498413+00:00,140.2,200,bid,,,10832993
2026-07-07T12:12:57.634715,2026-07-07T12:12:57.639265+00:00,140.0,23,ask,,,10833017
2026-07-07T12:12:58.507350,2026-07-07T12:12:58.511765+00:00,140.1,12,ask,,,10833027
2026-07-07T12:12:58.641136,2026-07-07T12:12:58.658637+00:00,140.1,25,ask,,,10833030
2026-07-07T12:12:58.864433,2026-07-07T12:12:58.871133+00:00,140.1,13,ask,,,10833036
2026-07-07T12:12:59.954807,2026-07-07T12:12:59.966708+00:00,140.2,20,bid,,,10833056
2026-07-07T12:13:01.739862,2026-07-07T12:13:01.750613+00:00,140.2,12,bid,,,10833092
2026-07-07T12:13:01.790984,2026-07-07T12:13:01.802734+00:00,140.2,20,bid,,,10833093
2026-07-07T12:13:02.528076,2026-07-07T12:13:02.536963+00:00,140.2,20,bid,,,10833105
2026-07-07T12:13:02.551232,2026-07-07T12:13:02.557607+00:00,140.2,200,bid,,,10833107
2026-07-07T12:13:03.762601,2026-07-07T12:13:03.772008+00:00,140.2,200,bid,,,10833121
2026-07-07T12:13:03.776171,2026-07-07T12:13:03.787728+00:00,140.2,20,bid,,,10833125
2026-07-07T12:13:03.952305,2026-07-07T12:13:03.958549+00:00,140.5,20,bid,,,10833128
2026-07-07T12:13:05.112435,2026-07-07T12:13:05.120163+00:00,140.3,200,bid,,,10833145
2026-07-07T12:13:05.720435,2026-07-07T12:13:05.729711+00:00,140.5,20,bid,,,10833154
2026-07-07T12:13:07.745216,2026-07-07T12:13:07.749221+00:00,140.2,12,bid,,,10833184
2026-07-07T12:13:08.066088,2026-07-07T12:13:08.076152+00:00,140.2,20,bid,,,10833193
2026-07-07T12:13:09.623525,2026-07-07T12:13:09.632026+00:00,140.2,20,bid,,,10833212
2026-07-07T12:13:10.304549,2026-07-07T12:13:10.314054+00:00,140.2,20,bid,,,10833218
2026-07-07T12:13:12.246158,2026-07-07T12:13:12.258537+00:00,140.2,200,bid,,,10833254
2026-07-07T12:13:14.482570,2026-07-07T12:13:14.491083+00:00,140.4,12,bid,,,10833300
2026-07-07T12:13:15.593673,2026-07-07T12:13:15.604122+00:00,140.3,200,ask,,,10833306
2026-07-07T12:13:16.377280,2026-07-07T12:13:16.389484+00:00,140.3,20,bid,,,10833323
2026-07-07T12:13:16.517137,2026-07-07T12:13:16.524745+00:00,140.3,12,bid,,,10833327
2026-07-07T12:13:16.658477,2026-07-07T12:13:16.666231+00:00,140.3,20,bid,,,10833332
2026-07-07T12:13:16.909208,2026-07-07T12:13:16.919847+00:00,140.3,200,bid,,,10833336
2026-07-07T12:13:17.587858,2026-07-07T12:13:17.598934+00:00,140.5,12,bid,,,10833347
2026-07-07T12:13:18.296957,2026-07-07T12:13:18.309972+00:00,140.3,200,ask,,,10833358
2026-07-07T12:13:20.523351,2026-07-07T12:13:20.531934+00:00,140.2,20,ask,,,10833400
2026-07-07T12:13:21.689168,2026-07-07T12:13:21.700906+00:00,140.1,20,ask,,,10833425
2026-07-07T12:13:22.175475,2026-07-07T12:13:22.179902+00:00,140.2,11,bid,,,10833429
2026-07-07T12:13:23.141245,2026-07-07T12:13:23.148504+00:00,140.2,200,bid,,,10833447
2026-07-07T12:13:23.596929,2026-07-07T12:13:23.608741+00:00,140.2,20,ask,,,10833456
2026-07-07T12:13:25.151118,2026-07-07T12:13:25.158600+00:00,140.2,12,ask,,,10833477
2026-07-07T12:13:25.174136,2026-07-07T12:13:25.182091+00:00,140.2,20,ask,,,10833479
2026-07-07T12:13:26.768523,2026-07-07T12:13:26.777038+00:00,140.1,200,ask,,,10833505
2026-07-07T12:13:26.910632,2026-07-07T12:13:26.922126+00:00,140.3,12,bid,,,10833509
2026-07-07T12:13:27.423511,2026-07-07T12:13:27.444980+00:00,140.2,500,bid,,,10833517
2026-07-07T12:13:27.440917,2026-07-07T12:13:27.444980+00:00,140.2,11,ask,,,10833519
2026-07-07T12:13:27.684521,2026-07-07T12:13:27.691301+00:00,140.3,11,bid,,,10833522
2026-07-07T12:13:27.977305,2026-07-07T12:13:27.984138+00:00,140.2,114,ask,,,10833528
2026-07-07T12:13:29.196891,2026-07-07T12:13:29.205715+00:00,140.0,200,ask,,,10833561
2026-07-07T12:13:29.508403,2026-07-07T12:13:29.519293+00:00,140.0,12,ask,,,10833567
2026-07-07T12:13:31.286511,2026-07-07T12:13:31.298553+00:00,139.9,20,ask,,,10833596
2026-07-07T12:13:31.689448,2026-07-07T12:13:31.696839+00:00,139.9,20,ask,,,10833606
2026-07-07T12:13:33.521393,2026-07-07T12:13:33.533039+00:00,139.9,20,bid,,,10833648
2026-07-07T12:13:33.569643,2026-07-07T12:13:33.581455+00:00,139.8,20,ask,,,10833649
2026-07-07T12:13:33.986315,2026-07-07T12:13:33.995124+00:00,139.9,180,bid,,,10833654
2026-07-07T12:13:35.298677,2026-07-07T12:13:35.307233+00:00,140.1,20,bid,,,10833674
2026-07-07T12:13:35.814364,2026-07-07T12:13:35.825135+00:00,139.8,12,ask,,,10833690
2026-07-07T12:13:35.820448,2026-07-07T12:13:35.830322+00:00,139.8,12,ask,,,10833691
2026-07-07T12:13:36.069504,2026-07-07T12:13:36.080921+00:00,139.9,12,bid,,,10833694
2026-07-07T12:13:36.633236,2026-07-07T12:13:36.641204+00:00,139.8,200,bid,,,10833701
2026-07-07T12:13:37.669322,2026-07-07T12:13:37.676145+00:00,139.8,200,ask,,,10833719
2026-07-07T12:13:37.797003,2026-07-07T12:13:37.808644+00:00,140.0,20,bid,,,10833720
2026-07-07T12:13:38.833207,2026-07-07T12:13:38.842636+00:00,139.7,12,ask,,,10833739
2026-07-07T12:13:39.073101,2026-07-07T12:13:39.080157+00:00,139.7,20,ask,,,10833742
2026-07-07T12:13:40.104843,2026-07-07T12:13:40.108939+00:00,139.8,12,ask,,,10833774
2026-07-07T12:13:40.238720,2026-07-07T12:13:40.248438+00:00,139.8,25,ask,,,10833780
2026-07-07T12:13:40.465312,2026-07-07T12:13:40.472182+00:00,139.8,25,ask,,,10833784
2026-07-07T12:13:40.701546,2026-07-07T12:13:40.711774+00:00,139.8,25,ask,,,10833791
2026-07-07T12:13:40.717021,2026-07-07T12:13:40.727232+00:00,140.0,10,bid,,,10833793
2026-07-07T12:13:42.529361,2026-07-07T12:13:42.539153+00:00,139.7,200,ask,,,10833823
2026-07-07T12:13:44.524474,2026-07-07T12:13:44.531875+00:00,139.9,200,bid,,,10833861
2026-07-07T12:13:44.948071,2026-07-07T12:13:44.958561+00:00,139.9,200,ask,,,10833869
2026-07-07T12:13:45.136157,2026-07-07T12:13:45.147035+00:00,139.9,12,ask,,,10833872
2026-07-07T12:13:45.857233,2026-07-07T12:13:45.868944+00:00,139.9,500,ask,,,10833881
2026-07-07T12:13:46.423027,2026-07-07T12:13:46.430102+00:00,139.6,12,ask,,,10833894
2026-07-07T12:13:46.454537,2026-07-07T12:13:46.463817+00:00,139.9,125,bid,,,10833895
2026-07-07T12:13:46.454537,2026-07-07T12:13:46.463817+00:00,139.9,200,bid,,,10833896
2026-07-07T12:13:48.444670,2026-07-07T12:13:48.458559+00:00,139.9,11,ask,,,10833934
2026-07-07T12:13:49.789194,2026-07-07T12:13:49.800194+00:00,140.0,200,bid,,,10833953
2026-07-07T12:13:50.998017,2026-07-07T12:13:51.007260+00:00,140.0,200,bid,,,10833977
2026-07-07T12:13:52.212037,2026-07-07T12:13:52.218847+00:00,140.0,200,ask,,,10834003
2026-07-07T12:13:54.641982,2026-07-07T12:13:54.645758+00:00,140.0,22,ask,,,10834038
2026-07-07T12:13:54.707309,2026-07-07T12:13:54.718500+00:00,140.0,25,ask,,,10834040
2026-07-07T12:13:54.951783,2026-07-07T12:13:54.963845+00:00,140.0,10,ask,,,10834042
2026-07-07T12:13:55.489354,2026-07-07T12:13:55.497818+00:00,140.0,18,ask,,,10834055
2026-07-07T12:13:56.362813,2026-07-07T12:13:56.372320+00:00,140.0,200,ask,,,10834073
2026-07-07T12:13:56.362813,2026-07-07T12:13:56.372320+00:00,140.0,425,ask,,,10834074
2026-07-07T12:13:59.476557,2026-07-07T12:13:59.486865+00:00,140.1,200,ask,,,10834129
2026-07-07T12:14:00.691568,2026-07-07T12:14:00.699625+00:00,140.0,200,ask,,,10834149
2026-07-07T12:14:01.767814,2026-07-07T12:14:01.776436+00:00,140.0,10,ask,,,10834163
2026-07-07T12:14:01.903486,2026-07-07T12:14:01.912590+00:00,140.0,200,ask,,,10834169
2026-07-07T12:14:03.113550,2026-07-07T12:14:03.120471+00:00,139.9,200,ask,,,10834192
2026-07-07T12:14:03.394720,2026-07-07T12:14:03.402849+00:00,140.0,500,bid,,,10834194
2026-07-07T12:14:03.989778,2026-07-07T12:14:03.998119+00:00,140.0,125,bid,,,10834202
2026-07-07T12:14:04.025214,2026-07-07T12:14:04.029342+00:00,140.1,12,ask,,,10834205
2026-07-07T12:14:04.319941,2026-07-07T12:14:04.326844+00:00,140.2,20,bid,,,10834217
2026-07-07T12:14:04.327804,2026-07-07T12:14:04.337467+00:00,140.1,200,ask,,,10834218
2026-07-07T12:14:04.629375,2026-07-07T12:14:04.639420+00:00,140.2,500,bid,,,10834232
2026-07-07T12:14:05.042063,2026-07-07T12:14:05.058572+00:00,140.2,10,bid,,,10834238
2026-07-07T12:14:05.227984,2026-07-07T12:14:05.239697+00:00,140.2,95,bid,,,10834242
2026-07-07T12:14:05.537637,2026-07-07T12:14:05.559177+00:00,140.2,200,ask,,,10834249
2026-07-07T12:14:05.555387,2026-07-07T12:14:05.559177+00:00,140.3,11,ask,,,10834251
2026-07-07T12:14:06.751529,2026-07-07T12:14:06.753813+00:00,140.3,200,ask,,,10834273
2026-07-07T12:14:07.039769,2026-07-07T12:14:07.049535+00:00,140.4,500,bid,,,10834282
2026-07-07T12:14:07.314700,2026-07-07T12:14:07.319377+00:00,140.4,3,bid,,,10834293
2026-07-07T12:14:07.364891,2026-07-07T12:14:07.376362+00:00,140.4,20,bid,,,10834296
2026-07-07T12:14:07.585420,2026-07-07T12:14:07.593524+00:00,140.1,20,ask,,,10834301
2026-07-07T12:14:07.585618,2026-07-07T12:14:07.598740+00:00,140.1,3,ask,,,10834302
2026-07-07T12:14:07.636612,2026-07-07T12:14:07.644512+00:00,140.4,102,bid,,,10834304
2026-07-07T12:14:07.670256,2026-07-07T12:14:07.674611+00:00,140.5,6,ask,,,10834306
2026-07-07T12:14:07.960904,2026-07-07T12:14:07.968255+00:00,140.5,200,ask,,,10834310
2026-07-07T12:14:08.228306,2026-07-07T12:14:08.233115+00:00,140.8,17,bid,,,10834316
2026-07-07T12:14:09.177739,2026-07-07T12:14:09.188173+00:00,140.6,200,ask,,,10834322
2026-07-07T12:14:09.495369,2026-07-07T12:14:09.507084+00:00,140.8,20,bid,,,10834328
2026-07-07T12:14:09.630616,2026-07-07T12:14:09.637843+00:00,140.8,9,bid,,,10834338
2026-07-07T12:14:10.016938,2026-07-07T12:14:10.027581+00:00,140.6,20,ask,,,10834348
2026-07-07T12:14:10.149517,2026-07-07T12:14:10.158549+00:00,140.6,8,ask,,,10834350
2026-07-07T12:14:10.316973,2026-07-07T12:14:10.324809+00:00,140.6,10,ask,,,10834356
2026-07-07T12:14:10.387525,2026-07-07T12:14:10.394561+00:00,140.6,200,ask,,,10834357
2026-07-07T12:14:10.410475,2026-07-07T12:14:10.414566+00:00,140.8,12,bid,,,10834359
2026-07-07T12:14:10.439097,2026-07-07T12:14:10.446555+00:00,140.8,2,bid,,,10834362
2026-07-07T12:14:10.657451,2026-07-07T12:14:10.668816+00:00,140.8,8,bid,,,10834366
2026-07-07T12:14:10.820039,2026-07-07T12:14:10.824234+00:00,140.7,11,bid,,,10834374
2026-07-07T12:14:11.522007,2026-07-07T12:14:11.529934+00:00,140.7,20,bid,,,10834397
2026-07-07T12:14:11.597398,2026-07-07T12:14:11.604066+00:00,140.4,200,ask,,,10834398
2026-07-07T12:14:11.685007,2026-07-07T12:14:11.696780+00:00,140.7,7,bid,,,10834399
2026-07-07T12:14:12.096576,2026-07-07T12:14:12.103259+00:00,140.5,500,ask,,,10834406
2026-07-07T12:14:12.113886,2026-07-07T12:14:12.117445+00:00,140.5,23,bid,,,10834408
2026-07-07T12:14:12.482553,2026-07-07T12:14:12.491322+00:00,140.5,102,bid,,,10834414
2026-07-07T12:14:12.814957,2026-07-07T12:14:12.822012+00:00,140.5,200,ask,,,10834419
2026-07-07T12:14:13.577694,2026-07-07T12:14:13.584475+00:00,140.9,7,bid,,,10834430
2026-07-07T12:14:13.655013,2026-07-07T12:14:13.660323+00:00,140.6,12,ask,,,10834432
2026-07-07T12:14:14.025162,2026-07-07T12:14:14.031921+00:00,140.6,200,ask,,,10834441
2026-07-07T12:14:15.236721,2026-07-07T12:14:15.247722+00:00,140.6,200,ask,,,10834461
2026-07-07T12:14:16.025994,2026-07-07T12:14:16.033049+00:00,140.5,500,ask,,,10834469
2026-07-07T12:14:16.269669,2026-07-07T12:14:16.279903+00:00,140.4,20,ask,,,10834473
2026-07-07T12:14:16.444148,2026-07-07T12:14:16.458592+00:00,140.5,125,bid,,,10834475
2026-07-07T12:14:17.375282,2026-07-07T12:14:17.385850+00:00,140.6,7,ask,,,10834486
2026-07-07T12:14:17.664058,2026-07-07T12:14:17.674189+00:00,140.6,200,ask,,,10834491
2026-07-07T12:14:18.002900,2026-07-07T12:14:18.011272+00:00,140.6,20,ask,,,10834498
2026-07-07T12:14:22.512054,2026-07-07T12:14:22.522871+00:00,140.5,200,ask,,,10834558
2026-07-07T12:14:23.921449,2026-07-07T12:14:23.931639+00:00,140.4,200,ask,,,10834586
2026-07-07T12:14:23.928619,2026-07-07T12:14:23.936823+00:00,140.4,13,bid,,,10834587
2026-07-07T12:14:23.970457,2026-07-07T12:14:23.980250+00:00,140.2,9,ask,,,10834589
2026-07-07T12:14:25.229995,2026-07-07T12:14:25.252876+00:00,140.5,200,bid,,,10834614
2026-07-07T12:14:25.248569,2026-07-07T12:14:25.252876+00:00,140.5,11,ask,,,10834617
2026-07-07T12:14:25.383539,2026-07-07T12:14:25.393124+00:00,140.5,2,ask,,,10834619
2026-07-07T12:14:26.268392,2026-07-07T12:14:26.275891+00:00,140.6,12,bid,,,10834634
2026-07-07T12:14:28.121868,2026-07-07T12:14:28.129494+00:00,140.5,20,bid,,,10834685
2026-07-07T12:14:28.293117,2026-07-07T12:14:28.300151+00:00,140.5,12,bid,,,10834693
2026-07-07T12:14:28.549455,2026-07-07T12:14:28.557649+00:00,140.5,20,bid,,,10834699
2026-07-07T12:14:30.475289,2026-07-07T12:14:30.483670+00:00,140.4,200,ask,,,10834729
2026-07-07T12:14:30.555040,2026-07-07T12:14:30.558595+00:00,140.2,12,ask,,,10834733
2026-07-07T12:14:30.981523,2026-07-07T12:14:30.990607+00:00,140.4,200,bid,,,10834746
2026-07-07T12:14:32.586256,2026-07-07T12:14:32.596101+00:00,140.6,12,bid,,,10834775
2026-07-07T12:14:33.071657,2026-07-07T12:14:33.080168+00:00,140.6,500,bid,,,10834788
2026-07-07T12:14:33.118739,2026-07-07T12:14:33.127311+00:00,140.6,12,bid,,,10834794
2026-07-07T12:14:33.661090,2026-07-07T12:14:33.669598+00:00,140.7,200,bid,,,10834806
2026-07-07T12:14:35.746806,2026-07-07T12:14:35.758572+00:00,140.9,200,bid,,,10834849
2026-07-07T12:14:36.907632,2026-07-07T12:14:36.918661+00:00,140.9,12,ask,,,10834868
2026-07-07T12:14:37.083795,2026-07-07T12:14:37.088456+00:00,140.8,11,bid,,,10834873
2026-07-07T12:14:38.236712,2026-07-07T12:14:38.243663+00:00,140.8,200,bid,,,10834892
2026-07-07T12:14:39.445504,2026-07-07T12:14:39.454781+00:00,140.8,200,bid,,,10834923
2026-07-07T12:14:39.691474,2026-07-07T12:14:39.698860+00:00,140.7,500,ask,,,10834924
2026-07-07T12:14:39.715787,2026-07-07T12:14:39.720246+00:00,140.7,12,bid,,,10834927
2026-07-07T12:14:39.722363,2026-07-07T12:14:39.735801+00:00,140.7,113,bid,,,10834928
2026-07-07T12:14:40.446919,2026-07-07T12:14:40.453751+00:00,140.7,12,ask,,,10834945
2026-07-07T12:14:41.863957,2026-07-07T12:14:41.871357+00:00,141.0,200,bid,,,10834958
2026-07-07T12:14:45.240734,2026-07-07T12:14:45.248825+00:00,141.0,20,bid,,,10835022
2026-07-07T12:14:45.511168,2026-07-07T12:14:45.519482+00:00,140.9,200,ask,,,10835028
2026-07-07T12:14:51.571231,2026-07-07T12:14:51.579595+00:00,141.2,200,bid,,,10835119
2026-07-07T12:14:51.760279,2026-07-07T12:14:51.769004+00:00,141.2,12,bid,,,10835124
2026-07-07T12:14:54.102045,2026-07-07T12:14:54.109439+00:00,141.3,200,bid,,,10835165
2026-07-07T12:14:55.098672,2026-07-07T12:14:55.107361+00:00,141.6,12,bid,,,10835182
