timestamp,recv_time,price,volume,aggressor_side,buyer,seller,trade_id
2026-06-29T17:00:03.092313,2026-06-29T07:00:03.678625+00:00,110.6,200,ask,,,12286892
2026-06-29T17:00:04.406873,2026-06-29T07:00:04.986598+00:00,110.5,1,ask,,,12286923
2026-06-29T17:00:04.406873,2026-06-29T07:00:04.997598+00:00,110.5,200,ask,,,12286924
2026-06-29T17:00:04.450710,2026-06-29T07:00:05.030599+00:00,110.5,25,bid,,,12286926
2026-06-29T17:00:04.472483,2026-06-29T07:00:05.052599+00:00,110.5,35,bid,,,12286927
2026-06-29T17:00:04.561676,2026-06-29T07:00:05.151598+00:00,110.5,35,bid,,,12286930
2026-06-29T17:00:04.574578,2026-06-29T07:00:05.162598+00:00,110.5,25,bid,,,12286933
2026-06-29T17:00:04.654838,2026-06-29T07:00:05.239599+00:00,110.5,30,bid,,,12286934
2026-06-29T17:00:04.663624,2026-06-29T07:00:05.250599+00:00,110.5,25,bid,,,12286937
2026-06-29T17:00:04.746315,2026-06-29T07:00:05.327598+00:00,110.3,26,ask,,,12286939
2026-06-29T17:00:04.996741,2026-06-29T07:00:05.580599+00:00,110.5,200,bid,,,12286943
2026-06-29T17:00:06.208571,2026-06-29T07:00:06.789666+00:00,110.7,1,bid,,,12286967
2026-06-29T17:00:07.035448,2026-06-29T07:00:07.625675+00:00,110.7,199,ask,,,12286974
2026-06-29T17:00:07.420907,2026-06-29T07:00:07.999666+00:00,110.6,15,ask,,,12286976
2026-06-29T17:00:08.346442,2026-06-29T07:00:08.933594+00:00,110.6,185,bid,,,12287009
2026-06-29T17:00:08.361421,2026-06-29T07:00:08.944594+00:00,110.7,35,ask,,,12287011
2026-06-29T17:00:08.385792,2026-06-29T07:00:08.966594+00:00,110.7,25,ask,,,12287012
2026-06-29T17:00:08.449939,2026-06-29T07:00:09.032594+00:00,110.7,35,ask,,,12287015
2026-06-29T17:00:08.474546,2026-06-29T07:00:09.054594+00:00,110.7,25,ask,,,12287016
2026-06-29T17:00:08.540187,2026-06-29T07:00:09.120594+00:00,110.7,30,ask,,,12287019
2026-06-29T17:00:10.963805,2026-06-29T07:00:11.551586+00:00,110.6,200,bid,,,12287064
2026-06-29T17:00:11.051139,2026-06-29T07:00:11.639586+00:00,110.6,200,ask,,,12287067
2026-06-29T17:00:12.263372,2026-06-29T07:00:12.849489+00:00,110.6,200,ask,,,12287090
2026-06-29T17:00:12.276963,2026-06-29T07:00:12.860489+00:00,110.5,7,ask,,,12287091
2026-06-29T17:00:12.276963,2026-06-29T07:00:12.860489+00:00,110.5,1,ask,,,12287092
2026-06-29T17:00:12.276963,2026-06-29T07:00:12.860489+00:00,110.4,200,ask,,,12287093
2026-06-29T17:00:12.295366,2026-06-29T07:00:12.882489+00:00,110.4,25,bid,,,12287098
2026-06-29T17:00:12.311918,2026-06-29T07:00:12.893489+00:00,110.4,84,bid,,,12287099
2026-06-29T17:00:13.468925,2026-06-29T07:00:14.048048+00:00,110.4,200,bid,,,12287133
2026-06-29T17:00:14.383915,2026-06-29T07:00:14.971581+00:00,110.5,20,ask,,,12287154
2026-06-29T17:00:14.696709,2026-06-29T07:00:15.279574+00:00,110.5,200,ask,,,12287163
2026-06-29T17:00:15.908322,2026-06-29T07:00:16.492109+00:00,110.6,1,ask,,,12287182
2026-06-29T17:00:18.331102,2026-06-29T07:00:18.911662+00:00,110.5,11,ask,,,12287221
2026-06-29T17:00:18.331102,2026-06-29T07:00:18.911662+00:00,110.5,1,ask,,,12287222
2026-06-29T17:00:18.829241,2026-06-29T07:00:19.417661+00:00,110.5,188,bid,,,12287235
2026-06-29T17:00:19.539326,2026-06-29T07:00:20.121662+00:00,110.5,200,ask,,,12287242
2026-06-29T17:00:20.139923,2026-06-29T07:00:20.726662+00:00,110.5,500,ask,,,12287256
2026-06-29T17:00:20.687599,2026-06-29T07:00:21.276662+00:00,110.5,125,bid,,,12287261
2026-06-29T17:00:20.715173,2026-06-29T07:00:21.298662+00:00,110.5,25,ask,,,12287263
2026-06-29T17:00:20.744582,2026-06-29T07:00:21.331662+00:00,110.5,35,ask,,,12287268
2026-06-29T17:00:20.759931,2026-06-29T07:00:21.342662+00:00,110.6,1,bid,,,12287269
2026-06-29T17:00:20.817610,2026-06-29T07:00:21.397039+00:00,110.5,25,ask,,,12287271
2026-06-29T17:00:20.832498,2026-06-29T07:00:21.419039+00:00,110.5,15,ask,,,12287274
2026-06-29T17:00:21.445883,2026-06-29T07:00:22.035039+00:00,110.6,199,bid,,,12287290
2026-06-29T17:00:21.445883,2026-06-29T07:00:22.035039+00:00,110.7,9,bid,,,12287291
2026-06-29T17:00:21.482099,2026-06-29T07:00:22.068039+00:00,110.7,6,ask,,,12287293
2026-06-29T17:00:21.525932,2026-06-29T07:00:22.112039+00:00,110.7,1,ask,,,12287294
2026-06-29T17:00:21.582513,2026-06-29T07:00:22.167039+00:00,110.7,20,ask,,,12287296
2026-06-29T17:00:21.957064,2026-06-29T07:00:22.541030+00:00,110.7,200,ask,,,12287307
2026-06-29T17:00:24.912246,2026-06-29T07:00:25.499588+00:00,110.6,1,ask,,,12287370
2026-06-29T17:00:24.912246,2026-06-29T07:00:25.499588+00:00,110.6,19,ask,,,12287371
2026-06-29T17:00:26.681109,2026-06-29T07:00:27.270701+00:00,110.7,200,bid,,,12287404
2026-06-29T17:00:26.810417,2026-06-29T07:00:27.391701+00:00,110.7,1,ask,,,12287408
2026-06-29T17:00:27.025666,2026-06-29T07:00:27.611700+00:00,110.7,20,ask,,,12287415
2026-06-29T17:00:27.998792,2026-06-29T07:00:28.579701+00:00,110.6,200,bid,,,12287429
2026-06-29T17:00:28.607530,2026-06-29T07:00:29.195342+00:00,110.7,20,ask,,,12287434
2026-06-29T17:00:29.205927,2026-06-29T07:00:29.789167+00:00,110.7,200,ask,,,12287448
2026-06-29T17:00:32.852894,2026-06-29T07:00:33.440682+00:00,110.6,200,ask,,,12287510
2026-06-29T17:00:35.850456,2026-06-29T07:00:36.431424+00:00,110.6,1,ask,,,12287561
2026-06-29T17:00:35.850456,2026-06-29T07:00:36.431424+00:00,110.6,200,ask,,,12287562
2026-06-29T17:00:35.850456,2026-06-29T07:00:36.453425+00:00,110.6,424,ask,,,12287563
2026-06-29T17:00:36.479952,2026-06-29T07:00:37.069424+00:00,110.7,1,ask,,,12287574
2026-06-29T17:00:36.479952,2026-06-29T07:00:37.069424+00:00,110.6,199,ask,,,12287575
2026-06-29T17:00:37.159128,2026-06-29T07:00:37.751425+00:00,110.8,2,bid,,,12287587
2026-06-29T17:00:37.692890,2026-06-29T07:00:38.279424+00:00,110.8,200,ask,,,12287592
2026-06-29T17:00:38.813872,2026-06-29T07:00:39.400982+00:00,110.9,2,bid,,,12287613
2026-06-29T17:00:38.813872,2026-06-29T07:00:39.400982+00:00,110.9,18,bid,,,12287614
2026-06-29T17:00:38.906602,2026-06-29T07:00:39.488982+00:00,110.7,200,ask,,,12287618
2026-06-29T17:00:40.118858,2026-06-29T07:00:40.698695+00:00,110.7,1,ask,,,12287630
2026-06-29T17:00:40.118858,2026-06-29T07:00:40.709695+00:00,110.7,199,ask,,,12287631
2026-06-29T17:00:41.092332,2026-06-29T07:00:41.677686+00:00,110.6,500,ask,,,12287645
2026-06-29T17:00:41.270565,2026-06-29T07:00:41.853686+00:00,110.6,125,bid,,,12287650
2026-06-29T17:00:41.327183,2026-06-29T07:00:41.908686+00:00,110.6,200,ask,,,12287652
2026-06-29T17:00:42.324938,2026-06-29T07:00:42.909229+00:00,111.1,1,bid,,,12287665
2026-06-29T17:00:42.400962,2026-06-29T07:00:42.986229+00:00,110.8,1,ask,,,12287668
2026-06-29T17:00:42.415807,2026-06-29T07:00:42.997229+00:00,110.8,98,bid,,,12287670
2026-06-29T17:00:42.491056,2026-06-29T07:00:43.074229+00:00,110.8,25,bid,,,12287675
2026-06-29T17:00:42.534329,2026-06-29T07:00:43.118229+00:00,110.7,200,ask,,,12287678
2026-06-29T17:00:42.581790,2026-06-29T07:00:43.162228+00:00,110.8,25,bid,,,12287680
2026-06-29T17:00:43.757114,2026-06-29T07:00:44.338929+00:00,110.7,200,ask,,,12287696
2026-06-29T17:00:44.996243,2026-06-29T07:00:45.581929+00:00,110.8,1,bid,,,12287705
2026-06-29T17:00:45.058388,2026-06-29T07:00:45.658929+00:00,110.7,500,ask,,,12287708
2026-06-29T17:00:45.511160,2026-06-29T07:00:46.098514+00:00,110.7,125,bid,,,12287715
2026-06-29T17:00:48.992941,2026-06-29T07:00:49.574070+00:00,110.7,500,ask,,,12287769
2026-06-29T17:00:48.992941,2026-06-29T07:00:49.574070+00:00,110.7,125,ask,,,12287770
2026-06-29T17:00:49.881664,2026-06-29T07:00:50.465070+00:00,110.8,35,ask,,,12287779
2026-06-29T17:00:49.909066,2026-06-29T07:00:50.498070+00:00,110.8,25,ask,,,12287780
2026-06-29T17:00:49.970865,2026-06-29T07:00:50.553070+00:00,110.8,35,ask,,,12287784
2026-06-29T17:00:49.999574,2026-06-29T07:00:50.586070+00:00,110.8,25,ask,,,12287785
2026-06-29T17:00:50.061908,2026-06-29T07:00:50.652070+00:00,110.8,30,ask,,,12287790
2026-06-29T17:00:50.299479,2026-06-29T07:00:50.883071+00:00,110.9,1,bid,,,12287794
2026-06-29T17:00:50.299479,2026-06-29T07:00:50.883071+00:00,110.9,6,bid,,,12287795
2026-06-29T17:00:50.310824,2026-06-29T07:00:50.894070+00:00,110.9,2,ask,,,12287797
2026-06-29T17:00:51.048357,2026-06-29T07:00:51.631070+00:00,110.9,200,ask,,,12287808
2026-06-29T17:00:51.120494,2026-06-29T07:00:51.708070+00:00,110.9,1,ask,,,12287812
2026-06-29T17:00:54.112781,2026-06-29T07:00:54.699181+00:00,111.0,7,bid,,,12287859
2026-06-29T17:00:54.112781,2026-06-29T07:00:54.699181+00:00,111.0,13,bid,,,12287860
2026-06-29T17:00:55.884055,2026-06-29T07:00:56.469738+00:00,110.9,200,ask,,,12287889
2026-06-29T17:00:56.741844,2026-06-29T07:00:57.327758+00:00,110.9,35,ask,,,12287910
2026-06-29T17:00:56.821437,2026-06-29T07:00:57.404758+00:00,110.9,16,ask,,,12287912
2026-06-29T17:00:56.830848,2026-06-29T07:00:57.415758+00:00,110.9,16,ask,,,12287914
2026-06-29T17:00:57.040410,2026-06-29T07:00:57.624758+00:00,110.9,2,bid,,,12287919
2026-06-29T17:00:57.245566,2026-06-29T07:00:57.833759+00:00,110.8,2,bid,,,12287925
2026-06-29T17:00:57.451593,2026-06-29T07:00:58.031750+00:00,110.8,2,bid,,,12287927
2026-06-29T17:00:57.657386,2026-06-29T07:00:58.240749+00:00,110.8,2,bid,,,12287931
2026-06-29T17:00:57.862785,2026-06-29T07:00:58.449750+00:00,110.8,2,bid,,,12287934
2026-06-29T17:00:58.067838,2026-06-29T07:00:58.647750+00:00,110.8,2,bid,,,12287942
2026-06-29T17:00:58.174405,2026-06-29T07:00:58.767719+00:00,110.8,190,bid,,,12287947
2026-06-29T17:00:58.174405,2026-06-29T07:00:58.767719+00:00,110.9,1,bid,,,12287948
2026-06-29T17:00:58.202625,2026-06-29T07:00:58.789719+00:00,110.9,23,ask,,,12287950
2026-06-29T17:00:58.272532,2026-06-29T07:00:58.855719+00:00,110.9,25,ask,,,12287952
2026-06-29T17:00:58.305739,2026-06-29T07:00:58.888719+00:00,110.9,200,ask,,,12287960
2026-06-29T17:00:58.484940,2026-06-29T07:00:59.064728+00:00,110.9,25,ask,,,12287962
2026-06-29T17:00:59.161380,2026-06-29T07:00:59.746728+00:00,111.0,6,bid,,,12287970
2026-06-29T17:00:59.512821,2026-06-29T07:01:00.098105+00:00,110.6,4,ask,,,12287989
2026-06-29T17:00:59.512821,2026-06-29T07:01:00.098105+00:00,110.6,1,ask,,,12287990
2026-06-29T17:00:59.512821,2026-06-29T07:01:00.098105+00:00,110.6,195,ask,,,12287991
2026-06-29T17:00:59.698925,2026-06-29T07:01:00.285105+00:00,110.7,6,ask,,,12287994
2026-06-29T17:00:59.907669,2026-06-29T07:01:00.494105+00:00,110.7,6,ask,,,12287999
2026-06-29T17:01:00.723541,2026-06-29T07:01:01.308097+00:00,110.6,200,ask,,,12288021
2026-06-29T17:01:00.801689,2026-06-29T07:01:01.385096+00:00,110.6,1,ask,,,12288024
2026-06-29T17:01:00.801689,2026-06-29T07:01:01.385096+00:00,110.5,500,ask,,,12288025
2026-06-29T17:01:01.267727,2026-06-29T07:01:01.858105+00:00,110.5,124,bid,,,12288029
2026-06-29T17:01:03.151818,2026-06-29T07:01:03.738516+00:00,110.5,200,ask,,,12288067
2026-06-29T17:01:03.324236,2026-06-29T07:01:03.903516+00:00,110.6,1,ask,,,12288068
2026-06-29T17:01:03.418262,2026-06-29T07:01:04.002516+00:00,110.5,3,ask,,,12288073
2026-06-29T17:01:03.686503,2026-06-29T07:01:04.277508+00:00,110.5,500,bid,,,12288076
2026-06-29T17:01:04.357193,2026-06-29T07:01:04.948516+00:00,110.5,122,bid,,,12288092
2026-06-29T17:01:04.732489,2026-06-29T07:01:05.322332+00:00,110.7,200,bid,,,12288100
2026-06-29T17:01:05.529601,2026-06-29T07:01:06.124902+00:00,110.9,1,bid,,,12288114
2026-06-29T17:01:05.529601,2026-06-29T07:01:06.124902+00:00,110.9,19,bid,,,12288115
2026-06-29T17:01:06.048961,2026-06-29T07:01:06.641902+00:00,110.7,200,ask,,,12288127
2026-06-29T17:01:06.048961,2026-06-29T07:01:06.641902+00:00,110.6,1,ask,,,12288128
2026-06-29T17:01:13.397916,2026-06-29T07:01:13.988691+00:00,110.7,20,ask,,,12288245
2026-06-29T17:01:13.955730,2026-06-29T07:01:14.538691+00:00,110.7,1,ask,,,12288262
2026-06-29T17:01:14.035626,2026-06-29T07:01:14.615691+00:00,110.8,4,bid,,,12288267
2026-06-29T17:01:14.035626,2026-06-29T07:01:14.626691+00:00,110.8,1,bid,,,12288268
2026-06-29T17:01:14.035626,2026-06-29T07:01:14.626691+00:00,110.8,195,bid,,,12288269
2026-06-29T17:01:14.738656,2026-06-29T07:01:15.319691+00:00,110.6,20,ask,,,12288270
2026-06-29T17:01:15.665329,2026-06-29T07:01:16.254233+00:00,110.8,2,bid,,,12288286
2026-06-29T17:01:15.665329,2026-06-29T07:01:16.254233+00:00,110.8,18,bid,,,12288287
2026-06-29T17:01:16.543819,2026-06-29T07:01:17.134234+00:00,110.7,200,ask,,,12288305
2026-06-29T17:01:17.829784,2026-06-29T07:01:18.410225+00:00,110.7,20,bid,,,12288323
2026-06-29T17:01:18.660060,2026-06-29T07:01:19.245790+00:00,110.7,20,bid,,,12288331
2026-06-29T17:01:18.886105,2026-06-29T07:01:19.476791+00:00,110.6,200,ask,,,12288336
2026-06-29T17:01:21.304650,2026-06-29T07:01:21.885792+00:00,110.6,200,ask,,,12288382
2026-06-29T17:01:21.368578,2026-06-29T07:01:21.951793+00:00,110.6,20,ask,,,12288386
2026-06-29T17:01:24.975093,2026-06-29T07:01:25.555342+00:00,110.6,35,bid,,,12288455
2026-06-29T17:01:24.989643,2026-06-29T07:01:25.577342+00:00,110.6,25,bid,,,12288459
2026-06-29T17:01:24.992610,2026-06-29T07:01:25.577342+00:00,110.6,25,bid,,,12288460
2026-06-29T17:01:25.065417,2026-06-29T07:01:25.654342+00:00,110.6,35,bid,,,12288464
2026-06-29T17:01:25.154845,2026-06-29T07:01:25.742342+00:00,110.6,30,bid,,,12288467
2026-06-29T17:01:30.550643,2026-06-29T07:01:31.131019+00:00,110.7,20,bid,,,12288556
2026-06-29T17:01:30.984990,2026-06-29T07:01:31.571019+00:00,110.6,1,ask,,,12288569
2026-06-29T17:01:30.987713,2026-06-29T07:01:31.571019+00:00,110.6,200,bid,,,12288570
2026-06-29T17:01:32.195100,2026-06-29T07:01:32.781010+00:00,110.6,200,bid,,,12288591
2026-06-29T17:01:33.413115,2026-06-29T07:01:34.000691+00:00,110.7,200,ask,,,12288618
2026-06-29T17:01:33.457133,2026-06-29T07:01:34.044691+00:00,110.7,1,ask,,,12288626
2026-06-29T17:01:34.623667,2026-06-29T07:01:35.210691+00:00,110.6,200,ask,,,12288641
2026-06-29T17:01:36.229716,2026-06-29T07:01:36.816288+00:00,110.7,200,bid,,,12288674
2026-06-29T17:01:36.312953,2026-06-29T07:01:36.904288+00:00,110.7,100,ask,,,12288681
2026-06-29T17:01:36.414824,2026-06-29T07:01:37.003279+00:00,110.7,25,ask,,,12288683
2026-06-29T17:01:36.418084,2026-06-29T07:01:37.003279+00:00,110.7,25,ask,,,12288684
2026-06-29T17:01:36.482911,2026-06-29T07:01:37.069289+00:00,110.7,1,ask,,,12288689
2026-06-29T17:01:37.540044,2026-06-29T07:01:38.125288+00:00,110.7,200,ask,,,12288725
2026-06-29T17:01:38.246918,2026-06-29T07:01:38.838577+00:00,110.7,200,bid,,,12288743
2026-06-29T17:01:40.178320,2026-06-29T07:01:40.763110+00:00,110.7,200,bid,,,12288791
2026-06-29T17:01:40.178320,2026-06-29T07:01:40.763110+00:00,110.7,1,bid,,,12288792
2026-06-29T17:01:43.084568,2026-06-29T07:01:43.667130+00:00,110.8,1,bid,,,12288847
2026-06-29T17:01:43.084568,2026-06-29T07:01:43.667130+00:00,110.8,1,bid,,,12288848
2026-06-29T17:01:43.675022,2026-06-29T07:01:44.260686+00:00,110.8,198,ask,,,12288854
2026-06-29T17:01:44.300207,2026-06-29T07:01:44.887678+00:00,110.8,200,bid,,,12288878
2026-06-29T17:01:45.533567,2026-06-29T07:01:46.119267+00:00,110.8,35,bid,,,12288910
2026-06-29T17:01:45.622010,2026-06-29T07:01:46.207267+00:00,110.8,35,bid,,,12288913
2026-06-29T17:01:45.650177,2026-06-29T07:01:46.240258+00:00,110.8,25,bid,,,12288916
2026-06-29T17:01:45.662302,2026-06-29T07:01:46.251266+00:00,110.8,25,bid,,,12288918
2026-06-29T17:01:45.711178,2026-06-29T07:01:46.295267+00:00,110.8,9,bid,,,12288919
2026-06-29T17:01:47.295903,2026-06-29T07:01:47.879278+00:00,110.7,500,ask,,,12288958
2026-06-29T17:01:47.889037,2026-06-29T07:01:48.473287+00:00,110.7,125,ask,,,12288985
2026-06-29T17:01:47.944490,2026-06-29T07:01:48.539287+00:00,110.7,200,bid,,,12288987
2026-06-29T17:01:49.153164,2026-06-29T07:01:49.736789+00:00,110.6,200,bid,,,12289021
2026-06-29T17:01:50.340425,2026-06-29T07:01:50.935789+00:00,110.5,1,ask,,,12289033
2026-06-29T17:01:50.363600,2026-06-29T07:01:50.957798+00:00,110.5,200,bid,,,12289036
2026-06-29T17:01:50.368645,2026-06-29T07:01:50.957798+00:00,110.5,1,bid,,,12289037
2026-06-29T17:01:51.571316,2026-06-29T07:01:52.156790+00:00,110.5,200,bid,,,12289072
2026-06-29T17:01:51.596119,2026-06-29T07:01:52.178798+00:00,110.4,1,ask,,,12289077
2026-06-29T17:01:51.871064,2026-06-29T07:01:52.453798+00:00,110.5,25,bid,,,12289082
2026-06-29T17:01:51.882292,2026-06-29T07:01:52.464798+00:00,110.5,25,bid,,,12289084
2026-06-29T17:01:51.898513,2026-06-29T07:01:52.486798+00:00,110.5,35,bid,,,12289085
2026-06-29T17:01:51.989048,2026-06-29T07:01:52.574799+00:00,110.4,62,bid,,,12289087
2026-06-29T17:01:52.081524,2026-06-29T07:01:52.662798+00:00,110.4,25,bid,,,12289090
2026-06-29T17:01:52.291068,2026-06-29T07:01:52.871819+00:00,110.4,2,bid,,,12289095
2026-06-29T17:01:52.293850,2026-06-29T07:01:52.882809+00:00,110.3,2,ask,,,12289096
2026-06-29T17:01:52.498492,2026-06-29T07:01:53.080809+00:00,110.3,2,ask,,,12289100
2026-06-29T17:01:52.780785,2026-06-29T07:01:53.366809+00:00,110.4,200,bid,,,12289102
2026-06-29T17:01:53.319145,2026-06-29T07:01:53.905156+00:00,110.4,2,ask,,,12289120
2026-06-29T17:01:53.360162,2026-06-29T07:01:53.949156+00:00,110.4,500,ask,,,12289123
2026-06-29T17:01:53.417691,2026-06-29T07:01:54.004156+00:00,110.6,20,bid,,,12289124
2026-06-29T17:01:53.523687,2026-06-29T07:01:54.114155+00:00,110.4,2,ask,,,12289126
2026-06-29T17:01:53.728329,2026-06-29T07:01:54.312155+00:00,110.4,2,ask,,,12289130
2026-06-29T17:01:53.933982,2026-06-29T07:01:54.521156+00:00,110.4,2,ask,,,12289132
2026-06-29T17:01:53.950346,2026-06-29T07:01:54.532156+00:00,110.4,117,ask,,,12289133
2026-06-29T17:01:53.991403,2026-06-29T07:01:54.576156+00:00,110.4,200,bid,,,12289135
2026-06-29T17:01:55.199975,2026-06-29T07:01:55.786176+00:00,110.3,200,bid,,,12289169
2026-06-29T17:01:56.407322,2026-06-29T07:01:56.995743+00:00,110.4,200,bid,,,12289193
2026-06-29T17:01:56.419087,2026-06-29T07:01:57.006743+00:00,110.3,5,ask,,,12289195
2026-06-29T17:01:57.308173,2026-06-29T07:01:57.897743+00:00,110.3,25,ask,,,12289210
2026-06-29T17:01:57.310932,2026-06-29T07:01:57.897743+00:00,110.3,35,ask,,,12289211
2026-06-29T17:01:57.351087,2026-06-29T07:01:57.941752+00:00,110.3,25,ask,,,12289213
2026-06-29T17:01:57.400331,2026-06-29T07:01:57.985742+00:00,110.3,19,ask,,,12289216
2026-06-29T17:01:57.625436,2026-06-29T07:01:58.205748+00:00,110.5,200,bid,,,12289226
2026-06-29T17:01:59.854510,2026-06-29T07:02:00.436929+00:00,110.5,200,bid,,,12289275
2026-06-29T17:01:59.854510,2026-06-29T07:02:00.436929+00:00,110.5,425,bid,,,12289276
2026-06-29T17:02:00.047519,2026-06-29T07:02:00.634929+00:00,110.4,200,bid,,,12289283
2026-06-29T17:02:01.257963,2026-06-29T07:02:01.844938+00:00,110.4,200,bid,,,12289308
2026-06-29T17:02:10.351467,2026-06-29T07:02:10.939990+00:00,110.4,200,ask,,,12289484
2026-06-29T17:02:10.351467,2026-06-29T07:02:10.939990+00:00,110.3,1,ask,,,12289485
2026-06-29T17:02:10.351467,2026-06-29T07:02:10.939990+00:00,110.3,5,ask,,,12289486
2026-06-29T17:02:10.388830,2026-06-29T07:02:10.972990+00:00,110.3,35,bid,,,12289490
2026-06-29T17:02:10.401637,2026-06-29T07:02:10.983982+00:00,110.3,25,bid,,,12289493
2026-06-29T17:02:10.480899,2026-06-29T07:02:11.060990+00:00,110.3,24,bid,,,12289494
2026-06-29T17:02:10.550155,2026-06-29T07:02:11.137990+00:00,110.3,16,bid,,,12289497
2026-06-29T17:02:10.931639,2026-06-29T07:02:11.511990+00:00,110.2,5,ask,,,12289506
2026-06-29T17:02:10.955216,2026-06-29T07:02:11.544990+00:00,110.2,25,ask,,,12289507
2026-06-29T17:02:11.007364,2026-06-29T07:02:11.588990+00:00,110.2,25,ask,,,12289509
2026-06-29T17:02:11.016941,2026-06-29T07:02:11.599990+00:00,110.3,2,bid,,,12289511
2026-06-29T17:02:11.221351,2026-06-29T07:02:11.808990+00:00,110.3,2,bid,,,12289512
2026-06-29T17:02:11.426949,2026-06-29T07:02:12.006991+00:00,110.3,2,bid,,,12289514
2026-06-29T17:02:12.150457,2026-06-29T07:02:12.732990+00:00,110.3,200,ask,,,12289533
2026-06-29T17:02:13.359184,2026-06-29T07:02:13.942103+00:00,110.3,200,ask,,,12289555
2026-06-29T17:02:14.579680,2026-06-29T07:02:15.173637+00:00,110.2,1,ask,,,12289574
2026-06-29T17:02:14.622882,2026-06-29T07:02:15.206637+00:00,110.2,5,bid,,,12289576
2026-06-29T17:02:14.642055,2026-06-29T07:02:15.228637+00:00,110.2,25,bid,,,12289579
2026-06-29T17:02:14.776839,2026-06-29T07:02:15.360637+00:00,110.2,25,bid,,,12289582
2026-06-29T17:02:14.851830,2026-06-29T07:02:15.437637+00:00,110.2,25,bid,,,12289584
2026-06-29T17:02:14.988764,2026-06-29T07:02:15.580637+00:00,110.2,25,bid,,,12289586
2026-06-29T17:02:15.061707,2026-06-29T07:02:15.646637+00:00,110.2,25,bid,,,12289588
2026-06-29T17:02:15.198679,2026-06-29T07:02:15.778637+00:00,110.2,20,bid,,,12289592
2026-06-29T17:02:15.594967,2026-06-29T07:02:16.185207+00:00,110.2,49,bid,,,12289602
2026-06-29T17:02:16.259390,2026-06-29T07:02:16.845207+00:00,110.2,20,ask,,,12289610
2026-06-29T17:02:16.908617,2026-06-29T07:02:17.494208+00:00,110.2,200,ask,,,12289628
2026-06-29T17:02:16.908617,2026-06-29T07:02:17.494208+00:00,110.2,1,ask,,,12289629
2026-06-29T17:02:16.908617,2026-06-29T07:02:17.494208+00:00,110.1,1,ask,,,12289630
2026-06-29T17:02:17.204983,2026-06-29T07:02:17.791198+00:00,110.0,35,ask,,,12289635
2026-06-29T17:02:17.207847,2026-06-29T07:02:17.791198+00:00,110.0,14,ask,,,12289636
2026-06-29T17:02:18.533438,2026-06-29T07:02:19.121759+00:00,110.1,20,ask,,,12289662
2026-06-29T17:02:18.876827,2026-06-29T07:02:19.462772+00:00,110.2,25,bid,,,12289671
2026-06-29T17:02:18.880787,2026-06-29T07:02:19.462772+00:00,110.1,2,ask,,,12289672
2026-06-29T17:02:19.085212,2026-06-29T07:02:19.671780+00:00,110.1,2,ask,,,12289674
2026-06-29T17:02:19.291156,2026-06-29T07:02:19.880780+00:00,110.1,2,ask,,,12289676
2026-06-29T17:02:19.498400,2026-06-29T07:02:20.078780+00:00,110.1,2,ask,,,12289680
2026-06-29T17:02:19.704363,2026-06-29T07:02:20.287780+00:00,110.1,2,ask,,,12289683
2026-06-29T17:02:19.910218,2026-06-29T07:02:20.496780+00:00,110.1,2,ask,,,12289684
2026-06-29T17:02:20.115908,2026-06-29T07:02:20.705780+00:00,110.1,2,ask,,,12289688
2026-06-29T17:02:20.320985,2026-06-29T07:02:20.903780+00:00,110.1,2,ask,,,12289691
2026-06-29T17:02:20.525564,2026-06-29T07:02:21.112780+00:00,110.1,2,ask,,,12289694
2026-06-29T17:02:20.730418,2026-06-29T07:02:21.310314+00:00,110.1,2,ask,,,12289701
2026-06-29T17:02:20.934585,2026-06-29T07:02:21.519314+00:00,110.1,1,ask,,,12289706
2026-06-29T17:02:20.934585,2026-06-29T07:02:21.519314+00:00,110.1,1,ask,,,12289707
2026-06-29T17:02:21.144608,2026-06-29T07:02:21.728314+00:00,110.1,2,ask,,,12289716
2026-06-29T17:02:22.166312,2026-06-29T07:02:22.751314+00:00,110.2,200,ask,,,12289732
2026-06-29T17:02:22.179005,2026-06-29T07:02:22.762314+00:00,110.1,35,bid,,,12289733
2026-06-29T17:02:22.231041,2026-06-29T07:02:22.817314+00:00,110.1,25,bid,,,12289736
2026-06-29T17:02:22.356117,2026-06-29T07:02:22.938314+00:00,110.1,25,bid,,,12289739
2026-06-29T17:02:22.448103,2026-06-29T07:02:23.037314+00:00,110.1,15,bid,,,12289741
2026-06-29T17:02:23.073969,2026-06-29T07:02:23.664314+00:00,110.1,200,bid,,,12289742
2026-06-29T17:02:24.289395,2026-06-29T07:02:24.874139+00:00,110.3,200,ask,,,12289761
2026-06-29T17:02:27.413472,2026-06-29T07:02:27.997688+00:00,110.1,200,ask,,,12289822
2026-06-29T17:02:27.912556,2026-06-29T07:02:28.492688+00:00,110.1,200,bid,,,12289836
2026-06-29T17:02:28.767332,2026-06-29T07:02:29.350788+00:00,110.1,8,ask,,,12289851
2026-06-29T17:02:28.881185,2026-06-29T07:02:29.460779+00:00,110.1,8,ask,,,12289859
2026-06-29T17:02:29.001399,2026-06-29T07:02:29.581779+00:00,110.1,8,ask,,,12289867
2026-06-29T17:02:29.110037,2026-06-29T07:02:29.691779+00:00,110.1,8,ask,,,12289875
2026-06-29T17:02:29.835662,2026-06-29T07:02:30.417787+00:00,110.2,23,bid,,,12289892
2026-06-29T17:02:29.872224,2026-06-29T07:02:30.461788+00:00,110.2,25,bid,,,12289897
2026-06-29T17:02:29.941472,2026-06-29T07:02:30.527788+00:00,110.1,8,ask,,,12289899
2026-06-29T17:02:29.979669,2026-06-29T07:02:30.560788+00:00,110.2,25,bid,,,12289906
2026-06-29T17:02:30.050078,2026-06-29T07:02:30.637788+00:00,110.1,6,ask,,,12289912
2026-06-29T17:02:30.080583,2026-06-29T07:02:30.670788+00:00,110.2,25,bid,,,12289918
2026-06-29T17:02:30.188489,2026-06-29T07:02:30.769788+00:00,110.2,25,bid,,,12289922
2026-06-29T17:02:30.192158,2026-06-29T07:02:30.780788+00:00,110.1,2,ask,,,12289923
2026-06-29T17:02:30.396767,2026-06-29T07:02:30.978788+00:00,110.2,2,ask,,,12289927
2026-06-29T17:02:30.603530,2026-06-29T07:02:31.187788+00:00,110.2,2,ask,,,12289931
2026-06-29T17:02:30.808649,2026-06-29T07:02:31.396788+00:00,110.2,2,ask,,,12289934
2026-06-29T17:02:31.012821,2026-06-29T07:02:31.594788+00:00,110.2,2,ask,,,12289937
2026-06-29T17:02:31.232417,2026-06-29T07:02:31.814788+00:00,110.2,2,ask,,,12289945
2026-06-29T17:02:31.438615,2026-06-29T07:02:32.023788+00:00,110.2,2,ask,,,12289948
2026-06-29T17:02:31.555804,2026-06-29T07:02:32.144788+00:00,110.3,200,bid,,,12289952
2026-06-29T17:02:33.984772,2026-06-29T07:02:34.573981+00:00,110.1,20,ask,,,12290014
2026-06-29T17:02:35.295508,2026-06-29T07:02:35.882981+00:00,110.2,200,ask,,,12290041
2026-06-29T17:02:35.691134,2026-06-29T07:02:36.278533+00:00,110.2,20,bid,,,12290048
2026-06-29T17:02:37.909133,2026-06-29T07:02:38.489533+00:00,110.2,200,bid,,,12290085
2026-06-29T17:02:37.909133,2026-06-29T07:02:38.500533+00:00,110.3,425,bid,,,12290086
2026-06-29T17:02:41.245548,2026-06-29T07:02:41.832690+00:00,110.2,200,ask,,,12290152
2026-06-29T17:02:44.880321,2026-06-29T07:02:45.461680+00:00,110.3,200,bid,,,12290226
2026-06-29T17:02:47.320116,2026-06-29T07:02:47.903798+00:00,110.1,1,bid,,,12290282
2026-06-29T17:02:48.506572,2026-06-29T07:02:49.089767+00:00,110.0,1,ask,,,12290309
2026-06-29T17:02:48.530649,2026-06-29T07:02:49.111768+00:00,110.0,25,bid,,,12290311
2026-06-29T17:02:48.680368,2026-06-29T07:02:49.265768+00:00,110.0,19,bid,,,12290315
2026-06-29T17:02:49.693516,2026-06-29T07:02:50.288768+00:00,110.0,155,bid,,,12290345
2026-06-29T17:02:51.241457,2026-06-29T07:02:51.828788+00:00,110.1,20,bid,,,12290388
2026-06-29T17:02:52.173489,2026-06-29T07:02:52.763788+00:00,110.0,200,ask,,,12290414
2026-06-29T17:02:52.398989,2026-06-29T07:02:52.983779+00:00,109.9,1,ask,,,12290423
2026-06-29T17:02:53.632058,2026-06-29T07:02:54.214940+00:00,109.9,200,ask,,,12290456
2026-06-29T17:02:53.632058,2026-06-29T07:02:54.214940+00:00,109.8,1,ask,,,12290457
2026-06-29T17:02:54.589821,2026-06-29T07:02:55.182940+00:00,109.8,200,bid,,,12290473
2026-06-29T17:02:56.270500,2026-06-29T07:02:56.854493+00:00,109.9,5,ask,,,12290521
2026-06-29T17:02:56.270500,2026-06-29T07:02:56.854493+00:00,109.8,200,ask,,,12290522
2026-06-29T17:02:57.013646,2026-06-29T07:02:57.602503+00:00,109.8,200,bid,,,12290541
2026-06-29T17:02:57.904066,2026-06-29T07:02:58.493503+00:00,110.0,20,bid,,,12290555
2026-06-29T17:02:58.820426,2026-06-29T07:02:59.405347+00:00,110.0,20,bid,,,12290573
2026-06-29T17:02:59.738586,2026-06-29T07:03:00.328880+00:00,110.1,20,bid,,,12290585
2026-06-29T17:03:00.647782,2026-06-29T07:03:01.241871+00:00,110.0,200,bid,,,12290602
2026-06-29T17:03:01.863224,2026-06-29T07:03:02.451891+00:00,110.1,200,ask,,,12290628
2026-06-29T17:03:02.840876,2026-06-29T07:03:03.430891+00:00,110.2,2,bid,,,12290643
2026-06-29T17:03:03.073504,2026-06-29T07:03:03.661891+00:00,110.2,200,ask,,,12290647
2026-06-29T17:03:04.279850,2026-06-29T07:03:04.860448+00:00,110.1,200,bid,,,12290668
2026-06-29T17:03:05.488687,2026-06-29T07:03:06.070448+00:00,110.1,2,bid,,,12290695
2026-06-29T17:03:05.488687,2026-06-29T07:03:06.070448+00:00,110.1,198,bid,,,12290696
2026-06-29T17:03:09.085097,2026-06-29T07:03:09.665704+00:00,110.0,20,ask,,,12290775
2026-06-29T17:03:09.786487,2026-06-29T07:03:10.369724+00:00,110.0,20,ask,,,12290794
2026-06-29T17:03:10.713841,2026-06-29T07:03:11.304724+00:00,110.1,200,bid,,,12290818
2026-06-29T17:03:12.810639,2026-06-29T07:03:13.394724+00:00,110.2,1,bid,,,12290852
2026-06-29T17:03:12.810639,2026-06-29T07:03:13.394724+00:00,110.2,19,bid,,,12290853
2026-06-29T17:03:13.945888,2026-06-29T07:03:14.527274+00:00,110.1,200,ask,,,12290877
2026-06-29T17:03:15.158073,2026-06-29T07:03:20.531506+00:00,110.1,200,ask,,,12290904
2026-06-29T17:03:15.928039,2026-06-29T07:03:20.531506+00:00,110.1,35,ask,,,12290920
2026-06-29T17:03:15.935772,2026-06-29T07:03:20.531506+00:00,110.1,25,ask,,,12290921
2026-06-29T17:03:17.268392,2026-06-29T07:03:20.784506+00:00,109.9,200,ask,,,12290948
2026-06-29T17:03:17.268392,2026-06-29T07:03:20.784506+00:00,109.8,3,ask,,,12290949
2026-06-29T17:03:17.268392,2026-06-29T07:03:20.784506+00:00,109.8,422,ask,,,12290950
2026-06-29T17:03:17.299530,2026-06-29T07:03:20.784506+00:00,109.8,35,ask,,,12290953
2026-06-29T17:03:17.350428,2026-06-29T07:03:20.784506+00:00,109.8,25,ask,,,12290954
2026-06-29T17:03:17.387986,2026-06-29T07:03:21.037506+00:00,109.8,18,ask,,,12290959
2026-06-29T17:03:17.560962,2026-06-29T07:03:21.037506+00:00,109.9,25,ask,,,12290965
2026-06-29T17:03:17.563721,2026-06-29T07:03:21.037506+00:00,109.9,66,ask,,,12290966
2026-06-29T17:03:17.784786,2026-06-29T07:03:21.037506+00:00,110.2,1,bid,,,12290970
2026-06-29T17:03:17.784786,2026-06-29T07:03:21.037506+00:00,110.2,1,bid,,,12290971
2026-06-29T17:03:17.993027,2026-06-29T07:03:21.037506+00:00,110.2,2,bid,,,12290974
2026-06-29T17:03:18.198576,2026-06-29T07:03:21.037506+00:00,110.2,2,bid,,,12290981
2026-06-29T17:03:18.272175,2026-06-29T07:03:21.037506+00:00,110.0,20,ask,,,12290982
2026-06-29T17:03:18.403009,2026-06-29T07:03:21.037506+00:00,110.2,2,bid,,,12290989
2026-06-29T17:03:18.577092,2026-06-29T07:03:21.037506+00:00,110.0,180,ask,,,12290992
2026-06-29T17:03:18.607454,2026-06-29T07:03:21.037506+00:00,110.0,2,bid,,,12290993
2026-06-29T17:03:18.786043,2026-06-29T07:03:21.037506+00:00,110.0,200,bid,,,12290998
2026-06-29T17:03:18.813209,2026-06-29T07:03:21.037506+00:00,110.0,2,bid,,,12291000
2026-06-29T17:03:19.018219,2026-06-29T07:03:21.048506+00:00,110.0,2,bid,,,12291005
2026-06-29T17:03:19.223414,2026-06-29T07:03:21.048506+00:00,110.0,2,bid,,,12291010
2026-06-29T17:03:19.428626,2026-06-29T07:03:21.048506+00:00,110.0,2,bid,,,12291013
2026-06-29T17:03:19.633282,2026-06-29T07:03:21.048506+00:00,110.0,2,bid,,,12291018
2026-06-29T17:03:19.838644,2026-06-29T07:03:21.048506+00:00,110.0,2,bid,,,12291019
2026-06-29T17:03:20.043327,2026-06-29T07:03:21.048506+00:00,110.0,2,bid,,,12291026
2026-06-29T17:03:21.222628,2026-06-29T07:03:21.809497+00:00,110.0,200,ask,,,12291052
2026-06-29T17:03:23.651717,2026-06-29T07:03:24.240062+00:00,109.9,1,ask,,,12291100
2026-06-29T17:03:23.651717,2026-06-29T07:03:24.240062+00:00,109.9,199,ask,,,12291101
2026-06-29T17:03:23.922338,2026-06-29T07:03:24.504052+00:00,110.0,20,bid,,,12291107
2026-06-29T17:03:24.863931,2026-06-29T07:03:25.450062+00:00,109.9,200,ask,,,12291121
2026-06-29T17:03:25.102633,2026-06-29T07:03:25.692062+00:00,109.9,20,ask,,,12291124
2026-06-29T17:03:25.154199,2026-06-29T07:03:25.736062+00:00,109.9,280,ask,,,12291125
2026-06-29T17:03:25.154199,2026-06-29T07:03:25.736062+00:00,109.8,7,ask,,,12291126
2026-06-29T17:03:25.400814,2026-06-29T07:03:25.989067+00:00,109.8,338,bid,,,12291130
2026-06-29T17:03:27.684935,2026-06-29T07:03:28.265606+00:00,109.9,20,ask,,,12291160
2026-06-29T17:03:31.723333,2026-06-29T07:03:32.314669+00:00,109.8,2,ask,,,12291241
2026-06-29T17:03:31.723333,2026-06-29T07:03:32.314669+00:00,109.8,200,ask,,,12291242
2026-06-29T17:03:31.752390,2026-06-29T07:03:32.336670+00:00,109.8,35,bid,,,12291243
2026-06-29T17:03:31.845811,2026-06-29T07:03:32.435669+00:00,109.8,35,bid,,,12291245
2026-06-29T17:03:31.874455,2026-06-29T07:03:32.457669+00:00,109.8,25,bid,,,12291249
2026-06-29T17:03:31.940681,2026-06-29T07:03:32.523670+00:00,109.8,5,bid,,,12291252
2026-06-29T17:03:34.340794,2026-06-29T07:03:34.921140+00:00,110.0,200,bid,,,12291297
2026-06-29T17:03:34.340794,2026-06-29T07:03:34.932140+00:00,110.0,6,bid,,,12291298
2026-06-29T17:03:34.544170,2026-06-29T07:03:35.130139+00:00,110.0,200,ask,,,12291302
2026-06-29T17:03:36.971780,2026-06-29T07:03:37.560237+00:00,109.8,200,ask,,,12291347
2026-06-29T17:03:36.999790,2026-06-29T07:03:37.593238+00:00,109.8,35,bid,,,12291348
2026-06-29T17:03:38.178386,2026-06-29T07:03:38.769682+00:00,109.8,200,bid,,,12291369
2026-06-29T17:03:39.438169,2026-06-29T07:03:40.023682+00:00,109.8,25,ask,,,12291397
2026-06-29T17:03:39.493174,2026-06-29T07:03:40.078681+00:00,109.8,25,ask,,,12291399
2026-06-29T17:03:39.502991,2026-06-29T07:03:40.089682+00:00,109.8,35,ask,,,12291402
2026-06-29T17:03:39.597316,2026-06-29T07:03:40.177682+00:00,109.8,35,ask,,,12291406
2026-06-29T17:03:39.647588,2026-06-29T07:03:40.232682+00:00,109.8,25,ask,,,12291408
2026-06-29T17:03:40.696050,2026-06-29T07:03:41.277682+00:00,109.8,20,ask,,,12291428
2026-06-29T17:03:41.836383,2026-06-29T07:03:42.421114+00:00,109.8,200,ask,,,12291445
2026-06-29T17:03:42.226107,2026-06-29T07:03:42.817114+00:00,109.8,500,ask,,,12291453
2026-06-29T17:03:42.356245,2026-06-29T07:03:42.949114+00:00,109.8,125,bid,,,12291459
2026-06-29T17:03:43.531518,2026-06-29T07:03:44.114521+00:00,109.9,200,bid,,,12291492
2026-06-29T17:03:44.258264,2026-06-29T07:03:44.840521+00:00,110.0,200,ask,,,12291504
2026-06-29T17:03:44.844204,2026-06-29T07:03:45.434521+00:00,109.8,500,ask,,,12291520
2026-06-29T17:03:44.881824,2026-06-29T07:03:45.467521+00:00,109.8,25,bid,,,12291522
2026-06-29T17:03:44.890869,2026-06-29T07:03:45.478521+00:00,109.8,75,bid,,,12291523
2026-06-29T17:03:44.917306,2026-06-29T07:03:45.500521+00:00,109.8,25,bid,,,12291526
2026-06-29T17:03:46.150210,2026-06-29T07:03:46.732097+00:00,109.9,200,bid,,,12291542
2026-06-29T17:03:46.584986,2026-06-29T07:03:47.172096+00:00,109.9,20,ask,,,12291556
2026-06-29T17:03:46.674926,2026-06-29T07:03:47.260096+00:00,109.9,200,ask,,,12291560
2026-06-29T17:03:47.884921,2026-06-29T07:03:48.470097+00:00,109.8,200,ask,,,12291587
2026-06-29T17:03:48.768624,2026-06-29T07:03:49.360633+00:00,109.8,500,ask,,,12291604
2026-06-29T17:03:48.901525,2026-06-29T07:03:49.481633+00:00,109.8,25,bid,,,12291612
2026-06-29T17:03:48.906740,2026-06-29T07:03:49.492633+00:00,109.8,35,bid,,,12291613
2026-06-29T17:03:48.933145,2026-06-29T07:03:49.514633+00:00,109.8,25,bid,,,12291616
2026-06-29T17:03:48.996019,2026-06-29T07:03:49.580633+00:00,109.8,4,bid,,,12291617
2026-06-29T17:03:49.012891,2026-06-29T07:03:49.602632+00:00,109.8,36,bid,,,12291619
2026-06-29T17:03:49.096207,2026-06-29T07:03:49.690632+00:00,109.8,200,ask,,,12291621
2026-06-29T17:03:50.303606,2026-06-29T07:03:50.889633+00:00,109.9,200,ask,,,12291653
2026-06-29T17:03:51.510929,2026-06-29T07:03:52.099653+00:00,109.9,200,ask,,,12291679
2026-06-29T17:03:52.720410,2026-06-29T07:03:53.309644+00:00,109.9,200,ask,,,12291703
2026-06-29T17:03:54.463809,2026-06-29T07:03:55.058210+00:00,110.0,200,bid,,,12291734
2026-06-29T17:03:54.463809,2026-06-29T07:03:55.058210+00:00,110.0,300,bid,,,12291735
2026-06-29T17:03:55.135257,2026-06-29T07:03:55.729201+00:00,110.0,200,bid,,,12291747
2026-06-29T17:03:55.318775,2026-06-29T07:03:55.905210+00:00,110.1,3,bid,,,12291753
2026-06-29T17:03:55.342003,2026-06-29T07:03:55.938210+00:00,110.1,35,ask,,,12291757
2026-06-29T17:03:55.349282,2026-06-29T07:03:55.938210+00:00,110.1,25,ask,,,12291758
2026-06-29T17:03:55.430762,2026-06-29T07:03:56.015210+00:00,110.1,35,ask,,,12291761
2026-06-29T17:03:55.518252,2026-06-29T07:03:56.102785+00:00,110.1,25,ask,,,12291765
2026-06-29T17:03:55.521055,2026-06-29T07:03:56.113785+00:00,110.1,35,ask,,,12291766
2026-06-29T17:03:55.527951,2026-06-29T07:03:56.113785+00:00,110.2,2,bid,,,12291768
2026-06-29T17:03:55.732213,2026-06-29T07:03:56.322785+00:00,110.2,2,bid,,,12291772
2026-06-29T17:03:56.630780,2026-06-29T07:03:57.213319+00:00,110.2,4,bid,,,12291783
2026-06-29T17:03:56.630780,2026-06-29T07:03:57.213319+00:00,110.2,200,bid,,,12291784
2026-06-29T17:03:56.651752,2026-06-29T07:03:57.246318+00:00,110.2,3,ask,,,12291786
2026-06-29T17:03:57.957560,2026-06-29T07:03:58.544309+00:00,110.1,200,ask,,,12291815
2026-06-29T17:03:58.419350,2026-06-29T07:03:59.005898+00:00,110.1,35,bid,,,12291826
2026-06-29T17:03:58.508220,2026-06-29T07:03:59.093899+00:00,110.1,14,bid,,,12291831
2026-06-29T17:03:58.762949,2026-06-29T07:03:59.346889+00:00,110.1,200,bid,,,12291840
2026-06-29T17:03:58.962398,2026-06-29T07:03:59.544889+00:00,110.1,20,bid,,,12291844
2026-06-29T17:03:59.264502,2026-06-29T07:03:59.852918+00:00,110.1,6,bid,,,12291857
2026-06-29T17:03:59.779980,2026-06-29T07:04:00.369918+00:00,110.3,20,bid,,,12291861
2026-06-29T17:03:59.951856,2026-06-29T07:04:00.534911+00:00,110.2,2,ask,,,12291862
2026-06-29T17:04:00.126251,2026-06-29T07:04:00.710918+00:00,110.2,2,ask,,,12291867
2026-06-29T17:04:01.098270,2026-06-29T07:04:01.678918+00:00,110.2,3,ask,,,12291890
2026-06-29T17:04:01.164379,2026-06-29T07:04:01.744918+00:00,110.2,3,ask,,,12291891
2026-06-29T17:04:01.168287,2026-06-29T07:04:01.755909+00:00,110.2,25,ask,,,12291892
2026-06-29T17:04:01.175195,2026-06-29T07:04:01.755909+00:00,110.3,1,bid,,,12291894
2026-06-29T17:04:01.175195,2026-06-29T07:04:01.766918+00:00,110.3,1,bid,,,12291895
2026-06-29T17:04:01.995809,2026-06-29T07:04:02.580918+00:00,110.3,2,bid,,,12291924
2026-06-29T17:04:02.200618,2026-06-29T07:04:02.789918+00:00,110.3,1,bid,,,12291926
2026-06-29T17:04:02.200618,2026-06-29T07:04:02.789918+00:00,110.4,1,bid,,,12291927
2026-06-29T17:04:03.032886,2026-06-29T07:04:03.614918+00:00,110.3,2,bid,,,12291948
2026-06-29T17:04:03.238167,2026-06-29T07:04:03.823475+00:00,110.3,2,bid,,,12291954
2026-06-29T17:04:03.653075,2026-06-29T07:04:04.241475+00:00,110.2,1,bid,,,12291967
2026-06-29T17:04:05.386573,2026-06-29T07:04:05.979496+00:00,110.2,1,ask,,,12291997
2026-06-29T17:04:06.580121,2026-06-29T07:04:07.167052+00:00,110.3,500,bid,,,12292022
2026-06-29T17:04:10.230090,2026-06-29T07:04:10.818141+00:00,110.4,200,bid,,,12292105
2026-06-29T17:04:10.230090,2026-06-29T07:04:10.818141+00:00,110.4,300,bid,,,12292106
2026-06-29T17:04:10.831119,2026-06-29T07:04:11.412141+00:00,110.3,1,bid,,,12292120
2026-06-29T17:04:10.831119,2026-06-29T07:04:11.423141+00:00,110.4,325,bid,,,12292121
2026-06-29T17:04:11.071970,2026-06-29T07:04:11.654141+00:00,110.5,25,ask,,,12292129
2026-06-29T17:04:11.127800,2026-06-29T07:04:11.709141+00:00,110.5,35,ask,,,12292132
2026-06-29T17:04:11.216722,2026-06-29T07:04:11.797134+00:00,110.5,35,ask,,,12292136
2026-06-29T17:04:11.219567,2026-06-29T07:04:11.808141+00:00,110.5,25,ask,,,12292137
2026-06-29T17:04:11.280745,2026-06-29T07:04:11.863141+00:00,110.5,25,ask,,,12292139
2026-06-29T17:04:11.298239,2026-06-29T07:04:11.885141+00:00,110.5,20,ask,,,12292141
2026-06-29T17:04:11.305189,2026-06-29T07:04:11.896141+00:00,110.5,5,ask,,,12292143
2026-06-29T17:04:13.958768,2026-06-29T07:04:14.547265+00:00,110.4,1,ask,,,12292186
2026-06-29T17:04:14.527682,2026-06-29T07:04:15.119265+00:00,110.4,200,ask,,,12292198
2026-06-29T17:04:16.944586,2026-06-29T07:04:17.538819+00:00,110.4,200,ask,,,12292242
2026-06-29T17:04:17.013045,2026-06-29T07:04:17.593819+00:00,110.4,1,ask,,,12292245
2026-06-29T17:04:17.423292,2026-06-29T07:04:18.022819+00:00,110.4,35,ask,,,12292257
2026-06-29T17:04:17.440232,2026-06-29T07:04:18.022819+00:00,110.4,25,ask,,,12292259
2026-06-29T17:04:17.512850,2026-06-29T07:04:18.099819+00:00,110.4,25,ask,,,12292263
2026-06-29T17:04:17.520329,2026-06-29T07:04:18.110819+00:00,110.4,1,ask,,,12292266
2026-06-29T17:04:18.151733,2026-06-29T07:04:18.736319+00:00,110.3,200,ask,,,12292279
2026-06-29T17:04:19.358701,2026-06-29T07:04:19.947328+00:00,110.3,200,ask,,,12292310
2026-06-29T17:04:19.929687,2026-06-29T07:04:20.519328+00:00,110.4,25,ask,,,12292314
2026-06-29T17:04:20.054109,2026-06-29T07:04:20.640328+00:00,110.4,25,ask,,,12292318
2026-06-29T17:04:20.147917,2026-06-29T07:04:20.728328+00:00,110.4,25,ask,,,12292320
2026-06-29T17:04:20.258584,2026-06-29T07:04:20.849328+00:00,110.4,425,ask,,,12292325
2026-06-29T17:04:20.361697,2026-06-29T07:04:20.948328+00:00,110.4,2,bid,,,12292330
2026-06-29T17:04:20.581168,2026-06-29T07:04:21.168328+00:00,110.4,2,bid,,,12292338
2026-06-29T17:04:20.785830,2026-06-29T07:04:21.366328+00:00,110.4,2,bid,,,12292339
2026-06-29T17:04:20.991256,2026-06-29T07:04:21.575328+00:00,110.4,2,bid,,,12292341
2026-06-29T17:04:21.199144,2026-06-29T07:04:21.784328+00:00,110.4,1,bid,,,12292344
2026-06-29T17:04:21.369684,2026-06-29T07:04:21.960319+00:00,110.3,1,ask,,,12292354
2026-06-29T17:04:21.369684,2026-06-29T07:04:21.960319+00:00,110.3,19,ask,,,12292355
2026-06-29T17:04:21.785944,2026-06-29T07:04:22.378319+00:00,110.4,200,ask,,,12292372
2026-06-29T17:04:23.808364,2026-06-29T07:04:24.390415+00:00,110.4,25,ask,,,12292407
2026-06-29T17:04:23.874301,2026-06-29T07:04:24.467424+00:00,110.4,25,ask,,,12292410
2026-06-29T17:04:24.022920,2026-06-29T07:04:24.610424+00:00,110.4,19,ask,,,12292417
2026-06-29T17:04:24.083286,2026-06-29T07:04:24.665424+00:00,110.4,25,ask,,,12292419
2026-06-29T17:04:24.204074,2026-06-29T07:04:24.786424+00:00,110.5,1,bid,,,12292425
2026-06-29T17:04:24.216170,2026-06-29T07:04:24.797424+00:00,110.5,199,ask,,,12292428
2026-06-29T17:04:24.293442,2026-06-29T07:04:24.874424+00:00,110.4,25,ask,,,12292430
2026-06-29T17:04:25.415597,2026-06-29T07:04:25.996424+00:00,110.5,200,bid,,,12292459
2026-06-29T17:04:25.526580,2026-06-29T07:04:26.116971+00:00,110.5,2,bid,,,12292465
2026-06-29T17:04:26.116730,2026-06-29T07:04:26.699980+00:00,110.5,1,ask,,,12292481
2026-06-29T17:04:26.528687,2026-06-29T07:04:27.117971+00:00,110.5,4,ask,,,12292495
2026-06-29T17:04:26.767684,2026-06-29T07:04:27.348981+00:00,110.5,1,ask,,,12292499
2026-06-29T17:04:31.550635,2026-06-29T07:04:32.134010+00:00,110.4,35,bid,,,12292565
2026-06-29T17:04:31.593140,2026-06-29T07:04:32.178010+00:00,110.4,25,bid,,,12292568
2026-06-29T17:04:31.641188,2026-06-29T07:04:32.222010+00:00,110.4,35,bid,,,12292570
2026-06-29T17:04:31.656366,2026-06-29T07:04:32.244010+00:00,110.4,25,bid,,,12292575
2026-06-29T17:04:31.733586,2026-06-29T07:04:32.321002+00:00,110.4,30,bid,,,12292576
2026-06-29T17:04:32.079852,2026-06-29T07:04:32.662011+00:00,110.3,1,ask,,,12292587
2026-06-29T17:04:32.144732,2026-06-29T07:04:32.728010+00:00,110.3,1,bid,,,12292588
2026-06-29T17:04:32.696639,2026-06-29T07:04:33.278002+00:00,110.3,200,bid,,,12292594
2026-06-29T17:04:33.386863,2026-06-29T07:04:33.970699+00:00,110.4,18,bid,,,12292611
2026-06-29T17:04:33.401426,2026-06-29T07:04:33.981699+00:00,110.4,25,ask,,,12292612
2026-06-29T17:04:33.441161,2026-06-29T07:04:34.025698+00:00,110.4,25,ask,,,12292615
2026-06-29T17:04:35.590323,2026-06-29T07:04:36.180781+00:00,110.5,3,bid,,,12292647
2026-06-29T17:04:35.590323,2026-06-29T07:04:36.180781+00:00,110.5,17,bid,,,12292648
2026-06-29T17:04:36.006984,2026-06-29T07:04:36.587782+00:00,110.4,200,ask,,,12292661
2026-06-29T17:04:36.006984,2026-06-29T07:04:36.598782+00:00,110.3,425,ask,,,12292662
2026-06-29T17:04:37.313880,2026-06-29T07:04:37.896782+00:00,110.5,200,bid,,,12292681
2026-06-29T17:04:37.313880,2026-06-29T07:04:37.896782+00:00,110.5,6,bid,,,12292682
2026-06-29T17:04:37.539436,2026-06-29T07:04:38.127781+00:00,110.5,200,ask,,,12292688
2026-06-29T17:04:38.639022,2026-06-29T07:04:39.226644+00:00,110.4,1,ask,,,12292716
2026-06-29T17:04:38.655177,2026-06-29T07:04:39.237645+00:00,110.4,35,bid,,,12292717
2026-06-29T17:04:38.708131,2026-06-29T07:04:39.292645+00:00,110.4,25,bid,,,12292721
2026-06-29T17:04:38.746891,2026-06-29T07:04:39.336644+00:00,110.4,35,bid,,,12292723
2026-06-29T17:04:38.759616,2026-06-29T07:04:39.347644+00:00,110.4,200,bid,,,12292726
2026-06-29T17:04:38.846000,2026-06-29T07:04:39.435644+00:00,110.3,35,ask,,,12292730
2026-06-29T17:04:39.313892,2026-06-29T07:04:39.897644+00:00,110.4,329,bid,,,12292736
2026-06-29T17:04:39.519782,2026-06-29T07:04:40.106644+00:00,110.5,7,bid,,,12292746
2026-06-29T17:04:39.523791,2026-06-29T07:04:40.106644+00:00,110.6,2,bid,,,12292747
2026-06-29T17:04:39.728337,2026-06-29T07:04:40.315644+00:00,110.6,2,bid,,,12292751
2026-06-29T17:04:39.892607,2026-06-29T07:04:40.480178+00:00,110.5,6,bid,,,12292753
2026-06-29T17:04:39.935089,2026-06-29T07:04:40.524178+00:00,110.6,2,bid,,,12292756
2026-06-29T17:04:39.944374,2026-06-29T07:04:40.535177+00:00,110.6,194,bid,,,12292757
2026-06-29T17:04:39.969658,2026-06-29T07:04:40.557178+00:00,110.6,200,ask,,,12292759
2026-06-29T17:04:40.139845,2026-06-29T07:04:40.722178+00:00,110.8,1,bid,,,12292762
2026-06-29T17:04:40.139845,2026-06-29T07:04:40.722178+00:00,110.8,1,bid,,,12292763
2026-06-29T17:04:40.346827,2026-06-29T07:04:40.931178+00:00,110.8,2,bid,,,12292770
2026-06-29T17:04:40.552275,2026-06-29T07:04:41.140169+00:00,110.8,2,bid,,,12292779
2026-06-29T17:04:40.610121,2026-06-29T07:04:41.195169+00:00,110.8,20,bid,,,12292781
2026-06-29T17:04:40.764495,2026-06-29T07:04:41.349168+00:00,110.8,2,bid,,,12292783
2026-06-29T17:04:40.971458,2026-06-29T07:04:41.558177+00:00,110.7,2,bid,,,12292791
2026-06-29T17:04:41.177217,2026-06-29T07:04:41.767178+00:00,110.7,2,bid,,,12292799
2026-06-29T17:04:41.179438,2026-06-29T07:04:41.767178+00:00,110.7,2,bid,,,12292800
2026-06-29T17:04:41.263642,2026-06-29T07:04:41.844178+00:00,110.7,198,ask,,,12292802
2026-06-29T17:04:41.344759,2026-06-29T07:04:41.932178+00:00,110.5,35,bid,,,12292803
2026-06-29T17:04:41.384809,2026-06-29T07:04:41.965178+00:00,110.5,25,bid,,,12292806
2026-06-29T17:04:41.429563,2026-06-29T07:04:42.020178+00:00,110.5,25,bid,,,12292808
2026-06-29T17:04:41.432795,2026-06-29T07:04:42.020178+00:00,110.5,25,bid,,,12292809
2026-06-29T17:04:41.592855,2026-06-29T07:04:42.174178+00:00,110.5,25,bid,,,12292813
2026-06-29T17:04:42.389362,2026-06-29T07:04:42.977178+00:00,110.5,200,bid,,,12292839
2026-06-29T17:04:42.621495,2026-06-29T07:04:43.208178+00:00,110.5,2,ask,,,12292847
2026-06-29T17:04:42.827910,2026-06-29T07:04:43.417173+00:00,110.5,2,ask,,,12292848
2026-06-29T17:04:43.033815,2026-06-29T07:04:43.615189+00:00,110.5,2,ask,,,12292850
2026-06-29T17:04:45.187631,2026-06-29T07:04:45.770755+00:00,110.6,5,bid,,,12292896
2026-06-29T17:04:47.234003,2026-06-29T07:04:47.827302+00:00,110.7,3,bid,,,12292932
2026-06-29T17:04:47.246542,2026-06-29T07:04:47.827302+00:00,110.7,25,ask,,,12292933
2026-06-29T17:04:47.246680,2026-06-29T07:04:47.838303+00:00,110.7,25,ask,,,12292934
2026-06-29T17:04:47.295974,2026-06-29T07:04:47.882302+00:00,110.7,35,ask,,,12292938
2026-06-29T17:04:47.384781,2026-06-29T07:04:47.970302+00:00,110.7,15,ask,,,12292942
2026-06-29T17:04:53.877002,2026-06-29T07:04:54.469514+00:00,110.9,7,bid,,,12293053
2026-06-29T17:04:53.877002,2026-06-29T07:04:54.469514+00:00,110.9,18,bid,,,12293054
2026-06-29T17:04:53.877243,2026-06-29T07:04:54.469514+00:00,110.9,25,bid,,,12293055
2026-06-29T17:04:53.883351,2026-06-29T07:04:54.469514+00:00,110.9,35,bid,,,12293056
2026-06-29T17:04:53.971789,2026-06-29T07:04:54.557514+00:00,110.9,15,bid,,,12293061
2026-06-29T17:04:54.370045,2026-06-29T07:04:54.953534+00:00,110.9,107,bid,,,12293076
2026-06-29T17:04:54.764194,2026-06-29T07:04:55.349534+00:00,110.9,20,ask,,,12293081
2026-06-29T17:04:57.492028,2026-06-29T07:04:58.076627+00:00,111.0,20,bid,,,12293128
2026-06-29T17:04:58.307132,2026-06-29T07:04:58.890415+00:00,111.0,200,bid,,,12293141
2026-06-29T17:04:59.699135,2026-06-29T07:05:00.287426+00:00,111.0,25,bid,,,12293169
2026-06-29T17:04:59.702685,2026-06-29T07:05:00.287426+00:00,111.0,25,bid,,,12293170
2026-06-29T17:04:59.910604,2026-06-29T07:05:00.496427+00:00,111.0,25,bid,,,12293173
2026-06-29T17:04:59.913132,2026-06-29T07:05:00.496427+00:00,111.0,25,bid,,,12293174
2026-06-29T17:05:00.120087,2026-06-29T07:05:00.705435+00:00,111.0,25,bid,,,12293179
2026-06-29T17:05:00.122459,2026-06-29T07:05:00.705435+00:00,111.0,25,bid,,,12293180
2026-06-29T17:05:00.938512,2026-06-29T07:05:01.530435+00:00,111.0,200,bid,,,12293198
2026-06-29T17:05:02.226847,2026-06-29T07:05:02.817436+00:00,111.0,20,ask,,,12293221
2026-06-29T17:05:02.256472,2026-06-29T07:05:02.839435+00:00,111.0,200,ask,,,12293225
2026-06-29T17:05:04.180444,2026-06-29T07:05:04.763219+00:00,111.0,1,bid,,,12293250
2026-06-29T17:05:04.180444,2026-06-29T07:05:04.774219+00:00,111.1,199,bid,,,12293251
2026-06-29T17:05:06.598279,2026-06-29T07:05:07.182773+00:00,110.9,200,ask,,,12293302
2026-06-29T17:05:07.543977,2026-06-29T07:05:08.128784+00:00,110.9,6,bid,,,12293320
2026-06-29T17:05:07.546835,2026-06-29T07:05:08.128784+00:00,110.9,25,bid,,,12293321
2026-06-29T17:05:07.766505,2026-06-29T07:05:08.348784+00:00,110.9,25,bid,,,12293326
2026-06-29T17:05:07.977149,2026-06-29T07:05:08.557784+00:00,110.9,25,bid,,,12293332
2026-06-29T17:05:12.647434,2026-06-29T07:05:13.231483+00:00,110.9,200,ask,,,12293425
2026-06-29T17:05:13.855189,2026-06-29T07:05:14.441040+00:00,110.8,200,ask,,,12293443
2026-06-29T17:05:18.689184,2026-06-29T07:05:19.279306+00:00,111.0,20,bid,,,12293536
2026-06-29T17:05:19.323830,2026-06-29T07:05:19.906306+00:00,110.9,200,ask,,,12293554
2026-06-29T17:05:22.350116,2026-06-29T07:05:22.931327+00:00,110.9,200,ask,,,12293627
2026-06-29T17:05:22.912639,2026-06-29T07:05:23.503326+00:00,110.9,425,ask,,,12293631
2026-06-29T17:05:23.001105,2026-06-29T07:05:23.591327+00:00,110.9,8,bid,,,12293635
2026-06-29T17:05:23.108168,2026-06-29T07:05:23.701326+00:00,110.9,8,bid,,,12293642
2026-06-29T17:05:23.214818,2026-06-29T07:05:23.799784+00:00,110.9,7,bid,,,12293649
2026-06-29T17:05:23.256148,2026-06-29T07:05:23.843784+00:00,110.7,2,ask,,,12293654
2026-06-29T17:05:23.562671,2026-06-29T07:05:24.151784+00:00,110.7,200,bid,,,12293660
2026-06-29T17:05:23.679755,2026-06-29T07:05:24.274775+00:00,110.7,20,bid,,,12293667
2026-06-29T17:05:24.772072,2026-06-29T07:05:25.352785+00:00,110.7,200,ask,,,12293684
2026-06-29T17:05:25.977421,2026-06-29T07:05:26.562328+00:00,110.8,200,bid,,,12293693
2026-06-29T17:05:26.170793,2026-06-29T07:05:26.751328+00:00,110.6,20,ask,,,12293700
2026-06-29T17:05:26.665523,2026-06-29T07:05:27.246328+00:00,110.8,20,bid,,,12293708
2026-06-29T17:05:29.622143,2026-06-29T07:05:30.203725+00:00,110.7,6,ask,,,12293760
2026-06-29T17:05:29.622143,2026-06-29T07:05:30.203725+00:00,110.7,194,ask,,,12293761
2026-06-29T17:05:30.834183,2026-06-29T07:05:31.424744+00:00,110.7,7,ask,,,12293780
2026-06-29T17:05:33.254368,2026-06-29T07:05:33.844877+00:00,110.6,5,ask,,,12293823
2026-06-29T17:05:33.397315,2026-06-29T07:05:33.987877+00:00,110.5,25,ask,,,12293825
2026-06-29T17:05:33.419469,2026-06-29T07:05:34.009877+00:00,110.5,35,ask,,,12293828
2026-06-29T17:05:33.427382,2026-06-29T07:05:34.009877+00:00,110.5,25,ask,,,12293829
2026-06-29T17:05:33.509841,2026-06-29T07:05:34.097877+00:00,110.5,35,ask,,,12293834
2026-06-29T17:05:33.598420,2026-06-29T07:05:34.185877+00:00,110.5,28,ask,,,12293837
2026-06-29T17:05:34.462738,2026-06-29T07:05:35.043877+00:00,110.5,3,ask,,,12293856
2026-06-29T17:05:34.462738,2026-06-29T07:05:35.054877+00:00,110.5,197,ask,,,12293857
2026-06-29T17:05:35.061947,2026-06-29T07:05:35.659868+00:00,110.6,4,ask,,,12293871
2026-06-29T17:05:35.061947,2026-06-29T07:05:35.659868+00:00,110.5,500,ask,,,12293872
2026-06-29T17:05:35.125662,2026-06-29T07:05:35.736868+00:00,110.5,1,bid,,,12293873
2026-06-29T17:05:35.617019,2026-06-29T07:05:36.198449+00:00,110.5,120,bid,,,12293879
2026-06-29T17:05:36.223740,2026-06-29T07:05:36.814469+00:00,110.6,200,bid,,,12293892
2026-06-29T17:05:39.013248,2026-06-29T07:05:39.596686+00:00,110.6,200,bid,,,12293936
2026-06-29T17:05:42.917516,2026-06-29T07:05:43.501685+00:00,110.7,200,bid,,,12294006
2026-06-29T17:05:42.995318,2026-06-29T07:05:43.578685+00:00,110.7,35,ask,,,12294008
2026-06-29T17:05:43.026377,2026-06-29T07:05:43.611685+00:00,110.7,25,ask,,,12294010
2026-06-29T17:05:43.036392,2026-06-29T07:05:43.622685+00:00,110.9,2,bid,,,12294013
2026-06-29T17:05:43.240819,2026-06-29T07:05:43.830336+00:00,110.9,2,bid,,,12294020
2026-06-29T17:05:43.445009,2026-06-29T07:05:44.028336+00:00,110.9,2,bid,,,12294024
2026-06-29T17:05:43.652161,2026-06-29T07:05:44.237337+00:00,110.9,2,bid,,,12294027
2026-06-29T17:05:43.856813,2026-06-29T07:05:44.446336+00:00,110.9,2,bid,,,12294028
2026-06-29T17:05:44.066913,2026-06-29T07:05:44.655336+00:00,110.9,1,bid,,,12294035
2026-06-29T17:05:44.219225,2026-06-29T07:05:44.809336+00:00,110.8,20,bid,,,12294040
2026-06-29T17:05:46.521674,2026-06-29T07:05:47.118920+00:00,110.9,4,bid,,,12294067
2026-06-29T17:05:46.521674,2026-06-29T07:05:47.118920+00:00,110.9,200,bid,,,12294068
2026-06-29T17:05:48.184952,2026-06-29T07:05:48.767194+00:00,111.0,3,bid,,,12294107
2026-06-29T17:05:48.989946,2026-06-29T07:05:49.570194+00:00,111.0,200,ask,,,12294126
2026-06-29T17:05:49.581445,2026-06-29T07:05:50.164202+00:00,111.1,35,bid,,,12294147
2026-06-29T17:05:49.671376,2026-06-29T07:05:50.263203+00:00,111.1,35,bid,,,12294150
2026-06-29T17:05:49.675519,2026-06-29T07:05:50.263203+00:00,111.1,25,bid,,,12294151
2026-06-29T17:05:49.696161,2026-06-29T07:05:50.285202+00:00,111.1,25,bid,,,12294156
2026-06-29T17:05:49.773669,2026-06-29T07:05:50.362202+00:00,111.1,30,bid,,,12294157
2026-06-29T17:05:51.003156,2026-06-29T07:05:58.369342+00:00,110.9,20,ask,,,12294179
2026-06-29T17:05:52.121894,2026-06-29T07:05:59.908019+00:00,111.0,2,bid,,,12294200
2026-06-29T17:05:52.627921,2026-06-29T07:06:00.755019+00:00,111.0,200,ask,,,12294216
2026-06-29T17:05:56.251373,2026-06-29T07:06:02.350020+00:00,110.9,200,bid,,,12294293
2026-06-29T17:05:57.481857,2026-06-29T07:06:02.636019+00:00,110.9,35,ask,,,12294315
2026-06-29T17:05:57.494135,2026-06-29T07:06:02.636019+00:00,110.9,18,ask,,,12294316
2026-06-29T17:05:59.994830,2026-06-29T07:06:02.955010+00:00,110.8,500,ask,,,12294346
2026-06-29T17:06:00.439238,2026-06-29T07:06:02.988011+00:00,110.8,125,bid,,,12294349
2026-06-29T17:06:01.300731,2026-06-29T07:06:03.131010+00:00,111.0,200,bid,,,12294357
2026-06-29T17:06:01.310236,2026-06-29T07:06:03.131010+00:00,111.0,25,ask,,,12294358
2026-06-29T17:06:01.322889,2026-06-29T07:06:03.131010+00:00,111.0,25,ask,,,12294360
2026-06-29T17:06:01.660621,2026-06-29T07:06:03.164010+00:00,111.0,20,ask,,,12294364
2026-06-29T17:06:02.229444,2026-06-29T07:06:03.164010+00:00,111.0,20,ask,,,12294369
2026-06-29T17:06:08.361756,2026-06-29T07:06:08.947425+00:00,111.2,200,bid,,,12294469
2026-06-29T17:06:09.170706,2026-06-29T07:06:09.761426+00:00,111.2,500,bid,,,12294480
2026-06-29T17:06:09.510832,2026-06-29T07:06:10.091417+00:00,111.2,125,ask,,,12294490
2026-06-29T17:06:10.491466,2026-06-29T07:06:11.080706+00:00,111.1,200,ask,,,12294504
2026-06-29T17:06:10.491466,2026-06-29T07:06:11.080706+00:00,111.0,5,ask,,,12294505
2026-06-29T17:06:10.540636,2026-06-29T07:06:11.124706+00:00,111.0,25,bid,,,12294507
2026-06-29T17:06:10.551675,2026-06-29T07:06:11.146706+00:00,111.0,67,bid,,,12294509
2026-06-29T17:06:10.557167,2026-06-29T07:06:11.146706+00:00,111.0,25,bid,,,12294510
2026-06-29T17:06:10.767436,2026-06-29T07:06:11.355706+00:00,111.0,25,bid,,,12294515
2026-06-29T17:06:10.772576,2026-06-29T07:06:11.355706+00:00,111.0,14,bid,,,12294516
2026-06-29T17:06:10.783286,2026-06-29T07:06:11.366706+00:00,111.0,200,bid,,,12294518
2026-06-29T17:06:11.857690,2026-06-29T07:06:12.444706+00:00,111.1,57,ask,,,12294554
2026-06-29T17:06:12.001542,2026-06-29T07:06:12.587706+00:00,111.1,200,ask,,,12294557
2026-06-29T17:06:15.282532,2026-06-29T07:06:15.865283+00:00,111.1,20,ask,,,12294619
2026-06-29T17:06:18.117132,2026-06-29T07:06:18.702835+00:00,111.1,35,ask,,,12294691
2026-06-29T17:06:18.184954,2026-06-29T07:06:18.767487+00:00,111.1,25,ask,,,12294693
2026-06-29T17:06:18.192873,2026-06-29T07:06:18.778495+00:00,111.1,25,ask,,,12294695
2026-06-29T17:06:18.206844,2026-06-29T07:06:18.789495+00:00,111.1,35,ask,,,12294698
2026-06-29T17:06:18.296423,2026-06-29T07:06:18.877495+00:00,111.1,20,ask,,,12294701
2026-06-29T17:06:20.988825,2026-06-29T07:06:21.572495+00:00,111.0,200,bid,,,12294764
2026-06-29T17:06:23.620995,2026-06-29T07:06:24.211725+00:00,110.9,1,ask,,,12294822
2026-06-29T17:06:24.928774,2026-06-29T07:06:25.509725+00:00,110.8,1,ask,,,12294854
2026-06-29T17:06:26.236698,2026-06-29T07:06:26.818296+00:00,110.7,4,ask,,,12294900
2026-06-29T17:06:26.236698,2026-06-29T07:06:26.829296+00:00,110.6,1,ask,,,12294901
2026-06-29T17:06:26.236698,2026-06-29T07:06:26.829296+00:00,110.6,200,ask,,,12294902
2026-06-29T17:06:26.236698,2026-06-29T07:06:26.829296+00:00,110.6,420,ask,,,12294903
2026-06-29T17:06:26.558052,2026-06-29T07:06:27.147821+00:00,110.8,8,bid,,,12294912
2026-06-29T17:06:26.660649,2026-06-29T07:06:27.246821+00:00,110.8,8,bid,,,12294918
2026-06-29T17:06:26.764895,2026-06-29T07:06:27.345820+00:00,110.8,7,bid,,,12294925
2026-06-29T17:06:27.190723,2026-06-29T07:06:27.774820+00:00,110.7,4,ask,,,12294935
2026-06-29T17:06:27.190723,2026-06-29T07:06:27.785820+00:00,110.7,49,ask,,,12294936
2026-06-29T17:06:27.216784,2026-06-29T07:06:27.807821+00:00,110.7,25,ask,,,12294938
2026-06-29T17:06:27.219457,2026-06-29T07:06:27.807821+00:00,110.7,25,ask,,,12294939
2026-06-29T17:06:27.427235,2026-06-29T07:06:28.016821+00:00,110.7,25,ask,,,12294951
2026-06-29T17:06:27.430594,2026-06-29T07:06:28.016821+00:00,110.7,25,ask,,,12294954
2026-06-29T17:06:28.042847,2026-06-29T07:06:28.632829+00:00,110.8,2,ask,,,12294973
2026-06-29T17:06:28.582705,2026-06-29T07:06:29.171386+00:00,110.9,20,bid,,,12294985
2026-06-29T17:06:28.857010,2026-06-29T07:06:29.446386+00:00,110.8,1,ask,,,12294988
2026-06-29T17:06:28.955945,2026-06-29T07:06:29.545386+00:00,110.8,200,bid,,,12294992
2026-06-29T17:06:33.464448,2026-06-29T07:06:34.055574+00:00,110.9,25,ask,,,12295082
2026-06-29T17:06:33.663175,2026-06-29T07:06:34.253080+00:00,110.9,25,ask,,,12295084
2026-06-29T17:06:33.673735,2026-06-29T07:06:34.264080+00:00,110.9,25,ask,,,12295086
2026-06-29T17:06:33.804130,2026-06-29T07:06:34.388080+00:00,111.0,200,bid,,,12295096
2026-06-29T17:06:33.873066,2026-06-29T07:06:34.454081+00:00,110.8,25,ask,,,12295097
2026-06-29T17:06:33.891754,2026-06-29T07:06:34.476080+00:00,110.8,25,ask,,,12295099
2026-06-29T17:06:34.087852,2026-06-29T07:06:34.674080+00:00,110.8,25,ask,,,12295109
2026-06-29T17:06:35.406148,2026-06-29T07:06:36.016089+00:00,110.9,200,ask,,,12295142
2026-06-29T17:06:36.217969,2026-06-29T07:06:36.807643+00:00,110.9,200,bid,,,12295160
2026-06-29T17:06:39.337664,2026-06-29T07:06:39.930193+00:00,111.1,6,bid,,,12295199
2026-06-29T17:06:39.337664,2026-06-29T07:06:39.930193+00:00,111.1,200,bid,,,12295200
2026-06-29T17:06:39.337664,2026-06-29T07:06:39.930193+00:00,111.1,419,bid,,,12295201
2026-06-29T17:06:39.805362,2026-06-29T07:06:40.403194+00:00,111.1,7,bid,,,12295211
2026-06-29T17:06:39.805362,2026-06-29T07:06:40.403194+00:00,111.1,28,bid,,,12295212
2026-06-29T17:06:39.901699,2026-06-29T07:06:40.491194+00:00,111.1,11,bid,,,12295215
2026-06-29T17:06:42.239619,2026-06-29T07:06:42.823194+00:00,111.0,200,ask,,,12295262
2026-06-29T17:06:42.239619,2026-06-29T07:06:42.823194+00:00,111.0,300,ask,,,12295263
2026-06-29T17:06:42.833308,2026-06-29T07:06:43.417214+00:00,111.0,325,ask,,,12295278
2026-06-29T17:06:43.271532,2026-06-29T07:06:43.866724+00:00,110.9,200,ask,,,12295293
2026-06-29T17:06:44.586158,2026-06-29T07:06:45.175725+00:00,110.9,200,bid,,,12295319
2026-06-29T17:06:44.651402,2026-06-29T07:06:45.252724+00:00,110.9,425,ask,,,12295321
2026-06-29T17:06:45.904167,2026-06-29T07:06:46.495301+00:00,110.8,2,ask,,,12295340
2026-06-29T17:06:45.904167,2026-06-29T07:06:46.495301+00:00,110.8,200,ask,,,12295341
2026-06-29T17:06:49.287472,2026-06-29T07:06:49.871455+00:00,110.8,35,bid,,,12295408
2026-06-29T17:06:49.335947,2026-06-29T07:06:49.926455+00:00,110.8,25,bid,,,12295412
2026-06-29T17:06:49.339343,2026-06-29T07:06:49.926455+00:00,110.8,25,bid,,,12295413
2026-06-29T17:06:49.378945,2026-06-29T07:06:49.970455+00:00,110.8,35,bid,,,12295415
2026-06-29T17:06:49.469149,2026-06-29T07:06:50.058455+00:00,110.8,30,bid,,,12295417
2026-06-29T17:06:50.107422,2026-06-29T07:06:50.696446+00:00,110.8,500,ask,,,12295426
2026-06-29T17:06:50.702050,2026-06-29T07:06:51.290455+00:00,110.8,125,ask,,,12295439
2026-06-29T17:06:51.148197,2026-06-29T07:06:51.741446+00:00,110.7,8,ask,,,12295452
2026-06-29T17:06:51.148197,2026-06-29T07:06:51.741446+00:00,110.7,200,ask,,,12295453
2026-06-29T17:06:52.072366,2026-06-29T07:06:52.654455+00:00,110.7,20,bid,,,12295462
2026-06-29T17:06:54.396620,2026-06-29T07:06:54.986087+00:00,110.7,200,bid,,,12295508
2026-06-29T17:06:55.106390,2026-06-29T07:06:55.690079+00:00,110.6,8,ask,,,12295525
2026-06-29T17:06:55.475089,2026-06-29T07:06:56.064087+00:00,110.7,8,ask,,,12295536
2026-06-29T17:06:55.664148,2026-06-29T07:06:56.250627+00:00,110.6,8,ask,,,12295545
2026-06-29T17:06:55.772393,2026-06-29T07:06:56.360630+00:00,110.6,8,ask,,,12295551
2026-06-29T17:06:56.115676,2026-06-29T07:06:56.701160+00:00,110.6,8,ask,,,12295560
2026-06-29T17:06:56.207086,2026-06-29T07:06:56.789160+00:00,110.6,6,ask,,,12295564
2026-06-29T17:06:56.358708,2026-06-29T07:06:56.943169+00:00,110.8,20,bid,,,12295571
2026-06-29T17:06:58.765688,2026-06-29T07:06:59.350705+00:00,110.8,25,bid,,,12295617
2026-06-29T17:06:58.770828,2026-06-29T07:06:59.361705+00:00,110.8,25,bid,,,12295618
2026-06-29T17:06:58.805493,2026-06-29T07:06:59.394705+00:00,110.8,35,bid,,,12295619
2026-06-29T17:06:58.897687,2026-06-29T07:06:59.482705+00:00,110.8,19,bid,,,12295623
2026-06-29T17:06:58.978775,2026-06-29T07:06:59.559705+00:00,110.8,25,bid,,,12295628
2026-06-29T17:06:58.981745,2026-06-29T07:06:59.570705+00:00,110.8,21,bid,,,12295629
2026-06-29T17:06:59.215738,2026-06-29T07:06:59.801697+00:00,110.7,25,bid,,,12295634
2026-06-29T17:06:59.215941,2026-06-29T07:06:59.801697+00:00,110.7,25,bid,,,12295635
2026-06-29T17:06:59.426723,2026-06-29T07:07:00.021696+00:00,110.7,25,bid,,,12295640
2026-06-29T17:06:59.429612,2026-06-29T07:07:00.021696+00:00,110.7,25,bid,,,12295641
2026-06-29T17:07:01.675671,2026-06-29T07:07:02.264329+00:00,110.6,5,ask,,,12295680
2026-06-29T17:07:01.842525,2026-06-29T07:07:02.429329+00:00,110.6,25,bid,,,12295687
2026-06-29T17:07:02.055537,2026-06-29T07:07:02.638220+00:00,110.5,2,ask,,,12295694
2026-06-29T17:07:02.260519,2026-06-29T07:07:02.847210+00:00,110.5,2,ask,,,12295703
2026-06-29T17:07:02.464828,2026-06-29T07:07:03.056210+00:00,110.5,2,ask,,,12295709
2026-06-29T17:07:02.669713,2026-06-29T07:07:03.254219+00:00,110.5,2,ask,,,12295710
2026-06-29T17:07:02.875068,2026-06-29T07:07:03.463220+00:00,110.5,2,ask,,,12295714
2026-06-29T17:07:02.884777,2026-06-29T07:07:03.474219+00:00,110.6,200,bid,,,12295715
2026-06-29T17:07:03.080415,2026-06-29T07:07:03.672219+00:00,110.5,2,ask,,,12295719
2026-06-29T17:07:03.285659,2026-06-29T07:07:03.868737+00:00,110.5,2,ask,,,12295724
2026-06-29T17:07:03.491339,2026-06-29T07:07:04.077746+00:00,110.5,2,ask,,,12295729
2026-06-29T17:07:03.700204,2026-06-29T07:07:04.286746+00:00,110.5,2,ask,,,12295730
2026-06-29T17:07:03.906800,2026-06-29T07:07:04.495746+00:00,110.5,2,ask,,,12295735
2026-06-29T17:07:04.111188,2026-06-29T07:07:04.693737+00:00,110.5,1,ask,,,12295739
2026-06-29T17:07:05.121258,2026-06-29T07:07:05.705737+00:00,110.7,1,bid,,,12295761
2026-06-29T17:07:05.121258,2026-06-29T07:07:05.705737+00:00,110.7,20,bid,,,12295762
2026-06-29T17:07:05.270586,2026-06-29T07:07:05.859737+00:00,110.7,25,bid,,,12295766
2026-06-29T17:07:06.923619,2026-06-29T07:07:07.508324+00:00,110.7,200,ask,,,12295819
2026-06-29T17:07:08.085235,2026-06-29T07:07:08.674324+00:00,110.7,7,bid,,,12295857
2026-06-29T17:07:08.229917,2026-06-29T07:07:08.816101+00:00,110.7,200,bid,,,12295859
2026-06-29T17:07:08.937342,2026-06-29T07:07:09.520102+00:00,110.7,200,ask,,,12295874
2026-06-29T17:07:09.742486,2026-06-29T07:07:10.334111+00:00,110.8,1,bid,,,12295904
2026-06-29T17:07:10.863415,2026-06-29T07:07:11.445102+00:00,110.7,200,ask,,,12295933
2026-06-29T17:07:11.363034,2026-06-29T07:07:11.951102+00:00,110.7,200,bid,,,12295943
2026-06-29T17:07:13.492021,2026-06-29T07:07:14.085247+00:00,110.7,200,ask,,,12295996
2026-06-29T17:07:13.783843,2026-06-29T07:07:14.371248+00:00,110.7,200,bid,,,12296001
2026-06-29T17:07:16.108052,2026-06-29T07:07:16.691300+00:00,110.8,200,bid,,,12296036
2026-06-29T17:07:16.108052,2026-06-29T07:07:16.691300+00:00,110.8,1,bid,,,12296037
2026-06-29T17:07:16.367097,2026-06-29T07:07:16.955299+00:00,110.8,20,ask,,,12296046
2026-06-29T17:07:21.051798,2026-06-29T07:07:21.641433+00:00,110.6,200,ask,,,12296132
2026-06-29T17:07:21.666856,2026-06-29T07:07:22.257424+00:00,110.6,1,bid,,,12296145
2026-06-29T17:07:25.879104,2026-06-29T07:07:26.468097+00:00,110.6,200,bid,,,12296222
2026-06-29T17:07:27.038785,2026-06-29T07:07:27.622631+00:00,110.5,500,bid,,,12296246
2026-06-29T17:07:27.088807,2026-06-29T07:07:27.677631+00:00,110.5,125,bid,,,12296249
2026-06-29T17:07:27.101117,2026-06-29T07:07:27.688631+00:00,110.6,20,ask,,,12296250
2026-06-29T17:07:27.124074,2026-06-29T07:07:27.710631+00:00,110.6,25,ask,,,12296253
2026-06-29T17:07:27.135412,2026-06-29T07:07:27.721631+00:00,110.6,30,ask,,,12296256
2026-06-29T17:07:28.107693,2026-06-29T07:07:28.689631+00:00,110.6,1,ask,,,12296277
2026-06-29T17:07:28.107693,2026-06-29T07:07:28.700631+00:00,110.6,19,ask,,,12296278
2026-06-29T17:07:29.223759,2026-06-29T07:07:29.810925+00:00,110.7,200,bid,,,12296302
2026-06-29T17:07:29.516804,2026-06-29T07:07:30.107916+00:00,110.7,200,ask,,,12296308
2026-06-29T17:07:30.539628,2026-06-29T07:07:31.130917+00:00,110.7,500,ask,,,12296339
2026-06-29T17:07:30.682278,2026-06-29T07:07:31.273917+00:00,110.6,125,bid,,,12296343
2026-06-29T17:07:30.724783,2026-06-29T07:07:31.317916+00:00,110.7,200,ask,,,12296346
2026-06-29T17:07:33.142098,2026-06-29T07:07:33.737555+00:00,110.7,200,ask,,,12296385
2026-06-29T17:07:36.785201,2026-06-29T07:07:37.376979+00:00,110.7,25,ask,,,12296443
2026-06-29T17:07:36.810899,2026-06-29T07:07:37.398979+00:00,110.6,200,ask,,,12296449
2026-06-29T17:07:38.505143,2026-06-29T07:07:39.093074+00:00,110.7,31,ask,,,12296487
2026-06-29T17:07:39.227978,2026-06-29T07:07:39.819083+00:00,110.7,200,ask,,,12296496
2026-06-29T17:07:41.040645,2026-06-29T07:07:41.634074+00:00,110.7,200,ask,,,12296552
2026-06-29T17:07:41.109931,2026-06-29T07:07:41.700074+00:00,110.7,35,bid,,,12296555
2026-06-29T17:07:41.165680,2026-06-29T07:07:41.755074+00:00,110.7,7,bid,,,12296558
2026-06-29T17:07:43.128675,2026-06-29T07:07:43.712424+00:00,110.8,35,ask,,,12296590
2026-06-29T17:07:43.173997,2026-06-29T07:07:43.756529+00:00,110.8,25,ask,,,12296591
2026-06-29T17:07:43.206032,2026-06-29T07:07:43.789538+00:00,110.8,25,ask,,,12296593
2026-06-29T17:07:43.218958,2026-06-29T07:07:43.800538+00:00,110.8,35,ask,,,12296596
2026-06-29T17:07:43.310060,2026-06-29T07:07:43.899538+00:00,110.8,30,ask,,,12296598
2026-06-29T17:07:43.744510,2026-06-29T07:07:44.328529+00:00,110.9,4,bid,,,12296606
2026-06-29T17:07:43.744510,2026-06-29T07:07:44.328529+00:00,110.9,1,bid,,,12296607
2026-06-29T17:07:43.744510,2026-06-29T07:07:44.339529+00:00,110.9,15,bid,,,12296608
2026-06-29T17:07:47.592059,2026-06-29T07:07:48.178143+00:00,110.6,200,ask,,,12296672
2026-06-29T17:07:47.635044,2026-06-29T07:07:48.222135+00:00,110.6,25,bid,,,12296675
2026-06-29T17:07:47.672392,2026-06-29T07:07:48.266144+00:00,110.6,35,bid,,,12296677
2026-06-29T17:07:47.786071,2026-06-29T07:07:48.376144+00:00,110.6,35,bid,,,12296682
2026-06-29T17:07:47.797939,2026-06-29T07:07:48.387134+00:00,110.6,25,bid,,,12296685
2026-06-29T17:07:47.845314,2026-06-29T07:07:48.431134+00:00,110.6,25,bid,,,12296687
2026-06-29T17:07:47.875772,2026-06-29T07:07:48.464135+00:00,110.6,10,bid,,,12296688
2026-06-29T17:07:49.470213,2026-06-29T07:07:50.058261+00:00,110.6,25,ask,,,12296718
2026-06-29T17:07:49.492244,2026-06-29T07:07:50.080261+00:00,110.6,35,ask,,,12296721
2026-06-29T17:07:49.581201,2026-06-29T07:07:50.168260+00:00,110.6,35,ask,,,12296723
2026-06-29T17:07:49.605212,2026-06-29T07:07:50.190260+00:00,110.6,25,ask,,,12296724
2026-06-29T17:07:49.673637,2026-06-29T07:07:50.256270+00:00,110.6,25,ask,,,12296727
2026-06-29T17:07:51.344795,2026-06-29T07:07:51.928261+00:00,110.6,200,ask,,,12296771
2026-06-29T17:07:52.555640,2026-06-29T07:07:53.138261+00:00,110.6,200,ask,,,12296788
2026-06-29T17:07:53.765026,2026-06-29T07:07:54.346809+00:00,110.6,200,ask,,,12296804
2026-06-29T17:07:54.978449,2026-06-29T07:07:55.567801+00:00,110.6,35,bid,,,12296830
2026-06-29T17:07:55.029839,2026-06-29T07:07:55.611801+00:00,110.6,25,bid,,,12296833
2026-06-29T17:07:55.068832,2026-06-29T07:07:55.655800+00:00,110.6,35,bid,,,12296834
2026-06-29T17:07:55.092820,2026-06-29T07:07:55.677801+00:00,110.6,25,bid,,,12296837
2026-06-29T17:07:55.097019,2026-06-29T07:07:55.688800+00:00,110.5,2,ask,,,12296838
2026-06-29T17:07:55.301026,2026-06-29T07:07:55.886800+00:00,110.5,2,ask,,,12296844
2026-06-29T17:07:55.466850,2026-06-29T07:07:56.051809+00:00,110.6,80,bid,,,12296853
2026-06-29T17:07:55.526821,2026-06-29T07:07:56.117399+00:00,110.7,2,ask,,,12296858
2026-06-29T17:07:55.731320,2026-06-29T07:07:56.315399+00:00,110.7,2,ask,,,12296865
2026-06-29T17:07:55.804434,2026-06-29T07:07:56.392390+00:00,110.7,35,ask,,,12296867
2026-06-29T17:07:55.835605,2026-06-29T07:07:56.425399+00:00,110.7,25,ask,,,12296868
2026-06-29T17:07:55.893681,2026-06-29T07:07:56.480399+00:00,110.7,35,ask,,,12296871
2026-06-29T17:07:55.936621,2026-06-29T07:07:56.523904+00:00,110.7,25,ask,,,12296872
2026-06-29T17:07:55.945456,2026-06-29T07:07:56.534904+00:00,110.7,2,ask,,,12296874
2026-06-29T17:07:55.981932,2026-06-29T07:07:56.567904+00:00,110.7,30,ask,,,12296876
2026-06-29T17:07:56.149847,2026-06-29T07:07:56.732905+00:00,110.7,2,ask,,,12296877
2026-06-29T17:07:56.183974,2026-06-29T07:07:56.765904+00:00,110.7,200,ask,,,12296881
2026-06-29T17:07:57.391448,2026-06-29T07:07:57.975904+00:00,110.6,200,bid,,,12296905
2026-06-29T17:07:58.607748,2026-06-29T07:07:59.196501+00:00,110.7,200,bid,,,12296930
2026-06-29T17:08:01.030745,2026-06-29T07:08:01.616037+00:00,110.7,200,ask,,,12296979
2026-06-29T17:08:02.239486,2026-06-29T07:08:02.826037+00:00,110.6,200,ask,,,12297001
2026-06-29T17:08:03.446239,2026-06-29T07:08:04.035110+00:00,110.6,200,bid,,,12297029
2026-06-29T17:08:05.261758,2026-06-29T07:08:05.850083+00:00,110.5,6,ask,,,12297076
2026-06-29T17:08:08.301271,2026-06-29T07:08:08.885764+00:00,110.4,2,ask,,,12297132
2026-06-29T17:08:08.301271,2026-06-29T07:08:08.885764+00:00,110.4,198,ask,,,12297133
2026-06-29T17:08:09.508422,2026-06-29T07:08:10.095773+00:00,110.5,200,bid,,,12297145
2026-06-29T17:08:09.886795,2026-06-29T07:08:10.469773+00:00,110.4,2,ask,,,12297152
2026-06-29T17:08:09.886795,2026-06-29T07:08:10.469773+00:00,110.4,500,ask,,,12297153
2026-06-29T17:08:09.944642,2026-06-29T07:08:10.535773+00:00,110.4,1,bid,,,12297154
2026-06-29T17:08:10.029410,2026-06-29T07:08:10.612773+00:00,110.4,122,bid,,,12297158
2026-06-29T17:08:11.925828,2026-06-29T07:08:12.515288+00:00,110.6,200,ask,,,12297198
2026-06-29T17:08:12.510221,2026-06-29T07:08:13.098278+00:00,110.5,1,ask,,,12297213
2026-06-29T17:08:12.510221,2026-06-29T07:08:13.098278+00:00,110.5,500,ask,,,12297214
2026-06-29T17:08:12.519598,2026-06-29T07:08:13.109278+00:00,110.5,35,bid,,,12297215
2026-06-29T17:08:12.589323,2026-06-29T07:08:13.175279+00:00,110.5,25,bid,,,12297218
2026-06-29T17:08:12.608610,2026-06-29T07:08:13.197279+00:00,110.5,35,bid,,,12297219
2026-06-29T17:08:12.688206,2026-06-29T07:08:13.274278+00:00,110.5,12,bid,,,12297223
2026-06-29T17:08:13.066766,2026-06-29T07:08:13.648288+00:00,110.5,17,bid,,,12297228
2026-06-29T17:08:13.140532,2026-06-29T07:08:13.735506+00:00,110.6,200,ask,,,12297232
2026-06-29T17:08:14.351703,2026-06-29T07:08:14.945239+00:00,110.7,1,ask,,,12297249
2026-06-29T17:08:14.351703,2026-06-29T07:08:14.945239+00:00,110.6,199,ask,,,12297250
2026-06-29T17:08:15.137087,2026-06-29T07:08:15.726248+00:00,110.7,500,ask,,,12297257
2026-06-29T17:08:15.483922,2026-06-29T07:08:16.077167+00:00,110.7,125,bid,,,12297269
2026-06-29T17:08:15.559900,2026-06-29T07:08:16.143167+00:00,110.7,200,ask,,,12297271
2026-06-29T17:08:16.230682,2026-06-29T07:08:16.814048+00:00,110.9,1,ask,,,12297279
2026-06-29T17:08:16.693271,2026-06-29T07:08:17.276048+00:00,110.9,500,bid,,,12297288
2026-06-29T17:08:16.767034,2026-06-29T07:08:17.364056+00:00,110.7,200,ask,,,12297292
2026-06-29T17:08:17.313182,2026-06-29T07:08:17.903048+00:00,110.9,125,bid,,,12297297
2026-06-29T17:08:17.838687,2026-06-29T07:08:18.420049+00:00,111.0,12,bid,,,12297311
2026-06-29T17:08:17.838687,2026-06-29T07:08:18.431057+00:00,111.0,23,bid,,,12297312
2026-06-29T17:08:17.908281,2026-06-29T07:08:18.497057+00:00,111.0,25,bid,,,12297315
2026-06-29T17:08:17.927715,2026-06-29T07:08:18.519057+00:00,111.0,500,bid,,,12297316
2026-06-29T17:08:17.946104,2026-06-29T07:08:18.541049+00:00,111.0,35,bid,,,12297318
2026-06-29T17:08:17.973866,2026-06-29T07:08:18.563056+00:00,110.8,200,ask,,,12297321
2026-06-29T17:08:18.008913,2026-06-29T07:08:18.596057+00:00,111.0,12,bid,,,12297323
2026-06-29T17:08:18.039275,2026-06-29T07:08:18.629057+00:00,111.0,30,bid,,,12297324
2026-06-29T17:08:19.182796,2026-06-29T07:08:19.815318+00:00,111.0,200,ask,,,12297346
2026-06-29T17:08:20.401504,2026-06-29T07:08:20.992309+00:00,111.1,200,ask,,,12297366
2026-06-29T17:08:21.610013,2026-06-29T07:08:22.202329+00:00,111.1,200,ask,,,12297386
2026-06-29T17:08:21.698650,2026-06-29T07:08:22.290330+00:00,111.1,300,ask,,,12297391
2026-06-29T17:08:22.137173,2026-06-29T07:08:22.719339+00:00,111.1,325,bid,,,12297401
2026-06-29T17:08:22.836183,2026-06-29T07:08:23.434329+00:00,111.1,1,ask,,,12297430
2026-06-29T17:08:22.836183,2026-06-29T07:08:23.434329+00:00,111.1,199,ask,,,12297431
2026-06-29T17:08:26.467467,2026-06-29T07:08:27.050438+00:00,111.2,1,ask,,,12297504
2026-06-29T17:08:26.467467,2026-06-29T07:08:27.050438+00:00,111.2,199,ask,,,12297505
2026-06-29T17:08:28.801115,2026-06-29T07:08:29.392018+00:00,111.2,500,bid,,,12297550
2026-06-29T17:08:29.420782,2026-06-29T07:08:30.008010+00:00,111.2,125,bid,,,12297565
2026-06-29T17:08:29.439701,2026-06-29T07:08:30.030018+00:00,111.2,25,ask,,,12297567
2026-06-29T17:08:29.445944,2026-06-29T07:08:30.041018+00:00,111.2,35,ask,,,12297569
2026-06-29T17:08:29.538645,2026-06-29T07:08:30.129009+00:00,111.2,25,ask,,,12297575
2026-06-29T17:08:29.541877,2026-06-29T07:08:30.129009+00:00,111.2,35,ask,,,12297576
2026-06-29T17:08:29.756432,2026-06-29T07:08:30.338018+00:00,111.3,2,bid,,,12297581
2026-06-29T17:08:29.962332,2026-06-29T07:08:30.547018+00:00,111.3,2,bid,,,12297584
2026-06-29T17:08:30.168178,2026-06-29T07:08:30.756018+00:00,111.3,2,bid,,,12297589
2026-06-29T17:08:30.374003,2026-06-29T07:08:30.965018+00:00,111.3,2,bid,,,12297593
2026-06-29T17:08:30.579116,2026-06-29T07:08:31.163018+00:00,111.3,2,bid,,,12297601
2026-06-29T17:08:30.784163,2026-06-29T07:08:31.372009+00:00,111.3,2,bid,,,12297605
2026-06-29T17:08:30.989373,2026-06-29T07:08:31.581018+00:00,111.3,2,bid,,,12297608
2026-06-29T17:08:31.194457,2026-06-29T07:08:31.779018+00:00,111.3,2,bid,,,12297609
2026-06-29T17:08:31.236968,2026-06-29T07:08:31.823018+00:00,111.3,188,bid,,,12297610
2026-06-29T17:08:31.318650,2026-06-29T07:08:31.900018+00:00,111.3,200,ask,,,12297613
2026-06-29T17:08:31.399311,2026-06-29T07:08:31.988018+00:00,111.4,2,bid,,,12297616
2026-06-29T17:08:32.921046,2026-06-29T07:08:33.505029+00:00,111.4,20,bid,,,12297644
2026-06-29T17:08:33.729457,2026-06-29T07:08:34.318169+00:00,111.4,1,bid,,,12297658
2026-06-29T17:08:33.729457,2026-06-29T07:08:34.318169+00:00,111.4,199,bid,,,12297659
2026-06-29T17:08:36.101020,2026-06-29T07:08:36.692843+00:00,111.4,1,bid,,,12297700
2026-06-29T17:08:36.101020,2026-06-29T07:08:36.692843+00:00,111.4,200,bid,,,12297701
2026-06-29T17:08:36.150456,2026-06-29T07:08:36.747843+00:00,111.4,200,ask,,,12297704
2026-06-29T17:08:37.357569,2026-06-29T07:08:37.946733+00:00,111.4,200,ask,,,12297733
2026-06-29T17:08:37.413579,2026-06-29T07:08:38.001733+00:00,111.3,1,ask,,,12297736
2026-06-29T17:08:37.413579,2026-06-29T07:08:38.001733+00:00,111.2,500,ask,,,12297737
2026-06-29T17:08:37.413579,2026-06-29T07:08:38.001733+00:00,111.2,124,ask,,,12297738
2026-06-29T17:08:38.112805,2026-06-29T07:08:38.694724+00:00,111.8,1,bid,,,12297747
2026-06-29T17:08:38.725646,2026-06-29T07:08:39.309713+00:00,111.3,200,bid,,,12297757
2026-06-29T17:08:39.787772,2026-06-29T07:08:40.376713+00:00,111.3,200,ask,,,12297771
2026-06-29T17:08:40.042674,2026-06-29T07:08:40.629713+00:00,111.2,500,ask,,,12297776
2026-06-29T17:08:42.223628,2026-06-29T07:08:42.806722+00:00,111.2,200,ask,,,12297826
2026-06-29T17:08:43.431238,2026-06-29T07:08:44.014949+00:00,111.2,200,ask,,,12297846
2026-06-29T17:08:44.029407,2026-06-29T07:08:44.619949+00:00,111.3,25,ask,,,12297862
2026-06-29T17:08:44.056220,2026-06-29T07:08:44.641949+00:00,111.3,25,ask,,,12297865
2026-06-29T17:08:44.644209,2026-06-29T07:08:45.235940+00:00,111.3,200,ask,,,12297876
2026-06-29T17:08:45.851077,2026-06-29T07:08:46.434499+00:00,111.2,200,ask,,,12297896
2026-06-29T17:08:48.198777,2026-06-29T07:08:48.787739+00:00,111.2,500,bid,,,12297935
2026-06-29T17:08:48.280499,2026-06-29T07:08:48.864739+00:00,111.2,125,bid,,,12297936
2026-06-29T17:08:49.209834,2026-06-29T07:08:49.799730+00:00,111.4,1,bid,,,12297952
2026-06-29T17:08:49.209834,2026-06-29T07:08:49.799730+00:00,111.4,200,bid,,,12297953
2026-06-29T17:08:49.247735,2026-06-29T07:08:49.832731+00:00,111.4,25,ask,,,12297959
2026-06-29T17:08:49.273865,2026-06-29T07:08:49.865730+00:00,111.4,35,ask,,,12297962
2026-06-29T17:08:49.288841,2026-06-29T07:08:49.876730+00:00,111.4,25,ask,,,12297963
2026-06-29T17:08:49.360450,2026-06-29T07:08:49.942731+00:00,111.4,15,ask,,,12297967
2026-06-29T17:08:49.444744,2026-06-29T07:08:50.030730+00:00,111.5,1,bid,,,12297968
2026-06-29T17:08:49.492808,2026-06-29T07:08:50.085730+00:00,111.4,200,ask,,,12297974
2026-06-29T17:08:49.529398,2026-06-29T07:08:50.118730+00:00,111.6,14,bid,,,12297975
2026-06-29T17:08:49.614715,2026-06-29T07:08:50.206730+00:00,111.5,4,bid,,,12297976
2026-06-29T17:08:49.661350,2026-06-29T07:08:50.250730+00:00,111.5,3,bid,,,12297980
2026-06-29T17:08:49.945990,2026-06-29T07:08:50.536730+00:00,111.5,3,bid,,,12297986
2026-06-29T17:08:50.102599,2026-06-29T07:08:50.690730+00:00,111.5,3,bid,,,12297992
2026-06-29T17:08:50.106341,2026-06-29T07:08:50.690730+00:00,111.6,2,bid,,,12297993
2026-06-29T17:08:50.274805,2026-06-29T07:08:50.866730+00:00,111.5,3,bid,,,12298001
2026-06-29T17:08:50.310910,2026-06-29T07:08:50.899730+00:00,111.6,2,bid,,,12298003
2026-06-29T17:08:50.471413,2026-06-29T07:08:51.053739+00:00,111.5,2,bid,,,12298012
2026-06-29T17:08:50.515833,2026-06-29T07:08:51.097739+00:00,111.6,2,bid,,,12298015
2026-06-29T17:08:50.603598,2026-06-29T07:08:51.196739+00:00,111.4,1,bid,,,12298020
2026-06-29T17:08:50.720883,2026-06-29T07:08:51.306731+00:00,111.4,2,bid,,,12298025
2026-06-29T17:08:50.926762,2026-06-29T07:08:51.515730+00:00,111.4,2,bid,,,12298026
2026-06-29T17:08:51.132073,2026-06-29T07:08:51.713731+00:00,111.4,2,bid,,,12298029
2026-06-29T17:08:51.336373,2026-06-29T07:08:51.922730+00:00,111.4,2,bid,,,12298033
2026-06-29T17:08:51.541629,2026-06-29T07:08:52.131739+00:00,111.4,2,bid,,,12298040
2026-06-29T17:08:51.746615,2026-06-29T07:08:52.329739+00:00,111.4,2,bid,,,12298048
2026-06-29T17:08:51.951328,2026-06-29T07:08:52.538731+00:00,111.5,1,bid,,,12298054
2026-06-29T17:08:51.951328,2026-06-29T07:08:52.538731+00:00,111.5,1,bid,,,12298055
2026-06-29T17:08:52.160183,2026-06-29T07:08:52.747739+00:00,111.5,2,bid,,,12298056
2026-06-29T17:08:53.159642,2026-06-29T07:08:53.747743+00:00,111.4,200,ask,,,12298070
2026-06-29T17:08:53.665709,2026-06-29T07:08:54.253752+00:00,111.4,20,bid,,,12298077
2026-06-29T17:08:57.097771,2026-06-29T07:08:57.684751+00:00,111.3,500,ask,,,12298143
2026-06-29T17:08:57.261483,2026-06-29T07:08:57.849751+00:00,111.3,125,bid,,,12298147
2026-06-29T17:08:58.405906,2026-06-29T07:08:58.993347+00:00,111.4,200,bid,,,12298163
2026-06-29T17:08:59.720252,2026-06-29T07:09:00.302368+00:00,111.5,1,bid,,,12298185
2026-06-29T17:08:59.730462,2026-06-29T07:09:00.324367+00:00,111.6,20,bid,,,12298188
2026-06-29T17:09:01.525295,2026-06-29T07:09:02.116892+00:00,111.6,1,bid,,,12298224
2026-06-29T17:09:01.525295,2026-06-29T07:09:02.127893+00:00,111.6,19,bid,,,12298225
2026-06-29T17:09:02.184740,2026-06-29T07:09:02.776884+00:00,111.7,120,bid,,,12298243
2026-06-29T17:09:02.211754,2026-06-29T07:09:02.809884+00:00,111.7,25,bid,,,12298247
2026-06-29T17:09:02.301764,2026-06-29T07:09:02.897883+00:00,111.7,5,bid,,,12298251
2026-06-29T17:09:02.347459,2026-06-29T07:09:02.930884+00:00,111.7,200,bid,,,12298254
2026-06-29T17:09:02.894045,2026-06-29T07:09:03.480883+00:00,111.8,20,bid,,,12298265
2026-06-29T17:09:03.944247,2026-06-29T07:09:04.535899+00:00,111.7,6,bid,,,12298291
2026-06-29T17:09:04.154372,2026-06-29T07:09:04.744911+00:00,111.7,5,bid,,,12298299
2026-06-29T17:09:04.154372,2026-06-29T07:09:04.744911+00:00,111.7,20,bid,,,12298300
2026-06-29T17:09:04.364740,2026-06-29T07:09:04.953911+00:00,111.7,25,bid,,,12298304
2026-06-29T17:09:04.525407,2026-06-29T07:09:05.107911+00:00,111.7,155,bid,,,12298309
2026-06-29T17:09:04.573901,2026-06-29T07:09:05.162910+00:00,111.8,3,bid,,,12298316
2026-06-29T17:09:09.784758,2026-06-29T07:09:10.373721+00:00,111.9,20,bid,,,12298417
2026-06-29T17:09:11.294919,2026-06-29T07:09:11.880721+00:00,111.9,2,bid,,,12298449
2026-06-29T17:09:12.089745,2026-06-29T07:09:12.672721+00:00,112.0,20,bid,,,12298464
2026-06-29T17:09:14.929161,2026-06-29T07:09:15.519857+00:00,111.9,200,bid,,,12298505
2026-06-29T17:09:15.482657,2026-06-29T07:09:16.069866+00:00,111.8,500,ask,,,12298518
2026-06-29T17:09:16.024144,2026-06-29T07:09:16.608887+00:00,111.8,125,bid,,,12298525
2026-06-29T17:09:16.790173,2026-06-29T07:09:17.378878+00:00,111.9,200,bid,,,12298541
2026-06-29T17:09:16.790173,2026-06-29T07:09:17.378878+00:00,112.0,1,bid,,,12298542
2026-06-29T17:09:23.282655,2026-06-29T07:09:23.865380+00:00,111.9,200,bid,,,12298671
2026-06-29T17:09:23.384292,2026-06-29T07:09:23.975371+00:00,111.9,200,ask,,,12298676
2026-06-29T17:09:24.592772,2026-06-29T07:09:25.185370+00:00,111.9,200,ask,,,12298699
2026-06-29T17:09:24.661870,2026-06-29T07:09:25.251370+00:00,111.9,300,ask,,,12298700
2026-06-29T17:09:25.117869,2026-06-29T07:09:25.702379+00:00,111.9,325,bid,,,12298703
2026-06-29T17:09:26.734467,2026-06-29T07:09:27.318913+00:00,111.9,20,ask,,,12298744
2026-06-29T17:09:29.308969,2026-06-29T07:09:29.902737+00:00,111.9,20,ask,,,12298787
2026-06-29T17:09:32.473124,2026-06-29T07:09:33.246728+00:00,111.8,25,ask,,,12298826
2026-06-29T17:09:32.512282,2026-06-29T07:09:33.246728+00:00,111.8,75,ask,,,12298829
2026-06-29T17:09:33.839398,2026-06-29T07:09:34.434109+00:00,111.8,25,ask,,,12298841
2026-06-29T17:09:33.883354,2026-06-29T07:09:34.467110+00:00,111.8,102,ask,,,12298844
2026-06-29T17:09:33.885700,2026-06-29T07:09:34.478109+00:00,111.8,25,ask,,,12298845
2026-06-29T17:09:33.915403,2026-06-29T07:09:34.500109+00:00,111.9,2,bid,,,12298847
2026-06-29T17:09:34.033080,2026-06-29T07:09:34.621118+00:00,111.8,20,ask,,,12298850
2026-06-29T17:09:35.150637,2026-06-29T07:09:35.743118+00:00,112.0,200,bid,,,12298861
2026-06-29T17:09:37.770683,2026-06-29T07:09:38.360183+00:00,112.1,200,ask,,,12298907
2026-06-29T17:09:38.353532,2026-06-29T07:09:38.941727+00:00,112.1,20,bid,,,12298916
2026-06-29T17:09:39.139582,2026-06-29T07:09:39.722413+00:00,112.1,200,bid,,,12298929
2026-06-29T17:09:40.260790,2026-06-29T07:09:40.855412+00:00,112.0,3,ask,,,12298948
2026-06-29T17:09:40.345786,2026-06-29T07:09:40.932413+00:00,112.1,200,bid,,,12298952
2026-06-29T17:09:40.478331,2026-06-29T07:09:41.064413+00:00,112.2,25,ask,,,12298953
2026-06-29T17:09:40.532107,2026-06-29T07:09:41.119413+00:00,112.2,25,ask,,,12298955
2026-06-29T17:09:40.689459,2026-06-29T07:09:41.272927+00:00,112.2,25,ask,,,12298957
2026-06-29T17:09:40.744595,2026-06-29T07:09:41.327927+00:00,112.2,25,ask,,,12298961
2026-06-29T17:09:40.898413,2026-06-29T07:09:41.481927+00:00,112.2,25,ask,,,12298965
2026-06-29T17:09:40.930391,2026-06-29T07:09:41.514928+00:00,112.2,20,ask,,,12298967
2026-06-29T17:09:40.953802,2026-06-29T07:09:41.536927+00:00,112.2,25,ask,,,12298968
2026-06-29T17:09:41.107091,2026-06-29T07:09:41.690936+00:00,112.2,25,ask,,,12298971
2026-06-29T17:09:41.167628,2026-06-29T07:09:41.756936+00:00,112.2,25,ask,,,12298974
2026-06-29T17:09:43.971884,2026-06-29T07:09:44.560619+00:00,112.1,200,ask,,,12299028
2026-06-29T17:09:46.384552,2026-06-29T07:09:46.968695+00:00,112.1,200,ask,,,12299072
2026-06-29T17:09:48.806808,2026-06-29T07:09:49.399910+00:00,112.0,200,bid,,,12299109
2026-06-29T17:09:49.733495,2026-06-29T07:09:50.323912+00:00,112.0,25,ask,,,12299129
2026-06-29T17:09:49.797441,2026-06-29T07:09:50.389911+00:00,112.0,25,ask,,,12299131
2026-06-29T17:09:49.956680,2026-06-29T07:09:50.543910+00:00,112.0,25,ask,,,12299136
2026-06-29T17:09:50.009608,2026-06-29T07:09:50.598910+00:00,112.0,25,ask,,,12299138
2026-06-29T17:09:50.023434,2026-06-29T07:09:50.609910+00:00,112.2,200,bid,,,12299140
2026-06-29T17:09:50.224005,2026-06-29T07:09:50.818910+00:00,112.0,2,ask,,,12299148
2026-06-29T17:09:52.183167,2026-06-29T07:09:52.765425+00:00,112.0,1,ask,,,12299196
2026-06-29T17:09:52.183167,2026-06-29T07:09:52.776425+00:00,112.0,200,ask,,,12299197
2026-06-29T17:09:52.778034,2026-06-29T07:09:53.370425+00:00,112.0,25,bid,,,12299205
2026-06-29T17:09:52.798964,2026-06-29T07:09:53.381425+00:00,112.0,35,bid,,,12299206
2026-06-29T17:09:52.844240,2026-06-29T07:09:53.436425+00:00,112.0,25,bid,,,12299209
2026-06-29T17:09:52.888687,2026-06-29T07:09:53.480425+00:00,112.0,35,bid,,,12299210
2026-06-29T17:09:52.981202,2026-06-29T07:09:53.568425+00:00,112.0,30,bid,,,12299214
2026-06-29T17:09:52.991222,2026-06-29T07:09:53.579425+00:00,112.0,25,bid,,,12299217
2026-06-29T17:09:53.072735,2026-06-29T07:09:53.656425+00:00,111.9,25,ask,,,12299219
2026-06-29T17:09:54.867313,2026-06-29T07:09:55.459536+00:00,112.3,3,bid,,,12299256
2026-06-29T17:09:54.867313,2026-06-29T07:09:55.459536+00:00,112.3,197,bid,,,12299257
2026-06-29T17:09:56.075438,2026-06-29T07:09:56.658071+00:00,112.3,200,bid,,,12299279
2026-06-29T17:09:57.457184,2026-06-29T07:09:58.044079+00:00,112.3,25,ask,,,12299310
2026-06-29T17:09:57.487511,2026-06-29T07:09:58.077078+00:00,112.3,35,ask,,,12299313
2026-06-29T17:09:57.574977,2026-06-29T07:09:58.165079+00:00,112.3,35,ask,,,12299315
2026-06-29T17:09:57.604588,2026-06-29T07:09:58.187079+00:00,112.3,25,ask,,,12299316
2026-06-29T17:09:57.664266,2026-06-29T07:09:58.253079+00:00,112.3,5,ask,,,12299319
2026-06-29T17:09:57.823521,2026-06-29T07:09:58.418070+00:00,112.3,25,ask,,,12299320
2026-06-29T17:09:58.501258,2026-06-29T07:09:59.092368+00:00,112.3,200,ask,,,12299335
2026-06-29T17:10:02.127837,2026-06-29T07:10:02.711369+00:00,112.4,1,bid,,,12299410
2026-06-29T17:10:03.337539,2026-06-29T07:10:03.920342+00:00,112.5,200,bid,,,12299433
2026-06-29T17:10:04.061710,2026-06-29T07:10:04.646341+00:00,112.4,25,bid,,,12299452
2026-06-29T17:10:04.080021,2026-06-29T07:10:04.668342+00:00,112.4,35,bid,,,12299454
2026-06-29T17:10:04.082890,2026-06-29T07:10:04.668342+00:00,112.4,25,bid,,,12299455
2026-06-29T17:10:04.171293,2026-06-29T07:10:04.756342+00:00,112.4,15,bid,,,12299458
2026-06-29T17:10:04.544585,2026-06-29T07:10:05.130341+00:00,112.4,200,bid,,,12299466
2026-06-29T17:10:05.750910,2026-06-29T07:10:06.339915+00:00,112.4,200,bid,,,12299487
2026-06-29T17:10:08.107655,2026-06-29T07:10:08.693906+00:00,112.4,200,ask,,,12299531
2026-06-29T17:10:08.587161,2026-06-29T07:10:09.176698+00:00,112.3,35,bid,,,12299544
2026-06-29T17:10:08.678465,2026-06-29T07:10:09.264700+00:00,112.3,35,bid,,,12299547
2026-06-29T17:10:08.683156,2026-06-29T07:10:09.264700+00:00,112.3,25,bid,,,12299548
2026-06-29T17:10:08.735763,2026-06-29T07:10:09.319707+00:00,112.3,25,bid,,,12299552
2026-06-29T17:10:08.770833,2026-06-29T07:10:09.363706+00:00,112.3,30,bid,,,12299554
2026-06-29T17:10:11.746341,2026-06-29T07:10:12.333221+00:00,112.2,20,ask,,,12299607
2026-06-29T17:10:13.204564,2026-06-29T07:10:13.795181+00:00,112.5,500,bid,,,12299648
2026-06-29T17:10:13.204564,2026-06-29T07:10:13.795181+00:00,112.5,125,bid,,,12299649
2026-06-29T17:10:14.181433,2026-06-29T07:10:14.774182+00:00,112.3,200,ask,,,12299668
2026-06-29T17:10:14.216772,2026-06-29T07:10:14.807181+00:00,112.3,200,bid,,,12299672
2026-06-29T17:10:15.379910,2026-06-29T07:10:15.961705+00:00,112.2,500,ask,,,12299698
2026-06-29T17:10:15.832943,2026-06-29T07:10:16.423257+00:00,112.2,200,ask,,,12299708
2026-06-29T17:10:15.975086,2026-06-29T07:10:16.566258+00:00,112.1,8,ask,,,12299710
2026-06-29T17:10:15.994748,2026-06-29T07:10:16.588258+00:00,112.1,27,bid,,,12299711
2026-06-29T17:10:16.107109,2026-06-29T07:10:16.698258+00:00,112.1,25,bid,,,12299714
2026-06-29T17:10:16.160086,2026-06-29T07:10:16.742248+00:00,112.1,25,bid,,,12299716
2026-06-29T17:10:16.316302,2026-06-29T07:10:16.907249+00:00,112.1,25,bid,,,12299718
2026-06-29T17:10:16.369427,2026-06-29T07:10:16.951248+00:00,112.1,25,bid,,,12299720
2026-06-29T17:10:16.373583,2026-06-29T07:10:16.962248+00:00,112.0,2,ask,,,12299721
2026-06-29T17:10:16.587816,2026-06-29T07:10:17.171258+00:00,112.0,2,ask,,,12299722
2026-06-29T17:10:16.648380,2026-06-29T07:10:17.237258+00:00,112.1,200,bid,,,12299725
2026-06-29T17:10:16.792427,2026-06-29T07:10:17.380258+00:00,112.0,2,ask,,,12299726
2026-06-29T17:10:16.998112,2026-06-29T07:10:17.589258+00:00,112.0,2,ask,,,12299731
2026-06-29T17:10:17.202961,2026-06-29T07:10:17.787249+00:00,112.0,2,ask,,,12299735
2026-06-29T17:10:17.410648,2026-06-29T07:10:18.007249+00:00,112.0,2,ask,,,12299741
2026-06-29T17:10:17.615619,2026-06-29T07:10:18.205258+00:00,112.0,2,ask,,,12299744
2026-06-29T17:10:17.822496,2026-06-29T07:10:18.414258+00:00,112.1,2,ask,,,12299745
2026-06-29T17:10:18.027396,2026-06-29T07:10:18.612258+00:00,112.1,2,ask,,,12299748
2026-06-29T17:10:18.233482,2026-06-29T07:10:18.820945+00:00,112.1,1,ask,,,12299751
2026-06-29T17:10:19.063632,2026-06-29T07:10:19.645946+00:00,112.1,200,ask,,,12299769
2026-06-29T17:10:20.270813,2026-06-29T07:10:20.855936+00:00,112.0,200,ask,,,12299797
2026-06-29T17:10:20.966270,2026-06-29T07:10:21.548946+00:00,112.0,20,ask,,,12299802
2026-06-29T17:10:22.682971,2026-06-29T07:10:23.264946+00:00,112.0,200,bid,,,12299839
2026-06-29T17:10:23.698157,2026-06-29T07:10:24.286627+00:00,111.9,1,ask,,,12299853
2026-06-29T17:10:23.889615,2026-06-29T07:10:24.473627+00:00,111.9,200,bid,,,12299858
2026-06-29T17:10:24.685281,2026-06-29T07:10:25.276627+00:00,111.7,20,ask,,,12299878
2026-06-29T17:10:26.345263,2026-06-29T07:10:26.937219+00:00,111.9,200,ask,,,12299912
2026-06-29T17:10:32.373940,2026-06-29T07:10:32.964125+00:00,111.9,200,bid,,,12300036
2026-06-29T17:10:32.806360,2026-06-29T07:10:33.393116+00:00,111.7,20,ask,,,12300052
2026-06-29T17:10:37.160566,2026-06-29T07:10:37.749328+00:00,111.8,25,ask,,,12300120
2026-06-29T17:10:37.171288,2026-06-29T07:10:37.760328+00:00,111.8,35,ask,,,12300123
2026-06-29T17:10:37.273163,2026-06-29T07:10:37.859327+00:00,111.9,40,ask,,,12300127
2026-06-29T17:10:37.929274,2026-06-29T07:10:38.519318+00:00,112.0,20,bid,,,12300138
2026-06-29T17:10:38.434498,2026-06-29T07:10:39.024332+00:00,112.0,200,bid,,,12300159
2026-06-29T17:10:39.676956,2026-06-29T07:10:40.267332+00:00,112.0,25,ask,,,12300181
2026-06-29T17:10:39.688568,2026-06-29T07:10:40.278332+00:00,112.0,35,ask,,,12300184
2026-06-29T17:10:39.779325,2026-06-29T07:10:40.366331+00:00,112.0,25,ask,,,12300186
2026-06-29T17:10:39.783735,2026-06-29T07:10:40.377332+00:00,112.0,35,ask,,,12300187
2026-06-29T17:10:39.790929,2026-06-29T07:10:40.377332+00:00,112.1,2,bid,,,12300189
2026-06-29T17:10:39.995502,2026-06-29T07:10:40.586341+00:00,112.1,2,bid,,,12300192
2026-06-29T17:10:40.212871,2026-06-29T07:10:40.806341+00:00,112.1,2,bid,,,12300195
2026-06-29T17:10:40.418158,2026-06-29T07:10:41.004340+00:00,112.1,2,bid,,,12300197
2026-06-29T17:10:40.624804,2026-06-29T07:10:41.213332+00:00,112.1,2,bid,,,12300202
2026-06-29T17:10:40.775928,2026-06-29T07:10:41.367331+00:00,112.0,80,ask,,,12300207
2026-06-29T17:10:40.830267,2026-06-29T07:10:41.422331+00:00,112.0,2,bid,,,12300210
2026-06-29T17:10:40.892508,2026-06-29T07:10:41.488332+00:00,111.9,25,bid,,,12300213
2026-06-29T17:10:40.910431,2026-06-29T07:10:41.499331+00:00,111.9,35,bid,,,12300214
2026-06-29T17:10:40.999767,2026-06-29T07:10:41.587332+00:00,111.9,35,bid,,,12300217
2026-06-29T17:10:41.039348,2026-06-29T07:10:41.631332+00:00,111.9,25,bid,,,12300220
2026-06-29T17:10:41.043527,2026-06-29T07:10:41.631332+00:00,111.9,2,bid,,,12300221
2026-06-29T17:10:41.088349,2026-06-29T07:10:41.675332+00:00,111.9,30,bid,,,12300222
2026-06-29T17:10:41.248305,2026-06-29T07:10:41.840340+00:00,111.9,2,bid,,,12300225
2026-06-29T17:10:41.454949,2026-06-29T07:10:42.038341+00:00,111.9,2,bid,,,12300227
2026-06-29T17:10:41.659815,2026-06-29T07:10:42.247331+00:00,111.9,2,bid,,,12300229
2026-06-29T17:10:42.085488,2026-06-29T07:10:42.676333+00:00,112.0,200,bid,,,12300235
2026-06-29T17:10:42.100717,2026-06-29T07:10:42.687341+00:00,112.0,25,ask,,,12300239
2026-06-29T17:10:42.144065,2026-06-29T07:10:42.731341+00:00,112.0,73,ask,,,12300242
2026-06-29T17:10:46.644416,2026-06-29T07:10:47.229163+00:00,111.8,6,ask,,,12300329
2026-06-29T17:10:46.644416,2026-06-29T07:10:47.229163+00:00,111.8,29,ask,,,12300330
2026-06-29T17:10:46.673521,2026-06-29T07:10:47.262158+00:00,111.8,25,ask,,,12300331
2026-06-29T17:10:46.721957,2026-06-29T07:10:47.306163+00:00,111.8,25,ask,,,12300334
2026-06-29T17:10:46.759703,2026-06-29T07:10:47.350163+00:00,111.8,24,ask,,,12300339
2026-06-29T17:10:46.883044,2026-06-29T07:10:47.471163+00:00,111.8,25,ask,,,12300341
2026-06-29T17:10:46.930731,2026-06-29T07:10:47.515163+00:00,111.8,25,ask,,,12300343
2026-06-29T17:10:46.939624,2026-06-29T07:10:47.526163+00:00,111.9,2,bid,,,12300345
2026-06-29T17:10:47.144445,2026-06-29T07:10:47.735163+00:00,111.9,2,bid,,,12300349
2026-06-29T17:10:47.349660,2026-06-29T07:10:47.933163+00:00,112.0,2,bid,,,12300352
2026-06-29T17:10:47.554446,2026-06-29T07:10:48.142154+00:00,112.0,2,bid,,,12300363
2026-06-29T17:10:47.759650,2026-06-29T07:10:48.351154+00:00,112.0,1,bid,,,12300368
2026-06-29T17:10:48.495595,2026-06-29T07:10:49.086187+00:00,111.9,25,ask,,,12300376
2026-06-29T17:10:48.566132,2026-06-29T07:10:49.152187+00:00,111.9,15,ask,,,12300378
2026-06-29T17:10:48.705969,2026-06-29T07:10:49.295178+00:00,111.9,25,ask,,,12300381
2026-06-29T17:10:51.267903,2026-06-29T07:10:51.858198+00:00,111.8,9,ask,,,12300423
2026-06-29T17:10:51.267903,2026-06-29T07:10:51.858198+00:00,111.7,200,ask,,,12300424
2026-06-29T17:10:51.267903,2026-06-29T07:10:51.858198+00:00,111.7,416,ask,,,12300425
2026-06-29T17:10:51.758285,2026-06-29T07:10:52.353198+00:00,111.8,10,ask,,,12300440
2026-06-29T17:10:52.580086,2026-06-29T07:10:53.166199+00:00,111.8,190,bid,,,12300455
2026-06-29T17:10:52.970534,2026-06-29T07:10:53.562198+00:00,111.8,200,ask,,,12300470
2026-06-29T17:10:59.018649,2026-06-29T07:10:59.610799+00:00,111.7,4,ask,,,12300585
2026-06-29T17:10:59.018649,2026-06-29T07:10:59.610799+00:00,111.7,196,ask,,,12300586
2026-06-29T17:10:59.567189,2026-06-29T07:11:00.160808+00:00,111.8,500,bid,,,12300593
2026-06-29T17:11:00.163040,2026-06-29T07:11:00.753799+00:00,111.8,125,bid,,,12300605
2026-06-29T17:11:00.230644,2026-06-29T07:11:00.819808+00:00,111.8,200,ask,,,12300607
2026-06-29T17:11:01.446790,2026-06-29T07:11:02.040341+00:00,111.9,200,ask,,,12300627
2026-06-29T17:11:02.653300,2026-06-29T07:11:03.239342+00:00,111.8,200,ask,,,12300657
2026-06-29T17:11:06.286659,2026-06-29T07:11:06.888496+00:00,111.8,200,ask,,,12300733
2026-06-29T17:11:07.460763,2026-06-29T07:11:08.054386+00:00,111.8,500,bid,,,12300754
2026-06-29T17:11:07.492398,2026-06-29T07:11:08.076387+00:00,111.8,125,bid,,,12300756
2026-06-29T17:11:08.341711,2026-06-29T07:11:08.932876+00:00,112.0,200,bid,,,12300763
2026-06-29T17:11:08.707575,2026-06-29T07:11:09.295876+00:00,112.0,200,ask,,,12300777
2026-06-29T17:11:08.722068,2026-06-29T07:11:09.306876+00:00,112.1,1,bid,,,12300778
2026-06-29T17:11:09.691811,2026-06-29T07:11:10.274876+00:00,112.1,35,bid,,,12300802
2026-06-29T17:11:09.759190,2026-06-29T07:11:10.351876+00:00,112.1,14,bid,,,12300805
2026-06-29T17:11:10.502722,2026-06-29T07:11:11.088889+00:00,112.0,5,bid,,,12300823
2026-06-29T17:11:10.502722,2026-06-29T07:11:11.088889+00:00,112.0,95,bid,,,12300824
2026-06-29T17:11:10.965083,2026-06-29T07:11:11.550889+00:00,112.0,105,bid,,,12300838
2026-06-29T17:11:12.310246,2026-06-29T07:11:12.902889+00:00,112.1,200,bid,,,12300861
2026-06-29T17:11:12.310246,2026-06-29T07:11:12.902889+00:00,112.1,7,bid,,,12300862
2026-06-29T17:11:12.345086,2026-06-29T07:11:12.935889+00:00,112.1,200,ask,,,12300863
2026-06-29T17:11:13.556986,2026-06-29T07:11:14.144880+00:00,112.1,200,ask,,,12300889
2026-06-29T17:11:13.630244,2026-06-29T07:11:14.221880+00:00,111.9,200,ask,,,12300892
2026-06-29T17:11:14.762330,2026-06-29T07:11:15.354871+00:00,111.9,200,bid,,,12300902
2026-06-29T17:11:16.030223,2026-06-29T07:11:16.619418+00:00,111.8,25,bid,,,12300938
2026-06-29T17:11:16.042619,2026-06-29T07:11:16.630418+00:00,111.8,35,bid,,,12300939
2026-06-29T17:11:16.131577,2026-06-29T07:11:16.718410+00:00,111.8,6,bid,,,12300944
2026-06-29T17:11:16.179929,2026-06-29T07:11:16.762410+00:00,111.8,25,bid,,,12300948
2026-06-29T17:11:16.244924,2026-06-29T07:11:16.828409+00:00,111.8,25,bid,,,12300950
2026-06-29T17:11:16.261288,2026-06-29T07:11:16.850410+00:00,111.8,84,bid,,,12300954
2026-06-29T17:11:17.195920,2026-06-29T07:11:17.785410+00:00,111.9,200,ask,,,12300975
2026-06-29T17:11:17.519747,2026-06-29T07:11:18.104419+00:00,112.1,20,bid,,,12300979
2026-06-29T17:11:18.407234,2026-06-29T07:11:18.994985+00:00,111.9,200,bid,,,12300992
2026-06-29T17:11:19.586908,2026-06-29T07:11:20.181994+00:00,111.9,20,ask,,,12301014
2026-06-29T17:11:19.627295,2026-06-29T07:11:20.214995+00:00,111.9,200,ask,,,12301015
2026-06-29T17:11:20.232380,2026-06-29T07:11:20.852999+00:00,112.0,35,ask,,,12301034
2026-06-29T17:11:20.257872,2026-06-29T07:11:20.863998+00:00,112.0,25,ask,,,12301037
2026-06-29T17:11:20.320619,2026-06-29T07:11:20.929998+00:00,112.0,35,ask,,,12301043
2026-06-29T17:11:20.393916,2026-06-29T07:11:21.006998+00:00,112.0,5,ask,,,12301044
2026-06-29T17:11:20.841679,2026-06-29T07:11:21.447007+00:00,112.0,200,ask,,,12301054
2026-06-29T17:11:21.523874,2026-06-29T07:11:22.129008+00:00,111.9,500,ask,,,12301074
2026-06-29T17:11:21.609637,2026-06-29T07:11:22.217007+00:00,111.9,70,bid,,,12301076
2026-06-29T17:11:21.612498,2026-06-29T07:11:22.228008+00:00,111.9,25,bid,,,12301077
2026-06-29T17:11:21.699512,2026-06-29T07:11:22.316007+00:00,111.8,1,ask,,,12301079
2026-06-29T17:11:21.785751,2026-06-29T07:11:22.382007+00:00,111.7,1,ask,,,12301080
2026-06-29T17:11:21.785751,2026-06-29T07:11:22.393007+00:00,111.7,5,ask,,,12301081
2026-06-29T17:11:21.976854,2026-06-29T07:11:22.569007+00:00,111.9,30,bid,,,12301082
2026-06-29T17:11:22.051812,2026-06-29T07:11:22.635007+00:00,111.9,200,ask,,,12301086
2026-06-29T17:11:22.828553,2026-06-29T07:11:23.416007+00:00,112.2,5,bid,,,12301104
2026-06-29T17:11:23.265607,2026-06-29T07:11:23.855708+00:00,112.2,200,ask,,,12301111
2026-06-29T17:11:24.030357,2026-06-29T07:11:24.614716+00:00,112.2,5,ask,,,12301121
2026-06-29T17:11:24.041159,2026-06-29T07:11:24.625716+00:00,112.2,5,ask,,,12301123
2026-06-29T17:11:24.044125,2026-06-29T07:11:24.636717+00:00,112.3,2,bid,,,12301124
2026-06-29T17:11:24.249277,2026-06-29T07:11:24.834708+00:00,112.3,2,bid,,,12301129
2026-06-29T17:11:24.454182,2026-06-29T07:11:25.043708+00:00,112.3,1,bid,,,12301130
2026-06-29T17:11:24.472457,2026-06-29T07:11:25.065708+00:00,112.1,200,ask,,,12301131
2026-06-29T17:11:32.027117,2026-06-29T07:11:32.610442+00:00,112.3,1,bid,,,12301278
2026-06-29T17:11:32.027117,2026-06-29T07:11:32.621442+00:00,112.3,200,bid,,,12301279
2026-06-29T17:11:32.065865,2026-06-29T07:11:32.654434+00:00,112.3,35,ask,,,12301282
2026-06-29T17:11:32.072924,2026-06-29T07:11:32.665442+00:00,112.3,25,ask,,,12301283
2026-06-29T17:11:32.087224,2026-06-29T07:11:32.676442+00:00,112.3,25,ask,,,12301285
2026-06-29T17:11:32.154153,2026-06-29T07:11:32.742442+00:00,112.3,35,ask,,,12301288
2026-06-29T17:11:32.243562,2026-06-29T07:11:32.830442+00:00,112.3,32,ask,,,12301290
2026-06-29T17:11:34.010997,2026-06-29T07:11:34.601131+00:00,112.3,35,bid,,,12301325
2026-06-29T17:11:34.108192,2026-06-29T07:11:34.711131+00:00,112.3,35,bid,,,12301332
2026-06-29T17:11:34.119413,2026-06-29T07:11:34.711131+00:00,112.3,25,bid,,,12301333
2026-06-29T17:11:34.119640,2026-06-29T07:11:34.711131+00:00,112.3,25,bid,,,12301335
2026-06-29T17:11:34.161195,2026-06-29T07:11:34.744131+00:00,112.3,200,bid,,,12301336
2026-06-29T17:11:34.204015,2026-06-29T07:11:34.788131+00:00,112.3,30,bid,,,12301339
2026-06-29T17:11:35.375038,2026-06-29T07:11:35.965191+00:00,112.2,200,ask,,,12301371
2026-06-29T17:11:36.619530,2026-06-29T07:11:37.207245+00:00,112.2,14,bid,,,12301389
2026-06-29T17:11:36.737796,2026-06-29T07:11:37.328245+00:00,112.2,25,bid,,,12301395
2026-06-29T17:11:36.737949,2026-06-29T07:11:37.328245+00:00,112.2,11,bid,,,12301396
2026-06-29T17:11:37.288846,2026-06-29T07:11:37.878254+00:00,112.2,150,bid,,,12301404
2026-06-29T17:11:37.797734,2026-06-29T07:11:38.384255+00:00,112.2,200,ask,,,12301408
2026-06-29T17:11:38.686031,2026-06-29T07:11:39.274802+00:00,112.1,1,ask,,,12301431
2026-06-29T17:11:38.686031,2026-06-29T07:11:39.274802+00:00,112.1,19,ask,,,12301432
2026-06-29T17:11:40.217029,2026-06-29T07:11:40.803824+00:00,112.1,200,ask,,,12301466
2026-06-29T17:11:40.354421,2026-06-29T07:11:40.946824+00:00,112.2,25,bid,,,12301472
