timestamp,recv_time,price,volume,aggressor_side,buyer,seller,trade_id
2026-07-08T00:00:00.209391,2026-07-08T00:00:00.123715+00:00,138.6,200,ask,,,11457740
2026-07-08T00:00:01.173212,2026-07-08T00:00:01.180120+00:00,138.6,500,ask,,,11457750
2026-07-08T00:00:01.352415,2026-07-08T00:00:01.364117+00:00,138.6,125,bid,,,11457751
2026-07-08T00:00:02.169119,2026-07-08T00:00:02.175541+00:00,138.7,57,bid,,,11457767
2026-07-08T00:00:02.483580,2026-07-08T00:00:02.489995+00:00,138.7,143,bid,,,11457768
2026-07-08T00:00:02.632010,2026-07-08T00:00:02.640776+00:00,138.7,200,ask,,,11457770
2026-07-08T00:00:03.057226,2026-07-08T00:00:03.068887+00:00,138.7,20,ask,,,11457778
2026-07-08T00:00:03.416631,2026-07-08T00:00:03.427424+00:00,138.9,20,bid,,,11457782
2026-07-08T00:00:04.713350,2026-07-08T00:00:04.717558+00:00,138.6,11,ask,,,11457799
2026-07-08T00:00:08.298835,2026-07-08T00:00:08.310558+00:00,138.7,20,bid,,,11457852
2026-07-08T00:00:11.658859,2026-07-08T00:00:11.668706+00:00,138.7,200,bid,,,11457897
2026-07-08T00:00:12.344832,2026-07-08T00:00:12.351426+00:00,138.7,200,ask,,,11457908
2026-07-08T00:00:12.677529,2026-07-08T00:00:12.689135+00:00,138.7,20,ask,,,11457911
2026-07-08T00:00:14.561146,2026-07-08T00:00:14.572661+00:00,138.9,20,bid,,,11457932
2026-07-08T00:00:15.978631,2026-07-08T00:00:15.986939+00:00,138.8,200,bid,,,11457955
2026-07-08T00:00:18.018144,2026-07-08T00:00:18.022225+00:00,138.7,34,ask,,,11457987
2026-07-08T00:00:20.121764,2026-07-08T00:00:20.130646+00:00,138.9,200,bid,,,11458010
2026-07-08T00:00:20.528302,2026-07-08T00:00:20.540260+00:00,138.9,20,ask,,,11458015
2026-07-08T00:00:20.725083,2026-07-08T00:00:20.735701+00:00,139.0,500,bid,,,11458017
2026-07-08T00:00:20.851982,2026-07-08T00:00:20.857987+00:00,139.0,200,bid,,,11458020
2026-07-08T00:00:22.042494,2026-07-08T00:00:22.050778+00:00,139.1,200,ask,,,11458033
2026-07-08T00:00:22.164421,2026-07-08T00:00:22.175252+00:00,139.1,300,ask,,,11458036
2026-07-08T00:00:22.551080,2026-07-08T00:00:22.558618+00:00,139.1,325,bid,,,11458041
2026-07-08T00:00:23.253340,2026-07-08T00:00:23.260453+00:00,139.1,200,ask,,,11458053
2026-07-08T00:00:24.356714,2026-07-08T00:00:24.360858+00:00,139.1,12,ask,,,11458068
2026-07-08T00:00:26.092692,2026-07-08T00:00:26.099602+00:00,139.2,200,bid,,,11458090
2026-07-08T00:00:26.110811,2026-07-08T00:00:26.114985+00:00,139.2,11,ask,,,11458092
2026-07-08T00:00:28.089277,2026-07-08T00:00:28.100209+00:00,139.3,200,ask,,,11458108
2026-07-08T00:00:29.826728,2026-07-08T00:00:29.833998+00:00,139.3,200,bid,,,11458134
2026-07-08T00:00:31.727819,2026-07-08T00:00:31.737930+00:00,139.3,200,ask,,,11458149
2026-07-08T00:00:32.936898,2026-07-08T00:00:32.945431+00:00,139.3,200,ask,,,11458156
2026-07-08T00:00:34.144714,2026-07-08T00:00:34.158897+00:00,139.4,200,bid,,,11458172
2026-07-08T00:00:34.676018,2026-07-08T00:00:34.682614+00:00,139.4,425,bid,,,11458179
2026-07-08T00:00:36.617060,2026-07-08T00:00:36.639185+00:00,139.5,200,bid,,,11458201
2026-07-08T00:00:36.634494,2026-07-08T00:00:36.639185+00:00,139.5,6,ask,,,11458204
2026-07-08T00:00:37.937968,2026-07-08T00:00:37.948359+00:00,139.5,200,ask,,,11458220
2026-07-08T00:00:39.012863,2026-07-08T00:00:39.020131+00:00,139.5,200,bid,,,11458237
2026-07-08T00:00:41.431966,2026-07-08T00:00:41.439052+00:00,139.6,200,bid,,,11458255
2026-07-08T00:00:44.504825,2026-07-08T00:00:44.508903+00:00,139.7,6,bid,,,11458285
2026-07-08T00:00:45.805178,2026-07-08T00:00:45.826251+00:00,139.6,200,ask,,,11458306
2026-07-08T00:00:45.821582,2026-07-08T00:00:45.826251+00:00,139.6,11,bid,,,11458308
2026-07-08T00:00:48.429271,2026-07-08T00:00:48.440182+00:00,139.6,200,bid,,,11458337
2026-07-08T00:00:49.759482,2026-07-08T00:00:49.763143+00:00,139.6,12,bid,,,11458358
2026-07-08T00:00:52.381505,2026-07-08T00:00:52.385522+00:00,139.5,11,bid,,,11458393
2026-07-08T00:00:57.204917,2026-07-08T00:00:57.208860+00:00,139.4,11,bid,,,11458442
2026-07-08T00:00:59.572675,2026-07-08T00:00:59.585101+00:00,139.2,20,ask,,,11458465
2026-07-08T00:01:02.039479,2026-07-08T00:01:02.050080+00:00,139.4,200,ask,,,11458489
2026-07-08T00:01:03.878567,2026-07-08T00:01:03.890280+00:00,139.5,20,bid,,,11458510
2026-07-08T00:01:04.460039,2026-07-08T00:01:04.470105+00:00,139.5,200,bid,,,11458519
2026-07-08T00:01:08.653140,2026-07-08T00:01:08.656861+00:00,139.5,12,bid,,,11458584
2026-07-08T00:01:09.328350,2026-07-08T00:01:09.332950+00:00,139.4,11,bid,,,11458596
2026-07-08T00:01:12.036626,2026-07-08T00:01:12.043268+00:00,139.2,500,ask,,,11458634
2026-07-08T00:01:14.154287,2026-07-08T00:01:14.163896+00:00,139.1,200,ask,,,11458670
2026-07-08T00:01:14.657056,2026-07-08T00:01:14.656788+00:00,139.1,500,ask,,,11458675
2026-07-08T00:01:15.217074,2026-07-08T00:01:15.225742+00:00,139.1,125,bid,,,11458685
2026-07-08T00:01:15.246576,2026-07-08T00:01:15.250791+00:00,139.2,11,ask,,,11458687
2026-07-08T00:01:15.967342,2026-07-08T00:01:15.978801+00:00,139.2,500,ask,,,11458695
2026-07-08T00:01:17.276384,2026-07-08T00:01:17.283317+00:00,139.3,200,bid,,,11458719
2026-07-08T00:01:17.294611,2026-07-08T00:01:17.298496+00:00,139.3,12,ask,,,11458721
2026-07-08T00:01:18.609675,2026-07-08T00:01:18.613899+00:00,139.4,12,bid,,,11458749
2026-07-08T00:01:19.903483,2026-07-08T00:01:19.914213+00:00,139.3,200,ask,,,11458769
2026-07-08T00:01:19.959330,2026-07-08T00:01:19.971200+00:00,139.1,20,ask,,,11458770
2026-07-08T00:01:21.425030,2026-07-08T00:01:21.428862+00:00,139.3,12,ask,,,11458794
2026-07-08T00:01:22.555587,2026-07-08T00:01:22.555635+00:00,139.3,188,ask,,,11458804
2026-07-08T00:01:23.864929,2026-07-08T00:01:23.873965+00:00,139.2,200,bid,,,11458816
2026-07-08T00:01:24.173923,2026-07-08T00:01:24.184783+00:00,139.2,20,ask,,,11458819
2026-07-08T00:01:25.177090,2026-07-08T00:01:25.187947+00:00,139.3,200,bid,,,11458843
2026-07-08T00:01:26.250081,2026-07-08T00:01:26.258586+00:00,139.3,200,ask,,,11458862
2026-07-08T00:01:26.645082,2026-07-08T00:01:26.658592+00:00,139.2,20,ask,,,11458866
2026-07-08T00:01:26.965225,2026-07-08T00:01:26.969599+00:00,139.4,12,bid,,,11458873
2026-07-08T00:01:27.796341,2026-07-08T00:01:27.803568+00:00,139.4,200,bid,,,11458882
2026-07-08T00:01:27.837442,2026-07-08T00:01:27.845198+00:00,139.5,20,bid,,,11458884
2026-07-08T00:01:28.579052,2026-07-08T00:01:28.587728+00:00,139.4,425,ask,,,11458891
2026-07-08T00:01:28.670398,2026-07-08T00:01:28.680401+00:00,139.4,75,bid,,,11458893
2026-07-08T00:01:29.107031,2026-07-08T00:01:29.113802+00:00,139.4,125,ask,,,11458897
2026-07-08T00:01:29.127146,2026-07-08T00:01:29.131620+00:00,139.2,23,bid,,,11458899
2026-07-08T00:01:34.346563,2026-07-08T00:01:34.354900+00:00,139.1,200,bid,,,11458958
2026-07-08T00:01:34.710988,2026-07-08T00:01:34.723802+00:00,139.2,200,ask,,,11458968
2026-07-08T00:01:37.743924,2026-07-08T00:01:37.755734+00:00,139.3,20,bid,,,11458997
2026-07-08T00:01:39.568443,2026-07-08T00:01:39.576984+00:00,139.2,200,ask,,,11459015
2026-07-08T00:01:42.890251,2026-07-08T00:01:42.901849+00:00,139.2,20,bid,,,11459050
2026-07-08T00:01:45.608931,2026-07-08T00:01:45.616500+00:00,139.2,200,bid,,,11459083
2026-07-08T00:01:47.657708,2026-07-08T00:01:47.669325+00:00,139.0,20,ask,,,11459117
2026-07-08T00:01:47.950717,2026-07-08T00:01:47.956376+00:00,139.1,500,bid,,,11459124
2026-07-08T00:01:48.549033,2026-07-08T00:01:48.558548+00:00,139.1,125,bid,,,11459129
2026-07-08T00:01:48.549033,2026-07-08T00:01:48.558548+00:00,139.1,200,bid,,,11459130
2026-07-08T00:01:49.237048,2026-07-08T00:01:49.246420+00:00,139.3,200,ask,,,11459140
2026-07-08T00:01:50.445568,2026-07-08T00:01:50.453272+00:00,139.2,200,ask,,,11459150
2026-07-08T00:01:51.653079,2026-07-08T00:01:51.660983+00:00,139.2,200,ask,,,11459164
2026-07-08T00:01:53.012035,2026-07-08T00:01:53.016030+00:00,139.2,23,ask,,,11459182
2026-07-08T00:01:54.035593,2026-07-08T00:01:54.042098+00:00,139.1,200,ask,,,11459196
2026-07-08T00:01:54.035593,2026-07-08T00:01:54.047341+00:00,139.1,425,ask,,,11459197
2026-07-08T00:01:55.344132,2026-07-08T00:01:55.364268+00:00,139.3,200,bid,,,11459213
2026-07-08T00:01:55.360073,2026-07-08T00:01:55.364268+00:00,139.4,23,ask,,,11459215
2026-07-08T00:01:56.124991,2026-07-08T00:01:56.129078+00:00,139.7,11,bid,,,11459231
2026-07-08T00:01:56.478132,2026-07-08T00:01:56.486650+00:00,139.4,200,ask,,,11459241
2026-07-08T00:01:56.674934,2026-07-08T00:01:56.678470+00:00,139.5,23,bid,,,11459243
2026-07-08T00:01:57.968821,2026-07-08T00:01:57.987255+00:00,139.4,200,ask,,,11459258
2026-07-08T00:01:57.983452,2026-07-08T00:01:57.987255+00:00,139.4,12,bid,,,11459261
2026-07-08T00:01:58.899770,2026-07-08T00:01:58.910814+00:00,139.4,200,bid,,,11459279
2026-07-08T00:02:00.122389,2026-07-08T00:02:00.127463+00:00,139.3,12,ask,,,11459291
2026-07-08T00:02:01.334902,2026-07-08T00:02:01.339001+00:00,139.4,11,ask,,,11459306
2026-07-08T00:02:02.456181,2026-07-08T00:02:02.460434+00:00,139.6,11,bid,,,11459321
2026-07-08T00:02:02.560913,2026-07-08T00:02:02.565586+00:00,139.4,23,bid,,,11459325
2026-07-08T00:02:03.213619,2026-07-08T00:02:03.222438+00:00,139.4,177,bid,,,11459337
2026-07-08T00:02:04.036953,2026-07-08T00:02:04.048615+00:00,139.5,20,bid,,,11459347
2026-07-08T00:02:08.593492,2026-07-08T00:02:08.607942+00:00,139.3,200,ask,,,11459408
2026-07-08T00:02:09.765439,2026-07-08T00:02:09.769421+00:00,139.4,11,ask,,,11459435
2026-07-08T00:02:09.771919,2026-07-08T00:02:09.784683+00:00,139.4,489,ask,,,11459436
2026-07-08T00:02:11.081588,2026-07-08T00:02:11.092539+00:00,139.4,200,bid,,,11459456
2026-07-08T00:02:13.704442,2026-07-08T00:02:13.715867+00:00,139.6,200,bid,,,11459489
2026-07-08T00:02:14.645583,2026-07-08T00:02:14.663965+00:00,139.7,200,ask,,,11459507
2026-07-08T00:02:17.670507,2026-07-08T00:02:17.674773+00:00,139.6,12,ask,,,11459539
2026-07-08T00:02:19.149031,2026-07-08T00:02:19.163667+00:00,139.7,20,bid,,,11459559
2026-07-08T00:02:20.828352,2026-07-08T00:02:20.840178+00:00,139.6,20,ask,,,11459582
2026-07-08T00:02:21.491095,2026-07-08T00:02:21.495236+00:00,139.6,11,ask,,,11459591
2026-07-08T00:02:21.599798,2026-07-08T00:02:21.603779+00:00,139.7,12,ask,,,11459594
2026-07-08T00:02:22.893333,2026-07-08T00:02:22.900439+00:00,139.9,200,bid,,,11459609
2026-07-08T00:02:23.111897,2026-07-08T00:02:23.122858+00:00,139.9,200,ask,,,11459610
2026-07-08T00:02:26.766894,2026-07-08T00:02:26.771155+00:00,139.9,12,bid,,,11459665
2026-07-08T00:02:28.244434,2026-07-08T00:02:28.255993+00:00,139.9,20,ask,,,11459682
2026-07-08T00:02:28.505223,2026-07-08T00:02:28.517039+00:00,139.9,500,ask,,,11459684
2026-07-08T00:02:29.128219,2026-07-08T00:02:29.139500+00:00,139.9,105,ask,,,11459691
2026-07-08T00:02:30.255523,2026-07-08T00:02:30.259857+00:00,139.9,11,bid,,,11459706
2026-07-08T00:02:30.343483,2026-07-08T00:02:30.350447+00:00,139.8,200,ask,,,11459708
2026-07-08T00:02:30.343483,2026-07-08T00:02:30.355600+00:00,139.8,300,ask,,,11459709
2026-07-08T00:02:30.939056,2026-07-08T00:02:30.950613+00:00,139.8,500,ask,,,11459716
2026-07-08T00:02:31.541729,2026-07-08T00:02:31.550882+00:00,139.8,125,ask,,,11459725
2026-07-08T00:02:31.541729,2026-07-08T00:02:31.550882+00:00,139.7,200,ask,,,11459726
2026-07-08T00:02:31.565270,2026-07-08T00:02:31.569174+00:00,139.7,23,bid,,,11459729
2026-07-08T00:02:31.921056,2026-07-08T00:02:31.933112+00:00,139.6,20,ask,,,11459733
2026-07-08T00:02:32.792707,2026-07-08T00:02:32.803343+00:00,139.7,200,bid,,,11459745
2026-07-08T00:02:34.559819,2026-07-08T00:02:34.569847+00:00,139.6,500,ask,,,11459760
2026-07-08T00:02:34.679676,2026-07-08T00:02:34.688925+00:00,139.6,200,ask,,,11459763
2026-07-08T00:02:35.151054,2026-07-08T00:02:35.163911+00:00,139.2,20,ask,,,11459772
2026-07-08T00:02:35.220747,2026-07-08T00:02:35.230761+00:00,139.5,200,bid,,,11459775
2026-07-08T00:02:35.808238,2026-07-08T00:02:35.812005+00:00,139.4,3,bid,,,11459780
2026-07-08T00:02:35.989267,2026-07-08T00:02:35.995659+00:00,139.4,497,bid,,,11459785
2026-07-08T00:02:36.387971,2026-07-08T00:02:36.399510+00:00,139.5,128,ask,,,11459790
2026-07-08T00:02:36.433613,2026-07-08T00:02:36.443508+00:00,139.4,200,bid,,,11459792
2026-07-08T00:02:37.313030,2026-07-08T00:02:37.317072+00:00,139.3,37,ask,,,11459804
2026-07-08T00:02:37.644427,2026-07-08T00:02:37.653012+00:00,139.4,200,bid,,,11459811
2026-07-08T00:02:39.317579,2026-07-08T00:02:39.329509+00:00,139.4,20,bid,,,11459831
2026-07-08T00:02:39.810365,2026-07-08T00:02:39.814403+00:00,139.5,11,bid,,,11459840
2026-07-08T00:02:40.414204,2026-07-08T00:02:40.419010+00:00,139.4,23,bid,,,11459851
2026-07-08T00:02:40.630889,2026-07-08T00:02:40.634929+00:00,139.3,3,bid,,,11459854
2026-07-08T00:02:42.565169,2026-07-08T00:02:42.572092+00:00,139.2,200,bid,,,11459881
2026-07-08T00:02:43.056184,2026-07-08T00:02:43.066049+00:00,139.2,425,ask,,,11459889
2026-07-08T00:02:43.690856,2026-07-08T00:02:43.701041+00:00,139.2,200,bid,,,11459898
2026-07-08T00:02:44.900213,2026-07-08T00:02:44.909480+00:00,139.0,200,bid,,,11459920
2026-07-08T00:02:45.939193,2026-07-08T00:02:45.950942+00:00,139.0,20,bid,,,11459932
2026-07-08T00:02:46.108412,2026-07-08T00:02:46.117831+00:00,139.0,200,bid,,,11459934
2026-07-08T00:02:46.170553,2026-07-08T00:02:46.175515+00:00,138.7,3,ask,,,11459936
2026-07-08T00:02:46.510014,2026-07-08T00:02:46.514055+00:00,139.0,34,ask,,,11459939
2026-07-08T00:02:49.741498,2026-07-08T00:02:49.749355+00:00,139.1,200,bid,,,11459982
2026-07-08T00:02:50.951194,2026-07-08T00:02:50.958622+00:00,139.1,200,bid,,,11459996
2026-07-08T00:02:52.160131,2026-07-08T00:02:52.169068+00:00,139.0,200,bid,,,11460010
2026-07-08T00:02:53.378693,2026-07-08T00:02:53.386496+00:00,139.0,200,bid,,,11460028
2026-07-08T00:02:54.378983,2026-07-08T00:02:54.388289+00:00,138.9,500,bid,,,11460042
2026-07-08T00:02:54.421043,2026-07-08T00:02:54.429958+00:00,138.9,20,ask,,,11460043
2026-07-08T00:02:54.566941,2026-07-08T00:02:54.574852+00:00,138.9,105,ask,,,11460044
2026-07-08T00:02:54.594505,2026-07-08T00:02:54.606170+00:00,138.9,200,bid,,,11460045
2026-07-08T00:02:55.367784,2026-07-08T00:02:55.377117+00:00,138.1,20,ask,,,11460064
2026-07-08T00:02:59.457709,2026-07-08T00:02:59.469195+00:00,138.7,200,ask,,,11460120
2026-07-08T00:03:00.947842,2026-07-08T00:03:00.958635+00:00,138.7,200,ask,,,11460141
2026-07-08T00:03:01.976481,2026-07-08T00:03:01.986940+00:00,138.6,20,ask,,,11460157
2026-07-08T00:03:05.522046,2026-07-08T00:03:05.526834+00:00,138.8,12,ask,,,11460218
2026-07-08T00:03:06.193366,2026-07-08T00:03:06.203259+00:00,138.8,188,ask,,,11460228
2026-07-08T00:03:10.131852,2026-07-08T00:03:10.138914+00:00,138.8,200,ask,,,11460271
2026-07-08T00:03:11.450594,2026-07-08T00:03:11.456975+00:00,138.8,200,bid,,,11460294
2026-07-08T00:03:12.761102,2026-07-08T00:03:12.768722+00:00,138.8,200,ask,,,11460307
2026-07-08T00:03:16.385792,2026-07-08T00:03:16.395113+00:00,139.0,200,ask,,,11460347
2026-07-08T00:03:17.997519,2026-07-08T00:03:18.007940+00:00,139.0,200,bid,,,11460368
2026-07-08T00:03:23.654381,2026-07-08T00:03:23.662314+00:00,138.9,200,bid,,,11460424
2026-07-08T00:03:25.439394,2026-07-08T00:03:25.449769+00:00,138.9,500,bid,,,11460451
2026-07-08T00:03:26.716927,2026-07-08T00:03:26.728588+00:00,138.9,20,ask,,,11460470
2026-07-08T00:03:27.847687,2026-07-08T00:03:27.858557+00:00,139.0,500,bid,,,11460489
2026-07-08T00:03:28.443864,2026-07-08T00:03:28.452366+00:00,139.0,125,bid,,,11460494
2026-07-08T00:03:28.443864,2026-07-08T00:03:28.452366+00:00,139.1,200,bid,,,11460495
2026-07-08T00:03:30.445420,2026-07-08T00:03:30.450004+00:00,139.2,12,bid,,,11460518
2026-07-08T00:03:32.273101,2026-07-08T00:03:32.279986+00:00,139.2,20,bid,,,11460542
2026-07-08T00:03:34.264543,2026-07-08T00:03:34.268450+00:00,139.2,34,bid,,,11460575
2026-07-08T00:03:36.977065,2026-07-08T00:03:36.985971+00:00,139.1,200,ask,,,11460610
2026-07-08T00:03:40.600494,2026-07-08T00:03:40.607301+00:00,139.1,200,bid,,,11460648
2026-07-08T00:03:41.385422,2026-07-08T00:03:41.392386+00:00,139.0,20,ask,,,11460660
2026-07-08T00:03:42.398532,2026-07-08T00:03:42.409363+00:00,139.2,200,bid,,,11460675
2026-07-08T00:03:42.420119,2026-07-08T00:03:42.424079+00:00,139.2,11,ask,,,11460677
2026-07-08T00:03:46.920121,2026-07-08T00:03:46.924409+00:00,139.2,12,ask,,,11460725
2026-07-08T00:03:47.867572,2026-07-08T00:03:47.874969+00:00,139.3,200,bid,,,11460735
2026-07-08T00:03:52.710354,2026-07-08T00:03:52.724049+00:00,139.3,200,bid,,,11460783
2026-07-08T00:03:59.184390,2026-07-08T00:03:59.191618+00:00,139.3,20,ask,,,11460865
2026-07-08T00:04:00.395530,2026-07-08T00:04:00.402637+00:00,139.5,20,bid,,,11460884
2026-07-08T00:04:04.813534,2026-07-08T00:04:04.821180+00:00,139.5,200,bid,,,11460923
2026-07-08T00:04:06.530910,2026-07-08T00:04:06.540492+00:00,139.5,200,ask,,,11460943
2026-07-08T00:04:10.464494,2026-07-08T00:04:10.474806+00:00,139.3,200,ask,,,11460995
2026-07-08T00:04:13.084208,2026-07-08T00:04:13.102869+00:00,139.0,200,ask,,,11461045
2026-07-08T00:04:13.098943,2026-07-08T00:04:13.102869+00:00,139.0,23,bid,,,11461047
2026-07-08T00:04:14.537144,2026-07-08T00:04:14.544041+00:00,139.1,200,bid,,,11461067
2026-07-08T00:04:15.706480,2026-07-08T00:04:15.717277+00:00,139.0,500,bid,,,11461094
2026-07-08T00:04:16.284534,2026-07-08T00:04:16.293134+00:00,139.1,200,ask,,,11461109
2026-07-08T00:04:16.284534,2026-07-08T00:04:16.293134+00:00,139.0,125,ask,,,11461110
2026-07-08T00:04:17.016876,2026-07-08T00:04:17.025124+00:00,138.9,200,ask,,,11461117
2026-07-08T00:04:18.161021,2026-07-08T00:04:18.170622+00:00,138.8,200,bid,,,11461132
2026-07-08T00:04:18.544860,2026-07-08T00:04:18.548913+00:00,138.8,23,ask,,,11461141
2026-07-08T00:04:19.370434,2026-07-08T00:04:19.379431+00:00,139.0,200,bid,,,11461154
2026-07-08T00:04:19.646240,2026-07-08T00:04:19.650134+00:00,138.9,11,ask,,,11461159
2026-07-08T00:04:19.933850,2026-07-08T00:04:19.945402+00:00,138.9,500,ask,,,11461165
2026-07-08T00:04:20.579534,2026-07-08T00:04:20.588122+00:00,139.0,200,bid,,,11461177
2026-07-08T00:04:21.789406,2026-07-08T00:04:21.798344+00:00,138.7,200,bid,,,11461192
2026-07-08T00:04:22.999078,2026-07-08T00:04:23.007783+00:00,138.7,200,bid,,,11461212
2026-07-08T00:04:27.043355,2026-07-08T00:04:27.063660+00:00,138.9,20,bid,,,11461267
2026-07-08T00:04:30.235889,2026-07-08T00:04:30.245255+00:00,138.9,200,ask,,,11461307
2026-07-08T00:04:30.235889,2026-07-08T00:04:30.245255+00:00,138.9,300,ask,,,11461308
2026-07-08T00:04:30.265338,2026-07-08T00:04:30.273532+00:00,138.9,200,ask,,,11461309
2026-07-08T00:04:30.831482,2026-07-08T00:04:30.841722+00:00,138.9,125,ask,,,11461318
2026-07-08T00:04:36.297531,2026-07-08T00:04:36.307631+00:00,138.8,500,ask,,,11461382
2026-07-08T00:04:36.700440,2026-07-08T00:04:36.710765+00:00,138.8,200,ask,,,11461391
2026-07-08T00:04:36.875541,2026-07-08T00:04:36.879903+00:00,138.7,11,bid,,,11461395
2026-07-08T00:04:41.174086,2026-07-08T00:04:41.181266+00:00,138.8,200,bid,,,11461449
2026-07-08T00:04:41.722806,2026-07-08T00:04:41.731482+00:00,138.7,500,ask,,,11461456
2026-07-08T00:04:41.975326,2026-07-08T00:04:41.979435+00:00,138.6,23,bid,,,11461459
2026-07-08T00:04:42.136277,2026-07-08T00:04:42.147900+00:00,138.6,20,bid,,,11461460
2026-07-08T00:04:42.386304,2026-07-08T00:04:42.394156+00:00,138.6,200,bid,,,11461465
2026-07-08T00:04:43.061681,2026-07-08T00:04:43.073523+00:00,138.6,20,bid,,,11461474
2026-07-08T00:04:43.870872,2026-07-08T00:04:43.874914+00:00,138.6,11,ask,,,11461492
2026-07-08T00:04:44.574810,2026-07-08T00:04:44.590826+00:00,138.7,500,bid,,,11461501
2026-07-08T00:04:44.586980,2026-07-08T00:04:44.590826+00:00,138.7,12,ask,,,11461505
2026-07-08T00:04:44.755335,2026-07-08T00:04:44.758575+00:00,138.7,113,ask,,,11461508
2026-07-08T00:04:44.755335,2026-07-08T00:04:44.758575+00:00,138.6,200,ask,,,11461509
2026-07-08T00:04:44.806316,2026-07-08T00:04:44.814902+00:00,138.6,187,bid,,,11461510
2026-07-08T00:04:45.357742,2026-07-08T00:04:45.369143+00:00,138.6,13,ask,,,11461518
2026-07-08T00:04:46.573662,2026-07-08T00:04:46.585445+00:00,138.5,200,ask,,,11461529
2026-07-08T00:04:47.774783,2026-07-08T00:04:47.781921+00:00,138.4,500,ask,,,11461548
2026-07-08T00:04:48.397457,2026-07-08T00:04:48.405322+00:00,138.4,125,ask,,,11461561
2026-07-08T00:04:48.397457,2026-07-08T00:04:48.424066+00:00,138.4,200,ask,,,11461562
2026-07-08T00:04:48.420305,2026-07-08T00:04:48.424066+00:00,138.4,12,bid,,,11461565
2026-07-08T00:04:48.520371,2026-07-08T00:04:48.524807+00:00,138.3,11,bid,,,11461570
2026-07-08T00:04:49.658501,2026-07-08T00:04:49.669444+00:00,138.3,200,bid,,,11461586
2026-07-08T00:04:50.224991,2026-07-08T00:04:50.228702+00:00,138.1,11,ask,,,11461593
2026-07-08T00:04:50.887770,2026-07-08T00:04:50.891744+00:00,138.2,8,ask,,,11461604
2026-07-08T00:04:55.171423,2026-07-08T00:04:55.183235+00:00,138.0,20,ask,,,11461663
2026-07-08T00:04:56.538019,2026-07-08T00:04:56.543216+00:00,138.0,27,ask,,,11461681
2026-07-08T00:04:58.551627,2026-07-08T00:04:58.558567+00:00,138.1,20,bid,,,11461711
2026-07-08T00:04:59.896786,2026-07-08T00:04:59.903521+00:00,137.9,200,ask,,,11461736
2026-07-08T00:05:00.450619,2026-07-08T00:05:00.458626+00:00,137.8,20,ask,,,11461743
2026-07-08T00:05:00.551084,2026-07-08T00:05:00.562746+00:00,137.8,200,ask,,,11461744
2026-07-08T00:05:00.759240,2026-07-08T00:05:00.765883+00:00,138.0,20,bid,,,11461747
2026-07-08T00:05:09.172226,2026-07-08T00:05:09.176870+00:00,137.6,12,bid,,,11461820
2026-07-08T00:05:11.720061,2026-07-08T00:05:11.731931+00:00,137.6,20,bid,,,11461846
2026-07-08T00:05:13.447906,2026-07-08T00:05:13.458558+00:00,137.6,200,bid,,,11461865
2026-07-08T00:05:14.739525,2026-07-08T00:05:14.746257+00:00,137.8,20,bid,,,11461880
2026-07-08T00:05:16.069116,2026-07-08T00:05:16.075824+00:00,137.7,200,bid,,,11461902
2026-07-08T00:05:16.321515,2026-07-08T00:05:16.328077+00:00,137.7,200,ask,,,11461904
2026-07-08T00:05:16.869374,2026-07-08T00:05:16.879276+00:00,137.9,20,bid,,,11461913
2026-07-08T00:05:17.380048,2026-07-08T00:05:17.387179+00:00,137.7,500,ask,,,11461921
2026-07-08T00:05:17.399077,2026-07-08T00:05:17.403840+00:00,137.6,11,bid,,,11461923
2026-07-08T00:05:17.452943,2026-07-08T00:05:17.460857+00:00,137.6,114,bid,,,11461924
2026-07-08T00:05:17.532644,2026-07-08T00:05:17.539442+00:00,137.7,200,ask,,,11461925
2026-07-08T00:05:18.743783,2026-07-08T00:05:18.751250+00:00,137.7,200,ask,,,11461944
2026-07-08T00:05:19.957337,2026-07-08T00:05:19.969049+00:00,137.8,200,ask,,,11461951
2026-07-08T00:05:20.025066,2026-07-08T00:05:20.033503+00:00,137.8,300,ask,,,11461952
2026-07-08T00:05:20.039991,2026-07-08T00:05:20.044432+00:00,137.8,12,bid,,,11461954
2026-07-08T00:05:20.492410,2026-07-08T00:05:20.501029+00:00,137.8,313,bid,,,11461961
2026-07-08T00:05:21.166143,2026-07-08T00:05:21.174294+00:00,137.8,200,ask,,,11461971
2026-07-08T00:05:21.899880,2026-07-08T00:05:21.903647+00:00,137.9,12,ask,,,11461980
2026-07-08T00:05:23.599920,2026-07-08T00:05:23.611245+00:00,137.9,200,ask,,,11462000
2026-07-08T00:05:23.965219,2026-07-08T00:05:23.969432+00:00,138.0,11,ask,,,11462003
2026-07-08T00:05:26.027157,2026-07-08T00:05:26.038673+00:00,138.1,200,bid,,,11462024
2026-07-08T00:05:27.236262,2026-07-08T00:05:27.245362+00:00,138.1,200,bid,,,11462037
2026-07-08T00:05:27.904649,2026-07-08T00:05:27.908132+00:00,138.0,12,ask,,,11462049
2026-07-08T00:05:28.381467,2026-07-08T00:05:28.390559+00:00,138.2,20,bid,,,11462056
2026-07-08T00:05:28.463739,2026-07-08T00:05:28.467273+00:00,138.1,11,ask,,,11462061
2026-07-08T00:05:30.140288,2026-07-08T00:05:30.158586+00:00,138.2,20,bid,,,11462085
2026-07-08T00:05:31.817917,2026-07-08T00:05:31.825689+00:00,138.1,200,ask,,,11462108
2026-07-08T00:05:31.836474,2026-07-08T00:05:31.840330+00:00,138.1,11,bid,,,11462110
2026-07-08T00:05:34.453301,2026-07-08T00:05:34.458575+00:00,138.0,200,ask,,,11462147
2026-07-08T00:05:39.692741,2026-07-08T00:05:39.703340+00:00,138.0,200,bid,,,11462216
2026-07-08T00:05:40.563851,2026-07-08T00:05:40.571820+00:00,138.1,200,ask,,,11462225
2026-07-08T00:05:40.903555,2026-07-08T00:05:40.908459+00:00,138.3,46,bid,,,11462229
2026-07-08T00:05:41.023361,2026-07-08T00:05:41.027973+00:00,138.1,3,bid,,,11462231
2026-07-08T00:05:41.770578,2026-07-08T00:05:41.777112+00:00,138.1,200,bid,,,11462248
2026-07-08T00:05:46.247487,2026-07-08T00:05:46.251600+00:00,138.3,200,ask,,,11462306
2026-07-08T00:05:48.868032,2026-07-08T00:05:48.875375+00:00,138.1,200,ask,,,11462341
2026-07-08T00:05:50.213464,2026-07-08T00:05:50.224815+00:00,138.1,200,bid,,,11462361
2026-07-08T00:05:50.248250,2026-07-08T00:05:50.256048+00:00,138.1,200,ask,,,11462363
2026-07-08T00:05:51.466968,2026-07-08T00:05:51.474213+00:00,138.1,200,ask,,,11462391
2026-07-08T00:05:51.531209,2026-07-08T00:05:51.542385+00:00,138.1,500,ask,,,11462392
2026-07-08T00:05:51.977456,2026-07-08T00:05:51.985599+00:00,138.0,125,bid,,,11462397
2026-07-08T00:05:52.677324,2026-07-08T00:05:52.688319+00:00,138.1,200,ask,,,11462401
2026-07-08T00:05:52.859324,2026-07-08T00:05:52.862769+00:00,138.2,3,bid,,,11462404
2026-07-08T00:05:53.573262,2026-07-08T00:05:53.577741+00:00,138.1,3,ask,,,11462427
2026-07-08T00:05:53.577051,2026-07-08T00:05:53.598099+00:00,138.2,20,bid,,,11462428
2026-07-08T00:05:55.457110,2026-07-08T00:05:55.463671+00:00,138.1,500,ask,,,11462448
2026-07-08T00:05:55.457110,2026-07-08T00:05:55.469242+00:00,138.1,125,ask,,,11462449
2026-07-08T00:05:56.764795,2026-07-08T00:05:56.774287+00:00,138.3,200,bid,,,11462462
2026-07-08T00:05:58.084001,2026-07-08T00:05:58.090833+00:00,138.4,200,bid,,,11462476
2026-07-08T00:05:59.399010,2026-07-08T00:05:59.409721+00:00,138.5,200,ask,,,11462493
2026-07-08T00:05:59.499942,2026-07-08T00:05:59.512137+00:00,138.3,20,ask,,,11462495
2026-07-08T00:06:02.020161,2026-07-08T00:06:02.030667+00:00,138.3,200,ask,,,11462524
2026-07-08T00:06:03.576230,2026-07-08T00:06:03.583021+00:00,138.3,200,ask,,,11462546
2026-07-08T00:06:04.783552,2026-07-08T00:06:04.792691+00:00,138.5,200,bid,,,11462566
2026-07-08T00:06:05.441514,2026-07-08T00:06:05.458593+00:00,138.5,20,bid,,,11462577
2026-07-08T00:06:05.964351,2026-07-08T00:06:05.968367+00:00,138.5,14,ask,,,11462582
2026-07-08T00:06:07.209666,2026-07-08T00:06:07.216977+00:00,138.5,200,ask,,,11462596
2026-07-08T00:06:07.683352,2026-07-08T00:06:07.694205+00:00,138.5,20,ask,,,11462605
2026-07-08T00:06:07.739715,2026-07-08T00:06:07.750287+00:00,138.7,500,bid,,,11462607
2026-07-08T00:06:08.333378,2026-07-08T00:06:08.336783+00:00,138.7,125,bid,,,11462615
2026-07-08T00:06:08.419547,2026-07-08T00:06:08.430329+00:00,138.7,200,ask,,,11462617
2026-07-08T00:06:09.334958,2026-07-08T00:06:09.340314+00:00,138.9,14,bid,,,11462631
2026-07-08T00:06:09.633666,2026-07-08T00:06:09.644104+00:00,138.7,200,ask,,,11462636
2026-07-08T00:06:10.147846,2026-07-08T00:06:10.169222+00:00,138.8,500,bid,,,11462640
2026-07-08T00:06:10.744817,2026-07-08T00:06:10.753595+00:00,138.8,125,bid,,,11462649
2026-07-08T00:06:11.360237,2026-07-08T00:06:11.369078+00:00,138.9,200,bid,,,11462654
2026-07-08T00:06:11.939689,2026-07-08T00:06:11.949890+00:00,138.9,20,ask,,,11462665
2026-07-08T00:06:12.494855,2026-07-08T00:06:12.506192+00:00,138.9,500,ask,,,11462672
2026-07-08T00:06:12.494855,2026-07-08T00:06:12.506192+00:00,138.8,125,ask,,,11462673
2026-07-08T00:06:12.554244,2026-07-08T00:06:12.558576+00:00,139.0,200,bid,,,11462674
2026-07-08T00:06:12.581931,2026-07-08T00:06:12.585829+00:00,139.0,3,ask,,,11462676
2026-07-08T00:06:13.820087,2026-07-08T00:06:13.828716+00:00,138.9,500,ask,,,11462698
2026-07-08T00:06:14.391733,2026-07-08T00:06:14.402916+00:00,138.9,125,bid,,,11462708
2026-07-08T00:06:16.905565,2026-07-08T00:06:16.916602+00:00,138.9,200,ask,,,11462741
2026-07-08T00:06:17.757878,2026-07-08T00:06:17.769226+00:00,138.9,500,ask,,,11462752
2026-07-08T00:06:18.008805,2026-07-08T00:06:18.016627+00:00,138.8,125,bid,,,11462753
2026-07-08T00:06:18.999794,2026-07-08T00:06:19.011516+00:00,138.8,20,ask,,,11462770
2026-07-08T00:06:19.852201,2026-07-08T00:06:19.858631+00:00,139.0,200,bid,,,11462788
2026-07-08T00:06:21.364458,2026-07-08T00:06:21.368370+00:00,139.0,34,ask,,,11462806
2026-07-08T00:06:22.955498,2026-07-08T00:06:22.958569+00:00,139.0,200,ask,,,11462827
2026-07-08T00:06:23.624050,2026-07-08T00:06:23.635859+00:00,139.2,20,bid,,,11462839
2026-07-08T00:06:24.162933,2026-07-08T00:06:24.171468+00:00,139.0,200,ask,,,11462843
2026-07-08T00:06:25.527884,2026-07-08T00:06:25.539494+00:00,139.1,20,ask,,,11462858
2026-07-08T00:06:26.577573,2026-07-08T00:06:26.584432+00:00,139.2,200,bid,,,11462873
2026-07-08T00:06:27.075547,2026-07-08T00:06:27.082259+00:00,139.2,20,ask,,,11462874
2026-07-08T00:06:29.553143,2026-07-08T00:06:29.569922+00:00,139.3,200,ask,,,11462905
2026-07-08T00:06:29.565906,2026-07-08T00:06:29.569922+00:00,139.2,11,bid,,,11462907
2026-07-08T00:06:30.204105,2026-07-08T00:06:30.210951+00:00,139.2,200,bid,,,11462916
2026-07-08T00:06:34.789109,2026-07-08T00:06:34.798551+00:00,139.4,200,ask,,,11462981
2026-07-08T00:06:34.804686,2026-07-08T00:06:34.808668+00:00,139.3,12,bid,,,11462983
2026-07-08T00:06:36.256989,2026-07-08T00:06:36.264022+00:00,139.3,200,bid,,,11463002
2026-07-08T00:06:37.076526,2026-07-08T00:06:37.088229+00:00,139.2,20,ask,,,11463013
2026-07-08T00:06:38.624583,2026-07-08T00:06:38.631664+00:00,139.3,500,bid,,,11463030
2026-07-08T00:06:38.695209,2026-07-08T00:06:38.703440+00:00,139.3,125,bid,,,11463035
2026-07-08T00:06:39.921939,2026-07-08T00:06:39.930880+00:00,139.5,200,ask,,,11463051
2026-07-08T00:06:40.966192,2026-07-08T00:06:40.971041+00:00,139.5,11,bid,,,11463062
2026-07-08T00:06:41.143460,2026-07-08T00:06:41.148260+00:00,139.4,3,bid,,,11463067
2026-07-08T00:06:42.246510,2026-07-08T00:06:42.255100+00:00,139.4,197,bid,,,11463084
2026-07-08T00:06:43.519494,2026-07-08T00:06:43.526018+00:00,139.4,20,ask,,,11463101
2026-07-08T00:06:43.813481,2026-07-08T00:06:43.825149+00:00,139.5,20,bid,,,11463106
2026-07-08T00:06:47.345955,2026-07-08T00:06:47.350437+00:00,139.6,14,bid,,,11463152
2026-07-08T00:06:51.281532,2026-07-08T00:06:51.293167+00:00,139.5,20,ask,,,11463198
2026-07-08T00:06:53.217960,2026-07-08T00:06:53.227102+00:00,139.6,200,ask,,,11463215
2026-07-08T00:06:53.679942,2026-07-08T00:06:53.683766+00:00,139.9,12,bid,,,11463228
2026-07-08T00:06:54.425611,2026-07-08T00:06:54.435323+00:00,139.6,200,ask,,,11463237
2026-07-08T00:06:54.503444,2026-07-08T00:06:54.523571+00:00,139.6,500,ask,,,11463239
2026-07-08T00:06:54.519878,2026-07-08T00:06:54.523571+00:00,139.6,34,bid,,,11463241
2026-07-08T00:06:54.956074,2026-07-08T00:06:54.953087+00:00,139.6,91,bid,,,11463254
2026-07-08T00:06:55.637531,2026-07-08T00:06:55.648491+00:00,139.7,200,ask,,,11463267
2026-07-08T00:06:57.119220,2026-07-08T00:06:57.126070+00:00,139.8,200,bid,,,11463287
2026-07-08T00:06:58.060941,2026-07-08T00:06:58.068929+00:00,139.8,200,ask,,,11463299
2026-07-08T00:06:59.212477,2026-07-08T00:06:59.221698+00:00,139.8,500,bid,,,11463312
2026-07-08T00:06:59.739114,2026-07-08T00:06:59.746886+00:00,139.7,200,bid,,,11463321
2026-07-08T00:07:03.671349,2026-07-08T00:07:03.681575+00:00,139.7,500,ask,,,11463363
2026-07-08T00:07:04.056221,2026-07-08T00:07:04.063925+00:00,139.7,125,bid,,,11463369
2026-07-08T00:07:04.111498,2026-07-08T00:07:04.121364+00:00,139.8,200,ask,,,11463372
2026-07-08T00:07:05.318691,2026-07-08T00:07:05.329300+00:00,139.8,200,ask,,,11463388
2026-07-08T00:07:05.366058,2026-07-08T00:07:05.377985+00:00,139.8,20,ask,,,11463390
2026-07-08T00:07:07.749713,2026-07-08T00:07:07.764109+00:00,139.8,200,ask,,,11463416
2026-07-08T00:07:10.177008,2026-07-08T00:07:10.187885+00:00,140.0,200,bid,,,11463455
2026-07-08T00:07:10.857356,2026-07-08T00:07:10.868958+00:00,139.9,20,ask,,,11463467
2026-07-08T00:07:11.557493,2026-07-08T00:07:11.564465+00:00,139.9,200,ask,,,11463470
2026-07-08T00:07:11.954240,2026-07-08T00:07:11.957978+00:00,139.8,23,ask,,,11463474
2026-07-08T00:07:13.132850,2026-07-08T00:07:13.143263+00:00,139.9,200,bid,,,11463486
2026-07-08T00:07:13.132850,2026-07-08T00:07:13.143263+00:00,139.9,300,bid,,,11463487
2026-07-08T00:07:13.369345,2026-07-08T00:07:13.378490+00:00,139.7,20,ask,,,11463488
2026-07-08T00:07:14.177558,2026-07-08T00:07:14.188709+00:00,139.9,200,bid,,,11463501
2026-07-08T00:07:15.027925,2026-07-08T00:07:15.037679+00:00,139.9,200,ask,,,11463515
2026-07-08T00:07:15.419746,2026-07-08T00:07:15.431521+00:00,139.9,20,ask,,,11463520
2026-07-08T00:07:18.134462,2026-07-08T00:07:18.138311+00:00,139.9,11,ask,,,11463563
2026-07-08T00:07:18.318392,2026-07-08T00:07:18.328944+00:00,139.9,20,ask,,,11463565
2026-07-08T00:07:21.557517,2026-07-08T00:07:21.569299+00:00,139.9,20,ask,,,11463610
2026-07-08T00:07:22.049998,2026-07-08T00:07:22.068189+00:00,140.0,200,bid,,,11463621
2026-07-08T00:07:22.064189,2026-07-08T00:07:22.068189+00:00,140.0,12,ask,,,11463623
2026-07-08T00:07:22.165370,2026-07-08T00:07:22.169893+00:00,140.0,14,ask,,,11463625
2026-07-08T00:07:22.290683,2026-07-08T00:07:22.297937+00:00,140.0,200,ask,,,11463627
2026-07-08T00:07:23.373738,2026-07-08T00:07:23.385235+00:00,139.9,20,ask,,,11463640
2026-07-08T00:07:23.499598,2026-07-08T00:07:23.506675+00:00,139.9,200,ask,,,11463641
2026-07-08T00:07:24.331620,2026-07-08T00:07:24.345401+00:00,139.9,20,ask,,,11463655
2026-07-08T00:07:24.705032,2026-07-08T00:07:24.714458+00:00,139.9,200,bid,,,11463660
2026-07-08T00:07:25.912557,2026-07-08T00:07:25.923275+00:00,139.9,200,bid,,,11463676
2026-07-08T00:07:27.271154,2026-07-08T00:07:27.282113+00:00,139.9,20,ask,,,11463691
2026-07-08T00:07:27.914318,2026-07-08T00:07:27.926017+00:00,139.9,20,ask,,,11463695
2026-07-08T00:07:29.538585,2026-07-08T00:07:29.547391+00:00,139.8,200,ask,,,11463716
2026-07-08T00:07:30.104429,2026-07-08T00:07:30.113528+00:00,139.9,500,bid,,,11463719
2026-07-08T00:07:30.701166,2026-07-08T00:07:30.712324+00:00,139.9,125,bid,,,11463727
2026-07-08T00:07:30.747141,2026-07-08T00:07:30.759125+00:00,140.0,200,ask,,,11463731
2026-07-08T00:07:31.960438,2026-07-08T00:07:31.969015+00:00,140.1,200,ask,,,11463745
2026-07-08T00:07:32.560346,2026-07-08T00:07:32.569207+00:00,140.1,500,ask,,,11463749
2026-07-08T00:07:33.140182,2026-07-08T00:07:33.158844+00:00,140.1,125,bid,,,11463757
2026-07-08T00:07:33.744887,2026-07-08T00:07:33.752084+00:00,140.2,200,bid,,,11463767
2026-07-08T00:07:34.387376,2026-07-08T00:07:34.394380+00:00,140.4,200,ask,,,11463774
2026-07-08T00:07:39.239521,2026-07-08T00:07:39.250616+00:00,140.4,200,ask,,,11463832
2026-07-08T00:07:43.057408,2026-07-08T00:07:43.069050+00:00,140.2,200,ask,,,11463874
2026-07-08T00:07:43.057408,2026-07-08T00:07:43.069050+00:00,140.0,425,ask,,,11463875
2026-07-08T00:07:43.262186,2026-07-08T00:07:43.271103+00:00,140.0,20,ask,,,11463877
2026-07-08T00:07:44.369124,2026-07-08T00:07:44.379227+00:00,140.4,200,ask,,,11463894
2026-07-08T00:07:44.385510,2026-07-08T00:07:44.389657+00:00,140.4,14,bid,,,11463896
2026-07-08T00:07:45.302414,2026-07-08T00:07:45.306447+00:00,140.3,12,bid,,,11463910
2026-07-08T00:07:45.678306,2026-07-08T00:07:45.685670+00:00,140.3,188,bid,,,11463912
2026-07-08T00:07:46.990940,2026-07-08T00:07:47.001169+00:00,140.3,200,ask,,,11463928
2026-07-08T00:07:47.469819,2026-07-08T00:07:47.473930+00:00,140.1,23,ask,,,11463940
2026-07-08T00:07:48.316848,2026-07-08T00:07:48.320780+00:00,140.2,3,ask,,,11463947
2026-07-08T00:07:48.928300,2026-07-08T00:07:48.935077+00:00,140.2,200,ask,,,11463957
2026-07-08T00:07:50.581287,2026-07-08T00:07:50.586296+00:00,140.3,3,bid,,,11463977
2026-07-08T00:07:50.734245,2026-07-08T00:07:50.741319+00:00,140.3,20,bid,,,11463980
2026-07-08T00:07:52.564316,2026-07-08T00:07:52.574447+00:00,140.3,200,ask,,,11464008
2026-07-08T00:07:58.629877,2026-07-08T00:07:58.639040+00:00,140.3,200,ask,,,11464088
2026-07-08T00:07:59.836532,2026-07-08T00:07:59.843399+00:00,140.3,200,bid,,,11464100
2026-07-08T00:08:01.754709,2026-07-08T00:08:01.758603+00:00,140.3,20,bid,,,11464120
2026-07-08T00:08:07.119455,2026-07-08T00:08:07.128411+00:00,140.1,200,ask,,,11464184
2026-07-08T00:08:08.330415,2026-07-08T00:08:08.339755+00:00,140.1,200,ask,,,11464196
2026-07-08T00:08:08.982587,2026-07-08T00:08:08.988619+00:00,140.1,3,ask,,,11464206
2026-07-08T00:08:09.541167,2026-07-08T00:08:09.552812+00:00,140.0,200,ask,,,11464209
2026-07-08T00:08:09.789817,2026-07-08T00:08:09.798353+00:00,140.3,20,bid,,,11464214
2026-07-08T00:08:13.176000,2026-07-08T00:08:13.185227+00:00,140.1,200,bid,,,11464253
2026-07-08T00:08:15.618966,2026-07-08T00:08:15.623123+00:00,140.1,3,ask,,,11464281
2026-07-08T00:08:16.678622,2026-07-08T00:08:16.690314+00:00,140.1,20,ask,,,11464286
2026-07-08T00:08:18.485672,2026-07-08T00:08:18.492303+00:00,140.2,200,bid,,,11464309
2026-07-08T00:08:20.445749,2026-07-08T00:08:20.458609+00:00,140.2,200,ask,,,11464343
2026-07-08T00:08:22.875958,2026-07-08T00:08:22.879815+00:00,140.1,3,bid,,,11464381
2026-07-08T00:08:26.356230,2026-07-08T00:08:26.365060+00:00,140.1,500,ask,,,11464424
2026-07-08T00:08:26.427953,2026-07-08T00:08:26.434509+00:00,140.1,125,bid,,,11464426
2026-07-08T00:08:26.427953,2026-07-08T00:08:26.439770+00:00,140.2,200,bid,,,11464427
2026-07-08T00:08:26.472315,2026-07-08T00:08:26.477711+00:00,140.2,3,ask,,,11464429
2026-07-08T00:08:30.300472,2026-07-08T00:08:30.321210+00:00,140.3,200,bid,,,11464480
2026-07-08T00:08:30.316919,2026-07-08T00:08:30.321210+00:00,140.3,11,ask,,,11464482
2026-07-08T00:08:32.030965,2026-07-08T00:08:32.039332+00:00,140.5,20,bid,,,11464500
2026-07-08T00:08:35.554785,2026-07-08T00:08:35.565024+00:00,140.4,200,ask,,,11464535
2026-07-08T00:08:37.377192,2026-07-08T00:08:37.387255+00:00,140.4,200,ask,,,11464560
2026-07-08T00:08:37.782173,2026-07-08T00:08:37.793944+00:00,140.6,20,bid,,,11464566
2026-07-08T00:08:41.274387,2026-07-08T00:08:41.277954+00:00,140.4,12,ask,,,11464624
2026-07-08T00:08:42.102819,2026-07-08T00:08:42.112416+00:00,140.4,188,ask,,,11464633
2026-07-08T00:08:42.225719,2026-07-08T00:08:42.232885+00:00,140.4,200,bid,,,11464634
2026-07-08T00:08:42.786960,2026-07-08T00:08:42.798503+00:00,140.4,20,bid,,,11464638
2026-07-08T00:08:45.202780,2026-07-08T00:08:45.213737+00:00,140.3,200,ask,,,11464672
2026-07-08T00:08:48.004093,2026-07-08T00:08:48.038548+00:00,140.3,20,bid,,,11464712
2026-07-08T00:08:48.955435,2026-07-08T00:08:48.966936+00:00,140.3,20,bid,,,11464721
2026-07-08T00:08:53.110540,2026-07-08T00:08:53.119103+00:00,140.2,200,bid,,,11464790
2026-07-08T00:08:56.075883,2026-07-08T00:08:56.085016+00:00,140.3,200,ask,,,11464816
2026-07-08T00:08:56.743176,2026-07-08T00:08:56.749950+00:00,140.3,200,bid,,,11464824
2026-07-08T00:08:57.825730,2026-07-08T00:08:57.832700+00:00,140.2,500,bid,,,11464849
2026-07-08T00:08:57.908846,2026-07-08T00:08:57.915339+00:00,140.3,125,ask,,,11464852
2026-07-08T00:08:57.937464,2026-07-08T00:08:57.941377+00:00,140.1,12,bid,,,11464854
2026-07-08T00:08:57.953929,2026-07-08T00:08:57.962269+00:00,140.1,200,bid,,,11464857
2026-07-08T00:08:59.564533,2026-07-08T00:08:59.573990+00:00,140.1,20,bid,,,11464888
2026-07-08T00:09:01.585743,2026-07-08T00:09:01.594450+00:00,140.1,200,bid,,,11464915
2026-07-08T00:09:01.750477,2026-07-08T00:09:01.770265+00:00,140.1,300,bid,,,11464925
2026-07-08T00:09:01.766068,2026-07-08T00:09:01.770265+00:00,140.1,12,ask,,,11464928
2026-07-08T00:09:02.021350,2026-07-08T00:09:02.033136+00:00,140.1,20,ask,,,11464932
2026-07-08T00:09:02.125964,2026-07-08T00:09:02.135109+00:00,140.1,293,ask,,,11464936
2026-07-08T00:09:02.795778,2026-07-08T00:09:02.804358+00:00,140.2,200,bid,,,11464950
2026-07-08T00:09:04.009327,2026-07-08T00:09:04.016661+00:00,140.0,200,bid,,,11464971
2026-07-08T00:09:05.221671,2026-07-08T00:09:05.232171+00:00,140.1,200,bid,,,11464986
2026-07-08T00:09:07.583471,2026-07-08T00:09:07.591958+00:00,140.1,200,ask,,,11465018
2026-07-08T00:09:08.851893,2026-07-08T00:09:08.862270+00:00,140.1,200,ask,,,11465037
2026-07-08T00:09:11.823304,2026-07-08T00:09:11.834075+00:00,140.0,200,ask,,,11465071
2026-07-08T00:09:13.555234,2026-07-08T00:09:13.557414+00:00,139.9,200,ask,,,11465098
2026-07-08T00:09:15.468828,2026-07-08T00:09:15.479629+00:00,139.8,200,ask,,,11465119
2026-07-08T00:09:18.540967,2026-07-08T00:09:18.548700+00:00,139.5,200,ask,,,11465157
2026-07-08T00:09:22.552729,2026-07-08T00:09:22.564276+00:00,139.4,20,ask,,,11465210
2026-07-08T00:09:24.600188,2026-07-08T00:09:24.607542+00:00,139.4,200,ask,,,11465241
2026-07-08T00:09:25.366389,2026-07-08T00:09:25.374816+00:00,139.4,500,ask,,,11465248
2026-07-08T00:09:25.724729,2026-07-08T00:09:25.733542+00:00,139.4,125,bid,,,11465251
2026-07-08T00:09:26.672596,2026-07-08T00:09:26.691308+00:00,139.5,200,bid,,,11465263
2026-07-08T00:09:26.687458,2026-07-08T00:09:26.691308+00:00,139.5,11,ask,,,11465265
2026-07-08T00:09:27.019949,2026-07-08T00:09:27.031535+00:00,139.5,20,ask,,,11465269
2026-07-08T00:09:33.594059,2026-07-08T00:09:33.605953+00:00,139.5,20,ask,,,11465340
2026-07-08T00:09:35.842855,2026-07-08T00:09:35.858552+00:00,139.7,200,bid,,,11465374
2026-07-08T00:09:36.714673,2026-07-08T00:09:36.726170+00:00,139.7,200,ask,,,11465385
2026-07-08T00:09:40.758436,2026-07-08T00:09:40.761914+00:00,139.6,12,ask,,,11465429
2026-07-08T00:09:41.080483,2026-07-08T00:09:41.088986+00:00,139.7,200,bid,,,11465434
2026-07-08T00:09:41.094336,2026-07-08T00:09:41.097803+00:00,139.7,11,ask,,,11465436
2026-07-08T00:09:42.779082,2026-07-08T00:09:42.790067+00:00,139.7,200,ask,,,11465461
2026-07-08T00:09:44.590162,2026-07-08T00:09:44.594805+00:00,139.7,11,ask,,,11465492
2026-07-08T00:09:47.632224,2026-07-08T00:09:47.639871+00:00,139.7,200,ask,,,11465525
2026-07-08T00:09:49.326208,2026-07-08T00:09:49.338031+00:00,139.7,20,ask,,,11465549
2026-07-08T00:09:50.051580,2026-07-08T00:09:50.059345+00:00,139.7,200,ask,,,11465563
2026-07-08T00:09:50.555269,2026-07-08T00:09:50.558629+00:00,139.7,500,bid,,,11465573
2026-07-08T00:09:51.179520,2026-07-08T00:09:51.188035+00:00,139.7,125,bid,,,11465583
2026-07-08T00:09:51.207452,2026-07-08T00:09:51.211290+00:00,139.8,23,ask,,,11465585
2026-07-08T00:09:51.263292,2026-07-08T00:09:51.271299+00:00,139.8,200,ask,,,11465588
2026-07-08T00:09:51.606055,2026-07-08T00:09:51.610085+00:00,140.1,6,ask,,,11465593
2026-07-08T00:09:52.472396,2026-07-08T00:09:52.482024+00:00,140.1,200,ask,,,11465608
2026-07-08T00:09:53.682444,2026-07-08T00:09:53.693424+00:00,140.0,200,ask,,,11465624
2026-07-08T00:09:54.076390,2026-07-08T00:09:54.080906+00:00,140.2,29,bid,,,11465627
2026-07-08T00:09:54.233967,2026-07-08T00:09:54.238428+00:00,140.1,11,bid,,,11465632
2026-07-08T00:09:54.894547,2026-07-08T00:09:54.903813+00:00,139.9,200,ask,,,11465650
2026-07-08T00:09:56.418109,2026-07-08T00:09:56.429876+00:00,139.7,20,ask,,,11465669
2026-07-08T00:09:57.259782,2026-07-08T00:09:57.263356+00:00,139.7,11,ask,,,11465679
2026-07-08T00:09:57.321277,2026-07-08T00:09:57.331670+00:00,139.8,200,bid,,,11465683
2026-07-08T00:09:58.165461,2026-07-08T00:09:58.170144+00:00,139.8,12,ask,,,11465699
2026-07-08T00:10:00.078528,2026-07-08T00:10:00.090486+00:00,139.8,20,bid,,,11465738
2026-07-08T00:10:02.173122,2026-07-08T00:10:02.179495+00:00,139.7,200,bid,,,11465760
2026-07-08T00:10:03.381653,2026-07-08T00:10:03.391224+00:00,139.7,200,bid,,,11465781
2026-07-08T00:10:05.685533,2026-07-08T00:10:05.697351+00:00,139.8,20,bid,,,11465811
2026-07-08T00:10:07.582280,2026-07-08T00:10:07.590884+00:00,139.7,20,ask,,,11465834
2026-07-08T00:10:09.835464,2026-07-08T00:10:09.839783+00:00,139.9,12,bid,,,11465864
2026-07-08T00:10:11.301109,2026-07-08T00:10:11.309168+00:00,139.8,200,ask,,,11465882
2026-07-08T00:10:11.301109,2026-07-08T00:10:11.314136+00:00,139.8,425,ask,,,11465883
2026-07-08T00:10:13.068123,2026-07-08T00:10:13.077431+00:00,139.8,200,ask,,,11465921
2026-07-08T00:10:13.938712,2026-07-08T00:10:13.943020+00:00,139.8,11,bid,,,11465931
2026-07-08T00:10:14.290757,2026-07-08T00:10:14.294756+00:00,139.7,11,bid,,,11465935
2026-07-08T00:10:16.697007,2026-07-08T00:10:16.704524+00:00,139.7,200,ask,,,11465972
2026-07-08T00:10:17.869793,2026-07-08T00:10:17.880180+00:00,139.7,500,ask,,,11465994
2026-07-08T00:10:19.178476,2026-07-08T00:10:19.188370+00:00,139.7,200,bid,,,11466016
2026-07-08T00:10:20.331277,2026-07-08T00:10:20.342038+00:00,139.7,200,ask,,,11466031
2026-07-08T00:10:21.540308,2026-07-08T00:10:21.549061+00:00,139.7,200,ask,,,11466048
2026-07-08T00:10:22.070256,2026-07-08T00:10:22.079421+00:00,139.8,500,bid,,,11466052
2026-07-08T00:10:22.498709,2026-07-08T00:10:22.502359+00:00,139.8,12,bid,,,11466059
2026-07-08T00:10:22.662302,2026-07-08T00:10:22.671592+00:00,139.8,113,bid,,,11466062
2026-07-08T00:10:22.756388,2026-07-08T00:10:22.758549+00:00,139.9,200,ask,,,11466067
2026-07-08T00:10:25.183325,2026-07-08T00:10:25.190055+00:00,139.9,200,ask,,,11466103
2026-07-08T00:10:25.725755,2026-07-08T00:10:25.732358+00:00,139.9,500,ask,,,11466113
2026-07-08T00:10:25.743259,2026-07-08T00:10:25.747114+00:00,139.9,23,bid,,,11466115
2026-07-08T00:10:26.280667,2026-07-08T00:10:26.288296+00:00,139.9,102,bid,,,11466119
2026-07-08T00:10:28.819981,2026-07-08T00:10:28.827822+00:00,140.1,200,bid,,,11466152
2026-07-08T00:10:30.980492,2026-07-08T00:10:30.984566+00:00,140.0,12,ask,,,11466179
2026-07-08T00:10:34.882733,2026-07-08T00:10:34.886621+00:00,140.2,11,ask,,,11466231
2026-07-08T00:10:35.208239,2026-07-08T00:10:35.212735+00:00,140.3,23,bid,,,11466236
2026-07-08T00:10:39.702841,2026-07-08T00:10:39.713207+00:00,140.3,200,ask,,,11466304
2026-07-08T00:10:40.924146,2026-07-08T00:10:40.928094+00:00,140.4,12,ask,,,11466317
2026-07-08T00:10:41.023547,2026-07-08T00:10:41.035251+00:00,140.5,20,bid,,,11466321
2026-07-08T00:10:41.445529,2026-07-08T00:10:41.454985+00:00,140.4,188,ask,,,11466327
2026-07-08T00:10:41.469234,2026-07-08T00:10:41.479161+00:00,140.4,312,bid,,,11466329
2026-07-08T00:10:42.041890,2026-07-08T00:10:42.058634+00:00,140.4,313,ask,,,11466345
2026-07-08T00:10:42.801604,2026-07-08T00:10:42.808949+00:00,140.3,200,ask,,,11466350
2026-07-08T00:10:44.110360,2026-07-08T00:10:44.117881+00:00,140.2,200,bid,,,11466368
2026-07-08T00:10:44.693883,2026-07-08T00:10:44.697928+00:00,140.3,34,ask,,,11466378
2026-07-08T00:10:45.426178,2026-07-08T00:10:45.433283+00:00,140.3,166,ask,,,11466388
2026-07-08T00:10:45.746054,2026-07-08T00:10:45.758556+00:00,140.1,200,bid,,,11466391
2026-07-08T00:10:46.954558,2026-07-08T00:10:46.961534+00:00,140.2,200,bid,,,11466407
2026-07-08T00:10:48.065583,2026-07-08T00:10:48.070112+00:00,140.1,11,bid,,,11466420
2026-07-08T00:10:49.364133,2026-07-08T00:10:49.368042+00:00,140.0,12,bid,,,11466436
2026-07-08T00:10:49.374260,2026-07-08T00:10:49.383313+00:00,140.0,200,bid,,,11466437
2026-07-08T00:10:51.015707,2026-07-08T00:10:51.019837+00:00,139.9,23,ask,,,11466457
2026-07-08T00:10:54.195315,2026-07-08T00:10:54.199092+00:00,139.8,11,ask,,,11466512
2026-07-08T00:10:54.952966,2026-07-08T00:10:54.964494+00:00,139.9,20,bid,,,11466521
2026-07-08T00:10:55.907234,2026-07-08T00:10:55.918064+00:00,139.9,200,bid,,,11466543
2026-07-08T00:10:55.928072,2026-07-08T00:10:55.932785+00:00,139.9,12,ask,,,11466546
2026-07-08T00:10:56.662843,2026-07-08T00:10:56.669588+00:00,139.9,200,ask,,,11466559
2026-07-08T00:10:57.315977,2026-07-08T00:10:57.320026+00:00,139.8,12,bid,,,11466569
2026-07-08T00:10:58.544629,2026-07-08T00:10:58.568617+00:00,139.7,500,ask,,,11466588
2026-07-08T00:10:58.564646,2026-07-08T00:10:58.568617+00:00,139.6,22,bid,,,11466590
2026-07-08T00:10:58.989988,2026-07-08T00:10:58.998058+00:00,139.6,103,bid,,,11466599
2026-07-08T00:11:00.536285,2026-07-08T00:11:00.541068+00:00,139.8,34,ask,,,11466622
2026-07-08T00:11:01.175637,2026-07-08T00:11:01.179658+00:00,139.9,11,ask,,,11466628
2026-07-08T00:11:01.506051,2026-07-08T00:11:01.516778+00:00,139.9,200,ask,,,11466632
2026-07-08T00:11:03.644464,2026-07-08T00:11:03.649233+00:00,140.0,11,bid,,,11466658
2026-07-08T00:11:06.406657,2026-07-08T00:11:06.430372+00:00,140.0,200,ask,,,11466698
2026-07-08T00:11:06.425118,2026-07-08T00:11:06.430372+00:00,140.0,12,bid,,,11466700
2026-07-08T00:11:06.799690,2026-07-08T00:11:06.803596+00:00,140.0,11,bid,,,11466705
2026-07-08T00:11:06.874642,2026-07-08T00:11:06.884765+00:00,139.8,20,ask,,,11466706
2026-07-08T00:11:07.557250,2026-07-08T00:11:07.563803+00:00,140.0,200,bid,,,11466720
2026-07-08T00:11:07.716138,2026-07-08T00:11:07.723824+00:00,140.2,500,bid,,,11466722
2026-07-08T00:11:07.716138,2026-07-08T00:11:07.729038+00:00,140.2,125,bid,,,11466723
2026-07-08T00:11:14.957135,2026-07-08T00:11:14.968946+00:00,139.9,20,ask,,,11466826
2026-07-08T00:11:15.605846,2026-07-08T00:11:15.610029+00:00,140.0,11,bid,,,11466834
2026-07-08T00:11:16.047208,2026-07-08T00:11:16.054966+00:00,140.0,200,bid,,,11466841
2026-07-08T00:11:19.465684,2026-07-08T00:11:19.470100+00:00,140.0,23,bid,,,11466879
2026-07-08T00:11:19.515617,2026-07-08T00:11:19.523210+00:00,140.0,200,bid,,,11466880
2026-07-08T00:11:20.886838,2026-07-08T00:11:20.896027+00:00,140.0,200,ask,,,11466892
2026-07-08T00:11:22.094252,2026-07-08T00:11:22.100983+00:00,140.0,200,ask,,,11466915
2026-07-08T00:11:23.447304,2026-07-08T00:11:23.458613+00:00,140.1,500,bid,,,11466931
2026-07-08T00:11:23.447304,2026-07-08T00:11:23.458613+00:00,140.1,125,bid,,,11466932
2026-07-08T00:11:24.758942,2026-07-08T00:11:24.766156+00:00,140.0,200,ask,,,11466945
2026-07-08T00:11:24.777244,2026-07-08T00:11:24.781106+00:00,139.9,23,bid,,,11466947
2026-07-08T00:11:27.377753,2026-07-08T00:11:27.385984+00:00,140.0,500,bid,,,11466972
2026-07-08T00:11:27.377753,2026-07-08T00:11:27.391427+00:00,140.0,125,bid,,,11466973
2026-07-08T00:11:28.733463,2026-07-08T00:11:28.751872+00:00,139.8,200,ask,,,11466995
2026-07-08T00:11:28.747924,2026-07-08T00:11:28.751872+00:00,139.8,3,bid,,,11466997
2026-07-08T00:11:30.335869,2026-07-08T00:11:30.347771+00:00,139.7,20,ask,,,11467017
2026-07-08T00:11:36.646171,2026-07-08T00:11:36.650197+00:00,139.9,3,bid,,,11467086
2026-07-08T00:11:37.338550,2026-07-08T00:11:37.350214+00:00,139.9,20,bid,,,11467091
2026-07-08T00:11:39.217130,2026-07-08T00:11:39.228099+00:00,139.9,200,bid,,,11467120
2026-07-08T00:11:40.258590,2026-07-08T00:11:40.273938+00:00,139.9,200,ask,,,11467142
2026-07-08T00:11:40.935723,2026-07-08T00:11:40.939725+00:00,140.0,11,bid,,,11467154
2026-07-08T00:11:41.486590,2026-07-08T00:11:41.490719+00:00,139.9,12,bid,,,11467162
2026-07-08T00:11:42.408908,2026-07-08T00:11:42.419420+00:00,139.9,20,bid,,,11467175
2026-07-08T00:11:42.681430,2026-07-08T00:11:42.690567+00:00,139.9,200,bid,,,11467179
2026-07-08T00:11:43.895220,2026-07-08T00:11:43.904656+00:00,139.9,200,ask,,,11467194
2026-07-08T00:11:48.669150,2026-07-08T00:11:48.679450+00:00,139.8,200,ask,,,11467270
2026-07-08T00:11:49.878348,2026-07-08T00:11:49.886042+00:00,139.8,500,ask,,,11467296
2026-07-08T00:11:56.267779,2026-07-08T00:11:56.277642+00:00,139.7,200,ask,,,11467395
2026-07-08T00:11:57.577373,2026-07-08T00:11:57.584330+00:00,139.8,200,bid,,,11467403
2026-07-08T00:11:57.596199,2026-07-08T00:11:57.600099+00:00,139.8,26,ask,,,11467405
2026-07-08T00:12:06.905277,2026-07-08T00:12:06.918938+00:00,139.8,200,ask,,,11467531
2026-07-08T00:12:08.132548,2026-07-08T00:12:08.137031+00:00,139.8,3,bid,,,11467556
2026-07-08T00:12:09.068032,2026-07-08T00:12:09.079901+00:00,139.7,20,ask,,,11467566
2026-07-08T00:12:12.977860,2026-07-08T00:12:12.985152+00:00,139.7,200,ask,,,11467620
2026-07-08T00:12:16.549103,2026-07-08T00:12:16.552907+00:00,139.6,6,ask,,,11467658
2026-07-08T00:12:16.606797,2026-07-08T00:12:16.615254+00:00,139.7,200,bid,,,11467659
2026-07-08T00:12:17.814133,2026-07-08T00:12:17.824257+00:00,139.8,200,bid,,,11467675
2026-07-08T00:12:18.564347,2026-07-08T00:12:18.568297+00:00,139.7,11,ask,,,11467685
2026-07-08T00:12:21.436223,2026-07-08T00:12:21.444043+00:00,139.7,200,bid,,,11467718
2026-07-08T00:12:22.644610,2026-07-08T00:12:22.653081+00:00,139.7,200,ask,,,11467738
2026-07-08T00:12:26.035443,2026-07-08T00:12:26.039370+00:00,139.6,12,ask,,,11467779
2026-07-08T00:12:27.749624,2026-07-08T00:12:27.753750+00:00,139.6,500,ask,,,11467795
2026-07-08T00:12:28.003602,2026-07-08T00:12:28.011611+00:00,139.6,125,bid,,,11467797
2026-07-08T00:12:28.037682,2026-07-08T00:12:28.042498+00:00,139.7,11,ask,,,11467799
2026-07-08T00:12:31.060139,2026-07-08T00:12:31.069038+00:00,139.9,200,bid,,,11467838
2026-07-08T00:12:31.060139,2026-07-08T00:12:31.069038+00:00,139.9,300,bid,,,11467839
2026-07-08T00:12:31.625264,2026-07-08T00:12:31.629424+00:00,139.7,12,ask,,,11467844
2026-07-08T00:12:31.657313,2026-07-08T00:12:31.693589+00:00,139.9,325,bid,,,11467845
2026-07-08T00:12:31.689897,2026-07-08T00:12:31.693589+00:00,139.9,22,ask,,,11467847
2026-07-08T00:12:31.693971,2026-07-08T00:12:31.718657+00:00,140.0,200,bid,,,11467848
2026-07-08T00:12:31.714785,2026-07-08T00:12:31.718657+00:00,140.0,12,ask,,,11467850
2026-07-08T00:12:34.321456,2026-07-08T00:12:34.331030+00:00,140.1,200,bid,,,11467889
2026-07-08T00:12:35.975559,2026-07-08T00:12:35.979471+00:00,140.1,12,bid,,,11467914
2026-07-08T00:12:39.558759,2026-07-08T00:12:39.581716+00:00,140.0,200,ask,,,11467957
2026-07-08T00:12:39.577453,2026-07-08T00:12:39.581716+00:00,140.0,11,bid,,,11467959
2026-07-08T00:12:40.868608,2026-07-08T00:12:40.876006+00:00,140.0,200,bid,,,11467976
2026-07-08T00:12:42.060926,2026-07-08T00:12:42.080887+00:00,140.2,11,bid,,,11467994
2026-07-08T00:12:43.491202,2026-07-08T00:12:43.498368+00:00,140.1,200,ask,,,11468015
2026-07-08T00:12:43.509884,2026-07-08T00:12:43.514469+00:00,140.1,12,bid,,,11468017
2026-07-08T00:12:48.761846,2026-07-08T00:12:48.782320+00:00,139.8,200,ask,,,11468079
2026-07-08T00:12:48.778173,2026-07-08T00:12:48.782320+00:00,139.7,23,bid,,,11468081
2026-07-08T00:12:49.278906,2026-07-08T00:12:49.290537+00:00,139.7,200,bid,,,11468086
2026-07-08T00:12:51.338633,2026-07-08T00:12:51.342919+00:00,139.6,12,ask,,,11468120
2026-07-08T00:12:51.381520,2026-07-08T00:12:51.392140+00:00,139.6,200,ask,,,11468121
2026-07-08T00:12:51.381520,2026-07-08T00:12:51.392140+00:00,139.5,425,ask,,,11468122
2026-07-08T00:12:51.706098,2026-07-08T00:12:51.716491+00:00,139.6,200,ask,,,11468125
2026-07-08T00:12:51.773188,2026-07-08T00:12:51.782215+00:00,140.4,20,bid,,,11468127
2026-07-08T00:12:52.295733,2026-07-08T00:12:52.299576+00:00,139.7,11,ask,,,11468133
2026-07-08T00:12:52.918382,2026-07-08T00:12:52.928530+00:00,139.7,200,ask,,,11468143
2026-07-08T00:12:54.082896,2026-07-08T00:12:54.089685+00:00,139.7,500,bid,,,11468160
2026-07-08T00:12:54.680951,2026-07-08T00:12:54.687803+00:00,139.6,200,bid,,,11468173
2026-07-08T00:12:54.680951,2026-07-08T00:12:54.692811+00:00,139.7,125,bid,,,11468174
2026-07-08T00:12:55.347389,2026-07-08T00:12:55.357941+00:00,139.7,200,ask,,,11468185
2026-07-08T00:12:56.946097,2026-07-08T00:12:56.950332+00:00,139.7,12,ask,,,11468212
2026-07-08T00:12:57.125021,2026-07-08T00:12:57.129063+00:00,139.8,11,ask,,,11468214
2026-07-08T00:13:01.947643,2026-07-08T00:13:01.955877+00:00,139.9,200,bid,,,11468271
2026-07-08T00:13:03.185033,2026-07-08T00:13:03.196794+00:00,139.9,200,ask,,,11468278
2026-07-08T00:13:03.185033,2026-07-08T00:13:03.196794+00:00,139.9,425,ask,,,11468279
2026-07-08T00:13:04.493708,2026-07-08T00:13:04.500936+00:00,139.9,200,bid,,,11468297
2026-07-08T00:13:04.528603,2026-07-08T00:13:04.533496+00:00,140.1,23,ask,,,11468299
2026-07-08T00:13:05.043380,2026-07-08T00:13:05.045830+00:00,140.1,200,ask,,,11468302
2026-07-08T00:13:07.103782,2026-07-08T00:13:07.107643+00:00,140.1,34,bid,,,11468333
2026-07-08T00:13:07.134314,2026-07-08T00:13:07.138203+00:00,140.0,12,bid,,,11468338
2026-07-08T00:13:09.889435,2026-07-08T00:13:09.897194+00:00,140.2,200,bid,,,11468373
2026-07-08T00:13:13.558998,2026-07-08T00:13:13.565530+00:00,140.3,200,bid,,,11468411
2026-07-08T00:13:14.770237,2026-07-08T00:13:14.779961+00:00,140.2,200,bid,,,11468424
2026-07-08T00:13:14.814415,2026-07-08T00:13:14.825844+00:00,140.2,20,bid,,,11468426
2026-07-08T00:13:16.386228,2026-07-08T00:13:16.395154+00:00,140.1,200,ask,,,11468451
2026-07-08T00:13:16.643456,2026-07-08T00:13:16.647819+00:00,139.9,23,ask,,,11468456
2026-07-08T00:13:17.743201,2026-07-08T00:13:17.766809+00:00,140.1,200,bid,,,11468470
2026-07-08T00:13:17.762052,2026-07-08T00:13:17.766809+00:00,140.1,11,ask,,,11468472
2026-07-08T00:13:17.773094,2026-07-08T00:13:17.777792+00:00,140.1,12,ask,,,11468474
2026-07-08T00:13:19.131088,2026-07-08T00:13:19.135067+00:00,140.2,12,bid,,,11468493
2026-07-08T00:13:19.616119,2026-07-08T00:13:19.626947+00:00,140.1,200,ask,,,11468505
2026-07-08T00:13:19.755681,2026-07-08T00:13:19.759563+00:00,140.2,11,bid,,,11468508
2026-07-08T00:13:20.397947,2026-07-08T00:13:20.402270+00:00,140.0,23,bid,,,11468518
2026-07-08T00:13:20.714053,2026-07-08T00:13:20.720660+00:00,140.0,500,bid,,,11468523
2026-07-08T00:13:20.824007,2026-07-08T00:13:20.834231+00:00,140.0,102,bid,,,11468528
2026-07-08T00:13:21.684785,2026-07-08T00:13:21.692531+00:00,140.2,200,bid,,,11468537
2026-07-08T00:13:23.759620,2026-07-08T00:13:23.769445+00:00,140.2,500,bid,,,11468569
2026-07-08T00:13:24.456989,2026-07-08T00:13:24.464337+00:00,140.2,200,ask,,,11468579
2026-07-08T00:13:25.626120,2026-07-08T00:13:25.636931+00:00,140.3,500,ask,,,11468595
2026-07-08T00:13:26.164471,2026-07-08T00:13:26.175048+00:00,140.2,125,bid,,,11468598
2026-07-08T00:13:26.164471,2026-07-08T00:13:26.175048+00:00,140.3,200,bid,,,11468599
2026-07-08T00:13:29.208550,2026-07-08T00:13:29.216484+00:00,140.3,200,bid,,,11468646
2026-07-08T00:13:29.295254,2026-07-08T00:13:29.303767+00:00,140.3,200,ask,,,11468647
2026-07-08T00:13:29.564123,2026-07-08T00:13:29.574557+00:00,140.3,100,ask,,,11468650
2026-07-08T00:13:29.803848,2026-07-08T00:13:29.813024+00:00,140.3,500,bid,,,11468653
2026-07-08T00:13:30.876451,2026-07-08T00:13:30.883325+00:00,140.3,200,bid,,,11468668
2026-07-08T00:13:32.193990,2026-07-08T00:13:32.205698+00:00,140.4,500,ask,,,11468688
2026-07-08T00:13:32.193990,2026-07-08T00:13:32.205698+00:00,140.3,125,ask,,,11468689
2026-07-08T00:13:32.413212,2026-07-08T00:13:32.417189+00:00,140.5,11,bid,,,11468699
2026-07-08T00:13:32.803496,2026-07-08T00:13:32.815042+00:00,140.4,20,ask,,,11468704
2026-07-08T00:13:32.824801,2026-07-08T00:13:32.836343+00:00,140.5,189,bid,,,11468705
2026-07-08T00:13:32.942998,2026-07-08T00:13:32.958578+00:00,140.5,200,ask,,,11468706
2026-07-08T00:13:35.079290,2026-07-08T00:13:35.086235+00:00,140.5,20,ask,,,11468730
2026-07-08T00:13:35.368002,2026-07-08T00:13:35.379334+00:00,140.5,200,ask,,,11468735
2026-07-08T00:13:36.598811,2026-07-08T00:13:36.603195+00:00,140.5,12,bid,,,11468753
2026-07-08T00:13:38.653298,2026-07-08T00:13:38.665363+00:00,140.6,20,bid,,,11468770
2026-07-08T00:13:39.002078,2026-07-08T00:13:39.008556+00:00,140.5,200,ask,,,11468774
2026-07-08T00:13:41.336790,2026-07-08T00:13:41.345962+00:00,140.6,500,bid,,,11468800
2026-07-08T00:13:41.426983,2026-07-08T00:13:41.436441+00:00,140.6,200,ask,,,11468801
2026-07-08T00:13:44.032068,2026-07-08T00:13:44.042129+00:00,140.7,200,bid,,,11468838
2026-07-08T00:13:49.903366,2026-07-08T00:13:49.909962+00:00,140.8,200,ask,,,11468918
2026-07-08T00:13:50.705415,2026-07-08T00:13:50.709685+00:00,141.0,14,bid,,,11468934
2026-07-08T00:13:53.248685,2026-07-08T00:13:53.258831+00:00,141.0,200,bid,,,11468968
2026-07-08T00:13:55.835757,2026-07-08T00:13:55.843685+00:00,141.0,500,bid,,,11469002
2026-07-08T00:13:55.875647,2026-07-08T00:13:55.885445+00:00,141.1,200,bid,,,11469005
2026-07-08T00:13:55.953836,2026-07-08T00:13:55.958532+00:00,141.2,200,ask,,,11469008
2026-07-08T00:13:57.163757,2026-07-08T00:13:57.170361+00:00,141.2,200,ask,,,11469022
2026-07-08T00:13:59.653530,2026-07-08T00:13:59.658547+00:00,141.3,20,bid,,,11469058
2026-07-08T00:14:00.257424,2026-07-08T00:14:00.269607+00:00,141.3,20,bid,,,11469072
2026-07-08T00:14:00.943779,2026-07-08T00:14:00.947261+00:00,141.1,14,ask,,,11469078
2026-07-08T00:14:03.753558,2026-07-08T00:14:03.761142+00:00,141.1,200,bid,,,11469109
2026-07-08T00:14:03.778474,2026-07-08T00:14:03.782393+00:00,141.1,12,ask,,,11469113
2026-07-08T00:14:04.411509,2026-07-08T00:14:04.414697+00:00,141.1,200,ask,,,11469121
2026-07-08T00:14:04.843527,2026-07-08T00:14:04.855114+00:00,141.1,20,ask,,,11469122
2026-07-08T00:14:07.809043,2026-07-08T00:14:07.820718+00:00,140.9,20,ask,,,11469177
2026-07-08T00:14:08.049790,2026-07-08T00:14:08.057468+00:00,141.0,200,bid,,,11469182
2026-07-08T00:14:08.546575,2026-07-08T00:14:08.558579+00:00,141.0,425,bid,,,11469187
2026-07-08T00:14:11.653556,2026-07-08T00:14:11.658618+00:00,141.2,200,bid,,,11469219
2026-07-08T00:14:12.904526,2026-07-08T00:14:12.912157+00:00,141.2,200,ask,,,11469236
2026-07-08T00:14:14.702780,2026-07-08T00:14:14.714470+00:00,141.1,20,ask,,,11469279
2026-07-08T00:14:15.338433,2026-07-08T00:14:15.342714+00:00,141.2,11,ask,,,11469286
2026-07-08T00:14:16.536610,2026-07-08T00:14:16.547042+00:00,141.3,200,bid,,,11469302
2026-07-08T00:14:17.658486,2026-07-08T00:14:17.670114+00:00,141.2,500,ask,,,11469320
2026-07-08T00:14:18.959786,2026-07-08T00:14:18.966554+00:00,141.2,200,bid,,,11469338
2026-07-08T00:14:21.446001,2026-07-08T00:14:21.458613+00:00,141.1,20,ask,,,11469367
2026-07-08T00:14:22.027625,2026-07-08T00:14:22.039206+00:00,141.3,20,bid,,,11469372
2026-07-08T00:14:22.945958,2026-07-08T00:14:22.957364+00:00,141.2,20,ask,,,11469384
2026-07-08T00:14:23.107874,2026-07-08T00:14:23.112049+00:00,141.2,50,ask,,,11469388
2026-07-08T00:14:23.817553,2026-07-08T00:14:23.824067+00:00,141.3,200,bid,,,11469399
2026-07-08T00:14:24.699217,2026-07-08T00:14:24.711143+00:00,141.3,20,bid,,,11469408
2026-07-08T00:14:25.031783,2026-07-08T00:14:25.041319+00:00,141.3,200,bid,,,11469411
2026-07-08T00:14:26.924303,2026-07-08T00:14:26.936044+00:00,141.1,20,ask,,,11469435
2026-07-08T00:14:27.330316,2026-07-08T00:14:27.339831+00:00,141.1,500,ask,,,11469438
2026-07-08T00:14:27.460875,2026-07-08T00:14:27.468951+00:00,141.1,200,bid,,,11469442
2026-07-08T00:14:28.670498,2026-07-08T00:14:28.678341+00:00,141.1,200,bid,,,11469459
2026-07-08T00:14:28.720351,2026-07-08T00:14:28.731235+00:00,141.1,500,bid,,,11469461
2026-07-08T00:14:29.133714,2026-07-08T00:14:29.144169+00:00,141.1,125,ask,,,11469467
2026-07-08T00:14:32.176452,2026-07-08T00:14:32.192603+00:00,140.9,200,ask,,,11469510
2026-07-08T00:14:32.660264,2026-07-08T00:14:32.669835+00:00,140.8,200,ask,,,11469515
2026-07-08T00:14:34.713309,2026-07-08T00:14:34.724581+00:00,140.9,200,bid,,,11469543
2026-07-08T00:14:35.923775,2026-07-08T00:14:35.931809+00:00,140.8,200,ask,,,11469556
2026-07-08T00:14:36.348621,2026-07-08T00:14:36.358607+00:00,140.8,20,ask,,,11469563
2026-07-08T00:14:38.919234,2026-07-08T00:14:38.928135+00:00,140.8,20,ask,,,11469595
2026-07-08T00:14:39.555764,2026-07-08T00:14:39.558592+00:00,141.0,200,bid,,,11469604
2026-07-08T00:14:40.906804,2026-07-08T00:14:40.917810+00:00,140.9,20,ask,,,11469619
2026-07-08T00:14:42.044693,2026-07-08T00:14:42.048870+00:00,141.0,4,bid,,,11469636
2026-07-08T00:14:43.188504,2026-07-08T00:14:43.199551+00:00,140.9,200,ask,,,11469647
2026-07-08T00:14:43.222539,2026-07-08T00:14:43.226496+00:00,140.9,12,bid,,,11469651
2026-07-08T00:14:44.396101,2026-07-08T00:14:44.464234+00:00,140.9,200,bid,,,11469661
2026-07-08T00:14:46.815091,2026-07-08T00:14:46.825642+00:00,141.0,200,ask,,,11469688
2026-07-08T00:14:48.953755,2026-07-08T00:14:48.965695+00:00,141.1,20,bid,,,11469711
2026-07-08T00:14:52.642725,2026-07-08T00:14:52.658591+00:00,140.9,20,ask,,,11469761
2026-07-08T00:14:52.860034,2026-07-08T00:14:52.866607+00:00,141.0,200,bid,,,11469765
2026-07-08T00:14:54.689139,2026-07-08T00:14:54.693251+00:00,141.1,11,bid,,,11469795
2026-07-08T00:14:55.038700,2026-07-08T00:14:55.045218+00:00,141.1,189,bid,,,11469801
2026-07-08T00:14:55.790488,2026-07-08T00:14:55.800983+00:00,141.1,436,ask,,,11469816
2026-07-08T00:14:55.790488,2026-07-08T00:14:55.800983+00:00,141.1,64,ask,,,11469817
2026-07-08T00:14:56.353341,2026-07-08T00:14:56.371256+00:00,141.1,136,ask,,,11469821
2026-07-08T00:14:56.366999,2026-07-08T00:14:56.371256+00:00,141.0,11,bid,,,11469824
2026-07-08T00:14:56.485717,2026-07-08T00:14:56.494676+00:00,141.0,200,bid,,,11469831
2026-07-08T00:14:57.670542,2026-07-08T00:14:57.680089+00:00,141.1,500,bid,,,11469842
2026-07-08T00:14:58.193643,2026-07-08T00:14:58.199903+00:00,141.1,125,ask,,,11469852
2026-07-08T00:14:58.215581,2026-07-08T00:14:58.219320+00:00,141.1,12,bid,,,11469855
2026-07-08T00:14:58.986198,2026-07-08T00:14:58.992635+00:00,140.9,200,ask,,,11469863
2026-07-08T00:15:01.065729,2026-07-08T00:15:01.070035+00:00,140.7,12,ask,,,11469889
2026-07-08T00:15:05.548961,2026-07-08T00:15:05.572285+00:00,140.7,200,bid,,,11469955
2026-07-08T00:15:05.568141,2026-07-08T00:15:05.572285+00:00,140.7,11,ask,,,11469957
2026-07-08T00:15:06.144220,2026-07-08T00:15:06.158747+00:00,140.7,200,ask,,,11469968
2026-07-08T00:15:06.805950,2026-07-08T00:15:06.817724+00:00,140.9,20,bid,,,11469974
2026-07-08T00:15:08.178694,2026-07-08T00:15:08.189432+00:00,140.5,200,ask,,,11469996
2026-07-08T00:15:09.774439,2026-07-08T00:15:09.785522+00:00,140.5,200,bid,,,11470017
2026-07-08T00:15:10.310296,2026-07-08T00:15:10.321211+00:00,140.5,425,bid,,,11470026
2026-07-08T00:15:10.333918,2026-07-08T00:15:10.337985+00:00,140.5,11,ask,,,11470029
2026-07-08T00:15:10.817849,2026-07-08T00:15:10.821668+00:00,140.6,12,ask,,,11470032
2026-07-08T00:15:10.990707,2026-07-08T00:15:11.000217+00:00,140.6,200,ask,,,11470038
2026-07-08T00:15:12.442364,2026-07-08T00:15:12.454394+00:00,140.7,20,bid,,,11470052
2026-07-08T00:15:13.837716,2026-07-08T00:15:13.849589+00:00,140.5,20,ask,,,11470070
2026-07-08T00:15:14.160827,2026-07-08T00:15:14.172376+00:00,140.7,20,bid,,,11470080
2026-07-08T00:15:19.319236,2026-07-08T00:15:19.323843+00:00,140.7,12,bid,,,11470140
2026-07-08T00:15:20.665863,2026-07-08T00:15:20.674547+00:00,140.7,200,ask,,,11470164
2026-07-08T00:15:21.873980,2026-07-08T00:15:21.882301+00:00,140.7,200,ask,,,11470187
2026-07-08T00:15:22.508992,2026-07-08T00:15:22.512522+00:00,140.9,11,bid,,,11470193
2026-07-08T00:15:22.630682,2026-07-08T00:15:22.634229+00:00,140.7,23,bid,,,11470198
2026-07-08T00:15:24.307716,2026-07-08T00:15:24.323980+00:00,140.7,200,bid,,,11470222
2026-07-08T00:15:25.514797,2026-07-08T00:15:25.524340+00:00,140.7,200,bid,,,11470233
2026-07-08T00:15:27.275458,2026-07-08T00:15:27.282046+00:00,140.7,500,bid,,,11470259
2026-07-08T00:15:27.891542,2026-07-08T00:15:27.899074+00:00,140.7,200,bid,,,11470268
2026-07-08T00:15:27.929399,2026-07-08T00:15:27.941137+00:00,140.7,200,ask,,,11470271
2026-07-08T00:15:29.221825,2026-07-08T00:15:29.225843+00:00,140.7,11,bid,,,11470298
2026-07-08T00:15:30.350896,2026-07-08T00:15:30.358588+00:00,140.7,200,bid,,,11470320
2026-07-08T00:15:30.521753,2026-07-08T00:15:30.532395+00:00,140.6,500,ask,,,11470322
2026-07-08T00:15:30.915582,2026-07-08T00:15:30.925892+00:00,140.6,125,bid,,,11470328
2026-07-08T00:15:32.698547,2026-07-08T00:15:32.702656+00:00,140.8,12,bid,,,11470353
2026-07-08T00:15:33.150744,2026-07-08T00:15:33.158594+00:00,140.7,200,ask,,,11470357
2026-07-08T00:15:33.150744,2026-07-08T00:15:33.158594+00:00,140.6,425,ask,,,11470358
2026-07-08T00:15:34.459333,2026-07-08T00:15:34.470713+00:00,140.9,200,bid,,,11470384
2026-07-08T00:15:36.414576,2026-07-08T00:15:36.422345+00:00,140.9,200,ask,,,11470404
2026-07-08T00:15:38.836150,2026-07-08T00:15:38.844260+00:00,140.9,200,ask,,,11470442
2026-07-08T00:15:41.273747,2026-07-08T00:15:41.280482+00:00,140.8,200,bid,,,11470481
2026-07-08T00:15:42.487851,2026-07-08T00:15:42.497200+00:00,140.8,200,bid,,,11470498
2026-07-08T00:15:43.697150,2026-07-08T00:15:43.700901+00:00,140.8,12,ask,,,11470515
2026-07-08T00:15:45.002152,2026-07-08T00:15:45.006038+00:00,140.9,11,ask,,,11470534
2026-07-08T00:15:45.345637,2026-07-08T00:15:45.349777+00:00,141.0,11,bid,,,11470536
2026-07-08T00:15:46.120345,2026-07-08T00:15:46.130567+00:00,140.9,200,ask,,,11470551
2026-07-08T00:15:47.866715,2026-07-08T00:15:47.874912+00:00,140.9,500,ask,,,11470590
2026-07-08T00:15:48.950047,2026-07-08T00:15:48.958735+00:00,140.9,200,ask,,,11470600
2026-07-08T00:15:48.972621,2026-07-08T00:15:48.977683+00:00,140.8,23,bid,,,11470603
2026-07-08T00:15:49.748459,2026-07-08T00:15:49.758223+00:00,140.8,200,bid,,,11470617
2026-07-08T00:15:50.771057,2026-07-08T00:15:50.782937+00:00,140.7,20,ask,,,11470638
2026-07-08T00:15:51.577486,2026-07-08T00:15:51.585780+00:00,140.8,200,ask,,,11470650
2026-07-08T00:15:56.825118,2026-07-08T00:15:56.833540+00:00,140.6,200,ask,,,11470720
2026-07-08T00:15:56.825118,2026-07-08T00:15:56.833540+00:00,140.5,425,ask,,,11470721
2026-07-08T00:15:57.047584,2026-07-08T00:15:57.059369+00:00,140.6,20,ask,,,11470722
2026-07-08T00:15:57.382546,2026-07-08T00:15:57.386881+00:00,140.6,11,ask,,,11470728
2026-07-08T00:15:57.564661,2026-07-08T00:15:57.574241+00:00,140.7,200,bid,,,11470729
2026-07-08T00:15:57.607224,2026-07-08T00:15:57.611110+00:00,140.8,23,ask,,,11470732
2026-07-08T00:15:58.137984,2026-07-08T00:15:58.196104+00:00,140.8,277,ask,,,11470743
2026-07-08T00:15:58.160394,2026-07-08T00:15:58.196104+00:00,140.8,348,bid,,,11470744
2026-07-08T00:15:58.227990,2026-07-08T00:15:58.245144+00:00,140.8,152,ask,,,11470748
2026-07-08T00:15:58.239579,2026-07-08T00:15:58.245144+00:00,140.8,34,bid,,,11470749
2026-07-08T00:15:58.763969,2026-07-08T00:15:58.770840+00:00,140.8,14,bid,,,11470761
2026-07-08T00:16:01.249587,2026-07-08T00:16:01.254206+00:00,140.8,23,ask,,,11470795
2026-07-08T00:16:06.067597,2026-07-08T00:16:06.074084+00:00,140.7,200,ask,,,11470854
2026-07-08T00:16:06.067597,2026-07-08T00:16:06.079568+00:00,140.7,425,ask,,,11470855
2026-07-08T00:16:07.376754,2026-07-08T00:16:07.383609+00:00,140.9,200,bid,,,11470874
2026-07-08T00:16:09.078017,2026-07-08T00:16:09.089525+00:00,140.9,500,bid,,,11470901
2026-07-08T00:16:09.141104,2026-07-08T00:16:09.158843+00:00,140.9,125,bid,,,11470906
2026-07-08T00:16:09.995078,2026-07-08T00:16:10.005349+00:00,141.1,200,bid,,,11470913
2026-07-08T00:16:10.346844,2026-07-08T00:16:10.354316+00:00,141.1,20,ask,,,11470924
2026-07-08T00:16:10.681307,2026-07-08T00:16:10.686407+00:00,141.2,12,bid,,,11470930
2026-07-08T00:16:16.449149,2026-07-08T00:16:16.453228+00:00,141.1,11,bid,,,11470983
2026-07-08T00:16:16.593878,2026-07-08T00:16:16.603654+00:00,141.1,189,bid,,,11470987
2026-07-08T00:16:17.034477,2026-07-08T00:16:17.038450+00:00,141.3,3,bid,,,11470998
2026-07-08T00:16:19.227602,2026-07-08T00:16:19.237639+00:00,141.2,200,ask,,,11471032
2026-07-08T00:16:20.067747,2026-07-08T00:16:20.073861+00:00,141.2,200,bid,,,11471048
2026-07-08T00:16:23.704777,2026-07-08T00:16:23.714526+00:00,141.1,200,bid,,,11471100
2026-07-08T00:16:29.063539,2026-07-08T00:16:29.074247+00:00,141.1,200,ask,,,11471170
2026-07-08T00:16:29.084122,2026-07-08T00:16:29.087999+00:00,141.1,3,bid,,,11471172
2026-07-08T00:16:29.718792,2026-07-08T00:16:29.726508+00:00,141.1,500,bid,,,11471179
2026-07-08T00:16:30.260801,2026-07-08T00:16:30.269338+00:00,141.1,125,ask,,,11471189
2026-07-08T00:16:30.971546,2026-07-08T00:16:30.979817+00:00,141.1,200,bid,,,11471199
2026-07-08T00:16:33.911459,2026-07-08T00:16:33.918289+00:00,141.0,200,ask,,,11471239
2026-07-08T00:16:36.070817,2026-07-08T00:16:36.074833+00:00,141.0,3,ask,,,11471265
2026-07-08T00:16:36.320900,2026-07-08T00:16:36.330030+00:00,141.0,197,ask,,,11471269
2026-07-08T00:16:36.547989,2026-07-08T00:16:36.550461+00:00,140.9,20,ask,,,11471276
2026-07-08T00:16:38.243330,2026-07-08T00:16:38.250371+00:00,140.9,20,ask,,,11471304
2026-07-08T00:16:38.756793,2026-07-08T00:16:38.764435+00:00,140.9,500,ask,,,11471307
2026-07-08T00:16:38.905749,2026-07-08T00:16:38.915443+00:00,140.7,200,ask,,,11471309
2026-07-08T00:16:40.664215,2026-07-08T00:16:40.674952+00:00,140.6,200,bid,,,11471336
2026-07-08T00:16:41.872446,2026-07-08T00:16:41.880110+00:00,140.7,200,bid,,,11471351
2026-07-08T00:16:42.246373,2026-07-08T00:16:42.253075+00:00,140.7,20,bid,,,11471353
2026-07-08T00:16:44.126271,2026-07-08T00:16:44.133628+00:00,140.6,20,ask,,,11471382
2026-07-08T00:16:44.143043,2026-07-08T00:16:44.164078+00:00,140.6,180,ask,,,11471383
2026-07-08T00:16:44.287398,2026-07-08T00:16:44.369329+00:00,140.6,200,bid,,,11471387
2026-07-08T00:16:45.499115,2026-07-08T00:16:45.509683+00:00,140.7,200,bid,,,11471406
2026-07-08T00:16:48.430230,2026-07-08T00:16:48.439920+00:00,140.5,500,ask,,,11471439
2026-07-08T00:16:48.750380,2026-07-08T00:16:48.754818+00:00,140.5,26,ask,,,11471445
2026-07-08T00:16:48.776608,2026-07-08T00:16:48.788250+00:00,140.6,20,bid,,,11471446
2026-07-08T00:16:49.053629,2026-07-08T00:16:49.058631+00:00,140.5,99,ask,,,11471449
2026-07-08T00:16:52.005226,2026-07-08T00:16:52.016333+00:00,140.3,200,bid,,,11471487
2026-07-08T00:16:57.600473,2026-07-08T00:16:57.608362+00:00,140.5,200,bid,,,11471561
2026-07-08T00:16:58.591309,2026-07-08T00:16:58.595116+00:00,140.4,11,ask,,,11471565
2026-07-08T00:16:58.596907,2026-07-08T00:16:58.615491+00:00,140.5,20,bid,,,11471566
2026-07-08T00:16:59.327236,2026-07-08T00:16:59.337271+00:00,140.4,500,ask,,,11471579
2026-07-08T00:17:02.511273,2026-07-08T00:17:02.527315+00:00,140.5,500,bid,,,11471606
2026-07-08T00:17:02.965314,2026-07-08T00:17:02.974397+00:00,140.5,125,ask,,,11471611
2026-07-08T00:17:02.965314,2026-07-08T00:17:02.974397+00:00,140.4,200,ask,,,11471612
2026-07-08T00:17:03.666956,2026-07-08T00:17:03.676328+00:00,140.3,200,bid,,,11471623
2026-07-08T00:17:03.867438,2026-07-08T00:17:03.872001+00:00,140.1,23,ask,,,11471629
2026-07-08T00:17:04.891208,2026-07-08T00:17:04.895665+00:00,140.2,11,ask,,,11471643
2026-07-08T00:17:05.167570,2026-07-08T00:17:05.171332+00:00,140.3,6,ask,,,11471649
2026-07-08T00:17:07.797659,2026-07-08T00:17:07.802175+00:00,140.3,6,bid,,,11471690
2026-07-08T00:17:08.556687,2026-07-08T00:17:08.560868+00:00,140.1,22,bid,,,11471702
2026-07-08T00:17:09.756924,2026-07-08T00:17:09.758620+00:00,140.0,200,ask,,,11471719
2026-07-08T00:17:10.968011,2026-07-08T00:17:10.975311+00:00,140.0,200,ask,,,11471735
2026-07-08T00:17:11.057015,2026-07-08T00:17:11.068747+00:00,140.2,20,bid,,,11471736
2026-07-08T00:17:15.832352,2026-07-08T00:17:15.836337+00:00,140.1,11,ask,,,11471797
2026-07-08T00:17:18.277290,2026-07-08T00:17:18.285721+00:00,140.2,200,ask,,,11471820
2026-07-08T00:17:26.727332,2026-07-08T00:17:26.736005+00:00,140.0,200,bid,,,11471943
2026-07-08T00:17:27.295009,2026-07-08T00:17:27.306730+00:00,140.0,20,bid,,,11471949
2026-07-08T00:17:27.475011,2026-07-08T00:17:27.478794+00:00,140.0,23,ask,,,11471952
2026-07-08T00:17:28.786875,2026-07-08T00:17:28.790685+00:00,140.1,11,ask,,,11471967
2026-07-08T00:17:29.101347,2026-07-08T00:17:29.109381+00:00,140.1,20,ask,,,11471974
2026-07-08T00:17:33.985665,2026-07-08T00:17:33.995313+00:00,140.1,200,bid,,,11472034
2026-07-08T00:17:35.082996,2026-07-08T00:17:35.101884+00:00,140.1,500,ask,,,11472045
2026-07-08T00:17:35.335734,2026-07-08T00:17:35.343720+00:00,140.0,200,ask,,,11472052
2026-07-08T00:17:36.404303,2026-07-08T00:17:36.413017+00:00,140.0,200,bid,,,11472064
2026-07-08T00:17:36.700189,2026-07-08T00:17:36.711833+00:00,140.1,20,bid,,,11472069
2026-07-08T00:17:37.950849,2026-07-08T00:17:37.958644+00:00,140.1,500,bid,,,11472085
2026-07-08T00:17:37.950849,2026-07-08T00:17:37.958644+00:00,140.1,125,bid,,,11472086
2026-07-08T00:17:39.266000,2026-07-08T00:17:39.277497+00:00,140.0,200,ask,,,11472102
2026-07-08T00:17:40.039161,2026-07-08T00:17:40.047193+00:00,139.9,200,bid,,,11472112
2026-07-08T00:17:42.460578,2026-07-08T00:17:42.470530+00:00,139.9,200,bid,,,11472138
2026-07-08T00:17:44.887789,2026-07-08T00:17:44.897086+00:00,140.0,200,bid,,,11472169
2026-07-08T00:17:45.686295,2026-07-08T00:17:45.690941+00:00,139.9,23,bid,,,11472181
2026-07-08T00:17:45.830411,2026-07-08T00:17:45.838023+00:00,139.9,477,bid,,,11472184
2026-07-08T00:17:45.985638,2026-07-08T00:17:45.997266+00:00,140.0,148,ask,,,11472187
2026-07-08T00:17:47.259489,2026-07-08T00:17:47.264615+00:00,139.8,11,bid,,,11472211
2026-07-08T00:17:47.526165,2026-07-08T00:17:47.537961+00:00,139.7,20,ask,,,11472218
2026-07-08T00:17:47.800552,2026-07-08T00:17:47.810514+00:00,139.7,500,ask,,,11472223
2026-07-08T00:17:48.396656,2026-07-08T00:17:48.423795+00:00,139.7,105,ask,,,11472230
2026-07-08T00:17:48.396656,2026-07-08T00:17:48.423795+00:00,139.6,200,ask,,,11472231
2026-07-08T00:17:48.419862,2026-07-08T00:17:48.423795+00:00,139.6,23,bid,,,11472233
2026-07-08T00:17:48.465971,2026-07-08T00:17:48.469723+00:00,139.5,11,bid,,,11472238
2026-07-08T00:17:48.538300,2026-07-08T00:17:48.545027+00:00,139.5,200,bid,,,11472240
2026-07-08T00:17:48.901521,2026-07-08T00:17:48.906808+00:00,139.3,11,ask,,,11472244
2026-07-08T00:17:49.748381,2026-07-08T00:17:49.758653+00:00,139.5,200,bid,,,11472257
2026-07-08T00:17:50.236439,2026-07-08T00:17:50.246855+00:00,139.5,500,ask,,,11472270
2026-07-08T00:17:50.564248,2026-07-08T00:17:50.576234+00:00,139.8,20,bid,,,11472276
2026-07-08T00:17:50.833509,2026-07-08T00:17:50.844434+00:00,139.5,125,ask,,,11472280
2026-07-08T00:17:51.077428,2026-07-08T00:17:51.087118+00:00,139.3,200,ask,,,11472283
2026-07-08T00:17:53.397952,2026-07-08T00:17:53.404705+00:00,139.4,200,ask,,,11472315
2026-07-08T00:17:56.325977,2026-07-08T00:17:56.337528+00:00,139.3,200,ask,,,11472355
2026-07-08T00:17:57.635213,2026-07-08T00:17:57.643499+00:00,139.2,200,ask,,,11472370
2026-07-08T00:17:59.457654,2026-07-08T00:17:59.461466+00:00,139.1,11,bid,,,11472400
2026-07-08T00:18:00.250948,2026-07-08T00:18:00.263854+00:00,139.1,189,bid,,,11472406
2026-07-08T00:18:04.188149,2026-07-08T00:18:04.195145+00:00,139.3,200,bid,,,11472450
2026-07-08T00:18:04.271927,2026-07-08T00:18:04.278758+00:00,139.3,200,ask,,,11472453
2026-07-08T00:18:04.733775,2026-07-08T00:18:04.737556+00:00,139.3,11,ask,,,11472459
2026-07-08T00:18:10.748276,2026-07-08T00:18:10.750013+00:00,139.2,200,ask,,,11472530
2026-07-08T00:18:12.734426,2026-07-08T00:18:12.740750+00:00,139.1,200,ask,,,11472559
2026-07-08T00:18:13.516672,2026-07-08T00:18:13.521117+00:00,138.9,23,ask,,,11472569
2026-07-08T00:18:18.784008,2026-07-08T00:18:18.793775+00:00,139.0,200,ask,,,11472623
2026-07-08T00:18:19.946522,2026-07-08T00:18:19.950622+00:00,138.8,34,bid,,,11472640
2026-07-08T00:18:19.993235,2026-07-08T00:18:20.002106+00:00,138.8,200,bid,,,11472642
2026-07-08T00:18:20.549913,2026-07-08T00:18:20.553912+00:00,138.6,11,ask,,,11472651
2026-07-08T00:18:21.201978,2026-07-08T00:18:21.211244+00:00,138.8,200,bid,,,11472656
2026-07-08T00:18:21.259655,2026-07-08T00:18:21.263713+00:00,138.8,23,ask,,,11472660
2026-07-08T00:18:23.880366,2026-07-08T00:18:23.888007+00:00,138.7,200,ask,,,11472694
2026-07-08T00:18:23.898295,2026-07-08T00:18:23.901765+00:00,138.7,11,bid,,,11472696
2026-07-08T00:18:24.702524,2026-07-08T00:18:24.714176+00:00,138.5,20,ask,,,11472699
2026-07-08T00:18:24.832305,2026-07-08T00:18:24.839836+00:00,138.7,200,bid,,,11472702
2026-07-08T00:18:27.453109,2026-07-08T00:18:27.458610+00:00,138.9,20,bid,,,11472741
2026-07-08T00:18:27.821130,2026-07-08T00:18:27.832701+00:00,138.9,180,bid,,,11472746
2026-07-08T00:18:29.673859,2026-07-08T00:18:29.680580+00:00,138.8,200,bid,,,11472784
2026-07-08T00:18:32.094827,2026-07-08T00:18:32.103898+00:00,138.8,200,ask,,,11472823
2026-07-08T00:18:33.323131,2026-07-08T00:18:33.327890+00:00,138.8,23,bid,,,11472841
2026-07-08T00:18:35.705388,2026-07-08T00:18:35.712163+00:00,138.8,200,bid,,,11472871
2026-07-08T00:18:35.721163,2026-07-08T00:18:35.727593+00:00,138.8,200,ask,,,11472872
2026-07-08T00:18:36.181677,2026-07-08T00:18:36.193682+00:00,139.0,20,bid,,,11472880
2026-07-08T00:18:36.929152,2026-07-08T00:18:36.936832+00:00,138.8,200,ask,,,11472891
2026-07-08T00:18:38.828704,2026-07-08T00:18:38.837238+00:00,138.6,20,ask,,,11472922
2026-07-08T00:18:40.559553,2026-07-08T00:18:40.569476+00:00,138.7,200,ask,,,11472948
2026-07-08T00:18:41.189434,2026-07-08T00:18:41.200901+00:00,138.7,20,ask,,,11472964
2026-07-08T00:18:43.588031,2026-07-08T00:18:43.609761+00:00,138.8,200,ask,,,11472990
2026-07-08T00:18:43.605389,2026-07-08T00:18:43.609761+00:00,138.7,12,bid,,,11472993
2026-07-08T00:18:44.185247,2026-07-08T00:18:44.196243+00:00,138.7,200,bid,,,11473004
2026-07-08T00:18:45.396389,2026-07-08T00:18:45.405564+00:00,138.8,200,ask,,,11473021
2026-07-08T00:18:45.909225,2026-07-08T00:18:45.920963+00:00,139.0,20,bid,,,11473028
2026-07-08T00:18:48.839701,2026-07-08T00:18:48.848713+00:00,138.9,200,bid,,,11473068
2026-07-08T00:18:49.023724,2026-07-08T00:18:49.032440+00:00,138.9,200,ask,,,11473072
2026-07-08T00:18:50.205231,2026-07-08T00:18:50.209022+00:00,139.0,11,bid,,,11473092
2026-07-08T00:18:52.782341,2026-07-08T00:18:52.802235+00:00,138.8,200,ask,,,11473128
2026-07-08T00:18:52.798786,2026-07-08T00:18:52.802235+00:00,138.8,3,bid,,,11473130
2026-07-08T00:18:53.797376,2026-07-08T00:18:53.804853+00:00,138.8,422,bid,,,11473146
2026-07-08T00:18:54.090360,2026-07-08T00:18:54.099982+00:00,139.0,200,bid,,,11473153
2026-07-08T00:18:56.234217,2026-07-08T00:18:56.241459+00:00,139.0,500,bid,,,11473185
2026-07-08T00:18:57.506577,2026-07-08T00:18:57.513240+00:00,139.0,200,ask,,,11473198
2026-07-08T00:18:59.344160,2026-07-08T00:18:59.351286+00:00,139.0,200,ask,,,11473223
2026-07-08T00:18:59.853113,2026-07-08T00:18:59.858655+00:00,139.0,425,bid,,,11473232
2026-07-08T00:19:00.651379,2026-07-08T00:19:00.658598+00:00,139.1,200,bid,,,11473242
2026-07-08T00:19:01.134678,2026-07-08T00:19:01.143784+00:00,139.3,200,ask,,,11473248
2026-07-08T00:19:02.349275,2026-07-08T00:19:02.350943+00:00,139.1,200,bid,,,11473272
2026-07-08T00:19:03.561018,2026-07-08T00:19:03.570855+00:00,139.1,200,bid,,,11473283
2026-07-08T00:19:04.862346,2026-07-08T00:19:04.866586+00:00,139.0,3,ask,,,11473299
2026-07-08T00:19:04.945064,2026-07-08T00:19:04.956774+00:00,139.0,20,ask,,,11473304
2026-07-08T00:19:05.943509,2026-07-08T00:19:05.947257+00:00,139.1,11,ask,,,11473313
2026-07-08T00:19:05.989409,2026-07-08T00:19:05.999636+00:00,139.1,200,ask,,,11473315
2026-07-08T00:19:07.199195,2026-07-08T00:19:07.210222+00:00,139.1,200,ask,,,11473326
2026-07-08T00:19:07.303557,2026-07-08T00:19:07.308157+00:00,139.0,14,bid,,,11473331
2026-07-08T00:19:11.143109,2026-07-08T00:19:11.148506+00:00,138.9,20,bid,,,11473374
2026-07-08T00:19:11.180384,2026-07-08T00:19:11.191553+00:00,138.9,180,bid,,,11473376
2026-07-08T00:19:12.035837,2026-07-08T00:19:12.045239+00:00,139.0,200,ask,,,11473387
2026-07-08T00:19:12.686061,2026-07-08T00:19:12.697668+00:00,139.0,20,bid,,,11473396
2026-07-08T00:19:15.133945,2026-07-08T00:19:15.143211+00:00,138.8,200,ask,,,11473431
2026-07-08T00:19:15.665219,2026-07-08T00:19:15.673433+00:00,138.8,200,bid,,,11473443
2026-07-08T00:19:16.545228,2026-07-08T00:19:16.553408+00:00,138.9,20,bid,,,11473454
2026-07-08T00:19:19.310207,2026-07-08T00:19:19.319835+00:00,138.7,200,ask,,,11473492
2026-07-08T00:19:21.715218,2026-07-08T00:19:21.718999+00:00,138.7,3,ask,,,11473523
2026-07-08T00:19:22.947277,2026-07-08T00:19:22.957722+00:00,138.7,200,ask,,,11473537
2026-07-08T00:19:24.158292,2026-07-08T00:19:24.168875+00:00,138.8,200,ask,,,11473552
2026-07-08T00:19:25.365433,2026-07-08T00:19:25.376635+00:00,138.9,200,ask,,,11473577
2026-07-08T00:19:26.367011,2026-07-08T00:19:26.378891+00:00,138.8,20,ask,,,11473591
2026-07-08T00:19:26.573177,2026-07-08T00:19:26.579760+00:00,138.8,200,ask,,,11473594
2026-07-08T00:19:29.042023,2026-07-08T00:19:29.054167+00:00,138.8,20,bid,,,11473624
2026-07-08T00:19:30.122625,2026-07-08T00:19:30.130088+00:00,138.8,200,bid,,,11473631
2026-07-08T00:19:30.122625,2026-07-08T00:19:30.135372+00:00,138.8,300,bid,,,11473632
2026-07-08T00:19:30.719933,2026-07-08T00:19:30.727063+00:00,138.8,325,bid,,,11473641
2026-07-08T00:19:30.719933,2026-07-08T00:19:30.732551+00:00,138.9,175,bid,,,11473642
2026-07-08T00:19:30.902912,2026-07-08T00:19:30.906716+00:00,138.8,11,ask,,,11473647
2026-07-08T00:19:31.320496,2026-07-08T00:19:31.327071+00:00,138.9,25,bid,,,11473649
2026-07-08T00:19:31.359541,2026-07-08T00:19:31.364247+00:00,138.9,12,ask,,,11473652
2026-07-08T00:19:31.406726,2026-07-08T00:19:31.416625+00:00,138.9,200,ask,,,11473653
2026-07-08T00:19:33.515208,2026-07-08T00:19:33.525649+00:00,138.9,200,ask,,,11473673
2026-07-08T00:19:33.515208,2026-07-08T00:19:33.525649+00:00,138.9,425,ask,,,11473674
2026-07-08T00:19:34.824545,2026-07-08T00:19:34.831939+00:00,139.0,200,bid,,,11473689
2026-07-08T00:19:36.810787,2026-07-08T00:19:36.822440+00:00,138.8,20,ask,,,11473719
2026-07-08T00:19:39.618506,2026-07-08T00:19:39.622258+00:00,139.0,12,bid,,,11473774
2026-07-08T00:19:43.504370,2026-07-08T00:19:43.514659+00:00,139.0,200,bid,,,11473829
2026-07-08T00:19:45.315843,2026-07-08T00:19:45.333290+00:00,139.0,200,bid,,,11473849
2026-07-08T00:19:46.630835,2026-07-08T00:19:46.640300+00:00,139.0,200,ask,,,11473867
2026-07-08T00:19:47.943023,2026-07-08T00:19:47.953425+00:00,138.9,200,ask,,,11473878
2026-07-08T00:19:47.943023,2026-07-08T00:19:47.953425+00:00,138.8,425,ask,,,11473879
2026-07-08T00:19:50.725904,2026-07-08T00:19:50.734871+00:00,139.1,200,bid,,,11473911
2026-07-08T00:19:50.763985,2026-07-08T00:19:50.775206+00:00,139.1,200,ask,,,11473913
2026-07-08T00:19:51.979680,2026-07-08T00:19:51.991004+00:00,139.1,200,ask,,,11473932
2026-07-08T00:19:53.197119,2026-07-08T00:19:53.204908+00:00,139.2,200,ask,,,11473946
2026-07-08T00:19:53.220981,2026-07-08T00:19:53.225743+00:00,139.3,11,bid,,,11473949
2026-07-08T00:19:54.407674,2026-07-08T00:19:54.416865+00:00,139.2,200,ask,,,11473967
2026-07-08T00:19:55.544641,2026-07-08T00:19:55.551543+00:00,139.3,500,bid,,,11473981
2026-07-08T00:19:55.637547,2026-07-08T00:19:55.641934+00:00,139.2,3,bid,,,11473985
2026-07-08T00:19:55.823340,2026-07-08T00:19:55.831323+00:00,139.2,197,bid,,,11473989
2026-07-08T00:19:56.778577,2026-07-08T00:19:56.789494+00:00,139.4,500,bid,,,11474005
2026-07-08T00:19:56.824689,2026-07-08T00:19:56.831143+00:00,139.2,200,ask,,,11474008
2026-07-08T00:19:58.032830,2026-07-08T00:19:58.044050+00:00,139.3,200,ask,,,11474023
2026-07-08T00:19:58.676726,2026-07-08T00:19:58.680869+00:00,139.3,3,ask,,,11474032
2026-07-08T00:20:00.398184,2026-07-08T00:20:00.408247+00:00,139.4,200,bid,,,11474053
2026-07-08T00:20:00.427559,2026-07-08T00:20:00.431759+00:00,139.4,11,ask,,,11474056
2026-07-08T00:20:00.453926,2026-07-08T00:20:00.463002+00:00,139.4,200,ask,,,11474058
2026-07-08T00:20:01.001044,2026-07-08T00:20:01.010607+00:00,139.5,500,bid,,,11474070
2026-07-08T00:20:01.157709,2026-07-08T00:20:01.161762+00:00,139.7,12,ask,,,11474076
2026-07-08T00:20:01.844472,2026-07-08T00:20:01.848410+00:00,139.9,12,bid,,,11474081
2026-07-08T00:20:02.791700,2026-07-08T00:20:02.803407+00:00,139.8,20,ask,,,11474090
2026-07-08T00:20:06.314806,2026-07-08T00:20:06.335104+00:00,139.8,200,ask,,,11474136
2026-07-08T00:20:06.331275,2026-07-08T00:20:06.335104+00:00,139.8,11,bid,,,11474138
2026-07-08T00:20:06.720617,2026-07-08T00:20:06.732621+00:00,139.8,20,bid,,,11474142
2026-07-08T00:20:07.626276,2026-07-08T00:20:07.634831+00:00,139.9,200,bid,,,11474161
2026-07-08T00:20:07.718367,2026-07-08T00:20:07.729630+00:00,139.9,200,ask,,,11474164
2026-07-08T00:20:08.353318,2026-07-08T00:20:08.365378+00:00,140.2,20,bid,,,11474169
2026-07-08T00:20:10.138963,2026-07-08T00:20:10.158610+00:00,140.1,200,bid,,,11474192
2026-07-08T00:20:10.339792,2026-07-08T00:20:10.346461+00:00,139.9,20,ask,,,11474195
2026-07-08T00:20:11.350245,2026-07-08T00:20:11.354213+00:00,139.9,23,ask,,,11474207
2026-07-08T00:20:11.376584,2026-07-08T00:20:11.380501+00:00,140.0,11,ask,,,11474210
2026-07-08T00:20:13.132956,2026-07-08T00:20:13.141323+00:00,140.0,200,ask,,,11474229
2026-07-08T00:20:13.132956,2026-07-08T00:20:13.141323+00:00,140.0,300,ask,,,11474230
2026-07-08T00:20:13.726885,2026-07-08T00:20:13.735238+00:00,140.0,325,ask,,,11474243
2026-07-08T00:20:14.182441,2026-07-08T00:20:14.198711+00:00,139.9,200,ask,,,11474249
2026-07-08T00:20:14.194594,2026-07-08T00:20:14.198711+00:00,139.9,11,bid,,,11474251
2026-07-08T00:20:14.993233,2026-07-08T00:20:15.019567+00:00,139.8,200,bid,,,11474269
2026-07-08T00:20:15.014731,2026-07-08T00:20:15.019567+00:00,139.8,12,bid,,,11474271
2026-07-08T00:20:15.492272,2026-07-08T00:20:15.503984+00:00,139.8,288,bid,,,11474275
2026-07-08T00:20:15.564218,2026-07-08T00:20:15.573979+00:00,139.9,337,ask,,,11474277
2026-07-08T00:20:17.231675,2026-07-08T00:20:17.243464+00:00,139.9,20,bid,,,11474310
2026-07-08T00:20:17.679250,2026-07-08T00:20:17.683491+00:00,139.6,12,ask,,,11474316
2026-07-08T00:20:18.122863,2026-07-08T00:20:18.126803+00:00,139.7,11,ask,,,11474330
2026-07-08T00:20:18.583840,2026-07-08T00:20:18.592657+00:00,139.7,500,ask,,,11474337
2026-07-08T00:20:18.642165,2026-07-08T00:20:18.653619+00:00,139.7,114,ask,,,11474341
2026-07-08T00:20:19.853523,2026-07-08T00:20:19.858612+00:00,139.7,200,bid,,,11474360
2026-07-08T00:20:22.272653,2026-07-08T00:20:22.282013+00:00,139.7,200,ask,,,11474386
2026-07-08T00:20:23.482339,2026-07-08T00:20:23.490301+00:00,139.6,200,bid,,,11474394
2026-07-08T00:20:24.708143,2026-07-08T00:20:24.712082+00:00,139.5,12,ask,,,11474408
2026-07-08T00:20:25.927428,2026-07-08T00:20:25.931742+00:00,139.6,11,ask,,,11474429
2026-07-08T00:20:27.281070,2026-07-08T00:20:27.299360+00:00,139.6,200,ask,,,11474449
2026-07-08T00:20:27.295416,2026-07-08T00:20:27.299360+00:00,139.6,11,bid,,,11474451
2026-07-08T00:20:31.291024,2026-07-08T00:20:31.299283+00:00,139.6,500,ask,,,11474503
2026-07-08T00:20:31.886673,2026-07-08T00:20:31.897518+00:00,139.6,125,ask,,,11474512
2026-07-08T00:20:32.508161,2026-07-08T00:20:32.516124+00:00,139.5,200,ask,,,11474524
2026-07-08T00:20:34.369448,2026-07-08T00:20:34.381048+00:00,139.5,200,bid,,,11474550
2026-07-08T00:20:36.767403,2026-07-08T00:20:36.771445+00:00,139.4,12,bid,,,11474572
2026-07-08T00:20:36.790778,2026-07-08T00:20:36.797496+00:00,139.4,200,bid,,,11474573
2026-07-08T00:20:39.101906,2026-07-08T00:20:39.109837+00:00,139.5,200,bid,,,11474603
2026-07-08T00:20:39.101906,2026-07-08T00:20:39.115351+00:00,139.5,425,bid,,,11474604
2026-07-08T00:20:41.639909,2026-07-08T00:20:41.649320+00:00,139.5,200,bid,,,11474638
2026-07-08T00:20:42.937782,2026-07-08T00:20:42.941832+00:00,139.5,23,bid,,,11474658
2026-07-08T00:20:44.375411,2026-07-08T00:20:44.379348+00:00,139.3,14,bid,,,11474678
2026-07-08T00:20:46.159559,2026-07-08T00:20:46.164550+00:00,139.2,3,ask,,,11474707
2026-07-08T00:20:46.984868,2026-07-08T00:20:46.989450+00:00,139.4,23,ask,,,11474718
2026-07-08T00:20:50.928019,2026-07-08T00:20:50.932356+00:00,139.3,12,bid,,,11474773
2026-07-08T00:20:51.319275,2026-07-08T00:20:51.330155+00:00,139.3,200,bid,,,11474783
2026-07-08T00:20:52.243142,2026-07-08T00:20:52.247020+00:00,139.2,12,ask,,,11474799
2026-07-08T00:20:53.540225,2026-07-08T00:20:53.558799+00:00,139.3,200,bid,,,11474816
2026-07-08T00:20:53.555348,2026-07-08T00:20:53.558799+00:00,139.3,11,ask,,,11474818
2026-07-08T00:20:53.576660,2026-07-08T00:20:53.588027+00:00,139.5,20,bid,,,11474819
2026-07-08T00:20:53.744719,2026-07-08T00:20:53.752597+00:00,139.3,200,ask,,,11474828
2026-07-08T00:20:56.569491,2026-07-08T00:20:56.581399+00:00,139.2,20,bid,,,11474861
2026-07-08T00:20:58.153600,2026-07-08T00:20:58.163932+00:00,139.2,20,bid,,,11474888
2026-07-08T00:20:58.792968,2026-07-08T00:20:58.800115+00:00,139.2,200,bid,,,11474898
2026-07-08T00:20:58.810788,2026-07-08T00:20:58.814657+00:00,139.2,12,ask,,,11474900
2026-07-08T00:21:01.006897,2026-07-08T00:21:01.016931+00:00,139.2,200,ask,,,11474931
2026-07-08T00:21:04.908689,2026-07-08T00:21:04.920467+00:00,139.1,20,bid,,,11474982
2026-07-08T00:21:05.136709,2026-07-08T00:21:05.141250+00:00,139.0,22,ask,,,11474985
2026-07-08T00:21:05.362625,2026-07-08T00:21:05.374222+00:00,139.1,180,bid,,,11474992
2026-07-08T00:21:05.398063,2026-07-08T00:21:05.401987+00:00,139.1,12,ask,,,11474994
2026-07-08T00:21:08.244822,2026-07-08T00:21:08.248976+00:00,139.2,12,bid,,,11475022
2026-07-08T00:21:08.464145,2026-07-08T00:21:08.471291+00:00,139.4,20,bid,,,11475030
2026-07-08T00:21:11.910680,2026-07-08T00:21:11.921013+00:00,139.2,200,ask,,,11475069
2026-07-08T00:21:11.923212,2026-07-08T00:21:11.931533+00:00,139.3,500,bid,,,11475071
2026-07-08T00:21:12.457548,2026-07-08T00:21:12.468975+00:00,139.3,125,ask,,,11475077
2026-07-08T00:21:13.135551,2026-07-08T00:21:13.139753+00:00,139.2,11,bid,,,11475088
2026-07-08T00:21:17.020819,2026-07-08T00:21:17.025158+00:00,139.2,23,bid,,,11475136
2026-07-08T00:21:17.958286,2026-07-08T00:21:17.969820+00:00,139.1,200,ask,,,11475152
2026-07-08T00:21:19.165565,2026-07-08T00:21:19.174521+00:00,139.1,200,ask,,,11475170
2026-07-08T00:21:20.372739,2026-07-08T00:21:20.386658+00:00,139.1,200,ask,,,11475187
2026-07-08T00:21:21.595927,2026-07-08T00:21:21.599731+00:00,139.1,11,bid,,,11475210
2026-07-08T00:21:23.729075,2026-07-08T00:21:23.738049+00:00,138.9,200,ask,,,11475239
2026-07-08T00:21:23.729075,2026-07-08T00:21:23.738049+00:00,138.9,425,ask,,,11475240
2026-07-08T00:21:24.116875,2026-07-08T00:21:24.120649+00:00,139.0,23,ask,,,11475251
2026-07-08T00:21:24.490241,2026-07-08T00:21:24.499498+00:00,139.0,20,ask,,,11475260
2026-07-08T00:21:26.347751,2026-07-08T00:21:26.396581+00:00,139.1,200,bid,,,11475289
2026-07-08T00:21:26.392881,2026-07-08T00:21:26.396581+00:00,139.1,11,ask,,,11475292
2026-07-08T00:21:27.227825,2026-07-08T00:21:27.232252+00:00,139.3,11,bid,,,11475303
2026-07-08T00:21:27.674239,2026-07-08T00:21:27.700694+00:00,139.0,200,ask,,,11475309
2026-07-08T00:21:27.696037,2026-07-08T00:21:27.700694+00:00,139.0,35,bid,,,11475312
2026-07-08T00:21:31.295110,2026-07-08T00:21:31.306760+00:00,138.8,200,ask,,,11475362
2026-07-08T00:21:32.552149,2026-07-08T00:21:32.563894+00:00,138.8,20,bid,,,11475377
2026-07-08T00:21:32.919947,2026-07-08T00:21:32.927807+00:00,138.8,180,bid,,,11475382
2026-07-08T00:21:33.716140,2026-07-08T00:21:33.722385+00:00,138.8,200,ask,,,11475405
2026-07-08T00:21:34.237013,2026-07-08T00:21:34.245754+00:00,138.8,500,ask,,,11475408
2026-07-08T00:21:34.254369,2026-07-08T00:21:34.252553+00:00,138.8,125,bid,,,11475409
2026-07-08T00:21:38.518782,2026-07-08T00:21:38.525612+00:00,138.9,20,ask,,,11475469
2026-07-08T00:21:39.880129,2026-07-08T00:21:39.884273+00:00,139.0,14,bid,,,11475481
2026-07-08T00:21:40.032446,2026-07-08T00:21:40.039262+00:00,138.9,20,ask,,,11475484
2026-07-08T00:21:40.785418,2026-07-08T00:21:40.793682+00:00,138.9,500,ask,,,11475496
2026-07-08T00:21:42.097613,2026-07-08T00:21:42.106409+00:00,139.0,200,bid,,,11475513
2026-07-08T00:21:42.213773,2026-07-08T00:21:42.220287+00:00,139.0,200,ask,,,11475516
2026-07-08T00:21:43.425939,2026-07-08T00:21:43.434354+00:00,138.9,200,ask,,,11475536
2026-07-08T00:21:43.934817,2026-07-08T00:21:43.944414+00:00,139.0,500,bid,,,11475539
2026-07-08T00:21:44.530615,2026-07-08T00:21:44.539309+00:00,139.0,125,bid,,,11475545
2026-07-08T00:21:44.650691,2026-07-08T00:21:44.658876+00:00,139.0,200,ask,,,11475549
2026-07-08T00:21:45.223320,2026-07-08T00:21:45.234100+00:00,139.3,20,bid,,,11475557
2026-07-08T00:21:45.868950,2026-07-08T00:21:45.880341+00:00,139.0,200,ask,,,11475564
2026-07-08T00:21:46.184867,2026-07-08T00:21:46.208880+00:00,139.0,20,ask,,,11475568
2026-07-08T00:21:46.205336,2026-07-08T00:21:46.208880+00:00,139.1,3,bid,,,11475571
2026-07-08T00:21:46.374474,2026-07-08T00:21:46.383586+00:00,139.1,500,bid,,,11475575
2026-07-08T00:21:46.966720,2026-07-08T00:21:46.975034+00:00,139.1,122,bid,,,11475581
2026-07-08T00:21:47.356461,2026-07-08T00:21:47.358543+00:00,139.2,200,bid,,,11475592
2026-07-08T00:21:49.384443,2026-07-08T00:21:49.396151+00:00,139.3,200,bid,,,11475622
2026-07-08T00:21:49.384443,2026-07-08T00:21:49.396151+00:00,139.3,300,bid,,,11475623
2026-07-08T00:21:50.720924,2026-07-08T00:21:50.725389+00:00,139.5,3,ask,,,11475642
2026-07-08T00:21:52.528136,2026-07-08T00:21:52.532459+00:00,139.5,3,bid,,,11475661
2026-07-08T00:21:55.021342,2026-07-08T00:21:55.025622+00:00,139.5,11,bid,,,11475700
2026-07-08T00:21:55.540540,2026-07-08T00:21:55.547329+00:00,139.4,200,ask,,,11475706
2026-07-08T00:21:58.849934,2026-07-08T00:21:58.854029+00:00,139.5,12,bid,,,11475748
2026-07-08T00:21:59.166071,2026-07-08T00:21:59.176427+00:00,139.4,200,ask,,,11475755
2026-07-08T00:22:00.374293,2026-07-08T00:22:00.383859+00:00,139.5,200,ask,,,11475762
2026-07-08T00:22:01.581620,2026-07-08T00:22:01.589304+00:00,139.4,200,ask,,,11475782
2026-07-08T00:22:02.804156,2026-07-08T00:22:02.808099+00:00,139.4,11,bid,,,11475797
2026-07-08T00:22:03.131883,2026-07-08T00:22:03.139087+00:00,139.4,189,bid,,,11475805
2026-07-08T00:22:09.878214,2026-07-08T00:22:09.889575+00:00,139.4,20,bid,,,11475889
2026-07-08T00:22:11.565068,2026-07-08T00:22:11.569085+00:00,139.1,11,ask,,,11475914
2026-07-08T00:22:12.394652,2026-07-08T00:22:12.421016+00:00,139.2,200,bid,,,11475919
2026-07-08T00:22:12.417043,2026-07-08T00:22:12.421016+00:00,139.2,12,ask,,,11475922
2026-07-08T00:22:14.665609,2026-07-08T00:22:14.669121+00:00,139.3,12,bid,,,11475960
2026-07-08T00:22:14.899853,2026-07-08T00:22:14.910225+00:00,139.3,200,bid,,,11475965
2026-07-08T00:22:19.740197,2026-07-08T00:22:19.748634+00:00,139.5,200,ask,,,11476026
2026-07-08T00:22:22.160332,2026-07-08T00:22:22.168775+00:00,139.5,200,ask,,,11476058
2026-07-08T00:22:22.793380,2026-07-08T00:22:22.804657+00:00,139.4,500,ask,,,11476069
2026-07-08T00:22:22.810385,2026-07-08T00:22:22.814212+00:00,139.4,23,bid,,,11476071
2026-07-08T00:22:23.367275,2026-07-08T00:22:23.375436+00:00,139.4,102,bid,,,11476076
2026-07-08T00:22:26.717950,2026-07-08T00:22:26.729757+00:00,139.6,200,bid,,,11476115
2026-07-08T00:22:26.999512,2026-07-08T00:22:27.008624+00:00,139.7,200,ask,,,11476119
2026-07-08T00:22:27.379497,2026-07-08T00:22:27.383573+00:00,139.7,49,ask,,,11476124
2026-07-08T00:22:28.206622,2026-07-08T00:22:28.213420+00:00,139.7,200,bid,,,11476136
2026-07-08T00:22:28.708048,2026-07-08T00:22:28.717546+00:00,139.5,20,ask,,,11476142
2026-07-08T00:22:29.415990,2026-07-08T00:22:29.424586+00:00,139.7,200,bid,,,11476162
2026-07-08T00:22:30.801228,2026-07-08T00:22:30.810592+00:00,139.7,20,ask,,,11476188
2026-07-08T00:22:33.007388,2026-07-08T00:22:33.011555+00:00,139.9,3,bid,,,11476216
2026-07-08T00:22:33.269158,2026-07-08T00:22:33.277323+00:00,140.0,200,bid,,,11476220
2026-07-08T00:22:35.477895,2026-07-08T00:22:35.484924+00:00,140.0,200,ask,,,11476258
2026-07-08T00:22:35.890791,2026-07-08T00:22:35.901268+00:00,140.2,20,bid,,,11476261
2026-07-08T00:22:40.004659,2026-07-08T00:22:40.009243+00:00,140.1,34,bid,,,11476306
2026-07-08T00:22:40.147253,2026-07-08T00:22:40.163846+00:00,139.9,20,ask,,,11476308
2026-07-08T00:22:40.359797,2026-07-08T00:22:40.364561+00:00,140.0,12,bid,,,11476313
2026-07-08T00:22:42.472536,2026-07-08T00:22:42.483671+00:00,140.0,200,bid,,,11476340
2026-07-08T00:22:42.759537,2026-07-08T00:22:42.769680+00:00,140.0,200,ask,,,11476344
2026-07-08T00:22:43.885693,2026-07-08T00:22:43.895312+00:00,139.8,20,ask,,,11476361
2026-07-08T00:22:45.200711,2026-07-08T00:22:45.212299+00:00,140.0,20,bid,,,11476375
2026-07-08T00:22:45.608124,2026-07-08T00:22:45.619812+00:00,140.0,20,bid,,,11476388
2026-07-08T00:22:46.465996,2026-07-08T00:22:46.474191+00:00,139.9,200,bid,,,11476398
2026-07-08T00:22:46.486109,2026-07-08T00:22:46.490531+00:00,139.9,12,ask,,,11476400
2026-07-08T00:22:48.828307,2026-07-08T00:22:48.836361+00:00,140.1,200,bid,,,11476433
2026-07-08T00:22:49.564191,2026-07-08T00:22:49.568010+00:00,139.9,23,ask,,,11476447
2026-07-08T00:22:50.057933,2026-07-08T00:22:50.062536+00:00,140.0,11,ask,,,11476453
2026-07-08T00:22:50.756412,2026-07-08T00:22:50.768251+00:00,140.2,20,bid,,,11476458
2026-07-08T00:22:51.276031,2026-07-08T00:22:51.280414+00:00,140.1,3,ask,,,11476462
2026-07-08T00:22:51.705046,2026-07-08T00:22:51.713984+00:00,140.1,197,ask,,,11476466
2026-07-08T00:22:58.532977,2026-07-08T00:22:58.540235+00:00,140.0,200,ask,,,11476556
2026-07-08T00:23:03.691929,2026-07-08T00:23:03.703684+00:00,140.0,20,ask,,,11476614
2026-07-08T00:23:08.217162,2026-07-08T00:23:08.223854+00:00,140.2,200,bid,,,11476683
2026-07-08T00:23:10.562601,2026-07-08T00:23:10.574026+00:00,140.0,200,ask,,,11476703
2026-07-08T00:23:10.562601,2026-07-08T00:23:10.574026+00:00,140.0,300,ask,,,11476704
