timestamp,recv_time,price,volume,aggressor_side,buyer,seller,trade_id
2026-07-01T01:00:00.005915,2026-07-01T01:00:00.005658+00:00,81.9,200,ask,YieldingYams,WavyWalnuts,1385835
2026-07-01T01:00:01.914786,2026-07-01T01:00:01.924569+00:00,81.9,200,bid,YieldingYams,WavyWalnuts,1385879
2026-07-01T01:00:02.177838,2026-07-01T01:00:02.180796+00:00,82.1,2,bid,BrilliantBurritos,Kelvin Chan,1385885
2026-07-01T01:00:02.177838,2026-07-01T01:00:02.191057+00:00,82.1,18,bid,BrilliantBurritos,YieldingYams,1385886
2026-07-01T01:00:03.468354,2026-07-01T01:00:03.476005+00:00,81.8,20,ask,WavyWalnuts,BrilliantBurritos,1385912
2026-07-01T01:00:03.644824,2026-07-01T01:00:03.650357+00:00,81.9,200,bid,WavyWalnuts,YieldingYams,1385914
2026-07-01T01:00:03.672229,2026-07-01T01:00:03.681438+00:00,81.9,3,bid,Xuanyu Liu,YieldingYams,1385915
2026-07-01T01:00:05.855428,2026-07-01T01:00:05.859602+00:00,82.0,200,bid,YieldingYams,WavyWalnuts,1385975
2026-07-01T01:00:06.067287,2026-07-01T01:00:06.076002+00:00,82.0,200,ask,YieldingYams,WavyWalnuts,1385981
2026-07-01T01:00:07.275167,2026-07-01T01:00:07.282934+00:00,81.9,200,bid,WavyWalnuts,YieldingYams,1386007
2026-07-01T01:00:10.175800,2026-07-01T01:00:10.179919+00:00,82.1,2,bid,BrilliantBurritos,Kelvin Chan,1386078
2026-07-01T01:00:10.175800,2026-07-01T01:00:10.179919+00:00,82.1,18,bid,BrilliantBurritos,WavyWalnuts,1386079
2026-07-01T01:00:10.906062,2026-07-01T01:00:10.908755+00:00,82.0,200,ask,YieldingYams,WavyWalnuts,1386095
2026-07-01T01:00:11.115484,2026-07-01T01:00:11.125542+00:00,82.1,3,ask,YieldingYams,Xuanyu Liu,1386105
2026-07-01T01:00:12.114340,2026-07-01T01:00:12.126138+00:00,82.1,200,ask,YieldingYams,WavyWalnuts,1386129
2026-07-01T01:00:15.057794,2026-07-01T01:00:15.078173+00:00,81.9,200,ask,WavyWalnuts,YieldingYams,1386192
2026-07-01T01:00:15.068279,2026-07-01T01:00:15.078173+00:00,81.9,3,bid,Xuanyu Liu,YieldingYams,1386193
2026-07-01T01:00:15.562943,2026-07-01T01:00:15.573111+00:00,81.8,3,ask,Kelvin Chan,Xuanyu Liu,1386205
2026-07-01T01:00:16.365082,2026-07-01T01:00:16.385014+00:00,81.9,200,bid,YieldingYams,WavyWalnuts,1386224
2026-07-01T01:00:16.375417,2026-07-01T01:00:16.385014+00:00,81.9,11,ask,YieldingYams,Xuanyu Liu,1386225
2026-07-01T01:00:16.957771,2026-07-01T01:00:16.967116+00:00,82.0,12,ask,WavyWalnuts,Xuanyu Liu,1386243
2026-07-01T01:00:17.677548,2026-07-01T01:00:17.685249+00:00,82.0,188,ask,WavyWalnuts,YieldingYams,1386262
2026-07-01T01:00:17.791610,2026-07-01T01:00:17.799307+00:00,81.9,5,bid,Xuanyu Liu,YieldingYams,1386263
2026-07-01T01:00:18.156532,2026-07-01T01:00:18.159750+00:00,81.9,200,bid,WavyWalnuts,YieldingYams,1386273
2026-07-01T01:00:21.793541,2026-07-01T01:00:21.799894+00:00,81.9,200,ask,YieldingYams,WavyWalnuts,1386350
2026-07-01T01:00:23.002908,2026-07-01T01:00:23.006261+00:00,81.9,200,ask,YieldingYams,WavyWalnuts,1386391
2026-07-01T01:00:24.244665,2026-07-01T01:00:24.248722+00:00,81.8,5,ask,Kelvin Chan,YieldingYams,1386416
2026-07-01T01:00:24.244665,2026-07-01T01:00:24.248722+00:00,81.8,500,ask,AverageAlmonds,YieldingYams,1386417
2026-07-01T01:00:24.244665,2026-07-01T01:00:24.259012+00:00,81.8,120,ask,WavyWalnuts,YieldingYams,1386418
2026-07-01T01:00:25.556656,2026-07-01T01:00:25.577591+00:00,81.9,200,bid,YieldingYams,WavyWalnuts,1386454
2026-07-01T01:00:25.567844,2026-07-01T01:00:25.577591+00:00,82.0,5,ask,YieldingYams,Xuanyu Liu,1386457
2026-07-01T01:00:25.878658,2026-07-01T01:00:25.890463+00:00,82.0,23,ask,YieldingYams,Xuanyu Liu,1386468
2026-07-01T01:00:26.678289,2026-07-01T01:00:26.693837+00:00,82.0,200,ask,YieldingYams,WavyWalnuts,1386479
2026-07-01T01:00:27.885900,2026-07-01T01:00:27.896356+00:00,81.9,200,bid,WavyWalnuts,YieldingYams,1386500
2026-07-01T01:00:29.096242,2026-07-01T01:00:29.107411+00:00,81.9,200,bid,WavyWalnuts,YieldingYams,1386538
2026-07-01T01:00:30.276360,2026-07-01T01:00:30.280004+00:00,81.8,4,ask,Kelvin Chan,BrilliantBurritos,1386564
2026-07-01T01:00:30.276360,2026-07-01T01:00:30.280004+00:00,81.8,16,ask,YieldingYams,BrilliantBurritos,1386565
2026-07-01T01:00:33.421270,2026-07-01T01:00:33.443374+00:00,82.0,200,ask,WavyWalnuts,YieldingYams,1386621
2026-07-01T01:00:33.433996,2026-07-01T01:00:33.443374+00:00,82.0,12,bid,Xuanyu Liu,YieldingYams,1386622
2026-07-01T01:00:34.973691,2026-07-01T01:00:34.985690+00:00,82.0,200,bid,AverageAlmonds,WavyWalnuts,1386645
2026-07-01T01:00:34.973691,2026-07-01T01:00:34.985690+00:00,82.0,300,bid,AverageAlmonds,YieldingYams,1386646
2026-07-01T01:00:35.572242,2026-07-01T01:00:35.581852+00:00,82.0,325,bid,AverageAlmonds,YieldingYams,1386653
2026-07-01T01:00:36.036725,2026-07-01T01:00:36.069284+00:00,82.1,1,bid,YieldingYams,Kelvin Chan,1386661
2026-07-01T01:00:36.036725,2026-07-01T01:00:36.069284+00:00,82.1,200,bid,YieldingYams,WavyWalnuts,1386662
2026-07-01T01:00:36.346818,2026-07-01T01:00:36.358607+00:00,82.2,200,ask,YieldingYams,WavyWalnuts,1386669
2026-07-01T01:00:41.186117,2026-07-01T01:00:41.195355+00:00,82.2,200,ask,YieldingYams,WavyWalnuts,1386764
2026-07-01T01:00:42.588200,2026-07-01T01:00:42.599486+00:00,82.1,200,ask,WavyWalnuts,YieldingYams,1386788
2026-07-01T01:00:43.551882,2026-07-01T01:00:43.557124+00:00,82.1,20,bid,BrilliantBurritos,YieldingYams,1386809
2026-07-01T01:00:44.816677,2026-07-01T01:00:44.823786+00:00,82.0,12,ask,Kelvin Chan,WavyWalnuts,1386845
2026-07-01T01:00:44.816677,2026-07-01T01:00:44.823786+00:00,82.0,188,ask,YieldingYams,WavyWalnuts,1386846
2026-07-01T01:00:47.683673,2026-07-01T01:00:47.692680+00:00,82.1,200,bid,AverageAlmonds,WavyWalnuts,1386911
2026-07-01T01:00:47.683673,2026-07-01T01:00:47.692680+00:00,82.2,1,bid,AverageAlmonds,Kelvin Chan,1386912
2026-07-01T01:00:47.683673,2026-07-01T01:00:47.692680+00:00,82.2,299,bid,AverageAlmonds,YieldingYams,1386913
2026-07-01T01:00:48.314975,2026-07-01T01:00:48.319051+00:00,82.3,10,bid,BrilliantBurritos,Kelvin Chan,1386925
2026-07-01T01:00:48.449637,2026-07-01T01:00:48.453090+00:00,82.2,200,ask,YieldingYams,WavyWalnuts,1386928
2026-07-01T01:00:50.726586,2026-07-01T01:00:50.736239+00:00,82.3,4,bid,AverageAlmonds,Kelvin Chan,1386985
2026-07-01T01:00:50.726586,2026-07-01T01:00:50.736239+00:00,82.3,200,bid,AverageAlmonds,WavyWalnuts,1386986
2026-07-01T01:00:50.726586,2026-07-01T01:00:50.736239+00:00,82.3,296,bid,AverageAlmonds,YieldingYams,1386987
2026-07-01T01:00:51.372036,2026-07-01T01:00:51.377142+00:00,82.3,20,bid,BrilliantBurritos,YieldingYams,1387004
2026-07-01T01:00:53.283171,2026-07-01T01:00:53.294612+00:00,82.4,200,bid,WavyWalnuts,YieldingYams,1387038
2026-07-01T01:00:54.494364,2026-07-01T01:00:54.505757+00:00,82.4,200,ask,YieldingYams,WavyWalnuts,1387051
2026-07-01T01:00:55.705017,2026-07-01T01:00:55.706770+00:00,82.4,200,ask,YieldingYams,WavyWalnuts,1387071
2026-07-01T01:00:55.738935,2026-07-01T01:00:55.748530+00:00,82.3,11,bid,Xuanyu Liu,YieldingYams,1387075
2026-07-01T01:00:57.033816,2026-07-01T01:00:57.055425+00:00,82.2,200,ask,WavyWalnuts,YieldingYams,1387097
2026-07-01T01:00:57.045123,2026-07-01T01:00:57.055425+00:00,82.2,12,bid,Xuanyu Liu,YieldingYams,1387100
2026-07-01T01:01:00.554138,2026-07-01T01:01:00.558383+00:00,82.2,200,bid,WavyWalnuts,YieldingYams,1387175
2026-07-01T01:01:01.770910,2026-07-01T01:01:01.775119+00:00,82.3,200,ask,YieldingYams,WavyWalnuts,1387198
2026-07-01T01:01:03.888422,2026-07-01T01:01:03.898053+00:00,82.4,1,bid,Xuanyu Liu,Kelvin Chan,1387247
2026-07-01T01:01:04.191498,2026-07-01T01:01:04.198828+00:00,82.5,200,bid,WavyWalnuts,YieldingYams,1387260
2026-07-01T01:01:06.198869,2026-07-01T01:01:06.200865+00:00,82.4,200,ask,WavyWalnuts,YieldingYams,1387304
2026-07-01T01:01:06.212887,2026-07-01T01:01:06.221887+00:00,82.4,4,bid,Xuanyu Liu,YieldingYams,1387307
2026-07-01T01:01:07.832181,2026-07-01T01:01:07.835277+00:00,82.3,200,ask,AverageAlmonds,WavyWalnuts,1387344
2026-07-01T01:01:08.299359,2026-07-01T01:01:08.307201+00:00,82.4,500,bid,AverageAlmonds,YieldingYams,1387351
2026-07-01T01:01:08.819189,2026-07-01T01:01:08.821875+00:00,82.5,2,bid,YieldingYams,Kelvin Chan,1387368
2026-07-01T01:01:09.042454,2026-07-01T01:01:09.048389+00:00,82.5,200,ask,YieldingYams,WavyWalnuts,1387380
2026-07-01T01:01:10.245237,2026-07-01T01:01:10.267471+00:00,82.5,12,bid,Xuanyu Liu,YieldingYams,1387400
2026-07-01T01:01:10.256813,2026-07-01T01:01:10.267471+00:00,82.4,200,ask,AverageAlmonds,WavyWalnuts,1387401
2026-07-01T01:01:10.436478,2026-07-01T01:01:10.443022+00:00,82.5,25,bid,Alice Feng,YieldingYams,1387405
2026-07-01T01:01:10.646051,2026-07-01T01:01:10.648471+00:00,82.5,25,bid,Alice Feng,YieldingYams,1387411
2026-07-01T01:01:10.650529,2026-07-01T01:01:10.658892+00:00,82.4,2,ask,YieldingYams,Alice Feng,1387412
2026-07-01T01:01:10.866771,2026-07-01T01:01:10.875325+00:00,82.4,2,ask,AverageAlmonds,Alice Feng,1387420
2026-07-01T01:01:11.071521,2026-07-01T01:01:11.081723+00:00,82.4,2,ask,YieldingYams,Alice Feng,1387428
2026-07-01T01:01:11.278120,2026-07-01T01:01:11.286866+00:00,82.4,2,ask,YieldingYams,Alice Feng,1387429
2026-07-01T01:01:11.462317,2026-07-01T01:01:11.473233+00:00,82.4,200,bid,WavyWalnuts,YieldingYams,1387432
2026-07-01T01:01:11.484347,2026-07-01T01:01:11.493941+00:00,82.3,2,ask,AverageAlmonds,Alice Feng,1387433
2026-07-01T01:01:11.690237,2026-07-01T01:01:11.699580+00:00,82.3,2,ask,AverageAlmonds,Alice Feng,1387439
2026-07-01T01:01:13.403578,2026-07-01T01:01:13.411952+00:00,82.2,3,ask,WavyWalnuts,Xuanyu Liu,1387480
2026-07-01T01:01:14.067064,2026-07-01T01:01:14.069799+00:00,82.3,200,bid,YieldingYams,WavyWalnuts,1387493
2026-07-01T01:01:14.100409,2026-07-01T01:01:14.111296+00:00,82.4,25,ask,YieldingYams,Alice Feng,1387494
2026-07-01T01:01:14.308726,2026-07-01T01:01:14.317856+00:00,82.4,13,ask,YieldingYams,Alice Feng,1387501
2026-07-01T01:01:15.092784,2026-07-01T01:01:15.101697+00:00,82.4,200,ask,YieldingYams,WavyWalnuts,1387523
2026-07-01T01:01:17.513983,2026-07-01T01:01:17.524411+00:00,82.3,200,ask,YieldingYams,WavyWalnuts,1387574
2026-07-01T01:01:18.722303,2026-07-01T01:01:18.727049+00:00,82.3,200,bid,WavyWalnuts,YieldingYams,1387597
2026-07-01T01:01:19.561109,2026-07-01T01:01:19.571796+00:00,82.2,20,ask,AverageAlmonds,BrilliantBurritos,1387612
2026-07-01T01:01:19.804974,2026-07-01T01:01:19.808357+00:00,82.3,500,bid,AverageAlmonds,YieldingYams,1387621
2026-07-01T01:01:19.933517,2026-07-01T01:01:19.942126+00:00,82.3,125,bid,WavyWalnuts,YieldingYams,1387630
2026-07-01T01:01:20.630883,2026-07-01T01:01:20.648383+00:00,82.5,2,bid,YieldingYams,Kelvin Chan,1387640
2026-07-01T01:01:20.630883,2026-07-01T01:01:20.648383+00:00,82.5,200,bid,YieldingYams,WavyWalnuts,1387641
2026-07-01T01:01:20.639881,2026-07-01T01:01:20.648383+00:00,82.5,3,ask,YieldingYams,Xuanyu Liu,1387642
2026-07-01T01:01:21.148672,2026-07-01T01:01:21.152326+00:00,82.5,200,ask,YieldingYams,WavyWalnuts,1387651
2026-07-01T01:01:22.358410,2026-07-01T01:01:22.368319+00:00,82.6,6,bid,WavyWalnuts,Kelvin Chan,1387691
2026-07-01T01:01:22.358410,2026-07-01T01:01:22.368319+00:00,82.6,194,bid,WavyWalnuts,YieldingYams,1387692
2026-07-01T01:01:25.991658,2026-07-01T01:01:25.994714+00:00,82.7,3,bid,WavyWalnuts,Kelvin Chan,1387775
2026-07-01T01:01:25.991658,2026-07-01T01:01:25.994714+00:00,82.7,197,bid,WavyWalnuts,AverageAlmonds,1387776
2026-07-01T01:01:27.202719,2026-07-01T01:01:27.207996+00:00,82.7,200,bid,WavyWalnuts,AverageAlmonds,1387799
2026-07-01T01:01:29.555835,2026-07-01T01:01:29.561775+00:00,82.7,1,bid,BrilliantBurritos,Kelvin Chan,1387847
2026-07-01T01:01:29.555835,2026-07-01T01:01:29.561775+00:00,82.7,19,bid,BrilliantBurritos,AverageAlmonds,1387848
2026-07-01T01:01:29.624100,2026-07-01T01:01:29.634474+00:00,82.7,200,bid,WavyWalnuts,AverageAlmonds,1387850
2026-07-01T01:01:30.833770,2026-07-01T01:01:30.836687+00:00,82.7,1,bid,WavyWalnuts,Kelvin Chan,1387871
2026-07-01T01:01:30.833770,2026-07-01T01:01:30.836687+00:00,82.7,199,bid,WavyWalnuts,AverageAlmonds,1387872
2026-07-01T01:01:31.919843,2026-07-01T01:01:31.930088+00:00,82.6,500,ask,YieldingYams,AverageAlmonds,1387905
2026-07-01T01:01:32.466888,2026-07-01T01:01:32.484047+00:00,82.6,200,ask,WavyWalnuts,YieldingYams,1387914
2026-07-01T01:01:32.473572,2026-07-01T01:01:32.484047+00:00,82.5,3,bid,Xuanyu Liu,YieldingYams,1387915
2026-07-01T01:01:33.255064,2026-07-01T01:01:33.264833+00:00,82.5,200,bid,WavyWalnuts,YieldingYams,1387940
2026-07-01T01:01:35.094097,2026-07-01T01:01:35.105889+00:00,82.5,200,ask,WavyWalnuts,YieldingYams,1387975
2026-07-01T01:01:37.714510,2026-07-01T01:01:37.716730+00:00,82.5,500,bid,YieldingYams,AverageAlmonds,1388024
2026-07-01T01:01:37.969721,2026-07-01T01:01:37.973181+00:00,82.5,125,ask,YieldingYams,AverageAlmonds,1388032
2026-07-01T01:01:38.580513,2026-07-01T01:01:38.589464+00:00,82.4,200,ask,WavyWalnuts,AverageAlmonds,1388041
2026-07-01T01:01:39.301484,2026-07-01T01:01:39.308728+00:00,82.4,200,bid,WavyWalnuts,YieldingYams,1388062
2026-07-01T01:01:40.340667,2026-07-01T01:01:40.350606+00:00,82.5,500,bid,YieldingYams,AverageAlmonds,1388086
2026-07-01T01:01:40.389750,2026-07-01T01:01:40.391971+00:00,82.5,125,ask,YieldingYams,AverageAlmonds,1388087
2026-07-01T01:01:41.648836,2026-07-01T01:01:41.655347+00:00,82.3,9,ask,Kelvin Chan,YieldingYams,1388116
2026-07-01T01:01:41.648836,2026-07-01T01:01:41.655347+00:00,82.3,200,ask,WavyWalnuts,YieldingYams,1388117
2026-07-01T01:01:41.689733,2026-07-01T01:01:41.696433+00:00,82.1,20,ask,YieldingYams,BrilliantBurritos,1388119
2026-07-01T01:01:43.942868,2026-07-01T01:01:43.947831+00:00,82.2,4,ask,Kelvin Chan,BrilliantBurritos,1388164
2026-07-01T01:01:43.942868,2026-07-01T01:01:43.947831+00:00,82.2,16,ask,WavyWalnuts,BrilliantBurritos,1388165
2026-07-01T01:01:45.357193,2026-07-01T01:01:45.363215+00:00,82.3,20,bid,BrilliantBurritos,YieldingYams,1388193
2026-07-01T01:01:47.780300,2026-07-01T01:01:47.786316+00:00,82.3,200,ask,YieldingYams,WavyWalnuts,1388255
2026-07-01T01:01:48.145942,2026-07-01T01:01:48.156352+00:00,82.4,14,bid,Xuanyu Liu,YieldingYams,1388264
2026-07-01T01:01:48.185319,2026-07-01T01:01:48.187198+00:00,82.4,25,bid,Alice Feng,YieldingYams,1388269
2026-07-01T01:01:48.992361,2026-07-01T01:01:48.998320+00:00,82.4,200,ask,YieldingYams,WavyWalnuts,1388282
2026-07-01T01:01:49.361097,2026-07-01T01:01:49.368016+00:00,82.6,2,bid,Harry North,YieldingYams,1388292
2026-07-01T01:01:50.601299,2026-07-01T01:01:50.610408+00:00,82.6,25,bid,Alice Feng,YieldingYams,1388314
2026-07-01T01:01:50.812212,2026-07-01T01:01:50.815627+00:00,82.6,25,bid,Alice Feng,YieldingYams,1388320
2026-07-01T01:01:51.023301,2026-07-01T01:01:51.033031+00:00,82.5,25,bid,Alice Feng,YieldingYams,1388331
2026-07-01T01:01:51.232919,2026-07-01T01:01:51.237305+00:00,82.5,25,bid,Alice Feng,YieldingYams,1388335
2026-07-01T01:01:52.368879,2026-07-01T01:01:52.375218+00:00,82.4,20,ask,WavyWalnuts,BrilliantBurritos,1388360
2026-07-01T01:01:53.450836,2026-07-01T01:01:53.454009+00:00,82.5,200,bid,YieldingYams,WavyWalnuts,1388379
2026-07-01T01:01:55.050852,2026-07-01T01:01:55.058023+00:00,82.5,200,ask,YieldingYams,WavyWalnuts,1388412
2026-07-01T01:01:55.539528,2026-07-01T01:01:55.549945+00:00,82.5,425,ask,YieldingYams,AverageAlmonds,1388416
2026-07-01T01:01:56.070954,2026-07-01T01:01:56.072909+00:00,82.3,200,ask,WavyWalnuts,YieldingYams,1388431
2026-07-01T01:01:56.229079,2026-07-01T01:01:56.237421+00:00,82.3,20,bid,BrilliantBurritos,YieldingYams,1388435
2026-07-01T01:01:56.251473,2026-07-01T01:01:56.258104+00:00,82.3,25,bid,Alice Feng,YieldingYams,1388437
2026-07-01T01:01:56.254757,2026-07-01T01:01:56.258104+00:00,82.3,200,bid,WavyWalnuts,YieldingYams,1388438
2026-07-01T01:01:56.462198,2026-07-01T01:01:56.464158+00:00,82.3,25,bid,Alice Feng,YieldingYams,1388447
2026-07-01T01:01:56.671818,2026-07-01T01:01:56.681032+00:00,82.3,25,bid,Alice Feng,YieldingYams,1388459
2026-07-01T01:01:57.463806,2026-07-01T01:01:57.472384+00:00,82.3,200,bid,WavyWalnuts,YieldingYams,1388471
2026-07-01T01:01:58.672279,2026-07-01T01:01:58.677267+00:00,82.3,200,bid,WavyWalnuts,YieldingYams,1388507
2026-07-01T01:01:58.699059,2026-07-01T01:01:58.709353+00:00,82.4,14,ask,YieldingYams,Xuanyu Liu,1388509
2026-07-01T01:01:59.158704,2026-07-01T01:01:59.160301+00:00,82.4,500,ask,YieldingYams,AverageAlmonds,1388519
2026-07-01T01:01:59.752012,2026-07-01T01:01:59.756779+00:00,82.4,111,ask,YieldingYams,AverageAlmonds,1388526
2026-07-01T01:01:59.880775,2026-07-01T01:01:59.890315+00:00,82.2,3,ask,Kelvin Chan,WavyWalnuts,1388534
2026-07-01T01:02:00.000628,2026-07-01T01:02:00.003544+00:00,82.2,197,bid,YieldingYams,WavyWalnuts,1388542
2026-07-01T01:02:01.091781,2026-07-01T01:02:01.094726+00:00,82.3,8,ask,Kelvin Chan,WavyWalnuts,1388566
2026-07-01T01:02:01.321690,2026-07-01T01:02:01.330814+00:00,82.2,200,ask,WavyWalnuts,YieldingYams,1388577
2026-07-01T01:02:02.298605,2026-07-01T01:02:02.304859+00:00,82.2,200,bid,WavyWalnuts,YieldingYams,1388596
2026-07-01T01:02:02.510602,2026-07-01T01:02:02.518731+00:00,82.2,3,bid,Xuanyu Liu,YieldingYams,1388604
2026-07-01T01:02:04.026603,2026-07-01T01:02:04.035511+00:00,82.1,3,ask,Kelvin Chan,Alice Feng,1388648
2026-07-01T01:02:04.090256,2026-07-01T01:02:04.097164+00:00,82.1,3,ask,Kelvin Chan,Xuanyu Liu,1388651
2026-07-01T01:02:04.090256,2026-07-01T01:02:04.097164+00:00,82.1,22,ask,YieldingYams,Alice Feng,1388652
2026-07-01T01:02:04.300170,2026-07-01T01:02:04.302797+00:00,82.1,25,ask,YieldingYams,Alice Feng,1388654
2026-07-01T01:02:04.395165,2026-07-01T01:02:04.405699+00:00,82.1,2,ask,YieldingYams,Harry North,1388660
2026-07-01T01:02:04.429413,2026-07-01T01:02:04.436712+00:00,82.1,2,ask,YieldingYams,Harry North,1388664
2026-07-01T01:02:04.510601,2026-07-01T01:02:04.518662+00:00,82.1,25,ask,YieldingYams,Alice Feng,1388665
2026-07-01T01:02:04.723580,2026-07-01T01:02:04.734254+00:00,82.1,25,ask,YieldingYams,Alice Feng,1388673
2026-07-01T01:02:04.739008,2026-07-01T01:02:04.744518+00:00,82.2,2,bid,Alice Feng,YieldingYams,1388677
2026-07-01T01:02:04.944884,2026-07-01T01:02:04.959868+00:00,82.2,2,bid,Alice Feng,YieldingYams,1388683
2026-07-01T01:02:05.150564,2026-07-01T01:02:05.155822+00:00,82.2,2,bid,Alice Feng,YieldingYams,1388688
2026-07-01T01:02:05.246668,2026-07-01T01:02:05.248829+00:00,82.1,200,ask,WavyWalnuts,YieldingYams,1388690
2026-07-01T01:02:05.355522,2026-07-01T01:02:05.361774+00:00,82.1,1,bid,Alice Feng,YieldingYams,1388693
2026-07-01T01:02:05.586246,2026-07-01T01:02:05.597506+00:00,81.9,20,ask,AverageAlmonds,BrilliantBurritos,1388701
2026-07-01T01:02:09.178377,2026-07-01T01:02:09.183162+00:00,82.2,200,ask,WavyWalnuts,YieldingYams,1388766
2026-07-01T01:02:10.373620,2026-07-01T01:02:10.379432+00:00,82.1,2,ask,Kelvin Chan,Alice Feng,1388787
2026-07-01T01:02:10.373620,2026-07-01T01:02:10.379432+00:00,82.1,23,ask,YieldingYams,Alice Feng,1388788
2026-07-01T01:02:10.440113,2026-07-01T01:02:10.452130+00:00,82.2,2,bid,Harry North,YieldingYams,1388791
2026-07-01T01:02:10.446421,2026-07-01T01:02:10.452130+00:00,82.2,2,bid,Harry North,YieldingYams,1388792
2026-07-01T01:02:10.486671,2026-07-01T01:02:10.493682+00:00,82.2,200,bid,YieldingYams,WavyWalnuts,1388793
2026-07-01T01:02:10.583867,2026-07-01T01:02:10.586517+00:00,82.2,25,ask,YieldingYams,Alice Feng,1388798
2026-07-01T01:02:10.795348,2026-07-01T01:02:10.802982+00:00,82.2,25,ask,YieldingYams,Alice Feng,1388807
2026-07-01T01:02:11.004149,2026-07-01T01:02:11.007940+00:00,82.2,25,ask,YieldingYams,Alice Feng,1388810
2026-07-01T01:02:11.215841,2026-07-01T01:02:11.223099+00:00,82.2,7,ask,YieldingYams,Alice Feng,1388815
2026-07-01T01:02:11.967144,2026-07-01T01:02:11.971189+00:00,82.2,200,ask,YieldingYams,WavyWalnuts,1388832
2026-07-01T01:02:13.173811,2026-07-01T01:02:13.183561+00:00,82.2,200,bid,WavyWalnuts,YieldingYams,1388858
2026-07-01T01:02:15.577085,2026-07-01T01:02:15.588578+00:00,82.3,20,bid,BrilliantBurritos,WavyWalnuts,1388910
2026-07-01T01:02:16.800775,2026-07-01T01:02:16.809585+00:00,82.2,200,ask,YieldingYams,WavyWalnuts,1388930
2026-07-01T01:02:21.004942,2026-07-01T01:02:21.009813+00:00,82.3,200,bid,YieldingYams,WavyWalnuts,1389023
2026-07-01T01:02:22.189477,2026-07-01T01:02:22.194048+00:00,82.3,425,ask,YieldingYams,AverageAlmonds,1389061
2026-07-01T01:02:22.322658,2026-07-01T01:02:22.328611+00:00,82.2,200,ask,WavyWalnuts,YieldingYams,1389065
2026-07-01T01:02:23.633559,2026-07-01T01:02:23.642774+00:00,82.2,200,bid,YieldingYams,WavyWalnuts,1389098
2026-07-01T01:02:23.633559,2026-07-01T01:02:23.642774+00:00,82.3,425,bid,YieldingYams,AverageAlmonds,1389099
2026-07-01T01:02:25.636080,2026-07-01T01:02:25.639247+00:00,82.2,20,bid,BrilliantBurritos,YieldingYams,1389151
2026-07-01T01:02:26.145690,2026-07-01T01:02:26.153903+00:00,82.2,3,bid,Xuanyu Liu,YieldingYams,1389169
2026-07-01T01:02:26.272999,2026-07-01T01:02:26.277931+00:00,82.2,25,bid,Alice Feng,YieldingYams,1389178
2026-07-01T01:02:26.481776,2026-07-01T01:02:26.483351+00:00,82.2,25,bid,Alice Feng,YieldingYams,1389182
2026-07-01T01:02:26.689790,2026-07-01T01:02:26.698764+00:00,82.2,25,bid,Alice Feng,YieldingYams,1389188
2026-07-01T01:02:26.906813,2026-07-01T01:02:26.914007+00:00,82.2,25,bid,Alice Feng,YieldingYams,1389192
2026-07-01T01:02:26.910877,2026-07-01T01:02:26.914007+00:00,82.1,1,ask,Kelvin Chan,Alice Feng,1389193
2026-07-01T01:02:26.910877,2026-07-01T01:02:26.914007+00:00,82.0,1,ask,YieldingYams,Alice Feng,1389194
2026-07-01T01:02:27.116697,2026-07-01T01:02:27.119907+00:00,82.0,2,ask,YieldingYams,Alice Feng,1389201
2026-07-01T01:02:27.323260,2026-07-01T01:02:27.334761+00:00,82.0,2,ask,YieldingYams,Alice Feng,1389202
2026-07-01T01:02:28.900362,2026-07-01T01:02:28.905717+00:00,82.3,200,bid,WavyWalnuts,AverageAlmonds,1389243
2026-07-01T01:02:32.543094,2026-07-01T01:02:32.544950+00:00,82.3,25,bid,Alice Feng,WavyWalnuts,1389340
2026-07-01T01:02:32.752626,2026-07-01T01:02:32.760201+00:00,82.3,25,bid,Alice Feng,WavyWalnuts,1389344
2026-07-01T01:02:34.480080,2026-07-01T01:02:34.484378+00:00,82.2,2,ask,WavyWalnuts,Harry North,1389378
2026-07-01T01:02:34.486848,2026-07-01T01:02:34.494707+00:00,82.2,2,ask,WavyWalnuts,Harry North,1389379
2026-07-01T01:02:38.596792,2026-07-01T01:02:38.598814+00:00,82.3,200,bid,WavyWalnuts,YieldingYams,1389463
2026-07-01T01:02:38.845508,2026-07-01T01:02:38.856531+00:00,82.1,1,ask,Kelvin Chan,Xuanyu Liu,1389467
2026-07-01T01:02:38.845508,2026-07-01T01:02:38.856531+00:00,82.1,2,ask,YieldingYams,Xuanyu Liu,1389468
2026-07-01T01:02:38.968846,2026-07-01T01:02:38.979016+00:00,82.1,25,ask,YieldingYams,Alice Feng,1389470
2026-07-01T01:02:39.179612,2026-07-01T01:02:39.183217+00:00,82.1,25,ask,YieldingYams,Alice Feng,1389472
2026-07-01T01:02:39.188371,2026-07-01T01:02:39.193426+00:00,82.3,2,bid,Alice Feng,YieldingYams,1389474
2026-07-01T01:02:39.393460,2026-07-01T01:02:39.397587+00:00,82.3,1,bid,Alice Feng,YieldingYams,1389477
2026-07-01T01:02:40.499812,2026-07-01T01:02:40.503361+00:00,82.3,2,bid,Harry North,YieldingYams,1389494
2026-07-01T01:02:40.506157,2026-07-01T01:02:40.513644+00:00,82.3,2,bid,Harry North,YieldingYams,1389495
2026-07-01T01:02:42.226800,2026-07-01T01:02:42.230106+00:00,82.2,200,bid,WavyWalnuts,YieldingYams,1389529
2026-07-01T01:02:43.405300,2026-07-01T01:02:43.407671+00:00,82.2,25,ask,YieldingYams,Alice Feng,1389564
2026-07-01T01:02:43.516865,2026-07-01T01:02:43.521272+00:00,82.2,2,ask,YieldingYams,Harry North,1389575
2026-07-01T01:02:43.527581,2026-07-01T01:02:43.531577+00:00,82.2,2,ask,YieldingYams,Harry North,1389576
2026-07-01T01:02:43.618356,2026-07-01T01:02:43.623714+00:00,82.2,25,ask,YieldingYams,Alice Feng,1389577
2026-07-01T01:02:43.828917,2026-07-01T01:02:43.839179+00:00,82.2,25,ask,YieldingYams,Alice Feng,1389585
2026-07-01T01:02:43.840770,2026-07-01T01:02:43.849531+00:00,82.3,2,bid,Alice Feng,WavyWalnuts,1389588
2026-07-01T01:02:44.045893,2026-07-01T01:02:44.054616+00:00,82.3,2,bid,Alice Feng,WavyWalnuts,1389589
2026-07-01T01:02:44.251974,2026-07-01T01:02:44.258880+00:00,82.3,2,bid,Alice Feng,WavyWalnuts,1389593
2026-07-01T01:02:44.457876,2026-07-01T01:02:44.463202+00:00,82.3,2,bid,Alice Feng,WavyWalnuts,1389600
2026-07-01T01:02:44.626432,2026-07-01T01:02:44.637925+00:00,82.3,192,bid,YieldingYams,WavyWalnuts,1389602
2026-07-01T01:02:44.662906,2026-07-01T01:02:44.668789+00:00,82.4,2,bid,Alice Feng,WavyWalnuts,1389606
2026-07-01T01:02:44.868704,2026-07-01T01:02:44.873116+00:00,82.4,2,bid,Alice Feng,WavyWalnuts,1389613
2026-07-01T01:02:45.073849,2026-07-01T01:02:45.077956+00:00,82.4,2,bid,Alice Feng,WavyWalnuts,1389616
2026-07-01T01:02:45.279627,2026-07-01T01:02:45.282988+00:00,82.3,25,ask,YieldingYams,Alice Feng,1389623
2026-07-01T01:02:45.494258,2026-07-01T01:02:45.498087+00:00,82.3,11,ask,YieldingYams,Alice Feng,1389626
2026-07-01T01:02:45.948744,2026-07-01T01:02:45.951802+00:00,82.3,200,ask,WavyWalnuts,YieldingYams,1389639
2026-07-01T01:02:46.535151,2026-07-01T01:02:46.537302+00:00,82.1,1,ask,Kelvin Chan,BrilliantBurritos,1389647
2026-07-01T01:02:46.535151,2026-07-01T01:02:46.547667+00:00,82.1,19,ask,YieldingYams,BrilliantBurritos,1389648
2026-07-01T01:02:48.565312,2026-07-01T01:02:48.570594+00:00,82.4,500,bid,YieldingYams,AverageAlmonds,1389690
2026-07-01T01:02:48.565312,2026-07-01T01:02:48.570594+00:00,82.4,125,bid,YieldingYams,WavyWalnuts,1389691
2026-07-01T01:02:49.493569,2026-07-01T01:02:49.502791+00:00,82.4,200,bid,WavyWalnuts,AverageAlmonds,1389706
2026-07-01T01:02:50.705766,2026-07-01T01:02:50.714047+00:00,82.2,200,bid,WavyWalnuts,YieldingYams,1389739
2026-07-01T01:02:51.483111,2026-07-01T01:02:51.492641+00:00,82.1,3,ask,Kelvin Chan,Xuanyu Liu,1389751
2026-07-01T01:02:52.508657,2026-07-01T01:02:52.518481+00:00,82.2,11,ask,YieldingYams,Xuanyu Liu,1389771
2026-07-01T01:02:53.137379,2026-07-01T01:02:53.143419+00:00,82.2,200,ask,YieldingYams,WavyWalnuts,1389786
2026-07-01T01:02:56.426583,2026-07-01T01:02:56.429786+00:00,82.3,200,bid,YieldingYams,WavyWalnuts,1389868
2026-07-01T01:02:57.994408,2026-07-01T01:02:57.999138+00:00,82.3,200,ask,YieldingYams,WavyWalnuts,1389894
2026-07-01T01:02:59.055409,2026-07-01T01:02:59.064307+00:00,82.3,11,bid,Xuanyu Liu,YieldingYams,1389911
2026-07-01T01:03:00.422594,2026-07-01T01:03:00.433720+00:00,82.2,200,ask,YieldingYams,WavyWalnuts,1389943
2026-07-01T01:03:01.580105,2026-07-01T01:03:01.590754+00:00,82.3,2,bid,Harry North,AverageAlmonds,1389966
2026-07-01T01:03:01.586962,2026-07-01T01:03:01.590754+00:00,82.3,2,bid,Harry North,AverageAlmonds,1389967
2026-07-01T01:03:01.680303,2026-07-01T01:03:01.683197+00:00,82.1,3,ask,Kelvin Chan,YieldingYams,1389973
2026-07-01T01:03:01.680303,2026-07-01T01:03:01.683197+00:00,82.1,200,ask,WavyWalnuts,YieldingYams,1389974
2026-07-01T01:03:01.694613,2026-07-01T01:03:01.702445+00:00,82.0,3,bid,Xuanyu Liu,YieldingYams,1389975
2026-07-01T01:03:04.614539,2026-07-01T01:03:04.618442+00:00,82.0,2,ask,WavyWalnuts,Harry North,1390047
2026-07-01T01:03:04.623023,2026-07-01T01:03:04.628711+00:00,82.0,2,ask,WavyWalnuts,Harry North,1390048
2026-07-01T01:03:06.395450,2026-07-01T01:03:06.406713+00:00,82.0,500,bid,AverageAlmonds,YieldingYams,1390081
2026-07-01T01:03:06.917639,2026-07-01T01:03:06.928026+00:00,81.9,200,bid,YieldingYams,WavyWalnuts,1390089
2026-07-01T01:03:07.633444,2026-07-01T01:03:07.644368+00:00,82.3,2,bid,Harry North,Kelvin Chan,1390104
2026-07-01T01:03:07.639801,2026-07-01T01:03:07.644368+00:00,82.3,2,bid,Harry North,Kelvin Chan,1390105
2026-07-01T01:03:07.694925,2026-07-01T01:03:07.705811+00:00,82.2,200,ask,YieldingYams,WavyWalnuts,1390108
2026-07-01T01:03:08.905619,2026-07-01T01:03:08.911318+00:00,82.1,200,ask,AverageAlmonds,WavyWalnuts,1390126
2026-07-01T01:03:09.597171,2026-07-01T01:03:09.605939+00:00,82.3,4,bid,BrilliantBurritos,Kelvin Chan,1390137
2026-07-01T01:03:09.597171,2026-07-01T01:03:09.605939+00:00,82.3,16,bid,BrilliantBurritos,YieldingYams,1390138
2026-07-01T01:03:10.118310,2026-07-01T01:03:10.127375+00:00,82.1,200,ask,YieldingYams,WavyWalnuts,1390151
2026-07-01T01:03:10.670521,2026-07-01T01:03:10.679560+00:00,82.1,2,ask,YieldingYams,Harry North,1390181
2026-07-01T01:03:10.676588,2026-07-01T01:03:10.679560+00:00,82.1,2,ask,YieldingYams,Harry North,1390182
2026-07-01T01:03:11.323334,2026-07-01T01:03:11.333529+00:00,82.2,200,bid,WavyWalnuts,YieldingYams,1390196
2026-07-01T01:03:13.498151,2026-07-01T01:03:13.503795+00:00,82.2,200,bid,YieldingYams,WavyWalnuts,1390241
2026-07-01T01:03:13.692568,2026-07-01T01:03:13.698273+00:00,82.3,2,bid,Harry North,Kelvin Chan,1390243
2026-07-01T01:03:13.707134,2026-07-01T01:03:13.718838+00:00,82.3,2,bid,Harry North,Kelvin Chan,1390245
2026-07-01T01:03:14.945819,2026-07-01T01:03:14.948836+00:00,82.3,3,bid,WavyWalnuts,Kelvin Chan,1390274
2026-07-01T01:03:14.945819,2026-07-01T01:03:14.948836+00:00,82.3,197,bid,WavyWalnuts,YieldingYams,1390275
2026-07-01T01:03:16.127623,2026-07-01T01:03:16.138607+00:00,82.3,10,bid,YieldingYams,Kelvin Chan,1390300
2026-07-01T01:03:16.162727,2026-07-01T01:03:16.169842+00:00,82.3,200,ask,YieldingYams,WavyWalnuts,1390304
2026-07-01T01:03:16.737994,2026-07-01T01:03:16.744437+00:00,82.3,2,ask,YieldingYams,Harry North,1390315
2026-07-01T01:03:16.765210,2026-07-01T01:03:16.775099+00:00,82.3,2,ask,YieldingYams,Harry North,1390316
2026-07-01T01:03:17.308750,2026-07-01T01:03:17.310374+00:00,82.3,411,ask,YieldingYams,AverageAlmonds,1390332
2026-07-01T01:03:18.446653,2026-07-01T01:03:18.454579+00:00,82.1,20,ask,WavyWalnuts,BrilliantBurritos,1390349
2026-07-01T01:03:19.783467,2026-07-01T01:03:19.786633+00:00,82.2,2,bid,Harry North,WavyWalnuts,1390375
2026-07-01T01:03:19.799142,2026-07-01T01:03:19.807101+00:00,82.0,1,ask,Kelvin Chan,WavyWalnuts,1390376
2026-07-01T01:03:19.799142,2026-07-01T01:03:19.807101+00:00,82.0,199,ask,YieldingYams,WavyWalnuts,1390377
2026-07-01T01:03:19.808187,2026-07-01T01:03:19.817349+00:00,82.2,2,bid,Harry North,YieldingYams,1390378
2026-07-01T01:03:21.405311,2026-07-01T01:03:21.412599+00:00,82.1,200,bid,YieldingYams,WavyWalnuts,1390412
2026-07-01T01:03:22.725921,2026-07-01T01:03:22.734892+00:00,82.1,3,bid,Xuanyu Liu,YieldingYams,1390432
2026-07-01T01:03:22.795132,2026-07-01T01:03:22.806807+00:00,82.1,25,bid,Alice Feng,YieldingYams,1390439
2026-07-01T01:03:22.821253,2026-07-01T01:03:22.827218+00:00,82.0,2,ask,Kelvin Chan,Harry North,1390440
2026-07-01T01:03:22.827772,2026-07-01T01:03:22.837450+00:00,82.0,2,ask,Kelvin Chan,Harry North,1390441
2026-07-01T01:03:23.445499,2026-07-01T01:03:23.450983+00:00,82.1,200,bid,WavyWalnuts,YieldingYams,1390458
2026-07-01T01:03:25.862536,2026-07-01T01:03:25.873816+00:00,82.1,200,bid,WavyWalnuts,YieldingYams,1390504
2026-07-01T01:03:25.881444,2026-07-01T01:03:25.884057+00:00,82.1,2,bid,Harry North,YieldingYams,1390506
2026-07-01T01:03:25.888057,2026-07-01T01:03:25.894252+00:00,82.1,2,bid,Harry North,YieldingYams,1390507
2026-07-01T01:03:26.660116,2026-07-01T01:03:26.670760+00:00,82.1,500,bid,YieldingYams,AverageAlmonds,1390520
2026-07-01T01:03:27.003648,2026-07-01T01:03:27.008269+00:00,82.1,125,ask,YieldingYams,AverageAlmonds,1390521
2026-07-01T01:03:27.608761,2026-07-01T01:03:27.611633+00:00,82.0,200,ask,WavyWalnuts,AverageAlmonds,1390536
2026-07-01T01:03:27.814451,2026-07-01T01:03:27.816245+00:00,82.0,25,bid,Alice Feng,AverageAlmonds,1390539
2026-07-01T01:03:27.981137,2026-07-01T01:03:27.990033+00:00,81.7,34,bid,Xuanyu Liu,YieldingYams,1390542
2026-07-01T01:03:28.023971,2026-07-01T01:03:28.031182+00:00,81.7,25,bid,Alice Feng,YieldingYams,1390546
2026-07-01T01:03:28.233353,2026-07-01T01:03:28.235751+00:00,81.7,25,bid,Alice Feng,YieldingYams,1390548
2026-07-01T01:03:28.279813,2026-07-01T01:03:28.286973+00:00,81.7,200,bid,WavyWalnuts,YieldingYams,1390551
2026-07-01T01:03:28.454242,2026-07-01T01:03:28.460873+00:00,81.7,25,bid,Alice Feng,YieldingYams,1390559
2026-07-01T01:03:28.901080,2026-07-01T01:03:28.911010+00:00,81.6,2,ask,YieldingYams,Harry North,1390572
2026-07-01T01:03:28.907818,2026-07-01T01:03:28.911010+00:00,81.6,2,ask,YieldingYams,Harry North,1390573
2026-07-01T01:03:29.246773,2026-07-01T01:03:29.248457+00:00,81.7,20,bid,BrilliantBurritos,YieldingYams,1390581
2026-07-01T01:03:29.280287,2026-07-01T01:03:29.289146+00:00,81.7,11,ask,YieldingYams,Xuanyu Liu,1390582
2026-07-01T01:03:29.443738,2026-07-01T01:03:29.453992+00:00,81.7,23,ask,YieldingYams,Xuanyu Liu,1390584
2026-07-01T01:03:29.496283,2026-07-01T01:03:29.509565+00:00,81.8,3,ask,WavyWalnuts,Xuanyu Liu,1390587
2026-07-01T01:03:31.225234,2026-07-01T01:03:31.228116+00:00,81.8,500,ask,YieldingYams,AverageAlmonds,1390619
2026-07-01T01:03:31.678837,2026-07-01T01:03:31.687478+00:00,81.9,3,bid,Xuanyu Liu,Kelvin Chan,1390631
2026-07-01T01:03:31.820699,2026-07-01T01:03:31.850752+00:00,81.8,125,ask,YieldingYams,AverageAlmonds,1390640
2026-07-01T01:03:31.834277,2026-07-01T01:03:31.850752+00:00,81.8,11,bid,Xuanyu Liu,AverageAlmonds,1390641
2026-07-01T01:03:31.869919,2026-07-01T01:03:31.881725+00:00,81.8,25,bid,Alice Feng,AverageAlmonds,1390645
2026-07-01T01:03:31.874172,2026-07-01T01:03:31.881725+00:00,81.7,2,ask,WavyWalnuts,Alice Feng,1390646
2026-07-01T01:03:31.894834,2026-07-01T01:03:31.902230+00:00,81.7,198,ask,WavyWalnuts,YieldingYams,1390650
2026-07-01T01:03:31.903744,2026-07-01T01:03:31.912476+00:00,81.5,200,bid,WavyWalnuts,YieldingYams,1390651
2026-07-01T01:03:31.917685,2026-07-01T01:03:31.922697+00:00,81.5,2,bid,Harry North,YieldingYams,1390652
2026-07-01T01:03:31.932947,2026-07-01T01:03:31.943161+00:00,81.5,2,bid,Harry North,YieldingYams,1390653
2026-07-01T01:03:32.078797,2026-07-01T01:03:32.086741+00:00,81.3,2,ask,AverageAlmonds,Alice Feng,1390656
2026-07-01T01:03:32.284510,2026-07-01T01:03:32.291190+00:00,81.3,2,ask,AverageAlmonds,Alice Feng,1390662
2026-07-01T01:03:32.490728,2026-07-01T01:03:32.495698+00:00,81.4,2,ask,AverageAlmonds,Alice Feng,1390665
2026-07-01T01:03:33.116610,2026-07-01T01:03:33.119280+00:00,81.5,200,bid,WavyWalnuts,YieldingYams,1390685
2026-07-01T01:03:34.324955,2026-07-01T01:03:34.335266+00:00,81.7,200,ask,YieldingYams,WavyWalnuts,1390700
2026-07-01T01:03:34.939953,2026-07-01T01:03:34.948124+00:00,81.6,2,ask,Kelvin Chan,Harry North,1390715
2026-07-01T01:03:34.946071,2026-07-01T01:03:34.948124+00:00,81.6,1,ask,Kelvin Chan,Harry North,1390716
2026-07-01T01:03:36.429340,2026-07-01T01:03:36.431183+00:00,81.5,8,ask,Kelvin Chan,BrilliantBurritos,1390753
2026-07-01T01:03:36.429340,2026-07-01T01:03:36.441407+00:00,81.5,12,ask,YieldingYams,BrilliantBurritos,1390754
2026-07-01T01:03:36.741166,2026-07-01T01:03:36.745298+00:00,81.5,200,ask,YieldingYams,WavyWalnuts,1390760
2026-07-01T01:03:37.949583,2026-07-01T01:03:37.952021+00:00,81.5,6,ask,Kelvin Chan,WavyWalnuts,1390783
2026-07-01T01:03:37.966184,2026-07-01T01:03:37.972586+00:00,81.5,1,bid,Harry North,WavyWalnuts,1390784
2026-07-01T01:03:37.976325,2026-07-01T01:03:37.982822+00:00,81.5,1,bid,Harry North,WavyWalnuts,1390786
2026-07-01T01:03:38.444391,2026-07-01T01:03:38.453557+00:00,81.4,500,ask,AverageAlmonds,YieldingYams,1390795
2026-07-01T01:03:38.511802,2026-07-01T01:03:38.514929+00:00,81.4,125,bid,AverageAlmonds,YieldingYams,1390797
2026-07-01T01:03:39.754261,2026-07-01T01:03:39.774420+00:00,81.5,200,bid,YieldingYams,WavyWalnuts,1390817
2026-07-01T01:03:39.765292,2026-07-01T01:03:39.774420+00:00,81.6,11,ask,YieldingYams,Xuanyu Liu,1390818
2026-07-01T01:03:40.367931,2026-07-01T01:03:40.379342+00:00,81.6,200,ask,YieldingYams,WavyWalnuts,1390831
2026-07-01T01:03:40.985872,2026-07-01T01:03:40.992721+00:00,81.6,1,ask,YieldingYams,Harry North,1390842
2026-07-01T01:03:40.992583,2026-07-01T01:03:41.002980+00:00,81.6,1,ask,YieldingYams,Harry North,1390843
2026-07-01T01:03:41.577349,2026-07-01T01:03:41.586542+00:00,81.6,200,bid,WavyWalnuts,YieldingYams,1390853
2026-07-01T01:03:42.376484,2026-07-01T01:03:42.384231+00:00,81.6,3,ask,YieldingYams,Xuanyu Liu,1390868
2026-07-01T01:03:42.531327,2026-07-01T01:03:42.538039+00:00,81.6,25,ask,YieldingYams,Alice Feng,1390874
2026-07-01T01:03:42.759586,2026-07-01T01:03:42.773859+00:00,81.6,25,ask,YieldingYams,Alice Feng,1390880
2026-07-01T01:03:42.815918,2026-07-01T01:03:42.825550+00:00,81.6,200,ask,YieldingYams,WavyWalnuts,1390889
2026-07-01T01:03:42.983878,2026-07-01T01:03:42.989771+00:00,81.6,25,ask,YieldingYams,Alice Feng,1390897
2026-07-01T01:03:43.193742,2026-07-01T01:03:43.204776+00:00,81.6,25,ask,YieldingYams,Alice Feng,1390901
2026-07-01T01:03:43.406389,2026-07-01T01:03:43.412207+00:00,81.6,25,ask,YieldingYams,Alice Feng,1390910
2026-07-01T01:03:43.617148,2026-07-01T01:03:43.626638+00:00,81.6,17,ask,YieldingYams,Alice Feng,1390915
2026-07-01T01:03:44.003770,2026-07-01T01:03:44.005330+00:00,81.7,1,bid,Harry North,YieldingYams,1390927
2026-07-01T01:03:44.010014,2026-07-01T01:03:44.015580+00:00,81.7,1,bid,Harry North,YieldingYams,1390928
2026-07-01T01:03:44.029346,2026-07-01T01:03:44.036128+00:00,81.6,200,ask,YieldingYams,WavyWalnuts,1390930
2026-07-01T01:03:46.292775,2026-07-01T01:03:46.299280+00:00,81.6,200,bid,WavyWalnuts,AverageAlmonds,1390981
2026-07-01T01:03:46.292775,2026-07-01T01:03:46.299280+00:00,81.6,425,bid,YieldingYams,AverageAlmonds,1390982
2026-07-01T01:03:46.447618,2026-07-01T01:03:46.453859+00:00,81.6,200,bid,YieldingYams,WavyWalnuts,1390988
2026-07-01T01:03:47.024667,2026-07-01T01:03:47.028328+00:00,81.4,1,ask,Kelvin Chan,YieldingYams,1391002
2026-07-01T01:03:47.031466,2026-07-01T01:03:47.038588+00:00,81.4,1,ask,Kelvin Chan,Harry North,1391003
2026-07-01T01:03:47.616103,2026-07-01T01:03:47.631018+00:00,81.4,1,ask,Kelvin Chan,Harry North,1391013
2026-07-01T01:03:47.622940,2026-07-01T01:03:47.631018+00:00,81.3,14,bid,Xuanyu Liu,YieldingYams,1391014
2026-07-01T01:03:47.641598,2026-07-01T01:03:47.651833+00:00,81.3,25,bid,Alice Feng,YieldingYams,1391019
2026-07-01T01:03:47.658348,2026-07-01T01:03:47.662143+00:00,81.3,200,bid,WavyWalnuts,YieldingYams,1391022
2026-07-01T01:03:47.855857,2026-07-01T01:03:47.867121+00:00,81.3,25,bid,Alice Feng,YieldingYams,1391027
2026-07-01T01:03:47.859956,2026-07-01T01:03:47.867121+00:00,81.2,2,ask,Kelvin Chan,Alice Feng,1391028
2026-07-01T01:03:48.064179,2026-07-01T01:03:48.072052+00:00,81.2,1,ask,Kelvin Chan,Alice Feng,1391035
2026-07-01T01:03:48.064179,2026-07-01T01:03:48.072052+00:00,81.1,1,ask,AverageAlmonds,Alice Feng,1391036
2026-07-01T01:03:48.422282,2026-07-01T01:03:48.430313+00:00,81.1,14,ask,YieldingYams,Xuanyu Liu,1391044
2026-07-01T01:03:48.476615,2026-07-01T01:03:48.481629+00:00,81.1,25,ask,YieldingYams,Alice Feng,1391049
2026-07-01T01:03:48.685530,2026-07-01T01:03:48.696406+00:00,81.1,21,ask,YieldingYams,Alice Feng,1391051
2026-07-01T01:03:48.868262,2026-07-01T01:03:48.870813+00:00,81.3,200,bid,WavyWalnuts,YieldingYams,1391061
2026-07-01T01:03:48.933743,2026-07-01T01:03:48.942665+00:00,81.3,3,ask,YieldingYams,Xuanyu Liu,1391067
2026-07-01T01:03:49.159326,2026-07-01T01:03:49.168221+00:00,81.4,6,ask,Kelvin Chan,Xuanyu Liu,1391071
2026-07-01T01:03:49.210421,2026-07-01T01:03:49.219156+00:00,81.4,4,ask,Kelvin Chan,Xuanyu Liu,1391073
2026-07-01T01:03:49.531049,2026-07-01T01:03:49.540134+00:00,81.4,1,ask,Kelvin Chan,Xuanyu Liu,1391079
2026-07-01T01:03:50.040010,2026-07-01T01:03:50.042100+00:00,81.5,1,bid,Harry North,YieldingYams,1391095
2026-07-01T01:03:50.052768,2026-07-01T01:03:50.062809+00:00,81.5,1,bid,Harry North,YieldingYams,1391096
2026-07-01T01:03:50.080577,2026-07-01T01:03:50.083518+00:00,81.5,200,bid,WavyWalnuts,YieldingYams,1391097
2026-07-01T01:03:50.235168,2026-07-01T01:03:50.238121+00:00,81.4,3,ask,Kelvin Chan,YieldingYams,1391103
2026-07-01T01:03:51.291711,2026-07-01T01:03:51.296092+00:00,81.4,200,bid,WavyWalnuts,YieldingYams,1391120
2026-07-01T01:03:51.524536,2026-07-01T01:03:51.545392+00:00,81.3,20,ask,YieldingYams,BrilliantBurritos,1391121
2026-07-01T01:03:51.533463,2026-07-01T01:03:51.545392+00:00,81.4,14,bid,Xuanyu Liu,YieldingYams,1391122
2026-07-01T01:03:52.505684,2026-07-01T01:03:52.515516+00:00,81.5,200,ask,YieldingYams,WavyWalnuts,1391150
2026-07-01T01:03:53.075353,2026-07-01T01:03:53.079188+00:00,81.4,1,ask,YieldingYams,Harry North,1391160
2026-07-01T01:03:53.083897,2026-07-01T01:03:53.089480+00:00,81.4,1,ask,YieldingYams,Harry North,1391161
2026-07-01T01:03:55.487285,2026-07-01T01:03:55.489764+00:00,81.6,200,bid,YieldingYams,WavyWalnuts,1391225
2026-07-01T01:03:55.501264,2026-07-01T01:03:55.511894+00:00,81.6,3,ask,YieldingYams,Xuanyu Liu,1391226
2026-07-01T01:03:56.094943,2026-07-01T01:03:56.105816+00:00,81.7,1,bid,Harry North,Kelvin Chan,1391238
2026-07-01T01:03:56.103750,2026-07-01T01:03:56.105816+00:00,81.7,1,bid,Harry North,Kelvin Chan,1391240
2026-07-01T01:03:56.128156,2026-07-01T01:03:56.136843+00:00,81.6,200,ask,YieldingYams,WavyWalnuts,1391243
2026-07-01T01:03:56.799061,2026-07-01T01:03:56.814478+00:00,81.5,200,ask,WavyWalnuts,YieldingYams,1391258
2026-07-01T01:03:56.805196,2026-07-01T01:03:56.814478+00:00,81.4,3,bid,Xuanyu Liu,YieldingYams,1391259
2026-07-01T01:03:57.335449,2026-07-01T01:03:57.338117+00:00,81.4,200,bid,WavyWalnuts,YieldingYams,1391278
2026-07-01T01:03:59.135976,2026-07-01T01:03:59.147662+00:00,81.5,1,ask,YieldingYams,Harry North,1391313
2026-07-01T01:03:59.144035,2026-07-01T01:03:59.147662+00:00,81.5,1,ask,YieldingYams,Harry North,1391314
2026-07-01T01:04:00.277645,2026-07-01T01:04:00.285835+00:00,81.6,20,bid,BrilliantBurritos,WavyWalnuts,1391335
2026-07-01T01:04:00.722774,2026-07-01T01:04:00.737918+00:00,81.6,180,bid,YieldingYams,WavyWalnuts,1391339
2026-07-01T01:04:00.728934,2026-07-01T01:04:00.737918+00:00,81.6,3,ask,YieldingYams,Xuanyu Liu,1391340
2026-07-01T01:04:02.160959,2026-07-01T01:04:02.167333+00:00,81.6,1,bid,Harry North,YieldingYams,1391379
2026-07-01T01:04:02.167261,2026-07-01T01:04:02.177713+00:00,81.6,1,bid,Harry North,YieldingYams,1391380
2026-07-01T01:04:03.345853,2026-07-01T01:04:03.350268+00:00,81.5,200,ask,WavyWalnuts,YieldingYams,1391411
2026-07-01T01:04:03.963059,2026-07-01T01:04:03.967990+00:00,81.5,425,bid,AverageAlmonds,YieldingYams,1391423
2026-07-01T01:04:03.963059,2026-07-01T01:04:03.967990+00:00,81.5,75,bid,AverageAlmonds,WavyWalnuts,1391424
2026-07-01T01:04:04.269389,2026-07-01T01:04:04.278814+00:00,81.4,9,ask,Kelvin Chan,Xuanyu Liu,1391432
2026-07-01T01:04:04.290474,2026-07-01T01:04:04.300559+00:00,81.3,2,ask,YieldingYams,Xuanyu Liu,1391434
2026-07-01T01:04:04.539039,2026-07-01T01:04:04.547794+00:00,81.4,10,ask,Kelvin Chan,Xuanyu Liu,1391441
2026-07-01T01:04:04.558811,2026-07-01T01:04:04.588250+00:00,81.5,125,bid,AverageAlmonds,WavyWalnuts,1391443
2026-07-01T01:04:04.579216,2026-07-01T01:04:04.588250+00:00,81.5,13,ask,AverageAlmonds,Xuanyu Liu,1391444
2026-07-01T01:04:04.653632,2026-07-01T01:04:04.660845+00:00,81.6,200,bid,YieldingYams,WavyWalnuts,1391454
2026-07-01T01:04:04.653632,2026-07-01T01:04:04.660845+00:00,81.7,2,bid,YieldingYams,Kelvin Chan,1391455
2026-07-01T01:04:05.191759,2026-07-01T01:04:05.194107+00:00,81.7,1,ask,YieldingYams,Harry North,1391461
2026-07-01T01:04:05.198370,2026-07-01T01:04:05.204463+00:00,81.7,1,ask,YieldingYams,Harry North,1391462
2026-07-01T01:04:05.821989,2026-07-01T01:04:05.832677+00:00,81.7,200,ask,YieldingYams,WavyWalnuts,1391468
2026-07-01T01:04:05.978896,2026-07-01T01:04:05.991121+00:00,81.7,4,bid,Xuanyu Liu,YieldingYams,1391480
2026-07-01T01:04:06.280114,2026-07-01T01:04:06.289371+00:00,81.5,20,ask,AverageAlmonds,BrilliantBurritos,1391483
2026-07-01T01:04:08.208659,2026-07-01T01:04:08.219323+00:00,81.7,1,bid,Harry North,YieldingYams,1391526
2026-07-01T01:04:08.217085,2026-07-01T01:04:08.219323+00:00,81.7,1,bid,Harry North,YieldingYams,1391527
2026-07-01T01:04:08.592719,2026-07-01T01:04:08.609965+00:00,81.6,500,ask,AverageAlmonds,YieldingYams,1391532
2026-07-01T01:04:08.600789,2026-07-01T01:04:08.609965+00:00,81.6,3,bid,Xuanyu Liu,YieldingYams,1391533
2026-07-01T01:04:09.002448,2026-07-01T01:04:09.011380+00:00,81.6,2,bid,Xuanyu Liu,YieldingYams,1391539
2026-07-01T01:04:09.426336,2026-07-01T01:04:09.435159+00:00,81.6,120,bid,AverageAlmonds,YieldingYams,1391548
2026-07-01T01:04:09.474570,2026-07-01T01:04:09.477077+00:00,81.6,200,ask,AverageAlmonds,WavyWalnuts,1391551
2026-07-01T01:04:09.899134,2026-07-01T01:04:09.911028+00:00,81.8,3,bid,YieldingYams,Kelvin Chan,1391568
2026-07-01T01:04:10.681150,2026-07-01T01:04:10.685094+00:00,81.8,200,ask,YieldingYams,WavyWalnuts,1391576
2026-07-01T01:04:11.253785,2026-07-01T01:04:11.260718+00:00,81.8,1,ask,YieldingYams,Harry North,1391595
2026-07-01T01:04:11.262202,2026-07-01T01:04:11.271009+00:00,81.8,1,ask,YieldingYams,Harry North,1391596
2026-07-01T01:04:11.890160,2026-07-01T01:04:11.898085+00:00,81.8,200,ask,YieldingYams,WavyWalnuts,1391606
2026-07-01T01:04:14.280685,2026-07-01T01:04:14.282871+00:00,81.9,1,bid,Harry North,Kelvin Chan,1391645
2026-07-01T01:04:14.294799,2026-07-01T01:04:14.303663+00:00,81.9,1,bid,Harry North,YieldingYams,1391646
2026-07-01T01:04:14.303864,2026-07-01T01:04:14.314050+00:00,81.9,200,bid,WavyWalnuts,YieldingYams,1391647
2026-07-01T01:04:14.869955,2026-07-01T01:04:14.876740+00:00,81.7,20,ask,YieldingYams,BrilliantBurritos,1391656
2026-07-01T01:04:15.133775,2026-07-01T01:04:15.143906+00:00,81.8,1,bid,YieldingYams,Kelvin Chan,1391659
2026-07-01T01:04:16.013400,2026-07-01T01:04:16.024425+00:00,81.8,9,ask,YieldingYams,Xuanyu Liu,1391684
2026-07-01T01:04:16.451597,2026-07-01T01:04:16.468552+00:00,81.9,200,bid,YieldingYams,WavyWalnuts,1391696
2026-07-01T01:04:16.451597,2026-07-01T01:04:16.468552+00:00,81.9,1,bid,YieldingYams,Kelvin Chan,1391697
2026-07-01T01:04:16.459790,2026-07-01T01:04:16.468552+00:00,81.9,12,ask,YieldingYams,Xuanyu Liu,1391698
2026-07-01T01:04:17.344889,2026-07-01T01:04:17.351020+00:00,81.9,1,ask,YieldingYams,Harry North,1391720
2026-07-01T01:04:17.354536,2026-07-01T01:04:17.361425+00:00,81.9,1,ask,YieldingYams,Harry North,1391721
2026-07-01T01:04:17.936698,2026-07-01T01:04:17.938831+00:00,82.0,200,bid,WavyWalnuts,YieldingYams,1391746
2026-07-01T01:04:19.069949,2026-07-01T01:04:19.081272+00:00,81.9,1,bid,YieldingYams,Kelvin Chan,1391756
2026-07-01T01:04:20.385051,2026-07-01T01:04:20.395619+00:00,82.1,1,bid,Harry North,Kelvin Chan,1391792
2026-07-01T01:04:20.409667,2026-07-01T01:04:20.416268+00:00,82.2,1,bid,Harry North,AverageAlmonds,1391794
2026-07-01T01:04:20.763143,2026-07-01T01:04:20.765407+00:00,82.0,20,ask,WavyWalnuts,BrilliantBurritos,1391796
2026-07-01T01:04:21.577938,2026-07-01T01:04:21.587035+00:00,82.1,1,bid,WavyWalnuts,Kelvin Chan,1391811
2026-07-01T01:04:23.419989,2026-07-01T01:04:23.430111+00:00,82.1,1,ask,WavyWalnuts,Harry North,1391845
2026-07-01T01:04:23.435228,2026-07-01T01:04:23.440527+00:00,82.1,1,ask,WavyWalnuts,Harry North,1391846
2026-07-01T01:04:25.213296,2026-07-01T01:04:25.222100+00:00,82.1,200,ask,YieldingYams,WavyWalnuts,1391884
2026-07-01T01:04:26.470780,2026-07-01T01:04:26.475420+00:00,82.2,1,bid,Harry North,AverageAlmonds,1391922
2026-07-01T01:04:26.477236,2026-07-01T01:04:26.485685+00:00,82.2,1,bid,Harry North,Kelvin Chan,1391923
2026-07-01T01:04:29.123767,2026-07-01T01:04:29.135769+00:00,82.2,20,bid,BrilliantBurritos,WavyWalnuts,1391974
2026-07-01T01:04:29.488856,2026-07-01T01:04:29.494624+00:00,82.1,3,ask,YieldingYams,Harry North,1391983
2026-07-01T01:04:32.525501,2026-07-01T01:04:32.533600+00:00,82.1,3,ask,WavyWalnuts,Harry North,1392060
2026-07-01T01:04:33.368216,2026-07-01T01:04:33.372964+00:00,82.2,2,bid,BrilliantBurritos,Kelvin Chan,1392067
2026-07-01T01:04:33.368216,2026-07-01T01:04:33.372964+00:00,82.2,18,bid,BrilliantBurritos,YieldingYams,1392068
2026-07-01T01:04:34.806533,2026-07-01T01:04:34.811833+00:00,82.2,2,bid,YieldingYams,Kelvin Chan,1392113
2026-07-01T01:04:34.806533,2026-07-01T01:04:34.811833+00:00,82.2,200,bid,YieldingYams,WavyWalnuts,1392114
2026-07-01T01:04:34.924217,2026-07-01T01:04:34.935327+00:00,82.2,200,ask,YieldingYams,WavyWalnuts,1392116
2026-07-01T01:04:35.548104,2026-07-01T01:04:35.550090+00:00,82.2,3,ask,YieldingYams,Harry North,1392131
2026-07-01T01:04:36.133821,2026-07-01T01:04:36.138778+00:00,82.1,200,bid,WavyWalnuts,YieldingYams,1392141
2026-07-01T01:04:37.348922,2026-07-01T01:04:37.351135+00:00,82.1,200,bid,WavyWalnuts,YieldingYams,1392171
2026-07-01T01:04:38.586454,2026-07-01T01:04:38.590640+00:00,82.1,3,ask,YieldingYams,Harry North,1392200
2026-07-01T01:04:38.743731,2026-07-01T01:04:38.765876+00:00,82.3,1,bid,YieldingYams,Kelvin Chan,1392208
2026-07-01T01:04:38.743731,2026-07-01T01:04:38.765876+00:00,82.3,200,bid,YieldingYams,WavyWalnuts,1392209
2026-07-01T01:04:38.755782,2026-07-01T01:04:38.765876+00:00,82.3,5,ask,YieldingYams,Xuanyu Liu,1392210
2026-07-01T01:04:39.051774,2026-07-01T01:04:39.063112+00:00,82.3,20,ask,YieldingYams,BrilliantBurritos,1392217
2026-07-01T01:04:39.084839,2026-07-01T01:04:39.094479+00:00,82.4,5,bid,Xuanyu Liu,AverageAlmonds,1392219
2026-07-01T01:04:39.779810,2026-07-01T01:04:39.791282+00:00,82.3,200,ask,YieldingYams,WavyWalnuts,1392235
2026-07-01T01:04:40.069349,2026-07-01T01:04:40.077935+00:00,82.2,23,bid,Xuanyu Liu,YieldingYams,1392247
2026-07-01T01:04:40.402836,2026-07-01T01:04:40.405309+00:00,82.2,20,bid,BrilliantBurritos,YieldingYams,1392253
2026-07-01T01:04:40.985087,2026-07-01T01:04:40.990888+00:00,82.2,200,bid,WavyWalnuts,YieldingYams,1392266
2026-07-01T01:04:44.625881,2026-07-01T01:04:44.627734+00:00,82.2,11,bid,Harry North,YieldingYams,1392354
2026-07-01T01:04:44.644202,2026-07-01T01:04:44.648292+00:00,82.2,11,bid,Harry North,YieldingYams,1392356
2026-07-01T01:04:45.302529,2026-07-01T01:04:45.305431+00:00,82.2,200,bid,YieldingYams,WavyWalnuts,1392370
2026-07-01T01:04:45.317869,2026-07-01T01:04:45.331704+00:00,82.2,11,ask,YieldingYams,Xuanyu Liu,1392371
2026-07-01T01:04:46.624042,2026-07-01T01:04:46.643927+00:00,82.1,200,ask,WavyWalnuts,YieldingYams,1392398
2026-07-01T01:04:46.633948,2026-07-01T01:04:46.643927+00:00,82.1,11,bid,Xuanyu Liu,YieldingYams,1392399
2026-07-01T01:04:47.653572,2026-07-01T01:04:47.658672+00:00,82.0,8,ask,Kelvin Chan,Harry North,1392421
2026-07-01T01:04:47.653572,2026-07-01T01:04:47.658672+00:00,82.0,3,ask,YieldingYams,Harry North,1392422
2026-07-01T01:04:47.674701,2026-07-01T01:04:47.679230+00:00,82.0,11,ask,YieldingYams,Harry North,1392426
2026-07-01T01:04:48.248532,2026-07-01T01:04:48.254958+00:00,82.0,6,ask,Kelvin Chan,WavyWalnuts,1392445
2026-07-01T01:04:48.248532,2026-07-01T01:04:48.254958+00:00,82.0,194,ask,YieldingYams,WavyWalnuts,1392446
2026-07-01T01:04:50.552553,2026-07-01T01:04:50.556921+00:00,82.0,3,ask,Kelvin Chan,YieldingYams,1392475
2026-07-01T01:04:50.688842,2026-07-01T01:04:50.700821+00:00,82.0,11,bid,Harry North,YieldingYams,1392477
2026-07-01T01:04:50.699604,2026-07-01T01:04:50.711093+00:00,82.0,11,bid,Harry North,YieldingYams,1392478
2026-07-01T01:04:51.866508,2026-07-01T01:04:51.869774+00:00,82.0,200,bid,YieldingYams,WavyWalnuts,1392497
2026-07-01T01:04:51.883737,2026-07-01T01:04:51.890370+00:00,82.0,200,ask,YieldingYams,WavyWalnuts,1392499
2026-07-01T01:04:52.016827,2026-07-01T01:04:52.023716+00:00,82.2,20,bid,BrilliantBurritos,YieldingYams,1392500
2026-07-01T01:04:53.093263,2026-07-01T01:04:53.104080+00:00,82.0,200,ask,YieldingYams,WavyWalnuts,1392519
2026-07-01T01:04:53.200937,2026-07-01T01:04:53.206492+00:00,81.9,2,ask,Kelvin Chan,YieldingYams,1392523
2026-07-01T01:04:53.200937,2026-07-01T01:04:53.206492+00:00,81.9,500,ask,AverageAlmonds,YieldingYams,1392524
2026-07-01T01:04:53.200937,2026-07-01T01:04:53.206492+00:00,81.8,123,ask,WavyWalnuts,YieldingYams,1392525
2026-07-01T01:04:54.512688,2026-07-01T01:04:54.516936+00:00,82.0,200,ask,WavyWalnuts,YieldingYams,1392543
2026-07-01T01:04:54.512688,2026-07-01T01:04:54.516936+00:00,81.9,3,ask,Kelvin Chan,YieldingYams,1392544
2026-07-01T01:04:55.452441,2026-07-01T01:04:55.460844+00:00,81.9,422,bid,AverageAlmonds,YieldingYams,1392564
2026-07-01T01:04:55.510666,2026-07-01T01:04:55.512229+00:00,81.9,78,ask,AverageAlmonds,WavyWalnuts,1392567
2026-07-01T01:04:55.821276,2026-07-01T01:04:55.843239+00:00,81.9,122,bid,YieldingYams,WavyWalnuts,1392575
2026-07-01T01:04:55.831728,2026-07-01T01:04:55.843239+00:00,82.1,11,ask,YieldingYams,Xuanyu Liu,1392576
2026-07-01T01:04:56.723310,2026-07-01T01:04:56.733720+00:00,82.1,3,ask,YieldingYams,Harry North,1392590
2026-07-01T01:04:59.168123,2026-07-01T01:04:59.173861+00:00,82.1,200,bid,WavyWalnuts,YieldingYams,1392635
2026-07-01T01:05:00.390697,2026-07-01T01:05:00.392714+00:00,82.1,200,ask,YieldingYams,WavyWalnuts,1392668
2026-07-01T01:05:01.053763,2026-07-01T01:05:01.068013+00:00,82.0,500,ask,AverageAlmonds,YieldingYams,1392674
2026-07-01T01:05:01.059161,2026-07-01T01:05:01.068013+00:00,82.0,11,bid,Xuanyu Liu,YieldingYams,1392675
2026-07-01T01:05:01.508792,2026-07-01T01:05:01.518500+00:00,82.0,114,bid,AverageAlmonds,YieldingYams,1392682
2026-07-01T01:05:02.175690,2026-07-01T01:05:02.178560+00:00,82.0,25,ask,WavyWalnuts,Thomas Lee,1392701
2026-07-01T01:05:02.358821,2026-07-01T01:05:02.372483+00:00,82.1,200,bid,YieldingYams,WavyWalnuts,1392704
2026-07-01T01:05:02.363851,2026-07-01T01:05:02.372483+00:00,82.2,11,ask,YieldingYams,Xuanyu Liu,1392705
2026-07-01T01:05:02.797423,2026-07-01T01:05:02.803544+00:00,82.2,1,ask,YieldingYams,Harry North,1392729
2026-07-01T01:05:04.414529,2026-07-01T01:05:04.424973+00:00,82.3,1,bid,Xuanyu Liu,Kelvin Chan,1392762
2026-07-01T01:05:04.414529,2026-07-01T01:05:04.424973+00:00,82.3,33,bid,Xuanyu Liu,YieldingYams,1392763
2026-07-01T01:05:04.979427,2026-07-01T01:05:04.997995+00:00,82.2,200,ask,WavyWalnuts,YieldingYams,1392770
2026-07-01T01:05:04.989231,2026-07-01T01:05:04.997995+00:00,82.2,3,bid,Xuanyu Liu,YieldingYams,1392771
2026-07-01T01:05:05.840004,2026-07-01T01:05:05.849850+00:00,82.1,7,ask,YieldingYams,Harry North,1392783
2026-07-01T01:05:05.860569,2026-07-01T01:05:05.870392+00:00,82.1,7,ask,YieldingYams,Harry North,1392785
2026-07-01T01:05:06.286472,2026-07-01T01:05:06.289561+00:00,82.3,6,bid,YieldingYams,Kelvin Chan,1392793
2026-07-01T01:05:06.286472,2026-07-01T01:05:06.289561+00:00,82.3,200,bid,YieldingYams,WavyWalnuts,1392794
2026-07-01T01:05:06.286472,2026-07-01T01:05:06.299778+00:00,82.4,419,bid,YieldingYams,AverageAlmonds,1392795
2026-07-01T01:05:07.029857,2026-07-01T01:05:07.039919+00:00,82.3,20,ask,WavyWalnuts,BrilliantBurritos,1392822
2026-07-01T01:05:07.607409,2026-07-01T01:05:07.614275+00:00,82.3,180,ask,WavyWalnuts,YieldingYams,1392828
2026-07-01T01:05:08.873198,2026-07-01T01:05:08.883499+00:00,82.2,200,bid,WavyWalnuts,YieldingYams,1392846
2026-07-01T01:05:08.879834,2026-07-01T01:05:08.883499+00:00,82.2,7,bid,Harry North,YieldingYams,1392847
2026-07-01T01:05:08.893312,2026-07-01T01:05:08.904016+00:00,82.2,7,bid,Harry North,YieldingYams,1392848
2026-07-01T01:05:08.916971,2026-07-01T01:05:08.924565+00:00,82.3,2,bid,YieldingYams,Kelvin Chan,1392849
2026-07-01T01:05:08.916971,2026-07-01T01:05:08.924565+00:00,82.4,500,bid,YieldingYams,AverageAlmonds,1392850
2026-07-01T01:05:08.916971,2026-07-01T01:05:08.924565+00:00,82.4,123,bid,YieldingYams,WavyWalnuts,1392851
2026-07-01T01:05:10.096382,2026-07-01T01:05:10.106116+00:00,82.2,1,ask,WavyWalnuts,Xuanyu Liu,1392884
2026-07-01T01:05:10.232840,2026-07-01T01:05:10.239372+00:00,82.2,199,ask,WavyWalnuts,YieldingYams,1392886
2026-07-01T01:05:11.900078,2026-07-01T01:05:11.908770+00:00,82.1,7,ask,WavyWalnuts,Harry North,1392913
2026-07-01T01:05:11.906526,2026-07-01T01:05:11.908770+00:00,82.1,7,ask,WavyWalnuts,Harry North,1392914
2026-07-01T01:05:14.927638,2026-07-01T01:05:14.932625+00:00,82.1,200,ask,YieldingYams,WavyWalnuts,1392990
2026-07-01T01:05:14.940058,2026-07-01T01:05:14.942889+00:00,82.3,3,bid,Harry North,Kelvin Chan,1392992
2026-07-01T01:05:14.940058,2026-07-01T01:05:14.953121+00:00,82.3,4,bid,Harry North,YieldingYams,1392993
2026-07-01T01:05:16.141825,2026-07-01T01:05:16.151548+00:00,82.0,200,ask,YieldingYams,WavyWalnuts,1393030
2026-07-01T01:05:16.830940,2026-07-01T01:05:16.840666+00:00,82.1,1,bid,Xuanyu Liu,YieldingYams,1393044
2026-07-01T01:05:20.759985,2026-07-01T01:05:20.762662+00:00,82.0,200,bid,YieldingYams,WavyWalnuts,1393123
2026-07-01T01:05:20.968784,2026-07-01T01:05:20.977415+00:00,82.0,200,ask,YieldingYams,WavyWalnuts,1393127
2026-07-01T01:05:22.174154,2026-07-01T01:05:22.178358+00:00,82.0,200,bid,WavyWalnuts,YieldingYams,1393154
2026-07-01T01:05:23.393718,2026-07-01T01:05:23.398935+00:00,82.0,200,ask,YieldingYams,WavyWalnuts,1393185
2026-07-01T01:05:25.636522,2026-07-01T01:05:25.642954+00:00,82.2,20,bid,BrilliantBurritos,WavyWalnuts,1393244
2026-07-01T01:05:26.012070,2026-07-01T01:05:26.020823+00:00,82.1,3,bid,Xuanyu Liu,YieldingYams,1393252
2026-07-01T01:05:26.110836,2026-07-01T01:05:26.113171+00:00,82.1,25,bid,Alice Feng,YieldingYams,1393259
2026-07-01T01:05:26.321758,2026-07-01T01:05:26.327922+00:00,82.1,25,bid,Alice Feng,YieldingYams,1393264
2026-07-01T01:05:26.535159,2026-07-01T01:05:26.543673+00:00,82.1,25,bid,Alice Feng,YieldingYams,1393275
2026-07-01T01:05:26.747173,2026-07-01T01:05:26.758314+00:00,82.1,25,bid,Alice Feng,YieldingYams,1393277
2026-07-01T01:05:26.751754,2026-07-01T01:05:26.758314+00:00,82.0,2,ask,WavyWalnuts,Alice Feng,1393278
2026-07-01T01:05:26.956120,2026-07-01T01:05:26.962792+00:00,82.0,2,ask,WavyWalnuts,Alice Feng,1393282
2026-07-01T01:05:27.018505,2026-07-01T01:05:27.024196+00:00,82.1,200,bid,WavyWalnuts,YieldingYams,1393286
2026-07-01T01:05:28.227208,2026-07-01T01:05:28.234649+00:00,82.1,200,bid,WavyWalnuts,YieldingYams,1393314
2026-07-01T01:05:29.942802,2026-07-01T01:05:29.948137+00:00,82.1,200,ask,WavyWalnuts,YieldingYams,1393354
2026-07-01T01:05:29.995914,2026-07-01T01:05:30.000218+00:00,81.9,1,ask,Kelvin Chan,Thomas Lee,1393356
2026-07-01T01:05:31.253994,2026-07-01T01:05:31.261443+00:00,82.0,200,bid,YieldingYams,WavyWalnuts,1393382
2026-07-01T01:05:31.869342,2026-07-01T01:05:31.875601+00:00,82.0,200,ask,YieldingYams,WavyWalnuts,1393393
2026-07-01T01:05:36.002874,2026-07-01T01:05:36.010916+00:00,82.1,1,ask,YieldingYams,Xuanyu Liu,1393473
2026-07-01T01:05:36.065697,2026-07-01T01:05:36.073646+00:00,82.1,2,ask,YieldingYams,Xuanyu Liu,1393478
2026-07-01T01:05:36.177428,2026-07-01T01:05:36.186159+00:00,82.1,25,ask,YieldingYams,Alice Feng,1393483
2026-07-01T01:05:36.388475,2026-07-01T01:05:36.390317+00:00,82.1,25,ask,YieldingYams,Alice Feng,1393488
2026-07-01T01:05:36.600260,2026-07-01T01:05:36.605512+00:00,82.1,25,ask,YieldingYams,Alice Feng,1393495
2026-07-01T01:05:36.714828,2026-07-01T01:05:36.718726+00:00,82.1,200,ask,YieldingYams,WavyWalnuts,1393504
2026-07-01T01:05:36.810054,2026-07-01T01:05:36.821541+00:00,82.1,21,ask,YieldingYams,Alice Feng,1393510
2026-07-01T01:05:37.366070,2026-07-01T01:05:37.374084+00:00,82.1,20,ask,YieldingYams,BrilliantBurritos,1393523
2026-07-01T01:05:39.124719,2026-07-01T01:05:39.126494+00:00,82.0,200,ask,WavyWalnuts,YieldingYams,1393564
2026-07-01T01:05:39.310813,2026-07-01T01:05:39.321692+00:00,82.0,20,bid,BrilliantBurritos,YieldingYams,1393570
2026-07-01T01:05:40.347191,2026-07-01T01:05:40.353111+00:00,81.9,1,ask,Kelvin Chan,WavyWalnuts,1393587
2026-07-01T01:05:40.432156,2026-07-01T01:05:40.435876+00:00,81.9,199,bid,YieldingYams,WavyWalnuts,1393592
2026-07-01T01:05:41.558443,2026-07-01T01:05:41.566042+00:00,81.9,200,ask,YieldingYams,WavyWalnuts,1393625
2026-07-01T01:05:41.743746,2026-07-01T01:05:41.751926+00:00,81.9,4,ask,Kelvin Chan,YieldingYams,1393635
2026-07-01T01:05:41.743746,2026-07-01T01:05:41.751926+00:00,81.8,500,ask,AverageAlmonds,YieldingYams,1393636
2026-07-01T01:05:41.743746,2026-07-01T01:05:41.751926+00:00,81.7,121,ask,WavyWalnuts,YieldingYams,1393637
2026-07-01T01:05:43.058406,2026-07-01T01:05:43.066971+00:00,81.9,3,ask,YieldingYams,Xuanyu Liu,1393657
2026-07-01T01:05:45.016281,2026-07-01T01:05:45.027220+00:00,81.9,25,ask,YieldingYams,Thomas Lee,1393696
2026-07-01T01:05:45.020075,2026-07-01T01:05:45.027220+00:00,81.9,1,ask,YieldingYams,Thomas Lee,1393697
2026-07-01T01:05:45.665012,2026-07-01T01:05:45.674491+00:00,82.0,200,bid,YieldingYams,WavyWalnuts,1393705
2026-07-01T01:05:46.345112,2026-07-01T01:05:46.351815+00:00,82.0,425,ask,YieldingYams,AverageAlmonds,1393717
2026-07-01T01:05:46.978312,2026-07-01T01:05:46.987751+00:00,81.8,3,ask,Kelvin Chan,YieldingYams,1393729
2026-07-01T01:05:46.978312,2026-07-01T01:05:46.987751+00:00,81.8,200,ask,WavyWalnuts,YieldingYams,1393730
2026-07-01T01:05:47.368192,2026-07-01T01:05:47.376947+00:00,81.8,3,bid,Xuanyu Liu,YieldingYams,1393734
2026-07-01T01:05:48.293139,2026-07-01T01:05:48.302023+00:00,81.8,200,bid,YieldingYams,WavyWalnuts,1393753
2026-07-01T01:05:49.617245,2026-07-01T01:05:49.628727+00:00,81.8,200,ask,WavyWalnuts,YieldingYams,1393782
2026-07-01T01:05:52.436414,2026-07-01T01:05:52.439702+00:00,81.8,200,bid,WavyWalnuts,YieldingYams,1393834
2026-07-01T01:05:53.003259,2026-07-01T01:05:53.013741+00:00,81.8,425,bid,AverageAlmonds,YieldingYams,1393848
2026-07-01T01:05:53.647056,2026-07-01T01:05:53.650146+00:00,81.9,200,ask,YieldingYams,WavyWalnuts,1393860
2026-07-01T01:05:59.726145,2026-07-01T01:05:59.734585+00:00,81.9,3,ask,WavyWalnuts,Xuanyu Liu,1393994
2026-07-01T01:06:01.306380,2026-07-01T01:06:01.317107+00:00,82.1,2,bid,Xuanyu Liu,Kelvin Chan,1394026
2026-07-01T01:06:01.306380,2026-07-01T01:06:01.317107+00:00,82.1,1,bid,Xuanyu Liu,YieldingYams,1394027
2026-07-01T01:06:02.723373,2026-07-01T01:06:02.806366+00:00,82.0,200,ask,WavyWalnuts,YieldingYams,1394071
2026-07-01T01:06:02.797970,2026-07-01T01:06:02.806366+00:00,81.9,3,bid,Xuanyu Liu,YieldingYams,1394072
2026-07-01T01:06:02.873271,2026-07-01T01:06:02.878529+00:00,81.9,25,bid,Alice Feng,YieldingYams,1394075
2026-07-01T01:06:03.042786,2026-07-01T01:06:03.052634+00:00,81.9,25,bid,Alice Feng,YieldingYams,1394076
2026-07-01T01:06:03.050528,2026-07-01T01:06:03.052634+00:00,81.9,2,bid,Harry North,YieldingYams,1394078
2026-07-01T01:06:03.082510,2026-07-01T01:06:03.093942+00:00,81.9,25,bid,Alice Feng,YieldingYams,1394081
2026-07-01T01:06:03.292811,2026-07-01T01:06:03.300155+00:00,81.9,25,bid,Thomas Lee,YieldingYams,1394087
2026-07-01T01:06:03.297427,2026-07-01T01:06:03.300155+00:00,81.8,2,ask,AverageAlmonds,Alice Feng,1394088
2026-07-01T01:06:03.344322,2026-07-01T01:06:03.352006+00:00,81.9,200,bid,WavyWalnuts,YieldingYams,1394090
2026-07-01T01:06:03.504685,2026-07-01T01:06:03.516226+00:00,81.8,2,ask,AverageAlmonds,Alice Feng,1394093
2026-07-01T01:06:03.709601,2026-07-01T01:06:03.711496+00:00,81.8,2,ask,AverageAlmonds,Alice Feng,1394096
2026-07-01T01:06:03.921996,2026-07-01T01:06:03.927606+00:00,81.8,2,ask,AverageAlmonds,Alice Feng,1394097
2026-07-01T01:06:04.044625,2026-07-01T01:06:04.054710+00:00,82.0,3,ask,YieldingYams,Xuanyu Liu,1394104
2026-07-01T01:06:04.126820,2026-07-01T01:06:04.137296+00:00,82.0,25,ask,YieldingYams,Alice Feng,1394111
2026-07-01T01:06:04.151455,2026-07-01T01:06:04.158053+00:00,82.0,20,ask,YieldingYams,BrilliantBurritos,1394113
2026-07-01T01:06:04.336456,2026-07-01T01:06:04.343111+00:00,82.0,25,ask,YieldingYams,Alice Feng,1394114
2026-07-01T01:06:04.347390,2026-07-01T01:06:04.353410+00:00,82.1,2,bid,Alice Feng,Kelvin Chan,1394116
2026-07-01T01:06:04.562352,2026-07-01T01:06:04.569569+00:00,82.0,200,ask,YieldingYams,WavyWalnuts,1394121
2026-07-01T01:06:04.570408,2026-07-01T01:06:04.579981+00:00,82.0,19,ask,YieldingYams,Alice Feng,1394123
2026-07-01T01:06:05.996732,2026-07-01T01:06:06.008381+00:00,81.9,20,ask,YieldingYams,BrilliantBurritos,1394175
2026-07-01T01:06:06.063857,2026-07-01T01:06:06.069918+00:00,81.9,2,ask,YieldingYams,Harry North,1394176
2026-07-01T01:06:06.086447,2026-07-01T01:06:06.090465+00:00,81.9,2,ask,YieldingYams,Harry North,1394178
2026-07-01T01:06:06.981314,2026-07-01T01:06:06.985699+00:00,81.9,200,ask,AverageAlmonds,WavyWalnuts,1394197
2026-07-01T01:06:08.145059,2026-07-01T01:06:08.150373+00:00,82.1,4,bid,BrilliantBurritos,Kelvin Chan,1394223
2026-07-01T01:06:08.145059,2026-07-01T01:06:08.150373+00:00,82.1,16,bid,BrilliantBurritos,YieldingYams,1394224
2026-07-01T01:06:08.188910,2026-07-01T01:06:08.192338+00:00,81.9,200,ask,YieldingYams,WavyWalnuts,1394226
2026-07-01T01:06:09.278327,2026-07-01T01:06:09.282427+00:00,81.9,500,ask,AverageAlmonds,YieldingYams,1394243
2026-07-01T01:06:09.326781,2026-07-01T01:06:09.334095+00:00,81.8,125,bid,AverageAlmonds,YieldingYams,1394245
2026-07-01T01:06:09.396532,2026-07-01T01:06:09.406813+00:00,81.9,200,ask,AverageAlmonds,WavyWalnuts,1394247
2026-07-01T01:06:10.608015,2026-07-01T01:06:10.618227+00:00,82.0,200,ask,YieldingYams,WavyWalnuts,1394267
2026-07-01T01:06:12.057644,2026-07-01T01:06:12.069700+00:00,82.1,8,bid,Thomas Lee,Kelvin Chan,1394306
2026-07-01T01:06:12.057644,2026-07-01T01:06:12.069700+00:00,82.1,17,bid,Thomas Lee,WavyWalnuts,1394307
2026-07-01T01:06:12.100111,2026-07-01T01:06:12.110887+00:00,82.1,2,bid,Harry North,WavyWalnuts,1394309
2026-07-01T01:06:13.216969,2026-07-01T01:06:13.225912+00:00,82.1,10,bid,YieldingYams,Kelvin Chan,1394334
2026-07-01T01:06:13.216969,2026-07-01T01:06:13.225912+00:00,82.1,200,bid,YieldingYams,WavyWalnuts,1394335
2026-07-01T01:06:14.261069,2026-07-01T01:06:14.272921+00:00,82.1,200,ask,YieldingYams,WavyWalnuts,1394367
2026-07-01T01:06:15.473035,2026-07-01T01:06:15.475552+00:00,82.0,200,bid,WavyWalnuts,YieldingYams,1394386
2026-07-01T01:06:21.094972,2026-07-01T01:06:21.104142+00:00,82.0,200,ask,WavyWalnuts,YieldingYams,1394487
2026-07-01T01:06:21.094972,2026-07-01T01:06:21.104142+00:00,82.0,425,ask,AverageAlmonds,YieldingYams,1394488
2026-07-01T01:06:21.541584,2026-07-01T01:06:21.546814+00:00,82.0,200,ask,AverageAlmonds,WavyWalnuts,1394495
2026-07-01T01:06:21.625899,2026-07-01T01:06:21.629548+00:00,82.0,20,ask,AverageAlmonds,BrilliantBurritos,1394498
2026-07-01T01:06:22.404978,2026-07-01T01:06:22.411794+00:00,82.2,7,bid,YieldingYams,Kelvin Chan,1394519
2026-07-01T01:06:23.221916,2026-07-01T01:06:23.225393+00:00,82.2,20,ask,YieldingYams,BrilliantBurritos,1394529
2026-07-01T01:06:23.962367,2026-07-01T01:06:23.968807+00:00,82.2,200,ask,YieldingYams,WavyWalnuts,1394549
2026-07-01T01:06:26.349398,2026-07-01T01:06:26.369439+00:00,82.3,3,bid,YieldingYams,Kelvin Chan,1394606
2026-07-01T01:06:26.349398,2026-07-01T01:06:26.369439+00:00,82.4,200,bid,YieldingYams,WavyWalnuts,1394607
2026-07-01T01:06:26.360087,2026-07-01T01:06:26.369439+00:00,82.4,14,ask,YieldingYams,Xuanyu Liu,1394608
2026-07-01T01:06:26.380126,2026-07-01T01:06:26.390168+00:00,82.4,200,ask,YieldingYams,WavyWalnuts,1394611
2026-07-01T01:06:27.589570,2026-07-01T01:06:27.594379+00:00,82.4,200,ask,YieldingYams,WavyWalnuts,1394643
2026-07-01T01:06:27.663593,2026-07-01T01:06:27.666612+00:00,82.2,500,ask,AverageAlmonds,YieldingYams,1394648
2026-07-01T01:06:27.663593,2026-07-01T01:06:27.666612+00:00,82.2,125,ask,WavyWalnuts,YieldingYams,1394649
2026-07-01T01:06:28.812335,2026-07-01T01:06:28.826275+00:00,82.4,11,bid,Xuanyu Liu,WavyWalnuts,1394675
2026-07-01T01:06:30.011097,2026-07-01T01:06:30.020979+00:00,82.4,200,bid,WavyWalnuts,YieldingYams,1394706
2026-07-01T01:06:30.289515,2026-07-01T01:06:30.299353+00:00,82.4,11,ask,YieldingYams,Xuanyu Liu,1394720
2026-07-01T01:06:31.224345,2026-07-01T01:06:31.233632+00:00,82.4,200,ask,YieldingYams,WavyWalnuts,1394739
2026-07-01T01:06:32.902262,2026-07-01T01:06:32.904787+00:00,82.4,200,ask,WavyWalnuts,YieldingYams,1394772
2026-07-01T01:06:34.166892,2026-07-01T01:06:34.168546+00:00,82.4,20,bid,BrilliantBurritos,YieldingYams,1394798
2026-07-01T01:06:36.083736,2026-07-01T01:06:36.089485+00:00,82.3,200,ask,YieldingYams,WavyWalnuts,1394843
2026-07-01T01:06:36.116328,2026-07-01T01:06:36.120649+00:00,82.3,25,ask,YieldingYams,Thomas Lee,1394849
2026-07-01T01:06:36.123426,2026-07-01T01:06:36.130981+00:00,82.3,1,ask,YieldingYams,Thomas Lee,1394850
2026-07-01T01:06:37.222877,2026-07-01T01:06:37.232549+00:00,82.3,500,bid,AverageAlmonds,YieldingYams,1394863
2026-07-01T01:06:38.171275,2026-07-01T01:06:38.191328+00:00,82.4,200,bid,YieldingYams,WavyWalnuts,1394887
2026-07-01T01:06:38.181731,2026-07-01T01:06:38.191328+00:00,82.4,12,ask,YieldingYams,Xuanyu Liu,1394888
2026-07-01T01:06:39.144210,2026-07-01T01:06:39.154098+00:00,82.4,25,ask,YieldingYams,Thomas Lee,1394903
2026-07-01T01:06:39.148184,2026-07-01T01:06:39.154098+00:00,82.4,1,ask,YieldingYams,Thomas Lee,1394904
2026-07-01T01:06:39.487379,2026-07-01T01:06:39.501761+00:00,82.4,200,ask,WavyWalnuts,YieldingYams,1394913
2026-07-01T01:06:39.492864,2026-07-01T01:06:39.501761+00:00,82.4,12,bid,Xuanyu Liu,YieldingYams,1394914
2026-07-01T01:06:42.126674,2026-07-01T01:06:42.136509+00:00,82.3,200,ask,AverageAlmonds,WavyWalnuts,1394980
2026-07-01T01:06:43.334043,2026-07-01T01:06:43.337496+00:00,82.4,200,ask,AverageAlmonds,WavyWalnuts,1395012
2026-07-01T01:06:44.488398,2026-07-01T01:06:44.495826+00:00,82.5,500,bid,AverageAlmonds,YieldingYams,1395037
2026-07-01T01:06:44.732170,2026-07-01T01:06:44.742058+00:00,82.6,200,bid,YieldingYams,WavyWalnuts,1395051
2026-07-01T01:06:45.670539,2026-07-01T01:06:45.713227+00:00,82.7,2,bid,Xuanyu Liu,Kelvin Chan,1395070
2026-07-01T01:06:45.748478,2026-07-01T01:06:45.754951+00:00,82.6,200,ask,YieldingYams,WavyWalnuts,1395073
2026-07-01T01:06:46.043921,2026-07-01T01:06:46.052272+00:00,82.5,500,ask,AverageAlmonds,YieldingYams,1395080
2026-07-01T01:06:46.043921,2026-07-01T01:06:46.052272+00:00,82.4,125,ask,WavyWalnuts,YieldingYams,1395081
2026-07-01T01:06:46.278406,2026-07-01T01:06:46.286912+00:00,82.6,1,bid,Xuanyu Liu,Kelvin Chan,1395084
2026-07-01T01:06:46.411458,2026-07-01T01:06:46.420431+00:00,82.7,1,bid,Xuanyu Liu,Kelvin Chan,1395087
2026-07-01T01:06:46.964991,2026-07-01T01:06:46.973586+00:00,82.7,7,bid,Xuanyu Liu,WavyWalnuts,1395114
2026-07-01T01:06:47.362907,2026-07-01T01:06:47.373522+00:00,82.6,500,ask,AverageAlmonds,YieldingYams,1395125
2026-07-01T01:06:47.362907,2026-07-01T01:06:47.373522+00:00,82.5,125,ask,WavyWalnuts,YieldingYams,1395126
2026-07-01T01:06:47.529021,2026-07-01T01:06:47.538340+00:00,82.7,193,bid,AverageAlmonds,WavyWalnuts,1395134
2026-07-01T01:06:47.529021,2026-07-01T01:06:47.538340+00:00,82.7,3,bid,AverageAlmonds,Kelvin Chan,1395135
2026-07-01T01:06:48.170106,2026-07-01T01:06:48.179167+00:00,82.6,200,ask,AverageAlmonds,WavyWalnuts,1395163
2026-07-01T01:06:48.684571,2026-07-01T01:06:48.693636+00:00,82.8,3,bid,Xuanyu Liu,YieldingYams,1395167
2026-07-01T01:06:49.945848,2026-07-01T01:06:49.950300+00:00,82.7,200,bid,AverageAlmonds,WavyWalnuts,1395194
2026-07-01T01:06:49.981089,2026-07-01T01:06:49.991393+00:00,82.7,300,ask,AverageAlmonds,YieldingYams,1395197
2026-07-01T01:06:50.600652,2026-07-01T01:06:50.606535+00:00,82.6,200,ask,AverageAlmonds,WavyWalnuts,1395212
2026-07-01T01:06:51.507564,2026-07-01T01:06:51.510915+00:00,82.9,20,bid,BrilliantBurritos,YieldingYams,1395233
2026-07-01T01:06:51.887575,2026-07-01T01:06:51.891551+00:00,82.8,200,ask,YieldingYams,WavyWalnuts,1395242
2026-07-01T01:06:52.046847,2026-07-01T01:06:52.055871+00:00,82.9,14,bid,Xuanyu Liu,YieldingYams,1395246
2026-07-01T01:06:52.073845,2026-07-01T01:06:52.076627+00:00,82.9,25,bid,Alice Feng,YieldingYams,1395249
2026-07-01T01:06:52.284475,2026-07-01T01:06:52.292053+00:00,82.9,25,bid,Alice Feng,YieldingYams,1395251
2026-07-01T01:06:52.289138,2026-07-01T01:06:52.292053+00:00,82.8,2,ask,YieldingYams,Alice Feng,1395252
2026-07-01T01:06:52.497151,2026-07-01T01:06:52.507792+00:00,82.8,2,ask,YieldingYams,Alice Feng,1395253
2026-07-01T01:06:52.702697,2026-07-01T01:06:52.712512+00:00,82.7,2,ask,YieldingYams,Alice Feng,1395256
2026-07-01T01:06:52.908929,2026-07-01T01:06:52.917500+00:00,82.7,2,ask,YieldingYams,Alice Feng,1395258
2026-07-01T01:06:53.100149,2026-07-01T01:06:53.101893+00:00,82.7,200,ask,YieldingYams,WavyWalnuts,1395260
2026-07-01T01:06:53.118689,2026-07-01T01:06:53.122522+00:00,82.7,2,ask,YieldingYams,Alice Feng,1395262
2026-07-01T01:06:53.324052,2026-07-01T01:06:53.327287+00:00,82.7,2,ask,YieldingYams,Alice Feng,1395266
2026-07-01T01:06:53.503212,2026-07-01T01:06:53.511849+00:00,82.7,2,ask,YieldingYams,Xuanyu Liu,1395268
2026-07-01T01:06:53.529986,2026-07-01T01:06:53.532528+00:00,82.7,2,ask,YieldingYams,Alice Feng,1395270
2026-07-01T01:06:53.614566,2026-07-01T01:06:53.623050+00:00,82.7,2,ask,YieldingYams,Xuanyu Liu,1395272
2026-07-01T01:06:53.686209,2026-07-01T01:06:53.695926+00:00,82.7,2,ask,YieldingYams,Xuanyu Liu,1395277
2026-07-01T01:06:54.165910,2026-07-01T01:06:54.168911+00:00,82.8,3,bid,Thomas Lee,Kelvin Chan,1395297
2026-07-01T01:06:54.165910,2026-07-01T01:06:54.179162+00:00,82.8,22,bid,Thomas Lee,YieldingYams,1395298
2026-07-01T01:06:54.188834,2026-07-01T01:06:54.199733+00:00,82.8,2,bid,Harry North,YieldingYams,1395300
2026-07-01T01:06:55.520335,2026-07-01T01:06:55.526546+00:00,82.6,200,ask,YieldingYams,WavyWalnuts,1395330
2026-07-01T01:06:56.726741,2026-07-01T01:06:56.737592+00:00,82.5,200,ask,AverageAlmonds,WavyWalnuts,1395362
2026-07-01T01:06:57.182448,2026-07-01T01:06:57.187960+00:00,82.6,25,bid,Thomas Lee,YieldingYams,1395371
2026-07-01T01:06:57.243309,2026-07-01T01:06:57.249953+00:00,82.6,2,bid,Harry North,YieldingYams,1395373
2026-07-01T01:06:57.939605,2026-07-01T01:06:57.947369+00:00,82.5,200,ask,AverageAlmonds,WavyWalnuts,1395385
2026-07-01T01:06:58.549724,2026-07-01T01:06:58.552323+00:00,82.6,25,bid,Alice Feng,YieldingYams,1395407
2026-07-01T01:06:58.761967,2026-07-01T01:06:58.766982+00:00,82.6,25,bid,Alice Feng,YieldingYams,1395410
2026-07-01T01:06:58.765881,2026-07-01T01:06:58.777359+00:00,82.5,2,ask,AverageAlmonds,Alice Feng,1395411
2026-07-01T01:06:59.178470,2026-07-01T01:06:59.187167+00:00,82.6,200,bid,YieldingYams,WavyWalnuts,1395415
2026-07-01T01:06:59.443891,2026-07-01T01:06:59.455258+00:00,82.6,1,ask,YieldingYams,Xuanyu Liu,1395418
2026-07-01T01:07:00.492203,2026-07-01T01:07:00.500031+00:00,82.6,200,ask,WavyWalnuts,YieldingYams,1395439
2026-07-01T01:07:01.545603,2026-07-01T01:07:01.554750+00:00,82.5,4,ask,AverageAlmonds,Xuanyu Liu,1395455
2026-07-01T01:07:04.007346,2026-07-01T01:07:04.015695+00:00,82.5,200,ask,AverageAlmonds,WavyWalnuts,1395501
2026-07-01T01:07:05.217038,2026-07-01T01:07:05.223690+00:00,82.5,200,ask,YieldingYams,WavyWalnuts,1395515
2026-07-01T01:07:05.580308,2026-07-01T01:07:05.582470+00:00,82.6,20,bid,BrilliantBurritos,YieldingYams,1395524
2026-07-01T01:07:05.742931,2026-07-01T01:07:05.747072+00:00,82.5,500,ask,AverageAlmonds,YieldingYams,1395526
2026-07-01T01:07:06.312829,2026-07-01T01:07:06.323206+00:00,82.5,125,bid,AverageAlmonds,YieldingYams,1395532
2026-07-01T01:07:06.425178,2026-07-01T01:07:06.435973+00:00,82.5,200,ask,AverageAlmonds,WavyWalnuts,1395537
2026-07-01T01:07:07.632811,2026-07-01T01:07:07.637065+00:00,82.6,200,ask,AverageAlmonds,WavyWalnuts,1395561
2026-07-01T01:07:08.730385,2026-07-01T01:07:08.733287+00:00,82.7,500,bid,AverageAlmonds,YieldingYams,1395578
2026-07-01T01:07:08.846991,2026-07-01T01:07:08.856361+00:00,82.6,200,ask,YieldingYams,WavyWalnuts,1395581
2026-07-01T01:07:09.326468,2026-07-01T01:07:09.355898+00:00,82.7,125,bid,AverageAlmonds,YieldingYams,1395594
2026-07-01T01:07:09.346475,2026-07-01T01:07:09.355898+00:00,82.7,3,ask,AverageAlmonds,Xuanyu Liu,1395595
2026-07-01T01:07:09.676217,2026-07-01T01:07:09.683348+00:00,82.8,1,bid,YieldingYams,Kelvin Chan,1395597
2026-07-01T01:07:09.792061,2026-07-01T01:07:09.796012+00:00,82.8,25,ask,YieldingYams,Alice Feng,1395598
2026-07-01T01:07:10.001814,2026-07-01T01:07:10.011224+00:00,82.8,25,ask,YieldingYams,Alice Feng,1395608
2026-07-01T01:07:10.055653,2026-07-01T01:07:10.062437+00:00,82.8,200,ask,YieldingYams,WavyWalnuts,1395612
2026-07-01T01:07:10.987998,2026-07-01T01:07:10.995658+00:00,82.9,2,bid,YieldingYams,Kelvin Chan,1395629
2026-07-01T01:07:11.262901,2026-07-01T01:07:11.273161+00:00,82.9,200,ask,YieldingYams,WavyWalnuts,1395638
2026-07-01T01:07:12.353755,2026-07-01T01:07:12.362760+00:00,83.0,1,bid,BrilliantBurritos,Kelvin Chan,1395659
2026-07-01T01:07:12.471334,2026-07-01T01:07:12.476227+00:00,82.9,200,ask,YieldingYams,WavyWalnuts,1395665
2026-07-01T01:07:17.311652,2026-07-01T01:07:17.320324+00:00,83.0,200,bid,WavyWalnuts,YieldingYams,1395769
2026-07-01T01:07:18.866213,2026-07-01T01:07:18.875774+00:00,83.2,200,bid,YieldingYams,WavyWalnuts,1395799
2026-07-01T01:07:20.247650,2026-07-01T01:07:20.258982+00:00,83.2,200,ask,WavyWalnuts,AverageAlmonds,1395827
2026-07-01T01:07:20.938191,2026-07-01T01:07:20.945220+00:00,83.2,200,bid,WavyWalnuts,AverageAlmonds,1395842
2026-07-01T01:07:22.149233,2026-07-01T01:07:22.155936+00:00,83.2,200,ask,YieldingYams,WavyWalnuts,1395880
2026-07-01T01:07:23.354641,2026-07-01T01:07:23.356959+00:00,83.2,200,bid,WavyWalnuts,YieldingYams,1395909
2026-07-01T01:07:24.247056,2026-07-01T01:07:24.250339+00:00,83.2,25,ask,YieldingYams,Alice Feng,1395927
2026-07-01T01:07:24.294842,2026-07-01T01:07:24.301646+00:00,83.2,4,ask,YieldingYams,Harry North,1395931
2026-07-01T01:07:24.307046,2026-07-01T01:07:24.311889+00:00,83.2,4,ask,YieldingYams,Harry North,1395933
2026-07-01T01:07:24.457994,2026-07-01T01:07:24.465150+00:00,83.2,9,ask,YieldingYams,Alice Feng,1395934
2026-07-01T01:07:24.566270,2026-07-01T01:07:24.567921+00:00,83.2,200,ask,YieldingYams,WavyWalnuts,1395939
2026-07-01T01:07:25.774632,2026-07-01T01:07:25.778166+00:00,83.1,200,bid,WavyWalnuts,YieldingYams,1395967
2026-07-01T01:07:28.046858,2026-07-01T01:07:28.054649+00:00,83.3,200,bid,WavyWalnuts,AverageAlmonds,1396023
2026-07-01T01:07:28.046858,2026-07-01T01:07:28.054649+00:00,83.3,425,bid,YieldingYams,AverageAlmonds,1396024
2026-07-01T01:07:28.193881,2026-07-01T01:07:28.198090+00:00,83.3,200,bid,YieldingYams,WavyWalnuts,1396031
2026-07-01T01:07:28.920639,2026-07-01T01:07:28.924768+00:00,83.3,20,bid,BrilliantBurritos,AverageAlmonds,1396049
2026-07-01T01:07:29.402213,2026-07-01T01:07:29.405283+00:00,83.2,200,bid,WavyWalnuts,YieldingYams,1396057
2026-07-01T01:07:33.296977,2026-07-01T01:07:33.299647+00:00,83.2,200,bid,YieldingYams,WavyWalnuts,1396132
2026-07-01T01:07:33.296977,2026-07-01T01:07:33.309944+00:00,83.3,8,bid,YieldingYams,Kelvin Chan,1396133
2026-07-01T01:07:33.296977,2026-07-01T01:07:33.309944+00:00,83.3,417,bid,YieldingYams,AverageAlmonds,1396134
2026-07-01T01:07:36.355102,2026-07-01T01:07:36.364027+00:00,82.9,3,ask,AverageAlmonds,Xuanyu Liu,1396192
2026-07-01T01:07:36.595959,2026-07-01T01:07:36.600530+00:00,83.0,200,bid,AverageAlmonds,WavyWalnuts,1396204
2026-07-01T01:07:36.595959,2026-07-01T01:07:36.600530+00:00,83.0,300,bid,AverageAlmonds,YieldingYams,1396205
2026-07-01T01:07:37.190089,2026-07-01T01:07:37.240273+00:00,83.0,325,bid,AverageAlmonds,YieldingYams,1396216
2026-07-01T01:07:37.215252,2026-07-01T01:07:37.240273+00:00,83.0,5,ask,AverageAlmonds,Xuanyu Liu,1396217
2026-07-01T01:07:37.227845,2026-07-01T01:07:37.240273+00:00,83.1,200,bid,YieldingYams,WavyWalnuts,1396218
2026-07-01T01:07:37.883500,2026-07-01T01:07:37.886276+00:00,83.2,200,ask,YieldingYams,WavyWalnuts,1396233
2026-07-01T01:07:40.302837,2026-07-01T01:07:40.306953+00:00,83.3,3,bid,WavyWalnuts,Kelvin Chan,1396290
2026-07-01T01:07:41.169404,2026-07-01T01:07:41.177719+00:00,83.3,197,ask,WavyWalnuts,YieldingYams,1396308
2026-07-01T01:07:43.930095,2026-07-01T01:07:43.941186+00:00,83.3,200,bid,WavyWalnuts,AverageAlmonds,1396379
2026-07-01T01:07:45.079403,2026-07-01T01:07:45.088639+00:00,83.3,5,bid,Xuanyu Liu,AverageAlmonds,1396405
2026-07-01T01:07:45.151536,2026-07-01T01:07:45.160616+00:00,83.2,3,bid,Xuanyu Liu,WavyWalnuts,1396411
2026-07-01T01:07:46.421568,2026-07-01T01:07:46.432312+00:00,83.2,200,ask,WavyWalnuts,YieldingYams,1396440
2026-07-01T01:07:46.421568,2026-07-01T01:07:46.432312+00:00,83.1,11,ask,Kelvin Chan,YieldingYams,1396441
2026-07-01T01:07:47.555691,2026-07-01T01:07:47.560346+00:00,83.1,200,bid,WavyWalnuts,YieldingYams,1396464
2026-07-01T01:07:47.736066,2026-07-01T01:07:47.744908+00:00,83.2,200,bid,YieldingYams,WavyWalnuts,1396468
2026-07-01T01:07:51.236703,2026-07-01T01:07:51.242807+00:00,83.3,1,bid,Thomas Lee,Kelvin Chan,1396555
2026-07-01T01:07:51.236703,2026-07-01T01:07:51.242807+00:00,83.3,24,bid,Thomas Lee,AverageAlmonds,1396556
2026-07-01T01:07:51.730490,2026-07-01T01:07:51.736651+00:00,83.2,20,ask,WavyWalnuts,BrilliantBurritos,1396564
2026-07-01T01:07:52.389389,2026-07-01T01:07:52.397752+00:00,83.2,200,ask,YieldingYams,WavyWalnuts,1396586
2026-07-01T01:07:54.249656,2026-07-01T01:07:54.251672+00:00,83.1,25,bid,Thomas Lee,WavyWalnuts,1396633
2026-07-01T01:07:54.364450,2026-07-01T01:07:54.375772+00:00,83.1,2,bid,Harry North,WavyWalnuts,1396642
2026-07-01T01:07:57.218025,2026-07-01T01:07:57.225426+00:00,83.1,200,bid,WavyWalnuts,YieldingYams,1396692
2026-07-01T01:07:58.429148,2026-07-01T01:07:58.439244+00:00,83.1,200,ask,YieldingYams,WavyWalnuts,1396714
2026-07-01T01:07:59.554227,2026-07-01T01:07:59.564862+00:00,83.0,4,ask,Kelvin Chan,YieldingYams,1396739
2026-07-01T01:07:59.637803,2026-07-01T01:07:59.647070+00:00,83.0,200,bid,WavyWalnuts,YieldingYams,1396741
2026-07-01T01:08:00.862050,2026-07-01T01:08:00.865529+00:00,83.1,200,bid,YieldingYams,WavyWalnuts,1396766
2026-07-01T01:08:02.175802,2026-07-01T01:08:02.186372+00:00,83.2,200,ask,WavyWalnuts,YieldingYams,1396786
2026-07-01T01:08:03.258889,2026-07-01T01:08:03.261961+00:00,83.1,200,bid,WavyWalnuts,YieldingYams,1396803
2026-07-01T01:08:05.829782,2026-07-01T01:08:05.835743+00:00,83.3,20,bid,BrilliantBurritos,YieldingYams,1396858
2026-07-01T01:08:06.107080,2026-07-01T01:08:06.112485+00:00,83.3,200,bid,YieldingYams,WavyWalnuts,1396868
2026-07-01T01:08:06.902973,2026-07-01T01:08:06.910978+00:00,83.4,1,bid,WavyWalnuts,Kelvin Chan,1396887
2026-07-01T01:08:06.902973,2026-07-01T01:08:06.910978+00:00,83.5,199,bid,WavyWalnuts,YieldingYams,1396888
2026-07-01T01:08:07.517642,2026-07-01T01:08:07.525448+00:00,83.2,20,ask,YieldingYams,BrilliantBurritos,1396902
2026-07-01T01:08:08.115629,2026-07-01T01:08:08.120229+00:00,83.3,200,bid,WavyWalnuts,YieldingYams,1396918
2026-07-01T01:08:09.272174,2026-07-01T01:08:09.277191+00:00,83.4,25,bid,Thomas Lee,AverageAlmonds,1396941
2026-07-01T01:08:09.937305,2026-07-01T01:08:09.943336+00:00,83.3,20,bid,BrilliantBurritos,WavyWalnuts,1396955
2026-07-01T01:08:11.753284,2026-07-01T01:08:11.758470+00:00,83.2,200,ask,YieldingYams,WavyWalnuts,1396998
2026-07-01T01:08:12.238206,2026-07-01T01:08:12.241643+00:00,83.4,20,bid,BrilliantBurritos,YieldingYams,1397010
2026-07-01T01:08:12.400113,2026-07-01T01:08:12.406073+00:00,83.4,2,bid,Harry North,YieldingYams,1397016
2026-07-01T01:08:12.416727,2026-07-01T01:08:12.426585+00:00,83.4,2,bid,Harry North,YieldingYams,1397019
2026-07-01T01:08:12.959970,2026-07-01T01:08:12.968666+00:00,83.2,200,bid,WavyWalnuts,YieldingYams,1397025
2026-07-01T01:08:14.374378,2026-07-01T01:08:14.385323+00:00,83.4,1,bid,Xuanyu Liu,Kelvin Chan,1397066
2026-07-01T01:08:14.374378,2026-07-01T01:08:14.385323+00:00,83.4,2,bid,Xuanyu Liu,WavyWalnuts,1397067
2026-07-01T01:08:14.578036,2026-07-01T01:08:14.580210+00:00,83.4,25,bid,Alice Feng,WavyWalnuts,1397073
2026-07-01T01:08:14.793257,2026-07-01T01:08:14.795768+00:00,83.4,25,bid,Alice Feng,WavyWalnuts,1397077
2026-07-01T01:08:14.797526,2026-07-01T01:08:14.806141+00:00,83.3,2,ask,YieldingYams,Alice Feng,1397078
2026-07-01T01:08:15.002036,2026-07-01T01:08:15.011085+00:00,83.3,1,ask,YieldingYams,Alice Feng,1397080
2026-07-01T01:08:16.350663,2026-07-01T01:08:16.355897+00:00,83.4,20,bid,BrilliantBurritos,AverageAlmonds,1397122
2026-07-01T01:08:16.605988,2026-07-01T01:08:16.611726+00:00,83.4,200,bid,WavyWalnuts,AverageAlmonds,1397127
2026-07-01T01:08:17.372398,2026-07-01T01:08:17.379848+00:00,83.2,20,ask,YieldingYams,BrilliantBurritos,1397135
2026-07-01T01:08:17.938629,2026-07-01T01:08:17.945380+00:00,83.3,200,ask,WavyWalnuts,YieldingYams,1397152
2026-07-01T01:08:19.251244,2026-07-01T01:08:19.258825+00:00,83.3,200,bid,YieldingYams,WavyWalnuts,1397180
2026-07-01T01:08:20.567182,2026-07-01T01:08:20.571483+00:00,83.3,200,ask,WavyWalnuts,YieldingYams,1397204
2026-07-01T01:08:21.028369,2026-07-01T01:08:21.033275+00:00,83.1,3,ask,Kelvin Chan,BrilliantBurritos,1397223
2026-07-01T01:08:21.028369,2026-07-01T01:08:21.033275+00:00,83.1,17,ask,YieldingYams,BrilliantBurritos,1397224
2026-07-01T01:08:21.321021,2026-07-01T01:08:21.330169+00:00,83.3,25,bid,Thomas Lee,YieldingYams,1397229
2026-07-01T01:08:21.433697,2026-07-01T01:08:21.443066+00:00,83.3,1,bid,Harry North,YieldingYams,1397232
2026-07-01T01:08:22.659010,2026-07-01T01:08:22.667377+00:00,83.2,200,ask,YieldingYams,WavyWalnuts,1397269
2026-07-01T01:08:24.956263,2026-07-01T01:08:24.960295+00:00,83.2,20,bid,BrilliantBurritos,WavyWalnuts,1397302
2026-07-01T01:08:25.798363,2026-07-01T01:08:25.801777+00:00,83.2,200,bid,YieldingYams,WavyWalnuts,1397322
2026-07-01T01:08:27.235594,2026-07-01T01:08:27.237781+00:00,83.2,25,bid,Alice Feng,YieldingYams,1397352
2026-07-01T01:08:27.474491,2026-07-01T01:08:27.484203+00:00,83.2,25,bid,Alice Feng,YieldingYams,1397354
2026-07-01T01:08:27.488747,2026-07-01T01:08:27.494502+00:00,83.2,1,bid,Harry North,YieldingYams,1397355
2026-07-01T01:08:27.690603,2026-07-01T01:08:27.699821+00:00,83.2,25,bid,Alice Feng,YieldingYams,1397366
2026-07-01T01:08:27.900898,2026-07-01T01:08:27.905324+00:00,83.2,25,bid,Alice Feng,YieldingYams,1397381
2026-07-01T01:08:28.111166,2026-07-01T01:08:28.121165+00:00,83.2,25,bid,Alice Feng,YieldingYams,1397388
2026-07-01T01:08:28.116336,2026-07-01T01:08:28.121165+00:00,83.1,2,ask,Kelvin Chan,Alice Feng,1397389
2026-07-01T01:08:28.321414,2026-07-01T01:08:28.326327+00:00,83.1,2,ask,YieldingYams,Alice Feng,1397393
2026-07-01T01:08:28.527483,2026-07-01T01:08:28.530829+00:00,83.2,2,ask,YieldingYams,Alice Feng,1397400
2026-07-01T01:08:28.662156,2026-07-01T01:08:28.664262+00:00,83.2,500,ask,YieldingYams,AverageAlmonds,1397403
2026-07-01T01:08:28.720987,2026-07-01T01:08:28.726236+00:00,83.2,123,ask,YieldingYams,WavyWalnuts,1397405
2026-07-01T01:08:28.734649,2026-07-01T01:08:28.746955+00:00,83.0,2,ask,WavyWalnuts,Alice Feng,1397408
2026-07-01T01:08:28.939475,2026-07-01T01:08:28.941284+00:00,83.0,2,ask,WavyWalnuts,Alice Feng,1397413
2026-07-01T01:08:29.144482,2026-07-01T01:08:29.146535+00:00,83.0,2,ask,WavyWalnuts,Alice Feng,1397424
2026-07-01T01:08:29.349685,2026-07-01T01:08:29.353271+00:00,83.1,2,ask,Kelvin Chan,Alice Feng,1397433
2026-07-01T01:08:29.555365,2026-07-01T01:08:29.557736+00:00,83.1,2,ask,Kelvin Chan,Alice Feng,1397434
2026-07-01T01:08:29.726922,2026-07-01T01:08:29.732049+00:00,83.1,1,ask,Kelvin Chan,YieldingYams,1397439
2026-07-01T01:08:29.726922,2026-07-01T01:08:29.732049+00:00,83.0,194,ask,WavyWalnuts,YieldingYams,1397440
2026-07-01T01:08:29.766068,2026-07-01T01:08:29.773242+00:00,82.9,25,bid,Alice Feng,YieldingYams,1397442
2026-07-01T01:08:29.928752,2026-07-01T01:08:29.937696+00:00,82.9,200,bid,WavyWalnuts,YieldingYams,1397445
2026-07-01T01:08:29.980098,2026-07-01T01:08:29.989204+00:00,82.9,19,bid,Alice Feng,YieldingYams,1397449
2026-07-01T01:08:30.185383,2026-07-01T01:08:30.194794+00:00,82.8,3,ask,Kelvin Chan,Xuanyu Liu,1397455
2026-07-01T01:08:30.193650,2026-07-01T01:08:30.205224+00:00,82.8,1,ask,Kelvin Chan,Alice Feng,1397458
2026-07-01T01:08:31.200299,2026-07-01T01:08:31.210468+00:00,82.9,25,ask,YieldingYams,Alice Feng,1397477
2026-07-01T01:08:31.410732,2026-07-01T01:08:31.415069+00:00,83.0,4,ask,Kelvin Chan,Alice Feng,1397479
2026-07-01T01:08:31.424485,2026-07-01T01:08:31.435642+00:00,82.9,2,ask,YieldingYams,Alice Feng,1397483
2026-07-01T01:08:31.629507,2026-07-01T01:08:31.640589+00:00,82.9,2,ask,YieldingYams,Alice Feng,1397489
2026-07-01T01:08:31.834787,2026-07-01T01:08:31.836827+00:00,82.9,2,ask,YieldingYams,Alice Feng,1397494
2026-07-01T01:08:32.040597,2026-07-01T01:08:32.042692+00:00,82.9,2,ask,YieldingYams,Alice Feng,1397495
2026-07-01T01:08:32.247641,2026-07-01T01:08:32.257550+00:00,83.0,2,ask,YieldingYams,Alice Feng,1397496
2026-07-01T01:08:32.350975,2026-07-01T01:08:32.360895+00:00,83.0,4,ask,Kelvin Chan,WavyWalnuts,1397498
2026-07-01T01:08:32.350975,2026-07-01T01:08:32.360895+00:00,83.0,196,ask,YieldingYams,WavyWalnuts,1397499
2026-07-01T01:08:32.453608,2026-07-01T01:08:32.463547+00:00,83.0,2,ask,YieldingYams,Alice Feng,1397504
2026-07-01T01:08:32.661639,2026-07-01T01:08:32.668224+00:00,83.0,2,ask,Kelvin Chan,Alice Feng,1397511
2026-07-01T01:08:32.866915,2026-07-01T01:08:32.873038+00:00,83.0,2,ask,YieldingYams,Alice Feng,1397516
2026-07-01T01:08:33.659318,2026-07-01T01:08:33.671189+00:00,83.1,200,ask,WavyWalnuts,YieldingYams,1397527
2026-07-01T01:08:36.949832,2026-07-01T01:08:36.957738+00:00,83.0,5,ask,Kelvin Chan,BrilliantBurritos,1397574
2026-07-01T01:08:36.949832,2026-07-01T01:08:36.957738+00:00,83.0,15,ask,YieldingYams,BrilliantBurritos,1397575
2026-07-01T01:08:37.209734,2026-07-01T01:08:37.214100+00:00,83.0,200,ask,YieldingYams,WavyWalnuts,1397578
2026-07-01T01:08:37.604156,2026-07-01T01:08:37.612802+00:00,83.0,3,bid,Xuanyu Liu,YieldingYams,1397585
2026-07-01T01:08:37.685873,2026-07-01T01:08:37.695568+00:00,83.0,25,bid,Alice Feng,YieldingYams,1397588
2026-07-01T01:08:37.900889,2026-07-01T01:08:37.911966+00:00,83.0,21,bid,Alice Feng,YieldingYams,1397590
2026-07-01T01:08:39.577362,2026-07-01T01:08:39.591974+00:00,83.0,2,bid,Harry North,YieldingYams,1397633
2026-07-01T01:08:40.214996,2026-07-01T01:08:40.218376+00:00,83.0,200,bid,YieldingYams,WavyWalnuts,1397643
2026-07-01T01:08:40.835042,2026-07-01T01:08:40.844260+00:00,83.0,200,ask,YieldingYams,WavyWalnuts,1397654
2026-07-01T01:08:41.536590,2026-07-01T01:08:41.541131+00:00,82.9,1,ask,Kelvin Chan,YieldingYams,1397669
2026-07-01T01:08:42.040320,2026-07-01T01:08:42.045389+00:00,82.9,200,bid,WavyWalnuts,YieldingYams,1397673
2026-07-01T01:08:44.460814,2026-07-01T01:08:44.462554+00:00,83.0,200,bid,WavyWalnuts,YieldingYams,1397716
2026-07-01T01:08:45.672869,2026-07-01T01:08:45.682801+00:00,83.0,200,ask,YieldingYams,WavyWalnuts,1397741
2026-07-01T01:08:46.880381,2026-07-01T01:08:46.885622+00:00,83.0,200,ask,YieldingYams,WavyWalnuts,1397775
2026-07-01T01:08:48.095399,2026-07-01T01:08:48.105962+00:00,83.1,200,bid,WavyWalnuts,AverageAlmonds,1397797
2026-07-01T01:08:48.117485,2026-07-01T01:08:48.128727+00:00,82.9,11,bid,Xuanyu Liu,YieldingYams,1397800
2026-07-01T01:08:48.639194,2026-07-01T01:08:48.642451+00:00,82.9,2,bid,Harry North,YieldingYams,1397817
2026-07-01T01:08:49.308237,2026-07-01T01:08:49.309831+00:00,82.9,200,bid,WavyWalnuts,YieldingYams,1397835
2026-07-01T01:08:50.526937,2026-07-01T01:08:50.528495+00:00,82.9,200,ask,YieldingYams,WavyWalnuts,1397864
2026-07-01T01:08:50.740963,2026-07-01T01:08:50.743331+00:00,83.0,20,bid,BrilliantBurritos,YieldingYams,1397870
2026-07-01T01:08:56.590619,2026-07-01T01:08:56.598065+00:00,82.8,2,ask,Kelvin Chan,WavyWalnuts,1397978
2026-07-01T01:08:57.707463,2026-07-01T01:08:57.715368+00:00,82.8,2,bid,Harry North,WavyWalnuts,1397992
2026-07-01T01:08:57.800603,2026-07-01T01:08:57.808178+00:00,82.7,2,ask,Kelvin Chan,WavyWalnuts,1397997
2026-07-01T01:08:58.587417,2026-07-01T01:08:58.590377+00:00,82.7,198,bid,YieldingYams,WavyWalnuts,1398010
2026-07-01T01:08:58.765910,2026-07-01T01:08:58.780145+00:00,82.8,3,ask,Kelvin Chan,Xuanyu Liu,1398013
2026-07-01T01:08:59.008117,2026-07-01T01:08:59.018878+00:00,82.8,4,ask,Kelvin Chan,Xuanyu Liu,1398018
2026-07-01T01:08:59.011960,2026-07-01T01:08:59.018878+00:00,82.7,200,ask,YieldingYams,WavyWalnuts,1398019
2026-07-01T01:09:00.813662,2026-07-01T01:09:00.815448+00:00,82.7,2,ask,Kelvin Chan,Harry North,1398055
2026-07-01T01:09:00.813662,2026-07-01T01:09:00.825852+00:00,82.7,8,ask,WavyWalnuts,Harry North,1398056
2026-07-01T01:09:00.838885,2026-07-01T01:09:00.846563+00:00,82.7,10,ask,WavyWalnuts,Harry North,1398061
2026-07-01T01:09:01.208009,2026-07-01T01:09:01.216991+00:00,82.7,182,ask,WavyWalnuts,YieldingYams,1398067
2026-07-01T01:09:01.426012,2026-07-01T01:09:01.434099+00:00,82.6,200,ask,AverageAlmonds,WavyWalnuts,1398074
2026-07-01T01:09:02.525635,2026-07-01T01:09:02.534966+00:00,82.8,4,ask,YieldingYams,Xuanyu Liu,1398095
2026-07-01T01:09:02.633173,2026-07-01T01:09:02.638041+00:00,82.8,200,ask,YieldingYams,WavyWalnuts,1398103
2026-07-01T01:09:04.074805,2026-07-01T01:09:04.084447+00:00,82.7,3,ask,AverageAlmonds,Xuanyu Liu,1398132
2026-07-01T01:09:05.154684,2026-07-01T01:09:05.161735+00:00,82.7,200,bid,YieldingYams,WavyWalnuts,1398154
2026-07-01T01:09:06.467109,2026-07-01T01:09:06.472926+00:00,82.7,200,ask,WavyWalnuts,YieldingYams,1398191
2026-07-01T01:09:06.889446,2026-07-01T01:09:06.893447+00:00,82.7,10,bid,Harry North,YieldingYams,1398199
2026-07-01T01:09:06.903493,2026-07-01T01:09:06.914011+00:00,82.7,10,bid,Harry North,YieldingYams,1398202
2026-07-01T01:09:08.767514,2026-07-01T01:09:08.770446+00:00,82.7,25,ask,WavyWalnuts,Alice Feng,1398245
2026-07-01T01:09:08.977530,2026-07-01T01:09:08.985158+00:00,82.7,25,ask,WavyWalnuts,Alice Feng,1398255
2026-07-01T01:09:09.084665,2026-07-01T01:09:09.087653+00:00,82.7,150,ask,WavyWalnuts,YieldingYams,1398261
2026-07-01T01:09:09.220847,2026-07-01T01:09:09.231186+00:00,82.6,475,bid,AverageAlmonds,YieldingYams,1398263
2026-07-01T01:09:10.390296,2026-07-01T01:09:10.399056+00:00,82.7,200,bid,YieldingYams,WavyWalnuts,1398288
2026-07-01T01:09:10.592782,2026-07-01T01:09:10.603931+00:00,82.8,25,ask,YieldingYams,Alice Feng,1398291
2026-07-01T01:09:10.802365,2026-07-01T01:09:10.808368+00:00,82.8,25,ask,YieldingYams,Alice Feng,1398293
2026-07-01T01:09:11.127783,2026-07-01T01:09:11.136452+00:00,82.8,200,ask,YieldingYams,WavyWalnuts,1398306
2026-07-01T01:09:12.083323,2026-07-01T01:09:12.088589+00:00,82.9,20,bid,BrilliantBurritos,YieldingYams,1398314
2026-07-01T01:09:14.822912,2026-07-01T01:09:14.826994+00:00,82.9,25,ask,WavyWalnuts,Alice Feng,1398368
2026-07-01T01:09:15.045361,2026-07-01T01:09:15.053584+00:00,82.9,25,ask,WavyWalnuts,Alice Feng,1398381
2026-07-01T01:09:15.256747,2026-07-01T01:09:15.258771+00:00,82.9,25,ask,WavyWalnuts,Alice Feng,1398389
2026-07-01T01:09:15.469382,2026-07-01T01:09:15.474276+00:00,82.9,25,ask,WavyWalnuts,Alice Feng,1398395
2026-07-01T01:09:15.479991,2026-07-01T01:09:15.484550+00:00,83.0,2,bid,Alice Feng,Kelvin Chan,1398397
2026-07-01T01:09:15.627936,2026-07-01T01:09:15.638072+00:00,82.9,100,ask,WavyWalnuts,YieldingYams,1398399
2026-07-01T01:09:15.685201,2026-07-01T01:09:15.689523+00:00,82.9,2,bid,Alice Feng,YieldingYams,1398400
2026-07-01T01:09:15.897552,2026-07-01T01:09:15.905643+00:00,82.9,2,bid,Alice Feng,YieldingYams,1398402
2026-07-01T01:09:15.928559,2026-07-01T01:09:15.936519+00:00,82.7,10,ask,YieldingYams,Harry North,1398404
2026-07-01T01:09:15.934936,2026-07-01T01:09:15.936519+00:00,82.7,10,ask,YieldingYams,Harry North,1398405
2026-07-01T01:09:15.967238,2026-07-01T01:09:15.977642+00:00,82.9,200,bid,WavyWalnuts,YieldingYams,1398408
2026-07-01T01:09:17.176077,2026-07-01T01:09:17.187753+00:00,82.9,200,ask,YieldingYams,WavyWalnuts,1398441
2026-07-01T01:09:17.493623,2026-07-01T01:09:17.495417+00:00,83.0,8,bid,BrilliantBurritos,Kelvin Chan,1398448
2026-07-01T01:09:17.493623,2026-07-01T01:09:17.505687+00:00,83.0,12,bid,BrilliantBurritos,AverageAlmonds,1398449
2026-07-01T01:09:19.560157,2026-07-01T01:09:19.579247+00:00,82.9,200,ask,WavyWalnuts,YieldingYams,1398499
2026-07-01T01:09:19.569887,2026-07-01T01:09:19.579247+00:00,82.9,3,bid,Xuanyu Liu,YieldingYams,1398500
2026-07-01T01:09:19.606397,2026-07-01T01:09:19.618630+00:00,82.8,11,bid,Xuanyu Liu,WavyWalnuts,1398503
2026-07-01T01:09:19.716737,2026-07-01T01:09:19.721049+00:00,82.8,25,bid,Alice Feng,WavyWalnuts,1398506
2026-07-01T01:09:19.926809,2026-07-01T01:09:19.936128+00:00,82.8,25,bid,Alice Feng,WavyWalnuts,1398514
2026-07-01T01:09:20.147330,2026-07-01T01:09:20.151246+00:00,82.8,25,bid,Alice Feng,WavyWalnuts,1398520
2026-07-01T01:09:20.356562,2026-07-01T01:09:20.358476+00:00,82.8,25,bid,Alice Feng,WavyWalnuts,1398534
2026-07-01T01:09:20.566565,2026-07-01T01:09:20.573760+00:00,82.8,25,bid,Alice Feng,WavyWalnuts,1398541
2026-07-01T01:09:20.775624,2026-07-01T01:09:20.778817+00:00,82.8,25,bid,Alice Feng,WavyWalnuts,1398546
2026-07-01T01:09:20.874732,2026-07-01T01:09:20.885789+00:00,82.8,14,ask,WavyWalnuts,Xuanyu Liu,1398556
2026-07-01T01:09:20.980959,2026-07-01T01:09:20.988253+00:00,82.8,25,ask,WavyWalnuts,Alice Feng,1398559
2026-07-01T01:09:21.191715,2026-07-01T01:09:21.202994+00:00,82.8,25,ask,WavyWalnuts,Alice Feng,1398563
2026-07-01T01:09:21.401302,2026-07-01T01:09:21.408130+00:00,82.8,25,ask,WavyWalnuts,Alice Feng,1398568
2026-07-01T01:09:21.416363,2026-07-01T01:09:21.418426+00:00,82.9,2,bid,Alice Feng,YieldingYams,1398570
2026-07-01T01:09:21.621119,2026-07-01T01:09:21.623274+00:00,82.9,2,bid,Alice Feng,YieldingYams,1398576
2026-07-01T01:09:21.826623,2026-07-01T01:09:21.828316+00:00,82.9,2,bid,Alice Feng,YieldingYams,1398584
2026-07-01T01:09:22.045300,2026-07-01T01:09:22.054047+00:00,82.9,2,bid,Alice Feng,YieldingYams,1398592
2026-07-01T01:09:22.250622,2026-07-01T01:09:22.259077+00:00,82.9,2,bid,Alice Feng,AverageAlmonds,1398597
2026-07-01T01:09:22.456207,2026-07-01T01:09:22.464172+00:00,82.9,2,bid,Alice Feng,WavyWalnuts,1398602
2026-07-01T01:09:22.662604,2026-07-01T01:09:22.668733+00:00,82.9,2,bid,Alice Feng,AverageAlmonds,1398605
2026-07-01T01:09:24.825936,2026-07-01T01:09:24.833415+00:00,82.9,500,bid,YieldingYams,AverageAlmonds,1398650
2026-07-01T01:09:24.825936,2026-07-01T01:09:24.833415+00:00,82.9,125,bid,YieldingYams,WavyWalnuts,1398651
2026-07-01T01:09:25.249702,2026-07-01T01:09:25.255948+00:00,82.7,20,ask,WavyWalnuts,BrilliantBurritos,1398666
2026-07-01T01:09:25.666532,2026-07-01T01:09:25.676008+00:00,82.8,200,bid,WavyWalnuts,AverageAlmonds,1398675
2026-07-01T01:09:26.142031,2026-07-01T01:09:26.156086+00:00,82.6,1,ask,Kelvin Chan,YieldingYams,1398680
2026-07-01T01:09:26.147386,2026-07-01T01:09:26.156086+00:00,82.6,3,bid,Xuanyu Liu,YieldingYams,1398681
2026-07-01T01:09:26.279320,2026-07-01T01:09:26.289861+00:00,82.6,25,bid,Alice Feng,YieldingYams,1398687
2026-07-01T01:09:26.491251,2026-07-01T01:09:26.494022+00:00,82.6,25,bid,Alice Feng,YieldingYams,1398692
2026-07-01T01:09:26.700776,2026-07-01T01:09:26.708966+00:00,82.6,25,bid,Alice Feng,YieldingYams,1398699
2026-07-01T01:09:26.876490,2026-07-01T01:09:26.883204+00:00,82.6,200,bid,WavyWalnuts,YieldingYams,1398703
2026-07-01T01:09:26.910679,2026-07-01T01:09:26.914073+00:00,82.6,25,bid,Alice Feng,YieldingYams,1398706
2026-07-01T01:09:27.191902,2026-07-01T01:09:27.200555+00:00,82.5,3,ask,Kelvin Chan,Xuanyu Liu,1398716
2026-07-01T01:09:27.980206,2026-07-01T01:09:27.989801+00:00,82.6,10,bid,Harry North,YieldingYams,1398738
2026-07-01T01:09:28.013138,2026-07-01T01:09:28.020794+00:00,82.6,10,bid,Harry North,YieldingYams,1398740
2026-07-01T01:09:29.296597,2026-07-01T01:09:29.302475+00:00,82.5,3,ask,Kelvin Chan,WavyWalnuts,1398769
2026-07-01T01:09:29.296597,2026-07-01T01:09:29.302475+00:00,82.5,197,ask,AverageAlmonds,WavyWalnuts,1398770
2026-07-01T01:09:31.045467,2026-07-01T01:09:31.053143+00:00,82.6,1,bid,Harry North,WavyWalnuts,1398808
2026-07-01T01:09:31.375990,2026-07-01T01:09:31.380676+00:00,82.6,199,bid,YieldingYams,WavyWalnuts,1398814
2026-07-01T01:09:31.713396,2026-07-01T01:09:31.717877+00:00,82.7,200,ask,YieldingYams,WavyWalnuts,1398819
2026-07-01T01:09:32.688824,2026-07-01T01:09:32.690715+00:00,82.5,7,ask,Kelvin Chan,YieldingYams,1398845
2026-07-01T01:09:32.921565,2026-07-01T01:09:32.926131+00:00,82.5,200,bid,WavyWalnuts,YieldingYams,1398848
2026-07-01T01:09:34.132876,2026-07-01T01:09:34.143891+00:00,82.6,200,bid,WavyWalnuts,YieldingYams,1398880
2026-07-01T01:09:35.531210,2026-07-01T01:09:35.536095+00:00,82.5,25,ask,WavyWalnuts,Alice Feng,1398907
2026-07-01T01:09:35.744922,2026-07-01T01:09:35.751396+00:00,82.5,25,ask,WavyWalnuts,Alice Feng,1398913
2026-07-01T01:09:36.548670,2026-07-01T01:09:36.551276+00:00,82.6,200,bid,WavyWalnuts,YieldingYams,1398930
2026-07-01T01:09:40.564175,2026-07-01T01:09:40.575765+00:00,82.7,25,ask,YieldingYams,Alice Feng,1399012
2026-07-01T01:09:40.707589,2026-07-01T01:09:40.718841+00:00,82.7,500,ask,YieldingYams,AverageAlmonds,1399015
2026-07-01T01:09:40.772650,2026-07-01T01:09:40.780110+00:00,82.7,25,ask,YieldingYams,Alice Feng,1399016
2026-07-01T01:09:40.982038,2026-07-01T01:09:40.984618+00:00,82.7,25,ask,YieldingYams,Alice Feng,1399018
2026-07-01T01:09:41.192293,2026-07-01T01:09:41.199137+00:00,82.7,25,ask,YieldingYams,Alice Feng,1399025
2026-07-01T01:09:41.302950,2026-07-01T01:09:41.312262+00:00,82.7,25,ask,YieldingYams,AverageAlmonds,1399031
2026-07-01T01:09:43.088220,2026-07-01T01:09:43.094927+00:00,82.4,1,ask,Kelvin Chan,Harry North,1399072
2026-07-01T01:09:43.088220,2026-07-01T01:09:43.094927+00:00,82.4,10,ask,YieldingYams,Harry North,1399073
2026-07-01T01:09:43.105610,2026-07-01T01:09:43.115506+00:00,82.4,11,ask,YieldingYams,Harry North,1399075
2026-07-01T01:09:43.814142,2026-07-01T01:09:43.820598+00:00,82.5,200,bid,WavyWalnuts,YieldingYams,1399090
2026-07-01T01:09:44.608299,2026-07-01T01:09:44.617834+00:00,82.5,25,ask,YieldingYams,Alice Feng,1399109
2026-07-01T01:09:44.819400,2026-07-01T01:09:44.821955+00:00,82.5,20,ask,YieldingYams,Alice Feng,1399114
2026-07-01T01:09:45.866830,2026-07-01T01:09:45.875597+00:00,82.6,20,bid,BrilliantBurritos,WavyWalnuts,1399137
2026-07-01T01:09:46.115235,2026-07-01T01:09:46.121923+00:00,82.6,11,bid,Harry North,WavyWalnuts,1399140
