timestamp,recv_time,price,volume,aggressor_side,buyer,seller,trade_id
2026-07-14T18:00:00.135985,2026-07-14T18:00:00.141116+00:00,68.9,200,bid,WavyWalnuts,YieldingYams,3531579
2026-07-14T18:00:00.541229,2026-07-14T18:00:00.541213+00:00,68.9,189,bid,AverageAlmonds,YieldingYams,3531582
2026-07-14T18:00:00.661799,2026-07-14T18:00:00.664108+00:00,68.9,2,ask,AverageAlmonds,Dinh Nguyen,3531585
2026-07-14T18:00:01.348185,2026-07-14T18:00:01.385338+00:00,68.9,23,ask,Sze-Yong Ng,WavyWalnuts,3531602
2026-07-14T18:00:01.348185,2026-07-14T18:00:01.385338+00:00,68.9,177,ask,AverageAlmonds,WavyWalnuts,3531603
2026-07-14T18:00:01.413480,2026-07-14T18:00:01.421297+00:00,69.0,2,bid,Alice Feng,YieldingYams,3531606
2026-07-14T18:00:01.895561,2026-07-14T18:00:01.904779+00:00,68.9,2,ask,AverageAlmonds,Dinh Nguyen,3531608
2026-07-14T18:00:02.666684,2026-07-14T18:00:02.673465+00:00,69.0,48,ask,WavyWalnuts,Alex To,3531626
2026-07-14T18:00:03.135556,2026-07-14T18:00:03.143179+00:00,69.0,2,ask,WavyWalnuts,Dinh Nguyen,3531635
2026-07-14T18:00:03.443297,2026-07-14T18:00:03.451612+00:00,69.1,2,bid,Alice Feng,YieldingYams,3531638
2026-07-14T18:00:03.714808,2026-07-14T18:00:03.723547+00:00,69.1,5,bid,Yinxuan Li,Sze-Yong Ng,3531645
2026-07-14T18:00:04.363557,2026-07-14T18:00:04.374058+00:00,69.0,2,ask,YieldingYams,Dinh Nguyen,3531653
2026-07-14T18:00:04.450173,2026-07-14T18:00:04.458845+00:00,69.1,2,bid,Alice Feng,Sze-Yong Ng,3531654
2026-07-14T18:00:04.955633,2026-07-14T18:00:04.959170+00:00,69.1,16,bid,YieldingYams,Sze-Yong Ng,3531665
2026-07-14T18:00:05.616612,2026-07-14T18:00:05.620629+00:00,69.1,2,ask,YieldingYams,Dinh Nguyen,3531680
2026-07-14T18:00:06.210527,2026-07-14T18:00:06.218905+00:00,69.1,200,ask,YieldingYams,WavyWalnuts,3531686
2026-07-14T18:00:06.902889,2026-07-14T18:00:06.911872+00:00,69.1,2,ask,YieldingYams,Dinh Nguyen,3531696
2026-07-14T18:00:07.418681,2026-07-14T18:00:07.424455+00:00,69.1,200,ask,YieldingYams,WavyWalnuts,3531703
2026-07-14T18:00:07.590224,2026-07-14T18:00:07.594477+00:00,69.1,17,ask,Luke Zeng,YieldingYams,3531706
2026-07-14T18:00:07.590224,2026-07-14T18:00:07.594477+00:00,69.1,92,ask,Shen Jiang,YieldingYams,3531707
2026-07-14T18:00:08.901697,2026-07-14T18:00:08.905388+00:00,69.1,200,bid,YieldingYams,WavyWalnuts,3531731
2026-07-14T18:00:08.901697,2026-07-14T18:00:08.905388+00:00,69.1,26,bid,YieldingYams,Shen Jiang,3531732
2026-07-14T18:00:09.491589,2026-07-14T18:00:09.503355+00:00,69.1,2,ask,YieldingYams,Dinh Nguyen,3531749
2026-07-14T18:00:09.960124,2026-07-14T18:00:09.967685+00:00,69.2,48,bid,Alex To,WavyWalnuts,3531764
2026-07-14T18:00:10.235852,2026-07-14T18:00:10.244705+00:00,69.1,20,ask,Luke Zeng,YieldingYams,3531769
2026-07-14T18:00:10.235852,2026-07-14T18:00:10.244705+00:00,69.1,38,ask,Sze-Yong Ng,YieldingYams,3531770
2026-07-14T18:00:10.235852,2026-07-14T18:00:10.244705+00:00,69.1,34,ask,Shen Jiang,YieldingYams,3531771
2026-07-14T18:00:10.306516,2026-07-14T18:00:10.317143+00:00,69.1,25,bid,Johan Shajee,YieldingYams,3531776
2026-07-14T18:00:10.312679,2026-07-14T18:00:10.317143+00:00,69.1,48,bid,Alex To,YieldingYams,3531777
2026-07-14T18:00:10.322332,2026-07-14T18:00:10.327863+00:00,69.1,25,bid,Lachlan Han,YieldingYams,3531779
2026-07-14T18:00:12.264782,2026-07-14T18:00:12.271721+00:00,69.1,200,bid,WavyWalnuts,YieldingYams,3531815
2026-07-14T18:00:12.853963,2026-07-14T18:00:12.862333+00:00,69.0,1,ask,YieldingYams,YUNSHEN JI,3531830
2026-07-14T18:00:12.875945,2026-07-14T18:00:12.883924+00:00,69.0,20,ask,Luke Zeng,Alex To,3531833
2026-07-14T18:00:12.879800,2026-07-14T18:00:12.883924+00:00,69.1,38,bid,YieldingYams,Sze-Yong Ng,3531834
2026-07-14T18:00:12.879800,2026-07-14T18:00:12.883924+00:00,69.1,100,bid,YieldingYams,Shen Jiang,3531835
2026-07-14T18:00:12.892342,2026-07-14T18:00:12.894720+00:00,69.1,2,ask,YieldingYams,Alex To,3531837
2026-07-14T18:00:12.919195,2026-07-14T18:00:12.927194+00:00,69.1,25,ask,YieldingYams,Johan Shajee,3531838
2026-07-14T18:00:12.932526,2026-07-14T18:00:12.938021+00:00,69.1,15,ask,YieldingYams,Lachlan Han,3531840
2026-07-14T18:00:13.009074,2026-07-14T18:00:13.014602+00:00,69.1,2,ask,YieldingYams,Alex To,3531847
2026-07-14T18:00:13.128451,2026-07-14T18:00:13.135976+00:00,69.1,2,ask,YieldingYams,Alex To,3531849
2026-07-14T18:00:13.274520,2026-07-14T18:00:13.278442+00:00,69.1,2,ask,YieldingYams,Alex To,3531852
2026-07-14T18:00:13.355610,2026-07-14T18:00:13.365605+00:00,69.1,2,ask,YieldingYams,Alex To,3531855
2026-07-14T18:00:13.390779,2026-07-14T18:00:13.398635+00:00,69.1,2,ask,YieldingYams,Alex To,3531856
2026-07-14T18:00:13.476310,2026-07-14T18:00:13.486211+00:00,69.1,200,ask,YieldingYams,WavyWalnuts,3531864
2026-07-14T18:00:13.498216,2026-07-14T18:00:13.508047+00:00,69.1,2,ask,YieldingYams,Alex To,3531865
2026-07-14T18:00:13.506819,2026-07-14T18:00:13.519083+00:00,69.1,2,ask,YieldingYams,Alice Feng,3531866
2026-07-14T18:00:13.616480,2026-07-14T18:00:13.626479+00:00,69.1,1,ask,YieldingYams,Alex To,3531868
2026-07-14T18:00:13.631168,2026-07-14T18:00:13.637323+00:00,69.1,2,ask,YieldingYams,Alex To,3531869
2026-07-14T18:00:13.743284,2026-07-14T18:00:13.755289+00:00,69.1,2,ask,YieldingYams,Alex To,3531871
2026-07-14T18:00:13.760828,2026-07-14T18:00:13.766102+00:00,69.1,2,ask,YieldingYams,Alex To,3531872
2026-07-14T18:00:13.883736,2026-07-14T18:00:13.894893+00:00,69.1,4,ask,YieldingYams,Alex To,3531875
2026-07-14T18:00:13.897475,2026-07-14T18:00:13.905754+00:00,69.1,2,ask,YieldingYams,Dinh Nguyen,3531876
2026-07-14T18:00:14.008088,2026-07-14T18:00:14.013290+00:00,69.1,3,ask,YieldingYams,Alex To,3531878
2026-07-14T18:00:14.022793,2026-07-14T18:00:14.035075+00:00,69.1,2,ask,YieldingYams,Alex To,3531879
2026-07-14T18:00:14.139850,2026-07-14T18:00:14.143633+00:00,69.1,2,ask,YieldingYams,Alex To,3531880
2026-07-14T18:00:14.204739,2026-07-14T18:00:14.208636+00:00,69.1,96,ask,Shen Jiang,YieldingYams,3531883
2026-07-14T18:00:14.204739,2026-07-14T18:00:14.208636+00:00,69.0,200,ask,WavyWalnuts,YieldingYams,3531884
2026-07-14T18:00:14.251550,2026-07-14T18:00:14.262667+00:00,69.0,4,bid,Alex To,YieldingYams,3531886
2026-07-14T18:00:14.385653,2026-07-14T18:00:14.392638+00:00,68.9,2,ask,YieldingYams,Alex To,3531893
2026-07-14T18:00:14.505186,2026-07-14T18:00:14.511226+00:00,68.9,2,ask,YieldingYams,Alice Feng,3531894
2026-07-14T18:00:14.515337,2026-07-14T18:00:14.522218+00:00,68.9,2,ask,YieldingYams,Alex To,3531895
2026-07-14T18:00:14.585574,2026-07-14T18:00:14.604518+00:00,68.9,1,ask,YieldingYams,Dinh Nguyen,3531896
2026-07-14T18:00:15.525142,2026-07-14T18:00:15.537204+00:00,69.0,20,bid,YieldingYams,Luke Zeng,3531909
2026-07-14T18:00:15.525142,2026-07-14T18:00:15.537204+00:00,69.0,68,bid,YieldingYams,Shen Jiang,3531910
2026-07-14T18:00:15.538099,2026-07-14T18:00:15.548326+00:00,69.0,2,ask,YieldingYams,Alice Feng,3531911
2026-07-14T18:00:15.935833,2026-07-14T18:00:15.943646+00:00,69.1,20,bid,BrilliantBurritos,Shen Jiang,3531924
2026-07-14T18:00:16.673799,2026-07-14T18:00:16.676429+00:00,69.1,20,bid,BrilliantBurritos,Luke Zeng,3531933
2026-07-14T18:00:16.845309,2026-07-14T18:00:16.847330+00:00,69.0,7,ask,Sze-Yong Ng,YieldingYams,3531936
2026-07-14T18:00:16.845309,2026-07-14T18:00:16.858001+00:00,69.0,200,ask,WavyWalnuts,YieldingYams,3531937
2026-07-14T18:00:16.845309,2026-07-14T18:00:16.858001+00:00,69.0,8,ask,Shen Jiang,YieldingYams,3531938
2026-07-14T18:00:17.103267,2026-07-14T18:00:17.105380+00:00,68.9,200,bid,WavyWalnuts,YieldingYams,3531942
2026-07-14T18:00:18.157055,2026-07-14T18:00:18.158949+00:00,69.1,5,bid,YieldingYams,Callis Lee,3531955
2026-07-14T18:00:18.157055,2026-07-14T18:00:18.169630+00:00,69.2,200,bid,YieldingYams,WavyWalnuts,3531956
2026-07-14T18:00:18.157055,2026-07-14T18:00:18.169630+00:00,69.2,420,bid,YieldingYams,AverageAlmonds,3531957
2026-07-14T18:00:19.121787,2026-07-14T18:00:19.124389+00:00,69.0,44,ask,WavyWalnuts,Alex To,3531968
2026-07-14T18:00:19.359482,2026-07-14T18:00:19.366621+00:00,69.0,1,ask,WavyWalnuts,YUNSHEN JI,3531978
2026-07-14T18:00:19.472270,2026-07-14T18:00:19.483872+00:00,69.0,155,ask,WavyWalnuts,YieldingYams,3531982
2026-07-14T18:00:20.196580,2026-07-14T18:00:20.203564+00:00,68.9,2,ask,WavyWalnuts,Dinh Nguyen,3531992
2026-07-14T18:00:21.438603,2026-07-14T18:00:21.442767+00:00,68.9,2,ask,WavyWalnuts,Dinh Nguyen,3531999
2026-07-14T18:00:21.952596,2026-07-14T18:00:21.963348+00:00,69.0,7,bid,WavyWalnuts,Sze-Yong Ng,3532008
2026-07-14T18:00:21.952596,2026-07-14T18:00:21.963348+00:00,69.0,193,bid,WavyWalnuts,YieldingYams,3532009
2026-07-14T18:00:22.701276,2026-07-14T18:00:22.706124+00:00,68.9,2,ask,Luke Zeng,Dinh Nguyen,3532022
2026-07-14T18:00:23.406964,2026-07-14T18:00:23.418031+00:00,69.0,16,bid,YieldingYams,Shen Jiang,3532030
2026-07-14T18:00:23.936588,2026-07-14T18:00:23.942814+00:00,69.0,2,ask,YieldingYams,Dinh Nguyen,3532035
2026-07-14T18:00:25.173566,2026-07-14T18:00:25.182276+00:00,69.0,2,ask,WavyWalnuts,Dinh Nguyen,3532048
2026-07-14T18:00:25.591971,2026-07-14T18:00:25.596822+00:00,69.1,200,bid,WavyWalnuts,YieldingYams,3532052
2026-07-14T18:00:25.986693,2026-07-14T18:00:25.996719+00:00,69.0,500,ask,YieldingYams,AverageAlmonds,3532059
2026-07-14T18:00:26.418597,2026-07-14T18:00:26.426200+00:00,69.0,2,ask,Shen Jiang,Dinh Nguyen,3532075
2026-07-14T18:00:27.747591,2026-07-14T18:00:27.757360+00:00,69.0,2,ask,WavyWalnuts,Dinh Nguyen,3532094
2026-07-14T18:00:27.897377,2026-07-14T18:00:27.909444+00:00,69.0,20,ask,WavyWalnuts,BrilliantBurritos,3532096
2026-07-14T18:00:28.025685,2026-07-14T18:00:28.038315+00:00,69.1,3,bid,WavyWalnuts,Luke Zeng,3532098
2026-07-14T18:00:28.025685,2026-07-14T18:00:28.038315+00:00,69.1,197,bid,WavyWalnuts,YieldingYams,3532099
2026-07-14T18:00:28.568716,2026-07-14T18:00:28.573235+00:00,69.1,25,bid,Johan Shajee,YieldingYams,3532111
2026-07-14T18:00:28.571888,2026-07-14T18:00:28.584198+00:00,69.1,18,bid,Alex To,YieldingYams,3532112
2026-07-14T18:00:28.575243,2026-07-14T18:00:28.584198+00:00,69.0,2,ask,Shen Jiang,Johan Shajee,3532113
2026-07-14T18:00:28.654693,2026-07-14T18:00:28.660083+00:00,69.0,96,ask,Shen Jiang,YieldingYams,3532114
2026-07-14T18:00:28.696026,2026-07-14T18:00:28.703558+00:00,68.9,30,bid,Alex To,YieldingYams,3532119
2026-07-14T18:00:29.049191,2026-07-14T18:00:29.052773+00:00,68.9,1,bid,YUNSHEN JI,YieldingYams,3532133
2026-07-14T18:00:29.238286,2026-07-14T18:00:29.247716+00:00,68.9,200,bid,WavyWalnuts,YieldingYams,3532136
2026-07-14T18:00:29.373337,2026-07-14T18:00:29.376895+00:00,68.9,25,bid,Dinh Nguyen,YieldingYams,3532137
2026-07-14T18:00:29.647353,2026-07-14T18:00:29.652369+00:00,68.9,1,bid,YUNSHEN JI,YieldingYams,3532143
2026-07-14T18:00:29.779870,2026-07-14T18:00:29.784462+00:00,68.9,25,bid,Lachlan Han,YieldingYams,3532148
2026-07-14T18:00:29.963277,2026-07-14T18:00:29.972377+00:00,68.9,64,bid,YieldingYams,Shen Jiang,3532156
2026-07-14T18:00:30.017530,2026-07-14T18:00:30.027342+00:00,68.9,2,ask,YieldingYams,Johan Shajee,3532157
2026-07-14T18:00:30.243781,2026-07-14T18:00:30.255938+00:00,68.9,2,ask,YieldingYams,Johan Shajee,3532166
2026-07-14T18:00:30.452249,2026-07-14T18:00:30.460585+00:00,68.9,2,ask,YieldingYams,Dinh Nguyen,3532175
2026-07-14T18:00:30.657586,2026-07-14T18:00:30.665495+00:00,68.9,2,ask,YieldingYams,Alice Feng,3532177
2026-07-14T18:00:30.728398,2026-07-14T18:00:30.740921+00:00,68.9,2,ask,YieldingYams,Johan Shajee,3532179
2026-07-14T18:00:30.903567,2026-07-14T18:00:30.916042+00:00,68.9,2,ask,YieldingYams,Johan Shajee,3532183
2026-07-14T18:00:31.275052,2026-07-14T18:00:31.287616+00:00,69.0,200,bid,YieldingYams,WavyWalnuts,3532194
2026-07-14T18:00:31.275052,2026-07-14T18:00:31.287616+00:00,69.0,425,bid,YieldingYams,AverageAlmonds,3532195
2026-07-14T18:00:32.431690,2026-07-14T18:00:32.437350+00:00,68.9,20,ask,Sze-Yong Ng,BrilliantBurritos,3532217
2026-07-14T18:00:32.874532,2026-07-14T18:00:32.879474+00:00,69.0,200,bid,WavyWalnuts,YieldingYams,3532223
2026-07-14T18:00:33.805169,2026-07-14T18:00:33.808693+00:00,69.0,5,bid,Yinxuan Li,YieldingYams,3532241
2026-07-14T18:00:35.167702,2026-07-14T18:00:35.171954+00:00,69.0,20,bid,BrilliantBurritos,YieldingYams,3532256
2026-07-14T18:00:35.217655,2026-07-14T18:00:35.226688+00:00,68.9,59,ask,Sze-Yong Ng,YieldingYams,3532257
2026-07-14T18:00:35.217655,2026-07-14T18:00:35.226688+00:00,68.9,64,ask,Shen Jiang,YieldingYams,3532258
2026-07-14T18:00:35.217655,2026-07-14T18:00:35.226688+00:00,68.9,20,ask,Luke Zeng,YieldingYams,3532259
2026-07-14T18:00:35.289827,2026-07-14T18:00:35.302114+00:00,68.9,25,bid,Johan Shajee,YieldingYams,3532262
2026-07-14T18:00:35.301829,2026-07-14T18:00:35.312945+00:00,68.8,5,ask,Callis Lee,WavyWalnuts,3532263
2026-07-14T18:00:35.301829,2026-07-14T18:00:35.312945+00:00,68.8,195,ask,YieldingYams,WavyWalnuts,3532264
2026-07-14T18:00:35.324722,2026-07-14T18:00:35.335023+00:00,68.9,48,bid,Alex To,YieldingYams,3532271
2026-07-14T18:00:35.401655,2026-07-14T18:00:35.411391+00:00,68.9,6,bid,Lachlan Han,YieldingYams,3532276
2026-07-14T18:00:36.513932,2026-07-14T18:00:36.523928+00:00,68.8,200,ask,YieldingYams,WavyWalnuts,3532293
2026-07-14T18:00:36.534627,2026-07-14T18:00:36.546265+00:00,68.8,1,ask,Sze-Yong Ng,YieldingYams,3532294
2026-07-14T18:00:36.534627,2026-07-14T18:00:36.546265+00:00,68.8,20,ask,Luke Zeng,YieldingYams,3532295
2026-07-14T18:00:36.614712,2026-07-14T18:00:36.621519+00:00,68.8,25,bid,Lachlan Han,YieldingYams,3532298
2026-07-14T18:00:36.707564,2026-07-14T18:00:36.718955+00:00,68.8,25,bid,Johan Shajee,YieldingYams,3532302
2026-07-14T18:00:36.764896,2026-07-14T18:00:36.773449+00:00,68.8,2,bid,YUNSHEN JI,YieldingYams,3532304
2026-07-14T18:00:36.784218,2026-07-14T18:00:36.795534+00:00,68.8,37,bid,Alice Feng,YieldingYams,3532306
2026-07-14T18:00:36.829308,2026-07-14T18:00:36.838716+00:00,68.8,25,bid,Lachlan Han,YieldingYams,3532308
2026-07-14T18:00:36.917897,2026-07-14T18:00:36.925139+00:00,68.8,25,bid,Johan Shajee,YieldingYams,3532311
2026-07-14T18:00:37.042156,2026-07-14T18:00:37.055386+00:00,68.8,3,bid,Callis Lee,YieldingYams,3532315
2026-07-14T18:00:37.045779,2026-07-14T18:00:37.055386+00:00,68.8,25,bid,Lachlan Han,YieldingYams,3532316
2026-07-14T18:00:37.129691,2026-07-14T18:00:37.132517+00:00,68.8,25,bid,Dinh Nguyen,YieldingYams,3532324
2026-07-14T18:00:37.655017,2026-07-14T18:00:37.658872+00:00,68.8,25,bid,Johan Shajee,YieldingYams,3532334
2026-07-14T18:00:37.724328,2026-07-14T18:00:37.734936+00:00,68.7,200,ask,YieldingYams,WavyWalnuts,3532337
2026-07-14T18:00:37.922583,2026-07-14T18:00:37.931894+00:00,68.7,2,ask,Luke Zeng,Dinh Nguyen,3532343
2026-07-14T18:00:38.133227,2026-07-14T18:00:38.136265+00:00,68.7,18,ask,Luke Zeng,Alex To,3532353
2026-07-14T18:00:38.133227,2026-07-14T18:00:38.147314+00:00,68.7,2,ask,YieldingYams,Alice Feng,3532354
2026-07-14T18:00:38.803735,2026-07-14T18:00:38.805616+00:00,68.7,2,ask,YieldingYams,Alex To,3532362
2026-07-14T18:00:38.877892,2026-07-14T18:00:38.880543+00:00,68.8,5,bid,Yinxuan Li,Luke Zeng,3532364
2026-07-14T18:00:38.939206,2026-07-14T18:00:38.944453+00:00,68.7,200,ask,YieldingYams,WavyWalnuts,3532365
2026-07-14T18:00:39.170584,2026-07-14T18:00:39.179924+00:00,68.6,2,ask,WavyWalnuts,Dinh Nguyen,3532368
2026-07-14T18:00:40.424583,2026-07-14T18:00:40.430765+00:00,68.6,2,ask,Luke Zeng,Dinh Nguyen,3532380
2026-07-14T18:00:40.473107,2026-07-14T18:00:40.485871+00:00,68.6,10,ask,Luke Zeng,YieldingYams,3532383
2026-07-14T18:00:40.473107,2026-07-14T18:00:40.485871+00:00,68.6,200,ask,WavyWalnuts,YieldingYams,3532384
2026-07-14T18:00:41.783285,2026-07-14T18:00:41.787856+00:00,68.6,200,bid,YieldingYams,WavyWalnuts,3532404
2026-07-14T18:00:41.783285,2026-07-14T18:00:41.787856+00:00,68.6,58,bid,YieldingYams,Shen Jiang,3532405
2026-07-14T18:00:41.783285,2026-07-14T18:00:41.798959+00:00,68.6,20,bid,YieldingYams,Luke Zeng,3532406
2026-07-14T18:00:41.840476,2026-07-14T18:00:41.843290+00:00,68.6,2,ask,YieldingYams,Alice Feng,3532410
2026-07-14T18:00:41.885823,2026-07-14T18:00:41.897881+00:00,68.6,28,ask,YieldingYams,Alex To,3532412
2026-07-14T18:00:41.958711,2026-07-14T18:00:41.963534+00:00,68.6,2,ask,YieldingYams,YUNSHEN JI,3532417
2026-07-14T18:00:42.850625,2026-07-14T18:00:42.856219+00:00,68.6,2,ask,YieldingYams,Alice Feng,3532426
2026-07-14T18:00:42.951805,2026-07-14T18:00:42.954707+00:00,68.6,2,ask,YieldingYams,Dinh Nguyen,3532428
2026-07-14T18:00:43.660122,2026-07-14T18:00:43.666376+00:00,68.7,8,bid,Shen Jiang,Sze-Yong Ng,3532433
2026-07-14T18:00:43.857822,2026-07-14T18:00:43.862329+00:00,68.6,2,ask,WavyWalnuts,Alice Feng,3532435
2026-07-14T18:00:44.215642,2026-07-14T18:00:44.220334+00:00,68.6,2,ask,WavyWalnuts,Alice Feng,3532438
2026-07-14T18:00:44.865326,2026-07-14T18:00:44.869328+00:00,68.6,2,ask,WavyWalnuts,Dinh Nguyen,3532455
2026-07-14T18:00:44.983800,2026-07-14T18:00:44.989041+00:00,68.7,34,bid,WavyWalnuts,Sze-Yong Ng,3532456
2026-07-14T18:00:44.983800,2026-07-14T18:00:44.989041+00:00,68.7,20,bid,WavyWalnuts,Luke Zeng,3532457
2026-07-14T18:00:45.460618,2026-07-14T18:00:45.466434+00:00,68.7,2,ask,WavyWalnuts,Dinh Nguyen,3532467
2026-07-14T18:00:45.872960,2026-07-14T18:00:45.883531+00:00,68.7,1,ask,WavyWalnuts,Alice Feng,3532477
2026-07-14T18:00:46.690608,2026-07-14T18:00:46.699177+00:00,68.7,2,ask,YieldingYams,Dinh Nguyen,3532486
2026-07-14T18:00:47.408313,2026-07-14T18:00:47.418843+00:00,68.7,200,ask,YieldingYams,WavyWalnuts,3532500
2026-07-14T18:00:47.993650,2026-07-14T18:00:48.000265+00:00,68.7,2,ask,YieldingYams,Dinh Nguyen,3532513
2026-07-14T18:00:48.614575,2026-07-14T18:00:48.623240+00:00,68.7,200,bid,WavyWalnuts,YieldingYams,3532524
2026-07-14T18:00:48.889361,2026-07-14T18:00:48.894722+00:00,68.5,20,ask,YieldingYams,BrilliantBurritos,3532526
2026-07-14T18:00:49.647594,2026-07-14T18:00:49.656758+00:00,68.7,30,bid,YieldingYams,Sze-Yong Ng,3532535
2026-07-14T18:00:49.907209,2026-07-14T18:00:49.919528+00:00,68.7,2,ask,YieldingYams,Alice Feng,3532540
2026-07-14T18:00:50.564609,2026-07-14T18:00:50.575594+00:00,68.7,2,ask,YieldingYams,Alice Feng,3532546
2026-07-14T18:00:50.916617,2026-07-14T18:00:50.922176+00:00,68.7,2,ask,YieldingYams,Dinh Nguyen,3532548
2026-07-14T18:00:50.960946,2026-07-14T18:00:50.965421+00:00,68.7,5,ask,Sze-Yong Ng,YieldingYams,3532549
2026-07-14T18:00:50.960946,2026-07-14T18:00:50.965421+00:00,68.7,200,ask,WavyWalnuts,YieldingYams,3532550
2026-07-14T18:00:51.858665,2026-07-14T18:00:51.862617+00:00,68.6,2,ask,WavyWalnuts,Dinh Nguyen,3532573
2026-07-14T18:00:51.931350,2026-07-14T18:00:51.938627+00:00,68.6,1,ask,WavyWalnuts,Alice Feng,3532574
2026-07-14T18:00:52.957050,2026-07-14T18:00:52.959322+00:00,68.7,2,ask,YieldingYams,Alice Feng,3532595
2026-07-14T18:00:53.113610,2026-07-14T18:00:53.119498+00:00,68.7,2,ask,YieldingYams,Dinh Nguyen,3532597
2026-07-14T18:00:53.464023,2026-07-14T18:00:53.470807+00:00,68.7,200,ask,YieldingYams,WavyWalnuts,3532599
2026-07-14T18:00:53.964588,2026-07-14T18:00:53.968662+00:00,68.7,2,ask,Sze-Yong Ng,Alice Feng,3532609
2026-07-14T18:00:54.461224,2026-07-14T18:00:54.469310+00:00,68.7,2,ask,Sze-Yong Ng,Dinh Nguyen,3532615
2026-07-14T18:00:54.676433,2026-07-14T18:00:54.678723+00:00,68.7,6,ask,Sze-Yong Ng,WavyWalnuts,3532619
2026-07-14T18:00:54.898768,2026-07-14T18:00:54.909324+00:00,68.7,194,bid,YieldingYams,WavyWalnuts,3532624
2026-07-14T18:00:54.978042,2026-07-14T18:00:54.985152+00:00,68.8,1,ask,YieldingYams,Alice Feng,3532625
2026-07-14T18:00:55.762681,2026-07-14T18:00:55.765588+00:00,68.8,2,ask,YieldingYams,Dinh Nguyen,3532635
2026-07-14T18:00:56.215391,2026-07-14T18:00:56.227623+00:00,68.8,15,ask,Sze-Yong Ng,YieldingYams,3532637
2026-07-14T18:00:57.092325,2026-07-14T18:00:57.098548+00:00,68.7,2,ask,WavyWalnuts,Dinh Nguyen,3532646
2026-07-14T18:00:58.120004,2026-07-14T18:00:58.130210+00:00,68.8,20,bid,BrilliantBurritos,WavyWalnuts,3532658
2026-07-14T18:00:58.420629,2026-07-14T18:00:58.430466+00:00,68.7,2,ask,YieldingYams,Dinh Nguyen,3532660
2026-07-14T18:00:59.673679,2026-07-14T18:00:59.679802+00:00,68.7,2,ask,YieldingYams,Dinh Nguyen,3532676
2026-07-14T18:00:59.991761,2026-07-14T18:00:59.995487+00:00,68.7,20,ask,YieldingYams,BrilliantBurritos,3532680
2026-07-14T18:01:00.751153,2026-07-14T18:01:00.759028+00:00,68.7,7,ask,Luke Zeng,WavyWalnuts,3532689
2026-07-14T18:01:00.751153,2026-07-14T18:01:00.759028+00:00,68.7,193,ask,YieldingYams,WavyWalnuts,3532690
2026-07-14T18:01:00.926674,2026-07-14T18:01:00.931281+00:00,68.7,2,ask,YieldingYams,Dinh Nguyen,3532697
2026-07-14T18:01:01.962488,2026-07-14T18:01:01.974620+00:00,68.7,200,bid,WavyWalnuts,YieldingYams,3532718
2026-07-14T18:01:03.051873,2026-07-14T18:01:03.056349+00:00,68.8,20,ask,YieldingYams,BrilliantBurritos,3532738
2026-07-14T18:01:03.179115,2026-07-14T18:01:03.189044+00:00,68.8,200,ask,YieldingYams,WavyWalnuts,3532742
2026-07-14T18:01:03.417722,2026-07-14T18:01:03.429750+00:00,68.8,2,ask,YieldingYams,Dinh Nguyen,3532744
2026-07-14T18:01:03.960046,2026-07-14T18:01:03.963702+00:00,68.9,5,bid,Yinxuan Li,YieldingYams,3532755
2026-07-14T18:01:04.079146,2026-07-14T18:01:04.083603+00:00,68.9,20,bid,YieldingYams,Luke Zeng,3532758
2026-07-14T18:01:04.388445,2026-07-14T18:01:04.391118+00:00,68.9,200,ask,YieldingYams,WavyWalnuts,3532767
2026-07-14T18:01:04.663724,2026-07-14T18:01:04.670081+00:00,68.9,2,ask,YieldingYams,Dinh Nguyen,3532771
2026-07-14T18:01:05.889639,2026-07-14T18:01:05.900023+00:00,68.7,2,ask,YieldingYams,Dinh Nguyen,3532788
2026-07-14T18:01:07.178432,2026-07-14T18:01:07.189015+00:00,68.8,2,ask,YieldingYams,Dinh Nguyen,3532813
2026-07-14T18:01:08.017915,2026-07-14T18:01:08.021386+00:00,68.9,200,bid,YieldingYams,WavyWalnuts,3532821
2026-07-14T18:01:08.017915,2026-07-14T18:01:08.032241+00:00,68.9,14,bid,YieldingYams,Luke Zeng,3532822
2026-07-14T18:01:08.406634,2026-07-14T18:01:08.411978+00:00,68.9,1,ask,YieldingYams,Dinh Nguyen,3532830
2026-07-14T18:01:09.423672,2026-07-14T18:01:09.434956+00:00,68.9,20,bid,BrilliantBurritos,YieldingYams,3532841
2026-07-14T18:01:10.447257,2026-07-14T18:01:10.449816+00:00,68.9,200,bid,WavyWalnuts,YieldingYams,3532860
2026-07-14T18:01:11.657845,2026-07-14T18:01:11.670226+00:00,68.9,200,ask,YieldingYams,WavyWalnuts,3532871
2026-07-14T18:01:14.072845,2026-07-14T18:01:14.080740+00:00,68.9,200,bid,WavyWalnuts,YieldingYams,3532903
2026-07-14T18:01:15.282091,2026-07-14T18:01:15.289253+00:00,68.9,200,ask,YieldingYams,WavyWalnuts,3532919
2026-07-14T18:01:15.901364,2026-07-14T18:01:15.911685+00:00,68.9,20,ask,Luke Zeng,YieldingYams,3532924
2026-07-14T18:01:18.921086,2026-07-14T18:01:18.929721+00:00,69.0,200,bid,WavyWalnuts,YieldingYams,3532965
2026-07-14T18:01:19.032805,2026-07-14T18:01:19.038555+00:00,69.0,5,bid,Yinxuan Li,YieldingYams,3532966
2026-07-14T18:01:20.136657,2026-07-14T18:01:20.145496+00:00,69.0,200,ask,YieldingYams,WavyWalnuts,3532986
2026-07-14T18:01:21.349589,2026-07-14T18:01:21.358679+00:00,69.0,200,ask,YieldingYams,WavyWalnuts,3533003
2026-07-14T18:01:22.393903,2026-07-14T18:01:22.397980+00:00,69.2,1,bid,YUNSHEN JI,Luke Zeng,3533020
2026-07-14T18:01:22.561996,2026-07-14T18:01:22.569387+00:00,69.0,200,ask,YieldingYams,WavyWalnuts,3533026
2026-07-14T18:01:22.965414,2026-07-14T18:01:22.975615+00:00,69.2,1,bid,YUNSHEN JI,YieldingYams,3533032
2026-07-14T18:01:23.779073,2026-07-14T18:01:23.812186+00:00,69.1,200,ask,WavyWalnuts,YieldingYams,3533042
2026-07-14T18:01:23.779073,2026-07-14T18:01:23.812186+00:00,69.0,20,ask,Luke Zeng,YieldingYams,3533043
2026-07-14T18:01:23.779073,2026-07-14T18:01:23.812186+00:00,69.0,2,ask,Sze-Yong Ng,YieldingYams,3533044
2026-07-14T18:01:23.831233,2026-07-14T18:01:23.839635+00:00,69.0,25,bid,Johan Shajee,YieldingYams,3533052
2026-07-14T18:01:23.877262,2026-07-14T18:01:23.882885+00:00,69.0,3,bid,Callis Lee,YieldingYams,3533056
2026-07-14T18:01:23.938015,2026-07-14T18:01:23.947701+00:00,69.0,25,bid,Lachlan Han,YieldingYams,3533061
2026-07-14T18:01:24.042714,2026-07-14T18:01:24.050408+00:00,69.0,25,bid,Yinxuan Li,YieldingYams,3533067
2026-07-14T18:01:24.155491,2026-07-14T18:01:24.169709+00:00,69.0,25,bid,Johan Shajee,YieldingYams,3533072
2026-07-14T18:01:24.168855,2026-07-14T18:01:24.180649+00:00,69.0,11,bid,Lachlan Han,YieldingYams,3533074
2026-07-14T18:01:24.169311,2026-07-14T18:01:24.180649+00:00,69.0,6,bid,YUNSHEN JI,YieldingYams,3533075
2026-07-14T18:01:24.255266,2026-07-14T18:01:24.266361+00:00,69.0,25,bid,Lachlan Han,YieldingYams,3533078
2026-07-14T18:01:24.379547,2026-07-14T18:01:24.384604+00:00,69.0,25,bid,Johan Shajee,YieldingYams,3533081
2026-07-14T18:01:24.590039,2026-07-14T18:01:24.599179+00:00,69.0,10,bid,Lachlan Han,YieldingYams,3533089
2026-07-14T18:01:24.659484,2026-07-14T18:01:24.663526+00:00,69.0,25,bid,Dinh Nguyen,YieldingYams,3533092
2026-07-14T18:01:24.984703,2026-07-14T18:01:24.991856+00:00,69.0,198,bid,WavyWalnuts,YieldingYams,3533102
2026-07-14T18:01:25.089731,2026-07-14T18:01:25.100761+00:00,69.2,500,bid,YieldingYams,AverageAlmonds,3533104
2026-07-14T18:01:25.089731,2026-07-14T18:01:25.100761+00:00,69.2,5,bid,YieldingYams,Callis Lee,3533105
2026-07-14T18:01:25.089731,2026-07-14T18:01:25.100761+00:00,69.2,120,bid,YieldingYams,WavyWalnuts,3533106
2026-07-14T18:01:25.508912,2026-07-14T18:01:25.514788+00:00,69.1,2,ask,WavyWalnuts,Alice Feng,3533113
2026-07-14T18:01:26.173697,2026-07-14T18:01:26.181832+00:00,69.1,2,ask,Sze-Yong Ng,Dinh Nguyen,3533124
2026-07-14T18:01:26.413183,2026-07-14T18:01:26.419699+00:00,69.1,57,ask,Sze-Yong Ng,YieldingYams,3533131
2026-07-14T18:01:26.413183,2026-07-14T18:01:26.419699+00:00,69.1,200,ask,WavyWalnuts,YieldingYams,3533132
2026-07-14T18:01:26.523823,2026-07-14T18:01:26.526881+00:00,69.0,2,ask,YieldingYams,Alice Feng,3533135
2026-07-14T18:01:28.552644,2026-07-14T18:01:28.562062+00:00,69.0,2,ask,YieldingYams,Alice Feng,3533167
2026-07-14T18:01:28.623847,2026-07-14T18:01:28.625829+00:00,69.0,200,ask,YieldingYams,WavyWalnuts,3533170
2026-07-14T18:01:28.812642,2026-07-14T18:01:28.817107+00:00,69.0,2,ask,YieldingYams,Dinh Nguyen,3533171
2026-07-14T18:01:29.566121,2026-07-14T18:01:29.575284+00:00,69.0,2,ask,YieldingYams,Alice Feng,3533181
2026-07-14T18:01:29.836251,2026-07-14T18:01:29.847944+00:00,69.0,200,ask,YieldingYams,WavyWalnuts,3533186
2026-07-14T18:01:30.038730,2026-07-14T18:01:30.048871+00:00,69.0,2,ask,YieldingYams,Dinh Nguyen,3533188
2026-07-14T18:01:31.595404,2026-07-14T18:01:31.604161+00:00,68.9,1,ask,WavyWalnuts,Alice Feng,3533219
2026-07-14T18:01:31.656789,2026-07-14T18:01:31.673116+00:00,68.9,199,ask,WavyWalnuts,YieldingYams,3533221
2026-07-14T18:01:31.656789,2026-07-14T18:01:31.673116+00:00,68.9,12,ask,Luke Zeng,YieldingYams,3533222
2026-07-14T18:01:31.680645,2026-07-14T18:01:31.683796+00:00,68.9,10,bid,Johan Shajee,YieldingYams,3533225
2026-07-14T18:01:32.002370,2026-07-14T18:01:32.024345+00:00,68.9,404,bid,AverageAlmonds,YieldingYams,3533237
2026-07-14T18:01:32.097536,2026-07-14T18:01:32.109841+00:00,68.9,1,ask,AverageAlmonds,Johan Shajee,3533240
2026-07-14T18:01:32.435018,2026-07-14T18:01:32.441921+00:00,68.9,8,ask,AverageAlmonds,YUNSHEN JI,3533243
2026-07-14T18:01:32.508667,2026-07-14T18:01:32.516125+00:00,68.9,2,ask,AverageAlmonds,Dinh Nguyen,3533245
2026-07-14T18:01:32.626736,2026-07-14T18:01:32.633023+00:00,68.9,2,ask,AverageAlmonds,Alice Feng,3533246
2026-07-14T18:01:32.964729,2026-07-14T18:01:32.977797+00:00,69.0,200,bid,YieldingYams,WavyWalnuts,3533250
2026-07-14T18:01:32.964729,2026-07-14T18:01:32.977797+00:00,69.0,20,bid,YieldingYams,Luke Zeng,3533251
2026-07-14T18:01:33.006135,2026-07-14T18:01:33.009808+00:00,69.1,2,ask,YieldingYams,YUNSHEN JI,3533254
2026-07-14T18:01:33.009780,2026-07-14T18:01:33.020471+00:00,69.1,25,ask,YieldingYams,Lachlan Han,3533255
2026-07-14T18:01:33.107098,2026-07-14T18:01:33.116520+00:00,69.1,25,ask,YieldingYams,Lachlan Han,3533260
2026-07-14T18:01:33.226271,2026-07-14T18:01:33.234213+00:00,69.1,25,ask,YieldingYams,Dinh Nguyen,3533264
2026-07-14T18:01:33.242973,2026-07-14T18:01:33.244980+00:00,69.1,3,ask,YieldingYams,Callis Lee,3533267
2026-07-14T18:01:33.303157,2026-07-14T18:01:33.309205+00:00,69.1,20,ask,YieldingYams,Roger Xu,3533270
2026-07-14T18:01:33.319175,2026-07-14T18:01:33.330452+00:00,69.1,25,ask,YieldingYams,Johan Shajee,3533272
2026-07-14T18:01:33.444907,2026-07-14T18:01:33.452448+00:00,69.1,25,ask,YieldingYams,Johan Shajee,3533275
2026-07-14T18:01:33.465382,2026-07-14T18:01:33.473815+00:00,69.1,200,ask,YieldingYams,WavyWalnuts,3533278
2026-07-14T18:01:33.528096,2026-07-14T18:01:33.537579+00:00,69.1,25,ask,YieldingYams,Johan Shajee,3533280
2026-07-14T18:01:33.565691,2026-07-14T18:01:33.569528+00:00,69.1,2,ask,YieldingYams,YUNSHEN JI,3533282
2026-07-14T18:01:33.633769,2026-07-14T18:01:33.644009+00:00,69.1,2,ask,YieldingYams,Alice Feng,3533286
2026-07-14T18:01:33.753788,2026-07-14T18:01:33.756083+00:00,69.1,25,ask,YieldingYams,Lachlan Han,3533290
2026-07-14T18:01:34.280201,2026-07-14T18:01:34.288455+00:00,68.9,200,ask,WavyWalnuts,YieldingYams,3533302
2026-07-14T18:01:34.280201,2026-07-14T18:01:34.288455+00:00,68.9,425,ask,AverageAlmonds,YieldingYams,3533303
2026-07-14T18:01:34.642621,2026-07-14T18:01:34.650470+00:00,68.9,1,ask,AverageAlmonds,Alice Feng,3533310
2026-07-14T18:01:35.074497,2026-07-14T18:01:35.086410+00:00,69.1,25,bid,Lachlan Han,WavyWalnuts,3533322
2026-07-14T18:01:35.202249,2026-07-14T18:01:35.207672+00:00,69.0,20,ask,WavyWalnuts,BrilliantBurritos,3533328
2026-07-14T18:01:35.589141,2026-07-14T18:01:35.599888+00:00,69.1,175,bid,YieldingYams,WavyWalnuts,3533332
2026-07-14T18:01:35.589141,2026-07-14T18:01:35.599888+00:00,69.1,99,bid,YieldingYams,Sze-Yong Ng,3533333
2026-07-14T18:01:35.671031,2026-07-14T18:01:35.677143+00:00,69.2,2,bid,Alice Feng,YieldingYams,3533336
2026-07-14T18:01:35.877485,2026-07-14T18:01:35.880598+00:00,69.2,200,bid,WavyWalnuts,YieldingYams,3533343
2026-07-14T18:01:36.691554,2026-07-14T18:01:36.697250+00:00,69.2,2,bid,Alice Feng,YieldingYams,3533355
2026-07-14T18:01:37.090674,2026-07-14T18:01:37.103253+00:00,69.2,200,bid,WavyWalnuts,YieldingYams,3533360
2026-07-14T18:01:37.706898,2026-07-14T18:01:37.714449+00:00,69.2,1,bid,Alice Feng,YieldingYams,3533364
2026-07-14T18:01:38.306650,2026-07-14T18:01:38.309419+00:00,69.2,200,ask,YieldingYams,WavyWalnuts,3533374
2026-07-14T18:01:38.592422,2026-07-14T18:01:38.596791+00:00,69.2,20,ask,YieldingYams,BrilliantBurritos,3533378
2026-07-14T18:01:39.013161,2026-07-14T18:01:39.022478+00:00,69.2,20,ask,YieldingYams,BrilliantBurritos,3533391
2026-07-14T18:01:39.527314,2026-07-14T18:01:39.536805+00:00,69.2,38,ask,Sze-Yong Ng,YieldingYams,3533396
2026-07-14T18:01:39.527314,2026-07-14T18:01:39.536805+00:00,69.2,20,ask,Roger Xu,YieldingYams,3533397
2026-07-14T18:01:39.527314,2026-07-14T18:01:39.536805+00:00,69.2,200,ask,WavyWalnuts,YieldingYams,3533398
2026-07-14T18:01:40.308143,2026-07-14T18:01:40.313785+00:00,69.2,2,bid,Dinh Nguyen,YieldingYams,3533408
2026-07-14T18:01:40.739377,2026-07-14T18:01:40.749687+00:00,69.1,20,ask,WavyWalnuts,BrilliantBurritos,3533410
2026-07-14T18:01:40.839761,2026-07-14T18:01:40.850695+00:00,69.2,200,bid,YieldingYams,WavyWalnuts,3533411
2026-07-14T18:01:41.929729,2026-07-14T18:01:41.932409+00:00,69.4,14,bid,WavyWalnuts,Luke Zeng,3533432
2026-07-14T18:01:41.929729,2026-07-14T18:01:41.943387+00:00,69.4,186,bid,WavyWalnuts,AverageAlmonds,3533433
2026-07-14T18:01:42.804852,2026-07-14T18:01:42.811277+00:00,69.4,2,bid,Dinh Nguyen,AverageAlmonds,3533453
2026-07-14T18:01:43.142190,2026-07-14T18:01:43.154244+00:00,69.4,200,bid,WavyWalnuts,AverageAlmonds,3533455
2026-07-14T18:01:43.469955,2026-07-14T18:01:43.476903+00:00,69.4,300,bid,YieldingYams,AverageAlmonds,3533460
2026-07-14T18:01:43.516463,2026-07-14T18:01:43.519989+00:00,69.4,325,ask,YieldingYams,AverageAlmonds,3533461
2026-07-14T18:01:44.091292,2026-07-14T18:01:44.099625+00:00,69.4,2,bid,Dinh Nguyen,AverageAlmonds,3533473
2026-07-14T18:01:44.782569,2026-07-14T18:01:44.796694+00:00,69.3,200,ask,WavyWalnuts,YieldingYams,3533482
2026-07-14T18:01:45.420314,2026-07-14T18:01:45.423091+00:00,69.3,2,bid,Dinh Nguyen,YieldingYams,3533498
2026-07-14T18:01:46.678280,2026-07-14T18:01:46.686266+00:00,69.3,2,bid,Dinh Nguyen,YieldingYams,3533518
2026-07-14T18:01:46.776159,2026-07-14T18:01:46.784148+00:00,69.2,200,ask,YieldingYams,WavyWalnuts,3533519
2026-07-14T18:01:48.050272,2026-07-14T18:01:48.053725+00:00,69.2,20,ask,YieldingYams,BrilliantBurritos,3533535
2026-07-14T18:01:49.196592,2026-07-14T18:01:49.201701+00:00,69.2,200,ask,YieldingYams,WavyWalnuts,3533552
2026-07-14T18:01:50.405470,2026-07-14T18:01:50.409129+00:00,69.2,20,ask,Luke Zeng,WavyWalnuts,3533567
2026-07-14T18:01:50.405470,2026-07-14T18:01:50.409129+00:00,69.2,180,ask,YieldingYams,WavyWalnuts,3533568
2026-07-14T18:01:51.339979,2026-07-14T18:01:51.349275+00:00,69.2,13,ask,Luke Zeng,YieldingYams,3533579
2026-07-14T18:01:51.400435,2026-07-14T18:01:51.403707+00:00,69.1,25,bid,Johan Shajee,YieldingYams,3533585
2026-07-14T18:01:51.615923,2026-07-14T18:01:51.617891+00:00,69.1,200,bid,WavyWalnuts,YieldingYams,3533591
2026-07-14T18:01:52.265682,2026-07-14T18:01:52.274234+00:00,69.0,20,ask,Sze-Yong Ng,BrilliantBurritos,3533605
2026-07-14T18:01:52.818451,2026-07-14T18:01:52.821869+00:00,69.0,2,ask,Luke Zeng,Alice Feng,3533611
2026-07-14T18:01:52.835561,2026-07-14T18:01:52.843302+00:00,69.0,5,ask,Sze-Yong Ng,WavyWalnuts,3533613
2026-07-14T18:01:52.835561,2026-07-14T18:01:52.843302+00:00,69.0,195,ask,YieldingYams,WavyWalnuts,3533614
2026-07-14T18:01:53.836344,2026-07-14T18:01:53.848372+00:00,69.2,2,bid,Alice Feng,YieldingYams,3533632
2026-07-14T18:01:55.252981,2026-07-14T18:01:55.258897+00:00,69.2,200,bid,WavyWalnuts,YieldingYams,3533659
2026-07-14T18:01:56.465551,2026-07-14T18:01:56.469518+00:00,69.1,200,ask,YieldingYams,WavyWalnuts,3533675
2026-07-14T18:01:58.884551,2026-07-14T18:01:58.895522+00:00,69.2,20,bid,WavyWalnuts,Luke Zeng,3533718
2026-07-14T18:01:58.884551,2026-07-14T18:01:58.895522+00:00,69.2,180,bid,WavyWalnuts,AverageAlmonds,3533719
2026-07-14T18:01:59.211974,2026-07-14T18:01:59.230858+00:00,69.2,320,bid,YieldingYams,AverageAlmonds,3533722
2026-07-14T18:01:59.211974,2026-07-14T18:01:59.230858+00:00,69.2,15,bid,YieldingYams,Luke Zeng,3533723
2026-07-14T18:01:59.211974,2026-07-14T18:01:59.230858+00:00,69.2,6,bid,YieldingYams,Shen Jiang,3533724
2026-07-14T18:01:59.255633,2026-07-14T18:01:59.263452+00:00,69.2,284,ask,YieldingYams,AverageAlmonds,3533727
2026-07-14T18:02:01.834953,2026-07-14T18:02:01.838288+00:00,69.1,25,bid,YieldingYams,Sze-Yong Ng,3533765
2026-07-14T18:02:01.834953,2026-07-14T18:02:01.838288+00:00,69.1,500,bid,YieldingYams,AverageAlmonds,3533766
2026-07-14T18:02:01.834953,2026-07-14T18:02:01.848900+00:00,69.2,100,bid,YieldingYams,WavyWalnuts,3533767
2026-07-14T18:02:02.533775,2026-07-14T18:02:02.540876+00:00,69.1,200,bid,WavyWalnuts,AverageAlmonds,3533781
2026-07-14T18:02:03.153919,2026-07-14T18:02:03.169589+00:00,69.0,20,ask,Luke Zeng,YieldingYams,3533790
2026-07-14T18:02:03.153919,2026-07-14T18:02:03.169589+00:00,69.0,14,ask,Shen Jiang,YieldingYams,3533791
2026-07-14T18:02:03.153919,2026-07-14T18:02:03.169589+00:00,68.9,5,ask,Callis Lee,YieldingYams,3533792
2026-07-14T18:02:03.233844,2026-07-14T18:02:03.245288+00:00,68.8,25,bid,Johan Shajee,YieldingYams,3533797
2026-07-14T18:02:03.333235,2026-07-14T18:02:03.341939+00:00,68.8,3,bid,Callis Lee,YieldingYams,3533801
2026-07-14T18:02:03.339749,2026-07-14T18:02:03.341939+00:00,68.8,25,bid,Lachlan Han,YieldingYams,3533803
2026-07-14T18:02:03.447706,2026-07-14T18:02:03.449987+00:00,68.8,25,bid,Johan Shajee,YieldingYams,3533807
2026-07-14T18:02:03.508856,2026-07-14T18:02:03.515437+00:00,68.8,10,bid,YUNSHEN JI,YieldingYams,3533813
2026-07-14T18:02:03.553200,2026-07-14T18:02:03.559400+00:00,68.8,25,bid,Lachlan Han,YieldingYams,3533815
2026-07-14T18:02:03.743395,2026-07-14T18:02:03.751595+00:00,68.8,200,bid,WavyWalnuts,YieldingYams,3533822
2026-07-14T18:02:04.092927,2026-07-14T18:02:04.103672+00:00,68.8,25,bid,Dinh Nguyen,YieldingYams,3533826
2026-07-14T18:02:04.252434,2026-07-14T18:02:04.264706+00:00,68.7,5,ask,YieldingYams,Yinxuan Li,3533832
2026-07-14T18:02:04.467709,2026-07-14T18:02:04.485227+00:00,69.0,5,bid,YieldingYams,Callis Lee,3533842
2026-07-14T18:02:04.710125,2026-07-14T18:02:04.713178+00:00,69.0,6,ask,YieldingYams,YUNSHEN JI,3533850
2026-07-14T18:02:04.907423,2026-07-14T18:02:04.911511+00:00,69.0,2,ask,YieldingYams,Alice Feng,3533852
2026-07-14T18:02:05.598318,2026-07-14T18:02:05.605083+00:00,69.0,2,ask,YieldingYams,Dinh Nguyen,3533856
2026-07-14T18:02:05.781777,2026-07-14T18:02:05.784310+00:00,69.0,61,ask,Sze-Yong Ng,YieldingYams,3533858
2026-07-14T18:02:05.781777,2026-07-14T18:02:05.795028+00:00,69.0,200,ask,WavyWalnuts,YieldingYams,3533859
2026-07-14T18:02:06.160259,2026-07-14T18:02:06.171080+00:00,69.0,200,bid,WavyWalnuts,YieldingYams,3533867
2026-07-14T18:02:06.956506,2026-07-14T18:02:06.960186+00:00,68.8,1,ask,YieldingYams,Alice Feng,3533877
2026-07-14T18:02:07.094193,2026-07-14T18:02:07.101915+00:00,69.0,2,bid,YieldingYams,Sze-Yong Ng,3533879
2026-07-14T18:02:07.094193,2026-07-14T18:02:07.101915+00:00,69.0,3,bid,YieldingYams,Luke Zeng,3533880
2026-07-14T18:02:07.094193,2026-07-14T18:02:07.101915+00:00,69.1,200,bid,YieldingYams,WavyWalnuts,3533881
2026-07-14T18:02:07.094193,2026-07-14T18:02:07.101915+00:00,69.1,420,bid,YieldingYams,AverageAlmonds,3533882
2026-07-14T18:02:07.974490,2026-07-14T18:02:07.984126+00:00,69.1,2,bid,Alice Feng,WavyWalnuts,3533896
2026-07-14T18:02:08.082546,2026-07-14T18:02:08.091038+00:00,69.0,2,ask,WavyWalnuts,Dinh Nguyen,3533897
2026-07-14T18:02:08.413867,2026-07-14T18:02:08.423993+00:00,69.0,198,ask,WavyWalnuts,YieldingYams,3533901
2026-07-14T18:02:08.992426,2026-07-14T18:02:09.004140+00:00,69.0,2,bid,Alice Feng,YieldingYams,3533907
2026-07-14T18:02:09.999513,2026-07-14T18:02:10.011620+00:00,69.0,1,bid,Alice Feng,Sze-Yong Ng,3533919
2026-07-14T18:02:11.003172,2026-07-14T18:02:11.005227+00:00,69.0,58,bid,WavyWalnuts,Sze-Yong Ng,3533932
2026-07-14T18:02:11.792353,2026-07-14T18:02:11.799240+00:00,69.0,2,ask,WavyWalnuts,Dinh Nguyen,3533946
2026-07-14T18:02:12.221823,2026-07-14T18:02:12.233444+00:00,69.0,200,ask,YieldingYams,WavyWalnuts,3533951
2026-07-14T18:02:12.810078,2026-07-14T18:02:12.821435+00:00,69.0,1,bid,YUNSHEN JI,YieldingYams,3533957
2026-07-14T18:02:13.440983,2026-07-14T18:02:13.450948+00:00,68.9,2,ask,Sze-Yong Ng,WavyWalnuts,3533968
2026-07-14T18:02:13.440983,2026-07-14T18:02:13.450948+00:00,68.9,20,ask,Luke Zeng,WavyWalnuts,3533969
2026-07-14T18:02:13.440983,2026-07-14T18:02:13.450948+00:00,68.9,6,ask,Shen Jiang,WavyWalnuts,3533970
2026-07-14T18:02:13.477890,2026-07-14T18:02:13.482842+00:00,68.9,1,bid,Johan Shajee,WavyWalnuts,3533974
2026-07-14T18:02:13.652549,2026-07-14T18:02:13.662519+00:00,68.9,171,bid,YieldingYams,WavyWalnuts,3533980
2026-07-14T18:02:14.033691,2026-07-14T18:02:14.041914+00:00,68.9,2,ask,YieldingYams,Dinh Nguyen,3533989
2026-07-14T18:02:14.281339,2026-07-14T18:02:14.284363+00:00,68.9,2,ask,YieldingYams,Alice Feng,3533991
2026-07-14T18:02:14.899168,2026-07-14T18:02:14.904344+00:00,69.0,20,bid,BrilliantBurritos,YieldingYams,3533996
2026-07-14T18:02:14.965974,2026-07-14T18:02:14.967935+00:00,68.9,40,ask,Sze-Yong Ng,YieldingYams,3533997
2026-07-14T18:02:14.992141,2026-07-14T18:02:15.000614+00:00,68.9,500,bid,AverageAlmonds,YieldingYams,3533998
2026-07-14T18:02:15.588518,2026-07-14T18:02:15.617727+00:00,68.9,85,bid,AverageAlmonds,YieldingYams,3534016
2026-07-14T18:02:16.079726,2026-07-14T18:02:16.084139+00:00,68.9,1,ask,AverageAlmonds,Alice Feng,3534024
2026-07-14T18:02:16.276314,2026-07-14T18:02:16.311322+00:00,69.0,200,bid,YieldingYams,WavyWalnuts,3534030
2026-07-14T18:02:16.276314,2026-07-14T18:02:16.311322+00:00,69.0,20,bid,YieldingYams,Luke Zeng,3534031
2026-07-14T18:02:16.297539,2026-07-14T18:02:16.311322+00:00,69.1,1,ask,YieldingYams,YUNSHEN JI,3534035
2026-07-14T18:02:16.818064,2026-07-14T18:02:16.830111+00:00,69.1,2,ask,YieldingYams,Dinh Nguyen,3534056
2026-07-14T18:02:17.089066,2026-07-14T18:02:17.094531+00:00,69.1,200,ask,YieldingYams,WavyWalnuts,3534063
2026-07-14T18:02:17.590675,2026-07-14T18:02:17.595514+00:00,69.0,200,ask,WavyWalnuts,YieldingYams,3534068
2026-07-14T18:02:17.590675,2026-07-14T18:02:17.595514+00:00,68.9,425,ask,AverageAlmonds,YieldingYams,3534069
2026-07-14T18:02:18.073298,2026-07-14T18:02:18.080997+00:00,68.9,2,ask,Shen Jiang,Dinh Nguyen,3534077
2026-07-14T18:02:19.051996,2026-07-14T18:02:19.061685+00:00,69.1,20,ask,WavyWalnuts,BrilliantBurritos,3534097
2026-07-14T18:02:19.347423,2026-07-14T18:02:19.359579+00:00,69.1,1,ask,WavyWalnuts,Dinh Nguyen,3534101
2026-07-14T18:02:19.504278,2026-07-14T18:02:19.508481+00:00,69.2,42,bid,WavyWalnuts,Sze-Yong Ng,3534102
2026-07-14T18:02:19.504278,2026-07-14T18:02:19.508481+00:00,69.2,158,bid,WavyWalnuts,YieldingYams,3534103
2026-07-14T18:02:19.705621,2026-07-14T18:02:19.709678+00:00,69.2,20,bid,BrilliantBurritos,YieldingYams,3534104
2026-07-14T18:02:21.417578,2026-07-14T18:02:21.426048+00:00,69.1,20,ask,YieldingYams,BrilliantBurritos,3534132
2026-07-14T18:02:22.829878,2026-07-14T18:02:22.844378+00:00,69.1,200,ask,WavyWalnuts,YieldingYams,3534146
2026-07-14T18:02:22.829878,2026-07-14T18:02:22.844378+00:00,69.1,16,ask,Luke Zeng,YieldingYams,3534147
2026-07-14T18:02:22.883477,2026-07-14T18:02:22.887700+00:00,69.1,2,bid,YUNSHEN JI,YieldingYams,3534151
2026-07-14T18:02:23.139282,2026-07-14T18:02:23.143614+00:00,69.1,200,bid,WavyWalnuts,YieldingYams,3534158
2026-07-14T18:02:23.151783,2026-07-14T18:02:23.154269+00:00,69.1,16,bid,Alice Feng,YieldingYams,3534160
2026-07-14T18:02:23.430482,2026-07-14T18:02:23.433270+00:00,68.9,20,ask,YieldingYams,BrilliantBurritos,3534163
2026-07-14T18:02:23.449075,2026-07-14T18:02:23.454523+00:00,69.1,1,bid,YUNSHEN JI,YieldingYams,3534165
2026-07-14T18:02:23.824433,2026-07-14T18:02:23.831744+00:00,69.1,25,bid,Dinh Nguyen,YieldingYams,3534173
2026-07-14T18:02:24.014676,2026-07-14T18:02:24.022571+00:00,69.1,30,bid,YUNSHEN JI,YieldingYams,3534177
2026-07-14T18:02:24.354408,2026-07-14T18:02:24.364075+00:00,69.1,200,ask,YieldingYams,WavyWalnuts,3534185
2026-07-14T18:02:25.171633,2026-07-14T18:02:25.180633+00:00,69.1,1,ask,YieldingYams,Alice Feng,3534196
2026-07-14T18:02:25.460097,2026-07-14T18:02:25.467849+00:00,69.1,42,ask,Sze-Yong Ng,YieldingYams,3534201
2026-07-14T18:02:25.460097,2026-07-14T18:02:25.467849+00:00,69.0,200,ask,WavyWalnuts,YieldingYams,3534202
2026-07-14T18:02:25.559065,2026-07-14T18:02:25.563675+00:00,69.0,200,bid,WavyWalnuts,YieldingYams,3534204
2026-07-14T18:02:25.735295,2026-07-14T18:02:25.744635+00:00,69.0,30,bid,YUNSHEN JI,YieldingYams,3534215
2026-07-14T18:02:26.202373,2026-07-14T18:02:26.204556+00:00,69.0,5,bid,Lachlan Han,YieldingYams,3534222
2026-07-14T18:02:26.360940,2026-07-14T18:02:26.363595+00:00,69.0,25,bid,Dinh Nguyen,YieldingYams,3534223
2026-07-14T18:02:26.782708,2026-07-14T18:02:26.787535+00:00,69.0,123,bid,WavyWalnuts,YieldingYams,3534236
2026-07-14T18:02:26.788728,2026-07-14T18:02:26.798284+00:00,69.3,5,bid,YieldingYams,Callis Lee,3534237
2026-07-14T18:02:26.788728,2026-07-14T18:02:26.798284+00:00,69.3,500,bid,YieldingYams,AverageAlmonds,3534238
2026-07-14T18:02:26.788728,2026-07-14T18:02:26.798284+00:00,69.3,120,bid,YieldingYams,WavyWalnuts,3534239
2026-07-14T18:02:26.868991,2026-07-14T18:02:26.872986+00:00,69.1,30,ask,WavyWalnuts,YUNSHEN JI,3534242
2026-07-14T18:02:27.434843,2026-07-14T18:02:27.441726+00:00,69.1,30,ask,WavyWalnuts,YUNSHEN JI,3534256
2026-07-14T18:02:27.895348,2026-07-14T18:02:27.901880+00:00,69.1,2,ask,WavyWalnuts,Dinh Nguyen,3534264
2026-07-14T18:02:28.106452,2026-07-14T18:02:28.113572+00:00,69.1,200,ask,WavyWalnuts,YieldingYams,3534269
2026-07-14T18:02:28.213097,2026-07-14T18:02:28.219235+00:00,69.1,2,bid,Alice Feng,YieldingYams,3534270
2026-07-14T18:02:29.208575,2026-07-14T18:02:29.211710+00:00,69.1,200,bid,WavyWalnuts,YieldingYams,3534284
2026-07-14T18:02:29.227037,2026-07-14T18:02:29.233911+00:00,69.1,2,bid,Alice Feng,YieldingYams,3534285
2026-07-14T18:02:29.414900,2026-07-14T18:02:29.420274+00:00,69.1,2,bid,YieldingYams,Sze-Yong Ng,3534291
2026-07-14T18:02:29.741830,2026-07-14T18:02:29.745479+00:00,69.1,3,ask,YieldingYams,YUNSHEN JI,3534299
2026-07-14T18:02:30.236638,2026-07-14T18:02:30.248107+00:00,69.2,1,bid,Alice Feng,WavyWalnuts,3534313
2026-07-14T18:02:30.408844,2026-07-14T18:02:30.411641+00:00,69.1,2,ask,YieldingYams,Dinh Nguyen,3534320
2026-07-14T18:02:30.419235,2026-07-14T18:02:30.422797+00:00,69.1,200,ask,YieldingYams,WavyWalnuts,3534321
2026-07-14T18:02:30.810134,2026-07-14T18:02:30.813463+00:00,69.0,20,bid,Roger Xu,YieldingYams,3534327
2026-07-14T18:02:30.883450,2026-07-14T18:02:30.889754+00:00,69.0,1,bid,YUNSHEN JI,YieldingYams,3534331
2026-07-14T18:02:31.653332,2026-07-14T18:02:31.661601+00:00,68.9,2,ask,YieldingYams,Dinh Nguyen,3534342
2026-07-14T18:02:32.836295,2026-07-14T18:02:32.840061+00:00,69.0,10,bid,WavyWalnuts,Roger Xu,3534360
2026-07-14T18:02:33.258708,2026-07-14T18:02:33.263521+00:00,69.0,1,ask,WavyWalnuts,YUNSHEN JI,3534366
2026-07-14T18:02:33.262932,2026-07-14T18:02:33.274063+00:00,69.0,2,ask,WavyWalnuts,Alice Feng,3534367
2026-07-14T18:02:34.162341,2026-07-14T18:02:34.167358+00:00,69.0,2,ask,YieldingYams,Alice Feng,3534378
2026-07-14T18:02:34.272001,2026-07-14T18:02:34.273843+00:00,69.0,2,ask,Sze-Yong Ng,Dinh Nguyen,3534379
2026-07-14T18:02:34.551738,2026-07-14T18:02:34.556999+00:00,69.1,20,bid,BrilliantBurritos,YieldingYams,3534387
2026-07-14T18:02:35.454345,2026-07-14T18:02:35.465931+00:00,69.0,2,ask,YieldingYams,Dinh Nguyen,3534398
2026-07-14T18:02:36.471453,2026-07-14T18:02:36.483871+00:00,69.1,20,bid,WavyWalnuts,Luke Zeng,3534410
2026-07-14T18:02:36.471453,2026-07-14T18:02:36.483871+00:00,69.1,29,bid,WavyWalnuts,Shen Jiang,3534411
2026-07-14T18:02:36.784351,2026-07-14T18:02:36.795179+00:00,69.1,2,ask,WavyWalnuts,Dinh Nguyen,3534414
2026-07-14T18:02:38.116356,2026-07-14T18:02:38.127655+00:00,69.1,2,ask,Shen Jiang,Dinh Nguyen,3534441
2026-07-14T18:02:38.304096,2026-07-14T18:02:38.307482+00:00,69.1,2,ask,Shen Jiang,Alice Feng,3534444
2026-07-14T18:02:39.316831,2026-07-14T18:02:39.327585+00:00,69.1,2,ask,YieldingYams,Dinh Nguyen,3534459
2026-07-14T18:02:39.352835,2026-07-14T18:02:39.360277+00:00,69.1,4,ask,YieldingYams,Yinxuan Li,3534460
2026-07-14T18:02:39.386369,2026-07-14T18:02:39.392779+00:00,69.1,2,ask,YieldingYams,Alice Feng,3534461
2026-07-14T18:02:40.324332,2026-07-14T18:02:40.327155+00:00,69.1,2,ask,YieldingYams,Alice Feng,3534474
2026-07-14T18:02:40.620356,2026-07-14T18:02:40.625708+00:00,69.1,2,ask,YieldingYams,Dinh Nguyen,3534477
2026-07-14T18:02:41.209381,2026-07-14T18:02:41.212873+00:00,69.2,29,bid,YieldingYams,Sze-Yong Ng,3534485
2026-07-14T18:02:41.209381,2026-07-14T18:02:41.223866+00:00,69.2,200,bid,YieldingYams,WavyWalnuts,3534486
2026-07-14T18:02:41.209381,2026-07-14T18:02:41.223866+00:00,69.2,20,bid,YieldingYams,Luke Zeng,3534487
2026-07-14T18:02:41.209381,2026-07-14T18:02:41.223866+00:00,69.2,3,bid,YieldingYams,Shen Jiang,3534488
2026-07-14T18:02:41.335881,2026-07-14T18:02:41.342128+00:00,69.2,2,ask,YieldingYams,Alice Feng,3534492
2026-07-14T18:02:41.938368,2026-07-14T18:02:41.944004+00:00,69.2,1,ask,YieldingYams,Dinh Nguyen,3534506
2026-07-14T18:02:42.343167,2026-07-14T18:02:42.353280+00:00,69.2,2,ask,YieldingYams,Alice Feng,3534511
2026-07-14T18:02:44.244268,2026-07-14T18:02:44.253506+00:00,69.2,20,ask,WavyWalnuts,BrilliantBurritos,3534539
2026-07-14T18:02:44.959779,2026-07-14T18:02:44.972332+00:00,69.3,13,bid,WavyWalnuts,Sze-Yong Ng,3534550
2026-07-14T18:02:44.959779,2026-07-14T18:02:44.972332+00:00,69.3,187,bid,WavyWalnuts,YieldingYams,3534551
2026-07-14T18:02:45.164592,2026-07-14T18:02:45.170148+00:00,69.3,20,bid,YieldingYams,Luke Zeng,3534554
2026-07-14T18:02:45.240304,2026-07-14T18:02:45.246828+00:00,69.3,25,ask,YieldingYams,Lachlan Han,3534557
2026-07-14T18:02:45.346097,2026-07-14T18:02:45.355833+00:00,69.3,25,ask,YieldingYams,Johan Shajee,3534562
2026-07-14T18:02:45.361726,2026-07-14T18:02:45.366677+00:00,69.3,10,ask,YieldingYams,Alice Feng,3534564
2026-07-14T18:02:45.453785,2026-07-14T18:02:45.463596+00:00,69.3,25,ask,YieldingYams,Lachlan Han,3534571
2026-07-14T18:02:45.557584,2026-07-14T18:02:45.561429+00:00,69.3,25,ask,YieldingYams,Johan Shajee,3534574
2026-07-14T18:02:46.173325,2026-07-14T18:02:46.175696+00:00,69.4,200,bid,WavyWalnuts,YieldingYams,3534581
2026-07-14T18:02:46.401998,2026-07-14T18:02:46.410296+00:00,69.3,25,ask,YieldingYams,Johan Shajee,3534586
2026-07-14T18:02:46.508324,2026-07-14T18:02:46.518321+00:00,69.4,38,bid,YieldingYams,Sze-Yong Ng,3534590
2026-07-14T18:02:46.508324,2026-07-14T18:02:46.518321+00:00,69.4,20,bid,YieldingYams,Luke Zeng,3534591
2026-07-14T18:02:46.508324,2026-07-14T18:02:46.518321+00:00,69.4,37,bid,YieldingYams,Shen Jiang,3534592
2026-07-14T18:02:46.508324,2026-07-14T18:02:46.518321+00:00,69.4,500,bid,YieldingYams,AverageAlmonds,3534593
2026-07-14T18:02:46.619256,2026-07-14T18:02:46.625853+00:00,69.4,25,ask,YieldingYams,Johan Shajee,3534597
2026-07-14T18:02:46.664964,2026-07-14T18:02:46.669769+00:00,69.4,5,ask,YieldingYams,Lachlan Han,3534603
2026-07-14T18:02:46.664964,2026-07-14T18:02:46.669769+00:00,69.4,15,ask,Shen Jiang,Lachlan Han,3534604
2026-07-14T18:02:47.825777,2026-07-14T18:02:47.848407+00:00,69.3,200,ask,WavyWalnuts,YieldingYams,3534629
2026-07-14T18:02:47.870214,2026-07-14T18:02:47.881674+00:00,69.3,2,bid,Johan Shajee,YieldingYams,3534635
2026-07-14T18:02:48.075452,2026-07-14T18:02:48.079499+00:00,69.3,2,bid,Johan Shajee,YieldingYams,3534642
2026-07-14T18:02:48.281902,2026-07-14T18:02:48.293231+00:00,69.3,2,bid,Johan Shajee,YieldingYams,3534643
2026-07-14T18:02:48.391757,2026-07-14T18:02:48.401205+00:00,69.3,2,bid,Johan Shajee,YieldingYams,3534647
2026-07-14T18:02:48.487985,2026-07-14T18:02:48.496991+00:00,69.3,2,bid,Johan Shajee,YieldingYams,3534648
2026-07-14T18:02:48.607367,2026-07-14T18:02:48.627538+00:00,69.1,20,ask,YieldingYams,BrilliantBurritos,3534652
2026-07-14T18:02:48.695409,2026-07-14T18:02:48.760375+00:00,69.3,2,bid,Johan Shajee,YieldingYams,3534657
2026-07-14T18:02:48.903533,2026-07-14T18:02:48.912186+00:00,69.3,2,bid,Alice Feng,YieldingYams,3534662
2026-07-14T18:02:49.110558,2026-07-14T18:02:49.120945+00:00,69.3,2,bid,Johan Shajee,YieldingYams,3534668
2026-07-14T18:02:49.136308,2026-07-14T18:02:49.142932+00:00,69.3,200,bid,YieldingYams,WavyWalnuts,3534669
2026-07-14T18:02:49.809860,2026-07-14T18:02:49.815961+00:00,69.3,200,ask,YieldingYams,WavyWalnuts,3534679
2026-07-14T18:02:50.450252,2026-07-14T18:02:50.482787+00:00,69.3,14,ask,Luke Zeng,YieldingYams,3534693
2026-07-14T18:02:50.450252,2026-07-14T18:02:50.482787+00:00,69.3,7,ask,Shen Jiang,YieldingYams,3534694
2026-07-14T18:02:50.450252,2026-07-14T18:02:50.482787+00:00,69.1,200,ask,WavyWalnuts,YieldingYams,3534695
2026-07-14T18:02:50.450252,2026-07-14T18:02:50.482787+00:00,69.1,5,ask,Callis Lee,YieldingYams,3534696
2026-07-14T18:02:50.492472,2026-07-14T18:02:50.570763+00:00,69.1,25,bid,Lachlan Han,YieldingYams,3534702
2026-07-14T18:02:50.525443,2026-07-14T18:02:50.570763+00:00,69.1,25,bid,Johan Shajee,YieldingYams,3534706
2026-07-14T18:02:51.014882,2026-07-14T18:02:51.025096+00:00,69.1,200,bid,WavyWalnuts,YieldingYams,3534717
2026-07-14T18:02:51.899970,2026-07-14T18:02:51.906394+00:00,69.2,25,ask,YieldingYams,Johan Shajee,3534732
2026-07-14T18:02:51.956417,2026-07-14T18:02:51.971856+00:00,69.2,25,ask,YieldingYams,Lachlan Han,3534737
2026-07-14T18:02:52.039752,2026-07-14T18:02:52.047817+00:00,69.2,5,ask,YieldingYams,YUNSHEN JI,3534742
2026-07-14T18:02:52.113557,2026-07-14T18:02:52.124932+00:00,69.2,25,ask,YieldingYams,Johan Shajee,3534743
2026-07-14T18:02:52.173672,2026-07-14T18:02:52.179566+00:00,69.2,25,ask,YieldingYams,Lachlan Han,3534748
2026-07-14T18:02:52.192386,2026-07-14T18:02:52.201027+00:00,69.2,25,ask,YieldingYams,Johan Shajee,3534751
2026-07-14T18:02:52.229566,2026-07-14T18:02:52.233344+00:00,69.2,200,ask,YieldingYams,WavyWalnuts,3534752
2026-07-14T18:02:52.324133,2026-07-14T18:02:52.331334+00:00,69.2,25,ask,YieldingYams,Lachlan Han,3534755
2026-07-14T18:02:52.384291,2026-07-14T18:02:52.396294+00:00,69.2,25,ask,YieldingYams,Johan Shajee,3534757
2026-07-14T18:02:52.418385,2026-07-14T18:02:52.429244+00:00,69.2,2,ask,YieldingYams,Alice Feng,3534759
2026-07-14T18:02:52.553059,2026-07-14T18:02:52.560240+00:00,69.2,25,ask,YieldingYams,Dinh Nguyen,3534766
2026-07-14T18:02:52.596422,2026-07-14T18:02:52.603663+00:00,69.2,25,ask,YieldingYams,Lachlan Han,3534770
2026-07-14T18:02:53.081001,2026-07-14T18:02:53.086287+00:00,69.2,18,ask,Shen Jiang,YieldingYams,3534779
2026-07-14T18:02:53.221869,2026-07-14T18:02:53.270555+00:00,69.2,2,bid,Alice Feng,YieldingYams,3534781
2026-07-14T18:02:53.298115,2026-07-14T18:02:53.303996+00:00,69.2,20,bid,BrilliantBurritos,YieldingYams,3534787
2026-07-14T18:02:53.427751,2026-07-14T18:02:53.435767+00:00,69.2,2,bid,Johan Shajee,YieldingYams,3534790
2026-07-14T18:02:53.447058,2026-07-14T18:02:53.457277+00:00,69.2,2,bid,Johan Shajee,YieldingYams,3534792
2026-07-14T18:02:55.363227,2026-07-14T18:02:55.372605+00:00,69.2,20,bid,BrilliantBurritos,YieldingYams,3534836
2026-07-14T18:02:55.713976,2026-07-14T18:02:55.717033+00:00,69.1,200,ask,WavyWalnuts,YieldingYams,3534841
2026-07-14T18:02:57.091601,2026-07-14T18:02:57.093781+00:00,69.0,200,ask,AverageAlmonds,WavyWalnuts,3534851
2026-07-14T18:02:58.340389,2026-07-14T18:02:58.346969+00:00,69.0,500,ask,AverageAlmonds,YieldingYams,3534874
2026-07-14T18:02:58.589762,2026-07-14T18:02:58.600596+00:00,69.0,125,bid,AverageAlmonds,YieldingYams,3534877
2026-07-14T18:02:59.307752,2026-07-14T18:02:59.313347+00:00,69.0,20,ask,AverageAlmonds,BrilliantBurritos,3534884
2026-07-14T18:02:59.510874,2026-07-14T18:02:59.523404+00:00,69.0,200,ask,AverageAlmonds,WavyWalnuts,3534885
2026-07-14T18:03:00.719824,2026-07-14T18:03:00.724085+00:00,69.0,200,ask,AverageAlmonds,WavyWalnuts,3534907
2026-07-14T18:03:00.963149,2026-07-14T18:03:00.966973+00:00,69.0,300,ask,AverageAlmonds,YieldingYams,3534912
2026-07-14T18:03:00.963149,2026-07-14T18:03:00.966973+00:00,69.0,16,ask,Luke Zeng,YieldingYams,3534913
2026-07-14T18:03:01.028254,2026-07-14T18:03:01.031775+00:00,69.0,309,bid,AverageAlmonds,YieldingYams,3534914
2026-07-14T18:03:01.928849,2026-07-14T18:03:01.939548+00:00,69.0,200,ask,AverageAlmonds,WavyWalnuts,3534927
2026-07-14T18:03:02.275223,2026-07-14T18:03:02.286048+00:00,69.2,5,bid,YieldingYams,Callis Lee,3534930
2026-07-14T18:03:02.275223,2026-07-14T18:03:02.286048+00:00,69.2,16,bid,YieldingYams,Luke Zeng,3534931
2026-07-14T18:03:02.275223,2026-07-14T18:03:02.286048+00:00,69.2,8,bid,YieldingYams,Shen Jiang,3534932
2026-07-14T18:03:02.296028,2026-07-14T18:03:02.307242+00:00,69.2,25,ask,YieldingYams,Johan Shajee,3534933
2026-07-14T18:03:02.579116,2026-07-14T18:03:02.591701+00:00,69.2,21,ask,YieldingYams,Lachlan Han,3534946
2026-07-14T18:03:02.720138,2026-07-14T18:03:02.759274+00:00,69.4,2,bid,Johan Shajee,YieldingYams,3534951
2026-07-14T18:03:02.926172,2026-07-14T18:03:02.933881+00:00,69.4,2,bid,Johan Shajee,YieldingYams,3534955
2026-07-14T18:03:03.131752,2026-07-14T18:03:03.139072+00:00,69.4,2,bid,Johan Shajee,YieldingYams,3534958
2026-07-14T18:03:03.142919,2026-07-14T18:03:03.149718+00:00,69.2,200,ask,YieldingYams,WavyWalnuts,3534959
2026-07-14T18:03:03.339230,2026-07-14T18:03:03.345487+00:00,69.4,2,bid,Johan Shajee,YieldingYams,3534960
2026-07-14T18:03:03.524600,2026-07-14T18:03:03.529132+00:00,69.4,2,bid,Alice Feng,YieldingYams,3534963
2026-07-14T18:03:03.754897,2026-07-14T18:03:03.769695+00:00,69.3,2,bid,Johan Shajee,YieldingYams,3534967
2026-07-14T18:03:04.351379,2026-07-14T18:03:04.357355+00:00,69.2,200,ask,YieldingYams,WavyWalnuts,3534976
2026-07-14T18:03:05.548763,2026-07-14T18:03:05.553649+00:00,69.2,2,bid,Alice Feng,YieldingYams,3534997
2026-07-14T18:03:05.557670,2026-07-14T18:03:05.564233+00:00,69.2,200,bid,WavyWalnuts,YieldingYams,3534998
2026-07-14T18:03:05.882664,2026-07-14T18:03:05.890984+00:00,69.2,423,bid,AverageAlmonds,YieldingYams,3535001
2026-07-14T18:03:07.987200,2026-07-14T18:03:07.990763+00:00,69.2,200,ask,YieldingYams,WavyWalnuts,3535039
2026-07-14T18:03:08.840326,2026-07-14T18:03:08.869709+00:00,69.2,38,ask,Sze-Yong Ng,YieldingYams,3535049
2026-07-14T18:03:08.840326,2026-07-14T18:03:08.869709+00:00,69.2,20,ask,Luke Zeng,YieldingYams,3535050
2026-07-14T18:03:08.840326,2026-07-14T18:03:08.869709+00:00,69.2,500,ask,AverageAlmonds,YieldingYams,3535051
2026-07-14T18:03:08.840326,2026-07-14T18:03:08.869709+00:00,69.2,22,ask,Shen Jiang,YieldingYams,3535052
2026-07-14T18:03:08.840326,2026-07-14T18:03:08.869709+00:00,69.1,45,ask,WavyWalnuts,YieldingYams,3535053
2026-07-14T18:03:10.405485,2026-07-14T18:03:10.470186+00:00,69.3,20,ask,Luke Zeng,WavyWalnuts,3535077
2026-07-14T18:03:10.405485,2026-07-14T18:03:10.470186+00:00,69.3,180,ask,YieldingYams,WavyWalnuts,3535078
2026-07-14T18:03:15.405404,2026-07-14T18:03:15.483486+00:00,69.3,500,ask,AverageAlmonds,YieldingYams,3535150
2026-07-14T18:03:15.405404,2026-07-14T18:03:15.483486+00:00,69.3,20,ask,Luke Zeng,YieldingYams,3535151
2026-07-14T18:03:15.405404,2026-07-14T18:03:15.483486+00:00,69.3,28,ask,Shen Jiang,YieldingYams,3535152
2026-07-14T18:03:15.421758,2026-07-14T18:03:15.483486+00:00,69.3,25,bid,Lachlan Han,YieldingYams,3535156
2026-07-14T18:03:15.550422,2026-07-14T18:03:15.570383+00:00,69.3,52,bid,AverageAlmonds,YieldingYams,3535164
2026-07-14T18:03:16.460325,2026-07-14T18:03:16.469882+00:00,69.3,42,ask,Sze-Yong Ng,WavyWalnuts,3535177
2026-07-14T18:03:16.460325,2026-07-14T18:03:16.469882+00:00,69.3,1,ask,Shen Jiang,WavyWalnuts,3535178
2026-07-14T18:03:16.460325,2026-07-14T18:03:16.469882+00:00,69.3,157,ask,AverageAlmonds,WavyWalnuts,3535179
2026-07-14T18:03:17.672013,2026-07-14T18:03:17.674759+00:00,69.4,200,ask,YieldingYams,WavyWalnuts,3535196
2026-07-14T18:03:19.346620,2026-07-14T18:03:19.369649+00:00,69.4,200,ask,WavyWalnuts,YieldingYams,3535225
2026-07-14T18:03:19.454234,2026-07-14T18:03:19.465819+00:00,69.4,5,bid,Yinxuan Li,YieldingYams,3535230
2026-07-14T18:03:19.601618,2026-07-14T18:03:19.609842+00:00,69.4,25,bid,Johan Shajee,YieldingYams,3535235
2026-07-14T18:03:19.649287,2026-07-14T18:03:19.662408+00:00,69.4,25,bid,Johan Shajee,YieldingYams,3535240
2026-07-14T18:03:19.649486,2026-07-14T18:03:19.662408+00:00,69.4,54,bid,Alice Feng,YieldingYams,3535241
2026-07-14T18:03:19.716097,2026-07-14T18:03:19.725751+00:00,69.4,5,bid,YUNSHEN JI,YieldingYams,3535243
2026-07-14T18:03:19.836396,2026-07-14T18:03:19.843448+00:00,69.4,25,bid,Lachlan Han,YieldingYams,3535249
2026-07-14T18:03:20.280945,2026-07-14T18:03:20.291230+00:00,69.4,1,bid,YUNSHEN JI,YieldingYams,3535256
2026-07-14T18:03:20.656113,2026-07-14T18:03:20.675389+00:00,69.5,200,bid,YieldingYams,WavyWalnuts,3535265
2026-07-14T18:03:20.665054,2026-07-14T18:03:20.675389+00:00,69.5,2,ask,YieldingYams,Johan Shajee,3535266
2026-07-14T18:03:20.869981,2026-07-14T18:03:20.876172+00:00,69.5,2,ask,YieldingYams,Johan Shajee,3535270
2026-07-14T18:03:21.075839,2026-07-14T18:03:21.087963+00:00,69.5,2,ask,YieldingYams,Johan Shajee,3535274
2026-07-14T18:03:21.670454,2026-07-14T18:03:21.679080+00:00,69.6,2,bid,Alice Feng,Luke Zeng,3535283
2026-07-14T18:03:22.507507,2026-07-14T18:03:22.511817+00:00,69.5,19,ask,Sze-Yong Ng,WavyWalnuts,3535289
2026-07-14T18:03:22.507507,2026-07-14T18:03:22.511817+00:00,69.5,181,ask,YieldingYams,WavyWalnuts,3535290
2026-07-14T18:03:22.677797,2026-07-14T18:03:22.680278+00:00,69.6,2,bid,Alice Feng,YieldingYams,3535294
2026-07-14T18:03:23.687624,2026-07-14T18:03:23.702130+00:00,69.5,1,bid,Alice Feng,YieldingYams,3535322
2026-07-14T18:03:24.598214,2026-07-14T18:03:24.604234+00:00,69.4,200,ask,WavyWalnuts,YieldingYams,3535331
2026-07-14T18:03:24.598214,2026-07-14T18:03:24.604234+00:00,69.4,20,ask,Luke Zeng,YieldingYams,3535332
2026-07-14T18:03:24.683724,2026-07-14T18:03:24.689245+00:00,69.4,25,bid,Lachlan Han,YieldingYams,3535335
2026-07-14T18:03:24.695862,2026-07-14T18:03:24.699946+00:00,69.4,25,bid,Lachlan Han,YieldingYams,3535338
2026-07-14T18:03:24.894594,2026-07-14T18:03:24.902942+00:00,69.4,25,bid,Johan Shajee,YieldingYams,3535343
2026-07-14T18:03:24.907407,2026-07-14T18:03:24.916630+00:00,69.4,1,bid,YUNSHEN JI,YieldingYams,3535346
2026-07-14T18:03:24.910817,2026-07-14T18:03:24.916630+00:00,69.4,25,bid,Johan Shajee,YieldingYams,3535347
2026-07-14T18:03:25.746029,2026-07-14T18:03:25.770106+00:00,69.4,25,bid,Johan Shajee,YieldingYams,3535367
2026-07-14T18:03:25.907653,2026-07-14T18:03:25.912492+00:00,69.4,20,bid,YieldingYams,Shen Jiang,3535370
2026-07-14T18:03:25.957710,2026-07-14T18:03:25.966405+00:00,69.4,2,ask,YieldingYams,Johan Shajee,3535371
2026-07-14T18:03:26.139116,2026-07-14T18:03:26.147685+00:00,69.4,200,ask,YieldingYams,WavyWalnuts,3535378
2026-07-14T18:03:26.162688,2026-07-14T18:03:26.169370+00:00,69.4,2,ask,YieldingYams,Alice Feng,3535379
2026-07-14T18:03:26.368546,2026-07-14T18:03:26.371432+00:00,69.4,2,ask,YieldingYams,Johan Shajee,3535386
2026-07-14T18:03:26.573895,2026-07-14T18:03:26.576519+00:00,69.4,2,ask,YieldingYams,Johan Shajee,3535391
2026-07-14T18:03:26.709789,2026-07-14T18:03:26.715316+00:00,69.4,2,ask,YieldingYams,Johan Shajee,3535394
2026-07-14T18:03:26.780936,2026-07-14T18:03:26.791050+00:00,69.4,2,ask,YieldingYams,Johan Shajee,3535395
2026-07-14T18:03:26.985640,2026-07-14T18:03:26.993576+00:00,69.4,2,ask,YieldingYams,Johan Shajee,3535396
2026-07-14T18:03:27.191737,2026-07-14T18:03:27.196484+00:00,69.4,2,ask,YieldingYams,Johan Shajee,3535397
2026-07-14T18:03:27.229743,2026-07-14T18:03:27.239392+00:00,69.3,5,ask,Callis Lee,YieldingYams,3535401
2026-07-14T18:03:27.314551,2026-07-14T18:03:27.324051+00:00,69.3,25,bid,Lachlan Han,YieldingYams,3535406
2026-07-14T18:03:27.346134,2026-07-14T18:03:27.355827+00:00,69.3,200,bid,WavyWalnuts,YieldingYams,3535408
2026-07-14T18:03:27.402637,2026-07-14T18:03:27.409461+00:00,69.3,25,bid,Johan Shajee,YieldingYams,3535411
2026-07-14T18:03:27.411630,2026-07-14T18:03:27.420307+00:00,69.3,3,bid,Callis Lee,YieldingYams,3535413
2026-07-14T18:03:27.526336,2026-07-14T18:03:27.534850+00:00,69.3,3,bid,Lachlan Han,YieldingYams,3535416
2026-07-14T18:03:27.718251,2026-07-14T18:03:27.720658+00:00,69.2,2,ask,YieldingYams,Alice Feng,3535420
2026-07-14T18:03:28.642244,2026-07-14T18:03:28.648273+00:00,69.4,2,ask,WavyWalnuts,Alice Feng,3535439
2026-07-14T18:03:28.737552,2026-07-14T18:03:28.747558+00:00,69.4,2,ask,WavyWalnuts,YUNSHEN JI,3535440
2026-07-14T18:03:28.847009,2026-07-14T18:03:28.868741+00:00,69.4,2,ask,WavyWalnuts,Johan Shajee,3535442
2026-07-14T18:03:28.854262,2026-07-14T18:03:28.868741+00:00,69.4,20,ask,WavyWalnuts,BrilliantBurritos,3535443
2026-07-14T18:03:28.969708,2026-07-14T18:03:28.980571+00:00,69.4,2,ask,WavyWalnuts,Johan Shajee,3535447
2026-07-14T18:03:29.052802,2026-07-14T18:03:29.070183+00:00,69.4,1,ask,WavyWalnuts,Alice Feng,3535449
2026-07-14T18:03:29.744222,2026-07-14T18:03:29.759084+00:00,69.4,1,ask,WavyWalnuts,Johan Shajee,3535459
2026-07-14T18:03:29.765735,2026-07-14T18:03:29.769845+00:00,69.5,200,bid,WavyWalnuts,YieldingYams,3535460
2026-07-14T18:03:31.156101,2026-07-14T18:03:31.159588+00:00,69.5,20,bid,YieldingYams,Shen Jiang,3535477
2026-07-14T18:03:31.156101,2026-07-14T18:03:31.159588+00:00,69.5,500,bid,YieldingYams,AverageAlmonds,3535478
2026-07-14T18:03:31.156101,2026-07-14T18:03:31.175920+00:00,69.5,20,bid,YieldingYams,Luke Zeng,3535479
2026-07-14T18:03:31.163743,2026-07-14T18:03:31.175920+00:00,69.5,29,ask,YieldingYams,Shen Jiang,3535480
2026-07-14T18:03:31.321399,2026-07-14T18:03:31.324387+00:00,69.5,56,ask,YieldingYams,AverageAlmonds,3535485
2026-07-14T18:03:31.763860,2026-07-14T18:03:31.769353+00:00,69.5,2,bid,Alice Feng,AverageAlmonds,3535492
2026-07-14T18:03:32.190737,2026-07-14T18:03:32.193213+00:00,69.5,2,bid,WavyWalnuts,Sze-Yong Ng,3535496
2026-07-14T18:03:32.190737,2026-07-14T18:03:32.203887+00:00,69.5,8,bid,WavyWalnuts,Luke Zeng,3535497
2026-07-14T18:03:32.190737,2026-07-14T18:03:32.203887+00:00,69.5,190,bid,WavyWalnuts,AverageAlmonds,3535498
2026-07-14T18:03:32.467886,2026-07-14T18:03:32.469925+00:00,69.4,39,ask,Shen Jiang,YieldingYams,3535502
2026-07-14T18:03:32.772867,2026-07-14T18:03:32.781005+00:00,69.4,2,bid,Alice Feng,YieldingYams,3535513
2026-07-14T18:03:33.782208,2026-07-14T18:03:33.790994+00:00,69.5,1,bid,Alice Feng,WavyWalnuts,3535524
2026-07-14T18:03:34.613667,2026-07-14T18:03:34.615818+00:00,69.4,200,ask,YieldingYams,WavyWalnuts,3535534
2026-07-14T18:03:35.820416,2026-07-14T18:03:35.822265+00:00,69.4,200,bid,WavyWalnuts,AverageAlmonds,3535554
2026-07-14T18:03:38.238386,2026-07-14T18:03:38.250425+00:00,69.5,200,bid,WavyWalnuts,YieldingYams,3535581
2026-07-14T18:03:39.021520,2026-07-14T18:03:39.033579+00:00,69.5,500,bid,YieldingYams,AverageAlmonds,3535589
2026-07-14T18:03:39.021520,2026-07-14T18:03:39.033579+00:00,69.6,125,bid,YieldingYams,WavyWalnuts,3535590
2026-07-14T18:03:39.447814,2026-07-14T18:03:39.452038+00:00,69.5,200,bid,WavyWalnuts,AverageAlmonds,3535596
2026-07-14T18:03:40.333489,2026-07-14T18:03:40.360162+00:00,69.3,16,ask,Luke Zeng,YieldingYams,3535607
2026-07-14T18:03:40.333489,2026-07-14T18:03:40.360162+00:00,69.3,12,ask,Shen Jiang,YieldingYams,3535608
2026-07-14T18:03:40.361754,2026-07-14T18:03:40.371117+00:00,69.3,25,bid,Johan Shajee,YieldingYams,3535614
2026-07-14T18:03:40.410068,2026-07-14T18:03:40.414145+00:00,69.3,5,bid,YUNSHEN JI,YieldingYams,3535616
2026-07-14T18:03:40.484975,2026-07-14T18:03:40.490438+00:00,69.3,25,bid,Lachlan Han,YieldingYams,3535619
2026-07-14T18:03:40.658689,2026-07-14T18:03:40.669700+00:00,69.3,200,bid,WavyWalnuts,YieldingYams,3535621
2026-07-14T18:03:41.871418,2026-07-14T18:03:41.881868+00:00,69.3,200,ask,YieldingYams,WavyWalnuts,3535631
2026-07-14T18:03:42.489219,2026-07-14T18:03:42.496471+00:00,69.3,20,ask,YieldingYams,BrilliantBurritos,3535642
2026-07-14T18:03:44.297083,2026-07-14T18:03:44.305024+00:00,69.3,200,ask,YieldingYams,WavyWalnuts,3535666
2026-07-14T18:03:44.531458,2026-07-14T18:03:44.533980+00:00,69.3,2,ask,YieldingYams,Yinxuan Li,3535674
2026-07-14T18:03:45.506808,2026-07-14T18:03:45.515520+00:00,69.3,200,ask,YieldingYams,WavyWalnuts,3535689
2026-07-14T18:03:45.910699,2026-07-14T18:03:45.921697+00:00,69.3,22,bid,Johan Shajee,YieldingYams,3535699
2026-07-14T18:03:46.851757,2026-07-14T18:03:46.860923+00:00,69.2,30,bid,YUNSHEN JI,WavyWalnuts,3535721
2026-07-14T18:03:47.423078,2026-07-14T18:03:47.429542+00:00,69.2,30,bid,YUNSHEN JI,WavyWalnuts,3535734
2026-07-14T18:03:47.700450,2026-07-14T18:03:47.702332+00:00,69.2,25,bid,Dinh Nguyen,WavyWalnuts,3535743
2026-07-14T18:03:47.925206,2026-07-14T18:03:47.937066+00:00,69.1,200,ask,YieldingYams,WavyWalnuts,3535746
2026-07-14T18:03:48.210847,2026-07-14T18:03:48.214971+00:00,69.1,20,ask,Luke Zeng,YieldingYams,3535751
2026-07-14T18:03:48.210847,2026-07-14T18:03:48.214971+00:00,69.1,19,ask,Shen Jiang,YieldingYams,3535752
2026-07-14T18:03:48.210847,2026-07-14T18:03:48.231186+00:00,69.0,500,ask,AverageAlmonds,YieldingYams,3535753
2026-07-14T18:03:48.270562,2026-07-14T18:03:48.274761+00:00,69.0,86,bid,AverageAlmonds,YieldingYams,3535756
2026-07-14T18:03:49.526855,2026-07-14T18:03:49.570326+00:00,69.2,200,bid,YieldingYams,WavyWalnuts,3535776
2026-07-14T18:03:49.526855,2026-07-14T18:03:49.570326+00:00,69.3,20,bid,YieldingYams,Luke Zeng,3535777
2026-07-14T18:03:49.591914,2026-07-14T18:03:49.599033+00:00,69.3,2,ask,YieldingYams,Yinxuan Li,3535785
2026-07-14T18:03:49.729002,2026-07-14T18:03:49.735031+00:00,69.3,30,ask,YieldingYams,YUNSHEN JI,3535790
2026-07-14T18:03:50.360954,2026-07-14T18:03:50.363455+00:00,69.3,200,ask,YieldingYams,WavyWalnuts,3535796
2026-07-14T18:03:51.446799,2026-07-14T18:03:51.467390+00:00,69.3,30,bid,YUNSHEN JI,YieldingYams,3535816
2026-07-14T18:03:51.461826,2026-07-14T18:03:51.467390+00:00,69.3,3,bid,Callis Lee,YieldingYams,3535817
2026-07-14T18:03:51.569574,2026-07-14T18:03:51.575723+00:00,69.3,200,bid,WavyWalnuts,YieldingYams,3535820
2026-07-14T18:03:51.926674,2026-07-14T18:03:51.933022+00:00,69.3,2,bid,Alice Feng,YieldingYams,3535829
2026-07-14T18:03:51.942188,2026-07-14T18:03:51.965776+00:00,69.3,20,bid,Roger Xu,YieldingYams,3535831
2026-07-14T18:03:52.015878,2026-07-14T18:03:52.019607+00:00,69.3,28,bid,YUNSHEN JI,YieldingYams,3535836
2026-07-14T18:03:52.156260,2026-07-14T18:03:52.181946+00:00,69.3,59,bid,YieldingYams,Sze-Yong Ng,3535840
2026-07-14T18:03:52.156260,2026-07-14T18:03:52.181946+00:00,69.4,500,bid,YieldingYams,AverageAlmonds,3535841
2026-07-14T18:03:52.447456,2026-07-14T18:03:52.457890+00:00,69.5,2,bid,Dinh Nguyen,Callis Lee,3535849
2026-07-14T18:03:52.582161,2026-07-14T18:03:52.588364+00:00,69.4,20,ask,YieldingYams,YUNSHEN JI,3535852
2026-07-14T18:03:52.781391,2026-07-14T18:03:52.792147+00:00,69.4,46,ask,YieldingYams,WavyWalnuts,3535853
2026-07-14T18:03:52.781391,2026-07-14T18:03:52.792147+00:00,69.4,42,ask,Sze-Yong Ng,WavyWalnuts,3535854
2026-07-14T18:03:52.939576,2026-07-14T18:03:52.946849+00:00,69.4,2,bid,Alice Feng,WavyWalnuts,3535857
2026-07-14T18:03:52.994263,2026-07-14T18:03:53.004445+00:00,69.4,5,bid,Lachlan Han,WavyWalnuts,3535860
2026-07-14T18:03:53.477018,2026-07-14T18:03:53.479537+00:00,69.2,5,ask,Callis Lee,YieldingYams,3535873
2026-07-14T18:03:53.477018,2026-07-14T18:03:53.513209+00:00,69.2,200,ask,WavyWalnuts,YieldingYams,3535874
2026-07-14T18:03:53.477018,2026-07-14T18:03:53.513209+00:00,69.2,15,ask,Shen Jiang,YieldingYams,3535875
2026-07-14T18:03:53.723404,2026-07-14T18:03:53.759353+00:00,69.2,2,bid,Dinh Nguyen,YieldingYams,3535887
2026-07-14T18:03:53.799875,2026-07-14T18:03:53.803536+00:00,69.2,20,bid,YUNSHEN JI,YieldingYams,3535893
2026-07-14T18:03:53.836435,2026-07-14T18:03:53.847959+00:00,69.2,30,bid,Roger Xu,YieldingYams,3535894
2026-07-14T18:03:53.860283,2026-07-14T18:03:53.869833+00:00,69.2,3,bid,Callis Lee,YieldingYams,3535896
2026-07-14T18:03:53.956401,2026-07-14T18:03:53.967807+00:00,69.2,1,bid,Alice Feng,YieldingYams,3535900
2026-07-14T18:03:53.989873,2026-07-14T18:03:54.000618+00:00,69.2,200,bid,WavyWalnuts,YieldingYams,3535901
2026-07-14T18:03:54.792543,2026-07-14T18:03:54.806889+00:00,69.2,20,bid,YieldingYams,Roger Xu,3535910
2026-07-14T18:03:54.792543,2026-07-14T18:03:54.806889+00:00,69.2,19,bid,YieldingYams,Shen Jiang,3535911
2026-07-14T18:03:54.792543,2026-07-14T18:03:54.806889+00:00,69.3,30,bid,YieldingYams,Roger Xu,3535912
2026-07-14T18:03:54.805290,2026-07-14T18:03:54.817973+00:00,69.3,25,ask,YieldingYams,Lachlan Han,3535914
2026-07-14T18:03:54.974924,2026-07-14T18:03:54.980919+00:00,69.3,2,ask,YieldingYams,Alice Feng,3535920
2026-07-14T18:03:54.984438,2026-07-14T18:03:54.991655+00:00,69.4,2,bid,Dinh Nguyen,Callis Lee,3535921
2026-07-14T18:03:55.987706,2026-07-14T18:03:55.989829+00:00,69.3,2,ask,YieldingYams,Alice Feng,3535940
2026-07-14T18:03:56.106764,2026-07-14T18:03:56.119017+00:00,69.4,62,bid,YieldingYams,Sze-Yong Ng,3535944
2026-07-14T18:03:56.106764,2026-07-14T18:03:56.119017+00:00,69.4,500,bid,YieldingYams,AverageAlmonds,3535945
2026-07-14T18:03:56.106764,2026-07-14T18:03:56.119017+00:00,69.4,25,bid,YieldingYams,Shen Jiang,3535946
2026-07-14T18:03:56.156073,2026-07-14T18:03:56.162663+00:00,69.4,38,ask,YieldingYams,AverageAlmonds,3535949
2026-07-14T18:03:56.211455,2026-07-14T18:03:56.217842+00:00,69.4,2,bid,Dinh Nguyen,AverageAlmonds,3535956
2026-07-14T18:03:57.428255,2026-07-14T18:03:57.478082+00:00,69.1,200,ask,WavyWalnuts,YieldingYams,3535982
2026-07-14T18:03:57.428255,2026-07-14T18:03:57.478082+00:00,69.1,20,ask,Sze-Yong Ng,YieldingYams,3535983
2026-07-14T18:03:57.428255,2026-07-14T18:03:57.478082+00:00,69.1,20,ask,Luke Zeng,YieldingYams,3535984
2026-07-14T18:03:57.428255,2026-07-14T18:03:57.478082+00:00,69.1,38,ask,Shen Jiang,YieldingYams,3535985
2026-07-14T18:03:57.468346,2026-07-14T18:03:57.478082+00:00,69.1,2,bid,Dinh Nguyen,YieldingYams,3535988
2026-07-14T18:03:57.628726,2026-07-14T18:03:57.630843+00:00,69.1,25,bid,Lachlan Han,YieldingYams,3535993
2026-07-14T18:03:58.742251,2026-07-14T18:03:58.745503+00:00,69.1,2,bid,YieldingYams,Shen Jiang,3536012
2026-07-14T18:03:58.742251,2026-07-14T18:03:58.745503+00:00,69.2,200,bid,YieldingYams,WavyWalnuts,3536013
2026-07-14T18:03:59.029142,2026-07-14T18:03:59.041480+00:00,69.2,2,ask,YieldingYams,Alice Feng,3536016
2026-07-14T18:03:59.224458,2026-07-14T18:03:59.227415+00:00,69.3,2,bid,Dinh Nguyen,Callis Lee,3536023
2026-07-14T18:04:00.036041,2026-07-14T18:04:00.042856+00:00,69.2,2,ask,YieldingYams,Alice Feng,3536032
2026-07-14T18:04:00.467218,2026-07-14T18:04:00.478993+00:00,69.3,2,bid,Dinh Nguyen,Luke Zeng,3536048
2026-07-14T18:04:01.280171,2026-07-14T18:04:01.283029+00:00,69.2,42,ask,Sze-Yong Ng,WavyWalnuts,3536061
2026-07-14T18:04:01.280171,2026-07-14T18:04:01.294018+00:00,69.2,158,ask,YieldingYams,WavyWalnuts,3536062
2026-07-14T18:04:01.946470,2026-07-14T18:04:01.948731+00:00,69.2,25,bid,Dinh Nguyen,YieldingYams,3536074
2026-07-14T18:04:02.221391,2026-07-14T18:04:02.232185+00:00,69.2,2,bid,Dinh Nguyen,YieldingYams,3536079
2026-07-14T18:04:02.692144,2026-07-14T18:04:02.707156+00:00,69.3,200,bid,YieldingYams,WavyWalnuts,3536088
2026-07-14T18:04:03.070862,2026-07-14T18:04:03.080591+00:00,69.3,2,ask,YieldingYams,Alice Feng,3536094
2026-07-14T18:04:03.223305,2026-07-14T18:04:03.225353+00:00,69.3,30,ask,YieldingYams,YUNSHEN JI,3536102
2026-07-14T18:04:03.485439,2026-07-14T18:04:03.495409+00:00,69.4,2,bid,Dinh Nguyen,YieldingYams,3536105
2026-07-14T18:04:03.701264,2026-07-14T18:04:03.708040+00:00,69.3,200,ask,YieldingYams,WavyWalnuts,3536110
2026-07-14T18:04:03.782497,2026-07-14T18:04:03.791316+00:00,69.3,30,ask,YieldingYams,YUNSHEN JI,3536112
2026-07-14T18:04:04.083163,2026-07-14T18:04:04.089987+00:00,69.2,4,bid,Alice Feng,YieldingYams,3536122
2026-07-14T18:04:04.216639,2026-07-14T18:04:04.219555+00:00,69.2,30,bid,YUNSHEN JI,YieldingYams,3536126
2026-07-14T18:04:04.359606,2026-07-14T18:04:04.372166+00:00,69.2,30,bid,Roger Xu,YieldingYams,3536131
2026-07-14T18:04:04.439480,2026-07-14T18:04:04.447744+00:00,69.2,3,bid,Callis Lee,YieldingYams,3536132
2026-07-14T18:04:04.773280,2026-07-14T18:04:04.783869+00:00,69.2,25,bid,Dinh Nguyen,YieldingYams,3536146
2026-07-14T18:04:04.911067,2026-07-14T18:04:04.913730+00:00,69.2,200,bid,WavyWalnuts,YieldingYams,3536147
2026-07-14T18:04:04.993477,2026-07-14T18:04:05.001938+00:00,69.2,25,bid,Yinxuan Li,YieldingYams,3536148
2026-07-14T18:04:05.252468,2026-07-14T18:04:05.260903+00:00,69.1,2,ask,YieldingYams,Dinh Nguyen,3536154
2026-07-14T18:04:05.340948,2026-07-14T18:04:05.359742+00:00,69.2,1,bid,YieldingYams,Luke Zeng,3536156
2026-07-14T18:04:05.340948,2026-07-14T18:04:05.359742+00:00,69.2,20,bid,YieldingYams,Roger Xu,3536157
2026-07-14T18:04:05.340948,2026-07-14T18:04:05.359742+00:00,69.2,27,bid,YieldingYams,Shen Jiang,3536158
2026-07-14T18:04:06.105746,2026-07-14T18:04:06.109195+00:00,69.3,2,bid,Alice Feng,Luke Zeng,3536167
2026-07-14T18:04:06.121663,2026-07-14T18:04:06.130810+00:00,69.3,15,bid,WavyWalnuts,Luke Zeng,3536168
2026-07-14T18:04:06.121663,2026-07-14T18:04:06.130810+00:00,69.4,185,bid,WavyWalnuts,YieldingYams,3536169
2026-07-14T18:04:06.661766,2026-07-14T18:04:06.677026+00:00,69.3,10,bid,YieldingYams,Roger Xu,3536174
2026-07-14T18:04:06.661766,2026-07-14T18:04:06.677026+00:00,69.3,500,bid,YieldingYams,AverageAlmonds,3536175
2026-07-14T18:04:07.225198,2026-07-14T18:04:07.230933+00:00,69.3,30,ask,YieldingYams,YUNSHEN JI,3536193
2026-07-14T18:04:07.663750,2026-07-14T18:04:07.669544+00:00,69.3,85,ask,YieldingYams,AverageAlmonds,3536195
2026-07-14T18:04:07.702463,2026-07-14T18:04:07.712967+00:00,69.2,1,ask,WavyWalnuts,Dinh Nguyen,3536197
2026-07-14T18:04:07.973839,2026-07-14T18:04:07.985577+00:00,69.2,199,ask,WavyWalnuts,YieldingYams,3536202
2026-07-14T18:04:08.134928,2026-07-14T18:04:08.139651+00:00,69.2,1,bid,Alice Feng,YieldingYams,3536206
2026-07-14T18:04:10.594079,2026-07-14T18:04:10.597298+00:00,69.2,42,bid,YieldingYams,Sze-Yong Ng,3536233
2026-07-14T18:04:11.167940,2026-07-14T18:04:11.173566+00:00,69.2,1,ask,YieldingYams,Alice Feng,3536237
2026-07-14T18:04:12.180200,2026-07-14T18:04:12.190688+00:00,69.3,200,bid,WavyWalnuts,AverageAlmonds,3536256
2026-07-14T18:04:13.200932,2026-07-14T18:04:13.203073+00:00,69.3,2,bid,Alice Feng,YieldingYams,3536279
2026-07-14T18:04:14.208394,2026-07-14T18:04:14.214326+00:00,69.3,2,bid,Alice Feng,YieldingYams,3536288
2026-07-14T18:04:14.269451,2026-07-14T18:04:14.281351+00:00,69.3,5,bid,Lachlan Han,YieldingYams,3536290
2026-07-14T18:04:14.607770,2026-07-14T18:04:14.613457+00:00,69.3,200,bid,WavyWalnuts,AverageAlmonds,3536293
2026-07-14T18:04:16.289993,2026-07-14T18:04:16.302170+00:00,69.3,2,bid,Lachlan Han,WavyWalnuts,3536328
2026-07-14T18:04:17.034468,2026-07-14T18:04:17.044433+00:00,69.2,2,ask,Sze-Yong Ng,WavyWalnuts,3536333
2026-07-14T18:04:17.034468,2026-07-14T18:04:17.044433+00:00,69.2,17,ask,Luke Zeng,WavyWalnuts,3536334
2026-07-14T18:04:17.141065,2026-07-14T18:04:17.152560+00:00,69.2,181,bid,YieldingYams,WavyWalnuts,3536339
2026-07-14T18:04:18.246693,2026-07-14T18:04:18.255104+00:00,69.2,200,ask,YieldingYams,WavyWalnuts,3536361
2026-07-14T18:04:18.453469,2026-07-14T18:04:18.464114+00:00,69.2,40,ask,Sze-Yong Ng,YieldingYams,3536368
2026-07-14T18:04:18.453469,2026-07-14T18:04:18.464114+00:00,69.2,31,ask,Shen Jiang,YieldingYams,3536369
2026-07-14T18:04:18.537776,2026-07-14T18:04:18.549908+00:00,69.1,30,bid,YUNSHEN JI,YieldingYams,3536374
2026-07-14T18:04:18.761029,2026-07-14T18:04:18.764833+00:00,69.1,20,bid,BrilliantBurritos,YieldingYams,3536385
2026-07-14T18:04:18.810168,2026-07-14T18:04:18.818201+00:00,69.1,20,bid,Roger Xu,YieldingYams,3536386
2026-07-14T18:04:19.019596,2026-07-14T18:04:19.021822+00:00,69.1,3,bid,Callis Lee,YieldingYams,3536392
2026-07-14T18:04:19.103646,2026-07-14T18:04:19.109801+00:00,69.1,30,bid,YUNSHEN JI,YieldingYams,3536395
2026-07-14T18:04:19.126490,2026-07-14T18:04:19.131481+00:00,69.1,25,bid,Dinh Nguyen,YieldingYams,3536396
2026-07-14T18:04:19.454222,2026-07-14T18:04:19.464785+00:00,69.1,200,bid,WavyWalnuts,YieldingYams,3536404
2026-07-14T18:04:19.787962,2026-07-14T18:04:19.797734+00:00,69.1,20,bid,YieldingYams,Roger Xu,3536411
2026-07-14T18:04:20.290961,2026-07-14T18:04:20.296323+00:00,69.2,2,ask,YieldingYams,Alice Feng,3536418
2026-07-14T18:04:20.665738,2026-07-14T18:04:20.673803+00:00,69.2,200,ask,YieldingYams,WavyWalnuts,3536420
2026-07-14T18:04:21.316348,2026-07-14T18:04:21.325774+00:00,69.2,2,ask,Sze-Yong Ng,Alice Feng,3536429
2026-07-14T18:04:22.424898,2026-07-14T18:04:22.430452+00:00,69.3,5,bid,YieldingYams,Callis Lee,3536450
2026-07-14T18:04:22.424898,2026-07-14T18:04:22.430452+00:00,69.3,20,bid,YieldingYams,Luke Zeng,3536451
2026-07-14T18:04:22.424898,2026-07-14T18:04:22.430452+00:00,69.3,14,bid,YieldingYams,Shen Jiang,3536452
2026-07-14T18:04:22.534798,2026-07-14T18:04:22.544088+00:00,69.3,30,ask,YieldingYams,YUNSHEN JI,3536457
2026-07-14T18:04:23.084374,2026-07-14T18:04:23.090216+00:00,69.3,200,ask,YieldingYams,WavyWalnuts,3536472
2026-07-14T18:04:25.057165,2026-07-14T18:04:25.062766+00:00,69.4,4,bid,YieldingYams,Shen Jiang,3536498
2026-07-14T18:04:25.507869,2026-07-14T18:04:25.512492+00:00,69.4,200,ask,YieldingYams,WavyWalnuts,3536504
2026-07-14T18:04:27.713006,2026-07-14T18:04:27.723817+00:00,69.4,17,ask,Sze-Yong Ng,YieldingYams,3536535
2026-07-14T18:04:27.713006,2026-07-14T18:04:27.723817+00:00,69.4,200,ask,WavyWalnuts,YieldingYams,3536536
2026-07-14T18:04:27.713006,2026-07-14T18:04:27.723817+00:00,69.4,20,ask,Luke Zeng,YieldingYams,3536537
2026-07-14T18:04:27.925041,2026-07-14T18:04:27.933037+00:00,69.4,200,bid,WavyWalnuts,YieldingYams,3536539
2026-07-14T18:04:28.310929,2026-07-14T18:04:28.312700+00:00,69.4,30,bid,YUNSHEN JI,YieldingYams,3536545
2026-07-14T18:04:31.641466,2026-07-14T18:04:31.654494+00:00,69.5,500,bid,YieldingYams,AverageAlmonds,3536598
2026-07-14T18:04:31.641466,2026-07-14T18:04:31.654494+00:00,69.5,17,bid,YieldingYams,Luke Zeng,3536599
2026-07-14T18:04:31.641466,2026-07-14T18:04:31.654494+00:00,69.5,19,bid,YieldingYams,Shen Jiang,3536600
2026-07-14T18:04:31.775470,2026-07-14T18:04:31.787689+00:00,69.5,30,ask,YieldingYams,YUNSHEN JI,3536604
2026-07-14T18:04:31.868610,2026-07-14T18:04:31.874487+00:00,69.5,59,ask,YieldingYams,AverageAlmonds,3536605
2026-07-14T18:04:31.998605,2026-07-14T18:04:32.006635+00:00,69.4,20,ask,WavyWalnuts,BrilliantBurritos,3536609
2026-07-14T18:04:32.283273,2026-07-14T18:04:32.291685+00:00,69.5,20,bid,BrilliantBurritos,AverageAlmonds,3536612
2026-07-14T18:04:32.764025,2026-07-14T18:04:32.780566+00:00,69.4,17,ask,Luke Zeng,WavyWalnuts,3536621
2026-07-14T18:04:32.915370,2026-07-14T18:04:32.921347+00:00,69.4,30,bid,YUNSHEN JI,WavyWalnuts,3536624
2026-07-14T18:04:33.422341,2026-07-14T18:04:33.424471+00:00,69.4,20,bid,BrilliantBurritos,WavyWalnuts,3536634
2026-07-14T18:04:34.274924,2026-07-14T18:04:34.282457+00:00,69.4,200,bid,YieldingYams,WavyWalnuts,3536643
2026-07-14T18:04:38.208881,2026-07-14T18:04:38.220366+00:00,69.5,200,bid,YieldingYams,WavyWalnuts,3536714
2026-07-14T18:04:38.208881,2026-07-14T18:04:38.220366+00:00,69.5,5,bid,YieldingYams,Callis Lee,3536715
2026-07-14T18:04:38.647946,2026-07-14T18:04:38.652685+00:00,69.5,30,ask,YieldingYams,YUNSHEN JI,3536731
2026-07-14T18:04:39.214185,2026-07-14T18:04:39.226968+00:00,69.5,30,ask,YieldingYams,YUNSHEN JI,3536741
2026-07-14T18:04:39.537255,2026-07-14T18:04:39.540427+00:00,69.5,200,ask,WavyWalnuts,YieldingYams,3536750
2026-07-14T18:04:40.845764,2026-07-14T18:04:40.855543+00:00,69.5,200,bid,YieldingYams,WavyWalnuts,3536767
2026-07-14T18:04:41.222805,2026-07-14T18:04:41.226029+00:00,69.5,200,ask,YieldingYams,WavyWalnuts,3536777
2026-07-14T18:04:41.443592,2026-07-14T18:04:41.453926+00:00,69.6,2,bid,Alice Feng,AverageAlmonds,3536780
2026-07-14T18:04:42.430872,2026-07-14T18:04:42.433143+00:00,69.4,200,ask,YieldingYams,WavyWalnuts,3536799
2026-07-14T18:04:42.451488,2026-07-14T18:04:42.454844+00:00,69.6,2,bid,Alice Feng,Luke Zeng,3536800
2026-07-14T18:04:43.465242,2026-07-14T18:04:43.477412+00:00,69.6,1,bid,Alice Feng,YieldingYams,3536825
2026-07-14T18:04:43.638317,2026-07-14T18:04:43.648696+00:00,69.5,200,bid,WavyWalnuts,YieldingYams,3536826
2026-07-14T18:04:44.796482,2026-07-14T18:04:44.814105+00:00,69.5,20,bid,YieldingYams,Luke Zeng,3536849
2026-07-14T18:04:44.851365,2026-07-14T18:04:44.857770+00:00,69.5,200,ask,YieldingYams,WavyWalnuts,3536852
2026-07-14T18:04:45.804335,2026-07-14T18:04:45.815341+00:00,69.5,30,ask,YieldingYams,YUNSHEN JI,3536870
2026-07-14T18:04:46.114395,2026-07-14T18:04:46.124997+00:00,69.4,200,ask,WavyWalnuts,YieldingYams,3536876
2026-07-14T18:04:46.238769,2026-07-14T18:04:46.242005+00:00,69.3,3,bid,Callis Lee,YieldingYams,3536877
2026-07-14T18:04:46.376198,2026-07-14T18:04:46.388740+00:00,69.3,30,bid,YUNSHEN JI,YieldingYams,3536882
2026-07-14T18:04:46.480138,2026-07-14T18:04:46.487406+00:00,69.3,20,bid,Roger Xu,YieldingYams,3536884
2026-07-14T18:04:47.277400,2026-07-14T18:04:47.280367+00:00,69.3,200,bid,WavyWalnuts,YieldingYams,3536896
2026-07-14T18:04:47.451405,2026-07-14T18:04:47.453615+00:00,69.4,20,ask,YieldingYams,Roger Xu,3536901
2026-07-14T18:04:47.520003,2026-07-14T18:04:47.528702+00:00,69.4,5,ask,YieldingYams,YUNSHEN JI,3536903
2026-07-14T18:04:48.492795,2026-07-14T18:04:48.504180+00:00,69.4,200,ask,YieldingYams,WavyWalnuts,3536913
2026-07-14T18:04:48.501851,2026-07-14T18:04:48.504180+00:00,69.5,2,bid,Alice Feng,Luke Zeng,3536914
2026-07-14T18:04:48.735043,2026-07-14T18:04:48.763933+00:00,69.5,9,bid,YieldingYams,Luke Zeng,3536922
2026-07-14T18:04:48.735043,2026-07-14T18:04:48.763933+00:00,69.6,5,bid,YieldingYams,Callis Lee,3536923
2026-07-14T18:04:49.256099,2026-07-14T18:04:49.264032+00:00,69.6,28,ask,YieldingYams,YUNSHEN JI,3536937
2026-07-14T18:04:49.718336,2026-07-14T18:04:49.726899+00:00,69.6,200,ask,YieldingYams,WavyWalnuts,3536947
2026-07-14T18:04:49.879375,2026-07-14T18:04:49.888131+00:00,69.6,5,ask,YieldingYams,Yinxuan Li,3536953
2026-07-14T18:04:50.516497,2026-07-14T18:04:50.519497+00:00,69.5,1,bid,Alice Feng,YieldingYams,3536964
2026-07-14T18:04:50.927845,2026-07-14T18:04:50.930490+00:00,69.4,200,ask,YieldingYams,WavyWalnuts,3536968
2026-07-14T18:04:51.388988,2026-07-14T18:04:51.391433+00:00,69.4,16,ask,Luke Zeng,YieldingYams,3536979
2026-07-14T18:04:51.388988,2026-07-14T18:04:51.408838+00:00,69.4,5,ask,Shen Jiang,YieldingYams,3536980
2026-07-14T18:04:51.497371,2026-07-14T18:04:51.506379+00:00,69.3,3,bid,Callis Lee,YieldingYams,3536988
2026-07-14T18:04:51.549139,2026-07-14T18:04:51.560128+00:00,69.3,5,bid,YUNSHEN JI,YieldingYams,3536993
2026-07-14T18:04:52.114787,2026-07-14T18:04:52.119203+00:00,69.3,1,bid,YUNSHEN JI,YieldingYams,3536998
2026-07-14T18:04:52.243839,2026-07-14T18:04:52.250280+00:00,69.3,30,bid,Roger Xu,YieldingYams,3537001
2026-07-14T18:04:52.542715,2026-07-14T18:04:52.550658+00:00,69.3,3,bid,Callis Lee,YieldingYams,3537007
2026-07-14T18:04:52.700331,2026-07-14T18:04:52.703556+00:00,69.3,30,bid,YUNSHEN JI,YieldingYams,3537015
2026-07-14T18:04:52.706109,2026-07-14T18:04:52.729148+00:00,69.4,200,bid,YieldingYams,WavyWalnuts,3537016
2026-07-14T18:04:53.341118,2026-07-14T18:04:53.344949+00:00,69.4,200,ask,YieldingYams,WavyWalnuts,3537028
2026-07-14T18:04:53.549852,2026-07-14T18:04:53.558425+00:00,69.4,1,ask,YieldingYams,Alice Feng,3537030
2026-07-14T18:04:54.018978,2026-07-14T18:04:54.028262+00:00,69.3,200,ask,WavyWalnuts,YieldingYams,3537035
2026-07-14T18:04:54.138762,2026-07-14T18:04:54.145377+00:00,69.2,30,bid,YUNSHEN JI,YieldingYams,3537040
2026-07-14T18:04:54.418476,2026-07-14T18:04:54.422143+00:00,69.2,30,bid,Roger Xu,YieldingYams,3537045
2026-07-14T18:04:54.547681,2026-07-14T18:04:54.550226+00:00,69.2,200,bid,WavyWalnuts,YieldingYams,3537047
2026-07-14T18:04:55.330105,2026-07-14T18:04:55.333947+00:00,69.2,20,bid,YieldingYams,Roger Xu,3537055
2026-07-14T18:04:55.330105,2026-07-14T18:04:55.374973+00:00,69.3,30,bid,YieldingYams,Roger Xu,3537056
2026-07-14T18:04:55.330105,2026-07-14T18:04:55.374973+00:00,69.4,5,bid,YieldingYams,Callis Lee,3537057
2026-07-14T18:04:55.330105,2026-07-14T18:04:55.374973+00:00,69.4,10,bid,YieldingYams,Roger Xu,3537058
2026-07-14T18:04:55.365555,2026-07-14T18:04:55.374973+00:00,69.5,25,ask,YieldingYams,Lachlan Han,3537063
2026-07-14T18:04:55.507152,2026-07-14T18:04:55.517178+00:00,69.5,25,ask,YieldingYams,Johan Shajee,3537068
2026-07-14T18:04:55.560768,2026-07-14T18:04:55.571769+00:00,69.5,30,ask,YieldingYams,YUNSHEN JI,3537072
2026-07-14T18:04:55.563829,2026-07-14T18:04:55.571769+00:00,69.5,71,ask,YieldingYams,Alice Feng,3537073
2026-07-14T18:04:55.581940,2026-07-14T18:04:55.593574+00:00,69.5,5,ask,YieldingYams,Lachlan Han,3537076
2026-07-14T18:04:55.722592,2026-07-14T18:04:55.733997+00:00,69.5,25,ask,YieldingYams,Lachlan Han,3537078
2026-07-14T18:04:55.763480,2026-07-14T18:04:55.766277+00:00,69.5,200,ask,YieldingYams,WavyWalnuts,3537081
2026-07-14T18:04:55.791365,2026-07-14T18:04:55.798642+00:00,69.5,25,ask,YieldingYams,Johan Shajee,3537082
2026-07-14T18:04:56.043521,2026-07-14T18:04:56.053086+00:00,69.5,25,ask,YieldingYams,Dinh Nguyen,3537089
2026-07-14T18:04:56.550514,2026-07-14T18:04:56.556651+00:00,69.6,2,bid,Alice Feng,YieldingYams,3537100
2026-07-14T18:04:56.583278,2026-07-14T18:04:56.589929+00:00,69.6,2,bid,Dinh Nguyen,YieldingYams,3537101
2026-07-14T18:04:56.647828,2026-07-14T18:04:56.653812+00:00,69.5,36,ask,Shen Jiang,YieldingYams,3537103
2026-07-14T18:04:57.598875,2026-07-14T18:04:57.608380+00:00,69.5,2,bid,Alice Feng,YieldingYams,3537120
2026-07-14T18:04:57.722758,2026-07-14T18:04:57.731117+00:00,69.5,3,bid,Callis Lee,YieldingYams,3537126
2026-07-14T18:04:57.750339,2026-07-14T18:04:57.753339+00:00,69.5,25,bid,Johan Shajee,YieldingYams,3537129
2026-07-14T18:04:57.779104,2026-07-14T18:04:57.786296+00:00,69.5,2,bid,Dinh Nguyen,YieldingYams,3537131
2026-07-14T18:04:57.811443,2026-07-14T18:04:57.819358+00:00,69.5,17,bid,Lachlan Han,YieldingYams,3537133
2026-07-14T18:04:57.920796,2026-07-14T18:04:57.928327+00:00,69.5,12,bid,YUNSHEN JI,YieldingYams,3537136
2026-07-14T18:04:58.186845,2026-07-14T18:04:58.189409+00:00,69.5,200,ask,YieldingYams,WavyWalnuts,3537138
2026-07-14T18:04:58.621898,2026-07-14T18:04:58.628933+00:00,69.6,1,bid,Alice Feng,YieldingYams,3537141
2026-07-14T18:04:59.006523,2026-07-14T18:04:59.013265+00:00,69.6,2,bid,Dinh Nguyen,YieldingYams,3537144
2026-07-14T18:04:59.271942,2026-07-14T18:04:59.280123+00:00,69.5,13,ask,Sze-Yong Ng,YieldingYams,3537152
2026-07-14T18:04:59.271942,2026-07-14T18:04:59.280123+00:00,69.5,17,ask,Luke Zeng,YieldingYams,3537153
2026-07-14T18:04:59.366897,2026-07-14T18:04:59.376325+00:00,69.4,25,bid,Lachlan Han,YieldingYams,3537156
2026-07-14T18:04:59.426833,2026-07-14T18:04:59.430077+00:00,69.4,25,bid,Johan Shajee,YieldingYams,3537159
2026-07-14T18:04:59.656945,2026-07-14T18:04:59.665191+00:00,69.4,55,bid,Alice Feng,YieldingYams,3537167
2026-07-14T18:04:59.728362,2026-07-14T18:04:59.740203+00:00,69.4,30,bid,YUNSHEN JI,YieldingYams,3537175
2026-07-14T18:04:59.818660,2026-07-14T18:04:59.824673+00:00,69.4,3,bid,Callis Lee,YieldingYams,3537179
2026-07-14T18:05:00.008317,2026-07-14T18:05:00.018371+00:00,69.4,4,bid,Yinxuan Li,YieldingYams,3537182
2026-07-14T18:05:00.241528,2026-07-14T18:05:00.252860+00:00,69.4,2,bid,Dinh Nguyen,YieldingYams,3537184
2026-07-14T18:05:00.583890,2026-07-14T18:05:00.594645+00:00,69.4,200,bid,YieldingYams,WavyWalnuts,3537186
2026-07-14T18:05:00.602024,2026-07-14T18:05:00.605669+00:00,69.4,200,ask,YieldingYams,WavyWalnuts,3537187
2026-07-14T18:05:00.680669,2026-07-14T18:05:00.682734+00:00,69.4,2,ask,YieldingYams,Alice Feng,3537192
2026-07-14T18:05:01.469496,2026-07-14T18:05:01.476812+00:00,69.6,2,bid,Dinh Nguyen,YieldingYams,3537208
2026-07-14T18:05:01.703454,2026-07-14T18:05:01.721091+00:00,69.4,2,ask,YieldingYams,Alice Feng,3537211
2026-07-14T18:05:01.810380,2026-07-14T18:05:01.817545+00:00,69.6,200,bid,WavyWalnuts,YieldingYams,3537218
2026-07-14T18:05:02.699643,2026-07-14T18:05:02.703966+00:00,69.6,2,bid,Dinh Nguyen,Luke Zeng,3537221
2026-07-14T18:05:02.750036,2026-07-14T18:05:02.757498+00:00,69.6,1,bid,Alice Feng,Luke Zeng,3537222
2026-07-14T18:05:03.920514,2026-07-14T18:05:03.927101+00:00,69.5,2,bid,Dinh Nguyen,AverageAlmonds,3537257
2026-07-14T18:05:03.944180,2026-07-14T18:05:03.948412+00:00,69.4,200,ask,WavyWalnuts,AverageAlmonds,3537258
2026-07-14T18:05:03.944180,2026-07-14T18:05:03.948412+00:00,69.4,300,ask,YieldingYams,AverageAlmonds,3537259
2026-07-14T18:05:04.769754,2026-07-14T18:05:04.773880+00:00,69.5,2,bid,Alice Feng,WavyWalnuts,3537269
2026-07-14T18:05:05.160788,2026-07-14T18:05:05.172893+00:00,69.5,2,bid,Dinh Nguyen,WavyWalnuts,3537273
2026-07-14T18:05:05.445036,2026-07-14T18:05:05.451834+00:00,69.4,3,ask,Luke Zeng,WavyWalnuts,3537278
2026-07-14T18:05:05.777295,2026-07-14T18:05:05.779479+00:00,69.4,2,bid,Alice Feng,WavyWalnuts,3537284
2026-07-14T18:05:06.447519,2026-07-14T18:05:06.454909+00:00,69.4,2,bid,Dinh Nguyen,WavyWalnuts,3537296
2026-07-14T18:05:06.792987,2026-07-14T18:05:06.799926+00:00,69.4,1,bid,Alice Feng,AverageAlmonds,3537303
2026-07-14T18:05:07.783528,2026-07-14T18:05:07.790737+00:00,69.4,2,bid,Dinh Nguyen,WavyWalnuts,3537325
2026-07-14T18:05:07.863038,2026-07-14T18:05:07.865012+00:00,69.2,200,ask,YieldingYams,WavyWalnuts,3537328
2026-07-14T18:05:09.003575,2026-07-14T18:05:09.006736+00:00,69.2,2,bid,Dinh Nguyen,YieldingYams,3537349
2026-07-14T18:05:09.069894,2026-07-14T18:05:09.071822+00:00,69.2,200,bid,WavyWalnuts,YieldingYams,3537350
2026-07-14T18:05:10.282168,2026-07-14T18:05:10.285269+00:00,69.2,17,bid,WavyWalnuts,Luke Zeng,3537374
2026-07-14T18:05:10.282168,2026-07-14T18:05:10.305740+00:00,69.2,8,bid,WavyWalnuts,Shen Jiang,3537375
2026-07-14T18:05:10.315529,2026-07-14T18:05:10.327565+00:00,69.3,2,bid,Dinh Nguyen,YieldingYams,3537379
2026-07-14T18:05:10.763051,2026-07-14T18:05:10.769833+00:00,69.2,30,ask,WavyWalnuts,YUNSHEN JI,3537391
2026-07-14T18:05:11.074978,2026-07-14T18:05:11.076666+00:00,69.2,145,ask,WavyWalnuts,YieldingYams,3537397
2026-07-14T18:05:11.550529,2026-07-14T18:05:11.554561+00:00,69.1,1,bid,Dinh Nguyen,WavyWalnuts,3537404
2026-07-14T18:05:11.653570,2026-07-14T18:05:11.659798+00:00,69.1,20,bid,BrilliantBurritos,WavyWalnuts,3537406
2026-07-14T18:05:11.796139,2026-07-14T18:05:11.799870+00:00,69.1,179,bid,AverageAlmonds,WavyWalnuts,3537408
2026-07-14T18:05:11.796139,2026-07-14T18:05:11.810702+00:00,69.1,74,bid,AverageAlmonds,Sze-Yong Ng,3537409
2026-07-14T18:05:11.796139,2026-07-14T18:05:11.810702+00:00,69.1,38,bid,AverageAlmonds,Shen Jiang,3537410
2026-07-14T18:05:11.915473,2026-07-14T18:05:11.918878+00:00,69.1,5,ask,AverageAlmonds,YUNSHEN JI,3537416
2026-07-14T18:05:12.488915,2026-07-14T18:05:12.498001+00:00,69.1,30,ask,YieldingYams,YUNSHEN JI,3537429
2026-07-14T18:05:12.719754,2026-07-14T18:05:12.724849+00:00,69.2,20,bid,WavyWalnuts,Luke Zeng,3537432
2026-07-14T18:05:12.719754,2026-07-14T18:05:12.724849+00:00,69.2,5,bid,WavyWalnuts,Callis Lee,3537433
2026-07-14T18:05:12.719754,2026-07-14T18:05:12.735972+00:00,69.2,48,bid,WavyWalnuts,Shen Jiang,3537434
2026-07-14T18:05:12.855698,2026-07-14T18:05:12.863729+00:00,69.2,5,ask,WavyWalnuts,Lachlan Han,3537438
2026-07-14T18:05:12.997461,2026-07-14T18:05:13.001254+00:00,69.2,25,ask,WavyWalnuts,Johan Shajee,3537442
2026-07-14T18:05:13.063013,2026-07-14T18:05:13.065621+00:00,69.2,13,ask,WavyWalnuts,YUNSHEN JI,3537449
2026-07-14T18:05:13.735808,2026-07-14T18:05:13.748408+00:00,69.2,84,ask,WavyWalnuts,YieldingYams,3537464
2026-07-14T18:05:13.735808,2026-07-14T18:05:13.748408+00:00,69.2,46,ask,Shen Jiang,YieldingYams,3537465
2026-07-14T18:05:15.078021,2026-07-14T18:05:15.085097+00:00,69.1,5,ask,WavyWalnuts,Yinxuan Li,3537491
2026-07-14T18:05:15.143458,2026-07-14T18:05:15.151045+00:00,69.1,200,ask,AverageAlmonds,WavyWalnuts,3537492
2026-07-14T18:05:16.351616,2026-07-14T18:05:16.360243+00:00,69.1,200,ask,YieldingYams,WavyWalnuts,3537515
2026-07-14T18:05:18.774820,2026-07-14T18:05:18.778288+00:00,69.1,200,ask,YieldingYams,WavyWalnuts,3537544
2026-07-14T18:05:18.999538,2026-07-14T18:05:19.003607+00:00,69.1,500,ask,AverageAlmonds,YieldingYams,3537547
2026-07-14T18:05:19.077934,2026-07-14T18:05:19.089339+00:00,69.1,125,bid,AverageAlmonds,YieldingYams,3537548
2026-07-14T18:05:19.077934,2026-07-14T18:05:19.089339+00:00,69.2,13,bid,AverageAlmonds,Luke Zeng,3537549
2026-07-14T18:05:20.310262,2026-07-14T18:05:20.317828+00:00,69.3,200,bid,YieldingYams,WavyWalnuts,3537568
2026-07-14T18:05:20.310262,2026-07-14T18:05:20.317828+00:00,69.3,2,bid,YieldingYams,Shen Jiang,3537569
2026-07-14T18:05:20.310262,2026-07-14T18:05:20.317828+00:00,69.3,16,bid,YieldingYams,Luke Zeng,3537570
2026-07-14T18:05:20.421053,2026-07-14T18:05:20.426300+00:00,69.3,25,ask,YieldingYams,Dinh Nguyen,3537573
2026-07-14T18:05:20.495919,2026-07-14T18:05:20.503031+00:00,69.3,25,ask,YieldingYams,Johan Shajee,3537577
2026-07-14T18:05:20.634420,2026-07-14T18:05:20.643216+00:00,69.3,25,ask,YieldingYams,Johan Shajee,3537582
2026-07-14T18:05:20.651492,2026-07-14T18:05:20.653967+00:00,69.3,25,ask,YieldingYams,Lachlan Han,3537584
2026-07-14T18:05:20.708177,2026-07-14T18:05:20.719389+00:00,69.3,13,ask,YieldingYams,Lachlan Han,3537585
2026-07-14T18:05:21.191671,2026-07-14T18:05:21.194019+00:00,69.3,200,ask,YieldingYams,WavyWalnuts,3537590
2026-07-14T18:05:22.411813,2026-07-14T18:05:22.421756+00:00,69.3,2,bid,Dinh Nguyen,YieldingYams,3537601
2026-07-14T18:05:22.940317,2026-07-14T18:05:22.950273+00:00,69.2,200,ask,WavyWalnuts,YieldingYams,3537613
2026-07-14T18:05:23.772511,2026-07-14T18:05:23.774846+00:00,69.2,2,bid,Dinh Nguyen,YieldingYams,3537622
2026-07-14T18:05:24.249841,2026-07-14T18:05:24.255981+00:00,69.2,38,bid,YieldingYams,Sze-Yong Ng,3537632
2026-07-14T18:05:24.460713,2026-07-14T18:05:24.472126+00:00,69.3,20,bid,BrilliantBurritos,WavyWalnuts,3537633
2026-07-14T18:05:24.826827,2026-07-14T18:05:24.831803+00:00,69.2,200,ask,YieldingYams,WavyWalnuts,3537641
2026-07-14T18:05:25.115582,2026-07-14T18:05:25.118301+00:00,69.3,2,bid,Dinh Nguyen,YieldingYams,3537647
2026-07-14T18:05:25.562556,2026-07-14T18:05:25.567906+00:00,69.0,200,ask,WavyWalnuts,YieldingYams,3537651
2026-07-14T18:05:25.562556,2026-07-14T18:05:25.567906+00:00,69.0,425,ask,AverageAlmonds,YieldingYams,3537652
2026-07-14T18:05:26.446635,2026-07-14T18:05:26.459453+00:00,69.2,2,bid,Dinh Nguyen,WavyWalnuts,3537662
2026-07-14T18:05:26.872749,2026-07-14T18:05:26.875401+00:00,69.2,198,bid,YieldingYams,WavyWalnuts,3537666
2026-07-14T18:05:28.274225,2026-07-14T18:05:28.277049+00:00,69.2,1,ask,WavyWalnuts,YUNSHEN JI,3537689
2026-07-14T18:05:28.986727,2026-07-14T18:05:28.991509+00:00,69.2,2,ask,YieldingYams,Alice Feng,3537698
2026-07-14T18:05:30.143258,2026-07-14T18:05:30.150690+00:00,69.1,5,ask,YieldingYams,Yinxuan Li,3537712
2026-07-14T18:05:30.216550,2026-07-14T18:05:30.226602+00:00,69.2,2,bid,Dinh Nguyen,WavyWalnuts,3537716
2026-07-14T18:05:31.525525,2026-07-14T18:05:31.535690+00:00,69.2,2,bid,Dinh Nguyen,YieldingYams,3537732
2026-07-14T18:05:32.857356,2026-07-14T18:05:32.866663+00:00,69.2,2,bid,Dinh Nguyen,WavyWalnuts,3537750
2026-07-14T18:05:33.313795,2026-07-14T18:05:33.320044+00:00,69.1,200,ask,YieldingYams,WavyWalnuts,3537757
2026-07-14T18:05:34.183551,2026-07-14T18:05:34.187831+00:00,69.1,2,bid,Dinh Nguyen,YieldingYams,3537771
2026-07-14T18:05:35.512546,2026-07-14T18:05:35.520415+00:00,69.1,2,bid,Dinh Nguyen,YieldingYams,3537778
2026-07-14T18:05:35.734308,2026-07-14T18:05:35.737692+00:00,69.1,200,bid,WavyWalnuts,YieldingYams,3537781
2026-07-14T18:05:36.753329,2026-07-14T18:05:36.763940+00:00,69.2,1,bid,Dinh Nguyen,WavyWalnuts,3537804
2026-07-14T18:05:38.160661,2026-07-14T18:05:38.170396+00:00,69.1,200,bid,WavyWalnuts,YieldingYams,3537817
2026-07-14T18:05:39.086667,2026-07-14T18:05:39.098768+00:00,69.0,2,ask,Luke Zeng,Alice Feng,3537834
2026-07-14T18:05:40.093435,2026-07-14T18:05:40.105235+00:00,69.0,2,ask,WavyWalnuts,Alice Feng,3537849
2026-07-14T18:05:40.587551,2026-07-14T18:05:40.593018+00:00,69.0,14,ask,Luke Zeng,WavyWalnuts,3537853
2026-07-14T18:05:40.587551,2026-07-14T18:05:40.593018+00:00,68.9,186,ask,YieldingYams,WavyWalnuts,3537854
2026-07-14T18:05:42.833569,2026-07-14T18:05:42.842635+00:00,69.0,20,ask,YieldingYams,BrilliantBurritos,3537879
2026-07-14T18:05:43.011717,2026-07-14T18:05:43.017963+00:00,69.0,200,ask,YieldingYams,WavyWalnuts,3537883
2026-07-14T18:05:44.219288,2026-07-14T18:05:44.221006+00:00,69.0,200,ask,YieldingYams,WavyWalnuts,3537900
2026-07-14T18:05:44.290860,2026-07-14T18:05:44.295044+00:00,69.2,20,bid,BrilliantBurritos,Luke Zeng,3537901
2026-07-14T18:05:45.213328,2026-07-14T18:05:45.221953+00:00,69.0,3,ask,YieldingYams,Yinxuan Li,3537924
2026-07-14T18:05:45.268353,2026-07-14T18:05:45.277562+00:00,69.0,2,ask,YieldingYams,Yinxuan Li,3537927
2026-07-14T18:05:45.335476,2026-07-14T18:05:45.343469+00:00,69.0,10,ask,YieldingYams,YUNSHEN JI,3537928
2026-07-14T18:05:45.430135,2026-07-14T18:05:45.440502+00:00,69.0,200,ask,YieldingYams,WavyWalnuts,3537929
2026-07-14T18:05:47.852780,2026-07-14T18:05:47.855207+00:00,69.0,200,ask,YieldingYams,WavyWalnuts,3537958
2026-07-14T18:05:49.187249,2026-07-14T18:05:49.194462+00:00,68.9,500,ask,AverageAlmonds,YieldingYams,3537977
2026-07-14T18:05:49.187249,2026-07-14T18:05:49.194462+00:00,68.9,125,ask,WavyWalnuts,YieldingYams,3537978
2026-07-14T18:05:49.301816,2026-07-14T18:05:49.313472+00:00,68.9,25,ask,WavyWalnuts,Johan Shajee,3537981
2026-07-14T18:05:50.498053,2026-07-14T18:05:50.514321+00:00,68.9,200,bid,YieldingYams,WavyWalnuts,3538013
2026-07-14T18:05:50.498053,2026-07-14T18:05:50.514321+00:00,68.9,7,bid,YieldingYams,Shen Jiang,3538014
2026-07-14T18:05:50.498053,2026-07-14T18:05:50.514321+00:00,69.0,20,bid,YieldingYams,Luke Zeng,3538015
2026-07-14T18:05:50.498053,2026-07-14T18:05:50.514321+00:00,69.0,5,bid,YieldingYams,Callis Lee,3538016
2026-07-14T18:05:50.554748,2026-07-14T18:05:50.558868+00:00,69.1,25,ask,YieldingYams,Dinh Nguyen,3538018
2026-07-14T18:05:50.591868,2026-07-14T18:05:50.603509+00:00,69.1,25,ask,YieldingYams,Johan Shajee,3538022
2026-07-14T18:05:50.598010,2026-07-14T18:05:50.614647+00:00,69.1,10,ask,YieldingYams,YUNSHEN JI,3538026
2026-07-14T18:05:50.767879,2026-07-14T18:05:50.778584+00:00,69.1,25,ask,YieldingYams,Johan Shajee,3538031
2026-07-14T18:05:50.804231,2026-07-14T18:05:50.811782+00:00,69.1,25,ask,YieldingYams,Lachlan Han,3538034
2026-07-14T18:05:50.827324,2026-07-14T18:05:50.833990+00:00,69.1,25,ask,YieldingYams,Johan Shajee,3538036
2026-07-14T18:05:50.980805,2026-07-14T18:05:50.987305+00:00,69.1,25,ask,YieldingYams,Lachlan Han,3538038
2026-07-14T18:05:51.013850,2026-07-14T18:05:51.020265+00:00,69.1,25,ask,YieldingYams,Lachlan Han,3538041
2026-07-14T18:05:51.122557,2026-07-14T18:05:51.129043+00:00,69.1,30,ask,YieldingYams,Roger Xu,3538045
