timestamp,recv_time,price,volume,aggressor_side,buyer,seller,trade_id
2026-07-03T10:00:01.618793,2026-07-03T10:00:01.610018+00:00,121.9,45,ask,YieldingYams,Zihao Wu,5607154
2026-07-03T10:00:02.687436,2026-07-03T10:00:02.696479+00:00,121.9,1,ask,WavyWalnuts,Yashwanth Madan,5607175
2026-07-03T10:00:04.887530,2026-07-03T10:00:04.904503+00:00,122.0,1,ask,WavyWalnuts,Yashwanth Madan,5607203
2026-07-03T10:00:05.632449,2026-07-03T10:00:05.639719+00:00,122.0,20,ask,WavyWalnuts,BrilliantBurritos,5607212
2026-07-03T10:00:05.684103,2026-07-03T10:00:05.690985+00:00,122.0,179,ask,WavyWalnuts,YieldingYams,5607215
2026-07-03T10:00:05.701860,2026-07-03T10:00:05.705335+00:00,122.0,12,bid,Xuanyu Liu,YieldingYams,5607217
2026-07-03T10:00:05.792055,2026-07-03T10:00:05.802986+00:00,122.0,1,bid,Yashwanth Madan,YieldingYams,5607219
2026-07-03T10:00:10.928197,2026-07-03T10:00:10.940161+00:00,122.3,200,bid,YieldingYams,WavyWalnuts,5607318
2026-07-03T10:00:10.992918,2026-07-03T10:00:11.002736+00:00,122.3,20,ask,YieldingYams,BrilliantBurritos,5607319
2026-07-03T10:00:12.037618,2026-07-03T10:00:12.046961+00:00,122.3,20,ask,YieldingYams,BrilliantBurritos,5607343
2026-07-03T10:00:13.263652,2026-07-03T10:00:13.272172+00:00,122.3,200,bid,WavyWalnuts,AverageAlmonds,5607371
2026-07-03T10:00:13.550414,2026-07-03T10:00:13.559337+00:00,122.3,300,bid,YieldingYams,AverageAlmonds,5607384
2026-07-03T10:00:13.824208,2026-07-03T10:00:13.832733+00:00,122.3,325,ask,YieldingYams,AverageAlmonds,5607390
2026-07-03T10:00:15.541972,2026-07-03T10:00:15.563626+00:00,122.0,20,ask,WavyWalnuts,BrilliantBurritos,5607412
2026-07-03T10:00:17.496177,2026-07-03T10:00:17.499874+00:00,122.0,11,bid,Xuanyu Liu,YieldingYams,5607450
2026-07-03T10:00:17.505932,2026-07-03T10:00:17.515671+00:00,122.0,2,bid,Yashwanth Madan,YieldingYams,5607452
2026-07-03T10:00:17.787919,2026-07-03T10:00:17.797988+00:00,121.9,20,ask,WavyWalnuts,BrilliantBurritos,5607457
2026-07-03T10:00:18.120163,2026-07-03T10:00:18.130772+00:00,122.0,200,bid,WavyWalnuts,YieldingYams,5607464
2026-07-03T10:00:21.658446,2026-07-03T10:00:21.670250+00:00,121.9,45,bid,Zihao Wu,YieldingYams,5607520
2026-07-03T10:00:21.701769,2026-07-03T10:00:21.712362+00:00,121.9,20,bid,BrilliantBurritos,YieldingYams,5607523
2026-07-03T10:00:25.411212,2026-07-03T10:00:25.422749+00:00,121.6,1,ask,AverageAlmonds,Yashwanth Madan,5607569
2026-07-03T10:00:26.667747,2026-07-03T10:00:26.674835+00:00,121.7,200,bid,YieldingYams,WavyWalnuts,5607586
2026-07-03T10:00:26.706769,2026-07-03T10:00:26.718477+00:00,122.0,20,bid,BrilliantBurritos,YieldingYams,5607587
2026-07-03T10:00:29.024020,2026-07-03T10:00:29.035383+00:00,121.8,200,ask,YieldingYams,WavyWalnuts,5607611
2026-07-03T10:00:29.545671,2026-07-03T10:00:29.553742+00:00,121.7,500,bid,AverageAlmonds,YieldingYams,5607614
2026-07-03T10:00:30.230274,2026-07-03T10:00:30.241365+00:00,121.7,125,bid,WavyWalnuts,YieldingYams,5607638
2026-07-03T10:00:30.596040,2026-07-03T10:00:30.604184+00:00,122.0,200,bid,YieldingYams,WavyWalnuts,5607642
2026-07-03T10:00:30.609957,2026-07-03T10:00:30.613680+00:00,122.0,11,ask,YieldingYams,Xuanyu Liu,5607644
2026-07-03T10:00:31.440234,2026-07-03T10:00:31.448590+00:00,122.0,200,ask,YieldingYams,WavyWalnuts,5607664
2026-07-03T10:00:32.648866,2026-07-03T10:00:32.658533+00:00,121.9,200,ask,YieldingYams,WavyWalnuts,5607684
2026-07-03T10:00:33.234390,2026-07-03T10:00:33.238327+00:00,122.1,12,ask,YieldingYams,Xuanyu Liu,5607699
2026-07-03T10:00:33.860079,2026-07-03T10:00:33.866680+00:00,122.1,200,ask,YieldingYams,WavyWalnuts,5607713
2026-07-03T10:00:34.550362,2026-07-03T10:00:34.554085+00:00,122.2,12,bid,Xuanyu Liu,YieldingYams,5607732
2026-07-03T10:00:35.094995,2026-07-03T10:00:35.098665+00:00,122.0,14,bid,Xuanyu Liu,WavyWalnuts,5607741
2026-07-03T10:00:35.127035,2026-07-03T10:00:35.133765+00:00,122.0,1,bid,Yashwanth Madan,WavyWalnuts,5607744
2026-07-03T10:00:36.523034,2026-07-03T10:00:36.526753+00:00,121.9,3,ask,YieldingYams,Xuanyu Liu,5607766
2026-07-03T10:00:38.714272,2026-07-03T10:00:38.723324+00:00,121.9,200,ask,YieldingYams,WavyWalnuts,5607804
2026-07-03T10:00:38.764564,2026-07-03T10:00:38.773015+00:00,122.1,3,bid,Alan Niu,YieldingYams,5607805
2026-07-03T10:00:39.791805,2026-07-03T10:00:39.795441+00:00,122.0,3,bid,Xuanyu Liu,YieldingYams,5607825
2026-07-03T10:00:42.335024,2026-07-03T10:00:42.344787+00:00,121.9,200,ask,YieldingYams,WavyWalnuts,5607860
2026-07-03T10:00:42.833671,2026-07-03T10:00:42.842485+00:00,121.9,1,bid,Yashwanth Madan,YieldingYams,5607865
2026-07-03T10:00:43.051855,2026-07-03T10:00:43.053941+00:00,121.7,20,ask,WavyWalnuts,BrilliantBurritos,5607868
2026-07-03T10:00:44.912983,2026-07-03T10:00:44.920397+00:00,121.8,50,bid,Alan Niu,YieldingYams,5607886
2026-07-03T10:00:46.499961,2026-07-03T10:00:46.507084+00:00,121.8,200,bid,AverageAlmonds,WavyWalnuts,5607905
2026-07-03T10:00:48.371092,2026-07-03T10:00:48.382286+00:00,121.8,200,ask,AverageAlmonds,WavyWalnuts,5607924
2026-07-03T10:00:49.139931,2026-07-03T10:00:49.147125+00:00,121.9,1,bid,Yashwanth Madan,YieldingYams,5607943
2026-07-03T10:00:49.539239,2026-07-03T10:00:49.550984+00:00,121.9,49,bid,Alan Niu,YieldingYams,5607948
2026-07-03T10:00:50.144144,2026-07-03T10:00:50.151742+00:00,121.9,500,bid,AverageAlmonds,YieldingYams,5607956
2026-07-03T10:00:50.255911,2026-07-03T10:00:50.264993+00:00,122.0,200,bid,YieldingYams,WavyWalnuts,5607960
2026-07-03T10:00:50.803473,2026-07-03T10:00:50.810882+00:00,122.0,200,ask,YieldingYams,WavyWalnuts,5607966
2026-07-03T10:00:51.051908,2026-07-03T10:00:51.058650+00:00,122.2,20,bid,BrilliantBurritos,YieldingYams,5607971
2026-07-03T10:00:52.556457,2026-07-03T10:00:52.564120+00:00,122.0,200,bid,AverageAlmonds,WavyWalnuts,5608011
2026-07-03T10:00:52.873202,2026-07-03T10:00:52.881327+00:00,122.0,300,ask,AverageAlmonds,YieldingYams,5608017
2026-07-03T10:00:53.151445,2026-07-03T10:00:53.155640+00:00,121.9,325,bid,AverageAlmonds,YieldingYams,5608020
2026-07-03T10:00:53.686580,2026-07-03T10:00:53.694972+00:00,122.2,50,bid,Alan Niu,WavyWalnuts,5608038
2026-07-03T10:00:54.182250,2026-07-03T10:00:54.193527+00:00,122.0,200,ask,WavyWalnuts,YieldingYams,5608047
2026-07-03T10:00:54.182250,2026-07-03T10:00:54.193527+00:00,122.0,425,ask,AverageAlmonds,YieldingYams,5608048
2026-07-03T10:00:55.491180,2026-07-03T10:00:55.512565+00:00,122.1,200,bid,YieldingYams,WavyWalnuts,5608070
2026-07-03T10:00:55.547147,2026-07-03T10:00:55.563774+00:00,122.5,1,bid,Yashwanth Madan,YieldingYams,5608079
2026-07-03T10:00:55.628650,2026-07-03T10:00:55.640147+00:00,122.3,2,ask,YieldingYams,Yashwanth Madan,5608088
2026-07-03T10:00:55.649419,2026-07-03T10:00:55.660998+00:00,122.3,200,ask,YieldingYams,WavyWalnuts,5608089
2026-07-03T10:00:55.731615,2026-07-03T10:00:55.739697+00:00,122.5,48,bid,Alan Niu,YieldingYams,5608094
2026-07-03T10:00:56.856352,2026-07-03T10:00:56.865525+00:00,122.2,200,bid,WavyWalnuts,YieldingYams,5608111
2026-07-03T10:00:57.413673,2026-07-03T10:00:57.437323+00:00,122.2,425,bid,AverageAlmonds,YieldingYams,5608114
2026-07-03T10:00:57.766690,2026-07-03T10:00:57.774949+00:00,122.2,50,ask,AverageAlmonds,Alan Niu,5608124
2026-07-03T10:00:59.276545,2026-07-03T10:00:59.287167+00:00,122.3,200,ask,YieldingYams,WavyWalnuts,5608150
2026-07-03T10:01:01.452819,2026-07-03T10:01:01.464494+00:00,122.3,20,ask,WavyWalnuts,BrilliantBurritos,5608182
2026-07-03T10:01:04.944613,2026-07-03T10:01:04.958633+00:00,122.4,42,ask,YieldingYams,Alan Niu,5608233
2026-07-03T10:01:05.342812,2026-07-03T10:01:05.349940+00:00,122.4,200,ask,YieldingYams,WavyWalnuts,5608240
2026-07-03T10:01:08.761704,2026-07-03T10:01:08.770632+00:00,122.6,20,bid,BrilliantBurritos,WavyWalnuts,5608316
2026-07-03T10:01:14.408525,2026-07-03T10:01:14.417022+00:00,122.4,1,bid,Yashwanth Madan,WavyWalnuts,5608411
2026-07-03T10:01:15.483258,2026-07-03T10:01:15.494909+00:00,122.2,20,ask,YieldingYams,BrilliantBurritos,5608420
2026-07-03T10:01:17.584261,2026-07-03T10:01:17.587716+00:00,122.3,3,bid,Xuanyu Liu,YieldingYams,5608462
2026-07-03T10:01:17.764190,2026-07-03T10:01:17.772363+00:00,122.3,47,bid,Alan Niu,YieldingYams,5608465
2026-07-03T10:01:18.788925,2026-07-03T10:01:18.797107+00:00,122.4,45,bid,Alan Niu,YieldingYams,5608488
2026-07-03T10:01:20.449640,2026-07-03T10:01:20.458652+00:00,122.4,200,ask,WavyWalnuts,YieldingYams,5608516
2026-07-03T10:01:22.275803,2026-07-03T10:01:22.287173+00:00,122.4,200,bid,WavyWalnuts,YieldingYams,5608536
2026-07-03T10:01:23.084429,2026-07-03T10:01:23.088035+00:00,122.4,3,ask,YieldingYams,Xuanyu Liu,5608548
2026-07-03T10:01:23.123527,2026-07-03T10:01:23.134287+00:00,122.4,1,ask,YieldingYams,Yashwanth Madan,5608550
2026-07-03T10:01:24.653013,2026-07-03T10:01:24.658634+00:00,122.4,200,ask,WavyWalnuts,AverageAlmonds,5608574
2026-07-03T10:01:25.306562,2026-07-03T10:01:25.313153+00:00,122.4,20,bid,BrilliantBurritos,WavyWalnuts,5608593
2026-07-03T10:01:25.908939,2026-07-03T10:01:25.919259+00:00,122.3,200,ask,YieldingYams,WavyWalnuts,5608608
2026-07-03T10:01:27.007686,2026-07-03T10:01:27.011284+00:00,122.2,14,bid,Xuanyu Liu,YieldingYams,5608620
2026-07-03T10:01:27.136499,2026-07-03T10:01:27.150543+00:00,122.2,1,bid,Yashwanth Madan,YieldingYams,5608631
2026-07-03T10:01:27.409673,2026-07-03T10:01:27.420530+00:00,122.0,1,ask,YieldingYams,Yashwanth Madan,5608638
2026-07-03T10:01:27.443414,2026-07-03T10:01:27.451334+00:00,122.0,1,ask,YieldingYams,Alan Niu,5608639
2026-07-03T10:01:28.354675,2026-07-03T10:01:28.358718+00:00,122.1,6,ask,WavyWalnuts,Xuanyu Liu,5608655
2026-07-03T10:01:28.359755,2026-07-03T10:01:28.363670+00:00,122.1,5,ask,WavyWalnuts,Xuanyu Liu,5608656
2026-07-03T10:01:28.468551,2026-07-03T10:01:28.475210+00:00,122.1,49,ask,WavyWalnuts,Alan Niu,5608658
2026-07-03T10:01:29.623315,2026-07-03T10:01:29.633944+00:00,122.1,200,bid,YieldingYams,WavyWalnuts,5608680
2026-07-03T10:01:29.783316,2026-07-03T10:01:29.793738+00:00,122.1,20,ask,YieldingYams,BrilliantBurritos,5608685
2026-07-03T10:01:30.539697,2026-07-03T10:01:30.558626+00:00,122.3,6,bid,Alan Niu,YieldingYams,5608702
2026-07-03T10:01:30.782696,2026-07-03T10:01:30.787320+00:00,122.2,11,bid,Xuanyu Liu,WavyWalnuts,5608710
2026-07-03T10:01:35.614512,2026-07-03T10:01:35.621926+00:00,122.3,200,bid,WavyWalnuts,YieldingYams,5608791
2026-07-03T10:01:36.824439,2026-07-03T10:01:36.835132+00:00,122.3,200,bid,WavyWalnuts,YieldingYams,5608803
2026-07-03T10:01:38.034030,2026-07-03T10:01:38.042534+00:00,122.2,200,bid,WavyWalnuts,YieldingYams,5608811
2026-07-03T10:01:40.120100,2026-07-03T10:01:40.131644+00:00,122.1,200,ask,WavyWalnuts,YieldingYams,5608843
2026-07-03T10:01:44.089308,2026-07-03T10:01:44.100280+00:00,122.1,200,ask,WavyWalnuts,YieldingYams,5608892
2026-07-03T10:01:44.102919,2026-07-03T10:01:44.110957+00:00,122.1,200,bid,WavyWalnuts,YieldingYams,5608893
2026-07-03T10:01:45.396496,2026-07-03T10:01:45.404003+00:00,122.1,200,bid,YieldingYams,WavyWalnuts,5608926
2026-07-03T10:01:54.563394,2026-07-03T10:01:54.583883+00:00,122.1,200,bid,YieldingYams,WavyWalnuts,5609069
2026-07-03T10:01:54.580304,2026-07-03T10:01:54.583883+00:00,122.2,11,ask,YieldingYams,Xuanyu Liu,5609071
2026-07-03T10:01:54.984663,2026-07-03T10:01:54.991934+00:00,122.2,200,ask,YieldingYams,WavyWalnuts,5609076
2026-07-03T10:01:56.609487,2026-07-03T10:01:56.617984+00:00,122.2,20,bid,BrilliantBurritos,YieldingYams,5609097
2026-07-03T10:01:57.188925,2026-07-03T10:01:57.199221+00:00,122.1,200,ask,WavyWalnuts,YieldingYams,5609106
2026-07-03T10:01:57.396176,2026-07-03T10:01:57.405355+00:00,122.1,200,bid,WavyWalnuts,YieldingYams,5609110
2026-07-03T10:01:58.605858,2026-07-03T10:01:58.613142+00:00,122.2,200,ask,YieldingYams,WavyWalnuts,5609131
2026-07-03T10:02:01.167677,2026-07-03T10:02:01.179080+00:00,122.1,20,ask,WavyWalnuts,BrilliantBurritos,5609169
2026-07-03T10:02:09.632593,2026-07-03T10:02:09.642683+00:00,122.3,20,bid,BrilliantBurritos,YieldingYams,5609323
2026-07-03T10:02:11.452479,2026-07-03T10:02:11.455888+00:00,122.4,11,bid,Xuanyu Liu,YieldingYams,5609351
2026-07-03T10:02:11.649948,2026-07-03T10:02:11.653306+00:00,122.3,12,bid,Xuanyu Liu,YieldingYams,5609359
2026-07-03T10:02:12.174500,2026-07-03T10:02:12.181724+00:00,122.1,15,ask,YieldingYams,Alan Niu,5609365
2026-07-03T10:02:13.156992,2026-07-03T10:02:13.157670+00:00,122.1,200,ask,YieldingYams,WavyWalnuts,5609386
2026-07-03T10:02:14.252253,2026-07-03T10:02:14.264067+00:00,122.1,20,ask,YieldingYams,BrilliantBurritos,5609398
2026-07-03T10:02:15.575581,2026-07-03T10:02:15.585449+00:00,122.1,200,ask,YieldingYams,WavyWalnuts,5609415
2026-07-03T10:02:17.767418,2026-07-03T10:02:17.770995+00:00,121.9,23,ask,WavyWalnuts,Xuanyu Liu,5609457
2026-07-03T10:02:17.793120,2026-07-03T10:02:17.800873+00:00,121.9,50,ask,WavyWalnuts,Alan Niu,5609458
2026-07-03T10:02:18.240685,2026-07-03T10:02:18.248478+00:00,122.0,200,bid,YieldingYams,WavyWalnuts,5609469
2026-07-03T10:02:18.264416,2026-07-03T10:02:18.268231+00:00,122.0,3,ask,YieldingYams,Xuanyu Liu,5609472
2026-07-03T10:02:19.849023,2026-07-03T10:02:19.855285+00:00,122.0,50,ask,WavyWalnuts,Alan Niu,5609509
2026-07-03T10:02:21.255396,2026-07-03T10:02:21.266921+00:00,122.2,20,bid,BrilliantBurritos,WavyWalnuts,5609532
2026-07-03T10:02:21.623234,2026-07-03T10:02:21.631728+00:00,122.0,200,ask,YieldingYams,WavyWalnuts,5609542
2026-07-03T10:02:24.828107,2026-07-03T10:02:24.838792+00:00,122.0,200,ask,WavyWalnuts,YieldingYams,5609586
2026-07-03T10:02:24.828107,2026-07-03T10:02:24.838792+00:00,121.9,425,ask,AverageAlmonds,YieldingYams,5609587
2026-07-03T10:02:26.453252,2026-07-03T10:02:26.456442+00:00,122.0,200,ask,YieldingYams,WavyWalnuts,5609612
2026-07-03T10:02:27.661686,2026-07-03T10:02:27.669184+00:00,122.0,200,ask,AverageAlmonds,WavyWalnuts,5609622
2026-07-03T10:02:28.227961,2026-07-03T10:02:28.237155+00:00,122.1,500,bid,AverageAlmonds,YieldingYams,5609626
2026-07-03T10:02:28.766043,2026-07-03T10:02:28.774243+00:00,122.2,22,ask,YieldingYams,Zihao Wu,5609640
2026-07-03T10:02:28.868609,2026-07-03T10:02:28.876546+00:00,122.2,200,ask,YieldingYams,WavyWalnuts,5609644
2026-07-03T10:02:32.499181,2026-07-03T10:02:32.506893+00:00,122.3,200,bid,WavyWalnuts,YieldingYams,5609693
2026-07-03T10:02:34.008740,2026-07-03T10:02:34.015974+00:00,122.2,200,ask,WavyWalnuts,YieldingYams,5609712
2026-07-03T10:02:36.789201,2026-07-03T10:02:36.798838+00:00,122.3,50,bid,Alan Niu,YieldingYams,5609750
2026-07-03T10:02:36.794671,2026-07-03T10:02:36.804080+00:00,122.3,20,bid,BrilliantBurritos,YieldingYams,5609751
2026-07-03T10:02:39.261343,2026-07-03T10:02:39.273753+00:00,122.3,200,bid,YieldingYams,WavyWalnuts,5609796
2026-07-03T10:02:39.771088,2026-07-03T10:02:39.780397+00:00,122.5,200,bid,WavyWalnuts,YieldingYams,5609800
2026-07-03T10:02:41.877563,2026-07-03T10:02:41.885370+00:00,122.6,200,bid,YieldingYams,WavyWalnuts,5609837
2026-07-03T10:02:41.877563,2026-07-03T10:02:41.885370+00:00,122.6,425,bid,YieldingYams,AverageAlmonds,5609838
2026-07-03T10:02:42.188622,2026-07-03T10:02:42.199045+00:00,122.6,200,bid,WavyWalnuts,AverageAlmonds,5609843
2026-07-03T10:02:43.398225,2026-07-03T10:02:43.408912+00:00,122.4,200,bid,WavyWalnuts,YieldingYams,5609875
2026-07-03T10:02:43.432657,2026-07-03T10:02:43.441368+00:00,122.4,50,bid,Alan Niu,YieldingYams,5609876
2026-07-03T10:02:45.799235,2026-07-03T10:02:45.801746+00:00,122.5,500,ask,YieldingYams,AverageAlmonds,5609907
2026-07-03T10:02:46.198374,2026-07-03T10:02:46.201844+00:00,122.5,3,bid,Xuanyu Liu,YieldingYams,5609915
2026-07-03T10:02:46.433599,2026-07-03T10:02:46.437763+00:00,122.4,11,bid,Xuanyu Liu,AverageAlmonds,5609923
2026-07-03T10:02:47.140807,2026-07-03T10:02:47.151634+00:00,122.3,200,ask,WavyWalnuts,YieldingYams,5609932
2026-07-03T10:02:47.157408,2026-07-03T10:02:47.161223+00:00,122.3,12,bid,Xuanyu Liu,YieldingYams,5609934
2026-07-03T10:02:48.680271,2026-07-03T10:02:48.691730+00:00,122.4,20,bid,BrilliantBurritos,AverageAlmonds,5609965
2026-07-03T10:02:48.784271,2026-07-03T10:02:48.795914+00:00,122.4,22,bid,Zihao Wu,AverageAlmonds,5609966
2026-07-03T10:02:49.441389,2026-07-03T10:02:49.444913+00:00,122.3,12,ask,YieldingYams,Xuanyu Liu,5609979
2026-07-03T10:02:49.461557,2026-07-03T10:02:49.471044+00:00,122.3,200,ask,YieldingYams,WavyWalnuts,5609981
2026-07-03T10:02:51.912089,2026-07-03T10:02:51.916362+00:00,122.1,12,bid,Xuanyu Liu,WavyWalnuts,5610019
2026-07-03T10:02:52.605491,2026-07-03T10:02:52.609222+00:00,121.9,12,ask,YieldingYams,Xuanyu Liu,5610034
2026-07-03T10:02:53.075541,2026-07-03T10:02:53.079081+00:00,122.0,11,ask,AverageAlmonds,Xuanyu Liu,5610041
2026-07-03T10:02:55.542936,2026-07-03T10:02:55.549611+00:00,121.9,200,ask,AverageAlmonds,WavyWalnuts,5610081
2026-07-03T10:02:58.953525,2026-07-03T10:02:58.957794+00:00,121.8,3,ask,WavyWalnuts,Xuanyu Liu,5610145
2026-07-03T10:02:59.238781,2026-07-03T10:02:59.249694+00:00,121.8,147,ask,YieldingYams,Alan Niu,5610149
2026-07-03T10:03:00.268876,2026-07-03T10:03:00.276278+00:00,121.9,50,ask,YieldingYams,Alan Niu,5610159
2026-07-03T10:03:00.381696,2026-07-03T10:03:00.389504+00:00,121.9,200,ask,YieldingYams,WavyWalnuts,5610160
2026-07-03T10:03:01.804778,2026-07-03T10:03:01.813302+00:00,121.8,3,ask,WavyWalnuts,Alan Niu,5610189
2026-07-03T10:03:03.522013,2026-07-03T10:03:03.533840+00:00,121.8,20,ask,WavyWalnuts,BrilliantBurritos,5610220
2026-07-03T10:03:05.491398,2026-07-03T10:03:05.500496+00:00,121.9,200,ask,WavyWalnuts,YieldingYams,5610258
2026-07-03T10:03:08.113554,2026-07-03T10:03:08.123499+00:00,121.9,200,bid,YieldingYams,WavyWalnuts,5610294
2026-07-03T10:03:08.855114,2026-07-03T10:03:08.863846+00:00,122.0,200,ask,YieldingYams,WavyWalnuts,5610303
2026-07-03T10:03:11.282254,2026-07-03T10:03:11.289295+00:00,121.9,200,ask,YieldingYams,WavyWalnuts,5610323
2026-07-03T10:03:12.603195,2026-07-03T10:03:12.614858+00:00,121.9,20,ask,AverageAlmonds,BrilliantBurritos,5610337
2026-07-03T10:03:13.448871,2026-07-03T10:03:13.460480+00:00,121.9,20,ask,AverageAlmonds,BrilliantBurritos,5610348
2026-07-03T10:03:13.702165,2026-07-03T10:03:13.710300+00:00,121.8,200,ask,YieldingYams,WavyWalnuts,5610353
2026-07-03T10:03:14.914251,2026-07-03T10:03:14.925158+00:00,121.9,200,ask,YieldingYams,WavyWalnuts,5610368
2026-07-03T10:03:17.335999,2026-07-03T10:03:17.344978+00:00,122.0,200,ask,YieldingYams,WavyWalnuts,5610404
2026-07-03T10:03:18.546146,2026-07-03T10:03:18.558592+00:00,122.0,200,ask,YieldingYams,WavyWalnuts,5610421
2026-07-03T10:03:18.596995,2026-07-03T10:03:18.603826+00:00,121.9,500,ask,AverageAlmonds,YieldingYams,5610425
2026-07-03T10:03:18.614757,2026-07-03T10:03:18.618141+00:00,121.9,3,bid,Xuanyu Liu,YieldingYams,5610427
2026-07-03T10:03:19.088056,2026-07-03T10:03:19.095043+00:00,121.9,47,bid,Alan Niu,YieldingYams,5610440
2026-07-03T10:03:19.663845,2026-07-03T10:03:19.674901+00:00,121.9,75,bid,AverageAlmonds,YieldingYams,5610447
2026-07-03T10:03:20.964713,2026-07-03T10:03:20.973420+00:00,121.9,200,ask,YieldingYams,WavyWalnuts,5610465
2026-07-03T10:03:21.152359,2026-07-03T10:03:21.160434+00:00,121.9,47,ask,YieldingYams,Alan Niu,5610471
2026-07-03T10:03:23.394164,2026-07-03T10:03:23.401854+00:00,122.1,200,bid,WavyWalnuts,YieldingYams,5610506
2026-07-03T10:03:23.910416,2026-07-03T10:03:23.921385+00:00,122.0,500,bid,AverageAlmonds,YieldingYams,5610511
2026-07-03T10:03:24.237667,2026-07-03T10:03:24.244504+00:00,121.8,20,ask,YieldingYams,BrilliantBurritos,5610519
2026-07-03T10:03:24.509076,2026-07-03T10:03:24.519998+00:00,122.0,125,bid,AverageAlmonds,YieldingYams,5610522
2026-07-03T10:03:24.544376,2026-07-03T10:03:24.548037+00:00,122.0,3,ask,AverageAlmonds,Xuanyu Liu,5610525
2026-07-03T10:03:27.374256,2026-07-03T10:03:27.377925+00:00,122.2,3,bid,Xuanyu Liu,YieldingYams,5610567
2026-07-03T10:03:27.776944,2026-07-03T10:03:27.795179+00:00,122.1,200,ask,WavyWalnuts,YieldingYams,5610572
2026-07-03T10:03:27.791619,2026-07-03T10:03:27.795179+00:00,122.1,11,bid,Xuanyu Liu,YieldingYams,5610575
2026-07-03T10:03:27.794503,2026-07-03T10:03:27.810758+00:00,122.1,147,bid,Alan Niu,YieldingYams,5610576
2026-07-03T10:03:28.307573,2026-07-03T10:03:28.315726+00:00,122.0,11,ask,WavyWalnuts,Alan Niu,5610583
2026-07-03T10:03:29.101532,2026-07-03T10:03:29.105199+00:00,122.2,11,ask,YieldingYams,Xuanyu Liu,5610600
2026-07-03T10:03:29.335984,2026-07-03T10:03:29.347436+00:00,122.3,11,bid,Alan Niu,WavyWalnuts,5610606
2026-07-03T10:03:29.439172,2026-07-03T10:03:29.447020+00:00,122.2,200,ask,YieldingYams,WavyWalnuts,5610609
2026-07-03T10:03:32.124742,2026-07-03T10:03:32.136123+00:00,122.4,20,bid,BrilliantBurritos,YieldingYams,5610652
2026-07-03T10:03:33.041751,2026-07-03T10:03:33.045340+00:00,122.3,3,ask,YieldingYams,Xuanyu Liu,5610670
2026-07-03T10:03:34.021020,2026-07-03T10:03:34.027521+00:00,122.3,20,ask,YieldingYams,BrilliantBurritos,5610687
2026-07-03T10:03:34.499255,2026-07-03T10:03:34.506461+00:00,122.3,45,ask,WavyWalnuts,Alan Niu,5610694
2026-07-03T10:03:36.035557,2026-07-03T10:03:36.042572+00:00,122.5,93,bid,Alan Niu,WavyWalnuts,5610728
2026-07-03T10:03:37.061154,2026-07-03T10:03:37.072163+00:00,122.4,41,ask,WavyWalnuts,Alan Niu,5610749
2026-07-03T10:03:37.068667,2026-07-03T10:03:37.077587+00:00,122.4,150,ask,WavyWalnuts,Alan Niu,5610751
2026-07-03T10:03:41.250614,2026-07-03T10:03:41.258591+00:00,122.4,20,bid,BrilliantBurritos,WavyWalnuts,5610816
2026-07-03T10:03:45.182880,2026-07-03T10:03:45.190611+00:00,122.2,200,ask,YieldingYams,WavyWalnuts,5610875
2026-07-03T10:03:46.398424,2026-07-03T10:03:46.409581+00:00,122.1,200,ask,YieldingYams,WavyWalnuts,5610890
2026-07-03T10:03:48.765547,2026-07-03T10:03:48.774369+00:00,122.2,200,bid,YieldingYams,WavyWalnuts,5610930
2026-07-03T10:03:49.264531,2026-07-03T10:03:49.270990+00:00,122.2,20,ask,YieldingYams,BrilliantBurritos,5610937
2026-07-03T10:03:51.398655,2026-07-03T10:03:51.409229+00:00,122.1,200,ask,WavyWalnuts,YieldingYams,5610982
2026-07-03T10:03:52.922341,2026-07-03T10:03:52.930389+00:00,122.0,4,ask,WavyWalnuts,Alan Niu,5611007
2026-07-03T10:03:54.025250,2026-07-03T10:03:54.033270+00:00,122.1,200,bid,YieldingYams,WavyWalnuts,5611024
2026-07-03T10:03:55.336875,2026-07-03T10:03:55.347510+00:00,122.1,200,ask,WavyWalnuts,YieldingYams,5611048
2026-07-03T10:03:56.078062,2026-07-03T10:03:56.087849+00:00,122.0,200,bid,WavyWalnuts,YieldingYams,5611061
2026-07-03T10:03:56.305358,2026-07-03T10:03:56.316927+00:00,121.8,20,ask,YieldingYams,BrilliantBurritos,5611062
2026-07-03T10:03:57.289311,2026-07-03T10:03:57.364434+00:00,122.2,200,bid,WavyWalnuts,YieldingYams,5611080
2026-07-03T10:03:59.712796,2026-07-03T10:03:59.720441+00:00,122.1,200,bid,WavyWalnuts,YieldingYams,5611109
2026-07-03T10:03:59.915870,2026-07-03T10:03:59.932598+00:00,122.1,20,bid,BrilliantBurritos,YieldingYams,5611115
2026-07-03T10:04:03.186893,2026-07-03T10:04:03.197944+00:00,122.2,200,ask,WavyWalnuts,YieldingYams,5611161
2026-07-03T10:04:03.344290,2026-07-03T10:04:03.352426+00:00,122.2,200,bid,WavyWalnuts,YieldingYams,5611165
2026-07-03T10:04:05.377794,2026-07-03T10:04:05.381166+00:00,122.1,3,ask,YieldingYams,Xuanyu Liu,5611194
2026-07-03T10:04:05.777680,2026-07-03T10:04:05.781431+00:00,122.2,11,ask,WavyWalnuts,Xuanyu Liu,5611199
2026-07-03T10:04:05.830416,2026-07-03T10:04:05.836609+00:00,122.2,189,ask,WavyWalnuts,YieldingYams,5611202
2026-07-03T10:04:06.971354,2026-07-03T10:04:06.979445+00:00,122.1,200,bid,WavyWalnuts,YieldingYams,5611227
2026-07-03T10:04:07.139996,2026-07-03T10:04:07.148455+00:00,122.2,500,bid,YieldingYams,AverageAlmonds,5611230
2026-07-03T10:04:07.490219,2026-07-03T10:04:07.501644+00:00,122.2,125,ask,YieldingYams,AverageAlmonds,5611235
2026-07-03T10:04:08.507036,2026-07-03T10:04:08.518403+00:00,122.2,22,bid,Zihao Wu,AverageAlmonds,5611262
2026-07-03T10:04:08.545178,2026-07-03T10:04:08.549126+00:00,122.0,35,ask,WavyWalnuts,Xuanyu Liu,5611267
2026-07-03T10:04:11.074308,2026-07-03T10:04:11.085772+00:00,122.1,200,bid,WavyWalnuts,AverageAlmonds,5611297
2026-07-03T10:04:11.142241,2026-07-03T10:04:11.152967+00:00,122.1,425,ask,YieldingYams,AverageAlmonds,5611299
2026-07-03T10:04:11.802953,2026-07-03T10:04:11.812574+00:00,122.1,200,bid,YieldingYams,WavyWalnuts,5611308
2026-07-03T10:04:14.228976,2026-07-03T10:04:14.237786+00:00,122.0,200,bid,WavyWalnuts,YieldingYams,5611339
2026-07-03T10:04:15.437071,2026-07-03T10:04:15.447291+00:00,122.0,200,bid,WavyWalnuts,YieldingYams,5611373
2026-07-03T10:04:16.645455,2026-07-03T10:04:16.658619+00:00,121.9,200,bid,WavyWalnuts,AverageAlmonds,5611384
2026-07-03T10:04:17.637975,2026-07-03T10:04:17.644446+00:00,121.9,500,bid,YieldingYams,AverageAlmonds,5611397
2026-07-03T10:04:17.790968,2026-07-03T10:04:17.799813+00:00,121.9,125,ask,YieldingYams,AverageAlmonds,5611404
2026-07-03T10:04:18.020883,2026-07-03T10:04:18.024308+00:00,121.9,46,bid,Xuanyu Liu,AverageAlmonds,5611412
2026-07-03T10:04:18.399787,2026-07-03T10:04:18.418050+00:00,121.8,200,ask,WavyWalnuts,AverageAlmonds,5611422
2026-07-03T10:04:18.414621,2026-07-03T10:04:18.418050+00:00,121.8,3,bid,Xuanyu Liu,AverageAlmonds,5611424
2026-07-03T10:04:20.273908,2026-07-03T10:04:20.284587+00:00,121.7,200,ask,YieldingYams,WavyWalnuts,5611460
2026-07-03T10:04:22.693036,2026-07-03T10:04:22.701772+00:00,121.6,200,bid,WavyWalnuts,YieldingYams,5611514
2026-07-03T10:04:24.398296,2026-07-03T10:04:24.402731+00:00,121.5,3,ask,WavyWalnuts,Xuanyu Liu,5611535
2026-07-03T10:04:25.058880,2026-07-03T10:04:25.069385+00:00,121.5,197,ask,WavyWalnuts,AverageAlmonds,5611546
2026-07-03T10:04:25.058880,2026-07-03T10:04:25.069385+00:00,121.5,303,ask,YieldingYams,AverageAlmonds,5611547
2026-07-03T10:04:28.565036,2026-07-03T10:04:28.571633+00:00,121.3,22,ask,WavyWalnuts,Zihao Wu,5611592
2026-07-03T10:04:28.748700,2026-07-03T10:04:28.758983+00:00,121.4,200,bid,WavyWalnuts,YieldingYams,5611603
2026-07-03T10:04:31.166232,2026-07-03T10:04:31.175787+00:00,121.2,200,bid,WavyWalnuts,YieldingYams,5611632
2026-07-03T10:04:34.167180,2026-07-03T10:04:34.178820+00:00,121.2,20,bid,BrilliantBurritos,YieldingYams,5611678
2026-07-03T10:04:34.797765,2026-07-03T10:04:34.808995+00:00,121.0,200,ask,YieldingYams,WavyWalnuts,5611688
2026-07-03T10:04:37.065534,2026-07-03T10:04:37.069055+00:00,120.8,34,ask,WavyWalnuts,Xuanyu Liu,5611735
2026-07-03T10:04:37.215971,2026-07-03T10:04:37.222486+00:00,120.9,200,bid,WavyWalnuts,YieldingYams,5611737
2026-07-03T10:04:38.436743,2026-07-03T10:04:38.440233+00:00,120.9,12,ask,WavyWalnuts,Xuanyu Liu,5611750
2026-07-03T10:04:38.711979,2026-07-03T10:04:38.718491+00:00,121.1,20,bid,BrilliantBurritos,WavyWalnuts,5611759
2026-07-03T10:04:39.044641,2026-07-03T10:04:39.063667+00:00,120.9,20,ask,WavyWalnuts,BrilliantBurritos,5611763
2026-07-03T10:04:39.633745,2026-07-03T10:04:39.642432+00:00,120.9,200,ask,YieldingYams,WavyWalnuts,5611770
2026-07-03T10:04:39.946313,2026-07-03T10:04:39.949723+00:00,121.0,11,ask,YieldingYams,Xuanyu Liu,5611782
2026-07-03T10:04:40.175532,2026-07-03T10:04:40.179440+00:00,121.2,11,bid,Xuanyu Liu,YieldingYams,5611788
2026-07-03T10:04:40.840893,2026-07-03T10:04:40.848326+00:00,121.0,200,ask,YieldingYams,WavyWalnuts,5611796
2026-07-03T10:04:41.259414,2026-07-03T10:04:41.262872+00:00,121.1,12,bid,Xuanyu Liu,YieldingYams,5611809
2026-07-03T10:04:42.070217,2026-07-03T10:04:42.074249+00:00,121.0,11,bid,Xuanyu Liu,WavyWalnuts,5611818
2026-07-03T10:04:42.556787,2026-07-03T10:04:42.569019+00:00,121.0,189,bid,YieldingYams,WavyWalnuts,5611828
2026-07-03T10:04:47.805583,2026-07-03T10:04:47.815846+00:00,120.9,200,bid,YieldingYams,WavyWalnuts,5611907
2026-07-03T10:04:48.107517,2026-07-03T10:04:48.116299+00:00,121.0,200,ask,YieldingYams,WavyWalnuts,5611913
2026-07-03T10:04:50.442339,2026-07-03T10:04:50.445928+00:00,121.0,12,bid,Xuanyu Liu,YieldingYams,5611954
2026-07-03T10:04:54.193170,2026-07-03T10:04:54.204126+00:00,120.9,200,ask,YieldingYams,WavyWalnuts,5612005
2026-07-03T10:04:55.421497,2026-07-03T10:04:55.425870+00:00,121.0,11,bid,Xuanyu Liu,WavyWalnuts,5612018
2026-07-03T10:04:55.697707,2026-07-03T10:04:55.709057+00:00,121.0,189,bid,YieldingYams,WavyWalnuts,5612021
2026-07-03T10:05:02.341613,2026-07-03T10:05:02.345996+00:00,121.3,6,bid,Xuanyu Liu,WavyWalnuts,5612117
2026-07-03T10:05:02.571516,2026-07-03T10:05:02.583394+00:00,121.3,20,bid,BrilliantBurritos,WavyWalnuts,5612118
2026-07-03T10:05:02.612717,2026-07-03T10:05:02.620146+00:00,121.3,144,bid,Alan Niu,WavyWalnuts,5612121
2026-07-03T10:05:04.660138,2026-07-03T10:05:04.670146+00:00,121.2,50,bid,Alan Niu,YieldingYams,5612168
2026-07-03T10:05:04.886490,2026-07-03T10:05:04.896418+00:00,121.1,200,ask,WavyWalnuts,YieldingYams,5612171
2026-07-03T10:05:05.082246,2026-07-03T10:05:05.089743+00:00,121.0,200,bid,WavyWalnuts,YieldingYams,5612173
2026-07-03T10:05:05.178620,2026-07-03T10:05:05.186779+00:00,121.0,6,bid,Alan Niu,YieldingYams,5612175
2026-07-03T10:05:06.211424,2026-07-03T10:05:06.215018+00:00,121.0,3,ask,YieldingYams,Xuanyu Liu,5612186
2026-07-03T10:05:07.723166,2026-07-03T10:05:07.731981+00:00,121.1,97,ask,YieldingYams,Alan Niu,5612216
2026-07-03T10:05:08.732044,2026-07-03T10:05:08.735827+00:00,121.1,200,ask,YieldingYams,WavyWalnuts,5612234
2026-07-03T10:05:08.744750,2026-07-03T10:05:08.751336+00:00,121.3,97,bid,Alan Niu,YieldingYams,5612235
2026-07-03T10:05:08.847977,2026-07-03T10:05:08.851849+00:00,120.9,14,bid,Xuanyu Liu,YieldingYams,5612242
2026-07-03T10:05:09.939629,2026-07-03T10:05:09.948478+00:00,120.9,200,bid,WavyWalnuts,YieldingYams,5612256
2026-07-03T10:05:10.836615,2026-07-03T10:05:10.848066+00:00,120.8,20,ask,YieldingYams,BrilliantBurritos,5612282
2026-07-03T10:05:12.380399,2026-07-03T10:05:12.386876+00:00,121.0,200,ask,YieldingYams,WavyWalnuts,5612300
2026-07-03T10:05:12.770004,2026-07-03T10:05:12.774052+00:00,121.1,11,ask,YieldingYams,Xuanyu Liu,5612304
2026-07-03T10:05:13.592892,2026-07-03T10:05:13.603718+00:00,121.1,200,ask,YieldingYams,WavyWalnuts,5612323
2026-07-03T10:05:14.799805,2026-07-03T10:05:14.806552+00:00,121.1,200,ask,YieldingYams,WavyWalnuts,5612344
2026-07-03T10:05:16.008101,2026-07-03T10:05:16.016973+00:00,121.2,200,ask,YieldingYams,WavyWalnuts,5612361
2026-07-03T10:05:16.430845,2026-07-03T10:05:16.442681+00:00,121.2,20,ask,YieldingYams,BrilliantBurritos,5612366
2026-07-03T10:05:17.223521,2026-07-03T10:05:17.231323+00:00,121.2,200,ask,YieldingYams,WavyWalnuts,5612382
2026-07-03T10:05:21.391871,2026-07-03T10:05:21.396766+00:00,121.3,3,ask,WavyWalnuts,Xuanyu Liu,5612457
2026-07-03T10:05:21.955930,2026-07-03T10:05:21.958583+00:00,121.4,147,ask,YieldingYams,Alan Niu,5612465
2026-07-03T10:05:24.489752,2026-07-03T10:05:24.497045+00:00,121.3,200,ask,YieldingYams,WavyWalnuts,5612499
2026-07-03T10:05:25.698593,2026-07-03T10:05:25.706649+00:00,121.4,200,ask,YieldingYams,WavyWalnuts,5612515
2026-07-03T10:05:26.911768,2026-07-03T10:05:26.922248+00:00,121.5,200,ask,YieldingYams,WavyWalnuts,5612526
2026-07-03T10:05:28.121704,2026-07-03T10:05:28.128299+00:00,121.3,200,ask,YieldingYams,WavyWalnuts,5612549
2026-07-03T10:05:29.332724,2026-07-03T10:05:29.339494+00:00,121.3,200,ask,YieldingYams,WavyWalnuts,5612560
2026-07-03T10:05:30.982064,2026-07-03T10:05:30.993847+00:00,121.2,20,ask,AverageAlmonds,BrilliantBurritos,5612584
2026-07-03T10:05:32.956645,2026-07-03T10:05:32.964705+00:00,121.3,200,bid,WavyWalnuts,YieldingYams,5612614
2026-07-03T10:05:33.732737,2026-07-03T10:05:33.739920+00:00,121.3,49,bid,Alan Niu,YieldingYams,5612619
2026-07-03T10:05:34.170616,2026-07-03T10:05:34.179429+00:00,121.3,200,bid,WavyWalnuts,YieldingYams,5612626
2026-07-03T10:05:35.635097,2026-07-03T10:05:35.646590+00:00,121.2,20,ask,YieldingYams,BrilliantBurritos,5612655
2026-07-03T10:05:36.589273,2026-07-03T10:05:36.598214+00:00,121.2,200,bid,WavyWalnuts,YieldingYams,5612671
2026-07-03T10:05:37.197425,2026-07-03T10:05:37.200913+00:00,121.2,3,bid,Xuanyu Liu,YieldingYams,5612692
2026-07-03T10:05:37.380227,2026-07-03T10:05:37.387057+00:00,121.2,98,bid,Alan Niu,YieldingYams,5612694
2026-07-03T10:05:38.398301,2026-07-03T10:05:38.406998+00:00,121.2,1,ask,YieldingYams,Alan Niu,5612720
2026-07-03T10:05:40.228771,2026-07-03T10:05:40.237272+00:00,121.2,200,ask,YieldingYams,WavyWalnuts,5612751
2026-07-03T10:05:40.464152,2026-07-03T10:05:40.471595+00:00,121.0,50,ask,WavyWalnuts,Alan Niu,5612756
2026-07-03T10:05:41.025253,2026-07-03T10:05:41.037079+00:00,121.0,20,ask,WavyWalnuts,BrilliantBurritos,5612758
2026-07-03T10:05:42.521830,2026-07-03T10:05:42.528860+00:00,121.0,94,ask,WavyWalnuts,Alan Niu,5612774
2026-07-03T10:05:43.036633,2026-07-03T10:05:43.047605+00:00,121.0,40,ask,AverageAlmonds,Alan Niu,5612783
2026-07-03T10:05:43.554503,2026-07-03T10:05:43.558543+00:00,121.2,50,bid,Alan Niu,WavyWalnuts,5612790
2026-07-03T10:05:45.880753,2026-07-03T10:05:45.892141+00:00,121.2,20,bid,BrilliantBurritos,YieldingYams,5612835
2026-07-03T10:05:46.130008,2026-07-03T10:05:46.136809+00:00,121.0,42,ask,WavyWalnuts,Alan Niu,5612839
2026-07-03T10:05:46.644653,2026-07-03T10:05:46.651930+00:00,121.2,50,bid,Alan Niu,YieldingYams,5612847
2026-07-03T10:05:47.493007,2026-07-03T10:05:47.503119+00:00,121.2,200,bid,WavyWalnuts,YieldingYams,5612854
2026-07-03T10:05:48.494899,2026-07-03T10:05:48.503094+00:00,121.3,20,bid,BrilliantBurritos,YieldingYams,5612869
2026-07-03T10:05:48.715253,2026-07-03T10:05:48.725907+00:00,121.1,200,ask,YieldingYams,WavyWalnuts,5612877
2026-07-03T10:05:51.034202,2026-07-03T10:05:51.042930+00:00,121.1,500,ask,YieldingYams,AverageAlmonds,5612912
2026-07-03T10:05:51.133087,2026-07-03T10:05:51.142590+00:00,121.1,125,ask,YieldingYams,WavyWalnuts,5612913
2026-07-03T10:05:53.024074,2026-07-03T10:05:53.027682+00:00,120.9,3,ask,YieldingYams,Xuanyu Liu,5612953
2026-07-03T10:05:53.329539,2026-07-03T10:05:53.336143+00:00,120.9,73,ask,YieldingYams,Alan Niu,5612956
2026-07-03T10:05:53.403834,2026-07-03T10:05:53.413573+00:00,120.9,200,ask,WavyWalnuts,YieldingYams,5612960
2026-07-03T10:05:56.019285,2026-07-03T10:05:56.025729+00:00,120.9,200,ask,WavyWalnuts,YieldingYams,5612999
2026-07-03T10:05:56.784227,2026-07-03T10:05:56.795947+00:00,120.7,20,ask,YieldingYams,BrilliantBurritos,5613011
2026-07-03T10:05:58.655993,2026-07-03T10:05:58.657297+00:00,120.9,200,ask,WavyWalnuts,YieldingYams,5613035
2026-07-03T10:06:00.817363,2026-07-03T10:06:00.825386+00:00,120.7,200,ask,YieldingYams,WavyWalnuts,5613074
2026-07-03T10:06:02.063613,2026-07-03T10:06:02.071610+00:00,120.7,20,ask,YieldingYams,BrilliantBurritos,5613098
2026-07-03T10:06:05.664161,2026-07-03T10:06:05.674529+00:00,120.7,200,ask,YieldingYams,WavyWalnuts,5613139
2026-07-03T10:06:10.452299,2026-07-03T10:06:10.463798+00:00,120.8,200,bid,YieldingYams,WavyWalnuts,5613226
2026-07-03T10:06:10.506100,2026-07-03T10:06:10.516347+00:00,120.9,200,ask,YieldingYams,WavyWalnuts,5613228
2026-07-03T10:06:11.716994,2026-07-03T10:06:11.725758+00:00,120.9,200,ask,YieldingYams,WavyWalnuts,5613250
2026-07-03T10:06:15.157274,2026-07-03T10:06:15.165087+00:00,120.8,22,ask,WavyWalnuts,Zihao Wu,5613299
2026-07-03T10:06:17.776364,2026-07-03T10:06:17.784891+00:00,120.9,200,ask,YieldingYams,WavyWalnuts,5613337
2026-07-03T10:06:18.387341,2026-07-03T10:06:18.390712+00:00,121.0,3,ask,YieldingYams,Xuanyu Liu,5613351
2026-07-03T10:06:18.987795,2026-07-03T10:06:18.998085+00:00,121.0,200,ask,YieldingYams,WavyWalnuts,5613360
2026-07-03T10:06:19.491459,2026-07-03T10:06:19.497748+00:00,121.0,422,ask,YieldingYams,AverageAlmonds,5613362
2026-07-03T10:06:19.632419,2026-07-03T10:06:19.643026+00:00,121.0,78,bid,YieldingYams,AverageAlmonds,5613367
2026-07-03T10:06:20.088706,2026-07-03T10:06:20.095769+00:00,121.0,500,ask,YieldingYams,AverageAlmonds,5613371
2026-07-03T10:06:20.688441,2026-07-03T10:06:20.698160+00:00,121.0,47,ask,YieldingYams,AverageAlmonds,5613387
2026-07-03T10:06:20.688441,2026-07-03T10:06:20.698160+00:00,121.0,200,ask,WavyWalnuts,AverageAlmonds,5613388
2026-07-03T10:06:21.401190,2026-07-03T10:06:21.410626+00:00,120.7,200,bid,WavyWalnuts,YieldingYams,5613401
2026-07-03T10:06:21.773427,2026-07-03T10:06:21.784834+00:00,120.5,20,ask,YieldingYams,BrilliantBurritos,5613404
2026-07-03T10:06:22.252084,2026-07-03T10:06:22.266489+00:00,120.8,500,bid,YieldingYams,AverageAlmonds,5613415
2026-07-03T10:06:22.263359,2026-07-03T10:06:22.266489+00:00,120.8,34,ask,YieldingYams,Xuanyu Liu,5613417
2026-07-03T10:06:22.612688,2026-07-03T10:06:22.623400+00:00,120.9,200,bid,WavyWalnuts,AverageAlmonds,5613423
2026-07-03T10:06:24.219496,2026-07-03T10:06:24.231178+00:00,120.7,20,ask,WavyWalnuts,BrilliantBurritos,5613445
2026-07-03T10:06:24.666779,2026-07-03T10:06:24.670213+00:00,120.8,11,bid,Xuanyu Liu,YieldingYams,5613456
2026-07-03T10:06:26.149417,2026-07-03T10:06:26.159745+00:00,120.8,500,ask,YieldingYams,AverageAlmonds,5613470
2026-07-03T10:06:26.185699,2026-07-03T10:06:26.195433+00:00,120.7,200,ask,WavyWalnuts,YieldingYams,5613474
2026-07-03T10:06:26.201024,2026-07-03T10:06:26.204887+00:00,120.7,12,bid,Xuanyu Liu,YieldingYams,5613476
2026-07-03T10:06:26.253210,2026-07-03T10:06:26.264908+00:00,120.7,200,bid,WavyWalnuts,YieldingYams,5613477
2026-07-03T10:06:28.674258,2026-07-03T10:06:28.680960+00:00,120.6,200,ask,YieldingYams,WavyWalnuts,5613511
2026-07-03T10:06:29.882086,2026-07-03T10:06:29.889852+00:00,120.6,200,ask,YieldingYams,WavyWalnuts,5613525
2026-07-03T10:06:33.509536,2026-07-03T10:06:33.519157+00:00,120.5,200,ask,YieldingYams,WavyWalnuts,5613595
2026-07-03T10:06:34.085085,2026-07-03T10:06:34.088239+00:00,120.6,11,bid,Xuanyu Liu,YieldingYams,5613601
2026-07-03T10:06:34.736255,2026-07-03T10:06:34.739975+00:00,120.5,3,bid,Xuanyu Liu,WavyWalnuts,5613612
2026-07-03T10:06:35.188287,2026-07-03T10:06:35.199867+00:00,120.5,22,bid,Zihao Wu,WavyWalnuts,5613617
2026-07-03T10:06:35.850726,2026-07-03T10:06:35.858653+00:00,120.5,20,bid,BrilliantBurritos,WavyWalnuts,5613630
2026-07-03T10:06:35.928676,2026-07-03T10:06:35.938154+00:00,120.4,200,ask,AverageAlmonds,WavyWalnuts,5613635
2026-07-03T10:06:36.668668,2026-07-03T10:06:36.677139+00:00,120.4,500,ask,AverageAlmonds,YieldingYams,5613644
2026-07-03T10:06:37.975578,2026-07-03T10:06:37.983751+00:00,120.4,200,bid,YieldingYams,WavyWalnuts,5613665
2026-07-03T10:06:39.537451,2026-07-03T10:06:39.545469+00:00,120.5,50,bid,Alan Niu,WavyWalnuts,5613687
2026-07-03T10:06:40.088890,2026-07-03T10:06:40.095555+00:00,120.5,47,bid,Alan Niu,WavyWalnuts,5613699
2026-07-03T10:06:40.624699,2026-07-03T10:06:40.631094+00:00,120.4,97,ask,YieldingYams,Alan Niu,5613706
2026-07-03T10:06:40.760829,2026-07-03T10:06:40.770602+00:00,120.6,200,bid,WavyWalnuts,YieldingYams,5613708
2026-07-03T10:06:45.601014,2026-07-03T10:06:45.610348+00:00,120.5,200,ask,YieldingYams,WavyWalnuts,5613781
2026-07-03T10:06:46.815808,2026-07-03T10:06:46.822117+00:00,120.5,200,ask,YieldingYams,WavyWalnuts,5613795
2026-07-03T10:06:49.234103,2026-07-03T10:06:49.244117+00:00,120.7,200,bid,WavyWalnuts,YieldingYams,5613825
2026-07-03T10:06:50.446105,2026-07-03T10:06:50.455605+00:00,120.6,200,bid,WavyWalnuts,YieldingYams,5613841
2026-07-03T10:06:51.676341,2026-07-03T10:06:51.683946+00:00,120.7,200,bid,WavyWalnuts,YieldingYams,5613854
2026-07-03T10:06:52.889670,2026-07-03T10:06:52.899868+00:00,120.6,200,ask,YieldingYams,WavyWalnuts,5613869
2026-07-03T10:06:53.715402,2026-07-03T10:06:53.722162+00:00,120.7,500,bid,YieldingYams,AverageAlmonds,5613884
2026-07-03T10:06:53.993649,2026-07-03T10:06:54.000384+00:00,120.7,125,ask,YieldingYams,AverageAlmonds,5613887
2026-07-03T10:06:55.308207,2026-07-03T10:06:55.319423+00:00,120.4,200,ask,YieldingYams,WavyWalnuts,5613900
2026-07-03T10:06:56.353827,2026-07-03T10:06:56.357816+00:00,120.4,3,bid,Xuanyu Liu,YieldingYams,5613919
2026-07-03T10:06:56.360776,2026-07-03T10:06:56.373392+00:00,120.4,47,bid,Alan Niu,YieldingYams,5613920
2026-07-03T10:06:56.367995,2026-07-03T10:06:56.378379+00:00,120.4,147,bid,Alan Niu,YieldingYams,5613922
2026-07-03T10:06:58.425064,2026-07-03T10:06:58.434323+00:00,120.5,6,bid,Alan Niu,WavyWalnuts,5613955
2026-07-03T10:06:58.959042,2026-07-03T10:06:58.968999+00:00,120.5,200,bid,YieldingYams,WavyWalnuts,5613965
2026-07-03T10:06:59.004017,2026-07-03T10:06:59.015697+00:00,120.7,20,bid,BrilliantBurritos,AverageAlmonds,5613966
2026-07-03T10:06:59.485005,2026-07-03T10:06:59.488663+00:00,120.5,3,ask,YieldingYams,Xuanyu Liu,5613973
2026-07-03T10:06:59.967296,2026-07-03T10:06:59.978393+00:00,120.5,47,ask,YieldingYams,Alan Niu,5613982
2026-07-03T10:06:59.974541,2026-07-03T10:06:59.983401+00:00,120.5,47,ask,YieldingYams,Alan Niu,5613984
2026-07-03T10:07:00.488115,2026-07-03T10:07:00.498122+00:00,120.6,50,bid,Alan Niu,AverageAlmonds,5613994
2026-07-03T10:07:02.584127,2026-07-03T10:07:02.595537+00:00,120.4,200,ask,YieldingYams,WavyWalnuts,5614027
2026-07-03T10:07:03.069834,2026-07-03T10:07:03.079890+00:00,120.5,44,bid,Alan Niu,YieldingYams,5614039
2026-07-03T10:07:03.299016,2026-07-03T10:07:03.310447+00:00,120.5,20,bid,BrilliantBurritos,YieldingYams,5614042
2026-07-03T10:07:07.429081,2026-07-03T10:07:07.437411+00:00,120.5,200,bid,WavyWalnuts,YieldingYams,5614109
2026-07-03T10:07:08.641695,2026-07-03T10:07:08.656075+00:00,120.5,200,ask,YieldingYams,WavyWalnuts,5614121
2026-07-03T10:07:13.485617,2026-07-03T10:07:13.492407+00:00,120.4,200,ask,YieldingYams,WavyWalnuts,5614188
2026-07-03T10:07:17.326226,2026-07-03T10:07:17.335391+00:00,120.5,200,bid,YieldingYams,WavyWalnuts,5614239
2026-07-03T10:07:17.609508,2026-07-03T10:07:17.619398+00:00,120.5,425,ask,YieldingYams,AverageAlmonds,5614243
2026-07-03T10:07:18.360434,2026-07-03T10:07:18.369013+00:00,120.5,200,bid,WavyWalnuts,AverageAlmonds,5614252
2026-07-03T10:07:19.341654,2026-07-03T10:07:19.353117+00:00,120.2,20,ask,YieldingYams,BrilliantBurritos,5614274
2026-07-03T10:07:19.947628,2026-07-03T10:07:19.967414+00:00,120.3,200,ask,WavyWalnuts,YieldingYams,5614282
2026-07-03T10:07:19.963968,2026-07-03T10:07:19.967414+00:00,120.3,3,bid,Xuanyu Liu,YieldingYams,5614285
2026-07-03T10:07:20.775719,2026-07-03T10:07:20.784587+00:00,120.3,200,bid,WavyWalnuts,YieldingYams,5614295
2026-07-03T10:07:21.709285,2026-07-03T10:07:21.720753+00:00,120.5,20,bid,BrilliantBurritos,YieldingYams,5614306
2026-07-03T10:07:26.501065,2026-07-03T10:07:26.510554+00:00,120.3,200,bid,YieldingYams,WavyWalnuts,5614375
2026-07-03T10:07:26.584524,2026-07-03T10:07:26.596147+00:00,120.3,20,ask,YieldingYams,BrilliantBurritos,5614377
2026-07-03T10:07:28.026735,2026-07-03T10:07:28.064339+00:00,120.3,200,bid,WavyWalnuts,YieldingYams,5614396
2026-07-03T10:07:32.666606,2026-07-03T10:07:32.678024+00:00,120.3,20,bid,BrilliantBurritos,YieldingYams,5614459
2026-07-03T10:07:35.285156,2026-07-03T10:07:35.292617+00:00,120.2,200,bid,WavyWalnuts,YieldingYams,5614512
2026-07-03T10:07:35.696981,2026-07-03T10:07:35.705370+00:00,120.1,500,ask,AverageAlmonds,YieldingYams,5614519
2026-07-03T10:07:36.362929,2026-07-03T10:07:36.369732+00:00,120.1,125,bid,AverageAlmonds,YieldingYams,5614529
2026-07-03T10:07:36.506835,2026-07-03T10:07:36.510508+00:00,120.2,3,ask,WavyWalnuts,Xuanyu Liu,5614533
2026-07-03T10:07:38.319461,2026-07-03T10:07:38.330432+00:00,120.3,200,bid,YieldingYams,WavyWalnuts,5614579
2026-07-03T10:07:38.629098,2026-07-03T10:07:38.636315+00:00,120.3,150,ask,YieldingYams,Alan Niu,5614583
2026-07-03T10:07:38.967421,2026-07-03T10:07:38.979177+00:00,120.4,20,bid,BrilliantBurritos,WavyWalnuts,5614587
2026-07-03T10:07:39.885016,2026-07-03T10:07:39.894606+00:00,120.2,20,ask,WavyWalnuts,BrilliantBurritos,5614596
2026-07-03T10:07:42.772433,2026-07-03T10:07:42.781514+00:00,120.3,43,ask,YieldingYams,Alan Niu,5614650
2026-07-03T10:07:43.738672,2026-07-03T10:07:43.746998+00:00,120.3,200,ask,YieldingYams,WavyWalnuts,5614668
2026-07-03T10:07:46.391449,2026-07-03T10:07:46.399329+00:00,120.4,7,ask,WavyWalnuts,Alan Niu,5614718
2026-07-03T10:07:47.174775,2026-07-03T10:07:47.186435+00:00,120.4,20,ask,WavyWalnuts,BrilliantBurritos,5614731
2026-07-03T10:07:47.277488,2026-07-03T10:07:47.284154+00:00,120.4,173,ask,WavyWalnuts,AverageAlmonds,5614732
2026-07-03T10:07:48.838856,2026-07-03T10:07:48.850404+00:00,120.4,500,bid,YieldingYams,AverageAlmonds,5614753
2026-07-03T10:07:49.080164,2026-07-03T10:07:49.088089+00:00,120.5,125,ask,YieldingYams,AverageAlmonds,5614756
2026-07-03T10:07:50.154546,2026-07-03T10:07:50.163638+00:00,120.3,200,ask,WavyWalnuts,YieldingYams,5614772
2026-07-03T10:07:51.463461,2026-07-03T10:07:51.474276+00:00,120.2,200,bid,YieldingYams,WavyWalnuts,5614797
2026-07-03T10:07:52.209154,2026-07-03T10:07:52.219663+00:00,120.2,200,ask,YieldingYams,WavyWalnuts,5614809
2026-07-03T10:07:58.030693,2026-07-03T10:07:58.040597+00:00,119.8,500,ask,AverageAlmonds,YieldingYams,5614906
2026-07-03T10:07:58.030693,2026-07-03T10:07:58.040597+00:00,119.7,125,ask,WavyWalnuts,YieldingYams,5614907
2026-07-03T10:07:58.752746,2026-07-03T10:07:58.753647+00:00,119.9,200,bid,AverageAlmonds,WavyWalnuts,5614923
2026-07-03T10:07:59.529702,2026-07-03T10:07:59.534043+00:00,119.9,3,ask,YieldingYams,Xuanyu Liu,5614940
2026-07-03T10:08:01.793946,2026-07-03T10:08:01.803454+00:00,119.9,500,bid,AverageAlmonds,YieldingYams,5614969
2026-07-03T10:08:01.961275,2026-07-03T10:08:01.969783+00:00,119.9,200,bid,YieldingYams,WavyWalnuts,5614973
2026-07-03T10:08:02.963357,2026-07-03T10:08:02.974787+00:00,119.9,20,ask,YieldingYams,BrilliantBurritos,5614994
2026-07-03T10:08:03.615502,2026-07-03T10:08:03.618800+00:00,120.0,11,ask,AverageAlmonds,Xuanyu Liu,5615003
2026-07-03T10:08:04.307156,2026-07-03T10:08:04.314547+00:00,120.0,200,ask,AverageAlmonds,WavyWalnuts,5615014
2026-07-03T10:08:04.581697,2026-07-03T10:08:04.592001+00:00,120.0,300,ask,AverageAlmonds,YieldingYams,5615017
2026-07-03T10:08:04.799426,2026-07-03T10:08:04.808055+00:00,119.9,325,bid,AverageAlmonds,YieldingYams,5615021
2026-07-03T10:08:05.516840,2026-07-03T10:08:05.526638+00:00,120.0,200,ask,AverageAlmonds,WavyWalnuts,5615040
2026-07-03T10:08:05.942676,2026-07-03T10:08:05.946331+00:00,120.1,11,bid,Xuanyu Liu,YieldingYams,5615050
2026-07-03T10:08:07.941168,2026-07-03T10:08:07.947517+00:00,120.0,200,ask,AverageAlmonds,WavyWalnuts,5615076
2026-07-03T10:08:09.018035,2026-07-03T10:08:09.022238+00:00,119.9,23,ask,AverageAlmonds,Xuanyu Liu,5615101
2026-07-03T10:08:09.157885,2026-07-03T10:08:09.161915+00:00,119.9,11,ask,YieldingYams,Xuanyu Liu,5615105
2026-07-03T10:08:10.357026,2026-07-03T10:08:10.352760+00:00,119.9,200,ask,YieldingYams,WavyWalnuts,5615124
2026-07-03T10:08:11.563934,2026-07-03T10:08:11.571905+00:00,119.9,200,ask,AverageAlmonds,WavyWalnuts,5615139
2026-07-03T10:08:12.109913,2026-07-03T10:08:12.121457+00:00,120.0,500,bid,AverageAlmonds,YieldingYams,5615145
2026-07-03T10:08:12.475699,2026-07-03T10:08:12.479440+00:00,120.3,34,ask,YieldingYams,Xuanyu Liu,5615158
2026-07-03T10:08:12.513209,2026-07-03T10:08:12.524632+00:00,120.3,22,ask,YieldingYams,Zihao Wu,5615159
2026-07-03T10:08:12.770959,2026-07-03T10:08:12.779502+00:00,120.3,200,ask,YieldingYams,WavyWalnuts,5615163
2026-07-03T10:08:13.978570,2026-07-03T10:08:13.985840+00:00,120.4,200,ask,YieldingYams,WavyWalnuts,5615186
2026-07-03T10:08:15.188637,2026-07-03T10:08:15.195331+00:00,120.3,200,ask,YieldingYams,WavyWalnuts,5615210
2026-07-03T10:08:15.428195,2026-07-03T10:08:15.432241+00:00,120.5,57,bid,Xuanyu Liu,YieldingYams,5615216
2026-07-03T10:08:16.426598,2026-07-03T10:08:16.437192+00:00,120.3,200,ask,YieldingYams,WavyWalnuts,5615234
2026-07-03T10:08:17.638508,2026-07-03T10:08:17.648736+00:00,120.3,200,ask,YieldingYams,WavyWalnuts,5615246
2026-07-03T10:08:17.764107,2026-07-03T10:08:17.767597+00:00,120.4,11,bid,Xuanyu Liu,YieldingYams,5615254
2026-07-03T10:08:18.525029,2026-07-03T10:08:18.528452+00:00,120.2,11,ask,YieldingYams,Xuanyu Liu,5615261
2026-07-03T10:08:18.857435,2026-07-03T10:08:18.868930+00:00,120.2,200,ask,YieldingYams,WavyWalnuts,5615272
2026-07-03T10:08:21.276322,2026-07-03T10:08:21.286267+00:00,119.9,200,ask,YieldingYams,WavyWalnuts,5615317
2026-07-03T10:08:21.288808,2026-07-03T10:08:21.296753+00:00,120.2,20,bid,BrilliantBurritos,YieldingYams,5615318
2026-07-03T10:08:24.286626,2026-07-03T10:08:24.295332+00:00,119.9,200,ask,WavyWalnuts,YieldingYams,5615364
2026-07-03T10:08:24.286626,2026-07-03T10:08:24.295332+00:00,119.8,425,ask,AverageAlmonds,YieldingYams,5615365
2026-07-03T10:08:24.983734,2026-07-03T10:08:24.988111+00:00,119.9,23,ask,WavyWalnuts,Xuanyu Liu,5615376
2026-07-03T10:08:25.607183,2026-07-03T10:08:25.610356+00:00,120.0,12,ask,YieldingYams,Xuanyu Liu,5615386
2026-07-03T10:08:28.229342,2026-07-03T10:08:28.232785+00:00,120.0,12,bid,Xuanyu Liu,YieldingYams,5615425
2026-07-03T10:08:28.534709,2026-07-03T10:08:28.535867+00:00,120.0,200,bid,WavyWalnuts,YieldingYams,5615433
2026-07-03T10:08:29.933719,2026-07-03T10:08:29.945482+00:00,120.0,20,ask,YieldingYams,BrilliantBurritos,5615460
2026-07-03T10:08:31.111793,2026-07-03T10:08:31.115531+00:00,120.1,11,bid,Xuanyu Liu,WavyWalnuts,5615482
2026-07-03T10:08:32.138731,2026-07-03T10:08:32.146619+00:00,120.1,189,bid,YieldingYams,WavyWalnuts,5615493
2026-07-03T10:08:32.160583,2026-07-03T10:08:32.168637+00:00,120.1,200,ask,YieldingYams,WavyWalnuts,5615494
2026-07-03T10:08:34.371432,2026-07-03T10:08:34.383093+00:00,120.2,22,bid,Zihao Wu,WavyWalnuts,5615529
2026-07-03T10:08:34.417804,2026-07-03T10:08:34.422175+00:00,120.2,12,bid,Xuanyu Liu,WavyWalnuts,5615532
2026-07-03T10:08:34.591707,2026-07-03T10:08:34.595183+00:00,120.0,14,bid,Xuanyu Liu,WavyWalnuts,5615537
2026-07-03T10:08:36.066314,2026-07-03T10:08:36.082780+00:00,119.9,200,ask,WavyWalnuts,YieldingYams,5615559
2026-07-03T10:08:36.324122,2026-07-03T10:08:36.334741+00:00,119.9,425,bid,AverageAlmonds,YieldingYams,5615563
2026-07-03T10:08:36.674432,2026-07-03T10:08:36.685767+00:00,120.1,20,bid,BrilliantBurritos,WavyWalnuts,5615574
2026-07-03T10:08:37.372792,2026-07-03T10:08:37.383402+00:00,119.9,200,bid,YieldingYams,WavyWalnuts,5615582
2026-07-03T10:08:38.205122,2026-07-03T10:08:38.212474+00:00,120.1,200,ask,YieldingYams,WavyWalnuts,5615596
2026-07-03T10:08:39.413828,2026-07-03T10:08:39.425141+00:00,120.0,200,ask,YieldingYams,WavyWalnuts,5615611
2026-07-03T10:08:40.801443,2026-07-03T10:08:40.804763+00:00,119.8,14,ask,YieldingYams,Xuanyu Liu,5615647
2026-07-03T10:08:41.454959,2026-07-03T10:08:41.466631+00:00,119.8,20,ask,AverageAlmonds,BrilliantBurritos,5615660
2026-07-03T10:08:42.385812,2026-07-03T10:08:42.394342+00:00,119.9,500,bid,AverageAlmonds,YieldingYams,5615676
2026-07-03T10:08:43.229896,2026-07-03T10:08:43.242367+00:00,119.9,20,ask,YieldingYams,BrilliantBurritos,5615689
2026-07-03T10:08:43.746634,2026-07-03T10:08:43.755543+00:00,120.0,7,bid,Alan Niu,WavyWalnuts,5615705
2026-07-03T10:08:43.764068,2026-07-03T10:08:43.767842+00:00,120.0,11,bid,Xuanyu Liu,WavyWalnuts,5615707
2026-07-03T10:08:44.557903,2026-07-03T10:08:44.569504+00:00,120.0,20,bid,BrilliantBurritos,WavyWalnuts,5615714
2026-07-03T10:08:46.537212,2026-07-03T10:08:46.546222+00:00,120.0,200,bid,YieldingYams,WavyWalnuts,5615738
2026-07-03T10:08:46.686707,2026-07-03T10:08:46.694648+00:00,120.0,200,ask,YieldingYams,WavyWalnuts,5615740
2026-07-03T10:08:47.069395,2026-07-03T10:08:47.073094+00:00,120.2,3,bid,Xuanyu Liu,YieldingYams,5615750
2026-07-03T10:08:47.893415,2026-07-03T10:08:47.896821+00:00,119.9,3,bid,Xuanyu Liu,YieldingYams,5615772
2026-07-03T10:08:48.390207,2026-07-03T10:08:48.397694+00:00,119.9,144,bid,Alan Niu,YieldingYams,5615779
2026-07-03T10:08:48.449406,2026-07-03T10:08:48.455894+00:00,119.9,478,bid,AverageAlmonds,YieldingYams,5615780
2026-07-03T10:08:48.668231,2026-07-03T10:08:48.675867+00:00,120.0,20,bid,BrilliantBurritos,WavyWalnuts,5615783
2026-07-03T10:08:49.531902,2026-07-03T10:08:49.543566+00:00,120.0,20,ask,YieldingYams,BrilliantBurritos,5615791
2026-07-03T10:08:50.317391,2026-07-03T10:08:50.328591+00:00,120.0,200,ask,YieldingYams,WavyWalnuts,5615802
2026-07-03T10:08:50.438311,2026-07-03T10:08:50.445409+00:00,120.0,50,ask,YieldingYams,Alan Niu,5615804
2026-07-03T10:08:51.991892,2026-07-03T10:08:52.001748+00:00,120.1,50,bid,Alan Niu,WavyWalnuts,5615835
2026-07-03T10:08:52.671579,2026-07-03T10:08:52.679350+00:00,120.1,150,bid,AverageAlmonds,WavyWalnuts,5615846
2026-07-03T10:08:52.671579,2026-07-03T10:08:52.679350+00:00,120.1,350,bid,AverageAlmonds,YieldingYams,5615847
2026-07-03T10:08:53.121633,2026-07-03T10:08:53.132762+00:00,120.2,200,bid,YieldingYams,WavyWalnuts,5615856
2026-07-03T10:08:55.157761,2026-07-03T10:08:55.166615+00:00,120.3,200,bid,WavyWalnuts,YieldingYams,5615887
2026-07-03T10:08:57.105544,2026-07-03T10:08:57.114319+00:00,120.3,49,bid,Alan Niu,YieldingYams,5615915
2026-07-03T10:08:57.597959,2026-07-03T10:08:57.608310+00:00,120.3,200,bid,WavyWalnuts,YieldingYams,5615927
2026-07-03T10:09:00.078045,2026-07-03T10:09:00.089643+00:00,120.5,20,bid,BrilliantBurritos,YieldingYams,5615959
2026-07-03T10:09:00.569860,2026-07-03T10:09:00.579784+00:00,120.5,20,bid,BrilliantBurritos,YieldingYams,5615965
2026-07-03T10:09:02.694264,2026-07-03T10:09:02.705527+00:00,120.4,50,ask,YieldingYams,Alan Niu,5615997
2026-07-03T10:09:03.527228,2026-07-03T10:09:03.538958+00:00,120.4,20,ask,YieldingYams,BrilliantBurritos,5616011
2026-07-03T10:09:03.655348,2026-07-03T10:09:03.658600+00:00,120.4,200,ask,YieldingYams,WavyWalnuts,5616016
2026-07-03T10:09:04.864304,2026-07-03T10:09:04.875554+00:00,120.4,200,ask,YieldingYams,WavyWalnuts,5616035
2026-07-03T10:09:06.224849,2026-07-03T10:09:06.232533+00:00,120.3,200,ask,WavyWalnuts,YieldingYams,5616054
2026-07-03T10:09:07.278695,2026-07-03T10:09:07.288429+00:00,120.3,200,bid,WavyWalnuts,YieldingYams,5616065
2026-07-03T10:09:08.490728,2026-07-03T10:09:08.499266+00:00,120.2,200,ask,YieldingYams,WavyWalnuts,5616092
2026-07-03T10:09:09.698506,2026-07-03T10:09:09.705360+00:00,120.2,200,ask,YieldingYams,WavyWalnuts,5616118
2026-07-03T10:09:10.910634,2026-07-03T10:09:10.918039+00:00,120.3,200,ask,YieldingYams,WavyWalnuts,5616147
2026-07-03T10:09:11.421502,2026-07-03T10:09:11.428914+00:00,120.3,50,ask,YieldingYams,Alan Niu,5616154
2026-07-03T10:09:12.666105,2026-07-03T10:09:12.675051+00:00,120.3,200,bid,AverageAlmonds,WavyWalnuts,5616174
2026-07-03T10:09:12.686206,2026-07-03T10:09:12.689599+00:00,120.3,3,ask,AverageAlmonds,Xuanyu Liu,5616178
2026-07-03T10:09:13.494799,2026-07-03T10:09:13.502315+00:00,120.3,50,ask,YieldingYams,Alan Niu,5616195
2026-07-03T10:09:16.054669,2026-07-03T10:09:16.058603+00:00,120.2,50,ask,YieldingYams,Alan Niu,5616241
2026-07-03T10:09:18.034789,2026-07-03T10:09:18.044445+00:00,120.3,200,bid,YieldingYams,WavyWalnuts,5616267
2026-07-03T10:09:18.173654,2026-07-03T10:09:18.181932+00:00,120.4,200,ask,YieldingYams,WavyWalnuts,5616270
2026-07-03T10:09:20.594005,2026-07-03T10:09:20.602904+00:00,120.3,20,ask,WavyWalnuts,BrilliantBurritos,5616315
2026-07-03T10:09:25.134179,2026-07-03T10:09:25.145487+00:00,120.2,20,ask,WavyWalnuts,BrilliantBurritos,5616368
2026-07-03T10:09:25.443622,2026-07-03T10:09:25.452218+00:00,120.3,200,ask,AverageAlmonds,WavyWalnuts,5616376
2026-07-03T10:09:27.782153,2026-07-03T10:09:27.798579+00:00,120.3,200,bid,AverageAlmonds,WavyWalnuts,5616419
2026-07-03T10:09:27.782153,2026-07-03T10:09:27.798579+00:00,120.3,300,bid,AverageAlmonds,YieldingYams,5616420
2026-07-03T10:09:28.377858,2026-07-03T10:09:28.386090+00:00,120.2,200,bid,AverageAlmonds,WavyWalnuts,5616426
2026-07-03T10:09:28.377858,2026-07-03T10:09:28.386090+00:00,120.3,300,bid,AverageAlmonds,YieldingYams,5616427
2026-07-03T10:09:28.539976,2026-07-03T10:09:28.543482+00:00,120.4,26,ask,YieldingYams,Xuanyu Liu,5616434
2026-07-03T10:09:29.071736,2026-07-03T10:09:29.079564+00:00,120.4,200,ask,YieldingYams,WavyWalnuts,5616449
2026-07-03T10:09:31.345705,2026-07-03T10:09:31.349443+00:00,120.5,23,bid,Xuanyu Liu,WavyWalnuts,5616481
2026-07-03T10:09:31.496589,2026-07-03T10:09:31.506266+00:00,120.4,200,ask,YieldingYams,WavyWalnuts,5616488
2026-07-03T10:09:32.706514,2026-07-03T10:09:32.714364+00:00,120.3,200,ask,YieldingYams,WavyWalnuts,5616518
2026-07-03T10:09:33.916221,2026-07-03T10:09:33.927880+00:00,120.3,200,ask,YieldingYams,WavyWalnuts,5616544
2026-07-03T10:09:38.468628,2026-07-03T10:09:38.479994+00:00,120.5,20,bid,BrilliantBurritos,WavyWalnuts,5616603
2026-07-03T10:09:39.959061,2026-07-03T10:09:39.969455+00:00,120.4,200,bid,WavyWalnuts,YieldingYams,5616628
2026-07-03T10:09:40.895168,2026-07-03T10:09:40.898625+00:00,120.3,11,ask,YieldingYams,Xuanyu Liu,5616658
2026-07-03T10:09:43.953301,2026-07-03T10:09:43.957067+00:00,120.2,12,ask,YieldingYams,Xuanyu Liu,5616706
2026-07-03T10:09:45.590183,2026-07-03T10:09:45.607506+00:00,120.4,200,bid,YieldingYams,WavyWalnuts,5616731
2026-07-03T10:09:45.603812,2026-07-03T10:09:45.607506+00:00,120.4,23,ask,YieldingYams,Xuanyu Liu,5616733
2026-07-03T10:09:47.227324,2026-07-03T10:09:47.238250+00:00,120.5,200,bid,WavyWalnuts,AverageAlmonds,5616761
2026-07-03T10:09:48.571076,2026-07-03T10:09:48.582432+00:00,120.4,20,ask,WavyWalnuts,BrilliantBurritos,5616785
2026-07-03T10:09:50.218539,2026-07-03T10:09:50.222178+00:00,120.5,23,bid,Xuanyu Liu,WavyWalnuts,5616811
2026-07-03T10:09:50.835847,2026-07-03T10:09:50.842509+00:00,120.5,177,bid,YieldingYams,WavyWalnuts,5616820
2026-07-03T10:09:50.835847,2026-07-03T10:09:50.847508+00:00,120.5,448,bid,YieldingYams,AverageAlmonds,5616821
2026-07-03T10:09:51.076778,2026-07-03T10:09:51.088465+00:00,120.4,20,bid,BrilliantBurritos,WavyWalnuts,5616823
2026-07-03T10:09:53.302015,2026-07-03T10:09:53.312317+00:00,120.1,200,bid,WavyWalnuts,YieldingYams,5616860
2026-07-03T10:09:53.666584,2026-07-03T10:09:53.673538+00:00,119.9,20,ask,YieldingYams,BrilliantBurritos,5616868
2026-07-03T10:09:59.129953,2026-07-03T10:09:59.141600+00:00,120.0,20,ask,WavyWalnuts,BrilliantBurritos,5616935
2026-07-03T10:09:59.696168,2026-07-03T10:09:59.699657+00:00,120.1,12,bid,Xuanyu Liu,WavyWalnuts,5616947
2026-07-03T10:10:00.723785,2026-07-03T10:10:00.732456+00:00,120.0,20,ask,YieldingYams,BrilliantBurritos,5616968
2026-07-03T10:10:01.776108,2026-07-03T10:10:01.783143+00:00,120.2,200,bid,WavyWalnuts,AverageAlmonds,5616988
2026-07-03T10:10:03.943140,2026-07-03T10:10:03.953706+00:00,120.4,200,bid,YieldingYams,WavyWalnuts,5617015
2026-07-03T10:10:04.111072,2026-07-03T10:10:04.120877+00:00,120.4,425,ask,YieldingYams,AverageAlmonds,5617018
2026-07-03T10:10:06.638520,2026-07-03T10:10:06.642051+00:00,120.3,11,bid,Xuanyu Liu,WavyWalnuts,5617054
2026-07-03T10:10:08.556229,2026-07-03T10:10:08.567622+00:00,120.1,20,ask,WavyWalnuts,BrilliantBurritos,5617091
2026-07-03T10:10:09.194670,2026-07-03T10:10:09.211839+00:00,120.2,200,ask,WavyWalnuts,YieldingYams,5617106
2026-07-03T10:10:09.208457,2026-07-03T10:10:09.211839+00:00,120.2,3,bid,Xuanyu Liu,YieldingYams,5617108
2026-07-03T10:10:12.163499,2026-07-03T10:10:12.175198+00:00,120.1,22,ask,WavyWalnuts,Zihao Wu,5617162
2026-07-03T10:10:12.395507,2026-07-03T10:10:12.403426+00:00,120.3,69,bid,Alan Niu,WavyWalnuts,5617164
2026-07-03T10:10:13.568067,2026-07-03T10:10:13.579671+00:00,120.1,20,ask,WavyWalnuts,BrilliantBurritos,5617182
2026-07-03T10:10:15.012661,2026-07-03T10:10:15.019805+00:00,120.1,200,ask,WavyWalnuts,AverageAlmonds,5617214
2026-07-03T10:10:15.012661,2026-07-03T10:10:15.024845+00:00,120.1,300,ask,YieldingYams,AverageAlmonds,5617215
2026-07-03T10:10:16.312871,2026-07-03T10:10:16.319936+00:00,120.1,200,ask,YieldingYams,WavyWalnuts,5617234
2026-07-03T10:10:17.521623,2026-07-03T10:10:17.526999+00:00,120.1,200,bid,WavyWalnuts,YieldingYams,5617249
2026-07-03T10:10:22.123956,2026-07-03T10:10:22.130535+00:00,120.0,43,ask,WavyWalnuts,Alan Niu,5617319
2026-07-03T10:10:22.902039,2026-07-03T10:10:22.913610+00:00,120.1,20,bid,BrilliantBurritos,YieldingYams,5617335
2026-07-03T10:10:24.786045,2026-07-03T10:10:24.792378+00:00,119.9,200,bid,WavyWalnuts,AverageAlmonds,5617369
2026-07-03T10:10:25.225464,2026-07-03T10:10:25.236429+00:00,119.6,26,ask,YieldingYams,Alan Niu,5617382
2026-07-03T10:10:26.004381,2026-07-03T10:10:26.014130+00:00,119.8,200,bid,WavyWalnuts,YieldingYams,5617390
2026-07-03T10:10:27.299664,2026-07-03T10:10:27.311440+00:00,119.7,20,ask,WavyWalnuts,BrilliantBurritos,5617410
2026-07-03T10:10:28.850441,2026-07-03T10:10:28.879258+00:00,119.8,200,bid,YieldingYams,WavyWalnuts,5617442
2026-07-03T10:10:28.875653,2026-07-03T10:10:28.879258+00:00,119.8,3,ask,YieldingYams,Xuanyu Liu,5617444
2026-07-03T10:10:32.124854,2026-07-03T10:10:32.132428+00:00,119.6,20,ask,YieldingYams,BrilliantBurritos,5617506
2026-07-03T10:10:32.803123,2026-07-03T10:10:32.810796+00:00,119.6,200,ask,WavyWalnuts,YieldingYams,5617523
2026-07-03T10:10:34.377394,2026-07-03T10:10:34.386933+00:00,119.6,200,bid,AverageAlmonds,WavyWalnuts,5617551
2026-07-03T10:10:34.671758,2026-07-03T10:10:34.678363+00:00,119.7,22,bid,Zihao Wu,YieldingYams,5617556
2026-07-03T10:10:34.727019,2026-07-03T10:10:34.730419+00:00,119.6,11,ask,AverageAlmonds,Xuanyu Liu,5617559
2026-07-03T10:10:37.409480,2026-07-03T10:10:37.417584+00:00,119.7,500,bid,AverageAlmonds,YieldingYams,5617604
2026-07-03T10:10:38.006537,2026-07-03T10:10:38.014737+00:00,119.7,125,bid,AverageAlmonds,YieldingYams,5617616
2026-07-03T10:10:38.044640,2026-07-03T10:10:38.048487+00:00,119.8,200,bid,YieldingYams,WavyWalnuts,5617621
2026-07-03T10:10:40.511191,2026-07-03T10:10:40.517759+00:00,119.9,200,bid,WavyWalnuts,YieldingYams,5617652
2026-07-03T10:10:41.984701,2026-07-03T10:10:41.993950+00:00,119.9,200,ask,WavyWalnuts,YieldingYams,5617668
2026-07-03T10:10:42.931758,2026-07-03T10:10:42.942478+00:00,119.9,200,bid,WavyWalnuts,YieldingYams,5617692
2026-07-03T10:10:44.146523,2026-07-03T10:10:44.154376+00:00,120.0,200,ask,YieldingYams,WavyWalnuts,5617708
2026-07-03T10:10:45.586123,2026-07-03T10:10:45.597399+00:00,120.1,20,bid,BrilliantBurritos,WavyWalnuts,5617730
2026-07-03T10:10:50.632212,2026-07-03T10:10:50.639967+00:00,119.8,20,ask,YieldingYams,BrilliantBurritos,5617823
2026-07-03T10:10:52.623060,2026-07-03T10:10:52.633024+00:00,119.8,200,ask,YieldingYams,WavyWalnuts,5617845
2026-07-03T10:10:53.705731,2026-07-03T10:10:53.709399+00:00,119.8,23,ask,YieldingYams,Xuanyu Liu,5617865
2026-07-03T10:10:53.833222,2026-07-03T10:10:53.842339+00:00,119.8,200,ask,YieldingYams,WavyWalnuts,5617871
2026-07-03T10:10:54.910506,2026-07-03T10:10:54.922548+00:00,119.8,20,ask,YieldingYams,BrilliantBurritos,5617890
2026-07-03T10:10:55.043070,2026-07-03T10:10:55.048226+00:00,119.8,200,ask,YieldingYams,WavyWalnuts,5617894
2026-07-03T10:10:55.585076,2026-07-03T10:10:55.594091+00:00,119.8,500,bid,AverageAlmonds,YieldingYams,5617900
2026-07-03T10:10:56.181612,2026-07-03T10:10:56.190669+00:00,119.8,125,bid,AverageAlmonds,YieldingYams,5617914
2026-07-03T10:10:56.212206,2026-07-03T10:10:56.215706+00:00,119.9,12,ask,AverageAlmonds,Xuanyu Liu,5617917
2026-07-03T10:10:57.458715,2026-07-03T10:10:57.469651+00:00,120.0,200,bid,WavyWalnuts,YieldingYams,5617944
2026-07-03T10:10:58.343907,2026-07-03T10:10:58.351539+00:00,120.1,20,bid,BrilliantBurritos,YieldingYams,5617954
2026-07-03T10:10:59.886064,2026-07-03T10:10:59.895228+00:00,120.1,200,ask,YieldingYams,WavyWalnuts,5617982
2026-07-03T10:11:01.001442,2026-07-03T10:11:01.008497+00:00,120.0,20,ask,YieldingYams,BrilliantBurritos,5617995
2026-07-03T10:11:02.999860,2026-07-03T10:11:03.003708+00:00,120.2,12,bid,Xuanyu Liu,YieldingYams,5618037
2026-07-03T10:11:03.009228,2026-07-03T10:11:03.013092+00:00,120.2,23,bid,Xuanyu Liu,YieldingYams,5618039
2026-07-03T10:11:05.604724,2026-07-03T10:11:05.615116+00:00,120.3,200,bid,YieldingYams,WavyWalnuts,5618087
2026-07-03T10:11:05.943328,2026-07-03T10:11:05.948968+00:00,120.3,200,ask,YieldingYams,WavyWalnuts,5618097
2026-07-03T10:11:06.940569,2026-07-03T10:11:06.944290+00:00,120.2,14,bid,Xuanyu Liu,YieldingYams,5618109
2026-07-03T10:11:07.148126,2026-07-03T10:11:07.158583+00:00,120.2,200,bid,WavyWalnuts,YieldingYams,5618113
2026-07-03T10:11:08.354794,2026-07-03T10:11:08.356236+00:00,120.2,200,bid,WavyWalnuts,YieldingYams,5618128
2026-07-03T10:11:09.551106,2026-07-03T10:11:09.559007+00:00,120.1,500,ask,AverageAlmonds,YieldingYams,5618143
2026-07-03T10:11:09.561402,2026-07-03T10:11:09.569723+00:00,120.1,125,bid,WavyWalnuts,YieldingYams,5618144
2026-07-03T10:11:10.122944,2026-07-03T10:11:10.135290+00:00,120.3,20,bid,BrilliantBurritos,WavyWalnuts,5618147
2026-07-03T10:11:10.872354,2026-07-03T10:11:10.876370+00:00,120.3,3,ask,YieldingYams,Xuanyu Liu,5618163
2026-07-03T10:11:16.104844,2026-07-03T10:11:16.108425+00:00,120.2,3,bid,Xuanyu Liu,YieldingYams,5618246
2026-07-03T10:11:18.719792,2026-07-03T10:11:18.726821+00:00,120.2,200,bid,YieldingYams,WavyWalnuts,5618295
2026-07-03T10:11:19.230500,2026-07-03T10:11:19.239076+00:00,120.2,200,ask,YieldingYams,WavyWalnuts,5618305
2026-07-03T10:11:20.454528,2026-07-03T10:11:20.457688+00:00,120.1,3,bid,Xuanyu Liu,WavyWalnuts,5618328
2026-07-03T10:11:20.624582,2026-07-03T10:11:20.634291+00:00,120.1,147,bid,Alan Niu,WavyWalnuts,5618336
2026-07-03T10:11:21.339205,2026-07-03T10:11:21.346069+00:00,120.1,50,bid,YieldingYams,WavyWalnuts,5618349
2026-07-03T10:11:24.079842,2026-07-03T10:11:24.090073+00:00,120.1,200,ask,YieldingYams,WavyWalnuts,5618399
2026-07-03T10:11:24.222821,2026-07-03T10:11:24.230267+00:00,120.3,50,bid,Alan Niu,YieldingYams,5618404
2026-07-03T10:11:28.275496,2026-07-03T10:11:28.284921+00:00,120.2,200,bid,AverageAlmonds,WavyWalnuts,5618474
2026-07-03T10:11:28.822960,2026-07-03T10:11:28.830512+00:00,120.3,3,bid,Alan Niu,YieldingYams,5618484
2026-07-03T10:11:33.797155,2026-07-03T10:11:33.806672+00:00,120.4,200,ask,AverageAlmonds,WavyWalnuts,5618567
2026-07-03T10:11:34.459523,2026-07-03T10:11:34.469362+00:00,120.3,500,ask,AverageAlmonds,YieldingYams,5618575
2026-07-03T10:11:34.925271,2026-07-03T10:11:34.933919+00:00,120.3,125,bid,AverageAlmonds,YieldingYams,5618597
2026-07-03T10:11:34.959347,2026-07-03T10:11:34.963589+00:00,120.4,3,ask,AverageAlmonds,Xuanyu Liu,5618600
2026-07-03T10:11:35.004582,2026-07-03T10:11:35.011686+00:00,120.4,200,ask,AverageAlmonds,WavyWalnuts,5618601
2026-07-03T10:11:36.931261,2026-07-03T10:11:36.942889+00:00,120.5,20,bid,BrilliantBurritos,WavyWalnuts,5618624
2026-07-03T10:11:38.392692,2026-07-03T10:11:38.402877+00:00,120.5,200,bid,YieldingYams,WavyWalnuts,5618656
2026-07-03T10:11:39.829364,2026-07-03T10:11:39.837638+00:00,120.5,200,bid,WavyWalnuts,YieldingYams,5618683
2026-07-03T10:11:41.040790,2026-07-03T10:11:41.053335+00:00,120.4,200,bid,WavyWalnuts,YieldingYams,5618703
2026-07-03T10:11:41.049512,2026-07-03T10:11:41.053335+00:00,120.4,3,bid,Xuanyu Liu,YieldingYams,5618705
2026-07-03T10:11:41.440337,2026-07-03T10:11:41.447651+00:00,120.4,20,bid,BrilliantBurritos,YieldingYams,5618712
2026-07-03T10:11:44.407614,2026-07-03T10:11:44.419483+00:00,120.4,20,bid,BrilliantBurritos,WavyWalnuts,5618764
2026-07-03T10:11:46.253455,2026-07-03T10:11:46.258558+00:00,120.4,200,bid,YieldingYams,WavyWalnuts,5618799
2026-07-03T10:11:47.485261,2026-07-03T10:11:47.495036+00:00,120.4,20,ask,YieldingYams,BrilliantBurritos,5618810
2026-07-03T10:11:52.849228,2026-07-03T10:11:52.852693+00:00,120.6,3,ask,YieldingYams,Xuanyu Liu,5618897
2026-07-03T10:11:53.147511,2026-07-03T10:11:53.157064+00:00,120.6,200,ask,YieldingYams,WavyWalnuts,5618901
2026-07-03T10:11:56.767130,2026-07-03T10:11:56.774502+00:00,120.6,200,bid,YieldingYams,WavyWalnuts,5618956
2026-07-03T10:11:56.777960,2026-07-03T10:11:56.784999+00:00,120.7,200,ask,YieldingYams,WavyWalnuts,5618957
2026-07-03T10:11:57.326972,2026-07-03T10:11:57.335596+00:00,120.7,100,ask,YieldingYams,Alan Niu,5618964
2026-07-03T10:11:58.081934,2026-07-03T10:11:58.092398+00:00,120.6,200,ask,WavyWalnuts,YieldingYams,5618977
2026-07-03T10:11:58.888497,2026-07-03T10:11:58.897258+00:00,120.6,45,bid,Alan Niu,YieldingYams,5618992
2026-07-03T10:11:58.901583,2026-07-03T10:11:58.913024+00:00,120.6,20,bid,BrilliantBurritos,YieldingYams,5618993
2026-07-03T10:11:59.194753,2026-07-03T10:11:59.202750+00:00,120.6,200,bid,WavyWalnuts,YieldingYams,5619000
2026-07-03T10:11:59.389374,2026-07-03T10:11:59.397185+00:00,120.8,200,bid,YieldingYams,WavyWalnuts,5619002
2026-07-03T10:11:59.923323,2026-07-03T10:11:59.929888+00:00,120.8,50,ask,YieldingYams,Alan Niu,5619012
2026-07-03T10:12:00.402988,2026-07-03T10:12:00.412196+00:00,120.8,200,ask,YieldingYams,WavyWalnuts,5619020
2026-07-03T10:12:01.624535,2026-07-03T10:12:01.627891+00:00,120.7,3,bid,Xuanyu Liu,WavyWalnuts,5619038
2026-07-03T10:12:02.522074,2026-07-03T10:12:02.533200+00:00,120.7,44,bid,Alan Niu,WavyWalnuts,5619056
2026-07-03T10:12:02.820107,2026-07-03T10:12:02.830735+00:00,120.5,200,ask,YieldingYams,WavyWalnuts,5619059
2026-07-03T10:12:04.894297,2026-07-03T10:12:04.905404+00:00,120.5,20,bid,BrilliantBurritos,WavyWalnuts,5619082
2026-07-03T10:12:05.950085,2026-07-03T10:12:05.958584+00:00,120.5,200,bid,YieldingYams,WavyWalnuts,5619096
2026-07-03T10:12:06.441051,2026-07-03T10:12:06.449250+00:00,120.8,20,bid,BrilliantBurritos,YieldingYams,5619103
2026-07-03T10:12:08.697167,2026-07-03T10:12:08.708837+00:00,120.5,50,ask,WavyWalnuts,Alan Niu,5619126
2026-07-03T10:12:14.937632,2026-07-03T10:12:14.949297+00:00,120.6,200,bid,WavyWalnuts,YieldingYams,5619206
2026-07-03T10:12:15.815462,2026-07-03T10:12:15.819524+00:00,120.4,3,ask,YieldingYams,Xuanyu Liu,5619225
2026-07-03T10:12:16.381588,2026-07-03T10:12:16.388272+00:00,120.5,45,bid,Alan Niu,WavyWalnuts,5619234
2026-07-03T10:12:16.897734,2026-07-03T10:12:16.904745+00:00,120.5,50,bid,Alan Niu,WavyWalnuts,5619241
2026-07-03T10:12:18.969236,2026-07-03T10:12:18.978766+00:00,120.5,16,bid,Alan Niu,WavyWalnuts,5619268
2026-07-03T10:12:20.369410,2026-07-03T10:12:20.379944+00:00,120.4,500,ask,AverageAlmonds,YieldingYams,5619288
2026-07-03T10:12:20.369410,2026-07-03T10:12:20.379944+00:00,120.3,125,ask,WavyWalnuts,YieldingYams,5619289
2026-07-03T10:12:22.162445,2026-07-03T10:12:22.169653+00:00,120.5,200,bid,AverageAlmonds,WavyWalnuts,5619303
2026-07-03T10:12:22.162445,2026-07-03T10:12:22.174685+00:00,120.5,300,bid,AverageAlmonds,YieldingYams,5619304
2026-07-03T10:12:22.753717,2026-07-03T10:12:22.752254+00:00,120.5,325,bid,AverageAlmonds,YieldingYams,5619323
2026-07-03T10:12:22.991350,2026-07-03T10:12:22.998314+00:00,120.7,200,bid,YieldingYams,WavyWalnuts,5619329
2026-07-03T10:12:23.040410,2026-07-03T10:12:23.058644+00:00,120.7,100,ask,YieldingYams,Alan Niu,5619332
2026-07-03T10:12:25.480388,2026-07-03T10:12:25.484072+00:00,120.8,14,bid,Xuanyu Liu,YieldingYams,5619377
2026-07-03T10:12:25.603998,2026-07-03T10:12:25.614600+00:00,120.8,2,bid,Alan Niu,YieldingYams,5619383
2026-07-03T10:12:26.127144,2026-07-03T10:12:26.134100+00:00,121.0,36,bid,Alan Niu,YieldingYams,5619396
2026-07-03T10:12:28.251585,2026-07-03T10:12:28.258571+00:00,120.9,200,ask,YieldingYams,WavyWalnuts,5619433
2026-07-03T10:12:30.524676,2026-07-03T10:12:30.563675+00:00,121.0,20,bid,BrilliantBurritos,WavyWalnuts,5619466
2026-07-03T10:12:30.867892,2026-07-03T10:12:30.958626+00:00,120.9,200,ask,WavyWalnuts,YieldingYams,5619477
2026-07-03T10:12:31.252901,2026-07-03T10:12:31.258638+00:00,120.9,62,bid,Alan Niu,YieldingYams,5619480
2026-07-03T10:12:33.212780,2026-07-03T10:12:33.224530+00:00,120.9,20,ask,YieldingYams,BrilliantBurritos,5619511
2026-07-03T10:12:34.318268,2026-07-03T10:12:34.321844+00:00,121.0,9,ask,WavyWalnuts,Xuanyu Liu,5619537
2026-07-03T10:12:36.719448,2026-07-03T10:12:36.727970+00:00,121.1,200,bid,WavyWalnuts,YieldingYams,5619573
2026-07-03T10:12:37.935704,2026-07-03T10:12:37.944122+00:00,121.1,200,bid,WavyWalnuts,YieldingYams,5619600
2026-07-03T10:12:42.777361,2026-07-03T10:12:42.786835+00:00,121.0,200,bid,WavyWalnuts,YieldingYams,5619666
2026-07-03T10:12:43.992459,2026-07-03T10:12:44.000604+00:00,121.1,200,ask,YieldingYams,WavyWalnuts,5619679
2026-07-03T10:12:44.520502,2026-07-03T10:12:44.524329+00:00,121.3,21,bid,Xuanyu Liu,AverageAlmonds,5619694
2026-07-03T10:12:45.290496,2026-07-03T10:12:45.298738+00:00,121.1,200,ask,WavyWalnuts,YieldingYams,5619713
2026-07-03T10:12:45.303774,2026-07-03T10:12:45.306929+00:00,121.1,23,bid,Xuanyu Liu,YieldingYams,5619715
2026-07-03T10:12:45.390255,2026-07-03T10:12:45.401547+00:00,121.1,22,bid,Zihao Wu,YieldingYams,5619717
2026-07-03T10:12:47.680893,2026-07-03T10:12:47.684667+00:00,121.0,12,ask,YieldingYams,Xuanyu Liu,5619753
2026-07-03T10:12:50.056009,2026-07-03T10:12:50.063990+00:00,121.1,200,bid,WavyWalnuts,YieldingYams,5619788
2026-07-03T10:12:50.639136,2026-07-03T10:12:50.642264+00:00,121.0,11,ask,YieldingYams,Xuanyu Liu,5619796
2026-07-03T10:12:52.478119,2026-07-03T10:12:52.486168+00:00,121.1,200,bid,WavyWalnuts,YieldingYams,5619828
2026-07-03T10:12:54.088791,2026-07-03T10:12:54.095814+00:00,121.0,50,ask,YieldingYams,Alan Niu,5619855
2026-07-03T10:12:55.788769,2026-07-03T10:12:55.797607+00:00,121.1,200,bid,YieldingYams,WavyWalnuts,5619880
2026-07-03T10:12:55.788769,2026-07-03T10:12:55.797607+00:00,121.1,425,bid,YieldingYams,AverageAlmonds,5619881
2026-07-03T10:12:57.297213,2026-07-03T10:12:57.306045+00:00,120.9,200,ask,WavyWalnuts,AverageAlmonds,5619901
2026-07-03T10:12:57.297213,2026-07-03T10:12:57.306045+00:00,120.9,300,ask,YieldingYams,AverageAlmonds,5619902
2026-07-03T10:12:57.332065,2026-07-03T10:12:57.342354+00:00,120.9,200,ask,YieldingYams,WavyWalnuts,5619906
2026-07-03T10:12:57.866357,2026-07-03T10:12:57.877013+00:00,120.9,125,ask,YieldingYams,AverageAlmonds,5619910
2026-07-03T10:12:58.539396,2026-07-03T10:12:58.550533+00:00,120.7,200,bid,WavyWalnuts,YieldingYams,5619925
2026-07-03T10:12:58.681419,2026-07-03T10:12:58.690935+00:00,120.7,50,bid,Alan Niu,YieldingYams,5619927
2026-07-03T10:12:59.750041,2026-07-03T10:12:59.758628+00:00,120.6,200,bid,WavyWalnuts,YieldingYams,5619947
2026-07-03T10:13:00.317330,2026-07-03T10:13:00.320718+00:00,120.4,26,ask,YieldingYams,Xuanyu Liu,5619956
2026-07-03T10:13:00.712446,2026-07-03T10:13:00.722134+00:00,120.4,124,ask,YieldingYams,Alan Niu,5619966
2026-07-03T10:13:00.958667,2026-07-03T10:13:00.968994+00:00,120.6,200,bid,WavyWalnuts,YieldingYams,5619969
2026-07-03T10:13:02.167505,2026-07-03T10:13:02.174760+00:00,120.8,200,bid,WavyWalnuts,YieldingYams,5619991
2026-07-03T10:13:02.341049,2026-07-03T10:13:02.350013+00:00,120.8,500,bid,YieldingYams,AverageAlmonds,5619996
2026-07-03T10:13:02.772222,2026-07-03T10:13:02.783209+00:00,120.8,44,ask,YieldingYams,Alan Niu,5620003
2026-07-03T10:13:03.295831,2026-07-03T10:13:03.302953+00:00,120.9,50,bid,Alan Niu,AverageAlmonds,5620014
2026-07-03T10:13:03.650901,2026-07-03T10:13:03.678041+00:00,120.8,200,ask,WavyWalnuts,YieldingYams,5620015
2026-07-03T10:13:03.674449,2026-07-03T10:13:03.678041+00:00,120.5,37,bid,Xuanyu Liu,YieldingYams,5620017
2026-07-03T10:13:03.837568,2026-07-03T10:13:03.848206+00:00,120.5,118,bid,Alan Niu,YieldingYams,5620024
2026-07-03T10:13:04.418313,2026-07-03T10:13:04.428011+00:00,120.5,20,bid,BrilliantBurritos,YieldingYams,5620033
2026-07-03T10:13:04.581850,2026-07-03T10:13:04.591516+00:00,120.5,200,bid,WavyWalnuts,YieldingYams,5620035
2026-07-03T10:13:05.793910,2026-07-03T10:13:05.801405+00:00,120.8,200,ask,YieldingYams,WavyWalnuts,5620056
2026-07-03T10:13:07.578564,2026-07-03T10:13:07.599243+00:00,120.7,200,bid,YieldingYams,WavyWalnuts,5620075
2026-07-03T10:13:07.595572,2026-07-03T10:13:07.599243+00:00,120.8,23,ask,YieldingYams,Xuanyu Liu,5620077
2026-07-03T10:13:07.614524,2026-07-03T10:13:07.626125+00:00,120.8,22,ask,YieldingYams,Zihao Wu,5620079
2026-07-03T10:13:10.411850,2026-07-03T10:13:10.423282+00:00,120.7,20,ask,WavyWalnuts,BrilliantBurritos,5620128
2026-07-03T10:13:10.658319,2026-07-03T10:13:10.668975+00:00,120.8,200,bid,WavyWalnuts,YieldingYams,5620133
2026-07-03T10:13:12.825540,2026-07-03T10:13:12.846536+00:00,120.7,200,ask,WavyWalnuts,YieldingYams,5620171
2026-07-03T10:13:12.843007,2026-07-03T10:13:12.846536+00:00,120.7,12,bid,Xuanyu Liu,YieldingYams,5620173
2026-07-03T10:13:13.078963,2026-07-03T10:13:13.087256+00:00,120.7,200,bid,WavyWalnuts,YieldingYams,5620179
2026-07-03T10:13:14.132679,2026-07-03T10:13:14.150737+00:00,120.9,200,bid,YieldingYams,WavyWalnuts,5620189
2026-07-03T10:13:14.147387,2026-07-03T10:13:14.150737+00:00,120.9,12,ask,YieldingYams,Xuanyu Liu,5620192
2026-07-03T10:13:15.026264,2026-07-03T10:13:15.035324+00:00,120.9,20,ask,YieldingYams,BrilliantBurritos,5620205
2026-07-03T10:13:15.493971,2026-07-03T10:13:15.502932+00:00,120.8,200,bid,WavyWalnuts,YieldingYams,5620213
2026-07-03T10:13:16.131618,2026-07-03T10:13:16.135077+00:00,120.8,23,bid,Xuanyu Liu,YieldingYams,5620229
2026-07-03T10:13:16.547118,2026-07-03T10:13:16.554723+00:00,120.8,20,bid,BrilliantBurritos,YieldingYams,5620234
2026-07-03T10:13:20.695537,2026-07-03T10:13:20.705162+00:00,120.7,200,ask,WavyWalnuts,YieldingYams,5620283
2026-07-03T10:13:22.735189,2026-07-03T10:13:22.743937+00:00,120.7,200,bid,WavyWalnuts,YieldingYams,5620313
2026-07-03T10:13:23.652923,2026-07-03T10:13:23.659882+00:00,120.6,20,ask,YieldingYams,BrilliantBurritos,5620328
2026-07-03T10:13:24.464311,2026-07-03T10:13:24.475635+00:00,120.8,20,bid,BrilliantBurritos,YieldingYams,5620338
2026-07-03T10:13:26.664623,2026-07-03T10:13:26.671940+00:00,120.7,20,ask,YieldingYams,BrilliantBurritos,5620367
2026-07-03T10:13:28.563109,2026-07-03T10:13:28.570006+00:00,120.8,200,ask,WavyWalnuts,YieldingYams,5620399
2026-07-03T10:13:28.801044,2026-07-03T10:13:28.810959+00:00,120.8,200,bid,WavyWalnuts,YieldingYams,5620402
2026-07-03T10:13:31.219313,2026-07-03T10:13:31.228500+00:00,120.9,200,bid,WavyWalnuts,YieldingYams,5620439
2026-07-03T10:13:33.195679,2026-07-03T10:13:33.207194+00:00,120.8,20,ask,YieldingYams,BrilliantBurritos,5620470
2026-07-03T10:13:34.197834,2026-07-03T10:13:34.215240+00:00,120.9,20,bid,BrilliantBurritos,WavyWalnuts,5620485
2026-07-03T10:13:34.848691,2026-07-03T10:13:34.858604+00:00,120.7,200,ask,YieldingYams,WavyWalnuts,5620494
2026-07-03T10:13:38.472486,2026-07-03T10:13:38.484036+00:00,120.9,200,ask,YieldingYams,WavyWalnuts,5620561
2026-07-03T10:13:41.456593,2026-07-03T10:13:41.467528+00:00,120.8,11,ask,AverageAlmonds,Xuanyu Liu,5620616
2026-07-03T10:13:42.645960,2026-07-03T10:13:42.653401+00:00,120.9,500,bid,AverageAlmonds,YieldingYams,5620637
2026-07-03T10:13:42.993729,2026-07-03T10:13:43.001819+00:00,120.9,200,bid,YieldingYams,WavyWalnuts,5620645
2026-07-03T10:13:43.007342,2026-07-03T10:13:43.010866+00:00,120.9,12,ask,YieldingYams,Xuanyu Liu,5620647
2026-07-03T10:13:43.328622,2026-07-03T10:13:43.332350+00:00,121.0,11,ask,WavyWalnuts,Xuanyu Liu,5620651
2026-07-03T10:13:44.305797,2026-07-03T10:13:44.313551+00:00,121.0,189,ask,WavyWalnuts,YieldingYams,5620665
2026-07-03T10:13:44.518608,2026-07-03T10:13:44.525582+00:00,120.9,200,bid,WavyWalnuts,YieldingYams,5620670
2026-07-03T10:13:48.269478,2026-07-03T10:13:48.273159+00:00,120.9,11,bid,Xuanyu Liu,YieldingYams,5620731
2026-07-03T10:13:49.356840,2026-07-03T10:13:49.358231+00:00,120.9,200,bid,WavyWalnuts,YieldingYams,5620749
2026-07-03T10:13:49.563915,2026-07-03T10:13:49.567490+00:00,120.8,12,bid,Xuanyu Liu,YieldingYams,5620756
2026-07-03T10:13:49.902392,2026-07-03T10:13:49.917659+00:00,120.8,500,bid,AverageAlmonds,YieldingYams,5620759
2026-07-03T10:13:50.520167,2026-07-03T10:13:50.531469+00:00,120.8,113,bid,AverageAlmonds,YieldingYams,5620765
2026-07-03T10:13:50.564266,2026-07-03T10:13:50.574160+00:00,120.8,200,ask,AverageAlmonds,WavyWalnuts,5620766
2026-07-03T10:13:51.772313,2026-07-03T10:13:51.783152+00:00,120.9,200,ask,AverageAlmonds,WavyWalnuts,5620784
2026-07-03T10:13:52.339007,2026-07-03T10:13:52.348052+00:00,121.0,500,bid,AverageAlmonds,YieldingYams,5620792
2026-07-03T10:13:52.932419,2026-07-03T10:13:52.941129+00:00,121.0,125,bid,AverageAlmonds,YieldingYams,5620803
2026-07-03T10:13:52.981725,2026-07-03T10:13:52.992585+00:00,121.0,200,ask,AverageAlmonds,WavyWalnuts,5620806
2026-07-03T10:13:54.190968,2026-07-03T10:13:54.198046+00:00,121.0,200,ask,YieldingYams,WavyWalnuts,5620832
2026-07-03T10:13:54.611323,2026-07-03T10:13:54.622781+00:00,121.0,20,ask,YieldingYams,BrilliantBurritos,5620844
2026-07-03T10:13:56.112868,2026-07-03T10:13:56.120659+00:00,121.0,200,ask,WavyWalnuts,YieldingYams,5620859
2026-07-03T10:13:59.293472,2026-07-03T10:13:59.300140+00:00,121.2,20,bid,BrilliantBurritos,YieldingYams,5620921
2026-07-03T10:14:00.194920,2026-07-03T10:14:00.202823+00:00,121.1,500,bid,AverageAlmonds,YieldingYams,5620932
2026-07-03T10:14:00.791483,2026-07-03T10:14:00.799494+00:00,121.1,125,bid,AverageAlmonds,YieldingYams,5620939
2026-07-03T10:14:03.235897,2026-07-03T10:14:03.246965+00:00,121.1,200,bid,AverageAlmonds,WavyWalnuts,5620993
2026-07-03T10:14:03.985554,2026-07-03T10:14:03.993963+00:00,121.1,500,ask,AverageAlmonds,YieldingYams,5621010
2026-07-03T10:14:04.432227,2026-07-03T10:14:04.441397+00:00,121.0,125,bid,AverageAlmonds,YieldingYams,5621017
2026-07-03T10:14:04.530840,2026-07-03T10:14:04.541449+00:00,121.2,20,bid,BrilliantBurritos,WavyWalnuts,5621025
2026-07-03T10:14:07.500704,2026-07-03T10:14:07.510660+00:00,121.2,200,bid,WavyWalnuts,YieldingYams,5621074
2026-07-03T10:14:08.709736,2026-07-03T10:14:08.720720+00:00,121.2,200,bid,WavyWalnuts,YieldingYams,5621096
2026-07-03T10:14:11.698512,2026-07-03T10:14:11.707813+00:00,121.2,200,bid,AverageAlmonds,WavyWalnuts,5621125
2026-07-03T10:14:12.902900,2026-07-03T10:14:12.909650+00:00,121.3,500,bid,AverageAlmonds,YieldingYams,5621141
2026-07-03T10:14:13.088812,2026-07-03T10:14:13.092273+00:00,121.2,12,ask,WavyWalnuts,Xuanyu Liu,5621148
2026-07-03T10:14:13.522685,2026-07-03T10:14:13.526430+00:00,121.3,11,ask,AverageAlmonds,Xuanyu Liu,5621152
2026-07-03T10:14:13.543637,2026-07-03T10:14:13.552522+00:00,121.3,200,ask,AverageAlmonds,WavyWalnuts,5621153
2026-07-03T10:14:14.947810,2026-07-03T10:14:14.955027+00:00,121.3,50,ask,AverageAlmonds,Alan Niu,5621168
2026-07-03T10:14:17.751151,2026-07-03T10:14:17.759401+00:00,121.3,200,bid,AverageAlmonds,WavyWalnuts,5621208
2026-07-03T10:14:19.418253,2026-07-03T10:14:19.422082+00:00,121.3,3,ask,AverageAlmonds,Xuanyu Liu,5621228
2026-07-03T10:14:19.595224,2026-07-03T10:14:19.601708+00:00,121.3,147,ask,AverageAlmonds,Alan Niu,5621235
2026-07-03T10:14:20.386503,2026-07-03T10:14:20.398195+00:00,121.3,20,ask,AverageAlmonds,BrilliantBurritos,5621249
2026-07-03T10:14:22.059878,2026-07-03T10:14:22.069102+00:00,121.3,200,ask,YieldingYams,WavyWalnuts,5621271
2026-07-03T10:14:22.324308,2026-07-03T10:14:22.334810+00:00,121.3,500,ask,AverageAlmonds,YieldingYams,5621274
2026-07-03T10:14:26.282760,2026-07-03T10:14:26.290101+00:00,121.2,200,ask,WavyWalnuts,YieldingYams,5621335
2026-07-03T10:14:26.282760,2026-07-03T10:14:26.295220+00:00,121.2,425,ask,AverageAlmonds,YieldingYams,5621336
2026-07-03T10:14:26.755640,2026-07-03T10:14:26.763931+00:00,121.2,3,ask,AverageAlmonds,Alan Niu,5621343
2026-07-03T10:14:27.192505,2026-07-03T10:14:27.204150+00:00,121.5,20,bid,BrilliantBurritos,WavyWalnuts,5621354
2026-07-03T10:14:30.514127,2026-07-03T10:14:30.521093+00:00,121.5,200,bid,WavyWalnuts,YieldingYams,5621404
2026-07-03T10:14:36.580326,2026-07-03T10:14:36.589926+00:00,121.4,200,ask,YieldingYams,WavyWalnuts,5621502
2026-07-03T10:14:38.415239,2026-07-03T10:14:38.418663+00:00,121.3,49,ask,YieldingYams,Xuanyu Liu,5621534
2026-07-03T10:14:38.999038,2026-07-03T10:14:39.007896+00:00,121.3,200,ask,YieldingYams,WavyWalnuts,5621538
2026-07-03T10:14:39.409963,2026-07-03T10:14:39.413816+00:00,121.4,1,ask,YieldingYams,Xuanyu Liu,5621541
2026-07-03T10:14:40.207100,2026-07-03T10:14:40.216255+00:00,121.4,200,ask,YieldingYams,WavyWalnuts,5621549
2026-07-03T10:14:41.415018,2026-07-03T10:14:41.422761+00:00,121.3,200,ask,AverageAlmonds,WavyWalnuts,5621567
2026-07-03T10:14:42.011507,2026-07-03T10:14:42.023093+00:00,121.3,500,ask,AverageAlmonds,YieldingYams,5621578
2026-07-03T10:14:42.568090,2026-07-03T10:14:42.576134+00:00,121.3,125,bid,AverageAlmonds,YieldingYams,5621585
2026-07-03T10:14:42.622453,2026-07-03T10:14:42.633828+00:00,121.3,200,ask,AverageAlmonds,WavyWalnuts,5621590
2026-07-03T10:14:43.828856,2026-07-03T10:14:43.864946+00:00,121.3,200,ask,AverageAlmonds,WavyWalnuts,5621612
2026-07-03T10:14:44.384013,2026-07-03T10:14:44.392074+00:00,121.4,500,bid,AverageAlmonds,YieldingYams,5621619
2026-07-03T10:14:44.743037,2026-07-03T10:14:44.747077+00:00,121.5,21,ask,YieldingYams,Xuanyu Liu,5621629
2026-07-03T10:14:44.783134,2026-07-03T10:14:44.794619+00:00,121.5,22,ask,YieldingYams,Zihao Wu,5621630
2026-07-03T10:14:45.042317,2026-07-03T10:14:45.058560+00:00,121.5,200,ask,YieldingYams,WavyWalnuts,5621638
2026-07-03T10:14:45.142999,2026-07-03T10:14:45.163912+00:00,121.5,20,ask,YieldingYams,BrilliantBurritos,5621641
2026-07-03T10:14:47.253676,2026-07-03T10:14:47.260232+00:00,121.4,500,ask,AverageAlmonds,YieldingYams,5621672
2026-07-03T10:14:47.417657,2026-07-03T10:14:47.427362+00:00,121.4,125,bid,AverageAlmonds,YieldingYams,5621677
2026-07-03T10:14:47.476997,2026-07-03T10:14:47.485942+00:00,121.4,200,ask,AverageAlmonds,WavyWalnuts,5621682
2026-07-03T10:14:48.579877,2026-07-03T10:14:48.583395+00:00,121.5,57,bid,Xuanyu Liu,YieldingYams,5621690
2026-07-03T10:14:48.887439,2026-07-03T10:14:48.898732+00:00,121.5,20,bid,BrilliantBurritos,YieldingYams,5621695
2026-07-03T10:14:51.103164,2026-07-03T10:14:51.106767+00:00,121.4,12,ask,AverageAlmonds,Xuanyu Liu,5621734
2026-07-03T10:14:52.877531,2026-07-03T10:14:52.886147+00:00,121.4,200,bid,AverageAlmonds,WavyWalnuts,5621755
2026-07-03T10:14:53.527801,2026-07-03T10:14:53.537174+00:00,121.5,200,bid,WavyWalnuts,YieldingYams,5621768
2026-07-03T10:14:54.746804,2026-07-03T10:14:54.753130+00:00,121.5,200,ask,AverageAlmonds,WavyWalnuts,5621788
2026-07-03T10:14:55.287853,2026-07-03T10:14:55.296097+00:00,121.6,500,bid,AverageAlmonds,YieldingYams,5621792
2026-07-03T10:14:55.884402,2026-07-03T10:14:55.893574+00:00,121.6,125,bid,AverageAlmonds,YieldingYams,5621804
2026-07-03T10:14:55.958843,2026-07-03T10:14:55.967338+00:00,121.6,200,ask,AverageAlmonds,WavyWalnuts,5621805
2026-07-03T10:14:57.743554,2026-07-03T10:14:57.758626+00:00,121.8,200,bid,YieldingYams,WavyWalnuts,5621829
2026-07-03T10:15:00.380712,2026-07-03T10:15:00.401781+00:00,121.8,200,ask,WavyWalnuts,YieldingYams,5621859
2026-07-03T10:15:00.397727,2026-07-03T10:15:00.401781+00:00,121.8,12,bid,Xuanyu Liu,YieldingYams,5621861
2026-07-03T10:15:03.668445,2026-07-03T10:15:03.672184+00:00,121.9,14,bid,Xuanyu Liu,WavyWalnuts,5621914
2026-07-03T10:15:04.429422,2026-07-03T10:15:04.437172+00:00,121.7,200,ask,YieldingYams,WavyWalnuts,5621926
2026-07-03T10:15:04.878095,2026-07-03T10:15:04.889630+00:00,121.9,22,bid,Zihao Wu,YieldingYams,5621931
2026-07-03T10:15:05.948849,2026-07-03T10:15:05.958644+00:00,121.7,50,bid,Alan Niu,YieldingYams,5621944
2026-07-03T10:15:08.012738,2026-07-03T10:15:08.019965+00:00,121.6,50,ask,WavyWalnuts,Alan Niu,5621979
2026-07-03T10:15:08.054866,2026-07-03T10:15:08.063967+00:00,121.6,200,ask,AverageAlmonds,WavyWalnuts,5621980
2026-07-03T10:15:08.238945,2026-07-03T10:15:08.268696+00:00,121.6,300,ask,AverageAlmonds,YieldingYams,5621987
2026-07-03T10:15:08.592815,2026-07-03T10:15:08.601314+00:00,121.5,325,bid,AverageAlmonds,YieldingYams,5621990
2026-07-03T10:15:09.264173,2026-07-03T10:15:09.275699+00:00,121.8,200,ask,AverageAlmonds,WavyWalnuts,5622011
2026-07-03T10:15:10.471775,2026-07-03T10:15:10.481335+00:00,121.7,200,ask,YieldingYams,WavyWalnuts,5622034
2026-07-03T10:15:12.077087,2026-07-03T10:15:12.084863+00:00,121.8,46,bid,Alan Niu,YieldingYams,5622069
2026-07-03T10:15:12.590003,2026-07-03T10:15:12.598640+00:00,121.7,46,ask,WavyWalnuts,Alan Niu,5622081
2026-07-03T10:15:16.128552,2026-07-03T10:15:16.132338+00:00,121.9,3,ask,YieldingYams,Xuanyu Liu,5622126
2026-07-03T10:15:16.178136,2026-07-03T10:15:16.181953+00:00,121.9,11,ask,YieldingYams,Xuanyu Liu,5622129
2026-07-03T10:15:16.517229,2026-07-03T10:15:16.527941+00:00,121.9,200,ask,YieldingYams,WavyWalnuts,5622130
2026-07-03T10:15:18.729510,2026-07-03T10:15:18.737106+00:00,121.9,200,ask,WavyWalnuts,YieldingYams,5622174
2026-07-03T10:15:19.887874,2026-07-03T10:15:19.899674+00:00,121.9,20,bid,BrilliantBurritos,YieldingYams,5622191
2026-07-03T10:15:22.247656,2026-07-03T10:15:22.258645+00:00,121.9,20,ask,YieldingYams,BrilliantBurritos,5622221
2026-07-03T10:15:22.569432,2026-07-03T10:15:22.578930+00:00,121.9,200,ask,YieldingYams,WavyWalnuts,5622225
2026-07-03T10:15:23.777030,2026-07-03T10:15:23.785631+00:00,122.0,200,bid,WavyWalnuts,YieldingYams,5622247
2026-07-03T10:15:25.683279,2026-07-03T10:15:25.687104+00:00,121.9,23,ask,WavyWalnuts,Xuanyu Liu,5622280
2026-07-03T10:15:26.056208,2026-07-03T10:15:26.068092+00:00,121.9,20,ask,WavyWalnuts,BrilliantBurritos,5622286
2026-07-03T10:15:26.213692,2026-07-03T10:15:26.216810+00:00,122.0,12,ask,WavyWalnuts,Xuanyu Liu,5622290
2026-07-03T10:15:26.457146,2026-07-03T10:15:26.469000+00:00,122.1,20,bid,BrilliantBurritos,YieldingYams,5622294
2026-07-03T10:15:26.599378,2026-07-03T10:15:26.609831+00:00,122.0,188,ask,WavyWalnuts,YieldingYams,5622296
2026-07-03T10:15:27.908260,2026-07-03T10:15:27.915523+00:00,122.1,500,bid,YieldingYams,AverageAlmonds,5622317
2026-07-03T10:15:27.908260,2026-07-03T10:15:27.920970+00:00,122.1,125,bid,YieldingYams,WavyWalnuts,5622318
2026-07-03T10:15:29.233835,2026-07-03T10:15:29.237442+00:00,121.9,11,ask,YieldingYams,Xuanyu Liu,5622340
2026-07-03T10:15:29.829007,2026-07-03T10:15:29.832564+00:00,122.0,11,ask,WavyWalnuts,Xuanyu Liu,5622347
2026-07-03T10:15:31.839957,2026-07-03T10:15:31.850023+00:00,122.1,200,bid,YieldingYams,WavyWalnuts,5622384
2026-07-03T10:15:31.855482,2026-07-03T10:15:31.858960+00:00,122.1,12,ask,YieldingYams,Xuanyu Liu,5622386
2026-07-03T10:15:32.125687,2026-07-03T10:15:32.136659+00:00,122.3,20,bid,BrilliantBurritos,YieldingYams,5622390
2026-07-03T10:15:32.133157,2026-07-03T10:15:32.136659+00:00,122.3,23,bid,Xuanyu Liu,YieldingYams,5622392
2026-07-03T10:15:33.150017,2026-07-03T10:15:33.173199+00:00,122.1,200,ask,WavyWalnuts,YieldingYams,5622406
2026-07-03T10:15:33.169641,2026-07-03T10:15:33.173199+00:00,122.1,23,bid,Xuanyu Liu,YieldingYams,5622408
2026-07-03T10:15:33.443617,2026-07-03T10:15:33.458615+00:00,122.1,200,bid,WavyWalnuts,YieldingYams,5622409
2026-07-03T10:15:34.366795,2026-07-03T10:15:34.375377+00:00,122.1,20,bid,BrilliantBurritos,YieldingYams,5622422
2026-07-03T10:15:35.865123,2026-07-03T10:15:35.874098+00:00,122.0,200,ask,YieldingYams,WavyWalnuts,5622447
2026-07-03T10:15:41.004771,2026-07-03T10:15:41.012829+00:00,122.0,200,ask,WavyWalnuts,YieldingYams,5622538
2026-07-03T10:15:44.371265,2026-07-03T10:15:44.378041+00:00,122.1,200,bid,WavyWalnuts,YieldingYams,5622595
2026-07-03T10:15:45.593216,2026-07-03T10:15:45.600398+00:00,122.0,200,ask,YieldingYams,WavyWalnuts,5622620
2026-07-03T10:15:46.271047,2026-07-03T10:15:46.274552+00:00,122.0,11,bid,Xuanyu Liu,YieldingYams,5622631
2026-07-03T10:15:47.563072,2026-07-03T10:15:47.573121+00:00,122.0,200,bid,YieldingYams,WavyWalnuts,5622653
2026-07-03T10:15:48.876226,2026-07-03T10:15:48.894692+00:00,122.1,200,ask,WavyWalnuts,YieldingYams,5622675
2026-07-03T10:15:48.890788,2026-07-03T10:15:48.894692+00:00,122.1,12,bid,Xuanyu Liu,YieldingYams,5622677
2026-07-03T10:15:54.069983,2026-07-03T10:15:54.080530+00:00,121.9,200,ask,YieldingYams,WavyWalnuts,5622751
2026-07-03T10:15:56.852197,2026-07-03T10:15:56.863619+00:00,121.8,20,ask,YieldingYams,BrilliantBurritos,5622798
2026-07-03T10:15:57.701826,2026-07-03T10:15:57.711551+00:00,121.8,200,ask,YieldingYams,WavyWalnuts,5622818
2026-07-03T10:15:59.382090,2026-07-03T10:15:59.390343+00:00,121.7,200,bid,YieldingYams,WavyWalnuts,5622847
2026-07-03T10:16:00.120224,2026-07-03T10:16:00.126851+00:00,121.7,200,ask,YieldingYams,WavyWalnuts,5622864
2026-07-03T10:16:00.703166,2026-07-03T10:16:00.712974+00:00,121.6,500,ask,AverageAlmonds,YieldingYams,5622872
2026-07-03T10:16:02.011658,2026-07-03T10:16:02.019222+00:00,121.6,200,bid,YieldingYams,WavyWalnuts,5622889
2026-07-03T10:16:02.025074,2026-07-03T10:16:02.028798+00:00,121.9,3,ask,YieldingYams,Xuanyu Liu,5622891
2026-07-03T10:16:02.540266,2026-07-03T10:16:02.548936+00:00,121.9,200,ask,YieldingYams,WavyWalnuts,5622897
2026-07-03T10:16:03.750661,2026-07-03T10:16:03.763793+00:00,121.8,200,bid,WavyWalnuts,YieldingYams,5622913
2026-07-03T10:16:06.176235,2026-07-03T10:16:06.186853+00:00,121.8,200,bid,WavyWalnuts,YieldingYams,5622942
2026-07-03T10:16:06.931980,2026-07-03T10:16:06.942219+00:00,121.6,20,ask,YieldingYams,BrilliantBurritos,5622952
2026-07-03T10:16:08.608914,2026-07-03T10:16:08.617713+00:00,121.9,200,ask,YieldingYams,WavyWalnuts,5622972
2026-07-03T10:16:09.872814,2026-07-03T10:16:09.881174+00:00,122.0,500,bid,YieldingYams,AverageAlmonds,5622989
2026-07-03T10:16:09.872814,2026-07-03T10:16:09.881174+00:00,122.0,125,bid,YieldingYams,WavyWalnuts,5622990
2026-07-03T10:16:11.046101,2026-07-03T10:16:11.050343+00:00,121.9,9,ask,WavyWalnuts,Xuanyu Liu,5623013
2026-07-03T10:16:11.185657,2026-07-03T10:16:11.195573+00:00,121.9,191,ask,WavyWalnuts,YieldingYams,5623016
2026-07-03T10:16:12.239834,2026-07-03T10:16:12.246431+00:00,121.9,200,bid,WavyWalnuts,YieldingYams,5623025
2026-07-03T10:16:13.057833,2026-07-03T10:16:13.069562+00:00,122.0,20,bid,BrilliantBurritos,AverageAlmonds,5623036
2026-07-03T10:16:13.290365,2026-07-03T10:16:13.294042+00:00,121.8,23,ask,YieldingYams,Xuanyu Liu,5623042
2026-07-03T10:16:15.130058,2026-07-03T10:16:15.134248+00:00,121.9,11,ask,YieldingYams,Xuanyu Liu,5623075
2026-07-03T10:16:15.867774,2026-07-03T10:16:15.874493+00:00,121.9,200,ask,YieldingYams,WavyWalnuts,5623092
2026-07-03T10:16:19.052325,2026-07-03T10:16:19.063980+00:00,122.0,200,bid,YieldingYams,WavyWalnuts,5623137
2026-07-03T10:16:20.068135,2026-07-03T10:16:20.070211+00:00,122.0,425,ask,YieldingYams,AverageAlmonds,5623147
2026-07-03T10:16:20.068135,2026-07-03T10:16:20.080711+00:00,122.0,75,ask,WavyWalnuts,AverageAlmonds,5623148
2026-07-03T10:16:20.362485,2026-07-03T10:16:20.369129+00:00,122.0,125,ask,WavyWalnuts,YieldingYams,5623152
2026-07-03T10:16:20.714545,2026-07-03T10:16:20.721693+00:00,121.9,200,bid,WavyWalnuts,YieldingYams,5623158
2026-07-03T10:16:21.171256,2026-07-03T10:16:21.182965+00:00,121.9,20,bid,BrilliantBurritos,YieldingYams,5623165
2026-07-03T10:16:24.319785,2026-07-03T10:16:24.331148+00:00,121.9,200,ask,WavyWalnuts,AverageAlmonds,5623209
2026-07-03T10:16:24.339696,2026-07-03T10:16:24.349297+00:00,121.9,200,bid,WavyWalnuts,AverageAlmonds,5623210
2026-07-03T10:16:26.756938,2026-07-03T10:16:26.758596+00:00,122.0,200,bid,WavyWalnuts,AverageAlmonds,5623248
2026-07-03T10:16:27.332441,2026-07-03T10:16:27.340485+00:00,121.9,500,ask,YieldingYams,AverageAlmonds,5623264
2026-07-03T10:16:27.974300,2026-07-03T10:16:27.984711+00:00,122.0,200,bid,WavyWalnuts,AverageAlmonds,5623278
2026-07-03T10:16:28.576255,2026-07-03T10:16:28.589975+00:00,121.7,20,ask,YieldingYams,BrilliantBurritos,5623287
2026-07-03T10:16:29.181924,2026-07-03T10:16:29.190906+00:00,121.9,200,bid,WavyWalnuts,YieldingYams,5623293
2026-07-03T10:16:30.389382,2026-07-03T10:16:30.399019+00:00,121.9,200,bid,WavyWalnuts,AverageAlmonds,5623317
2026-07-03T10:16:30.832057,2026-07-03T10:16:30.863715+00:00,121.9,300,bid,YieldingYams,AverageAlmonds,5623325
2026-07-03T10:16:30.859591,2026-07-03T10:16:30.863715+00:00,121.9,11,ask,YieldingYams,Xuanyu Liu,5623327
2026-07-03T10:16:30.971828,2026-07-03T10:16:30.978978+00:00,121.9,314,ask,YieldingYams,AverageAlmonds,5623328
2026-07-03T10:16:31.596577,2026-07-03T10:16:31.603627+00:00,121.9,200,bid,WavyWalnuts,AverageAlmonds,5623343
2026-07-03T10:16:32.221648,2026-07-03T10:16:32.225258+00:00,121.8,11,bid,Xuanyu Liu,YieldingYams,5623366
2026-07-03T10:16:32.803581,2026-07-03T10:16:32.813539+00:00,121.7,200,bid,WavyWalnuts,AverageAlmonds,5623376
2026-07-03T10:16:34.031375,2026-07-03T10:16:34.039913+00:00,121.7,200,bid,WavyWalnuts,YieldingYams,5623392
2026-07-03T10:16:34.760058,2026-07-03T10:16:34.770268+00:00,121.6,500,bid,YieldingYams,AverageAlmonds,5623409
2026-07-03T10:16:35.215619,2026-07-03T10:16:35.219699+00:00,121.6,125,ask,YieldingYams,AverageAlmonds,5623411
2026-07-03T10:16:36.449724,2026-07-03T10:16:36.452564+00:00,121.6,200,bid,WavyWalnuts,YieldingYams,5623429
2026-07-03T10:16:38.005676,2026-07-03T10:16:38.016090+00:00,121.7,20,bid,BrilliantBurritos,YieldingYams,5623452
2026-07-03T10:16:38.547694,2026-07-03T10:16:38.551127+00:00,121.7,46,bid,Xuanyu Liu,YieldingYams,5623465
2026-07-03T10:16:38.684286,2026-07-03T10:16:38.690865+00:00,121.7,500,bid,YieldingYams,AverageAlmonds,5623467
2026-07-03T10:16:38.834832,2026-07-03T10:16:38.843258+00:00,121.7,125,ask,YieldingYams,AverageAlmonds,5623471
2026-07-03T10:16:39.446447,2026-07-03T10:16:39.453234+00:00,121.6,200,ask,WavyWalnuts,AverageAlmonds,5623484
2026-07-03T10:16:39.465078,2026-07-03T10:16:39.469409+00:00,121.5,4,bid,Xuanyu Liu,AverageAlmonds,5623486
2026-07-03T10:16:40.091518,2026-07-03T10:16:40.100826+00:00,121.6,200,bid,WavyWalnuts,YieldingYams,5623494
2026-07-03T10:16:40.432790,2026-07-03T10:16:40.440746+00:00,121.6,50,bid,Alan Niu,YieldingYams,5623503
2026-07-03T10:16:41.476924,2026-07-03T10:16:41.480473+00:00,121.7,7,bid,Xuanyu Liu,AverageAlmonds,5623518
2026-07-03T10:16:41.764125,2026-07-03T10:16:41.767805+00:00,121.6,11,ask,YieldingYams,Xuanyu Liu,5623525
2026-07-03T10:16:41.891827,2026-07-03T10:16:41.900283+00:00,121.6,500,ask,YieldingYams,AverageAlmonds,5623528
2026-07-03T10:16:41.970760,2026-07-03T10:16:41.979623+00:00,121.6,50,ask,YieldingYams,Alan Niu,5623531
2026-07-03T10:16:42.627423,2026-07-03T10:16:42.638823+00:00,121.5,200,ask,WavyWalnuts,YieldingYams,5623539
2026-07-03T10:16:43.936055,2026-07-03T10:16:43.954773+00:00,121.4,200,ask,WavyWalnuts,YieldingYams,5623555
2026-07-03T10:16:43.951074,2026-07-03T10:16:43.954773+00:00,121.3,11,bid,Xuanyu Liu,YieldingYams,5623557
2026-07-03T10:16:44.951212,2026-07-03T10:16:44.963995+00:00,121.3,200,bid,WavyWalnuts,YieldingYams,5623572
2026-07-03T10:16:45.264335,2026-07-03T10:16:45.267803+00:00,121.3,11,ask,YieldingYams,Xuanyu Liu,5623584
2026-07-03T10:16:47.377872,2026-07-03T10:16:47.384382+00:00,121.5,200,bid,WavyWalnuts,YieldingYams,5623614
2026-07-03T10:16:49.373067,2026-07-03T10:16:49.384881+00:00,121.5,20,ask,WavyWalnuts,BrilliantBurritos,5623641
2026-07-03T10:16:51.208534,2026-07-03T10:16:51.212124+00:00,121.6,14,bid,Xuanyu Liu,YieldingYams,5623668
2026-07-03T10:16:52.250563,2026-07-03T10:16:52.253712+00:00,121.5,200,bid,WavyWalnuts,YieldingYams,5623684
2026-07-03T10:16:53.151015,2026-07-03T10:16:53.159417+00:00,121.6,50,bid,Alan Niu,YieldingYams,5623700
2026-07-03T10:16:54.685149,2026-07-03T10:16:54.690994+00:00,121.5,200,ask,AverageAlmonds,WavyWalnuts,5623722
2026-07-03T10:16:54.696100,2026-07-03T10:16:54.706557+00:00,121.5,50,ask,AverageAlmonds,Alan Niu,5623724
2026-07-03T10:16:55.892372,2026-07-03T10:16:55.900102+00:00,121.6,200,bid,WavyWalnuts,YieldingYams,5623748
2026-07-03T10:16:57.101370,2026-07-03T10:16:57.111104+00:00,121.6,200,bid,WavyWalnuts,YieldingYams,5623758
2026-07-03T10:16:58.841663,2026-07-03T10:16:58.851021+00:00,121.6,500,bid,AverageAlmonds,YieldingYams,5623783
2026-07-03T10:16:59.687163,2026-07-03T10:16:59.690832+00:00,121.6,200,bid,YieldingYams,WavyWalnuts,5623798
2026-07-03T10:17:01.809692,2026-07-03T10:17:01.821402+00:00,121.8,50,bid,Alan Niu,WavyWalnuts,5623823
2026-07-03T10:17:01.946301,2026-07-03T10:17:01.957581+00:00,121.7,200,ask,YieldingYams,WavyWalnuts,5623826
2026-07-03T10:17:03.156838,2026-07-03T10:17:03.158601+00:00,121.7,200,ask,YieldingYams,WavyWalnuts,5623842
2026-07-03T10:17:03.853415,2026-07-03T10:17:03.855798+00:00,121.8,50,bid,Alan Niu,YieldingYams,5623851
2026-07-03T10:17:05.575691,2026-07-03T10:17:05.586866+00:00,121.7,200,bid,WavyWalnuts,YieldingYams,5623881
2026-07-03T10:17:06.436065,2026-07-03T10:17:06.443340+00:00,121.9,38,bid,Alan Niu,WavyWalnuts,5623901
2026-07-03T10:17:06.659250,2026-07-03T10:17:06.670181+00:00,121.6,20,ask,YieldingYams,BrilliantBurritos,5623906
2026-07-03T10:17:09.204732,2026-07-03T10:17:09.212112+00:00,121.6,200,ask,YieldingYams,WavyWalnuts,5623950
2026-07-03T10:17:10.433042,2026-07-03T10:17:10.436949+00:00,121.8,3,bid,Xuanyu Liu,WavyWalnuts,5623971
2026-07-03T10:17:10.531730,2026-07-03T10:17:10.538826+00:00,121.8,62,bid,Alan Niu,WavyWalnuts,5623973
2026-07-03T10:17:11.514814,2026-07-03T10:17:11.518369+00:00,121.7,11,bid,Xuanyu Liu,YieldingYams,5623987
2026-07-03T10:17:16.014965,2026-07-03T10:17:16.026577+00:00,121.7,20,ask,YieldingYams,BrilliantBurritos,5624047
2026-07-03T10:17:19.012501,2026-07-03T10:17:19.023886+00:00,121.9,20,ask,WavyWalnuts,BrilliantBurritos,5624104
2026-07-03T10:17:20.117190,2026-07-03T10:17:20.125131+00:00,122.0,200,bid,WavyWalnuts,YieldingYams,5624110
2026-07-03T10:17:21.340270,2026-07-03T10:17:21.358670+00:00,122.0,200,bid,WavyWalnuts,YieldingYams,5624129
2026-07-03T10:17:22.553151,2026-07-03T10:17:22.558566+00:00,122.1,200,bid,WavyWalnuts,YieldingYams,5624144
2026-07-03T10:17:24.885632,2026-07-03T10:17:24.893762+00:00,122.1,200,ask,WavyWalnuts,AverageAlmonds,5624185
2026-07-03T10:17:24.974059,2026-07-03T10:17:24.983903+00:00,122.1,200,bid,WavyWalnuts,AverageAlmonds,5624189
2026-07-03T10:17:26.183883,2026-07-03T10:17:26.190754+00:00,122.1,200,bid,WavyWalnuts,AverageAlmonds,5624215
2026-07-03T10:17:27.246359,2026-07-03T10:17:27.254737+00:00,122.0,500,bid,YieldingYams,AverageAlmonds,5624235
