timestamp,recv_time,price,volume,aggressor_side,buyer,seller,trade_id
2026-06-29T13:00:01.328562,2026-06-29T03:00:01.832455+00:00,98.8,500,ask,,,11986129
2026-06-29T13:00:01.328562,2026-06-29T03:00:01.832455+00:00,98.8,125,ask,,,11986130
2026-06-29T13:00:02.362641,2026-06-29T03:00:02.866463+00:00,99.0,1,bid,,,11986145
2026-06-29T13:00:02.362641,2026-06-29T03:00:02.866463+00:00,99.0,200,bid,,,11986146
2026-06-29T13:00:02.462306,2026-06-29T03:00:02.965454+00:00,99.0,200,ask,,,11986147
2026-06-29T13:00:02.889335,2026-06-29T03:00:03.395572+00:00,99.0,20,ask,,,11986163
2026-06-29T13:00:03.180551,2026-06-29T03:00:03.692572+00:00,98.9,20,ask,,,11986169
2026-06-29T13:00:03.611068,2026-06-29T03:00:04.121572+00:00,99.0,25,ask,,,11986182
2026-06-29T13:00:03.643986,2026-06-29T03:00:04.154572+00:00,99.0,35,ask,,,11986186
2026-06-29T13:00:03.668917,2026-06-29T03:00:04.176572+00:00,99.0,200,ask,,,11986188
2026-06-29T13:00:03.679498,2026-06-29T03:00:04.187572+00:00,99.0,25,ask,,,11986189
2026-06-29T13:00:03.733393,2026-06-29T03:00:04.242572+00:00,99.0,27,ask,,,11986193
2026-06-29T13:00:03.819079,2026-06-29T03:00:04.330572+00:00,99.0,25,ask,,,11986197
2026-06-29T13:00:03.893327,2026-06-29T03:00:04.396572+00:00,99.0,25,ask,,,11986203
2026-06-29T13:00:03.902286,2026-06-29T03:00:04.407572+00:00,99.1,1,bid,,,11986205
2026-06-29T13:00:03.902286,2026-06-29T03:00:04.407572+00:00,99.1,1,bid,,,11986206
2026-06-29T13:00:03.965453,2026-06-29T03:00:04.473571+00:00,99.0,138,ask,,,11986212
2026-06-29T13:00:04.110673,2026-06-29T03:00:04.616572+00:00,99.0,2,bid,,,11986213
2026-06-29T13:00:04.164458,2026-06-29T03:00:04.671571+00:00,99.0,485,bid,,,11986217
2026-06-29T13:00:04.525542,2026-06-29T03:00:05.034086+00:00,99.1,2,bid,,,11986226
2026-06-29T13:00:04.730151,2026-06-29T03:00:05.232086+00:00,99.1,2,bid,,,11986228
2026-06-29T13:00:04.937496,2026-06-29T03:00:05.452095+00:00,99.1,2,bid,,,11986232
2026-06-29T13:00:05.542465,2026-06-29T03:00:06.046095+00:00,99.0,25,ask,,,11986246
2026-06-29T13:00:05.555454,2026-06-29T03:00:06.057095+00:00,99.1,2,bid,,,11986249
2026-06-29T13:00:05.760872,2026-06-29T03:00:06.266134+00:00,99.1,2,bid,,,11986250
2026-06-29T13:00:05.993124,2026-06-29T03:00:06.497134+00:00,99.1,2,bid,,,11986252
2026-06-29T13:00:06.031821,2026-06-29T03:00:06.541134+00:00,99.0,4,ask,,,11986254
2026-06-29T13:00:06.198123,2026-06-29T03:00:06.706125+00:00,99.1,2,bid,,,11986256
2026-06-29T13:00:06.242813,2026-06-29T03:00:06.750126+00:00,99.0,5,ask,,,11986260
2026-06-29T13:00:06.403656,2026-06-29T03:00:06.915134+00:00,99.1,2,bid,,,11986267
2026-06-29T13:00:06.619503,2026-06-29T03:00:07.124126+00:00,99.1,2,bid,,,11986278
2026-06-29T13:00:06.823839,2026-06-29T03:00:07.333134+00:00,99.1,2,bid,,,11986285
2026-06-29T13:00:07.029245,2026-06-29T03:00:07.531135+00:00,99.1,1,bid,,,11986289
2026-06-29T13:00:07.029245,2026-06-29T03:00:07.542134+00:00,99.2,1,bid,,,11986290
2026-06-29T13:00:07.235384,2026-06-29T03:00:07.740135+00:00,99.2,2,bid,,,11986292
2026-06-29T13:00:07.442453,2026-06-29T03:00:07.949134+00:00,99.2,2,bid,,,11986298
2026-06-29T13:00:08.186409,2026-06-29T03:00:08.695873+00:00,99.0,20,ask,,,11986314
2026-06-29T13:00:09.618969,2026-06-29T03:00:10.125378+00:00,99.1,6,bid,,,11986334
2026-06-29T13:00:09.618969,2026-06-29T03:00:10.125378+00:00,99.1,494,bid,,,11986335
2026-06-29T13:00:10.216076,2026-06-29T03:00:10.719387+00:00,99.1,131,bid,,,11986338
2026-06-29T13:00:10.251769,2026-06-29T03:00:10.763387+00:00,99.1,25,ask,,,11986339
2026-06-29T13:00:10.259262,2026-06-29T03:00:10.763387+00:00,99.2,2,bid,,,11986341
2026-06-29T13:00:10.465190,2026-06-29T03:00:10.972387+00:00,99.2,2,bid,,,11986344
2026-06-29T13:00:10.661562,2026-06-29T03:00:11.170378+00:00,99.1,4,ask,,,11986349
2026-06-29T13:00:10.669815,2026-06-29T03:00:11.181378+00:00,99.2,2,bid,,,11986351
2026-06-29T13:00:10.824993,2026-06-29T03:00:11.335377+00:00,99.2,194,bid,,,11986358
2026-06-29T13:00:10.824993,2026-06-29T03:00:11.335377+00:00,99.2,5,bid,,,11986359
2026-06-29T13:00:10.928342,2026-06-29T03:00:11.434377+00:00,99.2,200,ask,,,11986363
2026-06-29T13:00:11.830058,2026-06-29T03:00:12.336386+00:00,99.2,500,ask,,,11986389
2026-06-29T13:00:11.899616,2026-06-29T03:00:12.402378+00:00,99.2,2,bid,,,11986392
2026-06-29T13:00:12.023211,2026-06-29T03:00:12.534387+00:00,99.2,123,bid,,,11986395
2026-06-29T13:00:13.136273,2026-06-29T03:00:13.644943+00:00,99.3,200,bid,,,11986414
2026-06-29T13:00:13.136273,2026-06-29T03:00:13.644943+00:00,99.3,5,bid,,,11986415
2026-06-29T13:00:14.773653,2026-06-29T03:00:15.282934+00:00,99.3,20,bid,,,11986449
2026-06-29T13:00:15.923166,2026-06-29T03:00:16.426490+00:00,99.2,25,ask,,,11986470
2026-06-29T13:00:16.080376,2026-06-29T03:00:16.591490+00:00,99.2,25,ask,,,11986476
2026-06-29T13:00:16.132551,2026-06-29T03:00:16.635482+00:00,99.2,25,ask,,,11986480
2026-06-29T13:00:16.343113,2026-06-29T03:00:16.855490+00:00,99.2,2,ask,,,11986482
2026-06-29T13:00:17.097706,2026-06-29T03:00:17.603482+00:00,99.3,200,bid,,,11986491
2026-06-29T13:00:18.189794,2026-06-29T03:00:18.702013+00:00,99.3,200,ask,,,11986507
2026-06-29T13:00:18.407506,2026-06-29T03:00:18.911005+00:00,99.1,500,ask,,,11986510
2026-06-29T13:00:18.407506,2026-06-29T03:00:18.911005+00:00,99.1,125,ask,,,11986511
2026-06-29T13:00:20.519781,2026-06-29T03:00:21.034006+00:00,99.2,200,bid,,,11986552
2026-06-29T13:00:20.609473,2026-06-29T03:00:21.111005+00:00,99.3,200,bid,,,11986555
2026-06-29T13:00:21.704081,2026-06-29T03:00:22.211014+00:00,99.2,4,ask,,,11986571
2026-06-29T13:00:22.118299,2026-06-29T03:00:22.629013+00:00,99.2,3,ask,,,11986578
2026-06-29T13:00:22.359344,2026-06-29T03:00:22.871014+00:00,99.3,200,bid,,,11986583
2026-06-29T13:00:22.527470,2026-06-29T03:00:23.036005+00:00,99.3,3,ask,,,11986585
2026-06-29T13:00:24.701673,2026-06-29T03:00:25.213550+00:00,99.3,20,ask,,,11986613
2026-06-29T13:00:26.294796,2026-06-29T03:00:26.796621+00:00,99.3,500,ask,,,11986634
2026-06-29T13:00:26.563595,2026-06-29T03:00:27.071621+00:00,99.3,125,bid,,,11986636
2026-06-29T13:00:27.607713,2026-06-29T03:00:28.116620+00:00,99.5,20,bid,,,11986647
2026-06-29T13:00:29.149386,2026-06-29T03:00:29.655416+00:00,99.4,10,ask,,,11986675
2026-06-29T13:00:30.119932,2026-06-29T03:00:30.622930+00:00,99.4,1,ask,,,11986698
2026-06-29T13:00:30.119932,2026-06-29T03:00:30.633931+00:00,99.4,19,ask,,,11986699
2026-06-29T13:00:30.303118,2026-06-29T03:00:30.809049+00:00,99.4,200,ask,,,11986702
2026-06-29T13:00:31.532741,2026-06-29T03:00:32.040939+00:00,99.5,200,ask,,,11986724
2026-06-29T13:00:32.843833,2026-06-29T03:00:33.349468+00:00,99.4,7,ask,,,11986757
2026-06-29T13:00:32.843833,2026-06-29T03:00:33.349468+00:00,99.4,200,ask,,,11986758
2026-06-29T13:00:32.843833,2026-06-29T03:00:33.349468+00:00,99.3,418,ask,,,11986759
2026-06-29T13:00:33.569895,2026-06-29T03:00:34.074587+00:00,99.4,4,ask,,,11986760
2026-06-29T13:00:34.151510,2026-06-29T03:00:34.657587+00:00,99.5,200,bid,,,11986772
2026-06-29T13:00:35.139131,2026-06-29T03:00:35.658468+00:00,99.6,200,ask,,,11986793
2026-06-29T13:00:35.359784,2026-06-29T03:00:35.867477+00:00,99.7,2,bid,,,11986797
2026-06-29T13:00:36.772139,2026-06-29T03:00:37.275029+00:00,99.6,200,bid,,,11986818
2026-06-29T13:00:38.109064,2026-06-29T03:00:38.615613+00:00,99.5,200,ask,,,11986846
2026-06-29T13:00:41.205963,2026-06-29T03:00:41.717613+00:00,99.5,200,bid,,,11986930
2026-06-29T13:00:43.346386,2026-06-29T03:00:43.850843+00:00,99.5,200,ask,,,11986977
2026-06-29T13:00:43.625918,2026-06-29T03:00:44.136843+00:00,99.5,200,bid,,,11986988
2026-06-29T13:00:44.834439,2026-06-29T03:00:45.346733+00:00,99.6,200,ask,,,11987015
2026-06-29T13:00:46.040773,2026-06-29T03:00:46.545275+00:00,99.4,6,ask,,,11987046
2026-06-29T13:00:46.040773,2026-06-29T03:00:46.545275+00:00,99.4,194,ask,,,11987047
2026-06-29T13:00:46.467650,2026-06-29T03:00:46.974393+00:00,99.6,20,bid,,,11987055
2026-06-29T13:00:48.568368,2026-06-29T03:00:49.074073+00:00,99.6,20,bid,,,11987092
2026-06-29T13:00:50.713219,2026-06-29T03:00:51.219081+00:00,99.7,1,bid,,,11987151
2026-06-29T13:00:50.713219,2026-06-29T03:00:51.219081+00:00,99.7,41,bid,,,11987152
2026-06-29T13:00:50.869264,2026-06-29T03:00:51.373081+00:00,99.6,200,ask,,,11987159
2026-06-29T13:00:51.123742,2026-06-29T03:00:51.626081+00:00,99.7,7,bid,,,11987163
2026-06-29T13:00:51.219493,2026-06-29T03:00:51.736081+00:00,99.7,6,bid,,,11987170
2026-06-29T13:00:51.233800,2026-06-29T03:00:51.736081+00:00,99.6,2,bid,,,11987173
2026-06-29T13:00:51.233904,2026-06-29T03:00:51.747081+00:00,99.6,2,bid,,,11987174
2026-06-29T13:00:51.313821,2026-06-29T03:00:51.824072+00:00,99.6,52,bid,,,11987175
2026-06-29T13:00:51.412084,2026-06-29T03:00:51.923072+00:00,99.4,4,ask,,,11987179
2026-06-29T13:00:51.439284,2026-06-29T03:00:51.945072+00:00,99.6,2,bid,,,11987180
2026-06-29T13:00:51.439368,2026-06-29T03:00:51.945072+00:00,99.6,2,bid,,,11987181
2026-06-29T13:00:51.644070,2026-06-29T03:00:52.154081+00:00,99.6,2,bid,,,11987186
2026-06-29T13:00:51.647054,2026-06-29T03:00:52.154081+00:00,99.6,2,bid,,,11987187
2026-06-29T13:00:51.851549,2026-06-29T03:00:52.363081+00:00,99.6,2,bid,,,11987195
2026-06-29T13:00:52.056226,2026-06-29T03:00:52.561081+00:00,99.6,2,bid,,,11987198
2026-06-29T13:00:52.074866,2026-06-29T03:00:52.583081+00:00,99.6,200,bid,,,11987200
2026-06-29T13:00:52.262056,2026-06-29T03:00:52.770072+00:00,99.6,2,bid,,,11987202
2026-06-29T13:00:52.467764,2026-06-29T03:00:52.979081+00:00,99.6,2,bid,,,11987208
2026-06-29T13:00:53.083236,2026-06-29T03:00:53.593781+00:00,99.7,2,bid,,,11987221
2026-06-29T13:00:53.288284,2026-06-29T03:00:53.791773+00:00,99.7,1,bid,,,11987225
2026-06-29T13:00:53.288284,2026-06-29T03:00:53.802772+00:00,99.7,1,bid,,,11987226
2026-06-29T13:00:53.494082,2026-06-29T03:00:53.999772+00:00,99.7,2,bid,,,11987228
2026-06-29T13:00:53.699013,2026-06-29T03:00:54.208773+00:00,99.7,2,bid,,,11987230
2026-06-29T13:00:53.855129,2026-06-29T03:00:54.362781+00:00,99.6,200,ask,,,11987238
2026-06-29T13:00:54.495755,2026-06-29T03:00:55.000772+00:00,99.5,200,ask,,,11987245
2026-06-29T13:00:57.783929,2026-06-29T03:00:58.289910+00:00,99.7,200,bid,,,11987305
2026-06-29T13:00:57.783929,2026-06-29T03:00:58.289910+00:00,99.8,8,bid,,,11987306
2026-06-29T13:00:58.114697,2026-06-29T03:00:58.619471+00:00,99.8,200,ask,,,11987316
2026-06-29T13:00:58.261217,2026-06-29T03:00:58.773471+00:00,99.8,5,ask,,,11987317
2026-06-29T13:00:59.000168,2026-06-29T03:00:59.510471+00:00,99.9,6,bid,,,11987321
2026-06-29T13:01:00.542513,2026-06-29T03:01:01.050463+00:00,99.7,200,ask,,,11987345
2026-06-29T13:01:01.726800,2026-06-29T03:01:02.238004+00:00,99.7,500,ask,,,11987362
2026-06-29T13:01:01.757152,2026-06-29T03:01:02.260114+00:00,99.7,20,bid,,,11987364
2026-06-29T13:01:03.044961,2026-06-29T03:01:03.556471+00:00,99.8,200,bid,,,11987388
2026-06-29T13:01:03.044961,2026-06-29T03:01:03.556471+00:00,99.9,2,bid,,,11987389
2026-06-29T13:01:03.124150,2026-06-29T03:01:03.633471+00:00,99.9,22,ask,,,11987392
2026-06-29T13:01:03.127490,2026-06-29T03:01:03.633471+00:00,99.9,6,ask,,,11987393
2026-06-29T13:01:03.133384,2026-06-29T03:01:03.644471+00:00,100.1,2,bid,,,11987394
2026-06-29T13:01:03.339884,2026-06-29T03:01:03.842471+00:00,100.1,2,bid,,,11987403
2026-06-29T13:01:03.549348,2026-06-29T03:01:04.062482+00:00,100.1,2,bid,,,11987408
2026-06-29T13:01:03.756331,2026-06-29T03:01:04.260491+00:00,100.1,2,bid,,,11987413
2026-06-29T13:01:03.961689,2026-06-29T03:01:04.469491+00:00,100.1,2,bid,,,11987417
2026-06-29T13:01:04.161140,2026-06-29T03:01:04.667491+00:00,99.9,200,ask,,,11987422
2026-06-29T13:01:04.166398,2026-06-29T03:01:04.678491+00:00,100.1,2,bid,,,11987424
2026-06-29T13:01:04.360608,2026-06-29T03:01:04.865491+00:00,99.7,200,ask,,,11987430
2026-06-29T13:01:04.374055,2026-06-29T03:01:04.887491+00:00,99.7,25,bid,,,11987432
2026-06-29T13:01:04.377932,2026-06-29T03:01:04.887491+00:00,99.7,2,bid,,,11987433
2026-06-29T13:01:04.415067,2026-06-29T03:01:04.920491+00:00,99.7,35,bid,,,11987434
2026-06-29T13:01:04.489423,2026-06-29T03:01:04.997482+00:00,99.7,25,bid,,,11987438
2026-06-29T13:01:04.509928,2026-06-29T03:01:05.019483+00:00,99.7,35,bid,,,11987439
2026-06-29T13:01:04.586278,2026-06-29T03:01:05.096483+00:00,99.7,25,bid,,,11987445
2026-06-29T13:01:04.590156,2026-06-29T03:01:05.096483+00:00,99.7,2,bid,,,11987446
2026-06-29T13:01:04.605517,2026-06-29T03:01:05.107483+00:00,99.7,10,bid,,,11987447
2026-06-29T13:01:04.701234,2026-06-29T03:01:05.206491+00:00,99.7,25,bid,,,11987453
2026-06-29T13:01:04.714219,2026-06-29T03:01:05.217491+00:00,99.7,241,bid,,,11987454
2026-06-29T13:01:04.794696,2026-06-29T03:01:05.305491+00:00,99.9,1,bid,,,11987456
2026-06-29T13:01:05.000103,2026-06-29T03:01:05.503491+00:00,100.3,2,bid,,,11987459
2026-06-29T13:01:05.204361,2026-06-29T03:01:05.712491+00:00,100.3,2,bid,,,11987460
2026-06-29T13:01:05.410848,2026-06-29T03:01:05.921491+00:00,100.0,1,bid,,,11987465
2026-06-29T13:01:06.974070,2026-06-29T03:01:07.482180+00:00,100.0,200,bid,,,11987494
2026-06-29T13:01:06.974070,2026-06-29T03:01:07.482180+00:00,100.0,1,bid,,,11987495
2026-06-29T13:01:07.675628,2026-06-29T03:01:08.186179+00:00,100.0,20,ask,,,11987502
2026-06-29T13:01:07.799097,2026-06-29T03:01:08.306297+00:00,100.0,200,ask,,,11987507
2026-06-29T13:01:10.215906,2026-06-29T03:01:10.736106+00:00,99.9,200,ask,,,11987552
2026-06-29T13:01:14.848732,2026-06-29T03:01:15.353642+00:00,99.8,200,ask,,,11987632
2026-06-29T13:01:15.054422,2026-06-29T03:01:15.562642+00:00,99.8,200,bid,,,11987635
2026-06-29T13:01:15.887311,2026-06-29T03:01:16.397594+00:00,99.8,20,bid,,,11987649
2026-06-29T13:01:17.525853,2026-06-29T03:01:18.036594+00:00,99.8,35,ask,,,11987687
2026-06-29T13:01:17.530300,2026-06-29T03:01:18.036594+00:00,99.8,16,ask,,,11987688
2026-06-29T13:01:19.452739,2026-06-29T03:01:19.960217+00:00,99.9,20,bid,,,11987730
2026-06-29T13:01:21.114793,2026-06-29T03:01:21.620390+00:00,99.9,200,bid,,,11987761
2026-06-29T13:01:22.322307,2026-06-29T03:01:22.830348+00:00,99.8,200,bid,,,11987779
2026-06-29T13:01:23.530085,2026-06-29T03:01:24.050476+00:00,99.9,200,bid,,,11987802
2026-06-29T13:01:24.738745,2026-06-29T03:01:25.249475+00:00,99.8,200,bid,,,11987831
2026-06-29T13:01:25.347601,2026-06-29T03:01:25.854585+00:00,99.7,500,ask,,,11987835
2026-06-29T13:01:25.357952,2026-06-29T03:01:25.865585+00:00,99.7,25,bid,,,11987837
2026-06-29T13:01:25.386274,2026-06-29T03:01:25.898585+00:00,99.7,35,bid,,,11987840
2026-06-29T13:01:25.476352,2026-06-29T03:01:25.986585+00:00,99.7,23,bid,,,11987846
2026-06-29T13:01:25.485275,2026-06-29T03:01:25.997582+00:00,99.6,10,ask,,,11987848
2026-06-29T13:01:25.567617,2026-06-29T03:01:26.074523+00:00,99.7,25,bid,,,11987852
2026-06-29T13:01:25.570229,2026-06-29T03:01:26.074523+00:00,99.7,6,bid,,,11987853
2026-06-29T13:01:25.578004,2026-06-29T03:01:26.085523+00:00,99.5,19,ask,,,11987855
2026-06-29T13:01:25.657360,2026-06-29T03:01:26.162413+00:00,99.7,11,bid,,,11987860
2026-06-29T13:01:25.661719,2026-06-29T03:01:26.173523+00:00,100.0,1,bid,,,11987861
2026-06-29T13:01:25.661719,2026-06-29T03:01:26.173523+00:00,100.1,1,bid,,,11987862
2026-06-29T13:01:25.866956,2026-06-29T03:01:26.371405+00:00,100.1,2,bid,,,11987866
2026-06-29T13:01:26.071898,2026-06-29T03:01:26.579523+00:00,100.0,2,bid,,,11987870
2026-06-29T13:01:26.275403,2026-06-29T03:01:26.788523+00:00,100.0,2,bid,,,11987871
2026-06-29T13:01:26.480504,2026-06-29T03:01:26.986523+00:00,100.0,2,bid,,,11987876
2026-06-29T13:01:26.684446,2026-06-29T03:01:27.195523+00:00,100.0,2,bid,,,11987880
2026-06-29T13:01:26.895064,2026-06-29T03:01:27.404404+00:00,100.0,2,bid,,,11987884
2026-06-29T13:01:27.959312,2026-06-29T03:01:28.470871+00:00,99.9,200,bid,,,11987910
2026-06-29T13:01:28.371641,2026-06-29T03:01:28.877871+00:00,99.9,200,ask,,,11987917
2026-06-29T13:01:31.888366,2026-06-29T03:01:32.397882+00:00,99.8,200,ask,,,11987984
2026-06-29T13:01:31.916466,2026-06-29T03:01:32.419882+00:00,99.8,25,bid,,,11987986
2026-06-29T13:01:31.990036,2026-06-29T03:01:32.496882+00:00,99.8,25,bid,,,11987989
2026-06-29T13:01:32.125734,2026-06-29T03:01:32.629001+00:00,99.8,25,bid,,,11987992
2026-06-29T13:01:32.198581,2026-06-29T03:01:32.706001+00:00,99.8,25,bid,,,11987995
2026-06-29T13:01:32.333912,2026-06-29T03:01:32.838001+00:00,99.8,25,bid,,,11987998
2026-06-29T13:01:39.797110,2026-06-29T03:01:40.305651+00:00,99.7,8,ask,,,11988169
2026-06-29T13:01:41.110278,2026-06-29T03:01:41.614642+00:00,99.6,10,ask,,,11988197
2026-06-29T13:01:41.110278,2026-06-29T03:01:41.614642+00:00,99.6,200,ask,,,11988198
2026-06-29T13:01:41.157757,2026-06-29T03:01:41.669642+00:00,99.6,25,bid,,,11988201
2026-06-29T13:01:41.165866,2026-06-29T03:01:41.669642+00:00,99.4,2,ask,,,11988204
2026-06-29T13:01:41.371514,2026-06-29T03:01:41.889651+00:00,99.4,2,ask,,,11988207
2026-06-29T13:01:41.575956,2026-06-29T03:01:42.087642+00:00,99.4,2,ask,,,11988211
2026-06-29T13:01:41.782565,2026-06-29T03:01:42.285651+00:00,99.5,2,ask,,,11988219
2026-06-29T13:01:41.987609,2026-06-29T03:01:42.494650+00:00,99.5,2,ask,,,11988225
2026-06-29T13:01:42.192308,2026-06-29T03:01:42.703642+00:00,99.5,2,ask,,,11988231
2026-06-29T13:01:42.396559,2026-06-29T03:01:42.901651+00:00,99.5,2,ask,,,11988235
2026-06-29T13:01:42.601910,2026-06-29T03:01:43.110651+00:00,99.5,2,ask,,,11988245
2026-06-29T13:01:42.806612,2026-06-29T03:01:43.318771+00:00,99.5,2,ask,,,11988248
2026-06-29T13:01:42.902470,2026-06-29T03:01:43.406771+00:00,99.6,200,bid,,,11988251
2026-06-29T13:01:43.012166,2026-06-29T03:01:43.516771+00:00,99.5,2,ask,,,11988255
2026-06-29T13:01:43.216683,2026-06-29T03:01:43.725277+00:00,99.5,1,ask,,,11988259
2026-06-29T13:01:45.051776,2026-06-29T03:01:45.562395+00:00,99.7,200,bid,,,11988283
2026-06-29T13:01:45.274011,2026-06-29T03:01:45.782277+00:00,99.7,425,ask,,,11988288
2026-06-29T13:01:45.320190,2026-06-29T03:01:45.826277+00:00,99.7,75,bid,,,11988292
2026-06-29T13:01:45.869993,2026-06-29T03:01:46.375171+00:00,99.7,125,ask,,,11988298
2026-06-29T13:01:47.480844,2026-06-29T03:01:47.991182+00:00,99.6,20,ask,,,11988334
2026-06-29T13:01:47.648546,2026-06-29T03:01:48.156301+00:00,99.6,146,ask,,,11988341
2026-06-29T13:01:54.031120,2026-06-29T03:01:54.544104+00:00,99.6,31,ask,,,11988476
2026-06-29T13:01:54.041036,2026-06-29T03:01:54.544104+00:00,99.6,25,ask,,,11988477
2026-06-29T13:01:54.049259,2026-06-29T03:01:54.555104+00:00,99.6,25,ask,,,11988479
2026-06-29T13:01:54.251144,2026-06-29T03:01:54.764095+00:00,99.6,25,ask,,,11988484
2026-06-29T13:01:54.269572,2026-06-29T03:01:54.786095+00:00,99.6,25,ask,,,11988487
2026-06-29T13:01:54.462605,2026-06-29T03:01:54.973095+00:00,99.6,25,ask,,,11988499
2026-06-29T13:01:54.488972,2026-06-29T03:01:54.995095+00:00,99.6,25,ask,,,11988502
2026-06-29T13:01:54.681563,2026-06-29T03:01:55.193104+00:00,99.6,19,ask,,,11988506
2026-06-29T13:01:54.681563,2026-06-29T03:01:55.193104+00:00,99.6,6,ask,,,11988507
2026-06-29T13:01:54.698904,2026-06-29T03:01:55.204104+00:00,99.6,25,ask,,,11988510
2026-06-29T13:01:54.896249,2026-06-29T03:01:55.402104+00:00,99.6,25,ask,,,11988514
2026-06-29T13:01:54.905571,2026-06-29T03:01:55.413104+00:00,99.8,2,bid,,,11988516
2026-06-29T13:01:54.994635,2026-06-29T03:01:55.501104+00:00,99.6,200,ask,,,11988524
2026-06-29T13:01:55.109693,2026-06-29T03:01:55.622104+00:00,99.8,2,bid,,,11988528
2026-06-29T13:01:55.315403,2026-06-29T03:01:55.830610+00:00,99.8,2,bid,,,11988529
2026-06-29T13:01:56.905817,2026-06-29T03:01:57.413307+00:00,99.5,7,ask,,,11988552
2026-06-29T13:01:56.905817,2026-06-29T03:01:57.413307+00:00,99.5,200,ask,,,11988553
2026-06-29T13:01:58.715293,2026-06-29T03:01:59.227080+00:00,99.5,25,ask,,,11988582
2026-06-29T13:01:58.726107,2026-06-29T03:01:59.238079+00:00,99.5,25,ask,,,11988584
2026-06-29T13:01:58.946437,2026-06-29T03:01:59.457970+00:00,99.5,25,ask,,,11988587
2026-06-29T13:01:59.155766,2026-06-29T03:01:59.666970+00:00,99.5,7,ask,,,11988590
2026-06-29T13:01:59.832157,2026-06-29T03:02:00.337970+00:00,99.6,200,bid,,,11988613
2026-06-29T13:02:07.093477,2026-06-29T03:02:07.606425+00:00,99.6,200,ask,,,11988746
2026-06-29T13:02:08.893539,2026-06-29T03:02:09.398125+00:00,99.5,20,ask,,,11988767
2026-06-29T13:02:09.749123,2026-06-29T03:02:10.256083+00:00,99.6,25,bid,,,11988790
2026-06-29T13:02:09.752476,2026-06-29T03:02:10.256083+00:00,99.6,35,bid,,,11988791
2026-06-29T13:02:09.787741,2026-06-29T03:02:10.300091+00:00,99.6,25,bid,,,11988794
2026-06-29T13:02:09.840058,2026-06-29T03:02:10.344091+00:00,99.6,35,bid,,,11988797
2026-06-29T13:02:09.927549,2026-06-29T03:02:10.432091+00:00,99.6,28,bid,,,11988801
2026-06-29T13:02:10.022909,2026-06-29T03:02:10.531091+00:00,99.5,500,ask,,,11988809
2026-06-29T13:02:10.070925,2026-06-29T03:02:10.575091+00:00,99.5,125,bid,,,11988810
2026-06-29T13:02:10.070925,2026-06-29T03:02:10.575091+00:00,99.6,52,bid,,,11988811
2026-06-29T13:02:10.139544,2026-06-29T03:02:10.652091+00:00,99.8,1,bid,,,11988815
2026-06-29T13:02:13.151656,2026-06-29T03:02:13.654698+00:00,99.6,200,ask,,,11988876
2026-06-29T13:02:14.361377,2026-06-29T03:02:14.864697+00:00,99.7,200,bid,,,11988896
2026-06-29T13:02:15.569285,2026-06-29T03:02:16.074248+00:00,99.7,200,bid,,,11988915
2026-06-29T13:02:17.754996,2026-06-29T03:02:18.263258+00:00,99.8,2,bid,,,11988976
2026-06-29T13:02:17.754996,2026-06-29T03:02:18.263258+00:00,99.8,18,bid,,,11988977
2026-06-29T13:02:20.510087,2026-06-29T03:02:21.023335+00:00,99.7,500,ask,,,11989040
2026-06-29T13:02:20.510087,2026-06-29T03:02:21.023335+00:00,99.7,125,ask,,,11989041
2026-06-29T13:02:21.583736,2026-06-29T03:02:22.090335+00:00,99.8,4,bid,,,11989063
2026-06-29T13:02:23.127953,2026-06-29T03:02:23.639066+00:00,99.9,9,bid,,,11989089
2026-06-29T13:02:23.127953,2026-06-29T03:02:23.639066+00:00,99.9,200,bid,,,11989090
2026-06-29T13:02:23.161664,2026-06-29T03:02:23.672066+00:00,99.9,6,ask,,,11989092
2026-06-29T13:02:24.035985,2026-06-29T03:02:24.540650+00:00,100.1,200,bid,,,11989119
2026-06-29T13:02:25.247397,2026-06-29T03:02:25.750659+00:00,100.0,3,bid,,,11989135
2026-06-29T13:02:26.463585,2026-06-29T03:02:26.971216+00:00,100.1,200,bid,,,11989153
2026-06-29T13:02:27.075678,2026-06-29T03:02:27.587216+00:00,100.1,4,bid,,,11989171
2026-06-29T13:02:27.680110,2026-06-29T03:02:28.192217+00:00,100.1,200,ask,,,11989179
2026-06-29T13:02:27.790396,2026-06-29T03:02:28.302207+00:00,100.1,20,ask,,,11989180
2026-06-29T13:02:29.645952,2026-06-29T03:02:30.160220+00:00,100.0,20,ask,,,11989206
2026-06-29T13:02:29.699442,2026-06-29T03:02:30.204220+00:00,100.1,200,bid,,,11989207
2026-06-29T13:02:29.742223,2026-06-29T03:02:30.248220+00:00,100.1,2,ask,,,11989209
2026-06-29T13:02:29.791408,2026-06-29T03:02:30.303220+00:00,100.1,2,ask,,,11989210
2026-06-29T13:02:32.328559,2026-06-29T03:02:32.844220+00:00,100.1,200,bid,,,11989271
2026-06-29T13:02:32.396185,2026-06-29T03:02:32.899220+00:00,100.1,2,ask,,,11989275
2026-06-29T13:02:32.432272,2026-06-29T03:02:32.943220+00:00,100.1,25,ask,,,11989276
2026-06-29T13:02:32.485752,2026-06-29T03:02:32.998217+00:00,100.1,2,ask,,,11989280
2026-06-29T13:02:32.540359,2026-06-29T03:02:33.053211+00:00,100.1,200,ask,,,11989284
2026-06-29T13:02:32.574417,2026-06-29T03:02:33.086211+00:00,100.1,2,ask,,,11989286
2026-06-29T13:02:33.689337,2026-06-29T03:02:34.197358+00:00,100.1,2,bid,,,11989311
2026-06-29T13:02:33.747024,2026-06-29T03:02:34.252358+00:00,100.1,200,bid,,,11989314
2026-06-29T13:02:33.893979,2026-06-29T03:02:34.406349+00:00,100.1,2,bid,,,11989318
2026-06-29T13:02:34.098583,2026-06-29T03:02:34.603350+00:00,100.1,2,bid,,,11989326
2026-06-29T13:02:34.336005,2026-06-29T03:02:34.845358+00:00,100.1,2,bid,,,11989338
2026-06-29T13:02:34.541578,2026-06-29T03:02:35.054358+00:00,100.1,2,bid,,,11989342
2026-06-29T13:02:34.746630,2026-06-29T03:02:35.252358+00:00,100.1,1,bid,,,11989344
2026-06-29T13:02:34.965508,2026-06-29T03:02:35.482882+00:00,100.2,1,bid,,,11989348
2026-06-29T13:02:34.973078,2026-06-29T03:02:35.482882+00:00,100.2,199,ask,,,11989349
2026-06-29T13:02:37.885185,2026-06-29T03:02:38.395123+00:00,100.2,20,bid,,,11989392
2026-06-29T13:02:44.160019,2026-06-29T03:02:44.663621+00:00,100.1,200,ask,,,11989506
2026-06-29T13:02:44.160019,2026-06-29T03:02:44.674621+00:00,100.0,6,ask,,,11989507
2026-06-29T13:02:44.172048,2026-06-29T03:02:44.674621+00:00,100.0,25,bid,,,11989509
2026-06-29T13:02:44.199254,2026-06-29T03:02:44.707621+00:00,100.0,35,bid,,,11989510
2026-06-29T13:02:44.231470,2026-06-29T03:02:44.740621+00:00,100.0,25,bid,,,11989514
2026-06-29T13:02:44.288309,2026-06-29T03:02:44.795621+00:00,100.0,15,bid,,,11989515
2026-06-29T13:02:44.659939,2026-06-29T03:02:45.169621+00:00,100.0,200,bid,,,11989528
2026-06-29T13:02:47.089598,2026-06-29T03:02:47.600294+00:00,100.1,200,bid,,,11989566
2026-06-29T13:02:48.296657,2026-06-29T03:02:48.799214+00:00,100.1,200,bid,,,11989589
2026-06-29T13:02:50.094222,2026-06-29T03:02:50.603223+00:00,100.2,8,bid,,,11989624
2026-06-29T13:02:50.207677,2026-06-29T03:02:50.712747+00:00,100.2,8,bid,,,11989631
2026-06-29T13:02:50.314425,2026-06-29T03:02:50.822756+00:00,100.2,8,bid,,,11989638
2026-06-29T13:02:50.421799,2026-06-29T03:02:50.932756+00:00,100.2,8,bid,,,11989645
2026-06-29T13:02:50.722891,2026-06-29T03:02:51.229756+00:00,100.1,200,bid,,,11989657
2026-06-29T13:02:51.929859,2026-06-29T03:02:52.439756+00:00,100.1,200,bid,,,11989686
2026-06-29T13:02:51.969634,2026-06-29T03:02:52.472756+00:00,100.1,8,bid,,,11989688
2026-06-29T13:02:52.076480,2026-06-29T03:02:52.582756+00:00,100.3,2,bid,,,11989694
2026-06-29T13:02:52.076480,2026-06-29T03:02:52.582756+00:00,100.3,4,bid,,,11989695
2026-06-29T13:02:53.139501,2026-06-29T03:02:53.649884+00:00,100.2,200,ask,,,11989716
2026-06-29T13:02:53.328954,2026-06-29T03:02:53.836875+00:00,100.3,5,bid,,,11989721
2026-06-29T13:02:53.338287,2026-06-29T03:02:53.847875+00:00,100.1,500,ask,,,11989722
2026-06-29T13:02:53.680462,2026-06-29T03:02:54.188884+00:00,100.1,125,bid,,,11989727
2026-06-29T13:02:54.645141,2026-06-29T03:02:55.156884+00:00,100.2,200,bid,,,11989757
2026-06-29T13:02:55.551263,2026-06-29T03:02:56.058884+00:00,100.2,200,ask,,,11989776
2026-06-29T13:02:59.890435,2026-06-29T03:03:00.394086+00:00,100.0,1,ask,,,11989848
2026-06-29T13:02:59.890435,2026-06-29T03:03:00.405085+00:00,99.9,200,ask,,,11989849
2026-06-29T13:02:59.890435,2026-06-29T03:03:00.405085+00:00,99.9,424,ask,,,11989850
2026-06-29T13:03:00.409355,2026-06-29T03:03:00.922077+00:00,100.0,8,ask,,,11989859
2026-06-29T13:03:00.409355,2026-06-29T03:03:00.922077+00:00,100.0,192,ask,,,11989860
2026-06-29T13:03:01.623024,2026-06-29T03:03:02.132195+00:00,100.0,8,ask,,,11989891
2026-06-29T13:03:01.623024,2026-06-29T03:03:02.132195+00:00,100.0,192,ask,,,11989892
2026-06-29T13:03:02.507144,2026-06-29T03:03:03.010591+00:00,100.0,500,ask,,,11989911
2026-06-29T13:03:02.507144,2026-06-29T03:03:03.021591+00:00,100.0,4,ask,,,11989912
2026-06-29T13:03:03.816293,2026-06-29T03:03:04.329557+00:00,100.0,200,bid,,,11989933
2026-06-29T13:03:03.869857,2026-06-29T03:03:04.373676+00:00,100.2,25,ask,,,11989934
2026-06-29T13:03:03.901042,2026-06-29T03:03:04.406676+00:00,100.2,35,ask,,,11989939
2026-06-29T13:03:04.009948,2026-06-29T03:03:04.516676+00:00,100.2,35,ask,,,11989944
2026-06-29T13:03:04.012610,2026-06-29T03:03:04.516676+00:00,100.2,25,ask,,,11989945
2026-06-29T13:03:04.050773,2026-06-29T03:03:04.560676+00:00,100.2,200,ask,,,11989949
2026-06-29T13:03:04.081130,2026-06-29T03:03:04.593676+00:00,100.2,25,ask,,,11989950
2026-06-29T13:03:04.098047,2026-06-29T03:03:04.604676+00:00,100.2,5,ask,,,11989955
2026-06-29T13:03:05.129805,2026-06-29T03:03:05.638567+00:00,100.0,500,ask,,,11989976
2026-06-29T13:03:05.129805,2026-06-29T03:03:05.638567+00:00,99.9,2,ask,,,11989977
2026-06-29T13:03:05.129805,2026-06-29T03:03:05.649566+00:00,99.9,123,ask,,,11989978
2026-06-29T13:03:06.466545,2026-06-29T03:03:06.978474+00:00,100.2,200,bid,,,11990011
2026-06-29T13:03:06.488128,2026-06-29T03:03:07.000473+00:00,100.2,200,ask,,,11990014
2026-06-29T13:03:06.746411,2026-06-29T03:03:07.253483+00:00,100.4,35,bid,,,11990017
2026-06-29T13:03:06.829830,2026-06-29T03:03:07.341482+00:00,100.4,25,bid,,,11990020
2026-06-29T13:03:06.834657,2026-06-29T03:03:07.341482+00:00,100.4,35,bid,,,11990021
2026-06-29T13:03:06.899003,2026-06-29T03:03:07.407482+00:00,100.4,25,bid,,,11990024
2026-06-29T13:03:06.922594,2026-06-29T03:03:07.429483+00:00,100.4,25,bid,,,11990025
2026-06-29T13:03:07.047575,2026-06-29T03:03:07.561482+00:00,100.4,25,bid,,,11990032
2026-06-29T13:03:07.052969,2026-06-29T03:03:07.561482+00:00,100.2,2,ask,,,11990033
2026-06-29T13:03:07.257503,2026-06-29T03:03:07.770482+00:00,100.2,2,ask,,,11990036
2026-06-29T13:03:07.468115,2026-06-29T03:03:07.979473+00:00,100.2,2,ask,,,11990038
2026-06-29T13:03:07.673753,2026-06-29T03:03:08.177473+00:00,100.2,2,ask,,,11990039
2026-06-29T13:03:07.697650,2026-06-29T03:03:08.210473+00:00,100.2,200,ask,,,11990041
2026-06-29T13:03:08.904986,2026-06-29T03:03:09.409013+00:00,100.2,200,bid,,,11990070
2026-06-29T13:03:10.407290,2026-06-29T03:03:10.916131+00:00,100.1,200,ask,,,11990098
2026-06-29T13:03:11.322578,2026-06-29T03:03:11.828130+00:00,100.1,200,bid,,,11990114
2026-06-29T13:03:12.545355,2026-06-29T03:03:13.048527+00:00,100.2,5,bid,,,11990139
2026-06-29T13:03:12.545355,2026-06-29T03:03:13.059527+00:00,100.2,195,bid,,,11990140
2026-06-29T13:03:13.123260,2026-06-29T03:03:13.630261+00:00,100.2,25,bid,,,11990154
2026-06-29T13:03:13.143712,2026-06-29T03:03:13.652261+00:00,100.2,25,bid,,,11990156
2026-06-29T13:03:13.333658,2026-06-29T03:03:13.839261+00:00,100.2,25,bid,,,11990164
2026-06-29T13:03:13.353051,2026-06-29T03:03:13.861261+00:00,100.2,25,bid,,,11990166
2026-06-29T13:03:16.033592,2026-06-29T03:03:16.544801+00:00,100.2,20,ask,,,11990229
2026-06-29T13:03:18.285159,2026-06-29T03:03:18.787888+00:00,100.3,5,bid,,,11990271
2026-06-29T13:03:18.602264,2026-06-29T03:03:19.117879+00:00,100.4,5,bid,,,11990278
2026-06-29T13:03:19.609096,2026-06-29T03:03:20.118879+00:00,100.4,195,ask,,,11990309
2026-06-29T13:03:20.922537,2026-06-29T03:03:21.427018+00:00,100.3,200,ask,,,11990327
2026-06-29T13:03:20.963860,2026-06-29T03:03:21.471019+00:00,100.3,25,bid,,,11990329
2026-06-29T13:03:20.977424,2026-06-29T03:03:21.482019+00:00,100.3,25,bid,,,11990331
2026-06-29T13:03:21.173960,2026-06-29T03:03:21.680019+00:00,100.3,25,bid,,,11990334
2026-06-29T13:03:21.185826,2026-06-29T03:03:21.691019+00:00,100.3,25,bid,,,11990336
2026-06-29T13:03:21.384884,2026-06-29T03:03:21.888900+00:00,100.3,25,bid,,,11990343
2026-06-29T13:03:21.393894,2026-06-29T03:03:21.900018+00:00,100.3,25,bid,,,11990345
2026-06-29T13:03:22.591415,2026-06-29T03:03:23.098909+00:00,100.4,25,ask,,,11990374
2026-06-29T13:03:22.600423,2026-06-29T03:03:23.109909+00:00,100.4,25,ask,,,11990376
2026-06-29T13:03:22.614063,2026-06-29T03:03:23.120909+00:00,100.4,35,ask,,,11990379
2026-06-29T13:03:22.704090,2026-06-29T03:03:23.208900+00:00,100.4,35,ask,,,11990381
2026-06-29T13:03:22.792919,2026-06-29T03:03:23.296900+00:00,100.4,30,ask,,,11990388
2026-06-29T13:03:24.653648,2026-06-29T03:03:25.165471+00:00,100.3,200,ask,,,11990414
2026-06-29T13:03:27.083725,2026-06-29T03:03:27.596015+00:00,100.2,200,ask,,,11990455
2026-06-29T13:03:27.600887,2026-06-29T03:03:28.113024+00:00,100.3,500,bid,,,11990462
2026-06-29T13:03:28.198842,2026-06-29T03:03:28.707115+00:00,100.3,125,bid,,,11990476
2026-06-29T13:03:28.291974,2026-06-29T03:03:28.795116+00:00,100.3,200,ask,,,11990482
2026-06-29T13:03:28.786133,2026-06-29T03:03:29.290107+00:00,100.4,1,bid,,,11990492
2026-06-29T13:03:29.498447,2026-06-29T03:03:30.005116+00:00,100.6,200,ask,,,11990513
2026-06-29T13:03:30.709667,2026-06-29T03:03:31.215127+00:00,100.7,200,ask,,,11990541
2026-06-29T13:03:31.921566,2026-06-29T03:03:32.425136+00:00,100.6,200,ask,,,11990561
2026-06-29T13:03:32.042395,2026-06-29T03:03:32.546137+00:00,100.8,100,bid,,,11990566
2026-06-29T13:03:33.128707,2026-06-29T03:03:33.634217+00:00,100.6,200,ask,,,11990584
2026-06-29T13:03:34.873356,2026-06-29T03:03:35.382736+00:00,100.7,1,bid,,,11990612
2026-06-29T13:03:34.873356,2026-06-29T03:03:35.382736+00:00,100.7,19,bid,,,11990613
2026-06-29T13:03:36.660064,2026-06-29T03:03:37.175307+00:00,100.7,3,bid,,,11990646
2026-06-29T13:03:37.880258,2026-06-29T03:03:38.385447+00:00,100.7,500,ask,,,11990676
2026-06-29T13:03:37.981801,2026-06-29T03:03:38.484438+00:00,100.5,200,bid,,,11990679
2026-06-29T13:03:38.034540,2026-06-29T03:03:38.539438+00:00,100.5,25,bid,,,11990682
2026-06-29T13:03:38.040802,2026-06-29T03:03:38.550437+00:00,100.5,25,bid,,,11990684
2026-06-29T13:03:38.243939,2026-06-29T03:03:38.748438+00:00,100.5,25,bid,,,11990698
2026-06-29T13:03:38.250430,2026-06-29T03:03:38.759446+00:00,100.5,22,bid,,,11990700
2026-06-29T13:03:39.282013,2026-06-29T03:03:39.793447+00:00,100.4,200,bid,,,11990723
2026-06-29T13:03:40.109025,2026-06-29T03:03:40.618557+00:00,100.5,20,ask,,,11990741
2026-06-29T13:03:40.410220,2026-06-29T03:03:40.926556+00:00,100.5,200,ask,,,11990755
2026-06-29T13:03:41.909469,2026-06-29T03:03:42.422577+00:00,100.5,200,bid,,,11990777
2026-06-29T13:03:44.719039,2026-06-29T03:03:45.226826+00:00,100.5,150,ask,,,11990855
2026-06-29T13:03:51.284174,2026-06-29T03:03:51.790642+00:00,100.8,1,bid,,,11990987
2026-06-29T13:03:51.284174,2026-06-29T03:03:51.790642+00:00,100.8,199,bid,,,11990988
2026-06-29T13:03:53.740772,2026-06-29T03:03:54.252877+00:00,100.7,200,ask,,,11991033
2026-06-29T13:03:54.263523,2026-06-29T03:03:54.769868+00:00,100.5,10,ask,,,11991047
2026-06-29T13:03:54.263523,2026-06-29T03:03:54.769868+00:00,100.5,17,ask,,,11991048
2026-06-29T13:03:54.280878,2026-06-29T03:03:54.791868+00:00,100.5,19,ask,,,11991049
2026-06-29T13:03:54.283427,2026-06-29T03:03:54.791868+00:00,100.5,25,ask,,,11991050
2026-06-29T13:03:54.289783,2026-06-29T03:03:54.802867+00:00,100.7,2,bid,,,11991052
2026-06-29T13:03:54.493931,2026-06-29T03:03:55.000868+00:00,100.7,2,bid,,,11991063
2026-06-29T13:03:54.699974,2026-06-29T03:03:55.209877+00:00,100.7,2,bid,,,11991065
2026-06-29T13:03:54.907311,2026-06-29T03:03:55.418877+00:00,100.7,2,bid,,,11991072
2026-06-29T13:03:54.910606,2026-06-29T03:03:55.429877+00:00,100.7,200,bid,,,11991073
2026-06-29T13:03:55.091524,2026-06-29T03:03:55.605877+00:00,100.8,25,ask,,,11991081
2026-06-29T13:03:55.111528,2026-06-29T03:03:55.616877+00:00,100.8,25,ask,,,11991084
2026-06-29T13:03:55.300299,2026-06-29T03:03:55.803868+00:00,100.8,25,ask,,,11991087
2026-06-29T13:03:55.325325,2026-06-29T03:03:55.836867+00:00,100.8,25,ask,,,11991089
2026-06-29T13:03:55.334435,2026-06-29T03:03:55.847868+00:00,100.9,2,bid,,,11991091
2026-06-29T13:03:55.539177,2026-06-29T03:03:56.045877+00:00,100.9,2,bid,,,11991092
2026-06-29T13:03:55.742547,2026-06-29T03:03:56.254443+00:00,100.9,2,bid,,,11991096
2026-06-29T13:03:55.947195,2026-06-29T03:03:56.452443+00:00,100.9,2,bid,,,11991100
2026-06-29T13:03:56.119977,2026-06-29T03:03:56.628443+00:00,100.8,200,ask,,,11991104
2026-06-29T13:03:56.152606,2026-06-29T03:03:56.661443+00:00,100.9,2,bid,,,11991105
2026-06-29T13:03:56.359359,2026-06-29T03:03:56.870455+00:00,100.9,2,bid,,,11991106
2026-06-29T13:03:56.563754,2026-06-29T03:03:57.067574+00:00,100.9,2,bid,,,11991110
2026-06-29T13:03:56.769040,2026-06-29T03:03:57.276455+00:00,100.9,1,bid,,,11991116
2026-06-29T13:03:56.769040,2026-06-29T03:03:57.276455+00:00,100.9,1,bid,,,11991117
2026-06-29T13:03:56.976841,2026-06-29T03:03:57.485454+00:00,100.9,1,bid,,,11991123
2026-06-29T13:03:58.540647,2026-06-29T03:03:59.045733+00:00,100.7,200,bid,,,11991147
2026-06-29T13:04:03.386226,2026-06-29T03:04:03.894375+00:00,100.6,200,ask,,,11991234
2026-06-29T13:04:03.632756,2026-06-29T03:04:04.146494+00:00,100.8,4,bid,,,11991239
2026-06-29T13:04:03.632756,2026-06-29T03:04:04.146494+00:00,100.8,144,bid,,,11991240
2026-06-29T13:04:05.558599,2026-06-29T03:04:06.071624+00:00,100.7,500,bid,,,11991282
2026-06-29T13:04:06.874714,2026-06-29T03:04:07.378625+00:00,100.6,200,ask,,,11991301
2026-06-29T13:04:06.927810,2026-06-29T03:04:07.433625+00:00,100.6,29,bid,,,11991303
2026-06-29T13:04:06.983363,2026-06-29T03:04:07.488624+00:00,100.6,25,bid,,,11991310
2026-06-29T13:04:07.011007,2026-06-29T03:04:07.521514+00:00,100.6,25,bid,,,11991315
2026-06-29T13:04:07.014265,2026-06-29T03:04:07.521514+00:00,100.5,2,ask,,,11991316
2026-06-29T13:04:07.195163,2026-06-29T03:04:07.708514+00:00,100.5,3,bid,,,11991324
2026-06-29T13:04:07.404685,2026-06-29T03:04:07.917518+00:00,100.5,2,bid,,,11991331
2026-06-29T13:04:08.188187,2026-06-29T03:04:08.698119+00:00,100.5,193,bid,,,11991349
2026-06-29T13:04:08.188187,2026-06-29T03:04:08.698119+00:00,100.8,3,bid,,,11991350
2026-06-29T13:04:08.224092,2026-06-29T03:04:08.731123+00:00,100.8,200,ask,,,11991351
2026-06-29T13:04:09.142496,2026-06-29T03:04:09.655096+00:00,100.8,8,ask,,,11991363
2026-06-29T13:04:09.251597,2026-06-29T03:04:09.765104+00:00,100.8,8,ask,,,11991371
2026-06-29T13:04:09.433692,2026-06-29T03:04:09.952094+00:00,100.8,200,ask,,,11991382
2026-06-29T13:04:10.727542,2026-06-29T03:04:11.239234+00:00,100.6,35,ask,,,11991400
2026-06-29T13:04:10.817126,2026-06-29T03:04:11.327234+00:00,100.6,15,ask,,,11991402
2026-06-29T13:04:10.822315,2026-06-29T03:04:11.327234+00:00,100.6,15,ask,,,11991403
2026-06-29T13:04:10.826458,2026-06-29T03:04:11.338233+00:00,100.7,2,bid,,,11991404
2026-06-29T13:04:11.031138,2026-06-29T03:04:11.536234+00:00,100.7,2,bid,,,11991407
2026-06-29T13:04:11.237818,2026-06-29T03:04:11.745124+00:00,100.7,2,bid,,,11991409
2026-06-29T13:04:11.442476,2026-06-29T03:04:11.954115+00:00,100.7,2,bid,,,11991414
2026-06-29T13:04:11.647161,2026-06-29T03:04:12.152115+00:00,100.7,2,bid,,,11991418
2026-06-29T13:04:11.854048,2026-06-29T03:04:12.361115+00:00,100.7,2,bid,,,11991424
2026-06-29T13:04:12.058774,2026-06-29T03:04:12.570234+00:00,100.7,2,bid,,,11991433
2026-06-29T13:04:12.263506,2026-06-29T03:04:12.768234+00:00,100.7,1,bid,,,11991436
2026-06-29T13:04:16.357275,2026-06-29T03:04:16.870118+00:00,100.6,35,bid,,,11991497
2026-06-29T13:04:16.437970,2026-06-29T03:04:16.947117+00:00,100.6,25,bid,,,11991500
2026-06-29T13:04:16.446418,2026-06-29T03:04:16.958117+00:00,100.6,31,bid,,,11991501
2026-06-29T13:04:16.479413,2026-06-29T03:04:16.991118+00:00,100.6,25,bid,,,11991505
2026-06-29T13:04:16.688899,2026-06-29T03:04:17.200108+00:00,100.6,25,bid,,,11991512
2026-06-29T13:04:18.685102,2026-06-29T03:04:19.188589+00:00,100.7,200,bid,,,11991544
2026-06-29T13:04:19.997548,2026-06-29T03:04:20.508588+00:00,100.7,200,ask,,,11991573
2026-06-29T13:04:20.325353,2026-06-29T03:04:20.838588+00:00,100.7,200,bid,,,11991578
2026-06-29T13:04:22.615335,2026-06-29T03:04:23.125107+00:00,100.8,10,bid,,,11991618
2026-06-29T13:04:22.615335,2026-06-29T03:04:23.125107+00:00,100.8,200,bid,,,11991619
2026-06-29T13:04:22.653129,2026-06-29T03:04:23.158107+00:00,100.8,25,ask,,,11991620
2026-06-29T13:04:23.031404,2026-06-29T03:04:23.541396+00:00,100.8,20,ask,,,11991629
2026-06-29T13:04:23.164850,2026-06-29T03:04:23.673396+00:00,100.8,35,ask,,,11991635
2026-06-29T13:04:23.264116,2026-06-29T03:04:23.772395+00:00,100.8,35,ask,,,11991641
2026-06-29T13:04:23.276340,2026-06-29T03:04:23.783325+00:00,100.8,25,ask,,,11991642
2026-06-29T13:04:23.316301,2026-06-29T03:04:23.827286+00:00,100.8,3,ask,,,11991645
2026-06-29T13:04:23.945577,2026-06-29T03:04:24.454277+00:00,100.8,200,ask,,,11991661
2026-06-29T13:04:24.127277,2026-06-29T03:04:24.640396+00:00,100.8,2,bid,,,11991664
2026-06-29T13:04:24.332501,2026-06-29T03:04:24.838395+00:00,100.8,2,bid,,,11991667
2026-06-29T13:04:25.168978,2026-06-29T03:04:25.673805+00:00,100.8,200,bid,,,11991685
2026-06-29T13:04:25.253292,2026-06-29T03:04:25.761804+00:00,100.9,8,bid,,,11991688
2026-06-29T13:04:27.600123,2026-06-29T03:04:28.104368+00:00,100.9,8,ask,,,11991742
2026-06-29T13:04:28.803003,2026-06-29T03:04:29.313891+00:00,101.0,200,bid,,,11991761
2026-06-29T13:04:29.873338,2026-06-29T03:04:30.380891+00:00,100.9,3,bid,,,11991778
2026-06-29T13:04:31.309580,2026-06-29T03:04:31.822044+00:00,100.9,8,ask,,,11991800
2026-06-29T13:04:31.351154,2026-06-29T03:04:31.855044+00:00,101.0,3,bid,,,11991807
2026-06-29T13:04:31.415042,2026-06-29T03:04:31.921044+00:00,100.9,8,ask,,,11991809
2026-06-29T13:04:31.519777,2026-06-29T03:04:32.031035+00:00,100.9,6,ask,,,11991820
2026-06-29T13:04:31.804769,2026-06-29T03:04:32.317035+00:00,100.9,200,ask,,,11991830
2026-06-29T13:04:34.241156,2026-06-29T03:04:34.747638+00:00,100.8,20,ask,,,11991878
2026-06-29T13:04:34.428985,2026-06-29T03:04:34.934637+00:00,100.9,35,ask,,,11991881
2026-06-29T13:04:34.518116,2026-06-29T03:04:35.022638+00:00,100.9,35,ask,,,11991885
2026-06-29T13:04:34.545621,2026-06-29T03:04:35.055629+00:00,100.9,25,ask,,,11991886
2026-06-29T13:04:34.576935,2026-06-29T03:04:35.088637+00:00,100.9,25,ask,,,11991889
2026-06-29T13:04:34.789641,2026-06-29T03:04:35.297629+00:00,101.0,2,bid,,,11991892
2026-06-29T13:04:34.995245,2026-06-29T03:04:35.506628+00:00,101.0,2,bid,,,11991896
2026-06-29T13:04:35.199430,2026-06-29T03:04:35.704638+00:00,101.0,2,bid,,,11991898
2026-06-29T13:04:35.324149,2026-06-29T03:04:35.836638+00:00,101.0,35,bid,,,11991901
2026-06-29T13:04:35.367555,2026-06-29T03:04:35.880637+00:00,101.0,25,bid,,,11991905
2026-06-29T13:04:35.407627,2026-06-29T03:04:35.913638+00:00,101.0,25,bid,,,11991908
2026-06-29T13:04:35.410986,2026-06-29T03:04:35.924638+00:00,101.0,2,bid,,,11991909
2026-06-29T13:04:35.413226,2026-06-29T03:04:35.924638+00:00,101.0,35,bid,,,11991910
2026-06-29T13:04:35.522958,2026-06-29T03:04:36.034637+00:00,101.0,18,bid,,,11991914
2026-06-29T13:04:35.614963,2026-06-29T03:04:36.122205+00:00,101.0,2,bid,,,11991921
2026-06-29T13:04:35.726838,2026-06-29T03:04:36.232205+00:00,101.0,180,bid,,,11991924
2026-06-29T13:04:35.726838,2026-06-29T03:04:36.232205+00:00,101.0,3,bid,,,11991925
2026-06-29T13:04:35.820557,2026-06-29T03:04:36.331196+00:00,101.1,2,bid,,,11991930
2026-06-29T13:04:36.040532,2026-06-29T03:04:36.551205+00:00,101.1,2,bid,,,11991937
2026-06-29T13:04:36.245697,2026-06-29T03:04:36.749205+00:00,101.1,2,bid,,,11991949
2026-06-29T13:04:36.451749,2026-06-29T03:04:36.958205+00:00,101.1,2,bid,,,11991954
2026-06-29T13:04:39.714525,2026-06-29T03:04:40.224210+00:00,101.1,4,bid,,,11992044
2026-06-29T13:04:39.714525,2026-06-29T03:04:40.224210+00:00,101.1,196,bid,,,11992045
2026-06-29T13:04:40.923707,2026-06-29T03:04:41.434213+00:00,101.1,200,bid,,,11992078
2026-06-29T13:04:40.985680,2026-06-29T03:04:41.500213+00:00,101.1,500,bid,,,11992081
2026-06-29T13:04:41.044323,2026-06-29T03:04:41.555213+00:00,101.2,35,ask,,,11992085
2026-06-29T13:04:41.064890,2026-06-29T03:04:41.577213+00:00,101.2,25,ask,,,11992088
2026-06-29T13:04:41.140805,2026-06-29T03:04:41.654222+00:00,101.2,35,ask,,,11992093
2026-06-29T13:04:41.182074,2026-06-29T03:04:41.687222+00:00,101.2,5,ask,,,11992096
2026-06-29T13:04:41.477701,2026-06-29T03:04:41.984223+00:00,101.2,25,ask,,,11992100
2026-06-29T13:04:41.825607,2026-06-29T03:04:42.336222+00:00,101.1,20,bid,,,11992118
2026-06-29T13:04:42.293760,2026-06-29T03:04:42.808332+00:00,100.9,200,ask,,,11992126
2026-06-29T13:04:42.347106,2026-06-29T03:04:42.852332+00:00,100.9,35,bid,,,11992127
2026-06-29T13:04:42.435331,2026-06-29T03:04:42.940333+00:00,100.9,35,bid,,,11992129
2026-06-29T13:04:42.479795,2026-06-29T03:04:42.984332+00:00,100.9,25,bid,,,11992134
2026-06-29T13:04:42.522690,2026-06-29T03:04:43.028332+00:00,100.9,35,bid,,,11992135
2026-06-29T13:04:42.610516,2026-06-29T03:04:43.116332+00:00,100.9,20,bid,,,11992137
2026-06-29T13:04:43.341259,2026-06-29T03:04:43.851498+00:00,100.9,200,bid,,,11992159
2026-06-29T13:04:47.544590,2026-06-29T03:04:48.064049+00:00,100.9,20,ask,,,11992234
2026-06-29T13:04:49.944777,2026-06-29T03:04:50.449607+00:00,100.9,200,ask,,,11992289
2026-06-29T13:04:51.197161,2026-06-29T03:04:51.703611+00:00,100.8,35,ask,,,11992320
2026-06-29T13:04:51.212514,2026-06-29T03:04:51.725611+00:00,100.8,25,ask,,,11992321
2026-06-29T13:04:51.284672,2026-06-29T03:04:51.791621+00:00,100.8,35,ask,,,11992324
2026-06-29T13:04:51.299222,2026-06-29T03:04:51.802621+00:00,100.8,25,ask,,,11992325
2026-06-29T13:04:51.372164,2026-06-29T03:04:51.879621+00:00,100.8,30,ask,,,11992328
2026-06-29T13:04:53.017367,2026-06-29T03:04:53.529197+00:00,100.9,200,bid,,,11992369
2026-06-29T13:04:54.102982,2026-06-29T03:04:54.607078+00:00,101.0,20,bid,,,11992396
2026-06-29T13:04:55.438730,2026-06-29T03:04:55.949087+00:00,100.8,200,ask,,,11992419
2026-06-29T13:04:56.112306,2026-06-29T03:04:56.619654+00:00,100.9,20,bid,,,11992429
2026-06-29T13:04:56.645020,2026-06-29T03:04:57.157771+00:00,100.9,200,bid,,,11992438
2026-06-29T13:04:57.855194,2026-06-29T03:04:58.366206+00:00,100.9,200,bid,,,11992458
2026-06-29T13:04:58.119292,2026-06-29T03:04:58.630207+00:00,100.9,25,ask,,,11992469
2026-06-29T13:04:58.130815,2026-06-29T03:04:58.641206+00:00,100.9,73,ask,,,11992472
2026-06-29T13:04:58.234792,2026-06-29T03:04:58.740197+00:00,100.9,25,ask,,,11992473
2026-06-29T13:04:58.328674,2026-06-29T03:04:58.838316+00:00,100.9,25,ask,,,11992475
2026-06-29T13:04:58.544257,2026-06-29T03:04:59.058316+00:00,101.0,2,bid,,,11992480
2026-06-29T13:04:58.748691,2026-06-29T03:04:59.256206+00:00,101.0,2,bid,,,11992485
2026-06-29T13:04:58.953530,2026-06-29T03:04:59.465316+00:00,101.0,1,bid,,,11992487
2026-06-29T13:04:59.578167,2026-06-29T03:05:00.091895+00:00,100.8,20,ask,,,11992507
2026-06-29T13:05:00.277262,2026-06-29T03:05:00.784886+00:00,100.9,200,bid,,,11992523
2026-06-29T13:05:07.296421,2026-06-29T03:05:07.801282+00:00,100.9,200,ask,,,11992668
2026-06-29T13:05:07.296421,2026-06-29T03:05:07.801282+00:00,100.7,3,ask,,,11992669
2026-06-29T13:05:07.349898,2026-06-29T03:05:07.856280+00:00,100.7,150,bid,,,11992670
2026-06-29T13:05:07.563303,2026-06-29T03:05:08.076280+00:00,100.7,200,bid,,,11992679
2026-06-29T13:05:08.775654,2026-06-29T03:05:09.284531+00:00,100.9,200,ask,,,11992696
2026-06-29T13:05:11.210211,2026-06-29T03:05:11.715531+00:00,101.0,35,ask,,,11992757
2026-06-29T13:05:11.223337,2026-06-29T03:05:11.737531+00:00,101.0,165,ask,,,11992758
2026-06-29T13:05:12.811538,2026-06-29T03:05:13.320245+00:00,100.9,20,ask,,,11992791
2026-06-29T13:05:14.828217,2026-06-29T03:05:15.333687+00:00,101.2,200,bid,,,11992843
2026-06-29T13:05:16.037900,2026-06-29T03:05:16.543230+00:00,101.1,1,bid,,,11992876
2026-06-29T13:05:16.037900,2026-06-29T03:05:16.543230+00:00,101.2,199,bid,,,11992877
2026-06-29T13:05:17.245313,2026-06-29T03:05:17.753230+00:00,101.2,1,bid,,,11992888
2026-06-29T13:05:17.245313,2026-06-29T03:05:17.753230+00:00,101.2,199,bid,,,11992889
2026-06-29T13:05:17.783976,2026-06-29T03:05:18.292230+00:00,101.2,500,bid,,,11992906
2026-06-29T13:05:17.783976,2026-06-29T03:05:18.292230+00:00,101.2,1,bid,,,11992907
2026-06-29T13:05:17.791261,2026-06-29T03:05:18.303230+00:00,101.2,25,ask,,,11992908
2026-06-29T13:05:17.817370,2026-06-29T03:05:18.323908+00:00,101.2,99,ask,,,11992911
2026-06-29T13:05:18.009353,2026-06-29T03:05:18.521908+00:00,101.2,2,bid,,,11992917
2026-06-29T13:05:18.213844,2026-06-29T03:05:18.719908+00:00,101.2,2,bid,,,11992923
2026-06-29T13:05:18.422214,2026-06-29T03:05:18.939908+00:00,101.2,2,bid,,,11992929
2026-06-29T13:05:18.626627,2026-06-29T03:05:19.137912+00:00,101.2,2,bid,,,11992937
2026-06-29T13:05:18.831280,2026-06-29T03:05:19.335920+00:00,101.2,2,bid,,,11992939
2026-06-29T13:05:19.037024,2026-06-29T03:05:19.544920+00:00,101.2,2,bid,,,11992946
2026-06-29T13:05:19.242639,2026-06-29T03:05:19.753920+00:00,101.1,2,bid,,,11992947
2026-06-29T13:05:19.448552,2026-06-29T03:05:19.951921+00:00,101.1,2,bid,,,11992950
2026-06-29T13:05:19.654737,2026-06-29T03:05:20.160912+00:00,101.1,2,bid,,,11992964
2026-06-29T13:05:19.861097,2026-06-29T03:05:20.369920+00:00,101.1,2,bid,,,11992966
2026-06-29T13:05:20.068692,2026-06-29T03:05:20.578920+00:00,101.1,1,bid,,,11992968
2026-06-29T13:05:20.874572,2026-06-29T03:05:21.381912+00:00,101.2,5,bid,,,11992990
2026-06-29T13:05:20.874572,2026-06-29T03:05:21.381912+00:00,101.2,195,bid,,,11992991
2026-06-29T13:05:21.712394,2026-06-29T03:05:22.228911+00:00,101.2,3,bid,,,11993023
2026-06-29T13:05:21.797746,2026-06-29T03:05:22.305911+00:00,101.2,14,ask,,,11993026
2026-06-29T13:05:22.084328,2026-06-29T03:05:22.591912+00:00,101.2,200,ask,,,11993031
2026-06-29T13:05:22.247799,2026-06-29T03:05:22.756921+00:00,101.3,20,bid,,,11993037
2026-06-29T13:05:25.641244,2026-06-29T03:05:26.155126+00:00,101.1,200,ask,,,11993113
2026-06-29T13:05:26.950157,2026-06-29T03:05:27.462125+00:00,101.0,2,ask,,,11993139
2026-06-29T13:05:26.950157,2026-06-29T03:05:27.462125+00:00,101.0,200,ask,,,11993140
2026-06-29T13:05:28.134715,2026-06-29T03:05:28.648459+00:00,101.0,200,bid,,,11993169
2026-06-29T13:05:29.167855,2026-06-29T03:05:29.671438+00:00,100.9,2,ask,,,11993192
2026-06-29T13:05:29.167855,2026-06-29T03:05:29.682438+00:00,100.9,23,ask,,,11993193
2026-06-29T13:05:29.218118,2026-06-29T03:05:29.726438+00:00,100.9,101,ask,,,11993196
2026-06-29T13:05:29.298358,2026-06-29T03:05:29.803438+00:00,100.9,24,ask,,,11993198
2026-06-29T13:05:30.565356,2026-06-29T03:05:31.079438+00:00,101.0,200,bid,,,11993226
2026-06-29T13:05:30.933570,2026-06-29T03:05:31.442428+00:00,101.1,25,ask,,,11993238
2026-06-29T13:05:30.981347,2026-06-29T03:05:31.486429+00:00,101.1,25,ask,,,11993241
2026-06-29T13:05:31.143728,2026-06-29T03:05:31.651428+00:00,101.1,25,ask,,,11993245
2026-06-29T13:05:31.190152,2026-06-29T03:05:31.695429+00:00,101.1,25,ask,,,11993248
2026-06-29T13:05:31.776696,2026-06-29T03:05:32.289437+00:00,101.1,200,ask,,,11993265
2026-06-29T13:05:33.488027,2026-06-29T03:05:34.004978+00:00,101.1,200,bid,,,11993297
2026-06-29T13:05:33.488027,2026-06-29T03:05:34.004978+00:00,101.2,425,bid,,,11993298
2026-06-29T13:05:35.796870,2026-06-29T03:05:36.303037+00:00,100.9,2,ask,,,11993335
2026-06-29T13:05:35.796870,2026-06-29T03:05:36.314037+00:00,100.9,18,ask,,,11993336
2026-06-29T13:05:37.432163,2026-06-29T03:05:37.941067+00:00,101.1,200,bid,,,11993372
2026-06-29T13:05:40.856370,2026-06-29T03:05:41.361040+00:00,101.2,20,ask,,,11993439
2026-06-29T13:05:41.444791,2026-06-29T03:05:41.955049+00:00,101.2,200,ask,,,11993451
2026-06-29T13:05:41.444791,2026-06-29T03:05:41.955049+00:00,101.2,300,ask,,,11993452
2026-06-29T13:05:41.470831,2026-06-29T03:05:41.977049+00:00,101.2,200,ask,,,11993453
2026-06-29T13:05:42.037542,2026-06-29T03:05:42.549069+00:00,101.2,125,ask,,,11993457
2026-06-29T13:05:42.051927,2026-06-29T03:05:42.560069+00:00,101.1,35,bid,,,11993458
2026-06-29T13:05:42.147415,2026-06-29T03:05:42.659069+00:00,101.1,35,bid,,,11993462
2026-06-29T13:05:42.176741,2026-06-29T03:05:42.681069+00:00,101.1,25,bid,,,11993466
2026-06-29T13:05:42.224604,2026-06-29T03:05:42.736069+00:00,101.1,25,bid,,,11993470
2026-06-29T13:05:42.237047,2026-06-29T03:05:42.747069+00:00,101.1,30,bid,,,11993472
2026-06-29T13:05:42.680527,2026-06-29T03:05:43.198069+00:00,101.1,200,bid,,,11993480
2026-06-29T13:05:42.693530,2026-06-29T03:05:43.198069+00:00,101.1,300,bid,,,11993483
2026-06-29T13:05:42.897014,2026-06-29T03:05:43.406202+00:00,101.1,20,ask,,,11993489
2026-06-29T13:05:43.240296,2026-06-29T03:05:43.747210+00:00,101.1,305,ask,,,11993498
2026-06-29T13:05:44.459448,2026-06-29T03:05:44.968223+00:00,101.0,200,ask,,,11993519
2026-06-29T13:05:44.459448,2026-06-29T03:05:44.968223+00:00,101.0,300,ask,,,11993520
2026-06-29T13:05:45.050069,2026-06-29T03:05:45.562215+00:00,101.0,325,ask,,,11993526
2026-06-29T13:05:47.527783,2026-06-29T03:05:48.047356+00:00,100.8,200,bid,,,11993561
2026-06-29T13:05:51.157164,2026-06-29T03:05:51.664577+00:00,100.7,8,ask,,,11993616
2026-06-29T13:05:51.157164,2026-06-29T03:05:51.664577+00:00,100.6,192,ask,,,11993617
2026-06-29T13:05:52.362996,2026-06-29T03:05:52.874586+00:00,100.7,200,bid,,,11993629
2026-06-29T13:05:54.077251,2026-06-29T03:05:54.589288+00:00,100.8,20,bid,,,11993669
2026-06-29T13:05:54.789366,2026-06-29T03:05:55.293296+00:00,100.7,200,ask,,,11993688
2026-06-29T13:05:55.999184,2026-06-29T03:05:56.513863+00:00,100.7,200,ask,,,11993714
2026-06-29T13:06:00.872783,2026-06-29T03:06:01.383606+00:00,100.7,200,ask,,,11993827
2026-06-29T13:06:02.373939,2026-06-29T03:06:02.878235+00:00,100.6,2,ask,,,11993850
2026-06-29T13:06:02.373939,2026-06-29T03:06:02.889235+00:00,100.6,200,ask,,,11993851
2026-06-29T13:06:03.289884,2026-06-29T03:06:03.801064+00:00,100.6,200,bid,,,11993862
2026-06-29T13:06:04.499489,2026-06-29T03:06:05.010093+00:00,100.6,200,ask,,,11993884
2026-06-29T13:06:05.030183,2026-06-29T03:06:05.537093+00:00,100.6,25,bid,,,11993902
2026-06-29T13:06:05.073241,2026-06-29T03:06:05.581093+00:00,100.6,35,bid,,,11993905
2026-06-29T13:06:05.084707,2026-06-29T03:06:05.592093+00:00,100.6,25,bid,,,11993909
2026-06-29T13:06:05.169291,2026-06-29T03:06:05.680093+00:00,100.6,15,bid,,,11993911
2026-06-29T13:06:05.707078,2026-06-29T03:06:06.217888+00:00,100.6,200,bid,,,11993920
2026-06-29T13:06:06.914420,2026-06-29T03:06:07.427972+00:00,100.7,200,bid,,,11993941
2026-06-29T13:06:09.290125,2026-06-29T03:06:09.803267+00:00,100.7,500,ask,,,11993994
2026-06-29T13:06:09.332638,2026-06-29T03:06:09.836267+00:00,100.7,125,ask,,,11993999
2026-06-29T13:06:10.244599,2026-06-29T03:06:10.749267+00:00,100.5,2,ask,,,11994015
2026-06-29T13:06:10.244599,2026-06-29T03:06:10.749267+00:00,100.5,200,ask,,,11994016
2026-06-29T13:06:10.476986,2026-06-29T03:06:10.990386+00:00,100.4,8,ask,,,11994022
2026-06-29T13:06:10.537478,2026-06-29T03:06:11.045276+00:00,100.5,200,bid,,,11994024
2026-06-29T13:06:11.747108,2026-06-29T03:06:12.255296+00:00,100.6,200,bid,,,11994045
2026-06-29T13:06:12.323261,2026-06-29T03:06:12.827287+00:00,100.5,500,ask,,,11994049
2026-06-29T13:06:12.956786,2026-06-29T03:06:13.464522+00:00,100.5,200,bid,,,11994057
2026-06-29T13:06:13.257910,2026-06-29T03:06:13.772413+00:00,100.5,5,bid,,,11994068
2026-06-29T13:06:14.165567,2026-06-29T03:06:14.685559+00:00,100.5,200,bid,,,11994096
2026-06-29T13:06:14.183962,2026-06-29T03:06:14.696559+00:00,100.6,500,bid,,,11994099
2026-06-29T13:06:14.722960,2026-06-29T03:06:15.235449+00:00,100.6,125,ask,,,11994110
2026-06-29T13:06:15.492433,2026-06-29T03:06:16.005440+00:00,100.5,500,bid,,,11994121
2026-06-29T13:06:15.963346,2026-06-29T03:06:16.477985+00:00,100.5,125,ask,,,11994127
2026-06-29T13:06:15.963346,2026-06-29T03:06:16.477985+00:00,100.4,7,ask,,,11994128
2026-06-29T13:06:15.963346,2026-06-29T03:06:16.477985+00:00,100.4,200,ask,,,11994129
2026-06-29T13:06:15.997296,2026-06-29T03:06:16.510985+00:00,100.4,27,bid,,,11994130
2026-06-29T13:06:16.073815,2026-06-29T03:06:16.587985+00:00,100.4,25,bid,,,11994133
2026-06-29T13:06:16.115269,2026-06-29T03:06:16.620985+00:00,100.4,25,bid,,,11994137
2026-06-29T13:06:16.283709,2026-06-29T03:06:16.796985+00:00,100.4,3,bid,,,11994143
2026-06-29T13:06:16.329171,2026-06-29T03:06:16.840985+00:00,100.3,2,ask,,,11994144
2026-06-29T13:06:16.492919,2026-06-29T03:06:17.005976+00:00,100.4,3,bid,,,11994147
2026-06-29T13:06:16.538248,2026-06-29T03:06:17.049976+00:00,100.4,25,bid,,,11994149
2026-06-29T13:06:16.595684,2026-06-29T03:06:17.104976+00:00,100.4,200,bid,,,11994157
2026-06-29T13:06:16.750306,2026-06-29T03:06:17.258985+00:00,100.4,25,bid,,,11994160
2026-06-29T13:06:17.793594,2026-06-29T03:06:18.303985+00:00,100.3,2,ask,,,11994191
2026-06-29T13:06:17.998288,2026-06-29T03:06:18.512534+00:00,100.3,2,ask,,,11994201
2026-06-29T13:06:18.112324,2026-06-29T03:06:18.622534+00:00,100.3,2,ask,,,11994203
2026-06-29T13:06:18.112324,2026-06-29T03:06:18.622534+00:00,100.3,200,ask,,,11994204
2026-06-29T13:06:18.202342,2026-06-29T03:06:18.710535+00:00,100.1,2,ask,,,11994207
2026-06-29T13:06:18.407871,2026-06-29T03:06:18.919527+00:00,100.2,2,ask,,,11994208
2026-06-29T13:06:18.613221,2026-06-29T03:06:19.117526+00:00,100.2,2,ask,,,11994216
2026-06-29T13:06:18.817123,2026-06-29T03:06:19.326525+00:00,100.2,2,ask,,,11994222
2026-06-29T13:06:19.021228,2026-06-29T03:06:19.535534+00:00,100.2,2,ask,,,11994228
2026-06-29T13:06:19.225441,2026-06-29T03:06:19.733534+00:00,100.2,2,ask,,,11994235
2026-06-29T13:06:19.307257,2026-06-29T03:06:19.821534+00:00,100.3,4,bid,,,11994237
2026-06-29T13:06:19.422863,2026-06-29T03:06:19.931534+00:00,100.2,200,ask,,,11994238
2026-06-29T13:06:19.422863,2026-06-29T03:06:19.931534+00:00,100.2,9,ask,,,11994239
2026-06-29T13:06:19.433675,2026-06-29T03:06:19.942060+00:00,100.2,25,bid,,,11994241
2026-06-29T13:06:19.641831,2026-06-29T03:06:20.151059+00:00,100.1,2,ask,,,11994244
2026-06-29T13:06:19.846079,2026-06-29T03:06:20.360059+00:00,100.1,2,ask,,,11994248
2026-06-29T13:06:20.051896,2026-06-29T03:06:20.558068+00:00,100.1,2,ask,,,11994250
2026-06-29T13:06:20.223196,2026-06-29T03:06:20.734059+00:00,100.1,2,ask,,,11994255
2026-06-29T13:06:20.257146,2026-06-29T03:06:20.767068+00:00,100.0,2,ask,,,11994256
2026-06-29T13:06:20.462157,2026-06-29T03:06:20.976059+00:00,100.0,2,ask,,,11994258
2026-06-29T13:06:20.666384,2026-06-29T03:06:21.174059+00:00,100.0,2,ask,,,11994264
2026-06-29T13:06:20.706822,2026-06-29T03:06:21.218058+00:00,100.1,20,bid,,,11994269
2026-06-29T13:06:20.738358,2026-06-29T03:06:21.251059+00:00,100.1,178,bid,,,11994270
2026-06-29T13:06:20.738358,2026-06-29T03:06:21.251059+00:00,100.3,447,bid,,,11994271
2026-06-29T13:06:20.872784,2026-06-29T03:06:21.383058+00:00,99.9,2,ask,,,11994281
2026-06-29T13:06:21.077107,2026-06-29T03:06:21.592068+00:00,99.9,2,ask,,,11994292
2026-06-29T13:06:21.282462,2026-06-29T03:06:21.790067+00:00,99.9,2,ask,,,11994296
2026-06-29T13:06:21.487760,2026-06-29T03:06:21.999071+00:00,99.9,2,ask,,,11994300
2026-06-29T13:06:21.693612,2026-06-29T03:06:22.197073+00:00,99.9,2,ask,,,11994304
2026-06-29T13:06:21.898394,2026-06-29T03:06:22.406080+00:00,99.9,2,ask,,,11994306
2026-06-29T13:06:22.104281,2026-06-29T03:06:22.615080+00:00,99.9,2,ask,,,11994311
2026-06-29T13:06:22.308770,2026-06-29T03:06:22.813072+00:00,99.9,2,ask,,,11994317
2026-06-29T13:06:22.515169,2026-06-29T03:06:23.022081+00:00,99.9,2,ask,,,11994319
2026-06-29T13:06:22.690069,2026-06-29T03:06:23.198080+00:00,100.0,4,ask,,,11994321
2026-06-29T13:06:22.690069,2026-06-29T03:06:23.198080+00:00,100.0,16,ask,,,11994322
2026-06-29T13:06:22.720564,2026-06-29T03:06:23.231080+00:00,100.0,2,ask,,,11994323
2026-06-29T13:06:23.364667,2026-06-29T03:06:23.868637+00:00,100.0,182,ask,,,11994341
2026-06-29T13:06:23.525171,2026-06-29T03:06:24.033628+00:00,100.0,25,bid,,,11994350
2026-06-29T13:06:23.545974,2026-06-29T03:06:24.055629+00:00,100.0,25,bid,,,11994352
2026-06-29T13:06:23.550068,2026-06-29T03:06:24.055629+00:00,99.8,2,ask,,,11994353
2026-06-29T13:06:23.754436,2026-06-29T03:06:24.264637+00:00,99.8,2,ask,,,11994356
2026-06-29T13:06:23.861352,2026-06-29T03:06:24.374637+00:00,100.0,200,bid,,,11994359
2026-06-29T13:06:23.960667,2026-06-29T03:06:24.473637+00:00,99.8,2,ask,,,11994361
2026-06-29T13:06:24.165727,2026-06-29T03:06:24.671637+00:00,99.8,2,ask,,,11994365
2026-06-29T13:06:24.371372,2026-06-29T03:06:24.891637+00:00,99.8,2,ask,,,11994370
2026-06-29T13:06:24.576055,2026-06-29T03:06:25.089628+00:00,99.8,2,ask,,,11994373
2026-06-29T13:06:24.781178,2026-06-29T03:06:25.287637+00:00,100.0,2,ask,,,11994379
2026-06-29T13:06:24.985748,2026-06-29T03:06:25.496637+00:00,100.0,2,ask,,,11994381
2026-06-29T13:06:25.080956,2026-06-29T03:06:25.584637+00:00,100.0,200,ask,,,11994384
2026-06-29T13:06:25.191603,2026-06-29T03:06:25.705637+00:00,100.0,2,ask,,,11994385
2026-06-29T13:06:26.294908,2026-06-29T03:06:26.805192+00:00,99.8,200,ask,,,11994409
2026-06-29T13:06:27.508950,2026-06-29T03:06:28.026192+00:00,99.8,200,ask,,,11994428
2026-06-29T13:06:28.681460,2026-06-29T03:06:29.191741+00:00,99.8,25,bid,,,11994457
2026-06-29T13:06:28.716222,2026-06-29T03:06:29.224741+00:00,99.8,200,bid,,,11994459
2026-06-29T13:06:28.895154,2026-06-29T03:06:29.400750+00:00,99.8,25,bid,,,11994461
2026-06-29T13:06:29.115498,2026-06-29T03:06:29.620750+00:00,99.8,20,bid,,,11994465
2026-06-29T13:06:29.800679,2026-06-29T03:06:30.313379+00:00,99.7,2,ask,,,11994478
2026-06-29T13:06:30.876469,2026-06-29T03:06:31.390379+00:00,99.8,20,ask,,,11994502
2026-06-29T13:06:32.307223,2026-06-29T03:06:32.819269+00:00,99.9,20,bid,,,11994524
2026-06-29T13:06:33.783846,2026-06-29T03:06:34.292876+00:00,99.9,20,bid,,,11994555
2026-06-29T13:06:33.883119,2026-06-29T03:06:34.391876+00:00,99.9,200,bid,,,11994556
2026-06-29T13:06:34.777005,2026-06-29T03:06:35.282889+00:00,99.9,200,ask,,,11994568
2026-06-29T13:06:35.199090,2026-06-29T03:06:35.711898+00:00,99.6,200,ask,,,11994585
2026-06-29T13:06:35.982881,2026-06-29T03:06:36.492571+00:00,99.6,200,bid,,,11994597
2026-06-29T13:06:36.507947,2026-06-29T03:06:37.020572+00:00,99.9,200,bid,,,11994608
2026-06-29T13:06:36.543401,2026-06-29T03:06:37.053571+00:00,99.9,25,ask,,,11994611
2026-06-29T13:06:36.549769,2026-06-29T03:06:37.064544+00:00,99.9,35,ask,,,11994613
2026-06-29T13:06:36.555600,2026-06-29T03:06:37.064544+00:00,99.9,25,ask,,,11994614
2026-06-29T13:06:36.641357,2026-06-29T03:06:37.152453+00:00,99.9,24,ask,,,11994619
2026-06-29T13:06:37.959974,2026-06-29T03:06:38.471490+00:00,99.9,20,ask,,,11994644
2026-06-29T13:06:38.728812,2026-06-29T03:06:39.241482+00:00,100.1,59,bid,,,11994658
2026-06-29T13:06:38.762706,2026-06-29T03:06:39.274481+00:00,100.1,25,bid,,,11994661
2026-06-29T13:06:38.772061,2026-06-29T03:06:39.285481+00:00,100.1,25,bid,,,11994663
2026-06-29T13:06:39.181393,2026-06-29T03:06:39.692490+00:00,100.1,20,bid,,,11994679
2026-06-29T13:06:40.821512,2026-06-29T03:06:41.331000+00:00,100.0,200,ask,,,11994707
2026-06-29T13:06:40.985378,2026-06-29T03:06:41.496010+00:00,100.2,8,bid,,,11994711
2026-06-29T13:06:41.090604,2026-06-29T03:06:41.595010+00:00,100.2,2,bid,,,11994717
2026-06-29T13:06:41.090604,2026-06-29T03:06:41.606009+00:00,100.2,6,bid,,,11994718
2026-06-29T13:06:41.195648,2026-06-29T03:06:41.705010+00:00,100.2,7,bid,,,11994726
2026-06-29T13:06:41.625861,2026-06-29T03:06:42.134010+00:00,100.0,20,ask,,,11994742
2026-06-29T13:06:42.650921,2026-06-29T03:06:43.157010+00:00,99.9,20,ask,,,11994761
2026-06-29T13:06:43.242628,2026-06-29T03:06:43.749514+00:00,99.9,200,ask,,,11994769
2026-06-29T13:06:46.233385,2026-06-29T03:06:46.738612+00:00,99.9,200,ask,,,11994818
2026-06-29T13:06:50.940183,2026-06-29T03:06:51.445725+00:00,99.8,1,ask,,,11994916
2026-06-29T13:06:50.940183,2026-06-29T03:06:51.456724+00:00,99.8,200,ask,,,11994917
2026-06-29T13:06:51.414018,2026-06-29T03:06:51.918733+00:00,99.8,1,bid,,,11994926
2026-06-29T13:06:52.919760,2026-06-29T03:06:53.423733+00:00,99.7,8,ask,,,11994954
2026-06-29T13:06:52.919760,2026-06-29T03:06:53.434733+00:00,99.6,192,ask,,,11994955
2026-06-29T13:06:53.570784,2026-06-29T03:06:54.086724+00:00,99.7,7,ask,,,11994976
2026-06-29T13:06:54.890154,2026-06-29T03:06:55.395746+00:00,99.6,6,ask,,,11995000
2026-06-29T13:06:54.890154,2026-06-29T03:06:55.395746+00:00,99.5,200,ask,,,11995001
2026-06-29T13:06:56.554957,2026-06-29T03:06:57.066438+00:00,99.4,4,ask,,,11995037
2026-06-29T13:06:56.554957,2026-06-29T03:06:57.066438+00:00,99.4,196,ask,,,11995038
2026-06-29T13:06:56.775693,2026-06-29T03:06:57.286329+00:00,99.4,20,ask,,,11995046
2026-06-29T13:07:00.139047,2026-06-29T03:07:00.651979+00:00,99.4,200,ask,,,11995106
2026-06-29T13:07:00.202163,2026-06-29T03:07:00.706980+00:00,99.4,200,bid,,,11995107
2026-06-29T13:07:02.762434,2026-06-29T03:07:03.280988+00:00,99.3,1,ask,,,11995151
2026-06-29T13:07:04.424976,2026-06-29T03:07:04.930952+00:00,99.2,20,ask,,,11995179
2026-06-29T13:07:06.262355,2026-06-29T03:07:06.767555+00:00,99.4,200,bid,,,11995218
2026-06-29T13:07:10.974037,2026-06-29T03:07:11.485206+00:00,99.5,20,bid,,,11995312
2026-06-29T13:07:14.558237,2026-06-29T03:07:15.068943+00:00,99.3,200,ask,,,11995381
2026-06-29T13:07:14.558237,2026-06-29T03:07:15.068943+00:00,99.3,1,ask,,,11995382
2026-06-29T13:07:14.680262,2026-06-29T03:07:15.189062+00:00,99.3,424,bid,,,11995383
2026-06-29T13:07:15.864275,2026-06-29T03:07:16.376515+00:00,99.5,200,bid,,,11995400
2026-06-29T13:07:17.188473,2026-06-29T03:07:17.696516+00:00,99.6,200,ask,,,11995427
2026-06-29T13:07:20.811292,2026-06-29T03:07:21.325591+00:00,99.7,9,bid,,,11995470
2026-06-29T13:07:20.811292,2026-06-29T03:07:21.325591+00:00,99.7,191,bid,,,11995471
2026-06-29T13:07:21.111626,2026-06-29T03:07:21.622591+00:00,99.7,309,bid,,,11995479
2026-06-29T13:07:21.111626,2026-06-29T03:07:21.622591+00:00,99.7,9,bid,,,11995480
2026-06-29T13:07:21.337330,2026-06-29T03:07:21.842583+00:00,99.7,307,ask,,,11995488
2026-06-29T13:07:25.037999,2026-06-29T03:07:25.546694+00:00,99.6,200,ask,,,11995565
2026-06-29T13:07:25.658768,2026-06-29T03:07:26.173140+00:00,99.5,200,bid,,,11995575
2026-06-29T13:07:27.747862,2026-06-29T03:07:28.262161+00:00,99.5,20,bid,,,11995615
2026-06-29T13:07:28.652766,2026-06-29T03:07:29.163701+00:00,99.4,20,ask,,,11995633
2026-06-29T13:07:30.269840,2026-06-29T03:07:30.780820+00:00,99.5,200,ask,,,11995664
2026-06-29T13:07:31.578298,2026-06-29T03:07:32.089701+00:00,99.5,200,bid,,,11995697
2026-06-29T13:07:31.578298,2026-06-29T03:07:32.089701+00:00,99.5,425,bid,,,11995698
2026-06-29T13:07:31.813334,2026-06-29T03:07:32.320702+00:00,99.4,20,ask,,,11995706
2026-06-29T13:07:32.603658,2026-06-29T03:07:33.112702+00:00,99.5,20,bid,,,11995716
2026-06-29T13:07:32.893529,2026-06-29T03:07:33.398240+00:00,99.4,180,ask,,,11995724
2026-06-29T13:07:32.893529,2026-06-29T03:07:33.409240+00:00,99.3,3,ask,,,11995725
2026-06-29T13:07:32.893529,2026-06-29T03:07:33.409240+00:00,99.0,442,ask,,,11995726
2026-06-29T13:07:34.182582,2026-06-29T03:07:34.696269+00:00,99.3,10,ask,,,11995757
2026-06-29T13:07:34.204006,2026-06-29T03:07:34.718269+00:00,99.3,190,bid,,,11995761
2026-06-29T13:07:35.518561,2026-06-29T03:07:36.038269+00:00,99.3,3,ask,,,11995783
2026-06-29T13:07:35.518561,2026-06-29T03:07:36.038269+00:00,99.3,200,ask,,,11995784
2026-06-29T13:07:36.000874,2026-06-29T03:07:36.509917+00:00,99.1,20,ask,,,11995790
2026-06-29T13:07:36.595390,2026-06-29T03:07:37.103917+00:00,99.3,200,bid,,,11995800
2026-06-29T13:07:36.832101,2026-06-29T03:07:37.345798+00:00,99.4,500,bid,,,11995805
2026-06-29T13:07:37.090877,2026-06-29T03:07:37.597918+00:00,99.4,125,ask,,,11995808
2026-06-29T13:07:38.144061,2026-06-29T03:07:38.653073+00:00,99.2,2,ask,,,11995833
2026-06-29T13:07:38.144061,2026-06-29T03:07:38.653073+00:00,99.2,200,ask,,,11995834
2026-06-29T13:07:39.014535,2026-06-29T03:07:39.520964+00:00,99.2,200,bid,,,11995841
2026-06-29T13:07:39.315200,2026-06-29T03:07:39.828964+00:00,99.2,1,bid,,,11995846
2026-06-29T13:07:39.524123,2026-06-29T03:07:40.037963+00:00,99.2,1,bid,,,11995850
2026-06-29T13:07:40.772453,2026-06-29T03:07:41.280975+00:00,99.1,2,ask,,,11995881
2026-06-29T13:07:40.772453,2026-06-29T03:07:41.280975+00:00,99.0,200,ask,,,11995882
2026-06-29T13:07:40.772453,2026-06-29T03:07:41.280975+00:00,99.0,423,ask,,,11995883
2026-06-29T13:07:41.428648,2026-06-29T03:07:41.940984+00:00,99.1,1,ask,,,11995901
2026-06-29T13:07:41.428648,2026-06-29T03:07:41.940984+00:00,99.0,199,ask,,,11995902
2026-06-29T13:07:42.639815,2026-06-29T03:07:43.151073+00:00,99.3,200,ask,,,11995931
2026-06-29T13:07:43.848069,2026-06-29T03:07:44.359447+00:00,99.4,200,ask,,,11995955
2026-06-29T13:07:45.983561,2026-06-29T03:07:46.493184+00:00,99.3,20,ask,,,11995998
2026-06-29T13:07:48.641551,2026-06-29T03:07:49.152711+00:00,99.5,4,bid,,,11996042
2026-06-29T13:07:48.641551,2026-06-29T03:07:49.152711+00:00,99.5,200,bid,,,11996043
2026-06-29T13:07:51.102351,2026-06-29T03:07:51.615712+00:00,99.5,200,bid,,,11996084
2026-06-29T13:07:52.519006,2026-06-29T03:07:53.032830+00:00,99.6,4,bid,,,11996120
2026-06-29T13:07:52.519006,2026-06-29T03:07:53.032830+00:00,99.6,16,bid,,,11996121
2026-06-29T13:07:54.729822,2026-06-29T03:07:55.242864+00:00,99.6,2,bid,,,11996166
2026-06-29T13:07:54.729822,2026-06-29T03:07:55.242864+00:00,99.7,198,bid,,,11996167
2026-06-29T13:07:55.187324,2026-06-29T03:07:55.693868+00:00,99.7,500,bid,,,11996178
2026-06-29T13:07:55.201393,2026-06-29T03:07:55.715869+00:00,99.8,125,ask,,,11996180
2026-06-29T13:07:59.584825,2026-06-29T03:08:00.092210+00:00,99.6,2,bid,,,11996272
2026-06-29T13:07:59.584825,2026-06-29T03:08:00.092210+00:00,99.6,198,bid,,,11996273
2026-06-29T13:08:00.548649,2026-06-29T03:08:01.059728+00:00,99.7,20,bid,,,11996291
2026-06-29T13:08:01.326367,2026-06-29T03:08:01.840720+00:00,99.6,200,ask,,,11996305
2026-06-29T13:08:03.045869,2026-06-29T03:08:03.555850+00:00,99.5,200,ask,,,11996343
2026-06-29T13:08:03.216611,2026-06-29T03:08:03.731841+00:00,99.4,200,bid,,,11996353
2026-06-29T13:08:04.369442,2026-06-29T03:08:04.875850+00:00,99.5,35,ask,,,11996373
2026-06-29T13:08:04.374591,2026-06-29T03:08:04.886850+00:00,99.5,25,ask,,,11996374
2026-06-29T13:08:04.438128,2026-06-29T03:08:04.952850+00:00,99.5,200,ask,,,11996377
2026-06-29T13:08:04.458616,2026-06-29T03:08:04.974842+00:00,99.5,35,ask,,,11996379
2026-06-29T13:08:04.532011,2026-06-29T03:08:05.040850+00:00,99.5,25,ask,,,11996380
2026-06-29T13:08:04.547426,2026-06-29T03:08:05.051850+00:00,99.5,5,ask,,,11996383
2026-06-29T13:08:04.586606,2026-06-29T03:08:05.095850+00:00,99.5,25,ask,,,11996384
2026-06-29T13:08:05.645259,2026-06-29T03:08:06.151465+00:00,99.6,200,bid,,,11996410
2026-06-29T13:08:06.981248,2026-06-29T03:08:07.493485+00:00,99.3,200,ask,,,11996433
2026-06-29T13:08:07.354537,2026-06-29T03:08:07.867485+00:00,99.3,25,bid,,,11996436
2026-06-29T13:08:07.357405,2026-06-29T03:08:07.867485+00:00,99.3,35,bid,,,11996437
2026-06-29T13:08:07.436409,2026-06-29T03:08:07.944485+00:00,99.3,25,bid,,,11996441
2026-06-29T13:08:07.448079,2026-06-29T03:08:07.955485+00:00,99.3,35,bid,,,11996442
2026-06-29T13:08:07.536529,2026-06-29T03:08:08.043485+00:00,99.3,30,bid,,,11996445
2026-06-29T13:08:07.796095,2026-06-29T03:08:08.307485+00:00,99.1,35,ask,,,11996458
2026-06-29T13:08:07.841606,2026-06-29T03:08:08.350722+00:00,99.1,25,ask,,,11996459
2026-06-29T13:08:07.885338,2026-06-29T03:08:08.394721+00:00,99.1,35,ask,,,11996464
2026-06-29T13:08:07.960352,2026-06-29T03:08:08.471722+00:00,99.1,25,ask,,,11996466
2026-06-29T13:08:07.994407,2026-06-29T03:08:08.515721+00:00,99.1,20,ask,,,11996468
2026-06-29T13:08:08.001155,2026-06-29T03:08:08.515721+00:00,99.1,5,ask,,,11996470
2026-06-29T13:08:08.067102,2026-06-29T03:08:08.581722+00:00,99.3,200,bid,,,11996471
2026-06-29T13:08:08.085502,2026-06-29T03:08:08.592722+00:00,99.3,5,bid,,,11996473
2026-06-29T13:08:08.203000,2026-06-29T03:08:08.713725+00:00,99.3,2,bid,,,11996476
2026-06-29T13:08:08.408280,2026-06-29T03:08:08.922734+00:00,99.5,2,bid,,,11996480
2026-06-29T13:08:08.613647,2026-06-29T03:08:09.120734+00:00,99.5,2,bid,,,11996482
2026-06-29T13:08:08.818699,2026-06-29T03:08:09.329734+00:00,99.5,2,bid,,,11996487
2026-06-29T13:08:09.023864,2026-06-29T03:08:09.538734+00:00,99.5,2,bid,,,11996494
2026-06-29T13:08:09.228641,2026-06-29T03:08:09.736725+00:00,99.5,2,bid,,,11996496
2026-06-29T13:08:09.433294,2026-06-29T03:08:09.945734+00:00,99.5,2,bid,,,11996501
2026-06-29T13:08:09.638112,2026-06-29T03:08:10.143734+00:00,99.5,2,bid,,,11996505
2026-06-29T13:08:09.842749,2026-06-29T03:08:10.352734+00:00,99.5,2,bid,,,11996509
2026-06-29T13:08:10.048058,2026-06-29T03:08:10.561734+00:00,99.5,2,bid,,,11996515
2026-06-29T13:08:11.697727,2026-06-29T03:08:12.210754+00:00,99.4,200,ask,,,11996533
2026-06-29T13:08:12.228350,2026-06-29T03:08:12.738746+00:00,99.4,425,ask,,,11996541
2026-06-29T13:08:12.272210,2026-06-29T03:08:12.782746+00:00,99.3,48,ask,,,11996544
2026-06-29T13:08:12.337040,2026-06-29T03:08:12.848745+00:00,99.3,35,bid,,,11996549
2026-06-29T13:08:12.426135,2026-06-29T03:08:12.936745+00:00,99.3,35,bid,,,11996552
2026-06-29T13:08:12.459851,2026-06-29T03:08:12.969745+00:00,99.3,5,bid,,,11996555
2026-06-29T13:08:12.468517,2026-06-29T03:08:12.980745+00:00,99.3,25,bid,,,11996557
2026-06-29T13:08:12.518526,2026-06-29T03:08:13.024746+00:00,99.3,4,bid,,,11996559
2026-06-29T13:08:12.907668,2026-06-29T03:08:13.431871+00:00,99.3,200,bid,,,11996566
2026-06-29T13:08:13.675724,2026-06-29T03:08:14.190884+00:00,99.2,25,ask,,,11996581
2026-06-29T13:08:13.735736,2026-06-29T03:08:14.245885+00:00,99.2,75,ask,,,11996584
2026-06-29T13:08:13.794487,2026-06-29T03:08:14.300884+00:00,99.2,20,ask,,,11996585
2026-06-29T13:08:14.146302,2026-06-29T03:08:14.652875+00:00,99.2,29,ask,,,11996597
2026-06-29T13:08:14.267663,2026-06-29T03:08:14.773876+00:00,99.2,25,ask,,,11996599
2026-06-29T13:08:14.286583,2026-06-29T03:08:14.795876+00:00,99.2,4,ask,,,11996602
2026-06-29T13:08:15.324501,2026-06-29T03:08:15.829885+00:00,99.3,200,bid,,,11996628
2026-06-29T13:08:16.081506,2026-06-29T03:08:16.588896+00:00,99.2,1,ask,,,11996652
2026-06-29T13:08:16.665535,2026-06-29T03:08:17.171905+00:00,99.4,20,bid,,,11996658
2026-06-29T13:08:17.489951,2026-06-29T03:08:17.996905+00:00,99.3,20,ask,,,11996677
2026-06-29T13:08:18.274834,2026-06-29T03:08:18.787148+00:00,99.3,500,ask,,,11996685
2026-06-29T13:08:18.829910,2026-06-29T03:08:19.348168+00:00,99.3,200,ask,,,11996694
2026-06-29T13:08:20.092820,2026-06-29T03:08:20.602169+00:00,99.2,25,ask,,,11996730
2026-06-29T13:08:20.106130,2026-06-29T03:08:20.613169+00:00,99.2,25,ask,,,11996732
2026-06-29T13:08:20.305403,2026-06-29T03:08:20.811168+00:00,99.2,25,ask,,,11996737
2026-06-29T13:08:20.317801,2026-06-29T03:08:20.822168+00:00,99.2,25,ask,,,11996739
2026-06-29T13:08:20.517117,2026-06-29T03:08:21.031169+00:00,99.2,25,ask,,,11996742
2026-06-29T13:08:20.526650,2026-06-29T03:08:21.031169+00:00,99.2,25,ask,,,11996744
2026-06-29T13:08:21.451907,2026-06-29T03:08:21.966160+00:00,99.1,6,ask,,,11996759
2026-06-29T13:08:21.451907,2026-06-29T03:08:21.966160+00:00,99.1,200,ask,,,11996760
2026-06-29T13:08:21.512214,2026-06-29T03:08:22.021168+00:00,98.9,20,ask,,,11996761
2026-06-29T13:08:29.455600,2026-06-29T03:08:29.960229+00:00,99.1,35,bid,,,11996901
2026-06-29T13:08:29.545425,2026-06-29T03:08:30.059229+00:00,99.1,35,bid,,,11996904
2026-06-29T13:08:29.558929,2026-06-29T03:08:30.070229+00:00,99.1,25,bid,,,11996907
2026-06-29T13:08:29.577243,2026-06-29T03:08:30.092229+00:00,99.1,25,bid,,,11996911
2026-06-29T13:08:29.633925,2026-06-29T03:08:30.147229+00:00,99.1,30,bid,,,11996912
2026-06-29T13:08:29.863143,2026-06-29T03:08:30.378228+00:00,99.1,200,bid,,,11996922
2026-06-29T13:08:33.496060,2026-06-29T03:08:34.007892+00:00,99.1,200,ask,,,11996997
2026-06-29T13:08:35.912280,2026-06-29T03:08:36.427467+00:00,99.0,2,ask,,,11997045
2026-06-29T13:08:35.936068,2026-06-29T03:08:36.449467+00:00,99.0,198,bid,,,11997047
2026-06-29T13:08:38.261614,2026-06-29T03:08:38.770606+00:00,99.1,20,ask,,,11997083
2026-06-29T13:08:38.334948,2026-06-29T03:08:38.847606+00:00,99.1,200,ask,,,11997089
2026-06-29T13:08:38.939428,2026-06-29T03:08:39.452606+00:00,99.2,6,bid,,,11997095
2026-06-29T13:08:39.004062,2026-06-29T03:08:39.518606+00:00,99.3,25,bid,,,11997099
2026-06-29T13:08:39.027350,2026-06-29T03:08:39.540606+00:00,99.3,19,bid,,,11997100
2026-06-29T13:08:39.361231,2026-06-29T03:08:39.870605+00:00,99.2,7,bid,,,11997107
2026-06-29T13:08:39.385316,2026-06-29T03:08:39.892606+00:00,99.3,25,bid,,,11997110
2026-06-29T13:08:39.412821,2026-06-29T03:08:39.925606+00:00,99.3,25,bid,,,11997112
2026-06-29T13:08:39.468770,2026-06-29T03:08:39.980606+00:00,99.3,35,bid,,,11997113
2026-06-29T13:08:39.567168,2026-06-29T03:08:40.079596+00:00,99.3,8,bid,,,11997120
2026-06-29T13:08:39.860118,2026-06-29T03:08:40.365112+00:00,99.3,7,bid,,,11997123
2026-06-29T13:08:39.860118,2026-06-29T03:08:40.376112+00:00,99.3,200,bid,,,11997124
2026-06-29T13:08:40.752626,2026-06-29T03:08:41.267121+00:00,99.3,200,ask,,,11997160
2026-06-29T13:08:41.959853,2026-06-29T03:08:42.466121+00:00,99.3,200,ask,,,11997181
2026-06-29T13:08:42.541977,2026-06-29T03:08:43.049121+00:00,99.4,2,bid,,,11997195
2026-06-29T13:08:43.193691,2026-06-29T03:08:43.708264+00:00,99.4,23,bid,,,11997203
2026-06-29T13:08:43.201799,2026-06-29T03:08:43.708264+00:00,99.4,25,bid,,,11997206
2026-06-29T13:08:43.228522,2026-06-29T03:08:43.741264+00:00,99.4,25,bid,,,11997208
2026-06-29T13:08:43.410797,2026-06-29T03:08:43.917265+00:00,99.4,25,bid,,,11997217
2026-06-29T13:08:44.376894,2026-06-29T03:08:44.885265+00:00,99.3,200,ask,,,11997232
2026-06-29T13:08:45.584517,2026-06-29T03:08:46.094867+00:00,99.3,200,ask,,,11997259
2026-06-29T13:08:47.211835,2026-06-29T03:08:47.721879+00:00,99.3,20,ask,,,11997279
2026-06-29T13:08:49.231485,2026-06-29T03:08:49.744660+00:00,99.2,25,bid,,,11997317
2026-06-29T13:08:52.829408,2026-06-29T03:08:53.341330+00:00,99.4,2,bid,,,11997402
2026-06-29T13:08:52.829408,2026-06-29T03:08:53.341330+00:00,99.4,198,bid,,,11997403
2026-06-29T13:08:52.993355,2026-06-29T03:08:53.505865+00:00,99.3,9,bid,,,11997405
2026-06-29T13:08:55.052956,2026-06-29T03:08:55.562864+00:00,99.4,4,bid,,,11997452
2026-06-29T13:08:56.918026,2026-06-29T03:08:57.432029+00:00,99.4,6,bid,,,11997486
2026-06-29T13:08:56.918026,2026-06-29T03:08:57.432029+00:00,99.4,500,bid,,,11997487
2026-06-29T13:08:57.627767,2026-06-29T03:08:58.136029+00:00,99.4,119,ask,,,11997508
2026-06-29T13:08:58.249880,2026-06-29T03:08:58.762681+00:00,99.3,200,ask,,,11997528
2026-06-29T13:09:03.735887,2026-06-29T03:09:04.251315+00:00,99.3,200,ask,,,11997623
2026-06-29T13:09:06.169704,2026-06-29T03:09:06.681896+00:00,99.2,200,bid,,,11997666
2026-06-29T13:09:06.642587,2026-06-29T03:09:07.154896+00:00,99.0,1,ask,,,11997673
2026-06-29T13:09:06.642587,2026-06-29T03:09:07.154896+00:00,99.0,7,ask,,,11997674
2026-06-29T13:09:07.389816,2026-06-29T03:09:07.902906+00:00,99.1,7,ask,,,11997693
2026-06-29T13:09:07.389816,2026-06-29T03:09:07.902906+00:00,99.1,1,ask,,,11997694
2026-06-29T13:09:07.414269,2026-06-29T03:09:07.924907+00:00,99.2,500,bid,,,11997699
2026-06-29T13:09:07.499672,2026-06-29T03:09:08.012907+00:00,99.2,7,ask,,,11997704
2026-06-29T13:09:07.922712,2026-06-29T03:09:08.430523+00:00,99.2,118,ask,,,11997716
2026-06-29T13:09:08.584247,2026-06-29T03:09:09.090523+00:00,99.3,200,bid,,,11997734
2026-06-29T13:09:09.791615,2026-06-29T03:09:10.300057+00:00,99.1,200,bid,,,11997759
2026-06-29T13:09:11.055794,2026-06-29T03:09:11.565057+00:00,99.1,35,ask,,,11997772
2026-06-29T13:09:11.083252,2026-06-29T03:09:11.598056+00:00,99.1,25,ask,,,11997773
2026-06-29T13:09:11.090087,2026-06-29T03:09:11.598056+00:00,99.1,25,ask,,,11997775
2026-06-29T13:09:11.146756,2026-06-29T03:09:11.653056+00:00,99.1,15,ask,,,11997781
2026-06-29T13:09:11.341987,2026-06-29T03:09:11.851057+00:00,99.2,500,bid,,,11997788
2026-06-29T13:09:11.564953,2026-06-29T03:09:12.082057+00:00,99.2,125,ask,,,11997792
2026-06-29T13:09:14.633931,2026-06-29T03:09:15.140194+00:00,99.2,200,bid,,,11997842
2026-06-29T13:09:15.305784,2026-06-29T03:09:15.811193+00:00,99.2,500,bid,,,11997853
2026-06-29T13:09:15.786266,2026-06-29T03:09:16.294762+00:00,99.2,125,ask,,,11997869
2026-06-29T13:09:16.617864,2026-06-29T03:09:17.130770+00:00,99.1,200,ask,,,11997890
2026-06-29T13:09:19.236518,2026-06-29T03:09:19.747330+00:00,99.0,1,ask,,,11997937
2026-06-29T13:09:20.508980,2026-06-29T03:09:21.023351+00:00,98.9,6,ask,,,11997962
2026-06-29T13:09:20.518078,2026-06-29T03:09:21.023351+00:00,98.8,2,ask,,,11997964
2026-06-29T13:09:20.681742,2026-06-29T03:09:21.188351+00:00,98.8,7,ask,,,11997967
2026-06-29T13:09:20.723126,2026-06-29T03:09:21.232351+00:00,98.7,2,ask,,,11997968
2026-06-29T13:09:20.927706,2026-06-29T03:09:21.441351+00:00,98.7,2,ask,,,11997970
2026-06-29T13:09:21.132056,2026-06-29T03:09:21.639351+00:00,98.7,2,ask,,,11997972
2026-06-29T13:09:21.336893,2026-06-29T03:09:21.848351+00:00,98.7,2,ask,,,11997976
2026-06-29T13:09:21.542052,2026-06-29T03:09:22.057351+00:00,98.7,2,ask,,,11997981
2026-06-29T13:09:21.747108,2026-06-29T03:09:22.255351+00:00,98.7,2,ask,,,11997989
2026-06-29T13:09:21.952455,2026-06-29T03:09:22.464351+00:00,98.7,2,ask,,,11997993
2026-06-29T13:09:22.156617,2026-06-29T03:09:22.662351+00:00,98.7,2,ask,,,11998001
2026-06-29T13:09:22.362246,2026-06-29T03:09:22.871343+00:00,98.7,1,ask,,,11998008
2026-06-29T13:09:22.436843,2026-06-29T03:09:22.948342+00:00,98.8,500,bid,,,11998010
2026-06-29T13:09:23.040220,2026-06-29T03:09:23.553003+00:00,98.8,125,bid,,,11998027
2026-06-29T13:09:23.040220,2026-06-29T03:09:23.553003+00:00,98.8,200,bid,,,11998028
2026-06-29T13:09:23.161748,2026-06-29T03:09:23.674003+00:00,98.9,200,bid,,,11998033
2026-06-29T13:09:23.169785,2026-06-29T03:09:23.685004+00:00,98.9,25,ask,,,11998034
2026-06-29T13:09:23.176354,2026-06-29T03:09:23.685004+00:00,98.9,6,ask,,,11998036
2026-06-29T13:09:23.178942,2026-06-29T03:09:23.685004+00:00,99.1,2,bid,,,11998037
2026-06-29T13:09:23.323049,2026-06-29T03:09:23.828004+00:00,98.9,25,ask,,,11998039
2026-06-29T13:09:23.344803,2026-06-29T03:09:23.850003+00:00,98.9,35,ask,,,11998042
2026-06-29T13:09:23.383146,2026-06-29T03:09:23.894003+00:00,98.9,25,ask,,,11998045
2026-06-29T13:09:23.434662,2026-06-29T03:09:23.949004+00:00,98.9,35,ask,,,11998049
2026-06-29T13:09:23.523492,2026-06-29T03:09:24.037003+00:00,98.9,28,ask,,,11998051
2026-06-29T13:09:23.596631,2026-06-29T03:09:24.103003+00:00,99.1,2,bid,,,11998053
2026-06-29T13:09:23.738222,2026-06-29T03:09:24.246003+00:00,98.9,20,ask,,,11998063
2026-06-29T13:09:23.804074,2026-06-29T03:09:24.312004+00:00,99.1,2,bid,,,11998065
2026-06-29T13:09:24.010067,2026-06-29T03:09:24.521004+00:00,99.1,1,bid,,,11998068
2026-06-29T13:09:24.010067,2026-06-29T03:09:24.521004+00:00,99.1,1,bid,,,11998069
2026-06-29T13:09:24.215652,2026-06-29T03:09:24.730003+00:00,99.1,2,bid,,,11998078
2026-06-29T13:09:24.424550,2026-06-29T03:09:24.939003+00:00,99.0,2,bid,,,11998087
2026-06-29T13:09:24.629093,2026-06-29T03:09:25.137003+00:00,98.9,2,bid,,,11998092
2026-06-29T13:09:24.816451,2026-06-29T03:09:25.323995+00:00,98.8,20,ask,,,11998094
2026-06-29T13:09:24.833413,2026-06-29T03:09:25.346003+00:00,98.9,2,bid,,,11998095
2026-06-29T13:09:25.038489,2026-06-29T03:09:25.544003+00:00,98.9,2,bid,,,11998101
2026-06-29T13:09:25.261436,2026-06-29T03:09:25.775003+00:00,98.9,2,bid,,,11998104
2026-06-29T13:09:25.492299,2026-06-29T03:09:26.005994+00:00,98.9,2,bid,,,11998108
2026-06-29T13:09:25.522697,2026-06-29T03:09:26.027995+00:00,98.8,200,ask,,,11998111
2026-06-29T13:09:25.697309,2026-06-29T03:09:26.203544+00:00,98.9,1,bid,,,11998125
2026-06-29T13:09:27.090057,2026-06-29T03:09:27.600077+00:00,98.7,500,ask,,,11998160
2026-06-29T13:09:27.109795,2026-06-29T03:09:27.622077+00:00,98.7,25,bid,,,11998162
2026-06-29T13:09:27.134290,2026-06-29T03:09:27.644077+00:00,98.7,35,bid,,,11998163
2026-06-29T13:09:27.147865,2026-06-29T03:09:27.655077+00:00,98.7,25,bid,,,11998166
2026-06-29T13:09:27.224156,2026-06-29T03:09:27.732077+00:00,98.7,35,bid,,,11998167
2026-06-29T13:09:27.282625,2026-06-29T03:09:27.798077+00:00,98.7,5,bid,,,11998171
2026-06-29T13:09:27.904884,2026-06-29T03:09:28.413307+00:00,98.8,1,bid,,,11998178
2026-06-29T13:09:28.397059,2026-06-29T03:09:28.908307+00:00,98.9,200,bid,,,11998185
2026-06-29T13:09:29.153976,2026-06-29T03:09:29.667307+00:00,98.9,200,ask,,,11998202
2026-06-29T13:09:29.682336,2026-06-29T03:09:30.195307+00:00,98.9,35,ask,,,11998225
2026-06-29T13:09:30.361408,2026-06-29T03:09:30.866307+00:00,98.8,200,bid,,,11998243
2026-06-29T13:09:32.326185,2026-06-29T03:09:32.835318+00:00,98.8,200,bid,,,11998285
2026-06-29T13:09:33.636559,2026-06-29T03:09:34.143948+00:00,98.8,200,ask,,,11998316
2026-06-29T13:09:36.255069,2026-06-29T03:09:36.761538+00:00,99.0,200,bid,,,11998381
2026-06-29T13:09:36.321801,2026-06-29T03:09:36.827538+00:00,99.0,35,ask,,,11998385
2026-06-29T13:09:36.330828,2026-06-29T03:09:36.838538+00:00,99.0,25,ask,,,11998386
2026-06-29T13:09:36.369994,2026-06-29T03:09:36.882538+00:00,99.0,25,ask,,,11998390
2026-06-29T13:09:36.415468,2026-06-29T03:09:36.926538+00:00,99.0,200,ask,,,11998394
2026-06-29T13:09:36.417975,2026-06-29T03:09:36.926538+00:00,99.0,20,ask,,,11998395
2026-06-29T13:09:39.084741,2026-06-29T03:09:39.597348+00:00,98.9,35,bid,,,11998462
2026-06-29T13:09:39.149487,2026-06-29T03:09:39.663349+00:00,98.9,25,bid,,,11998465
2026-06-29T13:09:39.172996,2026-06-29T03:09:39.685349+00:00,98.9,35,bid,,,11998466
2026-06-29T13:09:39.213356,2026-06-29T03:09:39.718349+00:00,98.9,25,bid,,,11998471
2026-06-29T13:09:39.263365,2026-06-29T03:09:39.773340+00:00,98.9,30,bid,,,11998473
2026-06-29T13:09:42.797940,2026-06-29T03:09:43.304368+00:00,98.8,200,bid,,,11998539
2026-06-29T13:09:44.113401,2026-06-29T03:09:44.623507+00:00,98.8,500,ask,,,11998575
2026-06-29T13:09:44.113401,2026-06-29T03:09:44.623507+00:00,98.8,125,ask,,,11998576
2026-06-29T13:09:45.509993,2026-06-29T03:09:46.020527+00:00,99.0,20,bid,,,11998618
2026-06-29T13:09:46.164121,2026-06-29T03:09:46.680076+00:00,98.9,7,bid,,,11998630
2026-06-29T13:09:46.172415,2026-06-29T03:09:46.680076+00:00,98.9,25,bid,,,11998632
2026-06-29T13:09:46.252887,2026-06-29T03:09:46.768076+00:00,98.8,7,ask,,,11998634
2026-06-29T13:09:48.040761,2026-06-29T03:09:48.548848+00:00,98.9,200,bid,,,11998678
2026-06-29T13:09:49.741755,2026-06-29T03:09:50.253848+00:00,98.9,200,ask,,,11998711
2026-06-29T13:09:50.952621,2026-06-29T03:09:51.463839+00:00,98.9,200,bid,,,11998744
2026-06-29T13:09:52.165410,2026-06-29T03:09:52.673848+00:00,99.0,200,bid,,,11998763
2026-06-29T13:09:53.381971,2026-06-29T03:09:53.894426+00:00,99.0,200,ask,,,11998785
2026-06-29T13:09:55.805711,2026-06-29T03:09:56.313520+00:00,99.1,2,bid,,,11998840
2026-06-29T13:09:58.052200,2026-06-29T03:09:58.566977+00:00,99.1,25,ask,,,11998880
2026-06-29T13:09:58.068851,2026-06-29T03:09:58.577977+00:00,99.1,35,ask,,,11998883
2026-06-29T13:09:58.165958,2026-06-29T03:09:58.676976+00:00,99.1,35,ask,,,11998887
2026-06-29T13:09:58.246502,2026-06-29T03:09:58.764976+00:00,99.1,25,ask,,,11998898
2026-06-29T13:09:58.261467,2026-06-29T03:09:58.775977+00:00,99.1,25,ask,,,11998900
2026-06-29T13:09:58.294152,2026-06-29T03:09:58.808976+00:00,99.1,5,ask,,,11998903
2026-06-29T13:09:58.309503,2026-06-29T03:09:58.830977+00:00,99.2,8,bid,,,11998907
2026-06-29T13:09:59.256443,2026-06-29T03:09:59.765976+00:00,99.2,20,bid,,,11998933
2026-06-29T13:09:59.853917,2026-06-29T03:10:00.359976+00:00,99.1,1,bid,,,11998942
2026-06-29T13:10:02.195813,2026-06-29T03:10:02.702511+00:00,99.2,1,bid,,,11998987
2026-06-29T13:10:02.615169,2026-06-29T03:10:03.131511+00:00,99.2,4,bid,,,11998998
2026-06-29T13:10:02.615169,2026-06-29T03:10:03.131511+00:00,99.2,16,bid,,,11998999
2026-06-29T13:10:04.983219,2026-06-29T03:10:05.495196+00:00,99.1,20,ask,,,11999043
2026-06-29T13:10:06.708994,2026-06-29T03:10:07.221766+00:00,99.1,200,bid,,,11999082
2026-06-29T13:10:07.734080,2026-06-29T03:10:08.244766+00:00,99.2,3,bid,,,11999112
2026-06-29T13:10:07.919004,2026-06-29T03:10:08.430446+00:00,99.2,200,ask,,,11999119
2026-06-29T13:10:09.126007,2026-06-29T03:10:09.640437+00:00,99.1,200,ask,,,11999147
2026-06-29T13:10:10.333778,2026-06-29T03:10:10.850437+00:00,99.1,200,ask,,,11999160
2026-06-29T13:10:11.015699,2026-06-29T03:10:11.521445+00:00,99.1,20,bid,,,11999176
2026-06-29T13:10:11.670437,2026-06-29T03:10:12.181048+00:00,99.0,200,bid,,,11999190
2026-06-29T13:10:12.774231,2026-06-29T03:10:13.281048+00:00,99.0,200,ask,,,11999205
2026-06-29T13:10:13.281833,2026-06-29T03:10:13.786702+00:00,99.2,2,bid,,,11999220
2026-06-29T13:10:13.281833,2026-06-29T03:10:13.797702+00:00,99.2,18,bid,,,11999221
2026-06-29T13:10:16.913037,2026-06-29T03:10:17.427742+00:00,99.2,3,bid,,,11999298
2026-06-29T13:10:17.610721,2026-06-29T03:10:18.122733+00:00,99.2,200,ask,,,11999316
2026-06-29T13:10:20.029258,2026-06-29T03:10:20.541757+00:00,99.3,3,bid,,,11999361
2026-06-29T13:10:20.029258,2026-06-29T03:10:20.541757+00:00,99.3,197,bid,,,11999362
2026-06-29T13:10:23.479974,2026-06-29T03:10:23.995312+00:00,99.3,6,bid,,,11999421
2026-06-29T13:10:23.479974,2026-06-29T03:10:23.995312+00:00,99.3,200,bid,,,11999422
2026-06-29T13:10:23.653805,2026-06-29T03:10:24.160313+00:00,99.3,200,ask,,,11999424
2026-06-29T13:10:24.863526,2026-06-29T03:10:25.370313+00:00,99.3,200,bid,,,11999452
2026-06-29T13:10:26.073352,2026-06-29T03:10:26.579897+00:00,99.3,200,bid,,,11999476
2026-06-29T13:10:26.143359,2026-06-29T03:10:26.656897+00:00,99.3,8,bid,,,11999483
2026-06-29T13:10:26.253767,2026-06-29T03:10:26.766898+00:00,99.3,8,bid,,,11999491
2026-06-29T13:10:26.361518,2026-06-29T03:10:26.876897+00:00,99.3,7,bid,,,11999499
2026-06-29T13:10:26.466732,2026-06-29T03:10:26.975897+00:00,99.3,35,bid,,,11999505
2026-06-29T13:10:26.528814,2026-06-29T03:10:27.041897+00:00,99.3,25,bid,,,11999509
2026-06-29T13:10:26.555119,2026-06-29T03:10:27.063897+00:00,99.3,35,bid,,,11999510
2026-06-29T13:10:26.567100,2026-06-29T03:10:27.074897+00:00,99.3,25,bid,,,11999513
2026-06-29T13:10:26.571152,2026-06-29T03:10:27.085897+00:00,99.1,2,ask,,,11999514
2026-06-29T13:10:26.777762,2026-06-29T03:10:27.294898+00:00,99.1,2,ask,,,11999522
2026-06-29T13:10:26.982230,2026-06-29T03:10:27.492897+00:00,99.1,2,ask,,,11999525
2026-06-29T13:10:27.187844,2026-06-29T03:10:27.701897+00:00,99.1,2,ask,,,11999526
2026-06-29T13:10:27.281321,2026-06-29T03:10:27.789897+00:00,99.3,200,bid,,,11999531
2026-06-29T13:10:27.393649,2026-06-29T03:10:27.899430+00:00,99.1,2,ask,,,11999537
2026-06-29T13:10:27.598308,2026-06-29T03:10:28.108430+00:00,99.3,2,ask,,,11999547
2026-06-29T13:10:27.803428,2026-06-29T03:10:28.317430+00:00,99.3,2,ask,,,11999550
2026-06-29T13:10:28.009519,2026-06-29T03:10:28.514987+00:00,99.3,2,ask,,,11999554
2026-06-29T13:10:28.215203,2026-06-29T03:10:28.723988+00:00,99.3,2,ask,,,11999557
2026-06-29T13:10:28.421665,2026-06-29T03:10:28.932987+00:00,99.3,1,ask,,,11999561
2026-06-29T13:10:29.325013,2026-06-29T03:10:29.834987+00:00,99.3,20,ask,,,11999579
2026-06-29T13:10:29.713979,2026-06-29T03:10:30.230987+00:00,99.4,2,bid,,,11999591
2026-06-29T13:10:30.930915,2026-06-29T03:10:31.440988+00:00,99.5,4,bid,,,11999607
2026-06-29T13:10:30.930915,2026-06-29T03:10:31.440988+00:00,99.5,196,bid,,,11999608
2026-06-29T13:10:31.344643,2026-06-29T03:10:31.858979+00:00,99.4,4,bid,,,11999619
2026-06-29T13:10:32.155447,2026-06-29T03:10:32.661987+00:00,99.5,5,bid,,,11999638
2026-06-29T13:10:32.181512,2026-06-29T03:10:32.694978+00:00,99.5,35,ask,,,11999643
2026-06-29T13:10:32.232955,2026-06-29T03:10:32.738979+00:00,99.5,25,ask,,,11999646
2026-06-29T13:10:32.243744,2026-06-29T03:10:32.749988+00:00,99.6,2,bid,,,11999649
2026-06-29T13:10:32.449121,2026-06-29T03:10:32.958988+00:00,99.6,2,bid,,,11999661
2026-06-29T13:10:32.660291,2026-06-29T03:10:33.167978+00:00,99.6,2,bid,,,11999670
2026-06-29T13:10:32.864714,2026-06-29T03:10:33.376519+00:00,99.6,2,bid,,,11999671
2026-06-29T13:10:33.388094,2026-06-29T03:10:33.893528+00:00,99.5,35,bid,,,11999678
2026-06-29T13:10:33.474920,2026-06-29T03:10:33.981539+00:00,99.5,25,bid,,,11999682
2026-06-29T13:10:33.477278,2026-06-29T03:10:33.992539+00:00,99.5,35,bid,,,11999683
2026-06-29T13:10:33.551004,2026-06-29T03:10:34.058539+00:00,99.5,25,bid,,,11999686
2026-06-29T13:10:33.565042,2026-06-29T03:10:34.080539+00:00,99.5,30,bid,,,11999687
2026-06-29T13:10:39.268463,2026-06-29T03:10:39.775525+00:00,99.4,142,ask,,,11999796
2026-06-29T13:10:39.821856,2026-06-29T03:10:40.336525+00:00,99.4,20,ask,,,11999803
2026-06-29T13:10:40.521070,2026-06-29T03:10:41.029525+00:00,99.4,180,ask,,,11999814
2026-06-29T13:10:41.832436,2026-06-29T03:10:42.349545+00:00,99.4,200,bid,,,11999834
2026-06-29T13:10:41.845147,2026-06-29T03:10:42.360545+00:00,99.4,200,ask,,,11999836
2026-06-29T13:10:43.148487,2026-06-29T03:10:43.657555+00:00,99.4,200,ask,,,11999871
2026-06-29T13:10:44.265429,2026-06-29T03:10:44.779576+00:00,99.3,200,bid,,,11999893
2026-06-29T13:10:45.476238,2026-06-29T03:10:45.989576+00:00,99.4,200,ask,,,11999913
2026-06-29T13:10:45.548011,2026-06-29T03:10:46.055576+00:00,99.4,45,ask,,,11999916
2026-06-29T13:10:45.576377,2026-06-29T03:10:46.088161+00:00,99.4,25,ask,,,11999922
2026-06-29T13:10:45.701290,2026-06-29T03:10:46.208686+00:00,99.4,25,ask,,,11999926
2026-06-29T13:10:45.785840,2026-06-29T03:10:46.296686+00:00,99.4,25,ask,,,11999935
2026-06-29T13:10:45.912217,2026-06-29T03:10:46.427804+00:00,99.4,25,ask,,,11999940
2026-06-29T13:10:45.996225,2026-06-29T03:10:46.504804+00:00,99.4,5,ask,,,11999943
2026-06-29T13:10:46.689615,2026-06-29T03:10:47.197695+00:00,99.4,200,ask,,,11999961
2026-06-29T13:10:48.392884,2026-06-29T03:10:48.901769+00:00,99.2,2,ask,,,11999990
2026-06-29T13:10:49.108524,2026-06-29T03:10:49.616790+00:00,99.1,200,ask,,,11999997
2026-06-29T13:10:50.317642,2026-06-29T03:10:50.826789+00:00,99.1,3,ask,,,12000025
2026-06-29T13:10:50.317642,2026-06-29T03:10:50.826789+00:00,99.1,197,ask,,,12000026
2026-06-29T13:10:53.321185,2026-06-29T03:10:53.829416+00:00,99.1,20,bid,,,12000090
2026-06-29T13:10:54.569130,2026-06-29T03:10:55.083427+00:00,99.2,8,bid,,,12000117
2026-06-29T13:10:54.697859,2026-06-29T03:10:55.204427+00:00,99.2,6,bid,,,12000124
2026-06-29T13:10:54.820335,2026-06-29T03:10:55.325427+00:00,99.2,20,bid,,,12000131
2026-06-29T13:10:56.380580,2026-06-29T03:10:56.886985+00:00,99.3,200,bid,,,12000158
2026-06-29T13:10:58.155255,2026-06-29T03:10:58.668543+00:00,99.3,500,ask,,,12000200
2026-06-29T13:10:58.222074,2026-06-29T03:10:58.734542+00:00,99.5,5,bid,,,12000201
2026-06-29T13:10:58.222074,2026-06-29T03:10:58.734542+00:00,99.5,15,bid,,,12000202
2026-06-29T13:10:58.548445,2026-06-29T03:10:59.053542+00:00,99.4,10,bid,,,12000209
2026-06-29T13:10:58.553235,2026-06-29T03:10:59.064542+00:00,99.5,2,bid,,,12000210
2026-06-29T13:10:58.755434,2026-06-29T03:10:59.262534+00:00,99.3,125,ask,,,12000215
2026-06-29T13:10:58.755434,2026-06-29T03:10:59.262534+00:00,99.3,200,ask,,,12000216
2026-06-29T13:10:58.775300,2026-06-29T03:10:59.284542+00:00,99.3,2,bid,,,12000217
2026-06-29T13:10:58.814729,2026-06-29T03:10:59.328542+00:00,99.3,75,bid,,,12000220
2026-06-29T13:10:58.832962,2026-06-29T03:10:59.339534+00:00,99.3,25,bid,,,12000223
2026-06-29T13:10:58.903121,2026-06-29T03:10:59.416542+00:00,99.3,35,bid,,,12000226
2026-06-29T13:10:58.984673,2026-06-29T03:10:59.493542+00:00,99.3,25,bid,,,12000229
2026-06-29T13:10:58.988388,2026-06-29T03:10:59.504542+00:00,99.3,2,bid,,,12000230
2026-06-29T13:10:58.990842,2026-06-29T03:10:59.504542+00:00,99.3,11,bid,,,12000231
2026-06-29T13:10:58.990842,2026-06-29T03:10:59.504542+00:00,99.3,24,bid,,,12000232
2026-06-29T13:10:59.043883,2026-06-29T03:10:59.559542+00:00,99.3,25,bid,,,12000235
2026-06-29T13:10:59.080229,2026-06-29T03:10:59.592542+00:00,99.3,5,bid,,,12000236
2026-06-29T13:10:59.192598,2026-06-29T03:10:59.702542+00:00,99.3,2,bid,,,12000241
2026-06-29T13:10:59.398455,2026-06-29T03:10:59.911542+00:00,99.3,2,bid,,,12000245
2026-06-29T13:10:59.603031,2026-06-29T03:11:00.109542+00:00,99.3,2,bid,,,12000247
2026-06-29T13:10:59.808201,2026-06-29T03:11:00.318543+00:00,99.3,2,bid,,,12000249
2026-06-29T13:11:00.013727,2026-06-29T03:11:00.527562+00:00,99.3,1,bid,,,12000255
2026-06-29T13:11:00.203543,2026-06-29T03:11:00.714562+00:00,99.3,500,bid,,,12000261
2026-06-29T13:11:00.590165,2026-06-29T03:11:01.110562+00:00,99.3,125,ask,,,12000267
2026-06-29T13:11:00.590165,2026-06-29T03:11:01.110562+00:00,99.2,200,ask,,,12000268
2026-06-29T13:11:01.237046,2026-06-29T03:11:01.748553+00:00,99.1,1,ask,,,12000277
2026-06-29T13:11:03.653696,2026-06-29T03:11:04.167809+00:00,99.1,200,bid,,,12000321
2026-06-29T13:11:05.449442,2026-06-29T03:11:05.960818+00:00,99.1,500,bid,,,12000354
2026-06-29T13:11:05.449442,2026-06-29T03:11:05.960818+00:00,99.2,125,bid,,,12000355
2026-06-29T13:11:07.285382,2026-06-29T03:11:07.797385+00:00,99.1,200,bid,,,12000392
2026-06-29T13:11:12.271948,2026-06-29T03:11:12.779964+00:00,99.2,20,bid,,,12000448
2026-06-29T13:11:17.275712,2026-06-29T03:11:17.784113+00:00,99.0,200,bid,,,12000514
2026-06-29T13:11:19.410447,2026-06-29T03:11:19.916787+00:00,99.1,200,bid,,,12000556
2026-06-29T13:11:21.108599,2026-06-29T03:11:21.621787+00:00,99.1,20,bid,,,12000596
2026-06-29T13:11:21.827503,2026-06-29T03:11:22.336899+00:00,99.1,200,bid,,,12000619
2026-06-29T13:11:23.838826,2026-06-29T03:11:24.349286+00:00,99.1,200,bid,,,12000658
2026-06-29T13:11:23.838826,2026-06-29T03:11:24.349286+00:00,99.2,9,bid,,,12000659
2026-06-29T13:11:23.861049,2026-06-29T03:11:24.371286+00:00,99.2,25,ask,,,12000660
2026-06-29T13:11:23.896344,2026-06-29T03:11:24.404286+00:00,99.2,25,ask,,,12000662
2026-06-29T13:11:23.918922,2026-06-29T03:11:24.426286+00:00,99.2,35,ask,,,12000666
2026-06-29T13:11:24.011687,2026-06-29T03:11:24.525286+00:00,99.2,35,ask,,,12000670
2026-06-29T13:11:24.073391,2026-06-29T03:11:24.580286+00:00,99.2,25,ask,,,12000671
2026-06-29T13:11:24.100441,2026-06-29T03:11:24.613286+00:00,99.2,5,ask,,,12000674
2026-06-29T13:11:24.248939,2026-06-29T03:11:24.756085+00:00,99.2,200,ask,,,12000678
2026-06-29T13:11:25.154936,2026-06-29T03:11:25.669085+00:00,98.9,1,ask,,,12000702
2026-06-29T13:11:25.154936,2026-06-29T03:11:25.669085+00:00,98.9,500,ask,,,12000703
2026-06-29T13:11:25.420607,2026-06-29T03:11:25.933085+00:00,98.9,124,bid,,,12000705
2026-06-29T13:11:26.588901,2026-06-29T03:11:27.098644+00:00,99.1,35,bid,,,12000735
2026-06-29T13:11:27.774528,2026-06-29T03:11:28.287635+00:00,99.2,200,bid,,,12000768
2026-06-29T13:11:29.094112,2026-06-29T03:11:29.607181+00:00,99.3,6,bid,,,12000799
2026-06-29T13:11:29.100760,2026-06-29T03:11:29.607181+00:00,99.3,200,ask,,,12000800
2026-06-29T13:11:30.310083,2026-06-29T03:11:30.816716+00:00,99.3,200,ask,,,12000829
2026-06-29T13:11:30.444971,2026-06-29T03:11:30.959715+00:00,99.3,35,bid,,,12000830
2026-06-29T13:11:30.498620,2026-06-29T03:11:31.003716+00:00,99.3,25,bid,,,12000833
2026-06-29T13:11:30.536269,2026-06-29T03:11:31.047715+00:00,99.3,33,bid,,,12000835
2026-06-29T13:11:30.538944,2026-06-29T03:11:31.047715+00:00,99.3,25,bid,,,12000836
2026-06-29T13:11:30.626809,2026-06-29T03:11:31.135715+00:00,99.1,17,ask,,,12000838
2026-06-29T13:11:31.517300,2026-06-29T03:11:32.026716+00:00,99.3,200,bid,,,12000854
2026-06-29T13:11:32.952701,2026-06-29T03:11:33.467272+00:00,99.3,3,bid,,,12000885
2026-06-29T13:11:32.952701,2026-06-29T03:11:33.467272+00:00,99.3,22,bid,,,12000886
2026-06-29T13:11:32.956668,2026-06-29T03:11:33.467272+00:00,99.3,17,bid,,,12000887
2026-06-29T13:11:33.031575,2026-06-29T03:11:33.544272+00:00,99.3,161,bid,,,12000890
2026-06-29T13:11:33.035268,2026-06-29T03:11:33.544272+00:00,99.3,3,ask,,,12000891
2026-06-29T13:11:36.731725,2026-06-29T03:11:37.239820+00:00,99.4,2,bid,,,12000977
2026-06-29T13:11:36.731725,2026-06-29T03:11:37.239820+00:00,99.4,18,bid,,,12000978
2026-06-29T13:11:37.458322,2026-06-29T03:11:37.965811+00:00,99.4,20,bid,,,12000993
2026-06-29T13:11:42.187411,2026-06-29T03:11:42.694725+00:00,99.2,20,ask,,,12001091
2026-06-29T13:11:43.502884,2026-06-29T03:11:44.014273+00:00,99.3,200,ask,,,12001120
2026-06-29T13:11:44.835847,2026-06-29T03:11:45.345272+00:00,99.2,200,ask,,,12001148
2026-06-29T13:11:48.470056,2026-06-29T03:11:48.985296+00:00,99.0,2,ask,,,12001219
2026-06-29T13:11:48.470056,2026-06-29T03:11:48.985296+00:00,99.0,198,ask,,,12001220
2026-06-29T13:11:50.053019,2026-06-29T03:11:50.569305+00:00,98.9,200,ask,,,12001247
2026-06-29T13:11:50.852535,2026-06-29T03:11:51.361296+00:00,98.9,425,bid,,,12001261
2026-06-29T13:11:50.892724,2026-06-29T03:11:51.405296+00:00,98.9,75,ask,,,12001264
2026-06-29T13:11:51.359744,2026-06-29T03:11:51.867305+00:00,98.9,125,bid,,,12001270
2026-06-29T13:11:52.099361,2026-06-29T03:11:52.615409+00:00,99.1,200,ask,,,12001280
2026-06-29T13:11:53.348307,2026-06-29T03:11:53.857967+00:00,99.1,25,bid,,,12001299
2026-06-29T13:11:53.561677,2026-06-29T03:11:54.066959+00:00,99.1,25,bid,,,12001307
2026-06-29T13:11:53.771409,2026-06-29T03:11:54.286501+00:00,99.1,13,bid,,,12001313
2026-06-29T13:11:56.955116,2026-06-29T03:11:57.465136+00:00,99.0,200,ask,,,12001365
2026-06-29T13:11:58.160486,2026-06-29T03:11:58.674253+00:00,99.0,200,bid,,,12001399
2026-06-29T13:11:59.373968,2026-06-29T03:11:59.883787+00:00,98.9,200,ask,,,12001422
2026-06-29T13:11:59.478729,2026-06-29T03:11:59.993787+00:00,99.1,20,bid,,,12001426
2026-06-29T13:12:00.577512,2026-06-29T03:12:01.093787+00:00,99.0,500,ask,,,12001453
2026-06-29T13:12:01.153697,2026-06-29T03:12:01.665787+00:00,99.0,125,bid,,,12001460
2026-06-29T13:12:01.884684,2026-06-29T03:12:02.392188+00:00,99.1,200,bid,,,12001467
2026-06-29T13:12:01.893406,2026-06-29T03:12:02.403179+00:00,99.2,10,ask,,,12001469
2026-06-29T13:12:03.017444,2026-06-29T03:12:03.524324+00:00,99.2,200,ask,,,12001492
2026-06-29T13:12:07.128780,2026-06-29T03:12:07.637878+00:00,99.3,3,bid,,,12001556
2026-06-29T13:12:07.128780,2026-06-29T03:12:07.637878+00:00,99.3,200,bid,,,12001557
2026-06-29T13:12:07.128780,2026-06-29T03:12:07.637878+00:00,99.4,422,bid,,,12001558
2026-06-29T13:12:08.449600,2026-06-29T03:12:08.956603+00:00,99.3,200,ask,,,12001583
2026-06-29T13:12:10.287835,2026-06-29T03:12:10.793623+00:00,99.1,200,ask,,,12001610
2026-06-29T13:12:11.496380,2026-06-29T03:12:12.003622+00:00,99.2,200,ask,,,12001627
2026-06-29T13:12:12.522694,2026-06-29T03:12:13.037623+00:00,99.0,9,ask,,,12001641
2026-06-29T13:12:12.522694,2026-06-29T03:12:13.037623+00:00,99.0,11,ask,,,12001642
2026-06-29T13:12:16.316332,2026-06-29T03:12:16.830848+00:00,99.0,8,ask,,,12001704
2026-06-29T13:12:16.316332,2026-06-29T03:12:16.830848+00:00,99.0,200,ask,,,12001705
