timestamp,recv_time,price,volume,aggressor_side,buyer,seller,trade_id
2026-07-06T09:00:00.797453,2026-07-06T09:00:00.808183+00:00,164.4,20,bid,BrilliantBurritos,YieldingYams,9338287
2026-07-06T09:00:01.225475,2026-07-06T09:00:01.234022+00:00,164.3,8,ask,WavyWalnuts,Zhangyue Shen,9338294
2026-07-06T09:00:01.854988,2026-07-06T09:00:01.854698+00:00,164.3,200,ask,WavyWalnuts,YieldingYams,9338299
2026-07-06T09:00:03.249702,2026-07-06T09:00:03.254755+00:00,164.2,23,ask,WavyWalnuts,Xuanyu Liu,9338319
2026-07-06T09:00:03.253646,2026-07-06T09:00:03.275372+00:00,164.2,8,ask,WavyWalnuts,Zhangyue Shen,9338320
2026-07-06T09:00:03.765610,2026-07-06T09:00:03.775249+00:00,164.3,200,bid,WavyWalnuts,YieldingYams,9338323
2026-07-06T09:00:06.772783,2026-07-06T09:00:06.779898+00:00,164.3,8,bid,Zhangyue Shen,YieldingYams,9338369
2026-07-06T09:00:11.046856,2026-07-06T09:00:11.058554+00:00,164.0,200,bid,YieldingYams,WavyWalnuts,9338406
2026-07-06T09:00:11.199383,2026-07-06T09:00:11.269129+00:00,164.4,20,bid,BrilliantBurritos,YieldingYams,9338410
2026-07-06T09:00:11.575641,2026-07-06T09:00:11.587552+00:00,164.1,8,ask,YieldingYams,Zhangyue Shen,9338415
2026-07-06T09:00:12.223107,2026-07-06T09:00:12.230153+00:00,164.1,200,ask,YieldingYams,WavyWalnuts,9338422
2026-07-06T09:00:12.846934,2026-07-06T09:00:12.856408+00:00,163.9,8,ask,YieldingYams,Zhangyue Shen,9338429
2026-07-06T09:00:13.864240,2026-07-06T09:00:13.876169+00:00,163.9,8,ask,WavyWalnuts,Zhangyue Shen,9338442
2026-07-06T09:00:14.567055,2026-07-06T09:00:14.571263+00:00,163.9,11,ask,WavyWalnuts,Xuanyu Liu,9338448
2026-07-06T09:00:15.110134,2026-07-06T09:00:15.122194+00:00,164.0,20,bid,BrilliantBurritos,WavyWalnuts,9338459
2026-07-06T09:00:15.864203,2026-07-06T09:00:15.867826+00:00,164.0,12,ask,WavyWalnuts,Xuanyu Liu,9338472
2026-07-06T09:00:15.907952,2026-07-06T09:00:15.914676+00:00,164.0,8,ask,WavyWalnuts,Zhangyue Shen,9338473
2026-07-06T09:00:18.942878,2026-07-06T09:00:18.946931+00:00,164.2,11,ask,YieldingYams,Xuanyu Liu,9338508
2026-07-06T09:00:19.192634,2026-07-06T09:00:19.204627+00:00,164.2,20,ask,YieldingYams,BrilliantBurritos,9338513
2026-07-06T09:00:19.214612,2026-07-06T09:00:19.225360+00:00,164.2,8,ask,YieldingYams,Zhangyue Shen,9338515
2026-07-06T09:00:19.496572,2026-07-06T09:00:19.501361+00:00,164.3,11,ask,WavyWalnuts,Xuanyu Liu,9338519
2026-07-06T09:00:20.990113,2026-07-06T09:00:20.994383+00:00,164.4,8,bid,Xuanyu Liu,YieldingYams,9338541
2026-07-06T09:00:21.241142,2026-07-06T09:00:21.249911+00:00,164.3,8,ask,WavyWalnuts,Zhangyue Shen,9338546
2026-07-06T09:00:21.649925,2026-07-06T09:00:21.654107+00:00,164.3,20,ask,WavyWalnuts,BrilliantBurritos,9338559
2026-07-06T09:00:21.902612,2026-07-06T09:00:21.910118+00:00,164.4,200,bid,WavyWalnuts,YieldingYams,9338567
2026-07-06T09:00:23.112487,2026-07-06T09:00:23.124034+00:00,164.4,200,bid,WavyWalnuts,YieldingYams,9338575
2026-07-06T09:00:25.510701,2026-07-06T09:00:25.514568+00:00,164.3,3,bid,Xuanyu Liu,YieldingYams,9338601
2026-07-06T09:00:29.276849,2026-07-06T09:00:29.289345+00:00,164.3,8,bid,Zhangyue Shen,YieldingYams,9338649
2026-07-06T09:00:30.328256,2026-07-06T09:00:30.332589+00:00,164.3,11,bid,Xuanyu Liu,AverageAlmonds,9338661
2026-07-06T09:00:30.360147,2026-07-06T09:00:30.372384+00:00,164.2,20,ask,WavyWalnuts,BrilliantBurritos,9338662
2026-07-06T09:00:30.418768,2026-07-06T09:00:30.429537+00:00,164.3,200,bid,WavyWalnuts,AverageAlmonds,9338663
2026-07-06T09:00:30.899650,2026-07-06T09:00:30.906355+00:00,164.1,500,ask,YieldingYams,AverageAlmonds,9338672
2026-07-06T09:00:31.497511,2026-07-06T09:00:31.527753+00:00,164.1,125,ask,YieldingYams,AverageAlmonds,9338678
2026-07-06T09:00:31.523201,2026-07-06T09:00:31.527753+00:00,164.0,35,bid,Xuanyu Liu,AverageAlmonds,9338681
2026-07-06T09:00:31.629008,2026-07-06T09:00:31.636368+00:00,164.0,200,bid,WavyWalnuts,AverageAlmonds,9338682
2026-07-06T09:00:32.343482,2026-07-06T09:00:32.358618+00:00,163.7,8,ask,YieldingYams,Zhangyue Shen,9338696
2026-07-06T09:00:32.839690,2026-07-06T09:00:32.858615+00:00,164.0,200,bid,WavyWalnuts,YieldingYams,9338704
2026-07-06T09:00:32.849540,2026-07-06T09:00:32.858615+00:00,163.7,8,ask,YieldingYams,Zhangyue Shen,9338705
2026-07-06T09:00:32.918967,2026-07-06T09:00:32.930762+00:00,163.7,20,ask,YieldingYams,BrilliantBurritos,9338706
2026-07-06T09:00:33.366298,2026-07-06T09:00:33.370373+00:00,163.9,23,ask,YieldingYams,Xuanyu Liu,9338711
2026-07-06T09:00:34.546790,2026-07-06T09:00:34.554691+00:00,163.9,500,ask,YieldingYams,AverageAlmonds,9338726
2026-07-06T09:00:34.914654,2026-07-06T09:00:34.923354+00:00,163.8,8,ask,WavyWalnuts,Zhangyue Shen,9338733
2026-07-06T09:00:35.671232,2026-07-06T09:00:35.683246+00:00,163.7,8,ask,WavyWalnuts,Zhangyue Shen,9338745
2026-07-06T09:00:37.689064,2026-07-06T09:00:37.698871+00:00,163.5,200,ask,YieldingYams,WavyWalnuts,9338772
2026-07-06T09:00:39.228429,2026-07-06T09:00:39.240611+00:00,163.3,8,ask,YieldingYams,Zhangyue Shen,9338793
2026-07-06T09:00:39.928734,2026-07-06T09:00:39.932999+00:00,163.4,12,ask,YieldingYams,Xuanyu Liu,9338802
2026-07-06T09:00:43.268201,2026-07-06T09:00:43.280484+00:00,163.2,8,ask,WavyWalnuts,Zhangyue Shen,9338853
2026-07-06T09:00:44.064176,2026-07-06T09:00:44.071413+00:00,163.4,20,bid,BrilliantBurritos,YieldingYams,9338862
2026-07-06T09:00:45.174697,2026-07-06T09:00:45.178771+00:00,163.3,11,ask,YieldingYams,Xuanyu Liu,9338882
2026-07-06T09:00:45.327503,2026-07-06T09:00:45.337944+00:00,163.3,3,ask,YieldingYams,Zhangyue Shen,9338887
2026-07-06T09:00:47.587748,2026-07-06T09:00:47.600130+00:00,163.2,8,ask,YieldingYams,Zhangyue Shen,9338914
2026-07-06T09:00:48.294266,2026-07-06T09:00:48.306612+00:00,163.2,20,ask,WavyWalnuts,BrilliantBurritos,9338917
2026-07-06T09:00:48.767079,2026-07-06T09:00:48.778721+00:00,163.3,20,ask,WavyWalnuts,BrilliantBurritos,9338921
2026-07-06T09:00:54.184064,2026-07-06T09:00:54.196085+00:00,163.2,20,ask,YieldingYams,BrilliantBurritos,9339004
2026-07-06T09:00:57.678418,2026-07-06T09:00:57.690356+00:00,163.1,8,bid,Zhangyue Shen,YieldingYams,9339051
2026-07-06T09:00:58.277101,2026-07-06T09:00:58.281046+00:00,163.0,4,bid,Xuanyu Liu,YieldingYams,9339057
2026-07-06T09:00:59.569627,2026-07-06T09:00:59.594476+00:00,162.9,200,ask,WavyWalnuts,YieldingYams,9339073
2026-07-06T09:00:59.590142,2026-07-06T09:00:59.594476+00:00,162.9,7,bid,Xuanyu Liu,YieldingYams,9339077
2026-07-06T09:01:00.463564,2026-07-06T09:01:00.475571+00:00,162.9,3,bid,Zhangyue Shen,YieldingYams,9339092
2026-07-06T09:01:00.700374,2026-07-06T09:01:00.709591+00:00,162.9,200,bid,WavyWalnuts,YieldingYams,9339095
2026-07-06T09:01:00.719141,2026-07-06T09:01:00.730838+00:00,162.6,8,ask,YieldingYams,Zhangyue Shen,9339098
2026-07-06T09:01:02.192913,2026-07-06T09:01:02.200741+00:00,162.8,200,ask,WavyWalnuts,YieldingYams,9339121
2026-07-06T09:01:04.482784,2026-07-06T09:01:04.494725+00:00,162.9,8,bid,Zhangyue Shen,WavyWalnuts,9339151
2026-07-06T09:01:05.537083,2026-07-06T09:01:05.545973+00:00,162.8,200,ask,AverageAlmonds,WavyWalnuts,9339165
2026-07-06T09:01:06.510795,2026-07-06T09:01:06.518651+00:00,163.1,8,bid,Zhangyue Shen,YieldingYams,9339187
2026-07-06T09:01:06.746113,2026-07-06T09:01:06.758580+00:00,162.9,200,ask,YieldingYams,WavyWalnuts,9339194
2026-07-06T09:01:07.465237,2026-07-06T09:01:07.469629+00:00,163.0,12,bid,Xuanyu Liu,YieldingYams,9339202
2026-07-06T09:01:07.964319,2026-07-06T09:01:07.968214+00:00,162.8,23,bid,Xuanyu Liu,WavyWalnuts,9339210
2026-07-06T09:01:08.553517,2026-07-06T09:01:08.561194+00:00,162.8,16,bid,Zhangyue Shen,WavyWalnuts,9339225
2026-07-06T09:01:09.164749,2026-07-06T09:01:09.175518+00:00,162.7,200,ask,AverageAlmonds,WavyWalnuts,9339233
2026-07-06T09:01:09.811813,2026-07-06T09:01:09.818751+00:00,162.8,8,ask,AverageAlmonds,Zhangyue Shen,9339242
2026-07-06T09:01:10.376698,2026-07-06T09:01:10.383704+00:00,162.8,200,ask,AverageAlmonds,WavyWalnuts,9339250
2026-07-06T09:01:12.072331,2026-07-06T09:01:12.081145+00:00,162.9,500,bid,AverageAlmonds,YieldingYams,9339273
2026-07-06T09:01:12.088275,2026-07-06T09:01:12.102321+00:00,162.9,8,bid,Zhangyue Shen,YieldingYams,9339274
2026-07-06T09:01:12.667380,2026-07-06T09:01:12.674909+00:00,162.9,117,bid,AverageAlmonds,YieldingYams,9339281
2026-07-06T09:01:13.999525,2026-07-06T09:01:14.007728+00:00,163.0,200,bid,WavyWalnuts,YieldingYams,9339299
2026-07-06T09:01:16.416270,2026-07-06T09:01:16.427297+00:00,163.1,200,ask,YieldingYams,WavyWalnuts,9339331
2026-07-06T09:01:17.149713,2026-07-06T09:01:17.156324+00:00,163.2,8,bid,Zhangyue Shen,YieldingYams,9339345
2026-07-06T09:01:17.917124,2026-07-06T09:01:17.929262+00:00,163.2,8,bid,Zhangyue Shen,YieldingYams,9339359
2026-07-06T09:01:17.935779,2026-07-06T09:01:17.944839+00:00,163.0,200,ask,WavyWalnuts,YieldingYams,9339360
2026-07-06T09:01:18.827203,2026-07-06T09:01:18.836893+00:00,163.0,200,bid,WavyWalnuts,YieldingYams,9339375
2026-07-06T09:01:21.242023,2026-07-06T09:01:21.253601+00:00,163.0,200,bid,WavyWalnuts,YieldingYams,9339412
2026-07-06T09:01:22.446735,2026-07-06T09:01:22.455620+00:00,163.3,8,bid,Zhangyue Shen,WavyWalnuts,9339436
2026-07-06T09:01:22.466172,2026-07-06T09:01:22.470036+00:00,163.1,11,bid,Xuanyu Liu,WavyWalnuts,9339438
2026-07-06T09:01:25.817985,2026-07-06T09:01:25.826892+00:00,163.0,200,ask,WavyWalnuts,YieldingYams,9339484
2026-07-06T09:01:26.069502,2026-07-06T09:01:26.079925+00:00,163.0,200,bid,WavyWalnuts,YieldingYams,9339486
2026-07-06T09:01:27.747012,2026-07-06T09:01:27.755723+00:00,163.2,8,bid,Zhangyue Shen,YieldingYams,9339518
2026-07-06T09:01:29.757005,2026-07-06T09:01:29.769032+00:00,163.2,8,bid,Zhangyue Shen,WavyWalnuts,9339547
2026-07-06T09:01:30.908184,2026-07-06T09:01:30.917088+00:00,163.1,200,ask,YieldingYams,WavyWalnuts,9339562
2026-07-06T09:01:32.029000,2026-07-06T09:01:32.039368+00:00,163.2,8,bid,Zhangyue Shen,YieldingYams,9339585
2026-07-06T09:01:32.282538,2026-07-06T09:01:32.294254+00:00,162.9,20,ask,YieldingYams,BrilliantBurritos,9339591
2026-07-06T09:01:33.299635,2026-07-06T09:01:33.311177+00:00,163.2,8,bid,Zhangyue Shen,WavyWalnuts,9339605
2026-07-06T09:01:35.032527,2026-07-06T09:01:35.036416+00:00,163.1,3,bid,Xuanyu Liu,YieldingYams,9339626
2026-07-06T09:01:35.753534,2026-07-06T09:01:35.763613+00:00,163.1,200,bid,WavyWalnuts,YieldingYams,9339636
2026-07-06T09:01:38.119407,2026-07-06T09:01:38.129647+00:00,162.9,200,ask,WavyWalnuts,AverageAlmonds,9339660
2026-07-06T09:01:38.119407,2026-07-06T09:01:38.129647+00:00,162.9,300,ask,YieldingYams,AverageAlmonds,9339661
2026-07-06T09:01:38.714821,2026-07-06T09:01:38.722442+00:00,162.9,325,ask,YieldingYams,AverageAlmonds,9339669
2026-07-06T09:01:39.078012,2026-07-06T09:01:39.090003+00:00,162.9,8,bid,Zhangyue Shen,AverageAlmonds,9339677
2026-07-06T09:01:41.805702,2026-07-06T09:01:41.817535+00:00,162.9,200,bid,WavyWalnuts,YieldingYams,9339709
2026-07-06T09:01:44.618239,2026-07-06T09:01:44.630697+00:00,162.8,8,ask,YieldingYams,Zhangyue Shen,9339755
2026-07-06T09:01:45.505859,2026-07-06T09:01:45.517429+00:00,162.9,200,bid,YieldingYams,WavyWalnuts,9339766
2026-07-06T09:01:45.523175,2026-07-06T09:01:45.527146+00:00,163.1,3,ask,YieldingYams,Xuanyu Liu,9339768
2026-07-06T09:01:45.627426,2026-07-06T09:01:45.634583+00:00,163.4,3,bid,Zhangyue Shen,AverageAlmonds,9339771
2026-07-06T09:01:46.645025,2026-07-06T09:01:46.655876+00:00,163.1,200,ask,YieldingYams,WavyWalnuts,9339780
2026-07-06T09:01:47.686965,2026-07-06T09:01:47.694260+00:00,163.1,8,bid,Zhangyue Shen,YieldingYams,9339807
2026-07-06T09:01:47.864755,2026-07-06T09:01:47.868480+00:00,163.0,3,bid,Xuanyu Liu,WavyWalnuts,9339811
2026-07-06T09:01:48.197703,2026-07-06T09:01:48.204895+00:00,163.0,3,bid,Zhangyue Shen,WavyWalnuts,9339818
2026-07-06T09:01:48.459404,2026-07-06T09:01:48.470547+00:00,163.0,3,bid,Zhangyue Shen,WavyWalnuts,9339825
2026-07-06T09:01:48.720993,2026-07-06T09:01:48.729315+00:00,163.0,3,bid,Zhangyue Shen,WavyWalnuts,9339831
2026-07-06T09:01:48.981757,2026-07-06T09:01:48.992226+00:00,163.0,3,bid,Zhangyue Shen,WavyWalnuts,9339833
2026-07-06T09:01:49.244073,2026-07-06T09:01:49.258571+00:00,163.0,3,bid,Zhangyue Shen,YieldingYams,9339836
2026-07-06T09:01:50.001413,2026-07-06T09:01:50.013637+00:00,163.0,8,bid,Zhangyue Shen,WavyWalnuts,9339852
2026-07-06T09:01:53.372103,2026-07-06T09:01:53.383537+00:00,163.1,200,ask,WavyWalnuts,YieldingYams,9339904
2026-07-06T09:01:55.313011,2026-07-06T09:01:55.322645+00:00,162.9,8,ask,YieldingYams,Zhangyue Shen,9339930
2026-07-06T09:01:55.826690,2026-07-06T09:01:55.836537+00:00,162.9,8,ask,YieldingYams,Zhangyue Shen,9339943
2026-07-06T09:01:57.192833,2026-07-06T09:01:57.197875+00:00,162.9,3,ask,WavyWalnuts,Xuanyu Liu,9339957
2026-07-06T09:01:57.314486,2026-07-06T09:01:57.318683+00:00,163.0,11,ask,YieldingYams,Xuanyu Liu,9339961
2026-07-06T09:01:57.535109,2026-07-06T09:01:57.546742+00:00,163.0,200,ask,YieldingYams,WavyWalnuts,9339965
2026-07-06T09:01:59.936399,2026-07-06T09:01:59.943587+00:00,163.0,200,bid,YieldingYams,WavyWalnuts,9340003
2026-07-06T09:02:00.366566,2026-07-06T09:02:00.371174+00:00,163.1,11,bid,Xuanyu Liu,WavyWalnuts,9340009
2026-07-06T09:02:01.280413,2026-07-06T09:02:01.288699+00:00,163.1,6,bid,Zhangyue Shen,YieldingYams,9340025
2026-07-06T09:02:02.370739,2026-07-06T09:02:02.382576+00:00,163.1,200,bid,WavyWalnuts,YieldingYams,9340041
2026-07-06T09:02:03.577481,2026-07-06T09:02:03.588900+00:00,163.0,8,bid,Zhangyue Shen,AverageAlmonds,9340057
2026-07-06T09:02:03.581366,2026-07-06T09:02:03.588900+00:00,163.0,200,bid,WavyWalnuts,AverageAlmonds,9340058
2026-07-06T09:02:03.833299,2026-07-06T09:02:03.844340+00:00,162.8,8,ask,YieldingYams,Zhangyue Shen,9340064
2026-07-06T09:02:04.790054,2026-07-06T09:02:04.801598+00:00,163.0,200,bid,WavyWalnuts,AverageAlmonds,9340072
2026-07-06T09:02:05.197518,2026-07-06T09:02:05.203069+00:00,162.9,11,ask,YieldingYams,Xuanyu Liu,9340080
2026-07-06T09:02:05.384776,2026-07-06T09:02:05.396439+00:00,162.9,500,ask,YieldingYams,AverageAlmonds,9340082
2026-07-06T09:02:06.492066,2026-07-06T09:02:06.502820+00:00,162.8,200,ask,WavyWalnuts,YieldingYams,9340102
2026-07-06T09:02:07.866746,2026-07-06T09:02:07.878446+00:00,162.8,8,bid,Zhangyue Shen,YieldingYams,9340119
2026-07-06T09:02:09.847519,2026-07-06T09:02:09.851127+00:00,162.9,14,bid,Xuanyu Liu,YieldingYams,9340149
2026-07-06T09:02:10.641193,2026-07-06T09:02:10.650178+00:00,162.8,8,ask,YieldingYams,Zhangyue Shen,9340163
2026-07-06T09:02:12.156405,2026-07-06T09:02:12.168543+00:00,163.0,8,bid,Zhangyue Shen,WavyWalnuts,9340186
2026-07-06T09:02:16.783525,2026-07-06T09:02:16.795416+00:00,162.9,20,bid,BrilliantBurritos,WavyWalnuts,9340243
2026-07-06T09:02:18.095968,2026-07-06T09:02:18.106656+00:00,162.9,200,bid,AverageAlmonds,WavyWalnuts,9340261
2026-07-06T09:02:18.435007,2026-07-06T09:02:18.447190+00:00,162.9,8,ask,AverageAlmonds,Zhangyue Shen,9340268
2026-07-06T09:02:21.857831,2026-07-06T09:02:21.869908+00:00,163.0,20,ask,WavyWalnuts,BrilliantBurritos,9340317
2026-07-06T09:02:23.335811,2026-07-06T09:02:23.342800+00:00,163.0,20,ask,YieldingYams,BrilliantBurritos,9340331
2026-07-06T09:02:24.873915,2026-07-06T09:02:24.895759+00:00,163.1,200,bid,YieldingYams,WavyWalnuts,9340353
2026-07-06T09:02:24.891817,2026-07-06T09:02:24.895759+00:00,163.2,3,ask,YieldingYams,Xuanyu Liu,9340357
2026-07-06T09:02:26.204025,2026-07-06T09:02:26.208529+00:00,163.1,3,bid,Xuanyu Liu,YieldingYams,9340370
2026-07-06T09:02:27.498467,2026-07-06T09:02:27.508876+00:00,163.0,200,ask,WavyWalnuts,YieldingYams,9340394
2026-07-06T09:02:27.498467,2026-07-06T09:02:27.508876+00:00,163.0,425,ask,AverageAlmonds,YieldingYams,9340395
2026-07-06T09:02:29.015959,2026-07-06T09:02:29.026870+00:00,163.1,200,ask,YieldingYams,WavyWalnuts,9340418
2026-07-06T09:02:30.131912,2026-07-06T09:02:30.135879+00:00,163.2,3,ask,YieldingYams,Xuanyu Liu,9340429
2026-07-06T09:02:30.233233,2026-07-06T09:02:30.244560+00:00,163.2,200,ask,YieldingYams,WavyWalnuts,9340432
2026-07-06T09:02:31.040718,2026-07-06T09:02:31.052423+00:00,163.2,8,ask,YieldingYams,Zhangyue Shen,9340444
2026-07-06T09:02:32.243444,2026-07-06T09:02:32.258614+00:00,163.3,20,bid,BrilliantBurritos,YieldingYams,9340467
2026-07-06T09:02:32.741762,2026-07-06T09:02:32.751836+00:00,163.1,200,bid,YieldingYams,WavyWalnuts,9340471
2026-07-06T09:02:35.360877,2026-07-06T09:02:35.368996+00:00,163.4,200,bid,YieldingYams,WavyWalnuts,9340506
2026-07-06T09:02:36.288715,2026-07-06T09:02:36.295988+00:00,163.5,200,ask,YieldingYams,WavyWalnuts,9340521
2026-07-06T09:02:38.712830,2026-07-06T09:02:38.722676+00:00,163.5,200,ask,YieldingYams,WavyWalnuts,9340563
2026-07-06T09:02:39.386458,2026-07-06T09:02:39.398135+00:00,163.5,8,ask,YieldingYams,Zhangyue Shen,9340578
2026-07-06T09:02:39.924823,2026-07-06T09:02:39.933513+00:00,163.5,200,ask,YieldingYams,WavyWalnuts,9340581
2026-07-06T09:02:41.135084,2026-07-06T09:02:41.146112+00:00,163.7,200,ask,YieldingYams,WavyWalnuts,9340595
2026-07-06T09:02:41.662492,2026-07-06T09:02:41.674123+00:00,163.7,8,ask,YieldingYams,Zhangyue Shen,9340606
2026-07-06T09:02:42.344827,2026-07-06T09:02:42.353642+00:00,163.6,200,ask,YieldingYams,WavyWalnuts,9340613
2026-07-06T09:02:44.228366,2026-07-06T09:02:44.240436+00:00,163.6,8,bid,Zhangyue Shen,WavyWalnuts,9340635
2026-07-06T09:02:44.650480,2026-07-06T09:02:44.655190+00:00,163.5,23,ask,YieldingYams,Xuanyu Liu,9340644
2026-07-06T09:02:44.756190,2026-07-06T09:02:44.763808+00:00,163.5,8,ask,YieldingYams,Zhangyue Shen,9340646
2026-07-06T09:02:44.768146,2026-07-06T09:02:44.779383+00:00,163.5,200,ask,YieldingYams,WavyWalnuts,9340648
2026-07-06T09:02:45.788230,2026-07-06T09:02:45.796140+00:00,163.5,8,ask,YieldingYams,Zhangyue Shen,9340662
2026-07-06T09:02:45.979450,2026-07-06T09:02:45.991464+00:00,163.4,200,ask,YieldingYams,WavyWalnuts,9340666
2026-07-06T09:02:49.588405,2026-07-06T09:02:49.592851+00:00,163.3,8,ask,WavyWalnuts,Zhangyue Shen,9340713
2026-07-06T09:02:50.976685,2026-07-06T09:02:50.980215+00:00,163.4,11,ask,YieldingYams,Xuanyu Liu,9340729
2026-07-06T09:02:52.734500,2026-07-06T09:02:52.746643+00:00,163.6,20,bid,BrilliantBurritos,WavyWalnuts,9340752
2026-07-06T09:02:53.659745,2026-07-06T09:02:53.671976+00:00,163.5,8,ask,WavyWalnuts,Zhangyue Shen,9340763
2026-07-06T09:02:55.439744,2026-07-06T09:02:55.458585+00:00,163.6,8,bid,Zhangyue Shen,YieldingYams,9340791
2026-07-06T09:02:56.353173,2026-07-06T09:02:56.360611+00:00,163.5,200,ask,WavyWalnuts,YieldingYams,9340801
2026-07-06T09:02:56.372178,2026-07-06T09:02:56.376115+00:00,163.5,11,bid,Xuanyu Liu,YieldingYams,9340803
2026-07-06T09:02:56.569153,2026-07-06T09:02:56.581479+00:00,163.5,20,bid,BrilliantBurritos,YieldingYams,9340804
2026-07-06T09:03:00.287437,2026-07-06T09:03:00.297498+00:00,163.4,200,ask,WavyWalnuts,YieldingYams,9340851
2026-07-06T09:03:00.729992,2026-07-06T09:03:00.736749+00:00,163.3,8,ask,WavyWalnuts,Zhangyue Shen,9340857
2026-07-06T09:03:02.916571,2026-07-06T09:03:02.926411+00:00,163.4,200,ask,WavyWalnuts,YieldingYams,9340889
2026-07-06T09:03:03.512752,2026-07-06T09:03:03.524027+00:00,163.4,20,bid,BrilliantBurritos,YieldingYams,9340895
2026-07-06T09:03:04.166056,2026-07-06T09:03:04.175045+00:00,163.4,200,bid,WavyWalnuts,YieldingYams,9340906
2026-07-06T09:03:07.444846,2026-07-06T09:03:07.448182+00:00,163.8,16,bid,Zhangyue Shen,YieldingYams,9340949
2026-07-06T09:03:08.966828,2026-07-06T09:03:08.979074+00:00,163.8,8,bid,Zhangyue Shen,WavyWalnuts,9340971
2026-07-06T09:03:09.030789,2026-07-06T09:03:09.035496+00:00,163.7,12,bid,Xuanyu Liu,WavyWalnuts,9340973
2026-07-06T09:03:09.460784,2026-07-06T09:03:09.470538+00:00,163.7,188,bid,YieldingYams,WavyWalnuts,9340978
2026-07-06T09:03:10.148632,2026-07-06T09:03:10.158550+00:00,163.7,437,ask,YieldingYams,AverageAlmonds,9340981
2026-07-06T09:03:11.437534,2026-07-06T09:03:11.464031+00:00,163.7,200,bid,WavyWalnuts,YieldingYams,9340993
2026-07-06T09:03:12.646155,2026-07-06T09:03:12.655302+00:00,163.8,200,bid,WavyWalnuts,YieldingYams,9341007
2026-07-06T09:03:13.262360,2026-07-06T09:03:13.270729+00:00,163.8,8,bid,Zhangyue Shen,YieldingYams,9341019
2026-07-06T09:03:13.388300,2026-07-06T09:03:13.400392+00:00,163.8,500,bid,YieldingYams,AverageAlmonds,9341020
2026-07-06T09:03:13.796984,2026-07-06T09:03:13.812049+00:00,163.8,125,ask,YieldingYams,AverageAlmonds,9341029
2026-07-06T09:03:14.697419,2026-07-06T09:03:14.708951+00:00,163.6,200,ask,WavyWalnuts,YieldingYams,9341040
2026-07-06T09:03:15.623878,2026-07-06T09:03:15.631671+00:00,163.6,8,bid,Zhangyue Shen,YieldingYams,9341054
2026-07-06T09:03:18.097093,2026-07-06T09:03:18.101964+00:00,163.6,14,bid,Xuanyu Liu,WavyWalnuts,9341095
2026-07-06T09:03:18.628221,2026-07-06T09:03:18.639813+00:00,163.6,186,bid,YieldingYams,WavyWalnuts,9341103
2026-07-06T09:03:19.664266,2026-07-06T09:03:19.676181+00:00,163.8,8,bid,Zhangyue Shen,WavyWalnuts,9341116
2026-07-06T09:03:22.587202,2026-07-06T09:03:22.593968+00:00,163.6,200,bid,YieldingYams,WavyWalnuts,9341140
2026-07-06T09:03:23.556662,2026-07-06T09:03:23.565470+00:00,163.6,200,ask,YieldingYams,WavyWalnuts,9341154
2026-07-06T09:03:24.710801,2026-07-06T09:03:24.717855+00:00,163.6,8,bid,Zhangyue Shen,YieldingYams,9341176
2026-07-06T09:03:27.300437,2026-07-06T09:03:27.312458+00:00,163.7,20,bid,BrilliantBurritos,YieldingYams,9341210
2026-07-06T09:03:31.707267,2026-07-06T09:03:31.719265+00:00,163.5,20,bid,BrilliantBurritos,WavyWalnuts,9341261
2026-07-06T09:03:34.456017,2026-07-06T09:03:34.468696+00:00,163.4,200,ask,YieldingYams,WavyWalnuts,9341292
2026-07-06T09:03:35.205357,2026-07-06T09:03:35.213847+00:00,163.4,20,ask,YieldingYams,BrilliantBurritos,9341306
2026-07-06T09:03:37.649318,2026-07-06T09:03:37.658584+00:00,163.6,20,bid,BrilliantBurritos,WavyWalnuts,9341330
2026-07-06T09:03:39.314058,2026-07-06T09:03:39.324949+00:00,163.6,200,bid,WavyWalnuts,YieldingYams,9341362
2026-07-06T09:03:40.525768,2026-07-06T09:03:40.533593+00:00,163.5,200,bid,WavyWalnuts,YieldingYams,9341379
2026-07-06T09:03:46.563481,2026-07-06T09:03:46.570721+00:00,163.5,35,bid,Tanishq Panjwani,YieldingYams,9341438
2026-07-06T09:03:46.566709,2026-07-06T09:03:46.570721+00:00,163.5,3,bid,Xuanyu Liu,YieldingYams,9341439
2026-07-06T09:03:46.653855,2026-07-06T09:03:46.663281+00:00,163.5,35,bid,Tanishq Panjwani,YieldingYams,9341441
2026-07-06T09:03:46.742086,2026-07-06T09:03:46.754114+00:00,163.5,27,bid,Tanishq Panjwani,YieldingYams,9341443
2026-07-06T09:03:48.994538,2026-07-06T09:03:49.005216+00:00,163.5,200,bid,WavyWalnuts,YieldingYams,9341473
2026-07-06T09:03:51.446919,2026-07-06T09:03:51.454454+00:00,163.5,200,ask,WavyWalnuts,YieldingYams,9341501
2026-07-06T09:03:51.479939,2026-07-06T09:03:51.491783+00:00,163.5,35,bid,Tanishq Panjwani,YieldingYams,9341502
2026-07-06T09:03:51.570563,2026-07-06T09:03:51.582607+00:00,163.5,35,bid,Tanishq Panjwani,YieldingYams,9341505
2026-07-06T09:03:51.659812,2026-07-06T09:03:51.671646+00:00,163.5,30,bid,Tanishq Panjwani,YieldingYams,9341508
2026-07-06T09:03:54.065316,2026-07-06T09:03:54.072526+00:00,163.6,200,bid,YieldingYams,WavyWalnuts,9341538
2026-07-06T09:03:56.686873,2026-07-06T09:03:56.697202+00:00,163.6,200,bid,YieldingYams,WavyWalnuts,9341565
2026-07-06T09:03:56.703493,2026-07-06T09:03:56.707379+00:00,163.7,3,ask,YieldingYams,Xuanyu Liu,9341567
2026-07-06T09:03:56.719944,2026-07-06T09:03:56.728104+00:00,163.7,35,ask,YieldingYams,Tanishq Panjwani,9341569
2026-07-06T09:03:56.808921,2026-07-06T09:03:56.815764+00:00,163.7,35,ask,YieldingYams,Tanishq Panjwani,9341571
2026-07-06T09:03:56.897255,2026-07-06T09:03:56.904329+00:00,163.7,27,ask,YieldingYams,Tanishq Panjwani,9341575
2026-07-06T09:03:57.449886,2026-07-06T09:03:57.461195+00:00,163.7,200,ask,YieldingYams,WavyWalnuts,9341582
2026-07-06T09:03:58.658298,2026-07-06T09:03:58.670211+00:00,163.6,200,bid,WavyWalnuts,YieldingYams,9341598
2026-07-06T09:04:00.576169,2026-07-06T09:04:00.580186+00:00,163.5,26,ask,YieldingYams,Xuanyu Liu,9341623
2026-07-06T09:04:00.592589,2026-07-06T09:04:00.600681+00:00,163.5,16,ask,YieldingYams,Tanishq Panjwani,9341625
2026-07-06T09:04:00.673960,2026-07-06T09:04:00.683960+00:00,163.6,8,ask,YieldingYams,Zhangyue Shen,9341626
2026-07-06T09:04:01.081014,2026-07-06T09:04:01.089699+00:00,163.6,200,ask,YieldingYams,WavyWalnuts,9341628
2026-07-06T09:04:01.194696,2026-07-06T09:04:01.206547+00:00,163.8,8,bid,Zhangyue Shen,YieldingYams,9341631
2026-07-06T09:04:01.708676,2026-07-06T09:04:01.716989+00:00,163.6,8,ask,YieldingYams,Zhangyue Shen,9341637
2026-07-06T09:04:02.366524,2026-07-06T09:04:02.370597+00:00,163.7,12,bid,Xuanyu Liu,WavyWalnuts,9341645
2026-07-06T09:04:03.807613,2026-07-06T09:04:03.814205+00:00,163.6,35,ask,YieldingYams,Tanishq Panjwani,9341660
2026-07-06T09:04:03.896803,2026-07-06T09:04:03.903579+00:00,163.6,35,ask,YieldingYams,Tanishq Panjwani,9341662
2026-07-06T09:04:03.985715,2026-07-06T09:04:03.995220+00:00,163.6,14,ask,YieldingYams,Tanishq Panjwani,9341667
2026-07-06T09:04:04.719015,2026-07-06T09:04:04.726656+00:00,163.6,200,ask,YieldingYams,WavyWalnuts,9341676
2026-07-06T09:04:05.930225,2026-07-06T09:04:05.940282+00:00,163.6,200,ask,YieldingYams,WavyWalnuts,9341696
2026-07-06T09:04:06.017490,2026-07-06T09:04:06.029442+00:00,163.6,8,ask,YieldingYams,Zhangyue Shen,9341698
2026-07-06T09:04:07.026391,2026-07-06T09:04:07.038327+00:00,163.9,8,bid,Zhangyue Shen,YieldingYams,9341714
2026-07-06T09:04:07.152350,2026-07-06T09:04:07.156582+00:00,163.7,11,bid,Xuanyu Liu,WavyWalnuts,9341720
2026-07-06T09:04:08.348174,2026-07-06T09:04:08.355625+00:00,163.6,200,ask,YieldingYams,WavyWalnuts,9341736
2026-07-06T09:04:13.304922,2026-07-06T09:04:13.317118+00:00,163.6,20,ask,YieldingYams,BrilliantBurritos,9341806
2026-07-06T09:04:19.502259,2026-07-06T09:04:19.506406+00:00,163.7,3,bid,Xuanyu Liu,WavyWalnuts,9341872
2026-07-06T09:04:22.475748,2026-07-06T09:04:22.487564+00:00,163.9,20,bid,BrilliantBurritos,YieldingYams,9341919
2026-07-06T09:04:23.365382,2026-07-06T09:04:23.378727+00:00,163.8,20,bid,BrilliantBurritos,WavyWalnuts,9341929
2026-07-06T09:04:25.303881,2026-07-06T09:04:25.313756+00:00,163.6,200,ask,YieldingYams,WavyWalnuts,9341955
2026-07-06T09:04:27.087617,2026-07-06T09:04:27.099521+00:00,163.6,8,bid,Zhangyue Shen,YieldingYams,9341980
2026-07-06T09:04:28.930188,2026-07-06T09:04:28.938939+00:00,163.5,200,bid,WavyWalnuts,YieldingYams,9342010
2026-07-06T09:04:30.792180,2026-07-06T09:04:30.800154+00:00,163.6,200,bid,YieldingYams,WavyWalnuts,9342033
2026-07-06T09:04:31.347404,2026-07-06T09:04:31.358505+00:00,163.6,200,ask,YieldingYams,WavyWalnuts,9342040
2026-07-06T09:04:31.903530,2026-07-06T09:04:31.913261+00:00,163.6,225,ask,YieldingYams,AverageAlmonds,9342049
2026-07-06T09:04:36.195474,2026-07-06T09:04:36.206860+00:00,163.4,200,ask,YieldingYams,WavyWalnuts,9342107
2026-07-06T09:04:37.403097,2026-07-06T09:04:37.414090+00:00,163.6,200,ask,YieldingYams,WavyWalnuts,9342124
2026-07-06T09:04:38.626225,2026-07-06T09:04:38.633777+00:00,163.6,200,ask,YieldingYams,WavyWalnuts,9342137
2026-07-06T09:04:38.685675,2026-07-06T09:04:38.689867+00:00,163.5,14,bid,Xuanyu Liu,YieldingYams,9342140
2026-07-06T09:04:38.691651,2026-07-06T09:04:38.705117+00:00,163.5,136,bid,Tanishq Panjwani,YieldingYams,9342141
2026-07-06T09:04:39.833819,2026-07-06T09:04:39.844478+00:00,163.3,200,ask,YieldingYams,WavyWalnuts,9342160
2026-07-06T09:04:41.041932,2026-07-06T09:04:41.051627+00:00,163.2,200,ask,YieldingYams,WavyWalnuts,9342175
2026-07-06T09:04:41.701898,2026-07-06T09:04:41.706402+00:00,163.2,14,ask,YieldingYams,Xuanyu Liu,9342186
2026-07-06T09:04:42.265436,2026-07-06T09:04:42.278042+00:00,163.5,20,bid,BrilliantBurritos,YieldingYams,9342192
2026-07-06T09:04:43.515955,2026-07-06T09:04:43.527192+00:00,163.3,35,ask,WavyWalnuts,Tanishq Panjwani,9342205
2026-07-06T09:04:43.607507,2026-07-06T09:04:43.618333+00:00,163.3,35,ask,WavyWalnuts,Tanishq Panjwani,9342207
2026-07-06T09:04:43.699172,2026-07-06T09:04:43.710398+00:00,163.3,35,ask,WavyWalnuts,Tanishq Panjwani,9342209
2026-07-06T09:04:43.796204,2026-07-06T09:04:43.808128+00:00,163.3,31,ask,WavyWalnuts,Tanishq Panjwani,9342212
2026-07-06T09:04:43.908276,2026-07-06T09:04:43.919109+00:00,163.3,64,ask,WavyWalnuts,YieldingYams,9342216
2026-07-06T09:04:54.412193,2026-07-06T09:04:54.424197+00:00,163.3,200,bid,YieldingYams,WavyWalnuts,9342368
2026-07-06T09:04:57.648552,2026-07-06T09:04:57.658547+00:00,163.1,8,ask,WavyWalnuts,Zhangyue Shen,9342399
2026-07-06T09:04:58.656057,2026-07-06T09:04:58.663921+00:00,163.1,8,ask,WavyWalnuts,Zhangyue Shen,9342415
2026-07-06T09:04:59.482359,2026-07-06T09:04:59.494128+00:00,163.3,20,bid,BrilliantBurritos,WavyWalnuts,9342419
2026-07-06T09:04:59.925892,2026-07-06T09:04:59.937928+00:00,163.1,8,ask,WavyWalnuts,Zhangyue Shen,9342427
2026-07-06T09:05:01.686062,2026-07-06T09:05:01.698024+00:00,163.5,8,bid,Zhangyue Shen,YieldingYams,9342455
2026-07-06T09:05:02.955698,2026-07-06T09:05:02.969538+00:00,163.4,8,ask,YieldingYams,Zhangyue Shen,9342478
2026-07-06T09:05:05.509108,2026-07-06T09:05:05.521126+00:00,163.5,20,ask,YieldingYams,BrilliantBurritos,9342516
2026-07-06T09:05:06.456404,2026-07-06T09:05:06.458645+00:00,163.4,200,ask,YieldingYams,WavyWalnuts,9342530
2026-07-06T09:05:10.175759,2026-07-06T09:05:10.179700+00:00,163.3,26,ask,WavyWalnuts,Xuanyu Liu,9342592
2026-07-06T09:05:10.251821,2026-07-06T09:05:10.262325+00:00,163.3,8,ask,WavyWalnuts,Zhangyue Shen,9342593
2026-07-06T09:05:11.370487,2026-07-06T09:05:11.374763+00:00,163.4,11,ask,WavyWalnuts,Xuanyu Liu,9342606
2026-07-06T09:05:11.459129,2026-07-06T09:05:11.469112+00:00,163.4,189,ask,WavyWalnuts,YieldingYams,9342611
2026-07-06T09:05:11.509627,2026-07-06T09:05:11.517156+00:00,163.1,8,ask,AverageAlmonds,Zhangyue Shen,9342612
2026-07-06T09:05:14.078902,2026-07-06T09:05:14.087727+00:00,163.2,500,ask,AverageAlmonds,YieldingYams,9342638
2026-07-06T09:05:14.078902,2026-07-06T09:05:14.087727+00:00,163.2,125,ask,WavyWalnuts,YieldingYams,9342639
2026-07-06T09:05:17.862243,2026-07-06T09:05:17.874052+00:00,163.2,8,ask,WavyWalnuts,Zhangyue Shen,9342692
2026-07-06T09:05:19.664877,2026-07-06T09:05:19.675320+00:00,163.2,16,ask,WavyWalnuts,Zhangyue Shen,9342719
2026-07-06T09:05:20.646290,2026-07-06T09:05:20.653554+00:00,163.2,200,ask,WavyWalnuts,YieldingYams,9342734
2026-07-06T09:05:22.193140,2026-07-06T09:05:22.200936+00:00,163.2,200,bid,WavyWalnuts,YieldingYams,9342744
2026-07-06T09:05:23.430302,2026-07-06T09:05:23.442030+00:00,163.3,20,bid,BrilliantBurritos,YieldingYams,9342759
2026-07-06T09:05:24.218356,2026-07-06T09:05:24.229123+00:00,163.1,8,ask,YieldingYams,Zhangyue Shen,9342769
2026-07-06T09:05:24.725945,2026-07-06T09:05:24.735557+00:00,163.1,8,ask,YieldingYams,Zhangyue Shen,9342781
2026-07-06T09:05:25.948692,2026-07-06T09:05:25.960689+00:00,163.2,20,ask,WavyWalnuts,BrilliantBurritos,9342796
2026-07-06T09:05:29.102031,2026-07-06T09:05:29.106173+00:00,163.5,11,bid,Xuanyu Liu,YieldingYams,9342834
2026-07-06T09:05:29.251291,2026-07-06T09:05:29.263926+00:00,163.5,8,bid,Zhangyue Shen,YieldingYams,9342835
2026-07-06T09:05:29.856607,2026-07-06T09:05:29.860560+00:00,163.4,12,bid,Xuanyu Liu,YieldingYams,9342844
2026-07-06T09:05:32.526209,2026-07-06T09:05:32.533603+00:00,163.5,8,bid,Zhangyue Shen,YieldingYams,9342870
2026-07-06T09:05:33.106246,2026-07-06T09:05:33.113962+00:00,163.5,200,bid,WavyWalnuts,YieldingYams,9342879
2026-07-06T09:05:34.253984,2026-07-06T09:05:34.260719+00:00,163.4,500,bid,AverageAlmonds,YieldingYams,9342891
2026-07-06T09:05:36.407428,2026-07-06T09:05:36.411630+00:00,163.3,11,bid,Xuanyu Liu,YieldingYams,9342923
2026-07-06T09:05:36.694249,2026-07-06T09:05:36.704185+00:00,163.3,500,bid,AverageAlmonds,YieldingYams,9342926
2026-07-06T09:05:36.824113,2026-07-06T09:05:36.833370+00:00,163.3,8,bid,Zhangyue Shen,YieldingYams,9342927
2026-07-06T09:05:37.698224,2026-07-06T09:05:37.705568+00:00,163.4,200,bid,YieldingYams,WavyWalnuts,9342936
2026-07-06T09:05:37.953354,2026-07-06T09:05:37.964244+00:00,163.4,200,ask,YieldingYams,WavyWalnuts,9342942
2026-07-06T09:05:38.672442,2026-07-06T09:05:38.684469+00:00,163.6,20,bid,BrilliantBurritos,YieldingYams,9342954
2026-07-06T09:05:42.798049,2026-07-06T09:05:42.807853+00:00,163.2,200,ask,YieldingYams,WavyWalnuts,9342996
2026-07-06T09:05:44.556426,2026-07-06T09:05:44.558565+00:00,163.3,200,bid,AverageAlmonds,WavyWalnuts,9343010
2026-07-06T09:05:45.464315,2026-07-06T09:05:45.476305+00:00,163.3,20,ask,AverageAlmonds,BrilliantBurritos,9343024
2026-07-06T09:05:46.658213,2026-07-06T09:05:46.670032+00:00,163.5,8,bid,Zhangyue Shen,YieldingYams,9343041
2026-07-06T09:05:46.883805,2026-07-06T09:05:46.893529+00:00,163.4,500,ask,AverageAlmonds,YieldingYams,9343048
2026-07-06T09:05:46.883805,2026-07-06T09:05:46.893529+00:00,163.3,125,ask,WavyWalnuts,YieldingYams,9343049
2026-07-06T09:05:47.631790,2026-07-06T09:05:47.641042+00:00,163.4,200,ask,AverageAlmonds,WavyWalnuts,9343060
2026-07-06T09:05:49.276338,2026-07-06T09:05:49.288059+00:00,163.5,8,bid,Zhangyue Shen,WavyWalnuts,9343084
2026-07-06T09:05:50.431120,2026-07-06T09:05:50.443153+00:00,163.4,20,ask,AverageAlmonds,BrilliantBurritos,9343093
2026-07-06T09:05:53.032845,2026-07-06T09:05:53.040018+00:00,163.4,500,bid,AverageAlmonds,YieldingYams,9343131
2026-07-06T09:05:53.642915,2026-07-06T09:05:53.658570+00:00,163.6,8,bid,Zhangyue Shen,WavyWalnuts,9343141
2026-07-06T09:05:54.780627,2026-07-06T09:05:54.793007+00:00,163.7,200,bid,YieldingYams,WavyWalnuts,9343159
2026-07-06T09:05:54.799872,2026-07-06T09:05:54.804047+00:00,163.7,11,ask,YieldingYams,Xuanyu Liu,9343161
2026-07-06T09:05:54.888157,2026-07-06T09:05:54.898572+00:00,163.7,200,ask,YieldingYams,WavyWalnuts,9343163
2026-07-06T09:05:55.725832,2026-07-06T09:05:55.733894+00:00,164.0,7,bid,Zhangyue Shen,YieldingYams,9343182
2026-07-06T09:05:56.101686,2026-07-06T09:05:56.112079+00:00,163.7,500,ask,AverageAlmonds,YieldingYams,9343187
2026-07-06T09:05:56.101686,2026-07-06T09:05:56.112079+00:00,163.6,125,ask,WavyWalnuts,YieldingYams,9343188
2026-07-06T09:05:56.232577,2026-07-06T09:05:56.240801+00:00,163.6,8,ask,WavyWalnuts,Zhangyue Shen,9343191
2026-07-06T09:05:57.307924,2026-07-06T09:05:57.316581+00:00,163.7,200,ask,AverageAlmonds,WavyWalnuts,9343206
2026-07-06T09:05:57.502753,2026-07-06T09:05:57.511133+00:00,163.8,8,bid,Zhangyue Shen,YieldingYams,9343211
2026-07-06T09:05:57.985359,2026-07-06T09:05:57.997080+00:00,163.8,20,bid,BrilliantBurritos,YieldingYams,9343216
2026-07-06T09:05:59.723584,2026-07-06T09:05:59.734272+00:00,163.6,200,ask,YieldingYams,WavyWalnuts,9343242
2026-07-06T09:06:00.024139,2026-07-06T09:06:00.033197+00:00,163.8,8,bid,Zhangyue Shen,YieldingYams,9343246
2026-07-06T09:06:01.342444,2026-07-06T09:06:01.361444+00:00,163.6,500,ask,AverageAlmonds,YieldingYams,9343262
2026-07-06T09:06:01.356508,2026-07-06T09:06:01.361444+00:00,163.6,11,bid,Xuanyu Liu,YieldingYams,9343264
2026-07-06T09:06:01.516845,2026-07-06T09:06:01.527414+00:00,163.6,114,bid,AverageAlmonds,YieldingYams,9343266
2026-07-06T09:06:01.610544,2026-07-06T09:06:01.617395+00:00,163.6,20,ask,AverageAlmonds,BrilliantBurritos,9343270
2026-07-06T09:06:03.381162,2026-07-06T09:06:03.390319+00:00,163.7,200,ask,YieldingYams,WavyWalnuts,9343289
2026-07-06T09:06:04.589647,2026-07-06T09:06:04.600660+00:00,163.7,200,ask,YieldingYams,WavyWalnuts,9343300
2026-07-06T09:06:05.154562,2026-07-06T09:06:05.169393+00:00,164.0,20,bid,BrilliantBurritos,YieldingYams,9343313
2026-07-06T09:06:05.797257,2026-07-06T09:06:05.808945+00:00,163.7,200,ask,YieldingYams,WavyWalnuts,9343321
2026-07-06T09:06:06.795634,2026-07-06T09:06:06.807466+00:00,163.8,20,bid,BrilliantBurritos,YieldingYams,9343342
2026-07-06T09:06:07.066321,2026-07-06T09:06:07.077841+00:00,163.7,8,bid,Zhangyue Shen,WavyWalnuts,9343348
2026-07-06T09:06:10.654121,2026-07-06T09:06:10.658569+00:00,163.7,200,bid,WavyWalnuts,YieldingYams,9343395
2026-07-06T09:06:13.074142,2026-07-06T09:06:13.084440+00:00,163.7,200,bid,WavyWalnuts,YieldingYams,9343421
2026-07-06T09:06:14.060260,2026-07-06T09:06:14.068803+00:00,163.8,20,bid,BrilliantBurritos,YieldingYams,9343432
2026-07-06T09:06:15.111464,2026-07-06T09:06:15.123427+00:00,163.6,8,ask,WavyWalnuts,Zhangyue Shen,9343445
2026-07-06T09:06:18.125233,2026-07-06T09:06:18.136719+00:00,163.8,8,bid,Zhangyue Shen,YieldingYams,9343489
2026-07-06T09:06:24.463335,2026-07-06T09:06:24.475237+00:00,163.6,20,bid,BrilliantBurritos,WavyWalnuts,9343579
2026-07-06T09:06:27.595007,2026-07-06T09:06:27.603180+00:00,163.5,200,ask,YieldingYams,WavyWalnuts,9343624
2026-07-06T09:06:28.633275,2026-07-06T09:06:28.645358+00:00,163.7,8,bid,Zhangyue Shen,YieldingYams,9343635
2026-07-06T09:06:29.401684,2026-07-06T09:06:29.411299+00:00,163.4,8,ask,WavyWalnuts,Zhangyue Shen,9343648
2026-07-06T09:06:30.189982,2026-07-06T09:06:30.200712+00:00,163.4,200,ask,WavyWalnuts,YieldingYams,9343658
2026-07-06T09:06:30.570404,2026-07-06T09:06:30.580510+00:00,163.4,425,bid,AverageAlmonds,YieldingYams,9343659
2026-07-06T09:06:31.480113,2026-07-06T09:06:31.492107+00:00,163.3,8,ask,AverageAlmonds,Zhangyue Shen,9343671
2026-07-06T09:06:32.439281,2026-07-06T09:06:32.449036+00:00,163.6,200,bid,WavyWalnuts,YieldingYams,9343689
2026-07-06T09:06:33.647236,2026-07-06T09:06:33.651079+00:00,163.6,200,bid,WavyWalnuts,YieldingYams,9343712
2026-07-06T09:06:34.854719,2026-07-06T09:06:34.864163+00:00,163.5,200,bid,WavyWalnuts,YieldingYams,9343738
2026-07-06T09:06:34.924319,2026-07-06T09:06:34.936770+00:00,163.4,20,ask,AverageAlmonds,BrilliantBurritos,9343739
2026-07-06T09:06:37.060436,2026-07-06T09:06:37.071962+00:00,163.6,8,ask,YieldingYams,Zhangyue Shen,9343765
2026-07-06T09:06:38.090854,2026-07-06T09:06:38.097814+00:00,163.7,8,ask,YieldingYams,Zhangyue Shen,9343783
2026-07-06T09:06:38.346068,2026-07-06T09:06:38.358547+00:00,163.7,8,ask,YieldingYams,Zhangyue Shen,9343789
2026-07-06T09:06:38.490641,2026-07-06T09:06:38.500995+00:00,163.7,200,ask,YieldingYams,WavyWalnuts,9343794
2026-07-06T09:06:40.675332,2026-07-06T09:06:40.682524+00:00,163.7,200,bid,YieldingYams,WavyWalnuts,9343817
2026-07-06T09:06:43.306595,2026-07-06T09:06:43.313779+00:00,163.7,200,bid,AverageAlmonds,WavyWalnuts,9343850
2026-07-06T09:06:48.408847,2026-07-06T09:06:48.419084+00:00,163.6,8,ask,YieldingYams,Zhangyue Shen,9343902
2026-07-06T09:06:49.416487,2026-07-06T09:06:49.428409+00:00,163.5,8,ask,YieldingYams,Zhangyue Shen,9343921
2026-07-06T09:06:50.618374,2026-07-06T09:06:50.622494+00:00,163.5,11,ask,WavyWalnuts,Xuanyu Liu,9343934
2026-07-06T09:06:52.187215,2026-07-06T09:06:52.199008+00:00,163.5,8,ask,YieldingYams,Zhangyue Shen,9343949
2026-07-06T09:06:54.183364,2026-07-06T09:06:54.193639+00:00,163.6,200,bid,AverageAlmonds,WavyWalnuts,9343981
2026-07-06T09:06:54.183364,2026-07-06T09:06:54.193639+00:00,163.6,300,bid,AverageAlmonds,YieldingYams,9343982
2026-07-06T09:06:54.782141,2026-07-06T09:06:54.793425+00:00,163.6,325,bid,AverageAlmonds,YieldingYams,9343993
2026-07-06T09:06:54.782141,2026-07-06T09:06:54.793425+00:00,163.6,175,bid,AverageAlmonds,WavyWalnuts,9343994
2026-07-06T09:06:55.419930,2026-07-06T09:06:55.427836+00:00,163.6,25,bid,AverageAlmonds,WavyWalnuts,9344004
2026-07-06T09:06:55.419930,2026-07-06T09:06:55.433411+00:00,163.8,475,bid,AverageAlmonds,YieldingYams,9344005
2026-07-06T09:06:56.020549,2026-07-06T09:06:56.068693+00:00,163.7,200,bid,AverageAlmonds,WavyWalnuts,9344016
2026-07-06T09:06:56.065051,2026-07-06T09:06:56.068693+00:00,163.7,12,ask,AverageAlmonds,Xuanyu Liu,9344021
2026-07-06T09:06:56.441149,2026-07-06T09:06:56.445307+00:00,163.8,11,ask,YieldingYams,Xuanyu Liu,9344030
2026-07-06T09:06:56.511066,2026-07-06T09:06:56.518093+00:00,163.8,8,ask,YieldingYams,Zhangyue Shen,9344033
2026-07-06T09:06:56.660652,2026-07-06T09:06:56.669293+00:00,163.8,200,ask,YieldingYams,WavyWalnuts,9344036
2026-07-06T09:06:56.766335,2026-07-06T09:06:56.778598+00:00,164.0,8,bid,Zhangyue Shen,YieldingYams,9344040
2026-07-06T09:06:57.806321,2026-07-06T09:06:57.810599+00:00,163.9,37,bid,Xuanyu Liu,YieldingYams,9344052
2026-07-06T09:06:57.837106,2026-07-06T09:06:57.845042+00:00,163.9,500,bid,AverageAlmonds,YieldingYams,9344053
2026-07-06T09:06:57.874219,2026-07-06T09:06:57.881984+00:00,163.7,20,ask,YieldingYams,BrilliantBurritos,9344054
2026-07-06T09:06:58.043861,2026-07-06T09:06:58.058610+00:00,163.8,8,bid,Zhangyue Shen,WavyWalnuts,9344055
2026-07-06T09:06:58.432628,2026-07-06T09:06:58.440978+00:00,163.8,192,bid,AverageAlmonds,WavyWalnuts,9344057
2026-07-06T09:06:58.432628,2026-07-06T09:06:58.446223+00:00,163.9,88,bid,AverageAlmonds,YieldingYams,9344058
2026-07-06T09:06:59.065527,2026-07-06T09:06:59.074730+00:00,164.3,6,bid,Zhangyue Shen,YieldingYams,9344069
2026-07-06T09:06:59.077801,2026-07-06T09:06:59.085669+00:00,164.0,200,ask,YieldingYams,WavyWalnuts,9344070
2026-07-06T09:07:00.286539,2026-07-06T09:07:00.293931+00:00,164.0,200,ask,YieldingYams,WavyWalnuts,9344086
2026-07-06T09:07:02.771350,2026-07-06T09:07:02.775613+00:00,164.0,14,ask,WavyWalnuts,Xuanyu Liu,9344120
2026-07-06T09:07:02.870556,2026-07-06T09:07:02.882083+00:00,164.1,6,bid,Zhangyue Shen,YieldingYams,9344122
2026-07-06T09:07:03.855175,2026-07-06T09:07:03.858600+00:00,164.1,20,bid,BrilliantBurritos,YieldingYams,9344131
2026-07-06T09:07:04.508817,2026-07-06T09:07:04.517380+00:00,163.9,20,ask,WavyWalnuts,BrilliantBurritos,9344146
2026-07-06T09:07:05.393182,2026-07-06T09:07:05.403720+00:00,164.1,8,bid,Zhangyue Shen,YieldingYams,9344159
2026-07-06T09:07:05.615258,2026-07-06T09:07:05.624896+00:00,164.0,200,ask,WavyWalnuts,YieldingYams,9344160
2026-07-06T09:07:06.430713,2026-07-06T09:07:06.439754+00:00,164.0,8,bid,Zhangyue Shen,YieldingYams,9344167
2026-07-06T09:07:07.438869,2026-07-06T09:07:07.451169+00:00,163.9,8,ask,WavyWalnuts,Zhangyue Shen,9344183
2026-07-06T09:07:09.462381,2026-07-06T09:07:09.474550+00:00,163.9,8,ask,YieldingYams,Zhangyue Shen,9344204
2026-07-06T09:07:09.994810,2026-07-06T09:07:10.001575+00:00,163.9,200,ask,YieldingYams,WavyWalnuts,9344214
2026-07-06T09:07:11.758376,2026-07-06T09:07:11.770072+00:00,163.9,200,bid,AverageAlmonds,WavyWalnuts,9344238
2026-07-06T09:07:12.224996,2026-07-06T09:07:12.232074+00:00,164.0,8,bid,Zhangyue Shen,YieldingYams,9344245
2026-07-06T09:07:12.963639,2026-07-06T09:07:12.974251+00:00,164.0,500,bid,AverageAlmonds,YieldingYams,9344249
2026-07-06T09:07:13.587517,2026-07-06T09:07:13.597034+00:00,164.0,200,bid,AverageAlmonds,WavyWalnuts,9344260
2026-07-06T09:07:13.643921,2026-07-06T09:07:13.648803+00:00,164.0,12,ask,AverageAlmonds,Xuanyu Liu,9344263
2026-07-06T09:07:14.005366,2026-07-06T09:07:14.015412+00:00,164.0,8,ask,AverageAlmonds,Zhangyue Shen,9344265
2026-07-06T09:07:16.123193,2026-07-06T09:07:16.133268+00:00,163.9,200,ask,WavyWalnuts,YieldingYams,9344291
2026-07-06T09:07:16.811982,2026-07-06T09:07:16.819284+00:00,163.7,8,ask,YieldingYams,Zhangyue Shen,9344301
2026-07-06T09:07:17.211932,2026-07-06T09:07:17.223126+00:00,163.9,425,bid,AverageAlmonds,YieldingYams,9344306
2026-07-06T09:07:17.264178,2026-07-06T09:07:17.275251+00:00,163.9,75,ask,AverageAlmonds,WavyWalnuts,9344308
2026-07-06T09:07:17.431480,2026-07-06T09:07:17.440841+00:00,163.9,125,bid,YieldingYams,WavyWalnuts,9344313
2026-07-06T09:07:18.477042,2026-07-06T09:07:18.486083+00:00,163.9,200,ask,YieldingYams,WavyWalnuts,9344327
2026-07-06T09:07:20.897018,2026-07-06T09:07:20.908712+00:00,163.8,200,ask,AverageAlmonds,WavyWalnuts,9344356
2026-07-06T09:07:22.104964,2026-07-06T09:07:22.112470+00:00,163.8,200,ask,YieldingYams,WavyWalnuts,9344377
2026-07-06T09:07:22.681326,2026-07-06T09:07:22.700616+00:00,163.7,500,ask,AverageAlmonds,YieldingYams,9344390
2026-07-06T09:07:22.696703,2026-07-06T09:07:22.700616+00:00,163.7,8,bid,Xuanyu Liu,YieldingYams,9344392
2026-07-06T09:07:22.907210,2026-07-06T09:07:22.918567+00:00,163.6,8,ask,WavyWalnuts,Zhangyue Shen,9344401
2026-07-06T09:07:23.254171,2026-07-06T09:07:23.258562+00:00,163.7,117,bid,AverageAlmonds,YieldingYams,9344403
2026-07-06T09:07:23.312210,2026-07-06T09:07:23.323633+00:00,163.8,200,ask,AverageAlmonds,WavyWalnuts,9344405
2026-07-06T09:07:23.963789,2026-07-06T09:07:23.974399+00:00,163.8,3,ask,AverageAlmonds,Zhangyue Shen,9344416
2026-07-06T09:07:25.302197,2026-07-06T09:07:25.322521+00:00,163.8,500,ask,AverageAlmonds,YieldingYams,9344431
2026-07-06T09:07:25.318692,2026-07-06T09:07:25.322521+00:00,163.8,4,bid,Xuanyu Liu,YieldingYams,9344433
2026-07-06T09:07:25.499430,2026-07-06T09:07:25.508825+00:00,163.7,4,ask,WavyWalnuts,Zhangyue Shen,9344434
2026-07-06T09:07:25.695400,2026-07-06T09:07:25.705621+00:00,163.8,121,bid,AverageAlmonds,YieldingYams,9344436
2026-07-06T09:07:26.304707,2026-07-06T09:07:26.331316+00:00,163.9,200,bid,AverageAlmonds,WavyWalnuts,9344449
2026-07-06T09:07:26.515143,2026-07-06T09:07:26.523707+00:00,164.8,8,bid,Zhangyue Shen,AverageAlmonds,9344453
2026-07-06T09:07:27.299548,2026-07-06T09:07:27.309247+00:00,164.0,8,bid,Zhangyue Shen,YieldingYams,9344458
2026-07-06T09:07:27.919583,2026-07-06T09:07:27.930360+00:00,163.9,500,ask,AverageAlmonds,YieldingYams,9344469
2026-07-06T09:07:27.931609,2026-07-06T09:07:27.935797+00:00,163.9,11,bid,Xuanyu Liu,YieldingYams,9344470
2026-07-06T09:07:35.147125,2026-07-06T09:07:35.158616+00:00,164.3,7,bid,Zhangyue Shen,WavyWalnuts,9344557
2026-07-06T09:07:37.773299,2026-07-06T09:07:37.784965+00:00,164.1,20,ask,YieldingYams,BrilliantBurritos,9344594
2026-07-06T09:07:38.429072,2026-07-06T09:07:38.441091+00:00,164.2,8,bid,Zhangyue Shen,WavyWalnuts,9344602
2026-07-06T09:07:39.292343,2026-07-06T09:07:39.304168+00:00,164.1,20,ask,YieldingYams,BrilliantBurritos,9344612
2026-07-06T09:07:40.700388,2026-07-06T09:07:40.709818+00:00,164.2,8,ask,WavyWalnuts,Zhangyue Shen,9344634
2026-07-06T09:07:45.493252,2026-07-06T09:07:45.505276+00:00,164.4,20,bid,BrilliantBurritos,WavyWalnuts,9344693
2026-07-06T09:07:45.817864,2026-07-06T09:07:45.827945+00:00,164.2,26,ask,YieldingYams,Richard Zhang,9344702
2026-07-06T09:07:48.860959,2026-07-06T09:07:48.868720+00:00,164.2,10,ask,YieldingYams,Richard Zhang,9344738
2026-07-06T09:07:49.776257,2026-07-06T09:07:49.788462+00:00,164.3,8,ask,YieldingYams,Zhangyue Shen,9344746
2026-07-06T09:07:49.880727,2026-07-06T09:07:49.891409+00:00,164.3,10,ask,YieldingYams,Richard Zhang,9344748
2026-07-06T09:07:49.960552,2026-07-06T09:07:49.970376+00:00,164.3,200,ask,YieldingYams,WavyWalnuts,9344751
2026-07-06T09:07:51.787553,2026-07-06T09:07:51.799492+00:00,164.5,8,bid,Zhangyue Shen,YieldingYams,9344777
2026-07-06T09:07:51.920196,2026-07-06T09:07:51.930468+00:00,164.5,10,bid,Richard Zhang,YieldingYams,9344779
2026-07-06T09:07:52.864454,2026-07-06T09:07:52.875732+00:00,164.3,200,ask,WavyWalnuts,YieldingYams,9344790
2026-07-06T09:07:53.590674,2026-07-06T09:07:53.597569+00:00,164.3,200,bid,WavyWalnuts,YieldingYams,9344800
2026-07-06T09:07:54.139188,2026-07-06T09:07:54.148474+00:00,164.3,225,bid,AverageAlmonds,YieldingYams,9344808
2026-07-06T09:07:54.763859,2026-07-06T09:07:54.767862+00:00,164.4,4,ask,AverageAlmonds,Xuanyu Liu,9344819
2026-07-06T09:07:54.807554,2026-07-06T09:07:54.816892+00:00,164.4,200,ask,AverageAlmonds,WavyWalnuts,9344821
2026-07-06T09:07:55.371343,2026-07-06T09:07:55.375602+00:00,164.5,7,ask,AverageAlmonds,Xuanyu Liu,9344835
2026-07-06T09:07:55.479776,2026-07-06T09:07:55.487388+00:00,164.5,493,ask,AverageAlmonds,YieldingYams,9344841
2026-07-06T09:07:55.604753,2026-07-06T09:07:55.616795+00:00,164.5,20,bid,BrilliantBurritos,YieldingYams,9344845
2026-07-06T09:07:56.787587,2026-07-06T09:07:56.795989+00:00,164.5,200,bid,YieldingYams,WavyWalnuts,9344858
2026-07-06T09:07:57.228706,2026-07-06T09:07:57.237875+00:00,164.5,200,ask,YieldingYams,WavyWalnuts,9344861
2026-07-06T09:07:57.484669,2026-07-06T09:07:57.491655+00:00,164.8,20,bid,BrilliantBurritos,YieldingYams,9344865
2026-07-06T09:07:57.892287,2026-07-06T09:07:57.899809+00:00,164.8,8,bid,Zhangyue Shen,YieldingYams,9344873
2026-07-06T09:07:58.119573,2026-07-06T09:07:58.123891+00:00,164.5,14,bid,Xuanyu Liu,YieldingYams,9344880
2026-07-06T09:07:58.163530,2026-07-06T09:07:58.174818+00:00,164.5,8,bid,Zhangyue Shen,YieldingYams,9344882
2026-07-06T09:07:58.423779,2026-07-06T09:07:58.430599+00:00,164.5,3,bid,Zhangyue Shen,YieldingYams,9344886
2026-07-06T09:07:58.606539,2026-07-06T09:07:58.620197+00:00,164.4,20,bid,BrilliantBurritos,WavyWalnuts,9344887
2026-07-06T09:07:59.206654,2026-07-06T09:07:59.217026+00:00,164.4,6,bid,Zhangyue Shen,WavyWalnuts,9344898
2026-07-06T09:07:59.742192,2026-07-06T09:07:59.750496+00:00,164.4,3,bid,Zhangyue Shen,WavyWalnuts,9344909
2026-07-06T09:08:00.083706,2026-07-06T09:08:00.093434+00:00,164.4,10,bid,Richard Zhang,WavyWalnuts,9344913
2026-07-06T09:08:00.266544,2026-07-06T09:08:00.278737+00:00,164.2,6,ask,YieldingYams,Zhangyue Shen,9344921
2026-07-06T09:08:01.108675,2026-07-06T09:08:01.116278+00:00,164.2,10,ask,AverageAlmonds,Richard Zhang,9344926
2026-07-06T09:08:01.111933,2026-07-06T09:08:01.116278+00:00,164.2,3,ask,AverageAlmonds,Xuanyu Liu,9344927
2026-07-06T09:08:01.410062,2026-07-06T09:08:01.418481+00:00,164.3,500,bid,AverageAlmonds,YieldingYams,9344932
2026-07-06T09:08:02.035058,2026-07-06T09:08:02.044458+00:00,164.3,200,bid,AverageAlmonds,WavyWalnuts,9344941
2026-07-06T09:08:02.080381,2026-07-06T09:08:02.084775+00:00,164.3,11,ask,AverageAlmonds,Xuanyu Liu,9344946
2026-07-06T09:08:04.557967,2026-07-06T09:08:04.570108+00:00,164.3,7,ask,YieldingYams,Zhangyue Shen,9344974
2026-07-06T09:08:05.178499,2026-07-06T09:08:05.189152+00:00,164.2,10,ask,WavyWalnuts,Richard Zhang,9344980
2026-07-06T09:08:05.990173,2026-07-06T09:08:06.006209+00:00,164.3,200,bid,YieldingYams,WavyWalnuts,9344992
2026-07-06T09:08:08.613342,2026-07-06T09:08:08.621142+00:00,164.2,500,ask,AverageAlmonds,YieldingYams,9345034
2026-07-06T09:08:08.613342,2026-07-06T09:08:08.626622+00:00,164.2,125,ask,WavyWalnuts,YieldingYams,9345035
2026-07-06T09:08:09.340843,2026-07-06T09:08:09.350237+00:00,164.2,200,ask,AverageAlmonds,WavyWalnuts,9345047
2026-07-06T09:08:09.373825,2026-07-06T09:08:09.383553+00:00,164.2,8,ask,AverageAlmonds,Zhangyue Shen,9345049
2026-07-06T09:08:09.635471,2026-07-06T09:08:09.646625+00:00,164.2,3,ask,AverageAlmonds,Zhangyue Shen,9345053
2026-07-06T09:08:09.940795,2026-07-06T09:08:09.962933+00:00,164.3,3,ask,YieldingYams,Zhangyue Shen,9345058
2026-07-06T09:08:09.959197,2026-07-06T09:08:09.962933+00:00,164.3,12,ask,YieldingYams,Xuanyu Liu,9345061
2026-07-06T09:08:10.214618,2026-07-06T09:08:10.223283+00:00,164.3,8,ask,YieldingYams,Zhangyue Shen,9345065
2026-07-06T09:08:10.548892,2026-07-06T09:08:10.552850+00:00,164.3,200,ask,YieldingYams,WavyWalnuts,9345068
2026-07-06T09:08:13.865150,2026-07-06T09:08:13.877178+00:00,164.5,200,ask,WavyWalnuts,YieldingYams,9345113
2026-07-06T09:08:15.174651,2026-07-06T09:08:15.183084+00:00,164.4,200,ask,WavyWalnuts,YieldingYams,9345132
2026-07-06T09:08:17.038166,2026-07-06T09:08:17.050026+00:00,164.4,8,ask,WavyWalnuts,Zhangyue Shen,9345151
2026-07-06T09:08:17.451868,2026-07-06T09:08:17.458624+00:00,164.4,10,ask,WavyWalnuts,Richard Zhang,9345158
2026-07-06T09:08:20.224739,2026-07-06T09:08:20.237093+00:00,164.5,20,bid,BrilliantBurritos,YieldingYams,9345184
2026-07-06T09:08:20.242067,2026-07-06T09:08:20.252920+00:00,164.5,200,bid,WavyWalnuts,YieldingYams,9345186
2026-07-06T09:08:21.341253,2026-07-06T09:08:21.349132+00:00,164.4,8,ask,YieldingYams,Zhangyue Shen,9345204
2026-07-06T09:08:22.666750,2026-07-06T09:08:22.673436+00:00,164.6,200,ask,YieldingYams,WavyWalnuts,9345228
2026-07-06T09:08:26.896896,2026-07-06T09:08:26.908921+00:00,164.5,8,ask,WavyWalnuts,Zhangyue Shen,9345275
2026-07-06T09:08:26.972857,2026-07-06T09:08:26.983297+00:00,164.5,192,ask,WavyWalnuts,YieldingYams,9345279
2026-07-06T09:08:26.989381,2026-07-06T09:08:26.993339+00:00,164.3,23,bid,Xuanyu Liu,YieldingYams,9345281
2026-07-06T09:08:27.505898,2026-07-06T09:08:27.515442+00:00,164.3,200,bid,WavyWalnuts,YieldingYams,9345291
2026-07-06T09:08:27.676337,2026-07-06T09:08:27.683394+00:00,164.3,8,bid,Zhangyue Shen,YieldingYams,9345296
2026-07-06T09:08:30.897660,2026-07-06T09:08:30.920131+00:00,164.3,200,bid,YieldingYams,WavyWalnuts,9345349
2026-07-06T09:08:30.915704,2026-07-06T09:08:30.920131+00:00,164.3,11,ask,YieldingYams,Xuanyu Liu,9345351
2026-07-06T09:08:31.132430,2026-07-06T09:08:31.140359+00:00,164.3,200,ask,YieldingYams,WavyWalnuts,9345353
2026-07-06T09:08:31.982400,2026-07-06T09:08:31.992149+00:00,164.5,5,bid,Zhangyue Shen,YieldingYams,9345367
2026-07-06T09:08:33.269117,2026-07-06T09:08:33.280253+00:00,164.3,8,bid,Zhangyue Shen,YieldingYams,9345391
2026-07-06T09:08:40.105283,2026-07-06T09:08:40.112156+00:00,164.5,200,bid,YieldingYams,WavyWalnuts,9345478
2026-07-06T09:08:40.124864,2026-07-06T09:08:40.129321+00:00,164.6,12,ask,YieldingYams,Xuanyu Liu,9345481
2026-07-06T09:08:40.863054,2026-07-06T09:08:40.874381+00:00,164.6,200,ask,YieldingYams,WavyWalnuts,9345490
2026-07-06T09:08:41.123939,2026-07-06T09:08:41.135300+00:00,164.9,8,bid,Zhangyue Shen,YieldingYams,9345496
2026-07-06T09:08:41.939238,2026-07-06T09:08:41.947696+00:00,164.5,8,ask,YieldingYams,Zhangyue Shen,9345512
2026-07-06T09:08:42.078714,2026-07-06T09:08:42.089620+00:00,164.5,200,ask,YieldingYams,WavyWalnuts,9345515
2026-07-06T09:08:42.745554,2026-07-06T09:08:42.750460+00:00,164.6,12,bid,Xuanyu Liu,YieldingYams,9345526
2026-07-06T09:08:43.300860,2026-07-06T09:08:43.305525+00:00,164.5,11,bid,Xuanyu Liu,WavyWalnuts,9345529
2026-07-06T09:08:43.471008,2026-07-06T09:08:43.478143+00:00,164.5,8,bid,Zhangyue Shen,WavyWalnuts,9345532
2026-07-06T09:08:44.110215,2026-07-06T09:08:44.114203+00:00,164.4,11,ask,YieldingYams,Xuanyu Liu,9345547
2026-07-06T09:08:44.252173,2026-07-06T09:08:44.258608+00:00,164.4,8,ask,YieldingYams,Zhangyue Shen,9345551
2026-07-06T09:08:44.493702,2026-07-06T09:08:44.504661+00:00,164.4,200,ask,YieldingYams,WavyWalnuts,9345556
2026-07-06T09:08:44.507998,2026-07-06T09:08:44.519715+00:00,164.4,8,ask,YieldingYams,Zhangyue Shen,9345557
2026-07-06T09:08:46.777998,2026-07-06T09:08:46.789964+00:00,164.3,8,ask,WavyWalnuts,Zhangyue Shen,9345597
2026-07-06T09:08:48.808713,2026-07-06T09:08:48.815957+00:00,164.7,7,bid,Zhangyue Shen,YieldingYams,9345630
2026-07-06T09:08:52.166763,2026-07-06T09:08:52.182754+00:00,164.8,8,bid,Zhangyue Shen,WavyWalnuts,9345682
2026-07-06T09:08:53.419692,2026-07-06T09:08:53.430060+00:00,164.6,20,ask,WavyWalnuts,BrilliantBurritos,9345699
2026-07-06T09:08:53.688690,2026-07-06T09:08:53.698450+00:00,164.8,8,bid,Zhangyue Shen,WavyWalnuts,9345709
2026-07-06T09:08:54.521307,2026-07-06T09:08:54.532431+00:00,164.8,200,ask,WavyWalnuts,YieldingYams,9345713
2026-07-06T09:08:55.197203,2026-07-06T09:08:55.209397+00:00,164.8,8,bid,Zhangyue Shen,YieldingYams,9345722
2026-07-06T09:08:58.470973,2026-07-06T09:08:58.482758+00:00,164.7,8,ask,YieldingYams,Zhangyue Shen,9345762
2026-07-06T09:08:58.562545,2026-07-06T09:08:58.574686+00:00,164.7,20,ask,YieldingYams,BrilliantBurritos,9345763
2026-07-06T09:08:59.627901,2026-07-06T09:08:59.639323+00:00,164.7,20,ask,YieldingYams,BrilliantBurritos,9345776
2026-07-06T09:09:00.244811,2026-07-06T09:09:00.258603+00:00,165.0,8,bid,Zhangyue Shen,YieldingYams,9345785
2026-07-06T09:09:01.425014,2026-07-06T09:09:01.434729+00:00,164.9,200,ask,YieldingYams,WavyWalnuts,9345798
2026-07-06T09:09:04.393285,2026-07-06T09:09:04.397211+00:00,164.8,12,ask,WavyWalnuts,Xuanyu Liu,9345828
2026-07-06T09:09:04.536719,2026-07-06T09:09:04.548601+00:00,164.8,8,ask,WavyWalnuts,Zhangyue Shen,9345830
2026-07-06T09:09:04.993717,2026-07-06T09:09:05.003597+00:00,164.8,180,ask,WavyWalnuts,YieldingYams,9345834
2026-07-06T09:09:06.324143,2026-07-06T09:09:06.331583+00:00,164.8,200,ask,WavyWalnuts,YieldingYams,9345850
2026-07-06T09:09:06.584240,2026-07-06T09:09:06.592270+00:00,164.6,8,ask,YieldingYams,Zhangyue Shen,9345853
2026-07-06T09:09:07.525292,2026-07-06T09:09:07.532924+00:00,164.8,200,bid,WavyWalnuts,YieldingYams,9345871
2026-07-06T09:09:07.647295,2026-07-06T09:09:07.651289+00:00,164.9,23,ask,YieldingYams,Xuanyu Liu,9345875
2026-07-06T09:09:07.854762,2026-07-06T09:09:07.858615+00:00,164.9,8,ask,YieldingYams,Zhangyue Shen,9345879
2026-07-06T09:09:09.369176,2026-07-06T09:09:09.379774+00:00,164.9,3,ask,YieldingYams,Zhangyue Shen,9345899
2026-07-06T09:09:09.639213,2026-07-06T09:09:09.649142+00:00,164.9,8,ask,YieldingYams,Zhangyue Shen,9345906
2026-07-06T09:09:09.951028,2026-07-06T09:09:09.960331+00:00,164.9,200,ask,YieldingYams,WavyWalnuts,9345911
2026-07-06T09:09:10.275105,2026-07-06T09:09:10.280045+00:00,165.0,11,ask,YieldingYams,Xuanyu Liu,9345921
2026-07-06T09:09:10.738742,2026-07-06T09:09:10.743049+00:00,165.2,34,bid,Xuanyu Liu,YieldingYams,9345931
2026-07-06T09:09:11.162059,2026-07-06T09:09:11.170285+00:00,165.0,200,ask,YieldingYams,WavyWalnuts,9345939
2026-07-06T09:09:11.580953,2026-07-06T09:09:11.585178+00:00,165.1,8,bid,Xuanyu Liu,YieldingYams,9345948
2026-07-06T09:09:12.050212,2026-07-06T09:09:12.058574+00:00,165.1,20,bid,BrilliantBurritos,YieldingYams,9345958
2026-07-06T09:09:12.170871,2026-07-06T09:09:12.177737+00:00,164.9,8,ask,YieldingYams,Zhangyue Shen,9345960
2026-07-06T09:09:12.371423,2026-07-06T09:09:12.383055+00:00,164.9,200,ask,YieldingYams,WavyWalnuts,9345963
2026-07-06T09:09:13.456579,2026-07-06T09:09:13.468495+00:00,164.7,6,ask,YieldingYams,Zhangyue Shen,9345977
2026-07-06T09:09:13.899349,2026-07-06T09:09:13.903445+00:00,164.8,8,ask,WavyWalnuts,Xuanyu Liu,9345988
2026-07-06T09:09:14.112399,2026-07-06T09:09:14.124427+00:00,164.8,20,ask,WavyWalnuts,BrilliantBurritos,9345992
2026-07-06T09:09:14.787858,2026-07-06T09:09:14.795006+00:00,164.9,200,bid,WavyWalnuts,YieldingYams,9346008
2026-07-06T09:09:15.312997,2026-07-06T09:09:15.341451+00:00,164.9,425,bid,AverageAlmonds,YieldingYams,9346014
2026-07-06T09:09:15.337453,2026-07-06T09:09:15.341451+00:00,164.9,11,ask,AverageAlmonds,Xuanyu Liu,9346017
2026-07-06T09:09:15.523916,2026-07-06T09:09:15.527545+00:00,165.0,12,ask,YieldingYams,Xuanyu Liu,9346023
2026-07-06T09:09:16.005208,2026-07-06T09:09:16.014687+00:00,165.0,200,ask,YieldingYams,WavyWalnuts,9346024
2026-07-06T09:09:16.228152,2026-07-06T09:09:16.240053+00:00,165.0,8,ask,YieldingYams,Zhangyue Shen,9346030
2026-07-06T09:09:17.124624,2026-07-06T09:09:17.130842+00:00,165.0,500,bid,AverageAlmonds,YieldingYams,9346041
2026-07-06T09:09:19.435454,2026-07-06T09:09:19.446679+00:00,164.9,500,ask,AverageAlmonds,YieldingYams,9346069
2026-07-06T09:09:19.523725,2026-07-06T09:09:19.533433+00:00,164.9,125,bid,AverageAlmonds,YieldingYams,9346073
2026-07-06T09:09:19.629292,2026-07-06T09:09:19.640595+00:00,164.9,200,ask,AverageAlmonds,WavyWalnuts,9346074
2026-07-06T09:09:20.549612,2026-07-06T09:09:20.563627+00:00,164.9,11,ask,AverageAlmonds,Zhangyue Shen,9346091
2026-07-06T09:09:20.819725,2026-07-06T09:09:20.826531+00:00,165.2,3,ask,YieldingYams,Zhangyue Shen,9346098
2026-07-06T09:09:20.837760,2026-07-06T09:09:20.849837+00:00,165.2,200,ask,YieldingYams,WavyWalnuts,9346099
2026-07-06T09:09:21.081137,2026-07-06T09:09:21.092206+00:00,165.2,3,ask,YieldingYams,Zhangyue Shen,9346102
2026-07-06T09:09:21.388302,2026-07-06T09:09:21.394866+00:00,165.2,3,ask,YieldingYams,Zhangyue Shen,9346109
2026-07-06T09:09:21.650204,2026-07-06T09:09:21.658586+00:00,165.2,3,ask,YieldingYams,Zhangyue Shen,9346115
2026-07-06T09:09:21.910670,2026-07-06T09:09:21.917662+00:00,165.2,3,ask,YieldingYams,Zhangyue Shen,9346118
2026-07-06T09:09:22.687560,2026-07-06T09:09:22.697962+00:00,165.0,5,ask,AverageAlmonds,Zhangyue Shen,9346130
2026-07-06T09:09:23.773667,2026-07-06T09:09:23.785567+00:00,165.2,200,bid,AverageAlmonds,WavyWalnuts,9346145
2026-07-06T09:09:24.998713,2026-07-06T09:09:25.002733+00:00,165.3,11,ask,AverageAlmonds,Xuanyu Liu,9346164
2026-07-06T09:09:25.155840,2026-07-06T09:09:25.158569+00:00,165.4,30,bid,Richard Zhang,WavyWalnuts,9346168
2026-07-06T09:09:25.287475,2026-07-06T09:09:25.291608+00:00,165.3,11,ask,AverageAlmonds,Xuanyu Liu,9346171
2026-07-06T09:09:25.585036,2026-07-06T09:09:25.593632+00:00,165.4,170,bid,AverageAlmonds,WavyWalnuts,9346174
2026-07-06T09:09:25.585036,2026-07-06T09:09:25.593632+00:00,165.4,330,bid,AverageAlmonds,YieldingYams,9346175
2026-07-06T09:09:25.994562,2026-07-06T09:09:25.998658+00:00,165.5,23,ask,YieldingYams,Xuanyu Liu,9346186
2026-07-06T09:09:26.170827,2026-07-06T09:09:26.177426+00:00,165.5,25,ask,YieldingYams,Richard Zhang,9346189
2026-07-06T09:09:26.609889,2026-07-06T09:09:26.622056+00:00,165.5,20,ask,YieldingYams,BrilliantBurritos,9346196
2026-07-06T09:09:26.892632,2026-07-06T09:09:26.902956+00:00,165.5,200,ask,YieldingYams,WavyWalnuts,9346207
2026-07-06T09:09:27.310472,2026-07-06T09:09:27.315408+00:00,165.5,11,bid,Xuanyu Liu,YieldingYams,9346215
2026-07-06T09:09:28.103664,2026-07-06T09:09:28.113444+00:00,165.4,200,ask,AverageAlmonds,WavyWalnuts,9346232
2026-07-06T09:09:28.282520,2026-07-06T09:09:28.294557+00:00,165.4,10,ask,AverageAlmonds,Richard Zhang,9346235
2026-07-06T09:09:28.602510,2026-07-06T09:09:28.614317+00:00,165.4,290,ask,AverageAlmonds,YieldingYams,9346243
2026-07-06T09:09:28.618790,2026-07-06T09:09:28.625576+00:00,165.4,335,bid,AverageAlmonds,YieldingYams,9346244
2026-07-06T09:09:29.314515,2026-07-06T09:09:29.323710+00:00,165.6,200,ask,AverageAlmonds,WavyWalnuts,9346253
2026-07-06T09:09:30.523211,2026-07-06T09:09:30.530997+00:00,165.5,200,ask,AverageAlmonds,WavyWalnuts,9346266
2026-07-06T09:09:31.732266,2026-07-06T09:09:31.739668+00:00,165.5,200,ask,YieldingYams,WavyWalnuts,9346277
2026-07-06T09:09:32.895854,2026-07-06T09:09:32.900137+00:00,165.6,11,ask,YieldingYams,Xuanyu Liu,9346290
2026-07-06T09:09:32.941784,2026-07-06T09:09:32.953247+00:00,165.6,200,ask,YieldingYams,WavyWalnuts,9346291
2026-07-06T09:09:41.412892,2026-07-06T09:09:41.423106+00:00,165.7,200,bid,WavyWalnuts,YieldingYams,9346408
2026-07-06T09:09:42.310997,2026-07-06T09:09:42.314808+00:00,165.7,11,bid,Xuanyu Liu,YieldingYams,9346418
2026-07-06T09:09:47.130984,2026-07-06T09:09:47.140684+00:00,165.8,8,bid,Zhangyue Shen,WavyWalnuts,9346480
2026-07-06T09:09:47.887973,2026-07-06T09:09:47.900277+00:00,165.9,8,bid,Zhangyue Shen,YieldingYams,9346487
2026-07-06T09:09:48.638450,2026-07-06T09:09:48.642523+00:00,165.9,23,bid,Xuanyu Liu,YieldingYams,9346498
2026-07-06T09:09:52.174626,2026-07-06T09:09:52.182487+00:00,166.0,8,bid,Zhangyue Shen,YieldingYams,9346536
2026-07-06T09:09:52.221336,2026-07-06T09:09:52.225598+00:00,165.9,11,bid,Xuanyu Liu,YieldingYams,9346539
2026-07-06T09:09:53.468635,2026-07-06T09:09:53.479180+00:00,165.9,8,bid,Zhangyue Shen,YieldingYams,9346552
2026-07-06T09:09:54.236975,2026-07-06T09:09:54.246833+00:00,165.9,8,bid,Zhangyue Shen,WavyWalnuts,9346562
2026-07-06T09:09:57.202664,2026-07-06T09:09:57.207422+00:00,165.8,12,bid,Xuanyu Liu,WavyWalnuts,9346590
2026-07-06T09:09:57.457634,2026-07-06T09:09:57.469328+00:00,165.8,188,bid,YieldingYams,WavyWalnuts,9346595
2026-07-06T09:09:57.791378,2026-07-06T09:09:57.799280+00:00,166.0,8,bid,Zhangyue Shen,YieldingYams,9346606
2026-07-06T09:09:58.324877,2026-07-06T09:09:58.334374+00:00,166.0,8,bid,Zhangyue Shen,YieldingYams,9346611
2026-07-06T09:10:00.584676,2026-07-06T09:10:00.596512+00:00,165.9,8,bid,Zhangyue Shen,YieldingYams,9346631
2026-07-06T09:10:01.419579,2026-07-06T09:10:01.427036+00:00,165.8,200,ask,WavyWalnuts,YieldingYams,9346646
2026-07-06T09:10:01.440296,2026-07-06T09:10:01.445255+00:00,165.8,11,bid,Xuanyu Liu,YieldingYams,9346648
2026-07-06T09:10:02.748523,2026-07-06T09:10:02.753252+00:00,165.7,12,bid,Xuanyu Liu,YieldingYams,9346663
2026-07-06T09:10:03.217606,2026-07-06T09:10:03.227567+00:00,165.7,200,bid,WavyWalnuts,YieldingYams,9346673
2026-07-06T09:10:03.377493,2026-07-06T09:10:03.388436+00:00,165.7,3,bid,Zhangyue Shen,YieldingYams,9346678
2026-07-06T09:10:03.638802,2026-07-06T09:10:03.650144+00:00,165.7,3,bid,Zhangyue Shen,YieldingYams,9346684
2026-07-06T09:10:03.899555,2026-07-06T09:10:03.910923+00:00,165.7,3,bid,Zhangyue Shen,YieldingYams,9346687
2026-07-06T09:10:04.154976,2026-07-06T09:10:04.166925+00:00,165.8,8,bid,Zhangyue Shen,YieldingYams,9346689
2026-07-06T09:10:04.511013,2026-07-06T09:10:04.515251+00:00,165.7,23,ask,WavyWalnuts,Xuanyu Liu,9346695
2026-07-06T09:10:04.923434,2026-07-06T09:10:04.935620+00:00,165.7,8,ask,WavyWalnuts,Zhangyue Shen,9346703
2026-07-06T09:10:05.346814,2026-07-06T09:10:05.358596+00:00,165.7,169,ask,WavyWalnuts,YieldingYams,9346709
2026-07-06T09:10:07.709449,2026-07-06T09:10:07.721410+00:00,165.8,6,bid,Zhangyue Shen,WavyWalnuts,9346744
2026-07-06T09:10:08.828871,2026-07-06T09:10:08.840019+00:00,165.7,20,ask,YieldingYams,BrilliantBurritos,9346763
2026-07-06T09:10:09.273163,2026-07-06T09:10:09.282902+00:00,165.7,200,ask,YieldingYams,WavyWalnuts,9346769
2026-07-06T09:10:12.737481,2026-07-06T09:10:12.749351+00:00,165.7,7,ask,WavyWalnuts,Zhangyue Shen,9346810
2026-07-06T09:10:17.182072,2026-07-06T09:10:17.192204+00:00,165.6,200,ask,WavyWalnuts,YieldingYams,9346864
2026-07-06T09:10:17.526820,2026-07-06T09:10:17.538302+00:00,165.5,8,ask,AverageAlmonds,Zhangyue Shen,9346869
2026-07-06T09:10:17.665710,2026-07-06T09:10:17.674950+00:00,165.6,425,bid,AverageAlmonds,YieldingYams,9346871
2026-07-06T09:10:18.506912,2026-07-06T09:10:18.511614+00:00,165.7,12,ask,YieldingYams,Xuanyu Liu,9346881
2026-07-06T09:10:19.800354,2026-07-06T09:10:19.809978+00:00,165.8,200,bid,YieldingYams,WavyWalnuts,9346902
2026-07-06T09:10:19.815800,2026-07-06T09:10:19.819609+00:00,165.8,11,ask,YieldingYams,Xuanyu Liu,9346904
2026-07-06T09:10:21.572784,2026-07-06T09:10:21.585180+00:00,166.0,8,bid,Zhangyue Shen,YieldingYams,9346926
2026-07-06T09:10:23.843531,2026-07-06T09:10:23.851025+00:00,166.0,8,ask,WavyWalnuts,Zhangyue Shen,9346948
2026-07-06T09:10:25.001513,2026-07-06T09:10:25.011567+00:00,166.1,200,bid,WavyWalnuts,YieldingYams,9346974
2026-07-06T09:10:25.877536,2026-07-06T09:10:25.886246+00:00,166.1,8,ask,YieldingYams,Zhangyue Shen,9346983
2026-07-06T09:10:26.385179,2026-07-06T09:10:26.389416+00:00,166.3,11,ask,YieldingYams,Xuanyu Liu,9346988
2026-07-06T09:10:27.694767,2026-07-06T09:10:27.698377+00:00,166.4,11,bid,Xuanyu Liu,YieldingYams,9347009
2026-07-06T09:10:28.179944,2026-07-06T09:10:28.186730+00:00,166.3,8,ask,WavyWalnuts,Zhangyue Shen,9347015
2026-07-06T09:10:28.990885,2026-07-06T09:10:28.999906+00:00,166.3,200,ask,WavyWalnuts,YieldingYams,9347026
2026-07-06T09:10:29.812557,2026-07-06T09:10:29.816497+00:00,166.2,11,ask,AverageAlmonds,Xuanyu Liu,9347041
2026-07-06T09:10:29.963128,2026-07-06T09:10:29.974292+00:00,166.2,8,ask,AverageAlmonds,Zhangyue Shen,9347044
2026-07-06T09:10:30.218956,2026-07-06T09:10:30.232119+00:00,166.2,7,ask,AverageAlmonds,Zhangyue Shen,9347050
2026-07-06T09:10:33.506244,2026-07-06T09:10:33.514125+00:00,166.3,6,ask,YieldingYams,Zhangyue Shen,9347095
2026-07-06T09:10:40.792195,2026-07-06T09:10:40.804469+00:00,166.3,8,ask,WavyWalnuts,Zhangyue Shen,9347180
2026-07-06T09:10:45.556715,2026-07-06T09:10:45.563608+00:00,166.2,20,ask,WavyWalnuts,BrilliantBurritos,9347249
2026-07-06T09:10:45.574158,2026-07-06T09:10:45.584667+00:00,166.4,200,bid,WavyWalnuts,YieldingYams,9347252
2026-07-06T09:10:45.660234,2026-07-06T09:10:45.666287+00:00,166.2,12,ask,YieldingYams,Xuanyu Liu,9347254
2026-07-06T09:10:46.075815,2026-07-06T09:10:46.079686+00:00,166.3,11,ask,YieldingYams,Xuanyu Liu,9347263
2026-07-06T09:10:47.070484,2026-07-06T09:10:47.077197+00:00,166.3,3,ask,YieldingYams,Zhangyue Shen,9347278
2026-07-06T09:10:47.365882,2026-07-06T09:10:47.379962+00:00,166.3,3,ask,YieldingYams,Zhangyue Shen,9347288
2026-07-06T09:10:50.002746,2026-07-06T09:10:50.013096+00:00,166.3,200,ask,WavyWalnuts,YieldingYams,9347318
2026-07-06T09:10:50.407992,2026-07-06T09:10:50.416728+00:00,166.3,200,bid,WavyWalnuts,YieldingYams,9347326
2026-07-06T09:10:51.617139,2026-07-06T09:10:51.626721+00:00,166.4,200,bid,WavyWalnuts,YieldingYams,9347336
2026-07-06T09:10:52.636450,2026-07-06T09:10:52.640139+00:00,166.4,5,ask,YieldingYams,Xuanyu Liu,9347347
2026-07-06T09:10:55.255218,2026-07-06T09:10:55.258618+00:00,166.4,200,ask,YieldingYams,WavyWalnuts,9347383
2026-07-06T09:10:55.333302,2026-07-06T09:10:55.345663+00:00,166.4,20,ask,YieldingYams,BrilliantBurritos,9347384
2026-07-06T09:10:55.582000,2026-07-06T09:10:55.591427+00:00,166.7,8,bid,Zhangyue Shen,YieldingYams,9347389
2026-07-06T09:10:56.486809,2026-07-06T09:10:56.491124+00:00,166.5,5,bid,Xuanyu Liu,WavyWalnuts,9347405
2026-07-06T09:10:56.585657,2026-07-06T09:10:56.590234+00:00,166.4,3,bid,Xuanyu Liu,YieldingYams,9347408
2026-07-06T09:10:56.589310,2026-07-06T09:10:56.605483+00:00,166.3,8,ask,WavyWalnuts,Zhangyue Shen,9347409
2026-07-06T09:10:57.610025,2026-07-06T09:10:57.622266+00:00,166.4,8,bid,Zhangyue Shen,YieldingYams,9347423
2026-07-06T09:10:58.887559,2026-07-06T09:10:58.894973+00:00,166.3,8,ask,WavyWalnuts,Zhangyue Shen,9347443
2026-07-06T09:11:00.187921,2026-07-06T09:11:00.192092+00:00,166.5,20,bid,Xuanyu Liu,YieldingYams,9347459
2026-07-06T09:11:00.495218,2026-07-06T09:11:00.515266+00:00,166.4,200,ask,WavyWalnuts,YieldingYams,9347471
2026-07-06T09:11:00.510791,2026-07-06T09:11:00.515266+00:00,166.4,11,bid,Xuanyu Liu,YieldingYams,9347473
2026-07-06T09:11:01.921469,2026-07-06T09:11:01.928823+00:00,166.6,8,bid,Zhangyue Shen,WavyWalnuts,9347498
2026-07-06T09:11:04.572193,2026-07-06T09:11:04.583857+00:00,166.7,20,bid,BrilliantBurritos,WavyWalnuts,9347532
2026-07-06T09:11:04.634927,2026-07-06T09:11:04.639400+00:00,166.7,23,bid,Xuanyu Liu,WavyWalnuts,9347534
2026-07-06T09:11:04.714060,2026-07-06T09:11:04.720965+00:00,166.7,8,bid,Zhangyue Shen,WavyWalnuts,9347536
2026-07-06T09:11:04.973593,2026-07-06T09:11:04.985475+00:00,166.6,3,bid,Zhangyue Shen,WavyWalnuts,9347539
2026-07-06T09:11:04.981541,2026-07-06T09:11:04.985475+00:00,166.6,11,bid,Xuanyu Liu,WavyWalnuts,9347541
2026-07-06T09:11:05.248803,2026-07-06T09:11:05.258618+00:00,166.6,3,bid,Zhangyue Shen,WavyWalnuts,9347546
2026-07-06T09:11:06.258319,2026-07-06T09:11:06.274812+00:00,166.4,8,ask,YieldingYams,Zhangyue Shen,9347562
2026-07-06T09:11:07.948549,2026-07-06T09:11:07.958475+00:00,166.4,20,ask,YieldingYams,BrilliantBurritos,9347580
2026-07-06T09:11:08.296023,2026-07-06T09:11:08.305191+00:00,166.6,7,bid,Zhangyue Shen,YieldingYams,9347591
2026-07-06T09:11:08.577113,2026-07-06T09:11:08.581576+00:00,166.4,7,ask,WavyWalnuts,Xuanyu Liu,9347596
2026-07-06T09:11:08.817381,2026-07-06T09:11:08.826175+00:00,166.6,7,bid,Zhangyue Shen,AverageAlmonds,9347597
2026-07-06T09:11:14.646238,2026-07-06T09:11:14.658590+00:00,166.4,200,bid,WavyWalnuts,AverageAlmonds,9347656
2026-07-06T09:11:14.924703,2026-07-06T09:11:14.935950+00:00,166.4,300,bid,YieldingYams,AverageAlmonds,9347658
2026-07-06T09:11:15.185702,2026-07-06T09:11:15.197441+00:00,166.4,325,ask,YieldingYams,AverageAlmonds,9347662
2026-07-06T09:11:15.855440,2026-07-06T09:11:15.863861+00:00,166.3,200,bid,WavyWalnuts,AverageAlmonds,9347677
2026-07-06T09:11:17.031089,2026-07-06T09:11:17.039377+00:00,166.1,500,ask,YieldingYams,AverageAlmonds,9347693
2026-07-06T09:11:17.062809,2026-07-06T09:11:17.072766+00:00,166.4,200,bid,WavyWalnuts,YieldingYams,9347694
2026-07-06T09:11:17.292264,2026-07-06T09:11:17.296902+00:00,166.1,16,ask,YieldingYams,Xuanyu Liu,9347697
2026-07-06T09:11:17.972450,2026-07-06T09:11:17.980617+00:00,166.0,8,ask,YieldingYams,Zhangyue Shen,9347708
2026-07-06T09:11:18.270432,2026-07-06T09:11:18.279941+00:00,166.1,200,bid,WavyWalnuts,AverageAlmonds,9347712
2026-07-06T09:11:19.479263,2026-07-06T09:11:19.486313+00:00,166.2,200,bid,WavyWalnuts,YieldingYams,9347721
2026-07-06T09:11:20.687726,2026-07-06T09:11:20.694661+00:00,166.2,200,bid,WavyWalnuts,YieldingYams,9347732
2026-07-06T09:11:21.775760,2026-07-06T09:11:21.782573+00:00,166.2,8,ask,YieldingYams,Zhangyue Shen,9347747
2026-07-06T09:11:21.895771,2026-07-06T09:11:21.903127+00:00,166.4,200,bid,WavyWalnuts,YieldingYams,9347749
2026-07-06T09:11:23.102691,2026-07-06T09:11:23.111071+00:00,166.4,200,bid,WavyWalnuts,AverageAlmonds,9347761
2026-07-06T09:11:23.556852,2026-07-06T09:11:23.563989+00:00,166.4,8,bid,Zhangyue Shen,AverageAlmonds,9347767
2026-07-06T09:11:24.309665,2026-07-06T09:11:24.317139+00:00,166.3,200,bid,WavyWalnuts,AverageAlmonds,9347772
2026-07-06T09:11:25.064659,2026-07-06T09:11:25.076766+00:00,166.4,8,bid,Zhangyue Shen,AverageAlmonds,9347782
2026-07-06T09:11:25.403561,2026-07-06T09:11:25.414948+00:00,166.4,492,bid,YieldingYams,AverageAlmonds,9347783
2026-07-06T09:11:25.489625,2026-07-06T09:11:25.500910+00:00,166.4,133,ask,YieldingYams,AverageAlmonds,9347784
2026-07-06T09:11:27.086216,2026-07-06T09:11:27.098122+00:00,166.4,8,bid,Zhangyue Shen,YieldingYams,9347802
2026-07-06T09:11:27.942326,2026-07-06T09:11:27.950435+00:00,166.3,200,ask,WavyWalnuts,AverageAlmonds,9347815
2026-07-06T09:11:27.956469,2026-07-06T09:11:27.965946+00:00,166.3,200,bid,WavyWalnuts,AverageAlmonds,9347816
2026-07-06T09:11:29.226522,2026-07-06T09:11:29.238296+00:00,166.2,20,bid,BrilliantBurritos,AverageAlmonds,9347829
2026-07-06T09:11:30.650813,2026-07-06T09:11:30.655475+00:00,166.2,200,bid,YieldingYams,WavyWalnuts,9347848
2026-07-06T09:11:30.956781,2026-07-06T09:11:30.963791+00:00,166.2,425,ask,YieldingYams,AverageAlmonds,9347853
2026-07-06T09:11:33.267357,2026-07-06T09:11:33.276973+00:00,166.1,500,bid,YieldingYams,AverageAlmonds,9347886
2026-07-06T09:11:33.363985,2026-07-06T09:11:33.370941+00:00,166.1,125,ask,YieldingYams,AverageAlmonds,9347888
2026-07-06T09:11:33.632926,2026-07-06T09:11:33.645070+00:00,166.1,8,bid,Zhangyue Shen,AverageAlmonds,9347898
2026-07-06T09:11:34.605366,2026-07-06T09:11:34.616071+00:00,165.9,200,ask,WavyWalnuts,AverageAlmonds,9347911
2026-07-06T09:11:34.622798,2026-07-06T09:11:34.627318+00:00,165.9,12,bid,Xuanyu Liu,AverageAlmonds,9347913
2026-07-06T09:11:36.409357,2026-07-06T09:11:36.420010+00:00,165.8,500,ask,YieldingYams,AverageAlmonds,9347939
2026-07-06T09:11:37.006651,2026-07-06T09:11:37.017014+00:00,165.8,125,ask,YieldingYams,AverageAlmonds,9347943
2026-07-06T09:11:37.614213,2026-07-06T09:11:37.624506+00:00,165.7,200,ask,WavyWalnuts,AverageAlmonds,9347950
2026-07-06T09:11:37.659676,2026-07-06T09:11:37.669570+00:00,165.7,200,bid,WavyWalnuts,AverageAlmonds,9347954
2026-07-06T09:11:37.688728,2026-07-06T09:11:37.700671+00:00,165.7,8,bid,Zhangyue Shen,AverageAlmonds,9347956
2026-07-06T09:11:38.223354,2026-07-06T09:11:38.237016+00:00,165.6,500,ask,YieldingYams,AverageAlmonds,9347964
2026-07-06T09:11:38.519386,2026-07-06T09:11:38.533801+00:00,165.5,3,bid,Zhangyue Shen,YieldingYams,9347970
2026-07-06T09:11:38.528991,2026-07-06T09:11:38.533801+00:00,165.5,23,bid,Xuanyu Liu,YieldingYams,9347972
2026-07-06T09:11:38.783044,2026-07-06T09:11:38.792550+00:00,165.5,3,bid,Zhangyue Shen,YieldingYams,9347977
2026-07-06T09:11:38.871356,2026-07-06T09:11:38.883421+00:00,165.5,200,bid,WavyWalnuts,YieldingYams,9347978
2026-07-06T09:11:39.806427,2026-07-06T09:11:39.818314+00:00,165.5,8,bid,Zhangyue Shen,YieldingYams,9347991
2026-07-06T09:11:40.058564,2026-07-06T09:11:40.070178+00:00,165.5,500,ask,YieldingYams,AverageAlmonds,9347992
2026-07-06T09:11:40.095635,2026-07-06T09:11:40.100142+00:00,165.7,12,ask,WavyWalnuts,Xuanyu Liu,9347994
2026-07-06T09:11:40.652850,2026-07-06T09:11:40.664130+00:00,165.7,188,ask,WavyWalnuts,AverageAlmonds,9348003
2026-07-06T09:11:40.652850,2026-07-06T09:11:40.664130+00:00,165.5,125,ask,YieldingYams,AverageAlmonds,9348004
2026-07-06T09:11:41.276162,2026-07-06T09:11:41.280140+00:00,165.3,23,bid,Xuanyu Liu,AverageAlmonds,9348016
2026-07-06T09:11:41.293828,2026-07-06T09:11:41.300637+00:00,165.3,200,bid,WavyWalnuts,AverageAlmonds,9348018
2026-07-06T09:11:42.429636,2026-07-06T09:11:42.436581+00:00,165.3,500,bid,YieldingYams,AverageAlmonds,9348033
2026-07-06T09:11:42.457513,2026-07-06T09:11:42.482486+00:00,165.3,125,ask,YieldingYams,AverageAlmonds,9348034
2026-07-06T09:11:42.506672,2026-07-06T09:11:42.513562+00:00,165.3,200,bid,WavyWalnuts,AverageAlmonds,9348037
2026-07-06T09:11:43.719282,2026-07-06T09:11:43.726841+00:00,165.3,200,bid,WavyWalnuts,AverageAlmonds,9348058
2026-07-06T09:11:43.890809,2026-07-06T09:11:43.902504+00:00,165.2,9,bid,Zhangyue Shen,YieldingYams,9348062
2026-07-06T09:11:44.931814,2026-07-06T09:11:44.938918+00:00,165.2,200,bid,WavyWalnuts,YieldingYams,9348078
2026-07-06T09:11:47.035427,2026-07-06T09:11:47.042179+00:00,165.1,20,ask,WavyWalnuts,BrilliantBurritos,9348102
2026-07-06T09:11:47.684704,2026-07-06T09:11:47.697477+00:00,165.2,500,bid,YieldingYams,AverageAlmonds,9348113
2026-07-06T09:11:47.693895,2026-07-06T09:11:47.697477+00:00,165.2,8,ask,YieldingYams,Xuanyu Liu,9348114
2026-07-06T09:11:47.698892,2026-07-06T09:11:47.702478+00:00,165.2,3,ask,YieldingYams,Xuanyu Liu,9348115
2026-07-06T09:11:47.903613,2026-07-06T09:11:47.912434+00:00,165.2,114,ask,YieldingYams,AverageAlmonds,9348119
2026-07-06T09:11:47.903613,2026-07-06T09:11:47.912434+00:00,165.1,200,ask,WavyWalnuts,AverageAlmonds,9348120
2026-07-06T09:11:48.999061,2026-07-06T09:11:49.007613+00:00,165.0,200,ask,WavyWalnuts,YieldingYams,9348137
2026-07-06T09:11:50.505445,2026-07-06T09:11:50.512487+00:00,165.1,8,bid,Zhangyue Shen,AverageAlmonds,9348156
2026-07-06T09:11:53.445521,2026-07-06T09:11:53.449397+00:00,164.9,11,bid,Xuanyu Liu,WavyWalnuts,9348188
2026-07-06T09:11:53.988775,2026-07-06T09:11:54.000247+00:00,164.8,20,ask,YieldingYams,BrilliantBurritos,9348193
2026-07-06T09:11:54.646210,2026-07-06T09:11:54.658586+00:00,164.8,200,ask,YieldingYams,WavyWalnuts,9348204
2026-07-06T09:11:57.064512,2026-07-06T09:11:57.074323+00:00,164.6,200,ask,YieldingYams,WavyWalnuts,9348237
2026-07-06T09:11:57.330931,2026-07-06T09:11:57.338636+00:00,164.6,20,ask,YieldingYams,BrilliantBurritos,9348243
2026-07-06T09:11:58.274239,2026-07-06T09:11:58.284049+00:00,164.5,200,ask,YieldingYams,WavyWalnuts,9348264
2026-07-06T09:11:59.247568,2026-07-06T09:11:59.253997+00:00,164.5,8,ask,YieldingYams,Zhangyue Shen,9348274
2026-07-06T09:12:01.020630,2026-07-06T09:12:01.032635+00:00,164.5,8,ask,WavyWalnuts,Zhangyue Shen,9348302
2026-07-06T09:12:01.653058,2026-07-06T09:12:01.665095+00:00,164.5,20,ask,WavyWalnuts,BrilliantBurritos,9348312
2026-07-06T09:12:02.530967,2026-07-06T09:12:02.543162+00:00,164.7,8,bid,Zhangyue Shen,WavyWalnuts,9348330
2026-07-06T09:12:03.496310,2026-07-06T09:12:03.503611+00:00,164.6,200,ask,WavyWalnuts,YieldingYams,9348336
2026-07-06T09:12:04.316157,2026-07-06T09:12:04.325950+00:00,164.6,200,bid,WavyWalnuts,YieldingYams,9348350
2026-07-06T09:12:04.806130,2026-07-06T09:12:04.813738+00:00,164.7,500,bid,YieldingYams,AverageAlmonds,9348360
2026-07-06T09:12:04.824749,2026-07-06T09:12:04.828679+00:00,164.7,34,ask,YieldingYams,Xuanyu Liu,9348362
2026-07-06T09:12:04.867290,2026-07-06T09:12:04.875352+00:00,164.7,91,ask,YieldingYams,AverageAlmonds,9348363
2026-07-06T09:12:05.316944,2026-07-06T09:12:05.328969+00:00,163.8,8,ask,AverageAlmonds,Zhangyue Shen,9348367
2026-07-06T09:12:05.525380,2026-07-06T09:12:05.533360+00:00,164.6,200,bid,WavyWalnuts,AverageAlmonds,9348372
2026-07-06T09:12:08.352205,2026-07-06T09:12:08.364358+00:00,164.5,8,ask,WavyWalnuts,Zhangyue Shen,9348405
2026-07-06T09:12:09.152809,2026-07-06T09:12:09.168703+00:00,164.6,200,bid,WavyWalnuts,YieldingYams,9348417
2026-07-06T09:12:10.051907,2026-07-06T09:12:10.058605+00:00,164.6,500,bid,YieldingYams,AverageAlmonds,9348429
2026-07-06T09:12:10.320805,2026-07-06T09:12:10.331921+00:00,164.6,125,ask,YieldingYams,AverageAlmonds,9348431
2026-07-06T09:12:11.366761,2026-07-06T09:12:11.374378+00:00,164.4,200,ask,WavyWalnuts,YieldingYams,9348441
2026-07-06T09:12:13.630928,2026-07-06T09:12:13.634937+00:00,164.6,8,bid,Zhangyue Shen,YieldingYams,9348463
2026-07-06T09:12:13.996895,2026-07-06T09:12:14.006022+00:00,164.4,200,ask,WavyWalnuts,YieldingYams,9348469
2026-07-06T09:12:14.008741,2026-07-06T09:12:14.016516+00:00,164.4,200,bid,WavyWalnuts,YieldingYams,9348470
2026-07-06T09:12:15.308721,2026-07-06T09:12:15.318313+00:00,164.5,200,bid,YieldingYams,WavyWalnuts,9348483
2026-07-06T09:12:16.980395,2026-07-06T09:12:16.988548+00:00,164.5,500,ask,YieldingYams,AverageAlmonds,9348501
2026-07-06T09:12:17.577301,2026-07-06T09:12:17.585705+00:00,164.5,125,ask,YieldingYams,AverageAlmonds,9348508
2026-07-06T09:12:17.595118,2026-07-06T09:12:17.598702+00:00,164.5,11,bid,Xuanyu Liu,AverageAlmonds,9348510
2026-07-06T09:12:17.937035,2026-07-06T09:12:17.946606+00:00,164.4,200,ask,WavyWalnuts,YieldingYams,9348513
2026-07-06T09:12:17.952980,2026-07-06T09:12:17.956742+00:00,164.4,12,bid,Xuanyu Liu,YieldingYams,9348515
2026-07-06T09:12:19.684810,2026-07-06T09:12:19.692501+00:00,164.4,8,bid,Zhangyue Shen,WavyWalnuts,9348542
2026-07-06T09:12:19.950662,2026-07-06T09:12:19.958604+00:00,164.3,8,ask,YieldingYams,Zhangyue Shen,9348550
2026-07-06T09:12:20.207174,2026-07-06T09:12:20.219022+00:00,164.3,8,ask,YieldingYams,Zhangyue Shen,9348555
2026-07-06T09:12:20.637529,2026-07-06T09:12:20.642214+00:00,164.3,23,ask,YieldingYams,Xuanyu Liu,9348565
2026-07-06T09:12:21.298195,2026-07-06T09:12:21.305450+00:00,164.3,200,ask,YieldingYams,WavyWalnuts,9348573
2026-07-06T09:12:22.243882,2026-07-06T09:12:22.254778+00:00,164.2,8,ask,YieldingYams,Zhangyue Shen,9348590
2026-07-06T09:12:22.466135,2026-07-06T09:12:22.475482+00:00,164.4,20,bid,BrilliantBurritos,YieldingYams,9348594
2026-07-06T09:12:26.008231,2026-07-06T09:12:26.018052+00:00,164.1,6,ask,WavyWalnuts,Zhangyue Shen,9348640
2026-07-06T09:12:28.538499,2026-07-06T09:12:28.547570+00:00,164.1,20,ask,WavyWalnuts,BrilliantBurritos,9348675
2026-07-06T09:12:32.592398,2026-07-06T09:12:32.599938+00:00,164.3,8,ask,WavyWalnuts,Zhangyue Shen,9348733
2026-07-06T09:12:35.361110,2026-07-06T09:12:35.368861+00:00,164.5,8,bid,Zhangyue Shen,WavyWalnuts,9348778
2026-07-06T09:12:35.867721,2026-07-06T09:12:35.877221+00:00,164.4,8,ask,WavyWalnuts,Zhangyue Shen,9348790
2026-07-06T09:12:37.028286,2026-07-06T09:12:37.039929+00:00,164.5,200,bid,WavyWalnuts,YieldingYams,9348807
2026-07-06T09:12:37.723494,2026-07-06T09:12:37.733039+00:00,164.5,20,bid,BrilliantBurritos,YieldingYams,9348814
2026-07-06T09:12:38.943553,2026-07-06T09:12:38.950590+00:00,164.4,200,ask,WavyWalnuts,YieldingYams,9348831
2026-07-06T09:12:39.841620,2026-07-06T09:12:39.852617+00:00,164.4,20,bid,BrilliantBurritos,YieldingYams,9348839
2026-07-06T09:12:45.405379,2026-07-06T09:12:45.415724+00:00,164.4,500,ask,YieldingYams,AverageAlmonds,9348905
2026-07-06T09:12:45.969552,2026-07-06T09:12:45.980776+00:00,164.3,8,ask,WavyWalnuts,Zhangyue Shen,9348915
2026-07-06T09:12:52.237210,2026-07-06T09:12:52.241211+00:00,164.6,11,bid,Xuanyu Liu,YieldingYams,9348999
2026-07-06T09:12:52.263992,2026-07-06T09:12:52.275790+00:00,164.6,8,bid,Zhangyue Shen,YieldingYams,9349000
2026-07-06T09:12:55.814171,2026-07-06T09:12:55.821115+00:00,164.7,8,bid,Zhangyue Shen,YieldingYams,9349048
2026-07-06T09:12:58.074902,2026-07-06T09:12:58.085121+00:00,164.7,8,bid,Zhangyue Shen,YieldingYams,9349069
2026-07-06T09:12:58.644057,2026-07-06T09:12:58.668931+00:00,164.6,200,ask,WavyWalnuts,YieldingYams,9349076
2026-07-06T09:12:58.664788,2026-07-06T09:12:58.668931+00:00,164.6,12,bid,Xuanyu Liu,YieldingYams,9349078
2026-07-06T09:13:03.176697,2026-07-06T09:13:03.188725+00:00,164.6,8,bid,Zhangyue Shen,WavyWalnuts,9349125
2026-07-06T09:13:03.923099,2026-07-06T09:13:03.929926+00:00,164.5,200,ask,WavyWalnuts,YieldingYams,9349134
2026-07-06T09:13:04.930904,2026-07-06T09:13:04.934893+00:00,164.5,14,bid,Xuanyu Liu,YieldingYams,9349149
2026-07-06T09:13:05.027864,2026-07-06T09:13:05.035124+00:00,164.5,8,bid,Zhangyue Shen,YieldingYams,9349150
2026-07-06T09:13:05.828913,2026-07-06T09:13:05.837429+00:00,164.3,20,ask,YieldingYams,BrilliantBurritos,9349161
2026-07-06T09:13:06.793645,2026-07-06T09:13:06.803969+00:00,164.4,3,bid,Zhangyue Shen,YieldingYams,9349174
2026-07-06T09:13:07.834265,2026-07-06T09:13:07.845423+00:00,164.4,8,bid,Zhangyue Shen,YieldingYams,9349186
2026-07-06T09:13:09.707537,2026-07-06T09:13:09.717375+00:00,164.3,200,bid,WavyWalnuts,YieldingYams,9349210
2026-07-06T09:13:10.929011,2026-07-06T09:13:10.933656+00:00,164.3,3,ask,WavyWalnuts,Xuanyu Liu,9349223
2026-07-06T09:13:11.000118,2026-07-06T09:13:11.012426+00:00,164.5,20,bid,BrilliantBurritos,YieldingYams,9349226
2026-07-06T09:13:12.332976,2026-07-06T09:13:12.344822+00:00,164.5,20,bid,BrilliantBurritos,YieldingYams,9349242
2026-07-06T09:13:12.879709,2026-07-06T09:13:12.887472+00:00,164.4,3,bid,Zhangyue Shen,AverageAlmonds,9349258
2026-07-06T09:13:13.104284,2026-07-06T09:13:13.111731+00:00,164.4,497,bid,YieldingYams,AverageAlmonds,9349262
2026-07-06T09:13:14.149675,2026-07-06T09:13:14.159250+00:00,164.5,8,bid,Zhangyue Shen,AverageAlmonds,9349275
2026-07-06T09:13:14.555850,2026-07-06T09:13:14.558637+00:00,164.4,200,bid,WavyWalnuts,YieldingYams,9349285
2026-07-06T09:13:16.912965,2026-07-06T09:13:16.921899+00:00,164.3,500,ask,YieldingYams,AverageAlmonds,9349311
2026-07-06T09:13:16.965539,2026-07-06T09:13:16.977161+00:00,164.6,8,bid,Zhangyue Shen,YieldingYams,9349314
2026-07-06T09:13:17.515386,2026-07-06T09:13:17.524018+00:00,164.3,200,ask,WavyWalnuts,AverageAlmonds,9349318
2026-07-06T09:13:18.123356,2026-07-06T09:13:18.132861+00:00,164.2,500,ask,YieldingYams,AverageAlmonds,9349328
2026-07-06T09:13:18.718427,2026-07-06T09:13:18.741052+00:00,164.3,200,ask,WavyWalnuts,AverageAlmonds,9349339
2026-07-06T09:13:18.737042,2026-07-06T09:13:18.741052+00:00,164.2,3,bid,Xuanyu Liu,AverageAlmonds,9349341
2026-07-06T09:13:19.331108,2026-07-06T09:13:19.339191+00:00,164.1,500,ask,YieldingYams,AverageAlmonds,9349350
2026-07-06T09:13:19.680000,2026-07-06T09:13:19.690795+00:00,164.2,200,ask,WavyWalnuts,YieldingYams,9349353
2026-07-06T09:13:19.765951,2026-07-06T09:13:19.773973+00:00,164.0,3,bid,Zhangyue Shen,YieldingYams,9349356
2026-07-06T09:13:19.944872,2026-07-06T09:13:19.949075+00:00,163.9,3,bid,Xuanyu Liu,AverageAlmonds,9349358
2026-07-06T09:13:19.964272,2026-07-06T09:13:19.973534+00:00,163.9,35,bid,Tanishq Panjwani,AverageAlmonds,9349359
2026-07-06T09:13:20.053413,2026-07-06T09:13:20.057998+00:00,163.9,35,bid,Tanishq Panjwani,AverageAlmonds,9349363
2026-07-06T09:13:20.142095,2026-07-06T09:13:20.153920+00:00,163.9,35,bid,Tanishq Panjwani,AverageAlmonds,9349365
2026-07-06T09:13:20.233099,2026-07-06T09:13:20.240278+00:00,163.9,35,bid,Tanishq Panjwani,AverageAlmonds,9349369
2026-07-06T09:13:20.602939,2026-07-06T09:13:20.610860+00:00,164.0,200,bid,WavyWalnuts,YieldingYams,9349379
2026-07-06T09:13:20.834309,2026-07-06T09:13:20.838993+00:00,163.8,3,ask,YieldingYams,Xuanyu Liu,9349385
2026-07-06T09:13:20.888351,2026-07-06T09:13:20.900146+00:00,163.8,88,ask,YieldingYams,Tanishq Panjwani,9349387
2026-07-06T09:13:20.990560,2026-07-06T09:13:21.000530+00:00,164.0,500,bid,YieldingYams,AverageAlmonds,9349389
2026-07-06T09:13:21.128744,2026-07-06T09:13:21.135675+00:00,164.1,125,ask,YieldingYams,AverageAlmonds,9349392
2026-07-06T09:13:21.314185,2026-07-06T09:13:21.321692+00:00,164.1,5,bid,Zhangyue Shen,AverageAlmonds,9349397
2026-07-06T09:13:21.576871,2026-07-06T09:13:21.586248+00:00,163.2,8,ask,AverageAlmonds,Zhangyue Shen,9349406
2026-07-06T09:13:22.152330,2026-07-06T09:13:22.164210+00:00,164.1,20,bid,BrilliantBurritos,AverageAlmonds,9349409
2026-07-06T09:13:24.240828,2026-07-06T09:13:24.249940+00:00,163.8,200,bid,WavyWalnuts,YieldingYams,9349438
2026-07-06T09:13:25.451102,2026-07-06T09:13:25.459053+00:00,163.9,200,bid,WavyWalnuts,YieldingYams,9349460
2026-07-06T09:13:25.609821,2026-07-06T09:13:25.626644+00:00,163.9,8,bid,Zhangyue Shen,YieldingYams,9349467
2026-07-06T09:13:28.253072,2026-07-06T09:13:28.258663+00:00,164.0,10,bid,Richard Zhang,YieldingYams,9349505
2026-07-06T09:13:29.275048,2026-07-06T09:13:29.287061+00:00,164.0,10,bid,Richard Zhang,YieldingYams,9349516
2026-07-06T09:13:30.306027,2026-07-06T09:13:30.322682+00:00,163.9,10,bid,Richard Zhang,WavyWalnuts,9349528
2026-07-06T09:13:30.319043,2026-07-06T09:13:30.322682+00:00,163.9,3,bid,Xuanyu Liu,WavyWalnuts,9349530
2026-07-06T09:13:30.350188,2026-07-06T09:13:30.359102+00:00,163.9,35,bid,Tanishq Panjwani,WavyWalnuts,9349532
2026-07-06T09:13:30.439046,2026-07-06T09:13:30.451052+00:00,163.9,35,bid,Tanishq Panjwani,WavyWalnuts,9349534
2026-07-06T09:13:30.530467,2026-07-06T09:13:30.538225+00:00,163.9,35,bid,Tanishq Panjwani,WavyWalnuts,9349537
2026-07-06T09:13:30.620139,2026-07-06T09:13:30.627661+00:00,163.9,35,bid,Tanishq Panjwani,WavyWalnuts,9349540
2026-07-06T09:13:30.710178,2026-07-06T09:13:30.722053+00:00,163.9,7,bid,Tanishq Panjwani,WavyWalnuts,9349544
2026-07-06T09:13:30.881752,2026-07-06T09:13:30.892249+00:00,163.7,20,ask,YieldingYams,BrilliantBurritos,9349547
2026-07-06T09:13:32.807453,2026-07-06T09:13:32.818794+00:00,163.9,200,bid,YieldingYams,WavyWalnuts,9349568
2026-07-06T09:13:33.520219,2026-07-06T09:13:33.524479+00:00,163.9,3,ask,YieldingYams,Xuanyu Liu,9349577
2026-07-06T09:13:34.372440,2026-07-06T09:13:34.384099+00:00,163.9,10,ask,YieldingYams,Richard Zhang,9349592
2026-07-06T09:13:35.392223,2026-07-06T09:13:35.402490+00:00,164.1,10,bid,Richard Zhang,YieldingYams,9349612
2026-07-06T09:13:36.420340,2026-07-06T09:13:36.428470+00:00,163.9,6,bid,Richard Zhang,YieldingYams,9349632
2026-07-06T09:13:40.695524,2026-07-06T09:13:40.705296+00:00,163.9,200,ask,WavyWalnuts,YieldingYams,9349680
2026-07-06T09:13:42.008779,2026-07-06T09:13:42.018845+00:00,164.0,200,bid,YieldingYams,WavyWalnuts,9349694
2026-07-06T09:13:42.411363,2026-07-06T09:13:42.420878+00:00,164.1,200,ask,YieldingYams,WavyWalnuts,9349697
2026-07-06T09:13:44.644068,2026-07-06T09:13:44.658586+00:00,164.0,200,ask,WavyWalnuts,YieldingYams,9349730
2026-07-06T09:13:47.252095,2026-07-06T09:13:47.253633+00:00,163.9,200,ask,YieldingYams,WavyWalnuts,9349750
2026-07-06T09:13:48.592065,2026-07-06T09:13:48.601119+00:00,164.1,200,bid,YieldingYams,WavyWalnuts,9349766
2026-07-06T09:13:49.287947,2026-07-06T09:13:49.292208+00:00,164.3,3,bid,Xuanyu Liu,YieldingYams,9349780
2026-07-06T09:13:49.926380,2026-07-06T09:13:49.930667+00:00,164.2,11,bid,Xuanyu Liu,YieldingYams,9349790
2026-07-06T09:13:50.969481,2026-07-06T09:13:50.981793+00:00,164.1,20,ask,WavyWalnuts,BrilliantBurritos,9349809
2026-07-06T09:13:58.151874,2026-07-06T09:13:58.158533+00:00,163.8,200,ask,YieldingYams,WavyWalnuts,9349899
2026-07-06T09:13:59.361763,2026-07-06T09:13:59.368715+00:00,163.8,200,ask,YieldingYams,WavyWalnuts,9349918
2026-07-06T09:14:02.009966,2026-07-06T09:14:02.014318+00:00,163.8,11,ask,YieldingYams,Xuanyu Liu,9349942
2026-07-06T09:14:02.982488,2026-07-06T09:14:02.989451+00:00,163.8,8,ask,YieldingYams,Zhangyue Shen,9349958
2026-07-06T09:14:03.512983,2026-07-06T09:14:03.519742+00:00,163.9,8,ask,WavyWalnuts,Zhangyue Shen,9349964
2026-07-06T09:14:05.416155,2026-07-06T09:14:05.425709+00:00,164.0,200,bid,WavyWalnuts,YieldingYams,9349989
2026-07-06T09:14:07.763272,2026-07-06T09:14:07.774605+00:00,164.1,20,bid,BrilliantBurritos,WavyWalnuts,9350026
2026-07-06T09:14:08.140993,2026-07-06T09:14:08.145240+00:00,163.9,3,ask,WavyWalnuts,Xuanyu Liu,9350032
2026-07-06T09:14:08.382540,2026-07-06T09:14:08.392189+00:00,164.1,3,bid,Zhangyue Shen,WavyWalnuts,9350036
2026-07-06T09:14:08.408304,2026-07-06T09:14:08.418164+00:00,163.9,35,ask,WavyWalnuts,Tanishq Panjwani,9350040
2026-07-06T09:14:08.498964,2026-07-06T09:14:08.510189+00:00,163.9,35,ask,WavyWalnuts,Tanishq Panjwani,9350043
2026-07-06T09:14:08.590495,2026-07-06T09:14:08.601848+00:00,163.9,35,ask,WavyWalnuts,Tanishq Panjwani,9350045
2026-07-06T09:14:08.682369,2026-07-06T09:14:08.693493+00:00,163.9,35,ask,WavyWalnuts,Tanishq Panjwani,9350047
2026-07-06T09:14:08.771589,2026-07-06T09:14:08.778486+00:00,163.9,10,ask,WavyWalnuts,Tanishq Panjwani,9350052
2026-07-06T09:14:10.392209,2026-07-06T09:14:10.405653+00:00,164.0,5,bid,Zhangyue Shen,YieldingYams,9350079
2026-07-06T09:14:11.410835,2026-07-06T09:14:11.463629+00:00,163.7,8,ask,WavyWalnuts,Zhangyue Shen,9350092
2026-07-06T09:14:11.474946,2026-07-06T09:14:11.564101+00:00,163.9,200,bid,WavyWalnuts,YieldingYams,9350093
2026-07-06T09:14:11.747118,2026-07-06T09:14:11.758909+00:00,163.7,20,ask,YieldingYams,BrilliantBurritos,9350094
2026-07-06T09:14:12.417737,2026-07-06T09:14:12.429802+00:00,164.0,8,bid,Zhangyue Shen,YieldingYams,9350106
2026-07-06T09:14:14.711326,2026-07-06T09:14:14.718768+00:00,163.8,35,ask,YieldingYams,Tanishq Panjwani,9350130
2026-07-06T09:14:14.800622,2026-07-06T09:14:14.810595+00:00,163.8,14,ask,YieldingYams,Tanishq Panjwani,9350132
2026-07-06T09:14:16.228097,2026-07-06T09:14:16.231955+00:00,164.0,3,ask,YieldingYams,Xuanyu Liu,9350149
2026-07-06T09:14:16.755310,2026-07-06T09:14:16.758647+00:00,164.0,8,ask,YieldingYams,Zhangyue Shen,9350155
2026-07-06T09:14:20.562187,2026-07-06T09:14:20.574350+00:00,164.1,8,ask,YieldingYams,Zhangyue Shen,9350203
2026-07-06T09:14:20.964874,2026-07-06T09:14:20.972226+00:00,164.1,20,ask,YieldingYams,BrilliantBurritos,9350204
2026-07-06T09:14:21.433820,2026-07-06T09:14:21.440760+00:00,164.2,200,bid,YieldingYams,WavyWalnuts,9350213
2026-07-06T09:14:22.358988,2026-07-06T09:14:22.370573+00:00,164.2,200,ask,YieldingYams,WavyWalnuts,9350224
2026-07-06T09:14:23.499563,2026-07-06T09:14:23.508147+00:00,164.0,500,ask,YieldingYams,AverageAlmonds,9350239
2026-07-06T09:14:28.723800,2026-07-06T09:14:28.736103+00:00,163.9,20,ask,YieldingYams,BrilliantBurritos,9350316
2026-07-06T09:14:29.880248,2026-07-06T09:14:29.889458+00:00,163.8,8,ask,YieldingYams,Zhangyue Shen,9350330
2026-07-06T09:14:30.631809,2026-07-06T09:14:30.639341+00:00,163.9,200,bid,YieldingYams,WavyWalnuts,9350349
2026-07-06T09:14:30.631809,2026-07-06T09:14:30.644774+00:00,163.9,425,bid,YieldingYams,AverageAlmonds,9350350
2026-07-06T09:14:31.962214,2026-07-06T09:14:31.970047+00:00,163.8,200,ask,WavyWalnuts,AverageAlmonds,9350366
2026-07-06T09:14:32.039926,2026-07-06T09:14:32.048680+00:00,163.8,200,bid,WavyWalnuts,AverageAlmonds,9350368
2026-07-06T09:14:32.306067,2026-07-06T09:14:32.312911+00:00,163.8,20,bid,BrilliantBurritos,AverageAlmonds,9350370
2026-07-06T09:14:33.253228,2026-07-06T09:14:33.257866+00:00,163.7,200,bid,WavyWalnuts,AverageAlmonds,9350390
2026-07-06T09:14:34.842469,2026-07-06T09:14:34.858592+00:00,163.7,20,bid,BrilliantBurritos,YieldingYams,9350405
2026-07-06T09:14:35.603164,2026-07-06T09:14:35.612959+00:00,163.6,200,ask,WavyWalnuts,AverageAlmonds,9350420
2026-07-06T09:14:35.916899,2026-07-06T09:14:35.925731+00:00,163.6,300,bid,YieldingYams,AverageAlmonds,9350423
2026-07-06T09:14:36.198840,2026-07-06T09:14:36.205927+00:00,163.6,325,ask,YieldingYams,AverageAlmonds,9350424
2026-07-06T09:14:36.888550,2026-07-06T09:14:36.898382+00:00,163.6,200,bid,WavyWalnuts,AverageAlmonds,9350435
2026-07-06T09:14:37.193303,2026-07-06T09:14:37.205134+00:00,163.6,8,bid,Zhangyue Shen,AverageAlmonds,9350438
2026-07-06T09:14:39.243913,2026-07-06T09:14:39.258582+00:00,163.5,8,bid,Zhangyue Shen,AverageAlmonds,9350475
2026-07-06T09:14:40.545974,2026-07-06T09:14:40.563765+00:00,163.5,200,bid,WavyWalnuts,AverageAlmonds,9350491
2026-07-06T09:14:40.679617,2026-07-06T09:14:40.689717+00:00,163.5,20,bid,BrilliantBurritos,AverageAlmonds,9350494
2026-07-06T09:14:41.511508,2026-07-06T09:14:41.518909+00:00,163.2,8,ask,YieldingYams,Zhangyue Shen,9350507
2026-07-06T09:14:42.972606,2026-07-06T09:14:42.979496+00:00,163.4,200,bid,WavyWalnuts,AverageAlmonds,9350526
2026-07-06T09:14:44.954930,2026-07-06T09:14:44.964317+00:00,163.4,20,ask,WavyWalnuts,BrilliantBurritos,9350551
2026-07-06T09:14:45.877930,2026-07-06T09:14:45.889782+00:00,163.4,200,ask,WavyWalnuts,AverageAlmonds,9350563
2026-07-06T09:14:46.242853,2026-07-06T09:14:46.246894+00:00,163.4,3,bid,Xuanyu Liu,AverageAlmonds,9350578
2026-07-06T09:14:46.603313,2026-07-06T09:14:46.612798+00:00,163.4,200,bid,WavyWalnuts,YieldingYams,9350583
2026-07-06T09:14:47.806641,2026-07-06T09:14:47.814121+00:00,163.4,8,bid,Zhangyue Shen,AverageAlmonds,9350596
2026-07-06T09:14:47.815092,2026-07-06T09:14:47.824301+00:00,163.4,200,bid,WavyWalnuts,AverageAlmonds,9350597
2026-07-06T09:14:48.061857,2026-07-06T09:14:48.073709+00:00,163.4,8,bid,Zhangyue Shen,AverageAlmonds,9350601
2026-07-06T09:14:49.510187,2026-07-06T09:14:49.521045+00:00,163.3,200,ask,WavyWalnuts,AverageAlmonds,9350627
2026-07-06T09:14:49.834271,2026-07-06T09:14:49.846373+00:00,163.3,8,bid,Zhangyue Shen,AverageAlmonds,9350631
2026-07-06T09:14:50.236086,2026-07-06T09:14:50.245470+00:00,163.3,200,bid,WavyWalnuts,AverageAlmonds,9350638
2026-07-06T09:14:51.444989,2026-07-06T09:14:51.456246+00:00,163.2,200,bid,WavyWalnuts,YieldingYams,9350651
2026-07-06T09:14:52.526964,2026-07-06T09:14:52.533718+00:00,163.1,500,ask,YieldingYams,AverageAlmonds,9350673
2026-07-06T09:14:52.990066,2026-07-06T09:14:53.001364+00:00,163.1,200,ask,WavyWalnuts,YieldingYams,9350675
2026-07-06T09:14:55.512246,2026-07-06T09:14:55.520582+00:00,163.1,20,bid,BrilliantBurritos,YieldingYams,9350706
2026-07-06T09:14:56.386532,2026-07-06T09:14:56.398583+00:00,163.2,20,bid,BrilliantBurritos,WavyWalnuts,9350717
2026-07-06T09:14:56.926894,2026-07-06T09:14:56.936528+00:00,163.2,180,bid,YieldingYams,WavyWalnuts,9350728
2026-07-06T09:14:56.926894,2026-07-06T09:14:56.936528+00:00,163.2,445,bid,YieldingYams,AverageAlmonds,9350729
2026-07-06T09:14:58.717732,2026-07-06T09:14:58.737979+00:00,163.1,200,bid,WavyWalnuts,AverageAlmonds,9350753
2026-07-06T09:14:59.550802,2026-07-06T09:14:59.552174+00:00,163.0,500,bid,YieldingYams,AverageAlmonds,9350768
2026-07-06T09:15:00.413909,2026-07-06T09:15:00.421073+00:00,163.0,125,ask,YieldingYams,AverageAlmonds,9350779
2026-07-06T09:15:00.413909,2026-07-06T09:15:00.426330+00:00,163.0,200,ask,WavyWalnuts,AverageAlmonds,9350780
2026-07-06T09:15:01.144096,2026-07-06T09:15:01.153418+00:00,162.8,200,bid,WavyWalnuts,YieldingYams,9350804
2026-07-06T09:15:02.356304,2026-07-06T09:15:02.366670+00:00,162.8,200,bid,WavyWalnuts,YieldingYams,9350820
2026-07-06T09:15:03.069247,2026-07-06T09:15:03.081306+00:00,162.8,20,bid,BrilliantBurritos,YieldingYams,9350828
2026-07-06T09:15:03.470404,2026-07-06T09:15:03.482271+00:00,162.6,8,ask,YieldingYams,Zhangyue Shen,9350838
2026-07-06T09:15:03.568423,2026-07-06T09:15:03.577997+00:00,162.9,200,bid,WavyWalnuts,YieldingYams,9350840
2026-07-06T09:15:04.507229,2026-07-06T09:15:04.515754+00:00,162.9,8,bid,Zhangyue Shen,YieldingYams,9350857
2026-07-06T09:15:05.238028,2026-07-06T09:15:05.250389+00:00,162.9,35,bid,Tanishq Panjwani,YieldingYams,9350870
2026-07-06T09:15:05.244639,2026-07-06T09:15:05.250389+00:00,162.9,3,bid,Xuanyu Liu,YieldingYams,9350871
2026-07-06T09:15:05.340482,2026-07-06T09:15:05.352450+00:00,162.9,35,bid,Tanishq Panjwani,YieldingYams,9350876
2026-07-06T09:15:05.429266,2026-07-06T09:15:05.439325+00:00,162.9,35,bid,Tanishq Panjwani,YieldingYams,9350879
2026-07-06T09:15:05.515117,2026-07-06T09:15:05.526906+00:00,162.9,35,bid,Tanishq Panjwani,YieldingYams,9350882
2026-07-06T09:15:05.604835,2026-07-06T09:15:05.616734+00:00,162.9,7,bid,Tanishq Panjwani,YieldingYams,9350886
2026-07-06T09:15:07.420017,2026-07-06T09:15:07.430776+00:00,162.9,200,ask,WavyWalnuts,YieldingYams,9350902
2026-07-06T09:15:07.434469,2026-07-06T09:15:07.441271+00:00,162.9,20,bid,BrilliantBurritos,YieldingYams,9350903
2026-07-06T09:15:11.364023,2026-07-06T09:15:11.374776+00:00,163.0,200,bid,YieldingYams,WavyWalnuts,9350948
2026-07-06T09:15:11.395483,2026-07-06T09:15:11.399344+00:00,163.0,1,ask,YieldingYams,Xuanyu Liu,9350953
2026-07-06T09:15:11.544209,2026-07-06T09:15:11.558652+00:00,163.1,50,bid,Tanishq Panjwani,AverageAlmonds,9350955
2026-07-06T09:15:11.917964,2026-07-06T09:15:11.929073+00:00,163.0,424,ask,YieldingYams,AverageAlmonds,9350965
2026-07-06T09:15:12.521318,2026-07-06T09:15:12.530285+00:00,162.9,200,ask,WavyWalnuts,AverageAlmonds,9350976
2026-07-06T09:15:13.256686,2026-07-06T09:15:13.265287+00:00,162.9,200,bid,WavyWalnuts,YieldingYams,9350982
2026-07-06T09:15:15.295911,2026-07-06T09:15:15.307043+00:00,162.9,500,bid,YieldingYams,AverageAlmonds,9351003
2026-07-06T09:15:15.522080,2026-07-06T09:15:15.533650+00:00,162.9,125,ask,YieldingYams,AverageAlmonds,9351005
2026-07-06T09:15:15.522080,2026-07-06T09:15:15.533650+00:00,162.8,5,ask,Weiqing Shi,AverageAlmonds,9351006
2026-07-06T09:15:15.522080,2026-07-06T09:15:15.533650+00:00,162.8,200,ask,WavyWalnuts,AverageAlmonds,9351007
2026-07-06T09:15:16.736263,2026-07-06T09:15:16.756166+00:00,162.7,200,ask,WavyWalnuts,AverageAlmonds,9351019
2026-07-06T09:15:16.751793,2026-07-06T09:15:16.756166+00:00,162.6,1,bid,Xuanyu Liu,AverageAlmonds,9351021
2026-07-06T09:15:16.762351,2026-07-06T09:15:16.771704+00:00,162.6,2,bid,Tanishq Panjwani,AverageAlmonds,9351022
2026-07-06T09:15:17.694748,2026-07-06T09:15:17.706682+00:00,162.6,20,bid,BrilliantBurritos,AverageAlmonds,9351041
2026-07-06T09:15:18.370250,2026-07-06T09:15:18.377545+00:00,162.7,20,bid,BrilliantBurritos,WavyWalnuts,9351045
2026-07-06T09:15:19.227792,2026-07-06T09:15:19.239078+00:00,162.7,180,bid,YieldingYams,WavyWalnuts,9351054
2026-07-06T09:15:19.227792,2026-07-06T09:15:19.239078+00:00,162.7,445,bid,YieldingYams,AverageAlmonds,9351055
2026-07-06T09:15:19.647439,2026-07-06T09:15:19.654299+00:00,162.4,3,ask,WavyWalnuts,Zhangyue Shen,9351064
2026-07-06T09:15:21.683234,2026-07-06T09:15:21.695096+00:00,162.5,8,ask,YieldingYams,Zhangyue Shen,9351093
