timestamp,recv_time,price,volume,aggressor_side,buyer,seller,trade_id
2026-07-08T02:00:00.317816,2026-07-08T02:00:00.313928+00:00,133.8,5,bid,,,11559810
2026-07-08T02:00:00.326097,2026-07-08T02:00:00.313928+00:00,133.6,5,ask,,,11559811
2026-07-08T02:00:00.849702,2026-07-08T02:00:00.860876+00:00,133.8,5,bid,,,11559822
2026-07-08T02:00:00.859538,2026-07-08T02:00:00.866284+00:00,133.6,5,ask,,,11559823
2026-07-08T02:00:01.140042,2026-07-08T02:00:01.148284+00:00,133.7,200,bid,,,11559825
2026-07-08T02:00:01.260733,2026-07-08T02:00:01.229257+00:00,133.7,300,bid,,,11559829
2026-07-08T02:00:01.273434,2026-07-08T02:00:01.277548+00:00,133.7,11,ask,,,11559831
2026-07-08T02:00:01.396919,2026-07-08T02:00:01.408417+00:00,133.7,5,ask,,,11559833
2026-07-08T02:00:01.456711,2026-07-08T02:00:01.468742+00:00,133.7,20,ask,,,11559836
2026-07-08T02:00:01.727655,2026-07-08T02:00:01.739570+00:00,133.7,20,ask,,,11559838
2026-07-08T02:00:01.923159,2026-07-08T02:00:01.932741+00:00,133.8,5,bid,,,11559842
2026-07-08T02:00:02.472941,2026-07-08T02:00:02.484430+00:00,133.7,5,ask,,,11559856
2026-07-08T02:00:06.341450,2026-07-08T02:00:06.358631+00:00,133.8,20,bid,,,11559914
2026-07-08T02:00:06.747496,2026-07-08T02:00:06.758581+00:00,133.7,5,ask,,,11559917
2026-07-08T02:00:07.200311,2026-07-08T02:00:07.207729+00:00,133.8,200,bid,,,11559922
2026-07-08T02:00:07.820882,2026-07-08T02:00:07.830052+00:00,133.8,5,bid,,,11559933
2026-07-08T02:00:08.409266,2026-07-08T02:00:08.418172+00:00,133.9,5,bid,,,11559943
2026-07-08T02:00:08.856094,2026-07-08T02:00:08.858573+00:00,134.0,5,bid,,,11559949
2026-07-08T02:00:08.864471,2026-07-08T02:00:08.874223+00:00,133.9,5,ask,,,11559950
2026-07-08T02:00:09.134788,2026-07-08T02:00:09.143446+00:00,133.9,190,ask,,,11559956
2026-07-08T02:00:09.387837,2026-07-08T02:00:09.397084+00:00,133.9,5,bid,,,11559958
2026-07-08T02:00:09.617870,2026-07-08T02:00:09.626920+00:00,133.9,200,bid,,,11559962
2026-07-08T02:00:10.826189,2026-07-08T02:00:10.835581+00:00,133.9,5,bid,,,11559978
2026-07-08T02:00:10.826189,2026-07-08T02:00:10.835581+00:00,134.0,195,bid,,,11559979
2026-07-08T02:00:10.980559,2026-07-08T02:00:10.992168+00:00,134.0,5,bid,,,11559982
2026-07-08T02:00:14.382961,2026-07-08T02:00:14.390308+00:00,133.8,200,ask,,,11560022
2026-07-08T02:00:14.683726,2026-07-08T02:00:14.695031+00:00,133.8,25,bid,,,11560033
2026-07-08T02:00:15.040413,2026-07-08T02:00:15.051848+00:00,133.8,20,bid,,,11560038
2026-07-08T02:00:15.727346,2026-07-08T02:00:15.748677+00:00,133.7,5,ask,,,11560049
2026-07-08T02:00:16.244825,2026-07-08T02:00:16.256094+00:00,133.9,5,bid,,,11560050
2026-07-08T02:00:16.249972,2026-07-08T02:00:16.261346+00:00,133.7,5,ask,,,11560051
2026-07-08T02:00:16.769208,2026-07-08T02:00:16.773873+00:00,133.7,3,ask,,,11560055
2026-07-08T02:00:16.960160,2026-07-08T02:00:16.971815+00:00,133.8,10,ask,,,11560066
2026-07-08T02:00:17.332333,2026-07-08T02:00:17.340678+00:00,133.8,40,ask,,,11560070
2026-07-08T02:00:17.342346,2026-07-08T02:00:17.350884+00:00,133.8,5,ask,,,11560072
2026-07-08T02:00:17.350459,2026-07-08T02:00:17.358591+00:00,133.8,5,ask,,,11560073
2026-07-08T02:00:17.878659,2026-07-08T02:00:17.890447+00:00,133.8,40,ask,,,11560080
2026-07-08T02:00:17.899789,2026-07-08T02:00:17.911271+00:00,133.8,5,ask,,,11560083
2026-07-08T02:00:18.425146,2026-07-08T02:00:18.435087+00:00,133.9,42,ask,,,11560094
2026-07-08T02:00:18.447415,2026-07-08T02:00:18.455878+00:00,133.9,5,ask,,,11560097
2026-07-08T02:00:18.601402,2026-07-08T02:00:18.609334+00:00,133.9,500,ask,,,11560101
2026-07-08T02:00:18.969339,2026-07-08T02:00:18.979745+00:00,134.0,5,bid,,,11560107
2026-07-08T02:00:19.195463,2026-07-08T02:00:19.206824+00:00,133.9,78,ask,,,11560110
2026-07-08T02:00:19.498283,2026-07-08T02:00:19.505992+00:00,133.7,5,ask,,,11560119
2026-07-08T02:00:19.627343,2026-07-08T02:00:19.634742+00:00,133.7,195,ask,,,11560123
2026-07-08T02:00:19.627343,2026-07-08T02:00:19.639994+00:00,133.7,5,ask,,,11560124
2026-07-08T02:00:22.179429,2026-07-08T02:00:22.191080+00:00,133.6,20,ask,,,11560160
2026-07-08T02:00:23.247705,2026-07-08T02:00:23.258621+00:00,133.7,5,bid,,,11560172
2026-07-08T02:00:23.775841,2026-07-08T02:00:23.784026+00:00,133.5,10,ask,,,11560182
2026-07-08T02:00:25.371710,2026-07-08T02:00:25.383263+00:00,133.6,5,bid,,,11560208
2026-07-08T02:00:25.903414,2026-07-08T02:00:25.914918+00:00,133.4,5,ask,,,11560216
2026-07-08T02:00:26.434330,2026-07-08T02:00:26.442978+00:00,133.4,5,ask,,,11560227
2026-07-08T02:00:29.149559,2026-07-08T02:00:29.163905+00:00,133.4,10,ask,,,11560260
2026-07-08T02:00:29.893555,2026-07-08T02:00:29.905529+00:00,133.5,20,bid,,,11560265
2026-07-08T02:00:30.125969,2026-07-08T02:00:30.134038+00:00,133.4,190,ask,,,11560270
2026-07-08T02:00:30.163776,2026-07-08T02:00:30.171427+00:00,133.4,5,bid,,,11560272
2026-07-08T02:00:30.206231,2026-07-08T02:00:30.213346+00:00,133.3,5,bid,,,11560274
2026-07-08T02:00:30.206231,2026-07-08T02:00:30.218569+00:00,133.4,195,bid,,,11560275
2026-07-08T02:00:30.724512,2026-07-08T02:00:30.743146+00:00,133.4,5,bid,,,11560279
2026-07-08T02:00:30.733030,2026-07-08T02:00:30.743146+00:00,133.3,5,ask,,,11560280
2026-07-08T02:00:31.258418,2026-07-08T02:00:31.268255+00:00,133.4,5,bid,,,11560286
2026-07-08T02:00:31.267101,2026-07-08T02:00:31.278711+00:00,133.3,5,ask,,,11560287
2026-07-08T02:00:34.432069,2026-07-08T02:00:34.441940+00:00,133.4,5,bid,,,11560328
2026-07-08T02:00:34.703952,2026-07-08T02:00:34.715932+00:00,133.4,5,bid,,,11560332
2026-07-08T02:00:34.972775,2026-07-08T02:00:34.980012+00:00,133.3,5,ask,,,11560334
2026-07-08T02:00:34.977729,2026-07-08T02:00:34.985220+00:00,133.4,5,bid,,,11560335
2026-07-08T02:00:35.358903,2026-07-08T02:00:35.365601+00:00,133.4,200,bid,,,11560339
2026-07-08T02:00:35.502532,2026-07-08T02:00:35.510432+00:00,133.4,5,ask,,,11560342
2026-07-08T02:00:36.671452,2026-07-08T02:00:36.681861+00:00,133.5,5,ask,,,11560360
2026-07-08T02:00:37.087727,2026-07-08T02:00:37.097021+00:00,133.5,20,bid,,,11560364
2026-07-08T02:00:37.096243,2026-07-08T02:00:37.107220+00:00,133.3,5,ask,,,11560365
2026-07-08T02:00:38.680596,2026-07-08T02:00:38.689839+00:00,133.5,200,bid,,,11560385
2026-07-08T02:00:39.892959,2026-07-08T02:00:39.903270+00:00,133.6,200,bid,,,11560401
2026-07-08T02:00:41.349140,2026-07-08T02:00:41.358670+00:00,133.5,40,ask,,,11560413
2026-07-08T02:00:41.890548,2026-07-08T02:00:41.898810+00:00,133.5,8,ask,,,11560428
2026-07-08T02:00:41.918014,2026-07-08T02:00:41.924794+00:00,133.5,152,ask,,,11560430
2026-07-08T02:00:43.227509,2026-07-08T02:00:43.234392+00:00,133.6,200,bid,,,11560446
2026-07-08T02:00:45.002681,2026-07-08T02:00:45.012762+00:00,133.5,5,ask,,,11560466
2026-07-08T02:00:45.290987,2026-07-08T02:00:45.298406+00:00,133.6,20,bid,,,11560470
2026-07-08T02:00:47.194150,2026-07-08T02:00:47.205397+00:00,133.5,200,bid,,,11560498
2026-07-08T02:00:47.212604,2026-07-08T02:00:47.216699+00:00,133.5,3,ask,,,11560500
2026-07-08T02:00:47.465500,2026-07-08T02:00:47.477130+00:00,133.5,20,ask,,,11560502
2026-07-08T02:00:47.814437,2026-07-08T02:00:47.825633+00:00,133.5,20,ask,,,11560508
2026-07-08T02:00:48.159048,2026-07-08T02:00:48.170784+00:00,133.5,20,ask,,,11560511
2026-07-08T02:00:48.783400,2026-07-08T02:00:48.795089+00:00,133.5,9,ask,,,11560527
2026-07-08T02:00:49.046699,2026-07-08T02:00:49.058344+00:00,133.5,4,ask,,,11560532
2026-07-08T02:00:49.310475,2026-07-08T02:00:49.320220+00:00,133.5,1,ask,,,11560538
2026-07-08T02:00:49.580282,2026-07-08T02:00:49.592004+00:00,133.5,1,ask,,,11560548
2026-07-08T02:00:49.837099,2026-07-08T02:00:49.841604+00:00,133.6,11,ask,,,11560555
2026-07-08T02:00:49.956317,2026-07-08T02:00:49.968271+00:00,133.6,1,ask,,,11560558
2026-07-08T02:00:50.196548,2026-07-08T02:00:50.205028+00:00,133.6,20,ask,,,11560561
2026-07-08T02:00:51.729194,2026-07-08T02:00:51.739496+00:00,133.7,3,ask,,,11560576
2026-07-08T02:00:51.991374,2026-07-08T02:00:52.000796+00:00,133.7,200,ask,,,11560582
2026-07-08T02:00:54.408752,2026-07-08T02:00:54.419025+00:00,133.8,200,bid,,,11560614
2026-07-08T02:00:55.536781,2026-07-08T02:00:55.543433+00:00,133.7,500,ask,,,11560632
2026-07-08T02:00:56.131397,2026-07-08T02:00:56.141928+00:00,133.7,125,ask,,,11560638
2026-07-08T02:00:56.131397,2026-07-08T02:00:56.141928+00:00,133.7,200,ask,,,11560639
2026-07-08T02:00:56.388809,2026-07-08T02:00:56.410556+00:00,133.6,5,ask,,,11560653
2026-07-08T02:00:56.406337,2026-07-08T02:00:56.410556+00:00,133.5,11,bid,,,11560655
2026-07-08T02:00:56.823868,2026-07-08T02:00:56.833533+00:00,133.5,200,bid,,,11560665
2026-07-08T02:00:58.022593,2026-07-08T02:00:58.039046+00:00,133.4,5,ask,,,11560686
2026-07-08T02:00:59.008072,2026-07-08T02:00:59.018857+00:00,133.5,200,ask,,,11560698
2026-07-08T02:00:59.611763,2026-07-08T02:00:59.619834+00:00,133.4,5,bid,,,11560708
2026-07-08T02:01:04.401017,2026-07-08T02:01:04.411370+00:00,133.2,5,ask,,,11560774
2026-07-08T02:01:06.516124,2026-07-08T02:01:06.519825+00:00,133.4,11,ask,,,11560805
2026-07-08T02:01:06.864988,2026-07-08T02:01:06.875310+00:00,133.4,189,ask,,,11560810
2026-07-08T02:01:07.009421,2026-07-08T02:01:07.017116+00:00,133.2,20,bid,,,11560814
2026-07-08T02:01:07.715504,2026-07-08T02:01:07.725184+00:00,133.2,200,bid,,,11560824
2026-07-08T02:01:09.187890,2026-07-08T02:01:09.195190+00:00,133.3,20,ask,,,11560847
2026-07-08T02:01:11.344346,2026-07-08T02:01:11.350542+00:00,133.4,200,bid,,,11560878
2026-07-08T02:01:14.989888,2026-07-08T02:01:14.998366+00:00,133.5,200,bid,,,11560937
2026-07-08T02:01:18.128822,2026-07-08T02:01:18.140690+00:00,133.7,20,bid,,,11560980
2026-07-08T02:01:19.495529,2026-07-08T02:01:19.507556+00:00,133.4,20,ask,,,11560990
2026-07-08T02:01:22.279186,2026-07-08T02:01:22.289456+00:00,133.7,200,bid,,,11561022
2026-07-08T02:01:23.134079,2026-07-08T02:01:23.146031+00:00,133.8,20,bid,,,11561034
2026-07-08T02:01:23.660330,2026-07-08T02:01:23.670378+00:00,133.8,5,bid,,,11561043
2026-07-08T02:01:24.717755,2026-07-08T02:01:24.724803+00:00,133.8,5,bid,,,11561056
2026-07-08T02:01:25.232391,2026-07-08T02:01:25.243807+00:00,133.8,200,bid,,,11561063
2026-07-08T02:01:25.232391,2026-07-08T02:01:25.243807+00:00,133.8,425,bid,,,11561064
2026-07-08T02:01:26.310956,2026-07-08T02:01:26.320306+00:00,133.7,10,ask,,,11561070
2026-07-08T02:01:26.346520,2026-07-08T02:01:26.346187+00:00,133.8,20,bid,,,11561075
2026-07-08T02:01:26.545252,2026-07-08T02:01:26.552866+00:00,133.7,190,ask,,,11561079
2026-07-08T02:01:26.545252,2026-07-08T02:01:26.557875+00:00,133.6,5,ask,,,11561080
2026-07-08T02:01:26.862993,2026-07-08T02:01:26.869469+00:00,133.4,5,ask,,,11561084
2026-07-08T02:01:27.112423,2026-07-08T02:01:27.120914+00:00,133.6,200,bid,,,11561087
2026-07-08T02:01:29.163792,2026-07-08T02:01:29.175448+00:00,133.6,200,ask,,,11561114
2026-07-08T02:01:34.395000,2026-07-08T02:01:34.405714+00:00,133.4,200,ask,,,11561196
2026-07-08T02:01:34.687859,2026-07-08T02:01:34.696130+00:00,133.5,5,bid,,,11561198
2026-07-08T02:01:35.605594,2026-07-08T02:01:35.648937+00:00,133.4,5,ask,,,11561210
2026-07-08T02:01:35.643532,2026-07-08T02:01:35.648937+00:00,133.4,7,bid,,,11561213
2026-07-08T02:01:35.747139,2026-07-08T02:01:35.758580+00:00,133.2,5,ask,,,11561217
2026-07-08T02:01:35.842947,2026-07-08T02:01:35.847206+00:00,133.4,7,bid,,,11561221
2026-07-08T02:01:35.867616,2026-07-08T02:01:35.879428+00:00,133.4,20,bid,,,11561222
2026-07-08T02:01:36.278557,2026-07-08T02:01:36.289835+00:00,133.4,5,bid,,,11561229
2026-07-08T02:01:36.284024,2026-07-08T02:01:36.294998+00:00,133.4,5,bid,,,11561230
2026-07-08T02:01:36.813929,2026-07-08T02:01:36.824116+00:00,133.2,5,ask,,,11561232
2026-07-08T02:01:36.820686,2026-07-08T02:01:36.829413+00:00,133.3,5,bid,,,11561233
2026-07-08T02:01:36.874725,2026-07-08T02:01:36.885408+00:00,133.3,20,bid,,,11561236
2026-07-08T02:01:37.139983,2026-07-08T02:01:37.151736+00:00,133.2,20,bid,,,11561240
2026-07-08T02:01:37.408474,2026-07-08T02:01:37.420392+00:00,133.2,20,bid,,,11561247
2026-07-08T02:01:37.680818,2026-07-08T02:01:37.695703+00:00,133.2,4,bid,,,11561253
2026-07-08T02:01:37.714462,2026-07-08T02:01:37.721463+00:00,133.1,4,ask,,,11561257
2026-07-08T02:01:37.883141,2026-07-08T02:01:37.890853+00:00,133.1,10,ask,,,11561261
2026-07-08T02:01:37.893082,2026-07-08T02:01:37.901299+00:00,133.1,5,ask,,,11561263
2026-07-08T02:01:38.041321,2026-07-08T02:01:38.058606+00:00,133.1,20,ask,,,11561264
2026-07-08T02:01:42.547519,2026-07-08T02:01:42.558576+00:00,133.2,20,bid,,,11561332
2026-07-08T02:01:43.245596,2026-07-08T02:01:43.258605+00:00,133.0,20,ask,,,11561340
2026-07-08T02:01:46.250980,2026-07-08T02:01:46.255155+00:00,133.2,3,ask,,,11561377
2026-07-08T02:01:46.502637,2026-07-08T02:01:46.512751+00:00,133.2,200,ask,,,11561383
2026-07-08T02:01:48.853047,2026-07-08T02:01:48.860930+00:00,133.1,200,bid,,,11561406
2026-07-08T02:01:50.134890,2026-07-08T02:01:50.144991+00:00,133.1,200,ask,,,11561428
2026-07-08T02:01:51.475733,2026-07-08T02:01:51.486051+00:00,133.1,200,bid,,,11561437
2026-07-08T02:01:52.549560,2026-07-08T02:01:52.558543+00:00,133.1,200,ask,,,11561447
2026-07-08T02:01:52.796407,2026-07-08T02:01:52.806741+00:00,133.0,5,ask,,,11561451
2026-07-08T02:01:52.937188,2026-07-08T02:01:52.945899+00:00,132.8,5,ask,,,11561457
2026-07-08T02:01:54.108135,2026-07-08T02:01:54.117781+00:00,132.9,200,ask,,,11561477
2026-07-08T02:01:54.108135,2026-07-08T02:01:54.117781+00:00,132.9,5,ask,,,11561478
2026-07-08T02:01:55.489731,2026-07-08T02:01:55.500824+00:00,132.9,200,bid,,,11561492
2026-07-08T02:01:55.569646,2026-07-08T02:01:55.580539+00:00,132.9,5,ask,,,11561494
2026-07-08T02:01:56.695544,2026-07-08T02:01:56.706126+00:00,133.0,500,bid,,,11561506
2026-07-08T02:01:56.732868,2026-07-08T02:01:56.739236+00:00,133.0,200,bid,,,11561508
2026-07-08T02:01:58.044635,2026-07-08T02:01:58.055863+00:00,133.0,500,ask,,,11561522
2026-07-08T02:01:58.153606,2026-07-08T02:01:58.165214+00:00,133.0,20,bid,,,11561525
2026-07-08T02:01:58.524961,2026-07-08T02:01:58.532899+00:00,133.0,105,bid,,,11561532
2026-07-08T02:02:01.005876,2026-07-08T02:02:01.014756+00:00,133.2,200,bid,,,11561556
2026-07-08T02:02:02.001856,2026-07-08T02:02:02.020910+00:00,133.2,11,ask,,,11561580
2026-07-08T02:02:02.216280,2026-07-08T02:02:02.223447+00:00,133.2,200,ask,,,11561585
2026-07-08T02:02:04.309654,2026-07-08T02:02:04.314061+00:00,133.4,11,bid,,,11561608
2026-07-08T02:02:05.531704,2026-07-08T02:02:05.543626+00:00,133.5,20,bid,,,11561625
2026-07-08T02:02:05.939663,2026-07-08T02:02:05.949790+00:00,133.4,200,ask,,,11561631
2026-07-08T02:02:07.029603,2026-07-08T02:02:07.040740+00:00,133.4,5,bid,,,11561649
2026-07-08T02:02:07.249286,2026-07-08T02:02:07.258467+00:00,133.4,200,bid,,,11561654
2026-07-08T02:02:07.560956,2026-07-08T02:02:07.569031+00:00,133.4,5,ask,,,11561656
2026-07-08T02:02:08.908056,2026-07-08T02:02:08.919895+00:00,133.5,20,bid,,,11561677
2026-07-08T02:02:09.868221,2026-07-08T02:02:09.875318+00:00,133.4,500,bid,,,11561686
2026-07-08T02:02:10.021024,2026-07-08T02:02:10.031993+00:00,133.4,125,ask,,,11561688
2026-07-08T02:02:10.682246,2026-07-08T02:02:10.690019+00:00,133.4,5,bid,,,11561696
2026-07-08T02:02:10.711435,2026-07-08T02:02:10.721480+00:00,133.4,200,bid,,,11561698
2026-07-08T02:02:11.228391,2026-07-08T02:02:11.236320+00:00,133.3,5,bid,,,11561711
2026-07-08T02:02:11.921460,2026-07-08T02:02:11.928417+00:00,133.3,200,bid,,,11561717
2026-07-08T02:02:13.909976,2026-07-08T02:02:13.916673+00:00,133.3,10,ask,,,11561744
2026-07-08T02:02:16.716683,2026-07-08T02:02:16.727772+00:00,133.3,500,ask,,,11561777
2026-07-08T02:02:16.976357,2026-07-08T02:02:16.978029+00:00,133.3,20,ask,,,11561780
2026-07-08T02:02:17.768999,2026-07-08T02:02:17.779167+00:00,133.2,200,ask,,,11561795
2026-07-08T02:02:17.768999,2026-07-08T02:02:17.779167+00:00,133.2,5,ask,,,11561796
2026-07-08T02:02:17.993186,2026-07-08T02:02:18.002793+00:00,133.0,200,bid,,,11561806
2026-07-08T02:02:18.095562,2026-07-08T02:02:18.103066+00:00,132.8,5,ask,,,11561807
2026-07-08T02:02:19.938821,2026-07-08T02:02:19.950602+00:00,133.1,20,bid,,,11561831
2026-07-08T02:02:22.847961,2026-07-08T02:02:22.851672+00:00,133.3,11,ask,,,11561874
2026-07-08T02:02:23.022344,2026-07-08T02:02:23.032709+00:00,133.3,189,ask,,,11561876
2026-07-08T02:02:23.295837,2026-07-08T02:02:23.303777+00:00,133.3,5,bid,,,11561882
2026-07-08T02:02:23.299336,2026-07-08T02:02:23.303777+00:00,133.3,11,bid,,,11561883
2026-07-08T02:02:23.833486,2026-07-08T02:02:23.841310+00:00,133.3,5,bid,,,11561892
2026-07-08T02:02:25.640658,2026-07-08T02:02:25.651583+00:00,133.2,5,ask,,,11561927
2026-07-08T02:02:25.640658,2026-07-08T02:02:25.651583+00:00,133.1,200,ask,,,11561928
2026-07-08T02:02:25.659543,2026-07-08T02:02:25.663821+00:00,133.1,3,bid,,,11561930
2026-07-08T02:02:25.665173,2026-07-08T02:02:25.679449+00:00,133.1,4,bid,,,11561931
2026-07-08T02:02:26.493443,2026-07-08T02:02:26.500207+00:00,133.1,5,bid,,,11561945
2026-07-08T02:02:26.953027,2026-07-08T02:02:26.957443+00:00,133.0,200,ask,,,11561957
2026-07-08T02:02:26.953027,2026-07-08T02:02:26.957443+00:00,133.0,5,ask,,,11561958
2026-07-08T02:02:27.028977,2026-07-08T02:02:27.039761+00:00,132.9,5,ask,,,11561962
2026-07-08T02:02:29.700259,2026-07-08T02:02:29.710775+00:00,132.9,20,ask,,,11561987
2026-07-08T02:02:30.113859,2026-07-08T02:02:30.124561+00:00,133.0,200,ask,,,11561996
2026-07-08T02:02:30.870211,2026-07-08T02:02:30.880234+00:00,133.1,20,bid,,,11562002
2026-07-08T02:02:31.248519,2026-07-08T02:02:31.252272+00:00,133.1,3,ask,,,11562008
2026-07-08T02:02:31.321078,2026-07-08T02:02:31.330780+00:00,133.1,200,ask,,,11562009
2026-07-08T02:02:32.825489,2026-07-08T02:02:32.830304+00:00,133.1,3,bid,,,11562027
2026-07-08T02:02:33.035918,2026-07-08T02:02:33.047049+00:00,133.1,500,bid,,,11562031
2026-07-08T02:02:33.459733,2026-07-08T02:02:33.471522+00:00,133.1,20,bid,,,11562035
2026-07-08T02:02:33.504440,2026-07-08T02:02:33.524396+00:00,133.3,200,bid,,,11562036
2026-07-08T02:02:33.520132,2026-07-08T02:02:33.524396+00:00,133.3,3,ask,,,11562038
2026-07-08T02:02:33.753173,2026-07-08T02:02:33.757565+00:00,133.4,11,ask,,,11562044
2026-07-08T02:02:34.308202,2026-07-08T02:02:34.317189+00:00,133.6,20,bid,,,11562056
2026-07-08T02:02:36.127656,2026-07-08T02:02:36.137698+00:00,133.4,200,ask,,,11562075
2026-07-08T02:02:36.153840,2026-07-08T02:02:36.158593+00:00,133.4,200,bid,,,11562076
2026-07-08T02:02:38.041034,2026-07-08T02:02:38.058635+00:00,133.4,20,ask,,,11562100
2026-07-08T02:02:38.580866,2026-07-08T02:02:38.590826+00:00,133.4,200,ask,,,11562110
2026-07-08T02:02:39.788005,2026-07-08T02:02:39.798802+00:00,133.4,200,bid,,,11562131
2026-07-08T02:02:40.697976,2026-07-08T02:02:40.709771+00:00,133.2,10,ask,,,11562144
2026-07-08T02:02:42.207229,2026-07-08T02:02:42.215607+00:00,133.2,200,ask,,,11562168
2026-07-08T02:02:42.693480,2026-07-08T02:02:42.703591+00:00,133.2,500,ask,,,11562173
2026-07-08T02:02:42.734646,2026-07-08T02:02:42.742617+00:00,133.2,125,bid,,,11562174
2026-07-08T02:02:43.508444,2026-07-08T02:02:43.520130+00:00,133.3,10,bid,,,11562183
2026-07-08T02:02:44.004824,2026-07-08T02:02:44.014508+00:00,133.3,190,bid,,,11562193
2026-07-08T02:02:44.643009,2026-07-08T02:02:44.658761+00:00,133.3,200,ask,,,11562201
2026-07-08T02:02:45.317852,2026-07-08T02:02:45.326205+00:00,133.2,5,ask,,,11562208
2026-07-08T02:02:45.517117,2026-07-08T02:02:45.528866+00:00,133.0,10,ask,,,11562213
2026-07-08T02:02:45.693546,2026-07-08T02:02:45.701340+00:00,133.0,5,ask,,,11562219
2026-07-08T02:02:47.063428,2026-07-08T02:02:47.072732+00:00,133.1,200,ask,,,11562232
2026-07-08T02:02:47.585714,2026-07-08T02:02:47.595380+00:00,133.2,500,bid,,,11562234
2026-07-08T02:02:48.275392,2026-07-08T02:02:48.286750+00:00,133.2,200,ask,,,11562243
2026-07-08T02:02:50.562828,2026-07-08T02:02:50.573179+00:00,133.2,500,ask,,,11562286
2026-07-08T02:02:50.562828,2026-07-08T02:02:50.573179+00:00,133.1,125,ask,,,11562287
2026-07-08T02:02:50.596282,2026-07-08T02:02:50.604434+00:00,133.3,200,bid,,,11562288
2026-07-08T02:02:51.037582,2026-07-08T02:02:51.049162+00:00,133.3,20,ask,,,11562292
2026-07-08T02:02:51.905856,2026-07-08T02:02:51.917359+00:00,133.3,200,ask,,,11562313
2026-07-08T02:02:56.738793,2026-07-08T02:02:56.746500+00:00,133.5,200,bid,,,11562361
2026-07-08T02:02:58.129382,2026-07-08T02:02:58.133552+00:00,133.5,11,bid,,,11562380
2026-07-08T02:03:01.104575,2026-07-08T02:03:01.116281+00:00,133.4,20,ask,,,11562416
2026-07-08T02:03:02.365711,2026-07-08T02:03:02.374715+00:00,133.5,5,ask,,,11562437
2026-07-08T02:03:02.789040,2026-07-08T02:03:02.799606+00:00,133.5,200,bid,,,11562445
2026-07-08T02:03:02.831685,2026-07-08T02:03:02.840836+00:00,133.3,5,ask,,,11562446
2026-07-08T02:03:03.589884,2026-07-08T02:03:03.601171+00:00,133.4,5,ask,,,11562455
2026-07-08T02:03:03.870525,2026-07-08T02:03:03.880296+00:00,133.4,5,ask,,,11562457
2026-07-08T02:03:08.936898,2026-07-08T02:03:08.941805+00:00,133.4,11,ask,,,11562536
2026-07-08T02:03:10.506424,2026-07-08T02:03:10.518399+00:00,133.4,10,ask,,,11562555
2026-07-08T02:03:10.665055,2026-07-08T02:03:10.676852+00:00,133.4,20,ask,,,11562560
2026-07-08T02:03:11.545805,2026-07-08T02:03:11.558611+00:00,133.4,500,ask,,,11562575
2026-07-08T02:03:11.545805,2026-07-08T02:03:11.558611+00:00,133.4,125,ask,,,11562576
2026-07-08T02:03:12.483891,2026-07-08T02:03:12.488361+00:00,133.6,12,ask,,,11562587
2026-07-08T02:03:13.679030,2026-07-08T02:03:13.688532+00:00,133.7,200,bid,,,11562611
2026-07-08T02:03:14.707882,2026-07-08T02:03:14.719795+00:00,133.7,10,ask,,,11562629
2026-07-08T02:03:14.892561,2026-07-08T02:03:14.899705+00:00,133.7,200,ask,,,11562634
2026-07-08T02:03:16.721486,2026-07-08T02:03:16.731804+00:00,133.6,10,ask,,,11562663
2026-07-08T02:03:17.335019,2026-07-08T02:03:17.340081+00:00,133.7,11,ask,,,11562670
2026-07-08T02:03:17.539613,2026-07-08T02:03:17.551075+00:00,133.7,20,ask,,,11562674
2026-07-08T02:03:17.803231,2026-07-08T02:03:17.811139+00:00,133.7,12,ask,,,11562678
2026-07-08T02:03:18.066885,2026-07-08T02:03:18.078718+00:00,133.7,4,ask,,,11562687
2026-07-08T02:03:18.335630,2026-07-08T02:03:18.342207+00:00,133.7,2,ask,,,11562693
2026-07-08T02:03:20.421862,2026-07-08T02:03:20.433387+00:00,133.6,3,ask,,,11562720
2026-07-08T02:03:23.351655,2026-07-08T02:03:23.359232+00:00,133.6,1,ask,,,11562764
2026-07-08T02:03:25.345039,2026-07-08T02:03:25.348999+00:00,133.6,12,ask,,,11562787
2026-07-08T02:03:25.605479,2026-07-08T02:03:25.617001+00:00,133.6,2,ask,,,11562793
2026-07-08T02:03:29.971318,2026-07-08T02:03:29.980571+00:00,133.4,200,bid,,,11562859
2026-07-08T02:03:29.971318,2026-07-08T02:03:29.980571+00:00,133.4,300,bid,,,11562860
2026-07-08T02:03:30.566103,2026-07-08T02:03:30.573520+00:00,133.4,325,bid,,,11562871
2026-07-08T02:03:30.655027,2026-07-08T02:03:30.658622+00:00,133.4,175,ask,,,11562874
2026-07-08T02:03:31.164788,2026-07-08T02:03:31.174339+00:00,133.4,25,bid,,,11562881
2026-07-08T02:03:31.221624,2026-07-08T02:03:31.225528+00:00,133.6,22,ask,,,11562883
2026-07-08T02:03:31.869492,2026-07-08T02:03:31.879591+00:00,133.6,200,ask,,,11562891
2026-07-08T02:03:32.182602,2026-07-08T02:03:32.194492+00:00,133.8,20,bid,,,11562897
2026-07-08T02:03:32.960917,2026-07-08T02:03:32.965265+00:00,133.5,11,bid,,,11562907
2026-07-08T02:03:35.144024,2026-07-08T02:03:35.158543+00:00,133.5,200,ask,,,11562934
2026-07-08T02:03:35.144024,2026-07-08T02:03:35.158543+00:00,133.4,425,ask,,,11562935
2026-07-08T02:03:36.125680,2026-07-08T02:03:36.130019+00:00,133.7,11,bid,,,11562946
2026-07-08T02:03:36.327568,2026-07-08T02:03:36.334443+00:00,133.7,10,bid,,,11562948
2026-07-08T02:03:36.746741,2026-07-08T02:03:36.750914+00:00,133.5,23,bid,,,11562956
2026-07-08T02:03:36.809823,2026-07-08T02:03:36.821462+00:00,133.5,20,bid,,,11562957
2026-07-08T02:03:37.075026,2026-07-08T02:03:37.086602+00:00,133.5,2,bid,,,11562960
2026-07-08T02:03:41.150263,2026-07-08T02:03:41.154562+00:00,133.4,11,ask,,,11563018
2026-07-08T02:03:41.577215,2026-07-08T02:03:41.584509+00:00,133.4,200,ask,,,11563022
2026-07-08T02:03:42.786067,2026-07-08T02:03:42.794631+00:00,133.4,200,bid,,,11563038
2026-07-08T02:03:43.539741,2026-07-08T02:03:43.551477+00:00,133.3,10,ask,,,11563045
2026-07-08T02:03:43.997899,2026-07-08T02:03:44.008414+00:00,133.3,200,ask,,,11563052
2026-07-08T02:03:44.106947,2026-07-08T02:03:44.114012+00:00,133.6,20,bid,,,11563054
2026-07-08T02:03:45.207642,2026-07-08T02:03:45.217254+00:00,133.4,200,ask,,,11563073
2026-07-08T02:03:46.289098,2026-07-08T02:03:46.300621+00:00,133.4,20,ask,,,11563093
2026-07-08T02:03:46.414714,2026-07-08T02:03:46.421590+00:00,133.4,200,ask,,,11563097
2026-07-08T02:03:47.798213,2026-07-08T02:03:47.809881+00:00,133.4,20,ask,,,11563111
2026-07-08T02:03:50.849567,2026-07-08T02:03:50.856106+00:00,133.4,20,bid,,,11563160
2026-07-08T02:03:52.183747,2026-07-08T02:03:52.191996+00:00,133.4,200,bid,,,11563174
2026-07-08T02:03:52.462263,2026-07-08T02:03:52.470068+00:00,133.4,200,ask,,,11563179
2026-07-08T02:03:54.069239,2026-07-08T02:03:54.081487+00:00,133.4,10,ask,,,11563197
2026-07-08T02:03:54.831790,2026-07-08T02:03:54.838624+00:00,133.4,200,ask,,,11563210
2026-07-08T02:03:54.881142,2026-07-08T02:03:54.889663+00:00,133.3,200,bid,,,11563214
2026-07-08T02:03:55.190134,2026-07-08T02:03:55.198065+00:00,133.3,10,bid,,,11563217
2026-07-08T02:03:56.142611,2026-07-08T02:03:56.144754+00:00,133.3,200,bid,,,11563237
2026-07-08T02:03:57.295948,2026-07-08T02:03:57.307115+00:00,133.5,200,ask,,,11563250
2026-07-08T02:04:00.088693,2026-07-08T02:04:00.096385+00:00,133.2,200,ask,,,11563287
2026-07-08T02:04:00.109983,2026-07-08T02:04:00.115418+00:00,133.2,11,bid,,,11563289
2026-07-08T02:04:00.169948,2026-07-08T02:04:00.181984+00:00,133.2,10,bid,,,11563291
2026-07-08T02:04:00.929597,2026-07-08T02:04:00.937752+00:00,133.2,200,bid,,,11563309
2026-07-08T02:04:01.493588,2026-07-08T02:04:01.497637+00:00,133.3,23,ask,,,11563316
2026-07-08T02:04:01.779887,2026-07-08T02:04:01.791639+00:00,133.3,20,ask,,,11563324
2026-07-08T02:04:02.676780,2026-07-08T02:04:02.695159+00:00,133.3,20,ask,,,11563340
2026-07-08T02:04:04.599045,2026-07-08T02:04:04.603091+00:00,133.6,23,bid,,,11563367
2026-07-08T02:04:04.857358,2026-07-08T02:04:04.868805+00:00,133.6,20,bid,,,11563373
2026-07-08T02:04:05.080931,2026-07-08T02:04:05.089307+00:00,133.5,200,ask,,,11563376
2026-07-08T02:04:05.105880,2026-07-08T02:04:05.111455+00:00,133.5,12,bid,,,11563379
2026-07-08T02:04:05.141268,2026-07-08T02:04:05.148205+00:00,133.5,20,bid,,,11563381
2026-07-08T02:04:05.334147,2026-07-08T02:04:05.341191+00:00,133.4,5,ask,,,11563390
2026-07-08T02:04:05.727553,2026-07-08T02:04:05.735799+00:00,133.2,5,ask,,,11563398
2026-07-08T02:04:05.769997,2026-07-08T02:04:05.779060+00:00,133.4,200,bid,,,11563399
2026-07-08T02:04:07.974655,2026-07-08T02:04:07.978937+00:00,133.5,12,ask,,,11563433
2026-07-08T02:04:08.729934,2026-07-08T02:04:08.738210+00:00,133.5,500,ask,,,11563439
2026-07-08T02:04:09.270526,2026-07-08T02:04:09.279599+00:00,133.4,200,ask,,,11563451
2026-07-08T02:04:10.532411,2026-07-08T02:04:10.541084+00:00,133.3,200,ask,,,11563471
2026-07-08T02:04:10.587724,2026-07-08T02:04:10.600091+00:00,133.3,300,bid,,,11563475
2026-07-08T02:04:10.613889,2026-07-08T02:04:10.618157+00:00,133.4,11,ask,,,11563480
2026-07-08T02:04:10.617056,2026-07-08T02:04:10.633848+00:00,133.4,200,ask,,,11563481
2026-07-08T02:04:11.135246,2026-07-08T02:04:11.146838+00:00,133.4,114,ask,,,11563489
2026-07-08T02:04:11.370793,2026-07-08T02:04:11.382611+00:00,133.3,20,bid,,,11563494
2026-07-08T02:04:11.826823,2026-07-08T02:04:11.833650+00:00,133.3,200,bid,,,11563504
2026-07-08T02:04:12.368118,2026-07-08T02:04:12.379341+00:00,133.2,500,ask,,,11563511
2026-07-08T02:04:13.036056,2026-07-08T02:04:13.043421+00:00,133.3,200,bid,,,11563523
2026-07-08T02:04:14.142952,2026-07-08T02:04:14.146909+00:00,132.9,12,ask,,,11563537
2026-07-08T02:04:14.246647,2026-07-08T02:04:14.258610+00:00,133.1,200,bid,,,11563540
2026-07-08T02:04:15.465195,2026-07-08T02:04:15.474335+00:00,133.1,200,bid,,,11563556
2026-07-08T02:04:15.676354,2026-07-08T02:04:15.686507+00:00,133.1,20,bid,,,11563559
2026-07-08T02:04:16.560276,2026-07-08T02:04:16.571911+00:00,133.0,20,bid,,,11563582
2026-07-08T02:04:16.677630,2026-07-08T02:04:16.688863+00:00,133.0,200,bid,,,11563586
2026-07-08T02:04:17.890228,2026-07-08T02:04:17.897267+00:00,133.0,200,bid,,,11563605
2026-07-08T02:04:19.107125,2026-07-08T02:04:19.113682+00:00,133.0,200,bid,,,11563620
2026-07-08T02:04:19.641090,2026-07-08T02:04:19.649668+00:00,132.9,500,ask,,,11563627
2026-07-08T02:04:19.780711,2026-07-08T02:04:19.784779+00:00,132.9,12,bid,,,11563633
2026-07-08T02:04:20.317212,2026-07-08T02:04:20.326113+00:00,132.9,200,bid,,,11563644
2026-07-08T02:04:21.527632,2026-07-08T02:04:21.536587+00:00,132.9,200,bid,,,11563663
2026-07-08T02:04:22.389188,2026-07-08T02:04:22.396405+00:00,132.7,500,bid,,,11563679
2026-07-08T02:04:22.641902,2026-07-08T02:04:22.651761+00:00,132.7,125,ask,,,11563681
2026-07-08T02:04:22.738358,2026-07-08T02:04:22.747935+00:00,132.7,200,bid,,,11563683
2026-07-08T02:04:23.948277,2026-07-08T02:04:23.958619+00:00,132.5,200,bid,,,11563701
2026-07-08T02:04:25.096093,2026-07-08T02:04:25.103916+00:00,132.6,20,bid,,,11563714
2026-07-08T02:04:27.588487,2026-07-08T02:04:27.596644+00:00,132.7,200,bid,,,11563751
2026-07-08T02:04:28.949124,2026-07-08T02:04:28.958590+00:00,132.7,200,bid,,,11563770
2026-07-08T02:04:30.361741,2026-07-08T02:04:30.373625+00:00,132.8,20,bid,,,11563780
2026-07-08T02:04:31.579625,2026-07-08T02:04:31.586346+00:00,132.7,200,ask,,,11563797
2026-07-08T02:04:32.435695,2026-07-08T02:04:32.447067+00:00,132.7,200,bid,,,11563805
2026-07-08T02:04:33.649907,2026-07-08T02:04:33.658569+00:00,132.8,200,ask,,,11563818
2026-07-08T02:04:34.860003,2026-07-08T02:04:34.871196+00:00,132.7,200,ask,,,11563838
2026-07-08T02:04:35.871535,2026-07-08T02:04:35.883490+00:00,132.8,20,bid,,,11563847
2026-07-08T02:04:38.490250,2026-07-08T02:04:38.497571+00:00,132.8,200,bid,,,11563882
2026-07-08T02:04:39.450531,2026-07-08T02:04:39.454591+00:00,132.8,11,bid,,,11563898
2026-07-08T02:04:39.526176,2026-07-08T02:04:39.538129+00:00,132.8,20,bid,,,11563899
2026-07-08T02:04:39.793754,2026-07-08T02:04:39.804160+00:00,132.8,2,bid,,,11563905
2026-07-08T02:04:40.770412,2026-07-08T02:04:40.782461+00:00,132.8,20,bid,,,11563920
2026-07-08T02:04:40.823790,2026-07-08T02:04:40.827767+00:00,132.7,12,bid,,,11563924
2026-07-08T02:04:40.910670,2026-07-08T02:04:40.917344+00:00,132.7,200,bid,,,11563926
2026-07-08T02:04:42.119185,2026-07-08T02:04:42.124230+00:00,132.7,12,ask,,,11563945
2026-07-08T02:04:45.844877,2026-07-08T02:04:45.848941+00:00,132.8,11,ask,,,11563988
2026-07-08T02:04:48.196342,2026-07-08T02:04:48.206789+00:00,132.9,200,bid,,,11564020
2026-07-08T02:04:49.985207,2026-07-08T02:04:49.989368+00:00,132.9,11,bid,,,11564047
2026-07-08T02:04:50.618352,2026-07-08T02:04:50.625995+00:00,132.9,200,bid,,,11564049
2026-07-08T02:04:51.294993,2026-07-08T02:04:51.299714+00:00,132.8,11,ask,,,11564065
2026-07-08T02:04:51.719334,2026-07-08T02:04:51.728065+00:00,132.8,500,ask,,,11564070
2026-07-08T02:04:52.315149,2026-07-08T02:04:52.325294+00:00,132.8,114,ask,,,11564080
2026-07-08T02:04:52.315149,2026-07-08T02:04:52.325294+00:00,132.8,200,ask,,,11564081
2026-07-08T02:04:53.925643,2026-07-08T02:04:53.936699+00:00,132.6,200,ask,,,11564103
2026-07-08T02:04:54.246178,2026-07-08T02:04:54.257420+00:00,132.5,200,bid,,,11564107
2026-07-08T02:04:55.373311,2026-07-08T02:04:55.378112+00:00,132.4,46,ask,,,11564119
2026-07-08T02:04:55.503275,2026-07-08T02:04:55.510537+00:00,132.4,4,ask,,,11564123
2026-07-08T02:04:58.975531,2026-07-08T02:04:58.981871+00:00,132.4,500,bid,,,11564164
2026-07-08T02:04:59.889749,2026-07-08T02:04:59.901720+00:00,132.5,20,bid,,,11564175
2026-07-08T02:05:00.238535,2026-07-08T02:05:00.242452+00:00,132.5,23,bid,,,11564183
2026-07-08T02:05:00.510516,2026-07-08T02:05:00.521038+00:00,132.6,200,bid,,,11564188
2026-07-08T02:05:01.513508,2026-07-08T02:05:01.523631+00:00,132.7,200,ask,,,11564200
2026-07-08T02:05:03.133112,2026-07-08T02:05:03.143162+00:00,132.6,200,ask,,,11564227
2026-07-08T02:05:03.313471,2026-07-08T02:05:03.325021+00:00,132.6,4,bid,,,11564232
2026-07-08T02:05:04.458514,2026-07-08T02:05:04.469705+00:00,132.7,200,bid,,,11564246
2026-07-08T02:05:04.530347,2026-07-08T02:05:04.542106+00:00,132.9,20,bid,,,11564251
2026-07-08T02:05:05.775202,2026-07-08T02:05:05.796270+00:00,132.6,200,ask,,,11564274
2026-07-08T02:05:05.791521,2026-07-08T02:05:05.796270+00:00,132.6,23,bid,,,11564276
2026-07-08T02:05:07.226391,2026-07-08T02:05:07.238331+00:00,132.6,20,ask,,,11564294
2026-07-08T02:05:08.011761,2026-07-08T02:05:08.015961+00:00,132.6,23,ask,,,11564308
2026-07-08T02:05:09.709281,2026-07-08T02:05:09.717691+00:00,132.8,200,bid,,,11564334
2026-07-08T02:05:09.990873,2026-07-08T02:05:10.001176+00:00,132.8,200,ask,,,11564342
2026-07-08T02:05:10.732834,2026-07-08T02:05:10.742558+00:00,132.8,10,ask,,,11564357
2026-07-08T02:05:11.199280,2026-07-08T02:05:11.206916+00:00,132.7,200,bid,,,11564362
2026-07-08T02:05:12.410338,2026-07-08T02:05:12.421653+00:00,132.8,200,bid,,,11564379
2026-07-08T02:05:13.673726,2026-07-08T02:05:13.685186+00:00,132.8,200,bid,,,11564391
2026-07-08T02:05:14.826488,2026-07-08T02:05:14.832998+00:00,132.8,200,ask,,,11564409
2026-07-08T02:05:16.109624,2026-07-08T02:05:16.118299+00:00,132.8,11,bid,,,11564428
2026-07-08T02:05:16.297759,2026-07-08T02:05:16.314158+00:00,132.7,200,ask,,,11564433
2026-07-08T02:05:16.310269,2026-07-08T02:05:16.314158+00:00,132.7,11,bid,,,11564435
2026-07-08T02:05:17.264983,2026-07-08T02:05:17.269335+00:00,132.6,12,bid,,,11564452
2026-07-08T02:05:17.458842,2026-07-08T02:05:17.470620+00:00,132.6,20,bid,,,11564456
2026-07-08T02:05:17.611846,2026-07-08T02:05:17.622746+00:00,132.6,168,bid,,,11564458
2026-07-08T02:05:20.613325,2026-07-08T02:05:20.617614+00:00,132.7,11,bid,,,11564487
2026-07-08T02:05:22.871187,2026-07-08T02:05:22.881408+00:00,132.8,200,bid,,,11564514
2026-07-08T02:05:23.295218,2026-07-08T02:05:23.302355+00:00,133.0,200,ask,,,11564517
2026-07-08T02:05:30.080800,2026-07-08T02:05:30.089909+00:00,133.2,20,bid,,,11564583
2026-07-08T02:05:30.754305,2026-07-08T02:05:30.758741+00:00,133.2,200,bid,,,11564590
2026-07-08T02:05:31.774782,2026-07-08T02:05:31.781479+00:00,133.2,200,ask,,,11564606
2026-07-08T02:05:32.067544,2026-07-08T02:05:32.074995+00:00,133.0,200,ask,,,11564613
2026-07-08T02:05:32.067544,2026-07-08T02:05:32.080185+00:00,133.0,5,ask,,,11564614
2026-07-08T02:05:32.093726,2026-07-08T02:05:32.098034+00:00,132.9,23,bid,,,11564616
2026-07-08T02:05:32.492616,2026-07-08T02:05:32.500506+00:00,132.7,5,ask,,,11564623
2026-07-08T02:05:32.979668,2026-07-08T02:05:32.988376+00:00,132.9,200,bid,,,11564629
2026-07-08T02:05:33.397245,2026-07-08T02:05:33.401901+00:00,133.0,23,ask,,,11564636
2026-07-08T02:05:34.202684,2026-07-08T02:05:34.209085+00:00,133.0,200,ask,,,11564647
2026-07-08T02:05:36.035949,2026-07-08T02:05:36.046160+00:00,133.0,200,ask,,,11564674
2026-07-08T02:05:37.587641,2026-07-08T02:05:37.599490+00:00,133.1,20,bid,,,11564691
2026-07-08T02:05:39.969619,2026-07-08T02:05:39.979549+00:00,133.0,200,ask,,,11564726
2026-07-08T02:05:40.252521,2026-07-08T02:05:40.259294+00:00,132.9,200,bid,,,11564732
2026-07-08T02:05:42.375338,2026-07-08T02:05:42.386905+00:00,133.1,20,bid,,,11564761
2026-07-08T02:05:42.857782,2026-07-08T02:05:42.865268+00:00,133.0,5,bid,,,11564770
2026-07-08T02:05:42.860953,2026-07-08T02:05:42.865268+00:00,133.0,12,bid,,,11564771
2026-07-08T02:05:43.938271,2026-07-08T02:05:43.946309+00:00,132.9,5,ask,,,11564784
2026-07-08T02:05:43.957509,2026-07-08T02:05:43.962008+00:00,132.9,11,bid,,,11564786
2026-07-08T02:05:44.453769,2026-07-08T02:05:44.468718+00:00,132.9,5,bid,,,11564792
2026-07-08T02:05:44.979329,2026-07-08T02:05:44.986573+00:00,132.8,5,ask,,,11564802
2026-07-08T02:05:45.258620,2026-07-08T02:05:45.280238+00:00,132.8,5,ask,,,11564810
2026-07-08T02:05:45.258620,2026-07-08T02:05:45.280238+00:00,132.8,200,ask,,,11564811
2026-07-08T02:05:45.275661,2026-07-08T02:05:45.280238+00:00,132.8,3,bid,,,11564813
2026-07-08T02:05:45.541794,2026-07-08T02:05:45.558580+00:00,132.6,5,ask,,,11564814
2026-07-08T02:05:45.697813,2026-07-08T02:05:45.709709+00:00,132.8,9,bid,,,11564816
2026-07-08T02:05:45.926065,2026-07-08T02:05:45.937157+00:00,132.7,5,ask,,,11564818
2026-07-08T02:05:46.071377,2026-07-08T02:05:46.080192+00:00,132.6,10,ask,,,11564823
2026-07-08T02:05:46.314399,2026-07-08T02:05:46.321501+00:00,132.8,200,bid,,,11564828
2026-07-08T02:05:47.668046,2026-07-08T02:05:47.674646+00:00,132.8,5,ask,,,11564857
2026-07-08T02:05:48.053854,2026-07-08T02:05:48.065718+00:00,133.0,20,bid,,,11564859
2026-07-08T02:05:54.456722,2026-07-08T02:05:54.458633+00:00,132.8,200,bid,,,11564931
2026-07-08T02:05:55.016633,2026-07-08T02:05:55.028295+00:00,132.8,20,ask,,,11564940
2026-07-08T02:05:55.769488,2026-07-08T02:05:55.790705+00:00,132.9,5,ask,,,11564950
2026-07-08T02:05:55.769488,2026-07-08T02:05:55.790705+00:00,132.8,200,ask,,,11564951
2026-07-08T02:05:55.786477,2026-07-08T02:05:55.790705+00:00,132.7,3,bid,,,11564953
2026-07-08T02:05:55.999918,2026-07-08T02:05:56.011028+00:00,132.7,200,bid,,,11564955
2026-07-08T02:05:56.029774,2026-07-08T02:05:56.036739+00:00,132.7,40,bid,,,11564957
2026-07-08T02:05:56.572724,2026-07-08T02:05:56.579250+00:00,132.7,40,bid,,,11564969
2026-07-08T02:05:57.153650,2026-07-08T02:05:57.158607+00:00,132.9,5,bid,,,11564980
2026-07-08T02:05:57.318450,2026-07-08T02:05:57.322846+00:00,132.7,3,ask,,,11564986
2026-07-08T02:05:57.687548,2026-07-08T02:05:57.695204+00:00,132.7,5,ask,,,11564992
2026-07-08T02:05:58.390338,2026-07-08T02:05:58.401850+00:00,132.8,200,bid,,,11565001
2026-07-08T02:05:58.390338,2026-07-08T02:05:58.401850+00:00,132.8,5,bid,,,11565002
2026-07-08T02:05:58.789592,2026-07-08T02:05:58.800153+00:00,132.8,80,ask,,,11565006
2026-07-08T02:05:59.751728,2026-07-08T02:05:59.758566+00:00,132.7,20,ask,,,11565023
2026-07-08T02:06:01.919446,2026-07-08T02:06:01.929767+00:00,132.9,5,bid,,,11565057
2026-07-08T02:06:01.924954,2026-07-08T02:06:01.935083+00:00,132.9,5,bid,,,11565058
2026-07-08T02:06:02.450921,2026-07-08T02:06:02.452860+00:00,132.8,5,ask,,,11565062
2026-07-08T02:06:03.507006,2026-07-08T02:06:03.514020+00:00,133.0,5,bid,,,11565081
2026-07-08T02:06:03.628415,2026-07-08T02:06:03.638440+00:00,132.9,5,ask,,,11565082
2026-07-08T02:06:03.768304,2026-07-08T02:06:03.779723+00:00,132.9,500,bid,,,11565083
2026-07-08T02:06:04.035846,2026-07-08T02:06:04.044158+00:00,132.8,5,ask,,,11565086
2026-07-08T02:06:04.041018,2026-07-08T02:06:04.049746+00:00,132.9,5,bid,,,11565087
2026-07-08T02:06:04.363378,2026-07-08T02:06:04.369846+00:00,132.9,115,bid,,,11565094
2026-07-08T02:06:04.569500,2026-07-08T02:06:04.579716+00:00,132.9,5,ask,,,11565097
2026-07-08T02:06:05.631603,2026-07-08T02:06:05.641188+00:00,133.0,5,bid,,,11565110
2026-07-08T02:06:06.206441,2026-07-08T02:06:06.214613+00:00,133.0,5,bid,,,11565123
2026-07-08T02:06:06.752308,2026-07-08T02:06:06.760304+00:00,133.0,5,bid,,,11565127
2026-07-08T02:06:07.277063,2026-07-08T02:06:07.288261+00:00,132.9,5,ask,,,11565137
2026-07-08T02:06:07.286119,2026-07-08T02:06:07.293430+00:00,133.0,5,bid,,,11565138
2026-07-08T02:06:08.336717,2026-07-08T02:06:08.343445+00:00,133.0,5,bid,,,11565155
2026-07-08T02:06:08.863828,2026-07-08T02:06:08.870445+00:00,132.9,5,ask,,,11565163
2026-07-08T02:06:09.945278,2026-07-08T02:06:09.956227+00:00,133.1,5,bid,,,11565180
2026-07-08T02:06:11.033522,2026-07-08T02:06:11.044314+00:00,133.0,200,bid,,,11565189
2026-07-08T02:06:11.501428,2026-07-08T02:06:11.511437+00:00,133.0,300,ask,,,11565201
2026-07-08T02:06:11.504573,2026-07-08T02:06:11.511437+00:00,133.0,20,bid,,,11565202
2026-07-08T02:06:11.528574,2026-07-08T02:06:11.537417+00:00,133.0,5,bid,,,11565203
2026-07-08T02:06:11.533402,2026-07-08T02:06:11.542646+00:00,133.0,5,bid,,,11565204
2026-07-08T02:06:12.813727,2026-07-08T02:06:12.824642+00:00,133.0,200,bid,,,11565221
2026-07-08T02:06:13.117765,2026-07-08T02:06:13.126999+00:00,133.2,5,bid,,,11565223
2026-07-08T02:06:13.663634,2026-07-08T02:06:13.674505+00:00,133.1,5,ask,,,11565229
2026-07-08T02:06:15.443346,2026-07-08T02:06:15.458619+00:00,133.1,200,ask,,,11565257
2026-07-08T02:06:16.345508,2026-07-08T02:06:16.352085+00:00,133.1,5,bid,,,11565271
2026-07-08T02:06:16.596544,2026-07-08T02:06:16.607611+00:00,133.1,200,bid,,,11565277
2026-07-08T02:06:16.754198,2026-07-08T02:06:16.780183+00:00,133.2,5,bid,,,11565279
2026-07-08T02:06:16.775853,2026-07-08T02:06:16.780183+00:00,133.2,3,ask,,,11565281
2026-07-08T02:06:16.878122,2026-07-08T02:06:16.887564+00:00,133.2,40,ask,,,11565284
2026-07-08T02:06:17.664845,2026-07-08T02:06:17.669034+00:00,133.3,3,bid,,,11565300
2026-07-08T02:06:17.810757,2026-07-08T02:06:17.818831+00:00,133.2,200,ask,,,11565304
2026-07-08T02:06:17.924947,2026-07-08T02:06:17.933854+00:00,133.5,5,bid,,,11565306
2026-07-08T02:06:18.070705,2026-07-08T02:06:18.077178+00:00,133.4,5,ask,,,11565308
2026-07-08T02:06:18.455959,2026-07-08T02:06:18.464416+00:00,133.2,5,ask,,,11565313
2026-07-08T02:06:19.020941,2026-07-08T02:06:19.028261+00:00,133.2,200,ask,,,11565319
2026-07-08T02:06:19.510302,2026-07-08T02:06:19.518289+00:00,133.5,5,bid,,,11565324
2026-07-08T02:06:20.230960,2026-07-08T02:06:20.238088+00:00,133.4,5,ask,,,11565338
2026-07-08T02:06:20.600264,2026-07-08T02:06:20.610822+00:00,133.2,5,ask,,,11565341
2026-07-08T02:06:20.690385,2026-07-08T02:06:20.698857+00:00,133.3,195,bid,,,11565342
2026-07-08T02:06:22.005023,2026-07-08T02:06:22.012955+00:00,133.3,5,ask,,,11565361
2026-07-08T02:06:22.188676,2026-07-08T02:06:22.196066+00:00,133.2,5,ask,,,11565367
2026-07-08T02:06:22.838001,2026-07-08T02:06:22.849593+00:00,133.2,10,ask,,,11565379
2026-07-08T02:06:22.930844,2026-07-08T02:06:22.939081+00:00,133.2,20,ask,,,11565380
2026-07-08T02:06:23.315861,2026-07-08T02:06:23.326613+00:00,133.3,200,bid,,,11565388
2026-07-08T02:06:23.879370,2026-07-08T02:06:23.890127+00:00,133.3,200,ask,,,11565393
2026-07-08T02:06:24.626336,2026-07-08T02:06:24.633063+00:00,133.4,500,ask,,,11565406
2026-07-08T02:06:24.834339,2026-07-08T02:06:24.842056+00:00,133.2,5,ask,,,11565412
2026-07-08T02:06:26.370624,2026-07-08T02:06:26.378469+00:00,133.5,20,bid,,,11565428
2026-07-08T02:06:26.946314,2026-07-08T02:06:26.954124+00:00,133.4,5,ask,,,11565438
2026-07-08T02:06:27.757769,2026-07-08T02:06:27.769328+00:00,133.5,20,bid,,,11565440
2026-07-08T02:06:29.022188,2026-07-08T02:06:29.034198+00:00,133.4,10,ask,,,11565459
2026-07-08T02:06:31.153654,2026-07-08T02:06:31.158586+00:00,133.5,200,bid,,,11565489
2026-07-08T02:06:32.501910,2026-07-08T02:06:32.506677+00:00,133.5,3,ask,,,11565508
2026-07-08T02:06:37.129530,2026-07-08T02:06:37.141332+00:00,133.3,20,ask,,,11565576
2026-07-08T02:06:38.427745,2026-07-08T02:06:38.439501+00:00,133.4,200,ask,,,11565588
2026-07-08T02:06:38.503402,2026-07-08T02:06:38.507123+00:00,133.4,11,ask,,,11565592
2026-07-08T02:06:38.682128,2026-07-08T02:06:38.693874+00:00,133.4,20,ask,,,11565596
2026-07-08T02:06:39.032829,2026-07-08T02:06:39.044532+00:00,133.4,20,ask,,,11565603
2026-07-08T02:06:40.363207,2026-07-08T02:06:40.371355+00:00,133.4,200,bid,,,11565623
2026-07-08T02:06:41.605725,2026-07-08T02:06:41.616135+00:00,133.4,20,ask,,,11565645
2026-07-08T02:06:43.026737,2026-07-08T02:06:43.031029+00:00,133.4,11,bid,,,11565668
2026-07-08T02:06:43.167462,2026-07-08T02:06:43.174346+00:00,133.4,10,bid,,,11565671
2026-07-08T02:06:43.269104,2026-07-08T02:06:43.276537+00:00,133.4,200,bid,,,11565679
2026-07-08T02:06:44.741643,2026-07-08T02:06:44.749491+00:00,133.4,5,bid,,,11565695
2026-07-08T02:06:45.256306,2026-07-08T02:06:45.264392+00:00,133.3,5,ask,,,11565699
2026-07-08T02:06:45.635543,2026-07-08T02:06:45.646378+00:00,133.3,195,ask,,,11565709
2026-07-08T02:06:45.653408,2026-07-08T02:06:45.657531+00:00,133.3,3,bid,,,11565712
2026-07-08T02:06:45.656432,2026-07-08T02:06:45.673131+00:00,133.3,20,bid,,,11565713
2026-07-08T02:06:45.924546,2026-07-08T02:06:45.944266+00:00,133.3,20,bid,,,11565718
2026-07-08T02:06:46.900474,2026-07-08T02:06:46.910859+00:00,133.3,200,bid,,,11565734
2026-07-08T02:06:48.112814,2026-07-08T02:06:48.123724+00:00,133.3,200,ask,,,11565751
2026-07-08T02:06:49.465723,2026-07-08T02:06:49.474180+00:00,133.3,5,bid,,,11565768
2026-07-08T02:06:50.537057,2026-07-08T02:06:50.546630+00:00,133.3,5,bid,,,11565786
2026-07-08T02:06:51.752062,2026-07-08T02:06:51.764145+00:00,133.3,5,ask,,,11565803
2026-07-08T02:06:51.922597,2026-07-08T02:06:51.934602+00:00,133.2,10,bid,,,11565806
2026-07-08T02:06:52.152354,2026-07-08T02:06:52.163813+00:00,133.1,5,ask,,,11565812
2026-07-08T02:06:52.157328,2026-07-08T02:06:52.163813+00:00,133.2,5,bid,,,11565813
2026-07-08T02:06:52.681730,2026-07-08T02:06:52.690753+00:00,133.1,5,ask,,,11565821
2026-07-08T02:06:52.687114,2026-07-08T02:06:52.696181+00:00,133.2,5,bid,,,11565822
2026-07-08T02:06:52.816252,2026-07-08T02:06:52.826736+00:00,133.2,175,bid,,,11565825
2026-07-08T02:06:53.211776,2026-07-08T02:06:53.219722+00:00,133.3,5,ask,,,11565831
2026-07-08T02:06:54.169920,2026-07-08T02:06:54.179734+00:00,133.3,200,ask,,,11565848
2026-07-08T02:06:54.846255,2026-07-08T02:06:54.857150+00:00,133.4,500,ask,,,11565853
2026-07-08T02:06:54.846255,2026-07-08T02:06:54.857150+00:00,133.3,5,ask,,,11565854
2026-07-08T02:06:55.244065,2026-07-08T02:06:55.251281+00:00,133.3,120,bid,,,11565859
2026-07-08T02:06:55.327547,2026-07-08T02:06:55.339106+00:00,133.3,5,ask,,,11565861
2026-07-08T02:06:55.376855,2026-07-08T02:06:55.383448+00:00,133.4,5,ask,,,11565864
2026-07-08T02:06:55.376855,2026-07-08T02:06:55.388942+00:00,133.3,195,ask,,,11565865
2026-07-08T02:06:56.156760,2026-07-08T02:06:56.163900+00:00,133.7,5,ask,,,11565880
2026-07-08T02:06:56.485163,2026-07-08T02:06:56.495145+00:00,133.6,10,bid,,,11565887
2026-07-08T02:06:56.593522,2026-07-08T02:06:56.604518+00:00,133.4,200,ask,,,11565889
2026-07-08T02:06:57.153664,2026-07-08T02:06:57.163981+00:00,133.5,5,ask,,,11565898
2026-07-08T02:06:57.467928,2026-07-08T02:06:57.478730+00:00,133.5,495,ask,,,11565901
2026-07-08T02:06:57.520531,2026-07-08T02:06:57.528197+00:00,133.5,5,bid,,,11565903
2026-07-08T02:06:57.653586,2026-07-08T02:06:57.658583+00:00,133.5,125,bid,,,11565905
2026-07-08T02:06:57.803677,2026-07-08T02:06:57.812057+00:00,133.5,200,ask,,,11565908
2026-07-08T02:06:58.245390,2026-07-08T02:06:58.258670+00:00,133.8,5,ask,,,11565912
2026-07-08T02:06:58.580173,2026-07-08T02:06:58.589819+00:00,133.6,5,ask,,,11565919
2026-07-08T02:06:58.776887,2026-07-08T02:06:58.784247+00:00,133.8,5,ask,,,11565923
2026-07-08T02:06:59.011574,2026-07-08T02:06:59.019293+00:00,133.5,200,ask,,,11565928
2026-07-08T02:06:59.119919,2026-07-08T02:06:59.131133+00:00,133.7,5,bid,,,11565930
2026-07-08T02:06:59.664697,2026-07-08T02:06:59.673294+00:00,133.7,5,bid,,,11565937
2026-07-08T02:07:00.220696,2026-07-08T02:07:00.229629+00:00,133.7,5,ask,,,11565947
2026-07-08T02:07:00.220696,2026-07-08T02:07:00.229629+00:00,133.5,195,ask,,,11565948
2026-07-08T02:07:00.722063,2026-07-08T02:07:00.727282+00:00,133.8,5,bid,,,11565952
2026-07-08T02:07:01.252016,2026-07-08T02:07:01.258239+00:00,133.7,5,ask,,,11565956
2026-07-08T02:07:01.422932,2026-07-08T02:07:01.432056+00:00,133.7,5,ask,,,11565959
2026-07-08T02:07:01.432336,2026-07-08T02:07:01.442601+00:00,133.6,200,ask,,,11565960
2026-07-08T02:07:01.786697,2026-07-08T02:07:01.796100+00:00,133.6,5,ask,,,11565965
2026-07-08T02:07:02.510983,2026-07-08T02:07:02.520871+00:00,133.7,500,bid,,,11565974
2026-07-08T02:07:02.730218,2026-07-08T02:07:02.737782+00:00,133.6,200,bid,,,11565976
2026-07-08T02:07:02.730218,2026-07-08T02:07:02.753478+00:00,133.8,5,bid,,,11565977
2026-07-08T02:07:02.749273,2026-07-08T02:07:02.753478+00:00,133.8,3,ask,,,11565979
2026-07-08T02:07:02.843465,2026-07-08T02:07:02.850820+00:00,133.8,7,ask,,,11565980
2026-07-08T02:07:02.853821,2026-07-08T02:07:02.855859+00:00,134.0,8,bid,,,11565982
2026-07-08T02:07:03.849375,2026-07-08T02:07:03.859747+00:00,133.9,5,ask,,,11565999
2026-07-08T02:07:03.849375,2026-07-08T02:07:03.859747+00:00,133.8,195,ask,,,11566000
2026-07-08T02:07:03.905108,2026-07-08T02:07:03.912492+00:00,133.8,5,ask,,,11566001
2026-07-08T02:07:04.048308,2026-07-08T02:07:04.055745+00:00,133.9,5,ask,,,11566003
2026-07-08T02:07:04.064822,2026-07-08T02:07:04.068869+00:00,133.8,3,bid,,,11566005
2026-07-08T02:07:04.434810,2026-07-08T02:07:04.442492+00:00,133.7,5,ask,,,11566013
2026-07-08T02:07:04.688133,2026-07-08T02:07:04.699561+00:00,133.7,20,ask,,,11566017
2026-07-08T02:07:05.056664,2026-07-08T02:07:05.068920+00:00,133.8,200,bid,,,11566020
2026-07-08T02:07:05.491831,2026-07-08T02:07:05.499903+00:00,133.9,5,bid,,,11566025
2026-07-08T02:07:05.496503,2026-07-08T02:07:05.505099+00:00,133.9,5,bid,,,11566026
2026-07-08T02:07:05.519654,2026-07-08T02:07:05.531106+00:00,133.9,500,bid,,,11566027
2026-07-08T02:07:06.115319,2026-07-08T02:07:06.123665+00:00,133.9,115,bid,,,11566033
2026-07-08T02:07:07.133734,2026-07-08T02:07:07.142666+00:00,133.9,5,ask,,,11566053
2026-07-08T02:07:07.999357,2026-07-08T02:07:08.006576+00:00,134.0,5,ask,,,11566065
2026-07-08T02:07:07.999357,2026-07-08T02:07:08.011780+00:00,134.0,500,ask,,,11566066
2026-07-08T02:07:08.191575,2026-07-08T02:07:08.199205+00:00,133.9,5,ask,,,11566071
2026-07-08T02:07:08.198326,2026-07-08T02:07:08.209694+00:00,134.0,5,bid,,,11566072
2026-07-08T02:07:08.728870,2026-07-08T02:07:08.739992+00:00,133.9,5,ask,,,11566076
2026-07-08T02:07:08.734546,2026-07-08T02:07:08.745273+00:00,134.0,5,bid,,,11566077
2026-07-08T02:07:09.261150,2026-07-08T02:07:09.271374+00:00,133.9,5,ask,,,11566085
2026-07-08T02:07:09.266091,2026-07-08T02:07:09.276570+00:00,134.0,5,bid,,,11566086
2026-07-08T02:07:09.793779,2026-07-08T02:07:09.804447+00:00,134.0,5,ask,,,11566090
2026-07-08T02:07:09.919099,2026-07-08T02:07:09.925992+00:00,134.0,200,ask,,,11566091
2026-07-08T02:07:10.621286,2026-07-08T02:07:10.630243+00:00,134.0,5,ask,,,11566102
2026-07-08T02:07:10.621286,2026-07-08T02:07:10.630243+00:00,134.0,500,ask,,,11566103
2026-07-08T02:07:10.853465,2026-07-08T02:07:10.858661+00:00,133.8,5,ask,,,11566108
2026-07-08T02:07:11.383194,2026-07-08T02:07:11.392216+00:00,134.0,5,bid,,,11566116
2026-07-08T02:07:11.913241,2026-07-08T02:07:11.922303+00:00,133.9,5,ask,,,11566122
2026-07-08T02:07:12.642904,2026-07-08T02:07:12.655027+00:00,134.0,20,bid,,,11566126
2026-07-08T02:07:13.242070,2026-07-08T02:07:13.258623+00:00,134.0,180,bid,,,11566133
2026-07-08T02:07:13.497589,2026-07-08T02:07:13.507863+00:00,134.0,40,ask,,,11566137
2026-07-08T02:07:13.549260,2026-07-08T02:07:13.560458+00:00,134.0,200,ask,,,11566139
2026-07-08T02:07:13.730534,2026-07-08T02:07:13.738987+00:00,134.0,10,ask,,,11566146
2026-07-08T02:07:14.051309,2026-07-08T02:07:14.058591+00:00,134.0,1,ask,,,11566153
2026-07-08T02:07:14.062685,2026-07-08T02:07:14.069384+00:00,134.0,5,ask,,,11566155
2026-07-08T02:07:15.618272,2026-07-08T02:07:15.625847+00:00,134.0,5,bid,,,11566181
2026-07-08T02:07:15.637325,2026-07-08T02:07:15.646446+00:00,133.9,20,ask,,,11566182
2026-07-08T02:07:15.869126,2026-07-08T02:07:15.879469+00:00,133.9,5,ask,,,11566187
2026-07-08T02:07:15.869126,2026-07-08T02:07:15.879469+00:00,133.9,500,ask,,,11566188
2026-07-08T02:07:16.149339,2026-07-08T02:07:16.158620+00:00,133.7,5,ask,,,11566189
2026-07-08T02:07:16.428263,2026-07-08T02:07:16.439636+00:00,133.9,120,bid,,,11566191
2026-07-08T02:07:17.190394,2026-07-08T02:07:17.199862+00:00,134.0,200,ask,,,11566204
2026-07-08T02:07:18.398502,2026-07-08T02:07:18.405829+00:00,134.0,200,ask,,,11566222
2026-07-08T02:07:18.500180,2026-07-08T02:07:18.508388+00:00,134.0,5,ask,,,11566223
2026-07-08T02:07:18.791708,2026-07-08T02:07:18.794521+00:00,133.8,5,ask,,,11566225
2026-07-08T02:07:19.472189,2026-07-08T02:07:19.479925+00:00,134.0,500,bid,,,11566234
2026-07-08T02:07:19.520347,2026-07-08T02:07:19.526999+00:00,134.0,20,bid,,,11566237
2026-07-08T02:07:19.766166,2026-07-08T02:07:19.774251+00:00,134.0,10,bid,,,11566244
2026-07-08T02:07:19.810712,2026-07-08T02:07:19.817278+00:00,134.0,200,bid,,,11566246
2026-07-08T02:07:20.818990,2026-07-08T02:07:20.827118+00:00,134.1,200,ask,,,11566260
2026-07-08T02:07:21.124531,2026-07-08T02:07:21.133913+00:00,134.1,300,ask,,,11566268
2026-07-08T02:07:21.124531,2026-07-08T02:07:21.133913+00:00,134.1,5,ask,,,11566269
2026-07-08T02:07:21.270872,2026-07-08T02:07:21.280147+00:00,134.0,320,bid,,,11566274
2026-07-08T02:07:21.429429,2026-07-08T02:07:21.437751+00:00,134.1,5,ask,,,11566275
2026-07-08T02:07:22.039238,2026-07-08T02:07:22.047699+00:00,134.3,5,ask,,,11566282
2026-07-08T02:07:22.509415,2026-07-08T02:07:22.516795+00:00,134.2,5,ask,,,11566291
2026-07-08T02:07:23.041191,2026-07-08T02:07:23.052015+00:00,134.3,5,bid,,,11566302
2026-07-08T02:07:24.471118,2026-07-08T02:07:24.480323+00:00,134.2,200,ask,,,11566332
2026-07-08T02:07:24.626558,2026-07-08T02:07:24.634018+00:00,134.5,5,bid,,,11566333
2026-07-08T02:07:25.156396,2026-07-08T02:07:25.158575+00:00,134.4,5,bid,,,11566342
2026-07-08T02:07:27.818960,2026-07-08T02:07:27.827813+00:00,134.4,5,bid,,,11566376
2026-07-08T02:07:30.100472,2026-07-08T02:07:30.112386+00:00,134.4,5,ask,,,11566404
2026-07-08T02:07:30.455112,2026-07-08T02:07:30.461975+00:00,134.3,5,ask,,,11566407
2026-07-08T02:07:30.988215,2026-07-08T02:07:30.996392+00:00,134.4,25,ask,,,11566409
2026-07-08T02:07:32.916827,2026-07-08T02:07:32.925348+00:00,134.4,10,ask,,,11566435
2026-07-08T02:07:34.246009,2026-07-08T02:07:34.256063+00:00,134.5,200,ask,,,11566445
2026-07-08T02:07:34.641423,2026-07-08T02:07:34.650985+00:00,134.5,5,bid,,,11566453
2026-07-08T02:07:36.751741,2026-07-08T02:07:36.755360+00:00,134.6,5,bid,,,11566480
2026-07-08T02:07:37.791602,2026-07-08T02:07:37.803043+00:00,134.5,200,ask,,,11566495
2026-07-08T02:07:38.685717,2026-07-08T02:07:38.697691+00:00,134.6,10,bid,,,11566509
2026-07-08T02:07:38.881780,2026-07-08T02:07:38.889679+00:00,134.6,5,bid,,,11566514
2026-07-08T02:07:38.999099,2026-07-08T02:07:39.010565+00:00,134.5,200,ask,,,11566515
2026-07-08T02:07:39.451368,2026-07-08T02:07:39.458707+00:00,134.5,425,ask,,,11566519
2026-07-08T02:07:39.451368,2026-07-08T02:07:39.463888+00:00,134.5,5,ask,,,11566520
2026-07-08T02:07:40.713876,2026-07-08T02:07:40.724448+00:00,134.5,10,bid,,,11566540
2026-07-08T02:07:41.012337,2026-07-08T02:07:41.021125+00:00,134.5,5,bid,,,11566545
2026-07-08T02:07:41.230586,2026-07-08T02:07:41.237181+00:00,134.5,20,bid,,,11566547
2026-07-08T02:07:41.421404,2026-07-08T02:07:41.429549+00:00,134.4,200,bid,,,11566552
2026-07-08T02:07:42.070747,2026-07-08T02:07:42.078683+00:00,134.4,5,bid,,,11566563
2026-07-08T02:07:42.075954,2026-07-08T02:07:42.083880+00:00,134.4,5,bid,,,11566564
2026-07-08T02:07:42.602081,2026-07-08T02:07:42.608960+00:00,134.2,5,ask,,,11566568
2026-07-08T02:07:42.607235,2026-07-08T02:07:42.614344+00:00,134.4,5,bid,,,11566569
2026-07-08T02:07:42.629442,2026-07-08T02:07:42.640100+00:00,134.4,200,bid,,,11566571
2026-07-08T02:07:43.427279,2026-07-08T02:07:43.438264+00:00,134.4,500,bid,,,11566584
2026-07-08T02:07:43.671398,2026-07-08T02:07:43.682660+00:00,134.6,5,bid,,,11566587
2026-07-08T02:07:43.713688,2026-07-08T02:07:43.724186+00:00,134.5,5,bid,,,11566590
2026-07-08T02:07:44.247101,2026-07-08T02:07:44.264049+00:00,134.4,5,ask,,,11566592
2026-07-08T02:07:44.747065,2026-07-08T02:07:44.758612+00:00,134.4,5,ask,,,11566600
2026-07-08T02:07:44.747065,2026-07-08T02:07:44.758612+00:00,134.3,200,ask,,,11566601
2026-07-08T02:07:45.309928,2026-07-08T02:07:45.318379+00:00,134.3,5,bid,,,11566607
2026-07-08T02:07:46.367342,2026-07-08T02:07:46.377716+00:00,134.4,5,bid,,,11566627
2026-07-08T02:07:47.420791,2026-07-08T02:07:47.428187+00:00,134.4,5,bid,,,11566640
2026-07-08T02:07:48.477178,2026-07-08T02:07:48.483924+00:00,134.4,5,bid,,,11566656
2026-07-08T02:07:48.687040,2026-07-08T02:07:48.694058+00:00,134.4,200,bid,,,11566659
2026-07-08T02:07:49.001950,2026-07-08T02:07:49.010548+00:00,134.4,5,ask,,,11566662
2026-07-08T02:07:49.533059,2026-07-08T02:07:49.540136+00:00,134.6,5,bid,,,11566668
2026-07-08T02:07:49.915305,2026-07-08T02:07:49.923365+00:00,134.5,5,ask,,,11566673
2026-07-08T02:07:50.962787,2026-07-08T02:07:50.974327+00:00,134.4,500,ask,,,11566680
2026-07-08T02:07:51.209791,2026-07-08T02:07:51.214373+00:00,134.5,3,bid,,,11566684
2026-07-08T02:07:51.333846,2026-07-08T02:07:51.361765+00:00,134.4,5,ask,,,11566686
2026-07-08T02:07:51.357441,2026-07-08T02:07:51.361765+00:00,134.4,11,bid,,,11566689
2026-07-08T02:07:51.653443,2026-07-08T02:07:51.663849+00:00,134.4,81,bid,,,11566693
2026-07-08T02:07:52.209111,2026-07-08T02:07:52.216230+00:00,134.4,39,bid,,,11566699
2026-07-08T02:07:53.231179,2026-07-08T02:07:53.240450+00:00,134.4,20,bid,,,11566711
2026-07-08T02:07:55.304947,2026-07-08T02:07:55.316038+00:00,134.1,200,ask,,,11566735
2026-07-08T02:07:55.962767,2026-07-08T02:07:55.969862+00:00,134.1,200,bid,,,11566748
2026-07-08T02:07:56.614505,2026-07-08T02:07:56.635620+00:00,134.0,500,bid,,,11566758
2026-07-08T02:07:56.614505,2026-07-08T02:07:56.635620+00:00,134.1,5,bid,,,11566759
2026-07-08T02:07:56.631532,2026-07-08T02:07:56.635620+00:00,134.3,11,ask,,,11566761
2026-07-08T02:07:56.882166,2026-07-08T02:07:56.890650+00:00,134.3,5,ask,,,11566763
2026-07-08T02:07:57.009249,2026-07-08T02:07:57.018975+00:00,134.3,104,ask,,,11566764
2026-07-08T02:07:57.039996,2026-07-08T02:07:57.044171+00:00,134.1,5,bid,,,11566768
2026-07-08T02:07:57.171307,2026-07-08T02:07:57.179437+00:00,134.1,200,bid,,,11566771
2026-07-08T02:07:57.929553,2026-07-08T02:07:57.940178+00:00,134.1,500,bid,,,11566783
2026-07-08T02:07:57.941296,2026-07-08T02:07:57.953276+00:00,134.1,5,ask,,,11566784
2026-07-08T02:07:57.949353,2026-07-08T02:07:57.953276+00:00,134.1,5,ask,,,11566786
2026-07-08T02:07:58.213211,2026-07-08T02:07:58.223823+00:00,134.1,115,ask,,,11566787
2026-07-08T02:07:58.383225,2026-07-08T02:07:58.392645+00:00,134.1,200,bid,,,11566792
2026-07-08T02:07:58.466431,2026-07-08T02:07:58.473666+00:00,134.1,5,bid,,,11566795
2026-07-08T02:07:59.535647,2026-07-08T02:07:59.545844+00:00,133.8,10,bid,,,11566808
2026-07-08T02:07:59.591734,2026-07-08T02:07:59.600682+00:00,133.8,200,bid,,,11566810
2026-07-08T02:08:00.802002,2026-07-08T02:08:00.811944+00:00,133.9,200,bid,,,11566827
2026-07-08T02:08:01.882946,2026-07-08T02:08:01.889680+00:00,133.9,500,bid,,,11566839
2026-07-08T02:08:01.882946,2026-07-08T02:08:01.895115+00:00,134.0,5,bid,,,11566840
2026-07-08T02:08:02.127490,2026-07-08T02:08:02.134244+00:00,134.1,5,bid,,,11566842
2026-07-08T02:08:02.463914,2026-07-08T02:08:02.474124+00:00,134.0,120,ask,,,11566845
2026-07-08T02:08:02.489105,2026-07-08T02:08:02.493174+00:00,133.9,5,bid,,,11566847
2026-07-08T02:08:03.222051,2026-07-08T02:08:03.231031+00:00,133.9,200,bid,,,11566857
2026-07-08T02:08:04.280783,2026-07-08T02:08:04.289093+00:00,133.8,500,ask,,,11566866
2026-07-08T02:08:04.507169,2026-07-08T02:08:04.517235+00:00,133.8,200,ask,,,11566867
2026-07-08T02:08:04.523444,2026-07-08T02:08:04.527540+00:00,133.8,6,bid,,,11566869
2026-07-08T02:08:04.902295,2026-07-08T02:08:04.906499+00:00,133.7,12,bid,,,11566874
2026-07-08T02:08:05.027454,2026-07-08T02:08:05.037937+00:00,133.7,20,bid,,,11566877
2026-07-08T02:08:05.638723,2026-07-08T02:08:05.648135+00:00,133.7,200,bid,,,11566894
2026-07-08T02:08:05.773972,2026-07-08T02:08:05.780698+00:00,133.5,5,ask,,,11566897
2026-07-08T02:08:05.817069,2026-07-08T02:08:05.826317+00:00,133.6,5,bid,,,11566898
2026-07-08T02:08:05.817069,2026-07-08T02:08:05.826317+00:00,133.7,300,bid,,,11566899
2026-07-08T02:08:05.837966,2026-07-08T02:08:05.842185+00:00,133.8,26,ask,,,11566901
2026-07-08T02:08:06.001726,2026-07-08T02:08:06.015334+00:00,133.8,20,ask,,,11566906
2026-07-08T02:08:06.082231,2026-07-08T02:08:06.092814+00:00,133.8,274,ask,,,11566909
2026-07-08T02:08:06.300964,2026-07-08T02:08:06.310065+00:00,133.8,1,bid,,,11566914
2026-07-08T02:08:07.135322,2026-07-08T02:08:07.142815+00:00,133.5,200,ask,,,11566925
2026-07-08T02:08:07.166312,2026-07-08T02:08:07.170627+00:00,133.5,3,bid,,,11566927
2026-07-08T02:08:08.460149,2026-07-08T02:08:08.469270+00:00,133.5,5,ask,,,11566946
2026-07-08T02:08:08.485645,2026-07-08T02:08:08.489865+00:00,133.6,11,bid,,,11566950
2026-07-08T02:08:09.004873,2026-07-08T02:08:09.015089+00:00,133.6,14,bid,,,11566954
2026-07-08T02:08:10.524298,2026-07-08T02:08:10.536242+00:00,133.5,10,ask,,,11566979
2026-07-08T02:08:10.560892,2026-07-08T02:08:10.570837+00:00,133.5,5,ask,,,11566981
2026-07-08T02:08:10.572268,2026-07-08T02:08:10.581179+00:00,133.5,5,ask,,,11566982
2026-07-08T02:08:11.095900,2026-07-08T02:08:11.104588+00:00,133.7,5,bid,,,11566987
2026-07-08T02:08:11.103878,2026-07-08T02:08:11.115145+00:00,133.5,5,ask,,,11566988
2026-07-08T02:08:11.625292,2026-07-08T02:08:11.634296+00:00,133.7,5,bid,,,11566993
2026-07-08T02:08:11.634180,2026-07-08T02:08:11.644705+00:00,133.5,5,ask,,,11566994
2026-07-08T02:08:12.158365,2026-07-08T02:08:12.170004+00:00,133.6,5,bid,,,11566999
2026-07-08T02:08:12.166542,2026-07-08T02:08:12.175225+00:00,133.5,5,ask,,,11567000
2026-07-08T02:08:12.750796,2026-07-08T02:08:12.752436+00:00,133.5,5,bid,,,11567009
2026-07-08T02:08:13.417126,2026-07-08T02:08:13.427081+00:00,133.5,5,bid,,,11567018
2026-07-08T02:08:13.689761,2026-07-08T02:08:13.701239+00:00,133.4,20,ask,,,11567020
2026-07-08T02:08:13.738516,2026-07-08T02:08:13.746863+00:00,133.4,5,ask,,,11567024
2026-07-08T02:08:14.791649,2026-07-08T02:08:14.798210+00:00,133.4,5,ask,,,11567046
2026-07-08T02:08:14.872691,2026-07-08T02:08:14.878258+00:00,133.4,14,ask,,,11567050
2026-07-08T02:08:15.016260,2026-07-08T02:08:15.025233+00:00,133.5,200,bid,,,11567052
2026-07-08T02:08:15.016260,2026-07-08T02:08:15.025233+00:00,133.5,5,bid,,,11567053
2026-07-08T02:08:15.110020,2026-07-08T02:08:15.117337+00:00,133.5,10,ask,,,11567055
2026-07-08T02:08:15.323888,2026-07-08T02:08:15.331807+00:00,133.5,40,ask,,,11567059
2026-07-08T02:08:15.861336,2026-07-08T02:08:15.869028+00:00,133.5,40,ask,,,11567066
2026-07-08T02:08:15.871123,2026-07-08T02:08:15.879653+00:00,133.5,5,ask,,,11567068
2026-07-08T02:08:16.333297,2026-07-08T02:08:16.341972+00:00,133.5,200,ask,,,11567077
2026-07-08T02:08:16.434322,2026-07-08T02:08:16.442105+00:00,133.3,5,ask,,,11567080
2026-07-08T02:08:16.530311,2026-07-08T02:08:16.539786+00:00,133.5,200,bid,,,11567084
2026-07-08T02:08:16.964000,2026-07-08T02:08:16.975297+00:00,133.5,5,bid,,,11567093
2026-07-08T02:08:17.528710,2026-07-08T02:08:17.535923+00:00,133.5,5,bid,,,11567108
2026-07-08T02:08:17.645517,2026-07-08T02:08:17.654787+00:00,133.5,5,bid,,,11567109
2026-07-08T02:08:18.059060,2026-07-08T02:08:18.070900+00:00,133.7,10,bid,,,11567115
2026-07-08T02:08:20.161583,2026-07-08T02:08:20.169135+00:00,133.6,200,ask,,,11567149
2026-07-08T02:08:20.268826,2026-07-08T02:08:20.277624+00:00,133.7,5,ask,,,11567150
2026-07-08T02:08:20.708880,2026-07-08T02:08:20.717959+00:00,133.7,5,bid,,,11567160
2026-07-08T02:08:21.256233,2026-07-08T02:08:21.267101+00:00,133.5,10,ask,,,11567175
2026-07-08T02:08:21.368721,2026-07-08T02:08:21.377773+00:00,133.6,5,bid,,,11567178
2026-07-08T02:08:22.324460,2026-07-08T02:08:22.335172+00:00,133.6,5,ask,,,11567184
2026-07-08T02:08:23.384726,2026-07-08T02:08:23.392925+00:00,133.8,5,bid,,,11567199
2026-07-08T02:08:25.503164,2026-07-08T02:08:25.511072+00:00,133.8,4,bid,,,11567235
2026-07-08T02:08:25.509181,2026-07-08T02:08:25.516229+00:00,133.8,5,bid,,,11567236
2026-07-08T02:08:25.511958,2026-07-08T02:08:25.521503+00:00,133.8,195,bid,,,11567237
2026-07-08T02:08:26.824265,2026-07-08T02:08:26.831094+00:00,133.9,5,ask,,,11567249
2026-07-08T02:08:27.125525,2026-07-08T02:08:27.137111+00:00,133.9,5,bid,,,11567252
2026-07-08T02:08:27.436945,2026-07-08T02:08:27.446504+00:00,133.9,200,bid,,,11567255
2026-07-08T02:08:27.659223,2026-07-08T02:08:27.669314+00:00,133.9,5,bid,,,11567258
2026-07-08T02:08:28.189092,2026-07-08T02:08:28.196696+00:00,133.9,5,bid,,,11567269
2026-07-08T02:08:28.654055,2026-07-08T02:08:28.658656+00:00,133.8,20,ask,,,11567276
2026-07-08T02:08:28.712929,2026-07-08T02:08:28.722277+00:00,133.9,5,bid,,,11567279
2026-07-08T02:08:29.243773,2026-07-08T02:08:29.253436+00:00,133.9,5,bid,,,11567292
2026-07-08T02:08:29.774195,2026-07-08T02:08:29.781821+00:00,133.9,5,bid,,,11567296
2026-07-08T02:08:29.855519,2026-07-08T02:08:29.858640+00:00,133.9,200,bid,,,11567297
2026-07-08T02:08:30.303091,2026-07-08T02:08:30.309865+00:00,133.8,500,ask,,,11567309
2026-07-08T02:08:30.774021,2026-07-08T02:08:30.779446+00:00,133.9,5,ask,,,11567316
2026-07-08T02:08:30.786593,2026-07-08T02:08:30.791684+00:00,133.8,3,bid,,,11567318
2026-07-08T02:08:32.134995,2026-07-08T02:08:32.144782+00:00,133.7,200,ask,,,11567332
2026-07-08T02:08:32.134995,2026-07-08T02:08:32.144782+00:00,133.7,5,ask,,,11567333
2026-07-08T02:08:32.443969,2026-07-08T02:08:32.450624+00:00,133.7,40,bid,,,11567342
2026-07-08T02:08:33.513406,2026-07-08T02:08:33.520130+00:00,133.7,16,bid,,,11567361
2026-07-08T02:08:33.872712,2026-07-08T02:08:33.876615+00:00,133.6,3,ask,,,11567371
2026-07-08T02:08:34.034958,2026-07-08T02:08:34.044691+00:00,133.6,46,ask,,,11567379
2026-07-08T02:08:34.046352,2026-07-08T02:08:34.054932+00:00,133.6,5,ask,,,11567381
2026-07-08T02:08:34.054710,2026-07-08T02:08:34.054932+00:00,133.6,5,ask,,,11567382
2026-07-08T02:08:34.577081,2026-07-08T02:08:34.585310+00:00,133.7,5,bid,,,11567390
2026-07-08T02:08:35.109674,2026-07-08T02:08:35.120487+00:00,133.6,5,ask,,,11567397
2026-07-08T02:08:36.162142,2026-07-08T02:08:36.170008+00:00,133.6,5,ask,,,11567419
2026-07-08T02:08:36.210901,2026-07-08T02:08:36.222562+00:00,133.6,10,ask,,,11567420
2026-07-08T02:08:37.063649,2026-07-08T02:08:37.075072+00:00,133.7,10,bid,,,11567431
2026-07-08T02:08:37.337574,2026-07-08T02:08:37.345799+00:00,133.6,200,ask,,,11567438
2026-07-08T02:08:38.273225,2026-07-08T02:08:38.284492+00:00,133.6,5,bid,,,11567455
2026-07-08T02:08:38.796649,2026-07-08T02:08:38.808070+00:00,133.5,5,ask,,,11567456
2026-07-08T02:08:38.796649,2026-07-08T02:08:38.808070+00:00,133.5,200,ask,,,11567457
2026-07-08T02:08:38.796649,2026-07-08T02:08:38.808070+00:00,133.5,295,ask,,,11567458
2026-07-08T02:08:38.819917,2026-07-08T02:08:38.828998+00:00,133.5,5,ask,,,11567459
2026-07-08T02:08:39.880303,2026-07-08T02:08:39.892038+00:00,133.5,1,ask,,,11567476
2026-07-08T02:08:39.888734,2026-07-08T02:08:39.897316+00:00,133.5,5,ask,,,11567477
2026-07-08T02:08:40.410604,2026-07-08T02:08:40.419521+00:00,133.4,40,ask,,,11567486
2026-07-08T02:08:40.742681,2026-07-08T02:08:40.751653+00:00,133.4,200,ask,,,11567491
2026-07-08T02:08:40.950172,2026-07-08T02:08:40.954082+00:00,133.4,40,ask,,,11567494
2026-07-08T02:08:40.966944,2026-07-08T02:08:40.975160+00:00,133.4,5,ask,,,11567497
2026-07-08T02:08:41.496165,2026-07-08T02:08:41.504062+00:00,133.2,5,ask,,,11567514
2026-07-08T02:08:41.949418,2026-07-08T02:08:41.958628+00:00,133.4,200,bid,,,11567523
2026-07-08T02:08:42.028831,2026-07-08T02:08:42.037254+00:00,133.2,5,ask,,,11567527
2026-07-08T02:08:42.074014,2026-07-08T02:08:42.085645+00:00,133.2,10,ask,,,11567530
2026-07-08T02:08:42.582105,2026-07-08T02:08:42.589790+00:00,133.4,5,bid,,,11567534
2026-07-08T02:08:43.084560,2026-07-08T02:08:43.095328+00:00,133.4,38,ask,,,11567538
2026-07-08T02:08:43.634593,2026-07-08T02:08:43.644264+00:00,133.5,5,bid,,,11567551
2026-07-08T02:08:43.895814,2026-07-08T02:08:43.905840+00:00,133.5,195,bid,,,11567556
2026-07-08T02:08:46.793854,2026-07-08T02:08:46.803231+00:00,133.5,5,ask,,,11567587
2026-07-08T02:08:46.860951,2026-07-08T02:08:46.872425+00:00,133.3,5,ask,,,11567589
2026-07-08T02:08:47.835688,2026-07-08T02:08:47.842081+00:00,133.3,20,ask,,,11567601
2026-07-08T02:08:49.162722,2026-07-08T02:08:49.169351+00:00,133.3,200,ask,,,11567618
2026-07-08T02:08:51.287548,2026-07-08T02:08:51.297335+00:00,133.4,20,bid,,,11567636
2026-07-08T02:08:52.837902,2026-07-08T02:08:52.844618+00:00,133.3,200,bid,,,11567651
2026-07-08T02:08:53.382800,2026-07-08T02:08:53.394560+00:00,133.5,20,bid,,,11567655
2026-07-08T02:08:54.047790,2026-07-08T02:08:54.056999+00:00,133.3,5,ask,,,11567664
2026-07-08T02:08:54.302294,2026-07-08T02:08:54.309148+00:00,133.2,5,ask,,,11567667
2026-07-08T02:08:55.872193,2026-07-08T02:08:55.883941+00:00,133.4,20,bid,,,11567687
2026-07-08T02:08:56.975701,2026-07-08T02:08:56.986030+00:00,133.2,10,ask,,,11567701
2026-07-08T02:08:56.980850,2026-07-08T02:08:56.991437+00:00,133.2,5,ask,,,11567702
2026-07-08T02:08:57.049029,2026-07-08T02:08:57.058625+00:00,133.2,185,ask,,,11567706
2026-07-08T02:08:57.049029,2026-07-08T02:08:57.058625+00:00,133.2,440,ask,,,11567707
2026-07-08T02:08:59.974306,2026-07-08T02:08:59.980633+00:00,133.4,500,bid,,,11567734
2026-07-08T02:09:00.573618,2026-07-08T02:09:00.584576+00:00,133.4,125,bid,,,11567747
2026-07-08T02:09:00.993564,2026-07-08T02:09:01.000792+00:00,133.5,200,bid,,,11567753
2026-07-08T02:09:01.014760,2026-07-08T02:09:01.018959+00:00,133.5,3,ask,,,11567756
2026-07-08T02:09:01.316059,2026-07-08T02:09:01.322621+00:00,133.5,200,ask,,,11567760
2026-07-08T02:09:01.319090,2026-07-08T02:09:01.327868+00:00,133.5,20,ask,,,11567761
2026-07-08T02:09:01.666393,2026-07-08T02:09:01.673966+00:00,133.5,20,ask,,,11567764
2026-07-08T02:09:02.024287,2026-07-08T02:09:02.035651+00:00,133.5,13,ask,,,11567772
2026-07-08T02:09:02.314512,2026-07-08T02:09:02.325062+00:00,133.5,500,ask,,,11567777
2026-07-08T02:09:02.374010,2026-07-08T02:09:02.379336+00:00,133.4,6,bid,,,11567780
2026-07-08T02:09:02.411056,2026-07-08T02:09:02.419662+00:00,133.4,119,bid,,,11567782
2026-07-08T02:09:02.524009,2026-07-08T02:09:02.531276+00:00,133.6,200,ask,,,11567785
2026-07-08T02:09:02.725208,2026-07-08T02:09:02.729394+00:00,133.8,3,ask,,,11567790
2026-07-08T02:09:03.650886,2026-07-08T02:09:03.659680+00:00,133.8,5,ask,,,11567800
2026-07-08T02:09:03.743301,2026-07-08T02:09:03.753750+00:00,133.5,5,ask,,,11567802
2026-07-08T02:09:03.748114,2026-07-08T02:09:03.759130+00:00,133.7,5,bid,,,11567803
2026-07-08T02:09:04.276567,2026-07-08T02:09:04.285242+00:00,133.5,5,ask,,,11567818
2026-07-08T02:09:04.804357,2026-07-08T02:09:04.812774+00:00,133.7,5,bid,,,11567830
2026-07-08T02:09:05.363482,2026-07-08T02:09:05.371160+00:00,133.7,5,bid,,,11567840
2026-07-08T02:09:05.895167,2026-07-08T02:09:05.902996+00:00,133.6,13,ask,,,11567849
2026-07-08T02:09:07.053715,2026-07-08T02:09:07.058612+00:00,133.5,20,ask,,,11567861
2026-07-08T02:09:07.581796,2026-07-08T02:09:07.591340+00:00,133.6,200,bid,,,11567879
2026-07-08T02:09:08.738819,2026-07-08T02:09:08.750287+00:00,133.6,20,ask,,,11567892
2026-07-08T02:09:10.205399,2026-07-08T02:09:10.213811+00:00,133.8,200,bid,,,11567907
2026-07-08T02:09:12.834396,2026-07-08T02:09:12.845132+00:00,133.8,200,ask,,,11567944
2026-07-08T02:09:15.013736,2026-07-08T02:09:15.017568+00:00,133.7,3,ask,,,11567970
2026-07-08T02:09:15.220722,2026-07-08T02:09:15.227809+00:00,133.7,2,ask,,,11567975
2026-07-08T02:09:15.837651,2026-07-08T02:09:15.844626+00:00,133.8,200,bid,,,11567981
2026-07-08T02:09:18.072510,2026-07-08T02:09:18.079313+00:00,133.8,200,bid,,,11568005
2026-07-08T02:09:18.091878,2026-07-08T02:09:18.096543+00:00,133.9,11,ask,,,11568008
2026-07-08T02:09:18.256584,2026-07-08T02:09:18.258713+00:00,133.9,200,ask,,,11568011
2026-07-08T02:09:18.361251,2026-07-08T02:09:18.369203+00:00,133.9,7,ask,,,11568015
2026-07-08T02:09:18.642580,2026-07-08T02:09:18.651243+00:00,133.9,2,ask,,,11568017
2026-07-08T02:09:19.106762,2026-07-08T02:09:19.117358+00:00,133.9,20,ask,,,11568034
2026-07-08T02:09:19.387994,2026-07-08T02:09:19.410477+00:00,133.8,500,ask,,,11568039
2026-07-08T02:09:19.393685,2026-07-08T02:09:19.410477+00:00,133.7,5,bid,,,11568040
2026-07-08T02:09:19.406597,2026-07-08T02:09:19.410477+00:00,133.7,11,bid,,,11568042
2026-07-08T02:09:19.463408,2026-07-08T02:09:19.472416+00:00,133.7,109,bid,,,11568043
2026-07-08T02:09:19.912328,2026-07-08T02:09:19.919349+00:00,133.7,5,ask,,,11568050
2026-07-08T02:09:19.950363,2026-07-08T02:09:19.958630+00:00,133.9,200,bid,,,11568052
2026-07-08T02:09:21.348913,2026-07-08T02:09:21.353277+00:00,133.9,11,ask,,,11568076
2026-07-08T02:09:24.618631,2026-07-08T02:09:24.625749+00:00,134.0,200,bid,,,11568111
2026-07-08T02:09:26.717399,2026-07-08T02:09:26.725408+00:00,134.0,200,ask,,,11568133
2026-07-08T02:09:26.832685,2026-07-08T02:09:26.839063+00:00,134.2,20,bid,,,11568137
2026-07-08T02:09:27.939908,2026-07-08T02:09:27.944348+00:00,134.1,12,ask,,,11568146
2026-07-08T02:09:28.597560,2026-07-08T02:09:28.608911+00:00,134.1,188,ask,,,11568152
2026-07-08T02:09:30.841446,2026-07-08T02:09:30.845701+00:00,134.0,34,ask,,,11568175
2026-07-08T02:09:30.876922,2026-07-08T02:09:30.887426+00:00,134.0,10,ask,,,11568176
2026-07-08T02:09:32.537404,2026-07-08T02:09:32.543844+00:00,134.0,200,ask,,,11568198
2026-07-08T02:09:32.537404,2026-07-08T02:09:32.549117+00:00,134.0,425,ask,,,11568199
2026-07-08T02:09:32.773422,2026-07-08T02:09:32.777361+00:00,134.1,6,ask,,,11568204
2026-07-08T02:09:33.849485,2026-07-08T02:09:33.859967+00:00,134.1,194,ask,,,11568218
2026-07-08T02:09:34.499270,2026-07-08T02:09:34.509118+00:00,134.1,431,bid,,,11568226
2026-07-08T02:09:35.159430,2026-07-08T02:09:35.169318+00:00,134.2,200,bid,,,11568234
2026-07-08T02:09:35.173650,2026-07-08T02:09:35.184920+00:00,134.2,200,ask,,,11568235
2026-07-08T02:09:35.829304,2026-07-08T02:09:35.841480+00:00,134.4,20,bid,,,11568249
2026-07-08T02:09:36.381581,2026-07-08T02:09:36.389288+00:00,134.2,200,ask,,,11568261
2026-07-08T02:09:37.780825,2026-07-08T02:09:37.789443+00:00,134.2,200,ask,,,11568277
2026-07-08T02:09:42.431704,2026-07-08T02:09:42.439564+00:00,134.2,20,ask,,,11568341
2026-07-08T02:09:43.043306,2026-07-08T02:09:43.050468+00:00,134.2,180,ask,,,11568351
2026-07-08T02:09:43.077983,2026-07-08T02:09:43.090368+00:00,134.2,10,bid,,,11568358
2026-07-08T02:09:43.085428,2026-07-08T02:09:43.090368+00:00,134.2,17,bid,,,11568359
2026-07-08T02:09:46.639519,2026-07-08T02:09:46.644277+00:00,134.3,12,bid,,,11568401
2026-07-08T02:09:48.320630,2026-07-08T02:09:48.324659+00:00,134.2,11,bid,,,11568423
2026-07-08T02:09:53.351503,2026-07-08T02:09:53.358616+00:00,134.1,200,bid,,,11568480
2026-07-08T02:09:54.571119,2026-07-08T02:09:54.579775+00:00,134.1,200,ask,,,11568499
2026-07-08T02:09:54.886877,2026-07-08T02:09:54.890868+00:00,134.2,12,bid,,,11568504
2026-07-08T02:09:55.800713,2026-07-08T02:09:55.804697+00:00,134.1,11,bid,,,11568518
2026-07-08T02:09:56.317222,2026-07-08T02:09:56.327000+00:00,134.1,5,bid,,,11568525
2026-07-08T02:09:56.998648,2026-07-08T02:09:57.005569+00:00,134.0,200,ask,,,11568532
2026-07-08T02:09:57.508474,2026-07-08T02:09:57.515326+00:00,134.0,5,ask,,,11568536
2026-07-08T02:09:57.559669,2026-07-08T02:09:57.564295+00:00,134.0,3,bid,,,11568538
2026-07-08T02:09:57.612266,2026-07-08T02:09:57.621532+00:00,134.0,20,bid,,,11568541
2026-07-08T02:09:57.895121,2026-07-08T02:09:57.902412+00:00,133.8,10,ask,,,11568547
2026-07-08T02:09:58.233787,2026-07-08T02:09:58.245883+00:00,134.0,20,bid,,,11568556
2026-07-08T02:09:58.818922,2026-07-08T02:09:58.828966+00:00,133.9,200,ask,,,11568565
2026-07-08T02:09:59.931400,2026-07-08T02:09:59.939227+00:00,133.9,425,bid,,,11568572
2026-07-08T02:09:59.931400,2026-07-08T02:09:59.944471+00:00,133.9,75,bid,,,11568573
2026-07-08T02:10:00.127343,2026-07-08T02:10:00.137561+00:00,133.9,125,bid,,,11568579
2026-07-08T02:10:00.147316,2026-07-08T02:10:00.152094+00:00,134.1,14,ask,,,11568582
2026-07-08T02:10:00.666088,2026-07-08T02:10:00.675958+00:00,134.1,200,ask,,,11568587
2026-07-08T02:10:01.895092,2026-07-08T02:10:01.899739+00:00,134.0,11,bid,,,11568610
2026-07-08T02:10:04.293820,2026-07-08T02:10:04.301330+00:00,134.0,200,bid,,,11568635
2026-07-08T02:10:05.387529,2026-07-08T02:10:05.397119+00:00,134.0,500,bid,,,11568651
2026-07-08T02:10:05.979871,2026-07-08T02:10:05.990512+00:00,134.0,125,bid,,,11568662
2026-07-08T02:10:07.926472,2026-07-08T02:10:07.934461+00:00,134.0,200,ask,,,11568690
2026-07-08T02:10:08.925792,2026-07-08T02:10:08.934998+00:00,134.1,20,bid,,,11568705
2026-07-08T02:10:09.028446,2026-07-08T02:10:09.039408+00:00,134.1,500,bid,,,11568710
2026-07-08T02:10:09.298273,2026-07-08T02:10:09.305894+00:00,134.1,200,bid,,,11568714
2026-07-08T02:10:09.648855,2026-07-08T02:10:09.652719+00:00,134.2,11,ask,,,11568717
2026-07-08T02:10:11.558330,2026-07-08T02:10:11.569485+00:00,134.2,200,ask,,,11568738
2026-07-08T02:10:11.680398,2026-07-08T02:10:11.692257+00:00,134.3,20,bid,,,11568740
2026-07-08T02:10:13.981197,2026-07-08T02:10:13.987959+00:00,134.3,200,ask,,,11568761
2026-07-08T02:10:14.993511,2026-07-08T02:10:15.005168+00:00,134.4,20,bid,,,11568776
2026-07-08T02:10:15.128379,2026-07-08T02:10:15.132348+00:00,134.2,12,ask,,,11568779
2026-07-08T02:10:16.398171,2026-07-08T02:10:16.409445+00:00,134.3,200,bid,,,11568797
2026-07-08T02:10:19.838635,2026-07-08T02:10:19.845449+00:00,134.2,200,ask,,,11568843
2026-07-08T02:10:20.032573,2026-07-08T02:10:20.041981+00:00,134.2,200,bid,,,11568847
2026-07-08T02:10:21.243717,2026-07-08T02:10:21.251017+00:00,134.2,200,bid,,,11568865
2026-07-08T02:10:21.453396,2026-07-08T02:10:21.457614+00:00,134.0,57,ask,,,11568867
2026-07-08T02:10:21.564101,2026-07-08T02:10:21.572231+00:00,134.2,20,bid,,,11568869
2026-07-08T02:10:21.571094,2026-07-08T02:10:21.582440+00:00,134.0,17,ask,,,11568870
2026-07-08T02:10:21.948950,2026-07-08T02:10:21.960506+00:00,134.0,3,ask,,,11568880
2026-07-08T02:10:22.367019,2026-07-08T02:10:22.370963+00:00,134.1,11,ask,,,11568883
2026-07-08T02:10:22.982244,2026-07-08T02:10:22.987162+00:00,134.2,6,ask,,,11568893
2026-07-08T02:10:23.102901,2026-07-08T02:10:23.106937+00:00,134.3,17,bid,,,11568898
2026-07-08T02:10:23.181768,2026-07-08T02:10:23.192677+00:00,134.3,20,bid,,,11568901
2026-07-08T02:10:23.806832,2026-07-08T02:10:23.814856+00:00,134.2,500,ask,,,11568907
2026-07-08T02:10:23.806832,2026-07-08T02:10:23.814856+00:00,134.2,125,ask,,,11568908
2026-07-08T02:10:25.115446,2026-07-08T02:10:25.124977+00:00,134.3,200,bid,,,11568924
2026-07-08T02:10:26.084385,2026-07-08T02:10:26.092800+00:00,134.5,200,ask,,,11568931
2026-07-08T02:10:26.564284,2026-07-08T02:10:26.574261+00:00,134.4,500,bid,,,11568940
2026-07-08T02:10:27.182585,2026-07-08T02:10:27.193313+00:00,134.4,125,bid,,,11568950
2026-07-08T02:10:29.043957,2026-07-08T02:10:29.051261+00:00,134.6,200,bid,,,11568975
2026-07-08T02:10:29.724301,2026-07-08T02:10:29.735935+00:00,134.6,200,ask,,,11568985
2026-07-08T02:10:30.935482,2026-07-08T02:10:30.946052+00:00,134.6,200,bid,,,11568993
2026-07-08T02:10:32.144447,2026-07-08T02:10:32.158657+00:00,134.6,200,bid,,,11569012
2026-07-08T02:10:33.249235,2026-07-08T02:10:33.258703+00:00,134.6,500,bid,,,11569026
2026-07-08T02:10:33.353366,2026-07-08T02:10:33.357788+00:00,134.6,125,bid,,,11569031
2026-07-08T02:10:34.565544,2026-07-08T02:10:34.574685+00:00,134.7,200,ask,,,11569050
2026-07-08T02:10:35.775834,2026-07-08T02:10:35.780077+00:00,134.8,12,bid,,,11569070
2026-07-08T02:10:35.780566,2026-07-08T02:10:35.795666+00:00,134.6,200,ask,,,11569071
2026-07-08T02:10:36.945624,2026-07-08T02:10:36.950167+00:00,134.6,22,bid,,,11569092
2026-07-08T02:10:37.014383,2026-07-08T02:10:37.025833+00:00,134.6,20,bid,,,11569095
2026-07-08T02:10:37.470975,2026-07-08T02:10:37.479601+00:00,134.6,500,bid,,,11569100
2026-07-08T02:10:39.546402,2026-07-08T02:10:39.555923+00:00,134.7,200,bid,,,11569129
2026-07-08T02:10:39.565645,2026-07-08T02:10:39.570750+00:00,134.8,11,ask,,,11569131
2026-07-08T02:10:40.082486,2026-07-08T02:10:40.092283+00:00,134.8,20,ask,,,11569139
2026-07-08T02:10:40.438245,2026-07-08T02:10:40.442436+00:00,135.0,34,bid,,,11569150
2026-07-08T02:10:40.535563,2026-07-08T02:10:40.542296+00:00,135.0,5,bid,,,11569151
2026-07-08T02:10:40.638077,2026-07-08T02:10:40.649863+00:00,134.8,200,ask,,,11569156
2026-07-08T02:10:40.866500,2026-07-08T02:10:40.873463+00:00,134.8,5,ask,,,11569157
2026-07-08T02:10:40.886246,2026-07-08T02:10:40.890284+00:00,134.7,23,bid,,,11569160
2026-07-08T02:10:41.067850,2026-07-08T02:10:41.076316+00:00,134.5,10,ask,,,11569161
2026-07-08T02:10:44.816388,2026-07-08T02:10:44.820751+00:00,134.6,11,ask,,,11569215
2026-07-08T02:10:46.559411,2026-07-08T02:10:46.568906+00:00,134.7,20,bid,,,11569238
2026-07-08T02:10:47.428366,2026-07-08T02:10:47.437441+00:00,134.5,200,ask,,,11569254
2026-07-08T02:10:51.530856,2026-07-08T02:10:51.538119+00:00,134.6,200,ask,,,11569291
2026-07-08T02:10:52.737388,2026-07-08T02:10:52.746368+00:00,134.7,200,bid,,,11569304
2026-07-08T02:10:53.045047,2026-07-08T02:10:53.049715+00:00,134.7,11,bid,,,11569307
2026-07-08T02:10:53.947090,2026-07-08T02:10:53.958544+00:00,134.7,200,bid,,,11569322
2026-07-08T02:10:55.303560,2026-07-08T02:10:55.313106+00:00,134.8,200,bid,,,11569337
2026-07-08T02:10:55.926838,2026-07-08T02:10:55.937274+00:00,135.0,20,bid,,,11569343
2026-07-08T02:10:57.928690,2026-07-08T02:10:57.939154+00:00,134.8,200,bid,,,11569364
2026-07-08T02:10:58.288316,2026-07-08T02:10:58.299790+00:00,135.1,20,bid,,,11569371
2026-07-08T02:11:01.202279,2026-07-08T02:11:01.209566+00:00,135.0,200,bid,,,11569403
2026-07-08T02:11:02.412556,2026-07-08T02:11:02.421494+00:00,135.1,200,bid,,,11569412
2026-07-08T02:11:04.830097,2026-07-08T02:11:04.839741+00:00,135.1,200,bid,,,11569445
2026-07-08T02:11:06.038278,2026-07-08T02:11:06.047488+00:00,135.0,200,bid,,,11569458
2026-07-08T02:11:07.460959,2026-07-08T02:11:07.472504+00:00,134.9,20,ask,,,11569470
2026-07-08T02:11:08.457822,2026-07-08T02:11:08.465582+00:00,135.1,200,bid,,,11569492
2026-07-08T02:11:09.746993,2026-07-08T02:11:09.754889+00:00,135.1,200,bid,,,11569510
2026-07-08T02:11:09.773616,2026-07-08T02:11:09.777906+00:00,135.1,11,ask,,,11569514
2026-07-08T02:11:12.377589,2026-07-08T02:11:12.383916+00:00,135.2,200,ask,,,11569550
2026-07-08T02:11:12.520349,2026-07-08T02:11:12.532279+00:00,135.2,20,bid,,,11569552
2026-07-08T02:11:15.031650,2026-07-08T02:11:15.042346+00:00,135.1,200,ask,,,11569578
2026-07-08T02:11:15.189681,2026-07-08T02:11:15.200959+00:00,135.1,20,bid,,,11569583
2026-07-08T02:11:17.606085,2026-07-08T02:11:17.617792+00:00,135.1,20,bid,,,11569616
2026-07-08T02:11:17.961480,2026-07-08T02:11:17.968300+00:00,134.9,20,ask,,,11569620
2026-07-08T02:11:18.139514,2026-07-08T02:11:18.144157+00:00,135.0,11,bid,,,11569625
2026-07-08T02:11:18.964488,2026-07-08T02:11:18.975794+00:00,135.0,189,bid,,,11569639
2026-07-08T02:11:19.447485,2026-07-08T02:11:19.458586+00:00,135.0,20,ask,,,11569642
2026-07-08T02:11:21.585699,2026-07-08T02:11:21.592591+00:00,135.1,200,bid,,,11569661
2026-07-08T02:11:24.197698,2026-07-08T02:11:24.208953+00:00,135.2,5,bid,,,11569700
2026-07-08T02:11:25.267341,2026-07-08T02:11:25.278416+00:00,135.1,5,ask,,,11569715
2026-07-08T02:11:26.610111,2026-07-08T02:11:26.617445+00:00,135.2,200,bid,,,11569737
2026-07-08T02:11:27.861056,2026-07-08T02:11:27.865175+00:00,135.2,3,bid,,,11569759
2026-07-08T02:11:27.866084,2026-07-08T02:11:27.880773+00:00,135.2,5,bid,,,11569760
2026-07-08T02:11:27.870820,2026-07-08T02:11:27.880773+00:00,135.2,5,bid,,,11569761
2026-07-08T02:11:27.880629,2026-07-08T02:11:27.891179+00:00,135.2,20,bid,,,11569762
2026-07-08T02:11:28.144480,2026-07-08T02:11:28.158610+00:00,135.2,20,bid,,,11569767
2026-07-08T02:11:28.396421,2026-07-08T02:11:28.404566+00:00,135.0,5,ask,,,11569771
2026-07-08T02:11:28.410798,2026-07-08T02:11:28.420213+00:00,135.2,14,bid,,,11569772
2026-07-08T02:11:28.926465,2026-07-08T02:11:28.933866+00:00,135.2,5,bid,,,11569785
2026-07-08T02:11:30.101187,2026-07-08T02:11:30.109356+00:00,135.1,5,ask,,,11569797
2026-07-08T02:11:30.511328,2026-07-08T02:11:30.521868+00:00,135.1,5,ask,,,11569801
2026-07-08T02:11:30.775865,2026-07-08T02:11:30.785080+00:00,135.2,5,ask,,,11569804
2026-07-08T02:11:31.041983,2026-07-08T02:11:31.050172+00:00,135.1,5,ask,,,11569807
2026-07-08T02:11:31.047274,2026-07-08T02:11:31.058543+00:00,135.2,5,bid,,,11569808
2026-07-08T02:11:31.076871,2026-07-08T02:11:31.080896+00:00,135.1,3,ask,,,11569812
2026-07-08T02:11:31.573567,2026-07-08T02:11:31.589555+00:00,135.1,5,ask,,,11569819
2026-07-08T02:11:31.583460,2026-07-08T02:11:31.594827+00:00,135.1,10,ask,,,11569821
2026-07-08T02:11:33.138158,2026-07-08T02:11:33.148128+00:00,135.2,5,bid,,,11569836
2026-07-08T02:11:33.908967,2026-07-08T02:11:33.916074+00:00,135.2,200,bid,,,11569845
2026-07-08T02:11:34.197194,2026-07-08T02:11:34.208490+00:00,134.9,5,ask,,,11569851
2026-07-08T02:11:35.234001,2026-07-08T02:11:35.244411+00:00,135.2,5,bid,,,11569861
2026-07-08T02:11:36.832135,2026-07-08T02:11:36.858179+00:00,135.1,5,ask,,,11569885
2026-07-08T02:11:36.849971,2026-07-08T02:11:36.858179+00:00,135.0,5,ask,,,11569887
2026-07-08T02:11:36.853400,2026-07-08T02:11:36.858179+00:00,135.1,3,bid,,,11569888
2026-07-08T02:11:37.356711,2026-07-08T02:11:37.358580+00:00,135.1,492,bid,,,11569893
2026-07-08T02:11:37.356711,2026-07-08T02:11:37.370590+00:00,135.2,133,bid,,,11569894
2026-07-08T02:11:37.411069,2026-07-08T02:11:37.419769+00:00,135.2,5,bid,,,11569896
2026-07-08T02:11:37.538005,2026-07-08T02:11:37.546949+00:00,135.2,200,bid,,,11569901
2026-07-08T02:11:38.745307,2026-07-08T02:11:38.768668+00:00,135.2,5,bid,,,11569920
2026-07-08T02:11:38.764534,2026-07-08T02:11:38.768668+00:00,135.2,3,ask,,,11569922
2026-07-08T02:11:39.024333,2026-07-08T02:11:39.028914+00:00,135.3,3,bid,,,11569927
2026-07-08T02:11:39.044557,2026-07-08T02:11:39.054693+00:00,135.3,10,bid,,,11569928
2026-07-08T02:11:39.237752,2026-07-08T02:11:39.247243+00:00,135.2,192,ask,,,11569932
2026-07-08T02:11:39.237752,2026-07-08T02:11:39.247243+00:00,135.2,5,ask,,,11569933
2026-07-08T02:11:39.390720,2026-07-08T02:11:39.402084+00:00,135.2,20,bid,,,11569938
2026-07-08T02:11:39.430521,2026-07-08T02:11:39.439809+00:00,135.2,10,bid,,,11569939
2026-07-08T02:11:39.590286,2026-07-08T02:11:39.600710+00:00,135.2,5,bid,,,11569946
2026-07-08T02:11:41.162311,2026-07-08T02:11:41.168721+00:00,135.2,5,ask,,,11569959
2026-07-08T02:11:41.285858,2026-07-08T02:11:41.294855+00:00,135.1,195,bid,,,11569964
2026-07-08T02:11:41.708876,2026-07-08T02:11:41.720259+00:00,135.3,5,bid,,,11569966
2026-07-08T02:11:42.370055,2026-07-08T02:11:42.380326+00:00,135.1,200,ask,,,11569975
2026-07-08T02:11:42.599160,2026-07-08T02:11:42.608296+00:00,135.1,5,ask,,,11569978
2026-07-08T02:11:42.773304,2026-07-08T02:11:42.781954+00:00,135.0,5,bid,,,11569979
2026-07-08T02:11:43.303204,2026-07-08T02:11:43.312493+00:00,134.9,5,ask,,,11569991
2026-07-08T02:11:43.309140,2026-07-08T02:11:43.317677+00:00,135.0,5,bid,,,11569992
2026-07-08T02:11:43.576299,2026-07-08T02:11:43.586153+00:00,135.0,200,bid,,,11570001
2026-07-08T02:11:43.834419,2026-07-08T02:11:43.842824+00:00,134.7,5,ask,,,11570009
2026-07-08T02:11:44.364369,2026-07-08T02:11:44.374966+00:00,134.8,40,ask,,,11570016
2026-07-08T02:11:44.783432,2026-07-08T02:11:44.793234+00:00,135.0,200,bid,,,11570021
2026-07-08T02:11:45.991387,2026-07-08T02:11:46.002700+00:00,135.0,200,bid,,,11570038
2026-07-08T02:11:46.973005,2026-07-08T02:11:46.979489+00:00,135.1,5,bid,,,11570050
2026-07-08T02:11:48.417607,2026-07-08T02:11:48.426547+00:00,135.1,200,bid,,,11570078
2026-07-08T02:11:48.561841,2026-07-08T02:11:48.577734+00:00,134.9,5,ask,,,11570081
2026-07-08T02:11:50.471058,2026-07-08T02:11:50.477568+00:00,135.1,200,bid,,,11570098
2026-07-08T02:11:50.488973,2026-07-08T02:11:50.493209+00:00,135.2,3,ask,,,11570100
2026-07-08T02:11:50.838916,2026-07-08T02:11:50.845996+00:00,135.2,200,ask,,,11570106
2026-07-08T02:11:51.563276,2026-07-08T02:11:51.575068+00:00,135.3,20,bid,,,11570115
2026-07-08T02:11:53.172338,2026-07-08T02:11:53.184035+00:00,135.1,20,ask,,,11570144
2026-07-08T02:11:54.405880,2026-07-08T02:11:54.414024+00:00,135.1,200,ask,,,11570166
2026-07-08T02:11:55.672406,2026-07-08T02:11:55.680474+00:00,135.1,200,bid,,,11570185
2026-07-08T02:11:56.881924,2026-07-08T02:11:56.892175+00:00,135.1,200,ask,,,11570203
2026-07-08T02:11:58.092857,2026-07-08T02:11:58.103771+00:00,135.1,200,ask,,,11570220
2026-07-08T02:11:59.304408,2026-07-08T02:11:59.311625+00:00,135.1,200,bid,,,11570240
2026-07-08T02:12:02.584961,2026-07-08T02:12:02.595960+00:00,134.9,10,ask,,,11570279
2026-07-08T02:12:03.595758,2026-07-08T02:12:03.600052+00:00,135.1,11,ask,,,11570297
2026-07-08T02:12:04.165754,2026-07-08T02:12:04.170069+00:00,135.2,12,ask,,,11570305
2026-07-08T02:12:06.559895,2026-07-08T02:12:06.570824+00:00,135.3,200,bid,,,11570330
2026-07-08T02:12:07.762165,2026-07-08T02:12:07.769833+00:00,135.4,20,bid,,,11570346
2026-07-08T02:12:09.112329,2026-07-08T02:12:09.116567+00:00,135.2,11,ask,,,11570368
2026-07-08T02:12:09.147580,2026-07-08T02:12:09.158021+00:00,135.2,20,ask,,,11570370
2026-07-08T02:12:09.537075,2026-07-08T02:12:09.548204+00:00,135.2,20,ask,,,11570374
2026-07-08T02:12:09.883641,2026-07-08T02:12:09.892901+00:00,135.2,20,ask,,,11570378
2026-07-08T02:12:10.229197,2026-07-08T02:12:10.241061+00:00,135.2,6,ask,,,11570383
2026-07-08T02:12:10.582644,2026-07-08T02:12:10.591630+00:00,135.2,3,ask,,,11570390
2026-07-08T02:12:12.224973,2026-07-08T02:12:12.229409+00:00,135.3,11,bid,,,11570419
2026-07-08T02:12:12.620043,2026-07-08T02:12:12.630516+00:00,135.3,200,bid,,,11570426
2026-07-08T02:12:12.807737,2026-07-08T02:12:12.812243+00:00,135.2,12,bid,,,11570430
2026-07-08T02:12:12.959325,2026-07-08T02:12:12.970976+00:00,135.2,20,bid,,,11570432
2026-07-08T02:12:13.227606,2026-07-08T02:12:13.239510+00:00,135.2,20,bid,,,11570443
2026-07-08T02:12:13.495721,2026-07-08T02:12:13.507465+00:00,135.2,20,bid,,,11570454
2026-07-08T02:12:13.526298,2026-07-08T02:12:13.534553+00:00,135.2,5,bid,,,11570456
2026-07-08T02:12:13.782943,2026-07-08T02:12:13.790343+00:00,135.2,19,bid,,,11570461
2026-07-08T02:12:13.795344,2026-07-08T02:12:13.805798+00:00,135.0,20,ask,,,11570462
2026-07-08T02:12:13.828243,2026-07-08T02:12:13.837569+00:00,135.2,200,bid,,,11570465
2026-07-08T02:12:14.059226,2026-07-08T02:12:14.067730+00:00,135.0,5,ask,,,11570470
2026-07-08T02:12:15.043582,2026-07-08T02:12:15.051672+00:00,135.3,200,ask,,,11570481
2026-07-08T02:12:15.308753,2026-07-08T02:12:15.318032+00:00,135.3,2,ask,,,11570486
2026-07-08T02:12:18.046389,2026-07-08T02:12:18.071588+00:00,135.3,200,bid,,,11570509
2026-07-08T02:12:18.066540,2026-07-08T02:12:18.071588+00:00,135.3,12,ask,,,11570511
2026-07-08T02:12:22.297160,2026-07-08T02:12:22.306638+00:00,135.3,200,bid,,,11570572
2026-07-08T02:12:23.304569,2026-07-08T02:12:23.308799+00:00,135.2,12,bid,,,11570592
2026-07-08T02:12:23.505360,2026-07-08T02:12:23.512575+00:00,135.2,200,bid,,,11570597
2026-07-08T02:12:24.619104,2026-07-08T02:12:24.623945+00:00,135.1,11,bid,,,11570614
2026-07-08T02:12:24.666673,2026-07-08T02:12:24.673770+00:00,135.1,114,bid,,,11570615
2026-07-08T02:12:25.938442,2026-07-08T02:12:25.947267+00:00,135.4,200,bid,,,11570636
2026-07-08T02:12:26.265482,2026-07-08T02:12:26.277400+00:00,135.4,20,bid,,,11570638
2026-07-08T02:12:27.145904,2026-07-08T02:12:27.146626+00:00,135.4,200,bid,,,11570648
2026-07-08T02:12:28.528548,2026-07-08T02:12:28.539753+00:00,135.4,200,ask,,,11570664
2026-07-08T02:12:29.613537,2026-07-08T02:12:29.622803+00:00,135.4,20,bid,,,11570677
2026-07-08T02:12:31.990511,2026-07-08T02:12:31.994744+00:00,135.5,11,ask,,,11570706
2026-07-08T02:12:32.223636,2026-07-08T02:12:32.231940+00:00,135.5,10,ask,,,11570713
2026-07-08T02:12:32.457855,2026-07-08T02:12:32.469644+00:00,135.5,179,ask,,,11570717
2026-07-08T02:12:36.942905,2026-07-08T02:12:36.958694+00:00,135.4,10,bid,,,11570767
2026-07-08T02:12:37.712616,2026-07-08T02:12:37.719691+00:00,135.4,190,bid,,,11570781
2026-07-08T02:12:39.038316,2026-07-08T02:12:39.048875+00:00,135.4,200,ask,,,11570795
2026-07-08T02:12:39.871048,2026-07-08T02:12:39.882588+00:00,135.4,20,bid,,,11570809
2026-07-08T02:12:41.686144,2026-07-08T02:12:41.695611+00:00,135.3,200,ask,,,11570831
2026-07-08T02:12:42.966782,2026-07-08T02:12:42.973912+00:00,135.3,5,ask,,,11570854
2026-07-08T02:12:42.984997,2026-07-08T02:12:42.989010+00:00,135.3,11,bid,,,11570856
2026-07-08T02:12:43.077460,2026-07-08T02:12:43.089225+00:00,135.3,2,bid,,,11570858
2026-07-08T02:12:43.130026,2026-07-08T02:12:43.141688+00:00,135.2,5,ask,,,11570860
2026-07-08T02:12:44.276936,2026-07-08T02:12:44.376205+00:00,135.2,200,ask,,,11570870
2026-07-08T02:12:44.276936,2026-07-08T02:12:44.376205+00:00,135.2,5,ask,,,11570871
2026-07-08T02:12:44.371593,2026-07-08T02:12:44.376205+00:00,135.2,3,bid,,,11570873
2026-07-08T02:12:44.699104,2026-07-08T02:12:44.705347+00:00,135.2,5,bid,,,11570876
2026-07-08T02:12:45.263964,2026-07-08T02:12:45.277079+00:00,135.2,5,bid,,,11570888
2026-07-08T02:12:45.796791,2026-07-08T02:12:45.808570+00:00,135.1,5,ask,,,11570900
2026-07-08T02:12:46.852345,2026-07-08T02:12:46.858621+00:00,135.3,5,bid,,,11570919
2026-07-08T02:12:47.914602,2026-07-08T02:12:47.922044+00:00,135.0,5,ask,,,11570934
2026-07-08T02:12:48.774472,2026-07-08T02:12:48.783714+00:00,135.2,20,bid,,,11570941
2026-07-08T02:12:48.970607,2026-07-08T02:12:48.979378+00:00,135.2,5,bid,,,11570947
2026-07-08T02:12:52.604684,2026-07-08T02:12:52.611927+00:00,135.1,200,ask,,,11570981
2026-07-08T02:12:54.287143,2026-07-08T02:12:54.298705+00:00,135.2,5,bid,,,11571003
2026-07-08T02:12:55.022966,2026-07-08T02:12:55.032859+00:00,135.1,200,ask,,,11571015
2026-07-08T02:12:55.343047,2026-07-08T02:12:55.353764+00:00,135.3,5,bid,,,11571023
2026-07-08T02:12:56.102438,2026-07-08T02:12:56.112891+00:00,135.2,5,ask,,,11571032
2026-07-08T02:12:56.233237,2026-07-08T02:12:56.240873+00:00,135.0,200,ask,,,11571034
2026-07-08T02:12:56.397485,2026-07-08T02:12:56.405995+00:00,135.0,5,ask,,,11571035
2026-07-08T02:12:57.415902,2026-07-08T02:12:57.426901+00:00,135.1,5,ask,,,11571049
2026-07-08T02:12:57.453275,2026-07-08T02:12:57.464607+00:00,134.9,5,ask,,,11571050
2026-07-08T02:12:59.581555,2026-07-08T02:12:59.589514+00:00,135.1,5,bid,,,11571072
2026-07-08T02:13:00.112587,2026-07-08T02:13:00.127221+00:00,135.1,5,bid,,,11571080
2026-07-08T02:13:00.640926,2026-07-08T02:13:00.648034+00:00,135.0,5,ask,,,11571086
2026-07-08T02:13:00.647276,2026-07-08T02:13:00.653079+00:00,135.1,5,bid,,,11571087
2026-07-08T02:13:01.174639,2026-07-08T02:13:01.185456+00:00,135.1,5,bid,,,11571093
2026-07-08T02:13:01.353636,2026-07-08T02:13:01.357567+00:00,135.1,495,bid,,,11571099
2026-07-08T02:13:01.353636,2026-07-08T02:13:01.357567+00:00,135.1,130,bid,,,11571100
2026-07-08T02:13:02.667379,2026-07-08T02:13:02.674654+00:00,135.0,5,ask,,,11571117
2026-07-08T02:13:02.667379,2026-07-08T02:13:02.679887+00:00,135.0,200,ask,,,11571118
2026-07-08T02:13:02.992178,2026-07-08T02:13:03.000905+00:00,134.9,10,bid,,,11571125
2026-07-08T02:13:03.481571,2026-07-08T02:13:03.493069+00:00,134.9,200,bid,,,11571138
2026-07-08T02:13:03.818218,2026-07-08T02:13:03.828720+00:00,134.9,5,bid,,,11571146
2026-07-08T02:13:03.826280,2026-07-08T02:13:03.833872+00:00,134.9,5,bid,,,11571148
2026-07-08T02:13:04.210670,2026-07-08T02:13:04.222226+00:00,134.8,5,ask,,,11571155
2026-07-08T02:13:04.475600,2026-07-08T02:13:04.483533+00:00,134.9,5,ask,,,11571163
2026-07-08T02:13:05.926008,2026-07-08T02:13:05.933616+00:00,135.0,5,bid,,,11571188
2026-07-08T02:13:06.120743,2026-07-08T02:13:06.125296+00:00,135.0,26,bid,,,11571193
2026-07-08T02:13:06.267020,2026-07-08T02:13:06.278959+00:00,135.0,19,bid,,,11571196
2026-07-08T02:13:06.476509,2026-07-08T02:13:06.484990+00:00,135.0,5,bid,,,11571202
2026-07-08T02:13:06.995244,2026-07-08T02:13:07.007112+00:00,134.9,20,ask,,,11571209
2026-07-08T02:13:07.533741,2026-07-08T02:13:07.544648+00:00,134.9,5,ask,,,11571223
2026-07-08T02:13:08.064744,2026-07-08T02:13:08.071660+00:00,135.0,5,bid,,,11571232
2026-07-08T02:13:08.326670,2026-07-08T02:13:08.335834+00:00,134.9,200,ask,,,11571235
2026-07-08T02:13:08.628471,2026-07-08T02:13:08.632820+00:00,135.0,5,ask,,,11571241
2026-07-08T02:13:09.152927,2026-07-08T02:13:09.157126+00:00,135.0,5,ask,,,11571249
2026-07-08T02:13:09.657298,2026-07-08T02:13:09.664142+00:00,134.9,40,bid,,,11571255
2026-07-08T02:13:09.661871,2026-07-08T02:13:09.669310+00:00,134.9,5,bid,,,11571256
2026-07-08T02:13:10.193566,2026-07-08T02:13:10.204588+00:00,134.9,12,bid,,,11571267
2026-07-08T02:13:10.228159,2026-07-08T02:13:10.232980+00:00,134.8,2,ask,,,11571269
2026-07-08T02:13:10.731531,2026-07-08T02:13:10.736840+00:00,134.9,5,bid,,,11571276
2026-07-08T02:13:10.744510,2026-07-08T02:13:10.752885+00:00,134.8,200,ask,,,11571277
2026-07-08T02:13:11.266051,2026-07-08T02:13:11.274948+00:00,135.1,5,bid,,,11571288
2026-07-08T02:13:11.843785,2026-07-08T02:13:11.858578+00:00,134.9,5,ask,,,11571294
2026-07-08T02:13:12.452533,2026-07-08T02:13:12.456610+00:00,134.9,12,bid,,,11571314
2026-07-08T02:13:12.480369,2026-07-08T02:13:12.490120+00:00,134.9,10,bid,,,11571317
2026-07-08T02:13:12.526644,2026-07-08T02:13:12.533161+00:00,134.9,20,bid,,,11571318
2026-07-08T02:13:12.890942,2026-07-08T02:13:12.899384+00:00,134.9,28,bid,,,11571322
2026-07-08T02:13:12.895792,2026-07-08T02:13:12.904399+00:00,134.9,5,bid,,,11571323
2026-07-08T02:13:12.908230,2026-07-08T02:13:12.920215+00:00,134.9,20,bid,,,11571324
2026-07-08T02:13:12.939288,2026-07-08T02:13:12.950843+00:00,134.8,20,ask,,,11571326
2026-07-08T02:13:13.163973,2026-07-08T02:13:13.174027+00:00,134.8,200,bid,,,11571328
2026-07-08T02:13:15.581274,2026-07-08T02:13:15.587620+00:00,134.7,200,ask,,,11571357
2026-07-08T02:13:15.640969,2026-07-08T02:13:15.650007+00:00,134.9,10,bid,,,11571359
2026-07-08T02:13:16.502232,2026-07-08T02:13:16.508737+00:00,134.5,5,ask,,,11571372
2026-07-08T02:13:18.091976,2026-07-08T02:13:18.099296+00:00,134.5,5,ask,,,11571388
2026-07-08T02:13:18.776642,2026-07-08T02:13:18.780854+00:00,134.5,26,ask,,,11571394
2026-07-08T02:13:19.073130,2026-07-08T02:13:19.080257+00:00,134.5,19,ask,,,11571403
2026-07-08T02:13:19.173339,2026-07-08T02:13:19.184632+00:00,134.5,5,ask,,,11571405
2026-07-08T02:13:19.184046,2026-07-08T02:13:19.195074+00:00,134.5,5,ask,,,11571406
2026-07-08T02:13:19.711577,2026-07-08T02:13:19.722904+00:00,134.6,5,bid,,,11571407
2026-07-08T02:13:19.723494,2026-07-08T02:13:19.733284+00:00,134.5,5,ask,,,11571408
2026-07-08T02:13:20.545326,2026-07-08T02:13:20.551803+00:00,134.5,20,ask,,,11571420
2026-07-08T02:13:20.751581,2026-07-08T02:13:20.755197+00:00,134.6,5,bid,,,11571423
2026-07-08T02:13:20.808625,2026-07-08T02:13:20.820013+00:00,134.5,20,ask,,,11571426
2026-07-08T02:13:22.306139,2026-07-08T02:13:22.313321+00:00,134.6,5,bid,,,11571447
2026-07-08T02:13:22.354564,2026-07-08T02:13:22.359179+00:00,134.6,2,bid,,,11571449
2026-07-08T02:13:22.360200,2026-07-08T02:13:22.364255+00:00,134.6,1,bid,,,11571450
2026-07-08T02:13:22.879172,2026-07-08T02:13:22.890670+00:00,134.6,10,bid,,,11571458
2026-07-08T02:13:24.955753,2026-07-08T02:13:24.958535+00:00,134.6,500,ask,,,11571496
2026-07-08T02:13:25.210807,2026-07-08T02:13:25.222512+00:00,134.6,125,bid,,,11571499
2026-07-08T02:13:25.210807,2026-07-08T02:13:25.222512+00:00,134.6,5,bid,,,11571500
2026-07-08T02:13:25.210807,2026-07-08T02:13:25.222512+00:00,134.7,200,bid,,,11571501
2026-07-08T02:13:25.247936,2026-07-08T02:13:25.252836+00:00,134.7,3,ask,,,11571503
2026-07-08T02:13:25.278554,2026-07-08T02:13:25.289047+00:00,134.7,167,ask,,,11571504
2026-07-08T02:13:25.645212,2026-07-08T02:13:25.658545+00:00,134.5,10,ask,,,11571515
2026-07-08T02:13:25.812917,2026-07-08T02:13:25.820601+00:00,134.6,5,bid,,,11571518
2026-07-08T02:13:26.059239,2026-07-08T02:13:26.070807+00:00,134.6,5,ask,,,11571521
2026-07-08T02:13:26.262923,2026-07-08T02:13:26.271404+00:00,134.7,33,bid,,,11571523
2026-07-08T02:13:26.489094,2026-07-08T02:13:26.499199+00:00,134.9,200,ask,,,11571527
2026-07-08T02:13:26.581044,2026-07-08T02:13:26.588666+00:00,134.9,100,ask,,,11571528
2026-07-08T02:13:26.604298,2026-07-08T02:13:26.614608+00:00,134.9,5,ask,,,11571532
2026-07-08T02:13:27.074917,2026-07-08T02:13:27.086718+00:00,135.1,10,bid,,,11571542
2026-07-08T02:13:27.125170,2026-07-08T02:13:27.135157+00:00,135.1,10,bid,,,11571543
2026-07-08T02:13:27.578906,2026-07-08T02:13:27.602385+00:00,135.0,5,ask,,,11571546
