timestamp,recv_time,price,volume,aggressor_side,buyer,seller,trade_id
2026-07-10T06:00:03.316836,2026-07-10T06:00:03.358715+00:00,107.0,4,bid,WavyWalnuts,Xinhong Shan,14899508
2026-07-10T06:00:03.316836,2026-07-10T06:00:03.358715+00:00,107.1,196,bid,WavyWalnuts,YieldingYams,14899509
2026-07-10T06:00:03.794107,2026-07-10T06:00:03.799325+00:00,107.0,3,ask,AverageAlmonds,Xuanyu Liu,14899523
2026-07-10T06:00:04.463622,2026-07-10T06:00:04.474477+00:00,107.0,12,ask,YieldingYams,Zhangyue Shen,14899540
2026-07-10T06:00:04.571100,2026-07-10T06:00:04.575754+00:00,107.1,11,ask,WavyWalnuts,Xuanyu Liu,14899543
2026-07-10T06:00:05.354648,2026-07-10T06:00:05.359464+00:00,107.2,12,ask,YieldingYams,Zhangyue Shen,14899560
2026-07-10T06:00:05.490074,2026-07-10T06:00:05.484128+00:00,107.2,12,ask,YieldingYams,Xuanyu Liu,14899570
2026-07-10T06:00:05.762082,2026-07-10T06:00:05.769305+00:00,107.2,200,ask,YieldingYams,WavyWalnuts,14899577
2026-07-10T06:00:05.867293,2026-07-10T06:00:05.874273+00:00,107.3,2,bid,Xuanyu Liu,Kelvin Chan,14899579
2026-07-10T06:00:05.867293,2026-07-10T06:00:05.874273+00:00,107.4,10,bid,Xuanyu Liu,YieldingYams,14899580
2026-07-10T06:00:05.946782,2026-07-10T06:00:05.969230+00:00,107.2,20,ask,YieldingYams,BrilliantBurritos,14899587
2026-07-10T06:00:06.005454,2026-07-10T06:00:06.014206+00:00,107.4,12,bid,Zhangyue Shen,YieldingYams,14899588
2026-07-10T06:00:06.628709,2026-07-10T06:00:06.664347+00:00,107.2,4,ask,Xinhong Shan,YieldingYams,14899600
2026-07-10T06:00:06.806064,2026-07-10T06:00:06.819281+00:00,107.0,12,ask,WavyWalnuts,Zhangyue Shen,14899605
2026-07-10T06:00:07.586049,2026-07-10T06:00:07.663757+00:00,107.2,12,bid,Zhangyue Shen,YieldingYams,14899622
2026-07-10T06:00:07.944648,2026-07-10T06:00:07.964697+00:00,107.2,200,bid,YieldingYams,WavyWalnuts,14899629
2026-07-10T06:00:07.944648,2026-07-10T06:00:07.964697+00:00,107.2,4,bid,YieldingYams,Xinhong Shan,14899630
2026-07-10T06:00:08.095651,2026-07-10T06:00:08.103420+00:00,107.2,12,ask,YieldingYams,Zhangyue Shen,14899638
2026-07-10T06:00:08.190676,2026-07-10T06:00:08.201088+00:00,107.3,1,bid,WavyWalnuts,Kelvin Chan,14899640
2026-07-10T06:00:08.873485,2026-07-10T06:00:08.885342+00:00,107.4,12,bid,Zhangyue Shen,YieldingYams,14899653
2026-07-10T06:00:09.270190,2026-07-10T06:00:09.279489+00:00,107.3,199,ask,WavyWalnuts,YieldingYams,14899660
2026-07-10T06:00:09.270190,2026-07-10T06:00:09.279489+00:00,107.3,4,ask,Xinhong Shan,YieldingYams,14899661
2026-07-10T06:00:09.402476,2026-07-10T06:00:09.458725+00:00,107.3,200,bid,WavyWalnuts,YieldingYams,14899669
2026-07-10T06:00:10.582333,2026-07-10T06:00:10.589771+00:00,107.2,1,bid,YieldingYams,Kelvin Chan,14899684
2026-07-10T06:00:10.582333,2026-07-10T06:00:10.595074+00:00,107.2,4,bid,YieldingYams,Xinhong Shan,14899685
2026-07-10T06:00:10.613385,2026-07-10T06:00:10.658640+00:00,107.3,200,ask,YieldingYams,WavyWalnuts,14899686
2026-07-10T06:00:11.826999,2026-07-10T06:00:11.858953+00:00,107.3,200,ask,YieldingYams,WavyWalnuts,14899716
2026-07-10T06:00:13.042332,2026-07-10T06:00:13.064337+00:00,107.3,4,ask,Xinhong Shan,WavyWalnuts,14899732
2026-07-10T06:00:13.042332,2026-07-10T06:00:13.064337+00:00,107.2,196,ask,YieldingYams,WavyWalnuts,14899733
2026-07-10T06:00:15.153944,2026-07-10T06:00:15.158723+00:00,107.2,12,ask,YieldingYams,Zhangyue Shen,14899779
2026-07-10T06:00:15.886968,2026-07-10T06:00:15.895523+00:00,107.3,4,bid,YieldingYams,Xinhong Shan,14899794
2026-07-10T06:00:16.166381,2026-07-10T06:00:16.177433+00:00,107.4,5,bid,BrilliantBurritos,Kelvin Chan,14899802
2026-07-10T06:00:16.166381,2026-07-10T06:00:16.177433+00:00,107.4,15,bid,BrilliantBurritos,WavyWalnuts,14899803
2026-07-10T06:00:17.201728,2026-07-10T06:00:17.263674+00:00,107.4,3,bid,YieldingYams,Kelvin Chan,14899818
2026-07-10T06:00:17.201728,2026-07-10T06:00:17.263674+00:00,107.4,4,bid,YieldingYams,Xinhong Shan,14899819
2026-07-10T06:00:17.201728,2026-07-10T06:00:17.263674+00:00,107.5,200,bid,YieldingYams,WavyWalnuts,14899820
2026-07-10T06:00:19.002226,2026-07-10T06:00:19.063650+00:00,107.6,1,bid,Zhangyue Shen,Kelvin Chan,14899855
2026-07-10T06:00:19.002226,2026-07-10T06:00:19.063650+00:00,107.6,11,bid,Zhangyue Shen,YieldingYams,14899856
2026-07-10T06:00:19.096892,2026-07-10T06:00:19.108020+00:00,107.6,200,bid,WavyWalnuts,YieldingYams,14899859
2026-07-10T06:00:19.849435,2026-07-10T06:00:19.863703+00:00,107.5,5,bid,Xinhong Shan,YieldingYams,14899879
2026-07-10T06:00:20.306495,2026-07-10T06:00:20.311657+00:00,107.5,200,bid,WavyWalnuts,YieldingYams,14899884
2026-07-10T06:00:21.147110,2026-07-10T06:00:21.164106+00:00,107.5,4,bid,YieldingYams,Xinhong Shan,14899895
2026-07-10T06:00:21.530659,2026-07-10T06:00:21.558652+00:00,107.5,200,ask,YieldingYams,WavyWalnuts,14899904
2026-07-10T06:00:25.194252,2026-07-10T06:00:25.202080+00:00,107.5,4,ask,Xinhong Shan,WavyWalnuts,14899974
2026-07-10T06:00:25.194252,2026-07-10T06:00:25.207555+00:00,107.4,196,ask,YieldingYams,WavyWalnuts,14899975
2026-07-10T06:00:25.818674,2026-07-10T06:00:25.827647+00:00,107.4,12,ask,YieldingYams,Zhangyue Shen,14899996
2026-07-10T06:00:26.414370,2026-07-10T06:00:26.422981+00:00,107.4,4,ask,Xinhong Shan,WavyWalnuts,14900012
2026-07-10T06:00:26.414370,2026-07-10T06:00:26.428195+00:00,107.4,196,ask,YieldingYams,WavyWalnuts,14900013
2026-07-10T06:00:27.625965,2026-07-10T06:00:27.664437+00:00,107.4,200,ask,YieldingYams,WavyWalnuts,14900046
2026-07-10T06:00:28.576889,2026-07-10T06:00:28.585297+00:00,107.4,4,ask,Xinhong Shan,AverageAlmonds,14900066
2026-07-10T06:00:29.033872,2026-07-10T06:00:29.068761+00:00,107.4,496,bid,YieldingYams,AverageAlmonds,14900092
2026-07-10T06:00:29.174217,2026-07-10T06:00:29.185164+00:00,107.4,129,ask,YieldingYams,AverageAlmonds,14900093
2026-07-10T06:00:29.174217,2026-07-10T06:00:29.185164+00:00,107.3,200,ask,WavyWalnuts,AverageAlmonds,14900094
2026-07-10T06:00:29.207339,2026-07-10T06:00:29.216446+00:00,107.3,4,bid,Xinhong Shan,AverageAlmonds,14900097
2026-07-10T06:00:29.728453,2026-07-10T06:00:29.764091+00:00,106.7,20,ask,AverageAlmonds,BrilliantBurritos,14900103
2026-07-10T06:00:31.025358,2026-07-10T06:00:31.064304+00:00,107.2,10,ask,Kelvin Chan,AverageAlmonds,14900124
2026-07-10T06:00:31.025358,2026-07-10T06:00:31.064304+00:00,107.2,4,ask,Xinhong Shan,AverageAlmonds,14900125
2026-07-10T06:00:31.884571,2026-07-10T06:00:31.896968+00:00,107.1,20,ask,WavyWalnuts,BrilliantBurritos,14900140
2026-07-10T06:00:32.480911,2026-07-10T06:00:32.569458+00:00,107.2,200,bid,WavyWalnuts,YieldingYams,14900156
2026-07-10T06:00:32.998429,2026-07-10T06:00:33.005723+00:00,107.2,4,bid,YieldingYams,Xinhong Shan,14900167
2026-07-10T06:00:33.695416,2026-07-10T06:00:33.707082+00:00,107.2,200,ask,YieldingYams,WavyWalnuts,14900177
2026-07-10T06:00:33.916519,2026-07-10T06:00:33.958706+00:00,107.2,12,ask,YieldingYams,Zhangyue Shen,14900182
2026-07-10T06:00:34.298305,2026-07-10T06:00:34.305116+00:00,107.3,4,bid,Xuanyu Liu,Xinhong Shan,14900188
2026-07-10T06:00:34.298305,2026-07-10T06:00:34.305116+00:00,107.3,7,bid,Xuanyu Liu,AverageAlmonds,14900189
2026-07-10T06:00:34.423322,2026-07-10T06:00:34.458705+00:00,107.3,12,bid,Zhangyue Shen,AverageAlmonds,14900191
2026-07-10T06:00:34.908464,2026-07-10T06:00:34.973993+00:00,107.2,4,ask,Xinhong Shan,WavyWalnuts,14900196
2026-07-10T06:00:34.968692,2026-07-10T06:00:34.973993+00:00,107.2,3,bid,Xuanyu Liu,WavyWalnuts,14900198
2026-07-10T06:00:35.691374,2026-07-10T06:00:35.703427+00:00,107.2,12,bid,Zhangyue Shen,WavyWalnuts,14900204
2026-07-10T06:00:36.126183,2026-07-10T06:00:36.126948+00:00,107.1,4,ask,Xinhong Shan,WavyWalnuts,14900216
2026-07-10T06:00:37.206779,2026-07-10T06:00:37.217850+00:00,107.1,3,bid,Zhangyue Shen,WavyWalnuts,14900229
2026-07-10T06:00:37.572810,2026-07-10T06:00:37.577906+00:00,107.0,3,ask,Xinhong Shan,Xuanyu Liu,14900237
2026-07-10T06:00:39.269329,2026-07-10T06:00:39.281700+00:00,107.0,12,ask,YieldingYams,Zhangyue Shen,14900272
2026-07-10T06:00:40.790102,2026-07-10T06:00:40.802562+00:00,107.1,4,bid,Zhangyue Shen,Xinhong Shan,14900296
2026-07-10T06:00:40.976076,2026-07-10T06:00:40.986434+00:00,107.0,4,ask,Xinhong Shan,WavyWalnuts,14900302
2026-07-10T06:00:41.047223,2026-07-10T06:00:41.064151+00:00,107.0,8,bid,Zhangyue Shen,WavyWalnuts,14900305
2026-07-10T06:00:42.275231,2026-07-10T06:00:42.284468+00:00,107.0,4,bid,YieldingYams,Xinhong Shan,14900329
2026-07-10T06:00:42.275231,2026-07-10T06:00:42.284468+00:00,107.0,200,bid,YieldingYams,WavyWalnuts,14900330
2026-07-10T06:00:42.595762,2026-07-10T06:00:42.669473+00:00,107.2,9,bid,Zhangyue Shen,Kelvin Chan,14900340
2026-07-10T06:00:43.465945,2026-07-10T06:00:43.470683+00:00,107.1,3,bid,Xuanyu Liu,WavyWalnuts,14900358
2026-07-10T06:00:46.438517,2026-07-10T06:00:46.458647+00:00,107.0,4,ask,Xinhong Shan,BrilliantBurritos,14900415
2026-07-10T06:00:50.685737,2026-07-10T06:00:50.693060+00:00,107.0,4,bid,WavyWalnuts,Xinhong Shan,14900477
2026-07-10T06:00:50.685737,2026-07-10T06:00:50.698330+00:00,107.0,196,bid,WavyWalnuts,YieldingYams,14900478
2026-07-10T06:00:51.486479,2026-07-10T06:00:51.510101+00:00,107.0,4,bid,YieldingYams,Xinhong Shan,14900491
2026-07-10T06:00:51.505152,2026-07-10T06:00:51.510101+00:00,107.1,14,ask,YieldingYams,Xuanyu Liu,14900493
2026-07-10T06:00:51.909213,2026-07-10T06:00:51.905911+00:00,107.1,200,ask,YieldingYams,WavyWalnuts,14900512
2026-07-10T06:00:52.583317,2026-07-10T06:00:52.659440+00:00,107.1,20,ask,YieldingYams,BrilliantBurritos,14900515
2026-07-10T06:00:52.861667,2026-07-10T06:00:52.870038+00:00,107.1,4,ask,Xinhong Shan,YieldingYams,14900526
2026-07-10T06:00:56.487619,2026-07-10T06:00:56.493520+00:00,107.0,4,bid,Xuanyu Liu,Xinhong Shan,14900597
2026-07-10T06:00:56.828745,2026-07-10T06:00:56.864786+00:00,107.1,200,bid,YieldingYams,WavyWalnuts,14900602
2026-07-10T06:00:58.159845,2026-07-10T06:00:58.169554+00:00,107.1,4,ask,Xinhong Shan,YieldingYams,14900631
2026-07-10T06:00:59.495421,2026-07-10T06:00:59.572242+00:00,107.0,200,ask,WavyWalnuts,YieldingYams,14900658
2026-07-10T06:00:59.495421,2026-07-10T06:00:59.572242+00:00,107.0,4,ask,Xinhong Shan,YieldingYams,14900659
2026-07-10T06:00:59.495421,2026-07-10T06:00:59.572242+00:00,107.0,421,ask,AverageAlmonds,YieldingYams,14900660
2026-07-10T06:01:00.398899,2026-07-10T06:01:00.407035+00:00,107.0,200,ask,AverageAlmonds,WavyWalnuts,14900676
2026-07-10T06:01:00.846229,2026-07-10T06:01:00.858672+00:00,107.1,4,bid,YieldingYams,Xinhong Shan,14900688
2026-07-10T06:01:01.615011,2026-07-10T06:01:01.622803+00:00,107.1,200,ask,YieldingYams,WavyWalnuts,14900700
2026-07-10T06:01:01.931862,2026-07-10T06:01:01.940970+00:00,107.1,20,ask,YieldingYams,BrilliantBurritos,14900709
2026-07-10T06:01:02.177473,2026-07-10T06:01:02.181076+00:00,107.1,4,ask,Xinhong Shan,YieldingYams,14900715
2026-07-10T06:01:02.177473,2026-07-10T06:01:02.181076+00:00,107.1,500,ask,AverageAlmonds,YieldingYams,14900716
2026-07-10T06:01:02.491513,2026-07-10T06:01:02.499181+00:00,107.1,121,bid,AverageAlmonds,YieldingYams,14900720
2026-07-10T06:01:02.491513,2026-07-10T06:01:02.558784+00:00,107.1,4,bid,AverageAlmonds,Xinhong Shan,14900721
2026-07-10T06:01:02.643084,2026-07-10T06:01:02.608485+00:00,107.1,12,ask,AverageAlmonds,Zhangyue Shen,14900731
2026-07-10T06:01:02.880510,2026-07-10T06:01:02.886146+00:00,107.2,7,bid,Xuanyu Liu,WavyWalnuts,14900737
2026-07-10T06:01:03.494148,2026-07-10T06:01:03.503291+00:00,107.2,193,bid,YieldingYams,WavyWalnuts,14900751
2026-07-10T06:01:03.494148,2026-07-10T06:01:03.503291+00:00,107.2,4,bid,YieldingYams,Xinhong Shan,14900752
2026-07-10T06:01:04.048022,2026-07-10T06:01:04.063888+00:00,107.3,200,ask,YieldingYams,WavyWalnuts,14900767
2026-07-10T06:01:05.259965,2026-07-10T06:01:05.268945+00:00,107.3,4,ask,Xinhong Shan,WavyWalnuts,14900787
2026-07-10T06:01:05.259965,2026-07-10T06:01:05.274164+00:00,107.1,196,ask,YieldingYams,WavyWalnuts,14900788
2026-07-10T06:01:06.202990,2026-07-10T06:01:06.208688+00:00,107.3,11,ask,YieldingYams,Freddie Hurd-Wood,14900806
2026-07-10T06:01:06.219697,2026-07-10T06:01:06.230911+00:00,107.3,12,ask,YieldingYams,Zhangyue Shen,14900808
2026-07-10T06:01:06.224684,2026-07-10T06:01:06.230911+00:00,107.3,12,ask,YieldingYams,Xuanyu Liu,14900809
2026-07-10T06:01:06.344378,2026-07-10T06:01:06.352636+00:00,107.3,11,ask,YieldingYams,Xuanyu Liu,14900810
2026-07-10T06:01:06.479285,2026-07-10T06:01:06.490017+00:00,107.3,200,ask,YieldingYams,WavyWalnuts,14900819
2026-07-10T06:01:07.508799,2026-07-10T06:01:07.558674+00:00,107.3,4,bid,Xinhong Shan,YieldingYams,14900835
2026-07-10T06:01:07.733716,2026-07-10T06:01:07.741400+00:00,107.2,12,ask,AverageAlmonds,Zhangyue Shen,14900841
2026-07-10T06:01:08.549664,2026-07-10T06:01:08.558671+00:00,107.3,500,bid,AverageAlmonds,YieldingYams,14900849
2026-07-10T06:01:08.811389,2026-07-10T06:01:08.818635+00:00,107.3,1,bid,YieldingYams,Kelvin Chan,14900854
2026-07-10T06:01:08.811389,2026-07-10T06:01:08.823924+00:00,107.3,4,bid,YieldingYams,Xinhong Shan,14900855
2026-07-10T06:01:08.811389,2026-07-10T06:01:08.823924+00:00,107.4,200,bid,YieldingYams,WavyWalnuts,14900856
2026-07-10T06:01:10.077729,2026-07-10T06:01:10.094102+00:00,107.4,13,ask,YieldingYams,Zhangyue Shen,14900893
2026-07-10T06:01:10.891783,2026-07-10T06:01:10.902612+00:00,107.5,1,bid,Zhangyue Shen,Kelvin Chan,14900909
2026-07-10T06:01:10.891783,2026-07-10T06:01:10.902612+00:00,107.5,11,bid,Zhangyue Shen,YieldingYams,14900910
2026-07-10T06:01:11.409808,2026-07-10T06:01:11.419650+00:00,107.5,11,bid,Freddie Hurd-Wood,YieldingYams,14900918
2026-07-10T06:01:11.422530,2026-07-10T06:01:11.430189+00:00,107.4,4,ask,Xinhong Shan,Zhangyue Shen,14900920
2026-07-10T06:01:11.422530,2026-07-10T06:01:11.435408+00:00,107.4,8,ask,AverageAlmonds,Zhangyue Shen,14900921
2026-07-10T06:01:11.693549,2026-07-10T06:01:11.702017+00:00,107.4,11,ask,AverageAlmonds,Zhangyue Shen,14900923
2026-07-10T06:01:13.410344,2026-07-10T06:01:13.422904+00:00,107.5,1,bid,AverageAlmonds,Kelvin Chan,14900956
2026-07-10T06:01:13.410344,2026-07-10T06:01:13.422904+00:00,107.5,200,bid,AverageAlmonds,WavyWalnuts,14900957
2026-07-10T06:01:13.410344,2026-07-10T06:01:13.427901+00:00,107.5,4,bid,AverageAlmonds,Xinhong Shan,14900958
2026-07-10T06:01:13.410344,2026-07-10T06:01:13.427901+00:00,107.5,295,bid,AverageAlmonds,YieldingYams,14900959
2026-07-10T06:01:13.994371,2026-07-10T06:01:14.002217+00:00,107.5,330,bid,AverageAlmonds,YieldingYams,14900974
2026-07-10T06:01:13.994371,2026-07-10T06:01:14.007429+00:00,107.5,4,bid,AverageAlmonds,Xinhong Shan,14900975
2026-07-10T06:01:14.058852,2026-07-10T06:01:14.085075+00:00,107.6,200,bid,YieldingYams,WavyWalnuts,14900977
2026-07-10T06:01:14.080211,2026-07-10T06:01:14.085075+00:00,107.6,11,ask,YieldingYams,Xuanyu Liu,14900980
2026-07-10T06:01:14.426269,2026-07-10T06:01:14.435046+00:00,107.6,55,ask,YieldingYams,Freddie Hurd-Wood,14900989
2026-07-10T06:01:14.796157,2026-07-10T06:01:14.807567+00:00,107.6,12,ask,YieldingYams,Zhangyue Shen,14900998
2026-07-10T06:01:15.567984,2026-07-10T06:01:15.576261+00:00,107.7,1,bid,Xuanyu Liu,Kelvin Chan,14901010
2026-07-10T06:01:15.567984,2026-07-10T06:01:15.576261+00:00,107.7,4,bid,Xuanyu Liu,Xinhong Shan,14901011
2026-07-10T06:01:15.567984,2026-07-10T06:01:15.576261+00:00,107.7,6,bid,Xuanyu Liu,WavyWalnuts,14901012
2026-07-10T06:01:16.321263,2026-07-10T06:01:16.329386+00:00,107.6,11,ask,YieldingYams,Zhangyue Shen,14901037
2026-07-10T06:01:16.681645,2026-07-10T06:01:16.698932+00:00,107.7,4,bid,YieldingYams,Xinhong Shan,14901045
2026-07-10T06:01:17.445582,2026-07-10T06:01:17.469254+00:00,107.7,13,ask,YieldingYams,Freddie Hurd-Wood,14901057
2026-07-10T06:01:17.592549,2026-07-10T06:01:17.658601+00:00,107.8,4,bid,Zhangyue Shen,Xinhong Shan,14901063
2026-07-10T06:01:18.100363,2026-07-10T06:01:18.112797+00:00,107.7,4,ask,WavyWalnuts,Zhangyue Shen,14901079
2026-07-10T06:01:18.631601,2026-07-10T06:01:18.641616+00:00,107.8,4,bid,WavyWalnuts,Kelvin Chan,14901082
2026-07-10T06:01:18.631601,2026-07-10T06:01:18.672456+00:00,107.9,4,bid,WavyWalnuts,Xinhong Shan,14901083
2026-07-10T06:01:18.631601,2026-07-10T06:01:18.672456+00:00,107.9,192,bid,WavyWalnuts,YieldingYams,14901084
2026-07-10T06:01:19.318465,2026-07-10T06:01:19.341662+00:00,107.8,3,bid,YieldingYams,Kelvin Chan,14901102
2026-07-10T06:01:19.318465,2026-07-10T06:01:19.341662+00:00,107.8,5,bid,YieldingYams,Xinhong Shan,14901103
2026-07-10T06:01:19.336970,2026-07-10T06:01:19.341662+00:00,107.8,11,ask,YieldingYams,Xuanyu Liu,14901105
2026-07-10T06:01:19.878450,2026-07-10T06:01:19.883515+00:00,107.9,12,ask,WavyWalnuts,Xuanyu Liu,14901110
2026-07-10T06:01:21.085846,2026-07-10T06:01:21.095697+00:00,107.9,5,ask,Xinhong Shan,WavyWalnuts,14901130
2026-07-10T06:01:22.619231,2026-07-10T06:01:22.664083+00:00,107.9,12,bid,Zhangyue Shen,YieldingYams,14901159
2026-07-10T06:01:25.783123,2026-07-10T06:01:25.790693+00:00,107.9,1,bid,BrilliantBurritos,Kelvin Chan,14901228
2026-07-10T06:01:25.783123,2026-07-10T06:01:25.790693+00:00,107.9,19,bid,BrilliantBurritos,YieldingYams,14901229
2026-07-10T06:01:25.901518,2026-07-10T06:01:25.929314+00:00,107.8,4,ask,WavyWalnuts,Zhangyue Shen,14901232
2026-07-10T06:01:25.922824,2026-07-10T06:01:25.929314+00:00,107.9,5,bid,Xuanyu Liu,Xinhong Shan,14901234
2026-07-10T06:01:25.922824,2026-07-10T06:01:25.929314+00:00,107.9,3,bid,Xuanyu Liu,YieldingYams,14901235
2026-07-10T06:01:26.159481,2026-07-10T06:01:26.169461+00:00,107.8,8,ask,AverageAlmonds,Zhangyue Shen,14901239
2026-07-10T06:01:27.332960,2026-07-10T06:01:27.358706+00:00,107.9,2,bid,AverageAlmonds,Kelvin Chan,14901254
2026-07-10T06:01:27.332960,2026-07-10T06:01:27.358706+00:00,107.9,498,bid,AverageAlmonds,YieldingYams,14901255
2026-07-10T06:01:27.439085,2026-07-10T06:01:27.443877+00:00,107.9,15,bid,Xuanyu Liu,YieldingYams,14901257
2026-07-10T06:01:27.924355,2026-07-10T06:01:27.933215+00:00,107.9,112,bid,AverageAlmonds,YieldingYams,14901273
2026-07-10T06:01:27.924355,2026-07-10T06:01:27.933215+00:00,107.9,5,bid,AverageAlmonds,Xinhong Shan,14901274
2026-07-10T06:01:28.395887,2026-07-10T06:01:28.406190+00:00,107.9,200,ask,AverageAlmonds,WavyWalnuts,14901286
2026-07-10T06:01:28.936562,2026-07-10T06:01:28.958785+00:00,108.0,1,bid,Zhangyue Shen,Kelvin Chan,14901301
2026-07-10T06:01:28.936562,2026-07-10T06:01:28.958785+00:00,108.0,5,bid,Zhangyue Shen,Xinhong Shan,14901302
2026-07-10T06:01:29.199229,2026-07-10T06:01:29.207316+00:00,108.1,6,bid,Zhangyue Shen,YieldingYams,14901314
2026-07-10T06:01:29.898609,2026-07-10T06:01:29.905843+00:00,108.0,1,bid,YieldingYams,Kelvin Chan,14901325
2026-07-10T06:01:29.898609,2026-07-10T06:01:29.911169+00:00,108.0,200,bid,YieldingYams,WavyWalnuts,14901326
2026-07-10T06:01:31.377237,2026-07-10T06:01:31.383673+00:00,108.1,1,bid,Xuanyu Liu,Kelvin Chan,14901368
2026-07-10T06:01:31.377237,2026-07-10T06:01:31.383673+00:00,108.1,22,bid,Xuanyu Liu,WavyWalnuts,14901369
2026-07-10T06:01:31.473300,2026-07-10T06:01:31.485941+00:00,108.1,11,bid,Zhangyue Shen,WavyWalnuts,14901372
2026-07-10T06:01:31.478710,2026-07-10T06:01:31.485941+00:00,108.1,28,bid,Freddie Hurd-Wood,WavyWalnuts,14901373
2026-07-10T06:01:34.510373,2026-07-10T06:01:34.564848+00:00,108.0,12,ask,YieldingYams,Freddie Hurd-Wood,14901436
2026-07-10T06:01:34.766291,2026-07-10T06:01:34.768958+00:00,108.1,1,bid,Zhangyue Shen,Kelvin Chan,14901442
2026-07-10T06:01:34.766291,2026-07-10T06:01:34.775930+00:00,108.1,5,bid,Zhangyue Shen,Xinhong Shan,14901443
2026-07-10T06:01:34.766291,2026-07-10T06:01:34.775930+00:00,108.1,6,bid,Zhangyue Shen,WavyWalnuts,14901444
2026-07-10T06:01:35.175886,2026-07-10T06:01:35.184837+00:00,108.0,5,ask,Xinhong Shan,YieldingYams,14901452
2026-07-10T06:01:35.175886,2026-07-10T06:01:35.190037+00:00,108.0,500,ask,AverageAlmonds,YieldingYams,14901453
2026-07-10T06:01:35.206347,2026-07-10T06:01:35.216177+00:00,108.0,120,bid,AverageAlmonds,YieldingYams,14901454
2026-07-10T06:01:35.524630,2026-07-10T06:01:35.532763+00:00,108.0,3,ask,AverageAlmonds,Freddie Hurd-Wood,14901463
2026-07-10T06:01:36.493705,2026-07-10T06:01:36.520844+00:00,108.1,5,bid,YieldingYams,Xinhong Shan,14901483
2026-07-10T06:01:36.493705,2026-07-10T06:01:36.520844+00:00,108.1,200,bid,YieldingYams,WavyWalnuts,14901484
2026-07-10T06:01:36.516340,2026-07-10T06:01:36.520844+00:00,108.2,23,ask,YieldingYams,Xuanyu Liu,14901487
2026-07-10T06:01:36.924019,2026-07-10T06:01:36.969185+00:00,108.2,200,ask,YieldingYams,WavyWalnuts,14901495
2026-07-10T06:01:37.134682,2026-07-10T06:01:37.169221+00:00,108.2,14,ask,YieldingYams,Zhangyue Shen,14901501
2026-07-10T06:01:37.539081,2026-07-10T06:01:37.564166+00:00,108.2,13,ask,YieldingYams,Freddie Hurd-Wood,14901505
2026-07-10T06:01:37.734202,2026-07-10T06:01:37.740769+00:00,108.3,2,bid,Xuanyu Liu,Kelvin Chan,14901517
2026-07-10T06:01:37.734202,2026-07-10T06:01:37.740769+00:00,108.3,5,bid,Xuanyu Liu,Xinhong Shan,14901518
2026-07-10T06:01:37.763937,2026-07-10T06:01:37.769004+00:00,108.4,5,bid,Xuanyu Liu,YieldingYams,14901524
2026-07-10T06:01:37.842919,2026-07-10T06:01:37.848245+00:00,108.3,11,bid,Xuanyu Liu,YieldingYams,14901530
2026-07-10T06:01:37.906109,2026-07-10T06:01:37.914763+00:00,108.3,12,bid,Zhangyue Shen,YieldingYams,14901534
2026-07-10T06:01:38.136137,2026-07-10T06:01:38.171141+00:00,108.2,5,ask,Xinhong Shan,WavyWalnuts,14901536
2026-07-10T06:01:38.166379,2026-07-10T06:01:38.171141+00:00,108.2,3,bid,Xuanyu Liu,WavyWalnuts,14901538
2026-07-10T06:01:38.558521,2026-07-10T06:01:38.565413+00:00,108.2,48,bid,Freddie Hurd-Wood,WavyWalnuts,14901544
2026-07-10T06:01:40.556875,2026-07-10T06:01:40.569292+00:00,108.2,1,bid,WavyWalnuts,Kelvin Chan,14901586
2026-07-10T06:01:40.556875,2026-07-10T06:01:40.569292+00:00,108.2,5,bid,WavyWalnuts,Xinhong Shan,14901587
2026-07-10T06:01:40.556875,2026-07-10T06:01:40.569292+00:00,108.2,194,bid,WavyWalnuts,YieldingYams,14901588
2026-07-10T06:01:40.972080,2026-07-10T06:01:40.976884+00:00,108.1,3,ask,Xinhong Shan,Xuanyu Liu,14901592
2026-07-10T06:01:41.773643,2026-07-10T06:01:41.797919+00:00,108.2,2,bid,WavyWalnuts,Kelvin Chan,14901608
2026-07-10T06:01:41.785380,2026-07-10T06:01:41.797919+00:00,108.2,5,ask,WavyWalnuts,Xinhong Shan,14901609
2026-07-10T06:01:41.793780,2026-07-10T06:01:41.797919+00:00,108.2,11,ask,WavyWalnuts,Xuanyu Liu,14901611
2026-07-10T06:01:43.115663,2026-07-10T06:01:43.126517+00:00,108.2,5,ask,Xinhong Shan,YieldingYams,14901631
2026-07-10T06:01:43.366159,2026-07-10T06:01:43.370858+00:00,108.2,11,bid,Xuanyu Liu,YieldingYams,14901643
2026-07-10T06:01:43.489941,2026-07-10T06:01:43.500085+00:00,108.2,12,bid,Zhangyue Shen,YieldingYams,14901645
2026-07-10T06:01:43.727674,2026-07-10T06:01:43.740068+00:00,108.2,20,bid,BrilliantBurritos,YieldingYams,14901651
2026-07-10T06:01:45.419903,2026-07-10T06:01:45.426381+00:00,108.1,5,ask,Xinhong Shan,WavyWalnuts,14901684
2026-07-10T06:01:45.508212,2026-07-10T06:01:45.513368+00:00,108.1,3,bid,Xuanyu Liu,WavyWalnuts,14901686
2026-07-10T06:01:46.523321,2026-07-10T06:01:46.532131+00:00,108.1,11,bid,Zhangyue Shen,WavyWalnuts,14901704
2026-07-10T06:01:46.689226,2026-07-10T06:01:46.700431+00:00,108.1,5,bid,AverageAlmonds,Xinhong Shan,14901708
2026-07-10T06:01:46.689226,2026-07-10T06:01:46.700431+00:00,108.1,200,bid,AverageAlmonds,WavyWalnuts,14901709
2026-07-10T06:01:47.849918,2026-07-10T06:01:47.858624+00:00,108.1,5,ask,Xinhong Shan,WavyWalnuts,14901728
2026-07-10T06:01:47.849918,2026-07-10T06:01:47.868753+00:00,108.1,195,ask,YieldingYams,WavyWalnuts,14901729
2026-07-10T06:01:48.057588,2026-07-10T06:01:48.069108+00:00,108.1,12,ask,YieldingYams,Zhangyue Shen,14901735
2026-07-10T06:01:48.587775,2026-07-10T06:01:48.597090+00:00,108.2,12,bid,Freddie Hurd-Wood,YieldingYams,14901746
2026-07-10T06:01:48.825449,2026-07-10T06:01:48.831878+00:00,108.1,5,ask,Xinhong Shan,Zhangyue Shen,14901748
2026-07-10T06:01:48.825449,2026-07-10T06:01:48.831878+00:00,108.1,7,ask,AverageAlmonds,Zhangyue Shen,14901749
2026-07-10T06:01:51.589270,2026-07-10T06:01:51.601109+00:00,108.2,12,bid,Zhangyue Shen,YieldingYams,14901788
2026-07-10T06:01:52.346507,2026-07-10T06:01:52.358652+00:00,108.1,12,ask,WavyWalnuts,Zhangyue Shen,14901803
2026-07-10T06:01:55.123952,2026-07-10T06:01:55.133435+00:00,108.1,5,ask,Xinhong Shan,WavyWalnuts,14901849
2026-07-10T06:01:55.123952,2026-07-10T06:01:55.133435+00:00,108.1,195,ask,YieldingYams,WavyWalnuts,14901850
2026-07-10T06:01:56.338623,2026-07-10T06:01:56.363633+00:00,108.1,5,ask,Xinhong Shan,YieldingYams,14901879
2026-07-10T06:01:56.826213,2026-07-10T06:01:56.830648+00:00,108.0,14,ask,WavyWalnuts,Xuanyu Liu,14901897
2026-07-10T06:01:57.592545,2026-07-10T06:01:57.601044+00:00,108.1,500,bid,AverageAlmonds,YieldingYams,14901913
2026-07-10T06:02:00.285759,2026-07-10T06:02:00.295260+00:00,108.0,5,ask,Xinhong Shan,YieldingYams,14901962
2026-07-10T06:02:00.285759,2026-07-10T06:02:00.295260+00:00,108.0,500,ask,AverageAlmonds,YieldingYams,14901963
2026-07-10T06:02:00.627586,2026-07-10T06:02:00.673282+00:00,108.0,120,bid,AverageAlmonds,YieldingYams,14901966
2026-07-10T06:02:00.627586,2026-07-10T06:02:00.673282+00:00,108.0,4,bid,AverageAlmonds,Xinhong Shan,14901967
2026-07-10T06:02:00.627586,2026-07-10T06:02:00.673282+00:00,108.1,200,bid,AverageAlmonds,WavyWalnuts,14901968
2026-07-10T06:02:00.668712,2026-07-10T06:02:00.673282+00:00,108.1,4,ask,AverageAlmonds,Xuanyu Liu,14901971
2026-07-10T06:02:02.361857,2026-07-10T06:02:02.369018+00:00,108.1,5,ask,Xinhong Shan,Zhangyue Shen,14902003
2026-07-10T06:02:02.361857,2026-07-10T06:02:02.374512+00:00,108.1,7,ask,YieldingYams,Zhangyue Shen,14902004
2026-07-10T06:02:04.233568,2026-07-10T06:02:04.258764+00:00,108.2,4,bid,YieldingYams,Xinhong Shan,14902044
2026-07-10T06:02:04.233568,2026-07-10T06:02:04.258764+00:00,108.2,200,bid,YieldingYams,WavyWalnuts,14902045
2026-07-10T06:02:07.379521,2026-07-10T06:02:07.391619+00:00,108.2,5,ask,Xinhong Shan,WavyWalnuts,14902090
2026-07-10T06:02:09.047596,2026-07-10T06:02:09.063679+00:00,108.1,20,ask,WavyWalnuts,BrilliantBurritos,14902119
2026-07-10T06:02:09.197927,2026-07-10T06:02:09.209923+00:00,108.2,12,bid,Zhangyue Shen,YieldingYams,14902125
2026-07-10T06:02:09.678471,2026-07-10T06:02:09.690049+00:00,108.2,3,bid,Freddie Hurd-Wood,Xinhong Shan,14902138
2026-07-10T06:02:13.456498,2026-07-10T06:02:13.464034+00:00,108.1,200,ask,YieldingYams,WavyWalnuts,14902214
2026-07-10T06:02:13.473894,2026-07-10T06:02:13.484878+00:00,108.1,4,ask,Xinhong Shan,YieldingYams,14902215
2026-07-10T06:02:13.478098,2026-07-10T06:02:13.489897+00:00,108.1,4,bid,Zhangyue Shen,YieldingYams,14902216
2026-07-10T06:02:13.745549,2026-07-10T06:02:13.758627+00:00,108.1,5,bid,Freddie Hurd-Wood,YieldingYams,14902220
2026-07-10T06:02:13.762779,2026-07-10T06:02:13.770709+00:00,108.1,8,bid,Zhangyue Shen,YieldingYams,14902224
2026-07-10T06:02:14.665026,2026-07-10T06:02:14.674330+00:00,108.1,200,bid,WavyWalnuts,YieldingYams,14902235
2026-07-10T06:02:15.874473,2026-07-10T06:02:15.883906+00:00,108.1,4,bid,WavyWalnuts,Xinhong Shan,14902252
2026-07-10T06:02:15.874473,2026-07-10T06:02:15.883906+00:00,108.2,196,bid,WavyWalnuts,YieldingYams,14902253
2026-07-10T06:02:16.110180,2026-07-10T06:02:16.158985+00:00,108.2,4,bid,YieldingYams,Xinhong Shan,14902257
2026-07-10T06:02:16.542037,2026-07-10T06:02:16.496563+00:00,108.2,12,ask,YieldingYams,Zhangyue Shen,14902263
2026-07-10T06:02:18.749640,2026-07-10T06:02:18.768717+00:00,108.3,1,bid,YieldingYams,Kelvin Chan,14902296
2026-07-10T06:02:18.749640,2026-07-10T06:02:18.768717+00:00,108.3,5,bid,YieldingYams,Xinhong Shan,14902297
2026-07-10T06:02:18.749640,2026-07-10T06:02:18.768717+00:00,108.3,200,bid,YieldingYams,WavyWalnuts,14902298
2026-07-10T06:02:20.723366,2026-07-10T06:02:20.731427+00:00,108.4,200,bid,WavyWalnuts,YieldingYams,14902335
2026-07-10T06:02:21.143430,2026-07-10T06:02:21.152304+00:00,108.4,20,bid,BrilliantBurritos,YieldingYams,14902338
2026-07-10T06:02:21.384395,2026-07-10T06:02:21.391048+00:00,108.4,7,bid,YieldingYams,Kelvin Chan,14902343
2026-07-10T06:02:21.384395,2026-07-10T06:02:21.391048+00:00,108.4,5,bid,YieldingYams,Xinhong Shan,14902344
2026-07-10T06:02:22.099463,2026-07-10T06:02:22.111598+00:00,108.4,12,ask,YieldingYams,Zhangyue Shen,14902360
2026-07-10T06:02:23.626009,2026-07-10T06:02:23.635397+00:00,108.5,500,ask,YieldingYams,AverageAlmonds,14902384
2026-07-10T06:02:24.217842,2026-07-10T06:02:24.225779+00:00,108.5,200,ask,WavyWalnuts,AverageAlmonds,14902389
2026-07-10T06:02:24.217842,2026-07-10T06:02:24.231265+00:00,108.5,5,ask,Xinhong Shan,AverageAlmonds,14902390
2026-07-10T06:02:24.354537,2026-07-10T06:02:24.363894+00:00,108.5,200,bid,WavyWalnuts,AverageAlmonds,14902393
2026-07-10T06:02:24.819020,2026-07-10T06:02:24.864286+00:00,108.4,20,ask,YieldingYams,BrilliantBurritos,14902408
2026-07-10T06:02:25.349195,2026-07-10T06:02:25.363635+00:00,108.5,500,bid,YieldingYams,AverageAlmonds,14902417
2026-07-10T06:02:25.349195,2026-07-10T06:02:25.363635+00:00,108.5,5,bid,YieldingYams,Xinhong Shan,14902418
2026-07-10T06:02:26.065495,2026-07-10T06:02:26.075440+00:00,108.5,120,ask,YieldingYams,AverageAlmonds,14902428
2026-07-10T06:02:26.682856,2026-07-10T06:02:26.690001+00:00,108.4,200,ask,WavyWalnuts,AverageAlmonds,14902445
2026-07-10T06:02:26.682856,2026-07-10T06:02:26.695244+00:00,108.4,5,ask,Xinhong Shan,AverageAlmonds,14902446
2026-07-10T06:02:26.774262,2026-07-10T06:02:26.784904+00:00,108.3,200,bid,WavyWalnuts,YieldingYams,14902449
2026-07-10T06:02:26.968015,2026-07-10T06:02:26.979467+00:00,108.2,8,ask,Kelvin Chan,Zhangyue Shen,14902453
2026-07-10T06:02:27.224557,2026-07-10T06:02:27.237023+00:00,108.1,4,ask,YieldingYams,Zhangyue Shen,14902454
2026-07-10T06:02:28.476366,2026-07-10T06:02:28.485762+00:00,108.2,11,ask,Kelvin Chan,AverageAlmonds,14902472
2026-07-10T06:02:28.476366,2026-07-10T06:02:28.485762+00:00,108.2,200,ask,WavyWalnuts,AverageAlmonds,14902473
2026-07-10T06:02:28.476366,2026-07-10T06:02:28.491249+00:00,108.2,5,ask,Xinhong Shan,AverageAlmonds,14902474
2026-07-10T06:02:29.202785,2026-07-10T06:02:29.212503+00:00,108.2,200,bid,WavyWalnuts,AverageAlmonds,14902484
2026-07-10T06:02:30.422542,2026-07-10T06:02:30.430398+00:00,108.2,200,bid,WavyWalnuts,AverageAlmonds,14902504
2026-07-10T06:02:30.649285,2026-07-10T06:02:30.675508+00:00,108.2,300,bid,YieldingYams,AverageAlmonds,14902510
2026-07-10T06:02:30.649285,2026-07-10T06:02:30.675508+00:00,108.2,5,bid,YieldingYams,Xinhong Shan,14902511
2026-07-10T06:02:30.670947,2026-07-10T06:02:30.675508+00:00,108.2,8,ask,YieldingYams,Xuanyu Liu,14902513
2026-07-10T06:02:30.783041,2026-07-10T06:02:30.795210+00:00,108.2,18,ask,YieldingYams,Freddie Hurd-Wood,14902514
2026-07-10T06:02:30.905496,2026-07-10T06:02:30.917005+00:00,108.2,294,ask,YieldingYams,AverageAlmonds,14902519
2026-07-10T06:02:31.967430,2026-07-10T06:02:31.977929+00:00,108.1,8,ask,Kelvin Chan,YieldingYams,14902546
2026-07-10T06:02:31.967430,2026-07-10T06:02:31.977929+00:00,108.1,5,ask,Xinhong Shan,YieldingYams,14902547
2026-07-10T06:02:31.967430,2026-07-10T06:02:31.982930+00:00,108.1,200,ask,WavyWalnuts,YieldingYams,14902548
2026-07-10T06:02:31.991642,2026-07-10T06:02:31.996438+00:00,108.1,12,bid,Xuanyu Liu,YieldingYams,14902553
2026-07-10T06:02:32.528681,2026-07-10T06:02:32.536612+00:00,108.1,12,bid,Zhangyue Shen,YieldingYams,14902560
2026-07-10T06:02:33.295400,2026-07-10T06:02:33.303540+00:00,108.1,5,bid,YieldingYams,Xinhong Shan,14902578
2026-07-10T06:02:33.295400,2026-07-10T06:02:33.308915+00:00,108.1,500,bid,YieldingYams,AverageAlmonds,14902579
2026-07-10T06:02:33.295400,2026-07-10T06:02:33.308915+00:00,108.1,120,bid,YieldingYams,WavyWalnuts,14902580
2026-07-10T06:02:33.367896,2026-07-10T06:02:33.373541+00:00,108.0,11,bid,Xuanyu Liu,AverageAlmonds,14902583
2026-07-10T06:02:34.072050,2026-07-10T06:02:34.080603+00:00,108.0,5,bid,WavyWalnuts,Xinhong Shan,14902594
2026-07-10T06:02:34.072050,2026-07-10T06:02:34.086038+00:00,108.0,195,bid,WavyWalnuts,AverageAlmonds,14902595
2026-07-10T06:02:34.565028,2026-07-10T06:02:34.575159+00:00,108.1,12,bid,Zhangyue Shen,AverageAlmonds,14902606
2026-07-10T06:02:35.586308,2026-07-10T06:02:35.596866+00:00,107.9,12,ask,WavyWalnuts,Zhangyue Shen,14902633
2026-07-10T06:02:36.495229,2026-07-10T06:02:36.506194+00:00,108.0,5,bid,WavyWalnuts,Xinhong Shan,14902657
2026-07-10T06:02:36.495229,2026-07-10T06:02:36.506194+00:00,108.0,195,bid,WavyWalnuts,YieldingYams,14902658
2026-07-10T06:02:37.251177,2026-07-10T06:02:37.258544+00:00,107.9,5,ask,Xinhong Shan,YieldingYams,14902672
2026-07-10T06:02:38.348328,2026-07-10T06:02:38.358578+00:00,107.9,12,bid,Zhangyue Shen,YieldingYams,14902694
2026-07-10T06:02:38.933044,2026-07-10T06:02:38.943250+00:00,107.8,200,ask,YieldingYams,WavyWalnuts,14902720
2026-07-10T06:02:40.145232,2026-07-10T06:02:40.155575+00:00,107.9,5,bid,WavyWalnuts,Xinhong Shan,14902740
2026-07-10T06:02:41.356459,2026-07-10T06:02:41.363762+00:00,108.0,5,bid,WavyWalnuts,Xinhong Shan,14902762
2026-07-10T06:02:41.356459,2026-07-10T06:02:41.368974+00:00,108.0,195,bid,WavyWalnuts,YieldingYams,14902763
2026-07-10T06:02:41.440199,2026-07-10T06:02:41.452389+00:00,108.0,20,bid,BrilliantBurritos,YieldingYams,14902764
2026-07-10T06:02:43.125545,2026-07-10T06:02:43.137987+00:00,107.9,12,ask,YieldingYams,Zhangyue Shen,14902809
2026-07-10T06:02:43.558612,2026-07-10T06:02:43.562980+00:00,107.9,23,ask,YieldingYams,Xuanyu Liu,14902814
2026-07-10T06:02:45.187484,2026-07-10T06:02:45.194608+00:00,108.0,5,bid,YieldingYams,Xinhong Shan,14902835
2026-07-10T06:02:45.237025,2026-07-10T06:02:45.241966+00:00,108.0,11,ask,YieldingYams,Xuanyu Liu,14902840
2026-07-10T06:02:45.466004,2026-07-10T06:02:45.474055+00:00,108.0,12,ask,YieldingYams,Zhangyue Shen,14902848
2026-07-10T06:02:47.490591,2026-07-10T06:02:47.500024+00:00,108.0,5,ask,Xinhong Shan,Zhangyue Shen,14902885
2026-07-10T06:02:47.746652,2026-07-10T06:02:47.758600+00:00,107.9,7,ask,YieldingYams,Zhangyue Shen,14902894
2026-07-10T06:02:48.256423,2026-07-10T06:02:48.268710+00:00,107.9,12,ask,WavyWalnuts,Zhangyue Shen,14902908
2026-07-10T06:02:51.068323,2026-07-10T06:02:51.079924+00:00,107.9,2,ask,Kelvin Chan,WavyWalnuts,14902965
2026-07-10T06:02:51.068323,2026-07-10T06:02:51.079924+00:00,107.9,5,ask,Xinhong Shan,WavyWalnuts,14902966
2026-07-10T06:02:51.068323,2026-07-10T06:02:51.079924+00:00,107.9,193,ask,YieldingYams,WavyWalnuts,14902967
2026-07-10T06:02:51.773325,2026-07-10T06:02:51.796691+00:00,108.1,5,bid,YieldingYams,Xinhong Shan,14902978
2026-07-10T06:02:51.773325,2026-07-10T06:02:51.796691+00:00,108.2,500,bid,YieldingYams,AverageAlmonds,14902979
2026-07-10T06:02:51.792334,2026-07-10T06:02:51.796691+00:00,108.2,12,ask,YieldingYams,Xuanyu Liu,14902981
2026-07-10T06:02:51.813776,2026-07-10T06:02:51.822461+00:00,108.2,15,ask,YieldingYams,Zhangyue Shen,14902984
2026-07-10T06:02:52.088287,2026-07-10T06:02:52.100383+00:00,108.2,93,ask,YieldingYams,AverageAlmonds,14902990
2026-07-10T06:02:52.389005,2026-07-10T06:02:52.397454+00:00,107.9,3,ask,Kelvin Chan,Zhangyue Shen,14902997
2026-07-10T06:02:53.500176,2026-07-10T06:02:53.512083+00:00,107.9,3,ask,Kelvin Chan,WavyWalnuts,14903017
2026-07-10T06:02:53.500176,2026-07-10T06:02:53.512083+00:00,107.9,5,ask,Xinhong Shan,WavyWalnuts,14903018
2026-07-10T06:02:53.929396,2026-07-10T06:02:53.944186+00:00,107.8,13,ask,YieldingYams,Zhangyue Shen,14903027
2026-07-10T06:02:53.939126,2026-07-10T06:02:53.959719+00:00,107.8,11,ask,YieldingYams,Xuanyu Liu,14903029
2026-07-10T06:02:54.529940,2026-07-10T06:02:54.542735+00:00,107.8,10,ask,Kelvin Chan,Freddie Hurd-Wood,14903036
2026-07-10T06:02:54.529940,2026-07-10T06:02:54.542735+00:00,107.8,5,ask,Xinhong Shan,Freddie Hurd-Wood,14903037
2026-07-10T06:02:54.529940,2026-07-10T06:02:54.542735+00:00,107.8,27,ask,YieldingYams,Freddie Hurd-Wood,14903038
2026-07-10T06:02:54.713520,2026-07-10T06:02:54.725097+00:00,107.8,200,ask,YieldingYams,WavyWalnuts,14903047
2026-07-10T06:02:55.562982,2026-07-10T06:02:55.574764+00:00,107.9,5,bid,Freddie Hurd-Wood,Xinhong Shan,14903062
2026-07-10T06:02:56.576564,2026-07-10T06:02:56.585244+00:00,107.8,5,ask,Kelvin Chan,Freddie Hurd-Wood,14903092
2026-07-10T06:02:56.576564,2026-07-10T06:02:56.590735+00:00,107.8,5,ask,Xinhong Shan,Freddie Hurd-Wood,14903093
2026-07-10T06:02:58.407044,2026-07-10T06:02:58.420514+00:00,107.8,5,bid,BrilliantBurritos,Xinhong Shan,14903128
2026-07-10T06:02:58.407044,2026-07-10T06:02:58.420514+00:00,107.8,15,bid,BrilliantBurritos,WavyWalnuts,14903129
2026-07-10T06:02:59.691410,2026-07-10T06:02:59.700384+00:00,107.8,5,bid,YieldingYams,Xinhong Shan,14903153
2026-07-10T06:02:59.691410,2026-07-10T06:02:59.705393+00:00,107.8,200,bid,YieldingYams,WavyWalnuts,14903154
2026-07-10T06:03:00.601142,2026-07-10T06:03:00.613209+00:00,107.8,15,ask,YieldingYams,Freddie Hurd-Wood,14903165
2026-07-10T06:03:01.015661,2026-07-10T06:03:01.063657+00:00,107.8,5,ask,Xinhong Shan,YieldingYams,14903171
2026-07-10T06:03:02.327095,2026-07-10T06:03:02.339045+00:00,107.8,5,bid,YieldingYams,Xinhong Shan,14903202
2026-07-10T06:03:02.327095,2026-07-10T06:03:02.339045+00:00,107.8,200,bid,YieldingYams,WavyWalnuts,14903203
2026-07-10T06:03:03.195536,2026-07-10T06:03:03.205170+00:00,107.8,20,ask,YieldingYams,BrilliantBurritos,14903225
2026-07-10T06:03:03.651605,2026-07-10T06:03:03.663907+00:00,107.8,5,ask,Xinhong Shan,YieldingYams,14903227
2026-07-10T06:03:04.420266,2026-07-10T06:03:04.430071+00:00,107.7,2,ask,Kelvin Chan,WavyWalnuts,14903236
2026-07-10T06:03:04.420266,2026-07-10T06:03:04.430071+00:00,107.7,5,ask,Xinhong Shan,WavyWalnuts,14903237
2026-07-10T06:03:04.971509,2026-07-10T06:03:04.979888+00:00,107.6,3,ask,Kelvin Chan,YieldingYams,14903255
2026-07-10T06:03:04.971509,2026-07-10T06:03:04.985117+00:00,107.6,5,ask,Xinhong Shan,YieldingYams,14903256
2026-07-10T06:03:05.007454,2026-07-10T06:03:05.012342+00:00,107.6,5,bid,Xuanyu Liu,YieldingYams,14903263
2026-07-10T06:03:05.251570,2026-07-10T06:03:05.256692+00:00,107.6,1,bid,Xuanyu Liu,YieldingYams,14903267
2026-07-10T06:03:05.633286,2026-07-10T06:03:05.638161+00:00,107.6,1,bid,Xuanyu Liu,YieldingYams,14903278
2026-07-10T06:03:05.639527,2026-07-10T06:03:05.658610+00:00,107.6,200,bid,WavyWalnuts,YieldingYams,14903279
2026-07-10T06:03:05.670780,2026-07-10T06:03:05.675351+00:00,107.6,1,bid,Xuanyu Liu,YieldingYams,14903281
2026-07-10T06:03:06.627249,2026-07-10T06:03:06.648281+00:00,107.5,2,ask,Kelvin Chan,Freddie Hurd-Wood,14903303
2026-07-10T06:03:06.627249,2026-07-10T06:03:06.648281+00:00,107.5,5,ask,Xinhong Shan,Freddie Hurd-Wood,14903304
2026-07-10T06:03:06.627249,2026-07-10T06:03:06.648281+00:00,107.5,13,ask,AverageAlmonds,Freddie Hurd-Wood,14903305
2026-07-10T06:03:06.643263,2026-07-10T06:03:06.648281+00:00,107.5,46,ask,AverageAlmonds,Xuanyu Liu,14903307
2026-07-10T06:03:06.850897,2026-07-10T06:03:06.858594+00:00,107.6,200,bid,WavyWalnuts,YieldingYams,14903324
2026-07-10T06:03:07.249406,2026-07-10T06:03:07.258607+00:00,107.6,425,bid,AverageAlmonds,YieldingYams,14903330
2026-07-10T06:03:07.249406,2026-07-10T06:03:07.268999+00:00,107.6,5,bid,AverageAlmonds,Xinhong Shan,14903331
2026-07-10T06:03:08.064485,2026-07-10T06:03:08.071466+00:00,107.7,200,ask,YieldingYams,WavyWalnuts,14903345
2026-07-10T06:03:08.918924,2026-07-10T06:03:08.928879+00:00,107.8,5,bid,YieldingYams,Xinhong Shan,14903358
2026-07-10T06:03:08.978068,2026-07-10T06:03:08.986814+00:00,108.0,9,bid,Zhangyue Shen,YieldingYams,14903361
2026-07-10T06:03:09.234413,2026-07-10T06:03:09.246508+00:00,107.8,12,ask,YieldingYams,Zhangyue Shen,14903369
2026-07-10T06:03:09.274199,2026-07-10T06:03:09.282223+00:00,107.8,200,ask,YieldingYams,WavyWalnuts,14903371
2026-07-10T06:03:10.284291,2026-07-10T06:03:10.300278+00:00,107.8,20,ask,YieldingYams,BrilliantBurritos,14903380
2026-07-10T06:03:10.484498,2026-07-10T06:03:10.491835+00:00,107.8,200,ask,YieldingYams,WavyWalnuts,14903384
2026-07-10T06:03:11.699482,2026-07-10T06:03:11.708971+00:00,107.8,5,ask,Xinhong Shan,WavyWalnuts,14903409
2026-07-10T06:03:11.699482,2026-07-10T06:03:11.708971+00:00,107.8,195,ask,YieldingYams,WavyWalnuts,14903410
2026-07-10T06:03:12.876166,2026-07-10T06:03:12.880757+00:00,107.9,4,bid,Xuanyu Liu,Kelvin Chan,14903417
2026-07-10T06:03:12.911270,2026-07-10T06:03:12.918221+00:00,107.8,5,ask,Xinhong Shan,WavyWalnuts,14903418
2026-07-10T06:03:12.911270,2026-07-10T06:03:12.923641+00:00,107.7,195,ask,YieldingYams,WavyWalnuts,14903419
2026-07-10T06:03:12.975855,2026-07-10T06:03:12.988109+00:00,107.7,20,ask,YieldingYams,BrilliantBurritos,14903421
2026-07-10T06:03:14.126462,2026-07-10T06:03:14.136232+00:00,107.7,200,ask,YieldingYams,WavyWalnuts,14903440
2026-07-10T06:03:14.175705,2026-07-10T06:03:14.184659+00:00,107.7,5,ask,Xinhong Shan,YieldingYams,14903443
2026-07-10T06:03:14.175705,2026-07-10T06:03:14.189872+00:00,107.5,500,ask,AverageAlmonds,YieldingYams,14903444
2026-07-10T06:03:14.175705,2026-07-10T06:03:14.195053+00:00,107.5,120,ask,WavyWalnuts,YieldingYams,14903445
2026-07-10T06:03:18.171443,2026-07-10T06:03:18.184756+00:00,107.8,200,bid,YieldingYams,WavyWalnuts,14903512
2026-07-10T06:03:18.171443,2026-07-10T06:03:18.184756+00:00,107.8,4,bid,YieldingYams,Xinhong Shan,14903513
2026-07-10T06:03:18.171443,2026-07-10T06:03:18.189920+00:00,107.9,10,bid,YieldingYams,Kelvin Chan,14903514
2026-07-10T06:03:19.241088,2026-07-10T06:03:19.247856+00:00,108.0,11,bid,Xuanyu Liu,Kelvin Chan,14903541
2026-07-10T06:03:19.241088,2026-07-10T06:03:19.247856+00:00,108.0,23,bid,Xuanyu Liu,WavyWalnuts,14903542
2026-07-10T06:03:19.750156,2026-07-10T06:03:19.763736+00:00,108.0,5,bid,Freddie Hurd-Wood,WavyWalnuts,14903551
2026-07-10T06:03:20.030191,2026-07-10T06:03:20.038488+00:00,107.9,5,ask,Xinhong Shan,BrilliantBurritos,14903555
2026-07-10T06:03:22.146266,2026-07-10T06:03:22.163641+00:00,108.0,10,bid,YieldingYams,Kelvin Chan,14903601
2026-07-10T06:03:22.146266,2026-07-10T06:03:22.163641+00:00,108.0,4,bid,YieldingYams,Xinhong Shan,14903602
2026-07-10T06:03:22.146266,2026-07-10T06:03:22.163641+00:00,108.0,200,bid,YieldingYams,WavyWalnuts,14903603
2026-07-10T06:03:23.825604,2026-07-10T06:03:23.834038+00:00,108.0,5,ask,Xinhong Shan,WavyWalnuts,14903643
2026-07-10T06:03:26.148391,2026-07-10T06:03:26.163808+00:00,107.9,4,ask,Xinhong Shan,YieldingYams,14903685
2026-07-10T06:03:26.174346,2026-07-10T06:03:26.178870+00:00,107.9,11,bid,Xuanyu Liu,YieldingYams,14903690
2026-07-10T06:03:26.244793,2026-07-10T06:03:26.251956+00:00,107.9,200,bid,WavyWalnuts,YieldingYams,14903693
2026-07-10T06:03:26.771600,2026-07-10T06:03:26.784404+00:00,107.9,2,bid,Freddie Hurd-Wood,YieldingYams,14903703
2026-07-10T06:03:27.464360,2026-07-10T06:03:27.474494+00:00,107.9,4,bid,YieldingYams,Xinhong Shan,14903721
2026-07-10T06:03:30.095938,2026-07-10T06:03:30.105746+00:00,108.1,7,bid,YieldingYams,Kelvin Chan,14903771
2026-07-10T06:03:30.095938,2026-07-10T06:03:30.105746+00:00,108.1,4,bid,YieldingYams,Xinhong Shan,14903772
2026-07-10T06:03:31.113688,2026-07-10T06:03:31.122964+00:00,108.1,200,ask,YieldingYams,WavyWalnuts,14903786
2026-07-10T06:03:31.429122,2026-07-10T06:03:31.436981+00:00,108.1,4,ask,Xinhong Shan,YieldingYams,14903791
2026-07-10T06:03:31.502543,2026-07-10T06:03:31.507863+00:00,108.1,12,bid,Xuanyu Liu,YieldingYams,14903796
2026-07-10T06:03:31.791014,2026-07-10T06:03:31.801619+00:00,108.1,3,bid,Freddie Hurd-Wood,YieldingYams,14903804
2026-07-10T06:03:31.816047,2026-07-10T06:03:31.825204+00:00,108.1,12,bid,Zhangyue Shen,YieldingYams,14903806
2026-07-10T06:03:34.076699,2026-07-10T06:03:34.082484+00:00,108.0,11,bid,Xuanyu Liu,YieldingYams,14903841
2026-07-10T06:03:34.144617,2026-07-10T06:03:34.159290+00:00,108.0,12,bid,Zhangyue Shen,YieldingYams,14903845
2026-07-10T06:03:34.806034,2026-07-10T06:03:34.858642+00:00,108.0,3,bid,Freddie Hurd-Wood,YieldingYams,14903857
2026-07-10T06:03:35.973225,2026-07-10T06:03:35.981059+00:00,108.0,4,bid,WavyWalnuts,Xinhong Shan,14903881
2026-07-10T06:03:36.693266,2026-07-10T06:03:36.701071+00:00,108.0,196,ask,WavyWalnuts,YieldingYams,14903891
2026-07-10T06:03:36.693266,2026-07-10T06:03:36.706300+00:00,107.9,4,ask,Xinhong Shan,YieldingYams,14903892
2026-07-10T06:03:36.821276,2026-07-10T06:03:36.830671+00:00,107.9,10,bid,Freddie Hurd-Wood,YieldingYams,14903893
2026-07-10T06:03:38.007819,2026-07-10T06:03:38.069397+00:00,107.9,4,bid,YieldingYams,Xinhong Shan,14903910
2026-07-10T06:03:38.221191,2026-07-10T06:03:38.233534+00:00,108.1,12,bid,Zhangyue Shen,WavyWalnuts,14903918
2026-07-10T06:03:39.352051,2026-07-10T06:03:39.364261+00:00,107.9,200,ask,WavyWalnuts,YieldingYams,14903932
2026-07-10T06:03:39.352051,2026-07-10T06:03:39.364261+00:00,107.9,4,ask,Xinhong Shan,YieldingYams,14903933
2026-07-10T06:03:39.571276,2026-07-10T06:03:39.585425+00:00,107.7,20,ask,YieldingYams,BrilliantBurritos,14903937
2026-07-10T06:03:39.620145,2026-07-10T06:03:39.632285+00:00,107.9,200,bid,WavyWalnuts,YieldingYams,14903938
2026-07-10T06:03:40.567105,2026-07-10T06:03:40.572642+00:00,107.9,12,bid,Xuanyu Liu,YieldingYams,14903955
2026-07-10T06:03:40.668875,2026-07-10T06:03:40.678174+00:00,107.9,4,bid,YieldingYams,Xinhong Shan,14903956
2026-07-10T06:03:40.835855,2026-07-10T06:03:40.864067+00:00,108.0,200,ask,YieldingYams,WavyWalnuts,14903959
2026-07-10T06:03:42.517271,2026-07-10T06:03:42.529818+00:00,108.1,12,bid,Zhangyue Shen,YieldingYams,14903984
2026-07-10T06:03:43.298451,2026-07-10T06:03:43.310335+00:00,108.0,4,ask,Xinhong Shan,YieldingYams,14904002
2026-07-10T06:03:43.298451,2026-07-10T06:03:43.310335+00:00,107.9,62,ask,Kelvin Chan,YieldingYams,14904003
2026-07-10T06:03:43.298451,2026-07-10T06:03:43.310335+00:00,107.9,200,ask,WavyWalnuts,YieldingYams,14904004
2026-07-10T06:03:43.843122,2026-07-10T06:03:43.863983+00:00,107.9,15,bid,Freddie Hurd-Wood,YieldingYams,14904009
2026-07-10T06:03:44.581504,2026-07-10T06:03:44.590029+00:00,107.9,12,bid,Zhangyue Shen,YieldingYams,14904026
2026-07-10T06:03:44.613186,2026-07-10T06:03:44.621513+00:00,107.9,4,bid,YieldingYams,Xinhong Shan,14904028
2026-07-10T06:03:44.613186,2026-07-10T06:03:44.626724+00:00,108.0,200,bid,YieldingYams,WavyWalnuts,14904029
2026-07-10T06:03:45.104577,2026-07-10T06:03:45.117036+00:00,108.1,12,bid,Zhangyue Shen,AverageAlmonds,14904041
2026-07-10T06:03:45.390296,2026-07-10T06:03:45.402567+00:00,108.0,421,ask,YieldingYams,AverageAlmonds,14904042
2026-07-10T06:03:45.390296,2026-07-10T06:03:45.402567+00:00,108.0,4,ask,Xinhong Shan,AverageAlmonds,14904043
2026-07-10T06:03:45.928842,2026-07-10T06:03:45.933852+00:00,107.9,200,ask,WavyWalnuts,YieldingYams,14904054
2026-07-10T06:03:45.928842,2026-07-10T06:03:45.933852+00:00,107.8,2,ask,Kelvin Chan,YieldingYams,14904055
2026-07-10T06:03:46.703826,2026-07-10T06:03:46.712800+00:00,107.8,12,bid,Zhangyue Shen,YieldingYams,14904073
2026-07-10T06:03:46.867600,2026-07-10T06:03:46.885099+00:00,107.8,2,bid,Freddie Hurd-Wood,YieldingYams,14904079
2026-07-10T06:03:46.889962,2026-07-10T06:03:46.900881+00:00,107.8,200,bid,WavyWalnuts,YieldingYams,14904081
2026-07-10T06:03:47.242170,2026-07-10T06:03:47.248145+00:00,107.8,4,bid,YieldingYams,Xinhong Shan,14904086
2026-07-10T06:03:47.478972,2026-07-10T06:03:47.490070+00:00,108.0,12,bid,Zhangyue Shen,YieldingYams,14904092
2026-07-10T06:03:48.044604,2026-07-10T06:03:48.064086+00:00,107.8,20,ask,YieldingYams,BrilliantBurritos,14904104
2026-07-10T06:03:49.317565,2026-07-10T06:03:49.325801+00:00,107.8,4,ask,Xinhong Shan,WavyWalnuts,14904133
2026-07-10T06:03:50.068096,2026-07-10T06:03:50.076889+00:00,107.8,12,bid,Zhangyue Shen,WavyWalnuts,14904151
2026-07-10T06:03:50.129042,2026-07-10T06:03:50.134301+00:00,107.8,11,bid,Xuanyu Liu,WavyWalnuts,14904153
2026-07-10T06:03:50.895183,2026-07-10T06:03:50.907275+00:00,107.8,20,bid,Freddie Hurd-Wood,YieldingYams,14904166
2026-07-10T06:03:51.096052,2026-07-10T06:03:51.105394+00:00,107.7,9,ask,Kelvin Chan,Zhangyue Shen,14904178
2026-07-10T06:03:51.096052,2026-07-10T06:03:51.110617+00:00,107.7,3,ask,Xinhong Shan,Zhangyue Shen,14904179
2026-07-10T06:03:51.777439,2026-07-10T06:03:51.785735+00:00,107.7,200,ask,YieldingYams,WavyWalnuts,14904195
2026-07-10T06:03:53.004567,2026-07-10T06:03:53.015654+00:00,107.7,5,ask,Kelvin Chan,WavyWalnuts,14904223
2026-07-10T06:03:53.004567,2026-07-10T06:03:53.015654+00:00,107.7,4,ask,Xinhong Shan,WavyWalnuts,14904224
2026-07-10T06:03:53.004567,2026-07-10T06:03:53.015654+00:00,107.7,191,ask,YieldingYams,WavyWalnuts,14904225
2026-07-10T06:03:54.220286,2026-07-10T06:03:54.228854+00:00,107.7,4,ask,Xinhong Shan,WavyWalnuts,14904255
2026-07-10T06:03:54.220286,2026-07-10T06:03:54.233906+00:00,107.7,5,ask,Kelvin Chan,Freddie Hurd-Wood,14904256
2026-07-10T06:03:54.220286,2026-07-10T06:03:54.233906+00:00,107.6,191,ask,YieldingYams,WavyWalnuts,14904257
2026-07-10T06:03:54.481980,2026-07-10T06:03:54.495231+00:00,107.8,20,bid,BrilliantBurritos,YieldingYams,14904260
2026-07-10T06:03:54.917417,2026-07-10T06:03:54.964172+00:00,107.7,5,ask,Kelvin Chan,WavyWalnuts,14904266
2026-07-10T06:03:55.139848,2026-07-10T06:03:55.159019+00:00,107.7,3,bid,Xuanyu Liu,YieldingYams,14904271
2026-07-10T06:03:55.157190,2026-07-10T06:03:55.169342+00:00,107.7,5,bid,Zhangyue Shen,YieldingYams,14904273
2026-07-10T06:03:55.412884,2026-07-10T06:03:55.458745+00:00,107.7,7,bid,Zhangyue Shen,YieldingYams,14904282
2026-07-10T06:03:55.930002,2026-07-10T06:03:55.942354+00:00,107.7,4,bid,Freddie Hurd-Wood,YieldingYams,14904288
2026-07-10T06:03:56.249414,2026-07-10T06:03:56.263890+00:00,107.7,6,bid,Zhangyue Shen,YieldingYams,14904299
2026-07-10T06:03:56.474122,2026-07-10T06:03:56.478650+00:00,107.6,3,ask,Kelvin Chan,Xuanyu Liu,14904305
2026-07-10T06:03:57.859191,2026-07-10T06:03:57.869244+00:00,107.7,4,bid,WavyWalnuts,Xinhong Shan,14904325
2026-07-10T06:03:57.859191,2026-07-10T06:03:57.869244+00:00,107.7,196,bid,WavyWalnuts,YieldingYams,14904326
2026-07-10T06:03:58.593211,2026-07-10T06:03:58.605720+00:00,107.6,2,ask,Kelvin Chan,BrilliantBurritos,14904347
2026-07-10T06:03:58.593211,2026-07-10T06:03:58.605720+00:00,107.6,4,ask,Xinhong Shan,BrilliantBurritos,14904348
2026-07-10T06:04:00.292674,2026-07-10T06:04:00.300541+00:00,107.6,4,ask,Kelvin Chan,WavyWalnuts,14904385
2026-07-10T06:04:00.292674,2026-07-10T06:04:00.305593+00:00,107.6,196,ask,YieldingYams,WavyWalnuts,14904386
2026-07-10T06:04:02.710376,2026-07-10T06:04:02.721452+00:00,107.7,200,bid,WavyWalnuts,YieldingYams,14904439
2026-07-10T06:04:03.020483,2026-07-10T06:04:03.063658+00:00,107.6,4,ask,Xinhong Shan,YieldingYams,14904456
2026-07-10T06:04:03.919961,2026-07-10T06:04:03.928241+00:00,107.6,200,bid,WavyWalnuts,YieldingYams,14904480
2026-07-10T06:04:05.130460,2026-07-10T06:04:05.151916+00:00,107.6,4,bid,WavyWalnuts,Xinhong Shan,14904500
2026-07-10T06:04:05.147488,2026-07-10T06:04:05.151916+00:00,107.6,11,ask,WavyWalnuts,Xuanyu Liu,14904502
2026-07-10T06:04:06.410991,2026-07-10T06:04:06.423411+00:00,107.6,4,ask,Xinhong Shan,BrilliantBurritos,14904524
2026-07-10T06:04:06.410991,2026-07-10T06:04:06.423411+00:00,107.6,16,ask,WavyWalnuts,BrilliantBurritos,14904525
2026-07-10T06:04:07.573302,2026-07-10T06:04:07.582525+00:00,107.6,4,ask,Xinhong Shan,WavyWalnuts,14904551
2026-07-10T06:04:07.573302,2026-07-10T06:04:07.587779+00:00,107.6,196,ask,YieldingYams,WavyWalnuts,14904552
2026-07-10T06:04:08.790006,2026-07-10T06:04:08.801682+00:00,107.6,4,ask,Xinhong Shan,WavyWalnuts,14904583
2026-07-10T06:04:08.790006,2026-07-10T06:04:08.801682+00:00,107.6,196,ask,YieldingYams,WavyWalnuts,14904584
2026-07-10T06:04:09.851214,2026-07-10T06:04:09.861201+00:00,107.6,4,ask,Xinhong Shan,Zhangyue Shen,14904599
2026-07-10T06:04:09.919719,2026-07-10T06:04:09.931558+00:00,107.7,3,bid,BrilliantBurritos,Xinhong Shan,14904603
2026-07-10T06:04:09.966277,2026-07-10T06:04:09.974999+00:00,107.8,1,bid,Freddie Hurd-Wood,Kelvin Chan,14904605
2026-07-10T06:04:10.907680,2026-07-10T06:04:10.919882+00:00,107.8,8,bid,YieldingYams,Kelvin Chan,14904624
2026-07-10T06:04:10.907680,2026-07-10T06:04:10.919882+00:00,107.8,200,bid,YieldingYams,WavyWalnuts,14904625
2026-07-10T06:04:10.907680,2026-07-10T06:04:10.919882+00:00,107.8,417,bid,YieldingYams,AverageAlmonds,14904626
2026-07-10T06:04:11.210901,2026-07-10T06:04:11.222581+00:00,107.8,83,bid,WavyWalnuts,AverageAlmonds,14904628
2026-07-10T06:04:11.210901,2026-07-10T06:04:11.222581+00:00,107.8,4,bid,WavyWalnuts,Xinhong Shan,14904629
2026-07-10T06:04:11.210901,2026-07-10T06:04:11.222581+00:00,107.8,12,bid,WavyWalnuts,Kelvin Chan,14904630
2026-07-10T06:04:11.239113,2026-07-10T06:04:11.243840+00:00,107.8,12,ask,WavyWalnuts,Xuanyu Liu,14904632
2026-07-10T06:04:12.224895,2026-07-10T06:04:12.234625+00:00,107.8,89,ask,WavyWalnuts,YieldingYams,14904659
2026-07-10T06:04:12.224895,2026-07-10T06:04:12.234625+00:00,107.8,4,ask,Xinhong Shan,YieldingYams,14904660
2026-07-10T06:04:12.224895,2026-07-10T06:04:12.251079+00:00,107.5,1,ask,Kelvin Chan,YieldingYams,14904661
2026-07-10T06:04:12.246576,2026-07-10T06:04:12.251079+00:00,107.5,26,bid,Xuanyu Liu,YieldingYams,14904664
2026-07-10T06:04:12.429954,2026-07-10T06:04:12.440323+00:00,107.5,200,bid,WavyWalnuts,YieldingYams,14904674
2026-07-10T06:04:12.983073,2026-07-10T06:04:12.990764+00:00,107.5,20,bid,Freddie Hurd-Wood,YieldingYams,14904681
2026-07-10T06:04:13.543753,2026-07-10T06:04:13.574403+00:00,107.5,4,bid,YieldingYams,Xinhong Shan,14904696
2026-07-10T06:04:13.568497,2026-07-10T06:04:13.574403+00:00,107.5,3,ask,YieldingYams,Xuanyu Liu,14904698
2026-07-10T06:04:13.638337,2026-07-10T06:04:13.646798+00:00,107.7,200,bid,WavyWalnuts,YieldingYams,14904702
2026-07-10T06:04:14.866666,2026-07-10T06:04:14.871362+00:00,107.6,11,ask,WavyWalnuts,Xuanyu Liu,14904727
2026-07-10T06:04:15.671392,2026-07-10T06:04:15.679535+00:00,107.6,189,ask,WavyWalnuts,AverageAlmonds,14904744
2026-07-10T06:04:15.671392,2026-07-10T06:04:15.685070+00:00,107.6,4,ask,Xinhong Shan,AverageAlmonds,14904745
2026-07-10T06:04:16.221909,2026-07-10T06:04:16.233856+00:00,107.6,20,bid,BrilliantBurritos,AverageAlmonds,14904757
2026-07-10T06:04:16.365746,2026-07-10T06:04:16.372145+00:00,107.6,4,bid,Xuanyu Liu,Xinhong Shan,14904765
2026-07-10T06:04:16.365746,2026-07-10T06:04:16.372145+00:00,107.6,7,bid,Xuanyu Liu,YieldingYams,14904766
2026-07-10T06:04:17.509280,2026-07-10T06:04:17.517142+00:00,107.5,4,ask,Xinhong Shan,YieldingYams,14904799
2026-07-10T06:04:17.530238,2026-07-10T06:04:17.534984+00:00,107.5,3,bid,Xuanyu Liu,YieldingYams,14904802
2026-07-10T06:04:17.774850,2026-07-10T06:04:17.787713+00:00,107.4,1,ask,Kelvin Chan,BrilliantBurritos,14904808
2026-07-10T06:04:17.774850,2026-07-10T06:04:17.787713+00:00,107.4,19,ask,WavyWalnuts,BrilliantBurritos,14904809
2026-07-10T06:04:18.508301,2026-07-10T06:04:18.518325+00:00,107.5,12,bid,Zhangyue Shen,YieldingYams,14904821
2026-07-10T06:04:19.002539,2026-07-10T06:04:19.015235+00:00,107.5,4,bid,Freddie Hurd-Wood,Xinhong Shan,14904837
2026-07-10T06:04:19.002539,2026-07-10T06:04:19.015235+00:00,107.5,16,bid,Freddie Hurd-Wood,WavyWalnuts,14904838
2026-07-10T06:04:19.023402,2026-07-10T06:04:19.030855+00:00,107.4,4,ask,Kelvin Chan,Zhangyue Shen,14904840
2026-07-10T06:04:19.023402,2026-07-10T06:04:19.036105+00:00,107.4,4,ask,Xinhong Shan,Zhangyue Shen,14904841
2026-07-10T06:04:22.128475,2026-07-10T06:04:22.158799+00:00,107.5,4,bid,WavyWalnuts,Xinhong Shan,14904903
2026-07-10T06:04:22.128475,2026-07-10T06:04:22.158799+00:00,107.6,196,bid,WavyWalnuts,YieldingYams,14904904
2026-07-10T06:04:23.366035,2026-07-10T06:04:23.370693+00:00,107.5,3,ask,WavyWalnuts,Xuanyu Liu,14904919
2026-07-10T06:04:24.094996,2026-07-10T06:04:24.105478+00:00,107.5,197,ask,WavyWalnuts,YieldingYams,14904934
2026-07-10T06:04:24.094996,2026-07-10T06:04:24.105478+00:00,107.5,4,ask,Xinhong Shan,YieldingYams,14904935
2026-07-10T06:04:25.303820,2026-07-10T06:04:25.315582+00:00,107.5,8,bid,Zhangyue Shen,YieldingYams,14904953
2026-07-10T06:04:25.773285,2026-07-10T06:04:25.783415+00:00,107.5,4,bid,WavyWalnuts,Xinhong Shan,14904965
2026-07-10T06:04:27.784578,2026-07-10T06:04:27.795714+00:00,107.5,4,ask,Xinhong Shan,AverageAlmonds,14904988
2026-07-10T06:04:28.046980,2026-07-10T06:04:28.058614+00:00,107.5,496,bid,YieldingYams,AverageAlmonds,14904991
2026-07-10T06:04:28.204546,2026-07-10T06:04:28.213278+00:00,107.5,129,ask,YieldingYams,WavyWalnuts,14904994
2026-07-10T06:04:29.416311,2026-07-10T06:04:29.426059+00:00,107.4,200,bid,WavyWalnuts,YieldingYams,14905015
2026-07-10T06:04:33.372294,2026-07-10T06:04:33.386165+00:00,107.4,4,bid,BrilliantBurritos,Xinhong Shan,14905073
2026-07-10T06:04:33.372294,2026-07-10T06:04:33.386165+00:00,107.4,16,bid,BrilliantBurritos,YieldingYams,14905074
2026-07-10T06:04:33.382572,2026-07-10T06:04:33.391371+00:00,107.3,4,ask,Xinhong Shan,Zhangyue Shen,14905075
2026-07-10T06:04:33.382572,2026-07-10T06:04:33.396618+00:00,107.3,8,ask,WavyWalnuts,Zhangyue Shen,14905076
2026-07-10T06:04:35.666402,2026-07-10T06:04:35.684927+00:00,107.3,4,ask,Xinhong Shan,Zhangyue Shen,14905116
2026-07-10T06:04:35.922956,2026-07-10T06:04:35.958917+00:00,107.2,8,ask,YieldingYams,Zhangyue Shen,14905121
2026-07-10T06:04:37.676582,2026-07-10T06:04:37.684933+00:00,107.3,20,bid,BrilliantBurritos,WavyWalnuts,14905144
2026-07-10T06:04:39.450868,2026-07-10T06:04:39.463625+00:00,107.3,3,bid,BrilliantBurritos,Xinhong Shan,14905187
2026-07-10T06:04:39.728545,2026-07-10T06:04:39.758657+00:00,107.2,12,ask,YieldingYams,Zhangyue Shen,14905194
2026-07-10T06:04:40.337684,2026-07-10T06:04:40.358554+00:00,107.4,10,bid,WavyWalnuts,Kelvin Chan,14905204
2026-07-10T06:04:40.337684,2026-07-10T06:04:40.358554+00:00,107.4,4,bid,WavyWalnuts,Xinhong Shan,14905205
2026-07-10T06:04:40.368809,2026-07-10T06:04:40.373760+00:00,107.4,11,ask,WavyWalnuts,Xuanyu Liu,14905207
2026-07-10T06:04:42.774021,2026-07-10T06:04:42.784797+00:00,107.4,4,ask,Xinhong Shan,WavyWalnuts,14905258
2026-07-10T06:04:42.777941,2026-07-10T06:04:42.784797+00:00,107.4,12,bid,Zhangyue Shen,WavyWalnuts,14905259
2026-07-10T06:04:43.871268,2026-07-10T06:04:43.881740+00:00,107.4,184,bid,YieldingYams,WavyWalnuts,14905271
2026-07-10T06:04:43.871268,2026-07-10T06:04:43.881740+00:00,107.4,4,bid,YieldingYams,Xinhong Shan,14905272
2026-07-10T06:04:45.565060,2026-07-10T06:04:45.577237+00:00,107.4,4,ask,Xinhong Shan,Zhangyue Shen,14905312
2026-07-10T06:04:45.838978,2026-07-10T06:04:45.849642+00:00,107.3,8,ask,YieldingYams,Zhangyue Shen,14905316
2026-07-10T06:04:46.439582,2026-07-10T06:04:46.458624+00:00,107.3,200,ask,YieldingYams,WavyWalnuts,14905325
2026-07-10T06:04:49.164867,2026-07-10T06:04:49.174705+00:00,107.3,4,ask,Xinhong Shan,YieldingYams,14905395
2026-07-10T06:04:49.164867,2026-07-10T06:04:49.174705+00:00,107.3,200,ask,WavyWalnuts,YieldingYams,14905396
2026-07-10T06:04:50.074719,2026-07-10T06:04:50.085074+00:00,107.2,200,bid,WavyWalnuts,YieldingYams,14905418
2026-07-10T06:04:50.382169,2026-07-10T06:04:50.394668+00:00,107.1,2,ask,Kelvin Chan,Zhangyue Shen,14905424
2026-07-10T06:04:50.382169,2026-07-10T06:04:50.394668+00:00,107.1,3,ask,Xinhong Shan,Zhangyue Shen,14905425
2026-07-10T06:04:50.478575,2026-07-10T06:04:50.488772+00:00,107.2,3,bid,YieldingYams,Xinhong Shan,14905428
2026-07-10T06:04:50.657354,2026-07-10T06:04:50.669397+00:00,107.3,7,ask,YieldingYams,Zhangyue Shen,14905430
2026-07-10T06:04:51.288849,2026-07-10T06:04:51.297715+00:00,107.4,200,bid,WavyWalnuts,AverageAlmonds,14905440
2026-07-10T06:04:51.400988,2026-07-10T06:04:51.407778+00:00,107.3,500,ask,YieldingYams,AverageAlmonds,14905444
2026-07-10T06:04:51.799117,2026-07-10T06:04:51.810015+00:00,107.3,3,ask,Xinhong Shan,YieldingYams,14905455
2026-07-10T06:04:51.799117,2026-07-10T06:04:51.810015+00:00,107.1,7,ask,Kelvin Chan,YieldingYams,14905456
2026-07-10T06:04:52.458104,2026-07-10T06:04:52.469856+00:00,106.9,12,ask,YieldingYams,Zhangyue Shen,14905478
2026-07-10T06:04:52.499974,2026-07-10T06:04:52.508934+00:00,107.1,200,bid,WavyWalnuts,YieldingYams,14905479
2026-07-10T06:04:52.966897,2026-07-10T06:04:52.976461+00:00,107.1,12,bid,Zhangyue Shen,YieldingYams,14905492
2026-07-10T06:04:53.110371,2026-07-10T06:04:53.118430+00:00,107.1,3,bid,YieldingYams,Xinhong Shan,14905494
2026-07-10T06:04:53.712162,2026-07-10T06:04:53.724220+00:00,107.3,200,bid,WavyWalnuts,YieldingYams,14905501
2026-07-10T06:04:54.492581,2026-07-10T06:04:54.500152+00:00,107.2,12,bid,Zhangyue Shen,YieldingYams,14905527
2026-07-10T06:04:54.507111,2026-07-10T06:04:54.511848+00:00,107.1,3,ask,Xinhong Shan,Xuanyu Liu,14905529
2026-07-10T06:04:54.748914,2026-07-10T06:04:54.758596+00:00,107.0,12,ask,YieldingYams,Zhangyue Shen,14905533
2026-07-10T06:04:54.920957,2026-07-10T06:04:54.932219+00:00,107.2,200,bid,WavyWalnuts,YieldingYams,14905539
2026-07-10T06:04:55.760703,2026-07-10T06:04:55.769031+00:00,107.2,3,bid,YieldingYams,Xinhong Shan,14905559
2026-07-10T06:04:55.781464,2026-07-10T06:04:55.786927+00:00,107.3,32,ask,YieldingYams,Xuanyu Liu,14905561
2026-07-10T06:04:56.059600,2026-07-10T06:04:56.071301+00:00,107.3,68,ask,YieldingYams,Freddie Hurd-Wood,14905568
2026-07-10T06:04:56.294964,2026-07-10T06:04:56.304835+00:00,107.3,12,ask,YieldingYams,Zhangyue Shen,14905572
2026-07-10T06:04:57.097641,2026-07-10T06:04:57.102102+00:00,107.4,12,bid,Zhangyue Shen,YieldingYams,14905587
2026-07-10T06:04:57.820211,2026-07-10T06:04:57.832727+00:00,107.4,12,bid,Xuanyu Liu,YieldingYams,14905608
2026-07-10T06:04:58.409206,2026-07-10T06:04:58.418726+00:00,107.3,3,ask,Xinhong Shan,YieldingYams,14905627
2026-07-10T06:04:58.409206,2026-07-10T06:04:58.418726+00:00,107.2,200,ask,WavyWalnuts,YieldingYams,14905628
2026-07-10T06:04:58.434406,2026-07-10T06:04:58.439312+00:00,107.2,23,bid,Xuanyu Liu,YieldingYams,14905630
2026-07-10T06:04:58.563779,2026-07-10T06:04:58.575026+00:00,107.2,200,bid,WavyWalnuts,YieldingYams,14905634
2026-07-10T06:04:59.075064,2026-07-10T06:04:59.087382+00:00,107.2,8,bid,Freddie Hurd-Wood,YieldingYams,14905642
2026-07-10T06:04:59.728199,2026-07-10T06:04:59.740233+00:00,107.2,3,bid,YieldingYams,Xinhong Shan,14905661
2026-07-10T06:04:59.781084,2026-07-10T06:04:59.792249+00:00,107.3,200,ask,YieldingYams,WavyWalnuts,14905662
2026-07-10T06:05:00.091573,2026-07-10T06:05:00.104036+00:00,107.3,7,ask,YieldingYams,Freddie Hurd-Wood,14905671
2026-07-10T06:05:00.186100,2026-07-10T06:05:00.198614+00:00,107.5,4,bid,Zhangyue Shen,Kelvin Chan,14905675
2026-07-10T06:05:00.186100,2026-07-10T06:05:00.198614+00:00,107.5,3,bid,Zhangyue Shen,YieldingYams,14905676
2026-07-10T06:05:00.998140,2026-07-10T06:05:01.006726+00:00,107.3,200,ask,YieldingYams,WavyWalnuts,14905685
2026-07-10T06:05:01.108862,2026-07-10T06:05:01.118081+00:00,107.3,3,ask,Xinhong Shan,YieldingYams,14905690
2026-07-10T06:05:02.211014,2026-07-10T06:05:02.222130+00:00,107.1,1,ask,Kelvin Chan,WavyWalnuts,14905707
2026-07-10T06:05:02.211014,2026-07-10T06:05:02.222130+00:00,107.1,199,ask,YieldingYams,WavyWalnuts,14905708
2026-07-10T06:05:02.818738,2026-07-10T06:05:02.826754+00:00,107.3,20,bid,BrilliantBurritos,YieldingYams,14905719
2026-07-10T06:05:03.010087,2026-07-10T06:05:03.019583+00:00,107.1,12,ask,YieldingYams,Zhangyue Shen,14905725
2026-07-10T06:05:03.108831,2026-07-10T06:05:03.120958+00:00,107.1,1,ask,YieldingYams,Freddie Hurd-Wood,14905727
2026-07-10T06:05:03.267412,2026-07-10T06:05:03.280020+00:00,107.1,12,ask,YieldingYams,Zhangyue Shen,14905737
2026-07-10T06:05:03.423846,2026-07-10T06:05:03.432726+00:00,107.1,200,ask,YieldingYams,WavyWalnuts,14905742
2026-07-10T06:05:05.051411,2026-07-10T06:05:05.061456+00:00,107.1,200,ask,WavyWalnuts,YieldingYams,14905775
2026-07-10T06:05:05.051411,2026-07-10T06:05:05.061456+00:00,107.1,3,ask,Xinhong Shan,YieldingYams,14905776
2026-07-10T06:05:07.074073,2026-07-10T06:05:07.084898+00:00,107.0,3,ask,Kelvin Chan,WavyWalnuts,14905819
2026-07-10T06:05:07.074073,2026-07-10T06:05:07.084898+00:00,107.0,3,ask,Xinhong Shan,WavyWalnuts,14905820
2026-07-10T06:05:07.953346,2026-07-10T06:05:07.931045+00:00,106.9,2,ask,Kelvin Chan,BrilliantBurritos,14905833
2026-07-10T06:05:08.298407,2026-07-10T06:05:08.307707+00:00,107.0,200,bid,WavyWalnuts,YieldingYams,14905847
2026-07-10T06:05:08.564636,2026-07-10T06:05:08.576780+00:00,107.0,13,bid,Zhangyue Shen,YieldingYams,14905862
2026-07-10T06:05:09.334349,2026-07-10T06:05:09.343457+00:00,106.9,12,ask,YieldingYams,Zhangyue Shen,14905875
2026-07-10T06:05:11.615020,2026-07-10T06:05:11.625454+00:00,107.0,3,bid,YieldingYams,Xinhong Shan,14905916
2026-07-10T06:05:12.000667,2026-07-10T06:05:12.010777+00:00,107.0,200,ask,YieldingYams,WavyWalnuts,14905928
2026-07-10T06:05:12.130703,2026-07-10T06:05:12.142892+00:00,107.2,7,bid,Freddie Hurd-Wood,Kelvin Chan,14905930
2026-07-10T06:05:12.931539,2026-07-10T06:05:12.939991+00:00,107.0,3,ask,Xinhong Shan,YieldingYams,14905939
2026-07-10T06:05:13.146100,2026-07-10T06:05:13.158669+00:00,106.9,1,ask,Kelvin Chan,Freddie Hurd-Wood,14905948
2026-07-10T06:05:14.165950,2026-07-10T06:05:14.174028+00:00,106.9,18,ask,WavyWalnuts,Freddie Hurd-Wood,14905965
2026-07-10T06:05:14.443429,2026-07-10T06:05:14.458661+00:00,106.9,1,ask,Kelvin Chan,WavyWalnuts,14905970
2026-07-10T06:05:15.553975,2026-07-10T06:05:15.562728+00:00,106.9,199,bid,YieldingYams,WavyWalnuts,14905999
2026-07-10T06:05:15.553975,2026-07-10T06:05:15.562728+00:00,106.9,3,bid,YieldingYams,Xinhong Shan,14906000
2026-07-10T06:05:15.657263,2026-07-10T06:05:15.669007+00:00,107.0,200,ask,YieldingYams,WavyWalnuts,14906008
2026-07-10T06:05:15.772180,2026-07-10T06:05:15.776420+00:00,107.0,12,ask,YieldingYams,Xuanyu Liu,14906013
2026-07-10T06:05:16.181613,2026-07-10T06:05:16.190707+00:00,107.2,3,bid,Freddie Hurd-Wood,YieldingYams,14906016
2026-07-10T06:05:16.232542,2026-07-10T06:05:16.268685+00:00,107.0,3,ask,YieldingYams,Zhangyue Shen,14906018
2026-07-10T06:05:16.866600,2026-07-10T06:05:16.875305+00:00,107.0,200,ask,YieldingYams,WavyWalnuts,14906027
2026-07-10T06:05:16.878046,2026-07-10T06:05:16.885540+00:00,107.0,3,ask,Xinhong Shan,YieldingYams,14906028
2026-07-10T06:05:16.878046,2026-07-10T06:05:16.891087+00:00,106.8,200,ask,WavyWalnuts,YieldingYams,14906029
2026-07-10T06:05:18.071359,2026-07-10T06:05:18.080245+00:00,106.8,200,bid,WavyWalnuts,YieldingYams,14906050
2026-07-10T06:05:19.288745,2026-07-10T06:05:19.296725+00:00,106.7,200,ask,YieldingYams,WavyWalnuts,14906062
2026-07-10T06:05:20.544177,2026-07-10T06:05:20.558588+00:00,106.6,12,ask,AverageAlmonds,Zhangyue Shen,14906083
2026-07-10T06:05:21.198754,2026-07-10T06:05:21.207680+00:00,106.6,3,ask,YieldingYams,Freddie Hurd-Wood,14906090
2026-07-10T06:05:21.672307,2026-07-10T06:05:21.679776+00:00,106.7,200,bid,AverageAlmonds,WavyWalnuts,14906096
2026-07-10T06:05:21.672307,2026-07-10T06:05:21.685051+00:00,106.7,3,bid,AverageAlmonds,Xinhong Shan,14906097
2026-07-10T06:05:22.874935,2026-07-10T06:05:22.884911+00:00,106.8,500,bid,AverageAlmonds,YieldingYams,14906111
2026-07-10T06:05:23.466535,2026-07-10T06:05:23.474016+00:00,106.8,200,bid,AverageAlmonds,WavyWalnuts,14906116
2026-07-10T06:05:23.466535,2026-07-10T06:05:23.479548+00:00,106.8,3,bid,AverageAlmonds,Xinhong Shan,14906117
2026-07-10T06:05:24.739556,2026-07-10T06:05:24.733546+00:00,106.8,200,bid,YieldingYams,WavyWalnuts,14906132
2026-07-10T06:05:24.739556,2026-07-10T06:05:24.733546+00:00,106.8,3,bid,YieldingYams,Xinhong Shan,14906133
2026-07-10T06:05:26.056584,2026-07-10T06:05:26.068677+00:00,106.8,3,ask,Xinhong Shan,YieldingYams,14906144
2026-07-10T06:05:26.364416,2026-07-10T06:05:26.376542+00:00,106.7,12,ask,WavyWalnuts,Zhangyue Shen,14906148
2026-07-10T06:05:26.566132,2026-07-10T06:05:26.573976+00:00,106.8,200,bid,WavyWalnuts,YieldingYams,14906151
2026-07-10T06:05:27.371049,2026-07-10T06:05:27.379700+00:00,106.8,3,bid,YieldingYams,Xinhong Shan,14906164
2026-07-10T06:05:28.149558,2026-07-10T06:05:28.163852+00:00,106.9,12,ask,YieldingYams,Zhangyue Shen,14906178
2026-07-10T06:05:28.217540,2026-07-10T06:05:28.230284+00:00,106.9,10,ask,YieldingYams,Freddie Hurd-Wood,14906179
2026-07-10T06:05:28.410192,2026-07-10T06:05:28.422180+00:00,107.1,10,bid,Zhangyue Shen,YieldingYams,14906184
2026-07-10T06:05:32.618082,2026-07-10T06:05:32.626503+00:00,107.1,2,bid,YieldingYams,Kelvin Chan,14906241
2026-07-10T06:05:32.618082,2026-07-10T06:05:32.626503+00:00,107.1,200,bid,YieldingYams,WavyWalnuts,14906242
2026-07-10T06:05:32.618082,2026-07-10T06:05:32.626503+00:00,107.1,3,bid,YieldingYams,Xinhong Shan,14906243
2026-07-10T06:05:33.802788,2026-07-10T06:05:33.817229+00:00,107.2,6,bid,BrilliantBurritos,Kelvin Chan,14906267
2026-07-10T06:05:33.802788,2026-07-10T06:05:33.822426+00:00,107.2,3,bid,BrilliantBurritos,Xinhong Shan,14906268
2026-07-10T06:05:33.802788,2026-07-10T06:05:33.822426+00:00,107.2,11,bid,BrilliantBurritos,AverageAlmonds,14906269
2026-07-10T06:05:34.397099,2026-07-10T06:05:34.405953+00:00,107.1,3,ask,Xinhong Shan,AverageAlmonds,14906289
2026-07-10T06:05:34.397099,2026-07-10T06:05:34.411135+00:00,107.1,200,ask,WavyWalnuts,AverageAlmonds,14906290
2026-07-10T06:05:35.013740,2026-07-10T06:05:35.022562+00:00,107.0,12,ask,YieldingYams,Zhangyue Shen,14906305
2026-07-10T06:05:35.121396,2026-07-10T06:05:35.131956+00:00,107.0,200,ask,YieldingYams,WavyWalnuts,14906308
2026-07-10T06:05:37.035332,2026-07-10T06:05:37.043613+00:00,107.1,12,bid,Zhangyue Shen,YieldingYams,14906336
2026-07-10T06:05:41.822865,2026-07-10T06:05:41.863940+00:00,107.0,3,ask,Xinhong Shan,Zhangyue Shen,14906426
2026-07-10T06:05:42.079265,2026-07-10T06:05:42.088811+00:00,106.9,9,ask,WavyWalnuts,Zhangyue Shen,14906431
2026-07-10T06:05:43.248076,2026-07-10T06:05:43.253890+00:00,107.0,4,bid,Freddie Hurd-Wood,YieldingYams,14906459
2026-07-10T06:05:43.338196,2026-07-10T06:05:43.358599+00:00,107.0,12,bid,Zhangyue Shen,YieldingYams,14906462
2026-07-10T06:05:45.377645,2026-07-10T06:05:45.390059+00:00,107.0,12,bid,Zhangyue Shen,YieldingYams,14906510
2026-07-10T06:05:47.127524,2026-07-10T06:05:47.145063+00:00,106.9,3,ask,Xinhong Shan,YieldingYams,14906538
2026-07-10T06:05:47.127524,2026-07-10T06:05:47.145063+00:00,106.8,3,ask,Kelvin Chan,YieldingYams,14906539
2026-07-10T06:05:47.127524,2026-07-10T06:05:47.145063+00:00,106.8,200,ask,WavyWalnuts,YieldingYams,14906540
2026-07-10T06:05:47.264401,2026-07-10T06:05:47.274240+00:00,106.8,9,bid,Freddie Hurd-Wood,YieldingYams,14906544
2026-07-10T06:05:48.448057,2026-07-10T06:05:48.458640+00:00,106.8,200,bid,YieldingYams,WavyWalnuts,14906576
2026-07-10T06:05:48.448057,2026-07-10T06:05:48.458640+00:00,106.8,3,bid,YieldingYams,Xinhong Shan,14906577
2026-07-10T06:05:48.468024,2026-07-10T06:05:48.479247+00:00,106.9,200,ask,YieldingYams,WavyWalnuts,14906578
2026-07-10T06:05:49.706450,2026-07-10T06:05:49.759155+00:00,106.9,12,ask,YieldingYams,Zhangyue Shen,14906601
2026-07-10T06:05:50.889438,2026-07-10T06:05:50.899979+00:00,106.9,3,ask,Xinhong Shan,WavyWalnuts,14906624
2026-07-10T06:05:52.513828,2026-07-10T06:05:52.521357+00:00,106.8,7,ask,Kelvin Chan,Zhangyue Shen,14906669
2026-07-10T06:05:52.513828,2026-07-10T06:05:52.526563+00:00,106.8,5,ask,WavyWalnuts,Zhangyue Shen,14906670
2026-07-10T06:05:53.312891,2026-07-10T06:05:53.322605+00:00,106.9,3,bid,WavyWalnuts,Xinhong Shan,14906685
2026-07-10T06:05:53.312891,2026-07-10T06:05:53.322605+00:00,106.9,197,bid,WavyWalnuts,YieldingYams,14906686
2026-07-10T06:05:55.736932,2026-07-10T06:05:55.758645+00:00,106.8,200,ask,YieldingYams,WavyWalnuts,14906733
2026-07-10T06:05:56.946116,2026-07-10T06:05:56.954927+00:00,106.8,3,ask,Xinhong Shan,WavyWalnuts,14906748
2026-07-10T06:05:56.946116,2026-07-10T06:05:56.954927+00:00,106.7,5,ask,Kelvin Chan,WavyWalnuts,14906749
2026-07-10T06:05:56.946116,2026-07-10T06:05:56.960379+00:00,106.7,192,ask,YieldingYams,WavyWalnuts,14906750
2026-07-10T06:05:57.031745,2026-07-10T06:05:57.041446+00:00,106.7,12,ask,YieldingYams,Zhangyue Shen,14906754
2026-07-10T06:05:57.640204,2026-07-10T06:05:57.671056+00:00,106.7,5,ask,Kelvin Chan,YieldingYams,14906767
2026-07-10T06:05:57.640204,2026-07-10T06:05:57.671056+00:00,106.7,3,ask,Xinhong Shan,YieldingYams,14906768
2026-07-10T06:05:57.666045,2026-07-10T06:05:57.671056+00:00,106.6,12,bid,Xuanyu Liu,YieldingYams,14906770
2026-07-10T06:05:58.050654,2026-07-10T06:05:58.058599+00:00,106.6,6,bid,Zhangyue Shen,YieldingYams,14906776
2026-07-10T06:05:58.160719,2026-07-10T06:05:58.169302+00:00,106.6,200,bid,WavyWalnuts,YieldingYams,14906784
2026-07-10T06:05:58.317474,2026-07-10T06:05:58.329345+00:00,106.6,6,bid,Zhangyue Shen,YieldingYams,14906787
2026-07-10T06:05:59.369539,2026-07-10T06:05:59.380451+00:00,106.6,3,bid,WavyWalnuts,Xinhong Shan,14906808
2026-07-10T06:05:59.369539,2026-07-10T06:05:59.380451+00:00,106.6,197,bid,WavyWalnuts,YieldingYams,14906809
2026-07-10T06:06:01.071897,2026-07-10T06:06:01.076360+00:00,106.6,3,bid,Xuanyu Liu,Xinhong Shan,14906848
2026-07-10T06:06:01.119362,2026-07-10T06:06:01.164168+00:00,106.7,12,bid,Zhangyue Shen,YieldingYams,14906849
2026-07-10T06:06:01.292045,2026-07-10T06:06:01.304154+00:00,106.7,17,bid,Freddie Hurd-Wood,YieldingYams,14906852
2026-07-10T06:06:01.795825,2026-07-10T06:06:01.811429+00:00,106.6,1,ask,Kelvin Chan,WavyWalnuts,14906873
2026-07-10T06:06:01.818632,2026-07-10T06:06:01.823791+00:00,106.6,8,bid,Xuanyu Liu,WavyWalnuts,14906875
2026-07-10T06:06:02.307885,2026-07-10T06:06:02.319817+00:00,106.6,10,bid,Freddie Hurd-Wood,WavyWalnuts,14906894
2026-07-10T06:06:02.390204,2026-07-10T06:06:02.400483+00:00,106.6,12,bid,Zhangyue Shen,WavyWalnuts,14906897
2026-07-10T06:06:02.803230,2026-07-10T06:06:02.815594+00:00,106.5,20,ask,YieldingYams,BrilliantBurritos,14906910
2026-07-10T06:06:03.011471,2026-07-10T06:06:03.018824+00:00,106.5,3,ask,Xinhong Shan,WavyWalnuts,14906920
2026-07-10T06:06:04.213629,2026-07-10T06:06:04.221191+00:00,106.5,197,bid,YieldingYams,WavyWalnuts,14906931
2026-07-10T06:06:04.213629,2026-07-10T06:06:04.226146+00:00,106.5,3,bid,YieldingYams,Xinhong Shan,14906932
2026-07-10T06:06:04.246220,2026-07-10T06:06:04.258579+00:00,106.5,200,ask,YieldingYams,WavyWalnuts,14906935
2026-07-10T06:06:04.298777,2026-07-10T06:06:04.303720+00:00,106.5,11,ask,YieldingYams,Xuanyu Liu,14906938
2026-07-10T06:06:04.685672,2026-07-10T06:06:04.695429+00:00,106.5,20,ask,YieldingYams,BrilliantBurritos,14906947
2026-07-10T06:06:05.457117,2026-07-10T06:06:05.469207+00:00,106.7,200,bid,WavyWalnuts,YieldingYams,14906953
2026-07-10T06:06:06.671319,2026-07-10T06:06:06.679787+00:00,106.7,200,bid,WavyWalnuts,YieldingYams,14906975
2026-07-10T06:06:06.690719,2026-07-10T06:06:06.702696+00:00,106.5,12,ask,YieldingYams,Zhangyue Shen,14906977
2026-07-10T06:06:07.888955,2026-07-10T06:06:07.899619+00:00,106.6,200,bid,WavyWalnuts,YieldingYams,14906987
2026-07-10T06:06:08.713731,2026-07-10T06:06:08.726148+00:00,106.5,3,ask,Xinhong Shan,Zhangyue Shen,14907003
2026-07-10T06:06:08.971659,2026-07-10T06:06:08.983624+00:00,106.4,9,ask,YieldingYams,Zhangyue Shen,14907008
2026-07-10T06:06:09.109178,2026-07-10T06:06:09.118797+00:00,106.6,200,bid,WavyWalnuts,YieldingYams,14907014
2026-07-10T06:06:09.329819,2026-07-10T06:06:09.338502+00:00,106.6,10,bid,Freddie Hurd-Wood,YieldingYams,14907019
2026-07-10T06:06:09.481098,2026-07-10T06:06:09.490483+00:00,106.6,3,bid,YieldingYams,Xinhong Shan,14907021
2026-07-10T06:06:09.503431,2026-07-10T06:06:09.508535+00:00,106.6,4,ask,YieldingYams,Xuanyu Liu,14907023
2026-07-10T06:06:11.088189,2026-07-10T06:06:11.159131+00:00,106.6,20,ask,WavyWalnuts,BrilliantBurritos,14907041
2026-07-10T06:06:12.753768,2026-07-10T06:06:12.764555+00:00,106.7,200,bid,WavyWalnuts,YieldingYams,14907071
2026-07-10T06:06:13.028354,2026-07-10T06:06:13.058652+00:00,106.7,12,bid,Zhangyue Shen,YieldingYams,14907076
2026-07-10T06:06:13.347659,2026-07-10T06:06:13.354720+00:00,106.7,20,bid,Freddie Hurd-Wood,YieldingYams,14907082
2026-07-10T06:06:13.419335,2026-07-10T06:06:13.430296+00:00,106.7,3,bid,YieldingYams,Xinhong Shan,14907086
2026-07-10T06:06:13.419335,2026-07-10T06:06:13.430296+00:00,106.8,500,bid,YieldingYams,AverageAlmonds,14907087
2026-07-10T06:06:13.968744,2026-07-10T06:06:13.977930+00:00,106.8,122,ask,YieldingYams,WavyWalnuts,14907096
2026-07-10T06:06:15.181734,2026-07-10T06:06:15.192723+00:00,106.7,3,bid,WavyWalnuts,Xinhong Shan,14907117
2026-07-10T06:06:15.181734,2026-07-10T06:06:15.192723+00:00,106.8,197,bid,WavyWalnuts,YieldingYams,14907118
2026-07-10T06:06:16.379882,2026-07-10T06:06:16.392104+00:00,106.7,16,bid,Freddie Hurd-Wood,AverageAlmonds,14907141
2026-07-10T06:06:17.398751,2026-07-10T06:06:17.405987+00:00,106.7,4,bid,YieldingYams,Xinhong Shan,14907150
2026-07-10T06:06:17.398751,2026-07-10T06:06:17.411245+00:00,106.7,500,bid,YieldingYams,AverageAlmonds,14907151
2026-07-10T06:06:17.976449,2026-07-10T06:06:17.985276+00:00,106.7,121,ask,YieldingYams,AverageAlmonds,14907161
2026-07-10T06:06:17.976449,2026-07-10T06:06:17.985276+00:00,106.7,200,ask,WavyWalnuts,AverageAlmonds,14907162
2026-07-10T06:06:18.717808,2026-07-10T06:06:18.725450+00:00,106.6,4,ask,Xinhong Shan,YieldingYams,14907175
2026-07-10T06:06:18.737798,2026-07-10T06:06:18.742580+00:00,106.5,4,bid,Xuanyu Liu,YieldingYams,14907177
2026-07-10T06:06:18.830529,2026-07-10T06:06:18.838648+00:00,106.5,200,bid,WavyWalnuts,YieldingYams,14907179
2026-07-10T06:06:20.050591,2026-07-10T06:06:20.055355+00:00,106.5,4,bid,WavyWalnuts,Xinhong Shan,14907192
2026-07-10T06:06:21.268917,2026-07-10T06:06:21.279776+00:00,106.6,200,bid,WavyWalnuts,YieldingYams,14907203
2026-07-10T06:06:21.371662,2026-07-10T06:06:21.379671+00:00,106.6,4,bid,Zhangyue Shen,Xinhong Shan,14907209
2026-07-10T06:06:21.371662,2026-07-10T06:06:21.385044+00:00,106.7,8,bid,Zhangyue Shen,YieldingYams,14907210
2026-07-10T06:06:21.551196,2026-07-10T06:06:21.558541+00:00,106.7,20,bid,BrilliantBurritos,YieldingYams,14907212
2026-07-10T06:06:23.885618,2026-07-10T06:06:23.896308+00:00,106.6,4,bid,Zhangyue Shen,Xinhong Shan,14907237
2026-07-10T06:06:23.885618,2026-07-10T06:06:23.896308+00:00,106.6,8,bid,Zhangyue Shen,WavyWalnuts,14907238
2026-07-10T06:06:23.978581,2026-07-10T06:06:23.986604+00:00,106.6,192,bid,YieldingYams,WavyWalnuts,14907240
2026-07-10T06:06:25.300160,2026-07-10T06:06:25.310491+00:00,106.6,4,ask,Xinhong Shan,YieldingYams,14907258
2026-07-10T06:06:25.300160,2026-07-10T06:06:25.310491+00:00,106.5,200,ask,WavyWalnuts,YieldingYams,14907259
2026-07-10T06:06:25.838069,2026-07-10T06:06:25.847003+00:00,106.5,421,bid,AverageAlmonds,YieldingYams,14907271
2026-07-10T06:06:25.838069,2026-07-10T06:06:25.847003+00:00,106.5,4,bid,AverageAlmonds,Xinhong Shan,14907272
2026-07-10T06:06:26.129985,2026-07-10T06:06:26.159133+00:00,106.5,75,ask,AverageAlmonds,WavyWalnuts,14907278
2026-07-10T06:06:26.129985,2026-07-10T06:06:26.159133+00:00,106.4,5,ask,Kelvin Chan,WavyWalnuts,14907279
2026-07-10T06:06:26.129985,2026-07-10T06:06:26.159133+00:00,106.4,4,ask,Xinhong Shan,WavyWalnuts,14907280
2026-07-10T06:06:26.460028,2026-07-10T06:06:26.469364+00:00,106.4,116,bid,AverageAlmonds,WavyWalnuts,14907287
2026-07-10T06:06:27.346786,2026-07-10T06:06:27.369140+00:00,106.6,200,ask,YieldingYams,WavyWalnuts,14907299
2026-07-10T06:06:27.519754,2026-07-10T06:06:27.564446+00:00,106.7,2,bid,BrilliantBurritos,Kelvin Chan,14907303
2026-07-10T06:06:27.519754,2026-07-10T06:06:27.564446+00:00,106.7,4,bid,BrilliantBurritos,Xinhong Shan,14907304
2026-07-10T06:06:27.827487,2026-07-10T06:06:27.836119+00:00,106.6,12,ask,YieldingYams,Zhangyue Shen,14907312
2026-07-10T06:06:27.934902,2026-07-10T06:06:27.963662+00:00,106.6,4,ask,Xinhong Shan,YieldingYams,14907313
2026-07-10T06:06:28.820393,2026-07-10T06:06:28.832841+00:00,106.5,20,ask,WavyWalnuts,BrilliantBurritos,14907335
2026-07-10T06:06:29.256896,2026-07-10T06:06:29.269262+00:00,106.5,180,ask,WavyWalnuts,YieldingYams,14907341
2026-07-10T06:06:29.256896,2026-07-10T06:06:29.269262+00:00,106.5,4,ask,Xinhong Shan,YieldingYams,14907342
2026-07-10T06:06:29.256896,2026-07-10T06:06:29.269262+00:00,106.4,3,ask,Kelvin Chan,YieldingYams,14907343
2026-07-10T06:06:30.805763,2026-07-10T06:06:30.817415+00:00,106.3,4,ask,Kelvin Chan,BrilliantBurritos,14907376
2026-07-10T06:06:30.805763,2026-07-10T06:06:30.817415+00:00,106.3,16,ask,WavyWalnuts,BrilliantBurritos,14907377
2026-07-10T06:06:31.950214,2026-07-10T06:06:31.974536+00:00,106.4,200,bid,YieldingYams,WavyWalnuts,14907397
2026-07-10T06:06:31.950214,2026-07-10T06:06:31.974536+00:00,106.4,4,bid,YieldingYams,Xinhong Shan,14907398
2026-07-10T06:06:31.968533,2026-07-10T06:06:31.974536+00:00,106.4,12,ask,YieldingYams,Xuanyu Liu,14907401
2026-07-10T06:06:32.121940,2026-07-10T06:06:32.134798+00:00,106.4,12,ask,YieldingYams,Zhangyue Shen,14907413
2026-07-10T06:06:32.201991,2026-07-10T06:06:32.212370+00:00,106.4,200,ask,YieldingYams,WavyWalnuts,14907417
2026-07-10T06:06:32.413127,2026-07-10T06:06:32.425396+00:00,106.4,18,ask,YieldingYams,Freddie Hurd-Wood,14907424
2026-07-10T06:06:33.277426,2026-07-10T06:06:33.298818+00:00,106.4,4,ask,Xinhong Shan,YieldingYams,14907438
2026-07-10T06:06:33.277426,2026-07-10T06:06:33.298818+00:00,106.4,500,ask,AverageAlmonds,YieldingYams,14907439
2026-07-10T06:06:33.419191,2026-07-10T06:06:33.429208+00:00,106.4,121,bid,WavyWalnuts,YieldingYams,14907445
2026-07-10T06:06:34.163916,2026-07-10T06:06:34.172767+00:00,106.4,21,ask,WavyWalnuts,Zhangyue Shen,14907459
2026-07-10T06:06:34.682132,2026-07-10T06:06:34.690749+00:00,106.4,3,ask,Xinhong Shan,Zhangyue Shen,14907478
2026-07-10T06:06:36.145691,2026-07-10T06:06:36.155130+00:00,106.5,200,bid,AverageAlmonds,WavyWalnuts,14907496
2026-07-10T06:06:36.145691,2026-07-10T06:06:36.155130+00:00,106.5,4,bid,AverageAlmonds,Xinhong Shan,14907497
2026-07-10T06:06:36.442409,2026-07-10T06:06:36.463648+00:00,106.5,12,ask,AverageAlmonds,Zhangyue Shen,14907505
2026-07-10T06:06:37.237892,2026-07-10T06:06:37.247370+00:00,106.5,500,ask,AverageAlmonds,YieldingYams,14907528
2026-07-10T06:06:37.237892,2026-07-10T06:06:37.247370+00:00,106.5,4,ask,Xinhong Shan,YieldingYams,14907529
2026-07-10T06:06:37.343029,2026-07-10T06:06:37.354646+00:00,106.5,121,bid,AverageAlmonds,YieldingYams,14907532
2026-07-10T06:06:37.343029,2026-07-10T06:06:37.354646+00:00,106.6,4,bid,AverageAlmonds,Xinhong Shan,14907533
2026-07-10T06:06:37.382228,2026-07-10T06:06:37.386828+00:00,106.6,11,ask,AverageAlmonds,Xuanyu Liu,14907536
2026-07-10T06:06:37.432741,2026-07-10T06:06:37.448499+00:00,106.6,37,ask,AverageAlmonds,Freddie Hurd-Wood,14907537
2026-07-10T06:06:41.452363,2026-07-10T06:06:41.464296+00:00,106.7,2,bid,Freddie Hurd-Wood,Kelvin Chan,14907625
2026-07-10T06:06:41.452363,2026-07-10T06:06:41.464296+00:00,106.7,4,bid,Freddie Hurd-Wood,Xinhong Shan,14907626
2026-07-10T06:06:42.468645,2026-07-10T06:06:42.481283+00:00,106.6,6,ask,YieldingYams,Freddie Hurd-Wood,14907645
2026-07-10T06:06:43.181034,2026-07-10T06:06:43.191198+00:00,106.6,4,ask,Xinhong Shan,WavyWalnuts,14907655
2026-07-10T06:06:43.844901,2026-07-10T06:06:43.849896+00:00,106.6,196,bid,YieldingYams,WavyWalnuts,14907662
2026-07-10T06:06:43.844901,2026-07-10T06:06:43.849896+00:00,106.7,2,bid,YieldingYams,Kelvin Chan,14907663
2026-07-10T06:06:43.844901,2026-07-10T06:06:43.855382+00:00,106.7,4,bid,YieldingYams,Xinhong Shan,14907664
2026-07-10T06:06:43.865492,2026-07-10T06:06:43.870069+00:00,106.7,12,ask,YieldingYams,Xuanyu Liu,14907666
2026-07-10T06:06:44.392382,2026-07-10T06:06:44.405828+00:00,106.7,200,ask,YieldingYams,WavyWalnuts,14907683
2026-07-10T06:06:44.485451,2026-07-10T06:06:44.492325+00:00,106.7,13,ask,YieldingYams,Freddie Hurd-Wood,14907685
2026-07-10T06:06:45.194639,2026-07-10T06:06:45.206783+00:00,106.7,4,ask,Xinhong Shan,YieldingYams,14907701
2026-07-10T06:06:45.503247,2026-07-10T06:06:45.519052+00:00,106.6,5,bid,Freddie Hurd-Wood,YieldingYams,14907706
2026-07-10T06:06:45.606640,2026-07-10T06:06:45.615552+00:00,106.6,200,bid,WavyWalnuts,YieldingYams,14907711
2026-07-10T06:06:46.512412,2026-07-10T06:06:46.522896+00:00,106.6,4,bid,YieldingYams,Xinhong Shan,14907730
2026-07-10T06:06:46.528636,2026-07-10T06:06:46.538782+00:00,106.7,4,ask,YieldingYams,Freddie Hurd-Wood,14907733
2026-07-10T06:06:46.825137,2026-07-10T06:06:46.832491+00:00,106.7,200,ask,YieldingYams,WavyWalnuts,14907746
2026-07-10T06:06:48.546560,2026-07-10T06:06:48.554582+00:00,106.7,1,ask,Xinhong Shan,Freddie Hurd-Wood,14907762
2026-07-10T06:06:49.178523,2026-07-10T06:06:49.188183+00:00,106.7,3,ask,Xinhong Shan,YieldingYams,14907780
2026-07-10T06:06:50.459747,2026-07-10T06:06:50.469991+00:00,106.5,200,ask,YieldingYams,WavyWalnuts,14907791
2026-07-10T06:06:51.938455,2026-07-10T06:06:51.944958+00:00,106.5,4,ask,Xinhong Shan,Xuanyu Liu,14907835
2026-07-10T06:06:51.938455,2026-07-10T06:06:51.944958+00:00,106.5,18,ask,YieldingYams,Xuanyu Liu,14907836
2026-07-10T06:06:52.564531,2026-07-10T06:06:52.575926+00:00,106.5,22,ask,YieldingYams,Freddie Hurd-Wood,14907860
2026-07-10T06:06:53.157120,2026-07-10T06:06:53.163804+00:00,106.5,4,ask,Xinhong Shan,YieldingYams,14907876
2026-07-10T06:06:53.232233,2026-07-10T06:06:53.263702+00:00,106.5,3,bid,Zhangyue Shen,YieldingYams,14907877
2026-07-10T06:06:53.966837,2026-07-10T06:06:53.971599+00:00,106.5,11,bid,Xuanyu Liu,YieldingYams,14907907
2026-07-10T06:06:54.009407,2026-07-10T06:06:54.021451+00:00,106.4,3,ask,Xinhong Shan,Zhangyue Shen,14907908
2026-07-10T06:06:54.471196,2026-07-10T06:06:54.480399+00:00,106.5,3,bid,YieldingYams,Xinhong Shan,14907913
2026-07-10T06:06:54.471196,2026-07-10T06:06:54.485598+00:00,106.5,200,bid,YieldingYams,WavyWalnuts,14907914
2026-07-10T06:06:55.326463,2026-07-10T06:06:55.337933+00:00,106.6,200,ask,YieldingYams,WavyWalnuts,14907934
2026-07-10T06:06:55.579857,2026-07-10T06:06:55.592704+00:00,106.6,10,ask,YieldingYams,Freddie Hurd-Wood,14907941
2026-07-10T06:06:55.790518,2026-07-10T06:06:55.801506+00:00,106.6,3,ask,Xinhong Shan,YieldingYams,14907950
2026-07-10T06:06:57.120940,2026-07-10T06:06:57.126063+00:00,106.6,3,bid,Xuanyu Liu,Xinhong Shan,14907973
2026-07-10T06:06:57.596360,2026-07-10T06:06:57.606302+00:00,106.7,5,bid,Freddie Hurd-Wood,WavyWalnuts,14907981
2026-07-10T06:06:58.418371,2026-07-10T06:06:58.427561+00:00,106.6,200,ask,WavyWalnuts,YieldingYams,14907992
2026-07-10T06:06:58.418371,2026-07-10T06:06:58.427561+00:00,106.5,3,ask,Xinhong Shan,YieldingYams,14907993
2026-07-10T06:06:58.439427,2026-07-10T06:06:58.444277+00:00,106.5,20,bid,Xuanyu Liu,YieldingYams,14907995
2026-07-10T06:06:58.608965,2026-07-10T06:06:58.669455+00:00,106.5,5,bid,Freddie Hurd-Wood,YieldingYams,14907996
2026-07-10T06:06:59.604643,2026-07-10T06:06:59.611792+00:00,106.5,11,bid,Zhangyue Shen,YieldingYams,14908023
2026-07-10T06:06:59.875270,2026-07-10T06:06:59.886932+00:00,106.5,3,bid,BrilliantBurritos,Xinhong Shan,14908029
2026-07-10T06:07:01.041841,2026-07-10T06:07:01.053389+00:00,106.5,200,bid,YieldingYams,WavyWalnuts,14908040
2026-07-10T06:07:01.041841,2026-07-10T06:07:01.053389+00:00,106.5,3,bid,YieldingYams,Xinhong Shan,14908041
2026-07-10T06:07:03.805000,2026-07-10T06:07:03.814607+00:00,106.6,4,bid,WavyWalnuts,Xinhong Shan,14908074
2026-07-10T06:07:03.805000,2026-07-10T06:07:03.814607+00:00,106.6,196,bid,WavyWalnuts,YieldingYams,14908075
2026-07-10T06:07:05.022456,2026-07-10T06:07:05.048282+00:00,106.5,4,ask,Xinhong Shan,WavyWalnuts,14908088
2026-07-10T06:07:05.043250,2026-07-10T06:07:05.048282+00:00,106.5,11,bid,Xuanyu Liu,WavyWalnuts,14908090
2026-07-10T06:07:05.643469,2026-07-10T06:07:05.664007+00:00,106.5,13,bid,Freddie Hurd-Wood,WavyWalnuts,14908096
2026-07-10T06:07:06.245900,2026-07-10T06:07:06.258627+00:00,106.4,200,ask,YieldingYams,WavyWalnuts,14908104
2026-07-10T06:07:06.305083,2026-07-10T06:07:06.313097+00:00,106.4,4,ask,Xinhong Shan,YieldingYams,14908106
2026-07-10T06:07:06.326484,2026-07-10T06:07:06.332383+00:00,106.4,12,bid,Xuanyu Liu,YieldingYams,14908108
2026-07-10T06:07:08.674328,2026-07-10T06:07:08.678260+00:00,106.3,200,ask,YieldingYams,WavyWalnuts,14908145
2026-07-10T06:07:09.500844,2026-07-10T06:07:09.510653+00:00,106.4,4,bid,Zhangyue Shen,YieldingYams,14908152
2026-07-10T06:07:10.258153,2026-07-10T06:07:10.271153+00:00,106.4,8,bid,Zhangyue Shen,YieldingYams,14908176
2026-07-10T06:07:10.273363,2026-07-10T06:07:10.281510+00:00,106.3,3,ask,Xinhong Shan,YieldingYams,14908177
2026-07-10T06:07:11.863054,2026-07-10T06:07:11.879285+00:00,106.3,3,bid,AverageAlmonds,Xinhong Shan,14908193
2026-07-10T06:07:11.863054,2026-07-10T06:07:11.879285+00:00,106.3,497,bid,AverageAlmonds,YieldingYams,14908194
2026-07-10T06:07:12.894299,2026-07-10T06:07:12.906477+00:00,106.3,3,bid,YieldingYams,Xinhong Shan,14908208
2026-07-10T06:07:13.516563,2026-07-10T06:07:13.525587+00:00,106.3,200,ask,YieldingYams,WavyWalnuts,14908222
2026-07-10T06:07:15.503022,2026-07-10T06:07:15.514484+00:00,106.4,200,bid,AverageAlmonds,WavyWalnuts,14908246
2026-07-10T06:07:15.503022,2026-07-10T06:07:15.514484+00:00,106.4,4,bid,AverageAlmonds,Xinhong Shan,14908247
2026-07-10T06:07:16.324127,2026-07-10T06:07:16.333868+00:00,106.5,12,bid,Zhangyue Shen,YieldingYams,14908262
2026-07-10T06:07:16.580265,2026-07-10T06:07:16.592592+00:00,106.5,12,bid,Zhangyue Shen,YieldingYams,14908269
2026-07-10T06:07:16.670141,2026-07-10T06:07:16.682277+00:00,106.5,17,bid,Freddie Hurd-Wood,YieldingYams,14908271
2026-07-10T06:07:18.089624,2026-07-10T06:07:18.100116+00:00,106.4,20,ask,WavyWalnuts,BrilliantBurritos,14908288
2026-07-10T06:07:19.484689,2026-07-10T06:07:19.492058+00:00,106.5,200,bid,YieldingYams,WavyWalnuts,14908308
2026-07-10T06:07:19.484689,2026-07-10T06:07:19.497023+00:00,106.5,4,bid,YieldingYams,Xinhong Shan,14908309
2026-07-10T06:07:20.775669,2026-07-10T06:07:20.784867+00:00,106.5,200,ask,YieldingYams,WavyWalnuts,14908330
2026-07-10T06:07:20.806284,2026-07-10T06:07:20.815430+00:00,106.5,4,ask,Xinhong Shan,YieldingYams,14908331
2026-07-10T06:07:20.806284,2026-07-10T06:07:20.833951+00:00,106.3,200,ask,WavyWalnuts,YieldingYams,14908332
2026-07-10T06:07:20.828925,2026-07-10T06:07:20.833951+00:00,106.3,14,bid,Xuanyu Liu,YieldingYams,14908334
2026-07-10T06:07:20.927839,2026-07-10T06:07:20.939765+00:00,106.3,407,bid,AverageAlmonds,YieldingYams,14908335
2026-07-10T06:07:23.431524,2026-07-10T06:07:23.440791+00:00,106.4,4,ask,Xinhong Shan,YieldingYams,14908373
2026-07-10T06:07:24.400153,2026-07-10T06:07:24.411510+00:00,106.4,200,bid,WavyWalnuts,YieldingYams,14908388
2026-07-10T06:07:24.769851,2026-07-10T06:07:24.777185+00:00,106.4,4,bid,Zhangyue Shen,Xinhong Shan,14908391
2026-07-10T06:07:24.769851,2026-07-10T06:07:24.782650+00:00,106.5,8,bid,Zhangyue Shen,YieldingYams,14908392
2026-07-10T06:07:25.628106,2026-07-10T06:07:25.632486+00:00,106.4,3,ask,WavyWalnuts,Xuanyu Liu,14908411
2026-07-10T06:07:26.688119,2026-07-10T06:07:26.692739+00:00,106.5,3,bid,Xuanyu Liu,YieldingYams,14908426
2026-07-10T06:07:26.693117,2026-07-10T06:07:26.708411+00:00,106.5,40,bid,Freddie Hurd-Wood,YieldingYams,14908427
2026-07-10T06:07:26.805570,2026-07-10T06:07:26.815777+00:00,106.5,12,bid,Zhangyue Shen,YieldingYams,14908431
2026-07-10T06:07:27.063054,2026-07-10T06:07:27.070166+00:00,106.5,12,bid,Zhangyue Shen,YieldingYams,14908437
2026-07-10T06:07:27.362953,2026-07-10T06:07:27.369787+00:00,106.5,4,bid,YieldingYams,Xinhong Shan,14908440
2026-07-10T06:07:28.037517,2026-07-10T06:07:28.046263+00:00,106.5,200,ask,YieldingYams,WavyWalnuts,14908450
2026-07-10T06:07:29.353406,2026-07-10T06:07:29.365769+00:00,106.6,4,bid,Zhangyue Shen,Xinhong Shan,14908470
2026-07-10T06:07:29.611861,2026-07-10T06:07:29.622278+00:00,106.7,8,bid,Zhangyue Shen,YieldingYams,14908475
2026-07-10T06:07:31.299579,2026-07-10T06:07:31.311133+00:00,106.7,46,bid,YieldingYams,Kelvin Chan,14908504
2026-07-10T06:07:31.299579,2026-07-10T06:07:31.311133+00:00,106.7,200,bid,YieldingYams,WavyWalnuts,14908505
2026-07-10T06:07:31.299579,2026-07-10T06:07:31.311133+00:00,106.7,4,bid,YieldingYams,Xinhong Shan,14908506
2026-07-10T06:07:31.299579,2026-07-10T06:07:31.316530+00:00,106.7,375,bid,YieldingYams,AverageAlmonds,14908507
2026-07-10T06:07:32.887779,2026-07-10T06:07:32.900255+00:00,106.7,4,bid,WavyWalnuts,Xinhong Shan,14908536
2026-07-10T06:07:32.887779,2026-07-10T06:07:32.900255+00:00,106.7,8,bid,WavyWalnuts,Kelvin Chan,14908537
2026-07-10T06:07:32.887779,2026-07-10T06:07:32.900255+00:00,106.7,188,bid,WavyWalnuts,AverageAlmonds,14908538
2026-07-10T06:07:34.108574,2026-07-10T06:07:34.119940+00:00,106.7,5,bid,WavyWalnuts,Kelvin Chan,14908561
2026-07-10T06:07:34.108574,2026-07-10T06:07:34.119940+00:00,106.7,195,bid,WavyWalnuts,AverageAlmonds,14908562
2026-07-10T06:07:35.229744,2026-07-10T06:07:35.239223+00:00,106.7,12,bid,Zhangyue Shen,AverageAlmonds,14908585
2026-07-10T06:07:35.243642,2026-07-10T06:07:35.254634+00:00,106.7,488,bid,YieldingYams,AverageAlmonds,14908586
2026-07-10T06:07:35.243642,2026-07-10T06:07:35.254634+00:00,106.7,4,bid,YieldingYams,Xinhong Shan,14908587
2026-07-10T06:07:35.243642,2026-07-10T06:07:35.254634+00:00,106.7,4,bid,YieldingYams,Kelvin Chan,14908588
2026-07-10T06:07:35.476286,2026-07-10T06:07:35.484797+00:00,106.8,129,ask,YieldingYams,AverageAlmonds,14908590
2026-07-10T06:07:35.476286,2026-07-10T06:07:35.490270+00:00,106.8,200,ask,WavyWalnuts,AverageAlmonds,14908591
2026-07-10T06:07:35.515463,2026-07-10T06:07:35.526698+00:00,106.8,12,bid,Zhangyue Shen,AverageAlmonds,14908594
2026-07-10T06:07:36.303766,2026-07-10T06:07:36.313084+00:00,106.7,3,bid,Zhangyue Shen,Kelvin Chan,14908608
2026-07-10T06:07:36.535158,2026-07-10T06:07:36.544734+00:00,106.7,2,bid,WavyWalnuts,Kelvin Chan,14908613
2026-07-10T06:07:36.545268,2026-07-10T06:07:36.563893+00:00,106.7,20,ask,WavyWalnuts,BrilliantBurritos,14908614
2026-07-10T06:07:36.560303,2026-07-10T06:07:36.574944+00:00,106.8,4,bid,Zhangyue Shen,Xinhong Shan,14908616
2026-07-10T06:07:36.560303,2026-07-10T06:07:36.574944+00:00,106.8,3,bid,Zhangyue Shen,AverageAlmonds,14908617
2026-07-10T06:07:36.568996,2026-07-10T06:07:36.580242+00:00,106.7,178,ask,WavyWalnuts,YieldingYams,14908618
2026-07-10T06:07:36.715179,2026-07-10T06:07:36.769114+00:00,106.7,20,bid,Freddie Hurd-Wood,YieldingYams,14908620
2026-07-10T06:07:38.964703,2026-07-10T06:07:38.975168+00:00,106.7,4,bid,WavyWalnuts,Xinhong Shan,14908666
2026-07-10T06:07:38.964703,2026-07-10T06:07:38.975168+00:00,106.8,196,bid,WavyWalnuts,YieldingYams,14908667
2026-07-10T06:07:39.255969,2026-07-10T06:07:39.252853+00:00,106.8,5,bid,YieldingYams,Xinhong Shan,14908672
2026-07-10T06:07:40.569568,2026-07-10T06:07:40.580629+00:00,106.9,5,bid,YieldingYams,Xinhong Shan,14908692
2026-07-10T06:07:40.569568,2026-07-10T06:07:40.580629+00:00,106.9,500,bid,YieldingYams,AverageAlmonds,14908693
2026-07-10T06:07:40.937232,2026-07-10T06:07:40.945438+00:00,106.9,120,ask,YieldingYams,AverageAlmonds,14908699
2026-07-10T06:07:41.392179,2026-07-10T06:07:41.399395+00:00,106.9,200,bid,WavyWalnuts,AverageAlmonds,14908711
2026-07-10T06:07:43.822936,2026-07-10T06:07:43.830481+00:00,106.9,200,bid,WavyWalnuts,YieldingYams,14908750
2026-07-10T06:07:44.518815,2026-07-10T06:07:44.530491+00:00,106.9,5,bid,YieldingYams,Xinhong Shan,14908772
2026-07-10T06:07:44.530239,2026-07-10T06:07:44.542219+00:00,106.9,20,ask,YieldingYams,BrilliantBurritos,14908773
2026-07-10T06:07:45.797144,2026-07-10T06:07:45.806231+00:00,106.9,500,ask,YieldingYams,AverageAlmonds,14908788
2026-07-10T06:07:45.832220,2026-07-10T06:07:45.842542+00:00,106.9,5,ask,Xinhong Shan,YieldingYams,14908789
2026-07-10T06:07:46.389443,2026-07-10T06:07:46.398872+00:00,106.8,200,ask,WavyWalnuts,AverageAlmonds,14908798
2026-07-10T06:07:46.389443,2026-07-10T06:07:46.398872+00:00,106.8,5,ask,Xinhong Shan,AverageAlmonds,14908799
2026-07-10T06:07:47.466251,2026-07-10T06:07:47.475694+00:00,106.8,200,bid,WavyWalnuts,AverageAlmonds,14908818
2026-07-10T06:07:48.227891,2026-07-10T06:07:48.232776+00:00,106.7,3,bid,Xuanyu Liu,AverageAlmonds,14908829
2026-07-10T06:07:48.460457,2026-07-10T06:07:48.470172+00:00,106.7,497,bid,YieldingYams,AverageAlmonds,14908834
2026-07-10T06:07:48.460457,2026-07-10T06:07:48.470172+00:00,106.7,5,bid,YieldingYams,Xinhong Shan,14908835
2026-07-10T06:07:48.678070,2026-07-10T06:07:48.686942+00:00,106.9,200,bid,WavyWalnuts,YieldingYams,14908836
2026-07-10T06:07:49.777046,2026-07-10T06:07:49.784316+00:00,106.7,5,ask,Xinhong Shan,YieldingYams,14908856
2026-07-10T06:07:49.890488,2026-07-10T06:07:49.899110+00:00,106.6,200,bid,WavyWalnuts,YieldingYams,14908857
2026-07-10T06:07:54.741925,2026-07-10T06:07:54.752555+00:00,106.6,5,bid,WavyWalnuts,Xinhong Shan,14908935
2026-07-10T06:07:56.336057,2026-07-10T06:07:56.347840+00:00,106.7,200,ask,WavyWalnuts,YieldingYams,14908957
2026-07-10T06:08:00.270601,2026-07-10T06:08:00.279837+00:00,106.7,5,bid,YieldingYams,Xinhong Shan,14909014
2026-07-10T06:08:00.765098,2026-07-10T06:08:00.769654+00:00,106.7,3,ask,YieldingYams,Xuanyu Liu,14909020
2026-07-10T06:08:00.806145,2026-07-10T06:08:00.816834+00:00,106.7,200,ask,YieldingYams,WavyWalnuts,14909021
2026-07-10T06:08:03.240031,2026-07-10T06:08:03.248136+00:00,106.7,5,ask,Xinhong Shan,WavyWalnuts,14909059
2026-07-10T06:08:03.240031,2026-07-10T06:08:03.253153+00:00,106.6,195,ask,YieldingYams,WavyWalnuts,14909060
2026-07-10T06:08:04.216792,2026-07-10T06:08:04.228081+00:00,106.6,5,ask,Xinhong Shan,YieldingYams,14909079
2026-07-10T06:08:04.216792,2026-07-10T06:08:04.228081+00:00,106.5,1,ask,Kelvin Chan,YieldingYams,14909080
2026-07-10T06:08:04.452564,2026-07-10T06:08:04.458621+00:00,106.5,200,bid,WavyWalnuts,YieldingYams,14909081
2026-07-10T06:08:05.307767,2026-07-10T06:08:05.319960+00:00,106.4,3,ask,Kelvin Chan,Zhangyue Shen,14909102
2026-07-10T06:08:05.307767,2026-07-10T06:08:05.319960+00:00,106.4,5,ask,Xinhong Shan,Zhangyue Shen,14909103
2026-07-10T06:08:05.565802,2026-07-10T06:08:05.574220+00:00,106.4,4,ask,YieldingYams,Zhangyue Shen,14909106
2026-07-10T06:08:05.668200,2026-07-10T06:08:05.679607+00:00,106.5,5,bid,WavyWalnuts,Xinhong Shan,14909109
2026-07-10T06:08:06.888341,2026-07-10T06:08:06.900107+00:00,106.5,5,ask,Xinhong Shan,WavyWalnuts,14909133
2026-07-10T06:08:06.888341,2026-07-10T06:08:06.900107+00:00,106.5,195,ask,YieldingYams,WavyWalnuts,14909134
2026-07-10T06:08:08.396311,2026-07-10T06:08:08.405341+00:00,106.6,10,bid,Zhangyue Shen,WavyWalnuts,14909165
2026-07-10T06:08:09.326310,2026-07-10T06:08:09.334258+00:00,106.5,5,ask,Xinhong Shan,WavyWalnuts,14909183
2026-07-10T06:08:10.830431,2026-07-10T06:08:10.840069+00:00,106.4,4,ask,Xinhong Shan,YieldingYams,14909213
2026-07-10T06:08:10.830431,2026-07-10T06:08:10.840069+00:00,106.3,200,ask,WavyWalnuts,YieldingYams,14909214
2026-07-10T06:08:10.830431,2026-07-10T06:08:10.845509+00:00,106.3,421,ask,AverageAlmonds,YieldingYams,14909215
2026-07-10T06:08:11.708093,2026-07-10T06:08:11.764167+00:00,106.3,10,ask,AverageAlmonds,Zhangyue Shen,14909237
2026-07-10T06:08:12.166045,2026-07-10T06:08:12.171200+00:00,106.4,3,ask,YieldingYams,Xuanyu Liu,14909247
2026-07-10T06:08:12.979320,2026-07-10T06:08:13.019677+00:00,106.5,4,bid,WavyWalnuts,Xinhong Shan,14909268
2026-07-10T06:08:13.014481,2026-07-10T06:08:13.019677+00:00,106.5,11,ask,WavyWalnuts,Xuanyu Liu,14909271
2026-07-10T06:08:13.475543,2026-07-10T06:08:13.484773+00:00,106.5,10,ask,WavyWalnuts,Zhangyue Shen,14909280
2026-07-10T06:08:14.232609,2026-07-10T06:08:14.240826+00:00,106.6,4,bid,AverageAlmonds,Xinhong Shan,14909291
2026-07-10T06:08:14.232609,2026-07-10T06:08:14.271834+00:00,106.6,200,bid,AverageAlmonds,WavyWalnuts,14909292
2026-07-10T06:08:14.266428,2026-07-10T06:08:14.271834+00:00,106.6,4,ask,AverageAlmonds,Xuanyu Liu,14909296
2026-07-10T06:08:14.766762,2026-07-10T06:08:14.774502+00:00,106.6,292,ask,AverageAlmonds,YieldingYams,14909308
2026-07-10T06:08:14.766762,2026-07-10T06:08:14.779740+00:00,106.6,5,ask,Xinhong Shan,YieldingYams,14909309
2026-07-10T06:08:14.766762,2026-07-10T06:08:14.779740+00:00,106.4,200,ask,WavyWalnuts,YieldingYams,14909310
2026-07-10T06:08:14.793255,2026-07-10T06:08:14.798600+00:00,106.4,15,bid,Xuanyu Liu,YieldingYams,14909312
2026-07-10T06:08:14.829126,2026-07-10T06:08:14.839986+00:00,106.4,113,bid,AverageAlmonds,YieldingYams,14909314
2026-07-10T06:08:15.412582,2026-07-10T06:08:15.421752+00:00,106.6,200,ask,AverageAlmonds,WavyWalnuts,14909324
2026-07-10T06:08:16.624559,2026-07-10T06:08:16.658633+00:00,106.6,200,ask,AverageAlmonds,WavyWalnuts,14909345
2026-07-10T06:08:16.675732,2026-07-10T06:08:16.685462+00:00,106.7,4,bid,AverageAlmonds,Xinhong Shan,14909346
2026-07-10T06:08:17.103751,2026-07-10T06:08:17.115797+00:00,106.7,20,ask,AverageAlmonds,BrilliantBurritos,14909356
2026-07-10T06:08:17.435706,2026-07-10T06:08:17.458667+00:00,106.8,7,bid,YieldingYams,Kelvin Chan,14909363
2026-07-10T06:08:17.444957,2026-07-10T06:08:17.469114+00:00,106.8,5,ask,YieldingYams,Xinhong Shan,14909364
2026-07-10T06:08:17.836241,2026-07-10T06:08:17.847924+00:00,106.8,200,ask,YieldingYams,WavyWalnuts,14909372
2026-07-10T06:08:19.047145,2026-07-10T06:08:19.063674+00:00,106.8,5,ask,Xinhong Shan,WavyWalnuts,14909395
2026-07-10T06:08:20.311023,2026-07-10T06:08:20.323451+00:00,106.7,5,ask,Xinhong Shan,Zhangyue Shen,14909424
2026-07-10T06:08:20.311023,2026-07-10T06:08:20.323451+00:00,106.7,7,ask,YieldingYams,Zhangyue Shen,14909425
2026-07-10T06:08:21.376623,2026-07-10T06:08:21.385253+00:00,106.8,200,bid,YieldingYams,WavyWalnuts,14909441
