timestamp,recv_time,price,volume,aggressor_side,buyer,seller,trade_id
2026-07-09T03:00:00.335012,2026-07-09T03:00:00.345345+00:00,120.8,200,ask,WavyWalnuts,YieldingYams,13010685
2026-07-09T03:00:01.068981,2026-07-09T03:00:01.078073+00:00,120.8,200,bid,WavyWalnuts,YieldingYams,13010696
2026-07-09T03:00:01.685907,2026-07-09T03:00:01.697843+00:00,120.9,20,ask,YieldingYams,Heero Sipayung,13010711
2026-07-09T03:00:01.712309,2026-07-09T03:00:01.724096+00:00,120.9,20,ask,YieldingYams,Heero Sipayung,13010713
2026-07-09T03:00:01.775060,2026-07-09T03:00:01.780408+00:00,120.9,20,ask,YieldingYams,Heero Sipayung,13010717
2026-07-09T03:00:01.803666,2026-07-09T03:00:01.818753+00:00,120.9,20,ask,YieldingYams,Heero Sipayung,13010720
2026-07-09T03:00:01.861386,2026-07-09T03:00:01.870783+00:00,120.9,20,ask,YieldingYams,Heero Sipayung,13010724
2026-07-09T03:00:01.904134,2026-07-09T03:00:01.912424+00:00,120.9,20,ask,YieldingYams,Heero Sipayung,13010727
2026-07-09T03:00:02.221665,2026-07-09T03:00:02.232187+00:00,120.9,500,ask,YieldingYams,AverageAlmonds,13010731
2026-07-09T03:00:02.956749,2026-07-09T03:00:02.965154+00:00,120.8,200,ask,WavyWalnuts,YieldingYams,13010744
2026-07-09T03:00:02.979341,2026-07-09T03:00:02.984465+00:00,120.8,3,bid,Xuanyu Liu,YieldingYams,13010747
2026-07-09T03:00:03.000598,2026-07-09T03:00:03.010554+00:00,120.8,20,bid,Heero Sipayung,YieldingYams,13010749
2026-07-09T03:00:03.108603,2026-07-09T03:00:03.112201+00:00,120.8,20,bid,Heero Sipayung,YieldingYams,13010756
2026-07-09T03:00:04.642433,2026-07-09T03:00:04.653086+00:00,120.9,20,bid,BrilliantBurritos,WavyWalnuts,13010773
2026-07-09T03:00:04.702800,2026-07-09T03:00:04.711554+00:00,120.8,200,ask,YieldingYams,WavyWalnuts,13010775
2026-07-09T03:00:05.413385,2026-07-09T03:00:05.417577+00:00,120.8,3,ask,YieldingYams,Xuanyu Liu,13010796
2026-07-09T03:00:06.890660,2026-07-09T03:00:06.901831+00:00,120.7,200,ask,WavyWalnuts,YieldingYams,13010815
2026-07-09T03:00:07.117851,2026-07-09T03:00:07.127227+00:00,120.6,200,bid,WavyWalnuts,YieldingYams,13010819
2026-07-09T03:00:09.676120,2026-07-09T03:00:09.684498+00:00,120.6,20,ask,YieldingYams,Heero Sipayung,13010862
2026-07-09T03:00:09.700974,2026-07-09T03:00:09.708726+00:00,120.6,20,ask,YieldingYams,Heero Sipayung,13010864
2026-07-09T03:00:09.728744,2026-07-09T03:00:09.740203+00:00,120.6,20,ask,YieldingYams,Heero Sipayung,13010866
2026-07-09T03:00:09.741281,2026-07-09T03:00:09.750787+00:00,120.6,17,ask,YieldingYams,Heero Sipayung,13010868
2026-07-09T03:00:12.676896,2026-07-09T03:00:12.688712+00:00,120.6,20,ask,YieldingYams,BrilliantBurritos,13010910
2026-07-09T03:00:13.120919,2026-07-09T03:00:13.130899+00:00,120.7,20,bid,BrilliantBurritos,WavyWalnuts,13010915
2026-07-09T03:00:13.446134,2026-07-09T03:00:13.455158+00:00,120.7,200,ask,WavyWalnuts,YieldingYams,13010920
2026-07-09T03:00:14.755811,2026-07-09T03:00:14.756721+00:00,120.6,200,bid,YieldingYams,WavyWalnuts,13010942
2026-07-09T03:00:16.071086,2026-07-09T03:00:16.080843+00:00,120.6,200,ask,WavyWalnuts,YieldingYams,13010956
2026-07-09T03:00:16.785110,2026-07-09T03:00:16.800576+00:00,120.6,200,bid,WavyWalnuts,YieldingYams,13010969
2026-07-09T03:00:17.383014,2026-07-09T03:00:17.394045+00:00,120.6,500,bid,YieldingYams,AverageAlmonds,13010980
2026-07-09T03:00:17.926179,2026-07-09T03:00:17.933230+00:00,120.7,125,ask,YieldingYams,AverageAlmonds,13010988
2026-07-09T03:00:18.565558,2026-07-09T03:00:18.574238+00:00,120.5,200,ask,WavyWalnuts,AverageAlmonds,13010993
2026-07-09T03:00:20.008671,2026-07-09T03:00:20.015559+00:00,120.6,200,bid,YieldingYams,WavyWalnuts,13011016
2026-07-09T03:00:20.008671,2026-07-09T03:00:20.020757+00:00,120.6,425,bid,YieldingYams,AverageAlmonds,13011017
2026-07-09T03:00:20.422622,2026-07-09T03:00:20.426890+00:00,120.6,3,ask,WavyWalnuts,Xuanyu Liu,13011021
2026-07-09T03:00:21.248501,2026-07-09T03:00:21.253264+00:00,120.7,3,bid,Xuanyu Liu,AverageAlmonds,13011032
2026-07-09T03:00:21.324054,2026-07-09T03:00:21.333675+00:00,120.6,197,ask,WavyWalnuts,YieldingYams,13011034
2026-07-09T03:00:21.340086,2026-07-09T03:00:21.344223+00:00,120.3,26,bid,Xuanyu Liu,YieldingYams,13011036
2026-07-09T03:00:21.362463,2026-07-09T03:00:21.372185+00:00,120.3,20,bid,Heero Sipayung,YieldingYams,13011038
2026-07-09T03:00:21.405381,2026-07-09T03:00:21.414430+00:00,120.3,20,bid,Heero Sipayung,YieldingYams,13011041
2026-07-09T03:00:21.463770,2026-07-09T03:00:21.474674+00:00,120.3,20,bid,Heero Sipayung,YieldingYams,13011043
2026-07-09T03:00:21.498212,2026-07-09T03:00:21.509239+00:00,120.3,20,bid,Heero Sipayung,YieldingYams,13011045
2026-07-09T03:00:21.544460,2026-07-09T03:00:21.551120+00:00,120.3,20,bid,Heero Sipayung,YieldingYams,13011048
2026-07-09T03:00:21.612961,2026-07-09T03:00:21.622225+00:00,120.3,200,bid,WavyWalnuts,YieldingYams,13011052
2026-07-09T03:00:21.659230,2026-07-09T03:00:21.670753+00:00,120.3,20,bid,Heero Sipayung,YieldingYams,13011055
2026-07-09T03:00:21.676481,2026-07-09T03:00:21.686578+00:00,120.1,2,ask,YieldingYams,Heero Sipayung,13011056
2026-07-09T03:00:22.201553,2026-07-09T03:00:22.211855+00:00,120.3,20,bid,BrilliantBurritos,YieldingYams,13011062
2026-07-09T03:00:22.634497,2026-07-09T03:00:22.641159+00:00,120.6,200,bid,YieldingYams,WavyWalnuts,13011071
2026-07-09T03:00:22.652254,2026-07-09T03:00:22.656106+00:00,120.6,23,ask,YieldingYams,Xuanyu Liu,13011073
2026-07-09T03:00:22.821778,2026-07-09T03:00:22.832709+00:00,120.6,200,ask,YieldingYams,WavyWalnuts,13011077
2026-07-09T03:00:24.415689,2026-07-09T03:00:24.429284+00:00,120.4,20,ask,YieldingYams,Heero Sipayung,13011095
2026-07-09T03:00:24.424925,2026-07-09T03:00:24.429284+00:00,120.4,3,ask,YieldingYams,Xuanyu Liu,13011097
2026-07-09T03:00:24.469378,2026-07-09T03:00:24.480692+00:00,120.4,20,ask,YieldingYams,Heero Sipayung,13011101
2026-07-09T03:00:24.499140,2026-07-09T03:00:24.510878+00:00,120.4,20,ask,YieldingYams,Heero Sipayung,13011103
2026-07-09T03:00:24.521722,2026-07-09T03:00:24.531349+00:00,120.4,20,ask,YieldingYams,Heero Sipayung,13011106
2026-07-09T03:00:24.560563,2026-07-09T03:00:24.572144+00:00,120.4,20,ask,YieldingYams,Heero Sipayung,13011108
2026-07-09T03:00:24.585274,2026-07-09T03:00:24.597223+00:00,120.4,18,ask,YieldingYams,Heero Sipayung,13011110
2026-07-09T03:00:24.743159,2026-07-09T03:00:24.753829+00:00,120.4,10,ask,YieldingYams,Wenze DU,13011119
2026-07-09T03:00:25.091810,2026-07-09T03:00:25.100068+00:00,120.5,10,bid,Wenze DU,WavyWalnuts,13011123
2026-07-09T03:00:28.880123,2026-07-09T03:00:28.891233+00:00,120.5,200,ask,YieldingYams,WavyWalnuts,13011157
2026-07-09T03:00:31.823349,2026-07-09T03:00:31.827171+00:00,120.6,3,bid,Xuanyu Liu,YieldingYams,13011189
2026-07-09T03:00:31.855492,2026-07-09T03:00:31.866188+00:00,120.6,20,bid,Heero Sipayung,YieldingYams,13011191
2026-07-09T03:00:31.904134,2026-07-09T03:00:31.913609+00:00,120.6,10,bid,Wenze DU,YieldingYams,13011194
2026-07-09T03:00:31.960131,2026-07-09T03:00:31.972055+00:00,120.6,20,bid,Heero Sipayung,YieldingYams,13011196
2026-07-09T03:00:31.985187,2026-07-09T03:00:31.995142+00:00,120.6,20,bid,Heero Sipayung,YieldingYams,13011198
2026-07-09T03:00:32.014609,2026-07-09T03:00:32.025463+00:00,120.6,20,bid,Heero Sipayung,YieldingYams,13011200
2026-07-09T03:00:32.063799,2026-07-09T03:00:32.071778+00:00,120.6,20,bid,Heero Sipayung,YieldingYams,13011202
2026-07-09T03:00:32.098523,2026-07-09T03:00:32.108962+00:00,120.6,20,bid,Heero Sipayung,YieldingYams,13011205
2026-07-09T03:00:32.130616,2026-07-09T03:00:32.141576+00:00,120.6,20,bid,Heero Sipayung,YieldingYams,13011207
2026-07-09T03:00:33.127871,2026-07-09T03:00:33.137374+00:00,120.5,200,ask,WavyWalnuts,YieldingYams,13011223
2026-07-09T03:00:33.246070,2026-07-09T03:00:33.258565+00:00,120.5,20,bid,Heero Sipayung,YieldingYams,13011231
2026-07-09T03:00:33.287011,2026-07-09T03:00:33.298413+00:00,120.5,20,bid,BrilliantBurritos,YieldingYams,13011234
2026-07-09T03:00:33.333716,2026-07-09T03:00:33.340783+00:00,120.5,20,bid,Heero Sipayung,YieldingYams,13011240
2026-07-09T03:00:33.742832,2026-07-09T03:00:33.753729+00:00,120.5,20,bid,Heero Sipayung,YieldingYams,13011242
2026-07-09T03:00:33.858313,2026-07-09T03:00:33.869797+00:00,120.4,3,ask,WavyWalnuts,Heero Sipayung,13011245
2026-07-09T03:00:34.954631,2026-07-09T03:00:34.958061+00:00,120.4,200,ask,YieldingYams,WavyWalnuts,13011263
2026-07-09T03:00:37.363582,2026-07-09T03:00:37.365755+00:00,120.5,20,bid,BrilliantBurritos,YieldingYams,13011305
2026-07-09T03:00:41.011108,2026-07-09T03:00:41.021630+00:00,120.4,200,bid,WavyWalnuts,YieldingYams,13011363
2026-07-09T03:00:43.356773,2026-07-09T03:00:43.358569+00:00,120.5,3,bid,Heero Sipayung,WavyWalnuts,13011396
2026-07-09T03:00:44.637312,2026-07-09T03:00:44.647609+00:00,120.4,200,ask,YieldingYams,WavyWalnuts,13011414
2026-07-09T03:00:45.897115,2026-07-09T03:00:45.901582+00:00,120.4,11,bid,Xuanyu Liu,WavyWalnuts,13011429
2026-07-09T03:00:46.242091,2026-07-09T03:00:46.253076+00:00,120.4,189,bid,YieldingYams,WavyWalnuts,13011431
2026-07-09T03:00:46.634290,2026-07-09T03:00:46.643312+00:00,120.4,20,ask,YieldingYams,BrilliantBurritos,13011433
2026-07-09T03:00:48.271800,2026-07-09T03:00:48.278685+00:00,120.5,200,ask,YieldingYams,WavyWalnuts,13011453
2026-07-09T03:00:49.482049,2026-07-09T03:00:49.491017+00:00,120.5,200,bid,YieldingYams,WavyWalnuts,13011471
2026-07-09T03:00:50.694272,2026-07-09T03:00:50.702851+00:00,120.5,200,ask,YieldingYams,WavyWalnuts,13011485
2026-07-09T03:00:51.903598,2026-07-09T03:00:51.913509+00:00,120.5,200,ask,AverageAlmonds,WavyWalnuts,13011501
2026-07-09T03:00:54.942362,2026-07-09T03:00:54.951852+00:00,120.7,20,bid,BrilliantBurritos,YieldingYams,13011545
2026-07-09T03:00:56.070943,2026-07-09T03:00:56.075605+00:00,120.8,23,bid,Xuanyu Liu,YieldingYams,13011557
2026-07-09T03:00:56.725892,2026-07-09T03:00:56.737512+00:00,120.8,200,bid,YieldingYams,WavyWalnuts,13011577
2026-07-09T03:00:58.039530,2026-07-09T03:00:58.049528+00:00,120.8,200,ask,WavyWalnuts,YieldingYams,13011596
2026-07-09T03:00:59.160491,2026-07-09T03:00:59.167503+00:00,120.8,200,bid,WavyWalnuts,YieldingYams,13011612
2026-07-09T03:00:59.349255,2026-07-09T03:00:59.358551+00:00,120.8,500,bid,YieldingYams,AverageAlmonds,13011616
2026-07-09T03:00:59.365710,2026-07-09T03:00:59.370140+00:00,121.0,34,ask,YieldingYams,Xuanyu Liu,13011618
2026-07-09T03:00:59.701196,2026-07-09T03:00:59.712245+00:00,121.0,91,ask,YieldingYams,AverageAlmonds,13011624
2026-07-09T03:00:59.723535,2026-07-09T03:00:59.727764+00:00,120.8,11,bid,Xuanyu Liu,AverageAlmonds,13011626
2026-07-09T03:01:00.373021,2026-07-09T03:01:00.379973+00:00,120.8,200,bid,WavyWalnuts,AverageAlmonds,13011632
2026-07-09T03:01:01.582796,2026-07-09T03:01:01.590585+00:00,120.8,200,bid,WavyWalnuts,YieldingYams,13011649
2026-07-09T03:01:03.297108,2026-07-09T03:01:03.304003+00:00,120.9,500,bid,YieldingYams,AverageAlmonds,13011678
2026-07-09T03:01:03.297108,2026-07-09T03:01:03.309229+00:00,120.9,125,bid,YieldingYams,WavyWalnuts,13011679
2026-07-09T03:01:04.001243,2026-07-09T03:01:04.016182+00:00,120.9,200,bid,WavyWalnuts,AverageAlmonds,13011691
2026-07-09T03:01:05.209421,2026-07-09T03:01:05.219004+00:00,120.7,200,bid,WavyWalnuts,YieldingYams,13011710
2026-07-09T03:01:08.518186,2026-07-09T03:01:08.530481+00:00,120.7,20,ask,YieldingYams,BrilliantBurritos,13011773
2026-07-09T03:01:08.741599,2026-07-09T03:01:08.746349+00:00,120.8,12,bid,Xuanyu Liu,YieldingYams,13011776
2026-07-09T03:01:08.842798,2026-07-09T03:01:08.851030+00:00,120.8,200,bid,WavyWalnuts,YieldingYams,13011780
2026-07-09T03:01:10.158342,2026-07-09T03:01:10.170313+00:00,120.9,20,bid,BrilliantBurritos,YieldingYams,13011800
2026-07-09T03:01:11.157286,2026-07-09T03:01:11.169080+00:00,120.8,200,ask,WavyWalnuts,YieldingYams,13011819
2026-07-09T03:01:11.258146,2026-07-09T03:01:11.267314+00:00,120.8,200,bid,WavyWalnuts,YieldingYams,13011820
2026-07-09T03:01:12.474833,2026-07-09T03:01:12.488840+00:00,120.9,200,ask,WavyWalnuts,YieldingYams,13011835
2026-07-09T03:01:13.703676,2026-07-09T03:01:13.715667+00:00,120.9,200,bid,WavyWalnuts,YieldingYams,13011853
2026-07-09T03:01:13.794805,2026-07-09T03:01:13.799591+00:00,120.9,26,ask,YieldingYams,Xuanyu Liu,13011855
2026-07-09T03:01:15.065751,2026-07-09T03:01:15.069697+00:00,121.0,14,bid,Xuanyu Liu,WavyWalnuts,13011876
2026-07-09T03:01:15.095259,2026-07-09T03:01:15.103077+00:00,121.0,186,bid,YieldingYams,WavyWalnuts,13011879
2026-07-09T03:01:16.414527,2026-07-09T03:01:16.424431+00:00,121.0,200,ask,WavyWalnuts,YieldingYams,13011890
2026-07-09T03:01:17.257472,2026-07-09T03:01:17.269419+00:00,121.0,20,bid,BrilliantBurritos,YieldingYams,13011903
2026-07-09T03:01:17.656944,2026-07-09T03:01:17.669136+00:00,121.0,20,bid,BrilliantBurritos,YieldingYams,13011915
2026-07-09T03:01:17.724124,2026-07-09T03:01:17.731206+00:00,121.1,200,bid,YieldingYams,WavyWalnuts,13011916
2026-07-09T03:01:18.576885,2026-07-09T03:01:18.581167+00:00,121.2,11,ask,WavyWalnuts,Xuanyu Liu,13011926
2026-07-09T03:01:19.721581,2026-07-09T03:01:19.728660+00:00,121.2,189,ask,WavyWalnuts,AverageAlmonds,13011941
2026-07-09T03:01:21.343899,2026-07-09T03:01:21.347776+00:00,121.2,11,bid,Xuanyu Liu,WavyWalnuts,13011961
2026-07-09T03:01:21.657326,2026-07-09T03:01:21.669171+00:00,121.2,189,bid,YieldingYams,WavyWalnuts,13011964
2026-07-09T03:01:23.580860,2026-07-09T03:01:23.590703+00:00,121.2,20,ask,YieldingYams,BrilliantBurritos,13011992
2026-07-09T03:01:23.938980,2026-07-09T03:01:23.950544+00:00,121.2,500,ask,YieldingYams,AverageAlmonds,13011993
2026-07-09T03:01:24.281955,2026-07-09T03:01:24.289126+00:00,121.2,200,ask,WavyWalnuts,YieldingYams,13012003
2026-07-09T03:01:24.300880,2026-07-09T03:01:24.305442+00:00,121.1,12,bid,Xuanyu Liu,YieldingYams,13012006
2026-07-09T03:01:24.588795,2026-07-09T03:01:24.598210+00:00,121.1,200,bid,WavyWalnuts,YieldingYams,13012011
2026-07-09T03:01:29.430102,2026-07-09T03:01:29.440797+00:00,120.9,200,bid,WavyWalnuts,AverageAlmonds,13012079
2026-07-09T03:01:32.169253,2026-07-09T03:01:32.190835+00:00,120.9,200,ask,WavyWalnuts,YieldingYams,13012118
2026-07-09T03:01:32.186948,2026-07-09T03:01:32.190835+00:00,120.9,11,bid,Xuanyu Liu,YieldingYams,13012120
2026-07-09T03:01:33.059172,2026-07-09T03:01:33.069381+00:00,120.9,200,bid,WavyWalnuts,YieldingYams,13012137
2026-07-09T03:01:33.635877,2026-07-09T03:01:33.643191+00:00,120.9,500,ask,YieldingYams,AverageAlmonds,13012149
2026-07-09T03:01:34.233142,2026-07-09T03:01:34.243895+00:00,120.9,125,ask,YieldingYams,AverageAlmonds,13012154
2026-07-09T03:01:34.269231,2026-07-09T03:01:34.279442+00:00,120.9,200,bid,WavyWalnuts,AverageAlmonds,13012155
2026-07-09T03:01:35.479645,2026-07-09T03:01:35.489947+00:00,120.8,200,bid,WavyWalnuts,AverageAlmonds,13012179
2026-07-09T03:01:36.355792,2026-07-09T03:01:36.367996+00:00,120.8,20,bid,BrilliantBurritos,AverageAlmonds,13012197
2026-07-09T03:01:37.227533,2026-07-09T03:01:37.232803+00:00,120.8,23,ask,WavyWalnuts,Xuanyu Liu,13012211
2026-07-09T03:01:37.276577,2026-07-09T03:01:37.285109+00:00,120.8,177,ask,WavyWalnuts,AverageAlmonds,13012212
2026-07-09T03:01:37.903323,2026-07-09T03:01:37.907260+00:00,120.7,12,bid,Xuanyu Liu,AverageAlmonds,13012221
2026-07-09T03:01:37.944433,2026-07-09T03:01:37.954020+00:00,120.7,10,bid,Wenze DU,AverageAlmonds,13012224
2026-07-09T03:01:40.898782,2026-07-09T03:01:40.906811+00:00,120.6,500,ask,YieldingYams,AverageAlmonds,13012260
2026-07-09T03:01:41.338770,2026-07-09T03:01:41.359466+00:00,120.6,200,ask,WavyWalnuts,YieldingYams,13012271
2026-07-09T03:01:41.355525,2026-07-09T03:01:41.359466+00:00,120.5,11,bid,Xuanyu Liu,YieldingYams,13012273
2026-07-09T03:01:41.438737,2026-07-09T03:01:41.450460+00:00,120.5,20,bid,Wenze DU,YieldingYams,13012275
2026-07-09T03:01:41.538277,2026-07-09T03:01:41.546850+00:00,120.5,200,bid,WavyWalnuts,YieldingYams,13012277
2026-07-09T03:01:42.648310,2026-07-09T03:01:42.655852+00:00,120.7,500,bid,YieldingYams,AverageAlmonds,13012288
2026-07-09T03:01:42.690433,2026-07-09T03:01:42.698531+00:00,120.7,125,ask,YieldingYams,AverageAlmonds,13012290
2026-07-09T03:01:42.747665,2026-07-09T03:01:42.758635+00:00,120.6,200,bid,WavyWalnuts,AverageAlmonds,13012292
2026-07-09T03:01:42.985523,2026-07-09T03:01:42.996040+00:00,119.9,20,ask,AverageAlmonds,BrilliantBurritos,13012298
2026-07-09T03:01:43.972083,2026-07-09T03:01:43.976133+00:00,120.3,23,ask,WavyWalnuts,Xuanyu Liu,13012315
2026-07-09T03:01:44.008052,2026-07-09T03:01:44.008156+00:00,120.3,20,ask,WavyWalnuts,Wenze DU,13012317
2026-07-09T03:01:45.186288,2026-07-09T03:01:45.190405+00:00,120.4,7,ask,WavyWalnuts,Xuanyu Liu,13012344
2026-07-09T03:01:46.480306,2026-07-09T03:01:46.486823+00:00,120.4,1,ask,YieldingYams,Wenze DU,13012373
2026-07-09T03:01:48.794269,2026-07-09T03:01:48.805928+00:00,120.5,200,bid,WavyWalnuts,YieldingYams,13012400
2026-07-09T03:01:52.429429,2026-07-09T03:01:52.439247+00:00,120.5,200,ask,YieldingYams,WavyWalnuts,13012459
2026-07-09T03:01:53.639146,2026-07-09T03:01:53.658848+00:00,120.5,200,ask,YieldingYams,WavyWalnuts,13012478
2026-07-09T03:01:56.059479,2026-07-09T03:01:56.069030+00:00,120.5,200,ask,YieldingYams,WavyWalnuts,13012502
2026-07-09T03:01:56.792066,2026-07-09T03:01:56.807728+00:00,120.5,20,ask,YieldingYams,BrilliantBurritos,13012513
2026-07-09T03:02:02.087700,2026-07-09T03:02:02.097336+00:00,120.4,500,bid,AverageAlmonds,YieldingYams,13012605
2026-07-09T03:02:02.347858,2026-07-09T03:02:02.352036+00:00,120.4,4,ask,YieldingYams,Xuanyu Liu,13012608
2026-07-09T03:02:02.355820,2026-07-09T03:02:02.372650+00:00,120.4,3,ask,YieldingYams,Wenze DU,13012610
2026-07-09T03:02:03.353270,2026-07-09T03:02:03.368940+00:00,120.4,200,ask,YieldingYams,WavyWalnuts,13012625
2026-07-09T03:02:04.566596,2026-07-09T03:02:04.575092+00:00,120.4,200,ask,YieldingYams,WavyWalnuts,13012650
2026-07-09T03:02:05.744624,2026-07-09T03:02:05.749416+00:00,120.4,3,ask,YieldingYams,Xuanyu Liu,13012667
2026-07-09T03:02:05.754865,2026-07-09T03:02:05.764982+00:00,120.4,16,ask,YieldingYams,Wenze DU,13012669
2026-07-09T03:02:05.775705,2026-07-09T03:02:05.783074+00:00,120.4,200,ask,YieldingYams,WavyWalnuts,13012670
2026-07-09T03:02:06.255188,2026-07-09T03:02:06.253058+00:00,120.3,500,ask,AverageAlmonds,YieldingYams,13012677
2026-07-09T03:02:06.298028,2026-07-09T03:02:06.309562+00:00,120.3,125,bid,AverageAlmonds,YieldingYams,13012678
2026-07-09T03:02:07.582030,2026-07-09T03:02:07.589872+00:00,120.5,10,ask,YieldingYams,Wenze DU,13012698
2026-07-09T03:02:07.585314,2026-07-09T03:02:07.594855+00:00,120.5,20,ask,YieldingYams,Heero Sipayung,13012699
2026-07-09T03:02:07.644625,2026-07-09T03:02:07.663636+00:00,120.5,20,ask,YieldingYams,Heero Sipayung,13012702
2026-07-09T03:02:07.687665,2026-07-09T03:02:07.701005+00:00,120.5,20,ask,YieldingYams,Heero Sipayung,13012705
2026-07-09T03:02:07.764655,2026-07-09T03:02:07.774598+00:00,120.5,20,ask,YieldingYams,Heero Sipayung,13012707
2026-07-09T03:02:07.801260,2026-07-09T03:02:07.811491+00:00,120.5,20,ask,YieldingYams,Heero Sipayung,13012711
2026-07-09T03:02:07.843607,2026-07-09T03:02:07.853218+00:00,120.5,20,ask,YieldingYams,Heero Sipayung,13012715
2026-07-09T03:02:07.866972,2026-07-09T03:02:07.878888+00:00,120.5,20,ask,YieldingYams,Heero Sipayung,13012717
2026-07-09T03:02:07.893284,2026-07-09T03:02:07.905032+00:00,120.5,20,ask,YieldingYams,Heero Sipayung,13012720
2026-07-09T03:02:07.925313,2026-07-09T03:02:07.936633+00:00,120.5,20,ask,YieldingYams,Heero Sipayung,13012722
2026-07-09T03:02:08.861308,2026-07-09T03:02:08.872234+00:00,120.6,9,bid,Heero Sipayung,WavyWalnuts,13012750
2026-07-09T03:02:08.915639,2026-07-09T03:02:08.927257+00:00,120.6,1,bid,Wenze DU,WavyWalnuts,13012754
2026-07-09T03:02:08.928497,2026-07-09T03:02:08.937914+00:00,120.6,9,bid,Wenze DU,WavyWalnuts,13012756
2026-07-09T03:02:09.427469,2026-07-09T03:02:09.431375+00:00,120.5,3,bid,Xuanyu Liu,WavyWalnuts,13012765
2026-07-09T03:02:09.446721,2026-07-09T03:02:09.457358+00:00,120.5,10,bid,Wenze DU,WavyWalnuts,13012769
2026-07-09T03:02:09.469687,2026-07-09T03:02:09.477855+00:00,120.5,20,bid,Heero Sipayung,WavyWalnuts,13012771
2026-07-09T03:02:09.506646,2026-07-09T03:02:09.516582+00:00,120.5,20,bid,Heero Sipayung,WavyWalnuts,13012774
2026-07-09T03:02:09.623361,2026-07-09T03:02:09.635526+00:00,120.5,20,bid,Heero Sipayung,WavyWalnuts,13012778
2026-07-09T03:02:09.653157,2026-07-09T03:02:09.658577+00:00,120.5,20,bid,Heero Sipayung,WavyWalnuts,13012780
2026-07-09T03:02:09.676266,2026-07-09T03:02:09.686762+00:00,120.5,20,bid,Heero Sipayung,WavyWalnuts,13012782
2026-07-09T03:02:09.698560,2026-07-09T03:02:09.709216+00:00,120.5,20,bid,Heero Sipayung,WavyWalnuts,13012784
2026-07-09T03:02:09.743189,2026-07-09T03:02:09.751432+00:00,120.5,20,bid,Heero Sipayung,WavyWalnuts,13012786
2026-07-09T03:02:09.759134,2026-07-09T03:02:09.770731+00:00,120.4,12,ask,YieldingYams,Heero Sipayung,13012787
2026-07-09T03:02:10.616002,2026-07-09T03:02:10.626372+00:00,120.4,200,bid,WavyWalnuts,YieldingYams,13012806
2026-07-09T03:02:12.036120,2026-07-09T03:02:12.040465+00:00,120.4,3,ask,AverageAlmonds,Xuanyu Liu,13012829
2026-07-09T03:02:12.098633,2026-07-09T03:02:12.106349+00:00,120.4,10,ask,AverageAlmonds,Wenze DU,13012833
2026-07-09T03:02:12.810557,2026-07-09T03:02:12.822248+00:00,120.4,200,ask,WavyWalnuts,YieldingYams,13012844
2026-07-09T03:02:12.810557,2026-07-09T03:02:12.822248+00:00,120.4,425,ask,AverageAlmonds,YieldingYams,13012845
2026-07-09T03:02:13.036074,2026-07-09T03:02:13.044949+00:00,120.4,200,ask,AverageAlmonds,WavyWalnuts,13012846
2026-07-09T03:02:13.630232,2026-07-09T03:02:13.640806+00:00,120.5,10,ask,AverageAlmonds,Wenze DU,13012859
2026-07-09T03:02:13.671917,2026-07-09T03:02:13.683607+00:00,120.5,20,ask,AverageAlmonds,Heero Sipayung,13012860
2026-07-09T03:02:13.697894,2026-07-09T03:02:13.709632+00:00,120.5,20,ask,AverageAlmonds,Heero Sipayung,13012862
2026-07-09T03:02:14.244513,2026-07-09T03:02:14.252720+00:00,120.6,200,ask,YieldingYams,WavyWalnuts,13012878
2026-07-09T03:02:14.668422,2026-07-09T03:02:14.680185+00:00,120.8,20,bid,BrilliantBurritos,YieldingYams,13012886
2026-07-09T03:02:15.262573,2026-07-09T03:02:15.271973+00:00,120.8,10,bid,Wenze DU,YieldingYams,13012894
2026-07-09T03:02:15.427511,2026-07-09T03:02:15.447634+00:00,120.6,500,ask,AverageAlmonds,YieldingYams,13012901
2026-07-09T03:02:15.444080,2026-07-09T03:02:15.447634+00:00,120.6,14,bid,Xuanyu Liu,YieldingYams,13012903
2026-07-09T03:02:15.477453,2026-07-09T03:02:15.483915+00:00,120.6,20,bid,Heero Sipayung,YieldingYams,13012906
2026-07-09T03:02:15.551797,2026-07-09T03:02:15.558538+00:00,120.6,20,bid,Heero Sipayung,YieldingYams,13012910
2026-07-09T03:02:15.578916,2026-07-09T03:02:15.588884+00:00,120.6,20,bid,Heero Sipayung,YieldingYams,13012912
2026-07-09T03:02:15.611500,2026-07-09T03:02:15.623136+00:00,120.6,20,bid,Wenze DU,YieldingYams,13012914
2026-07-09T03:02:15.656116,2026-07-09T03:02:15.665988+00:00,120.4,2,ask,YieldingYams,Heero Sipayung,13012916
2026-07-09T03:02:15.986603,2026-07-09T03:02:15.993925+00:00,120.6,31,bid,AverageAlmonds,YieldingYams,13012921
2026-07-09T03:02:15.986603,2026-07-09T03:02:15.998914+00:00,120.6,200,bid,AverageAlmonds,WavyWalnuts,13012922
2026-07-09T03:02:16.662521,2026-07-09T03:02:16.670806+00:00,120.6,200,ask,AverageAlmonds,WavyWalnuts,13012937
2026-07-09T03:02:17.091211,2026-07-09T03:02:17.103336+00:00,120.7,20,ask,YieldingYams,BrilliantBurritos,13012945
2026-07-09T03:02:17.875577,2026-07-09T03:02:17.886066+00:00,120.7,200,ask,YieldingYams,WavyWalnuts,13012955
2026-07-09T03:02:18.213144,2026-07-09T03:02:18.221027+00:00,120.5,1,ask,AverageAlmonds,Wenze DU,13012967
2026-07-09T03:02:18.365666,2026-07-09T03:02:18.369836+00:00,120.5,14,ask,AverageAlmonds,Xuanyu Liu,13012969
2026-07-09T03:02:18.431229,2026-07-09T03:02:18.441388+00:00,120.5,19,ask,YieldingYams,Wenze DU,13012971
2026-07-09T03:02:19.646141,2026-07-09T03:02:19.658677+00:00,120.6,200,bid,AverageAlmonds,WavyWalnuts,13012989
2026-07-09T03:02:19.646141,2026-07-09T03:02:19.658677+00:00,120.6,300,bid,AverageAlmonds,YieldingYams,13012990
2026-07-09T03:02:22.471950,2026-07-09T03:02:22.483585+00:00,120.6,1,ask,YieldingYams,Wenze DU,13013034
2026-07-09T03:02:23.308383,2026-07-09T03:02:23.319999+00:00,120.7,200,bid,YieldingYams,WavyWalnuts,13013045
2026-07-09T03:02:23.349159,2026-07-09T03:02:23.356999+00:00,120.7,20,ask,YieldingYams,Heero Sipayung,13013046
2026-07-09T03:02:23.373004,2026-07-09T03:02:23.384894+00:00,120.7,20,ask,YieldingYams,Heero Sipayung,13013048
2026-07-09T03:02:23.392959,2026-07-09T03:02:23.400811+00:00,120.7,9,ask,YieldingYams,Wenze DU,13013052
2026-07-09T03:02:23.447012,2026-07-09T03:02:23.458769+00:00,120.7,20,ask,YieldingYams,Heero Sipayung,13013053
2026-07-09T03:02:23.480168,2026-07-09T03:02:23.491891+00:00,120.7,20,ask,YieldingYams,Heero Sipayung,13013055
2026-07-09T03:02:23.508814,2026-07-09T03:02:23.516216+00:00,120.7,20,ask,YieldingYams,Heero Sipayung,13013058
2026-07-09T03:02:24.625670,2026-07-09T03:02:24.632892+00:00,120.7,200,ask,WavyWalnuts,YieldingYams,13013070
2026-07-09T03:02:26.336786,2026-07-09T03:02:26.347588+00:00,120.6,200,ask,YieldingYams,WavyWalnuts,13013099
2026-07-09T03:02:27.546176,2026-07-09T03:02:27.554233+00:00,120.7,200,ask,YieldingYams,WavyWalnuts,13013116
2026-07-09T03:02:28.756986,2026-07-09T03:02:28.764516+00:00,120.7,200,ask,YieldingYams,WavyWalnuts,13013137
2026-07-09T03:02:29.880661,2026-07-09T03:02:29.892427+00:00,120.8,20,ask,YieldingYams,Heero Sipayung,13013155
2026-07-09T03:02:29.930616,2026-07-09T03:02:29.939559+00:00,120.8,20,ask,YieldingYams,Heero Sipayung,13013159
2026-07-09T03:02:29.965911,2026-07-09T03:02:29.974592+00:00,120.8,200,ask,YieldingYams,WavyWalnuts,13013161
2026-07-09T03:02:29.987857,2026-07-09T03:02:29.995263+00:00,120.8,20,ask,YieldingYams,Heero Sipayung,13013162
2026-07-09T03:02:30.045676,2026-07-09T03:02:30.055027+00:00,120.8,15,ask,YieldingYams,Heero Sipayung,13013166
2026-07-09T03:02:31.180133,2026-07-09T03:02:31.198129+00:00,120.7,200,bid,YieldingYams,WavyWalnuts,13013191
2026-07-09T03:02:34.860765,2026-07-09T03:02:34.870966+00:00,120.9,10,bid,Wenze DU,WavyWalnuts,13013245
2026-07-09T03:02:36.425389,2026-07-09T03:02:36.438284+00:00,120.7,200,ask,WavyWalnuts,YieldingYams,13013265
2026-07-09T03:02:36.439308,2026-07-09T03:02:36.443557+00:00,120.7,14,bid,Xuanyu Liu,YieldingYams,13013266
2026-07-09T03:02:36.456623,2026-07-09T03:02:36.464037+00:00,120.7,20,bid,Heero Sipayung,YieldingYams,13013268
2026-07-09T03:02:36.485618,2026-07-09T03:02:36.495331+00:00,120.7,20,bid,Heero Sipayung,YieldingYams,13013272
2026-07-09T03:02:36.488765,2026-07-09T03:02:36.500523+00:00,120.7,20,bid,Heero Sipayung,YieldingYams,13013273
2026-07-09T03:02:36.588461,2026-07-09T03:02:36.596270+00:00,120.7,20,bid,Wenze DU,YieldingYams,13013275
2026-07-09T03:02:36.621711,2026-07-09T03:02:36.631198+00:00,120.7,20,bid,BrilliantBurritos,YieldingYams,13013277
2026-07-09T03:02:36.646907,2026-07-09T03:02:36.658537+00:00,120.7,20,bid,Heero Sipayung,YieldingYams,13013278
2026-07-09T03:02:36.671558,2026-07-09T03:02:36.678457+00:00,120.7,20,bid,Heero Sipayung,YieldingYams,13013280
2026-07-09T03:02:36.708620,2026-07-09T03:02:36.719801+00:00,120.7,20,bid,Heero Sipayung,YieldingYams,13013283
2026-07-09T03:02:36.748034,2026-07-09T03:02:36.758596+00:00,120.7,20,bid,Heero Sipayung,YieldingYams,13013286
2026-07-09T03:02:37.300443,2026-07-09T03:02:37.312290+00:00,120.6,10,ask,WavyWalnuts,Heero Sipayung,13013289
2026-07-09T03:02:37.356452,2026-07-09T03:02:37.360647+00:00,120.6,11,ask,WavyWalnuts,Xuanyu Liu,13013291
2026-07-09T03:02:37.408583,2026-07-09T03:02:37.417295+00:00,120.6,10,ask,WavyWalnuts,Wenze DU,13013295
2026-07-09T03:02:37.737453,2026-07-09T03:02:37.746961+00:00,120.6,169,ask,WavyWalnuts,YieldingYams,13013303
2026-07-09T03:02:37.805866,2026-07-09T03:02:37.814117+00:00,120.6,456,bid,AverageAlmonds,YieldingYams,13013304
2026-07-09T03:02:38.433171,2026-07-09T03:02:38.452654+00:00,120.7,3,ask,AverageAlmonds,Xuanyu Liu,13013314
2026-07-09T03:02:38.454516,2026-07-09T03:02:38.463018+00:00,120.7,10,ask,AverageAlmonds,Wenze DU,13013316
2026-07-09T03:02:39.044492,2026-07-09T03:02:39.052206+00:00,120.8,200,bid,YieldingYams,WavyWalnuts,13013330
2026-07-09T03:02:39.066654,2026-07-09T03:02:39.073897+00:00,120.8,10,ask,YieldingYams,Wenze DU,13013332
2026-07-09T03:02:39.153322,2026-07-09T03:02:39.157950+00:00,120.8,20,ask,YieldingYams,Heero Sipayung,13013335
2026-07-09T03:02:39.190020,2026-07-09T03:02:39.200834+00:00,120.8,20,ask,YieldingYams,Heero Sipayung,13013338
2026-07-09T03:02:39.269172,2026-07-09T03:02:39.280826+00:00,120.8,20,ask,YieldingYams,Heero Sipayung,13013341
2026-07-09T03:02:39.296474,2026-07-09T03:02:39.308014+00:00,121.0,4,bid,Heero Sipayung,YieldingYams,13013343
2026-07-09T03:02:39.651010,2026-07-09T03:02:39.664060+00:00,120.8,200,ask,YieldingYams,WavyWalnuts,13013348
2026-07-09T03:02:40.469785,2026-07-09T03:02:40.474624+00:00,120.8,20,bid,Heero Sipayung,YieldingYams,13013357
2026-07-09T03:02:40.470031,2026-07-09T03:02:40.494962+00:00,120.8,3,bid,Xuanyu Liu,YieldingYams,13013358
2026-07-09T03:02:40.509573,2026-07-09T03:02:40.521101+00:00,120.8,20,bid,Wenze DU,YieldingYams,13013362
2026-07-09T03:02:40.541666,2026-07-09T03:02:40.553544+00:00,120.8,20,bid,Heero Sipayung,YieldingYams,13013363
2026-07-09T03:02:40.566108,2026-07-09T03:02:40.575818+00:00,120.8,20,bid,Heero Sipayung,YieldingYams,13013365
2026-07-09T03:02:40.588685,2026-07-09T03:02:40.599419+00:00,120.8,20,bid,Heero Sipayung,YieldingYams,13013367
2026-07-09T03:02:40.622177,2026-07-09T03:02:40.630841+00:00,120.8,20,bid,Heero Sipayung,YieldingYams,13013371
2026-07-09T03:02:40.643986,2026-07-09T03:02:40.658675+00:00,120.8,20,bid,Heero Sipayung,YieldingYams,13013373
2026-07-09T03:02:40.668994,2026-07-09T03:02:40.679453+00:00,120.8,6,bid,Heero Sipayung,YieldingYams,13013377
2026-07-09T03:02:40.859615,2026-07-09T03:02:40.867651+00:00,120.7,200,ask,AverageAlmonds,WavyWalnuts,13013379
2026-07-09T03:02:42.070613,2026-07-09T03:02:42.081119+00:00,120.8,200,ask,AverageAlmonds,WavyWalnuts,13013403
2026-07-09T03:02:42.842964,2026-07-09T03:02:42.855038+00:00,121.0,20,bid,BrilliantBurritos,YieldingYams,13013410
2026-07-09T03:02:43.279834,2026-07-09T03:02:43.287333+00:00,120.8,200,ask,AverageAlmonds,WavyWalnuts,13013417
2026-07-09T03:02:43.552047,2026-07-09T03:02:43.563626+00:00,120.8,1,ask,AverageAlmonds,Wenze DU,13013423
2026-07-09T03:02:44.507245,2026-07-09T03:02:44.514152+00:00,120.8,200,ask,AverageAlmonds,WavyWalnuts,13013439
2026-07-09T03:02:45.717980,2026-07-09T03:02:45.727701+00:00,120.9,200,bid,WavyWalnuts,YieldingYams,13013459
2026-07-09T03:02:46.876744,2026-07-09T03:02:46.887960+00:00,120.9,425,bid,AverageAlmonds,YieldingYams,13013471
2026-07-09T03:02:46.907937,2026-07-09T03:02:46.931813+00:00,121.1,200,bid,YieldingYams,WavyWalnuts,13013473
2026-07-09T03:02:46.927282,2026-07-09T03:02:46.931813+00:00,121.1,3,ask,YieldingYams,Xuanyu Liu,13013475
2026-07-09T03:02:46.930895,2026-07-09T03:02:46.947305+00:00,121.1,200,ask,YieldingYams,WavyWalnuts,13013476
2026-07-09T03:02:46.996326,2026-07-09T03:02:46.998049+00:00,121.1,9,ask,YieldingYams,Wenze DU,13013480
2026-07-09T03:02:47.959849,2026-07-09T03:02:47.969016+00:00,121.1,20,ask,YieldingYams,BrilliantBurritos,13013496
2026-07-09T03:02:48.221613,2026-07-09T03:02:48.242179+00:00,121.0,200,ask,WavyWalnuts,YieldingYams,13013503
2026-07-09T03:02:48.238024,2026-07-09T03:02:48.242179+00:00,120.9,1,bid,Xuanyu Liu,YieldingYams,13013505
2026-07-09T03:02:49.345824,2026-07-09T03:02:49.358612+00:00,120.9,200,bid,WavyWalnuts,YieldingYams,13013528
2026-07-09T03:02:50.032248,2026-07-09T03:02:50.037019+00:00,120.9,1,ask,AverageAlmonds,Xuanyu Liu,13013547
2026-07-09T03:02:50.042236,2026-07-09T03:02:50.052540+00:00,120.9,1,ask,AverageAlmonds,Wenze DU,13013548
2026-07-09T03:02:50.054541,2026-07-09T03:02:50.062764+00:00,120.9,9,ask,AverageAlmonds,Wenze DU,13013550
2026-07-09T03:02:50.062843,2026-07-09T03:02:50.074489+00:00,120.9,20,ask,AverageAlmonds,Heero Sipayung,13013551
2026-07-09T03:02:50.099535,2026-07-09T03:02:50.112058+00:00,120.9,20,ask,AverageAlmonds,Heero Sipayung,13013554
2026-07-09T03:02:50.121270,2026-07-09T03:02:50.132972+00:00,120.9,20,ask,AverageAlmonds,Heero Sipayung,13013556
2026-07-09T03:02:50.159847,2026-07-09T03:02:50.171552+00:00,120.9,20,ask,AverageAlmonds,Heero Sipayung,13013558
2026-07-09T03:02:50.190673,2026-07-09T03:02:50.202416+00:00,120.9,20,ask,AverageAlmonds,Heero Sipayung,13013560
2026-07-09T03:02:50.213507,2026-07-09T03:02:50.225278+00:00,120.9,20,ask,AverageAlmonds,Heero Sipayung,13013562
2026-07-09T03:02:50.234686,2026-07-09T03:02:50.246166+00:00,120.9,20,ask,AverageAlmonds,Heero Sipayung,13013564
2026-07-09T03:02:50.744854,2026-07-09T03:02:50.756777+00:00,120.9,20,ask,AverageAlmonds,Heero Sipayung,13013574
2026-07-09T03:02:50.788640,2026-07-09T03:02:50.800248+00:00,120.9,20,ask,AverageAlmonds,Heero Sipayung,13013579
2026-07-09T03:02:50.847931,2026-07-09T03:02:50.858625+00:00,120.9,20,ask,AverageAlmonds,Heero Sipayung,13013582
2026-07-09T03:02:51.772173,2026-07-09T03:02:51.779184+00:00,120.9,200,ask,YieldingYams,WavyWalnuts,13013593
2026-07-09T03:02:52.415835,2026-07-09T03:02:52.427961+00:00,121.1,20,bid,BrilliantBurritos,YieldingYams,13013607
2026-07-09T03:02:56.435609,2026-07-09T03:02:56.446301+00:00,120.9,10,ask,YieldingYams,Wenze DU,13013668
2026-07-09T03:02:57.817634,2026-07-09T03:02:57.825366+00:00,121.0,200,ask,YieldingYams,WavyWalnuts,13013692
2026-07-09T03:02:59.023679,2026-07-09T03:02:59.033304+00:00,121.0,200,bid,WavyWalnuts,YieldingYams,13013707
2026-07-09T03:03:00.238637,2026-07-09T03:03:00.246235+00:00,121.0,200,ask,YieldingYams,WavyWalnuts,13013729
2026-07-09T03:03:01.450617,2026-07-09T03:03:01.453579+00:00,120.9,200,ask,YieldingYams,WavyWalnuts,13013745
2026-07-09T03:03:03.240671,2026-07-09T03:03:03.249536+00:00,120.9,500,bid,AverageAlmonds,YieldingYams,13013766
2026-07-09T03:03:03.836858,2026-07-09T03:03:03.847152+00:00,120.9,125,bid,AverageAlmonds,YieldingYams,13013777
2026-07-09T03:03:03.836858,2026-07-09T03:03:03.847152+00:00,120.9,200,bid,AverageAlmonds,WavyWalnuts,13013778
2026-07-09T03:03:03.966330,2026-07-09T03:03:03.974745+00:00,121.1,200,bid,YieldingYams,WavyWalnuts,13013782
2026-07-09T03:03:04.462714,2026-07-09T03:03:04.474573+00:00,121.3,20,bid,BrilliantBurritos,YieldingYams,13013789
2026-07-09T03:03:05.193928,2026-07-09T03:03:05.203525+00:00,121.1,20,ask,YieldingYams,BrilliantBurritos,13013795
2026-07-09T03:03:05.880926,2026-07-09T03:03:05.884921+00:00,121.1,3,ask,WavyWalnuts,Xuanyu Liu,13013805
2026-07-09T03:03:05.908042,2026-07-09T03:03:05.915844+00:00,121.1,10,ask,WavyWalnuts,Wenze DU,13013807
2026-07-09T03:03:07.506399,2026-07-09T03:03:07.516125+00:00,121.3,200,bid,WavyWalnuts,YieldingYams,13013823
2026-07-09T03:03:10.520169,2026-07-09T03:03:10.528336+00:00,121.3,200,bid,YieldingYams,WavyWalnuts,13013872
2026-07-09T03:03:11.172226,2026-07-09T03:03:11.183218+00:00,121.3,200,ask,YieldingYams,WavyWalnuts,13013880
2026-07-09T03:03:12.394161,2026-07-09T03:03:12.402724+00:00,121.4,20,bid,BrilliantBurritos,WavyWalnuts,13013899
2026-07-09T03:03:13.148198,2026-07-09T03:03:13.158667+00:00,121.4,180,bid,YieldingYams,WavyWalnuts,13013906
2026-07-09T03:03:13.249588,2026-07-09T03:03:13.258612+00:00,121.4,20,ask,YieldingYams,BrilliantBurritos,13013908
2026-07-09T03:03:13.593361,2026-07-09T03:03:13.602595+00:00,121.4,200,ask,YieldingYams,WavyWalnuts,13013911
2026-07-09T03:03:15.491075,2026-07-09T03:03:15.500450+00:00,121.2,20,ask,YieldingYams,BrilliantBurritos,13013944
2026-07-09T03:03:17.233621,2026-07-09T03:03:17.242777+00:00,121.3,200,bid,WavyWalnuts,YieldingYams,13013966
2026-07-09T03:03:23.301196,2026-07-09T03:03:23.308686+00:00,121.4,200,bid,WavyWalnuts,AverageAlmonds,13014082
2026-07-09T03:03:24.510032,2026-07-09T03:03:24.521400+00:00,121.3,200,bid,WavyWalnuts,YieldingYams,13014101
2026-07-09T03:03:25.654630,2026-07-09T03:03:25.669337+00:00,121.4,20,bid,BrilliantBurritos,YieldingYams,13014116
2026-07-09T03:03:26.288455,2026-07-09T03:03:26.300251+00:00,121.4,200,bid,YieldingYams,WavyWalnuts,13014131
2026-07-09T03:03:26.288455,2026-07-09T03:03:26.300251+00:00,121.4,425,bid,YieldingYams,AverageAlmonds,13014132
2026-07-09T03:03:27.995671,2026-07-09T03:03:27.999406+00:00,121.4,3,bid,Xuanyu Liu,AverageAlmonds,13014163
2026-07-09T03:03:28.111793,2026-07-09T03:03:28.119925+00:00,121.3,20,bid,Wenze DU,AverageAlmonds,13014166
2026-07-09T03:03:28.143599,2026-07-09T03:03:28.153636+00:00,121.3,200,bid,WavyWalnuts,AverageAlmonds,13014170
2026-07-09T03:03:30.225793,2026-07-09T03:03:30.237066+00:00,121.2,200,bid,YieldingYams,WavyWalnuts,13014192
2026-07-09T03:03:31.091629,2026-07-09T03:03:31.103115+00:00,121.2,425,ask,YieldingYams,AverageAlmonds,13014202
2026-07-09T03:03:31.251569,2026-07-09T03:03:31.258598+00:00,121.1,10,ask,WavyWalnuts,Wenze DU,13014207
2026-07-09T03:03:31.778956,2026-07-09T03:03:31.782833+00:00,121.2,200,bid,WavyWalnuts,YieldingYams,13014221
2026-07-09T03:03:34.183092,2026-07-09T03:03:34.190122+00:00,121.1,200,ask,WavyWalnuts,YieldingYams,13014263
2026-07-09T03:03:40.309642,2026-07-09T03:03:40.320825+00:00,120.9,200,ask,YieldingYams,WavyWalnuts,13014357
2026-07-09T03:03:41.368896,2026-07-09T03:03:41.376853+00:00,121.1,20,bid,BrilliantBurritos,YieldingYams,13014376
2026-07-09T03:03:41.444391,2026-07-09T03:03:41.454439+00:00,121.0,10,bid,Wenze DU,AverageAlmonds,13014380
2026-07-09T03:03:41.556765,2026-07-09T03:03:41.568672+00:00,120.9,10,bid,Wenze DU,WavyWalnuts,13014384
2026-07-09T03:03:44.685057,2026-07-09T03:03:44.692016+00:00,120.8,200,ask,WavyWalnuts,YieldingYams,13014430
2026-07-09T03:03:45.138415,2026-07-09T03:03:45.146107+00:00,120.8,200,bid,WavyWalnuts,YieldingYams,13014433
2026-07-09T03:03:46.349109,2026-07-09T03:03:46.357222+00:00,120.7,200,ask,YieldingYams,WavyWalnuts,13014460
2026-07-09T03:03:46.914186,2026-07-09T03:03:46.925975+00:00,120.7,1,ask,YieldingYams,Wenze DU,13014468
2026-07-09T03:03:47.558462,2026-07-09T03:03:47.565474+00:00,120.7,200,ask,YieldingYams,WavyWalnuts,13014472
2026-07-09T03:03:47.738773,2026-07-09T03:03:47.745183+00:00,120.7,19,ask,YieldingYams,Wenze DU,13014474
2026-07-09T03:03:48.767015,2026-07-09T03:03:48.774968+00:00,120.7,200,ask,YieldingYams,WavyWalnuts,13014493
2026-07-09T03:03:49.974412,2026-07-09T03:03:49.984338+00:00,120.7,200,ask,YieldingYams,WavyWalnuts,13014519
2026-07-09T03:03:50.229130,2026-07-09T03:03:50.233263+00:00,120.7,3,ask,YieldingYams,Xuanyu Liu,13014528
2026-07-09T03:03:50.253570,2026-07-09T03:03:50.265379+00:00,120.7,10,ask,YieldingYams,Wenze DU,13014530
2026-07-09T03:03:51.197265,2026-07-09T03:03:51.204917+00:00,120.7,200,ask,YieldingYams,WavyWalnuts,13014544
2026-07-09T03:03:57.240860,2026-07-09T03:03:57.251587+00:00,120.6,200,bid,WavyWalnuts,YieldingYams,13014639
2026-07-09T03:04:02.085304,2026-07-09T03:04:02.094344+00:00,120.5,200,ask,YieldingYams,WavyWalnuts,13014706
2026-07-09T03:04:05.110886,2026-07-09T03:04:05.129437+00:00,120.6,20,ask,YieldingYams,BrilliantBurritos,13014753
2026-07-09T03:04:07.013713,2026-07-09T03:04:07.022221+00:00,120.8,200,bid,YieldingYams,WavyWalnuts,13014783
2026-07-09T03:04:08.039889,2026-07-09T03:04:08.050370+00:00,120.8,425,ask,YieldingYams,AverageAlmonds,13014788
2026-07-09T03:04:09.620049,2026-07-09T03:04:09.631117+00:00,120.7,20,bid,BrilliantBurritos,YieldingYams,13014811
2026-07-09T03:04:10.951308,2026-07-09T03:04:10.961381+00:00,120.5,200,ask,WavyWalnuts,YieldingYams,13014832
2026-07-09T03:04:10.968329,2026-07-09T03:04:10.972593+00:00,120.5,3,bid,Xuanyu Liu,YieldingYams,13014834
2026-07-09T03:04:11.015722,2026-07-09T03:04:11.023342+00:00,120.5,10,bid,Wenze DU,YieldingYams,13014836
2026-07-09T03:04:16.257586,2026-07-09T03:04:16.269323+00:00,120.5,200,ask,WavyWalnuts,YieldingYams,13014902
2026-07-09T03:04:16.603816,2026-07-09T03:04:16.614482+00:00,120.5,200,bid,WavyWalnuts,YieldingYams,13014908
2026-07-09T03:04:19.021534,2026-07-09T03:04:19.029611+00:00,120.6,200,bid,WavyWalnuts,YieldingYams,13014950
2026-07-09T03:04:19.109375,2026-07-09T03:04:19.118658+00:00,120.6,20,bid,BrilliantBurritos,YieldingYams,13014953
2026-07-09T03:04:20.223669,2026-07-09T03:04:20.227792+00:00,120.4,3,ask,YieldingYams,Xuanyu Liu,13014968
2026-07-09T03:04:20.299769,2026-07-09T03:04:20.309792+00:00,120.4,10,ask,YieldingYams,Wenze DU,13014971
2026-07-09T03:04:21.470539,2026-07-09T03:04:21.474448+00:00,120.5,3,ask,WavyWalnuts,Xuanyu Liu,13014995
2026-07-09T03:04:21.518735,2026-07-09T03:04:21.526358+00:00,120.5,197,ask,WavyWalnuts,YieldingYams,13014996
2026-07-09T03:04:22.833323,2026-07-09T03:04:22.843557+00:00,120.3,200,ask,WavyWalnuts,YieldingYams,13015009
2026-07-09T03:04:24.143691,2026-07-09T03:04:24.168273+00:00,120.3,200,bid,YieldingYams,WavyWalnuts,13015032
2026-07-09T03:04:24.164270,2026-07-09T03:04:24.168273+00:00,120.4,8,ask,YieldingYams,Xuanyu Liu,13015035
2026-07-09T03:04:24.171770,2026-07-09T03:04:24.183539+00:00,120.4,10,ask,YieldingYams,Wenze DU,13015037
2026-07-09T03:04:25.081878,2026-07-09T03:04:25.089655+00:00,120.4,200,ask,YieldingYams,WavyWalnuts,13015045
2026-07-09T03:04:25.482743,2026-07-09T03:04:25.487921+00:00,120.4,14,bid,Xuanyu Liu,YieldingYams,13015053
2026-07-09T03:04:25.534601,2026-07-09T03:04:25.546049+00:00,120.4,20,bid,Wenze DU,YieldingYams,13015055
2026-07-09T03:04:27.504353,2026-07-09T03:04:27.514507+00:00,120.2,200,ask,YieldingYams,WavyWalnuts,13015082
2026-07-09T03:04:28.202290,2026-07-09T03:04:28.206811+00:00,120.2,3,ask,YieldingYams,Xuanyu Liu,13015090
2026-07-09T03:04:28.270767,2026-07-09T03:04:28.278537+00:00,120.2,10,ask,YieldingYams,Wenze DU,13015093
2026-07-09T03:04:29.926386,2026-07-09T03:04:29.934946+00:00,120.1,200,ask,YieldingYams,WavyWalnuts,13015115
2026-07-09T03:04:30.362019,2026-07-09T03:04:30.369397+00:00,120.3,20,bid,BrilliantBurritos,YieldingYams,13015123
2026-07-09T03:04:35.072470,2026-07-09T03:04:35.079154+00:00,120.2,20,bid,BrilliantBurritos,YieldingYams,13015179
2026-07-09T03:04:38.598501,2026-07-09T03:04:38.607487+00:00,120.4,200,bid,YieldingYams,WavyWalnuts,13015232
2026-07-09T03:04:39.619060,2026-07-09T03:04:39.627090+00:00,120.4,200,ask,YieldingYams,WavyWalnuts,13015242
2026-07-09T03:04:39.779184,2026-07-09T03:04:39.788757+00:00,120.4,20,ask,YieldingYams,BrilliantBurritos,13015245
2026-07-09T03:04:44.768927,2026-07-09T03:04:44.780865+00:00,120.2,20,bid,BrilliantBurritos,WavyWalnuts,13015304
2026-07-09T03:04:49.131223,2026-07-09T03:04:49.138756+00:00,120.3,20,bid,BrilliantBurritos,WavyWalnuts,13015359
2026-07-09T03:04:50.450250,2026-07-09T03:04:50.459661+00:00,120.2,200,ask,WavyWalnuts,YieldingYams,13015369
2026-07-09T03:04:56.566496,2026-07-09T03:04:56.577616+00:00,120.2,200,ask,YieldingYams,WavyWalnuts,13015437
2026-07-09T03:04:57.037860,2026-07-09T03:04:57.041604+00:00,120.3,3,bid,Xuanyu Liu,YieldingYams,13015441
2026-07-09T03:04:57.064987,2026-07-09T03:04:57.075311+00:00,120.3,10,bid,Wenze DU,YieldingYams,13015443
2026-07-09T03:04:58.686691,2026-07-09T03:04:58.696388+00:00,120.3,1,bid,Wenze DU,WavyWalnuts,13015472
2026-07-09T03:04:59.652511,2026-07-09T03:04:59.663979+00:00,120.4,200,bid,YieldingYams,WavyWalnuts,13015484
2026-07-09T03:05:00.218614,2026-07-09T03:05:00.225502+00:00,120.5,9,bid,Wenze DU,WavyWalnuts,13015490
2026-07-09T03:05:01.476503,2026-07-09T03:05:01.483872+00:00,120.4,10,bid,Wenze DU,WavyWalnuts,13015512
2026-07-09T03:05:01.606433,2026-07-09T03:05:01.618325+00:00,120.3,20,ask,YieldingYams,BrilliantBurritos,13015515
2026-07-09T03:05:03.834078,2026-07-09T03:05:03.841325+00:00,120.4,200,bid,WavyWalnuts,YieldingYams,13015557
2026-07-09T03:05:05.045128,2026-07-09T03:05:05.052557+00:00,120.3,200,ask,YieldingYams,WavyWalnuts,13015574
2026-07-09T03:05:05.592081,2026-07-09T03:05:05.606594+00:00,120.3,20,ask,YieldingYams,BrilliantBurritos,13015580
2026-07-09T03:05:05.728527,2026-07-09T03:05:05.736193+00:00,120.3,1,ask,YieldingYams,Wenze DU,13015587
2026-07-09T03:05:07.144648,2026-07-09T03:05:07.158546+00:00,120.3,1,bid,Wenze DU,YieldingYams,13015603
2026-07-09T03:05:10.172159,2026-07-09T03:05:10.199039+00:00,120.1,200,ask,WavyWalnuts,YieldingYams,13015640
2026-07-09T03:05:10.190251,2026-07-09T03:05:10.199039+00:00,120.1,10,bid,Wenze DU,YieldingYams,13015643
2026-07-09T03:05:10.194982,2026-07-09T03:05:10.199039+00:00,120.1,3,bid,Xuanyu Liu,YieldingYams,13015644
2026-07-09T03:05:10.246962,2026-07-09T03:05:10.257227+00:00,120.1,20,bid,Heero Sipayung,YieldingYams,13015646
2026-07-09T03:05:10.274480,2026-07-09T03:05:10.285125+00:00,120.1,20,bid,Heero Sipayung,YieldingYams,13015648
2026-07-09T03:05:10.297460,2026-07-09T03:05:10.307983+00:00,120.1,20,bid,Heero Sipayung,YieldingYams,13015650
2026-07-09T03:05:10.320698,2026-07-09T03:05:10.331106+00:00,120.1,20,bid,Heero Sipayung,YieldingYams,13015652
2026-07-09T03:05:10.343048,2026-07-09T03:05:10.353770+00:00,120.1,20,bid,Heero Sipayung,YieldingYams,13015654
2026-07-09T03:05:10.359154,2026-07-09T03:05:10.371116+00:00,119.9,13,ask,AverageAlmonds,Heero Sipayung,13015655
2026-07-09T03:05:14.106211,2026-07-09T03:05:14.113076+00:00,120.4,200,bid,YieldingYams,WavyWalnuts,13015698
2026-07-09T03:05:14.130959,2026-07-09T03:05:14.136037+00:00,120.4,3,ask,YieldingYams,Xuanyu Liu,13015701
2026-07-09T03:05:14.143390,2026-07-09T03:05:14.151295+00:00,120.4,10,ask,YieldingYams,Wenze DU,13015703
2026-07-09T03:05:15.292692,2026-07-09T03:05:15.302045+00:00,120.4,1,ask,YieldingYams,Wenze DU,13015718
2026-07-09T03:05:16.318882,2026-07-09T03:05:16.325997+00:00,120.4,1,bid,Wenze DU,YieldingYams,13015732
2026-07-09T03:05:17.720303,2026-07-09T03:05:17.732305+00:00,120.5,20,bid,BrilliantBurritos,YieldingYams,13015750
2026-07-09T03:05:19.348427,2026-07-09T03:05:19.372160+00:00,120.3,200,ask,WavyWalnuts,YieldingYams,13015770
2026-07-09T03:05:19.367250,2026-07-09T03:05:19.387791+00:00,120.3,3,bid,Xuanyu Liu,YieldingYams,13015774
2026-07-09T03:05:19.378934,2026-07-09T03:05:19.387791+00:00,120.3,10,bid,Wenze DU,YieldingYams,13015775
2026-07-09T03:05:19.383600,2026-07-09T03:05:19.393001+00:00,120.3,20,bid,Heero Sipayung,YieldingYams,13015776
2026-07-09T03:05:19.460812,2026-07-09T03:05:19.468822+00:00,120.3,20,bid,Heero Sipayung,YieldingYams,13015780
2026-07-09T03:05:19.556855,2026-07-09T03:05:19.566610+00:00,120.3,20,bid,Heero Sipayung,YieldingYams,13015785
2026-07-09T03:05:19.576630,2026-07-09T03:05:19.587107+00:00,120.3,20,bid,Heero Sipayung,YieldingYams,13015787
2026-07-09T03:05:19.600881,2026-07-09T03:05:19.608236+00:00,120.3,20,bid,Heero Sipayung,YieldingYams,13015790
2026-07-09T03:05:19.653180,2026-07-09T03:05:19.658629+00:00,120.3,13,bid,Heero Sipayung,YieldingYams,13015795
2026-07-09T03:05:20.163613,2026-07-09T03:05:20.172521+00:00,120.2,20,ask,WavyWalnuts,BrilliantBurritos,13015800
2026-07-09T03:05:22.672679,2026-07-09T03:05:22.682389+00:00,120.1,20,ask,YieldingYams,BrilliantBurritos,13015829
2026-07-09T03:05:22.713915,2026-07-09T03:05:22.725836+00:00,120.1,1,ask,YieldingYams,Wenze DU,13015830
2026-07-09T03:05:23.197749,2026-07-09T03:05:23.206466+00:00,120.1,200,ask,YieldingYams,WavyWalnuts,13015837
2026-07-09T03:05:24.031222,2026-07-09T03:05:24.043011+00:00,120.2,1,ask,YieldingYams,Wenze DU,13015849
2026-07-09T03:05:24.600110,2026-07-09T03:05:24.610354+00:00,120.2,200,ask,WavyWalnuts,YieldingYams,13015855
2026-07-09T03:05:24.942476,2026-07-09T03:05:24.958574+00:00,120.2,425,bid,AverageAlmonds,YieldingYams,13015860
2026-07-09T03:05:25.148036,2026-07-09T03:05:25.152423+00:00,120.2,6,ask,AverageAlmonds,Xuanyu Liu,13015866
2026-07-09T03:05:25.162152,2026-07-09T03:05:25.174079+00:00,120.2,20,ask,AverageAlmonds,Heero Sipayung,13015867
2026-07-09T03:05:25.167836,2026-07-09T03:05:25.179408+00:00,120.2,1,ask,AverageAlmonds,Wenze DU,13015868
2026-07-09T03:05:25.180601,2026-07-09T03:05:25.189798+00:00,120.2,23,ask,AverageAlmonds,Wenze DU,13015871
2026-07-09T03:05:25.907901,2026-07-09T03:05:25.916827+00:00,120.4,200,bid,YieldingYams,WavyWalnuts,13015882
2026-07-09T03:05:25.966180,2026-07-09T03:05:25.974938+00:00,120.5,20,ask,YieldingYams,Heero Sipayung,13015884
2026-07-09T03:05:25.987698,2026-07-09T03:05:25.999353+00:00,120.5,20,ask,YieldingYams,Heero Sipayung,13015886
2026-07-09T03:05:26.002837,2026-07-09T03:05:26.010067+00:00,120.5,4,ask,YieldingYams,Wenze DU,13015889
2026-07-09T03:05:26.019598,2026-07-09T03:05:26.031512+00:00,120.5,20,ask,YieldingYams,Heero Sipayung,13015890
2026-07-09T03:05:26.061497,2026-07-09T03:05:26.072539+00:00,120.5,20,ask,YieldingYams,Heero Sipayung,13015894
2026-07-09T03:05:26.083610,2026-07-09T03:05:26.095199+00:00,120.5,20,ask,YieldingYams,Heero Sipayung,13015896
2026-07-09T03:05:26.831846,2026-07-09T03:05:26.840050+00:00,120.5,200,ask,YieldingYams,WavyWalnuts,13015908
2026-07-09T03:05:28.297707,2026-07-09T03:05:28.305394+00:00,120.6,4,bid,Heero Sipayung,YieldingYams,13015929
2026-07-09T03:05:29.864664,2026-07-09T03:05:29.868625+00:00,120.4,3,bid,Xuanyu Liu,YieldingYams,13015951
2026-07-09T03:05:30.337096,2026-07-09T03:05:30.349000+00:00,120.4,1,bid,Wenze DU,YieldingYams,13015963
2026-07-09T03:05:34.592757,2026-07-09T03:05:34.601000+00:00,120.5,19,bid,Wenze DU,WavyWalnuts,13016014
2026-07-09T03:05:35.091313,2026-07-09T03:05:35.099174+00:00,120.5,181,bid,YieldingYams,WavyWalnuts,13016020
2026-07-09T03:05:35.295534,2026-07-09T03:05:35.303950+00:00,120.5,200,ask,YieldingYams,WavyWalnuts,13016024
2026-07-09T03:05:35.706312,2026-07-09T03:05:35.718185+00:00,120.5,20,ask,YieldingYams,BrilliantBurritos,13016030
2026-07-09T03:05:36.717659,2026-07-09T03:05:36.729260+00:00,120.5,1,bid,Wenze DU,WavyWalnuts,13016041
2026-07-09T03:05:37.724580,2026-07-09T03:05:37.731712+00:00,120.4,200,ask,YieldingYams,WavyWalnuts,13016057
2026-07-09T03:05:38.162245,2026-07-09T03:05:38.174168+00:00,120.4,20,ask,YieldingYams,BrilliantBurritos,13016063
2026-07-09T03:05:38.933615,2026-07-09T03:05:38.943708+00:00,120.4,200,ask,YieldingYams,WavyWalnuts,13016078
2026-07-09T03:05:39.047583,2026-07-09T03:05:39.052551+00:00,120.6,3,bid,Xuanyu Liu,YieldingYams,13016081
2026-07-09T03:05:39.056780,2026-07-09T03:05:39.068277+00:00,120.6,9,bid,Wenze DU,YieldingYams,13016083
2026-07-09T03:05:39.078430,2026-07-09T03:05:39.089116+00:00,120.6,20,bid,Heero Sipayung,YieldingYams,13016085
2026-07-09T03:05:39.101644,2026-07-09T03:05:39.112584+00:00,120.6,20,bid,Heero Sipayung,YieldingYams,13016088
2026-07-09T03:05:39.163803,2026-07-09T03:05:39.173658+00:00,120.6,20,bid,Heero Sipayung,YieldingYams,13016090
2026-07-09T03:05:39.199315,2026-07-09T03:05:39.209845+00:00,120.6,20,bid,Heero Sipayung,YieldingYams,13016092
2026-07-09T03:05:39.221327,2026-07-09T03:05:39.232168+00:00,120.6,20,bid,Heero Sipayung,YieldingYams,13016094
2026-07-09T03:05:39.247689,2026-07-09T03:05:39.258610+00:00,120.4,4,ask,YieldingYams,Heero Sipayung,13016095
2026-07-09T03:05:40.141350,2026-07-09T03:05:40.151518+00:00,120.4,200,ask,YieldingYams,WavyWalnuts,13016107
2026-07-09T03:05:41.180116,2026-07-09T03:05:41.192296+00:00,120.6,20,bid,BrilliantBurritos,YieldingYams,13016126
2026-07-09T03:05:41.641060,2026-07-09T03:05:41.653032+00:00,120.5,20,bid,Heero Sipayung,WavyWalnuts,13016133
2026-07-09T03:05:41.664418,2026-07-09T03:05:41.668485+00:00,120.4,11,bid,Xuanyu Liu,YieldingYams,13016135
2026-07-09T03:05:41.689623,2026-07-09T03:05:41.696794+00:00,120.4,10,bid,Wenze DU,YieldingYams,13016137
2026-07-09T03:05:42.561547,2026-07-09T03:05:42.569070+00:00,120.4,200,bid,WavyWalnuts,YieldingYams,13016144
2026-07-09T03:05:46.900179,2026-07-09T03:05:46.911813+00:00,120.3,200,ask,WavyWalnuts,YieldingYams,13016208
2026-07-09T03:05:48.211646,2026-07-09T03:05:48.222274+00:00,120.2,500,ask,AverageAlmonds,YieldingYams,13016228
2026-07-09T03:05:48.570785,2026-07-09T03:05:48.580126+00:00,120.2,125,bid,AverageAlmonds,YieldingYams,13016231
2026-07-09T03:05:48.626426,2026-07-09T03:05:48.633365+00:00,120.2,200,ask,AverageAlmonds,WavyWalnuts,13016234
2026-07-09T03:05:49.343219,2026-07-09T03:05:49.353674+00:00,120.2,1,ask,AverageAlmonds,Wenze DU,13016244
2026-07-09T03:05:49.536158,2026-07-09T03:05:49.540440+00:00,120.3,11,ask,YieldingYams,Xuanyu Liu,13016248
2026-07-09T03:05:49.559137,2026-07-09T03:05:49.566481+00:00,120.3,9,ask,YieldingYams,Wenze DU,13016251
2026-07-09T03:05:49.833217,2026-07-09T03:05:49.839889+00:00,120.3,200,ask,YieldingYams,WavyWalnuts,13016258
2026-07-09T03:05:50.474119,2026-07-09T03:05:50.486187+00:00,120.5,20,bid,BrilliantBurritos,YieldingYams,13016260
2026-07-09T03:05:51.041821,2026-07-09T03:05:51.053054+00:00,120.3,200,ask,AverageAlmonds,WavyWalnuts,13016271
2026-07-09T03:05:51.620852,2026-07-09T03:05:51.629820+00:00,120.4,500,bid,AverageAlmonds,YieldingYams,13016281
2026-07-09T03:05:52.248333,2026-07-09T03:05:52.267685+00:00,120.5,3,ask,AverageAlmonds,Xuanyu Liu,13016294
2026-07-09T03:05:52.264303,2026-07-09T03:05:52.272940+00:00,120.5,200,ask,AverageAlmonds,WavyWalnuts,13016296
2026-07-09T03:05:52.291476,2026-07-09T03:05:52.300161+00:00,120.5,20,ask,AverageAlmonds,Heero Sipayung,13016298
2026-07-09T03:05:52.294517,2026-07-09T03:05:52.305408+00:00,120.5,20,ask,AverageAlmonds,Wenze DU,13016299
2026-07-09T03:05:52.361103,2026-07-09T03:05:52.372811+00:00,120.5,20,ask,AverageAlmonds,Heero Sipayung,13016301
2026-07-09T03:05:52.392240,2026-07-09T03:05:52.404195+00:00,120.5,20,ask,AverageAlmonds,Heero Sipayung,13016303
2026-07-09T03:05:52.415347,2026-07-09T03:05:52.426949+00:00,120.5,20,ask,AverageAlmonds,Heero Sipayung,13016305
2026-07-09T03:05:52.437218,2026-07-09T03:05:52.449164+00:00,120.5,20,ask,AverageAlmonds,Heero Sipayung,13016307
2026-07-09T03:05:52.459392,2026-07-09T03:05:52.471331+00:00,120.6,16,bid,Heero Sipayung,YieldingYams,13016309
2026-07-09T03:05:53.475955,2026-07-09T03:05:53.485180+00:00,120.5,200,ask,AverageAlmonds,WavyWalnuts,13016325
2026-07-09T03:05:53.638172,2026-07-09T03:05:53.642251+00:00,120.6,3,bid,Xuanyu Liu,YieldingYams,13016330
2026-07-09T03:05:53.662728,2026-07-09T03:05:53.673402+00:00,120.6,20,bid,Heero Sipayung,YieldingYams,13016332
2026-07-09T03:05:53.689204,2026-07-09T03:05:53.695973+00:00,120.6,20,bid,Heero Sipayung,YieldingYams,13016335
2026-07-09T03:05:53.709810,2026-07-09T03:05:53.721549+00:00,120.6,1,bid,Wenze DU,YieldingYams,13016336
2026-07-09T03:05:53.721925,2026-07-09T03:05:53.732127+00:00,120.6,20,bid,Heero Sipayung,YieldingYams,13016338
2026-07-09T03:05:54.270097,2026-07-09T03:05:54.277512+00:00,120.5,14,ask,AverageAlmonds,Heero Sipayung,13016339
2026-07-09T03:05:54.711571,2026-07-09T03:05:54.722491+00:00,120.5,200,ask,AverageAlmonds,WavyWalnuts,13016355
2026-07-09T03:05:55.922046,2026-07-09T03:05:55.929760+00:00,120.5,200,ask,YieldingYams,WavyWalnuts,13016376
2026-07-09T03:05:56.080346,2026-07-09T03:05:56.089862+00:00,120.5,500,ask,AverageAlmonds,YieldingYams,13016377
2026-07-09T03:05:56.152055,2026-07-09T03:05:56.158630+00:00,120.4,7,bid,Wenze DU,YieldingYams,13016379
2026-07-09T03:05:56.438906,2026-07-09T03:05:56.446522+00:00,120.4,118,bid,AverageAlmonds,YieldingYams,13016382
2026-07-09T03:05:58.896182,2026-07-09T03:05:58.932419+00:00,120.6,200,bid,AverageAlmonds,WavyWalnuts,13016419
2026-07-09T03:05:58.927701,2026-07-09T03:05:58.932419+00:00,120.7,1,ask,AverageAlmonds,Xuanyu Liu,13016421
2026-07-09T03:05:59.551019,2026-07-09T03:05:59.558576+00:00,120.8,200,bid,WavyWalnuts,YieldingYams,13016429
2026-07-09T03:05:59.957958,2026-07-09T03:05:59.964863+00:00,120.7,20,ask,AverageAlmonds,Heero Sipayung,13016441
2026-07-09T03:05:59.961123,2026-07-09T03:05:59.964863+00:00,120.7,2,ask,AverageAlmonds,Xuanyu Liu,13016442
2026-07-09T03:05:59.997634,2026-07-09T03:06:00.009501+00:00,120.7,20,ask,AverageAlmonds,Heero Sipayung,13016444
2026-07-09T03:06:00.055630,2026-07-09T03:06:00.063624+00:00,120.7,8,ask,AverageAlmonds,Wenze DU,13016447
2026-07-09T03:06:00.058719,2026-07-09T03:06:00.068846+00:00,120.7,20,ask,YieldingYams,Heero Sipayung,13016448
2026-07-09T03:06:00.106736,2026-07-09T03:06:00.120840+00:00,120.7,20,ask,YieldingYams,Heero Sipayung,13016450
2026-07-09T03:06:00.186819,2026-07-09T03:06:00.196334+00:00,120.7,20,ask,YieldingYams,Heero Sipayung,13016453
2026-07-09T03:06:00.221166,2026-07-09T03:06:00.232783+00:00,120.7,20,ask,AverageAlmonds,Heero Sipayung,13016457
2026-07-09T03:06:00.257446,2026-07-09T03:06:00.269107+00:00,120.7,20,ask,YieldingYams,Heero Sipayung,13016459
2026-07-09T03:06:02.033177,2026-07-09T03:06:02.045237+00:00,120.8,20,ask,WavyWalnuts,BrilliantBurritos,13016489
2026-07-09T03:06:05.605269,2026-07-09T03:06:05.616051+00:00,121.0,200,ask,YieldingYams,WavyWalnuts,13016536
2026-07-09T03:06:07.770754,2026-07-09T03:06:07.782519+00:00,120.9,20,ask,YieldingYams,BrilliantBurritos,13016557
2026-07-09T03:06:09.219819,2026-07-09T03:06:09.227458+00:00,121.1,200,bid,YieldingYams,WavyWalnuts,13016585
2026-07-09T03:06:09.238286,2026-07-09T03:06:09.248429+00:00,121.2,200,ask,YieldingYams,WavyWalnuts,13016587
2026-07-09T03:06:09.257303,2026-07-09T03:06:09.269072+00:00,121.2,10,ask,YieldingYams,Wenze DU,13016589
2026-07-09T03:06:09.274583,2026-07-09T03:06:09.286344+00:00,121.2,20,ask,YieldingYams,Heero Sipayung,13016590
2026-07-09T03:06:09.301026,2026-07-09T03:06:09.310414+00:00,121.2,2,ask,YieldingYams,Heero Sipayung,13016593
2026-07-09T03:06:09.362911,2026-07-09T03:06:09.373054+00:00,121.4,2,bid,Heero Sipayung,AverageAlmonds,13016597
2026-07-09T03:06:10.448414,2026-07-09T03:06:10.454239+00:00,121.2,193,ask,YieldingYams,WavyWalnuts,13016616
2026-07-09T03:06:10.479659,2026-07-09T03:06:10.487974+00:00,121.1,7,bid,Wenze DU,WavyWalnuts,13016620
2026-07-09T03:06:11.710359,2026-07-09T03:06:11.719460+00:00,121.1,3,bid,Wenze DU,WavyWalnuts,13016636
2026-07-09T03:06:11.854936,2026-07-09T03:06:11.858559+00:00,121.1,197,bid,YieldingYams,WavyWalnuts,13016641
2026-07-09T03:06:12.864339,2026-07-09T03:06:12.874151+00:00,121.2,200,ask,YieldingYams,WavyWalnuts,13016659
2026-07-09T03:06:14.081088,2026-07-09T03:06:14.090955+00:00,121.1,2,ask,WavyWalnuts,Heero Sipayung,13016678
2026-07-09T03:06:15.313965,2026-07-09T03:06:15.321781+00:00,121.2,10,ask,WavyWalnuts,Wenze DU,13016687
2026-07-09T03:06:15.459540,2026-07-09T03:06:15.474196+00:00,121.3,20,bid,BrilliantBurritos,YieldingYams,13016691
2026-07-09T03:06:15.780576,2026-07-09T03:06:15.784708+00:00,121.2,3,ask,WavyWalnuts,Xuanyu Liu,13016701
2026-07-09T03:06:15.792639,2026-07-09T03:06:15.800421+00:00,121.2,187,ask,WavyWalnuts,YieldingYams,13016702
2026-07-09T03:06:17.174020,2026-07-09T03:06:17.181253+00:00,121.2,10,ask,YieldingYams,Wenze DU,13016712
2026-07-09T03:06:18.408514,2026-07-09T03:06:18.420034+00:00,121.3,200,bid,YieldingYams,WavyWalnuts,13016729
2026-07-09T03:06:18.426260,2026-07-09T03:06:18.430215+00:00,121.4,23,ask,YieldingYams,Xuanyu Liu,13016731
2026-07-09T03:06:18.496203,2026-07-09T03:06:18.504726+00:00,121.4,20,ask,YieldingYams,Wenze DU,13016734
2026-07-09T03:06:18.925889,2026-07-09T03:06:18.937701+00:00,121.4,200,ask,YieldingYams,WavyWalnuts,13016743
2026-07-09T03:06:19.620332,2026-07-09T03:06:19.625356+00:00,121.6,12,bid,Xuanyu Liu,YieldingYams,13016757
2026-07-09T03:06:19.639969,2026-07-09T03:06:19.651099+00:00,121.6,10,bid,Wenze DU,YieldingYams,13016759
2026-07-09T03:06:19.719241,2026-07-09T03:06:19.726940+00:00,121.2,20,ask,WavyWalnuts,BrilliantBurritos,13016761
2026-07-09T03:06:19.743023,2026-07-09T03:06:19.746799+00:00,121.4,14,bid,Xuanyu Liu,YieldingYams,13016763
2026-07-09T03:06:19.751575,2026-07-09T03:06:19.772927+00:00,121.4,20,bid,Wenze DU,YieldingYams,13016765
2026-07-09T03:06:20.967180,2026-07-09T03:06:20.974217+00:00,121.4,1,bid,Wenze DU,YieldingYams,13016787
2026-07-09T03:06:22.348214,2026-07-09T03:06:22.358614+00:00,121.4,200,ask,WavyWalnuts,YieldingYams,13016802
2026-07-09T03:06:22.395165,2026-07-09T03:06:22.405823+00:00,121.2,19,bid,Wenze DU,YieldingYams,13016808
2026-07-09T03:06:22.556370,2026-07-09T03:06:22.563774+00:00,121.2,200,bid,WavyWalnuts,YieldingYams,13016817
2026-07-09T03:06:24.986084,2026-07-09T03:06:24.996235+00:00,121.2,200,bid,WavyWalnuts,YieldingYams,13016851
2026-07-09T03:06:26.880607,2026-07-09T03:06:26.890689+00:00,121.1,1,ask,WavyWalnuts,Wenze DU,13016878
2026-07-09T03:06:28.922002,2026-07-09T03:06:28.929930+00:00,121.3,200,bid,YieldingYams,WavyWalnuts,13016908
2026-07-09T03:06:30.953090,2026-07-09T03:06:30.964755+00:00,121.1,20,ask,WavyWalnuts,BrilliantBurritos,13016931
2026-07-09T03:06:31.043138,2026-07-09T03:06:31.058603+00:00,121.1,200,ask,YieldingYams,WavyWalnuts,13016933
2026-07-09T03:06:33.571206,2026-07-09T03:06:33.582997+00:00,121.3,1,bid,Wenze DU,YieldingYams,13016969
2026-07-09T03:06:35.843466,2026-07-09T03:06:35.858607+00:00,121.2,200,bid,AverageAlmonds,WavyWalnuts,13017008
2026-07-09T03:06:36.439715,2026-07-09T03:06:36.446520+00:00,121.3,500,bid,AverageAlmonds,YieldingYams,13017015
2026-07-09T03:06:36.781718,2026-07-09T03:06:36.785114+00:00,121.3,200,bid,YieldingYams,WavyWalnuts,13017028
2026-07-09T03:06:38.097125,2026-07-09T03:06:38.124344+00:00,121.3,500,ask,AverageAlmonds,YieldingYams,13017052
2026-07-09T03:06:38.118903,2026-07-09T03:06:38.124344+00:00,121.3,3,bid,Xuanyu Liu,YieldingYams,13017055
2026-07-09T03:06:38.133941,2026-07-09T03:06:38.144803+00:00,121.3,10,bid,Wenze DU,YieldingYams,13017057
2026-07-09T03:06:38.146202,2026-07-09T03:06:38.157725+00:00,121.3,20,bid,Heero Sipayung,YieldingYams,13017058
2026-07-09T03:06:38.175169,2026-07-09T03:06:38.186758+00:00,121.3,20,bid,Heero Sipayung,YieldingYams,13017060
2026-07-09T03:06:38.202679,2026-07-09T03:06:38.213460+00:00,121.3,20,bid,Heero Sipayung,YieldingYams,13017062
2026-07-09T03:06:38.225166,2026-07-09T03:06:38.235933+00:00,121.3,20,bid,Heero Sipayung,YieldingYams,13017064
2026-07-09T03:06:38.240896,2026-07-09T03:06:38.251557+00:00,121.3,32,bid,AverageAlmonds,YieldingYams,13017065
2026-07-09T03:06:38.308537,2026-07-09T03:06:38.319333+00:00,121.3,200,ask,AverageAlmonds,WavyWalnuts,13017068
2026-07-09T03:06:39.517409,2026-07-09T03:06:39.525348+00:00,121.4,200,ask,YieldingYams,WavyWalnuts,13017086
2026-07-09T03:06:40.722275,2026-07-09T03:06:40.733172+00:00,121.3,500,ask,AverageAlmonds,YieldingYams,13017117
2026-07-09T03:06:40.735896,2026-07-09T03:06:40.743619+00:00,121.3,125,bid,WavyWalnuts,YieldingYams,13017120
2026-07-09T03:06:41.964646,2026-07-09T03:06:41.968682+00:00,121.5,3,ask,WavyWalnuts,Xuanyu Liu,13017134
2026-07-09T03:06:41.975185,2026-07-09T03:06:41.989032+00:00,121.5,20,ask,WavyWalnuts,Heero Sipayung,13017135
2026-07-09T03:06:41.997800,2026-07-09T03:06:42.015307+00:00,121.5,20,ask,WavyWalnuts,Heero Sipayung,13017137
2026-07-09T03:06:42.029185,2026-07-09T03:06:42.039544+00:00,121.5,20,ask,WavyWalnuts,Wenze DU,13017140
2026-07-09T03:06:42.082531,2026-07-09T03:06:42.090133+00:00,121.5,20,ask,WavyWalnuts,Heero Sipayung,13017142
2026-07-09T03:06:42.105657,2026-07-09T03:06:42.117308+00:00,121.5,20,ask,WavyWalnuts,Heero Sipayung,13017144
2026-07-09T03:06:44.659534,2026-07-09T03:06:44.669345+00:00,121.6,200,ask,WavyWalnuts,YieldingYams,13017167
2026-07-09T03:06:48.108855,2026-07-09T03:06:48.117991+00:00,121.5,10,ask,WavyWalnuts,Wenze DU,13017211
2026-07-09T03:06:49.241875,2026-07-09T03:06:49.250038+00:00,121.6,200,bid,WavyWalnuts,YieldingYams,13017221
2026-07-09T03:06:49.597394,2026-07-09T03:06:49.604486+00:00,121.4,20,ask,YieldingYams,BrilliantBurritos,13017229
2026-07-09T03:06:50.464558,2026-07-09T03:06:50.468612+00:00,121.6,3,ask,WavyWalnuts,Xuanyu Liu,13017242
2026-07-09T03:06:53.842712,2026-07-09T03:06:53.850172+00:00,121.8,200,bid,YieldingYams,WavyWalnuts,13017276
2026-07-09T03:06:54.086472,2026-07-09T03:06:54.096969+00:00,121.8,200,ask,YieldingYams,WavyWalnuts,13017280
2026-07-09T03:06:55.177405,2026-07-09T03:06:55.181748+00:00,121.7,3,bid,Xuanyu Liu,YieldingYams,13017305
2026-07-09T03:06:55.194162,2026-07-09T03:06:55.202516+00:00,121.7,10,bid,Wenze DU,YieldingYams,13017307
2026-07-09T03:06:55.293166,2026-07-09T03:06:55.303214+00:00,121.7,200,bid,WavyWalnuts,YieldingYams,13017312
2026-07-09T03:06:55.832490,2026-07-09T03:06:55.840174+00:00,121.7,1,bid,Wenze DU,YieldingYams,13017316
2026-07-09T03:06:57.588216,2026-07-09T03:06:57.598226+00:00,121.7,20,bid,BrilliantBurritos,YieldingYams,13017330
2026-07-09T03:06:57.756657,2026-07-09T03:06:57.763714+00:00,121.6,1,ask,WavyWalnuts,Wenze DU,13017335
2026-07-09T03:06:57.773739,2026-07-09T03:06:57.785038+00:00,121.6,199,ask,WavyWalnuts,YieldingYams,13017337
2026-07-09T03:06:58.763595,2026-07-09T03:06:58.770813+00:00,121.6,20,bid,BrilliantBurritos,YieldingYams,13017341
2026-07-09T03:06:58.931620,2026-07-09T03:06:58.942825+00:00,121.6,200,bid,WavyWalnuts,YieldingYams,13017350
2026-07-09T03:06:58.974286,2026-07-09T03:06:58.985999+00:00,121.6,1,bid,Wenze DU,YieldingYams,13017351
2026-07-09T03:07:01.426633,2026-07-09T03:07:01.438241+00:00,121.8,1,ask,WavyWalnuts,Wenze DU,13017386
2026-07-09T03:07:01.931828,2026-07-09T03:07:01.944097+00:00,122.0,20,bid,BrilliantBurritos,WavyWalnuts,13017393
2026-07-09T03:07:03.131994,2026-07-09T03:07:03.142646+00:00,121.9,10,ask,YieldingYams,Wenze DU,13017412
2026-07-09T03:07:03.693703,2026-07-09T03:07:03.701496+00:00,121.9,500,ask,YieldingYams,AverageAlmonds,13017416
2026-07-09T03:07:03.784715,2026-07-09T03:07:03.791722+00:00,121.9,115,ask,YieldingYams,WavyWalnuts,13017420
2026-07-09T03:07:03.864667,2026-07-09T03:07:03.874460+00:00,121.9,10,bid,Wenze DU,WavyWalnuts,13017422
2026-07-09T03:07:04.339831,2026-07-09T03:07:04.358732+00:00,121.7,200,ask,WavyWalnuts,YieldingYams,13017437
2026-07-09T03:07:04.368236,2026-07-09T03:07:04.372089+00:00,121.7,3,bid,Xuanyu Liu,YieldingYams,13017439
2026-07-09T03:07:04.389846,2026-07-09T03:07:04.398236+00:00,121.7,20,bid,Wenze DU,YieldingYams,13017444
2026-07-09T03:07:04.472456,2026-07-09T03:07:04.482047+00:00,121.7,20,bid,Heero Sipayung,YieldingYams,13017450
2026-07-09T03:07:04.499876,2026-07-09T03:07:04.508752+00:00,121.7,20,bid,Heero Sipayung,YieldingYams,13017452
2026-07-09T03:07:04.563094,2026-07-09T03:07:04.573669+00:00,121.7,20,bid,Heero Sipayung,YieldingYams,13017455
2026-07-09T03:07:04.586154,2026-07-09T03:07:04.597190+00:00,121.7,20,bid,Heero Sipayung,YieldingYams,13017457
2026-07-09T03:07:04.601754,2026-07-09T03:07:04.613529+00:00,121.5,9,ask,YieldingYams,Heero Sipayung,13017458
2026-07-09T03:07:05.943828,2026-07-09T03:07:05.956075+00:00,121.6,1,ask,WavyWalnuts,Wenze DU,13017481
2026-07-09T03:07:06.424647,2026-07-09T03:07:06.428798+00:00,121.5,3,ask,YieldingYams,Xuanyu Liu,13017485
2026-07-09T03:07:06.458516,2026-07-09T03:07:06.465679+00:00,121.5,19,ask,YieldingYams,Wenze DU,13017487
2026-07-09T03:07:06.476501,2026-07-09T03:07:06.486647+00:00,121.5,20,ask,YieldingYams,Heero Sipayung,13017488
2026-07-09T03:07:06.500763,2026-07-09T03:07:06.508733+00:00,121.5,20,ask,YieldingYams,Heero Sipayung,13017490
2026-07-09T03:07:06.531840,2026-07-09T03:07:06.543726+00:00,121.5,20,ask,YieldingYams,Heero Sipayung,13017492
2026-07-09T03:07:06.569002,2026-07-09T03:07:06.576762+00:00,121.5,11,ask,YieldingYams,Heero Sipayung,13017495
2026-07-09T03:07:07.178162,2026-07-09T03:07:07.188491+00:00,121.5,10,ask,WavyWalnuts,Wenze DU,13017510
2026-07-09T03:07:09.829336,2026-07-09T03:07:09.839885+00:00,121.5,200,bid,WavyWalnuts,YieldingYams,13017557
2026-07-09T03:07:10.906957,2026-07-09T03:07:10.917663+00:00,121.7,20,bid,BrilliantBurritos,YieldingYams,13017568
2026-07-09T03:07:12.745883,2026-07-09T03:07:12.752821+00:00,121.7,20,ask,WavyWalnuts,Wenze DU,13017602
2026-07-09T03:07:12.748735,2026-07-09T03:07:12.752821+00:00,121.7,14,ask,WavyWalnuts,Xuanyu Liu,13017603
2026-07-09T03:07:15.155745,2026-07-09T03:07:15.158578+00:00,121.7,20,ask,WavyWalnuts,BrilliantBurritos,13017638
2026-07-09T03:07:15.880354,2026-07-09T03:07:15.888263+00:00,121.8,200,bid,WavyWalnuts,YieldingYams,13017645
2026-07-09T03:07:21.386066,2026-07-09T03:07:21.393206+00:00,121.8,200,ask,WavyWalnuts,YieldingYams,13017703
2026-07-09T03:07:23.130406,2026-07-09T03:07:23.138665+00:00,121.8,200,bid,WavyWalnuts,YieldingYams,13017726
2026-07-09T03:07:23.620397,2026-07-09T03:07:23.632253+00:00,121.6,20,ask,YieldingYams,BrilliantBurritos,13017728
2026-07-09T03:07:25.319772,2026-07-09T03:07:25.330931+00:00,121.7,200,ask,WavyWalnuts,YieldingYams,13017749
2026-07-09T03:07:25.372233,2026-07-09T03:07:25.384750+00:00,121.5,20,bid,Wenze DU,YieldingYams,13017753
2026-07-09T03:07:25.380717,2026-07-09T03:07:25.384750+00:00,121.5,14,bid,Xuanyu Liu,YieldingYams,13017755
2026-07-09T03:07:25.543849,2026-07-09T03:07:25.554873+00:00,121.5,200,bid,WavyWalnuts,YieldingYams,13017760
2026-07-09T03:07:26.096967,2026-07-09T03:07:26.104778+00:00,121.5,191,bid,AverageAlmonds,YieldingYams,13017763
2026-07-09T03:07:26.753131,2026-07-09T03:07:26.759692+00:00,121.8,200,bid,WavyWalnuts,YieldingYams,13017780
2026-07-09T03:07:27.963537,2026-07-09T03:07:27.975456+00:00,121.9,200,bid,WavyWalnuts,YieldingYams,13017790
2026-07-09T03:07:28.590422,2026-07-09T03:07:28.594370+00:00,121.6,3,ask,YieldingYams,Xuanyu Liu,13017796
2026-07-09T03:07:29.174231,2026-07-09T03:07:29.184869+00:00,121.9,200,bid,WavyWalnuts,YieldingYams,13017813
2026-07-09T03:07:29.265515,2026-07-09T03:07:29.269566+00:00,121.8,23,ask,YieldingYams,Xuanyu Liu,13017817
2026-07-09T03:07:29.292390,2026-07-09T03:07:29.300626+00:00,121.8,14,ask,YieldingYams,Wenze DU,13017823
2026-07-09T03:07:30.173741,2026-07-09T03:07:30.185486+00:00,122.0,20,bid,BrilliantBurritos,YieldingYams,13017832
2026-07-09T03:07:32.413550,2026-07-09T03:07:32.418774+00:00,122.0,12,bid,Xuanyu Liu,YieldingYams,13017861
2026-07-09T03:07:32.434995,2026-07-09T03:07:32.444712+00:00,122.0,4,bid,Wenze DU,YieldingYams,13017863
2026-07-09T03:07:33.382070,2026-07-09T03:07:33.395484+00:00,122.0,20,ask,YieldingYams,BrilliantBurritos,13017876
2026-07-09T03:07:34.028254,2026-07-09T03:07:34.036887+00:00,122.0,200,ask,YieldingYams,WavyWalnuts,13017882
2026-07-09T03:07:36.479514,2026-07-09T03:07:36.491728+00:00,121.8,20,ask,YieldingYams,BrilliantBurritos,13017913
2026-07-09T03:07:37.400772,2026-07-09T03:07:37.413140+00:00,122.1,20,bid,BrilliantBurritos,WavyWalnuts,13017931
2026-07-09T03:07:38.484757,2026-07-09T03:07:38.493936+00:00,121.9,200,ask,WavyWalnuts,YieldingYams,13017940
2026-07-09T03:07:38.502072,2026-07-09T03:07:38.506346+00:00,121.9,11,bid,Xuanyu Liu,YieldingYams,13017942
2026-07-09T03:07:38.521835,2026-07-09T03:07:38.532219+00:00,121.9,10,bid,Wenze DU,YieldingYams,13017944
2026-07-09T03:07:39.795262,2026-07-09T03:07:39.805894+00:00,122.0,200,bid,YieldingYams,WavyWalnuts,13017966
2026-07-09T03:07:41.113693,2026-07-09T03:07:41.122359+00:00,122.1,200,ask,WavyWalnuts,YieldingYams,13017976
2026-07-09T03:07:44.378067,2026-07-09T03:07:44.382269+00:00,122.0,3,bid,Xuanyu Liu,YieldingYams,13018026
2026-07-09T03:07:44.441823,2026-07-09T03:07:44.452847+00:00,122.0,20,bid,Wenze DU,YieldingYams,13018028
2026-07-09T03:07:46.710479,2026-07-09T03:07:46.719749+00:00,122.0,20,ask,YieldingYams,BrilliantBurritos,13018059
2026-07-09T03:07:52.939293,2026-07-09T03:07:52.949697+00:00,121.9,500,ask,AverageAlmonds,YieldingYams,13018141
2026-07-09T03:07:53.371774,2026-07-09T03:07:53.379820+00:00,121.9,125,bid,AverageAlmonds,YieldingYams,13018146
2026-07-09T03:07:53.425885,2026-07-09T03:07:53.437219+00:00,121.9,200,ask,AverageAlmonds,WavyWalnuts,13018149
2026-07-09T03:07:54.265276,2026-07-09T03:07:54.269401+00:00,122.1,3,ask,YieldingYams,Xuanyu Liu,13018161
2026-07-09T03:07:54.312899,2026-07-09T03:07:54.321427+00:00,122.1,20,ask,YieldingYams,Wenze DU,13018164
2026-07-09T03:07:54.634837,2026-07-09T03:07:54.643831+00:00,122.1,200,ask,YieldingYams,WavyWalnuts,13018166
2026-07-09T03:07:55.843166,2026-07-09T03:07:55.850189+00:00,121.9,200,ask,YieldingYams,WavyWalnuts,13018181
2026-07-09T03:07:56.886812,2026-07-09T03:07:56.891070+00:00,122.0,3,bid,Xuanyu Liu,YieldingYams,13018197
2026-07-09T03:07:56.976040,2026-07-09T03:07:56.982984+00:00,122.0,10,bid,Wenze DU,YieldingYams,13018200
2026-07-09T03:07:57.053604,2026-07-09T03:07:57.062086+00:00,121.8,200,ask,YieldingYams,WavyWalnuts,13018201
2026-07-09T03:07:57.087667,2026-07-09T03:07:57.100076+00:00,121.8,10,ask,YieldingYams,Wenze DU,13018204
2026-07-09T03:07:57.096017,2026-07-09T03:07:57.100076+00:00,121.8,3,ask,YieldingYams,Xuanyu Liu,13018206
2026-07-09T03:08:03.030871,2026-07-09T03:08:03.042919+00:00,122.1,20,bid,Wenze DU,AverageAlmonds,13018282
2026-07-09T03:08:03.102926,2026-07-09T03:08:03.110774+00:00,122.0,200,ask,YieldingYams,WavyWalnuts,13018284
2026-07-09T03:08:03.364402,2026-07-09T03:08:03.368285+00:00,122.1,3,bid,Xuanyu Liu,AverageAlmonds,13018290
2026-07-09T03:08:03.430547,2026-07-09T03:08:03.439191+00:00,122.1,20,bid,BrilliantBurritos,WavyWalnuts,13018293
2026-07-09T03:08:04.343815,2026-07-09T03:08:04.350779+00:00,122.0,10,bid,Wenze DU,WavyWalnuts,13018309
2026-07-09T03:08:04.770547,2026-07-09T03:08:04.779202+00:00,122.0,190,bid,YieldingYams,WavyWalnuts,13018317
2026-07-09T03:08:05.526300,2026-07-09T03:08:05.534160+00:00,122.1,200,ask,YieldingYams,WavyWalnuts,13018331
2026-07-09T03:08:06.574420,2026-07-09T03:08:06.582777+00:00,121.8,1,ask,WavyWalnuts,Wenze DU,13018349
2026-07-09T03:08:08.722481,2026-07-09T03:08:08.730808+00:00,122.0,200,bid,YieldingYams,WavyWalnuts,13018385
2026-07-09T03:08:08.808627,2026-07-09T03:08:08.816703+00:00,122.0,9,ask,YieldingYams,Wenze DU,13018391
2026-07-09T03:08:12.861519,2026-07-09T03:08:12.873345+00:00,122.1,1,bid,Wenze DU,YieldingYams,13018444
2026-07-09T03:08:15.003042,2026-07-09T03:08:15.014903+00:00,122.2,1,bid,Wenze DU,YieldingYams,13018469
2026-07-09T03:08:17.030509,2026-07-09T03:08:17.040056+00:00,122.2,1,bid,Wenze DU,YieldingYams,13018501
2026-07-09T03:08:19.262297,2026-07-09T03:08:19.269112+00:00,122.3,7,bid,Wenze DU,WavyWalnuts,13018527
2026-07-09T03:08:21.283700,2026-07-09T03:08:21.290743+00:00,122.2,200,ask,YieldingYams,WavyWalnuts,13018557
2026-07-09T03:08:21.690176,2026-07-09T03:08:21.700002+00:00,122.4,1,bid,Wenze DU,YieldingYams,13018564
2026-07-09T03:08:22.510181,2026-07-09T03:08:22.518964+00:00,122.2,11,ask,WavyWalnuts,Wenze DU,13018575
2026-07-09T03:08:26.135211,2026-07-09T03:08:26.145410+00:00,122.1,200,bid,WavyWalnuts,YieldingYams,13018626
2026-07-09T03:08:30.981432,2026-07-09T03:08:30.989876+00:00,122.3,200,bid,WavyWalnuts,YieldingYams,13018674
2026-07-09T03:08:31.146971,2026-07-09T03:08:31.157597+00:00,122.3,20,ask,YieldingYams,BrilliantBurritos,13018676
2026-07-09T03:08:33.347096,2026-07-09T03:08:33.358660+00:00,122.4,200,ask,WavyWalnuts,AverageAlmonds,13018704
2026-07-09T03:08:33.393065,2026-07-09T03:08:33.402910+00:00,122.4,10,bid,Wenze DU,AverageAlmonds,13018706
2026-07-09T03:08:33.406369,2026-07-09T03:08:33.413656+00:00,122.3,200,ask,YieldingYams,WavyWalnuts,13018707
2026-07-09T03:08:34.008961,2026-07-09T03:08:34.021001+00:00,122.4,1,bid,Wenze DU,AverageAlmonds,13018719
2026-07-09T03:08:35.007929,2026-07-09T03:08:35.019604+00:00,122.3,200,ask,WavyWalnuts,YieldingYams,13018734
2026-07-09T03:08:35.025772,2026-07-09T03:08:35.029675+00:00,122.3,3,bid,Xuanyu Liu,YieldingYams,13018736
2026-07-09T03:08:35.035622,2026-07-09T03:08:35.045322+00:00,122.3,9,bid,Wenze DU,YieldingYams,13018738
2026-07-09T03:08:35.081414,2026-07-09T03:08:35.090953+00:00,122.3,20,bid,Heero Sipayung,YieldingYams,13018742
2026-07-09T03:08:35.105951,2026-07-09T03:08:35.114011+00:00,122.3,20,bid,Heero Sipayung,YieldingYams,13018744
2026-07-09T03:08:35.189540,2026-07-09T03:08:35.201325+00:00,122.3,20,bid,Heero Sipayung,YieldingYams,13018747
2026-07-09T03:08:35.269038,2026-07-09T03:08:35.280442+00:00,122.3,20,bid,Heero Sipayung,YieldingYams,13018751
2026-07-09T03:08:35.291450,2026-07-09T03:08:35.302289+00:00,122.3,20,bid,Heero Sipayung,YieldingYams,13018753
2026-07-09T03:08:35.312247,2026-07-09T03:08:35.322785+00:00,122.3,20,bid,Heero Sipayung,YieldingYams,13018755
2026-07-09T03:08:35.360494,2026-07-09T03:08:35.371645+00:00,122.3,20,bid,Heero Sipayung,YieldingYams,13018757
2026-07-09T03:08:35.383913,2026-07-09T03:08:35.393236+00:00,122.3,20,bid,Heero Sipayung,YieldingYams,13018759
2026-07-09T03:08:35.414321,2026-07-09T03:08:35.425215+00:00,122.3,20,bid,Heero Sipayung,YieldingYams,13018761
2026-07-09T03:08:35.445936,2026-07-09T03:08:35.451188+00:00,122.3,20,bid,Heero Sipayung,YieldingYams,13018764
2026-07-09T03:08:36.338277,2026-07-09T03:08:36.342316+00:00,122.3,3,ask,YieldingYams,Xuanyu Liu,13018788
2026-07-09T03:08:36.362360,2026-07-09T03:08:36.374394+00:00,122.3,10,ask,YieldingYams,Wenze DU,13018790
2026-07-09T03:08:38.247036,2026-07-09T03:08:38.264159+00:00,122.4,200,bid,WavyWalnuts,AverageAlmonds,13018817
2026-07-09T03:08:38.791875,2026-07-09T03:08:38.800339+00:00,122.3,500,ask,YieldingYams,AverageAlmonds,13018825
2026-07-09T03:08:39.462075,2026-07-09T03:08:39.469318+00:00,122.3,200,bid,WavyWalnuts,YieldingYams,13018849
2026-07-09T03:08:40.468376,2026-07-09T03:08:40.480073+00:00,122.2,20,ask,YieldingYams,BrilliantBurritos,13018873
2026-07-09T03:08:41.411398,2026-07-09T03:08:41.423420+00:00,122.4,20,bid,BrilliantBurritos,WavyWalnuts,13018884
2026-07-09T03:08:43.086830,2026-07-09T03:08:43.098064+00:00,122.2,200,ask,YieldingYams,WavyWalnuts,13018914
2026-07-09T03:08:44.203136,2026-07-09T03:08:44.215609+00:00,122.2,10,bid,Wenze DU,YieldingYams,13018931
2026-07-09T03:08:44.211473,2026-07-09T03:08:44.215609+00:00,122.2,3,bid,Xuanyu Liu,YieldingYams,13018933
2026-07-09T03:08:45.520220,2026-07-09T03:08:45.530333+00:00,122.1,200,ask,YieldingYams,WavyWalnuts,13018948
2026-07-09T03:08:49.168140,2026-07-09T03:08:49.176163+00:00,122.2,200,bid,WavyWalnuts,AverageAlmonds,13019003
2026-07-09T03:08:51.582942,2026-07-09T03:08:51.593573+00:00,122.2,200,bid,WavyWalnuts,YieldingYams,13019036
2026-07-09T03:08:52.807263,2026-07-09T03:08:52.811269+00:00,122.2,3,ask,WavyWalnuts,Xuanyu Liu,13019049
2026-07-09T03:08:52.852271,2026-07-09T03:08:52.861482+00:00,122.2,10,ask,WavyWalnuts,Wenze DU,13019051
2026-07-09T03:08:54.545392,2026-07-09T03:08:54.588292+00:00,122.2,200,ask,WavyWalnuts,AverageAlmonds,13019087
2026-07-09T03:08:54.583121,2026-07-09T03:08:54.604083+00:00,122.2,3,bid,Xuanyu Liu,AverageAlmonds,13019093
2026-07-09T03:08:54.594180,2026-07-09T03:08:54.604083+00:00,122.2,10,bid,Wenze DU,AverageAlmonds,13019094
2026-07-09T03:08:57.315748,2026-07-09T03:08:57.334420+00:00,122.2,500,bid,YieldingYams,AverageAlmonds,13019123
2026-07-09T03:08:57.330194,2026-07-09T03:08:57.334420+00:00,122.2,3,ask,YieldingYams,Xuanyu Liu,13019125
2026-07-09T03:08:57.417487,2026-07-09T03:08:57.424478+00:00,122.2,10,ask,YieldingYams,Wenze DU,13019127
2026-07-09T03:08:57.548586,2026-07-09T03:08:57.555474+00:00,122.2,112,ask,YieldingYams,AverageAlmonds,13019129
2026-07-09T03:08:57.548586,2026-07-09T03:08:57.555474+00:00,122.1,200,ask,WavyWalnuts,AverageAlmonds,13019130
2026-07-09T03:08:59.443111,2026-07-09T03:08:59.452879+00:00,122.1,1,ask,WavyWalnuts,Wenze DU,13019154
2026-07-09T03:09:01.058618,2026-07-09T03:09:01.070188+00:00,122.2,1,bid,Wenze DU,YieldingYams,13019174
2026-07-09T03:09:01.572092,2026-07-09T03:09:01.583857+00:00,122.1,1,ask,WavyWalnuts,Wenze DU,13019186
2026-07-09T03:09:02.562410,2026-07-09T03:09:02.569817+00:00,122.1,200,ask,WavyWalnuts,YieldingYams,13019202
2026-07-09T03:09:04.914515,2026-07-09T03:09:04.921298+00:00,122.2,200,bid,WavyWalnuts,YieldingYams,13019233
2026-07-09T03:09:05.199672,2026-07-09T03:09:05.211287+00:00,122.2,20,ask,YieldingYams,Heero Sipayung,13019234
2026-07-09T03:09:05.258224,2026-07-09T03:09:05.269723+00:00,122.2,19,ask,YieldingYams,Wenze DU,13019238
2026-07-09T03:09:05.263614,2026-07-09T03:09:05.274969+00:00,122.2,20,ask,YieldingYams,Heero Sipayung,13019239
2026-07-09T03:09:05.288794,2026-07-09T03:09:05.299894+00:00,122.2,20,ask,YieldingYams,Heero Sipayung,13019242
2026-07-09T03:09:05.318659,2026-07-09T03:09:05.326068+00:00,122.2,20,ask,YieldingYams,Heero Sipayung,13019244
2026-07-09T03:09:05.349900,2026-07-09T03:09:05.358620+00:00,122.2,20,ask,YieldingYams,Heero Sipayung,13019246
2026-07-09T03:09:05.374249,2026-07-09T03:09:05.385847+00:00,122.2,20,ask,YieldingYams,Heero Sipayung,13019249
2026-07-09T03:09:05.405715,2026-07-09T03:09:05.417378+00:00,122.2,20,ask,YieldingYams,Heero Sipayung,13019252
2026-07-09T03:09:05.450128,2026-07-09T03:09:05.459413+00:00,122.2,20,ask,YieldingYams,Heero Sipayung,13019254
2026-07-09T03:09:05.490596,2026-07-09T03:09:05.502499+00:00,122.2,20,ask,YieldingYams,Heero Sipayung,13019256
2026-07-09T03:09:05.551381,2026-07-09T03:09:05.558603+00:00,122.2,20,ask,YieldingYams,Heero Sipayung,13019263
2026-07-09T03:09:06.747818,2026-07-09T03:09:06.754268+00:00,122.2,15,bid,Heero Sipayung,YieldingYams,13019279
2026-07-09T03:09:10.417199,2026-07-09T03:09:10.424069+00:00,122.2,200,bid,YieldingYams,WavyWalnuts,13019321
2026-07-09T03:09:10.417199,2026-07-09T03:09:10.429409+00:00,122.3,425,bid,YieldingYams,AverageAlmonds,13019322
2026-07-09T03:09:10.970651,2026-07-09T03:09:10.982563+00:00,122.2,15,ask,WavyWalnuts,Heero Sipayung,13019327
2026-07-09T03:09:13.043108,2026-07-09T03:09:13.053345+00:00,122.3,20,bid,Wenze DU,AverageAlmonds,13019358
2026-07-09T03:09:13.047796,2026-07-09T03:09:13.068959+00:00,122.2,200,ask,WavyWalnuts,YieldingYams,13019359
2026-07-09T03:09:13.064939,2026-07-09T03:09:13.068959+00:00,122.2,3,bid,Xuanyu Liu,YieldingYams,13019361
2026-07-09T03:09:13.093202,2026-07-09T03:09:13.100578+00:00,122.2,20,bid,Heero Sipayung,YieldingYams,13019363
2026-07-09T03:09:13.156729,2026-07-09T03:09:13.168290+00:00,122.2,10,bid,Wenze DU,YieldingYams,13019366
2026-07-09T03:09:13.167447,2026-07-09T03:09:13.178697+00:00,122.2,20,bid,Heero Sipayung,YieldingYams,13019367
2026-07-09T03:09:13.202909,2026-07-09T03:09:13.212625+00:00,122.2,20,bid,Heero Sipayung,YieldingYams,13019370
2026-07-09T03:09:13.253000,2026-07-09T03:09:13.262795+00:00,122.2,20,bid,Heero Sipayung,YieldingYams,13019373
2026-07-09T03:09:13.275795,2026-07-09T03:09:13.286376+00:00,122.2,20,bid,Heero Sipayung,YieldingYams,13019375
2026-07-09T03:09:13.351145,2026-07-09T03:09:13.361490+00:00,122.2,20,bid,Heero Sipayung,YieldingYams,13019378
2026-07-09T03:09:13.357516,2026-07-09T03:09:13.366690+00:00,122.0,3,ask,YieldingYams,Heero Sipayung,13019379
2026-07-09T03:09:14.562849,2026-07-09T03:09:14.574926+00:00,122.2,20,bid,BrilliantBurritos,AverageAlmonds,13019395
2026-07-09T03:09:18.229667,2026-07-09T03:09:18.237823+00:00,122.1,200,ask,YieldingYams,WavyWalnuts,13019453
2026-07-09T03:09:18.354992,2026-07-09T03:09:18.364516+00:00,122.0,20,bid,Heero Sipayung,YieldingYams,13019457
2026-07-09T03:09:18.391930,2026-07-09T03:09:18.400975+00:00,122.0,20,bid,Heero Sipayung,YieldingYams,13019459
2026-07-09T03:09:18.417462,2026-07-09T03:09:18.428283+00:00,122.0,20,bid,Heero Sipayung,YieldingYams,13019461
2026-07-09T03:09:18.442369,2026-07-09T03:09:18.449772+00:00,122.0,20,bid,Heero Sipayung,YieldingYams,13019463
2026-07-09T03:09:18.466595,2026-07-09T03:09:18.476124+00:00,122.0,3,bid,Heero Sipayung,YieldingYams,13019465
2026-07-09T03:09:19.437715,2026-07-09T03:09:19.446275+00:00,122.0,200,bid,WavyWalnuts,YieldingYams,13019475
2026-07-09T03:09:20.640303,2026-07-09T03:09:20.649648+00:00,121.9,1,ask,YieldingYams,Wenze DU,13019495
2026-07-09T03:09:21.860322,2026-07-09T03:09:21.870777+00:00,121.9,1,ask,YieldingYams,Wenze DU,13019521
2026-07-09T03:09:22.554449,2026-07-09T03:09:22.559033+00:00,121.9,3,ask,WavyWalnuts,Xuanyu Liu,13019529
2026-07-09T03:09:22.574119,2026-07-09T03:09:22.585212+00:00,121.9,8,ask,WavyWalnuts,Wenze DU,13019531
2026-07-09T03:09:22.785395,2026-07-09T03:09:22.797184+00:00,121.9,1,ask,WavyWalnuts,Wenze DU,13019535
2026-07-09T03:09:24.286781,2026-07-09T03:09:24.293908+00:00,121.9,200,ask,YieldingYams,WavyWalnuts,13019565
2026-07-09T03:09:25.710479,2026-07-09T03:09:25.720814+00:00,121.8,20,ask,YieldingYams,Heero Sipayung,13019587
2026-07-09T03:09:25.760423,2026-07-09T03:09:25.771292+00:00,121.8,20,ask,YieldingYams,Heero Sipayung,13019589
2026-07-09T03:09:25.775240,2026-07-09T03:09:25.786672+00:00,121.8,9,ask,YieldingYams,Wenze DU,13019592
2026-07-09T03:09:25.793374,2026-07-09T03:09:25.802477+00:00,121.8,20,ask,YieldingYams,Heero Sipayung,13019596
2026-07-09T03:09:25.851132,2026-07-09T03:09:25.857765+00:00,121.8,20,ask,YieldingYams,Heero Sipayung,13019598
2026-07-09T03:09:25.873553,2026-07-09T03:09:25.885142+00:00,121.8,20,ask,YieldingYams,Heero Sipayung,13019600
2026-07-09T03:09:25.896720,2026-07-09T03:09:25.908528+00:00,121.8,20,ask,YieldingYams,Heero Sipayung,13019602
2026-07-09T03:09:25.927742,2026-07-09T03:09:25.939644+00:00,121.8,20,ask,YieldingYams,Heero Sipayung,13019604
2026-07-09T03:09:25.950832,2026-07-09T03:09:25.958583+00:00,121.8,20,ask,YieldingYams,Heero Sipayung,13019606
2026-07-09T03:09:25.973721,2026-07-09T03:09:25.985434+00:00,121.9,19,bid,Heero Sipayung,WavyWalnuts,13019608
2026-07-09T03:09:27.490589,2026-07-09T03:09:27.499253+00:00,122.0,200,bid,YieldingYams,WavyWalnuts,13019636
2026-07-09T03:09:27.502639,2026-07-09T03:09:27.509443+00:00,122.0,20,ask,YieldingYams,Heero Sipayung,13019637
2026-07-09T03:09:27.519464,2026-07-09T03:09:27.530513+00:00,122.0,10,ask,YieldingYams,Wenze DU,13019640
2026-07-09T03:09:27.571819,2026-07-09T03:09:27.579310+00:00,122.0,20,ask,YieldingYams,Heero Sipayung,13019642
2026-07-09T03:09:27.594186,2026-07-09T03:09:27.605932+00:00,122.0,19,ask,YieldingYams,Heero Sipayung,13019644
2026-07-09T03:09:28.945067,2026-07-09T03:09:28.958614+00:00,122.1,10,bid,Wenze DU,WavyWalnuts,13019662
2026-07-09T03:09:30.390093,2026-07-09T03:09:30.402053+00:00,122.0,20,ask,WavyWalnuts,BrilliantBurritos,13019682
2026-07-09T03:09:31.070536,2026-07-09T03:09:31.079286+00:00,122.1,1,bid,Wenze DU,YieldingYams,13019698
2026-07-09T03:09:31.469562,2026-07-09T03:09:31.481046+00:00,122.0,180,ask,WavyWalnuts,AverageAlmonds,13019705
2026-07-09T03:09:31.540815,2026-07-09T03:09:31.549978+00:00,122.0,200,bid,WavyWalnuts,AverageAlmonds,13019706
2026-07-09T03:09:32.097603,2026-07-09T03:09:32.105355+00:00,121.9,1,ask,YieldingYams,Wenze DU,13019716
2026-07-09T03:09:32.741350,2026-07-09T03:09:32.749508+00:00,122.0,500,bid,YieldingYams,AverageAlmonds,13019727
2026-07-09T03:09:32.817140,2026-07-09T03:09:32.828477+00:00,122.0,10,ask,YieldingYams,Wenze DU,13019730
2026-07-09T03:09:33.269819,2026-07-09T03:09:33.279190+00:00,122.0,115,ask,YieldingYams,AverageAlmonds,13019736
2026-07-09T03:09:34.055032,2026-07-09T03:09:34.063691+00:00,121.8,200,ask,WavyWalnuts,YieldingYams,13019755
2026-07-09T03:09:35.178269,2026-07-09T03:09:35.187094+00:00,121.8,200,bid,WavyWalnuts,YieldingYams,13019771
2026-07-09T03:09:35.380417,2026-07-09T03:09:35.384445+00:00,121.9,3,ask,YieldingYams,Xuanyu Liu,13019777
2026-07-09T03:09:35.451886,2026-07-09T03:09:35.463272+00:00,121.9,10,ask,YieldingYams,Wenze DU,13019780
2026-07-09T03:09:35.717246,2026-07-09T03:09:35.726691+00:00,121.9,500,ask,YieldingYams,AverageAlmonds,13019787
2026-07-09T03:09:37.605438,2026-07-09T03:09:37.613725+00:00,121.9,200,bid,WavyWalnuts,YieldingYams,13019815
2026-07-09T03:09:38.334545,2026-07-09T03:09:38.339077+00:00,122.0,3,bid,Xuanyu Liu,AverageAlmonds,13019825
2026-07-09T03:09:38.393267,2026-07-09T03:09:38.402293+00:00,122.0,20,bid,Wenze DU,AverageAlmonds,13019828
2026-07-09T03:09:39.303534,2026-07-09T03:09:39.310885+00:00,122.0,500,bid,YieldingYams,AverageAlmonds,13019844
2026-07-09T03:09:39.303534,2026-07-09T03:09:39.316097+00:00,122.0,125,bid,YieldingYams,WavyWalnuts,13019845
2026-07-09T03:09:39.965696,2026-07-09T03:09:39.977319+00:00,122.0,1,bid,Wenze DU,WavyWalnuts,13019854
2026-07-09T03:09:40.387774,2026-07-09T03:09:40.399830+00:00,121.9,20,ask,WavyWalnuts,BrilliantBurritos,13019862
2026-07-09T03:09:41.797145,2026-07-09T03:09:41.808027+00:00,122.0,20,bid,BrilliantBurritos,YieldingYams,13019884
2026-07-09T03:09:43.237124,2026-07-09T03:09:43.244705+00:00,122.0,200,bid,YieldingYams,WavyWalnuts,13019903
2026-07-09T03:09:43.237124,2026-07-09T03:09:43.249924+00:00,122.0,425,bid,YieldingYams,AverageAlmonds,13019904
2026-07-09T03:09:44.552837,2026-07-09T03:09:44.561813+00:00,121.8,200,ask,WavyWalnuts,YieldingYams,13019928
2026-07-09T03:09:44.616701,2026-07-09T03:09:44.626991+00:00,121.7,9,bid,Wenze DU,YieldingYams,13019931
2026-07-09T03:09:44.870485,2026-07-09T03:09:44.880754+00:00,121.7,200,bid,WavyWalnuts,YieldingYams,13019933
2026-07-09T03:09:46.081134,2026-07-09T03:09:46.088488+00:00,121.9,200,bid,WavyWalnuts,YieldingYams,13019954
2026-07-09T03:09:46.135471,2026-07-09T03:09:46.143634+00:00,121.9,20,bid,BrilliantBurritos,YieldingYams,13019956
2026-07-09T03:09:47.051167,2026-07-09T03:09:47.058579+00:00,121.7,1,ask,YieldingYams,Wenze DU,13019966
2026-07-09T03:09:47.291703,2026-07-09T03:09:47.300101+00:00,121.9,200,ask,YieldingYams,WavyWalnuts,13019973
2026-07-09T03:09:50.592070,2026-07-09T03:09:50.601871+00:00,122.0,20,bid,BrilliantBurritos,WavyWalnuts,13020023
2026-07-09T03:09:53.348510,2026-07-09T03:09:53.358580+00:00,121.9,200,bid,WavyWalnuts,YieldingYams,13020054
2026-07-09T03:09:53.832989,2026-07-09T03:09:53.840563+00:00,122.0,9,ask,YieldingYams,Wenze DU,13020059
2026-07-09T03:09:54.564145,2026-07-09T03:09:54.575614+00:00,122.0,200,ask,YieldingYams,WavyWalnuts,13020068
2026-07-09T03:09:56.416318,2026-07-09T03:09:56.426591+00:00,122.2,200,bid,YieldingYams,WavyWalnuts,13020097
2026-07-09T03:09:56.433028,2026-07-09T03:09:56.442261+00:00,122.3,20,ask,YieldingYams,Wenze DU,13020100
2026-07-09T03:09:56.437906,2026-07-09T03:09:56.442261+00:00,122.3,3,ask,YieldingYams,Xuanyu Liu,13020101
2026-07-09T03:09:56.457416,2026-07-09T03:09:56.468927+00:00,122.4,20,bid,BrilliantBurritos,AverageAlmonds,13020102
2026-07-09T03:09:57.702152,2026-07-09T03:09:57.713899+00:00,122.5,20,bid,BrilliantBurritos,YieldingYams,13020117
2026-07-09T03:09:57.734456,2026-07-09T03:09:57.741920+00:00,122.3,200,ask,WavyWalnuts,YieldingYams,13020118
2026-07-09T03:09:58.189116,2026-07-09T03:09:58.198836+00:00,122.2,200,bid,WavyWalnuts,YieldingYams,13020125
2026-07-09T03:10:01.847230,2026-07-09T03:10:01.851537+00:00,122.2,3,bid,Xuanyu Liu,WavyWalnuts,13020182
2026-07-09T03:10:01.912185,2026-07-09T03:10:01.920156+00:00,122.2,10,bid,Wenze DU,WavyWalnuts,13020184
2026-07-09T03:10:02.354557,2026-07-09T03:10:02.364823+00:00,122.2,187,bid,AverageAlmonds,WavyWalnuts,13020187
2026-07-09T03:10:03.508445,2026-07-09T03:10:03.520389+00:00,122.1,20,ask,AverageAlmonds,BrilliantBurritos,13020204
2026-07-09T03:10:03.734590,2026-07-09T03:10:03.743800+00:00,122.2,10,bid,Wenze DU,WavyWalnuts,13020211
2026-07-09T03:10:05.360403,2026-07-09T03:10:05.368974+00:00,122.2,200,bid,AverageAlmonds,WavyWalnuts,13020233
2026-07-09T03:10:05.489925,2026-07-09T03:10:05.500348+00:00,122.3,200,ask,AverageAlmonds,WavyWalnuts,13020236
2026-07-09T03:10:05.609501,2026-07-09T03:10:05.618477+00:00,122.3,100,ask,AverageAlmonds,YieldingYams,13020240
2026-07-09T03:10:05.986247,2026-07-09T03:10:05.993863+00:00,122.2,500,bid,AverageAlmonds,YieldingYams,13020244
2026-07-09T03:10:06.587081,2026-07-09T03:10:06.594850+00:00,122.2,25,bid,AverageAlmonds,YieldingYams,13020250
2026-07-09T03:10:06.917380,2026-07-09T03:10:06.925399+00:00,122.3,200,bid,YieldingYams,WavyWalnuts,13020256
2026-07-09T03:10:08.236398,2026-07-09T03:10:08.247345+00:00,122.2,200,ask,WavyWalnuts,YieldingYams,13020278
2026-07-09T03:10:08.288316,2026-07-09T03:10:08.297358+00:00,122.2,10,bid,Wenze DU,YieldingYams,13020282
2026-07-09T03:10:09.112947,2026-07-09T03:10:09.121993+00:00,122.2,200,bid,WavyWalnuts,YieldingYams,13020295
2026-07-09T03:10:10.325933,2026-07-09T03:10:10.337448+00:00,122.3,200,ask,YieldingYams,WavyWalnuts,13020315
2026-07-09T03:10:10.629101,2026-07-09T03:10:10.641058+00:00,122.5,20,bid,BrilliantBurritos,YieldingYams,13020323
2026-07-09T03:10:11.316991,2026-07-09T03:10:11.325367+00:00,122.1,1,ask,AverageAlmonds,Wenze DU,13020340
2026-07-09T03:10:12.768171,2026-07-09T03:10:12.779821+00:00,122.4,200,bid,WavyWalnuts,YieldingYams,13020354
2026-07-09T03:10:13.182793,2026-07-09T03:10:13.189257+00:00,122.2,9,ask,YieldingYams,Wenze DU,13020359
2026-07-09T03:10:13.296321,2026-07-09T03:10:13.305471+00:00,122.3,10,ask,AverageAlmonds,Wenze DU,13020365
2026-07-09T03:10:13.491081,2026-07-09T03:10:13.499391+00:00,122.3,490,ask,AverageAlmonds,YieldingYams,13020371
2026-07-09T03:10:13.847731,2026-07-09T03:10:13.858595+00:00,122.3,135,bid,AverageAlmonds,YieldingYams,13020375
2026-07-09T03:10:13.894524,2026-07-09T03:10:13.898674+00:00,122.3,14,ask,AverageAlmonds,Xuanyu Liu,13020378
2026-07-09T03:10:13.921457,2026-07-09T03:10:13.930331+00:00,122.3,20,ask,AverageAlmonds,Wenze DU,13020380
2026-07-09T03:10:13.993409,2026-07-09T03:10:13.997696+00:00,122.5,23,ask,WavyWalnuts,Xuanyu Liu,13020383
2026-07-09T03:10:14.033883,2026-07-09T03:10:14.045089+00:00,122.5,20,ask,WavyWalnuts,Wenze DU,13020385
2026-07-09T03:10:16.124083,2026-07-09T03:10:16.133947+00:00,122.5,200,ask,WavyWalnuts,YieldingYams,13020408
2026-07-09T03:10:16.124083,2026-07-09T03:10:16.133947+00:00,122.4,425,ask,AverageAlmonds,YieldingYams,13020409
2026-07-09T03:10:18.747416,2026-07-09T03:10:18.758562+00:00,122.7,200,bid,YieldingYams,WavyWalnuts,13020449
2026-07-09T03:10:18.842227,2026-07-09T03:10:18.849528+00:00,122.7,200,ask,YieldingYams,WavyWalnuts,13020452
2026-07-09T03:10:21.282622,2026-07-09T03:10:21.293695+00:00,122.6,200,ask,AverageAlmonds,WavyWalnuts,13020475
2026-07-09T03:10:22.491762,2026-07-09T03:10:22.498706+00:00,122.6,200,ask,AverageAlmonds,WavyWalnuts,13020491
2026-07-09T03:10:24.921404,2026-07-09T03:10:24.929589+00:00,122.6,200,bid,WavyWalnuts,YieldingYams,13020524
2026-07-09T03:10:27.167954,2026-07-09T03:10:27.177679+00:00,122.7,500,bid,AverageAlmonds,YieldingYams,13020537
2026-07-09T03:10:27.761720,2026-07-09T03:10:27.770147+00:00,122.7,125,bid,AverageAlmonds,YieldingYams,13020550
2026-07-09T03:10:27.969556,2026-07-09T03:10:27.974129+00:00,122.8,12,ask,YieldingYams,Xuanyu Liu,13020556
2026-07-09T03:10:28.059052,2026-07-09T03:10:28.067689+00:00,122.8,10,ask,YieldingYams,Wenze DU,13020559
2026-07-09T03:10:28.557896,2026-07-09T03:10:28.569556+00:00,122.8,200,ask,YieldingYams,WavyWalnuts,13020563
2026-07-09T03:10:32.184232,2026-07-09T03:10:32.195793+00:00,122.7,200,ask,YieldingYams,WavyWalnuts,13020593
2026-07-09T03:10:35.824393,2026-07-09T03:10:35.834536+00:00,122.7,200,bid,YieldingYams,WavyWalnuts,13020640
2026-07-09T03:10:41.670187,2026-07-09T03:10:41.674442+00:00,122.7,11,ask,WavyWalnuts,Xuanyu Liu,13020717
2026-07-09T03:10:41.743223,2026-07-09T03:10:41.755447+00:00,122.7,10,ask,WavyWalnuts,Wenze DU,13020721
2026-07-09T03:10:46.706469,2026-07-09T03:10:46.713892+00:00,123.0,200,bid,WavyWalnuts,YieldingYams,13020778
2026-07-09T03:10:51.621380,2026-07-09T03:10:51.632906+00:00,123.1,20,bid,BrilliantBurritos,YieldingYams,13020872
2026-07-09T03:10:51.804323,2026-07-09T03:10:51.808503+00:00,123.1,11,bid,Xuanyu Liu,YieldingYams,13020874
2026-07-09T03:10:51.853957,2026-07-09T03:10:51.862372+00:00,123.1,10,bid,Wenze DU,YieldingYams,13020876
2026-07-09T03:10:52.759203,2026-07-09T03:10:52.766184+00:00,123.1,200,bid,WavyWalnuts,YieldingYams,13020892
2026-07-09T03:10:54.963433,2026-07-09T03:10:54.974870+00:00,123.0,20,ask,YieldingYams,BrilliantBurritos,13020922
2026-07-09T03:10:58.133427,2026-07-09T03:10:58.137590+00:00,123.2,12,bid,Xuanyu Liu,WavyWalnuts,13020971
2026-07-09T03:10:58.227970,2026-07-09T03:10:58.234573+00:00,123.2,10,bid,Wenze DU,WavyWalnuts,13020976
2026-07-09T03:10:59.862864,2026-07-09T03:10:59.873968+00:00,123.1,500,ask,YieldingYams,AverageAlmonds,13020994
2026-07-09T03:11:00.482622,2026-07-09T03:11:00.490473+00:00,123.1,125,ask,YieldingYams,AverageAlmonds,13020999
2026-07-09T03:11:00.482622,2026-07-09T03:11:00.508706+00:00,123.0,200,ask,WavyWalnuts,AverageAlmonds,13021000
2026-07-09T03:11:00.504993,2026-07-09T03:11:00.508706+00:00,123.0,23,bid,Xuanyu Liu,AverageAlmonds,13021002
2026-07-09T03:11:00.523885,2026-07-09T03:11:00.534595+00:00,123.0,20,bid,Wenze DU,AverageAlmonds,13021004
2026-07-09T03:11:00.820051,2026-07-09T03:11:00.830816+00:00,123.0,132,bid,YieldingYams,AverageAlmonds,13021006
2026-07-09T03:11:01.085181,2026-07-09T03:11:01.096943+00:00,123.0,493,ask,YieldingYams,AverageAlmonds,13021008
2026-07-09T03:11:01.232706,2026-07-09T03:11:01.239915+00:00,123.0,7,bid,WavyWalnuts,AverageAlmonds,13021012
2026-07-09T03:11:01.274152,2026-07-09T03:11:01.285813+00:00,123.2,20,bid,BrilliantBurritos,YieldingYams,13021013
2026-07-09T03:11:01.348048,2026-07-09T03:11:01.351807+00:00,123.0,35,ask,WavyWalnuts,Xuanyu Liu,13021016
2026-07-09T03:11:01.438551,2026-07-09T03:11:01.445661+00:00,123.0,19,ask,WavyWalnuts,Wenze DU,13021018
2026-07-09T03:11:01.689848,2026-07-09T03:11:01.700057+00:00,123.0,139,ask,WavyWalnuts,AverageAlmonds,13021022
2026-07-09T03:11:02.453224,2026-07-09T03:11:02.458581+00:00,122.9,200,bid,WavyWalnuts,YieldingYams,13021033
2026-07-09T03:11:02.960155,2026-07-09T03:11:02.969142+00:00,122.9,20,bid,BrilliantBurritos,YieldingYams,13021038
2026-07-09T03:11:03.666190,2026-07-09T03:11:03.673474+00:00,122.8,200,bid,WavyWalnuts,AverageAlmonds,13021054
2026-07-09T03:11:04.466714,2026-07-09T03:11:04.470806+00:00,122.8,12,bid,Xuanyu Liu,AverageAlmonds,13021072
2026-07-09T03:11:04.708125,2026-07-09T03:11:04.716347+00:00,122.7,500,ask,YieldingYams,AverageAlmonds,13021076
2026-07-09T03:11:04.797461,2026-07-09T03:11:04.816972+00:00,122.6,23,bid,Xuanyu Liu,YieldingYams,13021082
2026-07-09T03:11:04.805419,2026-07-09T03:11:04.816972+00:00,122.6,19,bid,Wenze DU,YieldingYams,13021083
2026-07-09T03:11:04.883567,2026-07-09T03:11:04.891644+00:00,122.6,200,bid,WavyWalnuts,YieldingYams,13021084
2026-07-09T03:11:07.324109,2026-07-09T03:11:07.335203+00:00,122.6,200,bid,WavyWalnuts,YieldingYams,13021123
2026-07-09T03:11:13.278634,2026-07-09T03:11:13.282222+00:00,122.6,11,bid,Xuanyu Liu,WavyWalnuts,13021215
2026-07-09T03:11:13.328289,2026-07-09T03:11:13.338141+00:00,122.6,10,bid,Wenze DU,WavyWalnuts,13021218
2026-07-09T03:11:13.959835,2026-07-09T03:11:13.968737+00:00,122.5,200,ask,WavyWalnuts,YieldingYams,13021230
2026-07-09T03:11:14.579954,2026-07-09T03:11:14.588943+00:00,122.5,200,bid,WavyWalnuts,YieldingYams,13021240
2026-07-09T03:11:16.686892,2026-07-09T03:11:16.695976+00:00,122.4,20,ask,WavyWalnuts,BrilliantBurritos,13021282
2026-07-09T03:11:17.010918,2026-07-09T03:11:17.024996+00:00,122.4,200,ask,YieldingYams,WavyWalnuts,13021285
2026-07-09T03:11:18.220269,2026-07-09T03:11:18.227901+00:00,122.5,200,ask,YieldingYams,WavyWalnuts,13021294
2026-07-09T03:11:19.211137,2026-07-09T03:11:19.218691+00:00,122.6,500,bid,YieldingYams,AverageAlmonds,13021300
2026-07-09T03:11:19.250239,2026-07-09T03:11:19.258569+00:00,122.6,125,ask,YieldingYams,AverageAlmonds,13021302
2026-07-09T03:11:20.538810,2026-07-09T03:11:20.548340+00:00,122.4,10,bid,Wenze DU,YieldingYams,13021328
2026-07-09T03:11:20.543814,2026-07-09T03:11:20.548340+00:00,122.4,3,bid,Xuanyu Liu,YieldingYams,13021329
2026-07-09T03:11:20.639215,2026-07-09T03:11:20.650459+00:00,122.4,200,bid,WavyWalnuts,YieldingYams,13021330
2026-07-09T03:11:24.715033,2026-07-09T03:11:24.723679+00:00,122.6,500,ask,YieldingYams,AverageAlmonds,13021373
2026-07-09T03:11:25.773836,2026-07-09T03:11:25.781274+00:00,122.5,200,ask,WavyWalnuts,YieldingYams,13021386
2026-07-09T03:11:26.681295,2026-07-09T03:11:26.692927+00:00,122.4,200,bid,WavyWalnuts,YieldingYams,13021401
2026-07-09T03:11:27.895334,2026-07-09T03:11:27.904845+00:00,122.4,200,ask,YieldingYams,WavyWalnuts,13021420
2026-07-09T03:11:28.261899,2026-07-09T03:11:28.273614+00:00,122.7,20,bid,BrilliantBurritos,YieldingYams,13021426
2026-07-09T03:11:29.730222,2026-07-09T03:11:29.733841+00:00,122.4,3,ask,YieldingYams,Xuanyu Liu,13021445
2026-07-09T03:11:29.762998,2026-07-09T03:11:29.771766+00:00,122.4,10,ask,YieldingYams,Wenze DU,13021448
2026-07-09T03:11:32.142900,2026-07-09T03:11:32.158606+00:00,122.4,20,ask,YieldingYams,BrilliantBurritos,13021481
2026-07-09T03:11:33.685796,2026-07-09T03:11:33.689739+00:00,122.5,11,ask,YieldingYams,Xuanyu Liu,13021512
2026-07-09T03:11:33.709162,2026-07-09T03:11:33.720855+00:00,122.5,10,ask,YieldingYams,Wenze DU,13021514
2026-07-09T03:11:33.941865,2026-07-09T03:11:33.951886+00:00,122.5,200,ask,YieldingYams,WavyWalnuts,13021519
2026-07-09T03:11:35.003533,2026-07-09T03:11:35.014006+00:00,122.4,20,ask,YieldingYams,BrilliantBurritos,13021531
2026-07-09T03:11:37.628503,2026-07-09T03:11:37.637715+00:00,122.6,200,bid,YieldingYams,WavyWalnuts,13021560
2026-07-09T03:11:46.999310,2026-07-09T03:11:47.011557+00:00,122.8,20,bid,BrilliantBurritos,WavyWalnuts,13021717
2026-07-09T03:11:47.273147,2026-07-09T03:11:47.284579+00:00,122.6,200,ask,YieldingYams,WavyWalnuts,13021721
2026-07-09T03:11:50.813212,2026-07-09T03:11:50.824553+00:00,122.5,500,ask,AverageAlmonds,YieldingYams,13021767
2026-07-09T03:11:50.838103,2026-07-09T03:11:50.843012+00:00,122.5,6,bid,Xuanyu Liu,YieldingYams,13021769
2026-07-09T03:11:51.316661,2026-07-09T03:11:51.320708+00:00,122.4,6,ask,WavyWalnuts,Xuanyu Liu,13021778
2026-07-09T03:11:51.331033,2026-07-09T03:11:51.366549+00:00,122.5,119,bid,AverageAlmonds,YieldingYams,13021779
