timestamp,recv_time,price,volume,aggressor_side,buyer,seller,trade_id
2026-07-03T20:00:00.076219,2026-07-03T20:00:00.129100+00:00,117.5,200,ask,YieldingYams,WavyWalnuts,6137611
2026-07-03T20:00:01.566244,2026-07-03T20:00:01.573745+00:00,117.6,200,bid,YieldingYams,WavyWalnuts,6137632
2026-07-03T20:00:01.587369,2026-07-03T20:00:01.591640+00:00,117.6,12,ask,YieldingYams,Xuanyu Liu,6137634
2026-07-03T20:00:05.320872,2026-07-03T20:00:05.332600+00:00,117.6,20,bid,BrilliantBurritos,WavyWalnuts,6137679
2026-07-03T20:00:05.509948,2026-07-03T20:00:05.517192+00:00,117.6,180,bid,YieldingYams,WavyWalnuts,6137687
2026-07-03T20:00:06.126445,2026-07-03T20:00:06.133439+00:00,117.8,200,bid,WavyWalnuts,YieldingYams,6137693
2026-07-03T20:00:07.337635,2026-07-03T20:00:07.349006+00:00,117.8,200,bid,WavyWalnuts,YieldingYams,6137710
2026-07-03T20:00:10.981212,2026-07-03T20:00:10.985318+00:00,117.5,11,ask,YieldingYams,Xuanyu Liu,6137762
2026-07-03T20:00:12.526198,2026-07-03T20:00:12.538009+00:00,117.7,20,bid,BrilliantBurritos,YieldingYams,6137784
2026-07-03T20:00:13.415124,2026-07-03T20:00:13.427501+00:00,117.6,200,ask,WavyWalnuts,YieldingYams,6137801
2026-07-03T20:00:14.639546,2026-07-03T20:00:14.646879+00:00,117.4,20,ask,YieldingYams,BrilliantBurritos,6137819
2026-07-03T20:00:14.728498,2026-07-03T20:00:14.735969+00:00,117.5,200,bid,YieldingYams,WavyWalnuts,6137823
2026-07-03T20:00:15.169101,2026-07-03T20:00:15.172217+00:00,117.5,26,ask,YieldingYams,Xuanyu Liu,6137829
2026-07-03T20:00:15.748792,2026-07-03T20:00:15.755488+00:00,117.7,500,bid,AverageAlmonds,YieldingYams,6137837
2026-07-03T20:00:16.043765,2026-07-03T20:00:16.053931+00:00,117.6,200,bid,YieldingYams,WavyWalnuts,6137847
2026-07-03T20:00:17.202001,2026-07-03T20:00:17.213955+00:00,117.6,20,ask,YieldingYams,BrilliantBurritos,6137866
2026-07-03T20:00:17.581367,2026-07-03T20:00:17.588359+00:00,117.7,500,bid,AverageAlmonds,YieldingYams,6137869
2026-07-03T20:00:18.178680,2026-07-03T20:00:18.188154+00:00,117.7,125,bid,AverageAlmonds,YieldingYams,6137877
2026-07-03T20:00:19.457990,2026-07-03T20:00:19.469169+00:00,117.7,200,ask,YieldingYams,WavyWalnuts,6137895
2026-07-03T20:00:21.289983,2026-07-03T20:00:21.298734+00:00,117.7,200,ask,WavyWalnuts,YieldingYams,6137917
2026-07-03T20:00:25.508429,2026-07-03T20:00:25.516750+00:00,117.6,200,ask,YieldingYams,WavyWalnuts,6137962
2026-07-03T20:00:29.161686,2026-07-03T20:00:29.169327+00:00,117.5,500,ask,AverageAlmonds,YieldingYams,6138013
2026-07-03T20:00:30.347980,2026-07-03T20:00:30.354021+00:00,117.5,125,bid,WavyWalnuts,YieldingYams,6138044
2026-07-03T20:00:30.485008,2026-07-03T20:00:30.488841+00:00,117.6,3,ask,YieldingYams,Xuanyu Liu,6138046
2026-07-03T20:00:34.402175,2026-07-03T20:00:34.412691+00:00,117.6,200,bid,YieldingYams,WavyWalnuts,6138112
2026-07-03T20:00:35.167650,2026-07-03T20:00:35.179752+00:00,117.8,20,bid,BrilliantBurritos,YieldingYams,6138120
2026-07-03T20:00:37.028772,2026-07-03T20:00:37.036788+00:00,117.6,500,ask,AverageAlmonds,YieldingYams,6138151
2026-07-03T20:00:37.268572,2026-07-03T20:00:37.272377+00:00,117.6,3,bid,Xuanyu Liu,YieldingYams,6138155
2026-07-03T20:00:37.555561,2026-07-03T20:00:37.563664+00:00,117.6,122,bid,AverageAlmonds,YieldingYams,6138158
2026-07-03T20:00:37.606418,2026-07-03T20:00:37.616133+00:00,117.6,200,ask,AverageAlmonds,WavyWalnuts,6138160
2026-07-03T20:00:41.773358,2026-07-03T20:00:41.785199+00:00,117.6,20,ask,AverageAlmonds,BrilliantBurritos,6138210
2026-07-03T20:00:43.815286,2026-07-03T20:00:43.824681+00:00,117.6,20,ask,AverageAlmonds,BrilliantBurritos,6138250
2026-07-03T20:00:45.430711,2026-07-03T20:00:45.442208+00:00,117.7,200,bid,AverageAlmonds,WavyWalnuts,6138268
2026-07-03T20:00:47.296992,2026-07-03T20:00:47.306368+00:00,117.7,200,ask,AverageAlmonds,WavyWalnuts,6138284
2026-07-03T20:00:47.860113,2026-07-03T20:00:47.869122+00:00,117.8,500,bid,AverageAlmonds,YieldingYams,6138286
2026-07-03T20:00:48.456955,2026-07-03T20:00:48.464107+00:00,117.8,125,bid,AverageAlmonds,YieldingYams,6138297
2026-07-03T20:00:48.505146,2026-07-03T20:00:48.516285+00:00,117.8,200,ask,AverageAlmonds,WavyWalnuts,6138299
2026-07-03T20:00:48.836920,2026-07-03T20:00:48.840332+00:00,118.0,3,ask,YieldingYams,Xuanyu Liu,6138303
2026-07-03T20:00:49.715022,2026-07-03T20:00:49.726185+00:00,118.0,200,ask,YieldingYams,WavyWalnuts,6138310
2026-07-03T20:00:53.329969,2026-07-03T20:00:53.341338+00:00,118.1,20,ask,YieldingYams,BrilliantBurritos,6138365
2026-07-03T20:00:54.069739,2026-07-03T20:00:54.080956+00:00,118.2,200,bid,YieldingYams,WavyWalnuts,6138378
2026-07-03T20:00:56.692905,2026-07-03T20:00:56.699404+00:00,118.2,200,bid,YieldingYams,WavyWalnuts,6138409
2026-07-03T20:00:56.979043,2026-07-03T20:00:56.986688+00:00,118.2,200,ask,YieldingYams,WavyWalnuts,6138423
2026-07-03T20:00:59.458076,2026-07-03T20:00:59.461456+00:00,117.9,34,ask,YieldingYams,Xuanyu Liu,6138456
2026-07-03T20:01:00.622803,2026-07-03T20:01:00.626313+00:00,118.0,12,ask,WavyWalnuts,Xuanyu Liu,6138473
2026-07-03T20:01:01.945088,2026-07-03T20:01:01.958543+00:00,118.0,200,ask,WavyWalnuts,YieldingYams,6138488
2026-07-03T20:01:02.564712,2026-07-03T20:01:02.568123+00:00,118.0,12,bid,Xuanyu Liu,YieldingYams,6138500
2026-07-03T20:01:02.699692,2026-07-03T20:01:02.706662+00:00,117.9,20,ask,AverageAlmonds,BrilliantBurritos,6138503
2026-07-03T20:01:03.028014,2026-07-03T20:01:03.034832+00:00,117.9,200,ask,AverageAlmonds,WavyWalnuts,6138507
2026-07-03T20:01:04.236063,2026-07-03T20:01:04.245911+00:00,118.0,200,ask,YieldingYams,WavyWalnuts,6138522
2026-07-03T20:01:07.927270,2026-07-03T20:01:07.930794+00:00,117.8,12,ask,AverageAlmonds,Xuanyu Liu,6138580
2026-07-03T20:01:09.135633,2026-07-03T20:01:09.139088+00:00,117.9,11,ask,WavyWalnuts,Xuanyu Liu,6138598
2026-07-03T20:01:09.814284,2026-07-03T20:01:09.825672+00:00,117.9,189,ask,WavyWalnuts,YieldingYams,6138611
2026-07-03T20:01:11.061908,2026-07-03T20:01:11.073640+00:00,117.9,20,bid,BrilliantBurritos,YieldingYams,6138628
2026-07-03T20:01:15.179368,2026-07-03T20:01:15.189178+00:00,118.1,200,bid,WavyWalnuts,YieldingYams,6138688
2026-07-03T20:01:16.400738,2026-07-03T20:01:16.404431+00:00,118.0,11,ask,YieldingYams,Xuanyu Liu,6138717
2026-07-03T20:01:17.610152,2026-07-03T20:01:17.621747+00:00,118.0,200,ask,YieldingYams,WavyWalnuts,6138732
2026-07-03T20:01:18.140105,2026-07-03T20:01:18.146928+00:00,117.9,500,bid,AverageAlmonds,YieldingYams,6138742
2026-07-03T20:01:19.345782,2026-07-03T20:01:19.356673+00:00,118.0,200,bid,AverageAlmonds,WavyWalnuts,6138750
2026-07-03T20:01:20.297249,2026-07-03T20:01:20.307732+00:00,118.0,500,ask,AverageAlmonds,YieldingYams,6138765
2026-07-03T20:01:20.297249,2026-07-03T20:01:20.307732+00:00,117.9,125,ask,WavyWalnuts,YieldingYams,6138766
2026-07-03T20:01:21.156307,2026-07-03T20:01:21.154179+00:00,118.2,200,bid,AverageAlmonds,WavyWalnuts,6138776
2026-07-03T20:01:21.248797,2026-07-03T20:01:21.259446+00:00,118.2,200,ask,AverageAlmonds,WavyWalnuts,6138778
2026-07-03T20:01:21.608597,2026-07-03T20:01:21.614679+00:00,118.2,100,ask,AverageAlmonds,YieldingYams,6138785
2026-07-03T20:01:21.611123,2026-07-03T20:01:21.614679+00:00,118.1,22,bid,Xuanyu Liu,YieldingYams,6138786
2026-07-03T20:01:21.619961,2026-07-03T20:01:21.623329+00:00,118.1,28,bid,Xuanyu Liu,YieldingYams,6138788
2026-07-03T20:01:21.751251,2026-07-03T20:01:21.757482+00:00,118.1,475,bid,AverageAlmonds,YieldingYams,6138789
2026-07-03T20:01:22.463434,2026-07-03T20:01:22.475434+00:00,118.2,200,ask,AverageAlmonds,WavyWalnuts,6138798
2026-07-03T20:01:24.904971,2026-07-03T20:01:24.908741+00:00,118.3,5,ask,WavyWalnuts,Xuanyu Liu,6138833
2026-07-03T20:01:34.474045,2026-07-03T20:01:34.484964+00:00,118.4,500,ask,YieldingYams,AverageAlmonds,6138961
2026-07-03T20:01:34.572749,2026-07-03T20:01:34.579490+00:00,118.4,125,ask,YieldingYams,WavyWalnuts,6138965
2026-07-03T20:01:34.590268,2026-07-03T20:01:34.593914+00:00,118.4,12,bid,Xuanyu Liu,WavyWalnuts,6138968
2026-07-03T20:01:36.032618,2026-07-03T20:01:36.036317+00:00,118.3,11,bid,Xuanyu Liu,YieldingYams,6138989
2026-07-03T20:01:36.989112,2026-07-03T20:01:36.994069+00:00,118.3,200,bid,WavyWalnuts,YieldingYams,6139003
2026-07-03T20:01:39.961252,2026-07-03T20:01:39.982488+00:00,118.4,500,bid,YieldingYams,AverageAlmonds,6139050
2026-07-03T20:01:39.978789,2026-07-03T20:01:39.982488+00:00,118.4,11,ask,YieldingYams,Xuanyu Liu,6139052
2026-07-03T20:01:40.507922,2026-07-03T20:01:40.515122+00:00,118.4,114,ask,YieldingYams,AverageAlmonds,6139061
2026-07-03T20:01:40.540841,2026-07-03T20:01:40.544087+00:00,118.4,14,bid,Xuanyu Liu,AverageAlmonds,6139063
2026-07-03T20:01:43.035899,2026-07-03T20:01:43.046889+00:00,118.3,200,bid,WavyWalnuts,AverageAlmonds,6139097
2026-07-03T20:01:44.159137,2026-07-03T20:01:44.169038+00:00,118.2,500,ask,YieldingYams,AverageAlmonds,6139112
2026-07-03T20:01:45.210569,2026-07-03T20:01:45.218589+00:00,118.1,200,ask,WavyWalnuts,YieldingYams,6139126
2026-07-03T20:01:47.881137,2026-07-03T20:01:47.889069+00:00,118.2,200,bid,WavyWalnuts,AverageAlmonds,6139170
2026-07-03T20:01:49.093252,2026-07-03T20:01:49.101109+00:00,118.1,200,bid,WavyWalnuts,AverageAlmonds,6139185
2026-07-03T20:01:50.325976,2026-07-03T20:01:50.330163+00:00,118.1,3,ask,WavyWalnuts,Xuanyu Liu,6139202
2026-07-03T20:01:52.044353,2026-07-03T20:01:52.058571+00:00,118.1,200,ask,WavyWalnuts,AverageAlmonds,6139226
2026-07-03T20:01:52.044353,2026-07-03T20:01:52.058571+00:00,118.1,300,ask,YieldingYams,AverageAlmonds,6139227
2026-07-03T20:01:54.377794,2026-07-03T20:01:54.396658+00:00,118.2,200,bid,YieldingYams,WavyWalnuts,6139256
2026-07-03T20:01:54.393538,2026-07-03T20:01:54.396658+00:00,118.2,11,ask,YieldingYams,Xuanyu Liu,6139258
2026-07-03T20:01:55.067711,2026-07-03T20:01:55.079270+00:00,118.2,414,ask,YieldingYams,AverageAlmonds,6139266
2026-07-03T20:01:55.132051,2026-07-03T20:01:55.141196+00:00,118.2,86,bid,WavyWalnuts,AverageAlmonds,6139268
2026-07-03T20:01:55.664922,2026-07-03T20:01:55.675104+00:00,118.2,114,ask,WavyWalnuts,AverageAlmonds,6139277
2026-07-03T20:01:56.448250,2026-07-03T20:01:56.451900+00:00,117.9,12,ask,WavyWalnuts,Xuanyu Liu,6139288
2026-07-03T20:01:57.003239,2026-07-03T20:01:57.020759+00:00,117.9,188,ask,WavyWalnuts,YieldingYams,6139299
2026-07-03T20:01:59.964799,2026-07-03T20:01:59.973614+00:00,117.9,200,bid,WavyWalnuts,YieldingYams,6139339
2026-07-03T20:02:01.756863,2026-07-03T20:02:01.761115+00:00,117.8,11,ask,WavyWalnuts,Xuanyu Liu,6139373
2026-07-03T20:02:02.772752,2026-07-03T20:02:02.776390+00:00,117.7,12,ask,WavyWalnuts,Xuanyu Liu,6139392
2026-07-03T20:02:03.591220,2026-07-03T20:02:03.597766+00:00,117.7,200,ask,YieldingYams,WavyWalnuts,6139401
2026-07-03T20:02:04.876131,2026-07-03T20:02:04.885547+00:00,117.7,200,ask,WavyWalnuts,YieldingYams,6139429
2026-07-03T20:02:06.186852,2026-07-03T20:02:06.194144+00:00,117.6,200,ask,WavyWalnuts,YieldingYams,6139449
2026-07-03T20:02:06.571171,2026-07-03T20:02:06.582184+00:00,117.5,425,bid,AverageAlmonds,YieldingYams,6139454
2026-07-03T20:02:10.844918,2026-07-03T20:02:10.858602+00:00,117.3,200,ask,YieldingYams,WavyWalnuts,6139505
2026-07-03T20:02:11.024687,2026-07-03T20:02:11.031689+00:00,117.3,20,ask,YieldingYams,BrilliantBurritos,6139508
2026-07-03T20:02:11.244485,2026-07-03T20:02:11.248995+00:00,117.3,11,ask,YieldingYams,Xuanyu Liu,6139511
2026-07-03T20:02:13.259162,2026-07-03T20:02:13.267462+00:00,117.4,200,bid,WavyWalnuts,YieldingYams,6139544
2026-07-03T20:02:15.392201,2026-07-03T20:02:15.400780+00:00,117.2,20,ask,WavyWalnuts,BrilliantBurritos,6139570
2026-07-03T20:02:16.880379,2026-07-03T20:02:16.887989+00:00,117.4,200,bid,WavyWalnuts,YieldingYams,6139593
2026-07-03T20:02:18.091264,2026-07-03T20:02:18.101549+00:00,117.3,200,ask,YieldingYams,WavyWalnuts,6139618
2026-07-03T20:02:19.302296,2026-07-03T20:02:19.318385+00:00,117.2,500,ask,AverageAlmonds,YieldingYams,6139636
2026-07-03T20:02:19.305263,2026-07-03T20:02:19.318385+00:00,117.2,20,bid,BrilliantBurritos,YieldingYams,6139637
2026-07-03T20:02:19.310520,2026-07-03T20:02:19.318385+00:00,117.2,105,bid,WavyWalnuts,YieldingYams,6139638
2026-07-03T20:02:21.930082,2026-07-03T20:02:21.937518+00:00,117.5,200,bid,YieldingYams,WavyWalnuts,6139689
2026-07-03T20:02:22.949968,2026-07-03T20:02:22.958540+00:00,117.5,200,ask,YieldingYams,WavyWalnuts,6139707
2026-07-03T20:02:23.249863,2026-07-03T20:02:23.258536+00:00,117.4,500,ask,AverageAlmonds,YieldingYams,6139713
2026-07-03T20:02:23.491547,2026-07-03T20:02:23.499986+00:00,117.4,125,bid,AverageAlmonds,YieldingYams,6139717
2026-07-03T20:02:25.870000,2026-07-03T20:02:25.885838+00:00,117.6,200,ask,WavyWalnuts,YieldingYams,6139747
2026-07-03T20:02:25.881808,2026-07-03T20:02:25.885838+00:00,117.6,23,bid,Xuanyu Liu,YieldingYams,6139748
2026-07-03T20:02:27.779606,2026-07-03T20:02:27.786678+00:00,117.5,200,ask,YieldingYams,WavyWalnuts,6139769
2026-07-03T20:02:28.049693,2026-07-03T20:02:28.057232+00:00,117.5,20,ask,YieldingYams,BrilliantBurritos,6139777
2026-07-03T20:02:28.052950,2026-07-03T20:02:28.057232+00:00,117.7,11,bid,Xuanyu Liu,YieldingYams,6139778
2026-07-03T20:02:30.194697,2026-07-03T20:02:30.203191+00:00,117.6,200,ask,AverageAlmonds,WavyWalnuts,6139805
2026-07-03T20:02:31.402798,2026-07-03T20:02:31.412373+00:00,117.6,200,ask,YieldingYams,WavyWalnuts,6139820
2026-07-03T20:02:32.609727,2026-07-03T20:02:32.620092+00:00,117.6,200,ask,YieldingYams,WavyWalnuts,6139837
2026-07-03T20:02:33.816791,2026-07-03T20:02:33.823400+00:00,117.6,200,ask,AverageAlmonds,WavyWalnuts,6139855
2026-07-03T20:02:36.250523,2026-07-03T20:02:36.258563+00:00,117.6,200,ask,YieldingYams,WavyWalnuts,6139889
2026-07-03T20:02:38.412982,2026-07-03T20:02:38.424902+00:00,117.5,20,ask,YieldingYams,BrilliantBurritos,6139914
2026-07-03T20:02:38.675598,2026-07-03T20:02:38.684667+00:00,117.5,200,ask,YieldingYams,WavyWalnuts,6139919
2026-07-03T20:02:43.913123,2026-07-03T20:02:43.916263+00:00,117.4,11,ask,WavyWalnuts,Xuanyu Liu,6139987
2026-07-03T20:02:44.744401,2026-07-03T20:02:44.747913+00:00,117.5,12,ask,WavyWalnuts,Xuanyu Liu,6139999
2026-07-03T20:02:45.550709,2026-07-03T20:02:45.544415+00:00,117.5,188,ask,WavyWalnuts,YieldingYams,6140010
2026-07-03T20:02:45.954680,2026-07-03T20:02:45.958627+00:00,117.5,20,bid,BrilliantBurritos,YieldingYams,6140013
2026-07-03T20:02:48.171200,2026-07-03T20:02:48.179426+00:00,117.5,200,ask,WavyWalnuts,YieldingYams,6140047
2026-07-03T20:02:52.119576,2026-07-03T20:02:52.123723+00:00,117.5,11,ask,YieldingYams,Xuanyu Liu,6140114
2026-07-03T20:02:53.357793,2026-07-03T20:02:53.361163+00:00,117.6,11,bid,Xuanyu Liu,WavyWalnuts,6140137
2026-07-03T20:02:56.035489,2026-07-03T20:02:56.043449+00:00,117.7,200,bid,YieldingYams,WavyWalnuts,6140173
2026-07-03T20:02:56.837717,2026-07-03T20:02:56.846864+00:00,117.7,200,ask,YieldingYams,WavyWalnuts,6140180
2026-07-03T20:02:57.364957,2026-07-03T20:02:57.368685+00:00,117.6,23,bid,Xuanyu Liu,YieldingYams,6140187
2026-07-03T20:02:58.042634,2026-07-03T20:02:58.049376+00:00,117.6,200,bid,WavyWalnuts,YieldingYams,6140190
2026-07-03T20:02:59.251093,2026-07-03T20:02:59.252741+00:00,117.7,200,bid,WavyWalnuts,AverageAlmonds,6140206
2026-07-03T20:02:59.722208,2026-07-03T20:02:59.725886+00:00,117.6,11,ask,YieldingYams,Xuanyu Liu,6140212
2026-07-03T20:02:59.981627,2026-07-03T20:02:59.985203+00:00,117.8,23,ask,YieldingYams,Xuanyu Liu,6140221
2026-07-03T20:03:00.440619,2026-07-03T20:03:00.447257+00:00,117.8,102,ask,YieldingYams,AverageAlmonds,6140224
2026-07-03T20:03:02.832441,2026-07-03T20:03:02.836474+00:00,117.6,23,bid,Xuanyu Liu,YieldingYams,6140256
2026-07-03T20:03:03.025302,2026-07-03T20:03:03.036973+00:00,117.4,20,ask,YieldingYams,BrilliantBurritos,6140260
2026-07-03T20:03:04.096387,2026-07-03T20:03:04.107240+00:00,117.6,200,bid,WavyWalnuts,YieldingYams,6140273
2026-07-03T20:03:05.872304,2026-07-03T20:03:05.879837+00:00,117.6,200,ask,WavyWalnuts,AverageAlmonds,6140297
2026-07-03T20:03:07.733261,2026-07-03T20:03:07.741482+00:00,117.6,200,bid,WavyWalnuts,AverageAlmonds,6140318
2026-07-03T20:03:08.127099,2026-07-03T20:03:08.130686+00:00,117.6,23,bid,Xuanyu Liu,AverageAlmonds,6140324
2026-07-03T20:03:08.303750,2026-07-03T20:03:08.310361+00:00,117.5,500,ask,YieldingYams,AverageAlmonds,6140326
2026-07-03T20:03:08.901838,2026-07-03T20:03:08.912380+00:00,117.5,125,ask,YieldingYams,AverageAlmonds,6140334
2026-07-03T20:03:08.923335,2026-07-03T20:03:08.927124+00:00,117.5,11,bid,Xuanyu Liu,AverageAlmonds,6140337
2026-07-03T20:03:08.950674,2026-07-03T20:03:08.957801+00:00,117.5,200,bid,WavyWalnuts,AverageAlmonds,6140339
2026-07-03T20:03:10.182824,2026-07-03T20:03:10.186274+00:00,117.3,11,ask,WavyWalnuts,Xuanyu Liu,6140360
2026-07-03T20:03:11.551130,2026-07-03T20:03:11.563970+00:00,117.4,20,bid,BrilliantBurritos,YieldingYams,6140376
2026-07-03T20:03:11.786737,2026-07-03T20:03:11.794896+00:00,117.3,200,ask,WavyWalnuts,YieldingYams,6140378
2026-07-03T20:03:12.441361,2026-07-03T20:03:12.447884+00:00,117.3,20,bid,BrilliantBurritos,YieldingYams,6140395
2026-07-03T20:03:13.095315,2026-07-03T20:03:13.104767+00:00,117.3,200,bid,YieldingYams,WavyWalnuts,6140401
2026-07-03T20:03:18.663973,2026-07-03T20:03:18.674295+00:00,117.5,200,bid,WavyWalnuts,YieldingYams,6140470
2026-07-03T20:03:19.733866,2026-07-03T20:03:19.745676+00:00,117.3,20,ask,YieldingYams,BrilliantBurritos,6140482
2026-07-03T20:03:25.699203,2026-07-03T20:03:25.710677+00:00,117.2,20,ask,WavyWalnuts,BrilliantBurritos,6140566
2026-07-03T20:03:28.285480,2026-07-03T20:03:28.295430+00:00,117.2,20,ask,YieldingYams,BrilliantBurritos,6140590
2026-07-03T20:03:28.851865,2026-07-03T20:03:28.858577+00:00,117.3,200,ask,WavyWalnuts,YieldingYams,6140594
2026-07-03T20:03:30.161731,2026-07-03T20:03:30.168874+00:00,117.3,200,bid,YieldingYams,WavyWalnuts,6140614
2026-07-03T20:03:30.852290,2026-07-03T20:03:30.858562+00:00,117.4,20,ask,WavyWalnuts,BrilliantBurritos,6140631
2026-07-03T20:03:31.475159,2026-07-03T20:03:31.484460+00:00,117.4,180,ask,WavyWalnuts,YieldingYams,6140639
2026-07-03T20:03:31.981900,2026-07-03T20:03:31.991746+00:00,117.3,200,bid,WavyWalnuts,YieldingYams,6140646
2026-07-03T20:03:36.814776,2026-07-03T20:03:36.821440+00:00,117.4,200,bid,WavyWalnuts,AverageAlmonds,6140707
2026-07-03T20:03:37.759103,2026-07-03T20:03:37.770584+00:00,117.4,20,bid,BrilliantBurritos,AverageAlmonds,6140716
2026-07-03T20:03:38.032850,2026-07-03T20:03:38.042514+00:00,117.4,500,bid,YieldingYams,AverageAlmonds,6140719
2026-07-03T20:03:38.032850,2026-07-03T20:03:38.042514+00:00,117.4,125,bid,YieldingYams,WavyWalnuts,6140720
2026-07-03T20:03:40.654444,2026-07-03T20:03:40.663849+00:00,117.4,200,bid,YieldingYams,WavyWalnuts,6140757
2026-07-03T20:03:40.978816,2026-07-03T20:03:40.990026+00:00,117.4,425,ask,YieldingYams,AverageAlmonds,6140764
2026-07-03T20:03:40.995831,2026-07-03T20:03:40.999220+00:00,117.4,11,bid,Xuanyu Liu,AverageAlmonds,6140766
2026-07-03T20:03:41.647881,2026-07-03T20:03:41.654489+00:00,117.4,200,bid,WavyWalnuts,AverageAlmonds,6140774
2026-07-03T20:03:41.979889,2026-07-03T20:03:41.983511+00:00,117.2,3,bid,Xuanyu Liu,YieldingYams,6140780
2026-07-03T20:03:42.827057,2026-07-03T20:03:42.839105+00:00,117.0,20,ask,YieldingYams,BrilliantBurritos,6140802
2026-07-03T20:03:42.854268,2026-07-03T20:03:42.858587+00:00,117.2,200,bid,WavyWalnuts,YieldingYams,6140804
2026-07-03T20:03:44.061648,2026-07-03T20:03:44.071048+00:00,117.2,200,bid,WavyWalnuts,YieldingYams,6140821
2026-07-03T20:03:45.285300,2026-07-03T20:03:45.288909+00:00,117.2,3,ask,WavyWalnuts,Xuanyu Liu,6140844
2026-07-03T20:03:46.121376,2026-07-03T20:03:46.125503+00:00,117.3,3,bid,Xuanyu Liu,YieldingYams,6140862
2026-07-03T20:03:48.243852,2026-07-03T20:03:48.252473+00:00,117.2,200,ask,WavyWalnuts,AverageAlmonds,6140893
2026-07-03T20:03:51.125094,2026-07-03T20:03:51.132802+00:00,117.0,200,ask,WavyWalnuts,YieldingYams,6140945
2026-07-03T20:03:53.747779,2026-07-03T20:03:53.758634+00:00,116.7,200,ask,WavyWalnuts,YieldingYams,6140980
2026-07-03T20:03:55.075614,2026-07-03T20:03:55.079181+00:00,116.6,3,bid,Xuanyu Liu,YieldingYams,6141005
2026-07-03T20:03:56.144516,2026-07-03T20:03:56.152755+00:00,116.6,200,bid,WavyWalnuts,YieldingYams,6141019
2026-07-03T20:03:57.096978,2026-07-03T20:03:57.108630+00:00,116.8,20,bid,BrilliantBurritos,WavyWalnuts,6141033
2026-07-03T20:03:57.376467,2026-07-03T20:03:57.380781+00:00,116.6,3,ask,WavyWalnuts,Xuanyu Liu,6141039
2026-07-03T20:03:58.565553,2026-07-03T20:03:58.572886+00:00,116.7,200,ask,YieldingYams,WavyWalnuts,6141055
2026-07-03T20:04:00.297911,2026-07-03T20:04:00.318471+00:00,116.7,200,ask,WavyWalnuts,YieldingYams,6141072
2026-07-03T20:04:00.314988,2026-07-03T20:04:00.318471+00:00,116.7,3,bid,Xuanyu Liu,YieldingYams,6141074
2026-07-03T20:04:02.197525,2026-07-03T20:04:02.208663+00:00,116.7,200,bid,WavyWalnuts,YieldingYams,6141101
2026-07-03T20:04:04.615845,2026-07-03T20:04:04.626265+00:00,116.6,200,ask,YieldingYams,WavyWalnuts,6141152
2026-07-03T20:04:04.794402,2026-07-03T20:04:04.806062+00:00,116.6,20,ask,YieldingYams,BrilliantBurritos,6141154
2026-07-03T20:04:06.857908,2026-07-03T20:04:06.869363+00:00,116.6,200,bid,YieldingYams,WavyWalnuts,6141176
2026-07-03T20:04:07.033037,2026-07-03T20:04:07.041686+00:00,116.6,200,ask,YieldingYams,WavyWalnuts,6141180
2026-07-03T20:04:08.240250,2026-07-03T20:04:08.246712+00:00,116.6,200,bid,WavyWalnuts,YieldingYams,6141198
2026-07-03T20:04:09.309903,2026-07-03T20:04:09.313584+00:00,116.4,3,ask,AverageAlmonds,Xuanyu Liu,6141214
2026-07-03T20:04:11.878493,2026-07-03T20:04:11.885371+00:00,116.7,200,bid,WavyWalnuts,YieldingYams,6141246
2026-07-03T20:04:21.565898,2026-07-03T20:04:21.574662+00:00,116.6,200,ask,YieldingYams,WavyWalnuts,6141366
2026-07-03T20:04:22.775834,2026-07-03T20:04:22.786373+00:00,116.6,200,ask,YieldingYams,WavyWalnuts,6141386
2026-07-03T20:04:23.982576,2026-07-03T20:04:23.990459+00:00,116.6,200,bid,WavyWalnuts,YieldingYams,6141399
2026-07-03T20:04:27.587205,2026-07-03T20:04:27.594281+00:00,116.5,20,bid,BrilliantBurritos,WavyWalnuts,6141430
2026-07-03T20:04:28.831365,2026-07-03T20:04:28.839054+00:00,116.3,200,ask,YieldingYams,WavyWalnuts,6141450
2026-07-03T20:04:36.094299,2026-07-03T20:04:36.102069+00:00,116.2,200,bid,WavyWalnuts,YieldingYams,6141533
2026-07-03T20:04:37.024652,2026-07-03T20:04:37.028312+00:00,116.1,3,ask,YieldingYams,Xuanyu Liu,6141547
2026-07-03T20:04:38.321701,2026-07-03T20:04:38.331343+00:00,116.1,200,ask,WavyWalnuts,YieldingYams,6141561
2026-07-03T20:04:39.635007,2026-07-03T20:04:39.646412+00:00,116.1,200,bid,YieldingYams,WavyWalnuts,6141580
2026-07-03T20:04:39.841375,2026-07-03T20:04:39.845353+00:00,116.3,3,bid,Xuanyu Liu,YieldingYams,6141585
2026-07-03T20:04:40.947703,2026-07-03T20:04:40.958642+00:00,116.2,200,ask,WavyWalnuts,YieldingYams,6141600
2026-07-03T20:04:42.133500,2026-07-03T20:04:42.141788+00:00,116.1,200,bid,WavyWalnuts,YieldingYams,6141612
2026-07-03T20:04:43.356385,2026-07-03T20:04:43.358538+00:00,116.1,200,ask,YieldingYams,WavyWalnuts,6141632
2026-07-03T20:04:43.823831,2026-07-03T20:04:43.835539+00:00,115.9,20,ask,WavyWalnuts,BrilliantBurritos,6141637
2026-07-03T20:04:45.778614,2026-07-03T20:04:45.785492+00:00,115.9,200,ask,YieldingYams,WavyWalnuts,6141660
2026-07-03T20:04:46.697351,2026-07-03T20:04:46.708868+00:00,116.1,20,bid,BrilliantBurritos,YieldingYams,6141680
2026-07-03T20:04:47.504016,2026-07-03T20:04:47.511579+00:00,115.9,200,bid,YieldingYams,WavyWalnuts,6141695
2026-07-03T20:04:49.384692,2026-07-03T20:04:49.392844+00:00,115.9,500,bid,AverageAlmonds,YieldingYams,6141730
2026-07-03T20:04:49.977406,2026-07-03T20:04:49.981373+00:00,115.8,200,bid,AverageAlmonds,WavyWalnuts,6141734
2026-07-03T20:04:50.622812,2026-07-03T20:04:50.632895+00:00,116.1,200,ask,YieldingYams,WavyWalnuts,6141746
2026-07-03T20:04:51.832197,2026-07-03T20:04:51.843841+00:00,116.1,200,ask,YieldingYams,WavyWalnuts,6141762
2026-07-03T20:04:53.040069,2026-07-03T20:04:53.050188+00:00,116.1,200,ask,YieldingYams,WavyWalnuts,6141783
2026-07-03T20:04:54.246553,2026-07-03T20:04:54.255151+00:00,116.0,200,ask,YieldingYams,WavyWalnuts,6141795
2026-07-03T20:04:55.453028,2026-07-03T20:04:55.458600+00:00,115.9,200,ask,YieldingYams,WavyWalnuts,6141820
2026-07-03T20:04:55.700378,2026-07-03T20:04:55.703480+00:00,115.9,3,ask,YieldingYams,Xuanyu Liu,6141824
2026-07-03T20:04:56.690872,2026-07-03T20:04:56.701268+00:00,115.9,200,ask,WavyWalnuts,YieldingYams,6141842
2026-07-03T20:04:57.244110,2026-07-03T20:04:57.250793+00:00,115.9,425,bid,AverageAlmonds,YieldingYams,6141851
2026-07-03T20:04:57.889808,2026-07-03T20:04:57.896818+00:00,115.9,200,ask,AverageAlmonds,WavyWalnuts,6141863
2026-07-03T20:04:58.010666,2026-07-03T20:04:58.014569+00:00,116.0,11,ask,YieldingYams,Xuanyu Liu,6141866
2026-07-03T20:04:58.856801,2026-07-03T20:04:58.855765+00:00,116.2,20,bid,BrilliantBurritos,YieldingYams,6141880
2026-07-03T20:05:01.518752,2026-07-03T20:05:01.526351+00:00,116.0,200,ask,AverageAlmonds,WavyWalnuts,6141920
2026-07-03T20:05:03.239191,2026-07-03T20:05:03.247084+00:00,116.2,200,bid,YieldingYams,WavyWalnuts,6141951
2026-07-03T20:05:05.862695,2026-07-03T20:05:05.874022+00:00,116.2,200,ask,WavyWalnuts,YieldingYams,6141989
2026-07-03T20:05:07.554431,2026-07-03T20:05:07.564378+00:00,116.2,200,bid,WavyWalnuts,YieldingYams,6142009
2026-07-03T20:05:08.278850,2026-07-03T20:05:08.289484+00:00,116.0,20,ask,YieldingYams,BrilliantBurritos,6142023
2026-07-03T20:05:08.766453,2026-07-03T20:05:08.776458+00:00,116.2,200,ask,YieldingYams,WavyWalnuts,6142026
2026-07-03T20:05:11.095694,2026-07-03T20:05:11.102438+00:00,116.0,200,ask,WavyWalnuts,YieldingYams,6142058
2026-07-03T20:05:11.095694,2026-07-03T20:05:11.107671+00:00,115.9,425,ask,AverageAlmonds,YieldingYams,6142059
2026-07-03T20:05:15.028099,2026-07-03T20:05:15.038974+00:00,116.2,200,ask,WavyWalnuts,YieldingYams,6142108
2026-07-03T20:05:16.563007,2026-07-03T20:05:16.574588+00:00,116.3,20,bid,BrilliantBurritos,WavyWalnuts,6142122
2026-07-03T20:05:17.645288,2026-07-03T20:05:17.652443+00:00,116.2,200,ask,WavyWalnuts,YieldingYams,6142137
2026-07-03T20:05:18.922366,2026-07-03T20:05:18.926016+00:00,116.2,14,bid,Xuanyu Liu,YieldingYams,6142152
2026-07-03T20:05:18.926810,2026-07-03T20:05:18.941561+00:00,116.2,20,bid,BrilliantBurritos,YieldingYams,6142153
2026-07-03T20:05:25.720647,2026-07-03T20:05:25.730485+00:00,116.4,200,ask,YieldingYams,WavyWalnuts,6142245
2026-07-03T20:05:26.928556,2026-07-03T20:05:26.937348+00:00,116.4,200,ask,YieldingYams,WavyWalnuts,6142263
2026-07-03T20:05:28.164443,2026-07-03T20:05:28.168098+00:00,116.5,3,bid,Xuanyu Liu,YieldingYams,6142281
2026-07-03T20:05:31.204801,2026-07-03T20:05:31.216299+00:00,116.5,20,bid,BrilliantBurritos,WavyWalnuts,6142328
2026-07-03T20:05:32.371111,2026-07-03T20:05:32.384841+00:00,116.5,20,bid,BrilliantBurritos,WavyWalnuts,6142350
2026-07-03T20:05:36.012257,2026-07-03T20:05:36.020725+00:00,116.4,200,ask,WavyWalnuts,YieldingYams,6142393
2026-07-03T20:05:36.618644,2026-07-03T20:05:36.626913+00:00,116.4,200,bid,WavyWalnuts,YieldingYams,6142403
2026-07-03T20:05:37.835081,2026-07-03T20:05:37.844410+00:00,116.5,200,ask,YieldingYams,WavyWalnuts,6142426
2026-07-03T20:05:37.889785,2026-07-03T20:05:37.893483+00:00,116.5,3,ask,YieldingYams,Xuanyu Liu,6142429
2026-07-03T20:05:39.042961,2026-07-03T20:05:39.050676+00:00,116.5,200,ask,YieldingYams,WavyWalnuts,6142450
2026-07-03T20:05:39.972384,2026-07-03T20:05:39.983395+00:00,116.6,20,bid,BrilliantBurritos,YieldingYams,6142460
2026-07-03T20:05:41.246657,2026-07-03T20:05:41.257752+00:00,116.5,200,bid,YieldingYams,WavyWalnuts,6142477
2026-07-03T20:05:41.457930,2026-07-03T20:05:41.469269+00:00,116.5,200,ask,YieldingYams,WavyWalnuts,6142481
2026-07-03T20:05:42.574833,2026-07-03T20:05:42.578228+00:00,116.4,3,bid,Xuanyu Liu,YieldingYams,6142495
2026-07-03T20:05:42.663499,2026-07-03T20:05:42.673470+00:00,116.4,200,bid,WavyWalnuts,YieldingYams,6142496
2026-07-03T20:05:46.325706,2026-07-03T20:05:46.337028+00:00,116.4,200,ask,YieldingYams,WavyWalnuts,6142546
2026-07-03T20:05:47.373538,2026-07-03T20:05:47.377442+00:00,116.5,3,ask,YieldingYams,Xuanyu Liu,6142553
2026-07-03T20:05:47.535254,2026-07-03T20:05:47.546199+00:00,116.5,200,ask,YieldingYams,WavyWalnuts,6142558
2026-07-03T20:05:50.865699,2026-07-03T20:05:50.877479+00:00,116.5,20,bid,BrilliantBurritos,YieldingYams,6142605
2026-07-03T20:05:52.369200,2026-07-03T20:05:52.375560+00:00,116.5,200,bid,WavyWalnuts,YieldingYams,6142622
2026-07-03T20:05:53.582015,2026-07-03T20:05:53.591435+00:00,116.5,200,bid,WavyWalnuts,YieldingYams,6142637
2026-07-03T20:05:55.747935,2026-07-03T20:05:55.754042+00:00,116.4,200,ask,WavyWalnuts,YieldingYams,6142664
2026-07-03T20:05:55.747935,2026-07-03T20:05:55.754042+00:00,116.4,425,ask,AverageAlmonds,YieldingYams,6142665
2026-07-03T20:05:57.057006,2026-07-03T20:05:57.065303+00:00,116.6,200,bid,YieldingYams,WavyWalnuts,6142678
2026-07-03T20:05:58.399121,2026-07-03T20:05:58.406251+00:00,116.7,200,ask,WavyWalnuts,YieldingYams,6142692
2026-07-03T20:05:58.428011,2026-07-03T20:05:58.438864+00:00,116.6,200,bid,WavyWalnuts,YieldingYams,6142693
2026-07-03T20:05:59.000957,2026-07-03T20:05:59.004401+00:00,116.5,3,ask,AverageAlmonds,Xuanyu Liu,6142699
2026-07-03T20:05:59.642890,2026-07-03T20:05:59.654065+00:00,116.6,200,bid,WavyWalnuts,YieldingYams,6142708
2026-07-03T20:06:00.876449,2026-07-03T20:06:00.880628+00:00,116.6,11,ask,WavyWalnuts,Xuanyu Liu,6142718
2026-07-03T20:06:02.063737,2026-07-03T20:06:02.071867+00:00,116.7,200,bid,WavyWalnuts,YieldingYams,6142724
2026-07-03T20:06:06.271785,2026-07-03T20:06:06.279271+00:00,116.4,200,ask,WavyWalnuts,YieldingYams,6142775
2026-07-03T20:06:06.904238,2026-07-03T20:06:06.911371+00:00,116.4,200,bid,WavyWalnuts,YieldingYams,6142788
2026-07-03T20:06:08.890830,2026-07-03T20:06:08.901927+00:00,116.5,200,bid,YieldingYams,WavyWalnuts,6142812
2026-07-03T20:06:11.513821,2026-07-03T20:06:11.523004+00:00,116.3,200,ask,WavyWalnuts,YieldingYams,6142851
2026-07-03T20:06:11.739384,2026-07-03T20:06:11.747521+00:00,116.3,200,bid,WavyWalnuts,YieldingYams,6142858
2026-07-03T20:06:12.697595,2026-07-03T20:06:12.701284+00:00,116.2,12,ask,AverageAlmonds,Xuanyu Liu,6142868
2026-07-03T20:06:12.820594,2026-07-03T20:06:12.829429+00:00,116.5,200,bid,YieldingYams,WavyWalnuts,6142871
2026-07-03T20:06:12.835057,2026-07-03T20:06:12.838643+00:00,116.5,34,ask,YieldingYams,Xuanyu Liu,6142873
2026-07-03T20:06:12.950181,2026-07-03T20:06:12.958625+00:00,116.5,200,ask,YieldingYams,WavyWalnuts,6142876
2026-07-03T20:06:14.815472,2026-07-03T20:06:14.818924+00:00,116.5,23,bid,Xuanyu Liu,YieldingYams,6142903
2026-07-03T20:06:15.463448,2026-07-03T20:06:15.474348+00:00,116.4,200,ask,WavyWalnuts,YieldingYams,6142916
2026-07-03T20:06:15.808533,2026-07-03T20:06:15.811971+00:00,116.4,11,bid,Xuanyu Liu,YieldingYams,6142924
2026-07-03T20:06:17.780095,2026-07-03T20:06:17.786632+00:00,116.4,200,bid,WavyWalnuts,YieldingYams,6142956
2026-07-03T20:06:20.719902,2026-07-03T20:06:20.737243+00:00,116.4,200,ask,WavyWalnuts,YieldingYams,6142988
2026-07-03T20:06:20.733744,2026-07-03T20:06:20.737243+00:00,116.3,12,bid,Xuanyu Liu,YieldingYams,6142990
2026-07-03T20:06:20.774765,2026-07-03T20:06:20.785290+00:00,116.3,413,bid,AverageAlmonds,YieldingYams,6142991
2026-07-03T20:06:22.035139,2026-07-03T20:06:22.047010+00:00,116.5,200,bid,YieldingYams,WavyWalnuts,6143013
2026-07-03T20:06:22.128830,2026-07-03T20:06:22.133034+00:00,116.7,11,bid,Xuanyu Liu,YieldingYams,6143016
2026-07-03T20:06:23.364333,2026-07-03T20:06:23.367670+00:00,116.6,3,bid,Xuanyu Liu,YieldingYams,6143035
2026-07-03T20:06:23.788639,2026-07-03T20:06:23.796247+00:00,116.6,500,bid,AverageAlmonds,YieldingYams,6143038
2026-07-03T20:06:24.385976,2026-07-03T20:06:24.395063+00:00,116.6,122,bid,AverageAlmonds,YieldingYams,6143045
2026-07-03T20:06:24.657116,2026-07-03T20:06:24.653883+00:00,116.7,200,bid,YieldingYams,WavyWalnuts,6143049
2026-07-03T20:06:25.969838,2026-07-03T20:06:25.979638+00:00,116.7,200,ask,WavyWalnuts,YieldingYams,6143071
2026-07-03T20:06:26.227342,2026-07-03T20:06:26.235551+00:00,116.7,425,bid,AverageAlmonds,YieldingYams,6143076
2026-07-03T20:06:27.473259,2026-07-03T20:06:27.480631+00:00,116.8,200,ask,YieldingYams,WavyWalnuts,6143095
2026-07-03T20:06:31.206193,2026-07-03T20:06:31.213967+00:00,116.8,200,bid,YieldingYams,WavyWalnuts,6143154
2026-07-03T20:06:35.934870,2026-07-03T20:06:35.942485+00:00,116.9,200,ask,AverageAlmonds,WavyWalnuts,6143210
2026-07-03T20:06:36.441092,2026-07-03T20:06:36.458552+00:00,116.9,300,ask,AverageAlmonds,YieldingYams,6143219
2026-07-03T20:06:36.493791,2026-07-03T20:06:36.502651+00:00,116.8,325,bid,AverageAlmonds,YieldingYams,6143221
2026-07-03T20:06:43.214275,2026-07-03T20:06:43.221854+00:00,117.3,200,bid,WavyWalnuts,YieldingYams,6143301
2026-07-03T20:06:44.422399,2026-07-03T20:06:44.431368+00:00,117.2,200,bid,WavyWalnuts,YieldingYams,6143314
2026-07-03T20:06:45.634465,2026-07-03T20:06:45.640907+00:00,117.3,200,bid,WavyWalnuts,YieldingYams,6143331
2026-07-03T20:06:49.100154,2026-07-03T20:06:49.112084+00:00,117.5,20,bid,BrilliantBurritos,WavyWalnuts,6143367
2026-07-03T20:06:54.070097,2026-07-03T20:06:54.079471+00:00,117.3,20,bid,BrilliantBurritos,WavyWalnuts,6143434
2026-07-03T20:06:55.353143,2026-07-03T20:06:55.364751+00:00,117.4,20,bid,BrilliantBurritos,YieldingYams,6143460
2026-07-03T20:06:56.522794,2026-07-03T20:06:56.532155+00:00,117.3,200,bid,WavyWalnuts,YieldingYams,6143474
2026-07-03T20:07:04.997031,2026-07-03T20:07:05.005475+00:00,117.5,200,ask,YieldingYams,WavyWalnuts,6143608
2026-07-03T20:07:06.539209,2026-07-03T20:07:06.551215+00:00,117.5,20,bid,BrilliantBurritos,WavyWalnuts,6143624
2026-07-03T20:07:06.609752,2026-07-03T20:07:06.617543+00:00,117.5,180,bid,YieldingYams,WavyWalnuts,6143625
2026-07-03T20:07:07.411594,2026-07-03T20:07:07.420057+00:00,117.5,200,ask,YieldingYams,WavyWalnuts,6143636
2026-07-03T20:07:08.509962,2026-07-03T20:07:08.517950+00:00,117.3,20,ask,WavyWalnuts,BrilliantBurritos,6143645
2026-07-03T20:07:08.626033,2026-07-03T20:07:08.637509+00:00,117.4,200,bid,WavyWalnuts,YieldingYams,6143646
2026-07-03T20:07:10.558404,2026-07-03T20:07:10.564959+00:00,117.4,200,ask,WavyWalnuts,YieldingYams,6143671
2026-07-03T20:07:11.046788,2026-07-03T20:07:11.058578+00:00,117.4,200,bid,WavyWalnuts,YieldingYams,6143673
2026-07-03T20:07:12.591177,2026-07-03T20:07:12.602929+00:00,117.4,20,ask,YieldingYams,BrilliantBurritos,6143697
2026-07-03T20:07:14.497967,2026-07-03T20:07:14.505733+00:00,117.4,200,ask,WavyWalnuts,YieldingYams,6143723
2026-07-03T20:07:14.676573,2026-07-03T20:07:14.685787+00:00,117.3,200,bid,WavyWalnuts,YieldingYams,6143725
2026-07-03T20:07:15.274026,2026-07-03T20:07:15.284844+00:00,117.1,20,ask,YieldingYams,BrilliantBurritos,6143733
2026-07-03T20:07:15.907681,2026-07-03T20:07:15.915734+00:00,117.3,200,bid,WavyWalnuts,YieldingYams,6143747
2026-07-03T20:07:17.128676,2026-07-03T20:07:17.138688+00:00,117.5,200,ask,WavyWalnuts,YieldingYams,6143770
2026-07-03T20:07:23.168540,2026-07-03T20:07:23.178204+00:00,117.4,200,bid,WavyWalnuts,YieldingYams,6143846
2026-07-03T20:07:25.590015,2026-07-03T20:07:25.600554+00:00,117.4,200,ask,YieldingYams,WavyWalnuts,6143869
2026-07-03T20:07:26.796295,2026-07-03T20:07:26.804982+00:00,117.4,200,ask,YieldingYams,WavyWalnuts,6143881
2026-07-03T20:07:27.098672,2026-07-03T20:07:27.110180+00:00,117.6,20,bid,BrilliantBurritos,YieldingYams,6143884
2026-07-03T20:07:28.002950,2026-07-03T20:07:28.010727+00:00,117.5,200,ask,YieldingYams,WavyWalnuts,6143895
2026-07-03T20:07:29.211032,2026-07-03T20:07:29.218142+00:00,117.5,200,ask,AverageAlmonds,WavyWalnuts,6143913
2026-07-03T20:07:30.420595,2026-07-03T20:07:30.427627+00:00,117.5,200,ask,AverageAlmonds,WavyWalnuts,6143928
2026-07-03T20:07:34.778736,2026-07-03T20:07:34.790328+00:00,117.5,20,ask,WavyWalnuts,BrilliantBurritos,6143988
2026-07-03T20:07:39.397949,2026-07-03T20:07:39.408870+00:00,117.7,200,bid,YieldingYams,WavyWalnuts,6144042
2026-07-03T20:07:40.124483,2026-07-03T20:07:40.135919+00:00,117.8,200,ask,YieldingYams,WavyWalnuts,6144057
2026-07-03T20:07:40.729738,2026-07-03T20:07:40.733011+00:00,117.8,3,bid,Xuanyu Liu,YieldingYams,6144069
2026-07-03T20:07:41.516186,2026-07-03T20:07:41.527864+00:00,117.6,20,ask,YieldingYams,BrilliantBurritos,6144077
2026-07-03T20:07:42.555554,2026-07-03T20:07:42.559028+00:00,117.7,11,bid,Xuanyu Liu,WavyWalnuts,6144095
2026-07-03T20:07:43.328402,2026-07-03T20:07:43.335105+00:00,117.7,189,bid,YieldingYams,WavyWalnuts,6144106
2026-07-03T20:07:43.748062,2026-07-03T20:07:43.758550+00:00,117.7,200,ask,YieldingYams,WavyWalnuts,6144114
2026-07-03T20:07:47.597710,2026-07-03T20:07:47.601339+00:00,117.6,14,ask,YieldingYams,Xuanyu Liu,6144164
2026-07-03T20:07:48.562679,2026-07-03T20:07:48.569555+00:00,117.7,200,bid,YieldingYams,WavyWalnuts,6144175
2026-07-03T20:07:48.586531,2026-07-03T20:07:48.589944+00:00,117.7,3,ask,YieldingYams,Xuanyu Liu,6144177
2026-07-03T20:07:49.789549,2026-07-03T20:07:49.798334+00:00,117.9,200,bid,WavyWalnuts,YieldingYams,6144192
2026-07-03T20:07:49.890527,2026-07-03T20:07:49.894058+00:00,117.8,11,ask,YieldingYams,Xuanyu Liu,6144197
2026-07-03T20:07:50.770355,2026-07-03T20:07:50.774580+00:00,118.1,11,bid,Xuanyu Liu,WavyWalnuts,6144214
2026-07-03T20:07:51.033345,2026-07-03T20:07:51.036976+00:00,117.9,3,bid,Xuanyu Liu,WavyWalnuts,6144221
2026-07-03T20:07:51.185525,2026-07-03T20:07:51.195703+00:00,117.9,197,bid,YieldingYams,WavyWalnuts,6144222
2026-07-03T20:07:52.496460,2026-07-03T20:07:52.507879+00:00,117.9,200,ask,WavyWalnuts,YieldingYams,6144236
2026-07-03T20:07:57.072582,2026-07-03T20:07:57.082587+00:00,118.0,200,bid,WavyWalnuts,YieldingYams,6144277
2026-07-03T20:07:58.286726,2026-07-03T20:07:58.296903+00:00,117.9,200,ask,YieldingYams,WavyWalnuts,6144296
2026-07-03T20:08:00.707482,2026-07-03T20:08:00.718709+00:00,117.9,200,ask,YieldingYams,WavyWalnuts,6144322
2026-07-03T20:08:01.049622,2026-07-03T20:08:01.058568+00:00,117.9,20,ask,YieldingYams,BrilliantBurritos,6144326
2026-07-03T20:08:02.998332,2026-07-03T20:08:03.001396+00:00,117.8,3,bid,Xuanyu Liu,YieldingYams,6144349
2026-07-03T20:08:05.572790,2026-07-03T20:08:05.582666+00:00,117.9,200,bid,WavyWalnuts,YieldingYams,6144374
2026-07-03T20:08:05.627828,2026-07-03T20:08:05.630938+00:00,117.9,3,ask,YieldingYams,Xuanyu Liu,6144377
2026-07-03T20:08:06.798159,2026-07-03T20:08:06.801786+00:00,118.0,3,bid,Xuanyu Liu,WavyWalnuts,6144393
2026-07-03T20:08:07.996554,2026-07-03T20:08:08.008219+00:00,117.9,200,ask,YieldingYams,WavyWalnuts,6144412
2026-07-03T20:08:17.662854,2026-07-03T20:08:17.674435+00:00,117.8,200,ask,YieldingYams,WavyWalnuts,6144533
2026-07-03T20:08:19.987371,2026-07-03T20:08:19.993738+00:00,117.8,20,ask,AverageAlmonds,BrilliantBurritos,6144565
2026-07-03T20:08:20.021190,2026-07-03T20:08:20.027932+00:00,117.9,500,bid,AverageAlmonds,YieldingYams,6144567
2026-07-03T20:08:20.050278,2026-07-03T20:08:20.058540+00:00,117.9,200,bid,YieldingYams,WavyWalnuts,6144569
2026-07-03T20:08:20.064155,2026-07-03T20:08:20.067516+00:00,118.1,3,ask,YieldingYams,Xuanyu Liu,6144571
2026-07-03T20:08:20.079463,2026-07-03T20:08:20.093314+00:00,118.1,200,ask,YieldingYams,WavyWalnuts,6144573
2026-07-03T20:08:20.333681,2026-07-03T20:08:20.345116+00:00,118.1,20,ask,YieldingYams,BrilliantBurritos,6144576
2026-07-03T20:08:21.288744,2026-07-03T20:08:21.295467+00:00,118.1,200,ask,YieldingYams,WavyWalnuts,6144586
2026-07-03T20:08:24.036390,2026-07-03T20:08:24.047965+00:00,118.0,20,bid,BrilliantBurritos,YieldingYams,6144628
2026-07-03T20:08:27.348115,2026-07-03T20:08:27.352447+00:00,117.9,200,ask,YieldingYams,WavyWalnuts,6144689
2026-07-03T20:08:28.553855,2026-07-03T20:08:28.556715+00:00,117.9,200,bid,WavyWalnuts,YieldingYams,6144707
2026-07-03T20:08:31.383491,2026-07-03T20:08:31.395452+00:00,117.9,20,ask,WavyWalnuts,BrilliantBurritos,6144734
2026-07-03T20:08:33.185499,2026-07-03T20:08:33.198500+00:00,117.8,200,ask,WavyWalnuts,YieldingYams,6144755
2026-07-03T20:08:33.388065,2026-07-03T20:08:33.395949+00:00,117.8,200,bid,WavyWalnuts,YieldingYams,6144759
2026-07-03T20:08:38.213379,2026-07-03T20:08:38.217823+00:00,118.0,3,bid,Xuanyu Liu,WavyWalnuts,6144815
2026-07-03T20:08:38.785954,2026-07-03T20:08:38.793519+00:00,117.9,200,ask,WavyWalnuts,AverageAlmonds,6144821
2026-07-03T20:08:38.785954,2026-07-03T20:08:38.798724+00:00,117.8,300,ask,YieldingYams,AverageAlmonds,6144822
2026-07-03T20:08:39.415011,2026-07-03T20:08:39.441156+00:00,117.8,325,ask,YieldingYams,AverageAlmonds,6144828
2026-07-03T20:08:39.437036,2026-07-03T20:08:39.441156+00:00,117.8,23,bid,Xuanyu Liu,AverageAlmonds,6144830
2026-07-03T20:08:39.747399,2026-07-03T20:08:39.767639+00:00,117.7,200,ask,WavyWalnuts,YieldingYams,6144836
2026-07-03T20:08:39.763966,2026-07-03T20:08:39.767639+00:00,117.7,11,bid,Xuanyu Liu,YieldingYams,6144838
2026-07-03T20:08:39.911340,2026-07-03T20:08:39.920894+00:00,117.5,20,ask,YieldingYams,BrilliantBurritos,6144841
2026-07-03T20:08:40.675552,2026-07-03T20:08:40.679269+00:00,117.6,11,ask,WavyWalnuts,Xuanyu Liu,6144849
2026-07-03T20:08:41.433126,2026-07-03T20:08:41.446860+00:00,117.6,23,ask,WavyWalnuts,Xuanyu Liu,6144862
2026-07-03T20:08:41.870391,2026-07-03T20:08:41.880403+00:00,117.7,200,bid,WavyWalnuts,YieldingYams,6144872
2026-07-03T20:08:43.035122,2026-07-03T20:08:43.043373+00:00,117.6,500,ask,YieldingYams,AverageAlmonds,6144892
2026-07-03T20:08:43.630995,2026-07-03T20:08:43.637446+00:00,117.6,125,ask,YieldingYams,AverageAlmonds,6144902
2026-07-03T20:08:44.285768,2026-07-03T20:08:44.297360+00:00,117.6,200,bid,WavyWalnuts,AverageAlmonds,6144912
2026-07-03T20:08:44.854399,2026-07-03T20:08:44.857706+00:00,117.5,11,bid,Xuanyu Liu,AverageAlmonds,6144917
2026-07-03T20:08:46.077284,2026-07-03T20:08:46.084606+00:00,117.5,200,ask,WavyWalnuts,AverageAlmonds,6144933
2026-07-03T20:08:47.618824,2026-07-03T20:08:47.626702+00:00,117.5,200,bid,YieldingYams,WavyWalnuts,6144958
2026-07-03T20:08:47.618824,2026-07-03T20:08:47.626702+00:00,117.5,425,bid,YieldingYams,AverageAlmonds,6144959
2026-07-03T20:08:48.931625,2026-07-03T20:08:48.942942+00:00,117.4,200,ask,WavyWalnuts,YieldingYams,6144981
2026-07-03T20:08:49.121779,2026-07-03T20:08:49.132116+00:00,117.4,200,bid,WavyWalnuts,YieldingYams,6144984
2026-07-03T20:08:50.252360,2026-07-03T20:08:50.255712+00:00,117.3,11,ask,YieldingYams,Xuanyu Liu,6145006
2026-07-03T20:08:50.516436,2026-07-03T20:08:50.528256+00:00,117.3,20,ask,YieldingYams,BrilliantBurritos,6145007
2026-07-03T20:08:54.191059,2026-07-03T20:08:54.209993+00:00,117.4,500,bid,YieldingYams,AverageAlmonds,6145064
2026-07-03T20:08:54.206711,2026-07-03T20:08:54.209993+00:00,117.4,3,ask,YieldingYams,Xuanyu Liu,6145068
2026-07-03T20:08:54.535230,2026-07-03T20:08:54.552609+00:00,117.4,122,ask,YieldingYams,AverageAlmonds,6145070
2026-07-03T20:08:54.535230,2026-07-03T20:08:54.557599+00:00,117.3,200,ask,WavyWalnuts,AverageAlmonds,6145071
2026-07-03T20:08:55.196085,2026-07-03T20:08:55.205362+00:00,117.3,200,bid,WavyWalnuts,AverageAlmonds,6145078
2026-07-03T20:08:56.364912,2026-07-03T20:08:56.374762+00:00,117.2,20,bid,BrilliantBurritos,AverageAlmonds,6145091
2026-07-03T20:08:56.807149,2026-07-03T20:08:56.814337+00:00,117.2,480,bid,YieldingYams,AverageAlmonds,6145094
2026-07-03T20:08:56.947513,2026-07-03T20:08:56.958583+00:00,117.2,145,ask,YieldingYams,AverageAlmonds,6145096
2026-07-03T20:08:56.947513,2026-07-03T20:08:56.958583+00:00,117.1,200,ask,WavyWalnuts,AverageAlmonds,6145097
2026-07-03T20:09:00.410873,2026-07-03T20:09:00.414426+00:00,117.0,26,bid,Xuanyu Liu,WavyWalnuts,6145149
2026-07-03T20:09:02.050581,2026-07-03T20:09:02.058729+00:00,117.0,200,bid,YieldingYams,WavyWalnuts,6145169
2026-07-03T20:09:03.669804,2026-07-03T20:09:03.679665+00:00,116.9,20,ask,YieldingYams,BrilliantBurritos,6145197
2026-07-03T20:09:09.933375,2026-07-03T20:09:09.951551+00:00,116.9,200,bid,YieldingYams,WavyWalnuts,6145276
2026-07-03T20:09:09.947969,2026-07-03T20:09:09.951551+00:00,116.9,12,ask,YieldingYams,Xuanyu Liu,6145278
2026-07-03T20:09:10.941226,2026-07-03T20:09:10.952064+00:00,116.9,200,ask,YieldingYams,WavyWalnuts,6145294
2026-07-03T20:09:13.005486,2026-07-03T20:09:13.009578+00:00,116.8,12,bid,Xuanyu Liu,YieldingYams,6145322
2026-07-03T20:09:17.004923,2026-07-03T20:09:17.011685+00:00,117.0,200,bid,WavyWalnuts,YieldingYams,6145380
2026-07-03T20:09:17.822639,2026-07-03T20:09:17.826262+00:00,117.0,12,ask,YieldingYams,Xuanyu Liu,6145391
2026-07-03T20:09:19.118802,2026-07-03T20:09:19.125830+00:00,117.1,500,bid,YieldingYams,AverageAlmonds,6145411
2026-07-03T20:09:19.347985,2026-07-03T20:09:19.351984+00:00,117.2,12,bid,Xuanyu Liu,WavyWalnuts,6145414
2026-07-03T20:09:19.380792,2026-07-03T20:09:19.413609+00:00,117.1,125,ask,YieldingYams,AverageAlmonds,6145415
2026-07-03T20:09:19.380792,2026-07-03T20:09:19.413609+00:00,117.0,200,ask,WavyWalnuts,AverageAlmonds,6145416
2026-07-03T20:09:19.409294,2026-07-03T20:09:19.413609+00:00,117.0,23,bid,Xuanyu Liu,AverageAlmonds,6145419
2026-07-03T20:09:19.440605,2026-07-03T20:09:19.444848+00:00,116.9,11,bid,Xuanyu Liu,WavyWalnuts,6145424
2026-07-03T20:09:22.580927,2026-07-03T20:09:22.584829+00:00,116.8,34,ask,YieldingYams,Xuanyu Liu,6145471
2026-07-03T20:09:23.059615,2026-07-03T20:09:23.069518+00:00,117.1,500,bid,YieldingYams,AverageAlmonds,6145477
2026-07-03T20:09:23.063866,2026-07-03T20:09:23.074765+00:00,117.1,125,ask,YieldingYams,WavyWalnuts,6145478
2026-07-03T20:09:25.479626,2026-07-03T20:09:25.489653+00:00,116.8,200,ask,YieldingYams,WavyWalnuts,6145507
2026-07-03T20:09:29.613608,2026-07-03T20:09:29.624771+00:00,117.0,20,ask,WavyWalnuts,BrilliantBurritos,6145564
2026-07-03T20:09:33.940428,2026-07-03T20:09:33.949375+00:00,117.2,500,ask,YieldingYams,AverageAlmonds,6145618
2026-07-03T20:09:33.973723,2026-07-03T20:09:33.984454+00:00,117.2,125,ask,YieldingYams,WavyWalnuts,6145621
2026-07-03T20:09:34.913737,2026-07-03T20:09:34.921695+00:00,117.2,20,bid,BrilliantBurritos,WavyWalnuts,6145633
2026-07-03T20:09:36.350915,2026-07-03T20:09:36.360573+00:00,117.2,200,ask,WavyWalnuts,AverageAlmonds,6145653
2026-07-03T20:09:37.206969,2026-07-03T20:09:37.218642+00:00,117.2,20,bid,BrilliantBurritos,WavyWalnuts,6145662
2026-07-03T20:09:37.479255,2026-07-03T20:09:37.487330+00:00,117.2,180,bid,YieldingYams,WavyWalnuts,6145667
2026-07-03T20:09:37.479255,2026-07-03T20:09:37.487330+00:00,117.2,445,bid,YieldingYams,AverageAlmonds,6145668
2026-07-03T20:09:40.021765,2026-07-03T20:09:40.033408+00:00,117.1,200,bid,WavyWalnuts,YieldingYams,6145702
2026-07-03T20:09:40.629069,2026-07-03T20:09:40.640412+00:00,117.0,20,ask,YieldingYams,BrilliantBurritos,6145708
2026-07-03T20:09:41.556725,2026-07-03T20:09:41.560409+00:00,117.0,12,ask,WavyWalnuts,Xuanyu Liu,6145722
2026-07-03T20:09:44.865999,2026-07-03T20:09:44.875332+00:00,117.1,200,bid,WavyWalnuts,YieldingYams,6145758
2026-07-03T20:09:47.457224,2026-07-03T20:09:47.464409+00:00,117.1,20,bid,BrilliantBurritos,AverageAlmonds,6145796
2026-07-03T20:09:47.884241,2026-07-03T20:09:47.912343+00:00,116.9,20,ask,YieldingYams,BrilliantBurritos,6145798
2026-07-03T20:09:47.908829,2026-07-03T20:09:47.912343+00:00,116.9,11,ask,YieldingYams,Xuanyu Liu,6145801
2026-07-03T20:09:47.993692,2026-07-03T20:09:48.004486+00:00,117.1,200,bid,YieldingYams,WavyWalnuts,6145802
2026-07-03T20:09:47.993692,2026-07-03T20:09:48.004486+00:00,117.1,425,bid,YieldingYams,AverageAlmonds,6145803
2026-07-03T20:09:48.501270,2026-07-03T20:09:48.508121+00:00,117.1,200,bid,WavyWalnuts,AverageAlmonds,6145807
2026-07-03T20:09:49.038239,2026-07-03T20:09:49.045408+00:00,116.4,20,ask,AverageAlmonds,BrilliantBurritos,6145823
2026-07-03T20:09:49.319114,2026-07-03T20:09:49.322922+00:00,117.0,3,ask,YieldingYams,Xuanyu Liu,6145830
2026-07-03T20:09:50.619823,2026-07-03T20:09:50.626443+00:00,117.1,200,ask,WavyWalnuts,YieldingYams,6145840
2026-07-03T20:09:53.145128,2026-07-03T20:09:53.149178+00:00,117.0,3,ask,WavyWalnuts,Xuanyu Liu,6145865
2026-07-03T20:09:53.245758,2026-07-03T20:09:53.252536+00:00,117.0,197,ask,WavyWalnuts,YieldingYams,6145866
2026-07-03T20:09:55.778744,2026-07-03T20:09:55.788617+00:00,116.8,200,ask,YieldingYams,WavyWalnuts,6145888
2026-07-03T20:09:58.228637,2026-07-03T20:09:58.236022+00:00,116.8,200,ask,YieldingYams,WavyWalnuts,6145928
2026-07-03T20:09:59.463727,2026-07-03T20:09:59.467206+00:00,116.8,11,ask,YieldingYams,Xuanyu Liu,6145944
2026-07-03T20:09:59.789289,2026-07-03T20:09:59.798130+00:00,116.8,200,ask,YieldingYams,WavyWalnuts,6145949
2026-07-03T20:10:00.646433,2026-07-03T20:10:00.658551+00:00,116.8,200,bid,WavyWalnuts,YieldingYams,6145963
2026-07-03T20:10:01.109821,2026-07-03T20:10:01.113344+00:00,116.9,12,ask,YieldingYams,Xuanyu Liu,6145973
2026-07-03T20:10:03.070811,2026-07-03T20:10:03.080595+00:00,116.9,200,ask,YieldingYams,WavyWalnuts,6145994
2026-07-03T20:10:04.821624,2026-07-03T20:10:04.831993+00:00,117.0,500,ask,YieldingYams,AverageAlmonds,6146016
2026-07-03T20:10:05.026314,2026-07-03T20:10:05.050449+00:00,117.0,200,ask,WavyWalnuts,YieldingYams,6146024
2026-07-03T20:10:05.047240,2026-07-03T20:10:05.050449+00:00,116.8,12,bid,Xuanyu Liu,YieldingYams,6146027
2026-07-03T20:10:05.489008,2026-07-03T20:10:05.496788+00:00,116.8,200,bid,WavyWalnuts,YieldingYams,6146031
2026-07-03T20:10:06.530055,2026-07-03T20:10:06.538618+00:00,116.9,20,ask,YieldingYams,BrilliantBurritos,6146045
2026-07-03T20:10:07.833724,2026-07-03T20:10:07.843362+00:00,116.8,200,ask,WavyWalnuts,AverageAlmonds,6146066
2026-07-03T20:10:12.745531,2026-07-03T20:10:12.758920+00:00,116.7,200,ask,YieldingYams,WavyWalnuts,6146134
2026-07-03T20:10:14.200357,2026-07-03T20:10:14.208321+00:00,116.7,200,bid,YieldingYams,WavyWalnuts,6146161
2026-07-03T20:10:14.897699,2026-07-03T20:10:14.905048+00:00,116.7,20,ask,YieldingYams,BrilliantBurritos,6146176
2026-07-03T20:10:15.161805,2026-07-03T20:10:15.169796+00:00,116.7,200,ask,YieldingYams,WavyWalnuts,6146179
2026-07-03T20:10:15.510910,2026-07-03T20:10:15.522002+00:00,116.5,200,ask,WavyWalnuts,YieldingYams,6146182
2026-07-03T20:10:15.529062,2026-07-03T20:10:15.532662+00:00,116.5,14,bid,Xuanyu Liu,YieldingYams,6146184
2026-07-03T20:10:16.366028,2026-07-03T20:10:16.377708+00:00,116.5,200,bid,WavyWalnuts,YieldingYams,6146197
2026-07-03T20:10:16.835820,2026-07-03T20:10:16.839324+00:00,116.6,14,ask,YieldingYams,Xuanyu Liu,6146202
2026-07-03T20:10:18.786223,2026-07-03T20:10:18.797392+00:00,116.6,200,ask,YieldingYams,WavyWalnuts,6146221
2026-07-03T20:10:19.994241,2026-07-03T20:10:20.005456+00:00,116.5,200,ask,YieldingYams,WavyWalnuts,6146236
2026-07-03T20:10:20.782755,2026-07-03T20:10:20.786102+00:00,116.6,11,bid,Xuanyu Liu,YieldingYams,6146250
2026-07-03T20:10:21.225943,2026-07-03T20:10:21.229641+00:00,116.5,3,bid,Xuanyu Liu,WavyWalnuts,6146263
2026-07-03T20:10:22.003520,2026-07-03T20:10:22.013694+00:00,116.4,20,ask,YieldingYams,BrilliantBurritos,6146280
2026-07-03T20:10:22.704232,2026-07-03T20:10:22.707690+00:00,116.3,3,ask,YieldingYams,Xuanyu Liu,6146286
2026-07-03T20:10:23.404799,2026-07-03T20:10:23.408340+00:00,116.4,11,ask,YieldingYams,Xuanyu Liu,6146293
2026-07-03T20:10:24.701780,2026-07-03T20:10:24.709055+00:00,116.5,200,bid,YieldingYams,WavyWalnuts,6146317
2026-07-03T20:10:25.813121,2026-07-03T20:10:25.816638+00:00,116.6,11,bid,Xuanyu Liu,WavyWalnuts,6146332
2026-07-03T20:10:27.819369,2026-07-03T20:10:27.833934+00:00,116.7,20,bid,BrilliantBurritos,WavyWalnuts,6146355
2026-07-03T20:10:28.138219,2026-07-03T20:10:28.149994+00:00,116.7,20,bid,BrilliantBurritos,WavyWalnuts,6146359
2026-07-03T20:10:28.551620,2026-07-03T20:10:28.558112+00:00,116.7,20,bid,BrilliantBurritos,AverageAlmonds,6146366
2026-07-03T20:10:28.976855,2026-07-03T20:10:28.980638+00:00,116.7,3,bid,Xuanyu Liu,AverageAlmonds,6146376
2026-07-03T20:10:30.885315,2026-07-03T20:10:30.894752+00:00,116.6,200,ask,YieldingYams,WavyWalnuts,6146412
2026-07-03T20:10:33.305613,2026-07-03T20:10:33.316096+00:00,116.5,200,ask,YieldingYams,WavyWalnuts,6146437
2026-07-03T20:10:37.826477,2026-07-03T20:10:37.845037+00:00,116.6,200,ask,WavyWalnuts,YieldingYams,6146501
2026-07-03T20:10:37.841478,2026-07-03T20:10:37.845037+00:00,116.5,14,bid,Xuanyu Liu,YieldingYams,6146505
2026-07-03T20:10:38.156987,2026-07-03T20:10:38.164075+00:00,116.5,200,bid,WavyWalnuts,YieldingYams,6146509
2026-07-03T20:10:40.587103,2026-07-03T20:10:40.594585+00:00,116.5,200,ask,YieldingYams,WavyWalnuts,6146537
2026-07-03T20:10:41.796004,2026-07-03T20:10:41.815601+00:00,116.4,200,bid,WavyWalnuts,YieldingYams,6146554
2026-07-03T20:10:41.811382,2026-07-03T20:10:41.815601+00:00,116.4,35,bid,Xuanyu Liu,YieldingYams,6146556
2026-07-03T20:10:43.007654,2026-07-03T20:10:43.016225+00:00,116.4,200,bid,WavyWalnuts,YieldingYams,6146575
2026-07-03T20:10:43.125464,2026-07-03T20:10:43.137052+00:00,116.5,20,ask,YieldingYams,BrilliantBurritos,6146578
2026-07-03T20:10:45.197009,2026-07-03T20:10:45.205135+00:00,116.7,20,bid,BrilliantBurritos,WavyWalnuts,6146609
2026-07-03T20:10:49.057201,2026-07-03T20:10:49.064076+00:00,116.6,200,ask,YieldingYams,WavyWalnuts,6146653
2026-07-03T20:10:50.281386,2026-07-03T20:10:50.289030+00:00,116.6,200,bid,WavyWalnuts,YieldingYams,6146671
2026-07-03T20:10:51.501571,2026-07-03T20:10:51.512565+00:00,116.6,200,bid,WavyWalnuts,YieldingYams,6146687
2026-07-03T20:10:53.592026,2026-07-03T20:10:53.604942+00:00,116.5,200,ask,WavyWalnuts,YieldingYams,6146712
2026-07-03T20:10:53.924467,2026-07-03T20:10:53.933620+00:00,116.5,200,bid,WavyWalnuts,YieldingYams,6146718
2026-07-03T20:10:54.901810,2026-07-03T20:10:54.909583+00:00,116.7,200,bid,YieldingYams,WavyWalnuts,6146739
2026-07-03T20:10:54.915570,2026-07-03T20:10:54.919214+00:00,116.8,35,ask,YieldingYams,Xuanyu Liu,6146741
2026-07-03T20:10:55.134249,2026-07-03T20:10:55.143259+00:00,116.8,200,ask,YieldingYams,WavyWalnuts,6146743
2026-07-03T20:10:56.340880,2026-07-03T20:10:56.348234+00:00,116.8,200,bid,WavyWalnuts,YieldingYams,6146768
2026-07-03T20:11:00.147093,2026-07-03T20:11:00.158567+00:00,116.6,200,ask,WavyWalnuts,YieldingYams,6146819
2026-07-03T20:11:00.956016,2026-07-03T20:11:00.967992+00:00,116.3,20,ask,YieldingYams,BrilliantBurritos,6146831
2026-07-03T20:11:01.181544,2026-07-03T20:11:01.188712+00:00,116.5,200,bid,WavyWalnuts,YieldingYams,6146834
2026-07-03T20:11:01.469435,2026-07-03T20:11:01.472849+00:00,116.5,11,ask,YieldingYams,Xuanyu Liu,6146837
2026-07-03T20:11:03.779074,2026-07-03T20:11:03.782124+00:00,116.6,11,bid,Xuanyu Liu,WavyWalnuts,6146869
2026-07-03T20:11:04.084134,2026-07-03T20:11:04.093581+00:00,116.4,500,ask,AverageAlmonds,YieldingYams,6146874
2026-07-03T20:11:04.084134,2026-07-03T20:11:04.093581+00:00,116.4,125,ask,WavyWalnuts,YieldingYams,6146875
2026-07-03T20:11:07.252318,2026-07-03T20:11:07.255388+00:00,116.5,200,ask,YieldingYams,WavyWalnuts,6146911
2026-07-03T20:11:11.959154,2026-07-03T20:11:11.977994+00:00,116.6,200,bid,YieldingYams,WavyWalnuts,6146962
2026-07-03T20:11:11.974347,2026-07-03T20:11:11.977994+00:00,116.7,14,ask,YieldingYams,Xuanyu Liu,6146965
2026-07-03T20:11:13.310649,2026-07-03T20:11:13.314018+00:00,116.7,3,bid,Xuanyu Liu,WavyWalnuts,6146989
2026-07-03T20:11:16.924302,2026-07-03T20:11:16.934139+00:00,116.6,200,ask,AverageAlmonds,WavyWalnuts,6147036
2026-07-03T20:11:18.671561,2026-07-03T20:11:18.680203+00:00,116.7,500,bid,AverageAlmonds,YieldingYams,6147061
2026-07-03T20:11:19.265357,2026-07-03T20:11:19.272294+00:00,116.7,125,bid,AverageAlmonds,YieldingYams,6147068
2026-07-03T20:11:25.084521,2026-07-03T20:11:25.094625+00:00,116.8,200,ask,WavyWalnuts,YieldingYams,6147138
2026-07-03T20:11:27.740719,2026-07-03T20:11:27.748877+00:00,116.7,500,bid,AverageAlmonds,YieldingYams,6147162
2026-07-03T20:11:27.825807,2026-07-03T20:11:27.832146+00:00,116.7,125,bid,WavyWalnuts,YieldingYams,6147165
2026-07-03T20:11:29.043484,2026-07-03T20:11:29.052806+00:00,116.7,200,ask,YieldingYams,WavyWalnuts,6147179
2026-07-03T20:11:30.325788,2026-07-03T20:11:30.333429+00:00,116.7,200,ask,WavyWalnuts,YieldingYams,6147197
2026-07-03T20:11:31.189228,2026-07-03T20:11:31.199469+00:00,116.7,20,bid,BrilliantBurritos,YieldingYams,6147207
2026-07-03T20:11:31.634773,2026-07-03T20:11:31.645001+00:00,116.8,200,bid,YieldingYams,WavyWalnuts,6147223
2026-07-03T20:11:31.650447,2026-07-03T20:11:31.653642+00:00,116.8,3,ask,YieldingYams,Xuanyu Liu,6147225
2026-07-03T20:11:33.867029,2026-07-03T20:11:33.876424+00:00,116.8,20,ask,WavyWalnuts,BrilliantBurritos,6147255
2026-07-03T20:11:36.310700,2026-07-03T20:11:36.317943+00:00,116.9,200,bid,WavyWalnuts,YieldingYams,6147286
2026-07-03T20:11:37.754960,2026-07-03T20:11:37.766452+00:00,117.0,20,bid,BrilliantBurritos,YieldingYams,6147304
2026-07-03T20:11:38.731285,2026-07-03T20:11:38.739639+00:00,117.0,200,bid,WavyWalnuts,AverageAlmonds,6147314
2026-07-03T20:11:40.460092,2026-07-03T20:11:40.468950+00:00,116.9,200,ask,WavyWalnuts,AverageAlmonds,6147332
2026-07-03T20:11:40.812954,2026-07-03T20:11:40.819691+00:00,116.9,300,bid,YieldingYams,AverageAlmonds,6147339
2026-07-03T20:11:41.149871,2026-07-03T20:11:41.158576+00:00,116.9,200,ask,YieldingYams,WavyWalnuts,6147347
2026-07-03T20:11:43.573467,2026-07-03T20:11:43.583921+00:00,116.8,200,ask,YieldingYams,WavyWalnuts,6147386
2026-07-03T20:11:47.914814,2026-07-03T20:11:47.926525+00:00,116.8,20,bid,BrilliantBurritos,WavyWalnuts,6147439
2026-07-03T20:11:49.558029,2026-07-03T20:11:49.569150+00:00,116.7,500,ask,YieldingYams,AverageAlmonds,6147459
2026-07-03T20:11:49.999764,2026-07-03T20:11:50.007037+00:00,116.7,200,ask,WavyWalnuts,YieldingYams,6147464
2026-07-03T20:11:50.833759,2026-07-03T20:11:50.840766+00:00,116.6,200,bid,WavyWalnuts,YieldingYams,6147476
2026-07-03T20:11:51.975194,2026-07-03T20:11:51.984697+00:00,116.6,500,ask,YieldingYams,AverageAlmonds,6147492
2026-07-03T20:11:52.569044,2026-07-03T20:11:52.579735+00:00,116.6,125,ask,YieldingYams,AverageAlmonds,6147500
2026-07-03T20:11:52.569044,2026-07-03T20:11:52.579735+00:00,116.6,200,ask,WavyWalnuts,AverageAlmonds,6147501
2026-07-03T20:11:54.797320,2026-07-03T20:11:54.804911+00:00,116.6,20,bid,BrilliantBurritos,YieldingYams,6147528
2026-07-03T20:12:00.498165,2026-07-03T20:12:00.508114+00:00,116.3,200,bid,YieldingYams,WavyWalnuts,6147578
2026-07-03T20:12:00.514827,2026-07-03T20:12:00.528773+00:00,116.4,200,ask,YieldingYams,WavyWalnuts,6147581
2026-07-03T20:12:01.060362,2026-07-03T20:12:01.069069+00:00,116.4,225,ask,YieldingYams,AverageAlmonds,6147590
2026-07-03T20:12:01.814726,2026-07-03T20:12:01.823445+00:00,116.1,200,ask,WavyWalnuts,YieldingYams,6147600
2026-07-03T20:12:01.830289,2026-07-03T20:12:01.842829+00:00,116.1,14,bid,Xuanyu Liu,YieldingYams,6147602
2026-07-03T20:12:02.929956,2026-07-03T20:12:02.938802+00:00,116.1,200,bid,WavyWalnuts,YieldingYams,6147616
2026-07-03T20:12:05.883368,2026-07-03T20:12:05.889972+00:00,116.1,20,bid,BrilliantBurritos,YieldingYams,6147655
2026-07-03T20:12:06.551858,2026-07-03T20:12:06.559087+00:00,116.1,200,bid,WavyWalnuts,YieldingYams,6147661
2026-07-03T20:12:08.370127,2026-07-03T20:12:08.390003+00:00,116.1,200,bid,YieldingYams,WavyWalnuts,6147676
2026-07-03T20:12:08.386409,2026-07-03T20:12:08.390003+00:00,116.1,11,ask,YieldingYams,Xuanyu Liu,6147678
2026-07-03T20:12:10.173451,2026-07-03T20:12:10.180474+00:00,116.2,200,ask,YieldingYams,WavyWalnuts,6147703
2026-07-03T20:12:10.264260,2026-07-03T20:12:10.267628+00:00,116.2,3,ask,YieldingYams,Xuanyu Liu,6147707
2026-07-03T20:12:11.379764,2026-07-03T20:12:11.390017+00:00,116.2,200,ask,YieldingYams,WavyWalnuts,6147725
2026-07-03T20:12:13.798620,2026-07-03T20:12:13.809541+00:00,116.2,200,ask,YieldingYams,WavyWalnuts,6147764
2026-07-03T20:12:15.004870,2026-07-03T20:12:15.013074+00:00,116.2,200,bid,WavyWalnuts,YieldingYams,6147771
2026-07-03T20:12:16.214010,2026-07-03T20:12:16.225173+00:00,116.2,200,bid,WavyWalnuts,YieldingYams,6147789
2026-07-03T20:12:17.465102,2026-07-03T20:12:17.469034+00:00,116.1,3,ask,WavyWalnuts,Xuanyu Liu,6147807
2026-07-03T20:12:23.540367,2026-07-03T20:12:23.552159+00:00,116.0,20,ask,YieldingYams,BrilliantBurritos,6147883
2026-07-03T20:12:25.419672,2026-07-03T20:12:25.430882+00:00,116.0,200,ask,WavyWalnuts,YieldingYams,6147899
2026-07-03T20:12:25.915694,2026-07-03T20:12:25.923095+00:00,115.9,200,bid,WavyWalnuts,YieldingYams,6147905
2026-07-03T20:12:26.436675,2026-07-03T20:12:26.448377+00:00,115.9,20,bid,BrilliantBurritos,YieldingYams,6147912
2026-07-03T20:12:28.066287,2026-07-03T20:12:28.069898+00:00,116.0,11,ask,YieldingYams,Xuanyu Liu,6147939
2026-07-03T20:12:28.345245,2026-07-03T20:12:28.358637+00:00,116.0,200,ask,YieldingYams,WavyWalnuts,6147942
2026-07-03T20:12:29.377880,2026-07-03T20:12:29.381410+00:00,116.0,14,bid,Xuanyu Liu,YieldingYams,6147955
2026-07-03T20:12:30.673054,2026-07-03T20:12:30.681412+00:00,115.9,200,bid,YieldingYams,WavyWalnuts,6147979
2026-07-03T20:12:33.178159,2026-07-03T20:12:33.185321+00:00,115.9,200,ask,YieldingYams,WavyWalnuts,6148010
2026-07-03T20:12:35.295190,2026-07-03T20:12:35.306911+00:00,115.8,20,bid,BrilliantBurritos,YieldingYams,6148037
2026-07-03T20:12:35.596420,2026-07-03T20:12:35.606863+00:00,115.7,200,ask,AverageAlmonds,WavyWalnuts,6148041
2026-07-03T20:12:36.804693,2026-07-03T20:12:36.812624+00:00,115.8,200,ask,WavyWalnuts,YieldingYams,6148053
2026-07-03T20:12:39.860125,2026-07-03T20:12:39.869131+00:00,115.8,200,ask,WavyWalnuts,YieldingYams,6148094
2026-07-03T20:12:41.171928,2026-07-03T20:12:41.183152+00:00,115.8,200,bid,YieldingYams,WavyWalnuts,6148117
2026-07-03T20:12:41.655062,2026-07-03T20:12:41.658563+00:00,115.8,200,ask,YieldingYams,WavyWalnuts,6148127
2026-07-03T20:12:43.424337,2026-07-03T20:12:43.432744+00:00,115.7,500,bid,AverageAlmonds,YieldingYams,6148151
2026-07-03T20:12:43.790021,2026-07-03T20:12:43.800433+00:00,115.8,200,bid,YieldingYams,WavyWalnuts,6148158
2026-07-03T20:12:45.116631,2026-07-03T20:12:45.120372+00:00,115.8,3,bid,Xuanyu Liu,YieldingYams,6148180
2026-07-03T20:12:45.181458,2026-07-03T20:12:45.193330+00:00,115.8,20,bid,BrilliantBurritos,YieldingYams,6148182
2026-07-03T20:12:48.927029,2026-07-03T20:12:48.936121+00:00,115.7,200,ask,YieldingYams,WavyWalnuts,6148239
2026-07-03T20:12:54.545822,2026-07-03T20:12:54.548994+00:00,115.6,3,ask,WavyWalnuts,Xuanyu Liu,6148326
2026-07-03T20:13:00.846831,2026-07-03T20:13:00.858621+00:00,115.7,200,bid,YieldingYams,WavyWalnuts,6148417
2026-07-03T20:13:01.029363,2026-07-03T20:13:01.041242+00:00,115.8,200,ask,YieldingYams,WavyWalnuts,6148421
2026-07-03T20:13:02.952410,2026-07-03T20:13:02.956076+00:00,115.6,3,ask,WavyWalnuts,Xuanyu Liu,6148447
2026-07-03T20:13:04.662460,2026-07-03T20:13:04.669869+00:00,115.7,200,bid,WavyWalnuts,YieldingYams,6148469
2026-07-03T20:13:06.093847,2026-07-03T20:13:06.106041+00:00,115.8,200,bid,YieldingYams,WavyWalnuts,6148489
2026-07-03T20:13:08.271223,2026-07-03T20:13:08.280052+00:00,115.7,20,ask,WavyWalnuts,BrilliantBurritos,6148524
2026-07-03T20:13:09.520020,2026-07-03T20:13:09.528622+00:00,115.8,200,bid,WavyWalnuts,YieldingYams,6148545
2026-07-03T20:13:10.020924,2026-07-03T20:13:10.032416+00:00,115.8,500,bid,YieldingYams,AverageAlmonds,6148552
2026-07-03T20:13:10.061016,2026-07-03T20:13:10.069086+00:00,115.8,125,ask,YieldingYams,AverageAlmonds,6148553
2026-07-03T20:13:10.729659,2026-07-03T20:13:10.738419+00:00,115.7,200,bid,WavyWalnuts,AverageAlmonds,6148563
2026-07-03T20:13:11.342223,2026-07-03T20:13:11.345320+00:00,115.5,3,ask,YieldingYams,Xuanyu Liu,6148576
2026-07-03T20:13:11.940858,2026-07-03T20:13:11.949858+00:00,115.7,200,bid,WavyWalnuts,YieldingYams,6148581
2026-07-03T20:13:12.650356,2026-07-03T20:13:12.654036+00:00,115.6,8,ask,YieldingYams,Xuanyu Liu,6148587
2026-07-03T20:13:13.104888,2026-07-03T20:13:13.115207+00:00,115.6,500,ask,YieldingYams,AverageAlmonds,6148590
2026-07-03T20:13:13.163318,2026-07-03T20:13:13.166434+00:00,115.7,12,ask,WavyWalnuts,Xuanyu Liu,6148593
2026-07-03T20:13:13.701310,2026-07-03T20:13:13.712016+00:00,115.7,188,ask,WavyWalnuts,AverageAlmonds,6148607
2026-07-03T20:13:13.701310,2026-07-03T20:13:13.712016+00:00,115.6,117,ask,YieldingYams,AverageAlmonds,6148608
2026-07-03T20:13:13.718300,2026-07-03T20:13:13.721380+00:00,115.6,12,bid,Xuanyu Liu,AverageAlmonds,6148610
2026-07-03T20:13:16.691299,2026-07-03T20:13:16.695583+00:00,115.4,23,ask,WavyWalnuts,Xuanyu Liu,6148657
2026-07-03T20:13:24.439690,2026-07-03T20:13:24.450159+00:00,115.2,200,ask,WavyWalnuts,YieldingYams,6148774
2026-07-03T20:13:25.302685,2026-07-03T20:13:25.314192+00:00,115.0,20,ask,YieldingYams,BrilliantBurritos,6148782
2026-07-03T20:13:25.747198,2026-07-03T20:13:25.755474+00:00,115.1,200,bid,YieldingYams,WavyWalnuts,6148791
2026-07-03T20:13:26.466508,2026-07-03T20:13:26.476849+00:00,115.4,200,ask,YieldingYams,WavyWalnuts,6148804
2026-07-03T20:13:27.084822,2026-07-03T20:13:27.087948+00:00,115.4,11,bid,Xuanyu Liu,YieldingYams,6148811
2026-07-03T20:13:29.339228,2026-07-03T20:13:29.343162+00:00,115.3,11,ask,WavyWalnuts,Xuanyu Liu,6148841
2026-07-03T20:13:31.335432,2026-07-03T20:13:31.347050+00:00,115.3,20,ask,WavyWalnuts,BrilliantBurritos,6148869
2026-07-03T20:13:36.156028,2026-07-03T20:13:36.164011+00:00,115.3,200,ask,YieldingYams,WavyWalnuts,6148938
2026-07-03T20:13:42.811733,2026-07-03T20:13:42.818263+00:00,115.1,200,ask,WavyWalnuts,YieldingYams,6149021
2026-07-03T20:13:42.846148,2026-07-03T20:13:42.858561+00:00,115.0,20,ask,AverageAlmonds,BrilliantBurritos,6149022
2026-07-03T20:13:43.977214,2026-07-03T20:13:43.984571+00:00,115.1,425,bid,AverageAlmonds,YieldingYams,6149035
2026-07-03T20:13:44.120831,2026-07-03T20:13:44.138787+00:00,115.2,200,bid,YieldingYams,WavyWalnuts,6149040
2026-07-03T20:13:44.135016,2026-07-03T20:13:44.138787+00:00,115.3,12,ask,YieldingYams,Xuanyu Liu,6149042
2026-07-03T20:13:47.061053,2026-07-03T20:13:47.069345+00:00,115.3,200,ask,YieldingYams,WavyWalnuts,6149082
2026-07-03T20:13:50.344087,2026-07-03T20:13:50.356471+00:00,115.5,20,bid,BrilliantBurritos,YieldingYams,6149131
2026-07-03T20:13:50.696249,2026-07-03T20:13:50.712859+00:00,115.4,200,ask,YieldingYams,WavyWalnuts,6149135
2026-07-03T20:13:53.115642,2026-07-03T20:13:53.124219+00:00,115.4,200,ask,AverageAlmonds,WavyWalnuts,6149163
2026-07-03T20:13:54.622259,2026-07-03T20:13:54.630145+00:00,115.4,500,ask,AverageAlmonds,YieldingYams,6149184
2026-07-03T20:13:54.622259,2026-07-03T20:13:54.635441+00:00,115.3,125,ask,WavyWalnuts,YieldingYams,6149185
2026-07-03T20:13:55.530642,2026-07-03T20:13:55.540921+00:00,115.3,200,ask,AverageAlmonds,WavyWalnuts,6149199
2026-07-03T20:13:56.380345,2026-07-03T20:13:56.388066+00:00,115.3,20,ask,YieldingYams,BrilliantBurritos,6149221
2026-07-03T20:13:57.500642,2026-07-03T20:13:57.512152+00:00,115.5,20,bid,BrilliantBurritos,WavyWalnuts,6149235
2026-07-03T20:13:57.807847,2026-07-03T20:13:57.811258+00:00,115.5,23,bid,Xuanyu Liu,WavyWalnuts,6149243
2026-07-03T20:13:57.946724,2026-07-03T20:13:57.958603+00:00,115.4,200,ask,YieldingYams,WavyWalnuts,6149249
2026-07-03T20:13:58.565250,2026-07-03T20:13:58.568691+00:00,115.4,12,bid,Xuanyu Liu,YieldingYams,6149258
2026-07-03T20:13:59.152414,2026-07-03T20:13:59.158580+00:00,115.4,200,bid,WavyWalnuts,YieldingYams,6149271
2026-07-03T20:13:59.992019,2026-07-03T20:13:59.998759+00:00,115.3,20,ask,AverageAlmonds,BrilliantBurritos,6149280
2026-07-03T20:14:01.472876,2026-07-03T20:14:01.484583+00:00,115.3,20,ask,AverageAlmonds,BrilliantBurritos,6149301
2026-07-03T20:14:02.788874,2026-07-03T20:14:02.795830+00:00,115.3,200,ask,YieldingYams,WavyWalnuts,6149321
2026-07-03T20:14:03.164785,2026-07-03T20:14:03.176556+00:00,115.3,20,ask,YieldingYams,BrilliantBurritos,6149325
2026-07-03T20:14:05.105366,2026-07-03T20:14:05.115725+00:00,115.3,200,bid,YieldingYams,WavyWalnuts,6149342
2026-07-03T20:14:06.416487,2026-07-03T20:14:06.426405+00:00,115.3,200,ask,YieldingYams,WavyWalnuts,6149355
2026-07-03T20:14:06.442157,2026-07-03T20:14:06.445594+00:00,115.2,14,bid,Xuanyu Liu,YieldingYams,6149357
2026-07-03T20:14:08.836051,2026-07-03T20:14:08.846280+00:00,115.1,200,ask,AverageAlmonds,WavyWalnuts,6149390
2026-07-03T20:14:09.059536,2026-07-03T20:14:09.069288+00:00,115.1,300,ask,AverageAlmonds,YieldingYams,6149393
2026-07-03T20:14:09.395766,2026-07-03T20:14:09.407051+00:00,115.1,325,bid,AverageAlmonds,YieldingYams,6149399
2026-07-03T20:14:09.420908,2026-07-03T20:14:09.424507+00:00,115.1,3,ask,AverageAlmonds,Xuanyu Liu,6149401
2026-07-03T20:14:12.479497,2026-07-03T20:14:12.482890+00:00,115.2,3,bid,Xuanyu Liu,WavyWalnuts,6149454
2026-07-03T20:14:13.676831,2026-07-03T20:14:13.684351+00:00,115.1,200,bid,WavyWalnuts,YieldingYams,6149473
2026-07-03T20:14:15.454194,2026-07-03T20:14:15.455162+00:00,115.1,500,bid,AverageAlmonds,YieldingYams,6149495
2026-07-03T20:14:16.096254,2026-07-03T20:14:16.106892+00:00,115.1,200,ask,AverageAlmonds,WavyWalnuts,6149503
2026-07-03T20:14:18.236598,2026-07-03T20:14:18.245225+00:00,115.1,500,ask,AverageAlmonds,YieldingYams,6149541
2026-07-03T20:14:18.484004,2026-07-03T20:14:18.489041+00:00,115.1,125,bid,AverageAlmonds,YieldingYams,6149542
2026-07-03T20:14:19.543982,2026-07-03T20:14:19.551335+00:00,115.2,200,bid,YieldingYams,WavyWalnuts,6149555
2026-07-03T20:14:19.722660,2026-07-03T20:14:19.730056+00:00,115.2,200,ask,YieldingYams,WavyWalnuts,6149556
2026-07-03T20:14:20.859039,2026-07-03T20:14:20.880793+00:00,115.2,500,ask,AverageAlmonds,YieldingYams,6149570
2026-07-03T20:14:20.892665,2026-07-03T20:14:20.901387+00:00,115.1,125,bid,AverageAlmonds,YieldingYams,6149575
2026-07-03T20:14:20.943359,2026-07-03T20:14:20.946733+00:00,115.5,3,ask,WavyWalnuts,Xuanyu Liu,6149577
2026-07-03T20:14:22.021718,2026-07-03T20:14:22.025367+00:00,115.7,3,bid,Xuanyu Liu,WavyWalnuts,6149590
2026-07-03T20:14:22.169062,2026-07-03T20:14:22.179232+00:00,115.5,200,ask,WavyWalnuts,YieldingYams,6149594
2026-07-03T20:14:22.169062,2026-07-03T20:14:22.179232+00:00,115.4,425,ask,AverageAlmonds,YieldingYams,6149595
2026-07-03T20:14:23.480089,2026-07-03T20:14:23.487731+00:00,115.6,200,bid,YieldingYams,WavyWalnuts,6149612
2026-07-03T20:14:24.563227,2026-07-03T20:14:24.574308+00:00,115.6,200,ask,YieldingYams,WavyWalnuts,6149627
2026-07-03T20:14:26.240752,2026-07-03T20:14:26.244158+00:00,115.7,3,bid,Xuanyu Liu,WavyWalnuts,6149656
2026-07-03T20:14:28.220475,2026-07-03T20:14:28.224741+00:00,115.6,11,bid,Xuanyu Liu,WavyWalnuts,6149679
2026-07-03T20:14:28.731879,2026-07-03T20:14:28.738444+00:00,115.6,189,bid,YieldingYams,WavyWalnuts,6149685
2026-07-03T20:14:29.411296,2026-07-03T20:14:29.419825+00:00,115.7,200,ask,YieldingYams,WavyWalnuts,6149694
2026-07-03T20:14:33.050073,2026-07-03T20:14:33.057148+00:00,115.8,200,bid,WavyWalnuts,YieldingYams,6149744
2026-07-03T20:14:33.987740,2026-07-03T20:14:34.007233+00:00,115.6,500,ask,AverageAlmonds,YieldingYams,6149754
2026-07-03T20:14:34.003791,2026-07-03T20:14:34.007233+00:00,115.6,8,bid,Xuanyu Liu,YieldingYams,6149756
2026-07-03T20:14:34.203581,2026-07-03T20:14:34.212424+00:00,115.6,117,bid,AverageAlmonds,YieldingYams,6149757
2026-07-03T20:14:35.415973,2026-07-03T20:14:35.424216+00:00,115.8,500,bid,AverageAlmonds,YieldingYams,6149777
2026-07-03T20:14:36.013286,2026-07-03T20:14:36.016191+00:00,115.8,125,bid,AverageAlmonds,YieldingYams,6149784
2026-07-03T20:14:36.074041,2026-07-03T20:14:36.078115+00:00,115.8,8,ask,AverageAlmonds,Xuanyu Liu,6149787
2026-07-03T20:14:36.610694,2026-07-03T20:14:36.630810+00:00,115.9,200,bid,YieldingYams,WavyWalnuts,6149796
2026-07-03T20:14:36.627199,2026-07-03T20:14:36.630810+00:00,115.9,11,ask,YieldingYams,Xuanyu Liu,6149798
2026-07-03T20:14:36.676094,2026-07-03T20:14:36.683472+00:00,115.9,200,ask,YieldingYams,WavyWalnuts,6149799
2026-07-03T20:14:45.841301,2026-07-03T20:14:45.851125+00:00,116.2,500,bid,YieldingYams,AverageAlmonds,6149911
2026-07-03T20:14:46.325223,2026-07-03T20:14:46.332637+00:00,116.2,125,ask,YieldingYams,AverageAlmonds,6149914
2026-07-03T20:14:46.368981,2026-07-03T20:14:46.378441+00:00,116.2,200,bid,WavyWalnuts,AverageAlmonds,6149916
2026-07-03T20:14:47.577329,2026-07-03T20:14:47.586955+00:00,116.1,200,bid,WavyWalnuts,YieldingYams,6149937
2026-07-03T20:14:49.776695,2026-07-03T20:14:49.786340+00:00,116.2,200,bid,YieldingYams,WavyWalnuts,6149972
2026-07-03T20:14:49.776695,2026-07-03T20:14:49.786340+00:00,116.2,425,bid,YieldingYams,AverageAlmonds,6149973
2026-07-03T20:14:51.090845,2026-07-03T20:14:51.099078+00:00,116.1,200,bid,YieldingYams,WavyWalnuts,6149992
2026-07-03T20:14:51.133691,2026-07-03T20:14:51.141968+00:00,116.2,20,bid,BrilliantBurritos,AverageAlmonds,6149994
2026-07-03T20:14:53.630650,2026-07-03T20:14:53.641395+00:00,116.1,200,bid,WavyWalnuts,YieldingYams,6150030
2026-07-03T20:14:56.346967,2026-07-03T20:14:56.357774+00:00,116.1,200,bid,YieldingYams,WavyWalnuts,6150062
2026-07-03T20:14:57.660784,2026-07-03T20:14:57.669121+00:00,116.1,200,ask,WavyWalnuts,YieldingYams,6150077
2026-07-03T20:14:57.909610,2026-07-03T20:14:57.913222+00:00,116.1,23,bid,Xuanyu Liu,YieldingYams,6150084
2026-07-03T20:14:58.675444,2026-07-03T20:14:58.687051+00:00,116.0,20,ask,WavyWalnuts,BrilliantBurritos,6150096
2026-07-03T20:15:00.295988,2026-07-03T20:15:00.299718+00:00,116.3,23,ask,YieldingYams,Xuanyu Liu,6150114
2026-07-03T20:15:00.873863,2026-07-03T20:15:00.884415+00:00,116.3,500,ask,YieldingYams,AverageAlmonds,6150126
2026-07-03T20:15:01.467088,2026-07-03T20:15:01.474550+00:00,116.3,102,ask,YieldingYams,AverageAlmonds,6150131
2026-07-03T20:15:01.467088,2026-07-03T20:15:01.480113+00:00,116.3,200,ask,WavyWalnuts,AverageAlmonds,6150132
2026-07-03T20:15:02.104428,2026-07-03T20:15:02.110708+00:00,116.2,200,bid,WavyWalnuts,YieldingYams,6150140
2026-07-03T20:15:02.900684,2026-07-03T20:15:02.911053+00:00,116.2,500,bid,YieldingYams,AverageAlmonds,6150147
2026-07-03T20:15:03.275432,2026-07-03T20:15:03.286064+00:00,116.2,125,ask,YieldingYams,AverageAlmonds,6150152
2026-07-03T20:15:04.214525,2026-07-03T20:15:04.224507+00:00,115.9,200,ask,WavyWalnuts,YieldingYams,6150162
2026-07-03T20:15:04.231263,2026-07-03T20:15:04.234960+00:00,115.9,11,bid,Xuanyu Liu,YieldingYams,6150164
2026-07-03T20:15:04.522473,2026-07-03T20:15:04.531365+00:00,115.9,200,bid,WavyWalnuts,YieldingYams,6150169
2026-07-03T20:15:05.541234,2026-07-03T20:15:05.545248+00:00,116.0,14,ask,YieldingYams,Xuanyu Liu,6150187
2026-07-03T20:15:05.733320,2026-07-03T20:15:05.740278+00:00,116.0,200,ask,YieldingYams,WavyWalnuts,6150189
2026-07-03T20:15:10.806281,2026-07-03T20:15:10.818042+00:00,115.9,20,ask,WavyWalnuts,BrilliantBurritos,6150255
2026-07-03T20:15:11.780615,2026-07-03T20:15:11.790516+00:00,115.9,200,ask,YieldingYams,WavyWalnuts,6150266
2026-07-03T20:15:12.986835,2026-07-03T20:15:12.995106+00:00,115.9,200,ask,YieldingYams,WavyWalnuts,6150274
2026-07-03T20:15:16.000362,2026-07-03T20:15:16.009118+00:00,116.0,200,bid,YieldingYams,WavyWalnuts,6150314
2026-07-03T20:15:17.517214,2026-07-03T20:15:17.528778+00:00,115.9,20,bid,BrilliantBurritos,YieldingYams,6150339
2026-07-03T20:15:19.047782,2026-07-03T20:15:19.058628+00:00,115.8,200,bid,WavyWalnuts,YieldingYams,6150363
2026-07-03T20:15:19.881436,2026-07-03T20:15:19.893206+00:00,115.6,20,ask,YieldingYams,BrilliantBurritos,6150375
2026-07-03T20:15:19.927171,2026-07-03T20:15:19.936830+00:00,116.0,200,bid,YieldingYams,WavyWalnuts,6150377
2026-07-03T20:15:20.257432,2026-07-03T20:15:20.268776+00:00,116.0,200,ask,YieldingYams,WavyWalnuts,6150385
2026-07-03T20:15:22.568089,2026-07-03T20:15:22.575163+00:00,115.9,20,ask,WavyWalnuts,BrilliantBurritos,6150414
2026-07-03T20:15:23.267207,2026-07-03T20:15:23.270882+00:00,115.8,26,ask,YieldingYams,Xuanyu Liu,6150424
2026-07-03T20:15:23.875392,2026-07-03T20:15:23.878958+00:00,115.9,11,ask,YieldingYams,Xuanyu Liu,6150434
2026-07-03T20:15:27.781679,2026-07-03T20:15:27.790827+00:00,115.8,500,ask,AverageAlmonds,YieldingYams,6150486
2026-07-03T20:15:28.074771,2026-07-03T20:15:28.080953+00:00,115.8,125,bid,AverageAlmonds,YieldingYams,6150491
2026-07-03T20:15:29.087623,2026-07-03T20:15:29.096470+00:00,115.9,200,bid,YieldingYams,WavyWalnuts,6150510
2026-07-03T20:15:29.957736,2026-07-03T20:15:29.969375+00:00,116.0,200,ask,YieldingYams,WavyWalnuts,6150526
2026-07-03T20:15:30.400301,2026-07-03T20:15:30.411202+00:00,115.9,500,ask,AverageAlmonds,YieldingYams,6150530
2026-07-03T20:15:30.418113,2026-07-03T20:15:30.421564+00:00,115.8,23,bid,Xuanyu Liu,YieldingYams,6150535
2026-07-03T20:15:30.489258,2026-07-03T20:15:30.498126+00:00,115.8,102,bid,AverageAlmonds,YieldingYams,6150536
2026-07-03T20:15:31.609692,2026-07-03T20:15:31.621548+00:00,115.9,20,ask,AverageAlmonds,BrilliantBurritos,6150558
2026-07-03T20:15:32.377649,2026-07-03T20:15:32.385419+00:00,115.9,200,ask,YieldingYams,WavyWalnuts,6150565
2026-07-03T20:15:37.215621,2026-07-03T20:15:37.225636+00:00,116.2,200,bid,WavyWalnuts,YieldingYams,6150631
2026-07-03T20:15:39.560532,2026-07-03T20:15:39.570878+00:00,116.3,200,ask,WavyWalnuts,YieldingYams,6150657
2026-07-03T20:15:40.849088,2026-07-03T20:15:40.858606+00:00,116.3,200,bid,WavyWalnuts,YieldingYams,6150673
2026-07-03T20:15:42.177188,2026-07-03T20:15:42.185404+00:00,116.3,200,ask,WavyWalnuts,YieldingYams,6150690
2026-07-03T20:15:50.206616,2026-07-03T20:15:50.217990+00:00,116.1,20,ask,YieldingYams,BrilliantBurritos,6150801
2026-07-03T20:15:50.527598,2026-07-03T20:15:50.538548+00:00,116.1,200,ask,YieldingYams,WavyWalnuts,6150812
2026-07-03T20:15:51.738890,2026-07-03T20:15:51.747992+00:00,116.2,200,bid,WavyWalnuts,YieldingYams,6150834
2026-07-03T20:15:52.088296,2026-07-03T20:15:52.100044+00:00,116.0,20,ask,YieldingYams,BrilliantBurritos,6150842
2026-07-03T20:15:52.947833,2026-07-03T20:15:52.958597+00:00,116.1,200,bid,WavyWalnuts,YieldingYams,6150852
2026-07-03T20:15:54.158918,2026-07-03T20:15:54.169962+00:00,116.1,200,bid,WavyWalnuts,YieldingYams,6150869
2026-07-03T20:16:01.212349,2026-07-03T20:16:01.215952+00:00,116.0,12,ask,WavyWalnuts,Xuanyu Liu,6150961
2026-07-03T20:16:07.483925,2026-07-03T20:16:07.493814+00:00,116.0,200,bid,WavyWalnuts,YieldingYams,6151036
2026-07-03T20:16:08.650209,2026-07-03T20:16:08.660163+00:00,115.9,500,ask,YieldingYams,AverageAlmonds,6151051
2026-07-03T20:16:09.247640,2026-07-03T20:16:09.258593+00:00,116.1,200,ask,WavyWalnuts,AverageAlmonds,6151057
2026-07-03T20:16:09.247640,2026-07-03T20:16:09.258593+00:00,115.9,125,ask,YieldingYams,AverageAlmonds,6151058
2026-07-03T20:16:09.901849,2026-07-03T20:16:09.909771+00:00,115.8,200,bid,WavyWalnuts,YieldingYams,6151076
2026-07-03T20:16:10.694158,2026-07-03T20:16:10.697967+00:00,115.6,34,ask,YieldingYams,Xuanyu Liu,6151089
2026-07-03T20:16:11.125678,2026-07-03T20:16:11.128774+00:00,115.7,11,ask,WavyWalnuts,Xuanyu Liu,6151102
2026-07-03T20:16:12.783485,2026-07-03T20:16:12.787145+00:00,115.8,11,bid,Xuanyu Liu,WavyWalnuts,6151133
2026-07-03T20:16:13.618308,2026-07-03T20:16:13.625648+00:00,115.6,200,ask,WavyWalnuts,YieldingYams,6151143
2026-07-03T20:16:13.636146,2026-07-03T20:16:13.639486+00:00,115.6,23,bid,Xuanyu Liu,YieldingYams,6151146
2026-07-03T20:16:17.543847,2026-07-03T20:16:17.558557+00:00,115.6,200,ask,WavyWalnuts,YieldingYams,6151196
2026-07-03T20:16:19.574925,2026-07-03T20:16:19.584900+00:00,115.6,200,bid,WavyWalnuts,YieldingYams,6151226
2026-07-03T20:16:21.989846,2026-07-03T20:16:22.000603+00:00,115.6,200,bid,WavyWalnuts,YieldingYams,6151256
2026-07-03T20:16:23.354042,2026-07-03T20:16:23.358741+00:00,115.5,12,ask,YieldingYams,Xuanyu Liu,6151273
2026-07-03T20:16:29.345443,2026-07-03T20:16:29.358588+00:00,115.6,200,ask,WavyWalnuts,YieldingYams,6151348
2026-07-03T20:16:31.966947,2026-07-03T20:16:31.976170+00:00,115.5,200,ask,WavyWalnuts,YieldingYams,6151393
2026-07-03T20:16:32.883934,2026-07-03T20:16:32.890506+00:00,115.5,200,bid,WavyWalnuts,YieldingYams,6151406
2026-07-03T20:16:34.584995,2026-07-03T20:16:34.592017+00:00,115.7,200,bid,YieldingYams,WavyWalnuts,6151431
2026-07-03T20:16:35.951640,2026-07-03T20:16:35.955189+00:00,115.6,35,bid,Xuanyu Liu,YieldingYams,6151449
2026-07-03T20:16:36.465174,2026-07-03T20:16:36.475286+00:00,115.6,500,bid,AverageAlmonds,YieldingYams,6151454
2026-07-03T20:16:37.065737,2026-07-03T20:16:37.072722+00:00,115.6,90,bid,AverageAlmonds,YieldingYams,6151456
2026-07-03T20:16:38.110014,2026-07-03T20:16:38.121477+00:00,115.7,20,bid,BrilliantBurritos,WavyWalnuts,6151475
2026-07-03T20:16:39.824583,2026-07-03T20:16:39.835533+00:00,115.7,200,ask,WavyWalnuts,YieldingYams,6151497
2026-07-03T20:16:39.824583,2026-07-03T20:16:39.835533+00:00,115.7,425,ask,AverageAlmonds,YieldingYams,6151498
2026-07-03T20:16:40.716384,2026-07-03T20:16:40.726737+00:00,115.8,200,bid,AverageAlmonds,WavyWalnuts,6151511
2026-07-03T20:16:40.759711,2026-07-03T20:16:40.763829+00:00,115.8,12,ask,AverageAlmonds,Xuanyu Liu,6151517
2026-07-03T20:16:41.133646,2026-07-03T20:16:41.144858+00:00,115.8,288,ask,AverageAlmonds,YieldingYams,6151519
2026-07-03T20:16:41.248725,2026-07-03T20:16:41.252223+00:00,115.8,12,bid,Xuanyu Liu,YieldingYams,6151523
2026-07-03T20:16:41.374540,2026-07-03T20:16:41.381147+00:00,115.7,200,ask,AverageAlmonds,WavyWalnuts,6151525
2026-07-03T20:16:41.916922,2026-07-03T20:16:41.925611+00:00,115.8,325,bid,AverageAlmonds,YieldingYams,6151534
2026-07-03T20:16:42.582545,2026-07-03T20:16:42.589203+00:00,116.0,200,ask,YieldingYams,WavyWalnuts,6151539
2026-07-03T20:16:43.796286,2026-07-03T20:16:43.806898+00:00,115.9,200,ask,YieldingYams,WavyWalnuts,6151558
2026-07-03T20:16:45.017685,2026-07-03T20:16:45.020811+00:00,116.0,14,bid,Xuanyu Liu,WavyWalnuts,6151575
2026-07-03T20:16:48.732392,2026-07-03T20:16:48.744154+00:00,116.0,20,bid,BrilliantBurritos,YieldingYams,6151623
2026-07-03T20:16:49.840059,2026-07-03T20:16:49.848923+00:00,116.0,200,bid,WavyWalnuts,YieldingYams,6151639
2026-07-03T20:16:50.761280,2026-07-03T20:16:50.772723+00:00,115.8,20,ask,AverageAlmonds,BrilliantBurritos,6151649
2026-07-03T20:16:51.048928,2026-07-03T20:16:51.058599+00:00,115.9,200,bid,WavyWalnuts,YieldingYams,6151659
2026-07-03T20:16:51.616969,2026-07-03T20:16:51.623846+00:00,115.9,425,bid,AverageAlmonds,YieldingYams,6151663
2026-07-03T20:16:51.823850,2026-07-03T20:16:51.827248+00:00,116.0,14,ask,YieldingYams,Xuanyu Liu,6151672
2026-07-03T20:16:52.246970,2026-07-03T20:16:52.258579+00:00,116.0,20,ask,YieldingYams,BrilliantBurritos,6151679
2026-07-03T20:16:52.262063,2026-07-03T20:16:52.269704+00:00,116.0,200,ask,YieldingYams,WavyWalnuts,6151681
2026-07-03T20:16:53.472354,2026-07-03T20:16:53.480431+00:00,115.9,200,ask,YieldingYams,WavyWalnuts,6151693
2026-07-03T20:16:54.279964,2026-07-03T20:16:54.283413+00:00,115.9,10,bid,Xuanyu Liu,YieldingYams,6151709
2026-07-03T20:16:55.237001,2026-07-03T20:16:55.247994+00:00,115.9,500,bid,AverageAlmonds,YieldingYams,6151724
2026-07-03T20:16:55.851299,2026-07-03T20:16:55.858586+00:00,115.9,200,bid,AverageAlmonds,WavyWalnuts,6151732
2026-07-03T20:16:55.892898,2026-07-03T20:16:55.901429+00:00,115.9,200,ask,AverageAlmonds,WavyWalnuts,6151733
2026-07-03T20:16:58.189842,2026-07-03T20:16:58.201218+00:00,115.9,200,ask,WavyWalnuts,YieldingYams,6151761
2026-07-03T20:16:58.307032,2026-07-03T20:16:58.315367+00:00,115.8,200,ask,AverageAlmonds,WavyWalnuts,6151766
2026-07-03T20:16:59.887003,2026-07-03T20:16:59.898816+00:00,115.9,20,bid,BrilliantBurritos,WavyWalnuts,6151791
2026-07-03T20:17:01.948239,2026-07-03T20:17:01.958596+00:00,115.9,200,ask,AverageAlmonds,WavyWalnuts,6151815
2026-07-03T20:17:04.428141,2026-07-03T20:17:04.432644+00:00,116.0,1,bid,Xuanyu Liu,YieldingYams,6151852
2026-07-03T20:17:06.065003,2026-07-03T20:17:06.069022+00:00,115.9,3,bid,Xuanyu Liu,YieldingYams,6151877
2026-07-03T20:17:06.794379,2026-07-03T20:17:06.803363+00:00,115.9,200,bid,WavyWalnuts,YieldingYams,6151889
2026-07-03T20:17:08.006640,2026-07-03T20:17:08.013656+00:00,116.0,200,ask,YieldingYams,WavyWalnuts,6151904
2026-07-03T20:17:10.846158,2026-07-03T20:17:10.855932+00:00,115.9,20,ask,YieldingYams,BrilliantBurritos,6151966
2026-07-03T20:17:11.635262,2026-07-03T20:17:11.644330+00:00,116.0,200,bid,WavyWalnuts,YieldingYams,6151976
2026-07-03T20:17:13.907563,2026-07-03T20:17:13.914774+00:00,116.0,200,ask,WavyWalnuts,YieldingYams,6152000
2026-07-03T20:17:15.262994,2026-07-03T20:17:15.274301+00:00,115.9,200,ask,YieldingYams,WavyWalnuts,6152015
2026-07-03T20:17:15.941995,2026-07-03T20:17:15.953530+00:00,116.1,20,bid,BrilliantBurritos,YieldingYams,6152028
2026-07-03T20:17:17.264850,2026-07-03T20:17:17.275831+00:00,115.9,20,ask,WavyWalnuts,BrilliantBurritos,6152046
2026-07-03T20:17:20.116887,2026-07-03T20:17:20.124907+00:00,116.0,200,ask,YieldingYams,WavyWalnuts,6152097
2026-07-03T20:17:21.326603,2026-07-03T20:17:21.337942+00:00,116.0,200,bid,WavyWalnuts,YieldingYams,6152114
2026-07-03T20:17:22.539504,2026-07-03T20:17:22.548096+00:00,115.9,200,bid,WavyWalnuts,YieldingYams,6152127
2026-07-03T20:17:23.094021,2026-07-03T20:17:23.102707+00:00,115.9,425,bid,AverageAlmonds,YieldingYams,6152134
2026-07-03T20:17:23.124625,2026-07-03T20:17:23.128852+00:00,116.1,3,ask,YieldingYams,Xuanyu Liu,6152137
2026-07-03T20:17:24.969478,2026-07-03T20:17:24.980747+00:00,116.1,200,ask,YieldingYams,WavyWalnuts,6152161
2026-07-03T20:17:27.321369,2026-07-03T20:17:27.329943+00:00,116.2,20,bid,BrilliantBurritos,WavyWalnuts,6152193
2026-07-03T20:17:29.657499,2026-07-03T20:17:29.668844+00:00,116.2,200,ask,WavyWalnuts,YieldingYams,6152227
2026-07-03T20:17:29.731837,2026-07-03T20:17:29.735471+00:00,116.2,3,bid,Xuanyu Liu,YieldingYams,6152233
2026-07-03T20:17:29.956359,2026-07-03T20:17:29.968219+00:00,116.0,20,ask,YieldingYams,BrilliantBurritos,6152238
2026-07-03T20:17:32.281312,2026-07-03T20:17:32.290238+00:00,116.1,200,ask,YieldingYams,WavyWalnuts,6152266
2026-07-03T20:17:33.491288,2026-07-03T20:17:33.499015+00:00,116.1,200,ask,AverageAlmonds,WavyWalnuts,6152276
2026-07-03T20:17:37.120029,2026-07-03T20:17:37.130736+00:00,116.1,200,ask,AverageAlmonds,WavyWalnuts,6152326
2026-07-03T20:17:37.518309,2026-07-03T20:17:37.529375+00:00,116.1,300,ask,AverageAlmonds,YieldingYams,6152327
2026-07-03T20:17:37.609527,2026-07-03T20:17:37.617285+00:00,116.0,325,bid,AverageAlmonds,YieldingYams,6152328
2026-07-03T20:17:40.759439,2026-07-03T20:17:40.769104+00:00,116.1,200,ask,YieldingYams,WavyWalnuts,6152377
2026-07-03T20:17:41.966791,2026-07-03T20:17:41.973987+00:00,116.2,200,ask,YieldingYams,WavyWalnuts,6152392
2026-07-03T20:17:44.064700,2026-07-03T20:17:44.071400+00:00,116.2,200,ask,WavyWalnuts,YieldingYams,6152417
2026-07-03T20:17:44.866055,2026-07-03T20:17:44.876558+00:00,116.2,20,bid,BrilliantBurritos,YieldingYams,6152426
2026-07-03T20:17:45.510756,2026-07-03T20:17:45.519170+00:00,116.2,200,bid,AverageAlmonds,WavyWalnuts,6152437
2026-07-03T20:17:45.600145,2026-07-03T20:17:45.611890+00:00,116.2,200,ask,AverageAlmonds,WavyWalnuts,6152440
2026-07-03T20:17:45.608535,2026-07-03T20:17:45.611890+00:00,116.2,14,ask,AverageAlmonds,Xuanyu Liu,6152442
2026-07-03T20:17:46.822176,2026-07-03T20:17:46.825670+00:00,116.3,12,ask,WavyWalnuts,Xuanyu Liu,6152460
2026-07-03T20:17:48.588327,2026-07-03T20:17:48.599870+00:00,116.3,20,ask,YieldingYams,BrilliantBurritos,6152481
2026-07-03T20:17:48.710528,2026-07-03T20:17:48.714260+00:00,116.5,12,bid,Xuanyu Liu,WavyWalnuts,6152485
2026-07-03T20:17:50.443160,2026-07-03T20:17:50.458766+00:00,116.5,200,bid,WavyWalnuts,YieldingYams,6152507
2026-07-03T20:17:51.653200,2026-07-03T20:17:51.658618+00:00,116.5,200,bid,WavyWalnuts,YieldingYams,6152518
2026-07-03T20:17:54.122687,2026-07-03T20:17:54.134186+00:00,116.4,20,ask,YieldingYams,BrilliantBurritos,6152556
2026-07-03T20:17:56.489208,2026-07-03T20:17:56.495819+00:00,116.5,200,ask,YieldingYams,WavyWalnuts,6152581
2026-07-03T20:17:57.165221,2026-07-03T20:17:57.168558+00:00,116.5,14,bid,Xuanyu Liu,YieldingYams,6152591
2026-07-03T20:18:00.118594,2026-07-03T20:18:00.124783+00:00,116.4,200,ask,YieldingYams,WavyWalnuts,6152624
2026-07-03T20:18:03.695077,2026-07-03T20:18:03.705762+00:00,116.4,200,ask,WavyWalnuts,YieldingYams,6152658
2026-07-03T20:18:06.310506,2026-07-03T20:18:06.318237+00:00,116.4,200,bid,YieldingYams,WavyWalnuts,6152691
2026-07-03T20:18:07.367343,2026-07-03T20:18:07.374418+00:00,116.4,200,ask,YieldingYams,WavyWalnuts,6152700
2026-07-03T20:18:10.849875,2026-07-03T20:18:10.863631+00:00,116.1,20,ask,YieldingYams,BrilliantBurritos,6152747
2026-07-03T20:18:14.611605,2026-07-03T20:18:14.621032+00:00,116.3,200,bid,WavyWalnuts,YieldingYams,6152800
2026-07-03T20:18:15.818679,2026-07-03T20:18:15.825351+00:00,116.3,200,bid,WavyWalnuts,AverageAlmonds,6152820
2026-07-03T20:18:17.025987,2026-07-03T20:18:17.035659+00:00,116.3,200,bid,WavyWalnuts,YieldingYams,6152833
2026-07-03T20:18:18.232686,2026-07-03T20:18:18.239323+00:00,116.3,200,bid,WavyWalnuts,YieldingYams,6152849
2026-07-03T20:18:18.304017,2026-07-03T20:18:18.315576+00:00,116.3,20,bid,BrilliantBurritos,YieldingYams,6152851
2026-07-03T20:18:19.414867,2026-07-03T20:18:19.425088+00:00,116.3,500,bid,YieldingYams,AverageAlmonds,6152860
2026-07-03T20:18:19.995441,2026-07-03T20:18:20.003873+00:00,116.3,125,ask,YieldingYams,AverageAlmonds,6152868
2026-07-03T20:18:19.995441,2026-07-03T20:18:20.003873+00:00,116.2,200,ask,WavyWalnuts,AverageAlmonds,6152869
2026-07-03T20:18:20.656015,2026-07-03T20:18:20.659331+00:00,116.1,3,bid,Xuanyu Liu,AverageAlmonds,6152882
2026-07-03T20:18:20.726622,2026-07-03T20:18:20.733818+00:00,116.0,200,ask,WavyWalnuts,YieldingYams,6152883
2026-07-03T20:18:20.746034,2026-07-03T20:18:20.749356+00:00,116.0,11,bid,Xuanyu Liu,YieldingYams,6152885
2026-07-03T20:18:25.493607,2026-07-03T20:18:25.502049+00:00,116.1,200,bid,WavyWalnuts,YieldingYams,6152951
2026-07-03T20:18:25.775019,2026-07-03T20:18:25.786743+00:00,115.8,20,ask,YieldingYams,BrilliantBurritos,6152953
2026-07-03T20:18:29.112345,2026-07-03T20:18:29.122373+00:00,115.7,20,ask,WavyWalnuts,BrilliantBurritos,6153000
2026-07-03T20:18:29.881181,2026-07-03T20:18:29.884693+00:00,115.7,11,ask,YieldingYams,Xuanyu Liu,6153011
2026-07-03T20:18:31.226035,2026-07-03T20:18:31.245226+00:00,115.8,200,bid,YieldingYams,WavyWalnuts,6153027
2026-07-03T20:18:31.242105,2026-07-03T20:18:31.245226+00:00,115.9,3,ask,YieldingYams,Xuanyu Liu,6153031
2026-07-03T20:18:31.564198,2026-07-03T20:18:31.574440+00:00,115.9,200,ask,YieldingYams,WavyWalnuts,6153036
2026-07-03T20:18:33.351888,2026-07-03T20:18:33.356025+00:00,115.9,20,bid,BrilliantBurritos,WavyWalnuts,6153065
2026-07-03T20:18:34.542194,2026-07-03T20:18:34.550100+00:00,115.9,200,bid,AverageAlmonds,WavyWalnuts,6153082
2026-07-03T20:18:36.475716,2026-07-03T20:18:36.485232+00:00,115.9,200,ask,WavyWalnuts,YieldingYams,6153110
2026-07-03T20:18:38.462990,2026-07-03T20:18:38.474349+00:00,115.8,20,ask,WavyWalnuts,BrilliantBurritos,6153134
2026-07-03T20:18:40.029179,2026-07-03T20:18:40.039776+00:00,116.0,200,ask,YieldingYams,WavyWalnuts,6153157
2026-07-03T20:18:43.027724,2026-07-03T20:18:43.038990+00:00,115.8,200,ask,WavyWalnuts,YieldingYams,6153183
2026-07-03T20:18:43.027724,2026-07-03T20:18:43.038990+00:00,115.8,425,ask,AverageAlmonds,YieldingYams,6153184
2026-07-03T20:18:46.100721,2026-07-03T20:18:46.107239+00:00,116.0,200,ask,YieldingYams,WavyWalnuts,6153229
2026-07-03T20:18:47.269445,2026-07-03T20:18:47.290597+00:00,116.2,20,bid,BrilliantBurritos,YieldingYams,6153240
2026-07-03T20:18:47.308911,2026-07-03T20:18:47.315497+00:00,116.0,200,ask,AverageAlmonds,WavyWalnuts,6153241
2026-07-03T20:18:49.572353,2026-07-03T20:18:49.582832+00:00,116.0,200,ask,WavyWalnuts,YieldingYams,6153268
2026-07-03T20:18:49.572353,2026-07-03T20:18:49.582832+00:00,115.9,425,ask,AverageAlmonds,YieldingYams,6153269
2026-07-03T20:18:50.946559,2026-07-03T20:18:50.950198+00:00,116.1,3,ask,YieldingYams,Xuanyu Liu,6153289
2026-07-03T20:18:51.897674,2026-07-03T20:18:51.909483+00:00,116.1,20,ask,YieldingYams,BrilliantBurritos,6153302
2026-07-03T20:18:52.142399,2026-07-03T20:18:52.153902+00:00,116.1,200,ask,YieldingYams,WavyWalnuts,6153306
2026-07-03T20:18:55.783170,2026-07-03T20:18:55.786317+00:00,116.1,3,bid,Xuanyu Liu,WavyWalnuts,6153350
2026-07-03T20:18:58.027595,2026-07-03T20:18:58.039306+00:00,116.3,20,bid,BrilliantBurritos,WavyWalnuts,6153370
2026-07-03T20:18:58.794099,2026-07-03T20:18:58.801557+00:00,116.2,200,bid,YieldingYams,WavyWalnuts,6153380
2026-07-03T20:19:00.109123,2026-07-03T20:19:00.118342+00:00,116.2,200,ask,WavyWalnuts,YieldingYams,6153398
2026-07-03T20:19:01.416206,2026-07-03T20:19:01.424786+00:00,116.2,200,bid,YieldingYams,WavyWalnuts,6153414
2026-07-03T20:19:01.814673,2026-07-03T20:19:01.826121+00:00,116.4,20,bid,BrilliantBurritos,YieldingYams,6153419
2026-07-03T20:19:01.827916,2026-07-03T20:19:01.836853+00:00,116.2,200,ask,YieldingYams,WavyWalnuts,6153420
2026-07-03T20:19:02.178173,2026-07-03T20:19:02.187118+00:00,116.4,20,bid,BrilliantBurritos,YieldingYams,6153428
2026-07-03T20:19:06.170898,2026-07-03T20:19:06.182731+00:00,116.1,20,bid,BrilliantBurritos,YieldingYams,6153484
2026-07-03T20:19:06.854375,2026-07-03T20:19:06.867080+00:00,115.9,20,ask,YieldingYams,BrilliantBurritos,6153497
2026-07-03T20:19:09.107811,2026-07-03T20:19:09.119214+00:00,115.9,200,bid,WavyWalnuts,YieldingYams,6153526
2026-07-03T20:19:10.322976,2026-07-03T20:19:10.331661+00:00,116.0,200,bid,WavyWalnuts,YieldingYams,6153539
2026-07-03T20:19:13.198310,2026-07-03T20:19:13.209393+00:00,115.9,200,ask,WavyWalnuts,YieldingYams,6153580
2026-07-03T20:19:15.815481,2026-07-03T20:19:15.822254+00:00,115.8,200,bid,YieldingYams,WavyWalnuts,6153610
2026-07-03T20:19:18.435335,2026-07-03T20:19:18.442550+00:00,115.9,200,bid,YieldingYams,WavyWalnuts,6153648
2026-07-03T20:19:21.053361,2026-07-03T20:19:21.064004+00:00,115.8,200,ask,WavyWalnuts,YieldingYams,6153673
2026-07-03T20:19:21.053361,2026-07-03T20:19:21.064004+00:00,115.7,425,ask,AverageAlmonds,YieldingYams,6153674
2026-07-03T20:19:22.361995,2026-07-03T20:19:22.370395+00:00,115.8,200,bid,YieldingYams,WavyWalnuts,6153690
2026-07-03T20:19:22.479225,2026-07-03T20:19:22.488150+00:00,115.9,200,ask,YieldingYams,WavyWalnuts,6153693
2026-07-03T20:19:23.720633,2026-07-03T20:19:23.732332+00:00,115.8,20,ask,AverageAlmonds,BrilliantBurritos,6153719
2026-07-03T20:19:26.832263,2026-07-03T20:19:26.835913+00:00,115.7,3,ask,YieldingYams,Xuanyu Liu,6153765
2026-07-03T20:19:27.663777,2026-07-03T20:19:27.667700+00:00,115.8,11,ask,YieldingYams,Xuanyu Liu,6153779
2026-07-03T20:19:28.535578,2026-07-03T20:19:28.543895+00:00,115.8,200,ask,YieldingYams,WavyWalnuts,6153795
2026-07-03T20:19:30.964069,2026-07-03T20:19:30.967501+00:00,115.9,11,bid,Xuanyu Liu,WavyWalnuts,6153828
2026-07-03T20:19:34.193794,2026-07-03T20:19:34.204832+00:00,116.0,200,ask,WavyWalnuts,YieldingYams,6153869
2026-07-03T20:19:35.502498,2026-07-03T20:19:35.509671+00:00,115.9,200,bid,YieldingYams,WavyWalnuts,6153884
2026-07-03T20:19:39.496289,2026-07-03T20:19:39.500024+00:00,116.0,3,bid,Xuanyu Liu,WavyWalnuts,6153934
2026-07-03T20:19:43.438970,2026-07-03T20:19:43.458787+00:00,115.8,20,ask,WavyWalnuts,BrilliantBurritos,6153987
2026-07-03T20:19:46.687473,2026-07-03T20:19:46.697930+00:00,115.9,200,ask,YieldingYams,WavyWalnuts,6154031
2026-07-03T20:19:48.384294,2026-07-03T20:19:48.396064+00:00,115.7,20,ask,WavyWalnuts,BrilliantBurritos,6154052
2026-07-03T20:19:51.524956,2026-07-03T20:19:51.534737+00:00,115.8,200,ask,YieldingYams,WavyWalnuts,6154118
2026-07-03T20:19:52.732001,2026-07-03T20:19:52.739237+00:00,115.7,200,ask,YieldingYams,WavyWalnuts,6154138
2026-07-03T20:19:53.908534,2026-07-03T20:19:53.912017+00:00,115.6,9,bid,Xuanyu Liu,YieldingYams,6154150
2026-07-03T20:19:56.519533,2026-07-03T20:19:56.530647+00:00,115.5,200,ask,WavyWalnuts,YieldingYams,6154179
2026-07-03T20:19:58.746376,2026-07-03T20:19:58.749868+00:00,115.5,6,ask,AverageAlmonds,Xuanyu Liu,6154202
2026-07-03T20:19:58.781967,2026-07-03T20:19:58.789492+00:00,115.5,200,ask,AverageAlmonds,WavyWalnuts,6154203
2026-07-03T20:19:59.923538,2026-07-03T20:19:59.931830+00:00,115.6,500,bid,AverageAlmonds,YieldingYams,6154212
2026-07-03T20:20:00.443821,2026-07-03T20:20:00.458622+00:00,115.5,200,bid,YieldingYams,WavyWalnuts,6154223
2026-07-03T20:20:01.199811,2026-07-03T20:20:01.210043+00:00,115.8,200,ask,YieldingYams,WavyWalnuts,6154228
2026-07-03T20:20:02.193192,2026-07-03T20:20:02.205037+00:00,115.8,20,ask,AverageAlmonds,BrilliantBurritos,6154238
2026-07-03T20:20:02.418296,2026-07-03T20:20:02.425605+00:00,115.7,200,ask,YieldingYams,WavyWalnuts,6154248
2026-07-03T20:20:03.628876,2026-07-03T20:20:03.640278+00:00,115.8,200,ask,YieldingYams,WavyWalnuts,6154267
2026-07-03T20:20:04.396203,2026-07-03T20:20:04.399474+00:00,115.9,11,bid,Xuanyu Liu,YieldingYams,6154272
2026-07-03T20:20:04.839602,2026-07-03T20:20:04.850299+00:00,115.7,200,ask,AverageAlmonds,WavyWalnuts,6154276
2026-07-03T20:20:06.049417,2026-07-03T20:20:06.058583+00:00,115.8,200,ask,YieldingYams,WavyWalnuts,6154288
2026-07-03T20:20:07.257298,2026-07-03T20:20:07.268701+00:00,115.7,200,ask,YieldingYams,WavyWalnuts,6154306
2026-07-03T20:20:08.315166,2026-07-03T20:20:08.318707+00:00,115.8,7,bid,Xuanyu Liu,YieldingYams,6154314
2026-07-03T20:20:08.464765,2026-07-03T20:20:08.475044+00:00,115.7,200,ask,AverageAlmonds,WavyWalnuts,6154317
2026-07-03T20:20:09.672020,2026-07-03T20:20:09.679504+00:00,115.9,200,ask,YieldingYams,WavyWalnuts,6154335
2026-07-03T20:20:10.879521,2026-07-03T20:20:10.887807+00:00,115.9,200,ask,YieldingYams,WavyWalnuts,6154352
2026-07-03T20:20:12.085592,2026-07-03T20:20:12.094887+00:00,115.7,200,ask,AverageAlmonds,WavyWalnuts,6154378
2026-07-03T20:20:13.195992,2026-07-03T20:20:13.199499+00:00,115.7,7,ask,YieldingYams,Xuanyu Liu,6154398
2026-07-03T20:20:14.513024,2026-07-03T20:20:14.517097+00:00,115.8,11,ask,WavyWalnuts,Xuanyu Liu,6154430
2026-07-03T20:20:14.864324,2026-07-03T20:20:14.867792+00:00,115.9,3,ask,YieldingYams,Xuanyu Liu,6154435
2026-07-03T20:20:15.033911,2026-07-03T20:20:15.045752+00:00,116.0,20,bid,BrilliantBurritos,WavyWalnuts,6154438
2026-07-03T20:20:16.162753,2026-07-03T20:20:16.171168+00:00,116.0,200,bid,YieldingYams,WavyWalnuts,6154462
2026-07-03T20:20:17.416433,2026-07-03T20:20:17.420574+00:00,116.1,3,bid,Xuanyu Liu,WavyWalnuts,6154485
2026-07-03T20:20:21.396337,2026-07-03T20:20:21.404213+00:00,116.2,500,bid,YieldingYams,AverageAlmonds,6154529
2026-07-03T20:20:21.735646,2026-07-03T20:20:21.745134+00:00,116.2,125,ask,YieldingYams,AverageAlmonds,6154536
2026-07-03T20:20:22.705497,2026-07-03T20:20:22.713483+00:00,116.1,200,ask,WavyWalnuts,YieldingYams,6154545
2026-07-03T20:20:24.154372,2026-07-03T20:20:24.158628+00:00,116.1,500,ask,YieldingYams,AverageAlmonds,6154572
2026-07-03T20:20:25.405659,2026-07-03T20:20:25.416414+00:00,116.2,200,bid,WavyWalnuts,YieldingYams,6154590
2026-07-03T20:20:27.939990,2026-07-03T20:20:27.949876+00:00,116.2,500,bid,YieldingYams,AverageAlmonds,6154634
2026-07-03T20:20:27.939990,2026-07-03T20:20:27.949876+00:00,116.3,125,bid,YieldingYams,WavyWalnuts,6154635
2026-07-03T20:20:29.013439,2026-07-03T20:20:29.017344+00:00,116.1,11,bid,Xuanyu Liu,AverageAlmonds,6154643
2026-07-03T20:20:30.562293,2026-07-03T20:20:30.569722+00:00,116.1,200,ask,WavyWalnuts,YieldingYams,6154658
2026-07-03T20:20:31.088175,2026-07-03T20:20:31.099526+00:00,116.1,20,bid,BrilliantBurritos,YieldingYams,6154667
2026-07-03T20:20:31.457303,2026-07-03T20:20:31.464110+00:00,116.1,200,bid,WavyWalnuts,YieldingYams,6154675
2026-07-03T20:20:32.683887,2026-07-03T20:20:32.687402+00:00,116.2,11,ask,WavyWalnuts,Xuanyu Liu,6154691
2026-07-03T20:20:33.212748,2026-07-03T20:20:33.220980+00:00,116.2,189,ask,WavyWalnuts,AverageAlmonds,6154699
2026-07-03T20:20:34.891994,2026-07-03T20:20:34.903622+00:00,116.3,20,bid,BrilliantBurritos,WavyWalnuts,6154719
2026-07-03T20:20:35.056937,2026-07-03T20:20:35.058276+00:00,116.2,500,ask,YieldingYams,AverageAlmonds,6154721
2026-07-03T20:20:35.441424,2026-07-03T20:20:35.447830+00:00,116.4,20,bid,BrilliantBurritos,YieldingYams,6154726
2026-07-03T20:20:35.645657,2026-07-03T20:20:35.667514+00:00,116.2,125,ask,YieldingYams,AverageAlmonds,6154728
2026-07-03T20:20:35.645657,2026-07-03T20:20:35.667514+00:00,116.2,200,ask,WavyWalnuts,AverageAlmonds,6154729
2026-07-03T20:20:35.664092,2026-07-03T20:20:35.667514+00:00,116.2,11,bid,Xuanyu Liu,AverageAlmonds,6154731
2026-07-03T20:20:35.813484,2026-07-03T20:20:35.817103+00:00,116.1,12,bid,Xuanyu Liu,YieldingYams,6154736
2026-07-03T20:20:36.298335,2026-07-03T20:20:36.305995+00:00,116.1,200,bid,WavyWalnuts,YieldingYams,6154744
2026-07-03T20:20:37.515074,2026-07-03T20:20:37.524669+00:00,116.0,200,bid,WavyWalnuts,YieldingYams,6154757
2026-07-03T20:20:37.773338,2026-07-03T20:20:37.784828+00:00,116.0,20,bid,BrilliantBurritos,YieldingYams,6154764
2026-07-03T20:20:38.426757,2026-07-03T20:20:38.430260+00:00,116.0,12,ask,YieldingYams,Xuanyu Liu,6154770
2026-07-03T20:20:38.732691,2026-07-03T20:20:38.739494+00:00,116.0,200,ask,YieldingYams,WavyWalnuts,6154771
2026-07-03T20:20:39.941581,2026-07-03T20:20:39.951845+00:00,115.9,200,ask,YieldingYams,WavyWalnuts,6154792
2026-07-03T20:20:42.361206,2026-07-03T20:20:42.369463+00:00,116.0,200,ask,YieldingYams,WavyWalnuts,6154821
2026-07-03T20:20:43.644560,2026-07-03T20:20:43.653270+00:00,116.0,200,ask,WavyWalnuts,YieldingYams,6154839
2026-07-03T20:20:44.589497,2026-07-03T20:20:44.600953+00:00,115.7,20,ask,YieldingYams,BrilliantBurritos,6154853
