timestamp,recv_time,price,volume,aggressor_side,buyer,seller,trade_id
2026-06-30T08:00:01.032994,2026-06-29T22:00:01.876239+00:00,131.6,200,ask,,,13345974
2026-06-30T08:00:03.457263,2026-06-29T22:00:04.307323+00:00,131.7,1,bid,,,13346009
2026-06-30T08:00:04.375966,2026-06-29T22:00:05.222863+00:00,131.7,199,ask,,,13346020
2026-06-30T08:00:05.767593,2026-06-29T22:00:06.617706+00:00,131.6,1,ask,,,13346054
2026-06-30T08:00:17.977148,2026-06-29T22:00:18.829696+00:00,131.7,200,bid,,,13346292
2026-06-30T08:00:18.784814,2026-06-29T22:00:19.636157+00:00,131.7,500,bid,,,13346314
2026-06-30T08:00:19.144107,2026-06-29T22:00:19.993133+00:00,131.7,125,ask,,,13346322
2026-06-30T08:00:19.183840,2026-06-29T22:00:20.036075+00:00,131.7,200,bid,,,13346323
2026-06-30T08:00:21.005495,2026-06-29T22:00:21.857346+00:00,131.6,6,ask,,,13346354
2026-06-30T08:00:21.407490,2026-06-29T22:00:22.258584+00:00,131.6,194,ask,,,13346366
2026-06-30T08:00:21.416542,2026-06-29T22:00:22.258584+00:00,131.4,1,ask,,,13346367
2026-06-30T08:00:21.604349,2026-06-29T22:00:22.455359+00:00,131.6,200,bid,,,13346372
2026-06-30T08:00:22.225843,2026-06-29T22:00:23.075513+00:00,131.4,1,ask,,,13346377
2026-06-30T08:00:24.024088,2026-06-29T22:00:24.874012+00:00,131.5,200,ask,,,13346424
2026-06-30T08:00:24.032901,2026-06-29T22:00:24.885076+00:00,131.5,200,bid,,,13346426
2026-06-30T08:00:30.420480,2026-06-29T22:00:31.267353+00:00,131.6,20,ask,,,13346552
2026-06-30T08:00:31.258213,2026-06-29T22:00:32.103004+00:00,131.6,180,ask,,,13346568
2026-06-30T08:00:34.522842,2026-06-29T22:00:35.366496+00:00,131.6,500,bid,,,13346638
2026-06-30T08:00:34.887061,2026-06-29T22:00:35.737587+00:00,131.6,125,ask,,,13346647
2026-06-30T08:00:34.887061,2026-06-29T22:00:35.737587+00:00,131.4,1,ask,,,13346648
2026-06-30T08:00:34.887061,2026-06-29T22:00:35.737587+00:00,131.4,200,ask,,,13346649
2026-06-30T08:00:35.839525,2026-06-29T22:00:36.688094+00:00,131.4,500,bid,,,13346675
2026-06-30T08:00:36.097043,2026-06-29T22:00:36.943930+00:00,131.4,125,ask,,,13346678
2026-06-30T08:00:36.514622,2026-06-29T22:00:37.362914+00:00,131.3,20,ask,,,13346690
2026-06-30T08:00:48.842796,2026-06-29T22:00:49.737924+00:00,131.5,200,ask,,,13346759
2026-06-30T08:00:48.842796,2026-06-29T22:00:49.737924+00:00,131.4,300,ask,,,13346760
2026-06-30T08:00:49.454052,2026-06-29T22:00:50.313151+00:00,131.4,325,ask,,,13346767
2026-06-30T08:00:49.454052,2026-06-29T22:00:50.313151+00:00,131.3,2,ask,,,13346768
2026-06-30T08:00:50.014370,2026-06-29T22:00:50.865432+00:00,68.4,173,bid,,,13346781
2026-06-30T08:00:50.086768,2026-06-29T22:00:50.985192+00:00,131.4,27,ask,,,13346787
2026-06-30T08:00:50.094427,2026-06-29T22:00:50.985192+00:00,68.5,473,bid,,,13346789
2026-06-30T08:00:50.658024,2026-06-29T22:00:51.507246+00:00,131.2,152,ask,,,13346796
2026-06-30T08:00:51.234821,2026-06-29T22:00:52.081066+00:00,68.5,200,bid,,,13346800
2026-06-30T08:00:51.401746,2026-06-29T22:00:52.246097+00:00,68.5,500,bid,,,13346804
2026-06-30T08:00:51.865756,2026-06-29T22:00:52.712991+00:00,131.1,125,ask,,,13346811
2026-06-30T08:00:52.267174,2026-06-29T22:00:53.113116+00:00,68.0,20,ask,,,13346815
2026-06-30T08:00:52.448898,2026-06-29T22:00:53.297332+00:00,68.5,200,bid,,,13346818
2026-06-30T08:00:52.709860,2026-06-29T22:00:53.557592+00:00,68.5,500,bid,,,13346823
2026-06-30T08:00:53.075250,2026-06-29T22:00:53.926663+00:00,130.9,125,ask,,,13346831
2026-06-30T08:00:53.663754,2026-06-29T22:00:54.512009+00:00,68.5,200,bid,,,13346838
2026-06-30T08:00:54.017290,2026-06-29T22:00:54.867999+00:00,68.5,500,bid,,,13346847
2026-06-30T08:00:54.279677,2026-06-29T22:00:55.128238+00:00,130.5,125,ask,,,13346853
2026-06-30T08:00:54.907887,2026-06-29T22:00:55.758529+00:00,68.5,200,bid,,,13346860
2026-06-30T08:00:55.326014,2026-06-29T22:00:56.171731+00:00,68.5,300,bid,,,13346865
2026-06-30T08:00:55.326014,2026-06-29T22:00:56.171731+00:00,68.5,84,bid,,,13346866
2026-06-30T08:00:55.505240,2026-06-29T22:00:56.356480+00:00,130.2,241,ask,,,13346873
2026-06-30T08:00:56.131240,2026-06-29T22:00:56.976581+00:00,68.6,200,bid,,,13346881
2026-06-30T08:00:56.637917,2026-06-29T22:00:57.487006+00:00,68.6,300,bid,,,13346886
2026-06-30T08:00:56.709016,2026-06-29T22:00:57.563052+00:00,129.9,325,ask,,,13346892
2026-06-30T08:00:57.348366,2026-06-29T22:00:58.205250+00:00,68.6,200,bid,,,13346906
2026-06-30T08:00:57.946793,2026-06-29T22:00:58.791844+00:00,68.6,500,bid,,,13346912
2026-06-30T08:00:58.524733,2026-06-29T22:00:59.368211+00:00,129.4,125,ask,,,13346930
2026-06-30T08:00:58.563396,2026-06-29T22:00:59.412008+00:00,68.6,200,bid,,,13346936
2026-06-30T08:00:59.255743,2026-06-29T22:01:00.107512+00:00,68.6,500,bid,,,13346946
2026-06-30T08:00:59.724714,2026-06-29T22:01:00.575246+00:00,129.2,125,ask,,,13346964
2026-06-30T08:00:59.775428,2026-06-29T22:01:00.617541+00:00,68.6,200,bid,,,13346968
2026-06-30T08:01:00.566498,2026-06-29T22:01:01.410738+00:00,68.6,500,bid,,,13346984
2026-06-30T08:01:00.933079,2026-06-29T22:01:01.782952+00:00,128.7,125,ask,,,13346996
2026-06-30T08:01:00.983972,2026-06-29T22:01:01.827143+00:00,68.6,200,bid,,,13346999
2026-06-30T08:01:01.873748,2026-06-29T22:01:02.719910+00:00,68.5,500,bid,,,13347016
2026-06-30T08:01:02.156905,2026-06-29T22:01:03.004796+00:00,128.4,125,ask,,,13347025
2026-06-30T08:01:02.193267,2026-06-29T22:01:03.037944+00:00,68.6,200,bid,,,13347030
2026-06-30T08:01:03.182177,2026-06-29T22:01:04.027496+00:00,68.6,500,bid,,,13347048
2026-06-30T08:01:03.246543,2026-06-29T22:01:04.092933+00:00,128.4,20,bid,,,13347055
2026-06-30T08:01:03.361008,2026-06-29T22:01:04.212276+00:00,128.2,125,ask,,,13347058
2026-06-30T08:01:03.401774,2026-06-29T22:01:04.245460+00:00,68.6,200,bid,,,13347062
2026-06-30T08:01:04.489129,2026-06-29T22:01:05.344008+00:00,68.6,500,bid,,,13347080
2026-06-30T08:01:04.568146,2026-06-29T22:01:05.419090+00:00,127.8,125,ask,,,13347087
2026-06-30T08:01:04.609040,2026-06-29T22:01:05.452295+00:00,68.5,200,bid,,,13347092
2026-06-30T08:01:05.796377,2026-06-29T22:01:06.648351+00:00,68.5,500,bid,,,13347100
2026-06-30T08:01:05.817696,2026-06-29T22:01:06.669992+00:00,127.4,200,bid,,,13347103
2026-06-30T08:01:06.382762,2026-06-29T22:01:07.234092+00:00,127.2,125,ask,,,13347115
2026-06-30T08:01:07.025621,2026-06-29T22:01:07.876398+00:00,68.4,200,bid,,,13347130
2026-06-30T08:01:07.104073,2026-06-29T22:01:07.963005+00:00,68.4,300,bid,,,13347135
2026-06-30T08:01:07.598247,2026-06-29T22:01:08.451029+00:00,127.0,325,ask,,,13347144
2026-06-30T08:01:08.233369,2026-06-29T22:01:09.084072+00:00,68.4,200,bid,,,13347152
2026-06-30T08:01:08.413107,2026-06-29T22:01:09.257807+00:00,68.4,300,bid,,,13347158
2026-06-30T08:01:08.803298,2026-06-29T22:01:09.647414+00:00,126.7,325,ask,,,13347169
2026-06-30T08:01:09.439745,2026-06-29T22:01:10.287246+00:00,68.5,200,bid,,,13347176
2026-06-30T08:01:09.721825,2026-06-29T22:01:10.569675+00:00,68.5,300,bid,,,13347184
2026-06-30T08:01:10.009166,2026-06-29T22:01:10.853119+00:00,126.6,325,ask,,,13347194
2026-06-30T08:01:10.648307,2026-06-29T22:01:11.495012+00:00,68.5,200,bid,,,13347212
2026-06-30T08:01:11.032243,2026-06-29T22:01:11.877487+00:00,68.5,300,bid,,,13347225
2026-06-30T08:01:11.215312,2026-06-29T22:01:12.060799+00:00,126.5,325,ask,,,13347232
2026-06-30T08:01:11.855516,2026-06-29T22:01:12.700933+00:00,68.4,200,bid,,,13347239
2026-06-30T08:01:12.341149,2026-06-29T22:01:13.189776+00:00,68.4,300,bid,,,13347245
2026-06-30T08:01:12.418886,2026-06-29T22:01:13.267215+00:00,126.1,325,ask,,,13347252
2026-06-30T08:01:13.063872,2026-06-29T22:01:13.907628+00:00,68.4,200,bid,,,13347264
2026-06-30T08:01:13.652036,2026-06-29T22:01:14.495602+00:00,68.4,500,bid,,,13347276
2026-06-30T08:01:14.241106,2026-06-29T22:01:15.095523+00:00,125.8,125,ask,,,13347289
2026-06-30T08:01:14.270844,2026-06-29T22:01:15.117630+00:00,68.4,200,bid,,,13347293
2026-06-30T08:01:14.959027,2026-06-29T22:01:15.807987+00:00,68.4,500,bid,,,13347304
2026-06-30T08:01:15.446325,2026-06-29T22:01:16.297244+00:00,125.6,125,ask,,,13347311
2026-06-30T08:01:15.479014,2026-06-29T22:01:16.328956+00:00,68.5,200,bid,,,13347315
2026-06-30T08:01:16.266435,2026-06-29T22:01:17.116351+00:00,68.4,500,bid,,,13347330
2026-06-30T08:01:16.650153,2026-06-29T22:01:17.497934+00:00,125.3,125,ask,,,13347342
2026-06-30T08:01:16.685634,2026-06-29T22:01:17.530175+00:00,68.4,200,bid,,,13347348
2026-06-30T08:01:17.576237,2026-06-29T22:01:18.422112+00:00,68.4,500,bid,,,13347365
2026-06-30T08:01:17.857515,2026-06-29T22:01:18.705970+00:00,125.0,125,ask,,,13347376
2026-06-30T08:01:17.892663,2026-06-29T22:01:18.738245+00:00,68.4,200,bid,,,13347381
2026-06-30T08:01:18.147961,2026-06-29T22:01:18.998471+00:00,68.4,20,bid,,,13347391
2026-06-30T08:01:18.890484,2026-06-29T22:01:19.737807+00:00,68.4,500,bid,,,13347395
2026-06-30T08:01:19.062595,2026-06-29T22:01:19.912035+00:00,124.5,125,ask,,,13347403
2026-06-30T08:01:19.100133,2026-06-29T22:01:19.945222+00:00,68.4,200,bid,,,13347410
2026-06-30T08:01:20.198475,2026-06-29T22:01:21.043243+00:00,68.3,500,bid,,,13347426
2026-06-30T08:01:20.286740,2026-06-29T22:01:21.139976+00:00,124.1,125,ask,,,13347434
2026-06-30T08:01:20.306890,2026-06-29T22:01:21.151041+00:00,68.3,200,bid,,,13347439
2026-06-30T08:01:21.506521,2026-06-29T22:01:22.358504+00:00,68.4,500,bid,,,13347466
2026-06-30T08:01:21.517480,2026-06-29T22:01:22.369085+00:00,124.1,200,bid,,,13347468
2026-06-30T08:01:22.093663,2026-06-29T22:01:22.946462+00:00,123.8,125,ask,,,13347478
2026-06-30T08:01:22.730603,2026-06-29T22:01:23.577650+00:00,68.4,200,bid,,,13347494
2026-06-30T08:01:22.813649,2026-06-29T22:01:23.664257+00:00,68.4,300,bid,,,13347498
2026-06-30T08:01:23.299380,2026-06-29T22:01:24.151020+00:00,123.8,325,ask,,,13347506
2026-06-30T08:01:23.937650,2026-06-29T22:01:24.792248+00:00,68.4,200,bid,,,13347519
2026-06-30T08:01:24.126291,2026-06-29T22:01:24.978025+00:00,68.4,300,bid,,,13347524
2026-06-30T08:01:24.503516,2026-06-29T22:01:25.348148+00:00,123.6,325,ask,,,13347533
2026-06-30T08:01:25.144070,2026-06-29T22:01:25.989036+00:00,68.4,200,bid,,,13347547
2026-06-30T08:01:25.436226,2026-06-29T22:01:26.285353+00:00,68.4,300,bid,,,13347551
2026-06-30T08:01:25.729732,2026-06-29T22:01:26.578309+00:00,123.3,325,ask,,,13347559
2026-06-30T08:01:26.350788,2026-06-29T22:01:27.197885+00:00,68.4,200,bid,,,13347567
2026-06-30T08:01:26.743337,2026-06-29T22:01:27.588006+00:00,68.4,300,bid,,,13347575
2026-06-30T08:01:26.934399,2026-06-29T22:01:27.806439+00:00,123.0,325,ask,,,13347579
2026-06-30T08:01:27.560493,2026-06-29T22:01:28.405994+00:00,68.4,200,bid,,,13347596
2026-06-30T08:01:27.871940,2026-06-29T22:01:28.721201+00:00,68.4,20,bid,,,13347609
2026-06-30T08:01:28.050492,2026-06-29T22:01:28.896305+00:00,68.4,280,bid,,,13347614
2026-06-30T08:01:28.140705,2026-06-29T22:01:28.983964+00:00,122.6,345,ask,,,13347622
2026-06-30T08:01:28.767534,2026-06-29T22:01:29.614203+00:00,68.3,200,bid,,,13347636
2026-06-30T08:01:29.358388,2026-06-29T22:01:30.209812+00:00,68.3,500,bid,,,13347642
2026-06-30T08:01:29.944896,2026-06-29T22:01:30.797099+00:00,122.4,125,ask,,,13347657
2026-06-30T08:01:29.974215,2026-06-29T22:01:30.818303+00:00,68.3,200,bid,,,13347663
2026-06-30T08:01:30.665085,2026-06-29T22:01:31.514536+00:00,68.4,500,bid,,,13347672
2026-06-30T08:01:31.171608,2026-06-29T22:01:32.025575+00:00,122.1,125,ask,,,13347685
2026-06-30T08:01:31.191690,2026-06-29T22:01:32.036637+00:00,68.3,200,bid,,,13347690
2026-06-30T08:01:31.972378,2026-06-29T22:01:32.817884+00:00,68.3,500,bid,,,13347705
2026-06-30T08:01:32.374929,2026-06-29T22:01:33.219676+00:00,121.9,125,ask,,,13347712
2026-06-30T08:01:32.404259,2026-06-29T22:01:33.252884+00:00,68.3,200,bid,,,13347717
2026-06-30T08:01:33.281763,2026-06-29T22:01:34.132108+00:00,68.4,500,bid,,,13347726
2026-06-30T08:01:33.585828,2026-06-29T22:01:34.436118+00:00,121.5,125,ask,,,13347733
2026-06-30T08:01:33.610156,2026-06-29T22:01:34.457816+00:00,68.4,200,bid,,,13347737
2026-06-30T08:01:34.589621,2026-06-29T22:01:35.438740+00:00,68.4,500,bid,,,13347755
2026-06-30T08:01:34.789699,2026-06-29T22:01:35.635974+00:00,121.2,125,ask,,,13347762
2026-06-30T08:01:34.816854,2026-06-29T22:01:35.668238+00:00,68.4,200,bid,,,13347767
2026-06-30T08:01:35.897887,2026-06-29T22:01:36.745394+00:00,68.4,500,bid,,,13347781
2026-06-30T08:01:35.995025,2026-06-29T22:01:36.844170+00:00,120.8,125,ask,,,13347788
2026-06-30T08:01:36.023552,2026-06-29T22:01:36.877390+00:00,68.4,200,bid,,,13347797
2026-06-30T08:01:37.214874,2026-06-29T22:01:38.058517+00:00,68.4,500,bid,,,13347812
2026-06-30T08:01:37.238089,2026-06-29T22:01:38.080202+00:00,120.7,200,bid,,,13347816
2026-06-30T08:01:37.819063,2026-06-29T22:01:38.668139+00:00,120.5,125,ask,,,13347832
2026-06-30T08:01:38.444502,2026-06-29T22:01:39.288790+00:00,68.5,200,bid,,,13347845
2026-06-30T08:01:38.524300,2026-06-29T22:01:39.366280+00:00,68.5,300,bid,,,13347850
2026-06-30T08:01:39.027799,2026-06-29T22:01:39.877155+00:00,120.3,325,ask,,,13347859
2026-06-30T08:01:39.653162,2026-06-29T22:01:40.497900+00:00,68.5,200,bid,,,13347867
2026-06-30T08:01:39.834255,2026-06-29T22:01:40.681182+00:00,68.5,300,bid,,,13347872
2026-06-30T08:01:40.231665,2026-06-29T22:01:41.106554+00:00,119.9,325,ask,,,13347880
2026-06-30T08:01:40.859986,2026-06-29T22:01:41.705103+00:00,68.5,200,bid,,,13347893
2026-06-30T08:01:41.146204,2026-06-29T22:01:41.998586+00:00,68.5,300,bid,,,13347901
2026-06-30T08:01:41.441693,2026-06-29T22:01:42.291202+00:00,119.6,325,ask,,,13347911
2026-06-30T08:01:42.066442,2026-06-29T22:01:42.911188+00:00,68.4,200,bid,,,13347923
2026-06-30T08:01:42.452400,2026-06-29T22:01:43.303977+00:00,68.4,300,bid,,,13347934
2026-06-30T08:01:42.642101,2026-06-29T22:01:43.488226+00:00,119.2,325,ask,,,13347941
2026-06-30T08:01:43.273292,2026-06-29T22:01:44.118942+00:00,68.5,200,bid,,,13347949
2026-06-30T08:01:43.760039,2026-06-29T22:01:44.607610+00:00,68.5,300,bid,,,13347957
2026-06-30T08:01:43.864567,2026-06-29T22:01:44.717337+00:00,118.9,325,ask,,,13347963
2026-06-30T08:01:44.481797,2026-06-29T22:01:45.325291+00:00,68.4,200,bid,,,13347969
2026-06-30T08:01:45.092325,2026-06-29T22:01:45.935321+00:00,68.4,500,bid,,,13347985
2026-06-30T08:01:45.675134,2026-06-29T22:01:46.522798+00:00,118.7,125,ask,,,13347998
2026-06-30T08:01:45.691735,2026-06-29T22:01:46.533845+00:00,68.4,200,bid,,,13348001
2026-06-30T08:01:46.131226,2026-06-29T22:01:46.978588+00:00,68.0,20,ask,,,13348013
2026-06-30T08:01:46.407130,2026-06-29T22:01:47.250943+00:00,68.4,500,bid,,,13348016
2026-06-30T08:01:46.882295,2026-06-29T22:01:47.730112+00:00,118.6,125,ask,,,13348026
2026-06-30T08:01:46.900772,2026-06-29T22:01:47.752263+00:00,68.4,200,bid,,,13348029
2026-06-30T08:01:47.717868,2026-06-29T22:01:48.567196+00:00,68.4,500,bid,,,13348034
2026-06-30T08:01:48.090737,2026-06-29T22:01:48.937209+00:00,118.3,125,ask,,,13348041
2026-06-30T08:01:48.112003,2026-06-29T22:01:48.958407+00:00,68.4,200,bid,,,13348045
2026-06-30T08:01:49.026258,2026-06-29T22:01:49.874924+00:00,68.4,500,bid,,,13348067
2026-06-30T08:01:49.295018,2026-06-29T22:01:50.144482+00:00,117.9,125,ask,,,13348076
2026-06-30T08:01:49.319444,2026-06-29T22:01:50.166608+00:00,68.4,200,bid,,,13348081
2026-06-30T08:01:49.437247,2026-06-29T22:01:50.286468+00:00,67.9,20,ask,,,13348088
2026-06-30T08:01:50.336283,2026-06-29T22:01:51.186175+00:00,68.4,500,bid,,,13348094
2026-06-30T08:01:50.521037,2026-06-29T22:01:51.370076+00:00,117.7,125,ask,,,13348101
2026-06-30T08:01:50.534613,2026-06-29T22:01:51.381150+00:00,68.4,200,bid,,,13348104
2026-06-30T08:01:51.647899,2026-06-29T22:01:52.502087+00:00,68.4,500,bid,,,13348119
2026-06-30T08:01:51.735393,2026-06-29T22:01:52.588666+00:00,117.4,125,ask,,,13348124
2026-06-30T08:01:51.757709,2026-06-29T22:01:52.599781+00:00,68.4,200,bid,,,13348129
2026-06-30T08:01:52.954600,2026-06-29T22:01:53.799769+00:00,68.4,500,bid,,,13348159
2026-06-30T08:01:52.968331,2026-06-29T22:01:53.810860+00:00,117.3,200,bid,,,13348162
2026-06-30T08:01:53.534365,2026-06-29T22:01:54.377546+00:00,117.1,125,ask,,,13348174
2026-06-30T08:01:54.177879,2026-06-29T22:01:55.027986+00:00,68.3,200,bid,,,13348183
2026-06-30T08:01:54.270112,2026-06-29T22:01:55.115601+00:00,68.3,300,bid,,,13348187
2026-06-30T08:01:54.737312,2026-06-29T22:01:55.584259+00:00,116.9,325,ask,,,13348193
2026-06-30T08:01:55.386113,2026-06-29T22:01:56.237618+00:00,68.3,200,bid,,,13348203
2026-06-30T08:01:55.581712,2026-06-29T22:01:56.434037+00:00,68.3,300,bid,,,13348208
2026-06-30T08:01:55.957558,2026-06-29T22:01:56.803041+00:00,116.5,325,ask,,,13348217
2026-06-30T08:01:56.592885,2026-06-29T22:01:57.441803+00:00,68.3,200,bid,,,13348227
2026-06-30T08:01:56.888370,2026-06-29T22:01:57.737227+00:00,68.3,300,bid,,,13348235
2026-06-30T08:01:57.164335,2026-06-29T22:01:58.018617+00:00,116.0,325,ask,,,13348243
2026-06-30T08:01:57.799696,2026-06-29T22:01:58.648826+00:00,68.3,200,bid,,,13348253
2026-06-30T08:01:58.196169,2026-06-29T22:01:59.039960+00:00,68.3,300,bid,,,13348261
2026-06-30T08:01:58.369025,2026-06-29T22:01:59.215052+00:00,115.6,325,ask,,,13348266
2026-06-30T08:01:59.007121,2026-06-29T22:01:59.855453+00:00,68.3,200,bid,,,13348280
2026-06-30T08:01:59.505919,2026-06-29T22:02:00.356532+00:00,68.3,300,bid,,,13348293
2026-06-30T08:01:59.575518,2026-06-29T22:02:00.422020+00:00,115.2,325,ask,,,13348298
2026-06-30T08:02:00.214715,2026-06-29T22:02:01.065355+00:00,68.3,200,bid,,,13348311
2026-06-30T08:02:00.813208,2026-06-29T22:02:01.661946+00:00,68.3,500,bid,,,13348321
2026-06-30T08:02:01.383708,2026-06-29T22:02:02.227210+00:00,115.0,125,ask,,,13348329
2026-06-30T08:02:01.423376,2026-06-29T22:02:02.269144+00:00,68.2,200,bid,,,13348333
2026-06-30T08:02:02.120781,2026-06-29T22:02:02.967092+00:00,68.3,500,bid,,,13348339
2026-06-30T08:02:02.603002,2026-06-29T22:02:03.446160+00:00,114.6,125,ask,,,13348353
2026-06-30T08:02:02.630161,2026-06-29T22:02:03.478435+00:00,68.3,200,bid,,,13348356
2026-06-30T08:02:03.428782,2026-06-29T22:02:04.274206+00:00,68.3,500,bid,,,13348374
2026-06-30T08:02:03.808610,2026-06-29T22:02:04.655324+00:00,114.3,125,ask,,,13348381
2026-06-30T08:02:03.837599,2026-06-29T22:02:04.687539+00:00,68.3,200,bid,,,13348385
2026-06-30T08:02:04.441115,2026-06-29T22:02:05.285174+00:00,67.8,20,ask,,,13348401
2026-06-30T08:02:04.736987,2026-06-29T22:02:05.598370+00:00,68.3,500,bid,,,13348406
2026-06-30T08:02:05.014977,2026-06-29T22:02:05.858702+00:00,114.2,125,ask,,,13348411
2026-06-30T08:02:05.046555,2026-06-29T22:02:05.891933+00:00,68.2,200,bid,,,13348414
2026-06-30T08:02:06.045665,2026-06-29T22:02:06.894154+00:00,68.2,500,bid,,,13348431
2026-06-30T08:02:06.219158,2026-06-29T22:02:07.068388+00:00,113.9,125,ask,,,13348437
2026-06-30T08:02:06.254338,2026-06-29T22:02:07.101110+00:00,68.2,200,bid,,,13348443
2026-06-30T08:02:07.357443,2026-06-29T22:02:08.209968+00:00,68.2,500,bid,,,13348460
2026-06-30T08:02:07.427191,2026-06-29T22:02:08.287406+00:00,113.5,125,ask,,,13348462
2026-06-30T08:02:07.464632,2026-06-29T22:02:08.308606+00:00,68.3,200,bid,,,13348465
2026-06-30T08:02:08.281762,2026-06-29T22:02:09.154205+00:00,67.8,20,ask,,,13348478
2026-06-30T08:02:08.665968,2026-06-29T22:02:09.511134+00:00,68.2,500,bid,,,13348483
2026-06-30T08:02:08.671580,2026-06-29T22:02:09.522193+00:00,113.5,200,bid,,,13348484
2026-06-30T08:02:09.248876,2026-06-29T22:02:10.097708+00:00,113.2,125,ask,,,13348498
2026-06-30T08:02:09.879357,2026-06-29T22:02:10.731098+00:00,68.2,200,bid,,,13348509
2026-06-30T08:02:09.972817,2026-06-29T22:02:10.818750+00:00,68.2,300,bid,,,13348516
2026-06-30T08:02:10.457279,2026-06-29T22:02:11.307515+00:00,112.9,325,ask,,,13348525
2026-06-30T08:02:11.090813,2026-06-29T22:02:11.938338+00:00,68.2,200,bid,,,13348536
2026-06-30T08:02:11.285104,2026-06-29T22:02:12.134273+00:00,68.2,300,bid,,,13348540
2026-06-30T08:02:11.661206,2026-06-29T22:02:12.515204+00:00,112.5,325,ask,,,13348545
2026-06-30T08:02:11.895668,2026-06-29T22:02:12.741256+00:00,68.2,20,bid,,,13348548
2026-06-30T08:02:12.298352,2026-06-29T22:02:13.143875+00:00,68.2,200,bid,,,13348553
2026-06-30T08:02:12.595469,2026-06-29T22:02:13.437310+00:00,68.2,300,bid,,,13348562
2026-06-30T08:02:12.866790,2026-06-29T22:02:13.718790+00:00,112.1,325,ask,,,13348569
2026-06-30T08:02:13.506035,2026-06-29T22:02:14.348382+00:00,68.2,200,bid,,,13348580
2026-06-30T08:02:13.902709,2026-06-29T22:02:14.751034+00:00,68.2,300,bid,,,13348590
2026-06-30T08:02:14.084460,2026-06-29T22:02:14.936223+00:00,111.9,325,ask,,,13348595
2026-06-30T08:02:14.713522,2026-06-29T22:02:15.566475+00:00,68.2,200,bid,,,13348604
2026-06-30T08:02:15.210208,2026-06-29T22:02:16.057326+00:00,68.2,300,bid,,,13348616
2026-06-30T08:02:15.291350,2026-06-29T22:02:16.144077+00:00,111.6,325,ask,,,13348618
2026-06-30T08:02:15.921972,2026-06-29T22:02:16.775245+00:00,68.2,200,bid,,,13348620
2026-06-30T08:02:16.518153,2026-06-29T22:02:17.363821+00:00,68.2,500,bid,,,13348633
2026-06-30T08:02:17.098178,2026-06-29T22:02:17.948828+00:00,111.2,125,ask,,,13348648
2026-06-30T08:02:17.129419,2026-06-29T22:02:17.982030+00:00,68.2,200,bid,,,13348650
2026-06-30T08:02:17.828088,2026-06-29T22:02:18.678747+00:00,68.2,500,bid,,,13348659
2026-06-30T08:02:18.307844,2026-06-29T22:02:19.158445+00:00,110.8,125,ask,,,13348671
2026-06-30T08:02:18.335556,2026-06-29T22:02:19.180105+00:00,68.2,200,bid,,,13348675
2026-06-30T08:02:19.138752,2026-06-29T22:02:19.986226+00:00,68.2,500,bid,,,13348683
2026-06-30T08:02:19.510118,2026-06-29T22:02:20.356352+00:00,110.5,125,ask,,,13348691
2026-06-30T08:02:19.544017,2026-06-29T22:02:20.388616+00:00,68.3,200,bid,,,13348694
2026-06-30T08:02:20.207654,2026-06-29T22:02:21.054978+00:00,68.3,20,bid,,,13348704
2026-06-30T08:02:20.447581,2026-06-29T22:02:21.293121+00:00,68.3,480,bid,,,13348708
2026-06-30T08:02:20.737679,2026-06-29T22:02:21.586560+00:00,110.3,145,ask,,,13348712
2026-06-30T08:02:20.755916,2026-06-29T22:02:21.608257+00:00,68.3,200,bid,,,13348715
2026-06-30T08:02:21.755598,2026-06-29T22:02:22.598074+00:00,68.3,500,bid,,,13348729
2026-06-30T08:02:21.940883,2026-06-29T22:02:22.805549+00:00,109.9,125,ask,,,13348731
2026-06-30T08:02:21.962402,2026-06-29T22:02:22.838301+00:00,68.3,200,bid,,,13348734
2026-06-30T08:02:23.065606,2026-06-29T22:02:23.912949+00:00,68.3,500,bid,,,13348751
2026-06-30T08:02:23.147115,2026-06-29T22:02:24.000079+00:00,109.6,125,ask,,,13348755
2026-06-30T08:02:23.169002,2026-06-29T22:02:24.011141+00:00,68.2,200,bid,,,13348758
2026-06-30T08:02:24.373697,2026-06-29T22:02:25.219828+00:00,68.3,500,bid,,,13348776
2026-06-30T08:02:24.379842,2026-06-29T22:02:25.230895+00:00,109.5,200,bid,,,13348777
2026-06-30T08:02:24.955414,2026-06-29T22:02:25.798212+00:00,109.3,125,ask,,,13348787
2026-06-30T08:02:25.589937,2026-06-29T22:02:26.439195+00:00,68.3,200,bid,,,13348797
2026-06-30T08:02:25.681935,2026-06-29T22:02:26.527689+00:00,68.3,300,bid,,,13348802
2026-06-30T08:02:26.174614,2026-06-29T22:02:27.028119+00:00,109.1,325,ask,,,13348808
2026-06-30T08:02:26.797289,2026-06-29T22:02:27.647760+00:00,68.3,200,bid,,,13348817
2026-06-30T08:02:26.989753,2026-06-29T22:02:27.832081+00:00,68.3,300,bid,,,13348823
2026-06-30T08:02:27.388570,2026-06-29T22:02:28.235206+00:00,108.8,325,ask,,,13348833
2026-06-30T08:02:28.003641,2026-06-29T22:02:28.853356+00:00,68.3,200,bid,,,13348839
2026-06-30T08:02:28.298568,2026-06-29T22:02:29.147292+00:00,68.3,300,bid,,,13348844
2026-06-30T08:02:28.587691,2026-06-29T22:02:29.429731+00:00,108.4,325,ask,,,13348850
2026-06-30T08:02:29.209860,2026-06-29T22:02:30.059058+00:00,68.4,200,bid,,,13348864
2026-06-30T08:02:29.606899,2026-06-29T22:02:30.451174+00:00,68.4,300,bid,,,13348871
2026-06-30T08:02:29.788711,2026-06-29T22:02:30.636390+00:00,108.3,325,ask,,,13348875
2026-06-30T08:02:30.415677,2026-06-29T22:02:31.267705+00:00,68.3,200,bid,,,13348891
2026-06-30T08:02:30.914911,2026-06-29T22:02:31.757487+00:00,68.3,300,bid,,,13348901
2026-06-30T08:02:30.994701,2026-06-29T22:02:31.845089+00:00,107.8,325,ask,,,13348907
2026-06-30T08:02:31.621794,2026-06-29T22:02:32.465184+00:00,68.4,200,bid,,,13348913
2026-06-30T08:02:32.235622,2026-06-29T22:02:33.084322+00:00,68.4,500,bid,,,13348920
2026-06-30T08:02:32.820302,2026-06-29T22:02:33.668864+00:00,107.5,125,ask,,,13348927
2026-06-30T08:02:32.835504,2026-06-29T22:02:33.679946+00:00,68.3,200,bid,,,13348929
2026-06-30T08:02:33.543730,2026-06-29T22:02:34.387656+00:00,68.4,500,bid,,,13348943
2026-06-30T08:02:34.023476,2026-06-29T22:02:34.867439+00:00,107.3,125,ask,,,13348957
2026-06-30T08:02:34.043693,2026-06-29T22:02:34.888643+00:00,68.4,200,bid,,,13348959
2026-06-30T08:02:34.851443,2026-06-29T22:02:35.704247+00:00,68.4,500,bid,,,13348973
2026-06-30T08:02:35.229819,2026-06-29T22:02:36.076260+00:00,107.1,125,ask,,,13348980
2026-06-30T08:02:35.249644,2026-06-29T22:02:36.097955+00:00,68.4,200,bid,,,13348985
2026-06-30T08:02:36.160675,2026-06-29T22:02:37.008099+00:00,68.4,500,bid,,,13349000
2026-06-30T08:02:36.435211,2026-06-29T22:02:37.289952+00:00,106.7,125,ask,,,13349002
2026-06-30T08:02:36.456388,2026-06-29T22:02:37.301015+00:00,68.4,200,bid,,,13349004
2026-06-30T08:02:37.470645,2026-06-29T22:02:38.314203+00:00,68.4,500,bid,,,13349017
2026-06-30T08:02:37.643833,2026-06-29T22:02:38.498558+00:00,106.4,125,ask,,,13349024
2026-06-30T08:02:37.662704,2026-06-29T22:02:38.509640+00:00,68.4,200,bid,,,13349026
2026-06-30T08:02:38.779559,2026-06-29T22:02:39.630147+00:00,68.4,500,bid,,,13349037
2026-06-30T08:02:38.862994,2026-06-29T22:02:39.707624+00:00,106.2,125,ask,,,13349043
2026-06-30T08:02:38.877492,2026-06-29T22:02:39.728841+00:00,68.4,200,bid,,,13349046
2026-06-30T08:02:39.656525,2026-06-29T22:02:40.503159+00:00,68.0,20,ask,,,13349058
2026-06-30T08:02:40.083520,2026-06-29T22:02:40.926519+00:00,68.4,200,bid,,,13349061
2026-06-30T08:02:40.088294,2026-06-29T22:02:40.937575+00:00,68.4,300,bid,,,13349062
2026-06-30T08:02:40.673157,2026-06-29T22:02:41.526100+00:00,105.7,325,ask,,,13349080
2026-06-30T08:02:41.290579,2026-06-29T22:02:42.136301+00:00,68.5,200,bid,,,13349090
2026-06-30T08:02:41.395326,2026-06-29T22:02:42.245086+00:00,68.5,300,bid,,,13349095
2026-06-30T08:02:41.828333,2026-06-29T22:02:42.679641+00:00,105.4,20,bid,,,13349107
2026-06-30T08:02:41.877043,2026-06-29T22:02:42.723890+00:00,105.2,325,ask,,,13349108
2026-06-30T08:02:42.500348,2026-06-29T22:02:43.354179+00:00,68.5,200,bid,,,13349117
2026-06-30T08:02:42.704649,2026-06-29T22:02:43.549029+00:00,68.5,300,bid,,,13349124
2026-06-30T08:02:43.082764,2026-06-29T22:02:43.940167+00:00,104.8,325,ask,,,13349131
2026-06-30T08:02:43.714589,2026-06-29T22:02:44.570055+00:00,68.5,200,bid,,,13349140
2026-06-30T08:02:44.012839,2026-06-29T22:02:44.864947+00:00,68.5,300,bid,,,13349147
2026-06-30T08:02:44.306166,2026-06-29T22:02:45.158014+00:00,104.5,325,ask,,,13349155
2026-06-30T08:02:44.921757,2026-06-29T22:02:45.767569+00:00,68.6,200,bid,,,13349165
2026-06-30T08:02:45.322356,2026-06-29T22:02:46.167902+00:00,68.6,300,bid,,,13349171
2026-06-30T08:02:45.511338,2026-06-29T22:02:46.364217+00:00,104.0,325,ask,,,13349176
2026-06-30T08:02:46.131714,2026-06-29T22:02:46.984376+00:00,68.6,200,bid,,,13349190
2026-06-30T08:02:46.631912,2026-06-29T22:02:47.474052+00:00,68.6,300,bid,,,13349203
2026-06-30T08:02:46.712654,2026-06-29T22:02:47.561231+00:00,103.5,325,ask,,,13349209
2026-06-30T08:02:47.338365,2026-06-29T22:02:48.190946+00:00,68.6,200,bid,,,13349213
2026-06-30T08:02:47.938542,2026-06-29T22:02:48.789040+00:00,68.6,500,bid,,,13349224
2026-06-30T08:02:48.522396,2026-06-29T22:02:49.366444+00:00,103.2,125,ask,,,13349234
2026-06-30T08:02:48.544205,2026-06-29T22:02:49.388140+00:00,68.6,200,bid,,,13349236
2026-06-30T08:02:49.246404,2026-06-29T22:02:50.095006+00:00,68.6,500,bid,,,13349245
2026-06-30T08:02:49.727119,2026-06-29T22:02:50.585227+00:00,102.9,125,ask,,,13349251
2026-06-30T08:02:49.751423,2026-06-29T22:02:50.596289+00:00,68.6,200,bid,,,13349253
2026-06-30T08:02:50.554704,2026-06-29T22:02:51.399700+00:00,68.5,500,bid,,,13349264
2026-06-30T08:02:50.947660,2026-06-29T22:02:51.802893+00:00,102.6,125,ask,,,13349270
2026-06-30T08:02:50.962951,2026-06-29T22:02:51.813955+00:00,68.5,200,bid,,,13349273
2026-06-30T08:02:51.352269,2026-06-29T22:02:52.196014+00:00,68.1,20,ask,,,13349283
2026-06-30T08:02:51.863642,2026-06-29T22:02:52.708087+00:00,68.5,500,bid,,,13349292
2026-06-30T08:02:52.152028,2026-06-29T22:02:53.003020+00:00,102.3,125,ask,,,13349298
2026-06-30T08:02:52.170228,2026-06-29T22:02:53.025158+00:00,68.5,200,bid,,,13349301
2026-06-30T08:02:53.172920,2026-06-29T22:02:54.025008+00:00,68.5,500,bid,,,13349311
2026-06-30T08:02:53.359700,2026-06-29T22:02:54.210788+00:00,102.0,125,ask,,,13349317
2026-06-30T08:02:53.377459,2026-06-29T22:02:54.221851+00:00,68.5,200,bid,,,13349320
2026-06-30T08:02:54.482275,2026-06-29T22:02:55.330820+00:00,68.6,500,bid,,,13349340
2026-06-30T08:02:54.564938,2026-06-29T22:02:55.418401+00:00,101.6,125,ask,,,13349345
2026-06-30T08:02:54.583675,2026-06-29T22:02:55.428980+00:00,68.6,200,bid,,,13349347
2026-06-30T08:02:55.790743,2026-06-29T22:02:56.639732+00:00,68.6,500,bid,,,13349367
2026-06-30T08:02:55.803916,2026-06-29T22:02:56.650795+00:00,101.5,200,bid,,,13349369
2026-06-30T08:02:56.398814,2026-06-29T22:02:57.248811+00:00,101.3,125,ask,,,13349383
2026-06-30T08:02:57.016223,2026-06-29T22:02:57.858342+00:00,68.6,200,bid,,,13349389
2026-06-30T08:02:57.097861,2026-06-29T22:02:57.946386+00:00,68.6,300,bid,,,13349394
2026-06-30T08:02:57.604363,2026-06-29T22:02:58.447186+00:00,100.9,325,ask,,,13349400
2026-06-30T08:02:58.222577,2026-06-29T22:02:59.069009+00:00,68.5,200,bid,,,13349413
2026-06-30T08:02:58.405725,2026-06-29T22:02:59.266294+00:00,68.5,300,bid,,,13349418
2026-06-30T08:02:58.807290,2026-06-29T22:02:59.656542+00:00,100.5,325,ask,,,13349426
2026-06-30T08:02:59.428901,2026-06-29T22:03:00.277841+00:00,68.5,200,bid,,,13349438
2026-06-30T08:02:59.550062,2026-06-29T22:03:00.408777+00:00,68.5,20,bid,,,13349444
2026-06-30T08:02:59.714974,2026-06-29T22:03:00.560796+00:00,68.5,280,bid,,,13349446
2026-06-30T08:03:00.017920,2026-06-29T22:03:00.865285+00:00,100.2,345,ask,,,13349455
2026-06-30T08:03:00.636448,2026-06-29T22:03:01.481255+00:00,68.4,200,bid,,,13349467
2026-06-30T08:03:01.024464,2026-06-29T22:03:01.872870+00:00,68.4,300,bid,,,13349475
2026-06-30T08:03:01.219793,2026-06-29T22:03:02.067686+00:00,99.8,325,ask,,,13349481
2026-06-30T08:03:01.842998,2026-06-29T22:03:02.688938+00:00,68.4,200,bid,,,13349488
2026-06-30T08:03:01.892988,2026-06-29T22:03:02.744268+00:00,68.4,20,bid,,,13349489
2026-06-30T08:03:02.333060,2026-06-29T22:03:03.179009+00:00,68.4,280,bid,,,13349502
2026-06-30T08:03:02.445901,2026-06-29T22:03:03.298352+00:00,99.5,345,ask,,,13349508
2026-06-30T08:03:03.063924,2026-06-29T22:03:03.918590+00:00,68.4,200,bid,,,13349519
2026-06-30T08:03:03.668169,2026-06-29T22:03:04.516572+00:00,68.4,500,bid,,,13349528
2026-06-30T08:03:03.690609,2026-06-29T22:03:04.538260+00:00,99.2,20,ask,,,13349531
2026-06-30T08:03:04.251218,2026-06-29T22:03:05.101123+00:00,99.2,105,ask,,,13349539
2026-06-30T08:03:04.270600,2026-06-29T22:03:05.123258+00:00,68.4,200,bid,,,13349542
2026-06-30T08:03:04.985581,2026-06-29T22:03:05.832052+00:00,68.5,500,bid,,,13349555
2026-06-30T08:03:05.456194,2026-06-29T22:03:06.298310+00:00,98.7,125,ask,,,13349564
2026-06-30T08:03:05.483884,2026-06-29T22:03:06.331033+00:00,68.4,200,bid,,,13349568
2026-06-30T08:03:06.299707,2026-06-29T22:03:07.147870+00:00,68.4,500,bid,,,13349574
2026-06-30T08:03:06.661871,2026-06-29T22:03:07.507751+00:00,98.3,125,ask,,,13349581
2026-06-30T08:03:06.691742,2026-06-29T22:03:07.539942+00:00,68.5,200,bid,,,13349583
2026-06-30T08:03:07.616416,2026-06-29T22:03:08.463362+00:00,68.5,500,bid,,,13349593
2026-06-30T08:03:07.869991,2026-06-29T22:03:08.713081+00:00,98.2,125,ask,,,13349601
2026-06-30T08:03:07.899264,2026-06-29T22:03:08.746317+00:00,68.4,200,bid,,,13349604
2026-06-30T08:03:08.927679,2026-06-29T22:03:09.775349+00:00,68.5,500,bid,,,13349618
2026-06-30T08:03:09.090542,2026-06-29T22:03:09.938026+00:00,98.0,125,ask,,,13349626
2026-06-30T08:03:09.107190,2026-06-29T22:03:09.959686+00:00,68.4,200,bid,,,13349628
2026-06-30T08:03:10.239090,2026-06-29T22:03:11.088808+00:00,68.5,500,bid,,,13349638
2026-06-30T08:03:10.303676,2026-06-29T22:03:11.155217+00:00,97.7,125,ask,,,13349642
2026-06-30T08:03:10.321957,2026-06-29T22:03:11.166277+00:00,68.4,200,bid,,,13349644
2026-06-30T08:03:11.530239,2026-06-29T22:03:12.383034+00:00,68.4,200,bid,,,13349660
2026-06-30T08:03:11.549752,2026-06-29T22:03:12.394097+00:00,68.4,300,bid,,,13349662
2026-06-30T08:03:12.104946,2026-06-29T22:03:12.948391+00:00,97.4,325,ask,,,13349682
2026-06-30T08:03:12.736664,2026-06-29T22:03:13.579645+00:00,68.5,200,bid,,,13349694
2026-06-30T08:03:12.860303,2026-06-29T22:03:13.710098+00:00,68.5,300,bid,,,13349700
2026-06-30T08:03:13.313139,2026-06-29T22:03:14.157463+00:00,97.1,325,ask,,,13349704
2026-06-30T08:03:13.735656,2026-06-29T22:03:14.580848+00:00,68.2,20,ask,,,13349707
2026-06-30T08:03:13.944000,2026-06-29T22:03:14.787674+00:00,68.6,200,bid,,,13349712
2026-06-30T08:03:14.173070,2026-06-29T22:03:15.017239+00:00,68.6,300,bid,,,13349719
2026-06-30T08:03:14.532842,2026-06-29T22:03:15.375992+00:00,96.7,325,ask,,,13349721
2026-06-30T08:03:15.152487,2026-06-29T22:03:15.995010+00:00,68.6,200,bid,,,13349732
2026-06-30T08:03:15.486878,2026-06-29T22:03:16.331844+00:00,68.6,300,bid,,,13349738
2026-06-30T08:03:15.739099,2026-06-29T22:03:16.583013+00:00,96.3,325,ask,,,13349744
2026-06-30T08:03:16.359369,2026-06-29T22:03:17.212846+00:00,68.6,200,bid,,,13349760
2026-06-30T08:03:16.795881,2026-06-29T22:03:17.647229+00:00,68.6,300,bid,,,13349771
2026-06-30T08:03:16.944942,2026-06-29T22:03:17.788267+00:00,96.0,325,ask,,,13349777
2026-06-30T08:03:17.566869,2026-06-29T22:03:18.418425+00:00,68.6,200,bid,,,13349787
2026-06-30T08:03:18.103838,2026-06-29T22:03:18.951984+00:00,68.6,300,bid,,,13349794
2026-06-30T08:03:18.149060,2026-06-29T22:03:18.996237+00:00,95.7,325,ask,,,13349799
2026-06-30T08:03:18.775714,2026-06-29T22:03:19.628462+00:00,68.6,200,bid,,,13349804
2026-06-30T08:03:19.412925,2026-06-29T22:03:20.268312+00:00,68.6,500,bid,,,13349815
2026-06-30T08:03:19.958606,2026-06-29T22:03:20.810991+00:00,95.3,125,ask,,,13349824
2026-06-30T08:03:19.983779,2026-06-29T22:03:20.833126+00:00,68.7,200,bid,,,13349826
2026-06-30T08:03:20.720705,2026-06-29T22:03:21.572070+00:00,68.7,500,bid,,,13349833
2026-06-30T08:03:21.182211,2026-06-29T22:03:22.050899+00:00,95.1,125,ask,,,13349839
2026-06-30T08:03:21.200011,2026-06-29T22:03:22.050899+00:00,68.7,200,bid,,,13349841
2026-06-30T08:03:22.028790,2026-06-29T22:03:22.878509+00:00,68.7,500,bid,,,13349853
2026-06-30T08:03:22.384886,2026-06-29T22:03:23.237914+00:00,94.7,125,ask,,,13349860
2026-06-30T08:03:22.407264,2026-06-29T22:03:23.259099+00:00,68.7,200,bid,,,13349863
2026-06-30T08:03:23.339260,2026-06-29T22:03:24.197385+00:00,68.7,500,bid,,,13349883
2026-06-30T08:03:23.589562,2026-06-29T22:03:24.436489+00:00,94.4,125,ask,,,13349889
2026-06-30T08:03:23.614179,2026-06-29T22:03:24.458180+00:00,68.8,200,bid,,,13349892
2026-06-30T08:03:24.649175,2026-06-29T22:03:25.501221+00:00,68.7,500,bid,,,13349905
2026-06-30T08:03:24.797874,2026-06-29T22:03:25.642142+00:00,94.1,125,ask,,,13349908
2026-06-30T08:03:24.820034,2026-06-29T22:03:25.664270+00:00,68.7,200,bid,,,13349911
2026-06-30T08:03:25.123769,2026-06-29T22:03:25.967871+00:00,68.3,20,ask,,,13349919
2026-06-30T08:03:25.955998,2026-06-29T22:03:26.803031+00:00,68.7,500,bid,,,13349925
2026-06-30T08:03:26.000711,2026-06-29T22:03:26.847292+00:00,93.7,125,ask,,,13349928
2026-06-30T08:03:26.028080,2026-06-29T22:03:26.879072+00:00,68.7,200,bid,,,13349932
2026-06-30T08:03:27.239738,2026-06-29T22:03:28.088265+00:00,68.8,200,bid,,,13349946
2026-06-30T08:03:27.265184,2026-06-29T22:03:28.109947+00:00,68.8,300,bid,,,13349947
2026-06-30T08:03:27.822937,2026-06-29T22:03:28.666138+00:00,93.3,325,ask,,,13349964
2026-06-30T08:03:28.445981,2026-06-29T22:03:29.298585+00:00,68.8,200,bid,,,13349979
2026-06-30T08:03:28.574450,2026-06-29T22:03:29.418408+00:00,68.8,300,bid,,,13349983
2026-06-30T08:03:29.030571,2026-06-29T22:03:29.875044+00:00,92.9,325,ask,,,13349990
2026-06-30T08:03:29.653097,2026-06-29T22:03:30.496277+00:00,68.8,200,bid,,,13349998
2026-06-30T08:03:29.883056,2026-06-29T22:03:30.726386+00:00,68.8,300,bid,,,13350002
2026-06-30T08:03:30.238991,2026-06-29T22:03:31.085354+00:00,92.7,325,ask,,,13350008
2026-06-30T08:03:30.863202,2026-06-29T22:03:31.714018+00:00,68.7,200,bid,,,13350014
2026-06-30T08:03:31.195422,2026-06-29T22:03:32.037699+00:00,68.7,300,bid,,,13350020
2026-06-30T08:03:31.441435,2026-06-29T22:03:32.287901+00:00,92.1,325,ask,,,13350023
2026-06-30T08:03:32.070340,2026-06-29T22:03:32.917153+00:00,68.8,200,bid,,,13350029
2026-06-30T08:03:32.504570,2026-06-29T22:03:33.349739+00:00,68.8,300,bid,,,13350036
2026-06-30T08:03:32.664343,2026-06-29T22:03:33.513316+00:00,91.9,325,ask,,,13350045
2026-06-30T08:03:33.280437,2026-06-29T22:03:34.130037+00:00,68.8,200,bid,,,13350059
2026-06-30T08:03:33.812583,2026-06-29T22:03:34.686188+00:00,68.8,300,bid,,,13350066
2026-06-30T08:03:33.867142,2026-06-29T22:03:34.717934+00:00,91.6,325,ask,,,13350070
2026-06-30T08:03:34.491672,2026-06-29T22:03:35.338826+00:00,68.8,200,bid,,,13350081
2026-06-30T08:03:35.121546,2026-06-29T22:03:35.970108+00:00,68.8,500,bid,,,13350090
2026-06-30T08:03:35.677201,2026-06-29T22:03:36.524300+00:00,91.3,125,ask,,,13350098
2026-06-30T08:03:35.697820,2026-06-29T22:03:36.546432+00:00,68.8,200,bid,,,13350100
2026-06-30T08:03:36.431964,2026-06-29T22:03:37.276144+00:00,68.8,500,bid,,,13350110
2026-06-30T08:03:36.879287,2026-06-29T22:03:37.732243+00:00,91.0,125,ask,,,13350126
2026-06-30T08:03:36.904145,2026-06-29T22:03:37.754456+00:00,68.8,200,bid,,,13350129
2026-06-30T08:03:37.740472,2026-06-29T22:03:38.592060+00:00,68.7,500,bid,,,13350149
2026-06-30T08:03:38.090227,2026-06-29T22:03:38.942934+00:00,90.8,125,ask,,,13350159
2026-06-30T08:03:38.090227,2026-06-29T22:03:38.942934+00:00,79.3,8,ask,,,13350160
2026-06-30T08:03:38.125931,2026-06-29T22:03:38.976129+00:00,68.8,200,bid,,,13350162
2026-06-30T08:03:39.048970,2026-06-29T22:03:39.898782+00:00,68.8,500,bid,,,13350167
2026-06-30T08:03:39.312897,2026-06-29T22:03:40.157688+00:00,90.3,125,ask,,,13350169
2026-06-30T08:03:39.334020,2026-06-29T22:03:40.178846+00:00,68.8,200,bid,,,13350171
2026-06-30T08:03:40.357869,2026-06-29T22:03:41.204250+00:00,68.8,500,bid,,,13350201
2026-06-30T08:03:40.519963,2026-06-29T22:03:41.367896+00:00,90.0,125,ask,,,13350206
2026-06-30T08:03:40.541232,2026-06-29T22:03:41.389052+00:00,68.8,200,bid,,,13350209
2026-06-30T08:03:41.253742,2026-06-29T22:03:42.097730+00:00,68.3,20,ask,,,13350220
2026-06-30T08:03:41.664544,2026-06-29T22:03:42.511973+00:00,68.8,500,bid,,,13350226
2026-06-30T08:03:41.723925,2026-06-29T22:03:42.567318+00:00,89.7,125,ask,,,13350229
2026-06-30T08:03:41.748636,2026-06-29T22:03:42.599148+00:00,68.8,200,bid,,,13350232
2026-06-30T08:03:42.957005,2026-06-29T22:03:43.807600+00:00,68.8,200,bid,,,13350250
2026-06-30T08:03:42.970840,2026-06-29T22:03:43.817712+00:00,68.8,300,bid,,,13350251
2026-06-30T08:03:43.533753,2026-06-29T22:03:44.384050+00:00,89.6,325,ask,,,13350270
2026-06-30T08:03:44.164408,2026-06-29T22:03:45.012819+00:00,68.7,200,bid,,,13350282
2026-06-30T08:03:44.278538,2026-06-29T22:03:45.131805+00:00,68.7,300,bid,,,13350288
2026-06-30T08:03:44.757072,2026-06-29T22:03:45.609077+00:00,89.3,325,ask,,,13350295
2026-06-30T08:03:45.374911,2026-06-29T22:03:46.217579+00:00,68.7,200,bid,,,13350301
2026-06-30T08:03:45.587570,2026-06-29T22:03:46.436133+00:00,68.7,300,bid,,,13350305
2026-06-30T08:03:45.966755,2026-06-29T22:03:46.817676+00:00,89.0,325,ask,,,13350309
2026-06-30T08:03:46.593703,2026-06-29T22:03:47.437394+00:00,68.7,200,bid,,,13350315
2026-06-30T08:03:46.894801,2026-06-29T22:03:47.741001+00:00,68.7,300,bid,,,13350323
2026-06-30T08:03:47.171305,2026-06-29T22:03:48.023957+00:00,88.7,325,ask,,,13350331
2026-06-30T08:03:47.803424,2026-06-29T22:03:48.647204+00:00,68.7,200,bid,,,13350342
2026-06-30T08:03:48.203940,2026-06-29T22:03:49.047589+00:00,68.7,300,bid,,,13350346
2026-06-30T08:03:48.378677,2026-06-29T22:03:49.230928+00:00,88.4,325,ask,,,13350351
2026-06-30T08:03:49.009763,2026-06-29T22:03:49.862468+00:00,68.7,200,bid,,,13350361
2026-06-30T08:03:49.514174,2026-06-29T22:03:50.360889+00:00,68.7,300,bid,,,13350370
2026-06-30T08:03:49.579668,2026-06-29T22:03:50.427266+00:00,88.1,325,ask,,,13350374
2026-06-30T08:03:50.218156,2026-06-29T22:03:51.068966+00:00,68.6,200,bid,,,13350381
2026-06-30T08:03:50.825508,2026-06-29T22:03:51.668558+00:00,68.6,500,bid,,,13350392
2026-06-30T08:03:51.413414,2026-06-29T22:03:52.256476+00:00,87.7,125,ask,,,13350402
2026-06-30T08:03:51.431980,2026-06-29T22:03:52.278143+00:00,68.6,200,bid,,,13350404
2026-06-30T08:03:52.137346,2026-06-29T22:03:52.987152+00:00,68.6,500,bid,,,13350422
2026-06-30T08:03:52.142553,2026-06-29T22:03:52.987152+00:00,87.5,20,bid,,,13350423
2026-06-30T08:03:52.616626,2026-06-29T22:03:53.473962+00:00,87.3,125,ask,,,13350429
2026-06-30T08:03:52.638092,2026-06-29T22:03:53.485025+00:00,68.7,200,bid,,,13350430
2026-06-30T08:03:53.445009,2026-06-29T22:03:54.297396+00:00,68.7,500,bid,,,13350443
2026-06-30T08:03:53.822875,2026-06-29T22:03:54.676407+00:00,87.0,125,ask,,,13350450
2026-06-30T08:03:53.845056,2026-06-29T22:03:54.698102+00:00,68.7,200,bid,,,13350451
2026-06-30T08:03:54.751981,2026-06-29T22:03:55.597689+00:00,68.7,500,bid,,,13350463
2026-06-30T08:03:55.028485,2026-06-29T22:03:55.878630+00:00,86.7,125,ask,,,13350467
2026-06-30T08:03:55.051985,2026-06-29T22:03:55.900813+00:00,68.7,200,bid,,,13350468
2026-06-30T08:03:56.059858,2026-06-29T22:03:56.907482+00:00,68.7,500,bid,,,13350481
2026-06-30T08:03:56.237540,2026-06-29T22:03:57.090741+00:00,86.3,125,ask,,,13350488
2026-06-30T08:03:56.261614,2026-06-29T22:03:57.112901+00:00,68.7,200,bid,,,13350491
2026-06-30T08:03:57.366816,2026-06-29T22:03:58.220821+00:00,68.7,500,bid,,,13350503
2026-06-30T08:03:57.462916,2026-06-29T22:03:58.307897+00:00,85.9,125,ask,,,13350508
2026-06-30T08:03:57.479133,2026-06-29T22:03:58.329063+00:00,68.7,200,bid,,,13350512
2026-06-30T08:03:58.689031,2026-06-29T22:03:59.542152+00:00,68.7,500,bid,,,13350536
2026-06-30T08:03:58.692817,2026-06-29T22:03:59.542152+00:00,113.1,200,ask,,,13350537
2026-06-30T08:03:59.279453,2026-06-29T22:04:00.127704+00:00,85.6,125,ask,,,13350551
2026-06-30T08:03:59.898843,2026-06-29T22:04:00.746423+00:00,68.7,200,bid,,,13350558
2026-06-30T08:03:59.998004,2026-06-29T22:04:00.842134+00:00,68.7,300,bid,,,13350563
2026-06-30T08:04:00.481520,2026-06-29T22:04:01.329063+00:00,85.4,325,ask,,,13350570
2026-06-30T08:04:01.107300,2026-06-29T22:04:01.957707+00:00,68.8,200,bid,,,13350578
2026-06-30T08:04:01.306378,2026-06-29T22:04:02.153035+00:00,68.8,300,bid,,,13350584
2026-06-30T08:04:01.686958,2026-06-29T22:04:02.534040+00:00,85.2,325,ask,,,13350588
2026-06-30T08:04:02.315094,2026-06-29T22:04:03.161983+00:00,68.8,200,bid,,,13350591
2026-06-30T08:04:02.613063,2026-06-29T22:04:03.457434+00:00,68.8,300,bid,,,13350596
2026-06-30T08:04:02.913599,2026-06-29T22:04:03.760621+00:00,84.8,325,ask,,,13350602
2026-06-30T08:04:03.532416,2026-06-29T22:04:04.381118+00:00,68.9,200,bid,,,13350609
2026-06-30T08:04:03.918954,2026-06-29T22:04:04.762130+00:00,68.9,300,bid,,,13350615
2026-06-30T08:04:04.118083,2026-06-29T22:04:04.968109+00:00,84.4,325,ask,,,13350618
2026-06-30T08:04:04.742274,2026-06-29T22:04:05.589791+00:00,68.8,200,bid,,,13350629
2026-06-30T08:04:05.230280,2026-06-29T22:04:06.079742+00:00,68.8,300,bid,,,13350638
2026-06-30T08:04:05.321662,2026-06-29T22:04:06.178399+00:00,84.2,325,ask,,,13350642
2026-06-30T08:04:05.949102,2026-06-29T22:04:06.798008+00:00,68.8,200,bid,,,13350656
2026-06-30T08:04:06.549141,2026-06-29T22:04:07.397629+00:00,68.8,500,bid,,,13350662
2026-06-30T08:04:07.131866,2026-06-29T22:04:07.985567+00:00,83.9,125,ask,,,13350670
2026-06-30T08:04:07.156547,2026-06-29T22:04:08.007667+00:00,68.9,200,bid,,,13350672
2026-06-30T08:04:07.858628,2026-06-29T22:04:08.706253+00:00,68.8,500,bid,,,13350685
2026-06-30T08:04:08.338440,2026-06-29T22:04:09.182944+00:00,83.4,125,ask,,,13350695
2026-06-30T08:04:08.363774,2026-06-29T22:04:09.216134+00:00,68.9,200,bid,,,13350698
2026-06-30T08:04:09.167687,2026-06-29T22:04:10.018838+00:00,68.8,500,bid,,,13350710
2026-06-30T08:04:09.563075,2026-06-29T22:04:10.410888+00:00,83.0,125,ask,,,13350716
2026-06-30T08:04:09.580344,2026-06-29T22:04:10.432999+00:00,68.8,200,bid,,,13350718
2026-06-30T08:04:10.139592,2026-06-29T22:04:10.987721+00:00,68.4,20,ask,,,13350729
2026-06-30T08:04:10.480598,2026-06-29T22:04:11.334998+00:00,68.9,500,bid,,,13350731
2026-06-30T08:04:10.762355,2026-06-29T22:04:11.606400+00:00,82.8,125,ask,,,13350737
2026-06-30T08:04:10.787255,2026-06-29T22:04:11.638670+00:00,68.9,200,bid,,,13350738
2026-06-30T08:04:11.791127,2026-06-29T22:04:12.640952+00:00,68.9,500,bid,,,13350753
2026-06-30T08:04:11.969698,2026-06-29T22:04:12.816067+00:00,82.5,125,ask,,,13350758
2026-06-30T08:04:11.994473,2026-06-29T22:04:12.837756+00:00,68.9,200,bid,,,13350761
2026-06-30T08:04:13.098701,2026-06-29T22:04:13.946075+00:00,68.9,500,bid,,,13350775
2026-06-30T08:04:13.173461,2026-06-29T22:04:14.022156+00:00,82.2,125,ask,,,13350777
2026-06-30T08:04:13.201643,2026-06-29T22:04:14.055394+00:00,68.9,200,bid,,,13350779
2026-06-30T08:04:14.405684,2026-06-29T22:04:15.258308+00:00,68.9,500,bid,,,13350792
2026-06-30T08:04:14.428820,2026-06-29T22:04:15.279980+00:00,82.2,200,bid,,,13350794
2026-06-30T08:04:15.002988,2026-06-29T22:04:15.847246+00:00,82.0,125,ask,,,13350808
2026-06-30T08:04:15.639336,2026-06-29T22:04:16.490124+00:00,68.8,200,bid,,,13350815
2026-06-30T08:04:15.714698,2026-06-29T22:04:16.567137+00:00,68.8,300,bid,,,13350822
2026-06-30T08:04:16.208076,2026-06-29T22:04:17.068027+00:00,81.9,325,ask,,,13350829
2026-06-30T08:04:16.846232,2026-06-29T22:04:17.698777+00:00,68.8,200,bid,,,13350834
2026-06-30T08:04:17.022973,2026-06-29T22:04:17.874965+00:00,68.8,300,bid,,,13350843
2026-06-30T08:04:17.022973,2026-06-29T22:04:17.874965+00:00,68.8,19,bid,,,13350844
2026-06-30T08:04:17.412212,2026-06-29T22:04:18.266084+00:00,81.6,306,ask,,,13350851
2026-06-30T08:04:18.035712,2026-06-29T22:04:18.887834+00:00,68.8,6,bid,,,13350858
2026-06-30T08:04:18.056691,2026-06-29T22:04:18.908996+00:00,68.8,200,bid,,,13350860
2026-06-30T08:04:18.165478,2026-06-29T22:04:19.018247+00:00,68.8,20,bid,,,13350867
2026-06-30T08:04:18.330953,2026-06-29T22:04:19.180826+00:00,68.8,274,bid,,,13350869
2026-06-30T08:04:18.618408,2026-06-29T22:04:19.464227+00:00,81.4,351,ask,,,13350873
2026-06-30T08:04:19.263857,2026-06-29T22:04:20.114333+00:00,68.8,200,bid,,,13350881
2026-06-30T08:04:19.640165,2026-06-29T22:04:20.483309+00:00,68.8,300,bid,,,13350892
2026-06-30T08:04:19.828689,2026-06-29T22:04:20.678207+00:00,81.1,325,ask,,,13350899
2026-06-30T08:04:20.474320,2026-06-29T22:04:21.319028+00:00,68.8,200,bid,,,13350902
2026-06-30T08:04:20.948421,2026-06-29T22:04:21.797684+00:00,68.8,300,bid,,,13350911
2026-06-30T08:04:21.045217,2026-06-29T22:04:21.896324+00:00,80.7,325,ask,,,13350915
2026-06-30T08:04:21.680704,2026-06-29T22:04:22.528267+00:00,68.7,200,bid,,,13350920
2026-06-30T08:04:22.273035,2026-06-29T22:04:23.116221+00:00,68.7,500,bid,,,13350930
2026-06-30T08:04:22.854913,2026-06-29T22:04:23.701241+00:00,80.4,125,ask,,,13350938
2026-06-30T08:04:22.887283,2026-06-29T22:04:23.734431+00:00,68.7,200,bid,,,13350940
2026-06-30T08:04:23.223442,2026-06-29T22:04:24.072205+00:00,68.2,20,ask,,,13350943
2026-06-30T08:04:23.585421,2026-06-29T22:04:24.431127+00:00,68.7,500,bid,,,13350948
2026-06-30T08:04:24.058880,2026-06-29T22:04:24.908457+00:00,79.9,125,ask,,,13350963
2026-06-30T08:04:24.094632,2026-06-29T22:04:24.941191+00:00,68.7,200,bid,,,13350964
2026-06-30T08:04:24.894706,2026-06-29T22:04:25.747587+00:00,68.7,500,bid,,,13350972
2026-06-30T08:04:25.268164,2026-06-29T22:04:26.117682+00:00,79.7,125,ask,,,13350982
2026-06-30T08:04:25.303200,2026-06-29T22:04:26.149981+00:00,68.7,200,bid,,,13350983
2026-06-30T08:04:26.202140,2026-06-29T22:04:27.053987+00:00,68.7,500,bid,,,13350995
2026-06-30T08:04:26.467610,2026-06-29T22:04:27.314191+00:00,79.4,125,ask,,,13351001
2026-06-30T08:04:26.510648,2026-06-29T22:04:27.357469+00:00,68.7,200,bid,,,13351003
2026-06-30T08:04:27.509706,2026-06-29T22:04:28.355313+00:00,68.7,500,bid,,,13351014
2026-06-30T08:04:27.692555,2026-06-29T22:04:28.539631+00:00,79.1,125,ask,,,13351016
2026-06-30T08:04:27.718186,2026-06-29T22:04:28.561757+00:00,68.7,200,bid,,,13351018
2026-06-30T08:04:28.817418,2026-06-29T22:04:29.663214+00:00,68.7,500,bid,,,13351038
2026-06-30T08:04:28.896280,2026-06-29T22:04:29.739754+00:00,78.7,125,ask,,,13351041
2026-06-30T08:04:28.925630,2026-06-29T22:04:29.772941+00:00,68.7,200,bid,,,13351043
2026-06-30T08:04:30.123969,2026-06-29T22:04:30.979896+00:00,68.7,500,bid,,,13351056
2026-06-30T08:04:30.136363,2026-06-29T22:04:30.979896+00:00,78.6,200,bid,,,13351058
2026-06-30T08:04:30.704998,2026-06-29T22:04:31.548230+00:00,78.4,125,ask,,,13351070
2026-06-30T08:04:31.343582,2026-06-29T22:04:32.190053+00:00,68.7,200,bid,,,13351077
2026-06-30T08:04:31.431721,2026-06-29T22:04:32.277655+00:00,68.7,300,bid,,,13351080
2026-06-30T08:04:31.908219,2026-06-29T22:04:32.755391+00:00,78.2,325,ask,,,13351083
2026-06-30T08:04:32.550313,2026-06-29T22:04:33.406539+00:00,68.7,200,bid,,,13351088
2026-06-30T08:04:32.737526,2026-06-29T22:04:33.624007+00:00,68.7,300,bid,,,13351093
2026-06-30T08:04:33.131717,2026-06-29T22:04:33.982965+00:00,77.7,325,ask,,,13351101
2026-06-30T08:04:33.756460,2026-06-29T22:04:34.601102+00:00,68.7,200,bid,,,13351108
2026-06-30T08:04:34.045071,2026-06-29T22:04:34.897105+00:00,68.7,300,bid,,,13351113
2026-06-30T08:04:34.340212,2026-06-29T22:04:35.191115+00:00,77.6,325,ask,,,13351116
2026-06-30T08:04:34.964324,2026-06-29T22:04:35.809853+00:00,68.6,200,bid,,,13351120
2026-06-30T08:04:35.173585,2026-06-29T22:04:36.017742+00:00,68.2,20,ask,,,13351124
2026-06-30T08:04:35.363719,2026-06-29T22:04:36.214069+00:00,68.6,300,bid,,,13351132
2026-06-30T08:04:35.544157,2026-06-29T22:04:36.388410+00:00,77.3,325,ask,,,13351139
2026-06-30T08:04:36.170683,2026-06-29T22:04:37.019665+00:00,68.6,200,bid,,,13351148
2026-06-30T08:04:36.673621,2026-06-29T22:04:37.519995+00:00,68.6,300,bid,,,13351157
2026-06-30T08:04:36.745947,2026-06-29T22:04:37.597437+00:00,77.0,325,ask,,,13351158
2026-06-30T08:04:37.378487,2026-06-29T22:04:38.227776+00:00,68.7,200,bid,,,13351163
2026-06-30T08:04:37.980687,2026-06-29T22:04:38.826896+00:00,68.7,500,bid,,,13351179
2026-06-30T08:04:38.557941,2026-06-29T22:04:39.407329+00:00,76.7,125,ask,,,13351185
2026-06-30T08:04:38.588594,2026-06-29T22:04:39.439615+00:00,68.7,200,bid,,,13351188
2026-06-30T08:04:39.288290,2026-06-29T22:04:40.135536+00:00,68.7,500,bid,,,13351199
2026-06-30T08:04:39.779500,2026-06-29T22:04:40.635470+00:00,76.3,125,ask,,,13351210
2026-06-30T08:04:39.801726,2026-06-29T22:04:40.646532+00:00,68.7,200,bid,,,13351212
2026-06-30T08:04:40.596449,2026-06-29T22:04:41.441073+00:00,68.7,500,bid,,,13351230
2026-06-30T08:04:40.984364,2026-06-29T22:04:41.832266+00:00,76.1,125,ask,,,13351236
2026-06-30T08:04:41.013249,2026-06-29T22:04:41.865454+00:00,68.8,200,bid,,,13351237
2026-06-30T08:04:41.656047,2026-06-29T22:04:42.507306+00:00,68.3,20,ask,,,13351243
2026-06-30T08:04:41.905868,2026-06-29T22:04:42.755479+00:00,68.8,500,bid,,,13351247
2026-06-30T08:04:42.189595,2026-06-29T22:04:43.039117+00:00,75.7,125,ask,,,13351252
2026-06-30T08:04:42.219747,2026-06-29T22:04:43.072264+00:00,68.8,200,bid,,,13351253
2026-06-30T08:04:43.203465,2026-06-29T22:04:44.052842+00:00,68.8,20,bid,,,13351270
2026-06-30T08:04:43.213274,2026-06-29T22:04:44.063904+00:00,68.8,480,bid,,,13351271
2026-06-30T08:04:43.396549,2026-06-29T22:04:44.248173+00:00,75.4,145,ask,,,13351277
2026-06-30T08:04:43.431110,2026-06-29T22:04:44.280897+00:00,68.8,200,bid,,,13351279
2026-06-30T08:04:44.521235,2026-06-29T22:04:45.366535+00:00,68.8,500,bid,,,13351291
2026-06-30T08:04:44.603763,2026-06-29T22:04:45.454161+00:00,75.0,125,ask,,,13351297
2026-06-30T08:04:44.617991,2026-06-29T22:04:45.465224+00:00,68.7,20,bid,,,13351300
2026-06-30T08:04:44.638868,2026-06-29T22:04:45.487350+00:00,68.7,200,bid,,,13351302
2026-06-30T08:04:45.839670,2026-06-29T22:04:46.694153+00:00,68.7,500,bid,,,13351320
2026-06-30T08:04:45.849878,2026-06-29T22:04:46.694153+00:00,75.1,200,bid,,,13351322
2026-06-30T08:04:46.426441,2026-06-29T22:04:47.269958+00:00,74.9,125,ask,,,13351332
2026-06-30T08:04:47.056454,2026-06-29T22:04:47.901233+00:00,68.7,200,bid,,,13351341
2026-06-30T08:04:47.146351,2026-06-29T22:04:47.999816+00:00,68.7,300,bid,,,13351347
2026-06-30T08:04:47.633911,2026-06-29T22:04:48.481314+00:00,74.7,325,ask,,,13351355
2026-06-30T08:04:48.262847,2026-06-29T22:04:49.114055+00:00,68.7,200,bid,,,13351360
2026-06-30T08:04:48.454309,2026-06-29T22:04:49.298367+00:00,68.7,300,bid,,,13351365
2026-06-30T08:04:48.837872,2026-06-29T22:04:49.690966+00:00,74.4,325,ask,,,13351374
2026-06-30T08:04:49.243615,2026-06-29T22:04:50.093518+00:00,68.7,20,bid,,,13351379
2026-06-30T08:04:49.469602,2026-06-29T22:04:50.321121+00:00,68.7,200,bid,,,13351382
2026-06-30T08:04:49.762787,2026-06-29T22:04:50.616554+00:00,68.7,300,bid,,,13351388
2026-06-30T08:04:50.044163,2026-06-29T22:04:50.898476+00:00,74.2,325,ask,,,13351395
2026-06-30T08:04:50.677982,2026-06-29T22:04:51.521870+00:00,68.6,200,bid,,,13351401
2026-06-30T08:04:51.070524,2026-06-29T22:04:51.917980+00:00,68.6,300,bid,,,13351407
2026-06-30T08:04:51.273297,2026-06-29T22:04:52.126081+00:00,73.9,325,ask,,,13351411
2026-06-30T08:04:51.894266,2026-06-29T22:04:52.738216+00:00,68.6,200,bid,,,13351430
2026-06-30T08:04:52.379338,2026-06-29T22:04:53.227496+00:00,68.6,300,bid,,,13351439
2026-06-30T08:04:52.480063,2026-06-29T22:04:53.325179+00:00,73.6,325,ask,,,13351444
2026-06-30T08:04:53.101658,2026-06-29T22:04:53.957031+00:00,68.6,200,bid,,,13351451
2026-06-30T08:04:53.702285,2026-06-29T22:04:54.556352+00:00,68.6,500,bid,,,13351459
2026-06-30T08:04:54.289076,2026-06-29T22:04:55.140135+00:00,73.3,125,ask,,,13351473
2026-06-30T08:04:54.289076,2026-06-29T22:04:55.140135+00:00,70.6,22,ask,,,13351474
2026-06-30T08:04:54.308148,2026-06-29T22:04:55.151216+00:00,68.6,200,bid,,,13351475
2026-06-30T08:04:55.013744,2026-06-29T22:04:55.858468+00:00,68.6,500,bid,,,13351487
2026-06-30T08:04:55.013744,2026-06-29T22:04:55.858468+00:00,71.0,21,bid,,,13351488
2026-06-30T08:04:55.501074,2026-06-29T22:04:56.347833+00:00,72.8,104,ask,,,13351493
2026-06-30T08:04:55.515870,2026-06-29T22:04:56.368991+00:00,68.6,200,bid,,,13351494
2026-06-30T08:04:56.329015,2026-06-29T22:04:57.176464+00:00,68.6,500,bid,,,13351512
2026-06-30T08:04:56.695474,2026-06-29T22:04:57.547702+00:00,72.5,125,ask,,,13351517
2026-06-30T08:04:56.724141,2026-06-29T22:04:57.579948+00:00,68.7,200,bid,,,13351520
2026-06-30T08:04:57.640965,2026-06-29T22:04:58.494063+00:00,68.7,500,bid,,,13351536
2026-06-30T08:04:57.924542,2026-06-29T22:04:58.778075+00:00,72.2,125,ask,,,13351540
2026-06-30T08:04:57.954303,2026-06-29T22:04:58.799743+00:00,68.7,200,bid,,,13351545
2026-06-30T08:04:58.949847,2026-06-29T22:04:59.802987+00:00,68.6,500,bid,,,13351559
2026-06-30T08:04:59.126512,2026-06-29T22:04:59.977691+00:00,71.8,125,ask,,,13351561
2026-06-30T08:04:59.163765,2026-06-29T22:05:00.009099+00:00,68.6,200,bid,,,13351564
2026-06-30T08:05:00.265312,2026-06-29T22:05:01.114712+00:00,68.6,500,bid,,,13351578
2026-06-30T08:05:00.265312,2026-06-29T22:05:01.114712+00:00,70.8,7,bid,,,13351579
2026-06-30T08:05:00.334913,2026-06-29T22:05:01.179652+00:00,71.6,118,ask,,,13351581
2026-06-30T08:05:00.371181,2026-06-29T22:05:01.223901+00:00,68.6,200,bid,,,13351582
2026-06-30T08:05:01.576552,2026-06-29T22:05:02.424286+00:00,68.6,500,bid,,,13351605
2026-06-30T08:05:01.590046,2026-06-29T22:05:02.435387+00:00,71.3,200,bid,,,13351607
2026-06-30T08:05:02.142866,2026-06-29T22:05:02.989702+00:00,71.1,125,ask,,,13351619
2026-06-30T08:05:02.799682,2026-06-29T22:05:03.653187+00:00,68.6,200,bid,,,13351628
2026-06-30T08:05:02.885186,2026-06-29T22:05:03.739839+00:00,68.6,300,bid,,,13351631
2026-06-30T08:05:03.363616,2026-06-29T22:05:04.207957+00:00,71.0,325,ask,,,13351652
2026-06-30T08:05:03.589657,2026-06-29T22:05:04.435502+00:00,68.2,20,ask,,,13351663
2026-06-30T08:05:04.006701,2026-06-29T22:05:04.857870+00:00,68.6,200,bid,,,13351669
2026-06-30T08:05:04.195013,2026-06-29T22:05:05.041640+00:00,68.6,300,bid,,,13351674
2026-06-30T08:05:04.566267,2026-06-29T22:05:05.411204+00:00,70.8,325,ask,,,13351686
2026-06-30T08:05:05.214180,2026-06-29T22:05:06.065038+00:00,68.7,200,bid,,,13351692
2026-06-30T08:05:05.504333,2026-06-29T22:05:06.347475+00:00,68.7,300,bid,,,13351700
2026-06-30T08:05:05.775458,2026-06-29T22:05:06.618451+00:00,70.7,325,ask,,,13351710
2026-06-30T08:05:06.422890,2026-06-29T22:05:07.270778+00:00,68.7,200,bid,,,13351716
2026-06-30T08:05:06.810696,2026-06-29T22:05:07.663888+00:00,68.7,300,bid,,,13351728
2026-06-30T08:05:06.980609,2026-06-29T22:05:07.827508+00:00,70.2,325,ask,,,13351734
2026-06-30T08:05:07.631681,2026-06-29T22:05:08.482851+00:00,68.6,200,bid,,,13351747
2026-06-30T08:05:08.117794,2026-06-29T22:05:08.970867+00:00,68.6,300,bid,,,13351757
2026-06-30T08:05:08.189685,2026-06-29T22:05:09.037269+00:00,69.9,325,ask,,,13351761
2026-06-30T08:05:08.446382,2026-06-29T22:05:09.297472+00:00,68.6,20,bid,,,13351767
2026-06-30T08:05:08.840853,2026-06-29T22:05:09.690150+00:00,68.6,200,bid,,,13351775
2026-06-30T08:05:09.429730,2026-06-29T22:05:10.277834+00:00,68.6,500,bid,,,13351789
2026-06-30T08:05:10.014067,2026-06-29T22:05:10.868224+00:00,69.6,125,ask,,,13351801
2026-06-30T08:05:10.049544,2026-06-29T22:05:10.900894+00:00,68.6,200,bid,,,13351806
2026-06-30T08:05:10.738250,2026-06-29T22:05:11.587955+00:00,68.6,500,bid,,,13351830
2026-06-30T08:05:11.219626,2026-06-29T22:05:12.067190+00:00,69.4,125,ask,,,13351838
2026-06-30T08:05:11.257880,2026-06-29T22:05:12.110095+00:00,68.6,200,bid,,,13351842
2026-06-30T08:05:12.045816,2026-06-29T22:05:12.892345+00:00,68.6,500,bid,,,13351854
2026-06-30T08:05:12.422288,2026-06-29T22:05:13.273973+00:00,69.0,125,ask,,,13351866
2026-06-30T08:05:12.466484,2026-06-29T22:05:13.317262+00:00,68.6,200,bid,,,13351869
2026-06-30T08:05:13.355614,2026-06-29T22:05:14.207292+00:00,68.6,500,bid,,,13351881
2026-06-30T08:05:13.629806,2026-06-29T22:05:14.489712+00:00,68.7,125,ask,,,13351889
2026-06-30T08:05:13.674562,2026-06-29T22:05:14.533966+00:00,68.5,200,bid,,,13351890
2026-06-30T08:05:14.666935,2026-06-29T22:05:15.513182+00:00,68.5,4,ask,,,13351909
2026-06-30T08:05:14.884132,2026-06-29T22:05:15.731173+00:00,68.4,200,bid,,,13351917
2026-06-30T08:05:16.091983,2026-06-29T22:05:16.941224+00:00,68.5,200,bid,,,13351946
2026-06-30T08:05:17.039370,2026-06-29T22:05:17.891942+00:00,68.4,20,ask,,,13351959
2026-06-30T08:05:17.287163,2026-06-29T22:05:18.131038+00:00,68.5,500,bid,,,13351966
2026-06-30T08:05:17.302735,2026-06-29T22:05:18.153164+00:00,68.7,200,bid,,,13351968
2026-06-30T08:05:17.861391,2026-06-29T22:05:18.717932+00:00,68.6,125,ask,,,13351977
2026-06-30T08:05:18.511907,2026-06-29T22:05:19.360774+00:00,68.5,200,bid,,,13351983
2026-06-30T08:05:19.719355,2026-06-29T22:05:20.570720+00:00,68.5,200,bid,,,13352002
2026-06-30T08:05:19.904700,2026-06-29T22:05:20.757422+00:00,68.5,500,bid,,,13352004
2026-06-30T08:05:20.273675,2026-06-29T22:05:21.117251+00:00,68.6,125,ask,,,13352017
2026-06-30T08:05:20.929347,2026-06-29T22:05:21.781909+00:00,68.5,200,bid,,,13352021
2026-06-30T08:05:21.178254,2026-06-29T22:05:22.033113+00:00,68.1,20,ask,,,13352027
2026-06-30T08:05:22.140117,2026-06-29T22:05:22.992124+00:00,68.5,200,bid,,,13352043
2026-06-30T08:05:22.524642,2026-06-29T22:05:23.375117+00:00,68.4,4,ask,,,13352048
2026-06-30T08:05:23.349560,2026-06-29T22:05:24.200183+00:00,68.4,200,bid,,,13352059
2026-06-30T08:05:23.871255,2026-06-29T22:05:24.720070+00:00,68.5,20,bid,,,13352069
2026-06-30T08:05:24.557757,2026-06-29T22:05:25.407148+00:00,68.5,200,bid,,,13352077
2026-06-30T08:05:25.142360,2026-06-29T22:05:25.992184+00:00,68.4,500,bid,,,13352087
2026-06-30T08:05:25.724181,2026-06-29T22:05:26.568124+00:00,68.4,20,ask,,,13352090
2026-06-30T08:05:25.766074,2026-06-29T22:05:26.611907+00:00,68.5,200,bid,,,13352091
2026-06-30T08:05:26.973026,2026-06-29T22:05:27.822014+00:00,68.5,200,bid,,,13352117
2026-06-30T08:05:27.760905,2026-06-29T22:05:28.606179+00:00,68.4,9,ask,,,13352126
2026-06-30T08:05:28.181450,2026-06-29T22:05:29.030195+00:00,68.4,200,bid,,,13352134
2026-06-30T08:05:29.390152,2026-06-29T22:05:30.238520+00:00,68.5,200,bid,,,13352154
2026-06-30T08:05:30.378838,2026-06-29T22:05:31.228192+00:00,68.5,500,bid,,,13352171
2026-06-30T08:05:30.561455,2026-06-29T22:05:31.413906+00:00,68.5,125,ask,,,13352176
2026-06-30T08:05:30.600219,2026-06-29T22:05:31.447093+00:00,68.5,200,bid,,,13352179
2026-06-30T08:05:31.687618,2026-06-29T22:05:32.533937+00:00,68.4,5,ask,,,13352196
2026-06-30T08:05:31.809196,2026-06-29T22:05:32.654266+00:00,68.4,200,bid,,,13352202
2026-06-30T08:05:31.940732,2026-06-29T22:05:32.786177+00:00,68.4,20,bid,,,13352212
2026-06-30T08:05:33.018226,2026-06-29T22:05:33.871799+00:00,68.4,200,bid,,,13352224
2026-06-30T08:05:34.227440,2026-06-29T22:05:35.080954+00:00,68.4,200,bid,,,13352249
2026-06-30T08:05:34.305201,2026-06-29T22:05:35.157994+00:00,68.4,500,bid,,,13352255
2026-06-30T08:05:34.797165,2026-06-29T22:05:35.647890+00:00,68.5,125,ask,,,13352272
2026-06-30T08:05:35.434522,2026-06-29T22:05:36.277846+00:00,68.4,200,bid,,,13352286
2026-06-30T08:05:35.618771,2026-06-29T22:05:36.464063+00:00,68.3,2,ask,,,13352291
2026-06-30T08:05:36.646985,2026-06-29T22:05:37.495456+00:00,68.3,200,bid,,,13352308
2026-06-30T08:05:36.928262,2026-06-29T22:05:37.777363+00:00,68.3,500,bid,,,13352312
2026-06-30T08:05:37.208170,2026-06-29T22:05:38.059876+00:00,68.4,125,ask,,,13352319
2026-06-30T08:05:37.853886,2026-06-29T22:05:38.716496+00:00,68.3,200,bid,,,13352329
2026-06-30T08:05:38.239527,2026-06-29T22:05:39.085332+00:00,68.3,300,bid,,,13352346
2026-06-30T08:05:39.062698,2026-06-29T22:05:39.911106+00:00,68.4,200,bid,,,13352369
2026-06-30T08:05:39.669308,2026-06-29T22:05:40.520829+00:00,68.4,20,bid,,,13352382
2026-06-30T08:05:40.271270,2026-06-29T22:05:41.119929+00:00,68.4,200,bid,,,13352393
2026-06-30T08:05:41.481184,2026-06-29T22:05:42.328585+00:00,68.4,200,bid,,,13352418
2026-06-30T08:05:42.688822,2026-06-29T22:05:43.534367+00:00,68.5,200,bid,,,13352443
2026-06-30T08:05:43.896148,2026-06-29T22:05:44.741012+00:00,68.5,200,bid,,,13352459
2026-06-30T08:05:44.802715,2026-06-29T22:05:45.657743+00:00,68.5,500,bid,,,13352476
2026-06-30T08:05:45.061320,2026-06-29T22:05:45.907931+00:00,68.5,125,ask,,,13352482
2026-06-30T08:05:45.104908,2026-06-29T22:05:45.951264+00:00,68.4,200,bid,,,13352487
2026-06-30T08:05:46.110703,2026-06-29T22:05:46.961747+00:00,68.3,4,ask,,,13352507
2026-06-30T08:05:46.310998,2026-06-29T22:05:47.158118+00:00,68.3,200,bid,,,13352510
2026-06-30T08:05:47.519199,2026-06-29T22:05:48.372302+00:00,68.4,200,bid,,,13352532
2026-06-30T08:05:47.969034,2026-06-29T22:05:48.817811+00:00,68.2,2,ask,,,13352547
2026-06-30T08:05:47.969034,2026-06-29T22:05:48.817811+00:00,68.2,18,ask,,,13352548
2026-06-30T08:05:48.729376,2026-06-29T22:05:49.579013+00:00,68.5,200,bid,,,13352558
2026-06-30T08:05:49.943762,2026-06-29T22:05:50.788117+00:00,68.4,200,bid,,,13352588
2026-06-30T08:05:50.052967,2026-06-29T22:05:50.897710+00:00,68.5,500,bid,,,13352591
2026-06-30T08:05:50.507424,2026-06-29T22:05:51.355132+00:00,68.5,125,ask,,,13352599
2026-06-30T08:05:51.152758,2026-06-29T22:05:51.996516+00:00,68.5,200,bid,,,13352605
2026-06-30T08:05:52.364027,2026-06-29T22:05:53.215104+00:00,68.4,200,bid,,,13352629
2026-06-30T08:05:53.573360,2026-06-29T22:05:54.425088+00:00,68.4,200,bid,,,13352648
2026-06-30T08:05:53.979127,2026-06-29T22:05:54.826385+00:00,68.4,300,bid,,,13352656
2026-06-30T08:05:54.139073,2026-06-29T22:05:54.988065+00:00,68.4,325,ask,,,13352659
2026-06-30T08:05:54.781574,2026-06-29T22:05:55.628345+00:00,68.4,200,bid,,,13352672
2026-06-30T08:05:55.988996,2026-06-29T22:05:56.837593+00:00,68.4,200,bid,,,13352698
2026-06-30T08:05:56.595586,2026-06-29T22:05:57.446199+00:00,68.5,500,bid,,,13352709
2026-06-30T08:05:57.149907,2026-06-29T22:05:57.998990+00:00,68.5,125,ask,,,13352721
2026-06-30T08:05:57.197270,2026-06-29T22:05:58.043332+00:00,68.5,200,bid,,,13352724
2026-06-30T08:05:57.904444,2026-06-29T22:05:58.749678+00:00,68.3,2,ask,,,13352737
2026-06-30T08:05:58.411460,2026-06-29T22:05:59.260109+00:00,68.1,200,bid,,,13352744
2026-06-30T08:05:59.624530,2026-06-29T22:06:00.480983+00:00,68.3,200,bid,,,13352773
2026-06-30T08:06:00.517201,2026-06-29T22:06:01.372757+00:00,68.4,500,bid,,,13352793
2026-06-30T08:06:00.517201,2026-06-29T22:06:01.372757+00:00,68.5,8,bid,,,13352794
2026-06-30T08:06:00.646493,2026-06-29T22:06:01.493060+00:00,68.5,20,ask,,,13352798
2026-06-30T08:06:00.791395,2026-06-29T22:06:01.645042+00:00,68.5,97,ask,,,13352799
2026-06-30T08:06:00.836877,2026-06-29T22:06:01.687917+00:00,68.4,200,bid,,,13352800
2026-06-30T08:06:01.246090,2026-06-29T22:06:02.089612+00:00,68.4,20,bid,,,13352807
2026-06-30T08:06:02.048776,2026-06-29T22:06:02.895513+00:00,68.4,200,bid,,,13352816
2026-06-30T08:06:02.666886,2026-06-29T22:06:03.515155+00:00,68.3,3,ask,,,13352825
2026-06-30T08:06:03.134612,2026-06-29T22:06:03.980784+00:00,68.3,6,ask,,,13352839
2026-06-30T08:06:03.260581,2026-06-29T22:06:04.112203+00:00,68.3,200,bid,,,13352842
2026-06-30T08:06:04.487797,2026-06-29T22:06:05.340053+00:00,68.4,200,bid,,,13352866
2026-06-30T08:06:05.700259,2026-06-29T22:06:06.558341+00:00,68.4,200,bid,,,13352888
2026-06-30T08:06:06.911791,2026-06-29T22:06:07.765450+00:00,68.4,200,bid,,,13352917
2026-06-30T08:06:07.250015,2026-06-29T22:06:08.103240+00:00,68.2,10,ask,,,13352931
2026-06-30T08:06:07.250015,2026-06-29T22:06:08.103240+00:00,68.2,10,ask,,,13352932
2026-06-30T08:06:08.123466,2026-06-29T22:06:08.973208+00:00,68.4,200,bid,,,13352936
2026-06-30T08:06:09.335008,2026-06-29T22:06:10.179932+00:00,68.5,3,bid,,,13352964
2026-06-30T08:06:09.335008,2026-06-29T22:06:10.191005+00:00,68.5,197,bid,,,13352965
2026-06-30T08:06:09.871389,2026-06-29T22:06:10.716532+00:00,68.4,500,ask,,,13352979
2026-06-30T08:06:10.467498,2026-06-29T22:06:11.316059+00:00,68.4,125,ask,,,13352993
2026-06-30T08:06:10.546960,2026-06-29T22:06:11.392213+00:00,68.4,200,bid,,,13352996
2026-06-30T08:06:11.757118,2026-06-29T22:06:12.610023+00:00,68.3,200,bid,,,13353020
2026-06-30T08:06:12.963149,2026-06-29T22:06:13.817561+00:00,68.3,200,bid,,,13353047
2026-06-30T08:06:13.315037,2026-06-29T22:06:14.165489+00:00,68.2,9,ask,,,13353061
2026-06-30T08:06:13.643519,2026-06-29T22:06:14.491728+00:00,68.4,500,bid,,,13353064
2026-06-30T08:06:14.085334,2026-06-29T22:06:14.938274+00:00,68.4,125,ask,,,13353070
2026-06-30T08:06:14.172588,2026-06-29T22:06:15.025856+00:00,68.4,200,bid,,,13353072
2026-06-30T08:06:15.248205,2026-06-29T22:06:16.094591+00:00,68.2,20,bid,,,13353094
2026-06-30T08:06:15.381511,2026-06-29T22:06:16.226446+00:00,68.2,200,bid,,,13353097
2026-06-30T08:06:16.590815,2026-06-29T22:06:17.436406+00:00,68.3,200,bid,,,13353119
2026-06-30T08:06:17.721003,2026-06-29T22:06:18.567133+00:00,68.3,500,ask,,,13353143
2026-06-30T08:06:17.799773,2026-06-29T22:06:18.643192+00:00,68.5,7,bid,,,13353144
2026-06-30T08:06:17.799773,2026-06-29T22:06:18.654256+00:00,68.5,193,bid,,,13353145
2026-06-30T08:06:18.318455,2026-06-29T22:06:19.165145+00:00,68.3,125,ask,,,13353153
2026-06-30T08:06:18.874301,2026-06-29T22:06:19.728569+00:00,68.2,7,ask,,,13353163
2026-06-30T08:06:19.010422,2026-06-29T22:06:19.859016+00:00,68.2,200,bid,,,13353169
2026-06-30T08:06:20.219993,2026-06-29T22:06:21.066335+00:00,68.3,200,bid,,,13353190
2026-06-30T08:06:21.428684,2026-06-29T22:06:22.276109+00:00,68.3,200,bid,,,13353212
2026-06-30T08:06:22.638036,2026-06-29T22:06:23.484925+00:00,68.3,200,bid,,,13353244
2026-06-30T08:06:23.851310,2026-06-29T22:06:24.702173+00:00,68.3,200,bid,,,13353266
2026-06-30T08:06:25.067229,2026-06-29T22:06:25.918509+00:00,68.4,200,bid,,,13353291
2026-06-30T08:06:26.275120,2026-06-29T22:06:27.127982+00:00,68.4,200,bid,,,13353307
2026-06-30T08:06:26.569210,2026-06-29T22:06:27.420911+00:00,68.3,20,ask,,,13353320
2026-06-30T08:06:26.741045,2026-06-29T22:06:27.585465+00:00,68.4,500,bid,,,13353325
2026-06-30T08:06:26.771913,2026-06-29T22:06:27.628807+00:00,68.4,125,ask,,,13353326
2026-06-30T08:06:27.484080,2026-06-29T22:06:28.337121+00:00,68.4,200,bid,,,13353346
2026-06-30T08:06:28.056667,2026-06-29T22:06:28.902122+00:00,68.1,4,ask,,,13353358
2026-06-30T08:06:28.689985,2026-06-29T22:06:29.543898+00:00,68.1,200,bid,,,13353373
2026-06-30T08:06:29.901100,2026-06-29T22:06:30.751139+00:00,68.2,200,bid,,,13353399
2026-06-30T08:06:31.108654,2026-06-29T22:06:31.960735+00:00,68.4,200,bid,,,13353422
2026-06-30T08:06:31.751299,2026-06-29T22:06:32.602963+00:00,68.2,20,ask,,,13353438
2026-06-30T08:06:32.318478,2026-06-29T22:06:33.167244+00:00,68.4,200,bid,,,13353450
2026-06-30T08:06:33.529394,2026-06-29T22:06:34.377396+00:00,68.5,4,bid,,,13353476
2026-06-30T08:06:33.529394,2026-06-29T22:06:34.377396+00:00,68.5,196,bid,,,13353477
2026-06-30T08:06:34.740212,2026-06-29T22:06:35.588106+00:00,68.4,4,bid,,,13353498
2026-06-30T08:06:34.740212,2026-06-29T22:06:35.588106+00:00,68.4,196,bid,,,13353499
2026-06-30T08:06:35.924676,2026-06-29T22:06:36.773715+00:00,68.4,5,bid,,,13353521
2026-06-30T08:06:35.924676,2026-06-29T22:06:36.773715+00:00,68.4,500,bid,,,13353522
2026-06-30T08:06:35.948072,2026-06-29T22:06:36.795842+00:00,68.7,200,bid,,,13353524
2026-06-30T08:06:36.459011,2026-06-29T22:06:37.307734+00:00,68.5,120,ask,,,13353542
2026-06-30T08:06:37.157059,2026-06-29T22:06:38.002831+00:00,68.4,200,bid,,,13353557
2026-06-30T08:06:38.366019,2026-06-29T22:06:39.210879+00:00,68.4,200,bid,,,13353585
2026-06-30T08:06:39.573823,2026-06-29T22:06:40.417927+00:00,68.4,200,bid,,,13353613
2026-06-30T08:06:39.853990,2026-06-29T22:06:40.699908+00:00,68.4,300,bid,,,13353620
2026-06-30T08:06:40.088187,2026-06-29T22:06:40.938517+00:00,68.4,325,ask,,,13353628
2026-06-30T08:06:40.780282,2026-06-29T22:06:41.626043+00:00,68.3,200,bid,,,13353637
2026-06-30T08:06:41.171407,2026-06-29T22:06:42.028323+00:00,68.3,300,bid,,,13353650
2026-06-30T08:06:41.296235,2026-06-29T22:06:42.148629+00:00,68.4,325,ask,,,13353658
2026-06-30T08:06:41.988639,2026-06-29T22:06:42.833297+00:00,68.3,200,bid,,,13353671
2026-06-30T08:06:43.196532,2026-06-29T22:06:44.047430+00:00,68.3,200,bid,,,13353687
2026-06-30T08:06:44.404174,2026-06-29T22:06:45.252130+00:00,68.3,200,bid,,,13353708
2026-06-30T08:06:45.110687,2026-06-29T22:06:45.961003+00:00,68.3,500,bid,,,13353722
2026-06-30T08:06:45.519068,2026-06-29T22:06:46.365368+00:00,68.3,125,ask,,,13353736
2026-06-30T08:06:45.622737,2026-06-29T22:06:46.474070+00:00,68.3,200,bid,,,13353738
2026-06-30T08:06:46.425080,2026-06-29T22:06:47.278130+00:00,68.1,2,ask,,,13353747
2026-06-30T08:06:46.832668,2026-06-29T22:06:47.705370+00:00,68.0,200,bid,,,13353758
2026-06-30T08:06:48.039281,2026-06-29T22:06:48.888909+00:00,68.2,200,bid,,,13353781
2026-06-30T08:06:49.044711,2026-06-29T22:06:49.898096+00:00,68.4,500,bid,,,13353791
2026-06-30T08:06:49.044711,2026-06-29T22:06:49.898096+00:00,68.4,5,bid,,,13353792
2026-06-30T08:06:49.159594,2026-06-29T22:06:50.007856+00:00,68.4,120,ask,,,13353796
2026-06-30T08:06:49.248557,2026-06-29T22:06:50.095349+00:00,68.4,200,bid,,,13353797
2026-06-30T08:06:49.322501,2026-06-29T22:06:50.170969+00:00,68.4,20,bid,,,13353800
2026-06-30T08:06:50.456557,2026-06-29T22:06:51.312190+00:00,68.3,200,bid,,,13353818
2026-06-30T08:06:51.663253,2026-06-29T22:06:52.509076+00:00,68.3,200,bid,,,13353834
2026-06-30T08:06:52.872256,2026-06-29T22:06:53.726236+00:00,68.4,200,bid,,,13353866
2026-06-30T08:06:53.005228,2026-06-29T22:06:53.857215+00:00,68.5,3,bid,,,13353869
2026-06-30T08:06:53.005228,2026-06-29T22:06:53.857215+00:00,68.5,500,bid,,,13353870
2026-06-30T08:06:53.396373,2026-06-29T22:06:54.248868+00:00,68.5,122,ask,,,13353878
2026-06-30T08:06:54.084816,2026-06-29T22:06:54.936396+00:00,68.5,2,bid,,,13353888
2026-06-30T08:06:54.084816,2026-06-29T22:06:54.936396+00:00,68.5,198,bid,,,13353889
2026-06-30T08:06:55.298336,2026-06-29T22:06:56.144835+00:00,68.4,200,bid,,,13353917
2026-06-30T08:06:56.507198,2026-06-29T22:06:57.354988+00:00,68.3,200,bid,,,13353941
2026-06-30T08:06:57.716892,2026-06-29T22:06:58.563116+00:00,68.4,200,bid,,,13353977
2026-06-30T08:06:58.254071,2026-06-29T22:06:59.107385+00:00,68.4,500,bid,,,13353988
2026-06-30T08:06:58.834348,2026-06-29T22:06:59.684351+00:00,68.4,125,ask,,,13354004
2026-06-30T08:06:58.929870,2026-06-29T22:06:59.783047+00:00,68.4,200,bid,,,13354006
2026-06-30T08:07:00.141740,2026-06-29T22:07:00.988798+00:00,68.3,200,bid,,,13354030
2026-06-30T08:07:00.881190,2026-06-29T22:07:01.727786+00:00,68.1,8,ask,,,13354043
2026-06-30T08:07:01.352858,2026-06-29T22:07:02.196431+00:00,68.1,200,bid,,,13354047
2026-06-30T08:07:02.564027,2026-06-29T22:07:03.417475+00:00,68.4,200,bid,,,13354080
2026-06-30T08:07:03.776167,2026-06-29T22:07:04.625278+00:00,68.3,200,bid,,,13354107
2026-06-30T08:07:04.986743,2026-06-29T22:07:05.841141+00:00,68.4,200,bid,,,13354127
2026-06-30T08:07:06.132314,2026-06-29T22:07:06.983938+00:00,68.4,500,bid,,,13354150
2026-06-30T08:07:06.197839,2026-06-29T22:07:07.048804+00:00,68.5,1,bid,,,13354152
2026-06-30T08:07:06.197839,2026-06-29T22:07:07.048804+00:00,68.5,199,bid,,,13354153
2026-06-30T08:07:06.684509,2026-06-29T22:07:07.537962+00:00,68.4,125,ask,,,13354164
2026-06-30T08:07:07.410871,2026-06-29T22:07:08.257211+00:00,68.4,200,bid,,,13354174
2026-06-30T08:07:07.445388,2026-06-29T22:07:08.288964+00:00,68.2,2,ask,,,13354176
2026-06-30T08:07:08.621635,2026-06-29T22:07:09.479786+00:00,68.2,200,bid,,,13354195
2026-06-30T08:07:09.832927,2026-06-29T22:07:10.680101+00:00,68.3,200,bid,,,13354223
2026-06-30T08:07:11.044139,2026-06-29T22:07:11.888808+00:00,68.3,200,bid,,,13354241
2026-06-30T08:07:12.024758,2026-06-29T22:07:12.869878+00:00,68.4,20,bid,,,13354262
2026-06-30T08:07:12.254674,2026-06-29T22:07:13.098405+00:00,68.4,200,bid,,,13354264
2026-06-30T08:07:13.465003,2026-06-29T22:07:14.318565+00:00,68.4,200,bid,,,13354301
2026-06-30T08:07:13.988033,2026-06-29T22:07:14.838966+00:00,68.4,500,bid,,,13354309
2026-06-30T08:07:14.541129,2026-06-29T22:07:15.394856+00:00,68.4,125,ask,,,13354314
2026-06-30T08:07:14.680750,2026-06-29T22:07:15.537633+00:00,68.4,200,bid,,,13354317
2026-06-30T08:07:15.891484,2026-06-29T22:07:16.744245+00:00,68.3,200,bid,,,13354350
2026-06-30T08:07:16.973931,2026-06-29T22:07:17.818427+00:00,68.3,500,ask,,,13354372
2026-06-30T08:07:17.101295,2026-06-29T22:07:17.948271+00:00,68.5,200,bid,,,13354376
2026-06-30T08:07:17.567827,2026-06-29T22:07:18.416830+00:00,68.3,125,ask,,,13354383
2026-06-30T08:07:17.909483,2026-06-29T22:07:18.765145+00:00,68.1,7,ask,,,13354394
2026-06-30T08:07:18.310579,2026-06-29T22:07:19.162847+00:00,68.1,200,bid,,,13354405
2026-06-30T08:07:19.520446,2026-06-29T22:07:20.374058+00:00,68.2,200,bid,,,13354420
2026-06-30T08:07:20.733643,2026-06-29T22:07:21.585277+00:00,68.4,4,bid,,,13354449
2026-06-30T08:07:20.733643,2026-06-29T22:07:21.585277+00:00,68.4,196,bid,,,13354450
2026-06-30T08:07:21.841200,2026-06-29T22:07:22.692262+00:00,68.4,500,bid,,,13354464
2026-06-30T08:07:21.949318,2026-06-29T22:07:22.799964+00:00,68.6,200,bid,,,13354465
2026-06-30T08:07:22.406029,2026-06-29T22:07:23.254996+00:00,68.5,125,ask,,,13354477
2026-06-30T08:07:23.173790,2026-06-29T22:07:24.027384+00:00,68.4,200,bid,,,13354493
2026-06-30T08:07:23.615859,2026-06-29T22:07:24.463875+00:00,68.3,500,ask,,,13354505
2026-06-30T08:07:24.214286,2026-06-29T22:07:25.090993+00:00,68.3,125,ask,,,13354510
2026-06-30T08:07:24.395956,2026-06-29T22:07:25.244971+00:00,68.3,200,bid,,,13354513
2026-06-30T08:07:24.458703,2026-06-29T22:07:25.308443+00:00,68.2,6,ask,,,13354519
2026-06-30T08:07:25.608437,2026-06-29T22:07:26.452139+00:00,68.2,200,bid,,,13354538
2026-06-30T08:07:26.824562,2026-06-29T22:07:27.668730+00:00,68.2,200,bid,,,13354561
2026-06-30T08:07:28.039162,2026-06-29T22:07:28.885364+00:00,68.2,200,bid,,,13354585
2026-06-30T08:07:29.062400,2026-06-29T22:07:29.917289+00:00,68.3,500,ask,,,13354602
2026-06-30T08:07:29.160502,2026-06-29T22:07:30.015468+00:00,68.3,20,ask,,,13354603
2026-06-30T08:07:29.253052,2026-06-29T22:07:30.099651+00:00,68.4,200,bid,,,13354605
2026-06-30T08:07:29.657350,2026-06-29T22:07:30.509861+00:00,68.3,105,ask,,,13354619
2026-06-30T08:07:30.467006,2026-06-29T22:07:31.314268+00:00,68.2,200,bid,,,13354636
2026-06-30T08:07:31.678365,2026-06-29T22:07:32.527930+00:00,68.3,200,bid,,,13354663
2026-06-30T08:07:32.318187,2026-06-29T22:07:33.167762+00:00,68.4,500,bid,,,13354684
2026-06-30T08:07:32.318187,2026-06-29T22:07:33.167762+00:00,68.5,1,bid,,,13354685
2026-06-30T08:07:32.677464,2026-06-29T22:07:33.533203+00:00,68.5,124,ask,,,13354689
2026-06-30T08:07:32.888566,2026-06-29T22:07:33.738955+00:00,68.4,200,bid,,,13354691
2026-06-30T08:07:34.095240,2026-06-29T22:07:34.942204+00:00,68.4,2,bid,,,13354727
2026-06-30T08:07:34.095240,2026-06-29T22:07:34.942204+00:00,68.4,198,bid,,,13354728
2026-06-30T08:07:34.625987,2026-06-29T22:07:35.476451+00:00,68.4,20,bid,,,13354738
2026-06-30T08:07:34.938429,2026-06-29T22:07:35.790090+00:00,68.4,480,bid,,,13354743
2026-06-30T08:07:35.104013,2026-06-29T22:07:35.954150+00:00,68.4,145,ask,,,13354749
2026-06-30T08:07:35.304376,2026-06-29T22:07:36.148499+00:00,68.4,200,bid,,,13354752
2026-06-30T08:07:36.512681,2026-06-29T22:07:37.364163+00:00,68.3,200,bid,,,13354781
2026-06-30T08:07:36.929464,2026-06-29T22:07:37.782033+00:00,68.1,3,ask,,,13354788
2026-06-30T08:07:36.929464,2026-06-29T22:07:37.782033+00:00,68.1,17,ask,,,13354789
2026-06-30T08:07:37.558298,2026-06-29T22:07:38.403200+00:00,68.3,500,bid,,,13354806
2026-06-30T08:07:37.558298,2026-06-29T22:07:38.414262+00:00,68.4,1,bid,,,13354807
2026-06-30T08:07:37.722501,2026-06-29T22:07:38.566258+00:00,68.6,200,bid,,,13354813
2026-06-30T08:07:38.120144,2026-06-29T22:07:38.970105+00:00,68.4,124,ask,,,13354817
2026-06-30T08:07:38.870207,2026-06-29T22:07:39.722109+00:00,68.3,500,bid,,,13354834
2026-06-30T08:07:38.931396,2026-06-29T22:07:39.777386+00:00,68.5,200,bid,,,13354836
2026-06-30T08:07:38.960947,2026-06-29T22:07:39.808621+00:00,68.4,20,ask,,,13354840
2026-06-30T08:07:39.320808,2026-06-29T22:07:40.168393+00:00,68.4,105,ask,,,13354849
2026-06-30T08:07:40.140510,2026-06-29T22:07:40.985270+00:00,68.3,200,bid,,,13354863
2026-06-30T08:07:41.350403,2026-06-29T22:07:42.204915+00:00,68.2,200,bid,,,13354894
2026-06-30T08:07:41.487545,2026-06-29T22:07:42.347366+00:00,68.2,500,bid,,,13354901
2026-06-30T08:07:42.562469,2026-06-29T22:07:43.414106+00:00,68.3,200,bid,,,13354922
2026-06-30T08:07:43.774334,2026-06-29T22:07:44.618712+00:00,68.2,200,bid,,,13354946
2026-06-30T08:07:44.988549,2026-06-29T22:07:45.839632+00:00,68.2,200,bid,,,13354975
2026-06-30T08:07:46.201548,2026-06-29T22:07:47.048158+00:00,68.3,200,bid,,,13355013
2026-06-30T08:07:46.733939,2026-06-29T22:07:47.581256+00:00,68.4,500,bid,,,13355018
2026-06-30T08:07:47.201493,2026-06-29T22:07:48.049899+00:00,68.4,125,ask,,,13355030
2026-06-30T08:07:47.412070,2026-06-29T22:07:48.257733+00:00,68.4,200,bid,,,13355037
2026-06-30T08:07:48.622720,2026-06-29T22:07:49.467722+00:00,68.3,200,bid,,,13355072
2026-06-30T08:07:49.356591,2026-06-29T22:07:50.208217+00:00,68.5,3,bid,,,13355083
2026-06-30T08:07:49.356591,2026-06-29T22:07:50.208217+00:00,68.5,500,bid,,,13355084
2026-06-30T08:07:49.612968,2026-06-29T22:07:50.457878+00:00,68.5,122,ask,,,13355089
2026-06-30T08:07:49.834671,2026-06-29T22:07:50.686330+00:00,68.5,200,bid,,,13355094
2026-06-30T08:07:50.312173,2026-06-29T22:07:51.166510+00:00,68.1,2,ask,,,13355105
2026-06-30T08:07:50.312173,2026-06-29T22:07:51.166510+00:00,68.1,18,ask,,,13355106
2026-06-30T08:07:50.666837,2026-06-29T22:07:51.515291+00:00,68.2,7,ask,,,13355113
2026-06-30T08:07:51.047503,2026-06-29T22:07:51.896389+00:00,68.2,200,bid,,,13355121
2026-06-30T08:07:52.258677,2026-06-29T22:07:53.107547+00:00,68.3,200,bid,,,13355151
2026-06-30T08:07:53.469069,2026-06-29T22:07:54.314195+00:00,68.4,200,bid,,,13355176
2026-06-30T08:07:54.676257,2026-06-29T22:07:55.523310+00:00,68.5,3,bid,,,13355196
2026-06-30T08:07:54.676257,2026-06-29T22:07:55.523310+00:00,68.5,197,bid,,,13355197
2026-06-30T08:07:55.885098,2026-06-29T22:07:56.737974+00:00,68.5,5,bid,,,13355228
2026-06-30T08:07:55.885098,2026-06-29T22:07:56.737974+00:00,68.5,195,bid,,,13355229
2026-06-30T08:07:57.093966,2026-06-29T22:07:57.943172+00:00,68.5,4,bid,,,13355249
2026-06-30T08:07:57.093966,2026-06-29T22:07:57.943172+00:00,68.5,196,bid,,,13355250
2026-06-30T08:07:58.301685,2026-06-29T22:07:59.150846+00:00,68.4,200,bid,,,13355273
2026-06-30T08:07:59.508541,2026-06-29T22:08:00.358594+00:00,68.5,1,bid,,,13355296
2026-06-30T08:07:59.508541,2026-06-29T22:08:00.358594+00:00,68.5,199,bid,,,13355297
2026-06-30T08:07:59.867108,2026-06-29T22:08:00.717999+00:00,68.5,301,bid,,,13355311
2026-06-30T08:07:59.925515,2026-06-29T22:08:00.783908+00:00,68.5,324,ask,,,13355312
2026-06-30T08:08:00.617790,2026-06-29T22:08:01.467186+00:00,68.2,6,ask,,,13355322
2026-06-30T08:08:00.716351,2026-06-29T22:08:01.565365+00:00,68.5,200,bid,,,13355323
2026-06-30T08:08:01.923753,2026-06-29T22:08:02.775989+00:00,68.5,1,bid,,,13355349
2026-06-30T08:08:01.923753,2026-06-29T22:08:02.775989+00:00,68.5,199,bid,,,13355350
2026-06-30T08:08:03.132383,2026-06-29T22:08:03.982089+00:00,68.5,1,bid,,,13355376
2026-06-30T08:08:03.132383,2026-06-29T22:08:03.982089+00:00,68.5,199,bid,,,13355377
2026-06-30T08:08:04.342689,2026-06-29T22:08:05.188876+00:00,68.4,200,bid,,,13355402
2026-06-30T08:08:05.550258,2026-06-29T22:08:06.398654+00:00,68.5,1,bid,,,13355426
2026-06-30T08:08:05.550258,2026-06-29T22:08:06.398654+00:00,68.5,199,bid,,,13355427
2026-06-30T08:08:06.759973,2026-06-29T22:08:07.614914+00:00,68.5,200,bid,,,13355459
2026-06-30T08:08:07.969341,2026-06-29T22:08:08.818694+00:00,68.5,200,bid,,,13355477
2026-06-30T08:08:09.183296,2026-06-29T22:08:10.029249+00:00,68.4,200,bid,,,13355507
2026-06-30T08:08:10.390623,2026-06-29T22:08:11.236094+00:00,68.4,200,bid,,,13355527
2026-06-30T08:08:11.252485,2026-06-29T22:08:12.096391+00:00,68.4,20,bid,,,13355540
2026-06-30T08:08:11.598413,2026-06-29T22:08:12.443171+00:00,68.4,200,bid,,,13355546
2026-06-30T08:08:12.807932,2026-06-29T22:08:13.655250+00:00,68.6,3,bid,,,13355572
2026-06-30T08:08:12.807932,2026-06-29T22:08:13.655250+00:00,68.7,197,bid,,,13355573
2026-06-30T08:08:14.017082,2026-06-29T22:08:14.864348+00:00,68.6,2,bid,,,13355599
2026-06-30T08:08:14.017082,2026-06-29T22:08:14.864348+00:00,68.6,198,bid,,,13355600
2026-06-30T08:08:15.225415,2026-06-29T22:08:16.074098+00:00,68.5,200,bid,,,13355625
2026-06-30T08:08:15.590854,2026-06-29T22:08:16.445162+00:00,68.6,4,bid,,,13355638
2026-06-30T08:08:16.437624,2026-06-29T22:08:17.284369+00:00,68.7,3,bid,,,13355654
2026-06-30T08:08:16.437624,2026-06-29T22:08:17.284369+00:00,68.7,197,bid,,,13355655
2026-06-30T08:08:16.835525,2026-06-29T22:08:17.697482+00:00,68.6,500,ask,,,13355661
2026-06-30T08:08:17.645235,2026-06-29T22:08:18.497178+00:00,68.6,200,bid,,,13355676
2026-06-30T08:08:18.851898,2026-06-29T22:08:19.705265+00:00,68.7,3,bid,,,13355700
2026-06-30T08:08:18.851898,2026-06-29T22:08:19.705265+00:00,68.7,197,bid,,,13355701
2026-06-30T08:08:20.061081,2026-06-29T22:08:20.910886+00:00,68.7,3,bid,,,13355724
2026-06-30T08:08:20.061081,2026-06-29T22:08:20.910886+00:00,68.7,197,bid,,,13355725
2026-06-30T08:08:21.051549,2026-06-29T22:08:21.901192+00:00,68.6,500,ask,,,13355750
2026-06-30T08:08:21.270802,2026-06-29T22:08:22.120749+00:00,68.7,2,bid,,,13355755
2026-06-30T08:08:21.270802,2026-06-29T22:08:22.120749+00:00,68.8,198,bid,,,13355756
2026-06-30T08:08:21.648635,2026-06-29T22:08:22.500899+00:00,68.6,125,ask,,,13355763
2026-06-30T08:08:22.482438,2026-06-29T22:08:23.329670+00:00,68.6,200,bid,,,13355771
2026-06-30T08:08:23.451326,2026-06-29T22:08:24.298806+00:00,68.6,500,bid,,,13355790
2026-06-30T08:08:23.689586,2026-06-29T22:08:24.538352+00:00,68.7,2,bid,,,13355797
2026-06-30T08:08:23.689586,2026-06-29T22:08:24.538352+00:00,68.7,198,bid,,,13355798
2026-06-30T08:08:24.897953,2026-06-29T22:08:25.751050+00:00,68.4,200,bid,,,13355807
2026-06-30T08:08:26.106907,2026-06-29T22:08:26.960130+00:00,68.4,200,bid,,,13355837
2026-06-30T08:08:27.316159,2026-06-29T22:08:28.167271+00:00,68.4,200,bid,,,13355859
2026-06-30T08:08:27.903401,2026-06-29T22:08:28.753260+00:00,68.7,2,bid,,,13355875
2026-06-30T08:08:28.526916,2026-06-29T22:08:29.374348+00:00,68.7,4,bid,,,13355883
2026-06-30T08:08:28.526916,2026-06-29T22:08:29.374348+00:00,68.8,196,bid,,,13355884
2026-06-30T08:08:29.735865,2026-06-29T22:08:30.582179+00:00,68.8,4,bid,,,13355905
2026-06-30T08:08:29.735865,2026-06-29T22:08:30.582179+00:00,68.8,196,bid,,,13355906
2026-06-30T08:08:30.945088,2026-06-29T22:08:31.798808+00:00,68.8,200,bid,,,13355936
2026-06-30T08:08:32.153343,2026-06-29T22:08:33.007317+00:00,68.7,200,bid,,,13355957
2026-06-30T08:08:33.365031,2026-06-29T22:08:34.217503+00:00,68.8,200,bid,,,13355986
2026-06-30T08:08:34.583021,2026-06-29T22:08:35.437265+00:00,68.7,200,bid,,,13356016
2026-06-30T08:08:35.795999,2026-06-29T22:08:36.645424+00:00,68.7,200,bid,,,13356043
2026-06-30T08:08:37.002555,2026-06-29T22:08:37.855179+00:00,68.7,200,bid,,,13356063
2026-06-30T08:08:37.850452,2026-06-29T22:08:38.704280+00:00,68.7,20,bid,,,13356073
2026-06-30T08:08:38.213327,2026-06-29T22:08:39.063522+00:00,68.7,200,bid,,,13356080
2026-06-30T08:08:39.203587,2026-06-29T22:08:40.052583+00:00,68.6,500,ask,,,13356099
2026-06-30T08:08:39.425654,2026-06-29T22:08:40.280153+00:00,68.8,2,bid,,,13356102
2026-06-30T08:08:39.425654,2026-06-29T22:08:40.280153+00:00,68.8,198,bid,,,13356103
2026-06-30T08:08:39.800246,2026-06-29T22:08:40.650159+00:00,68.6,125,ask,,,13356113
2026-06-30T08:08:40.492939,2026-06-29T22:08:41.337768+00:00,68.5,4,ask,,,13356125
2026-06-30T08:08:40.635167,2026-06-29T22:08:41.489803+00:00,68.5,200,bid,,,13356129
2026-06-30T08:08:41.806258,2026-06-29T22:08:42.652057+00:00,68.6,500,bid,,,13356155
2026-06-30T08:08:41.842767,2026-06-29T22:08:42.696324+00:00,68.7,200,bid,,,13356159
2026-06-30T08:08:42.233306,2026-06-29T22:08:43.088809+00:00,68.6,125,ask,,,13356168
2026-06-30T08:08:43.050092,2026-06-29T22:08:43.895281+00:00,68.7,200,bid,,,13356177
2026-06-30T08:08:44.258432,2026-06-29T22:08:45.113145+00:00,68.7,200,bid,,,13356214
2026-06-30T08:08:45.466206,2026-06-29T22:08:46.321220+00:00,68.7,200,bid,,,13356238
2026-06-30T08:08:45.746384,2026-06-29T22:08:46.604074+00:00,68.7,500,bid,,,13356244
2026-06-30T08:08:45.850931,2026-06-29T22:08:46.702249+00:00,68.7,125,ask,,,13356247
2026-06-30T08:08:46.674645,2026-06-29T22:08:47.519698+00:00,68.6,200,bid,,,13356257
2026-06-30T08:08:47.700699,2026-06-29T22:08:48.552101+00:00,68.3,20,ask,,,13356266
2026-06-30T08:08:47.884959,2026-06-29T22:08:48.737273+00:00,68.5,200,bid,,,13356269
2026-06-30T08:08:49.094344,2026-06-29T22:08:49.945447+00:00,68.6,200,bid,,,13356283
2026-06-30T08:08:50.305947,2026-06-29T22:08:51.155146+00:00,68.6,200,bid,,,13356293
2026-06-30T08:08:51.518621,2026-06-29T22:08:52.364282+00:00,68.7,200,bid,,,13356310
2026-06-30T08:08:52.320745,2026-06-29T22:08:53.169016+00:00,68.6,3,bid,,,13356326
2026-06-30T08:08:52.320745,2026-06-29T22:08:53.169016+00:00,68.7,500,bid,,,13356327
2026-06-30T08:08:52.497939,2026-06-29T22:08:53.355236+00:00,68.7,122,ask,,,13356331
2026-06-30T08:08:52.729234,2026-06-29T22:08:53.582294+00:00,68.7,200,bid,,,13356333
2026-06-30T08:08:53.939346,2026-06-29T22:08:54.793946+00:00,68.4,200,bid,,,13356363
2026-06-30T08:08:55.154207,2026-06-29T22:08:56.008675+00:00,68.5,200,bid,,,13356381
2026-06-30T08:08:56.365704,2026-06-29T22:08:57.216164+00:00,68.7,200,bid,,,13356404
2026-06-30T08:08:57.573522,2026-06-29T22:08:58.427465+00:00,68.6,200,bid,,,13356422
2026-06-30T08:08:57.961672,2026-06-29T22:08:58.808083+00:00,68.5,20,bid,,,13356432
2026-06-30T08:08:58.780388,2026-06-29T22:08:59.626059+00:00,68.5,200,bid,,,13356442
2026-06-30T08:08:59.989110,2026-06-29T22:09:00.836227+00:00,68.7,200,bid,,,13356457
2026-06-30T08:09:01.197893,2026-06-29T22:09:02.046343+00:00,68.7,200,bid,,,13356487
2026-06-30T08:09:01.505616,2026-06-29T22:09:02.352960+00:00,68.7,500,bid,,,13356502
2026-06-30T08:09:01.578764,2026-06-29T22:09:02.428492+00:00,68.8,125,ask,,,13356504
2026-06-30T08:09:02.408167,2026-06-29T22:09:03.254907+00:00,68.7,200,bid,,,13356514
2026-06-30T08:09:03.396021,2026-06-29T22:09:04.247540+00:00,68.6,20,bid,,,13356526
2026-06-30T08:09:03.617563,2026-06-29T22:09:04.465998+00:00,68.6,200,bid,,,13356527
2026-06-30T08:09:04.741423,2026-06-29T22:09:05.588742+00:00,68.5,20,ask,,,13356555
2026-06-30T08:09:04.825908,2026-06-29T22:09:05.677270+00:00,68.6,200,bid,,,13356558
2026-06-30T08:09:05.431834,2026-06-29T22:09:06.276276+00:00,68.6,500,bid,,,13356572
2026-06-30T08:09:05.814951,2026-06-29T22:09:06.668772+00:00,68.6,125,ask,,,13356580
2026-06-30T08:09:06.034237,2026-06-29T22:09:06.887476+00:00,68.6,200,bid,,,13356586
2026-06-30T08:09:06.747910,2026-06-29T22:09:07.593878+00:00,68.3,4,ask,,,13356598
2026-06-30T08:09:07.242584,2026-06-29T22:09:08.094398+00:00,68.3,200,bid,,,13356611
2026-06-30T08:09:08.464519,2026-06-29T22:09:09.312157+00:00,68.4,200,bid,,,13356633
2026-06-30T08:09:09.675986,2026-06-29T22:09:10.521102+00:00,68.6,200,bid,,,13356653
2026-06-30T08:09:10.881991,2026-06-29T22:09:11.730148+00:00,68.7,2,bid,,,13356669
2026-06-30T08:09:10.881991,2026-06-29T22:09:11.730148+00:00,68.7,198,bid,,,13356670
2026-06-30T08:09:12.092695,2026-06-29T22:09:12.937326+00:00,68.7,200,bid,,,13356691
2026-06-30T08:09:13.285604,2026-06-29T22:09:14.130954+00:00,68.7,3,bid,,,13356709
2026-06-30T08:09:13.285604,2026-06-29T22:09:14.142016+00:00,68.7,500,bid,,,13356710
2026-06-30T08:09:13.300226,2026-06-29T22:09:14.153078+00:00,68.8,200,bid,,,13356711
2026-06-30T08:09:13.673198,2026-06-29T22:09:14.520176+00:00,68.7,122,ask,,,13356717
2026-06-30T08:09:14.509248,2026-06-29T22:09:15.358578+00:00,68.7,200,bid,,,13356733
2026-06-30T08:09:15.718734,2026-06-29T22:09:16.568383+00:00,68.7,200,bid,,,13356757
2026-06-30T08:09:16.927647,2026-06-29T22:09:17.778129+00:00,68.7,200,bid,,,13356802
2026-06-30T08:09:18.139009,2026-06-29T22:09:18.986097+00:00,68.7,200,bid,,,13356826
2026-06-30T08:09:18.527444,2026-06-29T22:09:19.378928+00:00,68.7,500,bid,,,13356837
2026-06-30T08:09:19.113624,2026-06-29T22:09:19.967324+00:00,68.7,125,ask,,,13356854
2026-06-30T08:09:19.143419,2026-06-29T22:09:19.988527+00:00,68.4,2,ask,,,13356855
2026-06-30T08:09:19.346320,2026-06-29T22:09:20.195366+00:00,68.7,200,bid,,,13356862
2026-06-30T08:09:20.555880,2026-06-29T22:09:21.403040+00:00,68.6,200,bid,,,13356880
2026-06-30T08:09:21.763628,2026-06-29T22:09:22.610778+00:00,68.7,200,bid,,,13356901
2026-06-30T08:09:22.735302,2026-06-29T22:09:23.581028+00:00,68.6,500,ask,,,13356913
2026-06-30T08:09:22.932901,2026-06-29T22:09:23.777278+00:00,68.6,20,ask,,,13356916
2026-06-30T08:09:22.971795,2026-06-29T22:09:23.820111+00:00,68.7,200,bid,,,13356917
2026-06-30T08:09:23.351510,2026-06-29T22:09:24.202119+00:00,68.6,105,ask,,,13356928
2026-06-30T08:09:24.180176,2026-06-29T22:09:25.027605+00:00,68.6,200,bid,,,13356942
2026-06-30T08:09:25.163592,2026-06-29T22:09:26.016341+00:00,68.6,500,ask,,,13356962
2026-06-30T08:09:25.389795,2026-06-29T22:09:26.234933+00:00,68.7,200,bid,,,13356966
2026-06-30T08:09:25.765037,2026-06-29T22:09:26.616528+00:00,68.6,125,ask,,,13356970
2026-06-30T08:09:26.607945,2026-06-29T22:09:27.452259+00:00,68.6,200,bid,,,13356989
2026-06-30T08:09:27.688713,2026-06-29T22:09:28.541124+00:00,68.5,2,ask,,,13357012
2026-06-30T08:09:27.818848,2026-06-29T22:09:28.670982+00:00,68.5,200,bid,,,13357015
2026-06-30T08:09:29.028595,2026-06-29T22:09:29.878011+00:00,68.6,200,bid,,,13357034
2026-06-30T08:09:30.246428,2026-06-29T22:09:31.097770+00:00,68.6,200,bid,,,13357054
2026-06-30T08:09:30.304220,2026-06-29T22:09:31.152129+00:00,68.6,300,bid,,,13357061
2026-06-30T08:09:30.604948,2026-06-29T22:09:31.457165+00:00,68.7,325,ask,,,13357086
2026-06-30T08:09:30.649872,2026-06-29T22:09:31.500031+00:00,68.7,20,bid,,,13357087
2026-06-30T08:09:31.456521,2026-06-29T22:09:32.305311+00:00,68.7,200,bid,,,13357096
2026-06-30T08:09:31.503143,2026-06-29T22:09:32.348632+00:00,68.5,6,ask,,,13357103
2026-06-30T08:09:31.611910,2026-06-29T22:09:32.458381+00:00,68.5,8,ask,,,13357107
2026-06-30T08:09:32.666903,2026-06-29T22:09:33.514086+00:00,68.4,200,bid,,,13357127
2026-06-30T08:09:33.877646,2026-06-29T22:09:34.731749+00:00,68.6,200,bid,,,13357143
2026-06-30T08:09:35.085565,2026-06-29T22:09:35.937575+00:00,68.8,1,bid,,,13357157
2026-06-30T08:09:35.085565,2026-06-29T22:09:35.937575+00:00,68.8,199,bid,,,13357158
2026-06-30T08:09:35.243042,2026-06-29T22:09:36.088667+00:00,68.7,3,bid,,,13357162
2026-06-30T08:09:35.553164,2026-06-29T22:09:36.406242+00:00,68.7,500,bid,,,13357171
2026-06-30T08:09:36.050164,2026-06-29T22:09:36.906147+00:00,68.8,125,ask,,,13357184
2026-06-30T08:09:36.295233,2026-06-29T22:09:37.145249+00:00,68.8,200,bid,,,13357187
2026-06-30T08:09:37.501898,2026-06-29T22:09:38.348465+00:00,68.7,200,bid,,,13357217
2026-06-30T08:09:38.175658,2026-06-29T22:09:39.022924+00:00,68.7,500,bid,,,13357230
2026-06-30T08:09:38.707616,2026-06-29T22:09:39.557517+00:00,68.8,200,bid,,,13357233
2026-06-30T08:09:39.915092,2026-06-29T22:09:40.767916+00:00,68.7,200,bid,,,13357253
2026-06-30T08:09:41.124106,2026-06-29T22:09:41.978327+00:00,68.7,200,bid,,,13357267
2026-06-30T08:09:42.335793,2026-06-29T22:09:43.188239+00:00,68.7,200,bid,,,13357300
2026-06-30T08:09:43.545201,2026-06-29T22:09:44.398430+00:00,68.7,200,bid,,,13357325
2026-06-30T08:09:43.689641,2026-06-29T22:09:44.539918+00:00,68.5,6,ask,,,13357328
2026-06-30T08:09:43.689641,2026-06-29T22:09:44.539918+00:00,68.5,14,ask,,,13357329
2026-06-30T08:09:44.753821,2026-06-29T22:09:45.604260+00:00,68.7,200,bid,,,13357343
2026-06-30T08:09:45.961039,2026-06-29T22:09:46.811844+00:00,68.7,200,bid,,,13357361
2026-06-30T08:09:47.170074,2026-06-29T22:09:48.019733+00:00,68.6,200,bid,,,13357394
2026-06-30T08:09:48.382727,2026-06-29T22:09:49.237389+00:00,68.7,200,bid,,,13357408
2026-06-30T08:09:48.941272,2026-06-29T22:09:49.793159+00:00,68.7,20,bid,,,13357421
2026-06-30T08:09:49.590942,2026-06-29T22:09:50.437402+00:00,68.7,200,bid,,,13357436
2026-06-30T08:09:50.568696,2026-06-29T22:09:51.418018+00:00,68.7,500,ask,,,13357463
2026-06-30T08:09:50.799197,2026-06-29T22:09:51.647545+00:00,68.8,1,bid,,,13357467
2026-06-30T08:09:50.799197,2026-06-29T22:09:51.647545+00:00,68.9,199,bid,,,13357468
2026-06-30T08:09:52.008264,2026-06-29T22:09:52.857638+00:00,68.8,200,bid,,,13357495
2026-06-30T08:09:53.215397,2026-06-29T22:09:54.067315+00:00,68.8,200,bid,,,13357512
2026-06-30T08:09:54.423583,2026-06-29T22:09:55.276043+00:00,68.8,1,bid,,,13357538
2026-06-30T08:09:54.423583,2026-06-29T22:09:55.276043+00:00,68.8,199,bid,,,13357539
2026-06-30T08:09:55.633872,2026-06-29T22:09:56.478712+00:00,68.8,1,bid,,,13357560
2026-06-30T08:09:55.633872,2026-06-29T22:09:56.489793+00:00,68.8,199,bid,,,13357561
2026-06-30T08:09:56.842802,2026-06-29T22:09:57.697365+00:00,68.8,1,bid,,,13357600
2026-06-30T08:09:56.842802,2026-06-29T22:09:57.697365+00:00,68.8,199,bid,,,13357601
2026-06-30T08:09:57.878421,2026-06-29T22:09:58.732182+00:00,68.8,500,bid,,,13357616
2026-06-30T08:09:58.051977,2026-06-29T22:09:58.906681+00:00,68.9,1,bid,,,13357621
2026-06-30T08:09:58.051977,2026-06-29T22:09:58.906681+00:00,69.0,199,bid,,,13357622
2026-06-30T08:09:58.424935,2026-06-29T22:09:59.278120+00:00,68.8,125,ask,,,13357634
2026-06-30T08:09:59.268354,2026-06-29T22:10:00.117364+00:00,68.8,200,bid,,,13357646
2026-06-30T08:10:00.478939,2026-06-29T22:10:01.326358+00:00,68.8,200,bid,,,13357670
2026-06-30T08:10:00.505329,2026-06-29T22:10:01.358648+00:00,68.8,500,bid,,,13357673
2026-06-30T08:10:00.864743,2026-06-29T22:10:01.718025+00:00,68.8,125,ask,,,13357682
2026-06-30T08:10:01.034170,2026-06-29T22:10:01.881100+00:00,68.8,20,bid,,,13357686
2026-06-30T08:10:01.688899,2026-06-29T22:10:02.535451+00:00,68.8,200,bid,,,13357695
2026-06-30T08:10:01.818596,2026-06-29T22:10:02.666300+00:00,68.5,4,ask,,,13357696
2026-06-30T08:10:02.900746,2026-06-29T22:10:03.756275+00:00,68.5,200,bid,,,13357711
2026-06-30T08:10:04.109120,2026-06-29T22:10:04.957344+00:00,68.6,200,bid,,,13357740
2026-06-30T08:10:05.320141,2026-06-29T22:10:06.166237+00:00,68.6,200,bid,,,13357754
2026-06-30T08:10:06.534428,2026-06-29T22:10:07.386752+00:00,68.7,200,bid,,,13357771
2026-06-30T08:10:07.059895,2026-06-29T22:10:07.908894+00:00,68.7,500,bid,,,13357777
2026-06-30T08:10:07.518607,2026-06-29T22:10:08.367191+00:00,68.7,125,ask,,,13357786
2026-06-30T08:10:07.746373,2026-06-29T22:10:08.597260+00:00,68.7,200,bid,,,13357792
2026-06-30T08:10:08.955523,2026-06-29T22:10:09.807331+00:00,68.5,200,bid,,,13357810
2026-06-30T08:10:10.162034,2026-06-29T22:10:11.015138+00:00,68.8,5,bid,,,13357836
2026-06-30T08:10:10.162034,2026-06-29T22:10:11.015138+00:00,68.8,195,bid,,,13357837
2026-06-30T08:10:10.990307,2026-06-29T22:10:11.842959+00:00,68.8,500,bid,,,13357857
2026-06-30T08:10:11.136501,2026-06-29T22:10:11.985195+00:00,68.8,125,ask,,,13357860
2026-06-30T08:10:11.375079,2026-06-29T22:10:12.224995+00:00,68.7,200,bid,,,13357868
2026-06-30T08:10:12.299936,2026-06-29T22:10:13.149783+00:00,68.7,500,bid,,,13357890
2026-06-30T08:10:12.363593,2026-06-29T22:10:13.216090+00:00,68.7,125,ask,,,13357893
2026-06-30T08:10:12.483019,2026-06-29T22:10:13.336255+00:00,68.7,20,bid,,,13357896
2026-06-30T08:10:12.587569,2026-06-29T22:10:13.434310+00:00,68.7,200,bid,,,13357898
2026-06-30T08:10:13.795233,2026-06-29T22:10:14.648944+00:00,68.6,200,bid,,,13357912
2026-06-30T08:10:15.002878,2026-06-29T22:10:15.849784+00:00,68.6,200,bid,,,13357929
2026-06-30T08:10:16.211252,2026-06-29T22:10:17.056420+00:00,68.6,200,bid,,,13357948
2026-06-30T08:10:16.229841,2026-06-29T22:10:17.077581+00:00,68.6,500,bid,,,13357949
2026-06-30T08:10:16.584232,2026-06-29T22:10:17.436393+00:00,68.6,125,ask,,,13357957
2026-06-30T08:10:17.430183,2026-06-29T22:10:18.284439+00:00,68.7,200,bid,,,13357973
2026-06-30T08:10:18.639737,2026-06-29T22:10:19.493362+00:00,68.7,200,bid,,,13357998
2026-06-30T08:10:19.847861,2026-06-29T22:10:20.698425+00:00,68.7,200,bid,,,13358019
2026-06-30T08:10:20.161256,2026-06-29T22:10:21.014999+00:00,68.7,500,bid,,,13358028
2026-06-30T08:10:20.215365,2026-06-29T22:10:21.068457+00:00,68.7,125,ask,,,13358029
2026-06-30T08:10:21.061486,2026-06-29T22:10:21.907546+00:00,68.6,200,bid,,,13358035
2026-06-30T08:10:21.865735,2026-06-29T22:10:22.712188+00:00,68.6,20,bid,,,13358057
2026-06-30T08:10:22.268086,2026-06-29T22:10:23.114428+00:00,68.7,200,bid,,,13358063
2026-06-30T08:10:22.779628,2026-06-29T22:10:23.626510+00:00,68.6,500,bid,,,13358076
2026-06-30T08:10:23.224846,2026-06-29T22:10:24.073106+00:00,68.7,125,ask,,,13358088
2026-06-30T08:10:23.475187,2026-06-29T22:10:24.323261+00:00,68.6,200,bid,,,13358093
2026-06-30T08:10:24.089182,2026-06-29T22:10:24.935033+00:00,68.4,3,ask,,,13358109
2026-06-30T08:10:24.683791,2026-06-29T22:10:25.534244+00:00,68.4,200,bid,,,13358115
2026-06-30T08:10:25.894879,2026-06-29T22:10:26.742041+00:00,68.4,200,bid,,,13358139
2026-06-30T08:10:27.101977,2026-06-29T22:10:27.950112+00:00,68.5,200,bid,,,13358163
2026-06-30T08:10:28.030537,2026-06-29T22:10:28.875877+00:00,68.5,500,bid,,,13358181
2026-06-30T08:10:28.066092,2026-06-29T22:10:28.920107+00:00,68.6,125,ask,,,13358182
2026-06-30T08:10:28.309176,2026-06-29T22:10:29.160739+00:00,68.5,200,bid,,,13358185
2026-06-30T08:10:29.519694,2026-06-29T22:10:30.369978+00:00,68.4,200,bid,,,13358210
2026-06-30T08:10:30.727421,2026-06-29T22:10:31.576390+00:00,68.5,200,bid,,,13358223
2026-06-30T08:10:31.935592,2026-06-29T22:10:32.789899+00:00,68.5,200,bid,,,13358235
2026-06-30T08:10:31.962574,2026-06-29T22:10:32.812049+00:00,68.5,500,bid,,,13358236
2026-06-30T08:10:32.309313,2026-06-29T22:10:33.158449+00:00,68.5,125,ask,,,13358245
2026-06-30T08:10:33.143146,2026-06-29T22:10:33.997529+00:00,68.5,200,bid,,,13358256
2026-06-30T08:10:33.274196,2026-06-29T22:10:34.127946+00:00,68.4,1,ask,,,13358263
2026-06-30T08:10:34.352964,2026-06-29T22:10:35.197600+00:00,68.2,200,bid,,,13358276
2026-06-30T08:10:35.561231,2026-06-29T22:10:36.407384+00:00,68.3,200,bid,,,13358302
2026-06-30T08:10:36.701280,2026-06-29T22:10:37.550072+00:00,68.2,20,ask,,,13358328
2026-06-30T08:10:36.770242,2026-06-29T22:10:37.616497+00:00,68.4,200,bid,,,13358330
2026-06-30T08:10:37.978810,2026-06-29T22:10:38.832003+00:00,68.4,200,bid,,,13358352
