timestamp,recv_time,price,volume,aggressor_side,buyer,seller,trade_id
2026-07-04T13:00:00.578246,2026-07-04T13:00:00.573179+00:00,134.7,200,bid,WavyWalnuts,YieldingYams,7016018
2026-07-04T13:00:01.166942,2026-07-04T13:00:01.178638+00:00,134.7,20,bid,BrilliantBurritos,YieldingYams,7016025
2026-07-04T13:00:01.791440,2026-07-04T13:00:01.802051+00:00,134.6,200,bid,WavyWalnuts,YieldingYams,7016033
2026-07-04T13:00:05.433700,2026-07-04T13:00:05.444132+00:00,134.5,200,ask,YieldingYams,WavyWalnuts,7016085
2026-07-04T13:00:10.297675,2026-07-04T13:00:10.301911+00:00,134.5,11,ask,WavyWalnuts,Xuanyu Liu,7016182
2026-07-04T13:00:10.499510,2026-07-04T13:00:10.509447+00:00,134.5,189,ask,WavyWalnuts,YieldingYams,7016188
2026-07-04T13:00:11.488478,2026-07-04T13:00:11.495770+00:00,134.4,200,bid,WavyWalnuts,YieldingYams,7016204
2026-07-04T13:00:11.797521,2026-07-04T13:00:11.869694+00:00,134.2,20,ask,YieldingYams,BrilliantBurritos,7016212
2026-07-04T13:00:12.831772,2026-07-04T13:00:12.835761+00:00,134.5,11,ask,YieldingYams,Xuanyu Liu,7016229
2026-07-04T13:00:12.981758,2026-07-04T13:00:12.992862+00:00,134.7,20,bid,BrilliantBurritos,YieldingYams,7016232
2026-07-04T13:00:14.469315,2026-07-04T13:00:14.481178+00:00,134.6,12,ask,YieldingYams,Xuanyu Liu,7016267
2026-07-04T13:00:20.142956,2026-07-04T13:00:20.158624+00:00,134.4,20,ask,WavyWalnuts,BrilliantBurritos,7016338
2026-07-04T13:00:21.175556,2026-07-04T13:00:21.183364+00:00,134.5,200,bid,WavyWalnuts,YieldingYams,7016353
2026-07-04T13:00:25.437234,2026-07-04T13:00:25.441578+00:00,134.5,12,bid,Xuanyu Liu,YieldingYams,7016420
2026-07-04T13:00:25.724026,2026-07-04T13:00:25.735631+00:00,134.5,20,bid,BrilliantBurritos,YieldingYams,7016423
2026-07-04T13:00:26.612416,2026-07-04T13:00:26.622008+00:00,134.4,20,ask,WavyWalnuts,BrilliantBurritos,7016432
2026-07-04T13:00:28.494368,2026-07-04T13:00:28.506546+00:00,134.6,20,bid,BrilliantBurritos,YieldingYams,7016474
2026-07-04T13:00:30.174764,2026-07-04T13:00:30.184708+00:00,134.4,200,ask,WavyWalnuts,YieldingYams,7016492
2026-07-04T13:00:31.765178,2026-07-04T13:00:31.770010+00:00,134.5,11,bid,Xuanyu Liu,WavyWalnuts,7016514
2026-07-04T13:00:34.502817,2026-07-04T13:00:34.512763+00:00,134.4,200,bid,WavyWalnuts,YieldingYams,7016559
2026-07-04T13:00:36.738742,2026-07-04T13:00:36.748332+00:00,134.5,200,bid,YieldingYams,WavyWalnuts,7016598
2026-07-04T13:00:38.086472,2026-07-04T13:00:38.090367+00:00,134.5,23,bid,Xuanyu Liu,YieldingYams,7016626
2026-07-04T13:00:45.406071,2026-07-04T13:00:45.413625+00:00,134.5,200,ask,YieldingYams,WavyWalnuts,7016734
2026-07-04T13:00:47.841533,2026-07-04T13:00:47.845254+00:00,134.6,11,bid,Xuanyu Liu,WavyWalnuts,7016777
2026-07-04T13:00:48.266731,2026-07-04T13:00:48.275515+00:00,134.6,20,bid,BrilliantBurritos,WavyWalnuts,7016781
2026-07-04T13:00:52.495786,2026-07-04T13:00:52.500024+00:00,134.5,23,bid,Xuanyu Liu,YieldingYams,7016835
2026-07-04T13:00:52.667628,2026-07-04T13:00:52.677193+00:00,134.5,200,bid,WavyWalnuts,YieldingYams,7016836
2026-07-04T13:01:00.355134,2026-07-04T13:01:00.358832+00:00,134.5,3,bid,Xuanyu Liu,YieldingYams,7016932
2026-07-04T13:01:00.688552,2026-07-04T13:01:00.698986+00:00,134.5,50,bid,Alan Niu,YieldingYams,7016943
2026-07-04T13:01:01.156161,2026-07-04T13:01:01.168687+00:00,134.5,200,bid,WavyWalnuts,YieldingYams,7016946
2026-07-04T13:01:02.816489,2026-07-04T13:01:02.823328+00:00,134.5,50,bid,Alan Niu,YieldingYams,7016965
2026-07-04T13:01:02.958996,2026-07-04T13:01:02.970922+00:00,134.4,200,ask,WavyWalnuts,YieldingYams,7016967
2026-07-04T13:01:03.579142,2026-07-04T13:01:03.589487+00:00,134.4,200,bid,WavyWalnuts,YieldingYams,7016971
2026-07-04T13:01:07.219593,2026-07-04T13:01:07.228979+00:00,134.5,200,ask,YieldingYams,WavyWalnuts,7017022
2026-07-04T13:01:09.298034,2026-07-04T13:01:09.308615+00:00,134.6,50,bid,Alan Niu,WavyWalnuts,7017051
2026-07-04T13:01:10.836204,2026-07-04T13:01:10.844455+00:00,134.6,500,bid,YieldingYams,AverageAlmonds,7017078
2026-07-04T13:01:12.146432,2026-07-04T13:01:12.151679+00:00,134.5,200,ask,WavyWalnuts,YieldingYams,7017094
2026-07-04T13:01:12.166509,2026-07-04T13:01:12.169866+00:00,134.4,14,bid,Xuanyu Liu,YieldingYams,7017098
2026-07-04T13:01:12.170912,2026-07-04T13:01:12.190311+00:00,134.4,200,bid,Chester Au,YieldingYams,7017099
2026-07-04T13:01:12.526263,2026-07-04T13:01:12.532876+00:00,134.4,36,bid,Alan Niu,YieldingYams,7017102
2026-07-04T13:01:12.982918,2026-07-04T13:01:12.986765+00:00,134.1,11,ask,YieldingYams,Xuanyu Liu,7017106
2026-07-04T13:01:13.269633,2026-07-04T13:01:13.293237+00:00,134.4,175,bid,WavyWalnuts,YieldingYams,7017110
2026-07-04T13:01:13.278708,2026-07-04T13:01:13.293237+00:00,134.4,25,ask,WavyWalnuts,Chester Au,7017111
2026-07-04T13:01:14.482439,2026-07-04T13:01:14.492370+00:00,134.6,200,ask,YieldingYams,WavyWalnuts,7017129
2026-07-04T13:01:14.839232,2026-07-04T13:01:14.847765+00:00,134.6,500,ask,YieldingYams,AverageAlmonds,7017135
2026-07-04T13:01:19.336523,2026-07-04T13:01:19.340114+00:00,134.6,3,ask,YieldingYams,Xuanyu Liu,7017195
2026-07-04T13:01:20.530223,2026-07-04T13:01:20.541334+00:00,134.7,200,ask,YieldingYams,WavyWalnuts,7017211
2026-07-04T13:01:21.881507,2026-07-04T13:01:21.892839+00:00,134.7,50,ask,YieldingYams,Alan Niu,7017238
2026-07-04T13:01:28.283930,2026-07-04T13:01:28.295288+00:00,134.6,50,ask,YieldingYams,Alan Niu,7017316
2026-07-04T13:01:30.438720,2026-07-04T13:01:30.447061+00:00,134.5,50,ask,YieldingYams,Alan Niu,7017341
2026-07-04T13:01:31.814521,2026-07-04T13:01:31.825675+00:00,134.6,200,bid,YieldingYams,WavyWalnuts,7017367
2026-07-04T13:01:31.829984,2026-07-04T13:01:31.841391+00:00,134.6,100,ask,YieldingYams,Chester Au,7017370
2026-07-04T13:01:32.563108,2026-07-04T13:01:32.570655+00:00,134.6,36,ask,YieldingYams,Alan Niu,7017383
2026-07-04T13:01:32.644966,2026-07-04T13:01:32.658594+00:00,134.6,200,ask,YieldingYams,WavyWalnuts,7017384
2026-07-04T13:01:33.130697,2026-07-04T13:01:33.141338+00:00,134.4,200,ask,WavyWalnuts,YieldingYams,7017393
2026-07-04T13:01:33.851006,2026-07-04T13:01:33.854628+00:00,134.4,200,bid,WavyWalnuts,YieldingYams,7017402
2026-07-04T13:01:34.465169,2026-07-04T13:01:34.476759+00:00,134.6,47,bid,Alan Niu,YieldingYams,7017419
2026-07-04T13:01:35.064784,2026-07-04T13:01:35.075704+00:00,134.4,200,ask,YieldingYams,WavyWalnuts,7017432
2026-07-04T13:01:38.695698,2026-07-04T13:01:38.702430+00:00,134.2,200,ask,YieldingYams,WavyWalnuts,7017493
2026-07-04T13:01:39.696682,2026-07-04T13:01:39.705988+00:00,134.3,54,ask,YieldingYams,Chester Au,7017513
2026-07-04T13:01:39.903367,2026-07-04T13:01:39.911320+00:00,134.3,200,ask,YieldingYams,WavyWalnuts,7017516
2026-07-04T13:01:40.848352,2026-07-04T13:01:40.858576+00:00,134.3,47,ask,YieldingYams,Alan Niu,7017538
2026-07-04T13:01:41.040805,2026-07-04T13:01:41.052552+00:00,134.4,20,bid,BrilliantBurritos,YieldingYams,7017544
2026-07-04T13:01:42.318736,2026-07-04T13:01:42.325471+00:00,134.4,200,bid,WavyWalnuts,YieldingYams,7017561
2026-07-04T13:01:45.947524,2026-07-04T13:01:45.959145+00:00,134.5,200,ask,YieldingYams,WavyWalnuts,7017611
2026-07-04T13:01:48.362353,2026-07-04T13:01:48.370237+00:00,134.5,200,bid,WavyWalnuts,YieldingYams,7017654
2026-07-04T13:01:49.323540,2026-07-04T13:01:49.335043+00:00,134.2,20,ask,YieldingYams,BrilliantBurritos,7017668
2026-07-04T13:01:50.210129,2026-07-04T13:01:50.217976+00:00,134.4,200,ask,WavyWalnuts,YieldingYams,7017683
2026-07-04T13:01:50.800317,2026-07-04T13:01:50.804450+00:00,134.3,3,bid,Xuanyu Liu,WavyWalnuts,7017688
2026-07-04T13:01:51.003230,2026-07-04T13:01:51.007432+00:00,134.2,3,ask,YieldingYams,Xuanyu Liu,7017691
2026-07-04T13:01:51.523795,2026-07-04T13:01:51.531415+00:00,134.3,197,bid,YieldingYams,WavyWalnuts,7017704
2026-07-04T13:01:51.998001,2026-07-04T13:01:52.009833+00:00,134.3,200,ask,YieldingYams,WavyWalnuts,7017715
2026-07-04T13:01:56.452853,2026-07-04T13:01:56.452044+00:00,134.3,20,bid,BrilliantBurritos,WavyWalnuts,7017770
2026-07-04T13:01:56.617086,2026-07-04T13:01:56.623597+00:00,134.3,180,bid,AverageAlmonds,WavyWalnuts,7017772
2026-07-04T13:01:56.787009,2026-07-04T13:01:56.796431+00:00,134.4,21,ask,YieldingYams,Chester Au,7017775
2026-07-04T13:01:56.834697,2026-07-04T13:01:56.843580+00:00,134.4,200,ask,YieldingYams,WavyWalnuts,7017776
2026-07-04T13:01:58.043740,2026-07-04T13:01:58.058543+00:00,134.4,200,ask,YieldingYams,WavyWalnuts,7017799
2026-07-04T13:02:02.872955,2026-07-04T13:02:02.884755+00:00,134.4,200,ask,YieldingYams,WavyWalnuts,7017881
2026-07-04T13:02:04.081653,2026-07-04T13:02:04.088915+00:00,134.4,200,ask,YieldingYams,WavyWalnuts,7017906
2026-07-04T13:02:05.289905,2026-07-04T13:02:05.298706+00:00,134.4,200,ask,YieldingYams,WavyWalnuts,7017922
2026-07-04T13:02:05.967464,2026-07-04T13:02:05.971447+00:00,134.5,3,bid,Xuanyu Liu,YieldingYams,7017940
2026-07-04T13:02:08.587228,2026-07-04T13:02:08.590436+00:00,134.4,3,ask,YieldingYams,Xuanyu Liu,7017972
2026-07-04T13:02:13.820829,2026-07-04T13:02:13.830523+00:00,134.5,200,ask,WavyWalnuts,YieldingYams,7018045
2026-07-04T13:02:13.878227,2026-07-04T13:02:13.889527+00:00,134.5,20,bid,BrilliantBurritos,YieldingYams,7018048
2026-07-04T13:02:20.398319,2026-07-04T13:02:20.406177+00:00,134.4,20,bid,BrilliantBurritos,WavyWalnuts,7018145
2026-07-04T13:02:22.686050,2026-07-04T13:02:22.689681+00:00,134.1,26,ask,YieldingYams,Xuanyu Liu,7018185
2026-07-04T13:02:23.019720,2026-07-04T13:02:23.023361+00:00,134.2,11,ask,YieldingYams,Xuanyu Liu,7018191
2026-07-04T13:02:24.271781,2026-07-04T13:02:24.283379+00:00,134.4,20,bid,BrilliantBurritos,YieldingYams,7018206
2026-07-04T13:02:26.961323,2026-07-04T13:02:26.972801+00:00,134.4,20,ask,YieldingYams,BrilliantBurritos,7018248
2026-07-04T13:02:28.314198,2026-07-04T13:02:28.323307+00:00,134.5,200,bid,WavyWalnuts,YieldingYams,7018263
2026-07-04T13:02:29.527461,2026-07-04T13:02:29.534588+00:00,134.5,200,bid,WavyWalnuts,YieldingYams,7018283
2026-07-04T13:02:29.772825,2026-07-04T13:02:29.784725+00:00,134.5,20,ask,YieldingYams,BrilliantBurritos,7018290
2026-07-04T13:02:31.957453,2026-07-04T13:02:31.961292+00:00,134.5,11,bid,Xuanyu Liu,WavyWalnuts,7018327
2026-07-04T13:02:32.102203,2026-07-04T13:02:32.106688+00:00,134.5,12,bid,Xuanyu Liu,WavyWalnuts,7018329
2026-07-04T13:02:33.164017,2026-07-04T13:02:33.167639+00:00,134.4,11,bid,Xuanyu Liu,WavyWalnuts,7018338
2026-07-04T13:02:33.263193,2026-07-04T13:02:33.274732+00:00,134.4,20,bid,BrilliantBurritos,WavyWalnuts,7018339
2026-07-04T13:02:36.785279,2026-07-04T13:02:36.794754+00:00,134.6,200,bid,WavyWalnuts,YieldingYams,7018386
2026-07-04T13:02:37.109454,2026-07-04T13:02:37.116479+00:00,134.6,20,bid,BrilliantBurritos,YieldingYams,7018388
2026-07-04T13:02:38.753570,2026-07-04T13:02:38.757100+00:00,134.7,3,bid,Xuanyu Liu,YieldingYams,7018416
2026-07-04T13:02:39.213222,2026-07-04T13:02:39.218096+00:00,134.6,20,ask,WavyWalnuts,BrilliantBurritos,7018420
2026-07-04T13:02:40.050474,2026-07-04T13:02:40.055474+00:00,134.6,180,ask,WavyWalnuts,YieldingYams,7018431
2026-07-04T13:02:41.630329,2026-07-04T13:02:41.640053+00:00,134.6,200,ask,YieldingYams,WavyWalnuts,7018452
2026-07-04T13:02:44.816056,2026-07-04T13:02:44.820079+00:00,134.6,3,ask,YieldingYams,Xuanyu Liu,7018502
2026-07-04T13:02:47.223673,2026-07-04T13:02:47.233054+00:00,134.7,20,bid,BrilliantBurritos,WavyWalnuts,7018536
2026-07-04T13:02:47.914690,2026-07-04T13:02:47.925912+00:00,134.7,500,bid,YieldingYams,AverageAlmonds,7018556
2026-07-04T13:02:49.225341,2026-07-04T13:02:49.232043+00:00,134.6,200,ask,WavyWalnuts,YieldingYams,7018574
2026-07-04T13:02:50.085215,2026-07-04T13:02:50.094771+00:00,134.6,200,bid,WavyWalnuts,YieldingYams,7018595
2026-07-04T13:02:51.170487,2026-07-04T13:02:51.174333+00:00,134.6,11,ask,YieldingYams,Xuanyu Liu,7018626
2026-07-04T13:02:51.309048,2026-07-04T13:02:51.312660+00:00,134.7,12,ask,WavyWalnuts,Xuanyu Liu,7018629
2026-07-04T13:02:52.778890,2026-07-04T13:02:52.790377+00:00,134.8,20,ask,WavyWalnuts,BrilliantBurritos,7018650
2026-07-04T13:02:53.667392,2026-07-04T13:02:53.678084+00:00,134.9,20,bid,BrilliantBurritos,YieldingYams,7018661
2026-07-04T13:02:54.467549,2026-07-04T13:02:54.474493+00:00,134.8,200,ask,WavyWalnuts,YieldingYams,7018680
2026-07-04T13:02:54.924218,2026-07-04T13:02:54.931129+00:00,134.8,200,bid,WavyWalnuts,YieldingYams,7018689
2026-07-04T13:02:55.025994,2026-07-04T13:02:55.032914+00:00,134.5,20,ask,YieldingYams,BrilliantBurritos,7018692
2026-07-04T13:02:57.085430,2026-07-04T13:02:57.092597+00:00,134.8,200,bid,YieldingYams,WavyWalnuts,7018728
2026-07-04T13:02:57.345683,2026-07-04T13:02:57.352048+00:00,134.9,200,ask,YieldingYams,WavyWalnuts,7018733
2026-07-04T13:02:57.500079,2026-07-04T13:02:57.504295+00:00,134.9,11,ask,YieldingYams,Xuanyu Liu,7018739
2026-07-04T13:02:57.756206,2026-07-04T13:02:57.765977+00:00,134.9,214,ask,YieldingYams,AverageAlmonds,7018742
2026-07-04T13:02:58.962466,2026-07-04T13:02:58.969315+00:00,134.8,500,ask,YieldingYams,AverageAlmonds,7018755
2026-07-04T13:02:59.711535,2026-07-04T13:02:59.722224+00:00,134.8,200,ask,WavyWalnuts,YieldingYams,7018766
2026-07-04T13:03:03.338100,2026-07-04T13:03:03.341903+00:00,134.6,12,ask,WavyWalnuts,Xuanyu Liu,7018823
2026-07-04T13:03:03.400756,2026-07-04T13:03:03.404412+00:00,134.7,11,ask,WavyWalnuts,Xuanyu Liu,7018826
2026-07-04T13:03:04.407339,2026-07-04T13:03:04.417345+00:00,134.7,189,ask,WavyWalnuts,AverageAlmonds,7018850
2026-07-04T13:03:04.407339,2026-07-04T13:03:04.417345+00:00,134.7,311,ask,YieldingYams,AverageAlmonds,7018851
2026-07-04T13:03:06.248136,2026-07-04T13:03:06.258536+00:00,134.7,200,ask,WavyWalnuts,AverageAlmonds,7018879
2026-07-04T13:03:06.293800,2026-07-04T13:03:06.300403+00:00,134.7,300,bid,YieldingYams,AverageAlmonds,7018885
2026-07-04T13:03:06.839900,2026-07-04T13:03:06.850288+00:00,134.7,325,ask,YieldingYams,AverageAlmonds,7018895
2026-07-04T13:03:07.003257,2026-07-04T13:03:07.012115+00:00,134.7,175,bid,WavyWalnuts,AverageAlmonds,7018899
2026-07-04T13:03:07.018337,2026-07-04T13:03:07.021935+00:00,134.7,25,ask,WavyWalnuts,Xuanyu Liu,7018902
2026-07-04T13:03:07.479093,2026-07-04T13:03:07.487640+00:00,133.8,45,ask,AverageAlmonds,Zihao Wu,7018911
2026-07-04T13:03:08.212857,2026-07-04T13:03:08.220259+00:00,134.4,200,bid,WavyWalnuts,YieldingYams,7018928
2026-07-04T13:03:09.421534,2026-07-04T13:03:09.428723+00:00,134.4,200,bid,WavyWalnuts,YieldingYams,7018948
2026-07-04T13:03:09.479451,2026-07-04T13:03:09.487019+00:00,134.4,20,bid,Alan Niu,YieldingYams,7018950
2026-07-04T13:03:09.503613,2026-07-04T13:03:09.508036+00:00,134.4,20,bid,Xuanyu Liu,YieldingYams,7018952
2026-07-04T13:03:09.695346,2026-07-04T13:03:09.702296+00:00,134.2,20,ask,YieldingYams,Alan Niu,7018954
2026-07-04T13:03:10.260916,2026-07-04T13:03:10.265215+00:00,134.3,5,bid,Xuanyu Liu,YieldingYams,7018960
2026-07-04T13:03:10.629603,2026-07-04T13:03:10.639411+00:00,134.3,200,bid,WavyWalnuts,YieldingYams,7018969
2026-07-04T13:03:13.478044,2026-07-04T13:03:13.486546+00:00,134.3,20,ask,YieldingYams,BrilliantBurritos,7019019
2026-07-04T13:03:16.421215,2026-07-04T13:03:16.424833+00:00,134.5,23,bid,Xuanyu Liu,WavyWalnuts,7019062
2026-07-04T13:03:16.692762,2026-07-04T13:03:16.704365+00:00,134.4,200,ask,YieldingYams,WavyWalnuts,7019072
2026-07-04T13:03:19.118884,2026-07-04T13:03:19.126494+00:00,134.4,200,ask,AverageAlmonds,WavyWalnuts,7019104
2026-07-04T13:03:19.557191,2026-07-04T13:03:19.568933+00:00,134.5,500,bid,AverageAlmonds,YieldingYams,7019116
2026-07-04T13:03:20.150470,2026-07-04T13:03:20.153595+00:00,134.5,125,bid,AverageAlmonds,YieldingYams,7019131
2026-07-04T13:03:20.328967,2026-07-04T13:03:20.339838+00:00,134.5,200,ask,AverageAlmonds,WavyWalnuts,7019134
2026-07-04T13:03:21.543228,2026-07-04T13:03:21.558693+00:00,134.7,200,ask,YieldingYams,WavyWalnuts,7019149
2026-07-04T13:03:22.755011,2026-07-04T13:03:22.758788+00:00,134.9,34,bid,Xuanyu Liu,YieldingYams,7019165
2026-07-04T13:03:22.760497,2026-07-04T13:03:22.774529+00:00,134.7,200,ask,YieldingYams,WavyWalnuts,7019166
2026-07-04T13:03:23.457808,2026-07-04T13:03:23.469524+00:00,134.9,20,bid,BrilliantBurritos,YieldingYams,7019173
2026-07-04T13:03:23.974699,2026-07-04T13:03:23.982510+00:00,134.7,200,ask,YieldingYams,WavyWalnuts,7019181
2026-07-04T13:03:25.184608,2026-07-04T13:03:25.193320+00:00,134.7,200,ask,YieldingYams,WavyWalnuts,7019201
2026-07-04T13:03:25.965468,2026-07-04T13:03:25.969062+00:00,134.6,3,bid,Xuanyu Liu,YieldingYams,7019214
2026-07-04T13:03:26.073538,2026-07-04T13:03:26.085031+00:00,134.4,20,ask,WavyWalnuts,BrilliantBurritos,7019217
2026-07-04T13:03:27.502660,2026-07-04T13:03:27.524162+00:00,134.5,45,bid,Zihao Wu,YieldingYams,7019239
2026-07-04T13:03:28.572088,2026-07-04T13:03:28.579203+00:00,134.4,500,ask,AverageAlmonds,YieldingYams,7019260
2026-07-04T13:03:28.612882,2026-07-04T13:03:28.622517+00:00,134.4,125,bid,AverageAlmonds,YieldingYams,7019261
2026-07-04T13:03:28.669973,2026-07-04T13:03:28.674258+00:00,134.5,3,ask,AverageAlmonds,Xuanyu Liu,7019264
2026-07-04T13:03:28.810870,2026-07-04T13:03:28.820056+00:00,134.5,200,ask,AverageAlmonds,WavyWalnuts,7019266
2026-07-04T13:03:28.839039,2026-07-04T13:03:28.850726+00:00,134.5,20,ask,AverageAlmonds,BrilliantBurritos,7019267
2026-07-04T13:03:29.903641,2026-07-04T13:03:29.912037+00:00,134.6,500,ask,AverageAlmonds,YieldingYams,7019286
2026-07-04T13:03:29.918974,2026-07-04T13:03:29.922948+00:00,134.5,3,bid,Xuanyu Liu,YieldingYams,7019288
2026-07-04T13:03:30.451058,2026-07-04T13:03:30.464168+00:00,134.5,122,bid,AverageAlmonds,YieldingYams,7019293
2026-07-04T13:03:32.265251,2026-07-04T13:03:32.273962+00:00,134.7,200,bid,AverageAlmonds,WavyWalnuts,7019317
2026-07-04T13:03:32.300828,2026-07-04T13:03:32.304430+00:00,134.7,26,ask,AverageAlmonds,Xuanyu Liu,7019321
2026-07-04T13:03:32.440741,2026-07-04T13:03:32.458596+00:00,134.7,200,ask,AverageAlmonds,WavyWalnuts,7019323
2026-07-04T13:03:35.408552,2026-07-04T13:03:35.412057+00:00,134.8,12,bid,Xuanyu Liu,WavyWalnuts,7019368
2026-07-04T13:03:35.589380,2026-07-04T13:03:35.600940+00:00,134.8,20,bid,BrilliantBurritos,WavyWalnuts,7019374
2026-07-04T13:03:36.077702,2026-07-04T13:03:36.088532+00:00,134.7,200,ask,YieldingYams,WavyWalnuts,7019379
2026-07-04T13:03:37.288101,2026-07-04T13:03:37.303432+00:00,134.7,200,ask,YieldingYams,WavyWalnuts,7019404
2026-07-04T13:03:37.780432,2026-07-04T13:03:37.783900+00:00,134.7,11,bid,Xuanyu Liu,YieldingYams,7019410
2026-07-04T13:03:40.736495,2026-07-04T13:03:40.745205+00:00,134.8,500,ask,YieldingYams,AverageAlmonds,7019464
2026-07-04T13:03:41.699912,2026-07-04T13:03:41.708484+00:00,134.8,200,ask,WavyWalnuts,YieldingYams,7019491
2026-07-04T13:03:41.739833,2026-07-04T13:03:41.743467+00:00,134.6,17,bid,Xuanyu Liu,YieldingYams,7019494
2026-07-04T13:03:41.748224,2026-07-04T13:03:41.758977+00:00,134.6,133,bid,Chester Au,YieldingYams,7019495
2026-07-04T13:03:42.127794,2026-07-04T13:03:42.134565+00:00,134.6,200,bid,WavyWalnuts,YieldingYams,7019500
2026-07-04T13:03:43.338193,2026-07-04T13:03:43.345959+00:00,134.7,200,ask,YieldingYams,WavyWalnuts,7019518
2026-07-04T13:03:44.955651,2026-07-04T13:03:44.959347+00:00,134.6,14,ask,YieldingYams,Xuanyu Liu,7019539
2026-07-04T13:03:46.983483,2026-07-04T13:03:46.990488+00:00,134.5,200,ask,YieldingYams,WavyWalnuts,7019569
2026-07-04T13:03:47.718799,2026-07-04T13:03:47.730987+00:00,134.7,20,bid,BrilliantBurritos,YieldingYams,7019579
2026-07-04T13:03:48.194872,2026-07-04T13:03:48.205635+00:00,134.5,200,ask,YieldingYams,WavyWalnuts,7019584
2026-07-04T13:03:49.569958,2026-07-04T13:03:49.577482+00:00,134.3,200,bid,YieldingYams,WavyWalnuts,7019601
2026-07-04T13:03:51.285795,2026-07-04T13:03:51.293279+00:00,134.2,133,ask,YieldingYams,Chester Au,7019636
2026-07-04T13:03:51.288992,2026-07-04T13:03:51.293279+00:00,134.2,3,ask,YieldingYams,Xuanyu Liu,7019637
2026-07-04T13:03:53.501477,2026-07-04T13:03:53.510039+00:00,134.2,200,ask,WavyWalnuts,YieldingYams,7019673
2026-07-04T13:03:54.084731,2026-07-04T13:03:54.094058+00:00,134.1,425,bid,AverageAlmonds,YieldingYams,7019679
2026-07-04T13:03:56.122031,2026-07-04T13:03:56.132900+00:00,134.2,200,bid,YieldingYams,WavyWalnuts,7019708
2026-07-04T13:03:57.441993,2026-07-04T13:03:57.458749+00:00,134.2,200,ask,WavyWalnuts,YieldingYams,7019731
2026-07-04T13:03:57.570997,2026-07-04T13:03:57.578327+00:00,134.2,20,bid,BrilliantBurritos,YieldingYams,7019733
2026-07-04T13:03:57.872621,2026-07-04T13:03:57.882876+00:00,134.2,200,bid,WavyWalnuts,YieldingYams,7019735
2026-07-04T13:03:59.083784,2026-07-04T13:03:59.092661+00:00,134.3,200,ask,YieldingYams,WavyWalnuts,7019747
2026-07-04T13:04:00.809038,2026-07-04T13:04:00.820859+00:00,134.2,20,ask,YieldingYams,BrilliantBurritos,7019769
2026-07-04T13:04:02.683380,2026-07-04T13:04:02.691905+00:00,134.3,200,ask,WavyWalnuts,YieldingYams,7019793
2026-07-04T13:04:08.753451,2026-07-04T13:04:08.763722+00:00,134.2,200,ask,YieldingYams,WavyWalnuts,7019887
2026-07-04T13:04:09.264067,2026-07-04T13:04:09.267485+00:00,134.1,3,bid,Xuanyu Liu,YieldingYams,7019899
2026-07-04T13:04:10.546797,2026-07-04T13:04:10.568380+00:00,134.1,200,bid,YieldingYams,WavyWalnuts,7019927
2026-07-04T13:04:10.564295,2026-07-04T13:04:10.568380+00:00,134.1,3,ask,YieldingYams,Xuanyu Liu,7019929
2026-07-04T13:04:12.842751,2026-07-04T13:04:12.851568+00:00,134.1,500,bid,AverageAlmonds,YieldingYams,7019968
2026-07-04T13:04:13.171607,2026-07-04T13:04:13.180787+00:00,134.2,200,bid,YieldingYams,WavyWalnuts,7019972
2026-07-04T13:04:13.195208,2026-07-04T13:04:13.199377+00:00,134.2,11,ask,YieldingYams,Xuanyu Liu,7019975
2026-07-04T13:04:13.584517,2026-07-04T13:04:13.595410+00:00,134.2,200,ask,YieldingYams,WavyWalnuts,7019981
2026-07-04T13:04:14.481772,2026-07-04T13:04:14.493276+00:00,134.1,500,ask,AverageAlmonds,YieldingYams,7019997
2026-07-04T13:04:14.499287,2026-07-04T13:04:14.503130+00:00,134.1,7,bid,Xuanyu Liu,YieldingYams,7019999
2026-07-04T13:04:14.643353,2026-07-04T13:04:14.652071+00:00,134.1,118,bid,AverageAlmonds,YieldingYams,7020000
2026-07-04T13:04:14.786748,2026-07-04T13:04:14.798734+00:00,134.1,45,ask,AverageAlmonds,Zihao Wu,7020003
2026-07-04T13:04:15.788063,2026-07-04T13:04:15.794840+00:00,134.2,200,bid,YieldingYams,WavyWalnuts,7020021
2026-07-04T13:04:16.006108,2026-07-04T13:04:16.017036+00:00,134.3,200,ask,YieldingYams,WavyWalnuts,7020029
2026-07-04T13:04:18.432045,2026-07-04T13:04:18.435551+00:00,134.3,4,bid,Xuanyu Liu,YieldingYams,7020058
2026-07-04T13:04:21.039160,2026-07-04T13:04:21.048694+00:00,134.2,200,bid,YieldingYams,WavyWalnuts,7020109
2026-07-04T13:04:21.322602,2026-07-04T13:04:21.334543+00:00,134.3,20,ask,YieldingYams,BrilliantBurritos,7020117
2026-07-04T13:04:26.523769,2026-07-04T13:04:26.535354+00:00,134.2,20,ask,WavyWalnuts,BrilliantBurritos,7020229
2026-07-04T13:04:26.896039,2026-07-04T13:04:26.905488+00:00,134.3,200,bid,WavyWalnuts,AverageAlmonds,7020239
2026-07-04T13:04:27.589898,2026-07-04T13:04:27.607990+00:00,134.3,500,bid,YieldingYams,AverageAlmonds,7020253
2026-07-04T13:04:27.604092,2026-07-04T13:04:27.607990+00:00,134.3,11,ask,YieldingYams,Xuanyu Liu,7020255
2026-07-04T13:04:27.960800,2026-07-04T13:04:27.971262+00:00,134.3,114,ask,YieldingYams,AverageAlmonds,7020263
2026-07-04T13:04:29.317757,2026-07-04T13:04:29.328657+00:00,134.1,200,bid,WavyWalnuts,YieldingYams,7020288
2026-07-04T13:04:31.875842,2026-07-04T13:04:31.884351+00:00,134.0,20,ask,YieldingYams,BrilliantBurritos,7020327
2026-07-04T13:04:31.906074,2026-07-04T13:04:31.910186+00:00,134.0,12,ask,YieldingYams,Xuanyu Liu,7020329
2026-07-04T13:04:34.308490,2026-07-04T13:04:34.319975+00:00,134.1,20,bid,BrilliantBurritos,YieldingYams,7020368
2026-07-04T13:04:34.867921,2026-07-04T13:04:34.879852+00:00,134.1,45,bid,Zihao Wu,YieldingYams,7020379
2026-07-04T13:04:35.581885,2026-07-04T13:04:35.585721+00:00,134.2,50,ask,YieldingYams,Xuanyu Liu,7020390
2026-07-04T13:04:36.768700,2026-07-04T13:04:36.776299+00:00,134.3,200,ask,WavyWalnuts,YieldingYams,7020402
2026-07-04T13:04:38.078537,2026-07-04T13:04:38.089396+00:00,134.2,200,bid,YieldingYams,WavyWalnuts,7020426
2026-07-04T13:04:38.078537,2026-07-04T13:04:38.089396+00:00,134.4,425,bid,YieldingYams,AverageAlmonds,7020427
2026-07-04T13:04:39.752623,2026-07-04T13:04:39.764429+00:00,134.2,20,bid,BrilliantBurritos,YieldingYams,7020445
2026-07-04T13:04:45.080423,2026-07-04T13:04:45.083941+00:00,134.1,18,ask,WavyWalnuts,Xuanyu Liu,7020529
2026-07-04T13:04:51.255248,2026-07-04T13:04:51.266754+00:00,134.1,20,bid,BrilliantBurritos,WavyWalnuts,7020620
2026-07-04T13:04:52.358287,2026-07-04T13:04:52.369691+00:00,134.0,200,ask,YieldingYams,WavyWalnuts,7020638
2026-07-04T13:04:52.529737,2026-07-04T13:04:52.536503+00:00,134.0,500,ask,AverageAlmonds,YieldingYams,7020643
2026-07-04T13:04:52.768882,2026-07-04T13:04:52.778259+00:00,134.0,125,bid,AverageAlmonds,YieldingYams,7020647
2026-07-04T13:04:53.837668,2026-07-04T13:04:53.846703+00:00,134.1,200,bid,YieldingYams,WavyWalnuts,7020672
2026-07-04T13:04:55.166220,2026-07-04T13:04:55.170402+00:00,134.2,11,bid,Xuanyu Liu,YieldingYams,7020692
2026-07-04T13:04:55.825295,2026-07-04T13:04:55.833876+00:00,134.2,500,bid,AverageAlmonds,YieldingYams,7020703
2026-07-04T13:04:56.003043,2026-07-04T13:04:56.006888+00:00,134.1,12,bid,Xuanyu Liu,WavyWalnuts,7020707
2026-07-04T13:04:56.419237,2026-07-04T13:04:56.430301+00:00,134.1,188,bid,AverageAlmonds,WavyWalnuts,7020714
2026-07-04T13:04:56.419237,2026-07-04T13:04:56.430301+00:00,134.2,114,bid,AverageAlmonds,YieldingYams,7020715
2026-07-04T13:04:57.174394,2026-07-04T13:04:57.181669+00:00,134.4,20,bid,BrilliantBurritos,YieldingYams,7020736
2026-07-04T13:04:57.196302,2026-07-04T13:04:57.207809+00:00,134.3,200,ask,AverageAlmonds,WavyWalnuts,7020737
2026-07-04T13:04:57.787402,2026-07-04T13:04:57.796400+00:00,134.3,500,ask,AverageAlmonds,YieldingYams,7020751
2026-07-04T13:04:58.228814,2026-07-04T13:04:58.237467+00:00,134.3,125,bid,AverageAlmonds,YieldingYams,7020755
2026-07-04T13:04:58.407153,2026-07-04T13:04:58.417516+00:00,134.3,200,ask,AverageAlmonds,WavyWalnuts,7020759
2026-07-04T13:04:58.872537,2026-07-04T13:04:58.884230+00:00,134.4,20,ask,AverageAlmonds,BrilliantBurritos,7020766
2026-07-04T13:04:59.618731,2026-07-04T13:04:59.628342+00:00,134.4,200,ask,YieldingYams,WavyWalnuts,7020784
2026-07-04T13:05:02.152881,2026-07-04T13:05:02.164583+00:00,134.5,20,bid,BrilliantBurritos,YieldingYams,7020815
2026-07-04T13:05:02.479598,2026-07-04T13:05:02.486367+00:00,134.5,500,bid,AverageAlmonds,YieldingYams,7020825
2026-07-04T13:05:03.020123,2026-07-04T13:05:03.030711+00:00,134.6,200,bid,YieldingYams,WavyWalnuts,7020841
2026-07-04T13:05:03.997815,2026-07-04T13:05:04.001331+00:00,134.8,22,bid,Xuanyu Liu,YieldingYams,7020853
2026-07-04T13:05:06.271853,2026-07-04T13:05:06.283977+00:00,134.5,20,ask,YieldingYams,BrilliantBurritos,7020900
2026-07-04T13:05:10.356513,2026-07-04T13:05:10.360664+00:00,134.7,12,bid,Xuanyu Liu,WavyWalnuts,7020977
2026-07-04T13:05:10.495148,2026-07-04T13:05:10.506388+00:00,134.6,200,ask,YieldingYams,WavyWalnuts,7020982
2026-07-04T13:05:12.913861,2026-07-04T13:05:12.925295+00:00,134.7,200,ask,YieldingYams,WavyWalnuts,7021024
2026-07-04T13:05:14.123445,2026-07-04T13:05:14.135034+00:00,134.8,200,ask,YieldingYams,WavyWalnuts,7021043
2026-07-04T13:05:15.332056,2026-07-04T13:05:15.339467+00:00,134.7,200,ask,YieldingYams,WavyWalnuts,7021067
2026-07-04T13:05:16.544802,2026-07-04T13:05:16.556109+00:00,134.5,200,ask,YieldingYams,WavyWalnuts,7021094
2026-07-04T13:05:17.486358,2026-07-04T13:05:17.490403+00:00,134.6,23,bid,Xuanyu Liu,YieldingYams,7021108
2026-07-04T13:05:17.764401,2026-07-04T13:05:17.767851+00:00,134.5,11,bid,Xuanyu Liu,WavyWalnuts,7021118
2026-07-04T13:05:18.963994,2026-07-04T13:05:18.973402+00:00,134.4,200,ask,YieldingYams,WavyWalnuts,7021132
2026-07-04T13:05:19.888406,2026-07-04T13:05:19.892197+00:00,134.4,11,ask,YieldingYams,Xuanyu Liu,7021144
2026-07-04T13:05:24.033896,2026-07-04T13:05:24.044463+00:00,134.5,200,bid,YieldingYams,WavyWalnuts,7021208
2026-07-04T13:05:25.013213,2026-07-04T13:05:25.023390+00:00,134.5,200,ask,YieldingYams,WavyWalnuts,7021235
2026-07-04T13:05:27.626864,2026-07-04T13:05:27.636058+00:00,134.2,20,ask,WavyWalnuts,BrilliantBurritos,7021273
2026-07-04T13:05:30.185231,2026-07-04T13:05:30.197079+00:00,134.5,20,bid,BrilliantBurritos,YieldingYams,7021314
2026-07-04T13:05:33.003117,2026-07-04T13:05:33.014868+00:00,134.2,20,ask,YieldingYams,BrilliantBurritos,7021373
2026-07-04T13:05:33.477266,2026-07-04T13:05:33.485921+00:00,134.4,200,ask,YieldingYams,WavyWalnuts,7021381
2026-07-04T13:05:34.686768,2026-07-04T13:05:34.697508+00:00,134.3,200,ask,YieldingYams,WavyWalnuts,7021394
2026-07-04T13:05:35.845966,2026-07-04T13:05:35.850443+00:00,134.2,11,bid,Xuanyu Liu,YieldingYams,7021414
2026-07-04T13:05:37.102051,2026-07-04T13:05:37.109181+00:00,134.2,200,bid,WavyWalnuts,YieldingYams,7021424
2026-07-04T13:05:40.724210,2026-07-04T13:05:40.731516+00:00,134.3,200,bid,WavyWalnuts,AverageAlmonds,7021476
2026-07-04T13:05:41.931907,2026-07-04T13:05:41.941671+00:00,134.4,200,bid,WavyWalnuts,YieldingYams,7021496
2026-07-04T13:05:43.140260,2026-07-04T13:05:43.149146+00:00,134.3,200,bid,WavyWalnuts,AverageAlmonds,7021523
2026-07-04T13:05:44.258404,2026-07-04T13:05:44.270177+00:00,134.2,500,ask,YieldingYams,AverageAlmonds,7021536
2026-07-04T13:05:44.690566,2026-07-04T13:05:44.694557+00:00,134.2,11,ask,YieldingYams,Xuanyu Liu,7021546
2026-07-04T13:05:46.067079,2026-07-04T13:05:46.074587+00:00,134.2,200,ask,WavyWalnuts,AverageAlmonds,7021564
2026-07-04T13:05:46.764258,2026-07-04T13:05:46.773445+00:00,134.3,200,bid,WavyWalnuts,YieldingYams,7021579
2026-07-04T13:05:48.391705,2026-07-04T13:05:48.395409+00:00,134.2,35,ask,WavyWalnuts,Xuanyu Liu,7021602
2026-07-04T13:05:49.180282,2026-07-04T13:05:49.190971+00:00,134.3,200,bid,WavyWalnuts,YieldingYams,7021620
2026-07-04T13:05:50.401540,2026-07-04T13:05:50.405371+00:00,134.3,11,ask,WavyWalnuts,Xuanyu Liu,7021651
2026-07-04T13:05:55.503433,2026-07-04T13:05:55.511277+00:00,134.2,200,ask,WavyWalnuts,YieldingYams,7021726
2026-07-04T13:05:56.424712,2026-07-04T13:05:56.434233+00:00,134.2,200,bid,WavyWalnuts,YieldingYams,7021742
2026-07-04T13:05:56.632180,2026-07-04T13:05:56.643993+00:00,134.2,20,bid,BrilliantBurritos,YieldingYams,7021747
2026-07-04T13:05:57.634517,2026-07-04T13:05:57.642448+00:00,134.4,200,ask,YieldingYams,WavyWalnuts,7021759
2026-07-04T13:06:00.052387,2026-07-04T13:06:00.058638+00:00,134.4,200,ask,YieldingYams,WavyWalnuts,7021794
2026-07-04T13:06:02.467394,2026-07-04T13:06:02.474534+00:00,134.3,200,ask,YieldingYams,WavyWalnuts,7021823
2026-07-04T13:06:08.404677,2026-07-04T13:06:08.416353+00:00,134.4,20,ask,YieldingYams,BrilliantBurritos,7021922
2026-07-04T13:06:12.148386,2026-07-04T13:06:12.158609+00:00,134.4,200,ask,YieldingYams,WavyWalnuts,7021980
2026-07-04T13:06:13.358733,2026-07-04T13:06:13.370176+00:00,134.5,200,ask,YieldingYams,WavyWalnuts,7021995
2026-07-04T13:06:16.514975,2026-07-04T13:06:16.518579+00:00,134.4,23,bid,Xuanyu Liu,YieldingYams,7022040
2026-07-04T13:06:16.986466,2026-07-04T13:06:16.998074+00:00,134.4,200,bid,WavyWalnuts,YieldingYams,7022046
2026-07-04T13:06:19.404125,2026-07-04T13:06:19.412958+00:00,134.4,200,ask,AverageAlmonds,WavyWalnuts,7022086
2026-07-04T13:06:23.032410,2026-07-04T13:06:23.041616+00:00,134.5,200,ask,YieldingYams,WavyWalnuts,7022144
2026-07-04T13:06:26.103835,2026-07-04T13:06:26.115663+00:00,134.7,20,bid,BrilliantBurritos,YieldingYams,7022184
2026-07-04T13:06:28.617126,2026-07-04T13:06:28.628754+00:00,134.8,20,bid,BrilliantBurritos,WavyWalnuts,7022233
2026-07-04T13:06:29.454674,2026-07-04T13:06:29.459042+00:00,134.8,23,bid,Xuanyu Liu,YieldingYams,7022240
2026-07-04T13:06:31.518162,2026-07-04T13:06:31.528031+00:00,134.7,200,ask,YieldingYams,WavyWalnuts,7022280
2026-07-04T13:06:32.745320,2026-07-04T13:06:32.749416+00:00,134.7,11,bid,Xuanyu Liu,WavyWalnuts,7022298
2026-07-04T13:06:33.948829,2026-07-04T13:06:33.953941+00:00,134.6,200,ask,YieldingYams,WavyWalnuts,7022312
2026-07-04T13:06:34.871179,2026-07-04T13:06:34.880762+00:00,134.5,20,ask,YieldingYams,BrilliantBurritos,7022317
2026-07-04T13:06:38.453847,2026-07-04T13:06:38.457422+00:00,134.7,3,bid,Xuanyu Liu,YieldingYams,7022373
2026-07-04T13:06:38.782909,2026-07-04T13:06:38.790163+00:00,134.7,200,bid,WavyWalnuts,YieldingYams,7022376
2026-07-04T13:06:40.129118,2026-07-04T13:06:40.139503+00:00,134.6,200,ask,WavyWalnuts,YieldingYams,7022398
2026-07-04T13:06:42.868846,2026-07-04T13:06:42.876329+00:00,134.6,20,bid,BrilliantBurritos,WavyWalnuts,7022433
2026-07-04T13:06:44.836911,2026-07-04T13:06:44.847260+00:00,134.4,200,ask,YieldingYams,WavyWalnuts,7022456
2026-07-04T13:06:45.365656,2026-07-04T13:06:45.374498+00:00,134.6,500,bid,YieldingYams,AverageAlmonds,7022466
2026-07-04T13:06:45.390715,2026-07-04T13:06:45.400736+00:00,134.6,125,ask,YieldingYams,AverageAlmonds,7022467
2026-07-04T13:06:47.730039,2026-07-04T13:06:47.741626+00:00,134.2,20,ask,YieldingYams,BrilliantBurritos,7022493
2026-07-04T13:06:50.602641,2026-07-04T13:06:50.613022+00:00,134.3,200,bid,YieldingYams,WavyWalnuts,7022528
2026-07-04T13:06:52.094215,2026-07-04T13:06:52.103374+00:00,134.3,200,ask,YieldingYams,WavyWalnuts,7022547
2026-07-04T13:06:53.309283,2026-07-04T13:06:53.316161+00:00,134.3,200,ask,YieldingYams,WavyWalnuts,7022578
2026-07-04T13:06:54.518555,2026-07-04T13:06:54.526542+00:00,134.3,200,ask,YieldingYams,WavyWalnuts,7022591
2026-07-04T13:06:55.904724,2026-07-04T13:06:55.916484+00:00,134.2,20,bid,BrilliantBurritos,WavyWalnuts,7022619
2026-07-04T13:06:59.568500,2026-07-04T13:06:59.579914+00:00,134.2,20,bid,BrilliantBurritos,YieldingYams,7022664
2026-07-04T13:06:59.770194,2026-07-04T13:06:59.781341+00:00,134.0,200,ask,WavyWalnuts,YieldingYams,7022667
2026-07-04T13:07:02.401527,2026-07-04T13:07:02.410801+00:00,133.9,200,ask,WavyWalnuts,YieldingYams,7022704
2026-07-04T13:07:02.990220,2026-07-04T13:07:03.000986+00:00,133.8,200,bid,WavyWalnuts,YieldingYams,7022713
2026-07-04T13:07:03.783473,2026-07-04T13:07:03.791399+00:00,134.0,50,bid,Alan Niu,WavyWalnuts,7022733
2026-07-04T13:07:05.902385,2026-07-04T13:07:05.911105+00:00,133.9,50,ask,YieldingYams,Alan Niu,7022760
2026-07-04T13:07:06.633266,2026-07-04T13:07:06.641682+00:00,134.0,200,ask,YieldingYams,WavyWalnuts,7022773
2026-07-04T13:07:06.910754,2026-07-04T13:07:06.920002+00:00,134.0,20,ask,YieldingYams,BrilliantBurritos,7022778
2026-07-04T13:07:07.846704,2026-07-04T13:07:07.858559+00:00,133.9,200,ask,YieldingYams,WavyWalnuts,7022795
2026-07-04T13:07:11.484762,2026-07-04T13:07:11.494588+00:00,133.8,200,ask,YieldingYams,WavyWalnuts,7022839
2026-07-04T13:07:13.805757,2026-07-04T13:07:13.809568+00:00,133.7,14,ask,WavyWalnuts,Xuanyu Liu,7022877
2026-07-04T13:07:15.912585,2026-07-04T13:07:15.924000+00:00,133.8,20,bid,BrilliantBurritos,WavyWalnuts,7022907
2026-07-04T13:07:19.631897,2026-07-04T13:07:19.635414+00:00,133.5,12,ask,WavyWalnuts,Xuanyu Liu,7022953
2026-07-04T13:07:24.774902,2026-07-04T13:07:24.785627+00:00,133.4,200,ask,YieldingYams,WavyWalnuts,7023017
2026-07-04T13:07:25.986511,2026-07-04T13:07:25.995077+00:00,133.4,200,ask,YieldingYams,WavyWalnuts,7023027
2026-07-04T13:07:27.314642,2026-07-04T13:07:27.321166+00:00,133.2,200,ask,WavyWalnuts,YieldingYams,7023050
2026-07-04T13:07:27.341779,2026-07-04T13:07:27.345657+00:00,133.2,12,bid,Xuanyu Liu,YieldingYams,7023052
2026-07-04T13:07:28.399858,2026-07-04T13:07:28.411240+00:00,133.2,200,bid,WavyWalnuts,YieldingYams,7023069
2026-07-04T13:07:32.147438,2026-07-04T13:07:32.158784+00:00,133.4,20,bid,BrilliantBurritos,YieldingYams,7023126
2026-07-04T13:07:32.810966,2026-07-04T13:07:32.815671+00:00,133.2,23,ask,WavyWalnuts,Xuanyu Liu,7023138
2026-07-04T13:07:34.475892,2026-07-04T13:07:34.479623+00:00,133.3,12,ask,WavyWalnuts,Xuanyu Liu,7023176
2026-07-04T13:07:40.433745,2026-07-04T13:07:40.441699+00:00,133.3,200,ask,WavyWalnuts,YieldingYams,7023269
2026-07-04T13:07:40.511024,2026-07-04T13:07:40.520816+00:00,133.3,200,bid,WavyWalnuts,YieldingYams,7023271
2026-07-04T13:07:42.873045,2026-07-04T13:07:42.880374+00:00,133.5,200,bid,AverageAlmonds,WavyWalnuts,7023292
2026-07-04T13:07:42.873045,2026-07-04T13:07:42.885854+00:00,133.5,300,bid,AverageAlmonds,YieldingYams,7023293
2026-07-04T13:07:43.470272,2026-07-04T13:07:43.478165+00:00,133.4,500,bid,AverageAlmonds,YieldingYams,7023309
2026-07-04T13:07:44.098158,2026-07-04T13:07:44.109119+00:00,133.4,125,bid,AverageAlmonds,YieldingYams,7023318
2026-07-04T13:07:44.140701,2026-07-04T13:07:44.150953+00:00,133.4,200,ask,AverageAlmonds,WavyWalnuts,7023321
2026-07-04T13:07:45.178052,2026-07-04T13:07:45.189874+00:00,133.7,20,bid,BrilliantBurritos,YieldingYams,7023342
2026-07-04T13:07:45.349423,2026-07-04T13:07:45.359721+00:00,133.5,200,ask,YieldingYams,WavyWalnuts,7023344
2026-07-04T13:07:45.422729,2026-07-04T13:07:45.426204+00:00,133.7,12,bid,Xuanyu Liu,YieldingYams,7023347
2026-07-04T13:07:45.687510,2026-07-04T13:07:45.691298+00:00,133.5,23,bid,Xuanyu Liu,YieldingYams,7023353
2026-07-04T13:07:48.298870,2026-07-04T13:07:48.343356+00:00,133.4,200,ask,WavyWalnuts,YieldingYams,7023391
2026-07-04T13:07:48.339554,2026-07-04T13:07:48.343356+00:00,133.4,11,bid,Xuanyu Liu,YieldingYams,7023394
2026-07-04T13:07:48.640218,2026-07-04T13:07:48.644044+00:00,133.3,23,ask,AverageAlmonds,Xuanyu Liu,7023404
2026-07-04T13:07:48.928810,2026-07-04T13:07:48.957711+00:00,133.4,414,bid,AverageAlmonds,YieldingYams,7023410
2026-07-04T13:07:48.953884,2026-07-04T13:07:48.957711+00:00,133.4,11,ask,AverageAlmonds,Xuanyu Liu,7023413
2026-07-04T13:07:49.623015,2026-07-04T13:07:49.627153+00:00,133.5,12,ask,YieldingYams,Xuanyu Liu,7023429
2026-07-04T13:07:50.093627,2026-07-04T13:07:50.105443+00:00,133.5,20,ask,YieldingYams,BrilliantBurritos,7023438
2026-07-04T13:07:50.194930,2026-07-04T13:07:50.206619+00:00,133.5,200,ask,YieldingYams,WavyWalnuts,7023442
2026-07-04T13:07:52.085562,2026-07-04T13:07:52.097488+00:00,133.5,20,bid,BrilliantBurritos,WavyWalnuts,7023471
2026-07-04T13:07:52.239840,2026-07-04T13:07:52.243173+00:00,133.4,12,bid,Xuanyu Liu,YieldingYams,7023478
2026-07-04T13:07:53.534730,2026-07-04T13:07:53.544226+00:00,133.4,200,bid,YieldingYams,WavyWalnuts,7023500
2026-07-04T13:07:53.823054,2026-07-04T13:07:53.831605+00:00,133.4,200,ask,YieldingYams,WavyWalnuts,7023506
2026-07-04T13:07:54.905475,2026-07-04T13:07:54.909237+00:00,133.5,11,bid,Xuanyu Liu,YieldingYams,7023528
2026-07-04T13:07:54.981790,2026-07-04T13:07:54.989508+00:00,133.5,500,bid,AverageAlmonds,YieldingYams,7023530
2026-07-04T13:07:55.574666,2026-07-04T13:07:55.581751+00:00,133.5,114,bid,AverageAlmonds,YieldingYams,7023534
2026-07-04T13:07:56.211580,2026-07-04T13:07:56.222682+00:00,133.6,200,bid,AverageAlmonds,WavyWalnuts,7023542
2026-07-04T13:07:58.676456,2026-07-04T13:07:58.686258+00:00,133.6,200,ask,AverageAlmonds,WavyWalnuts,7023577
2026-07-04T13:07:58.789809,2026-07-04T13:07:58.796523+00:00,133.6,300,ask,AverageAlmonds,YieldingYams,7023582
2026-07-04T13:07:58.808973,2026-07-04T13:07:58.812482+00:00,133.5,23,bid,Xuanyu Liu,YieldingYams,7023585
2026-07-04T13:07:59.216736,2026-07-04T13:07:59.227493+00:00,133.5,302,bid,AverageAlmonds,YieldingYams,7023591
2026-07-04T13:08:00.431563,2026-07-04T13:08:00.443037+00:00,133.8,200,bid,AverageAlmonds,WavyWalnuts,7023608
2026-07-04T13:08:01.092094,2026-07-04T13:08:01.103429+00:00,133.8,200,ask,AverageAlmonds,WavyWalnuts,7023615
2026-07-04T13:08:01.233541,2026-07-04T13:08:01.237111+00:00,133.9,3,bid,Xuanyu Liu,YieldingYams,7023621
2026-07-04T13:08:01.412024,2026-07-04T13:08:01.421796+00:00,133.8,300,ask,AverageAlmonds,YieldingYams,7023624
2026-07-04T13:08:01.631702,2026-07-04T13:08:01.641979+00:00,133.7,325,bid,AverageAlmonds,YieldingYams,7023630
2026-07-04T13:08:04.724730,2026-07-04T13:08:04.733064+00:00,133.8,200,ask,AverageAlmonds,WavyWalnuts,7023686
2026-07-04T13:08:05.303931,2026-07-04T13:08:05.307487+00:00,133.9,3,ask,AverageAlmonds,Xuanyu Liu,7023692
2026-07-04T13:08:10.765991,2026-07-04T13:08:10.769466+00:00,134.0,11,ask,YieldingYams,Xuanyu Liu,7023775
2026-07-04T13:08:10.812285,2026-07-04T13:08:10.824205+00:00,134.2,20,bid,BrilliantBurritos,YieldingYams,7023778
2026-07-04T13:08:15.832797,2026-07-04T13:08:15.839758+00:00,134.0,200,bid,YieldingYams,WavyWalnuts,7023858
2026-07-04T13:08:16.618150,2026-07-04T13:08:16.622208+00:00,134.0,12,ask,YieldingYams,Xuanyu Liu,7023871
2026-07-04T13:08:16.830151,2026-07-04T13:08:16.839618+00:00,134.0,200,ask,YieldingYams,WavyWalnuts,7023873
2026-07-04T13:08:17.386296,2026-07-04T13:08:17.393331+00:00,134.1,500,bid,AverageAlmonds,YieldingYams,7023884
2026-07-04T13:08:17.982561,2026-07-04T13:08:17.990729+00:00,134.1,125,bid,AverageAlmonds,YieldingYams,7023898
2026-07-04T13:08:18.452304,2026-07-04T13:08:18.463650+00:00,134.2,200,bid,YieldingYams,WavyWalnuts,7023904
2026-07-04T13:08:19.257603,2026-07-04T13:08:19.265108+00:00,134.3,200,ask,YieldingYams,WavyWalnuts,7023915
2026-07-04T13:08:20.479511,2026-07-04T13:08:20.482761+00:00,134.3,11,ask,WavyWalnuts,Xuanyu Liu,7023930
2026-07-04T13:08:22.387572,2026-07-04T13:08:22.407264+00:00,134.5,200,bid,YieldingYams,WavyWalnuts,7023947
2026-07-04T13:08:22.403094,2026-07-04T13:08:22.407264+00:00,134.5,23,ask,YieldingYams,Xuanyu Liu,7023949
2026-07-04T13:08:25.299713,2026-07-04T13:08:25.310092+00:00,134.6,200,bid,WavyWalnuts,YieldingYams,7023994
2026-07-04T13:08:26.720413,2026-07-04T13:08:26.727328+00:00,134.5,20,ask,WavyWalnuts,BrilliantBurritos,7024020
2026-07-04T13:08:28.954836,2026-07-04T13:08:28.950795+00:00,134.6,200,bid,WavyWalnuts,YieldingYams,7024047
2026-07-04T13:08:29.512069,2026-07-04T13:08:29.520813+00:00,134.5,500,ask,YieldingYams,AverageAlmonds,7024052
2026-07-04T13:08:30.113461,2026-07-04T13:08:30.120612+00:00,134.5,125,ask,YieldingYams,AverageAlmonds,7024061
2026-07-04T13:08:30.174518,2026-07-04T13:08:30.186195+00:00,134.5,200,bid,WavyWalnuts,AverageAlmonds,7024064
2026-07-04T13:08:30.305713,2026-07-04T13:08:30.309650+00:00,134.3,23,bid,Xuanyu Liu,YieldingYams,7024072
2026-07-04T13:08:31.391115,2026-07-04T13:08:31.402437+00:00,134.3,200,bid,WavyWalnuts,YieldingYams,7024084
2026-07-04T13:08:31.517590,2026-07-04T13:08:31.529323+00:00,134.1,20,ask,YieldingYams,BrilliantBurritos,7024091
2026-07-04T13:08:32.601836,2026-07-04T13:08:32.612655+00:00,134.4,200,bid,WavyWalnuts,YieldingYams,7024107
2026-07-04T13:08:32.931052,2026-07-04T13:08:32.935091+00:00,134.2,23,ask,YieldingYams,Xuanyu Liu,7024113
2026-07-04T13:08:33.815910,2026-07-04T13:08:33.823850+00:00,134.5,200,bid,WavyWalnuts,YieldingYams,7024120
2026-07-04T13:08:34.242994,2026-07-04T13:08:34.247576+00:00,134.4,23,ask,YieldingYams,Xuanyu Liu,7024128
2026-07-04T13:08:35.027013,2026-07-04T13:08:35.035830+00:00,134.5,200,bid,WavyWalnuts,AverageAlmonds,7024136
2026-07-04T13:08:36.014118,2026-07-04T13:08:36.018119+00:00,134.5,23,bid,Xuanyu Liu,AverageAlmonds,7024156
2026-07-04T13:08:37.451039,2026-07-04T13:08:37.448085+00:00,134.5,200,ask,YieldingYams,WavyWalnuts,7024174
2026-07-04T13:08:38.659988,2026-07-04T13:08:38.667434+00:00,134.5,200,ask,YieldingYams,WavyWalnuts,7024192
2026-07-04T13:08:40.737661,2026-07-04T13:08:40.744894+00:00,134.4,20,ask,WavyWalnuts,BrilliantBurritos,7024220
2026-07-04T13:08:42.099298,2026-07-04T13:08:42.106506+00:00,134.4,200,ask,WavyWalnuts,YieldingYams,7024235
2026-07-04T13:08:42.118318,2026-07-04T13:08:42.122241+00:00,134.3,11,bid,Xuanyu Liu,YieldingYams,7024237
2026-07-04T13:08:42.284445,2026-07-04T13:08:42.293089+00:00,134.3,200,bid,WavyWalnuts,YieldingYams,7024239
2026-07-04T13:08:43.461596,2026-07-04T13:08:43.465325+00:00,134.4,22,ask,YieldingYams,Xuanyu Liu,7024260
2026-07-04T13:08:44.457716,2026-07-04T13:08:44.469680+00:00,134.4,20,ask,YieldingYams,BrilliantBurritos,7024278
2026-07-04T13:08:46.125028,2026-07-04T13:08:46.134486+00:00,134.5,20,bid,BrilliantBurritos,AverageAlmonds,7024301
2026-07-04T13:08:48.678916,2026-07-04T13:08:48.690423+00:00,134.4,500,bid,YieldingYams,AverageAlmonds,7024334
2026-07-04T13:08:48.678916,2026-07-04T13:08:48.690423+00:00,134.4,125,bid,YieldingYams,WavyWalnuts,7024335
2026-07-04T13:08:49.533650,2026-07-04T13:08:49.540961+00:00,134.4,200,bid,WavyWalnuts,AverageAlmonds,7024347
2026-07-04T13:08:50.248160,2026-07-04T13:08:50.258596+00:00,134.2,20,ask,YieldingYams,BrilliantBurritos,7024357
2026-07-04T13:08:50.745122,2026-07-04T13:08:50.755951+00:00,134.4,200,bid,WavyWalnuts,YieldingYams,7024364
2026-07-04T13:08:51.923799,2026-07-04T13:08:51.933506+00:00,134.2,500,ask,YieldingYams,AverageAlmonds,7024376
2026-07-04T13:08:52.518925,2026-07-04T13:08:52.525817+00:00,134.2,125,ask,YieldingYams,AverageAlmonds,7024379
2026-07-04T13:08:52.518925,2026-07-04T13:08:52.542215+00:00,134.2,200,ask,WavyWalnuts,AverageAlmonds,7024380
2026-07-04T13:08:52.538648,2026-07-04T13:08:52.542215+00:00,134.2,11,bid,Xuanyu Liu,AverageAlmonds,7024382
2026-07-04T13:08:52.619439,2026-07-04T13:08:52.623212+00:00,134.1,11,bid,Xuanyu Liu,YieldingYams,7024387
2026-07-04T13:08:54.369854,2026-07-04T13:08:54.376733+00:00,134.1,200,bid,WavyWalnuts,YieldingYams,7024417
2026-07-04T13:08:55.577416,2026-07-04T13:08:55.586996+00:00,134.1,200,bid,WavyWalnuts,YieldingYams,7024440
2026-07-04T13:08:56.803968,2026-07-04T13:08:56.807791+00:00,134.0,11,ask,WavyWalnuts,Xuanyu Liu,7024450
2026-07-04T13:09:00.457566,2026-07-04T13:09:00.478709+00:00,133.9,200,ask,WavyWalnuts,YieldingYams,7024493
2026-07-04T13:09:00.474655,2026-07-04T13:09:00.478709+00:00,133.8,23,bid,Xuanyu Liu,YieldingYams,7024495
2026-07-04T13:09:01.390804,2026-07-04T13:09:01.394329+00:00,133.6,23,ask,YieldingYams,Xuanyu Liu,7024513
2026-07-04T13:09:01.632455,2026-07-04T13:09:01.643976+00:00,133.8,200,bid,WavyWalnuts,YieldingYams,7024515
2026-07-04T13:09:01.787617,2026-07-04T13:09:01.791484+00:00,133.8,23,ask,YieldingYams,Xuanyu Liu,7024520
2026-07-04T13:09:02.850673,2026-07-04T13:09:02.858578+00:00,133.8,200,ask,YieldingYams,WavyWalnuts,7024540
2026-07-04T13:09:03.397004,2026-07-04T13:09:03.408834+00:00,133.9,20,bid,BrilliantBurritos,YieldingYams,7024544
2026-07-04T13:09:05.282561,2026-07-04T13:09:05.290497+00:00,133.8,200,ask,YieldingYams,WavyWalnuts,7024566
2026-07-04T13:09:07.834974,2026-07-04T13:09:07.846783+00:00,133.8,20,bid,BrilliantBurritos,WavyWalnuts,7024599
2026-07-04T13:09:10.733713,2026-07-04T13:09:10.745365+00:00,133.9,20,bid,BrilliantBurritos,YieldingYams,7024629
2026-07-04T13:09:10.953024,2026-07-04T13:09:10.956604+00:00,133.8,12,bid,Xuanyu Liu,YieldingYams,7024632
2026-07-04T13:09:12.549840,2026-07-04T13:09:12.559193+00:00,133.8,200,bid,WavyWalnuts,YieldingYams,7024660
2026-07-04T13:09:13.716805,2026-07-04T13:09:13.726771+00:00,133.6,20,ask,YieldingYams,BrilliantBurritos,7024676
2026-07-04T13:09:14.536522,2026-07-04T13:09:14.548627+00:00,133.7,20,ask,WavyWalnuts,BrilliantBurritos,7024687
2026-07-04T13:09:16.184730,2026-07-04T13:09:16.195027+00:00,133.8,200,ask,WavyWalnuts,YieldingYams,7024715
2026-07-04T13:09:16.665145,2026-07-04T13:09:16.668988+00:00,133.8,11,bid,Xuanyu Liu,YieldingYams,7024724
2026-07-04T13:09:17.391653,2026-07-04T13:09:17.403365+00:00,133.8,200,bid,WavyWalnuts,YieldingYams,7024730
2026-07-04T13:09:17.493026,2026-07-04T13:09:17.500376+00:00,134.0,500,bid,YieldingYams,AverageAlmonds,7024733
2026-07-04T13:09:17.945721,2026-07-04T13:09:17.958668+00:00,134.0,125,ask,YieldingYams,AverageAlmonds,7024745
2026-07-04T13:09:18.598366,2026-07-04T13:09:18.607084+00:00,133.9,200,bid,WavyWalnuts,AverageAlmonds,7024750
2026-07-04T13:09:20.323860,2026-07-04T13:09:20.327738+00:00,134.0,11,bid,Xuanyu Liu,AverageAlmonds,7024783
2026-07-04T13:09:21.439687,2026-07-04T13:09:21.458586+00:00,134.0,200,bid,YieldingYams,WavyWalnuts,7024803
2026-07-04T13:09:22.236757,2026-07-04T13:09:22.245350+00:00,134.0,200,ask,YieldingYams,WavyWalnuts,7024814
2026-07-04T13:09:23.489843,2026-07-04T13:09:23.493232+00:00,134.0,12,bid,Xuanyu Liu,YieldingYams,7024833
2026-07-04T13:09:25.046810,2026-07-04T13:09:25.053444+00:00,134.0,20,bid,BrilliantBurritos,YieldingYams,7024855
2026-07-04T13:09:25.214945,2026-07-04T13:09:25.226405+00:00,133.9,200,ask,WavyWalnuts,AverageAlmonds,7024859
2026-07-04T13:09:25.233201,2026-07-04T13:09:25.236804+00:00,133.9,11,bid,Xuanyu Liu,AverageAlmonds,7024861
2026-07-04T13:09:25.394747,2026-07-04T13:09:25.401731+00:00,133.9,289,bid,YieldingYams,AverageAlmonds,7024864
2026-07-04T13:09:26.200335,2026-07-04T13:09:26.204545+00:00,134.0,23,bid,Xuanyu Liu,AverageAlmonds,7024876
2026-07-04T13:09:26.986344,2026-07-04T13:09:26.998366+00:00,133.8,20,ask,WavyWalnuts,BrilliantBurritos,7024888
2026-07-04T13:09:30.335575,2026-07-04T13:09:30.347653+00:00,134.0,20,bid,BrilliantBurritos,YieldingYams,7024933
2026-07-04T13:09:33.426763,2026-07-04T13:09:33.438272+00:00,133.9,20,ask,WavyWalnuts,BrilliantBurritos,7024967
2026-07-04T13:09:38.360011,2026-07-04T13:09:38.371585+00:00,134.0,20,ask,YieldingYams,BrilliantBurritos,7025016
2026-07-04T13:09:39.785827,2026-07-04T13:09:39.792447+00:00,134.1,200,bid,YieldingYams,WavyWalnuts,7025034
2026-07-04T13:09:40.400146,2026-07-04T13:09:40.408990+00:00,134.2,200,ask,YieldingYams,WavyWalnuts,7025038
2026-07-04T13:09:41.606621,2026-07-04T13:09:41.616956+00:00,134.1,200,bid,WavyWalnuts,YieldingYams,7025057
2026-07-04T13:09:42.818136,2026-07-04T13:09:42.824977+00:00,134.1,200,bid,WavyWalnuts,YieldingYams,7025077
2026-07-04T13:09:44.027981,2026-07-04T13:09:44.038249+00:00,134.1,200,bid,WavyWalnuts,YieldingYams,7025097
2026-07-04T13:09:44.496782,2026-07-04T13:09:44.508382+00:00,134.1,20,bid,BrilliantBurritos,YieldingYams,7025106
2026-07-04T13:09:45.229795,2026-07-04T13:09:45.233886+00:00,134.3,3,bid,Xuanyu Liu,WavyWalnuts,7025117
2026-07-04T13:09:45.240434,2026-07-04T13:09:45.249437+00:00,134.0,200,ask,YieldingYams,WavyWalnuts,7025118
2026-07-04T13:09:46.447162,2026-07-04T13:09:46.469077+00:00,134.1,200,ask,YieldingYams,WavyWalnuts,7025141
2026-07-04T13:09:46.765300,2026-07-04T13:09:46.776781+00:00,134.3,20,bid,BrilliantBurritos,YieldingYams,7025147
2026-07-04T13:09:47.657398,2026-07-04T13:09:47.669235+00:00,134.2,200,ask,YieldingYams,WavyWalnuts,7025164
2026-07-04T13:09:48.575736,2026-07-04T13:09:48.585530+00:00,134.4,47,bid,Alan Niu,YieldingYams,7025181
2026-07-04T13:09:51.297023,2026-07-04T13:09:51.307383+00:00,134.3,200,ask,YieldingYams,WavyWalnuts,7025214
2026-07-04T13:09:52.918467,2026-07-04T13:09:52.930144+00:00,134.1,200,ask,WavyWalnuts,YieldingYams,7025234
2026-07-04T13:09:52.932875,2026-07-04T13:09:52.944355+00:00,134.0,100,bid,Chester Au,YieldingYams,7025236
2026-07-04T13:09:53.664447,2026-07-04T13:09:53.671173+00:00,134.0,325,bid,AverageAlmonds,YieldingYams,7025253
2026-07-04T13:09:54.167231,2026-07-04T13:09:54.176336+00:00,134.1,48,bid,Alan Niu,WavyWalnuts,7025264
2026-07-04T13:09:54.224397,2026-07-04T13:09:54.231399+00:00,134.1,152,bid,YieldingYams,WavyWalnuts,7025266
2026-07-04T13:09:59.039572,2026-07-04T13:09:59.050023+00:00,134.4,50,ask,WavyWalnuts,Alan Niu,7025320
2026-07-04T13:10:01.137035,2026-07-04T13:10:01.149000+00:00,134.3,20,ask,YieldingYams,BrilliantBurritos,7025350
2026-07-04T13:10:01.224446,2026-07-04T13:10:01.232113+00:00,134.3,45,ask,YieldingYams,Alan Niu,7025351
2026-07-04T13:10:02.926453,2026-07-04T13:10:02.938357+00:00,134.4,20,bid,BrilliantBurritos,YieldingYams,7025371
2026-07-04T13:10:03.394830,2026-07-04T13:10:03.405552+00:00,134.3,200,ask,WavyWalnuts,YieldingYams,7025378
2026-07-04T13:10:04.616216,2026-07-04T13:10:04.625863+00:00,134.2,200,bid,WavyWalnuts,YieldingYams,7025393
2026-07-04T13:10:07.824937,2026-07-04T13:10:07.828953+00:00,134.1,14,ask,YieldingYams,Xuanyu Liu,7025443
2026-07-04T13:10:07.828027,2026-07-04T13:10:07.844521+00:00,134.1,100,ask,YieldingYams,Chester Au,7025444
2026-07-04T13:10:09.460521,2026-07-04T13:10:09.469547+00:00,134.3,200,bid,WavyWalnuts,YieldingYams,7025474
2026-07-04T13:10:11.056830,2026-07-04T13:10:11.069034+00:00,134.3,20,ask,WavyWalnuts,BrilliantBurritos,7025494
2026-07-04T13:10:12.857050,2026-07-04T13:10:12.868762+00:00,134.5,20,bid,BrilliantBurritos,WavyWalnuts,7025533
2026-07-04T13:10:13.098188,2026-07-04T13:10:13.108229+00:00,134.4,200,ask,YieldingYams,WavyWalnuts,7025545
2026-07-04T13:10:14.085812,2026-07-04T13:10:14.089100+00:00,134.6,11,bid,Xuanyu Liu,YieldingYams,7025559
2026-07-04T13:10:15.535264,2026-07-04T13:10:15.539136+00:00,134.4,3,bid,Xuanyu Liu,WavyWalnuts,7025581
2026-07-04T13:10:15.818204,2026-07-04T13:10:15.826961+00:00,134.3,20,ask,YieldingYams,BrilliantBurritos,7025585
2026-07-04T13:10:19.154344,2026-07-04T13:10:19.158552+00:00,134.3,200,bid,WavyWalnuts,YieldingYams,7025639
2026-07-04T13:10:20.361567,2026-07-04T13:10:20.371088+00:00,134.3,200,bid,WavyWalnuts,YieldingYams,7025652
2026-07-04T13:10:22.775678,2026-07-04T13:10:22.787594+00:00,134.4,200,bid,WavyWalnuts,YieldingYams,7025687
2026-07-04T13:10:24.350526,2026-07-04T13:10:24.358562+00:00,134.2,200,ask,WavyWalnuts,YieldingYams,7025713
2026-07-04T13:10:25.659640,2026-07-04T13:10:25.670546+00:00,134.0,500,ask,AverageAlmonds,YieldingYams,7025734
2026-07-04T13:10:26.412682,2026-07-04T13:10:26.424376+00:00,134.0,125,bid,WavyWalnuts,YieldingYams,7025746
2026-07-04T13:10:27.626648,2026-07-04T13:10:27.638063+00:00,134.1,200,ask,YieldingYams,WavyWalnuts,7025760
2026-07-04T13:10:28.084260,2026-07-04T13:10:28.095900+00:00,134.1,20,ask,YieldingYams,BrilliantBurritos,7025769
2026-07-04T13:10:28.836126,2026-07-04T13:10:28.842741+00:00,134.2,200,ask,YieldingYams,WavyWalnuts,7025777
2026-07-04T13:10:30.044063,2026-07-04T13:10:30.053463+00:00,134.1,200,bid,WavyWalnuts,YieldingYams,7025797
2026-07-04T13:10:30.598120,2026-07-04T13:10:30.606201+00:00,134.1,50,bid,Alan Niu,YieldingYams,7025809
2026-07-04T13:10:33.525183,2026-07-04T13:10:33.535418+00:00,134.2,200,ask,WavyWalnuts,YieldingYams,7025846
2026-07-04T13:10:38.503776,2026-07-04T13:10:38.514904+00:00,134.3,200,ask,AverageAlmonds,WavyWalnuts,7025902
2026-07-04T13:10:38.791079,2026-07-04T13:10:38.802568+00:00,134.3,300,ask,AverageAlmonds,YieldingYams,7025907
2026-07-04T13:10:39.034532,2026-07-04T13:10:39.041595+00:00,134.2,325,bid,AverageAlmonds,YieldingYams,7025912
2026-07-04T13:10:41.414351,2026-07-04T13:10:41.424359+00:00,134.5,200,bid,YieldingYams,WavyWalnuts,7025938
2026-07-04T13:10:41.647027,2026-07-04T13:10:41.658559+00:00,134.5,50,ask,YieldingYams,Alan Niu,7025947
2026-07-04T13:10:45.353247,2026-07-04T13:10:45.375919+00:00,134.6,200,bid,YieldingYams,WavyWalnuts,7026004
2026-07-04T13:10:45.371064,2026-07-04T13:10:45.375919+00:00,134.6,3,ask,YieldingYams,Xuanyu Liu,7026006
2026-07-04T13:10:47.830973,2026-07-04T13:10:47.843093+00:00,134.8,20,ask,WavyWalnuts,BrilliantBurritos,7026041
2026-07-04T13:10:47.973609,2026-07-04T13:10:47.983929+00:00,134.8,180,ask,WavyWalnuts,YieldingYams,7026043
2026-07-04T13:10:50.565969,2026-07-04T13:10:50.575935+00:00,134.8,20,bid,BrilliantBurritos,WavyWalnuts,7026074
2026-07-04T13:10:50.590758,2026-07-04T13:10:50.601976+00:00,134.8,180,bid,YieldingYams,WavyWalnuts,7026078
2026-07-04T13:10:51.158636,2026-07-04T13:10:51.169050+00:00,134.8,445,ask,YieldingYams,AverageAlmonds,7026087
2026-07-04T13:10:51.158636,2026-07-04T13:10:51.169050+00:00,134.8,55,ask,WavyWalnuts,AverageAlmonds,7026088
2026-07-04T13:10:51.785503,2026-07-04T13:10:51.793380+00:00,134.8,145,ask,WavyWalnuts,AverageAlmonds,7026097
2026-07-04T13:10:51.816854,2026-07-04T13:10:51.824755+00:00,134.8,200,bid,WavyWalnuts,AverageAlmonds,7026098
2026-07-04T13:10:53.023504,2026-07-04T13:10:53.031906+00:00,134.6,200,bid,WavyWalnuts,YieldingYams,7026111
2026-07-04T13:10:54.231746,2026-07-04T13:10:54.240169+00:00,134.5,200,bid,WavyWalnuts,YieldingYams,7026128
2026-07-04T13:10:55.440515,2026-07-04T13:10:55.449492+00:00,134.5,200,bid,WavyWalnuts,YieldingYams,7026145
2026-07-04T13:10:55.844503,2026-07-04T13:10:55.848355+00:00,134.4,11,ask,YieldingYams,Xuanyu Liu,7026152
2026-07-04T13:10:56.661488,2026-07-04T13:10:56.665034+00:00,134.5,12,ask,WavyWalnuts,Xuanyu Liu,7026164
2026-07-04T13:10:57.139053,2026-07-04T13:10:57.158806+00:00,134.5,188,ask,WavyWalnuts,YieldingYams,7026168
2026-07-04T13:11:00.652917,2026-07-04T13:11:00.658600+00:00,134.5,20,bid,BrilliantBurritos,WavyWalnuts,7026217
2026-07-04T13:11:02.399498,2026-07-04T13:11:02.417856+00:00,134.5,200,bid,YieldingYams,WavyWalnuts,7026235
2026-07-04T13:11:02.414395,2026-07-04T13:11:02.417856+00:00,134.5,11,ask,YieldingYams,Xuanyu Liu,7026237
2026-07-04T13:11:02.815637,2026-07-04T13:11:02.823432+00:00,134.6,20,bid,BrilliantBurritos,WavyWalnuts,7026244
2026-07-04T13:11:04.887330,2026-07-04T13:11:04.899228+00:00,134.5,20,bid,BrilliantBurritos,WavyWalnuts,7026268
2026-07-04T13:11:05.149271,2026-07-04T13:11:05.154550+00:00,134.3,200,ask,AverageAlmonds,WavyWalnuts,7026275
2026-07-04T13:11:06.359225,2026-07-04T13:11:06.368937+00:00,134.3,200,ask,AverageAlmonds,WavyWalnuts,7026291
2026-07-04T13:11:07.568321,2026-07-04T13:11:07.576165+00:00,134.3,200,ask,AverageAlmonds,WavyWalnuts,7026309
2026-07-04T13:11:07.654872,2026-07-04T13:11:07.658775+00:00,134.4,12,ask,YieldingYams,Xuanyu Liu,7026313
2026-07-04T13:11:08.775141,2026-07-04T13:11:08.784564+00:00,134.4,200,ask,YieldingYams,WavyWalnuts,7026328
2026-07-04T13:11:09.948066,2026-07-04T13:11:09.963846+00:00,134.5,500,bid,AverageAlmonds,YieldingYams,7026340
2026-07-04T13:11:09.987427,2026-07-04T13:11:09.995432+00:00,134.3,200,ask,YieldingYams,WavyWalnuts,7026342
2026-07-04T13:11:11.195120,2026-07-04T13:11:11.202696+00:00,134.5,200,ask,YieldingYams,WavyWalnuts,7026352
2026-07-04T13:11:12.408230,2026-07-04T13:11:12.417600+00:00,134.6,200,ask,YieldingYams,WavyWalnuts,7026379
2026-07-04T13:11:13.564127,2026-07-04T13:11:13.575185+00:00,134.6,500,bid,AverageAlmonds,YieldingYams,7026390
2026-07-04T13:11:13.615842,2026-07-04T13:11:13.625945+00:00,134.6,125,bid,WavyWalnuts,YieldingYams,7026392
2026-07-04T13:11:14.749208,2026-07-04T13:11:14.755784+00:00,134.7,20,ask,YieldingYams,BrilliantBurritos,7026411
2026-07-04T13:11:16.035634,2026-07-04T13:11:16.042126+00:00,134.7,200,ask,YieldingYams,WavyWalnuts,7026417
2026-07-04T13:11:17.572411,2026-07-04T13:11:17.584400+00:00,134.9,20,bid,BrilliantBurritos,WavyWalnuts,7026438
2026-07-04T13:11:18.123907,2026-07-04T13:11:18.132189+00:00,134.9,180,bid,YieldingYams,WavyWalnuts,7026448
2026-07-04T13:11:19.433657,2026-07-04T13:11:19.441109+00:00,135.1,500,bid,YieldingYams,AverageAlmonds,7026470
2026-07-04T13:11:19.433657,2026-07-04T13:11:19.446086+00:00,135.2,125,bid,YieldingYams,WavyWalnuts,7026471
2026-07-04T13:11:22.088401,2026-07-04T13:11:22.095915+00:00,135.2,200,bid,WavyWalnuts,AverageAlmonds,7026518
2026-07-04T13:11:23.114573,2026-07-04T13:11:23.126613+00:00,135.1,20,ask,YieldingYams,BrilliantBurritos,7026527
2026-07-04T13:11:23.404380,2026-07-04T13:11:23.412950+00:00,135.2,500,bid,YieldingYams,AverageAlmonds,7026537
2026-07-04T13:11:23.404380,2026-07-04T13:11:23.412950+00:00,135.3,125,bid,YieldingYams,WavyWalnuts,7026538
2026-07-04T13:11:27.332586,2026-07-04T13:11:27.342742+00:00,135.0,200,ask,WavyWalnuts,YieldingYams,7026591
2026-07-04T13:11:28.152172,2026-07-04T13:11:28.159080+00:00,135.0,200,bid,WavyWalnuts,YieldingYams,7026604
2026-07-04T13:11:29.954514,2026-07-04T13:11:29.964131+00:00,135.1,200,bid,YieldingYams,WavyWalnuts,7026633
2026-07-04T13:11:30.075824,2026-07-04T13:11:30.079938+00:00,135.1,11,ask,YieldingYams,Xuanyu Liu,7026637
2026-07-04T13:11:32.580254,2026-07-04T13:11:32.587768+00:00,135.1,200,ask,WavyWalnuts,YieldingYams,7026670
2026-07-04T13:11:33.893241,2026-07-04T13:11:33.904704+00:00,135.1,200,bid,YieldingYams,WavyWalnuts,7026696
2026-07-04T13:11:33.910391,2026-07-04T13:11:33.913996+00:00,135.1,11,ask,YieldingYams,Xuanyu Liu,7026698
2026-07-04T13:11:34.175186,2026-07-04T13:11:34.182665+00:00,135.1,414,ask,YieldingYams,AverageAlmonds,7026701
2026-07-04T13:11:35.422624,2026-07-04T13:11:35.431606+00:00,135.0,200,bid,WavyWalnuts,YieldingYams,7026710
2026-07-04T13:11:37.843216,2026-07-04T13:11:37.852414+00:00,134.9,200,ask,YieldingYams,WavyWalnuts,7026736
2026-07-04T13:11:39.050199,2026-07-04T13:11:39.058577+00:00,134.9,200,ask,YieldingYams,WavyWalnuts,7026756
2026-07-04T13:11:40.860889,2026-07-04T13:11:40.877487+00:00,134.8,20,bid,BrilliantBurritos,YieldingYams,7026787
2026-07-04T13:11:44.381658,2026-07-04T13:11:44.391836+00:00,134.8,200,ask,WavyWalnuts,YieldingYams,7026835
2026-07-04T13:11:45.041795,2026-07-04T13:11:45.047223+00:00,134.8,425,bid,AverageAlmonds,YieldingYams,7026846
2026-07-04T13:11:45.687384,2026-07-04T13:11:45.696925+00:00,135.1,200,bid,YieldingYams,WavyWalnuts,7026854
2026-07-04T13:11:47.268593,2026-07-04T13:11:47.280534+00:00,135.1,20,ask,YieldingYams,BrilliantBurritos,7026878
2026-07-04T13:11:48.757536,2026-07-04T13:11:48.768965+00:00,135.2,200,ask,YieldingYams,WavyWalnuts,7026903
2026-07-04T13:11:50.934638,2026-07-04T13:11:50.944094+00:00,135.4,200,bid,YieldingYams,WavyWalnuts,7026939
2026-07-04T13:11:52.246429,2026-07-04T13:11:52.254301+00:00,135.4,200,ask,WavyWalnuts,YieldingYams,7026956
2026-07-04T13:11:52.264537,2026-07-04T13:11:52.268794+00:00,135.4,22,bid,Xuanyu Liu,YieldingYams,7026959
2026-07-04T13:11:52.378006,2026-07-04T13:11:52.385279+00:00,135.4,200,bid,WavyWalnuts,YieldingYams,7026968
2026-07-04T13:11:54.876876,2026-07-04T13:11:54.885336+00:00,135.6,200,bid,YieldingYams,WavyWalnuts,7027006
2026-07-04T13:11:57.211444,2026-07-04T13:11:57.219208+00:00,135.6,200,bid,WavyWalnuts,YieldingYams,7027042
2026-07-04T13:11:58.421434,2026-07-04T13:11:58.429114+00:00,135.7,200,bid,WavyWalnuts,YieldingYams,7027053
2026-07-04T13:12:02.059415,2026-07-04T13:12:02.069439+00:00,135.6,200,bid,WavyWalnuts,YieldingYams,7027103
2026-07-04T13:12:05.361464,2026-07-04T13:12:05.368701+00:00,135.6,200,ask,WavyWalnuts,YieldingYams,7027146
2026-07-04T13:12:05.684024,2026-07-04T13:12:05.695623+00:00,135.6,200,bid,WavyWalnuts,YieldingYams,7027153
2026-07-04T13:12:07.964299,2026-07-04T13:12:07.968404+00:00,135.7,35,bid,Xuanyu Liu,YieldingYams,7027190
2026-07-04T13:12:08.105207,2026-07-04T13:12:08.116393+00:00,135.8,200,bid,WavyWalnuts,YieldingYams,7027194
2026-07-04T13:12:14.293864,2026-07-04T13:12:14.297790+00:00,135.8,11,bid,Xuanyu Liu,AverageAlmonds,7027263
2026-07-04T13:12:14.735968,2026-07-04T13:12:14.739797+00:00,135.7,3,bid,Xuanyu Liu,AverageAlmonds,7027268
2026-07-04T13:12:15.319225,2026-07-04T13:12:15.329520+00:00,135.6,200,ask,WavyWalnuts,AverageAlmonds,7027284
2026-07-04T13:12:15.319225,2026-07-04T13:12:15.329520+00:00,135.6,300,ask,YieldingYams,AverageAlmonds,7027285
2026-07-04T13:12:15.844035,2026-07-04T13:12:15.852592+00:00,135.5,200,ask,WavyWalnuts,YieldingYams,7027291
2026-07-04T13:12:15.890878,2026-07-04T13:12:15.899289+00:00,135.5,44,bid,Alan Niu,YieldingYams,7027293
2026-07-04T13:12:16.104918,2026-07-04T13:12:16.112251+00:00,135.5,50,bid,Alan Niu,YieldingYams,7027298
2026-07-04T13:12:17.509353,2026-07-04T13:12:17.513124+00:00,135.3,3,ask,WavyWalnuts,Xuanyu Liu,7027314
2026-07-04T13:12:17.616993,2026-07-04T13:12:17.624976+00:00,135.3,94,ask,WavyWalnuts,Alan Niu,7027316
2026-07-04T13:12:20.208416,2026-07-04T13:12:20.217495+00:00,135.4,200,bid,WavyWalnuts,YieldingYams,7027348
2026-07-04T13:12:22.302865,2026-07-04T13:12:22.314785+00:00,135.5,20,bid,BrilliantBurritos,YieldingYams,7027376
2026-07-04T13:12:22.422449,2026-07-04T13:12:22.431690+00:00,135.3,200,ask,WavyWalnuts,YieldingYams,7027378
2026-07-04T13:12:22.626919,2026-07-04T13:12:22.634040+00:00,135.3,200,bid,WavyWalnuts,YieldingYams,7027381
2026-07-04T13:12:25.064354,2026-07-04T13:12:25.068006+00:00,135.3,11,ask,WavyWalnuts,Xuanyu Liu,7027412
2026-07-04T13:12:26.350575,2026-07-04T13:12:26.360255+00:00,135.2,200,ask,WavyWalnuts,YieldingYams,7027431
2026-07-04T13:12:32.388194,2026-07-04T13:12:32.397098+00:00,135.2,20,ask,YieldingYams,BrilliantBurritos,7027503
2026-07-04T13:12:34.770001,2026-07-04T13:12:34.776821+00:00,135.3,200,bid,WavyWalnuts,YieldingYams,7027534
2026-07-04T13:12:39.454187,2026-07-04T13:12:39.464045+00:00,135.3,200,ask,WavyWalnuts,YieldingYams,7027574
2026-07-04T13:12:42.443722,2026-07-04T13:12:42.452724+00:00,135.3,20,bid,BrilliantBurritos,WavyWalnuts,7027614
2026-07-04T13:12:42.763780,2026-07-04T13:12:42.767717+00:00,135.3,11,bid,Xuanyu Liu,WavyWalnuts,7027624
2026-07-04T13:12:43.263743,2026-07-04T13:12:43.267474+00:00,135.2,3,bid,Xuanyu Liu,WavyWalnuts,7027631
2026-07-04T13:12:45.672248,2026-07-04T13:12:45.680045+00:00,134.9,200,ask,YieldingYams,WavyWalnuts,7027648
2026-07-04T13:12:46.419284,2026-07-04T13:12:46.430007+00:00,134.8,20,ask,YieldingYams,BrilliantBurritos,7027655
2026-07-04T13:12:46.883050,2026-07-04T13:12:46.892381+00:00,134.8,200,ask,YieldingYams,WavyWalnuts,7027665
2026-07-04T13:12:49.965899,2026-07-04T13:12:49.974641+00:00,134.8,500,ask,AverageAlmonds,YieldingYams,7027714
2026-07-04T13:12:50.411389,2026-07-04T13:12:50.419838+00:00,134.8,125,bid,AverageAlmonds,YieldingYams,7027718
2026-07-04T13:12:52.939909,2026-07-04T13:12:52.950876+00:00,134.9,200,ask,YieldingYams,WavyWalnuts,7027743
2026-07-04T13:12:56.570961,2026-07-04T13:12:56.580423+00:00,134.8,200,ask,AverageAlmonds,WavyWalnuts,7027799
2026-07-04T13:13:00.439853,2026-07-04T13:13:00.458614+00:00,134.9,200,ask,WavyWalnuts,YieldingYams,7027853
2026-07-04T13:13:05.185960,2026-07-04T13:13:05.197632+00:00,134.9,20,bid,BrilliantBurritos,YieldingYams,7027903
2026-07-04T13:13:05.672242,2026-07-04T13:13:05.681127+00:00,135.0,200,bid,YieldingYams,WavyWalnuts,7027911
2026-07-04T13:13:07.467265,2026-07-04T13:13:07.473987+00:00,134.9,200,ask,YieldingYams,WavyWalnuts,7027946
2026-07-04T13:13:07.997301,2026-07-04T13:13:08.006714+00:00,134.9,20,ask,YieldingYams,BrilliantBurritos,7027954
2026-07-04T13:13:08.675139,2026-07-04T13:13:08.681888+00:00,134.9,200,bid,WavyWalnuts,YieldingYams,7027969
2026-07-04T13:13:09.883122,2026-07-04T13:13:09.893934+00:00,134.9,200,bid,WavyWalnuts,YieldingYams,7027985
2026-07-04T13:13:12.264172,2026-07-04T13:13:12.267781+00:00,134.9,3,ask,YieldingYams,Xuanyu Liu,7028027
2026-07-04T13:13:13.531708,2026-07-04T13:13:13.535366+00:00,135.0,11,ask,WavyWalnuts,Xuanyu Liu,7028056
2026-07-04T13:13:13.564652,2026-07-04T13:13:13.571389+00:00,135.0,189,ask,WavyWalnuts,YieldingYams,7028059
2026-07-04T13:13:14.724670,2026-07-04T13:13:14.733859+00:00,135.0,200,bid,WavyWalnuts,YieldingYams,7028078
2026-07-04T13:13:15.162225,2026-07-04T13:13:15.173808+00:00,135.2,20,bid,BrilliantBurritos,YieldingYams,7028085
2026-07-04T13:13:18.360685,2026-07-04T13:13:18.369178+00:00,135.1,200,ask,YieldingYams,WavyWalnuts,7028136
2026-07-04T13:13:20.783563,2026-07-04T13:13:20.787259+00:00,135.1,12,ask,YieldingYams,Xuanyu Liu,7028165
2026-07-04T13:13:21.449609,2026-07-04T13:13:21.473025+00:00,135.2,200,bid,YieldingYams,WavyWalnuts,7028168
2026-07-04T13:13:21.469333,2026-07-04T13:13:21.473025+00:00,135.2,11,ask,YieldingYams,Xuanyu Liu,7028170
2026-07-04T13:13:21.984909,2026-07-04T13:13:21.995780+00:00,135.2,200,ask,YieldingYams,WavyWalnuts,7028174
2026-07-04T13:13:23.193007,2026-07-04T13:13:23.200049+00:00,135.0,200,ask,YieldingYams,WavyWalnuts,7028188
2026-07-04T13:13:29.928940,2026-07-04T13:13:29.933231+00:00,135.1,23,bid,Xuanyu Liu,YieldingYams,7028293
2026-07-04T13:13:30.628775,2026-07-04T13:13:30.636728+00:00,135.0,500,ask,AverageAlmonds,YieldingYams,7028304
2026-07-04T13:13:30.628775,2026-07-04T13:13:30.642081+00:00,135.0,125,ask,WavyWalnuts,YieldingYams,7028305
2026-07-04T13:13:31.936573,2026-07-04T13:13:31.944328+00:00,135.1,200,bid,YieldingYams,WavyWalnuts,7028328
2026-07-04T13:13:32.869461,2026-07-04T13:13:32.876764+00:00,135.2,200,ask,YieldingYams,WavyWalnuts,7028334
2026-07-04T13:13:33.404944,2026-07-04T13:13:33.408745+00:00,135.2,11,bid,Xuanyu Liu,YieldingYams,7028342
2026-07-04T13:13:35.283442,2026-07-04T13:13:35.290752+00:00,135.2,200,ask,YieldingYams,WavyWalnuts,7028365
2026-07-04T13:13:36.491177,2026-07-04T13:13:36.499061+00:00,135.3,200,ask,YieldingYams,WavyWalnuts,7028384
2026-07-04T13:13:37.701198,2026-07-04T13:13:37.710769+00:00,135.3,200,ask,AverageAlmonds,WavyWalnuts,7028398
2026-07-04T13:13:38.487668,2026-07-04T13:13:38.494519+00:00,135.3,500,ask,AverageAlmonds,YieldingYams,7028407
2026-07-04T13:13:38.505874,2026-07-04T13:13:38.509901+00:00,135.2,3,bid,Xuanyu Liu,YieldingYams,7028409
2026-07-04T13:13:38.830776,2026-07-04T13:13:38.838965+00:00,135.2,122,bid,AverageAlmonds,YieldingYams,7028412
2026-07-04T13:13:38.908857,2026-07-04T13:13:38.917971+00:00,135.3,200,ask,AverageAlmonds,WavyWalnuts,7028417
2026-07-04T13:13:40.116426,2026-07-04T13:13:40.127630+00:00,135.3,200,ask,YieldingYams,WavyWalnuts,7028434
2026-07-04T13:13:41.118830,2026-07-04T13:13:41.122221+00:00,135.4,3,bid,Xuanyu Liu,YieldingYams,7028447
2026-07-04T13:13:41.308285,2026-07-04T13:13:41.320034+00:00,135.3,20,ask,AverageAlmonds,BrilliantBurritos,7028450
2026-07-04T13:13:41.323134,2026-07-04T13:13:41.330789+00:00,135.3,200,ask,AverageAlmonds,WavyWalnuts,7028451
2026-07-04T13:13:42.531414,2026-07-04T13:13:42.539913+00:00,135.3,200,ask,AverageAlmonds,WavyWalnuts,7028471
2026-07-04T13:13:42.904309,2026-07-04T13:13:42.907625+00:00,135.3,3,ask,AverageAlmonds,Xuanyu Liu,7028475
2026-07-04T13:13:43.097674,2026-07-04T13:13:43.100943+00:00,135.4,3,ask,AverageAlmonds,Xuanyu Liu,7028479
2026-07-04T13:13:43.160471,2026-07-04T13:13:43.172146+00:00,135.4,20,ask,AverageAlmonds,BrilliantBurritos,7028481
2026-07-04T13:13:43.675937,2026-07-04T13:13:43.686113+00:00,135.5,500,bid,AverageAlmonds,YieldingYams,7028489
2026-07-04T13:13:43.753122,2026-07-04T13:13:43.760175+00:00,135.4,200,bid,YieldingYams,WavyWalnuts,7028492
2026-07-04T13:13:43.770557,2026-07-04T13:13:43.774548+00:00,135.5,11,ask,YieldingYams,Xuanyu Liu,7028494
2026-07-04T13:13:44.947468,2026-07-04T13:13:44.952932+00:00,135.5,200,ask,YieldingYams,WavyWalnuts,7028514
2026-07-04T13:13:45.071611,2026-07-04T13:13:45.081070+00:00,135.5,500,ask,AverageAlmonds,YieldingYams,7028519
2026-07-04T13:13:45.479836,2026-07-04T13:13:45.489225+00:00,135.4,125,bid,AverageAlmonds,YieldingYams,7028527
2026-07-04T13:13:46.169732,2026-07-04T13:13:46.173963+00:00,135.6,17,bid,Xuanyu Liu,WavyWalnuts,7028533
2026-07-04T13:13:46.828858,2026-07-04T13:13:46.836970+00:00,135.6,50,bid,Alan Niu,WavyWalnuts,7028545
2026-07-04T13:13:47.256446,2026-07-04T13:13:47.255426+00:00,135.6,43,bid,Alan Niu,WavyWalnuts,7028548
2026-07-04T13:13:48.578586,2026-07-04T13:13:48.587508+00:00,135.4,200,ask,AverageAlmonds,WavyWalnuts,7028575
2026-07-04T13:13:49.018670,2026-07-04T13:13:49.022318+00:00,135.5,11,bid,Xuanyu Liu,YieldingYams,7028584
2026-07-04T13:13:49.023920,2026-07-04T13:13:49.037851+00:00,135.5,50,bid,Chester Au,YieldingYams,7028585
2026-07-04T13:13:49.226681,2026-07-04T13:13:49.230330+00:00,135.3,14,ask,YieldingYams,Xuanyu Liu,7028587
2026-07-04T13:13:50.314770,2026-07-04T13:13:50.359491+00:00,135.4,200,bid,YieldingYams,WavyWalnuts,7028600
2026-07-04T13:13:50.355503,2026-07-04T13:13:50.359491+00:00,135.5,3,ask,YieldingYams,Xuanyu Liu,7028603
2026-07-04T13:13:50.358869,2026-07-04T13:13:50.374731+00:00,135.5,50,ask,YieldingYams,Chester Au,7028604
2026-07-04T13:13:50.661621,2026-07-04T13:13:50.668700+00:00,135.5,94,ask,YieldingYams,Alan Niu,7028611
2026-07-04T13:13:50.994159,2026-07-04T13:13:51.001777+00:00,135.5,200,ask,YieldingYams,WavyWalnuts,7028614
2026-07-04T13:13:51.085116,2026-07-04T13:13:51.095694+00:00,135.7,50,bid,Alan Niu,YieldingYams,7028615
2026-07-04T13:13:51.218583,2026-07-04T13:13:51.225653+00:00,135.5,20,ask,YieldingYams,BrilliantBurritos,7028616
2026-07-04T13:13:52.949508,2026-07-04T13:13:52.953514+00:00,135.6,3,bid,Xuanyu Liu,YieldingYams,7028648
2026-07-04T13:13:54.232402,2026-07-04T13:13:54.241573+00:00,135.6,20,bid,BrilliantBurritos,YieldingYams,7028664
2026-07-04T13:13:54.246814,2026-07-04T13:13:54.258641+00:00,135.5,500,ask,AverageAlmonds,YieldingYams,7028667
2026-07-04T13:13:54.573641,2026-07-04T13:13:54.581249+00:00,135.5,125,bid,AverageAlmonds,YieldingYams,7028669
2026-07-04T13:13:55.834026,2026-07-04T13:13:55.840575+00:00,135.6,200,ask,YieldingYams,WavyWalnuts,7028688
2026-07-04T13:13:57.042374,2026-07-04T13:13:57.063797+00:00,135.5,200,ask,YieldingYams,WavyWalnuts,7028704
2026-07-04T13:13:58.227825,2026-07-04T13:13:58.231657+00:00,135.6,3,bid,Xuanyu Liu,YieldingYams,7028721
2026-07-04T13:13:58.247795,2026-07-04T13:13:58.257736+00:00,135.6,200,bid,WavyWalnuts,YieldingYams,7028723
2026-07-04T13:14:00.830655,2026-07-04T13:14:00.839990+00:00,135.5,200,bid,YieldingYams,WavyWalnuts,7028772
2026-07-04T13:14:02.141833,2026-07-04T13:14:02.148503+00:00,135.5,200,ask,WavyWalnuts,YieldingYams,7028793
2026-07-04T13:14:03.103022,2026-07-04T13:14:03.114965+00:00,135.4,200,ask,AverageAlmonds,WavyWalnuts,7028811
2026-07-04T13:14:05.037839,2026-07-04T13:14:05.041213+00:00,135.4,3,ask,YieldingYams,Xuanyu Liu,7028840
2026-07-04T13:14:05.674022,2026-07-04T13:14:05.682278+00:00,135.5,20,bid,BrilliantBurritos,WavyWalnuts,7028852
2026-07-04T13:14:07.994670,2026-07-04T13:14:08.003705+00:00,135.3,50,ask,AverageAlmonds,Alan Niu,7028887
2026-07-04T13:14:08.399694,2026-07-04T13:14:08.411748+00:00,135.4,20,bid,BrilliantBurritos,YieldingYams,7028888
2026-07-04T13:14:08.686218,2026-07-04T13:14:08.694533+00:00,135.3,200,ask,WavyWalnuts,YieldingYams,7028894
2026-07-04T13:14:08.686218,2026-07-04T13:14:08.694533+00:00,135.3,425,ask,AverageAlmonds,YieldingYams,7028895
2026-07-04T13:14:09.992857,2026-07-04T13:14:10.003070+00:00,135.4,200,bid,YieldingYams,WavyWalnuts,7028916
2026-07-04T13:14:10.239508,2026-07-04T13:14:10.251437+00:00,135.6,20,bid,BrilliantBurritos,YieldingYams,7028919
2026-07-04T13:14:11.570198,2026-07-04T13:14:11.580001+00:00,135.6,200,bid,WavyWalnuts,YieldingYams,7028939
2026-07-04T13:14:12.255725,2026-07-04T13:14:12.258457+00:00,135.4,49,ask,AverageAlmonds,Alan Niu,7028957
2026-07-04T13:14:12.777213,2026-07-04T13:14:12.786996+00:00,135.6,200,bid,WavyWalnuts,YieldingYams,7028962
2026-07-04T13:14:13.145667,2026-07-04T13:14:13.158599+00:00,135.4,20,ask,YieldingYams,BrilliantBurritos,7028969
2026-07-04T13:14:13.986276,2026-07-04T13:14:13.995831+00:00,135.6,200,bid,WavyWalnuts,YieldingYams,7028983
2026-07-04T13:14:15.195307,2026-07-04T13:14:15.202732+00:00,135.6,200,bid,WavyWalnuts,YieldingYams,7028994
2026-07-04T13:14:16.402598,2026-07-04T13:14:16.412430+00:00,135.7,200,bid,WavyWalnuts,YieldingYams,7029011
2026-07-04T13:14:21.807839,2026-07-04T13:14:21.811439+00:00,135.7,3,ask,YieldingYams,Xuanyu Liu,7029075
2026-07-04T13:14:22.940518,2026-07-04T13:14:22.952063+00:00,135.8,20,bid,BrilliantBurritos,WavyWalnuts,7029098
2026-07-04T13:14:26.809717,2026-07-04T13:14:26.820549+00:00,135.8,20,bid,BrilliantBurritos,YieldingYams,7029141
2026-07-04T13:14:27.187850,2026-07-04T13:14:27.192001+00:00,135.7,23,ask,WavyWalnuts,Xuanyu Liu,7029149
2026-07-04T13:14:28.346648,2026-07-04T13:14:28.350310+00:00,135.8,11,ask,YieldingYams,Xuanyu Liu,7029164
2026-07-04T13:14:30.332675,2026-07-04T13:14:30.336847+00:00,135.9,11,bid,Xuanyu Liu,AverageAlmonds,7029209
2026-07-04T13:14:30.925085,2026-07-04T13:14:30.934900+00:00,135.9,20,bid,BrilliantBurritos,AverageAlmonds,7029215
2026-07-04T13:14:30.959842,2026-07-04T13:14:30.969740+00:00,135.9,480,bid,YieldingYams,AverageAlmonds,7029219
2026-07-04T13:14:31.510260,2026-07-04T13:14:31.519789+00:00,135.9,145,ask,YieldingYams,AverageAlmonds,7029223
2026-07-04T13:14:31.510260,2026-07-04T13:14:31.519789+00:00,135.9,200,ask,WavyWalnuts,AverageAlmonds,7029224
2026-07-04T13:14:32.978479,2026-07-04T13:14:32.990459+00:00,135.7,20,ask,WavyWalnuts,BrilliantBurritos,7029248
2026-07-04T13:14:33.397736,2026-07-04T13:14:33.401988+00:00,135.8,12,bid,Xuanyu Liu,WavyWalnuts,7029258
2026-07-04T13:14:33.584617,2026-07-04T13:14:33.593148+00:00,135.8,188,bid,YieldingYams,WavyWalnuts,7029263
2026-07-04T13:14:34.533017,2026-07-04T13:14:34.544437+00:00,135.8,437,ask,YieldingYams,AverageAlmonds,7029282
2026-07-04T13:14:34.586291,2026-07-04T13:14:34.597743+00:00,135.8,63,bid,WavyWalnuts,AverageAlmonds,7029285
2026-07-04T13:14:34.897758,2026-07-04T13:14:34.909407+00:00,135.8,137,ask,WavyWalnuts,YieldingYams,7029288
2026-07-04T13:14:35.797984,2026-07-04T13:14:35.806994+00:00,135.6,200,bid,WavyWalnuts,YieldingYams,7029298
2026-07-04T13:14:37.517758,2026-07-04T13:14:37.534144+00:00,135.7,200,ask,WavyWalnuts,YieldingYams,7029322
2026-07-04T13:14:38.229784,2026-07-04T13:14:38.237434+00:00,135.6,200,bid,WavyWalnuts,YieldingYams,7029337
2026-07-04T13:14:39.232255,2026-07-04T13:14:39.243860+00:00,135.8,20,bid,BrilliantBurritos,YieldingYams,7029359
2026-07-04T13:14:40.155851,2026-07-04T13:14:40.163578+00:00,135.7,20,ask,WavyWalnuts,BrilliantBurritos,7029372
2026-07-04T13:14:40.651027,2026-07-04T13:14:40.658560+00:00,135.8,200,bid,WavyWalnuts,YieldingYams,7029380
2026-07-04T13:14:44.723734,2026-07-04T13:14:44.735788+00:00,135.6,20,ask,YieldingYams,BrilliantBurritos,7029437
2026-07-04T13:14:46.694536,2026-07-04T13:14:46.704194+00:00,135.8,200,bid,YieldingYams,WavyWalnuts,7029459
2026-07-04T13:14:48.006353,2026-07-04T13:14:48.027981+00:00,135.8,200,ask,WavyWalnuts,YieldingYams,7029476
2026-07-04T13:14:48.311233,2026-07-04T13:14:48.323015+00:00,135.8,20,bid,BrilliantBurritos,YieldingYams,7029485
2026-07-04T13:14:49.129290,2026-07-04T13:14:49.139133+00:00,135.8,200,bid,WavyWalnuts,YieldingYams,7029500
2026-07-04T13:14:50.627771,2026-07-04T13:14:50.638879+00:00,135.9,200,ask,WavyWalnuts,YieldingYams,7029517
2026-07-04T13:14:51.545384,2026-07-04T13:14:51.555013+00:00,135.8,200,bid,WavyWalnuts,YieldingYams,7029529
2026-07-04T13:14:58.521013,2026-07-04T13:14:58.529387+00:00,136.1,200,ask,WavyWalnuts,YieldingYams,7029639
2026-07-04T13:14:58.839722,2026-07-04T13:14:58.843797+00:00,135.8,23,ask,YieldingYams,Xuanyu Liu,7029644
2026-07-04T13:14:59.833888,2026-07-04T13:14:59.852116+00:00,136.1,200,bid,YieldingYams,WavyWalnuts,7029654
2026-07-04T13:14:59.848497,2026-07-04T13:14:59.852116+00:00,136.1,27,ask,YieldingYams,Xuanyu Liu,7029658
2026-07-04T13:14:59.961965,2026-07-04T13:14:59.973631+00:00,136.3,20,bid,BrilliantBurritos,YieldingYams,7029661
2026-07-04T13:15:01.251992,2026-07-04T13:15:01.260515+00:00,136.2,200,bid,WavyWalnuts,YieldingYams,7029682
2026-07-04T13:15:01.949131,2026-07-04T13:15:01.952786+00:00,136.2,15,bid,Xuanyu Liu,YieldingYams,7029692
2026-07-04T13:15:02.499385,2026-07-04T13:15:02.510960+00:00,136.1,20,ask,YieldingYams,BrilliantBurritos,7029699
2026-07-04T13:15:03.778049,2026-07-04T13:15:03.789385+00:00,136.2,200,bid,YieldingYams,WavyWalnuts,7029712
2026-07-04T13:15:03.778049,2026-07-04T13:15:03.789385+00:00,136.3,425,bid,YieldingYams,AverageAlmonds,7029713
2026-07-04T13:15:03.856799,2026-07-04T13:15:03.868915+00:00,136.0,20,ask,WavyWalnuts,BrilliantBurritos,7029716
2026-07-04T13:15:05.107063,2026-07-04T13:15:05.110430+00:00,136.2,12,bid,Xuanyu Liu,YieldingYams,7029746
2026-07-04T13:15:06.099052,2026-07-04T13:15:06.110209+00:00,136.2,200,bid,WavyWalnuts,YieldingYams,7029762
2026-07-04T13:15:06.396826,2026-07-04T13:15:06.404952+00:00,136.3,500,bid,YieldingYams,AverageAlmonds,7029766
2026-07-04T13:15:06.411476,2026-07-04T13:15:06.414851+00:00,136.3,12,ask,YieldingYams,Xuanyu Liu,7029769
2026-07-04T13:15:06.644703,2026-07-04T13:15:06.653174+00:00,136.3,113,ask,YieldingYams,AverageAlmonds,7029773
2026-07-04T13:15:07.307750,2026-07-04T13:15:07.319450+00:00,136.2,200,bid,WavyWalnuts,AverageAlmonds,7029785
2026-07-04T13:15:08.516710,2026-07-04T13:15:08.527734+00:00,136.2,200,bid,WavyWalnuts,YieldingYams,7029801
2026-07-04T13:15:14.611309,2026-07-04T13:15:14.615234+00:00,136.3,12,bid,Xuanyu Liu,AverageAlmonds,7029883
2026-07-04T13:15:15.777998,2026-07-04T13:15:15.785681+00:00,136.3,200,bid,WavyWalnuts,AverageAlmonds,7029897
2026-07-04T13:15:16.873142,2026-07-04T13:15:16.880775+00:00,136.3,500,bid,YieldingYams,AverageAlmonds,7029912
2026-07-04T13:15:16.921298,2026-07-04T13:15:16.932645+00:00,136.3,125,ask,YieldingYams,AverageAlmonds,7029913
2026-07-04T13:15:16.990246,2026-07-04T13:15:17.001702+00:00,136.3,200,bid,WavyWalnuts,AverageAlmonds,7029915
2026-07-04T13:15:18.199348,2026-07-04T13:15:18.203212+00:00,136.0,12,ask,YieldingYams,Xuanyu Liu,7029930
2026-07-04T13:15:18.224605,2026-07-04T13:15:18.228123+00:00,136.1,11,ask,WavyWalnuts,Xuanyu Liu,7029934
2026-07-04T13:15:19.230619,2026-07-04T13:15:19.241445+00:00,136.1,20,ask,WavyWalnuts,BrilliantBurritos,7029952
2026-07-04T13:15:20.633162,2026-07-04T13:15:20.636974+00:00,136.2,11,ask,WavyWalnuts,Xuanyu Liu,7029972
2026-07-04T13:15:20.813409,2026-07-04T13:15:20.824757+00:00,136.3,500,bid,YieldingYams,AverageAlmonds,7029977
2026-07-04T13:15:20.930712,2026-07-04T13:15:20.934353+00:00,136.5,34,bid,Xuanyu Liu,WavyWalnuts,7029982
2026-07-04T13:15:21.176535,2026-07-04T13:15:21.204442+00:00,136.3,125,ask,YieldingYams,AverageAlmonds,7029986
2026-07-04T13:15:21.200361,2026-07-04T13:15:21.204442+00:00,136.3,16,bid,Xuanyu Liu,AverageAlmonds,7029988
2026-07-04T13:15:24.249194,2026-07-04T13:15:24.252374+00:00,136.3,200,ask,YieldingYams,WavyWalnuts,7030034
2026-07-04T13:15:25.458501,2026-07-04T13:15:25.469122+00:00,136.2,200,ask,YieldingYams,WavyWalnuts,7030049
2026-07-04T13:15:26.452612,2026-07-04T13:15:26.463628+00:00,136.1,20,ask,YieldingYams,BrilliantBurritos,7030066
2026-07-04T13:15:26.694575,2026-07-04T13:15:26.702258+00:00,136.2,7,bid,Xuanyu Liu,WavyWalnuts,7030071
2026-07-04T13:15:27.897920,2026-07-04T13:15:27.901476+00:00,136.1,11,bid,Xuanyu Liu,WavyWalnuts,7030096
2026-07-04T13:15:28.514491,2026-07-04T13:15:28.525961+00:00,136.0,20,ask,YieldingYams,BrilliantBurritos,7030103
2026-07-04T13:15:28.678274,2026-07-04T13:15:28.688942+00:00,136.1,189,bid,YieldingYams,WavyWalnuts,7030106
2026-07-04T13:15:33.936301,2026-07-04T13:15:33.946450+00:00,136.2,200,ask,WavyWalnuts,YieldingYams,7030186
2026-07-04T13:15:35.130227,2026-07-04T13:15:35.140183+00:00,136.0,200,bid,WavyWalnuts,YieldingYams,7030204
2026-07-04T13:15:36.553448,2026-07-04T13:15:36.564613+00:00,136.0,200,ask,WavyWalnuts,YieldingYams,7030228
2026-07-04T13:15:36.570691,2026-07-04T13:15:36.574789+00:00,136.0,3,bid,Xuanyu Liu,YieldingYams,7030232
2026-07-04T13:15:37.547807,2026-07-04T13:15:37.554502+00:00,135.7,20,ask,YieldingYams,BrilliantBurritos,7030251
2026-07-04T13:15:41.784121,2026-07-04T13:15:41.791477+00:00,136.0,200,bid,YieldingYams,WavyWalnuts,7030317
2026-07-04T13:15:45.717357,2026-07-04T13:15:45.725582+00:00,136.0,200,bid,YieldingYams,WavyWalnuts,7030363
2026-07-04T13:15:46.045219,2026-07-04T13:15:46.054652+00:00,136.0,200,ask,YieldingYams,WavyWalnuts,7030370
2026-07-04T13:15:48.335995,2026-07-04T13:15:48.347428+00:00,135.8,200,ask,WavyWalnuts,YieldingYams,7030394
2026-07-04T13:15:49.465246,2026-07-04T13:15:49.469045+00:00,135.6,37,ask,YieldingYams,Xuanyu Liu,7030411
2026-07-04T13:15:49.693169,2026-07-04T13:15:49.697458+00:00,135.7,12,ask,YieldingYams,Xuanyu Liu,7030415
2026-07-04T13:15:52.314791,2026-07-04T13:15:52.318508+00:00,135.9,12,bid,Xuanyu Liu,YieldingYams,7030454
2026-07-04T13:15:53.598835,2026-07-04T13:15:53.619377+00:00,135.8,200,ask,WavyWalnuts,YieldingYams,7030467
2026-07-04T13:15:53.615845,2026-07-04T13:15:53.619377+00:00,135.8,11,bid,Xuanyu Liu,YieldingYams,7030469
2026-07-04T13:15:56.635807,2026-07-04T13:15:56.647564+00:00,135.8,20,bid,BrilliantBurritos,YieldingYams,7030498
2026-07-04T13:15:57.095453,2026-07-04T13:15:57.100273+00:00,135.6,12,bid,Xuanyu Liu,WavyWalnuts,7030507
2026-07-04T13:15:58.837646,2026-07-04T13:15:58.846810+00:00,135.6,200,bid,YieldingYams,WavyWalnuts,7030544
2026-07-04T13:16:01.914431,2026-07-04T13:16:01.921892+00:00,135.5,200,ask,YieldingYams,WavyWalnuts,7030580
2026-07-04T13:16:05.271863,2026-07-04T13:16:05.275949+00:00,135.4,12,ask,AverageAlmonds,Xuanyu Liu,7030617
2026-07-04T13:16:06.756989,2026-07-04T13:16:06.758607+00:00,135.5,200,bid,WavyWalnuts,YieldingYams,7030635
2026-07-04T13:16:09.324002,2026-07-04T13:16:09.332798+00:00,135.5,500,ask,AverageAlmonds,YieldingYams,7030673
2026-07-04T13:16:09.324002,2026-07-04T13:16:09.332798+00:00,135.5,125,ask,WavyWalnuts,YieldingYams,7030674
2026-07-04T13:16:17.673001,2026-07-04T13:16:17.676981+00:00,135.7,11,ask,WavyWalnuts,Xuanyu Liu,7030779
2026-07-04T13:16:21.389600,2026-07-04T13:16:21.401135+00:00,135.9,20,bid,BrilliantBurritos,YieldingYams,7030822
2026-07-04T13:16:26.414139,2026-07-04T13:16:26.423745+00:00,135.7,200,ask,WavyWalnuts,YieldingYams,7030880
2026-07-04T13:16:27.428652,2026-07-04T13:16:27.432537+00:00,135.6,12,ask,WavyWalnuts,Xuanyu Liu,7030891
2026-07-04T13:16:28.747222,2026-07-04T13:16:28.759234+00:00,135.5,20,ask,WavyWalnuts,BrilliantBurritos,7030906
2026-07-04T13:16:29.752427,2026-07-04T13:16:29.758576+00:00,135.7,200,bid,WavyWalnuts,YieldingYams,7030912
2026-07-04T13:16:29.966768,2026-07-04T13:16:29.978455+00:00,135.7,20,bid,BrilliantBurritos,YieldingYams,7030915
2026-07-04T13:16:30.381935,2026-07-04T13:16:30.386097+00:00,135.6,11,ask,YieldingYams,Xuanyu Liu,7030925
2026-07-04T13:16:33.765086,2026-07-04T13:16:33.768902+00:00,135.5,11,ask,YieldingYams,Xuanyu Liu,7030973
2026-07-04T13:16:34.299832,2026-07-04T13:16:34.303878+00:00,135.6,12,ask,YieldingYams,Xuanyu Liu,7030980
2026-07-04T13:16:40.042484,2026-07-04T13:16:40.046177+00:00,135.8,46,bid,Xuanyu Liu,WavyWalnuts,7031052
2026-07-04T13:16:43.051648,2026-07-04T13:16:43.059481+00:00,135.7,200,ask,YieldingYams,WavyWalnuts,7031093
2026-07-04T13:16:44.262063,2026-07-04T13:16:44.269374+00:00,135.7,200,ask,YieldingYams,WavyWalnuts,7031113
2026-07-04T13:16:50.296769,2026-07-04T13:16:50.304873+00:00,135.9,200,bid,WavyWalnuts,YieldingYams,7031193
2026-07-04T13:16:51.503442,2026-07-04T13:16:51.510947+00:00,135.9,200,bid,WavyWalnuts,AverageAlmonds,7031210
2026-07-04T13:16:52.710868,2026-07-04T13:16:52.721930+00:00,136.0,200,bid,WavyWalnuts,AverageAlmonds,7031221
2026-07-04T13:16:53.958735,2026-07-04T13:16:53.966020+00:00,135.9,200,ask,WavyWalnuts,YieldingYams,7031237
2026-07-04T13:16:56.340799,2026-07-04T13:16:56.351967+00:00,135.8,200,ask,YieldingYams,WavyWalnuts,7031262
2026-07-04T13:16:57.550766,2026-07-04T13:16:57.566979+00:00,135.7,200,ask,YieldingYams,WavyWalnuts,7031281
2026-07-04T13:16:58.258167,2026-07-04T13:16:58.269608+00:00,135.7,20,ask,YieldingYams,BrilliantBurritos,7031294
2026-07-04T13:16:58.759224,2026-07-04T13:16:58.769228+00:00,135.7,200,ask,YieldingYams,WavyWalnuts,7031300
2026-07-04T13:17:00.501458,2026-07-04T13:17:00.510848+00:00,135.8,200,bid,YieldingYams,WavyWalnuts,7031325
2026-07-04T13:17:01.177922,2026-07-04T13:17:01.187709+00:00,135.8,200,ask,YieldingYams,WavyWalnuts,7031332
2026-07-04T13:17:02.398129,2026-07-04T13:17:02.401770+00:00,135.8,23,ask,WavyWalnuts,Xuanyu Liu,7031344
2026-07-04T13:17:03.121890,2026-07-04T13:17:03.130898+00:00,135.8,177,ask,WavyWalnuts,YieldingYams,7031362
2026-07-04T13:17:05.052324,2026-07-04T13:17:05.064296+00:00,135.9,20,bid,BrilliantBurritos,YieldingYams,7031384
2026-07-04T13:17:05.057116,2026-07-04T13:17:05.064296+00:00,135.9,7,bid,Xuanyu Liu,YieldingYams,7031385
2026-07-04T13:17:05.080243,2026-07-04T13:17:05.084522+00:00,135.9,7,bid,Alan Niu,YieldingYams,7031388
2026-07-04T13:17:05.308847,2026-07-04T13:17:05.317021+00:00,135.8,7,ask,WavyWalnuts,Alan Niu,7031392
2026-07-04T13:17:05.365212,2026-07-04T13:17:05.369540+00:00,135.9,4,bid,Xuanyu Liu,YieldingYams,7031397
2026-07-04T13:17:07.223614,2026-07-04T13:17:07.231339+00:00,136.0,200,bid,WavyWalnuts,YieldingYams,7031423
2026-07-04T13:17:09.532953,2026-07-04T13:17:09.541921+00:00,136.0,500,ask,YieldingYams,AverageAlmonds,7031449
2026-07-04T13:17:09.679745,2026-07-04T13:17:09.699050+00:00,135.9,200,ask,WavyWalnuts,YieldingYams,7031457
2026-07-04T13:17:09.695271,2026-07-04T13:17:09.699050+00:00,135.8,35,bid,Xuanyu Liu,YieldingYams,7031459
2026-07-04T13:17:10.618421,2026-07-04T13:17:10.630248+00:00,135.6,20,ask,YieldingYams,BrilliantBurritos,7031470
2026-07-04T13:17:10.853840,2026-07-04T13:17:10.858560+00:00,135.8,200,bid,WavyWalnuts,YieldingYams,7031474
2026-07-04T13:17:14.922179,2026-07-04T13:17:14.929115+00:00,136.0,200,bid,YieldingYams,WavyWalnuts,7031535
2026-07-04T13:17:14.922179,2026-07-04T13:17:14.934292+00:00,136.1,425,bid,YieldingYams,AverageAlmonds,7031536
2026-07-04T13:17:16.899611,2026-07-04T13:17:16.906808+00:00,135.9,200,bid,WavyWalnuts,YieldingYams,7031564
2026-07-04T13:17:17.549982,2026-07-04T13:17:17.558551+00:00,135.8,500,bid,YieldingYams,AverageAlmonds,7031579
2026-07-04T13:17:17.989001,2026-07-04T13:17:17.995836+00:00,135.8,125,ask,YieldingYams,AverageAlmonds,7031583
2026-07-04T13:17:18.107940,2026-07-04T13:17:18.117283+00:00,135.8,200,bid,WavyWalnuts,AverageAlmonds,7031587
2026-07-04T13:17:18.875287,2026-07-04T13:17:18.879472+00:00,135.5,12,ask,YieldingYams,Xuanyu Liu,7031596
2026-07-04T13:17:19.322071,2026-07-04T13:17:19.332754+00:00,135.7,200,bid,WavyWalnuts,YieldingYams,7031601
2026-07-04T13:17:20.315897,2026-07-04T13:17:20.327629+00:00,135.5,20,ask,YieldingYams,BrilliantBurritos,7031616
2026-07-04T13:17:20.530854,2026-07-04T13:17:20.540858+00:00,135.7,200,bid,WavyWalnuts,YieldingYams,7031618
2026-07-04T13:17:21.743263,2026-07-04T13:17:21.766012+00:00,135.8,200,bid,WavyWalnuts,YieldingYams,7031633
2026-07-04T13:17:22.815844,2026-07-04T13:17:22.819565+00:00,135.7,8,ask,YieldingYams,Xuanyu Liu,7031651
2026-07-04T13:17:22.885009,2026-07-04T13:17:22.896489+00:00,135.8,20,bid,BrilliantBurritos,AverageAlmonds,7031655
2026-07-04T13:17:26.578905,2026-07-04T13:17:26.585839+00:00,135.8,200,bid,WavyWalnuts,YieldingYams,7031700
2026-07-04T13:17:27.052512,2026-07-04T13:17:27.064233+00:00,135.7,20,ask,YieldingYams,BrilliantBurritos,7031706
2026-07-04T13:17:29.013284,2026-07-04T13:17:29.024126+00:00,135.7,200,ask,YieldingYams,WavyWalnuts,7031729
2026-07-04T13:17:31.068870,2026-07-04T13:17:31.076875+00:00,135.8,20,bid,BrilliantBurritos,WavyWalnuts,7031763
2026-07-04T13:17:33.665663,2026-07-04T13:17:33.669502+00:00,135.8,8,bid,Xuanyu Liu,YieldingYams,7031801
2026-07-04T13:17:34.609814,2026-07-04T13:17:34.630520+00:00,135.7,200,ask,WavyWalnuts,YieldingYams,7031814
2026-07-04T13:17:34.626799,2026-07-04T13:17:34.630520+00:00,135.7,12,bid,Xuanyu Liu,YieldingYams,7031816
2026-07-04T13:17:35.062855,2026-07-04T13:17:35.074140+00:00,135.7,200,bid,WavyWalnuts,YieldingYams,7031827
2026-07-04T13:17:35.932744,2026-07-04T13:17:35.936395+00:00,135.9,12,ask,YieldingYams,Xuanyu Liu,7031851
2026-07-04T13:17:37.488096,2026-07-04T13:17:37.499451+00:00,135.9,200,bid,WavyWalnuts,YieldingYams,7031881
2026-07-04T13:17:39.849012,2026-07-04T13:17:39.858739+00:00,135.9,200,bid,YieldingYams,WavyWalnuts,7031914
2026-07-04T13:17:40.961655,2026-07-04T13:17:40.973771+00:00,135.9,20,ask,YieldingYams,BrilliantBurritos,7031930
2026-07-04T13:17:41.122145,2026-07-04T13:17:41.133505+00:00,135.9,200,ask,YieldingYams,WavyWalnuts,7031933
2026-07-04T13:17:46.517594,2026-07-04T13:17:46.521710+00:00,136.0,23,bid,Xuanyu Liu,WavyWalnuts,7032000
2026-07-04T13:17:48.409733,2026-07-04T13:17:48.413533+00:00,135.9,3,bid,Xuanyu Liu,WavyWalnuts,7032028
2026-07-04T13:17:49.032313,2026-07-04T13:17:49.038962+00:00,135.9,197,bid,YieldingYams,WavyWalnuts,7032037
2026-07-04T13:17:49.601678,2026-07-04T13:17:49.612624+00:00,136.0,200,ask,YieldingYams,WavyWalnuts,7032057
2026-07-04T13:17:49.722358,2026-07-04T13:17:49.726398+00:00,136.0,3,ask,YieldingYams,Xuanyu Liu,7032060
2026-07-04T13:17:52.023481,2026-07-04T13:17:52.034458+00:00,135.9,200,ask,YieldingYams,WavyWalnuts,7032089
2026-07-04T13:17:53.231658,2026-07-04T13:17:53.238974+00:00,135.9,200,ask,YieldingYams,WavyWalnuts,7032102
2026-07-04T13:17:53.939552,2026-07-04T13:17:53.948659+00:00,136.1,20,bid,BrilliantBurritos,YieldingYams,7032105
2026-07-04T13:17:56.048499,2026-07-04T13:17:56.052718+00:00,135.8,23,ask,YieldingYams,Xuanyu Liu,7032131
2026-07-04T13:17:58.091603,2026-07-04T13:17:58.095188+00:00,135.9,11,ask,WavyWalnuts,Xuanyu Liu,7032154
2026-07-04T13:17:58.227306,2026-07-04T13:17:58.236634+00:00,135.9,189,ask,WavyWalnuts,YieldingYams,7032157
2026-07-04T13:17:59.540632,2026-07-04T13:17:59.551599+00:00,135.8,200,ask,WavyWalnuts,YieldingYams,7032181
2026-07-04T13:18:00.490873,2026-07-04T13:18:00.501412+00:00,135.8,200,bid,WavyWalnuts,YieldingYams,7032189
2026-07-04T13:18:01.700959,2026-07-04T13:18:01.707753+00:00,135.8,200,bid,WavyWalnuts,YieldingYams,7032206
2026-07-04T13:18:02.227458,2026-07-04T13:18:02.236262+00:00,135.7,500,ask,YieldingYams,AverageAlmonds,7032213
2026-07-04T13:18:02.820391,2026-07-04T13:18:02.831633+00:00,135.7,125,ask,YieldingYams,AverageAlmonds,7032220
2026-07-04T13:18:02.915101,2026-07-04T13:18:02.923280+00:00,135.6,200,bid,WavyWalnuts,AverageAlmonds,7032227
2026-07-04T13:18:04.127587,2026-07-04T13:18:04.135080+00:00,135.5,200,bid,WavyWalnuts,YieldingYams,7032246
2026-07-04T13:18:05.344115,2026-07-04T13:18:05.353866+00:00,135.5,200,bid,WavyWalnuts,YieldingYams,7032261
2026-07-04T13:18:06.556559,2026-07-04T13:18:06.558590+00:00,135.4,200,bid,WavyWalnuts,AverageAlmonds,7032280
2026-07-04T13:18:07.399501,2026-07-04T13:18:07.408246+00:00,135.4,500,bid,YieldingYams,AverageAlmonds,7032293
2026-07-04T13:18:07.673610,2026-07-04T13:18:07.682593+00:00,135.4,125,ask,YieldingYams,AverageAlmonds,7032295
2026-07-04T13:18:07.768935,2026-07-04T13:18:07.775997+00:00,135.4,200,bid,WavyWalnuts,AverageAlmonds,7032296
2026-07-04T13:18:08.979573,2026-07-04T13:18:08.989005+00:00,135.2,200,bid,WavyWalnuts,YieldingYams,7032313
2026-07-04T13:18:10.035265,2026-07-04T13:18:10.039382+00:00,135.0,12,ask,YieldingYams,Xuanyu Liu,7032329
2026-07-04T13:18:10.189790,2026-07-04T13:18:10.198536+00:00,135.3,200,bid,WavyWalnuts,YieldingYams,7032331
2026-07-04T13:18:11.341520,2026-07-04T13:18:11.345402+00:00,135.1,11,ask,YieldingYams,Xuanyu Liu,7032348
2026-07-04T13:18:11.416714,2026-07-04T13:18:11.420825+00:00,135.3,23,ask,WavyWalnuts,Xuanyu Liu,7032351
2026-07-04T13:18:11.624021,2026-07-04T13:18:11.631243+00:00,135.4,20,bid,BrilliantBurritos,YieldingYams,7032354
2026-07-04T13:18:11.865546,2026-07-04T13:18:11.869840+00:00,135.4,34,bid,Xuanyu Liu,YieldingYams,7032358
2026-07-04T13:18:13.956262,2026-07-04T13:18:13.958617+00:00,135.4,500,bid,YieldingYams,AverageAlmonds,7032393
2026-07-04T13:18:16.253131,2026-07-04T13:18:16.258540+00:00,135.4,200,bid,WavyWalnuts,YieldingYams,7032416
2026-07-04T13:18:18.675828,2026-07-04T13:18:18.685092+00:00,135.2,200,ask,YieldingYams,WavyWalnuts,7032453
2026-07-04T13:18:19.090526,2026-07-04T13:18:19.102905+00:00,135.5,20,bid,BrilliantBurritos,YieldingYams,7032455
2026-07-04T13:18:21.134803,2026-07-04T13:18:21.138531+00:00,135.4,12,bid,Xuanyu Liu,YieldingYams,7032485
2026-07-04T13:18:21.841825,2026-07-04T13:18:21.845690+00:00,135.3,11,bid,Xuanyu Liu,YieldingYams,7032493
2026-07-04T13:18:22.856189,2026-07-04T13:18:22.858620+00:00,135.3,20,bid,BrilliantBurritos,YieldingYams,7032511
2026-07-04T13:18:23.149071,2026-07-04T13:18:23.152678+00:00,135.2,12,bid,Xuanyu Liu,YieldingYams,7032517
2026-07-04T13:18:23.517268,2026-07-04T13:18:23.527733+00:00,135.2,200,bid,WavyWalnuts,YieldingYams,7032522
2026-07-04T13:18:28.390186,2026-07-04T13:18:28.399207+00:00,135.1,200,ask,WavyWalnuts,YieldingYams,7032585
2026-07-04T13:18:30.867526,2026-07-04T13:18:30.871698+00:00,134.8,12,ask,YieldingYams,Xuanyu Liu,7032621
2026-07-04T13:18:32.324445,2026-07-04T13:18:32.332371+00:00,134.8,500,ask,AverageAlmonds,YieldingYams,7032637
2026-07-04T13:18:32.324445,2026-07-04T13:18:32.337608+00:00,134.8,125,ask,WavyWalnuts,YieldingYams,7032638
2026-07-04T13:18:33.631569,2026-07-04T13:18:33.640951+00:00,134.9,200,bid,YieldingYams,WavyWalnuts,7032657
2026-07-04T13:18:33.645975,2026-07-04T13:18:33.649295+00:00,135.0,23,ask,YieldingYams,Xuanyu Liu,7032659
2026-07-04T13:18:34.434260,2026-07-04T13:18:34.438033+00:00,135.1,12,bid,Xuanyu Liu,WavyWalnuts,7032670
2026-07-04T13:18:35.632956,2026-07-04T13:18:35.640159+00:00,135.0,200,ask,YieldingYams,WavyWalnuts,7032689
2026-07-04T13:18:37.580144,2026-07-04T13:18:37.583486+00:00,135.0,11,bid,Xuanyu Liu,YieldingYams,7032715
2026-07-04T13:18:40.195407,2026-07-04T13:18:40.199076+00:00,134.9,12,bid,Xuanyu Liu,YieldingYams,7032747
2026-07-04T13:18:40.318445,2026-07-04T13:18:40.330327+00:00,134.9,20,bid,BrilliantBurritos,YieldingYams,7032750
2026-07-04T13:18:42.820010,2026-07-04T13:18:42.823877+00:00,134.8,12,ask,YieldingYams,Xuanyu Liu,7032773
2026-07-04T13:18:44.137004,2026-07-04T13:18:44.145143+00:00,134.9,200,ask,YieldingYams,WavyWalnuts,7032794
2026-07-04T13:18:45.185563,2026-07-04T13:18:45.207224+00:00,135.1,20,bid,BrilliantBurritos,YieldingYams,7032809
2026-07-04T13:18:45.526039,2026-07-04T13:18:45.537780+00:00,134.8,20,ask,WavyWalnuts,BrilliantBurritos,7032819
2026-07-04T13:18:46.675121,2026-07-04T13:18:46.679295+00:00,134.9,11,ask,WavyWalnuts,Xuanyu Liu,7032831
2026-07-04T13:18:47.775299,2026-07-04T13:18:47.779098+00:00,135.0,12,ask,WavyWalnuts,Xuanyu Liu,7032842
2026-07-04T13:18:48.067098,2026-07-04T13:18:48.078479+00:00,135.0,188,ask,WavyWalnuts,YieldingYams,7032845
2026-07-04T13:18:48.969253,2026-07-04T13:18:48.978728+00:00,135.0,200,bid,WavyWalnuts,YieldingYams,7032857
2026-07-04T13:18:50.704881,2026-07-04T13:18:50.711517+00:00,135.0,200,ask,WavyWalnuts,YieldingYams,7032870
2026-07-04T13:18:52.591779,2026-07-04T13:18:52.599280+00:00,134.9,200,bid,WavyWalnuts,YieldingYams,7032897
2026-07-04T13:18:53.762212,2026-07-04T13:18:53.774502+00:00,135.0,20,ask,YieldingYams,BrilliantBurritos,7032913
2026-07-04T13:18:53.800330,2026-07-04T13:18:53.808759+00:00,135.0,200,ask,YieldingYams,WavyWalnuts,7032915
2026-07-04T13:18:56.155020,2026-07-04T13:18:56.159903+00:00,135.1,46,bid,Xuanyu Liu,WavyWalnuts,7032951
2026-07-04T13:18:56.293596,2026-07-04T13:18:56.305756+00:00,135.1,20,bid,BrilliantBurritos,WavyWalnuts,7032952
2026-07-04T13:18:57.244616,2026-07-04T13:18:57.256236+00:00,135.1,180,bid,YieldingYams,WavyWalnuts,7032973
2026-07-04T13:18:57.430054,2026-07-04T13:18:57.438127+00:00,135.1,200,ask,YieldingYams,WavyWalnuts,7032979
2026-07-04T13:18:58.528795,2026-07-04T13:18:58.539724+00:00,135.1,245,ask,YieldingYams,AverageAlmonds,7032991
2026-07-04T13:18:58.639257,2026-07-04T13:18:58.649547+00:00,134.9,200,bid,WavyWalnuts,YieldingYams,7032997
2026-07-04T13:18:59.875083,2026-07-04T13:18:59.878943+00:00,134.8,11,ask,WavyWalnuts,Xuanyu Liu,7033020
2026-07-04T13:18:59.900421,2026-07-04T13:18:59.904538+00:00,134.9,12,ask,YieldingYams,Xuanyu Liu,7033022
2026-07-04T13:19:01.071505,2026-07-04T13:19:01.078258+00:00,134.9,200,ask,YieldingYams,WavyWalnuts,7033039
2026-07-04T13:19:03.272550,2026-07-04T13:19:03.284115+00:00,134.8,20,ask,WavyWalnuts,BrilliantBurritos,7033061
2026-07-04T13:19:05.680732,2026-07-04T13:19:05.684534+00:00,134.9,11,ask,WavyWalnuts,Xuanyu Liu,7033094
2026-07-04T13:19:05.909348,2026-07-04T13:19:05.917684+00:00,135.0,200,bid,WavyWalnuts,YieldingYams,7033097
2026-07-04T13:19:06.440866,2026-07-04T13:19:06.448081+00:00,135.0,500,bid,YieldingYams,AverageAlmonds,7033107
2026-07-04T13:19:06.464612,2026-07-04T13:19:06.468744+00:00,135.1,23,ask,YieldingYams,Xuanyu Liu,7033110
2026-07-04T13:19:06.980319,2026-07-04T13:19:06.988690+00:00,135.1,102,ask,YieldingYams,AverageAlmonds,7033120
2026-07-04T13:19:07.120992,2026-07-04T13:19:07.130644+00:00,135.0,200,bid,WavyWalnuts,AverageAlmonds,7033124
2026-07-04T13:19:09.069360,2026-07-04T13:19:09.080481+00:00,134.8,200,ask,WavyWalnuts,YieldingYams,7033147
2026-07-04T13:19:10.753472,2026-07-04T13:19:10.764000+00:00,134.8,200,bid,WavyWalnuts,AverageAlmonds,7033163
2026-07-04T13:19:11.965205,2026-07-04T13:19:11.970328+00:00,134.7,200,ask,YieldingYams,WavyWalnuts,7033182
2026-07-04T13:19:13.001906,2026-07-04T13:19:13.012157+00:00,134.8,500,bid,YieldingYams,AverageAlmonds,7033194
2026-07-04T13:19:13.042793,2026-07-04T13:19:13.050635+00:00,134.8,125,ask,YieldingYams,AverageAlmonds,7033196
2026-07-04T13:19:15.122639,2026-07-04T13:19:15.126599+00:00,134.8,11,bid,Xuanyu Liu,YieldingYams,7033220
2026-07-04T13:19:16.339222,2026-07-04T13:19:16.351039+00:00,134.8,20,bid,BrilliantBurritos,YieldingYams,7033233
2026-07-04T13:19:16.944799,2026-07-04T13:19:16.948678+00:00,134.7,12,bid,Xuanyu Liu,YieldingYams,7033241
2026-07-04T13:19:18.070593,2026-07-04T13:19:18.074473+00:00,134.7,11,bid,Xuanyu Liu,YieldingYams,7033264
2026-07-04T13:19:18.241260,2026-07-04T13:19:18.248179+00:00,134.6,200,ask,WavyWalnuts,YieldingYams,7033268
2026-07-04T13:19:18.264494,2026-07-04T13:19:18.268332+00:00,134.6,12,bid,Xuanyu Liu,YieldingYams,7033270
2026-07-04T13:19:19.044423,2026-07-04T13:19:19.058607+00:00,134.6,20,bid,BrilliantBurritos,YieldingYams,7033280
2026-07-04T13:19:21.372373,2026-07-04T13:19:21.384106+00:00,134.7,20,bid,BrilliantBurritos,WavyWalnuts,7033318
2026-07-04T13:19:22.867615,2026-07-04T13:19:22.876234+00:00,134.7,200,bid,WavyWalnuts,AverageAlmonds,7033340
2026-07-04T13:19:23.909069,2026-07-04T13:19:23.921048+00:00,134.6,20,ask,YieldingYams,BrilliantBurritos,7033350
2026-07-04T13:19:23.957896,2026-07-04T13:19:23.969758+00:00,134.6,500,ask,YieldingYams,AverageAlmonds,7033351
2026-07-04T13:19:24.390627,2026-07-04T13:19:24.394380+00:00,134.8,11,bid,Xuanyu Liu,WavyWalnuts,7033356
