timestamp,recv_time,price,volume,aggressor_side,buyer,seller,trade_id
2026-07-08T19:00:00.108115,2026-07-08T19:00:00.090002+00:00,150.2,200,ask,WavyWalnuts,AverageAlmonds,12583900
2026-07-08T19:00:00.158778,2026-07-08T19:00:00.090002+00:00,150.1,200,ask,YieldingYams,WavyWalnuts,12583902
2026-07-08T19:00:01.369863,2026-07-08T19:00:01.376654+00:00,150.0,200,ask,YieldingYams,WavyWalnuts,12583921
2026-07-08T19:00:02.580505,2026-07-08T19:00:02.597457+00:00,149.9,200,ask,YieldingYams,WavyWalnuts,12583938
2026-07-08T19:00:05.021396,2026-07-08T19:00:05.025431+00:00,150.0,3,ask,WavyWalnuts,Xuanyu Liu,12583991
2026-07-08T19:00:05.625048,2026-07-08T19:00:05.636774+00:00,150.0,197,ask,WavyWalnuts,YieldingYams,12583997
2026-07-08T19:00:06.210736,2026-07-08T19:00:06.220788+00:00,149.9,200,bid,WavyWalnuts,YieldingYams,12584006
2026-07-08T19:00:06.666607,2026-07-08T19:00:06.670641+00:00,149.8,3,ask,AverageAlmonds,Xuanyu Liu,12584010
2026-07-08T19:00:06.957444,2026-07-08T19:00:06.961643+00:00,149.9,11,ask,YieldingYams,Xuanyu Liu,12584018
2026-07-08T19:00:07.438938,2026-07-08T19:00:07.442624+00:00,150.0,12,ask,WavyWalnuts,Xuanyu Liu,12584036
2026-07-08T19:00:09.775600,2026-07-08T19:00:09.779534+00:00,150.3,23,bid,Xuanyu Liu,WavyWalnuts,12584080
2026-07-08T19:00:10.900304,2026-07-08T19:00:10.904678+00:00,150.2,3,bid,Xuanyu Liu,YieldingYams,12584096
2026-07-08T19:00:11.059007,2026-07-08T19:00:11.069326+00:00,150.2,200,bid,WavyWalnuts,YieldingYams,12584098
2026-07-08T19:00:13.977134,2026-07-08T19:00:13.984732+00:00,150.1,20,ask,YieldingYams,BrilliantBurritos,12584144
2026-07-08T19:00:17.490486,2026-07-08T19:00:17.494293+00:00,150.1,3,ask,YieldingYams,Xuanyu Liu,12584202
2026-07-08T19:00:18.390142,2026-07-08T19:00:18.397284+00:00,150.1,200,ask,YieldingYams,WavyWalnuts,12584220
2026-07-08T19:00:19.597181,2026-07-08T19:00:19.604576+00:00,149.9,200,ask,YieldingYams,WavyWalnuts,12584243
2026-07-08T19:00:21.416604,2026-07-08T19:00:21.426533+00:00,149.9,200,ask,WavyWalnuts,YieldingYams,12584270
2026-07-08T19:00:24.038505,2026-07-08T19:00:24.049915+00:00,149.9,200,bid,YieldingYams,WavyWalnuts,12584318
2026-07-08T19:00:26.863512,2026-07-08T19:00:26.875248+00:00,150.0,200,ask,YieldingYams,WavyWalnuts,12584356
2026-07-08T19:00:28.077080,2026-07-08T19:00:28.085297+00:00,150.0,200,ask,YieldingYams,WavyWalnuts,12584381
2026-07-08T19:00:29.324807,2026-07-08T19:00:29.328792+00:00,150.0,3,bid,Xuanyu Liu,YieldingYams,12584401
2026-07-08T19:00:29.535066,2026-07-08T19:00:29.546845+00:00,150.0,20,bid,BrilliantBurritos,YieldingYams,12584402
2026-07-08T19:00:33.453621,2026-07-08T19:00:33.455202+00:00,149.9,20,bid,BrilliantBurritos,WavyWalnuts,12584459
2026-07-08T19:00:34.983995,2026-07-08T19:00:34.988813+00:00,149.8,3,ask,YieldingYams,Xuanyu Liu,12584484
2026-07-08T19:00:41.110073,2026-07-08T19:00:41.116761+00:00,149.8,200,ask,WavyWalnuts,YieldingYams,12584587
2026-07-08T19:00:42.484338,2026-07-08T19:00:42.494125+00:00,149.8,500,bid,AverageAlmonds,YieldingYams,12584599
2026-07-08T19:00:43.075696,2026-07-08T19:00:43.112276+00:00,149.8,125,bid,AverageAlmonds,YieldingYams,12584605
2026-07-08T19:00:43.108560,2026-07-08T19:00:43.112276+00:00,149.8,11,ask,AverageAlmonds,Xuanyu Liu,12584607
2026-07-08T19:00:43.746147,2026-07-08T19:00:43.770864+00:00,149.9,200,bid,YieldingYams,WavyWalnuts,12584626
2026-07-08T19:00:43.765911,2026-07-08T19:00:43.770864+00:00,149.9,12,ask,YieldingYams,Xuanyu Liu,12584628
2026-07-08T19:00:44.645283,2026-07-08T19:00:44.649805+00:00,150.0,23,bid,Xuanyu Liu,WavyWalnuts,12584643
2026-07-08T19:00:45.035069,2026-07-08T19:00:45.043174+00:00,149.9,200,ask,YieldingYams,WavyWalnuts,12584646
2026-07-08T19:00:48.146435,2026-07-08T19:00:48.163864+00:00,149.9,20,ask,YieldingYams,BrilliantBurritos,12584702
2026-07-08T19:00:49.768899,2026-07-08T19:00:49.772751+00:00,150.0,11,ask,AverageAlmonds,Xuanyu Liu,12584736
2026-07-08T19:00:49.903158,2026-07-08T19:00:49.914492+00:00,150.0,200,ask,AverageAlmonds,WavyWalnuts,12584742
2026-07-08T19:00:51.118484,2026-07-08T19:00:51.128948+00:00,150.0,200,ask,AverageAlmonds,WavyWalnuts,12584764
2026-07-08T19:00:51.585813,2026-07-08T19:00:51.594187+00:00,150.1,500,bid,AverageAlmonds,YieldingYams,12584774
2026-07-08T19:00:54.014537,2026-07-08T19:00:54.018533+00:00,150.2,12,ask,AverageAlmonds,Xuanyu Liu,12584824
2026-07-08T19:00:55.202565,2026-07-08T19:00:55.214572+00:00,150.3,500,bid,AverageAlmonds,YieldingYams,12584838
2026-07-08T19:00:55.800367,2026-07-08T19:00:55.808141+00:00,150.5,200,bid,AverageAlmonds,WavyWalnuts,12584849
2026-07-08T19:00:55.800367,2026-07-08T19:00:55.813427+00:00,150.5,300,bid,AverageAlmonds,YieldingYams,12584850
2026-07-08T19:00:55.976494,2026-07-08T19:00:55.980365+00:00,150.4,11,ask,WavyWalnuts,Xuanyu Liu,12584855
2026-07-08T19:00:56.403034,2026-07-08T19:00:56.434198+00:00,150.5,325,bid,AverageAlmonds,YieldingYams,12584870
2026-07-08T19:00:56.430437,2026-07-08T19:00:56.434198+00:00,150.5,12,ask,AverageAlmonds,Xuanyu Liu,12584872
2026-07-08T19:00:56.897699,2026-07-08T19:00:56.901527+00:00,150.6,11,ask,YieldingYams,Xuanyu Liu,12584879
2026-07-08T19:01:01.307788,2026-07-08T19:01:01.316253+00:00,150.7,20,ask,YieldingYams,BrilliantBurritos,12584948
2026-07-08T19:01:02.044971,2026-07-08T19:01:02.058641+00:00,150.7,200,ask,YieldingYams,WavyWalnuts,12584955
2026-07-08T19:01:02.147594,2026-07-08T19:01:02.169720+00:00,150.6,500,ask,AverageAlmonds,YieldingYams,12584962
2026-07-08T19:01:02.165419,2026-07-08T19:01:02.169720+00:00,150.6,23,bid,Xuanyu Liu,YieldingYams,12584964
2026-07-08T19:01:02.457374,2026-07-08T19:01:02.466705+00:00,150.6,102,bid,AverageAlmonds,YieldingYams,12584974
2026-07-08T19:01:03.454090,2026-07-08T19:01:03.458582+00:00,150.8,200,bid,YieldingYams,WavyWalnuts,12584997
2026-07-08T19:01:04.458175,2026-07-08T19:01:04.469739+00:00,150.8,200,ask,YieldingYams,WavyWalnuts,12585015
2026-07-08T19:01:04.785440,2026-07-08T19:01:04.789961+00:00,150.8,23,bid,Xuanyu Liu,YieldingYams,12585023
2026-07-08T19:01:06.087581,2026-07-08T19:01:06.091442+00:00,150.7,11,bid,Xuanyu Liu,YieldingYams,12585047
2026-07-08T19:01:07.942145,2026-07-08T19:01:07.949631+00:00,150.6,20,ask,WavyWalnuts,BrilliantBurritos,12585079
2026-07-08T19:01:08.081639,2026-07-08T19:01:08.089138+00:00,150.7,200,bid,WavyWalnuts,YieldingYams,12585081
2026-07-08T19:01:09.288880,2026-07-08T19:01:09.298601+00:00,150.7,200,bid,WavyWalnuts,YieldingYams,12585092
2026-07-08T19:01:13.940473,2026-07-08T19:01:13.958607+00:00,150.6,500,ask,AverageAlmonds,YieldingYams,12585152
2026-07-08T19:01:13.975031,2026-07-08T19:01:13.983369+00:00,150.6,125,bid,AverageAlmonds,YieldingYams,12585153
2026-07-08T19:01:13.975031,2026-07-08T19:01:13.988588+00:00,150.7,200,bid,AverageAlmonds,WavyWalnuts,12585154
2026-07-08T19:01:14.127585,2026-07-08T19:01:14.137803+00:00,150.7,175,ask,AverageAlmonds,WavyWalnuts,12585156
2026-07-08T19:01:14.570813,2026-07-08T19:01:14.579736+00:00,150.7,25,bid,AverageAlmonds,WavyWalnuts,12585166
2026-07-08T19:01:15.335401,2026-07-08T19:01:15.342509+00:00,150.9,200,ask,YieldingYams,WavyWalnuts,12585181
2026-07-08T19:01:16.544288,2026-07-08T19:01:16.555093+00:00,150.9,200,ask,YieldingYams,WavyWalnuts,12585196
2026-07-08T19:01:20.174215,2026-07-08T19:01:20.180920+00:00,150.9,20,ask,YieldingYams,BrilliantBurritos,12585253
2026-07-08T19:01:20.503751,2026-07-08T19:01:20.512552+00:00,151.0,200,bid,YieldingYams,WavyWalnuts,12585255
2026-07-08T19:01:22.595490,2026-07-08T19:01:22.605579+00:00,151.1,200,bid,WavyWalnuts,YieldingYams,12585301
2026-07-08T19:01:23.137181,2026-07-08T19:01:23.141115+00:00,151.0,11,ask,YieldingYams,Xuanyu Liu,12585311
2026-07-08T19:01:23.807806,2026-07-08T19:01:23.814466+00:00,151.0,200,ask,YieldingYams,WavyWalnuts,12585326
2026-07-08T19:01:25.785390,2026-07-08T19:01:25.789443+00:00,150.9,12,ask,WavyWalnuts,Xuanyu Liu,12585364
2026-07-08T19:01:26.231639,2026-07-08T19:01:26.241539+00:00,151.1,200,bid,WavyWalnuts,YieldingYams,12585382
2026-07-08T19:01:27.439870,2026-07-08T19:01:27.447949+00:00,151.1,200,bid,WavyWalnuts,YieldingYams,12585398
2026-07-08T19:01:28.397505,2026-07-08T19:01:28.401276+00:00,151.1,23,ask,YieldingYams,Xuanyu Liu,12585411
2026-07-08T19:01:28.656565,2026-07-08T19:01:28.663672+00:00,151.1,200,ask,YieldingYams,WavyWalnuts,12585417
2026-07-08T19:01:32.283179,2026-07-08T19:01:32.292100+00:00,151.1,200,bid,WavyWalnuts,YieldingYams,12585464
2026-07-08T19:01:37.117031,2026-07-08T19:01:37.126438+00:00,150.9,200,ask,YieldingYams,WavyWalnuts,12585547
2026-07-08T19:01:38.883335,2026-07-08T19:01:38.890352+00:00,150.7,200,ask,WavyWalnuts,YieldingYams,12585591
2026-07-08T19:01:38.883335,2026-07-08T19:01:38.895346+00:00,150.7,425,ask,AverageAlmonds,YieldingYams,12585592
2026-07-08T19:01:39.126450,2026-07-08T19:01:39.138317+00:00,150.9,20,bid,BrilliantBurritos,WavyWalnuts,12585594
2026-07-08T19:01:40.044592,2026-07-08T19:01:40.052279+00:00,150.7,200,bid,AverageAlmonds,WavyWalnuts,12585606
2026-07-08T19:01:41.512688,2026-07-08T19:01:41.519896+00:00,150.9,200,bid,YieldingYams,WavyWalnuts,12585627
2026-07-08T19:01:41.606786,2026-07-08T19:01:41.611483+00:00,151.0,34,ask,YieldingYams,Xuanyu Liu,12585632
2026-07-08T19:01:41.947156,2026-07-08T19:01:41.958555+00:00,151.0,200,ask,YieldingYams,WavyWalnuts,12585642
2026-07-08T19:01:43.221912,2026-07-08T19:01:43.236583+00:00,150.8,20,bid,BrilliantBurritos,YieldingYams,12585674
2026-07-08T19:01:43.661590,2026-07-08T19:01:43.669059+00:00,150.8,500,bid,AverageAlmonds,YieldingYams,12585679
2026-07-08T19:01:44.134793,2026-07-08T19:01:44.089524+00:00,150.8,200,bid,YieldingYams,WavyWalnuts,12585684
2026-07-08T19:01:44.580097,2026-07-08T19:01:44.584026+00:00,151.0,12,bid,Xuanyu Liu,WavyWalnuts,12585694
2026-07-08T19:01:47.687632,2026-07-08T19:01:47.691003+00:00,151.2,11,bid,Xuanyu Liu,YieldingYams,12585733
2026-07-08T19:01:47.877933,2026-07-08T19:01:47.881398+00:00,151.2,23,bid,Xuanyu Liu,YieldingYams,12585736
2026-07-08T19:01:49.835248,2026-07-08T19:01:49.844020+00:00,151.2,20,bid,BrilliantBurritos,YieldingYams,12585771
2026-07-08T19:01:50.688213,2026-07-08T19:01:50.698909+00:00,151.1,200,ask,WavyWalnuts,YieldingYams,12585778
2026-07-08T19:01:50.704991,2026-07-08T19:01:50.709032+00:00,151.1,11,bid,Xuanyu Liu,YieldingYams,12585780
2026-07-08T19:01:51.627791,2026-07-08T19:01:51.632381+00:00,151.0,11,ask,WavyWalnuts,Xuanyu Liu,12585797
2026-07-08T19:01:52.019017,2026-07-08T19:01:52.022877+00:00,151.1,12,ask,YieldingYams,Xuanyu Liu,12585804
2026-07-08T19:01:53.312054,2026-07-08T19:01:53.319168+00:00,151.2,500,bid,YieldingYams,AverageAlmonds,12585830
2026-07-08T19:01:53.312054,2026-07-08T19:01:53.324416+00:00,151.2,125,bid,YieldingYams,WavyWalnuts,12585831
2026-07-08T19:01:57.255875,2026-07-08T19:01:57.264183+00:00,150.9,200,bid,YieldingYams,WavyWalnuts,12585891
2026-07-08T19:02:01.302150,2026-07-08T19:02:01.306110+00:00,151.2,22,ask,WavyWalnuts,Xuanyu Liu,12585941
2026-07-08T19:02:02.065974,2026-07-08T19:02:02.078629+00:00,151.3,20,bid,BrilliantBurritos,YieldingYams,12585952
2026-07-08T19:02:02.491854,2026-07-08T19:02:02.501781+00:00,151.3,200,bid,WavyWalnuts,YieldingYams,12585964
2026-07-08T19:02:03.694688,2026-07-08T19:02:03.698822+00:00,151.4,11,bid,Xuanyu Liu,YieldingYams,12585984
2026-07-08T19:02:05.146663,2026-07-08T19:02:05.150352+00:00,151.3,11,bid,Xuanyu Liu,YieldingYams,12586001
2026-07-08T19:02:06.706300,2026-07-08T19:02:06.710363+00:00,151.3,12,bid,Xuanyu Liu,WavyWalnuts,12586030
2026-07-08T19:02:10.401855,2026-07-08T19:02:10.406058+00:00,151.1,11,bid,Xuanyu Liu,YieldingYams,12586095
2026-07-08T19:02:10.969095,2026-07-08T19:02:10.979193+00:00,151.1,200,bid,WavyWalnuts,YieldingYams,12586104
2026-07-08T19:02:11.174056,2026-07-08T19:02:11.186037+00:00,151.1,20,bid,BrilliantBurritos,YieldingYams,12586106
2026-07-08T19:02:14.320170,2026-07-08T19:02:14.350340+00:00,151.0,200,ask,WavyWalnuts,YieldingYams,12586164
2026-07-08T19:02:14.341191,2026-07-08T19:02:14.350340+00:00,151.0,12,bid,Xuanyu Liu,YieldingYams,12586166
2026-07-08T19:02:18.501795,2026-07-08T19:02:18.508666+00:00,151.0,20,bid,BrilliantBurritos,YieldingYams,12586242
2026-07-08T19:02:20.279316,2026-07-08T19:02:20.291171+00:00,151.1,20,bid,BrilliantBurritos,WavyWalnuts,12586268
2026-07-08T19:02:22.206441,2026-07-08T19:02:22.216200+00:00,151.1,200,ask,WavyWalnuts,YieldingYams,12586301
2026-07-08T19:02:22.485766,2026-07-08T19:02:22.489760+00:00,151.1,11,bid,Xuanyu Liu,YieldingYams,12586306
2026-07-08T19:02:24.113506,2026-07-08T19:02:24.124689+00:00,151.0,20,ask,YieldingYams,BrilliantBurritos,12586324
2026-07-08T19:02:25.665866,2026-07-08T19:02:25.670363+00:00,151.1,3,bid,Xuanyu Liu,YieldingYams,12586352
2026-07-08T19:02:26.737291,2026-07-08T19:02:26.752945+00:00,151.0,20,ask,WavyWalnuts,BrilliantBurritos,12586371
2026-07-08T19:02:27.954174,2026-07-08T19:02:27.958557+00:00,151.0,200,ask,YieldingYams,WavyWalnuts,12586388
2026-07-08T19:02:29.188654,2026-07-08T19:02:29.192782+00:00,151.1,3,bid,Xuanyu Liu,WavyWalnuts,12586406
2026-07-08T19:02:30.002458,2026-07-08T19:02:30.014329+00:00,151.0,20,ask,YieldingYams,BrilliantBurritos,12586415
2026-07-08T19:02:30.079567,2026-07-08T19:02:30.091243+00:00,151.1,197,bid,YieldingYams,WavyWalnuts,12586419
2026-07-08T19:02:30.378455,2026-07-08T19:02:30.389747+00:00,151.1,200,ask,YieldingYams,WavyWalnuts,12586424
2026-07-08T19:02:31.023061,2026-07-08T19:02:31.030550+00:00,151.3,20,bid,BrilliantBurritos,YieldingYams,12586436
2026-07-08T19:02:31.585955,2026-07-08T19:02:31.594960+00:00,151.1,200,bid,WavyWalnuts,YieldingYams,12586448
2026-07-08T19:02:32.321928,2026-07-08T19:02:32.333805+00:00,150.9,20,ask,YieldingYams,BrilliantBurritos,12586454
2026-07-08T19:02:32.745906,2026-07-08T19:02:32.749750+00:00,151.0,3,ask,YieldingYams,Xuanyu Liu,12586461
2026-07-08T19:02:35.319964,2026-07-08T19:02:35.323907+00:00,151.3,3,bid,Xuanyu Liu,YieldingYams,12586516
2026-07-08T19:02:36.463876,2026-07-08T19:02:36.467295+00:00,151.2,11,bid,Xuanyu Liu,WavyWalnuts,12586537
2026-07-08T19:02:37.974618,2026-07-08T19:02:37.978342+00:00,151.1,12,bid,Xuanyu Liu,YieldingYams,12586569
2026-07-08T19:02:38.541656,2026-07-08T19:02:38.545550+00:00,151.0,12,ask,WavyWalnuts,Xuanyu Liu,12586587
2026-07-08T19:02:43.196062,2026-07-08T19:02:43.217533+00:00,151.1,200,bid,YieldingYams,WavyWalnuts,12586645
2026-07-08T19:02:43.213669,2026-07-08T19:02:43.217533+00:00,151.1,11,ask,YieldingYams,Xuanyu Liu,12586647
2026-07-08T19:02:43.703717,2026-07-08T19:02:43.710899+00:00,151.1,200,ask,YieldingYams,WavyWalnuts,12586654
2026-07-08T19:02:44.912473,2026-07-08T19:02:44.923340+00:00,151.0,200,bid,WavyWalnuts,YieldingYams,12586677
2026-07-08T19:02:45.851528,2026-07-08T19:02:45.855176+00:00,151.0,3,ask,YieldingYams,Xuanyu Liu,12586694
2026-07-08T19:02:49.743227,2026-07-08T19:02:49.750751+00:00,151.2,200,bid,WavyWalnuts,YieldingYams,12586745
2026-07-08T19:02:51.088954,2026-07-08T19:02:51.095925+00:00,151.2,200,ask,WavyWalnuts,YieldingYams,12586768
2026-07-08T19:02:51.106229,2026-07-08T19:02:51.109666+00:00,151.0,14,bid,Xuanyu Liu,YieldingYams,12586770
2026-07-08T19:02:52.160628,2026-07-08T19:02:52.170516+00:00,151.0,200,bid,WavyWalnuts,YieldingYams,12586795
2026-07-08T19:02:57.632553,2026-07-08T19:02:57.640679+00:00,150.9,200,bid,YieldingYams,WavyWalnuts,12586880
2026-07-08T19:02:59.434535,2026-07-08T19:02:59.441927+00:00,151.0,200,bid,WavyWalnuts,YieldingYams,12586912
2026-07-08T19:03:04.184128,2026-07-08T19:03:04.207969+00:00,150.9,200,ask,WavyWalnuts,YieldingYams,12586982
2026-07-08T19:03:04.203532,2026-07-08T19:03:04.207969+00:00,150.9,12,bid,Xuanyu Liu,YieldingYams,12586984
2026-07-08T19:03:05.089298,2026-07-08T19:03:05.100855+00:00,150.9,20,bid,BrilliantBurritos,YieldingYams,12587002
2026-07-08T19:03:06.957568,2026-07-08T19:03:06.962027+00:00,150.7,11,bid,Xuanyu Liu,YieldingYams,12587032
2026-07-08T19:03:07.932911,2026-07-08T19:03:07.943409+00:00,150.7,200,bid,WavyWalnuts,YieldingYams,12587048
2026-07-08T19:03:09.069144,2026-07-08T19:03:09.077302+00:00,150.8,500,bid,AverageAlmonds,YieldingYams,12587067
2026-07-08T19:03:09.147969,2026-07-08T19:03:09.163779+00:00,150.8,125,bid,WavyWalnuts,YieldingYams,12587068
2026-07-08T19:03:09.438757,2026-07-08T19:03:09.447164+00:00,151.0,200,bid,YieldingYams,WavyWalnuts,12587078
2026-07-08T19:03:10.361291,2026-07-08T19:03:10.370838+00:00,151.0,200,ask,YieldingYams,WavyWalnuts,12587092
2026-07-08T19:03:11.585609,2026-07-08T19:03:11.589280+00:00,151.0,12,bid,Xuanyu Liu,WavyWalnuts,12587120
2026-07-08T19:03:12.059458,2026-07-08T19:03:12.069850+00:00,151.0,188,bid,YieldingYams,WavyWalnuts,12587128
2026-07-08T19:03:12.781594,2026-07-08T19:03:12.790728+00:00,151.1,200,ask,YieldingYams,WavyWalnuts,12587145
2026-07-08T19:03:13.700267,2026-07-08T19:03:13.712026+00:00,151.0,20,bid,BrilliantBurritos,YieldingYams,12587162
2026-07-08T19:03:13.989304,2026-07-08T19:03:13.997300+00:00,151.0,200,bid,WavyWalnuts,YieldingYams,12587170
2026-07-08T19:03:16.410838,2026-07-08T19:03:16.419574+00:00,151.0,200,bid,WavyWalnuts,YieldingYams,12587216
2026-07-08T19:03:16.960826,2026-07-08T19:03:16.968687+00:00,151.0,425,bid,AverageAlmonds,YieldingYams,12587224
2026-07-08T19:03:19.096911,2026-07-08T19:03:19.108746+00:00,151.1,20,bid,BrilliantBurritos,WavyWalnuts,12587258
2026-07-08T19:03:22.340264,2026-07-08T19:03:22.351939+00:00,151.1,20,bid,BrilliantBurritos,YieldingYams,12587321
2026-07-08T19:03:27.844536,2026-07-08T19:03:27.858614+00:00,151.0,200,bid,YieldingYams,WavyWalnuts,12587408
2026-07-08T19:03:29.745244,2026-07-08T19:03:29.758589+00:00,151.1,200,bid,WavyWalnuts,YieldingYams,12587446
2026-07-08T19:03:30.481415,2026-07-08T19:03:30.485404+00:00,151.0,12,ask,YieldingYams,Xuanyu Liu,12587460
2026-07-08T19:03:32.185017,2026-07-08T19:03:32.188702+00:00,151.0,11,ask,YieldingYams,Xuanyu Liu,12587486
2026-07-08T19:03:33.096364,2026-07-08T19:03:33.100188+00:00,151.1,12,ask,YieldingYams,Xuanyu Liu,12587494
2026-07-08T19:03:33.392182,2026-07-08T19:03:33.396313+00:00,151.2,11,ask,WavyWalnuts,Xuanyu Liu,12587499
2026-07-08T19:03:34.387113,2026-07-08T19:03:34.398370+00:00,151.2,189,ask,WavyWalnuts,YieldingYams,12587515
2026-07-08T19:03:34.583732,2026-07-08T19:03:34.593611+00:00,151.2,200,bid,WavyWalnuts,YieldingYams,12587519
2026-07-08T19:03:34.694284,2026-07-08T19:03:34.706250+00:00,150.9,20,ask,YieldingYams,BrilliantBurritos,12587522
2026-07-08T19:03:35.743529,2026-07-08T19:03:35.747526+00:00,151.0,3,ask,YieldingYams,Xuanyu Liu,12587538
2026-07-08T19:03:35.793267,2026-07-08T19:03:35.804136+00:00,151.3,200,bid,WavyWalnuts,YieldingYams,12587541
2026-07-08T19:03:38.583713,2026-07-08T19:03:38.591451+00:00,151.4,20,bid,BrilliantBurritos,WavyWalnuts,12587580
2026-07-08T19:03:42.271964,2026-07-08T19:03:42.279718+00:00,151.3,200,bid,YieldingYams,WavyWalnuts,12587647
2026-07-08T19:03:43.630116,2026-07-08T19:03:43.634035+00:00,151.4,3,ask,AverageAlmonds,Xuanyu Liu,12587671
2026-07-08T19:03:43.649386,2026-07-08T19:03:43.660092+00:00,151.4,497,ask,AverageAlmonds,YieldingYams,12587674
2026-07-08T19:03:43.649386,2026-07-08T19:03:43.660092+00:00,151.3,128,ask,WavyWalnuts,YieldingYams,12587675
2026-07-08T19:03:44.184270,2026-07-08T19:03:44.195463+00:00,151.5,200,bid,AverageAlmonds,WavyWalnuts,12587685
2026-07-08T19:03:44.228533,2026-07-08T19:03:44.232660+00:00,151.5,11,ask,AverageAlmonds,Xuanyu Liu,12587689
2026-07-08T19:03:44.956294,2026-07-08T19:03:44.965194+00:00,151.8,11,bid,Xuanyu Liu,WavyWalnuts,12587709
2026-07-08T19:03:46.297256,2026-07-08T19:03:46.301964+00:00,151.7,3,bid,Xuanyu Liu,YieldingYams,12587727
2026-07-08T19:03:46.389022,2026-07-08T19:03:46.399815+00:00,151.7,20,bid,BrilliantBurritos,YieldingYams,12587732
2026-07-08T19:03:47.234235,2026-07-08T19:03:47.236869+00:00,151.7,500,bid,AverageAlmonds,YieldingYams,12587741
2026-07-08T19:03:47.830245,2026-07-08T19:03:47.838652+00:00,151.8,200,bid,AverageAlmonds,WavyWalnuts,12587748
2026-07-08T19:03:47.830245,2026-07-08T19:03:47.838652+00:00,151.8,300,bid,AverageAlmonds,YieldingYams,12587749
2026-07-08T19:03:48.432999,2026-07-08T19:03:48.441990+00:00,151.8,325,bid,AverageAlmonds,YieldingYams,12587763
2026-07-08T19:03:48.899540,2026-07-08T19:03:48.914218+00:00,151.9,200,bid,YieldingYams,WavyWalnuts,12587768
2026-07-08T19:03:48.920196,2026-07-08T19:03:48.924073+00:00,152.0,14,ask,YieldingYams,Xuanyu Liu,12587770
2026-07-08T19:03:49.099658,2026-07-08T19:03:49.109834+00:00,152.0,200,ask,YieldingYams,WavyWalnuts,12587777
2026-07-08T19:03:52.660968,2026-07-08T19:03:52.669173+00:00,152.0,200,bid,AverageAlmonds,WavyWalnuts,12587831
2026-07-08T19:03:52.735368,2026-07-08T19:03:52.745175+00:00,152.0,200,ask,AverageAlmonds,WavyWalnuts,12587834
2026-07-08T19:03:54.991550,2026-07-08T19:03:55.003494+00:00,152.2,20,bid,BrilliantBurritos,WavyWalnuts,12587869
2026-07-08T19:03:55.108622,2026-07-08T19:03:55.119526+00:00,152.2,180,bid,AverageAlmonds,WavyWalnuts,12587871
2026-07-08T19:03:56.367007,2026-07-08T19:03:56.375143+00:00,152.2,200,ask,AverageAlmonds,WavyWalnuts,12587893
2026-07-08T19:03:56.767942,2026-07-08T19:03:56.775115+00:00,152.2,300,ask,AverageAlmonds,YieldingYams,12587899
2026-07-08T19:03:56.906815,2026-07-08T19:03:56.916637+00:00,152.1,325,bid,AverageAlmonds,YieldingYams,12587900
2026-07-08T19:03:57.591004,2026-07-08T19:03:57.595038+00:00,152.2,14,bid,Xuanyu Liu,WavyWalnuts,12587912
2026-07-08T19:03:58.073957,2026-07-08T19:03:58.080355+00:00,152.2,186,bid,YieldingYams,WavyWalnuts,12587925
2026-07-08T19:04:00.651530,2026-07-08T19:04:00.655498+00:00,152.2,14,ask,WavyWalnuts,Xuanyu Liu,12587958
2026-07-08T19:04:00.825063,2026-07-08T19:04:00.828912+00:00,152.2,12,ask,WavyWalnuts,Xuanyu Liu,12587965
2026-07-08T19:04:02.438352,2026-07-08T19:04:02.442191+00:00,152.3,11,ask,WavyWalnuts,Xuanyu Liu,12588006
2026-07-08T19:04:08.840976,2026-07-08T19:04:08.851468+00:00,152.2,20,ask,YieldingYams,BrilliantBurritos,12588101
2026-07-08T19:04:09.716292,2026-07-08T19:04:09.724230+00:00,152.2,200,ask,YieldingYams,WavyWalnuts,12588119
2026-07-08T19:04:10.319971,2026-07-08T19:04:10.323628+00:00,152.2,12,ask,AverageAlmonds,Xuanyu Liu,12588129
2026-07-08T19:04:12.076481,2026-07-08T19:04:12.084591+00:00,152.3,500,bid,AverageAlmonds,YieldingYams,12588162
2026-07-08T19:04:13.366979,2026-07-08T19:04:13.371268+00:00,152.3,11,ask,WavyWalnuts,Xuanyu Liu,12588187
2026-07-08T19:04:15.218441,2026-07-08T19:04:15.251601+00:00,152.4,200,bid,YieldingYams,WavyWalnuts,12588219
2026-07-08T19:04:16.989519,2026-07-08T19:04:16.999121+00:00,152.3,200,ask,YieldingYams,WavyWalnuts,12588253
2026-07-08T19:04:19.167910,2026-07-08T19:04:19.174382+00:00,152.5,200,bid,YieldingYams,WavyWalnuts,12588290
2026-07-08T19:04:19.408671,2026-07-08T19:04:19.415565+00:00,152.5,200,ask,YieldingYams,WavyWalnuts,12588295
2026-07-08T19:04:20.618129,2026-07-08T19:04:20.629147+00:00,152.5,200,bid,WavyWalnuts,YieldingYams,12588311
2026-07-08T19:04:26.693511,2026-07-08T19:04:26.696905+00:00,152.4,11,ask,WavyWalnuts,Xuanyu Liu,12588404
2026-07-08T19:04:27.296187,2026-07-08T19:04:27.307971+00:00,152.6,20,bid,BrilliantBurritos,WavyWalnuts,12588411
2026-07-08T19:04:27.907779,2026-07-08T19:04:27.912303+00:00,152.6,23,ask,WavyWalnuts,Xuanyu Liu,12588430
2026-07-08T19:04:28.346439,2026-07-08T19:04:28.353628+00:00,152.6,177,ask,WavyWalnuts,YieldingYams,12588440
2026-07-08T19:04:29.670577,2026-07-08T19:04:29.679930+00:00,152.5,200,bid,YieldingYams,WavyWalnuts,12588464
2026-07-08T19:04:32.716556,2026-07-08T19:04:32.724969+00:00,152.7,200,bid,WavyWalnuts,YieldingYams,12588506
2026-07-08T19:04:33.256061,2026-07-08T19:04:33.257477+00:00,152.7,425,bid,AverageAlmonds,YieldingYams,12588511
2026-07-08T19:04:33.602993,2026-07-08T19:04:33.609877+00:00,152.9,200,bid,YieldingYams,WavyWalnuts,12588522
2026-07-08T19:04:33.924784,2026-07-08T19:04:33.932828+00:00,152.9,200,ask,YieldingYams,WavyWalnuts,12588526
2026-07-08T19:04:35.665365,2026-07-08T19:04:35.669529+00:00,152.9,50,bid,Xuanyu Liu,YieldingYams,12588556
2026-07-08T19:04:39.975517,2026-07-08T19:04:39.982166+00:00,153.0,200,bid,WavyWalnuts,YieldingYams,12588622
2026-07-08T19:04:40.172698,2026-07-08T19:04:40.179492+00:00,152.9,500,ask,AverageAlmonds,YieldingYams,12588625
2026-07-08T19:04:41.185472,2026-07-08T19:04:41.195488+00:00,152.9,125,bid,WavyWalnuts,YieldingYams,12588641
2026-07-08T19:04:42.406676,2026-07-08T19:04:42.416185+00:00,152.9,200,ask,YieldingYams,WavyWalnuts,12588673
2026-07-08T19:04:44.840378,2026-07-08T19:04:44.844813+00:00,152.9,7,bid,Xuanyu Liu,WavyWalnuts,12588710
2026-07-08T19:04:50.708341,2026-07-08T19:04:50.715947+00:00,153.0,200,bid,YieldingYams,WavyWalnuts,12588805
2026-07-08T19:04:50.896030,2026-07-08T19:04:50.903843+00:00,153.0,200,ask,YieldingYams,WavyWalnuts,12588807
2026-07-08T19:04:52.104985,2026-07-08T19:04:52.115504+00:00,153.0,200,bid,WavyWalnuts,YieldingYams,12588826
2026-07-08T19:04:52.654191,2026-07-08T19:04:52.664113+00:00,153.0,425,bid,AverageAlmonds,YieldingYams,12588835
2026-07-08T19:04:53.333908,2026-07-08T19:04:53.343927+00:00,153.0,200,ask,AverageAlmonds,WavyWalnuts,12588846
2026-07-08T19:04:54.548506,2026-07-08T19:04:54.563787+00:00,153.0,200,ask,YieldingYams,WavyWalnuts,12588867
2026-07-08T19:04:54.663665,2026-07-08T19:04:54.667031+00:00,153.1,11,bid,Xuanyu Liu,YieldingYams,12588873
2026-07-08T19:04:55.687612,2026-07-08T19:04:55.695666+00:00,153.1,500,bid,AverageAlmonds,YieldingYams,12588889
2026-07-08T19:04:55.765920,2026-07-08T19:04:55.769623+00:00,153.0,12,bid,Xuanyu Liu,WavyWalnuts,12588893
2026-07-08T19:04:55.959605,2026-07-08T19:04:55.969748+00:00,153.0,188,bid,YieldingYams,WavyWalnuts,12588899
2026-07-08T19:04:56.895097,2026-07-08T19:04:56.906125+00:00,153.4,500,bid,AverageAlmonds,YieldingYams,12588910
2026-07-08T19:04:56.960896,2026-07-08T19:04:56.969417+00:00,153.2,200,ask,YieldingYams,WavyWalnuts,12588912
2026-07-08T19:04:57.487503,2026-07-08T19:04:57.497656+00:00,153.3,500,bid,AverageAlmonds,YieldingYams,12588922
2026-07-08T19:04:58.091599,2026-07-08T19:04:58.099895+00:00,153.3,125,bid,AverageAlmonds,YieldingYams,12588931
2026-07-08T19:04:58.123249,2026-07-08T19:04:58.126917+00:00,153.5,23,ask,AverageAlmonds,Xuanyu Liu,12588935
2026-07-08T19:04:58.171599,2026-07-08T19:04:58.182637+00:00,153.5,200,ask,AverageAlmonds,WavyWalnuts,12588937
2026-07-08T19:04:58.703129,2026-07-08T19:04:58.713181+00:00,153.6,500,bid,AverageAlmonds,YieldingYams,12588951
2026-07-08T19:04:59.294813,2026-07-08T19:04:59.304953+00:00,153.6,125,bid,AverageAlmonds,YieldingYams,12588958
2026-07-08T19:04:59.324301,2026-07-08T19:04:59.328186+00:00,153.6,12,ask,AverageAlmonds,Xuanyu Liu,12588961
2026-07-08T19:04:59.378667,2026-07-08T19:04:59.385362+00:00,153.6,200,ask,AverageAlmonds,WavyWalnuts,12588963
2026-07-08T19:04:59.950806,2026-07-08T19:04:59.954526+00:00,153.7,11,ask,AverageAlmonds,Xuanyu Liu,12588976
2026-07-08T19:05:00.537479,2026-07-08T19:05:00.544863+00:00,153.9,500,bid,AverageAlmonds,YieldingYams,12588984
2026-07-08T19:05:00.585761,2026-07-08T19:05:00.596117+00:00,153.6,200,ask,YieldingYams,WavyWalnuts,12588985
2026-07-08T19:05:00.790604,2026-07-08T19:05:00.793982+00:00,153.9,11,bid,Xuanyu Liu,YieldingYams,12588987
2026-07-08T19:05:00.965629,2026-07-08T19:05:00.970197+00:00,153.9,46,bid,Xuanyu Liu,YieldingYams,12588991
2026-07-08T19:05:01.132841,2026-07-08T19:05:01.141585+00:00,153.9,68,bid,AverageAlmonds,YieldingYams,12588998
2026-07-08T19:05:01.794058,2026-07-08T19:05:01.802660+00:00,153.9,200,ask,YieldingYams,WavyWalnuts,12589013
2026-07-08T19:05:02.540313,2026-07-08T19:05:02.544026+00:00,154.1,11,ask,YieldingYams,Xuanyu Liu,12589028
2026-07-08T19:05:03.003531,2026-07-08T19:05:03.011596+00:00,154.1,200,ask,YieldingYams,WavyWalnuts,12589036
2026-07-08T19:05:04.211329,2026-07-08T19:05:04.223082+00:00,154.1,200,ask,YieldingYams,WavyWalnuts,12589055
2026-07-08T19:05:05.428105,2026-07-08T19:05:05.438802+00:00,154.1,200,ask,YieldingYams,WavyWalnuts,12589068
2026-07-08T19:05:06.637610,2026-07-08T19:05:06.646095+00:00,154.0,200,ask,YieldingYams,WavyWalnuts,12589078
2026-07-08T19:05:07.813807,2026-07-08T19:05:07.817694+00:00,154.0,14,bid,Xuanyu Liu,YieldingYams,12589106
2026-07-08T19:05:07.843596,2026-07-08T19:05:07.854595+00:00,153.8,200,ask,YieldingYams,WavyWalnuts,12589108
2026-07-08T19:05:09.054335,2026-07-08T19:05:09.057894+00:00,153.8,200,ask,YieldingYams,WavyWalnuts,12589121
2026-07-08T19:05:09.091022,2026-07-08T19:05:09.102402+00:00,153.8,500,ask,AverageAlmonds,YieldingYams,12589126
2026-07-08T19:05:09.109292,2026-07-08T19:05:09.113524+00:00,153.7,14,bid,Xuanyu Liu,YieldingYams,12589128
2026-07-08T19:05:09.596300,2026-07-08T19:05:09.603295+00:00,153.7,111,bid,AverageAlmonds,YieldingYams,12589135
2026-07-08T19:05:10.263886,2026-07-08T19:05:10.275360+00:00,153.8,200,ask,AverageAlmonds,WavyWalnuts,12589150
2026-07-08T19:05:10.398989,2026-07-08T19:05:10.408994+00:00,153.8,300,ask,AverageAlmonds,YieldingYams,12589155
2026-07-08T19:05:10.799521,2026-07-08T19:05:10.809904+00:00,153.8,325,bid,AverageAlmonds,YieldingYams,12589159
2026-07-08T19:05:11.475209,2026-07-08T19:05:11.483630+00:00,153.8,200,ask,AverageAlmonds,WavyWalnuts,12589164
2026-07-08T19:05:12.684895,2026-07-08T19:05:12.695193+00:00,154.0,200,ask,YieldingYams,WavyWalnuts,12589185
2026-07-08T19:05:13.895200,2026-07-08T19:05:13.902112+00:00,154.0,200,ask,AverageAlmonds,WavyWalnuts,12589195
2026-07-08T19:05:15.058446,2026-07-08T19:05:15.069706+00:00,154.1,500,bid,AverageAlmonds,YieldingYams,12589226
2026-07-08T19:05:15.105025,2026-07-08T19:05:15.116411+00:00,153.9,200,ask,YieldingYams,WavyWalnuts,12589227
2026-07-08T19:05:15.723981,2026-07-08T19:05:15.728013+00:00,154.1,11,ask,AverageAlmonds,Xuanyu Liu,12589241
2026-07-08T19:05:16.313793,2026-07-08T19:05:16.321170+00:00,154.1,200,ask,YieldingYams,WavyWalnuts,12589244
2026-07-08T19:05:17.025790,2026-07-08T19:05:17.033734+00:00,154.0,500,ask,AverageAlmonds,YieldingYams,12589262
2026-07-08T19:05:17.040014,2026-07-08T19:05:17.043730+00:00,154.0,23,bid,Xuanyu Liu,YieldingYams,12589264
2026-07-08T19:05:17.459974,2026-07-08T19:05:17.471135+00:00,154.0,102,bid,AverageAlmonds,YieldingYams,12589270
2026-07-08T19:05:18.331990,2026-07-08T19:05:18.353590+00:00,154.1,200,bid,YieldingYams,WavyWalnuts,12589286
2026-07-08T19:05:18.349778,2026-07-08T19:05:18.353590+00:00,154.2,12,ask,YieldingYams,Xuanyu Liu,12589288
2026-07-08T19:05:24.789292,2026-07-08T19:05:24.800330+00:00,154.0,200,ask,YieldingYams,WavyWalnuts,12589364
2026-07-08T19:05:26.002827,2026-07-08T19:05:26.011340+00:00,153.9,200,ask,YieldingYams,WavyWalnuts,12589379
2026-07-08T19:05:29.220145,2026-07-08T19:05:29.224730+00:00,154.1,12,bid,Xuanyu Liu,WavyWalnuts,12589413
2026-07-08T19:05:30.147200,2026-07-08T19:05:30.167869+00:00,154.0,500,ask,AverageAlmonds,YieldingYams,12589421
2026-07-08T19:05:30.163976,2026-07-08T19:05:30.167869+00:00,154.0,11,bid,Xuanyu Liu,YieldingYams,12589423
2026-07-08T19:05:30.197165,2026-07-08T19:05:30.206152+00:00,154.0,114,bid,AverageAlmonds,YieldingYams,12589424
2026-07-08T19:05:32.659823,2026-07-08T19:05:32.663804+00:00,154.3,34,bid,Xuanyu Liu,YieldingYams,12589472
2026-07-08T19:05:34.069803,2026-07-08T19:05:34.077636+00:00,154.4,200,bid,YieldingYams,WavyWalnuts,12589502
2026-07-08T19:05:35.696402,2026-07-08T19:05:35.706172+00:00,154.4,200,ask,YieldingYams,WavyWalnuts,12589536
2026-07-08T19:05:38.760480,2026-07-08T19:05:38.764413+00:00,154.3,6,ask,AverageAlmonds,Xuanyu Liu,12589587
2026-07-08T19:05:38.999275,2026-07-08T19:05:39.003330+00:00,154.3,39,ask,AverageAlmonds,Xuanyu Liu,12589591
2026-07-08T19:05:39.323355,2026-07-08T19:05:39.332262+00:00,154.3,500,ask,AverageAlmonds,YieldingYams,12589596
2026-07-08T19:05:39.873923,2026-07-08T19:05:39.884177+00:00,154.3,125,bid,AverageAlmonds,YieldingYams,12589601
2026-07-08T19:05:39.873923,2026-07-08T19:05:39.884177+00:00,154.3,200,bid,AverageAlmonds,WavyWalnuts,12589602
2026-07-08T19:05:43.331571,2026-07-08T19:05:43.343626+00:00,154.4,20,ask,WavyWalnuts,BrilliantBurritos,12589653
2026-07-08T19:05:46.885441,2026-07-08T19:05:46.895924+00:00,154.3,20,bid,BrilliantBurritos,YieldingYams,12589719
2026-07-08T19:05:48.833208,2026-07-08T19:05:48.844827+00:00,154.2,20,bid,BrilliantBurritos,WavyWalnuts,12589764
2026-07-08T19:05:49.045813,2026-07-08T19:05:49.049686+00:00,154.1,12,ask,WavyWalnuts,Xuanyu Liu,12589769
2026-07-08T19:05:52.671534,2026-07-08T19:05:52.680537+00:00,154.3,200,bid,WavyWalnuts,YieldingYams,12589829
2026-07-08T19:05:57.737531,2026-07-08T19:05:57.741734+00:00,154.1,11,ask,WavyWalnuts,Xuanyu Liu,12589902
2026-07-08T19:05:58.006445,2026-07-08T19:05:58.010144+00:00,154.1,3,ask,WavyWalnuts,Xuanyu Liu,12589913
2026-07-08T19:06:01.611306,2026-07-08T19:06:01.622146+00:00,154.2,200,bid,YieldingYams,WavyWalnuts,12589968
2026-07-08T19:06:02.361197,2026-07-08T19:06:02.372525+00:00,154.2,200,ask,YieldingYams,WavyWalnuts,12589980
2026-07-08T19:06:03.569038,2026-07-08T19:06:03.578017+00:00,154.2,200,bid,WavyWalnuts,YieldingYams,12590001
2026-07-08T19:06:04.338529,2026-07-08T19:06:04.342309+00:00,154.1,14,ask,YieldingYams,Xuanyu Liu,12590016
2026-07-08T19:06:05.553465,2026-07-08T19:06:05.560679+00:00,154.0,200,ask,WavyWalnuts,YieldingYams,12590026
2026-07-08T19:06:08.174104,2026-07-08T19:06:08.180787+00:00,153.9,200,ask,WavyWalnuts,YieldingYams,12590061
2026-07-08T19:06:10.664804,2026-07-08T19:06:10.669346+00:00,153.7,23,ask,WavyWalnuts,Xuanyu Liu,12590095
2026-07-08T19:06:11.721404,2026-07-08T19:06:11.733099+00:00,153.7,20,ask,WavyWalnuts,BrilliantBurritos,12590116
2026-07-08T19:06:16.890049,2026-07-08T19:06:16.900336+00:00,153.8,200,bid,WavyWalnuts,YieldingYams,12590213
2026-07-08T19:06:20.099731,2026-07-08T19:06:20.104006+00:00,153.8,23,bid,Xuanyu Liu,YieldingYams,12590261
2026-07-08T19:06:20.610953,2026-07-08T19:06:20.619400+00:00,153.6,20,ask,YieldingYams,BrilliantBurritos,12590268
2026-07-08T19:06:21.434895,2026-07-08T19:06:21.442755+00:00,153.8,20,bid,BrilliantBurritos,WavyWalnuts,12590282
2026-07-08T19:06:22.940976,2026-07-08T19:06:22.950103+00:00,153.6,200,ask,YieldingYams,WavyWalnuts,12590308
2026-07-08T19:06:24.152961,2026-07-08T19:06:24.169070+00:00,153.5,200,ask,AverageAlmonds,WavyWalnuts,12590331
2026-07-08T19:06:24.690603,2026-07-08T19:06:24.697969+00:00,153.6,500,bid,AverageAlmonds,YieldingYams,12590337
2026-07-08T19:06:25.364539,2026-07-08T19:06:25.375656+00:00,153.6,200,ask,YieldingYams,WavyWalnuts,12590350
2026-07-08T19:06:26.572648,2026-07-08T19:06:26.579697+00:00,153.6,200,ask,AverageAlmonds,WavyWalnuts,12590371
2026-07-08T19:06:27.107796,2026-07-08T19:06:27.116245+00:00,153.7,500,bid,AverageAlmonds,YieldingYams,12590381
2026-07-08T19:06:27.699587,2026-07-08T19:06:27.706369+00:00,153.7,125,bid,AverageAlmonds,YieldingYams,12590396
2026-07-08T19:06:27.784211,2026-07-08T19:06:27.795440+00:00,153.7,200,ask,AverageAlmonds,WavyWalnuts,12590400
2026-07-08T19:06:27.846603,2026-07-08T19:06:27.850739+00:00,154.0,12,ask,YieldingYams,Xuanyu Liu,12590402
2026-07-08T19:06:28.852909,2026-07-08T19:06:28.856884+00:00,154.0,20,ask,YieldingYams,BrilliantBurritos,12590419
2026-07-08T19:06:28.997563,2026-07-08T19:06:29.006097+00:00,154.0,200,ask,YieldingYams,WavyWalnuts,12590422
2026-07-08T19:06:30.212327,2026-07-08T19:06:30.222258+00:00,153.7,200,ask,AverageAlmonds,WavyWalnuts,12590446
2026-07-08T19:06:32.823420,2026-07-08T19:06:32.827439+00:00,153.8,12,bid,Xuanyu Liu,YieldingYams,12590487
2026-07-08T19:06:34.386443,2026-07-08T19:06:34.396283+00:00,153.7,200,ask,WavyWalnuts,YieldingYams,12590507
2026-07-08T19:06:34.386443,2026-07-08T19:06:34.396283+00:00,153.7,425,ask,AverageAlmonds,YieldingYams,12590508
2026-07-08T19:06:35.508150,2026-07-08T19:06:35.515326+00:00,153.9,20,bid,BrilliantBurritos,WavyWalnuts,12590521
2026-07-08T19:06:36.801957,2026-07-08T19:06:36.813872+00:00,153.9,500,bid,AverageAlmonds,YieldingYams,12590550
2026-07-08T19:06:37.431192,2026-07-08T19:06:37.434891+00:00,153.9,12,ask,AverageAlmonds,Xuanyu Liu,12590571
2026-07-08T19:06:41.113807,2026-07-08T19:06:41.125531+00:00,153.9,200,ask,YieldingYams,WavyWalnuts,12590628
2026-07-08T19:06:43.547348,2026-07-08T19:06:43.555767+00:00,153.9,200,ask,AverageAlmonds,WavyWalnuts,12590667
2026-07-08T19:06:44.290314,2026-07-08T19:06:44.302321+00:00,154.0,20,bid,BrilliantBurritos,YieldingYams,12590681
2026-07-08T19:06:47.186174,2026-07-08T19:06:47.190204+00:00,154.0,11,ask,WavyWalnuts,Xuanyu Liu,12590717
2026-07-08T19:06:47.560932,2026-07-08T19:06:47.569644+00:00,154.0,189,ask,WavyWalnuts,YieldingYams,12590724
2026-07-08T19:06:47.560932,2026-07-08T19:06:47.569644+00:00,153.9,436,ask,AverageAlmonds,YieldingYams,12590725
2026-07-08T19:06:49.600497,2026-07-08T19:06:49.612170+00:00,154.0,200,ask,YieldingYams,WavyWalnuts,12590758
2026-07-08T19:06:49.615535,2026-07-08T19:06:49.627087+00:00,154.0,20,ask,YieldingYams,BrilliantBurritos,12590759
2026-07-08T19:06:52.015470,2026-07-08T19:06:52.025394+00:00,153.9,200,ask,YieldingYams,WavyWalnuts,12590799
2026-07-08T19:06:53.414099,2026-07-08T19:06:53.423145+00:00,154.0,20,ask,AverageAlmonds,BrilliantBurritos,12590822
2026-07-08T19:06:54.117884,2026-07-08T19:06:54.125817+00:00,154.0,500,ask,AverageAlmonds,YieldingYams,12590831
2026-07-08T19:06:54.331293,2026-07-08T19:06:54.339696+00:00,154.0,125,bid,AverageAlmonds,YieldingYams,12590833
2026-07-08T19:06:54.971128,2026-07-08T19:06:54.979458+00:00,154.1,200,bid,AverageAlmonds,WavyWalnuts,12590843
2026-07-08T19:06:56.179123,2026-07-08T19:06:56.189725+00:00,154.2,500,bid,AverageAlmonds,YieldingYams,12590863
2026-07-08T19:06:56.209303,2026-07-08T19:06:56.221014+00:00,154.0,20,ask,YieldingYams,BrilliantBurritos,12590865
2026-07-08T19:06:56.771935,2026-07-08T19:06:56.782378+00:00,154.2,200,bid,AverageAlmonds,WavyWalnuts,12590877
2026-07-08T19:06:59.376749,2026-07-08T19:06:59.385441+00:00,154.1,500,ask,AverageAlmonds,YieldingYams,12590922
2026-07-08T19:06:59.376749,2026-07-08T19:06:59.390913+00:00,154.0,125,ask,WavyWalnuts,YieldingYams,12590923
2026-07-08T19:07:01.208310,2026-07-08T19:07:01.217935+00:00,154.1,20,ask,WavyWalnuts,BrilliantBurritos,12590953
2026-07-08T19:07:04.156085,2026-07-08T19:07:04.164395+00:00,154.2,20,ask,YieldingYams,BrilliantBurritos,12591011
2026-07-08T19:07:05.342607,2026-07-08T19:07:05.351686+00:00,154.2,200,ask,YieldingYams,WavyWalnuts,12591029
2026-07-08T19:07:08.791667,2026-07-08T19:07:08.803339+00:00,154.2,20,ask,AverageAlmonds,BrilliantBurritos,12591091
2026-07-08T19:07:08.974158,2026-07-08T19:07:08.985731+00:00,154.2,200,ask,YieldingYams,WavyWalnuts,12591096
2026-07-08T19:07:11.699020,2026-07-08T19:07:11.710867+00:00,154.2,20,bid,BrilliantBurritos,YieldingYams,12591142
2026-07-08T19:07:12.488652,2026-07-08T19:07:12.496095+00:00,154.1,200,ask,WavyWalnuts,YieldingYams,12591150
2026-07-08T19:07:12.516400,2026-07-08T19:07:12.527248+00:00,154.1,425,bid,AverageAlmonds,YieldingYams,12591151
2026-07-08T19:07:14.009721,2026-07-08T19:07:14.013625+00:00,154.3,34,bid,Xuanyu Liu,WavyWalnuts,12591182
2026-07-08T19:07:15.218688,2026-07-08T19:07:15.226547+00:00,154.4,20,bid,BrilliantBurritos,WavyWalnuts,12591209
2026-07-08T19:07:24.516670,2026-07-08T19:07:24.523863+00:00,154.0,20,ask,WavyWalnuts,BrilliantBurritos,12591336
2026-07-08T19:07:24.699207,2026-07-08T19:07:24.708247+00:00,154.1,200,bid,WavyWalnuts,YieldingYams,12591339
2026-07-08T19:07:27.129863,2026-07-08T19:07:27.138429+00:00,153.9,200,ask,YieldingYams,WavyWalnuts,12591382
2026-07-08T19:07:27.425055,2026-07-08T19:07:27.436655+00:00,154.2,20,bid,BrilliantBurritos,YieldingYams,12591391
2026-07-08T19:07:29.227702,2026-07-08T19:07:29.239772+00:00,154.0,20,bid,BrilliantBurritos,AverageAlmonds,12591410
2026-07-08T19:07:29.613003,2026-07-08T19:07:29.621221+00:00,154.0,500,bid,YieldingYams,AverageAlmonds,12591419
2026-07-08T19:07:30.074084,2026-07-08T19:07:30.085874+00:00,154.0,125,ask,YieldingYams,AverageAlmonds,12591426
2026-07-08T19:07:30.921651,2026-07-08T19:07:30.941236+00:00,154.0,200,ask,WavyWalnuts,YieldingYams,12591442
2026-07-08T19:07:30.937246,2026-07-08T19:07:30.941236+00:00,153.9,3,bid,Xuanyu Liu,YieldingYams,12591444
2026-07-08T19:07:31.971354,2026-07-08T19:07:31.979047+00:00,153.9,200,bid,WavyWalnuts,YieldingYams,12591468
2026-07-08T19:07:32.992962,2026-07-08T19:07:32.996844+00:00,153.9,14,ask,YieldingYams,Xuanyu Liu,12591489
2026-07-08T19:07:33.507691,2026-07-08T19:07:33.518112+00:00,154.0,20,bid,BrilliantBurritos,AverageAlmonds,12591493
2026-07-08T19:07:33.537401,2026-07-08T19:07:33.545000+00:00,154.0,480,bid,YieldingYams,AverageAlmonds,12591496
2026-07-08T19:07:33.552587,2026-07-08T19:07:33.556499+00:00,154.0,12,ask,YieldingYams,Xuanyu Liu,12591498
2026-07-08T19:07:33.722544,2026-07-08T19:07:33.730279+00:00,154.0,133,ask,YieldingYams,AverageAlmonds,12591499
2026-07-08T19:07:34.932745,2026-07-08T19:07:34.940529+00:00,153.8,200,ask,WavyWalnuts,AverageAlmonds,12591515
2026-07-08T19:07:36.821061,2026-07-08T19:07:36.832433+00:00,153.8,200,bid,WavyWalnuts,YieldingYams,12591539
2026-07-08T19:07:39.817058,2026-07-08T19:07:39.821095+00:00,153.8,12,bid,Xuanyu Liu,AverageAlmonds,12591570
2026-07-08T19:07:40.447140,2026-07-08T19:07:40.458650+00:00,153.8,200,bid,WavyWalnuts,AverageAlmonds,12591581
2026-07-08T19:07:40.990339,2026-07-08T19:07:41.001510+00:00,153.7,500,ask,YieldingYams,AverageAlmonds,12591584
2026-07-08T19:07:41.614134,2026-07-08T19:07:41.634055+00:00,153.6,14,bid,Xuanyu Liu,AverageAlmonds,12591597
2026-07-08T19:07:41.659850,2026-07-08T19:07:41.670513+00:00,153.6,200,bid,WavyWalnuts,AverageAlmonds,12591600
2026-07-08T19:07:42.596594,2026-07-08T19:07:42.608460+00:00,153.6,20,bid,BrilliantBurritos,AverageAlmonds,12591612
2026-07-08T19:07:42.869407,2026-07-08T19:07:42.880508+00:00,153.6,200,bid,WavyWalnuts,YieldingYams,12591621
2026-07-08T19:07:45.402268,2026-07-08T19:07:45.409048+00:00,153.5,200,ask,WavyWalnuts,YieldingYams,12591673
2026-07-08T19:07:46.505832,2026-07-08T19:07:46.512387+00:00,153.4,200,bid,WavyWalnuts,YieldingYams,12591690
2026-07-08T19:07:48.940028,2026-07-08T19:07:48.949363+00:00,153.4,200,ask,YieldingYams,WavyWalnuts,12591725
2026-07-08T19:07:49.350507,2026-07-08T19:07:49.354209+00:00,153.5,3,ask,YieldingYams,Xuanyu Liu,12591735
2026-07-08T19:07:50.153971,2026-07-08T19:07:50.169228+00:00,153.5,200,ask,YieldingYams,WavyWalnuts,12591755
2026-07-08T19:07:51.087144,2026-07-08T19:07:51.099158+00:00,153.6,20,ask,YieldingYams,BrilliantBurritos,12591767
2026-07-08T19:07:51.365885,2026-07-08T19:07:51.374578+00:00,153.6,200,ask,YieldingYams,WavyWalnuts,12591775
2026-07-08T19:07:51.976575,2026-07-08T19:07:51.980433+00:00,153.6,3,bid,Xuanyu Liu,YieldingYams,12591789
2026-07-08T19:07:52.314412,2026-07-08T19:07:52.325936+00:00,153.4,20,ask,YieldingYams,BrilliantBurritos,12591791
2026-07-08T19:07:54.577394,2026-07-08T19:07:54.596630+00:00,153.4,200,ask,WavyWalnuts,YieldingYams,12591823
2026-07-08T19:07:54.592683,2026-07-08T19:07:54.596630+00:00,153.4,3,bid,Xuanyu Liu,YieldingYams,12591825
2026-07-08T19:07:55.141977,2026-07-08T19:07:55.146335+00:00,153.2,3,ask,WavyWalnuts,Xuanyu Liu,12591834
2026-07-08T19:07:55.900544,2026-07-08T19:07:55.904757+00:00,153.3,3,ask,YieldingYams,Xuanyu Liu,12591845
2026-07-08T19:07:57.210673,2026-07-08T19:07:57.214624+00:00,153.4,11,ask,YieldingYams,Xuanyu Liu,12591867
2026-07-08T19:07:57.809566,2026-07-08T19:07:57.821545+00:00,153.6,20,bid,BrilliantBurritos,YieldingYams,12591874
2026-07-08T19:07:58.249830,2026-07-08T19:07:58.253695+00:00,153.6,11,bid,Xuanyu Liu,YieldingYams,12591880
2026-07-08T19:08:00.460545,2026-07-08T19:08:00.472454+00:00,153.4,20,ask,YieldingYams,BrilliantBurritos,12591906
2026-07-08T19:08:02.287816,2026-07-08T19:08:02.291360+00:00,153.5,3,bid,Xuanyu Liu,WavyWalnuts,12591938
2026-07-08T19:08:04.693460,2026-07-08T19:08:04.700007+00:00,153.3,200,ask,YieldingYams,WavyWalnuts,12591972
2026-07-08T19:08:07.731025,2026-07-08T19:08:07.742416+00:00,153.3,200,bid,YieldingYams,WavyWalnuts,12592016
2026-07-08T19:08:07.805838,2026-07-08T19:08:07.810053+00:00,153.3,14,ask,YieldingYams,Xuanyu Liu,12592018
2026-07-08T19:08:08.312996,2026-07-08T19:08:08.323872+00:00,153.3,200,ask,YieldingYams,WavyWalnuts,12592031
2026-07-08T19:08:09.537907,2026-07-08T19:08:09.541964+00:00,153.4,12,ask,WavyWalnuts,Xuanyu Liu,12592055
2026-07-08T19:08:10.355444,2026-07-08T19:08:10.363810+00:00,153.4,188,ask,WavyWalnuts,YieldingYams,12592068
2026-07-08T19:08:11.941359,2026-07-08T19:08:11.948904+00:00,153.3,200,ask,YieldingYams,WavyWalnuts,12592081
2026-07-08T19:08:14.313841,2026-07-08T19:08:14.322067+00:00,153.3,200,bid,YieldingYams,WavyWalnuts,12592107
2026-07-08T19:08:14.393592,2026-07-08T19:08:14.402825+00:00,153.3,200,ask,YieldingYams,WavyWalnuts,12592108
2026-07-08T19:08:18.241253,2026-07-08T19:08:18.251611+00:00,153.3,200,bid,YieldingYams,WavyWalnuts,12592158
2026-07-08T19:08:19.251900,2026-07-08T19:08:19.259317+00:00,153.3,200,ask,YieldingYams,WavyWalnuts,12592172
2026-07-08T19:08:20.460570,2026-07-08T19:08:20.469989+00:00,153.3,200,bid,WavyWalnuts,YieldingYams,12592188
2026-07-08T19:08:23.564218,2026-07-08T19:08:23.568113+00:00,153.4,12,bid,Xuanyu Liu,YieldingYams,12592232
2026-07-08T19:08:24.097479,2026-07-08T19:08:24.104954+00:00,153.4,200,bid,WavyWalnuts,YieldingYams,12592243
2026-07-08T19:08:24.835822,2026-07-08T19:08:24.840175+00:00,153.3,11,bid,Xuanyu Liu,YieldingYams,12592252
2026-07-08T19:08:26.532089,2026-07-08T19:08:26.543016+00:00,153.4,200,bid,WavyWalnuts,YieldingYams,12592276
2026-07-08T19:08:28.831346,2026-07-08T19:08:28.839431+00:00,153.3,425,bid,AverageAlmonds,YieldingYams,12592315
2026-07-08T19:08:29.889156,2026-07-08T19:08:29.893798+00:00,153.4,3,bid,Xuanyu Liu,WavyWalnuts,12592335
2026-07-08T19:08:30.164995,2026-07-08T19:08:30.174290+00:00,153.3,200,ask,WavyWalnuts,YieldingYams,12592345
2026-07-08T19:08:31.184651,2026-07-08T19:08:31.193161+00:00,153.5,20,bid,BrilliantBurritos,YieldingYams,12592365
2026-07-08T19:08:33.801733,2026-07-08T19:08:33.812321+00:00,153.4,200,bid,WavyWalnuts,YieldingYams,12592401
2026-07-08T19:08:34.218694,2026-07-08T19:08:34.227589+00:00,153.6,20,bid,BrilliantBurritos,WavyWalnuts,12592410
2026-07-08T19:08:35.012444,2026-07-08T19:08:35.023457+00:00,153.5,200,ask,YieldingYams,WavyWalnuts,12592420
2026-07-08T19:08:39.659796,2026-07-08T19:08:39.669235+00:00,153.6,20,bid,BrilliantBurritos,YieldingYams,12592481
2026-07-08T19:08:41.077269,2026-07-08T19:08:41.087254+00:00,153.6,200,bid,WavyWalnuts,YieldingYams,12592503
2026-07-08T19:08:44.191209,2026-07-08T19:08:44.203006+00:00,153.6,20,ask,YieldingYams,BrilliantBurritos,12592548
2026-07-08T19:08:44.528603,2026-07-08T19:08:44.533064+00:00,153.7,3,bid,Xuanyu Liu,YieldingYams,12592554
2026-07-08T19:08:44.708347,2026-07-08T19:08:44.719345+00:00,153.7,200,bid,WavyWalnuts,YieldingYams,12592557
2026-07-08T19:08:45.916590,2026-07-08T19:08:45.926095+00:00,153.6,200,bid,WavyWalnuts,YieldingYams,12592572
2026-07-08T19:08:46.485651,2026-07-08T19:08:46.497224+00:00,153.6,20,bid,BrilliantBurritos,YieldingYams,12592574
2026-07-08T19:08:47.127069,2026-07-08T19:08:47.134649+00:00,153.6,200,bid,WavyWalnuts,YieldingYams,12592589
2026-07-08T19:08:47.778863,2026-07-08T19:08:47.786623+00:00,153.5,20,ask,YieldingYams,BrilliantBurritos,12592597
2026-07-08T19:08:48.953818,2026-07-08T19:08:48.958027+00:00,153.8,23,bid,Xuanyu Liu,YieldingYams,12592619
2026-07-08T19:08:49.543179,2026-07-08T19:08:49.558562+00:00,153.8,200,bid,WavyWalnuts,YieldingYams,12592628
2026-07-08T19:08:50.049648,2026-07-08T19:08:50.053023+00:00,153.7,11,bid,Xuanyu Liu,AverageAlmonds,12592638
2026-07-08T19:08:51.055212,2026-07-08T19:08:51.064653+00:00,153.7,500,bid,YieldingYams,AverageAlmonds,12592652
2026-07-08T19:08:51.239403,2026-07-08T19:08:51.250944+00:00,153.7,125,ask,YieldingYams,AverageAlmonds,12592653
2026-07-08T19:08:51.851775,2026-07-08T19:08:51.859247+00:00,153.6,200,ask,WavyWalnuts,AverageAlmonds,12592660
2026-07-08T19:08:52.113593,2026-07-08T19:08:52.117812+00:00,153.5,11,ask,WavyWalnuts,Xuanyu Liu,12592667
2026-07-08T19:08:52.449538,2026-07-08T19:08:52.456360+00:00,153.5,189,ask,WavyWalnuts,AverageAlmonds,12592672
2026-07-08T19:08:56.792957,2026-07-08T19:08:56.800117+00:00,153.5,200,bid,WavyWalnuts,YieldingYams,12592737
2026-07-08T19:09:01.215996,2026-07-08T19:09:01.219691+00:00,153.4,11,bid,Xuanyu Liu,YieldingYams,12592821
2026-07-08T19:09:04.053481,2026-07-08T19:09:04.058601+00:00,153.4,200,bid,WavyWalnuts,YieldingYams,12592864
2026-07-08T19:09:06.837405,2026-07-08T19:09:06.846879+00:00,153.5,200,bid,YieldingYams,WavyWalnuts,12592890
2026-07-08T19:09:08.157862,2026-07-08T19:09:08.169608+00:00,153.5,200,ask,WavyWalnuts,YieldingYams,12592907
2026-07-08T19:09:08.884420,2026-07-08T19:09:08.895569+00:00,153.5,200,bid,WavyWalnuts,YieldingYams,12592911
2026-07-08T19:09:10.095351,2026-07-08T19:09:10.107143+00:00,153.5,200,ask,YieldingYams,WavyWalnuts,12592929
2026-07-08T19:09:12.094141,2026-07-08T19:09:12.103502+00:00,153.5,200,bid,YieldingYams,WavyWalnuts,12592960
2026-07-08T19:09:12.094141,2026-07-08T19:09:12.103502+00:00,153.6,425,bid,YieldingYams,AverageAlmonds,12592961
2026-07-08T19:09:13.034933,2026-07-08T19:09:13.043788+00:00,153.5,200,ask,WavyWalnuts,AverageAlmonds,12592976
2026-07-08T19:09:13.176386,2026-07-08T19:09:13.188268+00:00,153.5,20,bid,BrilliantBurritos,AverageAlmonds,12592979
2026-07-08T19:09:13.716958,2026-07-08T19:09:13.726870+00:00,153.4,200,bid,WavyWalnuts,AverageAlmonds,12592987
2026-07-08T19:09:14.310599,2026-07-08T19:09:14.314800+00:00,153.2,34,ask,YieldingYams,Xuanyu Liu,12592996
2026-07-08T19:09:14.731195,2026-07-08T19:09:14.734956+00:00,153.3,3,ask,YieldingYams,Xuanyu Liu,12593003
2026-07-08T19:09:16.035149,2026-07-08T19:09:16.050422+00:00,153.3,200,ask,WavyWalnuts,YieldingYams,12593022
2026-07-08T19:09:18.567125,2026-07-08T19:09:18.575269+00:00,153.3,200,ask,YieldingYams,WavyWalnuts,12593061
2026-07-08T19:09:22.196939,2026-07-08T19:09:22.207198+00:00,153.2,200,bid,WavyWalnuts,YieldingYams,12593118
2026-07-08T19:09:22.360808,2026-07-08T19:09:22.372710+00:00,152.9,20,ask,YieldingYams,BrilliantBurritos,12593121
2026-07-08T19:09:22.609809,2026-07-08T19:09:22.613508+00:00,153.0,14,bid,Xuanyu Liu,YieldingYams,12593129
2026-07-08T19:09:23.406538,2026-07-08T19:09:23.415453+00:00,153.0,200,bid,WavyWalnuts,YieldingYams,12593146
2026-07-08T19:09:24.616746,2026-07-08T19:09:24.625654+00:00,152.9,125,bid,WavyWalnuts,YieldingYams,12593164
2026-07-08T19:09:24.632080,2026-07-08T19:09:24.635989+00:00,153.2,14,ask,WavyWalnuts,Xuanyu Liu,12593166
2026-07-08T19:09:25.216977,2026-07-08T19:09:25.224396+00:00,153.2,61,ask,WavyWalnuts,YieldingYams,12593171
2026-07-08T19:09:25.826196,2026-07-08T19:09:25.835882+00:00,153.1,200,bid,WavyWalnuts,YieldingYams,12593184
2026-07-08T19:09:27.035774,2026-07-08T19:09:27.046013+00:00,153.3,200,bid,WavyWalnuts,YieldingYams,12593205
2026-07-08T19:09:27.864451,2026-07-08T19:09:27.868539+00:00,153.2,3,bid,Xuanyu Liu,YieldingYams,12593219
2026-07-08T19:09:28.246343,2026-07-08T19:09:28.255705+00:00,153.2,200,bid,WavyWalnuts,YieldingYams,12593227
2026-07-08T19:09:29.457168,2026-07-08T19:09:29.468662+00:00,153.3,200,bid,WavyWalnuts,YieldingYams,12593250
2026-07-08T19:09:32.089768,2026-07-08T19:09:32.099453+00:00,153.5,20,bid,BrilliantBurritos,YieldingYams,12593300
2026-07-08T19:09:34.384681,2026-07-08T19:09:34.394615+00:00,153.2,200,ask,WavyWalnuts,YieldingYams,12593337
2026-07-08T19:09:35.507676,2026-07-08T19:09:35.515495+00:00,153.2,200,bid,WavyWalnuts,YieldingYams,12593356
2026-07-08T19:09:38.006171,2026-07-08T19:09:38.018002+00:00,153.4,20,bid,BrilliantBurritos,YieldingYams,12593399
2026-07-08T19:09:38.316402,2026-07-08T19:09:38.323388+00:00,153.2,200,ask,WavyWalnuts,YieldingYams,12593402
2026-07-08T19:09:38.334675,2026-07-08T19:09:38.338416+00:00,153.2,23,bid,Xuanyu Liu,YieldingYams,12593404
2026-07-08T19:09:44.893991,2026-07-08T19:09:44.905806+00:00,153.2,200,bid,YieldingYams,WavyWalnuts,12593493
2026-07-08T19:09:48.834282,2026-07-08T19:09:48.841837+00:00,153.2,200,ask,YieldingYams,WavyWalnuts,12593553
2026-07-08T19:09:49.161971,2026-07-08T19:09:49.172136+00:00,153.4,20,bid,BrilliantBurritos,YieldingYams,12593557
2026-07-08T19:09:51.250008,2026-07-08T19:09:51.257215+00:00,153.2,200,bid,WavyWalnuts,YieldingYams,12593584
2026-07-08T19:09:51.326628,2026-07-08T19:09:51.338372+00:00,153.0,20,ask,YieldingYams,BrilliantBurritos,12593585
2026-07-08T19:09:52.269459,2026-07-08T19:09:52.273438+00:00,153.2,12,ask,YieldingYams,Xuanyu Liu,12593602
2026-07-08T19:09:54.078975,2026-07-08T19:09:54.090317+00:00,153.3,500,bid,YieldingYams,AverageAlmonds,12593620
2026-07-08T19:09:55.388950,2026-07-08T19:09:55.396870+00:00,153.3,200,ask,WavyWalnuts,YieldingYams,12593640
2026-07-08T19:09:55.440577,2026-07-08T19:09:55.444282+00:00,153.3,12,bid,Xuanyu Liu,YieldingYams,12593644
2026-07-08T19:09:57.246018,2026-07-08T19:09:57.254670+00:00,153.2,200,ask,WavyWalnuts,AverageAlmonds,12593677
2026-07-08T19:09:57.630038,2026-07-08T19:09:57.642027+00:00,153.2,20,bid,BrilliantBurritos,AverageAlmonds,12593683
2026-07-08T19:10:01.767586,2026-07-08T19:10:01.771292+00:00,153.0,12,ask,YieldingYams,Xuanyu Liu,12593745
2026-07-08T19:10:03.272160,2026-07-08T19:10:03.280395+00:00,153.2,200,bid,YieldingYams,WavyWalnuts,12593776
2026-07-08T19:10:03.286020,2026-07-08T19:10:03.291508+00:00,153.2,14,ask,YieldingYams,Xuanyu Liu,12593778
2026-07-08T19:10:03.313384,2026-07-08T19:10:03.322614+00:00,153.2,411,ask,YieldingYams,AverageAlmonds,12593780
2026-07-08T19:10:05.902840,2026-07-08T19:10:05.913917+00:00,153.2,500,bid,YieldingYams,AverageAlmonds,12593816
2026-07-08T19:10:06.320297,2026-07-08T19:10:06.329160+00:00,153.2,125,ask,YieldingYams,AverageAlmonds,12593827
2026-07-08T19:10:07.016010,2026-07-08T19:10:07.024270+00:00,153.2,200,bid,WavyWalnuts,AverageAlmonds,12593832
2026-07-08T19:10:08.532174,2026-07-08T19:10:08.543599+00:00,153.0,200,ask,WavyWalnuts,YieldingYams,12593863
2026-07-08T19:10:16.404570,2026-07-08T19:10:16.413125+00:00,152.9,200,ask,WavyWalnuts,YieldingYams,12593978
2026-07-08T19:10:20.332987,2026-07-08T19:10:20.341719+00:00,153.0,200,ask,WavyWalnuts,YieldingYams,12594044
2026-07-08T19:10:22.405709,2026-07-08T19:10:22.417270+00:00,152.9,20,ask,YieldingYams,BrilliantBurritos,12594065
2026-07-08T19:10:23.936106,2026-07-08T19:10:23.943167+00:00,153.0,200,bid,WavyWalnuts,YieldingYams,12594089
2026-07-08T19:10:26.354026,2026-07-08T19:10:26.364498+00:00,153.1,200,ask,AverageAlmonds,WavyWalnuts,12594123
2026-07-08T19:10:26.903663,2026-07-08T19:10:26.914564+00:00,153.1,300,ask,AverageAlmonds,YieldingYams,12594127
2026-07-08T19:10:26.927846,2026-07-08T19:10:26.935893+00:00,153.1,325,bid,AverageAlmonds,YieldingYams,12594128
2026-07-08T19:10:27.585377,2026-07-08T19:10:27.589079+00:00,153.2,26,bid,Xuanyu Liu,WavyWalnuts,12594143
2026-07-08T19:10:30.259925,2026-07-08T19:10:30.264308+00:00,153.2,26,ask,AverageAlmonds,Xuanyu Liu,12594191
2026-07-08T19:10:33.655715,2026-07-08T19:10:33.658554+00:00,153.3,20,bid,BrilliantBurritos,WavyWalnuts,12594252
2026-07-08T19:10:38.951362,2026-07-08T19:10:38.958601+00:00,153.2,20,ask,WavyWalnuts,BrilliantBurritos,12594337
2026-07-08T19:10:39.690723,2026-07-08T19:10:39.694519+00:00,153.3,3,bid,Xuanyu Liu,YieldingYams,12594348
2026-07-08T19:10:41.046566,2026-07-08T19:10:41.058560+00:00,153.4,20,bid,BrilliantBurritos,YieldingYams,12594373
2026-07-08T19:10:42.170781,2026-07-08T19:10:42.182783+00:00,153.3,200,bid,WavyWalnuts,YieldingYams,12594390
2026-07-08T19:10:43.386265,2026-07-08T19:10:43.397944+00:00,153.3,200,bid,WavyWalnuts,YieldingYams,12594414
2026-07-08T19:10:44.609658,2026-07-08T19:10:44.613392+00:00,153.3,3,ask,WavyWalnuts,Xuanyu Liu,12594439
2026-07-08T19:10:45.167102,2026-07-08T19:10:45.176159+00:00,153.4,20,bid,BrilliantBurritos,YieldingYams,12594447
2026-07-08T19:10:45.348514,2026-07-08T19:10:45.353301+00:00,153.3,197,ask,WavyWalnuts,YieldingYams,12594453
2026-07-08T19:10:45.883269,2026-07-08T19:10:45.895072+00:00,153.1,20,ask,YieldingYams,BrilliantBurritos,12594462
2026-07-08T19:10:48.607393,2026-07-08T19:10:48.619458+00:00,153.4,20,bid,BrilliantBurritos,YieldingYams,12594506
2026-07-08T19:10:50.605717,2026-07-08T19:10:50.612423+00:00,153.3,200,ask,WavyWalnuts,YieldingYams,12594536
2026-07-08T19:10:51.841345,2026-07-08T19:10:51.852666+00:00,153.3,200,bid,WavyWalnuts,YieldingYams,12594550
2026-07-08T19:10:56.706047,2026-07-08T19:10:56.710039+00:00,153.3,3,bid,Xuanyu Liu,WavyWalnuts,12594625
2026-07-08T19:11:01.102291,2026-07-08T19:11:01.109170+00:00,153.1,200,ask,AverageAlmonds,WavyWalnuts,12594685
2026-07-08T19:11:01.102291,2026-07-08T19:11:01.114411+00:00,153.1,425,ask,AverageAlmonds,YieldingYams,12594686
2026-07-08T19:11:01.525342,2026-07-08T19:11:01.532212+00:00,153.1,200,ask,WavyWalnuts,YieldingYams,12594690
2026-07-08T19:11:02.734888,2026-07-08T19:11:02.743733+00:00,153.3,200,ask,YieldingYams,WavyWalnuts,12594705
2026-07-08T19:11:03.915046,2026-07-08T19:11:03.924551+00:00,153.2,20,ask,YieldingYams,BrilliantBurritos,12594737
2026-07-08T19:11:05.050195,2026-07-08T19:11:05.054039+00:00,153.2,3,ask,WavyWalnuts,Xuanyu Liu,12594746
2026-07-08T19:11:14.843521,2026-07-08T19:11:14.847390+00:00,153.2,3,ask,WavyWalnuts,Xuanyu Liu,12594908
2026-07-08T19:11:16.028641,2026-07-08T19:11:16.038640+00:00,153.3,200,bid,WavyWalnuts,YieldingYams,12594925
2026-07-08T19:11:16.892488,2026-07-08T19:11:16.896353+00:00,153.3,11,ask,YieldingYams,Xuanyu Liu,12594939
2026-07-08T19:11:19.168044,2026-07-08T19:11:19.177243+00:00,153.4,20,bid,BrilliantBurritos,WavyWalnuts,12594975
2026-07-08T19:11:19.504286,2026-07-08T19:11:19.516253+00:00,153.4,180,bid,YieldingYams,WavyWalnuts,12594983
2026-07-08T19:11:19.667937,2026-07-08T19:11:19.679575+00:00,153.4,200,ask,YieldingYams,WavyWalnuts,12594987
2026-07-08T19:11:20.876453,2026-07-08T19:11:20.884235+00:00,153.3,200,ask,YieldingYams,WavyWalnuts,12595009
2026-07-08T19:11:22.156588,2026-07-08T19:11:22.164126+00:00,153.4,200,bid,YieldingYams,WavyWalnuts,12595027
2026-07-08T19:11:23.472599,2026-07-08T19:11:23.484248+00:00,153.3,200,ask,WavyWalnuts,YieldingYams,12595052
2026-07-08T19:11:23.739420,2026-07-08T19:11:23.750574+00:00,153.3,20,bid,BrilliantBurritos,YieldingYams,12595057
2026-07-08T19:11:24.015497,2026-07-08T19:11:24.019677+00:00,153.1,12,ask,YieldingYams,Xuanyu Liu,12595064
2026-07-08T19:11:26.221462,2026-07-08T19:11:26.228242+00:00,153.1,20,ask,WavyWalnuts,BrilliantBurritos,12595103
2026-07-08T19:11:26.925775,2026-07-08T19:11:26.937522+00:00,153.2,200,bid,WavyWalnuts,YieldingYams,12595121
2026-07-08T19:11:33.981517,2026-07-08T19:11:33.990122+00:00,153.2,200,ask,WavyWalnuts,YieldingYams,12595232
2026-07-08T19:11:33.997585,2026-07-08T19:11:34.001236+00:00,153.2,12,bid,Xuanyu Liu,YieldingYams,12595235
2026-07-08T19:11:35.290274,2026-07-08T19:11:35.300232+00:00,153.1,200,ask,WavyWalnuts,YieldingYams,12595251
2026-07-08T19:11:35.306670,2026-07-08T19:11:35.310430+00:00,153.1,11,bid,Xuanyu Liu,YieldingYams,12595253
2026-07-08T19:11:35.431551,2026-07-08T19:11:35.440844+00:00,153.1,200,bid,WavyWalnuts,YieldingYams,12595261
2026-07-08T19:11:35.784616,2026-07-08T19:11:35.793660+00:00,152.9,20,ask,YieldingYams,BrilliantBurritos,12595268
2026-07-08T19:11:36.677113,2026-07-08T19:11:36.680990+00:00,153.1,11,ask,YieldingYams,Xuanyu Liu,12595292
2026-07-08T19:11:39.259450,2026-07-08T19:11:39.263670+00:00,153.2,12,ask,YieldingYams,Xuanyu Liu,12595345
2026-07-08T19:11:40.300673,2026-07-08T19:11:40.310978+00:00,153.2,200,ask,YieldingYams,WavyWalnuts,12595363
2026-07-08T19:11:43.932028,2026-07-08T19:11:43.964652+00:00,153.2,200,ask,YieldingYams,WavyWalnuts,12595415
2026-07-08T19:11:45.797419,2026-07-08T19:11:45.805340+00:00,153.3,200,bid,YieldingYams,WavyWalnuts,12595444
2026-07-08T19:11:45.816266,2026-07-08T19:11:45.819993+00:00,153.3,11,ask,YieldingYams,Xuanyu Liu,12595447
2026-07-08T19:11:46.354878,2026-07-08T19:11:46.369134+00:00,153.3,200,ask,YieldingYams,WavyWalnuts,12595461
2026-07-08T19:11:47.567643,2026-07-08T19:11:47.576492+00:00,153.5,200,bid,WavyWalnuts,YieldingYams,12595475
2026-07-08T19:11:48.776698,2026-07-08T19:11:48.785860+00:00,153.7,200,bid,WavyWalnuts,YieldingYams,12595495
2026-07-08T19:11:49.985907,2026-07-08T19:11:49.995347+00:00,153.7,200,bid,WavyWalnuts,AverageAlmonds,12595521
2026-07-08T19:11:51.201586,2026-07-08T19:11:51.208289+00:00,153.7,200,bid,WavyWalnuts,AverageAlmonds,12595541
2026-07-08T19:11:52.356878,2026-07-08T19:11:52.363779+00:00,153.6,500,bid,YieldingYams,AverageAlmonds,12595555
2026-07-08T19:11:52.505484,2026-07-08T19:11:52.509263+00:00,153.8,34,bid,Xuanyu Liu,WavyWalnuts,12595561
2026-07-08T19:11:52.943628,2026-07-08T19:11:52.953514+00:00,153.7,125,ask,YieldingYams,AverageAlmonds,12595565
2026-07-08T19:11:52.943628,2026-07-08T19:11:52.953514+00:00,153.6,200,ask,WavyWalnuts,AverageAlmonds,12595566
2026-07-08T19:11:52.973236,2026-07-08T19:11:52.977478+00:00,153.6,3,bid,Xuanyu Liu,AverageAlmonds,12595568
2026-07-08T19:11:53.669348,2026-07-08T19:11:53.690128+00:00,153.4,200,ask,WavyWalnuts,YieldingYams,12595582
2026-07-08T19:11:53.686475,2026-07-08T19:11:53.690128+00:00,153.4,3,bid,Xuanyu Liu,YieldingYams,12595584
2026-07-08T19:11:54.981028,2026-07-08T19:11:54.990425+00:00,153.5,500,bid,YieldingYams,AverageAlmonds,12595606
2026-07-08T19:11:55.352305,2026-07-08T19:11:55.377034+00:00,153.5,125,ask,YieldingYams,AverageAlmonds,12595617
2026-07-08T19:11:55.659645,2026-07-08T19:11:55.663364+00:00,153.3,3,ask,WavyWalnuts,Xuanyu Liu,12595623
2026-07-08T19:11:57.164984,2026-07-08T19:11:57.174549+00:00,153.4,200,ask,WavyWalnuts,AverageAlmonds,12595647
2026-07-08T19:11:57.242488,2026-07-08T19:11:57.252746+00:00,153.2,20,ask,YieldingYams,BrilliantBurritos,12595649
2026-07-08T19:11:57.791418,2026-07-08T19:11:57.802950+00:00,153.3,500,ask,YieldingYams,AverageAlmonds,12595660
2026-07-08T19:11:58.386670,2026-07-08T19:11:58.397200+00:00,153.3,125,ask,YieldingYams,AverageAlmonds,12595663
2026-07-08T19:11:58.471134,2026-07-08T19:11:58.481036+00:00,153.3,200,bid,WavyWalnuts,AverageAlmonds,12595665
2026-07-08T19:11:59.680604,2026-07-08T19:11:59.688665+00:00,153.1,200,bid,WavyWalnuts,YieldingYams,12595687
2026-07-08T19:12:00.892264,2026-07-08T19:12:00.901831+00:00,153.1,200,bid,WavyWalnuts,YieldingYams,12595708
2026-07-08T19:12:02.100616,2026-07-08T19:12:02.109537+00:00,153.1,200,bid,WavyWalnuts,AverageAlmonds,12595722
2026-07-08T19:12:02.850627,2026-07-08T19:12:02.861691+00:00,153.1,500,bid,YieldingYams,AverageAlmonds,12595730
2026-07-08T19:12:04.164048,2026-07-08T19:12:04.173953+00:00,153.1,200,ask,WavyWalnuts,YieldingYams,12595744
2026-07-08T19:12:04.517232,2026-07-08T19:12:04.521950+00:00,152.9,200,bid,WavyWalnuts,YieldingYams,12595751
2026-07-08T19:12:06.420028,2026-07-08T19:12:06.429726+00:00,152.9,20,ask,WavyWalnuts,BrilliantBurritos,12595786
2026-07-08T19:12:09.377397,2026-07-08T19:12:09.381063+00:00,152.9,3,bid,Xuanyu Liu,WavyWalnuts,12595831
2026-07-08T19:12:11.782057,2026-07-08T19:12:11.792119+00:00,152.8,200,ask,YieldingYams,WavyWalnuts,12595859
2026-07-08T19:12:12.993726,2026-07-08T19:12:13.001066+00:00,152.9,200,ask,YieldingYams,WavyWalnuts,12595877
2026-07-08T19:12:17.267832,2026-07-08T19:12:17.289350+00:00,153.0,200,bid,YieldingYams,WavyWalnuts,12595937
2026-07-08T19:12:17.285238,2026-07-08T19:12:17.289350+00:00,153.1,3,ask,YieldingYams,Xuanyu Liu,12595939
2026-07-08T19:12:17.831323,2026-07-08T19:12:17.840292+00:00,153.1,200,ask,YieldingYams,WavyWalnuts,12595947
2026-07-08T19:12:18.597170,2026-07-08T19:12:18.600746+00:00,153.0,3,bid,Xuanyu Liu,YieldingYams,12595959
2026-07-08T19:12:18.758382,2026-07-08T19:12:18.770210+00:00,153.0,20,bid,BrilliantBurritos,YieldingYams,12595962
2026-07-08T19:12:19.038522,2026-07-08T19:12:19.049225+00:00,153.0,200,bid,WavyWalnuts,YieldingYams,12595966
2026-07-08T19:12:21.197181,2026-07-08T19:12:21.208157+00:00,153.0,500,ask,AverageAlmonds,YieldingYams,12595991
2026-07-08T19:12:21.358219,2026-07-08T19:12:21.370006+00:00,153.0,125,bid,AverageAlmonds,YieldingYams,12595995
2026-07-08T19:12:21.358219,2026-07-08T19:12:21.370006+00:00,153.1,200,bid,AverageAlmonds,WavyWalnuts,12595996
2026-07-08T19:12:21.389869,2026-07-08T19:12:21.393605+00:00,153.1,3,ask,AverageAlmonds,Xuanyu Liu,12595999
2026-07-08T19:12:23.837923,2026-07-08T19:12:23.844546+00:00,153.2,200,bid,YieldingYams,WavyWalnuts,12596018
2026-07-08T19:12:25.075510,2026-07-08T19:12:25.085580+00:00,153.2,200,ask,YieldingYams,WavyWalnuts,12596037
2026-07-08T19:12:26.284467,2026-07-08T19:12:26.292179+00:00,153.0,200,ask,YieldingYams,WavyWalnuts,12596052
2026-07-08T19:12:27.653239,2026-07-08T19:12:27.658623+00:00,153.0,20,ask,YieldingYams,BrilliantBurritos,12596075
2026-07-08T19:12:29.837214,2026-07-08T19:12:29.848964+00:00,153.1,20,ask,AverageAlmonds,BrilliantBurritos,12596109
2026-07-08T19:12:34.343733,2026-07-08T19:12:34.368351+00:00,153.4,200,bid,YieldingYams,WavyWalnuts,12596175
2026-07-08T19:12:34.364512,2026-07-08T19:12:34.368351+00:00,153.5,26,ask,YieldingYams,Xuanyu Liu,12596178
2026-07-08T19:12:34.747257,2026-07-08T19:12:34.758575+00:00,153.5,200,ask,YieldingYams,WavyWalnuts,12596187
2026-07-08T19:12:35.954091,2026-07-08T19:12:35.958618+00:00,153.4,200,ask,YieldingYams,WavyWalnuts,12596215
2026-07-08T19:12:40.958136,2026-07-08T19:12:40.970137+00:00,153.4,20,bid,BrilliantBurritos,YieldingYams,12596284
2026-07-08T19:12:44.404507,2026-07-08T19:12:44.416200+00:00,153.5,20,bid,BrilliantBurritos,WavyWalnuts,12596335
2026-07-08T19:12:44.853598,2026-07-08T19:12:44.861905+00:00,153.4,200,ask,WavyWalnuts,YieldingYams,12596344
2026-07-08T19:12:46.273877,2026-07-08T19:12:46.277956+00:00,153.4,12,bid,Xuanyu Liu,AverageAlmonds,12596364
2026-07-08T19:12:47.496993,2026-07-08T19:12:47.501476+00:00,153.3,11,bid,Xuanyu Liu,YieldingYams,12596376
2026-07-08T19:12:49.423211,2026-07-08T19:12:49.426981+00:00,153.3,3,bid,Xuanyu Liu,YieldingYams,12596416
2026-07-08T19:12:50.386508,2026-07-08T19:12:50.398068+00:00,153.1,20,ask,WavyWalnuts,BrilliantBurritos,12596433
2026-07-08T19:12:50.488265,2026-07-08T19:12:50.497982+00:00,153.2,200,bid,WavyWalnuts,YieldingYams,12596434
2026-07-08T19:12:52.735707,2026-07-08T19:12:52.745335+00:00,153.1,200,bid,YieldingYams,WavyWalnuts,12596472
2026-07-08T19:12:52.918949,2026-07-08T19:12:52.927768+00:00,153.1,200,ask,YieldingYams,WavyWalnuts,12596480
2026-07-08T19:12:55.556351,2026-07-08T19:12:55.558558+00:00,153.2,20,bid,BrilliantBurritos,WavyWalnuts,12596521
2026-07-08T19:12:55.799416,2026-07-08T19:12:55.803714+00:00,153.2,14,bid,Xuanyu Liu,WavyWalnuts,12596528
2026-07-08T19:12:57.795031,2026-07-08T19:12:57.802984+00:00,153.0,200,ask,YieldingYams,WavyWalnuts,12596562
2026-07-08T19:13:01.954381,2026-07-08T19:13:01.958651+00:00,153.0,500,ask,AverageAlmonds,YieldingYams,12596620
2026-07-08T19:13:02.626639,2026-07-08T19:13:02.637957+00:00,153.0,20,bid,BrilliantBurritos,YieldingYams,12596637
2026-07-08T19:13:03.263465,2026-07-08T19:13:03.274920+00:00,153.0,200,bid,YieldingYams,WavyWalnuts,12596650
2026-07-08T19:13:04.579135,2026-07-08T19:13:04.590897+00:00,153.0,500,ask,AverageAlmonds,YieldingYams,12596675
2026-07-08T19:13:05.010417,2026-07-08T19:13:05.019469+00:00,153.0,125,bid,AverageAlmonds,YieldingYams,12596678
2026-07-08T19:13:08.410144,2026-07-08T19:13:08.413971+00:00,153.3,23,bid,Xuanyu Liu,YieldingYams,12596714
2026-07-08T19:13:08.529910,2026-07-08T19:13:08.533845+00:00,153.2,12,bid,Xuanyu Liu,YieldingYams,12596720
2026-07-08T19:13:09.941249,2026-07-08T19:13:09.945685+00:00,153.1,11,bid,Xuanyu Liu,WavyWalnuts,12596751
2026-07-08T19:13:17.188616,2026-07-08T19:13:17.197011+00:00,153.3,200,bid,WavyWalnuts,YieldingYams,12596856
2026-07-08T19:13:18.792066,2026-07-08T19:13:18.804076+00:00,153.2,20,ask,YieldingYams,BrilliantBurritos,12596889
2026-07-08T19:13:19.611605,2026-07-08T19:13:19.621584+00:00,153.3,200,ask,YieldingYams,WavyWalnuts,12596898
2026-07-08T19:13:20.839446,2026-07-08T19:13:20.843581+00:00,153.2,23,bid,Xuanyu Liu,WavyWalnuts,12596919
2026-07-08T19:13:21.681138,2026-07-08T19:13:21.688594+00:00,153.2,177,bid,YieldingYams,WavyWalnuts,12596933
2026-07-08T19:13:24.548786,2026-07-08T19:13:24.558598+00:00,153.3,20,bid,BrilliantBurritos,WavyWalnuts,12596999
2026-07-08T19:13:26.927639,2026-07-08T19:13:26.938014+00:00,153.2,200,ask,WavyWalnuts,YieldingYams,12597046
2026-07-08T19:13:29.542259,2026-07-08T19:13:29.551740+00:00,153.2,500,bid,YieldingYams,AverageAlmonds,12597090
2026-07-08T19:13:29.842808,2026-07-08T19:13:29.850211+00:00,153.2,125,ask,YieldingYams,AverageAlmonds,12597101
2026-07-08T19:13:30.512727,2026-07-08T19:13:30.523152+00:00,153.1,200,bid,WavyWalnuts,AverageAlmonds,12597109
2026-07-08T19:13:34.068831,2026-07-08T19:13:34.079617+00:00,153.0,200,ask,WavyWalnuts,AverageAlmonds,12597168
2026-07-08T19:13:34.141760,2026-07-08T19:13:34.158582+00:00,153.0,200,bid,WavyWalnuts,AverageAlmonds,12597172
2026-07-08T19:13:34.705980,2026-07-08T19:13:34.716122+00:00,152.9,20,ask,YieldingYams,BrilliantBurritos,12597179
2026-07-08T19:13:35.354616,2026-07-08T19:13:35.358622+00:00,152.9,200,bid,WavyWalnuts,YieldingYams,12597189
2026-07-08T19:13:36.568936,2026-07-08T19:13:36.580094+00:00,153.0,200,bid,WavyWalnuts,YieldingYams,12597209
2026-07-08T19:13:36.655628,2026-07-08T19:13:36.659532+00:00,152.7,12,ask,YieldingYams,Xuanyu Liu,12597212
2026-07-08T19:13:37.465032,2026-07-08T19:13:37.469179+00:00,152.8,11,ask,YieldingYams,Xuanyu Liu,12597224
2026-07-08T19:13:37.718674,2026-07-08T19:13:37.730573+00:00,152.8,500,ask,YieldingYams,AverageAlmonds,12597232
2026-07-08T19:13:37.780952,2026-07-08T19:13:37.791310+00:00,153.1,200,bid,WavyWalnuts,YieldingYams,12597233
2026-07-08T19:13:38.307111,2026-07-08T19:13:38.314226+00:00,152.8,114,ask,YieldingYams,AverageAlmonds,12597242
2026-07-08T19:13:38.992359,2026-07-08T19:13:39.001280+00:00,152.8,200,bid,WavyWalnuts,AverageAlmonds,12597251
2026-07-08T19:13:40.202632,2026-07-08T19:13:40.210774+00:00,152.8,200,bid,WavyWalnuts,YieldingYams,12597269
2026-07-08T19:13:40.333670,2026-07-08T19:13:40.345831+00:00,152.8,20,bid,BrilliantBurritos,YieldingYams,12597272
2026-07-08T19:13:40.697918,2026-07-08T19:13:40.705249+00:00,152.8,20,bid,BrilliantBurritos,YieldingYams,12597276
2026-07-08T19:13:41.417626,2026-07-08T19:13:41.425960+00:00,152.7,200,bid,WavyWalnuts,YieldingYams,12597297
2026-07-08T19:13:42.627232,2026-07-08T19:13:42.636301+00:00,152.7,200,bid,WavyWalnuts,YieldingYams,12597321
2026-07-08T19:13:43.836431,2026-07-08T19:13:43.845614+00:00,152.7,200,bid,WavyWalnuts,AverageAlmonds,12597341
2026-07-08T19:13:44.976213,2026-07-08T19:13:44.986076+00:00,152.5,500,ask,YieldingYams,AverageAlmonds,12597353
2026-07-08T19:13:45.574924,2026-07-08T19:13:45.586477+00:00,152.6,200,ask,WavyWalnuts,AverageAlmonds,12597359
2026-07-08T19:13:45.574924,2026-07-08T19:13:45.586477+00:00,152.5,300,ask,YieldingYams,AverageAlmonds,12597360
2026-07-08T19:13:46.180704,2026-07-08T19:13:46.190438+00:00,152.5,325,ask,YieldingYams,AverageAlmonds,12597371
2026-07-08T19:13:47.469775,2026-07-08T19:13:47.480886+00:00,152.3,200,ask,YieldingYams,WavyWalnuts,12597385
2026-07-08T19:13:49.580649,2026-07-08T19:13:49.584680+00:00,152.3,23,ask,YieldingYams,Xuanyu Liu,12597423
2026-07-08T19:13:49.888554,2026-07-08T19:13:49.899208+00:00,152.3,200,ask,YieldingYams,WavyWalnuts,12597428
2026-07-08T19:13:51.790256,2026-07-08T19:13:51.796746+00:00,152.2,20,ask,WavyWalnuts,BrilliantBurritos,12597455
2026-07-08T19:13:55.569787,2026-07-08T19:13:55.579413+00:00,152.3,20,bid,BrilliantBurritos,YieldingYams,12597528
2026-07-08T19:13:58.368339,2026-07-08T19:13:58.377455+00:00,152.3,200,bid,WavyWalnuts,YieldingYams,12597574
2026-07-08T19:13:58.928014,2026-07-08T19:13:58.935488+00:00,152.3,500,bid,AverageAlmonds,YieldingYams,12597591
2026-07-08T19:13:59.078738,2026-07-08T19:13:59.082611+00:00,152.1,11,ask,YieldingYams,Xuanyu Liu,12597597
2026-07-08T19:13:59.501370,2026-07-08T19:13:59.508279+00:00,152.1,20,ask,YieldingYams,BrilliantBurritos,12597600
2026-07-08T19:13:59.551938,2026-07-08T19:13:59.555581+00:00,152.2,12,ask,AverageAlmonds,Xuanyu Liu,12597604
2026-07-08T19:13:59.763891,2026-07-08T19:13:59.770779+00:00,152.3,200,bid,YieldingYams,WavyWalnuts,12597610
2026-07-08T19:13:59.782948,2026-07-08T19:13:59.786793+00:00,152.4,14,ask,YieldingYams,Xuanyu Liu,12597612
2026-07-08T19:14:00.788504,2026-07-08T19:14:00.800277+00:00,152.4,200,ask,YieldingYams,WavyWalnuts,12597627
2026-07-08T19:14:01.996966,2026-07-08T19:14:02.005089+00:00,152.3,200,ask,YieldingYams,WavyWalnuts,12597646
2026-07-08T19:14:02.390166,2026-07-08T19:14:02.399868+00:00,152.3,500,ask,AverageAlmonds,YieldingYams,12597653
2026-07-08T19:14:03.698298,2026-07-08T19:14:03.706071+00:00,152.4,200,bid,YieldingYams,WavyWalnuts,12597667
2026-07-08T19:14:04.415904,2026-07-08T19:14:04.423551+00:00,152.5,200,ask,YieldingYams,WavyWalnuts,12597673
2026-07-08T19:14:06.832690,2026-07-08T19:14:06.841375+00:00,152.3,200,ask,YieldingYams,WavyWalnuts,12597712
2026-07-08T19:14:08.040668,2026-07-08T19:14:08.048356+00:00,152.2,200,bid,WavyWalnuts,YieldingYams,12597729
2026-07-08T19:14:09.249171,2026-07-08T19:14:09.259103+00:00,152.3,200,bid,WavyWalnuts,YieldingYams,12597746
2026-07-08T19:14:11.495292,2026-07-08T19:14:11.506887+00:00,152.1,20,ask,YieldingYams,BrilliantBurritos,12597769
2026-07-08T19:14:12.864254,2026-07-08T19:14:12.875455+00:00,152.2,500,bid,AverageAlmonds,YieldingYams,12597791
2026-07-08T19:14:12.922321,2026-07-08T19:14:12.929031+00:00,152.3,200,ask,YieldingYams,WavyWalnuts,12597792
2026-07-08T19:14:15.278904,2026-07-08T19:14:15.286948+00:00,152.4,500,bid,AverageAlmonds,YieldingYams,12597822
2026-07-08T19:14:15.346064,2026-07-08T19:14:15.358584+00:00,152.4,125,bid,WavyWalnuts,YieldingYams,12597825
2026-07-08T19:14:21.416759,2026-07-08T19:14:21.424006+00:00,152.3,200,ask,YieldingYams,WavyWalnuts,12597919
2026-07-08T19:14:22.535659,2026-07-08T19:14:22.543964+00:00,152.4,500,bid,AverageAlmonds,YieldingYams,12597936
2026-07-08T19:14:23.155410,2026-07-08T19:14:23.158549+00:00,152.4,125,bid,AverageAlmonds,YieldingYams,12597944
2026-07-08T19:14:23.155410,2026-07-08T19:14:23.169258+00:00,152.4,200,bid,AverageAlmonds,WavyWalnuts,12597945
2026-07-08T19:14:23.834013,2026-07-08T19:14:23.841264+00:00,152.5,200,ask,YieldingYams,WavyWalnuts,12597964
2026-07-08T19:14:27.478193,2026-07-08T19:14:27.489963+00:00,152.6,200,ask,AverageAlmonds,WavyWalnuts,12598005
2026-07-08T19:14:29.860703,2026-07-08T19:14:29.870431+00:00,152.7,20,bid,BrilliantBurritos,WavyWalnuts,12598033
2026-07-08T19:14:29.900109,2026-07-08T19:14:29.906723+00:00,152.6,200,ask,AverageAlmonds,WavyWalnuts,12598039
2026-07-08T19:14:32.228815,2026-07-08T19:14:32.231134+00:00,152.6,200,bid,AverageAlmonds,WavyWalnuts,12598068
2026-07-08T19:14:35.400668,2026-07-08T19:14:35.408344+00:00,152.6,20,ask,YieldingYams,BrilliantBurritos,12598129
2026-07-08T19:14:36.472260,2026-07-08T19:14:36.480264+00:00,152.7,200,bid,AverageAlmonds,WavyWalnuts,12598147
2026-07-08T19:14:36.496786,2026-07-08T19:14:36.506496+00:00,152.7,300,ask,AverageAlmonds,YieldingYams,12598148
2026-07-08T19:14:37.067894,2026-07-08T19:14:37.078182+00:00,152.7,325,bid,AverageAlmonds,YieldingYams,12598157
2026-07-08T19:14:37.162166,2026-07-08T19:14:37.169669+00:00,152.7,175,ask,AverageAlmonds,WavyWalnuts,12598162
2026-07-08T19:14:37.671411,2026-07-08T19:14:37.679700+00:00,152.7,25,bid,AverageAlmonds,WavyWalnuts,12598165
2026-07-08T19:14:40.105195,2026-07-08T19:14:40.121893+00:00,152.7,20,ask,WavyWalnuts,BrilliantBurritos,12598209
2026-07-08T19:14:40.464990,2026-07-08T19:14:40.476729+00:00,152.7,20,ask,WavyWalnuts,BrilliantBurritos,12598218
2026-07-08T19:14:43.396966,2026-07-08T19:14:43.401051+00:00,152.7,14,ask,YieldingYams,Xuanyu Liu,12598267
2026-07-08T19:14:44.355341,2026-07-08T19:14:44.374052+00:00,152.8,200,bid,YieldingYams,WavyWalnuts,12598290
2026-07-08T19:14:44.370146,2026-07-08T19:14:44.374052+00:00,152.9,23,ask,YieldingYams,Xuanyu Liu,12598292
2026-07-08T19:14:45.639294,2026-07-08T19:14:45.647258+00:00,152.9,200,ask,YieldingYams,WavyWalnuts,12598327
2026-07-08T19:14:48.079690,2026-07-08T19:14:48.091267+00:00,152.9,20,ask,WavyWalnuts,BrilliantBurritos,12598370
2026-07-08T19:14:49.394601,2026-07-08T19:14:49.398455+00:00,153.0,23,bid,Xuanyu Liu,WavyWalnuts,12598400
2026-07-08T19:14:49.591931,2026-07-08T19:14:49.598780+00:00,153.0,177,bid,YieldingYams,WavyWalnuts,12598406
2026-07-08T19:14:51.026663,2026-07-08T19:14:51.037989+00:00,153.0,500,ask,YieldingYams,AverageAlmonds,12598424
2026-07-08T19:14:51.592293,2026-07-08T19:14:51.602170+00:00,153.0,125,ask,YieldingYams,AverageAlmonds,12598438
2026-07-08T19:14:52.220118,2026-07-08T19:14:52.230128+00:00,152.9,200,ask,WavyWalnuts,YieldingYams,12598448
2026-07-08T19:14:52.884519,2026-07-08T19:14:52.894590+00:00,152.9,200,bid,WavyWalnuts,YieldingYams,12598461
2026-07-08T19:14:53.546225,2026-07-08T19:14:53.550170+00:00,152.8,12,ask,YieldingYams,Xuanyu Liu,12598473
2026-07-08T19:14:55.298442,2026-07-08T19:14:55.305611+00:00,152.9,200,bid,WavyWalnuts,YieldingYams,12598506
2026-07-08T19:14:57.309213,2026-07-08T19:14:57.316198+00:00,153.0,20,bid,BrilliantBurritos,YieldingYams,12598527
2026-07-08T19:15:00.146697,2026-07-08T19:15:00.163473+00:00,152.7,200,ask,AverageAlmonds,WavyWalnuts,12598574
2026-07-08T19:15:01.357647,2026-07-08T19:15:01.369148+00:00,152.7,200,ask,YieldingYams,WavyWalnuts,12598598
2026-07-08T19:15:02.723440,2026-07-08T19:15:02.731113+00:00,152.7,200,ask,WavyWalnuts,YieldingYams,12598615
2026-07-08T19:15:03.775447,2026-07-08T19:15:03.784098+00:00,152.7,200,bid,WavyWalnuts,YieldingYams,12598631
2026-07-08T19:15:05.496650,2026-07-08T19:15:05.500929+00:00,152.9,12,bid,Xuanyu Liu,WavyWalnuts,12598667
2026-07-08T19:15:09.839897,2026-07-08T19:15:09.850348+00:00,152.9,200,bid,WavyWalnuts,YieldingYams,12598749
2026-07-08T19:15:11.889806,2026-07-08T19:15:11.901179+00:00,152.9,200,bid,YieldingYams,WavyWalnuts,12598783
2026-07-08T19:15:12.258253,2026-07-08T19:15:12.269962+00:00,153.0,200,ask,YieldingYams,WavyWalnuts,12598796
2026-07-08T19:15:14.036245,2026-07-08T19:15:14.046733+00:00,152.9,20,ask,WavyWalnuts,BrilliantBurritos,12598814
2026-07-08T19:15:14.740247,2026-07-08T19:15:14.744204+00:00,153.0,14,bid,Xuanyu Liu,WavyWalnuts,12598834
2026-07-08T19:15:15.848699,2026-07-08T19:15:15.858579+00:00,153.0,186,bid,YieldingYams,WavyWalnuts,12598856
2026-07-08T19:15:15.882883,2026-07-08T19:15:15.893391+00:00,153.0,200,ask,YieldingYams,WavyWalnuts,12598860
2026-07-08T19:15:17.043562,2026-07-08T19:15:17.051588+00:00,153.0,239,ask,YieldingYams,AverageAlmonds,12598877
2026-07-08T19:15:18.304236,2026-07-08T19:15:18.313671+00:00,152.9,200,bid,WavyWalnuts,AverageAlmonds,12598899
2026-07-08T19:15:27.663831,2026-07-08T19:15:27.667907+00:00,152.8,3,bid,Xuanyu Liu,YieldingYams,12599043
2026-07-08T19:15:31.658598,2026-07-08T19:15:31.669003+00:00,152.8,200,ask,WavyWalnuts,YieldingYams,12599101
2026-07-08T19:15:34.088879,2026-07-08T19:15:34.097346+00:00,152.9,200,bid,WavyWalnuts,YieldingYams,12599144
2026-07-08T19:15:35.587984,2026-07-08T19:15:35.598278+00:00,152.8,200,ask,WavyWalnuts,YieldingYams,12599160
2026-07-08T19:15:36.530181,2026-07-08T19:15:36.540538+00:00,152.8,200,bid,WavyWalnuts,YieldingYams,12599170
2026-07-08T19:15:36.947562,2026-07-08T19:15:36.951268+00:00,152.9,3,ask,YieldingYams,Xuanyu Liu,12599174
2026-07-08T19:15:37.044359,2026-07-08T19:15:37.056228+00:00,152.9,500,ask,YieldingYams,AverageAlmonds,12599175
2026-07-08T19:15:38.052478,2026-07-08T19:15:38.064510+00:00,152.9,20,ask,YieldingYams,BrilliantBurritos,12599186
2026-07-08T19:15:38.949794,2026-07-08T19:15:38.958706+00:00,152.9,200,bid,WavyWalnuts,YieldingYams,12599201
2026-07-08T19:15:44.309445,2026-07-08T19:15:44.319957+00:00,152.8,200,ask,WavyWalnuts,AverageAlmonds,12599293
2026-07-08T19:15:46.715546,2026-07-08T19:15:46.724128+00:00,152.7,200,ask,WavyWalnuts,AverageAlmonds,12599334
2026-07-08T19:15:47.408958,2026-07-08T19:15:47.418300+00:00,152.7,200,bid,WavyWalnuts,AverageAlmonds,12599351
2026-07-08T19:15:50.023436,2026-07-08T19:15:50.032930+00:00,152.7,200,ask,WavyWalnuts,YieldingYams,12599385
2026-07-08T19:15:50.721895,2026-07-08T19:15:50.733839+00:00,152.7,20,bid,BrilliantBurritos,YieldingYams,12599400
2026-07-08T19:15:55.877511,2026-07-08T19:15:55.885079+00:00,152.8,200,ask,YieldingYams,WavyWalnuts,12599457
2026-07-08T19:15:56.185070,2026-07-08T19:15:56.189019+00:00,152.8,3,ask,YieldingYams,Xuanyu Liu,12599462
2026-07-08T19:15:56.580588,2026-07-08T19:15:56.587122+00:00,152.9,500,bid,YieldingYams,AverageAlmonds,12599472
2026-07-08T19:15:56.600252,2026-07-08T19:15:56.604923+00:00,152.9,11,ask,YieldingYams,Xuanyu Liu,12599474
2026-07-08T19:15:57.092438,2026-07-08T19:15:57.101418+00:00,152.9,114,ask,YieldingYams,WavyWalnuts,12599486
2026-07-08T19:15:58.299413,2026-07-08T19:15:58.306911+00:00,152.9,200,bid,WavyWalnuts,YieldingYams,12599500
2026-07-08T19:15:59.293371,2026-07-08T19:15:59.297670+00:00,152.9,11,bid,Xuanyu Liu,AverageAlmonds,12599519
2026-07-08T19:15:59.506149,2026-07-08T19:15:59.513995+00:00,152.9,200,bid,WavyWalnuts,YieldingYams,12599527
2026-07-08T19:16:01.872967,2026-07-08T19:16:01.879632+00:00,152.8,200,ask,WavyWalnuts,AverageAlmonds,12599550
2026-07-08T19:16:03.081487,2026-07-08T19:16:03.090998+00:00,152.7,500,ask,YieldingYams,AverageAlmonds,12599560
2026-07-08T19:16:04.363737,2026-07-08T19:16:04.375334+00:00,152.7,200,bid,WavyWalnuts,YieldingYams,12599581
2026-07-08T19:16:05.580206,2026-07-08T19:16:05.589965+00:00,152.8,200,bid,WavyWalnuts,YieldingYams,12599602
2026-07-08T19:16:07.929825,2026-07-08T19:16:07.936752+00:00,152.6,200,ask,WavyWalnuts,AverageAlmonds,12599642
2026-07-08T19:16:07.929825,2026-07-08T19:16:07.942025+00:00,152.6,300,ask,YieldingYams,AverageAlmonds,12599643
2026-07-08T19:16:08.526013,2026-07-08T19:16:08.532750+00:00,152.7,200,ask,WavyWalnuts,AverageAlmonds,12599658
2026-07-08T19:16:08.526013,2026-07-08T19:16:08.538020+00:00,152.6,300,ask,YieldingYams,AverageAlmonds,12599659
2026-07-08T19:16:09.130366,2026-07-08T19:16:09.141682+00:00,152.6,325,ask,YieldingYams,AverageAlmonds,12599665
2026-07-08T19:16:09.220010,2026-07-08T19:16:09.229474+00:00,152.6,175,bid,WavyWalnuts,AverageAlmonds,12599667
2026-07-08T19:16:09.697682,2026-07-08T19:16:09.705204+00:00,152.6,25,ask,WavyWalnuts,YieldingYams,12599678
2026-07-08T19:16:10.430597,2026-07-08T19:16:10.439596+00:00,152.5,200,bid,WavyWalnuts,YieldingYams,12599691
2026-07-08T19:16:14.059998,2026-07-08T19:16:14.070050+00:00,152.4,200,bid,WavyWalnuts,AverageAlmonds,12599745
2026-07-08T19:16:15.278620,2026-07-08T19:16:15.283071+00:00,152.4,200,bid,WavyWalnuts,YieldingYams,12599774
2026-07-08T19:16:16.488317,2026-07-08T19:16:16.496835+00:00,152.5,200,bid,WavyWalnuts,AverageAlmonds,12599794
2026-07-08T19:16:17.697608,2026-07-08T19:16:17.707349+00:00,152.3,200,bid,WavyWalnuts,YieldingYams,12599815
2026-07-08T19:16:20.119062,2026-07-08T19:16:20.129223+00:00,152.4,200,bid,WavyWalnuts,YieldingYams,12599863
2026-07-08T19:16:21.329351,2026-07-08T19:16:21.338928+00:00,152.6,200,bid,WavyWalnuts,YieldingYams,12599882
2026-07-08T19:16:23.751657,2026-07-08T19:16:23.759943+00:00,152.4,200,ask,YieldingYams,WavyWalnuts,12599916
2026-07-08T19:16:24.334026,2026-07-08T19:16:24.337945+00:00,152.3,3,bid,Xuanyu Liu,AverageAlmonds,12599930
2026-07-08T19:16:24.902622,2026-07-08T19:16:24.909786+00:00,152.2,500,ask,YieldingYams,AverageAlmonds,12599940
2026-07-08T19:16:25.499042,2026-07-08T19:16:25.502803+00:00,152.2,200,ask,WavyWalnuts,AverageAlmonds,12599945
2026-07-08T19:16:26.712874,2026-07-08T19:16:26.720424+00:00,152.1,200,ask,WavyWalnuts,AverageAlmonds,12599970
2026-07-08T19:16:31.000650,2026-07-08T19:16:31.009435+00:00,151.9,200,bid,WavyWalnuts,AverageAlmonds,12600041
2026-07-08T19:16:35.847197,2026-07-08T19:16:35.858593+00:00,151.8,200,bid,WavyWalnuts,YieldingYams,12600110
2026-07-08T19:16:37.254559,2026-07-08T19:16:37.263923+00:00,151.8,200,ask,WavyWalnuts,YieldingYams,12600127
2026-07-08T19:16:38.580119,2026-07-08T19:16:38.583802+00:00,151.8,3,ask,YieldingYams,Xuanyu Liu,12600148
2026-07-08T19:16:42.502913,2026-07-08T19:16:42.512508+00:00,151.8,200,ask,WavyWalnuts,YieldingYams,12600225
2026-07-08T19:16:43.097786,2026-07-08T19:16:43.105782+00:00,151.8,200,bid,WavyWalnuts,YieldingYams,12600242
2026-07-08T19:16:43.828691,2026-07-08T19:16:43.832539+00:00,151.9,34,ask,YieldingYams,Xuanyu Liu,12600251
2026-07-08T19:16:45.124982,2026-07-08T19:16:45.133035+00:00,152.0,200,bid,YieldingYams,WavyWalnuts,12600267
2026-07-08T19:16:45.146006,2026-07-08T19:16:45.149918+00:00,152.0,12,ask,YieldingYams,Xuanyu Liu,12600270
2026-07-08T19:16:46.595067,2026-07-08T19:16:46.599393+00:00,152.2,6,bid,Xuanyu Liu,YieldingYams,12600296
2026-07-08T19:16:46.827531,2026-07-08T19:16:46.831681+00:00,152.2,40,bid,Xuanyu Liu,YieldingYams,12600307
2026-07-08T19:16:47.298350,2026-07-08T19:16:47.309186+00:00,152.2,20,bid,BrilliantBurritos,YieldingYams,12600310
2026-07-08T19:16:47.755364,2026-07-08T19:16:47.777798+00:00,152.1,200,ask,WavyWalnuts,YieldingYams,12600315
2026-07-08T19:16:47.774069,2026-07-08T19:16:47.777798+00:00,152.1,3,bid,Xuanyu Liu,YieldingYams,12600317
2026-07-08T19:16:50.325820,2026-07-08T19:16:50.337413+00:00,152.0,200,ask,WavyWalnuts,AverageAlmonds,12600352
2026-07-08T19:16:51.606048,2026-07-08T19:16:51.615913+00:00,152.0,200,bid,WavyWalnuts,AverageAlmonds,12600372
2026-07-08T19:16:51.704822,2026-07-08T19:16:51.716500+00:00,152.0,300,bid,YieldingYams,AverageAlmonds,12600377
2026-07-08T19:16:52.449164,2026-07-08T19:16:52.458578+00:00,152.1,20,bid,BrilliantBurritos,AverageAlmonds,12600387
2026-07-08T19:16:53.032434,2026-07-08T19:16:53.039312+00:00,151.9,200,ask,WavyWalnuts,YieldingYams,12600396
2026-07-08T19:16:55.002494,2026-07-08T19:16:55.014439+00:00,151.9,20,ask,YieldingYams,BrilliantBurritos,12600428
2026-07-08T19:17:00.300391,2026-07-08T19:17:00.308890+00:00,152.1,20,ask,WavyWalnuts,BrilliantBurritos,12600496
2026-07-08T19:17:00.934520,2026-07-08T19:17:00.943139+00:00,152.1,180,ask,WavyWalnuts,YieldingYams,12600509
2026-07-08T19:17:02.265065,2026-07-08T19:17:02.268972+00:00,152.0,3,bid,Xuanyu Liu,YieldingYams,12600527
2026-07-08T19:17:02.701945,2026-07-08T19:17:02.705757+00:00,151.8,3,ask,YieldingYams,Xuanyu Liu,12600539
2026-07-08T19:17:03.730363,2026-07-08T19:17:03.740231+00:00,152.0,200,ask,YieldingYams,WavyWalnuts,12600551
2026-07-08T19:17:08.569988,2026-07-08T19:17:08.580892+00:00,152.0,200,bid,WavyWalnuts,YieldingYams,12600608
2026-07-08T19:17:10.101545,2026-07-08T19:17:10.113412+00:00,152.0,20,bid,BrilliantBurritos,WavyWalnuts,12600626
2026-07-08T19:17:10.107232,2026-07-08T19:17:10.118454+00:00,152.0,180,bid,YieldingYams,WavyWalnuts,12600627
2026-07-08T19:17:14.081055,2026-07-08T19:17:14.084909+00:00,152.1,3,ask,YieldingYams,Xuanyu Liu,12600705
2026-07-08T19:17:14.617930,2026-07-08T19:17:14.630396+00:00,152.1,200,ask,YieldingYams,WavyWalnuts,12600715
2026-07-08T19:17:16.701736,2026-07-08T19:17:16.705738+00:00,152.1,3,bid,Xuanyu Liu,YieldingYams,12600748
2026-07-08T19:17:17.036303,2026-07-08T19:17:17.043816+00:00,152.1,200,bid,WavyWalnuts,YieldingYams,12600753
2026-07-08T19:17:19.464089,2026-07-08T19:17:19.474249+00:00,152.0,200,ask,YieldingYams,WavyWalnuts,12600797
2026-07-08T19:17:19.943854,2026-07-08T19:17:19.955634+00:00,152.0,20,ask,YieldingYams,BrilliantBurritos,12600803
2026-07-08T19:17:24.131464,2026-07-08T19:17:24.143078+00:00,152.1,20,ask,WavyWalnuts,BrilliantBurritos,12600854
2026-07-08T19:17:25.505146,2026-07-08T19:17:25.516322+00:00,152.1,200,bid,WavyWalnuts,YieldingYams,12600883
2026-07-08T19:17:28.051348,2026-07-08T19:17:28.055460+00:00,152.1,3,bid,Xuanyu Liu,WavyWalnuts,12600918
2026-07-08T19:17:29.166177,2026-07-08T19:17:29.170452+00:00,152.0,11,bid,Xuanyu Liu,WavyWalnuts,12600935
2026-07-08T19:17:32.106534,2026-07-08T19:17:32.132110+00:00,152.0,200,bid,AverageAlmonds,WavyWalnuts,12600966
2026-07-08T19:17:32.128392,2026-07-08T19:17:32.147350+00:00,152.0,11,ask,AverageAlmonds,Xuanyu Liu,12600968
2026-07-08T19:17:32.337781,2026-07-08T19:17:32.349773+00:00,152.0,20,ask,AverageAlmonds,BrilliantBurritos,12600975
2026-07-08T19:17:32.761713,2026-07-08T19:17:32.770238+00:00,151.9,200,ask,AverageAlmonds,WavyWalnuts,12600983
2026-07-08T19:17:33.723008,2026-07-08T19:17:33.733930+00:00,152.0,500,ask,AverageAlmonds,YieldingYams,12600992
2026-07-08T19:17:33.906586,2026-07-08T19:17:33.916781+00:00,151.9,125,bid,AverageAlmonds,YieldingYams,12600996
2026-07-08T19:17:34.520103,2026-07-08T19:17:34.531148+00:00,152.1,200,bid,AverageAlmonds,WavyWalnuts,12601003
2026-07-08T19:17:35.724158,2026-07-08T19:17:35.734584+00:00,152.1,200,bid,AverageAlmonds,WavyWalnuts,12601021
2026-07-08T19:17:36.388141,2026-07-08T19:17:36.396348+00:00,152.1,200,ask,YieldingYams,WavyWalnuts,12601039
2026-07-08T19:17:36.623392,2026-07-08T19:17:36.635237+00:00,152.1,20,ask,YieldingYams,BrilliantBurritos,12601043
2026-07-08T19:17:38.763875,2026-07-08T19:17:38.775056+00:00,152.2,200,bid,AverageAlmonds,WavyWalnuts,12601064
2026-07-08T19:17:38.813926,2026-07-08T19:17:38.822377+00:00,152.2,200,ask,AverageAlmonds,WavyWalnuts,12601070
2026-07-08T19:17:44.235728,2026-07-08T19:17:44.243587+00:00,152.2,200,ask,WavyWalnuts,YieldingYams,12601166
2026-07-08T19:17:44.817384,2026-07-08T19:17:44.830384+00:00,152.1,425,bid,AverageAlmonds,YieldingYams,12601172
2026-07-08T19:17:48.381088,2026-07-08T19:17:48.392686+00:00,152.3,20,ask,WavyWalnuts,BrilliantBurritos,12601222
2026-07-08T19:17:52.921479,2026-07-08T19:17:52.930949+00:00,152.3,20,ask,YieldingYams,BrilliantBurritos,12601287
2026-07-08T19:17:54.716510,2026-07-08T19:17:54.727903+00:00,152.4,200,ask,WavyWalnuts,YieldingYams,12601320
2026-07-08T19:17:55.792263,2026-07-08T19:17:55.799867+00:00,152.3,200,bid,WavyWalnuts,YieldingYams,12601340
2026-07-08T19:17:56.543430,2026-07-08T19:17:56.547857+00:00,152.2,3,ask,YieldingYams,Xuanyu Liu,12601358
2026-07-08T19:17:59.430187,2026-07-08T19:17:59.438205+00:00,152.3,200,ask,YieldingYams,WavyWalnuts,12601411
2026-07-08T19:18:00.637872,2026-07-08T19:18:00.645302+00:00,152.3,200,ask,YieldingYams,WavyWalnuts,12601426
2026-07-08T19:18:01.844796,2026-07-08T19:18:01.858596+00:00,152.3,200,ask,YieldingYams,WavyWalnuts,12601441
2026-07-08T19:18:04.259038,2026-07-08T19:18:04.265979+00:00,152.4,200,bid,WavyWalnuts,YieldingYams,12601474
2026-07-08T19:18:10.484126,2026-07-08T19:18:10.493214+00:00,152.3,200,ask,WavyWalnuts,YieldingYams,12601578
2026-07-08T19:18:12.117801,2026-07-08T19:18:12.128614+00:00,152.2,20,ask,WavyWalnuts,BrilliantBurritos,12601602
2026-07-08T19:18:12.891585,2026-07-08T19:18:12.903134+00:00,152.5,20,bid,BrilliantBurritos,YieldingYams,12601610
2026-07-08T19:18:14.573867,2026-07-08T19:18:14.584859+00:00,152.5,20,bid,BrilliantBurritos,WavyWalnuts,12601660
2026-07-08T19:18:15.172750,2026-07-08T19:18:15.176495+00:00,152.3,3,ask,YieldingYams,Xuanyu Liu,12601670
2026-07-08T19:18:17.036258,2026-07-08T19:18:17.047587+00:00,152.5,200,bid,YieldingYams,WavyWalnuts,12601706
2026-07-08T19:18:17.053841,2026-07-08T19:18:17.057507+00:00,152.5,23,ask,YieldingYams,Xuanyu Liu,12601708
2026-07-08T19:18:23.615669,2026-07-08T19:18:23.636418+00:00,152.6,200,bid,YieldingYams,WavyWalnuts,12601806
2026-07-08T19:18:23.632670,2026-07-08T19:18:23.636418+00:00,152.6,11,ask,YieldingYams,Xuanyu Liu,12601808
2026-07-08T19:18:30.191174,2026-07-08T19:18:30.194865+00:00,152.6,12,ask,YieldingYams,Xuanyu Liu,12601888
2026-07-08T19:18:30.966217,2026-07-08T19:18:30.969928+00:00,152.6,11,ask,YieldingYams,Xuanyu Liu,12601905
2026-07-08T19:18:33.033951,2026-07-08T19:18:33.043525+00:00,152.6,20,ask,YieldingYams,BrilliantBurritos,12601947
2026-07-08T19:18:37.547370,2026-07-08T19:18:37.558564+00:00,152.5,500,bid,AverageAlmonds,YieldingYams,12602008
2026-07-08T19:18:37.707696,2026-07-08T19:18:37.711507+00:00,152.5,23,bid,Xuanyu Liu,YieldingYams,12602013
2026-07-08T19:18:38.076461,2026-07-08T19:18:38.083991+00:00,152.5,200,bid,YieldingYams,WavyWalnuts,12602016
2026-07-08T19:18:39.415962,2026-07-08T19:18:39.424433+00:00,152.5,200,bid,WavyWalnuts,YieldingYams,12602038
2026-07-08T19:18:40.623496,2026-07-08T19:18:40.633291+00:00,152.5,200,bid,WavyWalnuts,YieldingYams,12602052
2026-07-08T19:18:41.838022,2026-07-08T19:18:41.846130+00:00,152.5,200,ask,YieldingYams,WavyWalnuts,12602074
2026-07-08T19:18:44.152152,2026-07-08T19:18:44.164261+00:00,152.5,20,bid,BrilliantBurritos,YieldingYams,12602115
2026-07-08T19:18:44.644799,2026-07-08T19:18:44.648670+00:00,152.4,11,bid,Xuanyu Liu,YieldingYams,12602123
2026-07-08T19:18:45.937964,2026-07-08T19:18:45.945654+00:00,152.3,500,ask,AverageAlmonds,YieldingYams,12602156
2026-07-08T19:18:45.937964,2026-07-08T19:18:45.950822+00:00,152.2,125,ask,WavyWalnuts,YieldingYams,12602157
2026-07-08T19:18:47.245104,2026-07-08T19:18:47.254547+00:00,152.4,200,bid,YieldingYams,WavyWalnuts,12602172
2026-07-08T19:18:47.881544,2026-07-08T19:18:47.888295+00:00,152.5,200,ask,YieldingYams,WavyWalnuts,12602185
2026-07-08T19:18:49.578945,2026-07-08T19:18:49.591024+00:00,152.6,20,bid,BrilliantBurritos,YieldingYams,12602203
2026-07-08T19:18:51.190586,2026-07-08T19:18:51.194645+00:00,152.5,12,bid,Xuanyu Liu,YieldingYams,12602222
2026-07-08T19:18:51.520546,2026-07-08T19:18:51.528575+00:00,152.5,200,bid,WavyWalnuts,YieldingYams,12602223
2026-07-08T19:18:54.497785,2026-07-08T19:18:54.512996+00:00,152.6,20,ask,WavyWalnuts,BrilliantBurritos,12602265
2026-07-08T19:18:56.620048,2026-07-08T19:18:56.624086+00:00,152.8,11,bid,Xuanyu Liu,WavyWalnuts,12602307
2026-07-08T19:18:59.417975,2026-07-08T19:18:59.421663+00:00,152.8,3,bid,Xuanyu Liu,YieldingYams,12602370
2026-07-08T19:18:59.976859,2026-07-08T19:18:59.986404+00:00,152.8,20,bid,BrilliantBurritos,YieldingYams,12602379
2026-07-08T19:19:00.012429,2026-07-08T19:19:00.023136+00:00,152.8,200,bid,WavyWalnuts,YieldingYams,12602382
2026-07-08T19:19:02.436314,2026-07-08T19:19:02.447799+00:00,152.9,200,ask,YieldingYams,WavyWalnuts,12602405
2026-07-08T19:19:03.013393,2026-07-08T19:19:03.017281+00:00,153.1,3,bid,Xuanyu Liu,YieldingYams,12602419
2026-07-08T19:19:03.023836,2026-07-08T19:19:03.027696+00:00,153.1,11,bid,Xuanyu Liu,YieldingYams,12602421
2026-07-08T19:19:04.307567,2026-07-08T19:19:04.329040+00:00,152.9,200,ask,WavyWalnuts,YieldingYams,12602437
2026-07-08T19:19:04.324912,2026-07-08T19:19:04.329040+00:00,152.9,23,bid,Xuanyu Liu,YieldingYams,12602439
2026-07-08T19:19:04.847718,2026-07-08T19:19:04.858556+00:00,152.9,200,bid,WavyWalnuts,YieldingYams,12602450
2026-07-08T19:19:06.928637,2026-07-08T19:19:06.936133+00:00,153.0,200,bid,YieldingYams,WavyWalnuts,12602494
2026-07-08T19:19:06.947180,2026-07-08T19:19:06.951165+00:00,153.0,23,ask,YieldingYams,Xuanyu Liu,12602496
2026-07-08T19:19:08.245881,2026-07-08T19:19:08.252882+00:00,153.0,200,ask,WavyWalnuts,YieldingYams,12602513
2026-07-08T19:19:09.624588,2026-07-08T19:19:09.633068+00:00,153.0,500,bid,AverageAlmonds,YieldingYams,12602535
2026-07-08T19:19:10.221156,2026-07-08T19:19:10.230312+00:00,153.0,125,bid,AverageAlmonds,YieldingYams,12602541
2026-07-08T19:19:10.909179,2026-07-08T19:19:10.917912+00:00,153.0,200,ask,AverageAlmonds,WavyWalnuts,12602554
2026-07-08T19:19:12.641537,2026-07-08T19:19:12.652009+00:00,153.1,200,bid,AverageAlmonds,WavyWalnuts,12602575
2026-07-08T19:19:13.481021,2026-07-08T19:19:13.492592+00:00,153.1,200,bid,YieldingYams,WavyWalnuts,12602589
2026-07-08T19:19:14.657050,2026-07-08T19:19:14.663571+00:00,153.4,20,bid,BrilliantBurritos,YieldingYams,12602600
2026-07-08T19:19:14.794104,2026-07-08T19:19:14.804850+00:00,153.1,200,ask,WavyWalnuts,YieldingYams,12602605
2026-07-08T19:19:15.073539,2026-07-08T19:19:15.084459+00:00,153.1,425,bid,AverageAlmonds,YieldingYams,12602607
2026-07-08T19:19:16.940048,2026-07-08T19:19:16.949428+00:00,153.2,200,ask,YieldingYams,WavyWalnuts,12602633
2026-07-08T19:19:17.325249,2026-07-08T19:19:17.336474+00:00,153.2,20,ask,YieldingYams,BrilliantBurritos,12602637
2026-07-08T19:19:18.838295,2026-07-08T19:19:18.842064+00:00,153.3,12,bid,Xuanyu Liu,YieldingYams,12602654
2026-07-08T19:19:20.026559,2026-07-08T19:19:20.037771+00:00,153.3,200,bid,YieldingYams,WavyWalnuts,12602665
2026-07-08T19:19:22.359494,2026-07-08T19:19:22.378375+00:00,153.2,12,ask,AverageAlmonds,Xuanyu Liu,12602700
2026-07-08T19:19:22.648952,2026-07-08T19:19:22.659149+00:00,153.2,488,ask,AverageAlmonds,YieldingYams,12602710
2026-07-08T19:19:22.946976,2026-07-08T19:19:22.958562+00:00,153.2,137,bid,AverageAlmonds,YieldingYams,12602715
2026-07-08T19:19:24.226017,2026-07-08T19:19:24.230437+00:00,153.3,11,ask,WavyWalnuts,Xuanyu Liu,12602736
2026-07-08T19:19:25.108619,2026-07-08T19:19:25.112510+00:00,153.4,11,bid,Xuanyu Liu,YieldingYams,12602749
2026-07-08T19:19:25.997133,2026-07-08T19:19:26.006281+00:00,153.3,20,ask,YieldingYams,BrilliantBurritos,12602763
2026-07-08T19:19:27.911825,2026-07-08T19:19:27.919697+00:00,153.4,200,bid,YieldingYams,WavyWalnuts,12602790
2026-07-08T19:19:30.547386,2026-07-08T19:19:30.554761+00:00,153.6,200,bid,YieldingYams,WavyWalnuts,12602830
2026-07-08T19:19:31.064696,2026-07-08T19:19:31.068945+00:00,153.8,12,bid,Xuanyu Liu,YieldingYams,12602841
2026-07-08T19:19:37.093985,2026-07-08T19:19:37.100841+00:00,153.5,200,ask,WavyWalnuts,YieldingYams,12602927
2026-07-08T19:19:37.093985,2026-07-08T19:19:37.106061+00:00,153.5,425,ask,AverageAlmonds,YieldingYams,12602928
2026-07-08T19:19:37.556190,2026-07-08T19:19:37.559578+00:00,153.6,11,bid,Xuanyu Liu,WavyWalnuts,12602935
2026-07-08T19:19:38.093925,2026-07-08T19:19:38.105805+00:00,153.6,189,bid,AverageAlmonds,WavyWalnuts,12602943
2026-07-08T19:19:39.900360,2026-07-08T19:19:39.907805+00:00,153.7,200,bid,AverageAlmonds,WavyWalnuts,12602979
2026-07-08T19:19:40.925616,2026-07-08T19:19:40.930271+00:00,153.9,23,bid,Xuanyu Liu,YieldingYams,12602994
2026-07-08T19:19:41.020665,2026-07-08T19:19:41.028994+00:00,153.9,200,bid,YieldingYams,WavyWalnuts,12602999
2026-07-08T19:19:41.183777,2026-07-08T19:19:41.194146+00:00,153.9,200,ask,YieldingYams,WavyWalnuts,12603002
2026-07-08T19:19:45.345363,2026-07-08T19:19:45.358548+00:00,153.9,200,bid,AverageAlmonds,WavyWalnuts,12603061
2026-07-08T19:19:45.345363,2026-07-08T19:19:45.358548+00:00,153.9,300,bid,AverageAlmonds,YieldingYams,12603062
2026-07-08T19:19:46.034970,2026-07-08T19:19:46.043099+00:00,153.8,200,ask,AverageAlmonds,WavyWalnuts,12603073
2026-07-08T19:19:47.585491,2026-07-08T19:19:47.592599+00:00,153.9,200,ask,WavyWalnuts,YieldingYams,12603100
2026-07-08T19:19:47.605285,2026-07-08T19:19:47.609246+00:00,153.9,11,bid,Xuanyu Liu,YieldingYams,12603102
2026-07-08T19:19:49.677113,2026-07-08T19:19:49.687003+00:00,153.8,200,ask,YieldingYams,WavyWalnuts,12603139
2026-07-08T19:19:50.794692,2026-07-08T19:19:50.803507+00:00,153.9,500,bid,AverageAlmonds,YieldingYams,12603152
2026-07-08T19:19:51.391349,2026-07-08T19:19:51.402573+00:00,153.9,125,bid,AverageAlmonds,YieldingYams,12603165
2026-07-08T19:19:51.391349,2026-07-08T19:19:51.402573+00:00,153.9,200,bid,AverageAlmonds,WavyWalnuts,12603166
2026-07-08T19:19:52.093742,2026-07-08T19:19:52.104948+00:00,153.9,200,ask,AverageAlmonds,WavyWalnuts,12603170
2026-07-08T19:19:52.832494,2026-07-08T19:19:52.841275+00:00,153.9,500,ask,AverageAlmonds,YieldingYams,12603178
2026-07-08T19:19:53.625424,2026-07-08T19:19:53.629775+00:00,153.8,22,ask,AverageAlmonds,Xuanyu Liu,12603189
2026-07-08T19:19:54.519749,2026-07-08T19:19:54.527876+00:00,153.8,200,ask,YieldingYams,WavyWalnuts,12603198
2026-07-08T19:19:59.364627,2026-07-08T19:19:59.374604+00:00,153.7,200,ask,YieldingYams,WavyWalnuts,12603262
2026-07-08T19:20:05.971242,2026-07-08T19:20:05.975837+00:00,153.8,12,ask,YieldingYams,Xuanyu Liu,12603345
2026-07-08T19:20:07.126456,2026-07-08T19:20:07.136726+00:00,153.9,200,bid,AverageAlmonds,WavyWalnuts,12603362
2026-07-08T19:20:07.146242,2026-07-08T19:20:07.149892+00:00,153.9,11,ask,AverageAlmonds,Xuanyu Liu,12603364
2026-07-08T19:20:08.024550,2026-07-08T19:20:08.036333+00:00,153.9,20,ask,YieldingYams,BrilliantBurritos,12603378
2026-07-08T19:20:08.581161,2026-07-08T19:20:08.585182+00:00,154.0,12,ask,YieldingYams,Xuanyu Liu,12603389
2026-07-08T19:20:11.227755,2026-07-08T19:20:11.240714+00:00,154.1,20,ask,YieldingYams,BrilliantBurritos,12603449
2026-07-08T19:20:12.618454,2026-07-08T19:20:12.622993+00:00,154.1,11,ask,YieldingYams,Xuanyu Liu,12603469
2026-07-08T19:20:12.676904,2026-07-08T19:20:12.686576+00:00,154.1,200,ask,YieldingYams,WavyWalnuts,12603471
2026-07-08T19:20:17.509630,2026-07-08T19:20:17.519897+00:00,154.0,200,ask,YieldingYams,WavyWalnuts,12603534
2026-07-08T19:20:18.715211,2026-07-08T19:20:18.721959+00:00,154.0,200,bid,WavyWalnuts,YieldingYams,12603546
2026-07-08T19:20:18.935226,2026-07-08T19:20:18.939355+00:00,153.9,3,ask,AverageAlmonds,Xuanyu Liu,12603552
2026-07-08T19:20:19.231818,2026-07-08T19:20:19.238793+00:00,154.0,500,bid,AverageAlmonds,YieldingYams,12603557
2026-07-08T19:20:19.826538,2026-07-08T19:20:19.836104+00:00,154.0,125,bid,AverageAlmonds,YieldingYams,12603563
