timestamp,recv_time,price,volume,aggressor_side,buyer,seller,trade_id
2026-07-01T02:00:00.316190,2026-07-01T02:00:00.260675+00:00,85.5,6,ask,Kelvin Chan,YieldingYams,1467800
2026-07-01T02:00:00.316190,2026-07-01T02:00:00.260675+00:00,85.5,200,ask,WavyWalnuts,YieldingYams,1467801
2026-07-01T02:00:00.860027,2026-07-01T02:00:00.828603+00:00,85.5,25,bid,Alice Feng,YieldingYams,1467824
2026-07-01T02:00:01.909006,2026-07-01T02:00:01.920252+00:00,85.5,25,bid,Alice Feng,WavyWalnuts,1467848
2026-07-01T02:00:02.118600,2026-07-01T02:00:02.124883+00:00,85.4,2,ask,Kelvin Chan,Alice Feng,1467850
2026-07-01T02:00:02.324431,2026-07-01T02:00:02.330138+00:00,85.4,1,ask,AverageAlmonds,Alice Feng,1467855
2026-07-01T02:00:02.324431,2026-07-01T02:00:02.330138+00:00,85.4,1,ask,Kelvin Chan,Alice Feng,1467856
2026-07-01T02:00:02.531731,2026-07-01T02:00:02.535751+00:00,85.4,2,ask,AverageAlmonds,Alice Feng,1467859
2026-07-01T02:00:02.572724,2026-07-01T02:00:02.580705+00:00,85.4,200,ask,AverageAlmonds,WavyWalnuts,1467862
2026-07-01T02:00:02.745851,2026-07-01T02:00:02.756907+00:00,85.4,2,ask,AverageAlmonds,Alice Feng,1467867
2026-07-01T02:00:02.943096,2026-07-01T02:00:02.962204+00:00,85.4,296,ask,AverageAlmonds,YieldingYams,1467878
2026-07-01T02:00:02.943096,2026-07-01T02:00:02.962204+00:00,85.4,3,ask,Kelvin Chan,YieldingYams,1467879
2026-07-01T02:00:02.943096,2026-07-01T02:00:02.962204+00:00,85.2,200,ask,WavyWalnuts,YieldingYams,1467880
2026-07-01T02:00:02.954402,2026-07-01T02:00:02.962204+00:00,85.2,3,bid,Xuanyu Liu,YieldingYams,1467882
2026-07-01T02:00:02.957483,2026-07-01T02:00:02.962204+00:00,85.2,8,bid,Alice Feng,YieldingYams,1467883
2026-07-01T02:00:03.102927,2026-07-01T02:00:03.106128+00:00,85.2,115,bid,AverageAlmonds,YieldingYams,1467886
2026-07-01T02:00:03.123981,2026-07-01T02:00:03.134216+00:00,85.5,3,ask,AverageAlmonds,Xuanyu Liu,1467887
2026-07-01T02:00:03.168460,2026-07-01T02:00:03.175415+00:00,85.5,2,ask,AverageAlmonds,Alice Feng,1467890
2026-07-01T02:00:03.362578,2026-07-01T02:00:03.371630+00:00,85.5,4,ask,AverageAlmonds,Harry North,1467894
2026-07-01T02:00:03.373409,2026-07-01T02:00:03.381890+00:00,85.5,2,ask,AverageAlmonds,Alice Feng,1467896
2026-07-01T02:00:03.578020,2026-07-01T02:00:03.586931+00:00,85.5,2,ask,AverageAlmonds,Alice Feng,1467903
2026-07-01T02:00:03.778668,2026-07-01T02:00:03.785463+00:00,85.4,200,ask,AverageAlmonds,WavyWalnuts,1467917
2026-07-01T02:00:03.787618,2026-07-01T02:00:03.795766+00:00,85.4,2,ask,AverageAlmonds,Alice Feng,1467919
2026-07-01T02:00:04.402909,2026-07-01T02:00:04.410006+00:00,85.5,2,ask,AverageAlmonds,Alice Feng,1467938
2026-07-01T02:00:04.607113,2026-07-01T02:00:04.614097+00:00,85.5,2,ask,AverageAlmonds,Alice Feng,1467940
2026-07-01T02:00:04.675303,2026-07-01T02:00:04.685660+00:00,85.6,2,bid,Harry North,YieldingYams,1467941
2026-07-01T02:00:04.811714,2026-07-01T02:00:04.818640+00:00,85.5,2,ask,AverageAlmonds,Alice Feng,1467944
2026-07-01T02:00:04.893101,2026-07-01T02:00:04.900606+00:00,85.6,2,bid,Harry North,YieldingYams,1467946
2026-07-01T02:00:04.989749,2026-07-01T02:00:04.993280+00:00,85.5,200,ask,AverageAlmonds,WavyWalnuts,1467950
2026-07-01T02:00:05.104533,2026-07-01T02:00:05.116450+00:00,85.6,2,bid,Harry North,YieldingYams,1467957
2026-07-01T02:00:05.224726,2026-07-01T02:00:05.229277+00:00,85.5,2,ask,AverageAlmonds,Alice Feng,1467961
2026-07-01T02:00:05.271651,2026-07-01T02:00:05.280698+00:00,85.6,12,bid,Xuanyu Liu,YieldingYams,1467964
2026-07-01T02:00:05.317287,2026-07-01T02:00:05.321909+00:00,85.6,7,bid,Harry North,YieldingYams,1467966
2026-07-01T02:00:05.434896,2026-07-01T02:00:05.445141+00:00,85.6,16,bid,Alice Feng,YieldingYams,1467969
2026-07-01T02:00:05.565837,2026-07-01T02:00:05.568441+00:00,85.5,500,ask,AverageAlmonds,YieldingYams,1467973
2026-07-01T02:00:05.570618,2026-07-01T02:00:05.588662+00:00,85.5,6,bid,Harry North,YieldingYams,1467974
2026-07-01T02:00:05.579844,2026-07-01T02:00:05.588662+00:00,85.5,11,bid,Xuanyu Liu,YieldingYams,1467976
2026-07-01T02:00:06.114458,2026-07-01T02:00:06.118030+00:00,85.5,108,bid,AverageAlmonds,YieldingYams,1467989
2026-07-01T02:00:06.725502,2026-07-01T02:00:06.730720+00:00,85.6,200,bid,AverageAlmonds,WavyWalnuts,1468000
2026-07-01T02:00:06.812385,2026-07-01T02:00:06.823540+00:00,85.6,5,ask,AverageAlmonds,Harry North,1468008
2026-07-01T02:00:06.865841,2026-07-01T02:00:06.887076+00:00,85.6,3,ask,AverageAlmonds,Xuanyu Liu,1468011
2026-07-01T02:00:07.061864,2026-07-01T02:00:07.073119+00:00,85.6,5,ask,AverageAlmonds,Harry North,1468020
2026-07-01T02:00:07.256099,2026-07-01T02:00:07.257928+00:00,85.8,2,bid,Zijun Feng,Kelvin Chan,1468024
2026-07-01T02:00:07.256099,2026-07-01T02:00:07.268203+00:00,85.8,3,bid,Zijun Feng,YieldingYams,1468025
2026-07-01T02:00:07.274562,2026-07-01T02:00:07.278611+00:00,85.6,5,ask,YieldingYams,Harry North,1468028
2026-07-01T02:00:07.416630,2026-07-01T02:00:07.424205+00:00,85.6,200,ask,YieldingYams,WavyWalnuts,1468037
2026-07-01T02:00:07.489120,2026-07-01T02:00:07.496847+00:00,85.6,5,ask,YieldingYams,Harry North,1468041
2026-07-01T02:00:07.700454,2026-07-01T02:00:07.702426+00:00,85.6,5,ask,AverageAlmonds,Harry North,1468045
2026-07-01T02:00:07.971359,2026-07-01T02:00:07.979403+00:00,85.6,4,ask,YieldingYams,Xuanyu Liu,1468053
2026-07-01T02:00:08.185573,2026-07-01T02:00:08.194984+00:00,85.6,500,ask,AverageAlmonds,YieldingYams,1468061
2026-07-01T02:00:08.386352,2026-07-01T02:00:08.390058+00:00,85.6,20,bid,BrilliantBurritos,YieldingYams,1468063
2026-07-01T02:00:08.483670,2026-07-01T02:00:08.493402+00:00,85.5,4,ask,YieldingYams,Xuanyu Liu,1468064
2026-07-01T02:00:08.527212,2026-07-01T02:00:08.534692+00:00,85.6,105,bid,AverageAlmonds,YieldingYams,1468066
2026-07-01T02:00:08.527212,2026-07-01T02:00:08.534692+00:00,85.7,11,bid,AverageAlmonds,Kelvin Chan,1468067
2026-07-01T02:00:08.551124,2026-07-01T02:00:08.561402+00:00,85.7,23,ask,AverageAlmonds,Xuanyu Liu,1468068
2026-07-01T02:00:08.587743,2026-07-01T02:00:08.592372+00:00,85.7,4,ask,AverageAlmonds,Harry North,1468070
2026-07-01T02:00:08.629303,2026-07-01T02:00:08.633540+00:00,85.7,200,ask,AverageAlmonds,WavyWalnuts,1468076
2026-07-01T02:00:08.799542,2026-07-01T02:00:08.807548+00:00,85.7,4,ask,AverageAlmonds,Harry North,1468078
2026-07-01T02:00:10.800368,2026-07-01T02:00:10.806458+00:00,85.7,200,ask,WavyWalnuts,YieldingYams,1468121
2026-07-01T02:00:10.800368,2026-07-01T02:00:10.806458+00:00,85.7,425,ask,AverageAlmonds,YieldingYams,1468122
2026-07-01T02:00:11.066218,2026-07-01T02:00:11.069585+00:00,85.8,3,bid,BrilliantBurritos,Kelvin Chan,1468133
2026-07-01T02:00:11.066218,2026-07-01T02:00:11.080034+00:00,85.8,17,bid,BrilliantBurritos,WavyWalnuts,1468134
2026-07-01T02:00:12.108283,2026-07-01T02:00:12.118182+00:00,85.8,183,bid,YieldingYams,WavyWalnuts,1468151
2026-07-01T02:00:12.108283,2026-07-01T02:00:12.118182+00:00,85.8,3,bid,YieldingYams,Kelvin Chan,1468152
2026-07-01T02:00:13.420370,2026-07-01T02:00:13.431268+00:00,85.8,200,ask,WavyWalnuts,YieldingYams,1468171
2026-07-01T02:00:13.466064,2026-07-01T02:00:13.472549+00:00,85.7,200,ask,AverageAlmonds,WavyWalnuts,1468178
2026-07-01T02:00:13.481579,2026-07-01T02:00:13.493182+00:00,85.8,2,bid,Harry North,YieldingYams,1468180
2026-07-01T02:00:13.692500,2026-07-01T02:00:13.697678+00:00,85.8,2,bid,Harry North,YieldingYams,1468182
2026-07-01T02:00:13.903006,2026-07-01T02:00:13.912455+00:00,85.8,2,bid,Harry North,YieldingYams,1468184
2026-07-01T02:00:14.674107,2026-07-01T02:00:14.685035+00:00,85.8,200,bid,WavyWalnuts,YieldingYams,1468215
2026-07-01T02:00:16.036708,2026-07-01T02:00:16.053948+00:00,85.8,200,bid,YieldingYams,WavyWalnuts,1468252
2026-07-01T02:00:16.036708,2026-07-01T02:00:16.053948+00:00,85.9,1,bid,YieldingYams,Kelvin Chan,1468253
2026-07-01T02:00:16.045193,2026-07-01T02:00:16.053948+00:00,85.9,3,ask,YieldingYams,Xuanyu Liu,1468254
2026-07-01T02:00:17.094942,2026-07-01T02:00:17.101277+00:00,85.9,200,ask,YieldingYams,WavyWalnuts,1468277
2026-07-01T02:00:18.095108,2026-07-01T02:00:18.101767+00:00,85.8,2,bid,Harry North,YieldingYams,1468304
2026-07-01T02:00:18.301707,2026-07-01T02:00:18.308314+00:00,85.8,200,bid,WavyWalnuts,YieldingYams,1468311
2026-07-01T02:00:18.310823,2026-07-01T02:00:18.318744+00:00,85.8,2,bid,Harry North,YieldingYams,1468313
2026-07-01T02:00:20.723627,2026-07-01T02:00:20.734861+00:00,85.9,200,bid,WavyWalnuts,YieldingYams,1468350
2026-07-01T02:00:23.275302,2026-07-01T02:00:23.279978+00:00,86.0,1,bid,BrilliantBurritos,Kelvin Chan,1468411
2026-07-01T02:00:23.275302,2026-07-01T02:00:23.279978+00:00,86.0,19,bid,BrilliantBurritos,YieldingYams,1468412
2026-07-01T02:00:23.918855,2026-07-01T02:00:23.928915+00:00,85.8,200,ask,WavyWalnuts,YieldingYams,1468427
2026-07-01T02:00:24.355285,2026-07-01T02:00:24.360845+00:00,85.7,200,ask,YieldingYams,WavyWalnuts,1468438
2026-07-01T02:00:24.482505,2026-07-01T02:00:24.494663+00:00,85.7,3,ask,YieldingYams,Harry North,1468441
2026-07-01T02:00:24.488389,2026-07-01T02:00:24.494663+00:00,85.7,25,ask,YieldingYams,Alice Feng,1468442
2026-07-01T02:00:24.697669,2026-07-01T02:00:24.701873+00:00,85.7,3,ask,YieldingYams,Harry North,1468456
2026-07-01T02:00:24.700715,2026-07-01T02:00:24.712252+00:00,85.7,25,ask,YieldingYams,Alice Feng,1468457
2026-07-01T02:00:24.884308,2026-07-01T02:00:24.888973+00:00,85.8,425,bid,AverageAlmonds,YieldingYams,1468463
2026-07-01T02:00:24.917414,2026-07-01T02:00:24.930726+00:00,85.8,25,ask,AverageAlmonds,Alice Feng,1468466
2026-07-01T02:00:24.917574,2026-07-01T02:00:24.930726+00:00,85.8,5,ask,AverageAlmonds,Harry North,1468467
2026-07-01T02:00:25.136392,2026-07-01T02:00:25.146942+00:00,85.8,25,ask,AverageAlmonds,Alice Feng,1468472
2026-07-01T02:00:25.226386,2026-07-01T02:00:25.228970+00:00,85.9,2,bid,YieldingYams,Kelvin Chan,1468474
2026-07-01T02:00:25.240387,2026-07-01T02:00:25.251794+00:00,85.9,3,ask,YieldingYams,Xuanyu Liu,1468475
2026-07-01T02:00:25.348374,2026-07-01T02:00:25.354432+00:00,85.9,25,ask,YieldingYams,Alice Feng,1468479
2026-07-01T02:00:25.565237,2026-07-01T02:00:25.570530+00:00,85.9,200,ask,YieldingYams,WavyWalnuts,1468486
2026-07-01T02:00:25.949857,2026-07-01T02:00:25.951771+00:00,85.9,10,ask,YieldingYams,Zijun Feng,1468498
2026-07-01T02:00:26.163904,2026-07-01T02:00:26.173702+00:00,85.9,25,ask,YieldingYams,Alice Feng,1468505
2026-07-01T02:00:26.373451,2026-07-01T02:00:26.378946+00:00,85.9,25,ask,YieldingYams,Alice Feng,1468509
2026-07-01T02:00:26.460205,2026-07-01T02:00:26.471650+00:00,85.9,5,ask,YieldingYams,Zijun Feng,1468515
2026-07-01T02:00:26.774439,2026-07-01T02:00:26.779624+00:00,85.7,200,ask,YieldingYams,WavyWalnuts,1468522
2026-07-01T02:00:26.880286,2026-07-01T02:00:26.882313+00:00,85.9,2,bid,Harry North,YieldingYams,1468527
2026-07-01T02:00:27.090996,2026-07-01T02:00:27.097902+00:00,85.9,2,bid,Harry North,YieldingYams,1468530
2026-07-01T02:00:27.407206,2026-07-01T02:00:27.416977+00:00,85.9,3,bid,Xuanyu Liu,YieldingYams,1468536
2026-07-01T02:00:27.665511,2026-07-01T02:00:27.673485+00:00,85.9,1,bid,Harry North,YieldingYams,1468544
2026-07-01T02:00:27.876645,2026-07-01T02:00:27.878664+00:00,85.8,2,bid,Harry North,YieldingYams,1468550
2026-07-01T02:00:27.981527,2026-07-01T02:00:27.992205+00:00,85.7,200,ask,YieldingYams,WavyWalnuts,1468555
2026-07-01T02:00:28.088133,2026-07-01T02:00:28.095111+00:00,85.8,2,bid,Harry North,YieldingYams,1468561
2026-07-01T02:00:28.298864,2026-07-01T02:00:28.300683+00:00,85.8,2,bid,Harry North,YieldingYams,1468568
2026-07-01T02:00:28.512442,2026-07-01T02:00:28.517102+00:00,85.8,2,bid,Harry North,YieldingYams,1468582
2026-07-01T02:00:28.764447,2026-07-01T02:00:28.774219+00:00,85.8,2,bid,Harry North,YieldingYams,1468586
2026-07-01T02:00:28.975930,2026-07-01T02:00:28.979195+00:00,85.8,2,bid,Harry North,YieldingYams,1468591
2026-07-01T02:00:29.188088,2026-07-01T02:00:29.195802+00:00,85.9,1,bid,Harry North,YieldingYams,1468601
2026-07-01T02:00:29.190772,2026-07-01T02:00:29.195802+00:00,85.7,200,ask,AverageAlmonds,WavyWalnuts,1468602
2026-07-01T02:00:29.393872,2026-07-01T02:00:29.402811+00:00,85.7,25,ask,AverageAlmonds,Alice Feng,1468613
2026-07-01T02:00:29.498026,2026-07-01T02:00:29.505742+00:00,85.9,2,bid,Zijun Feng,YieldingYams,1468616
2026-07-01T02:00:29.608558,2026-07-01T02:00:29.618974+00:00,85.9,2,bid,Alice Feng,YieldingYams,1468617
2026-07-01T02:00:29.814723,2026-07-01T02:00:29.824969+00:00,85.9,2,bid,Alice Feng,YieldingYams,1468623
2026-07-01T02:00:30.019036,2026-07-01T02:00:30.020854+00:00,85.9,2,bid,Alice Feng,YieldingYams,1468625
2026-07-01T02:00:30.223611,2026-07-01T02:00:30.235803+00:00,85.9,2,bid,Alice Feng,YieldingYams,1468627
2026-07-01T02:00:30.399021,2026-07-01T02:00:30.400928+00:00,85.8,200,ask,AverageAlmonds,WavyWalnuts,1468632
2026-07-01T02:00:30.627981,2026-07-01T02:00:30.638414+00:00,85.8,8,ask,AverageAlmonds,Alice Feng,1468644
2026-07-01T02:00:31.608397,2026-07-01T02:00:31.613441+00:00,85.8,200,ask,AverageAlmonds,WavyWalnuts,1468666
2026-07-01T02:00:33.078053,2026-07-01T02:00:33.081937+00:00,85.9,200,bid,YieldingYams,WavyWalnuts,1468701
2026-07-01T02:00:35.895880,2026-07-01T02:00:35.968918+00:00,85.9,2,bid,Harry North,WavyWalnuts,1468762
2026-07-01T02:00:36.117342,2026-07-01T02:00:36.159283+00:00,85.7,2,ask,WavyWalnuts,Zijun Feng,1468766
2026-07-01T02:00:37.012520,2026-07-01T02:00:37.017832+00:00,85.9,200,bid,YieldingYams,WavyWalnuts,1468785
2026-07-01T02:00:37.655727,2026-07-01T02:00:37.665357+00:00,85.9,200,ask,YieldingYams,WavyWalnuts,1468811
2026-07-01T02:00:39.636597,2026-07-01T02:00:39.647691+00:00,85.9,200,ask,WavyWalnuts,YieldingYams,1468867
2026-07-01T02:00:40.946239,2026-07-01T02:00:40.952627+00:00,85.9,200,bid,YieldingYams,WavyWalnuts,1468887
2026-07-01T02:00:41.283517,2026-07-01T02:00:41.286310+00:00,86.0,200,bid,WavyWalnuts,AverageAlmonds,1468897
2026-07-01T02:00:42.273751,2026-07-01T02:00:42.276470+00:00,86.0,20,bid,BrilliantBurritos,AverageAlmonds,1468910
2026-07-01T02:00:42.491723,2026-07-01T02:00:42.494531+00:00,85.9,200,ask,YieldingYams,WavyWalnuts,1468922
2026-07-01T02:00:43.697161,2026-07-01T02:00:43.700350+00:00,85.9,200,bid,WavyWalnuts,YieldingYams,1468933
2026-07-01T02:00:44.886606,2026-07-01T02:00:44.890494+00:00,85.9,500,bid,YieldingYams,AverageAlmonds,1468950
2026-07-01T02:00:46.120193,2026-07-01T02:00:46.124380+00:00,86.0,200,bid,WavyWalnuts,AverageAlmonds,1468974
2026-07-01T02:00:46.280610,2026-07-01T02:00:46.288567+00:00,85.8,3,bid,Harry North,YieldingYams,1468982
2026-07-01T02:00:46.977428,2026-07-01T02:00:46.987305+00:00,85.7,2,ask,YieldingYams,Harry North,1468991
2026-07-01T02:00:47.194872,2026-07-01T02:00:47.202765+00:00,85.7,2,ask,YieldingYams,Harry North,1468999
2026-07-01T02:00:47.331177,2026-07-01T02:00:47.336454+00:00,85.8,200,bid,WavyWalnuts,YieldingYams,1469002
2026-07-01T02:00:47.406594,2026-07-01T02:00:47.408632+00:00,85.7,2,ask,YieldingYams,Harry North,1469006
2026-07-01T02:00:48.423874,2026-07-01T02:00:48.427563+00:00,85.6,5,ask,YieldingYams,Harry North,1469022
2026-07-01T02:00:48.441767,2026-07-01T02:00:48.448349+00:00,85.8,20,bid,BrilliantBurritos,YieldingYams,1469024
2026-07-01T02:00:48.542753,2026-07-01T02:00:48.552099+00:00,85.8,200,bid,WavyWalnuts,YieldingYams,1469028
2026-07-01T02:00:48.661256,2026-07-01T02:00:48.665839+00:00,85.6,5,ask,YieldingYams,Harry North,1469033
2026-07-01T02:00:48.818252,2026-07-01T02:00:48.820318+00:00,85.8,41,bid,YieldingYams,Kelvin Chan,1469035
2026-07-01T02:00:48.831823,2026-07-01T02:00:48.840972+00:00,85.8,3,ask,YieldingYams,Xuanyu Liu,1469036
2026-07-01T02:00:49.102607,2026-07-01T02:00:49.110790+00:00,85.8,500,ask,YieldingYams,AverageAlmonds,1469042
2026-07-01T02:00:49.701016,2026-07-01T02:00:49.708896+00:00,85.8,81,ask,YieldingYams,AverageAlmonds,1469061
2026-07-01T02:00:49.749197,2026-07-01T02:00:49.760751+00:00,85.8,200,bid,WavyWalnuts,AverageAlmonds,1469064
2026-07-01T02:00:49.772646,2026-07-01T02:00:49.781350+00:00,85.8,2,bid,Harry North,AverageAlmonds,1469066
2026-07-01T02:00:49.834992,2026-07-01T02:00:49.843381+00:00,85.5,2,ask,Kelvin Chan,Zijun Feng,1469069
2026-07-01T02:00:49.985901,2026-07-01T02:00:49.997736+00:00,85.8,2,bid,Harry North,AverageAlmonds,1469070
2026-07-01T02:00:50.956337,2026-07-01T02:00:50.964334+00:00,85.8,200,bid,WavyWalnuts,YieldingYams,1469085
2026-07-01T02:00:51.063348,2026-07-01T02:00:51.067422+00:00,85.6,20,ask,YieldingYams,BrilliantBurritos,1469087
2026-07-01T02:00:52.770604,2026-07-01T02:00:52.779038+00:00,85.8,200,bid,YieldingYams,WavyWalnuts,1469120
2026-07-01T02:00:52.770604,2026-07-01T02:00:52.779038+00:00,85.9,4,bid,YieldingYams,Kelvin Chan,1469121
2026-07-01T02:00:52.770604,2026-07-01T02:00:52.779038+00:00,85.9,421,bid,YieldingYams,AverageAlmonds,1469122
2026-07-01T02:00:53.377738,2026-07-01T02:00:53.386698+00:00,85.8,11,ask,WavyWalnuts,Xuanyu Liu,1469136
2026-07-01T02:00:53.395371,2026-07-01T02:00:53.397186+00:00,85.8,10,ask,WavyWalnuts,Zijun Feng,1469139
2026-07-01T02:00:54.082566,2026-07-01T02:00:54.086373+00:00,85.8,179,ask,WavyWalnuts,YieldingYams,1469150
2026-07-01T02:00:54.581787,2026-07-01T02:00:54.591140+00:00,85.7,200,bid,WavyWalnuts,YieldingYams,1469170
2026-07-01T02:00:55.407532,2026-07-01T02:00:55.415930+00:00,85.7,5,ask,YieldingYams,Harry North,1469188
2026-07-01T02:00:55.429729,2026-07-01T02:00:55.436628+00:00,85.7,10,ask,YieldingYams,Zijun Feng,1469191
2026-07-01T02:00:55.621391,2026-07-01T02:00:55.630638+00:00,85.7,4,ask,YieldingYams,Harry North,1469192
2026-07-01T02:00:57.011551,2026-07-01T02:00:57.016044+00:00,85.7,200,ask,YieldingYams,WavyWalnuts,1469231
2026-07-01T02:00:57.489851,2026-07-01T02:00:57.499179+00:00,85.7,10,ask,YieldingYams,Zijun Feng,1469242
2026-07-01T02:01:00.037189,2026-07-01T02:01:00.041025+00:00,85.6,10,ask,YieldingYams,Zijun Feng,1469289
2026-07-01T02:01:01.864436,2026-07-01T02:01:01.870665+00:00,85.6,200,ask,YieldingYams,WavyWalnuts,1469329
2026-07-01T02:01:02.092934,2026-07-01T02:01:02.098074+00:00,85.5,2,ask,Kelvin Chan,Zijun Feng,1469337
2026-07-01T02:01:02.092934,2026-07-01T02:01:02.098074+00:00,85.5,6,ask,AverageAlmonds,Zijun Feng,1469338
2026-07-01T02:01:02.224163,2026-07-01T02:01:02.231841+00:00,85.5,20,ask,AverageAlmonds,BrilliantBurritos,1469340
2026-07-01T02:01:02.370261,2026-07-01T02:01:02.375527+00:00,85.6,2,ask,Kelvin Chan,Harry North,1469345
2026-07-01T02:01:02.581250,2026-07-01T02:01:02.592305+00:00,85.6,2,ask,Kelvin Chan,Harry North,1469350
2026-07-01T02:01:02.793025,2026-07-01T02:01:02.797638+00:00,85.6,1,ask,AverageAlmonds,Harry North,1469359
2026-07-01T02:01:02.793025,2026-07-01T02:01:02.797638+00:00,85.6,1,ask,Kelvin Chan,Harry North,1469360
2026-07-01T02:01:03.031449,2026-07-01T02:01:03.035684+00:00,85.6,2,ask,Kelvin Chan,Harry North,1469370
2026-07-01T02:01:03.279094,2026-07-01T02:01:03.283381+00:00,85.6,2,ask,Kelvin Chan,Harry North,1469389
2026-07-01T02:01:03.490928,2026-07-01T02:01:03.499648+00:00,85.5,1,ask,AverageAlmonds,Harry North,1469400
2026-07-01T02:01:04.292311,2026-07-01T02:01:04.301488+00:00,85.7,200,bid,WavyWalnuts,YieldingYams,1469413
2026-07-01T02:01:04.570071,2026-07-01T02:01:04.578275+00:00,85.7,12,ask,YieldingYams,Xuanyu Liu,1469419
2026-07-01T02:01:04.688040,2026-07-01T02:01:04.691331+00:00,85.7,1,ask,YieldingYams,Harry North,1469426
2026-07-01T02:01:04.901838,2026-07-01T02:01:04.907375+00:00,85.7,1,ask,YieldingYams,Harry North,1469432
2026-07-01T02:01:05.508618,2026-07-01T02:01:05.514752+00:00,85.7,200,ask,YieldingYams,WavyWalnuts,1469441
2026-07-01T02:01:06.716669,2026-07-01T02:01:06.728445+00:00,85.6,4,ask,Kelvin Chan,WavyWalnuts,1469476
2026-07-01T02:01:06.716669,2026-07-01T02:01:06.728445+00:00,85.6,196,ask,YieldingYams,WavyWalnuts,1469477
2026-07-01T02:01:07.190998,2026-07-01T02:01:07.202264+00:00,85.5,500,ask,AverageAlmonds,YieldingYams,1469491
2026-07-01T02:01:07.190998,2026-07-01T02:01:07.202264+00:00,85.4,125,ask,WavyWalnuts,YieldingYams,1469492
2026-07-01T02:01:08.467925,2026-07-01T02:01:08.476530+00:00,85.5,200,bid,AverageAlmonds,WavyWalnuts,1469522
2026-07-01T02:01:08.504098,2026-07-01T02:01:08.507657+00:00,85.5,300,ask,AverageAlmonds,YieldingYams,1469525
2026-07-01T02:01:08.674508,2026-07-01T02:01:08.682577+00:00,85.4,2,ask,WavyWalnuts,Harry North,1469526
2026-07-01T02:01:08.886246,2026-07-01T02:01:08.888139+00:00,85.4,2,ask,WavyWalnuts,Harry North,1469530
2026-07-01T02:01:09.062970,2026-07-01T02:01:09.073934+00:00,85.5,325,bid,AverageAlmonds,YieldingYams,1469538
2026-07-01T02:01:09.098857,2026-07-01T02:01:09.104908+00:00,85.5,6,ask,AverageAlmonds,Harry North,1469540
2026-07-01T02:01:09.312501,2026-07-01T02:01:09.321027+00:00,85.5,3,ask,AverageAlmonds,Harry North,1469550
2026-07-01T02:01:09.523901,2026-07-01T02:01:09.526505+00:00,85.5,3,ask,AverageAlmonds,Harry North,1469553
2026-07-01T02:01:09.762249,2026-07-01T02:01:09.773140+00:00,85.5,3,ask,AverageAlmonds,Harry North,1469560
2026-07-01T02:01:09.810150,2026-07-01T02:01:09.826155+00:00,85.6,200,bid,YieldingYams,WavyWalnuts,1469562
2026-07-01T02:01:09.816839,2026-07-01T02:01:09.826155+00:00,85.6,11,ask,YieldingYams,Xuanyu Liu,1469564
2026-07-01T02:01:09.974085,2026-07-01T02:01:09.980409+00:00,85.6,6,ask,YieldingYams,Harry North,1469569
2026-07-01T02:01:10.232413,2026-07-01T02:01:10.239286+00:00,85.6,10,ask,YieldingYams,Zijun Feng,1469585
2026-07-01T02:01:11.276671,2026-07-01T02:01:11.281050+00:00,85.7,1,bid,Harry North,WavyWalnuts,1469622
2026-07-01T02:01:11.488204,2026-07-01T02:01:11.496510+00:00,85.7,1,bid,Harry North,WavyWalnuts,1469625
2026-07-01T02:01:11.551328,2026-07-01T02:01:11.558988+00:00,85.5,200,ask,YieldingYams,WavyWalnuts,1469629
2026-07-01T02:01:11.704395,2026-07-01T02:01:11.712760+00:00,85.7,4,bid,Harry North,YieldingYams,1469633
2026-07-01T02:01:11.915305,2026-07-01T02:01:11.917366+00:00,85.7,4,bid,Harry North,YieldingYams,1469636
2026-07-01T02:01:12.130302,2026-07-01T02:01:12.143558+00:00,85.7,4,bid,Harry North,YieldingYams,1469639
2026-07-01T02:01:12.439187,2026-07-01T02:01:12.443413+00:00,85.5,500,ask,AverageAlmonds,YieldingYams,1469653
2026-07-01T02:01:12.711095,2026-07-01T02:01:12.722419+00:00,85.5,125,bid,AverageAlmonds,YieldingYams,1469657
2026-07-01T02:01:13.744722,2026-07-01T02:01:13.768743+00:00,85.6,200,bid,YieldingYams,WavyWalnuts,1469680
2026-07-01T02:01:13.758032,2026-07-01T02:01:13.768743+00:00,85.6,12,ask,YieldingYams,Xuanyu Liu,1469681
2026-07-01T02:01:13.878551,2026-07-01T02:01:13.882633+00:00,85.6,2,ask,YieldingYams,Harry North,1469688
2026-07-01T02:01:14.089913,2026-07-01T02:01:14.100024+00:00,85.6,2,ask,YieldingYams,Harry North,1469696
2026-07-01T02:01:14.302762,2026-07-01T02:01:14.305428+00:00,85.6,2,ask,YieldingYams,Harry North,1469699
2026-07-01T02:01:15.188738,2026-07-01T02:01:15.191265+00:00,85.6,200,ask,YieldingYams,WavyWalnuts,1469724
2026-07-01T02:01:16.398527,2026-07-01T02:01:16.400505+00:00,85.7,200,bid,WavyWalnuts,YieldingYams,1469743
2026-07-01T02:01:16.833550,2026-07-01T02:01:16.843219+00:00,85.5,10,ask,YieldingYams,Zijun Feng,1469757
2026-07-01T02:01:17.613243,2026-07-01T02:01:17.617023+00:00,85.7,200,bid,WavyWalnuts,YieldingYams,1469780
2026-07-01T02:01:17.695487,2026-07-01T02:01:17.699373+00:00,85.8,200,bid,YieldingYams,WavyWalnuts,1469782
2026-07-01T02:01:18.092420,2026-07-01T02:01:18.101457+00:00,85.8,11,ask,YieldingYams,Xuanyu Liu,1469788
2026-07-01T02:01:18.821906,2026-07-01T02:01:18.833385+00:00,85.8,200,ask,YieldingYams,WavyWalnuts,1469805
2026-07-01T02:01:22.470806,2026-07-01T02:01:22.474683+00:00,85.6,200,ask,YieldingYams,WavyWalnuts,1469883
2026-07-01T02:01:22.938244,2026-07-01T02:01:22.947978+00:00,85.6,10,bid,Xuanyu Liu,YieldingYams,1469890
2026-07-01T02:01:22.993591,2026-07-01T02:01:22.999388+00:00,85.5,10,ask,AverageAlmonds,Zijun Feng,1469893
2026-07-01T02:01:23.676002,2026-07-01T02:01:23.687897+00:00,85.6,200,bid,WavyWalnuts,YieldingYams,1469901
2026-07-01T02:01:24.254765,2026-07-01T02:01:24.268635+00:00,85.7,10,ask,YieldingYams,Xuanyu Liu,1469917
2026-07-01T02:01:24.421750,2026-07-01T02:01:24.432935+00:00,85.7,2,ask,YieldingYams,Harry North,1469926
2026-07-01T02:01:24.665904,2026-07-01T02:01:24.669345+00:00,85.7,2,ask,YieldingYams,Harry North,1469934
2026-07-01T02:01:25.561767,2026-07-01T02:01:25.581133+00:00,85.8,200,bid,YieldingYams,WavyWalnuts,1469949
2026-07-01T02:01:25.573065,2026-07-01T02:01:25.581133+00:00,85.8,11,ask,YieldingYams,Xuanyu Liu,1469950
2026-07-01T02:01:26.099201,2026-07-01T02:01:26.106811+00:00,85.8,200,ask,YieldingYams,WavyWalnuts,1469969
2026-07-01T02:01:28.874507,2026-07-01T02:01:28.878790+00:00,85.7,20,ask,YieldingYams,BrilliantBurritos,1470032
2026-07-01T02:01:29.938782,2026-07-01T02:01:29.941511+00:00,85.8,20,bid,BrilliantBurritos,WavyWalnuts,1470059
2026-07-01T02:01:30.795639,2026-07-01T02:01:30.802424+00:00,85.7,200,ask,WavyWalnuts,YieldingYams,1470069
2026-07-01T02:01:32.128421,2026-07-01T02:01:32.131157+00:00,85.7,200,bid,YieldingYams,WavyWalnuts,1470103
2026-07-01T02:01:32.277631,2026-07-01T02:01:32.285706+00:00,85.8,2,ask,WavyWalnuts,Harry North,1470110
2026-07-01T02:01:33.375437,2026-07-01T02:01:33.385454+00:00,85.9,2,bid,WavyWalnuts,Kelvin Chan,1470133
2026-07-01T02:01:33.375437,2026-07-01T02:01:33.385454+00:00,85.9,198,bid,WavyWalnuts,YieldingYams,1470134
2026-07-01T02:01:35.801348,2026-07-01T02:01:35.804915+00:00,85.9,2,bid,Zijun Feng,Kelvin Chan,1470186
2026-07-01T02:01:35.805591,2026-07-01T02:01:35.815267+00:00,85.8,200,ask,YieldingYams,WavyWalnuts,1470187
2026-07-01T02:01:36.080674,2026-07-01T02:01:36.089852+00:00,85.9,4,bid,Harry North,YieldingYams,1470200
2026-07-01T02:01:36.291271,2026-07-01T02:01:36.294942+00:00,85.9,4,bid,Harry North,YieldingYams,1470202
2026-07-01T02:01:36.310659,2026-07-01T02:01:36.315647+00:00,85.9,8,bid,Zijun Feng,YieldingYams,1470204
2026-07-01T02:01:36.503665,2026-07-01T02:01:36.512166+00:00,85.9,4,bid,Harry North,YieldingYams,1470208
2026-07-01T02:01:36.723866,2026-07-01T02:01:36.727619+00:00,85.9,4,bid,Harry North,YieldingYams,1470213
2026-07-01T02:01:36.934173,2026-07-01T02:01:36.942905+00:00,85.9,3,bid,Harry North,YieldingYams,1470219
2026-07-01T02:01:37.018927,2026-07-01T02:01:37.027909+00:00,85.8,11,bid,Xuanyu Liu,WavyWalnuts,1470222
2026-07-01T02:01:37.367950,2026-07-01T02:01:37.377040+00:00,85.8,189,bid,YieldingYams,WavyWalnuts,1470226
2026-07-01T02:01:38.219169,2026-07-01T02:01:38.228299+00:00,85.8,200,ask,YieldingYams,WavyWalnuts,1470254
2026-07-01T02:01:39.426848,2026-07-01T02:01:39.429459+00:00,85.7,200,ask,YieldingYams,WavyWalnuts,1470281
2026-07-01T02:01:40.202915,2026-07-01T02:01:40.214001+00:00,85.9,3,bid,Xuanyu Liu,Kelvin Chan,1470298
2026-07-01T02:01:40.202915,2026-07-01T02:01:40.214001+00:00,85.9,20,bid,Xuanyu Liu,YieldingYams,1470299
2026-07-01T02:01:40.643095,2026-07-01T02:01:40.645604+00:00,85.7,200,ask,YieldingYams,WavyWalnuts,1470316
2026-07-01T02:01:41.307259,2026-07-01T02:01:41.316224+00:00,85.7,23,bid,Xuanyu Liu,YieldingYams,1470334
2026-07-01T02:01:41.315514,2026-07-01T02:01:41.326664+00:00,85.7,3,bid,Harry North,YieldingYams,1470336
2026-07-01T02:01:41.527659,2026-07-01T02:01:41.532906+00:00,85.7,3,bid,Harry North,YieldingYams,1470343
2026-07-01T02:01:41.853079,2026-07-01T02:01:41.864280+00:00,85.7,200,bid,WavyWalnuts,YieldingYams,1470358
2026-07-01T02:01:41.927477,2026-07-01T02:01:41.937017+00:00,85.7,10,bid,Zijun Feng,YieldingYams,1470364
2026-07-01T02:01:43.071788,2026-07-01T02:01:43.081291+00:00,85.7,200,ask,YieldingYams,WavyWalnuts,1470387
2026-07-01T02:01:43.197965,2026-07-01T02:01:43.205342+00:00,85.7,1,ask,YieldingYams,Harry North,1470389
2026-07-01T02:01:43.411494,2026-07-01T02:01:43.421071+00:00,85.7,3,ask,YieldingYams,Harry North,1470391
2026-07-01T02:01:43.635613,2026-07-01T02:01:43.637975+00:00,85.7,4,ask,YieldingYams,Harry North,1470398
2026-07-01T02:01:43.916222,2026-07-01T02:01:43.925584+00:00,85.6,4,ask,Kelvin Chan,YieldingYams,1470404
2026-07-01T02:01:43.916222,2026-07-01T02:01:43.925584+00:00,85.6,500,ask,AverageAlmonds,YieldingYams,1470405
2026-07-01T02:01:44.467508,2026-07-01T02:01:44.470718+00:00,85.6,10,bid,Zijun Feng,YieldingYams,1470418
2026-07-01T02:01:44.976854,2026-07-01T02:01:44.986690+00:00,85.6,10,bid,Zijun Feng,YieldingYams,1470435
2026-07-01T02:01:45.225796,2026-07-01T02:01:45.250759+00:00,85.7,200,bid,YieldingYams,WavyWalnuts,1470445
2026-07-01T02:01:45.225796,2026-07-01T02:01:45.250759+00:00,85.9,3,bid,YieldingYams,Kelvin Chan,1470446
2026-07-01T02:01:45.235565,2026-07-01T02:01:45.250759+00:00,85.9,46,ask,YieldingYams,Xuanyu Liu,1470447
2026-07-01T02:01:45.492201,2026-07-01T02:01:45.499744+00:00,85.9,200,ask,YieldingYams,WavyWalnuts,1470459
2026-07-01T02:01:45.507906,2026-07-01T02:01:45.520482+00:00,85.9,2,ask,YieldingYams,Harry North,1470461
2026-07-01T02:01:45.721594,2026-07-01T02:01:45.725181+00:00,85.9,2,ask,YieldingYams,Harry North,1470463
2026-07-01T02:01:46.578368,2026-07-01T02:01:46.587177+00:00,85.9,23,bid,Xuanyu Liu,YieldingYams,1470482
2026-07-01T02:01:46.589557,2026-07-01T02:01:46.597649+00:00,85.9,5,bid,Harry North,YieldingYams,1470486
2026-07-01T02:01:46.698936,2026-07-01T02:01:46.701019+00:00,85.7,200,ask,YieldingYams,WavyWalnuts,1470489
2026-07-01T02:01:46.803173,2026-07-01T02:01:46.814474+00:00,85.9,5,bid,Harry North,YieldingYams,1470493
2026-07-01T02:01:47.012792,2026-07-01T02:01:47.021229+00:00,85.9,5,bid,Harry North,YieldingYams,1470502
2026-07-01T02:01:47.223109,2026-07-01T02:01:47.225902+00:00,85.9,5,bid,Harry North,YieldingYams,1470505
2026-07-01T02:01:47.436593,2026-07-01T02:01:47.440675+00:00,85.9,5,bid,Harry North,YieldingYams,1470509
2026-07-01T02:01:47.667268,2026-07-01T02:01:47.676710+00:00,85.9,4,bid,Harry North,YieldingYams,1470517
2026-07-01T02:01:47.880769,2026-07-01T02:01:47.909116+00:00,85.7,23,bid,Xuanyu Liu,YieldingYams,1470521
2026-07-01T02:01:47.881093,2026-07-01T02:01:47.909116+00:00,85.7,6,bid,Harry North,YieldingYams,1470522
2026-07-01T02:01:48.528721,2026-07-01T02:01:48.535882+00:00,85.7,10,bid,Zijun Feng,YieldingYams,1470538
2026-07-01T02:01:49.131963,2026-07-01T02:01:49.141386+00:00,85.7,200,bid,WavyWalnuts,YieldingYams,1470549
2026-07-01T02:01:49.748606,2026-07-01T02:01:49.767131+00:00,85.8,12,ask,YieldingYams,Xuanyu Liu,1470562
2026-07-01T02:01:49.787722,2026-07-01T02:01:49.798275+00:00,85.8,4,ask,YieldingYams,Harry North,1470565
2026-07-01T02:01:50.000776,2026-07-01T02:01:50.003812+00:00,85.8,4,ask,YieldingYams,Harry North,1470572
2026-07-01T02:01:50.062088,2026-07-01T02:01:50.065495+00:00,85.8,10,ask,YieldingYams,Zijun Feng,1470574
2026-07-01T02:01:50.350178,2026-07-01T02:01:50.353835+00:00,85.8,200,ask,YieldingYams,WavyWalnuts,1470580
2026-07-01T02:01:51.479312,2026-07-01T02:01:51.481574+00:00,85.7,500,bid,AverageAlmonds,YieldingYams,1470605
2026-07-01T02:01:51.558010,2026-07-01T02:01:51.564451+00:00,85.7,125,bid,WavyWalnuts,YieldingYams,1470609
2026-07-01T02:01:51.805858,2026-07-01T02:01:51.815924+00:00,85.9,11,ask,YieldingYams,Xuanyu Liu,1470614
2026-07-01T02:01:52.133592,2026-07-01T02:01:52.135511+00:00,85.9,10,ask,YieldingYams,Zijun Feng,1470630
2026-07-01T02:01:52.778160,2026-07-01T02:01:52.782548+00:00,85.9,200,ask,YieldingYams,WavyWalnuts,1470645
2026-07-01T02:01:52.906418,2026-07-01T02:01:52.925160+00:00,86.0,1,bid,Harry North,Kelvin Chan,1470653
2026-07-01T02:01:53.127460,2026-07-01T02:01:53.130600+00:00,86.1,2,bid,Harry North,YieldingYams,1470663
2026-07-01T02:01:53.367537,2026-07-01T02:01:53.377355+00:00,86.1,1,bid,Harry North,YieldingYams,1470668
2026-07-01T02:01:53.579441,2026-07-01T02:01:53.583299+00:00,86.1,1,bid,Harry North,YieldingYams,1470671
2026-07-01T02:01:53.793895,2026-07-01T02:01:53.799653+00:00,86.1,1,bid,Harry North,YieldingYams,1470675
2026-07-01T02:01:53.991507,2026-07-01T02:01:53.996242+00:00,85.9,200,ask,YieldingYams,WavyWalnuts,1470686
2026-07-01T02:01:54.005255,2026-07-01T02:01:54.017129+00:00,86.1,1,bid,Harry North,YieldingYams,1470687
2026-07-01T02:01:54.039126,2026-07-01T02:01:54.047702+00:00,86.0,2,bid,Xuanyu Liu,Kelvin Chan,1470690
2026-07-01T02:01:54.215801,2026-07-01T02:01:54.223005+00:00,86.1,1,bid,Harry North,YieldingYams,1470697
2026-07-01T02:01:54.427464,2026-07-01T02:01:54.438589+00:00,86.1,2,bid,Harry North,YieldingYams,1470701
2026-07-01T02:01:54.670557,2026-07-01T02:01:54.676175+00:00,86.1,10,bid,Zijun Feng,YieldingYams,1470706
2026-07-01T02:01:54.917569,2026-07-01T02:01:54.926248+00:00,86.0,2,bid,Xuanyu Liu,Kelvin Chan,1470708
2026-07-01T02:01:55.081819,2026-07-01T02:01:55.090469+00:00,86.0,2,bid,Xuanyu Liu,Kelvin Chan,1470711
2026-07-01T02:01:55.165386,2026-07-01T02:01:55.180689+00:00,86.0,2,bid,Xuanyu Liu,Kelvin Chan,1470714
2026-07-01T02:01:55.206009,2026-07-01T02:01:55.233656+00:00,86.0,3,bid,Xuanyu Liu,WavyWalnuts,1470717
2026-07-01T02:01:55.256136,2026-07-01T02:01:55.264742+00:00,85.9,20,ask,YieldingYams,BrilliantBurritos,1470722
2026-07-01T02:01:56.088706,2026-07-01T02:01:56.097716+00:00,85.9,20,ask,YieldingYams,BrilliantBurritos,1470746
2026-07-01T02:01:56.406203,2026-07-01T02:01:56.416550+00:00,85.9,200,ask,YieldingYams,WavyWalnuts,1470754
2026-07-01T02:01:56.701706,2026-07-01T02:01:56.713643+00:00,86.1,10,bid,Zijun Feng,YieldingYams,1470758
2026-07-01T02:01:57.482245,2026-07-01T02:01:57.485102+00:00,86.0,1,bid,Xuanyu Liu,Kelvin Chan,1470771
2026-07-01T02:01:57.615963,2026-07-01T02:01:57.619876+00:00,85.9,200,ask,YieldingYams,WavyWalnuts,1470784
2026-07-01T02:01:57.775165,2026-07-01T02:01:57.784059+00:00,86.0,1,bid,Xuanyu Liu,Kelvin Chan,1470785
2026-07-01T02:01:57.836611,2026-07-01T02:01:57.845651+00:00,86.0,1,bid,Xuanyu Liu,Kelvin Chan,1470787
2026-07-01T02:01:57.877684,2026-07-01T02:01:57.886857+00:00,86.0,1,bid,Xuanyu Liu,Kelvin Chan,1470789
2026-07-01T02:01:57.929145,2026-07-01T02:01:57.938059+00:00,86.0,1,bid,Xuanyu Liu,Kelvin Chan,1470791
2026-07-01T02:01:57.970201,2026-07-01T02:01:57.979036+00:00,86.0,1,bid,BrilliantBurritos,Kelvin Chan,1470793
2026-07-01T02:01:58.021617,2026-07-01T02:01:58.030515+00:00,86.0,1,bid,Xuanyu Liu,Kelvin Chan,1470795
2026-07-01T02:01:58.370626,2026-07-01T02:01:58.379600+00:00,86.0,6,bid,Xuanyu Liu,YieldingYams,1470806
2026-07-01T02:01:58.823817,2026-07-01T02:01:58.832584+00:00,85.9,200,ask,AverageAlmonds,WavyWalnuts,1470821
2026-07-01T02:01:59.176457,2026-07-01T02:01:59.185668+00:00,86.0,11,bid,Xuanyu Liu,YieldingYams,1470830
2026-07-01T02:01:59.672520,2026-07-01T02:01:59.691270+00:00,85.9,500,ask,AverageAlmonds,YieldingYams,1470846
2026-07-01T02:01:59.682655,2026-07-01T02:01:59.691270+00:00,85.9,3,bid,Xuanyu Liu,YieldingYams,1470848
2026-07-01T02:02:00.753589,2026-07-01T02:02:00.763854+00:00,85.9,10,bid,Zijun Feng,YieldingYams,1470863
2026-07-01T02:02:00.988076,2026-07-01T02:02:00.991166+00:00,86.0,200,bid,YieldingYams,WavyWalnuts,1470870
2026-07-01T02:02:00.988076,2026-07-01T02:02:00.991166+00:00,86.1,1,bid,YieldingYams,Kelvin Chan,1470871
2026-07-01T02:02:01.002812,2026-07-01T02:02:01.011684+00:00,86.2,3,ask,YieldingYams,Xuanyu Liu,1470872
2026-07-01T02:02:01.122255,2026-07-01T02:02:01.125388+00:00,86.2,2,ask,YieldingYams,Harry North,1470878
2026-07-01T02:02:01.236345,2026-07-01T02:02:01.239396+00:00,86.2,200,ask,YieldingYams,WavyWalnuts,1470882
2026-07-01T02:02:01.368236,2026-07-01T02:02:01.373557+00:00,86.2,2,ask,YieldingYams,Harry North,1470884
2026-07-01T02:02:01.577691,2026-07-01T02:02:01.579672+00:00,86.2,2,ask,YieldingYams,Harry North,1470893
2026-07-01T02:02:01.792862,2026-07-01T02:02:01.807395+00:00,86.2,2,ask,YieldingYams,Harry North,1470897
2026-07-01T02:02:02.005318,2026-07-01T02:02:02.012379+00:00,86.2,2,ask,YieldingYams,Harry North,1470902
2026-07-01T02:02:02.024549,2026-07-01T02:02:02.036364+00:00,86.2,5,ask,YieldingYams,Xuanyu Liu,1470904
2026-07-01T02:02:02.217616,2026-07-01T02:02:02.221562+00:00,86.2,2,ask,YieldingYams,Harry North,1470914
2026-07-01T02:02:02.442929,2026-07-01T02:02:02.448110+00:00,86.0,200,ask,YieldingYams,WavyWalnuts,1470930
2026-07-01T02:02:03.622986,2026-07-01T02:02:03.633362+00:00,86.0,5,bid,Xuanyu Liu,YieldingYams,1470953
2026-07-01T02:02:03.806521,2026-07-01T02:02:03.808890+00:00,85.9,20,ask,WavyWalnuts,BrilliantBurritos,1470960
2026-07-01T02:02:04.098776,2026-07-01T02:02:04.108215+00:00,86.0,3,bid,Xuanyu Liu,YieldingYams,1470968
2026-07-01T02:02:06.103642,2026-07-01T02:02:06.111070+00:00,86.0,200,bid,WavyWalnuts,YieldingYams,1471010
2026-07-01T02:02:07.545144,2026-07-01T02:02:07.550811+00:00,86.0,200,bid,YieldingYams,WavyWalnuts,1471039
2026-07-01T02:02:09.750699,2026-07-01T02:02:09.762502+00:00,86.1,200,bid,WavyWalnuts,YieldingYams,1471093
2026-07-01T02:02:12.441385,2026-07-01T02:02:12.446757+00:00,85.9,6,ask,Kelvin Chan,Zijun Feng,1471153
2026-07-01T02:02:12.441385,2026-07-01T02:02:12.446757+00:00,85.9,4,ask,YieldingYams,Zijun Feng,1471154
2026-07-01T02:02:13.399767,2026-07-01T02:02:13.403059+00:00,86.0,200,bid,WavyWalnuts,YieldingYams,1471191
2026-07-01T02:02:14.123578,2026-07-01T02:02:14.141893+00:00,86.0,500,bid,YieldingYams,AverageAlmonds,1471202
2026-07-01T02:02:14.131411,2026-07-01T02:02:14.141893+00:00,86.0,3,ask,YieldingYams,Xuanyu Liu,1471203
2026-07-01T02:02:14.291282,2026-07-01T02:02:14.296068+00:00,86.0,3,ask,YieldingYams,Harry North,1471206
2026-07-01T02:02:14.496093,2026-07-01T02:02:14.500761+00:00,86.0,119,ask,YieldingYams,AverageAlmonds,1471213
2026-07-01T02:02:14.611316,2026-07-01T02:02:14.613581+00:00,85.9,6,ask,Kelvin Chan,WavyWalnuts,1471218
2026-07-01T02:02:15.435594,2026-07-01T02:02:15.460483+00:00,85.8,4,ask,Kelvin Chan,YieldingYams,1471239
2026-07-01T02:02:15.446312,2026-07-01T02:02:15.460483+00:00,85.8,3,bid,Xuanyu Liu,YieldingYams,1471240
2026-07-01T02:02:15.469882,2026-07-01T02:02:15.481062+00:00,85.8,20,bid,BrilliantBurritos,YieldingYams,1471245
2026-07-01T02:02:15.498714,2026-07-01T02:02:15.501620+00:00,85.7,1,ask,WavyWalnuts,Zijun Feng,1471249
2026-07-01T02:02:15.819671,2026-07-01T02:02:15.829084+00:00,85.8,200,bid,WavyWalnuts,YieldingYams,1471257
2026-07-01T02:02:16.752506,2026-07-01T02:02:16.762539+00:00,85.9,1,ask,YieldingYams,Xuanyu Liu,1471282
2026-07-01T02:02:16.784738,2026-07-01T02:02:16.795338+00:00,85.9,25,ask,YieldingYams,Xuanyu Liu,1471285
2026-07-01T02:02:16.784872,2026-07-01T02:02:16.795338+00:00,85.9,3,ask,YieldingYams,Harry North,1471286
2026-07-01T02:02:16.937851,2026-07-01T02:02:16.949247+00:00,85.9,500,ask,YieldingYams,AverageAlmonds,1471290
2026-07-01T02:02:16.998784,2026-07-01T02:02:17.000682+00:00,85.9,2,ask,YieldingYams,Harry North,1471292
2026-07-01T02:02:17.030901,2026-07-01T02:02:17.042194+00:00,85.9,94,ask,YieldingYams,WavyWalnuts,1471295
2026-07-01T02:02:17.030901,2026-07-01T02:02:17.042194+00:00,85.8,10,ask,Kelvin Chan,WavyWalnuts,1471296
2026-07-01T02:02:17.568221,2026-07-01T02:02:17.575698+00:00,85.8,1,bid,Zijun Feng,WavyWalnuts,1471307
2026-07-01T02:02:18.055059,2026-07-01T02:02:18.057738+00:00,85.7,10,ask,Kelvin Chan,YieldingYams,1471316
2026-07-01T02:02:18.245080,2026-07-01T02:02:18.253475+00:00,85.7,200,bid,WavyWalnuts,YieldingYams,1471324
2026-07-01T02:02:18.592194,2026-07-01T02:02:18.601424+00:00,85.6,10,ask,YieldingYams,Zijun Feng,1471326
2026-07-01T02:02:19.469556,2026-07-01T02:02:19.479926+00:00,85.7,11,ask,WavyWalnuts,Xuanyu Liu,1471344
2026-07-01T02:02:19.480876,2026-07-01T02:02:19.490396+00:00,85.7,2,ask,WavyWalnuts,Harry North,1471346
2026-07-01T02:02:19.692665,2026-07-01T02:02:19.695632+00:00,85.7,2,ask,WavyWalnuts,Harry North,1471348
2026-07-01T02:02:19.974681,2026-07-01T02:02:19.984643+00:00,85.8,20,bid,BrilliantBurritos,YieldingYams,1471368
2026-07-01T02:02:20.683646,2026-07-01T02:02:20.694608+00:00,85.7,200,ask,WavyWalnuts,YieldingYams,1471392
2026-07-01T02:02:21.345817,2026-07-01T02:02:21.354640+00:00,85.7,11,bid,Xuanyu Liu,YieldingYams,1471404
2026-07-01T02:02:21.877654,2026-07-01T02:02:21.888438+00:00,85.7,200,bid,WavyWalnuts,YieldingYams,1471416
2026-07-01T02:02:22.135140,2026-07-01T02:02:22.144366+00:00,85.9,10,bid,Zijun Feng,WavyWalnuts,1471425
2026-07-01T02:02:23.026775,2026-07-01T02:02:23.035343+00:00,85.9,20,bid,BrilliantBurritos,WavyWalnuts,1471434
2026-07-01T02:02:23.089208,2026-07-01T02:02:23.097035+00:00,85.7,200,ask,YieldingYams,WavyWalnuts,1471438
2026-07-01T02:02:24.165076,2026-07-01T02:02:24.173315+00:00,85.7,10,ask,YieldingYams,Zijun Feng,1471459
2026-07-01T02:02:25.619720,2026-07-01T02:02:25.630043+00:00,85.7,20,ask,YieldingYams,BrilliantBurritos,1471486
2026-07-01T02:02:26.216733,2026-07-01T02:02:26.225991+00:00,85.7,10,ask,WavyWalnuts,Zijun Feng,1471493
2026-07-01T02:02:26.714947,2026-07-01T02:02:26.719449+00:00,85.8,200,bid,WavyWalnuts,YieldingYams,1471506
2026-07-01T02:02:27.923197,2026-07-01T02:02:27.932895+00:00,85.9,200,bid,WavyWalnuts,AverageAlmonds,1471541
2026-07-01T02:02:29.132817,2026-07-01T02:02:29.143326+00:00,85.8,200,bid,WavyWalnuts,AverageAlmonds,1471571
2026-07-01T02:02:29.291234,2026-07-01T02:02:29.298890+00:00,85.7,10,ask,YieldingYams,Zijun Feng,1471580
2026-07-01T02:02:31.320415,2026-07-01T02:02:31.327468+00:00,85.9,10,bid,Zijun Feng,AverageAlmonds,1471636
2026-07-01T02:02:31.982574,2026-07-01T02:02:31.984607+00:00,85.8,20,ask,WavyWalnuts,BrilliantBurritos,1471644
2026-07-01T02:02:32.561211,2026-07-01T02:02:32.569364+00:00,85.9,12,bid,Xuanyu Liu,AverageAlmonds,1471664
2026-07-01T02:02:32.768142,2026-07-01T02:02:32.778360+00:00,85.8,11,bid,Xuanyu Liu,WavyWalnuts,1471669
2026-07-01T02:02:32.777253,2026-07-01T02:02:32.788904+00:00,85.8,2,bid,Harry North,WavyWalnuts,1471671
2026-07-01T02:02:32.845709,2026-07-01T02:02:32.850971+00:00,85.8,10,bid,Zijun Feng,WavyWalnuts,1471673
2026-07-01T02:02:32.987700,2026-07-01T02:02:32.994499+00:00,85.8,2,bid,Harry North,WavyWalnuts,1471674
2026-07-01T02:02:33.966975,2026-07-01T02:02:33.969610+00:00,85.8,200,bid,WavyWalnuts,YieldingYams,1471697
2026-07-01T02:02:35.174471,2026-07-01T02:02:35.179007+00:00,85.8,200,bid,WavyWalnuts,YieldingYams,1471734
2026-07-01T02:02:36.382479,2026-07-01T02:02:36.390141+00:00,85.8,200,bid,WavyWalnuts,YieldingYams,1471761
2026-07-01T02:02:36.590871,2026-07-01T02:02:36.593284+00:00,85.8,2,ask,YieldingYams,Harry North,1471765
2026-07-01T02:02:36.714098,2026-07-01T02:02:36.716583+00:00,85.9,20,bid,BrilliantBurritos,AverageAlmonds,1471770
2026-07-01T02:02:36.801051,2026-07-01T02:02:36.808707+00:00,85.8,2,ask,YieldingYams,Harry North,1471773
2026-07-01T02:02:37.022259,2026-07-01T02:02:37.034151+00:00,85.8,2,ask,YieldingYams,Harry North,1471778
2026-07-01T02:02:37.219927,2026-07-01T02:02:37.227916+00:00,85.9,3,bid,Xuanyu Liu,AverageAlmonds,1471782
2026-07-01T02:02:37.262572,2026-07-01T02:02:37.269056+00:00,85.9,4,bid,Harry North,AverageAlmonds,1471784
2026-07-01T02:02:38.798459,2026-07-01T02:02:38.808471+00:00,85.9,200,bid,WavyWalnuts,YieldingYams,1471817
2026-07-01T02:02:39.052745,2026-07-01T02:02:39.055390+00:00,85.9,500,bid,YieldingYams,AverageAlmonds,1471825
2026-07-01T02:02:39.308461,2026-07-01T02:02:39.311943+00:00,85.9,125,ask,YieldingYams,AverageAlmonds,1471833
2026-07-01T02:02:40.362982,2026-07-01T02:02:40.367835+00:00,85.8,200,ask,WavyWalnuts,YieldingYams,1471851
2026-07-01T02:02:41.752831,2026-07-01T02:02:41.764492+00:00,85.8,500,ask,YieldingYams,AverageAlmonds,1471894
2026-07-01T02:02:42.348178,2026-07-01T02:02:42.358879+00:00,85.8,125,ask,YieldingYams,AverageAlmonds,1471906
2026-07-01T02:02:42.977167,2026-07-01T02:02:42.983553+00:00,85.6,2,ask,Kelvin Chan,YieldingYams,1471921
2026-07-01T02:02:43.637750,2026-07-01T02:02:43.640253+00:00,85.6,200,bid,WavyWalnuts,YieldingYams,1471943
2026-07-01T02:02:45.612437,2026-07-01T02:02:45.618091+00:00,85.7,10,bid,Zijun Feng,WavyWalnuts,1471985
2026-07-01T02:02:45.977341,2026-07-01T02:02:45.985910+00:00,85.5,4,ask,Kelvin Chan,BrilliantBurritos,1471991
2026-07-01T02:02:45.977341,2026-07-01T02:02:45.985910+00:00,85.5,16,ask,WavyWalnuts,BrilliantBurritos,1471992
2026-07-01T02:02:46.883456,2026-07-01T02:02:46.887619+00:00,85.6,3,ask,Kelvin Chan,Harry North,1472011
2026-07-01T02:02:47.093190,2026-07-01T02:02:47.102179+00:00,85.5,3,ask,YieldingYams,Harry North,1472016
2026-07-01T02:02:47.304421,2026-07-01T02:02:47.307276+00:00,85.5,3,ask,YieldingYams,Harry North,1472024
2026-07-01T02:02:47.526036,2026-07-01T02:02:47.532622+00:00,85.5,3,ask,WavyWalnuts,Harry North,1472027
2026-07-01T02:02:47.651164,2026-07-01T02:02:47.655301+00:00,85.5,10,ask,YieldingYams,Zijun Feng,1472029
2026-07-01T02:02:47.737154,2026-07-01T02:02:47.747244+00:00,85.5,3,ask,YieldingYams,Harry North,1472030
2026-07-01T02:02:47.971091,2026-07-01T02:02:47.982958+00:00,85.5,3,ask,YieldingYams,Harry North,1472035
2026-07-01T02:02:48.185663,2026-07-01T02:02:48.187790+00:00,85.5,3,ask,YieldingYams,Harry North,1472042
2026-07-01T02:02:49.096519,2026-07-01T02:02:49.105423+00:00,85.5,20,ask,YieldingYams,BrilliantBurritos,1472058
2026-07-01T02:02:49.520627,2026-07-01T02:02:49.536584+00:00,85.7,200,bid,YieldingYams,WavyWalnuts,1472061
2026-07-01T02:02:49.526489,2026-07-01T02:02:49.536584+00:00,85.7,3,ask,YieldingYams,Xuanyu Liu,1472062
2026-07-01T02:02:49.694213,2026-07-01T02:02:49.701296+00:00,85.8,12,bid,WavyWalnuts,Kelvin Chan,1472067
2026-07-01T02:02:49.694213,2026-07-01T02:02:49.701296+00:00,85.8,188,bid,WavyWalnuts,YieldingYams,1472068
2026-07-01T02:02:52.721326,2026-07-01T02:02:52.731310+00:00,85.6,20,ask,YieldingYams,BrilliantBurritos,1472128
2026-07-01T02:02:53.447695,2026-07-01T02:02:53.449819+00:00,85.7,200,ask,WavyWalnuts,YieldingYams,1472146
2026-07-01T02:02:55.761918,2026-07-01T02:02:55.770712+00:00,85.7,8,ask,WavyWalnuts,Xuanyu Liu,1472191
2026-07-01T02:02:56.236496,2026-07-01T02:02:56.241143+00:00,85.7,10,ask,WavyWalnuts,Zijun Feng,1472201
2026-07-01T02:02:57.933161,2026-07-01T02:02:57.935339+00:00,85.7,20,ask,WavyWalnuts,BrilliantBurritos,1472228
2026-07-01T02:02:58.858727,2026-07-01T02:02:58.868227+00:00,85.8,10,bid,BrilliantBurritos,Kelvin Chan,1472253
2026-07-01T02:02:58.858727,2026-07-01T02:02:58.868227+00:00,85.8,10,bid,BrilliantBurritos,YieldingYams,1472254
2026-07-01T02:02:59.779100,2026-07-01T02:02:59.788905+00:00,85.8,10,bid,Zijun Feng,YieldingYams,1472275
2026-07-01T02:03:00.287594,2026-07-01T02:03:00.290476+00:00,85.8,10,bid,Zijun Feng,WavyWalnuts,1472288
2026-07-01T02:03:00.602630,2026-07-01T02:03:00.608488+00:00,85.8,200,bid,WavyWalnuts,YieldingYams,1472295
2026-07-01T02:03:01.815436,2026-07-01T02:03:01.818533+00:00,85.8,200,ask,YieldingYams,WavyWalnuts,1472323
2026-07-01T02:03:02.546249,2026-07-01T02:03:02.561570+00:00,85.9,9,bid,Xuanyu Liu,Kelvin Chan,1472337
2026-07-01T02:03:02.697997,2026-07-01T02:03:02.705370+00:00,86.0,5,bid,Harry North,YieldingYams,1472345
2026-07-01T02:03:03.024242,2026-07-01T02:03:03.033119+00:00,85.8,200,ask,YieldingYams,WavyWalnuts,1472354
2026-07-01T02:03:03.956829,2026-07-01T02:03:03.964005+00:00,85.7,500,ask,AverageAlmonds,YieldingYams,1472369
2026-07-01T02:03:04.113406,2026-07-01T02:03:04.117168+00:00,85.7,125,bid,AverageAlmonds,YieldingYams,1472372
2026-07-01T02:03:04.200409,2026-07-01T02:03:04.210077+00:00,85.9,2,bid,Xuanyu Liu,Kelvin Chan,1472379
2026-07-01T02:03:04.234410,2026-07-01T02:03:04.240844+00:00,85.8,200,ask,AverageAlmonds,WavyWalnuts,1472381
2026-07-01T02:03:04.381089,2026-07-01T02:03:04.383859+00:00,85.9,2,bid,Harry North,Kelvin Chan,1472383
2026-07-01T02:03:04.592524,2026-07-01T02:03:04.608970+00:00,85.9,2,bid,Harry North,Kelvin Chan,1472389
2026-07-01T02:03:04.810899,2026-07-01T02:03:04.813754+00:00,85.9,2,bid,Harry North,Kelvin Chan,1472396
2026-07-01T02:03:05.461759,2026-07-01T02:03:05.468560+00:00,85.9,2,bid,Harry North,YieldingYams,1472410
2026-07-01T02:03:05.672453,2026-07-01T02:03:05.683197+00:00,85.9,2,bid,Harry North,YieldingYams,1472413
2026-07-01T02:03:08.950905,2026-07-01T02:03:08.954109+00:00,86.0,3,bid,Harry North,YieldingYams,1472484
2026-07-01T02:03:08.950905,2026-07-01T02:03:08.954109+00:00,86.0,7,bid,Zijun Feng,YieldingYams,1472485
2026-07-01T02:03:08.996828,2026-07-01T02:03:09.005506+00:00,86.0,3,bid,Zijun Feng,Kelvin Chan,1472492
2026-07-01T02:03:09.204507,2026-07-01T02:03:09.222696+00:00,85.9,200,ask,WavyWalnuts,YieldingYams,1472500
2026-07-01T02:03:09.207834,2026-07-01T02:03:09.222696+00:00,85.9,2,bid,Harry North,YieldingYams,1472501
2026-07-01T02:03:09.214641,2026-07-01T02:03:09.222696+00:00,85.9,3,bid,Xuanyu Liu,YieldingYams,1472503
2026-07-01T02:03:09.334883,2026-07-01T02:03:09.345444+00:00,85.9,25,bid,Alice Feng,YieldingYams,1472510
2026-07-01T02:03:09.418251,2026-07-01T02:03:09.427114+00:00,85.9,4,bid,Harry North,YieldingYams,1472512
2026-07-01T02:03:09.544298,2026-07-01T02:03:09.550002+00:00,85.9,25,bid,Alice Feng,YieldingYams,1472515
2026-07-01T02:03:09.662060,2026-07-01T02:03:09.673072+00:00,85.9,4,bid,Harry North,YieldingYams,1472519
2026-07-01T02:03:09.752491,2026-07-01T02:03:09.755077+00:00,85.9,25,bid,Alice Feng,YieldingYams,1472523
2026-07-01T02:03:10.279517,2026-07-01T02:03:10.287252+00:00,85.9,200,bid,WavyWalnuts,YieldingYams,1472532
2026-07-01T02:03:10.512209,2026-07-01T02:03:10.522591+00:00,86.0,2,bid,YieldingYams,Kelvin Chan,1472535
2026-07-01T02:03:10.512209,2026-07-01T02:03:10.522591+00:00,86.2,200,bid,YieldingYams,WavyWalnuts,1472536
2026-07-01T02:03:10.578361,2026-07-01T02:03:10.587616+00:00,86.2,3,ask,YieldingYams,Xuanyu Liu,1472544
2026-07-01T02:03:10.758466,2026-07-01T02:03:10.761564+00:00,86.2,25,ask,YieldingYams,Alice Feng,1472552
2026-07-01T02:03:10.772355,2026-07-01T02:03:10.782065+00:00,86.2,4,ask,YieldingYams,Harry North,1472555
2026-07-01T02:03:10.967885,2026-07-01T02:03:10.976654+00:00,86.2,25,ask,YieldingYams,Alice Feng,1472560
2026-07-01T02:03:10.983448,2026-07-01T02:03:10.986923+00:00,86.2,3,ask,YieldingYams,Harry North,1472562
2026-07-01T02:03:11.176869,2026-07-01T02:03:11.181449+00:00,86.2,25,ask,YieldingYams,Alice Feng,1472566
2026-07-01T02:03:11.194581,2026-07-01T02:03:11.201963+00:00,86.2,3,ask,YieldingYams,Harry North,1472569
2026-07-01T02:03:11.428208,2026-07-01T02:03:11.437712+00:00,86.2,3,ask,YieldingYams,Harry North,1472574
2026-07-01T02:03:11.492551,2026-07-01T02:03:11.499265+00:00,86.2,200,ask,YieldingYams,WavyWalnuts,1472582
2026-07-01T02:03:11.668025,2026-07-01T02:03:11.672902+00:00,86.2,3,ask,YieldingYams,Harry North,1472583
2026-07-01T02:03:12.720479,2026-07-01T02:03:12.727775+00:00,86.1,200,bid,WavyWalnuts,YieldingYams,1472605
2026-07-01T02:03:13.936210,2026-07-01T02:03:13.947752+00:00,86.0,200,ask,YieldingYams,WavyWalnuts,1472643
2026-07-01T02:03:15.757152,2026-07-01T02:03:15.767333+00:00,85.9,200,ask,WavyWalnuts,YieldingYams,1472671
2026-07-01T02:03:15.769825,2026-07-01T02:03:15.777546+00:00,85.9,2,bid,Harry North,YieldingYams,1472672
2026-07-01T02:03:15.981317,2026-07-01T02:03:15.992140+00:00,85.9,2,bid,Harry North,YieldingYams,1472678
2026-07-01T02:03:16.272065,2026-07-01T02:03:16.278412+00:00,85.9,2,bid,Harry North,YieldingYams,1472680
2026-07-01T02:03:16.350079,2026-07-01T02:03:16.360756+00:00,85.9,200,bid,WavyWalnuts,YieldingYams,1472689
2026-07-01T02:03:16.486730,2026-07-01T02:03:16.493689+00:00,85.9,2,bid,Harry North,YieldingYams,1472693
2026-07-01T02:03:16.697517,2026-07-01T02:03:16.708583+00:00,85.9,2,bid,Harry North,YieldingYams,1472699
2026-07-01T02:03:18.387334,2026-07-01T02:03:18.396729+00:00,86.0,2,ask,YieldingYams,Harry North,1472736
2026-07-01T02:03:18.598277,2026-07-01T02:03:18.601692+00:00,86.0,2,ask,YieldingYams,Harry North,1472744
2026-07-01T02:03:18.809201,2026-07-01T02:03:18.816960+00:00,86.0,2,ask,YieldingYams,Harry North,1472750
2026-07-01T02:03:19.977058,2026-07-01T02:03:19.984427+00:00,86.1,1,bid,WavyWalnuts,Kelvin Chan,1472780
2026-07-01T02:03:19.977058,2026-07-01T02:03:19.984427+00:00,86.1,199,bid,WavyWalnuts,YieldingYams,1472781
2026-07-01T02:03:24.822792,2026-07-01T02:03:24.828268+00:00,86.0,200,ask,YieldingYams,WavyWalnuts,1472866
2026-07-01T02:03:27.239352,2026-07-01T02:03:27.244480+00:00,86.1,200,bid,WavyWalnuts,YieldingYams,1472910
2026-07-01T02:03:27.760712,2026-07-01T02:03:27.766201+00:00,85.9,8,ask,Kelvin Chan,Zijun Feng,1472927
2026-07-01T02:03:27.760712,2026-07-01T02:03:27.766201+00:00,85.9,2,ask,YieldingYams,Zijun Feng,1472928
2026-07-01T02:03:28.463876,2026-07-01T02:03:28.473343+00:00,86.0,3,ask,WavyWalnuts,Xuanyu Liu,1472941
2026-07-01T02:03:28.879349,2026-07-01T02:03:28.882895+00:00,86.0,197,ask,WavyWalnuts,YieldingYams,1472949
2026-07-01T02:03:30.186393,2026-07-01T02:03:30.208145+00:00,86.1,200,bid,YieldingYams,WavyWalnuts,1472986
2026-07-01T02:03:30.199095,2026-07-01T02:03:30.208145+00:00,86.1,11,ask,YieldingYams,Xuanyu Liu,1472991
2026-07-01T02:03:34.915735,2026-07-01T02:03:34.917704+00:00,86.1,10,ask,WavyWalnuts,Zijun Feng,1473071
2026-07-01T02:03:35.943642,2026-07-01T02:03:35.949563+00:00,86.0,10,ask,YieldingYams,Zijun Feng,1473085
2026-07-01T02:03:36.752178,2026-07-01T02:03:36.763892+00:00,86.0,200,ask,WavyWalnuts,YieldingYams,1473097
2026-07-01T02:03:37.990283,2026-07-01T02:03:38.001485+00:00,85.9,7,ask,Kelvin Chan,Zijun Feng,1473119
2026-07-01T02:03:37.990283,2026-07-01T02:03:38.001485+00:00,85.9,3,ask,WavyWalnuts,Zijun Feng,1473120
2026-07-01T02:03:38.122321,2026-07-01T02:03:38.125008+00:00,86.0,200,ask,YieldingYams,WavyWalnuts,1473127
2026-07-01T02:03:38.702424,2026-07-01T02:03:38.707447+00:00,86.2,2,bid,BrilliantBurritos,Kelvin Chan,1473137
2026-07-01T02:03:38.702424,2026-07-01T02:03:38.707447+00:00,86.2,18,bid,BrilliantBurritos,YieldingYams,1473138
2026-07-01T02:03:39.330060,2026-07-01T02:03:39.332911+00:00,86.0,200,ask,YieldingYams,WavyWalnuts,1473165
2026-07-01T02:03:39.635319,2026-07-01T02:03:39.639797+00:00,86.1,20,bid,BrilliantBurritos,YieldingYams,1473178
2026-07-01T02:03:41.745118,2026-07-01T02:03:41.752956+00:00,85.9,6,ask,Kelvin Chan,WavyWalnuts,1473222
2026-07-01T02:03:41.745118,2026-07-01T02:03:41.752956+00:00,85.9,194,ask,YieldingYams,WavyWalnuts,1473223
2026-07-01T02:03:44.162842,2026-07-01T02:03:44.168042+00:00,86.0,200,bid,WavyWalnuts,YieldingYams,1473268
2026-07-01T02:03:44.647099,2026-07-01T02:03:44.658686+00:00,85.9,8,ask,Kelvin Chan,Zijun Feng,1473282
2026-07-01T02:03:44.647099,2026-07-01T02:03:44.658686+00:00,85.9,2,ask,YieldingYams,Zijun Feng,1473283
2026-07-01T02:03:45.952428,2026-07-01T02:03:45.968201+00:00,86.0,200,bid,YieldingYams,WavyWalnuts,1473316
2026-07-01T02:03:45.959600,2026-07-01T02:03:45.968201+00:00,86.0,10,ask,YieldingYams,Xuanyu Liu,1473317
2026-07-01T02:03:46.171931,2026-07-01T02:03:46.183036+00:00,86.2,2,bid,Zijun Feng,Kelvin Chan,1473323
2026-07-01T02:03:46.171931,2026-07-01T02:03:46.183036+00:00,86.2,8,bid,Zijun Feng,AverageAlmonds,1473324
2026-07-01T02:03:50.760369,2026-07-01T02:03:50.771098+00:00,86.1,10,ask,YieldingYams,Zijun Feng,1473425
2026-07-01T02:03:51.206939,2026-07-01T02:03:51.212890+00:00,86.2,3,bid,YieldingYams,Kelvin Chan,1473445
2026-07-01T02:03:51.206939,2026-07-01T02:03:51.212890+00:00,86.2,200,bid,YieldingYams,WavyWalnuts,1473446
2026-07-01T02:03:51.206939,2026-07-01T02:03:51.212890+00:00,86.2,422,bid,YieldingYams,AverageAlmonds,1473447
2026-07-01T02:03:52.800150,2026-07-01T02:03:52.811922+00:00,86.1,20,ask,YieldingYams,BrilliantBurritos,1473475
2026-07-01T02:03:53.201722,2026-07-01T02:03:53.210124+00:00,86.1,2,ask,YieldingYams,Xuanyu Liu,1473484
2026-07-01T02:03:53.805296,2026-07-01T02:03:53.814504+00:00,86.1,10,ask,YieldingYams,Zijun Feng,1473497
2026-07-01T02:03:57.470063,2026-07-01T02:03:57.472423+00:00,86.2,2,bid,WavyWalnuts,Kelvin Chan,1473568
2026-07-01T02:03:57.483953,2026-07-01T02:03:57.492554+00:00,86.2,10,ask,WavyWalnuts,Xuanyu Liu,1473570
2026-07-01T02:03:57.895322,2026-07-01T02:03:57.904665+00:00,86.3,10,bid,Zijun Feng,AverageAlmonds,1473591
2026-07-01T02:03:58.604367,2026-07-01T02:03:58.615809+00:00,86.2,188,ask,WavyWalnuts,AverageAlmonds,1473606
2026-07-01T02:03:59.422427,2026-07-01T02:03:59.430647+00:00,86.2,10,bid,Zijun Feng,WavyWalnuts,1473625
2026-07-01T02:04:03.533041,2026-07-01T02:04:03.544405+00:00,86.0,200,bid,WavyWalnuts,YieldingYams,1473707
2026-07-01T02:04:05.289092,2026-07-01T02:04:05.297871+00:00,86.0,500,ask,YieldingYams,AverageAlmonds,1473754
2026-07-01T02:04:05.643443,2026-07-01T02:04:05.646336+00:00,86.0,200,ask,WavyWalnuts,YieldingYams,1473766
2026-07-01T02:04:05.643443,2026-07-01T02:04:05.656699+00:00,85.9,2,ask,Kelvin Chan,YieldingYams,1473767
2026-07-01T02:04:05.962345,2026-07-01T02:04:05.965821+00:00,85.9,200,bid,WavyWalnuts,YieldingYams,1473775
2026-07-01T02:04:07.617630,2026-07-01T02:04:07.625535+00:00,85.9,10,ask,YieldingYams,Zijun Feng,1473804
2026-07-01T02:04:08.544256,2026-07-01T02:04:08.554000+00:00,85.8,4,ask,Kelvin Chan,BrilliantBurritos,1473828
2026-07-01T02:04:08.544256,2026-07-01T02:04:08.554000+00:00,85.8,16,ask,YieldingYams,BrilliantBurritos,1473829
2026-07-01T02:04:09.601503,2026-07-01T02:04:09.617097+00:00,85.8,7,ask,Kelvin Chan,YieldingYams,1473854
2026-07-01T02:04:09.608269,2026-07-01T02:04:09.617097+00:00,85.8,10,bid,Xuanyu Liu,YieldingYams,1473857
2026-07-01T02:04:10.808078,2026-07-01T02:04:10.817914+00:00,85.8,200,bid,WavyWalnuts,YieldingYams,1473875
2026-07-01T02:04:11.162656,2026-07-01T02:04:11.166164+00:00,85.9,5,bid,Harry North,WavyWalnuts,1473876
2026-07-01T02:04:12.025009,2026-07-01T02:04:12.032862+00:00,85.8,200,ask,YieldingYams,WavyWalnuts,1473905
2026-07-01T02:04:12.188448,2026-07-01T02:04:12.197892+00:00,86.0,20,bid,BrilliantBurritos,YieldingYams,1473916
2026-07-01T02:04:13.758877,2026-07-01T02:04:13.766089+00:00,85.8,10,bid,Zijun Feng,WavyWalnuts,1473945
2026-07-01T02:04:15.655394,2026-07-01T02:04:15.665809+00:00,85.7,2,ask,Kelvin Chan,WavyWalnuts,1473994
2026-07-01T02:04:15.655394,2026-07-01T02:04:15.665809+00:00,85.7,198,ask,YieldingYams,WavyWalnuts,1473995
2026-07-01T02:04:17.381851,2026-07-01T02:04:17.385911+00:00,85.7,500,bid,AverageAlmonds,YieldingYams,1474035
2026-07-01T02:04:17.491556,2026-07-01T02:04:17.499291+00:00,85.8,200,bid,YieldingYams,WavyWalnuts,1474036
2026-07-01T02:04:17.697331,2026-07-01T02:04:17.704445+00:00,86.0,20,bid,BrilliantBurritos,YieldingYams,1474040
2026-07-01T02:04:20.113806,2026-07-01T02:04:20.121924+00:00,85.8,200,ask,WavyWalnuts,YieldingYams,1474087
2026-07-01T02:04:21.239227,2026-07-01T02:04:21.246842+00:00,85.7,20,ask,AverageAlmonds,BrilliantBurritos,1474107
2026-07-01T02:04:21.703330,2026-07-01T02:04:21.712973+00:00,85.7,1,ask,Kelvin Chan,WavyWalnuts,1474131
2026-07-01T02:04:21.703330,2026-07-01T02:04:21.712973+00:00,85.7,199,ask,AverageAlmonds,WavyWalnuts,1474132
2026-07-01T02:04:24.067893,2026-07-01T02:04:24.090421+00:00,85.9,200,bid,YieldingYams,WavyWalnuts,1474185
2026-07-01T02:04:24.081488,2026-07-01T02:04:24.090421+00:00,85.9,23,ask,YieldingYams,Xuanyu Liu,1474186
2026-07-01T02:04:24.133274,2026-07-01T02:04:24.142407+00:00,86.0,11,ask,WavyWalnuts,Xuanyu Liu,1474189
2026-07-01T02:04:25.400810,2026-07-01T02:04:25.408246+00:00,86.0,200,ask,WavyWalnuts,YieldingYams,1474208
2026-07-01T02:04:25.400810,2026-07-01T02:04:25.408246+00:00,85.8,425,ask,AverageAlmonds,YieldingYams,1474209
2026-07-01T02:04:26.538931,2026-07-01T02:04:26.541191+00:00,86.1,5,bid,WavyWalnuts,Kelvin Chan,1474237
2026-07-01T02:04:28.032610,2026-07-01T02:04:28.050757+00:00,86.1,200,ask,WavyWalnuts,YieldingYams,1474269
2026-07-01T02:04:28.040439,2026-07-01T02:04:28.050757+00:00,86.1,11,bid,Xuanyu Liu,YieldingYams,1474273
2026-07-01T02:04:28.956969,2026-07-01T02:04:28.968986+00:00,86.1,200,bid,WavyWalnuts,YieldingYams,1474302
2026-07-01T02:04:29.342296,2026-07-01T02:04:29.350600+00:00,86.2,6,bid,YieldingYams,Kelvin Chan,1474312
2026-07-01T02:04:30.656076,2026-07-01T02:04:30.667148+00:00,86.3,200,bid,YieldingYams,WavyWalnuts,1474354
2026-07-01T02:04:33.110708,2026-07-01T02:04:33.118107+00:00,86.3,500,ask,YieldingYams,AverageAlmonds,1474384
2026-07-01T02:04:33.791954,2026-07-01T02:04:33.796425+00:00,86.3,200,bid,WavyWalnuts,YieldingYams,1474404
2026-07-01T02:04:35.001348,2026-07-01T02:04:35.005931+00:00,86.3,200,bid,WavyWalnuts,AverageAlmonds,1474422
2026-07-01T02:04:35.168751,2026-07-01T02:04:35.170481+00:00,86.2,10,ask,YieldingYams,Zijun Feng,1474427
2026-07-01T02:04:36.296287,2026-07-01T02:04:36.298793+00:00,86.3,20,bid,BrilliantBurritos,AverageAlmonds,1474451
2026-07-01T02:04:37.213248,2026-07-01T02:04:37.222166+00:00,86.3,500,bid,YieldingYams,AverageAlmonds,1474465
2026-07-01T02:04:37.353785,2026-07-01T02:04:37.356840+00:00,86.3,125,ask,YieldingYams,AverageAlmonds,1474468
2026-07-01T02:04:39.856966,2026-07-01T02:04:39.861722+00:00,86.1,200,ask,WavyWalnuts,YieldingYams,1474514
2026-07-01T02:04:41.090014,2026-07-01T02:04:41.099021+00:00,86.0,6,bid,Xuanyu Liu,WavyWalnuts,1474537
2026-07-01T02:04:41.166751,2026-07-01T02:04:41.171212+00:00,86.0,194,bid,YieldingYams,WavyWalnuts,1474540
2026-07-01T02:04:42.479895,2026-07-01T02:04:42.487081+00:00,86.0,200,ask,WavyWalnuts,YieldingYams,1474567
2026-07-01T02:04:43.499382,2026-07-01T02:04:43.509362+00:00,86.0,200,bid,WavyWalnuts,YieldingYams,1474588
2026-07-01T02:04:43.840766,2026-07-01T02:04:43.848958+00:00,86.2,6,bid,Xuanyu Liu,WavyWalnuts,1474603
2026-07-01T02:04:43.860014,2026-07-01T02:04:43.869877+00:00,86.2,10,bid,Zijun Feng,WavyWalnuts,1474605
2026-07-01T02:04:45.184229,2026-07-01T02:04:45.188933+00:00,86.0,20,ask,WavyWalnuts,BrilliantBurritos,1474640
2026-07-01T02:04:49.119304,2026-07-01T02:04:49.125318+00:00,86.2,20,bid,BrilliantBurritos,WavyWalnuts,1474746
2026-07-01T02:04:49.561202,2026-07-01T02:04:49.566176+00:00,86.0,200,ask,YieldingYams,WavyWalnuts,1474759
2026-07-01T02:04:50.153953,2026-07-01T02:04:50.162689+00:00,86.0,12,ask,YieldingYams,Xuanyu Liu,1474775
2026-07-01T02:04:50.429825,2026-07-01T02:04:50.440156+00:00,85.9,7,ask,Kelvin Chan,Zijun Feng,1474780
2026-07-01T02:04:50.942832,2026-07-01T02:04:50.954255+00:00,85.9,3,ask,AverageAlmonds,Zijun Feng,1474788
2026-07-01T02:04:51.966501,2026-07-01T02:04:51.975476+00:00,85.9,8,ask,Kelvin Chan,Zijun Feng,1474820
2026-07-01T02:04:51.966501,2026-07-01T02:04:51.975476+00:00,85.9,2,ask,AverageAlmonds,Zijun Feng,1474821
2026-07-01T02:04:51.984510,2026-07-01T02:04:51.995976+00:00,85.9,200,ask,AverageAlmonds,WavyWalnuts,1474823
2026-07-01T02:04:52.113158,2026-07-01T02:04:52.118859+00:00,85.9,20,ask,AverageAlmonds,BrilliantBurritos,1474831
2026-07-01T02:04:52.986332,2026-07-01T02:04:52.989701+00:00,85.9,8,ask,Kelvin Chan,YieldingYams,1474843
2026-07-01T02:04:52.986332,2026-07-01T02:04:52.989701+00:00,85.9,500,ask,AverageAlmonds,YieldingYams,1474844
2026-07-01T02:04:53.071670,2026-07-01T02:04:53.082760+00:00,85.9,117,bid,AverageAlmonds,YieldingYams,1474845
2026-07-01T02:04:53.197195,2026-07-01T02:04:53.207135+00:00,85.9,200,ask,AverageAlmonds,WavyWalnuts,1474852
2026-07-01T02:04:54.025222,2026-07-01T02:04:54.031403+00:00,85.9,10,ask,AverageAlmonds,Zijun Feng,1474875
2026-07-01T02:04:54.407684,2026-07-01T02:04:54.411991+00:00,86.1,200,ask,YieldingYams,WavyWalnuts,1474880
2026-07-01T02:04:55.617619,2026-07-01T02:04:55.624077+00:00,86.1,200,ask,YieldingYams,WavyWalnuts,1474893
2026-07-01T02:04:56.556418,2026-07-01T02:04:56.568358+00:00,86.2,10,bid,Zijun Feng,YieldingYams,1474915
2026-07-01T02:04:56.824902,2026-07-01T02:04:56.836462+00:00,86.1,200,ask,YieldingYams,WavyWalnuts,1474926
2026-07-01T02:04:58.031378,2026-07-01T02:04:58.040048+00:00,85.9,8,ask,Kelvin Chan,WavyWalnuts,1474957
2026-07-01T02:04:58.031378,2026-07-01T02:04:58.040048+00:00,85.9,192,ask,YieldingYams,WavyWalnuts,1474958
2026-07-01T02:05:00.467414,2026-07-01T02:05:00.478823+00:00,86.0,200,ask,AverageAlmonds,WavyWalnuts,1474988
2026-07-01T02:05:01.676040,2026-07-01T02:05:01.684171+00:00,86.0,200,ask,AverageAlmonds,WavyWalnuts,1475027
2026-07-01T02:05:02.162012,2026-07-01T02:05:02.165478+00:00,86.0,300,ask,AverageAlmonds,YieldingYams,1475036
2026-07-01T02:05:02.162012,2026-07-01T02:05:02.165478+00:00,85.9,5,ask,Kelvin Chan,YieldingYams,1475037
2026-07-01T02:05:02.166489,2026-07-01T02:05:02.175795+00:00,85.9,10,bid,Zijun Feng,YieldingYams,1475038
2026-07-01T02:05:02.178038,2026-07-01T02:05:02.186203+00:00,85.9,310,bid,AverageAlmonds,YieldingYams,1475039
2026-07-01T02:05:04.311152,2026-07-01T02:05:04.322442+00:00,86.0,20,ask,YieldingYams,BrilliantBurritos,1475091
2026-07-01T02:05:04.718032,2026-07-01T02:05:04.724749+00:00,86.1,10,bid,Zijun Feng,WavyWalnuts,1475099
2026-07-01T02:05:06.087471,2026-07-01T02:05:06.090803+00:00,86.1,200,bid,YieldingYams,WavyWalnuts,1475135
2026-07-01T02:05:06.510295,2026-07-01T02:05:06.514370+00:00,86.2,200,ask,YieldingYams,WavyWalnuts,1475144
2026-07-01T02:05:08.708108,2026-07-01T02:05:08.730336+00:00,86.1,200,ask,WavyWalnuts,YieldingYams,1475168
2026-07-01T02:05:08.720985,2026-07-01T02:05:08.730336+00:00,86.1,12,bid,Xuanyu Liu,YieldingYams,1475169
2026-07-01T02:05:08.815236,2026-07-01T02:05:08.822889+00:00,86.1,10,bid,Zijun Feng,YieldingYams,1475171
2026-07-01T02:05:08.924213,2026-07-01T02:05:08.926131+00:00,86.0,200,ask,AverageAlmonds,WavyWalnuts,1475177
2026-07-01T02:05:09.090112,2026-07-01T02:05:09.099761+00:00,86.1,11,bid,Xuanyu Liu,YieldingYams,1475178
2026-07-01T02:05:10.849597,2026-07-01T02:05:10.860629+00:00,86.2,10,bid,Zijun Feng,WavyWalnuts,1475206
2026-07-01T02:05:12.377613,2026-07-01T02:05:12.379696+00:00,86.2,20,bid,BrilliantBurritos,WavyWalnuts,1475241
2026-07-01T02:05:12.682853,2026-07-01T02:05:12.688905+00:00,86.1,500,ask,AverageAlmonds,YieldingYams,1475258
2026-07-01T02:05:12.682853,2026-07-01T02:05:12.688905+00:00,86.1,125,ask,WavyWalnuts,YieldingYams,1475259
2026-07-01T02:05:14.289186,2026-07-01T02:05:14.292738+00:00,86.2,500,bid,AverageAlmonds,YieldingYams,1475288
2026-07-01T02:05:14.885250,2026-07-01T02:05:14.889100+00:00,86.2,125,bid,AverageAlmonds,YieldingYams,1475299
2026-07-01T02:05:14.958089,2026-07-01T02:05:14.961664+00:00,86.3,1,bid,Zijun Feng,Kelvin Chan,1475307
2026-07-01T02:05:14.958089,2026-07-01T02:05:14.961664+00:00,86.3,9,bid,Zijun Feng,WavyWalnuts,1475308
2026-07-01T02:05:15.394794,2026-07-01T02:05:15.403961+00:00,86.4,12,bid,Xuanyu Liu,YieldingYams,1475321
2026-07-01T02:05:16.121990,2026-07-01T02:05:16.133138+00:00,86.3,20,ask,WavyWalnuts,BrilliantBurritos,1475336
2026-07-01T02:05:16.201729,2026-07-01T02:05:16.205460+00:00,86.4,200,bid,WavyWalnuts,YieldingYams,1475341
2026-07-01T02:05:17.948627,2026-07-01T02:05:17.968947+00:00,86.3,200,ask,WavyWalnuts,YieldingYams,1475375
2026-07-01T02:05:17.955013,2026-07-01T02:05:17.968947+00:00,86.3,11,bid,Xuanyu Liu,YieldingYams,1475376
2026-07-01T02:05:18.619603,2026-07-01T02:05:18.627074+00:00,86.2,200,ask,YieldingYams,WavyWalnuts,1475392
2026-07-01T02:05:19.574053,2026-07-01T02:05:19.582026+00:00,86.4,10,bid,Zijun Feng,YieldingYams,1475409
2026-07-01T02:05:20.549019,2026-07-01T02:05:20.557093+00:00,86.2,20,ask,YieldingYams,BrilliantBurritos,1475426
2026-07-01T02:05:21.719754,2026-07-01T02:05:21.735185+00:00,86.3,3,bid,Xuanyu Liu,YieldingYams,1475439
2026-07-01T02:05:23.178965,2026-07-01T02:05:23.181924+00:00,86.2,200,ask,WavyWalnuts,YieldingYams,1475470
2026-07-01T02:05:23.178965,2026-07-01T02:05:23.192326+00:00,86.2,425,ask,AverageAlmonds,YieldingYams,1475471
2026-07-01T02:05:24.487177,2026-07-01T02:05:24.498914+00:00,86.3,200,bid,YieldingYams,WavyWalnuts,1475504
2026-07-01T02:05:28.450800,2026-07-01T02:05:28.454966+00:00,86.4,200,bid,YieldingYams,WavyWalnuts,1475575
2026-07-01T02:05:31.652616,2026-07-01T02:05:31.661665+00:00,86.4,20,bid,BrilliantBurritos,YieldingYams,1475625
2026-07-01T02:05:31.916542,2026-07-01T02:05:31.918760+00:00,86.4,200,bid,WavyWalnuts,YieldingYams,1475630
2026-07-01T02:05:32.265442,2026-07-01T02:05:32.268806+00:00,86.2,10,ask,YieldingYams,Zijun Feng,1475641
2026-07-01T02:05:33.604788,2026-07-01T02:05:33.614278+00:00,86.4,20,ask,YieldingYams,BrilliantBurritos,1475661
2026-07-01T02:05:34.259949,2026-07-01T02:05:34.270706+00:00,86.4,200,ask,WavyWalnuts,AverageAlmonds,1475673
2026-07-01T02:05:34.259949,2026-07-01T02:05:34.270706+00:00,86.4,300,ask,YieldingYams,AverageAlmonds,1475674
2026-07-01T02:05:35.005113,2026-07-01T02:05:35.010022+00:00,86.4,200,ask,WavyWalnuts,YieldingYams,1475695
2026-07-01T02:05:35.559055,2026-07-01T02:05:35.565204+00:00,86.3,200,bid,WavyWalnuts,YieldingYams,1475710
2026-07-01T02:05:36.324692,2026-07-01T02:05:36.333821+00:00,86.3,3,ask,YieldingYams,Xuanyu Liu,1475737
2026-07-01T02:05:37.595420,2026-07-01T02:05:37.606025+00:00,86.3,23,ask,YieldingYams,Xuanyu Liu,1475763
2026-07-01T02:05:37.634408,2026-07-01T02:05:37.636831+00:00,86.4,500,bid,YieldingYams,AverageAlmonds,1475770
2026-07-01T02:05:37.649276,2026-07-01T02:05:37.658795+00:00,86.4,11,ask,YieldingYams,Xuanyu Liu,1475771
2026-07-01T02:05:37.863545,2026-07-01T02:05:37.873852+00:00,86.4,10,ask,YieldingYams,Zijun Feng,1475778
2026-07-01T02:05:37.897065,2026-07-01T02:05:37.904654+00:00,86.4,104,ask,YieldingYams,AverageAlmonds,1475779
2026-07-01T02:05:38.374035,2026-07-01T02:05:38.376240+00:00,86.3,10,ask,WavyWalnuts,Zijun Feng,1475793
2026-07-01T02:05:38.945279,2026-07-01T02:05:38.950219+00:00,86.3,190,ask,WavyWalnuts,YieldingYams,1475799
2026-07-01T02:05:39.187235,2026-07-01T02:05:39.198668+00:00,86.2,200,bid,WavyWalnuts,YieldingYams,1475810
2026-07-01T02:05:39.866405,2026-07-01T02:05:39.868909+00:00,86.1,20,ask,YieldingYams,BrilliantBurritos,1475826
2026-07-01T02:05:40.399529,2026-07-01T02:05:40.404976+00:00,86.4,200,ask,YieldingYams,WavyWalnuts,1475844
2026-07-01T02:05:40.418012,2026-07-01T02:05:40.425841+00:00,86.4,10,ask,YieldingYams,Zijun Feng,1475846
2026-07-01T02:05:42.883113,2026-07-01T02:05:42.888675+00:00,86.4,500,bid,YieldingYams,AverageAlmonds,1475911
2026-07-01T02:05:42.883113,2026-07-01T02:05:42.888675+00:00,86.4,125,bid,YieldingYams,WavyWalnuts,1475912
2026-07-01T02:05:43.916568,2026-07-01T02:05:43.926970+00:00,86.2,1,ask,Kelvin Chan,Xuanyu Liu,1475925
2026-07-01T02:05:43.916568,2026-07-01T02:05:43.926970+00:00,86.2,11,ask,WavyWalnuts,Xuanyu Liu,1475926
2026-07-01T02:05:44.031258,2026-07-01T02:05:44.040045+00:00,86.3,11,ask,WavyWalnuts,Xuanyu Liu,1475929
2026-07-01T02:05:44.331227,2026-07-01T02:05:44.337601+00:00,86.3,20,ask,WavyWalnuts,BrilliantBurritos,1475936
2026-07-01T02:05:45.005711,2026-07-01T02:05:45.014977+00:00,86.3,10,ask,WavyWalnuts,Zijun Feng,1475953
2026-07-01T02:05:47.576596,2026-07-01T02:05:47.599337+00:00,86.3,200,ask,WavyWalnuts,AverageAlmonds,1475988
2026-07-01T02:05:47.588351,2026-07-01T02:05:47.599337+00:00,86.3,10,bid,Xuanyu Liu,AverageAlmonds,1475989
2026-07-01T02:05:48.044027,2026-07-01T02:05:48.053101+00:00,86.2,10,ask,YieldingYams,Zijun Feng,1476006
2026-07-01T02:05:50.066094,2026-07-01T02:05:50.074372+00:00,86.3,200,bid,WavyWalnuts,AverageAlmonds,1476052
2026-07-01T02:05:53.029987,2026-07-01T02:05:53.035882+00:00,86.2,500,ask,YieldingYams,AverageAlmonds,1476108
2026-07-01T02:05:53.376770,2026-07-01T02:05:53.393555+00:00,86.2,200,ask,WavyWalnuts,YieldingYams,1476114
2026-07-01T02:05:53.385514,2026-07-01T02:05:53.393555+00:00,86.1,24,bid,Xuanyu Liu,YieldingYams,1476115
2026-07-01T02:05:53.687861,2026-07-01T02:05:53.690965+00:00,86.1,200,bid,WavyWalnuts,YieldingYams,1476119
2026-07-01T02:05:54.866464,2026-07-01T02:05:54.869997+00:00,86.2,500,ask,YieldingYams,AverageAlmonds,1476141
2026-07-01T02:05:55.143976,2026-07-01T02:05:55.146800+00:00,86.3,10,bid,Zijun Feng,WavyWalnuts,1476153
2026-07-01T02:05:55.459924,2026-07-01T02:05:55.464723+00:00,86.2,125,ask,YieldingYams,AverageAlmonds,1476155
2026-07-01T02:05:55.996132,2026-07-01T02:05:55.998635+00:00,86.1,200,ask,WavyWalnuts,YieldingYams,1476170
2026-07-01T02:05:55.996132,2026-07-01T02:05:56.018726+00:00,86.1,3,ask,Kelvin Chan,YieldingYams,1476171
2026-07-01T02:05:56.010215,2026-07-01T02:05:56.018726+00:00,86.0,12,bid,Xuanyu Liu,YieldingYams,1476174
2026-07-01T02:05:56.103886,2026-07-01T02:05:56.111735+00:00,86.0,200,bid,WavyWalnuts,YieldingYams,1476177
2026-07-01T02:05:57.325730,2026-07-01T02:05:57.328724+00:00,85.9,2,ask,Kelvin Chan,YieldingYams,1476206
2026-07-01T02:05:57.325730,2026-07-01T02:05:57.328724+00:00,85.9,200,ask,WavyWalnuts,YieldingYams,1476207
2026-07-01T02:05:58.534491,2026-07-01T02:05:58.540236+00:00,85.9,200,bid,WavyWalnuts,YieldingYams,1476226
2026-07-01T02:05:58.644707,2026-07-01T02:05:58.654144+00:00,85.9,12,ask,YieldingYams,Xuanyu Liu,1476232
2026-07-01T02:05:58.943261,2026-07-01T02:05:58.951315+00:00,86.0,2,ask,Kelvin Chan,Xuanyu Liu,1476238
2026-07-01T02:05:58.993575,2026-07-01T02:05:59.002554+00:00,86.0,2,ask,Kelvin Chan,Xuanyu Liu,1476240
2026-07-01T02:05:59.210623,2026-07-01T02:05:59.219233+00:00,86.0,2,ask,Kelvin Chan,Xuanyu Liu,1476246
2026-07-01T02:05:59.748658,2026-07-01T02:05:59.752513+00:00,85.9,200,ask,YieldingYams,WavyWalnuts,1476263
2026-07-01T02:06:01.249661,2026-07-01T02:06:01.260492+00:00,85.8,1,ask,Kelvin Chan,YieldingYams,1476296
2026-07-01T02:06:01.249661,2026-07-01T02:06:01.260492+00:00,85.8,200,ask,WavyWalnuts,YieldingYams,1476297
2026-07-01T02:06:01.625607,2026-07-01T02:06:01.630561+00:00,85.8,20,bid,BrilliantBurritos,YieldingYams,1476302
2026-07-01T02:06:01.774769,2026-07-01T02:06:01.784232+00:00,85.8,10,bid,Zijun Feng,YieldingYams,1476303
2026-07-01T02:06:02.288184,2026-07-01T02:06:02.296187+00:00,85.8,6,bid,Zijun Feng,YieldingYams,1476319
2026-07-01T02:06:03.855128,2026-07-01T02:06:03.861271+00:00,85.9,4,bid,Zijun Feng,WavyWalnuts,1476346
2026-07-01T02:06:04.600467,2026-07-01T02:06:04.603729+00:00,85.8,200,ask,YieldingYams,WavyWalnuts,1476365
2026-07-01T02:06:05.183050,2026-07-01T02:06:05.201928+00:00,85.8,3,ask,Kelvin Chan,YieldingYams,1476382
2026-07-01T02:06:05.191860,2026-07-01T02:06:05.201928+00:00,85.8,6,bid,Xuanyu Liu,YieldingYams,1476383
2026-07-01T02:06:05.257097,2026-07-01T02:06:05.263635+00:00,85.7,20,ask,AverageAlmonds,BrilliantBurritos,1476385
2026-07-01T02:06:05.807791,2026-07-01T02:06:05.810523+00:00,85.7,4,ask,Kelvin Chan,WavyWalnuts,1476396
2026-07-01T02:06:05.807791,2026-07-01T02:06:05.820954+00:00,85.7,196,ask,AverageAlmonds,WavyWalnuts,1476397
2026-07-01T02:06:06.040832,2026-07-01T02:06:06.049945+00:00,85.8,12,bid,Xuanyu Liu,YieldingYams,1476408
2026-07-01T02:06:07.869771,2026-07-01T02:06:07.871947+00:00,85.8,20,ask,YieldingYams,BrilliantBurritos,1476434
2026-07-01T02:06:07.917656,2026-07-01T02:06:07.923018+00:00,85.9,10,bid,Zijun Feng,WavyWalnuts,1476435
2026-07-01T02:06:08.222745,2026-07-01T02:06:08.230265+00:00,85.9,200,bid,WavyWalnuts,YieldingYams,1476450
2026-07-01T02:06:09.205129,2026-07-01T02:06:09.215709+00:00,86.0,11,bid,Xuanyu Liu,YieldingYams,1476466
2026-07-01T02:06:09.453174,2026-07-01T02:06:09.463484+00:00,86.0,10,bid,Zijun Feng,YieldingYams,1476480
2026-07-01T02:06:10.645799,2026-07-01T02:06:10.660483+00:00,85.9,3,bid,Xuanyu Liu,WavyWalnuts,1476502
2026-07-01T02:06:14.370559,2026-07-01T02:06:14.377971+00:00,85.7,5,ask,Kelvin Chan,YieldingYams,1476583
2026-07-01T02:06:14.586324,2026-07-01T02:06:14.592814+00:00,85.7,10,bid,Zijun Feng,YieldingYams,1476584
2026-07-01T02:06:15.478329,2026-07-01T02:06:15.488898+00:00,85.7,200,bid,WavyWalnuts,YieldingYams,1476605
2026-07-01T02:06:16.653902,2026-07-01T02:06:16.663668+00:00,85.8,10,ask,YieldingYams,Zijun Feng,1476621
2026-07-01T02:06:16.997621,2026-07-01T02:06:17.004593+00:00,85.9,200,bid,YieldingYams,WavyWalnuts,1476636
2026-07-01T02:06:18.314594,2026-07-01T02:06:18.324775+00:00,85.9,200,ask,WavyWalnuts,YieldingYams,1476672
2026-07-01T02:06:18.314594,2026-07-01T02:06:18.324775+00:00,85.8,425,ask,AverageAlmonds,YieldingYams,1476673
2026-07-01T02:06:18.702796,2026-07-01T02:06:18.706137+00:00,86.0,10,bid,Zijun Feng,WavyWalnuts,1476679
2026-07-01T02:06:18.758953,2026-07-01T02:06:18.767065+00:00,86.0,3,bid,Xuanyu Liu,WavyWalnuts,1476681
2026-07-01T02:06:18.940970,2026-07-01T02:06:18.952195+00:00,86.0,25,bid,Alice Feng,WavyWalnuts,1476690
2026-07-01T02:06:19.107496,2026-07-01T02:06:19.116143+00:00,85.9,11,bid,Xuanyu Liu,WavyWalnuts,1476693
2026-07-01T02:06:19.157449,2026-07-01T02:06:19.183129+00:00,85.9,25,bid,Alice Feng,WavyWalnuts,1476699
2026-07-01T02:06:19.167717,2026-07-01T02:06:19.183129+00:00,85.8,2,ask,AverageAlmonds,Alice Feng,1476700
2026-07-01T02:06:19.173845,2026-07-01T02:06:19.183129+00:00,85.8,1,ask,AverageAlmonds,Xuanyu Liu,1476702
2026-07-01T02:06:19.266187,2026-07-01T02:06:19.275225+00:00,85.8,1,ask,AverageAlmonds,Xuanyu Liu,1476706
2026-07-01T02:06:19.368600,2026-07-01T02:06:19.379216+00:00,85.8,1,ask,AverageAlmonds,Xuanyu Liu,1476710
2026-07-01T02:06:19.372585,2026-07-01T02:06:19.379216+00:00,85.8,2,ask,AverageAlmonds,Alice Feng,1476711
2026-07-01T02:06:19.441686,2026-07-01T02:06:19.450927+00:00,85.8,1,ask,AverageAlmonds,Xuanyu Liu,1476713
2026-07-01T02:06:19.523602,2026-07-01T02:06:19.533057+00:00,85.8,1,ask,AverageAlmonds,Xuanyu Liu,1476715
2026-07-01T02:06:19.577467,2026-07-01T02:06:19.584228+00:00,85.8,2,ask,AverageAlmonds,Alice Feng,1476718
2026-07-01T02:06:19.621126,2026-07-01T02:06:19.625207+00:00,85.9,164,bid,YieldingYams,WavyWalnuts,1476719
2026-07-01T02:06:19.739596,2026-07-01T02:06:19.748687+00:00,86.0,1,ask,YieldingYams,Xuanyu Liu,1476720
2026-07-01T02:06:19.782659,2026-07-01T02:06:19.789876+00:00,86.0,2,ask,YieldingYams,Alice Feng,1476723
2026-07-01T02:06:19.987739,2026-07-01T02:06:19.994797+00:00,86.0,2,ask,YieldingYams,Alice Feng,1476729
2026-07-01T02:06:20.046889,2026-07-01T02:06:20.056183+00:00,86.0,1,ask,YieldingYams,Alice Feng,1476730
2026-07-01T02:06:20.108349,2026-07-01T02:06:20.116724+00:00,86.0,1,ask,YieldingYams,Xuanyu Liu,1476733
2026-07-01T02:06:20.169004,2026-07-01T02:06:20.177968+00:00,86.0,1,ask,YieldingYams,Xuanyu Liu,1476735
2026-07-01T02:06:20.193472,2026-07-01T02:06:20.198588+00:00,86.0,2,ask,YieldingYams,Alice Feng,1476737
2026-07-01T02:06:20.209883,2026-07-01T02:06:20.218467+00:00,86.0,1,ask,YieldingYams,Xuanyu Liu,1476738
2026-07-01T02:06:20.286936,2026-07-01T02:06:20.296460+00:00,86.0,1,ask,YieldingYams,Xuanyu Liu,1476740
2026-07-01T02:06:20.328597,2026-07-01T02:06:20.337291+00:00,86.0,1,ask,YieldingYams,Xuanyu Liu,1476742
2026-07-01T02:06:20.398140,2026-07-01T02:06:20.409404+00:00,86.0,2,ask,YieldingYams,Alice Feng,1476750
2026-07-01T02:06:20.441374,2026-07-01T02:06:20.454854+00:00,86.0,1,ask,YieldingYams,Xuanyu Liu,1476754
2026-07-01T02:06:20.603311,2026-07-01T02:06:20.609299+00:00,86.0,2,ask,YieldingYams,Alice Feng,1476761
2026-07-01T02:06:20.811900,2026-07-01T02:06:20.814211+00:00,86.0,1,ask,YieldingYams,Xuanyu Liu,1476765
2026-07-01T02:06:21.494550,2026-07-01T02:06:21.505980+00:00,86.0,1,ask,YieldingYams,Xuanyu Liu,1476777
2026-07-01T02:06:21.617337,2026-07-01T02:06:21.619858+00:00,86.0,25,ask,YieldingYams,Alice Feng,1476782
2026-07-01T02:06:21.626633,2026-07-01T02:06:21.630115+00:00,86.1,2,bid,Alice Feng,Kelvin Chan,1476784
2026-07-01T02:06:21.831122,2026-07-01T02:06:21.835408+00:00,86.1,1,bid,Alice Feng,Kelvin Chan,1476789
2026-07-01T02:06:21.831122,2026-07-01T02:06:21.835408+00:00,86.1,1,bid,Alice Feng,WavyWalnuts,1476790
2026-07-01T02:06:22.037800,2026-07-01T02:06:22.040917+00:00,86.1,2,bid,Alice Feng,WavyWalnuts,1476801
2026-07-01T02:06:22.240403,2026-07-01T02:06:22.246689+00:00,86.1,197,bid,YieldingYams,WavyWalnuts,1476809
2026-07-01T02:06:22.246086,2026-07-01T02:06:22.257008+00:00,86.3,2,bid,Alice Feng,AverageAlmonds,1476810
2026-07-01T02:06:22.450836,2026-07-01T02:06:22.462086+00:00,86.3,2,bid,Alice Feng,AverageAlmonds,1476812
2026-07-01T02:06:22.656965,2026-07-01T02:06:22.667623+00:00,86.3,2,bid,Alice Feng,AverageAlmonds,1476820
2026-07-01T02:06:22.731278,2026-07-01T02:06:22.740202+00:00,86.2,200,ask,YieldingYams,WavyWalnuts,1476821
2026-07-01T02:06:22.861843,2026-07-01T02:06:22.863875+00:00,86.3,2,bid,Alice Feng,AverageAlmonds,1476824
2026-07-01T02:06:23.066387,2026-07-01T02:06:23.069099+00:00,86.3,2,bid,Alice Feng,AverageAlmonds,1476825
2026-07-01T02:06:23.270420,2026-07-01T02:06:23.274454+00:00,86.3,2,bid,Alice Feng,AverageAlmonds,1476831
2026-07-01T02:06:23.475412,2026-07-01T02:06:23.480732+00:00,86.3,2,bid,Alice Feng,AverageAlmonds,1476834
2026-07-01T02:06:23.679784,2026-07-01T02:06:23.685788+00:00,86.2,2,bid,Alice Feng,YieldingYams,1476839
2026-07-01T02:06:23.922534,2026-07-01T02:06:23.932316+00:00,86.2,2,bid,Alice Feng,YieldingYams,1476846
2026-07-01T02:06:23.953984,2026-07-01T02:06:23.963254+00:00,86.1,3,bid,Xuanyu Liu,WavyWalnuts,1476847
2026-07-01T02:06:24.116202,2026-07-01T02:06:24.127893+00:00,86.0,20,ask,YieldingYams,BrilliantBurritos,1476850
2026-07-01T02:06:24.134215,2026-07-01T02:06:24.138224+00:00,86.1,25,bid,Alice Feng,WavyWalnuts,1476852
2026-07-01T02:06:24.343941,2026-07-01T02:06:24.354145+00:00,86.1,25,bid,Alice Feng,WavyWalnuts,1476858
2026-07-01T02:06:24.555111,2026-07-01T02:06:24.560641+00:00,86.1,25,bid,Alice Feng,WavyWalnuts,1476865
2026-07-01T02:06:24.763514,2026-07-01T02:06:24.766623+00:00,86.1,25,bid,Alice Feng,WavyWalnuts,1476872
2026-07-01T02:06:24.768259,2026-07-01T02:06:24.776938+00:00,86.0,2,ask,YieldingYams,Alice Feng,1476873
2026-07-01T02:06:24.858546,2026-07-01T02:06:24.869680+00:00,86.1,97,bid,YieldingYams,WavyWalnuts,1476874
2026-07-01T02:06:24.858546,2026-07-01T02:06:24.869680+00:00,86.1,2,bid,YieldingYams,Kelvin Chan,1476875
2026-07-01T02:06:24.973114,2026-07-01T02:06:24.982600+00:00,86.1,1,ask,YieldingYams,Alice Feng,1476878
2026-07-01T02:06:26.184198,2026-07-01T02:06:26.192663+00:00,86.1,25,bid,Alice Feng,YieldingYams,1476895
2026-07-01T02:06:26.394062,2026-07-01T02:06:26.398594+00:00,86.1,25,bid,Alice Feng,YieldingYams,1476900
2026-07-01T02:06:26.603286,2026-07-01T02:06:26.605160+00:00,86.1,21,bid,Alice Feng,YieldingYams,1476911
2026-07-01T02:06:26.819525,2026-07-01T02:06:26.821583+00:00,86.1,10,bid,Zijun Feng,YieldingYams,1476920
2026-07-01T02:06:28.783845,2026-07-01T02:06:28.795096+00:00,85.9,200,ask,YieldingYams,WavyWalnuts,1476955
2026-07-01T02:06:29.558933,2026-07-01T02:06:29.564581+00:00,85.8,8,ask,Kelvin Chan,BrilliantBurritos,1476978
2026-07-01T02:06:29.558933,2026-07-01T02:06:29.564581+00:00,85.8,12,ask,WavyWalnuts,BrilliantBurritos,1476979
2026-07-01T02:06:31.208835,2026-07-01T02:06:31.217908+00:00,86.0,3,ask,WavyWalnuts,Xuanyu Liu,1477018
2026-07-01T02:06:31.421282,2026-07-01T02:06:31.424685+00:00,86.0,197,ask,WavyWalnuts,YieldingYams,1477030
2026-07-01T02:06:33.554016,2026-07-01T02:06:33.560730+00:00,85.9,20,ask,WavyWalnuts,BrilliantBurritos,1477071
2026-07-01T02:06:34.947228,2026-07-01T02:06:34.951141+00:00,86.2,1,bid,Zijun Feng,Kelvin Chan,1477101
2026-07-01T02:06:34.947228,2026-07-01T02:06:34.951141+00:00,86.2,9,bid,Zijun Feng,YieldingYams,1477102
2026-07-01T02:06:35.345237,2026-07-01T02:06:35.353802+00:00,86.1,200,ask,WavyWalnuts,YieldingYams,1477117
2026-07-01T02:06:36.482374,2026-07-01T02:06:36.488961+00:00,85.9,20,ask,YieldingYams,BrilliantBurritos,1477139
2026-07-01T02:06:37.982385,2026-07-01T02:06:38.000825+00:00,85.9,200,ask,WavyWalnuts,YieldingYams,1477170
2026-07-01T02:06:37.992278,2026-07-01T02:06:38.000825+00:00,85.9,2,bid,Xuanyu Liu,YieldingYams,1477171
2026-07-01T02:06:38.471409,2026-07-01T02:06:38.473158+00:00,85.9,200,bid,WavyWalnuts,YieldingYams,1477180
2026-07-01T02:06:39.511974,2026-07-01T02:06:39.521761+00:00,86.1,8,bid,Zijun Feng,Kelvin Chan,1477214
2026-07-01T02:06:39.685035,2026-07-01T02:06:39.708854+00:00,86.1,9,bid,WavyWalnuts,Kelvin Chan,1477219
2026-07-01T02:06:39.699388,2026-07-01T02:06:39.708854+00:00,86.1,2,ask,WavyWalnuts,Xuanyu Liu,1477220
2026-07-01T02:06:40.029422,2026-07-01T02:06:40.036919+00:00,86.2,2,bid,Zijun Feng,YieldingYams,1477225
2026-07-01T02:06:41.767615,2026-07-01T02:06:41.774992+00:00,86.2,8,bid,BrilliantBurritos,Kelvin Chan,1477274
2026-07-01T02:06:41.767615,2026-07-01T02:06:41.774992+00:00,86.2,12,bid,BrilliantBurritos,WavyWalnuts,1477275
2026-07-01T02:06:43.601568,2026-07-01T02:06:43.604188+00:00,86.2,8,bid,Zijun Feng,Kelvin Chan,1477329
2026-07-01T02:06:43.601568,2026-07-01T02:06:43.614469+00:00,86.2,2,bid,Zijun Feng,YieldingYams,1477330
2026-07-01T02:06:44.548225,2026-07-01T02:06:44.559799+00:00,86.1,200,ask,WavyWalnuts,YieldingYams,1477342
2026-07-01T02:06:46.146924,2026-07-01T02:06:46.153135+00:00,86.1,20,bid,BrilliantBurritos,WavyWalnuts,1477382
2026-07-01T02:06:46.975078,2026-07-01T02:06:46.984072+00:00,86.0,200,ask,YieldingYams,WavyWalnuts,1477397
2026-07-01T02:06:47.526527,2026-07-01T02:06:47.528988+00:00,86.1,20,ask,YieldingYams,BrilliantBurritos,1477405
2026-07-01T02:06:50.375160,2026-07-01T02:06:50.386472+00:00,86.2,2,bid,Xuanyu Liu,Kelvin Chan,1477480
2026-07-01T02:06:50.375160,2026-07-01T02:06:50.386472+00:00,86.2,1,bid,Xuanyu Liu,WavyWalnuts,1477481
2026-07-01T02:06:52.190297,2026-07-01T02:06:52.194085+00:00,86.2,10,bid,Zijun Feng,YieldingYams,1477506
2026-07-01T02:06:53.022441,2026-07-01T02:06:53.027896+00:00,86.2,2,bid,WavyWalnuts,Kelvin Chan,1477529
2026-07-01T02:06:53.022441,2026-07-01T02:06:53.027896+00:00,86.2,198,bid,WavyWalnuts,YieldingYams,1477530
2026-07-01T02:06:54.221369,2026-07-01T02:06:54.229928+00:00,86.3,10,bid,Zijun Feng,YieldingYams,1477557
2026-07-01T02:06:55.066573,2026-07-01T02:06:55.071803+00:00,86.2,200,ask,WavyWalnuts,YieldingYams,1477570
2026-07-01T02:06:55.444110,2026-07-01T02:06:55.452555+00:00,86.2,200,bid,WavyWalnuts,YieldingYams,1477581
2026-07-01T02:06:55.718345,2026-07-01T02:06:55.729648+00:00,86.0,20,ask,YieldingYams,BrilliantBurritos,1477586
2026-07-01T02:06:56.375329,2026-07-01T02:06:56.377261+00:00,86.3,3,bid,YieldingYams,Kelvin Chan,1477604
2026-07-01T02:06:56.375329,2026-07-01T02:06:56.387580+00:00,86.3,200,bid,YieldingYams,WavyWalnuts,1477605
2026-07-01T02:06:56.375329,2026-07-01T02:06:56.387580+00:00,86.4,422,bid,YieldingYams,AverageAlmonds,1477606
2026-07-01T02:06:57.694360,2026-07-01T02:06:57.703258+00:00,86.3,200,ask,WavyWalnuts,YieldingYams,1477648
2026-07-01T02:06:58.322175,2026-07-01T02:06:58.333238+00:00,86.3,11,bid,Xuanyu Liu,YieldingYams,1477659
2026-07-01T02:06:58.694957,2026-07-01T02:06:58.703066+00:00,86.2,20,ask,WavyWalnuts,BrilliantBurritos,1477668
2026-07-01T02:06:59.857935,2026-07-01T02:06:59.867262+00:00,86.4,12,bid,Xuanyu Liu,WavyWalnuts,1477695
2026-07-01T02:07:00.178560,2026-07-01T02:07:00.186501+00:00,86.4,20,bid,BrilliantBurritos,WavyWalnuts,1477708
2026-07-01T02:07:00.860626,2026-07-01T02:07:00.868105+00:00,86.3,500,ask,YieldingYams,AverageAlmonds,1477723
2026-07-01T02:07:01.496900,2026-07-01T02:07:01.516183+00:00,86.3,125,ask,YieldingYams,WavyWalnuts,1477735
2026-07-01T02:07:01.506443,2026-07-01T02:07:01.516183+00:00,86.2,23,bid,Xuanyu Liu,WavyWalnuts,1477736
2026-07-01T02:07:02.813584,2026-07-01T02:07:02.824094+00:00,86.3,10,bid,Zijun Feng,YieldingYams,1477772
2026-07-01T02:07:02.968385,2026-07-01T02:07:02.979249+00:00,86.3,500,bid,YieldingYams,AverageAlmonds,1477785
2026-07-01T02:07:02.968385,2026-07-01T02:07:02.979249+00:00,86.3,125,bid,YieldingYams,WavyWalnuts,1477786
2026-07-01T02:07:04.278861,2026-07-01T02:07:04.282095+00:00,86.2,200,ask,WavyWalnuts,YieldingYams,1477820
2026-07-01T02:07:05.597733,2026-07-01T02:07:05.605681+00:00,86.1,200,bid,YieldingYams,WavyWalnuts,1477841
2026-07-01T02:07:06.883130,2026-07-01T02:07:06.891055+00:00,86.2,10,bid,Zijun Feng,WavyWalnuts,1477873
2026-07-01T02:07:08.775326,2026-07-01T02:07:08.778082+00:00,86.0,6,ask,Kelvin Chan,WavyWalnuts,1477901
2026-07-01T02:07:08.775326,2026-07-01T02:07:08.788456+00:00,85.9,194,ask,YieldingYams,WavyWalnuts,1477902
2026-07-01T02:07:08.922601,2026-07-01T02:07:08.932252+00:00,86.1,10,bid,Zijun Feng,YieldingYams,1477914
2026-07-01T02:07:09.433488,2026-07-01T02:07:09.444909+00:00,86.1,10,bid,Zijun Feng,YieldingYams,1477925
2026-07-01T02:07:09.550467,2026-07-01T02:07:09.557771+00:00,86.0,7,ask,Kelvin Chan,YieldingYams,1477931
2026-07-01T02:07:09.766330,2026-07-01T02:07:09.788116+00:00,85.9,4,bid,Xuanyu Liu,YieldingYams,1477934
2026-07-01T02:07:09.987279,2026-07-01T02:07:09.994236+00:00,85.9,200,bid,WavyWalnuts,YieldingYams,1477943
2026-07-01T02:07:10.459152,2026-07-01T02:07:10.466644+00:00,85.9,10,bid,Zijun Feng,YieldingYams,1477965
2026-07-01T02:07:12.555339,2026-07-01T02:07:12.564082+00:00,85.9,4,ask,YieldingYams,Xuanyu Liu,1478006
2026-07-01T02:07:14.796634,2026-07-01T02:07:14.813341+00:00,86.1,200,bid,YieldingYams,WavyWalnuts,1478045
2026-07-01T02:07:14.804817,2026-07-01T02:07:14.813341+00:00,86.1,23,ask,YieldingYams,Xuanyu Liu,1478046
2026-07-01T02:07:15.665343,2026-07-01T02:07:15.675792+00:00,86.2,4,bid,Xuanyu Liu,Kelvin Chan,1478073
2026-07-01T02:07:15.665343,2026-07-01T02:07:15.675792+00:00,86.2,7,bid,Xuanyu Liu,WavyWalnuts,1478074
2026-07-01T02:07:16.109410,2026-07-01T02:07:16.127452+00:00,86.1,200,ask,WavyWalnuts,YieldingYams,1478093
2026-07-01T02:07:16.117931,2026-07-01T02:07:16.127452+00:00,86.1,12,bid,Xuanyu Liu,YieldingYams,1478094
2026-07-01T02:07:17.626206,2026-07-01T02:07:17.636482+00:00,86.1,10,bid,Zijun Feng,WavyWalnuts,1478115
2026-07-01T02:07:18.728649,2026-07-01T02:07:18.733571+00:00,86.1,200,bid,YieldingYams,WavyWalnuts,1478137
2026-07-01T02:07:19.165719,2026-07-01T02:07:19.174123+00:00,86.1,10,ask,YieldingYams,Zijun Feng,1478140
2026-07-01T02:07:19.672936,2026-07-01T02:07:19.675388+00:00,86.1,200,ask,YieldingYams,WavyWalnuts,1478149
2026-07-01T02:07:20.190488,2026-07-01T02:07:20.199207+00:00,85.9,10,ask,WavyWalnuts,Zijun Feng,1478161
2026-07-01T02:07:22.059665,2026-07-01T02:07:22.070305+00:00,85.9,12,ask,YieldingYams,Xuanyu Liu,1478186
2026-07-01T02:07:22.092688,2026-07-01T02:07:22.101410+00:00,85.9,200,ask,YieldingYams,WavyWalnuts,1478190
2026-07-01T02:07:22.670126,2026-07-01T02:07:22.674957+00:00,85.9,500,ask,AverageAlmonds,YieldingYams,1478207
2026-07-01T02:07:23.227393,2026-07-01T02:07:23.257416+00:00,85.9,125,bid,AverageAlmonds,YieldingYams,1478215
2026-07-01T02:07:23.247987,2026-07-01T02:07:23.257416+00:00,86.0,11,ask,AverageAlmonds,Xuanyu Liu,1478216
2026-07-01T02:07:23.299138,2026-07-01T02:07:23.309295+00:00,86.0,200,ask,AverageAlmonds,WavyWalnuts,1478220
2026-07-01T02:07:24.505544,2026-07-01T02:07:24.512052+00:00,86.0,200,ask,AverageAlmonds,WavyWalnuts,1478231
2026-07-01T02:07:25.713931,2026-07-01T02:07:25.720800+00:00,86.1,200,ask,YieldingYams,WavyWalnuts,1478254
2026-07-01T02:07:26.601435,2026-07-01T02:07:26.611970+00:00,86.0,500,ask,AverageAlmonds,YieldingYams,1478272
2026-07-01T02:07:26.868227,2026-07-01T02:07:26.879378+00:00,86.0,125,bid,AverageAlmonds,YieldingYams,1478281
2026-07-01T02:07:29.335440,2026-07-01T02:07:29.339813+00:00,86.0,200,ask,YieldingYams,WavyWalnuts,1478339
2026-07-01T02:07:30.358285,2026-07-01T02:07:30.362956+00:00,86.1,10,ask,AverageAlmonds,Zijun Feng,1478362
2026-07-01T02:07:30.542695,2026-07-01T02:07:30.547264+00:00,86.1,500,ask,AverageAlmonds,YieldingYams,1478363
2026-07-01T02:07:31.116281,2026-07-01T02:07:31.121337+00:00,86.1,125,bid,AverageAlmonds,YieldingYams,1478378
2026-07-01T02:07:31.849583,2026-07-01T02:07:31.869584+00:00,86.2,2,bid,YieldingYams,Kelvin Chan,1478400
2026-07-01T02:07:31.849583,2026-07-01T02:07:31.869584+00:00,86.2,200,bid,YieldingYams,WavyWalnuts,1478401
2026-07-01T02:07:31.860684,2026-07-01T02:07:31.869584+00:00,86.2,12,ask,YieldingYams,Xuanyu Liu,1478402
2026-07-01T02:07:32.462610,2026-07-01T02:07:32.473936+00:00,86.4,20,bid,BrilliantBurritos,YieldingYams,1478413
2026-07-01T02:07:32.970604,2026-07-01T02:07:32.988229+00:00,86.3,9,bid,WavyWalnuts,Kelvin Chan,1478422
2026-07-01T02:07:32.979217,2026-07-01T02:07:32.988229+00:00,86.3,11,ask,WavyWalnuts,Xuanyu Liu,1478424
2026-07-01T02:07:33.164798,2026-07-01T02:07:33.173090+00:00,86.3,180,ask,WavyWalnuts,YieldingYams,1478427
2026-07-01T02:07:38.872990,2026-07-01T02:07:38.878886+00:00,86.4,8,bid,BrilliantBurritos,Kelvin Chan,1478549
2026-07-01T02:07:38.872990,2026-07-01T02:07:38.878886+00:00,86.4,12,bid,BrilliantBurritos,WavyWalnuts,1478550
2026-07-01T02:07:39.013036,2026-07-01T02:07:39.022471+00:00,86.3,10,ask,YieldingYams,Zijun Feng,1478556
2026-07-01T02:07:39.023290,2026-07-01T02:07:39.042886+00:00,86.4,9,bid,WavyWalnuts,Kelvin Chan,1478557
2026-07-01T02:07:39.033789,2026-07-01T02:07:39.042886+00:00,86.4,3,ask,WavyWalnuts,Xuanyu Liu,1478558
2026-07-01T02:07:39.716120,2026-07-01T02:07:39.718661+00:00,86.4,188,ask,WavyWalnuts,YieldingYams,1478582
2026-07-01T02:07:40.233775,2026-07-01T02:07:40.240225+00:00,86.4,200,bid,WavyWalnuts,YieldingYams,1478590
2026-07-01T02:07:41.564468,2026-07-01T02:07:41.570925+00:00,86.4,10,ask,YieldingYams,Zijun Feng,1478628
2026-07-01T02:07:42.333298,2026-07-01T02:07:42.340947+00:00,86.5,3,bid,YieldingYams,Kelvin Chan,1478648
2026-07-01T02:07:42.333298,2026-07-01T02:07:42.340947+00:00,86.5,200,bid,YieldingYams,WavyWalnuts,1478649
2026-07-01T02:07:43.231918,2026-07-01T02:07:43.242314+00:00,86.5,422,ask,YieldingYams,AverageAlmonds,1478657
2026-07-01T02:07:43.646930,2026-07-01T02:07:43.651410+00:00,86.4,200,ask,WavyWalnuts,YieldingYams,1478672
2026-07-01T02:07:43.859007,2026-07-01T02:07:43.866735+00:00,86.4,200,bid,WavyWalnuts,YieldingYams,1478676
2026-07-01T02:07:44.903243,2026-07-01T02:07:44.911249+00:00,86.4,20,bid,BrilliantBurritos,YieldingYams,1478692
2026-07-01T02:07:44.954452,2026-07-01T02:07:44.962385+00:00,86.4,3,bid,YieldingYams,Kelvin Chan,1478693
2026-07-01T02:07:44.954452,2026-07-01T02:07:44.962385+00:00,86.5,500,bid,YieldingYams,AverageAlmonds,1478694
2026-07-01T02:07:44.954452,2026-07-01T02:07:44.962385+00:00,86.6,122,bid,YieldingYams,WavyWalnuts,1478695
2026-07-01T02:07:45.068350,2026-07-01T02:07:45.075306+00:00,86.5,200,bid,WavyWalnuts,AverageAlmonds,1478699
2026-07-01T02:07:46.267342,2026-07-01T02:07:46.275493+00:00,86.4,500,bid,YieldingYams,AverageAlmonds,1478720
2026-07-01T02:07:46.840682,2026-07-01T02:07:46.851529+00:00,86.4,125,ask,YieldingYams,AverageAlmonds,1478732
2026-07-01T02:07:46.840682,2026-07-01T02:07:46.851529+00:00,86.4,200,ask,WavyWalnuts,AverageAlmonds,1478733
2026-07-01T02:07:47.582556,2026-07-01T02:07:47.591365+00:00,86.3,3,bid,Xuanyu Liu,YieldingYams,1478742
2026-07-01T02:07:48.710555,2026-07-01T02:07:48.713399+00:00,86.3,200,bid,WavyWalnuts,YieldingYams,1478785
2026-07-01T02:07:49.920604,2026-07-01T02:07:49.931909+00:00,86.2,5,ask,Kelvin Chan,WavyWalnuts,1478808
2026-07-01T02:07:49.920604,2026-07-01T02:07:49.931909+00:00,86.2,195,ask,YieldingYams,WavyWalnuts,1478809
2026-07-01T02:07:50.198552,2026-07-01T02:07:50.218777+00:00,86.2,6,ask,Kelvin Chan,YieldingYams,1478812
2026-07-01T02:07:50.209962,2026-07-01T02:07:50.218777+00:00,86.1,23,bid,Xuanyu Liu,YieldingYams,1478813
2026-07-01T02:07:50.340668,2026-07-01T02:07:50.351865+00:00,86.0,20,ask,AverageAlmonds,BrilliantBurritos,1478815
2026-07-01T02:07:50.548401,2026-07-01T02:07:50.556534+00:00,86.0,12,ask,WavyWalnuts,Xuanyu Liu,1478820
2026-07-01T02:07:51.524772,2026-07-01T02:07:51.534886+00:00,86.1,11,ask,YieldingYams,Xuanyu Liu,1478840
2026-07-01T02:07:51.918698,2026-07-01T02:07:51.926961+00:00,86.2,20,bid,BrilliantBurritos,WavyWalnuts,1478847
2026-07-01T02:07:52.339998,2026-07-01T02:07:52.346830+00:00,86.1,200,ask,YieldingYams,WavyWalnuts,1478856
2026-07-01T02:07:53.759205,2026-07-01T02:07:53.771033+00:00,86.0,1,ask,Kelvin Chan,Zijun Feng,1478894
2026-07-01T02:07:53.759205,2026-07-01T02:07:53.771033+00:00,86.0,9,ask,WavyWalnuts,Zijun Feng,1478895
2026-07-01T02:07:54.760519,2026-07-01T02:07:54.769951+00:00,86.0,200,ask,YieldingYams,WavyWalnuts,1478907
2026-07-01T02:07:56.764067,2026-07-01T02:07:56.774398+00:00,86.1,200,ask,WavyWalnuts,YieldingYams,1478965
2026-07-01T02:07:56.764067,2026-07-01T02:07:56.774398+00:00,86.1,3,ask,Kelvin Chan,YieldingYams,1478966
2026-07-01T02:07:56.764067,2026-07-01T02:07:56.774398+00:00,86.0,422,ask,AverageAlmonds,YieldingYams,1478967
2026-07-01T02:07:59.391006,2026-07-01T02:07:59.400477+00:00,86.1,200,bid,YieldingYams,WavyWalnuts,1479024
2026-07-01T02:07:59.594260,2026-07-01T02:07:59.605425+00:00,86.1,200,ask,YieldingYams,WavyWalnuts,1479034
2026-07-01T02:08:00.801648,2026-07-01T02:08:00.813114+00:00,86.0,2,ask,Kelvin Chan,WavyWalnuts,1479063
2026-07-01T02:08:00.801648,2026-07-01T02:08:00.813114+00:00,86.0,198,ask,YieldingYams,WavyWalnuts,1479064
2026-07-01T02:08:02.024784,2026-07-01T02:08:02.030842+00:00,86.0,2,ask,Kelvin Chan,YieldingYams,1479092
2026-07-01T02:08:02.024784,2026-07-01T02:08:02.030842+00:00,86.0,500,ask,AverageAlmonds,YieldingYams,1479093
2026-07-01T02:08:02.024784,2026-07-01T02:08:02.030842+00:00,86.0,123,ask,WavyWalnuts,YieldingYams,1479094
2026-07-01T02:08:02.498027,2026-07-01T02:08:02.501803+00:00,86.2,20,bid,BrilliantBurritos,WavyWalnuts,1479108
2026-07-01T02:08:03.220373,2026-07-01T02:08:03.228132+00:00,86.0,2,ask,Kelvin Chan,WavyWalnuts,1479123
2026-07-01T02:08:03.334061,2026-07-01T02:08:03.340942+00:00,86.0,198,bid,YieldingYams,WavyWalnuts,1479130
2026-07-01T02:08:04.211781,2026-07-01T02:08:04.222973+00:00,86.2,20,ask,YieldingYams,BrilliantBurritos,1479149
2026-07-01T02:08:04.427705,2026-07-01T02:08:04.438487+00:00,86.2,200,ask,YieldingYams,WavyWalnuts,1479154
2026-07-01T02:08:04.645849,2026-07-01T02:08:04.653683+00:00,86.0,500,ask,AverageAlmonds,YieldingYams,1479165
2026-07-01T02:08:04.645849,2026-07-01T02:08:04.653683+00:00,86.0,7,ask,Kelvin Chan,YieldingYams,1479166
2026-07-01T02:08:04.981064,2026-07-01T02:08:04.991897+00:00,86.0,118,bid,AverageAlmonds,YieldingYams,1479171
2026-07-01T02:08:05.952944,2026-07-01T02:08:05.975338+00:00,86.2,200,bid,YieldingYams,WavyWalnuts,1479196
2026-07-01T02:08:05.952944,2026-07-01T02:08:05.975338+00:00,86.3,5,bid,YieldingYams,Kelvin Chan,1479197
2026-07-01T02:08:05.966059,2026-07-01T02:08:05.975338+00:00,86.3,3,ask,YieldingYams,Xuanyu Liu,1479198
2026-07-01T02:08:08.060966,2026-07-01T02:08:08.067969+00:00,86.2,200,ask,YieldingYams,WavyWalnuts,1479245
2026-07-01T02:08:09.270734,2026-07-01T02:08:09.275638+00:00,86.2,200,ask,YieldingYams,WavyWalnuts,1479269
2026-07-01T02:08:09.892875,2026-07-01T02:08:09.901822+00:00,86.3,3,bid,Xuanyu Liu,YieldingYams,1479290
2026-07-01T02:08:10.481014,2026-07-01T02:08:10.487336+00:00,86.2,200,ask,AverageAlmonds,WavyWalnuts,1479305
2026-07-01T02:08:12.636614,2026-07-01T02:08:12.649676+00:00,86.3,34,bid,Xuanyu Liu,YieldingYams,1479362
2026-07-01T02:08:16.429226,2026-07-01T02:08:16.441526+00:00,86.2,200,ask,WavyWalnuts,YieldingYams,1479467
2026-07-01T02:08:16.429226,2026-07-01T02:08:16.441526+00:00,86.2,425,ask,AverageAlmonds,YieldingYams,1479468
2026-07-01T02:08:16.537483,2026-07-01T02:08:16.544995+00:00,86.1,200,ask,AverageAlmonds,WavyWalnuts,1479477
2026-07-01T02:08:17.451644,2026-07-01T02:08:17.459184+00:00,86.4,1,bid,BrilliantBurritos,Kelvin Chan,1479497
2026-07-01T02:08:17.781491,2026-07-01T02:08:17.805789+00:00,86.3,11,ask,WavyWalnuts,Xuanyu Liu,1479506
2026-07-01T02:08:18.979876,2026-07-01T02:08:18.983500+00:00,86.4,4,bid,WavyWalnuts,Kelvin Chan,1479529
2026-07-01T02:08:18.979876,2026-07-01T02:08:18.983500+00:00,86.4,196,bid,WavyWalnuts,YieldingYams,1479530
2026-07-01T02:08:19.149209,2026-07-01T02:08:19.158250+00:00,86.3,20,ask,YieldingYams,BrilliantBurritos,1479532
2026-07-01T02:08:21.403294,2026-07-01T02:08:21.406605+00:00,86.4,4,bid,WavyWalnuts,Kelvin Chan,1479584
2026-07-01T02:08:21.403294,2026-07-01T02:08:21.416939+00:00,86.4,196,bid,WavyWalnuts,YieldingYams,1479585
2026-07-01T02:08:22.192412,2026-07-01T02:08:22.199269+00:00,86.4,4,bid,BrilliantBurritos,Kelvin Chan,1479601
2026-07-01T02:08:23.843564,2026-07-01T02:08:23.853509+00:00,86.4,200,bid,WavyWalnuts,YieldingYams,1479634
2026-07-01T02:08:25.060727,2026-07-01T02:08:25.064331+00:00,86.5,3,bid,WavyWalnuts,Kelvin Chan,1479656
2026-07-01T02:08:25.060727,2026-07-01T02:08:25.064331+00:00,86.5,197,bid,WavyWalnuts,YieldingYams,1479657
2026-07-01T02:08:25.615966,2026-07-01T02:08:25.618557+00:00,86.5,3,bid,YieldingYams,Kelvin Chan,1479670
2026-07-01T02:08:25.630009,2026-07-01T02:08:25.641322+00:00,86.5,12,ask,YieldingYams,Xuanyu Liu,1479671
2026-07-01T02:08:25.811695,2026-07-01T02:08:25.815467+00:00,86.6,20,bid,BrilliantBurritos,WavyWalnuts,1479677
2026-07-01T02:08:26.277562,2026-07-01T02:08:26.286933+00:00,86.5,200,ask,YieldingYams,WavyWalnuts,1479686
2026-07-01T02:08:30.866603,2026-07-01T02:08:30.869752+00:00,86.6,2,bid,YieldingYams,Kelvin Chan,1479781
2026-07-01T02:08:30.866603,2026-07-01T02:08:30.869752+00:00,86.6,200,bid,YieldingYams,WavyWalnuts,1479782
2026-07-01T02:08:30.866603,2026-07-01T02:08:30.880135+00:00,86.6,423,bid,YieldingYams,AverageAlmonds,1479783
2026-07-01T02:08:31.124405,2026-07-01T02:08:31.127285+00:00,86.6,200,bid,WavyWalnuts,AverageAlmonds,1479788
2026-07-01T02:08:32.334126,2026-07-01T02:08:32.338604+00:00,86.4,200,bid,WavyWalnuts,YieldingYams,1479808
2026-07-01T02:08:33.496010,2026-07-01T02:08:33.504668+00:00,86.3,11,ask,YieldingYams,Xuanyu Liu,1479829
2026-07-01T02:08:33.541875,2026-07-01T02:08:33.545631+00:00,86.4,200,bid,WavyWalnuts,YieldingYams,1479831
2026-07-01T02:08:34.748710,2026-07-01T02:08:34.753357+00:00,86.4,200,bid,WavyWalnuts,YieldingYams,1479855
2026-07-01T02:08:34.856735,2026-07-01T02:08:34.866772+00:00,86.3,3,ask,YieldingYams,Xuanyu Liu,1479858
2026-07-01T02:08:35.627092,2026-07-01T02:08:35.635061+00:00,86.3,10,ask,YieldingYams,Zijun Feng,1479879
2026-07-01T02:08:35.958479,2026-07-01T02:08:35.971929+00:00,86.5,200,bid,WavyWalnuts,YieldingYams,1479890
2026-07-01T02:08:36.140156,2026-07-01T02:08:36.169049+00:00,86.4,10,ask,YieldingYams,Zijun Feng,1479894
