timestamp,recv_time,price,volume,aggressor_side,buyer,seller,trade_id
2026-07-08T15:00:00.674658,2026-07-08T15:00:00.659584+00:00,147.8,20,bid,,,12349713
2026-07-08T15:00:01.063338,2026-07-08T15:00:01.083701+00:00,147.6,20,ask,,,12349723
2026-07-08T15:00:02.500127,2026-07-08T15:00:02.508758+00:00,147.8,20,bid,,,12349750
2026-07-08T15:00:04.252090,2026-07-08T15:00:04.337405+00:00,147.8,200,ask,,,12349770
2026-07-08T15:00:04.252090,2026-07-08T15:00:04.337405+00:00,147.7,8,ask,,,12349771
2026-07-08T15:00:04.332543,2026-07-08T15:00:04.353662+00:00,147.7,3,bid,,,12349777
2026-07-08T15:00:04.401414,2026-07-08T15:00:04.410349+00:00,147.7,200,bid,,,12349781
2026-07-08T15:00:05.569397,2026-07-08T15:00:05.580137+00:00,147.8,8,bid,,,12349803
2026-07-08T15:00:05.615456,2026-07-08T15:00:05.625315+00:00,147.8,200,ask,,,12349808
2026-07-08T15:00:08.344437,2026-07-08T15:00:08.348459+00:00,148.0,35,bid,,,12349868
2026-07-08T15:00:08.871778,2026-07-08T15:00:08.883634+00:00,147.9,20,ask,,,12349874
2026-07-08T15:00:09.141625,2026-07-08T15:00:09.152146+00:00,147.9,500,ask,,,12349878
2026-07-08T15:00:09.505343,2026-07-08T15:00:09.525314+00:00,147.9,8,ask,,,12349883
2026-07-08T15:00:09.520967,2026-07-08T15:00:09.525314+00:00,147.9,11,bid,,,12349885
2026-07-08T15:00:10.835020,2026-07-08T15:00:10.839113+00:00,147.8,3,bid,,,12349903
2026-07-08T15:00:11.587788,2026-07-08T15:00:11.591661+00:00,147.7,14,ask,,,12349924
2026-07-08T15:00:11.699287,2026-07-08T15:00:11.709868+00:00,147.8,200,bid,,,12349928
2026-07-08T15:00:12.121778,2026-07-08T15:00:12.134688+00:00,147.9,500,bid,,,12349935
2026-07-08T15:00:12.121778,2026-07-08T15:00:12.134688+00:00,147.9,8,bid,,,12349936
2026-07-08T15:00:12.146769,2026-07-08T15:00:12.167774+00:00,147.9,117,ask,,,12349939
2026-07-08T15:00:12.907999,2026-07-08T15:00:12.923001+00:00,147.8,8,bid,,,12349955
2026-07-08T15:00:12.918860,2026-07-08T15:00:12.923001+00:00,147.8,12,ask,,,12349956
2026-07-08T15:00:13.390966,2026-07-08T15:00:13.402090+00:00,147.8,180,ask,,,12349962
2026-07-08T15:00:14.119904,2026-07-08T15:00:14.130258+00:00,147.8,200,bid,,,12349972
2026-07-08T15:00:14.701490,2026-07-08T15:00:14.705584+00:00,147.8,12,bid,,,12349981
2026-07-08T15:00:15.215782,2026-07-08T15:00:15.219423+00:00,147.7,11,bid,,,12349998
2026-07-08T15:00:16.057343,2026-07-08T15:00:16.068766+00:00,147.6,8,ask,,,12350014
2026-07-08T15:00:16.075084,2026-07-08T15:00:16.079026+00:00,147.6,3,bid,,,12350016
2026-07-08T15:00:17.924817,2026-07-08T15:00:17.928647+00:00,147.5,3,ask,,,12350052
2026-07-08T15:00:19.451018,2026-07-08T15:00:19.460307+00:00,147.5,20,ask,,,12350074
2026-07-08T15:00:22.630798,2026-07-08T15:00:22.641555+00:00,147.3,8,ask,,,12350123
2026-07-08T15:00:22.630798,2026-07-08T15:00:22.641555+00:00,147.3,200,ask,,,12350124
2026-07-08T15:00:23.804326,2026-07-08T15:00:23.813795+00:00,147.3,200,bid,,,12350139
2026-07-08T15:00:26.239174,2026-07-08T15:00:26.249088+00:00,147.3,200,ask,,,12350172
2026-07-08T15:00:27.923302,2026-07-08T15:00:27.927415+00:00,147.3,11,ask,,,12350196
2026-07-08T15:00:29.186963,2026-07-08T15:00:29.198552+00:00,147.3,500,ask,,,12350221
2026-07-08T15:00:29.186963,2026-07-08T15:00:29.198552+00:00,147.2,125,ask,,,12350222
2026-07-08T15:00:31.805275,2026-07-08T15:00:31.820818+00:00,147.3,500,ask,,,12350254
2026-07-08T15:00:31.840158,2026-07-08T15:00:31.852051+00:00,147.3,20,bid,,,12350255
2026-07-08T15:00:32.134693,2026-07-08T15:00:32.145497+00:00,147.3,105,bid,,,12350258
2026-07-08T15:00:34.706216,2026-07-08T15:00:34.715944+00:00,147.3,200,ask,,,12350314
2026-07-08T15:00:35.808445,2026-07-08T15:00:35.820090+00:00,147.4,20,ask,,,12350335
2026-07-08T15:00:35.914732,2026-07-08T15:00:35.922099+00:00,147.4,200,ask,,,12350341
2026-07-08T15:00:44.060585,2026-07-08T15:00:44.069287+00:00,147.5,20,bid,,,12350477
2026-07-08T15:00:44.397455,2026-07-08T15:00:44.405365+00:00,147.5,200,bid,,,12350481
2026-07-08T15:00:45.605903,2026-07-08T15:00:45.617428+00:00,147.4,200,bid,,,12350496
2026-07-08T15:00:46.280744,2026-07-08T15:00:46.284554+00:00,147.4,12,ask,,,12350510
2026-07-08T15:00:47.525348,2026-07-08T15:00:47.534555+00:00,147.4,8,ask,,,12350531
2026-07-08T15:00:48.026179,2026-07-08T15:00:48.035269+00:00,147.4,200,bid,,,12350547
2026-07-08T15:00:50.446904,2026-07-08T15:00:50.451156+00:00,147.5,200,bid,,,12350584
2026-07-08T15:00:52.715797,2026-07-08T15:00:52.722849+00:00,147.5,500,bid,,,12350606
2026-07-08T15:00:55.719843,2026-07-08T15:00:55.731546+00:00,147.6,20,bid,,,12350656
2026-07-08T15:00:56.783702,2026-07-08T15:00:56.790363+00:00,147.5,20,bid,,,12350674
2026-07-08T15:00:57.690231,2026-07-08T15:00:57.701492+00:00,147.5,20,bid,,,12350688
2026-07-08T15:00:58.932051,2026-07-08T15:00:58.941039+00:00,147.4,200,ask,,,12350714
2026-07-08T15:00:59.327333,2026-07-08T15:00:59.334459+00:00,147.4,8,ask,,,12350719
2026-07-08T15:00:59.346390,2026-07-08T15:00:59.351117+00:00,147.4,23,bid,,,12350721
2026-07-08T15:01:00.650095,2026-07-08T15:01:00.665614+00:00,147.3,200,ask,,,12350743
2026-07-08T15:01:00.650095,2026-07-08T15:01:00.665614+00:00,147.3,8,ask,,,12350744
2026-07-08T15:01:01.177840,2026-07-08T15:01:01.188707+00:00,147.2,417,bid,,,12350752
2026-07-08T15:01:02.234815,2026-07-08T15:01:02.239385+00:00,147.2,11,ask,,,12350770
2026-07-08T15:01:04.342167,2026-07-08T15:01:04.352373+00:00,147.4,20,bid,,,12350805
2026-07-08T15:01:06.184826,2026-07-08T15:01:06.192019+00:00,147.6,200,bid,,,12350835
2026-07-08T15:01:09.828476,2026-07-08T15:01:09.836292+00:00,147.7,200,bid,,,12350904
2026-07-08T15:01:11.673885,2026-07-08T15:01:11.678390+00:00,147.9,14,bid,,,12350948
2026-07-08T15:01:23.599199,2026-07-08T15:01:23.606042+00:00,148.0,500,bid,,,12351117
2026-07-08T15:01:24.194613,2026-07-08T15:01:24.204241+00:00,148.0,125,bid,,,12351125
2026-07-08T15:01:24.264987,2026-07-08T15:01:24.274867+00:00,148.2,200,bid,,,12351128
2026-07-08T15:01:24.371281,2026-07-08T15:01:24.386877+00:00,148.2,200,ask,,,12351131
2026-07-08T15:01:24.383002,2026-07-08T15:01:24.386877+00:00,148.2,3,ask,,,12351133
2026-07-08T15:01:25.581834,2026-07-08T15:01:25.589309+00:00,148.1,8,ask,,,12351149
2026-07-08T15:01:25.581834,2026-07-08T15:01:25.594604+00:00,148.0,200,ask,,,12351150
2026-07-08T15:01:25.593341,2026-07-08T15:01:25.605101+00:00,148.0,200,bid,,,12351153
2026-07-08T15:01:26.801864,2026-07-08T15:01:26.811413+00:00,148.0,200,bid,,,12351174
2026-07-08T15:01:26.891082,2026-07-08T15:01:26.902200+00:00,148.1,8,bid,,,12351177
2026-07-08T15:01:27.494524,2026-07-08T15:01:27.498086+00:00,148.3,3,bid,,,12351193
2026-07-08T15:01:28.011704,2026-07-08T15:01:28.018504+00:00,148.1,200,ask,,,12351200
2026-07-08T15:01:30.826769,2026-07-08T15:01:30.834128+00:00,148.3,200,bid,,,12351234
2026-07-08T15:01:34.062174,2026-07-08T15:01:34.070131+00:00,148.4,200,ask,,,12351296
2026-07-08T15:01:35.535722,2026-07-08T15:01:35.547661+00:00,148.5,20,bid,,,12351315
2026-07-08T15:01:36.243466,2026-07-08T15:01:36.258651+00:00,148.3,8,ask,,,12351324
2026-07-08T15:01:36.243466,2026-07-08T15:01:36.258651+00:00,148.3,12,ask,,,12351325
2026-07-08T15:01:40.107092,2026-07-08T15:01:40.117573+00:00,148.4,8,ask,,,12351402
2026-07-08T15:01:41.885822,2026-07-08T15:01:41.897641+00:00,148.4,20,bid,,,12351433
2026-07-08T15:01:43.363912,2026-07-08T15:01:43.367405+00:00,148.4,26,ask,,,12351456
2026-07-08T15:01:45.603576,2026-07-08T15:01:45.615464+00:00,148.8,20,bid,,,12351479
2026-07-08T15:01:52.535159,2026-07-08T15:01:52.542584+00:00,148.7,20,ask,,,12351589
2026-07-08T15:01:55.829937,2026-07-08T15:01:55.840371+00:00,148.7,200,ask,,,12351649
2026-07-08T15:01:57.056494,2026-07-08T15:01:57.060211+00:00,148.8,12,bid,,,12351674
2026-07-08T15:01:59.170963,2026-07-08T15:01:59.175346+00:00,148.9,14,bid,,,12351702
2026-07-08T15:02:01.016387,2026-07-08T15:02:01.026189+00:00,148.7,200,bid,,,12351723
2026-07-08T15:02:01.016387,2026-07-08T15:02:01.026189+00:00,148.8,8,bid,,,12351724
2026-07-08T15:02:01.875915,2026-07-08T15:02:01.882740+00:00,148.8,200,ask,,,12351746
2026-07-08T15:02:02.336744,2026-07-08T15:02:02.343983+00:00,148.8,8,ask,,,12351754
2026-07-08T15:02:02.371174,2026-07-08T15:02:02.411212+00:00,148.7,8,bid,,,12351758
2026-07-08T15:02:02.371174,2026-07-08T15:02:02.411212+00:00,148.8,12,bid,,,12351759
2026-07-08T15:02:02.407655,2026-07-08T15:02:02.411212+00:00,148.8,3,bid,,,12351761
2026-07-08T15:02:02.423118,2026-07-08T15:02:02.426692+00:00,148.8,8,bid,,,12351764
2026-07-08T15:02:02.483367,2026-07-08T15:02:02.494408+00:00,148.8,20,bid,,,12351766
2026-07-08T15:02:02.593855,2026-07-08T15:02:02.600558+00:00,148.8,20,bid,,,12351769
2026-07-08T15:02:02.596824,2026-07-08T15:02:02.606025+00:00,148.6,20,ask,,,12351770
2026-07-08T15:02:02.810127,2026-07-08T15:02:02.816626+00:00,148.8,20,bid,,,12351775
2026-07-08T15:02:03.145538,2026-07-08T15:02:03.158565+00:00,148.8,20,bid,,,12351785
2026-07-08T15:02:03.461066,2026-07-08T15:02:03.472607+00:00,148.8,20,bid,,,12351794
2026-07-08T15:02:05.544284,2026-07-08T15:02:05.548669+00:00,148.7,8,ask,,,12351821
2026-07-08T15:02:05.699557,2026-07-08T15:02:05.703609+00:00,148.7,3,ask,,,12351823
2026-07-08T15:02:08.500509,2026-07-08T15:02:08.509534+00:00,148.8,20,bid,,,12351864
2026-07-08T15:02:09.437271,2026-07-08T15:02:09.448867+00:00,148.8,20,bid,,,12351889
2026-07-08T15:02:10.215978,2026-07-08T15:02:10.225128+00:00,148.8,180,bid,,,12351893
2026-07-08T15:02:11.822144,2026-07-08T15:02:11.832347+00:00,149.0,20,bid,,,12351930
2026-07-08T15:02:14.151889,2026-07-08T15:02:14.158591+00:00,148.8,200,ask,,,12351975
2026-07-08T15:02:14.151889,2026-07-08T15:02:14.158591+00:00,148.7,8,ask,,,12351976
2026-07-08T15:02:14.753265,2026-07-08T15:02:14.758598+00:00,148.5,20,ask,,,12351991
2026-07-08T15:02:15.024637,2026-07-08T15:02:15.028824+00:00,148.5,3,ask,,,12351996
2026-07-08T15:02:15.053998,2026-07-08T15:02:15.065503+00:00,148.5,20,ask,,,12351997
2026-07-08T15:02:15.164505,2026-07-08T15:02:15.176173+00:00,148.5,20,ask,,,12351999
2026-07-08T15:02:15.180049,2026-07-08T15:02:15.186522+00:00,148.7,200,bid,,,12352001
2026-07-08T15:02:15.277413,2026-07-08T15:02:15.286220+00:00,148.5,20,ask,,,12352002
2026-07-08T15:02:15.441059,2026-07-08T15:02:15.452120+00:00,148.5,20,ask,,,12352011
2026-07-08T15:02:15.477005,2026-07-08T15:02:15.481316+00:00,148.6,11,ask,,,12352014
2026-07-08T15:02:15.551250,2026-07-08T15:02:15.557895+00:00,148.6,20,ask,,,12352016
2026-07-08T15:02:15.666875,2026-07-08T15:02:15.676766+00:00,148.6,20,ask,,,12352019
2026-07-08T15:02:19.412750,2026-07-08T15:02:19.417238+00:00,148.7,11,bid,,,12352106
2026-07-08T15:02:20.016446,2026-07-08T15:02:20.024872+00:00,148.7,200,bid,,,12352113
2026-07-08T15:02:20.701577,2026-07-08T15:02:20.712415+00:00,148.7,8,bid,,,12352128
2026-07-08T15:02:21.164858,2026-07-08T15:02:21.168555+00:00,148.9,3,bid,,,12352140
2026-07-08T15:02:21.236166,2026-07-08T15:02:21.246899+00:00,148.8,200,ask,,,12352141
2026-07-08T15:02:23.576882,2026-07-08T15:02:23.585048+00:00,148.9,20,bid,,,12352174
2026-07-08T15:02:24.639577,2026-07-08T15:02:24.650012+00:00,148.7,200,ask,,,12352187
2026-07-08T15:02:25.354495,2026-07-08T15:02:25.358632+00:00,148.7,425,bid,,,12352199
2026-07-08T15:02:25.386906,2026-07-08T15:02:25.395947+00:00,148.7,20,ask,,,12352200
2026-07-08T15:02:25.994415,2026-07-08T15:02:26.001284+00:00,148.8,200,bid,,,12352208
2026-07-08T15:02:26.068027,2026-07-08T15:02:26.079564+00:00,148.8,200,ask,,,12352213
2026-07-08T15:02:27.280208,2026-07-08T15:02:27.289568+00:00,148.8,200,ask,,,12352233
2026-07-08T15:02:27.309206,2026-07-08T15:02:27.315791+00:00,148.8,8,ask,,,12352234
2026-07-08T15:02:27.803256,2026-07-08T15:02:27.814181+00:00,148.7,500,bid,,,12352247
2026-07-08T15:02:28.422958,2026-07-08T15:02:28.432627+00:00,148.6,20,ask,,,12352254
2026-07-08T15:02:28.488474,2026-07-08T15:02:28.498476+00:00,148.6,200,ask,,,12352258
2026-07-08T15:02:29.703103,2026-07-08T15:02:29.711508+00:00,148.8,200,ask,,,12352272
2026-07-08T15:02:30.220963,2026-07-08T15:02:30.229402+00:00,148.9,500,bid,,,12352286
2026-07-08T15:02:32.133372,2026-07-08T15:02:32.144161+00:00,148.8,200,ask,,,12352328
2026-07-08T15:02:33.274858,2026-07-08T15:02:33.293997+00:00,148.9,3,ask,,,12352345
2026-07-08T15:02:33.341896,2026-07-08T15:02:33.350808+00:00,148.9,200,ask,,,12352346
2026-07-08T15:02:38.071084,2026-07-08T15:02:38.080734+00:00,148.9,200,bid,,,12352407
2026-07-08T15:02:39.147208,2026-07-08T15:02:39.158637+00:00,149.0,500,ask,,,12352422
2026-07-08T15:02:39.147208,2026-07-08T15:02:39.158637+00:00,148.9,125,ask,,,12352423
2026-07-08T15:02:39.196882,2026-07-08T15:02:39.208461+00:00,149.1,20,bid,,,12352426
2026-07-08T15:02:40.164486,2026-07-08T15:02:40.168457+00:00,149.1,3,bid,,,12352442
2026-07-08T15:02:40.612578,2026-07-08T15:02:40.620326+00:00,148.9,200,ask,,,12352450
2026-07-08T15:02:42.916977,2026-07-08T15:02:42.924705+00:00,149.0,500,bid,,,12352478
2026-07-08T15:02:45.459530,2026-07-08T15:02:45.469514+00:00,149.2,8,bid,,,12352516
2026-07-08T15:02:45.481694,2026-07-08T15:02:45.493086+00:00,149.3,20,bid,,,12352517
2026-07-08T15:02:45.702798,2026-07-08T15:02:45.714122+00:00,149.2,192,ask,,,12352523
2026-07-08T15:02:49.634074,2026-07-08T15:02:49.641410+00:00,149.2,200,bid,,,12352584
2026-07-08T15:02:51.021178,2026-07-08T15:02:51.032882+00:00,149.2,8,ask,,,12352609
2026-07-08T15:02:52.836710,2026-07-08T15:02:52.840749+00:00,149.2,3,bid,,,12352648
2026-07-08T15:02:52.889587,2026-07-08T15:02:52.895963+00:00,149.2,20,bid,,,12352651
2026-07-08T15:02:53.723291,2026-07-08T15:02:53.729758+00:00,149.0,20,ask,,,12352664
2026-07-08T15:02:56.209743,2026-07-08T15:02:56.220576+00:00,149.1,200,ask,,,12352699
2026-07-08T15:02:56.283185,2026-07-08T15:02:56.294567+00:00,149.1,20,bid,,,12352703
2026-07-08T15:02:56.403210,2026-07-08T15:02:56.410242+00:00,149.1,20,bid,,,12352709
2026-07-08T15:02:56.426241,2026-07-08T15:02:56.430810+00:00,149.1,8,bid,,,12352711
2026-07-08T15:02:56.541091,2026-07-08T15:02:56.552703+00:00,149.1,20,bid,,,12352715
2026-07-08T15:02:56.653117,2026-07-08T15:02:56.664215+00:00,149.1,20,bid,,,12352718
2026-07-08T15:02:56.755921,2026-07-08T15:02:56.760117+00:00,149.1,3,bid,,,12352724
2026-07-08T15:02:56.762631,2026-07-08T15:02:56.775773+00:00,149.1,20,bid,,,12352726
2026-07-08T15:02:56.909776,2026-07-08T15:02:56.918803+00:00,149.1,20,bid,,,12352732
2026-07-08T15:02:56.915528,2026-07-08T15:02:56.923808+00:00,149.0,15,ask,,,12352733
2026-07-08T15:02:57.520718,2026-07-08T15:02:57.527896+00:00,149.2,200,bid,,,12352736
2026-07-08T15:02:57.520718,2026-07-08T15:02:57.533353+00:00,149.2,8,bid,,,12352737
2026-07-08T15:02:58.483057,2026-07-08T15:02:58.494637+00:00,149.4,20,bid,,,12352758
2026-07-08T15:02:59.328072,2026-07-08T15:02:59.331934+00:00,149.2,14,ask,,,12352782
2026-07-08T15:03:02.783440,2026-07-08T15:03:02.790751+00:00,149.2,200,ask,,,12352832
2026-07-08T15:03:02.783440,2026-07-08T15:03:02.795733+00:00,149.2,8,ask,,,12352833
2026-07-08T15:03:03.617284,2026-07-08T15:03:03.626929+00:00,149.2,200,bid,,,12352842
2026-07-08T15:03:04.095278,2026-07-08T15:03:04.106490+00:00,149.2,8,bid,,,12352849
2026-07-08T15:03:06.722700,2026-07-08T15:03:06.733666+00:00,149.2,200,ask,,,12352885
2026-07-08T15:03:06.739849,2026-07-08T15:03:06.743894+00:00,149.2,3,bid,,,12352887
2026-07-08T15:03:06.770835,2026-07-08T15:03:06.777923+00:00,149.2,20,bid,,,12352889
2026-07-08T15:03:06.773818,2026-07-08T15:03:06.777923+00:00,149.2,8,bid,,,12352890
2026-07-08T15:03:06.883606,2026-07-08T15:03:06.891802+00:00,149.2,20,bid,,,12352894
2026-07-08T15:03:06.888116,2026-07-08T15:03:06.896982+00:00,149.1,20,ask,,,12352895
2026-07-08T15:03:07.170278,2026-07-08T15:03:07.179526+00:00,149.2,374,bid,,,12352896
2026-07-08T15:03:08.031462,2026-07-08T15:03:08.042900+00:00,149.3,200,bid,,,12352911
2026-07-08T15:03:08.809292,2026-07-08T15:03:08.813655+00:00,149.3,8,ask,,,12352922
2026-07-08T15:03:09.346206,2026-07-08T15:03:09.358541+00:00,149.3,500,ask,,,12352932
2026-07-08T15:03:09.346206,2026-07-08T15:03:09.358541+00:00,149.3,8,ask,,,12352933
2026-07-08T15:03:10.657144,2026-07-08T15:03:10.658578+00:00,149.4,8,bid,,,12352951
2026-07-08T15:03:10.677516,2026-07-08T15:03:10.681417+00:00,149.4,3,ask,,,12352953
2026-07-08T15:03:10.894503,2026-07-08T15:03:10.905195+00:00,149.4,200,ask,,,12352955
2026-07-08T15:03:13.317591,2026-07-08T15:03:13.324127+00:00,149.5,200,bid,,,12352986
2026-07-08T15:03:18.464175,2026-07-08T15:03:18.467740+00:00,149.5,3,bid,,,12353057
2026-07-08T15:03:18.475201,2026-07-08T15:03:18.483291+00:00,149.5,20,bid,,,12353059
2026-07-08T15:03:19.391676,2026-07-08T15:03:19.403006+00:00,149.4,200,ask,,,12353074
2026-07-08T15:03:21.159190,2026-07-08T15:03:21.169605+00:00,149.5,200,bid,,,12353113
2026-07-08T15:03:22.502589,2026-07-08T15:03:22.512002+00:00,149.6,20,ask,,,12353135
2026-07-08T15:03:23.025948,2026-07-08T15:03:23.034162+00:00,149.6,200,ask,,,12353139
2026-07-08T15:03:24.236817,2026-07-08T15:03:24.243946+00:00,149.6,200,ask,,,12353162
2026-07-08T15:03:24.649484,2026-07-08T15:03:24.655615+00:00,149.8,20,bid,,,12353171
2026-07-08T15:03:24.770520,2026-07-08T15:03:24.777117+00:00,149.8,15,bid,,,12353173
2026-07-08T15:03:24.850120,2026-07-08T15:03:24.853964+00:00,149.7,8,bid,,,12353177
2026-07-08T15:03:25.170190,2026-07-08T15:03:25.173937+00:00,149.7,3,bid,,,12353182
2026-07-08T15:03:25.447103,2026-07-08T15:03:25.458621+00:00,149.6,200,ask,,,12353191
2026-07-08T15:03:25.535999,2026-07-08T15:03:25.548011+00:00,149.6,20,ask,,,12353194
2026-07-08T15:03:26.476033,2026-07-08T15:03:26.480677+00:00,149.6,8,bid,,,12353207
2026-07-08T15:03:28.418796,2026-07-08T15:03:28.427100+00:00,149.8,20,bid,,,12353251
2026-07-08T15:03:29.086434,2026-07-08T15:03:29.093224+00:00,149.8,200,bid,,,12353260
2026-07-08T15:03:30.297806,2026-07-08T15:03:30.304963+00:00,149.8,200,bid,,,12353269
2026-07-08T15:03:30.422271,2026-07-08T15:03:30.425874+00:00,149.9,8,ask,,,12353274
2026-07-08T15:03:34.175862,2026-07-08T15:03:34.180162+00:00,149.9,14,ask,,,12353322
2026-07-08T15:03:35.677277,2026-07-08T15:03:35.684651+00:00,150.0,20,ask,,,12353347
2026-07-08T15:03:35.787576,2026-07-08T15:03:35.799266+00:00,150.0,20,ask,,,12353351
2026-07-08T15:03:35.897824,2026-07-08T15:03:35.909456+00:00,150.0,20,ask,,,12353353
2026-07-08T15:03:36.009246,2026-07-08T15:03:36.020837+00:00,150.0,20,ask,,,12353355
2026-07-08T15:03:36.140070,2026-07-08T15:03:36.158582+00:00,150.0,20,ask,,,12353357
2026-07-08T15:03:36.280767,2026-07-08T15:03:36.290446+00:00,150.2,3,bid,,,12353360
2026-07-08T15:03:36.889420,2026-07-08T15:03:36.898712+00:00,150.1,20,ask,,,12353372
2026-07-08T15:03:36.915807,2026-07-08T15:03:36.924801+00:00,150.1,180,ask,,,12353375
2026-07-08T15:03:37.008616,2026-07-08T15:03:37.018458+00:00,150.1,4,bid,,,12353379
2026-07-08T15:03:37.690792,2026-07-08T15:03:37.702724+00:00,150.1,20,bid,,,12353392
2026-07-08T15:03:41.228982,2026-07-08T15:03:41.236454+00:00,150.3,200,bid,,,12353462
2026-07-08T15:03:43.648954,2026-07-08T15:03:43.658606+00:00,150.2,200,bid,,,12353494
2026-07-08T15:03:44.786316,2026-07-08T15:03:44.792861+00:00,150.1,500,bid,,,12353513
2026-07-08T15:03:44.856452,2026-07-08T15:03:44.863603+00:00,150.4,200,bid,,,12353515
2026-07-08T15:03:45.386686,2026-07-08T15:03:45.396634+00:00,150.1,125,ask,,,12353526
2026-07-08T15:03:45.386686,2026-07-08T15:03:45.396634+00:00,150.1,8,ask,,,12353527
2026-07-08T15:03:45.493442,2026-07-08T15:03:45.497263+00:00,149.8,8,bid,,,12353530
2026-07-08T15:03:45.863017,2026-07-08T15:03:45.870310+00:00,149.9,8,bid,,,12353537
2026-07-08T15:03:45.868660,2026-07-08T15:03:45.875338+00:00,150.1,12,bid,,,12353538
2026-07-08T15:03:45.897479,2026-07-08T15:03:45.909004+00:00,149.5,8,ask,,,12353539
2026-07-08T15:03:46.063199,2026-07-08T15:03:46.074158+00:00,150.1,200,bid,,,12353543
2026-07-08T15:03:47.270814,2026-07-08T15:03:47.282165+00:00,150.2,200,bid,,,12353560
2026-07-08T15:03:47.799560,2026-07-08T15:03:47.807237+00:00,150.1,500,ask,,,12353570
2026-07-08T15:03:48.395596,2026-07-08T15:03:48.404429+00:00,150.1,125,ask,,,12353575
2026-07-08T15:03:48.446883,2026-07-08T15:03:48.450285+00:00,149.9,6,bid,,,12353577
2026-07-08T15:03:48.478977,2026-07-08T15:03:48.485811+00:00,149.9,2,bid,,,12353579
2026-07-08T15:03:48.478977,2026-07-08T15:03:48.491134+00:00,150.1,198,bid,,,12353580
2026-07-08T15:03:48.488141,2026-07-08T15:03:48.496277+00:00,150.1,5,bid,,,12353582
2026-07-08T15:03:49.690376,2026-07-08T15:03:49.697546+00:00,150.0,200,bid,,,12353604
2026-07-08T15:03:50.000452,2026-07-08T15:03:50.004364+00:00,149.7,11,ask,,,12353613
2026-07-08T15:03:50.052126,2026-07-08T15:03:50.055833+00:00,149.9,3,ask,,,12353619
2026-07-08T15:03:50.099382,2026-07-08T15:03:50.108913+00:00,149.9,20,ask,,,12353621
2026-07-08T15:03:50.218797,2026-07-08T15:03:50.233705+00:00,149.9,20,ask,,,12353627
2026-07-08T15:03:50.330564,2026-07-08T15:03:50.337573+00:00,149.9,20,ask,,,12353633
2026-07-08T15:03:50.441908,2026-07-08T15:03:50.453337+00:00,149.9,20,ask,,,12353637
2026-07-08T15:03:50.552222,2026-07-08T15:03:50.564004+00:00,149.9,20,ask,,,12353639
2026-07-08T15:03:50.663158,2026-07-08T15:03:50.675034+00:00,149.9,12,ask,,,12353642
2026-07-08T15:03:50.898376,2026-07-08T15:03:50.907869+00:00,150.0,200,bid,,,12353647
2026-07-08T15:03:51.405192,2026-07-08T15:03:51.413071+00:00,149.9,20,ask,,,12353659
2026-07-08T15:03:52.113024,2026-07-08T15:03:52.121422+00:00,150.1,200,bid,,,12353685
2026-07-08T15:03:53.324570,2026-07-08T15:03:53.333780+00:00,150.1,200,bid,,,12353701
2026-07-08T15:03:56.334888,2026-07-08T15:03:56.341769+00:00,149.9,20,ask,,,12353753
2026-07-08T15:03:58.934629,2026-07-08T15:03:58.946395+00:00,150.1,20,ask,,,12353804
2026-07-08T15:03:59.254891,2026-07-08T15:03:59.259409+00:00,150.2,3,ask,,,12353814
2026-07-08T15:03:59.450564,2026-07-08T15:03:59.454530+00:00,150.4,3,bid,,,12353822
2026-07-08T15:04:02.337041,2026-07-08T15:04:02.346907+00:00,150.3,500,ask,,,12353867
2026-07-08T15:04:02.917022,2026-07-08T15:04:02.928426+00:00,150.3,125,ask,,,12353872
2026-07-08T15:04:03.156660,2026-07-08T15:04:03.163605+00:00,150.2,200,ask,,,12353876
2026-07-08T15:04:06.617209,2026-07-08T15:04:06.623667+00:00,150.1,200,ask,,,12353936
2026-07-08T15:04:12.164793,2026-07-08T15:04:12.168791+00:00,149.8,3,ask,,,12354012
2026-07-08T15:04:13.647683,2026-07-08T15:04:13.652271+00:00,149.9,11,ask,,,12354047
2026-07-08T15:04:14.943669,2026-07-08T15:04:14.950668+00:00,150.0,200,bid,,,12354066
2026-07-08T15:04:14.943669,2026-07-08T15:04:14.955705+00:00,150.1,8,bid,,,12354067
2026-07-08T15:04:14.961872,2026-07-08T15:04:14.965632+00:00,150.1,23,ask,,,12354069
2026-07-08T15:04:15.087436,2026-07-08T15:04:15.098650+00:00,150.1,200,ask,,,12354074
2026-07-08T15:04:15.276914,2026-07-08T15:04:15.280659+00:00,150.2,23,bid,,,12354080
2026-07-08T15:04:15.662489,2026-07-08T15:04:15.669199+00:00,150.1,194,ask,,,12354089
2026-07-08T15:04:15.695142,2026-07-08T15:04:15.699305+00:00,150.1,11,bid,,,12354093
2026-07-08T15:04:16.307519,2026-07-08T15:04:16.335962+00:00,150.0,200,bid,,,12354100
2026-07-08T15:04:16.331775,2026-07-08T15:04:16.335962+00:00,150.0,3,bid,,,12354105
2026-07-08T15:04:17.530145,2026-07-08T15:04:17.538005+00:00,150.0,200,bid,,,12354127
2026-07-08T15:04:18.073429,2026-07-08T15:04:18.085065+00:00,150.0,500,ask,,,12354137
2026-07-08T15:04:18.669363,2026-07-08T15:04:18.676637+00:00,150.0,125,ask,,,12354147
2026-07-08T15:04:18.669363,2026-07-08T15:04:18.681919+00:00,150.0,8,ask,,,12354148
2026-07-08T15:04:18.740875,2026-07-08T15:04:18.758635+00:00,150.0,200,bid,,,12354154
2026-07-08T15:04:19.949491,2026-07-08T15:04:19.954145+00:00,149.9,200,bid,,,12354182
2026-07-08T15:04:21.159521,2026-07-08T15:04:21.168786+00:00,150.0,200,bid,,,12354200
2026-07-08T15:04:22.385501,2026-07-08T15:04:22.389292+00:00,150.1,3,ask,,,12354222
2026-07-08T15:04:22.832578,2026-07-08T15:04:22.842651+00:00,150.1,197,ask,,,12354227
2026-07-08T15:04:23.575605,2026-07-08T15:04:23.583789+00:00,150.1,200,bid,,,12354245
2026-07-08T15:04:23.975785,2026-07-08T15:04:23.986305+00:00,150.1,20,bid,,,12354252
2026-07-08T15:04:26.764722,2026-07-08T15:04:26.775265+00:00,150.1,200,ask,,,12354303
2026-07-08T15:04:27.201918,2026-07-08T15:04:27.212768+00:00,150.1,200,bid,,,12354315
2026-07-08T15:04:28.074080,2026-07-08T15:04:28.085092+00:00,150.2,8,bid,,,12354332
2026-07-08T15:04:28.090991,2026-07-08T15:04:28.094975+00:00,150.2,34,ask,,,12354335
2026-07-08T15:04:28.416900,2026-07-08T15:04:28.424893+00:00,150.2,200,ask,,,12354340
2026-07-08T15:04:28.981425,2026-07-08T15:04:28.992720+00:00,150.2,383,ask,,,12354347
2026-07-08T15:04:31.093729,2026-07-08T15:04:31.097545+00:00,150.2,23,bid,,,12354385
2026-07-08T15:04:32.072078,2026-07-08T15:04:32.085173+00:00,150.1,11,bid,,,12354407
2026-07-08T15:04:33.276438,2026-07-08T15:04:33.286626+00:00,149.9,200,ask,,,12354428
2026-07-08T15:04:34.631210,2026-07-08T15:04:34.642179+00:00,150.0,200,ask,,,12354456
2026-07-08T15:04:42.974609,2026-07-08T15:04:42.981049+00:00,149.7,200,ask,,,12354602
2026-07-08T15:04:45.192217,2026-07-08T15:04:45.200948+00:00,149.7,20,ask,,,12354639
2026-07-08T15:04:45.391858,2026-07-08T15:04:45.401051+00:00,149.8,10,bid,,,12354644
2026-07-08T15:04:45.391858,2026-07-08T15:04:45.401051+00:00,149.8,10,bid,,,12354645
2026-07-08T15:04:45.391858,2026-07-08T15:04:45.406309+00:00,149.9,180,bid,,,12354646
2026-07-08T15:04:46.602229,2026-07-08T15:04:46.610152+00:00,149.8,200,bid,,,12354667
2026-07-08T15:04:46.982052,2026-07-08T15:04:46.986190+00:00,149.8,3,bid,,,12354674
2026-07-08T15:04:49.035054,2026-07-08T15:04:49.042809+00:00,149.9,200,bid,,,12354708
2026-07-08T15:04:49.578492,2026-07-08T15:04:49.590722+00:00,149.7,8,ask,,,12354718
2026-07-08T15:04:50.245435,2026-07-08T15:04:50.263749+00:00,149.9,200,bid,,,12354725
2026-07-08T15:04:55.084006,2026-07-08T15:04:55.097136+00:00,149.8,200,bid,,,12354818
2026-07-08T15:04:59.625281,2026-07-08T15:04:59.634425+00:00,149.6,200,ask,,,12354890
2026-07-08T15:04:59.625281,2026-07-08T15:04:59.634425+00:00,149.6,8,ask,,,12354891
2026-07-08T15:04:59.641838,2026-07-08T15:04:59.645939+00:00,149.6,3,bid,,,12354893
2026-07-08T15:04:59.658755,2026-07-08T15:04:59.666577+00:00,149.6,20,bid,,,12354895
2026-07-08T15:04:59.732014,2026-07-08T15:04:59.735878+00:00,149.6,8,bid,,,12354897
2026-07-08T15:04:59.769655,2026-07-08T15:04:59.778145+00:00,149.6,20,bid,,,12354899
2026-07-08T15:04:59.774894,2026-07-08T15:04:59.783165+00:00,149.4,1,ask,,,12354900
2026-07-08T15:05:00.938484,2026-07-08T15:05:00.949377+00:00,149.6,8,bid,,,12354915
2026-07-08T15:05:01.154130,2026-07-08T15:05:01.163790+00:00,149.6,200,ask,,,12354919
2026-07-08T15:05:02.363976,2026-07-08T15:05:02.374406+00:00,149.6,200,ask,,,12354943
2026-07-08T15:05:02.698678,2026-07-08T15:05:02.701029+00:00,149.6,8,ask,,,12354948
2026-07-08T15:05:02.789548,2026-07-08T15:05:02.792072+00:00,149.6,3,ask,,,12354954
2026-07-08T15:05:05.855286,2026-07-08T15:05:05.867006+00:00,149.5,20,ask,,,12355000
2026-07-08T15:05:05.966984,2026-07-08T15:05:05.974674+00:00,149.5,19,ask,,,12355002
2026-07-08T15:05:09.642717,2026-07-08T15:05:09.650099+00:00,149.4,200,ask,,,12355048
2026-07-08T15:05:11.283087,2026-07-08T15:05:11.290678+00:00,149.4,20,ask,,,12355072
2026-07-08T15:05:12.061866,2026-07-08T15:05:12.069620+00:00,149.4,200,ask,,,12355084
2026-07-08T15:05:12.302059,2026-07-08T15:05:12.306866+00:00,149.5,3,bid,,,12355089
2026-07-08T15:05:12.355913,2026-07-08T15:05:12.366822+00:00,149.5,20,bid,,,12355091
2026-07-08T15:05:12.424181,2026-07-08T15:05:12.429177+00:00,149.5,8,bid,,,12355093
2026-07-08T15:05:12.467273,2026-07-08T15:05:12.478699+00:00,149.5,20,bid,,,12355095
2026-07-08T15:05:12.472407,2026-07-08T15:05:12.484043+00:00,149.4,1,ask,,,12355096
2026-07-08T15:05:15.014203,2026-07-08T15:05:15.025245+00:00,149.4,500,ask,,,12355145
2026-07-08T15:05:15.368364,2026-07-08T15:05:15.379853+00:00,149.4,200,ask,,,12355155
2026-07-08T15:05:15.375680,2026-07-08T15:05:15.384864+00:00,149.4,8,bid,,,12355156
2026-07-08T15:05:15.683115,2026-07-08T15:05:15.693585+00:00,149.3,200,bid,,,12355164
2026-07-08T15:05:16.679766,2026-07-08T15:05:16.690356+00:00,149.3,500,bid,,,12355174
2026-07-08T15:05:16.850876,2026-07-08T15:05:16.854909+00:00,149.3,125,ask,,,12355178
2026-07-08T15:05:16.850876,2026-07-08T15:05:16.854909+00:00,149.3,8,ask,,,12355179
2026-07-08T15:05:17.458966,2026-07-08T15:05:17.469209+00:00,149.2,200,ask,,,12355191
2026-07-08T15:05:17.690974,2026-07-08T15:05:17.694661+00:00,149.0,3,bid,,,12355195
2026-07-08T15:05:17.754057,2026-07-08T15:05:17.765420+00:00,149.0,5,bid,,,12355199
2026-07-08T15:05:17.758481,2026-07-08T15:05:17.765420+00:00,149.2,15,bid,,,12355200
2026-07-08T15:05:18.005241,2026-07-08T15:05:18.013711+00:00,149.0,8,ask,,,12355208
2026-07-08T15:05:18.523502,2026-07-08T15:05:18.527337+00:00,149.1,11,ask,,,12355214
2026-07-08T15:05:20.559006,2026-07-08T15:05:20.568717+00:00,149.2,200,bid,,,12355242
2026-07-08T15:05:24.980183,2026-07-08T15:05:24.984252+00:00,149.0,3,ask,,,12355309
2026-07-08T15:05:25.051448,2026-07-08T15:05:25.058644+00:00,149.0,20,ask,,,12355313
2026-07-08T15:05:25.162436,2026-07-08T15:05:25.169512+00:00,149.0,20,ask,,,12355320
2026-07-08T15:05:25.270687,2026-07-08T15:05:25.282236+00:00,149.0,19,ask,,,12355323
2026-07-08T15:05:25.397521,2026-07-08T15:05:25.405496+00:00,149.0,200,ask,,,12355328
2026-07-08T15:05:25.852719,2026-07-08T15:05:25.868721+00:00,149.0,8,ask,,,12355330
2026-07-08T15:05:26.609407,2026-07-08T15:05:26.617093+00:00,149.0,200,bid,,,12355361
2026-07-08T15:05:27.142666,2026-07-08T15:05:27.153051+00:00,149.0,20,bid,,,12355369
2026-07-08T15:05:27.824317,2026-07-08T15:05:27.835281+00:00,149.0,200,ask,,,12355385
2026-07-08T15:05:32.659503,2026-07-08T15:05:32.670159+00:00,149.2,200,bid,,,12355466
2026-07-08T15:05:33.701842,2026-07-08T15:05:33.711331+00:00,149.2,500,bid,,,12355483
2026-07-08T15:05:33.718095,2026-07-08T15:05:33.722054+00:00,149.2,3,ask,,,12355485
2026-07-08T15:05:34.467062,2026-07-08T15:05:34.470803+00:00,149.3,3,bid,,,12355502
2026-07-08T15:05:35.042799,2026-07-08T15:05:35.049196+00:00,149.1,200,ask,,,12355509
2026-07-08T15:05:35.042799,2026-07-08T15:05:35.054768+00:00,149.1,8,ask,,,12355510
2026-07-08T15:05:35.065176,2026-07-08T15:05:35.068967+00:00,149.1,3,bid,,,12355513
2026-07-08T15:05:35.151659,2026-07-08T15:05:35.162609+00:00,149.1,20,bid,,,12355516
2026-07-08T15:05:35.262764,2026-07-08T15:05:35.272899+00:00,149.1,20,bid,,,12355519
2026-07-08T15:05:35.267134,2026-07-08T15:05:35.277921+00:00,149.0,4,ask,,,12355520
2026-07-08T15:05:35.376003,2026-07-08T15:05:35.384105+00:00,149.1,20,bid,,,12355524
2026-07-08T15:05:35.380637,2026-07-08T15:05:35.389548+00:00,149.0,12,ask,,,12355525
2026-07-08T15:05:36.166817,2026-07-08T15:05:36.174581+00:00,149.0,20,ask,,,12355540
2026-07-08T15:05:36.352620,2026-07-08T15:05:36.359920+00:00,149.1,200,bid,,,12355544
2026-07-08T15:05:36.352620,2026-07-08T15:05:36.365146+00:00,149.2,8,bid,,,12355545
2026-07-08T15:05:36.352620,2026-07-08T15:05:36.365146+00:00,149.3,417,bid,,,12355546
2026-07-08T15:05:40.102440,2026-07-08T15:05:40.109744+00:00,149.1,20,bid,,,12355599
2026-07-08T15:05:42.335612,2026-07-08T15:05:42.344679+00:00,148.9,200,ask,,,12355646
2026-07-08T15:05:45.968925,2026-07-08T15:05:45.975886+00:00,148.7,200,ask,,,12355689
2026-07-08T15:05:48.392272,2026-07-08T15:05:48.400642+00:00,148.7,200,bid,,,12355725
2026-07-08T15:05:48.830929,2026-07-08T15:05:48.842872+00:00,148.7,20,bid,,,12355735
2026-07-08T15:05:50.186495,2026-07-08T15:05:50.190453+00:00,148.6,3,ask,,,12355752
2026-07-08T15:05:50.815386,2026-07-08T15:05:50.826775+00:00,148.7,200,ask,,,12355768
2026-07-08T15:05:53.547141,2026-07-08T15:05:53.558599+00:00,148.7,20,ask,,,12355811
2026-07-08T15:05:53.658484,2026-07-08T15:05:53.670452+00:00,148.7,20,ask,,,12355813
2026-07-08T15:05:53.769727,2026-07-08T15:05:53.777979+00:00,148.7,4,ask,,,12355816
2026-07-08T15:05:58.696751,2026-07-08T15:05:58.701076+00:00,148.8,3,ask,,,12355881
2026-07-08T15:06:01.307400,2026-07-08T15:06:01.313998+00:00,148.9,200,bid,,,12355927
2026-07-08T15:06:01.715643,2026-07-08T15:06:01.725191+00:00,148.9,200,ask,,,12355935
2026-07-08T15:06:02.598162,2026-07-08T15:06:02.610024+00:00,149.1,20,bid,,,12355956
2026-07-08T15:06:04.507617,2026-07-08T15:06:04.516574+00:00,149.0,20,bid,,,12355997
2026-07-08T15:06:05.265262,2026-07-08T15:06:05.269561+00:00,148.9,11,ask,,,12356009
2026-07-08T15:06:06.764738,2026-07-08T15:06:06.768879+00:00,149.0,8,ask,,,12356040
2026-07-08T15:06:07.084377,2026-07-08T15:06:07.088800+00:00,149.0,4,ask,,,12356044
2026-07-08T15:06:09.010741,2026-07-08T15:06:09.014986+00:00,149.1,8,ask,,,12356075
2026-07-08T15:06:11.416775,2026-07-08T15:06:11.431561+00:00,149.1,200,ask,,,12356118
2026-07-08T15:06:13.095085,2026-07-08T15:06:13.106433+00:00,149.1,200,bid,,,12356141
2026-07-08T15:06:16.104607,2026-07-08T15:06:16.116376+00:00,149.3,20,bid,,,12356193
2026-07-08T15:06:17.482799,2026-07-08T15:06:17.492953+00:00,149.3,200,bid,,,12356210
2026-07-08T15:06:18.595631,2026-07-08T15:06:18.605794+00:00,149.3,8,bid,,,12356227
2026-07-08T15:06:21.139650,2026-07-08T15:06:21.149635+00:00,149.3,200,bid,,,12356277
2026-07-08T15:06:21.482952,2026-07-08T15:06:21.492985+00:00,149.3,20,bid,,,12356282
2026-07-08T15:06:22.291496,2026-07-08T15:06:22.301131+00:00,149.3,8,bid,,,12356294
2026-07-08T15:06:23.606639,2026-07-08T15:06:23.616466+00:00,149.4,500,bid,,,12356320
2026-07-08T15:06:25.064560,2026-07-08T15:06:25.068335+00:00,149.5,34,bid,,,12356348
2026-07-08T15:06:26.245436,2026-07-08T15:06:26.249636+00:00,149.3,3,bid,,,12356365
2026-07-08T15:06:26.264156,2026-07-08T15:06:26.270765+00:00,149.3,20,bid,,,12356367
2026-07-08T15:06:26.375299,2026-07-08T15:06:26.386796+00:00,149.3,20,bid,,,12356369
2026-07-08T15:06:26.484842,2026-07-08T15:06:26.491923+00:00,149.3,20,bid,,,12356375
2026-07-08T15:06:26.593977,2026-07-08T15:06:26.604848+00:00,149.3,20,bid,,,12356381
2026-07-08T15:06:26.705033,2026-07-08T15:06:26.706995+00:00,149.3,20,bid,,,12356388
2026-07-08T15:06:26.814085,2026-07-08T15:06:26.820935+00:00,149.3,20,bid,,,12356390
2026-07-08T15:06:27.198815,2026-07-08T15:06:27.205452+00:00,149.3,200,bid,,,12356394
2026-07-08T15:06:28.143908,2026-07-08T15:06:28.158566+00:00,149.1,7,ask,,,12356416
2026-07-08T15:06:28.290343,2026-07-08T15:06:28.294139+00:00,149.1,1,ask,,,12356422
2026-07-08T15:06:28.299972,2026-07-08T15:06:28.304426+00:00,149.0,2,ask,,,12356424
2026-07-08T15:06:28.449483,2026-07-08T15:06:28.460530+00:00,149.1,20,ask,,,12356430
2026-07-08T15:06:28.558310,2026-07-08T15:06:28.569934+00:00,149.1,20,ask,,,12356432
2026-07-08T15:06:28.668172,2026-07-08T15:06:28.679969+00:00,149.1,20,ask,,,12356435
2026-07-08T15:06:28.783098,2026-07-08T15:06:28.791870+00:00,149.1,20,ask,,,12356443
2026-07-08T15:06:28.896970,2026-07-08T15:06:28.908801+00:00,149.1,20,ask,,,12356447
2026-07-08T15:06:29.008896,2026-07-08T15:06:29.020572+00:00,149.1,13,ask,,,12356450
2026-07-08T15:06:30.836403,2026-07-08T15:06:30.843340+00:00,149.2,200,bid,,,12356477
2026-07-08T15:06:32.531371,2026-07-08T15:06:32.542860+00:00,149.1,20,bid,,,12356509
2026-07-08T15:06:38.150193,2026-07-08T15:06:38.154501+00:00,149.1,3,bid,,,12356584
2026-07-08T15:06:38.166313,2026-07-08T15:06:38.175367+00:00,149.1,20,bid,,,12356586
2026-07-08T15:06:38.276256,2026-07-08T15:06:38.284565+00:00,149.1,20,bid,,,12356590
2026-07-08T15:06:38.386580,2026-07-08T15:06:38.398000+00:00,149.1,20,bid,,,12356596
2026-07-08T15:06:38.540628,2026-07-08T15:06:38.569020+00:00,149.1,20,bid,,,12356603
2026-07-08T15:06:38.661642,2026-07-08T15:06:38.669577+00:00,149.1,20,bid,,,12356608
2026-07-08T15:06:40.031142,2026-07-08T15:06:40.047796+00:00,149.0,20,ask,,,12356641
2026-07-08T15:06:40.981637,2026-07-08T15:06:40.990926+00:00,149.1,20,bid,,,12356654
2026-07-08T15:06:41.097451,2026-07-08T15:06:41.106983+00:00,149.1,20,bid,,,12356658
2026-07-08T15:06:41.245908,2026-07-08T15:06:41.258575+00:00,149.1,20,bid,,,12356664
2026-07-08T15:06:41.355874,2026-07-08T15:06:41.358257+00:00,149.1,20,bid,,,12356669
2026-07-08T15:06:41.466835,2026-07-08T15:06:41.478237+00:00,149.1,20,bid,,,12356672
2026-07-08T15:06:41.752945,2026-07-08T15:06:41.769048+00:00,149.0,200,ask,,,12356675
2026-07-08T15:06:41.975191,2026-07-08T15:06:41.982235+00:00,149.1,8,bid,,,12356683
2026-07-08T15:06:42.960558,2026-07-08T15:06:42.970328+00:00,149.2,8,ask,,,12356694
2026-07-08T15:06:42.960558,2026-07-08T15:06:42.970328+00:00,149.1,192,ask,,,12356695
2026-07-08T15:06:44.171863,2026-07-08T15:06:44.180718+00:00,149.2,8,ask,,,12356716
2026-07-08T15:06:44.171863,2026-07-08T15:06:44.180718+00:00,149.1,192,ask,,,12356717
2026-07-08T15:06:44.664192,2026-07-08T15:06:44.672505+00:00,149.3,20,bid,,,12356728
2026-07-08T15:06:45.380330,2026-07-08T15:06:45.390699+00:00,149.1,200,ask,,,12356734
2026-07-08T15:06:46.591204,2026-07-08T15:06:46.601563+00:00,149.1,200,ask,,,12356761
2026-07-08T15:06:47.219419,2026-07-08T15:06:47.223461+00:00,149.3,11,bid,,,12356774
2026-07-08T15:06:47.407026,2026-07-08T15:06:47.410667+00:00,149.2,8,bid,,,12356776
2026-07-08T15:06:47.765221,2026-07-08T15:06:47.769806+00:00,149.3,8,bid,,,12356780
2026-07-08T15:06:48.090004,2026-07-08T15:06:48.094445+00:00,149.2,8,bid,,,12356786
2026-07-08T15:06:50.255924,2026-07-08T15:06:50.259954+00:00,149.1,8,bid,,,12356832
2026-07-08T15:06:52.661105,2026-07-08T15:06:52.668719+00:00,149.0,200,ask,,,12356866
2026-07-08T15:06:53.464259,2026-07-08T15:06:53.467885+00:00,149.0,9,ask,,,12356883
2026-07-08T15:06:53.874746,2026-07-08T15:06:53.882426+00:00,149.0,8,ask,,,12356901
2026-07-08T15:06:55.084604,2026-07-08T15:06:55.091625+00:00,148.9,200,ask,,,12356913
2026-07-08T15:06:56.420127,2026-07-08T15:06:56.426883+00:00,149.1,200,bid,,,12356938
2026-07-08T15:06:56.437999,2026-07-08T15:06:56.442331+00:00,149.1,11,ask,,,12356940
2026-07-08T15:06:57.921111,2026-07-08T15:06:57.932356+00:00,149.1,20,bid,,,12356964
2026-07-08T15:06:59.225284,2026-07-08T15:06:59.234300+00:00,149.1,500,bid,,,12356983
2026-07-08T15:07:00.364288,2026-07-08T15:07:00.368217+00:00,149.0,12,ask,,,12357021
2026-07-08T15:07:03.093916,2026-07-08T15:07:03.097769+00:00,149.1,14,ask,,,12357061
2026-07-08T15:07:03.143166,2026-07-08T15:07:03.150735+00:00,149.1,20,ask,,,12357062
2026-07-08T15:07:03.153047,2026-07-08T15:07:03.161218+00:00,149.1,20,ask,,,12357064
2026-07-08T15:07:03.245915,2026-07-08T15:07:03.253048+00:00,149.2,4,bid,,,12357066
2026-07-08T15:07:04.648257,2026-07-08T15:07:04.657749+00:00,149.1,500,bid,,,12357085
2026-07-08T15:07:05.275513,2026-07-08T15:07:05.286438+00:00,149.1,125,bid,,,12357098
2026-07-08T15:07:05.275513,2026-07-08T15:07:05.286438+00:00,149.2,8,bid,,,12357099
2026-07-08T15:07:05.275513,2026-07-08T15:07:05.286438+00:00,149.3,200,bid,,,12357100
2026-07-08T15:07:05.558492,2026-07-08T15:07:05.567258+00:00,149.6,8,ask,,,12357109
2026-07-08T15:07:05.592815,2026-07-08T15:07:05.601564+00:00,149.3,167,ask,,,12357111
2026-07-08T15:07:05.647913,2026-07-08T15:07:05.655620+00:00,149.3,3,bid,,,12357113
2026-07-08T15:07:05.872249,2026-07-08T15:07:05.882093+00:00,149.3,455,bid,,,12357115
2026-07-08T15:07:11.340242,2026-07-08T15:07:11.347422+00:00,149.5,500,bid,,,12357192
2026-07-08T15:07:11.931717,2026-07-08T15:07:11.940738+00:00,149.5,125,bid,,,12357202
2026-07-08T15:07:12.643782,2026-07-08T15:07:12.655403+00:00,149.6,20,ask,,,12357223
2026-07-08T15:07:12.653431,2026-07-08T15:07:12.660595+00:00,149.6,20,ask,,,12357225
2026-07-08T15:07:12.662165,2026-07-08T15:07:12.671043+00:00,149.6,20,ask,,,12357227
2026-07-08T15:07:12.670747,2026-07-08T15:07:12.681432+00:00,149.7,18,bid,,,12357229
2026-07-08T15:07:12.962687,2026-07-08T15:07:12.974335+00:00,149.7,20,bid,,,12357231
2026-07-08T15:07:13.144706,2026-07-08T15:07:13.155090+00:00,149.7,162,bid,,,12357232
2026-07-08T15:07:13.752755,2026-07-08T15:07:13.758560+00:00,149.8,500,bid,,,12357241
2026-07-08T15:07:14.339335,2026-07-08T15:07:14.349426+00:00,149.8,125,bid,,,12357258
2026-07-08T15:07:14.543293,2026-07-08T15:07:14.554952+00:00,149.8,20,ask,,,12357262
2026-07-08T15:07:14.553540,2026-07-08T15:07:14.560127+00:00,149.9,12,bid,,,12357264
2026-07-08T15:07:16.053679,2026-07-08T15:07:16.064067+00:00,149.8,20,ask,,,12357276
2026-07-08T15:07:18.719709,2026-07-08T15:07:18.726313+00:00,149.9,200,bid,,,12357331
2026-07-08T15:07:18.908545,2026-07-08T15:07:18.912542+00:00,149.9,3,ask,,,12357336
2026-07-08T15:07:18.941721,2026-07-08T15:07:18.953344+00:00,149.9,20,ask,,,12357337
2026-07-08T15:07:18.952306,2026-07-08T15:07:18.958893+00:00,149.9,20,ask,,,12357339
2026-07-08T15:07:19.047354,2026-07-08T15:07:19.058592+00:00,149.9,20,ask,,,12357343
2026-07-08T15:07:19.056914,2026-07-08T15:07:19.063764+00:00,149.9,20,ask,,,12357345
2026-07-08T15:07:19.065552,2026-07-08T15:07:19.074041+00:00,149.9,20,ask,,,12357347
2026-07-08T15:07:19.142068,2026-07-08T15:07:19.153762+00:00,149.9,9,ask,,,12357349
2026-07-08T15:07:19.296336,2026-07-08T15:07:19.306812+00:00,149.9,200,ask,,,12357354
2026-07-08T15:07:22.651802,2026-07-08T15:07:22.658237+00:00,149.9,200,bid,,,12357418
2026-07-08T15:07:22.936380,2026-07-08T15:07:22.944322+00:00,149.9,200,ask,,,12357423
2026-07-08T15:07:23.968349,2026-07-08T15:07:23.975768+00:00,149.8,8,ask,,,12357441
2026-07-08T15:07:24.044873,2026-07-08T15:07:24.051874+00:00,149.8,500,bid,,,12357444
2026-07-08T15:07:24.595094,2026-07-08T15:07:24.606680+00:00,149.7,20,ask,,,12357448
2026-07-08T15:07:25.232296,2026-07-08T15:07:25.236677+00:00,149.7,23,ask,,,12357458
2026-07-08T15:07:25.276896,2026-07-08T15:07:25.283802+00:00,149.9,200,bid,,,12357459
2026-07-08T15:07:25.297863,2026-07-08T15:07:25.314572+00:00,149.9,23,ask,,,12357462
2026-07-08T15:07:26.626779,2026-07-08T15:07:26.638649+00:00,149.9,20,ask,,,12357487
2026-07-08T15:07:27.797522,2026-07-08T15:07:27.806242+00:00,150.0,200,bid,,,12357507
2026-07-08T15:07:29.005088,2026-07-08T15:07:29.013014+00:00,150.0,200,bid,,,12357526
2026-07-08T15:07:29.145056,2026-07-08T15:07:29.158595+00:00,149.8,20,ask,,,12357533
2026-07-08T15:07:35.061734,2026-07-08T15:07:35.070084+00:00,150.1,200,ask,,,12357637
2026-07-08T15:07:38.409500,2026-07-08T15:07:38.418317+00:00,150.2,200,bid,,,12357695
2026-07-08T15:07:38.409500,2026-07-08T15:07:38.418317+00:00,150.2,8,bid,,,12357696
2026-07-08T15:07:38.429921,2026-07-08T15:07:38.433688+00:00,150.2,11,ask,,,12357698
2026-07-08T15:07:38.466192,2026-07-08T15:07:38.473761+00:00,150.2,20,ask,,,12357699
2026-07-08T15:07:39.910117,2026-07-08T15:07:39.917344+00:00,150.1,200,ask,,,12357732
2026-07-08T15:07:43.804160,2026-07-08T15:07:43.808178+00:00,150.0,8,bid,,,12357806
2026-07-08T15:07:44.224680,2026-07-08T15:07:44.229189+00:00,149.9,8,ask,,,12357814
2026-07-08T15:07:47.160710,2026-07-08T15:07:47.169062+00:00,149.9,200,ask,,,12357853
2026-07-08T15:07:48.917215,2026-07-08T15:07:48.935732+00:00,149.9,200,ask,,,12357885
2026-07-08T15:07:48.917215,2026-07-08T15:07:48.935732+00:00,149.7,8,ask,,,12357886
2026-07-08T15:07:48.932337,2026-07-08T15:07:48.935732+00:00,149.7,11,bid,,,12357888
2026-07-08T15:07:49.572994,2026-07-08T15:07:49.580029+00:00,149.7,200,bid,,,12357899
2026-07-08T15:07:51.540962,2026-07-08T15:07:51.549228+00:00,149.8,200,ask,,,12357927
2026-07-08T15:07:55.871088,2026-07-08T15:07:55.879390+00:00,150.0,20,bid,,,12357997
2026-07-08T15:07:58.022849,2026-07-08T15:07:58.033629+00:00,150.0,20,bid,,,12358025
2026-07-08T15:07:59.406908,2026-07-08T15:07:59.416678+00:00,150.0,500,bid,,,12358051
2026-07-08T15:07:59.406908,2026-07-08T15:07:59.416678+00:00,150.0,8,bid,,,12358052
2026-07-08T15:07:59.406908,2026-07-08T15:07:59.416678+00:00,150.1,117,bid,,,12358053
2026-07-08T15:08:00.048548,2026-07-08T15:08:00.058616+00:00,149.8,20,ask,,,12358057
2026-07-08T15:08:01.602660,2026-07-08T15:08:01.610730+00:00,149.8,200,ask,,,12358080
2026-07-08T15:08:01.602660,2026-07-08T15:08:01.610730+00:00,149.8,300,ask,,,12358081
2026-07-08T15:08:01.669551,2026-07-08T15:08:01.679741+00:00,149.8,200,ask,,,12358085
2026-07-08T15:08:02.030093,2026-07-08T15:08:02.049317+00:00,149.7,8,ask,,,12358091
2026-07-08T15:08:02.045192,2026-07-08T15:08:02.049317+00:00,149.7,12,bid,,,12358093
2026-07-08T15:08:02.829747,2026-07-08T15:08:02.837605+00:00,149.7,20,bid,,,12358106
2026-07-08T15:08:02.877135,2026-07-08T15:08:02.885762+00:00,149.7,200,bid,,,12358107
2026-07-08T15:08:04.117894,2026-07-08T15:08:04.121784+00:00,149.7,12,ask,,,12358135
2026-07-08T15:08:06.326433,2026-07-08T15:08:06.330504+00:00,149.8,12,bid,,,12358176
2026-07-08T15:08:06.528351,2026-07-08T15:08:06.539601+00:00,149.8,200,bid,,,12358183
2026-07-08T15:08:10.071366,2026-07-08T15:08:10.086693+00:00,149.9,200,ask,,,12358238
2026-07-08T15:08:10.071366,2026-07-08T15:08:10.086693+00:00,149.9,300,ask,,,12358239
2026-07-08T15:08:10.663637,2026-07-08T15:08:10.674841+00:00,149.9,325,ask,,,12358249
2026-07-08T15:08:10.663637,2026-07-08T15:08:10.674841+00:00,149.8,175,ask,,,12358250
2026-07-08T15:08:11.195997,2026-07-08T15:08:11.203942+00:00,149.8,25,ask,,,12358257
2026-07-08T15:08:11.195997,2026-07-08T15:08:11.203942+00:00,149.8,8,ask,,,12358258
2026-07-08T15:08:11.362836,2026-07-08T15:08:11.371993+00:00,149.8,200,bid,,,12358260
2026-07-08T15:08:12.533535,2026-07-08T15:08:12.543851+00:00,149.7,500,bid,,,12358277
2026-07-08T15:08:12.533535,2026-07-08T15:08:12.543851+00:00,149.8,8,bid,,,12358278
2026-07-08T15:08:13.099394,2026-07-08T15:08:13.110942+00:00,149.9,200,ask,,,12358284
2026-07-08T15:08:13.099394,2026-07-08T15:08:13.110942+00:00,149.8,117,ask,,,12358285
2026-07-08T15:08:13.099394,2026-07-08T15:08:13.110942+00:00,149.7,8,ask,,,12358286
2026-07-08T15:08:13.335273,2026-07-08T15:08:13.339127+00:00,149.4,8,bid,,,12358295
2026-07-08T15:08:13.664723,2026-07-08T15:08:13.668433+00:00,149.5,3,bid,,,12358303
2026-07-08T15:08:13.788359,2026-07-08T15:08:13.798932+00:00,149.5,5,bid,,,12358311
2026-07-08T15:08:13.788359,2026-07-08T15:08:13.798932+00:00,149.6,195,bid,,,12358312
2026-07-08T15:08:14.997864,2026-07-08T15:08:15.002556+00:00,149.6,200,bid,,,12358336
2026-07-08T15:08:15.879210,2026-07-08T15:08:15.883219+00:00,149.5,34,ask,,,12358355
2026-07-08T15:08:17.787431,2026-07-08T15:08:17.794460+00:00,149.6,200,ask,,,12358399
2026-07-08T15:08:18.621671,2026-07-08T15:08:18.631989+00:00,149.6,200,bid,,,12358407
2026-07-08T15:08:18.878219,2026-07-08T15:08:18.882289+00:00,149.6,11,bid,,,12358410
2026-07-08T15:08:19.099115,2026-07-08T15:08:19.110178+00:00,149.7,8,bid,,,12358413
2026-07-08T15:08:20.413007,2026-07-08T15:08:20.422484+00:00,149.8,200,bid,,,12358431
2026-07-08T15:08:22.184595,2026-07-08T15:08:22.188876+00:00,149.8,46,bid,,,12358476
2026-07-08T15:08:22.283981,2026-07-08T15:08:22.287677+00:00,149.7,3,bid,,,12358482
2026-07-08T15:08:23.038772,2026-07-08T15:08:23.045771+00:00,149.7,197,bid,,,12358488
2026-07-08T15:08:23.476892,2026-07-08T15:08:23.484563+00:00,149.7,200,ask,,,12358496
2026-07-08T15:08:24.689136,2026-07-08T15:08:24.699090+00:00,149.7,200,ask,,,12358519
2026-07-08T15:08:24.836328,2026-07-08T15:08:24.847932+00:00,149.8,20,bid,,,12358521
2026-07-08T15:08:25.882852,2026-07-08T15:08:25.894715+00:00,149.8,20,bid,,,12358541
2026-07-08T15:08:26.968242,2026-07-08T15:08:26.975557+00:00,149.7,500,bid,,,12358561
2026-07-08T15:08:26.968242,2026-07-08T15:08:26.980874+00:00,149.8,125,bid,,,12358562
2026-07-08T15:08:29.429919,2026-07-08T15:08:29.440389+00:00,149.6,500,ask,,,12358600
2026-07-08T15:08:29.589147,2026-07-08T15:08:29.600623+00:00,149.6,200,ask,,,12358606
2026-07-08T15:08:31.880325,2026-07-08T15:08:31.891841+00:00,149.5,200,ask,,,12358649
2026-07-08T15:08:40.243563,2026-07-08T15:08:40.258587+00:00,149.3,20,bid,,,12358779
2026-07-08T15:08:41.688626,2026-07-08T15:08:41.695166+00:00,149.3,200,bid,,,12358809
2026-07-08T15:08:44.105319,2026-07-08T15:08:44.169553+00:00,149.3,200,ask,,,12358842
2026-07-08T15:08:45.331058,2026-07-08T15:08:45.342418+00:00,149.3,8,ask,,,12358878
2026-07-08T15:08:46.523020,2026-07-08T15:08:46.531393+00:00,149.3,200,bid,,,12358895
2026-07-08T15:08:49.294230,2026-07-08T15:08:49.297992+00:00,149.3,3,bid,,,12358939
2026-07-08T15:08:49.347089,2026-07-08T15:08:49.358135+00:00,149.3,20,bid,,,12358941
2026-07-08T15:08:49.356491,2026-07-08T15:08:49.363552+00:00,149.3,20,bid,,,12358943
2026-07-08T15:08:49.365338,2026-07-08T15:08:49.373895+00:00,149.3,20,bid,,,12358945
2026-07-08T15:08:49.374361,2026-07-08T15:08:49.384279+00:00,149.3,20,bid,,,12358947
2026-07-08T15:08:49.382989,2026-07-08T15:08:49.389480+00:00,149.3,20,bid,,,12358949
2026-07-08T15:08:49.392784,2026-07-08T15:08:49.399715+00:00,149.3,20,bid,,,12358952
2026-07-08T15:08:49.462241,2026-07-08T15:08:49.471162+00:00,149.2,7,ask,,,12358955
2026-07-08T15:08:50.681308,2026-07-08T15:08:50.685015+00:00,149.2,3,ask,,,12358980
2026-07-08T15:08:51.680864,2026-07-08T15:08:51.692678+00:00,149.4,20,bid,,,12358990
2026-07-08T15:08:51.951282,2026-07-08T15:08:51.958545+00:00,149.3,20,ask,,,12358996
2026-07-08T15:08:51.960316,2026-07-08T15:08:51.971888+00:00,149.3,20,ask,,,12358998
2026-07-08T15:08:51.971093,2026-07-08T15:08:51.982296+00:00,149.3,20,ask,,,12359001
2026-07-08T15:08:51.980743,2026-07-08T15:08:51.987609+00:00,149.5,20,bid,,,12359004
2026-07-08T15:09:00.240399,2026-07-08T15:09:00.252083+00:00,149.4,20,ask,,,12359134
2026-07-08T15:09:00.251125,2026-07-08T15:09:00.252083+00:00,149.4,20,ask,,,12359136
2026-07-08T15:09:00.259802,2026-07-08T15:09:00.271546+00:00,149.4,20,ask,,,12359138
2026-07-08T15:09:00.269752,2026-07-08T15:09:00.276752+00:00,149.4,13,ask,,,12359141
2026-07-08T15:09:02.243979,2026-07-08T15:09:02.251941+00:00,149.5,200,bid,,,12359165
2026-07-08T15:09:03.453858,2026-07-08T15:09:03.455816+00:00,149.4,8,ask,,,12359182
2026-07-08T15:09:03.453858,2026-07-08T15:09:03.455816+00:00,149.4,192,ask,,,12359183
2026-07-08T15:09:05.776044,2026-07-08T15:09:05.783688+00:00,149.5,200,bid,,,12359230
2026-07-08T15:09:06.317130,2026-07-08T15:09:06.323820+00:00,149.5,300,ask,,,12359242
2026-07-08T15:09:06.317130,2026-07-08T15:09:06.329057+00:00,149.5,8,ask,,,12359243
2026-07-08T15:09:06.400518,2026-07-08T15:09:06.410059+00:00,149.5,317,bid,,,12359244
2026-07-08T15:09:07.081589,2026-07-08T15:09:07.090747+00:00,149.5,200,ask,,,12359257
2026-07-08T15:09:07.288372,2026-07-08T15:09:07.292036+00:00,149.8,8,ask,,,12359259
2026-07-08T15:09:07.639534,2026-07-08T15:09:07.643202+00:00,149.7,6,ask,,,12359263
2026-07-08T15:09:08.293587,2026-07-08T15:09:08.305135+00:00,149.7,200,ask,,,12359281
2026-07-08T15:09:09.501985,2026-07-08T15:09:09.510686+00:00,149.7,200,ask,,,12359302
2026-07-08T15:09:09.601690,2026-07-08T15:09:09.605906+00:00,149.9,14,bid,,,12359306
2026-07-08T15:09:10.284275,2026-07-08T15:09:10.288125+00:00,149.7,14,bid,,,12359324
2026-07-08T15:09:10.352163,2026-07-08T15:09:10.363388+00:00,149.7,20,bid,,,12359327
2026-07-08T15:09:10.362316,2026-07-08T15:09:10.373582+00:00,149.7,20,bid,,,12359329
2026-07-08T15:09:10.374250,2026-07-08T15:09:10.384061+00:00,149.7,20,bid,,,12359331
2026-07-08T15:09:10.384282,2026-07-08T15:09:10.394672+00:00,149.7,20,bid,,,12359333
2026-07-08T15:09:10.393880,2026-07-08T15:09:10.404965+00:00,149.7,20,bid,,,12359335
2026-07-08T15:09:10.447197,2026-07-08T15:09:10.458111+00:00,149.7,20,bid,,,12359337
2026-07-08T15:09:11.574236,2026-07-08T15:09:11.582114+00:00,149.7,200,bid,,,12359352
2026-07-08T15:09:12.822810,2026-07-08T15:09:12.827172+00:00,149.7,14,ask,,,12359376
2026-07-08T15:09:13.616904,2026-07-08T15:09:13.628847+00:00,149.9,20,bid,,,12359385
2026-07-08T15:09:14.200644,2026-07-08T15:09:14.211877+00:00,149.7,200,ask,,,12359393
2026-07-08T15:09:14.200644,2026-07-08T15:09:14.211877+00:00,149.7,425,ask,,,12359394
2026-07-08T15:09:14.288270,2026-07-08T15:09:14.298409+00:00,149.8,20,ask,,,12359396
2026-07-08T15:09:14.296728,2026-07-08T15:09:14.303940+00:00,149.8,20,ask,,,12359398
2026-07-08T15:09:14.305005,2026-07-08T15:09:14.314442+00:00,149.8,20,ask,,,12359400
2026-07-08T15:09:14.320310,2026-07-08T15:09:14.330200+00:00,149.8,20,ask,,,12359403
2026-07-08T15:09:14.338615,2026-07-08T15:09:14.358580+00:00,149.8,200,ask,,,12359405
2026-07-08T15:09:14.344352,2026-07-08T15:09:14.358580+00:00,149.8,20,ask,,,12359407
2026-07-08T15:09:14.359726,2026-07-08T15:09:14.369269+00:00,149.8,20,ask,,,12359411
2026-07-08T15:09:16.822162,2026-07-08T15:09:16.831035+00:00,149.8,200,ask,,,12359449
2026-07-08T15:09:17.967588,2026-07-08T15:09:17.975444+00:00,149.8,200,bid,,,12359464
2026-07-08T15:09:19.446151,2026-07-08T15:09:19.458625+00:00,150.0,200,ask,,,12359491
2026-07-08T15:09:20.389570,2026-07-08T15:09:20.399400+00:00,150.0,200,bid,,,12359505
2026-07-08T15:09:20.756570,2026-07-08T15:09:20.767475+00:00,150.0,8,bid,,,12359520
2026-07-08T15:09:24.695515,2026-07-08T15:09:24.707245+00:00,150.2,200,bid,,,12359582
2026-07-08T15:09:24.695515,2026-07-08T15:09:24.707245+00:00,150.2,425,bid,,,12359583
2026-07-08T15:09:25.481577,2026-07-08T15:09:25.485490+00:00,150.0,14,ask,,,12359602
2026-07-08T15:09:26.456171,2026-07-08T15:09:26.468954+00:00,150.1,200,bid,,,12359616
2026-07-08T15:09:29.407917,2026-07-08T15:09:29.414629+00:00,150.0,200,ask,,,12359665
2026-07-08T15:09:29.426602,2026-07-08T15:09:29.430795+00:00,150.0,11,bid,,,12359667
2026-07-08T15:09:31.064965,2026-07-08T15:09:31.076702+00:00,150.0,20,bid,,,12359692
2026-07-08T15:09:32.600265,2026-07-08T15:09:32.608541+00:00,150.1,8,bid,,,12359726
2026-07-08T15:09:32.600265,2026-07-08T15:09:32.608541+00:00,150.1,500,bid,,,12359727
2026-07-08T15:09:32.620355,2026-07-08T15:09:32.624091+00:00,150.1,11,ask,,,12359730
2026-07-08T15:09:33.620855,2026-07-08T15:09:33.627345+00:00,150.1,20,ask,,,12359737
2026-07-08T15:09:34.959936,2026-07-08T15:09:34.970125+00:00,150.2,200,bid,,,12359764
2026-07-08T15:09:36.420957,2026-07-08T15:09:36.428342+00:00,150.2,20,bid,,,12359798
2026-07-08T15:09:36.543912,2026-07-08T15:09:36.558546+00:00,150.1,200,ask,,,12359801
2026-07-08T15:09:37.379793,2026-07-08T15:09:37.390910+00:00,150.1,200,bid,,,12359809
2026-07-08T15:09:40.484477,2026-07-08T15:09:40.494849+00:00,150.1,8,bid,,,12359870
2026-07-08T15:09:40.484477,2026-07-08T15:09:40.494849+00:00,150.1,500,bid,,,12359871
2026-07-08T15:09:40.905803,2026-07-08T15:09:40.915988+00:00,150.1,117,ask,,,12359885
2026-07-08T15:09:40.905803,2026-07-08T15:09:40.915988+00:00,150.1,8,ask,,,12359886
2026-07-08T15:09:41.012819,2026-07-08T15:09:41.022874+00:00,150.1,200,bid,,,12359887
2026-07-08T15:09:42.222175,2026-07-08T15:09:42.233414+00:00,149.9,200,bid,,,12359907
2026-07-08T15:09:43.130153,2026-07-08T15:09:43.134024+00:00,149.8,8,ask,,,12359920
2026-07-08T15:09:43.199052,2026-07-08T15:09:43.203133+00:00,149.8,4,ask,,,12359924
2026-07-08T15:09:43.449715,2026-07-08T15:09:43.453358+00:00,149.9,4,ask,,,12359929
2026-07-08T15:09:43.965982,2026-07-08T15:09:43.974948+00:00,149.9,196,ask,,,12359936
2026-07-08T15:09:45.771698,2026-07-08T15:09:45.780525+00:00,149.7,200,ask,,,12359965
2026-07-08T15:09:45.771698,2026-07-08T15:09:45.780525+00:00,149.7,300,ask,,,12359966
2026-07-08T15:09:45.861604,2026-07-08T15:09:45.868843+00:00,149.7,200,ask,,,12359970
2026-07-08T15:09:46.375198,2026-07-08T15:09:46.384954+00:00,149.7,125,ask,,,12359980
2026-07-08T15:09:46.375198,2026-07-08T15:09:46.384954+00:00,149.7,8,ask,,,12359981
2026-07-08T15:09:46.403722,2026-07-08T15:09:46.407482+00:00,149.6,16,bid,,,12359983
2026-07-08T15:09:50.998965,2026-07-08T15:09:51.006943+00:00,149.4,200,ask,,,12360053
2026-07-08T15:09:56.279460,2026-07-08T15:09:56.285886+00:00,149.2,200,bid,,,12360139
2026-07-08T15:09:57.328813,2026-07-08T15:09:57.337782+00:00,149.3,20,bid,,,12360164
2026-07-08T15:10:01.606395,2026-07-08T15:10:01.617333+00:00,149.4,200,bid,,,12360244
2026-07-08T15:10:02.821330,2026-07-08T15:10:02.832533+00:00,149.4,200,bid,,,12360266
2026-07-08T15:10:04.013294,2026-07-08T15:10:04.021443+00:00,149.2,20,ask,,,12360289
2026-07-08T15:10:04.029200,2026-07-08T15:10:04.037140+00:00,149.3,200,bid,,,12360290
2026-07-08T15:10:04.202243,2026-07-08T15:10:04.210421+00:00,149.3,300,bid,,,12360299
2026-07-08T15:10:04.217676,2026-07-08T15:10:04.221672+00:00,149.3,12,ask,,,12360301
2026-07-08T15:10:04.545467,2026-07-08T15:10:04.553285+00:00,149.3,313,ask,,,12360305
2026-07-08T15:10:04.596689,2026-07-08T15:10:04.601513+00:00,149.1,8,bid,,,12360308
2026-07-08T15:10:04.929871,2026-07-08T15:10:04.940440+00:00,149.1,4,bid,,,12360311
2026-07-08T15:10:05.083865,2026-07-08T15:10:05.095383+00:00,149.1,4,bid,,,12360314
2026-07-08T15:10:05.237592,2026-07-08T15:10:05.252007+00:00,149.0,8,bid,,,12360317
2026-07-08T15:10:05.237592,2026-07-08T15:10:05.252007+00:00,149.2,192,bid,,,12360318
2026-07-08T15:10:05.514121,2026-07-08T15:10:05.529550+00:00,149.2,308,bid,,,12360328
2026-07-08T15:10:05.751886,2026-07-08T15:10:05.758538+00:00,149.2,317,ask,,,12360334
2026-07-08T15:10:06.447891,2026-07-08T15:10:06.458611+00:00,149.1,8,bid,,,12360351
2026-07-08T15:10:06.447891,2026-07-08T15:10:06.458611+00:00,149.2,192,bid,,,12360352
2026-07-08T15:10:06.838428,2026-07-08T15:10:06.841917+00:00,148.8,23,ask,,,12360358
2026-07-08T15:10:07.658237,2026-07-08T15:10:07.667424+00:00,149.1,200,bid,,,12360367
2026-07-08T15:10:08.866885,2026-07-08T15:10:08.875926+00:00,149.1,200,bid,,,12360401
2026-07-08T15:10:10.081499,2026-07-08T15:10:10.088710+00:00,149.2,200,bid,,,12360420
2026-07-08T15:10:11.290311,2026-07-08T15:10:11.299365+00:00,149.2,200,bid,,,12360438
2026-07-08T15:10:14.722800,2026-07-08T15:10:14.731877+00:00,149.3,200,bid,,,12360483
2026-07-08T15:10:14.917264,2026-07-08T15:10:14.923758+00:00,149.4,200,ask,,,12360488
2026-07-08T15:10:16.105082,2026-07-08T15:10:16.108833+00:00,149.4,11,bid,,,12360515
2026-07-08T15:10:17.382719,2026-07-08T15:10:17.391881+00:00,149.3,200,ask,,,12360530
2026-07-08T15:10:18.268066,2026-07-08T15:10:18.275542+00:00,149.1,20,ask,,,12360544
2026-07-08T15:10:18.539678,2026-07-08T15:10:18.551005+00:00,149.2,200,bid,,,12360551
2026-07-08T15:10:19.315814,2026-07-08T15:10:19.320069+00:00,149.3,11,ask,,,12360567
2026-07-08T15:10:20.631712,2026-07-08T15:10:20.639055+00:00,149.3,20,ask,,,12360595
2026-07-08T15:10:22.350285,2026-07-08T15:10:22.354048+00:00,149.3,12,ask,,,12360621
2026-07-08T15:10:23.313650,2026-07-08T15:10:23.342360+00:00,149.4,200,bid,,,12360642
2026-07-08T15:10:23.338212,2026-07-08T15:10:23.342360+00:00,149.4,11,ask,,,12360644
2026-07-08T15:10:24.908757,2026-07-08T15:10:24.920206+00:00,149.4,20,ask,,,12360673
2026-07-08T15:10:26.960363,2026-07-08T15:10:26.968858+00:00,149.5,200,bid,,,12360703
2026-07-08T15:10:28.220029,2026-07-08T15:10:28.229576+00:00,149.6,200,bid,,,12360727
2026-07-08T15:10:28.664886,2026-07-08T15:10:28.669212+00:00,149.5,11,ask,,,12360733
2026-07-08T15:10:29.373948,2026-07-08T15:10:29.381206+00:00,149.5,500,bid,,,12360748
2026-07-08T15:10:29.433983,2026-07-08T15:10:29.443652+00:00,149.5,125,bid,,,12360755
2026-07-08T15:10:29.433983,2026-07-08T15:10:29.443652+00:00,149.5,8,bid,,,12360756
2026-07-08T15:10:29.454348,2026-07-08T15:10:29.458441+00:00,149.6,12,ask,,,12360758
2026-07-08T15:10:30.511597,2026-07-08T15:10:30.516096+00:00,149.7,11,ask,,,12360772
2026-07-08T15:10:30.656723,2026-07-08T15:10:30.663776+00:00,149.7,200,ask,,,12360774
2026-07-08T15:10:34.218292,2026-07-08T15:10:34.229669+00:00,149.7,500,bid,,,12360839
2026-07-08T15:10:34.462588,2026-07-08T15:10:34.474366+00:00,149.8,200,bid,,,12360844
2026-07-08T15:10:34.462588,2026-07-08T15:10:34.474366+00:00,149.8,8,bid,,,12360845
2026-07-08T15:10:34.737399,2026-07-08T15:10:34.744311+00:00,149.9,20,ask,,,12360851
2026-07-08T15:10:35.511237,2026-07-08T15:10:35.515285+00:00,150.0,11,bid,,,12360861
2026-07-08T15:10:40.594722,2026-07-08T15:10:40.606427+00:00,149.9,20,bid,,,12360924
2026-07-08T15:10:41.556553,2026-07-08T15:10:41.560854+00:00,149.9,12,bid,,,12360942
2026-07-08T15:10:42.752002,2026-07-08T15:10:42.769034+00:00,149.8,200,ask,,,12360959
2026-07-08T15:10:50.891651,2026-07-08T15:10:50.895339+00:00,150.2,34,bid,,,12361099
2026-07-08T15:10:54.803934,2026-07-08T15:10:54.812806+00:00,150.2,200,bid,,,12361174
2026-07-08T15:10:56.073710,2026-07-08T15:10:56.080755+00:00,150.2,8,ask,,,12361188
2026-07-08T15:10:56.073710,2026-07-08T15:10:56.085805+00:00,150.1,192,ask,,,12361189
2026-07-08T15:11:00.968240,2026-07-08T15:11:00.979379+00:00,150.5,20,bid,,,12361255
2026-07-08T15:11:02.062928,2026-07-08T15:11:02.073953+00:00,150.5,180,bid,,,12361277
2026-07-08T15:11:02.139933,2026-07-08T15:11:02.148503+00:00,150.5,200,ask,,,12361280
2026-07-08T15:11:03.358977,2026-07-08T15:11:03.375116+00:00,150.6,8,ask,,,12361295
2026-07-08T15:11:03.358977,2026-07-08T15:11:03.375116+00:00,150.5,192,ask,,,12361296
2026-07-08T15:11:05.094419,2026-07-08T15:11:05.105964+00:00,150.4,8,ask,,,12361326
2026-07-08T15:11:07.324001,2026-07-08T15:11:07.343372+00:00,150.3,200,bid,,,12361374
2026-07-08T15:11:07.324001,2026-07-08T15:11:07.343372+00:00,150.3,8,bid,,,12361375
2026-07-08T15:11:07.339601,2026-07-08T15:11:07.343372+00:00,150.3,12,ask,,,12361377
2026-07-08T15:11:09.417238,2026-07-08T15:11:09.426774+00:00,150.2,200,ask,,,12361415
2026-07-08T15:11:11.880308,2026-07-08T15:11:11.890374+00:00,150.4,200,bid,,,12361457
2026-07-08T15:11:11.986867,2026-07-08T15:11:11.998528+00:00,150.4,20,bid,,,12361458
2026-07-08T15:11:13.561176,2026-07-08T15:11:13.573143+00:00,150.3,20,ask,,,12361493
2026-07-08T15:11:14.000111,2026-07-08T15:11:14.011945+00:00,150.5,20,bid,,,12361502
2026-07-08T15:11:15.534872,2026-07-08T15:11:15.546260+00:00,150.4,200,ask,,,12361532
2026-07-08T15:11:19.140854,2026-07-08T15:11:19.156878+00:00,150.5,200,bid,,,12361596
2026-07-08T15:11:19.140854,2026-07-08T15:11:19.156878+00:00,150.6,8,bid,,,12361597
2026-07-08T15:11:19.163509,2026-07-08T15:11:19.172117+00:00,150.6,200,ask,,,12361600
2026-07-08T15:11:20.389283,2026-07-08T15:11:20.392703+00:00,150.7,12,bid,,,12361615
2026-07-08T15:11:20.458446,2026-07-08T15:11:20.483150+00:00,150.6,8,ask,,,12361618
2026-07-08T15:11:20.478695,2026-07-08T15:11:20.483150+00:00,150.6,11,bid,,,12361622
2026-07-08T15:11:24.637363,2026-07-08T15:11:24.649127+00:00,150.3,20,ask,,,12361695
2026-07-08T15:11:25.096558,2026-07-08T15:11:25.103476+00:00,150.4,500,bid,,,12361700
2026-07-08T15:11:25.212964,2026-07-08T15:11:25.220378+00:00,150.4,125,bid,,,12361703
2026-07-08T15:11:25.212964,2026-07-08T15:11:25.225650+00:00,150.5,8,bid,,,12361704
2026-07-08T15:11:25.235851,2026-07-08T15:11:25.239576+00:00,150.6,23,ask,,,12361707
2026-07-08T15:11:25.705642,2026-07-08T15:11:25.778021+00:00,150.6,44,ask,,,12361717
2026-07-08T15:11:25.705642,2026-07-08T15:11:25.778021+00:00,150.6,8,ask,,,12361718
2026-07-08T15:11:25.774163,2026-07-08T15:11:25.778021+00:00,150.6,23,bid,,,12361724
2026-07-08T15:11:27.675203,2026-07-08T15:11:27.679110+00:00,150.5,12,bid,,,12361760
2026-07-08T15:11:28.141298,2026-07-08T15:11:28.148501+00:00,150.5,188,bid,,,12361768
2026-07-08T15:11:28.870309,2026-07-08T15:11:28.888786+00:00,150.5,8,ask,,,12361778
2026-07-08T15:11:28.870309,2026-07-08T15:11:28.888786+00:00,150.5,192,ask,,,12361779
2026-07-08T15:11:29.954669,2026-07-08T15:11:29.964238+00:00,150.7,500,bid,,,12361799
2026-07-08T15:11:30.545764,2026-07-08T15:11:30.553519+00:00,150.5,200,bid,,,12361806
2026-07-08T15:11:30.545764,2026-07-08T15:11:30.553519+00:00,150.6,8,bid,,,12361807
2026-07-08T15:11:30.572855,2026-07-08T15:11:30.576709+00:00,150.6,12,ask,,,12361809
2026-07-08T15:11:31.289310,2026-07-08T15:11:31.300471+00:00,150.6,200,ask,,,12361815
2026-07-08T15:11:31.437294,2026-07-08T15:11:31.448729+00:00,150.6,20,ask,,,12361818
2026-07-08T15:11:31.952256,2026-07-08T15:11:31.956419+00:00,150.6,11,ask,,,12361826
2026-07-08T15:11:32.499576,2026-07-08T15:11:32.506590+00:00,150.6,200,ask,,,12361841
2026-07-08T15:11:33.706749,2026-07-08T15:11:33.717625+00:00,150.6,200,ask,,,12361870
2026-07-08T15:11:36.826535,2026-07-08T15:11:36.838282+00:00,150.7,20,bid,,,12361911
2026-07-08T15:11:37.219818,2026-07-08T15:11:37.231633+00:00,150.7,500,bid,,,12361915
2026-07-08T15:11:37.522636,2026-07-08T15:11:37.532129+00:00,150.8,8,bid,,,12361921
2026-07-08T15:11:37.538068,2026-07-08T15:11:37.541806+00:00,150.8,23,ask,,,12361923
2026-07-08T15:11:38.410777,2026-07-08T15:11:38.426388+00:00,150.8,20,ask,,,12361937
2026-07-08T15:11:38.422218,2026-07-08T15:11:38.426388+00:00,150.9,23,bid,,,12361939
2026-07-08T15:11:39.053858,2026-07-08T15:11:39.065408+00:00,150.9,500,bid,,,12361951
2026-07-08T15:11:39.647683,2026-07-08T15:11:39.656764+00:00,150.9,125,bid,,,12361959
2026-07-08T15:11:39.762642,2026-07-08T15:11:39.769833+00:00,150.9,200,ask,,,12361961
2026-07-08T15:11:40.148180,2026-07-08T15:11:40.158553+00:00,151.2,8,ask,,,12361966
2026-07-08T15:11:40.969600,2026-07-08T15:11:40.977240+00:00,151.0,200,ask,,,12361977
2026-07-08T15:11:42.186370,2026-07-08T15:11:42.194764+00:00,151.1,200,bid,,,12361994
2026-07-08T15:11:42.405326,2026-07-08T15:11:42.417131+00:00,151.1,20,bid,,,12361997
2026-07-08T15:11:44.609943,2026-07-08T15:11:44.619023+00:00,151.2,200,bid,,,12362036
2026-07-08T15:11:48.746070,2026-07-08T15:11:48.763754+00:00,151.4,20,bid,,,12362094
2026-07-08T15:11:49.361121,2026-07-08T15:11:49.368847+00:00,151.2,500,ask,,,12362100
2026-07-08T15:11:49.361121,2026-07-08T15:11:49.374397+00:00,151.1,125,ask,,,12362101
2026-07-08T15:11:51.171431,2026-07-08T15:11:51.179495+00:00,151.3,200,bid,,,12362135
2026-07-08T15:11:51.171431,2026-07-08T15:11:51.179495+00:00,151.3,300,bid,,,12362136
2026-07-08T15:11:51.766465,2026-07-08T15:11:51.778003+00:00,151.3,325,bid,,,12362145
2026-07-08T15:11:51.875834,2026-07-08T15:11:51.885750+00:00,151.3,175,ask,,,12362148
2026-07-08T15:11:51.980413,2026-07-08T15:11:51.987094+00:00,151.3,25,bid,,,12362149
2026-07-08T15:11:57.831221,2026-07-08T15:11:57.840627+00:00,151.5,500,bid,,,12362237
2026-07-08T15:11:59.897310,2026-07-08T15:11:59.901003+00:00,151.4,8,bid,,,12362272
2026-07-08T15:12:00.007417,2026-07-08T15:12:00.011480+00:00,151.4,3,bid,,,12362274
2026-07-08T15:12:03.817864,2026-07-08T15:12:03.826170+00:00,151.3,200,ask,,,12362339
2026-07-08T15:12:03.817864,2026-07-08T15:12:03.826170+00:00,151.3,8,ask,,,12362340
2026-07-08T15:12:09.244482,2026-07-08T15:12:09.255958+00:00,151.4,20,bid,,,12362428
2026-07-08T15:12:12.480985,2026-07-08T15:12:12.491342+00:00,151.2,200,ask,,,12362474
2026-07-08T15:12:14.264513,2026-07-08T15:12:14.274055+00:00,151.1,20,ask,,,12362501
2026-07-08T15:12:16.966155,2026-07-08T15:12:16.972925+00:00,151.2,200,ask,,,12362533
2026-07-08T15:12:16.966155,2026-07-08T15:12:16.989187+00:00,151.2,8,ask,,,12362534
2026-07-08T15:12:16.984744,2026-07-08T15:12:16.989187+00:00,151.2,12,bid,,,12362536
2026-07-08T15:12:18.522265,2026-07-08T15:12:18.532436+00:00,151.1,20,ask,,,12362555
2026-07-08T15:12:25.789761,2026-07-08T15:12:25.801379+00:00,151.3,200,ask,,,12362644
2026-07-08T15:12:28.220524,2026-07-08T15:12:28.229933+00:00,151.4,200,bid,,,12362688
2026-07-08T15:12:30.644056,2026-07-08T15:12:30.652295+00:00,151.3,200,ask,,,12362731
2026-07-08T15:12:31.856707,2026-07-08T15:12:31.857828+00:00,151.3,200,ask,,,12362750
2026-07-08T15:12:32.195515,2026-07-08T15:12:32.199224+00:00,151.5,8,bid,,,12362754
2026-07-08T15:12:34.041019,2026-07-08T15:12:34.047994+00:00,151.2,500,ask,,,12362776
2026-07-08T15:12:34.041019,2026-07-08T15:12:34.064507+00:00,151.2,8,ask,,,12362777
2026-07-08T15:12:34.060173,2026-07-08T15:12:34.064507+00:00,151.2,6,bid,,,12362779
2026-07-08T15:12:34.150438,2026-07-08T15:12:34.160152+00:00,151.2,111,bid,,,12362782
2026-07-08T15:12:34.150438,2026-07-08T15:12:34.160152+00:00,151.3,8,bid,,,12362783
2026-07-08T15:12:39.281406,2026-07-08T15:12:39.291424+00:00,151.4,200,ask,,,12362859
2026-07-08T15:12:40.818573,2026-07-08T15:12:40.828758+00:00,151.3,200,bid,,,12362879
2026-07-08T15:12:41.420115,2026-07-08T15:12:41.426792+00:00,151.4,500,bid,,,12362888
2026-07-08T15:12:42.020791,2026-07-08T15:12:42.029100+00:00,151.4,200,bid,,,12362895
2026-07-08T15:12:42.020791,2026-07-08T15:12:42.029100+00:00,151.4,8,bid,,,12362896
2026-07-08T15:12:43.256866,2026-07-08T15:12:43.269089+00:00,151.4,200,ask,,,12362911
2026-07-08T15:12:43.256866,2026-07-08T15:12:43.269089+00:00,151.4,425,ask,,,12362912
2026-07-08T15:12:43.952935,2026-07-08T15:12:43.958553+00:00,151.4,8,ask,,,12362922
2026-07-08T15:12:44.564528,2026-07-08T15:12:44.573808+00:00,151.4,192,bid,,,12362938
2026-07-08T15:12:55.089015,2026-07-08T15:12:55.095683+00:00,151.4,500,ask,,,12363089
2026-07-08T15:12:55.089015,2026-07-08T15:12:55.100948+00:00,151.4,125,ask,,,12363090
2026-07-08T15:12:57.255247,2026-07-08T15:12:57.263897+00:00,151.5,200,ask,,,12363121
2026-07-08T15:12:58.464100,2026-07-08T15:12:58.470494+00:00,151.5,200,ask,,,12363142
2026-07-08T15:12:59.055798,2026-07-08T15:12:59.067447+00:00,151.7,20,bid,,,12363154
2026-07-08T15:13:00.650564,2026-07-08T15:13:00.658593+00:00,151.6,20,ask,,,12363174
2026-07-08T15:13:00.884641,2026-07-08T15:13:00.894356+00:00,151.7,200,bid,,,12363187
2026-07-08T15:13:02.556072,2026-07-08T15:13:02.567769+00:00,151.8,20,bid,,,12363214
2026-07-08T15:13:02.960883,2026-07-08T15:13:02.968991+00:00,151.6,200,ask,,,12363225
2026-07-08T15:13:02.960883,2026-07-08T15:13:02.968991+00:00,151.6,8,ask,,,12363226
2026-07-08T15:13:03.983369,2026-07-08T15:13:03.994602+00:00,151.6,20,bid,,,12363235
2026-07-08T15:13:09.341249,2026-07-08T15:13:09.351427+00:00,151.5,200,bid,,,12363324
2026-07-08T15:13:09.520270,2026-07-08T15:13:09.529883+00:00,151.5,8,bid,,,12363329
2026-07-08T15:13:10.833286,2026-07-08T15:13:10.841399+00:00,151.6,200,bid,,,12363358
2026-07-08T15:13:12.669542,2026-07-08T15:13:12.676181+00:00,151.7,10,bid,,,12363386
2026-07-08T15:13:12.971123,2026-07-08T15:13:12.981994+00:00,151.5,200,ask,,,12363396
2026-07-08T15:13:15.393127,2026-07-08T15:13:15.399731+00:00,151.5,200,ask,,,12363434
2026-07-08T15:13:15.992043,2026-07-08T15:13:15.996431+00:00,151.5,3,ask,,,12363454
2026-07-08T15:13:16.600330,2026-07-08T15:13:16.611812+00:00,151.5,200,ask,,,12363463
2026-07-08T15:13:17.666135,2026-07-08T15:13:17.674926+00:00,151.6,20,bid,,,12363475
2026-07-08T15:13:19.187162,2026-07-08T15:13:19.194543+00:00,151.5,20,bid,,,12363492
2026-07-08T15:13:19.532667,2026-07-08T15:13:19.536334+00:00,151.5,3,bid,,,12363503
2026-07-08T15:13:19.700096,2026-07-08T15:13:19.704134+00:00,151.4,3,ask,,,12363511
2026-07-08T15:13:20.030757,2026-07-08T15:13:20.050501+00:00,151.5,177,bid,,,12363516
2026-07-08T15:13:20.045291,2026-07-08T15:13:20.050501+00:00,151.5,11,ask,,,12363518
2026-07-08T15:13:20.223834,2026-07-08T15:13:20.232623+00:00,151.5,200,ask,,,12363523
2026-07-08T15:13:22.231937,2026-07-08T15:13:22.243680+00:00,151.4,20,ask,,,12363550
2026-07-08T15:13:23.970571,2026-07-08T15:13:23.981341+00:00,151.5,200,ask,,,12363575
2026-07-08T15:13:23.970571,2026-07-08T15:13:23.981341+00:00,151.4,8,ask,,,12363576
2026-07-08T15:13:25.064497,2026-07-08T15:13:25.075257+00:00,151.4,200,bid,,,12363594
2026-07-08T15:13:26.593028,2026-07-08T15:13:26.602648+00:00,151.4,200,ask,,,12363618
2026-07-08T15:13:29.131497,2026-07-08T15:13:29.135361+00:00,151.4,11,bid,,,12363653
2026-07-08T15:13:30.550192,2026-07-08T15:13:30.554444+00:00,151.3,3,bid,,,12363676
2026-07-08T15:13:34.455395,2026-07-08T15:13:34.461986+00:00,151.3,200,bid,,,12363733
2026-07-08T15:13:34.455395,2026-07-08T15:13:34.467226+00:00,151.3,8,bid,,,12363734
2026-07-08T15:13:36.312501,2026-07-08T15:13:36.324276+00:00,151.2,20,ask,,,12363763
2026-07-08T15:13:37.210204,2026-07-08T15:13:37.218089+00:00,151.4,200,bid,,,12363781
2026-07-08T15:13:42.056040,2026-07-08T15:13:42.063860+00:00,151.3,200,bid,,,12363857
2026-07-08T15:13:42.318673,2026-07-08T15:13:42.325463+00:00,151.0,8,ask,,,12363864
2026-07-08T15:13:44.477700,2026-07-08T15:13:44.487859+00:00,151.4,200,bid,,,12363898
2026-07-08T15:13:46.893416,2026-07-08T15:13:46.902141+00:00,151.3,200,bid,,,12363945
2026-07-08T15:13:48.101464,2026-07-08T15:13:48.110762+00:00,151.3,200,bid,,,12363971
2026-07-08T15:13:51.971787,2026-07-08T15:13:51.984101+00:00,151.2,20,ask,,,12364040
2026-07-08T15:13:52.835038,2026-07-08T15:13:52.846082+00:00,151.2,200,ask,,,12364059
2026-07-08T15:13:52.835038,2026-07-08T15:13:52.846082+00:00,151.2,8,ask,,,12364060
2026-07-08T15:13:52.944945,2026-07-08T15:13:52.952288+00:00,151.2,200,bid,,,12364066
2026-07-08T15:13:56.771253,2026-07-08T15:13:56.792309+00:00,151.3,200,bid,,,12364135
2026-07-08T15:13:56.771253,2026-07-08T15:13:56.792309+00:00,151.3,8,bid,,,12364136
2026-07-08T15:13:56.788506,2026-07-08T15:13:56.792309+00:00,151.3,14,ask,,,12364139
2026-07-08T15:13:57.798179,2026-07-08T15:13:57.807353+00:00,151.3,200,ask,,,12364152
2026-07-08T15:14:04.634661,2026-07-08T15:14:04.645831+00:00,151.4,8,bid,,,12364272
2026-07-08T15:14:05.946818,2026-07-08T15:14:05.957252+00:00,151.5,200,bid,,,12364291
2026-07-08T15:14:07.258141,2026-07-08T15:14:07.269530+00:00,151.6,500,bid,,,12364318
2026-07-08T15:14:11.132306,2026-07-08T15:14:11.142918+00:00,151.5,200,ask,,,12364378
2026-07-08T15:14:12.884451,2026-07-08T15:14:12.895659+00:00,151.6,20,bid,,,12364408
2026-07-08T15:14:14.348768,2026-07-08T15:14:14.358594+00:00,151.7,20,bid,,,12364442
2026-07-08T15:14:16.442333,2026-07-08T15:14:16.448704+00:00,151.7,500,bid,,,12364471
2026-07-08T15:14:16.442333,2026-07-08T15:14:16.453954+00:00,151.8,8,bid,,,12364472
2026-07-08T15:14:16.488086,2026-07-08T15:14:16.491868+00:00,151.8,12,ask,,,12364474
2026-07-08T15:14:16.520794,2026-07-08T15:14:16.528175+00:00,151.8,105,ask,,,12364475
2026-07-08T15:14:18.391381,2026-07-08T15:14:18.398526+00:00,151.7,200,bid,,,12364516
2026-07-08T15:14:20.385410,2026-07-08T15:14:20.394916+00:00,151.5,200,ask,,,12364541
2026-07-08T15:14:24.318504,2026-07-08T15:14:24.329884+00:00,151.7,200,bid,,,12364600
2026-07-08T15:14:24.318504,2026-07-08T15:14:24.329884+00:00,151.7,425,bid,,,12364601
2026-07-08T15:14:25.660344,2026-07-08T15:14:25.668687+00:00,151.5,200,ask,,,12364625
2026-07-08T15:14:26.804000,2026-07-08T15:14:26.833904+00:00,151.5,425,ask,,,12364645
2026-07-08T15:14:26.830105,2026-07-08T15:14:26.833904+00:00,151.5,12,bid,,,12364650
2026-07-08T15:14:28.053661,2026-07-08T15:14:28.058547+00:00,151.4,20,ask,,,12364669
2026-07-08T15:14:28.643307,2026-07-08T15:14:28.658541+00:00,151.5,500,ask,,,12364678
2026-07-08T15:14:29.241312,2026-07-08T15:14:29.246970+00:00,151.5,125,ask,,,12364688
2026-07-08T15:14:30.502961,2026-07-08T15:14:30.510860+00:00,151.2,200,ask,,,12364708
2026-07-08T15:14:32.181815,2026-07-08T15:14:32.189490+00:00,151.3,200,ask,,,12364729
2026-07-08T15:14:32.200392,2026-07-08T15:14:32.204338+00:00,151.3,11,bid,,,12364731
2026-07-08T15:14:32.914966,2026-07-08T15:14:32.923349+00:00,151.3,200,bid,,,12364740
2026-07-08T15:14:33.515149,2026-07-08T15:14:33.522615+00:00,151.3,500,bid,,,12364748
2026-07-08T15:14:34.093103,2026-07-08T15:14:34.104328+00:00,151.3,125,ask,,,12364761
2026-07-08T15:14:34.093103,2026-07-08T15:14:34.104328+00:00,151.3,8,ask,,,12364762
2026-07-08T15:14:34.129651,2026-07-08T15:14:34.141120+00:00,151.3,200,bid,,,12364764
2026-07-08T15:14:34.408605,2026-07-08T15:14:34.412024+00:00,151.1,3,bid,,,12364771
2026-07-08T15:14:35.343023,2026-07-08T15:14:35.352337+00:00,151.2,200,bid,,,12364798
2026-07-08T15:14:36.549572,2026-07-08T15:14:36.558572+00:00,151.2,200,bid,,,12364817
2026-07-08T15:14:37.761366,2026-07-08T15:14:37.769709+00:00,151.1,200,bid,,,12364837
2026-07-08T15:14:40.158869,2026-07-08T15:14:40.168965+00:00,151.1,500,ask,,,12364876
2026-07-08T15:14:40.165107,2026-07-08T15:14:40.174129+00:00,151.1,20,ask,,,12364877
2026-07-08T15:14:40.750387,2026-07-08T15:14:40.758553+00:00,151.1,105,ask,,,12364886
2026-07-08T15:14:41.414297,2026-07-08T15:14:41.421096+00:00,151.1,200,bid,,,12364897
2026-07-08T15:14:42.624434,2026-07-08T15:14:42.631016+00:00,151.0,200,bid,,,12364911
2026-07-08T15:14:43.833089,2026-07-08T15:14:43.840855+00:00,151.0,200,bid,,,12364927
2026-07-08T15:14:45.043768,2026-07-08T15:14:45.053121+00:00,151.0,200,bid,,,12364945
2026-07-08T15:14:46.258988,2026-07-08T15:14:46.268745+00:00,151.0,200,bid,,,12364964
2026-07-08T15:14:47.468502,2026-07-08T15:14:47.476893+00:00,151.0,200,bid,,,12364970
2026-07-08T15:14:48.026285,2026-07-08T15:14:48.033987+00:00,150.9,500,ask,,,12364985
2026-07-08T15:14:48.621640,2026-07-08T15:14:48.655843+00:00,150.9,125,ask,,,12364993
2026-07-08T15:14:48.651255,2026-07-08T15:14:48.655843+00:00,150.9,8,bid,,,12364996
2026-07-08T15:14:48.656290,2026-07-08T15:14:48.671398+00:00,150.9,20,bid,,,12364997
2026-07-08T15:14:48.671688,2026-07-08T15:14:48.681790+00:00,150.9,20,bid,,,12365000
2026-07-08T15:14:48.681314,2026-07-08T15:14:48.692286+00:00,150.9,200,bid,,,12365001
2026-07-08T15:14:48.698551,2026-07-08T15:14:48.707906+00:00,150.9,20,bid,,,12365004
2026-07-08T15:14:48.703478,2026-07-08T15:14:48.713096+00:00,150.8,8,ask,,,12365005
2026-07-08T15:14:51.484832,2026-07-08T15:14:51.488957+00:00,150.7,5,ask,,,12365057
2026-07-08T15:14:54.426855,2026-07-08T15:14:54.430713+00:00,150.6,3,ask,,,12365127
2026-07-08T15:14:56.156061,2026-07-08T15:14:56.168974+00:00,150.6,20,ask,,,12365160
2026-07-08T15:14:57.083878,2026-07-08T15:14:57.091674+00:00,150.7,500,bid,,,12365178
2026-07-08T15:14:57.120605,2026-07-08T15:14:57.128043+00:00,150.7,200,bid,,,12365182
2026-07-08T15:14:57.150913,2026-07-08T15:14:57.164087+00:00,150.7,20,ask,,,12365183
2026-07-08T15:14:57.170056,2026-07-08T15:14:57.179739+00:00,150.7,20,ask,,,12365185
2026-07-08T15:14:57.181757,2026-07-08T15:14:57.189998+00:00,150.7,12,ask,,,12365187
2026-07-08T15:15:01.065364,2026-07-08T15:15:01.073879+00:00,150.9,8,bid,,,12365244
2026-07-08T15:15:02.016116,2026-07-08T15:15:02.023966+00:00,150.9,200,ask,,,12365272
2026-07-08T15:15:03.394915,2026-07-08T15:15:03.404870+00:00,151.0,20,bid,,,12365288
2026-07-08T15:15:03.699408,2026-07-08T15:15:03.706238+00:00,150.9,200,ask,,,12365294
2026-07-08T15:15:03.705418,2026-07-08T15:15:03.716754+00:00,150.9,8,bid,,,12365295
2026-07-08T15:15:05.669714,2026-07-08T15:15:05.673749+00:00,150.8,3,ask,,,12365324
2026-07-08T15:15:06.362804,2026-07-08T15:15:06.366381+00:00,150.9,11,ask,,,12365339
2026-07-08T15:15:06.877432,2026-07-08T15:15:06.881764+00:00,151.0,12,ask,,,12365349
2026-07-08T15:15:12.896544,2026-07-08T15:15:12.919658+00:00,151.2,200,bid,,,12365430
2026-07-08T15:15:13.458879,2026-07-08T15:15:13.469104+00:00,151.2,425,ask,,,12365447
2026-07-08T15:15:13.458879,2026-07-08T15:15:13.469104+00:00,151.2,75,ask,,,12365448
2026-07-08T15:15:13.585600,2026-07-08T15:15:13.590119+00:00,151.4,26,bid,,,12365451
2026-07-08T15:15:14.054058,2026-07-08T15:15:14.081220+00:00,151.2,125,ask,,,12365459
2026-07-08T15:15:14.054058,2026-07-08T15:15:14.081220+00:00,151.1,8,ask,,,12365460
2026-07-08T15:15:14.077074,2026-07-08T15:15:14.096887+00:00,151.1,20,bid,,,12365463
2026-07-08T15:15:14.077228,2026-07-08T15:15:14.096887+00:00,151.1,3,bid,,,12365464
2026-07-08T15:15:14.093844,2026-07-08T15:15:14.102256+00:00,151.1,20,bid,,,12365466
2026-07-08T15:15:14.107701,2026-07-08T15:15:14.118071+00:00,151.1,20,bid,,,12365468
2026-07-08T15:15:14.120692,2026-07-08T15:15:14.128655+00:00,151.1,20,bid,,,12365471
2026-07-08T15:15:14.127195,2026-07-08T15:15:14.133914+00:00,151.1,200,bid,,,12365472
2026-07-08T15:15:14.135872,2026-07-08T15:15:14.144168+00:00,151.1,20,bid,,,12365474
2026-07-08T15:15:14.205086,2026-07-08T15:15:14.214978+00:00,150.9,8,bid,,,12365478
2026-07-08T15:15:15.336953,2026-07-08T15:15:15.343523+00:00,151.1,200,bid,,,12365495
2026-07-08T15:15:16.575943,2026-07-08T15:15:16.589688+00:00,150.9,20,ask,,,12365521
2026-07-08T15:15:16.585649,2026-07-08T15:15:16.589688+00:00,150.9,3,ask,,,12365524
2026-07-08T15:15:16.590867,2026-07-08T15:15:16.605377+00:00,150.9,20,ask,,,12365525
2026-07-08T15:15:16.602583,2026-07-08T15:15:16.610620+00:00,150.9,20,ask,,,12365527
2026-07-08T15:15:16.610863,2026-07-08T15:15:16.620885+00:00,150.9,20,ask,,,12365529
2026-07-08T15:15:16.619592,2026-07-08T15:15:16.626549+00:00,150.9,20,ask,,,12365531
2026-07-08T15:15:18.963038,2026-07-08T15:15:18.972972+00:00,150.9,200,ask,,,12365567
2026-07-08T15:15:20.748869,2026-07-08T15:15:20.758651+00:00,150.9,200,bid,,,12365610
2026-07-08T15:15:20.748869,2026-07-08T15:15:20.758651+00:00,150.9,8,bid,,,12365611
2026-07-08T15:15:20.748869,2026-07-08T15:15:20.758651+00:00,150.9,417,bid,,,12365612
2026-07-08T15:15:21.391621,2026-07-08T15:15:21.396107+00:00,150.8,3,ask,,,12365626
2026-07-08T15:15:21.966724,2026-07-08T15:15:21.974320+00:00,150.8,197,ask,,,12365632
2026-07-08T15:15:22.060930,2026-07-08T15:15:22.068704+00:00,150.6,8,ask,,,12365636
2026-07-08T15:15:22.589305,2026-07-08T15:15:22.596035+00:00,150.5,200,bid,,,12365650
2026-07-08T15:15:23.134072,2026-07-08T15:15:23.138139+00:00,150.3,23,ask,,,12365661
2026-07-08T15:15:23.809436,2026-07-08T15:15:23.819162+00:00,150.5,200,bid,,,12365677
2026-07-08T15:15:25.018598,2026-07-08T15:15:25.028717+00:00,150.5,200,bid,,,12365692
2026-07-08T15:15:25.284853,2026-07-08T15:15:25.288995+00:00,150.3,10,ask,,,12365698
2026-07-08T15:15:25.498342,2026-07-08T15:15:25.502114+00:00,150.3,1,ask,,,12365702
2026-07-08T15:15:26.003264,2026-07-08T15:15:26.007180+00:00,150.4,12,ask,,,12365717
2026-07-08T15:15:26.244894,2026-07-08T15:15:26.248793+00:00,150.5,11,ask,,,12365720
2026-07-08T15:15:27.299094,2026-07-08T15:15:27.305679+00:00,150.6,500,bid,,,12365739
2026-07-08T15:15:28.645149,2026-07-08T15:15:28.654919+00:00,150.6,10,ask,,,12365771
2026-07-08T15:15:28.645149,2026-07-08T15:15:28.654919+00:00,150.6,10,ask,,,12365772
2026-07-08T15:15:28.645149,2026-07-08T15:15:28.654919+00:00,150.6,10,ask,,,12365773
2026-07-08T15:15:28.645149,2026-07-08T15:15:28.659890+00:00,150.6,10,ask,,,12365774
2026-07-08T15:15:28.645149,2026-07-08T15:15:28.659890+00:00,150.6,10,ask,,,12365775
2026-07-08T15:15:28.645149,2026-07-08T15:15:28.659890+00:00,150.6,10,ask,,,12365776
2026-07-08T15:15:28.645149,2026-07-08T15:15:28.659890+00:00,150.5,10,ask,,,12365777
2026-07-08T15:15:28.645149,2026-07-08T15:15:28.665143+00:00,150.5,10,ask,,,12365778
2026-07-08T15:15:28.645149,2026-07-08T15:15:28.665143+00:00,150.5,10,ask,,,12365779
2026-07-08T15:15:28.645149,2026-07-08T15:15:28.665143+00:00,150.5,10,ask,,,12365780
2026-07-08T15:15:28.645149,2026-07-08T15:15:28.665143+00:00,150.5,10,ask,,,12365781
2026-07-08T15:15:28.679226,2026-07-08T15:15:28.696147+00:00,150.5,200,bid,,,12365784
2026-07-08T15:15:28.692388,2026-07-08T15:15:28.696147+00:00,150.5,23,bid,,,12365788
2026-07-08T15:15:32.246564,2026-07-08T15:15:32.258592+00:00,150.5,500,ask,,,12365835
2026-07-08T15:15:32.595534,2026-07-08T15:15:32.606271+00:00,150.4,200,ask,,,12365839
2026-07-08T15:15:34.731384,2026-07-08T15:15:34.741115+00:00,150.3,200,ask,,,12365868
2026-07-08T15:15:37.169965,2026-07-08T15:15:37.181720+00:00,150.3,20,ask,,,12365906
2026-07-08T15:15:37.846220,2026-07-08T15:15:37.855484+00:00,150.4,200,bid,,,12365916
2026-07-08T15:15:37.846220,2026-07-08T15:15:37.855484+00:00,150.4,425,bid,,,12365917
2026-07-08T15:15:40.787296,2026-07-08T15:15:40.795127+00:00,150.2,200,bid,,,12365955
2026-07-08T15:15:42.500514,2026-07-08T15:15:42.512414+00:00,150.1,20,ask,,,12365986
2026-07-08T15:15:45.656715,2026-07-08T15:15:45.658603+00:00,150.1,8,ask,,,12366045
2026-07-08T15:15:46.858116,2026-07-08T15:15:46.869261+00:00,150.2,200,bid,,,12366067
2026-07-08T15:15:48.067826,2026-07-08T15:15:48.074953+00:00,150.2,8,bid,,,12366077
2026-07-08T15:15:48.088058,2026-07-08T15:15:48.092218+00:00,150.2,8,ask,,,12366079
2026-07-08T15:15:48.345498,2026-07-08T15:15:48.352692+00:00,150.2,184,ask,,,12366082
2026-07-08T15:15:49.275906,2026-07-08T15:15:49.284499+00:00,150.2,200,bid,,,12366090
2026-07-08T15:15:50.969777,2026-07-08T15:15:50.980084+00:00,150.2,200,ask,,,12366106
2026-07-08T15:15:53.594299,2026-07-08T15:15:53.602676+00:00,150.2,200,ask,,,12366155
2026-07-08T15:15:54.131014,2026-07-08T15:15:54.137755+00:00,150.2,200,bid,,,12366166
2026-07-08T15:15:57.529896,2026-07-08T15:15:57.537141+00:00,150.3,200,ask,,,12366228
2026-07-08T15:15:57.712723,2026-07-08T15:15:57.717613+00:00,150.2,8,bid,,,12366233
2026-07-08T15:15:57.763247,2026-07-08T15:15:57.771634+00:00,150.2,200,bid,,,12366234
2026-07-08T15:15:58.973592,2026-07-08T15:15:58.980497+00:00,150.3,8,bid,,,12366242
2026-07-08T15:15:58.973592,2026-07-08T15:15:58.986089+00:00,150.3,192,bid,,,12366243
2026-07-08T15:16:00.185425,2026-07-08T15:16:00.195357+00:00,150.3,200,bid,,,12366263
2026-07-08T15:16:01.395351,2026-07-08T15:16:01.402790+00:00,150.3,200,bid,,,12366279
2026-07-08T15:16:04.036811,2026-07-08T15:16:04.040691+00:00,150.4,11,bid,,,12366324
2026-07-08T15:16:07.469239,2026-07-08T15:16:07.473134+00:00,150.5,23,bid,,,12366384
2026-07-08T15:16:08.692193,2026-07-08T15:16:08.696286+00:00,150.4,3,bid,,,12366398
2026-07-08T15:16:10.658996,2026-07-08T15:16:10.670863+00:00,150.5,200,bid,,,12366428
2026-07-08T15:16:10.658996,2026-07-08T15:16:10.670863+00:00,150.5,425,bid,,,12366429
2026-07-08T15:16:11.974860,2026-07-08T15:16:11.985594+00:00,150.4,200,ask,,,12366452
2026-07-08T15:16:11.974860,2026-07-08T15:16:11.985594+00:00,150.4,8,ask,,,12366453
2026-07-08T15:16:12.313617,2026-07-08T15:16:12.323085+00:00,150.3,200,bid,,,12366459
2026-07-08T15:16:13.283777,2026-07-08T15:16:13.294189+00:00,150.3,8,bid,,,12366477
2026-07-08T15:16:15.916385,2026-07-08T15:16:15.923909+00:00,150.4,200,ask,,,12366516
2026-07-08T15:16:15.916385,2026-07-08T15:16:15.928880+00:00,150.4,8,ask,,,12366517
2026-07-08T15:16:19.852088,2026-07-08T15:16:19.857762+00:00,150.5,200,bid,,,12366569
2026-07-08T15:16:20.794028,2026-07-08T15:16:20.804841+00:00,150.6,200,bid,,,12366590
2026-07-08T15:16:23.216172,2026-07-08T15:16:23.224262+00:00,150.4,200,bid,,,12366631
2026-07-08T15:16:24.426774,2026-07-08T15:16:24.435201+00:00,150.4,200,ask,,,12366651
2026-07-08T15:16:29.474212,2026-07-08T15:16:29.485791+00:00,150.6,20,bid,,,12366714
2026-07-08T15:16:30.347304,2026-07-08T15:16:30.357640+00:00,150.6,180,bid,,,12366725
2026-07-08T15:16:32.894803,2026-07-08T15:16:32.901775+00:00,150.7,200,ask,,,12366763
2026-07-08T15:16:37.595715,2026-07-08T15:16:37.607340+00:00,150.7,20,ask,,,12366844
2026-07-08T15:16:40.843638,2026-07-08T15:16:40.851038+00:00,150.9,200,ask,,,12366904
2026-07-08T15:16:40.843638,2026-07-08T15:16:40.867153+00:00,150.9,8,ask,,,12366905
2026-07-08T15:16:40.863496,2026-07-08T15:16:40.867153+00:00,150.8,14,bid,,,12366908
2026-07-08T15:16:40.876876,2026-07-08T15:16:40.888175+00:00,150.8,20,bid,,,12366911
2026-07-08T15:16:40.885908,2026-07-08T15:16:40.893154+00:00,150.8,20,bid,,,12366913
2026-07-08T15:16:40.894943,2026-07-08T15:16:40.903869+00:00,150.8,20,bid,,,12366915
2026-07-08T15:16:40.905055,2026-07-08T15:16:40.914334+00:00,150.8,20,bid,,,12366917
2026-07-08T15:16:42.043384,2026-07-08T15:16:42.051250+00:00,150.7,11,ask,,,12366935
2026-07-08T15:16:46.108945,2026-07-08T15:16:46.112432+00:00,150.8,11,ask,,,12367000
2026-07-08T15:16:46.198031,2026-07-08T15:16:46.208450+00:00,150.8,200,ask,,,12367004
2026-07-08T15:16:47.975641,2026-07-08T15:16:47.985286+00:00,150.8,500,ask,,,12367027
2026-07-08T15:16:48.568064,2026-07-08T15:16:48.579755+00:00,150.8,125,ask,,,12367038
2026-07-08T15:16:48.568064,2026-07-08T15:16:48.579755+00:00,150.7,8,ask,,,12367039
2026-07-08T15:16:49.852703,2026-07-08T15:16:49.859886+00:00,150.7,200,bid,,,12367063
2026-07-08T15:16:54.703954,2026-07-08T15:16:54.710649+00:00,150.7,200,ask,,,12367148
2026-07-08T15:16:54.761098,2026-07-08T15:16:54.765278+00:00,150.7,3,ask,,,12367151
2026-07-08T15:16:55.226930,2026-07-08T15:16:55.235311+00:00,150.7,422,ask,,,12367163
2026-07-08T15:16:55.226930,2026-07-08T15:16:55.235311+00:00,150.6,8,ask,,,12367164
2026-07-08T15:16:55.912385,2026-07-08T15:16:55.922782+00:00,150.5,200,bid,,,12367176
2026-07-08T15:16:57.909037,2026-07-08T15:16:57.916685+00:00,150.4,200,ask,,,12367225
2026-07-08T15:16:58.079802,2026-07-08T15:16:58.096032+00:00,150.1,20,ask,,,12367228
2026-07-08T15:16:58.092362,2026-07-08T15:16:58.096032+00:00,150.1,3,ask,,,12367231
2026-07-08T15:16:58.094965,2026-07-08T15:16:58.111995+00:00,150.1,20,ask,,,12367232
2026-07-08T15:16:58.106933,2026-07-08T15:16:58.117211+00:00,150.1,20,ask,,,12367235
2026-07-08T15:16:58.115306,2026-07-08T15:16:58.122425+00:00,150.1,20,ask,,,12367237
2026-07-08T15:16:58.126529,2026-07-08T15:16:58.138239+00:00,150.1,9,ask,,,12367239
2026-07-08T15:16:58.338237,2026-07-08T15:16:58.348369+00:00,150.4,200,bid,,,12367243
2026-07-08T15:16:59.234555,2026-07-08T15:16:59.238580+00:00,150.2,11,ask,,,12367263
2026-07-08T15:16:59.563923,2026-07-08T15:16:59.567354+00:00,150.3,2,ask,,,12367267
2026-07-08T15:17:00.527555,2026-07-08T15:17:00.538467+00:00,150.3,198,ask,,,12367285
2026-07-08T15:17:00.754140,2026-07-08T15:17:00.758552+00:00,150.2,200,bid,,,12367288
2026-07-08T15:17:04.392066,2026-07-08T15:17:04.398466+00:00,150.4,200,bid,,,12367349
2026-07-08T15:17:07.603199,2026-07-08T15:17:07.607233+00:00,150.2,21,ask,,,12367417
2026-07-08T15:17:08.384609,2026-07-08T15:17:08.392783+00:00,150.3,200,bid,,,12367428
2026-07-08T15:17:08.384609,2026-07-08T15:17:08.392783+00:00,150.3,8,bid,,,12367429
2026-07-08T15:17:08.402090,2026-07-08T15:17:08.405516+00:00,150.3,12,ask,,,12367434
2026-07-08T15:17:10.441589,2026-07-08T15:17:10.451672+00:00,150.4,200,ask,,,12367466
2026-07-08T15:17:11.024427,2026-07-08T15:17:11.028402+00:00,150.4,12,bid,,,12367476
2026-07-08T15:17:11.649289,2026-07-08T15:17:11.658525+00:00,150.4,200,bid,,,12367493
2026-07-08T15:17:12.860117,2026-07-08T15:17:12.869044+00:00,150.5,200,bid,,,12367513
2026-07-08T15:17:13.062663,2026-07-08T15:17:13.073889+00:00,150.2,20,ask,,,12367517
2026-07-08T15:17:14.094073,2026-07-08T15:17:14.098101+00:00,150.3,12,ask,,,12367537
2026-07-08T15:17:14.377865,2026-07-08T15:17:14.389707+00:00,150.3,20,ask,,,12367542
2026-07-08T15:17:15.299883,2026-07-08T15:17:15.303826+00:00,150.4,11,ask,,,12367557
2026-07-08T15:17:18.921672,2026-07-08T15:17:18.928388+00:00,150.4,200,ask,,,12367627
2026-07-08T15:17:20.141098,2026-07-08T15:17:20.148410+00:00,150.4,200,ask,,,12367644
2026-07-08T15:17:23.420727,2026-07-08T15:17:23.432356+00:00,150.3,20,ask,,,12367682
2026-07-08T15:17:28.048847,2026-07-08T15:17:28.058582+00:00,150.3,200,ask,,,12367748
2026-07-08T15:17:28.048847,2026-07-08T15:17:28.058582+00:00,150.3,425,ask,,,12367749
2026-07-08T15:17:28.600003,2026-07-08T15:17:28.606784+00:00,150.3,200,ask,,,12367762
2026-07-08T15:17:28.906801,2026-07-08T15:17:28.910535+00:00,150.5,8,ask,,,12367767
2026-07-08T15:17:29.230042,2026-07-08T15:17:29.233974+00:00,150.5,3,ask,,,12367775
2026-07-08T15:17:29.360280,2026-07-08T15:17:29.368878+00:00,150.5,5,ask,,,12367780
2026-07-08T15:17:29.761515,2026-07-08T15:17:29.769128+00:00,150.4,500,bid,,,12367783
2026-07-08T15:17:29.880862,2026-07-08T15:17:29.884359+00:00,150.3,8,bid,,,12367786
2026-07-08T15:17:30.360484,2026-07-08T15:17:30.369028+00:00,150.4,120,bid,,,12367789
2026-07-08T15:17:30.360484,2026-07-08T15:17:30.369028+00:00,150.4,200,bid,,,12367790
2026-07-08T15:17:30.360484,2026-07-08T15:17:30.374067+00:00,150.4,8,bid,,,12367791
2026-07-08T15:17:30.670295,2026-07-08T15:17:30.677322+00:00,150.7,8,ask,,,12367805
2026-07-08T15:17:31.571114,2026-07-08T15:17:31.579633+00:00,150.6,200,bid,,,12367816
2026-07-08T15:17:31.571114,2026-07-08T15:17:31.579633+00:00,150.6,8,bid,,,12367817
2026-07-08T15:17:31.587529,2026-07-08T15:17:31.595359+00:00,150.6,20,ask,,,12367818
2026-07-08T15:17:32.222834,2026-07-08T15:17:32.234080+00:00,150.6,200,ask,,,12367831
2026-07-08T15:17:32.750767,2026-07-08T15:17:32.755115+00:00,150.8,3,bid,,,12367840
2026-07-08T15:17:32.864877,2026-07-08T15:17:32.869170+00:00,150.8,46,bid,,,12367844
2026-07-08T15:17:33.434507,2026-07-08T15:17:33.441384+00:00,150.7,200,ask,,,12367855
2026-07-08T15:17:34.654128,2026-07-08T15:17:34.665686+00:00,150.7,200,ask,,,12367877
2026-07-08T15:17:35.728688,2026-07-08T15:17:35.739725+00:00,150.7,20,ask,,,12367889
2026-07-08T15:17:35.865679,2026-07-08T15:17:35.876062+00:00,150.7,200,ask,,,12367895
2026-07-08T15:17:35.958865,2026-07-08T15:17:35.968980+00:00,150.6,8,ask,,,12367897
2026-07-08T15:17:35.958865,2026-07-08T15:17:35.968980+00:00,150.6,500,ask,,,12367898
2026-07-08T15:17:35.972402,2026-07-08T15:17:35.976226+00:00,150.6,7,bid,,,12367899
2026-07-08T15:17:36.412059,2026-07-08T15:17:36.420700+00:00,150.6,110,bid,,,12367902
2026-07-08T15:17:36.437315,2026-07-08T15:17:36.446903+00:00,150.7,8,ask,,,12367903
2026-07-08T15:17:36.774482,2026-07-08T15:17:36.777899+00:00,150.9,8,ask,,,12367910
2026-07-08T15:17:37.267416,2026-07-08T15:17:37.275765+00:00,150.7,200,bid,,,12367921
2026-07-08T15:17:37.267416,2026-07-08T15:17:37.275765+00:00,150.8,8,bid,,,12367922
2026-07-08T15:17:37.294909,2026-07-08T15:17:37.298829+00:00,151.0,10,ask,,,12367927
2026-07-08T15:17:38.284273,2026-07-08T15:17:38.291499+00:00,151.0,200,ask,,,12367938
2026-07-08T15:17:38.472078,2026-07-08T15:17:38.481461+00:00,151.0,20,ask,,,12367942
2026-07-08T15:17:39.198064,2026-07-08T15:17:39.202113+00:00,151.0,11,bid,,,12367954
2026-07-08T15:17:39.516094,2026-07-08T15:17:39.520219+00:00,150.8,14,bid,,,12367959
2026-07-08T15:17:39.894967,2026-07-08T15:17:39.902158+00:00,150.8,186,bid,,,12367968
2026-07-08T15:17:40.203702,2026-07-08T15:17:40.215159+00:00,151.1,20,bid,,,12367970
2026-07-08T15:17:43.126642,2026-07-08T15:17:43.134166+00:00,150.8,200,ask,,,12368001
2026-07-08T15:17:43.703525,2026-07-08T15:17:43.707574+00:00,151.0,20,bid,,,12368012
2026-07-08T15:17:44.335933,2026-07-08T15:17:44.343075+00:00,150.8,200,ask,,,12368021
2026-07-08T15:17:45.084614,2026-07-08T15:17:45.096239+00:00,150.8,20,ask,,,12368035
2026-07-08T15:17:45.576768,2026-07-08T15:17:45.580998+00:00,150.7,3,ask,,,12368047
2026-07-08T15:17:46.764898,2026-07-08T15:17:46.775736+00:00,150.9,200,bid,,,12368060
2026-07-08T15:17:47.994921,2026-07-08T15:17:47.998773+00:00,150.8,2,ask,,,12368081
2026-07-08T15:17:48.055584,2026-07-08T15:17:48.067473+00:00,150.9,20,bid,,,12368082
2026-07-08T15:17:49.087994,2026-07-08T15:17:49.107440+00:00,150.8,198,ask,,,12368097
2026-07-08T15:17:49.103370,2026-07-08T15:17:49.107440+00:00,150.8,2,bid,,,12368099
2026-07-08T15:17:49.192433,2026-07-08T15:17:49.200144+00:00,150.8,200,bid,,,12368108
2026-07-08T15:17:51.621565,2026-07-08T15:17:51.631500+00:00,150.8,200,ask,,,12368149
2026-07-08T15:17:56.460840,2026-07-08T15:17:56.470080+00:00,150.7,200,ask,,,12368218
2026-07-08T15:17:58.734091,2026-07-08T15:17:58.745604+00:00,150.8,20,bid,,,12368255
2026-07-08T15:17:59.526172,2026-07-08T15:17:59.537930+00:00,150.8,20,bid,,,12368266
2026-07-08T15:18:03.496972,2026-07-08T15:18:03.505082+00:00,150.8,200,bid,,,12368336
2026-07-08T15:18:04.332616,2026-07-08T15:18:04.336561+00:00,150.9,3,bid,,,12368347
2026-07-08T15:18:04.866266,2026-07-08T15:18:04.876700+00:00,150.9,20,bid,,,12368359
2026-07-08T15:18:07.148509,2026-07-08T15:18:07.163611+00:00,150.8,20,ask,,,12368388
2026-07-08T15:18:07.355608,2026-07-08T15:18:07.358654+00:00,150.9,200,bid,,,12368395
2026-07-08T15:18:10.040035,2026-07-08T15:18:10.047796+00:00,150.8,200,ask,,,12368436
2026-07-08T15:18:10.040035,2026-07-08T15:18:10.047796+00:00,150.8,8,ask,,,12368437
2026-07-08T15:18:12.659684,2026-07-08T15:18:12.667057+00:00,150.9,200,bid,,,12368467
2026-07-08T15:18:12.659684,2026-07-08T15:18:12.682909+00:00,150.9,8,bid,,,12368468
2026-07-08T15:18:12.678848,2026-07-08T15:18:12.682909+00:00,151.0,3,ask,,,12368470
2026-07-08T15:18:13.417817,2026-07-08T15:18:13.427682+00:00,151.0,200,ask,,,12368478
2026-07-08T15:18:13.981616,2026-07-08T15:18:13.989910+00:00,150.9,8,ask,,,12368486
2026-07-08T15:18:14.368043,2026-07-08T15:18:14.375451+00:00,150.9,20,bid,,,12368493
2026-07-08T15:18:14.625438,2026-07-08T15:18:14.635509+00:00,150.9,200,bid,,,12368499
2026-07-08T15:18:17.220946,2026-07-08T15:18:17.225049+00:00,150.8,23,ask,,,12368540
2026-07-08T15:18:17.911237,2026-07-08T15:18:17.918390+00:00,150.9,200,bid,,,12368548
2026-07-08T15:18:17.911237,2026-07-08T15:18:17.933484+00:00,150.9,8,bid,,,12368549
2026-07-08T15:18:17.929439,2026-07-08T15:18:17.933484+00:00,150.9,11,ask,,,12368552
2026-07-08T15:18:21.613814,2026-07-08T15:18:21.623349+00:00,150.9,20,bid,,,12368601
2026-07-08T15:18:21.852530,2026-07-08T15:18:21.864284+00:00,150.9,200,bid,,,12368606
2026-07-08T15:18:21.852530,2026-07-08T15:18:21.864284+00:00,150.9,8,bid,,,12368607
2026-07-08T15:18:23.499412,2026-07-08T15:18:23.503734+00:00,151.0,23,bid,,,12368631
2026-07-08T15:18:28.421686,2026-07-08T15:18:28.432890+00:00,151.2,500,bid,,,12368701
2026-07-08T15:18:28.443748,2026-07-08T15:18:28.455231+00:00,151.2,20,ask,,,12368702
2026-07-08T15:18:29.165038,2026-07-08T15:18:29.175138+00:00,151.2,105,ask,,,12368718
2026-07-08T15:18:29.165038,2026-07-08T15:18:29.175138+00:00,151.1,8,ask,,,12368719
2026-07-08T15:18:29.820158,2026-07-08T15:18:29.823938+00:00,151.1,11,bid,,,12368736
2026-07-08T15:18:31.051272,2026-07-08T15:18:31.058621+00:00,151.1,200,bid,,,12368752
2026-07-08T15:18:31.152198,2026-07-08T15:18:31.163786+00:00,151.3,20,bid,,,12368754
2026-07-08T15:18:31.589830,2026-07-08T15:18:31.597420+00:00,151.1,200,ask,,,12368766
2026-07-08T15:18:36.685541,2026-07-08T15:18:36.693187+00:00,151.3,20,bid,,,12368848
2026-07-08T15:18:37.605906,2026-07-08T15:18:37.617304+00:00,151.1,200,ask,,,12368861
2026-07-08T15:18:37.605906,2026-07-08T15:18:37.617304+00:00,151.1,8,ask,,,12368862
2026-07-08T15:18:37.622847,2026-07-08T15:18:37.626232+00:00,151.1,3,bid,,,12368865
2026-07-08T15:18:37.633172,2026-07-08T15:18:37.646549+00:00,151.1,200,bid,,,12368867
2026-07-08T15:18:38.646566,2026-07-08T15:18:38.658627+00:00,151.1,20,bid,,,12368884
2026-07-08T15:18:38.840650,2026-07-08T15:18:38.852565+00:00,151.1,194,bid,,,12368889
2026-07-08T15:18:38.840650,2026-07-08T15:18:38.852565+00:00,151.1,6,bid,,,12368890
2026-07-08T15:18:38.913466,2026-07-08T15:18:38.922748+00:00,151.1,2,bid,,,12368891
2026-07-08T15:18:42.845981,2026-07-08T15:18:42.857118+00:00,151.5,200,bid,,,12368960
2026-07-08T15:18:43.691882,2026-07-08T15:18:43.699919+00:00,151.5,200,ask,,,12368973
2026-07-08T15:18:48.089336,2026-07-08T15:18:48.096187+00:00,151.5,200,bid,,,12369043
2026-07-08T15:18:48.089336,2026-07-08T15:18:48.101432+00:00,151.6,8,bid,,,12369044
2026-07-08T15:18:48.548395,2026-07-08T15:18:48.553189+00:00,151.6,200,ask,,,12369057
2026-07-08T15:18:49.403229,2026-07-08T15:18:49.413550+00:00,151.5,8,ask,,,12369063
2026-07-08T15:18:50.965772,2026-07-08T15:18:50.976484+00:00,151.6,200,bid,,,12369092
2026-07-08T15:18:51.982887,2026-07-08T15:18:51.999894+00:00,151.3,20,ask,,,12369104
2026-07-08T15:18:52.173675,2026-07-08T15:18:52.184710+00:00,151.6,200,bid,,,12369110
2026-07-08T15:18:53.101394,2026-07-08T15:18:53.112990+00:00,151.6,20,bid,,,12369128
2026-07-08T15:18:53.358676,2026-07-08T15:18:53.362434+00:00,151.5,3,ask,,,12369135
2026-07-08T15:18:53.383685,2026-07-08T15:18:53.403123+00:00,151.7,8,bid,,,12369136
2026-07-08T15:18:53.399418,2026-07-08T15:18:53.403123+00:00,151.7,23,ask,,,12369138
2026-07-08T15:18:53.928684,2026-07-08T15:18:53.937150+00:00,151.7,169,ask,,,12369143
2026-07-08T15:18:54.591866,2026-07-08T15:18:54.602250+00:00,151.7,200,bid,,,12369156
2026-07-08T15:18:55.149488,2026-07-08T15:18:55.154510+00:00,151.8,8,bid,,,12369168
2026-07-08T15:18:55.149488,2026-07-08T15:18:55.154510+00:00,151.8,4,bid,,,12369169
2026-07-08T15:18:55.746164,2026-07-08T15:18:55.750158+00:00,151.7,11,bid,,,12369173
2026-07-08T15:18:55.967618,2026-07-08T15:18:55.978881+00:00,151.7,489,bid,,,12369181
2026-07-08T15:18:57.014647,2026-07-08T15:18:57.025390+00:00,151.7,136,ask,,,12369200
2026-07-08T15:18:57.303719,2026-07-08T15:18:57.308027+00:00,151.6,3,bid,,,12369207
2026-07-08T15:18:58.163794,2026-07-08T15:18:58.171089+00:00,151.5,20,ask,,,12369214
2026-07-08T15:18:59.438190,2026-07-08T15:18:59.446417+00:00,151.7,200,bid,,,12369246
2026-07-08T15:19:01.186919,2026-07-08T15:19:01.200019+00:00,151.8,20,bid,,,12369273
2026-07-08T15:19:05.485361,2026-07-08T15:19:05.496800+00:00,151.7,200,bid,,,12369353
2026-07-08T15:19:09.044138,2026-07-08T15:19:09.058660+00:00,151.6,500,ask,,,12369407
