timestamp,recv_time,price,volume,aggressor_side,buyer,seller,trade_id
2026-06-30T06:00:00.335862,2026-06-29T20:00:01.141979+00:00,120.9,200,ask,,,13208563
2026-06-30T06:00:01.542913,2026-06-29T20:00:02.351797+00:00,120.9,200,ask,,,13208591
2026-06-30T06:00:03.974519,2026-06-29T20:00:04.785906+00:00,120.9,1,ask,,,13208619
2026-06-30T06:00:05.459983,2026-06-29T20:00:06.274617+00:00,120.8,5,ask,,,13208656
2026-06-30T06:00:05.535069,2026-06-29T20:00:06.349626+00:00,120.8,25,bid,,,13208660
2026-06-30T06:00:05.539173,2026-06-29T20:00:06.349626+00:00,120.7,2,ask,,,13208661
2026-06-30T06:00:05.759448,2026-06-29T20:00:06.578726+00:00,120.7,2,ask,,,13208663
2026-06-30T06:00:05.965327,2026-06-29T20:00:06.775989+00:00,120.7,2,ask,,,13208666
2026-06-30T06:00:06.171844,2026-06-29T20:00:07.004086+00:00,120.7,2,ask,,,13208668
2026-06-30T06:00:06.342028,2026-06-29T20:00:07.157045+00:00,120.8,500,bid,,,13208670
2026-06-30T06:00:06.377003,2026-06-29T20:00:07.188856+00:00,120.7,2,ask,,,13208671
2026-06-30T06:00:06.582047,2026-06-29T20:00:07.396981+00:00,120.7,2,ask,,,13208674
2026-06-30T06:00:06.625098,2026-06-29T20:00:07.439763+00:00,120.7,20,ask,,,13208677
2026-06-30T06:00:06.788774,2026-06-29T20:00:07.603116+00:00,120.7,2,ask,,,13208683
2026-06-30T06:00:06.938421,2026-06-29T20:00:07.743050+00:00,120.9,200,bid,,,13208686
2026-06-30T06:00:06.993636,2026-06-29T20:00:07.808509+00:00,120.9,2,ask,,,13208688
2026-06-30T06:00:07.197960,2026-06-29T20:00:08.005274+00:00,120.9,2,ask,,,13208693
2026-06-30T06:00:07.402930,2026-06-29T20:00:08.212179+00:00,120.9,2,ask,,,13208695
2026-06-30T06:00:07.612987,2026-06-29T20:00:08.429702+00:00,120.9,200,ask,,,13208699
2026-06-30T06:00:08.216986,2026-06-29T20:00:09.030105+00:00,121.0,25,ask,,,13208723
2026-06-30T06:00:08.266533,2026-06-29T20:00:09.074298+00:00,121.0,22,ask,,,13208725
2026-06-30T06:00:10.033021,2026-06-29T20:00:10.847139+00:00,121.1,9,bid,,,13208767
2026-06-30T06:00:10.033021,2026-06-29T20:00:10.847139+00:00,121.1,191,bid,,,13208768
2026-06-30T06:00:17.835000,2026-06-29T20:00:18.645371+00:00,121.1,9,bid,,,13208910
2026-06-30T06:00:17.835000,2026-06-29T20:00:18.645371+00:00,121.1,491,bid,,,13208911
2026-06-30T06:00:18.436739,2026-06-29T20:00:19.243353+00:00,121.1,134,bid,,,13208935
2026-06-30T06:00:18.436739,2026-06-29T20:00:19.243353+00:00,121.1,8,bid,,,13208936
2026-06-30T06:00:18.436739,2026-06-29T20:00:19.254416+00:00,121.2,200,bid,,,13208937
2026-06-30T06:00:18.505103,2026-06-29T20:00:19.319904+00:00,121.2,158,ask,,,13208943
2026-06-30T06:00:18.582916,2026-06-29T20:00:19.397381+00:00,121.2,42,bid,,,13208944
2026-06-30T06:00:19.896013,2026-06-29T20:00:20.709685+00:00,121.4,200,bid,,,13208962
2026-06-30T06:00:20.456215,2026-06-29T20:00:21.265382+00:00,121.7,25,bid,,,13208974
2026-06-30T06:00:20.502214,2026-06-29T20:00:21.308215+00:00,121.7,25,bid,,,13208977
2026-06-30T06:00:21.666991,2026-06-29T20:00:22.476019+00:00,121.6,25,bid,,,13209007
2026-06-30T06:00:21.712607,2026-06-29T20:00:22.518902+00:00,121.6,25,bid,,,13209009
2026-06-30T06:00:21.875692,2026-06-29T20:00:22.681979+00:00,121.6,25,bid,,,13209011
2026-06-30T06:00:21.920938,2026-06-29T20:00:22.726214+00:00,121.6,25,bid,,,13209013
2026-06-30T06:00:22.515479,2026-06-29T20:00:23.320908+00:00,121.7,200,bid,,,13209028
2026-06-30T06:00:26.054649,2026-06-29T20:00:26.867680+00:00,121.7,20,ask,,,13209087
2026-06-30T06:00:26.337215,2026-06-29T20:00:27.151125+00:00,121.7,500,ask,,,13209093
2026-06-30T06:00:26.963002,2026-06-29T20:00:27.770839+00:00,121.7,25,bid,,,13209110
2026-06-30T06:00:26.977547,2026-06-29T20:00:27.781920+00:00,121.7,200,bid,,,13209112
2026-06-30T06:00:27.094487,2026-06-29T20:00:27.901231+00:00,121.7,25,bid,,,13209115
2026-06-30T06:00:27.173151,2026-06-29T20:00:27.988291+00:00,121.7,25,bid,,,13209117
2026-06-30T06:00:27.304337,2026-06-29T20:00:28.118688+00:00,121.7,25,bid,,,13209121
2026-06-30T06:00:27.381582,2026-06-29T20:00:28.196168+00:00,121.7,25,bid,,,13209123
2026-06-30T06:00:27.512786,2026-06-29T20:00:28.326546+00:00,121.7,25,bid,,,13209128
2026-06-30T06:00:27.589674,2026-06-29T20:00:28.403115+00:00,121.7,10,bid,,,13209135
2026-06-30T06:00:27.752380,2026-06-29T20:00:28.566159+00:00,121.7,490,bid,,,13209141
2026-06-30T06:00:28.136848,2026-06-29T20:00:28.947240+00:00,121.8,135,ask,,,13209144
2026-06-30T06:00:28.184772,2026-06-29T20:00:29.001207+00:00,121.7,200,bid,,,13209146
2026-06-30T06:00:29.060318,2026-06-29T20:00:29.873487+00:00,121.6,500,bid,,,13209156
2026-06-30T06:00:30.371537,2026-06-29T20:00:31.176194+00:00,121.6,200,ask,,,13209179
2026-06-30T06:00:30.528446,2026-06-29T20:00:31.338329+00:00,121.5,13,bid,,,13209181
2026-06-30T06:00:30.604007,2026-06-29T20:00:31.415328+00:00,121.5,200,bid,,,13209183
2026-06-30T06:00:34.409911,2026-06-29T20:00:35.220093+00:00,121.4,5,bid,,,13209247
2026-06-30T06:00:35.635697,2026-06-29T20:00:36.440099+00:00,121.3,200,ask,,,13209258
2026-06-30T06:00:38.024591,2026-06-29T20:00:38.835095+00:00,121.4,3,bid,,,13209289
2026-06-30T06:00:42.190845,2026-06-29T20:00:43.005300+00:00,121.3,200,ask,,,13209360
2026-06-30T06:00:42.190845,2026-06-29T20:00:43.005300+00:00,121.2,2,ask,,,13209361
2026-06-30T06:00:42.711370,2026-06-29T20:00:43.517156+00:00,121.1,7,ask,,,13209366
2026-06-30T06:00:45.699499,2026-06-29T20:00:46.510170+00:00,121.1,200,bid,,,13209427
2026-06-30T06:00:46.302982,2026-06-29T20:00:47.110781+00:00,121.2,500,bid,,,13209438
2026-06-30T06:00:46.898671,2026-06-29T20:00:47.710055+00:00,121.1,200,bid,,,13209447
2026-06-30T06:00:46.898671,2026-06-29T20:00:47.710055+00:00,121.2,125,bid,,,13209448
2026-06-30T06:00:46.965039,2026-06-29T20:00:47.776485+00:00,121.2,25,ask,,,13209453
2026-06-30T06:00:47.044233,2026-06-29T20:00:47.853051+00:00,121.2,25,ask,,,13209455
2026-06-30T06:00:47.174478,2026-06-29T20:00:47.982900+00:00,121.2,25,ask,,,13209457
2026-06-30T06:00:47.238229,2026-06-29T20:00:48.047894+00:00,121.2,20,ask,,,13209461
2026-06-30T06:00:47.255462,2026-06-29T20:00:48.069051+00:00,121.2,25,ask,,,13209462
2026-06-30T06:00:47.388824,2026-06-29T20:00:48.199945+00:00,121.2,25,ask,,,13209469
2026-06-30T06:00:47.466495,2026-06-29T20:00:48.277391+00:00,121.2,6,ask,,,13209472
2026-06-30T06:00:47.559293,2026-06-29T20:00:48.365002+00:00,121.2,200,ask,,,13209476
2026-06-30T06:00:48.770726,2026-06-29T20:00:49.583091+00:00,121.3,200,ask,,,13209503
2026-06-30T06:00:48.886332,2026-06-29T20:00:49.691820+00:00,121.4,25,bid,,,13209508
2026-06-30T06:00:49.007235,2026-06-29T20:00:49.821666+00:00,121.4,25,bid,,,13209510
2026-06-30T06:00:49.980133,2026-06-29T20:00:50.793059+00:00,121.2,200,ask,,,13209543
2026-06-30T06:00:51.190161,2026-06-29T20:00:52.001190+00:00,121.3,200,ask,,,13209576
2026-06-30T06:00:54.007508,2026-06-29T20:00:54.821362+00:00,121.2,200,ask,,,13209621
2026-06-30T06:00:54.807172,2026-06-29T20:00:55.614138+00:00,121.2,200,bid,,,13209638
2026-06-30T06:00:56.425004,2026-06-29T20:00:57.237338+00:00,121.2,25,ask,,,13209670
2026-06-30T06:00:56.504287,2026-06-29T20:00:57.313889+00:00,121.2,25,ask,,,13209674
2026-06-30T06:00:56.716323,2026-06-29T20:00:57.531919+00:00,121.2,8,ask,,,13209683
2026-06-30T06:00:56.885664,2026-06-29T20:00:57.695485+00:00,121.2,20,ask,,,13209686
2026-06-30T06:00:57.224530,2026-06-29T20:00:58.033315+00:00,121.2,200,ask,,,13209692
2026-06-30T06:01:00.923254,2026-06-29T20:01:01.732074+00:00,121.0,2,ask,,,13209760
2026-06-30T06:01:00.923254,2026-06-29T20:01:01.732074+00:00,121.0,18,ask,,,13209761
2026-06-30T06:01:01.536360,2026-06-29T20:01:02.341119+00:00,121.0,25,ask,,,13209770
2026-06-30T06:01:01.642684,2026-06-29T20:01:02.450845+00:00,121.0,25,ask,,,13209773
2026-06-30T06:01:03.203595,2026-06-29T20:01:04.018563+00:00,121.1,500,ask,,,13209805
2026-06-30T06:01:03.203595,2026-06-29T20:01:04.018563+00:00,121.0,125,ask,,,13209806
2026-06-30T06:01:03.246967,2026-06-29T20:01:04.062840+00:00,121.2,200,bid,,,13209807
2026-06-30T06:01:03.267537,2026-06-29T20:01:04.084965+00:00,121.2,25,ask,,,13209809
2026-06-30T06:01:03.350930,2026-06-29T20:01:04.161056+00:00,121.2,25,ask,,,13209813
2026-06-30T06:01:03.499727,2026-06-29T20:01:04.314043+00:00,121.2,25,ask,,,13209815
2026-06-30T06:01:03.560525,2026-06-29T20:01:04.367913+00:00,121.2,25,ask,,,13209817
2026-06-30T06:01:05.071428,2026-06-29T20:01:05.879707+00:00,121.3,20,bid,,,13209843
2026-06-30T06:01:06.647219,2026-06-29T20:01:07.456141+00:00,121.2,20,ask,,,13209865
2026-06-30T06:01:09.118841,2026-06-29T20:01:09.932810+00:00,121.1,25,ask,,,13209913
2026-06-30T06:01:09.179051,2026-06-29T20:01:09.987161+00:00,121.1,25,ask,,,13209915
2026-06-30T06:01:09.326845,2026-06-29T20:01:10.139730+00:00,121.1,25,ask,,,13209917
2026-06-30T06:01:12.319048,2026-06-29T20:01:13.124276+00:00,121.1,500,bid,,,13209964
2026-06-30T06:01:12.991118,2026-06-29T20:01:13.797863+00:00,121.3,20,bid,,,13209971
2026-06-30T06:01:17.617574,2026-06-29T20:01:18.431976+00:00,121.4,1,bid,,,13210048
2026-06-30T06:01:18.937975,2026-06-29T20:01:19.748423+00:00,121.4,200,ask,,,13210061
2026-06-30T06:01:21.461040,2026-06-29T20:01:22.272838+00:00,121.3,200,ask,,,13210103
2026-06-30T06:01:21.564288,2026-06-29T20:01:22.370014+00:00,121.3,500,ask,,,13210107
2026-06-30T06:01:21.614762,2026-06-29T20:01:22.425355+00:00,121.3,25,bid,,,13210109
2026-06-30T06:01:21.762351,2026-06-29T20:01:22.567288+00:00,121.3,25,bid,,,13210116
2026-06-30T06:01:21.860124,2026-06-29T20:01:22.664944+00:00,121.1,20,ask,,,13210119
2026-06-30T06:01:22.873749,2026-06-29T20:01:23.688029+00:00,121.3,200,bid,,,13210132
2026-06-30T06:01:23.879978,2026-06-29T20:01:24.687572+00:00,121.3,200,ask,,,13210146
2026-06-30T06:01:25.234681,2026-06-29T20:01:26.048581+00:00,121.3,20,ask,,,13210167
2026-06-30T06:01:26.294805,2026-06-29T20:01:27.136136+00:00,121.4,2,bid,,,13210189
2026-06-30T06:01:26.375154,2026-06-29T20:01:27.189021+00:00,121.4,25,ask,,,13210190
2026-06-30T06:01:26.427831,2026-06-29T20:01:27.233287+00:00,121.4,25,ask,,,13210192
2026-06-30T06:01:28.129292,2026-06-29T20:01:28.934310+00:00,121.5,4,bid,,,13210227
2026-06-30T06:01:28.129292,2026-06-29T20:01:28.945374+00:00,121.5,200,bid,,,13210228
2026-06-30T06:01:28.714451,2026-06-29T20:01:29.521772+00:00,121.5,200,ask,,,13210239
2026-06-30T06:01:30.044729,2026-06-29T20:01:30.859949+00:00,121.5,25,ask,,,13210258
2026-06-30T06:01:30.757293,2026-06-29T20:01:31.567238+00:00,121.5,175,ask,,,13210271
2026-06-30T06:01:31.127167,2026-06-29T20:01:31.938243+00:00,121.5,200,bid,,,13210278
2026-06-30T06:01:34.763908,2026-06-29T20:01:35.574247+00:00,121.6,200,bid,,,13210349
2026-06-30T06:01:36.011683,2026-06-29T20:01:36.827227+00:00,121.5,2,bid,,,13210379
2026-06-30T06:01:36.433278,2026-06-29T20:01:37.239024+00:00,121.6,20,ask,,,13210392
2026-06-30T06:01:37.069015,2026-06-29T20:01:37.880807+00:00,121.6,1,ask,,,13210396
2026-06-30T06:01:37.184302,2026-06-29T20:01:37.990076+00:00,121.7,2,bid,,,13210405
2026-06-30T06:01:39.634557,2026-06-29T20:01:40.440833+00:00,121.8,1,bid,,,13210445
2026-06-30T06:01:39.634557,2026-06-29T20:01:40.440833+00:00,121.9,199,bid,,,13210446
2026-06-30T06:01:42.911538,2026-06-29T20:01:43.724471+00:00,121.6,20,ask,,,13210506
2026-06-30T06:01:43.260087,2026-06-29T20:01:44.073260+00:00,121.7,200,bid,,,13210510
2026-06-30T06:01:44.469383,2026-06-29T20:01:45.281887+00:00,121.8,200,ask,,,13210531
2026-06-30T06:01:45.094074,2026-06-29T20:01:45.901071+00:00,121.8,3,ask,,,13210545
2026-06-30T06:01:45.669651,2026-06-29T20:01:46.481065+00:00,121.8,20,bid,,,13210552
2026-06-30T06:01:46.514648,2026-06-29T20:01:47.328850+00:00,121.7,2,bid,,,13210566
2026-06-30T06:01:47.307895,2026-06-29T20:01:48.113163+00:00,121.7,1,ask,,,13210579
2026-06-30T06:01:47.861403,2026-06-29T20:01:48.667197+00:00,121.7,20,ask,,,13210591
2026-06-30T06:01:55.703156,2026-06-29T20:01:56.507822+00:00,121.5,200,ask,,,13210726
2026-06-30T06:02:01.430932,2026-06-29T20:02:02.240175+00:00,121.5,200,ask,,,13210809
2026-06-30T06:02:05.149289,2026-06-29T20:02:05.959712+00:00,121.4,2,ask,,,13210883
2026-06-30T06:02:08.034940,2026-06-29T20:02:08.842929+00:00,121.5,200,bid,,,13210929
2026-06-30T06:02:08.744568,2026-06-29T20:02:09.561146+00:00,121.5,200,ask,,,13210938
2026-06-30T06:02:16.733592,2026-06-29T20:02:17.548531+00:00,121.8,3,bid,,,13211046
2026-06-30T06:02:18.417599,2026-06-29T20:02:19.234288+00:00,121.8,200,bid,,,13211079
2026-06-30T06:02:19.819293,2026-06-29T20:02:20.627108+00:00,121.8,20,ask,,,13211101
2026-06-30T06:02:20.671477,2026-06-29T20:02:21.477427+00:00,121.9,200,bid,,,13211115
2026-06-30T06:02:20.833415,2026-06-29T20:02:21.640164+00:00,121.9,200,ask,,,13211121
2026-06-30T06:02:21.788696,2026-06-29T20:02:22.598878+00:00,121.9,2,ask,,,13211137
2026-06-30T06:02:23.301529,2026-06-29T20:02:24.113003+00:00,121.9,1,bid,,,13211160
2026-06-30T06:02:23.301529,2026-06-29T20:02:24.113003+00:00,121.9,200,bid,,,13211161
2026-06-30T06:02:24.395250,2026-06-29T20:02:25.210968+00:00,122.0,20,ask,,,13211183
2026-06-30T06:02:24.462034,2026-06-29T20:02:25.277359+00:00,122.0,200,ask,,,13211186
2026-06-30T06:02:24.617756,2026-06-29T20:02:25.428385+00:00,121.8,200,ask,,,13211188
2026-06-30T06:02:25.928429,2026-06-29T20:02:26.736129+00:00,121.8,200,bid,,,13211216
2026-06-30T06:02:25.928429,2026-06-29T20:02:26.736129+00:00,121.9,1,bid,,,13211217
2026-06-30T06:02:26.878264,2026-06-29T20:02:27.683874+00:00,121.9,200,ask,,,13211228
2026-06-30T06:02:28.166744,2026-06-29T20:02:28.980106+00:00,121.7,20,ask,,,13211251
2026-06-30T06:02:28.502732,2026-06-29T20:02:29.307739+00:00,121.9,20,bid,,,13211260
2026-06-30T06:02:29.877766,2026-06-29T20:02:30.687688+00:00,121.7,200,ask,,,13211276
2026-06-30T06:02:30.248657,2026-06-29T20:02:31.057163+00:00,121.5,7,ask,,,13211279
2026-06-30T06:02:30.248657,2026-06-29T20:02:31.057163+00:00,121.5,13,ask,,,13211280
2026-06-30T06:02:30.436592,2026-06-29T20:02:31.252030+00:00,121.7,425,bid,,,13211286
2026-06-30T06:02:30.506283,2026-06-29T20:02:31.317895+00:00,121.7,75,ask,,,13211290
2026-06-30T06:02:30.506283,2026-06-29T20:02:31.317895+00:00,121.6,10,ask,,,13211291
2026-06-30T06:02:31.036407,2026-06-29T20:02:31.842132+00:00,121.6,115,bid,,,13211306
2026-06-30T06:02:31.713446,2026-06-29T20:02:32.528234+00:00,121.9,200,ask,,,13211319
2026-06-30T06:02:32.921893,2026-06-29T20:02:33.736265+00:00,121.9,200,ask,,,13211331
2026-06-30T06:02:33.218248,2026-06-29T20:02:34.028267+00:00,121.9,1,ask,,,13211338
2026-06-30T06:02:34.312500,2026-06-29T20:02:35.127236+00:00,122.0,2,bid,,,13211358
2026-06-30T06:02:35.118420,2026-06-29T20:02:35.933907+00:00,122.1,200,bid,,,13211373
2026-06-30T06:02:36.092190,2026-06-29T20:02:36.906352+00:00,122.1,20,ask,,,13211393
2026-06-30T06:02:36.437258,2026-06-29T20:02:37.251977+00:00,122.0,200,ask,,,13211402
2026-06-30T06:02:37.760952,2026-06-29T20:02:38.572893+00:00,121.9,200,ask,,,13211423
2026-06-30T06:02:38.978561,2026-06-29T20:02:39.789669+00:00,121.9,200,ask,,,13211446
2026-06-30T06:02:40.185150,2026-06-29T20:02:40.997978+00:00,121.8,200,bid,,,13211472
2026-06-30T06:02:41.390461,2026-06-29T20:02:42.207078+00:00,121.8,200,bid,,,13211494
2026-06-30T06:02:42.986447,2026-06-29T20:02:43.797484+00:00,121.8,200,bid,,,13211511
2026-06-30T06:02:43.470934,2026-06-29T20:02:44.286282+00:00,121.8,20,ask,,,13211517
2026-06-30T06:02:45.010422,2026-06-29T20:02:45.819707+00:00,121.8,200,ask,,,13211539
2026-06-30T06:02:48.654984,2026-06-29T20:02:49.467860+00:00,121.7,200,ask,,,13211610
2026-06-30T06:02:49.621000,2026-06-29T20:02:50.427913+00:00,121.7,20,ask,,,13211626
2026-06-30T06:02:51.144445,2026-06-29T20:02:51.952290+00:00,121.8,25,bid,,,13211654
2026-06-30T06:02:51.263903,2026-06-29T20:02:52.072053+00:00,121.8,13,bid,,,13211657
2026-06-30T06:02:51.443745,2026-06-29T20:02:52.257277+00:00,121.7,20,ask,,,13211663
2026-06-30T06:02:52.790916,2026-06-29T20:02:53.597906+00:00,121.7,20,ask,,,13211691
2026-06-30T06:02:53.487759,2026-06-29T20:02:54.293051+00:00,121.9,200,bid,,,13211699
2026-06-30T06:02:53.502839,2026-06-29T20:02:54.315177+00:00,121.9,200,ask,,,13211700
2026-06-30T06:02:53.604631,2026-06-29T20:02:54.412865+00:00,121.9,20,ask,,,13211702
2026-06-30T06:02:54.800207,2026-06-29T20:02:55.608573+00:00,121.9,200,ask,,,13211726
2026-06-30T06:02:55.494977,2026-06-29T20:02:56.307322+00:00,121.9,25,bid,,,13211737
2026-06-30T06:02:55.561715,2026-06-29T20:02:56.372762+00:00,121.9,25,bid,,,13211741
2026-06-30T06:02:55.565913,2026-06-29T20:02:56.372762+00:00,121.7,2,ask,,,13211742
2026-06-30T06:02:55.770329,2026-06-29T20:02:56.579694+00:00,121.7,2,ask,,,13211747
2026-06-30T06:02:56.481584,2026-06-29T20:02:57.288354+00:00,121.8,20,ask,,,13211761
2026-06-30T06:02:57.425888,2026-06-29T20:02:58.234368+00:00,121.8,200,ask,,,13211773
2026-06-30T06:02:58.736940,2026-06-29T20:02:59.548147+00:00,121.6,1,ask,,,13211803
2026-06-30T06:02:58.736940,2026-06-29T20:02:59.548147+00:00,121.6,200,ask,,,13211804
2026-06-30T06:02:58.785404,2026-06-29T20:02:59.591948+00:00,121.6,25,bid,,,13211806
2026-06-30T06:02:58.928092,2026-06-29T20:02:59.743983+00:00,121.6,25,bid,,,13211811
2026-06-30T06:02:58.998652,2026-06-29T20:02:59.807972+00:00,121.6,25,bid,,,13211815
2026-06-30T06:02:59.137709,2026-06-29T20:02:59.948951+00:00,121.6,25,bid,,,13211819
2026-06-30T06:02:59.207434,2026-06-29T20:03:00.015387+00:00,121.6,25,bid,,,13211821
2026-06-30T06:02:59.347759,2026-06-29T20:03:00.157350+00:00,121.6,25,bid,,,13211827
2026-06-30T06:02:59.417806,2026-06-29T20:03:00.233924+00:00,121.6,25,bid,,,13211829
2026-06-30T06:02:59.556932,2026-06-29T20:03:00.364317+00:00,121.6,25,bid,,,13211834
2026-06-30T06:02:59.627871,2026-06-29T20:03:00.438849+00:00,121.6,25,bid,,,13211836
2026-06-30T06:02:59.631971,2026-06-29T20:03:00.438849+00:00,121.5,2,ask,,,13211837
2026-06-30T06:02:59.836588,2026-06-29T20:03:00.646225+00:00,121.5,2,ask,,,13211838
2026-06-30T06:03:00.054245,2026-06-29T20:03:00.862313+00:00,121.5,2,ask,,,13211844
2026-06-30T06:03:00.259525,2026-06-29T20:03:01.069690+00:00,121.5,2,ask,,,13211848
2026-06-30T06:03:00.465357,2026-06-29T20:03:01.277577+00:00,121.5,2,ask,,,13211854
2026-06-30T06:03:00.674912,2026-06-29T20:03:01.484491+00:00,121.5,2,ask,,,13211865
2026-06-30T06:03:00.879568,2026-06-29T20:03:01.692924+00:00,121.4,2,ask,,,13211871
2026-06-30T06:03:01.085329,2026-06-29T20:03:01.898843+00:00,121.4,2,ask,,,13211879
2026-06-30T06:03:01.290339,2026-06-29T20:03:02.106222+00:00,121.4,2,ask,,,13211881
2026-06-30T06:03:01.497639,2026-06-29T20:03:02.313133+00:00,121.4,2,ask,,,13211889
2026-06-30T06:03:05.299143,2026-06-29T20:03:06.108113+00:00,121.4,200,ask,,,13211960
2026-06-30T06:03:05.841670,2026-06-29T20:03:06.652168+00:00,121.3,20,ask,,,13211965
2026-06-30T06:03:06.180878,2026-06-29T20:03:06.990052+00:00,121.4,425,bid,,,13211971
2026-06-30T06:03:06.830728,2026-06-29T20:03:07.640918+00:00,121.5,200,ask,,,13211985
2026-06-30T06:03:08.043665,2026-06-29T20:03:08.852153+00:00,121.5,200,ask,,,13212017
2026-06-30T06:03:08.592383,2026-06-29T20:03:09.397717+00:00,121.6,500,bid,,,13212021
2026-06-30T06:03:09.187594,2026-06-29T20:03:09.997619+00:00,121.6,125,bid,,,13212032
2026-06-30T06:03:09.253584,2026-06-29T20:03:10.062938+00:00,121.7,200,ask,,,13212038
2026-06-30T06:03:09.827892,2026-06-29T20:03:10.638273+00:00,121.8,11,bid,,,13212047
2026-06-30T06:03:10.117019,2026-06-29T20:03:10.930854+00:00,121.9,20,bid,,,13212054
2026-06-30T06:03:10.467555,2026-06-29T20:03:11.278957+00:00,121.8,200,ask,,,13212063
2026-06-30T06:03:10.534887,2026-06-29T20:03:11.345265+00:00,121.8,300,ask,,,13212064
2026-06-30T06:03:11.027633,2026-06-29T20:03:11.836309+00:00,121.8,325,bid,,,13212070
2026-06-30T06:03:11.675287,2026-06-29T20:03:12.491741+00:00,121.8,200,ask,,,13212078
2026-06-30T06:03:11.841684,2026-06-29T20:03:12.654257+00:00,121.9,12,bid,,,13212081
2026-06-30T06:03:12.881789,2026-06-29T20:03:13.688244+00:00,121.9,200,ask,,,13212106
2026-06-30T06:03:13.445941,2026-06-29T20:03:14.253076+00:00,121.9,500,bid,,,13212117
2026-06-30T06:03:14.039704,2026-06-29T20:03:14.849740+00:00,121.9,125,bid,,,13212122
2026-06-30T06:03:17.126104,2026-06-29T20:03:17.942085+00:00,122.2,200,ask,,,13212174
2026-06-30T06:03:17.730287,2026-06-29T20:03:18.541838+00:00,122.1,4,bid,,,13212193
2026-06-30T06:03:20.170074,2026-06-29T20:03:20.978244+00:00,122.2,2,bid,,,13212233
2026-06-30T06:03:20.170074,2026-06-29T20:03:20.988830+00:00,122.2,198,bid,,,13212234
2026-06-30T06:03:23.797598,2026-06-29T20:03:24.612097+00:00,122.1,2,bid,,,13212293
2026-06-30T06:03:26.224690,2026-06-29T20:03:27.037579+00:00,122.1,200,ask,,,13212342
2026-06-30T06:03:27.169371,2026-06-29T20:03:27.977449+00:00,121.9,25,ask,,,13212366
2026-06-30T06:03:27.210346,2026-06-29T20:03:28.020747+00:00,121.9,25,ask,,,13212368
2026-06-30T06:03:27.380309,2026-06-29T20:03:28.195389+00:00,121.9,20,ask,,,13212372
2026-06-30T06:03:27.616979,2026-06-29T20:03:28.434033+00:00,122.0,200,ask,,,13212375
2026-06-30T06:03:27.616979,2026-06-29T20:03:28.434033+00:00,121.8,2,ask,,,13212376
2026-06-30T06:03:27.616979,2026-06-29T20:03:28.434033+00:00,121.8,423,ask,,,13212377
2026-06-30T06:03:32.310381,2026-06-29T20:03:33.124457+00:00,122.0,200,ask,,,13212464
2026-06-30T06:03:33.519269,2026-06-29T20:03:34.334193+00:00,122.0,200,ask,,,13212490
2026-06-30T06:03:33.588887,2026-06-29T20:03:34.399693+00:00,122.0,25,ask,,,13212491
2026-06-30T06:03:33.631372,2026-06-29T20:03:34.443946+00:00,122.0,25,ask,,,13212495
2026-06-30T06:03:33.799705,2026-06-29T20:03:34.607510+00:00,122.0,25,ask,,,13212497
2026-06-30T06:03:33.841898,2026-06-29T20:03:34.650840+00:00,122.0,25,ask,,,13212502
2026-06-30T06:03:34.013268,2026-06-29T20:03:34.824866+00:00,122.0,25,ask,,,13212508
2026-06-30T06:03:34.067440,2026-06-29T20:03:34.889888+00:00,122.0,25,ask,,,13212511
2026-06-30T06:03:37.186695,2026-06-29T20:03:38.003154+00:00,122.2,2,bid,,,13212562
2026-06-30T06:03:37.186695,2026-06-29T20:03:38.003154+00:00,122.2,18,bid,,,13212563
2026-06-30T06:03:38.101613,2026-06-29T20:03:38.908271+00:00,122.0,200,ask,,,13212576
2026-06-30T06:03:38.101613,2026-06-29T20:03:38.908271+00:00,121.9,425,ask,,,13212577
2026-06-30T06:03:39.410062,2026-06-29T20:03:40.225932+00:00,122.0,500,ask,,,13212609
2026-06-30T06:03:39.473701,2026-06-29T20:03:40.290783+00:00,122.0,125,bid,,,13212610
2026-06-30T06:03:39.564594,2026-06-29T20:03:40.378260+00:00,122.0,200,ask,,,13212614
2026-06-30T06:03:41.311309,2026-06-29T20:03:42.118525+00:00,122.1,200,bid,,,13212650
2026-06-30T06:03:41.311309,2026-06-29T20:03:42.118525+00:00,122.2,4,bid,,,13212651
2026-06-30T06:03:41.311309,2026-06-29T20:03:42.129601+00:00,122.2,296,bid,,,13212652
2026-06-30T06:03:41.908713,2026-06-29T20:03:42.727945+00:00,122.2,329,bid,,,13212665
2026-06-30T06:03:41.978446,2026-06-29T20:03:42.793363+00:00,122.2,171,ask,,,13212669
2026-06-30T06:03:42.031106,2026-06-29T20:03:42.837629+00:00,122.0,29,bid,,,13212670
2026-06-30T06:03:43.187912,2026-06-29T20:03:44.001994+00:00,122.2,200,ask,,,13212703
2026-06-30T06:03:45.613127,2026-06-29T20:03:46.428687+00:00,122.2,200,ask,,,13212750
2026-06-30T06:03:46.102241,2026-06-29T20:03:46.908395+00:00,122.3,5,bid,,,13212758
2026-06-30T06:03:46.253561,2026-06-29T20:03:47.060960+00:00,122.4,25,bid,,,13212761
2026-06-30T06:03:46.310669,2026-06-29T20:03:47.116279+00:00,122.4,25,bid,,,13212764
2026-06-30T06:03:46.463892,2026-06-29T20:03:47.277999+00:00,122.4,25,bid,,,13212766
2026-06-30T06:03:46.520076,2026-06-29T20:03:47.332895+00:00,122.4,25,bid,,,13212768
2026-06-30T06:03:46.672297,2026-06-29T20:03:47.484416+00:00,122.3,5,bid,,,13212770
2026-06-30T06:03:46.674862,2026-06-29T20:03:47.484416+00:00,122.4,2,bid,,,13212771
2026-06-30T06:03:46.729065,2026-06-29T20:03:47.538365+00:00,122.4,20,bid,,,13212775
2026-06-30T06:03:46.879247,2026-06-29T20:03:47.690925+00:00,122.3,2,bid,,,13212780
2026-06-30T06:03:47.083740,2026-06-29T20:03:47.897775+00:00,122.3,2,bid,,,13212784
2026-06-30T06:03:47.302598,2026-06-29T20:03:48.116205+00:00,122.5,2,bid,,,13212790
2026-06-30T06:03:47.507331,2026-06-29T20:03:48.322133+00:00,122.5,2,bid,,,13212804
2026-06-30T06:03:47.711691,2026-06-29T20:03:48.517939+00:00,122.5,2,bid,,,13212811
2026-06-30T06:03:47.916957,2026-06-29T20:03:48.724331+00:00,122.4,2,bid,,,13212814
2026-06-30T06:03:48.123217,2026-06-29T20:03:48.931732+00:00,122.4,1,bid,,,13212823
2026-06-30T06:03:48.123217,2026-06-29T20:03:48.931732+00:00,122.5,1,bid,,,13212824
2026-06-30T06:03:48.330153,2026-06-29T20:03:49.137617+00:00,122.5,2,bid,,,13212829
2026-06-30T06:03:48.535377,2026-06-29T20:03:49.344056+00:00,122.5,2,bid,,,13212834
2026-06-30T06:03:56.493019,2026-06-29T20:03:57.306491+00:00,122.4,2,bid,,,13212991
2026-06-30T06:03:56.507194,2026-06-29T20:03:57.317554+00:00,122.4,200,ask,,,13212995
2026-06-30T06:03:56.549868,2026-06-29T20:03:57.360938+00:00,122.4,25,ask,,,13212996
2026-06-30T06:03:56.555223,2026-06-29T20:03:57.360938+00:00,122.4,25,ask,,,13212997
2026-06-30T06:03:56.764004,2026-06-29T20:03:57.580327+00:00,122.4,25,ask,,,13213004
2026-06-30T06:03:56.767158,2026-06-29T20:03:57.580327+00:00,122.4,25,ask,,,13213005
2026-06-30T06:03:56.976117,2026-06-29T20:03:57.787475+00:00,122.4,3,ask,,,13213013
2026-06-30T06:03:56.980319,2026-06-29T20:03:57.787475+00:00,122.4,25,ask,,,13213014
2026-06-30T06:03:57.813727,2026-06-29T20:03:58.626533+00:00,122.3,200,ask,,,13213031
2026-06-30T06:03:58.020981,2026-06-29T20:03:58.832017+00:00,122.3,2,bid,,,13213037
2026-06-30T06:03:58.225586,2026-06-29T20:03:59.037851+00:00,122.3,2,bid,,,13213044
2026-06-30T06:03:58.431733,2026-06-29T20:03:59.245275+00:00,122.3,2,bid,,,13213046
2026-06-30T06:03:58.638315,2026-06-29T20:03:59.449729+00:00,122.3,2,bid,,,13213050
2026-06-30T06:03:58.798191,2026-06-29T20:03:59.613336+00:00,122.3,25,bid,,,13213056
2026-06-30T06:03:58.848073,2026-06-29T20:03:59.657581+00:00,122.3,25,bid,,,13213059
2026-06-30T06:03:58.852783,2026-06-29T20:03:59.667699+00:00,122.3,2,bid,,,13213060
2026-06-30T06:03:59.009013,2026-06-29T20:03:59.819818+00:00,122.3,9,bid,,,13213066
2026-06-30T06:03:59.057574,2026-06-29T20:03:59.873811+00:00,122.3,2,bid,,,13213068
2026-06-30T06:03:59.263384,2026-06-29T20:04:00.068723+00:00,122.3,2,bid,,,13213072
2026-06-30T06:03:59.496338,2026-06-29T20:04:00.308834+00:00,122.3,1,bid,,,13213075
2026-06-30T06:04:03.073148,2026-06-29T20:04:03.888826+00:00,122.2,200,ask,,,13213145
2026-06-30T06:04:05.696569,2026-06-29T20:04:06.503971+00:00,122.2,200,ask,,,13213206
2026-06-30T06:04:05.696569,2026-06-29T20:04:06.515019+00:00,122.1,425,ask,,,13213207
2026-06-30T06:04:09.432447,2026-06-29T20:04:10.240072+00:00,122.3,25,ask,,,13213277
2026-06-30T06:04:09.520677,2026-06-29T20:04:10.327508+00:00,122.3,25,ask,,,13213279
2026-06-30T06:04:09.644367,2026-06-29T20:04:10.457821+00:00,122.3,25,ask,,,13213283
2026-06-30T06:04:09.731092,2026-06-29T20:04:10.545435+00:00,122.3,25,ask,,,13213286
2026-06-30T06:04:09.824487,2026-06-29T20:04:10.644106+00:00,122.4,1,bid,,,13213290
2026-06-30T06:04:09.853769,2026-06-29T20:04:10.666227+00:00,122.4,25,ask,,,13213291
2026-06-30T06:04:09.941209,2026-06-29T20:04:10.752850+00:00,122.4,25,ask,,,13213293
2026-06-30T06:04:10.150519,2026-06-29T20:04:10.958824+00:00,122.4,16,ask,,,13213298
2026-06-30T06:04:10.361430,2026-06-29T20:04:11.167214+00:00,122.5,20,bid,,,13213303
2026-06-30T06:04:12.242219,2026-06-29T20:04:13.051054+00:00,122.5,200,bid,,,13213332
2026-06-30T06:04:13.462411,2026-06-29T20:04:14.273328+00:00,122.5,200,bid,,,13213351
2026-06-30T06:04:15.880572,2026-06-29T20:04:16.690772+00:00,122.4,200,bid,,,13213380
2026-06-30T06:04:16.188016,2026-06-29T20:04:16.995205+00:00,122.4,300,bid,,,13213384
2026-06-30T06:04:16.436818,2026-06-29T20:04:17.243907+00:00,122.4,325,ask,,,13213387
2026-06-30T06:04:18.295935,2026-06-29T20:04:19.104293+00:00,122.3,200,bid,,,13213427
2026-06-30T06:04:19.522659,2026-06-29T20:04:20.333952+00:00,122.2,12,ask,,,13213446
2026-06-30T06:04:19.522659,2026-06-29T20:04:20.333952+00:00,122.2,8,ask,,,13213447
2026-06-30T06:04:20.126060,2026-06-29T20:04:20.942052+00:00,122.3,200,bid,,,13213456
2026-06-30T06:04:20.126060,2026-06-29T20:04:20.942052+00:00,122.3,425,bid,,,13213457
2026-06-30T06:04:20.283253,2026-06-29T20:04:21.095099+00:00,122.2,12,ask,,,13213464
2026-06-30T06:04:21.436437,2026-06-29T20:04:22.249036+00:00,122.2,500,bid,,,13213481
2026-06-30T06:04:21.859185,2026-06-29T20:04:22.673865+00:00,122.2,125,ask,,,13213489
2026-06-30T06:04:21.859185,2026-06-29T20:04:22.673865+00:00,122.1,200,ask,,,13213490
2026-06-30T06:04:21.859185,2026-06-29T20:04:22.673865+00:00,122.1,8,ask,,,13213491
2026-06-30T06:04:21.938467,2026-06-29T20:04:22.749939+00:00,122.1,167,bid,,,13213492
2026-06-30T06:04:22.495147,2026-06-29T20:04:23.307620+00:00,122.2,33,ask,,,13213509
2026-06-30T06:04:23.148728,2026-06-29T20:04:23.962080+00:00,122.0,200,bid,,,13213521
2026-06-30T06:04:24.312075,2026-06-29T20:04:25.128003+00:00,122.0,500,ask,,,13213540
2026-06-30T06:04:24.907168,2026-06-29T20:04:25.716390+00:00,122.0,125,ask,,,13213553
2026-06-30T06:04:24.907168,2026-06-29T20:04:25.716390+00:00,122.0,200,ask,,,13213554
2026-06-30T06:04:25.566050,2026-06-29T20:04:26.371827+00:00,121.9,200,bid,,,13213568
2026-06-30T06:04:29.191707,2026-06-29T20:04:30.007108+00:00,122.0,200,bid,,,13213622
2026-06-30T06:04:31.914943,2026-06-29T20:04:32.729029+00:00,121.9,200,ask,,,13213676
2026-06-30T06:04:32.813207,2026-06-29T20:04:33.623141+00:00,121.9,200,bid,,,13213687
2026-06-30T06:04:34.534526,2026-06-29T20:04:35.340977+00:00,121.9,200,ask,,,13213727
2026-06-30T06:04:35.122362,2026-06-29T20:04:35.930077+00:00,121.8,7,ask,,,13213729
2026-06-30T06:04:38.474299,2026-06-29T20:04:39.287926+00:00,121.8,1,ask,,,13213792
2026-06-30T06:04:38.535501,2026-06-29T20:04:39.342307+00:00,121.7,20,ask,,,13213798
2026-06-30T06:04:39.785495,2026-06-29T20:04:40.596299+00:00,121.7,200,ask,,,13213818
2026-06-30T06:04:39.785495,2026-06-29T20:04:40.596299+00:00,121.7,425,ask,,,13213819
2026-06-30T06:04:40.077457,2026-06-29T20:04:40.890785+00:00,121.7,200,ask,,,13213829
2026-06-30T06:04:42.494951,2026-06-29T20:04:43.307725+00:00,122.0,200,bid,,,13213869
2026-06-30T06:04:46.186331,2026-06-29T20:04:46.996347+00:00,121.9,20,ask,,,13213940
2026-06-30T06:04:50.284923,2026-06-29T20:04:51.090817+00:00,122.0,200,ask,,,13214000
2026-06-30T06:04:50.813325,2026-06-29T20:04:51.626494+00:00,121.8,20,ask,,,13214026
2026-06-30T06:04:52.916065,2026-06-29T20:04:53.728147+00:00,122.1,2,bid,,,13214070
2026-06-30T06:04:52.916065,2026-06-29T20:04:53.728147+00:00,122.1,200,bid,,,13214071
2026-06-30T06:04:54.232777,2026-06-29T20:04:55.044000+00:00,122.1,200,ask,,,13214098
2026-06-30T06:04:55.824419,2026-06-29T20:04:56.633961+00:00,121.9,200,ask,,,13214130
2026-06-30T06:04:59.447530,2026-06-29T20:05:00.264363+00:00,122.0,200,ask,,,13214210
2026-06-30T06:04:59.477007,2026-06-29T20:05:00.286488+00:00,122.0,300,ask,,,13214212
2026-06-30T06:05:00.009023,2026-06-29T20:05:00.818658+00:00,122.0,325,bid,,,13214221
2026-06-30T06:05:00.655017,2026-06-29T20:05:01.472023+00:00,122.0,200,ask,,,13214233
2026-06-30T06:05:01.392469,2026-06-29T20:05:02.200851+00:00,122.1,20,ask,,,13214244
2026-06-30T06:05:01.868818,2026-06-29T20:05:02.680009+00:00,122.1,200,ask,,,13214254
2026-06-30T06:05:02.092030,2026-06-29T20:05:02.898792+00:00,122.2,6,bid,,,13214256
2026-06-30T06:05:03.082000,2026-06-29T20:05:03.901155+00:00,122.3,200,ask,,,13214276
2026-06-30T06:05:04.235626,2026-06-29T20:05:05.042070+00:00,122.2,8,bid,,,13214302
2026-06-30T06:05:04.290006,2026-06-29T20:05:05.108016+00:00,122.2,200,ask,,,13214308
2026-06-30T06:05:06.706904,2026-06-29T20:05:07.518646+00:00,122.2,200,ask,,,13214351
2026-06-30T06:05:07.878620,2026-06-29T20:05:08.684306+00:00,122.3,5,bid,,,13214375
2026-06-30T06:05:07.878620,2026-06-29T20:05:08.695369+00:00,122.3,495,bid,,,13214376
2026-06-30T06:05:08.478072,2026-06-29T20:05:09.286020+00:00,122.3,130,bid,,,13214384
2026-06-30T06:05:08.478072,2026-06-29T20:05:09.286020+00:00,122.3,5,bid,,,13214385
2026-06-30T06:05:08.639767,2026-06-29T20:05:09.449759+00:00,122.4,200,bid,,,13214387
2026-06-30T06:05:09.117325,2026-06-29T20:05:09.928205+00:00,122.5,5,bid,,,13214396
2026-06-30T06:05:09.955485,2026-06-29T20:05:10.767222+00:00,122.5,195,ask,,,13214417
2026-06-30T06:05:12.577683,2026-06-29T20:05:13.388271+00:00,122.4,4,bid,,,13214462
2026-06-30T06:05:16.410707,2026-06-29T20:05:17.219775+00:00,122.5,1,bid,,,13214538
2026-06-30T06:05:16.514667,2026-06-29T20:05:17.328503+00:00,122.5,199,ask,,,13214541
2026-06-30T06:05:17.618521,2026-06-29T20:05:18.428927+00:00,122.4,200,bid,,,13214554
2026-06-30T06:05:19.130492,2026-06-29T20:05:19.945203+00:00,122.5,200,bid,,,13214578
2026-06-30T06:05:19.191483,2026-06-29T20:05:19.998625+00:00,122.5,20,ask,,,13214579
2026-06-30T06:05:20.039452,2026-06-29T20:05:20.847783+00:00,122.5,200,ask,,,13214595
2026-06-30T06:05:20.120535,2026-06-29T20:05:20.935366+00:00,122.7,20,bid,,,13214596
2026-06-30T06:05:22.466578,2026-06-29T20:05:23.275073+00:00,122.6,1,bid,,,13214629
2026-06-30T06:05:23.676939,2026-06-29T20:05:24.493204+00:00,122.5,200,ask,,,13214647
2026-06-30T06:05:27.308337,2026-06-29T20:05:28.116353+00:00,122.7,2,bid,,,13214712
2026-06-30T06:05:27.308337,2026-06-29T20:05:28.116353+00:00,122.7,198,bid,,,13214713
2026-06-30T06:05:28.516880,2026-06-29T20:05:29.331168+00:00,122.6,200,bid,,,13214731
2026-06-30T06:05:32.846343,2026-06-29T20:05:33.660992+00:00,122.7,20,ask,,,13214792
2026-06-30T06:05:34.573161,2026-06-29T20:05:35.388369+00:00,122.8,200,bid,,,13214812
2026-06-30T06:05:34.875058,2026-06-29T20:05:35.692876+00:00,122.8,28,ask,,,13214814
2026-06-30T06:05:35.150241,2026-06-29T20:05:35.964154+00:00,122.8,500,ask,,,13214816
2026-06-30T06:05:35.741725,2026-06-29T20:05:36.558750+00:00,122.8,97,ask,,,13214820
2026-06-30T06:05:37.561509,2026-06-29T20:05:38.368091+00:00,122.6,200,ask,,,13214852
2026-06-30T06:05:38.033938,2026-06-29T20:05:38.847296+00:00,122.6,20,bid,,,13214859
2026-06-30T06:05:39.411577,2026-06-29T20:05:40.222234+00:00,122.4,4,ask,,,13214895
2026-06-30T06:05:39.411577,2026-06-29T20:05:40.222234+00:00,122.4,196,ask,,,13214896
2026-06-30T06:05:40.617816,2026-06-29T20:05:41.430991+00:00,122.4,200,bid,,,13214921
2026-06-30T06:05:44.033486,2026-06-29T20:05:44.849660+00:00,122.5,500,bid,,,13214977
2026-06-30T06:05:44.435627,2026-06-29T20:05:45.242792+00:00,122.5,20,ask,,,13214984
2026-06-30T06:05:45.348176,2026-06-29T20:05:46.157407+00:00,122.4,1,ask,,,13214998
2026-06-30T06:05:45.348176,2026-06-29T20:05:46.157407+00:00,122.4,200,ask,,,13214999
2026-06-30T06:05:45.485233,2026-06-29T20:05:46.297890+00:00,122.4,200,bid,,,13215004
2026-06-30T06:05:46.699728,2026-06-29T20:05:47.506677+00:00,122.4,200,ask,,,13215031
2026-06-30T06:05:47.968010,2026-06-29T20:05:48.781009+00:00,122.3,2,ask,,,13215060
2026-06-30T06:05:47.968010,2026-06-29T20:05:48.781009+00:00,122.3,200,ask,,,13215061
2026-06-30T06:05:48.318399,2026-06-29T20:05:49.128150+00:00,122.3,20,bid,,,13215066
2026-06-30T06:05:49.111343,2026-06-29T20:05:49.921150+00:00,122.3,200,bid,,,13215078
2026-06-30T06:05:50.139173,2026-06-29T20:05:50.954067+00:00,122.3,20,ask,,,13215086
2026-06-30T06:05:51.541844,2026-06-29T20:05:52.358412+00:00,122.4,200,ask,,,13215120
2026-06-30T06:05:55.848404,2026-06-29T20:05:56.659824+00:00,122.4,500,bid,,,13215199
2026-06-30T06:05:57.158793,2026-06-29T20:05:57.967166+00:00,122.3,1,ask,,,13215218
2026-06-30T06:05:57.158793,2026-06-29T20:05:57.967166+00:00,122.2,200,ask,,,13215219
2026-06-30T06:05:57.348087,2026-06-29T20:05:58.163878+00:00,122.1,8,ask,,,13215223
2026-06-30T06:05:57.576188,2026-06-29T20:05:58.392123+00:00,122.2,200,bid,,,13215225
2026-06-30T06:05:58.469856,2026-06-29T20:05:59.285416+00:00,122.4,200,bid,,,13215242
2026-06-30T06:05:58.785612,2026-06-29T20:05:59.601079+00:00,122.4,200,ask,,,13215255
2026-06-30T06:06:01.352683,2026-06-29T20:06:02.159667+00:00,122.4,20,bid,,,13215295
2026-06-30T06:06:02.454573,2026-06-29T20:06:03.268640+00:00,122.3,200,ask,,,13215323
2026-06-30T06:06:03.664244,2026-06-29T20:06:04.475349+00:00,122.3,200,ask,,,13215348
2026-06-30T06:06:04.335764,2026-06-29T20:06:05.147920+00:00,122.2,6,ask,,,13215360
2026-06-30T06:06:05.021989,2026-06-29T20:06:05.831003+00:00,122.3,200,bid,,,13215367
2026-06-30T06:06:06.086856,2026-06-29T20:06:06.897231+00:00,122.3,200,ask,,,13215384
2026-06-30T06:06:06.333597,2026-06-29T20:06:07.147411+00:00,122.2,6,ask,,,13215391
2026-06-30T06:06:07.055915,2026-06-29T20:06:07.866204+00:00,122.0,20,ask,,,13215402
2026-06-30T06:06:07.292682,2026-06-29T20:06:08.105275+00:00,122.1,200,bid,,,13215408
2026-06-30T06:06:08.085580,2026-06-29T20:06:08.898673+00:00,122.3,20,bid,,,13215432
2026-06-30T06:06:10.260810,2026-06-29T20:06:11.068485+00:00,122.1,500,ask,,,13215470
2026-06-30T06:06:10.274688,2026-06-29T20:06:11.090042+00:00,122.1,200,ask,,,13215471
2026-06-30T06:06:10.922887,2026-06-29T20:06:11.736004+00:00,122.1,200,bid,,,13215484
2026-06-30T06:06:12.132160,2026-06-29T20:06:12.938923+00:00,122.1,200,bid,,,13215499
2026-06-30T06:06:12.584374,2026-06-29T20:06:13.397180+00:00,122.0,3,ask,,,13215508
2026-06-30T06:06:13.340227,2026-06-29T20:06:14.148154+00:00,122.1,200,bid,,,13215524
2026-06-30T06:06:14.550055,2026-06-29T20:06:15.357384+00:00,122.1,200,bid,,,13215542
2026-06-30T06:06:15.109716,2026-06-29T20:06:15.922309+00:00,122.0,1,ask,,,13215543
2026-06-30T06:06:15.504996,2026-06-29T20:06:16.315351+00:00,122.0,499,bid,,,13215548
2026-06-30T06:06:15.702300,2026-06-29T20:06:16.509626+00:00,122.1,126,ask,,,13215552
2026-06-30T06:06:16.312998,2026-06-29T20:06:17.129055+00:00,122.0,200,ask,,,13215566
2026-06-30T06:06:18.137050,2026-06-29T20:06:18.947197+00:00,121.9,1,ask,,,13215591
2026-06-30T06:06:19.395892,2026-06-29T20:06:20.208883+00:00,121.8,2,ask,,,13215620
2026-06-30T06:06:20.756716,2026-06-29T20:06:21.569742+00:00,121.8,200,bid,,,13215640
2026-06-30T06:06:21.809207,2026-06-29T20:06:22.616409+00:00,121.8,200,ask,,,13215662
2026-06-30T06:06:22.068049,2026-06-29T20:06:22.876143+00:00,121.9,2,ask,,,13215668
2026-06-30T06:06:22.232809,2026-06-29T20:06:23.049872+00:00,121.6,20,ask,,,13215674
2026-06-30T06:06:23.022831,2026-06-29T20:06:23.832178+00:00,121.7,200,bid,,,13215684
2026-06-30T06:06:24.232717,2026-06-29T20:06:25.049983+00:00,121.6,1,ask,,,13215699
2026-06-30T06:06:25.442885,2026-06-29T20:06:26.257093+00:00,121.5,200,ask,,,13215730
2026-06-30T06:06:27.364786,2026-06-29T20:06:28.173110+00:00,121.4,200,ask,,,13215763
2026-06-30T06:06:27.364786,2026-06-29T20:06:28.173110+00:00,121.4,1,ask,,,13215764
2026-06-30T06:06:29.834359,2026-06-29T20:06:30.646180+00:00,121.5,20,bid,,,13215810
2026-06-30T06:06:30.274189,2026-06-29T20:06:31.090990+00:00,121.4,200,ask,,,13215814
2026-06-30T06:06:31.299438,2026-06-29T20:06:32.116282+00:00,121.5,1,ask,,,13215831
2026-06-30T06:06:37.161583,2026-06-29T20:06:37.968898+00:00,121.5,20,ask,,,13215919
2026-06-30T06:06:37.859005,2026-06-29T20:06:38.667606+00:00,121.5,200,ask,,,13215932
2026-06-30T06:06:38.758749,2026-06-29T20:06:39.572935+00:00,121.4,1,ask,,,13215947
2026-06-30T06:06:38.767074,2026-06-29T20:06:39.583988+00:00,121.4,25,bid,,,13215949
2026-06-30T06:06:38.898835,2026-06-29T20:06:39.714449+00:00,121.4,25,bid,,,13215951
2026-06-30T06:06:38.976221,2026-06-29T20:06:39.790033+00:00,121.4,25,bid,,,13215953
2026-06-30T06:06:39.108328,2026-06-29T20:06:39.918202+00:00,121.4,25,bid,,,13215956
2026-06-30T06:06:39.167434,2026-06-29T20:06:39.984158+00:00,121.4,99,bid,,,13215960
2026-06-30T06:06:39.969901,2026-06-29T20:06:40.777577+00:00,121.6,200,ask,,,13215990
2026-06-30T06:06:40.533178,2026-06-29T20:06:41.348213+00:00,121.7,25,bid,,,13216013
2026-06-30T06:06:40.588762,2026-06-29T20:06:41.402968+00:00,121.7,25,bid,,,13216015
2026-06-30T06:06:40.743520,2026-06-29T20:06:41.555429+00:00,121.7,25,bid,,,13216017
2026-06-30T06:06:40.798456,2026-06-29T20:06:41.608813+00:00,121.7,25,bid,,,13216019
2026-06-30T06:06:40.952578,2026-06-29T20:06:41.760819+00:00,121.7,25,bid,,,13216022
2026-06-30T06:06:41.008873,2026-06-29T20:06:41.816159+00:00,121.7,22,bid,,,13216024
2026-06-30T06:06:42.609656,2026-06-29T20:06:43.417615+00:00,121.5,20,ask,,,13216048
2026-06-30T06:06:47.015751,2026-06-29T20:06:47.823041+00:00,121.6,500,bid,,,13216123
2026-06-30T06:06:47.169141,2026-06-29T20:06:47.976018+00:00,121.6,125,ask,,,13216126
2026-06-30T06:06:48.324428,2026-06-29T20:06:49.138917+00:00,121.4,1,ask,,,13216139
2026-06-30T06:06:48.324428,2026-06-29T20:06:49.138917+00:00,121.4,200,ask,,,13216140
2026-06-30T06:06:50.211525,2026-06-29T20:06:51.026444+00:00,121.3,1,ask,,,13216189
2026-06-30T06:06:50.211525,2026-06-29T20:06:51.026444+00:00,121.3,200,ask,,,13216190
2026-06-30T06:06:50.815034,2026-06-29T20:06:51.626533+00:00,121.2,500,ask,,,13216208
2026-06-30T06:06:52.070850,2026-06-29T20:06:52.877335+00:00,121.2,200,bid,,,13216228
2026-06-30T06:06:52.632457,2026-06-29T20:06:53.454139+00:00,121.2,20,bid,,,13216237
2026-06-30T06:06:53.050673,2026-06-29T20:06:53.857386+00:00,121.0,20,ask,,,13216249
2026-06-30T06:06:55.066399,2026-06-29T20:06:55.878666+00:00,121.2,1,ask,,,13216286
2026-06-30T06:06:55.666926,2026-06-29T20:06:56.477171+00:00,121.1,200,ask,,,13216295
2026-06-30T06:06:55.666926,2026-06-29T20:06:56.477171+00:00,121.1,300,ask,,,13216296
2026-06-30T06:06:56.606053,2026-06-29T20:06:57.416011+00:00,121.1,20,bid,,,13216312
2026-06-30T06:06:58.804133,2026-06-29T20:06:59.618157+00:00,121.0,1,ask,,,13216354
2026-06-30T06:06:58.804133,2026-06-29T20:06:59.618157+00:00,121.0,200,ask,,,13216355
2026-06-30T06:07:00.112305,2026-06-29T20:07:00.924121+00:00,120.9,200,bid,,,13216379
2026-06-30T06:07:00.546766,2026-06-29T20:07:01.359645+00:00,121.0,1,ask,,,13216393
2026-06-30T06:07:02.205606,2026-06-29T20:07:03.015120+00:00,120.9,25,bid,,,13216428
2026-06-30T06:07:02.258904,2026-06-29T20:07:03.069052+00:00,120.9,25,bid,,,13216430
2026-06-30T06:07:02.416554,2026-06-29T20:07:03.234170+00:00,120.9,25,bid,,,13216436
2026-06-30T06:07:02.471260,2026-06-29T20:07:03.277516+00:00,120.9,25,bid,,,13216438
2026-06-30T06:07:02.626165,2026-06-29T20:07:03.440159+00:00,120.9,25,bid,,,13216440
2026-06-30T06:07:02.680942,2026-06-29T20:07:03.495502+00:00,120.9,25,bid,,,13216443
2026-06-30T06:07:02.732715,2026-06-29T20:07:03.549911+00:00,120.9,200,bid,,,13216444
2026-06-30T06:07:02.967551,2026-06-29T20:07:03.779077+00:00,120.9,200,ask,,,13216448
2026-06-30T06:07:04.541336,2026-06-29T20:07:05.353275+00:00,120.9,20,bid,,,13216480
2026-06-30T06:07:05.383054,2026-06-29T20:07:06.200109+00:00,120.8,200,ask,,,13216505
2026-06-30T06:07:06.609708,2026-06-29T20:07:07.420788+00:00,120.8,200,bid,,,13216517
2026-06-30T06:07:07.820464,2026-06-29T20:07:08.640089+00:00,120.9,200,bid,,,13216548
2026-06-30T06:07:09.037265,2026-06-29T20:07:09.848456+00:00,120.8,200,ask,,,13216564
2026-06-30T06:07:12.144261,2026-06-29T20:07:12.959769+00:00,120.8,20,ask,,,13216620
2026-06-30T06:07:15.879529,2026-06-29T20:07:16.693911+00:00,120.9,200,ask,,,13216685
2026-06-30T06:07:22.438110,2026-06-29T20:07:23.251060+00:00,121.1,200,ask,,,13216782
2026-06-30T06:07:23.624809,2026-06-29T20:07:24.432957+00:00,121.0,20,bid,,,13216800
2026-06-30T06:07:24.785105,2026-06-29T20:07:25.596903+00:00,121.0,200,ask,,,13216814
2026-06-30T06:07:25.017409,2026-06-29T20:07:25.825360+00:00,121.0,20,ask,,,13216818
2026-06-30T06:07:26.371664,2026-06-29T20:07:27.179000+00:00,121.1,500,bid,,,13216834
2026-06-30T06:07:26.371664,2026-06-29T20:07:27.190083+00:00,121.1,125,bid,,,13216835
2026-06-30T06:07:27.206568,2026-06-29T20:07:28.017065+00:00,121.1,200,bid,,,13216844
2026-06-30T06:07:27.612952,2026-06-29T20:07:28.430323+00:00,121.1,20,bid,,,13216853
2026-06-30T06:07:28.423759,2026-06-29T20:07:29.234973+00:00,121.0,200,bid,,,13216876
2026-06-30T06:07:32.085399,2026-06-29T20:07:32.897410+00:00,121.0,25,ask,,,13216950
2026-06-30T06:07:32.138823,2026-06-29T20:07:32.951818+00:00,121.0,25,ask,,,13216952
2026-06-30T06:07:32.294411,2026-06-29T20:07:33.105406+00:00,121.0,25,ask,,,13216957
2026-06-30T06:07:32.348824,2026-06-29T20:07:33.159817+00:00,121.0,25,ask,,,13216959
2026-06-30T06:07:32.504717,2026-06-29T20:07:33.313426+00:00,121.0,25,ask,,,13216964
2026-06-30T06:07:32.719991,2026-06-29T20:07:33.531902+00:00,121.2,2,bid,,,13216975
2026-06-30T06:07:32.924652,2026-06-29T20:07:33.738237+00:00,121.2,2,bid,,,13216982
2026-06-30T06:07:33.128933,2026-06-29T20:07:33.945341+00:00,121.1,2,bid,,,13216985
2026-06-30T06:07:33.333474,2026-06-29T20:07:34.141752+00:00,121.1,2,bid,,,13216987
2026-06-30T06:07:33.538094,2026-06-29T20:07:34.347608+00:00,121.1,2,bid,,,13216988
2026-06-30T06:07:33.744072,2026-06-29T20:07:34.554947+00:00,121.1,2,bid,,,13216990
2026-06-30T06:07:33.947533,2026-06-29T20:07:34.760959+00:00,121.1,2,bid,,,13216997
2026-06-30T06:07:34.152252,2026-06-29T20:07:34.967418+00:00,121.1,2,bid,,,13217002
2026-06-30T06:07:35.557782,2026-06-29T20:07:36.372981+00:00,121.0,200,ask,,,13217035
2026-06-30T06:07:35.631498,2026-06-29T20:07:36.438455+00:00,120.8,1,ask,,,13217037
2026-06-30T06:07:35.631498,2026-06-29T20:07:36.449033+00:00,120.8,19,ask,,,13217038
2026-06-30T06:07:36.899603,2026-06-29T20:07:37.709091+00:00,121.0,200,ask,,,13217056
2026-06-30T06:07:39.325703,2026-06-29T20:07:40.138137+00:00,121.0,200,bid,,,13217105
2026-06-30T06:07:40.778952,2026-06-29T20:07:41.585451+00:00,121.1,20,bid,,,13217124
2026-06-30T06:07:43.375308,2026-06-29T20:07:44.186445+00:00,120.9,25,ask,,,13217172
2026-06-30T06:07:43.379010,2026-06-29T20:07:44.186445+00:00,120.9,25,ask,,,13217173
2026-06-30T06:07:43.589011,2026-06-29T20:07:44.405387+00:00,121.0,25,ask,,,13217178
2026-06-30T06:07:43.592855,2026-06-29T20:07:44.405387+00:00,121.0,25,ask,,,13217179
2026-06-30T06:07:43.800546,2026-06-29T20:07:44.610774+00:00,121.0,25,ask,,,13217183
2026-06-30T06:07:43.804685,2026-06-29T20:07:44.621842+00:00,121.0,25,ask,,,13217184
2026-06-30T06:07:44.013329,2026-06-29T20:07:44.828259+00:00,121.0,25,ask,,,13217187
2026-06-30T06:07:44.016955,2026-06-29T20:07:44.828259+00:00,121.0,25,ask,,,13217188
2026-06-30T06:07:44.224034,2026-06-29T20:07:45.035260+00:00,121.0,25,ask,,,13217194
2026-06-30T06:07:44.227377,2026-06-29T20:07:45.035260+00:00,121.0,9,ask,,,13217195
2026-06-30T06:07:44.237119,2026-06-29T20:07:45.046324+00:00,121.1,2,bid,,,13217197
2026-06-30T06:07:44.441459,2026-06-29T20:07:45.253240+00:00,121.1,2,bid,,,13217202
2026-06-30T06:07:44.638346,2026-06-29T20:07:45.448113+00:00,121.1,2,bid,,,13217208
2026-06-30T06:07:44.646213,2026-06-29T20:07:45.458691+00:00,121.1,2,bid,,,13217209
2026-06-30T06:07:44.745678,2026-06-29T20:07:45.557807+00:00,121.1,198,bid,,,13217213
2026-06-30T06:07:44.843125,2026-06-29T20:07:45.656280+00:00,121.3,2,bid,,,13217215
2026-06-30T06:07:44.851188,2026-06-29T20:07:45.667336+00:00,121.3,2,bid,,,13217217
2026-06-30T06:07:45.047605,2026-06-29T20:07:45.862861+00:00,121.3,2,bid,,,13217220
2026-06-30T06:07:45.055505,2026-06-29T20:07:45.862861+00:00,121.3,2,bid,,,13217221
2026-06-30T06:07:45.254227,2026-06-29T20:07:46.068264+00:00,121.3,2,bid,,,13217224
2026-06-30T06:07:45.261082,2026-06-29T20:07:46.068264+00:00,121.3,2,bid,,,13217225
2026-06-30T06:07:45.360330,2026-06-29T20:07:46.166853+00:00,121.1,200,ask,,,13217230
2026-06-30T06:07:45.459780,2026-06-29T20:07:46.276558+00:00,121.3,1,bid,,,13217232
2026-06-30T06:07:45.465535,2026-06-29T20:07:46.276558+00:00,121.3,2,bid,,,13217233
2026-06-30T06:07:45.670118,2026-06-29T20:07:46.483990+00:00,121.3,2,bid,,,13217241
2026-06-30T06:07:47.770913,2026-06-29T20:07:48.581884+00:00,121.1,200,bid,,,13217273
2026-06-30T06:07:48.410585,2026-06-29T20:07:49.223928+00:00,120.9,20,ask,,,13217285
2026-06-30T06:07:49.682552,2026-06-29T20:07:50.498194+00:00,120.9,25,ask,,,13217325
2026-06-30T06:07:49.873672,2026-06-29T20:07:50.683906+00:00,120.9,25,ask,,,13217332
2026-06-30T06:07:49.891558,2026-06-29T20:07:50.706031+00:00,120.9,7,ask,,,13217334
2026-06-30T06:07:51.309302,2026-06-29T20:07:52.122220+00:00,120.9,200,ask,,,13217355
2026-06-30T06:07:52.604058,2026-06-29T20:07:53.419826+00:00,120.8,2,ask,,,13217377
2026-06-30T06:07:52.604058,2026-06-29T20:07:53.419826+00:00,120.8,198,ask,,,13217378
2026-06-30T06:07:56.260280,2026-06-29T20:07:57.070042+00:00,120.9,200,ask,,,13217461
2026-06-30T06:07:58.098260,2026-06-29T20:07:58.909979+00:00,120.9,2,ask,,,13217495
2026-06-30T06:07:58.308350,2026-06-29T20:07:59.117369+00:00,120.9,2,ask,,,13217500
2026-06-30T06:07:58.719207,2026-06-29T20:07:59.530746+00:00,120.9,2,ask,,,13217507
2026-06-30T06:07:58.929513,2026-06-29T20:07:59.737650+00:00,120.9,2,ask,,,13217514
2026-06-30T06:08:00.071757,2026-06-29T20:08:00.882087+00:00,120.9,20,bid,,,13217540
2026-06-30T06:08:01.064475,2026-06-29T20:08:01.871760+00:00,120.9,180,bid,,,13217559
2026-06-30T06:08:01.064475,2026-06-29T20:08:01.882823+00:00,120.9,320,bid,,,13217560
2026-06-30T06:08:01.666765,2026-06-29T20:08:02.481855+00:00,120.9,305,bid,,,13217579
2026-06-30T06:08:01.666765,2026-06-29T20:08:02.481855+00:00,120.9,195,bid,,,13217580
2026-06-30T06:08:01.801551,2026-06-29T20:08:02.611239+00:00,120.9,5,bid,,,13217585
2026-06-30T06:08:03.492547,2026-06-29T20:08:04.301792+00:00,121.0,20,ask,,,13217616
2026-06-30T06:08:04.416146,2026-06-29T20:08:05.226291+00:00,121.1,200,bid,,,13217625
2026-06-30T06:08:04.416146,2026-06-29T20:08:05.226291+00:00,121.2,1,bid,,,13217626
2026-06-30T06:08:04.729953,2026-06-29T20:08:05.540952+00:00,121.2,200,ask,,,13217632
2026-06-30T06:08:05.551636,2026-06-29T20:08:06.367760+00:00,121.2,2,ask,,,13217647
2026-06-30T06:08:05.935452,2026-06-29T20:08:06.748277+00:00,121.1,200,bid,,,13217658
2026-06-30T06:08:06.374329,2026-06-29T20:08:07.184949+00:00,121.1,20,bid,,,13217672
2026-06-30T06:08:08.567478,2026-06-29T20:08:09.373896+00:00,121.0,2,ask,,,13217709
2026-06-30T06:08:09.244442,2026-06-29T20:08:10.057753+00:00,121.0,20,ask,,,13217724
2026-06-30T06:08:09.567487,2026-06-29T20:08:10.384429+00:00,121.0,200,ask,,,13217730
2026-06-30T06:08:11.989908,2026-06-29T20:08:12.797424+00:00,121.0,200,bid,,,13217772
2026-06-30T06:08:12.327918,2026-06-29T20:08:13.134360+00:00,121.2,20,bid,,,13217776
2026-06-30T06:08:13.185495,2026-06-29T20:08:13.992193+00:00,121.0,3,ask,,,13217802
2026-06-30T06:08:13.200867,2026-06-29T20:08:14.014319+00:00,121.0,200,ask,,,13217805
2026-06-30T06:08:15.668390,2026-06-29T20:08:16.764275+00:00,121.1,20,bid,,,13217846
2026-06-30T06:08:16.826271,2026-06-29T20:08:17.634139+00:00,121.1,200,ask,,,13217868
2026-06-30T06:08:18.952416,2026-06-29T20:08:19.767640+00:00,121.0,20,ask,,,13217917
2026-06-30T06:08:25.427390,2026-06-29T20:08:26.249034+00:00,121.2,200,bid,,,13218024
2026-06-30T06:08:26.517855,2026-06-29T20:08:27.328198+00:00,121.2,200,ask,,,13218036
2026-06-30T06:08:30.154170,2026-06-29T20:08:32.618546+00:00,120.9,14,ask,,,13218079
2026-06-30T06:08:33.805656,2026-06-29T20:08:34.647354+00:00,121.0,200,bid,,,13218141
2026-06-30T06:08:35.014071,2026-06-29T20:08:35.850779+00:00,121.0,200,bid,,,13218162
2026-06-30T06:08:37.232951,2026-06-29T20:08:38.047203+00:00,121.1,8,bid,,,13218197
2026-06-30T06:08:37.232951,2026-06-29T20:08:38.047203+00:00,121.1,12,bid,,,13218198
2026-06-30T06:08:37.249222,2026-06-29T20:08:38.078984+00:00,121.0,200,ask,,,13218203
2026-06-30T06:08:38.640547,2026-06-29T20:08:39.462841+00:00,121.0,200,ask,,,13218233
2026-06-30T06:08:40.076196,2026-06-29T20:08:40.887452+00:00,120.9,20,ask,,,13218254
2026-06-30T06:08:42.046195,2026-06-29T20:08:42.857787+00:00,121.1,9,bid,,,13218285
2026-06-30T06:08:42.046195,2026-06-29T20:08:42.857787+00:00,121.1,11,bid,,,13218286
2026-06-30T06:08:47.732069,2026-06-29T20:08:48.549688+00:00,121.0,200,bid,,,13218391
2026-06-30T06:08:48.684881,2026-06-29T20:08:49.497845+00:00,121.0,20,ask,,,13218414
2026-06-30T06:08:49.042327,2026-06-29T20:08:49.857615+00:00,121.0,500,ask,,,13218419
2026-06-30T06:08:49.490283,2026-06-29T20:08:50.303190+00:00,121.0,125,bid,,,13218425
2026-06-30T06:08:49.534785,2026-06-29T20:08:50.347444+00:00,121.2,1,bid,,,13218429
2026-06-30T06:08:50.052344,2026-06-29T20:08:50.868475+00:00,121.2,20,ask,,,13218442
2026-06-30T06:08:51.661750,2026-06-29T20:08:52.478437+00:00,121.4,200,bid,,,13218469
2026-06-30T06:08:51.661750,2026-06-29T20:08:52.478437+00:00,121.4,1,bid,,,13218470
2026-06-30T06:08:58.017351,2026-06-29T20:08:58.829995+00:00,121.4,200,bid,,,13218597
2026-06-30T06:08:59.243452,2026-06-29T20:09:00.059772+00:00,121.4,200,bid,,,13218624
2026-06-30T06:09:00.851034,2026-06-29T20:09:01.662872+00:00,121.5,200,bid,,,13218653
2026-06-30T06:09:02.165068,2026-06-29T20:09:02.978998+00:00,121.5,200,ask,,,13218690
2026-06-30T06:09:04.079547,2026-06-29T20:09:04.893005+00:00,121.5,200,ask,,,13218722
2026-06-30T06:09:05.288245,2026-06-29T20:09:06.102819+00:00,121.4,200,ask,,,13218743
2026-06-30T06:09:06.496266,2026-06-29T20:09:07.307500+00:00,121.3,200,ask,,,13218759
2026-06-30T06:09:07.403266,2026-06-29T20:09:08.218233+00:00,121.3,500,ask,,,13218773
2026-06-30T06:09:07.649354,2026-06-29T20:09:08.457359+00:00,121.3,125,bid,,,13218779
2026-06-30T06:09:07.704349,2026-06-29T20:09:08.522823+00:00,121.4,200,ask,,,13218781
2026-06-30T06:09:08.259556,2026-06-29T20:09:09.076581+00:00,121.5,3,bid,,,13218790
2026-06-30T06:09:08.915624,2026-06-29T20:09:10.028011+00:00,121.5,200,ask,,,13218810
2026-06-30T06:09:10.063629,2026-06-29T20:09:10.876066+00:00,121.6,2,bid,,,13218840
2026-06-30T06:09:10.063629,2026-06-29T20:09:10.876066+00:00,121.6,498,bid,,,13218841
2026-06-30T06:09:10.076730,2026-06-29T20:09:10.887130+00:00,121.6,25,bid,,,13218843
2026-06-30T06:09:10.103891,2026-06-29T20:09:10.918898+00:00,121.6,25,bid,,,13218846
2026-06-30T06:09:10.285352,2026-06-29T20:09:11.095033+00:00,121.6,25,bid,,,13218851
2026-06-30T06:09:10.312847,2026-06-29T20:09:11.127783+00:00,121.6,25,bid,,,13218853
2026-06-30T06:09:11.341612,2026-06-29T20:09:12.160180+00:00,121.6,1,bid,,,13218871
2026-06-30T06:09:11.341612,2026-06-29T20:09:12.160180+00:00,121.6,200,bid,,,13218872
2026-06-30T06:09:12.660782,2026-06-29T20:09:13.477912+00:00,121.8,200,bid,,,13218894
2026-06-30T06:09:15.101760,2026-06-29T20:09:15.918275+00:00,121.9,25,bid,,,13218936
2026-06-30T06:09:15.128781,2026-06-29T20:09:15.939935+00:00,121.9,25,bid,,,13218939
2026-06-30T06:09:15.310745,2026-06-29T20:09:16.125226+00:00,121.9,25,bid,,,13218943
2026-06-30T06:09:15.337675,2026-06-29T20:09:16.147352+00:00,121.9,25,bid,,,13218946
2026-06-30T06:09:15.534948,2026-06-29T20:09:16.352828+00:00,121.9,25,bid,,,13218950
2026-06-30T06:09:15.538990,2026-06-29T20:09:16.352828+00:00,121.7,2,ask,,,13218951
2026-06-30T06:09:15.744976,2026-06-29T20:09:16.558726+00:00,121.7,2,ask,,,13218954
2026-06-30T06:09:15.950325,2026-06-29T20:09:16.766555+00:00,121.7,2,ask,,,13218960
2026-06-30T06:09:16.159852,2026-06-29T20:09:16.973990+00:00,121.7,2,ask,,,13218971
2026-06-30T06:09:16.179398,2026-06-29T20:09:16.996109+00:00,121.8,1,bid,,,13218974
2026-06-30T06:09:16.179398,2026-06-29T20:09:16.996109+00:00,121.9,199,bid,,,13218975
2026-06-30T06:09:16.365197,2026-06-29T20:09:17.179877+00:00,121.7,2,ask,,,13218979
2026-06-30T06:09:16.569984,2026-06-29T20:09:17.387221+00:00,121.7,2,ask,,,13218980
2026-06-30T06:09:16.595667,2026-06-29T20:09:17.408400+00:00,121.8,1,bid,,,13218981
2026-06-30T06:09:16.775461,2026-06-29T20:09:17.583194+00:00,122.0,2,ask,,,13218985
2026-06-30T06:09:16.980165,2026-06-29T20:09:17.789082+00:00,122.0,2,ask,,,13218989
2026-06-30T06:09:17.145051,2026-06-29T20:09:17.953170+00:00,122.0,1,ask,,,13218996
2026-06-30T06:09:19.220880,2026-06-29T20:09:20.030718+00:00,121.8,200,ask,,,13219035
2026-06-30T06:09:19.220880,2026-06-29T20:09:20.030718+00:00,121.7,425,ask,,,13219036
2026-06-30T06:09:20.527837,2026-06-29T20:09:21.339067+00:00,121.8,200,bid,,,13219064
2026-06-30T06:09:21.019311,2026-06-29T20:09:21.828030+00:00,121.9,6,bid,,,13219070
2026-06-30T06:09:21.019311,2026-06-29T20:09:21.828030+00:00,122.0,194,bid,,,13219071
2026-06-30T06:09:21.835813,2026-06-29T20:09:22.644903+00:00,121.9,9,bid,,,13219085
2026-06-30T06:09:21.962539,2026-06-29T20:09:22.776191+00:00,121.9,5,ask,,,13219086
2026-06-30T06:09:22.264189,2026-06-29T20:09:23.082872+00:00,121.9,25,ask,,,13219099
2026-06-30T06:09:24.458267,2026-06-29T20:09:25.269766+00:00,122.0,8,bid,,,13219149
2026-06-30T06:09:24.458267,2026-06-29T20:09:25.269766+00:00,122.0,200,bid,,,13219150
2026-06-30T06:09:24.484833,2026-06-29T20:09:25.302957+00:00,122.0,25,ask,,,13219151
2026-06-30T06:09:24.560978,2026-06-29T20:09:25.368423+00:00,122.2,2,bid,,,13219156
2026-06-30T06:09:24.766849,2026-06-29T20:09:25.577266+00:00,122.1,2,bid,,,13219164
2026-06-30T06:09:24.972787,2026-06-29T20:09:25.783206+00:00,122.1,2,bid,,,13219165
2026-06-30T06:09:25.178728,2026-06-29T20:09:25.989090+00:00,122.0,25,ask,,,13219166
2026-06-30T06:09:25.182297,2026-06-29T20:09:26.000172+00:00,122.0,7,ask,,,13219167
2026-06-30T06:09:25.188590,2026-06-29T20:09:26.000172+00:00,122.1,2,bid,,,13219169
2026-06-30T06:09:25.191050,2026-06-29T20:09:26.000172+00:00,122.1,2,bid,,,13219170
2026-06-30T06:09:25.393178,2026-06-29T20:09:26.206527+00:00,122.0,25,ask,,,13219173
2026-06-30T06:09:25.396878,2026-06-29T20:09:26.206527+00:00,122.0,7,ask,,,13219174
2026-06-30T06:09:25.406096,2026-06-29T20:09:26.217593+00:00,122.1,2,bid,,,13219176
2026-06-30T06:09:25.408719,2026-06-29T20:09:26.217593+00:00,122.1,2,bid,,,13219177
2026-06-30T06:09:25.610941,2026-06-29T20:09:26.423998+00:00,122.1,2,bid,,,13219178
2026-06-30T06:09:25.614841,2026-06-29T20:09:26.423998+00:00,122.1,2,bid,,,13219179
2026-06-30T06:09:25.819635,2026-06-29T20:09:26.640046+00:00,122.0,2,bid,,,13219192
2026-06-30T06:09:25.828990,2026-06-29T20:09:26.651110+00:00,122.0,2,bid,,,13219193
2026-06-30T06:09:26.024646,2026-06-29T20:09:26.837287+00:00,122.0,2,bid,,,13219196
2026-06-30T06:09:26.042248,2026-06-29T20:09:26.857985+00:00,122.0,2,bid,,,13219197
2026-06-30T06:09:26.230163,2026-06-29T20:09:27.043242+00:00,122.0,2,bid,,,13219199
2026-06-30T06:09:26.248704,2026-06-29T20:09:27.065369+00:00,122.0,2,bid,,,13219200
2026-06-30T06:09:26.442002,2026-06-29T20:09:27.249638+00:00,122.0,2,bid,,,13219201
2026-06-30T06:09:26.460402,2026-06-29T20:09:27.271765+00:00,122.0,2,bid,,,13219203
2026-06-30T06:09:26.648718,2026-06-29T20:09:27.457466+00:00,122.0,2,bid,,,13219209
2026-06-30T06:09:26.853811,2026-06-29T20:09:27.665347+00:00,122.0,2,bid,,,13219214
2026-06-30T06:09:27.064904,2026-06-29T20:09:27.882882+00:00,122.0,200,bid,,,13219222
2026-06-30T06:09:27.067469,2026-06-29T20:09:27.882882+00:00,122.0,2,bid,,,13219223
2026-06-30T06:09:27.272146,2026-06-29T20:09:28.088258+00:00,121.9,2,bid,,,13219226
2026-06-30T06:09:27.479322,2026-06-29T20:09:28.295636+00:00,121.9,2,bid,,,13219229
2026-06-30T06:09:27.687544,2026-06-29T20:09:28.502059+00:00,121.9,2,bid,,,13219237
2026-06-30T06:09:28.288750,2026-06-29T20:09:29.103151+00:00,121.9,200,bid,,,13219250
2026-06-30T06:09:29.700909,2026-06-29T20:09:30.508342+00:00,122.1,6,bid,,,13219289
2026-06-30T06:09:29.700909,2026-06-29T20:09:30.518914+00:00,122.1,200,bid,,,13219290
2026-06-30T06:09:29.747145,2026-06-29T20:09:30.562237+00:00,122.1,25,ask,,,13219291
2026-06-30T06:09:29.870995,2026-06-29T20:09:30.682891+00:00,122.1,3,ask,,,13219295
2026-06-30T06:09:29.960529,2026-06-29T20:09:30.771190+00:00,122.1,16,ask,,,13219298
2026-06-30T06:09:30.079496,2026-06-29T20:09:30.891810+00:00,122.1,25,ask,,,13219302
2026-06-30T06:09:30.298836,2026-06-29T20:09:31.108619+00:00,122.1,8,ask,,,13219312
2026-06-30T06:09:30.511310,2026-06-29T20:09:31.328080+00:00,122.1,25,ask,,,13219319
2026-06-30T06:09:30.716314,2026-06-29T20:09:31.524324+00:00,122.1,200,ask,,,13219329
2026-06-30T06:09:30.725519,2026-06-29T20:09:31.535379+00:00,122.1,25,ask,,,13219331
2026-06-30T06:09:30.992338,2026-06-29T20:09:31.807862+00:00,122.2,2,bid,,,13219336
2026-06-30T06:09:31.143012,2026-06-29T20:09:31.958807+00:00,122.1,25,bid,,,13219339
2026-06-30T06:09:31.207432,2026-06-29T20:09:32.025213+00:00,122.1,25,bid,,,13219342
2026-06-30T06:09:31.211844,2026-06-29T20:09:32.025213+00:00,122.1,2,bid,,,13219343
2026-06-30T06:09:31.351465,2026-06-29T20:09:32.167127+00:00,122.1,25,bid,,,13219350
2026-06-30T06:09:31.421539,2026-06-29T20:09:32.232108+00:00,122.1,25,bid,,,13219352
2026-06-30T06:09:31.425844,2026-06-29T20:09:32.243190+00:00,122.1,2,bid,,,13219353
2026-06-30T06:09:31.560575,2026-06-29T20:09:32.374040+00:00,122.1,25,bid,,,13219359
2026-06-30T06:09:31.637595,2026-06-29T20:09:32.449077+00:00,122.1,25,bid,,,13219361
2026-06-30T06:09:31.641498,2026-06-29T20:09:32.449077+00:00,122.1,1,bid,,,13219362
2026-06-30T06:09:32.324221,2026-06-29T20:09:33.135266+00:00,122.1,200,bid,,,13219375
2026-06-30T06:09:32.664540,2026-06-29T20:09:33.473218+00:00,122.2,4,bid,,,13219381
2026-06-30T06:09:32.943855,2026-06-29T20:09:33.756979+00:00,122.1,20,ask,,,13219384
2026-06-30T06:09:35.426663,2026-06-29T20:09:36.237561+00:00,122.0,20,ask,,,13219428
2026-06-30T06:09:37.966687,2026-06-29T20:09:38.774139+00:00,122.1,200,ask,,,13219477
2026-06-30T06:09:40.377817,2026-06-29T20:09:41.193371+00:00,122.2,200,bid,,,13219519
2026-06-30T06:09:41.663851,2026-06-29T20:09:42.477813+00:00,122.0,25,ask,,,13219545
2026-06-30T06:09:41.786029,2026-06-29T20:09:42.597597+00:00,122.0,25,ask,,,13219547
2026-06-30T06:09:41.873091,2026-06-29T20:09:42.685167+00:00,122.0,25,ask,,,13219549
2026-06-30T06:09:41.995934,2026-06-29T20:09:42.804050+00:00,122.0,25,ask,,,13219553
2026-06-30T06:09:45.219943,2026-06-29T20:09:46.028775+00:00,122.3,2,bid,,,13219621
2026-06-30T06:09:45.219943,2026-06-29T20:09:46.028775+00:00,122.3,198,bid,,,13219622
2026-06-30T06:09:45.492436,2026-06-29T20:09:46.302107+00:00,122.2,25,ask,,,13219630
2026-06-30T06:09:45.615029,2026-06-29T20:09:46.432957+00:00,122.2,25,ask,,,13219640
2026-06-30T06:09:45.704868,2026-06-29T20:09:46.518557+00:00,122.2,7,ask,,,13219642
2026-06-30T06:09:46.428405,2026-06-29T20:09:47.237422+00:00,122.3,3,bid,,,13219653
2026-06-30T06:09:46.626024,2026-06-29T20:09:47.443304+00:00,122.3,3,ask,,,13219657
2026-06-30T06:09:48.061447,2026-06-29T20:09:48.879679+00:00,122.4,500,bid,,,13219696
2026-06-30T06:09:48.061447,2026-06-29T20:09:48.879679+00:00,122.4,125,bid,,,13219697
2026-06-30T06:09:50.065932,2026-06-29T20:09:50.880157+00:00,122.3,200,bid,,,13219721
2026-06-30T06:09:51.279646,2026-06-29T20:09:52.092015+00:00,122.3,200,bid,,,13219752
2026-06-30T06:09:53.707963,2026-06-29T20:09:54.523945+00:00,122.2,200,bid,,,13219806
2026-06-30T06:09:54.449825,2026-06-29T20:09:55.262245+00:00,122.0,8,ask,,,13219818
2026-06-30T06:09:58.567160,2026-06-29T20:09:59.383340+00:00,122.3,200,ask,,,13219885
2026-06-30T06:09:59.667616,2026-06-29T20:10:00.477484+00:00,122.3,20,ask,,,13219903
2026-06-30T06:09:59.775405,2026-06-29T20:10:00.587262+00:00,122.3,200,ask,,,13219907
2026-06-30T06:10:00.663579,2026-06-29T20:10:01.478937+00:00,122.4,5,bid,,,13219925
2026-06-30T06:10:00.663579,2026-06-29T20:10:01.478937+00:00,122.4,15,bid,,,13219926
2026-06-30T06:10:02.202862,2026-06-29T20:10:03.018059+00:00,122.2,200,ask,,,13219957
2026-06-30T06:10:02.522214,2026-06-29T20:10:03.334189+00:00,122.1,5,ask,,,13219968
2026-06-30T06:10:04.216048,2026-06-29T20:10:05.027660+00:00,122.1,20,bid,,,13219998
2026-06-30T06:10:04.621920,2026-06-29T20:10:05.429876+00:00,122.0,7,ask,,,13220013
2026-06-30T06:10:04.621920,2026-06-29T20:10:05.440941+00:00,122.0,193,ask,,,13220014
2026-06-30T06:10:07.037140,2026-06-29T20:10:07.844309+00:00,121.9,200,ask,,,13220055
2026-06-30T06:10:07.483099,2026-06-29T20:10:08.301146+00:00,122.0,2,ask,,,13220071
2026-06-30T06:10:08.246803,2026-06-29T20:10:09.063968+00:00,121.9,200,ask,,,13220087
2026-06-30T06:10:10.662068,2026-06-29T20:10:11.477137+00:00,121.9,4,ask,,,13220127
2026-06-30T06:10:10.662068,2026-06-29T20:10:11.477137+00:00,121.9,196,ask,,,13220128
2026-06-30T06:10:11.871239,2026-06-29T20:10:12.682892+00:00,121.9,4,ask,,,13220161
2026-06-30T06:10:11.871239,2026-06-29T20:10:12.682892+00:00,121.8,196,ask,,,13220162
2026-06-30T06:10:13.029929,2026-06-29T20:10:13.838176+00:00,121.8,500,ask,,,13220186
2026-06-30T06:10:13.632710,2026-06-29T20:10:14.446239+00:00,121.8,125,bid,,,13220200
2026-06-30T06:10:14.345390,2026-06-29T20:10:15.156021+00:00,122.1,200,bid,,,13220211
2026-06-30T06:10:15.417695,2026-06-29T20:10:16.226310+00:00,122.1,20,ask,,,13220231
2026-06-30T06:10:16.508096,2026-06-29T20:10:17.321211+00:00,122.0,1,ask,,,13220246
2026-06-30T06:10:17.917001,2026-06-29T20:10:18.735159+00:00,122.0,200,ask,,,13220269
2026-06-30T06:10:19.593697,2026-06-29T20:10:20.409624+00:00,122.1,200,bid,,,13220304
2026-06-30T06:10:20.328442,2026-06-29T20:10:21.139741+00:00,122.2,1,bid,,,13220313
2026-06-30T06:10:20.917006,2026-06-29T20:10:21.727675+00:00,122.2,199,ask,,,13220327
2026-06-30T06:10:21.543494,2026-06-29T20:10:22.357407+00:00,122.0,200,bid,,,13220336
2026-06-30T06:10:22.753760,2026-06-29T20:10:23.564204+00:00,122.2,200,bid,,,13220365
2026-06-30T06:10:25.749219,2026-06-29T20:10:26.570127+00:00,122.2,500,ask,,,13220431
2026-06-30T06:10:26.386244,2026-06-29T20:10:27.203366+00:00,122.2,200,bid,,,13220449
2026-06-30T06:10:27.465509,2026-06-29T20:10:28.288664+00:00,122.2,500,bid,,,13220477
2026-06-30T06:10:27.555406,2026-06-29T20:10:28.366110+00:00,122.2,125,ask,,,13220479
2026-06-30T06:10:28.774680,2026-06-29T20:10:29.583266+00:00,122.1,200,ask,,,13220501
2026-06-30T06:10:28.774680,2026-06-29T20:10:29.583266+00:00,122.0,10,ask,,,13220502
2026-06-30T06:10:28.799529,2026-06-29T20:10:29.616458+00:00,121.8,200,bid,,,13220504
2026-06-30T06:10:28.976782,2026-06-29T20:10:29.788684+00:00,121.8,20,bid,,,13220507
2026-06-30T06:10:30.014570,2026-06-29T20:10:30.825128+00:00,121.8,195,bid,,,13220533
2026-06-30T06:10:30.083798,2026-06-29T20:10:30.901663+00:00,122.0,5,ask,,,13220537
2026-06-30T06:10:31.392942,2026-06-29T20:10:32.207871+00:00,121.9,10,ask,,,13220554
2026-06-30T06:10:31.392942,2026-06-29T20:10:32.207871+00:00,121.9,200,ask,,,13220555
2026-06-30T06:10:32.437612,2026-06-29T20:10:33.257389+00:00,121.9,200,bid,,,13220578
2026-06-30T06:10:33.651886,2026-06-29T20:10:34.462164+00:00,122.1,200,bid,,,13220597
2026-06-30T06:10:36.640760,2026-06-29T20:10:37.449843+00:00,122.0,200,bid,,,13220658
2026-06-30T06:10:37.284277,2026-06-29T20:10:38.102327+00:00,122.1,200,ask,,,13220665
2026-06-30T06:10:43.322462,2026-06-29T20:10:44.133154+00:00,121.9,200,bid,,,13220767
2026-06-30T06:10:45.746163,2026-06-29T20:10:46.563310+00:00,121.8,2,ask,,,13220810
2026-06-30T06:10:45.746163,2026-06-29T20:10:46.563310+00:00,121.8,198,ask,,,13220811
2026-06-30T06:10:49.368221,2026-06-29T20:10:50.178655+00:00,122.0,200,ask,,,13220876
2026-06-30T06:10:53.014005,2026-06-29T20:10:53.828477+00:00,122.1,3,bid,,,13220957
2026-06-30T06:10:53.014005,2026-06-29T20:10:53.828477+00:00,122.1,197,bid,,,13220958
2026-06-30T06:10:53.693716,2026-06-29T20:10:54.503944+00:00,122.2,500,bid,,,13220972
2026-06-30T06:10:54.171707,2026-06-29T20:10:54.989984+00:00,122.2,125,ask,,,13220984
2026-06-30T06:10:54.218581,2026-06-29T20:10:55.034266+00:00,122.2,20,bid,,,13220986
2026-06-30T06:10:56.648667,2026-06-29T20:10:57.466284+00:00,122.0,200,ask,,,13221016
2026-06-30T06:10:57.857620,2026-06-29T20:10:58.666008+00:00,122.1,200,ask,,,13221045
2026-06-30T06:10:59.066090,2026-06-29T20:10:59.880430+00:00,122.0,200,ask,,,13221058
2026-06-30T06:11:00.411984,2026-06-29T20:11:01.222852+00:00,122.0,25,bid,,,13221085
2026-06-30T06:11:00.464414,2026-06-29T20:11:01.277129+00:00,122.0,25,bid,,,13221087
2026-06-30T06:11:00.621002,2026-06-29T20:11:01.428476+00:00,122.0,25,bid,,,13221091
2026-06-30T06:11:00.673574,2026-06-29T20:11:01.483321+00:00,122.0,25,bid,,,13221093
2026-06-30T06:11:01.447582,2026-06-29T20:11:02.265450+00:00,121.9,20,ask,,,13221107
2026-06-30T06:11:04.231790,2026-06-29T20:11:05.045958+00:00,122.0,25,ask,,,13221143
2026-06-30T06:11:04.284359,2026-06-29T20:11:05.098911+00:00,122.0,25,ask,,,13221145
2026-06-30T06:11:04.443135,2026-06-29T20:11:05.251931+00:00,122.0,25,ask,,,13221156
2026-06-30T06:11:04.496909,2026-06-29T20:11:05.307270+00:00,122.0,25,ask,,,13221158
2026-06-30T06:11:04.654747,2026-06-29T20:11:05.469922+00:00,122.0,1,ask,,,13221165
2026-06-30T06:11:05.496056,2026-06-29T20:11:06.306059+00:00,122.1,200,ask,,,13221173
2026-06-30T06:11:06.802243,2026-06-29T20:11:07.620045+00:00,122.1,500,bid,,,13221204
2026-06-30T06:11:06.887145,2026-06-29T20:11:07.697490+00:00,122.1,125,ask,,,13221207
2026-06-30T06:11:06.887145,2026-06-29T20:11:07.697490+00:00,122.0,200,ask,,,13221208
2026-06-30T06:11:07.539546,2026-06-29T20:11:08.350004+00:00,121.8,2,ask,,,13221216
2026-06-30T06:11:07.674419,2026-06-29T20:11:08.490968+00:00,121.8,25,bid,,,13221219
2026-06-30T06:11:07.716303,2026-06-29T20:11:08.524169+00:00,121.8,25,bid,,,13221221
2026-06-30T06:11:07.885555,2026-06-29T20:11:08.697865+00:00,121.8,25,bid,,,13221228
2026-06-30T06:11:07.927477,2026-06-29T20:11:08.741168+00:00,121.8,25,bid,,,13221231
2026-06-30T06:11:08.095020,2026-06-29T20:11:08.906246+00:00,121.8,25,bid,,,13221234
2026-06-30T06:11:08.136412,2026-06-29T20:11:08.949095+00:00,121.8,73,bid,,,13221236
2026-06-30T06:11:08.136412,2026-06-29T20:11:08.949095+00:00,121.9,500,bid,,,13221237
2026-06-30T06:11:08.349056,2026-06-29T20:11:09.157388+00:00,122.1,2,bid,,,13221239
2026-06-30T06:11:08.554336,2026-06-29T20:11:09.363313+00:00,122.1,2,bid,,,13221242
2026-06-30T06:11:08.723805,2026-06-29T20:11:09.538005+00:00,121.9,52,ask,,,13221243
2026-06-30T06:11:08.760429,2026-06-29T20:11:09.570730+00:00,121.9,2,bid,,,13221245
2026-06-30T06:11:08.964927,2026-06-29T20:11:09.777605+00:00,121.9,2,bid,,,13221249
2026-06-30T06:11:09.375583,2026-06-29T20:11:10.193903+00:00,121.8,2,bid,,,13221266
2026-06-30T06:11:09.582100,2026-06-29T20:11:10.399892+00:00,121.8,2,bid,,,13221268
2026-06-30T06:11:09.788159,2026-06-29T20:11:10.597111+00:00,121.8,2,bid,,,13221271
2026-06-30T06:11:09.994005,2026-06-29T20:11:10.804005+00:00,121.8,1,bid,,,13221278
2026-06-30T06:11:11.166190,2026-06-29T20:11:11.979965+00:00,121.8,200,bid,,,13221299
2026-06-30T06:11:14.685494,2026-06-29T20:11:15.494161+00:00,121.8,200,ask,,,13221358
2026-06-30T06:11:27.070897,2026-06-29T20:11:27.887347+00:00,121.8,25,ask,,,13221578
2026-06-30T06:11:27.134945,2026-06-29T20:11:27.952852+00:00,121.8,25,ask,,,13221584
2026-06-30T06:11:27.279339,2026-06-29T20:11:28.094264+00:00,121.8,25,ask,,,13221586
2026-06-30T06:11:27.343119,2026-06-29T20:11:28.158187+00:00,121.8,25,ask,,,13221588
2026-06-30T06:11:28.149038,2026-06-29T20:11:28.963200+00:00,121.9,200,bid,,,13221607
2026-06-30T06:11:30.416545,2026-06-29T20:11:31.230163+00:00,121.8,200,ask,,,13221653
2026-06-30T06:11:31.300263,2026-06-29T20:11:32.112908+00:00,121.7,9,ask,,,13221669
2026-06-30T06:11:31.308412,2026-06-29T20:11:32.123980+00:00,121.6,2,ask,,,13221671
2026-06-30T06:11:31.360567,2026-06-29T20:11:32.177869+00:00,121.7,9,ask,,,13221673
2026-06-30T06:11:31.514894,2026-06-29T20:11:32.329900+00:00,121.6,2,ask,,,13221677
2026-06-30T06:11:31.728276,2026-06-29T20:11:32.548367+00:00,121.6,2,ask,,,13221681
2026-06-30T06:11:32.981286,2026-06-29T20:11:33.791248+00:00,121.9,200,bid,,,13221712
2026-06-30T06:11:33.754146,2026-06-29T20:11:34.563342+00:00,121.9,20,bid,,,13221730
2026-06-30T06:11:34.368926,2026-06-29T20:11:35.186459+00:00,122.0,3,bid,,,13221745
2026-06-30T06:11:34.368926,2026-06-29T20:11:35.186459+00:00,122.0,500,bid,,,13221746
2026-06-30T06:11:34.368926,2026-06-29T20:11:35.186459+00:00,122.0,122,bid,,,13221747
2026-06-30T06:11:40.957283,2026-06-29T20:11:41.770007+00:00,121.9,5,bid,,,13221866
2026-06-30T06:11:42.267540,2026-06-29T20:11:43.090670+00:00,122.0,4,bid,,,13221890
2026-06-30T06:11:42.267540,2026-06-29T20:11:43.090670+00:00,122.0,200,bid,,,13221891
2026-06-30T06:11:46.197110,2026-06-29T20:11:47.007581+00:00,122.0,200,ask,,,13221946
2026-06-30T06:11:46.343983,2026-06-29T20:11:47.158677+00:00,121.9,200,bid,,,13221954
2026-06-30T06:11:48.762381,2026-06-29T20:11:49.577446+00:00,122.0,200,ask,,,13221989
2026-06-30T06:11:51.112562,2026-06-29T20:11:51.928786+00:00,121.8,20,ask,,,13222022
2026-06-30T06:11:51.429547,2026-06-29T20:11:52.244329+00:00,122.0,200,bid,,,13222027
2026-06-30T06:11:52.389685,2026-06-29T20:11:53.201209+00:00,122.0,200,ask,,,13222037
2026-06-30T06:11:54.047526,2026-06-29T20:11:54.855787+00:00,122.0,200,bid,,,13222062
2026-06-30T06:11:54.411547,2026-06-29T20:11:55.227511+00:00,122.1,2,ask,,,13222074
2026-06-30T06:11:57.972872,2026-06-29T20:11:58.785486+00:00,122.2,200,ask,,,13222137
2026-06-30T06:11:57.972872,2026-06-29T20:11:58.785486+00:00,122.1,8,ask,,,13222138
2026-06-30T06:11:58.080120,2026-06-29T20:11:58.893227+00:00,121.9,20,ask,,,13222140
2026-06-30T06:11:58.437011,2026-06-29T20:11:59.251131+00:00,122.1,200,bid,,,13222143
2026-06-30T06:12:00.800100,2026-06-29T20:12:01.613995+00:00,122.1,20,bid,,,13222209
2026-06-30T06:12:02.033648,2026-06-29T20:12:02.845979+00:00,122.0,6,ask,,,13222226
2026-06-30T06:12:03.295040,2026-06-29T20:12:04.107615+00:00,121.9,200,ask,,,13222254
2026-06-30T06:12:03.817887,2026-06-29T20:12:04.628714+00:00,122.0,500,bid,,,13222261
2026-06-30T06:12:04.414153,2026-06-29T20:12:05.228774+00:00,122.0,125,bid,,,13222271
2026-06-30T06:12:04.502066,2026-06-29T20:12:05.317301+00:00,122.1,200,ask,,,13222272
2026-06-30T06:12:05.709380,2026-06-29T20:12:06.524385+00:00,122.1,200,ask,,,13222297
2026-06-30T06:12:06.830671,2026-06-29T20:12:07.647431+00:00,122.3,500,bid,,,13222319
2026-06-30T06:12:07.156505,2026-06-29T20:12:07.972803+00:00,122.3,200,bid,,,13222330
2026-06-30T06:12:08.126336,2026-06-29T20:12:08.940922+00:00,122.3,200,ask,,,13222350
2026-06-30T06:12:08.468018,2026-06-29T20:12:09.278237+00:00,122.3,500,ask,,,13222353
2026-06-30T06:12:08.654911,2026-06-29T20:12:09.474987+00:00,122.3,125,bid,,,13222354
2026-06-30T06:12:08.654911,2026-06-29T20:12:09.474987+00:00,122.4,1,bid,,,13222355
2026-06-30T06:12:09.337794,2026-06-29T20:12:10.146022+00:00,122.3,200,ask,,,13222366
2026-06-30T06:12:10.481397,2026-06-29T20:12:11.297701+00:00,122.5,1,ask,,,13222389
2026-06-30T06:12:10.547790,2026-06-29T20:12:11.363124+00:00,122.5,200,ask,,,13222395
2026-06-30T06:12:11.757962,2026-06-29T20:12:12.571753+00:00,122.5,200,ask,,,13222420
2026-06-30T06:12:12.966857,2026-06-29T20:12:13.779012+00:00,122.4,200,ask,,,13222441
2026-06-30T06:12:13.469261,2026-06-29T20:12:14.278459+00:00,122.6,1,bid,,,13222455
2026-06-30T06:12:13.469261,2026-06-29T20:12:14.289036+00:00,122.6,19,bid,,,13222456
2026-06-30T06:12:13.711813,2026-06-29T20:12:14.528691+00:00,122.4,500,ask,,,13222461
2026-06-30T06:12:13.888688,2026-06-29T20:12:14.703346+00:00,122.2,20,ask,,,13222465
2026-06-30T06:12:14.174120,2026-06-29T20:12:14.985465+00:00,122.3,200,ask,,,13222471
2026-06-30T06:12:17.641920,2026-06-29T20:12:18.450120+00:00,122.4,200,ask,,,13222528
2026-06-30T06:12:25.518921,2026-06-29T20:12:26.338584+00:00,122.4,200,ask,,,13222664
2026-06-30T06:12:25.598538,2026-06-29T20:12:26.416033+00:00,122.3,425,bid,,,13222665
2026-06-30T06:12:27.564277,2026-06-29T20:12:28.378849+00:00,122.4,20,ask,,,13222707
2026-06-30T06:12:29.528098,2026-06-29T20:12:30.337722+00:00,122.5,25,bid,,,13222744
2026-06-30T06:12:29.646073,2026-06-29T20:12:30.458116+00:00,122.5,25,bid,,,13222747
2026-06-30T06:12:29.722996,2026-06-29T20:12:30.535115+00:00,122.5,20,bid,,,13222748
2026-06-30T06:12:29.737136,2026-06-29T20:12:30.546178+00:00,122.5,25,bid,,,13222750
2026-06-30T06:12:29.874520,2026-06-29T20:12:30.687631+00:00,122.5,25,bid,,,13222752
2026-06-30T06:12:29.946586,2026-06-29T20:12:30.764169+00:00,122.5,25,bid,,,13222756
2026-06-30T06:12:30.087326,2026-06-29T20:12:30.906081+00:00,122.5,25,bid,,,13222760
2026-06-30T06:12:31.114096,2026-06-29T20:12:31.929793+00:00,122.6,200,bid,,,13222778
2026-06-30T06:12:32.155270,2026-06-29T20:12:32.966233+00:00,122.6,25,ask,,,13222793
2026-06-30T06:12:32.296523,2026-06-29T20:12:33.107217+00:00,122.6,25,ask,,,13222797
2026-06-30T06:12:32.321797,2026-06-29T20:12:33.138945+00:00,122.6,200,ask,,,13222799
2026-06-30T06:12:32.364126,2026-06-29T20:12:33.172149+00:00,122.6,25,ask,,,13222803
2026-06-30T06:12:32.506542,2026-06-29T20:12:33.325151+00:00,122.6,25,ask,,,13222805
2026-06-30T06:12:35.705293,2026-06-29T20:12:36.524383+00:00,122.6,20,bid,,,13222856
2026-06-30T06:12:36.031494,2026-06-29T20:12:36.848525+00:00,122.6,2,bid,,,13222866
2026-06-30T06:12:36.031494,2026-06-29T20:12:36.848525+00:00,122.6,200,bid,,,13222867
2026-06-30T06:12:36.121804,2026-06-29T20:12:36.937054+00:00,122.7,25,ask,,,13222868
2026-06-30T06:12:36.180266,2026-06-29T20:12:36.989982+00:00,122.7,25,ask,,,13222870
2026-06-30T06:12:37.154910,2026-06-29T20:12:37.971071+00:00,122.7,200,ask,,,13222884
2026-06-30T06:12:38.377253,2026-06-29T20:12:39.193108+00:00,122.6,200,bid,,,13222907
2026-06-30T06:12:41.346600,2026-06-29T20:12:42.165087+00:00,122.7,20,bid,,,13222964
2026-06-30T06:12:46.528829,2026-06-29T20:12:47.338638+00:00,122.6,200,ask,,,13223055
2026-06-30T06:12:47.841307,2026-06-29T20:12:48.656069+00:00,122.7,200,bid,,,13223086
2026-06-30T06:12:48.085469,2026-06-29T20:12:48.896187+00:00,122.7,200,ask,,,13223090
2026-06-30T06:12:48.616004,2026-06-29T20:12:49.427741+00:00,122.7,7,ask,,,13223099
2026-06-30T06:12:52.921493,2026-06-29T20:12:53.739835+00:00,122.8,1,bid,,,13223186
2026-06-30T06:12:52.921493,2026-06-29T20:12:53.739835+00:00,122.8,199,bid,,,13223187
2026-06-30T06:12:54.130141,2026-06-29T20:12:54.938397+00:00,122.7,200,bid,,,13223216
2026-06-30T06:12:55.336560,2026-06-29T20:12:56.154030+00:00,122.8,8,bid,,,13223225
2026-06-30T06:12:55.336560,2026-06-29T20:12:56.154030+00:00,122.8,192,bid,,,13223226
2026-06-30T06:12:57.757725,2026-06-29T20:12:58.569864+00:00,122.8,8,bid,,,13223277
2026-06-30T06:12:57.757725,2026-06-29T20:12:58.569864+00:00,122.8,192,bid,,,13223278
2026-06-30T06:13:01.456389,2026-06-29T20:13:02.265477+00:00,122.8,6,bid,,,13223339
2026-06-30T06:13:01.456389,2026-06-29T20:13:02.276541+00:00,122.8,14,bid,,,13223340
2026-06-30T06:13:03.698744,2026-06-29T20:13:04.512273+00:00,122.7,20,ask,,,13223385
2026-06-30T06:13:04.870453,2026-06-29T20:13:05.686263+00:00,122.7,200,ask,,,13223410
2026-06-30T06:13:05.598320,2026-06-29T20:13:06.413222+00:00,122.7,425,bid,,,13223423
2026-06-30T06:13:05.938320,2026-06-29T20:13:06.748052+00:00,122.8,6,bid,,,13223432
2026-06-30T06:13:05.938320,2026-06-29T20:13:06.758631+00:00,122.8,14,bid,,,13223433
2026-06-30T06:13:06.175802,2026-06-29T20:13:06.988163+00:00,122.8,186,bid,,,13223439
2026-06-30T06:13:09.268600,2026-06-29T20:13:10.078713+00:00,122.9,3,bid,,,13223495
2026-06-30T06:13:09.268600,2026-06-29T20:13:10.078713+00:00,122.9,22,bid,,,13223496
2026-06-30T06:13:09.398296,2026-06-29T20:13:10.210157+00:00,122.9,25,bid,,,13223498
2026-06-30T06:13:11.096508,2026-06-29T20:13:11.918636+00:00,122.9,3,bid,,,13223538
2026-06-30T06:13:12.723478,2026-06-29T20:13:13.542095+00:00,122.7,500,ask,,,13223574
2026-06-30T06:13:12.851446,2026-06-29T20:13:13.661779+00:00,122.7,125,bid,,,13223576
2026-06-30T06:13:14.029302,2026-06-29T20:13:14.838777+00:00,122.8,200,bid,,,13223596
2026-06-30T06:13:14.029302,2026-06-29T20:13:14.838777+00:00,122.9,5,bid,,,13223597
2026-06-30T06:13:14.722291,2026-06-29T20:13:15.536507+00:00,122.9,200,ask,,,13223614
2026-06-30T06:13:15.618516,2026-06-29T20:13:16.438881+00:00,122.9,25,bid,,,13223636
2026-06-30T06:13:15.690182,2026-06-29T20:13:16.505305+00:00,122.9,25,bid,,,13223640
2026-06-30T06:13:15.929762,2026-06-29T20:13:16.744979+00:00,122.9,200,bid,,,13223646
2026-06-30T06:13:17.959326,2026-06-29T20:13:18.768112+00:00,122.9,200,ask,,,13223679
2026-06-30T06:13:17.959326,2026-06-29T20:13:18.778691+00:00,122.9,425,ask,,,13223680
2026-06-30T06:13:18.347773,2026-06-29T20:13:19.161806+00:00,123.0,7,bid,,,13223693
2026-06-30T06:13:20.774551,2026-06-29T20:13:21.592115+00:00,122.9,200,ask,,,13223737
2026-06-30T06:13:21.883301,2026-06-29T20:13:22.701001+00:00,123.0,500,ask,,,13223750
2026-06-30T06:13:21.909882,2026-06-29T20:13:22.723128+00:00,123.0,25,bid,,,13223752
2026-06-30T06:13:21.946384,2026-06-29T20:13:22.767429+00:00,123.0,100,bid,,,13223753
2026-06-30T06:13:21.982221,2026-06-29T20:13:22.799733+00:00,123.0,200,ask,,,13223755
2026-06-30T06:13:23.195386,2026-06-29T20:13:24.009898+00:00,123.1,4,bid,,,13223773
2026-06-30T06:13:23.195386,2026-06-29T20:13:24.009898+00:00,123.1,200,bid,,,13223774
2026-06-30T06:13:24.400492,2026-06-29T20:13:25.219667+00:00,123.1,200,ask,,,13223793
2026-06-30T06:13:25.068503,2026-06-29T20:13:25.884106+00:00,123.1,25,bid,,,13223801
2026-06-30T06:13:25.126790,2026-06-29T20:13:25.937979+00:00,123.1,25,bid,,,13223803
2026-06-30T06:13:25.279071,2026-06-29T20:13:26.089040+00:00,123.1,25,bid,,,13223809
2026-06-30T06:13:25.340507,2026-06-29T20:13:26.155427+00:00,123.1,25,bid,,,13223811
2026-06-30T06:13:25.489357,2026-06-29T20:13:26.297381+00:00,123.1,25,bid,,,13223814
2026-06-30T06:13:25.701344,2026-06-29T20:13:26.515400+00:00,123.0,25,bid,,,13223823
2026-06-30T06:13:25.749369,2026-06-29T20:13:26.558211+00:00,123.0,25,bid,,,13223826
2026-06-30T06:13:25.912581,2026-06-29T20:13:26.722290+00:00,123.0,25,bid,,,13223829
2026-06-30T06:13:25.957559,2026-06-29T20:13:26.766542+00:00,123.0,19,bid,,,13223832
2026-06-30T06:13:26.120419,2026-06-29T20:13:26.940771+00:00,122.9,2,ask,,,13223835
2026-06-30T06:13:26.325175,2026-06-29T20:13:27.137575+00:00,122.9,2,ask,,,13223842
2026-06-30T06:13:26.530528,2026-06-29T20:13:27.344949+00:00,122.9,2,ask,,,13223847
2026-06-30T06:13:26.735023,2026-06-29T20:13:27.550848+00:00,122.9,2,ask,,,13223850
2026-06-30T06:13:26.818824,2026-06-29T20:13:27.638462+00:00,123.0,200,bid,,,13223853
2026-06-30T06:13:26.940251,2026-06-29T20:13:27.758257+00:00,122.9,1,ask,,,13223857
2026-06-30T06:13:26.940251,2026-06-29T20:13:27.758257+00:00,122.8,1,ask,,,13223858
2026-06-30T06:13:27.145871,2026-06-29T20:13:27.955066+00:00,123.0,1,ask,,,13223866
2026-06-30T06:13:28.432212,2026-06-29T20:13:29.249819+00:00,123.0,200,ask,,,13223884
2026-06-30T06:13:34.568792,2026-06-29T20:13:35.377534+00:00,123.2,2,bid,,,13223998
2026-06-30T06:13:34.572295,2026-06-29T20:13:35.388130+00:00,123.3,2,bid,,,13223999
2026-06-30T06:13:34.580243,2026-06-29T20:13:35.398709+00:00,123.3,25,bid,,,13224001
2026-06-30T06:13:34.780437,2026-06-29T20:13:35.596464+00:00,123.2,11,bid,,,13224005
2026-06-30T06:13:34.784428,2026-06-29T20:13:35.596464+00:00,123.2,2,bid,,,13224006
2026-06-30T06:13:34.989012,2026-06-29T20:13:35.801910+00:00,123.2,2,bid,,,13224013
2026-06-30T06:13:35.193609,2026-06-29T20:13:36.007266+00:00,123.2,2,bid,,,13224014
2026-06-30T06:13:35.400438,2026-06-29T20:13:36.213715+00:00,123.2,2,bid,,,13224017
2026-06-30T06:13:35.576108,2026-06-29T20:13:36.388180+00:00,123.2,20,bid,,,13224024
2026-06-30T06:13:35.606790,2026-06-29T20:13:36.420838+00:00,123.2,2,bid,,,13224025
2026-06-30T06:13:35.812961,2026-06-29T20:13:36.627405+00:00,123.2,2,bid,,,13224032
2026-06-30T06:13:36.003119,2026-06-29T20:13:36.813203+00:00,123.2,4,bid,,,13224035
2026-06-30T06:13:36.018717,2026-06-29T20:13:36.835339+00:00,123.3,2,bid,,,13224036
2026-06-30T06:13:36.223580,2026-06-29T20:13:37.041765+00:00,123.2,2,bid,,,13224039
2026-06-30T06:13:36.287838,2026-06-29T20:13:37.107204+00:00,123.2,2,bid,,,13224040
2026-06-30T06:13:36.426867,2026-06-29T20:13:37.237563+00:00,123.3,2,bid,,,13224043
2026-06-30T06:13:36.534991,2026-06-29T20:13:37.347277+00:00,123.2,200,ask,,,13224048
2026-06-30T06:13:36.632778,2026-06-29T20:13:37.445985+00:00,123.3,2,bid,,,13224050
2026-06-30T06:13:36.839410,2026-06-29T20:13:37.651850+00:00,123.3,1,bid,,,13224054
2026-06-30T06:13:40.159784,2026-06-29T20:13:40.977311+00:00,123.3,5,bid,,,13224119
2026-06-30T06:13:40.159784,2026-06-29T20:13:40.977311+00:00,123.3,195,bid,,,13224120
2026-06-30T06:13:40.255286,2026-06-29T20:13:41.064414+00:00,123.3,500,bid,,,13224124
2026-06-30T06:13:40.725192,2026-06-29T20:13:41.545196+00:00,123.3,125,ask,,,13224134
2026-06-30T06:13:41.565142,2026-06-29T20:13:42.382944+00:00,123.2,200,ask,,,13224153
2026-06-30T06:13:46.258926,2026-06-29T20:13:47.075086+00:00,123.3,5,bid,,,13224253
2026-06-30T06:13:46.258926,2026-06-29T20:13:47.075086+00:00,123.3,15,bid,,,13224254
2026-06-30T06:13:48.116278,2026-06-29T20:13:48.932279+00:00,123.2,200,ask,,,13224281
2026-06-30T06:13:51.074419,2026-06-29T20:13:51.893427+00:00,123.1,200,bid,,,13224328
2026-06-30T06:13:54.704975,2026-06-29T20:13:55.517464+00:00,123.1,200,ask,,,13224407
2026-06-30T06:13:56.682403,2026-06-29T20:13:57.502848+00:00,123.0,2,ask,,,13224450
2026-06-30T06:13:56.682403,2026-06-29T20:13:57.502848+00:00,123.0,23,ask,,,13224451
2026-06-30T06:13:56.844892,2026-06-29T20:13:57.655864+00:00,123.0,25,ask,,,13224456
2026-06-30T06:13:56.893971,2026-06-29T20:13:57.709737+00:00,123.0,25,ask,,,13224459
2026-06-30T06:13:57.055875,2026-06-29T20:13:57.874364+00:00,123.0,25,ask,,,13224467
2026-06-30T06:13:57.102701,2026-06-29T20:13:57.917660+00:00,123.0,25,ask,,,13224469
2026-06-30T06:13:57.279912,2026-06-29T20:13:58.091842+00:00,123.0,8,ask,,,13224476
2026-06-30T06:13:57.279912,2026-06-29T20:13:58.091842+00:00,123.0,200,ask,,,13224477
2026-06-30T06:13:58.310695,2026-06-29T20:13:59.125204+00:00,123.0,4,bid,,,13224483
2026-06-30T06:13:59.544873,2026-06-29T20:14:00.356553+00:00,122.9,4,ask,,,13224520
2026-06-30T06:13:59.544873,2026-06-29T20:14:00.367627+00:00,122.9,196,ask,,,13224521
2026-06-30T06:14:00.756933,2026-06-29T20:14:01.575202+00:00,123.0,4,ask,,,13224528
2026-06-30T06:14:00.946636,2026-06-29T20:14:01.759984+00:00,123.0,25,bid,,,13224535
2026-06-30T06:14:01.972041,2026-06-29T20:14:02.785078+00:00,122.8,200,ask,,,13224550
2026-06-30T06:14:03.009561,2026-06-29T20:14:03.819776+00:00,122.8,2,ask,,,13224575
2026-06-30T06:14:03.217120,2026-06-29T20:14:04.027665+00:00,122.8,2,ask,,,13224585
2026-06-30T06:14:04.034241,2026-06-29T20:14:04.847018+00:00,122.9,20,bid,,,13224598
2026-06-30T06:14:04.384475,2026-06-29T20:14:05.195038+00:00,122.9,200,bid,,,13224606
2026-06-30T06:14:06.800925,2026-06-29T20:14:07.612111+00:00,123.0,200,bid,,,13224665
2026-06-30T06:14:07.757490,2026-06-29T20:14:08.568577+00:00,123.1,25,ask,,,13224681
2026-06-30T06:14:07.831061,2026-06-29T20:14:08.646026+00:00,123.1,25,ask,,,13224683
2026-06-30T06:14:07.967333,2026-06-29T20:14:08.777468+00:00,123.1,5,ask,,,13224687
2026-06-30T06:14:08.042902,2026-06-29T20:14:08.854025+00:00,123.1,25,ask,,,13224692
2026-06-30T06:14:08.176876,2026-06-29T20:14:08.994955+00:00,123.1,25,ask,,,13224699
2026-06-30T06:14:08.251671,2026-06-29T20:14:09.069998+00:00,123.1,25,ask,,,13224701
2026-06-30T06:14:08.386222,2026-06-29T20:14:09.200857+00:00,123.1,25,ask,,,13224705
2026-06-30T06:14:09.405159,2026-06-29T20:14:10.222250+00:00,123.1,25,bid,,,13224732
2026-06-30T06:14:09.470381,2026-06-29T20:14:10.288201+00:00,123.1,25,bid,,,13224734
2026-06-30T06:14:09.616296,2026-06-29T20:14:10.429644+00:00,123.1,25,bid,,,13224740
2026-06-30T06:14:09.681562,2026-06-29T20:14:10.496028+00:00,123.1,25,bid,,,13224743
2026-06-30T06:14:09.833572,2026-06-29T20:14:10.647631+00:00,123.1,25,bid,,,13224757
2026-06-30T06:14:09.891165,2026-06-29T20:14:10.713051+00:00,123.1,25,bid,,,13224760
2026-06-30T06:14:10.372133,2026-06-29T20:14:11.189760+00:00,123.1,50,bid,,,13224767
2026-06-30T06:14:10.372133,2026-06-29T20:14:11.189760+00:00,123.2,500,bid,,,13224768
2026-06-30T06:14:10.393976,2026-06-29T20:14:11.211927+00:00,123.2,75,ask,,,13224769
2026-06-30T06:14:11.604383,2026-06-29T20:14:12.418462+00:00,123.1,200,ask,,,13224789
2026-06-30T06:14:11.635810,2026-06-29T20:14:12.451185+00:00,123.0,200,bid,,,13224790
2026-06-30T06:14:12.805219,2026-06-29T20:14:13.616480+00:00,122.9,1,ask,,,13224817
2026-06-30T06:14:12.805219,2026-06-29T20:14:13.616480+00:00,122.9,499,ask,,,13224818
2026-06-30T06:14:12.901164,2026-06-29T20:14:13.714966+00:00,123.0,25,ask,,,13224825
2026-06-30T06:14:13.027931,2026-06-29T20:14:13.846061+00:00,123.0,175,ask,,,13224829
2026-06-30T06:14:14.062823,2026-06-29T20:14:14.878620+00:00,122.9,200,bid,,,13224850
2026-06-30T06:14:14.336088,2026-06-29T20:14:15.150839+00:00,122.9,500,bid,,,13224857
2026-06-30T06:14:14.445932,2026-06-29T20:14:15.259046+00:00,123.1,25,ask,,,13224859
2026-06-30T06:14:14.515054,2026-06-29T20:14:15.325454+00:00,123.1,25,ask,,,13224861
2026-06-30T06:14:14.608987,2026-06-29T20:14:15.422118+00:00,123.1,75,ask,,,13224863
2026-06-30T06:14:15.273410,2026-06-29T20:14:16.087174+00:00,122.8,200,bid,,,13224874
2026-06-30T06:14:15.644395,2026-06-29T20:14:16.457160+00:00,122.8,300,bid,,,13224885
2026-06-30T06:14:15.838035,2026-06-29T20:14:16.653023+00:00,122.9,325,ask,,,13224890
2026-06-30T06:14:17.172905,2026-06-29T20:14:17.991036+00:00,122.9,20,bid,,,13224914
2026-06-30T06:14:17.695148,2026-06-29T20:14:18.514432+00:00,122.8,8,ask,,,13224930
2026-06-30T06:14:18.869371,2026-06-29T20:14:19.678862+00:00,122.8,25,bid,,,13224943
2026-06-30T06:14:18.937959,2026-06-29T20:14:19.756364+00:00,122.8,25,bid,,,13224947
2026-06-30T06:14:19.079448,2026-06-29T20:14:19.897427+00:00,122.8,25,bid,,,13224953
2026-06-30T06:14:19.147936,2026-06-29T20:14:19.962895+00:00,122.8,25,bid,,,13224956
2026-06-30T06:14:19.290592,2026-06-29T20:14:20.105366+00:00,122.8,25,bid,,,13224964
2026-06-30T06:14:19.359150,2026-06-29T20:14:20.169850+00:00,122.8,25,bid,,,13224968
2026-06-30T06:14:19.584358,2026-06-29T20:14:20.398883+00:00,122.7,6,ask,,,13224976
2026-06-30T06:14:20.114236,2026-06-29T20:14:20.934021+00:00,122.7,200,bid,,,13224994
2026-06-30T06:14:20.373732,2026-06-29T20:14:21.185219+00:00,122.7,20,bid,,,13224998
2026-06-30T06:14:23.739712,2026-06-29T20:14:24.554968+00:00,122.9,200,bid,,,13225040
2026-06-30T06:14:24.816720,2026-06-29T20:14:25.628948+00:00,122.9,500,bid,,,13225059
2026-06-30T06:14:24.904973,2026-06-29T20:14:25.717460+00:00,122.9,125,ask,,,13225060
2026-06-30T06:14:26.131251,2026-06-29T20:14:26.946365+00:00,122.7,1,ask,,,13225077
2026-06-30T06:14:26.131251,2026-06-29T20:14:26.946365+00:00,122.6,200,ask,,,13225078
2026-06-30T06:14:26.524216,2026-06-29T20:14:27.338013+00:00,122.4,25,ask,,,13225086
2026-06-30T06:14:26.577793,2026-06-29T20:14:27.392862+00:00,122.4,25,ask,,,13225089
2026-06-30T06:14:26.734796,2026-06-29T20:14:27.544429+00:00,122.4,25,ask,,,13225093
2026-06-30T06:14:26.786141,2026-06-29T20:14:27.598317+00:00,122.4,25,ask,,,13225098
2026-06-30T06:14:28.346024,2026-06-29T20:14:29.155236+00:00,122.5,25,ask,,,13225123
2026-06-30T06:14:28.397374,2026-06-29T20:14:29.208648+00:00,122.5,25,ask,,,13225127
2026-06-30T06:14:28.557552,2026-06-29T20:14:29.372262+00:00,122.5,25,ask,,,13225133
2026-06-30T06:14:28.584122,2026-06-29T20:14:29.405481+00:00,122.5,200,ask,,,13225139
2026-06-30T06:14:28.606564,2026-06-29T20:14:29.416542+00:00,122.5,25,ask,,,13225140
2026-06-30T06:14:28.780308,2026-06-29T20:14:29.589797+00:00,122.4,25,ask,,,13225143
2026-06-30T06:14:28.818135,2026-06-29T20:14:29.634069+00:00,122.4,25,ask,,,13225145
2026-06-30T06:14:31.368389,2026-06-29T20:14:32.178268+00:00,122.5,200,bid,,,13225197
2026-06-30T06:14:32.212838,2026-06-29T20:14:33.028234+00:00,122.6,200,ask,,,13225210
2026-06-30T06:14:32.973093,2026-06-29T20:14:33.782901+00:00,122.5,20,ask,,,13225227
2026-06-30T06:14:35.306486,2026-06-29T20:14:36.124996+00:00,122.4,200,ask,,,13225268
2026-06-30T06:14:38.259990,2026-06-29T20:14:39.075152+00:00,122.3,200,bid,,,13225316
2026-06-30T06:14:39.471106,2026-06-29T20:14:40.281896+00:00,122.4,200,bid,,,13225336
2026-06-30T06:14:40.708924,2026-06-29T20:14:41.522153+00:00,122.3,200,bid,,,13225360
2026-06-30T06:14:41.849991,2026-06-29T20:14:42.665247+00:00,122.2,3,ask,,,13225381
2026-06-30T06:14:41.934150,2026-06-29T20:14:42.752845+00:00,122.2,200,bid,,,13225384
2026-06-30T06:14:44.469178,2026-06-29T20:14:45.288890+00:00,122.1,3,ask,,,13225441
2026-06-30T06:14:44.469178,2026-06-29T20:14:45.288890+00:00,122.1,200,ask,,,13225442
2026-06-30T06:14:47.402735,2026-06-29T20:14:48.214969+00:00,122.0,6,ask,,,13225502
2026-06-30T06:14:47.402735,2026-06-29T20:14:48.214969+00:00,122.0,14,ask,,,13225503
2026-06-30T06:14:47.831235,2026-06-29T20:14:48.651016+00:00,122.1,3,ask,,,13225514
2026-06-30T06:14:48.443497,2026-06-29T20:14:49.261998+00:00,122.1,25,ask,,,13225522
2026-06-30T06:14:48.464715,2026-06-29T20:14:49.284133+00:00,122.1,25,ask,,,13225524
2026-06-30T06:14:51.017840,2026-06-29T20:14:51.831723+00:00,122.2,200,bid,,,13225569
2026-06-30T06:14:52.632850,2026-06-29T20:14:53.448853+00:00,122.3,20,bid,,,13225608
2026-06-30T06:14:53.663175,2026-06-29T20:14:54.475258+00:00,122.1,2,ask,,,13225632
2026-06-30T06:14:53.663175,2026-06-29T20:14:54.475258+00:00,122.1,23,ask,,,13225633
2026-06-30T06:14:53.693414,2026-06-29T20:14:54.507510+00:00,122.1,21,ask,,,13225635
2026-06-30T06:14:55.278791,2026-06-29T20:14:56.096028+00:00,122.2,200,ask,,,13225665
2026-06-30T06:14:56.257427,2026-06-29T20:14:57.076296+00:00,122.1,7,ask,,,13225682
2026-06-30T06:14:56.409147,2026-06-29T20:14:57.227848+00:00,122.1,20,bid,,,13225685
2026-06-30T06:14:56.486941,2026-06-29T20:14:57.304357+00:00,121.9,200,ask,,,13225688
2026-06-30T06:14:56.752200,2026-06-29T20:14:57.564110+00:00,121.9,20,ask,,,13225690
2026-06-30T06:14:57.279589,2026-06-29T20:14:58.097204+00:00,122.0,10,ask,,,13225699
2026-06-30T06:14:57.695932,2026-06-29T20:14:58.509863+00:00,121.9,200,ask,,,13225716
2026-06-30T06:14:58.692604,2026-06-29T20:14:59.511802+00:00,122.0,9,ask,,,13225731
2026-06-30T06:14:58.872595,2026-06-29T20:14:59.686398+00:00,122.0,8,ask,,,13225738
2026-06-30T06:14:58.902323,2026-06-29T20:14:59.718170+00:00,121.9,200,ask,,,13225740
2026-06-30T06:15:01.489465,2026-06-29T20:15:02.298999+00:00,121.9,8,ask,,,13225782
2026-06-30T06:15:01.489465,2026-06-29T20:15:02.310056+00:00,121.9,500,ask,,,13225783
2026-06-30T06:15:01.836022,2026-06-29T20:15:02.658330+00:00,121.8,117,bid,,,13225798
2026-06-30T06:15:02.444704,2026-06-29T20:15:03.256333+00:00,122.0,200,bid,,,13225808
2026-06-30T06:15:03.655148,2026-06-29T20:15:04.464433+00:00,122.1,200,bid,,,13225823
2026-06-30T06:15:03.655148,2026-06-29T20:15:04.475496+00:00,122.1,300,bid,,,13225824
2026-06-30T06:15:04.286896,2026-06-29T20:15:05.106409+00:00,122.1,500,bid,,,13225839
2026-06-30T06:15:04.887004,2026-06-29T20:15:05.704064+00:00,122.1,125,bid,,,13225850
2026-06-30T06:15:05.411407,2026-06-29T20:15:06.223153+00:00,122.2,3,bid,,,13225861
2026-06-30T06:15:05.411407,2026-06-29T20:15:06.223153+00:00,122.3,200,bid,,,13225862
2026-06-30T06:15:06.613998,2026-06-29T20:15:07.428575+00:00,122.4,2,bid,,,13225889
2026-06-30T06:15:08.138745,2026-06-29T20:15:08.953252+00:00,122.4,20,bid,,,13225919
2026-06-30T06:15:09.115372,2026-06-29T20:15:09.932059+00:00,122.4,500,bid,,,13225941
2026-06-30T06:15:09.793324,2026-06-29T20:15:10.605495+00:00,122.4,200,ask,,,13225952
2026-06-30T06:15:10.347625,2026-06-29T20:15:11.158659+00:00,122.5,500,bid,,,13225962
2026-06-30T06:15:10.794498,2026-06-29T20:15:11.605936+00:00,122.6,20,ask,,,13225975
2026-06-30T06:15:11.000772,2026-06-29T20:15:11.812014+00:00,122.6,200,ask,,,13225982
2026-06-30T06:15:11.310316,2026-06-29T20:15:12.127529+00:00,122.9,20,bid,,,13225984
2026-06-30T06:15:12.104068,2026-06-29T20:15:12.921954+00:00,122.7,1,bid,,,13226001
2026-06-30T06:15:12.210314,2026-06-29T20:15:13.020139+00:00,122.8,200,ask,,,13226006
2026-06-30T06:15:12.526932,2026-06-29T20:15:13.337207+00:00,123.0,20,bid,,,13226020
2026-06-30T06:15:12.733259,2026-06-29T20:15:13.543166+00:00,123.0,25,bid,,,13226026
2026-06-30T06:15:12.743215,2026-06-29T20:15:13.554229+00:00,123.0,25,bid,,,13226028
2026-06-30T06:15:13.420264,2026-06-29T20:15:14.230861+00:00,122.8,200,ask,,,13226046
2026-06-30T06:15:14.146924,2026-06-29T20:15:14.960855+00:00,122.9,25,bid,,,13226061
2026-06-30T06:15:14.155384,2026-06-29T20:15:14.971952+00:00,122.9,25,bid,,,13226063
2026-06-30T06:15:14.357705,2026-06-29T20:15:15.167868+00:00,122.9,2,bid,,,13226067
2026-06-30T06:15:14.626583,2026-06-29T20:15:15.440780+00:00,122.8,200,ask,,,13226074
2026-06-30T06:15:15.833146,2026-06-29T20:15:16.652980+00:00,122.8,200,ask,,,13226100
2026-06-30T06:15:19.304501,2026-06-29T20:15:20.117508+00:00,123.0,20,bid,,,13226158
2026-06-30T06:15:19.469635,2026-06-29T20:15:20.281215+00:00,123.0,200,bid,,,13226164
2026-06-30T06:15:21.812221,2026-06-29T20:15:22.626023+00:00,123.1,20,bid,,,13226213
2026-06-30T06:15:23.897070,2026-06-29T20:15:24.707249+00:00,123.0,200,ask,,,13226261
2026-06-30T06:15:24.183677,2026-06-29T20:15:24.998398+00:00,122.9,1,bid,,,13226265
2026-06-30T06:15:24.192857,2026-06-29T20:15:25.008977+00:00,123.0,2,bid,,,13226268
2026-06-30T06:15:24.199198,2026-06-29T20:15:25.008977+00:00,123.0,1,bid,,,13226269
2026-06-30T06:15:24.461474,2026-06-29T20:15:25.271246+00:00,123.0,2,bid,,,13226277
2026-06-30T06:15:24.667431,2026-06-29T20:15:25.478111+00:00,123.0,2,bid,,,13226286
2026-06-30T06:15:24.882453,2026-06-29T20:15:25.696572+00:00,123.0,2,bid,,,13226292
2026-06-30T06:15:25.087632,2026-06-29T20:15:25.902995+00:00,123.0,2,bid,,,13226300
2026-06-30T06:15:25.514781,2026-06-29T20:15:26.327553+00:00,122.9,200,ask,,,13226311
2026-06-30T06:15:25.704930,2026-06-29T20:15:26.523379+00:00,123.2,2,bid,,,13226315
2026-06-30T06:15:25.911389,2026-06-29T20:15:26.730840+00:00,123.2,2,bid,,,13226321
2026-06-30T06:15:26.116406,2026-06-29T20:15:26.927106+00:00,123.2,2,bid,,,13226326
2026-06-30T06:15:26.322453,2026-06-29T20:15:27.133011+00:00,123.2,2,bid,,,13226333
2026-06-30T06:15:26.527104,2026-06-29T20:15:27.338960+00:00,123.1,2,bid,,,13226340
2026-06-30T06:15:27.826802,2026-06-29T20:15:28.641910+00:00,123.0,200,bid,,,13226367
2026-06-30T06:15:27.931741,2026-06-29T20:15:28.751167+00:00,123.0,200,ask,,,13226371
2026-06-30T06:15:29.146665,2026-06-29T20:15:29.959862+00:00,123.0,200,ask,,,13226387
2026-06-30T06:15:29.218642,2026-06-29T20:15:30.037294+00:00,122.9,20,bid,,,13226389
2026-06-30T06:15:29.222776,2026-06-29T20:15:30.047916+00:00,122.9,25,bid,,,13226390
2026-06-30T06:15:29.345201,2026-06-29T20:15:30.157188+00:00,122.9,25,bid,,,13226397
2026-06-30T06:15:29.431462,2026-06-29T20:15:30.244327+00:00,122.9,25,bid,,,13226401
2026-06-30T06:15:29.555281,2026-06-29T20:15:30.375208+00:00,122.9,25,bid,,,13226406
2026-06-30T06:15:30.349668,2026-06-29T20:15:31.160734+00:00,122.9,200,bid,,,13226432
2026-06-30T06:15:30.561558,2026-06-29T20:15:31.378130+00:00,123.0,25,ask,,,13226435
2026-06-30T06:15:30.638254,2026-06-29T20:15:31.455124+00:00,123.0,24,ask,,,13226438
2026-06-30T06:15:31.565176,2026-06-29T20:15:32.381901+00:00,123.0,200,ask,,,13226454
2026-06-30T06:15:32.771821,2026-06-29T20:15:33.583959+00:00,122.9,200,bid,,,13226472
2026-06-30T06:15:34.780393,2026-06-29T20:15:35.597497+00:00,122.9,25,ask,,,13226495
2026-06-30T06:15:34.856152,2026-06-29T20:15:35.674031+00:00,122.9,25,ask,,,13226498
2026-06-30T06:15:34.990351,2026-06-29T20:15:35.814996+00:00,122.9,25,ask,,,13226503
2026-06-30T06:15:35.066339,2026-06-29T20:15:35.878977+00:00,122.9,25,ask,,,13226505
2026-06-30T06:15:35.206795,2026-06-29T20:15:36.020966+00:00,122.9,25,ask,,,13226509
2026-06-30T06:15:35.276652,2026-06-29T20:15:36.087344+00:00,122.9,25,ask,,,13226513
2026-06-30T06:15:37.617419,2026-06-29T20:15:38.438041+00:00,122.9,200,bid,,,13226557
2026-06-30T06:15:38.826745,2026-06-29T20:15:39.637603+00:00,122.9,200,ask,,,13226572
2026-06-30T06:15:40.926062,2026-06-29T20:15:41.738080+00:00,123.0,200,bid,,,13226600
2026-06-30T06:15:42.267630,2026-06-29T20:15:43.086525+00:00,123.0,20,ask,,,13226623
2026-06-30T06:15:46.094904,2026-06-29T20:15:46.909943+00:00,123.0,200,ask,,,13226697
2026-06-30T06:15:47.301654,2026-06-29T20:15:48.120095+00:00,122.9,200,ask,,,13226718
2026-06-30T06:15:47.514871,2026-06-29T20:15:48.327956+00:00,122.9,25,bid,,,13226722
2026-06-30T06:15:47.642913,2026-06-29T20:15:48.458350+00:00,122.9,25,bid,,,13226728
2026-06-30T06:15:47.726913,2026-06-29T20:15:48.546381+00:00,122.9,25,bid,,,13226732
2026-06-30T06:15:47.863204,2026-06-29T20:15:48.677223+00:00,122.9,25,bid,,,13226735
2026-06-30T06:15:47.937067,2026-06-29T20:15:48.754677+00:00,122.9,25,bid,,,13226737
2026-06-30T06:15:48.072407,2026-06-29T20:15:48.885521+00:00,122.9,25,bid,,,13226743
2026-06-30T06:15:48.151518,2026-06-29T20:15:48.961054+00:00,122.9,25,bid,,,13226747
2026-06-30T06:15:48.206342,2026-06-29T20:15:49.016376+00:00,122.9,20,bid,,,13226749
2026-06-30T06:15:48.286591,2026-06-29T20:15:49.102995+00:00,122.9,25,bid,,,13226755
2026-06-30T06:15:50.084818,2026-06-29T20:15:50.902058+00:00,122.7,3,ask,,,13226783
2026-06-30T06:15:50.084818,2026-06-29T20:15:50.902058+00:00,122.7,200,ask,,,13226784
2026-06-30T06:15:50.098994,2026-06-29T20:15:50.913121+00:00,122.7,25,bid,,,13226786
2026-06-30T06:15:50.103274,2026-06-29T20:15:50.913121+00:00,122.5,2,ask,,,13226787
2026-06-30T06:15:50.307792,2026-06-29T20:15:51.118595+00:00,122.5,2,ask,,,13226789
2026-06-30T06:15:50.513267,2026-06-29T20:15:51.327433+00:00,122.5,2,ask,,,13226800
2026-06-30T06:15:50.718233,2026-06-29T20:15:51.534457+00:00,122.5,2,ask,,,13226809
2026-06-30T06:15:50.923313,2026-06-29T20:15:51.741853+00:00,122.5,2,ask,,,13226810
2026-06-30T06:15:51.128113,2026-06-29T20:15:51.938201+00:00,122.5,2,ask,,,13226812
2026-06-30T06:15:51.333743,2026-06-29T20:15:52.146954+00:00,122.6,3,ask,,,13226817
