timestamp,recv_time,price,volume,aggressor_side,buyer,seller,trade_id
2026-07-08T12:00:00.436598,2026-07-08T12:00:00.444642+00:00,135.8,8,ask,,,12152499
2026-07-08T12:00:00.893599,2026-07-08T12:00:00.905682+00:00,135.8,2,ask,,,12152503
2026-07-08T12:00:02.319385,2026-07-08T12:00:02.330482+00:00,135.7,25,ask,,,12152536
2026-07-08T12:00:02.340746,2026-07-08T12:00:02.351167+00:00,135.8,5,ask,,,12152539
2026-07-08T12:00:02.619968,2026-07-08T12:00:02.621830+00:00,135.8,25,ask,,,12152544
2026-07-08T12:00:02.633069,2026-07-08T12:00:02.621830+00:00,135.8,5,ask,,,12152546
2026-07-08T12:00:03.630609,2026-07-08T12:00:03.640159+00:00,135.8,200,ask,,,12152567
2026-07-08T12:00:03.749212,2026-07-08T12:00:03.754085+00:00,135.8,2,bid,,,12152572
2026-07-08T12:00:05.251668,2026-07-08T12:00:05.255881+00:00,135.6,18,ask,,,12152602
2026-07-08T12:00:06.262714,2026-07-08T12:00:06.269347+00:00,135.7,200,ask,,,12152616
2026-07-08T12:00:06.262714,2026-07-08T12:00:06.285291+00:00,135.6,8,ask,,,12152617
2026-07-08T12:00:06.281069,2026-07-08T12:00:06.285291+00:00,135.6,1,bid,,,12152619
2026-07-08T12:00:07.272222,2026-07-08T12:00:07.284380+00:00,135.6,200,bid,,,12152639
2026-07-08T12:00:07.555009,2026-07-08T12:00:07.558211+00:00,135.6,216,bid,,,12152643
2026-07-08T12:00:07.555009,2026-07-08T12:00:07.568984+00:00,135.6,8,bid,,,12152644
2026-07-08T12:00:07.605789,2026-07-08T12:00:07.610371+00:00,135.7,2,ask,,,12152646
2026-07-08T12:00:07.971081,2026-07-08T12:00:07.982762+00:00,135.7,25,ask,,,12152651
2026-07-08T12:00:08.485261,2026-07-08T12:00:08.492768+00:00,135.7,200,ask,,,12152660
2026-07-08T12:00:10.233085,2026-07-08T12:00:10.258569+00:00,135.7,200,ask,,,12152693
2026-07-08T12:00:10.233085,2026-07-08T12:00:10.258569+00:00,135.7,8,ask,,,12152694
2026-07-08T12:00:10.253774,2026-07-08T12:00:10.258569+00:00,135.6,2,bid,,,12152697
2026-07-08T12:00:10.563430,2026-07-08T12:00:10.574806+00:00,135.6,415,bid,,,12152700
2026-07-08T12:00:14.172156,2026-07-08T12:00:14.183057+00:00,135.9,200,bid,,,12152758
2026-07-08T12:00:14.172156,2026-07-08T12:00:14.183057+00:00,136.0,8,bid,,,12152759
2026-07-08T12:00:14.550537,2026-07-08T12:00:14.558683+00:00,136.1,200,ask,,,12152768
2026-07-08T12:00:17.428330,2026-07-08T12:00:17.432762+00:00,136.0,2,bid,,,12152816
2026-07-08T12:00:17.496227,2026-07-08T12:00:17.508507+00:00,136.0,5,bid,,,12152818
2026-07-08T12:00:17.741028,2026-07-08T12:00:17.745568+00:00,135.9,2,ask,,,12152822
2026-07-08T12:00:18.048578,2026-07-08T12:00:18.063718+00:00,136.0,5,bid,,,12152830
2026-07-08T12:00:18.092709,2026-07-08T12:00:18.104689+00:00,136.0,5,bid,,,12152831
2026-07-08T12:00:18.128856,2026-07-08T12:00:18.135929+00:00,136.0,183,bid,,,12152834
2026-07-08T12:00:18.324044,2026-07-08T12:00:18.333357+00:00,136.0,10,ask,,,12152841
2026-07-08T12:00:18.339638,2026-07-08T12:00:18.349309+00:00,136.1,5,bid,,,12152843
2026-07-08T12:00:18.618768,2026-07-08T12:00:18.630682+00:00,136.1,5,bid,,,12152848
2026-07-08T12:00:19.046149,2026-07-08T12:00:19.048312+00:00,136.1,2,bid,,,12152853
2026-07-08T12:00:19.162961,2026-07-08T12:00:19.174333+00:00,136.1,1,bid,,,12152856
2026-07-08T12:00:19.442230,2026-07-08T12:00:19.452037+00:00,136.1,200,bid,,,12152863
2026-07-08T12:00:21.072335,2026-07-08T12:00:21.079582+00:00,136.2,2,bid,,,12152891
2026-07-08T12:00:21.084519,2026-07-08T12:00:21.100103+00:00,136.2,5,bid,,,12152893
2026-07-08T12:00:21.096086,2026-07-08T12:00:21.100103+00:00,136.2,2,bid,,,12152895
2026-07-08T12:00:21.366822,2026-07-08T12:00:21.374819+00:00,136.2,5,bid,,,12152903
2026-07-08T12:00:22.209366,2026-07-08T12:00:22.216419+00:00,136.3,2,bid,,,12152914
2026-07-08T12:00:24.065357,2026-07-08T12:00:24.070021+00:00,136.1,2,ask,,,12152949
2026-07-08T12:00:24.366948,2026-07-08T12:00:24.379055+00:00,136.1,23,ask,,,12152952
2026-07-08T12:00:24.730752,2026-07-08T12:00:24.741455+00:00,136.1,177,ask,,,12152968
2026-07-08T12:00:25.188505,2026-07-08T12:00:25.200778+00:00,136.1,5,bid,,,12152978
2026-07-08T12:00:25.452343,2026-07-08T12:00:25.469118+00:00,136.1,1,bid,,,12152980
2026-07-08T12:00:26.253185,2026-07-08T12:00:26.258607+00:00,136.1,6,ask,,,12152995
2026-07-08T12:00:27.352793,2026-07-08T12:00:27.364574+00:00,136.2,200,bid,,,12153010
2026-07-08T12:00:27.408444,2026-07-08T12:00:27.420679+00:00,136.2,20,ask,,,12153011
2026-07-08T12:00:27.866185,2026-07-08T12:00:27.876990+00:00,136.2,200,ask,,,12153019
2026-07-08T12:00:28.163490,2026-07-08T12:00:28.174212+00:00,136.2,3,ask,,,12153022
2026-07-08T12:00:28.219004,2026-07-08T12:00:28.230856+00:00,136.2,2,ask,,,12153023
2026-07-08T12:00:28.313144,2026-07-08T12:00:28.326172+00:00,136.4,20,bid,,,12153027
2026-07-08T12:00:31.298274,2026-07-08T12:00:31.319478+00:00,136.3,200,bid,,,12153075
2026-07-08T12:00:31.298274,2026-07-08T12:00:31.319478+00:00,136.3,8,bid,,,12153076
2026-07-08T12:00:31.315363,2026-07-08T12:00:31.319478+00:00,136.3,3,ask,,,12153079
2026-07-08T12:00:31.560955,2026-07-08T12:00:31.569399+00:00,136.3,9,ask,,,12153081
2026-07-08T12:00:33.332715,2026-07-08T12:00:33.343216+00:00,136.3,25,ask,,,12153106
2026-07-08T12:00:36.558570,2026-07-08T12:00:36.570131+00:00,136.4,8,bid,,,12153151
2026-07-08T12:00:36.846465,2026-07-08T12:00:36.851983+00:00,136.4,2,ask,,,12153156
2026-07-08T12:00:38.105228,2026-07-08T12:00:38.117315+00:00,136.4,20,ask,,,12153181
2026-07-08T12:00:38.448954,2026-07-08T12:00:38.458622+00:00,136.4,2,ask,,,12153186
2026-07-08T12:00:39.983003,2026-07-08T12:00:39.993041+00:00,136.5,200,bid,,,12153206
2026-07-08T12:00:41.190914,2026-07-08T12:00:41.200228+00:00,136.6,200,bid,,,12153221
2026-07-08T12:00:42.400440,2026-07-08T12:00:42.411277+00:00,136.5,200,bid,,,12153245
2026-07-08T12:00:42.470627,2026-07-08T12:00:42.474371+00:00,136.4,2,ask,,,12153249
2026-07-08T12:00:43.079017,2026-07-08T12:00:43.083925+00:00,136.4,19,ask,,,12153257
2026-07-08T12:00:43.272067,2026-07-08T12:00:43.280793+00:00,136.4,25,ask,,,12153259
2026-07-08T12:00:43.309013,2026-07-08T12:00:43.313297+00:00,136.4,2,ask,,,12153263
2026-07-08T12:00:43.565035,2026-07-08T12:00:43.576548+00:00,136.4,21,ask,,,12153270
2026-07-08T12:00:43.609381,2026-07-08T12:00:43.618346+00:00,136.5,200,bid,,,12153274
2026-07-08T12:00:43.701583,2026-07-08T12:00:43.711037+00:00,136.4,2,ask,,,12153277
2026-07-08T12:00:44.170877,2026-07-08T12:00:44.259389+00:00,136.4,2,ask,,,12153287
2026-07-08T12:00:45.743292,2026-07-08T12:00:45.752158+00:00,136.4,200,ask,,,12153314
2026-07-08T12:00:49.464157,2026-07-08T12:00:49.475997+00:00,136.1,20,ask,,,12153371
2026-07-08T12:00:52.250798,2026-07-08T12:00:52.262412+00:00,136.5,20,bid,,,12153409
2026-07-08T12:00:52.560479,2026-07-08T12:00:52.564453+00:00,136.4,2,ask,,,12153413
2026-07-08T12:00:52.985329,2026-07-08T12:00:52.996153+00:00,136.4,2,ask,,,12153418
2026-07-08T12:00:54.927215,2026-07-08T12:00:54.933907+00:00,136.6,200,bid,,,12153455
2026-07-08T12:00:56.940009,2026-07-08T12:00:56.944061+00:00,136.7,6,bid,,,12153486
2026-07-08T12:00:57.420192,2026-07-08T12:00:57.424457+00:00,136.7,2,bid,,,12153489
2026-07-08T12:00:58.872984,2026-07-08T12:00:58.884991+00:00,136.7,200,bid,,,12153509
2026-07-08T12:00:59.426560,2026-07-08T12:00:59.438293+00:00,136.7,20,ask,,,12153523
2026-07-08T12:00:59.634343,2026-07-08T12:00:59.642641+00:00,136.7,405,ask,,,12153527
2026-07-08T12:01:00.189940,2026-07-08T12:01:00.197926+00:00,136.6,200,ask,,,12153540
2026-07-08T12:01:00.541841,2026-07-08T12:01:00.551637+00:00,136.6,200,bid,,,12153543
2026-07-08T12:01:01.499541,2026-07-08T12:01:01.509118+00:00,136.7,500,bid,,,12153560
2026-07-08T12:01:01.499541,2026-07-08T12:01:01.509118+00:00,136.7,8,bid,,,12153561
2026-07-08T12:01:01.880526,2026-07-08T12:01:01.885007+00:00,136.7,2,ask,,,12153570
2026-07-08T12:01:02.193620,2026-07-08T12:01:02.203113+00:00,136.7,20,ask,,,12153574
2026-07-08T12:01:02.959985,2026-07-08T12:01:02.969624+00:00,136.7,200,bid,,,12153579
2026-07-08T12:01:05.378662,2026-07-08T12:01:05.390042+00:00,136.8,200,bid,,,12153617
2026-07-08T12:01:05.690636,2026-07-08T12:01:05.698226+00:00,136.7,500,ask,,,12153623
2026-07-08T12:01:06.330893,2026-07-08T12:01:06.335068+00:00,136.7,2,ask,,,12153640
2026-07-08T12:01:06.766231,2026-07-08T12:01:06.774009+00:00,136.6,200,ask,,,12153646
2026-07-08T12:01:06.766231,2026-07-08T12:01:06.791851+00:00,136.6,8,ask,,,12153647
2026-07-08T12:01:06.787279,2026-07-08T12:01:06.791851+00:00,136.5,14,bid,,,12153649
2026-07-08T12:01:07.794495,2026-07-08T12:01:07.804341+00:00,136.5,200,bid,,,12153663
2026-07-08T12:01:08.764964,2026-07-08T12:01:08.769204+00:00,136.4,2,ask,,,12153691
2026-07-08T12:01:09.183080,2026-07-08T12:01:09.187434+00:00,136.4,2,ask,,,12153697
2026-07-08T12:01:09.597398,2026-07-08T12:01:09.601717+00:00,136.4,2,ask,,,12153709
2026-07-08T12:01:10.011233,2026-07-08T12:01:10.014862+00:00,136.4,2,ask,,,12153715
2026-07-08T12:01:10.431684,2026-07-08T12:01:10.436601+00:00,136.4,2,ask,,,12153725
2026-07-08T12:01:10.849721,2026-07-08T12:01:10.854491+00:00,136.4,2,ask,,,12153732
2026-07-08T12:01:11.676394,2026-07-08T12:01:11.680578+00:00,136.6,2,bid,,,12153745
2026-07-08T12:01:12.085457,2026-07-08T12:01:12.090276+00:00,136.6,2,bid,,,12153757
2026-07-08T12:01:12.528577,2026-07-08T12:01:12.537058+00:00,136.6,2,bid,,,12153770
2026-07-08T12:01:12.654632,2026-07-08T12:01:12.659377+00:00,136.5,4,bid,,,12153774
2026-07-08T12:01:13.048820,2026-07-08T12:01:13.060527+00:00,136.3,20,ask,,,12153778
2026-07-08T12:01:14.187913,2026-07-08T12:01:14.197191+00:00,136.4,500,ask,,,12153797
2026-07-08T12:01:14.643678,2026-07-08T12:01:14.655133+00:00,136.3,200,ask,,,12153803
2026-07-08T12:01:17.276000,2026-07-08T12:01:17.286608+00:00,136.3,200,bid,,,12153848
2026-07-08T12:01:17.301013,2026-07-08T12:01:17.305435+00:00,136.3,2,ask,,,12153850
2026-07-08T12:01:17.378143,2026-07-08T12:01:17.382781+00:00,136.3,2,ask,,,12153854
2026-07-08T12:01:17.857148,2026-07-08T12:01:17.866365+00:00,136.4,20,bid,,,12153858
2026-07-08T12:01:18.943856,2026-07-08T12:01:18.950611+00:00,136.2,20,bid,,,12153878
2026-07-08T12:01:19.319427,2026-07-08T12:01:19.323659+00:00,136.1,6,ask,,,12153888
2026-07-08T12:01:19.883607,2026-07-08T12:01:19.894755+00:00,136.2,200,bid,,,12153903
2026-07-08T12:01:20.976315,2026-07-08T12:01:20.985086+00:00,136.3,20,bid,,,12153918
2026-07-08T12:01:21.054954,2026-07-08T12:01:21.059485+00:00,136.1,34,ask,,,12153922
2026-07-08T12:01:21.393068,2026-07-08T12:01:21.403057+00:00,136.1,18,ask,,,12153929
2026-07-08T12:01:22.891955,2026-07-08T12:01:22.903206+00:00,136.2,20,bid,,,12153953
2026-07-08T12:01:26.494840,2026-07-08T12:01:26.502894+00:00,136.1,200,ask,,,12154008
2026-07-08T12:01:26.515264,2026-07-08T12:01:26.519314+00:00,136.1,11,bid,,,12154011
2026-07-08T12:01:27.158524,2026-07-08T12:01:27.170170+00:00,136.1,200,bid,,,12154017
2026-07-08T12:01:27.804325,2026-07-08T12:01:27.815860+00:00,136.1,8,bid,,,12154029
2026-07-08T12:01:31.674545,2026-07-08T12:01:31.686711+00:00,136.1,20,ask,,,12154086
2026-07-08T12:01:33.661539,2026-07-08T12:01:33.665617+00:00,136.3,23,bid,,,12154120
2026-07-08T12:01:33.846537,2026-07-08T12:01:33.868579+00:00,136.3,4,bid,,,12154123
2026-07-08T12:01:33.864634,2026-07-08T12:01:33.868579+00:00,136.3,2,bid,,,12154126
2026-07-08T12:01:34.264961,2026-07-08T12:01:34.273440+00:00,136.3,1,bid,,,12154130
2026-07-08T12:01:34.290909,2026-07-08T12:01:34.294877+00:00,136.3,2,bid,,,12154133
2026-07-08T12:01:36.876226,2026-07-08T12:01:36.880587+00:00,136.3,4,ask,,,12154185
2026-07-08T12:01:39.190851,2026-07-08T12:01:39.194819+00:00,136.4,2,bid,,,12154215
2026-07-08T12:01:39.984734,2026-07-08T12:01:39.988838+00:00,136.4,10,bid,,,12154236
2026-07-08T12:01:40.403829,2026-07-08T12:01:40.407835+00:00,136.4,2,bid,,,12154242
2026-07-08T12:01:41.454874,2026-07-08T12:01:41.459360+00:00,136.3,9,bid,,,12154253
2026-07-08T12:01:41.706150,2026-07-08T12:01:41.715699+00:00,136.3,200,bid,,,12154257
2026-07-08T12:01:43.198440,2026-07-08T12:01:43.203447+00:00,136.1,11,ask,,,12154277
2026-07-08T12:01:48.981225,2026-07-08T12:01:48.988197+00:00,136.0,200,bid,,,12154370
2026-07-08T12:01:53.826204,2026-07-08T12:01:53.834546+00:00,135.9,200,ask,,,12154422
2026-07-08T12:01:56.576646,2026-07-08T12:01:56.584677+00:00,135.9,200,bid,,,12154466
2026-07-08T12:01:57.456728,2026-07-08T12:01:57.464955+00:00,135.9,200,ask,,,12154480
2026-07-08T12:01:59.875115,2026-07-08T12:01:59.884797+00:00,135.7,200,ask,,,12154514
2026-07-08T12:02:01.082539,2026-07-08T12:02:01.092016+00:00,135.8,8,ask,,,12154534
2026-07-08T12:02:02.004780,2026-07-08T12:02:02.013924+00:00,135.8,192,bid,,,12154554
2026-07-08T12:02:02.289973,2026-07-08T12:02:02.297558+00:00,135.9,8,ask,,,12154561
2026-07-08T12:02:03.498953,2026-07-08T12:02:03.506683+00:00,135.7,200,ask,,,12154580
2026-07-08T12:02:05.922265,2026-07-08T12:02:05.933318+00:00,135.7,200,ask,,,12154641
2026-07-08T12:02:07.144752,2026-07-08T12:02:07.170382+00:00,135.7,8,bid,,,12154659
2026-07-08T12:02:07.166053,2026-07-08T12:02:07.170382+00:00,135.7,2,bid,,,12154661
2026-07-08T12:02:08.577683,2026-07-08T12:02:08.599425+00:00,135.6,200,ask,,,12154685
2026-07-08T12:02:08.577683,2026-07-08T12:02:08.599425+00:00,135.6,8,ask,,,12154686
2026-07-08T12:02:08.595330,2026-07-08T12:02:08.599425+00:00,135.6,9,bid,,,12154688
2026-07-08T12:02:10.311596,2026-07-08T12:02:10.316361+00:00,135.5,2,ask,,,12154714
2026-07-08T12:02:10.423156,2026-07-08T12:02:10.435177+00:00,135.5,20,ask,,,12154717
2026-07-08T12:02:11.264352,2026-07-08T12:02:11.268498+00:00,135.6,2,ask,,,12154729
2026-07-08T12:02:12.770665,2026-07-08T12:02:12.775186+00:00,135.6,2,ask,,,12154751
2026-07-08T12:02:13.180272,2026-07-08T12:02:13.184092+00:00,135.6,2,ask,,,12154765
2026-07-08T12:02:13.197631,2026-07-08T12:02:13.204721+00:00,135.6,200,ask,,,12154766
2026-07-08T12:02:15.162693,2026-07-08T12:02:15.169887+00:00,135.6,200,bid,,,12154786
2026-07-08T12:02:15.162693,2026-07-08T12:02:15.175106+00:00,135.6,8,bid,,,12154787
2026-07-08T12:02:15.612980,2026-07-08T12:02:15.622539+00:00,135.6,200,ask,,,12154799
2026-07-08T12:02:16.015824,2026-07-08T12:02:16.019866+00:00,135.6,2,ask,,,12154807
2026-07-08T12:02:16.478107,2026-07-08T12:02:16.486292+00:00,135.6,8,ask,,,12154820
2026-07-08T12:02:18.627033,2026-07-08T12:02:18.639063+00:00,135.6,20,bid,,,12154846
2026-07-08T12:02:19.237377,2026-07-08T12:02:19.244792+00:00,135.6,200,bid,,,12154858
2026-07-08T12:02:20.423173,2026-07-08T12:02:20.427064+00:00,135.5,2,bid,,,12154880
2026-07-08T12:02:21.722430,2026-07-08T12:02:21.733176+00:00,135.4,500,ask,,,12154890
2026-07-08T12:02:21.739189,2026-07-08T12:02:21.743478+00:00,135.4,2,bid,,,12154892
2026-07-08T12:02:22.007173,2026-07-08T12:02:22.014014+00:00,135.4,123,bid,,,12154900
2026-07-08T12:02:24.101635,2026-07-08T12:02:24.110413+00:00,135.4,200,ask,,,12154934
2026-07-08T12:02:24.327695,2026-07-08T12:02:24.331588+00:00,135.4,5,ask,,,12154942
2026-07-08T12:02:28.941784,2026-07-08T12:02:28.957675+00:00,135.5,200,ask,,,12154996
2026-07-08T12:02:30.616381,2026-07-08T12:02:30.620729+00:00,135.7,14,bid,,,12155040
2026-07-08T12:02:30.939049,2026-07-08T12:02:30.947347+00:00,135.7,2,bid,,,12155046
2026-07-08T12:02:32.563024,2026-07-08T12:02:32.574789+00:00,135.8,2,bid,,,12155076
2026-07-08T12:02:33.178488,2026-07-08T12:02:33.188203+00:00,135.7,20,ask,,,12155085
2026-07-08T12:02:34.259092,2026-07-08T12:02:34.268079+00:00,135.8,20,bid,,,12155104
2026-07-08T12:02:34.888122,2026-07-08T12:02:34.896807+00:00,135.7,200,ask,,,12155105
2026-07-08T12:02:35.004899,2026-07-08T12:02:35.013926+00:00,135.7,200,bid,,,12155107
2026-07-08T12:02:35.209333,2026-07-08T12:02:35.221305+00:00,135.7,2,bid,,,12155109
2026-07-08T12:02:36.213932,2026-07-08T12:02:36.222982+00:00,135.8,8,bid,,,12155126
2026-07-08T12:02:36.283513,2026-07-08T12:02:36.290894+00:00,135.8,2,ask,,,12155128
2026-07-08T12:02:36.992733,2026-07-08T12:02:37.004603+00:00,135.9,20,bid,,,12155144
2026-07-08T12:02:38.641272,2026-07-08T12:02:38.649166+00:00,135.8,200,bid,,,12155168
2026-07-08T12:02:46.231436,2026-07-08T12:02:46.238702+00:00,135.7,500,bid,,,12155301
2026-07-08T12:02:46.689455,2026-07-08T12:02:46.696807+00:00,135.8,8,bid,,,12155308
2026-07-08T12:02:46.689455,2026-07-08T12:02:46.713378+00:00,135.9,200,bid,,,12155309
2026-07-08T12:02:46.708683,2026-07-08T12:02:46.713378+00:00,135.9,14,ask,,,12155311
2026-07-08T12:02:48.232460,2026-07-08T12:02:48.237044+00:00,135.9,2,ask,,,12155333
2026-07-08T12:02:48.347019,2026-07-08T12:02:48.357095+00:00,135.9,200,ask,,,12155334
2026-07-08T12:02:48.973732,2026-07-08T12:02:48.985758+00:00,136.1,2,bid,,,12155342
2026-07-08T12:02:49.313674,2026-07-08T12:02:49.324377+00:00,135.9,8,ask,,,12155351
2026-07-08T12:02:49.438914,2026-07-08T12:02:49.443081+00:00,135.9,2,bid,,,12155354
2026-07-08T12:02:49.465299,2026-07-08T12:02:49.469588+00:00,135.9,2,bid,,,12155356
2026-07-08T12:02:49.529689,2026-07-08T12:02:49.538110+00:00,135.9,5,bid,,,12155359
2026-07-08T12:02:49.668124,2026-07-08T12:02:49.672940+00:00,135.9,12,bid,,,12155363
2026-07-08T12:02:49.802969,2026-07-08T12:02:49.811683+00:00,135.9,5,bid,,,12155364
2026-07-08T12:02:51.983123,2026-07-08T12:02:51.994616+00:00,135.8,5,bid,,,12155404
2026-07-08T12:02:52.059566,2026-07-08T12:02:52.063713+00:00,135.8,3,bid,,,12155407
2026-07-08T12:02:52.124541,2026-07-08T12:02:52.135885+00:00,135.8,25,bid,,,12155409
2026-07-08T12:02:52.133682,2026-07-08T12:02:52.141093+00:00,135.7,20,ask,,,12155411
2026-07-08T12:02:52.253852,2026-07-08T12:02:52.255230+00:00,135.8,5,bid,,,12155413
2026-07-08T12:02:52.579254,2026-07-08T12:02:52.587349+00:00,135.8,5,bid,,,12155419
2026-07-08T12:02:52.853110,2026-07-08T12:02:52.858583+00:00,135.8,5,bid,,,12155427
2026-07-08T12:02:52.928305,2026-07-08T12:02:52.932564+00:00,135.7,3,ask,,,12155434
2026-07-08T12:02:53.132769,2026-07-08T12:02:53.144609+00:00,135.7,25,ask,,,12155439
2026-07-08T12:02:53.137228,2026-07-08T12:02:53.144609+00:00,135.7,25,ask,,,12155440
2026-07-08T12:02:53.243008,2026-07-08T12:02:53.251934+00:00,135.7,200,ask,,,12155446
2026-07-08T12:02:53.437564,2026-07-08T12:02:53.449029+00:00,135.7,5,bid,,,12155447
2026-07-08T12:02:54.269516,2026-07-08T12:02:54.276231+00:00,135.7,3,bid,,,12155461
2026-07-08T12:02:54.327037,2026-07-08T12:02:54.333539+00:00,135.7,2,bid,,,12155462
2026-07-08T12:02:56.167322,2026-07-08T12:02:56.175191+00:00,135.8,25,bid,,,12155494
2026-07-08T12:02:56.170950,2026-07-08T12:02:56.175191+00:00,135.8,3,bid,,,12155495
2026-07-08T12:02:56.348435,2026-07-08T12:02:56.360368+00:00,135.8,2,bid,,,12155500
2026-07-08T12:02:56.467946,2026-07-08T12:02:56.475085+00:00,135.8,5,bid,,,12155504
2026-07-08T12:02:56.786566,2026-07-08T12:02:56.797124+00:00,135.8,25,bid,,,12155515
2026-07-08T12:02:56.789636,2026-07-08T12:02:56.797124+00:00,135.8,25,bid,,,12155516
2026-07-08T12:02:57.090094,2026-07-08T12:02:57.100280+00:00,135.6,5,ask,,,12155529
2026-07-08T12:02:57.370489,2026-07-08T12:02:57.378007+00:00,135.6,5,ask,,,12155538
2026-07-08T12:02:57.616220,2026-07-08T12:02:57.627922+00:00,135.8,20,bid,,,12155542
2026-07-08T12:02:57.906303,2026-07-08T12:02:57.917175+00:00,135.8,5,bid,,,12155549
2026-07-08T12:02:58.179205,2026-07-08T12:02:58.186703+00:00,135.8,5,bid,,,12155556
2026-07-08T12:02:58.446688,2026-07-08T12:02:58.458557+00:00,135.8,5,bid,,,12155566
2026-07-08T12:02:58.715941,2026-07-08T12:02:58.727693+00:00,135.8,5,bid,,,12155569
2026-07-08T12:02:59.867317,2026-07-08T12:02:59.874064+00:00,135.5,20,ask,,,12155585
2026-07-08T12:03:02.527758,2026-07-08T12:03:02.535703+00:00,135.7,25,bid,,,12155638
2026-07-08T12:03:02.852436,2026-07-08T12:03:02.863930+00:00,135.7,25,bid,,,12155646
2026-07-08T12:03:03.418227,2026-07-08T12:03:03.429330+00:00,135.7,25,bid,,,12155655
2026-07-08T12:03:03.421727,2026-07-08T12:03:03.429330+00:00,135.7,25,bid,,,12155656
2026-07-08T12:03:03.768672,2026-07-08T12:03:03.775342+00:00,135.7,150,bid,,,12155663
2026-07-08T12:03:03.986718,2026-07-08T12:03:03.998611+00:00,135.7,5,ask,,,12155666
2026-07-08T12:03:04.265790,2026-07-08T12:03:04.277352+00:00,135.8,5,ask,,,12155671
2026-07-08T12:03:04.537247,2026-07-08T12:03:04.549292+00:00,135.8,5,ask,,,12155676
2026-07-08T12:03:04.812662,2026-07-08T12:03:04.823079+00:00,135.8,5,ask,,,12155681
2026-07-08T12:03:05.091526,2026-07-08T12:03:05.102357+00:00,135.8,185,ask,,,12155688
2026-07-08T12:03:05.091526,2026-07-08T12:03:05.102357+00:00,135.7,8,ask,,,12155689
2026-07-08T12:03:05.103971,2026-07-08T12:03:05.112759+00:00,135.6,25,bid,,,12155691
2026-07-08T12:03:05.166625,2026-07-08T12:03:05.171596+00:00,135.5,8,bid,,,12155694
2026-07-08T12:03:05.244147,2026-07-08T12:03:05.254067+00:00,135.6,25,bid,,,12155698
2026-07-08T12:03:05.253802,2026-07-08T12:03:05.264494+00:00,135.6,62,bid,,,12155701
2026-07-08T12:03:05.258344,2026-07-08T12:03:05.269700+00:00,135.4,10,ask,,,12155702
2026-07-08T12:03:05.382821,2026-07-08T12:03:05.394760+00:00,135.5,5,ask,,,12155704
2026-07-08T12:03:05.563753,2026-07-08T12:03:05.567954+00:00,135.5,11,ask,,,12155708
2026-07-08T12:03:05.675856,2026-07-08T12:03:05.687356+00:00,135.5,3,ask,,,12155710
2026-07-08T12:03:05.676136,2026-07-08T12:03:05.692372+00:00,135.5,5,ask,,,12155711
2026-07-08T12:03:05.955295,2026-07-08T12:03:05.967345+00:00,135.5,3,ask,,,12155712
2026-07-08T12:03:06.495422,2026-07-08T12:03:06.502324+00:00,135.6,200,bid,,,12155726
2026-07-08T12:03:07.710858,2026-07-08T12:03:07.718681+00:00,135.6,200,bid,,,12155747
2026-07-08T12:03:07.724039,2026-07-08T12:03:07.734566+00:00,135.6,8,bid,,,12155749
2026-07-08T12:03:07.727160,2026-07-08T12:03:07.734566+00:00,135.8,200,ask,,,12155750
2026-07-08T12:03:08.109517,2026-07-08T12:03:08.118431+00:00,135.8,25,ask,,,12155758
2026-07-08T12:03:08.121496,2026-07-08T12:03:08.128810+00:00,135.9,5,bid,,,12155761
2026-07-08T12:03:08.933986,2026-07-08T12:03:08.943521+00:00,135.8,200,ask,,,12155769
2026-07-08T12:03:10.130930,2026-07-08T12:03:10.135532+00:00,135.9,2,bid,,,12155790
2026-07-08T12:03:10.165593,2026-07-08T12:03:10.170804+00:00,135.8,1,bid,,,12155793
2026-07-08T12:03:10.266210,2026-07-08T12:03:10.275247+00:00,135.8,25,bid,,,12155797
2026-07-08T12:03:10.337751,2026-07-08T12:03:10.349436+00:00,135.8,25,bid,,,12155802
2026-07-08T12:03:10.518393,2026-07-08T12:03:10.530006+00:00,135.8,25,bid,,,12155813
2026-07-08T12:03:11.912608,2026-07-08T12:03:11.917217+00:00,135.7,3,ask,,,12155830
2026-07-08T12:03:12.570318,2026-07-08T12:03:12.580329+00:00,135.7,200,ask,,,12155838
2026-07-08T12:03:13.761248,2026-07-08T12:03:13.773179+00:00,135.6,2,ask,,,12155858
2026-07-08T12:03:15.443087,2026-07-08T12:03:15.457320+00:00,135.6,20,ask,,,12155899
2026-07-08T12:03:16.204394,2026-07-08T12:03:16.215418+00:00,135.7,200,bid,,,12155914
2026-07-08T12:03:18.256963,2026-07-08T12:03:18.266970+00:00,135.6,200,ask,,,12155937
2026-07-08T12:03:19.430157,2026-07-08T12:03:19.434348+00:00,135.6,2,bid,,,12155954
2026-07-08T12:03:19.834828,2026-07-08T12:03:19.844004+00:00,135.6,200,ask,,,12155961
2026-07-08T12:03:21.350949,2026-07-08T12:03:21.358071+00:00,135.7,25,bid,,,12155980
2026-07-08T12:03:21.353945,2026-07-08T12:03:21.358071+00:00,135.7,12,bid,,,12155981
2026-07-08T12:03:21.443892,2026-07-08T12:03:21.458746+00:00,135.7,15,bid,,,12155988
2026-07-08T12:03:21.515193,2026-07-08T12:03:21.526571+00:00,135.7,25,bid,,,12155990
2026-07-08T12:03:21.563613,2026-07-08T12:03:21.571260+00:00,135.7,25,bid,,,12155992
2026-07-08T12:03:21.795433,2026-07-08T12:03:21.804362+00:00,135.7,25,bid,,,12155996
2026-07-08T12:03:24.682772,2026-07-08T12:03:24.689931+00:00,135.6,200,ask,,,12156037
2026-07-08T12:03:25.600931,2026-07-08T12:03:25.610732+00:00,135.6,8,ask,,,12156063
2026-07-08T12:03:26.040226,2026-07-08T12:03:26.045023+00:00,135.5,11,ask,,,12156069
2026-07-08T12:03:26.126381,2026-07-08T12:03:26.134747+00:00,135.6,492,bid,,,12156071
2026-07-08T12:03:26.126381,2026-07-08T12:03:26.134747+00:00,135.7,8,bid,,,12156072
2026-07-08T12:03:26.126381,2026-07-08T12:03:26.140139+00:00,135.7,125,bid,,,12156073
2026-07-08T12:03:32.053375,2026-07-08T12:03:32.058588+00:00,135.6,18,bid,,,12156173
2026-07-08T12:03:32.875180,2026-07-08T12:03:32.885134+00:00,135.5,20,ask,,,12156189
2026-07-08T12:03:33.170119,2026-07-08T12:03:33.179796+00:00,135.5,200,ask,,,12156192
2026-07-08T12:03:34.025652,2026-07-08T12:03:34.036964+00:00,135.6,8,ask,,,12156209
2026-07-08T12:03:34.139309,2026-07-08T12:03:34.143698+00:00,135.5,8,bid,,,12156211
2026-07-08T12:03:34.157272,2026-07-08T12:03:34.164519+00:00,135.6,1,bid,,,12156212
2026-07-08T12:03:34.346562,2026-07-08T12:03:34.350732+00:00,135.6,2,bid,,,12156217
2026-07-08T12:03:35.168693,2026-07-08T12:03:35.180649+00:00,135.6,1,bid,,,12156229
2026-07-08T12:03:35.336123,2026-07-08T12:03:35.346100+00:00,135.6,200,bid,,,12156231
2026-07-08T12:03:35.336123,2026-07-08T12:03:35.346100+00:00,135.6,8,bid,,,12156232
2026-07-08T12:03:36.181446,2026-07-08T12:03:36.193363+00:00,135.8,1,bid,,,12156244
2026-07-08T12:03:38.211653,2026-07-08T12:03:38.218358+00:00,135.8,2,bid,,,12156282
2026-07-08T12:03:38.895424,2026-07-08T12:03:38.907217+00:00,135.8,10,bid,,,12156297
2026-07-08T12:03:40.238071,2026-07-08T12:03:40.248074+00:00,135.7,2,bid,,,12156325
2026-07-08T12:03:40.375442,2026-07-08T12:03:40.379528+00:00,135.7,1,bid,,,12156328
2026-07-08T12:03:40.401865,2026-07-08T12:03:40.406335+00:00,135.7,2,bid,,,12156330
2026-07-08T12:03:40.596412,2026-07-08T12:03:40.617496+00:00,135.6,200,ask,,,12156333
2026-07-08T12:03:40.613310,2026-07-08T12:03:40.617496+00:00,135.6,7,bid,,,12156337
2026-07-08T12:03:40.694895,2026-07-08T12:03:40.698751+00:00,135.5,3,bid,,,12156339
2026-07-08T12:03:40.706021,2026-07-08T12:03:40.710135+00:00,135.5,5,bid,,,12156341
2026-07-08T12:03:41.213316,2026-07-08T12:03:41.224633+00:00,135.6,10,bid,,,12156354
2026-07-08T12:03:41.245349,2026-07-08T12:03:41.263748+00:00,135.6,1,bid,,,12156355
2026-07-08T12:03:41.633724,2026-07-08T12:03:41.645034+00:00,135.6,9,bid,,,12156364
2026-07-08T12:03:42.065342,2026-07-08T12:03:42.074745+00:00,135.6,2,bid,,,12156375
2026-07-08T12:03:42.256501,2026-07-08T12:03:42.266203+00:00,135.6,1,bid,,,12156380
2026-07-08T12:03:42.340087,2026-07-08T12:03:42.351762+00:00,135.6,20,bid,,,12156384
2026-07-08T12:03:43.224857,2026-07-08T12:03:43.231789+00:00,135.4,200,ask,,,12156397
2026-07-08T12:03:43.224857,2026-07-08T12:03:43.236782+00:00,135.4,8,ask,,,12156398
2026-07-08T12:03:43.267685,2026-07-08T12:03:43.279688+00:00,135.4,1,bid,,,12156399
2026-07-08T12:03:43.286848,2026-07-08T12:03:43.295566+00:00,135.4,9,bid,,,12156402
2026-07-08T12:03:44.007268,2026-07-08T12:03:44.017251+00:00,135.4,2,bid,,,12156413
2026-07-08T12:03:44.283949,2026-07-08T12:03:44.293729+00:00,135.4,1,bid,,,12156422
2026-07-08T12:03:45.297953,2026-07-08T12:03:45.309041+00:00,135.4,1,bid,,,12156455
2026-07-08T12:03:46.312757,2026-07-08T12:03:46.321222+00:00,135.4,1,bid,,,12156477
2026-07-08T12:03:46.692584,2026-07-08T12:03:46.696922+00:00,135.4,6,bid,,,12156490
2026-07-08T12:03:47.188534,2026-07-08T12:03:47.192443+00:00,135.2,23,bid,,,12156499
2026-07-08T12:03:47.323706,2026-07-08T12:03:47.335406+00:00,135.2,1,bid,,,12156501
2026-07-08T12:03:47.352432,2026-07-08T12:03:47.356892+00:00,135.2,21,bid,,,12156504
2026-07-08T12:03:47.621509,2026-07-08T12:03:47.632935+00:00,135.2,20,bid,,,12156510
2026-07-08T12:03:47.764445,2026-07-08T12:03:47.774264+00:00,135.2,1,bid,,,12156513
2026-07-08T12:03:48.352288,2026-07-08T12:03:48.364685+00:00,135.2,1,bid,,,12156516
2026-07-08T12:03:49.126118,2026-07-08T12:03:49.134445+00:00,135.3,25,bid,,,12156539
2026-07-08T12:03:49.368610,2026-07-08T12:03:49.380386+00:00,135.3,1,bid,,,12156544
2026-07-08T12:03:49.391575,2026-07-08T12:03:49.396107+00:00,135.2,2,ask,,,12156547
2026-07-08T12:03:49.924156,2026-07-08T12:03:49.928126+00:00,135.1,9,ask,,,12156555
2026-07-08T12:03:50.380491,2026-07-08T12:03:50.392394+00:00,135.3,1,bid,,,12156562
2026-07-08T12:03:51.109165,2026-07-08T12:03:51.114428+00:00,135.2,12,ask,,,12156574
2026-07-08T12:03:51.124832,2026-07-08T12:03:51.135273+00:00,135.2,488,ask,,,12156575
2026-07-08T12:03:51.394452,2026-07-08T12:03:51.401377+00:00,135.2,1,bid,,,12156583
2026-07-08T12:03:52.405202,2026-07-08T12:03:52.416658+00:00,135.2,1,bid,,,12156595
2026-07-08T12:03:52.473400,2026-07-08T12:03:52.477323+00:00,135.3,11,ask,,,12156604
2026-07-08T12:03:53.415342,2026-07-08T12:03:53.427271+00:00,135.4,1,bid,,,12156620
2026-07-08T12:03:54.239127,2026-07-08T12:03:54.247141+00:00,135.4,25,bid,,,12156634
2026-07-08T12:03:54.302132,2026-07-08T12:03:54.314076+00:00,135.4,20,bid,,,12156635
2026-07-08T12:03:54.428940,2026-07-08T12:03:54.439790+00:00,135.4,1,bid,,,12156636
2026-07-08T12:03:55.462226,2026-07-08T12:03:55.474051+00:00,135.4,1,bid,,,12156648
2026-07-08T12:03:56.197662,2026-07-08T12:03:56.208071+00:00,135.2,200,ask,,,12156652
2026-07-08T12:03:56.400373,2026-07-08T12:03:56.405118+00:00,135.3,2,bid,,,12156657
2026-07-08T12:03:56.485880,2026-07-08T12:03:56.497971+00:00,135.3,1,bid,,,12156658
2026-07-08T12:03:57.535395,2026-07-08T12:03:57.547521+00:00,135.2,1,bid,,,12156681
2026-07-08T12:03:57.734194,2026-07-08T12:03:57.745320+00:00,135.2,199,bid,,,12156685
2026-07-08T12:03:57.734194,2026-07-08T12:03:57.745320+00:00,135.2,301,bid,,,12156686
2026-07-08T12:03:58.548779,2026-07-08T12:03:58.558644+00:00,135.2,1,bid,,,12156695
2026-07-08T12:03:59.353218,2026-07-08T12:03:59.358618+00:00,135.2,8,bid,,,12156705
2026-07-08T12:03:59.580944,2026-07-08T12:03:59.586270+00:00,135.0,2,ask,,,12156712
2026-07-08T12:03:59.825812,2026-07-08T12:03:59.835567+00:00,135.0,200,ask,,,12156714
2026-07-08T12:04:00.323281,2026-07-08T12:04:00.333527+00:00,135.1,500,ask,,,12156726
2026-07-08T12:04:00.578396,2026-07-08T12:04:00.585127+00:00,135.1,2,bid,,,12156732
2026-07-08T12:04:00.740273,2026-07-08T12:04:00.749571+00:00,135.1,123,bid,,,12156735
2026-07-08T12:04:00.892148,2026-07-08T12:04:00.896061+00:00,135.4,8,ask,,,12156744
2026-07-08T12:04:01.037505,2026-07-08T12:04:01.046079+00:00,135.1,200,ask,,,12156746
2026-07-08T12:04:01.213076,2026-07-08T12:04:01.219820+00:00,135.3,5,ask,,,12156748
2026-07-08T12:04:01.215969,2026-07-08T12:04:01.219820+00:00,135.3,3,ask,,,12156749
2026-07-08T12:04:01.646088,2026-07-08T12:04:01.650666+00:00,135.3,12,ask,,,12156761
2026-07-08T12:04:01.754488,2026-07-08T12:04:01.765406+00:00,135.3,5,ask,,,12156762
2026-07-08T12:04:02.029277,2026-07-08T12:04:02.039157+00:00,135.3,5,ask,,,12156766
2026-07-08T12:04:02.249393,2026-07-08T12:04:02.260399+00:00,135.3,200,ask,,,12156769
2026-07-08T12:04:02.301874,2026-07-08T12:04:02.313521+00:00,135.3,5,ask,,,12156772
2026-07-08T12:04:03.466952,2026-07-08T12:04:03.478234+00:00,135.2,200,ask,,,12156786
2026-07-08T12:04:04.175167,2026-07-08T12:04:04.184778+00:00,135.2,20,ask,,,12156795
2026-07-08T12:04:04.282521,2026-07-08T12:04:04.286763+00:00,135.3,11,bid,,,12156800
2026-07-08T12:04:04.403059,2026-07-08T12:04:04.413067+00:00,135.3,500,bid,,,12156801
2026-07-08T12:04:04.476758,2026-07-08T12:04:04.489607+00:00,135.3,25,bid,,,12156805
2026-07-08T12:04:04.499086,2026-07-08T12:04:04.510685+00:00,135.3,20,bid,,,12156807
2026-07-08T12:04:04.676994,2026-07-08T12:04:04.687844+00:00,135.1,200,ask,,,12156808
2026-07-08T12:04:04.996451,2026-07-08T12:04:05.007874+00:00,135.3,69,bid,,,12156813
2026-07-08T12:04:04.996451,2026-07-08T12:04:05.007874+00:00,135.4,8,bid,,,12156814
2026-07-08T12:04:05.172870,2026-07-08T12:04:05.176715+00:00,135.6,8,ask,,,12156822
2026-07-08T12:04:05.497431,2026-07-08T12:04:05.501603+00:00,135.6,3,ask,,,12156832
2026-07-08T12:04:05.568671,2026-07-08T12:04:05.580419+00:00,135.6,5,ask,,,12156833
2026-07-08T12:04:05.574597,2026-07-08T12:04:05.585667+00:00,135.4,5,ask,,,12156834
2026-07-08T12:04:05.771062,2026-07-08T12:04:05.775922+00:00,135.5,3,ask,,,12156838
2026-07-08T12:04:05.852353,2026-07-08T12:04:05.864520+00:00,135.5,5,ask,,,12156839
2026-07-08T12:04:05.886534,2026-07-08T12:04:05.898077+00:00,135.5,200,ask,,,12156842
2026-07-08T12:04:06.128382,2026-07-08T12:04:06.136692+00:00,135.5,5,ask,,,12156845
2026-07-08T12:04:06.404185,2026-07-08T12:04:06.416030+00:00,135.5,5,ask,,,12156850
2026-07-08T12:04:06.674819,2026-07-08T12:04:06.684767+00:00,135.5,5,ask,,,12156855
2026-07-08T12:04:06.833405,2026-07-08T12:04:06.846171+00:00,135.6,20,bid,,,12156858
2026-07-08T12:04:07.097446,2026-07-08T12:04:07.104039+00:00,135.5,200,ask,,,12156865
2026-07-08T12:04:07.781168,2026-07-08T12:04:07.793141+00:00,135.5,5,ask,,,12156880
2026-07-08T12:04:08.050015,2026-07-08T12:04:08.058556+00:00,135.5,5,ask,,,12156884
2026-07-08T12:04:08.632771,2026-07-08T12:04:08.641119+00:00,135.5,20,ask,,,12156898
2026-07-08T12:04:09.367850,2026-07-08T12:04:09.378060+00:00,135.5,2,ask,,,12156906
2026-07-08T12:04:09.390772,2026-07-08T12:04:09.399406+00:00,135.5,5,ask,,,12156909
2026-07-08T12:04:09.662760,2026-07-08T12:04:09.671953+00:00,135.6,5,ask,,,12156915
2026-07-08T12:04:09.941427,2026-07-08T12:04:09.950286+00:00,135.6,5,ask,,,12156924
2026-07-08T12:04:10.218668,2026-07-08T12:04:10.228707+00:00,135.6,5,ask,,,12156929
2026-07-08T12:04:11.945407,2026-07-08T12:04:11.958574+00:00,135.7,200,bid,,,12156952
2026-07-08T12:04:12.277845,2026-07-08T12:04:12.290939+00:00,135.7,25,ask,,,12156958
2026-07-08T12:04:12.295758,2026-07-08T12:04:12.306793+00:00,135.7,4,ask,,,12156961
2026-07-08T12:04:12.504251,2026-07-08T12:04:12.513910+00:00,135.7,25,ask,,,12156964
2026-07-08T12:04:13.162148,2026-07-08T12:04:13.169026+00:00,135.7,200,ask,,,12156980
2026-07-08T12:04:13.432833,2026-07-08T12:04:13.444249+00:00,135.6,500,ask,,,12156983
2026-07-08T12:04:13.432833,2026-07-08T12:04:13.444249+00:00,135.6,8,ask,,,12156984
2026-07-08T12:04:13.471700,2026-07-08T12:04:13.480895+00:00,135.6,117,bid,,,12156986
2026-07-08T12:04:13.534628,2026-07-08T12:04:13.541271+00:00,135.6,25,ask,,,12156989
2026-07-08T12:04:13.770051,2026-07-08T12:04:13.778013+00:00,135.6,25,ask,,,12156997
2026-07-08T12:04:13.971818,2026-07-08T12:04:13.983642+00:00,135.7,8,ask,,,12157003
2026-07-08T12:04:14.371888,2026-07-08T12:04:14.379315+00:00,135.7,8,ask,,,12157013
2026-07-08T12:04:14.426581,2026-07-08T12:04:14.437158+00:00,135.7,2,bid,,,12157014
2026-07-08T12:04:14.541321,2026-07-08T12:04:14.548085+00:00,135.6,5,ask,,,12157015
2026-07-08T12:04:15.582161,2026-07-08T12:04:15.593212+00:00,135.6,200,ask,,,12157037
2026-07-08T12:04:16.511728,2026-07-08T12:04:16.522982+00:00,135.7,500,bid,,,12157049
2026-07-08T12:04:16.791898,2026-07-08T12:04:16.802332+00:00,135.5,200,ask,,,12157060
2026-07-08T12:04:17.112346,2026-07-08T12:04:17.121294+00:00,135.7,125,bid,,,12157064
2026-07-08T12:04:17.146947,2026-07-08T12:04:17.158586+00:00,135.8,8,ask,,,12157067
2026-07-08T12:04:18.005512,2026-07-08T12:04:18.012855+00:00,135.8,200,ask,,,12157084
2026-07-08T12:04:18.928449,2026-07-08T12:04:18.939326+00:00,135.8,500,bid,,,12157105
2026-07-08T12:04:19.213470,2026-07-08T12:04:19.222278+00:00,135.6,200,ask,,,12157111
2026-07-08T12:04:20.426146,2026-07-08T12:04:20.437959+00:00,135.7,200,ask,,,12157134
2026-07-08T12:04:22.574957,2026-07-08T12:04:22.581981+00:00,135.7,200,bid,,,12157163
2026-07-08T12:04:22.608121,2026-07-08T12:04:22.618806+00:00,135.7,25,ask,,,12157166
2026-07-08T12:04:22.825295,2026-07-08T12:04:22.837157+00:00,135.8,15,bid,,,12157170
2026-07-08T12:04:22.857058,2026-07-08T12:04:22.858562+00:00,135.7,200,ask,,,12157171
2026-07-08T12:04:23.174418,2026-07-08T12:04:23.185429+00:00,135.8,500,bid,,,12157174
2026-07-08T12:04:23.934693,2026-07-08T12:04:23.943884+00:00,135.8,8,bid,,,12157191
2026-07-08T12:04:24.034480,2026-07-08T12:04:24.041573+00:00,135.9,25,ask,,,12157194
2026-07-08T12:04:24.065894,2026-07-08T12:04:24.077037+00:00,135.9,200,ask,,,12157197
2026-07-08T12:04:24.134636,2026-07-08T12:04:24.146402+00:00,135.9,25,ask,,,12157198
2026-07-08T12:04:24.258771,2026-07-08T12:04:24.267937+00:00,135.9,25,ask,,,12157203
2026-07-08T12:04:24.424499,2026-07-08T12:04:24.432518+00:00,135.9,25,ask,,,12157207
2026-07-08T12:04:24.473378,2026-07-08T12:04:24.485257+00:00,135.9,25,ask,,,12157217
2026-07-08T12:04:24.602777,2026-07-08T12:04:24.614732+00:00,135.9,2,ask,,,12157221
2026-07-08T12:04:24.682818,2026-07-08T12:04:24.694762+00:00,135.9,7,ask,,,12157223
2026-07-08T12:04:25.003600,2026-07-08T12:04:25.015943+00:00,136.1,2,bid,,,12157229
2026-07-08T12:04:25.273755,2026-07-08T12:04:25.281677+00:00,135.9,200,ask,,,12157237
2026-07-08T12:04:25.522527,2026-07-08T12:04:25.534398+00:00,135.9,20,ask,,,12157241
2026-07-08T12:04:26.483647,2026-07-08T12:04:26.495312+00:00,135.9,200,ask,,,12157263
2026-07-08T12:04:26.591502,2026-07-08T12:04:26.596522+00:00,136.0,2,bid,,,12157270
2026-07-08T12:04:27.917948,2026-07-08T12:04:27.922650+00:00,135.9,2,ask,,,12157290
2026-07-08T12:04:27.967730,2026-07-08T12:04:27.974612+00:00,135.9,25,ask,,,12157291
2026-07-08T12:04:28.247185,2026-07-08T12:04:28.253826+00:00,135.9,25,ask,,,12157296
2026-07-08T12:04:28.533247,2026-07-08T12:04:28.545429+00:00,135.9,22,ask,,,12157303
2026-07-08T12:04:28.816013,2026-07-08T12:04:28.828481+00:00,136.0,5,bid,,,12157313
2026-07-08T12:04:29.085412,2026-07-08T12:04:29.097536+00:00,136.1,5,bid,,,12157314
2026-07-08T12:04:29.356419,2026-07-08T12:04:29.368095+00:00,136.1,5,bid,,,12157319
2026-07-08T12:04:29.624145,2026-07-08T12:04:29.636183+00:00,136.1,5,bid,,,12157323
2026-07-08T12:04:29.638288,2026-07-08T12:04:29.646615+00:00,135.8,2,ask,,,12157324
2026-07-08T12:04:30.104327,2026-07-08T12:04:30.116426+00:00,136.1,20,bid,,,12157337
2026-07-08T12:04:30.194703,2026-07-08T12:04:30.202603+00:00,136.0,2,bid,,,12157341
2026-07-08T12:04:31.017888,2026-07-08T12:04:31.026393+00:00,136.0,5,bid,,,12157357
2026-07-08T12:04:31.338410,2026-07-08T12:04:31.349390+00:00,136.0,5,bid,,,12157362
2026-07-08T12:04:31.672721,2026-07-08T12:04:31.680578+00:00,136.0,2,bid,,,12157364
2026-07-08T12:04:32.146125,2026-07-08T12:04:32.153677+00:00,135.9,5,bid,,,12157371
2026-07-08T12:04:32.178336,2026-07-08T12:04:32.189800+00:00,135.9,2,bid,,,12157374
2026-07-08T12:04:32.422728,2026-07-08T12:04:32.433171+00:00,135.9,5,bid,,,12157376
2026-07-08T12:04:32.698878,2026-07-08T12:04:32.710450+00:00,135.9,5,bid,,,12157381
2026-07-08T12:04:32.971100,2026-07-08T12:04:32.979245+00:00,135.9,5,bid,,,12157387
2026-07-08T12:04:35.749207,2026-07-08T12:04:35.759885+00:00,135.8,2,ask,,,12157434
2026-07-08T12:04:35.764945,2026-07-08T12:04:35.775889+00:00,135.8,198,ask,,,12157435
2026-07-08T12:04:39.733353,2026-07-08T12:04:39.742224+00:00,135.8,2,ask,,,12157486
2026-07-08T12:04:39.799013,2026-07-08T12:04:39.808815+00:00,135.8,2,ask,,,12157492
2026-07-08T12:04:40.113891,2026-07-08T12:04:40.124780+00:00,135.8,25,ask,,,12157498
2026-07-08T12:04:40.708807,2026-07-08T12:04:40.716735+00:00,136.0,5,bid,,,12157509
2026-07-08T12:04:41.272276,2026-07-08T12:04:41.279262+00:00,135.9,3,bid,,,12157518
2026-07-08T12:04:41.821872,2026-07-08T12:04:41.831964+00:00,135.9,2,bid,,,12157527
2026-07-08T12:04:42.236865,2026-07-08T12:04:42.248054+00:00,135.8,200,ask,,,12157534
2026-07-08T12:04:43.446501,2026-07-08T12:04:43.458604+00:00,135.8,200,ask,,,12157549
2026-07-08T12:04:43.784609,2026-07-08T12:04:43.788567+00:00,135.9,3,ask,,,12157555
2026-07-08T12:04:43.843549,2026-07-08T12:04:43.854017+00:00,135.9,2,ask,,,12157557
2026-07-08T12:04:43.850702,2026-07-08T12:04:43.859220+00:00,135.9,75,ask,,,12157558
2026-07-08T12:04:43.976614,2026-07-08T12:04:43.988851+00:00,135.9,25,ask,,,12157563
2026-07-08T12:04:44.262595,2026-07-08T12:04:44.269355+00:00,135.9,1,ask,,,12157570
2026-07-08T12:04:44.281193,2026-07-08T12:04:44.292669+00:00,135.9,10,ask,,,12157572
2026-07-08T12:04:44.654822,2026-07-08T12:04:44.658576+00:00,135.9,200,ask,,,12157583
2026-07-08T12:04:44.856298,2026-07-08T12:04:44.858799+00:00,135.9,25,ask,,,12157586
2026-07-08T12:04:44.862786,2026-07-08T12:04:44.869935+00:00,135.9,1,ask,,,12157587
2026-07-08T12:04:45.864481,2026-07-08T12:04:45.876037+00:00,135.9,200,ask,,,12157613
2026-07-08T12:04:45.876629,2026-07-08T12:04:45.886583+00:00,135.9,1,ask,,,12157615
2026-07-08T12:04:46.919089,2026-07-08T12:04:46.924079+00:00,136.0,3,bid,,,12157636
2026-07-08T12:04:48.913463,2026-07-08T12:04:48.921519+00:00,135.9,2,ask,,,12157671
2026-07-08T12:04:49.107007,2026-07-08T12:04:49.110625+00:00,135.9,2,ask,,,12157675
2026-07-08T12:04:49.185502,2026-07-08T12:04:49.197673+00:00,136.0,20,bid,,,12157677
2026-07-08T12:04:49.924299,2026-07-08T12:04:49.935692+00:00,135.9,1,ask,,,12157698
2026-07-08T12:04:49.972667,2026-07-08T12:04:49.984446+00:00,136.0,5,bid,,,12157699
2026-07-08T12:04:50.027525,2026-07-08T12:04:50.039525+00:00,135.9,1,ask,,,12157700
2026-07-08T12:04:50.766220,2026-07-08T12:04:50.770462+00:00,135.9,1,ask,,,12157718
2026-07-08T12:04:50.938319,2026-07-08T12:04:50.948183+00:00,135.9,1,ask,,,12157720
2026-07-08T12:04:51.449498,2026-07-08T12:04:51.456086+00:00,135.9,20,ask,,,12157730
2026-07-08T12:04:51.950514,2026-07-08T12:04:51.958563+00:00,135.8,1,ask,,,12157738
2026-07-08T12:04:52.968048,2026-07-08T12:04:52.976235+00:00,135.9,1,ask,,,12157754
2026-07-08T12:04:53.981324,2026-07-08T12:04:53.989972+00:00,135.9,1,ask,,,12157767
2026-07-08T12:04:54.216805,2026-07-08T12:04:54.228084+00:00,135.9,199,ask,,,12157774
2026-07-08T12:04:54.216805,2026-07-08T12:04:54.228084+00:00,135.9,426,ask,,,12157775
2026-07-08T12:04:55.201732,2026-07-08T12:04:55.214251+00:00,136.0,2,ask,,,12157783
2026-07-08T12:04:55.565979,2026-07-08T12:04:55.574192+00:00,136.0,200,ask,,,12157795
2026-07-08T12:04:56.005339,2026-07-08T12:04:56.014826+00:00,136.1,2,bid,,,12157807
2026-07-08T12:04:56.779093,2026-07-08T12:04:56.785936+00:00,136.0,200,ask,,,12157825
2026-07-08T12:04:57.018674,2026-07-08T12:04:57.029772+00:00,136.0,1,ask,,,12157830
2026-07-08T12:04:57.988014,2026-07-08T12:04:57.997024+00:00,136.0,200,ask,,,12157843
2026-07-08T12:04:58.032064,2026-07-08T12:04:58.042569+00:00,136.0,1,ask,,,12157845
2026-07-08T12:04:59.198676,2026-07-08T12:04:59.209835+00:00,135.9,200,ask,,,12157864
2026-07-08T12:04:59.492319,2026-07-08T12:04:59.499010+00:00,135.9,8,ask,,,12157873
2026-07-08T12:04:59.518363,2026-07-08T12:04:59.546255+00:00,135.9,500,bid,,,12157874
2026-07-08T12:04:59.542238,2026-07-08T12:04:59.546255+00:00,135.9,3,bid,,,12157876
2026-07-08T12:05:00.406908,2026-07-08T12:05:00.415945+00:00,135.9,114,bid,,,12157890
2026-07-08T12:05:00.406908,2026-07-08T12:05:00.415945+00:00,135.9,8,bid,,,12157891
2026-07-08T12:05:01.090090,2026-07-08T12:05:01.094822+00:00,135.9,2,ask,,,12157903
2026-07-08T12:05:02.090570,2026-07-08T12:05:02.099525+00:00,136.1,2,bid,,,12157920
2026-07-08T12:05:03.103625,2026-07-08T12:05:03.115063+00:00,135.8,1,ask,,,12157928
2026-07-08T12:05:04.116023,2026-07-08T12:05:04.124254+00:00,135.8,1,ask,,,12157951
2026-07-08T12:05:05.128588,2026-07-08T12:05:05.140060+00:00,135.8,1,ask,,,12157959
2026-07-08T12:05:05.322761,2026-07-08T12:05:05.334673+00:00,135.8,6,ask,,,12157966
2026-07-08T12:05:05.390018,2026-07-08T12:05:05.397038+00:00,135.9,20,bid,,,12157969
2026-07-08T12:05:05.567840,2026-07-08T12:05:05.574363+00:00,135.9,500,bid,,,12157974
2026-07-08T12:05:06.141304,2026-07-08T12:05:06.152632+00:00,135.8,1,ask,,,12157982
2026-07-08T12:05:06.165708,2026-07-08T12:05:06.175072+00:00,135.9,200,bid,,,12157983
2026-07-08T12:05:06.165708,2026-07-08T12:05:06.175072+00:00,135.9,8,bid,,,12157984
2026-07-08T12:05:06.957214,2026-07-08T12:05:06.961117+00:00,135.9,1,ask,,,12157998
2026-07-08T12:05:07.153332,2026-07-08T12:05:07.163881+00:00,135.9,1,ask,,,12158001
2026-07-08T12:05:08.165085,2026-07-08T12:05:08.171902+00:00,135.9,1,ask,,,12158025
2026-07-08T12:05:08.186388,2026-07-08T12:05:08.197807+00:00,135.9,1,ask,,,12158027
2026-07-08T12:05:08.620901,2026-07-08T12:05:08.632148+00:00,135.9,2,ask,,,12158038
2026-07-08T12:05:09.087170,2026-07-08T12:05:09.091215+00:00,136.0,3,bid,,,12158058
2026-07-08T12:05:09.305867,2026-07-08T12:05:09.317567+00:00,136.0,5,bid,,,12158061
2026-07-08T12:05:09.444963,2026-07-08T12:05:09.455123+00:00,136.0,2,bid,,,12158064
2026-07-08T12:05:09.578119,2026-07-08T12:05:09.592670+00:00,136.0,5,bid,,,12158072
2026-07-08T12:05:10.150859,2026-07-08T12:05:10.158564+00:00,136.1,5,bid,,,12158088
2026-07-08T12:05:10.230376,2026-07-08T12:05:10.237395+00:00,136.1,2,bid,,,12158090
2026-07-08T12:05:10.452235,2026-07-08T12:05:10.468669+00:00,136.1,5,bid,,,12158098
2026-07-08T12:05:10.452539,2026-07-08T12:05:10.468669+00:00,136.1,5,bid,,,12158099
2026-07-08T12:05:10.866175,2026-07-08T12:05:10.873438+00:00,136.0,20,ask,,,12158110
2026-07-08T12:05:11.025152,2026-07-08T12:05:11.031834+00:00,136.1,500,bid,,,12158117
2026-07-08T12:05:11.308957,2026-07-08T12:05:11.319379+00:00,136.1,200,bid,,,12158126
2026-07-08T12:05:11.308957,2026-07-08T12:05:11.319379+00:00,136.1,8,bid,,,12158127
2026-07-08T12:05:11.592926,2026-07-08T12:05:11.604836+00:00,136.1,20,ask,,,12158134
2026-07-08T12:05:11.618426,2026-07-08T12:05:11.625452+00:00,136.2,200,bid,,,12158138
2026-07-08T12:05:12.259271,2026-07-08T12:05:12.268937+00:00,136.3,2,bid,,,12158146
2026-07-08T12:05:12.526728,2026-07-08T12:05:12.534439+00:00,136.2,200,ask,,,12158155
2026-07-08T12:05:13.273748,2026-07-08T12:05:13.285318+00:00,136.2,1,ask,,,12158176
2026-07-08T12:05:13.935223,2026-07-08T12:05:13.941801+00:00,136.2,500,ask,,,12158185
2026-07-08T12:05:14.031288,2026-07-08T12:05:14.040270+00:00,136.2,125,bid,,,12158190
2026-07-08T12:05:14.287363,2026-07-08T12:05:14.295205+00:00,136.2,1,ask,,,12158197
2026-07-08T12:05:14.921121,2026-07-08T12:05:14.933198+00:00,136.2,20,ask,,,12158208
2026-07-08T12:05:15.257719,2026-07-08T12:05:15.269468+00:00,136.3,200,bid,,,12158215
2026-07-08T12:05:15.301316,2026-07-08T12:05:15.308385+00:00,136.3,1,ask,,,12158217
2026-07-08T12:05:17.367264,2026-07-08T12:05:17.378404+00:00,136.3,200,ask,,,12158244
2026-07-08T12:05:19.790363,2026-07-08T12:05:19.800266+00:00,136.4,200,ask,,,12158283
2026-07-08T12:05:20.513845,2026-07-08T12:05:20.525209+00:00,136.5,8,bid,,,12158291
2026-07-08T12:05:22.730390,2026-07-08T12:05:22.739274+00:00,136.4,1,ask,,,12158326
2026-07-08T12:05:23.159876,2026-07-08T12:05:23.169470+00:00,136.5,200,bid,,,12158328
2026-07-08T12:05:23.764192,2026-07-08T12:05:23.774633+00:00,136.5,1,ask,,,12158333
2026-07-08T12:05:24.635158,2026-07-08T12:05:24.644057+00:00,136.4,200,ask,,,12158350
2026-07-08T12:05:25.522803,2026-07-08T12:05:25.532696+00:00,136.5,2,ask,,,12158361
2026-07-08T12:05:25.801961,2026-07-08T12:05:25.812658+00:00,136.6,8,bid,,,12158371
2026-07-08T12:05:25.805602,2026-07-08T12:05:25.812658+00:00,136.6,2,bid,,,12158372
2026-07-08T12:05:25.928471,2026-07-08T12:05:25.940317+00:00,136.5,5,bid,,,12158373
2026-07-08T12:05:27.052758,2026-07-08T12:05:27.052903+00:00,136.4,10,ask,,,12158394
2026-07-08T12:05:27.835564,2026-07-08T12:05:27.842206+00:00,136.6,2,bid,,,12158405
2026-07-08T12:05:28.159429,2026-07-08T12:05:28.170966+00:00,136.6,20,bid,,,12158407
2026-07-08T12:05:28.849619,2026-07-08T12:05:28.858563+00:00,136.4,1,ask,,,12158421
2026-07-08T12:05:29.862524,2026-07-08T12:05:29.871939+00:00,136.4,1,ask,,,12158434
2026-07-08T12:05:30.136499,2026-07-08T12:05:30.146636+00:00,136.5,20,bid,,,12158439
2026-07-08T12:05:30.531338,2026-07-08T12:05:30.543151+00:00,136.5,5,bid,,,12158448
2026-07-08T12:05:30.681184,2026-07-08T12:05:30.688104+00:00,136.5,200,bid,,,12158454
2026-07-08T12:05:30.808030,2026-07-08T12:05:30.815199+00:00,136.5,5,bid,,,12158457
2026-07-08T12:05:31.090707,2026-07-08T12:05:31.101888+00:00,136.4,10,ask,,,12158467
2026-07-08T12:05:31.112693,2026-07-08T12:05:31.122901+00:00,136.5,5,bid,,,12158470
2026-07-08T12:05:31.381243,2026-07-08T12:05:31.388301+00:00,136.4,5,ask,,,12158472
2026-07-08T12:05:31.599535,2026-07-08T12:05:31.607742+00:00,136.5,500,bid,,,12158477
2026-07-08T12:05:31.883287,2026-07-08T12:05:31.893365+00:00,136.5,2,bid,,,12158480
2026-07-08T12:05:32.198082,2026-07-08T12:05:32.205613+00:00,136.5,118,bid,,,12158488
2026-07-08T12:05:32.359711,2026-07-08T12:05:32.381147+00:00,136.6,200,bid,,,12158495
2026-07-08T12:05:32.359711,2026-07-08T12:05:32.381147+00:00,136.6,8,bid,,,12158496
2026-07-08T12:05:32.377307,2026-07-08T12:05:32.381147+00:00,136.7,14,ask,,,12158498
2026-07-08T12:05:32.441906,2026-07-08T12:05:32.451919+00:00,136.7,1,ask,,,12158499
2026-07-08T12:05:33.097527,2026-07-08T12:05:33.104837+00:00,136.7,200,ask,,,12158515
2026-07-08T12:05:33.678944,2026-07-08T12:05:33.686122+00:00,136.7,8,ask,,,12158526
2026-07-08T12:05:33.699407,2026-07-08T12:05:33.703629+00:00,136.7,2,bid,,,12158528
2026-07-08T12:05:33.711099,2026-07-08T12:05:33.715297+00:00,136.7,12,bid,,,12158530
2026-07-08T12:05:34.351288,2026-07-08T12:05:34.357544+00:00,136.6,5,bid,,,12158556
2026-07-08T12:05:34.623981,2026-07-08T12:05:34.636011+00:00,136.6,5,bid,,,12158559
2026-07-08T12:05:34.923727,2026-07-08T12:05:34.931990+00:00,136.6,2,bid,,,12158567
2026-07-08T12:05:34.961281,2026-07-08T12:05:34.973165+00:00,136.6,5,bid,,,12158568
2026-07-08T12:05:35.261769,2026-07-08T12:05:35.268985+00:00,136.6,3,bid,,,12158571
2026-07-08T12:05:35.546017,2026-07-08T12:05:35.557970+00:00,136.7,5,bid,,,12158580
2026-07-08T12:05:35.821525,2026-07-08T12:05:35.830192+00:00,136.7,5,bid,,,12158584
2026-07-08T12:05:36.370984,2026-07-08T12:05:36.382783+00:00,136.7,5,bid,,,12158597
2026-07-08T12:05:36.640025,2026-07-08T12:05:36.647022+00:00,136.7,5,bid,,,12158601
2026-07-08T12:05:36.955764,2026-07-08T12:05:36.955170+00:00,136.8,2,bid,,,12158614
2026-07-08T12:05:37.628943,2026-07-08T12:05:37.680985+00:00,136.6,500,ask,,,12158620
2026-07-08T12:05:37.651236,2026-07-08T12:05:37.680985+00:00,136.6,125,bid,,,12158622
2026-07-08T12:05:38.976610,2026-07-08T12:05:38.998373+00:00,136.8,2,bid,,,12158650
2026-07-08T12:05:40.528810,2026-07-08T12:05:40.538382+00:00,136.8,2,bid,,,12158672
2026-07-08T12:05:40.693853,2026-07-08T12:05:40.704488+00:00,136.8,500,bid,,,12158674
2026-07-08T12:05:41.000872,2026-07-08T12:05:41.007980+00:00,136.8,2,bid,,,12158678
2026-07-08T12:05:41.288781,2026-07-08T12:05:41.296694+00:00,136.8,121,bid,,,12158682
2026-07-08T12:05:41.288781,2026-07-08T12:05:41.302207+00:00,136.9,200,bid,,,12158683
2026-07-08T12:05:41.288781,2026-07-08T12:05:41.302207+00:00,136.9,8,bid,,,12158684
2026-07-08T12:05:41.531545,2026-07-08T12:05:41.540766+00:00,137.1,8,ask,,,12158685
2026-07-08T12:05:41.579040,2026-07-08T12:05:41.586938+00:00,137.0,200,ask,,,12158688
2026-07-08T12:05:42.081190,2026-07-08T12:05:42.091274+00:00,137.0,25,ask,,,12158696
2026-07-08T12:05:42.630569,2026-07-08T12:05:42.640128+00:00,137.2,5,bid,,,12158706
2026-07-08T12:05:42.900236,2026-07-08T12:05:42.912004+00:00,137.1,5,bid,,,12158716
2026-07-08T12:05:42.945945,2026-07-08T12:05:42.953204+00:00,137.1,2,bid,,,12158717
2026-07-08T12:05:43.025847,2026-07-08T12:05:43.034183+00:00,137.1,2,bid,,,12158722
2026-07-08T12:05:43.185538,2026-07-08T12:05:43.194985+00:00,137.1,3,bid,,,12158725
2026-07-08T12:05:43.478572,2026-07-08T12:05:43.490572+00:00,137.1,2,bid,,,12158732
2026-07-08T12:05:44.193147,2026-07-08T12:05:44.263926+00:00,137.0,200,ask,,,12158741
2026-07-08T12:05:45.052326,2026-07-08T12:05:45.058607+00:00,137.0,2,bid,,,12158753
2026-07-08T12:05:45.504129,2026-07-08T12:05:45.514731+00:00,137.0,200,bid,,,12158761
2026-07-08T12:05:45.655801,2026-07-08T12:05:45.668755+00:00,137.1,5,bid,,,12158766
2026-07-08T12:05:47.102870,2026-07-08T12:05:47.110467+00:00,137.1,2,bid,,,12158785
2026-07-08T12:05:48.973785,2026-07-08T12:05:48.980515+00:00,137.0,20,ask,,,12158809
2026-07-08T12:05:49.127202,2026-07-08T12:05:49.134802+00:00,137.1,2,bid,,,12158816
2026-07-08T12:05:49.272963,2026-07-08T12:05:49.280099+00:00,137.1,5,bid,,,12158822
2026-07-08T12:05:49.446481,2026-07-08T12:05:49.457927+00:00,137.0,180,ask,,,12158826
2026-07-08T12:05:49.558294,2026-07-08T12:05:49.570357+00:00,137.0,5,bid,,,12158828
2026-07-08T12:05:49.839595,2026-07-08T12:05:49.848418+00:00,137.0,3,bid,,,12158835
2026-07-08T12:05:51.190220,2026-07-08T12:05:51.202021+00:00,137.1,5,bid,,,12158861
2026-07-08T12:05:51.263897,2026-07-08T12:05:51.275406+00:00,136.9,200,ask,,,12158862
2026-07-08T12:05:51.461407,2026-07-08T12:05:51.471437+00:00,137.1,5,bid,,,12158867
2026-07-08T12:05:51.741544,2026-07-08T12:05:51.753263+00:00,137.1,5,bid,,,12158875
2026-07-08T12:05:52.013442,2026-07-08T12:05:52.025467+00:00,137.1,5,bid,,,12158886
2026-07-08T12:05:53.665239,2026-07-08T12:05:53.677331+00:00,137.1,2,bid,,,12158917
2026-07-08T12:05:53.864418,2026-07-08T12:05:53.871506+00:00,136.9,2,ask,,,12158919
2026-07-08T12:05:54.681614,2026-07-08T12:05:54.688036+00:00,137.1,20,bid,,,12158924
2026-07-08T12:05:55.530965,2026-07-08T12:05:55.539124+00:00,137.1,5,bid,,,12158950
2026-07-08T12:05:55.803776,2026-07-08T12:05:55.815601+00:00,137.1,5,bid,,,12158955
2026-07-08T12:05:57.152333,2026-07-08T12:05:57.164137+00:00,136.9,20,ask,,,12158985
2026-07-08T12:05:57.310953,2026-07-08T12:05:57.320432+00:00,136.9,200,ask,,,12158993
2026-07-08T12:05:57.915511,2026-07-08T12:05:57.925908+00:00,136.8,2,ask,,,12159004
2026-07-08T12:05:59.269004,2026-07-08T12:05:59.276436+00:00,137.0,20,bid,,,12159024
2026-07-08T12:05:59.885835,2026-07-08T12:05:59.897601+00:00,136.9,25,ask,,,12159030
2026-07-08T12:05:59.948021,2026-07-08T12:05:59.955443+00:00,136.9,475,ask,,,12159034
2026-07-08T12:05:59.948021,2026-07-08T12:05:59.955443+00:00,136.8,8,ask,,,12159035
2026-07-08T12:06:00.072562,2026-07-08T12:06:00.079334+00:00,136.8,142,bid,,,12159036
2026-07-08T12:06:00.072562,2026-07-08T12:06:00.084328+00:00,136.9,8,bid,,,12159037
2026-07-08T12:06:00.169574,2026-07-08T12:06:00.179584+00:00,136.9,20,ask,,,12159040
2026-07-08T12:06:00.179379,2026-07-08T12:06:00.190180+00:00,137.0,5,bid,,,12159042
2026-07-08T12:06:00.448010,2026-07-08T12:06:00.454670+00:00,137.0,5,bid,,,12159043
2026-07-08T12:06:00.761082,2026-07-08T12:06:00.769494+00:00,137.0,5,bid,,,12159049
2026-07-08T12:06:00.947540,2026-07-08T12:06:00.958570+00:00,137.0,2,bid,,,12159051
2026-07-08T12:06:01.358497,2026-07-08T12:06:01.366558+00:00,137.0,5,bid,,,12159059
2026-07-08T12:06:01.649447,2026-07-08T12:06:01.659942+00:00,137.0,5,bid,,,12159066
2026-07-08T12:06:02.786832,2026-07-08T12:06:02.798794+00:00,137.0,25,ask,,,12159101
2026-07-08T12:06:03.069094,2026-07-08T12:06:03.080674+00:00,137.0,5,ask,,,12159106
2026-07-08T12:06:03.111274,2026-07-08T12:06:03.117764+00:00,137.1,5,bid,,,12159109
2026-07-08T12:06:03.357676,2026-07-08T12:06:03.368956+00:00,137.0,200,ask,,,12159111
2026-07-08T12:06:03.932400,2026-07-08T12:06:03.940746+00:00,137.1,5,bid,,,12159127
2026-07-08T12:06:03.987046,2026-07-08T12:06:03.989457+00:00,137.1,2,bid,,,12159128
2026-07-08T12:06:04.205382,2026-07-08T12:06:04.225793+00:00,137.1,1,bid,,,12159131
2026-07-08T12:06:04.929759,2026-07-08T12:06:04.941676+00:00,137.0,200,bid,,,12159143
2026-07-08T12:06:05.727910,2026-07-08T12:06:05.739492+00:00,137.2,5,bid,,,12159155
2026-07-08T12:06:05.783747,2026-07-08T12:06:05.794243+00:00,137.0,200,ask,,,12159156
2026-07-08T12:06:06.993205,2026-07-08T12:06:07.004668+00:00,137.0,200,ask,,,12159173
2026-07-08T12:06:07.984514,2026-07-08T12:06:07.996066+00:00,137.0,11,ask,,,12159184
2026-07-08T12:06:09.893219,2026-07-08T12:06:09.902886+00:00,137.0,2,ask,,,12159221
2026-07-08T12:06:10.788387,2026-07-08T12:06:10.800288+00:00,137.0,25,ask,,,12159233
2026-07-08T12:06:10.848471,2026-07-08T12:06:10.858571+00:00,137.0,20,ask,,,12159236
2026-07-08T12:06:10.904777,2026-07-08T12:06:10.913561+00:00,137.0,1,ask,,,12159239
2026-07-08T12:06:11.915515,2026-07-08T12:06:11.923123+00:00,136.9,1,ask,,,12159263
2026-07-08T12:06:13.814333,2026-07-08T12:06:13.824261+00:00,136.8,20,ask,,,12159298
2026-07-08T12:06:13.940997,2026-07-08T12:06:13.952666+00:00,136.9,2,bid,,,12159299
2026-07-08T12:06:14.385166,2026-07-08T12:06:14.397169+00:00,137.0,5,bid,,,12159310
2026-07-08T12:06:15.965140,2026-07-08T12:06:15.972406+00:00,136.7,2,ask,,,12159337
2026-07-08T12:06:16.632858,2026-07-08T12:06:16.645301+00:00,136.8,5,ask,,,12159347
2026-07-08T12:06:16.983759,2026-07-08T12:06:16.991725+00:00,136.8,1,ask,,,12159355
2026-07-08T12:06:17.995395,2026-07-08T12:06:18.002364+00:00,136.8,1,ask,,,12159370
2026-07-08T12:06:18.998237,2026-07-08T12:06:19.006281+00:00,136.9,5,bid,,,12159395
2026-07-08T12:06:19.277692,2026-07-08T12:06:19.287255+00:00,136.8,5,bid,,,12159398
2026-07-08T12:06:19.551953,2026-07-08T12:06:19.556799+00:00,136.8,5,bid,,,12159403
2026-07-08T12:06:19.823586,2026-07-08T12:06:19.831541+00:00,136.8,5,bid,,,12159407
2026-07-08T12:06:20.022157,2026-07-08T12:06:20.029546+00:00,136.7,2,ask,,,12159412
2026-07-08T12:06:20.068022,2026-07-08T12:06:20.079302+00:00,136.8,185,bid,,,12159414
2026-07-08T12:06:20.918683,2026-07-08T12:06:20.929410+00:00,136.8,200,ask,,,12159426
2026-07-08T12:06:20.918683,2026-07-08T12:06:20.929410+00:00,136.8,425,ask,,,12159427
2026-07-08T12:06:22.226945,2026-07-08T12:06:22.236215+00:00,136.9,200,bid,,,12159445
2026-07-08T12:06:22.512797,2026-07-08T12:06:22.530029+00:00,136.9,20,ask,,,12159449
2026-07-08T12:06:23.062229,2026-07-08T12:06:23.070004+00:00,137.1,2,bid,,,12159458
2026-07-08T12:06:23.078422,2026-07-08T12:06:23.085697+00:00,137.1,5,bid,,,12159459
2026-07-08T12:06:23.882259,2026-07-08T12:06:23.894128+00:00,137.0,5,bid,,,12159473
2026-07-08T12:06:24.150878,2026-07-08T12:06:24.163635+00:00,137.0,5,bid,,,12159478
2026-07-08T12:06:24.422348,2026-07-08T12:06:24.430177+00:00,137.0,5,bid,,,12159484
2026-07-08T12:06:24.703625,2026-07-08T12:06:24.711870+00:00,137.0,5,bid,,,12159489
2026-07-08T12:06:24.991240,2026-07-08T12:06:25.002388+00:00,137.0,5,bid,,,12159498
2026-07-08T12:06:25.266963,2026-07-08T12:06:25.278988+00:00,137.1,5,bid,,,12159502
2026-07-08T12:06:25.604010,2026-07-08T12:06:25.612613+00:00,137.2,20,bid,,,12159508
2026-07-08T12:06:25.920191,2026-07-08T12:06:25.932375+00:00,137.2,5,bid,,,12159517
2026-07-08T12:06:27.114939,2026-07-08T12:06:27.125407+00:00,137.0,2,ask,,,12159535
2026-07-08T12:06:28.793258,2026-07-08T12:06:28.802495+00:00,137.0,200,ask,,,12159555
2026-07-08T12:06:28.800677,2026-07-08T12:06:28.807904+00:00,136.9,8,ask,,,12159556
2026-07-08T12:06:29.160975,2026-07-08T12:06:29.169318+00:00,136.9,192,bid,,,12159558
2026-07-08T12:06:30.152272,2026-07-08T12:06:30.158617+00:00,136.8,2,ask,,,12159577
2026-07-08T12:06:30.414896,2026-07-08T12:06:30.432383+00:00,136.9,20,bid,,,12159581
2026-07-08T12:06:32.434871,2026-07-08T12:06:32.443519+00:00,136.8,200,ask,,,12159603
2026-07-08T12:06:33.212623,2026-07-08T12:06:33.224225+00:00,136.8,2,ask,,,12159612
2026-07-08T12:06:34.222463,2026-07-08T12:06:34.234591+00:00,136.8,25,ask,,,12159633
2026-07-08T12:06:34.240313,2026-07-08T12:06:34.258630+00:00,136.8,1,ask,,,12159636
2026-07-08T12:06:34.465323,2026-07-08T12:06:34.477491+00:00,136.9,20,bid,,,12159638
2026-07-08T12:06:34.528302,2026-07-08T12:06:34.540190+00:00,136.8,10,ask,,,12159639
2026-07-08T12:06:35.251424,2026-07-08T12:06:35.258787+00:00,136.8,1,ask,,,12159655
2026-07-08T12:06:35.982706,2026-07-08T12:06:35.994343+00:00,136.8,25,ask,,,12159663
2026-07-08T12:06:36.062795,2026-07-08T12:06:36.070424+00:00,136.8,200,ask,,,12159665
2026-07-08T12:06:36.264525,2026-07-08T12:06:36.273953+00:00,136.8,1,ask,,,12159667
2026-07-08T12:06:38.286132,2026-07-08T12:06:38.293596+00:00,136.8,2,bid,,,12159689
2026-07-08T12:06:38.635856,2026-07-08T12:06:38.647665+00:00,136.7,20,ask,,,12159693
2026-07-08T12:06:39.569670,2026-07-08T12:06:39.581498+00:00,136.8,5,bid,,,12159715
2026-07-08T12:06:39.841812,2026-07-08T12:06:39.849857+00:00,136.8,5,bid,,,12159717
2026-07-08T12:06:45.521813,2026-07-08T12:06:45.531213+00:00,136.9,5,bid,,,12159783
2026-07-08T12:06:45.603833,2026-07-08T12:06:45.615266+00:00,136.9,20,bid,,,12159785
2026-07-08T12:06:45.795690,2026-07-08T12:06:45.807658+00:00,136.9,5,bid,,,12159790
2026-07-08T12:06:46.126318,2026-07-08T12:06:46.137678+00:00,136.9,5,bid,,,12159803
2026-07-08T12:06:46.412552,2026-07-08T12:06:46.424247+00:00,136.9,2,bid,,,12159808
2026-07-08T12:06:48.449844,2026-07-08T12:06:48.458626+00:00,136.9,2,ask,,,12159846
2026-07-08T12:06:48.498315,2026-07-08T12:06:48.509403+00:00,136.9,198,ask,,,12159849
2026-07-08T12:06:48.498315,2026-07-08T12:06:48.509403+00:00,136.9,8,ask,,,12159850
2026-07-08T12:06:50.484040,2026-07-08T12:06:50.492243+00:00,136.8,2,ask,,,12159879
2026-07-08T12:06:50.564769,2026-07-08T12:06:50.576901+00:00,136.9,20,bid,,,12159882
2026-07-08T12:06:52.507745,2026-07-08T12:06:52.517025+00:00,136.9,2,bid,,,12159914
2026-07-08T12:06:53.034761,2026-07-08T12:06:53.045050+00:00,136.9,8,ask,,,12159933
2026-07-08T12:06:53.111830,2026-07-08T12:06:53.119508+00:00,136.9,20,ask,,,12159934
2026-07-08T12:06:53.348714,2026-07-08T12:06:53.356895+00:00,136.9,20,ask,,,12159941
2026-07-08T12:06:53.419839,2026-07-08T12:06:53.427707+00:00,137.0,5,bid,,,12159943
2026-07-08T12:06:53.968455,2026-07-08T12:06:53.979356+00:00,137.0,3,bid,,,12159950
2026-07-08T12:06:54.531285,2026-07-08T12:06:54.539621+00:00,137.0,2,bid,,,12159960
2026-07-08T12:06:55.070974,2026-07-08T12:06:55.080190+00:00,136.9,200,ask,,,12159978
2026-07-08T12:06:55.464853,2026-07-08T12:06:55.469118+00:00,136.8,3,bid,,,12159982
2026-07-08T12:06:55.538627,2026-07-08T12:06:55.550043+00:00,136.8,1,bid,,,12159983
2026-07-08T12:06:55.568101,2026-07-08T12:06:55.579513+00:00,136.8,25,bid,,,12159986
2026-07-08T12:06:55.573392,2026-07-08T12:06:55.584745+00:00,136.8,5,bid,,,12159987
2026-07-08T12:06:55.581159,2026-07-08T12:06:55.589921+00:00,136.8,25,bid,,,12159989
2026-07-08T12:06:55.825533,2026-07-08T12:06:55.832552+00:00,136.8,25,bid,,,12159996
2026-07-08T12:06:55.830220,2026-07-08T12:06:55.838040+00:00,136.6,7,ask,,,12159997
2026-07-08T12:06:55.870896,2026-07-08T12:06:55.882563+00:00,136.8,5,bid,,,12159998
2026-07-08T12:06:56.140299,2026-07-08T12:06:56.151757+00:00,136.8,5,bid,,,12160001
2026-07-08T12:06:56.383614,2026-07-08T12:06:56.395340+00:00,136.8,106,bid,,,12160009
2026-07-08T12:06:56.418124,2026-07-08T12:06:56.432158+00:00,136.9,5,bid,,,12160010
2026-07-08T12:06:56.443143,2026-07-08T12:06:56.447037+00:00,136.8,2,ask,,,12160013
2026-07-08T12:06:56.568849,2026-07-08T12:06:56.572813+00:00,136.8,1,ask,,,12160015
2026-07-08T12:06:56.638012,2026-07-08T12:06:56.648695+00:00,136.8,25,ask,,,12160016
2026-07-08T12:06:56.649822,2026-07-08T12:06:56.659200+00:00,137.0,24,bid,,,12160018
2026-07-08T12:06:57.256277,2026-07-08T12:06:57.268193+00:00,136.8,25,ask,,,12160036
2026-07-08T12:06:57.471184,2026-07-08T12:06:57.483082+00:00,136.8,17,ask,,,12160043
2026-07-08T12:06:57.574091,2026-07-08T12:06:57.583237+00:00,136.8,25,ask,,,12160047
2026-07-08T12:06:57.736145,2026-07-08T12:06:57.743512+00:00,136.8,8,ask,,,12160056
2026-07-08T12:06:58.173130,2026-07-08T12:06:58.183895+00:00,136.8,20,bid,,,12160066
2026-07-08T12:06:58.224193,2026-07-08T12:06:58.233295+00:00,136.8,5,bid,,,12160067
2026-07-08T12:06:58.505399,2026-07-08T12:06:58.514164+00:00,136.8,5,bid,,,12160074
2026-07-08T12:06:58.575977,2026-07-08T12:06:58.583775+00:00,136.8,2,bid,,,12160076
2026-07-08T12:06:58.781317,2026-07-08T12:06:58.792989+00:00,136.8,3,bid,,,12160078
2026-07-08T12:06:59.088260,2026-07-08T12:06:59.096607+00:00,136.8,8,bid,,,12160085
2026-07-08T12:06:59.088260,2026-07-08T12:06:59.101837+00:00,136.8,192,bid,,,12160086
2026-07-08T12:07:01.615025,2026-07-08T12:07:01.626682+00:00,136.9,2,bid,,,12160125
2026-07-08T12:07:03.640150,2026-07-08T12:07:03.648211+00:00,136.8,2,bid,,,12160156
2026-07-08T12:07:04.014946,2026-07-08T12:07:04.027003+00:00,136.6,20,ask,,,12160161
2026-07-08T12:07:04.135858,2026-07-08T12:07:04.142674+00:00,136.8,5,bid,,,12160166
2026-07-08T12:07:04.318929,2026-07-08T12:07:04.327258+00:00,136.7,25,bid,,,12160174
2026-07-08T12:07:04.323394,2026-07-08T12:07:04.327258+00:00,136.7,2,bid,,,12160175
2026-07-08T12:07:04.359710,2026-07-08T12:07:04.363765+00:00,136.7,1,bid,,,12160179
2026-07-08T12:07:04.418307,2026-07-08T12:07:04.429345+00:00,136.7,25,bid,,,12160182
2026-07-08T12:07:04.700198,2026-07-08T12:07:04.711657+00:00,136.7,25,bid,,,12160190
2026-07-08T12:07:04.709668,2026-07-08T12:07:04.716866+00:00,136.7,20,bid,,,12160192
2026-07-08T12:07:05.141964,2026-07-08T12:07:05.158662+00:00,136.7,25,bid,,,12160196
2026-07-08T12:07:05.159921,2026-07-08T12:07:05.169786+00:00,136.7,200,bid,,,12160199
2026-07-08T12:07:05.291694,2026-07-08T12:07:05.303708+00:00,136.6,5,ask,,,12160201
2026-07-08T12:07:05.353796,2026-07-08T12:07:05.365570+00:00,136.6,1,ask,,,12160202
2026-07-08T12:07:05.573313,2026-07-08T12:07:05.582771+00:00,136.6,5,ask,,,12160207
2026-07-08T12:07:06.135739,2026-07-08T12:07:06.147323+00:00,136.5,2,ask,,,12160222
2026-07-08T12:07:06.203558,2026-07-08T12:07:06.212808+00:00,136.6,5,bid,,,12160223
2026-07-08T12:07:06.321969,2026-07-08T12:07:06.326019+00:00,136.5,3,ask,,,12160225
2026-07-08T12:07:06.373990,2026-07-08T12:07:06.384508+00:00,136.6,200,bid,,,12160227
2026-07-08T12:07:06.761788,2026-07-08T12:07:06.773867+00:00,136.5,25,ask,,,12160235
2026-07-08T12:07:07.584077,2026-07-08T12:07:07.592794+00:00,136.6,200,bid,,,12160251
2026-07-08T12:07:07.694888,2026-07-08T12:07:07.702285+00:00,136.5,1,ask,,,12160257
2026-07-08T12:07:07.726509,2026-07-08T12:07:07.733336+00:00,136.5,25,ask,,,12160258
2026-07-08T12:07:07.914571,2026-07-08T12:07:07.924805+00:00,136.5,500,ask,,,12160264
2026-07-08T12:07:08.247978,2026-07-08T12:07:08.253049+00:00,136.5,8,ask,,,12160270
2026-07-08T12:07:08.287428,2026-07-08T12:07:08.296917+00:00,136.2,5,bid,,,12160271
2026-07-08T12:07:08.588811,2026-07-08T12:07:08.602001+00:00,136.2,1,bid,,,12160280
2026-07-08T12:07:08.796995,2026-07-08T12:07:08.805843+00:00,136.2,200,bid,,,12160284
2026-07-08T12:07:09.743653,2026-07-08T12:07:09.758616+00:00,136.1,2,ask,,,12160303
2026-07-08T12:07:09.789424,2026-07-08T12:07:09.800875+00:00,136.1,24,ask,,,12160304
2026-07-08T12:07:10.005649,2026-07-08T12:07:10.013397+00:00,136.3,200,bid,,,12160308
2026-07-08T12:07:10.213111,2026-07-08T12:07:10.225145+00:00,136.1,25,ask,,,12160312
2026-07-08T12:07:11.063865,2026-07-08T12:07:11.074427+00:00,136.0,25,ask,,,12160330
2026-07-08T12:07:11.217344,2026-07-08T12:07:11.228320+00:00,136.2,200,bid,,,12160336
2026-07-08T12:07:11.800673,2026-07-08T12:07:11.809929+00:00,136.0,1,ask,,,12160351
2026-07-08T12:07:11.924217,2026-07-08T12:07:11.931731+00:00,136.0,15,ask,,,12160355
2026-07-08T12:07:12.441657,2026-07-08T12:07:12.445676+00:00,136.3,3,ask,,,12160366
2026-07-08T12:07:12.610611,2026-07-08T12:07:12.622035+00:00,136.3,1,ask,,,12160369
2026-07-08T12:07:12.812196,2026-07-08T12:07:12.821181+00:00,136.3,1,ask,,,12160377
2026-07-08T12:07:12.922624,2026-07-08T12:07:12.930315+00:00,136.3,20,ask,,,12160379
2026-07-08T12:07:13.023059,2026-07-08T12:07:13.031476+00:00,136.3,1,ask,,,12160383
2026-07-08T12:07:13.825051,2026-07-08T12:07:13.835908+00:00,136.2,1,ask,,,12160406
2026-07-08T12:07:14.853078,2026-07-08T12:07:14.863602+00:00,136.2,1,ask,,,12160421
2026-07-08T12:07:15.871733,2026-07-08T12:07:15.880115+00:00,136.2,1,ask,,,12160440
2026-07-08T12:07:16.151115,2026-07-08T12:07:16.152293+00:00,136.3,200,bid,,,12160451
2026-07-08T12:07:16.151115,2026-07-08T12:07:16.182206+00:00,136.5,8,bid,,,12160452
2026-07-08T12:07:16.178350,2026-07-08T12:07:16.182206+00:00,136.5,11,ask,,,12160457
2026-07-08T12:07:16.264026,2026-07-08T12:07:16.277027+00:00,136.5,2,ask,,,12160458
2026-07-08T12:07:16.272937,2026-07-08T12:07:16.277027+00:00,136.5,2,ask,,,12160460
2026-07-08T12:07:16.661545,2026-07-08T12:07:16.669809+00:00,136.5,1,ask,,,12160467
2026-07-08T12:07:16.687081,2026-07-08T12:07:16.691083+00:00,136.5,2,ask,,,12160470
2026-07-08T12:07:16.883649,2026-07-08T12:07:16.895484+00:00,136.5,1,ask,,,12160475
2026-07-08T12:07:17.079967,2026-07-08T12:07:17.088286+00:00,136.5,3,ask,,,12160477
2026-07-08T12:07:17.113544,2026-07-08T12:07:17.117819+00:00,136.5,2,ask,,,12160480
2026-07-08T12:07:17.276984,2026-07-08T12:07:17.287412+00:00,136.5,200,ask,,,12160484
2026-07-08T12:07:17.498992,2026-07-08T12:07:17.508042+00:00,136.4,1,ask,,,12160490
2026-07-08T12:07:17.895350,2026-07-08T12:07:17.903661+00:00,136.4,1,ask,,,12160496
2026-07-08T12:07:19.694839,2026-07-08T12:07:19.705906+00:00,136.4,200,ask,,,12160523
2026-07-08T12:07:20.657136,2026-07-08T12:07:20.661529+00:00,136.4,2,bid,,,12160541
2026-07-08T12:07:20.902437,2026-07-08T12:07:20.911391+00:00,136.4,200,bid,,,12160544
2026-07-08T12:07:21.462811,2026-07-08T12:07:21.474812+00:00,136.3,25,ask,,,12160554
2026-07-08T12:07:21.845727,2026-07-08T12:07:21.854779+00:00,136.3,500,ask,,,12160557
2026-07-08T12:07:22.739754,2026-07-08T12:07:22.749754+00:00,136.3,200,ask,,,12160571
2026-07-08T12:07:22.987721,2026-07-08T12:07:22.995633+00:00,136.1,1,ask,,,12160577
2026-07-08T12:07:23.316839,2026-07-08T12:07:23.325911+00:00,136.3,200,bid,,,12160588
2026-07-08T12:07:24.004498,2026-07-08T12:07:24.018954+00:00,136.1,1,ask,,,12160593
2026-07-08T12:07:24.049772,2026-07-08T12:07:24.055952+00:00,136.3,500,bid,,,12160595
2026-07-08T12:07:24.284662,2026-07-08T12:07:24.296359+00:00,136.4,125,ask,,,12160597
2026-07-08T12:07:24.529052,2026-07-08T12:07:24.532688+00:00,136.2,2,bid,,,12160603
2026-07-08T12:07:24.531915,2026-07-08T12:07:24.548321+00:00,136.2,6,bid,,,12160604
2026-07-08T12:07:25.017368,2026-07-08T12:07:25.026902+00:00,136.2,1,ask,,,12160610
2026-07-08T12:07:25.309378,2026-07-08T12:07:25.313552+00:00,136.2,10,ask,,,12160616
2026-07-08T12:07:25.552634,2026-07-08T12:07:25.563932+00:00,136.2,21,ask,,,12160620
2026-07-08T12:07:26.054927,2026-07-08T12:07:26.058605+00:00,136.2,1,ask,,,12160625
2026-07-08T12:07:26.097956,2026-07-08T12:07:26.108053+00:00,136.2,199,ask,,,12160626
2026-07-08T12:07:26.580411,2026-07-08T12:07:26.592192+00:00,136.1,8,ask,,,12160635
2026-07-08T12:07:27.297555,2026-07-08T12:07:27.307150+00:00,136.2,200,ask,,,12160643
2026-07-08T12:07:27.902397,2026-07-08T12:07:27.909700+00:00,136.0,500,ask,,,12160661
2026-07-08T12:07:28.002588,2026-07-08T12:07:28.007209+00:00,136.0,23,bid,,,12160665
2026-07-08T12:07:28.162146,2026-07-08T12:07:28.169327+00:00,136.0,200,bid,,,12160670
2026-07-08T12:07:29.136419,2026-07-08T12:07:29.158619+00:00,136.0,2,bid,,,12160682
2026-07-08T12:07:29.314121,2026-07-08T12:07:29.318695+00:00,135.9,3,bid,,,12160690
2026-07-08T12:07:29.372069,2026-07-08T12:07:29.380747+00:00,135.9,200,bid,,,12160691
2026-07-08T12:07:29.478550,2026-07-08T12:07:29.490214+00:00,135.7,8,ask,,,12160694
2026-07-08T12:07:29.478550,2026-07-08T12:07:29.490214+00:00,135.7,12,ask,,,12160695
2026-07-08T12:07:30.153194,2026-07-08T12:07:30.164053+00:00,135.7,1,ask,,,12160707
2026-07-08T12:07:30.582915,2026-07-08T12:07:30.592384+00:00,135.9,200,bid,,,12160712
2026-07-08T12:07:30.614923,2026-07-08T12:07:30.619111+00:00,135.9,3,ask,,,12160715
2026-07-08T12:07:31.164575,2026-07-08T12:07:31.173963+00:00,135.9,1,ask,,,12160727
2026-07-08T12:07:33.006598,2026-07-08T12:07:33.015258+00:00,136.1,200,bid,,,12160754
2026-07-08T12:07:33.185152,2026-07-08T12:07:33.192707+00:00,136.1,2,bid,,,12160755
2026-07-08T12:07:33.221505,2026-07-08T12:07:33.229054+00:00,136.1,298,bid,,,12160759
2026-07-08T12:07:33.965152,2026-07-08T12:07:33.975904+00:00,136.1,327,ask,,,12160773
2026-07-08T12:07:34.143995,2026-07-08T12:07:34.147804+00:00,136.0,2,bid,,,12160780
2026-07-08T12:07:34.216050,2026-07-08T12:07:34.238636+00:00,136.0,6,bid,,,12160783
2026-07-08T12:07:34.216050,2026-07-08T12:07:34.238636+00:00,136.1,173,bid,,,12160784
2026-07-08T12:07:34.233944,2026-07-08T12:07:34.238636+00:00,136.1,2,ask,,,12160786
2026-07-08T12:07:34.558969,2026-07-08T12:07:34.567467+00:00,136.1,19,ask,,,12160794
2026-07-08T12:07:34.746757,2026-07-08T12:07:34.751221+00:00,136.1,3,bid,,,12160798
2026-07-08T12:07:35.207891,2026-07-08T12:07:35.214549+00:00,136.1,2,bid,,,12160804
2026-07-08T12:07:37.847483,2026-07-08T12:07:37.858607+00:00,136.1,200,bid,,,12160858
2026-07-08T12:07:38.208355,2026-07-08T12:07:38.215940+00:00,136.0,500,ask,,,12160865
2026-07-08T12:07:38.476476,2026-07-08T12:07:38.485266+00:00,136.0,8,ask,,,12160871
2026-07-08T12:07:39.055896,2026-07-08T12:07:39.064042+00:00,136.0,200,bid,,,12160877
2026-07-08T12:07:39.263021,2026-07-08T12:07:39.270249+00:00,135.7,2,ask,,,12160880
2026-07-08T12:07:40.264226,2026-07-08T12:07:40.272952+00:00,135.8,200,bid,,,12160902
2026-07-08T12:07:41.094056,2026-07-08T12:07:41.101857+00:00,135.9,8,bid,,,12160914
2026-07-08T12:07:41.115102,2026-07-08T12:07:41.119344+00:00,135.9,2,ask,,,12160916
2026-07-08T12:07:41.125181,2026-07-08T12:07:41.129203+00:00,135.9,12,ask,,,12160918
2026-07-08T12:07:41.285169,2026-07-08T12:07:41.297085+00:00,136.1,2,bid,,,12160921
2026-07-08T12:07:41.315546,2026-07-08T12:07:41.322385+00:00,135.9,20,ask,,,12160923
2026-07-08T12:07:41.477073,2026-07-08T12:07:41.486421+00:00,135.9,200,ask,,,12160929
2026-07-08T12:07:42.300445,2026-07-08T12:07:42.311168+00:00,135.9,1,ask,,,12160942
2026-07-08T12:07:43.312201,2026-07-08T12:07:43.320344+00:00,135.7,1,ask,,,12160959
2026-07-08T12:07:44.325718,2026-07-08T12:07:44.363857+00:00,135.7,1,ask,,,12160988
2026-07-08T12:07:45.034409,2026-07-08T12:07:45.044538+00:00,135.7,199,ask,,,12160995
2026-07-08T12:07:45.053607,2026-07-08T12:07:45.057605+00:00,135.7,14,bid,,,12160998
2026-07-08T12:07:45.104885,2026-07-08T12:07:45.111917+00:00,135.6,8,ask,,,12160999
2026-07-08T12:07:45.709774,2026-07-08T12:07:45.714877+00:00,135.5,3,ask,,,12161008
2026-07-08T12:07:46.042558,2026-07-08T12:07:46.046937+00:00,135.5,2,ask,,,12161015
2026-07-08T12:07:46.313696,2026-07-08T12:07:46.322899+00:00,135.5,200,ask,,,12161019
2026-07-08T12:07:46.349370,2026-07-08T12:07:46.358618+00:00,135.5,2,ask,,,12161021
2026-07-08T12:07:46.454660,2026-07-08T12:07:46.458936+00:00,135.5,2,ask,,,12161024
2026-07-08T12:07:46.864573,2026-07-08T12:07:46.868612+00:00,135.5,2,ask,,,12161033
2026-07-08T12:07:47.312763,2026-07-08T12:07:47.317951+00:00,135.5,2,ask,,,12161040
2026-07-08T12:07:47.363040,2026-07-08T12:07:47.372384+00:00,135.5,1,ask,,,12161042
2026-07-08T12:07:47.527592,2026-07-08T12:07:47.536863+00:00,135.5,200,ask,,,12161045
2026-07-08T12:07:48.379967,2026-07-08T12:07:48.390536+00:00,135.4,1,ask,,,12161056
2026-07-08T12:07:49.391403,2026-07-08T12:07:49.402390+00:00,135.4,1,ask,,,12161071
2026-07-08T12:07:49.850298,2026-07-08T12:07:49.858415+00:00,135.6,20,bid,,,12161079
2026-07-08T12:07:50.288789,2026-07-08T12:07:50.296585+00:00,135.5,200,bid,,,12161087
2026-07-08T12:07:50.339882,2026-07-08T12:07:50.343931+00:00,135.5,2,ask,,,12161091
2026-07-08T12:07:50.407653,2026-07-08T12:07:50.417752+00:00,135.5,1,ask,,,12161095
2026-07-08T12:07:50.613941,2026-07-08T12:07:50.617688+00:00,135.5,1,ask,,,12161101
2026-07-08T12:07:51.420557,2026-07-08T12:07:51.432493+00:00,135.5,1,ask,,,12161115
2026-07-08T12:07:52.218003,2026-07-08T12:07:52.222074+00:00,135.5,2,ask,,,12161129
2026-07-08T12:07:52.432181,2026-07-08T12:07:52.440061+00:00,135.5,1,ask,,,12161133
2026-07-08T12:07:53.444622,2026-07-08T12:07:53.455921+00:00,135.5,1,ask,,,12161152
2026-07-08T12:07:53.775747,2026-07-08T12:07:53.779923+00:00,135.4,21,ask,,,12161157
2026-07-08T12:07:53.808063,2026-07-08T12:07:53.819979+00:00,135.4,1,ask,,,12161158
2026-07-08T12:07:53.985414,2026-07-08T12:07:53.989211+00:00,135.5,12,ask,,,12161162
2026-07-08T12:07:54.220544,2026-07-08T12:07:54.232588+00:00,135.5,25,ask,,,12161169
2026-07-08T12:07:54.233815,2026-07-08T12:07:54.242771+00:00,135.5,463,ask,,,12161171
2026-07-08T12:07:54.458381,2026-07-08T12:07:54.469164+00:00,135.3,1,ask,,,12161176
2026-07-08T12:07:54.552470,2026-07-08T12:07:54.558655+00:00,135.4,162,bid,,,12161177
2026-07-08T12:07:54.552470,2026-07-08T12:07:54.563636+00:00,135.5,8,bid,,,12161178
2026-07-08T12:07:55.470895,2026-07-08T12:07:55.481751+00:00,135.5,1,ask,,,12161187
2026-07-08T12:07:56.481908,2026-07-08T12:07:56.488841+00:00,135.5,1,ask,,,12161203
2026-07-08T12:07:56.655106,2026-07-08T12:07:56.658577+00:00,135.6,20,bid,,,12161204
2026-07-08T12:07:56.852689,2026-07-08T12:07:56.858597+00:00,135.5,499,ask,,,12161207
2026-07-08T12:07:56.885931,2026-07-08T12:07:56.890194+00:00,135.5,12,bid,,,12161209
2026-07-08T12:07:56.963682,2026-07-08T12:07:56.971645+00:00,135.5,114,bid,,,12161211
2026-07-08T12:07:57.493018,2026-07-08T12:07:57.501660+00:00,135.5,1,ask,,,12161222
2026-07-08T12:07:58.159579,2026-07-08T12:07:58.169111+00:00,135.7,200,bid,,,12161233
2026-07-08T12:07:58.159579,2026-07-08T12:07:58.169111+00:00,135.7,8,bid,,,12161234
2026-07-08T12:07:58.215328,2026-07-08T12:07:58.220130+00:00,135.8,12,ask,,,12161239
2026-07-08T12:07:58.257430,2026-07-08T12:07:58.267227+00:00,135.8,20,ask,,,12161240
2026-07-08T12:07:58.411888,2026-07-08T12:07:58.421876+00:00,135.8,200,ask,,,12161248
2026-07-08T12:07:58.505160,2026-07-08T12:07:58.516433+00:00,135.8,1,ask,,,12161252
2026-07-08T12:07:59.517531,2026-07-08T12:07:59.529317+00:00,135.7,1,ask,,,12161261
2026-07-08T12:07:59.520790,2026-07-08T12:07:59.529317+00:00,135.7,7,ask,,,12161262
2026-07-08T12:07:59.542296,2026-07-08T12:07:59.546638+00:00,135.7,35,bid,,,12161264
2026-07-08T12:07:59.865105,2026-07-08T12:07:59.877034+00:00,135.7,3,bid,,,12161270
2026-07-08T12:08:00.529195,2026-07-08T12:08:00.535967+00:00,135.6,1,ask,,,12161279
2026-07-08T12:08:01.558362,2026-07-08T12:08:01.569893+00:00,135.7,1,ask,,,12161299
2026-07-08T12:08:02.572470,2026-07-08T12:08:02.581867+00:00,135.6,1,ask,,,12161314
2026-07-08T12:08:03.592156,2026-07-08T12:08:03.601743+00:00,135.6,1,ask,,,12161321
2026-07-08T12:08:05.619054,2026-07-08T12:08:05.629084+00:00,135.7,2,bid,,,12161348
2026-07-08T12:08:06.089571,2026-07-08T12:08:06.098588+00:00,135.6,200,bid,,,12161351
2026-07-08T12:08:06.632303,2026-07-08T12:08:06.644278+00:00,135.6,1,ask,,,12161358
2026-07-08T12:08:07.564753,2026-07-08T12:08:07.572807+00:00,135.5,20,ask,,,12161371
2026-07-08T12:08:10.050611,2026-07-08T12:08:10.055358+00:00,135.7,2,bid,,,12161406
2026-07-08T12:08:10.406927,2026-07-08T12:08:10.417711+00:00,135.7,2,bid,,,12161408
2026-07-08T12:08:10.434741,2026-07-08T12:08:10.439068+00:00,135.7,2,bid,,,12161411
2026-07-08T12:08:10.544221,2026-07-08T12:08:10.558586+00:00,135.7,200,bid,,,12161415
2026-07-08T12:08:10.841456,2026-07-08T12:08:10.852031+00:00,135.7,2,bid,,,12161418
2026-07-08T12:08:10.994905,2026-07-08T12:08:10.998792+00:00,135.7,7,bid,,,12161425
2026-07-08T12:08:12.547490,2026-07-08T12:08:12.554092+00:00,135.9,20,bid,,,12161444
2026-07-08T12:08:12.864082,2026-07-08T12:08:12.873203+00:00,135.8,1,bid,,,12161450
2026-07-08T12:08:14.181902,2026-07-08T12:08:14.190117+00:00,135.6,8,ask,,,12161476
2026-07-08T12:08:15.293194,2026-07-08T12:08:15.300035+00:00,135.6,192,bid,,,12161492
2026-07-08T12:08:15.929717,2026-07-08T12:08:15.934456+00:00,135.6,23,ask,,,12161504
2026-07-08T12:08:16.223668,2026-07-08T12:08:16.235492+00:00,135.6,1,ask,,,12161506
2026-07-08T12:08:17.183075,2026-07-08T12:08:17.190905+00:00,135.7,20,bid,,,12161529
2026-07-08T12:08:17.234222,2026-07-08T12:08:17.242883+00:00,135.7,2,bid,,,12161530
2026-07-08T12:08:18.246706,2026-07-08T12:08:18.258753+00:00,135.5,1,ask,,,12161549
2026-07-08T12:08:19.248797,2026-07-08T12:08:19.252898+00:00,135.5,12,bid,,,12161565
2026-07-08T12:08:19.259630,2026-07-08T12:08:19.268567+00:00,135.4,1,ask,,,12161567
2026-07-08T12:08:20.112478,2026-07-08T12:08:20.124572+00:00,135.4,20,ask,,,12161578
2026-07-08T12:08:20.273376,2026-07-08T12:08:20.284487+00:00,135.4,1,ask,,,12161581
2026-07-08T12:08:21.284697,2026-07-08T12:08:21.295251+00:00,135.4,1,ask,,,12161598
2026-07-08T12:08:21.606621,2026-07-08T12:08:21.616061+00:00,135.4,20,ask,,,12161602
2026-07-08T12:08:21.852170,2026-07-08T12:08:21.857056+00:00,135.4,180,ask,,,12161607
2026-07-08T12:08:21.852170,2026-07-08T12:08:21.857056+00:00,135.3,8,ask,,,12161608
2026-07-08T12:08:21.867973,2026-07-08T12:08:21.872391+00:00,135.3,14,bid,,,12161610
2026-07-08T12:08:25.079767,2026-07-08T12:08:25.083834+00:00,135.4,2,ask,,,12161657
2026-07-08T12:08:25.360740,2026-07-08T12:08:25.383577+00:00,135.5,20,bid,,,12161662
2026-07-08T12:08:25.379528,2026-07-08T12:08:25.383577+00:00,135.5,2,bid,,,12161664
2026-07-08T12:08:25.791715,2026-07-08T12:08:25.803577+00:00,135.4,198,ask,,,12161673
2026-07-08T12:08:26.739516,2026-07-08T12:08:26.750674+00:00,135.1,20,ask,,,12161695
2026-07-08T12:08:27.485005,2026-07-08T12:08:27.496000+00:00,135.2,200,ask,,,12161705
2026-07-08T12:08:27.972009,2026-07-08T12:08:27.981013+00:00,135.4,5,bid,,,12161714
2026-07-08T12:08:28.303769,2026-07-08T12:08:28.311069+00:00,135.4,2,bid,,,12161725
2026-07-08T12:08:28.796166,2026-07-08T12:08:28.802843+00:00,135.0,5,ask,,,12161734
2026-07-08T12:08:29.315502,2026-07-08T12:08:29.322805+00:00,135.0,1,ask,,,12161743
2026-07-08T12:08:29.408145,2026-07-08T12:08:29.412120+00:00,135.0,2,ask,,,12161746
2026-07-08T12:08:29.835080,2026-07-08T12:08:29.839720+00:00,135.1,1,ask,,,12161755
2026-07-08T12:08:29.921654,2026-07-08T12:08:29.926033+00:00,135.2,1,ask,,,12161760
2026-07-08T12:08:30.329062,2026-07-08T12:08:30.335730+00:00,135.2,1,ask,,,12161770
2026-07-08T12:08:31.339621,2026-07-08T12:08:31.350447+00:00,135.2,1,ask,,,12161794
2026-07-08T12:08:32.299503,2026-07-08T12:08:32.303712+00:00,135.4,1,bid,,,12161817
2026-07-08T12:08:33.365339,2026-07-08T12:08:33.376483+00:00,135.3,1,ask,,,12161832
2026-07-08T12:08:34.292236,2026-07-08T12:08:34.300337+00:00,135.5,1,bid,,,12161852
2026-07-08T12:08:34.382741,2026-07-08T12:08:34.392857+00:00,135.5,2,bid,,,12161858
2026-07-08T12:08:34.654393,2026-07-08T12:08:34.666034+00:00,135.5,5,bid,,,12161862
2026-07-08T12:08:34.766276,2026-07-08T12:08:34.770076+00:00,135.4,2,bid,,,12161866
2026-07-08T12:08:34.883600,2026-07-08T12:08:34.887872+00:00,135.4,1,bid,,,12161869
2026-07-08T12:08:36.282139,2026-07-08T12:08:36.291447+00:00,135.4,200,bid,,,12161888
2026-07-08T12:08:37.172598,2026-07-08T12:08:37.184324+00:00,135.5,200,ask,,,12161895
2026-07-08T12:08:37.756268,2026-07-08T12:08:37.768728+00:00,135.4,8,ask,,,12161905
2026-07-08T12:08:37.756268,2026-07-08T12:08:37.768728+00:00,135.4,12,ask,,,12161906
2026-07-08T12:08:40.983295,2026-07-08T12:08:40.990976+00:00,135.4,5,bid,,,12161963
2026-07-08T12:08:41.252470,2026-07-08T12:08:41.256690+00:00,135.3,10,ask,,,12161970
2026-07-08T12:08:41.270345,2026-07-08T12:08:41.274649+00:00,135.3,3,ask,,,12161974
2026-07-08T12:08:41.460702,2026-07-08T12:08:41.469391+00:00,135.4,2,bid,,,12161981
2026-07-08T12:08:41.523939,2026-07-08T12:08:41.534619+00:00,135.3,187,ask,,,12161983
2026-07-08T12:08:42.473039,2026-07-08T12:08:42.481300+00:00,135.2,1,ask,,,12161999
2026-07-08T12:08:43.250244,2026-07-08T12:08:43.260345+00:00,135.3,20,ask,,,12162023
2026-07-08T12:08:43.483945,2026-07-08T12:08:43.492833+00:00,135.3,1,ask,,,12162027
2026-07-08T12:08:44.146695,2026-07-08T12:08:44.163717+00:00,135.3,179,ask,,,12162036
2026-07-08T12:08:44.423333,2026-07-08T12:08:44.434396+00:00,135.2,200,bid,,,12162046
2026-07-08T12:08:44.864491,2026-07-08T12:08:44.868690+00:00,135.2,2,bid,,,12162058
2026-07-08T12:08:45.214790,2026-07-08T12:08:45.226606+00:00,135.2,5,bid,,,12162064
2026-07-08T12:08:45.508933,2026-07-08T12:08:45.524379+00:00,135.3,2,bid,,,12162071
2026-07-08T12:08:45.785274,2026-07-08T12:08:45.796941+00:00,135.2,5,ask,,,12162076
2026-07-08T12:08:45.829264,2026-07-08T12:08:45.838534+00:00,135.4,3,bid,,,12162079
2026-07-08T12:08:46.655211,2026-07-08T12:08:46.658621+00:00,135.2,3,ask,,,12162089
2026-07-08T12:08:46.887911,2026-07-08T12:08:46.898619+00:00,135.4,2,bid,,,12162100
2026-07-08T12:08:47.259455,2026-07-08T12:08:47.265967+00:00,135.4,5,bid,,,12162110
2026-07-08T12:08:47.536591,2026-07-08T12:08:47.546480+00:00,135.4,2,bid,,,12162121
2026-07-08T12:08:47.539580,2026-07-08T12:08:47.546480+00:00,135.4,2,bid,,,12162122
2026-07-08T12:08:47.598402,2026-07-08T12:08:47.602852+00:00,135.4,1,bid,,,12162126
2026-07-08T12:08:47.721516,2026-07-08T12:08:47.728903+00:00,135.4,2,bid,,,12162128
2026-07-08T12:08:47.745624,2026-07-08T12:08:47.750045+00:00,135.4,2,bid,,,12162130
2026-07-08T12:08:47.803416,2026-07-08T12:08:47.812300+00:00,135.4,5,bid,,,12162131
2026-07-08T12:08:48.090832,2026-07-08T12:08:48.101116+00:00,135.4,5,bid,,,12162137
2026-07-08T12:08:48.112882,2026-07-08T12:08:48.117215+00:00,135.3,1,bid,,,12162140
2026-07-08T12:08:48.149110,2026-07-08T12:08:48.153311+00:00,135.3,8,bid,,,12162142
2026-07-08T12:08:48.159095,2026-07-08T12:08:48.163681+00:00,135.3,2,bid,,,12162144
2026-07-08T12:08:48.192390,2026-07-08T12:08:48.203641+00:00,135.3,25,bid,,,12162146
2026-07-08T12:08:48.197374,2026-07-08T12:08:48.208824+00:00,135.1,17,ask,,,12162147
2026-07-08T12:08:48.367833,2026-07-08T12:08:48.379604+00:00,135.3,5,bid,,,12162149
2026-07-08T12:08:48.643017,2026-07-08T12:08:48.650887+00:00,135.3,5,bid,,,12162158
2026-07-08T12:08:48.917563,2026-07-08T12:08:48.927616+00:00,135.3,5,bid,,,12162161
2026-07-08T12:08:48.982952,2026-07-08T12:08:48.987601+00:00,135.1,2,ask,,,12162163
2026-07-08T12:08:49.192706,2026-07-08T12:08:49.204443+00:00,135.3,5,bid,,,12162171
2026-07-08T12:08:49.470118,2026-07-08T12:08:49.477493+00:00,135.3,5,bid,,,12162178
2026-07-08T12:08:49.563680,2026-07-08T12:08:49.571785+00:00,135.3,2,bid,,,12162179
2026-07-08T12:08:49.756253,2026-07-08T12:08:49.764160+00:00,135.3,5,bid,,,12162181
2026-07-08T12:08:50.053873,2026-07-08T12:08:50.058573+00:00,135.3,5,bid,,,12162189
2026-07-08T12:08:50.347363,2026-07-08T12:08:50.358609+00:00,135.3,5,bid,,,12162193
2026-07-08T12:08:50.726592,2026-07-08T12:08:50.730665+00:00,135.2,2,ask,,,12162204
2026-07-08T12:08:50.759009,2026-07-08T12:08:50.763008+00:00,135.2,9,ask,,,12162207
2026-07-08T12:08:51.007247,2026-07-08T12:08:51.019100+00:00,135.2,8,ask,,,12162214
2026-07-08T12:08:51.587748,2026-07-08T12:08:51.595544+00:00,135.3,2,bid,,,12162226
2026-07-08T12:08:53.610777,2026-07-08T12:08:53.618266+00:00,135.3,2,bid,,,12162261
2026-07-08T12:08:54.123868,2026-07-08T12:08:54.127883+00:00,135.2,3,bid,,,12162273
2026-07-08T12:08:54.187330,2026-07-08T12:08:54.196502+00:00,135.2,25,bid,,,12162275
2026-07-08T12:08:54.242479,2026-07-08T12:08:54.264085+00:00,135.2,25,bid,,,12162279
2026-07-08T12:08:54.414478,2026-07-08T12:08:54.418668+00:00,135.1,8,bid,,,12162281
2026-07-08T12:08:54.454345,2026-07-08T12:08:54.465174+00:00,135.2,25,bid,,,12162283
2026-07-08T12:08:54.465802,2026-07-08T12:08:54.475581+00:00,135.2,25,bid,,,12162285
2026-07-08T12:08:54.618860,2026-07-08T12:08:54.630626+00:00,135.2,1,bid,,,12162288
2026-07-08T12:08:54.674591,2026-07-08T12:08:54.684547+00:00,135.2,25,bid,,,12162293
2026-07-08T12:08:54.744400,2026-07-08T12:08:54.754378+00:00,135.2,25,bid,,,12162296
2026-07-08T12:08:55.020410,2026-07-08T12:08:55.031767+00:00,135.0,1,ask,,,12162299
2026-07-08T12:08:55.314203,2026-07-08T12:08:55.323668+00:00,135.2,200,bid,,,12162302
2026-07-08T12:08:55.651038,2026-07-08T12:08:55.655304+00:00,135.0,2,ask,,,12162313
2026-07-08T12:08:56.341784,2026-07-08T12:08:56.360192+00:00,135.1,20,bid,,,12162322
2026-07-08T12:08:56.527954,2026-07-08T12:08:56.537976+00:00,135.1,200,bid,,,12162327
2026-07-08T12:08:56.643746,2026-07-08T12:08:56.651548+00:00,135.1,2,bid,,,12162330
2026-07-08T12:08:57.304232,2026-07-08T12:08:57.307956+00:00,135.0,9,ask,,,12162346
2026-07-08T12:08:59.688007,2026-07-08T12:08:59.698494+00:00,135.1,2,bid,,,12162378
2026-07-08T12:08:59.925613,2026-07-08T12:08:59.934352+00:00,135.0,200,ask,,,12162383
2026-07-08T12:09:00.352287,2026-07-08T12:09:00.356664+00:00,135.0,2,bid,,,12162390
2026-07-08T12:09:01.708295,2026-07-08T12:09:01.716000+00:00,135.1,2,bid,,,12162412
2026-07-08T12:09:01.976460,2026-07-08T12:09:01.980580+00:00,135.1,1,bid,,,12162420
2026-07-08T12:09:02.009077,2026-07-08T12:09:02.012941+00:00,135.0,1,bid,,,12162426
2026-07-08T12:09:02.018967,2026-07-08T12:09:02.022793+00:00,135.0,7,bid,,,12162428
2026-07-08T12:09:02.098481,2026-07-08T12:09:02.109740+00:00,135.1,25,bid,,,12162430
2026-07-08T12:09:04.746573,2026-07-08T12:09:04.753401+00:00,134.9,2,ask,,,12162471
2026-07-08T12:09:05.019025,2026-07-08T12:09:05.023407+00:00,135.0,2,ask,,,12162478
2026-07-08T12:09:05.409093,2026-07-08T12:09:05.417224+00:00,135.0,198,ask,,,12162486
2026-07-08T12:09:05.409093,2026-07-08T12:09:05.422240+00:00,135.0,8,ask,,,12162487
2026-07-08T12:09:05.519353,2026-07-08T12:09:05.528920+00:00,135.0,25,bid,,,12162491
2026-07-08T12:09:05.777490,2026-07-08T12:09:05.782426+00:00,134.9,2,ask,,,12162498
2026-07-08T12:09:05.941648,2026-07-08T12:09:05.951799+00:00,134.9,13,ask,,,12162504
2026-07-08T12:09:06.101807,2026-07-08T12:09:06.110330+00:00,135.1,20,bid,,,12162508
2026-07-08T12:09:06.772505,2026-07-08T12:09:06.780176+00:00,135.0,2,bid,,,12162516
2026-07-08T12:09:07.804389,2026-07-08T12:09:07.821065+00:00,135.0,200,bid,,,12162528
2026-07-08T12:09:07.817071,2026-07-08T12:09:07.821065+00:00,135.0,2,ask,,,12162531
2026-07-08T12:09:07.858798,2026-07-08T12:09:07.862927+00:00,135.0,2,ask,,,12162535
2026-07-08T12:09:08.290962,2026-07-08T12:09:08.295594+00:00,135.0,3,ask,,,12162549
2026-07-08T12:09:08.385069,2026-07-08T12:09:08.396867+00:00,135.0,5,ask,,,12162550
2026-07-08T12:09:08.630258,2026-07-08T12:09:08.637588+00:00,135.0,200,ask,,,12162555
2026-07-08T12:09:08.689098,2026-07-08T12:09:08.701019+00:00,135.0,5,ask,,,12162556
2026-07-08T12:09:08.959642,2026-07-08T12:09:08.976504+00:00,135.0,25,ask,,,12162559
2026-07-08T12:09:08.969741,2026-07-08T12:09:08.976504+00:00,135.0,25,ask,,,12162560
2026-07-08T12:09:09.185499,2026-07-08T12:09:09.194402+00:00,135.1,15,bid,,,12162571
2026-07-08T12:09:09.258680,2026-07-08T12:09:09.270543+00:00,135.1,5,bid,,,12162572
2026-07-08T12:09:09.809730,2026-07-08T12:09:09.818559+00:00,135.2,2,bid,,,12162578
2026-07-08T12:09:10.098439,2026-07-08T12:09:10.106601+00:00,135.1,25,bid,,,12162583
2026-07-08T12:09:10.102082,2026-07-08T12:09:10.106601+00:00,135.1,2,bid,,,12162584
2026-07-08T12:09:10.376809,2026-07-08T12:09:10.385439+00:00,135.0,5,ask,,,12162593
2026-07-08T12:09:10.929181,2026-07-08T12:09:10.938101+00:00,135.0,3,ask,,,12162604
2026-07-08T12:09:11.758365,2026-07-08T12:09:11.769854+00:00,135.1,200,bid,,,12162622
2026-07-08T12:09:11.771166,2026-07-08T12:09:11.775556+00:00,135.1,2,ask,,,12162623
2026-07-08T12:09:12.258276,2026-07-08T12:09:12.269377+00:00,135.2,200,bid,,,12162628
2026-07-08T12:09:12.869029,2026-07-08T12:09:12.877928+00:00,135.1,25,ask,,,12162639
2026-07-08T12:09:12.886887,2026-07-08T12:09:12.893368+00:00,135.2,5,bid,,,12162642
2026-07-08T12:09:13.467351,2026-07-08T12:09:13.474463+00:00,135.2,200,bid,,,12162652
2026-07-08T12:09:13.723408,2026-07-08T12:09:13.735584+00:00,135.2,5,bid,,,12162653
2026-07-08T12:09:13.862393,2026-07-08T12:09:13.869739+00:00,135.2,2,bid,,,12162656
2026-07-08T12:09:14.002606,2026-07-08T12:09:14.010512+00:00,135.2,3,bid,,,12162658
2026-07-08T12:09:16.321874,2026-07-08T12:09:16.329164+00:00,135.0,500,ask,,,12162695
2026-07-08T12:09:16.908914,2026-07-08T12:09:16.917516+00:00,135.0,125,ask,,,12162706
2026-07-08T12:09:16.908914,2026-07-08T12:09:16.917516+00:00,135.0,200,ask,,,12162707
2026-07-08T12:09:16.929449,2026-07-08T12:09:16.941913+00:00,135.0,8,bid,,,12162709
2026-07-08T12:09:16.937482,2026-07-08T12:09:16.941913+00:00,135.0,2,bid,,,12162710
2026-07-08T12:09:16.937729,2026-07-08T12:09:16.973516+00:00,135.0,2,bid,,,12162711
2026-07-08T12:09:16.969188,2026-07-08T12:09:16.973516+00:00,135.0,1,bid,,,12162713
2026-07-08T12:09:17.012538,2026-07-08T12:09:17.022905+00:00,135.0,25,bid,,,12162719
2026-07-08T12:09:17.129673,2026-07-08T12:09:17.138235+00:00,134.9,200,bid,,,12162723
2026-07-08T12:09:17.231549,2026-07-08T12:09:17.240229+00:00,134.9,25,bid,,,12162728
2026-07-08T12:09:17.283197,2026-07-08T12:09:17.287444+00:00,134.8,8,bid,,,12162731
2026-07-08T12:09:17.293442,2026-07-08T12:09:17.303067+00:00,134.9,25,bid,,,12162733
2026-07-08T12:09:17.373346,2026-07-08T12:09:17.377646+00:00,134.9,2,bid,,,12162735
2026-07-08T12:09:17.444183,2026-07-08T12:09:17.454417+00:00,134.9,25,bid,,,12162738
2026-07-08T12:09:17.609266,2026-07-08T12:09:17.616362+00:00,134.9,25,bid,,,12162747
2026-07-08T12:09:17.655336,2026-07-08T12:09:17.663850+00:00,134.9,23,bid,,,12162749
2026-07-08T12:09:17.756672,2026-07-08T12:09:17.764423+00:00,134.9,20,bid,,,12162750
2026-07-08T12:09:17.885200,2026-07-08T12:09:17.894598+00:00,134.9,25,bid,,,12162753
2026-07-08T12:09:17.890435,2026-07-08T12:09:17.899745+00:00,134.7,5,ask,,,12162754
2026-07-08T12:09:18.339248,2026-07-08T12:09:18.349480+00:00,134.9,200,bid,,,12162762
2026-07-08T12:09:18.363059,2026-07-08T12:09:18.367103+00:00,134.9,10,ask,,,12162766
2026-07-08T12:09:18.986958,2026-07-08T12:09:18.995300+00:00,135.1,2,bid,,,12162779
2026-07-08T12:09:19.252148,2026-07-08T12:09:19.256075+00:00,134.9,3,ask,,,12162787
2026-07-08T12:09:19.263398,2026-07-08T12:09:19.271658+00:00,134.9,25,ask,,,12162788
2026-07-08T12:09:19.313155,2026-07-08T12:09:19.325084+00:00,134.9,25,ask,,,12162790
2026-07-08T12:09:19.327470,2026-07-08T12:09:19.335554+00:00,134.9,5,ask,,,12162793
2026-07-08T12:09:19.473335,2026-07-08T12:09:19.485322+00:00,134.9,25,ask,,,12162796
2026-07-08T12:09:19.609487,2026-07-08T12:09:19.617463+00:00,134.9,25,ask,,,12162799
2026-07-08T12:09:19.637386,2026-07-08T12:09:19.648896+00:00,134.9,5,ask,,,12162804
2026-07-08T12:09:19.684725,2026-07-08T12:09:19.696695+00:00,134.9,8,ask,,,12162806
2026-07-08T12:09:19.684725,2026-07-08T12:09:19.696695+00:00,134.9,17,ask,,,12162807
2026-07-08T12:09:19.898310,2026-07-08T12:09:19.908852+00:00,134.9,25,ask,,,12162809
2026-07-08T12:09:20.113722,2026-07-08T12:09:20.125808+00:00,134.9,25,ask,,,12162815
2026-07-08T12:09:20.127036,2026-07-08T12:09:20.136045+00:00,135.0,38,bid,,,12162818
2026-07-08T12:09:21.068471,2026-07-08T12:09:21.076301+00:00,135.0,2,bid,,,12162838
2026-07-08T12:09:21.803505,2026-07-08T12:09:21.811296+00:00,134.8,20,ask,,,12162850
2026-07-08T12:09:23.089223,2026-07-08T12:09:23.097260+00:00,134.8,2,ask,,,12162875
2026-07-08T12:09:23.191454,2026-07-08T12:09:23.200346+00:00,135.0,200,bid,,,12162877
2026-07-08T12:09:25.116487,2026-07-08T12:09:25.125838+00:00,135.0,2,bid,,,12162914
2026-07-08T12:09:25.610878,2026-07-08T12:09:25.619047+00:00,134.9,200,bid,,,12162923
2026-07-08T12:09:26.016304,2026-07-08T12:09:26.027789+00:00,134.8,500,ask,,,12162930
2026-07-08T12:09:26.619541,2026-07-08T12:09:26.630229+00:00,134.7,500,ask,,,12162948
2026-07-08T12:09:27.137920,2026-07-08T12:09:27.158568+00:00,134.9,2,bid,,,12162953
2026-07-08T12:09:27.210783,2026-07-08T12:09:27.218337+00:00,134.8,200,ask,,,12162954
2026-07-08T12:09:27.210783,2026-07-08T12:09:27.223342+00:00,134.7,125,ask,,,12162955
2026-07-08T12:09:27.210783,2026-07-08T12:09:27.223342+00:00,134.7,8,ask,,,12162956
2026-07-08T12:09:27.242185,2026-07-08T12:09:27.247030+00:00,134.6,14,bid,,,12162959
2026-07-08T12:09:27.255348,2026-07-08T12:09:27.262637+00:00,134.6,25,bid,,,12162961
2026-07-08T12:09:27.354160,2026-07-08T12:09:27.362755+00:00,134.6,25,bid,,,12162964
2026-07-08T12:09:27.506181,2026-07-08T12:09:27.510306+00:00,134.4,2,bid,,,12162970
2026-07-08T12:09:27.539921,2026-07-08T12:09:27.551581+00:00,134.4,6,bid,,,12162972
2026-07-08T12:09:27.545138,2026-07-08T12:09:27.556599+00:00,134.6,5,bid,,,12162973
2026-07-08T12:09:27.838042,2026-07-08T12:09:27.848452+00:00,134.6,5,bid,,,12162977
2026-07-08T12:09:28.024555,2026-07-08T12:09:28.034358+00:00,134.6,200,bid,,,12162981
2026-07-08T12:09:28.113650,2026-07-08T12:09:28.125439+00:00,134.6,5,bid,,,12162983
2026-07-08T12:09:28.381623,2026-07-08T12:09:28.393304+00:00,134.6,4,bid,,,12162991
2026-07-08T12:09:28.739796,2026-07-08T12:09:28.744027+00:00,134.4,13,ask,,,12163001
2026-07-08T12:09:29.159456,2026-07-08T12:09:29.168780+00:00,134.4,2,ask,,,12163014
2026-07-08T12:09:29.235069,2026-07-08T12:09:29.244944+00:00,134.6,200,bid,,,12163018
2026-07-08T12:09:29.460790,2026-07-08T12:09:29.469472+00:00,134.4,5,ask,,,12163023
2026-07-08T12:09:29.497593,2026-07-08T12:09:29.502131+00:00,134.4,3,ask,,,12163025
2026-07-08T12:09:29.743728,2026-07-08T12:09:29.758627+00:00,134.4,5,ask,,,12163028
2026-07-08T12:09:30.306200,2026-07-08T12:09:30.317203+00:00,134.5,25,ask,,,12163032
2026-07-08T12:09:31.181071,2026-07-08T12:09:31.188439+00:00,134.6,2,bid,,,12163048
2026-07-08T12:09:31.512872,2026-07-08T12:09:31.523274+00:00,134.6,500,bid,,,12163056
2026-07-08T12:09:31.594838,2026-07-08T12:09:31.601718+00:00,134.6,25,ask,,,12163058
2026-07-08T12:09:31.679279,2026-07-08T12:09:31.691103+00:00,134.6,25,ask,,,12163060
2026-07-08T12:09:33.914507,2026-07-08T12:09:33.926515+00:00,134.4,2,ask,,,12163119
2026-07-08T12:09:34.362140,2026-07-08T12:09:34.374094+00:00,134.4,25,ask,,,12163127
2026-07-08T12:09:34.663171,2026-07-08T12:09:34.671503+00:00,134.5,5,bid,,,12163138
2026-07-08T12:09:34.935797,2026-07-08T12:09:34.947822+00:00,134.5,5,bid,,,12163143
2026-07-08T12:09:35.206502,2026-07-08T12:09:35.218413+00:00,134.4,25,ask,,,12163144
2026-07-08T12:09:35.211495,2026-07-08T12:09:35.218413+00:00,134.4,25,ask,,,12163145
2026-07-08T12:09:35.227304,2026-07-08T12:09:35.233848+00:00,134.5,2,bid,,,12163148
2026-07-08T12:09:36.023775,2026-07-08T12:09:36.034339+00:00,134.3,25,ask,,,12163166
2026-07-08T12:09:36.350935,2026-07-08T12:09:36.358570+00:00,134.3,25,ask,,,12163171
2026-07-08T12:09:36.773657,2026-07-08T12:09:36.784722+00:00,134.3,200,ask,,,12163188
2026-07-08T12:09:36.917711,2026-07-08T12:09:36.925860+00:00,134.3,5,bid,,,12163189
2026-07-08T12:09:37.190268,2026-07-08T12:09:37.202436+00:00,134.3,5,bid,,,12163190
2026-07-08T12:09:37.249141,2026-07-08T12:09:37.258591+00:00,134.3,2,bid,,,12163191
2026-07-08T12:09:37.458692,2026-07-08T12:09:37.470275+00:00,134.3,3,bid,,,12163194
2026-07-08T12:09:37.714673,2026-07-08T12:09:37.726539+00:00,134.3,200,bid,,,12163200
2026-07-08T12:09:38.005057,2026-07-08T12:09:38.017129+00:00,134.3,5,bid,,,12163206
2026-07-08T12:09:38.277007,2026-07-08T12:09:38.284927+00:00,134.4,5,bid,,,12163211
2026-07-08T12:09:39.273406,2026-07-08T12:09:39.284335+00:00,134.4,2,bid,,,12163219
2026-07-08T12:09:40.411024,2026-07-08T12:09:40.421505+00:00,134.2,25,ask,,,12163239
2026-07-08T12:09:40.991132,2026-07-08T12:09:41.002688+00:00,134.4,5,bid,,,12163252
2026-07-08T12:09:41.265140,2026-07-08T12:09:41.277398+00:00,134.5,5,bid,,,12163256
2026-07-08T12:09:41.296466,2026-07-08T12:09:41.303754+00:00,134.5,2,bid,,,12163257
2026-07-08T12:09:43.342227,2026-07-08T12:09:43.358623+00:00,134.5,200,bid,,,12163297
2026-07-08T12:09:43.367540,2026-07-08T12:09:43.379100+00:00,134.6,2,bid,,,12163299
2026-07-08T12:09:43.450768,2026-07-08T12:09:43.462875+00:00,134.5,25,ask,,,12163300
2026-07-08T12:09:43.455816,2026-07-08T12:09:43.462875+00:00,134.5,25,ask,,,12163301
2026-07-08T12:09:43.672093,2026-07-08T12:09:43.684062+00:00,134.5,25,ask,,,12163309
2026-07-08T12:09:43.739100,2026-07-08T12:09:43.751159+00:00,134.5,24,ask,,,12163311
2026-07-08T12:09:43.884004,2026-07-08T12:09:43.892881+00:00,134.5,13,ask,,,12163322
2026-07-08T12:09:44.043725,2026-07-08T12:09:44.064275+00:00,134.7,5,bid,,,12163327
2026-07-08T12:09:44.319066,2026-07-08T12:09:44.325627+00:00,134.7,5,bid,,,12163331
2026-07-08T12:09:44.666809,2026-07-08T12:09:44.674970+00:00,134.4,200,ask,,,12163339
2026-07-08T12:09:44.666809,2026-07-08T12:09:44.692179+00:00,134.4,8,ask,,,12163340
2026-07-08T12:09:44.687157,2026-07-08T12:09:44.692179+00:00,134.4,3,bid,,,12163342
2026-07-08T12:09:44.705830,2026-07-08T12:09:44.712966+00:00,134.4,25,bid,,,12163344
2026-07-08T12:09:44.864019,2026-07-08T12:09:44.875586+00:00,134.4,25,bid,,,12163350
2026-07-08T12:09:44.916984,2026-07-08T12:09:44.924883+00:00,134.4,25,bid,,,12163353
2026-07-08T12:09:44.978718,2026-07-08T12:09:44.988215+00:00,134.4,200,bid,,,12163358
2026-07-08T12:09:45.130889,2026-07-08T12:09:45.140581+00:00,134.4,25,bid,,,12163363
2026-07-08T12:09:45.135140,2026-07-08T12:09:45.145870+00:00,134.4,5,bid,,,12163365
2026-07-08T12:09:45.354039,2026-07-08T12:09:45.353309+00:00,134.4,25,bid,,,12163370
2026-07-08T12:09:45.427507,2026-07-08T12:09:45.438969+00:00,134.4,5,bid,,,12163373
2026-07-08T12:09:45.707509,2026-07-08T12:09:45.716900+00:00,134.4,5,bid,,,12163377
2026-07-08T12:09:45.769062,2026-07-08T12:09:45.781299+00:00,134.2,19,ask,,,12163378
2026-07-08T12:09:46.003084,2026-07-08T12:09:46.010454+00:00,134.5,8,bid,,,12163383
