timestamp,recv_time,price,volume,aggressor_side,buyer,seller,trade_id
2026-07-06T03:00:00.085241,2026-07-06T03:00:00.081288+00:00,167.2,200,bid,AverageAlmonds,WavyWalnuts,9043973
2026-07-06T03:00:00.085241,2026-07-06T03:00:00.081288+00:00,167.2,300,bid,AverageAlmonds,YieldingYams,9043974
2026-07-06T03:00:00.335396,2026-07-06T03:00:00.398650+00:00,167.0,20,ask,YieldingYams,BrilliantBurritos,9043981
2026-07-06T03:00:00.683574,2026-07-06T03:00:00.706241+00:00,167.2,325,bid,AverageAlmonds,YieldingYams,9043987
2026-07-06T03:00:00.758602,2026-07-06T03:00:00.778586+00:00,167.2,175,ask,AverageAlmonds,WavyWalnuts,9043990
2026-07-06T03:00:01.065113,2026-07-06T03:00:01.073789+00:00,167.2,25,bid,YieldingYams,WavyWalnuts,9043993
2026-07-06T03:00:01.108895,2026-07-06T03:00:01.112676+00:00,167.4,11,ask,YieldingYams,Xuanyu Liu,9043995
2026-07-06T03:00:01.969414,2026-07-06T03:00:01.976257+00:00,167.4,200,ask,YieldingYams,WavyWalnuts,9044007
2026-07-06T03:00:02.854747,2026-07-06T03:00:02.866650+00:00,167.6,20,bid,BrilliantBurritos,YieldingYams,9044030
2026-07-06T03:00:03.422863,2026-07-06T03:00:03.426924+00:00,167.6,34,bid,Xuanyu Liu,YieldingYams,9044038
2026-07-06T03:00:04.382921,2026-07-06T03:00:04.392950+00:00,167.5,200,ask,YieldingYams,WavyWalnuts,9044046
2026-07-06T03:00:05.310019,2026-07-06T03:00:05.322166+00:00,167.4,20,ask,YieldingYams,BrilliantBurritos,9044052
2026-07-06T03:00:08.132086,2026-07-06T03:00:08.143828+00:00,167.3,20,ask,YieldingYams,BrilliantBurritos,9044092
2026-07-06T03:00:08.624426,2026-07-06T03:00:08.636144+00:00,167.6,20,bid,BrilliantBurritos,YieldingYams,9044097
2026-07-06T03:00:09.365132,2026-07-06T03:00:09.377029+00:00,167.4,20,ask,WavyWalnuts,BrilliantBurritos,9044111
2026-07-06T03:00:10.436539,2026-07-06T03:00:10.445482+00:00,167.5,200,bid,WavyWalnuts,YieldingYams,9044124
2026-07-06T03:00:11.383293,2026-07-06T03:00:11.463971+00:00,167.5,20,bid,BrilliantBurritos,YieldingYams,9044127
2026-07-06T03:00:12.105799,2026-07-06T03:00:12.117651+00:00,167.6,20,bid,BrilliantBurritos,WavyWalnuts,9044141
2026-07-06T03:00:12.891663,2026-07-06T03:00:12.898936+00:00,167.5,200,bid,YieldingYams,WavyWalnuts,9044152
2026-07-06T03:00:14.901666,2026-07-06T03:00:14.913325+00:00,167.5,20,bid,BrilliantBurritos,YieldingYams,9044174
2026-07-06T03:00:20.136026,2026-07-06T03:00:20.145579+00:00,167.2,200,ask,YieldingYams,WavyWalnuts,9044239
2026-07-06T03:00:21.897956,2026-07-06T03:00:21.905855+00:00,167.3,500,bid,AverageAlmonds,YieldingYams,9044264
2026-07-06T03:00:22.494938,2026-07-06T03:00:22.502966+00:00,167.3,200,bid,AverageAlmonds,WavyWalnuts,9044269
2026-07-06T03:00:22.523755,2026-07-06T03:00:22.527311+00:00,167.3,12,ask,AverageAlmonds,Xuanyu Liu,9044271
2026-07-06T03:00:22.553037,2026-07-06T03:00:22.564175+00:00,167.3,200,ask,AverageAlmonds,WavyWalnuts,9044273
2026-07-06T03:00:23.766961,2026-07-06T03:00:23.775627+00:00,167.3,200,ask,AverageAlmonds,WavyWalnuts,9044282
2026-07-06T03:00:28.607496,2026-07-06T03:00:28.614736+00:00,167.6,200,bid,WavyWalnuts,YieldingYams,9044339
2026-07-06T03:00:29.436505,2026-07-06T03:00:29.448549+00:00,167.5,20,ask,YieldingYams,BrilliantBurritos,9044349
2026-07-06T03:00:29.964413,2026-07-06T03:00:29.968243+00:00,167.5,12,bid,Xuanyu Liu,YieldingYams,9044358
2026-07-06T03:00:32.260273,2026-07-06T03:00:32.263886+00:00,167.6,11,bid,Xuanyu Liu,WavyWalnuts,9044382
2026-07-06T03:00:32.580862,2026-07-06T03:00:32.585307+00:00,167.5,12,bid,Xuanyu Liu,YieldingYams,9044390
2026-07-06T03:00:32.880257,2026-07-06T03:00:32.888551+00:00,167.5,20,bid,BrilliantBurritos,YieldingYams,9044397
2026-07-06T03:00:39.513316,2026-07-06T03:00:39.521626+00:00,167.5,200,bid,WavyWalnuts,YieldingYams,9044471
2026-07-06T03:00:41.065201,2026-07-06T03:00:41.068934+00:00,167.5,11,bid,Xuanyu Liu,WavyWalnuts,9044488
2026-07-06T03:00:43.061938,2026-07-06T03:00:43.072979+00:00,167.4,200,ask,WavyWalnuts,YieldingYams,9044512
2026-07-06T03:00:43.102297,2026-07-06T03:00:43.106309+00:00,167.4,3,bid,Xuanyu Liu,YieldingYams,9044514
2026-07-06T03:00:46.830773,2026-07-06T03:00:46.843090+00:00,167.4,20,bid,BrilliantBurritos,YieldingYams,9044552
2026-07-06T03:00:48.309213,2026-07-06T03:00:48.311936+00:00,167.2,200,ask,WavyWalnuts,YieldingYams,9044567
2026-07-06T03:00:50.783719,2026-07-06T03:00:50.791764+00:00,167.1,20,ask,YieldingYams,BrilliantBurritos,9044594
2026-07-06T03:00:56.485530,2026-07-06T03:00:56.495777+00:00,167.3,200,bid,WavyWalnuts,YieldingYams,9044667
2026-07-06T03:00:57.715543,2026-07-06T03:00:57.719191+00:00,167.2,3,ask,WavyWalnuts,Xuanyu Liu,9044690
2026-07-06T03:01:01.337270,2026-07-06T03:01:01.348101+00:00,167.2,200,bid,WavyWalnuts,YieldingYams,9044731
2026-07-06T03:01:02.954918,2026-07-06T03:01:02.958343+00:00,167.3,20,bid,BrilliantBurritos,WavyWalnuts,9044756
2026-07-06T03:01:04.967090,2026-07-06T03:01:04.977791+00:00,167.1,200,ask,YieldingYams,WavyWalnuts,9044781
2026-07-06T03:01:06.176101,2026-07-06T03:01:06.182722+00:00,167.1,200,ask,YieldingYams,WavyWalnuts,9044796
2026-07-06T03:01:07.399836,2026-07-06T03:01:07.403202+00:00,167.2,3,bid,Xuanyu Liu,WavyWalnuts,9044806
2026-07-06T03:01:08.601776,2026-07-06T03:01:08.611000+00:00,167.1,200,ask,YieldingYams,WavyWalnuts,9044822
2026-07-06T03:01:10.595321,2026-07-06T03:01:10.606468+00:00,167.0,200,ask,WavyWalnuts,YieldingYams,9044849
2026-07-06T03:01:17.148716,2026-07-06T03:01:17.159662+00:00,166.7,200,ask,WavyWalnuts,YieldingYams,9044904
2026-07-06T03:01:18.117924,2026-07-06T03:01:18.124755+00:00,166.7,20,bid,BrilliantBurritos,YieldingYams,9044913
2026-07-06T03:01:22.237859,2026-07-06T03:01:22.241800+00:00,166.5,3,ask,WavyWalnuts,Xuanyu Liu,9044961
2026-07-06T03:01:22.485173,2026-07-06T03:01:22.492433+00:00,166.5,197,ask,WavyWalnuts,AverageAlmonds,9044965
2026-07-06T03:01:23.083838,2026-07-06T03:01:23.092758+00:00,166.4,500,ask,YieldingYams,AverageAlmonds,9044972
2026-07-06T03:01:23.684937,2026-07-06T03:01:23.696480+00:00,166.4,125,ask,YieldingYams,AverageAlmonds,9044984
2026-07-06T03:01:23.684937,2026-07-06T03:01:23.696480+00:00,166.4,200,ask,WavyWalnuts,AverageAlmonds,9044985
2026-07-06T03:01:24.328069,2026-07-06T03:01:24.335459+00:00,166.3,200,bid,WavyWalnuts,YieldingYams,9044992
2026-07-06T03:01:25.729606,2026-07-06T03:01:25.732852+00:00,166.2,34,ask,YieldingYams,Xuanyu Liu,9045010
2026-07-06T03:01:26.324732,2026-07-06T03:01:26.331567+00:00,166.4,500,bid,YieldingYams,AverageAlmonds,9045016
2026-07-06T03:01:26.324732,2026-07-06T03:01:26.336590+00:00,166.5,125,bid,YieldingYams,WavyWalnuts,9045017
2026-07-06T03:01:26.777004,2026-07-06T03:01:26.785321+00:00,166.4,200,bid,WavyWalnuts,AverageAlmonds,9045023
2026-07-06T03:01:27.997072,2026-07-06T03:01:28.008524+00:00,166.3,200,bid,WavyWalnuts,YieldingYams,9045035
2026-07-06T03:01:29.207941,2026-07-06T03:01:29.218674+00:00,166.3,200,bid,WavyWalnuts,AverageAlmonds,9045043
2026-07-06T03:01:30.418264,2026-07-06T03:01:30.429336+00:00,166.2,200,bid,WavyWalnuts,AverageAlmonds,9045058
2026-07-06T03:01:30.950121,2026-07-06T03:01:30.958589+00:00,166.1,500,ask,YieldingYams,AverageAlmonds,9045067
2026-07-06T03:01:31.543527,2026-07-06T03:01:31.555229+00:00,166.1,125,ask,YieldingYams,AverageAlmonds,9045077
2026-07-06T03:01:31.628140,2026-07-06T03:01:31.636030+00:00,166.0,200,bid,WavyWalnuts,YieldingYams,9045080
2026-07-06T03:01:32.329513,2026-07-06T03:01:32.341478+00:00,165.7,20,ask,YieldingYams,BrilliantBurritos,9045087
2026-07-06T03:01:32.837808,2026-07-06T03:01:32.847087+00:00,166.0,200,bid,WavyWalnuts,YieldingYams,9045095
2026-07-06T03:01:32.884198,2026-07-06T03:01:32.887702+00:00,166.1,12,ask,YieldingYams,Xuanyu Liu,9045098
2026-07-06T03:01:33.990835,2026-07-06T03:01:33.997741+00:00,166.1,500,ask,YieldingYams,AverageAlmonds,9045113
2026-07-06T03:01:34.069975,2026-07-06T03:01:34.074209+00:00,166.2,11,ask,WavyWalnuts,Xuanyu Liu,9045116
2026-07-06T03:01:34.181543,2026-07-06T03:01:34.190560+00:00,166.2,189,ask,WavyWalnuts,YieldingYams,9045117
2026-07-06T03:01:34.823889,2026-07-06T03:01:34.827780+00:00,166.1,11,bid,Xuanyu Liu,AverageAlmonds,9045129
2026-07-06T03:01:35.220819,2026-07-06T03:01:35.224473+00:00,166.0,11,ask,YieldingYams,Xuanyu Liu,9045135
2026-07-06T03:01:35.255113,2026-07-06T03:01:35.266678+00:00,166.2,200,bid,WavyWalnuts,YieldingYams,9045138
2026-07-06T03:01:36.408660,2026-07-06T03:01:36.421488+00:00,166.0,20,ask,YieldingYams,BrilliantBurritos,9045147
2026-07-06T03:01:36.465799,2026-07-06T03:01:36.477350+00:00,166.0,200,ask,YieldingYams,WavyWalnuts,9045150
2026-07-06T03:01:38.878745,2026-07-06T03:01:38.890486+00:00,166.1,200,bid,WavyWalnuts,AverageAlmonds,9045176
2026-07-06T03:01:39.411230,2026-07-06T03:01:39.420480+00:00,166.1,300,bid,YieldingYams,AverageAlmonds,9045181
2026-07-06T03:01:40.042362,2026-07-06T03:01:40.053996+00:00,166.1,325,ask,YieldingYams,AverageAlmonds,9045189
2026-07-06T03:01:41.301569,2026-07-06T03:01:41.310650+00:00,166.0,200,bid,WavyWalnuts,AverageAlmonds,9045202
2026-07-06T03:01:42.516226,2026-07-06T03:01:42.525560+00:00,165.9,200,bid,WavyWalnuts,AverageAlmonds,9045216
2026-07-06T03:01:43.726372,2026-07-06T03:01:43.733504+00:00,166.0,200,bid,WavyWalnuts,AverageAlmonds,9045230
2026-07-06T03:01:44.933998,2026-07-06T03:01:44.942165+00:00,165.9,200,bid,WavyWalnuts,YieldingYams,9045240
2026-07-06T03:01:47.265123,2026-07-06T03:01:47.276107+00:00,165.8,200,ask,WavyWalnuts,YieldingYams,9045273
2026-07-06T03:01:50.987610,2026-07-06T03:01:50.995389+00:00,165.8,200,bid,WavyWalnuts,YieldingYams,9045320
2026-07-06T03:01:52.773817,2026-07-06T03:01:52.784910+00:00,165.7,20,ask,WavyWalnuts,BrilliantBurritos,9045349
2026-07-06T03:01:56.970654,2026-07-06T03:01:56.974433+00:00,166.0,11,bid,Xuanyu Liu,WavyWalnuts,9045391
2026-07-06T03:01:57.066621,2026-07-06T03:01:57.070277+00:00,165.9,12,bid,Xuanyu Liu,WavyWalnuts,9045396
2026-07-06T03:02:01.673000,2026-07-06T03:02:01.680094+00:00,165.7,200,ask,WavyWalnuts,YieldingYams,9045451
2026-07-06T03:02:01.691406,2026-07-06T03:02:01.695317+00:00,165.7,11,bid,Xuanyu Liu,YieldingYams,9045453
2026-07-06T03:02:02.982216,2026-07-06T03:02:02.989447+00:00,165.6,200,ask,WavyWalnuts,YieldingYams,9045469
2026-07-06T03:02:03.000795,2026-07-06T03:02:03.004916+00:00,165.5,23,bid,Xuanyu Liu,YieldingYams,9045471
2026-07-06T03:02:03.099354,2026-07-06T03:02:03.108735+00:00,165.5,200,bid,WavyWalnuts,YieldingYams,9045473
2026-07-06T03:02:08.231798,2026-07-06T03:02:08.252957+00:00,165.5,200,ask,WavyWalnuts,YieldingYams,9045551
2026-07-06T03:02:08.249323,2026-07-06T03:02:08.252957+00:00,165.5,3,bid,Xuanyu Liu,YieldingYams,9045553
2026-07-06T03:02:08.598186,2026-07-06T03:02:08.607597+00:00,165.3,20,ask,YieldingYams,BrilliantBurritos,9045558
2026-07-06T03:02:09.682328,2026-07-06T03:02:09.686565+00:00,165.4,3,ask,WavyWalnuts,Xuanyu Liu,9045572
2026-07-06T03:02:10.853711,2026-07-06T03:02:10.864023+00:00,165.4,200,ask,WavyWalnuts,YieldingYams,9045590
2026-07-06T03:02:11.568146,2026-07-06T03:02:11.574876+00:00,165.4,200,bid,WavyWalnuts,YieldingYams,9045600
2026-07-06T03:02:12.776170,2026-07-06T03:02:12.784212+00:00,165.4,200,ask,YieldingYams,WavyWalnuts,9045614
2026-07-06T03:02:15.216486,2026-07-06T03:02:15.225663+00:00,165.3,200,ask,YieldingYams,WavyWalnuts,9045640
2026-07-06T03:02:15.620910,2026-07-06T03:02:15.632676+00:00,165.3,20,ask,YieldingYams,BrilliantBurritos,9045649
2026-07-06T03:02:16.988771,2026-07-06T03:02:16.997312+00:00,165.2,200,bid,AverageAlmonds,WavyWalnuts,9045667
2026-07-06T03:02:17.648695,2026-07-06T03:02:17.658633+00:00,165.3,200,ask,AverageAlmonds,WavyWalnuts,9045679
2026-07-06T03:02:21.358033,2026-07-06T03:02:21.369357+00:00,165.3,200,bid,YieldingYams,WavyWalnuts,9045722
2026-07-06T03:02:29.161376,2026-07-06T03:02:29.169238+00:00,165.2,20,ask,YieldingYams,BrilliantBurritos,9045826
2026-07-06T03:02:34.490871,2026-07-06T03:02:34.494676+00:00,165.2,11,ask,YieldingYams,Xuanyu Liu,9045897
2026-07-06T03:02:34.596863,2026-07-06T03:02:34.605504+00:00,165.2,200,ask,YieldingYams,WavyWalnuts,9045900
2026-07-06T03:02:34.901123,2026-07-06T03:02:34.913178+00:00,165.2,20,ask,YieldingYams,BrilliantBurritos,9045902
2026-07-06T03:02:38.528030,2026-07-06T03:02:38.532105+00:00,165.2,12,ask,YieldingYams,Xuanyu Liu,9045944
2026-07-06T03:02:39.464601,2026-07-06T03:02:39.468827+00:00,165.4,23,ask,WavyWalnuts,Xuanyu Liu,9045953
2026-07-06T03:02:39.711836,2026-07-06T03:02:39.722906+00:00,165.4,177,ask,WavyWalnuts,YieldingYams,9045957
2026-07-06T03:02:44.283930,2026-07-06T03:02:44.292039+00:00,165.3,200,bid,WavyWalnuts,YieldingYams,9046007
2026-07-06T03:02:44.964128,2026-07-06T03:02:44.967794+00:00,165.3,34,ask,YieldingYams,Xuanyu Liu,9046024
2026-07-06T03:02:45.466721,2026-07-06T03:02:45.474823+00:00,165.3,500,ask,YieldingYams,AverageAlmonds,9046030
2026-07-06T03:02:46.063491,2026-07-06T03:02:46.074246+00:00,165.3,91,ask,YieldingYams,AverageAlmonds,9046043
2026-07-06T03:02:46.063491,2026-07-06T03:02:46.074246+00:00,165.3,200,ask,WavyWalnuts,AverageAlmonds,9046044
2026-07-06T03:02:46.134312,2026-07-06T03:02:46.146198+00:00,164.3,20,ask,AverageAlmonds,BrilliantBurritos,9046047
2026-07-06T03:02:46.701322,2026-07-06T03:02:46.711609+00:00,165.1,200,bid,WavyWalnuts,YieldingYams,9046054
2026-07-06T03:02:47.913615,2026-07-06T03:02:47.922848+00:00,165.1,200,bid,WavyWalnuts,YieldingYams,9046069
2026-07-06T03:02:49.085823,2026-07-06T03:02:49.095448+00:00,165.0,500,ask,YieldingYams,AverageAlmonds,9046082
2026-07-06T03:02:49.138016,2026-07-06T03:02:49.141806+00:00,165.2,11,ask,WavyWalnuts,Xuanyu Liu,9046084
2026-07-06T03:02:49.680606,2026-07-06T03:02:49.689307+00:00,165.2,189,ask,WavyWalnuts,AverageAlmonds,9046095
2026-07-06T03:02:49.680606,2026-07-06T03:02:49.689307+00:00,165.0,125,ask,YieldingYams,AverageAlmonds,9046096
2026-07-06T03:02:50.329597,2026-07-06T03:02:50.338775+00:00,164.9,200,bid,WavyWalnuts,AverageAlmonds,9046108
2026-07-06T03:02:51.547659,2026-07-06T03:02:51.573178+00:00,165.0,200,bid,WavyWalnuts,AverageAlmonds,9046124
2026-07-06T03:02:51.568614,2026-07-06T03:02:51.573178+00:00,164.9,6,ask,YieldingYams,Xuanyu Liu,9046127
2026-07-06T03:02:52.766641,2026-07-06T03:02:52.776031+00:00,165.0,200,bid,WavyWalnuts,AverageAlmonds,9046145
2026-07-06T03:02:53.975650,2026-07-06T03:02:53.982427+00:00,165.0,200,bid,WavyWalnuts,AverageAlmonds,9046155
2026-07-06T03:02:56.394630,2026-07-06T03:02:56.405312+00:00,165.2,200,bid,WavyWalnuts,YieldingYams,9046191
2026-07-06T03:02:56.976932,2026-07-06T03:02:56.985407+00:00,165.1,500,ask,YieldingYams,AverageAlmonds,9046198
2026-07-06T03:02:57.569718,2026-07-06T03:02:57.577282+00:00,165.1,125,ask,YieldingYams,AverageAlmonds,9046204
2026-07-06T03:02:57.588426,2026-07-06T03:02:57.592233+00:00,165.0,6,bid,Xuanyu Liu,AverageAlmonds,9046206
2026-07-06T03:02:57.603073,2026-07-06T03:02:57.613006+00:00,165.0,200,bid,WavyWalnuts,AverageAlmonds,9046208
2026-07-06T03:02:58.201401,2026-07-06T03:02:58.205064+00:00,164.9,11,bid,Xuanyu Liu,AverageAlmonds,9046219
2026-07-06T03:02:58.810349,2026-07-06T03:02:58.819039+00:00,165.0,200,bid,WavyWalnuts,AverageAlmonds,9046228
2026-07-06T03:03:00.018539,2026-07-06T03:03:00.028432+00:00,165.0,200,bid,WavyWalnuts,AverageAlmonds,9046247
2026-07-06T03:03:00.665341,2026-07-06T03:03:00.674302+00:00,165.0,500,bid,YieldingYams,AverageAlmonds,9046252
2026-07-06T03:03:01.182847,2026-07-06T03:03:01.191984+00:00,165.0,125,ask,YieldingYams,AverageAlmonds,9046260
2026-07-06T03:03:03.034348,2026-07-06T03:03:03.044283+00:00,164.8,200,ask,WavyWalnuts,AverageAlmonds,9046287
2026-07-06T03:03:03.833323,2026-07-06T03:03:03.837038+00:00,164.6,17,ask,WavyWalnuts,Xuanyu Liu,9046311
2026-07-06T03:03:05.446003,2026-07-06T03:03:05.447009+00:00,164.6,200,ask,WavyWalnuts,AverageAlmonds,9046325
2026-07-06T03:03:06.657293,2026-07-06T03:03:06.666008+00:00,164.5,200,ask,WavyWalnuts,AverageAlmonds,9046346
2026-07-06T03:03:07.291737,2026-07-06T03:03:07.299263+00:00,164.5,200,bid,WavyWalnuts,AverageAlmonds,9046359
2026-07-06T03:03:08.512976,2026-07-06T03:03:08.524314+00:00,164.5,500,bid,YieldingYams,AverageAlmonds,9046377
2026-07-06T03:03:08.512976,2026-07-06T03:03:08.524314+00:00,164.5,125,bid,YieldingYams,WavyWalnuts,9046378
2026-07-06T03:03:09.451721,2026-07-06T03:03:09.458559+00:00,164.5,20,bid,BrilliantBurritos,WavyWalnuts,9046393
2026-07-06T03:03:10.101109,2026-07-06T03:03:10.104673+00:00,164.5,6,bid,Xuanyu Liu,YieldingYams,9046399
2026-07-06T03:03:10.470039,2026-07-06T03:03:10.482041+00:00,164.4,20,ask,WavyWalnuts,BrilliantBurritos,9046404
2026-07-06T03:03:13.315118,2026-07-06T03:03:13.326159+00:00,164.4,200,ask,WavyWalnuts,AverageAlmonds,9046447
2026-07-06T03:03:17.570017,2026-07-06T03:03:17.573611+00:00,164.2,11,bid,Xuanyu Liu,AverageAlmonds,9046504
2026-07-06T03:03:17.689639,2026-07-06T03:03:17.696580+00:00,164.2,489,bid,YieldingYams,AverageAlmonds,9046508
2026-07-06T03:03:19.003335,2026-07-06T03:03:19.014710+00:00,164.1,200,ask,WavyWalnuts,YieldingYams,9046522
2026-07-06T03:03:19.663572,2026-07-06T03:03:19.666855+00:00,163.8,11,ask,YieldingYams,Xuanyu Liu,9046535
2026-07-06T03:03:20.330950,2026-07-06T03:03:20.335111+00:00,164.0,6,ask,YieldingYams,Xuanyu Liu,9046550
2026-07-06T03:03:20.632772,2026-07-06T03:03:20.640676+00:00,164.0,200,ask,YieldingYams,WavyWalnuts,9046558
2026-07-06T03:03:21.842014,2026-07-06T03:03:21.858727+00:00,164.1,200,bid,WavyWalnuts,YieldingYams,9046579
2026-07-06T03:03:24.273286,2026-07-06T03:03:24.280001+00:00,164.0,200,bid,WavyWalnuts,YieldingYams,9046608
2026-07-06T03:03:26.887178,2026-07-06T03:03:26.894663+00:00,164.0,500,bid,YieldingYams,AverageAlmonds,9046645
2026-07-06T03:03:27.246659,2026-07-06T03:03:27.248819+00:00,164.0,125,ask,YieldingYams,AverageAlmonds,9046651
2026-07-06T03:03:27.246659,2026-07-06T03:03:27.254686+00:00,163.9,200,ask,WavyWalnuts,AverageAlmonds,9046652
2026-07-06T03:03:27.268005,2026-07-06T03:03:27.271690+00:00,163.9,6,bid,Xuanyu Liu,AverageAlmonds,9046654
2026-07-06T03:03:29.126054,2026-07-06T03:03:29.133200+00:00,163.9,200,bid,WavyWalnuts,AverageAlmonds,9046679
2026-07-06T03:03:30.266696,2026-07-06T03:03:30.274414+00:00,163.8,500,ask,YieldingYams,AverageAlmonds,9046690
2026-07-06T03:03:30.279182,2026-07-06T03:03:30.290792+00:00,163.8,20,ask,YieldingYams,BrilliantBurritos,9046691
2026-07-06T03:03:30.824908,2026-07-06T03:03:30.831781+00:00,163.9,200,ask,WavyWalnuts,YieldingYams,9046697
2026-07-06T03:03:30.843515,2026-07-06T03:03:30.847866+00:00,163.7,11,bid,Xuanyu Liu,YieldingYams,9046699
2026-07-06T03:03:31.544795,2026-07-06T03:03:31.552236+00:00,163.7,200,bid,WavyWalnuts,YieldingYams,9046708
2026-07-06T03:03:32.753781,2026-07-06T03:03:32.764092+00:00,163.7,200,bid,WavyWalnuts,YieldingYams,9046731
2026-07-06T03:03:33.962450,2026-07-06T03:03:33.971941+00:00,163.6,200,bid,WavyWalnuts,AverageAlmonds,9046744
2026-07-06T03:03:34.196880,2026-07-06T03:03:34.208604+00:00,163.6,20,bid,BrilliantBurritos,AverageAlmonds,9046746
2026-07-06T03:03:35.169217,2026-07-06T03:03:35.179001+00:00,163.5,200,bid,WavyWalnuts,AverageAlmonds,9046755
2026-07-06T03:03:36.376004,2026-07-06T03:03:36.385765+00:00,163.6,200,bid,WavyWalnuts,AverageAlmonds,9046770
2026-07-06T03:03:37.540171,2026-07-06T03:03:37.551370+00:00,163.5,20,ask,YieldingYams,BrilliantBurritos,9046781
2026-07-06T03:03:37.583959,2026-07-06T03:03:37.593812+00:00,163.6,200,bid,WavyWalnuts,AverageAlmonds,9046783
2026-07-06T03:03:38.157496,2026-07-06T03:03:38.169167+00:00,163.7,20,bid,BrilliantBurritos,YieldingYams,9046789
2026-07-06T03:03:38.792364,2026-07-06T03:03:38.800361+00:00,163.7,200,bid,WavyWalnuts,YieldingYams,9046805
2026-07-06T03:03:40.198239,2026-07-06T03:03:40.205069+00:00,163.9,20,bid,BrilliantBurritos,YieldingYams,9046823
2026-07-06T03:03:41.759494,2026-07-06T03:03:41.763551+00:00,163.9,34,bid,Xuanyu Liu,YieldingYams,9046843
2026-07-06T03:03:42.616730,2026-07-06T03:03:42.624518+00:00,163.8,200,ask,WavyWalnuts,YieldingYams,9046845
2026-07-06T03:03:42.636005,2026-07-06T03:03:42.639606+00:00,163.8,12,bid,Xuanyu Liu,YieldingYams,9046847
2026-07-06T03:03:44.710465,2026-07-06T03:03:44.722216+00:00,163.6,20,ask,WavyWalnuts,BrilliantBurritos,9046865
2026-07-06T03:03:45.239058,2026-07-06T03:03:45.249361+00:00,163.8,200,bid,YieldingYams,WavyWalnuts,9046871
2026-07-06T03:03:46.042157,2026-07-06T03:03:46.049934+00:00,163.8,200,ask,YieldingYams,WavyWalnuts,9046886
2026-07-06T03:03:48.084584,2026-07-06T03:03:48.088728+00:00,163.6,11,bid,Xuanyu Liu,YieldingYams,9046910
2026-07-06T03:03:49.061663,2026-07-06T03:03:49.069175+00:00,163.4,20,ask,YieldingYams,BrilliantBurritos,9046923
2026-07-06T03:03:49.189523,2026-07-06T03:03:49.193571+00:00,163.5,12,bid,Xuanyu Liu,YieldingYams,9046928
2026-07-06T03:03:54.566498,2026-07-06T03:03:54.575359+00:00,163.4,200,bid,WavyWalnuts,YieldingYams,9046996
2026-07-06T03:03:58.190137,2026-07-06T03:03:58.198120+00:00,163.5,200,bid,WavyWalnuts,YieldingYams,9047045
2026-07-06T03:03:58.365382,2026-07-06T03:03:58.369539+00:00,163.5,12,ask,YieldingYams,Xuanyu Liu,9047049
2026-07-06T03:03:59.399214,2026-07-06T03:03:59.409586+00:00,163.5,200,ask,YieldingYams,WavyWalnuts,9047060
2026-07-06T03:04:00.608177,2026-07-06T03:04:00.615049+00:00,163.6,200,bid,WavyWalnuts,YieldingYams,9047074
2026-07-06T03:04:01.983940,2026-07-06T03:04:01.991581+00:00,163.5,20,ask,YieldingYams,BrilliantBurritos,9047096
2026-07-06T03:04:04.014866,2026-07-06T03:04:04.024926+00:00,163.6,20,ask,YieldingYams,BrilliantBurritos,9047116
2026-07-06T03:04:10.288537,2026-07-06T03:04:10.295999+00:00,163.4,200,bid,WavyWalnuts,YieldingYams,9047188
2026-07-06T03:04:13.049578,2026-07-06T03:04:13.057495+00:00,163.5,20,bid,BrilliantBurritos,WavyWalnuts,9047221
2026-07-06T03:04:14.119391,2026-07-06T03:04:14.128775+00:00,163.6,200,bid,YieldingYams,WavyWalnuts,9047234
2026-07-06T03:04:16.364542,2026-07-06T03:04:16.368678+00:00,163.6,12,bid,Xuanyu Liu,WavyWalnuts,9047263
2026-07-06T03:04:18.768681,2026-07-06T03:04:18.775659+00:00,163.5,200,ask,YieldingYams,WavyWalnuts,9047298
2026-07-06T03:04:19.711592,2026-07-06T03:04:19.715937+00:00,163.6,11,bid,Xuanyu Liu,YieldingYams,9047310
2026-07-06T03:04:19.991082,2026-07-06T03:04:19.995355+00:00,163.4,3,bid,Xuanyu Liu,WavyWalnuts,9047322
2026-07-06T03:04:20.675364,2026-07-06T03:04:20.685153+00:00,163.4,197,bid,YieldingYams,WavyWalnuts,9047328
2026-07-06T03:04:23.318518,2026-07-06T03:04:23.322432+00:00,163.4,3,ask,YieldingYams,Xuanyu Liu,9047358
2026-07-06T03:04:23.620988,2026-07-06T03:04:23.631816+00:00,163.4,200,ask,YieldingYams,WavyWalnuts,9047362
2026-07-06T03:04:28.570934,2026-07-06T03:04:28.580674+00:00,163.4,200,ask,WavyWalnuts,YieldingYams,9047431
2026-07-06T03:04:29.689636,2026-07-06T03:04:29.701373+00:00,163.3,200,bid,WavyWalnuts,YieldingYams,9047455
2026-07-06T03:04:33.885899,2026-07-06T03:04:33.889338+00:00,163.4,11,ask,AverageAlmonds,Xuanyu Liu,9047502
2026-07-06T03:04:35.748887,2026-07-06T03:04:35.756884+00:00,163.3,200,ask,AverageAlmonds,WavyWalnuts,9047529
2026-07-06T03:04:36.957387,2026-07-06T03:04:36.969010+00:00,163.3,200,ask,AverageAlmonds,WavyWalnuts,9047540
2026-07-06T03:04:39.667660,2026-07-06T03:04:39.679430+00:00,163.4,20,ask,AverageAlmonds,BrilliantBurritos,9047565
2026-07-06T03:04:41.724928,2026-07-06T03:04:41.733825+00:00,163.5,200,bid,AverageAlmonds,WavyWalnuts,9047584
2026-07-06T03:04:41.795775,2026-07-06T03:04:41.806689+00:00,163.5,200,ask,AverageAlmonds,WavyWalnuts,9047587
2026-07-06T03:04:41.891042,2026-07-06T03:04:41.894572+00:00,163.5,12,ask,AverageAlmonds,Xuanyu Liu,9047589
2026-07-06T03:04:43.535269,2026-07-06T03:04:43.559943+00:00,163.6,200,bid,AverageAlmonds,WavyWalnuts,9047611
2026-07-06T03:04:43.556067,2026-07-06T03:04:43.559943+00:00,163.6,11,ask,AverageAlmonds,Xuanyu Liu,9047613
2026-07-06T03:04:47.150544,2026-07-06T03:04:47.157200+00:00,163.8,20,bid,BrilliantBurritos,YieldingYams,9047656
2026-07-06T03:04:47.837589,2026-07-06T03:04:47.844660+00:00,163.8,200,bid,WavyWalnuts,YieldingYams,9047661
2026-07-06T03:04:48.865529,2026-07-06T03:04:48.875584+00:00,164.0,20,bid,BrilliantBurritos,WavyWalnuts,9047676
2026-07-06T03:04:50.972975,2026-07-06T03:04:50.977238+00:00,163.8,23,bid,Xuanyu Liu,WavyWalnuts,9047709
2026-07-06T03:04:51.474389,2026-07-06T03:04:51.484285+00:00,163.7,200,ask,YieldingYams,WavyWalnuts,9047713
2026-07-06T03:04:52.167907,2026-07-06T03:04:52.174643+00:00,163.9,20,bid,BrilliantBurritos,YieldingYams,9047720
2026-07-06T03:04:53.161942,2026-07-06T03:04:53.173816+00:00,163.6,20,ask,YieldingYams,BrilliantBurritos,9047738
2026-07-06T03:04:53.894077,2026-07-06T03:04:53.901506+00:00,163.6,200,ask,YieldingYams,WavyWalnuts,9047750
2026-07-06T03:04:55.122729,2026-07-06T03:04:55.127067+00:00,163.7,11,bid,Xuanyu Liu,WavyWalnuts,9047764
2026-07-06T03:04:56.243158,2026-07-06T03:04:56.250827+00:00,163.7,189,bid,AverageAlmonds,WavyWalnuts,9047779
2026-07-06T03:04:58.737191,2026-07-06T03:04:58.747149+00:00,163.8,200,ask,AverageAlmonds,WavyWalnuts,9047804
2026-07-06T03:04:59.945442,2026-07-06T03:04:59.958610+00:00,163.8,200,ask,AverageAlmonds,WavyWalnuts,9047819
2026-07-06T03:05:01.351859,2026-07-06T03:05:01.358542+00:00,163.8,500,ask,AverageAlmonds,YieldingYams,9047837
2026-07-06T03:05:01.687082,2026-07-06T03:05:01.695392+00:00,163.8,125,bid,AverageAlmonds,YieldingYams,9047839
2026-07-06T03:05:01.687082,2026-07-06T03:05:01.695392+00:00,163.9,200,bid,AverageAlmonds,WavyWalnuts,9047840
2026-07-06T03:05:01.714791,2026-07-06T03:05:01.718549+00:00,163.9,11,ask,AverageAlmonds,Xuanyu Liu,9047842
2026-07-06T03:05:07.182390,2026-07-06T03:05:07.186064+00:00,163.9,23,ask,WavyWalnuts,Xuanyu Liu,9047928
2026-07-06T03:05:14.411973,2026-07-06T03:05:14.418499+00:00,163.9,500,ask,YieldingYams,AverageAlmonds,9048018
2026-07-06T03:05:14.473566,2026-07-06T03:05:14.482859+00:00,163.9,200,ask,WavyWalnuts,YieldingYams,9048024
2026-07-06T03:05:18.399164,2026-07-06T03:05:18.407528+00:00,164.1,200,bid,YieldingYams,WavyWalnuts,9048078
2026-07-06T03:05:20.486275,2026-07-06T03:05:20.490063+00:00,164.1,11,bid,Xuanyu Liu,AverageAlmonds,9048100
2026-07-06T03:05:21.083049,2026-07-06T03:05:21.089970+00:00,164.0,200,ask,WavyWalnuts,AverageAlmonds,9048113
2026-07-06T03:05:21.083049,2026-07-06T03:05:21.095014+00:00,164.0,300,ask,YieldingYams,AverageAlmonds,9048114
2026-07-06T03:05:21.728717,2026-07-06T03:05:21.735940+00:00,164.0,200,ask,YieldingYams,WavyWalnuts,9048125
2026-07-06T03:05:22.803538,2026-07-06T03:05:22.814940+00:00,164.1,20,bid,BrilliantBurritos,YieldingYams,9048134
2026-07-06T03:05:24.148937,2026-07-06T03:05:24.158649+00:00,164.1,200,bid,WavyWalnuts,AverageAlmonds,9048152
2026-07-06T03:05:24.950373,2026-07-06T03:05:24.968389+00:00,164.2,500,bid,YieldingYams,AverageAlmonds,9048164
2026-07-06T03:05:24.964642,2026-07-06T03:05:24.968389+00:00,164.2,23,ask,YieldingYams,Xuanyu Liu,9048166
2026-07-06T03:05:25.299608,2026-07-06T03:05:25.308806+00:00,164.2,102,ask,YieldingYams,AverageAlmonds,9048170
2026-07-06T03:05:34.131648,2026-07-06T03:05:34.141098+00:00,163.9,200,bid,YieldingYams,WavyWalnuts,9048287
2026-07-06T03:05:35.036931,2026-07-06T03:05:35.048474+00:00,163.9,200,ask,YieldingYams,WavyWalnuts,9048302
2026-07-06T03:05:36.759625,2026-07-06T03:05:36.771301+00:00,163.9,20,bid,BrilliantBurritos,YieldingYams,9048323
2026-07-06T03:05:37.463107,2026-07-06T03:05:37.474451+00:00,163.9,200,bid,WavyWalnuts,YieldingYams,9048329
2026-07-06T03:05:41.059479,2026-07-06T03:05:41.069306+00:00,163.8,500,bid,AverageAlmonds,YieldingYams,9048366
2026-07-06T03:05:42.303703,2026-07-06T03:05:42.311711+00:00,163.7,200,ask,YieldingYams,WavyWalnuts,9048382
2026-07-06T03:05:43.511797,2026-07-06T03:05:43.521194+00:00,163.7,200,ask,YieldingYams,WavyWalnuts,9048399
2026-07-06T03:05:44.765051,2026-07-06T03:05:44.768926+00:00,163.7,12,bid,Xuanyu Liu,WavyWalnuts,9048412
2026-07-06T03:05:44.833517,2026-07-06T03:05:44.845390+00:00,163.6,20,ask,YieldingYams,BrilliantBurritos,9048413
2026-07-06T03:05:45.064271,2026-07-06T03:05:45.068182+00:00,163.7,11,bid,Xuanyu Liu,WavyWalnuts,9048417
2026-07-06T03:05:50.373679,2026-07-06T03:05:50.380431+00:00,163.7,20,bid,BrilliantBurritos,YieldingYams,9048496
2026-07-06T03:05:51.194439,2026-07-06T03:05:51.198242+00:00,163.6,12,bid,Xuanyu Liu,YieldingYams,9048514
2026-07-06T03:05:54.924687,2026-07-06T03:05:54.936321+00:00,163.4,20,ask,WavyWalnuts,BrilliantBurritos,9048557
2026-07-06T03:05:56.187803,2026-07-06T03:05:56.195967+00:00,163.5,500,bid,AverageAlmonds,YieldingYams,9048573
2026-07-06T03:05:56.422423,2026-07-06T03:05:56.430050+00:00,163.5,200,bid,YieldingYams,WavyWalnuts,9048577
2026-07-06T03:05:56.864390,2026-07-06T03:05:56.870854+00:00,163.6,200,ask,YieldingYams,WavyWalnuts,9048583
2026-07-06T03:05:59.062851,2026-07-06T03:05:59.074341+00:00,163.7,500,ask,AverageAlmonds,YieldingYams,9048604
2026-07-06T03:05:59.219068,2026-07-06T03:05:59.226915+00:00,163.7,125,bid,AverageAlmonds,YieldingYams,9048607
2026-07-06T03:06:01.713111,2026-07-06T03:06:01.720644+00:00,163.8,200,ask,AverageAlmonds,WavyWalnuts,9048635
2026-07-06T03:06:01.716862,2026-07-06T03:06:01.720644+00:00,163.9,11,bid,Xuanyu Liu,YieldingYams,9048636
2026-07-06T03:06:02.815567,2026-07-06T03:06:02.827129+00:00,163.9,20,bid,BrilliantBurritos,YieldingYams,9048653
2026-07-06T03:06:02.839150,2026-07-06T03:06:02.848597+00:00,163.9,500,bid,AverageAlmonds,YieldingYams,9048654
2026-07-06T03:06:02.993785,2026-07-06T03:06:03.002277+00:00,163.9,200,bid,YieldingYams,WavyWalnuts,9048658
2026-07-06T03:06:04.131817,2026-07-06T03:06:04.141012+00:00,164.0,200,ask,YieldingYams,WavyWalnuts,9048671
2026-07-06T03:06:04.321587,2026-07-06T03:06:04.325468+00:00,163.9,6,bid,Xuanyu Liu,YieldingYams,9048677
2026-07-06T03:06:04.673223,2026-07-06T03:06:04.679917+00:00,163.9,500,bid,AverageAlmonds,YieldingYams,9048680
2026-07-06T03:06:05.266168,2026-07-06T03:06:05.277687+00:00,163.9,119,bid,AverageAlmonds,YieldingYams,9048692
2026-07-06T03:06:05.351781,2026-07-06T03:06:05.355433+00:00,164.1,3,ask,WavyWalnuts,Xuanyu Liu,9048697
2026-07-06T03:06:05.618447,2026-07-06T03:06:05.627104+00:00,164.1,197,ask,WavyWalnuts,YieldingYams,9048703
2026-07-06T03:06:09.550397,2026-07-06T03:06:09.558761+00:00,164.2,200,bid,YieldingYams,WavyWalnuts,9048763
2026-07-06T03:06:12.589446,2026-07-06T03:06:12.596194+00:00,164.2,200,ask,YieldingYams,WavyWalnuts,9048796
2026-07-06T03:06:14.807815,2026-07-06T03:06:14.825219+00:00,164.2,500,ask,AverageAlmonds,YieldingYams,9048824
2026-07-06T03:06:14.821380,2026-07-06T03:06:14.825219+00:00,164.2,3,bid,Xuanyu Liu,YieldingYams,9048826
2026-07-06T03:06:14.941242,2026-07-06T03:06:14.949823+00:00,164.2,122,bid,AverageAlmonds,YieldingYams,9048827
2026-07-06T03:06:14.941242,2026-07-06T03:06:14.949823+00:00,164.3,200,bid,AverageAlmonds,WavyWalnuts,9048828
2026-07-06T03:06:15.004663,2026-07-06T03:06:15.013656+00:00,164.3,178,ask,AverageAlmonds,WavyWalnuts,9048831
2026-07-06T03:06:15.544362,2026-07-06T03:06:15.553482+00:00,164.3,22,bid,AverageAlmonds,WavyWalnuts,9048835
2026-07-06T03:06:17.440881,2026-07-06T03:06:17.451970+00:00,164.4,200,ask,AverageAlmonds,WavyWalnuts,9048859
2026-07-06T03:06:18.593483,2026-07-06T03:06:18.604122+00:00,164.6,500,bid,AverageAlmonds,YieldingYams,9048867
2026-07-06T03:06:18.743210,2026-07-06T03:06:18.750072+00:00,164.5,200,bid,YieldingYams,WavyWalnuts,9048872
2026-07-06T03:06:19.226492,2026-07-06T03:06:19.230544+00:00,164.6,3,ask,AverageAlmonds,Xuanyu Liu,9048880
2026-07-06T03:06:20.057991,2026-07-06T03:06:20.069045+00:00,164.6,500,ask,AverageAlmonds,YieldingYams,9048888
2026-07-06T03:06:22.539163,2026-07-06T03:06:22.550882+00:00,164.5,20,ask,AverageAlmonds,BrilliantBurritos,9048921
2026-07-06T03:06:23.486308,2026-07-06T03:06:23.495867+00:00,164.7,200,bid,WavyWalnuts,YieldingYams,9048934
2026-07-06T03:06:25.302961,2026-07-06T03:06:25.313295+00:00,164.8,200,bid,YieldingYams,WavyWalnuts,9048958
2026-07-06T03:06:25.374974,2026-07-06T03:06:25.386703+00:00,165.1,20,bid,BrilliantBurritos,YieldingYams,9048960
2026-07-06T03:06:27.128008,2026-07-06T03:06:27.137134+00:00,165.0,20,bid,BrilliantBurritos,YieldingYams,9048982
2026-07-06T03:06:29.239856,2026-07-06T03:06:29.248949+00:00,164.8,200,ask,WavyWalnuts,YieldingYams,9049007
2026-07-06T03:06:29.542950,2026-07-06T03:06:29.550317+00:00,164.8,200,bid,WavyWalnuts,YieldingYams,9049014
2026-07-06T03:06:30.564245,2026-07-06T03:06:30.568099+00:00,164.7,3,ask,YieldingYams,Xuanyu Liu,9049028
2026-07-06T03:06:30.767554,2026-07-06T03:06:30.771459+00:00,164.8,11,ask,WavyWalnuts,Xuanyu Liu,9049032
2026-07-06T03:06:33.193021,2026-07-06T03:06:33.196831+00:00,164.8,14,bid,Xuanyu Liu,WavyWalnuts,9049063
2026-07-06T03:06:35.796946,2026-07-06T03:06:35.805584+00:00,164.9,500,bid,YieldingYams,AverageAlmonds,9049101
2026-07-06T03:06:35.796946,2026-07-06T03:06:35.805584+00:00,165.0,125,bid,YieldingYams,WavyWalnuts,9049102
2026-07-06T03:06:37.110400,2026-07-06T03:06:37.121260+00:00,164.8,200,ask,WavyWalnuts,YieldingYams,9049115
2026-07-06T03:06:37.248426,2026-07-06T03:06:37.258612+00:00,164.8,20,bid,BrilliantBurritos,YieldingYams,9049119
2026-07-06T03:06:40.439359,2026-07-06T03:06:40.450082+00:00,164.9,200,bid,WavyWalnuts,YieldingYams,9049157
2026-07-06T03:06:41.783038,2026-07-06T03:06:41.787140+00:00,164.7,26,ask,YieldingYams,Xuanyu Liu,9049178
2026-07-06T03:06:42.867865,2026-07-06T03:06:42.874551+00:00,164.9,200,bid,WavyWalnuts,YieldingYams,9049190
2026-07-06T03:06:46.304464,2026-07-06T03:06:46.316160+00:00,164.7,20,ask,WavyWalnuts,BrilliantBurritos,9049229
2026-07-06T03:06:49.781671,2026-07-06T03:06:49.791599+00:00,164.6,20,bid,BrilliantBurritos,WavyWalnuts,9049274
2026-07-06T03:06:51.552457,2026-07-06T03:06:51.556105+00:00,164.8,12,bid,Xuanyu Liu,AverageAlmonds,9049301
2026-07-06T03:06:52.880615,2026-07-06T03:06:52.884771+00:00,164.7,11,bid,Xuanyu Liu,YieldingYams,9049320
2026-07-06T03:06:54.189668,2026-07-06T03:06:54.193635+00:00,164.6,3,bid,Xuanyu Liu,YieldingYams,9049335
2026-07-06T03:06:54.759866,2026-07-06T03:06:54.763958+00:00,164.5,3,ask,WavyWalnuts,Xuanyu Liu,9049343
2026-07-06T03:06:54.990396,2026-07-06T03:06:55.000390+00:00,164.6,200,bid,WavyWalnuts,YieldingYams,9049349
2026-07-06T03:06:56.211462,2026-07-06T03:06:56.215724+00:00,164.7,23,ask,WavyWalnuts,Xuanyu Liu,9049365
2026-07-06T03:06:56.791824,2026-07-06T03:06:56.800640+00:00,164.7,177,ask,WavyWalnuts,YieldingYams,9049374
2026-07-06T03:06:57.863798,2026-07-06T03:06:57.867099+00:00,164.7,23,bid,Xuanyu Liu,YieldingYams,9049391
2026-07-06T03:06:59.411147,2026-07-06T03:06:59.431519+00:00,164.6,200,ask,WavyWalnuts,YieldingYams,9049409
2026-07-06T03:06:59.427873,2026-07-06T03:06:59.431519+00:00,164.6,3,bid,Xuanyu Liu,YieldingYams,9049411
2026-07-06T03:07:09.519893,2026-07-06T03:07:09.527117+00:00,164.5,200,bid,WavyWalnuts,YieldingYams,9049530
2026-07-06T03:07:10.070351,2026-07-06T03:07:10.077843+00:00,164.4,500,bid,AverageAlmonds,YieldingYams,9049538
2026-07-06T03:07:10.666285,2026-07-06T03:07:10.674644+00:00,164.4,125,bid,AverageAlmonds,YieldingYams,9049548
2026-07-06T03:07:10.727701,2026-07-06T03:07:10.734939+00:00,164.4,200,ask,AverageAlmonds,WavyWalnuts,9049549
2026-07-06T03:07:11.948110,2026-07-06T03:07:11.959258+00:00,164.4,200,ask,AverageAlmonds,WavyWalnuts,9049563
2026-07-06T03:07:12.448165,2026-07-06T03:07:12.469147+00:00,164.5,20,bid,BrilliantBurritos,YieldingYams,9049570
2026-07-06T03:07:13.157845,2026-07-06T03:07:13.168939+00:00,164.4,200,ask,YieldingYams,WavyWalnuts,9049579
2026-07-06T03:07:14.426084,2026-07-06T03:07:14.437642+00:00,164.4,20,bid,BrilliantBurritos,WavyWalnuts,9049593
2026-07-06T03:07:16.119293,2026-07-06T03:07:16.127587+00:00,164.4,200,bid,AverageAlmonds,WavyWalnuts,9049611
2026-07-06T03:07:16.726997,2026-07-06T03:07:16.738551+00:00,164.5,500,bid,AverageAlmonds,YieldingYams,9049617
2026-07-06T03:07:17.345674,2026-07-06T03:07:17.358625+00:00,164.4,200,bid,AverageAlmonds,WavyWalnuts,9049622
2026-07-06T03:07:18.003059,2026-07-06T03:07:18.010116+00:00,164.5,200,ask,YieldingYams,WavyWalnuts,9049633
2026-07-06T03:07:21.730146,2026-07-06T03:07:21.737993+00:00,164.4,500,ask,AverageAlmonds,YieldingYams,9049682
2026-07-06T03:07:21.730146,2026-07-06T03:07:21.743256+00:00,164.4,125,ask,WavyWalnuts,YieldingYams,9049683
2026-07-06T03:07:24.352611,2026-07-06T03:07:24.356425+00:00,164.4,200,ask,WavyWalnuts,YieldingYams,9049719
2026-07-06T03:07:27.684286,2026-07-06T03:07:27.692966+00:00,164.3,200,bid,WavyWalnuts,YieldingYams,9049757
2026-07-06T03:07:28.842885,2026-07-06T03:07:28.858786+00:00,164.1,20,ask,YieldingYams,BrilliantBurritos,9049772
2026-07-06T03:07:30.924199,2026-07-06T03:07:30.927783+00:00,164.2,3,bid,Xuanyu Liu,YieldingYams,9049799
2026-07-06T03:07:34.953443,2026-07-06T03:07:34.958613+00:00,164.3,200,ask,YieldingYams,WavyWalnuts,9049849
2026-07-06T03:07:36.176090,2026-07-06T03:07:36.179726+00:00,164.4,11,bid,Xuanyu Liu,WavyWalnuts,9049870
2026-07-06T03:07:36.185339,2026-07-06T03:07:36.188780+00:00,164.4,12,bid,Xuanyu Liu,WavyWalnuts,9049872
2026-07-06T03:07:38.586464,2026-07-06T03:07:38.593907+00:00,164.4,200,ask,YieldingYams,WavyWalnuts,9049905
2026-07-06T03:07:39.687562,2026-07-06T03:07:39.696337+00:00,164.5,20,bid,BrilliantBurritos,YieldingYams,9049918
2026-07-06T03:07:45.049788,2026-07-06T03:07:45.053503+00:00,164.4,23,ask,WavyWalnuts,Xuanyu Liu,9049992
2026-07-06T03:07:45.202250,2026-07-06T03:07:45.211764+00:00,164.5,20,bid,BrilliantBurritos,AverageAlmonds,9050000
2026-07-06T03:07:45.794536,2026-07-06T03:07:45.804069+00:00,164.4,177,ask,WavyWalnuts,AverageAlmonds,9050006
2026-07-06T03:07:46.398067,2026-07-06T03:07:46.407229+00:00,164.3,500,ask,YieldingYams,AverageAlmonds,9050017
2026-07-06T03:07:46.994484,2026-07-06T03:07:47.004799+00:00,164.3,500,ask,YieldingYams,AverageAlmonds,9050023
2026-07-06T03:07:49.290054,2026-07-06T03:07:49.293851+00:00,164.2,3,ask,YieldingYams,Xuanyu Liu,9050059
2026-07-06T03:07:49.487493,2026-07-06T03:07:49.497770+00:00,164.2,200,ask,YieldingYams,WavyWalnuts,9050066
2026-07-06T03:07:51.898302,2026-07-06T03:07:51.907881+00:00,164.2,200,bid,YieldingYams,WavyWalnuts,9050088
2026-07-06T03:07:51.898302,2026-07-06T03:07:51.907881+00:00,164.3,425,bid,YieldingYams,AverageAlmonds,9050089
2026-07-06T03:07:53.210747,2026-07-06T03:07:53.222299+00:00,164.2,200,bid,YieldingYams,WavyWalnuts,9050101
2026-07-06T03:07:58.462476,2026-07-06T03:07:58.471538+00:00,164.3,200,bid,YieldingYams,WavyWalnuts,9050141
2026-07-06T03:07:58.588839,2026-07-06T03:07:58.600315+00:00,164.6,20,bid,BrilliantBurritos,YieldingYams,9050146
2026-07-06T03:08:02.815721,2026-07-06T03:08:02.822869+00:00,164.2,200,bid,WavyWalnuts,YieldingYams,9050194
2026-07-06T03:08:05.781054,2026-07-06T03:08:05.788807+00:00,164.1,200,bid,AverageAlmonds,WavyWalnuts,9050217
2026-07-06T03:08:11.205754,2026-07-06T03:08:11.258613+00:00,164.2,500,bid,AverageAlmonds,YieldingYams,9050277
2026-07-06T03:08:11.605341,2026-07-06T03:08:11.609192+00:00,164.2,3,ask,YieldingYams,Xuanyu Liu,9050285
2026-07-06T03:08:12.915528,2026-07-06T03:08:12.919106+00:00,164.3,11,ask,YieldingYams,Xuanyu Liu,9050306
2026-07-06T03:08:14.920429,2026-07-06T03:08:14.931826+00:00,164.3,200,ask,YieldingYams,WavyWalnuts,9050334
2026-07-06T03:08:15.900293,2026-07-06T03:08:15.906676+00:00,164.5,20,bid,BrilliantBurritos,YieldingYams,9050341
2026-07-06T03:08:17.257026,2026-07-06T03:08:17.268980+00:00,164.4,200,bid,WavyWalnuts,YieldingYams,9050356
2026-07-06T03:08:17.257026,2026-07-06T03:08:17.268980+00:00,164.4,300,bid,AverageAlmonds,YieldingYams,9050357
2026-07-06T03:08:17.331442,2026-07-06T03:08:17.340473+00:00,164.4,200,bid,AverageAlmonds,WavyWalnuts,9050362
2026-07-06T03:08:20.175952,2026-07-06T03:08:20.179757+00:00,164.3,12,ask,AverageAlmonds,Xuanyu Liu,9050394
2026-07-06T03:08:20.953349,2026-07-06T03:08:20.964024+00:00,164.3,200,ask,YieldingYams,WavyWalnuts,9050402
2026-07-06T03:08:23.370914,2026-07-06T03:08:23.380778+00:00,164.3,200,ask,YieldingYams,WavyWalnuts,9050435
2026-07-06T03:08:24.542971,2026-07-06T03:08:24.550482+00:00,164.4,500,bid,AverageAlmonds,YieldingYams,9050449
2026-07-06T03:08:24.705461,2026-07-06T03:08:24.715371+00:00,164.2,200,bid,YieldingYams,WavyWalnuts,9050451
2026-07-06T03:08:25.795616,2026-07-06T03:08:25.802492+00:00,164.5,200,ask,YieldingYams,WavyWalnuts,9050467
2026-07-06T03:08:26.206024,2026-07-06T03:08:26.217851+00:00,164.6,20,bid,BrilliantBurritos,YieldingYams,9050471
2026-07-06T03:08:29.445663,2026-07-06T03:08:29.449394+00:00,164.5,11,ask,WavyWalnuts,Xuanyu Liu,9050514
2026-07-06T03:08:29.967484,2026-07-06T03:08:29.971021+00:00,164.6,12,ask,YieldingYams,Xuanyu Liu,9050523
2026-07-06T03:08:30.645626,2026-07-06T03:08:30.658635+00:00,164.6,200,ask,YieldingYams,WavyWalnuts,9050532
2026-07-06T03:08:31.852904,2026-07-06T03:08:31.854349+00:00,164.6,200,bid,WavyWalnuts,YieldingYams,9050543
2026-07-06T03:08:33.063698,2026-07-06T03:08:33.074188+00:00,164.7,200,bid,WavyWalnuts,YieldingYams,9050563
2026-07-06T03:08:35.025367,2026-07-06T03:08:35.037425+00:00,164.6,20,ask,WavyWalnuts,BrilliantBurritos,9050582
2026-07-06T03:08:41.530866,2026-07-06T03:08:41.537793+00:00,164.6,200,ask,YieldingYams,WavyWalnuts,9050669
2026-07-06T03:08:50.916094,2026-07-06T03:08:50.927928+00:00,164.8,20,bid,BrilliantBurritos,WavyWalnuts,9050789
2026-07-06T03:08:57.424101,2026-07-06T03:08:57.435699+00:00,164.5,20,ask,YieldingYams,BrilliantBurritos,9050874
2026-07-06T03:08:57.880176,2026-07-06T03:08:57.891681+00:00,164.8,20,bid,BrilliantBurritos,WavyWalnuts,9050880
2026-07-06T03:09:04.113227,2026-07-06T03:09:04.123610+00:00,164.7,200,bid,YieldingYams,WavyWalnuts,9050954
2026-07-06T03:09:04.544323,2026-07-06T03:09:04.551800+00:00,164.7,200,ask,YieldingYams,WavyWalnuts,9050961
2026-07-06T03:09:05.445137,2026-07-06T03:09:05.463863+00:00,165.0,20,bid,BrilliantBurritos,YieldingYams,9050970
2026-07-06T03:09:05.751883,2026-07-06T03:09:05.755055+00:00,164.7,200,ask,YieldingYams,WavyWalnuts,9050974
2026-07-06T03:09:07.684028,2026-07-06T03:09:07.688059+00:00,164.6,11,ask,YieldingYams,Xuanyu Liu,9050994
2026-07-06T03:09:10.595822,2026-07-06T03:09:10.603554+00:00,164.6,200,ask,AverageAlmonds,WavyWalnuts,9051030
2026-07-06T03:09:11.135879,2026-07-06T03:09:11.164301+00:00,164.7,500,bid,AverageAlmonds,YieldingYams,9051043
2026-07-06T03:09:11.188921,2026-07-06T03:09:11.259087+00:00,164.7,20,bid,BrilliantBurritos,YieldingYams,9051044
2026-07-06T03:09:11.733587,2026-07-06T03:09:11.741741+00:00,164.7,105,bid,AverageAlmonds,YieldingYams,9051049
2026-07-06T03:09:11.790009,2026-07-06T03:09:11.793902+00:00,164.7,11,ask,AverageAlmonds,Xuanyu Liu,9051053
2026-07-06T03:09:11.812673,2026-07-06T03:09:11.820031+00:00,164.7,200,ask,AverageAlmonds,WavyWalnuts,9051057
2026-07-06T03:09:12.388532,2026-07-06T03:09:12.392622+00:00,164.8,12,ask,AverageAlmonds,Xuanyu Liu,9051063
2026-07-06T03:09:12.965549,2026-07-06T03:09:12.974575+00:00,164.9,500,bid,AverageAlmonds,YieldingYams,9051071
2026-07-06T03:09:13.561816,2026-07-06T03:09:13.570683+00:00,164.8,200,bid,AverageAlmonds,WavyWalnuts,9051077
2026-07-06T03:09:14.598621,2026-07-06T03:09:14.609656+00:00,165.0,200,bid,YieldingYams,WavyWalnuts,9051092
2026-07-06T03:09:16.516991,2026-07-06T03:09:16.529042+00:00,165.0,20,ask,YieldingYams,BrilliantBurritos,9051109
2026-07-06T03:09:16.655013,2026-07-06T03:09:16.659124+00:00,165.0,200,ask,YieldingYams,WavyWalnuts,9051111
2026-07-06T03:09:17.861135,2026-07-06T03:09:17.869027+00:00,164.9,200,bid,WavyWalnuts,YieldingYams,9051122
2026-07-06T03:09:18.627877,2026-07-06T03:09:18.639543+00:00,164.9,20,bid,BrilliantBurritos,YieldingYams,9051130
2026-07-06T03:09:21.425426,2026-07-06T03:09:21.432479+00:00,164.9,500,bid,AverageAlmonds,YieldingYams,9051156
2026-07-06T03:09:22.021252,2026-07-06T03:09:22.029384+00:00,164.9,125,bid,AverageAlmonds,YieldingYams,9051161
2026-07-06T03:09:22.052417,2026-07-06T03:09:22.056165+00:00,164.9,11,ask,AverageAlmonds,Xuanyu Liu,9051164
2026-07-06T03:09:22.138522,2026-07-06T03:09:22.150497+00:00,165.0,20,bid,BrilliantBurritos,WavyWalnuts,9051165
2026-07-06T03:09:31.677049,2026-07-06T03:09:31.688595+00:00,165.2,200,ask,WavyWalnuts,YieldingYams,9051278
2026-07-06T03:09:33.599583,2026-07-06T03:09:33.606542+00:00,165.2,200,ask,YieldingYams,WavyWalnuts,9051301
2026-07-06T03:09:35.448783,2026-07-06T03:09:35.455405+00:00,165.2,20,bid,BrilliantBurritos,WavyWalnuts,9051319
2026-07-06T03:09:35.611300,2026-07-06T03:09:35.621260+00:00,165.2,180,bid,YieldingYams,WavyWalnuts,9051321
2026-07-06T03:09:36.272676,2026-07-06T03:09:36.281551+00:00,165.5,20,bid,BrilliantBurritos,YieldingYams,9051327
2026-07-06T03:09:36.926917,2026-07-06T03:09:36.934222+00:00,165.3,200,ask,WavyWalnuts,YieldingYams,9051333
2026-07-06T03:09:36.945391,2026-07-06T03:09:36.949250+00:00,165.3,11,bid,Xuanyu Liu,YieldingYams,9051335
2026-07-06T03:09:37.224586,2026-07-06T03:09:37.232649+00:00,165.3,200,bid,WavyWalnuts,YieldingYams,9051343
2026-07-06T03:09:40.794306,2026-07-06T03:09:40.801293+00:00,165.1,500,ask,YieldingYams,AverageAlmonds,9051390
2026-07-06T03:09:40.892147,2026-07-06T03:09:40.896163+00:00,165.1,12,bid,Xuanyu Liu,YieldingYams,9051396
2026-07-06T03:09:42.005252,2026-07-06T03:09:42.012371+00:00,165.0,200,ask,WavyWalnuts,AverageAlmonds,9051412
2026-07-06T03:09:42.024641,2026-07-06T03:09:42.028945+00:00,165.0,11,bid,Xuanyu Liu,AverageAlmonds,9051414
2026-07-06T03:09:42.065345,2026-07-06T03:09:42.080318+00:00,165.0,200,bid,WavyWalnuts,AverageAlmonds,9051419
2026-07-06T03:09:42.505240,2026-07-06T03:09:42.509312+00:00,164.8,11,ask,YieldingYams,Xuanyu Liu,9051428
2026-07-06T03:09:44.487954,2026-07-06T03:09:44.502246+00:00,164.9,200,bid,WavyWalnuts,YieldingYams,9051462
2026-07-06T03:09:45.647514,2026-07-06T03:09:45.658618+00:00,164.9,500,ask,YieldingYams,AverageAlmonds,9051478
2026-07-06T03:09:46.245435,2026-07-06T03:09:46.251799+00:00,164.9,200,ask,WavyWalnuts,AverageAlmonds,9051482
2026-07-06T03:09:46.268018,2026-07-06T03:09:46.271838+00:00,164.9,11,bid,Xuanyu Liu,AverageAlmonds,9051485
2026-07-06T03:09:47.466325,2026-07-06T03:09:47.469844+00:00,164.8,11,bid,Xuanyu Liu,YieldingYams,9051500
2026-07-06T03:09:51.739946,2026-07-06T03:09:51.749772+00:00,164.8,200,bid,WavyWalnuts,YieldingYams,9051548
2026-07-06T03:09:53.991301,2026-07-06T03:09:53.999881+00:00,164.8,500,bid,YieldingYams,AverageAlmonds,9051572
2026-07-06T03:09:54.102586,2026-07-06T03:09:54.112168+00:00,164.8,125,ask,YieldingYams,AverageAlmonds,9051575
2026-07-06T03:09:54.157117,2026-07-06T03:09:54.163838+00:00,164.8,200,bid,WavyWalnuts,AverageAlmonds,9051578
2026-07-06T03:09:55.365039,2026-07-06T03:09:55.374062+00:00,164.7,200,bid,WavyWalnuts,YieldingYams,9051589
2026-07-06T03:09:56.572875,2026-07-06T03:09:56.580570+00:00,164.7,200,bid,WavyWalnuts,YieldingYams,9051612
2026-07-06T03:09:57.779364,2026-07-06T03:09:57.791172+00:00,164.8,200,bid,WavyWalnuts,YieldingYams,9051626
2026-07-06T03:09:58.266664,2026-07-06T03:09:58.270641+00:00,165.0,23,bid,Xuanyu Liu,AverageAlmonds,9051638
2026-07-06T03:10:00.308693,2026-07-06T03:10:00.320406+00:00,164.8,20,ask,WavyWalnuts,BrilliantBurritos,9051670
2026-07-06T03:10:00.567362,2026-07-06T03:10:00.571160+00:00,164.9,12,bid,Xuanyu Liu,YieldingYams,9051677
2026-07-06T03:10:03.254392,2026-07-06T03:10:03.265870+00:00,164.9,20,bid,BrilliantBurritos,WavyWalnuts,9051706
2026-07-06T03:10:08.424008,2026-07-06T03:10:08.435039+00:00,164.9,200,ask,WavyWalnuts,YieldingYams,9051766
2026-07-06T03:10:08.696376,2026-07-06T03:10:08.706179+00:00,164.9,200,bid,WavyWalnuts,YieldingYams,9051772
2026-07-06T03:10:15.984947,2026-07-06T03:10:15.991803+00:00,164.9,200,ask,YieldingYams,WavyWalnuts,9051862
2026-07-06T03:10:16.553933,2026-07-06T03:10:16.565625+00:00,164.8,20,ask,YieldingYams,BrilliantBurritos,9051870
2026-07-06T03:10:18.921089,2026-07-06T03:10:18.931491+00:00,164.9,200,bid,YieldingYams,WavyWalnuts,9051900
2026-07-06T03:10:19.617130,2026-07-06T03:10:19.625069+00:00,164.9,200,ask,YieldingYams,WavyWalnuts,9051910
2026-07-06T03:10:23.264408,2026-07-06T03:10:23.268644+00:00,164.8,12,ask,YieldingYams,Xuanyu Liu,9051958
2026-07-06T03:10:23.646121,2026-07-06T03:10:23.649921+00:00,164.9,23,bid,Xuanyu Liu,WavyWalnuts,9051965
2026-07-06T03:10:24.457088,2026-07-06T03:10:24.456814+00:00,164.8,200,ask,YieldingYams,WavyWalnuts,9051978
2026-07-06T03:10:25.679976,2026-07-06T03:10:25.690871+00:00,164.8,200,ask,YieldingYams,WavyWalnuts,9051996
2026-07-06T03:10:27.726974,2026-07-06T03:10:27.738647+00:00,165.1,20,bid,BrilliantBurritos,YieldingYams,9052021
2026-07-06T03:10:28.116052,2026-07-06T03:10:28.125663+00:00,164.9,200,bid,YieldingYams,WavyWalnuts,9052027
2026-07-06T03:10:32.055946,2026-07-06T03:10:32.068686+00:00,164.9,200,ask,WavyWalnuts,YieldingYams,9052065
2026-07-06T03:10:32.935806,2026-07-06T03:10:32.944314+00:00,164.9,200,bid,WavyWalnuts,YieldingYams,9052078
2026-07-06T03:10:33.384705,2026-07-06T03:10:33.388335+00:00,164.9,23,ask,YieldingYams,Xuanyu Liu,9052087
2026-07-06T03:10:35.908181,2026-07-06T03:10:35.915914+00:00,165.0,200,bid,AverageAlmonds,WavyWalnuts,9052126
2026-07-06T03:10:35.991327,2026-07-06T03:10:36.002638+00:00,165.0,300,ask,AverageAlmonds,YieldingYams,9052129
2026-07-06T03:10:37.140301,2026-07-06T03:10:37.158580+00:00,165.0,325,bid,AverageAlmonds,YieldingYams,9052143
2026-07-06T03:10:37.140301,2026-07-06T03:10:37.158580+00:00,165.0,175,bid,AverageAlmonds,WavyWalnuts,9052144
2026-07-06T03:10:37.297822,2026-07-06T03:10:37.308446+00:00,165.0,25,bid,YieldingYams,WavyWalnuts,9052148
2026-07-06T03:10:37.782205,2026-07-06T03:10:37.796501+00:00,165.1,200,ask,YieldingYams,WavyWalnuts,9052156
2026-07-06T03:10:38.446109,2026-07-06T03:10:38.463915+00:00,165.3,20,bid,BrilliantBurritos,YieldingYams,9052166
2026-07-06T03:10:38.992952,2026-07-06T03:10:39.004313+00:00,165.1,200,ask,AverageAlmonds,WavyWalnuts,9052174
2026-07-06T03:10:39.047455,2026-07-06T03:10:39.051390+00:00,165.3,12,bid,Xuanyu Liu,YieldingYams,9052177
2026-07-06T03:10:40.804642,2026-07-06T03:10:40.816133+00:00,165.3,20,bid,BrilliantBurritos,WavyWalnuts,9052198
2026-07-06T03:10:41.359264,2026-07-06T03:10:41.370131+00:00,165.3,180,bid,AverageAlmonds,WavyWalnuts,9052209
2026-07-06T03:10:46.479675,2026-07-06T03:10:46.487946+00:00,165.4,200,ask,WavyWalnuts,YieldingYams,9052260
2026-07-06T03:10:46.494644,2026-07-06T03:10:46.498712+00:00,165.4,11,bid,Xuanyu Liu,YieldingYams,9052262
2026-07-06T03:10:47.812492,2026-07-06T03:10:47.816265+00:00,165.3,3,bid,Xuanyu Liu,YieldingYams,9052276
2026-07-06T03:10:49.099193,2026-07-06T03:10:49.107747+00:00,165.2,200,ask,WavyWalnuts,YieldingYams,9052301
2026-07-06T03:10:49.099193,2026-07-06T03:10:49.107747+00:00,165.1,425,ask,AverageAlmonds,YieldingYams,9052302
2026-07-06T03:10:49.465287,2026-07-06T03:10:49.476963+00:00,165.4,20,bid,BrilliantBurritos,WavyWalnuts,9052308
2026-07-06T03:10:51.110031,2026-07-06T03:10:51.117416+00:00,165.2,200,ask,AverageAlmonds,WavyWalnuts,9052330
2026-07-06T03:10:52.321772,2026-07-06T03:10:52.328987+00:00,165.3,200,bid,WavyWalnuts,YieldingYams,9052355
2026-07-06T03:10:52.876082,2026-07-06T03:10:52.885805+00:00,165.3,425,bid,AverageAlmonds,YieldingYams,9052359
2026-07-06T03:10:55.313626,2026-07-06T03:10:55.321187+00:00,165.4,500,bid,AverageAlmonds,YieldingYams,9052393
2026-07-06T03:10:55.958266,2026-07-06T03:10:55.968961+00:00,165.4,200,ask,YieldingYams,WavyWalnuts,9052404
2026-07-06T03:10:58.275761,2026-07-06T03:10:58.285141+00:00,165.5,200,bid,YieldingYams,WavyWalnuts,9052433
2026-07-06T03:10:58.374712,2026-07-06T03:10:58.385540+00:00,165.5,200,ask,YieldingYams,WavyWalnuts,9052438
2026-07-06T03:10:59.468372,2026-07-06T03:10:59.480183+00:00,165.8,20,bid,BrilliantBurritos,YieldingYams,9052455
2026-07-06T03:11:02.987067,2026-07-06T03:11:02.998657+00:00,165.4,20,bid,BrilliantBurritos,YieldingYams,9052507
2026-07-06T03:11:09.294221,2026-07-06T03:11:09.304707+00:00,165.1,200,ask,YieldingYams,WavyWalnuts,9052586
2026-07-06T03:11:10.108106,2026-07-06T03:11:10.112137+00:00,165.3,14,ask,YieldingYams,Xuanyu Liu,9052598
2026-07-06T03:11:10.507832,2026-07-06T03:11:10.517185+00:00,165.3,200,ask,YieldingYams,WavyWalnuts,9052606
2026-07-06T03:11:11.077305,2026-07-06T03:11:11.085329+00:00,165.6,20,bid,BrilliantBurritos,YieldingYams,9052611
2026-07-06T03:11:12.362491,2026-07-06T03:11:12.374373+00:00,165.2,20,bid,BrilliantBurritos,WavyWalnuts,9052629
2026-07-06T03:11:16.564648,2026-07-06T03:11:16.571365+00:00,165.0,200,ask,YieldingYams,WavyWalnuts,9052685
2026-07-06T03:11:17.964776,2026-07-06T03:11:17.972134+00:00,164.9,200,bid,YieldingYams,WavyWalnuts,9052698
2026-07-06T03:11:19.278024,2026-07-06T03:11:19.284594+00:00,165.0,200,bid,YieldingYams,WavyWalnuts,9052719
2026-07-06T03:11:22.561939,2026-07-06T03:11:22.563554+00:00,165.1,200,bid,AverageAlmonds,WavyWalnuts,9052765
2026-07-06T03:11:22.561939,2026-07-06T03:11:22.575472+00:00,165.2,300,bid,AverageAlmonds,YieldingYams,9052766
2026-07-06T03:11:23.154070,2026-07-06T03:11:23.158600+00:00,165.1,200,bid,AverageAlmonds,WavyWalnuts,9052777
2026-07-06T03:11:23.154070,2026-07-06T03:11:23.158600+00:00,165.2,300,bid,AverageAlmonds,YieldingYams,9052778
2026-07-06T03:11:23.228528,2026-07-06T03:11:23.232530+00:00,165.4,46,ask,YieldingYams,Xuanyu Liu,9052781
2026-07-06T03:11:23.811768,2026-07-06T03:11:23.818319+00:00,165.4,200,ask,YieldingYams,WavyWalnuts,9052790
2026-07-06T03:11:23.976421,2026-07-06T03:11:23.988188+00:00,165.4,20,ask,YieldingYams,BrilliantBurritos,9052794
2026-07-06T03:11:25.018951,2026-07-06T03:11:25.026177+00:00,165.3,200,ask,YieldingYams,WavyWalnuts,9052804
2026-07-06T03:11:25.192307,2026-07-06T03:11:25.204138+00:00,165.6,20,bid,BrilliantBurritos,YieldingYams,9052806
2026-07-06T03:11:25.482291,2026-07-06T03:11:25.493976+00:00,165.6,20,bid,BrilliantBurritos,YieldingYams,9052812
2026-07-06T03:11:25.849876,2026-07-06T03:11:25.853194+00:00,165.5,9,bid,Xuanyu Liu,YieldingYams,9052817
2026-07-06T03:11:26.230115,2026-07-06T03:11:26.237600+00:00,165.3,200,ask,YieldingYams,WavyWalnuts,9052826
2026-07-06T03:11:26.889760,2026-07-06T03:11:26.893431+00:00,165.5,14,bid,Xuanyu Liu,YieldingYams,9052840
2026-07-06T03:11:27.164942,2026-07-06T03:11:27.168761+00:00,165.4,11,bid,Xuanyu Liu,YieldingYams,9052844
2026-07-06T03:11:28.164814,2026-07-06T03:11:28.176688+00:00,165.3,20,bid,BrilliantBurritos,WavyWalnuts,9052857
2026-07-06T03:11:31.169022,2026-07-06T03:11:31.180865+00:00,165.5,20,bid,BrilliantBurritos,YieldingYams,9052898
2026-07-06T03:11:31.930357,2026-07-06T03:11:31.937142+00:00,165.4,20,ask,AverageAlmonds,BrilliantBurritos,9052906
2026-07-06T03:11:32.285530,2026-07-06T03:11:32.295659+00:00,165.4,200,ask,AverageAlmonds,WavyWalnuts,9052911
2026-07-06T03:11:33.709121,2026-07-06T03:11:33.717990+00:00,165.4,200,ask,WavyWalnuts,YieldingYams,9052933
2026-07-06T03:11:34.665441,2026-07-06T03:11:34.674239+00:00,165.4,425,bid,AverageAlmonds,YieldingYams,9052945
2026-07-06T03:11:36.473019,2026-07-06T03:11:36.480982+00:00,165.6,200,bid,AverageAlmonds,WavyWalnuts,9052966
2026-07-06T03:11:37.172745,2026-07-06T03:11:37.181098+00:00,165.6,200,ask,AverageAlmonds,WavyWalnuts,9052976
2026-07-06T03:11:37.722332,2026-07-06T03:11:37.725850+00:00,165.7,11,ask,AverageAlmonds,Xuanyu Liu,9052983
2026-07-06T03:11:38.382090,2026-07-06T03:11:38.393354+00:00,165.6,200,ask,YieldingYams,WavyWalnuts,9052989
2026-07-06T03:11:40.276049,2026-07-06T03:11:40.285557+00:00,165.7,200,bid,YieldingYams,WavyWalnuts,9053010
2026-07-06T03:11:44.318283,2026-07-06T03:11:44.330177+00:00,165.9,20,bid,BrilliantBurritos,WavyWalnuts,9053060
2026-07-06T03:11:45.529420,2026-07-06T03:11:45.536363+00:00,165.7,200,ask,WavyWalnuts,YieldingYams,9053071
2026-07-06T03:11:47.718493,2026-07-06T03:11:47.728374+00:00,165.7,20,ask,AverageAlmonds,BrilliantBurritos,9053107
2026-07-06T03:11:48.764910,2026-07-06T03:11:48.768418+00:00,165.7,23,ask,WavyWalnuts,Xuanyu Liu,9053120
2026-07-06T03:11:55.283039,2026-07-06T03:11:55.290083+00:00,165.8,20,ask,YieldingYams,BrilliantBurritos,9053196
2026-07-06T03:11:55.879794,2026-07-06T03:11:55.889750+00:00,165.9,200,bid,AverageAlmonds,WavyWalnuts,9053203
2026-07-06T03:11:55.998406,2026-07-06T03:11:56.006391+00:00,165.9,300,ask,AverageAlmonds,YieldingYams,9053205
2026-07-06T03:11:56.012152,2026-07-06T03:11:56.015737+00:00,165.8,11,bid,Xuanyu Liu,YieldingYams,9053207
2026-07-06T03:11:56.474006,2026-07-06T03:11:56.481356+00:00,165.8,314,bid,AverageAlmonds,YieldingYams,9053212
2026-07-06T03:12:03.791704,2026-07-06T03:12:03.799355+00:00,166.2,200,bid,WavyWalnuts,YieldingYams,9053299
2026-07-06T03:12:05.564601,2026-07-06T03:12:05.568206+00:00,166.3,12,bid,Xuanyu Liu,AverageAlmonds,9053321
2026-07-06T03:12:07.520753,2026-07-06T03:12:07.524484+00:00,166.1,23,bid,Xuanyu Liu,WavyWalnuts,9053352
2026-07-06T03:12:08.011469,2026-07-06T03:12:08.015360+00:00,166.0,23,ask,YieldingYams,Xuanyu Liu,9053359
2026-07-06T03:12:11.138157,2026-07-06T03:12:11.164419+00:00,166.1,200,bid,WavyWalnuts,YieldingYams,9053396
2026-07-06T03:12:12.346924,2026-07-06T03:12:12.358640+00:00,166.1,200,bid,WavyWalnuts,AverageAlmonds,9053411
2026-07-06T03:12:15.644329,2026-07-06T03:12:15.651578+00:00,166.2,20,ask,YieldingYams,BrilliantBurritos,9053453
2026-07-06T03:12:20.841850,2026-07-06T03:12:20.849286+00:00,166.2,200,ask,YieldingYams,WavyWalnuts,9053506
2026-07-06T03:12:26.482732,2026-07-06T03:12:26.494210+00:00,166.5,20,bid,BrilliantBurritos,WavyWalnuts,9053577
2026-07-06T03:12:34.060073,2026-07-06T03:12:34.069835+00:00,166.3,200,bid,YieldingYams,WavyWalnuts,9053656
2026-07-06T03:12:36.181240,2026-07-06T03:12:36.189655+00:00,166.2,20,ask,YieldingYams,BrilliantBurritos,9053687
2026-07-06T03:12:37.779172,2026-07-06T03:12:37.790863+00:00,166.2,200,ask,YieldingYams,WavyWalnuts,9053708
2026-07-06T03:12:42.608473,2026-07-06T03:12:42.616589+00:00,166.2,200,bid,WavyWalnuts,YieldingYams,9053762
2026-07-06T03:12:44.848777,2026-07-06T03:12:44.858593+00:00,166.3,20,bid,BrilliantBurritos,YieldingYams,9053795
2026-07-06T03:12:49.299817,2026-07-06T03:12:49.310337+00:00,166.3,20,bid,BrilliantBurritos,YieldingYams,9053863
2026-07-06T03:12:49.813616,2026-07-06T03:12:49.817141+00:00,166.3,12,ask,YieldingYams,Xuanyu Liu,9053872
2026-07-06T03:12:51.081903,2026-07-06T03:12:51.091550+00:00,166.3,200,ask,YieldingYams,WavyWalnuts,9053886
2026-07-06T03:12:52.294307,2026-07-06T03:12:52.304550+00:00,166.2,200,ask,YieldingYams,WavyWalnuts,9053898
2026-07-06T03:12:52.439343,2026-07-06T03:12:52.443455+00:00,166.3,12,bid,Xuanyu Liu,YieldingYams,9053902
2026-07-06T03:12:53.517300,2026-07-06T03:12:53.521099+00:00,166.1,23,bid,Xuanyu Liu,WavyWalnuts,9053909
2026-07-06T03:12:56.419217,2026-07-06T03:12:56.423387+00:00,166.1,12,ask,YieldingYams,Xuanyu Liu,9053946
2026-07-06T03:12:57.119121,2026-07-06T03:12:57.127418+00:00,166.1,200,ask,YieldingYams,WavyWalnuts,9053956
2026-07-06T03:12:58.325447,2026-07-06T03:12:58.335364+00:00,166.1,200,ask,YieldingYams,WavyWalnuts,9053968
2026-07-06T03:12:59.535224,2026-07-06T03:12:59.544684+00:00,166.2,200,ask,YieldingYams,WavyWalnuts,9053990
2026-07-06T03:12:59.804579,2026-07-06T03:12:59.816361+00:00,166.4,20,bid,BrilliantBurritos,YieldingYams,9053992
2026-07-06T03:13:05.331456,2026-07-06T03:13:05.342994+00:00,166.3,20,bid,BrilliantBurritos,YieldingYams,9054067
2026-07-06T03:13:06.665403,2026-07-06T03:13:06.675686+00:00,166.2,500,bid,AverageAlmonds,YieldingYams,9054081
2026-07-06T03:13:07.874832,2026-07-06T03:13:07.884571+00:00,166.3,200,bid,AverageAlmonds,WavyWalnuts,9054099
2026-07-06T03:13:09.485249,2026-07-06T03:13:09.495749+00:00,166.3,200,ask,WavyWalnuts,YieldingYams,9054131
2026-07-06T03:13:10.308401,2026-07-06T03:13:10.319400+00:00,166.3,425,bid,AverageAlmonds,YieldingYams,9054138
2026-07-06T03:13:15.456491,2026-07-06T03:13:15.468070+00:00,166.5,20,bid,BrilliantBurritos,YieldingYams,9054199
2026-07-06T03:13:18.926360,2026-07-06T03:13:18.933682+00:00,166.5,200,bid,WavyWalnuts,YieldingYams,9054239
2026-07-06T03:13:20.013622,2026-07-06T03:13:20.017290+00:00,166.5,10,ask,YieldingYams,Xuanyu Liu,9054256
2026-07-06T03:13:20.151448,2026-07-06T03:13:20.154972+00:00,166.6,1,ask,WavyWalnuts,Xuanyu Liu,9054261
2026-07-06T03:13:21.814528,2026-07-06T03:13:21.825896+00:00,166.6,500,ask,YieldingYams,AverageAlmonds,9054279
2026-07-06T03:13:22.411470,2026-07-06T03:13:22.421795+00:00,166.6,125,ask,YieldingYams,AverageAlmonds,9054281
2026-07-06T03:13:22.411470,2026-07-06T03:13:22.421795+00:00,166.6,200,ask,WavyWalnuts,AverageAlmonds,9054282
2026-07-06T03:13:22.430357,2026-07-06T03:13:22.433951+00:00,166.6,11,bid,Xuanyu Liu,AverageAlmonds,9054284
2026-07-06T03:13:24.983320,2026-07-06T03:13:24.992512+00:00,166.5,200,bid,WavyWalnuts,YieldingYams,9054318
2026-07-06T03:13:26.554487,2026-07-06T03:13:26.558602+00:00,166.5,200,ask,WavyWalnuts,YieldingYams,9054336
2026-07-06T03:13:27.404027,2026-07-06T03:13:27.410872+00:00,166.4,200,bid,WavyWalnuts,YieldingYams,9054349
2026-07-06T03:13:30.300058,2026-07-06T03:13:30.304033+00:00,166.5,12,bid,Xuanyu Liu,AverageAlmonds,9054389
2026-07-06T03:13:30.904049,2026-07-06T03:13:30.907942+00:00,166.4,11,bid,Xuanyu Liu,AverageAlmonds,9054396
2026-07-06T03:13:31.031741,2026-07-06T03:13:31.040609+00:00,166.4,200,bid,WavyWalnuts,AverageAlmonds,9054399
2026-07-06T03:13:32.711439,2026-07-06T03:13:32.719543+00:00,166.4,200,ask,WavyWalnuts,AverageAlmonds,9054416
2026-07-06T03:13:33.133870,2026-07-06T03:13:33.144775+00:00,166.4,300,bid,YieldingYams,AverageAlmonds,9054421
2026-07-06T03:13:33.309435,2026-07-06T03:13:33.317014+00:00,166.4,325,ask,YieldingYams,AverageAlmonds,9054425
2026-07-06T03:13:33.448742,2026-07-06T03:13:33.458598+00:00,166.2,175,bid,WavyWalnuts,AverageAlmonds,9054433
2026-07-06T03:13:33.908760,2026-07-06T03:13:33.919649+00:00,166.2,25,ask,WavyWalnuts,AverageAlmonds,9054439
2026-07-06T03:13:34.443143,2026-07-06T03:13:34.449564+00:00,166.2,475,bid,YieldingYams,AverageAlmonds,9054441
2026-07-06T03:13:34.515631,2026-07-06T03:13:34.527196+00:00,166.2,150,ask,YieldingYams,AverageAlmonds,9054443
2026-07-06T03:13:34.658052,2026-07-06T03:13:34.667413+00:00,166.2,200,bid,WavyWalnuts,AverageAlmonds,9054447
2026-07-06T03:13:35.865861,2026-07-06T03:13:35.875239+00:00,166.1,200,bid,WavyWalnuts,AverageAlmonds,9054461
2026-07-06T03:13:36.574502,2026-07-06T03:13:36.578079+00:00,166.0,23,ask,YieldingYams,Xuanyu Liu,9054469
2026-07-06T03:13:38.375676,2026-07-06T03:13:38.384769+00:00,166.0,500,bid,YieldingYams,AverageAlmonds,9054491
2026-07-06T03:13:38.757147,2026-07-06T03:13:38.764030+00:00,166.0,125,ask,YieldingYams,AverageAlmonds,9054499
2026-07-06T03:13:38.757147,2026-07-06T03:13:38.769349+00:00,165.9,200,ask,WavyWalnuts,AverageAlmonds,9054500
2026-07-06T03:13:39.486799,2026-07-06T03:13:39.495812+00:00,165.8,200,bid,WavyWalnuts,AverageAlmonds,9054513
2026-07-06T03:13:39.684931,2026-07-06T03:13:39.692138+00:00,165.8,300,bid,YieldingYams,AverageAlmonds,9054519
2026-07-06T03:13:39.735041,2026-07-06T03:13:39.738760+00:00,165.8,50,ask,YieldingYams,Xuanyu Liu,9054522
2026-07-06T03:13:41.306010,2026-07-06T03:13:41.317580+00:00,166.0,20,bid,BrilliantBurritos,WavyWalnuts,9054544
2026-07-06T03:13:44.426898,2026-07-06T03:13:44.438630+00:00,165.8,20,ask,YieldingYams,BrilliantBurritos,9054580
2026-07-06T03:13:46.255518,2026-07-06T03:13:46.258252+00:00,165.6,200,ask,WavyWalnuts,YieldingYams,9054610
2026-07-06T03:13:46.265085,2026-07-06T03:13:46.268752+00:00,165.6,16,bid,Xuanyu Liu,YieldingYams,9054612
2026-07-06T03:13:56.437452,2026-07-06T03:13:56.441470+00:00,165.6,11,ask,WavyWalnuts,Xuanyu Liu,9054729
2026-07-06T03:13:57.114622,2026-07-06T03:13:57.126506+00:00,165.8,20,bid,BrilliantBurritos,WavyWalnuts,9054743
2026-07-06T03:13:57.643592,2026-07-06T03:13:57.648040+00:00,165.7,12,ask,WavyWalnuts,Xuanyu Liu,9054751
2026-07-06T03:14:00.681218,2026-07-06T03:14:00.691492+00:00,165.6,200,bid,YieldingYams,WavyWalnuts,9054784
2026-07-06T03:14:01.260365,2026-07-06T03:14:01.269357+00:00,165.7,200,ask,YieldingYams,WavyWalnuts,9054801
2026-07-06T03:14:04.906821,2026-07-06T03:14:04.910460+00:00,165.5,11,ask,WavyWalnuts,Xuanyu Liu,9054839
2026-07-06T03:14:05.583254,2026-07-06T03:14:05.595311+00:00,165.7,20,bid,BrilliantBurritos,YieldingYams,9054847
2026-07-06T03:14:12.194609,2026-07-06T03:14:12.206279+00:00,165.7,20,bid,BrilliantBurritos,YieldingYams,9054922
2026-07-06T03:14:12.489661,2026-07-06T03:14:12.500582+00:00,165.6,200,ask,WavyWalnuts,YieldingYams,9054930
2026-07-06T03:14:20.864092,2026-07-06T03:14:20.867919+00:00,165.4,34,bid,Xuanyu Liu,YieldingYams,9055024
2026-07-06T03:14:23.872940,2026-07-06T03:14:23.884871+00:00,165.6,20,bid,BrilliantBurritos,YieldingYams,9055064
2026-07-06T03:14:26.903267,2026-07-06T03:14:26.913469+00:00,165.4,200,bid,YieldingYams,WavyWalnuts,9055104
2026-07-06T03:14:27.878692,2026-07-06T03:14:27.889822+00:00,165.4,200,ask,YieldingYams,WavyWalnuts,9055118
2026-07-06T03:14:29.528977,2026-07-06T03:14:29.536405+00:00,165.3,200,ask,WavyWalnuts,YieldingYams,9055150
2026-07-06T03:14:29.547713,2026-07-06T03:14:29.551390+00:00,165.2,23,bid,Xuanyu Liu,YieldingYams,9055152
2026-07-06T03:14:30.289904,2026-07-06T03:14:30.297940+00:00,165.2,200,bid,WavyWalnuts,YieldingYams,9055164
2026-07-06T03:14:30.862310,2026-07-06T03:14:30.866020+00:00,165.3,12,ask,YieldingYams,Xuanyu Liu,9055174
2026-07-06T03:14:33.533135,2026-07-06T03:14:33.536924+00:00,165.4,35,bid,Xuanyu Liu,YieldingYams,9055209
2026-07-06T03:14:34.792760,2026-07-06T03:14:34.803169+00:00,165.2,200,ask,WavyWalnuts,YieldingYams,9055226
2026-07-06T03:14:34.809524,2026-07-06T03:14:34.813662+00:00,165.2,14,bid,Xuanyu Liu,YieldingYams,9055228
2026-07-06T03:14:34.941920,2026-07-06T03:14:34.953782+00:00,164.9,20,ask,YieldingYams,BrilliantBurritos,9055230
2026-07-06T03:14:35.123912,2026-07-06T03:14:35.133308+00:00,165.2,200,bid,WavyWalnuts,YieldingYams,9055233
2026-07-06T03:14:36.486281,2026-07-06T03:14:36.490022+00:00,165.2,3,ask,YieldingYams,Xuanyu Liu,9055258
2026-07-06T03:14:37.111438,2026-07-06T03:14:37.123276+00:00,165.2,20,ask,YieldingYams,BrilliantBurritos,9055262
2026-07-06T03:14:37.470129,2026-07-06T03:14:37.473705+00:00,165.3,11,ask,YieldingYams,Xuanyu Liu,9055267
2026-07-06T03:14:41.380440,2026-07-06T03:14:41.391878+00:00,165.2,200,ask,WavyWalnuts,YieldingYams,9055311
2026-07-06T03:14:42.804689,2026-07-06T03:14:42.808395+00:00,165.1,12,ask,WavyWalnuts,Xuanyu Liu,9055322
2026-07-06T03:14:43.601499,2026-07-06T03:14:43.605234+00:00,165.2,11,ask,WavyWalnuts,Xuanyu Liu,9055341
2026-07-06T03:14:44.000021,2026-07-06T03:14:44.010775+00:00,165.2,189,ask,WavyWalnuts,YieldingYams,9055348
2026-07-06T03:14:44.793262,2026-07-06T03:14:44.803734+00:00,165.2,200,bid,WavyWalnuts,YieldingYams,9055352
2026-07-06T03:14:45.350717,2026-07-06T03:14:45.354266+00:00,165.4,23,ask,YieldingYams,Xuanyu Liu,9055366
2026-07-06T03:14:46.000926,2026-07-06T03:14:46.009843+00:00,165.4,200,ask,YieldingYams,WavyWalnuts,9055378
2026-07-06T03:14:46.974284,2026-07-06T03:14:46.986056+00:00,165.4,20,ask,YieldingYams,BrilliantBurritos,9055387
2026-07-06T03:14:47.150486,2026-07-06T03:14:47.158351+00:00,165.4,500,ask,YieldingYams,AverageAlmonds,9055389
2026-07-06T03:14:47.746154,2026-07-06T03:14:47.768213+00:00,165.4,105,ask,YieldingYams,AverageAlmonds,9055399
2026-07-06T03:14:47.764627,2026-07-06T03:14:47.768213+00:00,165.4,11,bid,Xuanyu Liu,AverageAlmonds,9055401
2026-07-06T03:14:47.923896,2026-07-06T03:14:47.930601+00:00,165.3,200,ask,WavyWalnuts,YieldingYams,9055403
2026-07-06T03:14:47.941474,2026-07-06T03:14:47.945314+00:00,165.3,12,bid,Xuanyu Liu,YieldingYams,9055405
2026-07-06T03:14:49.027025,2026-07-06T03:14:49.038939+00:00,165.3,20,bid,BrilliantBurritos,YieldingYams,9055416
2026-07-06T03:14:49.388962,2026-07-06T03:14:49.392534+00:00,165.2,23,ask,WavyWalnuts,Xuanyu Liu,9055429
2026-07-06T03:14:49.629179,2026-07-06T03:14:49.636963+00:00,165.3,200,bid,WavyWalnuts,YieldingYams,9055431
2026-07-06T03:14:50.840254,2026-07-06T03:14:50.846963+00:00,165.3,200,bid,WavyWalnuts,YieldingYams,9055446
2026-07-06T03:15:02.013445,2026-07-06T03:15:02.017445+00:00,165.4,11,bid,Xuanyu Liu,YieldingYams,9055589
2026-07-06T03:15:02.947152,2026-07-06T03:15:02.953623+00:00,165.3,200,ask,AverageAlmonds,WavyWalnuts,9055601
2026-07-06T03:15:03.355971,2026-07-06T03:15:03.367736+00:00,165.4,20,bid,BrilliantBurritos,YieldingYams,9055604
2026-07-06T03:15:03.651698,2026-07-06T03:15:03.668999+00:00,165.3,500,ask,AverageAlmonds,YieldingYams,9055609
2026-07-06T03:15:03.664703,2026-07-06T03:15:03.668999+00:00,165.3,12,bid,Xuanyu Liu,YieldingYams,9055611
2026-07-06T03:15:04.104349,2026-07-06T03:15:04.112134+00:00,165.3,113,bid,AverageAlmonds,YieldingYams,9055619
2026-07-06T03:15:04.154434,2026-07-06T03:15:04.143308+00:00,165.4,200,ask,AverageAlmonds,WavyWalnuts,9055621
2026-07-06T03:15:05.165251,2026-07-06T03:15:05.169388+00:00,165.7,23,bid,Xuanyu Liu,YieldingYams,9055633
2026-07-06T03:15:05.361488,2026-07-06T03:15:05.370104+00:00,165.4,200,ask,YieldingYams,WavyWalnuts,9055636
2026-07-06T03:15:05.464312,2026-07-06T03:15:05.472858+00:00,165.7,20,bid,BrilliantBurritos,YieldingYams,9055637
2026-07-06T03:15:06.287849,2026-07-06T03:15:06.291703+00:00,165.5,14,bid,Xuanyu Liu,YieldingYams,9055645
2026-07-06T03:15:07.183983,2026-07-06T03:15:07.196028+00:00,165.3,20,bid,BrilliantBurritos,WavyWalnuts,9055654
2026-07-06T03:15:08.134885,2026-07-06T03:15:08.138701+00:00,165.2,14,ask,YieldingYams,Xuanyu Liu,9055667
2026-07-06T03:15:08.930898,2026-07-06T03:15:08.953567+00:00,165.4,200,bid,AverageAlmonds,WavyWalnuts,9055679
2026-07-06T03:15:08.949596,2026-07-06T03:15:08.953567+00:00,165.4,23,ask,AverageAlmonds,Xuanyu Liu,9055681
2026-07-06T03:15:08.989117,2026-07-06T03:15:09.000343+00:00,165.4,200,ask,AverageAlmonds,WavyWalnuts,9055686
2026-07-06T03:15:10.764724,2026-07-06T03:15:10.774081+00:00,165.4,500,bid,AverageAlmonds,YieldingYams,9055703
2026-07-06T03:15:13.618112,2026-07-06T03:15:13.629612+00:00,165.6,20,bid,BrilliantBurritos,WavyWalnuts,9055746
2026-07-06T03:15:15.142432,2026-07-06T03:15:15.150398+00:00,165.4,20,ask,AverageAlmonds,BrilliantBurritos,9055764
2026-07-06T03:15:18.681260,2026-07-06T03:15:18.689626+00:00,165.5,200,bid,WavyWalnuts,YieldingYams,9055808
2026-07-06T03:15:20.993914,2026-07-06T03:15:21.005095+00:00,165.6,20,bid,BrilliantBurritos,YieldingYams,9055848
2026-07-06T03:15:29.580995,2026-07-06T03:15:29.587732+00:00,165.7,200,bid,WavyWalnuts,YieldingYams,9055956
2026-07-06T03:15:32.000180,2026-07-06T03:15:32.011388+00:00,165.8,200,ask,YieldingYams,WavyWalnuts,9055985
2026-07-06T03:15:33.422319,2026-07-06T03:15:33.426767+00:00,165.8,23,bid,Xuanyu Liu,WavyWalnuts,9056000
2026-07-06T03:15:36.830026,2026-07-06T03:15:36.833385+00:00,165.9,11,bid,Xuanyu Liu,WavyWalnuts,9056049
2026-07-06T03:15:39.987967,2026-07-06T03:15:39.992041+00:00,166.0,3,bid,Xuanyu Liu,YieldingYams,9056096
2026-07-06T03:15:41.041511,2026-07-06T03:15:41.050566+00:00,166.0,500,bid,AverageAlmonds,YieldingYams,9056108
2026-07-06T03:15:41.672549,2026-07-06T03:15:41.679615+00:00,166.0,200,bid,YieldingYams,WavyWalnuts,9056117
2026-07-06T03:15:41.692065,2026-07-06T03:15:41.700753+00:00,166.0,200,ask,YieldingYams,WavyWalnuts,9056120
2026-07-06T03:15:42.903711,2026-07-06T03:15:42.911489+00:00,166.0,200,ask,YieldingYams,WavyWalnuts,9056133
2026-07-06T03:15:45.531613,2026-07-06T03:15:45.543392+00:00,165.8,20,ask,YieldingYams,BrilliantBurritos,9056171
2026-07-06T03:15:45.607383,2026-07-06T03:15:45.614537+00:00,165.9,200,bid,YieldingYams,WavyWalnuts,9056176
2026-07-06T03:15:45.625115,2026-07-06T03:15:45.628364+00:00,166.1,1,ask,YieldingYams,Xuanyu Liu,9056178
2026-07-06T03:15:46.536963,2026-07-06T03:15:46.543906+00:00,166.1,200,ask,YieldingYams,WavyWalnuts,9056185
2026-07-06T03:15:47.371746,2026-07-06T03:15:47.381585+00:00,166.1,20,bid,BrilliantBurritos,YieldingYams,9056198
2026-07-06T03:15:47.769253,2026-07-06T03:15:47.772524+00:00,166.0,1,bid,Xuanyu Liu,WavyWalnuts,9056203
2026-07-06T03:15:48.233372,2026-07-06T03:15:48.243713+00:00,166.0,199,bid,YieldingYams,WavyWalnuts,9056208
2026-07-06T03:15:49.523319,2026-07-06T03:15:49.526769+00:00,166.0,14,ask,YieldingYams,Xuanyu Liu,9056231
2026-07-06T03:15:52.648359,2026-07-06T03:15:52.660087+00:00,165.9,20,ask,YieldingYams,BrilliantBurritos,9056269
2026-07-06T03:15:55.860086,2026-07-06T03:15:55.864215+00:00,165.9,12,ask,YieldingYams,Xuanyu Liu,9056307
2026-07-06T03:15:56.111055,2026-07-06T03:15:56.119702+00:00,166.0,200,bid,YieldingYams,WavyWalnuts,9056310
2026-07-06T03:15:56.125736,2026-07-06T03:15:56.129873+00:00,166.0,11,ask,YieldingYams,Xuanyu Liu,9056312
2026-07-06T03:15:56.210372,2026-07-06T03:15:56.219596+00:00,166.0,200,ask,YieldingYams,WavyWalnuts,9056317
2026-07-06T03:15:59.794934,2026-07-06T03:15:59.803473+00:00,166.0,500,bid,AverageAlmonds,YieldingYams,9056352
2026-07-06T03:16:00.392282,2026-07-06T03:16:00.402176+00:00,166.0,200,bid,AverageAlmonds,WavyWalnuts,9056354
2026-07-06T03:16:00.392282,2026-07-06T03:16:00.402176+00:00,166.1,300,bid,AverageAlmonds,YieldingYams,9056355
2026-07-06T03:16:00.998880,2026-07-06T03:16:01.009416+00:00,166.1,325,bid,AverageAlmonds,YieldingYams,9056359
2026-07-06T03:16:01.050980,2026-07-06T03:16:01.058608+00:00,166.1,175,ask,AverageAlmonds,WavyWalnuts,9056361
2026-07-06T03:16:01.128904,2026-07-06T03:16:01.140677+00:00,166.1,20,bid,BrilliantBurritos,WavyWalnuts,9056362
2026-07-06T03:16:01.599337,2026-07-06T03:16:01.608084+00:00,166.1,5,bid,AverageAlmonds,WavyWalnuts,9056367
2026-07-06T03:16:04.674377,2026-07-06T03:16:04.684944+00:00,166.1,200,bid,WavyWalnuts,YieldingYams,9056402
2026-07-06T03:16:07.423838,2026-07-06T03:16:07.435690+00:00,166.0,20,ask,YieldingYams,BrilliantBurritos,9056440
2026-07-06T03:16:07.919036,2026-07-06T03:16:07.929444+00:00,166.1,200,bid,YieldingYams,WavyWalnuts,9056444
2026-07-06T03:16:07.937147,2026-07-06T03:16:07.942815+00:00,166.1,12,ask,YieldingYams,Xuanyu Liu,9056446
2026-07-06T03:16:08.303499,2026-07-06T03:16:08.313099+00:00,166.1,200,ask,YieldingYams,WavyWalnuts,9056452
2026-07-06T03:16:08.500011,2026-07-06T03:16:08.511750+00:00,166.1,20,ask,YieldingYams,BrilliantBurritos,9056454
2026-07-06T03:16:10.440769,2026-07-06T03:16:10.458596+00:00,166.2,20,bid,BrilliantBurritos,YieldingYams,9056473
2026-07-06T03:16:11.465652,2026-07-06T03:16:11.469444+00:00,166.0,11,ask,YieldingYams,Xuanyu Liu,9056489
2026-07-06T03:16:13.172154,2026-07-06T03:16:13.180661+00:00,166.3,200,bid,YieldingYams,WavyWalnuts,9056510
2026-07-06T03:16:14.345447,2026-07-06T03:16:14.354909+00:00,166.3,425,ask,YieldingYams,AverageAlmonds,9056521
2026-07-06T03:16:15.597777,2026-07-06T03:16:15.608968+00:00,166.3,200,bid,WavyWalnuts,YieldingYams,9056535
2026-07-06T03:16:16.815095,2026-07-06T03:16:16.822572+00:00,166.3,200,bid,WavyWalnuts,AverageAlmonds,9056549
2026-07-06T03:16:17.976987,2026-07-06T03:16:17.986044+00:00,166.1,500,ask,YieldingYams,AverageAlmonds,9056559
2026-07-06T03:16:18.031608,2026-07-06T03:16:18.038706+00:00,166.4,200,bid,WavyWalnuts,YieldingYams,9056561
2026-07-06T03:16:18.570832,2026-07-06T03:16:18.579808+00:00,166.0,500,ask,YieldingYams,AverageAlmonds,9056579
2026-07-06T03:16:19.241994,2026-07-06T03:16:19.251214+00:00,166.2,200,bid,WavyWalnuts,YieldingYams,9056584
2026-07-06T03:16:20.452318,2026-07-06T03:16:20.463632+00:00,166.0,200,bid,WavyWalnuts,AverageAlmonds,9056603
2026-07-06T03:16:21.659693,2026-07-06T03:16:21.669110+00:00,166.1,200,bid,WavyWalnuts,YieldingYams,9056617
2026-07-06T03:16:22.358536,2026-07-06T03:16:22.362256+00:00,166.0,11,ask,YieldingYams,Xuanyu Liu,9056624
2026-07-06T03:16:22.885418,2026-07-06T03:16:22.889183+00:00,166.1,12,ask,WavyWalnuts,Xuanyu Liu,9056634
2026-07-06T03:16:24.076612,2026-07-06T03:16:24.084574+00:00,166.2,200,bid,WavyWalnuts,YieldingYams,9056648
2026-07-06T03:16:24.264315,2026-07-06T03:16:24.268202+00:00,166.2,12,bid,Xuanyu Liu,YieldingYams,9056652
2026-07-06T03:16:24.968197,2026-07-06T03:16:24.977682+00:00,166.2,500,bid,YieldingYams,AverageAlmonds,9056659
2026-07-06T03:16:25.218659,2026-07-06T03:16:25.229030+00:00,166.2,125,ask,YieldingYams,AverageAlmonds,9056668
2026-07-06T03:16:25.830488,2026-07-06T03:16:25.837202+00:00,166.0,200,ask,WavyWalnuts,AverageAlmonds,9056674
2026-07-06T03:16:25.849212,2026-07-06T03:16:25.853001+00:00,166.0,22,bid,Xuanyu Liu,AverageAlmonds,9056676
2026-07-06T03:16:28.900634,2026-07-06T03:16:28.907132+00:00,165.8,200,ask,WavyWalnuts,YieldingYams,9056714
2026-07-06T03:16:31.326533,2026-07-06T03:16:31.334422+00:00,165.8,200,bid,WavyWalnuts,YieldingYams,9056737
2026-07-06T03:16:33.752966,2026-07-06T03:16:33.758610+00:00,165.9,20,bid,BrilliantBurritos,YieldingYams,9056762
2026-07-06T03:16:38.110978,2026-07-06T03:16:38.117248+00:00,165.6,12,bid,Xuanyu Liu,YieldingYams,9056825
2026-07-06T03:16:38.126096,2026-07-06T03:16:38.132841+00:00,165.5,20,ask,WavyWalnuts,BrilliantBurritos,9056826
2026-07-06T03:16:43.429202,2026-07-06T03:16:43.437105+00:00,165.6,200,bid,WavyWalnuts,YieldingYams,9056887
2026-07-06T03:16:43.989048,2026-07-06T03:16:44.000524+00:00,165.6,425,bid,AverageAlmonds,YieldingYams,9056895
2026-07-06T03:16:44.656564,2026-07-06T03:16:44.660458+00:00,165.7,12,ask,WavyWalnuts,Xuanyu Liu,9056908
2026-07-06T03:16:52.517547,2026-07-06T03:16:52.539312+00:00,165.8,200,bid,YieldingYams,WavyWalnuts,9056998
2026-07-06T03:16:52.535618,2026-07-06T03:16:52.539312+00:00,165.8,11,ask,YieldingYams,Xuanyu Liu,9057000
2026-07-06T03:16:53.121801,2026-07-06T03:16:53.131616+00:00,165.8,200,ask,YieldingYams,WavyWalnuts,9057008
2026-07-06T03:16:55.688335,2026-07-06T03:16:55.692119+00:00,165.6,11,ask,YieldingYams,Xuanyu Liu,9057040
2026-07-06T03:16:56.639741,2026-07-06T03:16:56.651653+00:00,165.6,20,ask,WavyWalnuts,BrilliantBurritos,9057052
2026-07-06T03:16:59.189525,2026-07-06T03:16:59.193555+00:00,165.6,12,ask,WavyWalnuts,Xuanyu Liu,9057098
2026-07-06T03:17:00.404798,2026-07-06T03:17:00.412312+00:00,165.5,200,bid,WavyWalnuts,YieldingYams,9057111
2026-07-06T03:17:05.239592,2026-07-06T03:17:05.247688+00:00,165.6,200,bid,WavyWalnuts,YieldingYams,9057167
2026-07-06T03:17:05.493279,2026-07-06T03:17:05.496830+00:00,165.4,11,ask,YieldingYams,Xuanyu Liu,9057170
2026-07-06T03:17:06.446136,2026-07-06T03:17:06.458611+00:00,165.7,200,bid,WavyWalnuts,YieldingYams,9057179
2026-07-06T03:17:06.977654,2026-07-06T03:17:06.981874+00:00,165.5,6,ask,YieldingYams,Xuanyu Liu,9057186
2026-07-06T03:17:08.277662,2026-07-06T03:17:08.287949+00:00,165.6,200,ask,WavyWalnuts,YieldingYams,9057200
2026-07-06T03:17:08.291653,2026-07-06T03:17:08.298327+00:00,165.6,20,bid,BrilliantBurritos,YieldingYams,9057201
2026-07-06T03:17:08.859020,2026-07-06T03:17:08.870652+00:00,165.6,200,bid,WavyWalnuts,YieldingYams,9057207
2026-07-06T03:17:22.126951,2026-07-06T03:17:22.137691+00:00,165.8,200,ask,WavyWalnuts,AverageAlmonds,9057364
2026-07-06T03:17:22.763439,2026-07-06T03:17:22.774360+00:00,165.7,200,ask,WavyWalnuts,AverageAlmonds,9057375
2026-07-06T03:17:22.763439,2026-07-06T03:17:22.774360+00:00,165.7,300,ask,YieldingYams,AverageAlmonds,9057376
2026-07-06T03:17:24.602448,2026-07-06T03:17:24.611004+00:00,165.7,200,bid,WavyWalnuts,YieldingYams,9057399
2026-07-06T03:17:27.496435,2026-07-06T03:17:27.508250+00:00,165.9,20,bid,BrilliantBurritos,YieldingYams,9057430
2026-07-06T03:17:33.082059,2026-07-06T03:17:33.088829+00:00,165.6,200,ask,YieldingYams,WavyWalnuts,9057500
2026-07-06T03:17:33.198651,2026-07-06T03:17:33.202450+00:00,165.6,17,bid,Xuanyu Liu,YieldingYams,9057503
2026-07-06T03:17:37.119762,2026-07-06T03:17:37.129415+00:00,165.7,200,bid,YieldingYams,WavyWalnuts,9057559
2026-07-06T03:17:37.622877,2026-07-06T03:17:37.632517+00:00,165.8,20,bid,BrilliantBurritos,AverageAlmonds,9057564
2026-07-06T03:17:37.943716,2026-07-06T03:17:37.952275+00:00,165.7,200,ask,YieldingYams,WavyWalnuts,9057571
2026-07-06T03:17:38.356793,2026-07-06T03:17:38.368739+00:00,165.8,20,bid,BrilliantBurritos,AverageAlmonds,9057578
2026-07-06T03:17:41.054814,2026-07-06T03:17:41.063886+00:00,165.6,200,bid,YieldingYams,WavyWalnuts,9057607
2026-07-06T03:17:44.003536,2026-07-06T03:17:44.012792+00:00,165.7,200,bid,WavyWalnuts,YieldingYams,9057641
2026-07-06T03:17:46.310894,2026-07-06T03:17:46.317726+00:00,165.7,200,bid,YieldingYams,WavyWalnuts,9057677
2026-07-06T03:17:49.437869,2026-07-06T03:17:49.441679+00:00,165.9,23,bid,Xuanyu Liu,YieldingYams,9057720
2026-07-06T03:17:50.811594,2026-07-06T03:17:50.821918+00:00,165.9,20,bid,BrilliantBurritos,WavyWalnuts,9057736
2026-07-06T03:17:53.448411,2026-07-06T03:17:53.463696+00:00,165.8,20,ask,YieldingYams,BrilliantBurritos,9057769
2026-07-06T03:17:53.703989,2026-07-06T03:17:53.715818+00:00,165.8,200,ask,YieldingYams,WavyWalnuts,9057772
2026-07-06T03:17:54.210214,2026-07-06T03:17:54.213722+00:00,165.8,11,bid,Xuanyu Liu,YieldingYams,9057787
2026-07-06T03:17:55.508584,2026-07-06T03:17:55.532763+00:00,165.7,200,ask,WavyWalnuts,YieldingYams,9057804
2026-07-06T03:17:55.529464,2026-07-06T03:17:55.532763+00:00,165.6,23,bid,Xuanyu Liu,YieldingYams,9057809
2026-07-06T03:17:56.119619,2026-07-06T03:17:56.134226+00:00,165.6,200,bid,WavyWalnuts,YieldingYams,9057821
2026-07-06T03:17:56.130192,2026-07-06T03:17:56.134226+00:00,165.4,11,ask,AverageAlmonds,Xuanyu Liu,9057823
2026-07-06T03:17:57.326589,2026-07-06T03:17:57.336160+00:00,165.7,200,bid,WavyWalnuts,YieldingYams,9057834
2026-07-06T03:17:57.877469,2026-07-06T03:17:57.881773+00:00,165.6,23,ask,AverageAlmonds,Xuanyu Liu,9057838
2026-07-06T03:17:58.500697,2026-07-06T03:17:58.506039+00:00,165.7,11,ask,AverageAlmonds,Xuanyu Liu,9057854
2026-07-06T03:17:58.978148,2026-07-06T03:17:58.981928+00:00,165.8,22,bid,Xuanyu Liu,YieldingYams,9057862
2026-07-06T03:17:59.091249,2026-07-06T03:17:59.099605+00:00,165.8,500,bid,AverageAlmonds,YieldingYams,9057865
2026-07-06T03:17:59.241104,2026-07-06T03:17:59.245158+00:00,165.8,12,bid,Xuanyu Liu,YieldingYams,9057867
2026-07-06T03:17:59.440763,2026-07-06T03:17:59.448551+00:00,165.8,200,bid,YieldingYams,WavyWalnuts,9057869
2026-07-06T03:17:59.741421,2026-07-06T03:17:59.758562+00:00,165.8,200,ask,YieldingYams,WavyWalnuts,9057875
2026-07-06T03:18:04.602262,2026-07-06T03:18:04.606381+00:00,165.8,11,bid,Xuanyu Liu,WavyWalnuts,9057943
2026-07-06T03:18:06.973957,2026-07-06T03:18:06.977792+00:00,165.8,11,ask,AverageAlmonds,Xuanyu Liu,9057970
2026-07-06T03:18:08.211905,2026-07-06T03:18:08.221507+00:00,165.9,200,bid,WavyWalnuts,YieldingYams,9057989
2026-07-06T03:18:10.710564,2026-07-06T03:18:10.718086+00:00,165.9,20,ask,YieldingYams,BrilliantBurritos,9058018
2026-07-06T03:18:13.050955,2026-07-06T03:18:13.058541+00:00,165.9,200,ask,YieldingYams,WavyWalnuts,9058045
2026-07-06T03:18:14.258337,2026-07-06T03:18:14.268703+00:00,165.9,200,ask,YieldingYams,WavyWalnuts,9058061
2026-07-06T03:18:15.165253,2026-07-06T03:18:15.185786+00:00,165.9,500,ask,AverageAlmonds,YieldingYams,9058075
2026-07-06T03:18:15.182148,2026-07-06T03:18:15.185786+00:00,165.9,23,bid,Xuanyu Liu,YieldingYams,9058077
2026-07-06T03:18:16.021561,2026-07-06T03:18:16.030477+00:00,165.9,102,bid,AverageAlmonds,YieldingYams,9058092
2026-07-06T03:18:16.021561,2026-07-06T03:18:16.030477+00:00,165.9,200,bid,AverageAlmonds,WavyWalnuts,9058093
2026-07-06T03:18:20.323156,2026-07-06T03:18:20.330917+00:00,166.1,200,ask,YieldingYams,WavyWalnuts,9058144
2026-07-06T03:18:21.730656,2026-07-06T03:18:21.734315+00:00,166.0,14,bid,Xuanyu Liu,YieldingYams,9058161
2026-07-06T03:18:29.363680,2026-07-06T03:18:29.374693+00:00,166.0,200,ask,WavyWalnuts,AverageAlmonds,9058258
2026-07-06T03:18:32.436565,2026-07-06T03:18:32.440268+00:00,166.1,3,ask,WavyWalnuts,Xuanyu Liu,9058300
2026-07-06T03:18:32.982027,2026-07-06T03:18:32.992986+00:00,166.1,197,ask,WavyWalnuts,AverageAlmonds,9058305
2026-07-06T03:18:33.213920,2026-07-06T03:18:33.220849+00:00,166.1,20,bid,BrilliantBurritos,AverageAlmonds,9058307
2026-07-06T03:18:34.186848,2026-07-06T03:18:34.198362+00:00,166.0,500,ask,YieldingYams,AverageAlmonds,9058312
2026-07-06T03:18:34.845210,2026-07-06T03:18:34.844853+00:00,166.0,200,bid,WavyWalnuts,YieldingYams,9058320
2026-07-06T03:18:35.908847,2026-07-06T03:18:35.921003+00:00,165.7,20,ask,YieldingYams,BrilliantBurritos,9058332
2026-07-06T03:18:37.290513,2026-07-06T03:18:37.294003+00:00,165.9,11,ask,WavyWalnuts,Xuanyu Liu,9058354
2026-07-06T03:18:37.299515,2026-07-06T03:18:37.303170+00:00,165.9,12,ask,WavyWalnuts,Xuanyu Liu,9058356
2026-07-06T03:18:40.086124,2026-07-06T03:18:40.094340+00:00,166.0,500,bid,YieldingYams,AverageAlmonds,9058392
2026-07-06T03:18:40.086124,2026-07-06T03:18:40.094340+00:00,166.0,125,bid,YieldingYams,WavyWalnuts,9058393
2026-07-06T03:18:42.120750,2026-07-06T03:18:42.130646+00:00,165.8,200,ask,YieldingYams,WavyWalnuts,9058425
2026-07-06T03:18:43.327781,2026-07-06T03:18:43.337610+00:00,165.8,200,ask,YieldingYams,WavyWalnuts,9058435
2026-07-06T03:18:45.692060,2026-07-06T03:18:45.698581+00:00,165.7,500,ask,YieldingYams,AverageAlmonds,9058467
2026-07-06T03:18:46.284609,2026-07-06T03:18:46.296241+00:00,165.7,125,ask,YieldingYams,AverageAlmonds,9058470
2026-07-06T03:18:46.284609,2026-07-06T03:18:46.296241+00:00,165.6,200,ask,WavyWalnuts,AverageAlmonds,9058471
2026-07-06T03:18:46.309623,2026-07-06T03:18:46.313379+00:00,165.5,23,bid,Xuanyu Liu,AverageAlmonds,9058473
2026-07-06T03:18:46.633286,2026-07-06T03:18:46.642647+00:00,165.5,152,bid,YieldingYams,AverageAlmonds,9058481
2026-07-06T03:18:46.787578,2026-07-06T03:18:46.791459+00:00,165.5,23,ask,YieldingYams,Xuanyu Liu,9058486
2026-07-06T03:18:46.886420,2026-07-06T03:18:46.893005+00:00,165.5,450,ask,YieldingYams,AverageAlmonds,9058490
2026-07-06T03:18:46.949560,2026-07-06T03:18:46.958501+00:00,165.4,50,bid,WavyWalnuts,AverageAlmonds,9058494
2026-07-06T03:18:46.964467,2026-07-06T03:18:46.967997+00:00,165.7,23,ask,WavyWalnuts,Xuanyu Liu,9058496
2026-07-06T03:18:47.515582,2026-07-06T03:18:47.523268+00:00,165.7,127,ask,WavyWalnuts,AverageAlmonds,9058501
2026-07-06T03:18:48.160992,2026-07-06T03:18:48.168992+00:00,165.4,200,bid,WavyWalnuts,YieldingYams,9058516
2026-07-06T03:18:49.331974,2026-07-06T03:18:49.341185+00:00,165.4,500,ask,YieldingYams,AverageAlmonds,9058535
2026-07-06T03:18:49.595683,2026-07-06T03:18:49.600525+00:00,165.5,46,bid,Xuanyu Liu,WavyWalnuts,9058545
2026-07-06T03:18:49.923875,2026-07-06T03:18:49.931501+00:00,165.4,125,ask,YieldingYams,AverageAlmonds,9058548
2026-07-06T03:18:50.587038,2026-07-06T03:18:50.596189+00:00,165.3,200,bid,WavyWalnuts,AverageAlmonds,9058554
2026-07-06T03:18:51.795928,2026-07-06T03:18:51.806202+00:00,165.3,200,bid,WavyWalnuts,AverageAlmonds,9058575
2026-07-06T03:18:51.872945,2026-07-06T03:18:51.883072+00:00,165.3,300,bid,YieldingYams,AverageAlmonds,9058578
2026-07-06T03:18:52.944546,2026-07-06T03:18:52.951011+00:00,165.3,325,ask,YieldingYams,AverageAlmonds,9058584
2026-07-06T03:18:56.281546,2026-07-06T03:18:56.285345+00:00,165.2,3,bid,Xuanyu Liu,WavyWalnuts,9058630
2026-07-06T03:18:57.796597,2026-07-06T03:18:57.806403+00:00,165.2,20,ask,YieldingYams,BrilliantBurritos,9058645
2026-07-06T03:18:59.881117,2026-07-06T03:18:59.892938+00:00,165.5,20,bid,BrilliantBurritos,WavyWalnuts,9058674
2026-07-06T03:19:04.995354,2026-07-06T03:19:04.999251+00:00,165.7,3,ask,YieldingYams,Xuanyu Liu,9058740
2026-07-06T03:19:05.061244,2026-07-06T03:19:05.069971+00:00,165.7,500,ask,YieldingYams,AverageAlmonds,9058742
2026-07-06T03:19:06.317035,2026-07-06T03:19:06.345134+00:00,165.7,200,ask,WavyWalnuts,YieldingYams,9058765
2026-07-06T03:19:06.334234,2026-07-06T03:19:06.345134+00:00,165.7,200,bid,WavyWalnuts,YieldingYams,9058767
2026-07-06T03:19:06.341578,2026-07-06T03:19:06.345134+00:00,165.7,3,bid,Xuanyu Liu,YieldingYams,9058769
2026-07-06T03:19:08.754006,2026-07-06T03:19:08.758542+00:00,165.8,200,bid,WavyWalnuts,YieldingYams,9058795
2026-07-06T03:19:08.931975,2026-07-06T03:19:08.935611+00:00,165.6,3,ask,YieldingYams,Xuanyu Liu,9058798
2026-07-06T03:19:08.956566,2026-07-06T03:19:08.959942+00:00,165.8,23,ask,YieldingYams,Xuanyu Liu,9058801
2026-07-06T03:19:10.252896,2026-07-06T03:19:10.251360+00:00,165.9,500,bid,YieldingYams,AverageAlmonds,9058820
2026-07-06T03:19:10.252896,2026-07-06T03:19:10.251360+00:00,165.9,125,bid,YieldingYams,WavyWalnuts,9058821
2026-07-06T03:19:10.343377,2026-07-06T03:19:10.355251+00:00,165.9,20,bid,BrilliantBurritos,WavyWalnuts,9058825
2026-07-06T03:19:11.567393,2026-07-06T03:19:11.576961+00:00,165.7,200,ask,WavyWalnuts,YieldingYams,9058843
2026-07-06T03:19:12.377841,2026-07-06T03:19:12.385882+00:00,165.7,200,bid,WavyWalnuts,YieldingYams,9058853
2026-07-06T03:19:14.194195,2026-07-06T03:19:14.201553+00:00,165.7,200,ask,WavyWalnuts,YieldingYams,9058877
2026-07-06T03:19:14.794209,2026-07-06T03:19:14.802924+00:00,165.6,200,bid,WavyWalnuts,YieldingYams,9058886
2026-07-06T03:19:15.506685,2026-07-06T03:19:15.516071+00:00,165.8,500,bid,YieldingYams,AverageAlmonds,9058893
2026-07-06T03:19:15.957425,2026-07-06T03:19:15.969391+00:00,165.8,125,ask,YieldingYams,AverageAlmonds,9058898
2026-07-06T03:19:18.436460,2026-07-06T03:19:18.439897+00:00,165.7,26,bid,Xuanyu Liu,WavyWalnuts,9058923
2026-07-06T03:19:20.815552,2026-07-06T03:19:20.825825+00:00,165.6,500,ask,YieldingYams,AverageAlmonds,9058954
2026-07-06T03:19:20.856910,2026-07-06T03:19:20.873219+00:00,165.6,125,ask,YieldingYams,WavyWalnuts,9058958
2026-07-06T03:19:24.502450,2026-07-06T03:19:24.511521+00:00,165.4,200,bid,WavyWalnuts,YieldingYams,9059005
2026-07-06T03:19:25.729138,2026-07-06T03:19:25.732731+00:00,165.3,3,ask,WavyWalnuts,Xuanyu Liu,9059029
2026-07-06T03:19:26.919756,2026-07-06T03:19:26.929136+00:00,165.4,200,bid,WavyWalnuts,YieldingYams,9059045
2026-07-06T03:19:28.639464,2026-07-06T03:19:28.651018+00:00,165.2,20,ask,WavyWalnuts,BrilliantBurritos,9059071
2026-07-06T03:19:28.968709,2026-07-06T03:19:28.980580+00:00,165.2,20,ask,WavyWalnuts,BrilliantBurritos,9059080
2026-07-06T03:19:29.360626,2026-07-06T03:19:29.364322+00:00,165.3,11,ask,WavyWalnuts,Xuanyu Liu,9059090
2026-07-06T03:19:33.872997,2026-07-06T03:19:33.892145+00:00,165.7,200,bid,YieldingYams,WavyWalnuts,9059148
2026-07-06T03:19:33.888511,2026-07-06T03:19:33.892145+00:00,165.7,23,ask,YieldingYams,Xuanyu Liu,9059150
2026-07-06T03:19:38.064226,2026-07-06T03:19:38.076230+00:00,165.8,20,bid,BrilliantBurritos,WavyWalnuts,9059204
2026-07-06T03:19:41.741085,2026-07-06T03:19:41.748281+00:00,165.8,200,bid,YieldingYams,WavyWalnuts,9059252
2026-07-06T03:19:41.764051,2026-07-06T03:19:41.767575+00:00,165.8,12,ask,YieldingYams,Xuanyu Liu,9059254
2026-07-06T03:19:42.631763,2026-07-06T03:19:42.633774+00:00,165.8,413,ask,YieldingYams,AverageAlmonds,9059268
2026-07-06T03:19:43.057304,2026-07-06T03:19:43.069089+00:00,165.6,200,ask,WavyWalnuts,YieldingYams,9059279
2026-07-06T03:19:43.897120,2026-07-06T03:19:43.900361+00:00,165.4,11,ask,WavyWalnuts,Xuanyu Liu,9059289
2026-07-06T03:19:44.384542,2026-07-06T03:19:44.388853+00:00,165.5,11,ask,YieldingYams,Xuanyu Liu,9059298
2026-07-06T03:19:47.505677,2026-07-06T03:19:47.512836+00:00,165.5,200,ask,YieldingYams,WavyWalnuts,9059345
2026-07-06T03:19:48.715052,2026-07-06T03:19:48.723331+00:00,165.5,200,ask,YieldingYams,WavyWalnuts,9059358
2026-07-06T03:19:49.943884,2026-07-06T03:19:49.947677+00:00,165.6,11,bid,Xuanyu Liu,WavyWalnuts,9059375
2026-07-06T03:19:50.006185,2026-07-06T03:19:50.010107+00:00,165.6,11,bid,Xuanyu Liu,WavyWalnuts,9059377
2026-07-06T03:19:53.566409,2026-07-06T03:19:53.574274+00:00,165.6,200,ask,YieldingYams,WavyWalnuts,9059425
2026-07-06T03:19:56.324957,2026-07-06T03:19:56.328748+00:00,165.6,23,bid,Xuanyu Liu,YieldingYams,9059454
2026-07-06T03:19:58.409369,2026-07-06T03:19:58.420265+00:00,165.6,200,ask,YieldingYams,WavyWalnuts,9059484
2026-07-06T03:19:59.632308,2026-07-06T03:19:59.644120+00:00,165.6,200,bid,WavyWalnuts,YieldingYams,9059506
2026-07-06T03:20:01.416058,2026-07-06T03:20:01.422984+00:00,165.5,200,ask,WavyWalnuts,YieldingYams,9059535
2026-07-06T03:20:02.055816,2026-07-06T03:20:02.064687+00:00,165.5,200,bid,WavyWalnuts,YieldingYams,9059543
2026-07-06T03:20:03.522710,2026-07-06T03:20:03.534197+00:00,165.7,20,bid,BrilliantBurritos,YieldingYams,9059564
2026-07-06T03:20:05.456166,2026-07-06T03:20:05.469075+00:00,165.4,20,ask,WavyWalnuts,BrilliantBurritos,9059580
2026-07-06T03:20:07.994284,2026-07-06T03:20:07.997872+00:00,165.4,12,bid,Xuanyu Liu,YieldingYams,9059617
2026-07-06T03:20:10.522838,2026-07-06T03:20:10.533915+00:00,165.2,200,ask,YieldingYams,WavyWalnuts,9059643
2026-07-06T03:20:11.910261,2026-07-06T03:20:11.917195+00:00,165.1,200,ask,WavyWalnuts,YieldingYams,9059658
2026-07-06T03:20:11.928106,2026-07-06T03:20:11.931469+00:00,165.1,11,bid,Xuanyu Liu,YieldingYams,9059660
2026-07-06T03:20:12.899232,2026-07-06T03:20:12.906646+00:00,165.1,414,bid,AverageAlmonds,YieldingYams,9059668
2026-07-06T03:20:14.529555,2026-07-06T03:20:14.541059+00:00,165.3,200,bid,YieldingYams,WavyWalnuts,9059692
2026-07-06T03:20:15.391355,2026-07-06T03:20:15.395443+00:00,165.4,3,bid,Xuanyu Liu,WavyWalnuts,9059706
2026-07-06T03:20:16.570190,2026-07-06T03:20:16.580209+00:00,165.3,200,bid,WavyWalnuts,YieldingYams,9059712
2026-07-06T03:20:18.465805,2026-07-06T03:20:18.476108+00:00,165.2,200,ask,WavyWalnuts,YieldingYams,9059739
2026-07-06T03:20:19.777004,2026-07-06T03:20:19.786897+00:00,165.1,200,ask,WavyWalnuts,YieldingYams,9059752
2026-07-06T03:20:20.197904,2026-07-06T03:20:20.206223+00:00,165.1,200,bid,WavyWalnuts,YieldingYams,9059763
2026-07-06T03:20:20.225295,2026-07-06T03:20:20.237213+00:00,165.0,20,ask,AverageAlmonds,BrilliantBurritos,9059764
2026-07-06T03:20:22.404786,2026-07-06T03:20:22.415576+00:00,165.2,200,ask,WavyWalnuts,YieldingYams,9059795
2026-07-06T03:20:22.614943,2026-07-06T03:20:22.624638+00:00,165.2,200,bid,WavyWalnuts,YieldingYams,9059798
2026-07-06T03:20:25.058800,2026-07-06T03:20:25.069010+00:00,165.2,200,ask,YieldingYams,WavyWalnuts,9059826
2026-07-06T03:20:26.305514,2026-07-06T03:20:26.317270+00:00,165.3,20,bid,BrilliantBurritos,WavyWalnuts,9059842
2026-07-06T03:20:29.246029,2026-07-06T03:20:29.258585+00:00,165.3,20,bid,BrilliantBurritos,YieldingYams,9059880
2026-07-06T03:20:29.896975,2026-07-06T03:20:29.904144+00:00,165.3,200,bid,WavyWalnuts,YieldingYams,9059890
2026-07-06T03:20:31.608936,2026-07-06T03:20:31.616042+00:00,165.2,200,ask,WavyWalnuts,YieldingYams,9059915
2026-07-06T03:20:32.921307,2026-07-06T03:20:32.931775+00:00,165.1,200,ask,WavyWalnuts,YieldingYams,9059932
2026-07-06T03:20:34.086416,2026-07-06T03:20:34.107006+00:00,165.1,425,bid,AverageAlmonds,YieldingYams,9059951
2026-07-06T03:20:34.103699,2026-07-06T03:20:34.107006+00:00,165.1,3,ask,AverageAlmonds,Xuanyu Liu,9059954
2026-07-06T03:20:34.242062,2026-07-06T03:20:34.245705+00:00,165.2,11,ask,YieldingYams,Xuanyu Liu,9059957
2026-07-06T03:20:34.331003,2026-07-06T03:20:34.334573+00:00,165.2,12,ask,YieldingYams,Xuanyu Liu,9059961
2026-07-06T03:20:34.743322,2026-07-06T03:20:34.750590+00:00,165.2,200,ask,YieldingYams,WavyWalnuts,9059968
2026-07-06T03:20:35.325544,2026-07-06T03:20:35.329787+00:00,165.3,11,ask,AverageAlmonds,Xuanyu Liu,9059980
2026-07-06T03:20:35.539904,2026-07-06T03:20:35.551265+00:00,165.3,489,ask,AverageAlmonds,YieldingYams,9059986
2026-07-06T03:20:35.953835,2026-07-06T03:20:35.958535+00:00,165.2,200,ask,AverageAlmonds,WavyWalnuts,9059991
2026-07-06T03:20:37.175962,2026-07-06T03:20:37.185075+00:00,165.3,200,ask,YieldingYams,WavyWalnuts,9060012
2026-07-06T03:20:38.387494,2026-07-06T03:20:38.396325+00:00,165.4,200,ask,AverageAlmonds,WavyWalnuts,9060037
2026-07-06T03:20:39.600340,2026-07-06T03:20:39.610160+00:00,165.4,200,ask,YieldingYams,WavyWalnuts,9060054
2026-07-06T03:20:40.808518,2026-07-06T03:20:40.815817+00:00,165.4,200,ask,AverageAlmonds,WavyWalnuts,9060077
2026-07-06T03:20:41.000260,2026-07-06T03:20:41.007615+00:00,165.4,20,ask,AverageAlmonds,BrilliantBurritos,9060081
2026-07-06T03:20:42.109233,2026-07-06T03:20:42.118776+00:00,165.4,20,ask,AverageAlmonds,BrilliantBurritos,9060090
2026-07-06T03:20:43.176144,2026-07-06T03:20:43.183837+00:00,165.5,500,bid,AverageAlmonds,YieldingYams,9060105
2026-07-06T03:20:43.439315,2026-07-06T03:20:43.443799+00:00,165.6,12,ask,YieldingYams,Xuanyu Liu,9060117
2026-07-06T03:20:44.434345,2026-07-06T03:20:44.445816+00:00,165.6,200,ask,YieldingYams,WavyWalnuts,9060131
2026-07-06T03:20:46.189999,2026-07-06T03:20:46.197903+00:00,165.7,200,bid,AverageAlmonds,WavyWalnuts,9060165
2026-07-06T03:20:46.209301,2026-07-06T03:20:46.213068+00:00,165.7,5,ask,AverageAlmonds,Xuanyu Liu,9060167
2026-07-06T03:20:47.998228,2026-07-06T03:20:48.005806+00:00,165.8,200,bid,AverageAlmonds,WavyWalnuts,9060184
2026-07-06T03:20:47.998228,2026-07-06T03:20:48.011029+00:00,165.8,300,bid,AverageAlmonds,YieldingYams,9060185
2026-07-06T03:20:48.625850,2026-07-06T03:20:48.634683+00:00,165.8,325,bid,AverageAlmonds,YieldingYams,9060192
2026-07-06T03:20:49.232560,2026-07-06T03:20:49.239606+00:00,165.9,200,bid,AverageAlmonds,WavyWalnuts,9060203
2026-07-06T03:20:49.994831,2026-07-06T03:20:50.012317+00:00,165.9,500,ask,AverageAlmonds,YieldingYams,9060216
2026-07-06T03:20:50.009037,2026-07-06T03:20:50.012317+00:00,165.9,5,bid,Xuanyu Liu,YieldingYams,9060218
2026-07-06T03:20:51.305908,2026-07-06T03:20:51.315039+00:00,166.0,200,bid,YieldingYams,WavyWalnuts,9060228
2026-07-06T03:20:52.698020,2026-07-06T03:20:52.704531+00:00,165.9,20,ask,WavyWalnuts,BrilliantBurritos,9060249
2026-07-06T03:20:53.298695,2026-07-06T03:20:53.302430+00:00,166.1,46,bid,Xuanyu Liu,YieldingYams,9060259
2026-07-06T03:20:54.115180,2026-07-06T03:20:54.118410+00:00,166.0,3,bid,Xuanyu Liu,WavyWalnuts,9060269
2026-07-06T03:20:55.322285,2026-07-06T03:20:55.332837+00:00,165.8,200,ask,YieldingYams,WavyWalnuts,9060288
2026-07-06T03:20:56.553925,2026-07-06T03:20:56.573746+00:00,166.0,200,bid,YieldingYams,WavyWalnuts,9060300
2026-07-06T03:20:56.570238,2026-07-06T03:20:56.573746+00:00,166.0,3,ask,YieldingYams,Xuanyu Liu,9060304
2026-07-06T03:20:58.205734,2026-07-06T03:20:58.212344+00:00,165.9,20,ask,YieldingYams,BrilliantBurritos,9060330
2026-07-06T03:20:59.125012,2026-07-06T03:20:59.133067+00:00,166.1,20,bid,BrilliantBurritos,WavyWalnuts,9060350
2026-07-06T03:21:00.171880,2026-07-06T03:21:00.175729+00:00,166.1,23,ask,WavyWalnuts,Xuanyu Liu,9060361
2026-07-06T03:21:03.796445,2026-07-06T03:21:03.806252+00:00,165.8,200,ask,YieldingYams,WavyWalnuts,9060407
2026-07-06T03:21:06.854168,2026-07-06T03:21:06.866097+00:00,165.7,20,ask,WavyWalnuts,BrilliantBurritos,9060437
2026-07-06T03:21:13.475141,2026-07-06T03:21:13.484894+00:00,165.9,20,bid,BrilliantBurritos,WavyWalnuts,9060517
2026-07-06T03:21:17.931491,2026-07-06T03:21:17.942933+00:00,165.8,20,ask,WavyWalnuts,BrilliantBurritos,9060589
2026-07-06T03:21:18.418243,2026-07-06T03:21:18.426929+00:00,165.9,200,bid,WavyWalnuts,YieldingYams,9060593
2026-07-06T03:21:21.797114,2026-07-06T03:21:21.801004+00:00,165.7,11,ask,YieldingYams,Xuanyu Liu,9060640
2026-07-06T03:21:22.052505,2026-07-06T03:21:22.059761+00:00,165.7,20,ask,YieldingYams,BrilliantBurritos,9060643
2026-07-06T03:21:23.268580,2026-07-06T03:21:23.275498+00:00,165.8,20,bid,BrilliantBurritos,WavyWalnuts,9060660
2026-07-06T03:21:25.681679,2026-07-06T03:21:25.692213+00:00,165.8,200,bid,WavyWalnuts,YieldingYams,9060689
2026-07-06T03:21:28.593822,2026-07-06T03:21:28.605394+00:00,165.9,500,bid,AverageAlmonds,YieldingYams,9060723
2026-07-06T03:21:29.187072,2026-07-06T03:21:29.195408+00:00,165.9,125,bid,AverageAlmonds,YieldingYams,9060729
2026-07-06T03:21:29.212880,2026-07-06T03:21:29.216447+00:00,165.9,12,ask,AverageAlmonds,Xuanyu Liu,9060731
2026-07-06T03:21:30.333506,2026-07-06T03:21:30.345531+00:00,165.9,20,ask,YieldingYams,BrilliantBurritos,9060748
2026-07-06T03:21:31.052718,2026-07-06T03:21:31.056756+00:00,166.0,11,ask,AverageAlmonds,Xuanyu Liu,9060762
2026-07-06T03:21:31.628834,2026-07-06T03:21:31.653055+00:00,166.1,200,bid,AverageAlmonds,WavyWalnuts,9060768
2026-07-06T03:21:31.649129,2026-07-06T03:21:31.653055+00:00,166.1,11,ask,AverageAlmonds,Xuanyu Liu,9060770
2026-07-06T03:21:31.740006,2026-07-06T03:21:31.749980+00:00,166.1,200,ask,AverageAlmonds,WavyWalnuts,9060774
2026-07-06T03:21:31.956503,2026-07-06T03:21:31.968961+00:00,166.1,89,ask,AverageAlmonds,YieldingYams,9060776
2026-07-06T03:21:33.266255,2026-07-06T03:21:33.274337+00:00,166.0,500,ask,AverageAlmonds,YieldingYams,9060798
2026-07-06T03:21:33.429937,2026-07-06T03:21:33.437691+00:00,166.0,125,bid,AverageAlmonds,YieldingYams,9060799
2026-07-06T03:21:34.038477,2026-07-06T03:21:34.046115+00:00,166.1,200,bid,AverageAlmonds,WavyWalnuts,9060807
2026-07-06T03:21:34.151453,2026-07-06T03:21:34.158806+00:00,166.1,200,ask,AverageAlmonds,WavyWalnuts,9060816
2026-07-06T03:21:37.622416,2026-07-06T03:21:37.626032+00:00,166.2,23,ask,WavyWalnuts,Xuanyu Liu,9060871
2026-07-06T03:21:37.700918,2026-07-06T03:21:37.708689+00:00,166.2,20,ask,WavyWalnuts,BrilliantBurritos,9060874
2026-07-06T03:21:39.835676,2026-07-06T03:21:39.846824+00:00,166.1,500,ask,AverageAlmonds,YieldingYams,9060906
2026-07-06T03:21:40.082448,2026-07-06T03:21:40.089077+00:00,166.1,125,bid,AverageAlmonds,YieldingYams,9060908
2026-07-06T03:21:41.144909,2026-07-06T03:21:41.151366+00:00,166.2,200,bid,YieldingYams,WavyWalnuts,9060928
2026-07-06T03:21:41.402166,2026-07-06T03:21:41.409176+00:00,166.2,200,ask,YieldingYams,WavyWalnuts,9060931
