timestamp,recv_time,price,volume,aggressor_side,buyer,seller,trade_id
2026-07-04T21:00:00.185575,2026-07-04T21:00:00.088914+00:00,129.1,20,bid,BrilliantBurritos,WavyWalnuts,7481568
2026-07-04T21:00:04.399604,2026-07-04T21:00:04.406870+00:00,129.0,20,bid,BrilliantBurritos,WavyWalnuts,7481639
2026-07-04T21:00:04.937046,2026-07-04T21:00:04.945495+00:00,128.8,20,ask,YieldingYams,BrilliantBurritos,7481647
2026-07-04T21:00:05.238102,2026-07-04T21:00:05.244968+00:00,128.9,200,bid,YieldingYams,WavyWalnuts,7481655
2026-07-04T21:00:09.171392,2026-07-04T21:00:09.179224+00:00,128.8,200,bid,YieldingYams,WavyWalnuts,7481722
2026-07-04T21:00:09.621460,2026-07-04T21:00:09.633334+00:00,128.9,20,bid,BrilliantBurritos,WavyWalnuts,7481735
2026-07-04T21:00:10.723355,2026-07-04T21:00:10.732622+00:00,128.8,20,bid,BrilliantBurritos,YieldingYams,7481754
2026-07-04T21:00:11.862847,2026-07-04T21:00:11.869591+00:00,128.7,200,ask,WavyWalnuts,YieldingYams,7481777
2026-07-04T21:00:11.862847,2026-07-04T21:00:11.875327+00:00,128.6,425,ask,AverageAlmonds,YieldingYams,7481778
2026-07-04T21:00:13.499317,2026-07-04T21:00:13.506868+00:00,128.8,500,bid,AverageAlmonds,YieldingYams,7481807
2026-07-04T21:00:14.095844,2026-07-04T21:00:14.103049+00:00,128.8,125,bid,AverageAlmonds,YieldingYams,7481817
2026-07-04T21:00:17.626464,2026-07-04T21:00:17.638207+00:00,128.9,20,ask,YieldingYams,BrilliantBurritos,7481871
2026-07-04T21:00:20.176020,2026-07-04T21:00:20.184862+00:00,128.9,20,ask,WavyWalnuts,BrilliantBurritos,7481912
2026-07-04T21:00:24.817438,2026-07-04T21:00:24.829017+00:00,129.1,20,bid,BrilliantBurritos,YieldingYams,7481981
2026-07-04T21:00:25.630214,2026-07-04T21:00:25.634521+00:00,129.1,34,bid,Xuanyu Liu,YieldingYams,7481993
2026-07-04T21:00:28.729398,2026-07-04T21:00:28.740706+00:00,129.1,200,ask,YieldingYams,WavyWalnuts,7482045
2026-07-04T21:00:32.360814,2026-07-04T21:00:32.369464+00:00,129.1,200,bid,WavyWalnuts,YieldingYams,7482087
2026-07-04T21:00:33.574442,2026-07-04T21:00:33.584227+00:00,129.1,200,ask,YieldingYams,WavyWalnuts,7482099
2026-07-04T21:00:35.934539,2026-07-04T21:00:35.938921+00:00,129.1,11,ask,YieldingYams,Xuanyu Liu,7482135
2026-07-04T21:00:35.999193,2026-07-04T21:00:36.008287+00:00,129.1,200,ask,YieldingYams,WavyWalnuts,7482138
2026-07-04T21:00:38.412791,2026-07-04T21:00:38.423321+00:00,129.0,200,bid,WavyWalnuts,YieldingYams,7482174
2026-07-04T21:00:39.373695,2026-07-04T21:00:39.377679+00:00,128.9,23,ask,YieldingYams,Xuanyu Liu,7482196
2026-07-04T21:00:40.857283,2026-07-04T21:00:40.869280+00:00,128.9,20,ask,AverageAlmonds,BrilliantBurritos,7482218
2026-07-04T21:00:41.979879,2026-07-04T21:00:41.990611+00:00,128.9,200,ask,WavyWalnuts,YieldingYams,7482233
2026-07-04T21:00:41.979879,2026-07-04T21:00:41.990611+00:00,128.9,425,ask,AverageAlmonds,YieldingYams,7482234
2026-07-04T21:00:43.247092,2026-07-04T21:00:43.258630+00:00,128.9,200,ask,AverageAlmonds,WavyWalnuts,7482255
2026-07-04T21:00:43.303470,2026-07-04T21:00:43.307169+00:00,129.2,11,ask,YieldingYams,Xuanyu Liu,7482257
2026-07-04T21:00:44.454352,2026-07-04T21:00:44.447398+00:00,129.2,200,ask,YieldingYams,WavyWalnuts,7482278
2026-07-04T21:00:44.621142,2026-07-04T21:00:44.625192+00:00,129.3,11,bid,Xuanyu Liu,YieldingYams,7482281
2026-07-04T21:00:45.668230,2026-07-04T21:00:45.671510+00:00,129.2,11,bid,Xuanyu Liu,WavyWalnuts,7482287
2026-07-04T21:00:45.910994,2026-07-04T21:00:45.918028+00:00,129.2,189,bid,YieldingYams,WavyWalnuts,7482290
2026-07-04T21:00:47.764988,2026-07-04T21:00:47.769002+00:00,129.1,11,ask,YieldingYams,Xuanyu Liu,7482317
2026-07-04T21:00:48.848146,2026-07-04T21:00:48.862797+00:00,129.1,20,ask,WavyWalnuts,BrilliantBurritos,7482336
2026-07-04T21:00:51.584967,2026-07-04T21:00:51.592620+00:00,129.0,20,bid,BrilliantBurritos,YieldingYams,7482370
2026-07-04T21:00:52.457450,2026-07-04T21:00:52.469329+00:00,128.8,200,ask,WavyWalnuts,YieldingYams,7482381
2026-07-04T21:00:52.862322,2026-07-04T21:00:52.869498+00:00,128.7,20,ask,AverageAlmonds,BrilliantBurritos,7482384
2026-07-04T21:00:54.661252,2026-07-04T21:00:54.668707+00:00,128.8,500,bid,AverageAlmonds,YieldingYams,7482408
2026-07-04T21:00:55.028613,2026-07-04T21:00:55.040315+00:00,128.8,20,bid,BrilliantBurritos,YieldingYams,7482425
2026-07-04T21:00:55.341149,2026-07-04T21:00:55.348974+00:00,128.8,200,ask,YieldingYams,WavyWalnuts,7482435
2026-07-04T21:00:56.389539,2026-07-04T21:00:56.400840+00:00,128.8,500,ask,AverageAlmonds,YieldingYams,7482449
2026-07-04T21:00:56.462629,2026-07-04T21:00:56.470527+00:00,128.7,125,bid,AverageAlmonds,YieldingYams,7482450
2026-07-04T21:00:57.090942,2026-07-04T21:00:57.094452+00:00,128.9,8,ask,AverageAlmonds,Xuanyu Liu,7482459
2026-07-04T21:00:57.764535,2026-07-04T21:00:57.772702+00:00,128.9,200,ask,AverageAlmonds,WavyWalnuts,7482474
2026-07-04T21:00:58.975741,2026-07-04T21:00:58.986104+00:00,128.9,200,ask,AverageAlmonds,WavyWalnuts,7482486
2026-07-04T21:01:00.358390,2026-07-04T21:01:00.362000+00:00,129.0,19,bid,Xuanyu Liu,YieldingYams,7482514
2026-07-04T21:01:01.652948,2026-07-04T21:01:01.663630+00:00,128.9,500,ask,AverageAlmonds,YieldingYams,7482535
2026-07-04T21:01:01.652948,2026-07-04T21:01:01.663630+00:00,128.9,125,ask,WavyWalnuts,YieldingYams,7482536
2026-07-04T21:01:02.612155,2026-07-04T21:01:02.619568+00:00,129.0,200,ask,AverageAlmonds,WavyWalnuts,7482556
2026-07-04T21:01:03.171401,2026-07-04T21:01:03.177860+00:00,129.3,20,bid,BrilliantBurritos,YieldingYams,7482563
2026-07-04T21:01:03.823931,2026-07-04T21:01:03.832453+00:00,129.1,200,ask,YieldingYams,WavyWalnuts,7482580
2026-07-04T21:01:05.036425,2026-07-04T21:01:05.044539+00:00,129.0,200,ask,AverageAlmonds,WavyWalnuts,7482600
2026-07-04T21:01:06.251786,2026-07-04T21:01:06.258613+00:00,128.9,200,ask,YieldingYams,WavyWalnuts,7482619
2026-07-04T21:01:06.921965,2026-07-04T21:01:06.933457+00:00,128.9,500,ask,AverageAlmonds,YieldingYams,7482630
2026-07-04T21:01:07.370083,2026-07-04T21:01:07.378812+00:00,128.9,125,bid,AverageAlmonds,YieldingYams,7482641
2026-07-04T21:01:07.401782,2026-07-04T21:01:07.405550+00:00,129.0,11,ask,AverageAlmonds,Xuanyu Liu,7482643
2026-07-04T21:01:07.462566,2026-07-04T21:01:07.473597+00:00,129.0,200,ask,AverageAlmonds,WavyWalnuts,7482644
2026-07-04T21:01:08.671414,2026-07-04T21:01:08.683122+00:00,128.9,200,ask,YieldingYams,WavyWalnuts,7482660
2026-07-04T21:01:09.538939,2026-07-04T21:01:09.548507+00:00,129.0,500,ask,AverageAlmonds,YieldingYams,7482676
2026-07-04T21:01:09.564683,2026-07-04T21:01:09.568214+00:00,128.8,11,bid,Xuanyu Liu,YieldingYams,7482678
2026-07-04T21:01:09.570529,2026-07-04T21:01:09.588611+00:00,128.8,20,bid,BrilliantBurritos,YieldingYams,7482680
2026-07-04T21:01:09.809395,2026-07-04T21:01:09.817059+00:00,128.8,94,bid,AverageAlmonds,YieldingYams,7482688
2026-07-04T21:01:09.881196,2026-07-04T21:01:09.892198+00:00,129.0,200,ask,AverageAlmonds,WavyWalnuts,7482691
2026-07-04T21:01:09.919356,2026-07-04T21:01:09.922894+00:00,129.0,22,ask,AverageAlmonds,Xuanyu Liu,7482693
2026-07-04T21:01:11.621845,2026-07-04T21:01:11.630992+00:00,129.0,500,bid,AverageAlmonds,YieldingYams,7482726
2026-07-04T21:01:13.077378,2026-07-04T21:01:13.081022+00:00,129.2,34,bid,Xuanyu Liu,YieldingYams,7482747
2026-07-04T21:01:13.479543,2026-07-04T21:01:13.482793+00:00,129.1,11,bid,Xuanyu Liu,YieldingYams,7482755
2026-07-04T21:01:13.835563,2026-07-04T21:01:13.839183+00:00,128.9,34,ask,AverageAlmonds,Xuanyu Liu,7482764
2026-07-04T21:01:14.787428,2026-07-04T21:01:14.791560+00:00,129.0,11,ask,YieldingYams,Xuanyu Liu,7482788
2026-07-04T21:01:15.769937,2026-07-04T21:01:15.782163+00:00,129.1,20,bid,BrilliantBurritos,WavyWalnuts,7482796
2026-07-04T21:01:15.940347,2026-07-04T21:01:15.952384+00:00,129.0,200,ask,YieldingYams,WavyWalnuts,7482800
2026-07-04T21:01:18.367126,2026-07-04T21:01:18.379030+00:00,129.1,200,bid,WavyWalnuts,YieldingYams,7482828
2026-07-04T21:01:19.399542,2026-07-04T21:01:19.403663+00:00,129.1,23,ask,AverageAlmonds,Xuanyu Liu,7482849
2026-07-04T21:01:20.019895,2026-07-04T21:01:20.023571+00:00,129.2,6,ask,YieldingYams,Xuanyu Liu,7482858
2026-07-04T21:01:23.425905,2026-07-04T21:01:23.437778+00:00,129.2,20,bid,BrilliantBurritos,YieldingYams,7482909
2026-07-04T21:01:24.416985,2026-07-04T21:01:24.423584+00:00,129.2,200,bid,WavyWalnuts,YieldingYams,7482919
2026-07-04T21:01:25.628252,2026-07-04T21:01:25.636233+00:00,129.2,200,ask,YieldingYams,WavyWalnuts,7482933
2026-07-04T21:01:28.059295,2026-07-04T21:01:28.062530+00:00,129.3,6,bid,Xuanyu Liu,WavyWalnuts,7482963
2026-07-04T21:01:28.566643,2026-07-04T21:01:28.576725+00:00,129.3,194,bid,AverageAlmonds,WavyWalnuts,7482966
2026-07-04T21:01:29.736531,2026-07-04T21:01:29.744532+00:00,129.5,20,bid,BrilliantBurritos,YieldingYams,7482976
2026-07-04T21:01:30.504380,2026-07-04T21:01:30.511596+00:00,129.3,200,ask,WavyWalnuts,YieldingYams,7482991
2026-07-04T21:01:35.739160,2026-07-04T21:01:35.758581+00:00,129.5,200,ask,WavyWalnuts,YieldingYams,7483075
2026-07-04T21:01:36.943665,2026-07-04T21:01:36.958594+00:00,129.4,20,ask,WavyWalnuts,BrilliantBurritos,7483098
2026-07-04T21:01:37.639339,2026-07-04T21:01:37.649506+00:00,129.4,180,ask,WavyWalnuts,AverageAlmonds,7483107
2026-07-04T21:01:37.721946,2026-07-04T21:01:37.733107+00:00,129.4,200,bid,WavyWalnuts,AverageAlmonds,7483110
2026-07-04T21:01:39.680799,2026-07-04T21:01:39.689188+00:00,129.5,200,bid,YieldingYams,WavyWalnuts,7483138
2026-07-04T21:01:39.680799,2026-07-04T21:01:39.689188+00:00,129.6,425,bid,YieldingYams,AverageAlmonds,7483139
2026-07-04T21:01:41.545250,2026-07-04T21:01:41.549087+00:00,129.5,50,bid,Xuanyu Liu,AverageAlmonds,7483167
2026-07-04T21:01:42.490505,2026-07-04T21:01:42.499810+00:00,129.4,500,ask,YieldingYams,AverageAlmonds,7483188
2026-07-04T21:01:43.609226,2026-07-04T21:01:43.615684+00:00,129.3,200,ask,WavyWalnuts,YieldingYams,7483200
2026-07-04T21:01:44.111548,2026-07-04T21:01:44.119765+00:00,129.3,20,bid,BrilliantBurritos,YieldingYams,7483206
2026-07-04T21:01:47.429060,2026-07-04T21:01:47.439934+00:00,129.1,200,ask,YieldingYams,WavyWalnuts,7483252
2026-07-04T21:01:54.109627,2026-07-04T21:01:54.121282+00:00,129.1,200,bid,YieldingYams,WavyWalnuts,7483357
2026-07-04T21:01:54.677645,2026-07-04T21:01:54.685491+00:00,129.1,200,ask,YieldingYams,WavyWalnuts,7483367
2026-07-04T21:01:55.431525,2026-07-04T21:01:55.435069+00:00,129.0,30,bid,Xuanyu Liu,YieldingYams,7483384
2026-07-04T21:01:59.512838,2026-07-04T21:01:59.523500+00:00,129.0,200,bid,WavyWalnuts,YieldingYams,7483443
2026-07-04T21:02:01.537680,2026-07-04T21:02:01.547595+00:00,129.0,20,ask,YieldingYams,BrilliantBurritos,7483474
2026-07-04T21:02:03.370718,2026-07-04T21:02:03.378693+00:00,129.1,20,bid,BrilliantBurritos,WavyWalnuts,7483499
2026-07-04T21:02:03.625229,2026-07-04T21:02:03.628732+00:00,129.1,11,bid,Xuanyu Liu,WavyWalnuts,7483509
2026-07-04T21:02:06.769214,2026-07-04T21:02:06.779950+00:00,128.9,200,ask,AverageAlmonds,WavyWalnuts,7483557
2026-07-04T21:02:07.440484,2026-07-04T21:02:07.458645+00:00,129.1,20,bid,BrilliantBurritos,YieldingYams,7483574
2026-07-04T21:02:09.715601,2026-07-04T21:02:09.727479+00:00,129.0,200,bid,AverageAlmonds,WavyWalnuts,7483601
2026-07-04T21:02:10.388117,2026-07-04T21:02:10.397208+00:00,129.0,200,ask,YieldingYams,WavyWalnuts,7483610
2026-07-04T21:02:12.153841,2026-07-04T21:02:12.158552+00:00,129.0,500,bid,AverageAlmonds,YieldingYams,7483639
2026-07-04T21:02:12.477691,2026-07-04T21:02:12.484423+00:00,129.0,200,bid,YieldingYams,WavyWalnuts,7483646
2026-07-04T21:02:12.800302,2026-07-04T21:02:12.811313+00:00,129.2,200,ask,YieldingYams,WavyWalnuts,7483649
2026-07-04T21:02:16.345495,2026-07-04T21:02:16.349193+00:00,129.0,11,ask,YieldingYams,Xuanyu Liu,7483716
2026-07-04T21:02:16.477711,2026-07-04T21:02:16.482876+00:00,129.1,200,ask,WavyWalnuts,YieldingYams,7483722
2026-07-04T21:02:18.880238,2026-07-04T21:02:18.887903+00:00,129.2,200,bid,WavyWalnuts,YieldingYams,7483751
2026-07-04T21:02:19.104083,2026-07-04T21:02:19.107546+00:00,129.1,12,ask,YieldingYams,Xuanyu Liu,7483755
2026-07-04T21:02:22.507336,2026-07-04T21:02:22.515830+00:00,129.2,200,bid,WavyWalnuts,YieldingYams,7483800
2026-07-04T21:02:25.576420,2026-07-04T21:02:25.588438+00:00,129.1,20,bid,BrilliantBurritos,YieldingYams,7483839
2026-07-04T21:02:26.573139,2026-07-04T21:02:26.576841+00:00,129.0,11,ask,YieldingYams,Xuanyu Liu,7483852
2026-07-04T21:02:26.966067,2026-07-04T21:02:26.969529+00:00,129.1,12,ask,YieldingYams,Xuanyu Liu,7483859
2026-07-04T21:02:27.364020,2026-07-04T21:02:27.367245+00:00,129.2,11,ask,WavyWalnuts,Xuanyu Liu,7483864
2026-07-04T21:02:30.160702,2026-07-04T21:02:30.172652+00:00,129.4,20,bid,BrilliantBurritos,WavyWalnuts,7483894
2026-07-04T21:02:32.174522,2026-07-04T21:02:32.182128+00:00,129.2,200,ask,YieldingYams,WavyWalnuts,7483924
2026-07-04T21:02:35.805163,2026-07-04T21:02:35.814703+00:00,129.3,200,bid,WavyWalnuts,YieldingYams,7483975
2026-07-04T21:02:36.393194,2026-07-04T21:02:36.396317+00:00,129.3,11,ask,AverageAlmonds,Xuanyu Liu,7483984
2026-07-04T21:02:37.019328,2026-07-04T21:02:37.027073+00:00,129.2,200,ask,YieldingYams,WavyWalnuts,7483993
2026-07-04T21:02:38.227074,2026-07-04T21:02:38.236939+00:00,129.3,200,ask,YieldingYams,WavyWalnuts,7484010
2026-07-04T21:02:40.605173,2026-07-04T21:02:40.612835+00:00,129.4,200,bid,AverageAlmonds,WavyWalnuts,7484033
2026-07-04T21:02:44.261610,2026-07-04T21:02:44.268893+00:00,129.5,200,ask,AverageAlmonds,WavyWalnuts,7484071
2026-07-04T21:02:46.835113,2026-07-04T21:02:46.844325+00:00,129.5,20,ask,YieldingYams,BrilliantBurritos,7484105
2026-07-04T21:02:49.126106,2026-07-04T21:02:49.136273+00:00,129.6,200,ask,YieldingYams,WavyWalnuts,7484132
2026-07-04T21:02:51.064615,2026-07-04T21:02:51.068254+00:00,129.7,22,bid,Xuanyu Liu,WavyWalnuts,7484168
2026-07-04T21:02:51.564656,2026-07-04T21:02:51.567976+00:00,129.6,12,bid,Xuanyu Liu,WavyWalnuts,7484179
2026-07-04T21:02:52.085283,2026-07-04T21:02:52.096218+00:00,129.6,188,bid,AverageAlmonds,WavyWalnuts,7484189
2026-07-04T21:02:53.318192,2026-07-04T21:02:53.326081+00:00,129.6,200,bid,AverageAlmonds,WavyWalnuts,7484201
2026-07-04T21:02:53.318192,2026-07-04T21:02:53.326081+00:00,129.6,300,bid,AverageAlmonds,YieldingYams,7484202
2026-07-04T21:02:54.465258,2026-07-04T21:02:54.472968+00:00,129.6,200,bid,YieldingYams,WavyWalnuts,7484227
2026-07-04T21:02:56.380919,2026-07-04T21:02:56.387679+00:00,129.6,200,ask,YieldingYams,WavyWalnuts,7484263
2026-07-04T21:02:57.397388,2026-07-04T21:02:57.401049+00:00,129.6,11,bid,Xuanyu Liu,YieldingYams,7484280
2026-07-04T21:02:57.592428,2026-07-04T21:02:57.601751+00:00,129.5,200,ask,AverageAlmonds,WavyWalnuts,7484284
2026-07-04T21:03:00.009233,2026-07-04T21:03:00.020170+00:00,129.5,200,ask,AverageAlmonds,WavyWalnuts,7484334
2026-07-04T21:03:01.217060,2026-07-04T21:03:01.224566+00:00,129.5,200,ask,AverageAlmonds,WavyWalnuts,7484349
2026-07-04T21:03:01.574606,2026-07-04T21:03:01.586396+00:00,129.7,20,bid,BrilliantBurritos,YieldingYams,7484353
2026-07-04T21:03:03.624800,2026-07-04T21:03:03.633074+00:00,129.7,200,bid,YieldingYams,WavyWalnuts,7484388
2026-07-04T21:03:03.631449,2026-07-04T21:03:03.638708+00:00,129.7,200,ask,YieldingYams,WavyWalnuts,7484389
2026-07-04T21:03:06.059963,2026-07-04T21:03:06.068911+00:00,129.7,200,ask,YieldingYams,WavyWalnuts,7484426
2026-07-04T21:03:06.935706,2026-07-04T21:03:06.939746+00:00,129.6,11,ask,YieldingYams,Xuanyu Liu,7484436
2026-07-04T21:03:07.269741,2026-07-04T21:03:07.276384+00:00,129.6,200,ask,YieldingYams,WavyWalnuts,7484439
2026-07-04T21:03:08.479160,2026-07-04T21:03:08.490785+00:00,129.8,200,bid,WavyWalnuts,YieldingYams,7484459
2026-07-04T21:03:08.877374,2026-07-04T21:03:08.880799+00:00,129.8,23,ask,YieldingYams,Xuanyu Liu,7484467
2026-07-04T21:03:10.558147,2026-07-04T21:03:10.570073+00:00,129.9,20,bid,BrilliantBurritos,WavyWalnuts,7484493
2026-07-04T21:03:11.507627,2026-07-04T21:03:11.519227+00:00,129.9,200,bid,YieldingYams,WavyWalnuts,7484500
2026-07-04T21:03:12.131487,2026-07-04T21:03:12.143270+00:00,130.0,200,ask,YieldingYams,WavyWalnuts,7484509
2026-07-04T21:03:15.449821,2026-07-04T21:03:15.463755+00:00,130.0,20,ask,WavyWalnuts,BrilliantBurritos,7484560
2026-07-04T21:03:15.770972,2026-07-04T21:03:15.781761+00:00,130.2,200,bid,WavyWalnuts,YieldingYams,7484566
2026-07-04T21:03:18.062398,2026-07-04T21:03:18.073274+00:00,130.2,200,ask,WavyWalnuts,YieldingYams,7484603
2026-07-04T21:03:20.621771,2026-07-04T21:03:20.632438+00:00,130.2,200,bid,WavyWalnuts,YieldingYams,7484640
2026-07-04T21:03:23.624864,2026-07-04T21:03:23.634030+00:00,130.2,20,bid,BrilliantBurritos,WavyWalnuts,7484692
2026-07-04T21:03:25.463995,2026-07-04T21:03:25.467634+00:00,130.1,10,bid,Xuanyu Liu,WavyWalnuts,7484725
2026-07-04T21:03:25.909862,2026-07-04T21:03:25.916904+00:00,130.1,190,bid,YieldingYams,WavyWalnuts,7484729
2026-07-04T21:03:27.220638,2026-07-04T21:03:27.231279+00:00,130.2,200,bid,YieldingYams,WavyWalnuts,7484753
2026-07-04T21:03:27.237348,2026-07-04T21:03:27.240577+00:00,130.3,21,ask,YieldingYams,Xuanyu Liu,7484756
2026-07-04T21:03:27.861848,2026-07-04T21:03:27.870005+00:00,130.3,200,ask,YieldingYams,WavyWalnuts,7484767
2026-07-04T21:03:29.441906,2026-07-04T21:03:29.463880+00:00,130.4,20,bid,BrilliantBurritos,YieldingYams,7484781
2026-07-04T21:03:31.169379,2026-07-04T21:03:31.172737+00:00,130.2,11,bid,Xuanyu Liu,YieldingYams,7484813
2026-07-04T21:03:33.769035,2026-07-04T21:03:33.780727+00:00,130.1,200,ask,WavyWalnuts,YieldingYams,7484841
2026-07-04T21:03:37.693921,2026-07-04T21:03:37.700829+00:00,130.2,200,bid,YieldingYams,WavyWalnuts,7484901
2026-07-04T21:03:37.738111,2026-07-04T21:03:37.749770+00:00,130.5,20,bid,BrilliantBurritos,YieldingYams,7484906
2026-07-04T21:03:38.617265,2026-07-04T21:03:38.620782+00:00,130.5,11,bid,Xuanyu Liu,YieldingYams,7484934
2026-07-04T21:03:38.785883,2026-07-04T21:03:38.789557+00:00,130.4,12,bid,Xuanyu Liu,WavyWalnuts,7484937
2026-07-04T21:03:39.999229,2026-07-04T21:03:40.002752+00:00,130.3,11,bid,Xuanyu Liu,WavyWalnuts,7484957
2026-07-04T21:03:40.128594,2026-07-04T21:03:40.140146+00:00,130.2,20,ask,YieldingYams,BrilliantBurritos,7484959
2026-07-04T21:03:40.340766,2026-07-04T21:03:40.345052+00:00,130.2,12,bid,Xuanyu Liu,YieldingYams,7484968
2026-07-04T21:03:41.191652,2026-07-04T21:03:41.201445+00:00,130.2,200,bid,WavyWalnuts,YieldingYams,7484977
2026-07-04T21:03:41.789050,2026-07-04T21:03:41.797102+00:00,130.0,12,ask,YieldingYams,Xuanyu Liu,7484988
2026-07-04T21:03:42.415457,2026-07-04T21:03:42.418672+00:00,130.1,11,ask,WavyWalnuts,Xuanyu Liu,7485001
2026-07-04T21:03:44.815202,2026-07-04T21:03:44.822882+00:00,130.2,200,bid,WavyWalnuts,YieldingYams,7485038
2026-07-04T21:03:45.195826,2026-07-04T21:03:45.207754+00:00,130.0,20,ask,AverageAlmonds,BrilliantBurritos,7485045
2026-07-04T21:03:47.116282,2026-07-04T21:03:47.127804+00:00,130.3,20,bid,BrilliantBurritos,YieldingYams,7485070
2026-07-04T21:03:48.051792,2026-07-04T21:03:48.055346+00:00,130.3,23,bid,Xuanyu Liu,YieldingYams,7485085
2026-07-04T21:03:49.416039,2026-07-04T21:03:49.427518+00:00,130.1,20,ask,WavyWalnuts,BrilliantBurritos,7485098
2026-07-04T21:03:49.475691,2026-07-04T21:03:49.482925+00:00,130.3,200,bid,YieldingYams,WavyWalnuts,7485102
2026-07-04T21:03:53.280650,2026-07-04T21:03:53.287454+00:00,130.3,200,ask,YieldingYams,WavyWalnuts,7485157
2026-07-04T21:03:54.376849,2026-07-04T21:03:54.380387+00:00,130.4,14,bid,Xuanyu Liu,YieldingYams,7485170
2026-07-04T21:03:55.700039,2026-07-04T21:03:55.711188+00:00,130.4,200,bid,WavyWalnuts,YieldingYams,7485195
2026-07-04T21:03:57.330270,2026-07-04T21:03:57.338239+00:00,130.4,200,bid,YieldingYams,WavyWalnuts,7485221
2026-07-04T21:03:58.120141,2026-07-04T21:03:58.130151+00:00,130.4,200,ask,YieldingYams,WavyWalnuts,7485233
2026-07-04T21:03:59.337385,2026-07-04T21:03:59.344862+00:00,130.3,200,bid,WavyWalnuts,YieldingYams,7485250
2026-07-04T21:04:00.567907,2026-07-04T21:04:00.571793+00:00,130.2,3,bid,Xuanyu Liu,WavyWalnuts,7485262
2026-07-04T21:04:02.380051,2026-07-04T21:04:02.384399+00:00,130.1,3,ask,AverageAlmonds,Xuanyu Liu,7485296
2026-07-04T21:04:02.971201,2026-07-04T21:04:02.978277+00:00,130.1,200,ask,AverageAlmonds,WavyWalnuts,7485306
2026-07-04T21:04:03.875938,2026-07-04T21:04:03.885423+00:00,130.1,500,ask,AverageAlmonds,YieldingYams,7485317
2026-07-04T21:04:04.129323,2026-07-04T21:04:04.136420+00:00,130.0,125,bid,AverageAlmonds,YieldingYams,7485319
2026-07-04T21:04:06.499458,2026-07-04T21:04:06.506581+00:00,130.1,200,bid,YieldingYams,WavyWalnuts,7485344
2026-07-04T21:04:09.025795,2026-07-04T21:04:09.028968+00:00,130.2,3,bid,Xuanyu Liu,WavyWalnuts,7485388
2026-07-04T21:04:10.233890,2026-07-04T21:04:10.238939+00:00,130.0,23,bid,Xuanyu Liu,WavyWalnuts,7485408
2026-07-04T21:04:10.271149,2026-07-04T21:04:10.275722+00:00,129.9,12,ask,YieldingYams,Xuanyu Liu,7485413
2026-07-04T21:04:10.786280,2026-07-04T21:04:10.788853+00:00,130.0,177,bid,AverageAlmonds,WavyWalnuts,7485420
2026-07-04T21:04:10.805434,2026-07-04T21:04:10.808920+00:00,130.0,11,ask,AverageAlmonds,Xuanyu Liu,7485422
2026-07-04T21:04:12.020616,2026-07-04T21:04:12.032017+00:00,130.1,200,bid,AverageAlmonds,WavyWalnuts,7485444
2026-07-04T21:04:12.020616,2026-07-04T21:04:12.032017+00:00,130.1,300,bid,AverageAlmonds,YieldingYams,7485445
2026-07-04T21:04:12.613047,2026-07-04T21:04:12.623668+00:00,130.1,325,bid,AverageAlmonds,YieldingYams,7485451
2026-07-04T21:04:12.636767,2026-07-04T21:04:12.640292+00:00,130.2,3,ask,AverageAlmonds,Xuanyu Liu,7485453
2026-07-04T21:04:13.055716,2026-07-04T21:04:13.065716+00:00,130.3,200,bid,YieldingYams,WavyWalnuts,7485463
2026-07-04T21:04:13.851697,2026-07-04T21:04:13.863738+00:00,130.3,200,ask,YieldingYams,WavyWalnuts,7485472
2026-07-04T21:04:14.370599,2026-07-04T21:04:14.378676+00:00,130.2,500,ask,AverageAlmonds,YieldingYams,7485477
2026-07-04T21:04:14.370599,2026-07-04T21:04:14.383903+00:00,130.1,125,ask,WavyWalnuts,YieldingYams,7485478
2026-07-04T21:04:15.074322,2026-07-04T21:04:15.078051+00:00,130.4,3,bid,Xuanyu Liu,WavyWalnuts,7485490
2026-07-04T21:04:17.518663,2026-07-04T21:04:17.528890+00:00,130.3,200,ask,YieldingYams,WavyWalnuts,7485533
2026-07-04T21:04:22.219390,2026-07-04T21:04:22.227277+00:00,130.3,200,bid,YieldingYams,WavyWalnuts,7485602
2026-07-04T21:04:22.373298,2026-07-04T21:04:22.384636+00:00,130.4,200,ask,YieldingYams,WavyWalnuts,7485605
2026-07-04T21:04:23.582445,2026-07-04T21:04:23.589830+00:00,130.4,200,ask,YieldingYams,WavyWalnuts,7485616
2026-07-04T21:04:25.998711,2026-07-04T21:04:26.006127+00:00,130.6,200,bid,WavyWalnuts,YieldingYams,7485645
2026-07-04T21:04:27.495962,2026-07-04T21:04:27.503378+00:00,130.6,500,bid,YieldingYams,AverageAlmonds,7485675
2026-07-04T21:04:27.495962,2026-07-04T21:04:27.508379+00:00,130.7,125,bid,YieldingYams,WavyWalnuts,7485676
2026-07-04T21:04:28.024327,2026-07-04T21:04:28.036236+00:00,130.5,20,ask,WavyWalnuts,BrilliantBurritos,7485687
2026-07-04T21:04:29.975288,2026-07-04T21:04:29.986782+00:00,130.5,20,bid,BrilliantBurritos,YieldingYams,7485712
2026-07-04T21:04:30.845435,2026-07-04T21:04:30.858557+00:00,130.5,200,bid,WavyWalnuts,YieldingYams,7485732
2026-07-04T21:04:31.563679,2026-07-04T21:04:31.575460+00:00,130.2,20,ask,YieldingYams,BrilliantBurritos,7485746
2026-07-04T21:04:33.977893,2026-07-04T21:04:33.989636+00:00,130.5,20,bid,BrilliantBurritos,YieldingYams,7485786
2026-07-04T21:04:35.657054,2026-07-04T21:04:35.669530+00:00,130.6,20,bid,BrilliantBurritos,WavyWalnuts,7485807
2026-07-04T21:04:38.110977,2026-07-04T21:04:38.120399+00:00,130.5,200,bid,WavyWalnuts,YieldingYams,7485843
2026-07-04T21:04:39.317547,2026-07-04T21:04:39.326173+00:00,130.3,200,bid,WavyWalnuts,YieldingYams,7485865
2026-07-04T21:04:41.735072,2026-07-04T21:04:41.745282+00:00,130.4,200,bid,WavyWalnuts,YieldingYams,7485898
2026-07-04T21:04:41.914342,2026-07-04T21:04:41.918122+00:00,130.3,3,ask,YieldingYams,Xuanyu Liu,7485904
2026-07-04T21:04:42.943836,2026-07-04T21:04:42.950931+00:00,130.5,200,bid,WavyWalnuts,YieldingYams,7485918
2026-07-04T21:04:44.521972,2026-07-04T21:04:44.529638+00:00,130.5,200,ask,WavyWalnuts,YieldingYams,7485941
2026-07-04T21:04:45.361377,2026-07-04T21:04:45.370190+00:00,130.4,200,bid,WavyWalnuts,YieldingYams,7485964
2026-07-04T21:04:46.576405,2026-07-04T21:04:46.583747+00:00,130.4,200,bid,WavyWalnuts,YieldingYams,7485981
2026-07-04T21:04:48.455473,2026-07-04T21:04:48.464097+00:00,130.4,200,ask,WavyWalnuts,YieldingYams,7486006
2026-07-04T21:04:51.822971,2026-07-04T21:04:51.831818+00:00,130.4,20,bid,BrilliantBurritos,YieldingYams,7486038
2026-07-04T21:04:57.613058,2026-07-04T21:04:57.623502+00:00,130.4,200,bid,YieldingYams,WavyWalnuts,7486106
2026-07-04T21:04:59.198317,2026-07-04T21:04:59.208112+00:00,130.5,20,bid,BrilliantBurritos,WavyWalnuts,7486129
2026-07-04T21:05:00.910370,2026-07-04T21:05:00.919100+00:00,130.3,20,ask,YieldingYams,BrilliantBurritos,7486151
2026-07-04T21:05:01.540363,2026-07-04T21:05:01.558584+00:00,130.4,200,ask,WavyWalnuts,YieldingYams,7486161
2026-07-04T21:05:04.173014,2026-07-04T21:05:04.176373+00:00,130.4,14,ask,YieldingYams,Xuanyu Liu,7486199
2026-07-04T21:05:04.760654,2026-07-04T21:05:04.769196+00:00,130.4,200,ask,YieldingYams,WavyWalnuts,7486205
2026-07-04T21:05:04.763423,2026-07-04T21:05:04.774680+00:00,130.6,20,bid,BrilliantBurritos,YieldingYams,7486206
2026-07-04T21:05:05.035224,2026-07-04T21:05:05.046933+00:00,130.4,20,ask,YieldingYams,BrilliantBurritos,7486210
2026-07-04T21:05:07.152575,2026-07-04T21:05:07.155971+00:00,130.6,11,bid,Xuanyu Liu,WavyWalnuts,7486239
2026-07-04T21:05:08.829847,2026-07-04T21:05:08.839523+00:00,130.6,20,bid,BrilliantBurritos,YieldingYams,7486265
2026-07-04T21:05:09.615747,2026-07-04T21:05:09.619705+00:00,130.5,3,bid,Xuanyu Liu,WavyWalnuts,7486281
2026-07-04T21:05:10.282233,2026-07-04T21:05:10.294585+00:00,130.5,20,bid,BrilliantBurritos,WavyWalnuts,7486288
2026-07-04T21:05:10.700126,2026-07-04T21:05:10.709150+00:00,130.5,177,bid,YieldingYams,WavyWalnuts,7486296
2026-07-04T21:05:10.718376,2026-07-04T21:05:10.722435+00:00,130.6,3,ask,YieldingYams,Xuanyu Liu,7486301
2026-07-04T21:05:10.810069,2026-07-04T21:05:10.818690+00:00,130.6,200,ask,YieldingYams,WavyWalnuts,7486304
2026-07-04T21:05:14.451801,2026-07-04T21:05:14.447005+00:00,130.5,20,bid,BrilliantBurritos,YieldingYams,7486361
2026-07-04T21:05:18.566514,2026-07-04T21:05:18.575872+00:00,130.4,200,ask,WavyWalnuts,YieldingYams,7486431
2026-07-04T21:05:18.743285,2026-07-04T21:05:18.751230+00:00,130.2,20,ask,YieldingYams,BrilliantBurritos,7486435
2026-07-04T21:05:19.869658,2026-07-04T21:05:19.873304+00:00,130.2,11,ask,YieldingYams,Xuanyu Liu,7486455
2026-07-04T21:05:19.901323,2026-07-04T21:05:19.905303+00:00,130.3,12,ask,YieldingYams,Xuanyu Liu,7486459
2026-07-04T21:05:24.135585,2026-07-04T21:05:24.144089+00:00,130.4,200,bid,WavyWalnuts,YieldingYams,7486527
2026-07-04T21:05:26.408806,2026-07-04T21:05:26.420082+00:00,130.6,20,bid,BrilliantBurritos,YieldingYams,7486563
2026-07-04T21:05:30.203647,2026-07-04T21:05:30.207375+00:00,130.4,12,bid,Xuanyu Liu,WavyWalnuts,7486619
2026-07-04T21:05:32.793356,2026-07-04T21:05:32.805353+00:00,130.2,20,ask,YieldingYams,BrilliantBurritos,7486658
2026-07-04T21:05:35.047828,2026-07-04T21:05:35.051845+00:00,130.2,11,bid,Xuanyu Liu,WavyWalnuts,7486685
2026-07-04T21:05:35.604260,2026-07-04T21:05:35.615063+00:00,130.2,189,bid,YieldingYams,WavyWalnuts,7486696
2026-07-04T21:05:36.238952,2026-07-04T21:05:36.247749+00:00,130.2,200,ask,YieldingYams,WavyWalnuts,7486706
2026-07-04T21:05:41.593251,2026-07-04T21:05:41.604853+00:00,130.3,500,bid,AverageAlmonds,YieldingYams,7486774
2026-07-04T21:05:43.427300,2026-07-04T21:05:43.437278+00:00,130.4,200,bid,AverageAlmonds,WavyWalnuts,7486800
2026-07-04T21:05:43.466189,2026-07-04T21:05:43.470331+00:00,130.4,11,ask,AverageAlmonds,Xuanyu Liu,7486803
2026-07-04T21:05:43.517000,2026-07-04T21:05:43.528542+00:00,130.4,200,ask,AverageAlmonds,WavyWalnuts,7486809
2026-07-04T21:05:44.725396,2026-07-04T21:05:44.734280+00:00,130.4,200,ask,AverageAlmonds,WavyWalnuts,7486820
2026-07-04T21:05:46.104726,2026-07-04T21:05:46.115417+00:00,130.4,200,bid,YieldingYams,WavyWalnuts,7486842
2026-07-04T21:05:50.082475,2026-07-04T21:05:50.090501+00:00,130.4,200,bid,AverageAlmonds,WavyWalnuts,7486899
2026-07-04T21:05:50.766225,2026-07-04T21:05:50.775158+00:00,130.5,200,bid,WavyWalnuts,YieldingYams,7486909
2026-07-04T21:05:51.330564,2026-07-04T21:05:51.338020+00:00,130.5,20,bid,BrilliantBurritos,YieldingYams,7486916
2026-07-04T21:05:53.786462,2026-07-04T21:05:53.798200+00:00,130.5,20,bid,BrilliantBurritos,YieldingYams,7486942
2026-07-04T21:05:56.585826,2026-07-04T21:05:56.593699+00:00,130.5,200,bid,YieldingYams,WavyWalnuts,7486987
2026-07-04T21:05:56.602753,2026-07-04T21:05:56.606467+00:00,130.5,12,ask,YieldingYams,Xuanyu Liu,7486989
2026-07-04T21:06:00.517515,2026-07-04T21:06:00.523872+00:00,130.4,200,ask,WavyWalnuts,YieldingYams,7487051
2026-07-04T21:06:00.980554,2026-07-04T21:06:00.987282+00:00,130.4,425,bid,AverageAlmonds,YieldingYams,7487056
2026-07-04T21:06:01.013669,2026-07-04T21:06:01.017283+00:00,130.4,11,ask,AverageAlmonds,Xuanyu Liu,7487058
2026-07-04T21:06:01.607126,2026-07-04T21:06:01.612532+00:00,130.5,12,ask,AverageAlmonds,Xuanyu Liu,7487062
2026-07-04T21:06:01.680367,2026-07-04T21:06:01.689342+00:00,130.5,200,ask,AverageAlmonds,WavyWalnuts,7487065
2026-07-04T21:06:03.993533,2026-07-04T21:06:04.001729+00:00,130.6,200,bid,AverageAlmonds,WavyWalnuts,7487097
2026-07-04T21:06:03.993533,2026-07-04T21:06:04.001729+00:00,130.6,300,bid,AverageAlmonds,YieldingYams,7487098
2026-07-04T21:06:04.120769,2026-07-04T21:06:04.124828+00:00,130.6,23,bid,Xuanyu Liu,YieldingYams,7487101
2026-07-04T21:06:04.590265,2026-07-04T21:06:04.598850+00:00,130.6,500,bid,AverageAlmonds,YieldingYams,7487106
2026-07-04T21:06:05.193261,2026-07-04T21:06:05.203157+00:00,130.6,125,bid,AverageAlmonds,YieldingYams,7487116
2026-07-04T21:06:05.193261,2026-07-04T21:06:05.203157+00:00,130.7,200,bid,AverageAlmonds,WavyWalnuts,7487117
2026-07-04T21:06:08.956798,2026-07-04T21:06:08.958583+00:00,130.7,200,ask,YieldingYams,WavyWalnuts,7487171
2026-07-04T21:06:09.472141,2026-07-04T21:06:09.475889+00:00,130.8,11,ask,AverageAlmonds,Xuanyu Liu,7487176
2026-07-04T21:06:09.697738,2026-07-04T21:06:09.709046+00:00,130.8,489,ask,AverageAlmonds,YieldingYams,7487182
2026-07-04T21:06:10.051665,2026-07-04T21:06:10.058628+00:00,130.8,136,bid,AverageAlmonds,YieldingYams,7487185
2026-07-04T21:06:11.004761,2026-07-04T21:06:11.024550+00:00,130.9,200,bid,YieldingYams,WavyWalnuts,7487196
2026-07-04T21:06:11.010366,2026-07-04T21:06:11.024550+00:00,131.0,20,ask,YieldingYams,BrilliantBurritos,7487197
2026-07-04T21:06:11.021019,2026-07-04T21:06:11.024550+00:00,131.0,12,ask,YieldingYams,Xuanyu Liu,7487199
2026-07-04T21:06:11.379881,2026-07-04T21:06:11.386613+00:00,131.0,200,ask,YieldingYams,WavyWalnuts,7487211
2026-07-04T21:06:12.586927,2026-07-04T21:06:12.598616+00:00,131.0,200,bid,WavyWalnuts,YieldingYams,7487227
2026-07-04T21:06:17.563487,2026-07-04T21:06:17.574714+00:00,131.0,200,ask,WavyWalnuts,YieldingYams,7487293
2026-07-04T21:06:18.010187,2026-07-04T21:06:18.022256+00:00,130.8,20,ask,YieldingYams,BrilliantBurritos,7487298
2026-07-04T21:06:18.645513,2026-07-04T21:06:18.652760+00:00,131.0,200,bid,WavyWalnuts,YieldingYams,7487305
2026-07-04T21:06:20.524930,2026-07-04T21:06:20.533800+00:00,131.0,20,bid,BrilliantBurritos,WavyWalnuts,7487335
2026-07-04T21:06:20.955410,2026-07-04T21:06:20.969038+00:00,131.0,180,bid,AverageAlmonds,WavyWalnuts,7487343
2026-07-04T21:06:21.062465,2026-07-04T21:06:21.071102+00:00,131.0,200,ask,AverageAlmonds,WavyWalnuts,7487344
2026-07-04T21:06:21.492495,2026-07-04T21:06:21.499357+00:00,131.0,120,ask,AverageAlmonds,YieldingYams,7487349
2026-07-04T21:06:21.552167,2026-07-04T21:06:21.560674+00:00,130.9,500,bid,AverageAlmonds,YieldingYams,7487350
2026-07-04T21:06:22.152907,2026-07-04T21:06:22.158588+00:00,130.9,5,bid,AverageAlmonds,YieldingYams,7487358
2026-07-04T21:06:24.694172,2026-07-04T21:06:24.703889+00:00,131.1,200,ask,AverageAlmonds,WavyWalnuts,7487391
2026-07-04T21:06:25.198199,2026-07-04T21:06:25.206794+00:00,131.2,500,bid,AverageAlmonds,YieldingYams,7487398
2026-07-04T21:06:25.441866,2026-07-04T21:06:25.446242+00:00,131.3,11,ask,YieldingYams,Xuanyu Liu,7487405
2026-07-04T21:06:25.901780,2026-07-04T21:06:25.910176+00:00,131.3,200,ask,YieldingYams,WavyWalnuts,7487412
2026-07-04T21:06:27.127022,2026-07-04T21:06:27.131454+00:00,131.3,23,bid,Xuanyu Liu,WavyWalnuts,7487436
2026-07-04T21:06:28.048334,2026-07-04T21:06:28.057925+00:00,131.3,177,bid,YieldingYams,WavyWalnuts,7487451
2026-07-04T21:06:30.677734,2026-07-04T21:06:30.686678+00:00,131.3,200,ask,WavyWalnuts,YieldingYams,7487487
2026-07-04T21:06:30.733357,2026-07-04T21:06:30.741414+00:00,131.3,200,bid,WavyWalnuts,YieldingYams,7487488
2026-07-04T21:06:31.230150,2026-07-04T21:06:31.241987+00:00,131.3,20,bid,BrilliantBurritos,YieldingYams,7487496
2026-07-04T21:06:31.945039,2026-07-04T21:06:31.951969+00:00,131.3,200,bid,WavyWalnuts,YieldingYams,7487500
2026-07-04T21:06:37.237155,2026-07-04T21:06:37.244706+00:00,131.5,200,bid,YieldingYams,WavyWalnuts,7487578
2026-07-04T21:06:41.169363,2026-07-04T21:06:41.179728+00:00,131.6,500,bid,YieldingYams,AverageAlmonds,7487632
2026-07-04T21:06:41.520672,2026-07-04T21:06:41.528012+00:00,131.6,125,ask,YieldingYams,AverageAlmonds,7487636
2026-07-04T21:06:42.185573,2026-07-04T21:06:42.189336+00:00,131.5,12,ask,WavyWalnuts,Xuanyu Liu,7487648
2026-07-04T21:06:42.477235,2026-07-04T21:06:42.487642+00:00,131.5,188,ask,WavyWalnuts,YieldingYams,7487655
2026-07-04T21:06:43.375806,2026-07-04T21:06:43.384694+00:00,131.5,20,bid,BrilliantBurritos,YieldingYams,7487662
2026-07-04T21:06:43.659144,2026-07-04T21:06:43.670721+00:00,131.4,20,ask,WavyWalnuts,BrilliantBurritos,7487670
2026-07-04T21:06:45.250231,2026-07-04T21:06:45.256825+00:00,131.4,20,bid,BrilliantBurritos,YieldingYams,7487693
2026-07-04T21:06:50.263982,2026-07-04T21:06:50.275656+00:00,131.4,20,bid,BrilliantBurritos,YieldingYams,7487755
2026-07-04T21:06:52.541922,2026-07-04T21:06:52.548484+00:00,131.3,200,ask,YieldingYams,WavyWalnuts,7487779
2026-07-04T21:06:53.166064,2026-07-04T21:06:53.177749+00:00,131.2,20,ask,YieldingYams,BrilliantBurritos,7487787
2026-07-04T21:06:54.778140,2026-07-04T21:06:54.782176+00:00,131.4,12,bid,Xuanyu Liu,YieldingYams,7487804
2026-07-04T21:06:54.961981,2026-07-04T21:06:54.969105+00:00,131.4,200,bid,WavyWalnuts,YieldingYams,7487807
2026-07-04T21:06:56.170334,2026-07-04T21:06:56.180123+00:00,131.4,200,bid,WavyWalnuts,YieldingYams,7487828
2026-07-04T21:06:57.381445,2026-07-04T21:06:57.388444+00:00,131.4,200,bid,WavyWalnuts,YieldingYams,7487846
2026-07-04T21:06:59.516465,2026-07-04T21:06:59.528093+00:00,131.4,200,bid,YieldingYams,WavyWalnuts,7487866
2026-07-04T21:06:59.579122,2026-07-04T21:06:59.586995+00:00,131.4,20,ask,YieldingYams,BrilliantBurritos,7487869
2026-07-04T21:06:59.802081,2026-07-04T21:06:59.810490+00:00,131.4,200,ask,YieldingYams,WavyWalnuts,7487874
2026-07-04T21:07:00.792074,2026-07-04T21:07:00.798952+00:00,131.6,20,bid,BrilliantBurritos,YieldingYams,7487897
2026-07-04T21:07:01.010185,2026-07-04T21:07:01.021490+00:00,131.5,200,bid,WavyWalnuts,YieldingYams,7487903
2026-07-04T21:07:02.222051,2026-07-04T21:07:02.233061+00:00,131.5,200,ask,YieldingYams,WavyWalnuts,7487922
2026-07-04T21:07:03.432314,2026-07-04T21:07:03.442643+00:00,131.5,200,ask,YieldingYams,WavyWalnuts,7487945
2026-07-04T21:07:04.782749,2026-07-04T21:07:04.789541+00:00,131.4,200,ask,WavyWalnuts,YieldingYams,7487965
2026-07-04T21:07:04.799986,2026-07-04T21:07:04.803596+00:00,131.4,23,bid,Xuanyu Liu,YieldingYams,7487967
2026-07-04T21:07:05.851682,2026-07-04T21:07:05.859087+00:00,131.4,200,bid,WavyWalnuts,YieldingYams,7487976
2026-07-04T21:07:08.187379,2026-07-04T21:07:08.191023+00:00,131.6,11,bid,Xuanyu Liu,WavyWalnuts,7488002
2026-07-04T21:07:08.710665,2026-07-04T21:07:08.720549+00:00,131.6,500,bid,YieldingYams,AverageAlmonds,7488010
2026-07-04T21:07:08.710665,2026-07-04T21:07:08.720549+00:00,131.7,125,bid,YieldingYams,WavyWalnuts,7488011
2026-07-04T21:07:09.379793,2026-07-04T21:07:09.397862+00:00,131.5,200,ask,WavyWalnuts,AverageAlmonds,7488027
2026-07-04T21:07:09.394704,2026-07-04T21:07:09.397862+00:00,131.5,3,bid,Xuanyu Liu,AverageAlmonds,7488029
2026-07-04T21:07:09.499215,2026-07-04T21:07:09.508446+00:00,131.5,20,bid,BrilliantBurritos,AverageAlmonds,7488030
2026-07-04T21:07:10.597028,2026-07-04T21:07:10.607904+00:00,131.4,200,ask,WavyWalnuts,AverageAlmonds,7488048
2026-07-04T21:07:10.624802,2026-07-04T21:07:10.628735+00:00,131.4,3,bid,Xuanyu Liu,AverageAlmonds,7488050
2026-07-04T21:07:10.693777,2026-07-04T21:07:10.703634+00:00,131.4,200,bid,WavyWalnuts,AverageAlmonds,7488053
2026-07-04T21:07:11.906412,2026-07-04T21:07:11.964387+00:00,131.4,200,bid,WavyWalnuts,AverageAlmonds,7488070
2026-07-04T21:07:12.192830,2026-07-04T21:07:12.200386+00:00,131.4,25,bid,Yinxuan Li,AverageAlmonds,7488076
2026-07-04T21:07:12.648315,2026-07-04T21:07:12.658602+00:00,131.4,500,bid,YieldingYams,AverageAlmonds,7488083
2026-07-04T21:07:13.016990,2026-07-04T21:07:13.028724+00:00,131.4,125,ask,YieldingYams,AverageAlmonds,7488087
2026-07-04T21:07:13.041454,2026-07-04T21:07:13.045414+00:00,131.3,11,bid,Xuanyu Liu,AverageAlmonds,7488089
2026-07-04T21:07:13.115765,2026-07-04T21:07:13.124252+00:00,131.3,200,bid,WavyWalnuts,AverageAlmonds,7488091
2026-07-04T21:07:13.369823,2026-07-04T21:07:13.381782+00:00,131.3,20,bid,BrilliantBurritos,AverageAlmonds,7488094
2026-07-04T21:07:13.971617,2026-07-04T21:07:13.975013+00:00,131.1,14,ask,YieldingYams,Xuanyu Liu,7488113
2026-07-04T21:07:15.535390,2026-07-04T21:07:15.546836+00:00,131.1,200,bid,WavyWalnuts,YieldingYams,7488135
2026-07-04T21:07:16.357238,2026-07-04T21:07:16.368849+00:00,130.9,20,ask,YieldingYams,BrilliantBurritos,7488147
2026-07-04T21:07:20.377211,2026-07-04T21:07:20.388634+00:00,131.0,200,bid,WavyWalnuts,YieldingYams,7488191
2026-07-04T21:07:22.739004,2026-07-04T21:07:22.758562+00:00,131.0,20,bid,BrilliantBurritos,WavyWalnuts,7488240
2026-07-04T21:07:24.436890,2026-07-04T21:07:24.448597+00:00,130.9,200,ask,WavyWalnuts,YieldingYams,7488276
2026-07-04T21:07:25.222286,2026-07-04T21:07:25.233608+00:00,130.9,200,bid,WavyWalnuts,YieldingYams,7488284
2026-07-04T21:07:26.439366,2026-07-04T21:07:26.458635+00:00,131.0,200,ask,YieldingYams,WavyWalnuts,7488305
2026-07-04T21:07:27.647108,2026-07-04T21:07:27.658623+00:00,130.9,200,bid,WavyWalnuts,YieldingYams,7488320
2026-07-04T21:07:28.071628,2026-07-04T21:07:28.083370+00:00,130.9,20,bid,BrilliantBurritos,YieldingYams,7488333
2026-07-04T21:07:28.858543,2026-07-04T21:07:28.869576+00:00,131.0,200,bid,WavyWalnuts,YieldingYams,7488339
2026-07-04T21:07:32.498557,2026-07-04T21:07:32.509601+00:00,131.0,200,ask,YieldingYams,WavyWalnuts,7488394
2026-07-04T21:07:33.469339,2026-07-04T21:07:33.478230+00:00,131.0,20,ask,YieldingYams,BrilliantBurritos,7488405
2026-07-04T21:07:33.707074,2026-07-04T21:07:33.716047+00:00,131.0,200,ask,YieldingYams,WavyWalnuts,7488410
2026-07-04T21:07:34.914293,2026-07-04T21:07:34.922885+00:00,131.0,200,ask,YieldingYams,WavyWalnuts,7488430
2026-07-04T21:07:36.256462,2026-07-04T21:07:36.263719+00:00,131.0,200,bid,YieldingYams,WavyWalnuts,7488450
2026-07-04T21:07:36.615475,2026-07-04T21:07:36.625070+00:00,131.0,425,ask,YieldingYams,AverageAlmonds,7488455
2026-07-04T21:07:36.678416,2026-07-04T21:07:36.682107+00:00,131.0,14,bid,Xuanyu Liu,AverageAlmonds,7488457
2026-07-04T21:07:37.259849,2026-07-04T21:07:37.269103+00:00,130.9,25,bid,Yinxuan Li,AverageAlmonds,7488467
2026-07-04T21:07:37.265534,2026-07-04T21:07:37.269103+00:00,130.9,12,bid,Xuanyu Liu,AverageAlmonds,7488468
2026-07-04T21:07:38.874536,2026-07-04T21:07:38.879324+00:00,130.9,500,bid,YieldingYams,AverageAlmonds,7488491
2026-07-04T21:07:39.053949,2026-07-04T21:07:39.058610+00:00,130.9,125,ask,YieldingYams,AverageAlmonds,7488497
2026-07-04T21:07:40.955708,2026-07-04T21:07:40.969059+00:00,130.8,200,bid,WavyWalnuts,AverageAlmonds,7488535
2026-07-04T21:07:41.490808,2026-07-04T21:07:41.500943+00:00,130.8,500,bid,YieldingYams,AverageAlmonds,7488543
2026-07-04T21:07:42.062078,2026-07-04T21:07:42.069430+00:00,130.8,125,ask,YieldingYams,AverageAlmonds,7488558
2026-07-04T21:07:42.163138,2026-07-04T21:07:42.174891+00:00,130.7,200,bid,WavyWalnuts,AverageAlmonds,7488562
2026-07-04T21:07:43.303192,2026-07-04T21:07:43.311464+00:00,130.3,20,ask,YieldingYams,BrilliantBurritos,7488578
2026-07-04T21:07:43.372010,2026-07-04T21:07:43.380756+00:00,130.5,200,bid,WavyWalnuts,YieldingYams,7488580
2026-07-04T21:07:45.792499,2026-07-04T21:07:45.800119+00:00,130.6,200,bid,WavyWalnuts,YieldingYams,7488632
2026-07-04T21:07:46.328546,2026-07-04T21:07:46.332429+00:00,130.5,11,bid,Xuanyu Liu,AverageAlmonds,7488637
2026-07-04T21:07:47.278165,2026-07-04T21:07:47.279584+00:00,130.5,25,bid,Yinxuan Li,AverageAlmonds,7488652
2026-07-04T21:07:48.118882,2026-07-04T21:07:48.127434+00:00,130.4,200,ask,WavyWalnuts,AverageAlmonds,7488664
2026-07-04T21:07:48.118882,2026-07-04T21:07:48.127434+00:00,130.4,300,ask,YieldingYams,AverageAlmonds,7488665
2026-07-04T21:07:48.716600,2026-07-04T21:07:48.727519+00:00,130.4,325,ask,YieldingYams,AverageAlmonds,7488676
2026-07-04T21:07:48.716600,2026-07-04T21:07:48.727519+00:00,130.4,175,ask,WavyWalnuts,AverageAlmonds,7488677
2026-07-04T21:07:49.351346,2026-07-04T21:07:49.358540+00:00,130.4,25,ask,WavyWalnuts,AverageAlmonds,7488691
2026-07-04T21:07:50.865291,2026-07-04T21:07:50.877338+00:00,130.3,20,ask,YieldingYams,BrilliantBurritos,7488717
2026-07-04T21:07:51.796066,2026-07-04T21:07:51.799815+00:00,130.4,12,bid,Xuanyu Liu,AverageAlmonds,7488738
2026-07-04T21:07:52.292266,2026-07-04T21:07:52.299482+00:00,130.4,25,bid,Yinxuan Li,AverageAlmonds,7488746
2026-07-04T21:07:53.055048,2026-07-04T21:07:53.058592+00:00,130.3,200,ask,YieldingYams,WavyWalnuts,7488757
2026-07-04T21:07:53.351222,2026-07-04T21:07:53.363909+00:00,130.2,22,bid,Xuanyu Liu,YieldingYams,7488767
2026-07-04T21:07:57.308629,2026-07-04T21:07:57.315178+00:00,130.2,25,bid,Yinxuan Li,YieldingYams,7488820
2026-07-04T21:07:58.575195,2026-07-04T21:07:58.593306+00:00,130.1,200,ask,WavyWalnuts,YieldingYams,7488842
2026-07-04T21:07:59.342078,2026-07-04T21:07:59.358634+00:00,130.1,20,bid,BrilliantBurritos,YieldingYams,7488851
2026-07-04T21:07:59.888538,2026-07-04T21:07:59.897527+00:00,130.2,200,bid,YieldingYams,WavyWalnuts,7488866
2026-07-04T21:08:00.441162,2026-07-04T21:08:00.458549+00:00,130.3,20,bid,BrilliantBurritos,AverageAlmonds,7488873
2026-07-04T21:08:01.201688,2026-07-04T21:08:01.212097+00:00,130.1,200,ask,WavyWalnuts,YieldingYams,7488886
2026-07-04T21:08:01.338953,2026-07-04T21:08:01.342750+00:00,129.9,11,ask,YieldingYams,Xuanyu Liu,7488888
2026-07-04T21:08:01.518625,2026-07-04T21:08:01.526933+00:00,130.1,200,bid,WavyWalnuts,YieldingYams,7488889
2026-07-04T21:08:02.322703,2026-07-04T21:08:02.329721+00:00,130.1,25,bid,Yinxuan Li,YieldingYams,7488897
2026-07-04T21:08:02.513745,2026-07-04T21:08:02.523443+00:00,130.3,200,bid,YieldingYams,WavyWalnuts,7488903
2026-07-04T21:08:02.528691,2026-07-04T21:08:02.532101+00:00,130.3,46,ask,YieldingYams,Xuanyu Liu,7488905
2026-07-04T21:08:02.726840,2026-07-04T21:08:02.737308+00:00,130.3,200,ask,YieldingYams,WavyWalnuts,7488907
2026-07-04T21:08:03.831553,2026-07-04T21:08:03.838166+00:00,130.1,200,ask,WavyWalnuts,YieldingYams,7488926
2026-07-04T21:08:03.930616,2026-07-04T21:08:03.942628+00:00,130.1,200,bid,WavyWalnuts,YieldingYams,7488928
2026-07-04T21:08:04.477587,2026-07-04T21:08:04.481414+00:00,130.1,12,bid,Xuanyu Liu,YieldingYams,7488939
2026-07-04T21:08:05.143615,2026-07-04T21:08:05.151648+00:00,130.2,200,bid,WavyWalnuts,YieldingYams,7488953
2026-07-04T21:08:07.337589,2026-07-04T21:08:07.349438+00:00,130.3,25,bid,Yinxuan Li,WavyWalnuts,7488983
2026-07-04T21:08:07.762470,2026-07-04T21:08:07.776805+00:00,130.2,200,bid,YieldingYams,WavyWalnuts,7488992
2026-07-04T21:08:12.347167,2026-07-04T21:08:12.358726+00:00,130.2,25,bid,Yinxuan Li,WavyWalnuts,7489041
2026-07-04T21:08:13.337943,2026-07-04T21:08:13.349636+00:00,130.1,20,ask,WavyWalnuts,BrilliantBurritos,7489056
2026-07-04T21:08:13.983284,2026-07-04T21:08:13.987290+00:00,130.2,12,ask,WavyWalnuts,Xuanyu Liu,7489064
2026-07-04T21:08:15.614544,2026-07-04T21:08:15.625569+00:00,130.2,200,bid,YieldingYams,WavyWalnuts,7489077
2026-07-04T21:08:15.631608,2026-07-04T21:08:15.635535+00:00,130.3,11,ask,YieldingYams,Xuanyu Liu,7489079
2026-07-04T21:08:16.034894,2026-07-04T21:08:16.043629+00:00,130.3,200,ask,YieldingYams,WavyWalnuts,7489093
2026-07-04T21:08:19.540270,2026-07-04T21:08:19.548882+00:00,130.3,200,bid,YieldingYams,WavyWalnuts,7489127
2026-07-04T21:08:19.554556,2026-07-04T21:08:19.558080+00:00,130.3,3,ask,YieldingYams,Xuanyu Liu,7489129
2026-07-04T21:08:19.666867,2026-07-04T21:08:19.675019+00:00,130.3,200,ask,YieldingYams,WavyWalnuts,7489130
2026-07-04T21:08:22.160755,2026-07-04T21:08:22.170407+00:00,130.3,200,ask,WavyWalnuts,YieldingYams,7489168
2026-07-04T21:08:24.520719,2026-07-04T21:08:24.530054+00:00,130.3,200,ask,YieldingYams,WavyWalnuts,7489200
2026-07-04T21:08:25.727782,2026-07-04T21:08:25.737513+00:00,130.1,200,ask,YieldingYams,WavyWalnuts,7489218
2026-07-04T21:08:29.501359,2026-07-04T21:08:29.513085+00:00,130.3,20,bid,BrilliantBurritos,YieldingYams,7489283
2026-07-04T21:08:32.974119,2026-07-04T21:08:32.983487+00:00,130.2,200,ask,YieldingYams,WavyWalnuts,7489341
2026-07-04T21:08:37.814907,2026-07-04T21:08:37.826585+00:00,130.0,200,ask,YieldingYams,WavyWalnuts,7489405
2026-07-04T21:08:39.021643,2026-07-04T21:08:39.032157+00:00,130.0,200,ask,AverageAlmonds,WavyWalnuts,7489421
2026-07-04T21:08:41.465045,2026-07-04T21:08:41.468812+00:00,130.2,3,ask,WavyWalnuts,Xuanyu Liu,7489464
2026-07-04T21:08:42.118125,2026-07-04T21:08:42.126997+00:00,130.2,20,ask,WavyWalnuts,BrilliantBurritos,7489475
2026-07-04T21:08:43.160446,2026-07-04T21:08:43.172315+00:00,130.4,20,bid,BrilliantBurritos,WavyWalnuts,7489484
2026-07-04T21:08:45.615437,2026-07-04T21:08:45.619878+00:00,130.5,3,bid,Xuanyu Liu,YieldingYams,7489524
2026-07-04T21:08:46.282365,2026-07-04T21:08:46.290866+00:00,130.5,200,bid,WavyWalnuts,YieldingYams,7489534
2026-07-04T21:08:48.405899,2026-07-04T21:08:48.415851+00:00,130.3,200,ask,WavyWalnuts,YieldingYams,7489560
2026-07-04T21:08:51.342242,2026-07-04T21:08:51.351743+00:00,130.2,20,ask,YieldingYams,BrilliantBurritos,7489611
2026-07-04T21:08:52.334243,2026-07-04T21:08:52.341024+00:00,130.4,200,bid,YieldingYams,WavyWalnuts,7489628
2026-07-04T21:08:52.387912,2026-07-04T21:08:52.396227+00:00,130.4,25,ask,YieldingYams,Yinxuan Li,7489630
2026-07-04T21:08:53.724967,2026-07-04T21:08:53.737047+00:00,130.3,20,ask,WavyWalnuts,BrilliantBurritos,7489645
2026-07-04T21:08:56.272099,2026-07-04T21:08:56.279101+00:00,130.4,200,ask,WavyWalnuts,YieldingYams,7489678
2026-07-04T21:08:57.584361,2026-07-04T21:08:57.593414+00:00,130.4,200,bid,YieldingYams,WavyWalnuts,7489692
2026-07-04T21:08:58.270868,2026-07-04T21:08:58.274541+00:00,130.4,37,ask,YieldingYams,Xuanyu Liu,7489702
2026-07-04T21:09:02.846041,2026-07-04T21:09:02.858726+00:00,130.3,200,ask,WavyWalnuts,YieldingYams,7489760
2026-07-04T21:09:03.044487,2026-07-04T21:09:03.058597+00:00,130.0,20,ask,YieldingYams,BrilliantBurritos,7489762
2026-07-04T21:09:05.651351,2026-07-04T21:09:05.658540+00:00,130.4,200,bid,WavyWalnuts,YieldingYams,7489790
2026-07-04T21:09:07.413970,2026-07-04T21:09:07.421842+00:00,130.2,25,ask,YieldingYams,Yinxuan Li,7489806
2026-07-04T21:09:09.285183,2026-07-04T21:09:09.291563+00:00,130.1,200,ask,YieldingYams,WavyWalnuts,7489837
2026-07-04T21:09:10.869378,2026-07-04T21:09:10.872786+00:00,130.1,34,bid,Xuanyu Liu,YieldingYams,7489858
2026-07-04T21:09:12.032824,2026-07-04T21:09:12.052221+00:00,130.0,200,ask,WavyWalnuts,YieldingYams,7489874
2026-07-04T21:09:12.048056,2026-07-04T21:09:12.052221+00:00,129.9,3,bid,Xuanyu Liu,YieldingYams,7489876
2026-07-04T21:09:12.854339,2026-07-04T21:09:12.856290+00:00,129.9,422,bid,AverageAlmonds,YieldingYams,7489895
2026-07-04T21:09:13.937263,2026-07-04T21:09:13.946016+00:00,130.0,20,ask,YieldingYams,BrilliantBurritos,7489906
2026-07-04T21:09:14.140297,2026-07-04T21:09:14.151537+00:00,130.0,200,ask,YieldingYams,WavyWalnuts,7489909
2026-07-04T21:09:14.654511,2026-07-04T21:09:14.658605+00:00,130.0,500,ask,AverageAlmonds,YieldingYams,7489919
2026-07-04T21:09:14.692029,2026-07-04T21:09:14.701706+00:00,130.0,125,bid,AverageAlmonds,YieldingYams,7489921
2026-07-04T21:09:17.287104,2026-07-04T21:09:17.290817+00:00,130.2,3,ask,YieldingYams,Xuanyu Liu,7489960
2026-07-04T21:09:17.433538,2026-07-04T21:09:17.445073+00:00,130.2,25,ask,YieldingYams,Yinxuan Li,7489963
2026-07-04T21:09:17.789725,2026-07-04T21:09:17.801041+00:00,130.2,200,ask,YieldingYams,WavyWalnuts,7489965
2026-07-04T21:09:19.522324,2026-07-04T21:09:19.529998+00:00,130.3,500,bid,AverageAlmonds,YieldingYams,7489999
2026-07-04T21:09:20.149801,2026-07-04T21:09:20.147655+00:00,130.3,200,bid,AverageAlmonds,WavyWalnuts,7490008
2026-07-04T21:09:21.433682,2026-07-04T21:09:21.458595+00:00,130.3,200,ask,AverageAlmonds,WavyWalnuts,7490028
2026-07-04T21:09:22.644826,2026-07-04T21:09:22.652419+00:00,130.4,200,bid,WavyWalnuts,YieldingYams,7490046
2026-07-04T21:09:26.277713,2026-07-04T21:09:26.285301+00:00,130.4,200,bid,WavyWalnuts,YieldingYams,7490098
2026-07-04T21:09:33.561436,2026-07-04T21:09:33.569751+00:00,130.3,200,ask,YieldingYams,WavyWalnuts,7490187
2026-07-04T21:09:36.195063,2026-07-04T21:09:36.198665+00:00,130.5,3,bid,Xuanyu Liu,WavyWalnuts,7490225
2026-07-04T21:09:38.403414,2026-07-04T21:09:38.415027+00:00,130.3,200,ask,YieldingYams,WavyWalnuts,7490257
2026-07-04T21:09:42.042438,2026-07-04T21:09:42.054275+00:00,130.4,200,bid,WavyWalnuts,YieldingYams,7490298
2026-07-04T21:09:43.491836,2026-07-04T21:09:43.498876+00:00,130.4,200,bid,YieldingYams,WavyWalnuts,7490315
2026-07-04T21:09:44.487794,2026-07-04T21:09:44.499126+00:00,130.4,200,ask,YieldingYams,WavyWalnuts,7490331
2026-07-04T21:09:44.835812,2026-07-04T21:09:44.847249+00:00,130.3,20,bid,BrilliantBurritos,YieldingYams,7490335
2026-07-04T21:09:47.385619,2026-07-04T21:09:47.395010+00:00,130.3,500,bid,AverageAlmonds,YieldingYams,7490357
2026-07-04T21:09:47.427093,2026-07-04T21:09:47.436960+00:00,130.3,200,bid,YieldingYams,WavyWalnuts,7490361
2026-07-04T21:09:48.127865,2026-07-04T21:09:48.136625+00:00,130.3,200,ask,YieldingYams,WavyWalnuts,7490369
2026-07-04T21:09:50.067352,2026-07-04T21:09:50.074096+00:00,130.3,200,ask,WavyWalnuts,YieldingYams,7490397
2026-07-04T21:09:50.427417,2026-07-04T21:09:50.438607+00:00,130.3,425,bid,AverageAlmonds,YieldingYams,7490398
2026-07-04T21:09:51.372771,2026-07-04T21:09:51.394199+00:00,130.4,200,bid,YieldingYams,WavyWalnuts,7490417
2026-07-04T21:09:51.390450,2026-07-04T21:09:51.394199+00:00,130.5,3,ask,YieldingYams,Xuanyu Liu,7490419
2026-07-04T21:09:54.193704,2026-07-04T21:09:54.197541+00:00,130.4,3,bid,Xuanyu Liu,WavyWalnuts,7490453
2026-07-04T21:09:55.227043,2026-07-04T21:09:55.231245+00:00,130.3,3,ask,YieldingYams,Xuanyu Liu,7490464
2026-07-04T21:09:55.247127,2026-07-04T21:09:55.273608+00:00,130.4,197,bid,AverageAlmonds,WavyWalnuts,7490465
2026-07-04T21:09:55.270018,2026-07-04T21:09:55.273608+00:00,130.4,11,ask,AverageAlmonds,Xuanyu Liu,7490467
2026-07-04T21:09:57.483219,2026-07-04T21:09:57.491867+00:00,130.4,25,ask,WavyWalnuts,Yinxuan Li,7490497
2026-07-04T21:09:57.794179,2026-07-04T21:09:57.806028+00:00,130.5,200,bid,WavyWalnuts,YieldingYams,7490502
2026-07-04T21:09:58.391026,2026-07-04T21:09:58.394632+00:00,130.7,11,bid,Xuanyu Liu,YieldingYams,7490510
2026-07-04T21:10:00.307464,2026-07-04T21:10:00.318207+00:00,130.6,20,ask,WavyWalnuts,BrilliantBurritos,7490536
2026-07-04T21:10:01.857790,2026-07-04T21:10:01.868664+00:00,130.7,200,bid,YieldingYams,WavyWalnuts,7490563
2026-07-04T21:10:01.874418,2026-07-04T21:10:01.878287+00:00,130.8,23,ask,YieldingYams,Xuanyu Liu,7490565
2026-07-04T21:10:02.492817,2026-07-04T21:10:02.504648+00:00,130.8,25,ask,YieldingYams,Yinxuan Li,7490569
2026-07-04T21:10:02.630372,2026-07-04T21:10:02.638287+00:00,130.8,200,ask,YieldingYams,WavyWalnuts,7490572
2026-07-04T21:10:03.747718,2026-07-04T21:10:03.754966+00:00,130.8,500,bid,AverageAlmonds,YieldingYams,7490588
2026-07-04T21:10:04.344429,2026-07-04T21:10:04.352462+00:00,130.8,125,bid,AverageAlmonds,YieldingYams,7490598
2026-07-04T21:10:04.344429,2026-07-04T21:10:04.358723+00:00,130.9,200,bid,AverageAlmonds,WavyWalnuts,7490599
2026-07-04T21:10:04.381923,2026-07-04T21:10:04.385574+00:00,130.9,11,ask,AverageAlmonds,Xuanyu Liu,7490604
2026-07-04T21:10:04.954153,2026-07-04T21:10:04.965380+00:00,131.0,500,bid,AverageAlmonds,YieldingYams,7490617
2026-07-04T21:10:05.549368,2026-07-04T21:10:05.558607+00:00,131.0,125,bid,AverageAlmonds,YieldingYams,7490623
2026-07-04T21:10:05.806349,2026-07-04T21:10:05.815290+00:00,131.1,200,bid,YieldingYams,WavyWalnuts,7490632
2026-07-04T21:10:05.821283,2026-07-04T21:10:05.825361+00:00,131.2,12,ask,YieldingYams,Xuanyu Liu,7490634
2026-07-04T21:10:06.250332,2026-07-04T21:10:06.258298+00:00,131.2,200,ask,YieldingYams,WavyWalnuts,7490640
2026-07-04T21:10:07.507793,2026-07-04T21:10:07.516786+00:00,131.1,25,ask,WavyWalnuts,Yinxuan Li,7490652
2026-07-04T21:10:08.431925,2026-07-04T21:10:08.443193+00:00,131.1,175,ask,WavyWalnuts,YieldingYams,7490671
2026-07-04T21:10:08.664230,2026-07-04T21:10:08.673196+00:00,131.1,200,bid,WavyWalnuts,YieldingYams,7490673
2026-07-04T21:10:08.893712,2026-07-04T21:10:08.905639+00:00,131.1,20,bid,BrilliantBurritos,YieldingYams,7490676
2026-07-04T21:10:10.595990,2026-07-04T21:10:10.607810+00:00,131.2,20,ask,YieldingYams,BrilliantBurritos,7490700
2026-07-04T21:10:11.051853,2026-07-04T21:10:11.058556+00:00,131.4,200,bid,YieldingYams,WavyWalnuts,7490704
2026-07-04T21:10:11.070014,2026-07-04T21:10:11.081747+00:00,131.4,20,ask,YieldingYams,BrilliantBurritos,7490706
2026-07-04T21:10:11.088507,2026-07-04T21:10:11.097319+00:00,131.4,200,ask,YieldingYams,WavyWalnuts,7490707
2026-07-04T21:10:12.366571,2026-07-04T21:10:12.376163+00:00,131.4,200,ask,WavyWalnuts,YieldingYams,7490724
2026-07-04T21:10:12.521850,2026-07-04T21:10:12.529418+00:00,131.2,25,ask,YieldingYams,Yinxuan Li,7490725
2026-07-04T21:10:13.500796,2026-07-04T21:10:13.512991+00:00,131.4,200,bid,WavyWalnuts,YieldingYams,7490733
2026-07-04T21:10:14.261716,2026-07-04T21:10:14.273509+00:00,131.6,20,bid,BrilliantBurritos,WavyWalnuts,7490742
2026-07-04T21:10:15.918333,2026-07-04T21:10:15.925652+00:00,131.5,200,bid,WavyWalnuts,YieldingYams,7490772
2026-07-04T21:10:17.532729,2026-07-04T21:10:17.540021+00:00,131.4,25,ask,YieldingYams,Yinxuan Li,7490790
2026-07-04T21:10:18.880193,2026-07-04T21:10:18.891883+00:00,131.5,500,ask,YieldingYams,AverageAlmonds,7490812
2026-07-04T21:10:19.543251,2026-07-04T21:10:19.551680+00:00,131.5,200,bid,WavyWalnuts,YieldingYams,7490823
2026-07-04T21:10:20.098691,2026-07-04T21:10:20.112696+00:00,131.5,20,bid,BrilliantBurritos,YieldingYams,7490834
2026-07-04T21:10:21.316916,2026-07-04T21:10:21.327889+00:00,131.4,500,ask,YieldingYams,AverageAlmonds,7490855
2026-07-04T21:10:21.535682,2026-07-04T21:10:21.544327+00:00,131.4,200,ask,WavyWalnuts,YieldingYams,7490859
2026-07-04T21:10:21.959471,2026-07-04T21:10:21.968253+00:00,131.3,200,bid,WavyWalnuts,AverageAlmonds,7490868
2026-07-04T21:10:23.127481,2026-07-04T21:10:23.134746+00:00,131.2,500,ask,YieldingYams,AverageAlmonds,7490892
2026-07-04T21:10:24.591271,2026-07-04T21:10:24.601889+00:00,131.0,20,ask,YieldingYams,BrilliantBurritos,7490915
2026-07-04T21:10:26.784920,2026-07-04T21:10:26.799218+00:00,131.1,500,bid,YieldingYams,AverageAlmonds,7490934
2026-07-04T21:10:26.815989,2026-07-04T21:10:26.819507+00:00,131.2,12,bid,Xuanyu Liu,WavyWalnuts,7490936
2026-07-04T21:10:28.107491,2026-07-04T21:10:28.117512+00:00,131.1,200,ask,WavyWalnuts,YieldingYams,7490954
2026-07-04T21:10:28.123981,2026-07-04T21:10:28.128204+00:00,131.0,23,bid,Xuanyu Liu,YieldingYams,7490956
2026-07-04T21:10:30.604536,2026-07-04T21:10:30.614911+00:00,131.1,20,bid,BrilliantBurritos,YieldingYams,7490997
2026-07-04T21:10:34.055647,2026-07-04T21:10:34.069029+00:00,130.8,200,ask,YieldingYams,WavyWalnuts,7491049
2026-07-04T21:10:36.338788,2026-07-04T21:10:36.342884+00:00,130.8,35,ask,WavyWalnuts,Xuanyu Liu,7491080
2026-07-04T21:10:36.469692,2026-07-04T21:10:36.477083+00:00,130.9,200,bid,WavyWalnuts,YieldingYams,7491081
2026-07-04T21:10:38.654860,2026-07-04T21:10:38.658395+00:00,130.9,11,ask,YieldingYams,Xuanyu Liu,7491113
2026-07-04T21:10:38.886050,2026-07-04T21:10:38.896150+00:00,130.9,200,ask,YieldingYams,WavyWalnuts,7491116
2026-07-04T21:10:39.964678,2026-07-04T21:10:39.968397+00:00,130.9,23,bid,Xuanyu Liu,YieldingYams,7491128
2026-07-04T21:10:41.259905,2026-07-04T21:10:41.297227+00:00,130.8,200,ask,WavyWalnuts,YieldingYams,7491145
2026-07-04T21:10:41.292943,2026-07-04T21:10:41.297227+00:00,130.8,11,bid,Xuanyu Liu,YieldingYams,7491147
2026-07-04T21:10:42.569925,2026-07-04T21:10:42.579735+00:00,130.9,200,bid,YieldingYams,WavyWalnuts,7491160
2026-07-04T21:10:42.663781,2026-07-04T21:10:42.667466+00:00,131.0,57,ask,YieldingYams,Xuanyu Liu,7491164
2026-07-04T21:10:44.956686,2026-07-04T21:10:44.968901+00:00,131.0,200,ask,YieldingYams,WavyWalnuts,7491191
2026-07-04T21:10:45.783854,2026-07-04T21:10:45.787379+00:00,131.1,12,bid,Xuanyu Liu,YieldingYams,7491203
2026-07-04T21:10:47.379016,2026-07-04T21:10:47.386183+00:00,131.1,200,bid,WavyWalnuts,YieldingYams,7491235
2026-07-04T21:10:48.603385,2026-07-04T21:10:48.607115+00:00,131.1,12,ask,WavyWalnuts,Xuanyu Liu,7491257
2026-07-04T21:10:49.134819,2026-07-04T21:10:49.143258+00:00,131.1,188,ask,WavyWalnuts,YieldingYams,7491266
2026-07-04T21:10:51.008868,2026-07-04T21:10:51.018772+00:00,131.1,200,ask,YieldingYams,WavyWalnuts,7491294
2026-07-04T21:10:52.214182,2026-07-04T21:10:52.224164+00:00,131.2,200,bid,WavyWalnuts,YieldingYams,7491315
2026-07-04T21:10:53.391196,2026-07-04T21:10:53.401428+00:00,131.1,500,ask,YieldingYams,AverageAlmonds,7491335
2026-07-04T21:10:53.986984,2026-07-04T21:10:53.998774+00:00,131.1,125,ask,YieldingYams,AverageAlmonds,7491347
2026-07-04T21:10:53.986984,2026-07-04T21:10:53.998774+00:00,131.1,200,ask,WavyWalnuts,AverageAlmonds,7491348
2026-07-04T21:10:54.410105,2026-07-04T21:10:54.414415+00:00,131.0,8,bid,Xuanyu Liu,YieldingYams,7491363
2026-07-04T21:10:54.628387,2026-07-04T21:10:54.636577+00:00,131.0,200,bid,WavyWalnuts,YieldingYams,7491365
2026-07-04T21:10:55.836861,2026-07-04T21:10:55.846247+00:00,130.9,200,bid,WavyWalnuts,YieldingYams,7491375
2026-07-04T21:10:59.643114,2026-07-04T21:10:59.648497+00:00,130.9,200,bid,YieldingYams,WavyWalnuts,7491441
2026-07-04T21:10:59.643114,2026-07-04T21:10:59.669129+00:00,131.0,425,bid,YieldingYams,AverageAlmonds,7491442
2026-07-04T21:11:00.949474,2026-07-04T21:11:00.964109+00:00,130.9,20,bid,BrilliantBurritos,WavyWalnuts,7491464
2026-07-04T21:11:01.657176,2026-07-04T21:11:01.661973+00:00,130.7,25,ask,YieldingYams,Xuanyu Liu,7491473
2026-07-04T21:11:03.109535,2026-07-04T21:11:03.121018+00:00,130.8,200,bid,WavyWalnuts,YieldingYams,7491489
2026-07-04T21:11:07.798241,2026-07-04T21:11:07.807980+00:00,130.9,20,bid,BrilliantBurritos,WavyWalnuts,7491552
2026-07-04T21:11:07.929763,2026-07-04T21:11:07.934038+00:00,130.9,17,bid,Xuanyu Liu,WavyWalnuts,7491554
2026-07-04T21:11:10.374903,2026-07-04T21:11:10.386506+00:00,131.0,200,bid,WavyWalnuts,YieldingYams,7491591
2026-07-04T21:11:10.385552,2026-07-04T21:11:10.396980+00:00,130.7,20,ask,YieldingYams,BrilliantBurritos,7491592
2026-07-04T21:11:11.583382,2026-07-04T21:11:11.591759+00:00,131.0,200,bid,WavyWalnuts,AverageAlmonds,7491613
2026-07-04T21:11:12.791321,2026-07-04T21:11:12.801229+00:00,131.1,200,bid,WavyWalnuts,AverageAlmonds,7491629
2026-07-04T21:11:13.958532,2026-07-04T21:11:13.968973+00:00,131.0,500,ask,YieldingYams,AverageAlmonds,7491645
2026-07-04T21:11:14.081510,2026-07-04T21:11:14.091597+00:00,131.0,200,ask,WavyWalnuts,YieldingYams,7491650
2026-07-04T21:11:14.259709,2026-07-04T21:11:14.264009+00:00,131.0,12,bid,Xuanyu Liu,YieldingYams,7491654
2026-07-04T21:11:15.200933,2026-07-04T21:11:15.204467+00:00,130.9,11,bid,Xuanyu Liu,AverageAlmonds,7491667
2026-07-04T21:11:15.391290,2026-07-04T21:11:15.400410+00:00,130.9,489,bid,YieldingYams,AverageAlmonds,7491676
2026-07-04T21:11:15.991082,2026-07-04T21:11:16.001271+00:00,130.9,20,ask,YieldingYams,BrilliantBurritos,7491683
2026-07-04T21:11:17.093013,2026-07-04T21:11:17.104790+00:00,130.9,20,bid,BrilliantBurritos,YieldingYams,7491697
2026-07-04T21:11:18.018177,2026-07-04T21:11:18.026059+00:00,130.7,200,ask,WavyWalnuts,YieldingYams,7491711
2026-07-04T21:11:18.833938,2026-07-04T21:11:18.841566+00:00,130.7,200,bid,WavyWalnuts,YieldingYams,7491716
2026-07-04T21:11:19.478881,2026-07-04T21:11:19.489581+00:00,130.7,20,ask,YieldingYams,BrilliantBurritos,7491730
2026-07-04T21:11:21.281842,2026-07-04T21:11:21.290285+00:00,130.8,200,ask,YieldingYams,WavyWalnuts,7491754
2026-07-04T21:11:21.963932,2026-07-04T21:11:21.967492+00:00,130.7,23,bid,Xuanyu Liu,YieldingYams,7491768
2026-07-04T21:11:23.267749,2026-07-04T21:11:23.291166+00:00,130.6,200,ask,WavyWalnuts,YieldingYams,7491790
2026-07-04T21:11:23.287278,2026-07-04T21:11:23.291166+00:00,130.6,11,bid,Xuanyu Liu,YieldingYams,7491792
2026-07-04T21:11:23.697253,2026-07-04T21:11:23.706476+00:00,130.6,200,bid,WavyWalnuts,YieldingYams,7491796
2026-07-04T21:11:24.907560,2026-07-04T21:11:24.916775+00:00,130.6,200,ask,YieldingYams,WavyWalnuts,7491812
2026-07-04T21:11:28.540275,2026-07-04T21:11:28.550362+00:00,130.6,200,bid,WavyWalnuts,YieldingYams,7491874
2026-07-04T21:11:30.303300,2026-07-04T21:11:30.311903+00:00,130.6,200,bid,AverageAlmonds,WavyWalnuts,7491899
2026-07-04T21:11:31.509641,2026-07-04T21:11:31.517130+00:00,130.7,200,bid,AverageAlmonds,WavyWalnuts,7491909
2026-07-04T21:11:31.509641,2026-07-04T21:11:31.522176+00:00,130.7,300,bid,AverageAlmonds,YieldingYams,7491910
2026-07-04T21:11:32.105967,2026-07-04T21:11:32.114753+00:00,130.7,325,bid,AverageAlmonds,YieldingYams,7491918
2026-07-04T21:11:33.234934,2026-07-04T21:11:33.238367+00:00,130.8,26,bid,Xuanyu Liu,WavyWalnuts,7491936
2026-07-04T21:11:34.592887,2026-07-04T21:11:34.604662+00:00,130.8,200,ask,YieldingYams,WavyWalnuts,7491956
2026-07-04T21:11:37.711987,2026-07-04T21:11:37.719319+00:00,130.9,200,bid,YieldingYams,WavyWalnuts,7492001
2026-07-04T21:11:38.221064,2026-07-04T21:11:38.232588+00:00,131.0,200,ask,YieldingYams,WavyWalnuts,7492007
2026-07-04T21:11:41.103502,2026-07-04T21:11:41.114986+00:00,130.8,20,ask,YieldingYams,BrilliantBurritos,7492059
2026-07-04T21:11:41.849739,2026-07-04T21:11:41.857081+00:00,130.9,200,ask,YieldingYams,WavyWalnuts,7492069
2026-07-04T21:11:45.491242,2026-07-04T21:11:45.500630+00:00,130.8,200,ask,YieldingYams,WavyWalnuts,7492122
2026-07-04T21:11:49.529272,2026-07-04T21:11:49.537516+00:00,130.9,200,ask,WavyWalnuts,YieldingYams,7492177
2026-07-04T21:11:51.545663,2026-07-04T21:11:51.558616+00:00,130.7,20,ask,WavyWalnuts,BrilliantBurritos,7492203
2026-07-04T21:11:52.159711,2026-07-04T21:11:52.168964+00:00,130.7,200,ask,WavyWalnuts,YieldingYams,7492216
2026-07-04T21:11:52.771794,2026-07-04T21:11:52.779528+00:00,130.7,200,bid,WavyWalnuts,YieldingYams,7492228
2026-07-04T21:11:53.983655,2026-07-04T21:11:53.992877+00:00,130.8,200,ask,YieldingYams,WavyWalnuts,7492248
2026-07-04T21:12:00.953204,2026-07-04T21:12:00.965223+00:00,130.8,20,bid,BrilliantBurritos,WavyWalnuts,7492359
2026-07-04T21:12:01.345544,2026-07-04T21:12:01.352557+00:00,130.7,200,ask,WavyWalnuts,YieldingYams,7492368
2026-07-04T21:12:07.882844,2026-07-04T21:12:07.891164+00:00,130.8,200,bid,YieldingYams,WavyWalnuts,7492439
2026-07-04T21:12:08.521019,2026-07-04T21:12:08.531956+00:00,130.8,200,ask,YieldingYams,WavyWalnuts,7492447
2026-07-04T21:12:11.811285,2026-07-04T21:12:11.869100+00:00,130.8,200,ask,WavyWalnuts,YieldingYams,7492493
2026-07-04T21:12:12.142769,2026-07-04T21:12:12.158609+00:00,130.7,200,bid,WavyWalnuts,YieldingYams,7492497
2026-07-04T21:12:15.743865,2026-07-04T21:12:15.751898+00:00,130.8,20,bid,BrilliantBurritos,WavyWalnuts,7492531
2026-07-04T21:12:17.002679,2026-07-04T21:12:17.013379+00:00,130.7,200,ask,YieldingYams,WavyWalnuts,7492549
2026-07-04T21:12:18.212959,2026-07-04T21:12:18.223884+00:00,130.7,200,bid,WavyWalnuts,YieldingYams,7492561
2026-07-04T21:12:19.051728,2026-07-04T21:12:19.058538+00:00,130.7,20,ask,YieldingYams,BrilliantBurritos,7492573
2026-07-04T21:12:20.597221,2026-07-04T21:12:20.607253+00:00,130.8,20,bid,BrilliantBurritos,WavyWalnuts,7492590
2026-07-04T21:12:23.716272,2026-07-04T21:12:23.724278+00:00,130.9,20,bid,BrilliantBurritos,WavyWalnuts,7492643
2026-07-04T21:12:24.176283,2026-07-04T21:12:24.186719+00:00,130.8,20,ask,YieldingYams,BrilliantBurritos,7492652
2026-07-04T21:12:24.948009,2026-07-04T21:12:24.959496+00:00,130.9,200,bid,YieldingYams,WavyWalnuts,7492668
2026-07-04T21:12:24.948009,2026-07-04T21:12:24.959496+00:00,130.9,425,bid,YieldingYams,AverageAlmonds,7492669
2026-07-04T21:12:25.474493,2026-07-04T21:12:25.486073+00:00,130.8,200,bid,WavyWalnuts,AverageAlmonds,7492678
2026-07-04T21:12:26.684717,2026-07-04T21:12:26.692612+00:00,130.7,200,bid,WavyWalnuts,YieldingYams,7492693
2026-07-04T21:12:27.760192,2026-07-04T21:12:27.769357+00:00,130.7,20,ask,YieldingYams,BrilliantBurritos,7492715
2026-07-04T21:12:27.893497,2026-07-04T21:12:27.902607+00:00,130.8,200,bid,WavyWalnuts,AverageAlmonds,7492718
2026-07-04T21:12:29.054156,2026-07-04T21:12:29.058575+00:00,130.7,500,ask,YieldingYams,AverageAlmonds,7492734
2026-07-04T21:12:29.648266,2026-07-04T21:12:29.655324+00:00,130.8,200,ask,WavyWalnuts,AverageAlmonds,7492745
2026-07-04T21:12:29.648266,2026-07-04T21:12:29.660840+00:00,130.7,125,ask,YieldingYams,AverageAlmonds,7492746
2026-07-04T21:12:30.313040,2026-07-04T21:12:30.321540+00:00,130.6,200,bid,WavyWalnuts,AverageAlmonds,7492754
2026-07-04T21:12:31.463709,2026-07-04T21:12:31.475536+00:00,130.5,500,ask,YieldingYams,AverageAlmonds,7492768
2026-07-04T21:12:31.512683,2026-07-04T21:12:31.516517+00:00,130.2,14,bid,Xuanyu Liu,YieldingYams,7492773
2026-07-04T21:12:31.521872,2026-07-04T21:12:31.532124+00:00,130.2,200,bid,WavyWalnuts,YieldingYams,7492774
2026-07-04T21:12:32.683530,2026-07-04T21:12:32.690722+00:00,130.2,25,bid,Yinxuan Li,YieldingYams,7492789
2026-07-04T21:12:32.731993,2026-07-04T21:12:32.738695+00:00,130.2,200,bid,WavyWalnuts,YieldingYams,7492792
2026-07-04T21:12:33.940371,2026-07-04T21:12:33.950015+00:00,130.5,200,bid,WavyWalnuts,YieldingYams,7492805
2026-07-04T21:12:34.188213,2026-07-04T21:12:34.191535+00:00,130.4,14,ask,YieldingYams,Xuanyu Liu,7492812
2026-07-04T21:12:35.111332,2026-07-04T21:12:35.121369+00:00,130.4,500,ask,YieldingYams,AverageAlmonds,7492829
2026-07-04T21:12:35.425313,2026-07-04T21:12:35.435380+00:00,130.4,200,ask,WavyWalnuts,YieldingYams,7492834
2026-07-04T21:12:36.354065,2026-07-04T21:12:36.364430+00:00,130.3,200,bid,WavyWalnuts,YieldingYams,7492847
2026-07-04T21:12:36.734188,2026-07-04T21:12:36.740928+00:00,130.3,500,bid,YieldingYams,AverageAlmonds,7492852
2026-07-04T21:12:36.914063,2026-07-04T21:12:36.924706+00:00,130.3,125,ask,YieldingYams,AverageAlmonds,7492856
2026-07-04T21:12:37.693615,2026-07-04T21:12:37.705559+00:00,130.2,25,ask,WavyWalnuts,Yinxuan Li,7492865
2026-07-04T21:12:38.044839,2026-07-04T21:12:38.052798+00:00,130.2,175,ask,WavyWalnuts,YieldingYams,7492871
2026-07-04T21:12:45.302674,2026-07-04T21:12:45.314718+00:00,130.1,20,bid,BrilliantBurritos,YieldingYams,7492979
2026-07-04T21:12:46.037068,2026-07-04T21:12:46.043592+00:00,130.0,200,ask,YieldingYams,WavyWalnuts,7492984
2026-07-04T21:12:47.268493,2026-07-04T21:12:47.275297+00:00,130.2,200,ask,YieldingYams,WavyWalnuts,7493006
2026-07-04T21:12:48.475807,2026-07-04T21:12:48.484690+00:00,130.2,200,ask,YieldingYams,WavyWalnuts,7493026
2026-07-04T21:12:48.969310,2026-07-04T21:12:48.981000+00:00,129.9,20,ask,WavyWalnuts,BrilliantBurritos,7493035
2026-07-04T21:12:50.892169,2026-07-04T21:12:50.901587+00:00,130.1,200,bid,WavyWalnuts,YieldingYams,7493056
2026-07-04T21:12:55.115390,2026-07-04T21:12:55.124264+00:00,130.2,500,bid,YieldingYams,AverageAlmonds,7493109
2026-07-04T21:12:55.115390,2026-07-04T21:12:55.124264+00:00,130.3,125,bid,YieldingYams,WavyWalnuts,7493110
2026-07-04T21:12:55.196259,2026-07-04T21:12:55.207110+00:00,130.0,20,ask,WavyWalnuts,BrilliantBurritos,7493111
2026-07-04T21:12:55.725985,2026-07-04T21:12:55.736881+00:00,130.2,200,bid,WavyWalnuts,AverageAlmonds,7493122
2026-07-04T21:12:56.426266,2026-07-04T21:12:56.435451+00:00,130.1,500,bid,YieldingYams,AverageAlmonds,7493134
2026-07-04T21:12:56.878974,2026-07-04T21:12:56.886939+00:00,130.1,125,ask,YieldingYams,AverageAlmonds,7493141
2026-07-04T21:12:56.936527,2026-07-04T21:12:56.944284+00:00,130.1,200,bid,WavyWalnuts,AverageAlmonds,7493143
2026-07-04T21:12:58.722893,2026-07-04T21:12:58.729906+00:00,130.1,200,ask,WavyWalnuts,AverageAlmonds,7493163
2026-07-04T21:12:59.351778,2026-07-04T21:12:59.363986+00:00,130.1,200,bid,WavyWalnuts,AverageAlmonds,7493169
2026-07-04T21:13:00.354256,2026-07-04T21:13:00.361451+00:00,130.1,500,bid,YieldingYams,AverageAlmonds,7493186
2026-07-04T21:13:00.525764,2026-07-04T21:13:00.537233+00:00,130.2,125,ask,YieldingYams,AverageAlmonds,7493190
2026-07-04T21:13:00.560987,2026-07-04T21:13:00.570801+00:00,130.1,200,bid,WavyWalnuts,AverageAlmonds,7493193
2026-07-04T21:13:02.973371,2026-07-04T21:13:02.984929+00:00,130.0,200,ask,WavyWalnuts,YieldingYams,7493227
2026-07-04T21:13:04.197559,2026-07-04T21:13:04.205171+00:00,129.9,200,bid,WavyWalnuts,YieldingYams,7493244
2026-07-04T21:13:06.829027,2026-07-04T21:13:06.836693+00:00,130.1,20,bid,BrilliantBurritos,WavyWalnuts,7493277
2026-07-04T21:13:06.900363,2026-07-04T21:13:06.907149+00:00,130.1,180,bid,YieldingYams,WavyWalnuts,7493279
2026-07-04T21:13:07.825431,2026-07-04T21:13:07.832472+00:00,130.2,200,ask,YieldingYams,WavyWalnuts,7493293
2026-07-04T21:13:10.241014,2026-07-04T21:13:10.248029+00:00,130.1,200,bid,WavyWalnuts,YieldingYams,7493320
2026-07-04T21:13:12.174679,2026-07-04T21:13:12.194869+00:00,130.1,200,ask,WavyWalnuts,YieldingYams,7493351
2026-07-04T21:13:12.191454,2026-07-04T21:13:12.194869+00:00,129.9,14,bid,Xuanyu Liu,YieldingYams,7493353
2026-07-04T21:13:12.671078,2026-07-04T21:13:12.680750+00:00,129.9,200,bid,WavyWalnuts,YieldingYams,7493361
2026-07-04T21:13:12.744512,2026-07-04T21:13:12.754425+00:00,129.9,25,bid,Yinxuan Li,YieldingYams,7493367
2026-07-04T21:13:14.791369,2026-07-04T21:13:14.799693+00:00,129.9,200,ask,WavyWalnuts,YieldingYams,7493400
2026-07-04T21:13:14.791369,2026-07-04T21:13:14.799693+00:00,129.9,425,ask,AverageAlmonds,YieldingYams,7493401
2026-07-04T21:13:22.653145,2026-07-04T21:13:22.657109+00:00,130.1,11,ask,YieldingYams,Xuanyu Liu,7493493
2026-07-04T21:13:26.006106,2026-07-04T21:13:26.016520+00:00,130.2,200,bid,WavyWalnuts,YieldingYams,7493546
2026-07-04T21:13:26.605299,2026-07-04T21:13:26.618769+00:00,130.3,3,ask,YieldingYams,Xuanyu Liu,7493554
2026-07-04T21:13:28.481819,2026-07-04T21:13:28.493598+00:00,130.3,20,ask,YieldingYams,BrilliantBurritos,7493579
2026-07-04T21:13:29.212584,2026-07-04T21:13:29.219645+00:00,130.5,200,bid,YieldingYams,WavyWalnuts,7493586
2026-07-04T21:13:29.212584,2026-07-04T21:13:29.224915+00:00,130.5,425,bid,YieldingYams,AverageAlmonds,7493587
2026-07-04T21:13:29.698692,2026-07-04T21:13:29.710631+00:00,130.5,20,ask,WavyWalnuts,BrilliantBurritos,7493593
2026-07-04T21:13:30.532334,2026-07-04T21:13:30.541357+00:00,130.5,180,ask,WavyWalnuts,YieldingYams,7493614
2026-07-04T21:13:30.842206,2026-07-04T21:13:30.851108+00:00,130.4,200,bid,WavyWalnuts,YieldingYams,7493615
2026-07-04T21:13:32.010794,2026-07-04T21:13:32.018918+00:00,130.4,500,ask,YieldingYams,AverageAlmonds,7493633
2026-07-04T21:13:32.051692,2026-07-04T21:13:32.054221+00:00,130.4,125,ask,YieldingYams,WavyWalnuts,7493634
2026-07-04T21:13:33.259085,2026-07-04T21:13:33.267481+00:00,130.3,200,bid,WavyWalnuts,YieldingYams,7493646
2026-07-04T21:13:33.499933,2026-07-04T21:13:33.503810+00:00,130.1,14,ask,YieldingYams,Xuanyu Liu,7493650
2026-07-04T21:13:34.501543,2026-07-04T21:13:34.505454+00:00,130.2,12,ask,YieldingYams,Xuanyu Liu,7493668
2026-07-04T21:13:36.664385,2026-07-04T21:13:36.668627+00:00,130.3,12,bid,Xuanyu Liu,WavyWalnuts,7493704
2026-07-04T21:13:36.918292,2026-07-04T21:13:36.925720+00:00,130.2,200,ask,YieldingYams,WavyWalnuts,7493707
2026-07-04T21:13:37.992511,2026-07-04T21:13:38.004419+00:00,130.3,20,ask,YieldingYams,BrilliantBurritos,7493721
2026-07-04T21:13:38.126812,2026-07-04T21:13:38.138138+00:00,130.3,200,ask,YieldingYams,WavyWalnuts,7493725
2026-07-04T21:13:41.764639,2026-07-04T21:13:41.767822+00:00,130.3,12,ask,WavyWalnuts,Xuanyu Liu,7493770
2026-07-04T21:13:42.361515,2026-07-04T21:13:42.374641+00:00,130.3,188,ask,WavyWalnuts,YieldingYams,7493788
2026-07-04T21:13:42.779671,2026-07-04T21:13:42.791197+00:00,130.1,25,ask,YieldingYams,Yinxuan Li,7493796
2026-07-04T21:13:42.961404,2026-07-04T21:13:42.969224+00:00,130.3,200,bid,WavyWalnuts,YieldingYams,7493801
2026-07-04T21:13:46.601026,2026-07-04T21:13:46.604514+00:00,130.3,11,ask,WavyWalnuts,Xuanyu Liu,7493853
2026-07-04T21:13:47.164265,2026-07-04T21:13:47.175777+00:00,130.3,189,ask,WavyWalnuts,AverageAlmonds,7493861
2026-07-04T21:13:51.545588,2026-07-04T21:13:51.554868+00:00,130.1,200,ask,WavyWalnuts,YieldingYams,7493930
2026-07-04T21:13:52.641366,2026-07-04T21:13:52.646099+00:00,130.0,12,ask,WavyWalnuts,Xuanyu Liu,7493942
2026-07-04T21:13:52.866964,2026-07-04T21:13:52.870663+00:00,130.1,11,ask,YieldingYams,Xuanyu Liu,7493950
2026-07-04T21:13:55.064019,2026-07-04T21:13:55.067846+00:00,130.2,11,ask,WavyWalnuts,Xuanyu Liu,7493978
2026-07-04T21:13:55.480068,2026-07-04T21:13:55.490761+00:00,130.2,189,ask,WavyWalnuts,YieldingYams,7493985
2026-07-04T21:13:58.754701,2026-07-04T21:13:58.758357+00:00,130.3,22,bid,Xuanyu Liu,YieldingYams,7494034
2026-07-04T21:13:59.416149,2026-07-04T21:13:59.436327+00:00,130.2,200,ask,WavyWalnuts,YieldingYams,7494039
2026-07-04T21:13:59.432852,2026-07-04T21:13:59.436327+00:00,130.2,12,bid,Xuanyu Liu,YieldingYams,7494041
2026-07-04T21:13:59.906666,2026-07-04T21:13:59.916330+00:00,130.2,200,bid,WavyWalnuts,YieldingYams,7494051
2026-07-04T21:14:07.174390,2026-07-04T21:14:07.185000+00:00,130.2,200,ask,YieldingYams,WavyWalnuts,7494162
2026-07-04T21:14:08.380963,2026-07-04T21:14:08.389648+00:00,130.2,200,bid,WavyWalnuts,YieldingYams,7494173
2026-07-04T21:14:11.410198,2026-07-04T21:14:11.413614+00:00,130.4,11,bid,Xuanyu Liu,AverageAlmonds,7494225
2026-07-04T21:14:12.881231,2026-07-04T21:14:12.893116+00:00,130.4,20,bid,BrilliantBurritos,WavyWalnuts,7494246
2026-07-04T21:14:13.245620,2026-07-04T21:14:13.249716+00:00,130.3,12,bid,Xuanyu Liu,WavyWalnuts,7494251
2026-07-04T21:14:13.864768,2026-07-04T21:14:13.868283+00:00,130.2,11,bid,Xuanyu Liu,YieldingYams,7494256
2026-07-04T21:14:14.464476,2026-07-04T21:14:14.468053+00:00,130.1,3,bid,Xuanyu Liu,WavyWalnuts,7494262
2026-07-04T21:14:15.178309,2026-07-04T21:14:15.181629+00:00,130.0,3,ask,YieldingYams,Xuanyu Liu,7494272
2026-07-04T21:14:19.306911,2026-07-04T21:14:19.310461+00:00,130.1,3,bid,Xuanyu Liu,WavyWalnuts,7494324
2026-07-04T21:14:20.419357,2026-07-04T21:14:20.428303+00:00,130.1,197,bid,YieldingYams,WavyWalnuts,7494337
2026-07-04T21:14:20.805742,2026-07-04T21:14:20.815783+00:00,130.3,20,bid,BrilliantBurritos,AverageAlmonds,7494340
2026-07-04T21:14:21.705297,2026-07-04T21:14:21.716504+00:00,130.3,200,bid,WavyWalnuts,AverageAlmonds,7494357
2026-07-04T21:14:25.915015,2026-07-04T21:14:25.923695+00:00,129.9,20,bid,BrilliantBurritos,WavyWalnuts,7494404
2026-07-04T21:14:27.768159,2026-07-04T21:14:27.774812+00:00,129.8,200,ask,YieldingYams,WavyWalnuts,7494433
2026-07-04T21:14:29.262297,2026-07-04T21:14:29.274009+00:00,129.9,20,bid,BrilliantBurritos,YieldingYams,7494450
2026-07-04T21:14:29.596723,2026-07-04T21:14:29.603291+00:00,129.8,200,ask,WavyWalnuts,YieldingYams,7494461
2026-07-04T21:14:31.408234,2026-07-04T21:14:31.419428+00:00,129.6,200,ask,YieldingYams,WavyWalnuts,7494479
2026-07-04T21:14:34.898447,2026-07-04T21:14:34.910008+00:00,129.6,20,ask,WavyWalnuts,BrilliantBurritos,7494526
2026-07-04T21:14:36.263071,2026-07-04T21:14:36.266767+00:00,129.7,3,ask,WavyWalnuts,Xuanyu Liu,7494560
2026-07-04T21:14:37.111796,2026-07-04T21:14:37.123422+00:00,129.7,20,ask,WavyWalnuts,BrilliantBurritos,7494570
2026-07-04T21:14:37.464452,2026-07-04T21:14:37.474359+00:00,129.8,200,bid,WavyWalnuts,YieldingYams,7494576
2026-07-04T21:14:38.672493,2026-07-04T21:14:38.679312+00:00,129.8,200,bid,WavyWalnuts,YieldingYams,7494595
2026-07-04T21:14:39.830726,2026-07-04T21:14:39.842140+00:00,129.8,500,ask,YieldingYams,AverageAlmonds,7494602
2026-07-04T21:14:40.087696,2026-07-04T21:14:40.096978+00:00,129.9,200,ask,WavyWalnuts,YieldingYams,7494607
2026-07-04T21:14:41.087839,2026-07-04T21:14:41.096419+00:00,129.8,200,bid,WavyWalnuts,YieldingYams,7494620
2026-07-04T21:14:41.397933,2026-07-04T21:14:41.405757+00:00,129.9,500,bid,YieldingYams,AverageAlmonds,7494623
2026-07-04T21:14:41.658889,2026-07-04T21:14:41.669146+00:00,129.9,125,ask,YieldingYams,AverageAlmonds,7494628
2026-07-04T21:14:42.500660,2026-07-04T21:14:42.509628+00:00,129.6,20,ask,WavyWalnuts,BrilliantBurritos,7494642
2026-07-04T21:14:44.020409,2026-07-04T21:14:44.027693+00:00,129.7,500,bid,YieldingYams,AverageAlmonds,7494661
2026-07-04T21:14:44.068576,2026-07-04T21:14:44.079592+00:00,129.7,125,ask,YieldingYams,AverageAlmonds,7494662
2026-07-04T21:14:44.676719,2026-07-04T21:14:44.684880+00:00,129.6,200,ask,WavyWalnuts,AverageAlmonds,7494668
2026-07-04T21:14:44.708466,2026-07-04T21:14:44.716124+00:00,129.6,200,bid,WavyWalnuts,AverageAlmonds,7494669
2026-07-04T21:14:45.892082,2026-07-04T21:14:45.895438+00:00,129.5,3,bid,Xuanyu Liu,AverageAlmonds,7494691
2026-07-04T21:14:47.898263,2026-07-04T21:14:47.909956+00:00,129.4,20,ask,WavyWalnuts,BrilliantBurritos,7494728
2026-07-04T21:14:47.960572,2026-07-04T21:14:47.970787+00:00,129.4,180,ask,WavyWalnuts,YieldingYams,7494730
2026-07-04T21:14:49.448872,2026-07-04T21:14:49.463806+00:00,129.4,20,bid,BrilliantBurritos,AverageAlmonds,7494746
2026-07-04T21:14:49.539093,2026-07-04T21:14:49.547816+00:00,129.3,500,ask,YieldingYams,AverageAlmonds,7494748
2026-07-04T21:14:50.132256,2026-07-04T21:14:50.142145+00:00,129.4,200,ask,WavyWalnuts,AverageAlmonds,7494756
2026-07-04T21:14:50.132256,2026-07-04T21:14:50.142145+00:00,129.3,125,ask,YieldingYams,AverageAlmonds,7494757
2026-07-04T21:14:50.794825,2026-07-04T21:14:50.804041+00:00,129.3,200,bid,WavyWalnuts,YieldingYams,7494772
2026-07-04T21:14:53.179801,2026-07-04T21:14:53.191188+00:00,129.2,200,ask,WavyWalnuts,AverageAlmonds,7494814
2026-07-04T21:14:53.221967,2026-07-04T21:14:53.231219+00:00,129.2,200,bid,WavyWalnuts,AverageAlmonds,7494816
2026-07-04T21:14:53.781730,2026-07-04T21:14:53.793249+00:00,129.1,500,ask,YieldingYams,AverageAlmonds,7494824
2026-07-04T21:14:54.989740,2026-07-04T21:14:55.013674+00:00,129.1,200,ask,WavyWalnuts,AverageAlmonds,7494841
2026-07-04T21:14:55.009990,2026-07-04T21:14:55.013674+00:00,129.1,3,bid,Xuanyu Liu,AverageAlmonds,7494845
2026-07-04T21:14:55.607713,2026-07-04T21:14:55.611454+00:00,129.0,11,bid,Xuanyu Liu,AverageAlmonds,7494856
2026-07-04T21:14:55.735927,2026-07-04T21:14:55.739710+00:00,128.9,14,ask,YieldingYams,Xuanyu Liu,7494860
2026-07-04T21:14:55.833501,2026-07-04T21:14:55.842707+00:00,129.0,489,bid,YieldingYams,AverageAlmonds,7494861
2026-07-04T21:14:55.833501,2026-07-04T21:14:55.842707+00:00,129.1,136,bid,YieldingYams,WavyWalnuts,7494862
2026-07-04T21:14:56.184792,2026-07-04T21:14:56.192906+00:00,128.9,200,ask,WavyWalnuts,AverageAlmonds,7494867
2026-07-04T21:14:56.855079,2026-07-04T21:14:56.853975+00:00,128.9,200,bid,WavyWalnuts,AverageAlmonds,7494878
2026-07-04T21:14:58.067232,2026-07-04T21:14:58.074554+00:00,128.9,200,bid,WavyWalnuts,YieldingYams,7494900
2026-07-04T21:14:58.457411,2026-07-04T21:14:58.477998+00:00,128.9,500,bid,YieldingYams,AverageAlmonds,7494902
2026-07-04T21:14:58.474478,2026-07-04T21:14:58.477998+00:00,129.0,3,ask,YieldingYams,Xuanyu Liu,7494904
2026-07-04T21:14:58.598465,2026-07-04T21:14:58.608808+00:00,129.0,122,ask,YieldingYams,AverageAlmonds,7494905
2026-07-04T21:14:59.770972,2026-07-04T21:14:59.789400+00:00,128.7,200,ask,WavyWalnuts,YieldingYams,7494923
2026-07-04T21:14:59.785821,2026-07-04T21:14:59.789400+00:00,128.7,3,bid,Xuanyu Liu,YieldingYams,7494925
2026-07-04T21:15:01.078670,2026-07-04T21:15:01.088157+00:00,128.7,200,bid,YieldingYams,WavyWalnuts,7494949
2026-07-04T21:15:01.701489,2026-07-04T21:15:01.709117+00:00,128.7,200,ask,YieldingYams,WavyWalnuts,7494957
2026-07-04T21:15:04.125214,2026-07-04T21:15:04.132548+00:00,128.6,200,ask,YieldingYams,WavyWalnuts,7494994
2026-07-04T21:15:07.758550,2026-07-04T21:15:07.770441+00:00,128.7,20,bid,BrilliantBurritos,WavyWalnuts,7495033
2026-07-04T21:15:10.705549,2026-07-04T21:15:10.714843+00:00,128.8,200,ask,WavyWalnuts,AverageAlmonds,7495077
2026-07-04T21:15:11.375631,2026-07-04T21:15:11.383138+00:00,128.7,200,ask,YieldingYams,WavyWalnuts,7495083
2026-07-04T21:15:12.076757,2026-07-04T21:15:12.088919+00:00,128.8,2,bid,Zihao Wu,YieldingYams,7495097
2026-07-04T21:15:16.209813,2026-07-04T21:15:16.219932+00:00,128.7,200,ask,YieldingYams,WavyWalnuts,7495149
2026-07-04T21:15:18.197550,2026-07-04T21:15:18.208870+00:00,128.6,200,ask,WavyWalnuts,YieldingYams,7495185
2026-07-04T21:15:20.832693,2026-07-04T21:15:20.836083+00:00,128.7,3,ask,YieldingYams,Xuanyu Liu,7495225
2026-07-04T21:15:23.457978,2026-07-04T21:15:23.469387+00:00,128.7,200,ask,YieldingYams,WavyWalnuts,7495272
2026-07-04T21:15:25.239180,2026-07-04T21:15:25.249772+00:00,128.7,500,bid,AverageAlmonds,YieldingYams,7495289
2026-07-04T21:15:26.073091,2026-07-04T21:15:26.081330+00:00,128.7,200,bid,YieldingYams,WavyWalnuts,7495302
2026-07-04T21:15:26.093404,2026-07-04T21:15:26.097811+00:00,128.9,34,ask,YieldingYams,Xuanyu Liu,7495305
2026-07-04T21:15:27.077668,2026-07-04T21:15:27.086153+00:00,128.9,200,ask,YieldingYams,WavyWalnuts,7495319
2026-07-04T21:15:28.043319,2026-07-04T21:15:28.051230+00:00,128.6,20,ask,WavyWalnuts,BrilliantBurritos,7495323
2026-07-04T21:15:30.590796,2026-07-04T21:15:30.598601+00:00,128.7,20,ask,WavyWalnuts,BrilliantBurritos,7495360
2026-07-04T21:15:30.688669,2026-07-04T21:15:30.697903+00:00,128.8,500,bid,AverageAlmonds,YieldingYams,7495361
2026-07-04T21:15:30.722280,2026-07-04T21:15:30.729329+00:00,128.8,125,bid,WavyWalnuts,YieldingYams,7495362
2026-07-04T21:15:35.249169,2026-07-04T21:15:35.258616+00:00,128.9,200,bid,YieldingYams,WavyWalnuts,7495435
2026-07-04T21:15:40.518389,2026-07-04T21:15:40.521982+00:00,129.0,12,ask,YieldingYams,Xuanyu Liu,7495533
2026-07-04T21:15:41.344791,2026-07-04T21:15:41.358599+00:00,129.0,20,ask,YieldingYams,BrilliantBurritos,7495549
2026-07-04T21:15:46.318716,2026-07-04T21:15:46.323014+00:00,129.0,34,ask,WavyWalnuts,Xuanyu Liu,7495624
2026-07-04T21:15:47.058118,2026-07-04T21:15:47.084431+00:00,129.1,200,bid,YieldingYams,WavyWalnuts,7495639
2026-07-04T21:15:47.080806,2026-07-04T21:15:47.084431+00:00,129.1,11,ask,YieldingYams,Xuanyu Liu,7495644
2026-07-04T21:15:47.664069,2026-07-04T21:15:47.672355+00:00,129.1,200,ask,YieldingYams,WavyWalnuts,7495655
2026-07-04T21:15:50.993171,2026-07-04T21:15:51.001434+00:00,129.1,200,bid,YieldingYams,WavyWalnuts,7495703
2026-07-04T21:15:54.934874,2026-07-04T21:15:54.943876+00:00,129.1,200,bid,YieldingYams,WavyWalnuts,7495758
2026-07-04T21:15:54.949220,2026-07-04T21:15:54.958604+00:00,129.1,200,ask,YieldingYams,WavyWalnuts,7495759
2026-07-04T21:15:56.250042,2026-07-04T21:15:56.266531+00:00,129.0,200,ask,WavyWalnuts,YieldingYams,7495768
2026-07-04T21:15:56.263385,2026-07-04T21:15:56.266531+00:00,129.0,34,bid,Xuanyu Liu,YieldingYams,7495771
2026-07-04T21:15:57.367209,2026-07-04T21:15:57.378040+00:00,129.0,200,bid,WavyWalnuts,YieldingYams,7495788
2026-07-04T21:15:58.876976,2026-07-04T21:15:58.887272+00:00,129.1,200,bid,YieldingYams,WavyWalnuts,7495811
2026-07-04T21:15:58.966143,2026-07-04T21:15:58.969424+00:00,129.1,34,ask,YieldingYams,Xuanyu Liu,7495817
2026-07-04T21:16:01.511598,2026-07-04T21:16:01.521413+00:00,129.1,200,bid,YieldingYams,WavyWalnuts,7495855
2026-07-04T21:16:02.198563,2026-07-04T21:16:02.205815+00:00,129.2,200,ask,YieldingYams,WavyWalnuts,7495864
2026-07-04T21:16:02.843595,2026-07-04T21:16:02.847277+00:00,129.0,45,bid,Xuanyu Liu,YieldingYams,7495876
2026-07-04T21:16:03.405791,2026-07-04T21:16:03.412870+00:00,129.0,200,bid,WavyWalnuts,YieldingYams,7495882
2026-07-04T21:16:05.284511,2026-07-04T21:16:05.287711+00:00,129.0,34,ask,YieldingYams,Xuanyu Liu,7495911
2026-07-04T21:16:05.838463,2026-07-04T21:16:05.842196+00:00,129.1,11,ask,WavyWalnuts,Xuanyu Liu,7495918
2026-07-04T21:16:05.920911,2026-07-04T21:16:05.932718+00:00,129.1,20,ask,WavyWalnuts,BrilliantBurritos,7495921
2026-07-04T21:16:06.758194,2026-07-04T21:16:06.769290+00:00,129.1,169,ask,WavyWalnuts,YieldingYams,7495936
2026-07-04T21:16:09.487271,2026-07-04T21:16:09.491522+00:00,129.1,11,bid,Xuanyu Liu,WavyWalnuts,7495985
2026-07-04T21:16:09.882092,2026-07-04T21:16:09.891837+00:00,129.1,20,bid,BrilliantBurritos,WavyWalnuts,7495987
2026-07-04T21:16:11.995416,2026-07-04T21:16:12.006996+00:00,129.1,200,bid,YieldingYams,WavyWalnuts,7496019
2026-07-04T21:16:13.083439,2026-07-04T21:16:13.094794+00:00,129.1,200,ask,YieldingYams,WavyWalnuts,7496030
2026-07-04T21:16:13.323575,2026-07-04T21:16:13.327184+00:00,129.2,12,bid,Xuanyu Liu,YieldingYams,7496038
2026-07-04T21:16:14.632027,2026-07-04T21:16:14.635600+00:00,129.1,11,bid,Xuanyu Liu,YieldingYams,7496050
2026-07-04T21:16:18.540926,2026-07-04T21:16:18.553004+00:00,129.0,500,ask,AverageAlmonds,YieldingYams,7496102
2026-07-04T21:16:18.540926,2026-07-04T21:16:18.553004+00:00,128.9,125,ask,WavyWalnuts,YieldingYams,7496103
2026-07-04T21:16:21.903636,2026-07-04T21:16:21.907077+00:00,129.3,11,bid,Xuanyu Liu,YieldingYams,7496173
2026-07-04T21:16:22.784230,2026-07-04T21:16:22.788242+00:00,129.2,12,bid,Xuanyu Liu,WavyWalnuts,7496184
2026-07-04T21:16:24.201026,2026-07-04T21:16:24.204652+00:00,129.2,11,bid,Xuanyu Liu,YieldingYams,7496203
2026-07-04T21:16:26.399533,2026-07-04T21:16:26.410953+00:00,129.2,200,ask,WavyWalnuts,YieldingYams,7496242
2026-07-04T21:16:27.805430,2026-07-04T21:16:27.817049+00:00,129.4,20,bid,BrilliantBurritos,WavyWalnuts,7496265
2026-07-04T21:16:28.064602,2026-07-04T21:16:28.073786+00:00,129.4,20,bid,BrilliantBurritos,WavyWalnuts,7496271
2026-07-04T21:16:28.819067,2026-07-04T21:16:28.822677+00:00,129.2,12,bid,Xuanyu Liu,WavyWalnuts,7496293
2026-07-04T21:16:31.630380,2026-07-04T21:16:31.637958+00:00,129.2,200,bid,YieldingYams,WavyWalnuts,7496336
2026-07-04T21:16:34.873682,2026-07-04T21:16:34.884366+00:00,129.2,200,ask,YieldingYams,WavyWalnuts,7496384
2026-07-04T21:16:37.302982,2026-07-04T21:16:37.313332+00:00,129.3,200,bid,WavyWalnuts,AverageAlmonds,7496412
2026-07-04T21:16:39.722440,2026-07-04T21:16:39.728963+00:00,129.2,200,ask,YieldingYams,WavyWalnuts,7496449
2026-07-04T21:16:40.944734,2026-07-04T21:16:40.948841+00:00,129.3,11,bid,Xuanyu Liu,WavyWalnuts,7496473
2026-07-04T21:16:44.764024,2026-07-04T21:16:44.775488+00:00,129.4,200,ask,WavyWalnuts,YieldingYams,7496525
2026-07-04T21:16:46.370491,2026-07-04T21:16:46.374241+00:00,129.5,3,bid,Xuanyu Liu,AverageAlmonds,7496547
2026-07-04T21:16:46.993317,2026-07-04T21:16:47.000088+00:00,129.5,200,bid,WavyWalnuts,AverageAlmonds,7496557
2026-07-04T21:16:49.409815,2026-07-04T21:16:49.417920+00:00,129.5,200,bid,WavyWalnuts,YieldingYams,7496582
2026-07-04T21:16:50.632329,2026-07-04T21:16:50.636392+00:00,129.5,3,ask,WavyWalnuts,Xuanyu Liu,7496602
2026-07-04T21:16:51.188565,2026-07-04T21:16:51.199925+00:00,129.5,197,ask,WavyWalnuts,AverageAlmonds,7496610
2026-07-04T21:16:52.395037,2026-07-04T21:16:52.405211+00:00,129.5,200,ask,WavyWalnuts,AverageAlmonds,7496616
2026-07-04T21:16:53.934398,2026-07-04T21:16:53.945724+00:00,129.5,200,bid,YieldingYams,WavyWalnuts,7496642
2026-07-04T21:16:54.254889,2026-07-04T21:16:54.263723+00:00,129.6,200,ask,YieldingYams,WavyWalnuts,7496646
2026-07-04T21:16:54.590366,2026-07-04T21:16:54.602200+00:00,129.7,20,bid,BrilliantBurritos,AverageAlmonds,7496647
2026-07-04T21:16:54.982782,2026-07-04T21:16:54.994327+00:00,129.7,20,bid,BrilliantBurritos,AverageAlmonds,7496654
2026-07-04T21:16:56.672860,2026-07-04T21:16:56.682822+00:00,129.5,200,ask,YieldingYams,WavyWalnuts,7496673
2026-07-04T21:16:57.879682,2026-07-04T21:16:57.890011+00:00,129.5,200,ask,YieldingYams,WavyWalnuts,7496693
2026-07-04T21:16:59.085770,2026-07-04T21:16:59.096719+00:00,129.5,200,ask,YieldingYams,WavyWalnuts,7496703
2026-07-04T21:17:02.744449,2026-07-04T21:17:02.754198+00:00,129.4,200,bid,WavyWalnuts,YieldingYams,7496763
2026-07-04T21:17:06.382995,2026-07-04T21:17:06.391645+00:00,129.3,200,ask,YieldingYams,WavyWalnuts,7496815
2026-07-04T21:17:08.799582,2026-07-04T21:17:08.808738+00:00,129.3,200,bid,WavyWalnuts,YieldingYams,7496854
2026-07-04T21:17:09.005588,2026-07-04T21:17:09.014098+00:00,129.3,20,bid,BrilliantBurritos,YieldingYams,7496858
2026-07-04T21:17:13.580153,2026-07-04T21:17:13.588923+00:00,129.2,200,ask,WavyWalnuts,YieldingYams,7496907
2026-07-04T21:17:16.874754,2026-07-04T21:17:16.886707+00:00,129.2,20,ask,WavyWalnuts,BrilliantBurritos,7496968
2026-07-04T21:17:17.278131,2026-07-04T21:17:17.281930+00:00,129.4,23,ask,WavyWalnuts,Xuanyu Liu,7496978
2026-07-04T21:17:17.514618,2026-07-04T21:17:17.523706+00:00,129.4,177,ask,WavyWalnuts,YieldingYams,7496980
2026-07-04T21:17:18.825812,2026-07-04T21:17:18.833998+00:00,129.4,200,bid,YieldingYams,WavyWalnuts,7497005
2026-07-04T21:17:19.324622,2026-07-04T21:17:19.336253+00:00,129.4,20,ask,YieldingYams,BrilliantBurritos,7497011
2026-07-04T21:17:19.686728,2026-07-04T21:17:19.695391+00:00,129.4,200,ask,YieldingYams,WavyWalnuts,7497014
2026-07-04T21:17:20.902062,2026-07-04T21:17:20.913459+00:00,129.3,200,ask,YieldingYams,WavyWalnuts,7497034
2026-07-04T21:17:23.323275,2026-07-04T21:17:23.338496+00:00,129.3,200,ask,YieldingYams,WavyWalnuts,7497072
2026-07-04T21:17:25.753250,2026-07-04T21:17:25.758547+00:00,129.3,200,bid,WavyWalnuts,YieldingYams,7497097
2026-07-04T21:17:27.981910,2026-07-04T21:17:27.991935+00:00,129.4,200,bid,YieldingYams,WavyWalnuts,7497134
2026-07-04T21:17:27.981910,2026-07-04T21:17:27.991935+00:00,129.4,425,bid,YieldingYams,AverageAlmonds,7497135
2026-07-04T21:17:31.187729,2026-07-04T21:17:31.195389+00:00,129.3,200,ask,WavyWalnuts,AverageAlmonds,7497189
2026-07-04T21:17:31.768839,2026-07-04T21:17:31.780201+00:00,129.2,500,ask,YieldingYams,AverageAlmonds,7497195
2026-07-04T21:17:37.164445,2026-07-04T21:17:37.167971+00:00,129.0,12,bid,Xuanyu Liu,YieldingYams,7497292
2026-07-04T21:17:39.766534,2026-07-04T21:17:39.790790+00:00,128.9,200,ask,WavyWalnuts,YieldingYams,7497330
2026-07-04T21:17:39.787598,2026-07-04T21:17:39.790790+00:00,128.8,14,bid,Xuanyu Liu,YieldingYams,7497333
2026-07-04T21:17:40.264922,2026-07-04T21:17:40.274965+00:00,128.8,200,bid,WavyWalnuts,YieldingYams,7497336
2026-07-04T21:17:40.343162,2026-07-04T21:17:40.358613+00:00,128.5,20,ask,YieldingYams,BrilliantBurritos,7497337
2026-07-04T21:17:41.489989,2026-07-04T21:17:41.493903+00:00,128.7,3,ask,WavyWalnuts,Xuanyu Liu,7497357
2026-07-04T21:17:42.399667,2026-07-04T21:17:42.403400+00:00,128.8,11,ask,YieldingYams,Xuanyu Liu,7497382
2026-07-04T21:17:42.697034,2026-07-04T21:17:42.706520+00:00,128.9,200,bid,WavyWalnuts,AverageAlmonds,7497386
2026-07-04T21:17:43.348983,2026-07-04T21:17:43.352502+00:00,128.9,11,bid,Xuanyu Liu,AverageAlmonds,7497400
2026-07-04T21:17:43.580697,2026-07-04T21:17:43.592493+00:00,128.8,22,ask,YieldingYams,Zihao Wu,7497402
2026-07-04T21:17:46.311607,2026-07-04T21:17:46.318813+00:00,128.8,200,bid,YieldingYams,WavyWalnuts,7497451
2026-07-04T21:17:46.331318,2026-07-04T21:17:46.339624+00:00,128.9,200,ask,YieldingYams,WavyWalnuts,7497452
2026-07-04T21:17:46.642805,2026-07-04T21:17:46.658606+00:00,129.1,20,bid,BrilliantBurritos,AverageAlmonds,7497453
2026-07-04T21:17:47.545439,2026-07-04T21:17:47.553330+00:00,128.9,200,ask,YieldingYams,WavyWalnuts,7497463
2026-07-04T21:17:53.874840,2026-07-04T21:17:53.886326+00:00,129.0,20,bid,BrilliantBurritos,WavyWalnuts,7497556
2026-07-04T21:17:54.696261,2026-07-04T21:17:54.708202+00:00,128.8,20,ask,WavyWalnuts,BrilliantBurritos,7497572
2026-07-04T21:17:56.033640,2026-07-04T21:17:56.043335+00:00,128.8,200,ask,YieldingYams,WavyWalnuts,7497589
2026-07-04T21:17:56.269382,2026-07-04T21:17:56.278129+00:00,128.8,20,ask,YieldingYams,BrilliantBurritos,7497595
2026-07-04T21:18:03.297493,2026-07-04T21:18:03.302209+00:00,128.8,200,ask,YieldingYams,WavyWalnuts,7497683
2026-07-04T21:18:03.680565,2026-07-04T21:18:03.688364+00:00,128.9,22,bid,Zihao Wu,YieldingYams,7497689
2026-07-04T21:18:04.507596,2026-07-04T21:18:04.519253+00:00,128.7,200,ask,YieldingYams,WavyWalnuts,7497699
2026-07-04T21:18:06.927331,2026-07-04T21:18:06.936814+00:00,128.5,200,ask,YieldingYams,WavyWalnuts,7497729
2026-07-04T21:18:11.865799,2026-07-04T21:18:11.869578+00:00,128.5,23,ask,YieldingYams,Xuanyu Liu,7497787
2026-07-04T21:18:12.954181,2026-07-04T21:18:12.957844+00:00,128.6,11,ask,AverageAlmonds,Xuanyu Liu,7497803
2026-07-04T21:18:12.975022,2026-07-04T21:18:12.983878+00:00,128.7,200,bid,WavyWalnuts,YieldingYams,7497804
2026-07-04T21:18:13.864317,2026-07-04T21:18:13.868543+00:00,128.7,12,ask,YieldingYams,Xuanyu Liu,7497814
2026-07-04T21:18:14.188231,2026-07-04T21:18:14.196613+00:00,128.7,200,ask,YieldingYams,WavyWalnuts,7497822
2026-07-04T21:18:16.472095,2026-07-04T21:18:16.480722+00:00,128.7,200,ask,WavyWalnuts,YieldingYams,7497856
2026-07-04T21:18:16.503244,2026-07-04T21:18:16.511104+00:00,128.7,20,bid,BrilliantBurritos,YieldingYams,7497857
2026-07-04T21:18:17.779390,2026-07-04T21:18:17.790451+00:00,128.7,200,bid,YieldingYams,WavyWalnuts,7497876
2026-07-04T21:18:19.092307,2026-07-04T21:18:19.102694+00:00,128.7,200,ask,WavyWalnuts,YieldingYams,7497903
2026-07-04T21:18:20.238032,2026-07-04T21:18:20.247152+00:00,128.7,200,bid,WavyWalnuts,YieldingYams,7497921
2026-07-04T21:18:21.708348,2026-07-04T21:18:21.716319+00:00,128.8,200,bid,YieldingYams,WavyWalnuts,7497940
2026-07-04T21:18:25.337991,2026-07-04T21:18:25.342398+00:00,128.7,11,ask,AverageAlmonds,Xuanyu Liu,7497992
2026-07-04T21:18:25.670807,2026-07-04T21:18:25.674781+00:00,128.8,11,ask,YieldingYams,Xuanyu Liu,7498001
2026-07-04T21:18:26.295815,2026-07-04T21:18:26.299533+00:00,128.9,12,ask,WavyWalnuts,Xuanyu Liu,7498010
2026-07-04T21:18:26.311181,2026-07-04T21:18:26.322690+00:00,128.9,22,ask,WavyWalnuts,Zihao Wu,7498011
2026-07-04T21:18:29.871092,2026-07-04T21:18:29.879706+00:00,128.8,20,ask,WavyWalnuts,BrilliantBurritos,7498063
2026-07-04T21:18:29.903415,2026-07-04T21:18:29.910897+00:00,129.0,200,bid,WavyWalnuts,YieldingYams,7498067
2026-07-04T21:18:32.344969,2026-07-04T21:18:32.348765+00:00,128.9,12,bid,Xuanyu Liu,WavyWalnuts,7498108
2026-07-04T21:18:33.517083,2026-07-04T21:18:33.527805+00:00,128.9,188,bid,YieldingYams,WavyWalnuts,7498138
2026-07-04T21:18:35.321285,2026-07-04T21:18:35.330875+00:00,128.9,20,ask,YieldingYams,BrilliantBurritos,7498172
2026-07-04T21:18:36.607980,2026-07-04T21:18:36.619456+00:00,129.0,20,ask,WavyWalnuts,BrilliantBurritos,7498200
2026-07-04T21:18:39.589922,2026-07-04T21:18:39.600202+00:00,129.0,200,ask,YieldingYams,WavyWalnuts,7498245
2026-07-04T21:18:41.370605,2026-07-04T21:18:41.380079+00:00,129.1,200,bid,YieldingYams,WavyWalnuts,7498264
2026-07-04T21:18:43.426219,2026-07-04T21:18:43.430121+00:00,129.3,11,bid,Xuanyu Liu,YieldingYams,7498290
2026-07-04T21:18:44.395064,2026-07-04T21:18:44.415473+00:00,129.2,200,ask,WavyWalnuts,AverageAlmonds,7498308
2026-07-04T21:18:44.411964,2026-07-04T21:18:44.415473+00:00,129.2,11,bid,Xuanyu Liu,AverageAlmonds,7498311
2026-07-04T21:18:45.300157,2026-07-04T21:18:45.309706+00:00,129.2,500,bid,YieldingYams,AverageAlmonds,7498322
2026-07-04T21:18:45.417746,2026-07-04T21:18:45.429640+00:00,129.3,20,bid,BrilliantBurritos,WavyWalnuts,7498325
2026-07-04T21:18:46.337349,2026-07-04T21:18:46.349323+00:00,129.3,22,bid,Zihao Wu,AverageAlmonds,7498345
2026-07-04T21:18:49.810629,2026-07-04T21:18:49.814565+00:00,129.3,35,bid,Xuanyu Liu,AverageAlmonds,7498408
2026-07-04T21:18:50.498423,2026-07-04T21:18:50.509390+00:00,129.3,200,bid,WavyWalnuts,AverageAlmonds,7498417
2026-07-04T21:18:53.183898,2026-07-04T21:18:53.191230+00:00,129.3,500,bid,YieldingYams,AverageAlmonds,7498469
2026-07-04T21:18:53.455889,2026-07-04T21:18:53.463598+00:00,129.3,125,ask,YieldingYams,AverageAlmonds,7498472
2026-07-04T21:18:58.440999,2026-07-04T21:18:58.448825+00:00,129.2,200,bid,YieldingYams,WavyWalnuts,7498551
2026-07-04T21:19:00.959837,2026-07-04T21:19:00.969205+00:00,129.4,20,bid,BrilliantBurritos,WavyWalnuts,7498589
2026-07-04T21:19:02.027343,2026-07-04T21:19:02.038917+00:00,129.3,20,ask,YieldingYams,BrilliantBurritos,7498600
2026-07-04T21:19:02.487689,2026-07-04T21:19:02.491987+00:00,129.4,14,bid,Xuanyu Liu,WavyWalnuts,7498610
2026-07-04T21:19:07.601533,2026-07-04T21:19:07.612545+00:00,129.5,500,bid,YieldingYams,AverageAlmonds,7498694
2026-07-04T21:19:07.601533,2026-07-04T21:19:07.612545+00:00,129.6,125,bid,YieldingYams,WavyWalnuts,7498695
2026-07-04T21:19:08.911528,2026-07-04T21:19:08.919394+00:00,129.4,200,ask,WavyWalnuts,YieldingYams,7498713
2026-07-04T21:19:09.867193,2026-07-04T21:19:09.877099+00:00,129.4,200,bid,WavyWalnuts,YieldingYams,7498727
2026-07-04T21:19:10.219995,2026-07-04T21:19:10.227231+00:00,129.5,500,bid,YieldingYams,AverageAlmonds,7498734
2026-07-04T21:19:11.017910,2026-07-04T21:19:11.026314+00:00,129.5,125,ask,YieldingYams,AverageAlmonds,7498750
2026-07-04T21:19:11.785322,2026-07-04T21:19:11.864898+00:00,129.4,20,bid,BrilliantBurritos,YieldingYams,7498765
2026-07-04T21:19:12.225554,2026-07-04T21:19:12.236509+00:00,129.3,200,ask,WavyWalnuts,AverageAlmonds,7498770
2026-07-04T21:19:12.842487,2026-07-04T21:19:12.849649+00:00,129.3,500,bid,YieldingYams,AverageAlmonds,7498781
2026-07-04T21:19:13.455875,2026-07-04T21:19:13.458557+00:00,129.3,125,ask,YieldingYams,AverageAlmonds,7498790
2026-07-04T21:19:13.496449,2026-07-04T21:19:13.508092+00:00,129.3,200,bid,WavyWalnuts,AverageAlmonds,7498793
2026-07-04T21:19:14.163804,2026-07-04T21:19:14.167330+00:00,129.1,3,bid,Xuanyu Liu,YieldingYams,7498808
2026-07-04T21:19:14.705060,2026-07-04T21:19:14.713282+00:00,129.1,200,bid,WavyWalnuts,YieldingYams,7498825
2026-07-04T21:19:15.912639,2026-07-04T21:19:15.922624+00:00,129.1,200,bid,WavyWalnuts,YieldingYams,7498838
2026-07-04T21:19:16.785283,2026-07-04T21:19:16.789457+00:00,128.9,3,ask,YieldingYams,Xuanyu Liu,7498853
2026-07-04T21:19:16.986988,2026-07-04T21:19:16.999121+00:00,128.9,20,ask,YieldingYams,BrilliantBurritos,7498855
2026-07-04T21:19:18.077470,2026-07-04T21:19:18.088851+00:00,129.1,200,bid,YieldingYams,WavyWalnuts,7498871
2026-07-04T21:19:18.362075,2026-07-04T21:19:18.369250+00:00,129.1,200,ask,YieldingYams,WavyWalnuts,7498876
2026-07-04T21:19:19.723700,2026-07-04T21:19:19.740403+00:00,128.9,20,ask,YieldingYams,BrilliantBurritos,7498900
2026-07-04T21:19:31.682249,2026-07-04T21:19:31.691667+00:00,128.9,200,bid,WavyWalnuts,YieldingYams,7499081
2026-07-04T21:19:32.470489,2026-07-04T21:19:32.477814+00:00,129.1,200,bid,YieldingYams,WavyWalnuts,7499092
2026-07-04T21:19:32.470489,2026-07-04T21:19:32.483015+00:00,129.1,425,bid,YieldingYams,AverageAlmonds,7499093
2026-07-04T21:19:36.529179,2026-07-04T21:19:36.536467+00:00,128.9,200,ask,YieldingYams,WavyWalnuts,7499133
2026-07-04T21:19:36.854040,2026-07-04T21:19:36.858628+00:00,128.9,20,ask,YieldingYams,BrilliantBurritos,7499136
2026-07-04T21:19:38.949405,2026-07-04T21:19:38.958609+00:00,128.8,200,bid,WavyWalnuts,YieldingYams,7499156
2026-07-04T21:19:41.387151,2026-07-04T21:19:41.391368+00:00,128.8,3,ask,WavyWalnuts,Xuanyu Liu,7499183
2026-07-04T21:19:43.803398,2026-07-04T21:19:43.809824+00:00,128.9,200,bid,WavyWalnuts,YieldingYams,7499217
2026-07-04T21:19:47.442559,2026-07-04T21:19:47.458576+00:00,129.0,200,ask,YieldingYams,WavyWalnuts,7499285
2026-07-04T21:19:52.283333,2026-07-04T21:19:52.293248+00:00,129.0,200,bid,WavyWalnuts,YieldingYams,7499359
2026-07-04T21:19:53.475385,2026-07-04T21:19:53.478883+00:00,128.9,23,ask,YieldingYams,Xuanyu Liu,7499387
2026-07-04T21:19:54.698593,2026-07-04T21:19:54.708377+00:00,129.1,200,bid,WavyWalnuts,YieldingYams,7499399
2026-07-04T21:19:54.783512,2026-07-04T21:19:54.787133+00:00,129.0,11,ask,YieldingYams,Xuanyu Liu,7499405
2026-07-04T21:19:56.319737,2026-07-04T21:19:56.323290+00:00,129.2,11,bid,Xuanyu Liu,AverageAlmonds,7499428
2026-07-04T21:19:57.396427,2026-07-04T21:19:57.416487+00:00,129.0,200,ask,WavyWalnuts,YieldingYams,7499437
2026-07-04T21:19:57.413141,2026-07-04T21:19:57.416487+00:00,129.0,12,bid,Xuanyu Liu,YieldingYams,7499439
