timestamp,recv_time,price,volume,aggressor_side,buyer,seller,trade_id
2026-07-08T21:00:01.671936,2026-07-08T21:00:01.679633+00:00,145.3,200,ask,YieldingYams,WavyWalnuts,12688756
2026-07-08T21:00:07.741450,2026-07-08T21:00:07.750827+00:00,145.5,200,ask,YieldingYams,WavyWalnuts,12688843
2026-07-08T21:00:08.950338,2026-07-08T21:00:08.961112+00:00,145.4,200,bid,WavyWalnuts,YieldingYams,12688860
2026-07-08T21:00:10.727957,2026-07-08T21:00:10.738903+00:00,145.5,200,ask,WavyWalnuts,AverageAlmonds,12688881
2026-07-08T21:00:10.915411,2026-07-08T21:00:10.921971+00:00,145.5,20,bid,BrilliantBurritos,AverageAlmonds,12688884
2026-07-08T21:00:11.936137,2026-07-08T21:00:11.943988+00:00,145.4,200,ask,WavyWalnuts,AverageAlmonds,12688896
2026-07-08T21:00:11.936137,2026-07-08T21:00:11.949010+00:00,145.4,300,ask,YieldingYams,AverageAlmonds,12688897
2026-07-08T21:00:12.533017,2026-07-08T21:00:12.543004+00:00,145.4,325,ask,YieldingYams,AverageAlmonds,12688903
2026-07-08T21:00:15.020393,2026-07-08T21:00:15.032179+00:00,145.3,200,bid,WavyWalnuts,YieldingYams,12688945
2026-07-08T21:00:16.235791,2026-07-08T21:00:16.246180+00:00,145.1,200,ask,YieldingYams,WavyWalnuts,12688974
2026-07-08T21:00:16.628788,2026-07-08T21:00:16.632276+00:00,145.1,23,ask,YieldingYams,Xuanyu Liu,12688983
2026-07-08T21:00:17.386984,2026-07-08T21:00:17.398444+00:00,145.0,500,ask,YieldingYams,AverageAlmonds,12688991
2026-07-08T21:00:17.985033,2026-07-08T21:00:17.996364+00:00,145.0,125,ask,YieldingYams,AverageAlmonds,12689002
2026-07-08T21:00:17.985033,2026-07-08T21:00:17.996364+00:00,145.0,200,ask,WavyWalnuts,AverageAlmonds,12689003
2026-07-08T21:00:18.647625,2026-07-08T21:00:18.654629+00:00,144.9,200,bid,WavyWalnuts,YieldingYams,12689019
2026-07-08T21:00:23.299239,2026-07-08T21:00:23.303709+00:00,144.7,12,bid,Xuanyu Liu,YieldingYams,12689080
2026-07-08T21:00:24.693673,2026-07-08T21:00:24.700490+00:00,144.7,200,bid,WavyWalnuts,YieldingYams,12689096
2026-07-08T21:00:27.222429,2026-07-08T21:00:27.231463+00:00,144.7,500,bid,YieldingYams,AverageAlmonds,12689125
2026-07-08T21:00:27.675296,2026-07-08T21:00:27.685458+00:00,144.7,125,ask,YieldingYams,AverageAlmonds,12689131
2026-07-08T21:00:29.255195,2026-07-08T21:00:29.259234+00:00,144.7,11,bid,Xuanyu Liu,YieldingYams,12689160
2026-07-08T21:00:35.591148,2026-07-08T21:00:35.600888+00:00,144.7,20,bid,BrilliantBurritos,YieldingYams,12689234
2026-07-08T21:00:39.798641,2026-07-08T21:00:39.809144+00:00,144.7,500,ask,YieldingYams,AverageAlmonds,12689277
2026-07-08T21:00:40.342077,2026-07-08T21:00:40.349924+00:00,144.7,200,ask,WavyWalnuts,YieldingYams,12689287
2026-07-08T21:00:41.671161,2026-07-08T21:00:41.679475+00:00,144.7,200,bid,WavyWalnuts,AverageAlmonds,12689307
2026-07-08T21:00:44.093642,2026-07-08T21:00:44.158667+00:00,144.7,200,bid,WavyWalnuts,YieldingYams,12689340
2026-07-08T21:00:45.301774,2026-07-08T21:00:45.311782+00:00,144.7,200,bid,WavyWalnuts,YieldingYams,12689359
2026-07-08T21:00:49.477483,2026-07-08T21:00:49.484305+00:00,144.6,200,ask,WavyWalnuts,AverageAlmonds,12689404
2026-07-08T21:00:50.151912,2026-07-08T21:00:50.163869+00:00,144.5,200,bid,WavyWalnuts,YieldingYams,12689414
2026-07-08T21:00:51.464637,2026-07-08T21:00:51.468433+00:00,144.4,23,ask,WavyWalnuts,Xuanyu Liu,12689442
2026-07-08T21:00:52.523234,2026-07-08T21:00:52.531834+00:00,144.5,500,ask,YieldingYams,AverageAlmonds,12689463
2026-07-08T21:00:53.462725,2026-07-08T21:00:53.469928+00:00,144.4,200,ask,WavyWalnuts,YieldingYams,12689477
2026-07-08T21:00:53.481267,2026-07-08T21:00:53.484981+00:00,144.3,35,bid,Xuanyu Liu,YieldingYams,12689479
2026-07-08T21:00:53.771694,2026-07-08T21:00:53.781580+00:00,144.3,200,bid,WavyWalnuts,YieldingYams,12689482
2026-07-08T21:00:54.773605,2026-07-08T21:00:54.783909+00:00,144.5,200,bid,YieldingYams,WavyWalnuts,12689503
2026-07-08T21:00:54.773605,2026-07-08T21:00:54.783909+00:00,144.5,425,bid,YieldingYams,AverageAlmonds,12689504
2026-07-08T21:00:54.962534,2026-07-08T21:00:54.971099+00:00,144.6,20,bid,BrilliantBurritos,AverageAlmonds,12689506
2026-07-08T21:00:58.759328,2026-07-08T21:00:58.768740+00:00,144.2,20,ask,YieldingYams,BrilliantBurritos,12689558
2026-07-08T21:01:00.949379,2026-07-08T21:01:00.953345+00:00,144.3,12,ask,YieldingYams,Xuanyu Liu,12689595
2026-07-08T21:01:00.992838,2026-07-08T21:01:01.001725+00:00,144.3,500,ask,YieldingYams,AverageAlmonds,12689596
2026-07-08T21:01:01.337516,2026-07-08T21:01:01.344720+00:00,144.3,200,ask,WavyWalnuts,YieldingYams,12689606
2026-07-08T21:01:04.405251,2026-07-08T21:01:04.412452+00:00,144.1,20,ask,WavyWalnuts,BrilliantBurritos,12689647
2026-07-08T21:01:07.917969,2026-07-08T21:01:07.921479+00:00,144.1,11,ask,YieldingYams,Xuanyu Liu,12689691
2026-07-08T21:01:08.594387,2026-07-08T21:01:08.605494+00:00,144.1,20,ask,YieldingYams,BrilliantBurritos,12689700
2026-07-08T21:01:11.897208,2026-07-08T21:01:11.907771+00:00,144.2,500,ask,YieldingYams,AverageAlmonds,12689737
2026-07-08T21:01:11.930662,2026-07-08T21:01:11.939245+00:00,144.2,125,ask,YieldingYams,WavyWalnuts,12689740
2026-07-08T21:01:14.350175,2026-07-08T21:01:14.358626+00:00,144.2,200,bid,WavyWalnuts,YieldingYams,12689779
2026-07-08T21:01:15.558232,2026-07-08T21:01:15.568662+00:00,144.1,200,bid,WavyWalnuts,YieldingYams,12689800
2026-07-08T21:01:17.516332,2026-07-08T21:01:17.528044+00:00,144.1,20,ask,WavyWalnuts,BrilliantBurritos,12689821
2026-07-08T21:01:19.164809,2026-07-08T21:01:19.174164+00:00,144.2,500,ask,YieldingYams,AverageAlmonds,12689849
2026-07-08T21:01:19.762891,2026-07-08T21:01:19.774112+00:00,144.2,500,ask,YieldingYams,AverageAlmonds,12689853
2026-07-08T21:01:19.889234,2026-07-08T21:01:19.892875+00:00,144.3,23,bid,Xuanyu Liu,WavyWalnuts,12689858
2026-07-08T21:01:20.364128,2026-07-08T21:01:20.398440+00:00,144.2,125,ask,YieldingYams,AverageAlmonds,12689865
2026-07-08T21:01:20.383865,2026-07-08T21:01:20.398440+00:00,144.2,11,bid,Xuanyu Liu,AverageAlmonds,12689868
2026-07-08T21:01:20.989275,2026-07-08T21:01:20.992847+00:00,144.1,3,bid,Xuanyu Liu,AverageAlmonds,12689880
2026-07-08T21:01:21.028310,2026-07-08T21:01:21.039829+00:00,144.0,200,ask,WavyWalnuts,YieldingYams,12689882
2026-07-08T21:01:22.850215,2026-07-08T21:01:22.861077+00:00,143.9,200,ask,YieldingYams,WavyWalnuts,12689902
2026-07-08T21:01:23.099696,2026-07-08T21:01:23.104107+00:00,143.9,3,ask,YieldingYams,Xuanyu Liu,12689907
2026-07-08T21:01:27.000916,2026-07-08T21:01:27.012809+00:00,143.9,20,bid,BrilliantBurritos,WavyWalnuts,12689964
2026-07-08T21:01:27.428370,2026-07-08T21:01:27.437889+00:00,143.7,20,ask,YieldingYams,BrilliantBurritos,12689975
2026-07-08T21:01:30.204664,2026-07-08T21:01:30.214404+00:00,143.7,200,bid,YieldingYams,WavyWalnuts,12690004
2026-07-08T21:01:31.465320,2026-07-08T21:01:31.469439+00:00,143.7,23,ask,YieldingYams,Xuanyu Liu,12690032
2026-07-08T21:01:36.173903,2026-07-08T21:01:36.180782+00:00,143.7,200,ask,YieldingYams,WavyWalnuts,12690109
2026-07-08T21:01:37.382100,2026-07-08T21:01:37.389736+00:00,143.6,200,ask,YieldingYams,WavyWalnuts,12690123
2026-07-08T21:01:38.753295,2026-07-08T21:01:38.764872+00:00,143.8,20,bid,BrilliantBurritos,YieldingYams,12690144
2026-07-08T21:01:41.571173,2026-07-08T21:01:41.580503+00:00,143.9,500,bid,AverageAlmonds,YieldingYams,12690183
2026-07-08T21:01:42.011616,2026-07-08T21:01:42.020454+00:00,143.9,200,bid,YieldingYams,WavyWalnuts,12690191
2026-07-08T21:01:42.027154,2026-07-08T21:01:42.031636+00:00,144.1,11,ask,YieldingYams,Xuanyu Liu,12690193
2026-07-08T21:01:42.239867,2026-07-08T21:01:42.248504+00:00,144.1,200,ask,YieldingYams,WavyWalnuts,12690196
2026-07-08T21:01:43.984060,2026-07-08T21:01:44.058742+00:00,144.1,500,bid,AverageAlmonds,YieldingYams,12690228
2026-07-08T21:01:44.640436,2026-07-08T21:01:44.648492+00:00,144.1,200,bid,YieldingYams,WavyWalnuts,12690248
2026-07-08T21:01:44.660582,2026-07-08T21:01:44.669228+00:00,144.2,200,ask,YieldingYams,WavyWalnuts,12690250
2026-07-08T21:01:45.887149,2026-07-08T21:01:45.891230+00:00,144.3,11,bid,Xuanyu Liu,WavyWalnuts,12690272
2026-07-08T21:01:45.969266,2026-07-08T21:01:45.972977+00:00,144.2,12,bid,Xuanyu Liu,YieldingYams,12690276
2026-07-08T21:01:47.239344,2026-07-08T21:01:47.244009+00:00,144.2,14,bid,Xuanyu Liu,YieldingYams,12690295
2026-07-08T21:01:49.052689,2026-07-08T21:01:49.064729+00:00,144.3,20,bid,BrilliantBurritos,YieldingYams,12690319
2026-07-08T21:01:53.828731,2026-07-08T21:01:53.837060+00:00,144.4,500,bid,YieldingYams,AverageAlmonds,12690379
2026-07-08T21:01:53.828731,2026-07-08T21:01:53.837060+00:00,144.5,125,bid,YieldingYams,WavyWalnuts,12690380
2026-07-08T21:01:59.075768,2026-07-08T21:01:59.087293+00:00,144.3,500,bid,YieldingYams,AverageAlmonds,12690441
2026-07-08T21:01:59.132442,2026-07-08T21:01:59.141679+00:00,144.3,125,ask,YieldingYams,AverageAlmonds,12690443
2026-07-08T21:01:59.132442,2026-07-08T21:01:59.141679+00:00,144.2,200,ask,WavyWalnuts,AverageAlmonds,12690444
2026-07-08T21:01:59.744582,2026-07-08T21:01:59.758585+00:00,144.1,200,ask,WavyWalnuts,AverageAlmonds,12690454
2026-07-08T21:02:00.385928,2026-07-08T21:02:00.393762+00:00,144.0,500,bid,YieldingYams,AverageAlmonds,12690462
2026-07-08T21:02:00.942532,2026-07-08T21:02:00.948480+00:00,144.1,125,ask,YieldingYams,AverageAlmonds,12690465
2026-07-08T21:02:00.942532,2026-07-08T21:02:00.948480+00:00,144.0,200,ask,WavyWalnuts,AverageAlmonds,12690466
2026-07-08T21:02:01.103643,2026-07-08T21:02:01.108019+00:00,143.2,3,ask,AverageAlmonds,Xuanyu Liu,12690471
2026-07-08T21:02:01.559698,2026-07-08T21:02:01.562920+00:00,143.3,11,ask,AverageAlmonds,Xuanyu Liu,12690478
2026-07-08T21:02:01.632898,2026-07-08T21:02:01.636097+00:00,143.9,36,ask,WavyWalnuts,Xuanyu Liu,12690481
2026-07-08T21:02:02.762770,2026-07-08T21:02:02.769793+00:00,144.0,500,ask,YieldingYams,AverageAlmonds,12690496
2026-07-08T21:02:03.119526,2026-07-08T21:02:03.123303+00:00,144.0,24,bid,Xuanyu Liu,YieldingYams,12690500
2026-07-08T21:02:03.354133,2026-07-08T21:02:03.375191+00:00,143.9,200,ask,WavyWalnuts,AverageAlmonds,12690501
2026-07-08T21:02:03.371670,2026-07-08T21:02:03.395871+00:00,143.9,12,bid,Xuanyu Liu,AverageAlmonds,12690503
2026-07-08T21:02:03.983161,2026-07-08T21:02:03.986875+00:00,143.8,11,bid,Xuanyu Liu,AverageAlmonds,12690511
2026-07-08T21:02:04.036534,2026-07-08T21:02:04.046610+00:00,143.8,200,bid,WavyWalnuts,AverageAlmonds,12690513
2026-07-08T21:02:04.333684,2026-07-08T21:02:04.337342+00:00,143.7,3,bid,Xuanyu Liu,YieldingYams,12690518
2026-07-08T21:02:05.119541,2026-07-08T21:02:05.127401+00:00,143.5,20,ask,YieldingYams,BrilliantBurritos,12690530
2026-07-08T21:02:08.259658,2026-07-08T21:02:08.269400+00:00,143.5,200,ask,WavyWalnuts,YieldingYams,12690572
2026-07-08T21:02:08.882787,2026-07-08T21:02:08.893447+00:00,143.5,200,bid,WavyWalnuts,YieldingYams,12690586
2026-07-08T21:02:09.584279,2026-07-08T21:02:09.588002+00:00,143.5,3,ask,YieldingYams,Xuanyu Liu,12690595
2026-07-08T21:02:09.953910,2026-07-08T21:02:09.958613+00:00,143.7,20,bid,BrilliantBurritos,YieldingYams,12690598
2026-07-08T21:02:10.094288,2026-07-08T21:02:10.102822+00:00,143.7,200,bid,WavyWalnuts,YieldingYams,12690600
2026-07-08T21:02:17.380744,2026-07-08T21:02:17.384628+00:00,143.7,3,bid,Xuanyu Liu,WavyWalnuts,12690690
2026-07-08T21:02:19.785321,2026-07-08T21:02:19.795169+00:00,143.6,200,ask,YieldingYams,WavyWalnuts,12690731
2026-07-08T21:02:20.991357,2026-07-08T21:02:21.001004+00:00,143.7,200,bid,WavyWalnuts,YieldingYams,12690743
2026-07-08T21:02:24.001795,2026-07-08T21:02:24.012050+00:00,143.7,200,bid,YieldingYams,WavyWalnuts,12690780
2026-07-08T21:02:24.947872,2026-07-08T21:02:24.955026+00:00,143.7,20,ask,YieldingYams,BrilliantBurritos,12690787
2026-07-08T21:02:29.255195,2026-07-08T21:02:29.258590+00:00,143.7,200,bid,YieldingYams,WavyWalnuts,12690837
2026-07-08T21:02:29.255195,2026-07-08T21:02:29.258590+00:00,143.7,425,bid,YieldingYams,AverageAlmonds,12690838
2026-07-08T21:02:33.123340,2026-07-08T21:02:33.130024+00:00,143.6,200,bid,WavyWalnuts,AverageAlmonds,12690892
2026-07-08T21:02:34.253962,2026-07-08T21:02:34.263807+00:00,143.5,500,ask,YieldingYams,AverageAlmonds,12690915
2026-07-08T21:02:34.507075,2026-07-08T21:02:34.515627+00:00,143.6,200,ask,WavyWalnuts,YieldingYams,12690922
2026-07-08T21:02:35.539841,2026-07-08T21:02:35.546855+00:00,143.4,200,bid,WavyWalnuts,YieldingYams,12690936
2026-07-08T21:02:35.922032,2026-07-08T21:02:35.925836+00:00,143.4,3,ask,YieldingYams,Xuanyu Liu,12690941
2026-07-08T21:02:36.277557,2026-07-08T21:02:36.289465+00:00,143.5,20,bid,BrilliantBurritos,AverageAlmonds,12690944
2026-07-08T21:02:36.692404,2026-07-08T21:02:36.701217+00:00,143.4,500,ask,YieldingYams,AverageAlmonds,12690954
2026-07-08T21:02:40.950064,2026-07-08T21:02:40.964177+00:00,143.4,20,ask,WavyWalnuts,BrilliantBurritos,12691009
2026-07-08T21:02:42.448951,2026-07-08T21:02:42.458611+00:00,143.5,20,ask,WavyWalnuts,BrilliantBurritos,12691036
2026-07-08T21:02:42.811158,2026-07-08T21:02:42.817742+00:00,143.6,200,bid,WavyWalnuts,YieldingYams,12691040
2026-07-08T21:02:44.290658,2026-07-08T21:02:44.303024+00:00,143.5,20,ask,YieldingYams,BrilliantBurritos,12691063
2026-07-08T21:02:45.776082,2026-07-08T21:02:45.779703+00:00,143.6,3,bid,Xuanyu Liu,AverageAlmonds,12691084
2026-07-08T21:02:46.362752,2026-07-08T21:02:46.370247+00:00,143.5,500,ask,YieldingYams,AverageAlmonds,12691088
2026-07-08T21:02:46.984134,2026-07-08T21:02:46.991821+00:00,143.6,200,ask,WavyWalnuts,AverageAlmonds,12691097
2026-07-08T21:02:46.984134,2026-07-08T21:02:46.997109+00:00,143.5,125,ask,YieldingYams,AverageAlmonds,12691098
2026-07-08T21:02:47.003459,2026-07-08T21:02:47.012910+00:00,143.4,20,bid,BrilliantBurritos,AverageAlmonds,12691099
2026-07-08T21:02:47.616760,2026-07-08T21:02:47.621447+00:00,143.3,3,bid,Xuanyu Liu,AverageAlmonds,12691108
2026-07-08T21:02:47.650001,2026-07-08T21:02:47.657988+00:00,143.3,200,bid,WavyWalnuts,AverageAlmonds,12691111
2026-07-08T21:02:48.574375,2026-07-08T21:02:48.578625+00:00,143.2,3,ask,YieldingYams,Xuanyu Liu,12691121
2026-07-08T21:02:48.864281,2026-07-08T21:02:48.875073+00:00,143.4,200,bid,WavyWalnuts,YieldingYams,12691126
2026-07-08T21:02:49.405247,2026-07-08T21:02:49.415755+00:00,143.3,500,ask,YieldingYams,AverageAlmonds,12691132
2026-07-08T21:02:49.502455,2026-07-08T21:02:49.514477+00:00,143.3,20,ask,YieldingYams,BrilliantBurritos,12691136
2026-07-08T21:02:50.075264,2026-07-08T21:02:50.086649+00:00,143.4,200,bid,WavyWalnuts,AverageAlmonds,12691141
2026-07-08T21:02:50.614222,2026-07-08T21:02:50.617759+00:00,143.4,3,bid,Xuanyu Liu,YieldingYams,12691145
2026-07-08T21:02:51.285945,2026-07-08T21:02:51.302396+00:00,143.3,200,bid,WavyWalnuts,AverageAlmonds,12691160
2026-07-08T21:02:54.922873,2026-07-08T21:02:54.930669+00:00,143.3,200,ask,YieldingYams,WavyWalnuts,12691201
2026-07-08T21:02:58.099126,2026-07-08T21:02:58.102831+00:00,143.4,34,bid,Xuanyu Liu,WavyWalnuts,12691245
2026-07-08T21:02:59.761940,2026-07-08T21:02:59.768935+00:00,143.2,200,ask,YieldingYams,WavyWalnuts,12691263
2026-07-08T21:03:00.977774,2026-07-08T21:03:00.987964+00:00,143.2,200,ask,YieldingYams,WavyWalnuts,12691279
2026-07-08T21:03:02.068792,2026-07-08T21:03:02.080047+00:00,143.2,20,bid,BrilliantBurritos,YieldingYams,12691297
2026-07-08T21:03:02.207242,2026-07-08T21:03:02.214851+00:00,143.2,200,bid,WavyWalnuts,YieldingYams,12691300
2026-07-08T21:03:04.645992,2026-07-08T21:03:04.658569+00:00,143.1,200,ask,YieldingYams,WavyWalnuts,12691344
2026-07-08T21:03:05.988897,2026-07-08T21:03:06.009623+00:00,143.4,200,bid,YieldingYams,WavyWalnuts,12691371
2026-07-08T21:03:06.006064,2026-07-08T21:03:06.009623+00:00,143.4,11,ask,YieldingYams,Xuanyu Liu,12691373
2026-07-08T21:03:07.952322,2026-07-08T21:03:07.959259+00:00,143.2,20,ask,WavyWalnuts,BrilliantBurritos,12691390
2026-07-08T21:03:08.270329,2026-07-08T21:03:08.279200+00:00,143.4,200,bid,WavyWalnuts,YieldingYams,12691394
2026-07-08T21:03:10.686583,2026-07-08T21:03:10.697033+00:00,143.4,200,bid,WavyWalnuts,AverageAlmonds,12691425
2026-07-08T21:03:11.209553,2026-07-08T21:03:11.220608+00:00,143.3,500,ask,YieldingYams,AverageAlmonds,12691433
2026-07-08T21:03:11.826094,2026-07-08T21:03:11.833275+00:00,143.4,20,bid,BrilliantBurritos,AverageAlmonds,12691446
2026-07-08T21:03:11.894523,2026-07-08T21:03:11.903025+00:00,143.4,200,bid,WavyWalnuts,AverageAlmonds,12691449
2026-07-08T21:03:12.544352,2026-07-08T21:03:12.558581+00:00,143.4,500,bid,YieldingYams,AverageAlmonds,12691462
2026-07-08T21:03:13.012143,2026-07-08T21:03:13.019272+00:00,143.4,125,ask,YieldingYams,AverageAlmonds,12691469
2026-07-08T21:03:13.620877,2026-07-08T21:03:13.631029+00:00,143.3,200,ask,WavyWalnuts,AverageAlmonds,12691479
2026-07-08T21:03:13.911697,2026-07-08T21:03:13.915724+00:00,143.1,23,ask,YieldingYams,Xuanyu Liu,12691483
2026-07-08T21:03:16.481520,2026-07-08T21:03:16.492286+00:00,143.2,200,ask,WavyWalnuts,YieldingYams,12691533
2026-07-08T21:03:17.021283,2026-07-08T21:03:17.024715+00:00,143.2,11,bid,Xuanyu Liu,YieldingYams,12691541
2026-07-08T21:03:24.346342,2026-07-08T21:03:24.358604+00:00,143.4,200,bid,YieldingYams,WavyWalnuts,12691647
2026-07-08T21:03:25.184123,2026-07-08T21:03:25.191563+00:00,143.4,200,ask,YieldingYams,WavyWalnuts,12691658
2026-07-08T21:03:26.967937,2026-07-08T21:03:26.974989+00:00,143.4,200,bid,YieldingYams,WavyWalnuts,12691674
2026-07-08T21:03:32.220404,2026-07-08T21:03:32.228353+00:00,143.4,200,ask,WavyWalnuts,YieldingYams,12691754
2026-07-08T21:03:32.440149,2026-07-08T21:03:32.458607+00:00,143.4,200,bid,WavyWalnuts,YieldingYams,12691757
2026-07-08T21:03:36.044885,2026-07-08T21:03:36.048506+00:00,143.1,14,ask,YieldingYams,Xuanyu Liu,12691814
2026-07-08T21:03:36.298874,2026-07-08T21:03:36.308323+00:00,143.2,20,ask,YieldingYams,BrilliantBurritos,12691820
2026-07-08T21:03:41.408858,2026-07-08T21:03:41.418962+00:00,143.3,200,bid,YieldingYams,WavyWalnuts,12691890
2026-07-08T21:03:42.680227,2026-07-08T21:03:42.688266+00:00,143.3,425,ask,YieldingYams,AverageAlmonds,12691905
2026-07-08T21:03:43.278513,2026-07-08T21:03:43.287745+00:00,143.2,200,ask,WavyWalnuts,AverageAlmonds,12691910
2026-07-08T21:03:43.884775,2026-07-08T21:03:43.894630+00:00,143.1,500,ask,YieldingYams,AverageAlmonds,12691919
2026-07-08T21:03:44.033304,2026-07-08T21:03:44.064269+00:00,143.0,200,ask,WavyWalnuts,YieldingYams,12691921
2026-07-08T21:03:44.533274,2026-07-08T21:03:44.543269+00:00,142.9,200,bid,WavyWalnuts,YieldingYams,12691929
2026-07-08T21:03:45.880510,2026-07-08T21:03:45.892479+00:00,142.9,20,bid,BrilliantBurritos,AverageAlmonds,12691950
2026-07-08T21:03:46.897990,2026-07-08T21:03:46.907499+00:00,142.8,200,ask,WavyWalnuts,AverageAlmonds,12691963
2026-07-08T21:03:46.897990,2026-07-08T21:03:46.907499+00:00,142.8,300,ask,YieldingYams,AverageAlmonds,12691964
2026-07-08T21:03:47.520406,2026-07-08T21:03:47.530298+00:00,142.8,325,ask,YieldingYams,AverageAlmonds,12691972
2026-07-08T21:03:48.125350,2026-07-08T21:03:48.136330+00:00,142.7,200,ask,WavyWalnuts,AverageAlmonds,12691980
2026-07-08T21:03:48.153043,2026-07-08T21:03:48.164196+00:00,142.7,200,bid,WavyWalnuts,AverageAlmonds,12691982
2026-07-08T21:03:49.363558,2026-07-08T21:03:49.374196+00:00,142.7,200,bid,WavyWalnuts,AverageAlmonds,12692003
2026-07-08T21:03:53.216789,2026-07-08T21:03:53.226972+00:00,142.6,200,ask,WavyWalnuts,YieldingYams,12692047
2026-07-08T21:03:54.224540,2026-07-08T21:03:54.234429+00:00,142.5,200,bid,WavyWalnuts,YieldingYams,12692058
2026-07-08T21:03:56.196845,2026-07-08T21:03:56.208471+00:00,142.5,20,ask,WavyWalnuts,BrilliantBurritos,12692089
2026-07-08T21:03:59.079279,2026-07-08T21:03:59.087925+00:00,142.8,200,bid,WavyWalnuts,YieldingYams,12692128
2026-07-08T21:04:00.554887,2026-07-08T21:04:00.558570+00:00,142.7,20,ask,YieldingYams,BrilliantBurritos,12692148
2026-07-08T21:04:01.496852,2026-07-08T21:04:01.506047+00:00,142.8,200,bid,WavyWalnuts,YieldingYams,12692156
2026-07-08T21:04:01.965555,2026-07-08T21:04:01.977040+00:00,142.6,20,ask,YieldingYams,BrilliantBurritos,12692163
2026-07-08T21:04:03.914050,2026-07-08T21:04:03.921612+00:00,142.5,200,ask,YieldingYams,WavyWalnuts,12692187
2026-07-08T21:04:08.760665,2026-07-08T21:04:08.770506+00:00,142.6,200,bid,WavyWalnuts,YieldingYams,12692251
2026-07-08T21:04:10.281151,2026-07-08T21:04:10.289807+00:00,142.6,200,bid,YieldingYams,WavyWalnuts,12692267
2026-07-08T21:04:11.928432,2026-07-08T21:04:11.936089+00:00,142.5,20,ask,YieldingYams,BrilliantBurritos,12692285
2026-07-08T21:04:12.390417,2026-07-08T21:04:12.398320+00:00,142.5,200,ask,YieldingYams,WavyWalnuts,12692301
2026-07-08T21:04:12.812537,2026-07-08T21:04:12.816252+00:00,142.7,3,bid,Xuanyu Liu,AverageAlmonds,12692309
2026-07-08T21:04:12.928037,2026-07-08T21:04:12.932098+00:00,142.6,11,bid,Xuanyu Liu,YieldingYams,12692311
2026-07-08T21:04:15.550553,2026-07-08T21:04:15.554458+00:00,142.5,12,bid,Xuanyu Liu,YieldingYams,12692348
2026-07-08T21:04:16.849017,2026-07-08T21:04:16.869229+00:00,142.4,200,ask,WavyWalnuts,YieldingYams,12692367
2026-07-08T21:04:16.864913,2026-07-08T21:04:16.869229+00:00,142.4,11,bid,Xuanyu Liu,YieldingYams,12692369
2026-07-08T21:04:17.233502,2026-07-08T21:04:17.242106+00:00,142.4,200,bid,WavyWalnuts,YieldingYams,12692377
2026-07-08T21:04:17.282423,2026-07-08T21:04:17.290324+00:00,142.2,20,ask,YieldingYams,BrilliantBurritos,12692380
2026-07-08T21:04:18.177167,2026-07-08T21:04:18.180846+00:00,142.4,11,ask,YieldingYams,Xuanyu Liu,12692390
2026-07-08T21:04:18.448660,2026-07-08T21:04:18.455191+00:00,142.4,200,ask,YieldingYams,WavyWalnuts,12692392
2026-07-08T21:04:22.106947,2026-07-08T21:04:22.110424+00:00,142.4,11,bid,Xuanyu Liu,WavyWalnuts,12692446
2026-07-08T21:04:23.293747,2026-07-08T21:04:23.302639+00:00,142.3,200,ask,YieldingYams,WavyWalnuts,12692463
2026-07-08T21:04:24.504129,2026-07-08T21:04:24.510829+00:00,142.3,200,ask,YieldingYams,WavyWalnuts,12692481
2026-07-08T21:04:25.712851,2026-07-08T21:04:25.720183+00:00,142.4,200,bid,WavyWalnuts,YieldingYams,12692493
2026-07-08T21:04:26.702727,2026-07-08T21:04:26.706434+00:00,142.4,23,bid,Xuanyu Liu,YieldingYams,12692509
2026-07-08T21:04:26.925600,2026-07-08T21:04:26.932271+00:00,142.4,200,bid,WavyWalnuts,YieldingYams,12692511
2026-07-08T21:04:30.558110,2026-07-08T21:04:30.569041+00:00,142.6,200,bid,WavyWalnuts,YieldingYams,12692554
2026-07-08T21:04:33.531219,2026-07-08T21:04:33.536341+00:00,142.5,200,bid,AverageAlmonds,WavyWalnuts,12692589
2026-07-08T21:04:34.192156,2026-07-08T21:04:34.200127+00:00,142.6,200,ask,YieldingYams,WavyWalnuts,12692592
2026-07-08T21:04:40.789621,2026-07-08T21:04:40.799429+00:00,142.7,500,bid,AverageAlmonds,YieldingYams,12692683
2026-07-08T21:04:41.390878,2026-07-08T21:04:41.397834+00:00,142.7,125,bid,AverageAlmonds,YieldingYams,12692693
2026-07-08T21:04:43.919827,2026-07-08T21:04:43.963628+00:00,143.0,200,bid,WavyWalnuts,YieldingYams,12692730
2026-07-08T21:04:45.692575,2026-07-08T21:04:45.702086+00:00,143.1,20,bid,BrilliantBurritos,YieldingYams,12692753
2026-07-08T21:04:48.764652,2026-07-08T21:04:48.774227+00:00,143.0,200,bid,WavyWalnuts,YieldingYams,12692792
2026-07-08T21:04:48.996001,2026-07-08T21:04:49.007971+00:00,143.0,20,bid,BrilliantBurritos,YieldingYams,12692798
2026-07-08T21:04:57.195825,2026-07-08T21:04:57.200109+00:00,143.2,11,ask,WavyWalnuts,Xuanyu Liu,12692907
2026-07-08T21:05:00.353200,2026-07-08T21:05:00.357027+00:00,143.1,12,ask,WavyWalnuts,Xuanyu Liu,12692955
2026-07-08T21:05:04.656931,2026-07-08T21:05:04.660612+00:00,143.0,23,ask,WavyWalnuts,Xuanyu Liu,12693017
2026-07-08T21:05:05.469646,2026-07-08T21:05:05.473133+00:00,143.1,11,ask,YieldingYams,Xuanyu Liu,12693024
2026-07-08T21:05:06.766325,2026-07-08T21:05:06.784620+00:00,143.2,200,bid,YieldingYams,WavyWalnuts,12693048
2026-07-08T21:05:06.780918,2026-07-08T21:05:06.784620+00:00,143.2,3,ask,YieldingYams,Xuanyu Liu,12693050
2026-07-08T21:05:09.347641,2026-07-08T21:05:09.358951+00:00,143.1,200,ask,YieldingYams,WavyWalnuts,12693088
2026-07-08T21:05:09.414289,2026-07-08T21:05:09.417961+00:00,143.0,14,bid,Xuanyu Liu,YieldingYams,12693090
2026-07-08T21:05:10.552913,2026-07-08T21:05:10.558548+00:00,143.0,200,bid,WavyWalnuts,YieldingYams,12693112
2026-07-08T21:05:13.349511,2026-07-08T21:05:13.353346+00:00,143.0,11,ask,YieldingYams,Xuanyu Liu,12693152
2026-07-08T21:05:17.272009,2026-07-08T21:05:17.282013+00:00,143.0,200,bid,YieldingYams,WavyWalnuts,12693207
2026-07-08T21:05:17.308784,2026-07-08T21:05:17.312768+00:00,143.1,6,ask,YieldingYams,Xuanyu Liu,12693212
2026-07-08T21:05:17.823928,2026-07-08T21:05:17.835035+00:00,143.1,200,ask,YieldingYams,WavyWalnuts,12693223
2026-07-08T21:05:19.325177,2026-07-08T21:05:19.329774+00:00,143.1,3,bid,Xuanyu Liu,YieldingYams,12693245
2026-07-08T21:05:23.582062,2026-07-08T21:05:23.586483+00:00,143.1,3,bid,Xuanyu Liu,YieldingYams,12693294
2026-07-08T21:05:25.056813,2026-07-08T21:05:25.068412+00:00,143.1,20,bid,BrilliantBurritos,YieldingYams,12693319
2026-07-08T21:05:28.076809,2026-07-08T21:05:28.084740+00:00,142.9,20,ask,YieldingYams,BrilliantBurritos,12693361
2026-07-08T21:05:28.761673,2026-07-08T21:05:28.765282+00:00,143.0,23,bid,Xuanyu Liu,WavyWalnuts,12693375
2026-07-08T21:05:29.075678,2026-07-08T21:05:29.084972+00:00,143.0,177,bid,YieldingYams,WavyWalnuts,12693383
2026-07-08T21:05:29.917508,2026-07-08T21:05:29.925933+00:00,143.0,200,ask,YieldingYams,WavyWalnuts,12693397
2026-07-08T21:05:30.409513,2026-07-08T21:05:30.413345+00:00,143.0,23,bid,Xuanyu Liu,YieldingYams,12693401
2026-07-08T21:05:31.704404,2026-07-08T21:05:31.712631+00:00,142.9,200,ask,WavyWalnuts,YieldingYams,12693424
2026-07-08T21:05:31.718607,2026-07-08T21:05:31.722150+00:00,142.9,11,bid,Xuanyu Liu,YieldingYams,12693427
2026-07-08T21:05:32.330294,2026-07-08T21:05:32.340295+00:00,142.9,200,bid,WavyWalnuts,YieldingYams,12693438
2026-07-08T21:05:33.147434,2026-07-08T21:05:33.151635+00:00,143.0,11,ask,YieldingYams,Xuanyu Liu,12693445
2026-07-08T21:05:33.790869,2026-07-08T21:05:33.802647+00:00,143.0,20,ask,YieldingYams,BrilliantBurritos,12693455
2026-07-08T21:05:36.964158,2026-07-08T21:05:36.967702+00:00,143.0,12,ask,YieldingYams,Xuanyu Liu,12693514
2026-07-08T21:05:38.259871,2026-07-08T21:05:38.277490+00:00,143.1,200,bid,YieldingYams,WavyWalnuts,12693534
2026-07-08T21:05:38.274232,2026-07-08T21:05:38.277490+00:00,143.1,11,ask,YieldingYams,Xuanyu Liu,12693536
2026-07-08T21:05:38.810579,2026-07-08T21:05:38.822528+00:00,143.3,20,bid,BrilliantBurritos,YieldingYams,12693547
2026-07-08T21:05:39.573529,2026-07-08T21:05:39.580924+00:00,143.1,200,ask,WavyWalnuts,YieldingYams,12693556
2026-07-08T21:05:39.585474,2026-07-08T21:05:39.596991+00:00,143.1,200,bid,WavyWalnuts,YieldingYams,12693557
2026-07-08T21:05:42.667339,2026-07-08T21:05:42.670807+00:00,143.1,26,ask,YieldingYams,Xuanyu Liu,12693604
2026-07-08T21:05:43.227281,2026-07-08T21:05:43.234150+00:00,143.1,200,ask,YieldingYams,WavyWalnuts,12693613
2026-07-08T21:05:44.395437,2026-07-08T21:05:44.403588+00:00,143.3,20,bid,BrilliantBurritos,YieldingYams,12693629
2026-07-08T21:05:47.246596,2026-07-08T21:05:47.258478+00:00,143.2,20,bid,BrilliantBurritos,YieldingYams,12693676
2026-07-08T21:05:49.039896,2026-07-08T21:05:49.058580+00:00,143.0,20,ask,YieldingYams,BrilliantBurritos,12693705
2026-07-08T21:05:50.440987,2026-07-08T21:05:50.448023+00:00,143.0,200,ask,WavyWalnuts,AverageAlmonds,12693724
2026-07-08T21:05:50.458687,2026-07-08T21:05:50.462182+00:00,143.0,3,bid,Xuanyu Liu,AverageAlmonds,12693726
2026-07-08T21:05:51.372747,2026-07-08T21:05:51.382662+00:00,143.0,200,bid,YieldingYams,WavyWalnuts,12693740
2026-07-08T21:05:51.372747,2026-07-08T21:05:51.382662+00:00,143.0,425,bid,YieldingYams,AverageAlmonds,12693741
2026-07-08T21:05:52.852794,2026-07-08T21:05:52.854221+00:00,142.9,500,ask,YieldingYams,AverageAlmonds,12693763
2026-07-08T21:05:53.202973,2026-07-08T21:05:53.209824+00:00,142.9,20,ask,YieldingYams,BrilliantBurritos,12693769
2026-07-08T21:05:54.131116,2026-07-08T21:05:54.140533+00:00,142.9,200,bid,WavyWalnuts,YieldingYams,12693780
2026-07-08T21:05:55.265286,2026-07-08T21:05:55.268937+00:00,142.9,23,bid,Xuanyu Liu,YieldingYams,12693799
2026-07-08T21:05:56.627038,2026-07-08T21:05:56.636862+00:00,142.9,200,bid,YieldingYams,WavyWalnuts,12693816
2026-07-08T21:05:57.712739,2026-07-08T21:05:57.723932+00:00,142.9,425,ask,YieldingYams,AverageAlmonds,12693834
2026-07-08T21:05:57.758895,2026-07-08T21:05:57.768984+00:00,142.9,75,bid,WavyWalnuts,AverageAlmonds,12693837
2026-07-08T21:05:57.941375,2026-07-08T21:05:57.951305+00:00,142.9,125,ask,WavyWalnuts,YieldingYams,12693838
2026-07-08T21:05:57.957528,2026-07-08T21:05:57.961097+00:00,142.8,11,bid,Xuanyu Liu,YieldingYams,12693840
2026-07-08T21:05:58.967027,2026-07-08T21:05:58.974453+00:00,142.8,200,bid,WavyWalnuts,YieldingYams,12693856
2026-07-08T21:06:00.577120,2026-07-08T21:06:00.580621+00:00,142.7,11,ask,YieldingYams,Xuanyu Liu,12693871
2026-07-08T21:06:01.394653,2026-07-08T21:06:01.406103+00:00,142.7,200,ask,YieldingYams,WavyWalnuts,12693879
2026-07-08T21:06:02.607209,2026-07-08T21:06:02.616008+00:00,142.6,200,ask,YieldingYams,WavyWalnuts,12693902
2026-07-08T21:06:04.500346,2026-07-08T21:06:04.508148+00:00,142.5,200,ask,WavyWalnuts,YieldingYams,12693919
2026-07-08T21:06:04.902852,2026-07-08T21:06:04.910108+00:00,142.5,20,bid,BrilliantBurritos,YieldingYams,12693927
2026-07-08T21:06:05.020347,2026-07-08T21:06:05.028246+00:00,142.5,200,bid,WavyWalnuts,YieldingYams,12693929
2026-07-08T21:06:05.829040,2026-07-08T21:06:05.833584+00:00,142.3,12,ask,YieldingYams,Xuanyu Liu,12693939
2026-07-08T21:06:06.246465,2026-07-08T21:06:06.250123+00:00,142.5,14,ask,WavyWalnuts,Xuanyu Liu,12693949
2026-07-08T21:06:07.973163,2026-07-08T21:06:07.976607+00:00,142.7,14,bid,Xuanyu Liu,YieldingYams,12693980
2026-07-08T21:06:08.437552,2026-07-08T21:06:08.456007+00:00,142.6,200,ask,WavyWalnuts,YieldingYams,12693989
2026-07-08T21:06:08.452161,2026-07-08T21:06:08.456007+00:00,142.6,12,bid,Xuanyu Liu,YieldingYams,12693991
2026-07-08T21:06:10.504171,2026-07-08T21:06:10.514007+00:00,142.6,20,bid,BrilliantBurritos,YieldingYams,12694021
2026-07-08T21:06:12.315237,2026-07-08T21:06:12.318936+00:00,142.5,12,ask,WavyWalnuts,Xuanyu Liu,12694049
2026-07-08T21:06:12.373409,2026-07-08T21:06:12.383173+00:00,142.5,188,ask,WavyWalnuts,YieldingYams,12694050
2026-07-08T21:06:15.884922,2026-07-08T21:06:15.895952+00:00,142.5,200,bid,AverageAlmonds,WavyWalnuts,12694109
2026-07-08T21:06:19.570690,2026-07-08T21:06:19.579891+00:00,142.6,200,bid,WavyWalnuts,YieldingYams,12694165
2026-07-08T21:06:20.875391,2026-07-08T21:06:20.884872+00:00,142.7,20,bid,BrilliantBurritos,YieldingYams,12694186
2026-07-08T21:06:24.186288,2026-07-08T21:06:24.197201+00:00,142.6,200,bid,YieldingYams,WavyWalnuts,12694234
2026-07-08T21:06:24.406861,2026-07-08T21:06:24.413818+00:00,142.6,200,ask,YieldingYams,WavyWalnuts,12694238
2026-07-08T21:06:26.185133,2026-07-08T21:06:26.194316+00:00,142.7,500,bid,AverageAlmonds,YieldingYams,12694261
2026-07-08T21:06:26.811712,2026-07-08T21:06:26.818608+00:00,142.7,200,bid,YieldingYams,WavyWalnuts,12694266
2026-07-08T21:06:26.827672,2026-07-08T21:06:26.834394+00:00,142.7,200,ask,YieldingYams,WavyWalnuts,12694267
2026-07-08T21:06:28.055590,2026-07-08T21:06:28.060491+00:00,142.8,23,bid,Xuanyu Liu,WavyWalnuts,12694286
2026-07-08T21:06:28.153609,2026-07-08T21:06:28.157829+00:00,142.7,12,bid,Xuanyu Liu,YieldingYams,12694289
2026-07-08T21:06:29.019733,2026-07-08T21:06:29.031690+00:00,142.5,20,ask,WavyWalnuts,BrilliantBurritos,12694298
2026-07-08T21:06:30.486848,2026-07-08T21:06:30.491536+00:00,142.6,12,ask,WavyWalnuts,Xuanyu Liu,12694319
2026-07-08T21:06:35.325002,2026-07-08T21:06:35.334760+00:00,142.6,200,bid,WavyWalnuts,YieldingYams,12694394
2026-07-08T21:06:36.490337,2026-07-08T21:06:36.494435+00:00,142.5,11,ask,YieldingYams,Xuanyu Liu,12694413
2026-07-08T21:06:36.553106,2026-07-08T21:06:36.557312+00:00,142.7,23,ask,WavyWalnuts,Xuanyu Liu,12694416
2026-07-08T21:06:38.962084,2026-07-08T21:06:38.969560+00:00,142.7,200,bid,WavyWalnuts,YieldingYams,12694462
2026-07-08T21:06:41.387714,2026-07-08T21:06:41.399372+00:00,142.7,200,ask,YieldingYams,WavyWalnuts,12694498
2026-07-08T21:06:43.767552,2026-07-08T21:06:43.779491+00:00,142.8,20,bid,BrilliantBurritos,WavyWalnuts,12694533
2026-07-08T21:06:44.602027,2026-07-08T21:06:44.610412+00:00,142.7,20,ask,YieldingYams,BrilliantBurritos,12694542
2026-07-08T21:06:48.577670,2026-07-08T21:06:48.585690+00:00,142.9,200,bid,AverageAlmonds,WavyWalnuts,12694602
2026-07-08T21:06:48.577670,2026-07-08T21:06:48.590677+00:00,142.9,300,bid,AverageAlmonds,YieldingYams,12694603
2026-07-08T21:06:51.071228,2026-07-08T21:06:51.079524+00:00,143.0,200,ask,YieldingYams,WavyWalnuts,12694637
2026-07-08T21:06:58.306036,2026-07-08T21:06:58.327308+00:00,143.2,200,bid,YieldingYams,WavyWalnuts,12694728
2026-07-08T21:06:58.323761,2026-07-08T21:06:58.327308+00:00,143.2,3,ask,YieldingYams,Xuanyu Liu,12694730
2026-07-08T21:06:59.558836,2026-07-08T21:06:59.568957+00:00,143.2,200,ask,YieldingYams,WavyWalnuts,12694737
2026-07-08T21:06:59.620178,2026-07-08T21:06:59.628372+00:00,143.1,500,ask,AverageAlmonds,YieldingYams,12694738
2026-07-08T21:07:00.072808,2026-07-08T21:07:00.079374+00:00,143.1,125,bid,AverageAlmonds,YieldingYams,12694745
2026-07-08T21:07:01.514398,2026-07-08T21:07:01.526077+00:00,143.4,20,bid,BrilliantBurritos,YieldingYams,12694763
2026-07-08T21:07:01.973337,2026-07-08T21:07:01.979966+00:00,143.4,200,bid,WavyWalnuts,YieldingYams,12694773
2026-07-08T21:07:03.554926,2026-07-08T21:07:03.562372+00:00,143.3,200,ask,WavyWalnuts,YieldingYams,12694799
2026-07-08T21:07:03.751974,2026-07-08T21:07:03.754651+00:00,143.3,20,bid,BrilliantBurritos,YieldingYams,12694802
2026-07-08T21:07:04.868351,2026-07-08T21:07:04.876425+00:00,143.2,200,ask,WavyWalnuts,YieldingYams,12694821
2026-07-08T21:07:05.593123,2026-07-08T21:07:05.600313+00:00,143.2,200,bid,WavyWalnuts,YieldingYams,12694826
2026-07-08T21:07:06.801132,2026-07-08T21:07:06.811596+00:00,143.4,200,bid,WavyWalnuts,YieldingYams,12694847
2026-07-08T21:07:09.219478,2026-07-08T21:07:09.227940+00:00,143.4,200,bid,WavyWalnuts,YieldingYams,12694877
2026-07-08T21:07:14.072825,2026-07-08T21:07:14.076590+00:00,143.3,3,ask,YieldingYams,Xuanyu Liu,12694941
2026-07-08T21:07:15.155950,2026-07-08T21:07:15.163776+00:00,143.4,20,bid,BrilliantBurritos,WavyWalnuts,12694956
2026-07-08T21:07:16.506888,2026-07-08T21:07:16.516018+00:00,143.3,200,ask,YieldingYams,WavyWalnuts,12694984
2026-07-08T21:07:17.715007,2026-07-08T21:07:17.725552+00:00,143.3,200,ask,YieldingYams,WavyWalnuts,12694998
2026-07-08T21:07:19.297734,2026-07-08T21:07:19.304556+00:00,143.3,200,bid,YieldingYams,WavyWalnuts,12695023
2026-07-08T21:07:20.844925,2026-07-08T21:07:20.858631+00:00,143.4,20,bid,BrilliantBurritos,WavyWalnuts,12695038
2026-07-08T21:07:22.543424,2026-07-08T21:07:22.558605+00:00,143.4,200,bid,WavyWalnuts,YieldingYams,12695063
2026-07-08T21:07:23.753965,2026-07-08T21:07:23.758604+00:00,143.3,200,bid,WavyWalnuts,YieldingYams,12695091
2026-07-08T21:07:23.940953,2026-07-08T21:07:23.945005+00:00,143.1,11,ask,YieldingYams,Xuanyu Liu,12695093
2026-07-08T21:07:24.564304,2026-07-08T21:07:24.568086+00:00,143.2,12,ask,YieldingYams,Xuanyu Liu,12695101
2026-07-08T21:07:24.977519,2026-07-08T21:07:24.981765+00:00,143.3,11,ask,WavyWalnuts,Xuanyu Liu,12695105
2026-07-08T21:07:30.466882,2026-07-08T21:07:30.474935+00:00,143.2,20,ask,YieldingYams,BrilliantBurritos,12695172
2026-07-08T21:07:31.104631,2026-07-08T21:07:31.114060+00:00,143.3,200,ask,WavyWalnuts,YieldingYams,12695180
2026-07-08T21:07:32.225132,2026-07-08T21:07:32.234483+00:00,143.3,200,bid,WavyWalnuts,YieldingYams,12695193
2026-07-08T21:07:33.735003,2026-07-08T21:07:33.744504+00:00,143.3,200,ask,WavyWalnuts,YieldingYams,12695216
2026-07-08T21:07:35.595450,2026-07-08T21:07:35.607426+00:00,143.5,20,bid,BrilliantBurritos,WavyWalnuts,12695241
2026-07-08T21:07:36.358299,2026-07-08T21:07:36.370065+00:00,143.5,200,bid,YieldingYams,WavyWalnuts,12695245
2026-07-08T21:07:36.414824,2026-07-08T21:07:36.421467+00:00,143.5,425,ask,YieldingYams,AverageAlmonds,12695246
2026-07-08T21:07:37.059513,2026-07-08T21:07:37.069526+00:00,143.5,200,bid,WavyWalnuts,AverageAlmonds,12695262
2026-07-08T21:07:38.278589,2026-07-08T21:07:38.287147+00:00,143.4,200,bid,WavyWalnuts,YieldingYams,12695277
2026-07-08T21:07:40.707565,2026-07-08T21:07:40.718135+00:00,143.2,200,ask,YieldingYams,WavyWalnuts,12695316
2026-07-08T21:07:41.782765,2026-07-08T21:07:41.794542+00:00,143.3,20,bid,BrilliantBurritos,YieldingYams,12695343
2026-07-08T21:07:41.915446,2026-07-08T21:07:41.925318+00:00,143.3,200,bid,WavyWalnuts,YieldingYams,12695344
2026-07-08T21:07:46.860365,2026-07-08T21:07:46.870419+00:00,143.2,200,bid,YieldingYams,WavyWalnuts,12695399
2026-07-08T21:07:47.774951,2026-07-08T21:07:47.784075+00:00,143.2,20,ask,YieldingYams,BrilliantBurritos,12695404
2026-07-08T21:07:49.214533,2026-07-08T21:07:49.217984+00:00,143.3,11,bid,Xuanyu Liu,YieldingYams,12695431
2026-07-08T21:07:51.621455,2026-07-08T21:07:51.632160+00:00,143.2,200,ask,YieldingYams,WavyWalnuts,12695456
2026-07-08T21:07:56.467126,2026-07-08T21:07:56.474241+00:00,143.3,200,ask,YieldingYams,WavyWalnuts,12695517
2026-07-08T21:07:57.673091,2026-07-08T21:07:57.681856+00:00,143.3,200,bid,WavyWalnuts,AverageAlmonds,12695528
2026-07-08T21:07:58.881196,2026-07-08T21:07:58.891796+00:00,143.4,200,bid,WavyWalnuts,YieldingYams,12695545
2026-07-08T21:07:59.983573,2026-07-08T21:07:59.993596+00:00,143.3,500,bid,YieldingYams,AverageAlmonds,12695555
2026-07-08T21:08:00.033344,2026-07-08T21:08:00.040248+00:00,143.4,125,ask,YieldingYams,AverageAlmonds,12695558
2026-07-08T21:08:00.088195,2026-07-08T21:08:00.098364+00:00,143.2,200,bid,WavyWalnuts,AverageAlmonds,12695560
2026-07-08T21:08:00.783068,2026-07-08T21:08:00.795060+00:00,142.4,20,ask,AverageAlmonds,BrilliantBurritos,12695569
2026-07-08T21:08:01.305844,2026-07-08T21:08:01.316447+00:00,143.3,200,bid,WavyWalnuts,AverageAlmonds,12695573
2026-07-08T21:08:03.821275,2026-07-08T21:08:03.826271+00:00,143.4,23,bid,Xuanyu Liu,YieldingYams,12695614
2026-07-08T21:08:04.287984,2026-07-08T21:08:04.299519+00:00,143.3,200,ask,WavyWalnuts,AverageAlmonds,12695619
2026-07-08T21:08:04.309180,2026-07-08T21:08:04.312685+00:00,143.3,3,bid,Xuanyu Liu,AverageAlmonds,12695623
2026-07-08T21:08:05.499588,2026-07-08T21:08:05.511147+00:00,143.2,200,ask,WavyWalnuts,AverageAlmonds,12695631
2026-07-08T21:08:05.499588,2026-07-08T21:08:05.511147+00:00,143.2,300,ask,YieldingYams,AverageAlmonds,12695632
2026-07-08T21:08:06.549242,2026-07-08T21:08:06.558609+00:00,143.2,200,ask,WavyWalnuts,YieldingYams,12695650
2026-07-08T21:08:11.016592,2026-07-08T21:08:11.024921+00:00,143.1,200,ask,YieldingYams,WavyWalnuts,12695700
2026-07-08T21:08:11.441039,2026-07-08T21:08:11.444857+00:00,143.1,26,ask,YieldingYams,Xuanyu Liu,12695710
2026-07-08T21:08:15.737593,2026-07-08T21:08:15.757796+00:00,142.9,200,ask,WavyWalnuts,YieldingYams,12695785
2026-07-08T21:08:15.753790,2026-07-08T21:08:15.757796+00:00,142.9,23,bid,Xuanyu Liu,YieldingYams,12695787
2026-07-08T21:08:19.474270,2026-07-08T21:08:19.485231+00:00,142.8,200,bid,WavyWalnuts,YieldingYams,12695845
2026-07-08T21:08:19.708835,2026-07-08T21:08:19.712803+00:00,142.8,11,ask,YieldingYams,Xuanyu Liu,12695848
2026-07-08T21:08:20.098209,2026-07-08T21:08:20.110095+00:00,142.8,20,ask,YieldingYams,BrilliantBurritos,12695858
2026-07-08T21:08:23.606457,2026-07-08T21:08:23.618212+00:00,142.8,200,ask,WavyWalnuts,YieldingYams,12695904
2026-07-08T21:08:24.321015,2026-07-08T21:08:24.332336+00:00,142.8,200,bid,WavyWalnuts,YieldingYams,12695916
2026-07-08T21:08:27.264222,2026-07-08T21:08:27.267523+00:00,143.0,14,bid,Xuanyu Liu,YieldingYams,12695951
2026-07-08T21:08:27.285379,2026-07-08T21:08:27.297137+00:00,143.0,20,bid,BrilliantBurritos,YieldingYams,12695952
2026-07-08T21:08:27.541485,2026-07-08T21:08:27.551503+00:00,142.9,200,ask,WavyWalnuts,YieldingYams,12695956
2026-07-08T21:08:27.963181,2026-07-08T21:08:27.974297+00:00,142.9,200,bid,WavyWalnuts,YieldingYams,12695963
2026-07-08T21:08:30.394346,2026-07-08T21:08:30.405594+00:00,143.1,200,ask,YieldingYams,WavyWalnuts,12695996
2026-07-08T21:08:32.818645,2026-07-08T21:08:32.828755+00:00,143.2,200,bid,WavyWalnuts,YieldingYams,12696025
2026-07-08T21:08:39.335263,2026-07-08T21:08:39.343094+00:00,143.0,200,bid,YieldingYams,WavyWalnuts,12696091
2026-07-08T21:08:39.353956,2026-07-08T21:08:39.365876+00:00,143.0,20,ask,YieldingYams,BrilliantBurritos,12696092
2026-07-08T21:08:44.583992,2026-07-08T21:08:44.603868+00:00,143.1,200,bid,YieldingYams,WavyWalnuts,12696159
2026-07-08T21:08:44.600384,2026-07-08T21:08:44.603868+00:00,143.1,3,ask,YieldingYams,Xuanyu Liu,12696161
2026-07-08T21:08:49.857135,2026-07-08T21:08:49.860902+00:00,143.2,3,bid,Xuanyu Liu,YieldingYams,12696221
2026-07-08T21:09:03.112702,2026-07-08T21:09:03.123423+00:00,142.9,200,bid,WavyWalnuts,YieldingYams,12696388
2026-07-08T21:09:08.223755,2026-07-08T21:09:08.232947+00:00,142.7,500,ask,AverageAlmonds,YieldingYams,12696446
2026-07-08T21:09:08.223755,2026-07-08T21:09:08.232947+00:00,142.7,125,ask,WavyWalnuts,YieldingYams,12696447
2026-07-08T21:09:09.160195,2026-07-08T21:09:09.169365+00:00,142.7,200,ask,AverageAlmonds,WavyWalnuts,12696461
2026-07-08T21:09:09.546834,2026-07-08T21:09:09.550477+00:00,142.9,3,ask,YieldingYams,Xuanyu Liu,12696471
2026-07-08T21:09:10.368116,2026-07-08T21:09:10.379514+00:00,142.9,200,ask,YieldingYams,WavyWalnuts,12696485
2026-07-08T21:09:10.864504,2026-07-08T21:09:10.868646+00:00,143.0,3,bid,Xuanyu Liu,YieldingYams,12696492
2026-07-08T21:09:11.575613,2026-07-08T21:09:11.585645+00:00,142.8,200,ask,YieldingYams,WavyWalnuts,12696502
2026-07-08T21:09:12.175701,2026-07-08T21:09:12.179123+00:00,142.8,3,bid,Xuanyu Liu,YieldingYams,12696515
2026-07-08T21:09:13.323296,2026-07-08T21:09:13.330461+00:00,142.8,500,bid,AverageAlmonds,YieldingYams,12696527
2026-07-08T21:09:13.466130,2026-07-08T21:09:13.475912+00:00,142.9,200,bid,YieldingYams,WavyWalnuts,12696529
2026-07-08T21:09:15.333618,2026-07-08T21:09:15.345523+00:00,142.9,20,ask,AverageAlmonds,BrilliantBurritos,12696559
2026-07-08T21:09:17.617960,2026-07-08T21:09:17.628146+00:00,143.1,200,ask,AverageAlmonds,WavyWalnuts,12696585
2026-07-08T21:09:18.845886,2026-07-08T21:09:18.849726+00:00,143.1,11,bid,Xuanyu Liu,WavyWalnuts,12696602
2026-07-08T21:09:19.516174,2026-07-08T21:09:19.523471+00:00,143.1,20,bid,BrilliantBurritos,WavyWalnuts,12696610
2026-07-08T21:09:20.030015,2026-07-08T21:09:20.037212+00:00,143.0,500,ask,AverageAlmonds,YieldingYams,12696614
2026-07-08T21:09:20.053039,2026-07-08T21:09:20.056807+00:00,143.0,12,bid,Xuanyu Liu,YieldingYams,12696616
2026-07-08T21:09:20.599117,2026-07-08T21:09:20.609472+00:00,143.0,113,bid,AverageAlmonds,YieldingYams,12696620
2026-07-08T21:09:21.209991,2026-07-08T21:09:21.217284+00:00,143.1,200,bid,AverageAlmonds,WavyWalnuts,12696626
2026-07-08T21:09:22.649954,2026-07-08T21:09:22.658623+00:00,143.2,200,bid,YieldingYams,WavyWalnuts,12696641
2026-07-08T21:09:22.665907,2026-07-08T21:09:22.669747+00:00,143.2,12,ask,YieldingYams,Xuanyu Liu,12696643
2026-07-08T21:09:24.203136,2026-07-08T21:09:24.207603+00:00,143.2,23,bid,Xuanyu Liu,YieldingYams,12696663
2026-07-08T21:09:25.427676,2026-07-08T21:09:25.436572+00:00,143.2,200,bid,AverageAlmonds,WavyWalnuts,12696683
2026-07-08T21:09:26.177341,2026-07-08T21:09:26.180738+00:00,143.2,11,ask,WavyWalnuts,Xuanyu Liu,12696697
2026-07-08T21:09:26.586192,2026-07-08T21:09:26.596562+00:00,143.2,189,ask,WavyWalnuts,YieldingYams,12696703
2026-07-08T21:09:26.664995,2026-07-08T21:09:26.674239+00:00,143.2,436,bid,AverageAlmonds,YieldingYams,12696704
2026-07-08T21:09:27.891859,2026-07-08T21:09:27.900603+00:00,143.2,200,bid,YieldingYams,WavyWalnuts,12696721
2026-07-08T21:09:29.074316,2026-07-08T21:09:29.099369+00:00,143.4,200,bid,AverageAlmonds,WavyWalnuts,12696737
2026-07-08T21:09:29.096146,2026-07-08T21:09:29.099369+00:00,143.4,12,ask,AverageAlmonds,Xuanyu Liu,12696740
2026-07-08T21:09:29.205117,2026-07-08T21:09:29.213429+00:00,143.4,288,ask,AverageAlmonds,YieldingYams,12696741
2026-07-08T21:09:29.670607,2026-07-08T21:09:29.680219+00:00,143.3,337,bid,AverageAlmonds,YieldingYams,12696747
2026-07-08T21:09:30.512922,2026-07-08T21:09:30.521627+00:00,143.4,500,ask,AverageAlmonds,YieldingYams,12696752
2026-07-08T21:09:30.878620,2026-07-08T21:09:30.881174+00:00,143.4,125,bid,AverageAlmonds,YieldingYams,12696757
2026-07-08T21:09:31.501326,2026-07-08T21:09:31.514171+00:00,143.4,20,ask,AverageAlmonds,BrilliantBurritos,12696763
2026-07-08T21:09:36.991819,2026-07-08T21:09:37.001115+00:00,143.2,200,ask,YieldingYams,WavyWalnuts,12696830
2026-07-08T21:09:37.063574,2026-07-08T21:09:37.071425+00:00,143.2,500,ask,AverageAlmonds,YieldingYams,12696831
2026-07-08T21:09:37.083550,2026-07-08T21:09:37.087523+00:00,143.2,23,bid,Xuanyu Liu,YieldingYams,12696833
2026-07-08T21:09:37.535664,2026-07-08T21:09:37.544034+00:00,143.2,102,bid,AverageAlmonds,YieldingYams,12696835
2026-07-08T21:09:38.201432,2026-07-08T21:09:38.210696+00:00,143.2,200,ask,AverageAlmonds,WavyWalnuts,12696844
2026-07-08T21:09:39.415451,2026-07-08T21:09:39.422497+00:00,143.3,200,ask,YieldingYams,WavyWalnuts,12696853
2026-07-08T21:09:42.017442,2026-07-08T21:09:42.029224+00:00,143.4,20,bid,BrilliantBurritos,WavyWalnuts,12696875
2026-07-08T21:09:44.288579,2026-07-08T21:09:44.297923+00:00,143.3,200,ask,YieldingYams,WavyWalnuts,12696906
2026-07-08T21:09:45.497792,2026-07-08T21:09:45.507778+00:00,143.4,200,ask,YieldingYams,WavyWalnuts,12696930
2026-07-08T21:09:46.634118,2026-07-08T21:09:46.642297+00:00,143.4,500,bid,AverageAlmonds,YieldingYams,12696943
2026-07-08T21:09:46.706277,2026-07-08T21:09:46.715748+00:00,143.2,200,ask,YieldingYams,WavyWalnuts,12696949
2026-07-08T21:09:47.232555,2026-07-08T21:09:47.239402+00:00,143.4,125,bid,AverageAlmonds,YieldingYams,12696956
2026-07-08T21:09:47.916746,2026-07-08T21:09:47.924367+00:00,143.6,200,ask,AverageAlmonds,WavyWalnuts,12696964
2026-07-08T21:09:49.125974,2026-07-08T21:09:49.133536+00:00,143.6,200,ask,YieldingYams,WavyWalnuts,12696982
2026-07-08T21:09:50.333953,2026-07-08T21:09:50.341071+00:00,143.6,200,ask,AverageAlmonds,WavyWalnuts,12697003
2026-07-08T21:09:50.883297,2026-07-08T21:09:50.890866+00:00,143.7,500,bid,AverageAlmonds,YieldingYams,12697016
2026-07-08T21:09:51.479689,2026-07-08T21:09:51.489094+00:00,143.7,125,bid,AverageAlmonds,YieldingYams,12697027
2026-07-08T21:09:51.541971,2026-07-08T21:09:51.549866+00:00,143.7,200,ask,AverageAlmonds,WavyWalnuts,12697031
2026-07-08T21:09:52.722079,2026-07-08T21:09:52.725976+00:00,143.6,11,ask,YieldingYams,Xuanyu Liu,12697043
2026-07-08T21:09:52.748442,2026-07-08T21:09:52.757326+00:00,143.6,200,ask,YieldingYams,WavyWalnuts,12697047
2026-07-08T21:09:53.968560,2026-07-08T21:09:53.975252+00:00,143.6,200,ask,YieldingYams,WavyWalnuts,12697065
2026-07-08T21:09:55.177756,2026-07-08T21:09:55.189077+00:00,143.6,200,ask,YieldingYams,WavyWalnuts,12697087
2026-07-08T21:09:55.884494,2026-07-08T21:09:55.888055+00:00,143.6,12,ask,AverageAlmonds,Xuanyu Liu,12697099
2026-07-08T21:09:56.389286,2026-07-08T21:09:56.396545+00:00,143.5,200,ask,YieldingYams,WavyWalnuts,12697110
2026-07-08T21:09:59.044091,2026-07-08T21:09:59.047951+00:00,143.5,11,ask,WavyWalnuts,Xuanyu Liu,12697148
2026-07-08T21:10:01.252235,2026-07-08T21:10:01.256851+00:00,143.6,3,ask,WavyWalnuts,Xuanyu Liu,12697186
2026-07-08T21:10:02.019945,2026-07-08T21:10:02.026827+00:00,143.6,197,ask,WavyWalnuts,YieldingYams,12697194
2026-07-08T21:10:05.723709,2026-07-08T21:10:05.735491+00:00,143.5,20,ask,YieldingYams,BrilliantBurritos,12697232
2026-07-08T21:10:06.068117,2026-07-08T21:10:06.079221+00:00,143.6,200,bid,WavyWalnuts,YieldingYams,12697240
2026-07-08T21:10:08.578469,2026-07-08T21:10:08.597637+00:00,143.7,200,bid,YieldingYams,WavyWalnuts,12697268
2026-07-08T21:10:08.594111,2026-07-08T21:10:08.597637+00:00,143.7,3,ask,YieldingYams,Xuanyu Liu,12697271
2026-07-08T21:10:09.697303,2026-07-08T21:10:09.704551+00:00,143.7,200,ask,YieldingYams,WavyWalnuts,12697285
2026-07-08T21:10:10.903110,2026-07-08T21:10:10.912198+00:00,143.7,200,bid,WavyWalnuts,YieldingYams,12697306
2026-07-08T21:10:12.112854,2026-07-08T21:10:12.123111+00:00,143.7,200,bid,WavyWalnuts,YieldingYams,12697315
2026-07-08T21:10:13.038575,2026-07-08T21:10:13.050414+00:00,143.5,20,ask,YieldingYams,BrilliantBurritos,12697331
2026-07-08T21:10:13.327238,2026-07-08T21:10:13.337225+00:00,143.7,200,bid,WavyWalnuts,YieldingYams,12697337
2026-07-08T21:10:13.829870,2026-07-08T21:10:13.849572+00:00,143.9,200,bid,YieldingYams,WavyWalnuts,12697345
2026-07-08T21:10:13.845992,2026-07-08T21:10:13.849572+00:00,143.9,43,ask,YieldingYams,Xuanyu Liu,12697348
2026-07-08T21:10:14.870133,2026-07-08T21:10:14.873826+00:00,144.0,43,bid,Xuanyu Liu,WavyWalnuts,12697365
2026-07-08T21:10:15.764278,2026-07-08T21:10:15.768125+00:00,143.9,3,bid,Xuanyu Liu,WavyWalnuts,12697389
2026-07-08T21:10:16.966007,2026-07-08T21:10:16.974798+00:00,143.8,200,bid,WavyWalnuts,YieldingYams,12697404
2026-07-08T21:10:19.086100,2026-07-08T21:10:19.093739+00:00,144.0,200,bid,YieldingYams,WavyWalnuts,12697438
2026-07-08T21:10:19.104458,2026-07-08T21:10:19.108728+00:00,144.0,14,ask,YieldingYams,Xuanyu Liu,12697440
2026-07-08T21:10:19.606313,2026-07-08T21:10:19.617933+00:00,144.1,20,bid,BrilliantBurritos,AverageAlmonds,12697445
2026-07-08T21:10:20.595515,2026-07-08T21:10:20.604475+00:00,143.9,200,bid,WavyWalnuts,YieldingYams,12697460
2026-07-08T21:10:22.496094,2026-07-08T21:10:22.507739+00:00,143.8,20,ask,WavyWalnuts,BrilliantBurritos,12697494
2026-07-08T21:10:23.180399,2026-07-08T21:10:23.184441+00:00,143.8,12,ask,WavyWalnuts,Xuanyu Liu,12697511
2026-07-08T21:10:24.188981,2026-07-08T21:10:24.200025+00:00,143.8,188,ask,WavyWalnuts,AverageAlmonds,12697521
2026-07-08T21:10:24.188981,2026-07-08T21:10:24.200025+00:00,143.8,312,ask,YieldingYams,AverageAlmonds,12697522
2026-07-08T21:10:24.593712,2026-07-08T21:10:24.605744+00:00,143.9,20,bid,BrilliantBurritos,YieldingYams,12697525
2026-07-08T21:10:25.649118,2026-07-08T21:10:25.658564+00:00,143.8,200,ask,WavyWalnuts,YieldingYams,12697539
2026-07-08T21:10:26.649630,2026-07-08T21:10:26.658610+00:00,143.8,200,bid,WavyWalnuts,YieldingYams,12697557
2026-07-08T21:10:27.880801,2026-07-08T21:10:27.884614+00:00,143.6,11,ask,WavyWalnuts,Xuanyu Liu,12697573
2026-07-08T21:10:29.090077,2026-07-08T21:10:29.093599+00:00,143.8,23,ask,WavyWalnuts,Xuanyu Liu,12697595
2026-07-08T21:10:29.505406,2026-07-08T21:10:29.509670+00:00,143.9,11,bid,Xuanyu Liu,YieldingYams,12697602
2026-07-08T21:10:32.208326,2026-07-08T21:10:32.219778+00:00,144.0,200,bid,YieldingYams,WavyWalnuts,12697629
2026-07-08T21:10:32.208326,2026-07-08T21:10:32.219778+00:00,144.0,425,bid,YieldingYams,AverageAlmonds,12697630
2026-07-08T21:10:35.130657,2026-07-08T21:10:35.141263+00:00,143.9,200,bid,WavyWalnuts,YieldingYams,12697683
2026-07-08T21:10:35.699747,2026-07-08T21:10:35.710270+00:00,143.9,20,bid,BrilliantBurritos,YieldingYams,12697693
2026-07-08T21:10:36.340246,2026-07-08T21:10:36.346842+00:00,143.9,200,bid,WavyWalnuts,YieldingYams,12697704
2026-07-08T21:10:37.498753,2026-07-08T21:10:37.507650+00:00,143.9,500,ask,YieldingYams,AverageAlmonds,12697714
2026-07-08T21:10:38.100056,2026-07-08T21:10:38.111882+00:00,143.9,125,ask,YieldingYams,AverageAlmonds,12697721
2026-07-08T21:10:38.718086,2026-07-08T21:10:38.729657+00:00,143.7,20,ask,WavyWalnuts,BrilliantBurritos,12697729
2026-07-08T21:10:38.764709,2026-07-08T21:10:38.775055+00:00,143.8,200,ask,WavyWalnuts,YieldingYams,12697731
2026-07-08T21:10:40.077914,2026-07-08T21:10:40.085648+00:00,143.8,200,bid,YieldingYams,WavyWalnuts,12697754
2026-07-08T21:10:41.146485,2026-07-08T21:10:41.164200+00:00,143.8,425,ask,YieldingYams,AverageAlmonds,12697767
2026-07-08T21:10:43.560650,2026-07-08T21:10:43.569798+00:00,143.7,500,ask,YieldingYams,AverageAlmonds,12697802
2026-07-08T21:10:44.012286,2026-07-08T21:10:44.064289+00:00,143.7,200,ask,WavyWalnuts,YieldingYams,12697808
2026-07-08T21:10:45.405767,2026-07-08T21:10:45.415361+00:00,143.5,200,ask,WavyWalnuts,AverageAlmonds,12697824
2026-07-08T21:10:45.852030,2026-07-08T21:10:45.858605+00:00,143.5,20,bid,BrilliantBurritos,AverageAlmonds,12697836
2026-07-08T21:10:47.818922,2026-07-08T21:10:47.829486+00:00,143.5,200,ask,WavyWalnuts,AverageAlmonds,12697868
2026-07-08T21:10:48.344174,2026-07-08T21:10:48.358607+00:00,143.5,20,bid,BrilliantBurritos,AverageAlmonds,12697878
2026-07-08T21:10:52.097717,2026-07-08T21:10:52.106274+00:00,143.4,200,bid,WavyWalnuts,YieldingYams,12697928
2026-07-08T21:10:53.311893,2026-07-08T21:10:53.321308+00:00,143.4,200,bid,WavyWalnuts,AverageAlmonds,12697950
2026-07-08T21:10:54.523994,2026-07-08T21:10:54.534262+00:00,143.3,200,bid,WavyWalnuts,YieldingYams,12697964
2026-07-08T21:10:55.739488,2026-07-08T21:10:55.747001+00:00,143.3,200,bid,WavyWalnuts,YieldingYams,12697977
2026-07-08T21:10:56.951060,2026-07-08T21:10:56.955418+00:00,143.3,200,bid,WavyWalnuts,AverageAlmonds,12697998
2026-07-08T21:11:00.583571,2026-07-08T21:11:00.591736+00:00,143.2,200,bid,WavyWalnuts,YieldingYams,12698029
2026-07-08T21:11:02.582467,2026-07-08T21:11:02.594334+00:00,143.2,20,bid,BrilliantBurritos,WavyWalnuts,12698059
2026-07-08T21:11:04.173037,2026-07-08T21:11:04.184799+00:00,143.1,500,ask,YieldingYams,AverageAlmonds,12698078
2026-07-08T21:11:04.766568,2026-07-08T21:11:04.774446+00:00,143.1,125,ask,YieldingYams,AverageAlmonds,12698089
2026-07-08T21:11:04.988799,2026-07-08T21:11:04.999842+00:00,143.0,200,ask,WavyWalnuts,YieldingYams,12698095
2026-07-08T21:11:05.006745,2026-07-08T21:11:05.011076+00:00,142.9,12,bid,Xuanyu Liu,YieldingYams,12698097
2026-07-08T21:11:05.418764,2026-07-08T21:11:05.428303+00:00,142.9,200,bid,WavyWalnuts,YieldingYams,12698101
2026-07-08T21:11:06.309479,2026-07-08T21:11:06.312914+00:00,143.0,12,ask,YieldingYams,Xuanyu Liu,12698115
2026-07-08T21:11:09.041766,2026-07-08T21:11:09.058690+00:00,143.1,200,ask,YieldingYams,WavyWalnuts,12698146
2026-07-08T21:11:11.849547,2026-07-08T21:11:11.853475+00:00,143.0,11,ask,YieldingYams,Xuanyu Liu,12698184
2026-07-08T21:11:12.703320,2026-07-08T21:11:12.713529+00:00,143.0,200,ask,YieldingYams,WavyWalnuts,12698191
2026-07-08T21:11:15.121160,2026-07-08T21:11:15.129035+00:00,143.1,200,bid,WavyWalnuts,AverageAlmonds,12698236
2026-07-08T21:11:15.499280,2026-07-08T21:11:15.510047+00:00,143.1,300,bid,YieldingYams,AverageAlmonds,12698241
2026-07-08T21:11:15.666414,2026-07-08T21:11:15.674831+00:00,143.1,325,ask,YieldingYams,AverageAlmonds,12698243
2026-07-08T21:11:15.955001,2026-07-08T21:11:15.965104+00:00,143.1,20,bid,BrilliantBurritos,AverageAlmonds,12698247
2026-07-08T21:11:16.812222,2026-07-08T21:11:16.822611+00:00,143.0,200,ask,WavyWalnuts,YieldingYams,12698260
2026-07-08T21:11:17.540851,2026-07-08T21:11:17.549116+00:00,142.8,200,bid,WavyWalnuts,YieldingYams,12698282
2026-07-08T21:11:18.164865,2026-07-08T21:11:18.168968+00:00,142.8,23,ask,YieldingYams,Xuanyu Liu,12698290
2026-07-08T21:11:18.752158,2026-07-08T21:11:18.763845+00:00,142.8,200,ask,YieldingYams,WavyWalnuts,12698300
2026-07-08T21:11:21.292214,2026-07-08T21:11:21.296072+00:00,143.0,23,bid,Xuanyu Liu,AverageAlmonds,12698339
2026-07-08T21:11:23.593209,2026-07-08T21:11:23.601165+00:00,143.0,200,bid,WavyWalnuts,AverageAlmonds,12698359
2026-07-08T21:11:24.689708,2026-07-08T21:11:24.700633+00:00,143.0,500,bid,YieldingYams,AverageAlmonds,12698377
2026-07-08T21:11:24.742912,2026-07-08T21:11:24.751081+00:00,143.0,125,ask,YieldingYams,AverageAlmonds,12698378
2026-07-08T21:11:24.801528,2026-07-08T21:11:24.808659+00:00,143.0,200,bid,WavyWalnuts,AverageAlmonds,12698381
2026-07-08T21:11:26.010543,2026-07-08T21:11:26.018620+00:00,142.9,200,bid,WavyWalnuts,YieldingYams,12698393
2026-07-08T21:11:27.227374,2026-07-08T21:11:27.234591+00:00,142.9,200,bid,WavyWalnuts,YieldingYams,12698406
2026-07-08T21:11:27.954374,2026-07-08T21:11:27.966021+00:00,142.7,20,ask,YieldingYams,BrilliantBurritos,12698414
2026-07-08T21:11:28.439944,2026-07-08T21:11:28.447231+00:00,143.0,200,bid,WavyWalnuts,YieldingYams,12698420
2026-07-08T21:11:32.008434,2026-07-08T21:11:32.017990+00:00,142.9,500,ask,YieldingYams,AverageAlmonds,12698473
2026-07-08T21:11:32.088365,2026-07-08T21:11:32.096160+00:00,142.9,125,ask,YieldingYams,WavyWalnuts,12698478
2026-07-08T21:11:32.101978,2026-07-08T21:11:32.105626+00:00,142.8,23,bid,Xuanyu Liu,WavyWalnuts,12698480
2026-07-08T21:11:32.865950,2026-07-08T21:11:32.877636+00:00,142.7,20,ask,YieldingYams,BrilliantBurritos,12698484
2026-07-08T21:11:34.853957,2026-07-08T21:11:34.865967+00:00,142.7,20,ask,WavyWalnuts,BrilliantBurritos,12698512
2026-07-08T21:11:39.064134,2026-07-08T21:11:39.067829+00:00,142.9,11,bid,Xuanyu Liu,YieldingYams,12698567
2026-07-08T21:11:41.479289,2026-07-08T21:11:41.491359+00:00,142.9,20,bid,BrilliantBurritos,YieldingYams,12698596
2026-07-08T21:11:41.753886,2026-07-08T21:11:41.758145+00:00,142.8,12,bid,Xuanyu Liu,YieldingYams,12698600
2026-07-08T21:11:42.990461,2026-07-08T21:11:42.999684+00:00,142.8,200,bid,WavyWalnuts,YieldingYams,12698609
2026-07-08T21:11:44.112602,2026-07-08T21:11:44.169360+00:00,142.7,500,ask,YieldingYams,AverageAlmonds,12698624
2026-07-08T21:11:44.365082,2026-07-08T21:11:44.375961+00:00,142.7,200,ask,WavyWalnuts,YieldingYams,12698628
2026-07-08T21:11:44.727198,2026-07-08T21:11:44.731669+00:00,142.6,11,bid,Xuanyu Liu,AverageAlmonds,12698637
2026-07-08T21:11:45.675156,2026-07-08T21:11:45.685602+00:00,142.6,500,bid,YieldingYams,AverageAlmonds,12698647
2026-07-08T21:11:45.940449,2026-07-08T21:11:45.952266+00:00,142.6,125,ask,YieldingYams,AverageAlmonds,12698651
2026-07-08T21:11:46.990034,2026-07-08T21:11:47.013233+00:00,142.5,200,ask,WavyWalnuts,YieldingYams,12698669
2026-07-08T21:11:47.009337,2026-07-08T21:11:47.013233+00:00,142.3,3,bid,Xuanyu Liu,YieldingYams,12698671
2026-07-08T21:11:47.833457,2026-07-08T21:11:47.841812+00:00,142.3,200,bid,WavyWalnuts,YieldingYams,12698676
2026-07-08T21:11:50.250723,2026-07-08T21:11:50.261407+00:00,142.4,200,bid,WavyWalnuts,YieldingYams,12698711
2026-07-08T21:11:51.458509,2026-07-08T21:11:51.468932+00:00,142.3,200,bid,WavyWalnuts,YieldingYams,12698721
2026-07-08T21:11:53.879779,2026-07-08T21:11:53.887838+00:00,142.4,200,bid,WavyWalnuts,YieldingYams,12698756
2026-07-08T21:11:57.518088,2026-07-08T21:11:57.528297+00:00,142.5,200,bid,WavyWalnuts,YieldingYams,12698810
2026-07-08T21:11:58.743519,2026-07-08T21:11:58.747072+00:00,142.4,3,bid,Xuanyu Liu,WavyWalnuts,12698817
2026-07-08T21:11:58.791859,2026-07-08T21:11:58.801028+00:00,142.4,197,bid,YieldingYams,WavyWalnuts,12698818
2026-07-08T21:11:59.253887,2026-07-08T21:11:59.258545+00:00,142.4,428,ask,YieldingYams,AverageAlmonds,12698823
2026-07-08T21:12:00.106604,2026-07-08T21:12:00.115208+00:00,142.2,200,ask,WavyWalnuts,YieldingYams,12698834
2026-07-08T21:12:00.121189,2026-07-08T21:12:00.125308+00:00,142.2,23,bid,Xuanyu Liu,YieldingYams,12698836
2026-07-08T21:12:02.458903,2026-07-08T21:12:02.462735+00:00,142.1,26,ask,YieldingYams,Xuanyu Liu,12698865
2026-07-08T21:12:02.725582,2026-07-08T21:12:02.736304+00:00,142.2,500,bid,YieldingYams,AverageAlmonds,12698871
2026-07-08T21:12:02.725582,2026-07-08T21:12:02.736304+00:00,142.3,125,bid,YieldingYams,WavyWalnuts,12698872
2026-07-08T21:12:03.574926,2026-07-08T21:12:03.581947+00:00,142.2,200,bid,WavyWalnuts,AverageAlmonds,12698887
2026-07-08T21:12:04.104239,2026-07-08T21:12:04.112971+00:00,142.1,500,ask,YieldingYams,AverageAlmonds,12698892
2026-07-08T21:12:04.707025,2026-07-08T21:12:04.717623+00:00,142.1,125,ask,YieldingYams,AverageAlmonds,12698900
2026-07-08T21:12:04.775851,2026-07-08T21:12:04.783284+00:00,142.1,20,bid,BrilliantBurritos,AverageAlmonds,12698902
2026-07-08T21:12:04.786383,2026-07-08T21:12:04.794089+00:00,142.1,200,bid,WavyWalnuts,AverageAlmonds,12698903
2026-07-08T21:12:05.998463,2026-07-08T21:12:06.005465+00:00,142.0,200,bid,WavyWalnuts,YieldingYams,12698919
2026-07-08T21:12:07.208066,2026-07-08T21:12:07.214725+00:00,142.2,200,bid,WavyWalnuts,YieldingYams,12698943
2026-07-08T21:12:09.628685,2026-07-08T21:12:09.636457+00:00,142.2,200,bid,WavyWalnuts,YieldingYams,12698979
2026-07-08T21:12:11.112418,2026-07-08T21:12:11.124162+00:00,142.1,20,ask,WavyWalnuts,BrilliantBurritos,12698998
2026-07-08T21:12:12.155170,2026-07-08T21:12:12.167189+00:00,142.1,20,ask,YieldingYams,BrilliantBurritos,12699012
2026-07-08T21:12:17.116359,2026-07-08T21:12:17.121744+00:00,142.2,3,ask,WavyWalnuts,Xuanyu Liu,12699078
2026-07-08T21:12:17.144650,2026-07-08T21:12:17.152986+00:00,142.2,197,ask,WavyWalnuts,YieldingYams,12699079
2026-07-08T21:12:19.767988,2026-07-08T21:12:19.777370+00:00,142.4,200,bid,YieldingYams,WavyWalnuts,12699111
2026-07-08T21:12:19.783947,2026-07-08T21:12:19.787475+00:00,142.4,23,ask,YieldingYams,Xuanyu Liu,12699114
2026-07-08T21:12:20.504504,2026-07-08T21:12:20.514669+00:00,142.4,200,ask,YieldingYams,WavyWalnuts,12699125
2026-07-08T21:12:27.643718,2026-07-08T21:12:27.662883+00:00,142.6,200,bid,YieldingYams,WavyWalnuts,12699239
2026-07-08T21:12:27.659332,2026-07-08T21:12:27.662883+00:00,142.6,11,ask,YieldingYams,Xuanyu Liu,12699240
2026-07-08T21:12:27.752969,2026-07-08T21:12:27.764672+00:00,142.6,200,ask,YieldingYams,WavyWalnuts,12699244
2026-07-08T21:12:30.941217,2026-07-08T21:12:30.945204+00:00,142.2,23,ask,WavyWalnuts,Xuanyu Liu,12699289
2026-07-08T21:12:32.093169,2026-07-08T21:12:32.105078+00:00,142.2,20,ask,WavyWalnuts,BrilliantBurritos,12699308
2026-07-08T21:12:33.844473,2026-07-08T21:12:33.856183+00:00,142.2,200,ask,AverageAlmonds,WavyWalnuts,12699332
2026-07-08T21:12:35.055928,2026-07-08T21:12:35.058552+00:00,142.3,200,ask,YieldingYams,WavyWalnuts,12699343
2026-07-08T21:12:36.847678,2026-07-08T21:12:36.858589+00:00,142.3,200,bid,YieldingYams,WavyWalnuts,12699377
2026-07-08T21:12:38.563976,2026-07-08T21:12:38.575674+00:00,142.4,20,ask,YieldingYams,BrilliantBurritos,12699395
2026-07-08T21:12:41.243250,2026-07-08T21:12:41.250400+00:00,142.4,20,ask,WavyWalnuts,BrilliantBurritos,12699425
2026-07-08T21:12:41.965534,2026-07-08T21:12:41.977144+00:00,142.4,20,ask,WavyWalnuts,BrilliantBurritos,12699442
2026-07-08T21:12:43.415012,2026-07-08T21:12:43.424007+00:00,142.4,200,ask,WavyWalnuts,YieldingYams,12699470
2026-07-08T21:12:45.201319,2026-07-08T21:12:45.213323+00:00,142.5,20,bid,BrilliantBurritos,WavyWalnuts,12699490
2026-07-08T21:12:51.302055,2026-07-08T21:12:51.313120+00:00,142.3,500,ask,AverageAlmonds,YieldingYams,12699566
2026-07-08T21:12:51.302055,2026-07-08T21:12:51.313120+00:00,142.3,125,ask,WavyWalnuts,YieldingYams,12699567
2026-07-08T21:12:52.614610,2026-07-08T21:12:52.625258+00:00,142.4,200,ask,WavyWalnuts,YieldingYams,12699596
2026-07-08T21:12:53.760320,2026-07-08T21:12:53.768902+00:00,142.4,425,bid,AverageAlmonds,YieldingYams,12699614
2026-07-08T21:12:53.921390,2026-07-08T21:12:53.932272+00:00,142.5,200,bid,YieldingYams,WavyWalnuts,12699618
2026-07-08T21:12:55.980368,2026-07-08T21:12:55.992229+00:00,142.5,20,ask,WavyWalnuts,BrilliantBurritos,12699646
2026-07-08T21:12:56.206404,2026-07-08T21:12:56.210187+00:00,142.6,11,bid,Xuanyu Liu,YieldingYams,12699652
2026-07-08T21:12:56.830792,2026-07-08T21:12:56.840336+00:00,142.6,200,bid,WavyWalnuts,YieldingYams,12699655
2026-07-08T21:12:58.228813,2026-07-08T21:12:58.233062+00:00,142.7,12,bid,Xuanyu Liu,YieldingYams,12699678
2026-07-08T21:13:01.813165,2026-07-08T21:13:01.816787+00:00,142.7,11,bid,Xuanyu Liu,YieldingYams,12699732
2026-07-08T21:13:02.887459,2026-07-08T21:13:02.896674+00:00,142.7,200,bid,WavyWalnuts,YieldingYams,12699749
2026-07-08T21:13:04.099575,2026-07-08T21:13:04.109941+00:00,142.8,200,ask,YieldingYams,WavyWalnuts,12699766
2026-07-08T21:13:04.421996,2026-07-08T21:13:04.433715+00:00,142.8,500,ask,AverageAlmonds,YieldingYams,12699767
2026-07-08T21:13:04.662557,2026-07-08T21:13:04.670940+00:00,142.8,125,bid,AverageAlmonds,YieldingYams,12699769
2026-07-08T21:13:05.690727,2026-07-08T21:13:05.694563+00:00,142.8,26,bid,Xuanyu Liu,WavyWalnuts,12699793
2026-07-08T21:13:05.729145,2026-07-08T21:13:05.739674+00:00,142.8,174,bid,YieldingYams,WavyWalnuts,12699794
2026-07-08T21:13:06.517602,2026-07-08T21:13:06.528901+00:00,142.8,200,ask,YieldingYams,WavyWalnuts,12699813
2026-07-08T21:13:07.726973,2026-07-08T21:13:07.734614+00:00,142.8,200,bid,WavyWalnuts,YieldingYams,12699825
2026-07-08T21:13:11.750913,2026-07-08T21:13:11.756158+00:00,142.8,20,bid,BrilliantBurritos,WavyWalnuts,12699888
2026-07-08T21:13:13.601277,2026-07-08T21:13:13.611698+00:00,142.8,200,bid,YieldingYams,WavyWalnuts,12699915
2026-07-08T21:13:15.739241,2026-07-08T21:13:15.758557+00:00,143.0,20,bid,BrilliantBurritos,YieldingYams,12699954
2026-07-08T21:13:17.617745,2026-07-08T21:13:17.629573+00:00,142.8,20,ask,WavyWalnuts,BrilliantBurritos,12699976
2026-07-08T21:13:20.314791,2026-07-08T21:13:20.326451+00:00,143.1,20,bid,BrilliantBurritos,WavyWalnuts,12700014
2026-07-08T21:13:24.740019,2026-07-08T21:13:24.743696+00:00,142.9,3,ask,YieldingYams,Xuanyu Liu,12700088
2026-07-08T21:13:26.818645,2026-07-08T21:13:26.830506+00:00,143.0,20,bid,BrilliantBurritos,YieldingYams,12700124
2026-07-08T21:13:27.108637,2026-07-08T21:13:27.116320+00:00,143.0,200,bid,WavyWalnuts,YieldingYams,12700131
2026-07-08T21:13:29.357612,2026-07-08T21:13:29.368815+00:00,143.0,200,ask,WavyWalnuts,YieldingYams,12700160
2026-07-08T21:13:33.344432,2026-07-08T21:13:33.358586+00:00,143.0,20,ask,WavyWalnuts,BrilliantBurritos,12700220
2026-07-08T21:13:34.410387,2026-07-08T21:13:34.414257+00:00,143.1,11,ask,WavyWalnuts,Xuanyu Liu,12700234
2026-07-08T21:13:35.916703,2026-07-08T21:13:35.928108+00:00,143.1,200,ask,WavyWalnuts,YieldingYams,12700247
2026-07-08T21:13:39.235678,2026-07-08T21:13:39.243859+00:00,143.0,200,ask,YieldingYams,WavyWalnuts,12700277
2026-07-08T21:13:39.690646,2026-07-08T21:13:39.702455+00:00,143.2,20,bid,BrilliantBurritos,YieldingYams,12700280
2026-07-08T21:13:41.162583,2026-07-08T21:13:41.173995+00:00,143.1,200,bid,YieldingYams,WavyWalnuts,12700300
2026-07-08T21:13:41.186684,2026-07-08T21:13:41.190839+00:00,143.1,12,ask,YieldingYams,Xuanyu Liu,12700303
2026-07-08T21:13:43.790138,2026-07-08T21:13:43.808893+00:00,143.2,500,bid,YieldingYams,AverageAlmonds,12700337
2026-07-08T21:13:43.804833,2026-07-08T21:13:43.808893+00:00,143.2,11,ask,YieldingYams,Xuanyu Liu,12700339
2026-07-08T21:13:44.023361,2026-07-08T21:13:44.159504+00:00,143.2,114,ask,YieldingYams,AverageAlmonds,12700340
2026-07-08T21:13:46.508840,2026-07-08T21:13:46.519847+00:00,143.0,200,ask,YieldingYams,WavyWalnuts,12700373
2026-07-08T21:13:47.717949,2026-07-08T21:13:47.727008+00:00,143.0,200,ask,YieldingYams,WavyWalnuts,12700393
2026-07-08T21:13:50.289219,2026-07-08T21:13:50.301189+00:00,142.9,20,ask,WavyWalnuts,BrilliantBurritos,12700432
2026-07-08T21:13:52.682259,2026-07-08T21:13:52.693842+00:00,143.0,20,bid,BrilliantBurritos,YieldingYams,12700458
2026-07-08T21:13:54.342728,2026-07-08T21:13:54.346833+00:00,142.9,11,bid,Xuanyu Liu,YieldingYams,12700481
2026-07-08T21:13:55.853275,2026-07-08T21:13:55.865219+00:00,143.0,20,bid,BrilliantBurritos,WavyWalnuts,12700504
2026-07-08T21:13:56.196361,2026-07-08T21:13:56.205395+00:00,142.8,200,ask,YieldingYams,WavyWalnuts,12700509
2026-07-08T21:13:56.242009,2026-07-08T21:13:56.253744+00:00,143.0,20,bid,BrilliantBurritos,YieldingYams,12700510
2026-07-08T21:13:57.791354,2026-07-08T21:13:57.800379+00:00,142.8,20,ask,YieldingYams,BrilliantBurritos,12700525
2026-07-08T21:13:58.619989,2026-07-08T21:13:58.627302+00:00,142.7,200,ask,YieldingYams,WavyWalnuts,12700538
2026-07-08T21:14:00.589899,2026-07-08T21:14:00.601627+00:00,142.8,20,bid,BrilliantBurritos,YieldingYams,12700557
2026-07-08T21:14:00.854369,2026-07-08T21:14:00.858546+00:00,142.7,200,ask,WavyWalnuts,YieldingYams,12700561
2026-07-08T21:14:00.854369,2026-07-08T21:14:00.858546+00:00,142.6,425,ask,AverageAlmonds,YieldingYams,12700562
2026-07-08T21:14:07.082173,2026-07-08T21:14:07.092311+00:00,143.1,200,bid,WavyWalnuts,YieldingYams,12700641
2026-07-08T21:14:10.662025,2026-07-08T21:14:10.669568+00:00,143.1,200,ask,YieldingYams,WavyWalnuts,12700680
2026-07-08T21:14:10.662025,2026-07-08T21:14:10.674797+00:00,143.1,300,ask,YieldingYams,AverageAlmonds,12700681
2026-07-08T21:14:10.711663,2026-07-08T21:14:10.721761+00:00,143.1,200,ask,WavyWalnuts,AverageAlmonds,12700685
2026-07-08T21:14:11.292334,2026-07-08T21:14:11.327470+00:00,143.1,125,ask,YieldingYams,AverageAlmonds,12700695
2026-07-08T21:14:11.323283,2026-07-08T21:14:11.327470+00:00,143.1,12,bid,Xuanyu Liu,AverageAlmonds,12700697
2026-07-08T21:14:11.351033,2026-07-08T21:14:11.355300+00:00,142.9,14,bid,Xuanyu Liu,YieldingYams,12700699
2026-07-08T21:14:11.935020,2026-07-08T21:14:11.941970+00:00,142.9,200,bid,WavyWalnuts,YieldingYams,12700704
2026-07-08T21:14:13.155967,2026-07-08T21:14:13.163837+00:00,142.9,200,bid,WavyWalnuts,YieldingYams,12700720
2026-07-08T21:14:14.742417,2026-07-08T21:14:14.754379+00:00,142.8,20,ask,YieldingYams,BrilliantBurritos,12700747
2026-07-08T21:14:15.585966,2026-07-08T21:14:15.594550+00:00,142.9,200,ask,YieldingYams,WavyWalnuts,12700759
2026-07-08T21:14:22.458586,2026-07-08T21:14:22.470074+00:00,143.0,20,bid,BrilliantBurritos,WavyWalnuts,12700864
2026-07-08T21:14:24.067654,2026-07-08T21:14:24.075753+00:00,142.8,200,ask,YieldingYams,WavyWalnuts,12700882
2026-07-08T21:14:25.283263,2026-07-08T21:14:25.291094+00:00,142.8,200,ask,AverageAlmonds,WavyWalnuts,12700900
2026-07-08T21:14:26.500453,2026-07-08T21:14:26.507506+00:00,142.8,200,ask,YieldingYams,WavyWalnuts,12700915
2026-07-08T21:14:27.944417,2026-07-08T21:14:27.947990+00:00,142.9,3,bid,Xuanyu Liu,YieldingYams,12700930
2026-07-08T21:14:28.373283,2026-07-08T21:14:28.377041+00:00,142.7,23,bid,Xuanyu Liu,YieldingYams,12700938
2026-07-08T21:14:28.927510,2026-07-08T21:14:28.935912+00:00,142.7,200,bid,WavyWalnuts,YieldingYams,12700943
2026-07-08T21:14:30.974862,2026-07-08T21:14:30.981805+00:00,142.7,200,bid,YieldingYams,WavyWalnuts,12700971
2026-07-08T21:14:33.595776,2026-07-08T21:14:33.613706+00:00,142.7,200,ask,WavyWalnuts,YieldingYams,12701007
2026-07-08T21:14:39.141900,2026-07-08T21:14:39.147321+00:00,142.8,20,bid,BrilliantBurritos,WavyWalnuts,12701080
2026-07-08T21:14:41.034513,2026-07-08T21:14:41.045869+00:00,142.7,200,ask,YieldingYams,WavyWalnuts,12701111
2026-07-08T21:14:48.317030,2026-07-08T21:14:48.320624+00:00,142.9,12,ask,WavyWalnuts,Xuanyu Liu,12701186
2026-07-08T21:14:49.509339,2026-07-08T21:14:49.520523+00:00,143.1,200,bid,WavyWalnuts,YieldingYams,12701201
2026-07-08T21:14:49.807689,2026-07-08T21:14:49.819504+00:00,142.9,20,ask,YieldingYams,BrilliantBurritos,12701204
2026-07-08T21:14:52.144386,2026-07-08T21:14:52.148251+00:00,143.0,11,ask,YieldingYams,Xuanyu Liu,12701227
2026-07-08T21:14:53.137504,2026-07-08T21:14:53.147390+00:00,143.0,200,ask,YieldingYams,WavyWalnuts,12701242
2026-07-08T21:14:55.175851,2026-07-08T21:14:55.187297+00:00,143.0,20,ask,WavyWalnuts,BrilliantBurritos,12701271
2026-07-08T21:14:56.449264,2026-07-08T21:14:56.453422+00:00,142.9,3,ask,WavyWalnuts,Xuanyu Liu,12701290
2026-07-08T21:14:58.519897,2026-07-08T21:14:58.526712+00:00,143.0,200,bid,YieldingYams,WavyWalnuts,12701316
2026-07-08T21:15:00.405241,2026-07-08T21:15:00.412078+00:00,142.9,200,ask,YieldingYams,WavyWalnuts,12701336
2026-07-08T21:15:02.844188,2026-07-08T21:15:02.848197+00:00,143.0,3,ask,WavyWalnuts,Xuanyu Liu,12701364
2026-07-08T21:15:03.774633,2026-07-08T21:15:03.783925+00:00,143.0,197,ask,WavyWalnuts,YieldingYams,12701381
2026-07-08T21:15:05.182377,2026-07-08T21:15:05.190431+00:00,143.2,20,bid,BrilliantBurritos,WavyWalnuts,12701400
2026-07-08T21:15:05.936596,2026-07-08T21:15:05.940583+00:00,143.0,11,ask,YieldingYams,Xuanyu Liu,12701417
2026-07-08T21:15:06.453805,2026-07-08T21:15:06.458622+00:00,143.1,200,bid,WavyWalnuts,YieldingYams,12701421
2026-07-08T21:15:07.743409,2026-07-08T21:15:07.747187+00:00,143.1,12,ask,YieldingYams,Xuanyu Liu,12701448
2026-07-08T21:15:12.468861,2026-07-08T21:15:12.480029+00:00,143.0,20,ask,WavyWalnuts,BrilliantBurritos,12701522
2026-07-08T21:15:14.286757,2026-07-08T21:15:14.312194+00:00,143.0,200,bid,YieldingYams,WavyWalnuts,12701555
2026-07-08T21:15:14.308571,2026-07-08T21:15:14.312194+00:00,143.0,11,ask,YieldingYams,Xuanyu Liu,12701557
2026-07-08T21:15:14.362398,2026-07-08T21:15:14.374116+00:00,143.0,20,ask,YieldingYams,BrilliantBurritos,12701558
2026-07-08T21:15:15.602778,2026-07-08T21:15:15.609428+00:00,143.0,200,ask,WavyWalnuts,YieldingYams,12701582
2026-07-08T21:15:15.620779,2026-07-08T21:15:15.624865+00:00,143.0,23,bid,Xuanyu Liu,YieldingYams,12701584
2026-07-08T21:15:20.312087,2026-07-08T21:15:20.319444+00:00,143.0,200,bid,AverageAlmonds,WavyWalnuts,12701668
2026-07-08T21:15:20.331380,2026-07-08T21:15:20.335160+00:00,143.0,12,ask,AverageAlmonds,Xuanyu Liu,12701670
2026-07-08T21:15:21.550426,2026-07-08T21:15:21.570067+00:00,143.1,11,ask,AverageAlmonds,Xuanyu Liu,12701688
2026-07-08T21:15:21.710903,2026-07-08T21:15:21.715327+00:00,143.2,11,bid,Xuanyu Liu,YieldingYams,12701693
2026-07-08T21:15:22.187026,2026-07-08T21:15:22.194484+00:00,143.0,200,ask,AverageAlmonds,WavyWalnuts,12701698
2026-07-08T21:15:23.022945,2026-07-08T21:15:23.034745+00:00,143.0,20,ask,AverageAlmonds,BrilliantBurritos,12701711
2026-07-08T21:15:23.415289,2026-07-08T21:15:23.419657+00:00,143.1,12,bid,Xuanyu Liu,WavyWalnuts,12701714
2026-07-08T21:15:24.928114,2026-07-08T21:15:24.932271+00:00,142.9,12,ask,AverageAlmonds,Xuanyu Liu,12701744
2026-07-08T21:15:25.173271,2026-07-08T21:15:25.184350+00:00,143.0,500,bid,AverageAlmonds,YieldingYams,12701748
2026-07-08T21:15:25.769023,2026-07-08T21:15:25.777038+00:00,143.0,125,bid,AverageAlmonds,YieldingYams,12701759
2026-07-08T21:15:25.769023,2026-07-08T21:15:25.782028+00:00,143.1,200,bid,AverageAlmonds,WavyWalnuts,12701760
2026-07-08T21:15:25.798818,2026-07-08T21:15:25.802967+00:00,143.1,23,ask,AverageAlmonds,Xuanyu Liu,12701762
2026-07-08T21:15:26.422087,2026-07-08T21:15:26.430954+00:00,143.3,20,bid,BrilliantBurritos,YieldingYams,12701774
2026-07-08T21:15:27.045205,2026-07-08T21:15:27.051589+00:00,143.1,200,ask,YieldingYams,WavyWalnuts,12701786
2026-07-08T21:15:27.395964,2026-07-08T21:15:27.403390+00:00,143.1,500,ask,AverageAlmonds,YieldingYams,12701789
2026-07-08T21:15:27.578473,2026-07-08T21:15:27.586329+00:00,143.1,125,bid,AverageAlmonds,YieldingYams,12701793
2026-07-08T21:15:28.704635,2026-07-08T21:15:28.713613+00:00,143.3,200,bid,YieldingYams,WavyWalnuts,12701819
2026-07-08T21:15:29.469256,2026-07-08T21:15:29.479261+00:00,143.4,200,ask,YieldingYams,WavyWalnuts,12701829
2026-07-08T21:15:30.080593,2026-07-08T21:15:30.084693+00:00,143.2,46,bid,Xuanyu Liu,YieldingYams,12701838
2026-07-08T21:15:31.266950,2026-07-08T21:15:31.270351+00:00,143.1,46,ask,WavyWalnuts,Xuanyu Liu,12701855
2026-07-08T21:15:31.846327,2026-07-08T21:15:31.850218+00:00,143.2,11,ask,AverageAlmonds,Xuanyu Liu,12701864
2026-07-08T21:15:31.899986,2026-07-08T21:15:31.911919+00:00,143.3,20,bid,BrilliantBurritos,YieldingYams,12701867
2026-07-08T21:15:36.603667,2026-07-08T21:15:36.614211+00:00,143.1,200,ask,WavyWalnuts,YieldingYams,12701925
2026-07-08T21:15:36.678547,2026-07-08T21:15:36.686757+00:00,143.1,425,bid,AverageAlmonds,YieldingYams,12701928
2026-07-08T21:15:37.541473,2026-07-08T21:15:37.545491+00:00,143.3,11,bid,Xuanyu Liu,WavyWalnuts,12701937
2026-07-08T21:15:37.910623,2026-07-08T21:15:37.920758+00:00,143.3,189,bid,YieldingYams,WavyWalnuts,12701940
2026-07-08T21:15:37.931575,2026-07-08T21:15:37.941931+00:00,143.4,200,ask,YieldingYams,WavyWalnuts,12701942
2026-07-08T21:15:40.702512,2026-07-08T21:15:40.706709+00:00,143.5,12,bid,Xuanyu Liu,WavyWalnuts,12701978
2026-07-08T21:15:41.528254,2026-07-08T21:15:41.537087+00:00,143.4,20,ask,YieldingYams,BrilliantBurritos,12701988
2026-07-08T21:15:41.848414,2026-07-08T21:15:41.857359+00:00,143.5,200,bid,YieldingYams,WavyWalnuts,12701990
2026-07-08T21:15:42.152465,2026-07-08T21:15:42.163789+00:00,143.6,425,ask,YieldingYams,AverageAlmonds,12701992
2026-07-08T21:15:42.383280,2026-07-08T21:15:42.396473+00:00,143.3,20,ask,WavyWalnuts,BrilliantBurritos,12702000
2026-07-08T21:15:42.769992,2026-07-08T21:15:42.773915+00:00,143.4,11,bid,Xuanyu Liu,AverageAlmonds,12702008
2026-07-08T21:15:45.210702,2026-07-08T21:15:45.221773+00:00,143.4,200,bid,WavyWalnuts,AverageAlmonds,12702048
2026-07-08T21:15:45.780820,2026-07-08T21:15:45.790164+00:00,143.5,500,bid,YieldingYams,AverageAlmonds,12702052
2026-07-08T21:15:46.363842,2026-07-08T21:15:46.374525+00:00,143.5,125,ask,YieldingYams,AverageAlmonds,12702058
2026-07-08T21:15:47.286674,2026-07-08T21:15:47.298853+00:00,143.5,20,bid,BrilliantBurritos,WavyWalnuts,12702070
2026-07-08T21:15:47.631913,2026-07-08T21:15:47.639092+00:00,143.5,200,bid,WavyWalnuts,YieldingYams,12702078
2026-07-08T21:15:51.216982,2026-07-08T21:15:51.226625+00:00,143.4,500,ask,YieldingYams,AverageAlmonds,12702117
2026-07-08T21:15:51.265889,2026-07-08T21:15:51.274314+00:00,143.4,125,ask,YieldingYams,WavyWalnuts,12702118
2026-07-08T21:15:52.334126,2026-07-08T21:15:52.341107+00:00,143.1,200,ask,WavyWalnuts,YieldingYams,12702131
2026-07-08T21:15:52.471318,2026-07-08T21:15:52.479707+00:00,143.1,200,bid,WavyWalnuts,YieldingYams,12702135
2026-07-08T21:15:56.591939,2026-07-08T21:15:56.596194+00:00,143.4,23,bid,Xuanyu Liu,AverageAlmonds,12702198
2026-07-08T21:15:56.665504,2026-07-08T21:15:56.676421+00:00,143.3,200,ask,WavyWalnuts,AverageAlmonds,12702201
2026-07-08T21:15:56.687030,2026-07-08T21:15:56.690727+00:00,143.3,3,bid,Xuanyu Liu,AverageAlmonds,12702205
2026-07-08T21:15:59.696120,2026-07-08T21:15:59.707506+00:00,143.2,20,bid,BrilliantBurritos,AverageAlmonds,12702237
2026-07-08T21:15:59.770638,2026-07-08T21:15:59.775065+00:00,143.1,3,ask,YieldingYams,Xuanyu Liu,12702243
2026-07-08T21:16:02.119386,2026-07-08T21:16:02.130770+00:00,143.1,200,ask,WavyWalnuts,AverageAlmonds,12702271
2026-07-08T21:16:02.119386,2026-07-08T21:16:02.130770+00:00,143.1,300,ask,YieldingYams,AverageAlmonds,12702272
2026-07-08T21:16:02.719173,2026-07-08T21:16:02.728323+00:00,143.1,325,ask,YieldingYams,AverageAlmonds,12702277
2026-07-08T21:16:02.858711,2026-07-08T21:16:02.868846+00:00,143.0,200,ask,WavyWalnuts,YieldingYams,12702281
2026-07-08T21:16:04.649773,2026-07-08T21:16:04.663924+00:00,143.0,20,bid,BrilliantBurritos,YieldingYams,12702309
2026-07-08T21:16:05.483053,2026-07-08T21:16:05.491029+00:00,142.9,200,ask,WavyWalnuts,YieldingYams,12702320
2026-07-08T21:16:07.000761,2026-07-08T21:16:07.011520+00:00,142.9,200,bid,WavyWalnuts,YieldingYams,12702334
2026-07-08T21:16:08.456218,2026-07-08T21:16:08.463622+00:00,142.7,20,ask,YieldingYams,BrilliantBurritos,12702354
2026-07-08T21:16:12.040940,2026-07-08T21:16:12.047600+00:00,143.1,200,bid,YieldingYams,WavyWalnuts,12702394
2026-07-08T21:16:12.357043,2026-07-08T21:16:12.361358+00:00,143.2,3,bid,Xuanyu Liu,AverageAlmonds,12702397
2026-07-08T21:16:13.086539,2026-07-08T21:16:13.094537+00:00,143.1,200,ask,YieldingYams,WavyWalnuts,12702409
2026-07-08T21:16:14.459011,2026-07-08T21:16:14.470783+00:00,142.9,20,ask,YieldingYams,BrilliantBurritos,12702426
2026-07-08T21:16:18.745366,2026-07-08T21:16:18.749296+00:00,142.7,3,ask,WavyWalnuts,Xuanyu Liu,12702494
2026-07-08T21:16:19.152596,2026-07-08T21:16:19.154325+00:00,142.8,200,bid,WavyWalnuts,YieldingYams,12702502
2026-07-08T21:16:20.363316,2026-07-08T21:16:20.369967+00:00,142.9,200,bid,WavyWalnuts,YieldingYams,12702517
2026-07-08T21:16:21.591503,2026-07-08T21:16:21.595946+00:00,142.8,11,ask,WavyWalnuts,Xuanyu Liu,12702530
2026-07-08T21:16:23.923311,2026-07-08T21:16:23.930273+00:00,142.8,200,ask,WavyWalnuts,AverageAlmonds,12702559
2026-07-08T21:16:23.923311,2026-07-08T21:16:23.935546+00:00,142.8,300,ask,YieldingYams,AverageAlmonds,12702560
2026-07-08T21:16:24.006373,2026-07-08T21:16:24.014519+00:00,142.8,200,ask,YieldingYams,WavyWalnuts,12702565
2026-07-08T21:16:26.490424,2026-07-08T21:16:26.502153+00:00,142.8,200,ask,WavyWalnuts,YieldingYams,12702590
2026-07-08T21:16:28.989718,2026-07-08T21:16:29.001524+00:00,142.9,20,bid,BrilliantBurritos,YieldingYams,12702616
2026-07-08T21:16:32.461343,2026-07-08T21:16:32.469744+00:00,142.9,200,bid,WavyWalnuts,YieldingYams,12702657
2026-07-08T21:16:33.072324,2026-07-08T21:16:33.076912+00:00,142.8,11,bid,Xuanyu Liu,YieldingYams,12702664
2026-07-08T21:16:33.668602,2026-07-08T21:16:33.678409+00:00,142.8,200,bid,WavyWalnuts,YieldingYams,12702672
2026-07-08T21:16:36.543658,2026-07-08T21:16:36.547257+00:00,143.1,3,bid,Xuanyu Liu,YieldingYams,12702708
2026-07-08T21:16:37.311778,2026-07-08T21:16:37.323254+00:00,142.9,200,ask,YieldingYams,WavyWalnuts,12702715
2026-07-08T21:16:38.296902,2026-07-08T21:16:38.304134+00:00,142.7,200,ask,WavyWalnuts,YieldingYams,12702730
2026-07-08T21:16:38.315331,2026-07-08T21:16:38.318902+00:00,142.7,14,bid,Xuanyu Liu,YieldingYams,12702732
2026-07-08T21:16:43.282460,2026-07-08T21:16:43.291919+00:00,142.7,20,ask,YieldingYams,BrilliantBurritos,12702805
2026-07-08T21:16:44.858033,2026-07-08T21:16:44.864517+00:00,142.7,200,ask,WavyWalnuts,YieldingYams,12702829
2026-07-08T21:16:45.809712,2026-07-08T21:16:45.817086+00:00,142.7,200,bid,WavyWalnuts,YieldingYams,12702849
2026-07-08T21:16:45.965938,2026-07-08T21:16:45.977950+00:00,142.5,20,ask,YieldingYams,BrilliantBurritos,12702853
2026-07-08T21:16:47.023372,2026-07-08T21:16:47.035114+00:00,142.8,200,ask,YieldingYams,WavyWalnuts,12702864
2026-07-08T21:16:48.230990,2026-07-08T21:16:48.237373+00:00,142.7,200,ask,YieldingYams,WavyWalnuts,12702885
2026-07-08T21:16:48.844164,2026-07-08T21:16:48.848092+00:00,142.6,12,bid,Xuanyu Liu,YieldingYams,12702901
2026-07-08T21:16:49.436336,2026-07-08T21:16:49.446806+00:00,142.6,200,bid,WavyWalnuts,YieldingYams,12702908
2026-07-08T21:16:49.643834,2026-07-08T21:16:49.655620+00:00,142.4,20,ask,YieldingYams,BrilliantBurritos,12702910
2026-07-08T21:16:50.645015,2026-07-08T21:16:50.658540+00:00,142.6,200,bid,WavyWalnuts,YieldingYams,12702935
2026-07-08T21:16:50.953915,2026-07-08T21:16:50.965884+00:00,142.6,20,bid,BrilliantBurritos,YieldingYams,12702937
2026-07-08T21:16:51.870061,2026-07-08T21:16:51.874017+00:00,142.6,12,ask,WavyWalnuts,Xuanyu Liu,12702948
2026-07-08T21:16:52.749389,2026-07-08T21:16:52.758587+00:00,142.6,188,ask,WavyWalnuts,YieldingYams,12702960
2026-07-08T21:16:55.583863,2026-07-08T21:16:55.588077+00:00,142.6,11,ask,YieldingYams,Xuanyu Liu,12703001
2026-07-08T21:16:56.475751,2026-07-08T21:16:56.487511+00:00,142.7,20,bid,BrilliantBurritos,WavyWalnuts,12703013
2026-07-08T21:16:56.678510,2026-07-08T21:16:56.685941+00:00,142.7,180,bid,YieldingYams,WavyWalnuts,12703016
2026-07-08T21:16:56.702364,2026-07-08T21:16:56.712015+00:00,142.7,200,ask,YieldingYams,WavyWalnuts,12703018
2026-07-08T21:17:00.347241,2026-07-08T21:17:00.351165+00:00,142.6,3,ask,WavyWalnuts,Xuanyu Liu,12703071
2026-07-08T21:17:00.605643,2026-07-08T21:17:00.615954+00:00,142.6,197,ask,WavyWalnuts,YieldingYams,12703074
2026-07-08T21:17:00.881285,2026-07-08T21:17:00.889942+00:00,142.6,428,bid,AverageAlmonds,YieldingYams,12703080
2026-07-08T21:17:01.544065,2026-07-08T21:17:01.550563+00:00,142.7,200,ask,AverageAlmonds,WavyWalnuts,12703089
2026-07-08T21:17:01.927557,2026-07-08T21:17:01.931457+00:00,142.8,3,bid,Xuanyu Liu,YieldingYams,12703099
2026-07-08T21:17:03.293840,2026-07-08T21:17:03.302584+00:00,142.8,500,bid,AverageAlmonds,YieldingYams,12703114
2026-07-08T21:17:03.890936,2026-07-08T21:17:03.899401+00:00,142.8,125,bid,AverageAlmonds,YieldingYams,12703119
2026-07-08T21:17:03.962094,2026-07-08T21:17:03.969043+00:00,142.8,200,ask,AverageAlmonds,WavyWalnuts,12703121
2026-07-08T21:17:06.404142,2026-07-08T21:17:06.407883+00:00,142.9,11,bid,Xuanyu Liu,WavyWalnuts,12703161
2026-07-08T21:17:08.468502,2026-07-08T21:17:08.490257+00:00,142.8,500,ask,AverageAlmonds,YieldingYams,12703186
2026-07-08T21:17:08.486413,2026-07-08T21:17:08.490257+00:00,142.8,12,bid,Xuanyu Liu,YieldingYams,12703188
2026-07-08T21:17:08.752139,2026-07-08T21:17:08.758545+00:00,142.8,113,bid,AverageAlmonds,YieldingYams,12703192
2026-07-08T21:17:08.752139,2026-07-08T21:17:08.758545+00:00,142.9,200,bid,AverageAlmonds,WavyWalnuts,12703193
2026-07-08T21:17:10.018867,2026-07-08T21:17:10.025570+00:00,142.9,200,ask,YieldingYams,WavyWalnuts,12703215
2026-07-08T21:17:10.589814,2026-07-08T21:17:10.614639+00:00,143.0,10,ask,AverageAlmonds,Xuanyu Liu,12703220
2026-07-08T21:17:12.114088,2026-07-08T21:17:12.125557+00:00,143.1,20,bid,BrilliantBurritos,YieldingYams,12703242
2026-07-08T21:17:13.720315,2026-07-08T21:17:13.729277+00:00,143.1,200,bid,YieldingYams,WavyWalnuts,12703265
2026-07-08T21:17:14.866876,2026-07-08T21:17:14.874470+00:00,143.1,200,ask,YieldingYams,WavyWalnuts,12703276
2026-07-08T21:17:15.040090,2026-07-08T21:17:15.048852+00:00,143.1,500,ask,AverageAlmonds,YieldingYams,12703277
2026-07-08T21:17:15.400436,2026-07-08T21:17:15.411295+00:00,142.9,20,ask,YieldingYams,BrilliantBurritos,12703279
2026-07-08T21:17:16.351298,2026-07-08T21:17:16.353085+00:00,143.1,200,bid,YieldingYams,WavyWalnuts,12703296
2026-07-08T21:17:16.374850,2026-07-08T21:17:16.378744+00:00,143.2,2,ask,YieldingYams,Xuanyu Liu,12703298
2026-07-08T21:17:17.287006,2026-07-08T21:17:17.294919+00:00,143.2,200,ask,YieldingYams,WavyWalnuts,12703309
2026-07-08T21:17:18.976601,2026-07-08T21:17:18.985687+00:00,143.0,200,ask,WavyWalnuts,YieldingYams,12703345
2026-07-08T21:17:19.557820,2026-07-08T21:17:19.569662+00:00,143.0,20,bid,BrilliantBurritos,YieldingYams,12703348
2026-07-08T21:17:19.698176,2026-07-08T21:17:19.707958+00:00,143.0,200,bid,WavyWalnuts,YieldingYams,12703349
2026-07-08T21:17:21.539441,2026-07-08T21:17:21.551255+00:00,143.0,20,ask,WavyWalnuts,BrilliantBurritos,12703372
2026-07-08T21:17:26.853381,2026-07-08T21:17:26.856395+00:00,143.1,200,bid,YieldingYams,WavyWalnuts,12703434
2026-07-08T21:17:27.542412,2026-07-08T21:17:27.552524+00:00,143.1,425,ask,YieldingYams,AverageAlmonds,12703445
2026-07-08T21:17:28.165760,2026-07-08T21:17:28.192431+00:00,143.0,200,ask,WavyWalnuts,YieldingYams,12703456
2026-07-08T21:17:28.177371,2026-07-08T21:17:28.192431+00:00,142.8,200,bid,WavyWalnuts,YieldingYams,12703458
2026-07-08T21:17:28.188759,2026-07-08T21:17:28.192431+00:00,142.8,23,bid,Xuanyu Liu,YieldingYams,12703460
2026-07-08T21:17:29.388691,2026-07-08T21:17:29.400013+00:00,142.8,200,bid,WavyWalnuts,YieldingYams,12703470
2026-07-08T21:17:30.394228,2026-07-08T21:17:30.398038+00:00,142.9,11,ask,YieldingYams,Xuanyu Liu,12703484
2026-07-08T21:17:30.844094,2026-07-08T21:17:30.856044+00:00,143.1,20,bid,BrilliantBurritos,YieldingYams,12703490
2026-07-08T21:17:32.099842,2026-07-08T21:17:32.120794+00:00,143.0,200,bid,YieldingYams,WavyWalnuts,12703508
2026-07-08T21:17:32.116791,2026-07-08T21:17:32.120794+00:00,143.0,12,ask,YieldingYams,Xuanyu Liu,12703510
2026-07-08T21:17:33.019968,2026-07-08T21:17:33.027480+00:00,143.0,200,ask,YieldingYams,WavyWalnuts,12703525
2026-07-08T21:17:35.454388,2026-07-08T21:17:35.468663+00:00,143.1,200,bid,WavyWalnuts,AverageAlmonds,12703550
2026-07-08T21:17:36.666321,2026-07-08T21:17:36.674079+00:00,143.1,200,bid,WavyWalnuts,AverageAlmonds,12703561
2026-07-08T21:17:37.875922,2026-07-08T21:17:37.884987+00:00,143.0,200,bid,WavyWalnuts,AverageAlmonds,12703577
2026-07-08T21:17:38.450497,2026-07-08T21:17:38.460201+00:00,142.9,500,ask,YieldingYams,AverageAlmonds,12703584
2026-07-08T21:17:39.099554,2026-07-08T21:17:39.106903+00:00,142.9,200,bid,WavyWalnuts,YieldingYams,12703597
2026-07-08T21:17:39.971107,2026-07-08T21:17:39.991130+00:00,142.9,500,bid,YieldingYams,AverageAlmonds,12703602
2026-07-08T21:17:39.987221,2026-07-08T21:17:39.991130+00:00,143.0,14,ask,YieldingYams,Xuanyu Liu,12703604
2026-07-08T21:17:40.260604,2026-07-08T21:17:40.270273+00:00,143.0,111,ask,YieldingYams,AverageAlmonds,12703606
2026-07-08T21:17:40.866174,2026-07-08T21:17:40.877056+00:00,142.9,200,ask,WavyWalnuts,AverageAlmonds,12703614
2026-07-08T21:17:44.918448,2026-07-08T21:17:44.930486+00:00,142.8,20,bid,BrilliantBurritos,YieldingYams,12703670
2026-07-08T21:17:50.485844,2026-07-08T21:17:50.495231+00:00,142.8,200,bid,YieldingYams,WavyWalnuts,12703735
2026-07-08T21:17:56.858999,2026-07-08T21:17:56.862984+00:00,142.9,26,bid,Xuanyu Liu,YieldingYams,12703823
2026-07-08T21:17:58.361483,2026-07-08T21:17:58.382386+00:00,142.8,200,ask,WavyWalnuts,YieldingYams,12703842
2026-07-08T21:17:58.378535,2026-07-08T21:17:58.382386+00:00,142.7,17,bid,Xuanyu Liu,YieldingYams,12703844
2026-07-08T21:17:58.506360,2026-07-08T21:17:58.517860+00:00,142.7,200,bid,WavyWalnuts,YieldingYams,12703849
2026-07-08T21:17:59.035379,2026-07-08T21:17:59.046577+00:00,142.7,208,bid,AverageAlmonds,YieldingYams,12703854
2026-07-08T21:17:59.059847,2026-07-08T21:17:59.063882+00:00,142.7,6,ask,AverageAlmonds,Xuanyu Liu,12703856
2026-07-08T21:17:59.683881,2026-07-08T21:17:59.687263+00:00,142.8,11,ask,YieldingYams,Xuanyu Liu,12703867
2026-07-08T21:18:00.936434,2026-07-08T21:18:00.940379+00:00,142.9,12,ask,WavyWalnuts,Xuanyu Liu,12703887
2026-07-08T21:18:02.131593,2026-07-08T21:18:02.141261+00:00,142.9,200,ask,AverageAlmonds,WavyWalnuts,12703905
2026-07-08T21:18:03.888248,2026-07-08T21:18:03.895372+00:00,143.0,200,bid,AverageAlmonds,WavyWalnuts,12703937
2026-07-08T21:18:04.937953,2026-07-08T21:18:04.942057+00:00,143.1,11,ask,YieldingYams,Xuanyu Liu,12703962
2026-07-08T21:18:05.752320,2026-07-08T21:18:05.758616+00:00,143.1,200,ask,YieldingYams,WavyWalnuts,12703973
2026-07-08T21:18:09.380713,2026-07-08T21:18:09.388865+00:00,143.1,200,bid,WavyWalnuts,YieldingYams,12704021
2026-07-08T21:18:10.202188,2026-07-08T21:18:10.206092+00:00,143.0,3,ask,YieldingYams,Xuanyu Liu,12704033
2026-07-08T21:18:14.232547,2026-07-08T21:18:14.241594+00:00,143.1,200,bid,WavyWalnuts,YieldingYams,12704100
2026-07-08T21:18:14.589278,2026-07-08T21:18:14.601262+00:00,143.1,20,bid,BrilliantBurritos,YieldingYams,12704109
2026-07-08T21:18:16.663344,2026-07-08T21:18:16.674489+00:00,143.1,200,ask,YieldingYams,WavyWalnuts,12704147
2026-07-08T21:18:19.085549,2026-07-08T21:18:19.095728+00:00,142.9,200,ask,YieldingYams,WavyWalnuts,12704190
2026-07-08T21:18:20.297107,2026-07-08T21:18:20.307536+00:00,142.9,200,ask,YieldingYams,WavyWalnuts,12704208
2026-07-08T21:18:21.512082,2026-07-08T21:18:21.521272+00:00,143.0,200,ask,YieldingYams,WavyWalnuts,12704229
2026-07-08T21:18:22.721420,2026-07-08T21:18:22.731792+00:00,142.9,200,ask,YieldingYams,WavyWalnuts,12704243
2026-07-08T21:18:23.930715,2026-07-08T21:18:23.937735+00:00,142.8,200,ask,YieldingYams,WavyWalnuts,12704259
2026-07-08T21:18:31.168329,2026-07-08T21:18:31.179622+00:00,142.7,20,ask,AverageAlmonds,BrilliantBurritos,12704346
2026-07-08T21:18:31.216475,2026-07-08T21:18:31.223935+00:00,142.7,200,ask,AverageAlmonds,WavyWalnuts,12704350
2026-07-08T21:18:31.659892,2026-07-08T21:18:31.663661+00:00,142.7,3,ask,AverageAlmonds,Xuanyu Liu,12704359
2026-07-08T21:18:32.381483,2026-07-08T21:18:32.389850+00:00,142.8,500,bid,AverageAlmonds,YieldingYams,12704367
2026-07-08T21:18:32.477031,2026-07-08T21:18:32.495600+00:00,142.7,200,bid,YieldingYams,WavyWalnuts,12704370
2026-07-08T21:18:32.491706,2026-07-08T21:18:32.495600+00:00,142.9,23,ask,YieldingYams,Xuanyu Liu,12704372
2026-07-08T21:18:33.639055,2026-07-08T21:18:33.650031+00:00,142.9,200,ask,YieldingYams,WavyWalnuts,12704384
2026-07-08T21:18:33.793778,2026-07-08T21:18:33.805136+00:00,142.8,500,ask,AverageAlmonds,YieldingYams,12704390
2026-07-08T21:18:33.811183,2026-07-08T21:18:33.814789+00:00,142.7,23,bid,Xuanyu Liu,YieldingYams,12704392
2026-07-08T21:18:34.178366,2026-07-08T21:18:34.185898+00:00,142.7,102,bid,AverageAlmonds,YieldingYams,12704398
2026-07-08T21:18:34.864909,2026-07-08T21:18:34.868652+00:00,142.9,3,bid,Xuanyu Liu,WavyWalnuts,12704418
2026-07-08T21:18:35.994491,2026-07-08T21:18:36.005999+00:00,142.9,197,bid,AverageAlmonds,WavyWalnuts,12704432
2026-07-08T21:18:36.056998,2026-07-08T21:18:36.065002+00:00,143.0,200,ask,AverageAlmonds,WavyWalnuts,12704435
2026-07-08T21:18:36.416749,2026-07-08T21:18:36.423789+00:00,143.0,103,ask,AverageAlmonds,YieldingYams,12704436
2026-07-08T21:18:36.589383,2026-07-08T21:18:36.597809+00:00,143.0,500,bid,AverageAlmonds,YieldingYams,12704437
2026-07-08T21:18:37.191339,2026-07-08T21:18:37.201219+00:00,143.0,22,bid,AverageAlmonds,YieldingYams,12704447
2026-07-08T21:18:37.218887,2026-07-08T21:18:37.222780+00:00,143.1,14,ask,AverageAlmonds,Xuanyu Liu,12704450
2026-07-08T21:18:37.668665,2026-07-08T21:18:37.680363+00:00,143.1,20,ask,AverageAlmonds,BrilliantBurritos,12704461
2026-07-08T21:18:43.254540,2026-07-08T21:18:43.263796+00:00,143.2,200,bid,AverageAlmonds,WavyWalnuts,12704533
2026-07-08T21:18:43.254540,2026-07-08T21:18:43.263796+00:00,143.2,300,bid,AverageAlmonds,YieldingYams,12704534
2026-07-08T21:18:45.616857,2026-07-08T21:18:45.626743+00:00,143.3,200,bid,YieldingYams,WavyWalnuts,12704569
2026-07-08T21:18:48.240623,2026-07-08T21:18:48.247486+00:00,143.5,200,bid,YieldingYams,WavyWalnuts,12704601
2026-07-08T21:18:49.553735,2026-07-08T21:18:49.569667+00:00,143.6,200,bid,YieldingYams,WavyWalnuts,12704621
2026-07-08T21:18:50.583368,2026-07-08T21:18:50.590933+00:00,143.6,200,ask,YieldingYams,WavyWalnuts,12704634
2026-07-08T21:18:52.181051,2026-07-08T21:18:52.191394+00:00,143.6,200,bid,YieldingYams,WavyWalnuts,12704655
2026-07-08T21:18:53.002003,2026-07-08T21:18:53.010925+00:00,143.6,200,ask,YieldingYams,WavyWalnuts,12704670
2026-07-08T21:18:53.417562,2026-07-08T21:18:53.429370+00:00,143.6,20,ask,YieldingYams,BrilliantBurritos,12704673
2026-07-08T21:18:54.832983,2026-07-08T21:18:54.836971+00:00,143.5,8,ask,YieldingYams,Xuanyu Liu,12704693
2026-07-08T21:18:54.970218,2026-07-08T21:18:54.982226+00:00,143.5,20,ask,YieldingYams,BrilliantBurritos,12704695
2026-07-08T21:19:01.478659,2026-07-08T21:19:01.488634+00:00,143.3,200,ask,YieldingYams,WavyWalnuts,12704776
2026-07-08T21:19:03.921621,2026-07-08T21:19:03.929974+00:00,143.2,200,ask,YieldingYams,WavyWalnuts,12704809
2026-07-08T21:19:06.664165,2026-07-08T21:19:06.667803+00:00,143.3,4,ask,YieldingYams,Xuanyu Liu,12704841
2026-07-08T21:19:07.564178,2026-07-08T21:19:07.567835+00:00,143.4,2,ask,WavyWalnuts,Xuanyu Liu,12704855
2026-07-08T21:19:08.757424,2026-07-08T21:19:08.768889+00:00,143.5,200,bid,WavyWalnuts,YieldingYams,12704877
2026-07-08T21:19:09.572884,2026-07-08T21:19:09.577070+00:00,143.5,2,bid,Xuanyu Liu,YieldingYams,12704888
2026-07-08T21:19:09.966007,2026-07-08T21:19:09.976581+00:00,143.5,200,bid,WavyWalnuts,YieldingYams,12704902
2026-07-08T21:19:11.889980,2026-07-08T21:19:11.900151+00:00,143.8,200,bid,YieldingYams,WavyWalnuts,12704926
2026-07-08T21:19:11.889980,2026-07-08T21:19:11.900151+00:00,143.8,425,bid,YieldingYams,AverageAlmonds,12704927
2026-07-08T21:19:12.380929,2026-07-08T21:19:12.391294+00:00,143.7,200,bid,WavyWalnuts,AverageAlmonds,12704935
2026-07-08T21:19:13.600810,2026-07-08T21:19:13.609327+00:00,143.6,200,bid,WavyWalnuts,YieldingYams,12704950
2026-07-08T21:19:14.773372,2026-07-08T21:19:14.784494+00:00,143.6,500,ask,YieldingYams,AverageAlmonds,12704969
2026-07-08T21:19:15.367665,2026-07-08T21:19:15.374239+00:00,143.7,200,ask,WavyWalnuts,AverageAlmonds,12704976
2026-07-08T21:19:15.367665,2026-07-08T21:19:15.379499+00:00,143.6,125,ask,YieldingYams,AverageAlmonds,12704977
2026-07-08T21:19:15.995353,2026-07-08T21:19:15.999051+00:00,143.5,12,bid,Xuanyu Liu,AverageAlmonds,12704985
2026-07-08T21:19:16.024377,2026-07-08T21:19:16.035627+00:00,143.5,200,bid,WavyWalnuts,AverageAlmonds,12704987
2026-07-08T21:19:17.127152,2026-07-08T21:19:17.138066+00:00,143.5,500,bid,YieldingYams,AverageAlmonds,12704997
2026-07-08T21:19:17.176378,2026-07-08T21:19:17.200578+00:00,143.6,125,ask,YieldingYams,AverageAlmonds,12704998
2026-07-08T21:19:17.196330,2026-07-08T21:19:17.200578+00:00,143.4,11,bid,Xuanyu Liu,AverageAlmonds,12705000
2026-07-08T21:19:17.236127,2026-07-08T21:19:17.246650+00:00,143.4,200,bid,WavyWalnuts,AverageAlmonds,12705001
2026-07-08T21:19:18.448458,2026-07-08T21:19:18.453515+00:00,143.4,200,bid,WavyWalnuts,AverageAlmonds,12705016
2026-07-08T21:19:19.671138,2026-07-08T21:19:19.678468+00:00,143.4,200,bid,WavyWalnuts,YieldingYams,12705038
2026-07-08T21:19:19.760557,2026-07-08T21:19:19.780596+00:00,143.4,500,bid,YieldingYams,AverageAlmonds,12705040
2026-07-08T21:19:19.776288,2026-07-08T21:19:19.780596+00:00,143.5,11,ask,YieldingYams,Xuanyu Liu,12705043
2026-07-08T21:19:20.222813,2026-07-08T21:19:20.230059+00:00,143.5,114,ask,YieldingYams,AverageAlmonds,12705049
2026-07-08T21:19:20.883775,2026-07-08T21:19:20.891884+00:00,143.4,200,bid,WavyWalnuts,AverageAlmonds,12705053
2026-07-08T21:19:22.056375,2026-07-08T21:19:22.064082+00:00,143.5,20,bid,BrilliantBurritos,YieldingYams,12705068
2026-07-08T21:19:22.387984,2026-07-08T21:19:22.395710+00:00,143.4,200,bid,YieldingYams,WavyWalnuts,12705075
2026-07-08T21:19:23.246495,2026-07-08T21:19:23.258595+00:00,143.4,425,ask,YieldingYams,AverageAlmonds,12705083
2026-07-08T21:19:23.318566,2026-07-08T21:19:23.329474+00:00,143.4,75,bid,WavyWalnuts,AverageAlmonds,12705084
2026-07-08T21:19:23.701269,2026-07-08T21:19:23.712280+00:00,143.4,125,ask,WavyWalnuts,YieldingYams,12705088
2026-07-08T21:19:23.718114,2026-07-08T21:19:23.721878+00:00,143.2,11,bid,Xuanyu Liu,YieldingYams,12705091
2026-07-08T21:19:24.526933,2026-07-08T21:19:24.537786+00:00,143.2,200,bid,WavyWalnuts,YieldingYams,12705098
2026-07-08T21:19:31.559420,2026-07-08T21:19:31.569276+00:00,143.4,200,ask,WavyWalnuts,YieldingYams,12705176
2026-07-08T21:19:34.176485,2026-07-08T21:19:34.184574+00:00,143.2,200,bid,YieldingYams,WavyWalnuts,12705215
2026-07-08T21:19:34.197400,2026-07-08T21:19:34.201546+00:00,143.2,23,ask,YieldingYams,Xuanyu Liu,12705217
2026-07-08T21:19:35.489249,2026-07-08T21:19:35.496753+00:00,143.2,200,ask,WavyWalnuts,YieldingYams,12705235
2026-07-08T21:19:41.798928,2026-07-08T21:19:41.805803+00:00,143.1,20,ask,YieldingYams,BrilliantBurritos,12705324
2026-07-08T21:19:42.696326,2026-07-08T21:19:42.704934+00:00,143.1,200,ask,YieldingYams,WavyWalnuts,12705343
2026-07-08T21:19:43.975290,2026-07-08T21:19:44.059449+00:00,143.2,11,ask,WavyWalnuts,Xuanyu Liu,12705364
2026-07-08T21:19:45.698766,2026-07-08T21:19:45.710641+00:00,143.3,20,bid,BrilliantBurritos,AverageAlmonds,12705387
2026-07-08T21:19:46.004384,2026-07-08T21:19:46.014243+00:00,143.3,480,bid,YieldingYams,AverageAlmonds,12705389
2026-07-08T21:19:46.247540,2026-07-08T21:19:46.255213+00:00,143.3,145,ask,YieldingYams,AverageAlmonds,12705392
2026-07-08T21:19:49.871759,2026-07-08T21:19:49.879272+00:00,143.0,500,ask,YieldingYams,AverageAlmonds,12705445
2026-07-08T21:19:49.948417,2026-07-08T21:19:49.958607+00:00,142.9,200,ask,WavyWalnuts,YieldingYams,12705448
2026-07-08T21:19:51.129941,2026-07-08T21:19:51.141768+00:00,142.8,20,ask,WavyWalnuts,BrilliantBurritos,12705469
2026-07-08T21:19:51.174781,2026-07-08T21:19:51.184861+00:00,142.9,200,bid,WavyWalnuts,YieldingYams,12705471
2026-07-08T21:19:53.882796,2026-07-08T21:19:53.891456+00:00,142.8,200,ask,WavyWalnuts,YieldingYams,12705500
2026-07-08T21:19:54.022428,2026-07-08T21:19:54.034008+00:00,142.8,20,bid,BrilliantBurritos,YieldingYams,12705502
2026-07-08T21:19:54.803376,2026-07-08T21:19:54.812244+00:00,142.8,200,bid,WavyWalnuts,YieldingYams,12705513
2026-07-08T21:20:00.436099,2026-07-08T21:20:00.444833+00:00,142.7,200,bid,YieldingYams,WavyWalnuts,12705584
2026-07-08T21:20:00.849684,2026-07-08T21:20:00.859818+00:00,142.7,200,ask,YieldingYams,WavyWalnuts,12705593
2026-07-08T21:20:03.220525,2026-07-08T21:20:03.229754+00:00,142.6,200,ask,WavyWalnuts,AverageAlmonds,12705621
2026-07-08T21:20:03.433438,2026-07-08T21:20:03.437534+00:00,142.5,12,ask,YieldingYams,Xuanyu Liu,12705629
2026-07-08T21:20:03.820559,2026-07-08T21:20:03.827297+00:00,142.5,500,ask,YieldingYams,AverageAlmonds,12705636
2026-07-08T21:20:05.693545,2026-07-08T21:20:05.707836+00:00,142.5,200,ask,WavyWalnuts,YieldingYams,12705657
2026-07-08T21:20:06.093700,2026-07-08T21:20:06.104122+00:00,142.2,20,ask,YieldingYams,BrilliantBurritos,12705665
2026-07-08T21:20:08.040605,2026-07-08T21:20:08.047484+00:00,142.3,500,ask,YieldingYams,AverageAlmonds,12705689
2026-07-08T21:20:08.313338,2026-07-08T21:20:08.322572+00:00,142.2,200,ask,WavyWalnuts,YieldingYams,12705694
2026-07-08T21:20:09.312752,2026-07-08T21:20:09.319391+00:00,142.1,200,bid,WavyWalnuts,YieldingYams,12705703
2026-07-08T21:20:09.630427,2026-07-08T21:20:09.634104+00:00,142.2,22,ask,YieldingYams,Xuanyu Liu,12705706
2026-07-08T21:20:09.747579,2026-07-08T21:20:09.751640+00:00,142.2,29,ask,YieldingYams,Xuanyu Liu,12705710
2026-07-08T21:20:10.523530,2026-07-08T21:20:10.532259+00:00,142.2,200,ask,YieldingYams,WavyWalnuts,12705724
2026-07-08T21:20:11.729514,2026-07-08T21:20:11.740783+00:00,142.1,200,bid,WavyWalnuts,YieldingYams,12705739
2026-07-08T21:20:15.018745,2026-07-08T21:20:15.022787+00:00,142.2,6,bid,Xuanyu Liu,WavyWalnuts,12705774
2026-07-08T21:20:16.025057,2026-07-08T21:20:16.029189+00:00,142.2,45,bid,Xuanyu Liu,WavyWalnuts,12705788
