timestamp,recv_time,price,volume,aggressor_side,buyer,seller,trade_id
2026-07-04T14:00:01.926380,2026-07-04T14:00:01.936703+00:00,142.0,200,bid,YieldingYams,WavyWalnuts,7069128
2026-07-04T14:00:04.568359,2026-07-04T14:00:04.579474+00:00,141.9,200,ask,WavyWalnuts,YieldingYams,7069184
2026-07-04T14:00:04.846982,2026-07-04T14:00:04.851176+00:00,141.9,23,bid,Xuanyu Liu,YieldingYams,7069191
2026-07-04T14:00:08.496480,2026-07-04T14:00:08.503406+00:00,141.9,200,bid,YieldingYams,WavyWalnuts,7069251
2026-07-04T14:00:11.118093,2026-07-04T14:00:11.126609+00:00,142.1,200,ask,WavyWalnuts,YieldingYams,7069294
2026-07-04T14:00:11.210274,2026-07-04T14:00:11.214838+00:00,142.0,3,bid,Xuanyu Liu,YieldingYams,7069299
2026-07-04T14:00:12.262376,2026-07-04T14:00:12.272365+00:00,142.0,200,bid,WavyWalnuts,YieldingYams,7069318
2026-07-04T14:00:12.428363,2026-07-04T14:00:12.440183+00:00,142.1,500,bid,YieldingYams,AverageAlmonds,7069320
2026-07-04T14:00:12.791772,2026-07-04T14:00:12.803775+00:00,142.1,125,ask,YieldingYams,AverageAlmonds,7069324
2026-07-04T14:00:15.886890,2026-07-04T14:00:15.897087+00:00,141.9,200,ask,YieldingYams,WavyWalnuts,7069368
2026-07-04T14:00:21.270678,2026-07-04T14:00:21.280358+00:00,141.9,500,ask,YieldingYams,AverageAlmonds,7069453
2026-07-04T14:00:21.606543,2026-07-04T14:00:21.618385+00:00,141.9,200,ask,WavyWalnuts,YieldingYams,7069460
2026-07-04T14:00:29.213241,2026-07-04T14:00:29.220711+00:00,142.0,200,bid,WavyWalnuts,YieldingYams,7069599
2026-07-04T14:00:29.731699,2026-07-04T14:00:29.740786+00:00,142.0,500,ask,YieldingYams,AverageAlmonds,7069607
2026-07-04T14:00:30.375142,2026-07-04T14:00:30.380779+00:00,142.1,3,bid,Xuanyu Liu,AverageAlmonds,7069624
2026-07-04T14:00:30.776675,2026-07-04T14:00:30.794355+00:00,141.9,200,ask,WavyWalnuts,YieldingYams,7069627
2026-07-04T14:00:30.791062,2026-07-04T14:00:30.794355+00:00,141.9,23,bid,Xuanyu Liu,YieldingYams,7069629
2026-07-04T14:00:30.793437,2026-07-04T14:00:30.809932+00:00,141.9,147,bid,Chester Au,YieldingYams,7069630
2026-07-04T14:00:31.525497,2026-07-04T14:00:31.532625+00:00,141.9,50,bid,Alan Niu,YieldingYams,7069645
2026-07-04T14:00:31.629492,2026-07-04T14:00:31.640467+00:00,141.9,200,bid,WavyWalnuts,YieldingYams,7069647
2026-07-04T14:00:32.092854,2026-07-04T14:00:32.097207+00:00,142.0,5,ask,YieldingYams,Xuanyu Liu,7069651
2026-07-04T14:00:32.098233,2026-07-04T14:00:32.102191+00:00,142.0,5,ask,YieldingYams,Xuanyu Liu,7069652
2026-07-04T14:00:32.103165,2026-07-04T14:00:32.107472+00:00,142.0,5,ask,YieldingYams,Xuanyu Liu,7069653
2026-07-04T14:00:32.108474,2026-07-04T14:00:32.112331+00:00,142.0,5,ask,YieldingYams,Xuanyu Liu,7069654
2026-07-04T14:00:32.113293,2026-07-04T14:00:32.117115+00:00,142.0,3,ask,YieldingYams,Xuanyu Liu,7069655
2026-07-04T14:00:33.391721,2026-07-04T14:00:33.399611+00:00,142.1,500,bid,YieldingYams,AverageAlmonds,7069672
2026-07-04T14:00:33.405318,2026-07-04T14:00:33.408924+00:00,142.1,3,ask,YieldingYams,Xuanyu Liu,7069674
2026-07-04T14:00:34.050012,2026-07-04T14:00:34.063676+00:00,142.1,102,ask,YieldingYams,WavyWalnuts,7069686
2026-07-04T14:00:35.258928,2026-07-04T14:00:35.270394+00:00,142.0,200,bid,WavyWalnuts,AverageAlmonds,7069709
2026-07-04T14:00:36.007695,2026-07-04T14:00:36.014788+00:00,142.0,500,bid,YieldingYams,AverageAlmonds,7069723
2026-07-04T14:00:36.404299,2026-07-04T14:00:36.414542+00:00,142.0,125,ask,YieldingYams,AverageAlmonds,7069725
2026-07-04T14:00:37.769120,2026-07-04T14:00:37.780658+00:00,141.7,20,ask,WavyWalnuts,BrilliantBurritos,7069752
2026-07-04T14:00:39.310592,2026-07-04T14:00:39.321162+00:00,141.7,20,ask,YieldingYams,BrilliantBurritos,7069782
2026-07-04T14:00:39.707519,2026-07-04T14:00:39.716484+00:00,141.9,50,bid,Alan Niu,YieldingYams,7069793
2026-07-04T14:00:41.309490,2026-07-04T14:00:41.318347+00:00,141.8,200,ask,YieldingYams,WavyWalnuts,7069817
2026-07-04T14:00:42.061101,2026-07-04T14:00:42.071075+00:00,141.8,50,ask,YieldingYams,Alan Niu,7069837
2026-07-04T14:00:44.932249,2026-07-04T14:00:44.939372+00:00,141.9,200,bid,WavyWalnuts,YieldingYams,7069883
2026-07-04T14:00:46.650058,2026-07-04T14:00:46.656568+00:00,141.9,20,bid,BrilliantBurritos,YieldingYams,7069908
2026-07-04T14:00:48.556364,2026-07-04T14:00:48.563724+00:00,141.9,200,bid,WavyWalnuts,YieldingYams,7069946
2026-07-04T14:00:52.184946,2026-07-04T14:00:52.193519+00:00,142.1,200,bid,WavyWalnuts,YieldingYams,7070011
2026-07-04T14:00:54.600745,2026-07-04T14:00:54.611429+00:00,142.1,200,bid,WavyWalnuts,YieldingYams,7070057
2026-07-04T14:00:55.811424,2026-07-04T14:00:55.819649+00:00,142.1,200,bid,WavyWalnuts,YieldingYams,7070074
2026-07-04T14:00:56.737432,2026-07-04T14:00:56.744768+00:00,142.1,20,bid,BrilliantBurritos,YieldingYams,7070098
2026-07-04T14:00:56.940276,2026-07-04T14:00:56.947683+00:00,141.9,50,ask,YieldingYams,Alan Niu,7070102
2026-07-04T14:00:57.012259,2026-07-04T14:00:57.023758+00:00,142.1,147,ask,YieldingYams,Chester Au,7070104
2026-07-04T14:01:00.939286,2026-07-04T14:01:00.943211+00:00,142.1,3,bid,Xuanyu Liu,YieldingYams,7070169
2026-07-04T14:01:09.161477,2026-07-04T14:01:09.169246+00:00,142.1,200,ask,AverageAlmonds,WavyWalnuts,7070273
2026-07-04T14:01:11.397856,2026-07-04T14:01:11.409768+00:00,142.2,95,bid,Zihao Wu,WavyWalnuts,7070325
2026-07-04T14:01:12.765527,2026-07-04T14:01:12.774550+00:00,142.1,200,ask,WavyWalnuts,YieldingYams,7070337
2026-07-04T14:01:13.601871,2026-07-04T14:01:13.609762+00:00,142.1,50,bid,Alan Niu,YieldingYams,7070350
2026-07-04T14:01:13.946011,2026-07-04T14:01:13.953301+00:00,142.1,375,bid,AverageAlmonds,YieldingYams,7070357
2026-07-04T14:01:14.007854,2026-07-04T14:01:14.018491+00:00,142.1,125,ask,AverageAlmonds,WavyWalnuts,7070361
2026-07-04T14:01:14.077292,2026-07-04T14:01:14.083995+00:00,142.1,75,bid,YieldingYams,WavyWalnuts,7070363
2026-07-04T14:01:17.930185,2026-07-04T14:01:17.937768+00:00,142.0,50,ask,YieldingYams,Alan Niu,7070418
2026-07-04T14:01:20.053565,2026-07-04T14:01:20.063983+00:00,142.1,200,bid,WavyWalnuts,YieldingYams,7070448
2026-07-04T14:01:21.260627,2026-07-04T14:01:21.269945+00:00,142.2,200,bid,WavyWalnuts,YieldingYams,7070476
2026-07-04T14:01:23.254845,2026-07-04T14:01:23.258585+00:00,142.2,200,ask,WavyWalnuts,YieldingYams,7070506
2026-07-04T14:01:24.889953,2026-07-04T14:01:24.901210+00:00,142.2,200,ask,YieldingYams,WavyWalnuts,7070533
2026-07-04T14:01:28.492568,2026-07-04T14:01:28.500672+00:00,142.2,200,bid,YieldingYams,WavyWalnuts,7070588
2026-07-04T14:01:28.513531,2026-07-04T14:01:28.517677+00:00,142.4,3,ask,YieldingYams,Xuanyu Liu,7070591
2026-07-04T14:01:28.518512,2026-07-04T14:01:28.533311+00:00,142.4,200,ask,YieldingYams,WavyWalnuts,7070592
2026-07-04T14:01:32.362840,2026-07-04T14:01:32.374686+00:00,142.4,20,bid,BrilliantBurritos,WavyWalnuts,7070641
2026-07-04T14:01:33.732667,2026-07-04T14:01:33.742067+00:00,142.4,200,bid,YieldingYams,WavyWalnuts,7070666
2026-07-04T14:01:36.326000,2026-07-04T14:01:36.332746+00:00,142.5,200,ask,WavyWalnuts,AverageAlmonds,7070709
2026-07-04T14:01:38.941114,2026-07-04T14:01:38.949536+00:00,142.4,50,bid,Alan Niu,YieldingYams,7070762
2026-07-04T14:01:39.410739,2026-07-04T14:01:39.422009+00:00,142.3,200,bid,WavyWalnuts,YieldingYams,7070767
2026-07-04T14:01:40.620729,2026-07-04T14:01:40.630754+00:00,142.2,200,bid,WavyWalnuts,YieldingYams,7070790
2026-07-04T14:01:43.582602,2026-07-04T14:01:43.594436+00:00,142.3,20,bid,BrilliantBurritos,YieldingYams,7070839
2026-07-04T14:01:45.611236,2026-07-04T14:01:45.623406+00:00,142.3,20,bid,BrilliantBurritos,YieldingYams,7070872
2026-07-04T14:01:48.144989,2026-07-04T14:01:48.158563+00:00,142.3,20,bid,BrilliantBurritos,YieldingYams,7070908
2026-07-04T14:01:49.252674,2026-07-04T14:01:49.247867+00:00,142.2,20,bid,BrilliantBurritos,YieldingYams,7070927
2026-07-04T14:01:52.100722,2026-07-04T14:01:52.108902+00:00,141.9,20,ask,WavyWalnuts,BrilliantBurritos,7070967
2026-07-04T14:01:53.967213,2026-07-04T14:01:53.971291+00:00,141.9,3,bid,Xuanyu Liu,WavyWalnuts,7071003
2026-07-04T14:01:55.166502,2026-07-04T14:01:55.174002+00:00,141.9,200,bid,WavyWalnuts,YieldingYams,7071021
2026-07-04T14:01:55.583986,2026-07-04T14:01:55.591134+00:00,141.9,46,bid,Alan Niu,YieldingYams,7071030
2026-07-04T14:01:55.656790,2026-07-04T14:01:55.660847+00:00,141.7,3,ask,YieldingYams,Xuanyu Liu,7071032
2026-07-04T14:01:56.064753,2026-07-04T14:01:56.068292+00:00,142.0,3,ask,YieldingYams,Xuanyu Liu,7071039
2026-07-04T14:01:56.376436,2026-07-04T14:01:56.387129+00:00,142.0,200,ask,YieldingYams,WavyWalnuts,7071044
2026-07-04T14:01:56.433976,2026-07-04T14:01:56.441412+00:00,142.0,96,ask,YieldingYams,Alan Niu,7071045
2026-07-04T14:02:01.217087,2026-07-04T14:02:01.225488+00:00,142.3,200,bid,WavyWalnuts,YieldingYams,7071108
2026-07-04T14:02:02.427150,2026-07-04T14:02:02.433819+00:00,142.3,200,bid,WavyWalnuts,YieldingYams,7071125
2026-07-04T14:02:05.086655,2026-07-04T14:02:05.090568+00:00,142.5,3,bid,Xuanyu Liu,YieldingYams,7071170
2026-07-04T14:02:05.218759,2026-07-04T14:02:05.230134+00:00,142.5,500,bid,YieldingYams,AverageAlmonds,7071171
2026-07-04T14:02:05.393015,2026-07-04T14:02:05.402684+00:00,142.5,125,ask,YieldingYams,AverageAlmonds,7071173
2026-07-04T14:02:06.598664,2026-07-04T14:02:06.606733+00:00,142.4,200,ask,WavyWalnuts,AverageAlmonds,7071204
2026-07-04T14:02:07.257436,2026-07-04T14:02:07.269292+00:00,142.5,33,bid,Alan Niu,YieldingYams,7071221
2026-07-04T14:02:07.833977,2026-07-04T14:02:07.843205+00:00,142.4,200,ask,WavyWalnuts,AverageAlmonds,7071229
2026-07-04T14:02:10.889848,2026-07-04T14:02:10.900736+00:00,142.3,200,bid,WavyWalnuts,YieldingYams,7071290
2026-07-04T14:02:12.975572,2026-07-04T14:02:12.985348+00:00,142.1,33,ask,YieldingYams,Alan Niu,7071325
2026-07-04T14:02:13.327395,2026-07-04T14:02:13.337654+00:00,142.3,200,bid,WavyWalnuts,YieldingYams,7071334
2026-07-04T14:02:13.722210,2026-07-04T14:02:13.734289+00:00,142.3,20,bid,BrilliantBurritos,YieldingYams,7071339
2026-07-04T14:02:14.540953,2026-07-04T14:02:14.549798+00:00,142.2,200,ask,YieldingYams,WavyWalnuts,7071352
2026-07-04T14:02:18.332432,2026-07-04T14:02:18.343029+00:00,142.2,200,ask,WavyWalnuts,YieldingYams,7071418
2026-07-04T14:02:19.038461,2026-07-04T14:02:19.047332+00:00,142.2,90,bid,Alan Niu,YieldingYams,7071436
2026-07-04T14:02:22.259662,2026-07-04T14:02:22.269422+00:00,142.0,200,bid,YieldingYams,WavyWalnuts,7071487
2026-07-04T14:02:22.879972,2026-07-04T14:02:22.887910+00:00,142.1,48,ask,YieldingYams,Alan Niu,7071501
2026-07-04T14:02:24.936067,2026-07-04T14:02:24.943439+00:00,142.3,20,bid,BrilliantBurritos,WavyWalnuts,7071538
2026-07-04T14:02:27.339884,2026-07-04T14:02:27.351362+00:00,142.2,150,bid,Alan Niu,YieldingYams,7071568
2026-07-04T14:02:27.552060,2026-07-04T14:02:27.569007+00:00,142.2,8,bid,Alan Niu,WavyWalnuts,7071573
2026-07-04T14:02:27.643590,2026-07-04T14:02:27.658578+00:00,142.0,20,ask,WavyWalnuts,BrilliantBurritos,7071574
2026-07-04T14:02:28.408084,2026-07-04T14:02:28.417495+00:00,142.1,200,ask,WavyWalnuts,AverageAlmonds,7071588
2026-07-04T14:02:29.076614,2026-07-04T14:02:29.086878+00:00,142.1,200,bid,WavyWalnuts,AverageAlmonds,7071609
2026-07-04T14:02:30.070874,2026-07-04T14:02:30.075323+00:00,142.1,3,bid,Xuanyu Liu,AverageAlmonds,7071620
2026-07-04T14:02:30.236926,2026-07-04T14:02:30.241170+00:00,142.0,11,bid,Xuanyu Liu,AverageAlmonds,7071626
2026-07-04T14:02:30.244166,2026-07-04T14:02:30.256411+00:00,142.0,86,bid,Chester Au,AverageAlmonds,7071627
2026-07-04T14:02:30.288893,2026-07-04T14:02:30.297742+00:00,142.0,200,bid,WavyWalnuts,AverageAlmonds,7071631
2026-07-04T14:02:30.458478,2026-07-04T14:02:30.469295+00:00,141.8,20,ask,YieldingYams,BrilliantBurritos,7071632
2026-07-04T14:02:31.497605,2026-07-04T14:02:31.507396+00:00,142.0,200,bid,WavyWalnuts,YieldingYams,7071650
2026-07-04T14:02:33.913192,2026-07-04T14:02:33.921254+00:00,142.0,200,bid,WavyWalnuts,YieldingYams,7071686
2026-07-04T14:02:36.702591,2026-07-04T14:02:36.717907+00:00,142.0,200,ask,WavyWalnuts,YieldingYams,7071726
2026-07-04T14:02:36.714343,2026-07-04T14:02:36.717907+00:00,141.8,12,bid,Xuanyu Liu,YieldingYams,7071728
2026-07-04T14:02:36.717012,2026-07-04T14:02:36.733163+00:00,141.8,100,bid,Chester Au,YieldingYams,7071729
2026-07-04T14:02:37.552140,2026-07-04T14:02:37.561290+00:00,141.8,200,bid,WavyWalnuts,YieldingYams,7071743
2026-07-04T14:02:38.760960,2026-07-04T14:02:38.768307+00:00,142.0,200,ask,YieldingYams,WavyWalnuts,7071766
2026-07-04T14:02:39.929828,2026-07-04T14:02:39.942337+00:00,141.9,20,ask,YieldingYams,BrilliantBurritos,7071781
2026-07-04T14:02:39.938622,2026-07-04T14:02:39.942337+00:00,141.9,26,ask,YieldingYams,Xuanyu Liu,7071783
2026-07-04T14:02:41.174628,2026-07-04T14:02:41.181858+00:00,142.0,200,bid,WavyWalnuts,AverageAlmonds,7071797
2026-07-04T14:02:44.559571,2026-07-04T14:02:44.567113+00:00,142.0,20,bid,BrilliantBurritos,WavyWalnuts,7071858
2026-07-04T14:02:44.643788,2026-07-04T14:02:44.652695+00:00,141.9,50,ask,YieldingYams,Alan Niu,7071859
2026-07-04T14:02:44.813099,2026-07-04T14:02:44.820032+00:00,141.9,200,ask,YieldingYams,WavyWalnuts,7071861
2026-07-04T14:02:45.721779,2026-07-04T14:02:45.733531+00:00,141.9,20,ask,YieldingYams,BrilliantBurritos,7071880
2026-07-04T14:02:49.098033,2026-07-04T14:02:49.106379+00:00,141.8,47,ask,WavyWalnuts,Alan Niu,7071925
2026-07-04T14:02:49.833562,2026-07-04T14:02:49.854725+00:00,141.8,200,ask,WavyWalnuts,YieldingYams,7071932
2026-07-04T14:02:49.850443,2026-07-04T14:02:49.854725+00:00,141.7,3,bid,Xuanyu Liu,YieldingYams,7071934
2026-07-04T14:02:50.862003,2026-07-04T14:02:50.869034+00:00,141.7,200,bid,WavyWalnuts,YieldingYams,7071955
2026-07-04T14:02:51.007354,2026-07-04T14:02:51.014166+00:00,141.7,37,bid,Alan Niu,YieldingYams,7071959
2026-07-04T14:02:52.452897,2026-07-04T14:02:52.463645+00:00,141.9,500,bid,YieldingYams,AverageAlmonds,7071980
2026-07-04T14:02:54.505419,2026-07-04T14:02:54.514118+00:00,142.0,200,bid,WavyWalnuts,YieldingYams,7072016
2026-07-04T14:02:55.669120,2026-07-04T14:02:55.680563+00:00,142.0,500,ask,YieldingYams,AverageAlmonds,7072027
2026-07-04T14:02:55.715396,2026-07-04T14:02:55.725594+00:00,142.0,125,ask,YieldingYams,WavyWalnuts,7072028
2026-07-04T14:02:56.480697,2026-07-04T14:02:56.493466+00:00,141.7,20,ask,WavyWalnuts,BrilliantBurritos,7072035
2026-07-04T14:02:58.920668,2026-07-04T14:02:58.924748+00:00,141.7,3,ask,YieldingYams,Xuanyu Liu,7072071
2026-07-04T14:02:59.025323,2026-07-04T14:02:59.035807+00:00,141.8,200,bid,YieldingYams,WavyWalnuts,7072073
2026-07-04T14:02:59.209444,2026-07-04T14:02:59.217160+00:00,141.8,20,ask,YieldingYams,BrilliantBurritos,7072078
2026-07-04T14:02:59.370377,2026-07-04T14:02:59.379317+00:00,141.8,50,ask,YieldingYams,Alan Niu,7072082
2026-07-04T14:03:01.483980,2026-07-04T14:03:01.492341+00:00,141.8,50,ask,WavyWalnuts,Alan Niu,7072109
2026-07-04T14:03:02.961592,2026-07-04T14:03:02.969253+00:00,141.8,200,ask,WavyWalnuts,YieldingYams,7072126
2026-07-04T14:03:04.270102,2026-07-04T14:03:04.279359+00:00,141.9,200,bid,YieldingYams,WavyWalnuts,7072144
2026-07-04T14:03:06.604885,2026-07-04T14:03:06.614380+00:00,142.0,200,bid,WavyWalnuts,YieldingYams,7072185
2026-07-04T14:03:07.812640,2026-07-04T14:03:07.823121+00:00,141.9,200,bid,WavyWalnuts,YieldingYams,7072207
2026-07-04T14:03:09.512562,2026-07-04T14:03:09.523669+00:00,142.0,200,bid,YieldingYams,WavyWalnuts,7072234
2026-07-04T14:03:09.528605,2026-07-04T14:03:09.540189+00:00,142.0,108,ask,YieldingYams,Chester Au,7072236
2026-07-04T14:03:12.682141,2026-07-04T14:03:12.685799+00:00,142.0,3,bid,Xuanyu Liu,WavyWalnuts,7072302
2026-07-04T14:03:14.076503,2026-07-04T14:03:14.087671+00:00,142.0,50,bid,Alan Niu,WavyWalnuts,7072328
2026-07-04T14:03:16.193445,2026-07-04T14:03:16.202576+00:00,142.0,50,bid,Alan Niu,WavyWalnuts,7072363
2026-07-04T14:03:16.292873,2026-07-04T14:03:16.303800+00:00,142.0,200,bid,WavyWalnuts,YieldingYams,7072365
2026-07-04T14:03:17.501932,2026-07-04T14:03:17.508669+00:00,142.1,200,bid,WavyWalnuts,YieldingYams,7072382
2026-07-04T14:03:19.997989,2026-07-04T14:03:20.007656+00:00,142.2,200,bid,YieldingYams,WavyWalnuts,7072415
2026-07-04T14:03:20.739706,2026-07-04T14:03:20.747931+00:00,142.2,46,ask,YieldingYams,Alan Niu,7072434
2026-07-04T14:03:21.144308,2026-07-04T14:03:21.148099+00:00,142.3,11,bid,Xuanyu Liu,WavyWalnuts,7072437
2026-07-04T14:03:21.147181,2026-07-04T14:03:21.163381+00:00,142.3,122,bid,Chester Au,WavyWalnuts,7072438
2026-07-04T14:03:21.378309,2026-07-04T14:03:21.388043+00:00,142.3,17,bid,Alan Niu,WavyWalnuts,7072440
2026-07-04T14:03:22.016338,2026-07-04T14:03:22.027381+00:00,142.3,42,bid,Alan Niu,WavyWalnuts,7072450
2026-07-04T14:03:22.177657,2026-07-04T14:03:22.184467+00:00,142.1,20,ask,YieldingYams,BrilliantBurritos,7072452
2026-07-04T14:03:22.440830,2026-07-04T14:03:22.458558+00:00,142.2,47,bid,Alan Niu,WavyWalnuts,7072461
2026-07-04T14:03:23.067559,2026-07-04T14:03:23.075925+00:00,142.0,40,ask,YieldingYams,Alan Niu,7072470
2026-07-04T14:03:25.235437,2026-07-04T14:03:25.243855+00:00,142.2,500,bid,YieldingYams,AverageAlmonds,7072513
2026-07-04T14:03:25.249782,2026-07-04T14:03:25.253713+00:00,142.2,11,ask,YieldingYams,Xuanyu Liu,7072515
2026-07-04T14:03:25.313548,2026-07-04T14:03:25.324181+00:00,142.2,114,ask,YieldingYams,AverageAlmonds,7072516
2026-07-04T14:03:25.313548,2026-07-04T14:03:25.324181+00:00,142.1,200,ask,WavyWalnuts,AverageAlmonds,7072517
2026-07-04T14:03:27.239850,2026-07-04T14:03:27.246744+00:00,142.0,20,bid,BrilliantBurritos,YieldingYams,7072548
2026-07-04T14:03:29.179254,2026-07-04T14:03:29.187574+00:00,141.7,200,ask,WavyWalnuts,YieldingYams,7072572
2026-07-04T14:03:29.903237,2026-07-04T14:03:29.911551+00:00,141.7,40,bid,Alan Niu,YieldingYams,7072585
2026-07-04T14:03:30.605017,2026-07-04T14:03:30.613276+00:00,141.7,20,bid,BrilliantBurritos,YieldingYams,7072595
2026-07-04T14:03:32.030909,2026-07-04T14:03:32.040572+00:00,141.6,200,ask,YieldingYams,WavyWalnuts,7072615
2026-07-04T14:03:33.296662,2026-07-04T14:03:33.313226+00:00,141.6,20,ask,YieldingYams,BrilliantBurritos,7072629
2026-07-04T14:03:33.733870,2026-07-04T14:03:33.737453+00:00,141.6,3,ask,YieldingYams,Xuanyu Liu,7072638
2026-07-04T14:03:34.453813,2026-07-04T14:03:34.469143+00:00,141.5,200,ask,YieldingYams,WavyWalnuts,7072650
2026-07-04T14:03:36.364868,2026-07-04T14:03:36.372856+00:00,141.5,49,ask,WavyWalnuts,Alan Niu,7072675
2026-07-04T14:03:38.085924,2026-07-04T14:03:38.095102+00:00,141.7,200,ask,YieldingYams,WavyWalnuts,7072696
2026-07-04T14:03:39.198292,2026-07-04T14:03:39.206958+00:00,141.6,20,ask,YieldingYams,BrilliantBurritos,7072710
2026-07-04T14:03:41.499630,2026-07-04T14:03:41.506297+00:00,141.6,50,ask,WavyWalnuts,Alan Niu,7072742
2026-07-04T14:03:47.866495,2026-07-04T14:03:47.876185+00:00,141.7,50,ask,YieldingYams,Alan Niu,7072829
2026-07-04T14:03:48.502705,2026-07-04T14:03:48.511949+00:00,141.7,46,ask,YieldingYams,Alan Niu,7072841
2026-07-04T14:03:49.997322,2026-07-04T14:03:50.007811+00:00,141.5,5,ask,YieldingYams,Alan Niu,7072863
2026-07-04T14:03:50.165726,2026-07-04T14:03:50.175027+00:00,141.7,200,bid,YieldingYams,WavyWalnuts,7072864
2026-07-04T14:03:50.165726,2026-07-04T14:03:50.175027+00:00,141.7,425,bid,YieldingYams,AverageAlmonds,7072865
2026-07-04T14:03:52.448945,2026-07-04T14:03:52.463802+00:00,141.5,100,ask,WavyWalnuts,Chester Au,7072897
2026-07-04T14:03:55.889532,2026-07-04T14:03:55.896961+00:00,141.4,100,ask,YieldingYams,Chester Au,7072947
2026-07-04T14:03:55.892848,2026-07-04T14:03:55.896961+00:00,141.4,3,ask,YieldingYams,Xuanyu Liu,7072948
2026-07-04T14:04:04.592485,2026-07-04T14:04:04.601675+00:00,141.3,200,bid,YieldingYams,WavyWalnuts,7073080
2026-07-04T14:04:09.598853,2026-07-04T14:04:09.608499+00:00,141.2,200,bid,WavyWalnuts,YieldingYams,7073148
2026-07-04T14:04:11.440143,2026-07-04T14:04:11.444872+00:00,141.1,11,ask,WavyWalnuts,Xuanyu Liu,7073167
2026-07-04T14:04:13.804141,2026-07-04T14:04:13.808007+00:00,141.2,12,ask,YieldingYams,Xuanyu Liu,7073210
2026-07-04T14:04:15.631208,2026-07-04T14:04:15.642016+00:00,141.2,20,ask,YieldingYams,BrilliantBurritos,7073234
2026-07-04T14:04:16.403534,2026-07-04T14:04:16.423954+00:00,141.3,200,bid,YieldingYams,WavyWalnuts,7073243
2026-07-04T14:04:16.420518,2026-07-04T14:04:16.423954+00:00,141.3,11,ask,YieldingYams,Xuanyu Liu,7073245
2026-07-04T14:04:16.869842,2026-07-04T14:04:16.876729+00:00,141.3,200,ask,YieldingYams,WavyWalnuts,7073256
2026-07-04T14:04:21.789778,2026-07-04T14:04:21.801387+00:00,141.3,20,bid,BrilliantBurritos,YieldingYams,7073323
2026-07-04T14:04:22.922528,2026-07-04T14:04:22.930072+00:00,141.3,200,bid,WavyWalnuts,YieldingYams,7073343
2026-07-04T14:04:24.351339,2026-07-04T14:04:24.355518+00:00,141.1,34,ask,WavyWalnuts,Xuanyu Liu,7073361
2026-07-04T14:04:25.598325,2026-07-04T14:04:25.605787+00:00,141.3,200,bid,YieldingYams,WavyWalnuts,7073378
2026-07-04T14:04:25.616588,2026-07-04T14:04:25.620363+00:00,141.4,29,ask,YieldingYams,Xuanyu Liu,7073380
2026-07-04T14:04:26.556138,2026-07-04T14:04:26.564264+00:00,141.4,200,ask,YieldingYams,WavyWalnuts,7073400
2026-07-04T14:04:26.992029,2026-07-04T14:04:27.003852+00:00,141.3,20,bid,BrilliantBurritos,YieldingYams,7073404
2026-07-04T14:04:27.764347,2026-07-04T14:04:27.775170+00:00,141.3,200,bid,WavyWalnuts,YieldingYams,7073420
2026-07-04T14:04:28.120214,2026-07-04T14:04:28.131924+00:00,141.1,20,ask,YieldingYams,BrilliantBurritos,7073425
2026-07-04T14:04:30.365109,2026-07-04T14:04:30.368828+00:00,141.2,6,bid,Xuanyu Liu,YieldingYams,7073471
2026-07-04T14:04:31.400929,2026-07-04T14:04:31.410203+00:00,141.2,200,ask,YieldingYams,WavyWalnuts,7073494
2026-07-04T14:04:33.454108,2026-07-04T14:04:33.464159+00:00,141.2,200,bid,YieldingYams,WavyWalnuts,7073524
2026-07-04T14:04:33.831002,2026-07-04T14:04:33.834966+00:00,141.4,45,bid,Xuanyu Liu,YieldingYams,7073538
2026-07-04T14:04:33.856309,2026-07-04T14:04:33.860282+00:00,141.3,5,bid,Xuanyu Liu,WavyWalnuts,7073540
2026-07-04T14:04:36.075167,2026-07-04T14:04:36.087493+00:00,141.2,200,bid,YieldingYams,WavyWalnuts,7073574
2026-07-04T14:04:38.713240,2026-07-04T14:04:38.717221+00:00,141.2,7,bid,Xuanyu Liu,YieldingYams,7073613
2026-07-04T14:04:38.848520,2026-07-04T14:04:38.860528+00:00,141.0,20,ask,WavyWalnuts,BrilliantBurritos,7073614
2026-07-04T14:04:40.485445,2026-07-04T14:04:40.494490+00:00,141.2,20,bid,BrilliantBurritos,WavyWalnuts,7073645
2026-07-04T14:04:40.863737,2026-07-04T14:04:40.875671+00:00,141.2,20,bid,BrilliantBurritos,WavyWalnuts,7073656
2026-07-04T14:04:42.322134,2026-07-04T14:04:42.331997+00:00,141.1,200,ask,YieldingYams,WavyWalnuts,7073674
2026-07-04T14:04:43.981571,2026-07-04T14:04:43.993336+00:00,141.2,20,ask,YieldingYams,BrilliantBurritos,7073699
2026-07-04T14:04:45.243587,2026-07-04T14:04:45.254129+00:00,141.3,500,bid,YieldingYams,AverageAlmonds,7073713
2026-07-04T14:04:45.243587,2026-07-04T14:04:45.254129+00:00,141.3,125,bid,YieldingYams,WavyWalnuts,7073714
2026-07-04T14:04:46.587908,2026-07-04T14:04:46.595136+00:00,141.1,200,ask,WavyWalnuts,YieldingYams,7073737
2026-07-04T14:04:50.087554,2026-07-04T14:04:50.098404+00:00,141.2,500,ask,YieldingYams,AverageAlmonds,7073776
2026-07-04T14:04:50.516128,2026-07-04T14:04:50.523090+00:00,141.1,200,ask,WavyWalnuts,YieldingYams,7073782
2026-07-04T14:04:50.809309,2026-07-04T14:04:50.817135+00:00,141.1,200,bid,WavyWalnuts,YieldingYams,7073791
2026-07-04T14:04:51.826542,2026-07-04T14:04:51.837154+00:00,141.2,500,bid,YieldingYams,AverageAlmonds,7073804
2026-07-04T14:04:51.918741,2026-07-04T14:04:51.926248+00:00,141.2,125,ask,YieldingYams,AverageAlmonds,7073805
2026-07-04T14:04:53.231976,2026-07-04T14:04:53.241371+00:00,141.2,200,bid,WavyWalnuts,AverageAlmonds,7073826
2026-07-04T14:04:54.441463,2026-07-04T14:04:54.458892+00:00,141.0,200,bid,WavyWalnuts,AverageAlmonds,7073839
2026-07-04T14:04:55.651335,2026-07-04T14:04:55.658612+00:00,141.0,200,bid,WavyWalnuts,AverageAlmonds,7073862
2026-07-04T14:04:59.285589,2026-07-04T14:04:59.293170+00:00,140.8,200,ask,YieldingYams,WavyWalnuts,7073905
2026-07-04T14:05:02.474024,2026-07-04T14:05:02.486022+00:00,140.5,20,ask,WavyWalnuts,BrilliantBurritos,7073968
2026-07-04T14:05:06.696638,2026-07-04T14:05:06.708369+00:00,140.8,20,bid,BrilliantBurritos,YieldingYams,7074026
2026-07-04T14:05:07.040517,2026-07-04T14:05:07.051930+00:00,140.8,500,bid,AverageAlmonds,YieldingYams,7074032
2026-07-04T14:05:08.906890,2026-07-04T14:05:08.918564+00:00,141.0,500,ask,AverageAlmonds,YieldingYams,7074048
2026-07-04T14:05:09.469775,2026-07-04T14:05:09.477221+00:00,140.9,125,bid,AverageAlmonds,YieldingYams,7074057
2026-07-04T14:05:09.469775,2026-07-04T14:05:09.482492+00:00,141.0,200,bid,AverageAlmonds,WavyWalnuts,7074058
2026-07-04T14:05:10.182846,2026-07-04T14:05:10.190003+00:00,141.0,200,ask,AverageAlmonds,WavyWalnuts,7074066
2026-07-04T14:05:11.390190,2026-07-04T14:05:11.397919+00:00,141.1,200,ask,YieldingYams,WavyWalnuts,7074084
2026-07-04T14:05:11.891054,2026-07-04T14:05:11.963845+00:00,141.1,500,bid,AverageAlmonds,YieldingYams,7074092
2026-07-04T14:05:12.482991,2026-07-04T14:05:12.491612+00:00,141.1,125,bid,AverageAlmonds,YieldingYams,7074104
2026-07-04T14:05:12.599773,2026-07-04T14:05:12.607252+00:00,141.1,200,ask,AverageAlmonds,WavyWalnuts,7074108
2026-07-04T14:05:13.810618,2026-07-04T14:05:13.819505+00:00,141.2,200,ask,YieldingYams,WavyWalnuts,7074121
2026-07-04T14:05:14.164296,2026-07-04T14:05:14.167785+00:00,141.3,12,ask,YieldingYams,Xuanyu Liu,7074126
2026-07-04T14:05:15.022096,2026-07-04T14:05:15.032333+00:00,141.4,200,ask,AverageAlmonds,WavyWalnuts,7074142
2026-07-04T14:05:19.770640,2026-07-04T14:05:19.779436+00:00,141.3,20,ask,YieldingYams,BrilliantBurritos,7074219
2026-07-04T14:05:20.972734,2026-07-04T14:05:20.981694+00:00,141.4,500,bid,AverageAlmonds,YieldingYams,7074235
2026-07-04T14:05:21.573836,2026-07-04T14:05:21.581123+00:00,141.4,125,bid,AverageAlmonds,YieldingYams,7074244
2026-07-04T14:05:23.314135,2026-07-04T14:05:23.324685+00:00,141.4,200,ask,WavyWalnuts,YieldingYams,7074265
2026-07-04T14:05:24.146171,2026-07-04T14:05:24.158593+00:00,141.2,20,ask,YieldingYams,BrilliantBurritos,7074272
2026-07-04T14:05:27.165541,2026-07-04T14:05:27.169859+00:00,141.3,12,bid,Xuanyu Liu,WavyWalnuts,7074322
2026-07-04T14:05:27.605242,2026-07-04T14:05:27.609243+00:00,141.3,23,bid,Xuanyu Liu,WavyWalnuts,7074326
2026-07-04T14:05:28.355026,2026-07-04T14:05:28.365568+00:00,141.2,200,ask,YieldingYams,WavyWalnuts,7074339
2026-07-04T14:05:28.842436,2026-07-04T14:05:28.853938+00:00,141.3,500,bid,AverageAlmonds,YieldingYams,7074343
2026-07-04T14:05:29.439231,2026-07-04T14:05:29.446767+00:00,141.3,125,bid,AverageAlmonds,YieldingYams,7074354
2026-07-04T14:05:29.564198,2026-07-04T14:05:29.575807+00:00,141.3,200,ask,AverageAlmonds,WavyWalnuts,7074356
2026-07-04T14:05:30.771709,2026-07-04T14:05:30.781028+00:00,141.4,200,ask,YieldingYams,WavyWalnuts,7074372
2026-07-04T14:05:32.457805,2026-07-04T14:05:32.469334+00:00,141.5,500,bid,AverageAlmonds,YieldingYams,7074388
2026-07-04T14:05:33.936851,2026-07-04T14:05:33.940767+00:00,141.6,14,bid,Xuanyu Liu,WavyWalnuts,7074407
2026-07-04T14:05:34.402362,2026-07-04T14:05:34.409091+00:00,141.5,200,ask,YieldingYams,WavyWalnuts,7074415
2026-07-04T14:05:34.412356,2026-07-04T14:05:34.419644+00:00,141.8,43,bid,Alan Niu,YieldingYams,7074416
2026-07-04T14:05:35.469346,2026-07-04T14:05:35.476761+00:00,141.6,50,bid,Alan Niu,YieldingYams,7074434
2026-07-04T14:05:36.105122,2026-07-04T14:05:36.115324+00:00,141.5,200,bid,AverageAlmonds,WavyWalnuts,7074440
2026-07-04T14:05:36.412016,2026-07-04T14:05:36.419453+00:00,141.5,300,ask,AverageAlmonds,YieldingYams,7074446
2026-07-04T14:05:36.703589,2026-07-04T14:05:36.712716+00:00,141.5,325,bid,AverageAlmonds,YieldingYams,7074448
2026-07-04T14:05:36.819539,2026-07-04T14:05:36.831213+00:00,141.5,175,ask,AverageAlmonds,WavyWalnuts,7074450
2026-07-04T14:05:37.302334,2026-07-04T14:05:37.309374+00:00,141.5,25,bid,AverageAlmonds,WavyWalnuts,7074458
2026-07-04T14:05:37.329822,2026-07-04T14:05:37.333394+00:00,141.7,3,ask,AverageAlmonds,Xuanyu Liu,7074462
2026-07-04T14:05:37.420651,2026-07-04T14:05:37.428412+00:00,141.7,93,ask,AverageAlmonds,Alan Niu,7074468
2026-07-04T14:05:37.928753,2026-07-04T14:05:37.932276+00:00,141.8,4,ask,AverageAlmonds,Xuanyu Liu,7074472
2026-07-04T14:05:38.027572,2026-07-04T14:05:38.035929+00:00,141.8,200,ask,AverageAlmonds,WavyWalnuts,7074474
2026-07-04T14:05:39.235582,2026-07-04T14:05:39.246608+00:00,141.8,200,ask,YieldingYams,WavyWalnuts,7074496
2026-07-04T14:05:39.956929,2026-07-04T14:05:39.961169+00:00,142.0,4,bid,Xuanyu Liu,YieldingYams,7074521
2026-07-04T14:05:40.264726,2026-07-04T14:05:40.268751+00:00,142.0,3,bid,Xuanyu Liu,YieldingYams,7074527
2026-07-04T14:05:40.443890,2026-07-04T14:05:40.458762+00:00,141.8,200,ask,YieldingYams,WavyWalnuts,7074532
2026-07-04T14:05:41.651076,2026-07-04T14:05:41.659082+00:00,141.8,200,ask,YieldingYams,WavyWalnuts,7074553
2026-07-04T14:05:41.705606,2026-07-04T14:05:41.709866+00:00,141.9,3,bid,Xuanyu Liu,YieldingYams,7074555
2026-07-04T14:05:43.866007,2026-07-04T14:05:43.874967+00:00,141.9,50,bid,Alan Niu,WavyWalnuts,7074597
2026-07-04T14:05:44.307688,2026-07-04T14:05:44.318860+00:00,141.8,500,ask,AverageAlmonds,YieldingYams,7074602
2026-07-04T14:05:44.307688,2026-07-04T14:05:44.318860+00:00,141.8,125,ask,WavyWalnuts,YieldingYams,7074603
2026-07-04T14:05:45.619706,2026-07-04T14:05:45.630752+00:00,141.9,500,ask,AverageAlmonds,YieldingYams,7074625
2026-07-04T14:05:45.799558,2026-07-04T14:05:45.807942+00:00,141.9,125,bid,AverageAlmonds,YieldingYams,7074626
2026-07-04T14:05:45.975399,2026-07-04T14:05:45.987182+00:00,142.0,50,bid,Alan Niu,WavyWalnuts,7074632
2026-07-04T14:05:48.141878,2026-07-04T14:05:48.151888+00:00,142.1,50,bid,Alan Niu,WavyWalnuts,7074671
2026-07-04T14:05:48.916535,2026-07-04T14:05:48.926156+00:00,141.9,200,ask,YieldingYams,WavyWalnuts,7074677
2026-07-04T14:05:50.630313,2026-07-04T14:05:50.637493+00:00,142.0,200,bid,AverageAlmonds,WavyWalnuts,7074704
2026-07-04T14:05:52.175387,2026-07-04T14:05:52.180997+00:00,142.0,500,ask,AverageAlmonds,YieldingYams,7074734
2026-07-04T14:05:52.175387,2026-07-04T14:05:52.180997+00:00,141.9,125,ask,WavyWalnuts,YieldingYams,7074735
2026-07-04T14:05:52.200377,2026-07-04T14:05:52.210434+00:00,142.1,50,bid,Alan Niu,WavyWalnuts,7074737
2026-07-04T14:05:52.540752,2026-07-04T14:05:52.550286+00:00,142.0,200,ask,AverageAlmonds,WavyWalnuts,7074743
2026-07-04T14:05:53.490474,2026-07-04T14:05:53.508657+00:00,142.1,500,ask,AverageAlmonds,YieldingYams,7074759
2026-07-04T14:05:53.499638,2026-07-04T14:05:53.508657+00:00,142.1,125,bid,Chester Au,YieldingYams,7074760
2026-07-04T14:05:53.747960,2026-07-04T14:05:53.758606+00:00,142.1,200,ask,AverageAlmonds,WavyWalnuts,7074768
2026-07-04T14:05:54.954993,2026-07-04T14:05:54.957886+00:00,142.1,200,ask,YieldingYams,WavyWalnuts,7074786
2026-07-04T14:05:56.181725,2026-07-04T14:05:56.197295+00:00,142.1,4,ask,WavyWalnuts,Chester Au,7074807
2026-07-04T14:05:56.193246,2026-07-04T14:05:56.197295+00:00,142.1,3,ask,WavyWalnuts,Xuanyu Liu,7074809
2026-07-04T14:05:56.210759,2026-07-04T14:05:56.223335+00:00,142.1,4,ask,WavyWalnuts,Chester Au,7074811
2026-07-04T14:05:56.240951,2026-07-04T14:05:56.247724+00:00,142.1,4,ask,WavyWalnuts,Chester Au,7074813
2026-07-04T14:05:56.270736,2026-07-04T14:05:56.278166+00:00,142.1,1,ask,WavyWalnuts,Chester Au,7074815
2026-07-04T14:05:56.590372,2026-07-04T14:05:56.597701+00:00,142.1,42,ask,WavyWalnuts,Alan Niu,7074826
2026-07-04T14:05:58.524545,2026-07-04T14:05:58.535758+00:00,142.1,20,ask,YieldingYams,BrilliantBurritos,7074862
2026-07-04T14:05:59.160859,2026-07-04T14:05:59.169402+00:00,142.2,42,bid,Alan Niu,WavyWalnuts,7074872
2026-07-04T14:05:59.792510,2026-07-04T14:05:59.803345+00:00,142.1,200,ask,YieldingYams,WavyWalnuts,7074881
2026-07-04T14:06:00.921452,2026-07-04T14:06:00.928471+00:00,142.2,500,bid,AverageAlmonds,YieldingYams,7074899
2026-07-04T14:06:01.015076,2026-07-04T14:06:01.018686+00:00,142.1,3,bid,Xuanyu Liu,WavyWalnuts,7074902
2026-07-04T14:06:01.339622,2026-07-04T14:06:01.346432+00:00,142.1,197,bid,YieldingYams,WavyWalnuts,7074905
2026-07-04T14:06:05.170610,2026-07-04T14:06:05.181863+00:00,142.2,500,bid,AverageAlmonds,YieldingYams,7074954
2026-07-04T14:06:05.302770,2026-07-04T14:06:05.322502+00:00,142.2,200,bid,YieldingYams,WavyWalnuts,7074959
2026-07-04T14:06:05.315923,2026-07-04T14:06:05.322502+00:00,142.4,9,ask,YieldingYams,Chester Au,7074961
2026-07-04T14:06:05.318697,2026-07-04T14:06:05.322502+00:00,142.4,3,ask,YieldingYams,Xuanyu Liu,7074962
2026-07-04T14:06:05.344513,2026-07-04T14:06:05.351970+00:00,142.4,97,ask,YieldingYams,Chester Au,7074964
2026-07-04T14:06:05.831023,2026-07-04T14:06:05.838776+00:00,142.4,200,ask,YieldingYams,WavyWalnuts,7074970
2026-07-04T14:06:06.629813,2026-07-04T14:06:06.633477+00:00,142.2,14,bid,Xuanyu Liu,YieldingYams,7074989
2026-07-04T14:06:06.635560,2026-07-04T14:06:06.649145+00:00,142.2,104,bid,Chester Au,YieldingYams,7074990
2026-07-04T14:06:06.893094,2026-07-04T14:06:06.901754+00:00,142.1,50,ask,WavyWalnuts,Alan Niu,7074992
2026-07-04T14:06:07.112911,2026-07-04T14:06:07.119674+00:00,142.1,46,ask,AverageAlmonds,Alan Niu,7074998
2026-07-04T14:06:08.819439,2026-07-04T14:06:08.824462+00:00,142.1,14,ask,WavyWalnuts,Xuanyu Liu,7075014
2026-07-04T14:06:09.054016,2026-07-04T14:06:09.058582+00:00,142.1,50,ask,WavyWalnuts,Alan Niu,7075021
2026-07-04T14:06:09.236992,2026-07-04T14:06:09.245001+00:00,142.1,136,ask,WavyWalnuts,YieldingYams,7075023
2026-07-04T14:06:11.166178,2026-07-04T14:06:11.172999+00:00,142.1,50,ask,AverageAlmonds,Alan Niu,7075049
2026-07-04T14:06:13.092998,2026-07-04T14:06:13.099851+00:00,142.1,200,bid,WavyWalnuts,YieldingYams,7075069
2026-07-04T14:06:14.303895,2026-07-04T14:06:14.315555+00:00,142.1,200,ask,AverageAlmonds,WavyWalnuts,7075091
2026-07-04T14:06:15.409228,2026-07-04T14:06:15.419574+00:00,142.1,4,ask,AverageAlmonds,Alan Niu,7075108
2026-07-04T14:06:15.782243,2026-07-04T14:06:15.792804+00:00,142.1,200,ask,WavyWalnuts,YieldingYams,7075117
2026-07-04T14:06:15.782243,2026-07-04T14:06:15.792804+00:00,142.0,425,ask,AverageAlmonds,YieldingYams,7075118
2026-07-04T14:06:16.721412,2026-07-04T14:06:16.730081+00:00,142.1,200,ask,AverageAlmonds,WavyWalnuts,7075133
2026-07-04T14:06:17.933684,2026-07-04T14:06:17.942782+00:00,142.2,200,ask,YieldingYams,WavyWalnuts,7075153
2026-07-04T14:06:18.256463,2026-07-04T14:06:18.268901+00:00,142.2,20,ask,YieldingYams,BrilliantBurritos,7075156
2026-07-04T14:06:20.162672,2026-07-04T14:06:20.174576+00:00,142.1,20,ask,WavyWalnuts,BrilliantBurritos,7075192
2026-07-04T14:06:20.355511,2026-07-04T14:06:20.358620+00:00,142.2,200,ask,AverageAlmonds,WavyWalnuts,7075197
2026-07-04T14:06:21.582477,2026-07-04T14:06:21.590846+00:00,142.3,20,bid,BrilliantBurritos,YieldingYams,7075211
2026-07-04T14:06:22.131025,2026-07-04T14:06:22.139631+00:00,142.3,500,bid,AverageAlmonds,YieldingYams,7075216
2026-07-04T14:06:22.338070,2026-07-04T14:06:22.356528+00:00,142.4,200,bid,YieldingYams,WavyWalnuts,7075219
2026-07-04T14:06:22.352258,2026-07-04T14:06:22.356528+00:00,142.5,14,ask,YieldingYams,Xuanyu Liu,7075221
2026-07-04T14:06:22.355579,2026-07-04T14:06:22.372152+00:00,142.5,100,ask,YieldingYams,Chester Au,7075222
2026-07-04T14:06:22.387052,2026-07-04T14:06:22.395898+00:00,142.5,10,ask,YieldingYams,Chester Au,7075225
2026-07-04T14:06:22.775323,2026-07-04T14:06:22.786422+00:00,142.5,200,ask,YieldingYams,WavyWalnuts,7075231
2026-07-04T14:06:23.932331,2026-07-04T14:06:23.938893+00:00,142.4,500,bid,AverageAlmonds,YieldingYams,7075245
2026-07-04T14:06:24.957626,2026-07-04T14:06:24.968951+00:00,142.5,200,bid,YieldingYams,WavyWalnuts,7075258
2026-07-04T14:06:24.977892,2026-07-04T14:06:24.981912+00:00,142.5,23,ask,YieldingYams,Xuanyu Liu,7075260
2026-07-04T14:06:25.195297,2026-07-04T14:06:25.206469+00:00,142.5,200,ask,YieldingYams,WavyWalnuts,7075263
2026-07-04T14:06:26.401831,2026-07-04T14:06:26.412805+00:00,142.5,200,bid,WavyWalnuts,YieldingYams,7075284
2026-07-04T14:06:28.839361,2026-07-04T14:06:28.842759+00:00,142.5,11,bid,Xuanyu Liu,WavyWalnuts,7075330
2026-07-04T14:06:30.211311,2026-07-04T14:06:30.222685+00:00,142.5,200,bid,YieldingYams,WavyWalnuts,7075350
2026-07-04T14:06:32.999109,2026-07-04T14:06:33.006151+00:00,142.6,200,bid,AverageAlmonds,WavyWalnuts,7075392
2026-07-04T14:06:34.148070,2026-07-04T14:06:34.158633+00:00,142.6,200,bid,YieldingYams,WavyWalnuts,7075411
2026-07-04T14:06:34.587777,2026-07-04T14:06:34.599648+00:00,142.9,20,bid,BrilliantBurritos,YieldingYams,7075418
2026-07-04T14:06:37.297006,2026-07-04T14:06:37.306308+00:00,142.7,200,bid,WavyWalnuts,YieldingYams,7075451
2026-07-04T14:06:38.091482,2026-07-04T14:06:38.095888+00:00,142.6,11,ask,YieldingYams,Xuanyu Liu,7075468
2026-07-04T14:06:38.527045,2026-07-04T14:06:38.530769+00:00,142.7,12,ask,WavyWalnuts,Xuanyu Liu,7075476
2026-07-04T14:06:44.562570,2026-07-04T14:06:44.569498+00:00,142.9,200,bid,WavyWalnuts,YieldingYams,7075556
2026-07-04T14:06:46.431261,2026-07-04T14:06:46.435180+00:00,142.7,11,ask,YieldingYams,Xuanyu Liu,7075592
2026-07-04T14:06:49.875899,2026-07-04T14:06:49.887741+00:00,142.7,20,bid,BrilliantBurritos,WavyWalnuts,7075645
2026-07-04T14:06:50.023751,2026-07-04T14:06:50.027714+00:00,142.6,11,ask,YieldingYams,Xuanyu Liu,7075650
2026-07-04T14:06:50.569950,2026-07-04T14:06:50.577575+00:00,142.7,180,bid,AverageAlmonds,WavyWalnuts,7075658
2026-07-04T14:06:50.590433,2026-07-04T14:06:50.594321+00:00,142.7,12,ask,AverageAlmonds,Xuanyu Liu,7075661
2026-07-04T14:06:51.197144,2026-07-04T14:06:51.206179+00:00,142.6,200,ask,WavyWalnuts,YieldingYams,7075668
2026-07-04T14:06:51.197144,2026-07-04T14:06:51.206179+00:00,142.6,425,ask,AverageAlmonds,YieldingYams,7075669
2026-07-04T14:06:55.124855,2026-07-04T14:06:55.135824+00:00,142.7,500,ask,AverageAlmonds,YieldingYams,7075745
2026-07-04T14:06:57.894917,2026-07-04T14:06:57.906630+00:00,142.7,200,ask,YieldingYams,WavyWalnuts,7075781
2026-07-04T14:06:59.077784,2026-07-04T14:06:59.084842+00:00,142.7,500,ask,AverageAlmonds,YieldingYams,7075797
2026-07-04T14:06:59.098336,2026-07-04T14:06:59.101743+00:00,142.7,12,bid,Xuanyu Liu,YieldingYams,7075799
2026-07-04T14:06:59.658100,2026-07-04T14:06:59.669577+00:00,142.7,113,bid,AverageAlmonds,YieldingYams,7075821
2026-07-04T14:06:59.851650,2026-07-04T14:06:59.858537+00:00,142.7,20,ask,AverageAlmonds,BrilliantBurritos,7075828
2026-07-04T14:07:00.314603,2026-07-04T14:07:00.322275+00:00,142.7,200,ask,AverageAlmonds,WavyWalnuts,7075834
2026-07-04T14:07:01.694131,2026-07-04T14:07:01.701068+00:00,142.6,500,ask,AverageAlmonds,YieldingYams,7075854
2026-07-04T14:07:01.694131,2026-07-04T14:07:01.706130+00:00,142.6,125,ask,WavyWalnuts,YieldingYams,7075855
2026-07-04T14:07:03.941075,2026-07-04T14:07:03.949397+00:00,142.9,200,bid,WavyWalnuts,YieldingYams,7075899
2026-07-04T14:07:05.164265,2026-07-04T14:07:05.168047+00:00,142.9,12,ask,WavyWalnuts,Xuanyu Liu,7075909
2026-07-04T14:07:06.952013,2026-07-04T14:07:06.962247+00:00,142.9,200,ask,WavyWalnuts,YieldingYams,7075932
2026-07-04T14:07:07.576223,2026-07-04T14:07:07.585536+00:00,142.9,200,bid,WavyWalnuts,YieldingYams,7075942
2026-07-04T14:07:09.570550,2026-07-04T14:07:09.577727+00:00,142.9,200,ask,WavyWalnuts,YieldingYams,7075975
2026-07-04T14:07:12.435004,2026-07-04T14:07:12.458596+00:00,142.7,200,ask,YieldingYams,WavyWalnuts,7076009
2026-07-04T14:07:13.643123,2026-07-04T14:07:13.651086+00:00,142.7,200,ask,YieldingYams,WavyWalnuts,7076025
2026-07-04T14:07:14.852427,2026-07-04T14:07:14.858580+00:00,142.8,200,ask,AverageAlmonds,WavyWalnuts,7076046
2026-07-04T14:07:17.737856,2026-07-04T14:07:17.749933+00:00,142.8,20,ask,AverageAlmonds,BrilliantBurritos,7076085
2026-07-04T14:07:17.835694,2026-07-04T14:07:17.842761+00:00,142.9,200,bid,AverageAlmonds,WavyWalnuts,7076089
2026-07-04T14:07:18.494881,2026-07-04T14:07:18.503610+00:00,142.9,200,ask,AverageAlmonds,WavyWalnuts,7076096
2026-07-04T14:07:19.708363,2026-07-04T14:07:19.718034+00:00,142.9,200,ask,AverageAlmonds,WavyWalnuts,7076115
2026-07-04T14:07:20.921043,2026-07-04T14:07:20.929903+00:00,142.9,200,ask,AverageAlmonds,WavyWalnuts,7076135
2026-07-04T14:07:22.131931,2026-07-04T14:07:22.142789+00:00,143.0,200,ask,AverageAlmonds,WavyWalnuts,7076155
2026-07-04T14:07:24.015876,2026-07-04T14:07:24.024518+00:00,143.0,500,ask,AverageAlmonds,YieldingYams,7076178
2026-07-04T14:07:24.489531,2026-07-04T14:07:24.497192+00:00,143.0,125,bid,AverageAlmonds,YieldingYams,7076187
2026-07-04T14:07:25.769459,2026-07-04T14:07:25.777858+00:00,143.0,200,ask,YieldingYams,WavyWalnuts,7076201
2026-07-04T14:07:26.979601,2026-07-04T14:07:26.989937+00:00,143.0,200,ask,AverageAlmonds,WavyWalnuts,7076227
2026-07-04T14:07:28.030441,2026-07-04T14:07:28.034258+00:00,143.0,17,ask,AverageAlmonds,Xuanyu Liu,7076244
2026-07-04T14:07:30.547044,2026-07-04T14:07:30.558617+00:00,143.1,500,bid,AverageAlmonds,YieldingYams,7076280
2026-07-04T14:07:30.573349,2026-07-04T14:07:30.584484+00:00,143.1,200,bid,YieldingYams,WavyWalnuts,7076281
2026-07-04T14:07:30.606308,2026-07-04T14:07:30.617196+00:00,143.1,200,ask,YieldingYams,WavyWalnuts,7076282
2026-07-04T14:07:31.589685,2026-07-04T14:07:31.598347+00:00,143.1,20,ask,YieldingYams,BrilliantBurritos,7076299
2026-07-04T14:07:31.817379,2026-07-04T14:07:31.824245+00:00,143.1,200,ask,YieldingYams,WavyWalnuts,7076303
2026-07-04T14:07:32.956506,2026-07-04T14:07:32.958576+00:00,143.1,500,bid,AverageAlmonds,YieldingYams,7076321
2026-07-04T14:07:33.193297,2026-07-04T14:07:33.200969+00:00,143.1,200,bid,YieldingYams,WavyWalnuts,7076323
2026-07-04T14:07:33.483499,2026-07-04T14:07:33.495372+00:00,143.5,20,bid,BrilliantBurritos,YieldingYams,7076330
2026-07-04T14:07:34.234994,2026-07-04T14:07:34.245239+00:00,143.3,200,ask,YieldingYams,WavyWalnuts,7076344
2026-07-04T14:07:35.446129,2026-07-04T14:07:35.448501+00:00,143.2,200,ask,AverageAlmonds,WavyWalnuts,7076357
2026-07-04T14:07:36.655255,2026-07-04T14:07:36.656346+00:00,143.2,200,ask,AverageAlmonds,WavyWalnuts,7076374
2026-07-04T14:07:37.865422,2026-07-04T14:07:37.874210+00:00,143.2,200,ask,YieldingYams,WavyWalnuts,7076393
2026-07-04T14:07:38.841448,2026-07-04T14:07:38.853318+00:00,143.4,20,bid,BrilliantBurritos,YieldingYams,7076412
2026-07-04T14:07:39.076061,2026-07-04T14:07:39.087371+00:00,143.2,200,ask,YieldingYams,WavyWalnuts,7076414
2026-07-04T14:07:40.283406,2026-07-04T14:07:40.291449+00:00,143.2,200,ask,AverageAlmonds,WavyWalnuts,7076433
2026-07-04T14:07:40.451153,2026-07-04T14:07:40.458606+00:00,143.2,20,ask,AverageAlmonds,BrilliantBurritos,7076436
2026-07-04T14:07:42.712344,2026-07-04T14:07:42.716143+00:00,143.2,6,bid,Xuanyu Liu,WavyWalnuts,7076457
2026-07-04T14:07:45.120374,2026-07-04T14:07:45.130804+00:00,143.2,200,ask,YieldingYams,WavyWalnuts,7076497
2026-07-04T14:07:46.310855,2026-07-04T14:07:46.318733+00:00,143.2,500,ask,AverageAlmonds,YieldingYams,7076521
2026-07-04T14:07:46.887185,2026-07-04T14:07:46.926827+00:00,143.2,125,bid,AverageAlmonds,YieldingYams,7076528
2026-07-04T14:07:46.922792,2026-07-04T14:07:46.926827+00:00,143.3,6,ask,AverageAlmonds,Xuanyu Liu,7076532
2026-07-04T14:07:47.619990,2026-07-04T14:07:47.628152+00:00,143.4,200,bid,YieldingYams,WavyWalnuts,7076544
2026-07-04T14:07:48.118201,2026-07-04T14:07:48.126436+00:00,143.4,20,ask,YieldingYams,BrilliantBurritos,7076547
2026-07-04T14:07:48.819007,2026-07-04T14:07:48.830693+00:00,143.6,20,bid,BrilliantBurritos,YieldingYams,7076571
2026-07-04T14:07:48.932819,2026-07-04T14:07:48.943932+00:00,143.4,200,ask,WavyWalnuts,YieldingYams,7076572
2026-07-04T14:07:49.309444,2026-07-04T14:07:49.317191+00:00,143.4,425,bid,AverageAlmonds,YieldingYams,7076581
2026-07-04T14:07:50.239516,2026-07-04T14:07:50.248466+00:00,143.5,200,bid,YieldingYams,WavyWalnuts,7076594
2026-07-04T14:07:53.282964,2026-07-04T14:07:53.294489+00:00,143.6,20,ask,AverageAlmonds,BrilliantBurritos,7076644
2026-07-04T14:07:53.588507,2026-07-04T14:07:53.596788+00:00,143.6,200,ask,AverageAlmonds,WavyWalnuts,7076648
2026-07-04T14:07:54.435870,2026-07-04T14:07:54.442594+00:00,143.6,20,ask,AverageAlmonds,BrilliantBurritos,7076659
2026-07-04T14:07:55.325843,2026-07-04T14:07:55.337380+00:00,143.7,20,ask,WavyWalnuts,BrilliantBurritos,7076676
2026-07-04T14:08:00.207653,2026-07-04T14:08:00.214761+00:00,144.0,200,bid,AverageAlmonds,WavyWalnuts,7076748
2026-07-04T14:08:00.734601,2026-07-04T14:08:00.745285+00:00,144.0,300,ask,AverageAlmonds,YieldingYams,7076756
2026-07-04T14:08:00.802945,2026-07-04T14:08:00.811631+00:00,144.0,325,bid,AverageAlmonds,YieldingYams,7076758
2026-07-04T14:08:00.848196,2026-07-04T14:08:00.858480+00:00,144.0,175,ask,AverageAlmonds,WavyWalnuts,7076760
2026-07-04T14:08:01.011779,2026-07-04T14:08:01.023782+00:00,144.0,20,bid,BrilliantBurritos,WavyWalnuts,7076761
2026-07-04T14:08:01.404220,2026-07-04T14:08:01.414198+00:00,144.0,5,bid,AverageAlmonds,WavyWalnuts,7076767
2026-07-04T14:08:03.264096,2026-07-04T14:08:03.273596+00:00,144.3,200,ask,YieldingYams,WavyWalnuts,7076790
2026-07-04T14:08:03.352775,2026-07-04T14:08:03.368703+00:00,144.0,500,ask,AverageAlmonds,YieldingYams,7076795
2026-07-04T14:08:03.365045,2026-07-04T14:08:03.368703+00:00,144.0,40,bid,Xuanyu Liu,YieldingYams,7076797
2026-07-04T14:08:03.817452,2026-07-04T14:08:03.825590+00:00,144.0,85,bid,AverageAlmonds,YieldingYams,7076806
2026-07-04T14:08:05.131073,2026-07-04T14:08:05.139236+00:00,144.2,20,ask,YieldingYams,BrilliantBurritos,7076826
2026-07-04T14:08:05.564414,2026-07-04T14:08:05.568144+00:00,144.2,40,ask,YieldingYams,Xuanyu Liu,7076838
2026-07-04T14:08:05.687800,2026-07-04T14:08:05.697049+00:00,144.2,200,ask,YieldingYams,WavyWalnuts,7076846
2026-07-04T14:08:06.835693,2026-07-04T14:08:06.847373+00:00,144.0,20,ask,YieldingYams,BrilliantBurritos,7076859
2026-07-04T14:08:12.963857,2026-07-04T14:08:12.975224+00:00,143.8,200,ask,YieldingYams,WavyWalnuts,7076942
2026-07-04T14:08:14.126647,2026-07-04T14:08:14.136808+00:00,143.9,500,bid,AverageAlmonds,YieldingYams,7076952
2026-07-04T14:08:14.720912,2026-07-04T14:08:14.732526+00:00,143.9,125,bid,AverageAlmonds,YieldingYams,7076962
2026-07-04T14:08:14.720912,2026-07-04T14:08:14.732526+00:00,144.0,200,bid,AverageAlmonds,WavyWalnuts,7076963
2026-07-04T14:08:15.376000,2026-07-04T14:08:15.383286+00:00,144.1,200,ask,YieldingYams,WavyWalnuts,7076975
2026-07-04T14:08:16.603951,2026-07-04T14:08:16.607326+00:00,144.1,6,bid,Xuanyu Liu,WavyWalnuts,7076994
2026-07-04T14:08:19.021561,2026-07-04T14:08:19.025519+00:00,144.1,10,bid,Xuanyu Liu,WavyWalnuts,7077027
2026-07-04T14:08:19.069925,2026-07-04T14:08:19.076942+00:00,144.1,190,bid,YieldingYams,WavyWalnuts,7077028
2026-07-04T14:08:20.211381,2026-07-04T14:08:20.222895+00:00,144.1,200,ask,YieldingYams,WavyWalnuts,7077054
2026-07-04T14:08:22.997819,2026-07-04T14:08:23.009178+00:00,144.0,200,ask,WavyWalnuts,YieldingYams,7077098
2026-07-04T14:08:23.538140,2026-07-04T14:08:23.558569+00:00,143.8,20,ask,YieldingYams,BrilliantBurritos,7077110
2026-07-04T14:08:23.848081,2026-07-04T14:08:23.858627+00:00,144.0,200,bid,WavyWalnuts,YieldingYams,7077117
2026-07-04T14:08:25.058153,2026-07-04T14:08:25.065947+00:00,144.1,200,ask,YieldingYams,WavyWalnuts,7077140
2026-07-04T14:08:28.685064,2026-07-04T14:08:28.695569+00:00,143.9,200,ask,YieldingYams,WavyWalnuts,7077191
2026-07-04T14:08:29.931669,2026-07-04T14:08:29.944042+00:00,144.1,20,bid,BrilliantBurritos,YieldingYams,7077204
2026-07-04T14:08:31.106208,2026-07-04T14:08:31.116283+00:00,144.0,200,ask,YieldingYams,WavyWalnuts,7077225
2026-07-04T14:08:31.230596,2026-07-04T14:08:31.234477+00:00,144.3,1,bid,Xuanyu Liu,YieldingYams,7077229
2026-07-04T14:08:32.212028,2026-07-04T14:08:32.216795+00:00,144.1,23,bid,Xuanyu Liu,YieldingYams,7077242
2026-07-04T14:08:35.318918,2026-07-04T14:08:35.327061+00:00,143.9,500,bid,AverageAlmonds,YieldingYams,7077297
2026-07-04T14:08:35.914964,2026-07-04T14:08:35.923789+00:00,143.9,125,bid,AverageAlmonds,YieldingYams,7077313
2026-07-04T14:08:35.914964,2026-07-04T14:08:35.923789+00:00,144.0,200,bid,AverageAlmonds,WavyWalnuts,7077314
2026-07-04T14:08:35.940437,2026-07-04T14:08:35.943970+00:00,144.0,11,ask,AverageAlmonds,Xuanyu Liu,7077316
2026-07-04T14:08:37.274194,2026-07-04T14:08:37.282187+00:00,144.0,20,ask,WavyWalnuts,BrilliantBurritos,7077348
2026-07-04T14:08:39.842391,2026-07-04T14:08:39.858625+00:00,144.0,20,bid,BrilliantBurritos,YieldingYams,7077387
2026-07-04T14:08:40.341571,2026-07-04T14:08:40.345476+00:00,143.8,12,ask,WavyWalnuts,Xuanyu Liu,7077397
2026-07-04T14:08:40.812894,2026-07-04T14:08:40.817104+00:00,143.9,11,ask,WavyWalnuts,Xuanyu Liu,7077407
2026-07-04T14:08:41.445081,2026-07-04T14:08:41.463817+00:00,143.9,20,ask,WavyWalnuts,BrilliantBurritos,7077419
2026-07-04T14:08:45.318949,2026-07-04T14:08:45.325465+00:00,143.8,500,ask,AverageAlmonds,YieldingYams,7077469
2026-07-04T14:08:45.336470,2026-07-04T14:08:45.340178+00:00,143.7,11,bid,Xuanyu Liu,YieldingYams,7077471
2026-07-04T14:08:45.586358,2026-07-04T14:08:45.594212+00:00,143.7,114,bid,AverageAlmonds,YieldingYams,7077473
2026-07-04T14:08:47.431309,2026-07-04T14:08:47.440137+00:00,143.9,200,bid,AverageAlmonds,WavyWalnuts,7077503
2026-07-04T14:08:48.058702,2026-07-04T14:08:48.065674+00:00,143.9,200,ask,YieldingYams,WavyWalnuts,7077512
2026-07-04T14:08:50.198525,2026-07-04T14:08:50.202184+00:00,144.0,23,bid,Xuanyu Liu,YieldingYams,7077546
2026-07-04T14:08:55.588423,2026-07-04T14:08:55.598387+00:00,143.9,20,ask,AverageAlmonds,BrilliantBurritos,7077624
2026-07-04T14:08:56.535927,2026-07-04T14:08:56.539257+00:00,144.0,11,bid,Xuanyu Liu,WavyWalnuts,7077638
2026-07-04T14:08:57.102494,2026-07-04T14:08:57.113849+00:00,144.0,189,bid,AverageAlmonds,WavyWalnuts,7077641
2026-07-04T14:08:57.128824,2026-07-04T14:08:57.140006+00:00,144.0,311,ask,AverageAlmonds,YieldingYams,7077642
2026-07-04T14:08:57.696929,2026-07-04T14:08:57.708744+00:00,144.0,314,bid,AverageAlmonds,YieldingYams,7077652
2026-07-04T14:08:57.729697,2026-07-04T14:08:57.739809+00:00,144.0,186,ask,AverageAlmonds,WavyWalnuts,7077653
2026-07-04T14:08:58.297559,2026-07-04T14:08:58.305268+00:00,144.0,14,bid,AverageAlmonds,WavyWalnuts,7077660
2026-07-04T14:08:59.691346,2026-07-04T14:08:59.695191+00:00,144.2,12,bid,Xuanyu Liu,WavyWalnuts,7077682
2026-07-04T14:09:00.163816,2026-07-04T14:09:00.174138+00:00,144.1,200,ask,YieldingYams,WavyWalnuts,7077687
2026-07-04T14:09:01.371958,2026-07-04T14:09:01.379539+00:00,144.1,200,ask,YieldingYams,WavyWalnuts,7077696
2026-07-04T14:09:02.382590,2026-07-04T14:09:02.386648+00:00,144.1,11,bid,Xuanyu Liu,YieldingYams,7077730
2026-07-04T14:09:02.553025,2026-07-04T14:09:02.558572+00:00,144.1,500,bid,AverageAlmonds,YieldingYams,7077731
2026-07-04T14:09:02.596488,2026-07-04T14:09:02.600540+00:00,144.0,12,bid,Xuanyu Liu,WavyWalnuts,7077734
2026-07-04T14:09:03.147051,2026-07-04T14:09:03.158621+00:00,144.0,188,bid,AverageAlmonds,WavyWalnuts,7077741
2026-07-04T14:09:03.147051,2026-07-04T14:09:03.158621+00:00,144.1,114,bid,AverageAlmonds,YieldingYams,7077742
2026-07-04T14:09:03.176179,2026-07-04T14:09:03.179833+00:00,144.1,35,ask,AverageAlmonds,Xuanyu Liu,7077744
2026-07-04T14:09:03.685001,2026-07-04T14:09:03.689664+00:00,144.2,11,ask,YieldingYams,Xuanyu Liu,7077752
2026-07-04T14:09:03.798297,2026-07-04T14:09:03.808005+00:00,144.2,200,ask,YieldingYams,WavyWalnuts,7077755
2026-07-04T14:09:05.018162,2026-07-04T14:09:05.028967+00:00,144.2,200,ask,YieldingYams,WavyWalnuts,7077781
2026-07-04T14:09:06.011050,2026-07-04T14:09:06.023025+00:00,144.2,20,ask,YieldingYams,BrilliantBurritos,7077801
2026-07-04T14:09:06.019148,2026-07-04T14:09:06.023025+00:00,144.4,11,bid,Xuanyu Liu,YieldingYams,7077803
2026-07-04T14:09:06.226148,2026-07-04T14:09:06.234214+00:00,144.2,200,ask,YieldingYams,WavyWalnuts,7077806
2026-07-04T14:09:06.330320,2026-07-04T14:09:06.341250+00:00,144.1,500,ask,AverageAlmonds,YieldingYams,7077807
2026-07-04T14:09:06.346860,2026-07-04T14:09:06.350617+00:00,144.1,35,bid,Xuanyu Liu,YieldingYams,7077809
2026-07-04T14:09:06.786890,2026-07-04T14:09:06.795763+00:00,144.1,90,bid,AverageAlmonds,YieldingYams,7077819
2026-07-04T14:09:08.966154,2026-07-04T14:09:08.970314+00:00,144.2,12,ask,YieldingYams,Xuanyu Liu,7077863
2026-07-04T14:09:09.234773,2026-07-04T14:09:09.238717+00:00,144.2,11,ask,YieldingYams,Xuanyu Liu,7077868
2026-07-04T14:09:13.496333,2026-07-04T14:09:13.507160+00:00,144.0,200,ask,AverageAlmonds,WavyWalnuts,7077936
2026-07-04T14:09:13.912329,2026-07-04T14:09:13.923920+00:00,144.2,20,bid,BrilliantBurritos,YieldingYams,7077943
2026-07-04T14:09:14.657484,2026-07-04T14:09:14.668858+00:00,144.1,500,bid,AverageAlmonds,YieldingYams,7077955
2026-07-04T14:09:15.254886,2026-07-04T14:09:15.257209+00:00,144.0,200,bid,AverageAlmonds,WavyWalnuts,7077965
2026-07-04T14:09:15.254886,2026-07-04T14:09:15.268700+00:00,144.1,125,bid,AverageAlmonds,YieldingYams,7077966
2026-07-04T14:09:15.285371,2026-07-04T14:09:15.289145+00:00,144.1,12,ask,AverageAlmonds,Xuanyu Liu,7077968
2026-07-04T14:09:15.518641,2026-07-04T14:09:15.522919+00:00,144.2,11,ask,YieldingYams,Xuanyu Liu,7077974
2026-07-04T14:09:15.884527,2026-07-04T14:09:15.888857+00:00,144.3,11,ask,AverageAlmonds,Xuanyu Liu,7077981
2026-07-04T14:09:15.910490,2026-07-04T14:09:15.917795+00:00,144.3,200,ask,AverageAlmonds,WavyWalnuts,7077982
2026-07-04T14:09:17.068040,2026-07-04T14:09:17.080237+00:00,144.4,20,bid,BrilliantBurritos,YieldingYams,7078003
2026-07-04T14:09:17.089946,2026-07-04T14:09:17.101207+00:00,144.4,500,bid,AverageAlmonds,YieldingYams,7078004
2026-07-04T14:09:17.120504,2026-07-04T14:09:17.127845+00:00,144.2,200,ask,YieldingYams,WavyWalnuts,7078006
2026-07-04T14:09:18.332195,2026-07-04T14:09:18.340979+00:00,144.4,200,ask,YieldingYams,WavyWalnuts,7078020
2026-07-04T14:09:19.540699,2026-07-04T14:09:19.550839+00:00,144.3,200,ask,YieldingYams,WavyWalnuts,7078039
2026-07-04T14:09:20.750315,2026-07-04T14:09:20.773513+00:00,144.3,200,ask,AverageAlmonds,WavyWalnuts,7078066
2026-07-04T14:09:20.769467,2026-07-04T14:09:20.773513+00:00,144.4,22,bid,Xuanyu Liu,YieldingYams,7078068
2026-07-04T14:09:21.878016,2026-07-04T14:09:21.881827+00:00,144.3,22,ask,AverageAlmonds,Xuanyu Liu,7078093
2026-07-04T14:09:25.095778,2026-07-04T14:09:25.107350+00:00,144.3,20,bid,BrilliantBurritos,YieldingYams,7078135
2026-07-04T14:09:27.296114,2026-07-04T14:09:27.306675+00:00,144.2,200,ask,WavyWalnuts,YieldingYams,7078178
2026-07-04T14:09:28.010289,2026-07-04T14:09:28.020981+00:00,144.2,200,bid,WavyWalnuts,YieldingYams,7078191
2026-07-04T14:09:29.826466,2026-07-04T14:09:29.834346+00:00,144.2,20,ask,WavyWalnuts,BrilliantBurritos,7078217
2026-07-04T14:09:32.879222,2026-07-04T14:09:32.886742+00:00,144.4,200,bid,WavyWalnuts,YieldingYams,7078265
2026-07-04T14:09:37.729835,2026-07-04T14:09:37.740894+00:00,144.4,200,bid,WavyWalnuts,YieldingYams,7078346
2026-07-04T14:09:41.361744,2026-07-04T14:09:41.369849+00:00,144.3,200,bid,WavyWalnuts,YieldingYams,7078398
2026-07-04T14:09:43.039120,2026-07-04T14:09:43.048623+00:00,144.3,200,ask,WavyWalnuts,YieldingYams,7078420
2026-07-04T14:09:43.782287,2026-07-04T14:09:43.791973+00:00,144.2,200,bid,WavyWalnuts,YieldingYams,7078434
2026-07-04T14:09:45.674286,2026-07-04T14:09:45.684589+00:00,144.4,200,bid,YieldingYams,WavyWalnuts,7078462
2026-07-04T14:09:45.690168,2026-07-04T14:09:45.693644+00:00,144.4,12,ask,YieldingYams,Xuanyu Liu,7078464
2026-07-04T14:09:47.149469,2026-07-04T14:09:47.153692+00:00,144.4,46,bid,Xuanyu Liu,YieldingYams,7078482
2026-07-04T14:09:47.418230,2026-07-04T14:09:47.427195+00:00,144.4,200,bid,WavyWalnuts,YieldingYams,7078490
2026-07-04T14:09:48.565274,2026-07-04T14:09:48.574291+00:00,144.6,20,bid,BrilliantBurritos,YieldingYams,7078510
2026-07-04T14:09:52.211185,2026-07-04T14:09:52.221167+00:00,144.5,200,ask,WavyWalnuts,AverageAlmonds,7078553
2026-07-04T14:09:53.476500,2026-07-04T14:09:53.485267+00:00,144.5,200,bid,WavyWalnuts,YieldingYams,7078581
2026-07-04T14:09:54.686326,2026-07-04T14:09:54.693734+00:00,144.6,200,bid,WavyWalnuts,AverageAlmonds,7078604
2026-07-04T14:09:56.177747,2026-07-04T14:09:56.189439+00:00,144.5,200,ask,WavyWalnuts,YieldingYams,7078624
2026-07-04T14:09:56.219031,2026-07-04T14:09:56.222931+00:00,144.5,11,bid,Xuanyu Liu,YieldingYams,7078626
2026-07-04T14:09:57.103864,2026-07-04T14:09:57.112720+00:00,144.5,200,bid,WavyWalnuts,YieldingYams,7078638
2026-07-04T14:09:58.314166,2026-07-04T14:09:58.320597+00:00,144.6,200,ask,YieldingYams,WavyWalnuts,7078663
2026-07-04T14:09:59.808305,2026-07-04T14:09:59.812845+00:00,144.7,26,bid,Xuanyu Liu,WavyWalnuts,7078687
2026-07-04T14:10:00.124173,2026-07-04T14:10:00.133386+00:00,144.7,174,bid,YieldingYams,WavyWalnuts,7078696
2026-07-04T14:10:00.124173,2026-07-04T14:10:00.133386+00:00,144.7,451,bid,YieldingYams,AverageAlmonds,7078697
2026-07-04T14:10:01.318760,2026-07-04T14:10:01.325825+00:00,144.6,200,ask,WavyWalnuts,AverageAlmonds,7078721
2026-07-04T14:10:01.436797,2026-07-04T14:10:01.445162+00:00,144.6,300,bid,YieldingYams,AverageAlmonds,7078724
2026-07-04T14:10:03.158493,2026-07-04T14:10:03.170183+00:00,144.7,200,bid,WavyWalnuts,AverageAlmonds,7078749
2026-07-04T14:10:08.943200,2026-07-04T14:10:08.958574+00:00,144.6,20,ask,YieldingYams,BrilliantBurritos,7078831
2026-07-04T14:10:11.471270,2026-07-04T14:10:11.480846+00:00,144.8,20,bid,BrilliantBurritos,YieldingYams,7078858
2026-07-04T14:10:12.089562,2026-07-04T14:10:12.093291+00:00,144.7,3,ask,YieldingYams,Xuanyu Liu,7078870
2026-07-04T14:10:13.368251,2026-07-04T14:10:13.375432+00:00,144.7,20,ask,WavyWalnuts,BrilliantBurritos,7078886
2026-07-04T14:10:14.054415,2026-07-04T14:10:14.063637+00:00,144.8,200,bid,WavyWalnuts,YieldingYams,7078896
2026-07-04T14:10:14.543434,2026-07-04T14:10:14.547210+00:00,144.8,11,ask,YieldingYams,Xuanyu Liu,7078898
2026-07-04T14:10:22.005721,2026-07-04T14:10:22.009140+00:00,144.8,23,ask,YieldingYams,Xuanyu Liu,7079015
2026-07-04T14:10:22.545628,2026-07-04T14:10:22.548986+00:00,145.0,23,ask,WavyWalnuts,Xuanyu Liu,7079029
2026-07-04T14:10:25.038208,2026-07-04T14:10:25.054751+00:00,145.0,200,bid,YieldingYams,WavyWalnuts,7079066
2026-07-04T14:10:25.116235,2026-07-04T14:10:25.120010+00:00,145.2,11,bid,Xuanyu Liu,YieldingYams,7079069
2026-07-04T14:10:26.350149,2026-07-04T14:10:26.360921+00:00,145.1,200,ask,WavyWalnuts,YieldingYams,7079100
2026-07-04T14:10:26.835591,2026-07-04T14:10:26.846755+00:00,145.1,20,bid,BrilliantBurritos,YieldingYams,7079111
2026-07-04T14:10:27.377478,2026-07-04T14:10:27.383949+00:00,145.1,200,bid,WavyWalnuts,YieldingYams,7079119
2026-07-04T14:10:28.967411,2026-07-04T14:10:28.978904+00:00,145.2,200,bid,YieldingYams,WavyWalnuts,7079147
2026-07-04T14:10:29.799286,2026-07-04T14:10:29.806327+00:00,145.2,200,ask,YieldingYams,WavyWalnuts,7079170
2026-07-04T14:10:32.220779,2026-07-04T14:10:32.230067+00:00,145.1,200,ask,AverageAlmonds,WavyWalnuts,7079208
2026-07-04T14:10:33.432689,2026-07-04T14:10:33.443673+00:00,145.1,200,ask,AverageAlmonds,WavyWalnuts,7079223
2026-07-04T14:10:33.974751,2026-07-04T14:10:33.986309+00:00,145.2,500,bid,AverageAlmonds,YieldingYams,7079230
2026-07-04T14:10:34.642902,2026-07-04T14:10:34.654531+00:00,145.3,200,ask,AverageAlmonds,WavyWalnuts,7079237
2026-07-04T14:10:35.850497,2026-07-04T14:10:35.853470+00:00,145.3,200,ask,AverageAlmonds,WavyWalnuts,7079253
2026-07-04T14:10:37.058968,2026-07-04T14:10:37.068743+00:00,145.4,200,ask,AverageAlmonds,WavyWalnuts,7079276
2026-07-04T14:10:38.152854,2026-07-04T14:10:38.157109+00:00,145.5,12,bid,Xuanyu Liu,YieldingYams,7079288
2026-07-04T14:10:38.223753,2026-07-04T14:10:38.233708+00:00,145.5,500,bid,AverageAlmonds,YieldingYams,7079289
2026-07-04T14:10:38.264806,2026-07-04T14:10:38.275238+00:00,145.5,113,bid,WavyWalnuts,YieldingYams,7079290
2026-07-04T14:10:43.111680,2026-07-04T14:10:43.120839+00:00,145.7,200,bid,WavyWalnuts,YieldingYams,7079361
2026-07-04T14:10:46.015474,2026-07-04T14:10:46.019235+00:00,145.8,11,bid,Xuanyu Liu,YieldingYams,7079408
2026-07-04T14:10:49.956394,2026-07-04T14:10:49.963722+00:00,145.9,200,bid,YieldingYams,WavyWalnuts,7079463
2026-07-04T14:10:50.389400,2026-07-04T14:10:50.396348+00:00,145.9,200,ask,YieldingYams,WavyWalnuts,7079476
2026-07-04T14:10:50.452428,2026-07-04T14:10:50.456324+00:00,146.0,26,bid,Xuanyu Liu,AverageAlmonds,7079479
2026-07-04T14:10:51.267139,2026-07-04T14:10:51.285593+00:00,145.7,200,ask,WavyWalnuts,YieldingYams,7079494
2026-07-04T14:10:51.281884,2026-07-04T14:10:51.285593+00:00,145.7,24,bid,Chester Au,YieldingYams,7079496
2026-07-04T14:10:51.288918,2026-07-04T14:10:51.297803+00:00,145.7,24,bid,Xuanyu Liu,YieldingYams,7079499
2026-07-04T14:10:51.593505,2026-07-04T14:10:51.601994+00:00,145.7,200,bid,WavyWalnuts,YieldingYams,7079507
2026-07-04T14:10:51.655891,2026-07-04T14:10:51.663879+00:00,145.7,50,bid,Alan Niu,YieldingYams,7079508
2026-07-04T14:10:53.129792,2026-07-04T14:10:53.136707+00:00,145.7,47,ask,YieldingYams,Alan Niu,7079520
2026-07-04T14:10:53.659391,2026-07-04T14:10:53.663070+00:00,145.7,24,ask,YieldingYams,Xuanyu Liu,7079529
2026-07-04T14:10:55.229040,2026-07-04T14:10:55.238191+00:00,145.8,24,ask,YieldingYams,Chester Au,7079548
2026-07-04T14:10:55.406634,2026-07-04T14:10:55.414189+00:00,145.8,20,ask,YieldingYams,BrilliantBurritos,7079553
2026-07-04T14:10:55.504797,2026-07-04T14:10:55.512905+00:00,145.8,3,ask,YieldingYams,Alan Niu,7079554
2026-07-04T14:10:57.657378,2026-07-04T14:10:57.665435+00:00,145.9,200,bid,WavyWalnuts,AverageAlmonds,7079601
2026-07-04T14:10:59.142260,2026-07-04T14:10:59.149415+00:00,145.9,500,bid,YieldingYams,AverageAlmonds,7079625
2026-07-04T14:10:59.414203,2026-07-04T14:10:59.422558+00:00,145.9,125,ask,YieldingYams,AverageAlmonds,7079627
2026-07-04T14:11:01.920997,2026-07-04T14:11:01.930620+00:00,145.6,20,bid,BrilliantBurritos,YieldingYams,7079655
2026-07-04T14:11:03.152881,2026-07-04T14:11:03.156661+00:00,145.6,3,ask,YieldingYams,Xuanyu Liu,7079683
2026-07-04T14:11:05.361424,2026-07-04T14:11:05.373073+00:00,145.7,20,bid,BrilliantBurritos,WavyWalnuts,7079719
2026-07-04T14:11:07.023477,2026-07-04T14:11:07.027341+00:00,145.7,3,bid,Xuanyu Liu,YieldingYams,7079745
2026-07-04T14:11:08.553217,2026-07-04T14:11:08.558554+00:00,145.7,200,ask,YieldingYams,WavyWalnuts,7079774
2026-07-04T14:11:08.767312,2026-07-04T14:11:08.774553+00:00,145.7,20,ask,YieldingYams,BrilliantBurritos,7079787
2026-07-04T14:11:10.971925,2026-07-04T14:11:10.981128+00:00,145.6,200,ask,YieldingYams,WavyWalnuts,7079825
2026-07-04T14:11:13.560756,2026-07-04T14:11:13.573123+00:00,145.7,20,ask,WavyWalnuts,BrilliantBurritos,7079861
2026-07-04T14:11:13.569946,2026-07-04T14:11:13.578141+00:00,145.7,180,ask,WavyWalnuts,YieldingYams,7079862
2026-07-04T14:11:14.593545,2026-07-04T14:11:14.600214+00:00,145.6,200,bid,WavyWalnuts,YieldingYams,7079880
2026-07-04T14:11:14.827053,2026-07-04T14:11:14.834446+00:00,145.6,50,bid,Alan Niu,YieldingYams,7079885
2026-07-04T14:11:16.841386,2026-07-04T14:11:16.853011+00:00,145.8,20,bid,BrilliantBurritos,WavyWalnuts,7079904
2026-07-04T14:11:16.972091,2026-07-04T14:11:16.980698+00:00,145.7,500,ask,YieldingYams,AverageAlmonds,7079906
2026-07-04T14:11:17.013727,2026-07-04T14:11:17.023183+00:00,145.7,125,ask,YieldingYams,WavyWalnuts,7079907
2026-07-04T14:11:18.227479,2026-07-04T14:11:18.234842+00:00,145.7,200,bid,WavyWalnuts,YieldingYams,7079924
2026-07-04T14:11:19.210391,2026-07-04T14:11:19.222173+00:00,145.8,20,bid,BrilliantBurritos,AverageAlmonds,7079949
2026-07-04T14:11:19.437698,2026-07-04T14:11:19.445634+00:00,145.8,200,bid,WavyWalnuts,YieldingYams,7079954
2026-07-04T14:11:21.610660,2026-07-04T14:11:21.618090+00:00,145.7,40,ask,WavyWalnuts,Alan Niu,7079981
2026-07-04T14:11:22.948517,2026-07-04T14:11:22.958607+00:00,145.9,20,bid,BrilliantBurritos,WavyWalnuts,7080004
2026-07-04T14:11:23.069069,2026-07-04T14:11:23.079502+00:00,145.8,200,bid,WavyWalnuts,AverageAlmonds,7080012
2026-07-04T14:11:24.077633,2026-07-04T14:11:24.084443+00:00,145.8,500,bid,YieldingYams,AverageAlmonds,7080026
2026-07-04T14:11:24.246120,2026-07-04T14:11:24.258557+00:00,145.8,125,ask,YieldingYams,AverageAlmonds,7080028
2026-07-04T14:11:24.277086,2026-07-04T14:11:24.286257+00:00,145.7,200,bid,WavyWalnuts,AverageAlmonds,7080030
2026-07-04T14:11:25.485380,2026-07-04T14:11:25.493642+00:00,145.6,200,bid,WavyWalnuts,YieldingYams,7080056
2026-07-04T14:11:26.728223,2026-07-04T14:11:26.738415+00:00,145.5,200,ask,WavyWalnuts,YieldingYams,7080080
2026-07-04T14:11:29.369823,2026-07-04T14:11:29.373705+00:00,145.3,3,bid,Xuanyu Liu,YieldingYams,7080113
2026-07-04T14:11:34.650132,2026-07-04T14:11:34.658548+00:00,145.4,200,bid,YieldingYams,WavyWalnuts,7080195
2026-07-04T14:11:38.822142,2026-07-04T14:11:38.831746+00:00,145.4,200,bid,WavyWalnuts,YieldingYams,7080262
2026-07-04T14:11:41.905612,2026-07-04T14:11:41.915761+00:00,145.5,20,bid,BrilliantBurritos,WavyWalnuts,7080301
2026-07-04T14:11:44.441899,2026-07-04T14:11:44.458786+00:00,145.6,50,bid,Alan Niu,YieldingYams,7080338
2026-07-04T14:11:44.739789,2026-07-04T14:11:44.751385+00:00,145.4,20,ask,WavyWalnuts,BrilliantBurritos,7080347
2026-07-04T14:11:46.083035,2026-07-04T14:11:46.093952+00:00,145.6,200,ask,YieldingYams,WavyWalnuts,7080374
2026-07-04T14:11:48.698072,2026-07-04T14:11:48.710889+00:00,145.6,50,bid,Alan Niu,YieldingYams,7080426
2026-07-04T14:11:48.743550,2026-07-04T14:11:48.753036+00:00,145.5,20,ask,WavyWalnuts,BrilliantBurritos,7080427
2026-07-04T14:11:49.545834,2026-07-04T14:11:49.554601+00:00,145.6,44,bid,Alan Niu,YieldingYams,7080443
2026-07-04T14:11:50.816525,2026-07-04T14:11:50.827365+00:00,145.6,46,bid,Alan Niu,YieldingYams,7080471
2026-07-04T14:11:55.712184,2026-07-04T14:11:55.723559+00:00,145.6,200,bid,AverageAlmonds,WavyWalnuts,7080555
2026-07-04T14:11:55.712184,2026-07-04T14:11:55.723559+00:00,145.6,300,bid,AverageAlmonds,YieldingYams,7080556
2026-07-04T14:12:02.215373,2026-07-04T14:12:02.222748+00:00,146.0,200,bid,YieldingYams,WavyWalnuts,7080661
2026-07-04T14:12:05.389711,2026-07-04T14:12:05.397803+00:00,146.0,500,ask,YieldingYams,AverageAlmonds,7080712
2026-07-04T14:12:05.984675,2026-07-04T14:12:06.023040+00:00,146.0,125,ask,YieldingYams,AverageAlmonds,7080723
2026-07-04T14:12:05.984675,2026-07-04T14:12:06.023040+00:00,145.9,200,ask,WavyWalnuts,AverageAlmonds,7080724
2026-07-04T14:12:06.018003,2026-07-04T14:12:06.023040+00:00,145.9,23,bid,Xuanyu Liu,AverageAlmonds,7080729
2026-07-04T14:12:06.022381,2026-07-04T14:12:06.038639+00:00,145.9,50,bid,Chester Au,AverageAlmonds,7080730
2026-07-04T14:12:06.054619,2026-07-04T14:12:06.064551+00:00,145.9,77,bid,Chester Au,AverageAlmonds,7080733
2026-07-04T14:12:06.435128,2026-07-04T14:12:06.438756+00:00,145.6,12,ask,YieldingYams,Xuanyu Liu,7080738
2026-07-04T14:12:06.664282,2026-07-04T14:12:06.675364+00:00,145.8,200,bid,WavyWalnuts,YieldingYams,7080741
2026-07-04T14:12:07.480034,2026-07-04T14:12:07.483510+00:00,145.7,11,ask,YieldingYams,Xuanyu Liu,7080752
2026-07-04T14:12:07.680217,2026-07-04T14:12:07.690797+00:00,145.7,50,ask,YieldingYams,Alan Niu,7080756
2026-07-04T14:12:08.108260,2026-07-04T14:12:08.117738+00:00,145.7,42,ask,YieldingYams,Alan Niu,7080773
2026-07-04T14:12:08.168509,2026-07-04T14:12:08.180250+00:00,145.8,20,bid,BrilliantBurritos,WavyWalnuts,7080774
2026-07-04T14:12:10.010643,2026-07-04T14:12:10.019812+00:00,145.6,20,ask,YieldingYams,BrilliantBurritos,7080801
2026-07-04T14:12:15.128755,2026-07-04T14:12:15.138601+00:00,145.7,200,bid,WavyWalnuts,YieldingYams,7080879
2026-07-04T14:12:15.921292,2026-07-04T14:12:15.925106+00:00,145.6,3,ask,YieldingYams,Xuanyu Liu,7080892
2026-07-04T14:12:16.190073,2026-07-04T14:12:16.199998+00:00,145.6,99,ask,YieldingYams,Alan Niu,7080902
2026-07-04T14:12:19.287817,2026-07-04T14:12:19.291599+00:00,145.7,3,ask,YieldingYams,Xuanyu Liu,7080947
2026-07-04T14:12:19.290669,2026-07-04T14:12:19.307211+00:00,145.7,127,ask,YieldingYams,Chester Au,7080948
2026-07-04T14:12:19.400784,2026-07-04T14:12:19.411533+00:00,145.7,9,ask,YieldingYams,Alan Niu,7080951
2026-07-04T14:12:20.486680,2026-07-04T14:12:20.498602+00:00,145.7,20,ask,YieldingYams,BrilliantBurritos,7080967
2026-07-04T14:12:22.186216,2026-07-04T14:12:22.189624+00:00,145.8,3,bid,Xuanyu Liu,WavyWalnuts,7081014
2026-07-04T14:12:23.212167,2026-07-04T14:12:23.222595+00:00,145.7,200,ask,WavyWalnuts,YieldingYams,7081037
2026-07-04T14:12:26.043581,2026-07-04T14:12:26.058636+00:00,145.6,200,bid,WavyWalnuts,YieldingYams,7081080
2026-07-04T14:12:30.890567,2026-07-04T14:12:30.901485+00:00,145.6,200,bid,WavyWalnuts,YieldingYams,7081152
2026-07-04T14:12:31.507383,2026-07-04T14:12:31.519592+00:00,145.7,20,bid,BrilliantBurritos,AverageAlmonds,7081166
2026-07-04T14:12:32.098588,2026-07-04T14:12:32.108163+00:00,145.7,200,bid,WavyWalnuts,AverageAlmonds,7081175
2026-07-04T14:12:32.398400,2026-07-04T14:12:32.407375+00:00,145.7,300,bid,YieldingYams,AverageAlmonds,7081179
2026-07-04T14:12:32.649498,2026-07-04T14:12:32.658647+00:00,145.7,325,ask,YieldingYams,AverageAlmonds,7081183
2026-07-04T14:12:33.307312,2026-07-04T14:12:33.317821+00:00,145.7,200,bid,WavyWalnuts,AverageAlmonds,7081190
2026-07-04T14:12:38.074629,2026-07-04T14:12:38.079373+00:00,145.4,26,ask,YieldingYams,Xuanyu Liu,7081278
2026-07-04T14:12:39.428165,2026-07-04T14:12:39.439855+00:00,145.5,20,bid,BrilliantBurritos,WavyWalnuts,7081306
2026-07-04T14:12:41.507308,2026-07-04T14:12:41.517388+00:00,145.5,20,bid,BrilliantBurritos,WavyWalnuts,7081329
2026-07-04T14:12:43.022304,2026-07-04T14:12:43.026612+00:00,145.5,11,ask,WavyWalnuts,Xuanyu Liu,7081365
2026-07-04T14:12:43.888382,2026-07-04T14:12:43.908369+00:00,145.5,20,ask,WavyWalnuts,BrilliantBurritos,7081379
2026-07-04T14:12:43.905092,2026-07-04T14:12:43.908369+00:00,145.5,12,ask,WavyWalnuts,Xuanyu Liu,7081381
2026-07-04T14:12:44.203631,2026-07-04T14:12:44.210763+00:00,145.5,157,ask,WavyWalnuts,YieldingYams,7081383
2026-07-04T14:12:47.856704,2026-07-04T14:12:47.866750+00:00,145.3,200,ask,YieldingYams,WavyWalnuts,7081441
2026-07-04T14:12:50.285449,2026-07-04T14:12:50.289025+00:00,145.4,11,ask,WavyWalnuts,Xuanyu Liu,7081479
2026-07-04T14:12:50.365483,2026-07-04T14:12:50.372527+00:00,145.6,20,bid,BrilliantBurritos,YieldingYams,7081480
2026-07-04T14:12:50.643011,2026-07-04T14:12:50.654938+00:00,145.4,20,ask,WavyWalnuts,BrilliantBurritos,7081486
2026-07-04T14:12:52.631240,2026-07-04T14:12:52.639961+00:00,145.7,20,bid,BrilliantBurritos,WavyWalnuts,7081516
2026-07-04T14:12:52.695636,2026-07-04T14:12:52.703980+00:00,145.7,200,bid,WavyWalnuts,YieldingYams,7081521
2026-07-04T14:12:53.903467,2026-07-04T14:12:53.913191+00:00,145.7,200,bid,WavyWalnuts,YieldingYams,7081533
2026-07-04T14:12:54.712908,2026-07-04T14:12:54.717388+00:00,145.6,11,ask,YieldingYams,Xuanyu Liu,7081545
2026-07-04T14:12:55.128490,2026-07-04T14:12:55.132374+00:00,145.7,12,ask,WavyWalnuts,Xuanyu Liu,7081553
2026-07-04T14:12:56.325653,2026-07-04T14:12:56.335697+00:00,145.9,200,bid,WavyWalnuts,YieldingYams,7081570
2026-07-04T14:12:57.536673,2026-07-04T14:12:57.543428+00:00,146.0,200,bid,WavyWalnuts,YieldingYams,7081589
2026-07-04T14:12:59.949686,2026-07-04T14:12:59.958536+00:00,146.0,500,bid,YieldingYams,AverageAlmonds,7081629
2026-07-04T14:13:00.478856,2026-07-04T14:13:00.485405+00:00,146.0,125,ask,YieldingYams,AverageAlmonds,7081634
2026-07-04T14:13:00.502495,2026-07-04T14:13:00.506522+00:00,146.0,12,bid,Xuanyu Liu,AverageAlmonds,7081636
2026-07-04T14:13:01.119971,2026-07-04T14:13:01.129009+00:00,145.9,200,ask,WavyWalnuts,AverageAlmonds,7081651
2026-07-04T14:13:01.137783,2026-07-04T14:13:01.141802+00:00,145.9,11,bid,Xuanyu Liu,AverageAlmonds,7081653
2026-07-04T14:13:01.717084,2026-07-04T14:13:01.727336+00:00,145.8,500,ask,YieldingYams,AverageAlmonds,7081665
2026-07-04T14:13:02.042757,2026-07-04T14:13:02.058616+00:00,145.9,20,bid,BrilliantBurritos,WavyWalnuts,7081670
2026-07-04T14:13:02.313583,2026-07-04T14:13:02.339412+00:00,145.8,125,ask,YieldingYams,AverageAlmonds,7081674
2026-07-04T14:13:02.335587,2026-07-04T14:13:02.339412+00:00,145.8,11,bid,Xuanyu Liu,AverageAlmonds,7081676
2026-07-04T14:13:02.389699,2026-07-04T14:13:02.397450+00:00,145.8,200,bid,WavyWalnuts,AverageAlmonds,7081679
2026-07-04T14:13:02.579851,2026-07-04T14:13:02.583653+00:00,145.6,23,bid,Xuanyu Liu,YieldingYams,7081685
2026-07-04T14:13:03.387546,2026-07-04T14:13:03.391419+00:00,145.4,57,ask,YieldingYams,Xuanyu Liu,7081711
2026-07-04T14:13:03.600006,2026-07-04T14:13:03.610465+00:00,145.6,200,bid,WavyWalnuts,YieldingYams,7081714
2026-07-04T14:13:03.887853,2026-07-04T14:13:03.891799+00:00,145.5,11,ask,YieldingYams,Xuanyu Liu,7081724
2026-07-04T14:13:04.810234,2026-07-04T14:13:04.821716+00:00,145.7,200,bid,WavyWalnuts,YieldingYams,7081749
2026-07-04T14:13:06.512628,2026-07-04T14:13:06.516299+00:00,145.8,11,bid,Xuanyu Liu,YieldingYams,7081761
2026-07-04T14:13:08.454929,2026-07-04T14:13:08.468951+00:00,145.8,200,bid,WavyWalnuts,YieldingYams,7081785
2026-07-04T14:13:09.726067,2026-07-04T14:13:09.729926+00:00,145.7,11,ask,WavyWalnuts,Xuanyu Liu,7081804
2026-07-04T14:13:10.418951,2026-07-04T14:13:10.426384+00:00,145.7,189,ask,WavyWalnuts,YieldingYams,7081813
2026-07-04T14:13:11.726509,2026-07-04T14:13:11.735189+00:00,145.6,200,bid,YieldingYams,WavyWalnuts,7081833
2026-07-04T14:13:12.229218,2026-07-04T14:13:12.241067+00:00,145.7,20,bid,BrilliantBurritos,WavyWalnuts,7081843
2026-07-04T14:13:12.834710,2026-07-04T14:13:12.838737+00:00,145.7,11,bid,Xuanyu Liu,WavyWalnuts,7081852
2026-07-04T14:13:15.732413,2026-07-04T14:13:15.740272+00:00,145.8,200,ask,YieldingYams,WavyWalnuts,7081888
2026-07-04T14:13:16.009350,2026-07-04T14:13:16.013537+00:00,145.9,12,bid,Xuanyu Liu,AverageAlmonds,7081890
2026-07-04T14:13:16.838247,2026-07-04T14:13:16.847084+00:00,145.8,425,ask,YieldingYams,AverageAlmonds,7081901
2026-07-04T14:13:16.859161,2026-07-04T14:13:16.862723+00:00,145.8,11,bid,Xuanyu Liu,AverageAlmonds,7081903
2026-07-04T14:13:16.981615,2026-07-04T14:13:16.986018+00:00,145.7,11,bid,Xuanyu Liu,YieldingYams,7081908
2026-07-04T14:13:18.166275,2026-07-04T14:13:18.170162+00:00,145.6,12,bid,Xuanyu Liu,WavyWalnuts,7081928
2026-07-04T14:13:19.584857,2026-07-04T14:13:19.594860+00:00,145.5,200,bid,YieldingYams,WavyWalnuts,7081947
2026-07-04T14:13:19.601134,2026-07-04T14:13:19.604977+00:00,145.6,12,ask,YieldingYams,Xuanyu Liu,7081949
2026-07-04T14:13:20.578445,2026-07-04T14:13:20.586553+00:00,145.6,200,ask,YieldingYams,WavyWalnuts,7081971
2026-07-04T14:13:26.615386,2026-07-04T14:13:26.624995+00:00,145.7,200,bid,WavyWalnuts,YieldingYams,7082046
2026-07-04T14:13:27.160082,2026-07-04T14:13:27.163937+00:00,145.6,12,bid,Xuanyu Liu,AverageAlmonds,7082058
2026-07-04T14:13:27.824243,2026-07-04T14:13:27.833172+00:00,145.6,200,bid,WavyWalnuts,AverageAlmonds,7082075
2026-07-04T14:13:28.665209,2026-07-04T14:13:28.669210+00:00,145.6,11,bid,Xuanyu Liu,AverageAlmonds,7082093
2026-07-04T14:13:28.780313,2026-07-04T14:13:28.784061+00:00,145.5,12,bid,Xuanyu Liu,YieldingYams,7082095
2026-07-04T14:13:29.033548,2026-07-04T14:13:29.043973+00:00,145.5,200,bid,WavyWalnuts,YieldingYams,7082101
2026-07-04T14:13:30.241405,2026-07-04T14:13:30.251584+00:00,145.5,200,bid,WavyWalnuts,YieldingYams,7082115
2026-07-04T14:13:30.791217,2026-07-04T14:13:30.796355+00:00,145.4,11,bid,Xuanyu Liu,AverageAlmonds,7082124
2026-07-04T14:13:31.451973,2026-07-04T14:13:31.458586+00:00,145.4,200,bid,WavyWalnuts,AverageAlmonds,7082134
2026-07-04T14:13:32.603384,2026-07-04T14:13:32.612814+00:00,145.3,500,ask,YieldingYams,AverageAlmonds,7082151
2026-07-04T14:13:32.660279,2026-07-04T14:13:32.668920+00:00,145.5,200,bid,WavyWalnuts,YieldingYams,7082155
2026-07-04T14:13:33.869586,2026-07-04T14:13:33.877704+00:00,145.2,200,bid,WavyWalnuts,AverageAlmonds,7082173
2026-07-04T14:13:35.084754,2026-07-04T14:13:35.093034+00:00,145.1,200,bid,WavyWalnuts,YieldingYams,7082204
2026-07-04T14:13:36.300091,2026-07-04T14:13:36.304815+00:00,145.2,200,bid,WavyWalnuts,YieldingYams,7082227
2026-07-04T14:13:37.510354,2026-07-04T14:13:37.519660+00:00,145.2,200,bid,WavyWalnuts,YieldingYams,7082247
2026-07-04T14:13:37.973241,2026-07-04T14:13:37.980990+00:00,145.2,500,bid,YieldingYams,AverageAlmonds,7082258
2026-07-04T14:13:38.053411,2026-07-04T14:13:38.063883+00:00,145.2,125,ask,YieldingYams,AverageAlmonds,7082262
2026-07-04T14:13:38.721525,2026-07-04T14:13:38.732170+00:00,145.2,200,bid,WavyWalnuts,AverageAlmonds,7082278
2026-07-04T14:13:39.304685,2026-07-04T14:13:39.308216+00:00,144.9,3,bid,Xuanyu Liu,YieldingYams,7082293
2026-07-04T14:13:39.930240,2026-07-04T14:13:39.939309+00:00,144.9,200,bid,WavyWalnuts,YieldingYams,7082298
2026-07-04T14:13:41.140774,2026-07-04T14:13:41.148640+00:00,145.0,200,bid,WavyWalnuts,YieldingYams,7082327
2026-07-04T14:13:41.402196,2026-07-04T14:13:41.412060+00:00,145.0,50,bid,Alan Niu,YieldingYams,7082333
2026-07-04T14:13:42.348879,2026-07-04T14:13:42.355126+00:00,145.0,200,bid,WavyWalnuts,YieldingYams,7082346
2026-07-04T14:13:42.721007,2026-07-04T14:13:42.729044+00:00,145.0,50,bid,Alan Niu,YieldingYams,7082355
2026-07-04T14:13:42.937387,2026-07-04T14:13:42.945425+00:00,144.8,40,ask,YieldingYams,Alan Niu,7082357
2026-07-04T14:13:44.008747,2026-07-04T14:13:44.015349+00:00,145.0,41,bid,Alan Niu,YieldingYams,7082376
2026-07-04T14:13:44.766147,2026-07-04T14:13:44.773611+00:00,145.0,200,bid,WavyWalnuts,YieldingYams,7082387
2026-07-04T14:13:47.986319,2026-07-04T14:13:47.994752+00:00,145.2,20,bid,BrilliantBurritos,WavyWalnuts,7082441
2026-07-04T14:13:48.465961,2026-07-04T14:13:48.474162+00:00,145.2,500,bid,YieldingYams,AverageAlmonds,7082449
2026-07-04T14:13:48.465961,2026-07-04T14:13:48.474162+00:00,145.2,125,bid,YieldingYams,WavyWalnuts,7082450
2026-07-04T14:13:49.602422,2026-07-04T14:13:49.609981+00:00,145.1,200,bid,WavyWalnuts,AverageAlmonds,7082466
2026-07-04T14:13:50.871066,2026-07-04T14:13:50.882337+00:00,145.0,200,bid,WavyWalnuts,YieldingYams,7082484
2026-07-04T14:13:51.089140,2026-07-04T14:13:51.095870+00:00,145.0,500,bid,YieldingYams,AverageAlmonds,7082491
2026-07-04T14:13:51.359822,2026-07-04T14:13:51.369042+00:00,145.0,125,ask,YieldingYams,AverageAlmonds,7082497
2026-07-04T14:13:53.300008,2026-07-04T14:13:53.307941+00:00,144.9,200,bid,WavyWalnuts,YieldingYams,7082532
2026-07-04T14:13:54.514491,2026-07-04T14:13:54.528686+00:00,144.8,200,ask,YieldingYams,WavyWalnuts,7082558
2026-07-04T14:13:55.370888,2026-07-04T14:13:55.381589+00:00,144.7,50,ask,YieldingYams,Alan Niu,7082578
2026-07-04T14:13:58.142528,2026-07-04T14:13:58.147890+00:00,144.8,200,bid,WavyWalnuts,AverageAlmonds,7082627
2026-07-04T14:13:59.659594,2026-07-04T14:13:59.671058+00:00,144.7,50,ask,YieldingYams,Alan Niu,7082656
2026-07-04T14:14:00.563454,2026-07-04T14:14:00.570145+00:00,144.8,200,bid,WavyWalnuts,YieldingYams,7082669
2026-07-04T14:14:02.265002,2026-07-04T14:14:02.275207+00:00,144.6,500,ask,YieldingYams,AverageAlmonds,7082701
2026-07-04T14:14:02.904680,2026-07-04T14:14:02.911437+00:00,144.6,200,ask,WavyWalnuts,YieldingYams,7082707
2026-07-04T14:14:02.985997,2026-07-04T14:14:02.995723+00:00,144.6,200,bid,WavyWalnuts,YieldingYams,7082710
2026-07-04T14:14:04.549218,2026-07-04T14:14:04.558554+00:00,144.6,1,ask,YieldingYams,Alan Niu,7082737
2026-07-04T14:14:05.647545,2026-07-04T14:14:05.659454+00:00,144.7,20,bid,BrilliantBurritos,AverageAlmonds,7082759
2026-07-04T14:14:08.152642,2026-07-04T14:14:08.156657+00:00,144.7,500,bid,YieldingYams,AverageAlmonds,7082796
2026-07-04T14:14:08.165359,2026-07-04T14:14:08.169021+00:00,144.7,3,ask,YieldingYams,Xuanyu Liu,7082798
2026-07-04T14:14:08.311830,2026-07-04T14:14:08.320967+00:00,144.7,122,ask,YieldingYams,AverageAlmonds,7082800
2026-07-04T14:14:09.466992,2026-07-04T14:14:09.477114+00:00,144.6,200,ask,WavyWalnuts,YieldingYams,7082815
2026-07-04T14:14:12.512044,2026-07-04T14:14:12.515586+00:00,144.5,11,ask,WavyWalnuts,Xuanyu Liu,7082870
2026-07-04T14:14:12.685387,2026-07-04T14:14:12.693910+00:00,144.6,200,bid,WavyWalnuts,YieldingYams,7082872
2026-07-04T14:14:13.895064,2026-07-04T14:14:13.902986+00:00,144.6,200,bid,WavyWalnuts,YieldingYams,7082886
2026-07-04T14:14:15.103733,2026-07-04T14:14:15.114518+00:00,144.6,200,bid,WavyWalnuts,YieldingYams,7082901
2026-07-04T14:14:16.054393,2026-07-04T14:14:16.058426+00:00,144.5,12,ask,YieldingYams,Xuanyu Liu,7082918
2026-07-04T14:14:16.341022,2026-07-04T14:14:16.344763+00:00,144.6,11,ask,WavyWalnuts,Xuanyu Liu,7082930
2026-07-04T14:14:17.535749,2026-07-04T14:14:17.545986+00:00,144.7,200,bid,WavyWalnuts,YieldingYams,7082950
2026-07-04T14:14:18.748256,2026-07-04T14:14:18.758587+00:00,144.7,200,bid,WavyWalnuts,AverageAlmonds,7082970
2026-07-04T14:14:19.427148,2026-07-04T14:14:19.431227+00:00,144.5,12,ask,YieldingYams,Xuanyu Liu,7082983
2026-07-04T14:14:19.979008,2026-07-04T14:14:19.982680+00:00,144.6,11,ask,WavyWalnuts,Xuanyu Liu,7082990
2026-07-04T14:14:21.052993,2026-07-04T14:14:21.064382+00:00,144.6,189,ask,WavyWalnuts,AverageAlmonds,7083011
2026-07-04T14:14:21.052993,2026-07-04T14:14:21.064382+00:00,144.6,311,ask,YieldingYams,AverageAlmonds,7083012
2026-07-04T14:14:21.169156,2026-07-04T14:14:21.177340+00:00,144.6,200,ask,YieldingYams,WavyWalnuts,7083013
2026-07-04T14:14:22.374838,2026-07-04T14:14:22.383857+00:00,144.5,200,bid,WavyWalnuts,YieldingYams,7083029
2026-07-04T14:14:23.930181,2026-07-04T14:14:23.939589+00:00,144.6,200,bid,YieldingYams,WavyWalnuts,7083054
2026-07-04T14:14:26.003362,2026-07-04T14:14:26.010983+00:00,144.8,200,bid,WavyWalnuts,YieldingYams,7083085
2026-07-04T14:14:27.216455,2026-07-04T14:14:27.223283+00:00,144.8,200,bid,WavyWalnuts,YieldingYams,7083103
2026-07-04T14:14:28.425492,2026-07-04T14:14:28.435311+00:00,144.8,200,bid,WavyWalnuts,YieldingYams,7083118
2026-07-04T14:14:30.534762,2026-07-04T14:14:30.545300+00:00,144.7,200,ask,WavyWalnuts,YieldingYams,7083148
2026-07-04T14:14:36.902625,2026-07-04T14:14:36.912315+00:00,144.6,200,ask,YieldingYams,WavyWalnuts,7083285
2026-07-04T14:14:38.844367,2026-07-04T14:14:38.858561+00:00,144.6,20,ask,AverageAlmonds,BrilliantBurritos,7083327
2026-07-04T14:14:42.727875,2026-07-04T14:14:42.739702+00:00,144.5,20,ask,WavyWalnuts,BrilliantBurritos,7083395
2026-07-04T14:14:45.395833,2026-07-04T14:14:45.399580+00:00,144.5,11,bid,Xuanyu Liu,WavyWalnuts,7083446
2026-07-04T14:14:46.311585,2026-07-04T14:14:46.313949+00:00,144.5,189,bid,YieldingYams,WavyWalnuts,7083456
2026-07-04T14:14:47.632616,2026-07-04T14:14:47.639793+00:00,144.5,500,ask,AverageAlmonds,YieldingYams,7083472
2026-07-04T14:14:47.651526,2026-07-04T14:14:47.658559+00:00,144.5,125,bid,AverageAlmonds,YieldingYams,7083473
2026-07-04T14:14:47.800591,2026-07-04T14:14:47.809703+00:00,144.5,200,ask,AverageAlmonds,WavyWalnuts,7083478
2026-07-04T14:14:49.011667,2026-07-04T14:14:49.020247+00:00,144.6,200,ask,YieldingYams,WavyWalnuts,7083508
2026-07-04T14:14:50.220852,2026-07-04T14:14:50.232142+00:00,144.6,200,ask,YieldingYams,WavyWalnuts,7083517
2026-07-04T14:14:50.543878,2026-07-04T14:14:50.558592+00:00,144.7,20,bid,BrilliantBurritos,YieldingYams,7083524
2026-07-04T14:14:53.864426,2026-07-04T14:14:53.868323+00:00,144.5,12,bid,Xuanyu Liu,WavyWalnuts,7083566
2026-07-04T14:14:54.180710,2026-07-04T14:14:54.189676+00:00,144.5,188,bid,YieldingYams,WavyWalnuts,7083568
2026-07-04T14:14:54.210584,2026-07-04T14:14:54.214088+00:00,144.5,12,ask,YieldingYams,Xuanyu Liu,7083570
2026-07-04T14:14:56.317338,2026-07-04T14:14:56.329217+00:00,144.4,20,ask,YieldingYams,BrilliantBurritos,7083612
2026-07-04T14:14:57.323008,2026-07-04T14:14:57.327358+00:00,144.5,12,bid,Xuanyu Liu,WavyWalnuts,7083626
2026-07-04T14:14:59.427391,2026-07-04T14:14:59.437113+00:00,144.6,200,bid,YieldingYams,WavyWalnuts,7083661
2026-07-04T14:15:03.523833,2026-07-04T14:15:03.533868+00:00,144.7,200,ask,YieldingYams,WavyWalnuts,7083733
2026-07-04T14:15:05.833940,2026-07-04T14:15:05.845706+00:00,144.7,500,ask,YieldingYams,AverageAlmonds,7083768
2026-07-04T14:15:06.035770,2026-07-04T14:15:06.039901+00:00,144.7,11,bid,Xuanyu Liu,YieldingYams,7083776
2026-07-04T14:15:07.040962,2026-07-04T14:15:07.051560+00:00,144.6,200,ask,WavyWalnuts,AverageAlmonds,7083790
2026-07-04T14:15:07.059812,2026-07-04T14:15:07.063554+00:00,144.6,12,bid,Xuanyu Liu,AverageAlmonds,7083792
2026-07-04T14:15:07.332597,2026-07-04T14:15:07.341232+00:00,144.6,288,bid,YieldingYams,AverageAlmonds,7083800
2026-07-04T14:15:08.363085,2026-07-04T14:15:08.369755+00:00,144.6,200,ask,YieldingYams,WavyWalnuts,7083815
2026-07-04T14:15:08.664764,2026-07-04T14:15:08.668564+00:00,144.4,14,bid,Xuanyu Liu,YieldingYams,7083821
2026-07-04T14:15:09.568756,2026-07-04T14:15:09.579723+00:00,144.4,200,bid,WavyWalnuts,YieldingYams,7083845
2026-07-04T14:15:15.236131,2026-07-04T14:15:15.244904+00:00,144.3,200,ask,WavyWalnuts,YieldingYams,7083912
2026-07-04T14:15:15.590023,2026-07-04T14:15:15.598271+00:00,144.3,46,bid,Alan Niu,YieldingYams,7083921
2026-07-04T14:15:16.295622,2026-07-04T14:15:16.307585+00:00,144.3,20,bid,BrilliantBurritos,YieldingYams,7083933
2026-07-04T14:15:16.830962,2026-07-04T14:15:16.841432+00:00,144.3,200,ask,YieldingYams,WavyWalnuts,7083938
2026-07-04T14:15:19.185383,2026-07-04T14:15:19.195441+00:00,144.4,200,bid,YieldingYams,WavyWalnuts,7083966
2026-07-04T14:15:19.185383,2026-07-04T14:15:19.195441+00:00,144.4,425,bid,YieldingYams,AverageAlmonds,7083967
2026-07-04T14:15:19.194692,2026-07-04T14:15:19.206168+00:00,144.4,20,bid,BrilliantBurritos,AverageAlmonds,7083968
2026-07-04T14:15:19.244021,2026-07-04T14:15:19.258583+00:00,144.4,55,bid,WavyWalnuts,AverageAlmonds,7083971
2026-07-04T14:15:19.753148,2026-07-04T14:15:19.760024+00:00,144.5,145,ask,WavyWalnuts,AverageAlmonds,7083978
2026-07-04T14:15:20.510759,2026-07-04T14:15:20.535439+00:00,144.4,200,ask,WavyWalnuts,YieldingYams,7083988
2026-07-04T14:15:20.530601,2026-07-04T14:15:20.535439+00:00,144.2,26,bid,Xuanyu Liu,YieldingYams,7083992
2026-07-04T14:15:20.536875,2026-07-04T14:15:20.551077+00:00,144.2,74,bid,Chester Au,YieldingYams,7083994
2026-07-04T14:15:21.663711,2026-07-04T14:15:21.674098+00:00,144.2,200,bid,WavyWalnuts,YieldingYams,7084020
2026-07-04T14:15:21.837599,2026-07-04T14:15:21.841303+00:00,144.3,23,ask,YieldingYams,Xuanyu Liu,7084025
2026-07-04T14:15:21.965739,2026-07-04T14:15:21.972808+00:00,144.4,73,bid,Alan Niu,AverageAlmonds,7084028
2026-07-04T14:15:22.722484,2026-07-04T14:15:22.726196+00:00,144.3,3,ask,YieldingYams,Xuanyu Liu,7084047
2026-07-04T14:15:22.799187,2026-07-04T14:15:22.810085+00:00,144.3,500,ask,YieldingYams,AverageAlmonds,7084048
2026-07-04T14:15:24.114504,2026-07-04T14:15:24.121993+00:00,144.2,45,ask,YieldingYams,Alan Niu,7084073
2026-07-04T14:15:24.540906,2026-07-04T14:15:24.552228+00:00,144.3,41,bid,Alan Niu,YieldingYams,7084079
2026-07-04T14:15:25.387152,2026-07-04T14:15:25.396975+00:00,144.2,43,ask,WavyWalnuts,Alan Niu,7084095
2026-07-04T14:15:26.440813,2026-07-04T14:15:26.458656+00:00,144.2,157,ask,WavyWalnuts,AverageAlmonds,7084122
2026-07-04T14:15:27.648399,2026-07-04T14:15:27.658645+00:00,144.1,200,ask,WavyWalnuts,AverageAlmonds,7084143
2026-07-04T14:15:27.648399,2026-07-04T14:15:27.658645+00:00,144.1,300,ask,YieldingYams,AverageAlmonds,7084144
2026-07-04T14:15:30.135814,2026-07-04T14:15:30.146129+00:00,144.1,200,bid,WavyWalnuts,AverageAlmonds,7084199
2026-07-04T14:15:31.348675,2026-07-04T14:15:31.358609+00:00,144.1,200,bid,WavyWalnuts,AverageAlmonds,7084229
2026-07-04T14:15:31.744063,2026-07-04T14:15:31.755587+00:00,143.9,20,ask,YieldingYams,BrilliantBurritos,7084230
2026-07-04T14:15:32.026755,2026-07-04T14:15:32.034474+00:00,143.9,44,ask,YieldingYams,Alan Niu,7084234
2026-07-04T14:15:33.536188,2026-07-04T14:15:33.547435+00:00,144.0,40,bid,Alan Niu,AverageAlmonds,7084275
2026-07-04T14:15:33.781127,2026-07-04T14:15:33.789039+00:00,144.0,200,bid,WavyWalnuts,AverageAlmonds,7084286
2026-07-04T14:15:34.172737,2026-07-04T14:15:34.179873+00:00,143.8,43,ask,YieldingYams,Alan Niu,7084290
2026-07-04T14:15:34.993581,2026-07-04T14:15:35.004240+00:00,144.0,200,bid,WavyWalnuts,AverageAlmonds,7084300
2026-07-04T14:15:36.118762,2026-07-04T14:15:36.129507+00:00,143.8,500,ask,YieldingYams,AverageAlmonds,7084317
2026-07-04T14:15:36.202809,2026-07-04T14:15:36.213082+00:00,144.1,200,bid,WavyWalnuts,YieldingYams,7084319
2026-07-04T14:15:37.325251,2026-07-04T14:15:37.335348+00:00,143.7,500,ask,YieldingYams,AverageAlmonds,7084352
2026-07-04T14:15:37.409818,2026-07-04T14:15:37.421173+00:00,143.9,200,bid,WavyWalnuts,YieldingYams,7084356
2026-07-04T14:15:37.592951,2026-07-04T14:15:37.596741+00:00,143.6,3,bid,Xuanyu Liu,YieldingYams,7084362
2026-07-04T14:15:38.617356,2026-07-04T14:15:38.624175+00:00,143.6,200,bid,WavyWalnuts,YieldingYams,7084375
2026-07-04T14:15:38.905021,2026-07-04T14:15:38.908771+00:00,143.5,3,ask,YieldingYams,Xuanyu Liu,7084383
2026-07-04T14:15:39.829919,2026-07-04T14:15:39.837374+00:00,143.7,200,bid,WavyWalnuts,YieldingYams,7084400
2026-07-04T14:15:41.042944,2026-07-04T14:15:41.051203+00:00,143.7,200,bid,WavyWalnuts,AverageAlmonds,7084422
2026-07-04T14:15:42.251584,2026-07-04T14:15:42.258625+00:00,143.8,200,bid,WavyWalnuts,AverageAlmonds,7084443
2026-07-04T14:15:44.356238,2026-07-04T14:15:44.363881+00:00,143.7,41,bid,Alan Niu,YieldingYams,7084472
2026-07-04T14:15:46.316820,2026-07-04T14:15:46.320033+00:00,143.5,48,ask,YieldingYams,Alan Niu,7084505
2026-07-04T14:15:46.742280,2026-07-04T14:15:46.750697+00:00,143.5,18,ask,YieldingYams,Alan Niu,7084513
2026-07-04T14:15:46.768892,2026-07-04T14:15:46.779494+00:00,143.5,200,ask,WavyWalnuts,YieldingYams,7084514
2026-07-04T14:15:49.521770,2026-07-04T14:15:49.531552+00:00,143.4,200,bid,WavyWalnuts,YieldingYams,7084558
2026-07-04T14:15:51.880229,2026-07-04T14:15:51.891834+00:00,143.4,20,bid,BrilliantBurritos,YieldingYams,7084598
2026-07-04T14:15:53.663408,2026-07-04T14:15:53.674521+00:00,143.3,500,bid,AverageAlmonds,YieldingYams,7084621
2026-07-04T14:15:54.258841,2026-07-04T14:15:54.270674+00:00,143.3,125,bid,AverageAlmonds,YieldingYams,7084637
2026-07-04T14:15:56.781598,2026-07-04T14:15:56.788789+00:00,143.3,20,ask,WavyWalnuts,BrilliantBurritos,7084682
2026-07-04T14:15:57.577961,2026-07-04T14:15:57.582142+00:00,143.4,3,ask,YieldingYams,Xuanyu Liu,7084694
2026-07-04T14:15:57.581219,2026-07-04T14:15:57.597793+00:00,143.4,50,ask,YieldingYams,Chester Au,7084695
2026-07-04T14:16:01.640261,2026-07-04T14:16:01.648824+00:00,143.7,200,bid,WavyWalnuts,YieldingYams,7084762
2026-07-04T14:16:05.028730,2026-07-04T14:16:05.036596+00:00,143.9,20,bid,BrilliantBurritos,YieldingYams,7084822
2026-07-04T14:16:05.279892,2026-07-04T14:16:05.287720+00:00,143.8,200,ask,YieldingYams,WavyWalnuts,7084832
2026-07-04T14:16:09.078008,2026-07-04T14:16:09.089022+00:00,143.7,200,ask,WavyWalnuts,YieldingYams,7084883
2026-07-04T14:16:10.119620,2026-07-04T14:16:10.129543+00:00,143.7,200,bid,WavyWalnuts,YieldingYams,7084906
2026-07-04T14:16:10.409591,2026-07-04T14:16:10.420156+00:00,143.6,24,ask,YieldingYams,Chester Au,7084918
2026-07-04T14:16:11.405368,2026-07-04T14:16:11.417351+00:00,143.6,20,ask,YieldingYams,BrilliantBurritos,7084931
2026-07-04T14:16:13.764652,2026-07-04T14:16:13.768625+00:00,143.8,3,bid,Xuanyu Liu,WavyWalnuts,7084979
2026-07-04T14:16:14.955153,2026-07-04T14:16:14.964061+00:00,143.8,200,ask,YieldingYams,WavyWalnuts,7085011
2026-07-04T14:16:16.164036,2026-07-04T14:16:16.174336+00:00,143.6,200,ask,YieldingYams,WavyWalnuts,7085029
2026-07-04T14:16:19.100967,2026-07-04T14:16:19.108892+00:00,143.6,200,bid,AverageAlmonds,WavyWalnuts,7085082
2026-07-04T14:16:24.820665,2026-07-04T14:16:24.829926+00:00,143.7,200,ask,WavyWalnuts,YieldingYams,7085147
2026-07-04T14:16:25.839306,2026-07-04T14:16:25.850048+00:00,143.7,200,bid,WavyWalnuts,YieldingYams,7085177
2026-07-04T14:16:28.953817,2026-07-04T14:16:28.948150+00:00,143.5,20,ask,WavyWalnuts,BrilliantBurritos,7085240
2026-07-04T14:16:30.689074,2026-07-04T14:16:30.698864+00:00,143.6,200,ask,YieldingYams,WavyWalnuts,7085272
2026-07-04T14:16:31.910257,2026-07-04T14:16:31.913717+00:00,143.6,3,ask,WavyWalnuts,Xuanyu Liu,7085294
2026-07-04T14:16:32.434917,2026-07-04T14:16:32.446328+00:00,143.7,20,bid,BrilliantBurritos,YieldingYams,7085302
2026-07-04T14:16:32.703467,2026-07-04T14:16:32.710887+00:00,143.6,197,ask,WavyWalnuts,YieldingYams,7085309
2026-07-04T14:16:36.857474,2026-07-04T14:16:36.869681+00:00,143.6,20,bid,BrilliantBurritos,WavyWalnuts,7085364
2026-07-04T14:16:39.901090,2026-07-04T14:16:39.912600+00:00,143.6,20,bid,BrilliantBurritos,WavyWalnuts,7085416
2026-07-04T14:16:41.877750,2026-07-04T14:16:41.881853+00:00,143.2,11,ask,YieldingYams,Xuanyu Liu,7085437
2026-07-04T14:16:44.007445,2026-07-04T14:16:44.015138+00:00,143.3,200,bid,WavyWalnuts,YieldingYams,7085475
2026-07-04T14:16:44.352231,2026-07-04T14:16:44.356259+00:00,143.2,12,ask,AverageAlmonds,Xuanyu Liu,7085484
2026-07-04T14:16:45.230094,2026-07-04T14:16:45.233462+00:00,143.4,23,ask,WavyWalnuts,Xuanyu Liu,7085507
2026-07-04T14:16:46.148732,2026-07-04T14:16:46.158549+00:00,143.5,20,bid,BrilliantBurritos,YieldingYams,7085518
2026-07-04T14:16:47.629913,2026-07-04T14:16:47.637104+00:00,143.5,200,bid,WavyWalnuts,YieldingYams,7085551
2026-07-04T14:16:49.803728,2026-07-04T14:16:49.814035+00:00,143.4,200,ask,WavyWalnuts,YieldingYams,7085597
2026-07-04T14:16:51.127639,2026-07-04T14:16:51.131310+00:00,143.3,11,ask,YieldingYams,Xuanyu Liu,7085625
2026-07-04T14:16:51.274956,2026-07-04T14:16:51.281704+00:00,143.3,200,ask,YieldingYams,WavyWalnuts,7085635
2026-07-04T14:16:55.576845,2026-07-04T14:16:55.588638+00:00,143.1,20,ask,WavyWalnuts,BrilliantBurritos,7085702
2026-07-04T14:16:57.670499,2026-07-04T14:16:57.674344+00:00,143.4,11,bid,Xuanyu Liu,YieldingYams,7085747
2026-07-04T14:17:01.514684,2026-07-04T14:17:01.526786+00:00,143.6,20,bid,BrilliantBurritos,YieldingYams,7085820
2026-07-04T14:17:01.799236,2026-07-04T14:17:01.811385+00:00,143.4,20,ask,WavyWalnuts,BrilliantBurritos,7085830
2026-07-04T14:17:03.377627,2026-07-04T14:17:03.384597+00:00,143.5,200,bid,WavyWalnuts,YieldingYams,7085865
2026-07-04T14:17:06.465498,2026-07-04T14:17:06.470310+00:00,143.6,12,bid,Xuanyu Liu,YieldingYams,7085936
2026-07-04T14:17:08.238902,2026-07-04T14:17:08.242727+00:00,143.5,11,bid,Xuanyu Liu,WavyWalnuts,7085974
2026-07-04T14:17:12.154666,2026-07-04T14:17:12.157863+00:00,143.5,12,bid,Xuanyu Liu,YieldingYams,7086047
2026-07-04T14:17:15.483262,2026-07-04T14:17:15.495287+00:00,143.4,200,ask,YieldingYams,WavyWalnuts,7086115
2026-07-04T14:17:19.834859,2026-07-04T14:17:19.838616+00:00,143.4,11,bid,Xuanyu Liu,WavyWalnuts,7086179
2026-07-04T14:17:20.014867,2026-07-04T14:17:20.024820+00:00,143.4,189,bid,YieldingYams,WavyWalnuts,7086186
2026-07-04T14:17:23.954504,2026-07-04T14:17:23.958562+00:00,143.5,200,bid,YieldingYams,WavyWalnuts,7086244
2026-07-04T14:17:23.967227,2026-07-04T14:17:23.974141+00:00,143.5,200,ask,YieldingYams,WavyWalnuts,7086245
2026-07-04T14:17:25.181474,2026-07-04T14:17:25.190295+00:00,143.5,200,ask,YieldingYams,WavyWalnuts,7086264
2026-07-04T14:17:25.268602,2026-07-04T14:17:25.279233+00:00,143.3,200,ask,WavyWalnuts,YieldingYams,7086265
2026-07-04T14:17:25.284907,2026-07-04T14:17:25.288535+00:00,143.3,3,bid,Xuanyu Liu,YieldingYams,7086267
2026-07-04T14:17:26.385677,2026-07-04T14:17:26.396063+00:00,143.3,200,bid,WavyWalnuts,YieldingYams,7086279
2026-07-04T14:17:26.597563,2026-07-04T14:17:26.602166+00:00,143.4,3,ask,YieldingYams,Xuanyu Liu,7086286
2026-07-04T14:17:27.726331,2026-07-04T14:17:27.737232+00:00,143.4,20,ask,YieldingYams,BrilliantBurritos,7086308
2026-07-04T14:17:27.905149,2026-07-04T14:17:27.908943+00:00,143.5,11,ask,YieldingYams,Xuanyu Liu,7086314
2026-07-04T14:17:28.805943,2026-07-04T14:17:28.816996+00:00,143.5,200,ask,YieldingYams,WavyWalnuts,7086327
2026-07-04T14:17:30.516424,2026-07-04T14:17:30.527248+00:00,143.7,200,bid,YieldingYams,WavyWalnuts,7086351
2026-07-04T14:17:32.432553,2026-07-04T14:17:32.442519+00:00,143.7,200,ask,YieldingYams,WavyWalnuts,7086385
2026-07-04T14:17:34.271290,2026-07-04T14:17:34.282743+00:00,143.7,20,bid,BrilliantBurritos,YieldingYams,7086404
2026-07-04T14:17:34.868037,2026-07-04T14:17:34.874769+00:00,143.7,200,ask,YieldingYams,WavyWalnuts,7086418
2026-07-04T14:17:37.175559,2026-07-04T14:17:37.189042+00:00,143.8,20,ask,YieldingYams,BrilliantBurritos,7086445
2026-07-04T14:17:39.686557,2026-07-04T14:17:39.694792+00:00,143.8,200,bid,YieldingYams,WavyWalnuts,7086495
2026-07-04T14:17:39.686557,2026-07-04T14:17:39.694792+00:00,143.8,425,bid,YieldingYams,AverageAlmonds,7086496
2026-07-04T14:17:41.841443,2026-07-04T14:17:41.853120+00:00,143.6,20,ask,WavyWalnuts,BrilliantBurritos,7086521
2026-07-04T14:17:43.272851,2026-07-04T14:17:43.281011+00:00,143.6,200,ask,WavyWalnuts,AverageAlmonds,7086550
2026-07-04T14:17:44.555314,2026-07-04T14:17:44.563779+00:00,143.5,200,ask,YieldingYams,WavyWalnuts,7086575
2026-07-04T14:17:45.371499,2026-07-04T14:17:45.379850+00:00,143.5,20,bid,BrilliantBurritos,YieldingYams,7086599
2026-07-04T14:17:53.585323,2026-07-04T14:17:53.593327+00:00,143.2,500,ask,YieldingYams,AverageAlmonds,7086741
2026-07-04T14:17:54.092694,2026-07-04T14:17:54.104235+00:00,143.4,20,bid,BrilliantBurritos,YieldingYams,7086751
2026-07-04T14:17:54.708088,2026-07-04T14:17:54.712631+00:00,143.1,35,ask,YieldingYams,Xuanyu Liu,7086763
2026-07-04T14:17:56.100262,2026-07-04T14:17:56.111999+00:00,143.0,22,ask,WavyWalnuts,Zihao Wu,7086785
2026-07-04T14:18:03.919914,2026-07-04T14:18:03.931492+00:00,143.1,200,bid,WavyWalnuts,YieldingYams,7086930
2026-07-04T14:18:04.243454,2026-07-04T14:18:04.253012+00:00,142.9,20,ask,YieldingYams,BrilliantBurritos,7086934
2026-07-04T14:18:05.128558,2026-07-04T14:18:05.138414+00:00,143.1,200,bid,WavyWalnuts,YieldingYams,7086951
2026-07-04T14:18:05.964779,2026-07-04T14:18:05.969002+00:00,143.1,3,ask,YieldingYams,Xuanyu Liu,7086968
2026-07-04T14:18:07.251227,2026-07-04T14:18:07.258607+00:00,143.2,200,bid,YieldingYams,WavyWalnuts,7086999
2026-07-04T14:18:09.332411,2026-07-04T14:18:09.342201+00:00,143.2,20,bid,BrilliantBurritos,WavyWalnuts,7087021
2026-07-04T14:18:10.533845,2026-07-04T14:18:10.542174+00:00,143.2,200,bid,AverageAlmonds,WavyWalnuts,7087040
2026-07-04T14:18:11.150190,2026-07-04T14:18:11.157576+00:00,143.2,20,ask,AverageAlmonds,BrilliantBurritos,7087052
2026-07-04T14:18:11.191595,2026-07-04T14:18:11.198133+00:00,143.2,200,ask,AverageAlmonds,WavyWalnuts,7087054
2026-07-04T14:18:11.206890,2026-07-04T14:18:11.214063+00:00,143.2,280,ask,AverageAlmonds,YieldingYams,7087055
2026-07-04T14:18:11.729958,2026-07-04T14:18:11.738043+00:00,143.2,345,bid,AverageAlmonds,YieldingYams,7087063
2026-07-04T14:18:11.997768,2026-07-04T14:18:12.009438+00:00,143.3,20,ask,AverageAlmonds,BrilliantBurritos,7087066
2026-07-04T14:18:12.404906,2026-07-04T14:18:12.411950+00:00,143.3,200,ask,AverageAlmonds,WavyWalnuts,7087070
2026-07-04T14:18:13.613608,2026-07-04T14:18:13.621777+00:00,143.3,200,ask,YieldingYams,WavyWalnuts,7087090
2026-07-04T14:18:15.140196,2026-07-04T14:18:15.151512+00:00,143.4,200,bid,YieldingYams,WavyWalnuts,7087120
2026-07-04T14:18:17.927650,2026-07-04T14:18:17.936464+00:00,143.6,22,bid,Zihao Wu,YieldingYams,7087166
2026-07-04T14:18:19.086833,2026-07-04T14:18:19.096522+00:00,143.5,200,ask,WavyWalnuts,YieldingYams,7087180
2026-07-04T14:18:20.396200,2026-07-04T14:18:20.403904+00:00,143.4,200,bid,YieldingYams,WavyWalnuts,7087201
2026-07-04T14:18:20.502904,2026-07-04T14:18:20.514598+00:00,143.6,20,bid,BrilliantBurritos,AverageAlmonds,7087204
2026-07-04T14:18:20.868550,2026-07-04T14:18:20.877065+00:00,143.4,200,ask,YieldingYams,WavyWalnuts,7087213
2026-07-04T14:18:25.691006,2026-07-04T14:18:25.694815+00:00,143.4,3,bid,Xuanyu Liu,YieldingYams,7087283
2026-07-04T14:18:26.942889,2026-07-04T14:18:26.950253+00:00,143.4,200,bid,WavyWalnuts,YieldingYams,7087304
2026-07-04T14:18:28.153849,2026-07-04T14:18:28.154454+00:00,143.3,200,bid,WavyWalnuts,YieldingYams,7087331
2026-07-04T14:18:29.363080,2026-07-04T14:18:29.374529+00:00,143.4,200,bid,WavyWalnuts,YieldingYams,7087346
2026-07-04T14:18:32.248052,2026-07-04T14:18:32.258555+00:00,143.5,200,bid,YieldingYams,WavyWalnuts,7087406
2026-07-04T14:18:32.609890,2026-07-04T14:18:32.613665+00:00,143.7,23,bid,Xuanyu Liu,YieldingYams,7087417
2026-07-04T14:18:33.579700,2026-07-04T14:18:33.583380+00:00,143.5,23,bid,Xuanyu Liu,YieldingYams,7087434
2026-07-04T14:18:36.184934,2026-07-04T14:18:36.203590+00:00,143.5,200,bid,YieldingYams,WavyWalnuts,7087493
2026-07-04T14:18:36.200069,2026-07-04T14:18:36.203590+00:00,143.6,23,ask,YieldingYams,Xuanyu Liu,7087495
2026-07-04T14:18:38.815976,2026-07-04T14:18:38.826731+00:00,143.6,200,ask,WavyWalnuts,YieldingYams,7087543
2026-07-04T14:18:40.257088,2026-07-04T14:18:40.253583+00:00,143.6,200,bid,WavyWalnuts,YieldingYams,7087575
2026-07-04T14:18:42.201537,2026-07-04T14:18:42.213415+00:00,143.5,20,ask,WavyWalnuts,BrilliantBurritos,7087625
2026-07-04T14:18:42.700175,2026-07-04T14:18:42.703734+00:00,143.6,11,ask,WavyWalnuts,Xuanyu Liu,7087635
2026-07-04T14:18:43.892743,2026-07-04T14:18:43.901130+00:00,143.6,200,bid,WavyWalnuts,YieldingYams,7087658
2026-07-04T14:18:46.690757,2026-07-04T14:18:46.701100+00:00,143.7,200,ask,WavyWalnuts,YieldingYams,7087703
