timestamp,recv_time,price,volume,aggressor_side,buyer,seller,trade_id
2026-06-29T06:59:59.836555,2026-06-28T21:00:00.227156+00:00,101.0,200,ask,,,11554868
2026-06-29T07:00:01.143954,2026-06-28T21:00:01.535671+00:00,100.9,4,bid,,,11554881
2026-06-29T07:00:04.186037,2026-06-28T21:00:04.581723+00:00,100.9,200,ask,,,11554930
2026-06-29T07:00:05.393504,2026-06-28T21:00:05.780744+00:00,100.9,200,bid,,,11554942
2026-06-29T07:00:05.813596,2026-06-28T21:00:06.209333+00:00,100.7,20,ask,,,11554951
2026-06-29T07:00:08.998875,2026-06-28T21:00:09.398349+00:00,101.0,4,bid,,,11555029
2026-06-29T07:00:09.024025,2026-06-28T21:00:09.420348+00:00,101.0,200,ask,,,11555030
2026-06-29T07:00:10.236213,2026-06-28T21:00:10.630410+00:00,101.0,200,ask,,,11555062
2026-06-29T07:00:12.926320,2026-06-28T21:00:13.313501+00:00,100.8,200,bid,,,11555108
2026-06-29T07:00:13.868271,2026-06-28T21:00:14.259493+00:00,100.9,200,ask,,,11555120
2026-06-29T07:00:14.396715,2026-06-28T21:00:14.787501+00:00,100.8,20,ask,,,11555126
2026-06-29T07:00:16.288580,2026-06-28T21:00:16.679053+00:00,100.7,5,ask,,,11555166
2026-06-29T07:00:16.288580,2026-06-28T21:00:16.679053+00:00,100.7,195,ask,,,11555167
2026-06-29T07:00:18.167852,2026-06-28T21:00:18.558523+00:00,100.8,200,bid,,,11555213
2026-06-29T07:00:20.657153,2026-06-28T21:00:21.044514+00:00,100.9,20,bid,,,11555261
2026-06-29T07:00:20.783983,2026-06-28T21:00:21.176515+00:00,100.9,180,bid,,,11555262
2026-06-29T07:00:20.858435,2026-06-28T21:00:21.253633+00:00,100.9,25,ask,,,11555263
2026-06-29T07:00:21.068183,2026-06-28T21:00:21.462523+00:00,100.9,25,ask,,,11555269
2026-06-29T07:00:21.306729,2026-06-28T21:00:21.704633+00:00,100.9,25,ask,,,11555281
2026-06-29T07:00:21.514882,2026-06-28T21:00:21.912632+00:00,100.9,25,ask,,,11555285
2026-06-29T07:00:22.094450,2026-06-28T21:00:22.484523+00:00,101.0,2,bid,,,11555292
2026-06-29T07:00:22.094450,2026-06-28T21:00:22.484523+00:00,101.0,200,bid,,,11555293
2026-06-29T07:00:24.732007,2026-06-28T21:00:25.134654+00:00,101.0,200,ask,,,11555351
2026-06-29T07:00:24.750792,2026-06-28T21:00:25.145654+00:00,100.9,200,bid,,,11555353
2026-06-29T07:00:25.674679,2026-06-28T21:00:26.069158+00:00,100.7,3,ask,,,11555368
2026-06-29T07:00:25.674679,2026-06-28T21:00:26.069158+00:00,100.7,17,ask,,,11555369
2026-06-29T07:00:25.965343,2026-06-28T21:00:26.354703+00:00,100.9,200,bid,,,11555378
2026-06-29T07:00:26.041400,2026-06-28T21:00:26.431703+00:00,101.1,1,bid,,,11555379
2026-06-29T07:00:26.041400,2026-06-28T21:00:26.431703+00:00,101.1,200,bid,,,11555380
2026-06-29T07:00:27.177521,2026-06-28T21:00:27.575712+00:00,101.1,200,ask,,,11555399
2026-06-29T07:00:29.540726,2026-06-28T21:00:29.928915+00:00,100.9,25,ask,,,11555443
2026-06-29T07:00:29.751433,2026-06-28T21:00:30.137906+00:00,100.8,25,ask,,,11555447
2026-06-29T07:00:29.961791,2026-06-28T21:00:30.357906+00:00,100.8,25,ask,,,11555459
2026-06-29T07:00:33.234323,2026-06-28T21:00:33.625014+00:00,100.7,2,ask,,,11555521
2026-06-29T07:00:33.234323,2026-06-28T21:00:33.625014+00:00,100.7,198,ask,,,11555522
2026-06-29T07:00:35.689443,2026-06-28T21:00:36.078202+00:00,100.8,200,bid,,,11555574
2026-06-29T07:00:37.852222,2026-06-28T21:00:38.243885+00:00,100.7,200,ask,,,11555609
2026-06-29T07:00:37.852222,2026-06-28T21:00:38.243885+00:00,100.7,425,ask,,,11555610
2026-06-29T07:00:39.159505,2026-06-28T21:00:39.552460+00:00,100.8,200,bid,,,11555632
2026-06-29T07:00:43.200958,2026-06-28T21:00:43.587677+00:00,100.7,1,ask,,,11555708
2026-06-29T07:00:44.013842,2026-06-28T21:00:44.412667+00:00,100.7,4,ask,,,11555732
2026-06-29T07:00:45.624980,2026-06-28T21:00:46.018676+00:00,100.5,1,ask,,,11555765
2026-06-29T07:00:46.034131,2026-06-28T21:00:46.425233+00:00,100.5,1,ask,,,11555782
2026-06-29T07:00:47.825911,2026-06-28T21:00:48.216951+00:00,100.6,200,bid,,,11555816
2026-06-29T07:00:50.248104,2026-06-28T21:00:50.647941+00:00,100.6,200,ask,,,11555862
2026-06-29T07:00:55.096538,2026-06-28T21:00:55.486185+00:00,100.7,200,bid,,,11555946
2026-06-29T07:00:56.307121,2026-06-28T21:00:56.695264+00:00,100.7,200,bid,,,11555974
2026-06-29T07:00:57.290277,2026-06-28T21:00:57.685275+00:00,100.7,20,bid,,,11555991
2026-06-29T07:00:58.066796,2026-06-28T21:00:58.465342+00:00,100.7,1,ask,,,11556009
2026-06-29T07:01:05.374668,2026-06-28T21:01:05.768000+00:00,100.7,20,bid,,,11556163
2026-06-29T07:01:07.179826,2026-06-28T21:01:07.571594+00:00,100.7,200,bid,,,11556199
2026-06-29T07:01:07.950929,2026-06-28T21:01:08.340153+00:00,100.7,20,bid,,,11556206
2026-06-29T07:01:09.529709,2026-06-28T21:01:09.924144+00:00,100.7,200,ask,,,11556231
2026-06-29T07:01:09.603787,2026-06-28T21:01:10.001144+00:00,100.6,200,ask,,,11556234
2026-06-29T07:01:10.503821,2026-06-28T21:01:10.892144+00:00,100.7,25,bid,,,11556257
2026-06-29T07:01:10.719213,2026-06-28T21:01:11.112263+00:00,100.7,25,bid,,,11556259
2026-06-29T07:01:10.765738,2026-06-28T21:01:11.156263+00:00,100.6,20,ask,,,11556260
2026-06-29T07:01:10.813684,2026-06-28T21:01:11.211263+00:00,100.6,200,ask,,,11556266
2026-06-29T07:01:10.928497,2026-06-28T21:01:11.321153+00:00,100.7,25,bid,,,11556270
2026-06-29T07:01:11.139466,2026-06-28T21:01:11.530153+00:00,100.7,25,bid,,,11556274
2026-06-29T07:01:11.348544,2026-06-28T21:01:11.739153+00:00,100.7,25,bid,,,11556281
2026-06-29T07:01:11.557407,2026-06-28T21:01:11.948144+00:00,100.7,22,bid,,,11556287
2026-06-29T07:01:12.022074,2026-06-28T21:01:12.410153+00:00,100.6,200,bid,,,11556300
2026-06-29T07:01:13.231853,2026-06-28T21:01:13.618874+00:00,100.6,200,bid,,,11556325
2026-06-29T07:01:15.581522,2026-06-28T21:01:15.972380+00:00,100.7,200,ask,,,11556366
2026-06-29T07:01:15.884426,2026-06-28T21:01:16.280399+00:00,100.7,300,bid,,,11556375
2026-06-29T07:01:15.884426,2026-06-28T21:01:16.280399+00:00,100.7,200,bid,,,11556376
2026-06-29T07:01:16.171713,2026-06-28T21:01:16.566399+00:00,100.7,125,ask,,,11556388
2026-06-29T07:01:17.395478,2026-06-28T21:01:17.807657+00:00,100.6,25,bid,,,11556403
2026-06-29T07:01:18.015117,2026-06-28T21:01:18.412300+00:00,100.5,1,ask,,,11556410
2026-06-29T07:01:18.015117,2026-06-28T21:01:18.412300+00:00,100.5,19,ask,,,11556411
2026-06-29T07:01:19.835332,2026-06-28T21:01:20.226191+00:00,100.6,200,bid,,,11556445
2026-06-29T07:01:20.408985,2026-06-28T21:01:20.798222+00:00,100.8,1,bid,,,11556461
2026-06-29T07:01:20.480902,2026-06-28T21:01:20.875232+00:00,100.7,200,ask,,,11556469
2026-06-29T07:01:22.456844,2026-06-28T21:01:22.853849+00:00,100.5,1,ask,,,11556509
2026-06-29T07:01:22.456844,2026-06-28T21:01:22.853849+00:00,100.5,200,ask,,,11556510
2026-06-29T07:01:24.424551,2026-06-28T21:01:24.811841+00:00,100.5,6,bid,,,11556550
2026-06-29T07:01:25.116263,2026-06-28T21:01:25.504849+00:00,100.4,9,ask,,,11556560
2026-06-29T07:01:25.116263,2026-06-28T21:01:25.504849+00:00,100.4,11,ask,,,11556561
2026-06-29T07:01:26.532291,2026-06-28T21:01:26.933903+00:00,100.5,200,bid,,,11556593
2026-06-29T07:01:27.743991,2026-06-28T21:01:28.131911+00:00,100.4,2,ask,,,11556613
2026-06-29T07:01:27.743991,2026-06-28T21:01:28.142911+00:00,100.4,198,ask,,,11556614
2026-06-29T07:01:28.951754,2026-06-28T21:01:29.341912+00:00,100.4,200,ask,,,11556638
2026-06-29T07:01:31.629255,2026-06-28T21:01:32.025920+00:00,100.4,3,ask,,,11556691
2026-06-29T07:01:31.629255,2026-06-28T21:01:32.025920+00:00,100.4,500,ask,,,11556692
2026-06-29T07:01:31.629255,2026-06-28T21:01:32.025920+00:00,100.3,122,ask,,,11556693
2026-06-29T07:01:32.582330,2026-06-28T21:01:32.971041+00:00,100.4,200,ask,,,11556710
2026-06-29T07:01:32.938117,2026-06-28T21:01:33.333547+00:00,100.6,6,bid,,,11556717
2026-06-29T07:01:33.043748,2026-06-28T21:01:33.432547+00:00,100.6,25,ask,,,11556718
2026-06-29T07:01:33.257699,2026-06-28T21:01:33.652546+00:00,100.6,25,ask,,,11556723
2026-06-29T07:01:33.466367,2026-06-28T21:01:33.861556+00:00,100.6,25,ask,,,11556734
2026-06-29T07:01:33.675199,2026-06-28T21:01:34.070548+00:00,100.6,25,ask,,,11556740
2026-06-29T07:01:33.789694,2026-06-28T21:01:34.180547+00:00,100.6,200,ask,,,11556743
2026-06-29T07:01:33.883431,2026-06-28T21:01:34.279547+00:00,100.6,25,ask,,,11556744
2026-06-29T07:01:34.093667,2026-06-28T21:01:34.487666+00:00,100.6,25,ask,,,11556748
2026-06-29T07:01:35.583530,2026-06-28T21:01:35.972556+00:00,100.4,200,ask,,,11556782
2026-06-29T07:01:35.583530,2026-06-28T21:01:35.972556+00:00,100.4,425,ask,,,11556783
2026-06-29T07:01:39.513880,2026-06-28T21:01:39.909343+00:00,100.6,25,ask,,,11556858
2026-06-29T07:01:40.817028,2026-06-28T21:01:41.218355+00:00,100.7,2,bid,,,11556875
2026-06-29T07:01:40.817028,2026-06-28T21:01:41.218355+00:00,100.7,200,bid,,,11556876
2026-06-29T07:01:42.330901,2026-06-28T21:01:42.724874+00:00,100.7,1,ask,,,11556909
2026-06-29T07:01:42.817846,2026-06-28T21:01:43.208584+00:00,100.7,199,ask,,,11556914
2026-06-29T07:01:43.481203,2026-06-28T21:01:43.868593+00:00,100.7,500,bid,,,11556931
2026-06-29T07:01:43.481203,2026-06-28T21:01:43.879593+00:00,100.7,125,bid,,,11556932
2026-06-29T07:01:47.407691,2026-06-28T21:01:47.804116+00:00,100.5,200,ask,,,11557002
2026-06-29T07:01:48.316064,2026-06-28T21:01:48.705116+00:00,100.5,200,bid,,,11557012
2026-06-29T07:01:50.734442,2026-06-28T21:01:51.123525+00:00,100.6,200,bid,,,11557055
2026-06-29T07:01:52.649642,2026-06-28T21:01:53.047253+00:00,100.6,200,bid,,,11557099
2026-06-29T07:01:52.649642,2026-06-28T21:01:53.047253+00:00,100.6,425,bid,,,11557100
2026-06-29T07:01:53.960922,2026-06-28T21:01:54.356253+00:00,100.3,1,ask,,,11557139
2026-06-29T07:01:53.960922,2026-06-28T21:01:54.356253+00:00,100.3,200,ask,,,11557140
2026-06-29T07:01:55.570820,2026-06-28T21:01:55.961266+00:00,100.2,10,ask,,,11557176
2026-06-29T07:01:56.577623,2026-06-28T21:01:56.972817+00:00,100.3,200,bid,,,11557193
2026-06-29T07:01:57.375133,2026-06-28T21:01:57.763635+00:00,100.4,425,ask,,,11557217
2026-06-29T07:01:57.885079,2026-06-28T21:01:58.313635+00:00,100.3,200,ask,,,11557226
2026-06-29T07:01:59.192880,2026-06-28T21:01:59.589638+00:00,100.4,200,bid,,,11557244
2026-06-29T07:01:59.192880,2026-06-28T21:01:59.589638+00:00,100.4,425,bid,,,11557245
2026-06-29T07:02:00.444560,2026-06-28T21:02:00.832639+00:00,100.2,3,ask,,,11557269
2026-06-29T07:02:00.593760,2026-06-28T21:02:00.986639+00:00,100.1,25,bid,,,11557273
2026-06-29T07:02:00.804416,2026-06-28T21:02:01.195648+00:00,100.1,25,bid,,,11557280
2026-06-29T07:02:01.210418,2026-06-28T21:02:01.602639+00:00,100.0,25,ask,,,11557295
2026-06-29T07:02:01.421802,2026-06-28T21:02:01.811758+00:00,100.0,25,ask,,,11557299
2026-06-29T07:02:01.655679,2026-06-28T21:02:02.042758+00:00,100.1,200,bid,,,11557310
2026-06-29T07:02:05.282608,2026-06-28T21:02:05.682152+00:00,100.3,200,bid,,,11557402
2026-06-29T07:02:07.052287,2026-06-28T21:02:07.449117+00:00,100.3,200,bid,,,11557435
2026-06-29T07:02:07.200636,2026-06-28T21:02:07.592118+00:00,100.4,8,bid,,,11557444
2026-06-29T07:02:07.200636,2026-06-28T21:02:07.592118+00:00,100.4,12,bid,,,11557445
2026-06-29T07:02:13.595368,2026-06-28T21:02:14.001762+00:00,100.2,200,bid,,,11557572
2026-06-29T07:02:13.754604,2026-06-28T21:02:14.144754+00:00,100.2,200,ask,,,11557579
2026-06-29T07:02:14.347976,2026-06-28T21:02:14.738762+00:00,100.4,4,bid,,,11557597
2026-06-29T07:02:14.347976,2026-06-28T21:02:14.749762+00:00,100.4,16,bid,,,11557598
2026-06-29T07:02:14.959509,2026-06-28T21:02:15.354763+00:00,100.2,200,bid,,,11557616
2026-06-29T07:02:16.165875,2026-06-28T21:02:16.552829+00:00,100.2,200,bid,,,11557637
2026-06-29T07:02:17.382648,2026-06-28T21:02:17.773951+00:00,100.3,200,ask,,,11557662
2026-06-29T07:02:17.523703,2026-06-28T21:02:17.916942+00:00,100.1,1,ask,,,11557664
2026-06-29T07:02:17.523703,2026-06-28T21:02:17.916942+00:00,100.1,200,ask,,,11557665
2026-06-29T07:02:20.153507,2026-06-28T21:02:20.556971+00:00,100.1,200,ask,,,11557725
2026-06-29T07:02:24.078101,2026-06-28T21:02:24.469744+00:00,100.2,200,bid,,,11557796
2026-06-29T07:02:28.145073,2026-06-28T21:02:28.539010+00:00,100.1,20,ask,,,11557881
2026-06-29T07:02:28.295214,2026-06-28T21:02:28.693010+00:00,100.2,200,bid,,,11557888
2026-06-29T07:02:31.928139,2026-06-28T21:02:32.320639+00:00,100.2,200,bid,,,11557962
2026-06-29T07:02:34.550038,2026-06-28T21:02:34.937206+00:00,100.3,200,bid,,,11558018
2026-06-29T07:02:34.550038,2026-06-28T21:02:34.948206+00:00,100.4,5,bid,,,11558019
2026-06-29T07:02:35.553885,2026-06-28T21:02:35.949206+00:00,100.4,200,ask,,,11558042
2026-06-29T07:02:36.647822,2026-06-28T21:02:37.037756+00:00,100.3,20,bid,,,11558064
2026-06-29T07:02:38.481606,2026-06-28T21:02:38.875007+00:00,100.3,4,bid,,,11558109
2026-06-29T07:02:38.481606,2026-06-28T21:02:38.875007+00:00,100.3,200,bid,,,11558110
2026-06-29T07:02:39.765971,2026-06-28T21:02:40.173016+00:00,100.4,200,ask,,,11558132
2026-06-29T07:02:41.106097,2026-06-28T21:02:41.502697+00:00,100.3,200,bid,,,11558164
2026-06-29T07:02:41.580061,2026-06-28T21:02:41.974815+00:00,100.3,20,ask,,,11558171
2026-06-29T07:02:41.609815,2026-06-28T21:02:42.007815+00:00,100.3,200,ask,,,11558173
2026-06-29T07:02:42.416474,2026-06-28T21:02:42.807338+00:00,100.1,200,ask,,,11558187
2026-06-29T07:02:42.813232,2026-06-28T21:02:43.203338+00:00,100.1,200,bid,,,11558192
2026-06-29T07:02:44.026423,2026-06-28T21:02:44.424359+00:00,100.2,200,ask,,,11558218
2026-06-29T07:02:45.239464,2026-06-28T21:02:45.634359+00:00,100.2,200,ask,,,11558243
2026-06-29T07:02:46.227756,2026-06-28T21:02:46.623539+00:00,100.4,20,bid,,,11558258
2026-06-29T07:02:46.447337,2026-06-28T21:02:46.843547+00:00,100.1,200,ask,,,11558264
2026-06-29T07:02:50.602519,2026-06-28T21:02:50.990126+00:00,100.1,20,ask,,,11558346
2026-06-29T07:02:51.874634,2026-06-28T21:02:52.265645+00:00,100.2,20,bid,,,11558376
2026-06-29T07:02:52.895762,2026-06-28T21:02:53.287789+00:00,100.2,500,bid,,,11558391
2026-06-29T07:02:53.068727,2026-06-28T21:02:53.463780+00:00,100.2,125,ask,,,11558399
2026-06-29T07:02:56.831342,2026-06-28T21:02:57.225346+00:00,100.0,3,ask,,,11558457
2026-06-29T07:02:56.831342,2026-06-28T21:02:57.225346+00:00,100.0,200,ask,,,11558458
2026-06-29T07:02:57.353679,2026-06-28T21:02:57.742358+00:00,99.9,200,bid,,,11558467
2026-06-29T07:03:00.187347,2026-06-28T21:03:00.579508+00:00,100.0,20,bid,,,11558520
2026-06-29T07:03:00.754380,2026-06-28T21:03:01.151508+00:00,100.0,180,bid,,,11558524
2026-06-29T07:03:02.069165,2026-06-28T21:03:02.460509+00:00,100.0,200,ask,,,11558558
2026-06-29T07:03:02.188130,2026-06-28T21:03:02.581509+00:00,100.0,200,bid,,,11558561
2026-06-29T07:03:03.402071,2026-06-28T21:03:03.791057+00:00,100.1,200,ask,,,11558590
2026-06-29T07:03:04.614518,2026-06-28T21:03:05.011575+00:00,100.1,200,ask,,,11558609
2026-06-29T07:03:05.819041,2026-06-28T21:03:06.210281+00:00,100.0,200,bid,,,11558630
2026-06-29T07:03:08.640331,2026-06-28T21:03:09.035316+00:00,99.9,1,ask,,,11558672
2026-06-29T07:03:09.763825,2026-06-28T21:03:10.156728+00:00,99.9,20,bid,,,11558690
2026-06-29T07:03:10.670458,2026-06-28T21:03:11.058837+00:00,99.9,200,bid,,,11558710
2026-06-29T07:03:12.300717,2026-06-28T21:03:12.696739+00:00,99.8,2,ask,,,11558737
2026-06-29T07:03:14.301161,2026-06-28T21:03:14.698840+00:00,99.8,2,ask,,,11558769
2026-06-29T07:03:15.194588,2026-06-28T21:03:15.592350+00:00,99.7,1,ask,,,11558789
2026-06-29T07:03:15.510883,2026-06-28T21:03:15.900031+00:00,99.7,200,bid,,,11558797
2026-06-29T07:03:19.159367,2026-06-28T21:03:19.550271+00:00,99.7,200,ask,,,11558856
2026-06-29T07:03:21.738799,2026-06-28T21:03:22.134262+00:00,100.0,200,bid,,,11558892
2026-06-29T07:03:22.744436,2026-06-28T21:03:23.135393+00:00,100.0,425,ask,,,11558902
2026-06-29T07:03:23.047744,2026-06-28T21:03:23.443393+00:00,99.9,200,ask,,,11558911
2026-06-29T07:03:23.700765,2026-06-28T21:03:24.092413+00:00,99.9,20,bid,,,11558917
2026-06-29T07:03:25.663751,2026-06-28T21:03:26.060923+00:00,99.9,200,bid,,,11558953
2026-06-29T07:03:26.429244,2026-06-28T21:03:26.818594+00:00,99.9,200,ask,,,11558973
2026-06-29T07:03:27.636347,2026-06-28T21:03:28.026998+00:00,99.8,200,bid,,,11558995
2026-06-29T07:03:30.611172,2026-06-28T21:03:31.008212+00:00,99.8,500,ask,,,11559054
2026-06-29T07:03:30.906083,2026-06-28T21:03:31.304222+00:00,99.8,200,ask,,,11559063
2026-06-29T07:03:30.906083,2026-06-28T21:03:31.304222+00:00,99.7,1,ask,,,11559064
2026-06-29T07:03:34.864163,2026-06-28T21:03:35.261616+00:00,99.4,200,bid,,,11559159
2026-06-29T07:03:34.974112,2026-06-28T21:03:35.371615+00:00,99.6,20,bid,,,11559161
2026-06-29T07:03:36.175725,2026-06-28T21:03:36.570201+00:00,99.4,200,ask,,,11559177
2026-06-29T07:03:37.251215,2026-06-28T21:03:37.648201+00:00,99.3,425,bid,,,11559200
2026-06-29T07:03:37.492433,2026-06-28T21:03:37.888471+00:00,99.4,200,ask,,,11559207
2026-06-29T07:03:37.492433,2026-06-28T21:03:37.888471+00:00,99.3,75,ask,,,11559208
2026-06-29T07:03:37.848498,2026-06-28T21:03:38.239889+00:00,99.3,350,bid,,,11559220
2026-06-29T07:03:42.727998,2026-06-28T21:03:43.123016+00:00,99.5,200,bid,,,11559325
2026-06-29T07:03:46.576756,2026-06-28T21:03:46.972110+00:00,99.6,20,bid,,,11559385
2026-06-29T07:03:48.237821,2026-06-28T21:03:48.633231+00:00,99.4,9,ask,,,11559420
2026-06-29T07:03:48.237821,2026-06-28T21:03:48.633231+00:00,99.4,191,ask,,,11559421
2026-06-29T07:03:54.275716,2026-06-28T21:03:54.667434+00:00,99.7,2,bid,,,11559571
2026-06-29T07:03:54.275716,2026-06-28T21:03:54.667434+00:00,99.7,198,bid,,,11559572
2026-06-29T07:03:55.484979,2026-06-28T21:03:55.877442+00:00,99.7,200,bid,,,11559585
2026-06-29T07:03:56.692010,2026-06-28T21:03:57.087003+00:00,99.6,200,bid,,,11559612
2026-06-29T07:03:57.897590,2026-06-28T21:03:58.295604+00:00,99.6,200,bid,,,11559620
2026-06-29T07:03:59.778299,2026-06-28T21:04:00.174131+00:00,99.7,4,bid,,,11559664
2026-06-29T07:04:00.321975,2026-06-28T21:04:00.713123+00:00,99.7,200,ask,,,11559672
2026-06-29T07:04:02.742994,2026-06-28T21:04:03.141549+00:00,99.9,200,bid,,,11559713
2026-06-29T07:04:03.955869,2026-06-28T21:04:04.351549+00:00,99.9,200,ask,,,11559744
2026-06-29T07:04:05.164088,2026-06-28T21:04:05.561539+00:00,99.8,2,bid,,,11559767
2026-06-29T07:04:07.653105,2026-06-28T21:04:08.047148+00:00,99.9,200,bid,,,11559821
2026-06-29T07:04:10.272688,2026-06-28T21:04:10.664658+00:00,100.0,500,bid,,,11559846
2026-06-29T07:04:10.553550,2026-06-28T21:04:10.950777+00:00,100.0,125,ask,,,11559853
2026-06-29T07:04:11.202488,2026-06-28T21:04:11.599673+00:00,100.0,200,bid,,,11559864
2026-06-29T07:04:11.243319,2026-06-28T21:04:11.632659+00:00,99.4,20,ask,,,11559867
2026-06-29T07:04:12.411655,2026-06-28T21:04:12.809564+00:00,99.9,200,bid,,,11559883
2026-06-29T07:04:14.173487,2026-06-28T21:04:14.568572+00:00,99.9,500,ask,,,11559906
2026-06-29T07:04:14.999833,2026-06-28T21:04:15.393092+00:00,99.7,20,ask,,,11559920
2026-06-29T07:04:16.038420,2026-06-28T21:04:16.437642+00:00,99.7,13,ask,,,11559942
2026-06-29T07:04:16.815676,2026-06-28T21:04:17.207642+00:00,99.7,187,bid,,,11559950
2026-06-29T07:04:18.125084,2026-06-28T21:04:18.516565+00:00,99.8,200,bid,,,11559968
2026-06-29T07:04:18.423593,2026-06-28T21:04:18.824556+00:00,99.8,425,ask,,,11559969
2026-06-29T07:04:19.437123,2026-06-28T21:04:19.836075+00:00,99.7,200,ask,,,11559987
2026-06-29T07:04:19.776190,2026-06-28T21:04:20.166193+00:00,99.7,20,bid,,,11559994
2026-06-29T07:04:20.829579,2026-06-28T21:04:21.222084+00:00,99.7,500,ask,,,11560015
2026-06-29T07:04:20.876439,2026-06-28T21:04:21.266084+00:00,99.7,125,ask,,,11560016
2026-06-29T07:04:24.693255,2026-06-28T21:04:25.083182+00:00,99.6,10,ask,,,11560084
2026-06-29T07:04:24.693255,2026-06-28T21:04:25.094183+00:00,99.6,200,ask,,,11560085
2026-06-29T07:04:28.622505,2026-06-28T21:04:29.019466+00:00,99.5,9,ask,,,11560156
2026-06-29T07:04:28.622505,2026-06-28T21:04:29.019466+00:00,99.5,200,ask,,,11560157
2026-06-29T07:04:29.346883,2026-06-28T21:04:29.745585+00:00,99.5,200,bid,,,11560174
2026-06-29T07:04:29.938785,2026-06-28T21:04:30.327585+00:00,99.6,500,bid,,,11560182
2026-06-29T07:04:29.938785,2026-06-28T21:04:30.338584+00:00,99.7,125,bid,,,11560183
2026-06-29T07:04:31.774217,2026-06-28T21:04:32.164475+00:00,99.4,4,ask,,,11560214
2026-06-29T07:04:31.774217,2026-06-28T21:04:32.164475+00:00,99.4,196,ask,,,11560215
2026-06-29T07:04:32.986817,2026-06-28T21:04:33.385563+00:00,99.4,7,ask,,,11560236
2026-06-29T07:04:32.986817,2026-06-28T21:04:33.385563+00:00,99.4,193,ask,,,11560237
2026-06-29T07:04:33.685655,2026-06-28T21:04:34.078563+00:00,99.5,20,bid,,,11560254
2026-06-29T07:04:33.870744,2026-06-28T21:04:34.265572+00:00,99.4,7,ask,,,11560259
2026-06-29T07:04:35.180325,2026-06-28T21:04:35.574572+00:00,99.3,2,ask,,,11560290
2026-06-29T07:04:35.180325,2026-06-28T21:04:35.574572+00:00,99.3,200,ask,,,11560291
2026-06-29T07:04:35.412429,2026-06-28T21:04:35.805572+00:00,99.3,200,bid,,,11560300
2026-06-29T07:04:36.622514,2026-06-28T21:04:37.015101+00:00,99.2,200,bid,,,11560322
2026-06-29T07:04:39.044912,2026-06-28T21:04:39.443851+00:00,99.2,200,ask,,,11560381
2026-06-29T07:04:42.686629,2026-06-28T21:04:43.081838+00:00,99.1,200,ask,,,11560453
2026-06-29T07:04:45.107882,2026-06-28T21:04:45.500928+00:00,99.2,200,bid,,,11560503
2026-06-29T07:04:45.552009,2026-06-28T21:04:45.940937+00:00,99.0,20,ask,,,11560510
2026-06-29T07:04:49.299932,2026-06-28T21:04:49.690780+00:00,98.9,500,bid,,,11560579
2026-06-29T07:04:50.913338,2026-06-28T21:04:51.307290+00:00,98.9,500,ask,,,11560603
2026-06-29T07:04:51.099442,2026-06-28T21:04:51.493409+00:00,98.9,125,bid,,,11560605
2026-06-29T07:04:51.166649,2026-06-28T21:04:51.559408+00:00,98.9,200,ask,,,11560606
2026-06-29T07:04:51.894934,2026-06-28T21:04:52.285299+00:00,99.2,12,bid,,,11560612
2026-06-29T07:04:52.218326,2026-06-28T21:04:52.615298+00:00,99.2,12,bid,,,11560621
2026-06-29T07:04:52.372757,2026-06-28T21:04:52.768864+00:00,99.2,200,ask,,,11560623
2026-06-29T07:04:55.997342,2026-06-28T21:04:56.386302+00:00,99.2,200,bid,,,11560700
2026-06-29T07:04:57.203492,2026-06-28T21:04:57.607302+00:00,99.3,10,bid,,,11560719
2026-06-29T07:04:58.438410,2026-06-28T21:04:58.837495+00:00,99.4,11,bid,,,11560749
2026-06-29T07:04:58.438410,2026-06-28T21:04:58.837495+00:00,99.4,189,bid,,,11560750
2026-06-29T07:04:59.004322,2026-06-28T21:04:59.398486+00:00,99.3,20,bid,,,11560763
2026-06-29T07:04:59.650230,2026-06-28T21:05:00.047495+00:00,99.3,200,bid,,,11560781
2026-06-29T07:05:04.048133,2026-06-28T21:05:04.446076+00:00,99.3,3,bid,,,11560871
2026-06-29T07:05:04.048133,2026-06-28T21:05:04.446076+00:00,99.3,200,bid,,,11560872
2026-06-29T07:05:04.495798,2026-06-28T21:05:04.886078+00:00,99.3,200,ask,,,11560879
2026-06-29T07:05:05.396530,2026-06-28T21:05:05.787612+00:00,99.3,25,bid,,,11560888
2026-06-29T07:05:05.608443,2026-06-28T21:05:06.007612+00:00,99.3,25,bid,,,11560893
2026-06-29T07:05:05.822275,2026-06-28T21:05:06.216169+00:00,99.3,25,bid,,,11560899
2026-06-29T07:05:06.032133,2026-06-28T21:05:06.425169+00:00,99.3,25,bid,,,11560909
2026-06-29T07:05:06.243655,2026-06-28T21:05:06.634160+00:00,99.3,25,bid,,,11560913
2026-06-29T07:05:06.462335,2026-06-28T21:05:06.854279+00:00,99.3,25,bid,,,11560920
2026-06-29T07:05:08.122517,2026-06-28T21:05:08.513834+00:00,99.2,200,ask,,,11560952
2026-06-29T07:05:10.648672,2026-06-28T21:05:11.042483+00:00,99.3,20,bid,,,11561020
2026-06-29T07:05:10.653122,2026-06-28T21:05:11.053483+00:00,99.3,180,bid,,,11561021
2026-06-29T07:05:10.653122,2026-06-28T21:05:11.053483+00:00,99.4,1,bid,,,11561022
2026-06-29T07:05:10.673389,2026-06-28T21:05:11.064483+00:00,99.4,25,ask,,,11561023
2026-06-29T07:05:11.484072,2026-06-28T21:05:11.878374+00:00,99.4,1,ask,,,11561038
2026-06-29T07:05:11.775482,2026-06-28T21:05:12.164373+00:00,99.4,200,ask,,,11561048
2026-06-29T07:05:11.963203,2026-06-28T21:05:12.362374+00:00,99.2,200,ask,,,11561049
2026-06-29T07:05:15.412734,2026-06-28T21:05:15.810935+00:00,99.2,200,ask,,,11561096
2026-06-29T07:05:16.619162,2026-06-28T21:05:17.009512+00:00,99.2,200,bid,,,11561114
2026-06-29T07:05:17.831452,2026-06-28T21:05:18.229043+00:00,99.3,200,ask,,,11561135
2026-06-29T07:05:21.090115,2026-06-28T21:05:21.484043+00:00,99.2,20,ask,,,11561207
2026-06-29T07:05:23.875628,2026-06-28T21:05:24.269580+00:00,99.4,200,bid,,,11561270
2026-06-29T07:05:23.995454,2026-06-28T21:05:24.390580+00:00,99.4,20,bid,,,11561275
2026-06-29T07:05:25.060377,2026-06-28T21:05:25.457580+00:00,99.5,1,bid,,,11561295
2026-06-29T07:05:25.060377,2026-06-28T21:05:25.457580+00:00,99.5,500,bid,,,11561296
2026-06-29T07:05:25.084367,2026-06-28T21:05:25.479580+00:00,99.5,124,ask,,,11561298
2026-06-29T07:05:28.721441,2026-06-28T21:05:29.118897+00:00,99.2,200,ask,,,11561375
2026-06-29T07:05:30.126559,2026-06-28T21:05:30.515905+00:00,99.2,25,ask,,,11561406
2026-06-29T07:05:30.335707,2026-06-28T21:05:30.724905+00:00,99.2,25,ask,,,11561416
2026-06-29T07:05:30.544386,2026-06-28T21:05:30.933896+00:00,99.2,25,ask,,,11561429
2026-06-29T07:05:30.752949,2026-06-28T21:05:31.142896+00:00,99.2,25,ask,,,11561433
2026-06-29T07:05:31.899099,2026-06-28T21:05:32.297905+00:00,99.3,20,bid,,,11561451
2026-06-29T07:05:33.587008,2026-06-28T21:05:33.979081+00:00,99.2,200,bid,,,11561474
2026-06-29T07:05:38.182908,2026-06-28T21:05:38.575060+00:00,99.0,1,ask,,,11561597
2026-06-29T07:05:38.182908,2026-06-28T21:05:38.575060+00:00,99.0,19,ask,,,11561598
2026-06-29T07:05:39.470948,2026-06-28T21:05:39.862080+00:00,99.0,200,ask,,,11561627
2026-06-29T07:05:39.470948,2026-06-28T21:05:39.862080+00:00,99.0,5,ask,,,11561628
2026-06-29T07:05:39.622910,2026-06-28T21:05:40.016072+00:00,98.9,200,bid,,,11561630
2026-06-29T07:05:42.088778,2026-06-28T21:05:42.480086+00:00,99.0,200,ask,,,11561662
2026-06-29T07:05:43.232762,2026-06-28T21:05:43.633781+00:00,98.8,1,ask,,,11561679
2026-06-29T07:05:43.232762,2026-06-28T21:05:43.633781+00:00,98.8,19,ask,,,11561680
2026-06-29T07:05:43.397742,2026-06-28T21:05:43.787772+00:00,99.0,200,bid,,,11561694
2026-06-29T07:05:45.696347,2026-06-28T21:05:46.086346+00:00,99.1,200,ask,,,11561749
2026-06-29T07:05:49.948525,2026-06-28T21:05:50.342203+00:00,99.0,200,bid,,,11561836
2026-06-29T07:05:51.751107,2026-06-28T21:05:52.146211+00:00,99.0,200,ask,,,11561869
2026-06-29T07:05:52.570006,2026-06-28T21:05:52.969403+00:00,98.9,1,ask,,,11561888
2026-06-29T07:05:53.879349,2026-06-28T21:05:54.277853+00:00,98.8,1,ask,,,11561906
2026-06-29T07:05:53.879349,2026-06-28T21:05:54.277853+00:00,98.8,200,ask,,,11561907
2026-06-29T07:05:53.879349,2026-06-28T21:05:54.277853+00:00,98.8,424,ask,,,11561908
2026-06-29T07:05:57.213343,2026-06-28T21:05:57.607189+00:00,98.8,4,ask,,,11561987
2026-06-29T07:05:58.399343,2026-06-28T21:05:58.794863+00:00,98.8,20,ask,,,11562010
2026-06-29T07:06:01.723211,2026-06-28T21:06:02.115383+00:00,98.9,20,bid,,,11562069
2026-06-29T07:06:01.733478,2026-06-28T21:06:02.126383+00:00,98.7,1,ask,,,11562070
2026-06-29T07:06:01.733478,2026-06-28T21:06:02.126383+00:00,98.7,500,ask,,,11562071
2026-06-29T07:06:01.733478,2026-06-28T21:06:02.126383+00:00,98.7,124,ask,,,11562072
2026-06-29T07:06:03.044396,2026-06-28T21:06:03.435131+00:00,98.7,200,bid,,,11562102
2026-06-29T07:06:04.355036,2026-06-28T21:06:04.754250+00:00,98.6,200,ask,,,11562123
2026-06-29T07:06:05.663995,2026-06-28T21:06:06.063140+00:00,98.6,200,bid,,,11562142
2026-06-29T07:06:06.441249,2026-06-28T21:06:06.832691+00:00,98.6,4,ask,,,11562155
2026-06-29T07:06:07.852695,2026-06-28T21:06:08.250279+00:00,98.6,5,ask,,,11562181
2026-06-29T07:06:08.281094,2026-06-28T21:06:08.679160+00:00,98.7,200,bid,,,11562192
2026-06-29T07:06:08.693530,2026-06-28T21:06:09.086169+00:00,98.8,200,ask,,,11562210
2026-06-29T07:06:10.904976,2026-06-28T21:06:11.296279+00:00,98.8,200,ask,,,11562253
2026-06-29T07:06:11.089995,2026-06-28T21:06:11.483279+00:00,98.6,1,ask,,,11562255
2026-06-29T07:06:11.124007,2026-06-28T21:06:11.516161+00:00,98.7,200,bid,,,11562261
2026-06-29T07:06:11.507364,2026-06-28T21:06:11.901279+00:00,98.6,8,ask,,,11562277
2026-06-29T07:06:15.965089,2026-06-28T21:06:16.364069+00:00,98.6,1,ask,,,11562397
2026-06-29T07:06:15.965089,2026-06-28T21:06:16.364069+00:00,98.6,199,ask,,,11562398
2026-06-29T07:06:17.171470,2026-06-28T21:06:17.563078+00:00,98.7,200,bid,,,11562415
2026-06-29T07:06:17.489919,2026-06-28T21:06:17.881749+00:00,98.7,20,bid,,,11562426
2026-06-29T07:06:18.755244,2026-06-28T21:06:19.146750+00:00,98.6,500,ask,,,11562439
2026-06-29T07:06:18.755244,2026-06-28T21:06:19.146750+00:00,98.6,125,ask,,,11562440
2026-06-29T07:06:19.951591,2026-06-28T21:06:20.345333+00:00,98.8,8,bid,,,11562459
2026-06-29T07:06:19.951591,2026-06-28T21:06:20.345333+00:00,98.8,12,bid,,,11562460
2026-06-29T07:06:20.801423,2026-06-28T21:06:21.194325+00:00,98.8,10,bid,,,11562479
2026-06-29T07:06:22.008801,2026-06-28T21:06:22.404333+00:00,98.9,11,bid,,,11562502
2026-06-29T07:06:22.008801,2026-06-28T21:06:22.404333+00:00,98.9,189,bid,,,11562503
2026-06-29T07:06:23.216639,2026-06-28T21:06:23.613008+00:00,98.9,10,bid,,,11562525
2026-06-29T07:06:23.216639,2026-06-28T21:06:23.613008+00:00,98.9,190,bid,,,11562526
2026-06-29T07:06:23.661811,2026-06-28T21:06:24.053008+00:00,98.9,20,bid,,,11562536
2026-06-29T07:06:25.298952,2026-06-28T21:06:25.691533+00:00,98.8,200,ask,,,11562562
2026-06-29T07:06:26.843430,2026-06-28T21:06:27.242085+00:00,98.8,200,bid,,,11562594
2026-06-29T07:06:29.952179,2026-06-28T21:06:30.343642+00:00,98.8,1,ask,,,11562650
2026-06-29T07:06:30.482313,2026-06-28T21:06:30.871653+00:00,98.9,6,bid,,,11562656
2026-06-29T07:06:31.056322,2026-06-28T21:06:31.454662+00:00,98.9,194,ask,,,11562663
2026-06-29T07:06:31.056322,2026-06-28T21:06:31.454662+00:00,98.9,306,ask,,,11562664
2026-06-29T07:06:31.688493,2026-06-28T21:06:32.092662+00:00,99.0,200,bid,,,11562684
2026-06-29T07:06:32.259810,2026-06-28T21:06:32.664662+00:00,98.9,500,ask,,,11562699
2026-06-29T07:06:32.713781,2026-06-28T21:06:33.104212+00:00,99.1,20,bid,,,11562706
2026-06-29T07:06:32.856402,2026-06-28T21:06:33.247220+00:00,98.9,125,ask,,,11562707
2026-06-29T07:06:33.470333,2026-06-28T21:06:33.874220+00:00,98.8,200,ask,,,11562720
2026-06-29T07:06:35.333397,2026-06-28T21:06:35.722220+00:00,98.8,200,bid,,,11562762
2026-06-29T07:06:37.759444,2026-06-28T21:06:38.151492+00:00,98.7,200,ask,,,11562808
2026-06-29T07:06:38.967372,2026-06-28T21:06:39.360623+00:00,98.7,200,ask,,,11562827
2026-06-29T07:06:39.718616,2026-06-28T21:06:40.108504+00:00,98.8,20,bid,,,11562844
2026-06-29T07:06:44.928379,2026-06-28T21:06:45.320812+00:00,98.6,5,ask,,,11562939
2026-06-29T07:06:45.037695,2026-06-28T21:06:45.430811+00:00,98.6,200,bid,,,11562942
2026-06-29T07:06:46.249143,2026-06-28T21:06:46.640379+00:00,98.5,7,ask,,,11562962
2026-06-29T07:06:46.249143,2026-06-28T21:06:46.640379+00:00,98.5,193,ask,,,11562963
2026-06-29T07:06:48.070932,2026-06-28T21:06:48.464469+00:00,98.7,20,bid,,,11562999
2026-06-29T07:06:48.873709,2026-06-28T21:06:49.267478+00:00,98.6,200,bid,,,11563031
2026-06-29T07:06:49.882488,2026-06-28T21:06:50.279469+00:00,98.7,200,ask,,,11563041
2026-06-29T07:06:51.090249,2026-06-28T21:06:51.489478+00:00,98.6,200,bid,,,11563067
2026-06-29T07:06:52.299320,2026-06-28T21:06:52.688478+00:00,98.6,200,bid,,,11563084
2026-06-29T07:06:56.732053,2026-06-28T21:06:57.130233+00:00,98.8,200,bid,,,11563178
2026-06-29T07:06:56.732053,2026-06-28T21:06:57.130233+00:00,98.8,425,bid,,,11563179
2026-06-29T07:06:58.008753,2026-06-28T21:06:58.404933+00:00,98.6,20,ask,,,11563201
2026-06-29T07:06:58.472089,2026-06-28T21:06:58.866933+00:00,98.6,20,ask,,,11563211
2026-06-29T07:07:01.992347,2026-06-28T21:07:02.386557+00:00,98.5,4,ask,,,11563261
2026-06-29T07:07:05.622070,2026-06-28T21:07:06.016136+00:00,98.6,200,bid,,,11563320
2026-06-29T07:07:06.832003,2026-06-28T21:07:07.225705+00:00,98.7,200,ask,,,11563347
2026-06-29T07:07:09.838717,2026-06-28T21:07:10.238388+00:00,98.8,200,bid,,,11563414
2026-06-29T07:07:09.838717,2026-06-28T21:07:10.238388+00:00,98.8,425,bid,,,11563415
2026-06-29T07:07:11.679347,2026-06-28T21:07:12.074922+00:00,98.6,200,ask,,,11563451
2026-06-29T07:07:15.326644,2026-06-28T21:07:15.715491+00:00,98.5,200,ask,,,11563502
2026-06-29T07:07:17.049174,2026-06-28T21:07:17.442066+00:00,98.6,20,ask,,,11563543
2026-06-29T07:07:20.102161,2026-06-28T21:07:20.498296+00:00,98.5,200,bid,,,11563596
2026-06-29T07:07:20.162694,2026-06-28T21:07:20.553295+00:00,98.5,200,ask,,,11563599
2026-06-29T07:07:20.339707,2026-06-28T21:07:20.729316+00:00,98.5,100,ask,,,11563603
2026-06-29T07:07:20.457403,2026-06-28T21:07:20.850316+00:00,98.4,1,ask,,,11563606
2026-06-29T07:07:20.701684,2026-06-28T21:07:21.092316+00:00,98.5,500,bid,,,11563610
2026-06-29T07:07:21.303919,2026-06-28T21:07:21.697316+00:00,98.5,25,bid,,,11563624
2026-06-29T07:07:21.371993,2026-06-28T21:07:21.763316+00:00,98.5,200,ask,,,11563627
2026-06-29T07:07:21.645744,2026-06-28T21:07:22.038316+00:00,98.7,12,bid,,,11563632
2026-06-29T07:07:23.798202,2026-06-28T21:07:24.193408+00:00,98.7,200,ask,,,11563673
2026-06-29T07:07:25.006927,2026-06-28T21:07:25.403398+00:00,98.6,200,ask,,,11563702
2026-06-29T07:07:28.217012,2026-06-28T21:07:28.613634+00:00,98.6,200,bid,,,11563765
2026-06-29T07:07:28.633374,2026-06-28T21:07:29.031634+00:00,98.6,200,ask,,,11563769
2026-06-29T07:07:30.016550,2026-06-28T21:07:30.406634+00:00,98.5,3,ask,,,11563788
2026-06-29T07:07:30.016550,2026-06-28T21:07:30.417633+00:00,98.5,17,ask,,,11563789
2026-06-29T07:07:30.837870,2026-06-28T21:07:31.231634+00:00,98.5,183,ask,,,11563814
2026-06-29T07:07:33.479289,2026-06-28T21:07:33.871194+00:00,98.4,200,ask,,,11563864
2026-06-29T07:07:37.394540,2026-06-28T21:07:37.785554+00:00,98.4,200,ask,,,11563938
2026-06-29T07:07:37.665978,2026-06-28T21:07:38.060554+00:00,98.4,425,bid,,,11563942
2026-06-29T07:07:38.470991,2026-06-28T21:07:38.863554+00:00,98.5,20,bid,,,11563951
2026-06-29T07:07:38.702738,2026-06-28T21:07:39.094574+00:00,98.5,180,bid,,,11563956
2026-06-29T07:07:41.359230,2026-06-28T21:07:41.756108+00:00,98.6,200,ask,,,11564005
2026-06-29T07:07:41.928416,2026-06-28T21:07:42.319099+00:00,98.6,425,bid,,,11564024
2026-06-29T07:07:41.955215,2026-06-28T21:07:42.352099+00:00,98.6,75,ask,,,11564027
2026-06-29T07:07:42.530558,2026-06-28T21:07:42.924105+00:00,98.6,125,bid,,,11564040
2026-06-29T07:07:42.974274,2026-06-28T21:07:43.364096+00:00,98.6,20,ask,,,11564051
2026-06-29T07:07:43.973646,2026-06-28T21:07:44.376105+00:00,98.7,200,bid,,,11564068
2026-06-29T07:07:47.905388,2026-06-28T21:07:48.312255+00:00,98.8,1,bid,,,11564146
2026-06-29T07:07:47.905388,2026-06-28T21:07:48.312255+00:00,98.8,200,bid,,,11564147
2026-06-29T07:07:48.010029,2026-06-28T21:07:48.422254+00:00,98.8,200,ask,,,11564149
2026-06-29T07:07:48.544327,2026-06-28T21:07:48.939254+00:00,98.9,4,bid,,,11564157
2026-06-29T07:07:49.233603,2026-06-28T21:07:49.631255+00:00,98.8,200,bid,,,11564171
2026-06-29T07:07:51.636153,2026-06-28T21:07:52.028789+00:00,98.9,2,bid,,,11564210
2026-06-29T07:07:51.636153,2026-06-28T21:07:52.028789+00:00,98.9,198,bid,,,11564211
2026-06-29T07:07:54.643809,2026-06-28T21:07:55.041948+00:00,99.0,500,ask,,,11564260
2026-06-29T07:07:55.238225,2026-06-28T21:07:55.635969+00:00,99.0,125,ask,,,11564267
2026-06-29T07:07:56.468280,2026-06-28T21:07:56.867520+00:00,98.9,200,bid,,,11564279
2026-06-29T07:07:58.397167,2026-06-28T21:07:58.790728+00:00,99.0,1,bid,,,11564321
2026-06-29T07:07:58.883266,2026-06-28T21:07:59.274738+00:00,99.0,200,ask,,,11564334
2026-06-29T07:07:59.706924,2026-06-28T21:08:00.099738+00:00,99.1,9,bid,,,11564347
2026-06-29T07:07:59.706924,2026-06-28T21:08:00.099738+00:00,99.1,500,bid,,,11564348
2026-06-29T07:08:00.098899,2026-06-28T21:08:00.495588+00:00,99.1,116,ask,,,11564355
2026-06-29T07:08:01.343829,2026-06-28T21:08:01.738588+00:00,98.9,200,ask,,,11564396
2026-06-29T07:08:02.324128,2026-06-28T21:08:02.717103+00:00,99.0,5,bid,,,11564413
2026-06-29T07:08:02.324128,2026-06-28T21:08:02.717103+00:00,99.0,500,bid,,,11564414
2026-06-29T07:08:02.507299,2026-06-28T21:08:02.903661+00:00,99.0,120,ask,,,11564416
2026-06-29T07:08:02.518013,2026-06-28T21:08:02.914661+00:00,99.0,20,bid,,,11564417
2026-06-29T07:08:04.941994,2026-06-28T21:08:05.334661+00:00,98.9,200,bid,,,11564461
2026-06-29T07:08:04.962100,2026-06-28T21:08:05.356661+00:00,99.0,5,bid,,,11564462
2026-06-29T07:08:07.558285,2026-06-28T21:08:07.951670+00:00,98.9,200,bid,,,11564509
2026-06-29T07:08:09.176708,2026-06-28T21:08:09.568203+00:00,98.9,500,ask,,,11564536
2026-06-29T07:08:09.769520,2026-06-28T21:08:10.162203+00:00,98.9,125,ask,,,11564554
2026-06-29T07:08:11.043781,2026-06-28T21:08:11.438214+00:00,98.8,20,ask,,,11564584
2026-06-29T07:08:13.459164,2026-06-28T21:08:13.857975+00:00,98.9,200,bid,,,11564641
2026-06-29T07:08:15.559214,2026-06-28T21:08:15.958975+00:00,98.9,20,bid,,,11564672
2026-06-29T07:08:15.884186,2026-06-28T21:08:16.277556+00:00,98.9,200,bid,,,11564676
2026-06-29T07:08:17.062656,2026-06-28T21:08:17.465576+00:00,99.0,20,bid,,,11564685
2026-06-29T07:08:17.093746,2026-06-28T21:08:17.487576+00:00,98.9,200,ask,,,11564686
2026-06-29T07:08:18.023201,2026-06-28T21:08:18.421250+00:00,98.7,1,ask,,,11564706
2026-06-29T07:08:18.023201,2026-06-28T21:08:18.421250+00:00,98.7,200,ask,,,11564707
2026-06-29T07:08:18.297723,2026-06-28T21:08:18.695811+00:00,98.7,200,bid,,,11564710
2026-06-29T07:08:18.623154,2026-06-28T21:08:19.014811+00:00,98.6,3,ask,,,11564713
2026-06-29T07:08:19.505352,2026-06-28T21:08:19.894811+00:00,98.8,200,ask,,,11564733
2026-06-29T07:08:21.175799,2026-06-28T21:08:21.566811+00:00,98.9,20,bid,,,11564761
2026-06-29T07:08:23.257286,2026-06-28T21:08:23.656635+00:00,98.8,200,ask,,,11564805
2026-06-29T07:08:25.581910,2026-06-28T21:08:25.988655+00:00,98.7,200,ask,,,11564849
2026-06-29T07:08:27.997082,2026-06-28T21:08:28.396945+00:00,98.8,200,bid,,,11564895
2026-06-29T07:08:28.536055,2026-06-28T21:08:28.924936+00:00,98.7,20,bid,,,11564907
2026-06-29T07:08:29.813732,2026-06-28T21:08:30.211945+00:00,98.6,2,ask,,,11564927
2026-06-29T07:08:29.813732,2026-06-28T21:08:30.211945+00:00,98.6,200,ask,,,11564928
2026-06-29T07:08:30.412509,2026-06-28T21:08:30.805945+00:00,98.6,200,bid,,,11564945
2026-06-29T07:08:31.623643,2026-06-28T21:08:32.015945+00:00,98.8,200,ask,,,11564965
2026-06-29T07:08:38.128682,2026-06-28T21:08:38.525197+00:00,99.0,20,bid,,,11565072
2026-06-29T07:08:41.625092,2026-06-28T21:08:42.022791+00:00,99.0,200,ask,,,11565111
2026-06-29T07:08:42.533274,2026-06-28T21:08:42.923075+00:00,98.9,200,bid,,,11565134
2026-06-29T07:08:43.742955,2026-06-28T21:08:44.133075+00:00,99.0,200,bid,,,11565150
2026-06-29T07:08:44.953106,2026-06-28T21:08:45.343076+00:00,99.0,200,bid,,,11565173
2026-06-29T07:08:45.324596,2026-06-28T21:08:45.717076+00:00,98.8,6,ask,,,11565178
2026-06-29T07:08:45.324596,2026-06-28T21:08:45.717076+00:00,98.8,14,ask,,,11565179
2026-06-29T07:08:49.804449,2026-06-28T21:08:50.203660+00:00,99.0,200,ask,,,11565242
2026-06-29T07:08:52.243103,2026-06-28T21:08:52.634660+00:00,99.1,1,bid,,,11565294
2026-06-29T07:08:52.243103,2026-06-28T21:08:52.634660+00:00,99.1,19,bid,,,11565295
2026-06-29T07:08:58.221004,2026-06-28T21:08:58.616000+00:00,99.0,200,bid,,,11565400
2026-06-29T07:08:59.987015,2026-06-28T21:09:00.387000+00:00,99.1,200,ask,,,11565433
2026-06-29T07:09:00.720552,2026-06-28T21:09:01.112991+00:00,99.1,200,bid,,,11565441
2026-06-29T07:09:01.270966,2026-06-28T21:09:01.663011+00:00,99.1,225,bid,,,11565457
2026-06-29T07:09:01.300488,2026-06-28T21:09:01.696011+00:00,99.2,1,bid,,,11565459
2026-06-29T07:09:01.929274,2026-06-28T21:09:02.323011+00:00,99.2,200,ask,,,11565469
2026-06-29T07:09:03.143948,2026-06-28T21:09:03.542950+00:00,99.2,200,ask,,,11565494
2026-06-29T07:09:04.352625,2026-06-28T21:09:04.752950+00:00,99.2,200,ask,,,11565513
2026-06-29T07:09:05.559700,2026-06-28T21:09:05.951950+00:00,99.2,200,ask,,,11565545
2026-06-29T07:09:06.553031,2026-06-28T21:09:06.952502+00:00,99.3,1,bid,,,11565563
2026-06-29T07:09:06.769120,2026-06-28T21:09:07.161502+00:00,99.3,200,ask,,,11565571
2026-06-29T07:09:07.976084,2026-06-28T21:09:08.371055+00:00,99.3,200,ask,,,11565596
2026-06-29T07:09:09.185149,2026-06-28T21:09:09.581075+00:00,99.1,200,ask,,,11565623
2026-06-29T07:09:11.600567,2026-06-28T21:09:12.000608+00:00,99.2,200,bid,,,11565676
2026-06-29T07:09:14.429294,2026-06-28T21:09:14.827299+00:00,99.3,5,bid,,,11565740
2026-06-29T07:09:14.429294,2026-06-28T21:09:14.827299+00:00,99.3,200,bid,,,11565741
2026-06-29T07:09:15.226607,2026-06-28T21:09:15.619299+00:00,99.3,200,ask,,,11565765
2026-06-29T07:09:18.363480,2026-06-28T21:09:18.763099+00:00,99.1,200,ask,,,11565835
2026-06-29T07:09:20.062583,2026-06-28T21:09:20.457120+00:00,99.0,1,ask,,,11565861
2026-06-29T07:09:20.062583,2026-06-28T21:09:20.457120+00:00,99.0,199,ask,,,11565862
2026-06-29T07:09:22.289926,2026-06-28T21:09:22.690119+00:00,99.1,200,bid,,,11565896
2026-06-29T07:09:22.480405,2026-06-28T21:09:22.909673+00:00,99.2,200,ask,,,11565902
2026-06-29T07:09:23.687523,2026-06-28T21:09:24.086664+00:00,99.2,200,bid,,,11565920
2026-06-29T07:09:27.563646,2026-06-28T21:09:27.957827+00:00,99.0,2,ask,,,11565970
2026-06-29T07:09:27.563646,2026-06-28T21:09:27.957827+00:00,99.0,200,ask,,,11565971
2026-06-29T07:09:27.563646,2026-06-28T21:09:27.957827+00:00,98.9,423,ask,,,11565972
2026-06-29T07:09:28.557364,2026-06-28T21:09:28.947827+00:00,99.0,8,ask,,,11565992
2026-06-29T07:09:28.871495,2026-06-28T21:09:29.266826+00:00,99.0,192,bid,,,11565997
2026-06-29T07:09:29.785444,2026-06-28T21:09:30.179826+00:00,99.1,200,ask,,,11566014
2026-06-29T07:09:32.806036,2026-06-28T21:09:33.204546+00:00,99.0,200,ask,,,11566077
2026-06-29T07:09:32.806036,2026-06-28T21:09:33.204546+00:00,98.9,6,ask,,,11566078
2026-06-29T07:09:33.449412,2026-06-28T21:09:33.842574+00:00,98.8,20,bid,,,11566089
2026-06-29T07:09:33.962984,2026-06-28T21:09:34.359565+00:00,98.8,399,bid,,,11566103
2026-06-29T07:09:34.116112,2026-06-28T21:09:34.513574+00:00,98.9,200,bid,,,11566112
2026-06-29T07:09:35.824283,2026-06-28T21:09:36.217673+00:00,99.0,200,ask,,,11566151
2026-06-29T07:09:36.742053,2026-06-28T21:09:37.141664+00:00,98.9,9,ask,,,11566162
2026-06-29T07:09:39.451016,2026-06-28T21:09:39.847369+00:00,98.8,9,ask,,,11566202
2026-06-29T07:09:39.451016,2026-06-28T21:09:39.847369+00:00,98.8,191,ask,,,11566203
2026-06-29T07:09:41.962873,2026-06-28T21:09:42.355389+00:00,98.9,20,bid,,,11566236
2026-06-29T07:09:41.983376,2026-06-28T21:09:42.377389+00:00,98.8,7,ask,,,11566241
2026-06-29T07:09:44.297389,2026-06-28T21:09:44.697462+00:00,98.7,4,ask,,,11566278
2026-06-29T07:09:44.316990,2026-06-28T21:09:44.708462+00:00,98.6,20,ask,,,11566279
2026-06-29T07:09:44.604189,2026-06-28T21:09:45.005462+00:00,98.7,196,bid,,,11566284
2026-06-29T07:09:48.558684,2026-06-28T21:09:48.954136+00:00,98.8,200,ask,,,11566353
2026-06-29T07:09:49.099311,2026-06-28T21:09:49.493136+00:00,98.8,425,bid,,,11566366
2026-06-29T07:09:49.868613,2026-06-28T21:09:50.263137+00:00,98.9,200,bid,,,11566381
2026-06-29T07:09:49.868613,2026-06-28T21:09:50.263137+00:00,99.1,2,bid,,,11566382
2026-06-29T07:09:52.496478,2026-06-28T21:09:52.891694+00:00,99.2,200,ask,,,11566432
2026-06-29T07:09:55.108517,2026-06-28T21:09:55.509229+00:00,99.2,9,bid,,,11566484
2026-06-29T07:09:55.108517,2026-06-28T21:09:55.509229+00:00,99.2,500,bid,,,11566485
2026-06-29T07:09:55.151512,2026-06-28T21:09:55.542229+00:00,99.2,116,ask,,,11566486
2026-06-29T07:09:56.408076,2026-06-28T21:09:56.806780+00:00,99.1,10,bid,,,11566519
2026-06-29T07:09:57.731725,2026-06-28T21:09:58.125370+00:00,99.1,200,ask,,,11566540
2026-06-29T07:09:58.393133,2026-06-28T21:09:58.785370+00:00,98.9,20,ask,,,11566546
2026-06-29T07:10:01.668455,2026-06-28T21:10:02.062904+00:00,99.2,10,bid,,,11566606
2026-06-29T07:10:01.668455,2026-06-28T21:10:02.062904+00:00,99.3,500,bid,,,11566607
2026-06-29T07:10:01.668455,2026-06-28T21:10:02.062904+00:00,99.3,115,bid,,,11566608
2026-06-29T07:10:02.988107,2026-06-28T21:10:03.382006+00:00,99.1,200,ask,,,11566633
2026-06-29T07:10:04.883034,2026-06-28T21:10:05.274014+00:00,99.1,200,ask,,,11566663
2026-06-29T07:10:08.228518,2026-06-28T21:10:08.626928+00:00,99.2,5,bid,,,11566736
2026-06-29T07:10:08.515984,2026-06-28T21:10:08.912928+00:00,99.2,200,ask,,,11566739
2026-06-29T07:10:14.580751,2026-06-28T21:10:14.973279+00:00,99.1,200,bid,,,11566867
2026-06-29T07:10:16.101682,2026-06-28T21:10:16.501837+00:00,99.0,200,ask,,,11566897
2026-06-29T07:10:16.129494,2026-06-28T21:10:16.523837+00:00,98.9,20,ask,,,11566898
2026-06-29T07:10:16.406955,2026-06-28T21:10:16.798947+00:00,99.0,20,bid,,,11566902
2026-06-29T07:10:17.407381,2026-06-28T21:10:17.799493+00:00,98.9,200,bid,,,11566916
2026-06-29T07:10:18.214258,2026-06-28T21:10:18.613501+00:00,98.9,200,ask,,,11566929
2026-06-29T07:10:21.675996,2026-06-28T21:10:22.067055+00:00,99.1,17,bid,,,11566978
2026-06-29T07:10:21.675996,2026-06-28T21:10:22.078055+00:00,99.1,3,bid,,,11566979
2026-06-29T07:10:22.813219,2026-06-28T21:10:23.211167+00:00,98.9,25,bid,,,11566994
2026-06-29T07:10:23.025021,2026-06-28T21:10:23.420166+00:00,98.9,25,bid,,,11566997
2026-06-29T07:10:23.234656,2026-06-28T21:10:23.629167+00:00,98.9,25,bid,,,11567001
2026-06-29T07:10:23.443147,2026-06-28T21:10:23.838167+00:00,98.9,25,bid,,,11567004
2026-06-29T07:10:23.594062,2026-06-28T21:10:23.992166+00:00,98.9,500,bid,,,11567006
2026-06-29T07:10:23.651798,2026-06-28T21:10:24.047167+00:00,98.9,25,bid,,,11567008
2026-06-29T07:10:23.952808,2026-06-28T21:10:24.344167+00:00,99.0,200,bid,,,11567020
2026-06-29T07:10:25.462980,2026-06-28T21:10:25.862187+00:00,99.0,200,ask,,,11567063
2026-06-29T07:10:28.070350,2026-06-28T21:10:28.467372+00:00,98.9,25,bid,,,11567110
2026-06-29T07:10:28.281208,2026-06-28T21:10:28.676362+00:00,98.9,25,bid,,,11567115
2026-06-29T07:10:28.496657,2026-06-28T21:10:28.896372+00:00,98.9,25,bid,,,11567120
2026-06-29T07:10:29.045984,2026-06-28T21:10:29.435363+00:00,98.9,500,bid,,,11567132
2026-06-29T07:10:29.197654,2026-06-28T21:10:29.600132+00:00,98.9,200,bid,,,11567142
2026-06-29T07:10:29.197654,2026-06-28T21:10:29.600132+00:00,99.1,4,bid,,,11567143
2026-06-29T07:10:30.383390,2026-06-28T21:10:30.777141+00:00,99.1,200,ask,,,11567159
2026-06-29T07:10:32.245890,2026-06-28T21:10:32.636141+00:00,98.9,20,bid,,,11567199
2026-06-29T07:10:32.968673,2026-06-28T21:10:33.361242+00:00,98.9,20,bid,,,11567208
2026-06-29T07:10:33.130810,2026-06-28T21:10:33.526242+00:00,98.8,2,ask,,,11567211
2026-06-29T07:10:33.130810,2026-06-28T21:10:33.526242+00:00,98.8,200,ask,,,11567212
2026-06-29T07:10:34.438273,2026-06-28T21:10:34.835251+00:00,98.8,200,bid,,,11567249
2026-06-29T07:10:35.223728,2026-06-28T21:10:35.616251+00:00,98.9,200,ask,,,11567261
2026-06-29T07:10:36.916782,2026-06-28T21:10:37.309851+00:00,98.8,25,ask,,,11567297
2026-06-29T07:10:37.067009,2026-06-28T21:10:37.463851+00:00,98.8,500,ask,,,11567301
2026-06-29T07:10:37.067009,2026-06-28T21:10:37.463851+00:00,98.7,2,ask,,,11567302
2026-06-29T07:10:37.067009,2026-06-28T21:10:37.463851+00:00,98.7,123,ask,,,11567303
2026-06-29T07:10:37.728610,2026-06-28T21:10:38.123129+00:00,98.8,25,ask,,,11567321
2026-06-29T07:10:37.937839,2026-06-28T21:10:38.332129+00:00,98.8,25,ask,,,11567329
2026-06-29T07:10:38.151796,2026-06-28T21:10:38.552129+00:00,98.9,200,bid,,,11567335
2026-06-29T07:10:38.349071,2026-06-28T21:10:38.739129+00:00,98.9,25,ask,,,11567343
2026-06-29T07:10:38.376396,2026-06-28T21:10:38.772128+00:00,98.9,275,ask,,,11567347
2026-06-29T07:10:38.559193,2026-06-28T21:10:38.959128+00:00,98.8,9,ask,,,11567352
2026-06-29T07:10:38.747905,2026-06-28T21:10:39.146128+00:00,98.9,350,bid,,,11567354
2026-06-29T07:10:38.770851,2026-06-28T21:10:39.168129+00:00,98.9,25,ask,,,11567356
2026-06-29T07:10:38.979426,2026-06-28T21:10:39.377129+00:00,99.0,16,ask,,,11567369
2026-06-29T07:10:39.189008,2026-06-28T21:10:39.586128+00:00,99.0,25,ask,,,11567374
2026-06-29T07:10:39.397341,2026-06-28T21:10:39.795148+00:00,99.0,25,ask,,,11567381
2026-06-29T07:10:40.990271,2026-06-28T21:10:41.390148+00:00,99.1,200,bid,,,11567419
2026-06-29T07:10:41.273693,2026-06-28T21:10:41.665149+00:00,99.1,200,ask,,,11567423
2026-06-29T07:10:43.692288,2026-06-28T21:10:44.084288+00:00,99.0,200,ask,,,11567463
2026-06-29T07:10:45.019260,2026-06-28T21:10:45.414821+00:00,99.1,25,bid,,,11567486
2026-06-29T07:10:45.229322,2026-06-28T21:10:45.623821+00:00,99.1,25,bid,,,11567492
2026-06-29T07:10:45.453689,2026-06-28T21:10:45.854821+00:00,99.1,5,bid,,,11567499
2026-06-29T07:10:46.263102,2026-06-28T21:10:46.657367+00:00,99.2,1,bid,,,11567515
2026-06-29T07:10:46.263102,2026-06-28T21:10:46.657367+00:00,99.2,24,bid,,,11567516
2026-06-29T07:10:46.472403,2026-06-28T21:10:46.866367+00:00,99.2,25,bid,,,11567518
2026-06-29T07:10:46.680386,2026-06-28T21:10:47.075367+00:00,99.2,25,bid,,,11567524
2026-06-29T07:10:47.775921,2026-06-28T21:10:48.173673+00:00,99.1,20,ask,,,11567539
2026-06-29T07:10:48.522369,2026-06-28T21:10:48.921673+00:00,99.2,4,bid,,,11567562
2026-06-29T07:10:48.522369,2026-06-28T21:10:48.921673+00:00,99.3,196,bid,,,11567563
2026-06-29T07:10:49.730701,2026-06-28T21:10:50.131198+00:00,99.3,6,bid,,,11567595
2026-06-29T07:10:53.398138,2026-06-28T21:10:53.791986+00:00,99.4,2,bid,,,11567657
2026-06-29T07:10:55.776062,2026-06-28T21:10:56.167520+00:00,99.2,200,ask,,,11567715
2026-06-29T07:10:56.984660,2026-06-28T21:10:57.377529+00:00,99.2,200,ask,,,11567733
2026-06-29T07:10:59.360128,2026-06-28T21:10:59.752008+00:00,99.1,200,ask,,,11567779
2026-06-29T07:10:59.512020,2026-06-28T21:10:59.906008+00:00,99.1,7,bid,,,11567787
2026-06-29T07:11:01.846576,2026-06-28T21:11:02.237523+00:00,99.0,4,ask,,,11567830
2026-06-29T07:11:01.846576,2026-06-28T21:11:02.248523+00:00,99.0,196,ask,,,11567831
2026-06-29T07:11:02.510120,2026-06-28T21:11:02.908659+00:00,98.9,20,ask,,,11567850
2026-06-29T07:11:03.289673,2026-06-28T21:11:03.689660+00:00,99.0,500,ask,,,11567864
2026-06-29T07:11:03.289673,2026-06-28T21:11:03.689660+00:00,98.9,125,ask,,,11567865
2026-06-29T07:11:04.275202,2026-06-28T21:11:04.671659+00:00,99.0,200,ask,,,11567882
2026-06-29T07:11:07.233359,2026-06-28T21:11:07.629771+00:00,99.2,200,bid,,,11567936
2026-06-29T07:11:09.115744,2026-06-28T21:11:09.520553+00:00,99.3,200,bid,,,11567979
2026-06-29T07:11:13.808538,2026-06-28T21:11:14.205887+00:00,99.3,200,bid,,,11568069
2026-06-29T07:11:14.945624,2026-06-28T21:11:15.338887+00:00,99.3,25,ask,,,11568095
2026-06-29T07:11:15.157764,2026-06-28T21:11:15.547887+00:00,99.2,25,ask,,,11568100
2026-06-29T07:11:15.370295,2026-06-28T21:11:15.767887+00:00,99.2,25,ask,,,11568107
2026-06-29T07:11:15.578777,2026-06-28T21:11:15.976887+00:00,99.2,25,ask,,,11568116
2026-06-29T07:11:15.790646,2026-06-28T21:11:16.185442+00:00,99.2,25,ask,,,11568124
2026-06-29T07:11:17.594870,2026-06-28T21:11:17.988710+00:00,99.1,200,ask,,,11568142
2026-06-29T07:11:19.048320,2026-06-28T21:11:19.440730+00:00,99.0,200,ask,,,11568164
2026-06-29T07:11:19.304358,2026-06-28T21:11:19.704730+00:00,99.0,425,bid,,,11568166
2026-06-29T07:11:20.353505,2026-06-28T21:11:20.749730+00:00,99.2,200,bid,,,11568185
2026-06-29T07:11:20.608232,2026-06-28T21:11:21.002730+00:00,99.2,7,ask,,,11568191
2026-06-29T07:11:21.213918,2026-06-28T21:11:21.607730+00:00,99.2,200,ask,,,11568206
2026-06-29T07:11:26.904956,2026-06-28T21:11:27.303997+00:00,99.2,200,bid,,,11568291
2026-06-29T07:11:29.533409,2026-06-28T21:11:29.932254+00:00,99.1,200,ask,,,11568328
2026-06-29T07:11:29.664821,2026-06-28T21:11:30.064262+00:00,99.1,200,bid,,,11568332
2026-06-29T07:11:30.874736,2026-06-28T21:11:31.274282+00:00,99.1,200,ask,,,11568345
2026-06-29T07:11:32.082737,2026-06-28T21:11:32.473283+00:00,99.1,200,ask,,,11568370
2026-06-29T07:11:33.464592,2026-06-28T21:11:33.858070+00:00,99.0,2,ask,,,11568386
2026-06-29T07:11:33.464592,2026-06-28T21:11:33.858070+00:00,99.0,200,ask,,,11568387
2026-06-29T07:11:34.499278,2026-06-28T21:11:34.892078+00:00,98.9,5,ask,,,11568419
2026-06-29T07:11:35.040429,2026-06-28T21:11:35.453079+00:00,98.9,195,bid,,,11568435
2026-06-29T07:11:35.709972,2026-06-28T21:11:36.101172+00:00,98.9,200,ask,,,11568445
2026-06-29T07:11:36.080336,2026-06-28T21:11:36.486172+00:00,98.9,300,ask,,,11568450
2026-06-29T07:11:36.169885,2026-06-28T21:11:36.563172+00:00,98.9,20,bid,,,11568453
2026-06-29T07:11:36.238586,2026-06-28T21:11:36.629164+00:00,98.9,305,bid,,,11568454
2026-06-29T07:11:39.353037,2026-06-28T21:11:39.752284+00:00,99.1,200,ask,,,11568495
2026-06-29T07:11:41.769691,2026-06-28T21:11:42.161284+00:00,99.2,200,bid,,,11568530
2026-06-29T07:11:44.260931,2026-06-28T21:11:44.658423+00:00,99.2,5,ask,,,11568566
2026-06-29T07:11:45.400958,2026-06-28T21:11:45.801957+00:00,99.3,1,bid,,,11568583
2026-06-29T07:11:45.400958,2026-06-28T21:11:45.801957+00:00,99.3,199,bid,,,11568584
2026-06-29T07:11:47.826407,2026-06-28T21:11:48.220542+00:00,99.2,200,bid,,,11568633
2026-06-29T07:11:49.035406,2026-06-28T21:11:49.430542+00:00,99.3,200,bid,,,11568647
2026-06-29T07:11:49.210568,2026-06-28T21:11:49.606542+00:00,99.4,500,bid,,,11568654
2026-06-29T07:11:49.596122,2026-06-28T21:11:49.991533+00:00,99.4,125,ask,,,11568656
2026-06-29T07:11:50.764752,2026-06-28T21:11:51.157541+00:00,99.1,20,ask,,,11568673
2026-06-29T07:11:51.238094,2026-06-28T21:11:51.630542+00:00,99.1,20,ask,,,11568682
2026-06-29T07:11:55.773816,2026-06-28T21:11:56.172718+00:00,99.2,200,ask,,,11568733
2026-06-29T07:11:59.697628,2026-06-28T21:12:00.088025+00:00,99.1,500,ask,,,11568808
2026-06-29T07:11:59.867320,2026-06-28T21:12:00.264025+00:00,99.1,125,bid,,,11568812
2026-06-29T07:11:59.929727,2026-06-28T21:12:00.330025+00:00,99.1,200,ask,,,11568817
2026-06-29T07:12:02.337942,2026-06-28T21:12:02.738558+00:00,99.2,200,bid,,,11568854
2026-06-29T07:12:02.337942,2026-06-28T21:12:02.738558+00:00,99.3,2,bid,,,11568855
2026-06-29T07:12:02.341691,2026-06-28T21:12:02.738558+00:00,99.3,20,ask,,,11568856
2026-06-29T07:12:02.357940,2026-06-28T21:12:02.749559+00:00,99.3,200,ask,,,11568859
2026-06-29T07:12:04.790900,2026-06-28T21:12:05.183667+00:00,99.2,200,ask,,,11568903
2026-06-29T07:12:07.208841,2026-06-28T21:12:07.603241+00:00,99.4,2,bid,,,11568949
2026-06-29T07:12:08.432050,2026-06-28T21:12:08.834493+00:00,99.5,200,bid,,,11568966
2026-06-29T07:12:08.894042,2026-06-28T21:12:09.285493+00:00,99.5,1,bid,,,11568982
2026-06-29T07:12:11.606128,2026-06-28T21:12:12.002493+00:00,99.5,20,bid,,,11569036
2026-06-29T07:12:12.065273,2026-06-28T21:12:12.464513+00:00,99.5,200,bid,,,11569042
2026-06-29T07:12:14.147394,2026-06-28T21:12:14.542871+00:00,99.5,200,ask,,,11569086
2026-06-29T07:12:15.454509,2026-06-28T21:12:15.851871+00:00,99.5,200,bid,,,11569113
2026-06-29T07:12:20.551617,2026-06-28T21:12:20.943189+00:00,99.6,1,bid,,,11569237
2026-06-29T07:12:22.009755,2026-06-28T21:12:22.406209+00:00,99.7,1,bid,,,11569266
2026-06-29T07:12:22.009755,2026-06-28T21:12:22.417210+00:00,99.7,200,bid,,,11569267
2026-06-29T07:12:22.977454,2026-06-28T21:12:23.373325+00:00,99.7,200,ask,,,11569295
2026-06-29T07:12:23.595437,2026-06-28T21:12:23.989325+00:00,99.6,20,ask,,,11569308
2026-06-29T07:12:25.933413,2026-06-28T21:12:26.331935+00:00,99.7,200,ask,,,11569358
2026-06-29T07:12:25.949833,2026-06-28T21:12:26.342935+00:00,99.7,300,bid,,,11569360
2026-06-29T07:12:26.530104,2026-06-28T21:12:26.925935+00:00,99.7,325,ask,,,11569368
2026-06-29T07:12:26.597349,2026-06-28T21:12:26.991935+00:00,99.7,175,bid,,,11569372
2026-06-29T07:12:27.134081,2026-06-28T21:12:27.530469+00:00,99.7,25,ask,,,11569379
2026-06-29T07:12:27.803683,2026-06-28T21:12:28.200589+00:00,99.5,200,bid,,,11569388
2026-06-29T07:12:28.579824,2026-06-28T21:12:28.970588+00:00,99.4,12,ask,,,11569398
2026-06-29T07:12:29.015443,2026-06-28T21:12:29.410589+00:00,99.4,200,bid,,,11569403
2026-06-29T07:12:30.223879,2026-06-28T21:12:30.620588+00:00,99.4,200,bid,,,11569429
2026-06-29T07:12:35.151455,2026-06-28T21:12:35.548725+00:00,99.4,200,ask,,,11569512
2026-06-29T07:12:35.151455,2026-06-28T21:12:35.548725+00:00,99.3,1,ask,,,11569513
2026-06-29T07:12:36.276064,2026-06-28T21:12:36.670339+00:00,99.2,200,bid,,,11569525
2026-06-29T07:12:39.907023,2026-06-28T21:12:40.298599+00:00,99.4,200,bid,,,11569586
2026-06-29T07:12:39.951517,2026-06-28T21:12:40.353598+00:00,99.3,1,ask,,,11569587
2026-06-29T07:12:40.397459,2026-06-28T21:12:40.793131+00:00,99.4,500,bid,,,11569595
2026-06-29T07:12:40.469886,2026-06-28T21:12:40.870131+00:00,99.4,125,ask,,,11569597
2026-06-29T07:12:41.115123,2026-06-28T21:12:41.508131+00:00,99.3,2,ask,,,11569613
2026-06-29T07:12:45.953930,2026-06-28T21:12:46.347268+00:00,99.2,200,bid,,,11569687
2026-06-29T07:12:46.489492,2026-06-28T21:12:46.886270+00:00,99.0,20,ask,,,11569696
2026-06-29T07:12:47.162530,2026-06-28T21:12:47.557280+00:00,99.2,200,bid,,,11569709
2026-06-29T07:12:50.796456,2026-06-28T21:12:51.197530+00:00,99.3,200,bid,,,11569751
2026-06-29T07:12:53.223794,2026-06-28T21:12:53.617662+00:00,99.3,200,bid,,,11569775
2026-06-29T07:12:54.442814,2026-06-28T21:12:54.838203+00:00,99.3,200,ask,,,11569792
2026-06-29T07:12:54.944265,2026-06-28T21:12:55.344204+00:00,99.4,20,bid,,,11569797
2026-06-29T07:13:01.471101,2026-06-28T21:13:01.866012+00:00,99.4,20,bid,,,11569914
2026-06-29T07:13:01.715478,2026-06-28T21:13:02.107546+00:00,99.4,200,bid,,,11569918
2026-06-29T07:13:02.552360,2026-06-28T21:13:02.953675+00:00,99.4,20,bid,,,11569942
2026-06-29T07:13:04.022091,2026-06-28T21:13:04.427666+00:00,99.2,3,ask,,,11569968
2026-06-29T07:13:04.022091,2026-06-28T21:13:04.427666+00:00,99.2,200,ask,,,11569969
2026-06-29T07:13:04.140210,2026-06-28T21:13:04.537666+00:00,99.2,200,bid,,,11569973
2026-06-29T07:13:05.331248,2026-06-28T21:13:05.725675+00:00,99.3,500,bid,,,11569998
2026-06-29T07:13:05.880159,2026-06-28T21:13:06.275715+00:00,99.3,125,ask,,,11570003
2026-06-29T07:13:05.880159,2026-06-28T21:13:06.275715+00:00,99.2,200,ask,,,11570004
2026-06-29T07:13:07.963861,2026-06-28T21:13:08.366952+00:00,99.1,2,ask,,,11570042
2026-06-29T07:13:07.963861,2026-06-28T21:13:08.366952+00:00,99.1,200,ask,,,11570043
2026-06-29T07:13:08.704301,2026-06-28T21:13:09.103952+00:00,99.1,20,bid,,,11570058
2026-06-29T07:13:08.980624,2026-06-28T21:13:09.378952+00:00,99.1,200,bid,,,11570064
2026-06-29T07:13:10.136273,2026-06-28T21:13:10.533485+00:00,99.2,500,ask,,,11570086
2026-06-29T07:13:10.584412,2026-06-28T21:13:10.984485+00:00,99.1,200,ask,,,11570093
2026-06-29T07:13:11.399991,2026-06-28T21:13:11.798485+00:00,99.0,1,ask,,,11570103
2026-06-29T07:13:11.890392,2026-06-28T21:13:12.282485+00:00,99.0,199,bid,,,11570113
2026-06-29T07:13:12.547297,2026-06-28T21:13:12.942316+00:00,99.1,2,ask,,,11570123
2026-06-29T07:13:13.202986,2026-06-28T21:13:13.602329+00:00,99.0,200,ask,,,11570139
2026-06-29T07:13:13.202986,2026-06-28T21:13:13.602329+00:00,99.0,2,ask,,,11570140
2026-06-29T07:13:13.823045,2026-06-28T21:13:14.218329+00:00,98.9,2,ask,,,11570151
2026-06-29T07:13:16.241871,2026-06-28T21:13:16.637896+00:00,98.8,1,ask,,,11570211
2026-06-29T07:13:16.241871,2026-06-28T21:13:16.637896+00:00,98.7,199,ask,,,11570212
2026-06-29T07:13:17.119231,2026-06-28T21:13:17.517906+00:00,98.9,20,bid,,,11570226
2026-06-29T07:13:17.144928,2026-06-28T21:13:17.539906+00:00,98.8,2,ask,,,11570231
2026-06-29T07:13:18.465810,2026-06-28T21:13:18.858559+00:00,98.7,200,bid,,,11570255
2026-06-29T07:13:22.293664,2026-06-28T21:13:22.685550+00:00,98.7,200,ask,,,11570332
2026-06-29T07:13:23.500417,2026-06-28T21:13:23.894038+00:00,98.7,200,ask,,,11570362
2026-06-29T07:13:23.715488,2026-06-28T21:13:24.114038+00:00,98.8,10,ask,,,11570365
2026-06-29T07:13:24.704630,2026-06-28T21:13:25.104038+00:00,98.6,200,bid,,,11570376
2026-06-29T07:13:25.911616,2026-06-28T21:13:26.302603+00:00,98.6,200,bid,,,11570413
2026-06-29T07:13:26.668817,2026-06-28T21:13:27.061624+00:00,98.5,20,bid,,,11570427
2026-06-29T07:13:27.118126,2026-06-28T21:13:27.523624+00:00,98.5,200,bid,,,11570442
2026-06-29T07:13:28.970857,2026-06-28T21:13:29.370763+00:00,98.6,200,ask,,,11570489
2026-06-29T07:13:30.760978,2026-06-28T21:13:31.163783+00:00,98.6,200,bid,,,11570521
2026-06-29T07:13:30.990304,2026-06-28T21:13:31.383783+00:00,98.5,8,ask,,,11570526
2026-06-29T07:13:32.907433,2026-06-28T21:13:33.308422+00:00,98.6,200,ask,,,11570555
2026-06-29T07:13:33.150048,2026-06-28T21:13:33.550432+00:00,98.6,425,bid,,,11570557
2026-06-29T07:13:33.185057,2026-06-28T21:13:33.583431+00:00,98.6,75,ask,,,11570561
2026-06-29T07:13:33.185057,2026-06-28T21:13:33.583431+00:00,98.5,4,ask,,,11570562
2026-06-29T07:13:33.747122,2026-06-28T21:13:34.144422+00:00,98.5,121,bid,,,11570573
2026-06-29T07:13:33.940674,2026-06-28T21:13:34.342422+00:00,98.6,20,ask,,,11570583
2026-06-29T07:13:34.215640,2026-06-28T21:13:34.606323+00:00,98.8,2,bid,,,11570589
2026-06-29T07:13:34.398677,2026-06-28T21:13:34.793332+00:00,98.8,200,ask,,,11570593
2026-06-29T07:13:36.820085,2026-06-28T21:13:37.223427+00:00,98.7,200,bid,,,11570635
2026-06-29T07:13:38.191249,2026-06-28T21:13:38.585972+00:00,98.6,20,ask,,,11570669
2026-06-29T07:13:39.982707,2026-06-28T21:13:40.378972+00:00,98.9,4,bid,,,11570695
2026-06-29T07:13:39.982707,2026-06-28T21:13:40.378972+00:00,98.9,16,bid,,,11570696
2026-06-29T07:13:41.658363,2026-06-28T21:13:42.050972+00:00,98.8,200,ask,,,11570731
2026-06-29T07:13:42.089827,2026-06-28T21:13:42.490972+00:00,98.8,300,ask,,,11570743
2026-06-29T07:13:42.208799,2026-06-28T21:13:42.600973+00:00,98.8,325,bid,,,11570747
2026-06-29T07:13:42.887020,2026-06-28T21:13:43.282120+00:00,98.8,200,ask,,,11570761
2026-06-29T07:13:43.395867,2026-06-28T21:13:43.799128+00:00,98.9,2,bid,,,11570768
2026-06-29T07:13:44.096515,2026-06-28T21:13:44.492128+00:00,98.9,200,ask,,,11570789
2026-06-29T07:13:44.712059,2026-06-28T21:13:45.108470+00:00,98.8,500,ask,,,11570810
2026-06-29T07:13:44.712059,2026-06-28T21:13:45.108470+00:00,98.7,125,ask,,,11570811
2026-06-29T07:13:46.461547,2026-06-28T21:13:46.857025+00:00,98.9,200,bid,,,11570844
2026-06-29T07:13:46.461547,2026-06-28T21:13:46.857025+00:00,98.9,300,bid,,,11570845
2026-06-29T07:13:46.511708,2026-06-28T21:13:46.912025+00:00,98.9,200,bid,,,11570854
2026-06-29T07:13:46.704866,2026-06-28T21:13:47.099025+00:00,98.9,25,bid,,,11570858
2026-06-29T07:13:46.917190,2026-06-28T21:13:47.319024+00:00,98.9,25,bid,,,11570863
2026-06-29T07:13:47.126997,2026-06-28T21:13:47.528025+00:00,98.9,25,bid,,,11570874
2026-06-29T07:13:47.723157,2026-06-28T21:13:48.120636+00:00,99.0,5,bid,,,11570881
2026-06-29T07:13:50.139905,2026-06-28T21:13:50.540169+00:00,99.0,200,ask,,,11570924
2026-06-29T07:13:50.342950,2026-06-28T21:13:50.738161+00:00,99.1,5,bid,,,11570930
2026-06-29T07:13:50.758454,2026-06-28T21:13:51.156169+00:00,99.1,4,bid,,,11570934
2026-06-29T07:13:50.967335,2026-06-28T21:13:51.365169+00:00,99.1,4,bid,,,11570939
2026-06-29T07:13:51.359666,2026-06-28T21:13:51.761169+00:00,99.0,200,ask,,,11570959
2026-06-29T07:13:51.777405,2026-06-28T21:13:52.168169+00:00,99.1,1,bid,,,11570964
2026-06-29T07:13:51.849732,2026-06-28T21:13:52.245169+00:00,99.2,20,bid,,,11570965
2026-06-29T07:13:52.187552,2026-06-28T21:13:52.586169+00:00,99.1,1,bid,,,11570968
2026-06-29T07:13:52.579097,2026-06-28T21:13:52.970435+00:00,99.0,500,ask,,,11570972
2026-06-29T07:13:52.596523,2026-06-28T21:13:52.992434+00:00,99.0,25,bid,,,11570974
2026-06-29T07:13:52.805769,2026-06-28T21:13:53.201425+00:00,99.0,10,bid,,,11570977
2026-06-29T07:13:53.015779,2026-06-28T21:13:53.410434+00:00,99.0,25,bid,,,11570981
2026-06-29T07:13:53.225636,2026-06-28T21:13:53.619434+00:00,99.0,25,bid,,,11570984
2026-06-29T07:13:53.726690,2026-06-28T21:13:54.125435+00:00,99.0,40,bid,,,11570993
2026-06-29T07:13:53.780534,2026-06-28T21:13:54.180434+00:00,99.0,200,ask,,,11570994
2026-06-29T07:13:54.325480,2026-06-28T21:13:54.719435+00:00,99.1,2,bid,,,11571002
2026-06-29T07:13:54.987326,2026-06-28T21:13:55.378912+00:00,99.2,200,bid,,,11571017
2026-06-29T07:13:55.191267,2026-06-28T21:13:55.587912+00:00,99.2,1,bid,,,11571021
2026-06-29T07:13:55.191267,2026-06-28T21:13:55.587912+00:00,99.4,200,bid,,,11571022
2026-06-29T07:13:56.196530,2026-06-28T21:13:56.588489+00:00,99.4,200,ask,,,11571042
2026-06-29T07:13:56.640823,2026-06-28T21:13:57.039489+00:00,99.4,25,bid,,,11571055
2026-06-29T07:13:57.402059,2026-06-28T21:13:57.797605+00:00,99.3,1,bid,,,11571078
2026-06-29T07:13:57.423833,2026-06-28T21:13:57.819605+00:00,99.4,20,bid,,,11571080
2026-06-29T07:13:59.117834,2026-06-28T21:13:59.513624+00:00,99.3,200,ask,,,11571117
2026-06-29T07:13:59.815736,2026-06-28T21:14:00.206624+00:00,99.3,200,bid,,,11571130
2026-06-29T07:14:02.775937,2026-06-28T21:14:03.176294+00:00,99.6,20,bid,,,11571182
2026-06-29T07:14:03.052555,2026-06-28T21:14:03.451295+00:00,99.4,200,ask,,,11571191
2026-06-29T07:14:03.466221,2026-06-28T21:14:03.858294+00:00,99.3,200,bid,,,11571198
2026-06-29T07:14:04.363169,2026-06-28T21:14:04.760294+00:00,99.3,2,bid,,,11571213
2026-06-29T07:14:04.771288,2026-06-28T21:14:05.167295+00:00,99.4,20,ask,,,11571219
2026-06-29T07:14:05.891656,2026-06-28T21:14:06.288869+00:00,99.5,200,bid,,,11571252
2026-06-29T07:14:08.303214,2026-06-28T21:14:08.697110+00:00,99.4,200,ask,,,11571296
2026-06-29T07:14:09.534097,2026-06-28T21:14:09.929101+00:00,99.4,200,bid,,,11571324
2026-06-29T07:14:09.621424,2026-06-28T21:14:10.017110+00:00,99.5,500,bid,,,11571330
2026-06-29T07:14:09.668609,2026-06-28T21:14:10.061110+00:00,99.5,25,ask,,,11571331
2026-06-29T07:14:09.796135,2026-06-28T21:14:10.193110+00:00,99.7,20,bid,,,11571337
2026-06-29T07:14:09.879770,2026-06-28T21:14:10.281110+00:00,99.5,25,ask,,,11571340
2026-06-29T07:14:10.095701,2026-06-28T21:14:10.490110+00:00,99.5,75,ask,,,11571342
2026-06-29T07:14:10.929027,2026-06-28T21:14:11.326130+00:00,99.4,200,ask,,,11571362
2026-06-29T07:14:11.934009,2026-06-28T21:14:12.327121+00:00,99.4,25,bid,,,11571378
2026-06-29T07:14:11.956630,2026-06-28T21:14:12.349121+00:00,99.4,200,bid,,,11571379
2026-06-29T07:14:11.979140,2026-06-28T21:14:12.371121+00:00,99.2,20,ask,,,11571383
2026-06-29T07:14:12.150906,2026-06-28T21:14:12.547121+00:00,99.4,25,bid,,,11571390
2026-06-29T07:14:12.243435,2026-06-28T21:14:12.635121+00:00,99.4,2,bid,,,11571392
2026-06-29T07:14:12.243435,2026-06-28T21:14:12.646121+00:00,99.4,500,bid,,,11571393
2026-06-29T07:14:12.261195,2026-06-28T21:14:12.657120+00:00,99.5,20,ask,,,11571394
2026-06-29T07:14:12.508079,2026-06-28T21:14:12.908958+00:00,99.5,103,ask,,,11571400
2026-06-29T07:14:13.164175,2026-06-28T21:14:13.568848+00:00,99.4,200,bid,,,11571406
2026-06-29T07:14:14.863933,2026-06-28T21:14:15.262869+00:00,99.3,200,ask,,,11571441
2026-06-29T07:14:15.586235,2026-06-28T21:14:15.977869+00:00,99.2,200,bid,,,11571457
2026-06-29T07:14:16.796471,2026-06-28T21:14:17.187485+00:00,99.2,200,ask,,,11571474
2026-06-29T07:14:17.509172,2026-06-28T21:14:17.912688+00:00,99.4,2,bid,,,11571483
2026-06-29T07:14:17.509172,2026-06-28T21:14:17.912688+00:00,99.4,500,bid,,,11571484
2026-06-29T07:14:17.566483,2026-06-28T21:14:17.967688+00:00,99.4,25,ask,,,11571486
2026-06-29T07:14:17.774634,2026-06-28T21:14:18.165688+00:00,99.4,25,ask,,,11571489
2026-06-29T07:14:17.986301,2026-06-28T21:14:18.385688+00:00,99.4,25,ask,,,11571492
2026-06-29T07:14:18.003625,2026-06-28T21:14:18.396688+00:00,99.4,48,ask,,,11571495
2026-06-29T07:14:20.911526,2026-06-28T21:14:21.311241+00:00,99.1,5,ask,,,11571538
2026-06-29T07:14:20.911526,2026-06-28T21:14:21.311241+00:00,99.1,15,ask,,,11571539
2026-06-29T07:14:21.444375,2026-06-28T21:14:21.839242+00:00,99.1,185,ask,,,11571543
2026-06-29T07:14:21.444375,2026-06-28T21:14:21.839242+00:00,99.1,4,ask,,,11571544
2026-06-29T07:14:21.634133,2026-06-28T21:14:22.037241+00:00,99.1,2,bid,,,11571549
2026-06-29T07:14:21.647629,2026-06-28T21:14:22.048241+00:00,99.1,200,bid,,,11571552
2026-06-29T07:14:23.888861,2026-06-28T21:14:24.280358+00:00,99.4,20,bid,,,11571585
2026-06-29T07:14:24.074202,2026-06-28T21:14:24.467357+00:00,99.4,200,bid,,,11571588
2026-06-29T07:14:25.369422,2026-06-28T21:14:25.765357+00:00,99.3,200,bid,,,11571613
2026-06-29T07:14:25.369422,2026-06-28T21:14:25.765357+00:00,99.4,425,bid,,,11571614
2026-06-29T07:14:29.950701,2026-06-28T21:14:30.350215+00:00,99.2,20,ask,,,11571672
2026-06-29T07:14:30.118309,2026-06-28T21:14:30.515215+00:00,99.2,200,ask,,,11571679
2026-06-29T07:14:31.324208,2026-06-28T21:14:31.725215+00:00,99.1,200,bid,,,11571708
2026-06-29T07:14:33.260643,2026-06-28T21:14:33.660826+00:00,99.2,25,ask,,,11571744
2026-06-29T07:14:33.471418,2026-06-28T21:14:33.869826+00:00,99.2,25,ask,,,11571748
2026-06-29T07:14:33.684323,2026-06-28T21:14:34.078835+00:00,99.2,25,ask,,,11571753
2026-06-29T07:14:33.894085,2026-06-28T21:14:34.287835+00:00,99.2,25,ask,,,11571758
2026-06-29T07:14:34.108429,2026-06-28T21:14:34.507360+00:00,99.3,25,bid,,,11571762
2026-06-29T07:14:34.355768,2026-06-28T21:14:34.749360+00:00,99.3,25,bid,,,11571767
2026-06-29T07:14:34.791152,2026-06-28T21:14:35.189360+00:00,99.2,20,ask,,,11571777
2026-06-29T07:14:37.136345,2026-06-28T21:14:37.531949+00:00,99.3,200,bid,,,11571806
2026-06-29T07:14:37.405539,2026-06-28T21:14:37.805929+00:00,99.3,200,ask,,,11571817
2026-06-29T07:14:37.943623,2026-06-28T21:14:38.344939+00:00,99.3,225,ask,,,11571826
2026-06-29T07:14:38.055375,2026-06-28T21:14:38.454938+00:00,99.3,20,bid,,,11571828
2026-06-29T07:14:38.448237,2026-06-28T21:14:38.839938+00:00,99.1,200,ask,,,11571832
2026-06-29T07:14:38.448237,2026-06-28T21:14:38.850938+00:00,99.0,8,ask,,,11571833
2026-06-29T07:14:38.572885,2026-06-28T21:14:38.971938+00:00,99.0,5,bid,,,11571838
2026-06-29T07:14:38.611214,2026-06-28T21:14:39.004938+00:00,99.0,200,bid,,,11571839
2026-06-29T07:14:39.582824,2026-06-28T21:14:39.983472+00:00,99.0,5,bid,,,11571858
2026-06-29T07:14:40.727015,2026-06-28T21:14:41.127472+00:00,99.3,20,bid,,,11571890
2026-06-29T07:14:42.236202,2026-06-28T21:14:42.634492+00:00,99.2,200,bid,,,11571920
2026-06-29T07:14:42.473948,2026-06-28T21:14:42.875037+00:00,99.2,20,bid,,,11571926
2026-06-29T07:14:43.689761,2026-06-28T21:14:44.085038+00:00,99.2,200,bid,,,11571952
2026-06-29T07:14:46.308580,2026-06-28T21:14:46.702614+00:00,99.2,200,bid,,,11572008
2026-06-29T07:14:48.927513,2026-06-28T21:14:49.319380+00:00,99.1,200,ask,,,11572063
2026-06-29T07:14:50.005254,2026-06-28T21:14:50.397380+00:00,99.0,25,ask,,,11572090
2026-06-29T07:14:50.214994,2026-06-28T21:14:50.606380+00:00,99.0,25,ask,,,11572095
2026-06-29T07:14:50.425255,2026-06-28T21:14:50.826380+00:00,99.0,25,ask,,,11572102
2026-06-29T07:14:52.507743,2026-06-28T21:14:52.905515+00:00,99.0,20,bid,,,11572144
2026-06-29T07:14:54.176432,2026-06-28T21:14:54.577525+00:00,99.0,200,ask,,,11572174
2026-06-29T07:14:55.483619,2026-06-28T21:14:55.886068+00:00,99.1,200,bid,,,11572191
2026-06-29T07:14:55.483619,2026-06-28T21:14:55.886068+00:00,99.2,11,bid,,,11572192
2026-06-29T07:14:55.899199,2026-06-28T21:14:56.292616+00:00,99.3,11,bid,,,11572201
2026-06-29T07:14:56.793876,2026-06-28T21:14:57.194616+00:00,99.3,9,bid,,,11572218
2026-06-29T07:14:56.847265,2026-06-28T21:14:57.238616+00:00,99.3,5,ask,,,11572219
2026-06-29T07:14:57.056783,2026-06-28T21:14:57.458615+00:00,99.3,5,ask,,,11572224
2026-06-29T07:14:57.971812,2026-06-28T21:14:58.370157+00:00,99.3,200,ask,,,11572253
2026-06-29T07:15:00.395890,2026-06-28T21:15:00.790169+00:00,99.2,200,ask,,,11572291
2026-06-29T07:15:01.605474,2026-06-28T21:15:01.999693+00:00,99.2,200,ask,,,11572317
2026-06-29T07:15:03.334057,2026-06-28T21:15:03.726819+00:00,99.3,500,bid,,,11572352
2026-06-29T07:15:03.334057,2026-06-28T21:15:03.737818+00:00,99.4,4,bid,,,11572353
2026-06-29T07:15:03.334057,2026-06-28T21:15:03.737818+00:00,99.4,121,bid,,,11572354
2026-06-29T07:15:05.260308,2026-06-28T21:15:05.662839+00:00,99.2,200,bid,,,11572380
2026-06-29T07:15:05.278953,2026-06-28T21:15:05.673839+00:00,99.1,1,ask,,,11572381
2026-06-29T07:15:06.971349,2026-06-28T21:15:07.366340+00:00,99.1,2,ask,,,11572416
2026-06-29T07:15:06.971349,2026-06-28T21:15:07.366340+00:00,99.1,18,ask,,,11572417
2026-06-29T07:15:07.259326,2026-06-28T21:15:07.652340+00:00,99.2,200,bid,,,11572425
2026-06-29T07:15:07.984717,2026-06-28T21:15:08.376578+00:00,99.4,8,bid,,,11572439
2026-06-29T07:15:07.984717,2026-06-28T21:15:08.387578+00:00,99.4,12,bid,,,11572440
2026-06-29T07:15:12.494133,2026-06-28T21:15:12.885683+00:00,99.4,5,bid,,,11572518
2026-06-29T07:15:12.676753,2026-06-28T21:15:13.072683+00:00,99.6,20,bid,,,11572529
2026-06-29T07:15:13.174457,2026-06-28T21:15:13.567683+00:00,99.6,20,bid,,,11572543
2026-06-29T07:15:13.687212,2026-06-28T21:15:14.084703+00:00,99.5,200,ask,,,11572548
2026-06-29T07:15:15.120088,2026-06-28T21:15:15.514694+00:00,99.5,500,bid,,,11572581
2026-06-29T07:15:15.516283,2026-06-28T21:15:15.910703+00:00,99.5,125,ask,,,11572584
2026-06-29T07:15:16.150194,2026-06-28T21:15:16.548262+00:00,99.5,1,bid,,,11572597
2026-06-29T07:15:16.429852,2026-06-28T21:15:16.823262+00:00,99.5,199,ask,,,11572600
2026-06-29T07:15:17.360997,2026-06-28T21:15:17.757561+00:00,99.3,200,bid,,,11572624
2026-06-29T07:15:19.782854,2026-06-28T21:15:20.176506+00:00,99.3,200,ask,,,11572667
2026-06-29T07:15:19.936302,2026-06-28T21:15:20.330506+00:00,99.5,1,bid,,,11572668
2026-06-29T07:15:19.936302,2026-06-28T21:15:20.341506+00:00,99.5,19,bid,,,11572669
2026-06-29T07:15:20.991586,2026-06-28T21:15:21.386506+00:00,99.3,200,ask,,,11572686
2026-06-29T07:15:22.171720,2026-06-28T21:15:22.563526+00:00,99.4,500,ask,,,11572708
2026-06-29T07:15:22.768469,2026-06-28T21:15:23.167666+00:00,99.4,125,ask,,,11572720
2026-06-29T07:15:22.978620,2026-06-28T21:15:23.376666+00:00,99.3,200,ask,,,11572722
2026-06-29T07:15:22.978620,2026-06-28T21:15:23.376666+00:00,99.2,8,ask,,,11572723
2026-06-29T07:15:23.406569,2026-06-28T21:15:23.805666+00:00,99.2,200,bid,,,11572728
2026-06-29T07:15:24.622218,2026-06-28T21:15:25.015666+00:00,99.1,4,ask,,,11572751
2026-06-29T07:15:24.622218,2026-06-28T21:15:25.015666+00:00,99.1,196,ask,,,11572752
2026-06-29T07:15:24.864405,2026-06-28T21:15:25.257686+00:00,99.3,20,bid,,,11572758
2026-06-29T07:15:25.596198,2026-06-28T21:15:25.994686+00:00,99.2,2,ask,,,11572769
2026-06-29T07:15:27.477510,2026-06-28T21:15:27.884878+00:00,99.0,20,bid,,,11572801
2026-06-29T07:15:29.558105,2026-06-28T21:15:29.952877+00:00,98.9,6,ask,,,11572832
2026-06-29T07:15:29.558105,2026-06-28T21:15:29.952877+00:00,98.8,500,ask,,,11572833
2026-06-29T07:15:29.558105,2026-06-28T21:15:29.952877+00:00,98.8,119,ask,,,11572834
2026-06-29T07:15:30.411942,2026-06-28T21:15:30.810898+00:00,99.0,20,bid,,,11572848
2026-06-29T07:15:33.977055,2026-06-28T21:15:34.374574+00:00,99.0,20,bid,,,11572910
2026-06-29T07:15:34.801432,2026-06-28T21:15:35.199565+00:00,99.0,200,bid,,,11572929
2026-06-29T07:15:35.512490,2026-06-28T21:15:35.903577+00:00,99.1,200,ask,,,11572942
2026-06-29T07:15:36.117173,2026-06-28T21:15:36.508626+00:00,98.9,1,ask,,,11572965
2026-06-29T07:15:36.117173,2026-06-28T21:15:36.519626+00:00,98.9,500,ask,,,11572966
2026-06-29T07:15:36.725206,2026-06-28T21:15:37.124625+00:00,98.9,124,bid,,,11572982
2026-06-29T07:15:37.295621,2026-06-28T21:15:37.696625+00:00,99.0,5,ask,,,11572993
2026-06-29T07:15:39.932653,2026-06-28T21:15:40.324403+00:00,99.1,20,bid,,,11573038
2026-06-29T07:15:41.573642,2026-06-28T21:15:41.973937+00:00,99.0,25,bid,,,11573080
2026-06-29T07:15:41.783304,2026-06-28T21:15:42.182936+00:00,99.0,17,bid,,,11573086
2026-06-29T07:15:42.779094,2026-06-28T21:15:43.172555+00:00,99.1,200,bid,,,11573114
2026-06-29T07:15:46.509584,2026-06-28T21:15:46.911671+00:00,99.1,20,ask,,,11573189
2026-06-29T07:15:46.596888,2026-06-28T21:15:46.988670+00:00,99.1,25,ask,,,11573193
2026-06-29T07:15:48.837788,2026-06-28T21:15:49.231457+00:00,99.1,200,ask,,,11573235
2026-06-29T07:15:51.252190,2026-06-28T21:15:51.651448+00:00,99.2,200,bid,,,11573273
2026-06-29T07:15:52.822759,2026-06-28T21:15:53.222925+00:00,99.2,7,ask,,,11573315
2026-06-29T07:15:56.094996,2026-06-28T21:15:56.488446+00:00,99.2,200,ask,,,11573385
2026-06-29T07:15:57.300600,2026-06-28T21:15:57.697576+00:00,99.1,200,bid,,,11573417
2026-06-29T07:16:01.079507,2026-06-28T21:16:01.481771+00:00,99.1,200,ask,,,11573482
2026-06-29T07:16:03.695076,2026-06-28T21:16:04.097028+00:00,99.0,200,ask,,,11573538
2026-06-29T07:16:08.169408,2026-06-28T21:16:08.571575+00:00,99.0,200,bid,,,11573626
2026-06-29T07:16:08.169408,2026-06-28T21:16:08.571575+00:00,99.0,300,bid,,,11573627
2026-06-29T07:16:08.374458,2026-06-28T21:16:08.769575+00:00,99.0,20,bid,,,11573637
2026-06-29T07:16:08.765394,2026-06-28T21:16:09.165575+00:00,99.0,305,bid,,,11573639
2026-06-29T07:16:08.765394,2026-06-28T21:16:09.165575+00:00,99.0,195,bid,,,11573640
2026-06-29T07:16:08.935738,2026-06-28T21:16:09.330456+00:00,99.0,5,bid,,,11573646
2026-06-29T07:16:13.682685,2026-06-28T21:16:14.081078+00:00,99.0,20,ask,,,11573744
2026-06-29T07:16:14.171282,2026-06-28T21:16:14.565090+00:00,99.0,180,ask,,,11573758
2026-06-29T07:16:14.171282,2026-06-28T21:16:14.565090+00:00,99.0,445,ask,,,11573759
2026-06-29T07:16:14.270777,2026-06-28T21:16:14.664079+00:00,99.0,200,ask,,,11573766
2026-06-29T07:16:15.487029,2026-06-28T21:16:15.885087+00:00,99.1,200,bid,,,11573786
2026-06-29T07:16:16.690357,2026-06-28T21:16:17.083789+00:00,99.1,200,ask,,,11573813
2026-06-29T07:16:17.897579,2026-06-28T21:16:18.293437+00:00,99.1,200,ask,,,11573831
2026-06-29T07:16:18.105794,2026-06-28T21:16:18.502466+00:00,99.1,300,ask,,,11573839
2026-06-29T07:16:18.462765,2026-06-28T21:16:18.876466+00:00,99.1,325,bid,,,11573847
2026-06-29T07:16:20.082192,2026-06-28T21:16:20.482357+00:00,99.2,6,ask,,,11573889
2026-06-29T07:16:20.313976,2026-06-28T21:16:20.713357+00:00,99.2,200,ask,,,11573897
2026-06-29T07:16:22.113658,2026-06-28T21:16:22.506348+00:00,99.1,500,bid,,,11573930
2026-06-29T07:16:22.711879,2026-06-28T21:16:23.111468+00:00,99.1,125,bid,,,11573945
2026-06-29T07:16:23.339058,2026-06-28T21:16:23.738468+00:00,99.2,200,bid,,,11573957
2026-06-29T07:16:23.497085,2026-06-28T21:16:23.892468+00:00,99.2,1,ask,,,11573962
2026-06-29T07:16:24.106979,2026-06-28T21:16:24.508093+00:00,99.2,1,ask,,,11573968
2026-06-29T07:16:26.348532,2026-06-28T21:16:26.754528+00:00,99.3,1,bid,,,11574009
2026-06-29T07:16:26.348532,2026-06-28T21:16:26.754528+00:00,99.3,19,bid,,,11574010
2026-06-29T07:16:29.380611,2026-06-28T21:16:29.777739+00:00,99.1,200,bid,,,11574068
2026-06-29T07:16:29.518374,2026-06-28T21:16:29.920747+00:00,99.2,20,bid,,,11574079
2026-06-29T07:16:32.523399,2026-06-28T21:16:32.922427+00:00,99.0,200,ask,,,11574128
2026-06-29T07:16:33.596927,2026-06-28T21:16:33.989427+00:00,99.0,425,bid,,,11574150
2026-06-29T07:16:35.138995,2026-06-28T21:16:35.540430+00:00,99.1,200,ask,,,11574187
2026-06-29T07:16:36.067430,2026-06-28T21:16:36.464013+00:00,99.1,200,bid,,,11574207
2026-06-29T07:16:37.276729,2026-06-28T21:16:37.673536+00:00,99.1,200,ask,,,11574237
2026-06-29T07:16:39.705787,2026-06-28T21:16:40.103619+00:00,99.2,200,bid,,,11574278
2026-06-29T07:16:42.698997,2026-06-28T21:16:43.117277+00:00,99.2,200,bid,,,11574346
2026-06-29T07:16:43.344810,2026-06-28T21:16:43.777267+00:00,99.2,200,ask,,,11574366
2026-06-29T07:16:44.559613,2026-06-28T21:16:44.954277+00:00,99.2,200,ask,,,11574384
2026-06-29T07:16:45.622826,2026-06-28T21:16:46.054277+00:00,99.2,500,ask,,,11574399
2026-06-29T07:16:45.704481,2026-06-28T21:16:46.130825+00:00,99.2,125,bid,,,11574401
2026-06-29T07:16:45.768164,2026-06-28T21:16:46.207824+00:00,99.2,200,ask,,,11574405
2026-06-29T07:16:46.215536,2026-06-28T21:16:46.647816+00:00,99.3,2,bid,,,11574407
2026-06-29T07:16:46.983823,2026-06-28T21:16:47.384825+00:00,99.3,200,ask,,,11574430
2026-06-29T07:16:48.199294,2026-06-28T21:16:48.637322+00:00,99.3,200,ask,,,11574460
2026-06-29T07:16:49.409442,2026-06-28T21:16:49.803331+00:00,99.2,200,bid,,,11574489
2026-06-29T07:16:50.572806,2026-06-28T21:16:50.969331+00:00,99.2,3,ask,,,11574513
2026-06-29T07:16:50.618632,2026-06-28T21:16:51.013331+00:00,99.3,200,bid,,,11574516
2026-06-29T07:16:51.160335,2026-06-28T21:16:51.563331+00:00,99.3,500,bid,,,11574525
2026-06-29T07:16:51.755482,2026-06-28T21:16:52.157331+00:00,99.3,125,bid,,,11574539
2026-06-29T07:16:51.834376,2026-06-28T21:16:52.234331+00:00,99.3,200,ask,,,11574541
2026-06-29T07:16:52.188985,2026-06-28T21:16:52.586331+00:00,99.4,6,bid,,,11574547
2026-06-29T07:16:53.042929,2026-06-28T21:16:53.444028+00:00,99.5,200,ask,,,11574562
2026-06-29T07:16:54.814826,2026-06-28T21:16:55.215028+00:00,99.4,200,ask,,,11574601
2026-06-29T07:16:55.400754,2026-06-28T21:16:55.797534+00:00,99.4,425,bid,,,11574613
2026-06-29T07:16:56.127684,2026-06-28T21:16:56.523095+00:00,99.5,200,bid,,,11574632
2026-06-29T07:16:56.669946,2026-06-28T21:16:57.072204+00:00,99.5,200,ask,,,11574647
2026-06-29T07:16:57.091963,2026-06-28T21:16:57.490204+00:00,99.5,20,ask,,,11574652
2026-06-29T07:16:57.442704,2026-06-28T21:16:57.840844+00:00,99.4,500,ask,,,11574659
2026-06-29T07:16:57.813731,2026-06-28T21:16:58.236844+00:00,99.4,125,bid,,,11574667
2026-06-29T07:16:58.477290,2026-06-28T21:16:58.873962+00:00,99.4,20,ask,,,11574683
2026-06-29T07:16:58.749742,2026-06-28T21:16:59.146844+00:00,99.5,1,bid,,,11574690
2026-06-29T07:16:58.749742,2026-06-28T21:16:59.157963+00:00,99.5,200,bid,,,11574691
2026-06-29T07:17:03.931266,2026-06-28T21:17:04.326710+00:00,99.8,200,bid,,,11574775
2026-06-29T07:17:07.918919,2026-06-28T21:17:08.316068+00:00,99.6,200,ask,,,11574835
2026-06-29T07:17:07.918919,2026-06-28T21:17:08.316068+00:00,99.5,425,ask,,,11574836
2026-06-29T07:17:09.239623,2026-06-28T21:17:09.635068+00:00,99.7,20,ask,,,11574861
2026-06-29T07:17:12.395854,2026-06-28T21:17:12.788421+00:00,99.8,1,bid,,,11574902
2026-06-29T07:17:14.474127,2026-06-28T21:17:14.866825+00:00,99.8,200,ask,,,11574941
2026-06-29T07:17:17.247070,2026-06-28T21:17:17.649873+00:00,99.9,4,bid,,,11574985
2026-06-29T07:17:17.247070,2026-06-28T21:17:17.649873+00:00,99.9,196,bid,,,11574986
2026-06-29T07:17:18.460836,2026-06-28T21:17:18.858252+00:00,99.9,3,bid,,,11575016
2026-06-29T07:17:18.460836,2026-06-28T21:17:18.858252+00:00,99.9,197,bid,,,11575017
2026-06-29T07:17:19.672477,2026-06-28T21:17:20.068133+00:00,99.9,200,bid,,,11575034
2026-06-29T07:17:19.893062,2026-06-28T21:17:20.287252+00:00,100.1,20,bid,,,11575042
2026-06-29T07:17:23.082233,2026-06-28T21:17:23.486133+00:00,99.9,20,ask,,,11575109
2026-06-29T07:17:24.854187,2026-06-28T21:17:25.256062+00:00,100.1,20,bid,,,11575140
2026-06-29T07:17:25.717857,2026-06-28T21:17:26.112498+00:00,100.0,20,ask,,,11575163
2026-06-29T07:17:28.697268,2026-06-28T21:17:29.091249+00:00,99.9,20,ask,,,11575221
2026-06-29T07:17:31.801913,2026-06-28T21:17:32.204270+00:00,99.9,200,ask,,,11575269
2026-06-29T07:17:36.642871,2026-06-28T21:17:37.043393+00:00,99.9,200,ask,,,11575339
2026-06-29T07:17:36.726405,2026-06-28T21:17:37.120394+00:00,100.1,1,bid,,,11575342
2026-06-29T07:17:37.205338,2026-06-28T21:17:37.604384+00:00,100.1,500,ask,,,11575349
2026-06-29T07:17:37.311159,2026-06-28T21:17:37.713502+00:00,100.1,20,ask,,,11575350
2026-06-29T07:17:37.805052,2026-06-28T21:17:38.206222+00:00,100.1,104,ask,,,11575359
2026-06-29T07:17:38.037015,2026-06-28T21:17:38.436517+00:00,100.0,200,ask,,,11575369
2026-06-29T07:17:38.074602,2026-06-28T21:17:38.469517+00:00,99.9,25,bid,,,11575373
2026-06-29T07:17:38.284487,2026-06-28T21:17:38.677636+00:00,99.9,25,bid,,,11575379
2026-06-29T07:17:38.493293,2026-06-28T21:17:38.886636+00:00,99.9,25,bid,,,11575384
2026-06-29T07:17:38.703130,2026-06-28T21:17:39.095635+00:00,99.9,18,bid,,,11575387
2026-06-29T07:17:39.054739,2026-06-28T21:17:39.447516+00:00,99.9,200,bid,,,11575397
2026-06-29T07:17:40.279143,2026-06-28T21:17:40.678256+00:00,100.1,200,bid,,,11575428
2026-06-29T07:17:40.366915,2026-06-28T21:17:40.766256+00:00,100.1,20,bid,,,11575431
2026-06-29T07:17:45.134587,2026-06-28T21:17:45.560581+00:00,100.0,200,bid,,,11575517
2026-06-29T07:17:45.902599,2026-06-28T21:17:46.296835+00:00,100.0,500,bid,,,11575534
2026-06-29T07:17:47.211868,2026-06-28T21:17:47.605836+00:00,100.0,200,ask,,,11575547
2026-06-29T07:17:47.564324,2026-06-28T21:17:47.956965+00:00,99.9,200,bid,,,11575560
2026-06-29T07:17:49.989513,2026-06-28T21:17:50.386965+00:00,100.0,200,bid,,,11575588
2026-06-29T07:17:51.200269,2026-06-28T21:17:51.596490+00:00,99.9,200,bid,,,11575617
2026-06-29T07:17:53.712988,2026-06-28T21:17:54.114699+00:00,99.9,20,bid,,,11575648
2026-06-29T07:17:54.846934,2026-06-28T21:17:55.246699+00:00,99.9,200,bid,,,11575673
2026-06-29T07:17:55.136885,2026-06-28T21:17:55.532699+00:00,99.8,25,ask,,,11575679
2026-06-29T07:17:55.350157,2026-06-28T21:17:55.752690+00:00,99.8,25,ask,,,11575689
2026-06-29T07:17:55.559713,2026-06-28T21:17:55.961690+00:00,99.8,25,ask,,,11575693
2026-06-29T07:17:55.771723,2026-06-28T21:17:56.169908+00:00,99.8,16,ask,,,11575695
2026-06-29T07:17:56.065112,2026-06-28T21:17:56.466908+00:00,100.0,200,bid,,,11575706
2026-06-29T07:17:57.274051,2026-06-28T21:17:57.676900+00:00,100.1,200,bid,,,11575726
2026-06-29T07:18:00.301887,2026-06-28T21:18:00.699981+00:00,99.9,200,ask,,,11575792
2026-06-29T07:18:00.898027,2026-06-28T21:18:01.293990+00:00,99.8,200,bid,,,11575801
2026-06-29T07:18:01.429881,2026-06-28T21:18:01.832981+00:00,99.8,225,bid,,,11575812
2026-06-29T07:18:02.110856,2026-06-28T21:18:02.503981+00:00,99.9,200,ask,,,11575828
2026-06-29T07:18:05.731026,2026-06-28T21:18:06.132980+00:00,99.8,200,bid,,,11575899
2026-06-29T07:18:06.939403,2026-06-28T21:18:07.331989+00:00,99.9,200,ask,,,11575923
2026-06-29T07:18:08.145988,2026-06-28T21:18:08.552372+00:00,99.9,200,ask,,,11575953
2026-06-29T07:18:10.561435,2026-06-28T21:18:10.960363+00:00,99.8,200,bid,,,11575999
2026-06-29T07:18:10.607716,2026-06-28T21:18:11.004363+00:00,99.7,2,ask,,,11576000
2026-06-29T07:18:12.094986,2026-06-28T21:18:12.488372+00:00,99.8,200,ask,,,11576019
2026-06-29T07:18:12.973355,2026-06-28T21:18:13.378517+00:00,99.8,200,bid,,,11576039
2026-06-29T07:18:17.823787,2026-06-28T21:18:18.216354+00:00,99.7,7,ask,,,11576124
2026-06-29T07:18:18.641057,2026-06-28T21:18:19.041235+00:00,99.7,193,bid,,,11576145
2026-06-29T07:18:21.258457,2026-06-28T21:18:21.659244+00:00,99.7,200,bid,,,11576192
2026-06-29T07:18:21.446607,2026-06-28T21:18:21.846244+00:00,99.7,200,ask,,,11576195
2026-06-29T07:18:22.530370,2026-06-28T21:18:22.923389+00:00,99.7,20,ask,,,11576214
2026-06-29T07:18:23.865606,2026-06-28T21:18:24.265400+00:00,99.6,3,ask,,,11576248
2026-06-29T07:18:26.279471,2026-06-28T21:18:26.673450+00:00,99.6,200,bid,,,11576283
2026-06-29T07:18:27.800603,2026-06-28T21:18:28.202032+00:00,99.6,200,ask,,,11576306
2026-06-29T07:18:28.706698,2026-06-28T21:18:29.104033+00:00,99.6,200,bid,,,11576325
2026-06-29T07:18:32.336986,2026-06-28T21:18:32.733547+00:00,99.7,200,bid,,,11576385
2026-06-29T07:18:34.761710,2026-06-28T21:18:35.164668+00:00,99.6,200,ask,,,11576434
2026-06-29T07:18:35.673888,2026-06-28T21:18:36.076721+00:00,99.5,1,ask,,,11576449
2026-06-29T07:18:35.673888,2026-06-28T21:18:36.076721+00:00,99.5,200,ask,,,11576450
2026-06-29T07:18:35.966518,2026-06-28T21:18:36.362722+00:00,99.4,200,bid,,,11576461
2026-06-29T07:18:36.074756,2026-06-28T21:18:36.472721+00:00,99.3,2,ask,,,11576464
2026-06-29T07:18:38.292892,2026-06-28T21:18:38.704890+00:00,99.5,2,ask,,,11576506
2026-06-29T07:18:38.292892,2026-06-28T21:18:38.704890+00:00,99.5,200,ask,,,11576507
2026-06-29T07:18:39.567400,2026-06-28T21:18:39.969780+00:00,99.5,423,bid,,,11576532
2026-06-29T07:18:39.619180,2026-06-28T21:18:40.013780+00:00,99.7,200,ask,,,11576537
2026-06-29T07:18:40.826175,2026-06-28T21:18:41.233294+00:00,99.7,200,ask,,,11576556
2026-06-29T07:18:42.032870,2026-06-28T21:18:42.432285+00:00,99.5,200,ask,,,11576590
2026-06-29T07:18:43.240764,2026-06-28T21:18:43.641833+00:00,99.5,200,ask,,,11576618
2026-06-29T07:18:43.810514,2026-06-28T21:18:44.213842+00:00,99.6,500,bid,,,11576635
2026-06-29T07:18:44.757646,2026-06-28T21:18:45.156833+00:00,99.6,20,bid,,,11576647
2026-06-29T07:18:50.097476,2026-06-28T21:18:50.491026+00:00,99.7,200,ask,,,11576750
2026-06-29T07:18:50.508197,2026-06-28T21:18:50.909112+00:00,99.7,200,bid,,,11576756
2026-06-29T07:18:51.403767,2026-06-28T21:18:51.800035+00:00,99.8,5,bid,,,11576783
2026-06-29T07:18:55.328832,2026-06-28T21:18:55.725732+00:00,99.8,200,bid,,,11576855
2026-06-29T07:18:56.638662,2026-06-28T21:18:57.034332+00:00,99.9,3,bid,,,11576879
2026-06-29T07:18:56.638662,2026-06-28T21:18:57.034332+00:00,99.9,200,bid,,,11576880
2026-06-29T07:18:56.967919,2026-06-28T21:18:57.364332+00:00,100.0,20,bid,,,11576892
2026-06-29T07:18:59.044467,2026-06-28T21:18:59.442044+00:00,99.9,20,ask,,,11576931
2026-06-29T07:18:59.567510,2026-06-28T21:18:59.969925+00:00,100.0,1,bid,,,11576934
2026-06-29T07:18:59.567510,2026-06-28T21:18:59.969925+00:00,100.0,19,bid,,,11576935
2026-06-29T07:19:01.879811,2026-06-28T21:19:02.279044+00:00,99.9,200,ask,,,11576981
2026-06-29T07:19:02.352326,2026-06-28T21:19:02.751448+00:00,99.9,20,bid,,,11576991
2026-06-29T07:19:07.129326,2026-06-28T21:19:07.525134+00:00,99.9,200,ask,,,11577090
2026-06-29T07:19:08.436469,2026-06-28T21:19:08.833663+00:00,99.8,200,bid,,,11577112
2026-06-29T07:19:09.881555,2026-06-28T21:19:10.274672+00:00,99.8,200,ask,,,11577138
2026-06-29T07:19:13.717295,2026-06-28T21:19:14.111328+00:00,99.7,4,ask,,,11577211
2026-06-29T07:19:13.717295,2026-06-28T21:19:14.111328+00:00,99.6,500,ask,,,11577212
2026-06-29T07:19:13.717295,2026-06-28T21:19:14.122327+00:00,99.6,121,ask,,,11577213
2026-06-29T07:19:14.734105,2026-06-28T21:19:15.133649+00:00,99.7,2,ask,,,11577234
2026-06-29T07:19:14.734105,2026-06-28T21:19:15.133649+00:00,99.6,198,ask,,,11577235
2026-06-29T07:19:14.764625,2026-06-28T21:19:15.166650+00:00,99.6,20,ask,,,11577236
2026-06-29T07:19:15.945356,2026-06-28T21:19:16.353768+00:00,99.8,200,ask,,,11577257
2026-06-29T07:19:19.583542,2026-06-28T21:19:19.982338+00:00,99.7,2,ask,,,11577337
2026-06-29T07:19:19.583542,2026-06-28T21:19:19.982338+00:00,99.7,198,ask,,,11577338
2026-06-29T07:19:20.270738,2026-06-28T21:19:20.664346+00:00,99.7,9,ask,,,11577355
2026-06-29T07:19:20.790210,2026-06-28T21:19:21.191337+00:00,99.7,200,bid,,,11577364
2026-06-29T07:19:21.580173,2026-06-28T21:19:21.983358+00:00,99.6,8,ask,,,11577381
2026-06-29T07:19:22.892740,2026-06-28T21:19:23.292483+00:00,99.5,7,ask,,,11577404
2026-06-29T07:19:22.892740,2026-06-28T21:19:23.292483+00:00,99.5,200,ask,,,11577405
2026-06-29T07:19:23.151747,2026-06-28T21:19:23.556484+00:00,99.5,418,bid,,,11577410
2026-06-29T07:19:24.201955,2026-06-28T21:19:24.600998+00:00,99.7,200,ask,,,11577427
2026-06-29T07:19:24.201955,2026-06-28T21:19:24.600998+00:00,99.6,6,ask,,,11577428
2026-06-29T07:19:24.379395,2026-06-28T21:19:24.776998+00:00,99.6,419,bid,,,11577433
2026-06-29T07:19:25.510593,2026-06-28T21:19:25.909989+00:00,99.8,200,ask,,,11577451
2026-06-29T07:19:27.104149,2026-06-28T21:19:27.504527+00:00,99.7,20,bid,,,11577483
2026-06-29T07:19:28.043516,2026-06-28T21:19:28.438838+00:00,99.6,5,ask,,,11577498
2026-06-29T07:19:28.128700,2026-06-28T21:19:28.526829+00:00,99.6,195,bid,,,11577502
2026-06-29T07:19:31.219549,2026-06-28T21:19:31.617353+00:00,99.7,20,bid,,,11577562
2026-06-29T07:19:32.057027,2026-06-28T21:19:32.453463+00:00,99.6,200,ask,,,11577577
2026-06-29T07:19:32.241946,2026-06-28T21:19:32.640354+00:00,99.6,425,bid,,,11577579
2026-06-29T07:19:34.130606,2026-06-28T21:19:34.531116+00:00,99.8,10,bid,,,11577616
2026-06-29T07:19:34.130606,2026-06-28T21:19:34.531116+00:00,99.8,190,bid,,,11577617
2026-06-29T07:19:35.982742,2026-06-28T21:19:36.400230+00:00,99.7,200,bid,,,11577654
2026-06-29T07:19:36.405306,2026-06-28T21:19:36.807230+00:00,99.8,8,bid,,,11577665
2026-06-29T07:19:36.552275,2026-06-28T21:19:36.950231+00:00,99.7,200,ask,,,11577670
2026-06-29T07:19:38.898925,2026-06-28T21:19:39.291885+00:00,99.7,200,bid,,,11577729
2026-06-29T07:19:38.898925,2026-06-28T21:19:39.302886+00:00,99.7,300,bid,,,11577730
2026-06-29T07:19:39.492467,2026-06-28T21:19:39.896894+00:00,99.7,325,bid,,,11577741
2026-06-29T07:19:39.903111,2026-06-28T21:19:40.303895+00:00,99.8,200,bid,,,11577749
2026-06-29T07:19:39.903111,2026-06-28T21:19:40.303895+00:00,99.9,7,bid,,,11577750
2026-06-29T07:19:40.177535,2026-06-28T21:19:40.578894+00:00,99.9,200,ask,,,11577755
2026-06-29T07:19:42.595980,2026-06-28T21:19:42.998131+00:00,99.8,20,bid,,,11577802
2026-06-29T07:19:47.428864,2026-06-28T21:19:47.856524+00:00,99.8,200,ask,,,11577887
2026-06-29T07:19:51.686215,2026-06-28T21:19:52.079277+00:00,99.9,200,ask,,,11577974
2026-06-29T07:19:52.998967,2026-06-28T21:19:53.396680+00:00,99.9,200,bid,,,11578001
2026-06-29T07:19:55.619201,2026-06-28T21:19:56.014680+00:00,99.9,200,ask,,,11578059
2026-06-29T07:19:59.526033,2026-06-28T21:19:59.927320+00:00,99.7,8,ask,,,11578127
2026-06-29T07:19:59.526033,2026-06-28T21:19:59.927320+00:00,99.6,192,ask,,,11578128
2026-06-29T07:20:00.855671,2026-06-28T21:20:01.258211+00:00,99.6,8,ask,,,11578145
2026-06-29T07:20:00.855671,2026-06-28T21:20:01.258211+00:00,99.6,200,ask,,,11578146
2026-06-29T07:20:04.405154,2026-06-28T21:20:04.798267+00:00,99.5,6,ask,,,11578216
2026-06-29T07:20:04.931017,2026-06-28T21:20:05.326276+00:00,99.5,194,bid,,,11578219
2026-06-29T07:20:05.466871,2026-06-28T21:20:05.876275+00:00,99.5,20,ask,,,11578227
2026-06-29T07:20:05.542276,2026-06-28T21:20:05.953276+00:00,99.6,500,bid,,,11578234
2026-06-29T07:20:06.092011,2026-06-28T21:20:06.491831+00:00,99.6,200,bid,,,11578245
2026-06-29T07:20:07.022333,2026-06-28T21:20:07.415347+00:00,99.6,20,ask,,,11578259
2026-06-29T07:20:09.275045,2026-06-28T21:20:09.669816+00:00,99.7,20,ask,,,11578304
2026-06-29T07:20:10.023295,2026-06-28T21:20:10.417815+00:00,99.8,8,bid,,,11578318
2026-06-29T07:20:10.456845,2026-06-28T21:20:10.857697+00:00,99.8,200,ask,,,11578328
2026-06-29T07:20:12.639907,2026-06-28T21:20:13.034318+00:00,99.9,8,bid,,,11578375
2026-06-29T07:20:12.639907,2026-06-28T21:20:13.034318+00:00,99.9,200,bid,,,11578376
2026-06-29T07:20:14.653747,2026-06-28T21:20:15.047429+00:00,99.9,200,ask,,,11578405
2026-06-29T07:20:15.251339,2026-06-28T21:20:15.652318+00:00,99.8,500,ask,,,11578411
2026-06-29T07:20:15.286469,2026-06-28T21:20:15.685310+00:00,99.7,200,bid,,,11578413
2026-06-29T07:20:16.495810,2026-06-28T21:20:16.893355+00:00,99.7,200,bid,,,11578434
2026-06-29T07:20:19.191819,2026-06-28T21:20:19.586921+00:00,99.8,200,ask,,,11578490
2026-06-29T07:20:20.130739,2026-06-28T21:20:20.532922+00:00,99.8,200,bid,,,11578507
2026-06-29T07:20:20.501250,2026-06-28T21:20:20.895417+00:00,99.8,500,bid,,,11578512
2026-06-29T07:20:20.694363,2026-06-28T21:20:21.093428+00:00,99.8,125,ask,,,11578513
2026-06-29T07:20:21.339885,2026-06-28T21:20:21.742436+00:00,99.8,200,bid,,,11578522
2026-06-29T07:20:21.810390,2026-06-28T21:20:22.204436+00:00,99.6,2,ask,,,11578532
2026-06-29T07:20:22.547680,2026-06-28T21:20:22.951094+00:00,99.5,200,bid,,,11578546
2026-06-29T07:20:23.756687,2026-06-28T21:20:24.150115+00:00,99.6,200,bid,,,11578573
2026-06-29T07:20:27.045886,2026-06-28T21:20:27.448657+00:00,99.7,200,bid,,,11578636
2026-06-29T07:20:27.045886,2026-06-28T21:20:27.448657+00:00,99.8,11,bid,,,11578637
2026-06-29T07:20:27.414420,2026-06-28T21:20:27.811215+00:00,99.8,200,ask,,,11578649
2026-06-29T07:20:31.041276,2026-06-28T21:20:31.438234+00:00,99.8,200,bid,,,11578713
2026-06-29T07:20:34.004048,2026-06-28T21:20:34.406025+00:00,99.8,200,ask,,,11578770
2026-06-29T07:20:34.004048,2026-06-28T21:20:34.406025+00:00,99.8,300,ask,,,11578771
2026-06-29T07:20:34.670740,2026-06-28T21:20:35.066035+00:00,99.8,200,ask,,,11578789
2026-06-29T07:20:37.085516,2026-06-28T21:20:37.485630+00:00,99.6,200,ask,,,11578827
2026-06-29T07:20:37.499747,2026-06-28T21:20:37.903195+00:00,99.6,20,ask,,,11578835
2026-06-29T07:20:39.499739,2026-06-28T21:20:39.893187+00:00,99.6,200,ask,,,11578870
2026-06-29T07:20:44.096926,2026-06-28T21:20:44.498504+00:00,99.6,200,bid,,,11578945
2026-06-29T07:20:44.349138,2026-06-28T21:20:44.751504+00:00,99.8,200,ask,,,11578949
2026-06-29T07:20:46.764952,2026-06-28T21:20:47.159846+00:00,99.6,200,ask,,,11578981
2026-06-29T07:20:47.970907,2026-06-28T21:20:48.369403+00:00,99.6,200,ask,,,11578996
2026-06-29T07:20:48.051858,2026-06-28T21:20:48.446403+00:00,99.5,1,ask,,,11578998
2026-06-29T07:20:49.182311,2026-06-28T21:20:49.578403+00:00,99.5,200,bid,,,11579019
2026-06-29T07:20:51.220967,2026-06-28T21:20:51.622412+00:00,99.6,20,bid,,,11579044
2026-06-29T07:20:51.983654,2026-06-28T21:20:52.381412+00:00,99.5,200,bid,,,11579059
2026-06-29T07:20:55.955878,2026-06-28T21:20:56.349900+00:00,99.4,5,ask,,,11579132
2026-06-29T07:20:55.955878,2026-06-28T21:20:56.360900+00:00,99.3,200,ask,,,11579133
2026-06-29T07:20:55.955878,2026-06-28T21:20:56.360900+00:00,99.3,420,ask,,,11579134
2026-06-29T07:20:58.571973,2026-06-28T21:20:58.966587+00:00,99.4,5,ask,,,11579180
2026-06-29T07:21:01.296537,2026-06-28T21:21:01.693482+00:00,99.4,200,bid,,,11579226
2026-06-29T07:21:04.068971,2026-06-28T21:21:04.464375+00:00,99.3,4,ask,,,11579275
2026-06-29T07:21:06.425279,2026-06-28T21:21:06.827276+00:00,99.3,2,ask,,,11579329
2026-06-29T07:21:07.350030,2026-06-28T21:21:07.751276+00:00,99.3,200,bid,,,11579350
2026-06-29T07:21:08.563570,2026-06-28T21:21:08.960934+00:00,99.3,200,bid,,,11579376
2026-06-29T07:21:10.348103,2026-06-28T21:21:10.753828+00:00,99.3,200,ask,,,11579411
2026-06-29T07:21:17.053346,2026-06-28T21:21:17.447687+00:00,99.2,1,ask,,,11579563
2026-06-29T07:21:18.205108,2026-06-28T21:21:18.604687+00:00,99.1,500,ask,,,11579586
2026-06-29T07:21:18.263015,2026-06-28T21:21:18.659687+00:00,99.1,125,bid,,,11579588
2026-06-29T07:21:19.510376,2026-06-28T21:21:19.913206+00:00,99.3,200,bid,,,11579607
2026-06-29T07:21:19.899860,2026-06-28T21:21:20.298206+00:00,99.3,20,ask,,,11579622
2026-06-29T07:21:20.685912,2026-06-28T21:21:21.079196+00:00,99.3,200,ask,,,11579639
2026-06-29T07:21:21.658045,2026-06-28T21:21:22.057198+00:00,99.1,1,ask,,,11579653
2026-06-29T07:21:21.658045,2026-06-28T21:21:22.057198+00:00,99.1,19,ask,,,11579654
2026-06-29T07:21:21.824131,2026-06-28T21:21:22.222197+00:00,99.2,500,bid,,,11579656
2026-06-29T07:21:21.895181,2026-06-28T21:21:22.299196+00:00,99.2,125,bid,,,11579657
2026-06-29T07:21:22.789463,2026-06-28T21:21:23.189138+00:00,99.3,20,ask,,,11579676
2026-06-29T07:21:23.440477,2026-06-28T21:21:23.838138+00:00,99.3,200,ask,,,11579682
2026-06-29T07:21:24.313379,2026-06-28T21:21:27.564306+00:00,99.3,200,bid,,,11579713
2026-06-29T07:21:24.748457,2026-06-28T21:21:28.069967+00:00,99.4,3,bid,,,11579720
2026-06-29T07:21:24.748457,2026-06-28T21:21:28.069967+00:00,99.5,200,bid,,,11579721
2026-06-29T07:21:26.731342,2026-06-28T21:21:30.081981+00:00,99.5,200,bid,,,11579746
2026-06-29T07:21:27.397243,2026-06-28T21:21:30.433990+00:00,99.5,500,bid,,,11579769
2026-06-29T07:21:27.397243,2026-06-28T21:21:30.433990+00:00,99.6,9,bid,,,11579770
2026-06-29T07:21:27.876453,2026-06-28T21:21:30.664990+00:00,99.6,116,ask,,,11579774
2026-06-29T07:21:30.362997,2026-06-28T21:21:31.401099+00:00,99.5,10,bid,,,11579820
2026-06-29T07:21:30.362997,2026-06-28T21:21:31.401099+00:00,99.5,190,bid,,,11579821
2026-06-29T07:21:31.572420,2026-06-28T21:21:31.972990+00:00,99.4,200,bid,,,11579840
2026-06-29T07:21:32.782215,2026-06-28T21:21:33.182161+00:00,99.5,7,bid,,,11579855
2026-06-29T07:21:32.782215,2026-06-28T21:21:33.182161+00:00,99.5,193,bid,,,11579856
2026-06-29T07:21:33.990452,2026-06-28T21:21:34.392183+00:00,99.5,6,bid,,,11579877
2026-06-29T07:21:33.990452,2026-06-28T21:21:34.392183+00:00,99.5,194,bid,,,11579878
2026-06-29T07:21:36.980310,2026-06-28T21:21:37.382975+00:00,99.4,500,ask,,,11579950
2026-06-29T07:21:37.576746,2026-06-28T21:21:37.976658+00:00,99.4,125,ask,,,11579955
2026-06-29T07:21:37.620654,2026-06-28T21:21:38.020657+00:00,99.4,200,bid,,,11579957
2026-06-29T07:21:37.880754,2026-06-28T21:21:38.284648+00:00,99.3,12,ask,,,11579963
2026-06-29T07:21:38.621799,2026-06-28T21:21:39.021657+00:00,99.3,20,bid,,,11579986
2026-06-29T07:21:41.246643,2026-06-28T21:21:41.647670+00:00,99.2,10,ask,,,11580023
2026-06-29T07:21:41.246643,2026-06-28T21:21:41.647670+00:00,99.2,190,ask,,,11580024
2026-06-29T07:21:42.454232,2026-06-28T21:21:42.856358+00:00,99.2,9,ask,,,11580041
2026-06-29T07:21:49.867955,2026-06-28T21:21:50.269579+00:00,99.3,20,bid,,,11580187
2026-06-29T07:21:53.533316,2026-06-28T21:21:53.930849+00:00,99.3,20,bid,,,11580277
2026-06-29T07:21:54.239507,2026-06-28T21:21:54.634849+00:00,99.3,25,bid,,,11580289
2026-06-29T07:21:54.448106,2026-06-28T21:21:54.854849+00:00,99.3,25,bid,,,11580291
2026-06-29T07:21:54.577239,2026-06-28T21:21:54.975849+00:00,99.2,200,ask,,,11580297
2026-06-29T07:21:54.656824,2026-06-28T21:21:55.052849+00:00,99.3,25,bid,,,11580299
2026-06-29T07:21:54.870454,2026-06-28T21:21:55.272849+00:00,99.3,25,bid,,,11580305
2026-06-29T07:21:55.081255,2026-06-28T21:21:55.481840+00:00,99.1,25,bid,,,11580312
2026-06-29T07:21:55.291498,2026-06-28T21:21:55.690849+00:00,99.1,25,bid,,,11580322
2026-06-29T07:21:55.501884,2026-06-28T21:21:55.899849+00:00,99.1,25,bid,,,11580326
2026-06-29T07:21:55.711113,2026-06-28T21:21:56.108409+00:00,99.1,25,bid,,,11580330
2026-06-29T07:22:00.131982,2026-06-28T21:22:00.529975+00:00,99.0,200,ask,,,11580400
2026-06-29T07:22:01.853886,2026-06-28T21:22:02.256985+00:00,98.9,200,ask,,,11580429
2026-06-29T07:22:02.224732,2026-06-28T21:22:02.619796+00:00,99.1,20,bid,,,11580432
2026-06-29T07:22:03.010522,2026-06-28T21:22:03.410452+00:00,98.9,8,ask,,,11580445
2026-06-29T07:22:04.223811,2026-06-28T21:22:04.619961+00:00,98.8,200,ask,,,11580478
