timestamp,recv_time,price,volume,aggressor_side,buyer,seller,trade_id
2026-07-06T00:00:00.305609,2026-07-06T00:00:00.255440+00:00,168.9,200,bid,AverageAlmonds,WavyWalnuts,8901250
2026-07-06T00:00:00.976614,2026-07-06T00:00:01.033172+00:00,168.8,200,ask,YieldingYams,WavyWalnuts,8901259
2026-07-06T00:00:01.029055,2026-07-06T00:00:01.033172+00:00,169.0,12,bid,Xuanyu Liu,YieldingYams,8901261
2026-07-06T00:00:02.217322,2026-07-06T00:00:02.221534+00:00,168.9,11,bid,Xuanyu Liu,WavyWalnuts,8901277
2026-07-06T00:00:03.417321,2026-07-06T00:00:03.421188+00:00,168.8,11,bid,Xuanyu Liu,WavyWalnuts,8901293
2026-07-06T00:00:07.041296,2026-07-06T00:00:07.050852+00:00,168.8,200,bid,WavyWalnuts,YieldingYams,8901340
2026-07-06T00:00:07.123837,2026-07-06T00:00:07.135973+00:00,168.6,20,ask,AverageAlmonds,BrilliantBurritos,8901341
2026-07-06T00:00:12.078799,2026-07-06T00:00:12.098799+00:00,168.8,200,bid,YieldingYams,WavyWalnuts,8901401
2026-07-06T00:00:12.095232,2026-07-06T00:00:12.098799+00:00,168.9,22,ask,YieldingYams,Xuanyu Liu,8901403
2026-07-06T00:00:12.305679,2026-07-06T00:00:12.317332+00:00,169.1,20,bid,BrilliantBurritos,YieldingYams,8901407
2026-07-06T00:00:17.356154,2026-07-06T00:00:17.358584+00:00,168.7,500,ask,AverageAlmonds,YieldingYams,8901483
2026-07-06T00:00:17.356154,2026-07-06T00:00:17.369061+00:00,168.6,125,ask,WavyWalnuts,YieldingYams,8901484
2026-07-06T00:00:18.518147,2026-07-06T00:00:18.529766+00:00,168.9,20,bid,BrilliantBurritos,WavyWalnuts,8901493
2026-07-06T00:00:19.144012,2026-07-06T00:00:19.158612+00:00,168.7,200,ask,YieldingYams,WavyWalnuts,8901500
2026-07-06T00:00:19.702520,2026-07-06T00:00:19.706147+00:00,168.8,12,ask,AverageAlmonds,Xuanyu Liu,8901508
2026-07-06T00:00:19.972209,2026-07-06T00:00:19.983004+00:00,168.8,488,ask,AverageAlmonds,YieldingYams,8901510
2026-07-06T00:00:20.270734,2026-07-06T00:00:20.277593+00:00,168.8,137,bid,AverageAlmonds,YieldingYams,8901513
2026-07-06T00:00:20.351256,2026-07-06T00:00:20.364085+00:00,168.8,200,ask,AverageAlmonds,WavyWalnuts,8901516
2026-07-06T00:00:21.293364,2026-07-06T00:00:21.297105+00:00,168.9,11,ask,YieldingYams,Xuanyu Liu,8901533
2026-07-06T00:00:21.441460,2026-07-06T00:00:21.448106+00:00,168.9,20,ask,YieldingYams,BrilliantBurritos,8901536
2026-07-06T00:00:21.561135,2026-07-06T00:00:21.569586+00:00,168.9,200,ask,YieldingYams,WavyWalnuts,8901538
2026-07-06T00:00:23.095350,2026-07-06T00:00:23.099626+00:00,168.8,26,ask,YieldingYams,Xuanyu Liu,8901561
2026-07-06T00:00:29.203159,2026-07-06T00:00:29.211892+00:00,168.9,200,bid,YieldingYams,WavyWalnuts,8901641
2026-07-06T00:00:30.031510,2026-07-06T00:00:30.039040+00:00,168.9,200,ask,YieldingYams,WavyWalnuts,8901652
2026-07-06T00:00:31.238913,2026-07-06T00:00:31.245849+00:00,168.8,200,ask,YieldingYams,WavyWalnuts,8901672
2026-07-06T00:00:33.145003,2026-07-06T00:00:33.151873+00:00,168.7,200,ask,WavyWalnuts,YieldingYams,8901686
2026-07-06T00:00:33.145003,2026-07-06T00:00:33.156889+00:00,168.7,425,ask,AverageAlmonds,YieldingYams,8901687
2026-07-06T00:00:34.453327,2026-07-06T00:00:34.463932+00:00,168.9,200,bid,YieldingYams,WavyWalnuts,8901707
2026-07-06T00:00:35.770343,2026-07-06T00:00:35.777283+00:00,168.9,200,ask,WavyWalnuts,YieldingYams,8901725
2026-07-06T00:00:36.042631,2026-07-06T00:00:36.054115+00:00,168.9,20,bid,BrilliantBurritos,YieldingYams,8901728
2026-07-06T00:00:39.567428,2026-07-06T00:00:39.579168+00:00,168.9,20,bid,BrilliantBurritos,YieldingYams,8901765
2026-07-06T00:00:47.581970,2026-07-06T00:00:47.590799+00:00,169.1,200,bid,YieldingYams,WavyWalnuts,8901857
2026-07-06T00:00:48.159561,2026-07-06T00:00:48.169088+00:00,169.1,200,ask,YieldingYams,WavyWalnuts,8901870
2026-07-06T00:00:49.369121,2026-07-06T00:00:49.380695+00:00,168.9,200,bid,WavyWalnuts,YieldingYams,8901890
2026-07-06T00:00:51.798618,2026-07-06T00:00:51.806068+00:00,168.9,200,ask,YieldingYams,WavyWalnuts,8901918
2026-07-06T00:00:53.186639,2026-07-06T00:00:53.198842+00:00,168.8,20,ask,YieldingYams,BrilliantBurritos,8901937
2026-07-06T00:00:54.226266,2026-07-06T00:00:54.237663+00:00,168.9,200,ask,YieldingYams,WavyWalnuts,8901953
2026-07-06T00:00:55.435793,2026-07-06T00:00:55.468718+00:00,168.9,200,ask,YieldingYams,WavyWalnuts,8901967
2026-07-06T00:00:55.464814,2026-07-06T00:00:55.468718+00:00,168.9,3,bid,Xuanyu Liu,YieldingYams,8901972
2026-07-06T00:00:57.516314,2026-07-06T00:00:57.528416+00:00,169.0,20,bid,BrilliantBurritos,WavyWalnuts,8901996
2026-07-06T00:00:59.071072,2026-07-06T00:00:59.079879+00:00,168.8,200,ask,YieldingYams,WavyWalnuts,8902016
2026-07-06T00:01:01.003892,2026-07-06T00:01:01.007362+00:00,168.8,11,bid,Xuanyu Liu,YieldingYams,8902045
2026-07-06T00:01:01.444153,2026-07-06T00:01:01.464025+00:00,168.8,20,bid,BrilliantBurritos,YieldingYams,8902052
2026-07-06T00:01:02.672040,2026-07-06T00:01:02.680757+00:00,168.8,500,bid,AverageAlmonds,YieldingYams,8902073
2026-07-06T00:01:02.722908,2026-07-06T00:01:02.733385+00:00,168.8,125,bid,WavyWalnuts,YieldingYams,8902075
2026-07-06T00:01:03.943183,2026-07-06T00:01:03.952109+00:00,169.0,200,ask,YieldingYams,WavyWalnuts,8902090
2026-07-06T00:01:04.496019,2026-07-06T00:01:04.503755+00:00,169.0,20,ask,YieldingYams,BrilliantBurritos,8902094
2026-07-06T00:01:05.915456,2026-07-06T00:01:05.925144+00:00,168.9,20,ask,YieldingYams,BrilliantBurritos,8902117
2026-07-06T00:01:07.242094,2026-07-06T00:01:07.248860+00:00,169.0,200,ask,WavyWalnuts,YieldingYams,8902141
2026-07-06T00:01:07.599272,2026-07-06T00:01:07.603162+00:00,168.9,12,bid,Xuanyu Liu,WavyWalnuts,8902150
2026-07-06T00:01:09.858025,2026-07-06T00:01:09.869739+00:00,168.9,200,bid,YieldingYams,WavyWalnuts,8902179
2026-07-06T00:01:10.012332,2026-07-06T00:01:10.022671+00:00,168.9,200,ask,YieldingYams,WavyWalnuts,8902183
2026-07-06T00:01:10.118276,2026-07-06T00:01:10.130191+00:00,168.9,20,ask,YieldingYams,BrilliantBurritos,8902185
2026-07-06T00:01:12.480853,2026-07-06T00:01:12.490976+00:00,168.9,200,ask,WavyWalnuts,YieldingYams,8902226
2026-07-06T00:01:13.057570,2026-07-06T00:01:13.065215+00:00,168.7,20,ask,YieldingYams,BrilliantBurritos,8902234
2026-07-06T00:01:13.640182,2026-07-06T00:01:13.651247+00:00,168.9,200,bid,WavyWalnuts,YieldingYams,8902241
2026-07-06T00:01:14.855307,2026-07-06T00:01:14.868980+00:00,168.9,200,ask,YieldingYams,WavyWalnuts,8902254
2026-07-06T00:01:15.779115,2026-07-06T00:01:15.790770+00:00,168.9,20,ask,YieldingYams,BrilliantBurritos,8902271
2026-07-06T00:01:16.343729,2026-07-06T00:01:16.358576+00:00,169.0,20,bid,BrilliantBurritos,WavyWalnuts,8902280
2026-07-06T00:01:21.708025,2026-07-06T00:01:21.711850+00:00,168.9,12,ask,YieldingYams,Xuanyu Liu,8902353
2026-07-06T00:01:22.116372,2026-07-06T00:01:22.123391+00:00,168.9,200,ask,YieldingYams,WavyWalnuts,8902360
2026-07-06T00:01:24.551304,2026-07-06T00:01:24.555429+00:00,169.0,11,ask,WavyWalnuts,Xuanyu Liu,8902395
2026-07-06T00:01:25.629751,2026-07-06T00:01:25.638821+00:00,169.0,189,ask,WavyWalnuts,YieldingYams,8902401
2026-07-06T00:01:26.820364,2026-07-06T00:01:26.824844+00:00,168.8,3,ask,WavyWalnuts,Xuanyu Liu,8902416
2026-07-06T00:01:28.271058,2026-07-06T00:01:28.279621+00:00,168.9,20,bid,BrilliantBurritos,WavyWalnuts,8902439
2026-07-06T00:01:28.626243,2026-07-06T00:01:28.638161+00:00,168.8,20,ask,AverageAlmonds,BrilliantBurritos,8902442
2026-07-06T00:01:31.290110,2026-07-06T00:01:31.302109+00:00,169.0,20,bid,BrilliantBurritos,WavyWalnuts,8902465
2026-07-06T00:01:31.804487,2026-07-06T00:01:31.811803+00:00,168.9,200,ask,YieldingYams,WavyWalnuts,8902469
2026-07-06T00:01:36.356241,2026-07-06T00:01:36.364311+00:00,168.9,20,ask,AverageAlmonds,BrilliantBurritos,8902530
2026-07-06T00:01:36.644628,2026-07-06T00:01:36.658560+00:00,168.9,200,ask,AverageAlmonds,WavyWalnuts,8902536
2026-07-06T00:01:37.800247,2026-07-06T00:01:37.810567+00:00,169.0,500,bid,AverageAlmonds,YieldingYams,8902553
2026-07-06T00:01:38.399816,2026-07-06T00:01:38.408322+00:00,169.0,125,bid,AverageAlmonds,YieldingYams,8902561
2026-07-06T00:01:38.421226,2026-07-06T00:01:38.434555+00:00,169.0,20,ask,AverageAlmonds,BrilliantBurritos,8902563
2026-07-06T00:01:38.760890,2026-07-06T00:01:38.770526+00:00,169.1,200,bid,YieldingYams,WavyWalnuts,8902571
2026-07-06T00:01:38.777106,2026-07-06T00:01:38.781083+00:00,169.1,3,ask,YieldingYams,Xuanyu Liu,8902573
2026-07-06T00:01:39.059701,2026-07-06T00:01:39.069480+00:00,169.1,200,ask,YieldingYams,WavyWalnuts,8902577
2026-07-06T00:01:41.379122,2026-07-06T00:01:41.389777+00:00,169.1,200,bid,YieldingYams,WavyWalnuts,8902606
2026-07-06T00:01:46.327945,2026-07-06T00:01:46.336588+00:00,169.1,200,bid,WavyWalnuts,YieldingYams,8902679
2026-07-06T00:01:48.748375,2026-07-06T00:01:48.756756+00:00,169.1,200,bid,WavyWalnuts,YieldingYams,8902712
2026-07-06T00:01:49.331265,2026-07-06T00:01:49.335379+00:00,169.0,11,ask,AverageAlmonds,Xuanyu Liu,8902722
2026-07-06T00:01:49.552185,2026-07-06T00:01:49.564080+00:00,169.2,20,bid,BrilliantBurritos,YieldingYams,8902724
2026-07-06T00:01:51.130605,2026-07-06T00:01:51.134839+00:00,169.1,12,ask,AverageAlmonds,Xuanyu Liu,8902747
2026-07-06T00:01:51.697134,2026-07-06T00:01:51.701762+00:00,169.1,23,ask,AverageAlmonds,Xuanyu Liu,8902758
2026-07-06T00:01:52.441000,2026-07-06T00:01:52.458599+00:00,169.3,20,bid,BrilliantBurritos,YieldingYams,8902768
2026-07-06T00:01:53.183662,2026-07-06T00:01:53.202190+00:00,169.3,200,bid,YieldingYams,WavyWalnuts,8902784
2026-07-06T00:01:53.198320,2026-07-06T00:01:53.202190+00:00,169.3,22,ask,YieldingYams,Xuanyu Liu,8902787
2026-07-06T00:01:54.857676,2026-07-06T00:01:54.865870+00:00,169.3,20,ask,YieldingYams,BrilliantBurritos,8902812
2026-07-06T00:01:54.883067,2026-07-06T00:01:54.887627+00:00,169.4,34,bid,Xuanyu Liu,WavyWalnuts,8902814
2026-07-06T00:01:58.041400,2026-07-06T00:01:58.046274+00:00,169.3,12,ask,WavyWalnuts,Xuanyu Liu,8902862
2026-07-06T00:01:58.441301,2026-07-06T00:01:58.458591+00:00,169.4,200,bid,WavyWalnuts,YieldingYams,8902870
2026-07-06T00:02:00.177501,2026-07-06T00:02:00.185211+00:00,169.4,500,bid,AverageAlmonds,YieldingYams,8902889
2026-07-06T00:02:00.772805,2026-07-06T00:02:00.782314+00:00,169.4,125,bid,AverageAlmonds,YieldingYams,8902896
2026-07-06T00:02:00.772805,2026-07-06T00:02:00.782314+00:00,169.5,200,bid,AverageAlmonds,WavyWalnuts,8902897
2026-07-06T00:02:00.801101,2026-07-06T00:02:00.804872+00:00,169.5,22,ask,AverageAlmonds,Xuanyu Liu,8902899
2026-07-06T00:02:00.870788,2026-07-06T00:02:00.879424+00:00,169.5,153,ask,AverageAlmonds,WavyWalnuts,8902902
2026-07-06T00:02:00.970098,2026-07-06T00:02:00.979097+00:00,169.5,20,bid,BrilliantBurritos,WavyWalnuts,8902905
2026-07-06T00:02:01.062658,2026-07-06T00:02:01.069469+00:00,169.5,27,bid,YieldingYams,WavyWalnuts,8902907
2026-07-06T00:02:02.096821,2026-07-06T00:02:02.101076+00:00,169.6,11,bid,Xuanyu Liu,WavyWalnuts,8902922
2026-07-06T00:02:03.290508,2026-07-06T00:02:03.298344+00:00,169.5,200,ask,AverageAlmonds,WavyWalnuts,8902938
2026-07-06T00:02:03.821376,2026-07-06T00:02:03.829496+00:00,169.6,500,bid,AverageAlmonds,YieldingYams,8902947
2026-07-06T00:02:04.415734,2026-07-06T00:02:04.423891+00:00,169.6,125,bid,AverageAlmonds,YieldingYams,8902953
2026-07-06T00:02:04.443197,2026-07-06T00:02:04.447096+00:00,169.6,23,ask,AverageAlmonds,Xuanyu Liu,8902955
2026-07-06T00:02:05.045285,2026-07-06T00:02:05.049267+00:00,169.7,11,ask,AverageAlmonds,Xuanyu Liu,8902968
2026-07-06T00:02:06.315214,2026-07-06T00:02:06.318734+00:00,169.8,6,ask,YieldingYams,Xuanyu Liu,8902985
2026-07-06T00:02:06.921707,2026-07-06T00:02:06.929456+00:00,169.8,200,ask,YieldingYams,WavyWalnuts,8902994
2026-07-06T00:02:07.551039,2026-07-06T00:02:07.555364+00:00,170.1,6,bid,Xuanyu Liu,YieldingYams,8903012
2026-07-06T00:02:07.627887,2026-07-06T00:02:07.631987+00:00,169.8,34,bid,Xuanyu Liu,YieldingYams,8903017
2026-07-06T00:02:08.130382,2026-07-06T00:02:08.139426+00:00,169.7,200,ask,AverageAlmonds,WavyWalnuts,8903022
2026-07-06T00:02:09.270917,2026-07-06T00:02:09.281905+00:00,169.8,500,bid,AverageAlmonds,YieldingYams,8903039
2026-07-06T00:02:10.474862,2026-07-06T00:02:10.481644+00:00,169.9,200,bid,AverageAlmonds,WavyWalnuts,8903054
2026-07-06T00:02:10.710763,2026-07-06T00:02:10.714556+00:00,169.9,23,ask,AverageAlmonds,Xuanyu Liu,8903061
2026-07-06T00:02:11.681492,2026-07-06T00:02:11.687681+00:00,170.0,200,bid,AverageAlmonds,WavyWalnuts,8903071
2026-07-06T00:02:11.681492,2026-07-06T00:02:11.687681+00:00,170.1,300,bid,AverageAlmonds,YieldingYams,8903072
2026-07-06T00:02:12.277040,2026-07-06T00:02:12.317048+00:00,170.1,325,bid,AverageAlmonds,YieldingYams,8903081
2026-07-06T00:02:12.312877,2026-07-06T00:02:12.317048+00:00,170.1,17,ask,AverageAlmonds,Xuanyu Liu,8903084
2026-07-06T00:02:12.854378,2026-07-06T00:02:12.856445+00:00,170.1,158,ask,AverageAlmonds,YieldingYams,8903088
2026-07-06T00:02:13.522640,2026-07-06T00:02:13.524971+00:00,170.1,467,bid,AverageAlmonds,YieldingYams,8903094
2026-07-06T00:02:13.876493,2026-07-06T00:02:13.880665+00:00,170.2,17,bid,Xuanyu Liu,WavyWalnuts,8903098
2026-07-06T00:02:14.164262,2026-07-06T00:02:14.174435+00:00,170.2,183,bid,YieldingYams,WavyWalnuts,8903099
2026-07-06T00:02:14.177011,2026-07-06T00:02:14.185021+00:00,170.3,200,ask,YieldingYams,WavyWalnuts,8903100
2026-07-06T00:02:20.481715,2026-07-06T00:02:20.489107+00:00,170.3,20,ask,YieldingYams,BrilliantBurritos,8903175
2026-07-06T00:02:23.056389,2026-07-06T00:02:23.068126+00:00,170.4,20,ask,YieldingYams,BrilliantBurritos,8903211
2026-07-06T00:02:23.381956,2026-07-06T00:02:23.385861+00:00,170.5,50,bid,Xuanyu Liu,YieldingYams,8903217
2026-07-06T00:02:27.293891,2026-07-06T00:02:27.301640+00:00,170.2,200,ask,WavyWalnuts,YieldingYams,8903264
2026-07-06T00:02:28.531968,2026-07-06T00:02:28.540727+00:00,170.1,20,ask,WavyWalnuts,BrilliantBurritos,8903278
2026-07-06T00:02:35.072739,2026-07-06T00:02:35.084584+00:00,170.1,20,ask,YieldingYams,BrilliantBurritos,8903355
2026-07-06T00:02:36.487060,2026-07-06T00:02:36.529969+00:00,170.2,200,ask,WavyWalnuts,YieldingYams,8903372
2026-07-06T00:02:36.526108,2026-07-06T00:02:36.529969+00:00,170.1,19,bid,Xuanyu Liu,YieldingYams,8903375
2026-07-06T00:02:40.822934,2026-07-06T00:02:40.832833+00:00,170.1,200,ask,YieldingYams,WavyWalnuts,8903429
2026-07-06T00:02:43.243444,2026-07-06T00:02:43.258564+00:00,170.1,200,ask,YieldingYams,WavyWalnuts,8903468
2026-07-06T00:02:46.750746,2026-07-06T00:02:46.758604+00:00,170.1,20,ask,WavyWalnuts,BrilliantBurritos,8903512
2026-07-06T00:02:46.984833,2026-07-06T00:02:46.992475+00:00,170.1,200,ask,WavyWalnuts,YieldingYams,8903516
2026-07-06T00:02:51.068398,2026-07-06T00:02:51.079397+00:00,170.1,200,ask,WavyWalnuts,AverageAlmonds,8903579
2026-07-06T00:02:52.101729,2026-07-06T00:02:52.113591+00:00,169.9,20,ask,YieldingYams,BrilliantBurritos,8903585
2026-07-06T00:02:52.231017,2026-07-06T00:02:52.241344+00:00,170.1,500,bid,YieldingYams,AverageAlmonds,8903588
2026-07-06T00:02:52.231017,2026-07-06T00:02:52.241344+00:00,170.1,125,bid,YieldingYams,WavyWalnuts,8903589
2026-07-06T00:02:54.082502,2026-07-06T00:02:54.090320+00:00,169.9,200,ask,WavyWalnuts,AverageAlmonds,8903615
2026-07-06T00:02:54.082502,2026-07-06T00:02:54.095312+00:00,169.9,300,ask,YieldingYams,AverageAlmonds,8903616
2026-07-06T00:02:54.680650,2026-07-06T00:02:54.687471+00:00,169.9,325,ask,YieldingYams,AverageAlmonds,8903626
2026-07-06T00:02:54.711405,2026-07-06T00:02:54.715305+00:00,169.8,14,bid,Xuanyu Liu,AverageAlmonds,8903628
2026-07-06T00:02:56.171573,2026-07-06T00:02:56.178311+00:00,169.9,500,bid,YieldingYams,AverageAlmonds,8903649
2026-07-06T00:02:56.189560,2026-07-06T00:02:56.193183+00:00,169.9,3,ask,YieldingYams,Xuanyu Liu,8903652
2026-07-06T00:02:57.123065,2026-07-06T00:02:57.132555+00:00,169.9,122,ask,YieldingYams,AverageAlmonds,8903672
2026-07-06T00:02:57.728801,2026-07-06T00:02:57.737624+00:00,169.7,200,ask,WavyWalnuts,AverageAlmonds,8903677
2026-07-06T00:03:00.102448,2026-07-06T00:03:00.112797+00:00,169.6,500,bid,YieldingYams,AverageAlmonds,8903707
2026-07-06T00:03:00.129254,2026-07-06T00:03:00.139122+00:00,169.6,125,ask,YieldingYams,AverageAlmonds,8903710
2026-07-06T00:03:00.129254,2026-07-06T00:03:00.139122+00:00,169.5,200,ask,WavyWalnuts,AverageAlmonds,8903711
2026-07-06T00:03:01.371501,2026-07-06T00:03:01.375062+00:00,169.3,11,ask,WavyWalnuts,Xuanyu Liu,8903723
2026-07-06T00:03:05.597693,2026-07-06T00:03:05.605853+00:00,169.3,500,ask,YieldingYams,AverageAlmonds,8903770
2026-07-06T00:03:06.193421,2026-07-06T00:03:06.199901+00:00,169.3,125,ask,YieldingYams,AverageAlmonds,8903782
2026-07-06T00:03:06.193421,2026-07-06T00:03:06.205124+00:00,169.2,200,ask,WavyWalnuts,AverageAlmonds,8903783
2026-07-06T00:03:08.070512,2026-07-06T00:03:08.074509+00:00,169.1,12,ask,WavyWalnuts,Xuanyu Liu,8903817
2026-07-06T00:03:08.700142,2026-07-06T00:03:08.704109+00:00,169.2,11,ask,WavyWalnuts,Xuanyu Liu,8903825
2026-07-06T00:03:09.893866,2026-07-06T00:03:09.901466+00:00,169.3,200,bid,WavyWalnuts,YieldingYams,8903835
2026-07-06T00:03:11.047365,2026-07-06T00:03:11.058558+00:00,169.2,500,ask,YieldingYams,AverageAlmonds,8903850
2026-07-06T00:03:11.638552,2026-07-06T00:03:11.663662+00:00,169.3,200,ask,WavyWalnuts,AverageAlmonds,8903858
2026-07-06T00:03:11.638552,2026-07-06T00:03:11.663662+00:00,169.2,125,ask,YieldingYams,AverageAlmonds,8903859
2026-07-06T00:03:11.670917,2026-07-06T00:03:11.674265+00:00,169.2,11,bid,Xuanyu Liu,AverageAlmonds,8903862
2026-07-06T00:03:12.318072,2026-07-06T00:03:12.327709+00:00,169.2,200,bid,WavyWalnuts,YieldingYams,8903871
2026-07-06T00:03:13.223120,2026-07-06T00:03:13.227464+00:00,169.1,12,bid,Xuanyu Liu,YieldingYams,8903880
2026-07-06T00:03:13.954555,2026-07-06T00:03:13.958319+00:00,169.1,11,bid,Xuanyu Liu,YieldingYams,8903890
2026-07-06T00:03:16.793848,2026-07-06T00:03:16.800805+00:00,169.1,20,bid,BrilliantBurritos,YieldingYams,8903925
2026-07-06T00:03:17.146359,2026-07-06T00:03:17.158612+00:00,169.0,200,ask,WavyWalnuts,YieldingYams,8903929
2026-07-06T00:03:18.835864,2026-07-06T00:03:18.847533+00:00,168.9,20,ask,WavyWalnuts,BrilliantBurritos,8903955
2026-07-06T00:03:19.775651,2026-07-06T00:03:19.784968+00:00,169.0,200,ask,WavyWalnuts,YieldingYams,8903970
2026-07-06T00:03:20.347751,2026-07-06T00:03:20.351841+00:00,168.7,11,ask,YieldingYams,Xuanyu Liu,8903974
2026-07-06T00:03:20.821537,2026-07-06T00:03:20.825231+00:00,168.9,23,ask,WavyWalnuts,Xuanyu Liu,8903980
2026-07-06T00:03:23.253866,2026-07-06T00:03:23.257729+00:00,169.0,12,ask,WavyWalnuts,Xuanyu Liu,8904014
2026-07-06T00:03:23.706748,2026-07-06T00:03:23.716349+00:00,169.0,188,ask,WavyWalnuts,YieldingYams,8904017
2026-07-06T00:03:24.445807,2026-07-06T00:03:24.458612+00:00,169.0,200,bid,WavyWalnuts,YieldingYams,8904030
2026-07-06T00:03:26.866512,2026-07-06T00:03:26.874645+00:00,169.0,200,ask,YieldingYams,WavyWalnuts,8904055
2026-07-06T00:03:30.374274,2026-07-06T00:03:30.385802+00:00,169.1,20,bid,BrilliantBurritos,YieldingYams,8904100
2026-07-06T00:03:30.490768,2026-07-06T00:03:30.499017+00:00,169.1,200,bid,WavyWalnuts,YieldingYams,8904103
2026-07-06T00:03:32.564779,2026-07-06T00:03:32.576796+00:00,169.1,20,ask,YieldingYams,BrilliantBurritos,8904133
2026-07-06T00:03:34.125524,2026-07-06T00:03:34.136880+00:00,169.1,200,ask,YieldingYams,WavyWalnuts,8904150
2026-07-06T00:03:36.555254,2026-07-06T00:03:36.558579+00:00,169.1,200,ask,YieldingYams,WavyWalnuts,8904186
2026-07-06T00:03:38.972512,2026-07-06T00:03:38.979539+00:00,169.0,200,bid,WavyWalnuts,YieldingYams,8904222
2026-07-06T00:03:40.562076,2026-07-06T00:03:40.573799+00:00,168.8,20,ask,YieldingYams,BrilliantBurritos,8904243
2026-07-06T00:03:41.393015,2026-07-06T00:03:41.400878+00:00,168.9,200,bid,WavyWalnuts,AverageAlmonds,8904252
2026-07-06T00:03:42.605898,2026-07-06T00:03:42.612897+00:00,168.9,200,bid,WavyWalnuts,AverageAlmonds,8904264
2026-07-06T00:03:43.365043,2026-07-06T00:03:43.374112+00:00,169.0,500,bid,YieldingYams,AverageAlmonds,8904279
2026-07-06T00:03:43.727557,2026-07-06T00:03:43.735308+00:00,169.0,125,ask,YieldingYams,AverageAlmonds,8904285
2026-07-06T00:03:44.676564,2026-07-06T00:03:44.697676+00:00,168.8,200,ask,WavyWalnuts,YieldingYams,8904298
2026-07-06T00:03:44.693807,2026-07-06T00:03:44.697676+00:00,168.8,12,bid,Xuanyu Liu,YieldingYams,8904300
2026-07-06T00:03:45.596758,2026-07-06T00:03:45.600958+00:00,168.8,23,bid,Xuanyu Liu,YieldingYams,8904308
2026-07-06T00:03:51.918733,2026-07-06T00:03:51.925456+00:00,169.0,20,bid,BrilliantBurritos,WavyWalnuts,8904375
2026-07-06T00:03:53.869518,2026-07-06T00:03:53.878065+00:00,169.1,500,bid,YieldingYams,AverageAlmonds,8904401
2026-07-06T00:03:53.886359,2026-07-06T00:03:53.890493+00:00,169.1,8,ask,YieldingYams,Xuanyu Liu,8904403
2026-07-06T00:03:54.026926,2026-07-06T00:03:54.034863+00:00,169.1,117,ask,YieldingYams,AverageAlmonds,8904404
2026-07-06T00:03:56.494083,2026-07-06T00:03:56.514644+00:00,169.0,200,ask,WavyWalnuts,YieldingYams,8904424
2026-07-06T00:03:56.511315,2026-07-06T00:03:56.514644+00:00,169.0,8,bid,Xuanyu Liu,YieldingYams,8904427
2026-07-06T00:03:59.813248,2026-07-06T00:03:59.826056+00:00,169.0,20,bid,BrilliantBurritos,WavyWalnuts,8904462
2026-07-06T00:04:04.327332,2026-07-06T00:04:04.337619+00:00,168.9,500,ask,YieldingYams,AverageAlmonds,8904516
2026-07-06T00:04:04.584683,2026-07-06T00:04:04.588998+00:00,168.8,11,bid,Xuanyu Liu,YieldingYams,8904523
2026-07-06T00:04:05.644176,2026-07-06T00:04:05.647997+00:00,168.7,3,bid,Xuanyu Liu,WavyWalnuts,8904537
2026-07-06T00:04:09.617724,2026-07-06T00:04:09.628845+00:00,168.6,200,ask,WavyWalnuts,YieldingYams,8904595
2026-07-06T00:04:16.178331,2026-07-06T00:04:16.187998+00:00,168.7,200,bid,YieldingYams,WavyWalnuts,8904673
2026-07-06T00:04:20.050740,2026-07-06T00:04:20.060203+00:00,168.6,200,ask,WavyWalnuts,AverageAlmonds,8904723
2026-07-06T00:04:20.144941,2026-07-06T00:04:20.151870+00:00,168.6,200,bid,WavyWalnuts,AverageAlmonds,8904724
2026-07-06T00:04:21.359545,2026-07-06T00:04:21.371397+00:00,168.5,200,bid,WavyWalnuts,AverageAlmonds,8904743
2026-07-06T00:04:22.434521,2026-07-06T00:04:22.441060+00:00,168.4,20,ask,YieldingYams,BrilliantBurritos,8904755
2026-07-06T00:04:24.039788,2026-07-06T00:04:24.044364+00:00,168.4,3,ask,YieldingYams,Xuanyu Liu,8904777
2026-07-06T00:04:25.003770,2026-07-06T00:04:25.010729+00:00,168.4,200,ask,YieldingYams,WavyWalnuts,8904792
2026-07-06T00:04:25.363001,2026-07-06T00:04:25.369445+00:00,168.5,500,bid,YieldingYams,AverageAlmonds,8904794
2026-07-06T00:04:25.386062,2026-07-06T00:04:25.390144+00:00,168.5,11,ask,YieldingYams,Xuanyu Liu,8904797
2026-07-06T00:04:25.494492,2026-07-06T00:04:25.501635+00:00,168.5,114,ask,YieldingYams,AverageAlmonds,8904798
2026-07-06T00:04:26.731580,2026-07-06T00:04:26.741831+00:00,168.3,200,ask,WavyWalnuts,AverageAlmonds,8904810
2026-07-06T00:04:27.336417,2026-07-06T00:04:27.343728+00:00,168.2,500,ask,YieldingYams,AverageAlmonds,8904822
2026-07-06T00:04:30.364274,2026-07-06T00:04:30.368277+00:00,168.1,12,ask,WavyWalnuts,Xuanyu Liu,8904862
2026-07-06T00:04:30.955272,2026-07-06T00:04:30.957266+00:00,168.1,188,ask,WavyWalnuts,AverageAlmonds,8904870
2026-07-06T00:04:31.554153,2026-07-06T00:04:31.564507+00:00,168.0,200,ask,WavyWalnuts,AverageAlmonds,8904874
2026-07-06T00:04:36.469413,2026-07-06T00:04:36.479037+00:00,167.9,20,ask,YieldingYams,BrilliantBurritos,8904925
2026-07-06T00:04:37.910950,2026-07-06T00:04:37.922807+00:00,168.1,20,bid,BrilliantBurritos,WavyWalnuts,8904936
2026-07-06T00:04:41.110900,2026-07-06T00:04:41.121651+00:00,168.1,200,bid,YieldingYams,WavyWalnuts,8904973
2026-07-06T00:04:42.938442,2026-07-06T00:04:42.950695+00:00,168.0,20,ask,WavyWalnuts,BrilliantBurritos,8904989
2026-07-06T00:04:44.351514,2026-07-06T00:04:44.358178+00:00,168.3,200,bid,WavyWalnuts,YieldingYams,8905007
2026-07-06T00:04:46.361345,2026-07-06T00:04:46.369730+00:00,168.2,200,ask,WavyWalnuts,YieldingYams,8905034
2026-07-06T00:04:46.375303,2026-07-06T00:04:46.378706+00:00,168.2,12,bid,Xuanyu Liu,YieldingYams,8905036
2026-07-06T00:04:48.868164,2026-07-06T00:04:48.880564+00:00,168.4,14,bid,Xuanyu Liu,YieldingYams,8905064
2026-07-06T00:04:51.990236,2026-07-06T00:04:52.002081+00:00,168.4,20,bid,BrilliantBurritos,WavyWalnuts,8905103
2026-07-06T00:04:54.229299,2026-07-06T00:04:54.238082+00:00,168.3,200,bid,YieldingYams,WavyWalnuts,8905137
2026-07-06T00:04:55.255924,2026-07-06T00:04:55.263623+00:00,168.3,200,ask,YieldingYams,WavyWalnuts,8905147
2026-07-06T00:04:58.165642,2026-07-06T00:04:58.174758+00:00,168.2,200,bid,YieldingYams,WavyWalnuts,8905181
2026-07-06T00:04:58.888013,2026-07-06T00:04:58.898115+00:00,168.3,200,ask,YieldingYams,WavyWalnuts,8905192
2026-07-06T00:05:01.207644,2026-07-06T00:05:01.209332+00:00,168.2,500,bid,AverageAlmonds,YieldingYams,8905212
2026-07-06T00:05:01.804262,2026-07-06T00:05:01.811577+00:00,168.2,125,bid,AverageAlmonds,YieldingYams,8905222
2026-07-06T00:05:02.526712,2026-07-06T00:05:02.536883+00:00,168.3,200,ask,AverageAlmonds,WavyWalnuts,8905234
2026-07-06T00:05:03.736594,2026-07-06T00:05:03.746170+00:00,168.4,200,ask,AverageAlmonds,WavyWalnuts,8905253
2026-07-06T00:05:04.949125,2026-07-06T00:05:04.958580+00:00,168.6,200,ask,AverageAlmonds,WavyWalnuts,8905274
2026-07-06T00:05:06.095163,2026-07-06T00:05:06.103554+00:00,168.8,20,bid,BrilliantBurritos,YieldingYams,8905297
2026-07-06T00:05:06.160228,2026-07-06T00:05:06.169181+00:00,168.6,200,ask,YieldingYams,WavyWalnuts,8905300
2026-07-06T00:05:07.367850,2026-07-06T00:05:07.376955+00:00,168.5,200,ask,YieldingYams,WavyWalnuts,8905316
2026-07-06T00:05:08.576991,2026-07-06T00:05:08.583457+00:00,168.5,200,ask,YieldingYams,WavyWalnuts,8905326
2026-07-06T00:05:08.656170,2026-07-06T00:05:08.652633+00:00,168.5,500,ask,AverageAlmonds,YieldingYams,8905327
2026-07-06T00:05:08.675136,2026-07-06T00:05:08.678834+00:00,168.5,14,bid,Xuanyu Liu,YieldingYams,8905331
2026-07-06T00:05:09.098097,2026-07-06T00:05:09.106240+00:00,168.5,111,bid,AverageAlmonds,YieldingYams,8905341
2026-07-06T00:05:09.787902,2026-07-06T00:05:09.799027+00:00,168.7,200,ask,AverageAlmonds,WavyWalnuts,8905354
2026-07-06T00:05:10.997647,2026-07-06T00:05:11.006004+00:00,168.7,200,ask,AverageAlmonds,WavyWalnuts,8905375
2026-07-06T00:05:11.961070,2026-07-06T00:05:11.970346+00:00,168.9,20,bid,BrilliantBurritos,YieldingYams,8905386
2026-07-06T00:05:12.216525,2026-07-06T00:05:12.224397+00:00,168.7,200,ask,AverageAlmonds,WavyWalnuts,8905392
2026-07-06T00:05:12.590295,2026-07-06T00:05:12.599579+00:00,168.7,300,ask,AverageAlmonds,YieldingYams,8905395
2026-07-06T00:05:12.716027,2026-07-06T00:05:12.724876+00:00,168.7,325,bid,AverageAlmonds,YieldingYams,8905396
2026-07-06T00:05:13.427461,2026-07-06T00:05:13.438017+00:00,168.7,200,ask,AverageAlmonds,WavyWalnuts,8905403
2026-07-06T00:05:13.978454,2026-07-06T00:05:13.990057+00:00,168.9,20,ask,YieldingYams,BrilliantBurritos,8905414
2026-07-06T00:05:14.639844,2026-07-06T00:05:14.648915+00:00,168.9,200,ask,YieldingYams,WavyWalnuts,8905418
2026-07-06T00:05:15.219626,2026-07-06T00:05:15.222992+00:00,168.9,12,bid,Xuanyu Liu,YieldingYams,8905431
2026-07-06T00:05:15.764677,2026-07-06T00:05:15.775115+00:00,168.9,500,bid,AverageAlmonds,YieldingYams,8905436
2026-07-06T00:05:15.864437,2026-07-06T00:05:15.868182+00:00,168.8,11,bid,Xuanyu Liu,WavyWalnuts,8905442
2026-07-06T00:05:16.361873,2026-07-06T00:05:16.371324+00:00,168.8,189,bid,AverageAlmonds,WavyWalnuts,8905452
2026-07-06T00:05:16.361873,2026-07-06T00:05:16.371324+00:00,168.9,113,bid,AverageAlmonds,YieldingYams,8905453
2026-07-06T00:05:17.054259,2026-07-06T00:05:17.063666+00:00,168.9,200,ask,YieldingYams,WavyWalnuts,8905463
2026-07-06T00:05:17.601560,2026-07-06T00:05:17.605725+00:00,169.0,11,ask,AverageAlmonds,Xuanyu Liu,8905470
2026-07-06T00:05:18.780004,2026-07-06T00:05:18.787796+00:00,169.1,200,bid,AverageAlmonds,WavyWalnuts,8905490
2026-07-06T00:05:18.799707,2026-07-06T00:05:18.803198+00:00,169.1,12,ask,AverageAlmonds,Xuanyu Liu,8905492
2026-07-06T00:05:19.129189,2026-07-06T00:05:19.139857+00:00,169.1,288,ask,AverageAlmonds,YieldingYams,8905498
2026-07-06T00:05:20.554357,2026-07-06T00:05:20.558323+00:00,169.1,12,bid,Xuanyu Liu,YieldingYams,8905522
2026-07-06T00:05:21.761134,2026-07-06T00:05:21.764986+00:00,169.0,11,bid,Xuanyu Liu,YieldingYams,8905538
2026-07-06T00:05:21.791757,2026-07-06T00:05:21.803509+00:00,169.0,20,bid,BrilliantBurritos,YieldingYams,8905539
2026-07-06T00:05:24.360045,2026-07-06T00:05:24.377959+00:00,169.0,200,bid,YieldingYams,WavyWalnuts,8905571
2026-07-06T00:05:24.374395,2026-07-06T00:05:24.377959+00:00,169.0,11,ask,YieldingYams,Xuanyu Liu,8905573
2026-07-06T00:05:26.999410,2026-07-06T00:05:27.002941+00:00,168.9,11,bid,Xuanyu Liu,YieldingYams,8905606
2026-07-06T00:05:28.287971,2026-07-06T00:05:28.307408+00:00,168.8,200,ask,WavyWalnuts,YieldingYams,8905619
2026-07-06T00:05:28.303692,2026-07-06T00:05:28.307408+00:00,168.8,12,bid,Xuanyu Liu,YieldingYams,8905621
2026-07-06T00:05:28.473006,2026-07-06T00:05:28.486902+00:00,168.8,413,bid,AverageAlmonds,YieldingYams,8905622
2026-07-06T00:05:29.153105,2026-07-06T00:05:29.156722+00:00,168.7,200,ask,AverageAlmonds,WavyWalnuts,8905629
2026-07-06T00:05:30.364556,2026-07-06T00:05:30.374038+00:00,169.0,200,ask,YieldingYams,WavyWalnuts,8905638
2026-07-06T00:05:31.240367,2026-07-06T00:05:31.258640+00:00,169.1,20,ask,YieldingYams,BrilliantBurritos,8905646
2026-07-06T00:05:31.573397,2026-07-06T00:05:31.579774+00:00,169.1,200,ask,YieldingYams,WavyWalnuts,8905650
2026-07-06T00:05:33.993217,2026-07-06T00:05:34.002481+00:00,169.0,200,ask,YieldingYams,WavyWalnuts,8905675
2026-07-06T00:05:36.073189,2026-07-06T00:05:36.081438+00:00,169.0,20,ask,YieldingYams,BrilliantBurritos,8905701
2026-07-06T00:05:36.139372,2026-07-06T00:05:36.146876+00:00,169.1,200,bid,YieldingYams,WavyWalnuts,8905702
2026-07-06T00:05:36.411471,2026-07-06T00:05:36.419753+00:00,169.1,200,ask,YieldingYams,WavyWalnuts,8905704
2026-07-06T00:05:37.469489,2026-07-06T00:05:37.473495+00:00,169.1,22,bid,Xuanyu Liu,YieldingYams,8905722
2026-07-06T00:05:37.630411,2026-07-06T00:05:37.633663+00:00,169.0,12,bid,Xuanyu Liu,WavyWalnuts,8905728
2026-07-06T00:05:39.531458,2026-07-06T00:05:39.535222+00:00,168.9,12,ask,YieldingYams,Xuanyu Liu,8905750
2026-07-06T00:05:41.916669,2026-07-06T00:05:41.925811+00:00,168.8,20,ask,YieldingYams,BrilliantBurritos,8905788
2026-07-06T00:05:42.998779,2026-07-06T00:05:43.008835+00:00,168.9,500,bid,AverageAlmonds,YieldingYams,8905803
2026-07-06T00:05:43.675900,2026-07-06T00:05:43.686547+00:00,168.9,125,bid,WavyWalnuts,YieldingYams,8905815
2026-07-06T00:05:46.649537,2026-07-06T00:05:46.658587+00:00,169.0,200,bid,AverageAlmonds,WavyWalnuts,8905847
2026-07-06T00:05:46.801211,2026-07-06T00:05:46.813085+00:00,169.0,20,ask,AverageAlmonds,BrilliantBurritos,8905850
2026-07-06T00:05:47.252285,2026-07-06T00:05:47.264087+00:00,169.1,500,bid,AverageAlmonds,YieldingYams,8905855
2026-07-06T00:05:47.850008,2026-07-06T00:05:47.858588+00:00,169.0,200,bid,AverageAlmonds,WavyWalnuts,8905864
2026-07-06T00:05:47.850008,2026-07-06T00:05:47.858588+00:00,169.1,125,bid,AverageAlmonds,YieldingYams,8905865
2026-07-06T00:05:47.912868,2026-07-06T00:05:47.916733+00:00,169.2,11,ask,AverageAlmonds,Xuanyu Liu,8905868
2026-07-06T00:05:48.523176,2026-07-06T00:05:48.536242+00:00,169.1,200,ask,YieldingYams,WavyWalnuts,8905880
2026-07-06T00:05:49.249461,2026-07-06T00:05:49.253351+00:00,169.3,11,bid,Xuanyu Liu,YieldingYams,8905889
2026-07-06T00:05:49.732350,2026-07-06T00:05:49.744093+00:00,169.2,200,ask,AverageAlmonds,WavyWalnuts,8905893
2026-07-06T00:05:50.265744,2026-07-06T00:05:50.274420+00:00,169.3,500,bid,AverageAlmonds,YieldingYams,8905899
2026-07-06T00:05:50.940415,2026-07-06T00:05:50.947269+00:00,169.4,200,ask,AverageAlmonds,WavyWalnuts,8905916
2026-07-06T00:05:52.702262,2026-07-06T00:05:52.713638+00:00,169.4,200,bid,AverageAlmonds,WavyWalnuts,8905944
2026-07-06T00:05:53.355757,2026-07-06T00:05:53.358551+00:00,169.4,200,ask,AverageAlmonds,WavyWalnuts,8905957
2026-07-06T00:05:53.905694,2026-07-06T00:05:53.913553+00:00,169.5,500,bid,AverageAlmonds,YieldingYams,8905962
2026-07-06T00:05:54.529271,2026-07-06T00:05:54.533078+00:00,169.6,11,ask,AverageAlmonds,Xuanyu Liu,8905976
2026-07-06T00:05:54.538688,2026-07-06T00:05:54.542221+00:00,169.6,11,ask,AverageAlmonds,Xuanyu Liu,8905978
2026-07-06T00:05:54.562872,2026-07-06T00:05:54.571111+00:00,169.6,200,ask,AverageAlmonds,WavyWalnuts,8905981
2026-07-06T00:05:55.773802,2026-07-06T00:05:55.783626+00:00,169.6,200,ask,AverageAlmonds,WavyWalnuts,8905994
2026-07-06T00:05:55.889896,2026-07-06T00:05:55.901497+00:00,169.7,20,bid,BrilliantBurritos,YieldingYams,8905997
2026-07-06T00:05:56.980885,2026-07-06T00:05:56.989411+00:00,169.6,200,ask,AverageAlmonds,WavyWalnuts,8906014
2026-07-06T00:05:58.191447,2026-07-06T00:05:58.201043+00:00,169.6,200,ask,AverageAlmonds,WavyWalnuts,8906031
2026-07-06T00:05:58.351054,2026-07-06T00:05:58.357540+00:00,169.8,20,bid,BrilliantBurritos,YieldingYams,8906033
2026-07-06T00:05:58.506104,2026-07-06T00:05:58.509703+00:00,169.6,23,ask,AverageAlmonds,Xuanyu Liu,8906040
2026-07-06T00:05:59.353534,2026-07-06T00:05:59.361657+00:00,169.7,500,bid,AverageAlmonds,YieldingYams,8906049
2026-07-06T00:05:59.743796,2026-07-06T00:05:59.751895+00:00,169.6,200,bid,YieldingYams,WavyWalnuts,8906058
2026-07-06T00:05:59.765224,2026-07-06T00:05:59.769309+00:00,169.8,23,ask,YieldingYams,Xuanyu Liu,8906060
2026-07-06T00:06:00.605747,2026-07-06T00:06:00.616159+00:00,169.8,200,ask,YieldingYams,WavyWalnuts,8906082
2026-07-06T00:06:01.671985,2026-07-06T00:06:01.676556+00:00,169.9,11,bid,Xuanyu Liu,YieldingYams,8906089
2026-07-06T00:06:01.830812,2026-07-06T00:06:01.835189+00:00,169.8,12,bid,Xuanyu Liu,WavyWalnuts,8906093
2026-07-06T00:06:02.815876,2026-07-06T00:06:02.822861+00:00,169.8,20,bid,BrilliantBurritos,WavyWalnuts,8906113
2026-07-06T00:06:06.321381,2026-07-06T00:06:06.325171+00:00,169.7,12,ask,YieldingYams,Xuanyu Liu,8906157
2026-07-06T00:06:07.546211,2026-07-06T00:06:07.558551+00:00,169.8,20,bid,BrilliantBurritos,WavyWalnuts,8906172
2026-07-06T00:06:07.619482,2026-07-06T00:06:07.630460+00:00,169.8,180,bid,YieldingYams,WavyWalnuts,8906178
2026-07-06T00:06:07.637083,2026-07-06T00:06:07.641300+00:00,169.8,11,ask,YieldingYams,Xuanyu Liu,8906180
2026-07-06T00:06:10.243802,2026-07-06T00:06:10.253577+00:00,169.8,200,bid,YieldingYams,WavyWalnuts,8906210
2026-07-06T00:06:10.301924,2026-07-06T00:06:10.311257+00:00,169.9,200,ask,YieldingYams,WavyWalnuts,8906216
2026-07-06T00:06:11.165823,2026-07-06T00:06:11.169411+00:00,169.9,3,ask,YieldingYams,Xuanyu Liu,8906229
2026-07-06T00:06:14.179505,2026-07-06T00:06:14.190139+00:00,169.8,200,ask,WavyWalnuts,YieldingYams,8906273
2026-07-06T00:06:15.162207,2026-07-06T00:06:15.169018+00:00,169.8,200,bid,WavyWalnuts,YieldingYams,8906281
2026-07-06T00:06:17.584303,2026-07-06T00:06:17.596031+00:00,169.9,200,bid,WavyWalnuts,YieldingYams,8906311
2026-07-06T00:06:18.810337,2026-07-06T00:06:18.814750+00:00,169.9,3,ask,WavyWalnuts,Xuanyu Liu,8906329
2026-07-06T00:06:22.070683,2026-07-06T00:06:22.081272+00:00,169.9,200,bid,YieldingYams,WavyWalnuts,8906367
2026-07-06T00:06:28.041438,2026-07-06T00:06:28.053405+00:00,169.7,20,ask,WavyWalnuts,BrilliantBurritos,8906435
2026-07-06T00:06:30.584704,2026-07-06T00:06:30.593940+00:00,170.1,20,bid,BrilliantBurritos,YieldingYams,8906463
2026-07-06T00:06:32.830749,2026-07-06T00:06:32.842278+00:00,170.1,20,bid,BrilliantBurritos,WavyWalnuts,8906491
2026-07-06T00:06:35.739139,2026-07-06T00:06:35.749466+00:00,170.0,200,ask,YieldingYams,WavyWalnuts,8906536
2026-07-06T00:06:36.546906,2026-07-06T00:06:36.551480+00:00,170.0,3,bid,Xuanyu Liu,YieldingYams,8906552
2026-07-06T00:06:37.839113,2026-07-06T00:06:37.846199+00:00,169.9,200,ask,WavyWalnuts,YieldingYams,8906569
2026-07-06T00:06:37.861792,2026-07-06T00:06:37.865680+00:00,169.9,3,bid,Xuanyu Liu,YieldingYams,8906573
2026-07-06T00:06:38.151342,2026-07-06T00:06:38.161373+00:00,169.9,200,bid,WavyWalnuts,YieldingYams,8906578
2026-07-06T00:06:39.661186,2026-07-06T00:06:39.664995+00:00,170.0,3,ask,YieldingYams,Xuanyu Liu,8906596
2026-07-06T00:06:40.456543,2026-07-06T00:06:40.458754+00:00,170.1,200,bid,YieldingYams,WavyWalnuts,8906606
2026-07-06T00:06:40.474987,2026-07-06T00:06:40.478700+00:00,170.1,3,ask,YieldingYams,Xuanyu Liu,8906608
2026-07-06T00:06:43.022075,2026-07-06T00:06:43.025834+00:00,170.1,3,bid,Xuanyu Liu,WavyWalnuts,8906644
2026-07-06T00:06:45.728659,2026-07-06T00:06:45.740096+00:00,170.0,200,bid,YieldingYams,WavyWalnuts,8906672
2026-07-06T00:06:47.712919,2026-07-06T00:06:47.724619+00:00,170.1,20,bid,BrilliantBurritos,YieldingYams,8906691
2026-07-06T00:06:56.202623,2026-07-06T00:06:56.212889+00:00,169.9,200,ask,WavyWalnuts,YieldingYams,8906816
2026-07-06T00:06:58.631776,2026-07-06T00:06:58.636065+00:00,169.7,14,ask,AverageAlmonds,Xuanyu Liu,8906847
2026-07-06T00:06:58.702706,2026-07-06T00:06:58.709398+00:00,169.8,200,bid,AverageAlmonds,WavyWalnuts,8906848
2026-07-06T00:06:58.702706,2026-07-06T00:06:58.714870+00:00,169.8,300,bid,AverageAlmonds,YieldingYams,8906849
2026-07-06T00:06:59.325826,2026-07-06T00:06:59.329569+00:00,169.8,12,ask,AverageAlmonds,Xuanyu Liu,8906858
2026-07-06T00:07:00.288532,2026-07-06T00:07:00.297988+00:00,170.0,20,bid,BrilliantBurritos,WavyWalnuts,8906875
2026-07-06T00:07:01.186078,2026-07-06T00:07:01.194519+00:00,170.0,200,bid,WavyWalnuts,YieldingYams,8906894
2026-07-06T00:07:01.505812,2026-07-06T00:07:01.509890+00:00,170.0,23,ask,YieldingYams,Xuanyu Liu,8906900
2026-07-06T00:07:02.412292,2026-07-06T00:07:02.416005+00:00,170.1,12,bid,Xuanyu Liu,WavyWalnuts,8906913
2026-07-06T00:07:03.608540,2026-07-06T00:07:03.618553+00:00,170.0,200,ask,AverageAlmonds,WavyWalnuts,8906927
2026-07-06T00:07:05.420722,2026-07-06T00:07:05.430206+00:00,170.1,200,bid,YieldingYams,WavyWalnuts,8906949
2026-07-06T00:07:06.024513,2026-07-06T00:07:06.033671+00:00,170.1,200,ask,YieldingYams,WavyWalnuts,8906960
2026-07-06T00:07:07.231210,2026-07-06T00:07:07.242562+00:00,170.1,200,ask,YieldingYams,WavyWalnuts,8906972
2026-07-06T00:07:08.130739,2026-07-06T00:07:08.135206+00:00,170.3,23,bid,Xuanyu Liu,YieldingYams,8906987
2026-07-06T00:07:08.464614,2026-07-06T00:07:08.468559+00:00,170.1,14,bid,Xuanyu Liu,WavyWalnuts,8906994
2026-07-06T00:07:11.307337,2026-07-06T00:07:11.369626+00:00,169.9,20,ask,YieldingYams,BrilliantBurritos,8907032
2026-07-06T00:07:11.365405,2026-07-06T00:07:11.369626+00:00,169.9,3,ask,YieldingYams,Xuanyu Liu,8907034
2026-07-06T00:07:12.027424,2026-07-06T00:07:12.031002+00:00,170.0,11,ask,YieldingYams,Xuanyu Liu,8907041
2026-07-06T00:07:12.069273,2026-07-06T00:07:12.079907+00:00,170.0,200,ask,YieldingYams,WavyWalnuts,8907044
2026-07-06T00:07:14.639019,2026-07-06T00:07:14.648836+00:00,169.9,200,ask,WavyWalnuts,YieldingYams,8907088
2026-07-06T00:07:14.828885,2026-07-06T00:07:14.838784+00:00,169.8,20,ask,AverageAlmonds,BrilliantBurritos,8907089
2026-07-06T00:07:15.022837,2026-07-06T00:07:15.029342+00:00,169.9,425,bid,AverageAlmonds,YieldingYams,8907090
2026-07-06T00:07:15.961437,2026-07-06T00:07:15.965151+00:00,170.0,12,ask,YieldingYams,Xuanyu Liu,8907103
2026-07-06T00:07:16.904721,2026-07-06T00:07:16.914357+00:00,170.0,200,ask,YieldingYams,WavyWalnuts,8907115
2026-07-06T00:07:20.981760,2026-07-06T00:07:20.993906+00:00,169.9,20,bid,BrilliantBurritos,YieldingYams,8907162
2026-07-06T00:07:21.691046,2026-07-06T00:07:21.695213+00:00,169.9,11,ask,AverageAlmonds,Xuanyu Liu,8907169
2026-07-06T00:07:21.735209,2026-07-06T00:07:21.744235+00:00,169.9,200,ask,AverageAlmonds,WavyWalnuts,8907171
2026-07-06T00:07:23.827680,2026-07-06T00:07:23.831345+00:00,170.0,12,ask,YieldingYams,Xuanyu Liu,8907190
2026-07-06T00:07:23.932434,2026-07-06T00:07:23.944787+00:00,170.1,20,bid,BrilliantBurritos,WavyWalnuts,8907193
2026-07-06T00:07:23.941038,2026-07-06T00:07:23.944787+00:00,170.1,12,bid,Xuanyu Liu,WavyWalnuts,8907194
2026-07-06T00:07:26.435142,2026-07-06T00:07:26.441786+00:00,170.0,200,bid,YieldingYams,WavyWalnuts,8907219
2026-07-06T00:07:27.027102,2026-07-06T00:07:27.038938+00:00,170.0,20,ask,YieldingYams,BrilliantBurritos,8907228
2026-07-06T00:07:29.193607,2026-07-06T00:07:29.201925+00:00,170.0,20,bid,BrilliantBurritos,YieldingYams,8907262
2026-07-06T00:07:30.202716,2026-07-06T00:07:30.210701+00:00,170.0,200,bid,WavyWalnuts,YieldingYams,8907268
2026-07-06T00:07:31.672307,2026-07-06T00:07:31.679722+00:00,170.0,200,ask,WavyWalnuts,YieldingYams,8907284
2026-07-06T00:07:33.442298,2026-07-06T00:07:33.446254+00:00,169.8,23,ask,WavyWalnuts,Xuanyu Liu,8907311
2026-07-06T00:07:35.959994,2026-07-06T00:07:35.971321+00:00,170.0,20,bid,BrilliantBurritos,WavyWalnuts,8907347
2026-07-06T00:07:36.262683,2026-07-06T00:07:36.269476+00:00,169.8,200,ask,YieldingYams,WavyWalnuts,8907353
2026-07-06T00:07:40.461533,2026-07-06T00:07:40.469250+00:00,169.9,500,bid,AverageAlmonds,YieldingYams,8907412
2026-07-06T00:07:40.533134,2026-07-06T00:07:40.544679+00:00,169.7,20,ask,WavyWalnuts,BrilliantBurritos,8907414
2026-07-06T00:07:40.881943,2026-07-06T00:07:40.885690+00:00,169.9,11,ask,YieldingYams,Xuanyu Liu,8907422
2026-07-06T00:07:43.475058,2026-07-06T00:07:43.482157+00:00,170.1,500,bid,AverageAlmonds,YieldingYams,8907446
2026-07-06T00:07:46.114489,2026-07-06T00:07:46.125620+00:00,170.2,200,ask,WavyWalnuts,YieldingYams,8907484
2026-07-06T00:07:46.209087,2026-07-06T00:07:46.220835+00:00,170.0,20,ask,YieldingYams,BrilliantBurritos,8907485
2026-07-06T00:07:47.423486,2026-07-06T00:07:47.433482+00:00,170.2,200,bid,YieldingYams,WavyWalnuts,8907507
2026-07-06T00:07:51.777592,2026-07-06T00:07:51.789386+00:00,170.3,20,bid,BrilliantBurritos,YieldingYams,8907552
2026-07-06T00:07:54.442948,2026-07-06T00:07:54.451170+00:00,170.3,200,bid,WavyWalnuts,YieldingYams,8907585
2026-07-06T00:07:58.069000,2026-07-06T00:07:58.080246+00:00,170.3,200,ask,YieldingYams,WavyWalnuts,8907635
2026-07-06T00:07:58.840240,2026-07-06T00:07:58.852267+00:00,170.5,20,bid,BrilliantBurritos,YieldingYams,8907645
2026-07-06T00:08:00.439364,2026-07-06T00:08:00.450651+00:00,170.4,200,bid,AverageAlmonds,WavyWalnuts,8907659
2026-07-06T00:08:00.527363,2026-07-06T00:08:00.538665+00:00,170.4,300,ask,AverageAlmonds,YieldingYams,8907664
2026-07-06T00:08:01.038758,2026-07-06T00:08:01.046865+00:00,170.4,325,bid,AverageAlmonds,YieldingYams,8907675
2026-07-06T00:08:10.126270,2026-07-06T00:08:10.136323+00:00,170.6,20,ask,YieldingYams,BrilliantBurritos,8907783
2026-07-06T00:08:11.465667,2026-07-06T00:08:11.470219+00:00,170.7,11,bid,Xuanyu Liu,WavyWalnuts,8907795
2026-07-06T00:08:12.037384,2026-07-06T00:08:12.045442+00:00,170.6,20,ask,YieldingYams,BrilliantBurritos,8907806
2026-07-06T00:08:13.631913,2026-07-06T00:08:13.635785+00:00,170.6,11,bid,Xuanyu Liu,YieldingYams,8907831
2026-07-06T00:08:21.579239,2026-07-06T00:08:21.591010+00:00,170.4,20,ask,WavyWalnuts,BrilliantBurritos,8907934
2026-07-06T00:08:22.774803,2026-07-06T00:08:22.783940+00:00,170.6,200,bid,YieldingYams,WavyWalnuts,8907952
2026-07-06T00:08:23.503459,2026-07-06T00:08:23.513398+00:00,170.6,200,ask,YieldingYams,WavyWalnuts,8907961
2026-07-06T00:08:24.153429,2026-07-06T00:08:24.165198+00:00,170.4,20,ask,YieldingYams,BrilliantBurritos,8907976
2026-07-06T00:08:28.025040,2026-07-06T00:08:28.028568+00:00,170.5,12,bid,Xuanyu Liu,YieldingYams,8908032
2026-07-06T00:08:30.364188,2026-07-06T00:08:30.368109+00:00,170.3,12,ask,WavyWalnuts,Xuanyu Liu,8908073
2026-07-06T00:08:30.762720,2026-07-06T00:08:30.771505+00:00,170.4,200,bid,WavyWalnuts,YieldingYams,8908083
2026-07-06T00:08:34.554202,2026-07-06T00:08:34.560935+00:00,170.3,200,bid,YieldingYams,WavyWalnuts,8908124
2026-07-06T00:08:37.144636,2026-07-06T00:08:37.156241+00:00,170.3,20,ask,AverageAlmonds,BrilliantBurritos,8908166
2026-07-06T00:08:40.375911,2026-07-06T00:08:40.385651+00:00,170.3,500,bid,AverageAlmonds,YieldingYams,8908214
2026-07-06T00:08:40.999542,2026-07-06T00:08:41.009010+00:00,170.3,125,bid,AverageAlmonds,YieldingYams,8908226
2026-07-06T00:08:40.999542,2026-07-06T00:08:41.009010+00:00,170.4,200,bid,AverageAlmonds,WavyWalnuts,8908227
2026-07-06T00:08:41.649777,2026-07-06T00:08:41.659102+00:00,170.5,200,ask,AverageAlmonds,WavyWalnuts,8908233
2026-07-06T00:08:42.863667,2026-07-06T00:08:42.874570+00:00,170.5,200,ask,AverageAlmonds,WavyWalnuts,8908251
2026-07-06T00:08:43.739258,2026-07-06T00:08:43.749449+00:00,170.5,500,ask,AverageAlmonds,YieldingYams,8908260
2026-07-06T00:08:44.014246,2026-07-06T00:08:44.023322+00:00,170.5,125,bid,AverageAlmonds,YieldingYams,8908263
2026-07-06T00:08:45.046539,2026-07-06T00:08:45.058550+00:00,170.6,200,bid,YieldingYams,WavyWalnuts,8908277
2026-07-06T00:08:46.492917,2026-07-06T00:08:46.502183+00:00,170.6,200,ask,AverageAlmonds,WavyWalnuts,8908293
2026-07-06T00:08:49.021291,2026-07-06T00:08:49.031124+00:00,170.7,200,bid,YieldingYams,WavyWalnuts,8908322
2026-07-06T00:08:54.264267,2026-07-06T00:08:54.272809+00:00,170.8,200,bid,YieldingYams,WavyWalnuts,8908385
2026-07-06T00:08:55.634862,2026-07-06T00:08:55.639213+00:00,170.9,12,bid,Xuanyu Liu,YieldingYams,8908408
2026-07-06T00:09:05.864111,2026-07-06T00:09:05.867782+00:00,171.0,23,bid,Xuanyu Liu,WavyWalnuts,8908533
2026-07-06T00:09:06.040809,2026-07-06T00:09:06.049016+00:00,171.0,177,bid,YieldingYams,WavyWalnuts,8908540
2026-07-06T00:09:07.061392,2026-07-06T00:09:07.069988+00:00,171.1,200,ask,YieldingYams,WavyWalnuts,8908548
2026-07-06T00:09:07.363981,2026-07-06T00:09:07.367717+00:00,170.9,11,bid,Xuanyu Liu,YieldingYams,8908553
2026-07-06T00:09:08.271667,2026-07-06T00:09:08.279934+00:00,170.9,200,bid,WavyWalnuts,YieldingYams,8908572
2026-07-06T00:09:11.142328,2026-07-06T00:09:11.154098+00:00,171.3,20,bid,BrilliantBurritos,YieldingYams,8908602
2026-07-06T00:09:11.470578,2026-07-06T00:09:11.474473+00:00,171.2,3,bid,Xuanyu Liu,YieldingYams,8908606
2026-07-06T00:09:13.113564,2026-07-06T00:09:13.121048+00:00,171.2,200,bid,WavyWalnuts,YieldingYams,8908632
2026-07-06T00:09:14.749436,2026-07-06T00:09:14.758586+00:00,171.3,20,bid,BrilliantBurritos,YieldingYams,8908646
2026-07-06T00:09:15.482459,2026-07-06T00:09:15.490502+00:00,171.3,500,bid,AverageAlmonds,YieldingYams,8908659
2026-07-06T00:09:16.078624,2026-07-06T00:09:16.082182+00:00,171.3,125,bid,AverageAlmonds,YieldingYams,8908664
2026-07-06T00:09:16.078624,2026-07-06T00:09:16.082182+00:00,171.4,200,bid,AverageAlmonds,WavyWalnuts,8908665
2026-07-06T00:09:16.558102,2026-07-06T00:09:16.568987+00:00,171.4,175,ask,AverageAlmonds,YieldingYams,8908674
2026-07-06T00:09:16.682345,2026-07-06T00:09:16.689648+00:00,171.4,450,bid,AverageAlmonds,YieldingYams,8908676
2026-07-06T00:09:17.867698,2026-07-06T00:09:17.879261+00:00,171.5,200,bid,YieldingYams,WavyWalnuts,8908695
2026-07-06T00:09:21.605655,2026-07-06T00:09:21.615898+00:00,171.6,200,bid,WavyWalnuts,YieldingYams,8908741
2026-07-06T00:09:22.349476,2026-07-06T00:09:22.358568+00:00,171.5,20,ask,AverageAlmonds,BrilliantBurritos,8908753
2026-07-06T00:09:23.143806,2026-07-06T00:09:23.151961+00:00,171.5,500,ask,AverageAlmonds,YieldingYams,8908759
2026-07-06T00:09:23.365709,2026-07-06T00:09:23.373377+00:00,171.5,125,bid,AverageAlmonds,YieldingYams,8908760
2026-07-06T00:09:23.365709,2026-07-06T00:09:23.378611+00:00,171.6,200,bid,AverageAlmonds,WavyWalnuts,8908761
2026-07-06T00:09:25.179412,2026-07-06T00:09:25.189130+00:00,171.7,200,bid,AverageAlmonds,WavyWalnuts,8908783
2026-07-06T00:09:25.767244,2026-07-06T00:09:25.774822+00:00,171.7,300,ask,AverageAlmonds,YieldingYams,8908790
2026-07-06T00:09:26.986129,2026-07-06T00:09:26.993189+00:00,171.7,325,bid,AverageAlmonds,YieldingYams,8908803
2026-07-06T00:09:27.074415,2026-07-06T00:09:27.085113+00:00,171.8,200,bid,YieldingYams,WavyWalnuts,8908805
2026-07-06T00:09:27.656266,2026-07-06T00:09:27.658599+00:00,171.9,200,ask,YieldingYams,WavyWalnuts,8908815
2026-07-06T00:09:31.291075,2026-07-06T00:09:31.299028+00:00,171.8,200,ask,AverageAlmonds,WavyWalnuts,8908869
2026-07-06T00:09:31.832102,2026-07-06T00:09:31.842915+00:00,171.9,500,bid,AverageAlmonds,YieldingYams,8908876
2026-07-06T00:09:32.457155,2026-07-06T00:09:32.460718+00:00,171.9,3,ask,AverageAlmonds,Xuanyu Liu,8908892
2026-07-06T00:09:32.501750,2026-07-06T00:09:32.512492+00:00,171.9,200,ask,AverageAlmonds,WavyWalnuts,8908893
2026-07-06T00:09:33.665537,2026-07-06T00:09:33.669158+00:00,172.0,11,ask,AverageAlmonds,Xuanyu Liu,8908908
2026-07-06T00:09:33.711601,2026-07-06T00:09:33.722377+00:00,172.0,200,ask,AverageAlmonds,WavyWalnuts,8908909
2026-07-06T00:09:34.922823,2026-07-06T00:09:34.931164+00:00,172.0,200,ask,YieldingYams,WavyWalnuts,8908920
2026-07-06T00:09:37.907150,2026-07-06T00:09:37.910844+00:00,172.0,12,ask,AverageAlmonds,Xuanyu Liu,8908965
2026-07-06T00:09:38.491163,2026-07-06T00:09:38.499429+00:00,172.1,200,bid,AverageAlmonds,WavyWalnuts,8908972
2026-07-06T00:09:38.491163,2026-07-06T00:09:38.504706+00:00,172.1,300,bid,AverageAlmonds,YieldingYams,8908973
2026-07-06T00:09:38.901078,2026-07-06T00:09:38.904911+00:00,172.1,11,ask,YieldingYams,Xuanyu Liu,8908980
2026-07-06T00:09:39.110858,2026-07-06T00:09:39.114390+00:00,172.2,12,ask,AverageAlmonds,Xuanyu Liu,8908984
2026-07-06T00:09:39.994776,2026-07-06T00:09:39.998782+00:00,172.4,12,bid,Xuanyu Liu,YieldingYams,8908999
2026-07-06T00:09:40.199711,2026-07-06T00:09:40.220735+00:00,172.3,200,ask,WavyWalnuts,YieldingYams,8909004
2026-07-06T00:09:40.216637,2026-07-06T00:09:40.220735+00:00,172.3,11,bid,Xuanyu Liu,YieldingYams,8909006
2026-07-06T00:09:42.169632,2026-07-06T00:09:42.180250+00:00,172.4,200,bid,WavyWalnuts,YieldingYams,8909029
2026-07-06T00:09:42.765438,2026-07-06T00:09:42.774221+00:00,172.2,20,ask,AverageAlmonds,BrilliantBurritos,8909038
2026-07-06T00:09:45.442806,2026-07-06T00:09:45.464063+00:00,172.4,200,ask,WavyWalnuts,YieldingYams,8909069
2026-07-06T00:09:46.264518,2026-07-06T00:09:46.268369+00:00,172.4,12,bid,Xuanyu Liu,YieldingYams,8909078
2026-07-06T00:09:49.388469,2026-07-06T00:09:49.405238+00:00,172.3,200,ask,WavyWalnuts,AverageAlmonds,8909112
2026-07-06T00:09:49.402307,2026-07-06T00:09:49.410247+00:00,172.3,300,bid,YieldingYams,AverageAlmonds,8909114
2026-07-06T00:09:49.935513,2026-07-06T00:09:49.939609+00:00,172.4,11,bid,Xuanyu Liu,WavyWalnuts,8909121
2026-07-06T00:09:49.986487,2026-07-06T00:09:49.993646+00:00,172.3,325,ask,YieldingYams,AverageAlmonds,8909123
2026-07-06T00:09:50.006140,2026-07-06T00:09:50.010000+00:00,172.3,3,bid,Xuanyu Liu,AverageAlmonds,8909125
2026-07-06T00:09:51.896099,2026-07-06T00:09:51.907872+00:00,172.1,20,ask,WavyWalnuts,BrilliantBurritos,8909147
2026-07-06T00:09:53.068743,2026-07-06T00:09:53.079441+00:00,172.2,200,bid,WavyWalnuts,AverageAlmonds,8909162
2026-07-06T00:09:54.241641,2026-07-06T00:09:54.251425+00:00,172.1,500,ask,YieldingYams,AverageAlmonds,8909173
2026-07-06T00:09:54.283871,2026-07-06T00:09:54.293161+00:00,172.1,125,ask,YieldingYams,WavyWalnuts,8909177
2026-07-06T00:09:54.665015,2026-07-06T00:09:54.669096+00:00,172.0,3,bid,Xuanyu Liu,YieldingYams,8909186
2026-07-06T00:09:55.797580,2026-07-06T00:09:55.801169+00:00,171.8,3,ask,YieldingYams,Xuanyu Liu,8909206
2026-07-06T00:09:56.708324,2026-07-06T00:09:56.716004+00:00,172.0,200,bid,WavyWalnuts,YieldingYams,8909216
2026-07-06T00:10:01.197302,2026-07-06T00:10:01.208978+00:00,172.0,200,bid,YieldingYams,WavyWalnuts,8909282
2026-07-06T00:10:01.553590,2026-07-06T00:10:01.564771+00:00,172.0,200,ask,YieldingYams,WavyWalnuts,8909289
2026-07-06T00:10:03.611861,2026-07-06T00:10:03.623758+00:00,172.1,20,bid,BrilliantBurritos,WavyWalnuts,8909315
2026-07-06T00:10:06.451000,2026-07-06T00:10:06.454787+00:00,172.1,3,ask,YieldingYams,Xuanyu Liu,8909343
2026-07-06T00:10:07.610047,2026-07-06T00:10:07.620045+00:00,172.1,200,ask,YieldingYams,WavyWalnuts,8909353
2026-07-06T00:10:11.610531,2026-07-06T00:10:11.614249+00:00,172.0,11,ask,YieldingYams,Xuanyu Liu,8909402
2026-07-06T00:10:12.457481,2026-07-06T00:10:12.468882+00:00,171.9,200,ask,YieldingYams,WavyWalnuts,8909412
2026-07-06T00:10:12.985496,2026-07-06T00:10:12.989630+00:00,172.1,12,ask,YieldingYams,Xuanyu Liu,8909430
2026-07-06T00:10:13.668554,2026-07-06T00:10:13.675256+00:00,172.1,200,ask,YieldingYams,WavyWalnuts,8909444
2026-07-06T00:10:14.764989,2026-07-06T00:10:14.768789+00:00,172.2,12,bid,Xuanyu Liu,AverageAlmonds,8909461
2026-07-06T00:10:14.815631,2026-07-06T00:10:14.823441+00:00,172.1,500,ask,YieldingYams,AverageAlmonds,8909462
2026-07-06T00:10:15.412076,2026-07-06T00:10:15.419661+00:00,172.1,125,ask,YieldingYams,AverageAlmonds,8909468
2026-07-06T00:10:15.430724,2026-07-06T00:10:15.434295+00:00,172.1,11,bid,Xuanyu Liu,AverageAlmonds,8909470
2026-07-06T00:10:16.085924,2026-07-06T00:10:16.093429+00:00,172.0,200,bid,WavyWalnuts,AverageAlmonds,8909482
2026-07-06T00:10:16.899301,2026-07-06T00:10:16.910139+00:00,172.1,500,bid,YieldingYams,AverageAlmonds,8909485
2026-07-06T00:10:17.933879,2026-07-06T00:10:17.937492+00:00,172.1,11,ask,YieldingYams,Xuanyu Liu,8909498
2026-07-06T00:10:20.939606,2026-07-06T00:10:20.950719+00:00,172.0,200,ask,YieldingYams,WavyWalnuts,8909519
2026-07-06T00:10:21.126419,2026-07-06T00:10:21.138034+00:00,172.0,20,ask,YieldingYams,BrilliantBurritos,8909521
2026-07-06T00:10:23.441701,2026-07-06T00:10:23.448553+00:00,172.0,200,ask,WavyWalnuts,YieldingYams,8909545
2026-07-06T00:10:28.685195,2026-07-06T00:10:28.693135+00:00,172.1,200,bid,YieldingYams,WavyWalnuts,8909620
2026-07-06T00:10:30.548238,2026-07-06T00:10:30.552005+00:00,172.3,11,bid,Xuanyu Liu,WavyWalnuts,8909642
2026-07-06T00:10:31.340525,2026-07-06T00:10:31.344780+00:00,172.2,3,bid,Xuanyu Liu,YieldingYams,8909656
2026-07-06T00:10:31.361820,2026-07-06T00:10:31.373357+00:00,172.2,20,bid,BrilliantBurritos,YieldingYams,8909657
2026-07-06T00:10:34.253753,2026-07-06T00:10:34.258607+00:00,172.1,200,ask,YieldingYams,WavyWalnuts,8909695
2026-07-06T00:10:40.095920,2026-07-06T00:10:40.099775+00:00,171.9,3,ask,WavyWalnuts,Xuanyu Liu,8909764
2026-07-06T00:10:40.323560,2026-07-06T00:10:40.334038+00:00,172.0,200,bid,WavyWalnuts,YieldingYams,8909768
2026-07-06T00:10:41.533680,2026-07-06T00:10:41.540831+00:00,172.0,200,bid,WavyWalnuts,YieldingYams,8909787
2026-07-06T00:10:43.132280,2026-07-06T00:10:43.136283+00:00,172.0,11,ask,YieldingYams,Xuanyu Liu,8909808
2026-07-06T00:10:45.755455,2026-07-06T00:10:45.760038+00:00,172.1,12,ask,YieldingYams,Xuanyu Liu,8909844
2026-07-06T00:10:47.573550,2026-07-06T00:10:47.584794+00:00,172.1,200,ask,YieldingYams,WavyWalnuts,8909860
2026-07-06T00:10:49.991293,2026-07-06T00:10:50.002663+00:00,172.2,200,ask,YieldingYams,WavyWalnuts,8909894
2026-07-06T00:10:50.743317,2026-07-06T00:10:50.752100+00:00,172.2,20,ask,YieldingYams,BrilliantBurritos,8909901
2026-07-06T00:10:53.657371,2026-07-06T00:10:53.669377+00:00,172.1,20,ask,WavyWalnuts,BrilliantBurritos,8909932
2026-07-06T00:10:57.559129,2026-07-06T00:10:57.568318+00:00,172.2,200,bid,YieldingYams,WavyWalnuts,8909979
2026-07-06T00:10:58.204498,2026-07-06T00:10:58.211804+00:00,172.2,20,ask,YieldingYams,BrilliantBurritos,8909986
2026-07-06T00:11:00.985091,2026-07-06T00:11:00.996931+00:00,172.0,20,ask,WavyWalnuts,BrilliantBurritos,8910014
2026-07-06T00:11:02.814518,2026-07-06T00:11:02.823511+00:00,172.1,200,bid,YieldingYams,WavyWalnuts,8910032
2026-07-06T00:11:05.428125,2026-07-06T00:11:05.431985+00:00,172.1,26,bid,Xuanyu Liu,YieldingYams,8910077
2026-07-06T00:11:08.214030,2026-07-06T00:11:08.217970+00:00,172.3,3,ask,WavyWalnuts,Xuanyu Liu,8910110
2026-07-06T00:11:08.843257,2026-07-06T00:11:08.851108+00:00,172.4,20,bid,BrilliantBurritos,YieldingYams,8910115
2026-07-06T00:11:13.044692,2026-07-06T00:11:13.051376+00:00,172.5,200,bid,WavyWalnuts,YieldingYams,8910164
2026-07-06T00:11:14.914021,2026-07-06T00:11:14.918299+00:00,172.4,34,ask,WavyWalnuts,Xuanyu Liu,8910190
2026-07-06T00:11:15.936403,2026-07-06T00:11:15.944622+00:00,172.4,200,ask,WavyWalnuts,YieldingYams,8910203
2026-07-06T00:11:23.110554,2026-07-06T00:11:23.122422+00:00,172.3,20,ask,YieldingYams,BrilliantBurritos,8910288
2026-07-06T00:11:27.564716,2026-07-06T00:11:27.568373+00:00,172.2,23,ask,YieldingYams,Xuanyu Liu,8910360
2026-07-06T00:11:27.737387,2026-07-06T00:11:27.744232+00:00,172.3,200,bid,YieldingYams,WavyWalnuts,8910368
2026-07-06T00:11:27.765365,2026-07-06T00:11:27.769160+00:00,172.3,11,ask,YieldingYams,Xuanyu Liu,8910371
2026-07-06T00:11:28.232214,2026-07-06T00:11:28.244244+00:00,172.6,20,bid,BrilliantBurritos,YieldingYams,8910374
2026-07-06T00:11:28.782620,2026-07-06T00:11:28.790354+00:00,172.3,200,ask,YieldingYams,WavyWalnuts,8910379
2026-07-06T00:11:33.631924,2026-07-06T00:11:33.641272+00:00,172.3,200,bid,WavyWalnuts,YieldingYams,8910441
2026-07-06T00:11:34.843002,2026-07-06T00:11:34.853687+00:00,172.3,200,bid,WavyWalnuts,YieldingYams,8910462
2026-07-06T00:11:36.261942,2026-07-06T00:11:36.273642+00:00,172.2,20,ask,YieldingYams,BrilliantBurritos,8910472
2026-07-06T00:11:37.266648,2026-07-06T00:11:37.278554+00:00,172.4,200,bid,WavyWalnuts,YieldingYams,8910490
2026-07-06T00:11:38.477950,2026-07-06T00:11:38.485605+00:00,172.4,200,bid,WavyWalnuts,AverageAlmonds,8910513
2026-07-06T00:11:39.537955,2026-07-06T00:11:39.545389+00:00,172.4,500,bid,YieldingYams,AverageAlmonds,8910528
2026-07-06T00:11:39.578922,2026-07-06T00:11:39.586704+00:00,172.4,125,ask,YieldingYams,AverageAlmonds,8910530
2026-07-06T00:11:40.209037,2026-07-06T00:11:40.212874+00:00,172.3,12,ask,WavyWalnuts,Xuanyu Liu,8910539
2026-07-06T00:11:40.788966,2026-07-06T00:11:40.795449+00:00,172.3,188,ask,WavyWalnuts,AverageAlmonds,8910547
2026-07-06T00:11:40.903555,2026-07-06T00:11:40.910419+00:00,172.2,200,bid,WavyWalnuts,YieldingYams,8910553
2026-07-06T00:11:42.115759,2026-07-06T00:11:42.123003+00:00,172.2,200,bid,WavyWalnuts,YieldingYams,8910571
2026-07-06T00:11:44.555938,2026-07-06T00:11:44.560653+00:00,172.3,11,ask,WavyWalnuts,Xuanyu Liu,8910613
2026-07-06T00:11:49.386111,2026-07-06T00:11:49.395333+00:00,172.4,200,bid,WavyWalnuts,AverageAlmonds,8910677
2026-07-06T00:11:49.950179,2026-07-06T00:11:49.956773+00:00,172.3,20,ask,YieldingYams,BrilliantBurritos,8910681
2026-07-06T00:11:51.815487,2026-07-06T00:11:51.822445+00:00,172.5,200,bid,WavyWalnuts,AverageAlmonds,8910701
2026-07-06T00:11:52.804705,2026-07-06T00:11:52.808679+00:00,172.6,11,bid,Xuanyu Liu,AverageAlmonds,8910716
2026-07-06T00:11:53.669029,2026-07-06T00:11:53.680868+00:00,172.4,20,ask,WavyWalnuts,BrilliantBurritos,8910725
2026-07-06T00:11:53.972749,2026-07-06T00:11:53.977574+00:00,172.5,12,bid,Xuanyu Liu,YieldingYams,8910735
2026-07-06T00:11:55.280529,2026-07-06T00:11:55.284140+00:00,172.4,11,bid,Xuanyu Liu,YieldingYams,8910750
2026-07-06T00:11:57.225267,2026-07-06T00:11:57.237217+00:00,172.4,20,bid,BrilliantBurritos,WavyWalnuts,8910770
2026-07-06T00:12:01.508888,2026-07-06T00:12:01.515458+00:00,172.4,200,bid,WavyWalnuts,YieldingYams,8910837
2026-07-06T00:12:02.720013,2026-07-06T00:12:02.727425+00:00,172.4,200,bid,WavyWalnuts,YieldingYams,8910850
2026-07-06T00:12:03.943441,2026-07-06T00:12:03.946760+00:00,172.3,11,bid,Xuanyu Liu,WavyWalnuts,8910862
2026-07-06T00:12:06.802100,2026-07-06T00:12:06.813012+00:00,172.0,20,ask,YieldingYams,BrilliantBurritos,8910908
2026-07-06T00:12:07.839497,2026-07-06T00:12:07.849623+00:00,172.1,20,ask,WavyWalnuts,BrilliantBurritos,8910920
2026-07-06T00:12:08.804582,2026-07-06T00:12:08.808652+00:00,172.1,12,bid,Xuanyu Liu,WavyWalnuts,8910937
2026-07-06T00:12:09.996063,2026-07-06T00:12:10.006688+00:00,171.9,200,ask,YieldingYams,WavyWalnuts,8910960
2026-07-06T00:12:11.036048,2026-07-06T00:12:11.039783+00:00,172.0,1,bid,Xuanyu Liu,YieldingYams,8910972
2026-07-06T00:12:11.843165,2026-07-06T00:12:11.847431+00:00,171.9,13,ask,AverageAlmonds,Xuanyu Liu,8910984
2026-07-06T00:12:17.576184,2026-07-06T00:12:17.585891+00:00,171.9,500,ask,AverageAlmonds,YieldingYams,8911060
2026-07-06T00:12:18.136762,2026-07-06T00:12:18.143540+00:00,171.8,20,ask,WavyWalnuts,BrilliantBurritos,8911069
2026-07-06T00:12:18.471398,2026-07-06T00:12:18.489547+00:00,171.9,125,bid,WavyWalnuts,YieldingYams,8911077
2026-07-06T00:12:18.485995,2026-07-06T00:12:18.489547+00:00,171.9,11,ask,WavyWalnuts,Xuanyu Liu,8911079
2026-07-06T00:12:18.883284,2026-07-06T00:12:18.904228+00:00,172.1,200,bid,YieldingYams,WavyWalnuts,8911082
2026-07-06T00:12:18.900404,2026-07-06T00:12:18.904228+00:00,172.1,23,ask,YieldingYams,Xuanyu Liu,8911084
2026-07-06T00:12:22.831745,2026-07-06T00:12:22.839645+00:00,171.9,200,ask,WavyWalnuts,YieldingYams,8911135
2026-07-06T00:12:22.850491,2026-07-06T00:12:22.854069+00:00,171.9,12,bid,Xuanyu Liu,YieldingYams,8911138
2026-07-06T00:12:24.494382,2026-07-06T00:12:24.498378+00:00,171.8,29,ask,YieldingYams,Xuanyu Liu,8911163
2026-07-06T00:12:26.771531,2026-07-06T00:12:26.782130+00:00,171.9,200,bid,YieldingYams,WavyWalnuts,8911206
2026-07-06T00:12:26.945466,2026-07-06T00:12:26.958595+00:00,171.9,200,ask,YieldingYams,WavyWalnuts,8911212
2026-07-06T00:12:28.105359,2026-07-06T00:12:28.109135+00:00,172.0,6,bid,Xuanyu Liu,YieldingYams,8911233
2026-07-06T00:12:28.169252,2026-07-06T00:12:28.172969+00:00,171.8,23,bid,Xuanyu Liu,WavyWalnuts,8911235
2026-07-06T00:12:29.396387,2026-07-06T00:12:29.405792+00:00,171.8,200,bid,YieldingYams,WavyWalnuts,8911247
2026-07-06T00:12:30.825105,2026-07-06T00:12:30.829085+00:00,171.7,12,ask,YieldingYams,Xuanyu Liu,8911273
2026-07-06T00:12:31.787987,2026-07-06T00:12:31.799246+00:00,171.7,200,ask,YieldingYams,WavyWalnuts,8911281
2026-07-06T00:12:35.965824,2026-07-06T00:12:35.974982+00:00,171.6,200,bid,YieldingYams,WavyWalnuts,8911330
2026-07-06T00:12:37.279605,2026-07-06T00:12:37.291252+00:00,171.7,200,bid,YieldingYams,WavyWalnuts,8911350
2026-07-06T00:12:39.051842,2026-07-06T00:12:39.062244+00:00,171.7,200,bid,WavyWalnuts,YieldingYams,8911372
2026-07-06T00:12:39.337576,2026-07-06T00:12:39.344570+00:00,171.5,20,ask,AverageAlmonds,BrilliantBurritos,8911376
2026-07-06T00:12:40.665257,2026-07-06T00:12:40.677232+00:00,171.6,20,ask,YieldingYams,BrilliantBurritos,8911393
2026-07-06T00:12:42.697375,2026-07-06T00:12:42.704038+00:00,171.7,20,bid,BrilliantBurritos,WavyWalnuts,8911416
2026-07-06T00:12:43.436170,2026-07-06T00:12:43.440688+00:00,171.7,23,bid,Xuanyu Liu,WavyWalnuts,8911427
2026-07-06T00:12:45.149028,2026-07-06T00:12:45.153548+00:00,171.6,11,bid,Xuanyu Liu,WavyWalnuts,8911453
2026-07-06T00:12:45.970882,2026-07-06T00:12:45.982786+00:00,171.6,20,bid,BrilliantBurritos,WavyWalnuts,8911460
2026-07-06T00:12:47.772884,2026-07-06T00:12:47.784237+00:00,171.7,200,bid,YieldingYams,WavyWalnuts,8911484
2026-07-06T00:12:51.522071,2026-07-06T00:12:51.533751+00:00,171.8,20,bid,BrilliantBurritos,YieldingYams,8911519
2026-07-06T00:12:56.152311,2026-07-06T00:12:56.164021+00:00,171.6,20,bid,BrilliantBurritos,YieldingYams,8911579
2026-07-06T00:12:58.443732,2026-07-06T00:12:58.458542+00:00,171.6,200,bid,WavyWalnuts,YieldingYams,8911615
2026-07-06T00:13:00.705199,2026-07-06T00:13:00.715203+00:00,171.7,200,ask,WavyWalnuts,AverageAlmonds,8911640
2026-07-06T00:13:04.955548,2026-07-06T00:13:04.965071+00:00,171.5,500,ask,YieldingYams,AverageAlmonds,8911685
2026-07-06T00:13:05.547328,2026-07-06T00:13:05.556871+00:00,171.5,125,ask,YieldingYams,AverageAlmonds,8911692
2026-07-06T00:13:08.594205,2026-07-06T00:13:08.605097+00:00,171.4,200,ask,WavyWalnuts,AverageAlmonds,8911727
2026-07-06T00:13:08.713998,2026-07-06T00:13:08.724777+00:00,171.4,20,bid,BrilliantBurritos,AverageAlmonds,8911731
2026-07-06T00:13:09.343669,2026-07-06T00:13:09.353276+00:00,171.4,200,bid,WavyWalnuts,YieldingYams,8911741
2026-07-06T00:13:10.554714,2026-07-06T00:13:10.568741+00:00,171.3,200,bid,WavyWalnuts,AverageAlmonds,8911758
2026-07-06T00:13:11.439038,2026-07-06T00:13:11.469612+00:00,171.4,500,bid,YieldingYams,AverageAlmonds,8911771
2026-07-06T00:13:11.601396,2026-07-06T00:13:11.664788+00:00,171.4,125,ask,YieldingYams,AverageAlmonds,8911772
2026-07-06T00:13:12.988689,2026-07-06T00:13:12.992612+00:00,171.3,11,ask,WavyWalnuts,Xuanyu Liu,8911795
2026-07-06T00:13:15.117783,2026-07-06T00:13:15.122081+00:00,171.3,23,ask,YieldingYams,Xuanyu Liu,8911828
2026-07-06T00:13:15.394979,2026-07-06T00:13:15.402837+00:00,171.4,500,bid,YieldingYams,AverageAlmonds,8911836
2026-07-06T00:13:15.411720,2026-07-06T00:13:15.421900+00:00,171.4,125,ask,YieldingYams,WavyWalnuts,8911837
2026-07-06T00:13:20.664082,2026-07-06T00:13:20.672403+00:00,171.2,200,ask,WavyWalnuts,YieldingYams,8911905
2026-07-06T00:13:21.472755,2026-07-06T00:13:21.480262+00:00,171.2,200,bid,WavyWalnuts,YieldingYams,8911921
2026-07-06T00:13:21.992728,2026-07-06T00:13:21.996328+00:00,171.2,11,ask,YieldingYams,Xuanyu Liu,8911930
2026-07-06T00:13:22.001383,2026-07-06T00:13:22.004659+00:00,171.2,6,ask,YieldingYams,Xuanyu Liu,8911932
2026-07-06T00:13:25.919402,2026-07-06T00:13:25.928666+00:00,171.3,200,bid,YieldingYams,WavyWalnuts,8911974
2026-07-06T00:13:26.436812,2026-07-06T00:13:26.448474+00:00,171.3,20,ask,YieldingYams,BrilliantBurritos,8911985
2026-07-06T00:13:32.413757,2026-07-06T00:13:32.425526+00:00,171.4,20,ask,WavyWalnuts,BrilliantBurritos,8912057
2026-07-06T00:13:32.463841,2026-07-06T00:13:32.483296+00:00,171.4,180,ask,WavyWalnuts,YieldingYams,8912058
2026-07-06T00:13:32.479692,2026-07-06T00:13:32.483296+00:00,171.4,17,bid,Xuanyu Liu,YieldingYams,8912061
2026-07-06T00:13:34.064781,2026-07-06T00:13:34.068448+00:00,171.4,12,bid,Xuanyu Liu,YieldingYams,8912074
2026-07-06T00:13:35.019660,2026-07-06T00:13:35.029683+00:00,171.3,20,ask,WavyWalnuts,BrilliantBurritos,8912080
2026-07-06T00:13:36.394548,2026-07-06T00:13:36.404958+00:00,171.1,500,ask,AverageAlmonds,YieldingYams,8912098
2026-07-06T00:13:36.394548,2026-07-06T00:13:36.404958+00:00,171.1,125,ask,WavyWalnuts,YieldingYams,8912099
2026-07-06T00:13:39.464166,2026-07-06T00:13:39.475181+00:00,171.2,200,bid,AverageAlmonds,WavyWalnuts,8912130
2026-07-06T00:13:40.067398,2026-07-06T00:13:40.074196+00:00,171.3,500,bid,AverageAlmonds,YieldingYams,8912140
2026-07-06T00:13:40.327561,2026-07-06T00:13:40.338877+00:00,171.3,200,bid,YieldingYams,WavyWalnuts,8912145
2026-07-06T00:13:41.879064,2026-07-06T00:13:41.888528+00:00,171.4,500,bid,AverageAlmonds,YieldingYams,8912159
2026-07-06T00:13:42.472071,2026-07-06T00:13:42.480292+00:00,171.4,125,bid,AverageAlmonds,YieldingYams,8912170
2026-07-06T00:13:43.284995,2026-07-06T00:13:43.296038+00:00,171.7,20,bid,BrilliantBurritos,YieldingYams,8912177
2026-07-06T00:13:45.748374,2026-07-06T00:13:45.760148+00:00,171.5,20,bid,BrilliantBurritos,YieldingYams,8912204
2026-07-06T00:13:46.132659,2026-07-06T00:13:46.140504+00:00,171.5,500,bid,AverageAlmonds,YieldingYams,8912210
2026-07-06T00:13:46.895010,2026-07-06T00:13:46.902275+00:00,171.6,200,bid,YieldingYams,WavyWalnuts,8912219
2026-07-06T00:13:47.877748,2026-07-06T00:13:47.887867+00:00,171.6,20,ask,YieldingYams,BrilliantBurritos,8912233
2026-07-06T00:13:49.875022,2026-07-06T00:13:49.878830+00:00,171.7,45,bid,Xuanyu Liu,YieldingYams,8912259
2026-07-06T00:13:50.550400,2026-07-06T00:13:50.558589+00:00,171.7,200,bid,WavyWalnuts,YieldingYams,8912269
2026-07-06T00:13:51.454369,2026-07-06T00:13:51.466294+00:00,171.6,20,ask,YieldingYams,BrilliantBurritos,8912278
2026-07-06T00:13:51.762721,2026-07-06T00:13:51.773033+00:00,171.8,200,bid,WavyWalnuts,YieldingYams,8912284
2026-07-06T00:13:53.450484,2026-07-06T00:13:53.468920+00:00,171.7,200,ask,WavyWalnuts,YieldingYams,8912310
2026-07-06T00:13:54.198734,2026-07-06T00:13:54.210356+00:00,171.7,200,bid,WavyWalnuts,YieldingYams,8912325
2026-07-06T00:13:59.382672,2026-07-06T00:13:59.394326+00:00,172.0,20,bid,BrilliantBurritos,WavyWalnuts,8912388
2026-07-06T00:14:00.084030,2026-07-06T00:14:00.095716+00:00,171.9,20,ask,YieldingYams,BrilliantBurritos,8912395
2026-07-06T00:14:00.266347,2026-07-06T00:14:00.275530+00:00,171.9,200,ask,YieldingYams,WavyWalnuts,8912399
2026-07-06T00:14:02.541275,2026-07-06T00:14:02.545394+00:00,171.9,12,bid,Xuanyu Liu,WavyWalnuts,8912424
2026-07-06T00:14:02.704669,2026-07-06T00:14:02.709129+00:00,171.8,11,bid,Xuanyu Liu,WavyWalnuts,8912429
2026-07-06T00:14:07.129409,2026-07-06T00:14:07.141407+00:00,171.7,20,ask,YieldingYams,BrilliantBurritos,8912473
2026-07-06T00:14:08.749845,2026-07-06T00:14:08.755626+00:00,171.8,200,bid,WavyWalnuts,YieldingYams,8912503
2026-07-06T00:14:09.965018,2026-07-06T00:14:09.978643+00:00,171.8,200,bid,WavyWalnuts,YieldingYams,8912518
2026-07-06T00:14:21.001583,2026-07-06T00:14:21.012125+00:00,172.2,200,bid,YieldingYams,WavyWalnuts,8912663
2026-07-06T00:14:24.497112,2026-07-06T00:14:24.506150+00:00,172.0,200,ask,YieldingYams,WavyWalnuts,8912700
2026-07-06T00:14:27.904454,2026-07-06T00:14:27.908237+00:00,171.7,46,ask,WavyWalnuts,Xuanyu Liu,8912750
2026-07-06T00:14:28.129324,2026-07-06T00:14:28.135740+00:00,171.7,200,ask,YieldingYams,WavyWalnuts,8912753
2026-07-06T00:14:28.541163,2026-07-06T00:14:28.544849+00:00,171.8,4,ask,AverageAlmonds,Xuanyu Liu,8912759
2026-07-06T00:14:28.879287,2026-07-06T00:14:28.886936+00:00,171.8,496,ask,AverageAlmonds,YieldingYams,8912766
2026-07-06T00:14:29.116168,2026-07-06T00:14:29.125317+00:00,171.7,129,bid,AverageAlmonds,YieldingYams,8912771
2026-07-06T00:14:30.334044,2026-07-06T00:14:30.342681+00:00,171.9,200,bid,AverageAlmonds,WavyWalnuts,8912790
2026-07-06T00:14:30.545470,2026-07-06T00:14:30.563996+00:00,171.9,200,ask,AverageAlmonds,WavyWalnuts,8912792
2026-07-06T00:14:31.514954,2026-07-06T00:14:31.518530+00:00,172.0,4,bid,Xuanyu Liu,YieldingYams,8912805
2026-07-06T00:14:32.138728,2026-07-06T00:14:32.158555+00:00,172.0,20,bid,BrilliantBurritos,YieldingYams,8912811
2026-07-06T00:14:32.775322,2026-07-06T00:14:32.785922+00:00,172.0,500,bid,AverageAlmonds,YieldingYams,8912820
2026-07-06T00:14:32.969030,2026-07-06T00:14:32.976591+00:00,172.0,200,ask,YieldingYams,WavyWalnuts,8912827
2026-07-06T00:14:34.901233,2026-07-06T00:14:34.913030+00:00,172.1,20,bid,BrilliantBurritos,WavyWalnuts,8912849
2026-07-06T00:14:36.600264,2026-07-06T00:14:36.611858+00:00,172.1,200,ask,AverageAlmonds,WavyWalnuts,8912882
2026-07-06T00:14:36.748443,2026-07-06T00:14:36.763997+00:00,172.1,300,ask,AverageAlmonds,YieldingYams,8912884
2026-07-06T00:14:36.988302,2026-07-06T00:14:36.999756+00:00,172.1,325,bid,AverageAlmonds,YieldingYams,8912886
2026-07-06T00:14:37.810212,2026-07-06T00:14:37.818816+00:00,172.2,200,ask,AverageAlmonds,WavyWalnuts,8912898
2026-07-06T00:14:39.021406,2026-07-06T00:14:39.033129+00:00,172.3,200,ask,AverageAlmonds,WavyWalnuts,8912914
2026-07-06T00:14:39.370144,2026-07-06T00:14:39.379557+00:00,172.3,300,ask,AverageAlmonds,YieldingYams,8912922
2026-07-06T00:14:39.434684,2026-07-06T00:14:39.443507+00:00,172.3,325,bid,AverageAlmonds,YieldingYams,8912925
2026-07-06T00:14:40.173140,2026-07-06T00:14:40.184889+00:00,172.3,20,ask,AverageAlmonds,BrilliantBurritos,8912940
2026-07-06T00:14:40.707349,2026-07-06T00:14:40.716372+00:00,172.4,200,bid,YieldingYams,WavyWalnuts,8912946
2026-07-06T00:14:43.865874,2026-07-06T00:14:43.876163+00:00,172.4,200,ask,YieldingYams,WavyWalnuts,8912992
2026-07-06T00:14:45.077604,2026-07-06T00:14:45.087363+00:00,172.4,200,ask,YieldingYams,WavyWalnuts,8913007
2026-07-06T00:14:46.288736,2026-07-06T00:14:46.297871+00:00,172.5,200,ask,YieldingYams,WavyWalnuts,8913025
2026-07-06T00:14:48.504350,2026-07-06T00:14:48.513685+00:00,172.4,200,bid,AverageAlmonds,WavyWalnuts,8913055
2026-07-06T00:14:48.595107,2026-07-06T00:14:48.603650+00:00,172.4,300,ask,AverageAlmonds,YieldingYams,8913061
2026-07-06T00:14:49.099313,2026-07-06T00:14:49.107626+00:00,172.4,325,bid,AverageAlmonds,YieldingYams,8913065
2026-07-06T00:14:49.099313,2026-07-06T00:14:49.107626+00:00,172.4,175,bid,AverageAlmonds,WavyWalnuts,8913066
2026-07-06T00:14:49.702357,2026-07-06T00:14:49.711884+00:00,172.4,25,bid,AverageAlmonds,WavyWalnuts,8913073
2026-07-06T00:14:51.122521,2026-07-06T00:14:51.132714+00:00,172.5,200,ask,YieldingYams,WavyWalnuts,8913103
2026-07-06T00:14:55.149519,2026-07-06T00:14:55.158600+00:00,172.5,200,bid,YieldingYams,WavyWalnuts,8913147
2026-07-06T00:14:55.964432,2026-07-06T00:14:55.975060+00:00,172.5,200,ask,YieldingYams,WavyWalnuts,8913155
2026-07-06T00:14:56.480793,2026-07-06T00:14:56.484526+00:00,172.5,12,bid,Xuanyu Liu,YieldingYams,8913163
2026-07-06T00:14:57.172493,2026-07-06T00:14:57.180165+00:00,172.5,200,bid,WavyWalnuts,YieldingYams,8913172
2026-07-06T00:15:01.710594,2026-07-06T00:15:01.718734+00:00,172.4,200,bid,YieldingYams,WavyWalnuts,8913242
2026-07-06T00:15:04.447249,2026-07-06T00:15:04.468969+00:00,172.3,200,ask,YieldingYams,WavyWalnuts,8913294
2026-07-06T00:15:06.435534,2026-07-06T00:15:06.447319+00:00,172.3,20,ask,AverageAlmonds,BrilliantBurritos,8913320
2026-07-06T00:15:06.674934,2026-07-06T00:15:06.684869+00:00,172.4,500,bid,AverageAlmonds,YieldingYams,8913324
2026-07-06T00:15:08.084851,2026-07-06T00:15:08.091454+00:00,172.4,200,ask,AverageAlmonds,WavyWalnuts,8913345
2026-07-06T00:15:09.296103,2026-07-06T00:15:09.306332+00:00,172.4,200,ask,AverageAlmonds,WavyWalnuts,8913362
2026-07-06T00:15:14.130947,2026-07-06T00:15:14.140778+00:00,172.4,200,ask,YieldingYams,WavyWalnuts,8913421
2026-07-06T00:15:15.338426,2026-07-06T00:15:15.346844+00:00,172.3,200,ask,YieldingYams,WavyWalnuts,8913435
2026-07-06T00:15:16.547028,2026-07-06T00:15:16.554523+00:00,172.4,200,ask,AverageAlmonds,WavyWalnuts,8913453
2026-07-06T00:15:18.185211,2026-07-06T00:15:18.196543+00:00,172.6,200,bid,AverageAlmonds,WavyWalnuts,8913474
2026-07-06T00:15:18.773364,2026-07-06T00:15:18.783700+00:00,172.6,300,ask,AverageAlmonds,YieldingYams,8913480
2026-07-06T00:15:18.963207,2026-07-06T00:15:18.975046+00:00,172.5,200,ask,AverageAlmonds,WavyWalnuts,8913486
2026-07-06T00:15:20.554225,2026-07-06T00:15:20.565861+00:00,172.4,20,ask,AverageAlmonds,BrilliantBurritos,8913499
2026-07-06T00:15:22.304756,2026-07-06T00:15:22.316585+00:00,172.6,20,bid,BrilliantBurritos,WavyWalnuts,8913518
2026-07-06T00:15:23.796282,2026-07-06T00:15:23.803293+00:00,172.6,200,ask,YieldingYams,WavyWalnuts,8913544
2026-07-06T00:15:25.005189,2026-07-06T00:15:25.016923+00:00,172.5,200,ask,YieldingYams,WavyWalnuts,8913560
2026-07-06T00:15:28.520318,2026-07-06T00:15:28.523835+00:00,172.7,11,bid,Xuanyu Liu,YieldingYams,8913600
2026-07-06T00:15:35.993906,2026-07-06T00:15:36.005954+00:00,172.9,20,bid,BrilliantBurritos,WavyWalnuts,8913680
2026-07-06T00:15:37.132347,2026-07-06T00:15:37.136738+00:00,172.8,12,bid,Xuanyu Liu,WavyWalnuts,8913701
2026-07-06T00:15:37.470381,2026-07-06T00:15:37.474423+00:00,172.8,14,bid,Xuanyu Liu,WavyWalnuts,8913703
2026-07-06T00:15:41.354785,2026-07-06T00:15:41.366512+00:00,173.0,20,bid,BrilliantBurritos,WavyWalnuts,8913746
2026-07-06T00:15:43.627876,2026-07-06T00:15:43.639839+00:00,172.7,20,ask,WavyWalnuts,BrilliantBurritos,8913777
2026-07-06T00:15:45.593734,2026-07-06T00:15:45.604499+00:00,172.7,200,ask,YieldingYams,WavyWalnuts,8913804
2026-07-06T00:15:46.255299,2026-07-06T00:15:46.267212+00:00,172.9,20,bid,BrilliantBurritos,YieldingYams,8913812
2026-07-06T00:15:47.680729,2026-07-06T00:15:47.684861+00:00,172.5,3,ask,YieldingYams,Xuanyu Liu,8913826
2026-07-06T00:15:50.426640,2026-07-06T00:15:50.435912+00:00,172.4,200,ask,AverageAlmonds,WavyWalnuts,8913863
2026-07-06T00:15:53.327339,2026-07-06T00:15:53.331104+00:00,172.4,23,ask,AverageAlmonds,Xuanyu Liu,8913885
2026-07-06T00:15:53.900047,2026-07-06T00:15:53.907351+00:00,172.5,200,bid,AverageAlmonds,WavyWalnuts,8913894
2026-07-06T00:15:53.932311,2026-07-06T00:15:53.936441+00:00,172.5,11,ask,AverageAlmonds,Xuanyu Liu,8913897
2026-07-06T00:15:54.500541,2026-07-06T00:15:54.509099+00:00,172.6,200,bid,AverageAlmonds,WavyWalnuts,8913905
2026-07-06T00:15:54.500541,2026-07-06T00:15:54.509099+00:00,172.6,300,bid,AverageAlmonds,YieldingYams,8913906
2026-07-06T00:15:55.097710,2026-07-06T00:15:55.105932+00:00,172.6,325,bid,AverageAlmonds,YieldingYams,8913923
2026-07-06T00:15:55.125603,2026-07-06T00:15:55.129531+00:00,172.7,12,ask,AverageAlmonds,Xuanyu Liu,8913925
2026-07-06T00:15:55.254370,2026-07-06T00:15:55.255463+00:00,172.7,163,ask,AverageAlmonds,WavyWalnuts,8913927
2026-07-06T00:15:55.537827,2026-07-06T00:15:55.548059+00:00,172.7,37,bid,YieldingYams,WavyWalnuts,8913929
2026-07-06T00:15:55.553769,2026-07-06T00:15:55.557112+00:00,172.8,11,ask,YieldingYams,Xuanyu Liu,8913932
2026-07-06T00:15:56.488411,2026-07-06T00:15:56.492229+00:00,172.9,46,bid,Xuanyu Liu,WavyWalnuts,8913948
2026-07-06T00:15:59.665239,2026-07-06T00:15:59.669130+00:00,172.8,12,ask,YieldingYams,Xuanyu Liu,8913993
2026-07-06T00:15:59.984211,2026-07-06T00:15:59.996090+00:00,172.8,20,ask,YieldingYams,BrilliantBurritos,8913997
2026-07-06T00:16:03.409887,2026-07-06T00:16:03.419425+00:00,172.9,200,bid,YieldingYams,WavyWalnuts,8914028
2026-07-06T00:16:04.726708,2026-07-06T00:16:04.737194+00:00,172.9,200,ask,WavyWalnuts,YieldingYams,8914042
2026-07-06T00:16:09.891761,2026-07-06T00:16:09.903219+00:00,172.7,20,ask,YieldingYams,BrilliantBurritos,8914091
2026-07-06T00:16:12.213650,2026-07-06T00:16:12.221244+00:00,173.0,200,bid,WavyWalnuts,YieldingYams,8914111
2026-07-06T00:16:13.438272,2026-07-06T00:16:13.442359+00:00,172.9,11,ask,WavyWalnuts,Xuanyu Liu,8914125
2026-07-06T00:16:13.893911,2026-07-06T00:16:13.903970+00:00,172.9,189,ask,WavyWalnuts,YieldingYams,8914128
2026-07-06T00:16:15.206865,2026-07-06T00:16:15.217762+00:00,172.8,200,ask,WavyWalnuts,YieldingYams,8914140
2026-07-06T00:16:15.864850,2026-07-06T00:16:15.868664+00:00,172.6,12,ask,WavyWalnuts,Xuanyu Liu,8914147
2026-07-06T00:16:19.137985,2026-07-06T00:16:19.145787+00:00,172.5,200,ask,WavyWalnuts,YieldingYams,8914198
2026-07-06T00:16:20.558955,2026-07-06T00:16:20.570912+00:00,172.6,20,bid,BrilliantBurritos,WavyWalnuts,8914222
2026-07-06T00:16:24.333503,2026-07-06T00:16:24.341817+00:00,172.4,200,ask,YieldingYams,WavyWalnuts,8914270
2026-07-06T00:16:24.950529,2026-07-06T00:16:24.953899+00:00,172.3,34,ask,YieldingYams,Xuanyu Liu,8914281
2026-07-06T00:16:30.391700,2026-07-06T00:16:30.402042+00:00,172.4,200,ask,YieldingYams,WavyWalnuts,8914330
2026-07-06T00:16:31.265370,2026-07-06T00:16:31.269420+00:00,172.4,17,ask,YieldingYams,Xuanyu Liu,8914345
2026-07-06T00:16:32.817559,2026-07-06T00:16:32.827351+00:00,172.3,200,ask,YieldingYams,WavyWalnuts,8914364
2026-07-06T00:16:36.273919,2026-07-06T00:16:36.284875+00:00,172.2,500,bid,AverageAlmonds,YieldingYams,8914406
2026-07-06T00:16:36.871485,2026-07-06T00:16:36.880201+00:00,172.2,125,bid,AverageAlmonds,YieldingYams,8914418
2026-07-06T00:16:36.871485,2026-07-06T00:16:36.880201+00:00,172.2,200,bid,AverageAlmonds,WavyWalnuts,8914419
2026-07-06T00:16:37.591403,2026-07-06T00:16:37.594983+00:00,172.5,29,bid,Xuanyu Liu,YieldingYams,8914439
2026-07-06T00:16:37.664217,2026-07-06T00:16:37.667931+00:00,172.4,11,bid,Xuanyu Liu,WavyWalnuts,8914442
2026-07-06T00:16:39.942405,2026-07-06T00:16:39.954599+00:00,172.1,20,ask,WavyWalnuts,BrilliantBurritos,8914469
2026-07-06T00:16:40.752744,2026-07-06T00:16:40.756711+00:00,172.1,34,ask,YieldingYams,Xuanyu Liu,8914481
2026-07-06T00:16:42.518145,2026-07-06T00:16:42.521897+00:00,172.1,11,bid,Xuanyu Liu,WavyWalnuts,8914519
2026-07-06T00:16:42.813129,2026-07-06T00:16:42.821436+00:00,172.1,189,bid,YieldingYams,WavyWalnuts,8914521
2026-07-06T00:16:43.713692,2026-07-06T00:16:43.721238+00:00,172.1,200,ask,YieldingYams,WavyWalnuts,8914536
2026-07-06T00:16:43.932093,2026-07-06T00:16:43.943650+00:00,172.4,20,bid,BrilliantBurritos,YieldingYams,8914542
2026-07-06T00:16:49.422088,2026-07-06T00:16:49.429895+00:00,172.1,500,bid,YieldingYams,AverageAlmonds,8914609
2026-07-06T00:16:49.587555,2026-07-06T00:16:49.594689+00:00,172.1,125,ask,YieldingYams,AverageAlmonds,8914611
2026-07-06T00:16:50.740959,2026-07-06T00:16:50.747917+00:00,171.9,200,ask,WavyWalnuts,YieldingYams,8914627
2026-07-06T00:16:55.817385,2026-07-06T00:16:55.825990+00:00,172.0,200,bid,WavyWalnuts,AverageAlmonds,8914697
2026-07-06T00:16:56.520020,2026-07-06T00:16:56.524574+00:00,172.0,23,bid,Xuanyu Liu,AverageAlmonds,8914708
2026-07-06T00:16:57.534961,2026-07-06T00:16:57.546655+00:00,172.1,20,bid,BrilliantBurritos,AverageAlmonds,8914714
2026-07-06T00:16:59.455168,2026-07-06T00:16:59.464127+00:00,171.9,200,ask,YieldingYams,WavyWalnuts,8914741
2026-07-06T00:17:02.841767,2026-07-06T00:17:02.845937+00:00,171.9,34,bid,Xuanyu Liu,YieldingYams,8914783
2026-07-06T00:17:07.923395,2026-07-06T00:17:07.930350+00:00,172.0,200,bid,WavyWalnuts,YieldingYams,8914854
2026-07-06T00:17:09.379579,2026-07-06T00:17:09.391610+00:00,171.9,20,ask,WavyWalnuts,BrilliantBurritos,8914875
2026-07-06T00:17:10.199638,2026-07-06T00:17:10.210654+00:00,171.9,180,ask,WavyWalnuts,AverageAlmonds,8914886
2026-07-06T00:17:11.323121,2026-07-06T00:17:11.364192+00:00,171.8,20,ask,WavyWalnuts,BrilliantBurritos,8914897
2026-07-06T00:17:11.570207,2026-07-06T00:17:11.576737+00:00,171.9,200,bid,WavyWalnuts,YieldingYams,8914901
2026-07-06T00:17:13.065111,2026-07-06T00:17:13.074405+00:00,171.9,200,ask,WavyWalnuts,YieldingYams,8914930
2026-07-06T00:17:14.266112,2026-07-06T00:17:14.278039+00:00,171.9,20,bid,BrilliantBurritos,YieldingYams,8914949
2026-07-06T00:17:17.636822,2026-07-06T00:17:17.640489+00:00,171.8,12,bid,Xuanyu Liu,WavyWalnuts,8914996
2026-07-06T00:17:18.313852,2026-07-06T00:17:18.324963+00:00,171.8,188,bid,YieldingYams,WavyWalnuts,8915001
2026-07-06T00:17:22.249825,2026-07-06T00:17:22.258146+00:00,172.0,200,bid,YieldingYams,WavyWalnuts,8915037
2026-07-06T00:17:23.859059,2026-07-06T00:17:23.871072+00:00,172.1,20,bid,BrilliantBurritos,AverageAlmonds,8915064
2026-07-06T00:17:25.713501,2026-07-06T00:17:25.725334+00:00,172.1,20,bid,BrilliantBurritos,WavyWalnuts,8915080
2026-07-06T00:17:26.106352,2026-07-06T00:17:26.113930+00:00,172.0,200,ask,YieldingYams,WavyWalnuts,8915088
2026-07-06T00:17:27.119894,2026-07-06T00:17:27.131539+00:00,172.0,500,ask,YieldingYams,AverageAlmonds,8915101
2026-07-06T00:17:27.315404,2026-07-06T00:17:27.326663+00:00,172.0,125,ask,YieldingYams,WavyWalnuts,8915106
2026-07-06T00:17:27.333210,2026-07-06T00:17:27.337238+00:00,171.9,14,bid,Xuanyu Liu,WavyWalnuts,8915108
2026-07-06T00:17:28.585862,2026-07-06T00:17:28.596514+00:00,171.8,20,bid,BrilliantBurritos,YieldingYams,8915120
2026-07-06T00:17:33.128662,2026-07-06T00:17:33.136765+00:00,171.9,20,ask,WavyWalnuts,BrilliantBurritos,8915174
2026-07-06T00:17:35.351803,2026-07-06T00:17:35.354475+00:00,171.8,200,ask,WavyWalnuts,YieldingYams,8915198
2026-07-06T00:17:35.785154,2026-07-06T00:17:35.795618+00:00,171.8,200,bid,WavyWalnuts,YieldingYams,8915205
2026-07-06T00:17:40.843056,2026-07-06T00:17:40.847106+00:00,171.9,3,bid,Xuanyu Liu,YieldingYams,8915280
2026-07-06T00:17:41.849855,2026-07-06T00:17:41.863972+00:00,171.9,200,bid,WavyWalnuts,YieldingYams,8915292
2026-07-06T00:17:43.102009,2026-07-06T00:17:43.113844+00:00,172.0,20,bid,BrilliantBurritos,YieldingYams,8915314
2026-07-06T00:17:44.572960,2026-07-06T00:17:44.581950+00:00,171.9,200,ask,WavyWalnuts,YieldingYams,8915333
2026-07-06T00:17:45.468327,2026-07-06T00:17:45.475510+00:00,171.8,200,bid,WavyWalnuts,YieldingYams,8915343
2026-07-06T00:17:47.913713,2026-07-06T00:17:47.925268+00:00,171.9,200,ask,YieldingYams,WavyWalnuts,8915378
2026-07-06T00:17:48.535232,2026-07-06T00:17:48.539912+00:00,171.9,11,bid,Xuanyu Liu,YieldingYams,8915382
2026-07-06T00:17:49.136314,2026-07-06T00:17:49.140047+00:00,171.8,12,bid,Xuanyu Liu,WavyWalnuts,8915397
2026-07-06T00:17:53.598422,2026-07-06T00:17:53.602408+00:00,171.9,11,bid,Xuanyu Liu,WavyWalnuts,8915456
2026-07-06T00:17:55.165812,2026-07-06T00:17:55.175848+00:00,171.9,200,ask,YieldingYams,WavyWalnuts,8915481
2026-07-06T00:17:55.578103,2026-07-06T00:17:55.585401+00:00,171.9,425,ask,YieldingYams,AverageAlmonds,8915487
2026-07-06T00:17:56.409545,2026-07-06T00:17:56.421000+00:00,172.0,500,bid,YieldingYams,AverageAlmonds,8915496
2026-07-06T00:17:56.409545,2026-07-06T00:17:56.421000+00:00,172.0,125,bid,YieldingYams,WavyWalnuts,8915497
2026-07-06T00:17:58.632816,2026-07-06T00:17:58.643808+00:00,171.8,200,ask,WavyWalnuts,AverageAlmonds,8915524
2026-07-06T00:17:59.992409,2026-07-06T00:18:00.001095+00:00,171.8,200,bid,WavyWalnuts,YieldingYams,8915548
2026-07-06T00:18:01.353219,2026-07-06T00:18:01.365227+00:00,171.7,20,ask,YieldingYams,BrilliantBurritos,8915561
2026-07-06T00:18:04.228932,2026-07-06T00:18:04.240242+00:00,171.9,20,bid,BrilliantBurritos,YieldingYams,8915606
2026-07-06T00:18:04.297525,2026-07-06T00:18:04.301200+00:00,171.7,11,ask,YieldingYams,Xuanyu Liu,8915608
2026-07-06T00:18:08.451566,2026-07-06T00:18:08.463751+00:00,171.9,20,bid,BrilliantBurritos,AverageAlmonds,8915667
2026-07-06T00:18:09.423798,2026-07-06T00:18:09.427809+00:00,171.7,23,ask,YieldingYams,Xuanyu Liu,8915679
2026-07-06T00:18:09.534380,2026-07-06T00:18:09.545864+00:00,171.8,500,bid,YieldingYams,AverageAlmonds,8915680
2026-07-06T00:18:09.534380,2026-07-06T00:18:09.545864+00:00,171.9,125,bid,YieldingYams,WavyWalnuts,8915681
2026-07-06T00:18:10.886575,2026-07-06T00:18:10.890406+00:00,171.8,3,ask,WavyWalnuts,Xuanyu Liu,8915705
2026-07-06T00:18:13.048126,2026-07-06T00:18:13.058657+00:00,171.7,20,ask,YieldingYams,BrilliantBurritos,8915735
2026-07-06T00:18:15.745583,2026-07-06T00:18:15.758579+00:00,171.9,20,bid,BrilliantBurritos,AverageAlmonds,8915769
2026-07-06T00:18:18.854559,2026-07-06T00:18:18.858719+00:00,172.0,3,bid,Xuanyu Liu,YieldingYams,8915801
2026-07-06T00:18:21.365384,2026-07-06T00:18:21.370050+00:00,171.9,11,bid,Xuanyu Liu,YieldingYams,8915832
2026-07-06T00:18:24.798666,2026-07-06T00:18:24.810218+00:00,171.9,20,bid,BrilliantBurritos,YieldingYams,8915888
2026-07-06T00:18:27.917778,2026-07-06T00:18:27.928641+00:00,171.7,200,ask,WavyWalnuts,YieldingYams,8915931
2026-07-06T00:18:29.020325,2026-07-06T00:18:29.030334+00:00,171.6,200,bid,WavyWalnuts,YieldingYams,8915946
2026-07-06T00:18:32.505595,2026-07-06T00:18:32.512899+00:00,171.7,200,bid,AverageAlmonds,WavyWalnuts,8915982
2026-07-06T00:18:33.869416,2026-07-06T00:18:33.877655+00:00,171.6,200,ask,AverageAlmonds,WavyWalnuts,8915994
2026-07-06T00:18:36.147215,2026-07-06T00:18:36.158621+00:00,171.6,500,bid,AverageAlmonds,YieldingYams,8916018
2026-07-06T00:18:36.561112,2026-07-06T00:18:36.572909+00:00,171.6,20,bid,BrilliantBurritos,YieldingYams,8916021
2026-07-06T00:18:37.506589,2026-07-06T00:18:37.515038+00:00,171.5,200,ask,YieldingYams,WavyWalnuts,8916035
2026-07-06T00:18:39.417366,2026-07-06T00:18:39.428845+00:00,171.6,20,bid,BrilliantBurritos,YieldingYams,8916057
2026-07-06T00:18:42.365086,2026-07-06T00:18:42.368971+00:00,171.6,11,ask,WavyWalnuts,Xuanyu Liu,8916104
2026-07-06T00:18:46.489074,2026-07-06T00:18:46.500465+00:00,171.9,20,bid,BrilliantBurritos,WavyWalnuts,8916149
2026-07-06T00:18:47.483251,2026-07-06T00:18:47.495084+00:00,171.9,20,bid,BrilliantBurritos,YieldingYams,8916160
2026-07-06T00:18:50.809061,2026-07-06T00:18:50.816632+00:00,172.0,200,bid,WavyWalnuts,YieldingYams,8916196
2026-07-06T00:18:52.702929,2026-07-06T00:18:52.714434+00:00,172.1,20,ask,YieldingYams,BrilliantBurritos,8916217
2026-07-06T00:19:00.072917,2026-07-06T00:19:00.078268+00:00,172.0,6,ask,WavyWalnuts,Xuanyu Liu,8916300
2026-07-06T00:19:00.510286,2026-07-06T00:19:00.514104+00:00,172.1,11,ask,WavyWalnuts,Xuanyu Liu,8916305
2026-07-06T00:19:03.352215,2026-07-06T00:19:03.356101+00:00,172.1,11,bid,Xuanyu Liu,YieldingYams,8916348
2026-07-06T00:19:04.127563,2026-07-06T00:19:04.136965+00:00,172.1,200,bid,WavyWalnuts,YieldingYams,8916358
2026-07-06T00:19:04.651473,2026-07-06T00:19:04.672333+00:00,172.1,500,bid,YieldingYams,AverageAlmonds,8916365
2026-07-06T00:19:05.210846,2026-07-06T00:19:05.217557+00:00,172.1,125,ask,YieldingYams,AverageAlmonds,8916383
2026-07-06T00:19:05.336414,2026-07-06T00:19:05.345623+00:00,172.1,200,bid,WavyWalnuts,AverageAlmonds,8916388
2026-07-06T00:19:05.980093,2026-07-06T00:19:05.983860+00:00,172.0,3,bid,Xuanyu Liu,YieldingYams,8916399
2026-07-06T00:19:10.055033,2026-07-06T00:19:10.058641+00:00,172.1,20,ask,YieldingYams,BrilliantBurritos,8916429
2026-07-06T00:19:13.682153,2026-07-06T00:19:13.690851+00:00,172.1,500,ask,YieldingYams,AverageAlmonds,8916478
2026-07-06T00:19:13.836550,2026-07-06T00:19:13.843272+00:00,172.0,200,ask,WavyWalnuts,YieldingYams,8916483
2026-07-06T00:19:15.022308,2026-07-06T00:19:15.033136+00:00,172.0,200,bid,WavyWalnuts,YieldingYams,8916501
2026-07-06T00:19:15.148101,2026-07-06T00:19:15.158633+00:00,172.1,500,bid,YieldingYams,AverageAlmonds,8916506
2026-07-06T00:19:15.148101,2026-07-06T00:19:15.158633+00:00,172.2,125,bid,YieldingYams,WavyWalnuts,8916507
2026-07-06T00:19:16.253032,2026-07-06T00:19:16.256647+00:00,171.9,26,ask,WavyWalnuts,Xuanyu Liu,8916524
2026-07-06T00:19:16.327451,2026-07-06T00:19:16.331416+00:00,171.9,11,ask,WavyWalnuts,Xuanyu Liu,8916527
2026-07-06T00:19:16.458755,2026-07-06T00:19:16.478708+00:00,172.0,500,bid,YieldingYams,AverageAlmonds,8916528
2026-07-06T00:19:16.475054,2026-07-06T00:19:16.478708+00:00,172.0,12,ask,YieldingYams,Xuanyu Liu,8916530
2026-07-06T00:19:16.714095,2026-07-06T00:19:16.722631+00:00,172.0,113,ask,YieldingYams,AverageAlmonds,8916532
2026-07-06T00:19:17.319541,2026-07-06T00:19:17.330011+00:00,171.9,163,ask,WavyWalnuts,AverageAlmonds,8916543
2026-07-06T00:19:19.433754,2026-07-06T00:19:19.437709+00:00,171.9,12,bid,Xuanyu Liu,WavyWalnuts,8916571
2026-07-06T00:19:19.887868,2026-07-06T00:19:19.892391+00:00,171.8,11,bid,Xuanyu Liu,WavyWalnuts,8916581
2026-07-06T00:19:20.408448,2026-07-06T00:19:20.412184+00:00,171.7,12,bid,Xuanyu Liu,YieldingYams,8916585
2026-07-06T00:19:22.165223,2026-07-06T00:19:22.169772+00:00,171.7,14,bid,Xuanyu Liu,YieldingYams,8916613
2026-07-06T00:19:23.992644,2026-07-06T00:19:24.002478+00:00,171.5,20,ask,WavyWalnuts,BrilliantBurritos,8916636
2026-07-06T00:19:28.352332,2026-07-06T00:19:28.354259+00:00,171.7,200,ask,YieldingYams,WavyWalnuts,8916688
2026-07-06T00:19:31.988348,2026-07-06T00:19:31.999321+00:00,171.6,200,ask,YieldingYams,WavyWalnuts,8916737
2026-07-06T00:19:32.751686,2026-07-06T00:19:32.758602+00:00,171.6,20,ask,AverageAlmonds,BrilliantBurritos,8916752
2026-07-06T00:19:34.400254,2026-07-06T00:19:34.409943+00:00,171.7,200,bid,WavyWalnuts,YieldingYams,8916787
2026-07-06T00:19:36.137161,2026-07-06T00:19:36.140675+00:00,171.8,3,ask,YieldingYams,Xuanyu Liu,8916817
2026-07-06T00:19:38.039888,2026-07-06T00:19:38.043666+00:00,171.9,3,bid,Xuanyu Liu,WavyWalnuts,8916833
2026-07-06T00:19:38.567292,2026-07-06T00:19:38.578957+00:00,171.9,20,bid,BrilliantBurritos,WavyWalnuts,8916845
2026-07-06T00:19:38.747602,2026-07-06T00:19:38.758628+00:00,171.9,177,bid,YieldingYams,WavyWalnuts,8916848
2026-07-06T00:19:41.370173,2026-07-06T00:19:41.377303+00:00,172.1,500,bid,YieldingYams,AverageAlmonds,8916879
2026-07-06T00:19:41.552805,2026-07-06T00:19:41.557269+00:00,172.1,125,ask,YieldingYams,AverageAlmonds,8916883
2026-07-06T00:19:43.996962,2026-07-06T00:19:44.006810+00:00,171.9,200,ask,WavyWalnuts,YieldingYams,8916917
2026-07-06T00:19:44.072695,2026-07-06T00:19:44.081021+00:00,171.8,200,bid,WavyWalnuts,YieldingYams,8916920
2026-07-06T00:19:45.279998,2026-07-06T00:19:45.290314+00:00,171.8,200,bid,WavyWalnuts,YieldingYams,8916941
2026-07-06T00:19:47.717824,2026-07-06T00:19:47.721916+00:00,172.0,3,ask,WavyWalnuts,Xuanyu Liu,8916974
2026-07-06T00:19:51.329041,2026-07-06T00:19:51.338202+00:00,172.2,200,bid,WavyWalnuts,AverageAlmonds,8917015
2026-07-06T00:19:51.832526,2026-07-06T00:19:51.841062+00:00,172.0,500,ask,YieldingYams,AverageAlmonds,8917019
2026-07-06T00:19:52.537327,2026-07-06T00:19:52.545341+00:00,172.1,200,bid,WavyWalnuts,AverageAlmonds,8917032
2026-07-06T00:19:53.858495,2026-07-06T00:19:53.862552+00:00,172.0,11,ask,WavyWalnuts,Xuanyu Liu,8917058
2026-07-06T00:19:54.938616,2026-07-06T00:19:54.950231+00:00,172.1,20,bid,BrilliantBurritos,AverageAlmonds,8917076
2026-07-06T00:19:54.959527,2026-07-06T00:19:54.969275+00:00,172.1,200,bid,WavyWalnuts,AverageAlmonds,8917079
2026-07-06T00:19:55.615837,2026-07-06T00:19:55.627543+00:00,172.1,20,bid,BrilliantBurritos,AverageAlmonds,8917084
2026-07-06T00:19:55.812499,2026-07-06T00:19:55.821568+00:00,172.1,480,bid,YieldingYams,AverageAlmonds,8917090
2026-07-06T00:19:56.078941,2026-07-06T00:19:56.086628+00:00,172.2,145,ask,YieldingYams,AverageAlmonds,8917094
2026-07-06T00:19:57.127431,2026-07-06T00:19:57.147245+00:00,172.0,200,ask,WavyWalnuts,YieldingYams,8917117
2026-07-06T00:19:57.143513,2026-07-06T00:19:57.147245+00:00,172.0,14,bid,Xuanyu Liu,YieldingYams,8917120
2026-07-06T00:19:59.801559,2026-07-06T00:19:59.812738+00:00,172.0,200,ask,YieldingYams,WavyWalnuts,8917152
2026-07-06T00:20:01.879799,2026-07-06T00:20:01.891567+00:00,172.1,20,bid,BrilliantBurritos,WavyWalnuts,8917187
2026-07-06T00:20:02.224526,2026-07-06T00:20:02.231795+00:00,171.9,200,ask,YieldingYams,WavyWalnuts,8917193
2026-07-06T00:20:03.431925,2026-07-06T00:20:03.443145+00:00,171.9,200,bid,WavyWalnuts,AverageAlmonds,8917207
2026-07-06T00:20:13.125177,2026-07-06T00:20:13.132498+00:00,171.9,200,ask,YieldingYams,WavyWalnuts,8917324
2026-07-06T00:20:16.814120,2026-07-06T00:20:16.824297+00:00,171.9,500,bid,YieldingYams,AverageAlmonds,8917362
2026-07-06T00:20:17.289116,2026-07-06T00:20:17.297458+00:00,171.9,125,ask,YieldingYams,AverageAlmonds,8917368
2026-07-06T00:20:17.289116,2026-07-06T00:20:17.297458+00:00,171.8,200,ask,WavyWalnuts,AverageAlmonds,8917369
2026-07-06T00:20:17.414356,2026-07-06T00:20:17.426260+00:00,170.8,20,ask,AverageAlmonds,BrilliantBurritos,8917370
2026-07-06T00:20:17.957636,2026-07-06T00:20:17.969861+00:00,171.7,200,bid,WavyWalnuts,AverageAlmonds,8917389
2026-07-06T00:20:21.512444,2026-07-06T00:20:21.519430+00:00,171.7,500,ask,YieldingYams,AverageAlmonds,8917430
2026-07-06T00:20:22.061196,2026-07-06T00:20:22.068972+00:00,171.7,200,ask,WavyWalnuts,YieldingYams,8917437
2026-07-06T00:20:22.798689,2026-07-06T00:20:22.809766+00:00,171.5,200,bid,WavyWalnuts,AverageAlmonds,8917449
2026-07-06T00:20:24.008682,2026-07-06T00:20:24.015945+00:00,171.6,200,bid,WavyWalnuts,YieldingYams,8917469
2026-07-06T00:20:25.782914,2026-07-06T00:20:25.788006+00:00,171.6,3,bid,Xuanyu Liu,AverageAlmonds,8917486
2026-07-06T00:20:30.066195,2026-07-06T00:20:30.074471+00:00,171.5,200,bid,WavyWalnuts,YieldingYams,8917540
2026-07-06T00:20:31.406822,2026-07-06T00:20:31.418769+00:00,171.5,20,ask,WavyWalnuts,BrilliantBurritos,8917558
2026-07-06T00:20:33.700723,2026-07-06T00:20:33.707515+00:00,171.4,200,ask,YieldingYams,WavyWalnuts,8917580
2026-07-06T00:20:35.206833,2026-07-06T00:20:35.218332+00:00,171.4,20,ask,WavyWalnuts,BrilliantBurritos,8917593
2026-07-06T00:20:37.330013,2026-07-06T00:20:37.339142+00:00,171.4,200,bid,WavyWalnuts,YieldingYams,8917621
2026-07-06T00:20:38.540825,2026-07-06T00:20:38.552431+00:00,171.4,200,bid,WavyWalnuts,YieldingYams,8917632
2026-07-06T00:20:40.433630,2026-07-06T00:20:40.441524+00:00,171.3,500,ask,AverageAlmonds,YieldingYams,8917648
2026-07-06T00:20:40.877244,2026-07-06T00:20:40.887055+00:00,171.3,125,bid,AverageAlmonds,YieldingYams,8917657
2026-07-06T00:20:42.465162,2026-07-06T00:20:42.476721+00:00,171.5,20,bid,BrilliantBurritos,YieldingYams,8917678
2026-07-06T00:20:43.053326,2026-07-06T00:20:43.058618+00:00,171.5,200,bid,YieldingYams,WavyWalnuts,8917680
2026-07-06T00:20:43.064831,2026-07-06T00:20:43.068632+00:00,171.7,3,ask,YieldingYams,Xuanyu Liu,8917682
2026-07-06T00:20:43.378798,2026-07-06T00:20:43.386734+00:00,171.7,200,ask,YieldingYams,WavyWalnuts,8917690
2026-07-06T00:20:44.589425,2026-07-06T00:20:44.599980+00:00,171.6,200,ask,YieldingYams,WavyWalnuts,8917706
2026-07-06T00:20:47.011326,2026-07-06T00:20:47.022047+00:00,171.6,200,bid,YieldingYams,WavyWalnuts,8917736
2026-07-06T00:20:47.025559,2026-07-06T00:20:47.032820+00:00,171.6,200,ask,YieldingYams,WavyWalnuts,8917737
2026-07-06T00:20:53.200499,2026-07-06T00:20:53.207062+00:00,171.7,20,bid,BrilliantBurritos,YieldingYams,8917823
2026-07-06T00:20:56.156225,2026-07-06T00:20:56.167883+00:00,171.7,20,bid,BrilliantBurritos,YieldingYams,8917856
2026-07-06T00:20:57.170979,2026-07-06T00:20:57.175329+00:00,171.5,3,ask,YieldingYams,Xuanyu Liu,8917876
2026-07-06T00:21:00.206146,2026-07-06T00:21:00.215118+00:00,171.5,20,ask,WavyWalnuts,BrilliantBurritos,8917914
2026-07-06T00:21:01.557748,2026-07-06T00:21:01.569446+00:00,171.7,200,bid,WavyWalnuts,YieldingYams,8917927
2026-07-06T00:21:08.008595,2026-07-06T00:21:08.018761+00:00,171.6,200,ask,WavyWalnuts,YieldingYams,8917998
2026-07-06T00:21:13.121737,2026-07-06T00:21:13.133302+00:00,171.8,20,bid,BrilliantBurritos,WavyWalnuts,8918066
2026-07-06T00:21:14.897104,2026-07-06T00:21:14.906611+00:00,171.8,200,ask,YieldingYams,WavyWalnuts,8918096
2026-07-06T00:21:16.186400,2026-07-06T00:21:16.190590+00:00,171.8,17,bid,Xuanyu Liu,WavyWalnuts,8918118
2026-07-06T00:21:18.528502,2026-07-06T00:21:18.536413+00:00,171.8,200,ask,YieldingYams,WavyWalnuts,8918156
2026-07-06T00:21:19.350911,2026-07-06T00:21:19.370822+00:00,171.8,11,ask,YieldingYams,Xuanyu Liu,8918166
2026-07-06T00:21:20.896528,2026-07-06T00:21:20.905061+00:00,171.7,500,ask,YieldingYams,AverageAlmonds,8918188
2026-07-06T00:21:21.128488,2026-07-06T00:21:21.139397+00:00,171.7,200,ask,WavyWalnuts,YieldingYams,8918194
2026-07-06T00:21:22.708945,2026-07-06T00:21:22.717278+00:00,171.5,500,ask,YieldingYams,AverageAlmonds,8918221
2026-07-06T00:21:23.754620,2026-07-06T00:21:23.765749+00:00,171.4,200,ask,WavyWalnuts,YieldingYams,8918228
2026-07-06T00:21:25.786538,2026-07-06T00:21:25.794662+00:00,171.2,200,ask,YieldingYams,WavyWalnuts,8918256
2026-07-06T00:21:28.162028,2026-07-06T00:21:28.168976+00:00,171.2,500,ask,YieldingYams,AverageAlmonds,8918281
2026-07-06T00:21:28.750660,2026-07-06T00:21:28.781375+00:00,171.2,125,ask,YieldingYams,AverageAlmonds,8918290
2026-07-06T00:21:28.777477,2026-07-06T00:21:28.781375+00:00,171.2,11,bid,Xuanyu Liu,AverageAlmonds,8918294
2026-07-06T00:21:29.363569,2026-07-06T00:21:29.375086+00:00,171.1,500,ask,YieldingYams,AverageAlmonds,8918300
2026-07-06T00:21:29.980453,2026-07-06T00:21:29.990903+00:00,171.1,125,ask,YieldingYams,AverageAlmonds,8918310
2026-07-06T00:21:36.137498,2026-07-06T00:21:36.147315+00:00,171.2,20,bid,BrilliantBurritos,WavyWalnuts,8918375
2026-07-06T00:21:38.180559,2026-07-06T00:21:38.190020+00:00,171.0,200,ask,WavyWalnuts,YieldingYams,8918392
2026-07-06T00:21:38.396399,2026-07-06T00:21:38.405176+00:00,170.7,20,ask,YieldingYams,BrilliantBurritos,8918395
2026-07-06T00:21:39.101803,2026-07-06T00:21:39.110797+00:00,170.9,200,bid,WavyWalnuts,YieldingYams,8918413
2026-07-06T00:21:41.524982,2026-07-06T00:21:41.528647+00:00,170.8,14,ask,YieldingYams,Xuanyu Liu,8918444
2026-07-06T00:21:41.527543,2026-07-06T00:21:41.543880+00:00,170.8,200,ask,YieldingYams,WavyWalnuts,8918445
2026-07-06T00:21:49.996562,2026-07-06T00:21:50.005615+00:00,170.5,200,ask,AverageAlmonds,WavyWalnuts,8918556
2026-07-06T00:21:52.581581,2026-07-06T00:21:52.588954+00:00,170.6,200,bid,YieldingYams,WavyWalnuts,8918592
2026-07-06T00:21:53.620945,2026-07-06T00:21:53.632230+00:00,170.6,200,ask,YieldingYams,WavyWalnuts,8918611
2026-07-06T00:21:55.200207,2026-07-06T00:21:55.221848+00:00,170.8,200,bid,YieldingYams,WavyWalnuts,8918622
2026-07-06T00:21:55.217724,2026-07-06T00:21:55.221848+00:00,170.8,3,ask,YieldingYams,Xuanyu Liu,8918624
2026-07-06T00:21:57.679207,2026-07-06T00:21:57.685724+00:00,170.7,20,ask,YieldingYams,BrilliantBurritos,8918650
2026-07-06T00:22:00.059250,2026-07-06T00:22:00.071331+00:00,170.7,20,ask,YieldingYams,BrilliantBurritos,8918678
2026-07-06T00:22:02.075027,2026-07-06T00:22:02.083323+00:00,171.1,20,bid,BrilliantBurritos,WavyWalnuts,8918700
2026-07-06T00:22:03.328665,2026-07-06T00:22:03.336202+00:00,170.9,200,ask,YieldingYams,WavyWalnuts,8918717
2026-07-06T00:22:03.590141,2026-07-06T00:22:03.594063+00:00,171.1,3,bid,Xuanyu Liu,YieldingYams,8918721
2026-07-06T00:22:12.278850,2026-07-06T00:22:12.286911+00:00,170.7,200,ask,WavyWalnuts,YieldingYams,8918819
2026-07-06T00:22:14.218787,2026-07-06T00:22:14.228414+00:00,170.7,200,ask,YieldingYams,WavyWalnuts,8918848
2026-07-06T00:22:18.598995,2026-07-06T00:22:18.610828+00:00,170.5,20,ask,YieldingYams,BrilliantBurritos,8918898
2026-07-06T00:22:25.401337,2026-07-06T00:22:25.411070+00:00,170.7,200,ask,WavyWalnuts,YieldingYams,8918982
2026-07-06T00:22:27.686789,2026-07-06T00:22:27.697234+00:00,170.8,20,ask,YieldingYams,BrilliantBurritos,8919011
2026-07-06T00:22:28.745388,2026-07-06T00:22:28.758613+00:00,170.8,200,bid,WavyWalnuts,YieldingYams,8919019
2026-07-06T00:22:32.095766,2026-07-06T00:22:32.100201+00:00,170.8,3,ask,WavyWalnuts,Xuanyu Liu,8919067
2026-07-06T00:22:32.375689,2026-07-06T00:22:32.385423+00:00,171.0,200,bid,WavyWalnuts,YieldingYams,8919072
2026-07-06T00:22:33.292564,2026-07-06T00:22:33.296965+00:00,170.9,11,ask,YieldingYams,Xuanyu Liu,8919080
2026-07-06T00:22:33.598945,2026-07-06T00:22:33.602670+00:00,171.0,12,ask,WavyWalnuts,Xuanyu Liu,8919084
2026-07-06T00:22:33.782845,2026-07-06T00:22:33.794649+00:00,171.1,20,bid,BrilliantBurritos,YieldingYams,8919087
2026-07-06T00:22:34.819003,2026-07-06T00:22:34.823503+00:00,171.1,11,ask,WavyWalnuts,Xuanyu Liu,8919110
2026-07-06T00:22:38.391681,2026-07-06T00:22:38.402454+00:00,171.2,500,ask,YieldingYams,AverageAlmonds,8919160
2026-07-06T00:22:38.437128,2026-07-06T00:22:38.445039+00:00,171.2,125,ask,YieldingYams,WavyWalnuts,8919162
