timestamp,recv_time,price,volume,aggressor_side,buyer,seller,trade_id
2026-07-01T04:00:00.940292,2026-07-01T04:00:00.942460+00:00,91.0,20,ask,YieldingYams,BrilliantBurritos,1628730
2026-07-01T04:00:00.946990,2026-07-01T04:00:00.963436+00:00,91.1,200,bid,YieldingYams,WavyWalnuts,1628731
2026-07-01T04:00:01.163395,2026-07-01T04:00:01.169641+00:00,91.1,200,ask,YieldingYams,WavyWalnuts,1628736
2026-07-01T04:00:01.767423,2026-07-01T04:00:01.785722+00:00,91.1,1,ask,YieldingYams,Harry North,1628748
2026-07-01T04:00:06.047803,2026-07-01T04:00:06.059443+00:00,91.0,200,ask,,,1628817
2026-07-01T04:00:07.500508,2026-07-01T04:00:07.502217+00:00,91.0,200,bid,,,1628839
2026-07-01T04:00:14.056278,2026-07-01T04:00:14.058896+00:00,90.9,200,bid,,,1628925
2026-07-01T04:00:14.530096,2026-07-01T04:00:14.534915+00:00,90.9,200,ask,,,1628935
2026-07-01T04:00:15.367825,2026-07-01T04:00:15.373237+00:00,90.8,200,ask,,,1628950
2026-07-01T04:00:15.367825,2026-07-01T04:00:15.373237+00:00,90.8,425,ask,,,1628951
2026-07-01T04:00:16.790190,2026-07-01T04:00:16.792690+00:00,90.8,1,ask,,,1628974
2026-07-01T04:00:19.926467,2026-07-01T04:00:19.932463+00:00,90.8,5,ask,,,1629030
2026-07-01T04:00:19.926467,2026-07-01T04:00:19.932463+00:00,90.8,5,ask,,,1629031
2026-07-01T04:00:20.570069,2026-07-01T04:00:20.572425+00:00,90.9,200,bid,,,1629048
2026-07-01T04:00:20.616751,2026-07-01T04:00:20.633619+00:00,90.9,20,ask,,,1629051
2026-07-01T04:00:20.625240,2026-07-01T04:00:20.633619+00:00,90.9,3,ask,,,1629052
2026-07-01T04:00:21.865562,2026-07-01T04:00:21.867913+00:00,90.9,1,ask,,,1629074
2026-07-01T04:00:21.991782,2026-07-01T04:00:22.001069+00:00,91.1,8,bid,,,1629077
2026-07-01T04:00:21.991782,2026-07-01T04:00:22.001069+00:00,91.1,12,bid,,,1629078
2026-07-01T04:00:22.468567,2026-07-01T04:00:22.473771+00:00,90.9,10,ask,,,1629087
2026-07-01T04:00:24.508636,2026-07-01T04:00:24.514395+00:00,91.0,10,ask,,,1629133
2026-07-01T04:00:25.434447,2026-07-01T04:00:25.438011+00:00,91.0,200,ask,,,1629148
2026-07-01T04:00:25.857721,2026-07-01T04:00:25.869712+00:00,91.0,300,ask,,,1629152
2026-07-01T04:00:26.544801,2026-07-01T04:00:26.550496+00:00,91.0,10,bid,,,1629180
2026-07-01T04:00:26.567431,2026-07-01T04:00:26.571088+00:00,91.0,315,bid,,,1629181
2026-07-01T04:00:26.651471,2026-07-01T04:00:26.653997+00:00,91.0,185,ask,,,1629187
2026-07-01T04:00:27.159606,2026-07-01T04:00:27.167738+00:00,91.0,15,bid,,,1629193
2026-07-01T04:00:27.193619,2026-07-01T04:00:27.198906+00:00,91.0,485,ask,,,1629195
2026-07-01T04:00:27.761194,2026-07-01T04:00:27.765240+00:00,90.9,140,bid,,,1629205
2026-07-01T04:00:28.499324,2026-07-01T04:00:28.514221+00:00,91.0,200,bid,,,1629217
2026-07-01T04:00:28.499324,2026-07-01T04:00:28.514221+00:00,91.1,2,bid,,,1629218
2026-07-01T04:00:28.505650,2026-07-01T04:00:28.514221+00:00,91.2,34,ask,,,1629219
2026-07-01T04:00:28.581570,2026-07-01T04:00:28.586056+00:00,91.2,10,ask,,,1629225
2026-07-01T04:00:29.068235,2026-07-01T04:00:29.072209+00:00,91.2,200,ask,,,1629230
2026-07-01T04:00:29.604966,2026-07-01T04:00:29.609015+00:00,91.2,10,ask,,,1629237
2026-07-01T04:00:29.813917,2026-07-01T04:00:29.820768+00:00,91.0,200,ask,,,1629242
2026-07-01T04:00:29.813917,2026-07-01T04:00:29.820768+00:00,91.0,425,ask,,,1629243
2026-07-01T04:00:30.532672,2026-07-01T04:00:30.546022+00:00,91.3,4,bid,,,1629259
2026-07-01T04:00:30.532672,2026-07-01T04:00:30.546022+00:00,91.3,7,bid,,,1629260
2026-07-01T04:00:30.726113,2026-07-01T04:00:30.737081+00:00,91.2,7,bid,,,1629271
2026-07-01T04:00:31.492638,2026-07-01T04:00:31.506277+00:00,91.2,5,bid,,,1629289
2026-07-01T04:00:33.912163,2026-07-01T04:00:33.915807+00:00,91.0,200,ask,,,1629332
2026-07-01T04:00:35.061162,2026-07-01T04:00:35.073172+00:00,91.0,500,ask,,,1629363
2026-07-01T04:00:35.210349,2026-07-01T04:00:35.217756+00:00,90.9,10,ask,,,1629369
2026-07-01T04:00:35.546372,2026-07-01T04:00:35.557871+00:00,91.0,20,bid,,,1629375
2026-07-01T04:00:35.619975,2026-07-01T04:00:35.629803+00:00,91.0,105,bid,,,1629377
2026-07-01T04:00:36.366977,2026-07-01T04:00:36.369317+00:00,91.2,5,bid,,,1629393
2026-07-01T04:00:36.366977,2026-07-01T04:00:36.388497+00:00,91.2,200,bid,,,1629394
2026-07-01T04:00:36.380645,2026-07-01T04:00:36.388497+00:00,91.2,10,ask,,,1629395
2026-07-01T04:00:36.755644,2026-07-01T04:00:36.759561+00:00,91.4,10,bid,,,1629403
2026-07-01T04:00:36.961691,2026-07-01T04:00:36.966876+00:00,91.2,1,ask,,,1629409
2026-07-01T04:00:37.266182,2026-07-01T04:00:37.274910+00:00,91.2,10,ask,,,1629413
2026-07-01T04:00:37.548208,2026-07-01T04:00:37.553156+00:00,91.2,200,ask,,,1629420
2026-07-01T04:00:39.426485,2026-07-01T04:00:39.435341+00:00,91.1,13,ask,,,1629466
2026-07-01T04:00:41.978369,2026-07-01T04:00:41.989488+00:00,91.0,1,ask,,,1629523
2026-07-01T04:00:43.348202,2026-07-01T04:00:43.349874+00:00,91.1,10,bid,,,1629555
2026-07-01T04:00:45.386291,2026-07-01T04:00:45.389780+00:00,91.0,5,ask,,,1629593
2026-07-01T04:00:45.386291,2026-07-01T04:00:45.389780+00:00,91.0,5,ask,,,1629594
2026-07-01T04:00:47.065306,2026-07-01T04:00:47.070136+00:00,91.0,1,ask,,,1629626
2026-07-01T04:00:47.238066,2026-07-01T04:00:47.245282+00:00,91.0,3,ask,,,1629635
2026-07-01T04:00:47.238066,2026-07-01T04:00:47.245282+00:00,91.0,197,ask,,,1629636
2026-07-01T04:00:47.945573,2026-07-01T04:00:47.955648+00:00,91.0,10,ask,,,1629650
2026-07-01T04:00:48.447532,2026-07-01T04:00:48.459421+00:00,91.0,6,ask,,,1629656
2026-07-01T04:00:48.447532,2026-07-01T04:00:48.459421+00:00,91.0,194,ask,,,1629657
2026-07-01T04:00:49.657208,2026-07-01T04:00:49.664607+00:00,91.1,200,bid,,,1629682
2026-07-01T04:00:50.434409,2026-07-01T04:00:50.438561+00:00,91.0,5,ask,,,1629694
2026-07-01T04:00:50.434409,2026-07-01T04:00:50.438561+00:00,91.0,15,ask,,,1629695
2026-07-01T04:00:50.788050,2026-07-01T04:00:50.799831+00:00,91.2,200,bid,,,1629701
2026-07-01T04:00:52.000746,2026-07-01T04:00:52.005313+00:00,91.2,10,ask,,,1629723
2026-07-01T04:00:52.079287,2026-07-01T04:00:52.088866+00:00,91.2,200,ask,,,1629730
2026-07-01T04:00:52.084630,2026-07-01T04:00:52.088866+00:00,91.2,1,ask,,,1629731
2026-07-01T04:00:52.110816,2026-07-01T04:00:52.120067+00:00,91.1,23,bid,,,1629734
2026-07-01T04:00:52.512137,2026-07-01T04:00:52.520361+00:00,91.1,10,bid,,,1629746
2026-07-01T04:00:53.286568,2026-07-01T04:00:53.291486+00:00,91.1,200,bid,,,1629761
2026-07-01T04:00:54.185540,2026-07-01T04:00:54.197418+00:00,91.3,4,bid,,,1629780
2026-07-01T04:00:54.185540,2026-07-01T04:00:54.197418+00:00,91.3,16,bid,,,1629781
2026-07-01T04:00:55.268857,2026-07-01T04:00:55.279500+00:00,91.2,23,ask,,,1629796
2026-07-01T04:00:56.922374,2026-07-01T04:00:56.934231+00:00,91.3,3,bid,,,1629837
2026-07-01T04:00:56.922374,2026-07-01T04:00:56.934231+00:00,91.3,197,bid,,,1629838
2026-07-01T04:00:57.059819,2026-07-01T04:00:57.069051+00:00,91.1,10,ask,,,1629848
2026-07-01T04:00:57.170222,2026-07-01T04:00:57.181834+00:00,91.1,1,ask,,,1629849
2026-07-01T04:00:57.347409,2026-07-01T04:00:57.355992+00:00,91.3,12,ask,,,1629852
2026-07-01T04:00:57.912957,2026-07-01T04:00:57.923955+00:00,91.3,20,ask,,,1629862
2026-07-01T04:00:58.138098,2026-07-01T04:00:58.140480+00:00,91.3,200,ask,,,1629867
2026-07-01T04:00:58.677985,2026-07-01T04:00:58.687036+00:00,91.3,12,bid,,,1629887
2026-07-01T04:00:59.351896,2026-07-01T04:00:59.366197+00:00,91.2,9,ask,,,1629900
2026-07-01T04:01:00.566355,2026-07-01T04:01:00.571026+00:00,91.2,200,ask,,,1629927
2026-07-01T04:01:01.118585,2026-07-01T04:01:01.127779+00:00,91.3,10,bid,,,1629944
2026-07-01T04:01:02.190296,2026-07-01T04:01:02.195906+00:00,91.2,1,ask,,,1629960
2026-07-01T04:01:02.986658,2026-07-01T04:01:02.990852+00:00,91.3,200,ask,,,1629972
2026-07-01T04:01:04.204139,2026-07-01T04:01:04.207387+00:00,91.3,200,bid,,,1629996
2026-07-01T04:01:06.789538,2026-07-01T04:01:06.794576+00:00,91.4,1,bid,,,1630062
2026-07-01T04:01:07.300764,2026-07-01T04:01:07.309983+00:00,91.5,9,bid,,,1630070
2026-07-01T04:01:07.366441,2026-07-01T04:01:07.371672+00:00,91.3,1,ask,,,1630071
2026-07-01T04:01:08.931355,2026-07-01T04:01:08.933463+00:00,91.4,500,ask,,,1630106
2026-07-01T04:01:10.276806,2026-07-01T04:01:10.286279+00:00,91.4,200,bid,,,1630131
2026-07-01T04:01:10.473095,2026-07-01T04:01:10.481580+00:00,91.4,300,bid,,,1630144
2026-07-01T04:01:10.734416,2026-07-01T04:01:10.739773+00:00,91.4,325,ask,,,1630152
2026-07-01T04:01:11.489374,2026-07-01T04:01:11.495491+00:00,91.5,3,bid,,,1630164
2026-07-01T04:01:11.489374,2026-07-01T04:01:11.495491+00:00,91.5,197,bid,,,1630165
2026-07-01T04:01:11.551418,2026-07-01T04:01:11.557895+00:00,91.1,8,ask,,,1630166
2026-07-01T04:01:11.796798,2026-07-01T04:01:11.805047+00:00,91.1,9,bid,,,1630174
2026-07-01T04:01:11.905186,2026-07-01T04:01:11.908295+00:00,91.0,9,ask,,,1630178
2026-07-01T04:01:12.385301,2026-07-01T04:01:12.392967+00:00,91.0,1,ask,,,1630186
2026-07-01T04:01:12.416616,2026-07-01T04:01:12.423937+00:00,91.0,1,ask,,,1630188
2026-07-01T04:01:12.701264,2026-07-01T04:01:12.712296+00:00,91.1,200,bid,,,1630202
2026-07-01T04:01:14.959516,2026-07-01T04:01:14.965971+00:00,91.1,10,ask,,,1630243
2026-07-01T04:01:15.125805,2026-07-01T04:01:15.136751+00:00,91.2,12,ask,,,1630254
2026-07-01T04:01:15.719468,2026-07-01T04:01:15.726225+00:00,91.2,188,ask,,,1630263
2026-07-01T04:01:15.916521,2026-07-01T04:01:15.921937+00:00,91.1,20,bid,,,1630266
2026-07-01T04:01:16.324306,2026-07-01T04:01:16.334717+00:00,91.1,200,bid,,,1630275
2026-07-01T04:01:16.349099,2026-07-01T04:01:16.355584+00:00,91.0,20,ask,,,1630277
2026-07-01T04:01:17.423389,2026-07-01T04:01:17.435911+00:00,91.0,7,ask,,,1630301
2026-07-01T04:01:17.423389,2026-07-01T04:01:17.435911+00:00,91.0,15,ask,,,1630302
2026-07-01T04:01:17.470356,2026-07-01T04:01:17.477872+00:00,91.0,1,ask,,,1630305
2026-07-01T04:01:17.521624,2026-07-01T04:01:17.530829+00:00,91.1,9,ask,,,1630310
2026-07-01T04:01:17.544046,2026-07-01T04:01:17.553666+00:00,91.1,3,ask,,,1630314
2026-07-01T04:01:18.340398,2026-07-01T04:01:18.346903+00:00,91.1,197,ask,,,1630328
2026-07-01T04:01:18.340398,2026-07-01T04:01:18.346903+00:00,91.1,9,ask,,,1630329
2026-07-01T04:01:18.741269,2026-07-01T04:01:18.751204+00:00,91.1,200,bid,,,1630337
2026-07-01T04:01:21.974809,2026-07-01T04:01:21.983204+00:00,91.1,1,bid,,,1630395
2026-07-01T04:01:22.563853,2026-07-01T04:01:22.569333+00:00,91.0,1,ask,,,1630412
2026-07-01T04:01:27.456094,2026-07-01T04:01:27.467881+00:00,91.4,1,bid,,,1630512
2026-07-01T04:01:27.456094,2026-07-01T04:01:27.467881+00:00,91.4,10,bid,,,1630513
2026-07-01T04:01:27.586740,2026-07-01T04:01:27.591105+00:00,91.3,1,ask,,,1630517
2026-07-01T04:01:28.439265,2026-07-01T04:01:28.443693+00:00,91.4,5,bid,,,1630525
2026-07-01T04:01:28.439265,2026-07-01T04:01:28.443693+00:00,91.4,195,bid,,,1630526
2026-07-01T04:01:28.823814,2026-07-01T04:01:28.833882+00:00,91.4,305,bid,,,1630532
2026-07-01T04:01:28.823814,2026-07-01T04:01:28.833882+00:00,91.4,5,bid,,,1630533
2026-07-01T04:01:28.884858,2026-07-01T04:01:28.896023+00:00,91.4,315,ask,,,1630536
2026-07-01T04:01:29.662991,2026-07-01T04:01:29.671341+00:00,91.3,11,bid,,,1630561
2026-07-01T04:01:29.705977,2026-07-01T04:01:29.712912+00:00,91.3,10,bid,,,1630564
2026-07-01T04:01:30.014448,2026-07-01T04:01:30.023330+00:00,91.3,34,bid,,,1630574
2026-07-01T04:01:30.138597,2026-07-01T04:01:30.148733+00:00,91.2,12,bid,,,1630581
2026-07-01T04:01:30.216890,2026-07-01T04:01:30.220909+00:00,91.2,10,bid,,,1630583
2026-07-01T04:01:30.857100,2026-07-01T04:01:30.863488+00:00,91.2,200,bid,,,1630600
2026-07-01T04:01:30.974120,2026-07-01T04:01:30.976907+00:00,91.2,20,bid,,,1630604
2026-07-01T04:01:32.073292,2026-07-01T04:01:32.081827+00:00,91.2,7,ask,,,1630621
2026-07-01T04:01:32.736325,2026-07-01T04:01:32.742570+00:00,91.2,20,ask,,,1630639
2026-07-01T04:01:33.135423,2026-07-01T04:01:33.142663+00:00,91.2,173,ask,,,1630645
2026-07-01T04:01:33.135423,2026-07-01T04:01:33.142663+00:00,91.2,327,ask,,,1630646
2026-07-01T04:01:33.226069,2026-07-01T04:01:33.235675+00:00,91.2,5,ask,,,1630649
2026-07-01T04:01:33.274149,2026-07-01T04:01:33.277145+00:00,91.4,1,bid,,,1630652
2026-07-01T04:01:33.274149,2026-07-01T04:01:33.277145+00:00,91.4,199,bid,,,1630653
2026-07-01T04:01:33.732334,2026-07-01T04:01:33.742544+00:00,91.2,293,ask,,,1630671
2026-07-01T04:01:34.068766,2026-07-01T04:01:34.072598+00:00,91.0,6,ask,,,1630683
2026-07-01T04:01:34.490094,2026-07-01T04:01:34.495698+00:00,91.0,200,bid,,,1630689
2026-07-01T04:01:35.701326,2026-07-01T04:01:35.706698+00:00,91.2,200,bid,,,1630709
2026-07-01T04:01:36.698783,2026-07-01T04:01:36.715299+00:00,91.0,4,ask,,,1630742
2026-07-01T04:01:36.706748,2026-07-01T04:01:36.715299+00:00,91.0,12,bid,,,1630743
2026-07-01T04:01:36.914120,2026-07-01T04:01:36.921279+00:00,91.0,200,bid,,,1630748
2026-07-01T04:01:37.667638,2026-07-01T04:01:37.671344+00:00,90.9,1,ask,,,1630758
2026-07-01T04:01:38.125363,2026-07-01T04:01:38.133286+00:00,91.2,200,bid,,,1630767
2026-07-01T04:01:39.318389,2026-07-01T04:01:39.325567+00:00,91.3,6,bid,,,1630796
2026-07-01T04:01:39.318389,2026-07-01T04:01:39.325567+00:00,91.3,500,bid,,,1630797
2026-07-01T04:01:39.318389,2026-07-01T04:01:39.325567+00:00,91.4,119,bid,,,1630798
2026-07-01T04:01:40.392840,2026-07-01T04:01:40.394929+00:00,91.2,200,ask,,,1630816
2026-07-01T04:01:41.942979,2026-07-01T04:01:41.949209+00:00,91.1,200,bid,,,1630855
2026-07-01T04:01:42.200831,2026-07-01T04:01:42.206038+00:00,91.1,425,ask,,,1630857
2026-07-01T04:01:42.345091,2026-07-01T04:01:42.349976+00:00,90.9,20,ask,,,1630867
2026-07-01T04:01:42.352666,2026-07-01T04:01:42.360325+00:00,91.1,10,bid,,,1630868
2026-07-01T04:01:42.686547,2026-07-01T04:01:42.689421+00:00,91.0,1,ask,,,1630873
2026-07-01T04:01:42.961667,2026-07-01T04:01:42.968540+00:00,91.1,200,bid,,,1630886
2026-07-01T04:01:44.563880,2026-07-01T04:01:44.573044+00:00,91.1,500,bid,,,1630934
2026-07-01T04:01:44.633434,2026-07-01T04:01:44.635165+00:00,91.1,125,ask,,,1630938
2026-07-01T04:01:45.244551,2026-07-01T04:01:45.267839+00:00,91.0,1,ask,,,1630943
2026-07-01T04:01:45.244551,2026-07-01T04:01:45.267839+00:00,91.0,200,ask,,,1630944
2026-07-01T04:01:45.257262,2026-07-01T04:01:45.267839+00:00,91.0,11,bid,,,1630945
2026-07-01T04:01:45.392541,2026-07-01T04:01:45.404419+00:00,90.9,3,bid,,,1630951
2026-07-01T04:01:45.880802,2026-07-01T04:01:45.889117+00:00,90.7,200,ask,,,1630969
2026-07-01T04:01:46.606946,2026-07-01T04:01:46.610587+00:00,90.7,200,bid,,,1630986
2026-07-01T04:01:47.762148,2026-07-01T04:01:47.771860+00:00,90.6,1,ask,,,1631016
2026-07-01T04:01:49.023590,2026-07-01T04:01:49.033558+00:00,90.7,200,bid,,,1631038
2026-07-01T04:01:49.817753,2026-07-01T04:01:49.828703+00:00,90.7,3,ask,,,1631053
2026-07-01T04:01:50.033118,2026-07-01T04:01:50.036555+00:00,90.9,3,bid,,,1631056
2026-07-01T04:01:50.542579,2026-07-01T04:01:50.550696+00:00,90.8,1,ask,,,1631066
2026-07-01T04:01:51.049134,2026-07-01T04:01:51.054552+00:00,90.7,2,ask,,,1631084
2026-07-01T04:01:51.447335,2026-07-01T04:01:51.455173+00:00,90.9,200,bid,,,1631092
2026-07-01T04:01:52.703639,2026-07-01T04:01:52.707679+00:00,91.0,20,bid,,,1631112
2026-07-01T04:01:52.780457,2026-07-01T04:01:52.790625+00:00,90.8,1,ask,,,1631116
2026-07-01T04:01:53.739879,2026-07-01T04:01:53.746784+00:00,91.0,200,bid,,,1631132
2026-07-01T04:01:53.739879,2026-07-01T04:01:53.746784+00:00,91.0,425,bid,,,1631133
2026-07-01T04:01:55.050076,2026-07-01T04:01:55.061412+00:00,90.9,200,ask,,,1631159
2026-07-01T04:01:55.050076,2026-07-01T04:01:55.061412+00:00,90.8,2,ask,,,1631160
2026-07-01T04:01:56.287049,2026-07-01T04:01:56.293724+00:00,90.8,200,bid,,,1631180
2026-07-01T04:01:56.385288,2026-07-01T04:01:56.396222+00:00,90.9,20,bid,,,1631182
2026-07-01T04:01:59.917441,2026-07-01T04:01:59.925287+00:00,90.8,200,ask,,,1631236
2026-07-01T04:02:01.625627,2026-07-01T04:02:01.629973+00:00,90.7,1,ask,,,1631276
2026-07-01T04:02:01.702712,2026-07-01T04:02:01.714151+00:00,90.6,11,ask,,,1631282
2026-07-01T04:02:01.715013,2026-07-01T04:02:01.724524+00:00,90.7,10,bid,,,1631284
2026-07-01T04:02:02.334486,2026-07-01T04:02:02.342199+00:00,90.7,200,bid,,,1631296
2026-07-01T04:02:02.870311,2026-07-01T04:02:02.877343+00:00,90.6,1,ask,,,1631304
2026-07-01T04:02:05.553463,2026-07-01T04:02:05.558551+00:00,90.7,200,ask,,,1631362
2026-07-01T04:02:05.553463,2026-07-01T04:02:05.558551+00:00,90.6,1,ask,,,1631363
2026-07-01T04:02:05.969793,2026-07-01T04:02:05.979394+00:00,90.6,200,bid,,,1631371
2026-07-01T04:02:07.893807,2026-07-01T04:02:07.897059+00:00,90.6,1,ask,,,1631419
2026-07-01T04:02:08.031024,2026-07-01T04:02:08.041775+00:00,90.6,23,ask,,,1631422
2026-07-01T04:02:08.173487,2026-07-01T04:02:08.175347+00:00,90.6,500,ask,,,1631424
2026-07-01T04:02:08.199926,2026-07-01T04:02:08.235496+00:00,90.6,125,bid,,,1631425
2026-07-01T04:02:08.199926,2026-07-01T04:02:08.235496+00:00,90.7,200,bid,,,1631426
2026-07-01T04:02:08.222469,2026-07-01T04:02:08.235496+00:00,90.7,12,ask,,,1631427
2026-07-01T04:02:08.368711,2026-07-01T04:02:08.380053+00:00,90.7,10,ask,,,1631430
2026-07-01T04:02:09.439198,2026-07-01T04:02:09.447440+00:00,90.8,200,bid,,,1631448
2026-07-01T04:02:09.616132,2026-07-01T04:02:09.622061+00:00,90.8,200,ask,,,1631450
2026-07-01T04:02:10.824157,2026-07-01T04:02:10.834353+00:00,90.8,200,ask,,,1631469
2026-07-01T04:02:11.802902,2026-07-01T04:02:11.809046+00:00,90.8,20,ask,,,1631492
2026-07-01T04:02:12.033290,2026-07-01T04:02:12.035702+00:00,90.8,200,ask,,,1631497
2026-07-01T04:02:12.967076,2026-07-01T04:02:12.968827+00:00,90.8,1,ask,,,1631509
2026-07-01T04:02:13.417001,2026-07-01T04:02:13.432203+00:00,90.8,200,ask,,,1631528
2026-07-01T04:02:13.421852,2026-07-01T04:02:13.432203+00:00,90.8,12,bid,,,1631529
2026-07-01T04:02:13.659352,2026-07-01T04:02:13.667871+00:00,90.8,413,bid,,,1631532
2026-07-01T04:02:14.265234,2026-07-01T04:02:14.272915+00:00,90.9,4,bid,,,1631542
2026-07-01T04:02:14.265234,2026-07-01T04:02:14.272915+00:00,90.9,200,bid,,,1631543
2026-07-01T04:02:14.724893,2026-07-01T04:02:14.734368+00:00,91.0,5,bid,,,1631557
2026-07-01T04:02:14.724893,2026-07-01T04:02:14.734368+00:00,91.0,200,bid,,,1631558
2026-07-01T04:02:14.824659,2026-07-01T04:02:14.836677+00:00,91.2,20,bid,,,1631560
2026-07-01T04:02:14.948211,2026-07-01T04:02:14.951070+00:00,91.0,10,ask,,,1631566
2026-07-01T04:02:15.507765,2026-07-01T04:02:15.515157+00:00,91.1,9,bid,,,1631570
2026-07-01T04:02:16.041917,2026-07-01T04:02:16.050429+00:00,91.1,8,bid,,,1631593
2026-07-01T04:02:17.986744,2026-07-01T04:02:17.993984+00:00,91.1,1,ask,,,1631637
2026-07-01T04:02:18.083600,2026-07-01T04:02:18.087218+00:00,91.2,6,bid,,,1631643
2026-07-01T04:02:18.545121,2026-07-01T04:02:18.550868+00:00,91.3,10,bid,,,1631657
2026-07-01T04:02:18.686887,2026-07-01T04:02:18.694631+00:00,91.3,200,bid,,,1631658
2026-07-01T04:02:20.675790,2026-07-01T04:02:20.684458+00:00,91.4,34,bid,,,1631683
2026-07-01T04:02:21.715956,2026-07-01T04:02:21.724893+00:00,91.3,200,ask,,,1631702
2026-07-01T04:02:22.608505,2026-07-01T04:02:22.610631+00:00,91.5,10,bid,,,1631723
2026-07-01T04:02:22.932493,2026-07-01T04:02:22.941252+00:00,91.2,200,ask,,,1631731
2026-07-01T04:02:23.117991,2026-07-01T04:02:23.126544+00:00,91.4,10,bid,,,1631735
2026-07-01T04:02:24.142706,2026-07-01T04:02:24.152679+00:00,91.2,200,ask,,,1631743
2026-07-01T04:02:24.632455,2026-07-01T04:02:24.634132+00:00,91.4,20,bid,,,1631752
2026-07-01T04:02:26.699348,2026-07-01T04:02:26.708584+00:00,91.1,10,ask,,,1631798
2026-07-01T04:02:28.329328,2026-07-01T04:02:28.338571+00:00,91.2,20,bid,,,1631820
2026-07-01T04:02:30.861703,2026-07-01T04:02:30.872940+00:00,91.0,1,ask,,,1631879
2026-07-01T04:02:31.788034,2026-07-01T04:02:31.798751+00:00,91.1,200,ask,,,1631898
2026-07-01T04:02:32.622188,2026-07-01T04:02:32.632075+00:00,91.0,4,ask,,,1631919
2026-07-01T04:02:33.361189,2026-07-01T04:02:33.372911+00:00,90.9,6,ask,,,1631946
2026-07-01T04:02:33.361189,2026-07-01T04:02:33.372911+00:00,90.9,5,ask,,,1631947
2026-07-01T04:02:33.721840,2026-07-01T04:02:33.731836+00:00,91.0,20,bid,,,1631954
2026-07-01T04:02:33.836056,2026-07-01T04:02:33.844445+00:00,90.9,200,ask,,,1631955
2026-07-01T04:02:34.029811,2026-07-01T04:02:34.037479+00:00,91.0,5,ask,,,1631964
2026-07-01T04:02:34.192460,2026-07-01T04:02:34.200100+00:00,91.0,5,ask,,,1631969
2026-07-01T04:02:34.294170,2026-07-01T04:02:34.301669+00:00,91.0,2,ask,,,1631979
2026-07-01T04:02:34.413183,2026-07-01T04:02:34.424717+00:00,91.0,4,ask,,,1631986
2026-07-01T04:02:35.043684,2026-07-01T04:02:35.051284+00:00,90.8,200,bid,,,1631997
2026-07-01T04:02:35.878603,2026-07-01T04:02:35.885738+00:00,90.9,50,ask,,,1632015
2026-07-01T04:02:36.251849,2026-07-01T04:02:36.257704+00:00,90.9,200,ask,,,1632024
2026-07-01T04:02:36.466480,2026-07-01T04:02:36.478030+00:00,91.0,12,bid,,,1632029
2026-07-01T04:02:36.910233,2026-07-01T04:02:36.921346+00:00,91.0,20,bid,,,1632046
2026-07-01T04:02:37.035358,2026-07-01T04:02:37.043009+00:00,90.9,11,bid,,,1632048
2026-07-01T04:02:37.388867,2026-07-01T04:02:37.393864+00:00,90.9,10,bid,,,1632066
2026-07-01T04:02:38.339361,2026-07-01T04:02:38.359837+00:00,90.8,200,ask,,,1632077
2026-07-01T04:02:38.339361,2026-07-01T04:02:38.359837+00:00,90.8,1,ask,,,1632078
2026-07-01T04:02:38.350594,2026-07-01T04:02:38.359837+00:00,90.8,3,bid,,,1632079
2026-07-01T04:02:39.224003,2026-07-01T04:02:39.230954+00:00,90.7,20,ask,,,1632098
2026-07-01T04:02:39.426432,2026-07-01T04:02:39.435314+00:00,90.8,10,bid,,,1632103
2026-07-01T04:02:39.887849,2026-07-01T04:02:39.896854+00:00,90.8,200,ask,,,1632111
2026-07-01T04:02:40.862976,2026-07-01T04:02:40.874526+00:00,91.0,20,bid,,,1632134
2026-07-01T04:02:40.958111,2026-07-01T04:02:40.967634+00:00,90.8,2,ask,,,1632137
2026-07-01T04:02:40.968387,2026-07-01T04:02:40.977907+00:00,90.8,2,bid,,,1632138
2026-07-01T04:02:42.307029,2026-07-01T04:02:42.312027+00:00,90.8,200,bid,,,1632162
2026-07-01T04:02:43.519853,2026-07-01T04:02:43.524131+00:00,90.8,200,bid,,,1632187
2026-07-01T04:02:44.737139,2026-07-01T04:02:44.746390+00:00,90.9,200,ask,,,1632201
2026-07-01T04:02:47.163619,2026-07-01T04:02:47.170627+00:00,90.9,200,ask,,,1632255
2026-07-01T04:02:50.067859,2026-07-01T04:02:50.077072+00:00,90.8,1,ask,,,1632317
2026-07-01T04:02:50.133330,2026-07-01T04:02:50.139241+00:00,90.8,1,ask,,,1632319
2026-07-01T04:02:50.526570,2026-07-01T04:02:50.531056+00:00,90.8,20,bid,,,1632325
2026-07-01T04:02:50.601069,2026-07-01T04:02:50.603285+00:00,90.7,9,ask,,,1632327
2026-07-01T04:02:51.107816,2026-07-01T04:02:51.119495+00:00,90.7,10,ask,,,1632345
2026-07-01T04:02:52.009741,2026-07-01T04:02:52.013417+00:00,90.7,200,ask,,,1632364
2026-07-01T04:02:52.750803,2026-07-01T04:02:52.752419+00:00,90.7,1,ask,,,1632382
2026-07-01T04:02:52.750803,2026-07-01T04:02:52.762777+00:00,90.6,500,ask,,,1632383
2026-07-01T04:02:53.007721,2026-07-01T04:02:53.010026+00:00,90.6,124,bid,,,1632388
2026-07-01T04:02:53.227056,2026-07-01T04:02:53.236287+00:00,90.8,3,ask,,,1632392
2026-07-01T04:02:54.185314,2026-07-01T04:02:54.191721+00:00,90.9,20,bid,,,1632415
2026-07-01T04:02:55.369200,2026-07-01T04:02:55.381137+00:00,90.8,200,ask,,,1632438
2026-07-01T04:02:58.062874,2026-07-01T04:02:58.066879+00:00,90.7,1,ask,,,1632493
2026-07-01T04:02:58.242787,2026-07-01T04:02:58.250642+00:00,90.7,20,bid,,,1632495
2026-07-01T04:02:59.065287,2026-07-01T04:02:59.070085+00:00,90.7,179,bid,,,1632508
2026-07-01T04:02:59.274352,2026-07-01T04:02:59.285965+00:00,90.7,200,ask,,,1632516
2026-07-01T04:03:00.233687,2026-07-01T04:03:00.240496+00:00,90.9,10,bid,,,1632527
2026-07-01T04:03:00.626785,2026-07-01T04:03:00.630361+00:00,90.9,20,bid,,,1632540
2026-07-01T04:03:02.763098,2026-07-01T04:03:02.771603+00:00,90.9,10,bid,,,1632567
2026-07-01T04:03:02.905412,2026-07-01T04:03:02.915014+00:00,90.9,200,bid,,,1632571
2026-07-01T04:03:04.117967,2026-07-01T04:03:04.122888+00:00,90.9,200,bid,,,1632584
2026-07-01T04:03:04.795396,2026-07-01T04:03:04.798376+00:00,91.0,10,bid,,,1632597
2026-07-01T04:03:04.932342,2026-07-01T04:03:04.940052+00:00,91.0,3,bid,,,1632598
2026-07-01T04:03:05.327198,2026-07-01T04:03:05.330095+00:00,91.0,200,bid,,,1632605
2026-07-01T04:03:05.856793,2026-07-01T04:03:05.862301+00:00,90.9,500,bid,,,1632609
2026-07-01T04:03:06.078827,2026-07-01T04:03:06.087135+00:00,91.2,2,bid,,,1632612
2026-07-01T04:03:06.329894,2026-07-01T04:03:06.332629+00:00,91.0,125,ask,,,1632618
2026-07-01T04:03:08.963482,2026-07-01T04:03:08.974547+00:00,90.8,200,ask,,,1632661
2026-07-01T04:03:09.708395,2026-07-01T04:03:09.711865+00:00,90.9,6,bid,,,1632679
2026-07-01T04:03:09.708395,2026-07-01T04:03:09.711865+00:00,90.9,14,bid,,,1632680
2026-07-01T04:03:10.174249,2026-07-01T04:03:10.184690+00:00,90.8,200,ask,,,1632684
2026-07-01T04:03:11.091530,2026-07-01T04:03:11.098353+00:00,90.9,2,bid,,,1632706
2026-07-01T04:03:11.109588,2026-07-01T04:03:11.118685+00:00,90.8,3,bid,,,1632708
2026-07-01T04:03:13.447276,2026-07-01T04:03:13.456983+00:00,90.7,10,bid,,,1632764
2026-07-01T04:03:13.953946,2026-07-01T04:03:13.961256+00:00,90.7,10,bid,,,1632792
2026-07-01T04:03:15.821588,2026-07-01T04:03:15.827971+00:00,90.6,20,ask,,,1632827
2026-07-01T04:03:16.166763,2026-07-01T04:03:16.177095+00:00,90.7,1,bid,,,1632841
2026-07-01T04:03:16.248945,2026-07-01T04:03:16.259139+00:00,90.6,200,ask,,,1632846
2026-07-01T04:03:19.889282,2026-07-01T04:03:19.890971+00:00,90.6,200,ask,,,1632901
2026-07-01T04:03:21.113330,2026-07-01T04:03:21.122363+00:00,90.7,11,bid,,,1632916
2026-07-01T04:03:21.185989,2026-07-01T04:03:21.194044+00:00,90.7,50,bid,,,1632919
2026-07-01T04:03:21.589948,2026-07-01T04:03:21.594229+00:00,90.7,139,bid,,,1632935
2026-07-01T04:03:26.845634,2026-07-01T04:03:26.850459+00:00,90.7,500,bid,,,1633050
2026-07-01T04:03:28.158139,2026-07-01T04:03:28.159860+00:00,90.7,200,ask,,,1633078
2026-07-01T04:03:28.158139,2026-07-01T04:03:28.170166+00:00,90.5,4,ask,,,1633079
2026-07-01T04:03:28.368343,2026-07-01T04:03:28.375004+00:00,90.5,200,bid,,,1633083
2026-07-01T04:03:29.580924,2026-07-01T04:03:29.583535+00:00,90.6,200,bid,,,1633099
2026-07-01T04:03:30.312426,2026-07-01T04:03:30.322729+00:00,90.4,4,ask,,,1633117
2026-07-01T04:03:30.312426,2026-07-01T04:03:30.322729+00:00,90.4,10,ask,,,1633118
2026-07-01T04:03:30.790208,2026-07-01T04:03:30.793670+00:00,90.6,200,bid,,,1633129
2026-07-01T04:03:30.896990,2026-07-01T04:03:30.913324+00:00,90.5,3,ask,,,1633130
2026-07-01T04:03:31.265730,2026-07-01T04:03:31.272576+00:00,90.5,50,ask,,,1633139
2026-07-01T04:03:31.774644,2026-07-01T04:03:31.784137+00:00,90.5,500,ask,,,1633151
2026-07-01T04:03:32.012411,2026-07-01T04:03:32.024291+00:00,90.6,11,ask,,,1633168
2026-07-01T04:03:32.091686,2026-07-01T04:03:32.096167+00:00,90.6,189,ask,,,1633171
2026-07-01T04:03:32.091686,2026-07-01T04:03:32.096167+00:00,90.5,2,ask,,,1633172
2026-07-01T04:03:33.211929,2026-07-01T04:03:33.223589+00:00,90.4,200,bid,,,1633199
2026-07-01T04:03:36.611852,2026-07-01T04:03:36.621801+00:00,90.6,14,bid,,,1633274
2026-07-01T04:03:36.842600,2026-07-01T04:03:36.847030+00:00,90.6,200,bid,,,1633284
2026-07-01T04:03:38.065283,2026-07-01T04:03:38.075268+00:00,90.6,200,bid,,,1633308
2026-07-01T04:03:38.640698,2026-07-01T04:03:38.648714+00:00,90.6,500,bid,,,1633333
2026-07-01T04:03:39.006968,2026-07-01T04:03:39.017142+00:00,90.6,125,ask,,,1633334
2026-07-01T04:03:40.475518,2026-07-01T04:03:40.483173+00:00,90.4,3,ask,,,1633386
2026-07-01T04:03:40.475518,2026-07-01T04:03:40.483173+00:00,90.4,17,ask,,,1633387
2026-07-01T04:03:40.489491,2026-07-01T04:03:40.493478+00:00,90.4,200,ask,,,1633388
2026-07-01T04:03:41.696410,2026-07-01T04:03:41.704182+00:00,90.4,200,bid,,,1633415
2026-07-01T04:03:42.621634,2026-07-01T04:03:42.626350+00:00,90.3,20,ask,,,1633434
2026-07-01T04:03:42.909435,2026-07-01T04:03:42.914497+00:00,90.3,200,ask,,,1633441
2026-07-01T04:03:46.499177,2026-07-01T04:03:46.505670+00:00,90.4,200,bid,,,1633527
2026-07-01T04:03:46.536237,2026-07-01T04:03:46.546666+00:00,90.5,200,ask,,,1633529
2026-07-01T04:03:47.747664,2026-07-01T04:03:47.756509+00:00,90.5,200,ask,,,1633558
2026-07-01T04:03:49.123243,2026-07-01T04:03:49.128037+00:00,90.3,1,ask,,,1633592
2026-07-01T04:03:49.123243,2026-07-01T04:03:49.128037+00:00,90.2,200,ask,,,1633593
2026-07-01T04:03:50.163701,2026-07-01T04:03:50.172491+00:00,90.2,200,bid,,,1633606
2026-07-01T04:03:50.535173,2026-07-01T04:03:50.543882+00:00,90.3,3,ask,,,1633616
2026-07-01T04:03:52.582466,2026-07-01T04:03:52.590982+00:00,90.2,6,ask,,,1633651
2026-07-01T04:03:52.582466,2026-07-01T04:03:52.590982+00:00,90.2,194,ask,,,1633652
2026-07-01T04:03:55.633848,2026-07-01T04:03:55.642322+00:00,90.0,11,ask,,,1633711
2026-07-01T04:03:56.209249,2026-07-01T04:03:56.218443+00:00,90.1,200,bid,,,1633724
2026-07-01T04:03:59.534444,2026-07-01T04:03:59.545011+00:00,90.0,10,ask,,,1633777
2026-07-01T04:03:59.836069,2026-07-01T04:03:59.842917+00:00,90.0,1,ask,,,1633784
2026-07-01T04:03:59.836069,2026-07-01T04:03:59.842917+00:00,90.0,199,ask,,,1633785
2026-07-01T04:04:01.410196,2026-07-01T04:04:01.413745+00:00,90.1,500,bid,,,1633808
2026-07-01T04:04:01.947972,2026-07-01T04:04:01.957210+00:00,90.0,1,ask,,,1633814
2026-07-01T04:04:02.007292,2026-07-01T04:04:02.054615+00:00,90.1,125,bid,,,1633817
2026-07-01T04:04:02.007292,2026-07-01T04:04:02.054615+00:00,90.1,200,bid,,,1633818
2026-07-01T04:04:02.035074,2026-07-01T04:04:02.054615+00:00,90.1,22,ask,,,1633822
2026-07-01T04:04:02.243302,2026-07-01T04:04:02.269027+00:00,90.3,12,bid,,,1633828
2026-07-01T04:04:02.252494,2026-07-01T04:04:02.269027+00:00,90.3,23,ask,,,1633829
2026-07-01T04:04:02.255300,2026-07-01T04:04:02.269027+00:00,90.3,200,ask,,,1633830
2026-07-01T04:04:03.465610,2026-07-01T04:04:03.472738+00:00,90.3,200,ask,,,1633865
2026-07-01T04:04:03.577161,2026-07-01T04:04:03.586628+00:00,90.1,10,ask,,,1633868
2026-07-01T04:04:04.087396,2026-07-01T04:04:04.091555+00:00,90.1,10,ask,,,1633876
2026-07-01T04:04:04.671312,2026-07-01T04:04:04.679710+00:00,90.3,200,bid,,,1633889
2026-07-01T04:04:05.074123,2026-07-01T04:04:05.082338+00:00,90.4,2,bid,,,1633898
2026-07-01T04:04:05.093828,2026-07-01T04:04:05.102084+00:00,90.5,9,bid,,,1633900
2026-07-01T04:04:05.530700,2026-07-01T04:04:05.567546+00:00,90.3,20,ask,,,1633905
2026-07-01T04:04:05.538342,2026-07-01T04:04:05.567546+00:00,90.4,8,bid,,,1633906
2026-07-01T04:04:05.589506,2026-07-01T04:04:05.600361+00:00,90.4,4,bid,,,1633909
2026-07-01T04:04:06.201156,2026-07-01T04:04:06.209398+00:00,90.4,3,bid,,,1633925
2026-07-01T04:04:06.201156,2026-07-01T04:04:06.209398+00:00,90.4,17,bid,,,1633926
2026-07-01T04:04:08.209456,2026-07-01T04:04:08.216447+00:00,90.4,6,bid,,,1633969
2026-07-01T04:04:08.209456,2026-07-01T04:04:08.216447+00:00,90.4,14,bid,,,1633970
2026-07-01T04:04:08.652143,2026-07-01T04:04:08.660132+00:00,90.3,10,ask,,,1633976
2026-07-01T04:04:09.506161,2026-07-01T04:04:09.512555+00:00,90.4,4,bid,,,1633990
2026-07-01T04:04:09.506161,2026-07-01T04:04:09.512555+00:00,90.4,196,bid,,,1633991
2026-07-01T04:04:10.111557,2026-07-01T04:04:10.121267+00:00,90.4,3,bid,,,1634012
2026-07-01T04:04:10.180584,2026-07-01T04:04:10.182695+00:00,90.4,10,ask,,,1634014
2026-07-01T04:04:10.717948,2026-07-01T04:04:10.729631+00:00,90.4,200,ask,,,1634025
2026-07-01T04:04:11.734343,2026-07-01T04:04:11.742345+00:00,90.2,10,ask,,,1634040
2026-07-01T04:04:11.924618,2026-07-01T04:04:11.928158+00:00,90.3,200,bid,,,1634048
2026-07-01T04:04:13.134088,2026-07-01T04:04:13.144863+00:00,90.3,200,bid,,,1634076
2026-07-01T04:04:13.258133,2026-07-01T04:04:13.269408+00:00,90.1,4,ask,,,1634087
2026-07-01T04:04:13.258133,2026-07-01T04:04:13.269408+00:00,90.1,6,ask,,,1634088
2026-07-01T04:04:14.344450,2026-07-01T04:04:14.354434+00:00,90.4,200,bid,,,1634113
2026-07-01T04:04:14.612301,2026-07-01T04:04:14.621971+00:00,90.2,34,ask,,,1634119
2026-07-01T04:04:14.783141,2026-07-01T04:04:14.786834+00:00,90.2,10,ask,,,1634123
2026-07-01T04:04:16.299773,2026-07-01T04:04:16.301738+00:00,90.3,10,ask,,,1634147
2026-07-01T04:04:16.761459,2026-07-01T04:04:16.767531+00:00,90.4,8,bid,,,1634166
2026-07-01T04:04:16.761459,2026-07-01T04:04:16.767531+00:00,90.4,192,bid,,,1634167
2026-07-01T04:04:18.818720,2026-07-01T04:04:18.820496+00:00,90.4,10,bid,,,1634211
2026-07-01T04:04:20.395216,2026-07-01T04:04:20.405816+00:00,90.3,200,ask,,,1634241
2026-07-01T04:04:20.612991,2026-07-01T04:04:20.621899+00:00,90.3,5,bid,,,1634245
2026-07-01T04:04:20.891041,2026-07-01T04:04:20.899585+00:00,90.3,17,bid,,,1634254
2026-07-01T04:04:21.848841,2026-07-01T04:04:21.850797+00:00,90.3,10,bid,,,1634280
2026-07-01T04:04:23.224868,2026-07-01T04:04:23.234235+00:00,90.2,200,ask,,,1634308
2026-07-01T04:04:24.378525,2026-07-01T04:04:24.388289+00:00,90.2,10,bid,,,1634323
2026-07-01T04:04:24.537884,2026-07-01T04:04:24.543003+00:00,90.2,200,bid,,,1634329
2026-07-01T04:04:25.226797,2026-07-01T04:04:25.234803+00:00,90.3,200,bid,,,1634344
2026-07-01T04:04:26.909432,2026-07-01T04:04:26.914556+00:00,90.2,10,ask,,,1634377
2026-07-01T04:04:26.920739,2026-07-01T04:04:26.924939+00:00,90.3,20,bid,,,1634380
2026-07-01T04:04:27.154654,2026-07-01T04:04:27.160959+00:00,90.3,180,bid,,,1634385
2026-07-01T04:04:27.154654,2026-07-01T04:04:27.160959+00:00,90.3,445,bid,,,1634386
2026-07-01T04:04:27.769228,2026-07-01T04:04:27.777010+00:00,90.2,2,bid,,,1634393
2026-07-01T04:04:29.478479,2026-07-01T04:04:29.480774+00:00,90.2,10,bid,,,1634415
2026-07-01T04:04:29.771913,2026-07-01T04:04:29.779504+00:00,90.2,190,bid,,,1634423
2026-07-01T04:04:29.771913,2026-07-01T04:04:29.779504+00:00,90.2,435,bid,,,1634424
2026-07-01T04:04:30.060831,2026-07-01T04:04:30.069037+00:00,90.2,200,bid,,,1634431
2026-07-01T04:04:31.270275,2026-07-01T04:04:31.276396+00:00,90.2,200,bid,,,1634453
2026-07-01T04:04:31.902010,2026-07-01T04:04:31.905487+00:00,90.0,20,ask,,,1634460
2026-07-01T04:04:32.479863,2026-07-01T04:04:32.491388+00:00,90.2,200,bid,,,1634465
2026-07-01T04:04:33.689441,2026-07-01T04:04:33.701149+00:00,90.2,200,bid,,,1634483
2026-07-01T04:04:34.095520,2026-07-01T04:04:34.137939+00:00,90.3,11,bid,,,1634492
2026-07-01T04:04:34.899799,2026-07-01T04:04:34.901621+00:00,90.3,200,bid,,,1634515
2026-07-01T04:04:35.018902,2026-07-01T04:04:35.026396+00:00,90.3,4,bid,,,1634523
2026-07-01T04:04:35.018902,2026-07-01T04:04:35.026396+00:00,90.3,500,bid,,,1634524
2026-07-01T04:04:35.018902,2026-07-01T04:04:35.026396+00:00,90.4,121,bid,,,1634525
2026-07-01T04:04:36.340506,2026-07-01T04:04:36.349696+00:00,90.2,12,bid,,,1634554
2026-07-01T04:04:36.691815,2026-07-01T04:04:36.701011+00:00,90.2,11,bid,,,1634558
2026-07-01T04:04:37.642571,2026-07-01T04:04:37.651419+00:00,90.2,500,bid,,,1634581
2026-07-01T04:04:37.642571,2026-07-01T04:04:37.651419+00:00,90.2,125,bid,,,1634582
2026-07-01T04:04:39.749378,2026-07-01T04:04:39.758061+00:00,90.1,3,bid,,,1634613
2026-07-01T04:04:40.260502,2026-07-01T04:04:40.265010+00:00,90.1,197,bid,,,1634630
2026-07-01T04:04:42.154180,2026-07-01T04:04:42.159978+00:00,90.1,200,bid,,,1634665
2026-07-01T04:04:43.367883,2026-07-01T04:04:43.374311+00:00,90.1,200,ask,,,1634692
2026-07-01T04:04:44.186532,2026-07-01T04:04:44.188150+00:00,90.0,4,ask,,,1634709
2026-07-01T04:04:44.575358,2026-07-01T04:04:44.580148+00:00,90.0,200,bid,,,1634719
2026-07-01T04:04:45.686177,2026-07-01T04:04:45.689694+00:00,90.2,10,bid,,,1634753
2026-07-01T04:04:46.847779,2026-07-01T04:04:46.858950+00:00,90.1,200,ask,,,1634772
2026-07-01T04:04:47.214662,2026-07-01T04:04:47.219228+00:00,90.1,10,bid,,,1634780
2026-07-01T04:04:50.799542,2026-07-01T04:04:50.806146+00:00,90.0,200,ask,,,1634861
2026-07-01T04:04:51.829328,2026-07-01T04:04:51.835043+00:00,90.0,200,bid,,,1634882
2026-07-01T04:04:52.284505,2026-07-01T04:04:52.287881+00:00,90.1,10,bid,,,1634897
2026-07-01T04:04:53.042997,2026-07-01T04:04:53.050523+00:00,90.1,200,bid,,,1634906
2026-07-01T04:04:53.473087,2026-07-01T04:04:53.484485+00:00,90.0,500,ask,,,1634918
2026-07-01T04:04:53.934215,2026-07-01T04:04:53.937545+00:00,90.2,20,bid,,,1634931
2026-07-01T04:04:54.068683,2026-07-01T04:04:54.071095+00:00,90.0,125,ask,,,1634936
2026-07-01T04:04:54.251343,2026-07-01T04:04:54.256203+00:00,90.0,200,bid,,,1634945
2026-07-01T04:04:54.730569,2026-07-01T04:04:54.739025+00:00,89.9,2,ask,,,1634948
2026-07-01T04:04:55.459149,2026-07-01T04:04:55.468435+00:00,89.9,200,bid,,,1634960
2026-07-01T04:04:56.039251,2026-07-01T04:04:56.045018+00:00,90.0,500,bid,,,1634970
2026-07-01T04:04:56.453803,2026-07-01T04:04:56.456970+00:00,90.0,20,ask,,,1634983
2026-07-01T04:04:56.480173,2026-07-01T04:04:56.488070+00:00,90.0,105,ask,,,1634984
2026-07-01T04:04:56.850320,2026-07-01T04:04:56.858310+00:00,89.8,10,ask,,,1634998
2026-07-01T04:04:57.349780,2026-07-01T04:04:57.361062+00:00,89.8,190,ask,,,1635002
2026-07-01T04:04:57.866457,2026-07-01T04:04:57.873706+00:00,89.8,10,bid,,,1635011
2026-07-01T04:04:57.884651,2026-07-01T04:04:57.894386+00:00,89.8,200,bid,,,1635013
2026-07-01T04:04:59.533003,2026-07-01T04:04:59.541417+00:00,89.8,500,ask,,,1635049
2026-07-01T04:04:59.978974,2026-07-01T04:04:59.982450+00:00,89.8,200,ask,,,1635059
2026-07-01T04:04:59.978974,2026-07-01T04:04:59.992845+00:00,89.7,3,ask,,,1635060
2026-07-01T04:05:00.302296,2026-07-01T04:05:00.312984+00:00,89.7,200,bid,,,1635072
2026-07-01T04:05:01.290296,2026-07-01T04:05:01.299695+00:00,89.8,500,bid,,,1635092
2026-07-01T04:05:01.338830,2026-07-01T04:05:01.340924+00:00,89.8,125,ask,,,1635093
2026-07-01T04:05:01.513883,2026-07-01T04:05:01.515745+00:00,89.8,200,bid,,,1635098
2026-07-01T04:05:02.725074,2026-07-01T04:05:02.729233+00:00,89.5,200,bid,,,1635125
2026-07-01T04:05:03.935433,2026-07-01T04:05:03.940621+00:00,89.7,200,bid,,,1635148
2026-07-01T04:05:08.783916,2026-07-01T04:05:08.786884+00:00,89.6,3,ask,,,1635235
2026-07-01T04:05:09.152045,2026-07-01T04:05:09.156725+00:00,89.6,197,bid,,,1635238
2026-07-01T04:05:09.980880,2026-07-01T04:05:09.990641+00:00,89.6,10,ask,,,1635258
2026-07-01T04:05:10.471188,2026-07-01T04:05:10.476235+00:00,89.6,200,ask,,,1635269
2026-07-01T04:05:10.748714,2026-07-01T04:05:10.754077+00:00,89.6,20,bid,,,1635273
2026-07-01T04:05:11.201414,2026-07-01T04:05:11.207704+00:00,89.6,200,bid,,,1635289
2026-07-01T04:05:11.445194,2026-07-01T04:05:11.455994+00:00,89.5,3,ask,,,1635295
2026-07-01T04:05:11.445194,2026-07-01T04:05:11.455994+00:00,89.5,11,ask,,,1635296
2026-07-01T04:05:11.514216,2026-07-01T04:05:11.517525+00:00,89.6,10,bid,,,1635298
2026-07-01T04:05:12.413899,2026-07-01T04:05:12.422174+00:00,89.7,200,bid,,,1635312
2026-07-01T04:05:12.802987,2026-07-01T04:05:12.811829+00:00,89.6,7,ask,,,1635325
2026-07-01T04:05:12.876646,2026-07-01T04:05:12.885172+00:00,89.6,5,ask,,,1635330
2026-07-01T04:05:13.102710,2026-07-01T04:05:13.111245+00:00,89.8,23,ask,,,1635335
2026-07-01T04:05:14.404964,2026-07-01T04:05:14.414881+00:00,89.9,4,bid,,,1635366
2026-07-01T04:05:14.404964,2026-07-01T04:05:14.414881+00:00,89.9,200,bid,,,1635367
2026-07-01T04:05:14.610194,2026-07-01T04:05:14.619709+00:00,90.1,23,bid,,,1635369
2026-07-01T04:05:14.682899,2026-07-01T04:05:14.691282+00:00,90.0,10,bid,,,1635371
2026-07-01T04:05:14.764744,2026-07-01T04:05:14.773348+00:00,90.0,2,bid,,,1635378
2026-07-01T04:05:14.838717,2026-07-01T04:05:14.845423+00:00,89.9,200,ask,,,1635382
2026-07-01T04:05:15.728294,2026-07-01T04:05:15.736643+00:00,89.8,11,bid,,,1635396
2026-07-01T04:05:16.044854,2026-07-01T04:05:16.054486+00:00,89.8,200,bid,,,1635407
2026-07-01T04:05:17.778183,2026-07-01T04:05:17.787127+00:00,89.8,11,ask,,,1635446
2026-07-01T04:05:19.688041,2026-07-01T04:05:19.689644+00:00,89.8,200,ask,,,1635479
2026-07-01T04:05:22.264315,2026-07-01T04:05:22.270183+00:00,89.9,200,bid,,,1635520
2026-07-01T04:05:24.525571,2026-07-01T04:05:24.533626+00:00,89.9,200,ask,,,1635559
2026-07-01T04:05:24.798390,2026-07-01T04:05:24.810002+00:00,90.0,5,bid,,,1635563
2026-07-01T04:05:24.798390,2026-07-01T04:05:24.810002+00:00,90.0,15,bid,,,1635564
2026-07-01T04:05:24.884283,2026-07-01T04:05:24.891919+00:00,90.0,485,bid,,,1635566
2026-07-01T04:05:24.953968,2026-07-01T04:05:24.963654+00:00,90.0,140,ask,,,1635568
2026-07-01T04:05:26.335713,2026-07-01T04:05:26.340088+00:00,89.8,10,ask,,,1635596
2026-07-01T04:05:29.366860,2026-07-01T04:05:29.369659+00:00,89.9,200,bid,,,1635652
2026-07-01T04:05:30.121239,2026-07-01T04:05:30.138893+00:00,89.9,500,bid,,,1635665
2026-07-01T04:05:30.130319,2026-07-01T04:05:30.138893+00:00,89.9,23,ask,,,1635666
2026-07-01T04:05:30.400685,2026-07-01T04:05:30.438065+00:00,89.9,102,ask,,,1635672
2026-07-01T04:05:30.417185,2026-07-01T04:05:30.438065+00:00,89.9,23,bid,,,1635675
2026-07-01T04:05:31.432492,2026-07-01T04:05:31.434902+00:00,89.8,200,ask,,,1635697
2026-07-01T04:05:31.432492,2026-07-01T04:05:31.454562+00:00,89.6,1,ask,,,1635698
2026-07-01T04:05:31.446186,2026-07-01T04:05:31.454562+00:00,89.6,14,bid,,,1635700
2026-07-01T04:05:31.789427,2026-07-01T04:05:31.793460+00:00,89.6,200,bid,,,1635707
2026-07-01T04:05:33.000139,2026-07-01T04:05:33.002556+00:00,89.7,9,ask,,,1635722
2026-07-01T04:05:33.598186,2026-07-01T04:05:33.606708+00:00,89.6,26,ask,,,1635735
2026-07-01T04:05:34.211207,2026-07-01T04:05:34.212905+00:00,89.6,4,ask,,,1635757
2026-07-01T04:05:34.211207,2026-07-01T04:05:34.223207+00:00,89.6,196,ask,,,1635758
2026-07-01T04:05:35.646889,2026-07-01T04:05:35.650020+00:00,89.7,20,bid,,,1635789
2026-07-01T04:05:37.541029,2026-07-01T04:05:37.545763+00:00,89.7,20,bid,,,1635823
2026-07-01T04:05:37.838122,2026-07-01T04:05:37.843312+00:00,89.7,200,bid,,,1635829
2026-07-01T04:05:39.292180,2026-07-01T04:05:39.297950+00:00,89.7,200,bid,,,1635867
2026-07-01T04:05:40.460337,2026-07-01T04:05:40.462034+00:00,89.9,1,bid,,,1635894
2026-07-01T04:05:40.460337,2026-07-01T04:05:40.472382+00:00,89.9,19,bid,,,1635895
2026-07-01T04:05:40.605310,2026-07-01T04:05:40.607243+00:00,89.7,200,ask,,,1635898
2026-07-01T04:05:40.618650,2026-07-01T04:05:40.629329+00:00,89.7,12,bid,,,1635899
2026-07-01T04:05:41.929219,2026-07-01T04:05:41.969167+00:00,89.7,200,bid,,,1635922
2026-07-01T04:05:43.151450,2026-07-01T04:05:43.163419+00:00,89.7,7,ask,,,1635949
2026-07-01T04:05:44.553543,2026-07-01T04:05:44.555298+00:00,89.7,200,ask,WavyWalnuts,YieldingYams,1635971
2026-07-01T04:05:45.095742,2026-07-01T04:05:45.101410+00:00,89.7,200,bid,WavyWalnuts,YieldingYams,1635992
2026-07-01T04:05:45.207264,2026-07-01T04:05:45.215759+00:00,89.6,3,ask,Kelvin Chan,Zijun Feng,1635996
2026-07-01T04:05:46.256907,2026-07-01T04:05:46.266208+00:00,89.8,12,ask,YieldingYams,Xuanyu Liu,1636015
2026-07-01T04:05:46.309240,2026-07-01T04:05:46.317987+00:00,89.8,200,ask,YieldingYams,WavyWalnuts,1636018
2026-07-01T04:05:46.767655,2026-07-01T04:05:46.771508+00:00,89.8,413,ask,YieldingYams,AverageAlmonds,1636031
2026-07-01T04:05:47.235411,2026-07-01T04:05:47.245179+00:00,89.6,5,ask,Kelvin Chan,Zijun Feng,1636050
2026-07-01T04:05:47.746038,2026-07-01T04:05:47.751522+00:00,89.6,5,ask,Kelvin Chan,Zijun Feng,1636059
2026-07-01T04:05:49.932337,2026-07-01T04:05:49.941180+00:00,89.6,3,ask,Kelvin Chan,WavyWalnuts,1636112
2026-07-01T04:05:49.932337,2026-07-01T04:05:49.941180+00:00,89.6,197,ask,YieldingYams,WavyWalnuts,1636113
2026-07-01T04:05:51.102874,2026-07-01T04:05:51.104794+00:00,89.6,4,ask,Kelvin Chan,YieldingYams,1636130
2026-07-01T04:05:52.359206,2026-07-01T04:05:52.370046+00:00,89.5,8,ask,Kelvin Chan,WavyWalnuts,1636152
2026-07-01T04:05:52.359206,2026-07-01T04:05:52.370046+00:00,89.4,192,ask,YieldingYams,WavyWalnuts,1636153
2026-07-01T04:05:54.778487,2026-07-01T04:05:54.785952+00:00,89.5,200,bid,WavyWalnuts,YieldingYams,1636199
2026-07-01T04:05:55.041421,2026-07-01T04:05:55.052868+00:00,89.4,4,ask,Kelvin Chan,YieldingYams,1636206
2026-07-01T04:06:00.287112,2026-07-01T04:06:00.289700+00:00,89.1,200,ask,WavyWalnuts,YieldingYams,1636311
2026-07-01T04:06:00.677303,2026-07-01T04:06:00.678943+00:00,89.1,425,bid,AverageAlmonds,YieldingYams,1636316
2026-07-01T04:06:01.594018,2026-07-01T04:06:01.600633+00:00,89.2,1,ask,Kelvin Chan,YieldingYams,1636335
2026-07-01T04:06:01.962429,2026-07-01T04:06:01.970131+00:00,89.2,10,bid,Zijun Feng,YieldingYams,1636343
2026-07-01T04:06:02.907309,2026-07-01T04:06:02.912518+00:00,89.1,200,ask,WavyWalnuts,YieldingYams,1636367
2026-07-01T04:06:02.907309,2026-07-01T04:06:02.912518+00:00,89.1,2,ask,Kelvin Chan,YieldingYams,1636368
2026-07-01T04:06:02.907309,2026-07-01T04:06:02.912518+00:00,89.1,423,ask,AverageAlmonds,YieldingYams,1636369
2026-07-01T04:06:04.217852,2026-07-01T04:06:04.227996+00:00,89.2,200,bid,YieldingYams,WavyWalnuts,1636395
2026-07-01T04:06:04.490548,2026-07-01T04:06:04.494541+00:00,89.4,10,bid,Zijun Feng,YieldingYams,1636402
2026-07-01T04:06:05.175917,2026-07-01T04:06:05.184617+00:00,89.4,12,bid,Xuanyu Liu,YieldingYams,1636418
2026-07-01T04:06:05.549520,2026-07-01T04:06:05.579300+00:00,89.3,200,ask,WavyWalnuts,YieldingYams,1636436
2026-07-01T04:06:05.549520,2026-07-01T04:06:05.579300+00:00,89.1,1,ask,Kelvin Chan,YieldingYams,1636437
2026-07-01T04:06:05.571243,2026-07-01T04:06:05.579300+00:00,89.1,14,bid,Xuanyu Liu,YieldingYams,1636440
2026-07-01T04:06:05.667026,2026-07-01T04:06:05.672882+00:00,89.1,200,bid,WavyWalnuts,YieldingYams,1636442
2026-07-01T04:06:10.377410,2026-07-01T04:06:10.382813+00:00,89.2,20,ask,WavyWalnuts,BrilliantBurritos,1636530
2026-07-01T04:06:10.508951,2026-07-01T04:06:10.516692+00:00,89.4,200,bid,WavyWalnuts,YieldingYams,1636537
2026-07-01T04:06:11.242832,2026-07-01T04:06:11.245044+00:00,89.4,20,bid,BrilliantBurritos,YieldingYams,1636549
2026-07-01T04:06:14.005923,2026-07-01T04:06:14.023691+00:00,89.4,20,bid,BrilliantBurritos,WavyWalnuts,1636624
2026-07-01T04:06:14.135483,2026-07-01T04:06:14.137484+00:00,89.3,200,ask,YieldingYams,WavyWalnuts,1636630
2026-07-01T04:06:14.724702,2026-07-01T04:06:14.739783+00:00,89.3,3,ask,YieldingYams,Xuanyu Liu,1636640
2026-07-01T04:06:14.742648,2026-07-01T04:06:14.759507+00:00,89.4,500,bid,YieldingYams,AverageAlmonds,1636643
2026-07-01T04:06:14.751110,2026-07-01T04:06:14.759507+00:00,89.4,11,ask,YieldingYams,Xuanyu Liu,1636644
2026-07-01T04:06:15.343170,2026-07-01T04:06:15.347858+00:00,89.4,114,ask,YieldingYams,WavyWalnuts,1636664
2026-07-01T04:06:17.837612,2026-07-01T04:06:17.851289+00:00,89.3,11,bid,Xuanyu Liu,YieldingYams,1636705
2026-07-01T04:06:21.395265,2026-07-01T04:06:21.405023+00:00,89.2,200,ask,YieldingYams,WavyWalnuts,1636770
2026-07-01T04:06:21.756366,2026-07-01T04:06:21.764127+00:00,89.3,10,bid,Zijun Feng,AverageAlmonds,1636779
2026-07-01T04:06:21.862841,2026-07-01T04:06:21.866795+00:00,89.2,425,ask,YieldingYams,AverageAlmonds,1636781
2026-07-01T04:06:22.632453,2026-07-01T04:06:22.652086+00:00,89.1,4,ask,Kelvin Chan,YieldingYams,1636807
2026-07-01T04:06:22.632453,2026-07-01T04:06:22.652086+00:00,89.0,200,ask,WavyWalnuts,YieldingYams,1636808
2026-07-01T04:06:22.641857,2026-07-01T04:06:22.652086+00:00,89.0,3,bid,Xuanyu Liu,YieldingYams,1636809
2026-07-01T04:06:23.288968,2026-07-01T04:06:23.291267+00:00,89.0,10,bid,Zijun Feng,YieldingYams,1636824
2026-07-01T04:06:23.637811,2026-07-01T04:06:23.640505+00:00,88.9,1,ask,Kelvin Chan,BrilliantBurritos,1636832
2026-07-01T04:06:23.812552,2026-07-01T04:06:23.815130+00:00,89.0,200,bid,WavyWalnuts,YieldingYams,1636836
2026-07-01T04:06:25.338450,2026-07-01T04:06:25.341305+00:00,89.1,10,bid,Zijun Feng,WavyWalnuts,1636865
2026-07-01T04:06:29.158051,2026-07-01T04:06:29.161073+00:00,89.1,20,bid,BrilliantBurritos,YieldingYams,1636928
2026-07-01T04:06:29.867288,2026-07-01T04:06:29.871064+00:00,89.0,1,ask,Kelvin Chan,WavyWalnuts,1636947
2026-07-01T04:06:29.867288,2026-07-01T04:06:29.871064+00:00,88.9,199,ask,YieldingYams,WavyWalnuts,1636948
2026-07-01T04:06:33.113405,2026-07-01T04:06:33.119792+00:00,89.1,200,bid,YieldingYams,WavyWalnuts,1637022
2026-07-01T04:06:35.585191,2026-07-01T04:06:35.595745+00:00,89.2,20,bid,BrilliantBurritos,YieldingYams,1637066
2026-07-01T04:06:35.907787,2026-07-01T04:06:35.914486+00:00,89.3,2,bid,WavyWalnuts,Kelvin Chan,1637075
2026-07-01T04:06:35.907787,2026-07-01T04:06:35.914486+00:00,89.3,198,bid,WavyWalnuts,YieldingYams,1637076
2026-07-01T04:06:37.414261,2026-07-01T04:06:37.416989+00:00,89.4,20,bid,BrilliantBurritos,YieldingYams,1637104
2026-07-01T04:06:38.325770,2026-07-01T04:06:38.332737+00:00,89.4,200,bid,WavyWalnuts,YieldingYams,1637128
2026-07-01T04:06:41.032185,2026-07-01T04:06:41.035347+00:00,89.4,4,bid,YieldingYams,Kelvin Chan,1637187
2026-07-01T04:06:41.032185,2026-07-01T04:06:41.045842+00:00,89.4,200,bid,YieldingYams,WavyWalnuts,1637188
2026-07-01T04:06:41.032185,2026-07-01T04:06:41.045842+00:00,89.5,421,bid,YieldingYams,AverageAlmonds,1637189
2026-07-01T04:06:41.957006,2026-07-01T04:06:41.961180+00:00,89.3,4,bid,WavyWalnuts,Kelvin Chan,1637205
2026-07-01T04:06:42.348582,2026-07-01T04:06:42.350915+00:00,89.4,196,ask,WavyWalnuts,YieldingYams,1637209
2026-07-01T04:06:43.168172,2026-07-01T04:06:43.173278+00:00,89.3,200,bid,WavyWalnuts,YieldingYams,1637230
2026-07-01T04:06:43.511484,2026-07-01T04:06:43.522549+00:00,89.1,20,ask,YieldingYams,BrilliantBurritos,1637239
2026-07-01T04:06:46.316592,2026-07-01T04:06:46.325126+00:00,89.4,3,bid,Xuanyu Liu,WavyWalnuts,1637295
2026-07-01T04:06:46.808992,2026-07-01T04:06:46.819489+00:00,89.3,11,bid,Xuanyu Liu,WavyWalnuts,1637309
2026-07-01T04:06:46.861970,2026-07-01T04:06:46.870898+00:00,89.3,50,bid,Harry North,WavyWalnuts,1637311
2026-07-01T04:06:48.004754,2026-07-01T04:06:48.012232+00:00,89.2,200,ask,YieldingYams,WavyWalnuts,1637329
2026-07-01T04:06:49.539906,2026-07-01T04:06:49.551022+00:00,89.1,1,ask,Kelvin Chan,Xuanyu Liu,1637356
2026-07-01T04:06:49.539906,2026-07-01T04:06:49.551022+00:00,89.1,10,ask,YieldingYams,Xuanyu Liu,1637357
2026-07-01T04:06:50.419565,2026-07-01T04:06:50.422951+00:00,89.1,2,ask,Kelvin Chan,WavyWalnuts,1637381
2026-07-01T04:06:52.713508,2026-07-01T04:06:52.716307+00:00,89.1,10,bid,Zijun Feng,YieldingYams,1637419
2026-07-01T04:06:52.865133,2026-07-01T04:06:52.881467+00:00,89.0,2,ask,Kelvin Chan,YieldingYams,1637422
2026-07-01T04:06:52.872173,2026-07-01T04:06:52.881467+00:00,89.0,11,bid,Xuanyu Liu,YieldingYams,1637423
2026-07-01T04:06:53.361305,2026-07-01T04:06:53.365608+00:00,89.0,500,bid,AverageAlmonds,YieldingYams,1637435
2026-07-01T04:06:54.172587,2026-07-01T04:06:54.176842+00:00,89.0,200,bid,YieldingYams,WavyWalnuts,1637444
2026-07-01T04:06:54.777547,2026-07-01T04:06:54.782603+00:00,89.2,10,bid,Zijun Feng,YieldingYams,1637460
2026-07-01T04:06:55.773615,2026-07-01T04:06:55.780458+00:00,89.1,500,bid,AverageAlmonds,YieldingYams,1637472
2026-07-01T04:06:56.371820,2026-07-01T04:06:56.375275+00:00,89.1,125,bid,AverageAlmonds,YieldingYams,1637482
2026-07-01T04:06:56.791226,2026-07-01T04:06:56.795965+00:00,89.2,200,bid,YieldingYams,WavyWalnuts,1637489
2026-07-01T04:06:56.791226,2026-07-01T04:06:56.795965+00:00,89.3,10,bid,YieldingYams,Kelvin Chan,1637490
2026-07-01T04:06:57.209402,2026-07-01T04:06:57.216301+00:00,89.3,20,ask,YieldingYams,BrilliantBurritos,1637496
2026-07-01T04:06:59.028562,2026-07-01T04:06:59.038049+00:00,89.4,7,bid,Xuanyu Liu,Kelvin Chan,1637542
2026-07-01T04:06:59.049394,2026-07-01T04:06:59.057765+00:00,89.5,16,bid,Xuanyu Liu,YieldingYams,1637544
2026-07-01T04:07:00.751457,2026-07-01T04:07:00.763359+00:00,89.4,200,ask,WavyWalnuts,YieldingYams,1637584
2026-07-01T04:07:01.350288,2026-07-01T04:07:01.361267+00:00,89.4,10,bid,Zijun Feng,YieldingYams,1637593
2026-07-01T04:07:01.886972,2026-07-01T04:07:01.895736+00:00,89.4,50,bid,Harry North,YieldingYams,1637607
2026-07-01T04:07:02.059322,2026-07-01T04:07:02.070105+00:00,89.5,200,bid,YieldingYams,WavyWalnuts,1637610
2026-07-01T04:07:04.689394,2026-07-01T04:07:04.691147+00:00,89.4,200,ask,WavyWalnuts,YieldingYams,1637677
2026-07-01T04:07:04.950284,2026-07-01T04:07:04.959775+00:00,89.3,200,bid,WavyWalnuts,YieldingYams,1637681
2026-07-01T04:07:05.947702,2026-07-01T04:07:05.957101+00:00,89.1,11,ask,YieldingYams,Xuanyu Liu,1637705
2026-07-01T04:07:06.165012,2026-07-01T04:07:06.173910+00:00,89.2,12,ask,WavyWalnuts,Xuanyu Liu,1637710
2026-07-01T04:07:07.369647,2026-07-01T04:07:07.376557+00:00,89.3,200,bid,WavyWalnuts,YieldingYams,1637729
2026-07-01T04:07:08.612197,2026-07-01T04:07:08.627827+00:00,89.3,200,bid,YieldingYams,WavyWalnuts,1637751
2026-07-01T04:07:08.619064,2026-07-01T04:07:08.627827+00:00,89.4,14,ask,YieldingYams,Xuanyu Liu,1637752
2026-07-01T04:07:09.438958,2026-07-01T04:07:09.449015+00:00,89.4,10,ask,YieldingYams,Zijun Feng,1637773
2026-07-01T04:07:10.996925,2026-07-01T04:07:10.998850+00:00,89.4,200,ask,YieldingYams,WavyWalnuts,1637797
2026-07-01T04:07:13.414078,2026-07-01T04:07:13.422946+00:00,89.5,2,bid,WavyWalnuts,Kelvin Chan,1637861
2026-07-01T04:07:13.985381,2026-07-01T04:07:13.987060+00:00,89.5,10,ask,WavyWalnuts,Zijun Feng,1637876
2026-07-01T04:07:14.626030,2026-07-01T04:07:14.631683+00:00,89.4,200,ask,YieldingYams,WavyWalnuts,1637884
2026-07-01T04:07:16.360822,2026-07-01T04:07:16.364611+00:00,89.5,500,ask,YieldingYams,AverageAlmonds,1637929
2026-07-01T04:07:16.487171,2026-07-01T04:07:16.497543+00:00,89.4,200,ask,WavyWalnuts,YieldingYams,1637933
2026-07-01T04:07:17.038335,2026-07-01T04:07:17.050101+00:00,89.4,200,bid,WavyWalnuts,YieldingYams,1637944
2026-07-01T04:07:17.624490,2026-07-01T04:07:17.632568+00:00,89.4,20,bid,BrilliantBurritos,YieldingYams,1637955
2026-07-01T04:07:18.027553,2026-07-01T04:07:18.030836+00:00,89.5,1,bid,Zijun Feng,Kelvin Chan,1637964
2026-07-01T04:07:18.027553,2026-07-01T04:07:18.030836+00:00,89.5,9,bid,Zijun Feng,YieldingYams,1637965
2026-07-01T04:07:18.254175,2026-07-01T04:07:18.255886+00:00,89.5,200,bid,WavyWalnuts,YieldingYams,1637975
2026-07-01T04:07:19.462339,2026-07-01T04:07:19.467009+00:00,89.5,200,ask,YieldingYams,WavyWalnuts,1638009
2026-07-01T04:07:20.669163,2026-07-01T04:07:20.677076+00:00,89.4,200,bid,WavyWalnuts,YieldingYams,1638028
2026-07-01T04:07:21.664201,2026-07-01T04:07:21.670133+00:00,89.2,6,ask,Kelvin Chan,BrilliantBurritos,1638047
2026-07-01T04:07:21.664201,2026-07-01T04:07:21.670133+00:00,89.2,14,ask,YieldingYams,BrilliantBurritos,1638048
2026-07-01T04:07:21.878476,2026-07-01T04:07:21.885380+00:00,89.5,200,bid,WavyWalnuts,YieldingYams,1638053
2026-07-01T04:07:24.411146,2026-07-01T04:07:24.414027+00:00,89.5,6,bid,BrilliantBurritos,Kelvin Chan,1638099
2026-07-01T04:07:24.411146,2026-07-01T04:07:24.424231+00:00,89.5,14,bid,BrilliantBurritos,YieldingYams,1638100
2026-07-01T04:07:25.512627,2026-07-01T04:07:25.520476+00:00,89.5,200,bid,WavyWalnuts,YieldingYams,1638121
2026-07-01T04:07:25.665661,2026-07-01T04:07:25.674469+00:00,89.6,6,bid,YieldingYams,Kelvin Chan,1638129
2026-07-01T04:07:26.618800,2026-07-01T04:07:26.629505+00:00,89.6,10,ask,YieldingYams,Zijun Feng,1638151
2026-07-01T04:07:26.726711,2026-07-01T04:07:26.732460+00:00,89.6,200,ask,YieldingYams,WavyWalnuts,1638154
2026-07-01T04:07:27.069550,2026-07-01T04:07:27.081231+00:00,89.6,50,ask,YieldingYams,Harry North,1638168
2026-07-01T04:07:27.347227,2026-07-01T04:07:27.358384+00:00,89.7,20,bid,BrilliantBurritos,YieldingYams,1638178
2026-07-01T04:07:27.938512,2026-07-01T04:07:27.942115+00:00,89.6,200,ask,YieldingYams,WavyWalnuts,1638188
2026-07-01T04:07:28.291760,2026-07-01T04:07:28.300417+00:00,89.5,3,bid,Xuanyu Liu,YieldingYams,1638191
2026-07-01T04:07:29.145121,2026-07-01T04:07:29.152019+00:00,89.5,200,bid,WavyWalnuts,YieldingYams,1638222
2026-07-01T04:07:31.244237,2026-07-01T04:07:31.252069+00:00,89.3,3,ask,WavyWalnuts,Xuanyu Liu,1638268
2026-07-01T04:07:32.166093,2026-07-01T04:07:32.176235+00:00,89.3,50,ask,YieldingYams,Harry North,1638293
2026-07-01T04:07:32.177681,2026-07-01T04:07:32.186605+00:00,89.4,2,bid,Harry North,WavyWalnuts,1638295
2026-07-01T04:07:32.238641,2026-07-01T04:07:32.248389+00:00,89.4,198,bid,YieldingYams,WavyWalnuts,1638297
2026-07-01T04:07:32.992235,2026-07-01T04:07:32.997026+00:00,89.4,20,ask,YieldingYams,BrilliantBurritos,1638316
2026-07-01T04:07:33.985149,2026-07-01T04:07:33.990836+00:00,89.4,200,bid,WavyWalnuts,YieldingYams,1638336
2026-07-01T04:07:36.167739,2026-07-01T04:07:36.176884+00:00,89.5,200,bid,YieldingYams,WavyWalnuts,1638385
2026-07-01T04:07:37.268872,2026-07-01T04:07:37.275256+00:00,89.6,1,bid,Harry North,Kelvin Chan,1638405
2026-07-01T04:07:37.268872,2026-07-01T04:07:37.275256+00:00,89.7,1,bid,Harry North,YieldingYams,1638406
2026-07-01T04:07:37.606597,2026-07-01T04:07:37.613758+00:00,89.6,200,bid,WavyWalnuts,YieldingYams,1638422
2026-07-01T04:07:39.312943,2026-07-01T04:07:39.324607+00:00,89.5,20,ask,YieldingYams,BrilliantBurritos,1638446
2026-07-01T04:07:40.026830,2026-07-01T04:07:40.032827+00:00,89.5,200,ask,YieldingYams,WavyWalnuts,1638463
2026-07-01T04:07:42.285780,2026-07-01T04:07:42.289613+00:00,89.5,2,bid,Harry North,YieldingYams,1638502
2026-07-01T04:07:42.657974,2026-07-01T04:07:42.669251+00:00,89.4,20,ask,WavyWalnuts,BrilliantBurritos,1638508
2026-07-01T04:07:44.044373,2026-07-01T04:07:44.046733+00:00,89.5,200,ask,WavyWalnuts,YieldingYams,1638544
2026-07-01T04:07:47.362493,2026-07-01T04:07:47.374079+00:00,89.5,2,bid,Harry North,YieldingYams,1638595
2026-07-01T04:07:47.970100,2026-07-01T04:07:47.980360+00:00,89.4,200,ask,WavyWalnuts,YieldingYams,1638604
2026-07-01T04:07:48.506584,2026-07-01T04:07:48.513839+00:00,89.4,200,bid,WavyWalnuts,YieldingYams,1638613
2026-07-01T04:07:49.278165,2026-07-01T04:07:49.282985+00:00,89.6,3,bid,YieldingYams,Kelvin Chan,1638629
2026-07-01T04:07:49.278165,2026-07-01T04:07:49.282985+00:00,89.6,200,bid,YieldingYams,WavyWalnuts,1638630
2026-07-01T04:07:49.684640,2026-07-01T04:07:49.705190+00:00,89.7,3,bid,Xuanyu Liu,YieldingYams,1638637
2026-07-01T04:07:49.721179,2026-07-01T04:07:49.726158+00:00,89.6,200,ask,YieldingYams,WavyWalnuts,1638643
2026-07-01T04:07:50.602344,2026-07-01T04:07:50.610462+00:00,89.4,34,bid,Xuanyu Liu,YieldingYams,1638666
2026-07-01T04:07:50.935982,2026-07-01T04:07:50.940672+00:00,89.4,200,bid,WavyWalnuts,YieldingYams,1638678
2026-07-01T04:07:52.149038,2026-07-01T04:07:52.151153+00:00,89.5,200,ask,YieldingYams,WavyWalnuts,1638701
2026-07-01T04:07:52.381938,2026-07-01T04:07:52.387369+00:00,89.7,3,bid,Harry North,Kelvin Chan,1638705
2026-07-01T04:07:52.381938,2026-07-01T04:07:52.387369+00:00,89.7,47,bid,Harry North,YieldingYams,1638706
2026-07-01T04:07:52.851027,2026-07-01T04:07:52.860303+00:00,89.5,34,ask,YieldingYams,Xuanyu Liu,1638715
2026-07-01T04:07:54.552477,2026-07-01T04:07:54.558823+00:00,89.4,500,ask,AverageAlmonds,YieldingYams,1638770
2026-07-01T04:07:54.568797,2026-07-01T04:07:54.579509+00:00,89.4,125,bid,WavyWalnuts,YieldingYams,1638773
2026-07-01T04:07:55.859394,2026-07-01T04:07:55.861121+00:00,89.5,200,bid,YieldingYams,WavyWalnuts,1638793
2026-07-01T04:07:56.854537,2026-07-01T04:07:56.863120+00:00,89.6,7,bid,BrilliantBurritos,Kelvin Chan,1638820
2026-07-01T04:07:56.854537,2026-07-01T04:07:56.863120+00:00,89.6,13,bid,BrilliantBurritos,YieldingYams,1638821
2026-07-01T04:07:56.992031,2026-07-01T04:07:56.996665+00:00,89.5,200,ask,YieldingYams,WavyWalnuts,1638823
2026-07-01T04:07:56.999634,2026-07-01T04:07:57.007015+00:00,89.6,10,bid,Zijun Feng,YieldingYams,1638824
2026-07-01T04:07:58.011811,2026-07-01T04:07:58.014892+00:00,89.6,10,bid,Zijun Feng,YieldingYams,1638864
2026-07-01T04:07:58.199905,2026-07-01T04:07:58.210390+00:00,89.6,200,bid,WavyWalnuts,YieldingYams,1638873
2026-07-01T04:07:59.815466,2026-07-01T04:07:59.822653+00:00,89.5,20,ask,AverageAlmonds,BrilliantBurritos,1638906
2026-07-01T04:08:01.102076,2026-07-01T04:08:01.106989+00:00,89.6,200,ask,WavyWalnuts,YieldingYams,1638943
2026-07-01T04:08:02.338090,2026-07-01T04:08:02.346738+00:00,89.4,3,ask,Kelvin Chan,Xuanyu Liu,1638970
2026-07-01T04:08:02.381398,2026-07-01T04:08:02.387923+00:00,89.5,200,bid,AverageAlmonds,WavyWalnuts,1638972
2026-07-01T04:08:02.481995,2026-07-01T04:08:02.490615+00:00,89.5,2,ask,AverageAlmonds,Harry North,1638977
2026-07-01T04:08:03.050971,2026-07-01T04:08:03.065784+00:00,89.6,3,ask,WavyWalnuts,Xuanyu Liu,1638988
2026-07-01T04:08:04.586510,2026-07-01T04:08:04.598125+00:00,89.6,10,ask,YieldingYams,Zijun Feng,1639020
2026-07-01T04:08:05.030813,2026-07-01T04:08:05.048950+00:00,89.7,7,bid,YieldingYams,Kelvin Chan,1639029
2026-07-01T04:08:05.040071,2026-07-01T04:08:05.048950+00:00,89.7,11,ask,YieldingYams,Xuanyu Liu,1639030
2026-07-01T04:08:05.409268,2026-07-01T04:08:05.420245+00:00,89.8,20,bid,BrilliantBurritos,WavyWalnuts,1639038
2026-07-01T04:08:06.341175,2026-07-01T04:08:06.352498+00:00,89.8,200,bid,YieldingYams,WavyWalnuts,1639054
2026-07-01T04:08:06.681747,2026-07-01T04:08:06.690660+00:00,89.8,200,ask,YieldingYams,WavyWalnuts,1639062
2026-07-01T04:08:06.937516,2026-07-01T04:08:06.947172+00:00,90.0,20,bid,BrilliantBurritos,YieldingYams,1639068
2026-07-01T04:08:07.562556,2026-07-01T04:08:07.564490+00:00,89.8,2,ask,YieldingYams,Harry North,1639086
2026-07-01T04:08:08.966724,2026-07-01T04:08:08.971782+00:00,89.7,200,ask,WavyWalnuts,YieldingYams,1639117
2026-07-01T04:08:09.194600,2026-07-01T04:08:09.198318+00:00,89.6,10,ask,WavyWalnuts,Zijun Feng,1639123
2026-07-01T04:08:11.533670,2026-07-01T04:08:11.542993+00:00,89.6,200,ask,YieldingYams,WavyWalnuts,1639171
2026-07-01T04:08:12.575293,2026-07-01T04:08:12.578389+00:00,89.6,2,ask,YieldingYams,Harry North,1639184
2026-07-01T04:08:12.894845,2026-07-01T04:08:12.906178+00:00,89.7,200,bid,YieldingYams,WavyWalnuts,1639195
2026-07-01T04:08:14.491205,2026-07-01T04:08:14.494249+00:00,89.8,4,bid,AverageAlmonds,Kelvin Chan,1639222
2026-07-01T04:08:15.033704,2026-07-01T04:08:15.042603+00:00,89.8,12,ask,AverageAlmonds,Xuanyu Liu,1639234
2026-07-01T04:08:16.380195,2026-07-01T04:08:16.388573+00:00,89.8,200,ask,AverageAlmonds,WavyWalnuts,1639269
2026-07-01T04:08:17.663561,2026-07-01T04:08:17.669801+00:00,89.7,2,ask,YieldingYams,Harry North,1639293
2026-07-01T04:08:18.146843,2026-07-01T04:08:18.153258+00:00,89.9,2,bid,YieldingYams,Kelvin Chan,1639304
2026-07-01T04:08:18.146843,2026-07-01T04:08:18.153258+00:00,89.9,200,bid,YieldingYams,WavyWalnuts,1639305
2026-07-01T04:08:19.460752,2026-07-01T04:08:19.469522+00:00,89.8,200,ask,WavyWalnuts,YieldingYams,1639333
2026-07-01T04:08:19.460752,2026-07-01T04:08:19.469522+00:00,89.8,425,ask,AverageAlmonds,YieldingYams,1639334
2026-07-01T04:08:19.997650,2026-07-01T04:08:20.004281+00:00,89.8,200,ask,AverageAlmonds,WavyWalnuts,1639339
2026-07-01T04:08:21.205559,2026-07-01T04:08:21.216413+00:00,89.9,200,ask,YieldingYams,WavyWalnuts,1639360
2026-07-01T04:08:22.411057,2026-07-01T04:08:22.413082+00:00,90.0,1,bid,WavyWalnuts,Kelvin Chan,1639383
2026-07-01T04:08:22.411057,2026-07-01T04:08:22.423464+00:00,90.0,199,bid,WavyWalnuts,YieldingYams,1639384
2026-07-01T04:08:22.674828,2026-07-01T04:08:22.681335+00:00,89.8,2,ask,YieldingYams,Harry North,1639387
2026-07-01T04:08:23.396820,2026-07-01T04:08:23.401199+00:00,90.0,1,bid,YieldingYams,Kelvin Chan,1639413
2026-07-01T04:08:23.623660,2026-07-01T04:08:23.627420+00:00,90.0,200,ask,YieldingYams,WavyWalnuts,1639417
2026-07-01T04:08:24.839893,2026-07-01T04:08:24.850803+00:00,90.0,200,ask,YieldingYams,WavyWalnuts,1639436
2026-07-01T04:08:25.472587,2026-07-01T04:08:25.480336+00:00,90.0,10,ask,YieldingYams,Zijun Feng,1639453
2026-07-01T04:08:26.051052,2026-07-01T04:08:26.054961+00:00,90.0,200,ask,YieldingYams,WavyWalnuts,1639466
2026-07-01T04:08:26.191945,2026-07-01T04:08:26.198553+00:00,90.1,1,bid,BrilliantBurritos,Kelvin Chan,1639469
2026-07-01T04:08:27.687416,2026-07-01T04:08:27.693802+00:00,90.0,2,ask,WavyWalnuts,Harry North,1639498
2026-07-01T04:08:28.051589,2026-07-01T04:08:28.062371+00:00,90.0,10,ask,WavyWalnuts,Zijun Feng,1639504
2026-07-01T04:08:28.239472,2026-07-01T04:08:28.251662+00:00,90.0,11,ask,WavyWalnuts,Xuanyu Liu,1639510
2026-07-01T04:08:28.478046,2026-07-01T04:08:28.487748+00:00,90.0,20,ask,WavyWalnuts,BrilliantBurritos,1639516
2026-07-01T04:08:28.816060,2026-07-01T04:08:28.824959+00:00,90.0,20,ask,WavyWalnuts,BrilliantBurritos,1639519
2026-07-01T04:08:29.694428,2026-07-01T04:08:29.697370+00:00,90.0,200,ask,YieldingYams,WavyWalnuts,1639541
2026-07-01T04:08:30.093488,2026-07-01T04:08:30.095874+00:00,89.9,10,ask,WavyWalnuts,Zijun Feng,1639545
2026-07-01T04:08:30.902277,2026-07-01T04:08:30.906623+00:00,90.0,200,bid,WavyWalnuts,YieldingYams,1639561
2026-07-01T04:08:31.287450,2026-07-01T04:08:31.296473+00:00,90.0,12,ask,YieldingYams,Xuanyu Liu,1639571
2026-07-01T04:08:32.111660,2026-07-01T04:08:32.130049+00:00,90.1,1,bid,WavyWalnuts,Kelvin Chan,1639589
2026-07-01T04:08:32.119321,2026-07-01T04:08:32.130049+00:00,90.1,11,ask,WavyWalnuts,Xuanyu Liu,1639590
2026-07-01T04:08:32.586509,2026-07-01T04:08:32.590598+00:00,90.1,188,ask,WavyWalnuts,YieldingYams,1639603
2026-07-01T04:08:32.762008,2026-07-01T04:08:32.764648+00:00,89.9,2,ask,YieldingYams,Harry North,1639605
2026-07-01T04:08:33.320657,2026-07-01T04:08:33.328061+00:00,90.1,200,bid,WavyWalnuts,YieldingYams,1639617
2026-07-01T04:08:33.895412,2026-07-01T04:08:33.912742+00:00,90.2,2,bid,YieldingYams,Kelvin Chan,1639626
2026-07-01T04:08:33.904301,2026-07-01T04:08:33.912742+00:00,90.2,11,ask,YieldingYams,Xuanyu Liu,1639627
2026-07-01T04:08:33.985379,2026-07-01T04:08:33.994843+00:00,90.3,11,bid,Xuanyu Liu,WavyWalnuts,1639631
2026-07-01T04:08:34.529880,2026-07-01T04:08:34.538197+00:00,90.2,200,ask,YieldingYams,WavyWalnuts,1639643
2026-07-01T04:08:35.215579,2026-07-01T04:08:35.224055+00:00,90.2,11,bid,Xuanyu Liu,YieldingYams,1639658
2026-07-01T04:08:35.749007,2026-07-01T04:08:35.779444+00:00,90.1,12,bid,Xuanyu Liu,WavyWalnuts,1639672
2026-07-01T04:08:35.889755,2026-07-01T04:08:35.958688+00:00,90.1,20,bid,BrilliantBurritos,WavyWalnuts,1639674
2026-07-01T04:08:36.522159,2026-07-01T04:08:36.532167+00:00,90.1,168,bid,YieldingYams,WavyWalnuts,1639686
2026-07-01T04:08:37.201688,2026-07-01T04:08:37.210228+00:00,90.1,23,ask,YieldingYams,Xuanyu Liu,1639702
2026-07-01T04:08:37.209282,2026-07-01T04:08:37.220704+00:00,90.1,10,ask,YieldingYams,Zijun Feng,1639704
2026-07-01T04:08:37.772382,2026-07-01T04:08:37.780014+00:00,90.1,2,ask,YieldingYams,Harry North,1639720
2026-07-01T04:08:38.165674,2026-07-01T04:08:38.169570+00:00,90.1,200,ask,YieldingYams,WavyWalnuts,1639723
2026-07-01T04:08:39.371058,2026-07-01T04:08:39.378281+00:00,90.1,200,bid,WavyWalnuts,YieldingYams,1639753
2026-07-01T04:08:42.781422,2026-07-01T04:08:42.793264+00:00,90.0,2,ask,WavyWalnuts,Harry North,1639824
2026-07-01T04:08:43.816862,2026-07-01T04:08:43.823172+00:00,90.0,10,ask,YieldingYams,Zijun Feng,1639842
2026-07-01T04:08:44.225779,2026-07-01T04:08:44.236060+00:00,90.0,200,ask,YieldingYams,WavyWalnuts,1639859
2026-07-01T04:08:45.221791,2026-07-01T04:08:45.230127+00:00,90.1,20,bid,BrilliantBurritos,YieldingYams,1639870
2026-07-01T04:08:46.861837,2026-07-01T04:08:46.865183+00:00,90.0,10,ask,YieldingYams,Zijun Feng,1639903
2026-07-01T04:08:47.864874,2026-07-01T04:08:47.869962+00:00,90.1,2,ask,WavyWalnuts,Harry North,1639922
2026-07-01T04:08:48.330374,2026-07-01T04:08:48.341312+00:00,90.1,198,ask,WavyWalnuts,YieldingYams,1639927
2026-07-01T04:08:49.064113,2026-07-01T04:08:49.070028+00:00,90.1,200,bid,WavyWalnuts,YieldingYams,1639947
2026-07-01T04:08:49.922793,2026-07-01T04:08:49.932872+00:00,90.3,1,bid,Xuanyu Liu,Kelvin Chan,1639971
2026-07-01T04:08:49.922793,2026-07-01T04:08:49.932872+00:00,90.3,9,bid,Xuanyu Liu,WavyWalnuts,1639972
2026-07-01T04:08:50.282081,2026-07-01T04:08:50.291878+00:00,90.2,200,ask,YieldingYams,WavyWalnuts,1639986
2026-07-01T04:08:50.424110,2026-07-01T04:08:50.435643+00:00,90.2,10,ask,YieldingYams,Zijun Feng,1639990
2026-07-01T04:08:51.331828,2026-07-01T04:08:51.337841+00:00,90.3,20,bid,BrilliantBurritos,AverageAlmonds,1640008
2026-07-01T04:08:51.441093,2026-07-01T04:08:51.449160+00:00,90.2,1,bid,Xuanyu Liu,AverageAlmonds,1640009
2026-07-01T04:08:52.464759,2026-07-01T04:08:52.476450+00:00,90.2,20,bid,BrilliantBurritos,AverageAlmonds,1640039
2026-07-01T04:08:52.636839,2026-07-01T04:08:52.640828+00:00,90.1,200,ask,WavyWalnuts,AverageAlmonds,1640040
2026-07-01T04:08:52.636839,2026-07-01T04:08:52.640828+00:00,90.1,300,ask,YieldingYams,AverageAlmonds,1640041
2026-07-01T04:08:52.694318,2026-07-01T04:08:52.703437+00:00,90.1,200,ask,YieldingYams,WavyWalnuts,1640044
2026-07-01T04:08:52.883402,2026-07-01T04:08:52.888592+00:00,90.1,2,ask,YieldingYams,Harry North,1640050
2026-07-01T04:08:52.987331,2026-07-01T04:08:52.991002+00:00,90.3,10,bid,Zijun Feng,YieldingYams,1640052
2026-07-01T04:08:53.233562,2026-07-01T04:08:53.236982+00:00,90.1,123,ask,YieldingYams,AverageAlmonds,1640061
2026-07-01T04:08:53.577729,2026-07-01T04:08:53.586720+00:00,90.0,10,ask,Kelvin Chan,YieldingYams,1640073
2026-07-01T04:08:53.909983,2026-07-01T04:08:53.915864+00:00,90.0,200,bid,WavyWalnuts,YieldingYams,1640079
2026-07-01T04:08:55.127359,2026-07-01T04:08:55.129182+00:00,90.0,200,ask,YieldingYams,WavyWalnuts,1640106
2026-07-01T04:08:55.677016,2026-07-01T04:08:55.685436+00:00,90.0,425,ask,YieldingYams,AverageAlmonds,1640110
2026-07-01T04:08:56.192383,2026-07-01T04:08:56.210429+00:00,89.9,6,ask,Kelvin Chan,YieldingYams,1640126
2026-07-01T04:08:56.192383,2026-07-01T04:08:56.210429+00:00,89.8,200,ask,WavyWalnuts,YieldingYams,1640127
2026-07-01T04:08:56.200774,2026-07-01T04:08:56.210429+00:00,89.8,12,bid,Xuanyu Liu,YieldingYams,1640130
2026-07-01T04:08:58.811673,2026-07-01T04:08:58.820510+00:00,89.7,8,ask,Kelvin Chan,YieldingYams,1640180
2026-07-01T04:08:58.811673,2026-07-01T04:08:58.820510+00:00,89.7,200,ask,WavyWalnuts,YieldingYams,1640181
2026-07-01T04:08:59.541162,2026-07-01T04:08:59.550244+00:00,89.7,10,bid,Zijun Feng,YieldingYams,1640190
2026-07-01T04:09:02.424427,2026-07-01T04:09:02.434757+00:00,89.6,1,ask,YieldingYams,Harry North,1640247
2026-07-01T04:09:02.424427,2026-07-01T04:09:02.434757+00:00,89.6,199,ask,YieldingYams,WavyWalnuts,1640248
2026-07-01T04:09:02.859888,2026-07-01T04:09:02.864938+00:00,89.6,1,ask,Kelvin Chan,WavyWalnuts,1640257
2026-07-01T04:09:02.871643,2026-07-01T04:09:02.875177+00:00,89.6,2,ask,YieldingYams,Harry North,1640259
2026-07-01T04:09:05.369375,2026-07-01T04:09:05.372723+00:00,89.6,8,ask,Kelvin Chan,YieldingYams,1640305
2026-07-01T04:09:05.369375,2026-07-01T04:09:05.372723+00:00,89.5,200,ask,WavyWalnuts,YieldingYams,1640306
2026-07-01T04:09:05.383950,2026-07-01T04:09:05.392868+00:00,89.5,23,bid,Xuanyu Liu,YieldingYams,1640307
2026-07-01T04:09:06.048827,2026-07-01T04:09:06.059580+00:00,89.5,200,bid,WavyWalnuts,YieldingYams,1640320
2026-07-01T04:09:06.686974,2026-07-01T04:09:06.696454+00:00,89.6,12,ask,YieldingYams,Xuanyu Liu,1640332
2026-07-01T04:09:07.263476,2026-07-01T04:09:07.272411+00:00,89.6,200,ask,YieldingYams,WavyWalnuts,1640353
2026-07-01T04:09:07.884172,2026-07-01T04:09:07.887517+00:00,89.6,2,ask,YieldingYams,Harry North,1640364
2026-07-01T04:09:08.473926,2026-07-01T04:09:08.483225+00:00,89.6,1,ask,Kelvin Chan,WavyWalnuts,1640376
2026-07-01T04:09:08.473926,2026-07-01T04:09:08.483225+00:00,89.6,199,ask,YieldingYams,WavyWalnuts,1640377
2026-07-01T04:09:08.653659,2026-07-01T04:09:08.656943+00:00,89.6,10,ask,YieldingYams,Zijun Feng,1640379
2026-07-01T04:09:09.129983,2026-07-01T04:09:09.138967+00:00,89.8,20,bid,BrilliantBurritos,YieldingYams,1640394
2026-07-01T04:09:11.921493,2026-07-01T04:09:11.927579+00:00,89.5,6,ask,Kelvin Chan,YieldingYams,1640440
2026-07-01T04:09:12.912282,2026-07-01T04:09:12.921331+00:00,89.4,2,ask,Kelvin Chan,Harry North,1640460
2026-07-01T04:09:13.312192,2026-07-01T04:09:13.323196+00:00,89.4,3,ask,Kelvin Chan,WavyWalnuts,1640471
2026-07-01T04:09:13.312192,2026-07-01T04:09:13.323196+00:00,89.4,197,ask,AverageAlmonds,WavyWalnuts,1640472
2026-07-01T04:09:14.520967,2026-07-01T04:09:14.523972+00:00,89.4,2,ask,Kelvin Chan,WavyWalnuts,1640504
2026-07-01T04:09:14.520967,2026-07-01T04:09:14.534319+00:00,89.4,198,ask,AverageAlmonds,WavyWalnuts,1640505
2026-07-01T04:09:15.729318,2026-07-01T04:09:15.737346+00:00,89.4,200,ask,YieldingYams,WavyWalnuts,1640531
2026-07-01T04:09:15.857414,2026-07-01T04:09:15.860916+00:00,89.4,500,ask,AverageAlmonds,YieldingYams,1640532
2026-07-01T04:09:16.228976,2026-07-01T04:09:16.240966+00:00,89.4,125,bid,AverageAlmonds,YieldingYams,1640537
2026-07-01T04:09:16.995108,2026-07-01T04:09:17.002884+00:00,89.4,20,ask,AverageAlmonds,BrilliantBurritos,1640556
2026-07-01T04:09:17.967696,2026-07-01T04:09:17.978223+00:00,89.4,2,ask,WavyWalnuts,Harry North,1640572
2026-07-01T04:09:18.335753,2026-07-01T04:09:18.339381+00:00,89.6,10,bid,Zijun Feng,YieldingYams,1640581
2026-07-01T04:09:21.100895,2026-07-01T04:09:21.102762+00:00,89.6,200,ask,WavyWalnuts,YieldingYams,1640619
2026-07-01T04:09:21.773777,2026-07-01T04:09:21.778669+00:00,89.6,200,bid,WavyWalnuts,YieldingYams,1640626
2026-07-01T04:09:22.412918,2026-07-01T04:09:22.415174+00:00,89.7,3,bid,YieldingYams,Kelvin Chan,1640638
2026-07-01T04:09:22.980235,2026-07-01T04:09:22.989749+00:00,89.7,2,ask,YieldingYams,Harry North,1640640
2026-07-01T04:09:22.984751,2026-07-01T04:09:22.989749+00:00,89.7,200,ask,YieldingYams,WavyWalnuts,1640641
2026-07-01T04:09:24.192628,2026-07-01T04:09:24.200613+00:00,89.7,200,ask,YieldingYams,WavyWalnuts,1640666
2026-07-01T04:09:26.606433,2026-07-01T04:09:26.611719+00:00,89.6,200,ask,YieldingYams,WavyWalnuts,1640718
2026-07-01T04:09:28.071034,2026-07-01T04:09:28.077081+00:00,89.6,2,ask,WavyWalnuts,Harry North,1640744
2026-07-01T04:09:29.036574,2026-07-01T04:09:29.040629+00:00,89.6,10,ask,WavyWalnuts,Zijun Feng,1640767
2026-07-01T04:09:29.172262,2026-07-01T04:09:29.183973+00:00,89.6,20,ask,WavyWalnuts,BrilliantBurritos,1640771
2026-07-01T04:09:30.233036,2026-07-01T04:09:30.237145+00:00,89.7,200,bid,WavyWalnuts,YieldingYams,1640782
2026-07-01T04:09:30.841014,2026-07-01T04:09:30.851948+00:00,89.6,20,ask,YieldingYams,BrilliantBurritos,1640796
2026-07-01T04:09:30.996174,2026-07-01T04:09:31.006042+00:00,89.8,4,bid,Xuanyu Liu,Kelvin Chan,1640800
2026-07-01T04:09:30.996174,2026-07-01T04:09:31.006042+00:00,89.8,22,bid,Xuanyu Liu,YieldingYams,1640801
2026-07-01T04:09:33.080946,2026-07-01T04:09:33.084656+00:00,89.5,2,ask,WavyWalnuts,Harry North,1640856
2026-07-01T04:09:33.865419,2026-07-01T04:09:33.872403+00:00,89.6,200,bid,WavyWalnuts,YieldingYams,1640875
2026-07-01T04:09:34.252241,2026-07-01T04:09:34.261715+00:00,89.6,3,ask,YieldingYams,Xuanyu Liu,1640891
2026-07-01T04:09:35.554931,2026-07-01T04:09:35.574077+00:00,89.7,200,bid,YieldingYams,WavyWalnuts,1640921
2026-07-01T04:09:35.564017,2026-07-01T04:09:35.574077+00:00,89.7,11,ask,YieldingYams,Xuanyu Liu,1640922
2026-07-01T04:09:37.199479,2026-07-01T04:09:37.203915+00:00,89.8,10,bid,Zijun Feng,Kelvin Chan,1640952
2026-07-01T04:09:37.359598,2026-07-01T04:09:37.370224+00:00,89.8,14,bid,Xuanyu Liu,WavyWalnuts,1640955
2026-07-01T04:09:41.140000,2026-07-01T04:09:41.149609+00:00,89.7,20,ask,YieldingYams,BrilliantBurritos,1641033
2026-07-01T04:09:42.348502,2026-07-01T04:09:42.356542+00:00,89.7,200,ask,YieldingYams,WavyWalnuts,1641044
2026-07-01T04:09:44.767972,2026-07-01T04:09:44.770075+00:00,89.7,200,ask,YieldingYams,WavyWalnuts,1641082
2026-07-01T04:09:46.048235,2026-07-01T04:09:46.051245+00:00,89.7,200,ask,WavyWalnuts,YieldingYams,1641099
2026-07-01T04:09:47.388243,2026-07-01T04:09:47.395000+00:00,89.7,20,bid,BrilliantBurritos,YieldingYams,1641121
2026-07-01T04:09:47.933588,2026-07-01T04:09:47.937262+00:00,89.6,20,ask,WavyWalnuts,BrilliantBurritos,1641127
2026-07-01T04:09:49.923507,2026-07-01T04:09:49.933920+00:00,89.7,20,bid,BrilliantBurritos,WavyWalnuts,1641161
2026-07-01T04:09:49.982607,2026-07-01T04:09:49.985233+00:00,89.7,180,bid,YieldingYams,WavyWalnuts,1641166
2026-07-01T04:09:50.814142,2026-07-01T04:09:50.824923+00:00,89.8,200,ask,YieldingYams,WavyWalnuts,1641176
2026-07-01T04:09:50.953548,2026-07-01T04:09:50.957728+00:00,89.9,3,bid,BrilliantBurritos,Kelvin Chan,1641177
2026-07-01T04:09:50.953548,2026-07-01T04:09:50.967953+00:00,89.9,17,bid,BrilliantBurritos,YieldingYams,1641178
2026-07-01T04:09:51.408035,2026-07-01T04:09:51.418347+00:00,89.9,10,bid,Zijun Feng,YieldingYams,1641184
2026-07-01T04:09:51.925669,2026-07-01T04:09:51.928921+00:00,89.9,10,bid,Zijun Feng,YieldingYams,1641192
2026-07-01T04:09:53.750724,2026-07-01T04:09:53.758783+00:00,89.9,20,bid,BrilliantBurritos,YieldingYams,1641226
2026-07-01T04:09:54.395625,2026-07-01T04:09:54.404501+00:00,89.8,20,ask,WavyWalnuts,BrilliantBurritos,1641242
2026-07-01T04:09:55.484022,2026-07-01T04:09:55.490536+00:00,89.8,10,bid,Zijun Feng,YieldingYams,1641261
2026-07-01T04:10:01.425215,2026-07-01T04:10:01.433128+00:00,89.7,20,bid,BrilliantBurritos,YieldingYams,1641381
2026-07-01T04:10:03.085497,2026-07-01T04:10:03.105687+00:00,89.7,200,bid,YieldingYams,WavyWalnuts,1641415
2026-07-01T04:10:03.097141,2026-07-01T04:10:03.105687+00:00,89.7,3,ask,YieldingYams,Xuanyu Liu,1641416
2026-07-01T04:10:04.398988,2026-07-01T04:10:04.408254+00:00,89.7,200,ask,WavyWalnuts,YieldingYams,1641443
2026-07-01T04:10:06.582360,2026-07-01T04:10:06.592650+00:00,89.7,200,bid,WavyWalnuts,YieldingYams,1641513
2026-07-01T04:10:07.793715,2026-07-01T04:10:07.801814+00:00,89.7,200,bid,WavyWalnuts,YieldingYams,1641541
2026-07-01T04:10:09.702136,2026-07-01T04:10:09.705516+00:00,89.5,1,ask,Kelvin Chan,Zijun Feng,1641591
2026-07-01T04:10:09.702136,2026-07-01T04:10:09.705516+00:00,89.5,9,ask,WavyWalnuts,Zijun Feng,1641592
2026-07-01T04:10:10.221437,2026-07-01T04:10:10.229113+00:00,89.5,200,ask,YieldingYams,WavyWalnuts,1641607
2026-07-01T04:10:10.977377,2026-07-01T04:10:10.982570+00:00,89.5,7,ask,Kelvin Chan,YieldingYams,1641634
2026-07-01T04:10:11.228093,2026-07-01T04:10:11.238564+00:00,89.4,10,ask,WavyWalnuts,Zijun Feng,1641637
2026-07-01T04:10:11.938079,2026-07-01T04:10:11.946475+00:00,89.5,20,bid,BrilliantBurritos,YieldingYams,1641651
2026-07-01T04:10:12.593574,2026-07-01T04:10:12.603826+00:00,89.5,3,bid,Xuanyu Liu,WavyWalnuts,1641665
2026-07-01T04:10:13.853696,2026-07-01T04:10:13.858931+00:00,89.4,6,ask,Kelvin Chan,WavyWalnuts,1641702
2026-07-01T04:10:13.853696,2026-07-01T04:10:13.858931+00:00,89.3,194,ask,YieldingYams,WavyWalnuts,1641703
2026-07-01T04:10:16.275568,2026-07-01T04:10:16.286395+00:00,89.5,200,bid,WavyWalnuts,YieldingYams,1641753
2026-07-01T04:10:18.699080,2026-07-01T04:10:18.704517+00:00,89.5,200,ask,YieldingYams,WavyWalnuts,1641805
2026-07-01T04:10:19.357838,2026-07-01T04:10:19.359923+00:00,89.6,10,bid,Zijun Feng,YieldingYams,1641820
2026-07-01T04:10:19.904732,2026-07-01T04:10:19.912574+00:00,89.5,200,bid,WavyWalnuts,AverageAlmonds,1641828
2026-07-01T04:10:21.114641,2026-07-01T04:10:21.119945+00:00,89.6,200,bid,WavyWalnuts,YieldingYams,1641855
2026-07-01T04:10:21.418817,2026-07-01T04:10:21.427165+00:00,89.6,10,bid,Zijun Feng,YieldingYams,1641862
2026-07-01T04:10:22.259965,2026-07-01T04:10:22.268280+00:00,89.5,500,ask,YieldingYams,AverageAlmonds,1641873
2026-07-01T04:10:22.757531,2026-07-01T04:10:22.759609+00:00,89.6,200,ask,WavyWalnuts,YieldingYams,1641881
2026-07-01T04:10:22.770822,2026-07-01T04:10:22.778453+00:00,89.4,14,bid,Xuanyu Liu,YieldingYams,1641882
2026-07-01T04:10:23.536057,2026-07-01T04:10:23.547343+00:00,89.4,200,bid,WavyWalnuts,YieldingYams,1641898
2026-07-01T04:10:24.088733,2026-07-01T04:10:24.110911+00:00,89.5,500,bid,YieldingYams,AverageAlmonds,1641914
2026-07-01T04:10:24.101303,2026-07-01T04:10:24.110911+00:00,89.6,11,ask,YieldingYams,Xuanyu Liu,1641915
2026-07-01T04:10:24.517777,2026-07-01T04:10:24.520793+00:00,89.7,6,bid,Zijun Feng,Kelvin Chan,1641922
2026-07-01T04:10:24.673191,2026-07-01T04:10:24.684933+00:00,89.6,114,ask,YieldingYams,AverageAlmonds,1641926
2026-07-01T04:10:24.745407,2026-07-01T04:10:24.757093+00:00,89.5,200,bid,WavyWalnuts,AverageAlmonds,1641929
2026-07-01T04:10:25.304926,2026-07-01T04:10:25.325970+00:00,89.4,1,ask,Kelvin Chan,AverageAlmonds,1641938
2026-07-01T04:10:25.315058,2026-07-01T04:10:25.325970+00:00,89.4,11,bid,Xuanyu Liu,AverageAlmonds,1641939
2026-07-01T04:10:25.961175,2026-07-01T04:10:25.971297+00:00,89.5,200,bid,WavyWalnuts,YieldingYams,1641959
2026-07-01T04:10:27.171296,2026-07-01T04:10:27.179243+00:00,89.5,200,bid,WavyWalnuts,AverageAlmonds,1641984
2026-07-01T04:10:27.979600,2026-07-01T04:10:27.988356+00:00,89.4,14,ask,YieldingYams,Xuanyu Liu,1642004
2026-07-01T04:10:28.380354,2026-07-01T04:10:28.388187+00:00,89.5,200,bid,WavyWalnuts,YieldingYams,1642016
2026-07-01T04:10:29.322854,2026-07-01T04:10:29.329509+00:00,89.5,500,bid,YieldingYams,AverageAlmonds,1642033
2026-07-01T04:10:29.519735,2026-07-01T04:10:29.524610+00:00,89.5,125,ask,YieldingYams,AverageAlmonds,1642039
2026-07-01T04:10:30.811888,2026-07-01T04:10:30.814885+00:00,89.4,200,bid,WavyWalnuts,YieldingYams,1642072
2026-07-01T04:10:31.938229,2026-07-01T04:10:31.945084+00:00,89.3,1,ask,Kelvin Chan,BrilliantBurritos,1642087
2026-07-01T04:10:32.021006,2026-07-01T04:10:32.027814+00:00,89.4,200,bid,WavyWalnuts,AverageAlmonds,1642089
2026-07-01T04:10:32.682651,2026-07-01T04:10:32.692724+00:00,89.4,4,bid,Zijun Feng,YieldingYams,1642095
2026-07-01T04:10:33.231175,2026-07-01T04:10:33.236751+00:00,89.4,200,bid,WavyWalnuts,YieldingYams,1642109
2026-07-01T04:10:33.767324,2026-07-01T04:10:33.768878+00:00,89.3,8,ask,Kelvin Chan,AverageAlmonds,1642118
2026-07-01T04:10:33.780251,2026-07-01T04:10:33.789071+00:00,89.3,3,bid,Xuanyu Liu,AverageAlmonds,1642119
2026-07-01T04:10:34.305240,2026-07-01T04:10:34.316080+00:00,89.2,6,ask,YieldingYams,Xuanyu Liu,1642139
2026-07-01T04:10:34.442320,2026-07-01T04:10:34.449916+00:00,89.3,200,bid,WavyWalnuts,AverageAlmonds,1642146
2026-07-01T04:10:34.587000,2026-07-01T04:10:34.604372+00:00,89.3,300,bid,YieldingYams,AverageAlmonds,1642147
2026-07-01T04:10:34.594264,2026-07-01T04:10:34.604372+00:00,89.3,11,ask,YieldingYams,Xuanyu Liu,1642150
2026-07-01T04:10:34.968643,2026-07-01T04:10:34.973753+00:00,89.3,314,ask,YieldingYams,AverageAlmonds,1642154
2026-07-01T04:10:35.652868,2026-07-01T04:10:35.663096+00:00,89.4,200,bid,WavyWalnuts,AverageAlmonds,1642166
2026-07-01T04:10:35.910960,2026-07-01T04:10:35.929578+00:00,89.2,8,ask,Kelvin Chan,YieldingYams,1642173
2026-07-01T04:10:35.921911,2026-07-01T04:10:35.929578+00:00,89.0,14,bid,Xuanyu Liu,YieldingYams,1642174
2026-07-01T04:10:36.862701,2026-07-01T04:10:36.866393+00:00,89.0,200,bid,WavyWalnuts,YieldingYams,1642198
2026-07-01T04:10:38.071927,2026-07-01T04:10:38.078505+00:00,89.2,200,bid,WavyWalnuts,YieldingYams,1642234
2026-07-01T04:10:38.533613,2026-07-01T04:10:38.540786+00:00,89.1,7,ask,Kelvin Chan,YieldingYams,1642241
2026-07-01T04:10:39.279334,2026-07-01T04:10:39.280885+00:00,89.1,200,bid,WavyWalnuts,YieldingYams,1642258
2026-07-01T04:10:40.498942,2026-07-01T04:10:40.500672+00:00,89.0,200,bid,WavyWalnuts,YieldingYams,1642288
2026-07-01T04:10:41.170118,2026-07-01T04:10:41.178806+00:00,89.2,37,ask,YieldingYams,Xuanyu Liu,1642295
2026-07-01T04:10:41.710089,2026-07-01T04:10:41.712336+00:00,89.2,200,ask,YieldingYams,WavyWalnuts,1642301
2026-07-01T04:10:42.463530,2026-07-01T04:10:42.480104+00:00,89.3,500,bid,YieldingYams,AverageAlmonds,1642308
2026-07-01T04:10:42.471487,2026-07-01T04:10:42.480104+00:00,89.3,12,ask,YieldingYams,Xuanyu Liu,1642309
2026-07-01T04:10:43.776643,2026-07-01T04:10:43.781055+00:00,89.2,200,ask,WavyWalnuts,YieldingYams,1642330
2026-07-01T04:10:43.812626,2026-07-01T04:10:43.822288+00:00,89.2,12,bid,Xuanyu Liu,YieldingYams,1642331
2026-07-01T04:10:44.212817,2026-07-01T04:10:44.222954+00:00,89.2,11,bid,Xuanyu Liu,YieldingYams,1642340
2026-07-01T04:10:44.514365,2026-07-01T04:10:44.520124+00:00,89.2,20,bid,BrilliantBurritos,YieldingYams,1642344
2026-07-01T04:10:46.405784,2026-07-01T04:10:46.415472+00:00,89.1,12,bid,Xuanyu Liu,YieldingYams,1642371
2026-07-01T04:10:47.702227,2026-07-01T04:10:47.707465+00:00,89.0,200,ask,WavyWalnuts,YieldingYams,1642400
2026-07-01T04:10:47.747179,2026-07-01T04:10:47.758666+00:00,89.0,200,bid,WavyWalnuts,YieldingYams,1642404
2026-07-01T04:10:48.955766,2026-07-01T04:10:48.957886+00:00,89.0,200,bid,WavyWalnuts,YieldingYams,1642433
2026-07-01T04:10:52.055706,2026-07-01T04:10:52.062087+00:00,89.2,4,bid,BrilliantBurritos,Kelvin Chan,1642494
2026-07-01T04:10:52.055706,2026-07-01T04:10:52.062087+00:00,89.2,16,bid,BrilliantBurritos,WavyWalnuts,1642495
2026-07-01T04:10:52.603267,2026-07-01T04:10:52.614457+00:00,89.0,200,ask,YieldingYams,WavyWalnuts,1642515
2026-07-01T04:10:53.259446,2026-07-01T04:10:53.269307+00:00,89.1,11,bid,Xuanyu Liu,YieldingYams,1642522
2026-07-01T04:10:54.282349,2026-07-01T04:10:54.302583+00:00,89.0,3,bid,Xuanyu Liu,YieldingYams,1642539
2026-07-01T04:10:55.520664,2026-07-01T04:10:55.522910+00:00,88.9,2,ask,Kelvin Chan,BrilliantBurritos,1642571
2026-07-01T04:10:55.520664,2026-07-01T04:10:55.533147+00:00,88.9,18,ask,WavyWalnuts,BrilliantBurritos,1642572
2026-07-01T04:10:55.865523,2026-07-01T04:10:55.871504+00:00,88.9,20,ask,WavyWalnuts,BrilliantBurritos,1642578
2026-07-01T04:10:58.186046,2026-07-01T04:10:58.197660+00:00,88.8,1,ask,Kelvin Chan,YieldingYams,1642629
2026-07-01T04:10:58.186046,2026-07-01T04:10:58.197660+00:00,88.7,200,ask,WavyWalnuts,YieldingYams,1642630
2026-07-01T04:10:58.186046,2026-07-01T04:10:58.197660+00:00,88.7,424,ask,AverageAlmonds,YieldingYams,1642631
2026-07-01T04:10:58.654740,2026-07-01T04:10:58.658662+00:00,88.8,2,ask,Kelvin Chan,WavyWalnuts,1642639
2026-07-01T04:10:59.494614,2026-07-01T04:10:59.507652+00:00,88.8,198,bid,YieldingYams,WavyWalnuts,1642663
2026-07-01T04:10:59.498775,2026-07-01T04:10:59.507652+00:00,89.1,14,ask,YieldingYams,Xuanyu Liu,1642664
2026-07-01T04:10:59.641800,2026-07-01T04:10:59.652599+00:00,89.2,7,bid,Xuanyu Liu,Kelvin Chan,1642667
2026-07-01T04:10:59.641800,2026-07-01T04:10:59.652599+00:00,89.2,4,bid,Xuanyu Liu,AverageAlmonds,1642668
2026-07-01T04:10:59.864051,2026-07-01T04:10:59.867691+00:00,89.1,200,ask,YieldingYams,WavyWalnuts,1642672
2026-07-01T04:11:00.411865,2026-07-01T04:11:00.433222+00:00,89.1,213,ask,YieldingYams,AverageAlmonds,1642685
2026-07-01T04:11:00.424488,2026-07-01T04:11:00.433222+00:00,89.1,3,bid,Xuanyu Liu,AverageAlmonds,1642687
2026-07-01T04:11:01.069476,2026-07-01T04:11:01.080619+00:00,88.9,200,bid,WavyWalnuts,YieldingYams,1642698
2026-07-01T04:11:02.284647,2026-07-01T04:11:02.290185+00:00,88.9,200,bid,WavyWalnuts,YieldingYams,1642734
2026-07-01T04:11:04.015311,2026-07-01T04:11:04.018436+00:00,89.0,10,ask,YieldingYams,Zijun Feng,1642767
2026-07-01T04:11:04.734472,2026-07-01T04:11:04.736165+00:00,89.1,8,bid,YieldingYams,Kelvin Chan,1642787
2026-07-01T04:11:04.734472,2026-07-01T04:11:04.755275+00:00,89.1,200,bid,YieldingYams,WavyWalnuts,1642788
2026-07-01T04:11:04.747442,2026-07-01T04:11:04.755275+00:00,89.1,3,ask,YieldingYams,Xuanyu Liu,1642789
2026-07-01T04:11:05.997668,2026-07-01T04:11:06.006953+00:00,89.2,6,bid,Xuanyu Liu,YieldingYams,1642824
2026-07-01T04:11:06.050116,2026-07-01T04:11:06.058632+00:00,89.1,10,ask,WavyWalnuts,Zijun Feng,1642827
2026-07-01T04:11:06.707934,2026-07-01T04:11:06.715370+00:00,89.1,20,ask,WavyWalnuts,BrilliantBurritos,1642838
2026-07-01T04:11:07.362499,2026-07-01T04:11:07.371922+00:00,89.1,200,ask,WavyWalnuts,YieldingYams,1642849
2026-07-01T04:11:08.099064,2026-07-01T04:11:08.108387+00:00,89.1,10,bid,Zijun Feng,YieldingYams,1642864
2026-07-01T04:11:08.359900,2026-07-01T04:11:08.364772+00:00,89.1,200,bid,WavyWalnuts,YieldingYams,1642874
2026-07-01T04:11:08.672780,2026-07-01T04:11:08.691831+00:00,89.2,5,bid,YieldingYams,Kelvin Chan,1642887
2026-07-01T04:11:08.683441,2026-07-01T04:11:08.691831+00:00,89.2,3,ask,YieldingYams,Xuanyu Liu,1642888
2026-07-01T04:11:09.115999,2026-07-01T04:11:09.122822+00:00,89.3,3,bid,Zijun Feng,WavyWalnuts,1642901
2026-07-01T04:11:09.578392,2026-07-01T04:11:09.584783+00:00,89.2,200,ask,YieldingYams,WavyWalnuts,1642914
2026-07-01T04:11:10.130336,2026-07-01T04:11:10.140334+00:00,89.3,7,bid,Zijun Feng,Kelvin Chan,1642926
2026-07-01T04:11:10.784428,2026-07-01T04:11:10.786257+00:00,89.3,2,bid,WavyWalnuts,Kelvin Chan,1642940
2026-07-01T04:11:10.784428,2026-07-01T04:11:10.796616+00:00,89.3,198,bid,WavyWalnuts,YieldingYams,1642941
2026-07-01T04:11:11.997022,2026-07-01T04:11:12.003749+00:00,89.3,9,bid,WavyWalnuts,Kelvin Chan,1642967
2026-07-01T04:11:15.634769,2026-07-01T04:11:15.641481+00:00,89.3,200,ask,YieldingYams,WavyWalnuts,1643035
2026-07-01T04:11:19.149201,2026-07-01T04:11:19.151567+00:00,89.2,200,ask,WavyWalnuts,YieldingYams,1643097
2026-07-01T04:11:21.688149,2026-07-01T04:11:21.698072+00:00,89.1,200,ask,YieldingYams,WavyWalnuts,1643149
2026-07-01T04:11:24.977452,2026-07-01T04:11:24.987778+00:00,89.0,8,ask,Kelvin Chan,Xuanyu Liu,1643208
2026-07-01T04:11:24.977452,2026-07-01T04:11:24.987778+00:00,89.0,18,ask,YieldingYams,Xuanyu Liu,1643209
2026-07-01T04:11:25.316715,2026-07-01T04:11:25.326443+00:00,89.0,200,ask,YieldingYams,WavyWalnuts,1643222
2026-07-01T04:11:26.528725,2026-07-01T04:11:26.535575+00:00,89.0,6,ask,Kelvin Chan,WavyWalnuts,1643247
2026-07-01T04:11:27.012869,2026-07-01T04:11:27.017007+00:00,89.0,194,bid,YieldingYams,WavyWalnuts,1643258
2026-07-01T04:11:28.285872,2026-07-01T04:11:28.290473+00:00,89.2,20,bid,BrilliantBurritos,YieldingYams,1643283
2026-07-01T04:11:28.333788,2026-07-01T04:11:28.342227+00:00,89.1,12,bid,Xuanyu Liu,YieldingYams,1643285
2026-07-01T04:11:30.936971,2026-07-01T04:11:30.948730+00:00,89.1,200,bid,YieldingYams,WavyWalnuts,1643333
2026-07-01T04:11:32.580248,2026-07-01T04:11:32.586500+00:00,89.1,200,ask,YieldingYams,WavyWalnuts,1643371
2026-07-01T04:11:33.787448,2026-07-01T04:11:33.798359+00:00,89.2,200,ask,YieldingYams,WavyWalnuts,1643395
2026-07-01T04:11:34.994403,2026-07-01T04:11:35.003412+00:00,89.1,200,ask,YieldingYams,WavyWalnuts,1643420
2026-07-01T04:11:36.202804,2026-07-01T04:11:36.212887+00:00,89.2,11,bid,Xuanyu Liu,YieldingYams,1643447
2026-07-01T04:11:36.261735,2026-07-01T04:11:36.270259+00:00,89.1,3,bid,Xuanyu Liu,WavyWalnuts,1643451
2026-07-01T04:11:37.342246,2026-07-01T04:11:37.352493+00:00,89.0,8,ask,Kelvin Chan,BrilliantBurritos,1643475
2026-07-01T04:11:37.342246,2026-07-01T04:11:37.352493+00:00,89.0,12,ask,YieldingYams,BrilliantBurritos,1643476
2026-07-01T04:11:41.451883,2026-07-01T04:11:41.454576+00:00,89.1,200,ask,WavyWalnuts,YieldingYams,1643554
2026-07-01T04:11:41.451883,2026-07-01T04:11:41.465043+00:00,89.0,1,ask,Kelvin Chan,YieldingYams,1643555
2026-07-01T04:11:43.009587,2026-07-01T04:11:43.011866+00:00,88.9,6,ask,Kelvin Chan,BrilliantBurritos,1643577
2026-07-01T04:11:43.009587,2026-07-01T04:11:43.022108+00:00,88.9,14,ask,YieldingYams,BrilliantBurritos,1643578
2026-07-01T04:11:43.946297,2026-07-01T04:11:43.956494+00:00,88.9,14,ask,YieldingYams,Xuanyu Liu,1643603
2026-07-01T04:11:45.975556,2026-07-01T04:11:45.985421+00:00,88.9,200,ask,YieldingYams,WavyWalnuts,1643650
2026-07-01T04:11:46.426005,2026-07-01T04:11:46.437165+00:00,89.0,500,bid,AverageAlmonds,YieldingYams,1643657
2026-07-01T04:11:46.726004,2026-07-01T04:11:46.734535+00:00,89.0,12,ask,YieldingYams,Xuanyu Liu,1643661
2026-07-01T04:11:47.187871,2026-07-01T04:11:47.196734+00:00,89.0,200,ask,YieldingYams,WavyWalnuts,1643673
2026-07-01T04:11:47.580054,2026-07-01T04:11:47.588229+00:00,89.2,7,bid,BrilliantBurritos,Kelvin Chan,1643679
2026-07-01T04:11:47.580054,2026-07-01T04:11:47.588229+00:00,89.2,13,bid,BrilliantBurritos,YieldingYams,1643680
2026-07-01T04:11:48.026380,2026-07-01T04:11:48.039632+00:00,89.1,500,ask,AverageAlmonds,YieldingYams,1643689
2026-07-01T04:11:48.031882,2026-07-01T04:11:48.039632+00:00,89.1,12,bid,Xuanyu Liu,YieldingYams,1643690
2026-07-01T04:11:48.225744,2026-07-01T04:11:48.235939+00:00,89.1,113,bid,AverageAlmonds,YieldingYams,1643694
2026-07-01T04:11:48.397676,2026-07-01T04:11:48.400690+00:00,89.1,200,ask,AverageAlmonds,WavyWalnuts,1643700
2026-07-01T04:11:48.833687,2026-07-01T04:11:48.842683+00:00,89.2,12,bid,AverageAlmonds,Kelvin Chan,1643706
2026-07-01T04:11:49.335980,2026-07-01T04:11:49.343730+00:00,89.4,12,ask,YieldingYams,Xuanyu Liu,1643713
2026-07-01T04:11:49.605802,2026-07-01T04:11:49.610828+00:00,89.4,200,ask,YieldingYams,WavyWalnuts,1643720
2026-07-01T04:11:50.202283,2026-07-01T04:11:50.205214+00:00,89.4,10,ask,YieldingYams,Zijun Feng,1643738
2026-07-01T04:11:52.746625,2026-07-01T04:11:52.753764+00:00,89.4,10,ask,YieldingYams,Zijun Feng,1643792
2026-07-01T04:11:53.245319,2026-07-01T04:11:53.255319+00:00,89.4,200,ask,YieldingYams,WavyWalnuts,1643803
2026-07-01T04:11:55.663645,2026-07-01T04:11:55.667826+00:00,89.5,10,bid,WavyWalnuts,Kelvin Chan,1643845
2026-07-01T04:11:55.663645,2026-07-01T04:11:55.667826+00:00,89.5,190,bid,WavyWalnuts,YieldingYams,1643846
2026-07-01T04:11:56.593114,2026-07-01T04:11:56.600628+00:00,89.3,34,ask,YieldingYams,Xuanyu Liu,1643864
2026-07-01T04:11:56.847286,2026-07-01T04:11:56.858955+00:00,89.3,10,ask,YieldingYams,Zijun Feng,1643869
2026-07-01T04:11:56.876052,2026-07-01T04:11:56.894247+00:00,89.4,9,bid,WavyWalnuts,Kelvin Chan,1643873
2026-07-01T04:11:56.885436,2026-07-01T04:11:56.894247+00:00,89.4,5,ask,WavyWalnuts,Xuanyu Liu,1643874
2026-07-01T04:11:58.087506,2026-07-01T04:11:58.099114+00:00,89.5,7,bid,WavyWalnuts,Kelvin Chan,1643905
2026-07-01T04:11:58.512336,2026-07-01T04:11:58.519874+00:00,89.5,193,ask,WavyWalnuts,YieldingYams,1643913
2026-07-01T04:11:59.701590,2026-07-01T04:11:59.709279+00:00,89.5,5,bid,Xuanyu Liu,YieldingYams,1643944
2026-07-01T04:11:59.820487,2026-07-01T04:11:59.823508+00:00,89.5,500,bid,YieldingYams,AverageAlmonds,1643950
2026-07-01T04:12:00.948580,2026-07-01T04:12:00.955157+00:00,89.5,125,ask,YieldingYams,AverageAlmonds,1643966
2026-07-01T04:12:01.038643,2026-07-01T04:12:01.047848+00:00,89.5,20,bid,BrilliantBurritos,AverageAlmonds,1643970
2026-07-01T04:12:02.922024,2026-07-01T04:12:02.923896+00:00,89.5,200,bid,WavyWalnuts,YieldingYams,1644007
2026-07-01T04:12:03.457873,2026-07-01T04:12:03.466304+00:00,89.5,10,bid,Xuanyu Liu,YieldingYams,1644024
2026-07-01T04:12:03.957764,2026-07-01T04:12:03.968118+00:00,89.4,10,ask,YieldingYams,Zijun Feng,1644031
2026-07-01T04:12:04.130977,2026-07-01T04:12:04.142651+00:00,89.5,200,bid,WavyWalnuts,AverageAlmonds,1644034
2026-07-01T04:12:05.486592,2026-07-01T04:12:05.495201+00:00,89.5,1,bid,Xuanyu Liu,YieldingYams,1644060
2026-07-01T04:12:05.995275,2026-07-01T04:12:06.006985+00:00,89.4,1,ask,WavyWalnuts,Zijun Feng,1644068
2026-07-01T04:12:06.514967,2026-07-01T04:12:06.519912+00:00,89.5,1,bid,Zijun Feng,AverageAlmonds,1644086
2026-07-01T04:12:08.232512,2026-07-01T04:12:08.263987+00:00,89.4,200,ask,WavyWalnuts,AverageAlmonds,1644120
2026-07-01T04:12:08.254315,2026-07-01T04:12:08.263987+00:00,89.4,12,bid,Xuanyu Liu,AverageAlmonds,1644123
2026-07-01T04:12:09.001996,2026-07-01T04:12:09.004409+00:00,89.4,500,bid,YieldingYams,AverageAlmonds,1644154
2026-07-01T04:12:09.001996,2026-07-01T04:12:09.014845+00:00,89.4,125,bid,YieldingYams,WavyWalnuts,1644155
2026-07-01T04:12:09.059111,2026-07-01T04:12:09.066444+00:00,89.4,10,bid,Zijun Feng,WavyWalnuts,1644159
2026-07-01T04:12:09.191016,2026-07-01T04:12:09.200021+00:00,89.4,11,bid,Xuanyu Liu,WavyWalnuts,1644164
2026-07-01T04:12:09.570491,2026-07-01T04:12:09.581032+00:00,89.3,6,ask,Kelvin Chan,Zijun Feng,1644168
2026-07-01T04:12:12.309510,2026-07-01T04:12:12.311491+00:00,89.2,4,ask,Kelvin Chan,BrilliantBurritos,1644210
2026-07-01T04:12:12.309510,2026-07-01T04:12:12.321752+00:00,89.2,16,ask,WavyWalnuts,BrilliantBurritos,1644211
2026-07-01T04:12:12.606815,2026-07-01T04:12:12.609196+00:00,89.1,200,ask,YieldingYams,WavyWalnuts,1644216
2026-07-01T04:12:12.946657,2026-07-01T04:12:12.958248+00:00,89.2,3,ask,Kelvin Chan,YieldingYams,1644230
2026-07-01T04:12:15.127925,2026-07-01T04:12:15.131333+00:00,89.1,6,bid,Zijun Feng,YieldingYams,1644268
2026-07-01T04:12:15.512136,2026-07-01T04:12:15.520599+00:00,89.1,12,bid,Xuanyu Liu,YieldingYams,1644272
2026-07-01T04:12:16.229834,2026-07-01T04:12:16.240844+00:00,89.1,200,bid,WavyWalnuts,YieldingYams,1644289
2026-07-01T04:12:17.436550,2026-07-01T04:12:17.443484+00:00,89.1,200,bid,WavyWalnuts,YieldingYams,1644323
2026-07-01T04:12:18.190203,2026-07-01T04:12:18.205627+00:00,89.0,2,ask,Kelvin Chan,YieldingYams,1644332
2026-07-01T04:12:18.196361,2026-07-01T04:12:18.205627+00:00,89.0,11,bid,Xuanyu Liu,YieldingYams,1644333
2026-07-01T04:12:18.711765,2026-07-01T04:12:18.720463+00:00,88.9,10,ask,AverageAlmonds,Zijun Feng,1644351
2026-07-01T04:12:19.512825,2026-07-01T04:12:19.522987+00:00,89.0,11,ask,YieldingYams,Xuanyu Liu,1644367
2026-07-01T04:12:22.270833,2026-07-01T04:12:22.275175+00:00,89.0,2,ask,Kelvin Chan,Zijun Feng,1644406
2026-07-01T04:12:22.785070,2026-07-01T04:12:22.791211+00:00,89.0,8,ask,WavyWalnuts,Zijun Feng,1644414
2026-07-01T04:12:23.431508,2026-07-01T04:12:23.439870+00:00,89.0,192,ask,WavyWalnuts,YieldingYams,1644427
2026-07-01T04:12:23.431508,2026-07-01T04:12:23.439870+00:00,89.0,7,ask,Kelvin Chan,YieldingYams,1644428
2026-07-01T04:12:23.947097,2026-07-01T04:12:23.953473+00:00,88.9,426,bid,AverageAlmonds,YieldingYams,1644438
2026-07-01T04:12:24.741947,2026-07-01T04:12:24.754812+00:00,89.1,200,bid,YieldingYams,WavyWalnuts,1644461
2026-07-01T04:12:24.746589,2026-07-01T04:12:24.754812+00:00,89.2,12,ask,YieldingYams,Xuanyu Liu,1644462
2026-07-01T04:12:27.127370,2026-07-01T04:12:27.131178+00:00,89.2,200,bid,WavyWalnuts,YieldingYams,1644510
2026-07-01T04:12:28.222208,2026-07-01T04:12:28.231414+00:00,89.0,8,ask,Kelvin Chan,Xuanyu Liu,1644533
2026-07-01T04:12:28.339782,2026-07-01T04:12:28.345307+00:00,89.1,200,bid,WavyWalnuts,YieldingYams,1644541
2026-07-01T04:12:28.375343,2026-07-01T04:12:28.386954+00:00,89.1,10,bid,Zijun Feng,YieldingYams,1644543
2026-07-01T04:12:28.584901,2026-07-01T04:12:28.593095+00:00,89.0,3,ask,Kelvin Chan,Xuanyu Liu,1644544
2026-07-01T04:12:28.676904,2026-07-01T04:12:28.685578+00:00,89.3,34,ask,YieldingYams,Xuanyu Liu,1644547
2026-07-01T04:12:29.976398,2026-07-01T04:12:29.987977+00:00,89.4,1,bid,YieldingYams,Kelvin Chan,1644570
2026-07-01T04:12:29.976398,2026-07-01T04:12:29.987977+00:00,89.4,500,bid,YieldingYams,AverageAlmonds,1644571
2026-07-01T04:12:29.976398,2026-07-01T04:12:29.987977+00:00,89.4,124,bid,YieldingYams,WavyWalnuts,1644572
2026-07-01T04:12:30.071788,2026-07-01T04:12:30.079502+00:00,89.3,2,bid,Xuanyu Liu,Kelvin Chan,1644575
2026-07-01T04:12:31.215392,2026-07-01T04:12:31.226444+00:00,89.4,200,ask,WavyWalnuts,AverageAlmonds,1644587
2026-07-01T04:12:31.321118,2026-07-01T04:12:31.329516+00:00,89.2,11,bid,Xuanyu Liu,YieldingYams,1644590
2026-07-01T04:12:31.381570,2026-07-01T04:12:31.391009+00:00,89.2,32,bid,Xuanyu Liu,YieldingYams,1644592
2026-07-01T04:12:31.967538,2026-07-01T04:12:31.974744+00:00,89.2,200,bid,WavyWalnuts,YieldingYams,1644612
2026-07-01T04:12:32.022463,2026-07-01T04:12:32.025951+00:00,89.2,20,bid,BrilliantBurritos,YieldingYams,1644613
2026-07-01T04:12:33.178494,2026-07-01T04:12:33.182430+00:00,89.2,200,ask,YieldingYams,WavyWalnuts,1644639
2026-07-01T04:12:33.474482,2026-07-01T04:12:33.479652+00:00,89.2,10,ask,YieldingYams,Zijun Feng,1644648
2026-07-01T04:12:34.386357,2026-07-01T04:12:34.392759+00:00,89.2,200,ask,YieldingYams,WavyWalnuts,1644666
2026-07-01T04:12:34.547591,2026-07-01T04:12:34.557059+00:00,89.2,11,ask,YieldingYams,Xuanyu Liu,1644671
2026-07-01T04:12:36.551240,2026-07-01T04:12:36.579158+00:00,89.3,1,bid,YieldingYams,Kelvin Chan,1644705
2026-07-01T04:12:36.551240,2026-07-01T04:12:36.579158+00:00,89.3,200,bid,YieldingYams,WavyWalnuts,1644706
2026-07-01T04:12:36.570125,2026-07-01T04:12:36.579158+00:00,89.3,3,ask,YieldingYams,Xuanyu Liu,1644707
2026-07-01T04:12:36.801208,2026-07-01T04:12:36.810315+00:00,89.3,200,ask,YieldingYams,WavyWalnuts,1644715
2026-07-01T04:12:37.700583,2026-07-01T04:12:37.708870+00:00,89.4,3,bid,Xuanyu Liu,YieldingYams,1644734
2026-07-01T04:12:37.884837,2026-07-01T04:12:37.894054+00:00,89.3,11,bid,Xuanyu Liu,YieldingYams,1644737
2026-07-01T04:12:38.014169,2026-07-01T04:12:38.017279+00:00,89.3,200,bid,WavyWalnuts,YieldingYams,1644744
2026-07-01T04:12:39.224480,2026-07-01T04:12:39.235432+00:00,89.3,200,bid,WavyWalnuts,YieldingYams,1644764
2026-07-01T04:12:40.311106,2026-07-01T04:12:40.320808+00:00,89.3,20,bid,BrilliantBurritos,YieldingYams,1644780
2026-07-01T04:12:40.434682,2026-07-01T04:12:40.444552+00:00,89.3,200,bid,WavyWalnuts,YieldingYams,1644788
2026-07-01T04:12:41.609621,2026-07-01T04:12:41.613582+00:00,89.2,10,ask,YieldingYams,Zijun Feng,1644817
2026-07-01T04:12:41.643289,2026-07-01T04:12:41.654509+00:00,89.4,9,bid,WavyWalnuts,Kelvin Chan,1644818
2026-07-01T04:12:41.643289,2026-07-01T04:12:41.654509+00:00,89.4,191,bid,WavyWalnuts,YieldingYams,1644819
2026-07-01T04:12:44.435930,2026-07-01T04:12:44.443088+00:00,89.2,500,ask,AverageAlmonds,YieldingYams,1644890
2026-07-01T04:12:44.435930,2026-07-01T04:12:44.443088+00:00,89.2,125,ask,WavyWalnuts,YieldingYams,1644891
2026-07-01T04:12:44.800455,2026-07-01T04:12:44.802761+00:00,89.4,10,bid,BrilliantBurritos,WavyWalnuts,1644899
2026-07-01T04:12:44.800455,2026-07-01T04:12:44.813023+00:00,89.4,10,bid,BrilliantBurritos,Kelvin Chan,1644900
2026-07-01T04:12:45.172575,2026-07-01T04:12:45.181193+00:00,89.4,10,bid,Zijun Feng,WavyWalnuts,1644903
2026-07-01T04:12:46.507336,2026-07-01T04:12:46.518778+00:00,89.3,200,ask,YieldingYams,WavyWalnuts,1644925
2026-07-01T04:12:47.717950,2026-07-01T04:12:47.729690+00:00,89.2,200,ask,YieldingYams,WavyWalnuts,1644948
2026-07-01T04:12:48.416712,2026-07-01T04:12:48.426498+00:00,89.2,12,bid,Xuanyu Liu,YieldingYams,1644961
