timestamp,recv_time,price,volume,aggressor_side,buyer,seller,trade_id
2026-07-01T06:00:01.597258,2026-06-30T20:00:02.779072+00:00,72.8,10,bid,Andy Garg,AverageAlmonds,1090609
2026-07-01T06:00:02.189434,2026-06-30T20:00:03.369415+00:00,72.7,500,ask,YieldingYams,AverageAlmonds,1090619
2026-07-01T06:00:02.511240,2026-06-30T20:00:03.696748+00:00,72.7,200,ask,WavyWalnuts,YieldingYams,1090628
2026-07-01T06:00:02.546469,2026-06-30T20:00:03.729748+00:00,72.7,10,bid,Andy Garg,YieldingYams,1090631
2026-07-01T06:00:03.072565,2026-06-30T20:00:04.254814+00:00,72.7,10,bid,Zijun Feng,YieldingYams,1090642
2026-07-01T06:00:04.822699,2026-06-30T20:00:06.005684+00:00,72.6,10,ask,YieldingYams,Andy Garg,1090668
2026-07-01T06:00:04.983585,2026-06-30T20:00:06.168595+00:00,72.6,15,ask,YieldingYams,Andy Garg,1090675
2026-07-01T06:00:05.119154,2026-06-30T20:00:06.299626+00:00,72.7,10,bid,Zijun Feng,WavyWalnuts,1090677
2026-07-01T06:00:05.146254,2026-06-30T20:00:06.321627+00:00,72.5,10,ask,WavyWalnuts,Andy Garg,1090679
2026-07-01T06:00:05.638646,2026-06-30T20:00:06.824328+00:00,72.6,10,bid,Zijun Feng,YieldingYams,1090690
2026-07-01T06:00:06.015154,2026-06-30T20:00:07.196826+00:00,72.5,20,ask,YieldingYams,BrilliantBurritos,1090696
2026-07-01T06:00:06.439060,2026-06-30T20:00:07.623034+00:00,72.5,200,ask,WavyWalnuts,YieldingYams,1090698
2026-07-01T06:00:06.455742,2026-06-30T20:00:07.634084+00:00,72.5,53,bid,Chester Au,YieldingYams,1090700
2026-07-01T06:00:07.130989,2026-06-30T20:00:08.311876+00:00,72.5,55,bid,Chester Au,YieldingYams,1090708
2026-07-01T06:00:07.171608,2026-06-30T20:00:08.354366+00:00,72.5,10,bid,Zijun Feng,YieldingYams,1090711
2026-07-01T06:00:07.749077,2026-06-30T20:00:08.935433+00:00,72.5,200,bid,YieldingYams,WavyWalnuts,1090718
2026-07-01T06:00:09.437919,2026-06-30T20:00:10.617343+00:00,72.5,10,bid,Andy Garg,YieldingYams,1090734
2026-07-01T06:00:09.622306,2026-06-30T20:00:10.801929+00:00,72.5,15,bid,Andy Garg,YieldingYams,1090737
2026-07-01T06:00:10.091844,2026-06-30T20:00:11.266846+00:00,72.5,200,bid,WavyWalnuts,YieldingYams,1090743
2026-07-01T06:00:10.138773,2026-06-30T20:00:11.322232+00:00,72.5,10,bid,Andy Garg,YieldingYams,1090745
2026-07-01T06:00:11.681170,2026-06-30T20:00:12.863945+00:00,72.5,200,ask,WavyWalnuts,YieldingYams,1090767
2026-07-01T06:00:12.507775,2026-06-30T20:00:13.687252+00:00,72.5,200,bid,WavyWalnuts,YieldingYams,1090777
2026-07-01T06:00:13.018273,2026-06-30T20:00:14.199627+00:00,72.5,25,ask,YieldingYams,Andy Garg,1090782
2026-07-01T06:00:13.730652,2026-06-30T20:00:14.910213+00:00,72.5,200,ask,YieldingYams,WavyWalnuts,1090793
2026-07-01T06:00:16.147721,2026-06-30T20:00:17.324291+00:00,72.5,200,bid,WavyWalnuts,YieldingYams,1090826
2026-07-01T06:00:16.963008,2026-06-30T20:00:18.144471+00:00,72.5,10,ask,YieldingYams,Andy Garg,1090832
2026-07-01T06:00:19.797112,2026-06-30T20:00:20.980582+00:00,72.5,200,ask,YieldingYams,WavyWalnuts,1090869
2026-07-01T06:00:20.902825,2026-06-30T20:00:22.081714+00:00,72.6,10,bid,Andy Garg,YieldingYams,1090889
2026-07-01T06:00:21.920707,2026-06-30T20:00:23.101707+00:00,72.5,10,bid,Andy Garg,WavyWalnuts,1090907
2026-07-01T06:00:21.981541,2026-06-30T20:00:23.157202+00:00,72.5,15,bid,Andy Garg,WavyWalnuts,1090912
2026-07-01T06:00:22.216182,2026-06-30T20:00:23.397747+00:00,72.4,200,ask,AverageAlmonds,WavyWalnuts,1090918
2026-07-01T06:00:23.502312,2026-06-30T20:00:24.681559+00:00,72.4,40,ask,AverageAlmonds,Andy Garg,1090933
2026-07-01T06:00:23.662503,2026-06-30T20:00:24.845009+00:00,72.4,35,ask,AverageAlmonds,Andy Garg,1090938
2026-07-01T06:00:23.825967,2026-06-30T20:00:25.007371+00:00,72.4,25,ask,AverageAlmonds,Andy Garg,1090943
2026-07-01T06:00:25.750437,2026-06-30T20:00:26.930676+00:00,72.5,35,bid,Andy Garg,WavyWalnuts,1090977
2026-07-01T06:00:26.013738,2026-06-30T20:00:27.214233+00:00,72.5,35,bid,Andy Garg,YieldingYams,1090982
2026-07-01T06:00:26.117714,2026-06-30T20:00:27.302718+00:00,72.4,500,ask,AverageAlmonds,YieldingYams,1090984
2026-07-01T06:00:26.124377,2026-06-30T20:00:27.302718+00:00,72.4,30,bid,Andy Garg,YieldingYams,1090985
2026-07-01T06:00:26.414094,2026-06-30T20:00:27.597757+00:00,72.4,95,bid,AverageAlmonds,YieldingYams,1090989
2026-07-01T06:00:27.423030,2026-06-30T20:00:28.608881+00:00,72.6,200,bid,YieldingYams,WavyWalnuts,1091000
2026-07-01T06:00:28.288099,2026-06-30T20:00:29.465885+00:00,72.6,200,ask,YieldingYams,WavyWalnuts,1091005
2026-07-01T06:00:29.496645,2026-06-30T20:00:30.682134+00:00,72.6,200,bid,WavyWalnuts,YieldingYams,1091024
2026-07-01T06:00:30.705375,2026-06-30T20:00:31.889812+00:00,72.5,200,ask,YieldingYams,WavyWalnuts,1091043
2026-07-01T06:00:33.567770,2026-06-30T20:00:34.747652+00:00,72.6,20,bid,BrilliantBurritos,YieldingYams,1091076
2026-07-01T06:00:33.986179,2026-06-30T20:00:35.164211+00:00,72.5,40,ask,WavyWalnuts,Andy Garg,1091081
2026-07-01T06:00:34.148179,2026-06-30T20:00:35.329091+00:00,72.5,35,ask,WavyWalnuts,Andy Garg,1091087
2026-07-01T06:00:34.310027,2026-06-30T20:00:35.494032+00:00,72.5,25,ask,WavyWalnuts,Andy Garg,1091095
2026-07-01T06:00:34.337255,2026-06-30T20:00:35.516137+00:00,72.5,200,ask,YieldingYams,WavyWalnuts,1091100
2026-07-01T06:00:34.482823,2026-06-30T20:00:35.659177+00:00,72.6,10,bid,Zijun Feng,YieldingYams,1091102
2026-07-01T06:00:36.533822,2026-06-30T20:00:37.714559+00:00,72.5,25,bid,Andy Garg,YieldingYams,1091138
2026-07-01T06:00:36.759452,2026-06-30T20:00:37.944393+00:00,72.4,200,ask,YieldingYams,WavyWalnuts,1091141
2026-07-01T06:00:37.499733,2026-06-30T20:00:38.679860+00:00,72.6,40,bid,Andy Garg,YieldingYams,1091158
2026-07-01T06:00:37.937061,2026-06-30T20:00:39.122321+00:00,72.5,35,bid,Andy Garg,YieldingYams,1091162
2026-07-01T06:00:39.217221,2026-06-30T20:00:40.401347+00:00,72.4,200,bid,YieldingYams,WavyWalnuts,1091183
2026-07-01T06:00:40.919385,2026-06-30T20:00:42.099100+00:00,72.3,20,ask,AverageAlmonds,BrilliantBurritos,1091203
2026-07-01T06:00:41.589115,2026-06-30T20:00:42.765226+00:00,72.4,200,bid,WavyWalnuts,YieldingYams,1091218
2026-07-01T06:00:42.148539,2026-06-30T20:00:43.326537+00:00,72.4,500,bid,AverageAlmonds,YieldingYams,1091221
2026-07-01T06:00:44.051484,2026-06-30T20:00:45.231973+00:00,72.4,200,ask,YieldingYams,WavyWalnuts,1091250
2026-07-01T06:00:44.493713,2026-06-30T20:00:45.678489+00:00,72.6,15,bid,Andy Garg,YieldingYams,1091258
2026-07-01T06:00:44.806172,2026-06-30T20:00:45.985557+00:00,72.6,5,bid,Andy Garg,YieldingYams,1091264
2026-07-01T06:00:45.266503,2026-06-30T20:00:46.455081+00:00,72.4,200,ask,YieldingYams,WavyWalnuts,1091277
2026-07-01T06:00:45.774088,2026-06-30T20:00:46.957886+00:00,72.5,20,bid,Andy Garg,YieldingYams,1091287
2026-07-01T06:00:47.066778,2026-06-30T20:00:48.249330+00:00,72.4,500,ask,AverageAlmonds,YieldingYams,1091308
2026-07-01T06:00:47.096036,2026-06-30T20:00:48.282329+00:00,72.4,20,bid,Andy Garg,YieldingYams,1091309
2026-07-01T06:00:47.613498,2026-06-30T20:00:48.794872+00:00,72.4,105,bid,AverageAlmonds,YieldingYams,1091318
2026-07-01T06:00:48.372697,2026-06-30T20:00:49.548756+00:00,72.5,200,bid,YieldingYams,WavyWalnuts,1091333
2026-07-01T06:00:48.891710,2026-06-30T20:00:50.074565+00:00,72.6,200,bid,WavyWalnuts,YieldingYams,1091335
2026-07-01T06:00:50.998884,2026-06-30T20:00:52.183816+00:00,72.5,200,bid,YieldingYams,WavyWalnuts,1091359
2026-07-01T06:00:51.037011,2026-06-30T20:00:52.216331+00:00,72.6,60,ask,YieldingYams,Andy Garg,1091360
2026-07-01T06:00:51.306538,2026-06-30T20:00:52.490401+00:00,72.6,200,ask,YieldingYams,WavyWalnuts,1091370
2026-07-01T06:00:51.657796,2026-06-30T20:00:52.840895+00:00,72.8,10,bid,Andy Garg,YieldingYams,1091376
2026-07-01T06:00:51.820579,2026-06-30T20:00:53.004939+00:00,72.8,15,bid,Andy Garg,YieldingYams,1091381
2026-07-01T06:00:52.037986,2026-06-30T20:00:53.223943+00:00,72.6,15,ask,YieldingYams,Andy Garg,1091389
2026-07-01T06:00:53.659926,2026-06-30T20:00:54.845148+00:00,72.8,5,bid,Andy Garg,YieldingYams,1091414
2026-07-01T06:00:53.993090,2026-06-30T20:00:55.172985+00:00,72.8,5,bid,Andy Garg,WavyWalnuts,1091418
2026-07-01T06:00:54.959569,2026-06-30T20:00:56.146103+00:00,72.6,5,ask,WavyWalnuts,Andy Garg,1091433
2026-07-01T06:00:55.121423,2026-06-30T20:00:56.300336+00:00,72.6,10,ask,WavyWalnuts,Andy Garg,1091438
2026-07-01T06:00:55.282711,2026-06-30T20:00:56.464111+00:00,72.6,5,ask,WavyWalnuts,Andy Garg,1091444
2026-07-01T06:00:56.779025,2026-06-30T20:00:57.961924+00:00,72.6,20,ask,WavyWalnuts,BrilliantBurritos,1091458
2026-07-01T06:00:58.584610,2026-06-30T20:00:59.763347+00:00,72.7,200,bid,WavyWalnuts,YieldingYams,1091480
2026-07-01T06:00:58.814627,2026-06-30T20:00:59.994992+00:00,72.7,5,bid,Andy Garg,YieldingYams,1091483
2026-07-01T06:01:00.639206,2026-06-30T20:01:01.822747+00:00,72.7,15,bid,Andy Garg,WavyWalnuts,1091505
2026-07-01T06:01:00.799818,2026-06-30T20:01:01.976126+00:00,72.7,10,bid,Andy Garg,WavyWalnuts,1091510
2026-07-01T06:01:00.961557,2026-06-30T20:01:02.140063+00:00,72.7,10,bid,Andy Garg,WavyWalnuts,1091516
2026-07-01T06:01:01.006044,2026-06-30T20:01:02.184060+00:00,72.6,200,ask,YieldingYams,WavyWalnuts,1091519
2026-07-01T06:01:01.840262,2026-06-30T20:01:03.019171+00:00,72.5,10,ask,YieldingYams,Zijun Feng,1091525
2026-07-01T06:01:01.977995,2026-06-30T20:01:03.162209+00:00,72.5,15,ask,YieldingYams,Andy Garg,1091528
2026-07-01T06:01:02.099035,2026-06-30T20:01:03.282199+00:00,72.5,10,ask,YieldingYams,Andy Garg,1091532
2026-07-01T06:01:02.309283,2026-06-30T20:01:03.488734+00:00,72.5,15,ask,YieldingYams,Andy Garg,1091540
2026-07-01T06:01:03.426084,2026-06-30T20:01:04.602545+00:00,72.6,200,bid,WavyWalnuts,AverageAlmonds,1091548
2026-07-01T06:01:04.114588,2026-06-30T20:01:05.301881+00:00,72.6,500,bid,YieldingYams,AverageAlmonds,1091558
2026-07-01T06:01:04.127577,2026-06-30T20:01:05.312879+00:00,72.6,54,ask,YieldingYams,Chester Au,1091560
2026-07-01T06:01:04.180926,2026-06-30T20:01:05.356880+00:00,72.6,71,ask,YieldingYams,Chester Au,1091562
2026-07-01T06:01:04.653000,2026-06-30T20:01:05.837097+00:00,72.6,38,ask,WavyWalnuts,Chester Au,1091573
2026-07-01T06:01:05.426359,2026-06-30T20:01:06.601619+00:00,72.6,162,ask,WavyWalnuts,YieldingYams,1091591
2026-07-01T06:01:05.440229,2026-06-30T20:01:06.623630+00:00,72.6,15,bid,Andy Garg,YieldingYams,1091592
2026-07-01T06:01:05.599859,2026-06-30T20:01:06.777735+00:00,72.6,10,bid,Andy Garg,YieldingYams,1091595
2026-07-01T06:01:05.760370,2026-06-30T20:01:06.941103+00:00,72.6,25,bid,Andy Garg,YieldingYams,1091600
2026-07-01T06:01:07.297484,2026-06-30T20:01:08.472406+00:00,72.7,20,bid,BrilliantBurritos,YieldingYams,1091630
2026-07-01T06:01:08.942048,2026-06-30T20:01:10.121263+00:00,72.6,15,ask,YieldingYams,Andy Garg,1091656
2026-07-01T06:01:09.103625,2026-06-30T20:01:10.284294+00:00,72.6,10,ask,YieldingYams,Andy Garg,1091662
2026-07-01T06:01:09.163885,2026-06-30T20:01:10.349635+00:00,72.6,5,ask,YieldingYams,Andy Garg,1091664
2026-07-01T06:01:09.274698,2026-06-30T20:01:10.459233+00:00,72.6,25,ask,YieldingYams,Andy Garg,1091667
2026-07-01T06:01:09.508519,2026-06-30T20:01:10.688217+00:00,72.6,200,ask,YieldingYams,WavyWalnuts,1091672
2026-07-01T06:01:10.716195,2026-06-30T20:01:11.893156+00:00,72.5,200,ask,YieldingYams,WavyWalnuts,1091687
2026-07-01T06:01:10.804843,2026-06-30T20:01:11.990385+00:00,72.5,20,ask,YieldingYams,BrilliantBurritos,1091691
2026-07-01T06:01:11.923674,2026-06-30T20:01:13.109077+00:00,72.6,200,bid,WavyWalnuts,YieldingYams,1091703
2026-07-01T06:01:12.503521,2026-06-30T20:01:13.687015+00:00,72.5,10,ask,YieldingYams,Zijun Feng,1091707
2026-07-01T06:01:13.295305,2026-06-30T20:01:14.472333+00:00,72.6,200,bid,YieldingYams,WavyWalnuts,1091718
2026-07-01T06:01:14.356738,2026-06-30T20:01:15.540810+00:00,72.6,200,ask,YieldingYams,WavyWalnuts,1091730
2026-07-01T06:01:14.546233,2026-06-30T20:01:15.726860+00:00,72.6,10,ask,YieldingYams,Zijun Feng,1091734
2026-07-01T06:01:14.802286,2026-06-30T20:01:15.979293+00:00,72.5,20,bid,BrilliantBurritos,YieldingYams,1091736
2026-07-01T06:01:15.053411,2026-06-30T20:01:16.237813+00:00,72.4,10,ask,WavyWalnuts,Zijun Feng,1091740
2026-07-01T06:01:15.567626,2026-06-30T20:01:16.753670+00:00,72.5,200,bid,WavyWalnuts,YieldingYams,1091759
2026-07-01T06:01:15.978817,2026-06-30T20:01:17.160450+00:00,72.6,5,bid,Andy Garg,YieldingYams,1091760
2026-07-01T06:01:16.842071,2026-06-30T20:01:18.023593+00:00,72.4,37,ask,YieldingYams,Chester Au,1091773
2026-07-01T06:01:18.555101,2026-06-30T20:01:19.734089+00:00,72.4,200,ask,WavyWalnuts,YieldingYams,1091790
2026-07-01T06:01:18.611140,2026-06-30T20:01:19.789090+00:00,72.3,10,ask,AverageAlmonds,Zijun Feng,1091793
2026-07-01T06:01:19.125653,2026-06-30T20:01:20.303724+00:00,72.4,425,bid,AverageAlmonds,YieldingYams,1091796
2026-07-01T06:01:19.860640,2026-06-30T20:01:21.036406+00:00,72.7,200,bid,YieldingYams,WavyWalnuts,1091806
2026-07-01T06:01:19.913003,2026-06-30T20:01:21.090921+00:00,72.7,5,ask,YieldingYams,Andy Garg,1091808
2026-07-01T06:01:21.671206,2026-06-30T20:01:22.849149+00:00,72.6,5,ask,YieldingYams,Zijun Feng,1091832
2026-07-01T06:01:22.477578,2026-06-30T20:01:23.656735+00:00,72.7,500,bid,YieldingYams,AverageAlmonds,1091846
2026-07-01T06:01:22.836972,2026-06-30T20:01:24.028142+00:00,72.7,125,ask,YieldingYams,WavyWalnuts,1091853
2026-07-01T06:01:23.048152,2026-06-30T20:01:24.224205+00:00,72.7,5,bid,Andy Garg,WavyWalnuts,1091854
2026-07-01T06:01:23.204771,2026-06-30T20:01:24.385337+00:00,72.5,10,ask,WavyWalnuts,Zijun Feng,1091861
2026-07-01T06:01:23.787051,2026-06-30T20:01:24.968758+00:00,72.5,190,ask,WavyWalnuts,YieldingYams,1091869
2026-07-01T06:01:23.787051,2026-06-30T20:01:24.968758+00:00,72.4,435,ask,AverageAlmonds,YieldingYams,1091870
2026-07-01T06:01:27.298513,2026-06-30T20:01:28.484547+00:00,72.7,5,bid,Zijun Feng,YieldingYams,1091929
2026-07-01T06:01:29.349553,2026-06-30T20:01:30.530249+00:00,72.7,10,bid,Zijun Feng,WavyWalnuts,1091955
2026-07-01T06:01:31.641570,2026-06-30T20:01:32.826626+00:00,72.7,200,bid,YieldingYams,WavyWalnuts,1091982
2026-07-01T06:01:32.524167,2026-06-30T20:01:33.702535+00:00,72.7,200,ask,YieldingYams,WavyWalnuts,1091998
2026-07-01T06:01:33.373797,2026-06-30T20:01:34.556094+00:00,72.7,25,bid,Andy Garg,YieldingYams,1092007
2026-07-01T06:01:33.536675,2026-06-30T20:01:34.720969+00:00,72.7,10,bid,Andy Garg,YieldingYams,1092010
2026-07-01T06:01:33.747977,2026-06-30T20:01:34.929038+00:00,72.6,65,bid,Andy Garg,WavyWalnuts,1092018
2026-07-01T06:01:35.569130,2026-06-30T20:01:36.747227+00:00,72.5,200,ask,WavyWalnuts,YieldingYams,1092048
2026-07-01T06:01:36.180084,2026-06-30T20:01:37.359759+00:00,72.4,200,ask,YieldingYams,WavyWalnuts,1092062
2026-07-01T06:01:36.707369,2026-06-30T20:01:37.884013+00:00,72.4,20,ask,YieldingYams,BrilliantBurritos,1092072
2026-07-01T06:01:37.188101,2026-06-30T20:01:38.373692+00:00,72.5,20,bid,BrilliantBurritos,YieldingYams,1092080
2026-07-01T06:01:38.594988,2026-06-30T20:01:39.777751+00:00,72.4,200,ask,YieldingYams,WavyWalnuts,1092100
2026-07-01T06:01:39.079542,2026-06-30T20:01:40.259801+00:00,72.4,45,ask,YieldingYams,Andy Garg,1092107
2026-07-01T06:01:39.390723,2026-06-30T20:01:40.576624+00:00,72.4,55,ask,YieldingYams,Andy Garg,1092118
2026-07-01T06:01:40.807307,2026-06-30T20:01:41.989027+00:00,72.3,200,ask,WavyWalnuts,YieldingYams,1092144
2026-07-01T06:01:40.807307,2026-06-30T20:01:41.989027+00:00,72.3,425,ask,AverageAlmonds,YieldingYams,1092145
2026-07-01T06:01:42.115474,2026-06-30T20:01:43.294685+00:00,72.4,200,bid,YieldingYams,WavyWalnuts,1092163
2026-07-01T06:01:43.426265,2026-06-30T20:01:44.602502+00:00,72.5,200,bid,WavyWalnuts,YieldingYams,1092181
2026-07-01T06:01:46.060800,2026-06-30T20:01:47.239669+00:00,72.6,200,ask,WavyWalnuts,YieldingYams,1092215
2026-07-01T06:01:47.057194,2026-06-30T20:01:48.238797+00:00,72.6,200,bid,WavyWalnuts,YieldingYams,1092222
2026-07-01T06:01:47.555993,2026-06-30T20:01:48.742373+00:00,72.7,20,bid,Andy Garg,AverageAlmonds,1092229
2026-07-01T06:01:47.717573,2026-06-30T20:01:48.897890+00:00,72.8,15,bid,Andy Garg,WavyWalnuts,1092235
2026-07-01T06:01:49.474210,2026-06-30T20:01:50.659889+00:00,72.7,200,bid,WavyWalnuts,YieldingYams,1092263
2026-07-01T06:01:51.950860,2026-06-30T20:01:53.132756+00:00,72.6,20,ask,YieldingYams,BrilliantBurritos,1092293
2026-07-01T06:01:53.093756,2026-06-30T20:01:54.271347+00:00,72.6,20,ask,WavyWalnuts,Andy Garg,1092307
2026-07-01T06:01:53.117178,2026-06-30T20:01:54.292864+00:00,72.7,200,bid,WavyWalnuts,YieldingYams,1092310
2026-07-01T06:01:55.224058,2026-06-30T20:01:56.404881+00:00,72.8,200,bid,YieldingYams,WavyWalnuts,1092341
2026-07-01T06:01:55.224058,2026-06-30T20:01:56.404881+00:00,72.8,425,bid,YieldingYams,AverageAlmonds,1092342
2026-07-01T06:01:55.242147,2026-06-30T20:01:56.426430+00:00,72.6,10,ask,WavyWalnuts,Zijun Feng,1092343
2026-07-01T06:01:56.533170,2026-06-30T20:01:57.715554+00:00,72.7,200,ask,WavyWalnuts,YieldingYams,1092358
2026-07-01T06:01:56.553339,2026-06-30T20:01:57.737074+00:00,72.6,5,bid,Andy Garg,YieldingYams,1092359
2026-07-01T06:01:56.756357,2026-06-30T20:01:57.945414+00:00,72.6,200,bid,WavyWalnuts,YieldingYams,1092368
2026-07-01T06:01:57.872064,2026-06-30T20:01:59.051303+00:00,72.7,5,ask,YieldingYams,Andy Garg,1092382
2026-07-01T06:01:57.940041,2026-06-30T20:01:59.116830+00:00,72.7,10,ask,YieldingYams,Andy Garg,1092384
2026-07-01T06:01:58.201725,2026-06-30T20:01:59.378186+00:00,72.7,15,ask,YieldingYams,Andy Garg,1092396
2026-07-01T06:02:00.131107,2026-06-30T20:02:01.312076+00:00,72.7,5,ask,YieldingYams,Andy Garg,1092419
2026-07-01T06:02:00.383076,2026-06-30T20:02:01.564451+00:00,72.8,200,bid,WavyWalnuts,AverageAlmonds,1092421
2026-07-01T06:02:00.454991,2026-06-30T20:02:01.640982+00:00,72.8,300,bid,YieldingYams,AverageAlmonds,1092423
2026-07-01T06:02:00.495637,2026-06-30T20:02:01.684982+00:00,72.8,30,ask,YieldingYams,Andy Garg,1092424
2026-07-01T06:02:00.942879,2026-06-30T20:02:02.122061+00:00,72.8,295,ask,YieldingYams,AverageAlmonds,1092432
2026-07-01T06:02:01.333263,2026-06-30T20:02:02.515580+00:00,72.3,10,ask,AverageAlmonds,Zijun Feng,1092436
2026-07-01T06:02:01.682242,2026-06-30T20:02:02.864959+00:00,72.7,10,bid,Andy Garg,WavyWalnuts,1092447
2026-07-01T06:02:03.352806,2026-06-30T20:02:04.529428+00:00,72.6,20,bid,Andy Garg,WavyWalnuts,1092465
2026-07-01T06:02:03.373503,2026-06-30T20:02:04.551430+00:00,72.5,10,ask,AverageAlmonds,Zijun Feng,1092467
2026-07-01T06:02:03.634377,2026-06-30T20:02:04.815541+00:00,72.5,20,ask,AverageAlmonds,BrilliantBurritos,1092470
2026-07-01T06:02:05.252599,2026-06-30T20:02:06.433200+00:00,72.7,200,bid,WavyWalnuts,YieldingYams,1092495
2026-07-01T06:02:07.455448,2026-06-30T20:02:08.631608+00:00,72.7,10,bid,Zijun Feng,WavyWalnuts,1092526
2026-07-01T06:02:08.338007,2026-06-30T20:02:09.518057+00:00,72.7,200,bid,YieldingYams,WavyWalnuts,1092541
2026-07-01T06:02:08.346627,2026-06-30T20:02:09.528573+00:00,72.7,10,ask,YieldingYams,Andy Garg,1092542
2026-07-01T06:02:08.894909,2026-06-30T20:02:10.074040+00:00,72.7,200,ask,YieldingYams,WavyWalnuts,1092561
2026-07-01T06:02:10.099873,2026-06-30T20:02:11.279621+00:00,72.8,200,bid,WavyWalnuts,YieldingYams,1092573
2026-07-01T06:02:10.571218,2026-06-30T20:02:11.751240+00:00,72.8,15,bid,Andy Garg,YieldingYams,1092581
2026-07-01T06:02:10.731265,2026-06-30T20:02:11.916747+00:00,72.8,10,bid,Andy Garg,YieldingYams,1092588
2026-07-01T06:02:10.955133,2026-06-30T20:02:12.134770+00:00,73.0,200,bid,YieldingYams,WavyWalnuts,1092593
2026-07-01T06:02:10.955133,2026-06-30T20:02:12.134770+00:00,73.0,425,bid,YieldingYams,AverageAlmonds,1092594
2026-07-01T06:02:12.265372,2026-06-30T20:02:13.444873+00:00,72.7,200,ask,WavyWalnuts,YieldingYams,1092611
2026-07-01T06:02:12.513530,2026-06-30T20:02:13.693115+00:00,72.7,200,bid,WavyWalnuts,YieldingYams,1092613
2026-07-01T06:02:13.575546,2026-06-30T20:02:14.751676+00:00,72.9,200,bid,YieldingYams,WavyWalnuts,1092625
2026-07-01T06:02:13.575546,2026-06-30T20:02:14.762676+00:00,72.9,425,bid,YieldingYams,AverageAlmonds,1092626
2026-07-01T06:02:16.027213,2026-06-30T20:02:17.206405+00:00,72.7,20,ask,YieldingYams,BrilliantBurritos,1092662
2026-07-01T06:02:16.069443,2026-06-30T20:02:17.250418+00:00,72.7,10,ask,YieldingYams,Zijun Feng,1092664
2026-07-01T06:02:16.192642,2026-06-30T20:02:17.370433+00:00,72.8,500,bid,YieldingYams,AverageAlmonds,1092667
2026-07-01T06:02:16.192642,2026-06-30T20:02:17.370433+00:00,72.8,125,bid,YieldingYams,WavyWalnuts,1092668
2026-07-01T06:02:17.372233,2026-06-30T20:02:18.554033+00:00,72.8,200,bid,WavyWalnuts,AverageAlmonds,1092682
2026-07-01T06:02:17.424763,2026-06-30T20:02:18.609315+00:00,72.8,20,bid,BrilliantBurritos,AverageAlmonds,1092684
2026-07-01T06:02:18.585816,2026-06-30T20:02:19.768240+00:00,72.7,200,bid,WavyWalnuts,YieldingYams,1092701
2026-07-01T06:02:19.799078,2026-06-30T20:02:20.984878+00:00,72.7,200,bid,WavyWalnuts,YieldingYams,1092715
2026-07-01T06:02:21.010257,2026-06-30T20:02:22.192612+00:00,72.7,200,bid,WavyWalnuts,YieldingYams,1092731
2026-07-01T06:02:21.704927,2026-06-30T20:02:22.887429+00:00,72.7,20,bid,BrilliantBurritos,AverageAlmonds,1092744
2026-07-01T06:02:22.218785,2026-06-30T20:02:23.413414+00:00,72.7,200,bid,WavyWalnuts,AverageAlmonds,1092752
2026-07-01T06:02:22.736401,2026-06-30T20:02:23.917755+00:00,72.7,300,bid,YieldingYams,AverageAlmonds,1092763
2026-07-01T06:02:22.775287,2026-06-30T20:02:23.960920+00:00,72.7,325,ask,YieldingYams,AverageAlmonds,1092764
2026-07-01T06:02:23.427806,2026-06-30T20:02:24.607525+00:00,72.7,200,bid,WavyWalnuts,AverageAlmonds,1092768
2026-07-01T06:02:24.637780,2026-06-30T20:02:25.820761+00:00,72.6,200,bid,WavyWalnuts,YieldingYams,1092780
2026-07-01T06:02:25.845696,2026-06-30T20:02:27.024626+00:00,72.6,200,bid,WavyWalnuts,YieldingYams,1092797
2026-07-01T06:02:26.224775,2026-06-30T20:02:27.407602+00:00,72.4,10,ask,YieldingYams,Zijun Feng,1092804
2026-07-01T06:02:26.659584,2026-06-30T20:02:27.845732+00:00,72.6,500,bid,YieldingYams,AverageAlmonds,1092811
2026-07-01T06:02:26.688663,2026-06-30T20:02:27.867743+00:00,72.7,25,ask,YieldingYams,Andy Garg,1092812
2026-07-01T06:02:27.028053,2026-06-30T20:02:28.208769+00:00,72.7,100,ask,YieldingYams,AverageAlmonds,1092818
2026-07-01T06:02:28.851155,2026-06-30T20:02:30.029758+00:00,72.6,500,ask,YieldingYams,AverageAlmonds,1092839
2026-07-01T06:02:29.271840,2026-06-30T20:02:30.456996+00:00,72.8,5,bid,Andy Garg,YieldingYams,1092846
2026-07-01T06:02:29.281802,2026-06-30T20:02:30.467995+00:00,72.6,200,ask,WavyWalnuts,YieldingYams,1092848
2026-07-01T06:02:29.332746,2026-06-30T20:02:30.511540+00:00,72.6,20,bid,Andy Garg,YieldingYams,1092849
2026-07-01T06:02:29.460712,2026-06-30T20:02:30.643062+00:00,72.6,15,bid,Andy Garg,YieldingYams,1092854
2026-07-01T06:02:29.631616,2026-06-30T20:02:30.807308+00:00,72.6,10,bid,Andy Garg,YieldingYams,1092865
2026-07-01T06:02:29.693128,2026-06-30T20:02:30.872632+00:00,72.6,25,bid,Andy Garg,YieldingYams,1092867
2026-07-01T06:02:30.590104,2026-06-30T20:02:31.774403+00:00,72.6,200,bid,YieldingYams,WavyWalnuts,1092876
2026-07-01T06:02:31.113267,2026-06-30T20:02:32.296609+00:00,72.6,20,ask,YieldingYams,BrilliantBurritos,1092883
2026-07-01T06:02:31.834681,2026-06-30T20:02:33.015373+00:00,72.6,10,ask,YieldingYams,Zijun Feng,1092893
2026-07-01T06:02:32.774250,2026-06-30T20:02:33.957496+00:00,72.6,25,ask,YieldingYams,Andy Garg,1092912
2026-07-01T06:02:33.086012,2026-06-30T20:02:34.263441+00:00,72.6,25,ask,YieldingYams,Andy Garg,1092916
2026-07-01T06:02:34.379640,2026-06-30T20:02:35.563836+00:00,72.7,5,ask,WavyWalnuts,Andy Garg,1092938
2026-07-01T06:02:34.537142,2026-06-30T20:02:35.714864+00:00,72.7,195,ask,WavyWalnuts,YieldingYams,1092941
2026-07-01T06:02:35.596930,2026-06-30T20:02:36.777845+00:00,72.6,10,ask,WavyWalnuts,Andy Garg,1092953
2026-07-01T06:02:35.654268,2026-06-30T20:02:36.832855+00:00,72.6,20,ask,WavyWalnuts,BrilliantBurritos,1092956
2026-07-01T06:02:35.845411,2026-06-30T20:02:37.031884+00:00,72.7,500,bid,YieldingYams,AverageAlmonds,1092958
2026-07-01T06:02:35.845411,2026-06-30T20:02:37.031884+00:00,72.7,125,bid,YieldingYams,WavyWalnuts,1092959
2026-07-01T06:02:36.413442,2026-06-30T20:02:37.590564+00:00,72.7,5,bid,Andy Garg,WavyWalnuts,1092967
2026-07-01T06:02:36.574954,2026-06-30T20:02:37.759597+00:00,72.7,10,bid,Andy Garg,WavyWalnuts,1092972
2026-07-01T06:02:37.158341,2026-06-30T20:02:38.338403+00:00,72.5,200,ask,WavyWalnuts,YieldingYams,1092987
2026-07-01T06:02:37.188501,2026-06-30T20:02:38.371416+00:00,72.4,25,bid,Andy Garg,YieldingYams,1092988
2026-07-01T06:02:37.213490,2026-06-30T20:02:38.392932+00:00,72.4,20,bid,BrilliantBurritos,YieldingYams,1092990
2026-07-01T06:02:37.926373,2026-06-30T20:02:39.104136+00:00,72.4,380,bid,AverageAlmonds,YieldingYams,1092996
2026-07-01T06:02:38.464872,2026-06-30T20:02:39.649722+00:00,72.5,200,bid,YieldingYams,WavyWalnuts,1093003
2026-07-01T06:02:38.660077,2026-06-30T20:02:39.835753+00:00,72.6,25,ask,YieldingYams,Andy Garg,1093006
2026-07-01T06:02:39.200642,2026-06-30T20:02:40.386242+00:00,72.6,200,ask,YieldingYams,WavyWalnuts,1093011
2026-07-01T06:02:40.412682,2026-06-30T20:02:41.600188+00:00,72.5,200,bid,WavyWalnuts,YieldingYams,1093028
2026-07-01T06:02:41.004174,2026-06-30T20:02:42.179649+00:00,72.5,10,bid,Zijun Feng,YieldingYams,1093038
2026-07-01T06:02:42.409522,2026-06-30T20:02:43.592704+00:00,72.5,200,ask,WavyWalnuts,YieldingYams,1093053
2026-07-01T06:02:44.073207,2026-06-30T20:02:45.258902+00:00,72.6,10,bid,Zijun Feng,YieldingYams,1093072
2026-07-01T06:02:46.335890,2026-06-30T20:02:47.518850+00:00,72.4,200,ask,WavyWalnuts,YieldingYams,1093101
2026-07-01T06:02:46.335890,2026-06-30T20:02:47.518850+00:00,72.4,425,ask,AverageAlmonds,YieldingYams,1093102
2026-07-01T06:02:47.621151,2026-06-30T20:02:48.808857+00:00,72.5,10,bid,Zijun Feng,WavyWalnuts,1093117
2026-07-01T06:02:47.651400,2026-06-30T20:02:48.830857+00:00,72.5,190,bid,YieldingYams,WavyWalnuts,1093118
2026-07-01T06:02:51.312964,2026-06-30T20:02:52.493530+00:00,72.6,200,bid,WavyWalnuts,YieldingYams,1093166
2026-07-01T06:02:52.520358,2026-06-30T20:02:53.702243+00:00,72.6,200,bid,WavyWalnuts,YieldingYams,1093182
2026-07-01T06:02:53.720426,2026-06-30T20:02:54.906109+00:00,72.6,30,ask,YieldingYams,Andy Garg,1093201
2026-07-01T06:02:53.731421,2026-06-30T20:02:54.917110+00:00,72.6,200,ask,YieldingYams,WavyWalnuts,1093204
2026-07-01T06:02:53.884549,2026-06-30T20:02:55.060119+00:00,72.6,35,ask,YieldingYams,Andy Garg,1093207
2026-07-01T06:02:54.046730,2026-06-30T20:02:55.234146+00:00,72.6,30,ask,YieldingYams,Andy Garg,1093210
2026-07-01T06:02:56.144922,2026-06-30T20:02:57.321806+00:00,72.6,200,bid,WavyWalnuts,YieldingYams,1093243
2026-07-01T06:02:56.173721,2026-06-30T20:02:57.354326+00:00,72.6,30,bid,Andy Garg,YieldingYams,1093246
2026-07-01T06:02:57.360041,2026-06-30T20:02:58.545565+00:00,72.7,35,bid,Andy Garg,YieldingYams,1093261
2026-07-01T06:02:57.544228,2026-06-30T20:02:58.721570+00:00,72.7,30,bid,Andy Garg,YieldingYams,1093270
2026-07-01T06:02:58.316058,2026-06-30T20:02:59.493493+00:00,72.7,10,bid,Zijun Feng,AverageAlmonds,1093280
2026-07-01T06:02:58.588495,2026-06-30T20:02:59.774750+00:00,72.7,200,bid,WavyWalnuts,YieldingYams,1093285
2026-07-01T06:02:59.809634,2026-06-30T20:03:00.986374+00:00,72.6,200,ask,YieldingYams,WavyWalnuts,1093303
2026-07-01T06:02:59.853206,2026-06-30T20:03:01.029645+00:00,72.7,10,bid,Zijun Feng,AverageAlmonds,1093306
2026-07-01T06:03:00.726639,2026-06-30T20:03:01.907651+00:00,72.6,20,ask,YieldingYams,Andy Garg,1093318
2026-07-01T06:03:00.772538,2026-06-30T20:03:01.950872+00:00,72.6,40,bid,Chester Au,YieldingYams,1093322
2026-07-01T06:03:00.888622,2026-06-30T20:03:02.069561+00:00,72.5,5,ask,WavyWalnuts,Andy Garg,1093324
2026-07-01T06:03:01.015002,2026-06-30T20:03:02.200382+00:00,72.6,200,bid,WavyWalnuts,YieldingYams,1093329
2026-07-01T06:03:03.431687,2026-06-30T20:03:04.614381+00:00,72.5,200,ask,YieldingYams,WavyWalnuts,1093355
2026-07-01T06:03:04.172769,2026-06-30T20:03:05.350485+00:00,72.6,20,bid,Andy Garg,AverageAlmonds,1093365
2026-07-01T06:03:04.681041,2026-06-30T20:03:05.865270+00:00,72.5,200,ask,WavyWalnuts,YieldingYams,1093374
2026-07-01T06:03:04.838421,2026-06-30T20:03:06.017687+00:00,72.5,5,bid,Andy Garg,YieldingYams,1093377
2026-07-01T06:03:05.508742,2026-06-30T20:03:06.686578+00:00,72.5,20,bid,BrilliantBurritos,YieldingYams,1093388
2026-07-01T06:03:06.217885,2026-06-30T20:03:07.397752+00:00,72.5,20,ask,YieldingYams,BrilliantBurritos,1093394
2026-07-01T06:03:07.300330,2026-06-30T20:03:08.480251+00:00,72.6,500,bid,YieldingYams,AverageAlmonds,1093410
2026-07-01T06:03:07.625250,2026-06-30T20:03:08.808808+00:00,72.6,125,ask,YieldingYams,AverageAlmonds,1093415
2026-07-01T06:03:08.609925,2026-06-30T20:03:09.796238+00:00,72.5,200,ask,WavyWalnuts,YieldingYams,1093436
2026-07-01T06:03:09.497224,2026-06-30T20:03:10.680283+00:00,72.5,200,bid,WavyWalnuts,YieldingYams,1093455
2026-07-01T06:03:09.916183,2026-06-30T20:03:11.107163+00:00,72.6,500,bid,YieldingYams,AverageAlmonds,1093462
2026-07-01T06:03:09.934582,2026-06-30T20:03:11.118164+00:00,72.6,25,ask,YieldingYams,Andy Garg,1093463
2026-07-01T06:03:10.048381,2026-06-30T20:03:11.228146+00:00,72.6,10,ask,YieldingYams,Andy Garg,1093467
2026-07-01T06:03:10.075354,2026-06-30T20:03:11.261146+00:00,72.6,90,ask,YieldingYams,AverageAlmonds,1093469
2026-07-01T06:03:11.216484,2026-06-30T20:03:12.402318+00:00,72.7,10,bid,Andy Garg,AverageAlmonds,1093481
2026-07-01T06:03:11.226140,2026-06-30T20:03:12.402318+00:00,72.6,200,ask,WavyWalnuts,YieldingYams,1093483
2026-07-01T06:03:11.379713,2026-06-30T20:03:12.563948+00:00,72.6,15,bid,Andy Garg,YieldingYams,1093490
2026-07-01T06:03:11.540519,2026-06-30T20:03:12.716462+00:00,72.6,10,bid,Andy Garg,YieldingYams,1093493
2026-07-01T06:03:13.842466,2026-06-30T20:03:15.020614+00:00,72.6,200,bid,YieldingYams,WavyWalnuts,1093529
2026-07-01T06:03:15.153343,2026-06-30T20:03:16.333192+00:00,72.5,200,ask,WavyWalnuts,YieldingYams,1093547
2026-07-01T06:03:15.559706,2026-06-30T20:03:16.744343+00:00,72.5,200,bid,WavyWalnuts,YieldingYams,1093552
2026-07-01T06:03:17.083683,2026-06-30T20:03:18.261386+00:00,72.7,50,bid,Chester Au,WavyWalnuts,1093570
2026-07-01T06:03:17.980985,2026-06-30T20:03:19.158133+00:00,72.7,200,bid,WavyWalnuts,YieldingYams,1093578
2026-07-01T06:03:19.180636,2026-06-30T20:03:20.372598+00:00,72.7,10,bid,Zijun Feng,AverageAlmonds,1093602
2026-07-01T06:03:19.695140,2026-06-30T20:03:20.873410+00:00,72.7,10,bid,Zijun Feng,AverageAlmonds,1093609
2026-07-01T06:03:21.722951,2026-06-30T20:03:22.906207+00:00,72.6,10,ask,WavyWalnuts,Andy Garg,1093641
2026-07-01T06:03:21.884272,2026-06-30T20:03:23.070614+00:00,72.6,15,ask,WavyWalnuts,Andy Garg,1093644
2026-07-01T06:03:22.045513,2026-06-30T20:03:23.223657+00:00,72.6,10,ask,WavyWalnuts,Andy Garg,1093651
2026-07-01T06:03:23.013994,2026-06-30T20:03:24.195281+00:00,72.6,200,ask,WavyWalnuts,YieldingYams,1093672
2026-07-01T06:03:23.063415,2026-06-30T20:03:24.248864+00:00,72.5,15,bid,Andy Garg,YieldingYams,1093675
2026-07-01T06:03:24.046338,2026-06-30T20:03:25.230534+00:00,72.5,200,bid,WavyWalnuts,YieldingYams,1093691
2026-07-01T06:03:24.335754,2026-06-30T20:03:25.515606+00:00,72.6,15,ask,YieldingYams,Andy Garg,1093696
2026-07-01T06:03:25.835778,2026-06-30T20:03:27.019462+00:00,72.6,500,ask,YieldingYams,AverageAlmonds,1093716
2026-07-01T06:03:26.432041,2026-06-30T20:03:27.611860+00:00,72.6,125,ask,YieldingYams,AverageAlmonds,1093722
2026-07-01T06:03:26.469123,2026-06-30T20:03:27.655860+00:00,72.6,200,bid,WavyWalnuts,AverageAlmonds,1093725
2026-07-01T06:03:26.490422,2026-06-30T20:03:27.666860+00:00,72.6,35,bid,Andy Garg,AverageAlmonds,1093728
2026-07-01T06:03:26.937213,2026-06-30T20:03:28.123479+00:00,72.6,140,bid,YieldingYams,AverageAlmonds,1093737
2026-07-01T06:03:27.076718,2026-06-30T20:03:28.263097+00:00,72.6,485,ask,YieldingYams,AverageAlmonds,1093740
2026-07-01T06:03:28.250434,2026-06-30T20:03:29.433407+00:00,72.5,200,ask,WavyWalnuts,YieldingYams,1093762
2026-07-01T06:03:28.295345,2026-06-30T20:03:29.477500+00:00,72.5,10,bid,Andy Garg,YieldingYams,1093765
2026-07-01T06:03:28.712378,2026-06-30T20:03:29.894460+00:00,72.4,5,ask,YieldingYams,Andy Garg,1093775
2026-07-01T06:03:29.026815,2026-06-30T20:03:30.212503+00:00,72.4,5,ask,YieldingYams,Andy Garg,1093783
2026-07-01T06:03:29.561722,2026-06-30T20:03:30.739576+00:00,72.5,500,bid,YieldingYams,AverageAlmonds,1093790
2026-07-01T06:03:29.561722,2026-06-30T20:03:30.739576+00:00,72.6,125,bid,YieldingYams,WavyWalnuts,1093791
2026-07-01T06:03:30.126803,2026-06-30T20:03:31.306484+00:00,72.5,200,bid,WavyWalnuts,AverageAlmonds,1093796
2026-07-01T06:03:30.901497,2026-06-30T20:03:32.081294+00:00,72.4,15,ask,YieldingYams,Andy Garg,1093811
2026-07-01T06:03:32.182681,2026-06-30T20:03:33.367248+00:00,72.5,500,bid,YieldingYams,AverageAlmonds,1093823
2026-07-01T06:03:32.222384,2026-06-30T20:03:33.399281+00:00,72.5,20,ask,YieldingYams,Andy Garg,1093825
2026-07-01T06:03:32.338096,2026-06-30T20:03:33.519523+00:00,72.6,25,bid,Andy Garg,WavyWalnuts,1093832
2026-07-01T06:03:32.500043,2026-06-30T20:03:33.684537+00:00,72.5,105,ask,YieldingYams,AverageAlmonds,1093838
2026-07-01T06:03:32.547815,2026-06-30T20:03:33.728200+00:00,72.5,200,bid,WavyWalnuts,AverageAlmonds,1093841
2026-07-01T06:03:32.553703,2026-06-30T20:03:33.738767+00:00,72.5,10,bid,Andy Garg,AverageAlmonds,1093842
2026-07-01T06:03:33.757331,2026-06-30T20:03:34.941098+00:00,72.4,200,bid,WavyWalnuts,YieldingYams,1093855
2026-07-01T06:03:34.968701,2026-06-30T20:03:36.149981+00:00,72.4,200,bid,WavyWalnuts,AverageAlmonds,1093878
2026-07-01T06:03:35.691815,2026-06-30T20:03:36.870027+00:00,72.3,30,ask,YieldingYams,Andy Garg,1093891
2026-07-01T06:03:35.853839,2026-06-30T20:03:37.034428+00:00,72.3,25,ask,YieldingYams,Andy Garg,1093895
2026-07-01T06:03:36.015025,2026-06-30T20:03:37.198210+00:00,72.3,20,ask,YieldingYams,Andy Garg,1093899
2026-07-01T06:03:36.057227,2026-06-30T20:03:37.242506+00:00,72.4,110,bid,Chester Au,AverageAlmonds,1093901
2026-07-01T06:03:36.175740,2026-06-30T20:03:37.361399+00:00,72.4,200,bid,WavyWalnuts,AverageAlmonds,1093906
2026-07-01T06:03:37.999635,2026-06-30T20:03:39.187805+00:00,72.4,10,bid,Zijun Feng,AverageAlmonds,1093937
2026-07-01T06:03:38.597067,2026-06-30T20:03:39.788134+00:00,72.4,200,bid,WavyWalnuts,AverageAlmonds,1093944
2026-07-01T06:03:38.722167,2026-06-30T20:03:39.908737+00:00,72.4,300,bid,YieldingYams,AverageAlmonds,1093947
2026-07-01T06:03:38.749609,2026-06-30T20:03:39.930273+00:00,72.4,10,ask,YieldingYams,Andy Garg,1093949
2026-07-01T06:03:39.816753,2026-06-30T20:03:41.007404+00:00,72.4,315,ask,YieldingYams,AverageAlmonds,1093965
2026-07-01T06:03:39.829597,2026-06-30T20:03:41.007404+00:00,72.4,185,bid,WavyWalnuts,AverageAlmonds,1093966
2026-07-01T06:03:40.032510,2026-06-30T20:03:41.215484+00:00,72.4,15,ask,WavyWalnuts,YieldingYams,1093971
2026-07-01T06:03:40.067943,2026-06-30T20:03:41.248483+00:00,72.3,85,bid,Andy Garg,YieldingYams,1093972
2026-07-01T06:03:41.043221,2026-06-30T20:03:42.229254+00:00,72.3,200,bid,WavyWalnuts,YieldingYams,1093987
2026-07-01T06:03:42.226498,2026-06-30T20:03:43.413801+00:00,72.3,500,ask,YieldingYams,AverageAlmonds,1094008
2026-07-01T06:03:42.257249,2026-06-30T20:03:43.435798+00:00,72.3,125,ask,YieldingYams,WavyWalnuts,1094012
2026-07-01T06:03:42.647945,2026-06-30T20:03:43.830001+00:00,72.2,200,ask,WavyWalnuts,YieldingYams,1094018
2026-07-01T06:03:42.705462,2026-06-30T20:03:43.887999+00:00,72.0,10,ask,YieldingYams,Andy Garg,1094020
2026-07-01T06:03:42.867901,2026-06-30T20:03:44.052862+00:00,72.0,5,ask,YieldingYams,Andy Garg,1094024
2026-07-01T06:03:43.029854,2026-06-30T20:03:44.206383+00:00,72.0,10,ask,YieldingYams,Andy Garg,1094027
2026-07-01T06:03:43.464286,2026-06-30T20:03:44.644700+00:00,72.2,200,bid,WavyWalnuts,YieldingYams,1094031
2026-07-01T06:03:44.654754,2026-06-30T20:03:45.844059+00:00,72.0,20,ask,YieldingYams,Andy Garg,1094052
2026-07-01T06:03:44.716754,2026-06-30T20:03:45.899060+00:00,72.1,30,ask,WavyWalnuts,Andy Garg,1094055
2026-07-01T06:03:44.786822,2026-06-30T20:03:45.964093+00:00,72.1,20,ask,WavyWalnuts,Andy Garg,1094061
2026-07-01T06:03:44.949812,2026-06-30T20:03:46.127696+00:00,72.1,5,ask,WavyWalnuts,Andy Garg,1094064
2026-07-01T06:03:45.287370,2026-06-30T20:03:46.466251+00:00,72.2,500,bid,YieldingYams,AverageAlmonds,1094068
2026-07-01T06:03:45.887980,2026-06-30T20:03:47.065597+00:00,72.2,125,ask,YieldingYams,WavyWalnuts,1094080
2026-07-01T06:03:46.186234,2026-06-30T20:03:47.370197+00:00,72.2,5,bid,Andy Garg,WavyWalnuts,1094086
2026-07-01T06:03:46.497329,2026-06-30T20:03:47.675311+00:00,72.2,50,bid,Andy Garg,WavyWalnuts,1094096
2026-07-01T06:03:46.607984,2026-06-30T20:03:47.795344+00:00,72.1,45,bid,Andy Garg,YieldingYams,1094099
2026-07-01T06:03:46.658649,2026-06-30T20:03:47.838375+00:00,72.1,10,bid,Zijun Feng,YieldingYams,1094102
2026-07-01T06:03:47.099958,2026-06-30T20:03:48.285983+00:00,72.1,200,bid,WavyWalnuts,YieldingYams,1094110
2026-07-01T06:03:48.719369,2026-06-30T20:03:49.900760+00:00,72.2,10,bid,Zijun Feng,AverageAlmonds,1094132
2026-07-01T06:03:49.535773,2026-06-30T20:03:50.718470+00:00,72.1,200,ask,YieldingYams,WavyWalnuts,1094142
2026-07-01T06:03:49.840563,2026-06-30T20:03:51.024658+00:00,72.1,5,ask,YieldingYams,Andy Garg,1094145
2026-07-01T06:03:50.521642,2026-06-30T20:03:51.703113+00:00,72.0,200,ask,WavyWalnuts,YieldingYams,1094156
2026-07-01T06:03:51.962239,2026-06-30T20:03:53.149344+00:00,72.0,200,ask,YieldingYams,WavyWalnuts,1094170
2026-07-01T06:03:52.626198,2026-06-30T20:03:53.805967+00:00,72.0,20,ask,YieldingYams,BrilliantBurritos,1094178
2026-07-01T06:03:53.171681,2026-06-30T20:03:54.352517+00:00,72.1,200,bid,WavyWalnuts,AverageAlmonds,1094190
2026-07-01T06:03:53.176771,2026-06-30T20:03:54.363517+00:00,72.1,5,bid,Andy Garg,AverageAlmonds,1094191
2026-07-01T06:03:54.483837,2026-06-30T20:03:55.662269+00:00,72.0,200,ask,WavyWalnuts,YieldingYams,1094204
2026-07-01T06:03:54.825802,2026-06-30T20:03:56.010128+00:00,72.0,10,bid,Zijun Feng,YieldingYams,1094210
2026-07-01T06:03:55.588830,2026-06-30T20:03:56.765649+00:00,72.0,200,bid,WavyWalnuts,YieldingYams,1094224
2026-07-01T06:03:55.790566,2026-06-30T20:03:56.973954+00:00,72.1,500,bid,YieldingYams,AverageAlmonds,1094231
2026-07-01T06:03:55.790566,2026-06-30T20:03:56.973954+00:00,72.1,125,bid,YieldingYams,WavyWalnuts,1094232
2026-07-01T06:03:56.799992,2026-06-30T20:03:57.982671+00:00,72.1,200,bid,WavyWalnuts,AverageAlmonds,1094239
2026-07-01T06:03:58.024999,2026-06-30T20:03:59.208306+00:00,71.8,200,bid,WavyWalnuts,YieldingYams,1094256
2026-07-01T06:03:59.493794,2026-06-30T20:04:00.676176+00:00,71.9,20,bid,BrilliantBurritos,YieldingYams,1094273
2026-07-01T06:03:59.893149,2026-06-30T20:04:01.069856+00:00,72.0,20,bid,BrilliantBurritos,WavyWalnuts,1094276
2026-07-01T06:04:00.428673,2026-06-30T20:04:01.606419+00:00,72.0,10,bid,Zijun Feng,YieldingYams,1094287
2026-07-01T06:04:00.456739,2026-06-30T20:04:01.639419+00:00,71.8,200,ask,YieldingYams,WavyWalnuts,1094288
2026-07-01T06:04:00.939986,2026-06-30T20:04:02.121023+00:00,72.0,10,bid,Zijun Feng,WavyWalnuts,1094292
2026-07-01T06:04:01.450674,2026-06-30T20:04:02.638551+00:00,72.0,10,bid,Zijun Feng,AverageAlmonds,1094297
2026-07-01T06:04:01.695391,2026-06-30T20:04:02.877638+00:00,71.9,20,bid,Andy Garg,WavyWalnuts,1094302
2026-07-01T06:04:03.039598,2026-06-30T20:04:04.220027+00:00,71.8,20,ask,YieldingYams,BrilliantBurritos,1094328
2026-07-01T06:04:03.487374,2026-06-30T20:04:04.668687+00:00,71.9,10,bid,Zijun Feng,WavyWalnuts,1094338
2026-07-01T06:04:03.677344,2026-06-30T20:04:04.862452+00:00,71.8,10,bid,Andy Garg,YieldingYams,1094341
2026-07-01T06:04:06.021916,2026-06-30T20:04:07.204112+00:00,71.8,10,bid,Zijun Feng,YieldingYams,1094372
2026-07-01T06:04:06.259155,2026-06-30T20:04:07.444042+00:00,71.8,500,bid,YieldingYams,AverageAlmonds,1094373
2026-07-01T06:04:07.077067,2026-06-30T20:04:08.261663+00:00,71.8,125,ask,YieldingYams,AverageAlmonds,1094378
2026-07-01T06:04:07.077067,2026-06-30T20:04:08.261663+00:00,71.8,200,ask,WavyWalnuts,AverageAlmonds,1094379
2026-07-01T06:04:07.546455,2026-06-30T20:04:08.733095+00:00,71.8,10,bid,Zijun Feng,AverageAlmonds,1094394
2026-07-01T06:04:07.618111,2026-06-30T20:04:08.798125+00:00,71.5,10,bid,Andy Garg,YieldingYams,1094396
2026-07-01T06:04:07.717418,2026-06-30T20:04:08.896804+00:00,71.5,200,bid,WavyWalnuts,YieldingYams,1094401
2026-07-01T06:04:10.203028,2026-06-30T20:04:11.409997+00:00,71.7,500,bid,YieldingYams,AverageAlmonds,1094438
2026-07-01T06:04:10.203028,2026-06-30T20:04:11.409997+00:00,71.7,125,bid,YieldingYams,WavyWalnuts,1094439
2026-07-01T06:04:10.598332,2026-06-30T20:04:11.802950+00:00,71.6,15,ask,WavyWalnuts,Andy Garg,1094445
2026-07-01T06:04:10.657189,2026-06-30T20:04:11.868374+00:00,71.6,10,ask,WavyWalnuts,Andy Garg,1094448
2026-07-01T06:04:10.918606,2026-06-30T20:04:12.109572+00:00,71.6,15,ask,WavyWalnuts,Andy Garg,1094452
2026-07-01T06:04:11.513390,2026-06-30T20:04:12.721954+00:00,71.6,200,ask,WavyWalnuts,YieldingYams,1094469
2026-07-01T06:04:12.569175,2026-06-30T20:04:13.753423+00:00,71.4,200,ask,YieldingYams,WavyWalnuts,1094482
2026-07-01T06:04:17.173837,2026-06-30T20:04:18.360012+00:00,71.6,10,ask,WavyWalnuts,Zijun Feng,1094538
2026-07-01T06:04:17.445391,2026-06-30T20:04:18.623414+00:00,71.7,200,bid,WavyWalnuts,YieldingYams,1094544
2026-07-01T06:04:18.659964,2026-06-30T20:04:19.838686+00:00,71.7,200,bid,WavyWalnuts,AverageAlmonds,1094561
2026-07-01T06:04:20.668611,2026-06-30T20:04:21.849239+00:00,71.7,500,bid,YieldingYams,AverageAlmonds,1094588
2026-07-01T06:04:21.007500,2026-06-30T20:04:22.188981+00:00,71.7,125,ask,YieldingYams,AverageAlmonds,1094593
2026-07-01T06:04:21.979150,2026-06-30T20:04:23.163060+00:00,71.6,200,ask,WavyWalnuts,YieldingYams,1094604
2026-07-01T06:04:22.296418,2026-06-30T20:04:23.490974+00:00,71.5,200,bid,WavyWalnuts,YieldingYams,1094611
2026-07-01T06:04:23.287115,2026-06-30T20:04:24.473776+00:00,71.7,200,bid,YieldingYams,WavyWalnuts,1094622
2026-07-01T06:04:23.287115,2026-06-30T20:04:24.473776+00:00,71.7,425,bid,YieldingYams,AverageAlmonds,1094623
2026-07-01T06:04:23.502988,2026-06-30T20:04:24.682293+00:00,71.6,200,bid,WavyWalnuts,AverageAlmonds,1094632
2026-07-01T06:04:24.712351,2026-06-30T20:04:25.891454+00:00,71.5,200,bid,WavyWalnuts,YieldingYams,1094652
2026-07-01T06:04:24.722098,2026-06-30T20:04:25.902454+00:00,71.3,20,ask,YieldingYams,Andy Garg,1094654
2026-07-01T06:04:25.906480,2026-06-30T20:04:27.093100+00:00,71.5,500,bid,YieldingYams,AverageAlmonds,1094673
2026-07-01T06:04:26.475905,2026-06-30T20:04:27.661659+00:00,71.5,125,ask,YieldingYams,AverageAlmonds,1094681
2026-07-01T06:04:26.475905,2026-06-30T20:04:27.661659+00:00,71.5,200,ask,WavyWalnuts,AverageAlmonds,1094682
2026-07-01T06:04:26.848102,2026-06-30T20:04:28.034497+00:00,71.1,10,ask,AverageAlmonds,Zijun Feng,1094689
2026-07-01T06:04:27.219053,2026-06-30T20:04:28.395960+00:00,71.4,200,ask,WavyWalnuts,YieldingYams,1094694
2026-07-01T06:04:28.053591,2026-06-30T20:04:29.237273+00:00,71.3,5,bid,Andy Garg,YieldingYams,1094701
2026-07-01T06:04:28.214875,2026-06-30T20:04:29.391286+00:00,71.3,20,bid,Andy Garg,YieldingYams,1094709
2026-07-01T06:04:28.336527,2026-06-30T20:04:29.523286+00:00,71.3,200,bid,WavyWalnuts,YieldingYams,1094715
2026-07-01T06:04:30.287767,2026-06-30T20:04:31.466649+00:00,71.4,5,ask,WavyWalnuts,Andy Garg,1094731
2026-07-01T06:04:31.336860,2026-06-30T20:04:32.516165+00:00,71.4,200,ask,WavyWalnuts,AverageAlmonds,1094743
2026-07-01T06:04:31.707131,2026-06-30T20:04:32.887201+00:00,71.3,10,ask,YieldingYams,Andy Garg,1094750
2026-07-01T06:04:33.480879,2026-06-30T20:04:34.666661+00:00,71.2,20,ask,WavyWalnuts,Andy Garg,1094778
2026-07-01T06:04:33.643843,2026-06-30T20:04:34.820174+00:00,71.2,10,ask,WavyWalnuts,Andy Garg,1094781
2026-07-01T06:04:33.780868,2026-06-30T20:04:34.962407+00:00,71.2,170,ask,WavyWalnuts,YieldingYams,1094784
2026-07-01T06:04:33.805990,2026-06-30T20:04:34.983924+00:00,71.1,5,ask,AverageAlmonds,Andy Garg,1094785
2026-07-01T06:04:34.397199,2026-06-30T20:04:35.575634+00:00,71.2,200,bid,WavyWalnuts,YieldingYams,1094789
2026-07-01T06:04:34.929916,2026-06-30T20:04:36.112549+00:00,71.2,10,bid,Zijun Feng,YieldingYams,1094798
2026-07-01T06:04:35.024181,2026-06-30T20:04:36.210168+00:00,71.2,20,bid,Andy Garg,YieldingYams,1094802
2026-07-01T06:04:35.083503,2026-06-30T20:04:36.265181+00:00,71.2,5,bid,Andy Garg,YieldingYams,1094804
2026-07-01T06:04:35.144720,2026-06-30T20:04:36.330708+00:00,71.2,10,ask,YieldingYams,Andy Garg,1094808
2026-07-01T06:04:35.205405,2026-06-30T20:04:36.385236+00:00,71.3,20,bid,Andy Garg,WavyWalnuts,1094810
2026-07-01T06:04:35.316263,2026-06-30T20:04:36.494266+00:00,71.3,15,bid,Andy Garg,WavyWalnuts,1094813
2026-07-01T06:04:36.830719,2026-06-30T20:04:38.015497+00:00,71.3,200,ask,YieldingYams,WavyWalnuts,1094829
2026-07-01T06:04:36.971046,2026-06-30T20:04:38.158355+00:00,71.4,10,bid,Zijun Feng,YieldingYams,1094832
2026-07-01T06:04:38.498417,2026-06-30T20:04:39.681001+00:00,71.2,5,ask,WavyWalnuts,Andy Garg,1094855
2026-07-01T06:04:39.019053,2026-06-30T20:04:40.195746+00:00,71.2,195,ask,WavyWalnuts,YieldingYams,1094860
2026-07-01T06:04:40.112092,2026-06-30T20:04:41.291548+00:00,71.2,20,bid,BrilliantBurritos,YieldingYams,1094879
2026-07-01T06:04:40.329400,2026-06-30T20:04:41.509592+00:00,71.3,200,bid,YieldingYams,WavyWalnuts,1094880
2026-07-01T06:04:40.329400,2026-06-30T20:04:41.509592+00:00,71.4,425,bid,YieldingYams,AverageAlmonds,1094881
2026-07-01T06:04:40.621521,2026-06-30T20:04:41.805087+00:00,71.3,10,ask,WavyWalnuts,Andy Garg,1094893
2026-07-01T06:04:42.192823,2026-06-30T20:04:43.369307+00:00,71.4,10,bid,Andy Garg,AverageAlmonds,1094918
2026-07-01T06:04:42.738351,2026-06-30T20:04:43.916332+00:00,71.3,20,ask,WavyWalnuts,BrilliantBurritos,1094926
2026-07-01T06:04:47.766037,2026-06-30T20:04:48.945779+00:00,71.4,200,bid,WavyWalnuts,YieldingYams,1094997
2026-07-01T06:04:48.193022,2026-06-30T20:04:49.373461+00:00,71.5,500,bid,YieldingYams,AverageAlmonds,1095004
2026-07-01T06:04:48.242690,2026-06-30T20:04:49.428541+00:00,71.6,55,ask,YieldingYams,Andy Garg,1095005
2026-07-01T06:04:48.306715,2026-06-30T20:04:49.483766+00:00,71.6,70,ask,YieldingYams,AverageAlmonds,1095009
2026-07-01T06:04:48.983137,2026-06-30T20:04:50.169316+00:00,71.4,200,bid,WavyWalnuts,AverageAlmonds,1095023
2026-07-01T06:04:49.018172,2026-06-30T20:04:50.201831+00:00,71.4,20,bid,Andy Garg,AverageAlmonds,1095025
2026-07-01T06:04:49.179549,2026-06-30T20:04:50.365877+00:00,71.4,25,bid,Andy Garg,AverageAlmonds,1095030
2026-07-01T06:04:49.343087,2026-06-30T20:04:50.520189+00:00,71.4,10,bid,Andy Garg,AverageAlmonds,1095035
2026-07-01T06:04:50.331962,2026-06-30T20:04:51.513025+00:00,71.3,20,ask,WavyWalnuts,BrilliantBurritos,1095048
2026-07-01T06:04:50.837803,2026-06-30T20:04:52.016652+00:00,71.3,180,ask,WavyWalnuts,YieldingYams,1095056
2026-07-01T06:04:52.145132,2026-06-30T20:04:53.324857+00:00,71.3,200,bid,YieldingYams,WavyWalnuts,1095077
2026-07-01T06:04:52.145132,2026-06-30T20:04:53.324857+00:00,71.5,425,bid,YieldingYams,AverageAlmonds,1095078
2026-07-01T06:04:54.762713,2026-06-30T20:04:55.943187+00:00,71.2,200,bid,YieldingYams,WavyWalnuts,1095118
2026-07-01T06:04:55.089072,2026-06-30T20:04:56.273059+00:00,71.3,10,ask,WavyWalnuts,Andy Garg,1095122
2026-07-01T06:04:55.843337,2026-06-30T20:04:57.029327+00:00,71.3,20,ask,WavyWalnuts,BrilliantBurritos,1095132
2026-07-01T06:04:56.081244,2026-06-30T20:04:57.267841+00:00,71.3,170,ask,WavyWalnuts,YieldingYams,1095139
2026-07-01T06:04:56.104826,2026-06-30T20:04:57.290100+00:00,71.1,35,bid,Andy Garg,YieldingYams,1095140
2026-07-01T06:04:56.190124,2026-06-30T20:04:57.378115+00:00,71.1,25,bid,Andy Garg,YieldingYams,1095143
2026-07-01T06:04:56.248745,2026-06-30T20:04:57.432171+00:00,71.1,200,bid,WavyWalnuts,YieldingYams,1095146
2026-07-01T06:04:56.353595,2026-06-30T20:04:57.531399+00:00,71.1,50,bid,Andy Garg,YieldingYams,1095151
2026-07-01T06:04:57.471400,2026-06-30T20:04:58.656520+00:00,71.3,200,ask,YieldingYams,WavyWalnuts,1095163
2026-07-01T06:04:58.618123,2026-06-30T20:04:59.796663+00:00,71.3,425,ask,YieldingYams,AverageAlmonds,1095178
2026-07-01T06:04:59.489698,2026-06-30T20:05:00.672464+00:00,71.0,25,ask,WavyWalnuts,Andy Garg,1095187
2026-07-01T06:04:59.649672,2026-06-30T20:05:00.826492+00:00,71.0,25,ask,WavyWalnuts,Andy Garg,1095191
2026-07-01T06:05:00.023248,2026-06-30T20:05:01.199412+00:00,71.1,200,bid,YieldingYams,WavyWalnuts,1095202
2026-07-01T06:05:02.256258,2026-06-30T20:05:03.438530+00:00,71.1,10,ask,WavyWalnuts,Zijun Feng,1095225
2026-07-01T06:05:02.929650,2026-06-30T20:05:04.115892+00:00,71.1,25,bid,Andy Garg,WavyWalnuts,1095238
2026-07-01T06:05:03.091298,2026-06-30T20:05:04.269820+00:00,71.1,25,bid,Andy Garg,WavyWalnuts,1095241
2026-07-01T06:05:07.910289,2026-06-30T20:05:09.090037+00:00,71.1,200,bid,YieldingYams,WavyWalnuts,1095306
2026-07-01T06:05:07.933036,2026-06-30T20:05:09.111557+00:00,71.1,25,ask,YieldingYams,Andy Garg,1095307
2026-07-01T06:05:08.395842,2026-06-30T20:05:09.571918+00:00,71.1,25,ask,YieldingYams,Andy Garg,1095312
2026-07-01T06:05:09.562285,2026-06-30T20:05:10.744030+00:00,71.1,200,bid,WavyWalnuts,YieldingYams,1095325
2026-07-01T06:05:12.898539,2026-06-30T20:05:14.081452+00:00,71.1,10,ask,YieldingYams,Zijun Feng,1095367
2026-07-01T06:05:13.791569,2026-06-30T20:05:14.969067+00:00,71.1,50,ask,WavyWalnuts,Andy Garg,1095378
2026-07-01T06:05:13.800353,2026-06-30T20:05:14.980067+00:00,71.1,20,ask,WavyWalnuts,BrilliantBurritos,1095380
2026-07-01T06:05:14.394452,2026-06-30T20:05:15.571368+00:00,71.2,200,bid,WavyWalnuts,YieldingYams,1095387
2026-07-01T06:05:14.471974,2026-06-30T20:05:15.658638+00:00,71.2,500,bid,YieldingYams,AverageAlmonds,1095390
2026-07-01T06:05:14.954048,2026-06-30T20:05:16.138769+00:00,71.3,125,ask,YieldingYams,AverageAlmonds,1095397
2026-07-01T06:05:18.914647,2026-06-30T20:05:20.100023+00:00,71.2,20,bid,BrilliantBurritos,WavyWalnuts,1095446
2026-07-01T06:05:19.703932,2026-06-30T20:05:20.890786+00:00,71.2,200,bid,YieldingYams,WavyWalnuts,1095459
2026-07-01T06:05:22.957718,2026-06-30T20:05:24.136232+00:00,71.1,200,ask,YieldingYams,WavyWalnuts,1095497
2026-07-01T06:05:23.661332,2026-06-30T20:05:24.844024+00:00,71.0,200,ask,WavyWalnuts,YieldingYams,1095508
2026-07-01T06:05:23.661332,2026-06-30T20:05:24.844024+00:00,71.0,425,ask,AverageAlmonds,YieldingYams,1095509
2026-07-01T06:05:24.043310,2026-06-30T20:05:25.220803+00:00,71.0,10,ask,AverageAlmonds,Zijun Feng,1095518
2026-07-01T06:05:24.164069,2026-06-30T20:05:25.340385+00:00,71.0,200,ask,AverageAlmonds,WavyWalnuts,1095525
2026-07-01T06:05:25.372728,2026-06-30T20:05:26.552664+00:00,71.1,200,ask,YieldingYams,WavyWalnuts,1095542
2026-07-01T06:05:26.326833,2026-06-30T20:05:27.511859+00:00,71.1,40,bid,Andy Garg,YieldingYams,1095555
2026-07-01T06:05:26.579500,2026-06-30T20:05:27.762199+00:00,71.1,200,bid,WavyWalnuts,YieldingYams,1095560
2026-07-01T06:05:27.452594,2026-06-30T20:05:28.633040+00:00,71.0,15,ask,AverageAlmonds,Andy Garg,1095576
2026-07-01T06:05:27.617473,2026-06-30T20:05:28.795361+00:00,71.1,5,ask,YieldingYams,Andy Garg,1095580
2026-07-01T06:05:27.627139,2026-06-30T20:05:28.806398+00:00,71.1,10,ask,YieldingYams,Zijun Feng,1095582
2026-07-01T06:05:29.002326,2026-06-30T20:05:30.188018+00:00,71.2,200,bid,WavyWalnuts,YieldingYams,1095598
2026-07-01T06:05:29.016883,2026-06-30T20:05:30.199019+00:00,71.0,20,ask,YieldingYams,BrilliantBurritos,1095600
2026-07-01T06:05:29.664322,2026-06-30T20:05:30.841461+00:00,71.0,10,ask,YieldingYams,Zijun Feng,1095609
2026-07-01T06:05:29.691989,2026-06-30T20:05:30.873393+00:00,71.0,20,ask,YieldingYams,Andy Garg,1095610
2026-07-01T06:05:30.213066,2026-06-30T20:05:31.398307+00:00,71.2,200,ask,YieldingYams,WavyWalnuts,1095615
2026-07-01T06:05:31.110420,2026-06-30T20:05:32.295617+00:00,71.4,10,bid,Andy Garg,YieldingYams,1095629
2026-07-01T06:05:31.275455,2026-06-30T20:05:32.460732+00:00,71.4,30,bid,Andy Garg,YieldingYams,1095633
2026-07-01T06:05:31.435256,2026-06-30T20:05:32.613484+00:00,71.3,50,ask,WavyWalnuts,Chester Au,1095640
2026-07-01T06:05:34.128952,2026-06-30T20:05:35.306637+00:00,71.3,200,ask,WavyWalnuts,YieldingYams,1095662
2026-07-01T06:05:34.610596,2026-06-30T20:05:35.788147+00:00,71.1,10,ask,YieldingYams,Andy Garg,1095670
2026-07-01T06:05:34.771283,2026-06-30T20:05:35.951693+00:00,71.1,30,ask,YieldingYams,Andy Garg,1095674
2026-07-01T06:05:36.252980,2026-06-30T20:05:37.432337+00:00,71.2,200,ask,YieldingYams,WavyWalnuts,1095694
2026-07-01T06:05:37.109467,2026-06-30T20:05:38.295304+00:00,71.3,20,bid,BrilliantBurritos,AverageAlmonds,1095700
2026-07-01T06:05:37.899518,2026-06-30T20:05:39.084387+00:00,71.3,15,bid,Andy Garg,AverageAlmonds,1095713
2026-07-01T06:05:38.053824,2026-06-30T20:05:39.237937+00:00,71.3,200,bid,YieldingYams,WavyWalnuts,1095719
2026-07-01T06:05:38.053824,2026-06-30T20:05:39.237937+00:00,71.3,425,bid,YieldingYams,AverageAlmonds,1095720
2026-07-01T06:05:38.110277,2026-06-30T20:05:39.292938+00:00,71.3,15,bid,Andy Garg,AverageAlmonds,1095721
2026-07-01T06:05:38.221318,2026-06-30T20:05:39.401951+00:00,71.3,10,bid,Andy Garg,AverageAlmonds,1095724
2026-07-01T06:05:39.362891,2026-06-30T20:05:40.548348+00:00,71.3,200,bid,YieldingYams,WavyWalnuts,1095739
2026-07-01T06:05:39.362891,2026-06-30T20:05:40.548348+00:00,71.3,425,bid,YieldingYams,AverageAlmonds,1095740
2026-07-01T06:05:40.094832,2026-06-30T20:05:41.271641+00:00,71.3,10,bid,Andy Garg,AverageAlmonds,1095751
2026-07-01T06:05:40.709043,2026-06-30T20:05:41.891417+00:00,71.2,30,bid,Andy Garg,YieldingYams,1095765
2026-07-01T06:05:41.988688,2026-06-30T20:05:43.166482+00:00,71.1,20,bid,Andy Garg,YieldingYams,1095775
2026-07-01T06:05:42.003988,2026-06-30T20:05:43.188482+00:00,71.1,50,bid,Chester Au,YieldingYams,1095779
2026-07-01T06:05:42.295623,2026-06-30T20:05:43.478862+00:00,71.1,200,bid,WavyWalnuts,YieldingYams,1095783
2026-07-01T06:05:44.601557,2026-06-30T20:05:45.788400+00:00,71.1,200,bid,YieldingYams,WavyWalnuts,1095817
2026-07-01T06:05:45.335940,2026-06-30T20:05:46.519973+00:00,71.1,10,ask,YieldingYams,Zijun Feng,1095836
2026-07-01T06:05:46.817667,2026-06-30T20:05:47.996678+00:00,71.2,20,bid,BrilliantBurritos,YieldingYams,1095865
2026-07-01T06:05:48.422995,2026-06-30T20:05:49.599387+00:00,71.2,200,ask,YieldingYams,WavyWalnuts,1095892
2026-07-01T06:05:50.399953,2026-06-30T20:05:51.577118+00:00,71.3,20,bid,BrilliantBurritos,YieldingYams,1095927
2026-07-01T06:05:55.135655,2026-06-30T20:05:56.322551+00:00,71.1,200,ask,WavyWalnuts,YieldingYams,1095999
2026-07-01T06:05:56.445250,2026-06-30T20:05:57.625535+00:00,71.1,200,bid,YieldingYams,WavyWalnuts,1096018
2026-07-01T06:05:56.460145,2026-06-30T20:05:57.636557+00:00,71.1,8,ask,YieldingYams,Chester Au,1096021
2026-07-01T06:05:57.041267,2026-06-30T20:05:58.225469+00:00,71.1,10,ask,YieldingYams,Zijun Feng,1096033
2026-07-01T06:05:58.011780,2026-06-30T20:05:59.191066+00:00,71.1,500,ask,YieldingYams,AverageAlmonds,1096052
2026-07-01T06:05:58.629814,2026-06-30T20:05:59.817133+00:00,71.1,125,ask,YieldingYams,AverageAlmonds,1096064
2026-07-01T06:05:58.629814,2026-06-30T20:05:59.817133+00:00,71.1,200,ask,WavyWalnuts,AverageAlmonds,1096065
2026-07-01T06:05:59.301439,2026-06-30T20:06:00.485962+00:00,70.8,200,bid,WavyWalnuts,YieldingYams,1096081
2026-07-01T06:06:00.458531,2026-06-30T20:06:01.635889+00:00,71.0,20,bid,BrilliantBurritos,YieldingYams,1096093
2026-07-01T06:06:00.508904,2026-06-30T20:06:01.690380+00:00,71.0,200,bid,WavyWalnuts,YieldingYams,1096097
2026-07-01T06:06:01.599944,2026-06-30T20:06:02.782028+00:00,70.9,10,ask,YieldingYams,Zijun Feng,1096117
2026-07-01T06:06:01.719374,2026-06-30T20:06:02.903526+00:00,70.9,200,bid,WavyWalnuts,YieldingYams,1096120
2026-07-01T06:06:02.926859,2026-06-30T20:06:04.107712+00:00,70.9,200,bid,WavyWalnuts,YieldingYams,1096134
2026-07-01T06:06:02.992676,2026-06-30T20:06:04.184212+00:00,71.0,500,bid,YieldingYams,AverageAlmonds,1096136
2026-07-01T06:06:02.998721,2026-06-30T20:06:04.184212+00:00,71.0,125,ask,YieldingYams,Chester Au,1096138
2026-07-01T06:06:04.134773,2026-06-30T20:06:05.322331+00:00,71.0,200,bid,WavyWalnuts,AverageAlmonds,1096161
2026-07-01T06:06:05.343792,2026-06-30T20:06:06.533352+00:00,70.8,200,bid,WavyWalnuts,YieldingYams,1096182
2026-07-01T06:06:06.550293,2026-06-30T20:06:07.738139+00:00,70.8,200,bid,WavyWalnuts,YieldingYams,1096210
2026-07-01T06:06:06.965825,2026-06-30T20:06:08.153179+00:00,70.7,100,ask,YieldingYams,Andy Garg,1096215
2026-07-01T06:06:07.942190,2026-06-30T20:06:09.128316+00:00,70.8,25,bid,Andy Garg,YieldingYams,1096231
2026-07-01T06:06:08.107853,2026-06-30T20:06:09.292700+00:00,70.8,30,bid,Andy Garg,YieldingYams,1096238
2026-07-01T06:06:08.964768,2026-06-30T20:06:10.144424+00:00,70.8,200,bid,WavyWalnuts,YieldingYams,1096247
2026-07-01T06:06:10.172750,2026-06-30T20:06:11.355576+00:00,70.8,200,bid,WavyWalnuts,YieldingYams,1096266
2026-07-01T06:06:12.159300,2026-06-30T20:06:13.345346+00:00,70.9,200,ask,WavyWalnuts,YieldingYams,1096294
2026-07-01T06:06:13.469202,2026-06-30T20:06:14.646786+00:00,70.9,200,bid,YieldingYams,WavyWalnuts,1096311
2026-07-01T06:06:13.779937,2026-06-30T20:06:14.964034+00:00,70.9,425,ask,YieldingYams,AverageAlmonds,1096315
2026-07-01T06:06:13.822231,2026-06-30T20:06:15.007560+00:00,70.9,75,bid,WavyWalnuts,AverageAlmonds,1096317
2026-07-01T06:06:13.920992,2026-06-30T20:06:15.105682+00:00,70.9,20,ask,WavyWalnuts,BrilliantBurritos,1096322
2026-07-01T06:06:14.374445,2026-06-30T20:06:15.556100+00:00,70.9,105,ask,WavyWalnuts,AverageAlmonds,1096328
2026-07-01T06:06:14.396863,2026-06-30T20:06:15.577626+00:00,70.9,133,bid,Chester Au,AverageAlmonds,1096331
2026-07-01T06:06:15.038721,2026-06-30T20:06:16.223184+00:00,70.8,200,bid,WavyWalnuts,YieldingYams,1096341
2026-07-01T06:06:16.377105,2026-06-30T20:06:17.556403+00:00,70.8,25,ask,YieldingYams,Andy Garg,1096359
2026-07-01T06:06:16.539214,2026-06-30T20:06:17.720092+00:00,70.8,30,ask,YieldingYams,Andy Garg,1096364
2026-07-01T06:06:18.700743,2026-06-30T20:06:19.884493+00:00,70.9,200,bid,YieldingYams,WavyWalnuts,1096393
2026-07-01T06:06:19.846344,2026-06-30T20:06:21.027279+00:00,71.0,5,bid,Andy Garg,AverageAlmonds,1096415
2026-07-01T06:06:19.879757,2026-06-30T20:06:21.060294+00:00,70.9,200,ask,YieldingYams,WavyWalnuts,1096419
2026-07-01T06:06:19.960722,2026-06-30T20:06:21.137294+00:00,71.0,5,bid,Andy Garg,AverageAlmonds,1096422
2026-07-01T06:06:20.014998,2026-06-30T20:06:21.202235+00:00,70.8,200,ask,WavyWalnuts,YieldingYams,1096424
2026-07-01T06:06:20.014998,2026-06-30T20:06:21.202235+00:00,70.6,425,ask,AverageAlmonds,YieldingYams,1096425
2026-07-01T06:06:20.171486,2026-06-30T20:06:21.355667+00:00,71.0,10,bid,Andy Garg,AverageAlmonds,1096429
2026-07-01T06:06:21.137844,2026-06-30T20:06:22.315951+00:00,70.9,30,bid,Andy Garg,WavyWalnuts,1096447
2026-07-01T06:06:22.636389,2026-06-30T20:06:23.818235+00:00,70.9,200,bid,YieldingYams,WavyWalnuts,1096472
2026-07-01T06:06:23.516244,2026-06-30T20:06:24.693086+00:00,71.0,200,bid,WavyWalnuts,AverageAlmonds,1096482
2026-07-01T06:06:24.095600,2026-06-30T20:06:25.273318+00:00,70.8,20,ask,YieldingYams,BrilliantBurritos,1096494
2026-07-01T06:06:25.954443,2026-06-30T20:06:27.132991+00:00,70.9,200,bid,WavyWalnuts,YieldingYams,1096515
2026-07-01T06:06:26.497960,2026-06-30T20:06:27.679188+00:00,70.9,20,bid,BrilliantBurritos,YieldingYams,1096521
2026-07-01T06:06:30.314557,2026-06-30T20:06:31.494298+00:00,70.8,15,ask,YieldingYams,Andy Garg,1096568
2026-07-01T06:06:30.476519,2026-06-30T20:06:31.655915+00:00,70.8,15,ask,YieldingYams,Andy Garg,1096573
2026-07-01T06:06:30.638662,2026-06-30T20:06:31.820641+00:00,70.8,20,ask,WavyWalnuts,Andy Garg,1096577
2026-07-01T06:06:31.815412,2026-06-30T20:06:33.001533+00:00,70.9,200,bid,YieldingYams,WavyWalnuts,1096601
2026-07-01T06:06:31.838401,2026-06-30T20:06:33.023530+00:00,70.9,53,ask,YieldingYams,Chester Au,1096603
2026-07-01T06:06:32.922993,2026-06-30T20:06:34.106415+00:00,70.9,10,ask,YieldingYams,Zijun Feng,1096622
2026-07-01T06:06:33.769997,2026-06-30T20:06:34.949204+00:00,71.0,15,bid,Andy Garg,YieldingYams,1096635
2026-07-01T06:06:33.931316,2026-06-30T20:06:35.113545+00:00,71.0,5,bid,Andy Garg,YieldingYams,1096637
2026-07-01T06:06:34.042497,2026-06-30T20:06:35.223168+00:00,71.0,10,bid,Andy Garg,YieldingYams,1096641
2026-07-01T06:06:34.429619,2026-06-30T20:06:35.606599+00:00,71.0,200,bid,WavyWalnuts,YieldingYams,1096644
2026-07-01T06:06:38.058717,2026-06-30T20:06:39.237059+00:00,70.9,200,ask,YieldingYams,WavyWalnuts,1096686
2026-07-01T06:06:38.395249,2026-06-30T20:06:39.577526+00:00,70.8,200,ask,WavyWalnuts,YieldingYams,1096691
2026-07-01T06:06:38.395249,2026-06-30T20:06:39.577526+00:00,70.7,425,ask,AverageAlmonds,YieldingYams,1096692
2026-07-01T06:06:39.704381,2026-06-30T20:06:40.890781+00:00,71.0,200,bid,YieldingYams,WavyWalnuts,1096706
2026-07-01T06:06:39.704381,2026-06-30T20:06:40.890781+00:00,71.1,425,bid,YieldingYams,AverageAlmonds,1096707
2026-07-01T06:06:41.020298,2026-06-30T20:06:42.212362+00:00,70.9,200,ask,WavyWalnuts,YieldingYams,1096724
2026-07-01T06:06:42.917953,2026-06-30T20:06:44.097013+00:00,70.9,147,ask,WavyWalnuts,Chester Au,1096745
2026-07-01T06:06:45.315804,2026-06-30T20:06:46.502874+00:00,71.0,200,bid,WavyWalnuts,YieldingYams,1096765
2026-07-01T06:06:46.523107,2026-06-30T20:06:47.709111+00:00,71.1,200,bid,WavyWalnuts,YieldingYams,1096776
2026-07-01T06:06:47.585048,2026-06-30T20:06:48.770584+00:00,71.1,500,bid,YieldingYams,AverageAlmonds,1096794
2026-07-01T06:06:47.718599,2026-06-30T20:06:48.901719+00:00,71.2,125,ask,YieldingYams,AverageAlmonds,1096799
2026-07-01T06:06:47.735822,2026-06-30T20:06:48.912527+00:00,71.1,200,bid,WavyWalnuts,AverageAlmonds,1096800
2026-07-01T06:06:48.396052,2026-06-30T20:06:49.581862+00:00,71.1,20,bid,BrilliantBurritos,AverageAlmonds,1096807
2026-07-01T06:06:48.893748,2026-06-30T20:06:50.073785+00:00,71.1,480,bid,YieldingYams,AverageAlmonds,1096816
2026-07-01T06:06:48.918581,2026-06-30T20:06:50.095785+00:00,71.1,145,ask,YieldingYams,AverageAlmonds,1096817
2026-07-01T06:06:48.999998,2026-06-30T20:06:50.182904+00:00,71.0,10,bid,Andy Garg,WavyWalnuts,1096822
2026-07-01T06:06:49.408299,2026-06-30T20:06:50.591909+00:00,70.8,20,ask,WavyWalnuts,BrilliantBurritos,1096835
2026-07-01T06:06:50.170485,2026-06-30T20:06:51.352620+00:00,70.9,10,bid,Andy Garg,WavyWalnuts,1096852
2026-07-01T06:06:50.201367,2026-06-30T20:06:51.385572+00:00,70.9,190,bid,YieldingYams,WavyWalnuts,1096855
2026-07-01T06:06:51.439044,2026-06-30T20:06:52.622281+00:00,71.0,25,ask,WavyWalnuts,Andy Garg,1096869
2026-07-01T06:06:51.500480,2026-06-30T20:06:52.688295+00:00,71.0,10,ask,WavyWalnuts,Andy Garg,1096873
2026-07-01T06:06:51.516864,2026-06-30T20:06:52.699297+00:00,71.0,165,ask,WavyWalnuts,YieldingYams,1096875
2026-07-01T06:06:51.613106,2026-06-30T20:06:52.797329+00:00,70.7,10,ask,YieldingYams,Andy Garg,1096878
2026-07-01T06:06:52.827078,2026-06-30T20:06:54.008625+00:00,70.8,200,bid,YieldingYams,WavyWalnuts,1096901
2026-07-01T06:06:53.197720,2026-06-30T20:06:54.380685+00:00,71.1,10,bid,Zijun Feng,AverageAlmonds,1096909
2026-07-01T06:06:53.337692,2026-06-30T20:06:54.522718+00:00,71.1,10,bid,Andy Garg,AverageAlmonds,1096910
2026-07-01T06:06:53.784736,2026-06-30T20:06:54.971437+00:00,71.0,425,ask,YieldingYams,AverageAlmonds,1096914
2026-07-01T06:06:54.138952,2026-06-30T20:06:55.321053+00:00,70.9,200,ask,WavyWalnuts,YieldingYams,1096925
2026-07-01T06:06:55.020449,2026-06-30T20:06:56.204091+00:00,70.8,200,bid,WavyWalnuts,YieldingYams,1096939
2026-07-01T06:06:56.568150,2026-06-30T20:06:57.744872+00:00,70.8,15,ask,YieldingYams,Andy Garg,1096959
2026-07-01T06:06:56.759683,2026-06-30T20:06:57.942027+00:00,70.9,200,bid,YieldingYams,WavyWalnuts,1096962
2026-07-01T06:06:57.438822,2026-06-30T20:06:58.621984+00:00,71.0,200,bid,WavyWalnuts,AverageAlmonds,1096970
2026-07-01T06:06:58.637573,2026-06-30T20:06:59.816797+00:00,71.0,50,bid,Chester Au,YieldingYams,1096995
2026-07-01T06:06:58.648969,2026-06-30T20:06:59.827796+00:00,71.0,200,bid,WavyWalnuts,YieldingYams,1096996
2026-07-01T06:06:59.382789,2026-06-30T20:07:00.559875+00:00,71.0,500,bid,YieldingYams,AverageAlmonds,1097015
2026-07-01T06:06:59.838608,2026-06-30T20:07:01.017767+00:00,71.1,125,ask,YieldingYams,AverageAlmonds,1097020
2026-07-01T06:06:59.857177,2026-06-30T20:07:01.039767+00:00,71.0,200,bid,WavyWalnuts,AverageAlmonds,1097021
2026-07-01T06:07:00.691300,2026-06-30T20:07:01.877037+00:00,70.9,500,bid,YieldingYams,AverageAlmonds,1097029
2026-07-01T06:07:01.760388,2026-06-30T20:07:02.946016+00:00,70.9,20,ask,YieldingYams,Andy Garg,1097044
2026-07-01T06:07:01.922781,2026-06-30T20:07:03.099950+00:00,70.9,10,ask,YieldingYams,Andy Garg,1097049
2026-07-01T06:07:02.003626,2026-06-30T20:07:03.187488+00:00,70.9,200,ask,WavyWalnuts,YieldingYams,1097052
2026-07-01T06:07:02.018490,2026-06-30T20:07:03.198003+00:00,70.7,16,bid,Chester Au,YieldingYams,1097054
2026-07-01T06:07:02.289508,2026-06-30T20:07:03.471068+00:00,70.7,200,bid,WavyWalnuts,YieldingYams,1097057
2026-07-01T06:07:03.342588,2026-06-30T20:07:04.524741+00:00,70.8,5,ask,YieldingYams,Andy Garg,1097067
2026-07-01T06:07:03.499832,2026-06-30T20:07:04.678224+00:00,70.8,200,ask,YieldingYams,WavyWalnuts,1097070
2026-07-01T06:07:04.712978,2026-06-30T20:07:05.902547+00:00,70.8,20,bid,BrilliantBurritos,WavyWalnuts,1097092
2026-07-01T06:07:04.964555,2026-06-30T20:07:06.142488+00:00,70.8,20,bid,Andy Garg,WavyWalnuts,1097096
2026-07-01T06:07:05.326768,2026-06-30T20:07:06.514104+00:00,70.8,10,bid,Andy Garg,WavyWalnuts,1097101
2026-07-01T06:07:05.489178,2026-06-30T20:07:06.677275+00:00,70.8,5,bid,Andy Garg,WavyWalnuts,1097108
2026-07-01T06:07:05.935106,2026-06-30T20:07:07.114017+00:00,70.8,500,bid,YieldingYams,AverageAlmonds,1097113
2026-07-01T06:07:05.935106,2026-06-30T20:07:07.114017+00:00,70.8,125,bid,YieldingYams,WavyWalnuts,1097114
2026-07-01T06:07:08.315321,2026-06-30T20:07:09.497976+00:00,70.7,200,ask,WavyWalnuts,AverageAlmonds,1097146
2026-07-01T06:07:08.721168,2026-06-30T20:07:09.903373+00:00,70.6,25,ask,WavyWalnuts,Andy Garg,1097158
2026-07-01T06:07:08.883375,2026-06-30T20:07:10.064995+00:00,70.6,20,ask,WavyWalnuts,Andy Garg,1097162
2026-07-01T06:07:09.046099,2026-06-30T20:07:10.226685+00:00,70.6,25,ask,WavyWalnuts,Andy Garg,1097166
2026-07-01T06:07:10.615823,2026-06-30T20:07:11.801106+00:00,70.7,25,bid,Andy Garg,YieldingYams,1097182
2026-07-01T06:07:10.765751,2026-06-30T20:07:11.943638+00:00,70.7,200,bid,WavyWalnuts,YieldingYams,1097186
2026-07-01T06:07:10.826827,2026-06-30T20:07:12.010340+00:00,70.7,20,bid,Andy Garg,YieldingYams,1097192
2026-07-01T06:07:11.175581,2026-06-30T20:07:12.362175+00:00,70.7,500,bid,YieldingYams,AverageAlmonds,1097199
2026-07-01T06:07:11.362804,2026-06-30T20:07:12.549210+00:00,70.7,125,ask,YieldingYams,AverageAlmonds,1097200
2026-07-01T06:07:11.392196,2026-06-30T20:07:12.571211+00:00,70.7,25,bid,Andy Garg,AverageAlmonds,1097201
2026-07-01T06:07:12.488100,2026-06-30T20:07:13.675115+00:00,70.6,200,ask,WavyWalnuts,YieldingYams,1097215
2026-07-01T06:07:12.509514,2026-06-30T20:07:13.686115+00:00,70.5,5,bid,Andy Garg,YieldingYams,1097217
2026-07-01T06:07:12.896059,2026-06-30T20:07:14.079079+00:00,70.3,10,ask,YieldingYams,Zijun Feng,1097223
2026-07-01T06:07:14.236589,2026-06-30T20:07:15.423554+00:00,70.4,20,ask,WavyWalnuts,BrilliantBurritos,1097245
2026-07-01T06:07:14.281479,2026-06-30T20:07:15.467571+00:00,70.4,5,ask,WavyWalnuts,Andy Garg,1097247
2026-07-01T06:07:15.107279,2026-06-30T20:07:16.289672+00:00,70.4,200,bid,YieldingYams,WavyWalnuts,1097263
2026-07-01T06:07:15.147957,2026-06-30T20:07:16.333672+00:00,70.4,5,ask,YieldingYams,Andy Garg,1097264
2026-07-01T06:07:15.612851,2026-06-30T20:07:16.795263+00:00,70.4,200,ask,YieldingYams,WavyWalnuts,1097270
2026-07-01T06:07:15.714085,2026-06-30T20:07:16.894744+00:00,70.4,25,ask,YieldingYams,Andy Garg,1097276
2026-07-01T06:07:15.875669,2026-06-30T20:07:17.057772+00:00,70.4,20,ask,YieldingYams,Andy Garg,1097279
2026-07-01T06:07:16.037642,2026-06-30T20:07:17.222782+00:00,70.4,20,ask,YieldingYams,Andy Garg,1097285
2026-07-01T06:07:16.422165,2026-06-30T20:07:17.608840+00:00,70.3,500,ask,AverageAlmonds,YieldingYams,1097290
2026-07-01T06:07:17.424504,2026-06-30T20:07:18.603971+00:00,70.3,125,bid,AverageAlmonds,YieldingYams,1097297
2026-07-01T06:07:17.607610,2026-06-30T20:07:18.789985+00:00,70.4,25,bid,Andy Garg,WavyWalnuts,1097301
2026-07-01T06:07:17.968970,2026-06-30T20:07:19.149969+00:00,70.4,25,bid,Andy Garg,WavyWalnuts,1097309
2026-07-01T06:07:19.304837,2026-06-30T20:07:20.487356+00:00,70.4,20,bid,Andy Garg,WavyWalnuts,1097337
2026-07-01T06:07:21.666477,2026-06-30T20:07:22.853494+00:00,70.3,200,ask,WavyWalnuts,YieldingYams,1097369
2026-07-01T06:07:21.666477,2026-06-30T20:07:22.853494+00:00,70.2,425,ask,AverageAlmonds,YieldingYams,1097370
2026-07-01T06:07:22.641253,2026-06-30T20:07:23.827227+00:00,70.2,25,ask,WavyWalnuts,Andy Garg,1097389
2026-07-01T06:07:22.801902,2026-06-30T20:07:23.980026+00:00,70.2,20,ask,WavyWalnuts,Andy Garg,1097392
2026-07-01T06:07:23.013782,2026-06-30T20:07:24.198687+00:00,70.3,55,ask,YieldingYams,Andy Garg,1097397
2026-07-01T06:07:23.501248,2026-06-30T20:07:24.682365+00:00,70.3,10,ask,YieldingYams,Zijun Feng,1097407
2026-07-01T06:07:24.139216,2026-06-30T20:07:25.327815+00:00,70.3,200,ask,YieldingYams,WavyWalnuts,1097418
2026-07-01T06:07:24.286172,2026-06-30T20:07:25.470812+00:00,70.6,500,bid,YieldingYams,AverageAlmonds,1097419
2026-07-01T06:07:24.309712,2026-06-30T20:07:25.492812+00:00,70.6,66,ask,YieldingYams,Chester Au,1097423
2026-07-01T06:07:25.349050,2026-06-30T20:07:26.529115+00:00,70.6,59,ask,YieldingYams,WavyWalnuts,1097442
2026-07-01T06:07:26.337612,2026-06-30T20:07:27.522505+00:00,70.5,35,bid,Andy Garg,WavyWalnuts,1097449
2026-07-01T06:07:26.505686,2026-06-30T20:07:27.687045+00:00,70.5,65,bid,Andy Garg,WavyWalnuts,1097457
2026-07-01T06:07:27.761948,2026-06-30T20:07:28.939672+00:00,70.4,200,bid,WavyWalnuts,YieldingYams,1097486
2026-07-01T06:07:28.055985,2026-06-30T20:07:29.234880+00:00,70.3,10,ask,AverageAlmonds,Zijun Feng,1097489
2026-07-01T06:07:28.235730,2026-06-30T20:07:29.421306+00:00,70.3,490,ask,AverageAlmonds,YieldingYams,1097494
2026-07-01T06:07:28.296698,2026-06-30T20:07:29.476316+00:00,70.3,135,bid,AverageAlmonds,YieldingYams,1097496
2026-07-01T06:07:28.999870,2026-06-30T20:07:30.178409+00:00,70.4,5,ask,WavyWalnuts,Andy Garg,1097509
2026-07-01T06:07:30.096744,2026-06-30T20:07:31.285536+00:00,70.4,10,ask,WavyWalnuts,Zijun Feng,1097523
2026-07-01T06:07:30.208768,2026-06-30T20:07:31.394076+00:00,70.4,200,ask,YieldingYams,WavyWalnuts,1097526
2026-07-01T06:07:31.954206,2026-06-30T20:07:33.140706+00:00,70.4,500,bid,AverageAlmonds,YieldingYams,1097555
2026-07-01T06:07:32.215184,2026-06-30T20:07:33.391814+00:00,70.5,200,bid,YieldingYams,WavyWalnuts,1097556
2026-07-01T06:07:32.499155,2026-06-30T20:07:33.685835+00:00,70.7,20,bid,BrilliantBurritos,YieldingYams,1097560
2026-07-01T06:07:34.850506,2026-06-30T20:07:36.027625+00:00,70.6,15,ask,YieldingYams,Andy Garg,1097581
2026-07-01T06:07:35.060369,2026-06-30T20:07:36.245747+00:00,70.6,200,ask,YieldingYams,WavyWalnuts,1097588
2026-07-01T06:07:36.174998,2026-06-30T20:07:37.352297+00:00,70.7,10,ask,YieldingYams,Andy Garg,1097595
2026-07-01T06:07:36.272773,2026-06-30T20:07:37.451163+00:00,70.7,200,ask,YieldingYams,WavyWalnuts,1097604
2026-07-01T06:07:36.638554,2026-06-30T20:07:37.820113+00:00,70.8,5,bid,Andy Garg,YieldingYams,1097617
2026-07-01T06:07:36.811424,2026-06-30T20:07:37.995594+00:00,70.7,415,ask,YieldingYams,AverageAlmonds,1097621
2026-07-01T06:07:36.819473,2026-06-30T20:07:38.006110+00:00,70.7,10,bid,Andy Garg,AverageAlmonds,1097622
2026-07-01T06:07:36.880791,2026-06-30T20:07:38.061124+00:00,70.7,25,bid,Andy Garg,AverageAlmonds,1097626
2026-07-01T06:07:36.944553,2026-06-30T20:07:38.126641+00:00,70.7,15,bid,Andy Garg,AverageAlmonds,1097631
2026-07-01T06:07:37.003381,2026-06-30T20:07:38.180192+00:00,70.7,10,bid,Andy Garg,AverageAlmonds,1097635
2026-07-01T06:07:37.990531,2026-06-30T20:07:39.175154+00:00,70.7,20,bid,BrilliantBurritos,AverageAlmonds,1097652
2026-07-01T06:07:38.693002,2026-06-30T20:07:39.876062+00:00,70.7,200,bid,WavyWalnuts,YieldingYams,1097662
2026-07-01T06:07:38.776612,2026-06-30T20:07:39.962783+00:00,70.7,500,bid,YieldingYams,AverageAlmonds,1097664
2026-07-01T06:07:39.216645,2026-06-30T20:07:40.398435+00:00,70.7,125,ask,YieldingYams,AverageAlmonds,1097668
2026-07-01T06:07:39.902584,2026-06-30T20:07:41.088122+00:00,70.7,200,bid,WavyWalnuts,AverageAlmonds,1097675
2026-07-01T06:07:40.135383,2026-06-30T20:07:41.317209+00:00,70.3,10,ask,AverageAlmonds,Andy Garg,1097678
2026-07-01T06:07:41.109881,2026-06-30T20:07:42.291750+00:00,70.5,200,bid,WavyWalnuts,YieldingYams,1097703
2026-07-01T06:07:41.405752,2026-06-30T20:07:42.586844+00:00,70.5,15,ask,YieldingYams,Andy Garg,1097707
2026-07-01T06:07:42.321303,2026-06-30T20:07:43.504992+00:00,70.6,200,bid,WavyWalnuts,YieldingYams,1097721
2026-07-01T06:07:42.372675,2026-06-30T20:07:43.559605+00:00,70.5,10,ask,YieldingYams,Andy Garg,1097725
2026-07-01T06:07:42.796963,2026-06-30T20:07:43.974647+00:00,70.6,10,bid,Zijun Feng,AverageAlmonds,1097731
2026-07-01T06:07:43.533186,2026-06-30T20:07:44.718333+00:00,70.5,200,ask,YieldingYams,WavyWalnuts,1097742
2026-07-01T06:07:43.614479,2026-06-30T20:07:44.795418+00:00,70.7,20,bid,BrilliantBurritos,YieldingYams,1097747
2026-07-01T06:07:44.042882,2026-06-30T20:07:45.221405+00:00,70.6,10,bid,Andy Garg,YieldingYams,1097756
2026-07-01T06:07:44.738631,2026-06-30T20:07:45.917960+00:00,70.6,200,bid,WavyWalnuts,YieldingYams,1097767
2026-07-01T06:07:45.337533,2026-06-30T20:07:46.521797+00:00,70.7,500,bid,YieldingYams,AverageAlmonds,1097775
2026-07-01T06:07:45.891574,2026-06-30T20:07:47.073990+00:00,70.7,125,ask,YieldingYams,AverageAlmonds,1097782
2026-07-01T06:07:46.649787,2026-06-30T20:07:47.829964+00:00,70.6,200,ask,WavyWalnuts,YieldingYams,1097792
2026-07-01T06:07:47.474114,2026-06-30T20:07:48.656646+00:00,70.4,10,ask,YieldingYams,Andy Garg,1097806
2026-07-01T06:07:47.586253,2026-06-30T20:07:48.765221+00:00,70.5,20,bid,BrilliantBurritos,WavyWalnuts,1097808
2026-07-01T06:07:49.267519,2026-06-30T20:07:50.447603+00:00,70.5,200,ask,WavyWalnuts,YieldingYams,1097824
2026-07-01T06:07:51.914132,2026-06-30T20:07:53.094898+00:00,70.4,25,bid,Andy Garg,YieldingYams,1097853
2026-07-01T06:07:52.001822,2026-06-30T20:07:53.182705+00:00,70.4,200,bid,WavyWalnuts,YieldingYams,1097859
2026-07-01T06:07:56.086318,2026-06-30T20:07:57.267116+00:00,70.5,20,ask,WavyWalnuts,BrilliantBurritos,1097924
2026-07-01T06:07:57.522651,2026-06-30T20:07:58.706493+00:00,70.6,40,bid,Andy Garg,AverageAlmonds,1097945
2026-07-01T06:07:57.683897,2026-06-30T20:07:58.870486+00:00,70.6,35,bid,Andy Garg,AverageAlmonds,1097948
2026-07-01T06:07:58.440524,2026-06-30T20:07:59.624030+00:00,70.6,500,bid,YieldingYams,AverageAlmonds,1097960
2026-07-01T06:07:58.440524,2026-06-30T20:07:59.624030+00:00,70.6,125,bid,YieldingYams,WavyWalnuts,1097961
2026-07-01T06:07:59.116673,2026-06-30T20:08:00.302160+00:00,70.6,20,bid,BrilliantBurritos,WavyWalnuts,1097969
2026-07-01T06:08:01.061590,2026-06-30T20:08:02.242382+00:00,70.5,200,bid,YieldingYams,WavyWalnuts,1098012
2026-07-01T06:08:01.070247,2026-06-30T20:08:02.253382+00:00,70.6,100,ask,YieldingYams,Andy Garg,1098014
2026-07-01T06:08:01.697564,2026-06-30T20:08:02.878166+00:00,70.6,200,ask,YieldingYams,WavyWalnuts,1098028
2026-07-01T06:08:01.849779,2026-06-30T20:08:03.030230+00:00,70.7,150,bid,Chester Au,YieldingYams,1098033
2026-07-01T06:08:03.641125,2026-06-30T20:08:04.827383+00:00,70.5,10,bid,Zijun Feng,WavyWalnuts,1098049
2026-07-01T06:08:04.676055,2026-06-30T20:08:05.855877+00:00,70.5,15,bid,Andy Garg,YieldingYams,1098063
2026-07-01T06:08:04.836879,2026-06-30T20:08:06.019426+00:00,70.5,10,bid,Andy Garg,YieldingYams,1098067
2026-07-01T06:08:04.990535,2026-06-30T20:08:06.172572+00:00,70.4,200,ask,WavyWalnuts,YieldingYams,1098070
2026-07-01T06:08:05.001301,2026-06-30T20:08:06.183046+00:00,70.4,30,bid,Andy Garg,YieldingYams,1098072
2026-07-01T06:08:05.008272,2026-06-30T20:08:06.193429+00:00,70.4,50,bid,Chester Au,YieldingYams,1098074
2026-07-01T06:08:05.284158,2026-06-30T20:08:06.467921+00:00,70.4,20,bid,BrilliantBurritos,YieldingYams,1098079
2026-07-01T06:08:06.257790,2026-06-30T20:08:07.440042+00:00,70.3,20,ask,YieldingYams,BrilliantBurritos,1098093
2026-07-01T06:08:06.298832,2026-06-30T20:08:07.482644+00:00,70.4,200,bid,YieldingYams,WavyWalnuts,1098094
2026-07-01T06:08:08.942172,2026-06-30T20:08:10.120235+00:00,70.4,200,ask,WavyWalnuts,YieldingYams,1098125
2026-07-01T06:08:09.295352,2026-06-30T20:08:10.482534+00:00,70.4,20,bid,BrilliantBurritos,YieldingYams,1098135
2026-07-01T06:08:09.991680,2026-06-30T20:08:11.172026+00:00,70.3,20,ask,YieldingYams,BrilliantBurritos,1098140
2026-07-01T06:08:11.518325,2026-06-30T20:08:12.703705+00:00,70.4,10,ask,YieldingYams,Andy Garg,1098170
2026-07-01T06:08:11.730566,2026-06-30T20:08:12.912247+00:00,70.3,25,ask,AverageAlmonds,Andy Garg,1098177
2026-07-01T06:08:11.892643,2026-06-30T20:08:13.075747+00:00,70.3,20,ask,AverageAlmonds,Andy Garg,1098181
2026-07-01T06:08:12.612408,2026-06-30T20:08:13.798857+00:00,70.3,200,ask,YieldingYams,WavyWalnuts,1098194
2026-07-01T06:08:13.868989,2026-06-30T20:08:15.045992+00:00,70.4,5,bid,Andy Garg,WavyWalnuts,1098220
2026-07-01T06:08:14.191018,2026-06-30T20:08:15.374564+00:00,70.4,195,bid,YieldingYams,WavyWalnuts,1098223
2026-07-01T06:08:14.590016,2026-06-30T20:08:15.770075+00:00,70.4,50,ask,YieldingYams,Chester Au,1098231
2026-07-01T06:08:15.036906,2026-06-30T20:08:16.216184+00:00,70.5,20,bid,Andy Garg,YieldingYams,1098248
2026-07-01T06:08:15.146611,2026-06-30T20:08:16.324681+00:00,70.5,20,bid,Andy Garg,YieldingYams,1098250
2026-07-01T06:08:15.307928,2026-06-30T20:08:16.488170+00:00,70.5,20,bid,Andy Garg,YieldingYams,1098252
2026-07-01T06:08:16.241585,2026-06-30T20:08:17.419584+00:00,70.4,200,ask,YieldingYams,WavyWalnuts,1098268
2026-07-01T06:08:17.453810,2026-06-30T20:08:18.632949+00:00,70.5,200,ask,YieldingYams,WavyWalnuts,1098283
2026-07-01T06:08:18.540095,2026-06-30T20:08:19.721566+00:00,70.4,20,ask,AverageAlmonds,Andy Garg,1098303
2026-07-01T06:08:18.674507,2026-06-30T20:08:19.852457+00:00,70.4,200,ask,YieldingYams,WavyWalnuts,1098307
2026-07-01T06:08:19.881538,2026-06-30T20:08:21.068326+00:00,70.4,200,bid,WavyWalnuts,YieldingYams,1098321
2026-07-01T06:08:20.753609,2026-06-30T20:08:21.933528+00:00,70.3,500,ask,AverageAlmonds,YieldingYams,1098337
2026-07-01T06:08:20.905847,2026-06-30T20:08:22.086301+00:00,70.2,50,ask,YieldingYams,Chester Au,1098344
2026-07-01T06:08:21.045095,2026-06-30T20:08:22.229371+00:00,70.3,125,bid,AverageAlmonds,YieldingYams,1098347
2026-07-01T06:08:21.070439,2026-06-30T20:08:22.251366+00:00,70.4,45,ask,AverageAlmonds,Andy Garg,1098348
2026-07-01T06:08:21.092562,2026-06-30T20:08:22.273368+00:00,70.4,200,ask,AverageAlmonds,WavyWalnuts,1098351
2026-07-01T06:08:22.039191,2026-06-30T20:08:23.216895+00:00,70.8,40,bid,Andy Garg,AverageAlmonds,1098363
2026-07-01T06:08:22.100082,2026-06-30T20:08:23.282411+00:00,70.7,10,bid,Andy Garg,YieldingYams,1098366
2026-07-01T06:08:22.211880,2026-06-30T20:08:23.391939+00:00,70.7,50,bid,Andy Garg,YieldingYams,1098371
2026-07-01T06:08:22.298928,2026-06-30T20:08:23.478734+00:00,70.5,200,ask,YieldingYams,WavyWalnuts,1098376
2026-07-01T06:08:24.680756,2026-06-30T20:08:25.859382+00:00,70.6,200,ask,WavyWalnuts,YieldingYams,1098404
2026-07-01T06:08:26.437124,2026-06-30T20:08:27.614083+00:00,70.5,10,bid,Zijun Feng,YieldingYams,1098434
2026-07-01T06:08:27.169312,2026-06-30T20:08:28.348648+00:00,70.5,200,bid,WavyWalnuts,YieldingYams,1098448
2026-07-01T06:08:28.232797,2026-06-30T20:08:29.411817+00:00,70.4,20,ask,YieldingYams,BrilliantBurritos,1098462
2026-07-01T06:08:28.377299,2026-06-30T20:08:29.563849+00:00,70.6,200,bid,WavyWalnuts,YieldingYams,1098465
2026-07-01T06:08:29.586225,2026-06-30T20:08:30.768751+00:00,70.6,200,bid,WavyWalnuts,YieldingYams,1098485
2026-07-01T06:08:31.234022,2026-06-30T20:08:32.412393+00:00,70.7,200,bid,YieldingYams,WavyWalnuts,1098512
2026-07-01T06:08:31.367769,2026-06-30T20:08:32.554782+00:00,70.7,425,ask,YieldingYams,AverageAlmonds,1098515
2026-07-01T06:08:32.010198,2026-06-30T20:08:33.188908+00:00,70.7,200,bid,WavyWalnuts,AverageAlmonds,1098525
2026-07-01T06:08:33.220795,2026-06-30T20:08:34.401402+00:00,70.6,200,bid,WavyWalnuts,YieldingYams,1098541
2026-07-01T06:08:33.857407,2026-06-30T20:08:35.037484+00:00,70.7,500,bid,YieldingYams,AverageAlmonds,1098547
2026-07-01T06:08:33.863669,2026-06-30T20:08:35.048484+00:00,70.7,100,ask,YieldingYams,Chester Au,1098548
2026-07-01T06:08:34.377061,2026-06-30T20:08:35.561275+00:00,70.7,25,ask,YieldingYams,AverageAlmonds,1098553
2026-07-01T06:08:35.168620,2026-06-30T20:08:36.349645+00:00,70.6,200,ask,WavyWalnuts,YieldingYams,1098567
2026-07-01T06:08:35.639629,2026-06-30T20:08:36.831425+00:00,70.5,200,bid,WavyWalnuts,YieldingYams,1098576
2026-07-01T06:08:36.480317,2026-06-30T20:08:37.664832+00:00,70.6,500,bid,YieldingYams,AverageAlmonds,1098585
2026-07-01T06:08:36.480317,2026-06-30T20:08:37.664832+00:00,70.7,125,bid,YieldingYams,WavyWalnuts,1098586
2026-07-01T06:08:37.462326,2026-06-30T20:08:38.639038+00:00,70.6,20,bid,BrilliantBurritos,WavyWalnuts,1098611
2026-07-01T06:08:37.793669,2026-06-30T20:08:38.977927+00:00,70.4,200,ask,WavyWalnuts,YieldingYams,1098613
2026-07-01T06:08:37.805351,2026-06-30T20:08:38.988926+00:00,70.4,50,bid,Chester Au,YieldingYams,1098615
2026-07-01T06:08:39.288581,2026-06-30T20:08:40.474671+00:00,70.4,200,ask,YieldingYams,WavyWalnuts,1098644
2026-07-01T06:08:40.352639,2026-06-30T20:08:41.535955+00:00,70.6,20,bid,BrilliantBurritos,YieldingYams,1098653
2026-07-01T06:08:40.458463,2026-06-30T20:08:41.644990+00:00,70.3,150,bid,Chester Au,YieldingYams,1098657
2026-07-01T06:08:40.496152,2026-06-30T20:08:41.677536+00:00,70.3,200,bid,WavyWalnuts,YieldingYams,1098660
2026-07-01T06:08:42.918975,2026-06-30T20:08:44.105941+00:00,70.2,200,ask,YieldingYams,WavyWalnuts,1098694
2026-07-01T06:08:43.143027,2026-06-30T20:08:44.324522+00:00,70.2,20,ask,AverageAlmonds,Andy Garg,1098698
2026-07-01T06:08:44.124808,2026-06-30T20:08:45.301659+00:00,70.3,200,bid,WavyWalnuts,YieldingYams,1098710
2026-07-01T06:08:44.345508,2026-06-30T20:08:45.528308+00:00,70.2,500,ask,AverageAlmonds,YieldingYams,1098711
2026-07-01T06:08:44.916823,2026-06-30T20:08:46.101953+00:00,70.1,20,ask,YieldingYams,Andy Garg,1098718
2026-07-01T06:08:45.288067,2026-06-30T20:08:46.464909+00:00,70.2,125,bid,AverageAlmonds,YieldingYams,1098723
2026-07-01T06:08:45.337673,2026-06-30T20:08:46.518455+00:00,70.2,60,ask,AverageAlmonds,Andy Garg,1098725
2026-07-01T06:08:45.653171,2026-06-30T20:08:46.836363+00:00,70.3,200,bid,YieldingYams,WavyWalnuts,1098732
2026-07-01T06:08:46.543566,2026-06-30T20:08:47.727938+00:00,70.3,200,ask,YieldingYams,WavyWalnuts,1098748
2026-07-01T06:08:47.008618,2026-06-30T20:08:48.185566+00:00,70.4,5,bid,Andy Garg,YieldingYams,1098759
2026-07-01T06:08:48.277929,2026-06-30T20:08:49.463861+00:00,70.4,200,bid,YieldingYams,WavyWalnuts,1098780
2026-07-01T06:08:50.752071,2026-06-30T20:08:51.931538+00:00,70.4,500,ask,YieldingYams,AverageAlmonds,1098812
2026-07-01T06:08:50.900870,2026-06-30T20:08:52.084601+00:00,70.4,200,ask,WavyWalnuts,YieldingYams,1098819
2026-07-01T06:08:50.944752,2026-06-30T20:08:52.128619+00:00,70.3,30,bid,Andy Garg,YieldingYams,1098822
2026-07-01T06:08:51.396172,2026-06-30T20:08:52.579672+00:00,70.3,200,bid,WavyWalnuts,YieldingYams,1098827
2026-07-01T06:08:53.434821,2026-06-30T20:08:54.613157+00:00,70.3,10,ask,YieldingYams,Andy Garg,1098847
2026-07-01T06:08:53.594330,2026-06-30T20:08:54.776706+00:00,70.3,5,ask,WavyWalnuts,Andy Garg,1098850
2026-07-01T06:08:53.805026,2026-06-30T20:08:54.984930+00:00,70.3,20,ask,WavyWalnuts,Andy Garg,1098855
2026-07-01T06:08:53.832024,2026-06-30T20:08:55.017449+00:00,70.4,200,bid,WavyWalnuts,YieldingYams,1098858
2026-07-01T06:08:55.366237,2026-06-30T20:08:56.546327+00:00,70.4,10,bid,Andy Garg,AverageAlmonds,1098887
2026-07-01T06:08:55.527056,2026-06-30T20:08:56.711267+00:00,70.4,15,bid,Andy Garg,AverageAlmonds,1098891
2026-07-01T06:08:56.260421,2026-06-30T20:08:57.446031+00:00,70.3,200,ask,YieldingYams,WavyWalnuts,1098902
2026-07-01T06:08:57.249418,2026-06-30T20:08:58.426392+00:00,70.4,20,bid,Andy Garg,YieldingYams,1098915
2026-07-01T06:08:57.463763,2026-06-30T20:08:58.644446+00:00,70.2,55,bid,Andy Garg,YieldingYams,1098920
2026-07-01T06:08:58.912424,2026-06-30T20:09:00.098228+00:00,70.1,50,ask,YieldingYams,Chester Au,1098951
2026-07-01T06:08:59.895456,2026-06-30T20:09:01.081073+00:00,70.1,200,ask,YieldingYams,WavyWalnuts,1098963
2026-07-01T06:09:00.473946,2026-06-30T20:09:01.659770+00:00,70.1,25,ask,YieldingYams,Andy Garg,1098975
2026-07-01T06:09:00.587802,2026-06-30T20:09:01.769285+00:00,70.1,35,ask,YieldingYams,Andy Garg,1098977
2026-07-01T06:09:01.103346,2026-06-30T20:09:02.281878+00:00,70.1,200,ask,YieldingYams,WavyWalnuts,1098983
2026-07-01T06:09:01.385740,2026-06-30T20:09:02.567907+00:00,70.0,500,ask,AverageAlmonds,YieldingYams,1098990
2026-07-01T06:09:01.385740,2026-06-30T20:09:02.567907+00:00,70.0,125,ask,WavyWalnuts,YieldingYams,1098991
2026-07-01T06:09:01.402882,2026-06-30T20:09:02.589572+00:00,70.0,40,ask,WavyWalnuts,Andy Garg,1098992
2026-07-01T06:09:02.367994,2026-06-30T20:09:03.553035+00:00,70.1,40,bid,Andy Garg,WavyWalnuts,1099004
2026-07-01T06:09:02.687162,2026-06-30T20:09:03.871086+00:00,70.1,50,bid,Andy Garg,WavyWalnuts,1099012
2026-07-01T06:09:02.693697,2026-06-30T20:09:03.882086+00:00,70.1,110,bid,YieldingYams,WavyWalnuts,1099013
2026-07-01T06:09:02.882150,2026-06-30T20:09:04.068891+00:00,70.4,500,ask,YieldingYams,AverageAlmonds,1099020
2026-07-01T06:09:03.047487,2026-06-30T20:09:04.233128+00:00,70.4,15,ask,YieldingYams,BrilliantBurritos,1099024
2026-07-01T06:09:04.020944,2026-06-30T20:09:05.198235+00:00,70.1,10,bid,Andy Garg,WavyWalnuts,1099035
2026-07-01T06:09:05.239113,2026-06-30T20:09:06.423101+00:00,70.0,150,ask,AverageAlmonds,Chester Au,1099055
2026-07-01T06:09:07.404521,2026-06-30T20:09:08.588664+00:00,70.0,5,ask,YieldingYams,Andy Garg,1099093
2026-07-01T06:09:07.566741,2026-06-30T20:09:08.753681+00:00,70.0,45,ask,YieldingYams,Andy Garg,1099097
2026-07-01T06:09:08.369393,2026-06-30T20:09:09.554147+00:00,70.1,200,bid,WavyWalnuts,YieldingYams,1099111
2026-07-01T06:09:09.290768,2026-06-30T20:09:10.473452+00:00,70.1,50,ask,YieldingYams,Andy Garg,1099120
2026-07-01T06:09:09.581437,2026-06-30T20:09:10.758292+00:00,70.1,200,ask,YieldingYams,WavyWalnuts,1099127
2026-07-01T06:09:11.014885,2026-06-30T20:09:12.192645+00:00,70.2,5,bid,Andy Garg,YieldingYams,1099150
2026-07-01T06:09:11.870688,2026-06-30T20:09:13.053588+00:00,70.1,200,ask,WavyWalnuts,YieldingYams,1099163
2026-07-01T06:09:11.870688,2026-06-30T20:09:13.053588+00:00,70.0,425,ask,AverageAlmonds,YieldingYams,1099164
2026-07-01T06:09:12.737994,2026-06-30T20:09:13.915325+00:00,70.2,10,bid,Andy Garg,WavyWalnuts,1099175
2026-07-01T06:09:12.898968,2026-06-30T20:09:14.079516+00:00,70.2,10,bid,Andy Garg,WavyWalnuts,1099181
2026-07-01T06:09:13.060643,2026-06-30T20:09:14.241194+00:00,70.2,20,bid,Andy Garg,WavyWalnuts,1099185
2026-07-01T06:09:14.481081,2026-06-30T20:09:15.658551+00:00,70.1,30,bid,Andy Garg,WavyWalnuts,1099210
2026-07-01T06:09:15.610224,2026-06-30T20:09:16.794144+00:00,70.1,170,bid,AverageAlmonds,WavyWalnuts,1099221
2026-07-01T06:09:15.660115,2026-06-30T20:09:16.848431+00:00,70.1,200,ask,AverageAlmonds,WavyWalnuts,1099224
2026-07-01T06:09:18.079780,2026-06-30T20:09:19.263755+00:00,70.2,200,ask,YieldingYams,WavyWalnuts,1099260
2026-07-01T06:09:19.294342,2026-06-30T20:09:20.479138+00:00,70.2,200,bid,WavyWalnuts,YieldingYams,1099272
2026-07-01T06:09:22.358887,2026-06-30T20:09:23.550000+00:00,70.2,200,ask,WavyWalnuts,YieldingYams,1099316
2026-07-01T06:09:23.666790,2026-06-30T20:09:24.847341+00:00,70.2,200,bid,YieldingYams,WavyWalnuts,1099330
2026-07-01T06:09:24.141540,2026-06-30T20:09:25.327963+00:00,70.3,200,bid,WavyWalnuts,YieldingYams,1099337
2026-07-01T06:09:27.141390,2026-06-30T20:09:28.319677+00:00,70.3,200,ask,WavyWalnuts,AverageAlmonds,1099383
2026-07-01T06:09:28.906792,2026-06-30T20:09:30.084784+00:00,70.3,200,bid,YieldingYams,WavyWalnuts,1099400
2026-07-01T06:09:28.906792,2026-06-30T20:09:30.095785+00:00,70.3,425,bid,YieldingYams,AverageAlmonds,1099401
2026-07-01T06:09:30.197297,2026-06-30T20:09:31.374137+00:00,70.3,200,bid,WavyWalnuts,AverageAlmonds,1099416
2026-07-01T06:09:30.520993,2026-06-30T20:09:31.701421+00:00,70.2,150,bid,Chester Au,YieldingYams,1099424
2026-07-01T06:09:31.409223,2026-06-30T20:09:32.595806+00:00,70.2,200,bid,WavyWalnuts,YieldingYams,1099431
2026-07-01T06:09:31.874895,2026-06-30T20:09:33.062085+00:00,70.2,20,ask,YieldingYams,Andy Garg,1099437
2026-07-01T06:09:31.935674,2026-06-30T20:09:33.128194+00:00,70.2,5,ask,YieldingYams,Andy Garg,1099439
2026-07-01T06:09:32.046047,2026-06-30T20:09:33.226225+00:00,70.2,25,ask,YieldingYams,Andy Garg,1099443
2026-07-01T06:09:32.209296,2026-06-30T20:09:33.390747+00:00,70.2,30,ask,YieldingYams,Andy Garg,1099446
2026-07-01T06:09:34.136896,2026-06-30T20:09:35.313990+00:00,70.2,200,bid,YieldingYams,WavyWalnuts,1099479
2026-07-01T06:09:35.020570,2026-06-30T20:09:36.199806+00:00,70.2,20,ask,YieldingYams,BrilliantBurritos,1099487
2026-07-01T06:09:35.042818,2026-06-30T20:09:36.221806+00:00,70.3,200,bid,WavyWalnuts,AverageAlmonds,1099489
2026-07-01T06:09:35.291624,2026-06-30T20:09:36.472641+00:00,70.3,5,bid,Andy Garg,AverageAlmonds,1099498
2026-07-01T06:09:36.755751,2026-06-30T20:09:37.934757+00:00,70.2,200,ask,WavyWalnuts,YieldingYams,1099513
2026-07-01T06:09:36.761282,2026-06-30T20:09:37.945757+00:00,70.2,15,bid,Andy Garg,YieldingYams,1099514
2026-07-01T06:09:36.777579,2026-06-30T20:09:37.956627+00:00,70.2,50,bid,Chester Au,YieldingYams,1099518
2026-07-01T06:09:37.232313,2026-06-30T20:09:38.417624+00:00,70.0,5,ask,YieldingYams,Andy Garg,1099522
2026-07-01T06:09:37.502105,2026-06-30T20:09:38.679313+00:00,70.1,20,bid,Andy Garg,WavyWalnuts,1099529
2026-07-01T06:09:37.562142,2026-06-30T20:09:38.755073+00:00,70.0,20,ask,YieldingYams,BrilliantBurritos,1099534
2026-07-01T06:09:38.063709,2026-06-30T20:09:39.249480+00:00,70.1,180,bid,YieldingYams,WavyWalnuts,1099539
2026-07-01T06:09:38.515649,2026-06-30T20:09:39.698530+00:00,70.3,20,bid,BrilliantBurritos,AverageAlmonds,1099543
2026-07-01T06:09:38.650553,2026-06-30T20:09:39.829554+00:00,70.2,445,ask,YieldingYams,AverageAlmonds,1099544
2026-07-01T06:09:39.030921,2026-06-30T20:09:40.214299+00:00,70.1,15,ask,WavyWalnuts,Andy Garg,1099551
2026-07-01T06:09:39.198162,2026-06-30T20:09:40.377284+00:00,70.1,20,ask,WavyWalnuts,Andy Garg,1099557
2026-07-01T06:09:39.373992,2026-06-30T20:09:40.552154+00:00,70.1,165,ask,WavyWalnuts,YieldingYams,1099561
2026-07-01T06:09:39.892095,2026-06-30T20:09:41.078838+00:00,70.0,200,bid,WavyWalnuts,YieldingYams,1099569
2026-07-01T06:09:42.281290,2026-06-30T20:09:43.462518+00:00,70.1,5,bid,Andy Garg,WavyWalnuts,1099593
2026-07-01T06:09:43.299027,2026-06-30T20:09:44.481647+00:00,69.9,200,ask,WavyWalnuts,YieldingYams,1099609
2026-07-01T06:09:43.348614,2026-06-30T20:09:44.526147+00:00,69.9,5,bid,Andy Garg,YieldingYams,1099611
2026-07-01T06:09:44.108654,2026-06-30T20:09:45.292759+00:00,69.9,420,bid,AverageAlmonds,YieldingYams,1099623
2026-07-01T06:09:44.368403,2026-06-30T20:09:45.555273+00:00,69.9,5,ask,AverageAlmonds,Andy Garg,1099631
2026-07-01T06:09:44.605163,2026-06-30T20:09:45.784495+00:00,70.0,200,bid,YieldingYams,WavyWalnuts,1099633
2026-07-01T06:09:44.758072,2026-06-30T20:09:45.937319+00:00,70.2,200,ask,YieldingYams,WavyWalnuts,1099638
2026-07-01T06:09:45.837346,2026-06-30T20:09:47.019687+00:00,70.2,5,ask,YieldingYams,Andy Garg,1099653
2026-07-01T06:09:45.966518,2026-06-30T20:09:47.151464+00:00,69.9,200,ask,AverageAlmonds,WavyWalnuts,1099655
2026-07-01T06:09:49.322727,2026-06-30T20:09:50.508697+00:00,70.0,10,ask,WavyWalnuts,Andy Garg,1099703
2026-07-01T06:09:49.484632,2026-06-30T20:09:50.662026+00:00,70.0,10,ask,WavyWalnuts,Andy Garg,1099709
2026-07-01T06:09:49.590400,2026-06-30T20:09:50.771978+00:00,70.0,200,ask,YieldingYams,WavyWalnuts,1099715
2026-07-01T06:09:50.798394,2026-06-30T20:09:51.979681+00:00,70.0,200,ask,YieldingYams,WavyWalnuts,1099728
2026-07-01T06:09:51.423831,2026-06-30T20:09:52.605654+00:00,70.0,10,bid,Zijun Feng,YieldingYams,1099736
2026-07-01T06:09:52.008195,2026-06-30T20:09:53.194625+00:00,69.9,200,ask,YieldingYams,WavyWalnuts,1099746
2026-07-01T06:09:53.219835,2026-06-30T20:09:54.400459+00:00,69.9,200,ask,YieldingYams,WavyWalnuts,1099761
2026-07-01T06:09:53.460854,2026-06-30T20:09:54.641402+00:00,70.0,10,bid,Zijun Feng,YieldingYams,1099768
2026-07-01T06:09:55.503735,2026-06-30T20:09:56.731247+00:00,70.0,10,bid,Zijun Feng,WavyWalnuts,1099794
2026-07-01T06:09:55.641351,2026-06-30T20:09:56.884190+00:00,69.8,200,ask,YieldingYams,WavyWalnuts,1099795
2026-07-01T06:09:55.692190,2026-06-30T20:09:56.939180+00:00,69.8,20,ask,YieldingYams,BrilliantBurritos,1099799
2026-07-01T06:09:56.416258,2026-06-30T20:09:57.625199+00:00,69.9,500,ask,AverageAlmonds,YieldingYams,1099811
2026-07-01T06:09:56.819858,2026-06-30T20:09:58.006573+00:00,69.8,125,bid,AverageAlmonds,YieldingYams,1099814
2026-07-01T06:09:56.850212,2026-06-30T20:09:58.039562+00:00,69.8,200,ask,AverageAlmonds,WavyWalnuts,1099815
2026-07-01T06:09:56.910797,2026-06-30T20:09:58.105562+00:00,69.8,20,ask,AverageAlmonds,BrilliantBurritos,1099820
2026-07-01T06:09:57.749957,2026-06-30T20:09:58.952759+00:00,70.1,45,ask,YieldingYams,Andy Garg,1099827
2026-07-01T06:09:58.062271,2026-06-30T20:09:59.268376+00:00,70.1,200,ask,YieldingYams,WavyWalnuts,1099838
2026-07-01T06:09:59.075165,2026-06-30T20:10:00.271798+00:00,70.1,10,bid,Zijun Feng,YieldingYams,1099862
2026-07-01T06:09:59.734340,2026-06-30T20:10:00.949797+00:00,70.0,25,bid,Andy Garg,WavyWalnuts,1099871
2026-07-01T06:09:59.947083,2026-06-30T20:10:01.146334+00:00,70.0,20,bid,Andy Garg,WavyWalnuts,1099874
2026-07-01T06:10:00.108590,2026-06-30T20:10:01.320932+00:00,70.0,25,bid,Andy Garg,WavyWalnuts,1099877
2026-07-01T06:10:00.483317,2026-06-30T20:10:01.691735+00:00,70.0,200,bid,WavyWalnuts,YieldingYams,1099886
2026-07-01T06:10:01.707044,2026-06-30T20:10:02.927448+00:00,69.9,15,ask,YieldingYams,Andy Garg,1099901
2026-07-01T06:10:01.860173,2026-06-30T20:10:03.058537+00:00,69.9,20,ask,YieldingYams,Andy Garg,1099909
2026-07-01T06:10:02.979330,2026-06-30T20:10:04.190925+00:00,70.0,20,ask,WavyWalnuts,Andy Garg,1099928
2026-07-01T06:10:03.296451,2026-06-30T20:10:04.508016+00:00,70.0,20,ask,WavyWalnuts,Andy Garg,1099931
2026-07-01T06:10:03.648387,2026-06-30T20:10:04.853162+00:00,70.1,10,bid,Zijun Feng,WavyWalnuts,1099936
2026-07-01T06:10:03.660392,2026-06-30T20:10:04.864162+00:00,70.0,25,ask,WavyWalnuts,Andy Garg,1099937
2026-07-01T06:10:05.577954,2026-06-30T20:10:06.780685+00:00,70.1,500,bid,YieldingYams,AverageAlmonds,1099964
2026-07-01T06:10:05.577954,2026-06-30T20:10:06.780685+00:00,70.1,125,bid,YieldingYams,WavyWalnuts,1099965
2026-07-01T06:10:06.944605,2026-06-30T20:10:08.148508+00:00,70.1,20,bid,Andy Garg,WavyWalnuts,1099985
2026-07-01T06:10:07.055650,2026-06-30T20:10:08.257269+00:00,70.1,35,bid,Andy Garg,WavyWalnuts,1099988
2026-07-01T06:10:08.210003,2026-06-30T20:10:09.393738+00:00,70.1,10,bid,Zijun Feng,WavyWalnuts,1100006
2026-07-01T06:10:08.576896,2026-06-30T20:10:09.754291+00:00,70.1,45,bid,Andy Garg,WavyWalnuts,1100010
2026-07-01T06:10:09.520030,2026-06-30T20:10:10.705330+00:00,69.9,20,ask,WavyWalnuts,BrilliantBurritos,1100031
2026-07-01T06:10:12.119375,2026-06-30T20:10:13.298707+00:00,70.0,200,ask,WavyWalnuts,YieldingYams,1100065
2026-07-01T06:10:12.119375,2026-06-30T20:10:13.298707+00:00,69.8,425,ask,AverageAlmonds,YieldingYams,1100066
2026-07-01T06:10:12.299235,2026-06-30T20:10:13.484701+00:00,70.1,10,bid,Zijun Feng,WavyWalnuts,1100069
2026-07-01T06:10:15.658198,2026-06-30T20:10:16.844168+00:00,70.0,25,ask,WavyWalnuts,Andy Garg,1100110
2026-07-01T06:10:16.663119,2026-06-30T20:10:17.841295+00:00,70.1,20,bid,BrilliantBurritos,WavyWalnuts,1100125
2026-07-01T06:10:20.225795,2026-06-30T20:10:21.408256+00:00,70.1,20,bid,BrilliantBurritos,WavyWalnuts,1100175
2026-07-01T06:10:20.755025,2026-06-30T20:10:21.934808+00:00,70.1,25,bid,Andy Garg,WavyWalnuts,1100182
2026-07-01T06:10:20.866499,2026-06-30T20:10:22.054812+00:00,70.1,5,bid,Andy Garg,WavyWalnuts,1100186
2026-07-01T06:10:21.095649,2026-06-30T20:10:22.284960+00:00,70.1,20,bid,Andy Garg,WavyWalnuts,1100192
2026-07-01T06:10:21.274591,2026-06-30T20:10:22.461434+00:00,70.2,500,bid,YieldingYams,AverageAlmonds,1100199
2026-07-01T06:10:21.274591,2026-06-30T20:10:22.461434+00:00,70.2,125,bid,YieldingYams,WavyWalnuts,1100200
2026-07-01T06:10:22.349504,2026-06-30T20:10:23.530350+00:00,70.2,200,bid,WavyWalnuts,AverageAlmonds,1100220
2026-07-01T06:10:22.976395,2026-06-30T20:10:24.158506+00:00,69.9,20,ask,YieldingYams,Andy Garg,1100230
2026-07-01T06:10:25.983437,2026-06-30T20:10:27.168982+00:00,70.0,200,bid,WavyWalnuts,YieldingYams,1100265
2026-07-01T06:10:27.196358,2026-06-30T20:10:28.375544+00:00,70.0,200,ask,YieldingYams,WavyWalnuts,1100277
2026-07-01T06:10:28.160957,2026-06-30T20:10:29.346737+00:00,70.0,20,ask,YieldingYams,BrilliantBurritos,1100285
2026-07-01T06:10:29.013171,2026-06-30T20:10:30.192695+00:00,70.0,10,ask,YieldingYams,Zijun Feng,1100294
2026-07-01T06:10:29.123089,2026-06-30T20:10:30.301749+00:00,70.1,200,bid,YieldingYams,WavyWalnuts,1100297
2026-07-01T06:10:29.123089,2026-06-30T20:10:30.301749+00:00,70.1,425,bid,YieldingYams,AverageAlmonds,1100298
2026-07-01T06:10:29.608813,2026-06-30T20:10:30.794905+00:00,70.1,200,bid,WavyWalnuts,AverageAlmonds,1100303
2026-07-01T06:10:29.685550,2026-06-30T20:10:30.870673+00:00,70.1,20,bid,BrilliantBurritos,AverageAlmonds,1100305
2026-07-01T06:10:30.767180,2026-06-30T20:10:31.949560+00:00,70.0,500,ask,YieldingYams,AverageAlmonds,1100323
2026-07-01T06:10:30.817370,2026-06-30T20:10:32.003996+00:00,70.1,200,bid,WavyWalnuts,YieldingYams,1100327
2026-07-01T06:10:31.401154,2026-06-30T20:10:32.583541+00:00,70.0,125,ask,YieldingYams,AverageAlmonds,1100333
2026-07-01T06:10:31.746138,2026-06-30T20:10:32.932650+00:00,69.8,30,bid,Andy Garg,YieldingYams,1100336
2026-07-01T06:10:32.031472,2026-06-30T20:10:33.215359+00:00,69.8,200,bid,WavyWalnuts,YieldingYams,1100341
2026-07-01T06:10:33.256342,2026-06-30T20:10:34.442318+00:00,69.8,200,ask,YieldingYams,WavyWalnuts,1100366
2026-07-01T06:10:33.763149,2026-06-30T20:10:34.944770+00:00,69.9,20,bid,BrilliantBurritos,AverageAlmonds,1100374
2026-07-01T06:10:34.882051,2026-06-30T20:10:36.062563+00:00,69.7,15,ask,WavyWalnuts,Andy Garg,1100390
2026-07-01T06:10:35.042948,2026-06-30T20:10:36.227581+00:00,69.7,20,ask,WavyWalnuts,Andy Garg,1100394
2026-07-01T06:10:35.635193,2026-06-30T20:10:36.818420+00:00,69.7,10,ask,WavyWalnuts,Zijun Feng,1100407
2026-07-01T06:10:35.681760,2026-06-30T20:10:36.862442+00:00,69.7,200,bid,YieldingYams,WavyWalnuts,1100411
2026-07-01T06:10:36.993454,2026-06-30T20:10:38.171839+00:00,69.8,200,ask,WavyWalnuts,YieldingYams,1100427
2026-07-01T06:10:38.572491,2026-06-30T20:10:39.754647+00:00,69.8,10,bid,Andy Garg,AverageAlmonds,1100451
2026-07-01T06:10:39.613011,2026-06-30T20:10:40.794159+00:00,69.8,500,bid,YieldingYams,AverageAlmonds,1100462
2026-07-01T06:10:39.865618,2026-06-30T20:10:41.044081+00:00,69.8,125,ask,YieldingYams,AverageAlmonds,1100467
2026-07-01T06:10:40.545435,2026-06-30T20:10:41.724812+00:00,69.7,5,bid,Andy Garg,WavyWalnuts,1100482
2026-07-01T06:10:40.883909,2026-06-30T20:10:42.062806+00:00,69.7,20,bid,BrilliantBurritos,WavyWalnuts,1100486
2026-07-01T06:10:41.764249,2026-06-30T20:10:42.946223+00:00,69.6,15,bid,Andy Garg,WavyWalnuts,1100497
2026-07-01T06:10:41.878155,2026-06-30T20:10:43.063867+00:00,69.5,5,ask,YieldingYams,Andy Garg,1100502
2026-07-01T06:10:42.038724,2026-06-30T20:10:43.225936+00:00,69.5,25,ask,YieldingYams,Andy Garg,1100507
2026-07-01T06:10:44.150029,2026-06-30T20:10:45.332984+00:00,69.5,200,bid,WavyWalnuts,YieldingYams,1100531
2026-07-01T06:10:44.849220,2026-06-30T20:10:46.033209+00:00,69.4,500,ask,AverageAlmonds,YieldingYams,1100543
2026-07-01T06:10:45.359406,2026-06-30T20:10:46.545577+00:00,69.4,125,bid,WavyWalnuts,YieldingYams,1100549
2026-07-01T06:10:46.571284,2026-06-30T20:10:47.756543+00:00,69.5,200,ask,YieldingYams,WavyWalnuts,1100566
2026-07-01T06:10:47.491697,2026-06-30T20:10:48.676598+00:00,69.6,5,bid,Andy Garg,YieldingYams,1100582
2026-07-01T06:10:47.804844,2026-06-30T20:10:48.982122+00:00,69.5,10,bid,Andy Garg,WavyWalnuts,1100588
2026-07-01T06:10:48.776981,2026-06-30T20:10:49.954802+00:00,69.4,200,ask,WavyWalnuts,YieldingYams,1100604
2026-07-01T06:10:48.822051,2026-06-30T20:10:50.009802+00:00,69.4,10,bid,Andy Garg,YieldingYams,1100606
2026-07-01T06:10:50.086124,2026-06-30T20:10:51.265465+00:00,69.4,200,bid,YieldingYams,WavyWalnuts,1100631
