timestamp,recv_time,price,volume,aggressor_side,buyer,seller,trade_id
2026-07-02T11:00:02.509883,2026-07-02T11:00:02.521668+00:00,112.6,20,bid,,,4002051
2026-07-02T11:00:04.489903,2026-07-02T11:00:04.497507+00:00,112.5,200,bid,,,4002092
2026-07-02T11:00:04.801905,2026-07-02T11:00:04.808962+00:00,112.5,20,ask,,,4002104
2026-07-02T11:00:05.785803,2026-07-02T11:00:05.795990+00:00,112.5,200,ask,,,4002132
2026-07-02T11:00:06.991695,2026-07-02T11:00:07.003792+00:00,112.4,200,bid,,,4002159
2026-07-02T11:00:07.847252,2026-07-02T11:00:07.850987+00:00,112.3,23,ask,,,4002177
2026-07-02T11:00:08.213750,2026-07-02T11:00:08.217691+00:00,112.4,11,ask,,,4002182
2026-07-02T11:00:08.269073,2026-07-02T11:00:08.281037+00:00,112.4,6,ask,,,4002183
2026-07-02T11:00:10.188416,2026-07-02T11:00:10.197503+00:00,112.5,2,bid,,,4002210
2026-07-02T11:00:10.188416,2026-07-02T11:00:10.197503+00:00,112.5,18,bid,,,4002211
2026-07-02T11:00:10.616996,2026-07-02T11:00:10.627833+00:00,112.5,10,bid,,,4002220
2026-07-02T11:00:11.058069,2026-07-02T11:00:11.085270+00:00,112.5,190,ask,,,4002229
2026-07-02T11:00:11.076886,2026-07-02T11:00:11.085270+00:00,112.5,11,bid,,,4002233
2026-07-02T11:00:11.687919,2026-07-02T11:00:11.695346+00:00,112.3,5,ask,,,4002247
2026-07-02T11:00:11.825360,2026-07-02T11:00:11.835612+00:00,112.5,200,bid,,,4002258
2026-07-02T11:00:13.035398,2026-07-02T11:00:13.045221+00:00,112.6,5,bid,,,4002281
2026-07-02T11:00:13.035398,2026-07-02T11:00:13.045221+00:00,112.6,195,bid,,,4002282
2026-07-02T11:00:13.686645,2026-07-02T11:00:13.695417+00:00,112.5,7,bid,,,4002304
2026-07-02T11:00:14.510997,2026-07-02T11:00:14.514922+00:00,112.6,6,bid,,,4002314
2026-07-02T11:00:14.680429,2026-07-02T11:00:14.683957+00:00,112.6,6,bid,,,4002321
2026-07-02T11:00:14.999408,2026-07-02T11:00:15.008945+00:00,112.6,6,bid,,,4002331
2026-07-02T11:00:16.007989,2026-07-02T11:00:16.017284+00:00,112.7,200,ask,,,4002362
2026-07-02T11:00:17.877410,2026-07-02T11:00:17.885277+00:00,112.6,200,ask,,,4002391
2026-07-02T11:00:19.083459,2026-07-02T11:00:19.090147+00:00,112.5,200,ask,,,4002431
2026-07-02T11:00:20.132446,2026-07-02T11:00:20.144073+00:00,112.7,3,bid,,,4002453
2026-07-02T11:00:20.132446,2026-07-02T11:00:20.144073+00:00,112.7,17,bid,,,4002454
2026-07-02T11:00:20.304532,2026-07-02T11:00:20.309931+00:00,112.5,11,bid,,,4002466
2026-07-02T11:00:21.500911,2026-07-02T11:00:21.511609+00:00,112.4,200,ask,,,4002499
2026-07-02T11:00:23.174772,2026-07-02T11:00:23.186198+00:00,112.6,20,bid,,,4002540
2026-07-02T11:00:25.140363,2026-07-02T11:00:25.146849+00:00,112.6,8,bid,,,4002561
2026-07-02T11:00:25.140363,2026-07-02T11:00:25.158624+00:00,112.6,192,bid,,,4002562
2026-07-02T11:00:33.624695,2026-07-02T11:00:33.632058+00:00,112.4,200,ask,,,4002739
2026-07-02T11:00:34.341320,2026-07-02T11:00:34.349112+00:00,112.4,20,ask,,,4002755
2026-07-02T11:00:36.019500,2026-07-02T11:00:36.026348+00:00,112.4,200,bid,,,4002782
2026-07-02T11:00:37.334579,2026-07-02T11:00:37.342790+00:00,112.4,500,ask,,,4002825
2026-07-02T11:00:37.787962,2026-07-02T11:00:37.796056+00:00,112.4,125,bid,,,4002827
2026-07-02T11:00:38.399768,2026-07-02T11:00:38.409456+00:00,112.5,200,bid,,,4002834
2026-07-02T11:00:40.202412,2026-07-02T11:00:40.211821+00:00,112.6,200,bid,,,4002863
2026-07-02T11:00:40.202412,2026-07-02T11:00:40.211821+00:00,112.6,300,bid,,,4002864
2026-07-02T11:00:40.800702,2026-07-02T11:00:40.811005+00:00,112.6,325,bid,,,4002877
2026-07-02T11:00:40.837536,2026-07-02T11:00:40.841351+00:00,112.6,11,ask,,,4002883
2026-07-02T11:00:41.279500,2026-07-02T11:00:41.283163+00:00,112.7,12,ask,,,4002887
2026-07-02T11:00:44.497679,2026-07-02T11:00:44.505716+00:00,112.9,4,bid,,,4002953
2026-07-02T11:00:44.497679,2026-07-02T11:00:44.505716+00:00,112.9,196,bid,,,4002954
2026-07-02T11:00:45.711323,2026-07-02T11:00:45.719777+00:00,112.9,200,bid,,,4002978
2026-07-02T11:00:46.919249,2026-07-02T11:00:46.926733+00:00,113.0,4,bid,,,4003011
2026-07-02T11:00:46.919249,2026-07-02T11:00:46.932132+00:00,113.1,196,bid,,,4003012
2026-07-02T11:00:49.137220,2026-07-02T11:00:49.144857+00:00,113.1,200,ask,,,4003062
2026-07-02T11:00:52.175779,2026-07-02T11:00:52.179647+00:00,113.0,23,ask,,,4003123
2026-07-02T11:00:53.085650,2026-07-02T11:00:53.095360+00:00,113.1,200,bid,,,4003136
2026-07-02T11:00:54.184709,2026-07-02T11:00:54.196062+00:00,113.1,200,ask,,,4003150
2026-07-02T11:00:57.814607,2026-07-02T11:00:57.821842+00:00,113.1,200,bid,,,4003209
2026-07-02T11:00:59.044618,2026-07-02T11:00:59.048768+00:00,113.0,11,ask,,,4003231
2026-07-02T11:00:59.649267,2026-07-02T11:00:59.658570+00:00,113.0,189,ask,,,4003239
2026-07-02T11:01:00.238519,2026-07-02T11:01:00.249933+00:00,112.9,200,bid,,,4003257
2026-07-02T11:01:06.209024,2026-07-02T11:01:06.219769+00:00,113.1,200,bid,,,4003386
2026-07-02T11:01:06.209024,2026-07-02T11:01:06.219769+00:00,113.1,425,bid,,,4003387
2026-07-02T11:01:06.285816,2026-07-02T11:01:06.290028+00:00,113.0,11,bid,,,4003393
2026-07-02T11:01:06.291442,2026-07-02T11:01:06.305694+00:00,113.0,200,bid,,,4003394
2026-07-02T11:01:07.501900,2026-07-02T11:01:07.512190+00:00,113.0,200,bid,,,4003425
2026-07-02T11:01:08.713994,2026-07-02T11:01:08.721322+00:00,113.0,200,bid,,,4003447
2026-07-02T11:01:09.278074,2026-07-02T11:01:09.284875+00:00,112.9,500,ask,,,4003452
2026-07-02T11:01:09.871648,2026-07-02T11:01:09.879303+00:00,112.9,125,ask,,,4003472
2026-07-02T11:01:09.908358,2026-07-02T11:01:09.912439+00:00,112.9,23,bid,,,4003478
2026-07-02T11:01:09.930609,2026-07-02T11:01:09.941427+00:00,112.9,200,bid,,,4003482
2026-07-02T11:01:10.137224,2026-07-02T11:01:10.145960+00:00,112.9,152,bid,,,4003484
2026-07-02T11:01:10.473454,2026-07-02T11:01:10.481395+00:00,113.0,473,ask,,,4003494
2026-07-02T11:01:11.141739,2026-07-02T11:01:11.152793+00:00,112.9,200,bid,,,4003509
2026-07-02T11:01:11.448380,2026-07-02T11:01:11.455066+00:00,112.8,8,ask,,,4003512
2026-07-02T11:01:11.468938,2026-07-02T11:01:11.472699+00:00,112.6,22,bid,,,4003517
2026-07-02T11:01:12.354553,2026-07-02T11:01:12.356675+00:00,112.6,200,bid,,,4003543
2026-07-02T11:01:12.949977,2026-07-02T11:01:12.953666+00:00,112.6,10,ask,,,4003561
2026-07-02T11:01:13.570132,2026-07-02T11:01:13.579607+00:00,112.7,200,bid,,,4003576
2026-07-02T11:01:14.333483,2026-07-02T11:01:14.337712+00:00,112.6,3,ask,,,4003592
2026-07-02T11:01:14.344619,2026-07-02T11:01:14.349164+00:00,112.5,20,ask,,,4003594
2026-07-02T11:01:14.735624,2026-07-02T11:01:14.739247+00:00,112.6,2,ask,,,4003603
2026-07-02T11:01:14.782909,2026-07-02T11:01:14.793006+00:00,112.7,200,bid,,,4003604
2026-07-02T11:01:14.820909,2026-07-02T11:01:14.824629+00:00,112.6,2,ask,,,4003607
2026-07-02T11:01:15.400087,2026-07-02T11:01:15.403962+00:00,112.7,19,ask,,,4003617
2026-07-02T11:01:16.692722,2026-07-02T11:01:16.700850+00:00,112.7,200,ask,,,4003650
2026-07-02T11:01:17.200375,2026-07-02T11:01:17.211540+00:00,112.7,200,bid,,,4003664
2026-07-02T11:01:17.449445,2026-07-02T11:01:17.468773+00:00,112.7,11,bid,,,4003676
2026-07-02T11:01:18.410747,2026-07-02T11:01:18.418767+00:00,112.8,200,ask,,,4003696
2026-07-02T11:01:19.041751,2026-07-02T11:01:19.048472+00:00,113.0,4,bid,,,4003713
2026-07-02T11:01:19.041751,2026-07-02T11:01:19.048472+00:00,113.0,16,bid,,,4003714
2026-07-02T11:01:19.617190,2026-07-02T11:01:19.628108+00:00,112.7,200,bid,,,4003732
2026-07-02T11:01:21.662370,2026-07-02T11:01:21.669109+00:00,112.7,20,bid,,,4003766
2026-07-02T11:01:23.777355,2026-07-02T11:01:23.781668+00:00,112.7,12,bid,,,4003824
2026-07-02T11:01:27.183045,2026-07-02T11:01:27.191867+00:00,112.7,200,bid,,,4003915
2026-07-02T11:01:27.445993,2026-07-02T11:01:27.455085+00:00,112.7,425,ask,,,4003925
2026-07-02T11:01:30.106673,2026-07-02T11:01:30.110494+00:00,112.7,23,bid,,,4003991
2026-07-02T11:01:30.229058,2026-07-02T11:01:30.237456+00:00,112.7,20,bid,,,4003994
2026-07-02T11:01:31.095274,2026-07-02T11:01:31.132229+00:00,112.6,200,ask,,,4004014
2026-07-02T11:01:31.121271,2026-07-02T11:01:31.132229+00:00,112.6,300,bid,,,4004017
2026-07-02T11:01:31.688885,2026-07-02T11:01:31.700320+00:00,112.6,325,ask,,,4004029
2026-07-02T11:01:31.701977,2026-07-02T11:01:31.705627+00:00,112.6,11,bid,,,4004030
2026-07-02T11:01:32.431995,2026-07-02T11:01:32.440509+00:00,112.5,4,ask,,,4004058
2026-07-02T11:01:32.431995,2026-07-02T11:01:32.440509+00:00,112.5,200,ask,,,4004059
2026-07-02T11:01:32.451008,2026-07-02T11:01:32.454421+00:00,112.3,3,bid,,,4004061
2026-07-02T11:01:32.966686,2026-07-02T11:01:32.975910+00:00,112.3,200,bid,,,4004073
2026-07-02T11:01:35.055421,2026-07-02T11:01:35.069163+00:00,112.2,7,ask,,,4004119
2026-07-02T11:01:35.055421,2026-07-02T11:01:35.069163+00:00,112.2,500,ask,,,4004120
2026-07-02T11:01:35.055421,2026-07-02T11:01:35.069163+00:00,112.1,118,ask,,,4004121
2026-07-02T11:01:37.673470,2026-07-02T11:01:37.683694+00:00,112.2,200,ask,,,4004179
2026-07-02T11:01:37.673470,2026-07-02T11:01:37.683694+00:00,112.2,4,ask,,,4004180
2026-07-02T11:01:37.799363,2026-07-02T11:01:37.808272+00:00,112.2,200,bid,,,4004185
2026-07-02T11:01:38.348699,2026-07-02T11:01:38.352469+00:00,112.2,221,bid,,,4004195
2026-07-02T11:01:39.016271,2026-07-02T11:01:39.026361+00:00,112.3,200,ask,,,4004205
2026-07-02T11:01:40.313638,2026-07-02T11:01:40.323217+00:00,112.4,200,ask,,,4004238
2026-07-02T11:01:40.313638,2026-07-02T11:01:40.323217+00:00,112.3,425,ask,,,4004239
2026-07-02T11:01:41.429481,2026-07-02T11:01:41.436498+00:00,112.4,200,ask,,,4004262
2026-07-02T11:01:41.624279,2026-07-02T11:01:41.635334+00:00,112.4,300,ask,,,4004264
2026-07-02T11:01:42.162860,2026-07-02T11:01:42.173687+00:00,112.4,20,bid,,,4004279
2026-07-02T11:01:43.713439,2026-07-02T11:01:43.725190+00:00,112.3,3,ask,,,4004306
2026-07-02T11:01:43.713439,2026-07-02T11:01:43.725190+00:00,112.3,17,ask,,,4004307
2026-07-02T11:01:49.134746,2026-07-02T11:01:49.139668+00:00,112.2,1,ask,,,4004436
2026-07-02T11:01:49.134746,2026-07-02T11:01:49.139668+00:00,112.2,2,ask,,,4004437
2026-07-02T11:01:49.886553,2026-07-02T11:01:49.895008+00:00,112.2,8,ask,,,4004460
2026-07-02T11:01:49.886553,2026-07-02T11:01:49.895008+00:00,112.2,192,ask,,,4004461
2026-07-02T11:01:51.671878,2026-07-02T11:01:51.685128+00:00,112.2,20,bid,,,4004505
2026-07-02T11:01:52.124668,2026-07-02T11:01:52.136306+00:00,112.2,200,bid,,,4004518
2026-07-02T11:01:52.303539,2026-07-02T11:01:52.312237+00:00,112.2,200,ask,,,4004522
2026-07-02T11:01:53.477895,2026-07-02T11:01:53.481971+00:00,112.2,1,bid,,,4004553
2026-07-02T11:01:53.511718,2026-07-02T11:01:53.518789+00:00,112.2,200,bid,,,4004556
2026-07-02T11:01:54.730997,2026-07-02T11:01:54.738352+00:00,112.2,200,bid,,,4004587
2026-07-02T11:01:56.064667,2026-07-02T11:01:56.074590+00:00,112.2,200,bid,,,4004622
2026-07-02T11:01:57.127494,2026-07-02T11:01:57.138727+00:00,112.4,20,bid,,,4004643
2026-07-02T11:01:58.709117,2026-07-02T11:01:58.713674+00:00,112.3,2,bid,,,4004681
2026-07-02T11:01:59.574020,2026-07-02T11:01:59.584298+00:00,112.3,200,bid,,,4004709
2026-07-02T11:02:01.798111,2026-07-02T11:02:01.802081+00:00,112.4,3,bid,,,4004759
2026-07-02T11:02:01.905308,2026-07-02T11:02:01.917103+00:00,112.4,25,bid,,,4004763
2026-07-02T11:02:02.115156,2026-07-02T11:02:02.121941+00:00,112.4,25,bid,,,4004770
2026-07-02T11:02:02.324899,2026-07-02T11:02:02.331731+00:00,112.4,25,bid,,,4004776
2026-07-02T11:02:02.538447,2026-07-02T11:02:02.549328+00:00,112.4,6,bid,,,4004789
2026-07-02T11:02:05.240673,2026-07-02T11:02:05.263382+00:00,112.4,200,bid,,,4004863
2026-07-02T11:02:05.259827,2026-07-02T11:02:05.263382+00:00,112.4,3,ask,,,4004866
2026-07-02T11:02:06.840377,2026-07-02T11:02:06.849836+00:00,112.4,200,bid,,,4004896
2026-07-02T11:02:06.944917,2026-07-02T11:02:06.956487+00:00,112.4,20,bid,,,4004897
2026-07-02T11:02:08.049705,2026-07-02T11:02:08.058590+00:00,112.3,200,ask,,,4004931
2026-07-02T11:02:09.275062,2026-07-02T11:02:09.278646+00:00,112.2,3,bid,,,4004949
2026-07-02T11:02:10.494124,2026-07-02T11:02:10.502696+00:00,112.2,200,bid,,,4004982
2026-07-02T11:02:14.454839,2026-07-02T11:02:14.458566+00:00,112.1,2,ask,,,4005073
2026-07-02T11:02:14.454839,2026-07-02T11:02:14.458566+00:00,112.1,500,ask,,,4005074
2026-07-02T11:02:14.485007,2026-07-02T11:02:14.488343+00:00,112.0,3,ask,,,4005078
2026-07-02T11:02:14.566530,2026-07-02T11:02:14.577966+00:00,112.0,25,ask,,,4005079
2026-07-02T11:02:14.668804,2026-07-02T11:02:14.694545+00:00,112.1,123,bid,,,4005085
2026-07-02T11:02:14.691139,2026-07-02T11:02:14.694545+00:00,112.1,3,ask,,,4005087
2026-07-02T11:02:14.775098,2026-07-02T11:02:14.784143+00:00,112.1,17,ask,,,4005088
2026-07-02T11:02:15.288144,2026-07-02T11:02:15.298157+00:00,112.2,200,bid,,,4005100
2026-07-02T11:02:15.647444,2026-07-02T11:02:15.651049+00:00,112.3,3,bid,,,4005105
2026-07-02T11:02:15.764271,2026-07-02T11:02:15.772577+00:00,112.3,1,bid,,,4005106
2026-07-02T11:02:15.764271,2026-07-02T11:02:15.772577+00:00,112.3,200,bid,,,4005107
2026-07-02T11:02:16.538262,2026-07-02T11:02:16.546777+00:00,112.3,200,ask,,,4005126
2026-07-02T11:02:19.704761,2026-07-02T11:02:19.714229+00:00,112.3,200,bid,,,4005191
2026-07-02T11:02:19.704761,2026-07-02T11:02:19.714229+00:00,112.4,5,bid,,,4005192
2026-07-02T11:02:19.791649,2026-07-02T11:02:19.800263+00:00,112.4,25,ask,,,4005195
2026-07-02T11:02:22.438626,2026-07-02T11:02:22.458628+00:00,112.4,20,bid,,,4005252
2026-07-02T11:02:24.958925,2026-07-02T11:02:24.965710+00:00,112.3,200,ask,,,4005294
2026-07-02T11:02:24.958925,2026-07-02T11:02:24.970889+00:00,112.3,425,ask,,,4005295
2026-07-02T11:02:26.655005,2026-07-02T11:02:26.655169+00:00,112.5,20,bid,,,4005315
2026-07-02T11:02:27.593486,2026-07-02T11:02:27.601707+00:00,112.4,200,ask,,,4005331
2026-07-02T11:02:30.211321,2026-07-02T11:02:30.220200+00:00,112.4,200,ask,,,4005364
2026-07-02T11:02:31.092534,2026-07-02T11:02:31.102349+00:00,112.4,200,bid,,,4005377
2026-07-02T11:02:33.520053,2026-07-02T11:02:33.528425+00:00,112.4,200,ask,,,4005429
2026-07-02T11:02:38.356637,2026-07-02T11:02:38.353893+00:00,112.3,200,bid,,,4005534
2026-07-02T11:02:38.435199,2026-07-02T11:02:38.444698+00:00,112.2,3,ask,,,4005536
2026-07-02T11:02:38.846329,2026-07-02T11:02:38.858581+00:00,112.2,7,ask,,,4005542
2026-07-02T11:02:39.573084,2026-07-02T11:02:39.584603+00:00,112.4,200,ask,,,4005564
2026-07-02T11:02:40.861220,2026-07-02T11:02:40.872680+00:00,112.3,20,ask,,,4005590
2026-07-02T11:02:43.152623,2026-07-02T11:02:43.160232+00:00,112.3,500,ask,,,4005644
2026-07-02T11:02:43.748806,2026-07-02T11:02:43.758778+00:00,112.3,500,ask,,,4005648
2026-07-02T11:02:44.350998,2026-07-02T11:02:44.354722+00:00,112.3,125,ask,,,4005663
2026-07-02T11:02:45.452359,2026-07-02T11:02:45.457663+00:00,112.2,20,ask,,,4005692
2026-07-02T11:02:45.624042,2026-07-02T11:02:45.634875+00:00,112.2,200,ask,,,4005694
2026-07-02T11:02:47.828739,2026-07-02T11:02:47.832734+00:00,112.3,14,bid,,,4005730
2026-07-02T11:02:47.878228,2026-07-02T11:02:47.886624+00:00,112.3,25,bid,,,4005732
2026-07-02T11:02:48.088492,2026-07-02T11:02:48.095385+00:00,112.3,25,bid,,,4005743
2026-07-02T11:02:48.298259,2026-07-02T11:02:48.305073+00:00,112.3,25,bid,,,4005745
2026-07-02T11:02:48.508147,2026-07-02T11:02:48.517760+00:00,112.3,11,bid,,,4005749
2026-07-02T11:02:49.251583,2026-07-02T11:02:49.258612+00:00,112.3,2,bid,,,4005775
2026-07-02T11:02:51.228363,2026-07-02T11:02:51.237718+00:00,112.3,200,ask,,,4005814
2026-07-02T11:02:51.320785,2026-07-02T11:02:51.328780+00:00,112.3,25,bid,,,4005816
2026-07-02T11:02:51.530179,2026-07-02T11:02:51.540454+00:00,112.3,25,bid,,,4005820
2026-07-02T11:02:51.750198,2026-07-02T11:02:51.760316+00:00,112.3,25,bid,,,4005829
2026-07-02T11:02:51.963746,2026-07-02T11:02:51.972907+00:00,112.3,25,bid,,,4005837
2026-07-02T11:02:52.881330,2026-07-02T11:02:52.889895+00:00,112.2,200,ask,,,4005853
2026-07-02T11:02:53.976895,2026-07-02T11:02:53.984319+00:00,112.3,5,bid,,,4005880
2026-07-02T11:02:55.300925,2026-07-02T11:02:55.311142+00:00,112.3,8,bid,,,4005904
2026-07-02T11:02:55.621433,2026-07-02T11:02:55.625140+00:00,112.4,12,bid,,,4005909
2026-07-02T11:02:56.485006,2026-07-02T11:02:56.495010+00:00,112.3,192,ask,,,4005935
2026-07-02T11:02:56.505953,2026-07-02T11:02:56.509695+00:00,112.3,11,bid,,,4005938
2026-07-02T11:02:56.510267,2026-07-02T11:02:56.525314+00:00,112.3,200,bid,,,4005939
2026-07-02T11:02:57.717778,2026-07-02T11:02:57.729240+00:00,112.3,200,bid,,,4005961
2026-07-02T11:02:57.797677,2026-07-02T11:02:57.807302+00:00,112.4,2,bid,,,4005962
2026-07-02T11:02:58.928884,2026-07-02T11:02:58.936714+00:00,112.5,200,ask,,,4005987
2026-07-02T11:03:00.476618,2026-07-02T11:03:00.480547+00:00,112.5,12,bid,,,4006016
2026-07-02T11:03:01.736398,2026-07-02T11:03:01.756339+00:00,112.4,200,ask,,,4006043
2026-07-02T11:03:01.752568,2026-07-02T11:03:01.756339+00:00,112.4,11,bid,,,4006045
2026-07-02T11:03:01.865425,2026-07-02T11:03:01.877139+00:00,112.4,20,bid,,,4006048
2026-07-02T11:03:02.570993,2026-07-02T11:03:02.581037+00:00,112.4,200,bid,,,4006066
2026-07-02T11:03:02.929270,2026-07-02T11:03:02.940988+00:00,112.2,20,ask,,,4006069
2026-07-02T11:03:03.049218,2026-07-02T11:03:03.063723+00:00,112.4,6,bid,,,4006070
2026-07-02T11:03:03.071131,2026-07-02T11:03:03.075115+00:00,112.4,23,ask,,,4006072
2026-07-02T11:03:03.124964,2026-07-02T11:03:03.131442+00:00,112.4,500,ask,,,4006075
2026-07-02T11:03:03.721757,2026-07-02T11:03:03.728611+00:00,112.4,96,ask,,,4006090
2026-07-02T11:03:04.362800,2026-07-02T11:03:04.369600+00:00,112.3,200,ask,,,4006099
2026-07-02T11:03:05.009371,2026-07-02T11:03:05.013862+00:00,112.2,12,bid,,,4006112
2026-07-02T11:03:05.052289,2026-07-02T11:03:05.055865+00:00,112.2,11,bid,,,4006114
2026-07-02T11:03:07.523184,2026-07-02T11:03:07.534958+00:00,112.2,20,ask,,,4006162
2026-07-02T11:03:11.436444,2026-07-02T11:03:11.439973+00:00,112.1,4,ask,,,4006258
2026-07-02T11:03:11.445471,2026-07-02T11:03:11.449226+00:00,112.0,19,ask,,,4006260
2026-07-02T11:03:13.509200,2026-07-02T11:03:13.519732+00:00,112.1,200,bid,,,4006299
2026-07-02T11:03:17.476112,2026-07-02T11:03:17.482983+00:00,112.0,1,ask,,,4006397
2026-07-02T11:03:17.476112,2026-07-02T11:03:17.487965+00:00,112.0,200,ask,,,4006398
2026-07-02T11:03:20.511230,2026-07-02T11:03:20.518205+00:00,111.9,2,ask,,,4006474
2026-07-02T11:03:25.644095,2026-07-02T11:03:25.650704+00:00,112.0,3,bid,,,4006613
2026-07-02T11:03:26.823642,2026-07-02T11:03:26.835006+00:00,111.9,3,ask,,,4006641
2026-07-02T11:03:27.976173,2026-07-02T11:03:27.995820+00:00,111.9,197,bid,,,4006684
2026-07-02T11:03:27.992222,2026-07-02T11:03:27.995820+00:00,111.9,11,ask,,,4006686
2026-07-02T11:03:32.868315,2026-07-02T11:03:32.875129+00:00,111.9,200,ask,,,4006763
2026-07-02T11:03:35.285458,2026-07-02T11:03:35.295656+00:00,112.0,200,ask,,,4006822
2026-07-02T11:03:36.491592,2026-07-02T11:03:36.501694+00:00,112.0,200,ask,,,4006844
2026-07-02T11:03:36.758480,2026-07-02T11:03:36.761872+00:00,112.0,12,ask,,,4006847
2026-07-02T11:03:39.778037,2026-07-02T11:03:39.788571+00:00,111.9,200,ask,,,4006906
2026-07-02T11:03:41.327536,2026-07-02T11:03:41.334442+00:00,111.9,200,ask,,,4006938
2026-07-02T11:03:41.718971,2026-07-02T11:03:41.722595+00:00,111.9,11,ask,,,4006949
2026-07-02T11:03:42.397092,2026-07-02T11:03:42.407100+00:00,111.8,2,ask,,,4006965
2026-07-02T11:03:42.543557,2026-07-02T11:03:42.552883+00:00,111.8,200,bid,,,4006970
2026-07-02T11:03:43.778225,2026-07-02T11:03:43.782281+00:00,111.8,3,ask,,,4006997
2026-07-02T11:03:44.882181,2026-07-02T11:03:44.893632+00:00,111.8,25,ask,,,4007021
2026-07-02T11:03:45.091555,2026-07-02T11:03:45.098762+00:00,111.7,2,ask,,,4007028
2026-07-02T11:03:45.091555,2026-07-02T11:03:45.104200+00:00,111.7,23,ask,,,4007029
2026-07-02T11:03:45.303835,2026-07-02T11:03:45.313832+00:00,111.7,25,ask,,,4007037
2026-07-02T11:03:45.522785,2026-07-02T11:03:45.540315+00:00,111.7,25,ask,,,4007047
2026-07-02T11:03:52.986666,2026-07-02T11:03:52.998565+00:00,111.6,20,ask,,,4007229
2026-07-02T11:03:54.589947,2026-07-02T11:03:54.601358+00:00,111.7,25,ask,,,4007263
2026-07-02T11:03:54.684134,2026-07-02T11:03:54.692646+00:00,111.8,200,bid,,,4007268
2026-07-02T11:03:55.603337,2026-07-02T11:03:55.615125+00:00,111.7,25,ask,,,4007285
2026-07-02T11:03:55.893263,2026-07-02T11:03:55.903882+00:00,111.9,9,bid,,,4007294
2026-07-02T11:03:55.893263,2026-07-02T11:03:55.903882+00:00,111.9,191,bid,,,4007295
2026-07-02T11:03:56.493280,2026-07-02T11:03:56.500175+00:00,111.9,20,bid,,,4007314
2026-07-02T11:04:00.745832,2026-07-02T11:04:00.758621+00:00,111.9,7,bid,,,4007415
2026-07-02T11:04:00.823706,2026-07-02T11:04:00.835354+00:00,111.9,25,ask,,,4007416
2026-07-02T11:04:03.440119,2026-07-02T11:04:03.448489+00:00,111.9,5,ask,,,4007482
2026-07-02T11:04:04.370296,2026-07-02T11:04:04.377405+00:00,112.0,10,bid,,,4007500
2026-07-02T11:04:04.708207,2026-07-02T11:04:04.717610+00:00,112.0,190,ask,,,4007510
2026-07-02T11:04:07.787309,2026-07-02T11:04:07.794686+00:00,112.0,2,bid,,,4007576
2026-07-02T11:04:07.787309,2026-07-02T11:04:07.799911+00:00,112.0,18,bid,,,4007577
2026-07-02T11:04:08.543593,2026-07-02T11:04:08.553100+00:00,111.9,500,ask,,,4007595
2026-07-02T11:04:08.646660,2026-07-02T11:04:08.657784+00:00,111.9,200,ask,,,4007597
2026-07-02T11:04:09.955584,2026-07-02T11:04:09.968725+00:00,111.8,200,ask,,,4007624
2026-07-02T11:04:11.525886,2026-07-02T11:04:11.533957+00:00,111.8,20,bid,,,4007652
2026-07-02T11:04:12.857430,2026-07-02T11:04:12.865911+00:00,111.8,200,bid,,,4007688
2026-07-02T11:04:14.696610,2026-07-02T11:04:14.700603+00:00,111.7,3,bid,,,4007739
2026-07-02T11:04:14.875685,2026-07-02T11:04:14.882305+00:00,111.7,25,bid,,,4007745
2026-07-02T11:04:15.085446,2026-07-02T11:04:15.092590+00:00,111.7,25,bid,,,4007748
2026-07-02T11:04:16.519503,2026-07-02T11:04:16.538265+00:00,111.6,1,ask,,,4007767
2026-07-02T11:04:16.519503,2026-07-02T11:04:16.538265+00:00,111.6,200,ask,,,4007768
2026-07-02T11:04:16.534712,2026-07-02T11:04:16.538265+00:00,111.6,11,bid,,,4007772
2026-07-02T11:04:16.679400,2026-07-02T11:04:16.690309+00:00,111.5,20,ask,,,4007774
2026-07-02T11:04:16.698988,2026-07-02T11:04:16.706332+00:00,111.6,25,bid,,,4007776
2026-07-02T11:04:16.908267,2026-07-02T11:04:16.914903+00:00,111.6,25,bid,,,4007784
2026-07-02T11:04:17.117864,2026-07-02T11:04:17.124546+00:00,111.6,25,bid,,,4007792
2026-07-02T11:04:17.329880,2026-07-02T11:04:17.339727+00:00,111.6,25,bid,,,4007798
2026-07-02T11:04:17.540792,2026-07-02T11:04:17.551836+00:00,111.6,25,bid,,,4007801
2026-07-02T11:04:17.603911,2026-07-02T11:04:17.613214+00:00,111.6,288,bid,,,4007803
2026-07-02T11:04:17.702293,2026-07-02T11:04:17.712465+00:00,111.6,200,ask,,,4007805
2026-07-02T11:04:18.911612,2026-07-02T11:04:18.917994+00:00,111.7,200,ask,,,4007816
2026-07-02T11:04:19.412968,2026-07-02T11:04:19.421757+00:00,111.8,500,bid,,,4007824
2026-07-02T11:04:20.043514,2026-07-02T11:04:20.058601+00:00,111.8,125,bid,,,4007831
2026-07-02T11:04:20.074705,2026-07-02T11:04:20.078367+00:00,111.8,11,ask,,,4007833
2026-07-02T11:04:20.443147,2026-07-02T11:04:20.450581+00:00,111.9,200,bid,,,4007846
2026-07-02T11:04:20.465021,2026-07-02T11:04:20.468955+00:00,111.9,3,ask,,,4007848
2026-07-02T11:04:24.950985,2026-07-02T11:04:24.958582+00:00,111.9,200,bid,,,4007922
2026-07-02T11:04:27.024496,2026-07-02T11:04:27.030973+00:00,112.1,8,bid,,,4007957
2026-07-02T11:04:27.024496,2026-07-02T11:04:27.036309+00:00,112.1,200,bid,,,4007958
2026-07-02T11:04:27.164315,2026-07-02T11:04:27.173630+00:00,112.1,25,ask,,,4007960
2026-07-02T11:04:27.753645,2026-07-02T11:04:27.757015+00:00,112.2,3,bid,,,4007974
2026-07-02T11:04:27.778351,2026-07-02T11:04:27.786155+00:00,112.2,1,bid,,,4007976
2026-07-02T11:04:28.389235,2026-07-02T11:04:28.400360+00:00,112.2,1,bid,,,4007993
2026-07-02T11:04:29.661812,2026-07-02T11:04:29.669568+00:00,112.1,200,bid,,,4008009
2026-07-02T11:04:29.790003,2026-07-02T11:04:29.796931+00:00,112.2,200,ask,,,4008012
2026-07-02T11:04:30.555430,2026-07-02T11:04:30.559772+00:00,112.2,3,ask,,,4008032
2026-07-02T11:04:31.004313,2026-07-02T11:04:31.007986+00:00,112.0,3,bid,,,4008050
2026-07-02T11:04:31.008106,2026-07-02T11:04:31.023677+00:00,112.0,200,bid,,,4008051
2026-07-02T11:04:31.021729,2026-07-02T11:04:31.028676+00:00,112.0,25,bid,,,4008053
2026-07-02T11:04:32.223462,2026-07-02T11:04:32.234334+00:00,112.0,200,bid,,,4008078
2026-07-02T11:04:33.437286,2026-07-02T11:04:33.448175+00:00,112.0,200,ask,,,4008096
2026-07-02T11:04:36.894941,2026-07-02T11:04:36.899232+00:00,112.0,3,ask,,,4008167
2026-07-02T11:04:38.862976,2026-07-02T11:04:38.870684+00:00,111.9,200,bid,,,4008227
2026-07-02T11:04:41.492386,2026-07-02T11:04:41.498756+00:00,111.9,200,ask,,,4008283
2026-07-02T11:04:43.116338,2026-07-02T11:04:43.123052+00:00,111.9,200,bid,,,4008310
2026-07-02T11:04:47.960348,2026-07-02T11:04:47.970160+00:00,112.0,200,bid,,,4008406
2026-07-02T11:04:50.377583,2026-07-02T11:04:50.385835+00:00,112.0,200,bid,,,4008464
2026-07-02T11:04:51.004189,2026-07-02T11:04:51.015802+00:00,111.9,20,ask,,,4008472
2026-07-02T11:04:52.797059,2026-07-02T11:04:52.803768+00:00,112.0,200,bid,,,4008503
2026-07-02T11:04:53.307963,2026-07-02T11:04:53.314768+00:00,111.9,94,bid,,,4008508
2026-07-02T11:04:54.011303,2026-07-02T11:04:54.022325+00:00,111.9,200,ask,,,4008515
2026-07-02T11:04:55.223233,2026-07-02T11:04:55.233015+00:00,111.8,200,ask,,,4008530
2026-07-02T11:04:59.001133,2026-07-02T11:04:59.005158+00:00,111.9,3,bid,,,4008605
2026-07-02T11:05:01.180401,2026-07-02T11:05:01.188820+00:00,111.9,200,bid,,,4008626
2026-07-02T11:05:02.485752,2026-07-02T11:05:02.495488+00:00,111.9,200,ask,,,4008652
2026-07-02T11:05:03.813870,2026-07-02T11:05:03.824735+00:00,112.0,500,bid,,,4008674
2026-07-02T11:05:03.813870,2026-07-02T11:05:03.824735+00:00,112.1,125,bid,,,4008675
2026-07-02T11:05:05.127710,2026-07-02T11:05:05.137674+00:00,111.9,200,ask,,,4008706
2026-07-02T11:05:06.439374,2026-07-02T11:05:06.448607+00:00,111.9,500,bid,,,4008724
2026-07-02T11:05:06.664065,2026-07-02T11:05:06.675233+00:00,111.9,125,ask,,,4008732
2026-07-02T11:05:06.664065,2026-07-02T11:05:06.675233+00:00,111.8,6,ask,,,4008733
2026-07-02T11:05:06.664065,2026-07-02T11:05:06.675233+00:00,111.8,200,ask,,,4008734
2026-07-02T11:05:06.881964,2026-07-02T11:05:06.891495+00:00,111.2,20,ask,,,4008743
2026-07-02T11:05:07.171045,2026-07-02T11:05:07.174973+00:00,111.7,3,ask,,,4008751
2026-07-02T11:05:07.290925,2026-07-02T11:05:07.302303+00:00,111.7,8,ask,,,4008754
2026-07-02T11:05:07.500204,2026-07-02T11:05:07.508974+00:00,111.7,10,ask,,,4008762
2026-07-02T11:05:07.709633,2026-07-02T11:05:07.719108+00:00,111.7,9,ask,,,4008764
2026-07-02T11:05:07.750481,2026-07-02T11:05:07.753298+00:00,111.8,500,bid,,,4008766
2026-07-02T11:05:07.870354,2026-07-02T11:05:07.877569+00:00,111.8,125,ask,,,4008768
2026-07-02T11:05:08.118646,2026-07-02T11:05:08.125249+00:00,111.7,9,ask,,,4008779
2026-07-02T11:05:08.728560,2026-07-02T11:05:08.740249+00:00,111.7,25,ask,,,4008799
2026-07-02T11:05:08.940513,2026-07-02T11:05:08.952226+00:00,111.7,25,ask,,,4008805
2026-07-02T11:05:09.064015,2026-07-02T11:05:09.074431+00:00,111.7,150,ask,,,4008810
2026-07-02T11:05:10.949220,2026-07-02T11:05:10.963649+00:00,111.6,10,ask,,,4008847
2026-07-02T11:05:10.949220,2026-07-02T11:05:10.963649+00:00,111.6,190,ask,,,4008848
2026-07-02T11:05:11.157587,2026-07-02T11:05:11.165058+00:00,111.7,11,ask,,,4008857
2026-07-02T11:05:11.367276,2026-07-02T11:05:11.376438+00:00,111.7,11,ask,,,4008865
2026-07-02T11:05:11.687876,2026-07-02T11:05:11.697992+00:00,111.7,11,ask,,,4008876
2026-07-02T11:05:12.161258,2026-07-02T11:05:12.172708+00:00,111.6,11,ask,,,4008884
2026-07-02T11:05:12.995135,2026-07-02T11:05:13.002727+00:00,111.6,189,bid,,,4008899
2026-07-02T11:05:14.309473,2026-07-02T11:05:14.318314+00:00,111.6,200,ask,,,4008919
2026-07-02T11:05:14.309473,2026-07-02T11:05:14.318314+00:00,111.5,4,ask,,,4008920
2026-07-02T11:05:14.574704,2026-07-02T11:05:14.585671+00:00,111.5,200,bid,,,4008928
2026-07-02T11:05:16.785424,2026-07-02T11:05:16.797339+00:00,111.6,25,ask,,,4008973
2026-07-02T11:05:16.933703,2026-07-02T11:05:16.943289+00:00,111.6,175,ask,,,4008975
2026-07-02T11:05:18.243381,2026-07-02T11:05:18.253047+00:00,111.6,200,bid,,,4008997
2026-07-02T11:05:18.398688,2026-07-02T11:05:18.410458+00:00,111.6,25,ask,,,4008999
2026-07-02T11:05:18.607147,2026-07-02T11:05:18.616873+00:00,111.6,25,ask,,,4009008
2026-07-02T11:05:23.051012,2026-07-02T11:05:23.058628+00:00,111.5,3,ask,,,4009091
2026-07-02T11:05:23.677850,2026-07-02T11:05:23.689554+00:00,111.5,20,bid,,,4009102
2026-07-02T11:05:25.481121,2026-07-02T11:05:25.488015+00:00,111.4,4,ask,,,4009134
2026-07-02T11:05:25.481121,2026-07-02T11:05:25.493260+00:00,111.4,196,ask,,,4009135
2026-07-02T11:05:27.833455,2026-07-02T11:05:27.843306+00:00,111.5,20,bid,,,4009183
2026-07-02T11:05:30.050130,2026-07-02T11:05:30.069072+00:00,111.4,1,ask,,,4009231
2026-07-02T11:05:33.966608,2026-07-02T11:05:33.975618+00:00,111.3,4,ask,,,4009293
2026-07-02T11:05:33.966608,2026-07-02T11:05:33.975618+00:00,111.3,196,ask,,,4009294
2026-07-02T11:05:37.924290,2026-07-02T11:05:37.942992+00:00,111.4,200,ask,,,4009383
2026-07-02T11:05:37.939395,2026-07-02T11:05:37.942992+00:00,111.4,14,bid,,,4009385
2026-07-02T11:05:38.057651,2026-07-02T11:05:38.069022+00:00,111.4,25,bid,,,4009391
2026-07-02T11:05:38.267850,2026-07-02T11:05:38.279632+00:00,111.4,25,bid,,,4009397
2026-07-02T11:05:38.481252,2026-07-02T11:05:38.489831+00:00,111.4,25,bid,,,4009404
2026-07-02T11:05:38.693348,2026-07-02T11:05:38.702609+00:00,111.4,25,bid,,,4009411
2026-07-02T11:05:38.903245,2026-07-02T11:05:38.913128+00:00,111.4,25,bid,,,4009417
2026-07-02T11:05:39.112714,2026-07-02T11:05:39.120700+00:00,111.4,9,bid,,,4009422
2026-07-02T11:05:40.018550,2026-07-02T11:05:40.027665+00:00,111.4,200,ask,,,4009445
2026-07-02T11:05:40.181658,2026-07-02T11:05:40.185502+00:00,111.4,11,ask,,,4009450
2026-07-02T11:05:40.589916,2026-07-02T11:05:40.593959+00:00,111.5,3,ask,,,4009468
2026-07-02T11:05:41.663740,2026-07-02T11:05:41.673260+00:00,111.5,20,ask,,,4009499
2026-07-02T11:05:42.438112,2026-07-02T11:05:42.448728+00:00,111.5,200,ask,,,4009506
2026-07-02T11:05:44.180198,2026-07-02T11:05:44.189794+00:00,111.6,500,bid,,,4009562
2026-07-02T11:05:44.481884,2026-07-02T11:05:44.491398+00:00,111.6,200,bid,,,4009570
2026-07-02T11:05:46.324686,2026-07-02T11:05:46.336303+00:00,111.6,20,ask,,,4009607
2026-07-02T11:05:47.220498,2026-07-02T11:05:47.228254+00:00,111.7,1,bid,,,4009619
2026-07-02T11:05:47.220498,2026-07-02T11:05:47.228254+00:00,111.7,499,bid,,,4009620
2026-07-02T11:05:47.278278,2026-07-02T11:05:47.287394+00:00,111.7,126,bid,,,4009623
2026-07-02T11:05:48.416863,2026-07-02T11:05:48.427982+00:00,111.9,5,bid,,,4009644
2026-07-02T11:05:48.493664,2026-07-02T11:05:48.501200+00:00,111.9,200,ask,,,4009648
2026-07-02T11:05:49.703666,2026-07-02T11:05:49.714890+00:00,111.9,200,ask,,,4009674
2026-07-02T11:05:50.196658,2026-07-02T11:05:50.206572+00:00,111.9,8,bid,,,4009689
2026-07-02T11:05:52.142477,2026-07-02T11:05:52.149138+00:00,111.8,200,ask,,,4009729
2026-07-02T11:05:52.692224,2026-07-02T11:05:52.701837+00:00,111.7,20,ask,,,4009738
2026-07-02T11:05:52.941976,2026-07-02T11:05:52.953436+00:00,111.7,25,ask,,,4009745
2026-07-02T11:05:53.152795,2026-07-02T11:05:53.158610+00:00,111.7,25,ask,,,4009754
2026-07-02T11:05:53.361646,2026-07-02T11:05:53.373413+00:00,111.7,25,ask,,,4009762
2026-07-02T11:05:53.574008,2026-07-02T11:05:53.585788+00:00,111.7,25,ask,,,4009767
2026-07-02T11:05:53.784619,2026-07-02T11:05:53.794494+00:00,111.7,8,ask,,,4009772
2026-07-02T11:05:54.582172,2026-07-02T11:05:54.589933+00:00,111.7,200,ask,,,4009797
2026-07-02T11:05:56.272687,2026-07-02T11:05:56.283944+00:00,111.7,500,ask,,,4009822
2026-07-02T11:05:56.272687,2026-07-02T11:05:56.283944+00:00,111.7,125,ask,,,4009823
2026-07-02T11:05:57.006870,2026-07-02T11:05:57.016447+00:00,111.7,200,ask,,,4009837
2026-07-02T11:05:57.581000,2026-07-02T11:05:57.590237+00:00,111.9,2,bid,,,4009847
2026-07-02T11:05:57.602878,2026-07-02T11:05:57.611335+00:00,112.1,25,ask,,,4009852
2026-07-02T11:05:58.216915,2026-07-02T11:05:58.225711+00:00,112.1,200,ask,,,4009874
2026-07-02T11:05:58.489623,2026-07-02T11:05:58.500554+00:00,112.1,20,ask,,,4009882
2026-07-02T11:05:59.427559,2026-07-02T11:05:59.435157+00:00,112.1,200,ask,,,4009899
2026-07-02T11:05:59.669683,2026-07-02T11:05:59.681535+00:00,112.1,20,ask,,,4009909
2026-07-02T11:06:00.640971,2026-07-02T11:06:00.647689+00:00,112.0,200,ask,,,4009930
2026-07-02T11:06:01.489485,2026-07-02T11:06:01.500904+00:00,112.2,20,bid,,,4009946
2026-07-02T11:06:02.319316,2026-07-02T11:06:02.323599+00:00,111.9,3,ask,,,4009973
2026-07-02T11:06:04.281467,2026-07-02T11:06:04.292992+00:00,112.0,2,bid,,,4010011
2026-07-02T11:06:04.281467,2026-07-02T11:06:04.292992+00:00,112.0,198,bid,,,4010012
2026-07-02T11:06:04.827101,2026-07-02T11:06:04.837252+00:00,112.0,20,bid,,,4010026
2026-07-02T11:06:06.558727,2026-07-02T11:06:06.574998+00:00,111.9,20,bid,,,4010058
2026-07-02T11:06:08.070694,2026-07-02T11:06:08.081289+00:00,111.9,200,ask,,,4010078
2026-07-02T11:06:09.380943,2026-07-02T11:06:09.391507+00:00,111.8,500,ask,,,4010121
2026-07-02T11:06:09.380943,2026-07-02T11:06:09.391507+00:00,111.8,125,ask,,,4010122
2026-07-02T11:06:10.689301,2026-07-02T11:06:10.697955+00:00,112.0,3,bid,,,4010144
2026-07-02T11:06:10.689301,2026-07-02T11:06:10.697955+00:00,112.0,200,bid,,,4010145
2026-07-02T11:06:11.836984,2026-07-02T11:06:11.848211+00:00,112.0,4,ask,,,4010176
2026-07-02T11:06:12.819988,2026-07-02T11:06:12.823526+00:00,112.0,3,bid,,,4010195
2026-07-02T11:06:13.308621,2026-07-02T11:06:13.319540+00:00,112.0,197,bid,,,4010206
2026-07-02T11:06:13.965462,2026-07-02T11:06:13.971836+00:00,112.0,200,ask,,,4010216
2026-07-02T11:06:14.638179,2026-07-02T11:06:14.641832+00:00,112.0,3,bid,,,4010230
2026-07-02T11:06:14.654578,2026-07-02T11:06:14.662725+00:00,112.0,25,bid,,,4010232
2026-07-02T11:06:14.697802,2026-07-02T11:06:14.709401+00:00,111.9,20,ask,,,4010233
2026-07-02T11:06:14.863656,2026-07-02T11:06:14.870862+00:00,112.0,25,bid,,,4010236
2026-07-02T11:06:15.096180,2026-07-02T11:06:15.107135+00:00,112.0,25,bid,,,4010243
2026-07-02T11:06:15.175018,2026-07-02T11:06:15.181558+00:00,111.9,200,ask,,,4010244
2026-07-02T11:06:15.306860,2026-07-02T11:06:15.315473+00:00,112.0,22,bid,,,4010247
2026-07-02T11:06:17.595158,2026-07-02T11:06:17.606165+00:00,112.0,200,ask,,,4010285
2026-07-02T11:06:18.100816,2026-07-02T11:06:18.111575+00:00,112.1,500,bid,,,4010292
2026-07-02T11:06:22.528949,2026-07-02T11:06:22.535872+00:00,112.0,25,bid,,,4010386
2026-07-02T11:06:22.740127,2026-07-02T11:06:22.748467+00:00,112.0,25,bid,,,4010395
2026-07-02T11:06:25.980687,2026-07-02T11:06:25.992357+00:00,111.9,3,ask,,,4010466
2026-07-02T11:06:25.980687,2026-07-02T11:06:25.992357+00:00,111.9,17,ask,,,4010467
2026-07-02T11:06:27.719211,2026-07-02T11:06:27.727039+00:00,112.1,200,ask,,,4010500
2026-07-02T11:06:29.042729,2026-07-02T11:06:29.046247+00:00,112.1,3,ask,,,4010524
2026-07-02T11:06:29.691911,2026-07-02T11:06:29.699164+00:00,112.1,200,ask,,,4010541
2026-07-02T11:06:33.314911,2026-07-02T11:06:33.321995+00:00,112.0,200,ask,,,4010603
2026-07-02T11:06:34.279842,2026-07-02T11:06:34.283728+00:00,112.0,3,bid,,,4010629
2026-07-02T11:06:34.372006,2026-07-02T11:06:34.382134+00:00,112.0,25,bid,,,4010633
2026-07-02T11:06:34.520667,2026-07-02T11:06:34.527526+00:00,112.0,200,bid,,,4010638
2026-07-02T11:06:38.008187,2026-07-02T11:06:38.019763+00:00,111.9,4,ask,,,4010717
2026-07-02T11:06:38.008187,2026-07-02T11:06:38.019763+00:00,111.9,16,ask,,,4010718
2026-07-02T11:06:38.204228,2026-07-02T11:06:38.212645+00:00,111.9,200,ask,,,4010723
2026-07-02T11:06:40.833167,2026-07-02T11:06:40.836821+00:00,111.9,3,ask,,,4010790
2026-07-02T11:06:41.779895,2026-07-02T11:06:41.786430+00:00,111.9,200,ask,,,4010811
2026-07-02T11:06:43.528150,2026-07-02T11:06:43.537499+00:00,111.9,200,bid,,,4010855
2026-07-02T11:06:44.604994,2026-07-02T11:06:44.616638+00:00,112.0,20,bid,,,4010891
2026-07-02T11:06:55.092891,2026-07-02T11:06:55.100577+00:00,112.0,200,ask,,,4011121
2026-07-02T11:06:56.305218,2026-07-02T11:06:56.313057+00:00,111.9,200,ask,,,4011149
2026-07-02T11:06:56.582987,2026-07-02T11:06:56.586798+00:00,112.0,14,bid,,,4011162
2026-07-02T11:06:57.465029,2026-07-02T11:06:57.474157+00:00,112.0,500,bid,,,4011178
2026-07-02T11:06:57.513808,2026-07-02T11:06:57.521327+00:00,112.0,111,bid,,,4011181
2026-07-02T11:06:57.872633,2026-07-02T11:06:57.882938+00:00,112.2,3,bid,,,4011193
2026-07-02T11:06:57.872633,2026-07-02T11:06:57.882938+00:00,112.2,200,bid,,,4011194
2026-07-02T11:06:58.728008,2026-07-02T11:06:58.736482+00:00,112.4,200,bid,,,4011220
2026-07-02T11:06:59.944037,2026-07-02T11:06:59.958587+00:00,112.3,200,bid,,,4011244
2026-07-02T11:07:01.160068,2026-07-02T11:07:01.168744+00:00,112.3,200,bid,,,4011266
2026-07-02T11:07:01.432756,2026-07-02T11:07:01.441302+00:00,112.2,5,bid,,,4011275
2026-07-02T11:07:02.377717,2026-07-02T11:07:02.386735+00:00,112.4,200,bid,,,4011289
2026-07-02T11:07:02.447087,2026-07-02T11:07:02.455774+00:00,112.3,5,bid,,,4011292
2026-07-02T11:07:02.656892,2026-07-02T11:07:02.652979+00:00,112.3,4,bid,,,4011297
2026-07-02T11:07:02.867389,2026-07-02T11:07:02.878403+00:00,112.3,3,bid,,,4011301
2026-07-02T11:07:03.122205,2026-07-02T11:07:03.129602+00:00,112.3,3,bid,,,4011306
2026-07-02T11:07:03.592763,2026-07-02T11:07:03.602243+00:00,112.4,3,bid,,,4011310
2026-07-02T11:07:04.435359,2026-07-02T11:07:04.443959+00:00,112.4,197,ask,,,4011335
2026-07-02T11:07:05.746093,2026-07-02T11:07:05.769523+00:00,112.3,200,ask,,,4011371
2026-07-02T11:07:05.764934,2026-07-02T11:07:05.769523+00:00,112.3,12,bid,,,4011373
2026-07-02T11:07:05.781994,2026-07-02T11:07:05.793734+00:00,112.3,20,bid,,,4011374
2026-07-02T11:07:09.671564,2026-07-02T11:07:09.680684+00:00,112.3,200,ask,,,4011467
2026-07-02T11:07:10.860044,2026-07-02T11:07:10.869327+00:00,112.3,200,bid,,,4011494
2026-07-02T11:07:10.982380,2026-07-02T11:07:11.002204+00:00,112.4,6,bid,,,4011496
2026-07-02T11:07:10.997396,2026-07-02T11:07:11.002204+00:00,112.4,4,ask,,,4011498
2026-07-02T11:07:13.499210,2026-07-02T11:07:13.510833+00:00,112.5,20,bid,,,4011553
2026-07-02T11:07:13.611930,2026-07-02T11:07:13.618867+00:00,112.5,500,bid,,,4011557
2026-07-02T11:07:13.779731,2026-07-02T11:07:13.790103+00:00,112.5,125,ask,,,4011563
2026-07-02T11:07:15.878649,2026-07-02T11:07:15.887608+00:00,112.2,20,ask,,,4011603
2026-07-02T11:07:18.131867,2026-07-02T11:07:18.141036+00:00,112.3,200,bid,,,4011663
2026-07-02T11:07:19.343771,2026-07-02T11:07:19.358630+00:00,112.3,200,ask,,,4011681
2026-07-02T11:07:21.527186,2026-07-02T11:07:21.535052+00:00,112.3,200,bid,,,4011722
2026-07-02T11:07:21.761719,2026-07-02T11:07:21.769080+00:00,112.3,200,ask,,,4011728
2026-07-02T11:07:22.970837,2026-07-02T11:07:22.978791+00:00,112.3,200,ask,,,4011750
2026-07-02T11:07:25.385282,2026-07-02T11:07:25.393470+00:00,112.3,200,bid,,,4011791
2026-07-02T11:07:25.457556,2026-07-02T11:07:25.465741+00:00,112.4,4,bid,,,4011793
2026-07-02T11:07:26.438047,2026-07-02T11:07:26.442582+00:00,112.4,8,ask,,,4011823
2026-07-02T11:07:26.601825,2026-07-02T11:07:26.612488+00:00,112.4,200,ask,,,4011828
2026-07-02T11:07:27.808602,2026-07-02T11:07:27.819672+00:00,112.3,200,bid,,,4011848
2026-07-02T11:07:29.019302,2026-07-02T11:07:29.029464+00:00,112.3,200,ask,,,4011871
2026-07-02T11:07:33.325137,2026-07-02T11:07:33.334421+00:00,112.4,200,bid,,,4011973
2026-07-02T11:07:33.325137,2026-07-02T11:07:33.334421+00:00,112.4,425,bid,,,4011974
2026-07-02T11:07:33.856920,2026-07-02T11:07:33.866882+00:00,112.4,200,bid,,,4011978
2026-07-02T11:07:36.276212,2026-07-02T11:07:36.287669+00:00,112.4,200,bid,,,4012024
2026-07-02T11:07:38.342424,2026-07-02T11:07:38.349762+00:00,112.2,1,ask,,,4012068
2026-07-02T11:07:38.342424,2026-07-02T11:07:38.354955+00:00,112.2,19,ask,,,4012069
2026-07-02T11:07:38.576035,2026-07-02T11:07:38.582480+00:00,112.3,200,bid,,,4012073
2026-07-02T11:07:38.692471,2026-07-02T11:07:38.700663+00:00,112.4,200,ask,,,4012075
2026-07-02T11:07:39.867719,2026-07-02T11:07:39.874350+00:00,112.4,225,ask,,,4012108
2026-07-02T11:07:39.893841,2026-07-02T11:07:39.901032+00:00,112.2,4,ask,,,4012110
2026-07-02T11:07:39.893841,2026-07-02T11:07:39.906297+00:00,112.2,200,ask,,,4012111
2026-07-02T11:07:39.899787,2026-07-02T11:07:39.911584+00:00,112.1,200,bid,,,4012112
2026-07-02T11:07:41.110207,2026-07-02T11:07:41.119336+00:00,112.1,200,bid,,,4012147
2026-07-02T11:07:41.188845,2026-07-02T11:07:41.200325+00:00,112.1,20,bid,,,4012148
2026-07-02T11:07:41.202898,2026-07-02T11:07:41.220546+00:00,112.4,200,bid,,,4012149
2026-07-02T11:07:41.216657,2026-07-02T11:07:41.220546+00:00,112.4,14,ask,,,4012151
2026-07-02T11:07:42.320027,2026-07-02T11:07:42.328577+00:00,112.4,200,ask,,,4012186
2026-07-02T11:07:42.341857,2026-07-02T11:07:42.349535+00:00,112.4,25,ask,,,4012189
2026-07-02T11:07:43.527490,2026-07-02T11:07:43.537487+00:00,112.2,4,ask,,,4012224
2026-07-02T11:07:45.961991,2026-07-02T11:07:45.969054+00:00,112.1,3,ask,,,4012262
2026-07-02T11:07:45.961991,2026-07-02T11:07:45.974236+00:00,112.1,197,ask,,,4012263
2026-07-02T11:07:46.445645,2026-07-02T11:07:46.452144+00:00,112.1,8,ask,,,4012278
2026-07-02T11:07:47.171890,2026-07-02T11:07:47.183417+00:00,112.1,200,bid,,,4012296
2026-07-02T11:07:47.754455,2026-07-02T11:07:47.758565+00:00,112.0,9,ask,,,4012300
2026-07-02T11:07:48.381727,2026-07-02T11:07:48.390066+00:00,112.0,200,bid,,,4012313
2026-07-02T11:07:53.224820,2026-07-02T11:07:53.233997+00:00,111.9,1,ask,,,4012388
2026-07-02T11:07:53.224820,2026-07-02T11:07:53.233997+00:00,111.9,199,ask,,,4012389
2026-07-02T11:07:56.931334,2026-07-02T11:07:56.939352+00:00,111.9,200,ask,,,4012459
2026-07-02T11:07:58.062007,2026-07-02T11:07:58.069468+00:00,111.9,200,bid,,,4012478
2026-07-02T11:07:59.280882,2026-07-02T11:07:59.289859+00:00,112.0,200,bid,,,4012499
2026-07-02T11:07:59.468126,2026-07-02T11:07:59.479520+00:00,112.0,20,bid,,,4012505
2026-07-02T11:07:59.580985,2026-07-02T11:07:59.587586+00:00,111.9,25,ask,,,4012507
2026-07-02T11:07:59.790645,2026-07-02T11:07:59.802532+00:00,111.9,25,ask,,,4012522
2026-07-02T11:08:00.000838,2026-07-02T11:08:00.011597+00:00,111.9,25,ask,,,4012530
2026-07-02T11:08:00.210207,2026-07-02T11:08:00.218988+00:00,111.9,25,ask,,,4012534
2026-07-02T11:08:00.418620,2026-07-02T11:08:00.430007+00:00,111.9,25,ask,,,4012537
2026-07-02T11:08:00.628410,2026-07-02T11:08:00.664163+00:00,111.9,25,ask,,,4012550
2026-07-02T11:08:04.149289,2026-07-02T11:08:04.158567+00:00,111.9,200,bid,,,4012647
2026-07-02T11:08:06.023728,2026-07-02T11:08:06.035249+00:00,111.8,1,ask,,,4012686
2026-07-02T11:08:06.023728,2026-07-02T11:08:06.035249+00:00,111.8,19,ask,,,4012687
2026-07-02T11:08:07.425453,2026-07-02T11:08:07.432368+00:00,111.9,200,bid,,,4012722
2026-07-02T11:08:10.205229,2026-07-02T11:08:10.211660+00:00,111.9,200,ask,,,4012765
2026-07-02T11:08:11.412489,2026-07-02T11:08:11.421644+00:00,111.8,2,ask,,,4012797
2026-07-02T11:08:11.412489,2026-07-02T11:08:11.421644+00:00,111.8,198,ask,,,4012798
2026-07-02T11:08:12.639436,2026-07-02T11:08:12.643744+00:00,111.9,3,bid,,,4012830
2026-07-02T11:08:12.664138,2026-07-02T11:08:12.674793+00:00,111.9,25,bid,,,4012834
2026-07-02T11:08:12.703195,2026-07-02T11:08:12.707380+00:00,111.8,11,bid,,,4012836
2026-07-02T11:08:12.876451,2026-07-02T11:08:12.883727+00:00,111.8,25,bid,,,4012841
2026-07-02T11:08:13.089514,2026-07-02T11:08:13.097397+00:00,111.8,25,bid,,,4012846
2026-07-02T11:08:13.304870,2026-07-02T11:08:13.311248+00:00,111.8,25,bid,,,4012852
2026-07-02T11:08:13.514518,2026-07-02T11:08:13.522487+00:00,111.8,25,bid,,,4012858
2026-07-02T11:08:13.724199,2026-07-02T11:08:13.735812+00:00,111.8,25,bid,,,4012861
2026-07-02T11:08:13.934355,2026-07-02T11:08:13.945741+00:00,111.8,25,bid,,,4012868
2026-07-02T11:08:13.991823,2026-07-02T11:08:13.999753+00:00,111.8,200,bid,,,4012869
2026-07-02T11:08:15.053226,2026-07-02T11:08:15.069055+00:00,111.8,200,ask,,,4012889
2026-07-02T11:08:16.612257,2026-07-02T11:08:16.618914+00:00,111.7,4,ask,,,4012908
2026-07-02T11:08:16.612257,2026-07-02T11:08:16.624169+00:00,111.7,200,ask,,,4012909
2026-07-02T11:08:16.748497,2026-07-02T11:08:16.755550+00:00,111.7,1,bid,,,4012911
2026-07-02T11:08:17.072134,2026-07-02T11:08:17.075778+00:00,111.6,4,ask,,,4012915
2026-07-02T11:08:17.115705,2026-07-02T11:08:17.119124+00:00,111.6,4,ask,,,4012921
2026-07-02T11:08:17.700204,2026-07-02T11:08:17.703588+00:00,111.6,3,ask,,,4012935
2026-07-02T11:08:18.375581,2026-07-02T11:08:18.380768+00:00,111.6,2,ask,,,4012950
2026-07-02T11:08:18.375581,2026-07-02T11:08:18.380768+00:00,111.6,1,ask,,,4012951
2026-07-02T11:08:21.861210,2026-07-02T11:08:21.871102+00:00,111.6,200,ask,,,4013011
2026-07-02T11:08:21.861210,2026-07-02T11:08:21.871102+00:00,111.6,1,ask,,,4013012
2026-07-02T11:08:21.861210,2026-07-02T11:08:21.876098+00:00,111.6,424,ask,,,4013013
2026-07-02T11:08:22.295630,2026-07-02T11:08:22.305666+00:00,111.7,200,ask,,,4013019
2026-07-02T11:08:23.505401,2026-07-02T11:08:23.513106+00:00,111.8,200,ask,,,4013047
2026-07-02T11:08:25.793115,2026-07-02T11:08:25.804816+00:00,111.9,4,bid,,,4013092
2026-07-02T11:08:25.793115,2026-07-02T11:08:25.804816+00:00,111.9,200,bid,,,4013093
2026-07-02T11:08:25.969908,2026-07-02T11:08:25.979673+00:00,111.9,25,ask,,,4013102
2026-07-02T11:08:26.178907,2026-07-02T11:08:26.190751+00:00,111.9,25,ask,,,4013109
2026-07-02T11:08:26.390724,2026-07-02T11:08:26.402091+00:00,111.9,25,ask,,,4013113
2026-07-02T11:08:26.605076,2026-07-02T11:08:26.613757+00:00,111.9,25,ask,,,4013122
2026-07-02T11:08:26.814199,2026-07-02T11:08:26.825970+00:00,111.9,2,ask,,,4013127
2026-07-02T11:08:29.732904,2026-07-02T11:08:29.744242+00:00,111.7,200,ask,,,4013181
2026-07-02T11:08:29.732904,2026-07-02T11:08:29.744242+00:00,111.6,5,ask,,,4013182
2026-07-02T11:08:29.732904,2026-07-02T11:08:29.744242+00:00,111.6,420,ask,,,4013183
2026-07-02T11:08:31.230380,2026-07-02T11:08:31.237387+00:00,111.8,25,ask,,,4013220
2026-07-02T11:08:31.440168,2026-07-02T11:08:31.446810+00:00,111.8,25,ask,,,4013231
2026-07-02T11:08:31.649315,2026-07-02T11:08:31.658591+00:00,111.8,25,ask,,,4013235
2026-07-02T11:08:33.196861,2026-07-02T11:08:33.206686+00:00,111.8,200,ask,,,4013252
2026-07-02T11:08:36.836704,2026-07-02T11:08:36.846009+00:00,111.8,200,ask,,,4013321
2026-07-02T11:08:38.922260,2026-07-02T11:08:38.931491+00:00,111.8,200,bid,,,4013357
2026-07-02T11:08:40.238613,2026-07-02T11:08:40.246020+00:00,111.7,200,ask,,,4013390
2026-07-02T11:08:40.464298,2026-07-02T11:08:40.473593+00:00,111.7,200,bid,,,4013393
2026-07-02T11:08:41.674373,2026-07-02T11:08:41.684866+00:00,111.7,200,ask,,,4013425
2026-07-02T11:08:43.450025,2026-07-02T11:08:43.455597+00:00,111.8,200,ask,,,4013470
2026-07-02T11:08:47.393321,2026-07-02T11:08:47.405026+00:00,111.7,20,ask,,,4013529
2026-07-02T11:08:48.939387,2026-07-02T11:08:48.947733+00:00,111.8,200,bid,,,4013566
2026-07-02T11:08:50.740677,2026-07-02T11:08:50.748433+00:00,111.7,200,ask,,,4013614
2026-07-02T11:08:50.740677,2026-07-02T11:08:50.748433+00:00,111.6,1,ask,,,4013615
2026-07-02T11:08:50.759881,2026-07-02T11:08:50.763571+00:00,111.6,3,bid,,,4013617
2026-07-02T11:08:50.898989,2026-07-02T11:08:50.903924+00:00,111.6,8,bid,,,4013622
2026-07-02T11:08:54.996915,2026-07-02T11:08:55.003631+00:00,111.6,200,bid,,,4013707
2026-07-02T11:08:56.204980,2026-07-02T11:08:56.212473+00:00,111.8,200,bid,,,4013724
2026-07-02T11:08:57.313112,2026-07-02T11:08:57.316873+00:00,111.7,3,ask,,,4013758
2026-07-02T11:08:58.620935,2026-07-02T11:08:58.631935+00:00,111.8,6,bid,,,4013777
2026-07-02T11:08:58.620935,2026-07-02T11:08:58.637201+00:00,111.8,200,bid,,,4013778
2026-07-02T11:08:58.644763,2026-07-02T11:08:58.652913+00:00,111.8,200,ask,,,4013779
2026-07-02T11:08:59.800793,2026-07-02T11:08:59.810720+00:00,111.8,219,ask,,,4013823
2026-07-02T11:08:59.850481,2026-07-02T11:08:59.857336+00:00,111.8,200,bid,,,4013826
2026-07-02T11:09:01.060593,2026-07-02T11:09:01.068814+00:00,111.7,200,bid,,,4013841
2026-07-02T11:09:03.877181,2026-07-02T11:09:03.885130+00:00,111.6,200,ask,,,4013911
2026-07-02T11:09:05.908514,2026-07-02T11:09:05.917075+00:00,111.5,1,ask,,,4013944
2026-07-02T11:09:10.432621,2026-07-02T11:09:10.442412+00:00,111.5,200,bid,,,4014039
2026-07-02T11:09:10.757399,2026-07-02T11:09:10.769031+00:00,111.5,200,ask,,,4014057
2026-07-02T11:09:12.103507,2026-07-02T11:09:12.107232+00:00,111.6,14,bid,,,4014089
2026-07-02T11:09:12.145195,2026-07-02T11:09:12.155339+00:00,111.6,25,bid,,,4014091
2026-07-02T11:09:12.354577,2026-07-02T11:09:12.363650+00:00,111.6,25,bid,,,4014094
2026-07-02T11:09:12.564535,2026-07-02T11:09:12.574842+00:00,111.6,25,bid,,,4014101
2026-07-02T11:09:12.773970,2026-07-02T11:09:12.783919+00:00,111.6,25,bid,,,4014111
2026-07-02T11:09:12.986083,2026-07-02T11:09:12.996338+00:00,111.6,25,bid,,,4014123
2026-07-02T11:09:13.177530,2026-07-02T11:09:13.187798+00:00,111.4,200,ask,,,4014131
2026-07-02T11:09:13.211370,2026-07-02T11:09:13.219335+00:00,111.6,1,bid,,,4014134
2026-07-02T11:09:14.425120,2026-07-02T11:09:14.435019+00:00,111.5,25,bid,,,4014163
2026-07-02T11:09:15.244357,2026-07-02T11:09:15.263648+00:00,111.4,20,ask,,,4014174
2026-07-02T11:09:15.681674,2026-07-02T11:09:15.690403+00:00,111.7,2,bid,,,4014188
2026-07-02T11:09:15.681674,2026-07-02T11:09:15.690403+00:00,111.7,200,bid,,,4014189
2026-07-02T11:09:15.701826,2026-07-02T11:09:15.705679+00:00,111.7,14,ask,,,4014191
2026-07-02T11:09:16.127764,2026-07-02T11:09:16.135851+00:00,111.7,409,ask,,,4014201
2026-07-02T11:09:17.337930,2026-07-02T11:09:17.349748+00:00,111.5,20,ask,,,4014218
2026-07-02T11:09:18.419872,2026-07-02T11:09:18.423272+00:00,111.5,14,bid,,,4014248
2026-07-02T11:09:19.616355,2026-07-02T11:09:19.625343+00:00,111.5,500,bid,,,4014264
2026-07-02T11:09:19.616355,2026-07-02T11:09:19.625343+00:00,111.5,125,bid,,,4014265
2026-07-02T11:09:19.852205,2026-07-02T11:09:19.858567+00:00,111.5,20,bid,,,4014271
2026-07-02T11:09:20.382179,2026-07-02T11:09:20.442031+00:00,111.4,2,ask,,,4014287
2026-07-02T11:09:20.428246,2026-07-02T11:09:20.442031+00:00,111.4,12,bid,,,4014292
2026-07-02T11:09:22.189428,2026-07-02T11:09:22.196110+00:00,111.5,20,bid,,,4014326
2026-07-02T11:09:24.769570,2026-07-02T11:09:24.773365+00:00,111.4,11,bid,,,4014385
2026-07-02T11:09:25.278859,2026-07-02T11:09:25.289875+00:00,111.3,2,ask,,,4014390
2026-07-02T11:09:25.278859,2026-07-02T11:09:25.289875+00:00,111.3,198,ask,,,4014391
2026-07-02T11:09:25.649440,2026-07-02T11:09:25.651936+00:00,111.5,20,bid,,,4014400
2026-07-02T11:09:27.491721,2026-07-02T11:09:27.500250+00:00,111.3,3,ask,,,4014447
2026-07-02T11:09:27.491721,2026-07-02T11:09:27.500250+00:00,111.3,200,ask,,,4014448
2026-07-02T11:09:27.513880,2026-07-02T11:09:27.518407+00:00,111.3,12,bid,,,4014450
2026-07-02T11:09:27.691039,2026-07-02T11:09:27.701424+00:00,111.3,200,bid,,,4014458
2026-07-02T11:09:28.804482,2026-07-02T11:09:28.815042+00:00,111.5,200,bid,,,4014480
2026-07-02T11:09:30.126437,2026-07-02T11:09:30.136720+00:00,111.5,200,ask,,,4014505
2026-07-02T11:09:31.452242,2026-07-02T11:09:31.470278+00:00,111.4,200,ask,,,4014538
2026-07-02T11:09:31.465858,2026-07-02T11:09:31.470278+00:00,111.3,22,bid,,,4014542
2026-07-02T11:09:33.220905,2026-07-02T11:09:33.231223+00:00,111.3,20,bid,,,4014577
2026-07-02T11:09:33.690476,2026-07-02T11:09:33.697033+00:00,111.3,180,bid,,,4014584
2026-07-02T11:09:33.752033,2026-07-02T11:09:33.758537+00:00,111.3,200,ask,,,4014586
2026-07-02T11:09:36.182100,2026-07-02T11:09:36.190554+00:00,111.2,2,ask,,,4014637
2026-07-02T11:09:36.182100,2026-07-02T11:09:36.190554+00:00,111.1,198,ask,,,4014638
2026-07-02T11:09:36.701581,2026-07-02T11:09:36.708258+00:00,111.2,5,ask,,,4014646
2026-07-02T11:09:37.329718,2026-07-02T11:09:37.337921+00:00,111.2,500,bid,,,4014657
2026-07-02T11:09:37.396154,2026-07-02T11:09:37.405542+00:00,111.1,4,ask,,,4014659
2026-07-02T11:09:37.926283,2026-07-02T11:09:37.934721+00:00,111.1,196,bid,,,4014673
2026-07-02T11:09:38.028540,2026-07-02T11:09:38.032138+00:00,111.4,22,ask,,,4014679
2026-07-02T11:09:39.325314,2026-07-02T11:09:39.351915+00:00,111.5,10,bid,,,4014704
2026-07-02T11:09:39.325314,2026-07-02T11:09:39.351915+00:00,111.5,200,bid,,,4014705
2026-07-02T11:09:39.348052,2026-07-02T11:09:39.351915+00:00,111.5,12,ask,,,4014707
2026-07-02T11:09:40.665034,2026-07-02T11:09:40.669201+00:00,111.5,12,bid,,,4014731
2026-07-02T11:09:41.962302,2026-07-02T11:09:41.969782+00:00,111.4,200,ask,,,4014759
2026-07-02T11:09:41.983160,2026-07-02T11:09:41.986917+00:00,111.4,11,bid,,,4014762
2026-07-02T11:09:42.085904,2026-07-02T11:09:42.094679+00:00,111.4,18,bid,,,4014764
2026-07-02T11:09:43.272982,2026-07-02T11:09:43.281041+00:00,111.5,200,bid,,,4014789
2026-07-02T11:09:43.805177,2026-07-02T11:09:43.809281+00:00,111.5,23,ask,,,4014802
2026-07-02T11:09:45.931647,2026-07-02T11:09:45.941973+00:00,111.6,6,bid,,,4014855
2026-07-02T11:09:45.931647,2026-07-02T11:09:45.941973+00:00,111.6,200,bid,,,4014856
2026-07-02T11:09:45.950392,2026-07-02T11:09:45.954387+00:00,111.6,11,ask,,,4014858
2026-07-02T11:09:46.920764,2026-07-02T11:09:46.924394+00:00,111.7,10,bid,,,4014872
2026-07-02T11:09:47.096246,2026-07-02T11:09:47.101075+00:00,111.7,1,bid,,,4014878
2026-07-02T11:09:47.264130,2026-07-02T11:09:47.267830+00:00,111.6,12,bid,,,4014883
2026-07-02T11:09:49.502327,2026-07-02T11:09:49.511604+00:00,111.6,7,bid,,,4014933
2026-07-02T11:09:49.880972,2026-07-02T11:09:49.891590+00:00,111.6,193,ask,,,4014938
2026-07-02T11:09:50.138095,2026-07-02T11:09:50.142642+00:00,111.4,12,ask,,,4014946
2026-07-02T11:09:50.724082,2026-07-02T11:09:50.727652+00:00,111.5,11,ask,,,4014970
2026-07-02T11:09:53.128191,2026-07-02T11:09:53.137452+00:00,111.6,6,bid,,,4015004
2026-07-02T11:09:53.128191,2026-07-02T11:09:53.137452+00:00,111.6,194,bid,,,4015005
2026-07-02T11:09:56.454214,2026-07-02T11:09:56.457236+00:00,111.5,200,ask,,,4015061
2026-07-02T11:09:56.468485,2026-07-02T11:09:56.472325+00:00,111.5,1,bid,,,4015063
2026-07-02T11:09:56.522217,2026-07-02T11:09:56.528903+00:00,111.5,1,bid,,,4015065
2026-07-02T11:09:59.077786,2026-07-02T11:09:59.088329+00:00,111.4,4,ask,,,4015110
2026-07-02T11:09:59.077786,2026-07-02T11:09:59.088329+00:00,111.4,200,ask,,,4015111
2026-07-02T11:09:59.178984,2026-07-02T11:09:59.185726+00:00,111.4,200,bid,,,4015116
2026-07-02T11:09:59.644203,2026-07-02T11:09:59.649393+00:00,111.3,5,ask,,,4015124
2026-07-02T11:09:59.644203,2026-07-02T11:09:59.649393+00:00,111.3,8,ask,,,4015125
2026-07-02T11:10:00.405772,2026-07-02T11:10:00.409500+00:00,111.4,11,ask,,,4015146
2026-07-02T11:10:02.813171,2026-07-02T11:10:02.817400+00:00,111.5,11,bid,,,4015216
2026-07-02T11:10:02.842512,2026-07-02T11:10:02.846383+00:00,111.4,12,bid,,,4015218
2026-07-02T11:10:04.559281,2026-07-02T11:10:04.569119+00:00,111.4,200,bid,,,4015241
2026-07-02T11:10:04.559281,2026-07-02T11:10:04.569119+00:00,111.4,300,bid,,,4015242
2026-07-02T11:10:05.046303,2026-07-02T11:10:05.063961+00:00,111.4,20,bid,,,4015247
2026-07-02T11:10:06.447644,2026-07-02T11:10:06.458559+00:00,111.4,200,ask,,,4015265
2026-07-02T11:10:07.657698,2026-07-02T11:10:07.665220+00:00,111.4,200,ask,,,4015283
2026-07-02T11:10:10.007899,2026-07-02T11:10:10.015961+00:00,111.5,500,bid,,,4015324
2026-07-02T11:10:10.106240,2026-07-02T11:10:10.114544+00:00,111.4,20,ask,,,4015332
2026-07-02T11:10:10.605477,2026-07-02T11:10:10.613258+00:00,111.5,125,bid,,,4015339
2026-07-02T11:10:10.882318,2026-07-02T11:10:10.889820+00:00,111.6,3,bid,,,4015344
2026-07-02T11:10:10.882318,2026-07-02T11:10:10.895088+00:00,111.6,200,bid,,,4015345
2026-07-02T11:10:10.901531,2026-07-02T11:10:10.905345+00:00,111.8,1,ask,,,4015347
2026-07-02T11:10:10.969655,2026-07-02T11:10:10.973784+00:00,111.8,25,ask,,,4015349
2026-07-02T11:10:11.305515,2026-07-02T11:10:11.315877+00:00,111.8,200,ask,,,4015362
2026-07-02T11:10:13.505206,2026-07-02T11:10:13.516413+00:00,111.9,200,bid,,,4015409
2026-07-02T11:10:13.557302,2026-07-02T11:10:13.569024+00:00,111.9,25,ask,,,4015410
2026-07-02T11:10:13.727344,2026-07-02T11:10:13.736069+00:00,111.9,200,ask,,,4015422
2026-07-02T11:10:13.768201,2026-07-02T11:10:13.779723+00:00,111.9,25,ask,,,4015423
2026-07-02T11:10:13.978447,2026-07-02T11:10:13.989974+00:00,111.9,25,ask,,,4015431
2026-07-02T11:10:15.559171,2026-07-02T11:10:15.570582+00:00,111.8,20,ask,,,4015464
2026-07-02T11:10:16.129802,2026-07-02T11:10:16.138376+00:00,111.9,200,bid,,,4015480
2026-07-02T11:10:16.129802,2026-07-02T11:10:16.138376+00:00,111.9,2,bid,,,4015481
2026-07-02T11:10:16.154463,2026-07-02T11:10:16.153777+00:00,111.9,200,ask,,,4015483
2026-07-02T11:10:23.427230,2026-07-02T11:10:23.437984+00:00,111.7,200,ask,,,4015634
2026-07-02T11:10:29.468573,2026-07-02T11:10:29.475409+00:00,111.7,200,bid,,,4015737
2026-07-02T11:10:31.521448,2026-07-02T11:10:31.529553+00:00,111.6,20,ask,,,4015792
2026-07-02T11:10:31.895869,2026-07-02T11:10:31.905923+00:00,111.8,200,bid,,,4015802
2026-07-02T11:10:33.184977,2026-07-02T11:10:33.194490+00:00,111.8,500,bid,,,4015831
2026-07-02T11:10:33.617567,2026-07-02T11:10:33.625355+00:00,111.8,125,ask,,,4015836
2026-07-02T11:10:34.498985,2026-07-02T11:10:34.508577+00:00,111.7,200,ask,,,4015863
2026-07-02T11:10:35.533133,2026-07-02T11:10:35.544246+00:00,111.6,200,bid,,,4015883
2026-07-02T11:10:37.121818,2026-07-02T11:10:37.130415+00:00,111.8,200,bid,,,4015920
2026-07-02T11:10:37.956113,2026-07-02T11:10:37.958596+00:00,111.8,200,ask,,,4015941
2026-07-02T11:10:39.746819,2026-07-02T11:10:39.756828+00:00,111.8,500,bid,,,4015963
2026-07-02T11:10:40.273278,2026-07-02T11:10:40.284677+00:00,111.8,125,ask,,,4015973
2026-07-02T11:10:40.836046,2026-07-02T11:10:40.847632+00:00,111.6,25,ask,,,4015992
2026-07-02T11:10:41.045182,2026-07-02T11:10:41.058635+00:00,111.6,21,ask,,,4015999
2026-07-02T11:10:41.576969,2026-07-02T11:10:41.583707+00:00,111.7,200,bid,,,4016016
2026-07-02T11:10:43.993470,2026-07-02T11:10:44.002971+00:00,111.7,200,bid,,,4016066
2026-07-02T11:10:46.098539,2026-07-02T11:10:46.111144+00:00,111.7,20,bid,,,4016097
2026-07-02T11:10:47.639209,2026-07-02T11:10:47.645706+00:00,111.5,2,ask,,,4016131
2026-07-02T11:10:51.557611,2026-07-02T11:10:51.564465+00:00,111.6,500,bid,,,4016216
2026-07-02T11:10:51.772081,2026-07-02T11:10:51.779960+00:00,111.6,125,ask,,,4016218
2026-07-02T11:10:51.772081,2026-07-02T11:10:51.784937+00:00,111.5,200,ask,,,4016219
2026-07-02T11:10:53.611895,2026-07-02T11:10:53.621584+00:00,111.4,1,ask,,,4016235
2026-07-02T11:10:53.611895,2026-07-02T11:10:53.621584+00:00,111.4,200,ask,,,4016236
2026-07-02T11:10:55.483903,2026-07-02T11:10:55.493984+00:00,111.4,500,bid,,,4016270
2026-07-02T11:10:56.016533,2026-07-02T11:10:56.024127+00:00,111.4,125,ask,,,4016279
2026-07-02T11:10:56.108667,2026-07-02T11:10:56.119624+00:00,111.4,200,bid,,,4016284
2026-07-02T11:10:57.343607,2026-07-02T11:10:57.351072+00:00,111.3,1,ask,,,4016302
2026-07-02T11:10:58.105243,2026-07-02T11:10:58.116738+00:00,111.3,3,ask,,,4016314
2026-07-02T11:10:58.523103,2026-07-02T11:10:58.530815+00:00,111.3,200,bid,,,4016328
2026-07-02T11:10:59.415035,2026-07-02T11:10:59.426388+00:00,111.3,500,bid,,,4016339
2026-07-02T11:11:00.964797,2026-07-02T11:11:00.975240+00:00,111.3,200,bid,,,4016372
2026-07-02T11:11:03.380116,2026-07-02T11:11:03.390823+00:00,111.3,200,bid,,,4016419
2026-07-02T11:11:04.586758,2026-07-02T11:11:04.593640+00:00,111.3,200,bid,,,4016449
2026-07-02T11:11:04.673395,2026-07-02T11:11:04.684846+00:00,111.2,1,ask,,,4016451
2026-07-02T11:11:05.793466,2026-07-02T11:11:05.801160+00:00,111.2,200,bid,,,4016473
2026-07-02T11:11:08.224938,2026-07-02T11:11:08.235677+00:00,111.1,3,ask,,,4016514
2026-07-02T11:11:08.224938,2026-07-02T11:11:08.235677+00:00,111.1,197,ask,,,4016515
2026-07-02T11:11:09.918942,2026-07-02T11:11:09.927767+00:00,111.2,200,bid,,,4016554
2026-07-02T11:11:11.851809,2026-07-02T11:11:11.858539+00:00,111.3,200,ask,,,4016597
2026-07-02T11:11:12.413807,2026-07-02T11:11:12.417243+00:00,111.5,3,bid,,,4016615
2026-07-02T11:11:12.515150,2026-07-02T11:11:12.523437+00:00,111.5,25,bid,,,4016620
2026-07-02T11:11:12.724522,2026-07-02T11:11:12.732248+00:00,111.5,25,bid,,,4016628
2026-07-02T11:11:12.934435,2026-07-02T11:11:12.940775+00:00,111.5,25,bid,,,4016633
2026-07-02T11:11:13.059067,2026-07-02T11:11:13.069254+00:00,111.3,200,ask,,,4016638
2026-07-02T11:11:13.145214,2026-07-02T11:11:13.156461+00:00,111.5,25,bid,,,4016640
2026-07-02T11:11:13.477217,2026-07-02T11:11:13.481435+00:00,111.4,6,bid,,,4016646
2026-07-02T11:11:13.876963,2026-07-02T11:11:13.880622+00:00,111.3,17,bid,,,4016658
2026-07-02T11:11:15.175316,2026-07-02T11:11:15.185397+00:00,111.2,200,ask,,,4016676
2026-07-02T11:11:15.175316,2026-07-02T11:11:15.185397+00:00,111.1,4,ask,,,4016677
2026-07-02T11:11:15.479094,2026-07-02T11:11:15.490132+00:00,111.1,200,bid,,,4016687
2026-07-02T11:11:15.630053,2026-07-02T11:11:15.634556+00:00,111.0,8,ask,,,4016693
2026-07-02T11:11:15.630053,2026-07-02T11:11:15.634556+00:00,111.0,15,ask,,,4016694
2026-07-02T11:11:16.508315,2026-07-02T11:11:16.511945+00:00,111.1,3,ask,,,4016719
2026-07-02T11:11:17.800263,2026-07-02T11:11:17.807438+00:00,111.2,200,bid,,,4016740
2026-07-02T11:11:17.958965,2026-07-02T11:11:17.969762+00:00,111.2,25,ask,,,4016745
2026-07-02T11:11:18.177008,2026-07-02T11:11:18.187865+00:00,111.2,25,ask,,,4016752
2026-07-02T11:11:18.388957,2026-07-02T11:11:18.398955+00:00,111.2,25,ask,,,4016757
2026-07-02T11:11:18.598657,2026-07-02T11:11:18.610415+00:00,111.2,25,ask,,,4016763
2026-07-02T11:11:18.740021,2026-07-02T11:11:18.743826+00:00,111.3,3,bid,,,4016772
2026-07-02T11:11:18.818256,2026-07-02T11:11:18.829773+00:00,111.3,25,bid,,,4016776
2026-07-02T11:11:19.030854,2026-07-02T11:11:19.041314+00:00,111.3,22,bid,,,4016779
2026-07-02T11:11:20.428208,2026-07-02T11:11:20.436023+00:00,111.3,200,bid,,,4016812
2026-07-02T11:11:20.442501,2026-07-02T11:11:20.446841+00:00,111.3,2,ask,,,4016814
2026-07-02T11:11:20.487839,2026-07-02T11:11:20.491798+00:00,111.3,1,ask,,,4016816
2026-07-02T11:11:22.745649,2026-07-02T11:11:22.752963+00:00,111.3,200,bid,,,4016871
2026-07-02T11:11:23.952290,2026-07-02T11:11:23.958599+00:00,111.4,200,bid,,,4016905
2026-07-02T11:11:24.445911,2026-07-02T11:11:24.458642+00:00,111.4,25,ask,,,4016912
2026-07-02T11:11:24.656111,2026-07-02T11:11:24.667613+00:00,111.4,25,ask,,,4016918
2026-07-02T11:11:24.867383,2026-07-02T11:11:24.879240+00:00,111.4,25,ask,,,4016923
2026-07-02T11:11:28.294916,2026-07-02T11:11:28.302394+00:00,111.3,200,ask,,,4016999
2026-07-02T11:11:28.805150,2026-07-02T11:11:28.814748+00:00,111.3,200,bid,,,4017015
2026-07-02T11:11:34.848743,2026-07-02T11:11:34.856530+00:00,111.3,200,bid,,,4017157
2026-07-02T11:11:35.276570,2026-07-02T11:11:35.288420+00:00,111.5,4,bid,,,4017172
2026-07-02T11:11:35.276570,2026-07-02T11:11:35.288420+00:00,111.5,16,bid,,,4017173
2026-07-02T11:11:36.096089,2026-07-02T11:11:36.105618+00:00,111.3,200,ask,,,4017197
2026-07-02T11:11:37.304374,2026-07-02T11:11:37.312090+00:00,111.2,200,ask,,,4017227
2026-07-02T11:11:37.474124,2026-07-02T11:11:37.481777+00:00,111.1,6,ask,,,4017234
2026-07-02T11:11:38.511983,2026-07-02T11:11:38.521148+00:00,111.1,200,bid,,,4017253
2026-07-02T11:11:39.571847,2026-07-02T11:11:39.579459+00:00,111.2,20,bid,,,4017274
2026-07-02T11:11:39.720154,2026-07-02T11:11:39.729757+00:00,111.2,200,bid,,,4017279
2026-07-02T11:11:40.928350,2026-07-02T11:11:40.937339+00:00,111.3,200,bid,,,4017310
2026-07-02T11:11:41.506545,2026-07-02T11:11:41.518498+00:00,111.2,25,ask,,,4017319
2026-07-02T11:11:41.715614,2026-07-02T11:11:41.727551+00:00,111.2,25,ask,,,4017322
2026-07-02T11:11:42.760773,2026-07-02T11:11:42.772293+00:00,111.3,200,ask,,,4017357
2026-07-02T11:11:48.179576,2026-07-02T11:11:48.187356+00:00,111.4,4,bid,,,4017453
2026-07-02T11:11:48.179576,2026-07-02T11:11:48.187356+00:00,111.4,196,bid,,,4017454
2026-07-02T11:11:50.595020,2026-07-02T11:11:50.604011+00:00,111.4,4,bid,,,4017510
2026-07-02T11:11:51.724601,2026-07-02T11:11:51.731520+00:00,111.4,196,ask,,,4017530
2026-07-02T11:11:51.724601,2026-07-02T11:11:51.736691+00:00,111.4,304,ask,,,4017531
2026-07-02T11:11:51.938312,2026-07-02T11:11:51.949580+00:00,111.4,200,ask,,,4017537
2026-07-02T11:11:53.009825,2026-07-02T11:11:53.019480+00:00,111.3,200,bid,,,4017559
2026-07-02T11:11:54.555767,2026-07-02T11:11:54.558658+00:00,111.4,500,bid,,,4017584
2026-07-02T11:11:54.752208,2026-07-02T11:11:54.758562+00:00,111.4,125,ask,,,4017585
2026-07-02T11:11:54.752208,2026-07-02T11:11:54.758562+00:00,111.3,200,ask,,,4017586
2026-07-02T11:12:01.414064,2026-07-02T11:12:01.424370+00:00,111.2,200,ask,,,4017687
2026-07-02T11:12:02.691846,2026-07-02T11:12:02.701331+00:00,111.3,200,bid,,,4017717
2026-07-02T11:12:04.427654,2026-07-02T11:12:04.438800+00:00,111.2,200,ask,,,4017746
2026-07-02T11:12:06.312952,2026-07-02T11:12:06.321936+00:00,111.2,200,bid,,,4017791
2026-07-02T11:12:06.929258,2026-07-02T11:12:06.941084+00:00,111.3,20,bid,,,4017796
2026-07-02T11:12:07.666475,2026-07-02T11:12:07.679059+00:00,111.2,200,ask,,,4017815
2026-07-02T11:12:08.728762,2026-07-02T11:12:08.738495+00:00,111.2,200,bid,,,4017842
2026-07-02T11:12:09.274544,2026-07-02T11:12:09.284813+00:00,111.2,500,ask,,,4017848
2026-07-02T11:12:09.870340,2026-07-02T11:12:09.880178+00:00,111.2,125,ask,,,4017859
2026-07-02T11:12:11.151303,2026-07-02T11:12:11.160912+00:00,111.1,200,bid,,,4017885
2026-07-02T11:12:15.576970,2026-07-02T11:12:15.580927+00:00,111.1,3,bid,,,4017968
2026-07-02T11:12:15.593818,2026-07-02T11:12:15.601404+00:00,111.1,25,bid,,,4017970
2026-07-02T11:12:15.806561,2026-07-02T11:12:15.816521+00:00,111.1,25,bid,,,4017978
2026-07-02T11:12:15.991249,2026-07-02T11:12:16.011563+00:00,111.0,4,ask,,,4017980
2026-07-02T11:12:16.007905,2026-07-02T11:12:16.011563+00:00,111.0,11,bid,,,4017982
2026-07-02T11:12:16.015569,2026-07-02T11:12:16.026823+00:00,111.0,25,bid,,,4017984
2026-07-02T11:12:16.228174,2026-07-02T11:12:16.239019+00:00,111.0,25,bid,,,4017995
2026-07-02T11:12:16.438142,2026-07-02T11:12:16.444774+00:00,111.0,25,bid,,,4018002
2026-07-02T11:12:16.649421,2026-07-02T11:12:16.658591+00:00,111.0,25,bid,,,4018009
2026-07-02T11:12:16.859299,2026-07-02T11:12:16.866370+00:00,111.0,25,bid,,,4018017
2026-07-02T11:12:16.870541,2026-07-02T11:12:16.876990+00:00,111.0,60,bid,,,4018021
2026-07-02T11:12:17.268856,2026-07-02T11:12:17.277340+00:00,111.1,16,bid,,,4018030
2026-07-02T11:12:18.934801,2026-07-02T11:12:18.938845+00:00,111.0,11,ask,,,4018060
2026-07-02T11:12:20.835401,2026-07-02T11:12:20.846563+00:00,111.0,200,ask,,,4018104
2026-07-02T11:12:24.734566,2026-07-02T11:12:24.741594+00:00,110.9,7,ask,,,4018192
2026-07-02T11:12:24.734566,2026-07-02T11:12:24.746894+00:00,110.9,200,ask,,,4018193
2026-07-02T11:12:25.291575,2026-07-02T11:12:25.295823+00:00,110.8,10,ask,,,4018203
2026-07-02T11:12:25.298989,2026-07-02T11:12:25.303108+00:00,110.7,3,ask,,,4018205
2026-07-02T11:12:25.701291,2026-07-02T11:12:25.712920+00:00,110.8,9,ask,,,4018214
2026-07-02T11:12:26.110583,2026-07-02T11:12:26.122281+00:00,110.8,25,ask,,,4018224
2026-07-02T11:12:26.318919,2026-07-02T11:12:26.330527+00:00,110.8,1,ask,,,4018239
2026-07-02T11:12:29.324668,2026-07-02T11:12:29.331590+00:00,110.8,3,ask,,,4018292
2026-07-02T11:12:29.324668,2026-07-02T11:12:29.336917+00:00,110.8,197,ask,,,4018293
2026-07-02T11:12:30.005994,2026-07-02T11:12:30.015731+00:00,110.8,2,ask,,,4018311
2026-07-02T11:12:30.005994,2026-07-02T11:12:30.015731+00:00,110.6,200,ask,,,4018312
2026-07-02T11:12:30.005994,2026-07-02T11:12:30.015731+00:00,110.6,423,ask,,,4018313
2026-07-02T11:12:31.318915,2026-07-02T11:12:31.330296+00:00,110.8,1,ask,,,4018342
2026-07-02T11:12:31.337217,2026-07-02T11:12:31.342034+00:00,110.8,1,bid,,,4018344
2026-07-02T11:12:31.663821,2026-07-02T11:12:31.667584+00:00,110.8,1,bid,,,4018349
2026-07-02T11:12:31.744242,2026-07-02T11:12:31.753377+00:00,110.8,200,bid,,,4018352
2026-07-02T11:12:31.749884,2026-07-02T11:12:31.753377+00:00,110.8,1,bid,,,4018353
2026-07-02T11:12:31.957292,2026-07-02T11:12:31.964162+00:00,110.8,1,bid,,,4018359
2026-07-02T11:12:32.367553,2026-07-02T11:12:32.374319+00:00,110.8,1,bid,,,4018368
2026-07-02T11:12:35.375543,2026-07-02T11:12:35.385762+00:00,110.9,200,ask,,,4018428
2026-07-02T11:12:37.872657,2026-07-02T11:12:37.880662+00:00,110.9,200,ask,,,4018482
2026-07-02T11:12:41.128124,2026-07-02T11:12:41.131457+00:00,110.9,3,ask,,,4018559
2026-07-02T11:12:42.990866,2026-07-02T11:12:43.002578+00:00,110.9,25,ask,,,4018593
2026-07-02T11:12:43.217323,2026-07-02T11:12:43.226762+00:00,110.9,25,ask,,,4018597
2026-07-02T11:12:43.425089,2026-07-02T11:12:43.436825+00:00,110.9,25,ask,,,4018606
2026-07-02T11:12:43.634421,2026-07-02T11:12:43.646177+00:00,110.9,25,ask,,,4018610
2026-07-02T11:12:45.550208,2026-07-02T11:12:45.564008+00:00,111.0,20,bid,,,4018648
2026-07-02T11:12:45.760189,2026-07-02T11:12:45.769598+00:00,110.9,200,ask,,,4018652
2026-07-02T11:12:45.760189,2026-07-02T11:12:45.769598+00:00,110.9,425,ask,,,4018653
2026-07-02T11:12:47.450154,2026-07-02T11:12:47.458638+00:00,111.0,25,ask,,,4018695
2026-07-02T11:12:48.378590,2026-07-02T11:12:48.388504+00:00,111.0,200,ask,,,4018711
2026-07-02T11:12:48.378590,2026-07-02T11:12:48.388504+00:00,111.0,425,ask,,,4018712
2026-07-02T11:12:49.256280,2026-07-02T11:12:49.269126+00:00,111.1,6,bid,,,4018725
2026-07-02T11:12:49.256280,2026-07-02T11:12:49.269126+00:00,111.1,200,bid,,,4018726
2026-07-02T11:12:49.701263,2026-07-02T11:12:49.704914+00:00,111.2,3,ask,,,4018744
2026-07-02T11:12:50.664309,2026-07-02T11:12:50.672470+00:00,111.2,3,ask,,,4018764
2026-07-02T11:12:51.111902,2026-07-02T11:12:51.122634+00:00,111.2,200,ask,,,4018774
2026-07-02T11:12:52.318576,2026-07-02T11:12:52.325325+00:00,111.3,200,bid,,,4018808
2026-07-02T11:12:54.738474,2026-07-02T11:12:54.749862+00:00,111.3,6,bid,,,4018859
2026-07-02T11:12:54.757444,2026-07-02T11:12:54.761448+00:00,111.3,11,ask,,,4018862
2026-07-02T11:12:56.283351,2026-07-02T11:12:56.294775+00:00,111.2,3,ask,,,4018882
2026-07-02T11:12:58.377401,2026-07-02T11:12:58.387883+00:00,111.4,1,bid,,,4018939
2026-07-02T11:13:00.168963,2026-07-02T11:13:00.182072+00:00,111.5,1,bid,,,4018973
2026-07-02T11:13:00.168963,2026-07-02T11:13:00.182072+00:00,111.5,200,bid,,,4018974
2026-07-02T11:13:00.799628,2026-07-02T11:13:00.810705+00:00,111.5,200,ask,,,4018991
2026-07-02T11:13:02.799655,2026-07-02T11:13:02.810020+00:00,111.4,200,ask,,,4019019
2026-07-02T11:13:03.218187,2026-07-02T11:13:03.228474+00:00,111.4,200,bid,,,4019028
2026-07-02T11:13:05.004934,2026-07-02T11:13:05.016926+00:00,111.5,20,bid,,,4019075
2026-07-02T11:13:05.420123,2026-07-02T11:13:05.431258+00:00,111.4,200,ask,,,4019084
2026-07-02T11:13:05.635935,2026-07-02T11:13:05.644199+00:00,111.4,200,bid,,,4019090
2026-07-02T11:13:07.909237,2026-07-02T11:13:07.915928+00:00,111.3,20,ask,,,4019132
2026-07-02T11:13:08.066504,2026-07-02T11:13:08.074579+00:00,111.4,200,bid,,,4019137
2026-07-02T11:13:08.066504,2026-07-02T11:13:08.079570+00:00,111.4,1,bid,,,4019138
2026-07-02T11:13:09.296256,2026-07-02T11:13:09.304942+00:00,111.4,200,ask,,,4019159
2026-07-02T11:13:09.412484,2026-07-02T11:13:09.416467+00:00,111.3,11,bid,,,4019161
2026-07-02T11:13:10.506810,2026-07-02T11:13:10.514993+00:00,111.3,200,bid,,,4019185
2026-07-02T11:13:12.011401,2026-07-02T11:13:12.022374+00:00,111.3,500,ask,,,4019221
2026-07-02T11:13:12.245460,2026-07-02T11:13:12.258593+00:00,111.3,125,bid,,,4019227
2026-07-02T11:13:17.779199,2026-07-02T11:13:17.786915+00:00,111.4,200,ask,,,4019333
2026-07-02T11:13:19.103244,2026-07-02T11:13:19.107188+00:00,111.3,11,ask,,,4019350
2026-07-02T11:13:20.904512,2026-07-02T11:13:20.908539+00:00,111.3,12,ask,,,4019381
2026-07-02T11:13:21.197104,2026-07-02T11:13:21.207008+00:00,111.3,188,ask,,,4019384
2026-07-02T11:13:21.360821,2026-07-02T11:13:21.371036+00:00,111.1,2,ask,,,4019387
2026-07-02T11:13:21.405898,2026-07-02T11:13:21.413298+00:00,111.2,200,bid,,,4019394
2026-07-02T11:13:21.951657,2026-07-02T11:13:21.958569+00:00,111.2,237,bid,,,4019404
2026-07-02T11:13:22.503999,2026-07-02T11:13:22.513320+00:00,111.4,200,bid,,,4019411
2026-07-02T11:13:22.519414,2026-07-02T11:13:22.523633+00:00,111.4,11,ask,,,4019413
2026-07-02T11:13:22.686715,2026-07-02T11:13:22.698299+00:00,111.5,1,bid,,,4019417
2026-07-02T11:13:22.686715,2026-07-02T11:13:22.698299+00:00,111.5,19,bid,,,4019418
2026-07-02T11:13:23.823870,2026-07-02T11:13:23.831601+00:00,111.4,200,bid,,,4019438
2026-07-02T11:13:25.383807,2026-07-02T11:13:25.391754+00:00,111.3,1,ask,,,4019465
2026-07-02T11:13:26.207272,2026-07-02T11:13:26.214663+00:00,111.4,500,bid,,,4019485
2026-07-02T11:13:26.432210,2026-07-02T11:13:26.439642+00:00,111.4,200,bid,,,4019489
2026-07-02T11:13:27.460056,2026-07-02T11:13:27.469616+00:00,111.4,200,ask,,,4019503
2026-07-02T11:13:27.746032,2026-07-02T11:13:27.774625+00:00,111.4,500,ask,,,4019506
2026-07-02T11:13:27.771096,2026-07-02T11:13:27.774625+00:00,111.4,11,bid,,,4019511
2026-07-02T11:13:28.011073,2026-07-02T11:13:28.018445+00:00,111.4,114,bid,,,4019514
2026-07-02T11:13:28.397710,2026-07-02T11:13:28.407453+00:00,111.4,1,ask,,,4019530
2026-07-02T11:13:28.670015,2026-07-02T11:13:28.679782+00:00,111.4,200,ask,,,4019533
2026-07-02T11:13:29.879886,2026-07-02T11:13:29.891299+00:00,111.4,200,ask,,,4019551
2026-07-02T11:13:31.089262,2026-07-02T11:13:31.100095+00:00,111.4,200,ask,,,4019569
2026-07-02T11:13:31.688267,2026-07-02T11:13:31.691489+00:00,111.4,12,bid,,,4019590
2026-07-02T11:13:31.702907,2026-07-02T11:13:31.706141+00:00,111.4,11,bid,,,4019593
2026-07-02T11:13:37.137130,2026-07-02T11:13:37.145365+00:00,111.3,200,bid,,,4019718
2026-07-02T11:13:42.004668,2026-07-02T11:13:42.008441+00:00,111.3,3,bid,,,4019809
2026-07-02T11:13:42.157480,2026-07-02T11:13:42.169139+00:00,111.3,197,bid,,,4019814
2026-07-02T11:13:42.230389,2026-07-02T11:13:42.241897+00:00,111.3,11,ask,,,4019815
2026-07-02T11:13:43.456353,2026-07-02T11:13:43.463653+00:00,111.4,20,bid,,,4019848
2026-07-02T11:13:44.417136,2026-07-02T11:13:44.423774+00:00,111.4,200,bid,,,4019871
2026-07-02T11:13:46.098773,2026-07-02T11:13:46.105817+00:00,111.3,20,bid,,,4019917
2026-07-02T11:13:46.783514,2026-07-02T11:13:46.790716+00:00,111.2,200,ask,,,4019930
2026-07-02T11:13:46.806804,2026-07-02T11:13:46.810473+00:00,111.2,3,bid,,,4019934
2026-07-02T11:13:46.856193,2026-07-02T11:13:46.862909+00:00,111.2,25,bid,,,4019936
2026-07-02T11:13:47.069528,2026-07-02T11:13:47.079573+00:00,111.2,25,bid,,,4019944
2026-07-02T11:13:47.278548,2026-07-02T11:13:47.286038+00:00,111.2,25,bid,,,4019947
2026-07-02T11:13:47.390744,2026-07-02T11:13:47.397550+00:00,111.2,500,bid,,,4019948
2026-07-02T11:13:47.390744,2026-07-02T11:13:47.403067+00:00,111.3,125,bid,,,4019949
2026-07-02T11:13:47.575726,2026-07-02T11:13:47.580442+00:00,111.1,1,ask,,,4019960
2026-07-02T11:13:47.575726,2026-07-02T11:13:47.580442+00:00,111.1,2,ask,,,4019961
2026-07-02T11:13:47.684173,2026-07-02T11:13:47.691127+00:00,111.1,25,ask,,,4019965
2026-07-02T11:13:48.703966,2026-07-02T11:13:48.715623+00:00,111.1,200,ask,,,4019984
2026-07-02T11:13:50.013828,2026-07-02T11:13:50.020928+00:00,111.0,200,bid,,,4020008
2026-07-02T11:13:50.475788,2026-07-02T11:13:50.482490+00:00,111.1,5,bid,,,4020017
2026-07-02T11:13:52.896645,2026-07-02T11:13:52.909578+00:00,111.0,3,ask,,,4020061
2026-07-02T11:13:52.896645,2026-07-02T11:13:52.909578+00:00,111.0,197,ask,,,4020062
2026-07-02T11:13:54.106635,2026-07-02T11:13:54.114505+00:00,111.0,200,ask,,,4020083
2026-07-02T11:13:54.539084,2026-07-02T11:13:54.550731+00:00,111.2,20,bid,,,4020097
2026-07-02T11:13:55.314103,2026-07-02T11:13:55.324196+00:00,111.1,200,ask,,,4020113
2026-07-02T11:13:55.767963,2026-07-02T11:13:55.778077+00:00,111.1,20,ask,,,4020122
2026-07-02T11:13:56.520367,2026-07-02T11:13:56.530830+00:00,111.1,200,ask,,,4020144
2026-07-02T11:13:56.610441,2026-07-02T11:13:56.614621+00:00,111.1,14,bid,,,4020148
2026-07-02T11:13:56.717470,2026-07-02T11:13:56.726135+00:00,111.1,25,bid,,,4020156
2026-07-02T11:13:56.926875,2026-07-02T11:13:56.935625+00:00,111.1,25,bid,,,4020166
2026-07-02T11:13:57.136174,2026-07-02T11:13:57.143222+00:00,111.1,25,bid,,,4020172
2026-07-02T11:13:57.346629,2026-07-02T11:13:57.353382+00:00,111.1,6,bid,,,4020174
2026-07-02T11:13:57.674206,2026-07-02T11:13:57.685604+00:00,111.1,500,bid,,,4020183
2026-07-02T11:13:57.914307,2026-07-02T11:13:57.926008+00:00,111.2,200,bid,,,4020187
2026-07-02T11:13:57.914307,2026-07-02T11:13:57.926008+00:00,111.3,4,bid,,,4020188
2026-07-02T11:13:58.935562,2026-07-02T11:13:58.943181+00:00,111.3,200,ask,,,4020220
2026-07-02T11:14:00.367295,2026-07-02T11:14:00.375406+00:00,111.3,25,bid,,,4020249
2026-07-02T11:14:00.577313,2026-07-02T11:14:00.583809+00:00,111.3,10,bid,,,4020255
2026-07-02T11:14:00.577313,2026-07-02T11:14:00.589059+00:00,111.3,15,bid,,,4020256
2026-07-02T11:14:02.526675,2026-07-02T11:14:02.536500+00:00,111.3,10,bid,,,4020302
2026-07-02T11:14:02.526675,2026-07-02T11:14:02.536500+00:00,111.3,200,bid,,,4020303
2026-07-02T11:14:02.526675,2026-07-02T11:14:02.536500+00:00,111.3,290,bid,,,4020304
2026-07-02T11:14:03.121010,2026-07-02T11:14:03.132332+00:00,111.3,335,bid,,,4020323
2026-07-02T11:14:03.121010,2026-07-02T11:14:03.132332+00:00,111.3,10,bid,,,4020324
2026-07-02T11:14:03.165745,2026-07-02T11:14:03.174469+00:00,111.4,200,bid,,,4020326
2026-07-02T11:14:03.165745,2026-07-02T11:14:03.174469+00:00,111.4,10,bid,,,4020327
2026-07-02T11:14:04.094670,2026-07-02T11:14:04.098374+00:00,111.4,4,ask,,,4020342
2026-07-02T11:14:04.425668,2026-07-02T11:14:04.429246+00:00,111.4,4,ask,,,4020346
2026-07-02T11:14:04.506705,2026-07-02T11:14:04.518619+00:00,111.5,8,bid,,,4020347
2026-07-02T11:14:04.506705,2026-07-02T11:14:04.518619+00:00,111.5,12,bid,,,4020348
2026-07-02T11:14:05.128500,2026-07-02T11:14:05.132102+00:00,111.4,7,bid,,,4020362
2026-07-02T11:14:05.137569,2026-07-02T11:14:05.141201+00:00,111.5,1,bid,,,4020364
2026-07-02T11:14:05.665886,2026-07-02T11:14:05.669547+00:00,111.4,6,bid,,,4020369
2026-07-02T11:14:05.797706,2026-07-02T11:14:05.806170+00:00,111.4,6,bid,,,4020371
2026-07-02T11:14:05.903696,2026-07-02T11:14:05.907471+00:00,111.4,5,bid,,,4020375
2026-07-02T11:14:07.425896,2026-07-02T11:14:07.432836+00:00,111.4,200,ask,,,4020404
2026-07-02T11:14:07.610419,2026-07-02T11:14:07.617079+00:00,111.5,3,bid,,,4020409
2026-07-02T11:14:08.020636,2026-07-02T11:14:08.027979+00:00,111.5,2,bid,,,4020419
2026-07-02T11:14:08.648182,2026-07-02T11:14:08.651778+00:00,111.5,1,bid,,,4020432
2026-07-02T11:14:09.667705,2026-07-02T11:14:09.671829+00:00,111.5,11,bid,,,4020455
2026-07-02T11:14:09.844170,2026-07-02T11:14:09.858555+00:00,111.4,200,ask,,,4020459
2026-07-02T11:14:10.035108,2026-07-02T11:14:10.046173+00:00,111.5,1,bid,,,4020470
2026-07-02T11:14:10.645155,2026-07-02T11:14:10.655889+00:00,111.5,1,bid,,,4020486
2026-07-02T11:14:11.033161,2026-07-02T11:14:11.041140+00:00,111.5,1,bid,,,4020507
2026-07-02T11:14:11.050811,2026-07-02T11:14:11.058542+00:00,111.6,200,ask,,,4020509
2026-07-02T11:14:12.057663,2026-07-02T11:14:12.069176+00:00,111.7,1,bid,,,4020532
2026-07-02T11:14:12.257621,2026-07-02T11:14:12.269235+00:00,111.6,200,ask,,,4020536
2026-07-02T11:14:12.495282,2026-07-02T11:14:12.498730+00:00,111.6,2,bid,,,4020543
2026-07-02T11:14:12.927902,2026-07-02T11:14:12.931331+00:00,111.6,1,bid,,,4020553
2026-07-02T11:14:13.473403,2026-07-02T11:14:13.484794+00:00,111.5,200,ask,,,4020567
2026-07-02T11:14:13.593210,2026-07-02T11:14:13.597178+00:00,111.6,1,bid,,,4020571
2026-07-02T11:14:13.676173,2026-07-02T11:14:13.679953+00:00,111.6,8,bid,,,4020575
2026-07-02T11:14:15.123762,2026-07-02T11:14:15.135269+00:00,111.4,20,ask,,,4020603
2026-07-02T11:14:16.273987,2026-07-02T11:14:16.285114+00:00,111.4,200,ask,,,4020635
2026-07-02T11:14:16.290784,2026-07-02T11:14:16.294289+00:00,111.3,22,bid,,,4020637
2026-07-02T11:14:17.107363,2026-07-02T11:14:17.114235+00:00,111.3,200,bid,,,4020654
2026-07-02T11:14:18.321213,2026-07-02T11:14:18.337169+00:00,111.5,200,bid,,,4020682
2026-07-02T11:14:19.657225,2026-07-02T11:14:19.668657+00:00,111.5,20,ask,,,4020706
2026-07-02T11:14:20.282134,2026-07-02T11:14:20.290855+00:00,111.6,1,bid,,,4020732
2026-07-02T11:14:24.364187,2026-07-02T11:14:24.374484+00:00,111.4,200,ask,,,4020816
2026-07-02T11:14:27.992847,2026-07-02T11:14:28.000554+00:00,111.3,200,ask,,,4020893
2026-07-02T11:14:28.828784,2026-07-02T11:14:28.838965+00:00,111.2,2,ask,,,4020906
2026-07-02T11:14:28.828784,2026-07-02T11:14:28.838965+00:00,111.2,18,ask,,,4020907
2026-07-02T11:14:29.392564,2026-07-02T11:14:29.403077+00:00,111.3,3,ask,,,4020927
2026-07-02T11:14:29.392564,2026-07-02T11:14:29.403077+00:00,111.2,200,ask,,,4020928
2026-07-02T11:14:29.408829,2026-07-02T11:14:29.412420+00:00,111.1,12,bid,,,4020930
2026-07-02T11:14:29.756254,2026-07-02T11:14:29.756733+00:00,111.1,410,bid,,,4020937
2026-07-02T11:14:29.953330,2026-07-02T11:14:29.953662+00:00,111.1,20,ask,,,4020940
2026-07-02T11:14:30.710303,2026-07-02T11:14:30.717745+00:00,111.3,200,bid,,,4020971
2026-07-02T11:14:30.728472,2026-07-02T11:14:30.732107+00:00,111.4,34,ask,,,4020973
2026-07-02T11:14:31.623789,2026-07-02T11:14:31.634871+00:00,111.4,200,ask,,,4020995
2026-07-02T11:14:32.020946,2026-07-02T11:14:32.043427+00:00,111.3,3,ask,,,4021009
2026-07-02T11:14:32.020946,2026-07-02T11:14:32.043427+00:00,111.2,200,ask,,,4021010
2026-07-02T11:14:32.039669,2026-07-02T11:14:32.043427+00:00,111.2,11,bid,,,4021012
2026-07-02T11:14:35.064150,2026-07-02T11:14:35.069215+00:00,111.1,2,ask,,,4021089
2026-07-02T11:14:35.064150,2026-07-02T11:14:35.069215+00:00,111.1,21,ask,,,4021090
2026-07-02T11:14:37.667149,2026-07-02T11:14:37.674424+00:00,111.1,200,bid,,,4021131
2026-07-02T11:14:39.870340,2026-07-02T11:14:39.881856+00:00,111.3,20,bid,,,4021170
2026-07-02T11:14:40.087147,2026-07-02T11:14:40.095908+00:00,111.3,200,bid,,,4021175
2026-07-02T11:14:44.939996,2026-07-02T11:14:44.950452+00:00,111.2,200,ask,,,4021263
2026-07-02T11:14:46.444576,2026-07-02T11:14:46.455757+00:00,111.2,200,ask,,,4021296
2026-07-02T11:14:47.373979,2026-07-02T11:14:47.385002+00:00,111.1,5,ask,,,4021318
2026-07-02T11:14:47.758907,2026-07-02T11:14:47.780172+00:00,111.1,195,bid,,,4021328
2026-07-02T11:14:47.776317,2026-07-02T11:14:47.780172+00:00,111.1,11,ask,,,4021330
2026-07-02T11:14:49.347108,2026-07-02T11:14:49.356619+00:00,111.2,20,bid,,,4021363
2026-07-02T11:14:57.046281,2026-07-02T11:14:57.052475+00:00,111.4,2,bid,,,4021517
2026-07-02T11:14:57.046281,2026-07-02T11:14:57.052475+00:00,111.4,198,bid,,,4021518
2026-07-02T11:15:01.898252,2026-07-02T11:15:01.905712+00:00,111.3,200,ask,,,4021627
2026-07-02T11:15:03.482602,2026-07-02T11:15:03.490736+00:00,111.3,200,ask,,,4021653
2026-07-02T11:15:05.166137,2026-07-02T11:15:05.178010+00:00,111.4,20,bid,,,4021692
2026-07-02T11:15:05.529519,2026-07-02T11:15:05.539173+00:00,111.3,200,ask,,,4021696
2026-07-02T11:15:11.332276,2026-07-02T11:15:11.339851+00:00,111.4,200,bid,,,4021815
2026-07-02T11:15:11.332276,2026-07-02T11:15:11.345091+00:00,111.4,425,bid,,,4021816
2026-07-02T11:15:12.642637,2026-07-02T11:15:12.649915+00:00,111.4,200,ask,,,4021837
2026-07-02T11:15:12.642637,2026-07-02T11:15:12.658593+00:00,111.2,3,ask,,,4021838
2026-07-02T11:15:12.787432,2026-07-02T11:15:12.794162+00:00,111.2,1,bid,,,4021840
2026-07-02T11:15:12.793728,2026-07-02T11:15:12.804641+00:00,111.2,200,bid,,,4021841
2026-07-02T11:15:15.212857,2026-07-02T11:15:15.222982+00:00,111.3,200,ask,,,4021901
2026-07-02T11:15:16.424122,2026-07-02T11:15:16.434395+00:00,111.2,1,ask,,,4021920
2026-07-02T11:15:17.916620,2026-07-02T11:15:17.927852+00:00,111.1,1,ask,,,4021937
2026-07-02T11:15:19.227010,2026-07-02T11:15:19.236403+00:00,111.0,1,ask,,,4021970
2026-07-02T11:15:19.227010,2026-07-02T11:15:19.236403+00:00,110.9,500,ask,,,4021971
2026-07-02T11:15:19.227010,2026-07-02T11:15:19.241390+00:00,110.9,124,ask,,,4021972
2026-07-02T11:15:19.364189,2026-07-02T11:15:19.367869+00:00,111.0,2,ask,,,4021974
2026-07-02T11:15:19.411077,2026-07-02T11:15:19.415063+00:00,111.0,1,ask,,,4021976
2026-07-02T11:15:19.452905,2026-07-02T11:15:19.456603+00:00,111.0,2,ask,,,4021978
2026-07-02T11:15:19.504670,2026-07-02T11:15:19.508336+00:00,111.0,1,ask,,,4021982
2026-07-02T11:15:19.568830,2026-07-02T11:15:19.572192+00:00,111.0,1,ask,,,4021988
2026-07-02T11:15:19.677040,2026-07-02T11:15:19.680383+00:00,111.0,1,ask,,,4021992
2026-07-02T11:15:20.548675,2026-07-02T11:15:20.552311+00:00,111.0,4,ask,,,4022015
2026-07-02T11:15:22.473661,2026-07-02T11:15:22.485228+00:00,111.0,200,ask,,,4022045
2026-07-02T11:15:22.879466,2026-07-02T11:15:22.888771+00:00,111.0,20,ask,,,4022056
2026-07-02T11:15:24.464875,2026-07-02T11:15:24.472292+00:00,111.0,200,bid,,,4022092
2026-07-02T11:15:24.464875,2026-07-02T11:15:24.477900+00:00,111.1,425,bid,,,4022093
2026-07-02T11:15:25.776510,2026-07-02T11:15:25.784822+00:00,111.0,2,ask,,,4022124
2026-07-02T11:15:25.776510,2026-07-02T11:15:25.784822+00:00,110.9,200,ask,,,4022125
2026-07-02T11:15:26.097811,2026-07-02T11:15:26.106346+00:00,110.8,200,bid,,,4022130
2026-07-02T11:15:29.710609,2026-07-02T11:15:29.719305+00:00,110.9,20,bid,,,4022198
2026-07-02T11:15:31.944661,2026-07-02T11:15:31.948705+00:00,110.8,12,bid,,,4022258
2026-07-02T11:15:32.337059,2026-07-02T11:15:32.344034+00:00,110.8,200,bid,,,4022270
2026-07-02T11:15:32.600308,2026-07-02T11:15:32.607654+00:00,111.0,20,bid,,,4022275
2026-07-02T11:15:33.375666,2026-07-02T11:15:33.384937+00:00,110.8,200,ask,,,4022284
2026-07-02T11:15:38.224485,2026-07-02T11:15:38.235493+00:00,110.7,1,ask,,,4022396
2026-07-02T11:15:38.785043,2026-07-02T11:15:38.833060+00:00,110.7,199,bid,,,4022405
2026-07-02T11:15:38.829708,2026-07-02T11:15:38.833060+00:00,110.7,12,ask,,,4022408
2026-07-02T11:15:42.807094,2026-07-02T11:15:42.818064+00:00,110.6,2,ask,,,4022501
2026-07-02T11:15:42.807094,2026-07-02T11:15:42.818064+00:00,110.6,200,ask,,,4022502
2026-07-02T11:15:42.807094,2026-07-02T11:15:42.818064+00:00,110.6,423,ask,,,4022503
2026-07-02T11:15:43.063997,2026-07-02T11:15:43.074127+00:00,110.6,200,ask,,,4022508
2026-07-02T11:15:44.276699,2026-07-02T11:15:44.285277+00:00,110.7,1,ask,,,4022542
2026-07-02T11:15:44.276699,2026-07-02T11:15:44.285277+00:00,110.7,199,ask,,,4022543
2026-07-02T11:15:45.462533,2026-07-02T11:15:45.474277+00:00,110.7,500,ask,,,4022572
2026-07-02T11:15:46.033656,2026-07-02T11:15:46.041365+00:00,110.7,125,bid,,,4022585
2026-07-02T11:15:46.641155,2026-07-02T11:15:46.648128+00:00,110.8,200,bid,,,4022614
2026-07-02T11:15:47.053202,2026-07-02T11:15:47.044109+00:00,110.9,20,ask,,,4022619
2026-07-02T11:15:49.703814,2026-07-02T11:15:49.714639+00:00,111.0,20,bid,,,4022673
2026-07-02T11:15:50.342087,2026-07-02T11:15:50.352142+00:00,110.8,200,ask,,,4022687
2026-07-02T11:15:50.988182,2026-07-02T11:15:50.993491+00:00,110.9,14,ask,,,4022698
2026-07-02T11:15:53.965178,2026-07-02T11:15:53.974448+00:00,110.9,200,bid,,,4022760
2026-07-02T11:15:55.478252,2026-07-02T11:15:55.488639+00:00,111.0,20,bid,,,4022801
2026-07-02T11:15:57.671174,2026-07-02T11:15:57.682920+00:00,110.9,20,bid,,,4022842
2026-07-02T11:15:58.974601,2026-07-02T11:15:58.984715+00:00,110.8,20,ask,,,4022872
2026-07-02T11:15:59.876959,2026-07-02T11:15:59.886129+00:00,110.9,25,ask,,,4022893
2026-07-02T11:16:00.085908,2026-07-02T11:16:00.097289+00:00,110.9,25,ask,,,4022897
2026-07-02T11:16:00.295147,2026-07-02T11:16:00.306846+00:00,110.9,25,ask,,,4022905
2026-07-02T11:16:00.490571,2026-07-02T11:16:00.503358+00:00,111.1,19,bid,,,4022916
2026-07-02T11:16:01.178584,2026-07-02T11:16:01.185355+00:00,110.9,200,ask,,,4022935
2026-07-02T11:16:01.196937,2026-07-02T11:16:01.201033+00:00,110.9,3,bid,,,4022939
2026-07-02T11:16:01.313281,2026-07-02T11:16:01.324759+00:00,110.9,25,bid,,,4022943
2026-07-02T11:16:01.522337,2026-07-02T11:16:01.532241+00:00,110.9,25,bid,,,4022952
2026-07-02T11:16:01.731446,2026-07-02T11:16:01.738396+00:00,110.9,6,bid,,,4022959
2026-07-02T11:16:03.639931,2026-07-02T11:16:03.643844+00:00,110.7,3,ask,,,4023001
2026-07-02T11:16:03.939098,2026-07-02T11:16:03.946310+00:00,110.8,25,ask,,,4023002
2026-07-02T11:16:04.148185,2026-07-02T11:16:04.159889+00:00,110.8,25,ask,,,4023006
2026-07-02T11:16:04.360273,2026-07-02T11:16:04.371843+00:00,110.8,25,ask,,,4023011
2026-07-02T11:16:04.571589,2026-07-02T11:16:04.583148+00:00,110.8,25,ask,,,4023014
2026-07-02T11:16:04.804109,2026-07-02T11:16:04.815434+00:00,110.8,25,ask,,,4023020
2026-07-02T11:16:05.032948,2026-07-02T11:16:05.049742+00:00,110.8,22,ask,,,4023032
2026-07-02T11:16:05.110449,2026-07-02T11:16:05.117474+00:00,110.7,200,ask,,,4023034
2026-07-02T11:16:06.077102,2026-07-02T11:16:06.086059+00:00,110.7,200,bid,,,4023055
2026-07-02T11:16:07.729041,2026-07-02T11:16:07.736286+00:00,110.8,200,bid,,,4023094
2026-07-02T11:16:09.644482,2026-07-02T11:16:09.654770+00:00,110.9,500,ask,,,4023126
2026-07-02T11:16:10.236644,2026-07-02T11:16:10.245096+00:00,110.9,125,ask,,,4023140
2026-07-02T11:16:10.251840,2026-07-02T11:16:10.255219+00:00,110.9,3,bid,,,4023142
2026-07-02T11:16:10.271343,2026-07-02T11:16:10.281218+00:00,110.9,25,bid,,,4023144
2026-07-02T11:16:10.365324,2026-07-02T11:16:10.382727+00:00,110.8,200,ask,,,4023146
2026-07-02T11:16:10.379455,2026-07-02T11:16:10.382727+00:00,110.8,11,bid,,,4023148
2026-07-02T11:16:10.480095,2026-07-02T11:16:10.490276+00:00,110.8,25,bid,,,4023150
2026-07-02T11:16:10.693835,2026-07-02T11:16:10.704495+00:00,110.8,25,bid,,,4023152
2026-07-02T11:16:10.902589,2026-07-02T11:16:10.910909+00:00,110.8,25,bid,,,4023161
2026-07-02T11:16:10.935610,2026-07-02T11:16:10.944048+00:00,110.8,200,bid,,,4023165
2026-07-02T11:16:11.111599,2026-07-02T11:16:11.118311+00:00,110.8,25,bid,,,4023172
2026-07-02T11:16:11.734871,2026-07-02T11:16:11.738681+00:00,110.7,11,ask,,,4023185
2026-07-02T11:16:13.123676,2026-07-02T11:16:13.127234+00:00,110.6,3,ask,,,4023224
2026-07-02T11:16:13.354241,2026-07-02T11:16:13.363607+00:00,110.6,200,ask,,,4023233
2026-07-02T11:16:13.520480,2026-07-02T11:16:13.532147+00:00,110.7,8,ask,,,4023234
2026-07-02T11:16:14.330256,2026-07-02T11:16:14.341952+00:00,110.7,25,ask,,,4023256
2026-07-02T11:16:14.540716,2026-07-02T11:16:14.547480+00:00,110.7,25,ask,,,4023259
2026-07-02T11:16:14.751542,2026-07-02T11:16:14.764123+00:00,110.7,25,ask,,,4023262
2026-07-02T11:16:14.960885,2026-07-02T11:16:14.972257+00:00,110.7,13,ask,,,4023266
2026-07-02T11:16:15.567540,2026-07-02T11:16:15.575486+00:00,110.8,20,bid,,,4023275
2026-07-02T11:16:19.396943,2026-07-02T11:16:19.405430+00:00,110.6,2,ask,,,4023353
2026-07-02T11:16:19.410846,2026-07-02T11:16:19.414415+00:00,110.5,1,bid,,,4023355
2026-07-02T11:16:19.549419,2026-07-02T11:16:19.558586+00:00,110.5,197,bid,,,4023359
2026-07-02T11:16:20.858925,2026-07-02T11:16:20.869280+00:00,110.6,7,ask,,,4023389
2026-07-02T11:16:22.058515,2026-07-02T11:16:22.070205+00:00,110.5,9,ask,,,4023417
2026-07-02T11:16:22.168042,2026-07-02T11:16:22.179738+00:00,110.5,9,ask,,,4023418
2026-07-02T11:16:24.916790,2026-07-02T11:16:24.926428+00:00,110.5,20,bid,,,4023465
2026-07-02T11:16:26.113836,2026-07-02T11:16:26.120863+00:00,110.6,200,bid,,,4023496
2026-07-02T11:16:26.664596,2026-07-02T11:16:26.668716+00:00,110.7,1,ask,,,4023510
2026-07-02T11:16:27.426168,2026-07-02T11:16:27.437062+00:00,110.7,199,ask,,,4023525
2026-07-02T11:16:27.847021,2026-07-02T11:16:27.858611+00:00,110.5,200,bid,,,4023532
2026-07-02T11:16:30.679648,2026-07-02T11:16:30.683516+00:00,110.5,3,bid,,,4023620
2026-07-02T11:16:30.804801,2026-07-02T11:16:30.815133+00:00,110.5,25,bid,,,4023626
2026-07-02T11:16:31.013669,2026-07-02T11:16:31.021671+00:00,110.5,25,bid,,,4023632
2026-07-02T11:16:31.220974,2026-07-02T11:16:31.228219+00:00,110.5,25,bid,,,4023638
2026-07-02T11:16:31.478121,2026-07-02T11:16:31.489876+00:00,110.5,22,bid,,,4023644
2026-07-02T11:16:32.690516,2026-07-02T11:16:32.700927+00:00,110.4,1,ask,,,4023669
2026-07-02T11:16:32.690516,2026-07-02T11:16:32.700927+00:00,110.4,200,ask,,,4023670
2026-07-02T11:16:32.690516,2026-07-02T11:16:32.700927+00:00,110.2,424,ask,,,4023671
2026-07-02T11:16:33.984846,2026-07-02T11:16:33.996560+00:00,110.6,20,bid,,,4023697
2026-07-02T11:16:35.129830,2026-07-02T11:16:35.136496+00:00,110.5,200,bid,,,4023722
2026-07-02T11:16:37.097884,2026-07-02T11:16:37.109416+00:00,110.6,10,bid,,,4023772
2026-07-02T11:16:37.097884,2026-07-02T11:16:37.109416+00:00,110.6,15,bid,,,4023773
2026-07-02T11:16:39.973181,2026-07-02T11:16:39.983410+00:00,110.6,200,bid,,,4023821
2026-07-02T11:16:40.172334,2026-07-02T11:16:40.176163+00:00,110.6,11,bid,,,4023825
2026-07-02T11:16:41.571770,2026-07-02T11:16:41.577139+00:00,110.7,5,bid,,,4023855
2026-07-02T11:16:41.571770,2026-07-02T11:16:41.577139+00:00,110.7,7,bid,,,4023856
2026-07-02T11:16:41.875218,2026-07-02T11:16:41.878818+00:00,110.6,11,bid,,,4023862
2026-07-02T11:16:43.605910,2026-07-02T11:16:43.615080+00:00,110.7,4,bid,,,4023898
2026-07-02T11:16:43.605910,2026-07-02T11:16:43.615080+00:00,110.7,196,bid,,,4023899
2026-07-02T11:16:44.157481,2026-07-02T11:16:44.168078+00:00,110.5,20,ask,,,4023911
2026-07-02T11:16:45.128335,2026-07-02T11:16:45.140737+00:00,110.7,7,bid,,,4023940
2026-07-02T11:16:45.782591,2026-07-02T11:16:45.789413+00:00,110.7,9,bid,,,4023955
2026-07-02T11:16:45.806020,2026-07-02T11:16:45.810113+00:00,110.7,5,ask,,,4023957
2026-07-02T11:16:46.365138,2026-07-02T11:16:46.376800+00:00,110.8,20,bid,,,4023970
2026-07-02T11:16:47.190414,2026-07-02T11:16:47.199622+00:00,110.7,200,ask,,,4024002
2026-07-02T11:16:47.190414,2026-07-02T11:16:47.199622+00:00,110.7,300,ask,,,4024003
2026-07-02T11:16:47.783972,2026-07-02T11:16:47.792200+00:00,110.7,325,ask,,,4024019
2026-07-02T11:16:48.392766,2026-07-02T11:16:48.399757+00:00,110.6,200,ask,,,4024031
2026-07-02T11:16:48.454096,2026-07-02T11:16:48.458567+00:00,110.6,200,bid,,,4024034
2026-07-02T11:16:49.664182,2026-07-02T11:16:49.671746+00:00,110.6,200,bid,,,4024066
2026-07-02T11:16:50.873905,2026-07-02T11:16:50.885062+00:00,110.6,200,bid,,,4024095
2026-07-02T11:16:52.085958,2026-07-02T11:16:52.095682+00:00,110.7,200,bid,,,4024122
2026-07-02T11:16:52.348402,2026-07-02T11:16:52.355338+00:00,110.7,500,bid,,,4024129
2026-07-02T11:16:52.366484,2026-07-02T11:16:52.370110+00:00,110.7,18,ask,,,4024131
2026-07-02T11:16:52.637985,2026-07-02T11:16:52.644570+00:00,110.7,107,ask,,,4024135
2026-07-02T11:16:53.660656,2026-07-02T11:16:53.670062+00:00,110.6,200,ask,,,4024165
2026-07-02T11:16:54.254307,2026-07-02T11:16:54.258731+00:00,110.6,12,bid,,,4024184
2026-07-02T11:16:54.508904,2026-07-02T11:16:54.518482+00:00,110.6,200,bid,,,4024194
2026-07-02T11:16:56.282093,2026-07-02T11:16:56.292068+00:00,110.5,200,ask,,,4024234
2026-07-02T11:16:56.282093,2026-07-02T11:16:56.292068+00:00,110.4,6,ask,,,4024235
2026-07-02T11:16:56.298091,2026-07-02T11:16:56.301787+00:00,110.4,23,bid,,,4024237
2026-07-02T11:16:56.931923,2026-07-02T11:16:56.942963+00:00,110.4,200,bid,,,4024255
2026-07-02T11:16:59.353440,2026-07-02T11:16:59.360740+00:00,110.5,200,bid,,,4024304
2026-07-02T11:16:59.923744,2026-07-02T11:16:59.933805+00:00,110.3,4,ask,,,4024313
2026-07-02T11:16:59.923744,2026-07-02T11:16:59.933805+00:00,110.3,16,ask,,,4024314
2026-07-02T11:17:00.207469,2026-07-02T11:17:00.214751+00:00,110.6,8,bid,,,4024321
2026-07-02T11:17:00.226181,2026-07-02T11:17:00.229914+00:00,110.6,23,ask,,,4024323
2026-07-02T11:17:00.648100,2026-07-02T11:17:00.651892+00:00,110.7,34,bid,,,4024331
2026-07-02T11:17:02.594178,2026-07-02T11:17:02.601792+00:00,110.7,4,bid,,,4024382
2026-07-02T11:17:02.594178,2026-07-02T11:17:02.607019+00:00,110.7,16,bid,,,4024383
2026-07-02T11:17:05.444281,2026-07-02T11:17:05.451008+00:00,110.6,200,bid,,,4024462
2026-07-02T11:17:06.588186,2026-07-02T11:17:06.596209+00:00,110.7,6,bid,,,4024478
2026-07-02T11:17:06.755470,2026-07-02T11:17:06.766980+00:00,110.7,500,bid,,,4024483
2026-07-02T11:17:07.166659,2026-07-02T11:17:07.174519+00:00,110.7,125,ask,,,4024494
2026-07-02T11:17:08.064961,2026-07-02T11:17:08.083343+00:00,110.6,200,ask,,,4024514
2026-07-02T11:17:08.079769,2026-07-02T11:17:08.083343+00:00,110.4,34,bid,,,4024516
2026-07-02T11:17:10.132092,2026-07-02T11:17:10.135946+00:00,110.4,11,ask,,,4024563
2026-07-02T11:17:10.225215,2026-07-02T11:17:10.236704+00:00,110.6,2,bid,,,4024565
2026-07-02T11:17:10.266292,2026-07-02T11:17:10.270180+00:00,110.5,12,ask,,,4024568
2026-07-02T11:17:10.682397,2026-07-02T11:17:10.693549+00:00,110.5,188,ask,,,4024571
2026-07-02T11:17:11.991194,2026-07-02T11:17:12.001439+00:00,110.4,200,bid,,,4024605
2026-07-02T11:17:12.668563,2026-07-02T11:17:12.676837+00:00,110.5,200,ask,,,4024619
2026-07-02T11:17:16.458839,2026-07-02T11:17:16.464728+00:00,110.3,2,ask,,,4024702
2026-07-02T11:17:16.458839,2026-07-02T11:17:16.464728+00:00,110.3,9,ask,,,4024703
2026-07-02T11:17:17.233210,2026-07-02T11:17:17.240007+00:00,110.4,200,bid,,,4024719
2026-07-02T11:17:17.251449,2026-07-02T11:17:17.255496+00:00,110.5,23,ask,,,4024721
2026-07-02T11:17:17.507088,2026-07-02T11:17:17.517001+00:00,110.5,200,ask,,,4024727
2026-07-02T11:17:22.516366,2026-07-02T11:17:22.528017+00:00,110.5,20,bid,,,4024801
2026-07-02T11:17:22.780861,2026-07-02T11:17:22.784486+00:00,110.4,11,ask,,,4024803
2026-07-02T11:17:28.421322,2026-07-02T11:17:28.429379+00:00,110.3,6,ask,,,4024911
2026-07-02T11:17:28.421322,2026-07-02T11:17:28.429379+00:00,110.3,194,ask,,,4024912
2026-07-02T11:17:29.018976,2026-07-02T11:17:29.027495+00:00,110.3,9,ask,,,4024928
2026-07-02T11:17:31.635510,2026-07-02T11:17:31.642917+00:00,110.3,200,bid,,,4024982
2026-07-02T11:17:31.664778,2026-07-02T11:17:31.668884+00:00,110.5,26,ask,,,4024984
2026-07-02T11:17:32.050235,2026-07-02T11:17:32.064282+00:00,110.5,200,ask,,,4024993
2026-07-02T11:17:39.284720,2026-07-02T11:17:39.293103+00:00,110.3,200,bid,,,4025140
2026-07-02T11:17:39.284720,2026-07-02T11:17:39.293103+00:00,110.3,300,bid,,,4025141
2026-07-02T11:17:39.313509,2026-07-02T11:17:39.324652+00:00,110.3,200,bid,,,4025142
2026-07-02T11:17:39.908120,2026-07-02T11:17:39.916426+00:00,110.3,20,ask,,,4025154
2026-07-02T11:17:41.887593,2026-07-02T11:17:41.898349+00:00,110.4,25,ask,,,4025213
2026-07-02T11:17:42.096663,2026-07-02T11:17:42.107544+00:00,110.4,25,ask,,,4025221
2026-07-02T11:17:42.316135,2026-07-02T11:17:42.332306+00:00,110.4,25,ask,,,4025228
2026-07-02T11:17:42.531636,2026-07-02T11:17:42.538366+00:00,110.4,25,ask,,,4025235
2026-07-02T11:17:42.954193,2026-07-02T11:17:42.958613+00:00,110.4,200,ask,,,4025247
2026-07-02T11:17:46.026428,2026-07-02T11:17:46.033308+00:00,110.4,20,ask,,,4025306
2026-07-02T11:17:47.551933,2026-07-02T11:17:47.558404+00:00,110.5,25,ask,,,4025353
2026-07-02T11:17:47.769312,2026-07-02T11:17:47.779725+00:00,110.5,25,ask,,,4025356
2026-07-02T11:17:47.801811,2026-07-02T11:17:47.811084+00:00,110.5,200,ask,,,4025359
2026-07-02T11:17:47.981316,2026-07-02T11:17:47.992928+00:00,110.5,25,ask,,,4025366
2026-07-02T11:17:48.195133,2026-07-02T11:17:48.206771+00:00,110.5,25,ask,,,4025368
2026-07-02T11:17:51.362905,2026-07-02T11:17:51.374299+00:00,110.4,500,ask,,,4025432
2026-07-02T11:17:51.397181,2026-07-02T11:17:51.405583+00:00,110.4,125,bid,,,4025433
2026-07-02T11:17:51.397181,2026-07-02T11:17:51.405583+00:00,110.5,200,bid,,,4025434
2026-07-02T11:17:52.609360,2026-07-02T11:17:52.616917+00:00,110.6,1,bid,,,4025463
2026-07-02T11:17:52.609360,2026-07-02T11:17:52.621891+00:00,110.6,200,bid,,,4025464
2026-07-02T11:17:52.646116,2026-07-02T11:17:52.658563+00:00,110.6,200,ask,,,4025465
2026-07-02T11:17:52.676241,2026-07-02T11:17:52.686892+00:00,110.6,99,ask,,,4025470
2026-07-02T11:17:53.203399,2026-07-02T11:17:53.214351+00:00,110.5,500,bid,,,4025485
2026-07-02T11:17:53.806051,2026-07-02T11:17:53.815846+00:00,110.5,26,bid,,,4025495
2026-07-02T11:17:53.834501,2026-07-02T11:17:53.838500+00:00,110.7,3,ask,,,4025497
2026-07-02T11:17:53.857009,2026-07-02T11:17:53.864391+00:00,110.7,200,ask,,,4025498
2026-07-02T11:17:55.066075,2026-07-02T11:17:55.077258+00:00,110.7,200,ask,,,4025532
