timestamp,recv_time,price,volume,aggressor_side,buyer,seller,trade_id
2026-07-09T10:00:01.377652,2026-07-09T10:00:01.385393+00:00,126.4,200,ask,YieldingYams,WavyWalnuts,13407222
2026-07-09T10:00:02.116328,2026-07-09T10:00:02.127072+00:00,126.5,500,ask,AverageAlmonds,YieldingYams,13407229
2026-07-09T10:00:02.423014,2026-07-09T10:00:02.433058+00:00,126.5,125,bid,AverageAlmonds,YieldingYams,13407232
2026-07-09T10:00:02.590540,2026-07-09T10:00:02.601174+00:00,126.5,200,ask,AverageAlmonds,WavyWalnuts,13407244
2026-07-09T10:00:03.446006,2026-07-09T10:00:03.450216+00:00,126.7,12,ask,YieldingYams,Xuanyu Liu,13407266
2026-07-09T10:00:03.774053,2026-07-09T10:00:03.787444+00:00,127.0,20,bid,BrilliantBurritos,YieldingYams,13407276
2026-07-09T10:00:03.804578,2026-07-09T10:00:03.813618+00:00,126.7,200,ask,YieldingYams,WavyWalnuts,13407279
2026-07-09T10:00:05.015878,2026-07-09T10:00:05.026067+00:00,126.8,200,ask,YieldingYams,WavyWalnuts,13407295
2026-07-09T10:00:09.855824,2026-07-09T10:00:09.866049+00:00,126.8,200,ask,YieldingYams,WavyWalnuts,13407357
2026-07-09T10:00:12.275506,2026-07-09T10:00:12.286256+00:00,126.8,200,ask,YieldingYams,WavyWalnuts,13407397
2026-07-09T10:00:16.625172,2026-07-09T10:00:16.637091+00:00,126.7,200,bid,YieldingYams,WavyWalnuts,13407459
2026-07-09T10:00:17.130988,2026-07-09T10:00:17.135128+00:00,126.9,12,bid,Xuanyu Liu,WavyWalnuts,13407468
2026-07-09T10:00:17.956674,2026-07-09T10:00:17.960698+00:00,126.7,22,bid,Xuanyu Liu,YieldingYams,13407479
2026-07-09T10:00:18.204366,2026-07-09T10:00:18.226253+00:00,126.6,25,ask,WavyWalnuts,Wenze DU,13407483
2026-07-09T10:00:18.450229,2026-07-09T10:00:18.468740+00:00,126.5,5,ask,YieldingYams,Wenze DU,13407488
2026-07-09T10:00:19.273598,2026-07-09T10:00:19.278582+00:00,126.6,12,bid,Xuanyu Liu,YieldingYams,13407499
2026-07-09T10:00:20.567967,2026-07-09T10:00:20.576087+00:00,126.6,200,bid,YieldingYams,WavyWalnuts,13407517
2026-07-09T10:00:20.588721,2026-07-09T10:00:20.592741+00:00,126.6,12,ask,YieldingYams,Xuanyu Liu,13407519
2026-07-09T10:00:20.636151,2026-07-09T10:00:20.645399+00:00,126.6,20,ask,YieldingYams,Wenze DU,13407521
2026-07-09T10:00:20.766173,2026-07-09T10:00:20.773866+00:00,126.6,200,ask,YieldingYams,WavyWalnuts,13407524
2026-07-09T10:00:22.512346,2026-07-09T10:00:22.520254+00:00,126.6,20,bid,BrilliantBurritos,YieldingYams,13407553
2026-07-09T10:00:23.814204,2026-07-09T10:00:23.821528+00:00,126.5,10,bid,Wenze DU,YieldingYams,13407570
2026-07-09T10:00:23.817388,2026-07-09T10:00:23.821528+00:00,126.5,12,bid,Xuanyu Liu,YieldingYams,13407571
2026-07-09T10:00:26.662539,2026-07-09T10:00:26.679355+00:00,126.6,200,bid,AverageAlmonds,WavyWalnuts,13407613
2026-07-09T10:00:26.662539,2026-07-09T10:00:26.679355+00:00,126.6,300,bid,AverageAlmonds,YieldingYams,13407614
2026-07-09T10:00:29.482944,2026-07-09T10:00:29.489952+00:00,126.6,20,ask,AverageAlmonds,BrilliantBurritos,13407657
2026-07-09T10:00:29.709316,2026-07-09T10:00:29.714695+00:00,126.7,11,bid,Xuanyu Liu,YieldingYams,13407663
2026-07-09T10:00:29.731812,2026-07-09T10:00:29.740865+00:00,126.7,10,bid,Wenze DU,YieldingYams,13407665
2026-07-09T10:00:29.764569,2026-07-09T10:00:29.786265+00:00,126.6,200,ask,WavyWalnuts,YieldingYams,13407667
2026-07-09T10:00:29.781956,2026-07-09T10:00:29.786265+00:00,126.6,12,bid,Xuanyu Liu,YieldingYams,13407669
2026-07-09T10:00:29.846860,2026-07-09T10:00:29.854990+00:00,126.6,10,bid,Wenze DU,YieldingYams,13407671
2026-07-09T10:00:30.279739,2026-07-09T10:00:30.291281+00:00,126.6,403,bid,AverageAlmonds,YieldingYams,13407678
2026-07-09T10:00:31.076159,2026-07-09T10:00:31.088173+00:00,126.7,200,bid,YieldingYams,WavyWalnuts,13407690
2026-07-09T10:00:32.389865,2026-07-09T10:00:32.399136+00:00,126.7,200,ask,AverageAlmonds,WavyWalnuts,13407716
2026-07-09T10:00:32.389865,2026-07-09T10:00:32.399136+00:00,126.7,425,ask,AverageAlmonds,YieldingYams,13407717
2026-07-09T10:00:32.876770,2026-07-09T10:00:32.888130+00:00,126.7,200,ask,WavyWalnuts,YieldingYams,13407721
2026-07-09T10:00:33.719562,2026-07-09T10:00:33.723817+00:00,126.9,14,bid,Xuanyu Liu,YieldingYams,13407737
2026-07-09T10:00:33.800343,2026-07-09T10:00:33.808535+00:00,126.9,25,bid,Wenze DU,YieldingYams,13407739
2026-07-09T10:00:33.952795,2026-07-09T10:00:33.958659+00:00,126.9,11,bid,Wenze DU,YieldingYams,13407743
2026-07-09T10:00:35.011377,2026-07-09T10:00:35.020670+00:00,126.8,500,ask,AverageAlmonds,YieldingYams,13407757
2026-07-09T10:00:35.122978,2026-07-09T10:00:35.133896+00:00,126.8,125,bid,AverageAlmonds,YieldingYams,13407758
2026-07-09T10:00:35.319205,2026-07-09T10:00:35.326064+00:00,126.8,200,ask,AverageAlmonds,WavyWalnuts,13407769
2026-07-09T10:00:36.530012,2026-07-09T10:00:36.539041+00:00,126.9,200,ask,YieldingYams,WavyWalnuts,13407788
2026-07-09T10:00:37.738513,2026-07-09T10:00:37.746165+00:00,126.9,200,ask,YieldingYams,WavyWalnuts,13407797
2026-07-09T10:00:38.954700,2026-07-09T10:00:38.958601+00:00,126.8,200,ask,AverageAlmonds,WavyWalnuts,13407810
2026-07-09T10:00:40.163914,2026-07-09T10:00:40.174120+00:00,126.8,200,ask,YieldingYams,WavyWalnuts,13407832
2026-07-09T10:00:42.611289,2026-07-09T10:00:42.619729+00:00,126.8,6,ask,WavyWalnuts,Wenze DU,13407888
2026-07-09T10:00:42.937974,2026-07-09T10:00:42.948357+00:00,126.8,10,ask,WavyWalnuts,Wenze DU,13407895
2026-07-09T10:00:43.870244,2026-07-09T10:00:43.875575+00:00,126.9,3,ask,WavyWalnuts,Xuanyu Liu,13407908
2026-07-09T10:00:43.886805,2026-07-09T10:00:43.958682+00:00,126.9,10,ask,WavyWalnuts,Wenze DU,13407911
2026-07-09T10:00:45.025024,2026-07-09T10:00:45.035955+00:00,127.0,200,bid,WavyWalnuts,YieldingYams,13407929
2026-07-09T10:00:46.040480,2026-07-09T10:00:46.051756+00:00,127.0,500,bid,AverageAlmonds,YieldingYams,13407947
2026-07-09T10:00:46.636824,2026-07-09T10:00:46.645254+00:00,127.0,125,bid,AverageAlmonds,YieldingYams,13407959
2026-07-09T10:00:46.636824,2026-07-09T10:00:46.658940+00:00,127.1,3,bid,AverageAlmonds,Stanley Cai,13407960
2026-07-09T10:00:46.636824,2026-07-09T10:00:46.658940+00:00,127.1,200,bid,AverageAlmonds,WavyWalnuts,13407961
2026-07-09T10:00:46.673232,2026-07-09T10:00:46.677338+00:00,127.1,23,ask,AverageAlmonds,Xuanyu Liu,13407963
2026-07-09T10:00:46.722996,2026-07-09T10:00:46.731661+00:00,127.1,20,ask,AverageAlmonds,Wenze DU,13407966
2026-07-09T10:00:46.876053,2026-07-09T10:00:46.880524+00:00,127.2,11,ask,YieldingYams,Xuanyu Liu,13407969
2026-07-09T10:00:46.937037,2026-07-09T10:00:46.948792+00:00,127.2,4,ask,YieldingYams,Wenze DU,13407971
2026-07-09T10:00:47.024116,2026-07-09T10:00:47.036090+00:00,127.2,10,ask,YieldingYams,Stanley Cai,13407972
2026-07-09T10:00:47.849149,2026-07-09T10:00:47.855648+00:00,127.3,200,bid,AverageAlmonds,WavyWalnuts,13407984
2026-07-09T10:00:48.171126,2026-07-09T10:00:48.179973+00:00,127.3,300,ask,AverageAlmonds,YieldingYams,13407991
2026-07-09T10:00:48.446782,2026-07-09T10:00:48.458611+00:00,127.2,325,bid,AverageAlmonds,YieldingYams,13407995
2026-07-09T10:00:50.687954,2026-07-09T10:00:50.700057+00:00,127.2,20,ask,YieldingYams,BrilliantBurritos,13408021
2026-07-09T10:00:50.796000,2026-07-09T10:00:50.806911+00:00,127.2,200,ask,WavyWalnuts,YieldingYams,13408023
2026-07-09T10:00:50.796000,2026-07-09T10:00:50.806911+00:00,127.2,425,ask,AverageAlmonds,YieldingYams,13408024
2026-07-09T10:00:52.123187,2026-07-09T10:00:52.131080+00:00,127.3,200,bid,YieldingYams,WavyWalnuts,13408046
2026-07-09T10:00:52.123187,2026-07-09T10:00:52.136438+00:00,127.4,2,bid,YieldingYams,Stanley Cai,13408047
2026-07-09T10:00:52.188805,2026-07-09T10:00:52.200922+00:00,127.4,20,ask,YieldingYams,BrilliantBurritos,13408048
2026-07-09T10:00:53.136697,2026-07-09T10:00:53.148838+00:00,127.6,20,bid,BrilliantBurritos,YieldingYams,13408069
2026-07-09T10:00:53.438757,2026-07-09T10:00:53.445517+00:00,127.4,200,ask,WavyWalnuts,YieldingYams,13408074
2026-07-09T10:00:54.697987,2026-07-09T10:00:54.709594+00:00,127.4,200,bid,WavyWalnuts,YieldingYams,13408087
2026-07-09T10:00:55.449318,2026-07-09T10:00:55.458599+00:00,127.2,3,ask,Stanley Cai,BrilliantBurritos,13408097
2026-07-09T10:00:55.449318,2026-07-09T10:00:55.458599+00:00,127.2,17,ask,YieldingYams,BrilliantBurritos,13408098
2026-07-09T10:00:55.875874,2026-07-09T10:00:55.888346+00:00,127.4,20,bid,BrilliantBurritos,YieldingYams,13408105
2026-07-09T10:00:56.063657,2026-07-09T10:00:56.070397+00:00,127.3,200,ask,WavyWalnuts,YieldingYams,13408108
2026-07-09T10:00:58.690168,2026-07-09T10:00:58.697671+00:00,127.3,200,bid,YieldingYams,WavyWalnuts,13408134
2026-07-09T10:01:02.628170,2026-07-09T10:01:02.638852+00:00,127.5,200,ask,WavyWalnuts,YieldingYams,13408186
2026-07-09T10:01:02.648187,2026-07-09T10:01:02.652999+00:00,127.4,11,bid,Xuanyu Liu,YieldingYams,13408188
2026-07-09T10:01:02.733721,2026-07-09T10:01:02.744420+00:00,127.4,4,bid,Wenze DU,YieldingYams,13408190
2026-07-09T10:01:03.174280,2026-07-09T10:01:03.181550+00:00,127.4,200,bid,WavyWalnuts,YieldingYams,13408202
2026-07-09T10:01:05.248275,2026-07-09T10:01:05.258657+00:00,127.6,200,bid,YieldingYams,WavyWalnuts,13408226
2026-07-09T10:01:06.561120,2026-07-09T10:01:06.569106+00:00,127.7,200,ask,WavyWalnuts,YieldingYams,13408252
2026-07-09T10:01:10.460835,2026-07-09T10:01:10.469329+00:00,127.3,200,ask,YieldingYams,WavyWalnuts,13408287
2026-07-09T10:01:11.673129,2026-07-09T10:01:11.680148+00:00,127.4,200,ask,AverageAlmonds,WavyWalnuts,13408301
2026-07-09T10:01:11.812451,2026-07-09T10:01:11.822987+00:00,127.4,300,ask,AverageAlmonds,YieldingYams,13408302
2026-07-09T10:01:12.075564,2026-07-09T10:01:12.086587+00:00,127.4,325,bid,AverageAlmonds,YieldingYams,13408308
2026-07-09T10:01:12.881713,2026-07-09T10:01:12.890348+00:00,127.4,200,ask,AverageAlmonds,WavyWalnuts,13408313
2026-07-09T10:01:14.090383,2026-07-09T10:01:14.100301+00:00,127.4,3,ask,Stanley Cai,WavyWalnuts,13408335
2026-07-09T10:01:14.090383,2026-07-09T10:01:14.100301+00:00,127.4,197,ask,YieldingYams,WavyWalnuts,13408336
2026-07-09T10:01:14.449792,2026-07-09T10:01:14.454000+00:00,127.5,26,bid,Xuanyu Liu,YieldingYams,13408340
2026-07-09T10:01:14.457260,2026-07-09T10:01:14.474761+00:00,127.5,25,bid,Wenze DU,YieldingYams,13408342
2026-07-09T10:01:14.565439,2026-07-09T10:01:14.571933+00:00,127.5,10,bid,Stanley Cai,YieldingYams,13408344
2026-07-09T10:01:14.572735,2026-07-09T10:01:14.582448+00:00,127.5,25,bid,Wenze DU,YieldingYams,13408346
2026-07-09T10:01:15.017576,2026-07-09T10:01:15.028223+00:00,127.5,10,bid,Stanley Cai,YieldingYams,13408352
2026-07-09T10:01:15.317498,2026-07-09T10:01:15.322127+00:00,127.4,3,bid,Xuanyu Liu,WavyWalnuts,13408356
2026-07-09T10:01:15.488451,2026-07-09T10:01:15.498295+00:00,127.4,1,bid,Wenze DU,WavyWalnuts,13408361
2026-07-09T10:01:15.565548,2026-07-09T10:01:15.577266+00:00,127.4,9,bid,Stanley Cai,WavyWalnuts,13408362
2026-07-09T10:01:15.836910,2026-07-09T10:01:15.841583+00:00,127.3,3,ask,YieldingYams,Xuanyu Liu,13408370
2026-07-09T10:01:15.905908,2026-07-09T10:01:15.914082+00:00,127.3,1,ask,YieldingYams,Wenze DU,13408372
2026-07-09T10:01:17.738772,2026-07-09T10:01:17.748764+00:00,127.4,10,ask,YieldingYams,Wenze DU,13408401
2026-07-09T10:01:20.144650,2026-07-09T10:01:20.152378+00:00,127.3,200,ask,YieldingYams,WavyWalnuts,13408430
2026-07-09T10:01:21.781088,2026-07-09T10:01:21.790329+00:00,127.4,500,bid,AverageAlmonds,YieldingYams,13408449
2026-07-09T10:01:22.310760,2026-07-09T10:01:22.321557+00:00,127.4,200,bid,YieldingYams,WavyWalnuts,13408454
2026-07-09T10:01:22.406955,2026-07-09T10:01:22.417637+00:00,127.5,10,ask,YieldingYams,Wenze DU,13408457
2026-07-09T10:01:22.563473,2026-07-09T10:01:22.574183+00:00,127.5,200,ask,YieldingYams,WavyWalnuts,13408461
2026-07-09T10:01:24.984701,2026-07-09T10:01:24.991775+00:00,127.6,200,bid,WavyWalnuts,YieldingYams,13408496
2026-07-09T10:01:25.591254,2026-07-09T10:01:25.603184+00:00,127.4,20,ask,AverageAlmonds,BrilliantBurritos,13408504
2026-07-09T10:01:26.265300,2026-07-09T10:01:26.275902+00:00,127.5,200,ask,WavyWalnuts,YieldingYams,13408514
2026-07-09T10:01:27.166772,2026-07-09T10:01:27.171193+00:00,127.3,14,ask,YieldingYams,Xuanyu Liu,13408530
2026-07-09T10:01:27.249064,2026-07-09T10:01:27.260726+00:00,127.3,10,ask,YieldingYams,Stanley Cai,13408532
2026-07-09T10:01:27.280452,2026-07-09T10:01:27.287027+00:00,127.3,20,ask,YieldingYams,Wenze DU,13408536
2026-07-09T10:01:27.399165,2026-07-09T10:01:27.410325+00:00,127.5,200,bid,WavyWalnuts,YieldingYams,13408537
2026-07-09T10:01:27.588656,2026-07-09T10:01:27.592895+00:00,127.5,23,ask,YieldingYams,Xuanyu Liu,13408545
2026-07-09T10:01:27.603468,2026-07-09T10:01:27.619018+00:00,127.5,20,ask,YieldingYams,Wenze DU,13408547
2026-07-09T10:01:28.235277,2026-07-09T10:01:28.242485+00:00,127.5,10,ask,YieldingYams,Stanley Cai,13408556
2026-07-09T10:01:28.485509,2026-07-09T10:01:28.493100+00:00,127.5,10,ask,YieldingYams,Stanley Cai,13408559
2026-07-09T10:01:28.883611,2026-07-09T10:01:28.895191+00:00,127.6,200,bid,YieldingYams,WavyWalnuts,13408565
2026-07-09T10:01:28.902016,2026-07-09T10:01:28.906685+00:00,127.6,12,ask,YieldingYams,Xuanyu Liu,13408567
2026-07-09T10:01:28.926837,2026-07-09T10:01:28.938030+00:00,127.6,10,ask,YieldingYams,Wenze DU,13408569
2026-07-09T10:01:29.058105,2026-07-09T10:01:29.068994+00:00,127.6,9,ask,YieldingYams,Stanley Cai,13408571
2026-07-09T10:01:31.024626,2026-07-09T10:01:31.035310+00:00,127.7,200,ask,YieldingYams,WavyWalnuts,13408608
2026-07-09T10:01:35.435849,2026-07-09T10:01:35.456816+00:00,127.7,200,ask,WavyWalnuts,YieldingYams,13408663
2026-07-09T10:01:35.452565,2026-07-09T10:01:35.456816+00:00,127.7,23,bid,Xuanyu Liu,YieldingYams,13408665
2026-07-09T10:01:35.534207,2026-07-09T10:01:35.540971+00:00,127.7,20,bid,Wenze DU,YieldingYams,13408668
2026-07-09T10:01:38.285140,2026-07-09T10:01:38.295000+00:00,127.6,200,ask,YieldingYams,WavyWalnuts,13408708
2026-07-09T10:01:39.502323,2026-07-09T10:01:39.510709+00:00,127.6,200,ask,YieldingYams,WavyWalnuts,13408727
2026-07-09T10:01:40.101627,2026-07-09T10:01:40.113928+00:00,127.6,8,ask,YieldingYams,Stanley Cai,13408737
2026-07-09T10:01:40.714253,2026-07-09T10:01:40.722921+00:00,127.6,200,ask,YieldingYams,WavyWalnuts,13408743
2026-07-09T10:01:41.932313,2026-07-09T10:01:41.943609+00:00,127.6,200,ask,YieldingYams,WavyWalnuts,13408758
2026-07-09T10:01:43.141460,2026-07-09T10:01:43.148505+00:00,127.6,200,ask,YieldingYams,WavyWalnuts,13408775
2026-07-09T10:01:45.953606,2026-07-09T10:01:45.965501+00:00,127.2,20,ask,WavyWalnuts,BrilliantBurritos,13408819
2026-07-09T10:01:47.266336,2026-07-09T10:01:47.274461+00:00,127.4,200,bid,YieldingYams,WavyWalnuts,13408842
2026-07-09T10:01:51.200498,2026-07-09T10:01:51.207877+00:00,127.5,200,bid,YieldingYams,WavyWalnuts,13408899
2026-07-09T10:01:53.764998,2026-07-09T10:01:53.776717+00:00,127.4,20,ask,YieldingYams,BrilliantBurritos,13408938
2026-07-09T10:01:55.241687,2026-07-09T10:01:55.257727+00:00,127.5,200,ask,YieldingYams,WavyWalnuts,13408967
2026-07-09T10:01:56.460361,2026-07-09T10:01:56.464796+00:00,127.5,12,bid,Xuanyu Liu,YieldingYams,13408980
2026-07-09T10:01:56.471455,2026-07-09T10:01:56.485144+00:00,127.5,10,bid,Wenze DU,YieldingYams,13408982
2026-07-09T10:01:59.683869,2026-07-09T10:01:59.695864+00:00,127.5,20,ask,YieldingYams,BrilliantBurritos,13409033
2026-07-09T10:02:01.289505,2026-07-09T10:02:01.297050+00:00,127.4,200,ask,YieldingYams,WavyWalnuts,13409057
2026-07-09T10:02:04.307212,2026-07-09T10:02:04.316787+00:00,127.5,200,ask,WavyWalnuts,YieldingYams,13409096
2026-07-09T10:02:04.651150,2026-07-09T10:02:04.663745+00:00,127.3,20,ask,AverageAlmonds,BrilliantBurritos,13409100
2026-07-09T10:02:05.235633,2026-07-09T10:02:05.247004+00:00,127.5,20,bid,BrilliantBurritos,YieldingYams,13409112
2026-07-09T10:02:09.784786,2026-07-09T10:02:09.792858+00:00,127.7,200,ask,YieldingYams,WavyWalnuts,13409199
2026-07-09T10:02:10.864174,2026-07-09T10:02:10.874714+00:00,127.5,200,ask,WavyWalnuts,YieldingYams,13409211
2026-07-09T10:02:10.989805,2026-07-09T10:02:11.001736+00:00,127.5,200,bid,WavyWalnuts,YieldingYams,13409213
2026-07-09T10:02:13.408592,2026-07-09T10:02:13.415400+00:00,127.5,200,ask,YieldingYams,WavyWalnuts,13409252
2026-07-09T10:02:14.614547,2026-07-09T10:02:14.622471+00:00,127.6,200,bid,WavyWalnuts,YieldingYams,13409283
2026-07-09T10:02:14.691974,2026-07-09T10:02:14.703913+00:00,127.6,20,bid,BrilliantBurritos,YieldingYams,13409284
2026-07-09T10:02:15.695936,2026-07-09T10:02:15.706133+00:00,127.4,500,ask,YieldingYams,AverageAlmonds,13409300
2026-07-09T10:02:16.109832,2026-07-09T10:02:16.121275+00:00,127.5,200,ask,WavyWalnuts,YieldingYams,13409309
2026-07-09T10:02:19.456417,2026-07-09T10:02:19.452082+00:00,127.4,200,bid,WavyWalnuts,AverageAlmonds,13409345
2026-07-09T10:02:19.908232,2026-07-09T10:02:19.917918+00:00,127.3,500,ask,YieldingYams,AverageAlmonds,13409350
2026-07-09T10:02:20.670638,2026-07-09T10:02:20.680302+00:00,127.2,200,bid,WavyWalnuts,AverageAlmonds,13409359
2026-07-09T10:02:21.121064,2026-07-09T10:02:21.129972+00:00,127.1,500,ask,YieldingYams,AverageAlmonds,13409366
2026-07-09T10:02:22.659143,2026-07-09T10:02:22.669143+00:00,127.0,200,ask,WavyWalnuts,YieldingYams,13409386
2026-07-09T10:02:23.522415,2026-07-09T10:02:23.529203+00:00,126.9,20,ask,WavyWalnuts,BrilliantBurritos,13409400
2026-07-09T10:02:24.306875,2026-07-09T10:02:24.316506+00:00,127.0,200,bid,WavyWalnuts,YieldingYams,13409411
2026-07-09T10:02:25.538304,2026-07-09T10:02:25.543254+00:00,127.0,12,ask,WavyWalnuts,Xuanyu Liu,13409429
2026-07-09T10:02:25.638423,2026-07-09T10:02:25.647554+00:00,127.0,10,ask,WavyWalnuts,Wenze DU,13409435
2026-07-09T10:02:25.646911,2026-07-09T10:02:25.658660+00:00,127.0,4,ask,WavyWalnuts,Stanley Cai,13409436
2026-07-09T10:02:27.949250,2026-07-09T10:02:27.959611+00:00,127.1,200,ask,YieldingYams,WavyWalnuts,13409464
2026-07-09T10:02:35.228833,2026-07-09T10:02:35.238507+00:00,127.2,200,bid,WavyWalnuts,YieldingYams,13409576
2026-07-09T10:02:36.755192,2026-07-09T10:02:36.760009+00:00,127.3,26,bid,Xuanyu Liu,YieldingYams,13409603
2026-07-09T10:02:36.801464,2026-07-09T10:02:36.808846+00:00,127.3,24,bid,Wenze DU,YieldingYams,13409605
2026-07-09T10:02:37.609640,2026-07-09T10:02:37.621586+00:00,127.1,20,ask,WavyWalnuts,BrilliantBurritos,13409618
2026-07-09T10:02:37.649889,2026-07-09T10:02:37.663813+00:00,127.2,200,bid,WavyWalnuts,YieldingYams,13409620
2026-07-09T10:02:37.920102,2026-07-09T10:02:37.931815+00:00,127.2,1,bid,Wenze DU,YieldingYams,13409626
2026-07-09T10:02:39.286508,2026-07-09T10:02:39.295917+00:00,127.1,500,ask,YieldingYams,AverageAlmonds,13409642
2026-07-09T10:02:40.069706,2026-07-09T10:02:40.080024+00:00,127.1,200,bid,WavyWalnuts,AverageAlmonds,13409661
2026-07-09T10:02:41.296427,2026-07-09T10:02:41.305637+00:00,127.1,200,bid,WavyWalnuts,AverageAlmonds,13409675
2026-07-09T10:02:42.325029,2026-07-09T10:02:42.333845+00:00,127.0,500,ask,YieldingYams,AverageAlmonds,13409688
2026-07-09T10:02:42.508563,2026-07-09T10:02:42.516530+00:00,126.9,200,bid,WavyWalnuts,YieldingYams,13409693
2026-07-09T10:02:43.720495,2026-07-09T10:02:43.764804+00:00,126.9,200,bid,WavyWalnuts,YieldingYams,13409717
2026-07-09T10:02:44.931022,2026-07-09T10:02:44.940871+00:00,126.9,200,bid,WavyWalnuts,YieldingYams,13409739
2026-07-09T10:02:45.343761,2026-07-09T10:02:45.358606+00:00,126.9,500,ask,YieldingYams,AverageAlmonds,13409741
2026-07-09T10:02:45.975451,2026-07-09T10:02:45.983010+00:00,126.9,125,ask,YieldingYams,AverageAlmonds,13409749
2026-07-09T10:02:46.017387,2026-07-09T10:02:46.028855+00:00,126.9,20,bid,BrilliantBurritos,AverageAlmonds,13409750
2026-07-09T10:02:46.138744,2026-07-09T10:02:46.149179+00:00,126.9,200,bid,WavyWalnuts,AverageAlmonds,13409753
2026-07-09T10:02:47.346474,2026-07-09T10:02:47.358603+00:00,126.9,200,bid,WavyWalnuts,YieldingYams,13409785
2026-07-09T10:02:48.555943,2026-07-09T10:02:48.558620+00:00,126.9,200,bid,WavyWalnuts,AverageAlmonds,13409803
2026-07-09T10:02:49.540131,2026-07-09T10:02:49.551990+00:00,126.9,1,bid,Wenze DU,AverageAlmonds,13409817
2026-07-09T10:02:49.601640,2026-07-09T10:02:49.610568+00:00,126.8,500,ask,YieldingYams,AverageAlmonds,13409819
2026-07-09T10:02:50.197265,2026-07-09T10:02:50.208221+00:00,126.8,125,ask,YieldingYams,AverageAlmonds,13409832
2026-07-09T10:02:50.197265,2026-07-09T10:02:50.208221+00:00,126.7,200,ask,WavyWalnuts,AverageAlmonds,13409833
2026-07-09T10:02:50.231719,2026-07-09T10:02:50.242930+00:00,126.7,5,bid,Stanley Cai,AverageAlmonds,13409835
2026-07-09T10:02:50.237549,2026-07-09T10:02:50.247943+00:00,126.7,5,bid,Stanley Cai,AverageAlmonds,13409836
2026-07-09T10:02:50.260914,2026-07-09T10:02:50.269658+00:00,126.7,14,bid,Wenze DU,AverageAlmonds,13409838
2026-07-09T10:02:50.748967,2026-07-09T10:02:50.757679+00:00,126.7,7,bid,Stanley Cai,AverageAlmonds,13409845
2026-07-09T10:02:50.966599,2026-07-09T10:02:50.979424+00:00,126.6,3,ask,Stanley Cai,BrilliantBurritos,13409851
2026-07-09T10:02:50.966599,2026-07-09T10:02:50.979424+00:00,126.6,17,ask,YieldingYams,BrilliantBurritos,13409852
2026-07-09T10:02:51.012644,2026-07-09T10:02:51.021211+00:00,126.8,5,bid,Stanley Cai,YieldingYams,13409856
2026-07-09T10:02:51.413897,2026-07-09T10:02:51.423669+00:00,126.7,200,ask,WavyWalnuts,AverageAlmonds,13409866
2026-07-09T10:02:52.838475,2026-07-09T10:02:52.848419+00:00,126.7,500,bid,YieldingYams,AverageAlmonds,13409877
2026-07-09T10:02:52.912580,2026-07-09T10:02:52.919511+00:00,126.7,10,ask,YieldingYams,Wenze DU,13409879
2026-07-09T10:02:53.259407,2026-07-09T10:02:53.269428+00:00,126.7,4,ask,YieldingYams,Stanley Cai,13409881
2026-07-09T10:02:53.859836,2026-07-09T10:02:53.867068+00:00,126.7,111,ask,YieldingYams,AverageAlmonds,13409889
2026-07-09T10:02:54.611976,2026-07-09T10:02:54.658615+00:00,126.7,200,bid,WavyWalnuts,AverageAlmonds,13409905
2026-07-09T10:02:55.820970,2026-07-09T10:02:55.830582+00:00,126.7,200,bid,WavyWalnuts,YieldingYams,13409921
2026-07-09T10:02:56.362311,2026-07-09T10:02:56.373854+00:00,126.7,20,bid,BrilliantBurritos,YieldingYams,13409925
2026-07-09T10:02:56.651001,2026-07-09T10:02:56.663886+00:00,126.7,20,bid,BrilliantBurritos,YieldingYams,13409930
2026-07-09T10:02:56.768667,2026-07-09T10:02:56.775492+00:00,126.7,500,bid,YieldingYams,AverageAlmonds,13409932
2026-07-09T10:02:56.787857,2026-07-09T10:02:56.792463+00:00,126.7,3,ask,YieldingYams,Xuanyu Liu,13409934
2026-07-09T10:02:56.822828,2026-07-09T10:02:56.830673+00:00,126.7,10,ask,YieldingYams,Wenze DU,13409936
2026-07-09T10:02:58.098355,2026-07-09T10:02:58.105781+00:00,126.7,112,ask,YieldingYams,AverageAlmonds,13409947
2026-07-09T10:02:58.117860,2026-07-09T10:02:58.126749+00:00,126.6,200,ask,WavyWalnuts,YieldingYams,13409949
2026-07-09T10:02:58.117860,2026-07-09T10:02:58.126749+00:00,126.5,3,ask,Stanley Cai,YieldingYams,13409950
2026-07-09T10:02:58.139469,2026-07-09T10:02:58.143725+00:00,126.4,3,bid,Xuanyu Liu,YieldingYams,13409952
2026-07-09T10:02:58.147256,2026-07-09T10:02:58.159322+00:00,126.4,10,bid,Wenze DU,YieldingYams,13409954
2026-07-09T10:02:58.239734,2026-07-09T10:02:58.250543+00:00,126.4,200,bid,WavyWalnuts,YieldingYams,13409955
2026-07-09T10:02:59.476986,2026-07-09T10:02:59.484410+00:00,126.5,3,ask,WavyWalnuts,Stanley Cai,13409967
2026-07-09T10:02:59.906725,2026-07-09T10:02:59.916105+00:00,126.5,197,ask,WavyWalnuts,AverageAlmonds,13409976
2026-07-09T10:03:00.661573,2026-07-09T10:03:00.669458+00:00,126.5,200,bid,WavyWalnuts,AverageAlmonds,13409987
2026-07-09T10:03:04.672715,2026-07-09T10:03:04.682565+00:00,126.5,20,bid,BrilliantBurritos,AverageAlmonds,13410051
2026-07-09T10:03:05.371378,2026-07-09T10:03:05.380874+00:00,126.4,500,ask,YieldingYams,AverageAlmonds,13410062
2026-07-09T10:03:05.962886,2026-07-09T10:03:05.970463+00:00,126.5,200,ask,WavyWalnuts,AverageAlmonds,13410068
2026-07-09T10:03:05.997553,2026-07-09T10:03:06.006858+00:00,126.3,3,ask,Stanley Cai,YieldingYams,13410070
2026-07-09T10:03:06.737792,2026-07-09T10:03:06.747924+00:00,126.3,200,bid,WavyWalnuts,YieldingYams,13410077
2026-07-09T10:03:07.948844,2026-07-09T10:03:07.958563+00:00,126.3,200,bid,WavyWalnuts,YieldingYams,13410096
2026-07-09T10:03:08.510202,2026-07-09T10:03:08.523507+00:00,126.1,20,ask,YieldingYams,Wenze DU,13410100
2026-07-09T10:03:08.519563,2026-07-09T10:03:08.523507+00:00,126.1,14,ask,YieldingYams,Xuanyu Liu,13410102
2026-07-09T10:03:08.691699,2026-07-09T10:03:08.699619+00:00,126.3,20,bid,BrilliantBurritos,YieldingYams,13410109
2026-07-09T10:03:09.948706,2026-07-09T10:03:09.953664+00:00,126.2,12,ask,YieldingYams,Xuanyu Liu,13410129
2026-07-09T10:03:09.960323,2026-07-09T10:03:09.968914+00:00,126.2,10,ask,YieldingYams,Wenze DU,13410131
2026-07-09T10:03:12.794607,2026-07-09T10:03:12.803854+00:00,126.3,200,bid,WavyWalnuts,YieldingYams,13410177
2026-07-09T10:03:18.101565,2026-07-09T10:03:18.109429+00:00,126.2,500,ask,YieldingYams,AverageAlmonds,13410251
2026-07-09T10:03:18.861716,2026-07-09T10:03:18.870206+00:00,126.3,200,bid,WavyWalnuts,AverageAlmonds,13410264
2026-07-09T10:03:19.131013,2026-07-09T10:03:19.135083+00:00,126.1,23,bid,Xuanyu Liu,YieldingYams,13410274
2026-07-09T10:03:19.157535,2026-07-09T10:03:19.166280+00:00,126.1,20,bid,Wenze DU,YieldingYams,13410276
2026-07-09T10:03:19.350099,2026-07-09T10:03:19.358620+00:00,126.1,3,bid,Stanley Cai,YieldingYams,13410278
2026-07-09T10:03:20.072645,2026-07-09T10:03:20.080338+00:00,126.1,200,bid,WavyWalnuts,YieldingYams,13410290
2026-07-09T10:03:21.282345,2026-07-09T10:03:21.291289+00:00,126.2,200,bid,WavyWalnuts,AverageAlmonds,13410295
2026-07-09T10:03:24.911921,2026-07-09T10:03:24.922140+00:00,126.4,200,bid,WavyWalnuts,YieldingYams,13410339
2026-07-09T10:03:27.321538,2026-07-09T10:03:27.333534+00:00,126.3,20,ask,WavyWalnuts,BrilliantBurritos,13410384
2026-07-09T10:03:27.475696,2026-07-09T10:03:27.480166+00:00,126.4,3,bid,Xuanyu Liu,YieldingYams,13410390
2026-07-09T10:03:27.568129,2026-07-09T10:03:27.579892+00:00,126.4,20,bid,Wenze DU,YieldingYams,13410393
2026-07-09T10:03:28.538815,2026-07-09T10:03:28.547924+00:00,126.4,1,bid,Wenze DU,YieldingYams,13410404
2026-07-09T10:03:30.657683,2026-07-09T10:03:30.669552+00:00,126.4,1,bid,Wenze DU,YieldingYams,13410427
2026-07-09T10:03:30.986547,2026-07-09T10:03:30.996331+00:00,126.4,200,bid,WavyWalnuts,YieldingYams,13410433
2026-07-09T10:03:32.196899,2026-07-09T10:03:32.207829+00:00,126.4,200,bid,WavyWalnuts,YieldingYams,13410449
2026-07-09T10:03:33.206935,2026-07-09T10:03:33.215490+00:00,126.5,7,bid,Wenze DU,AverageAlmonds,13410470
2026-07-09T10:03:33.618194,2026-07-09T10:03:33.626016+00:00,126.4,200,ask,WavyWalnuts,YieldingYams,13410481
2026-07-09T10:03:33.637901,2026-07-09T10:03:33.641984+00:00,126.4,3,bid,Xuanyu Liu,YieldingYams,13410483
2026-07-09T10:03:33.720336,2026-07-09T10:03:33.731307+00:00,126.4,10,bid,Wenze DU,YieldingYams,13410485
2026-07-09T10:03:34.016245,2026-07-09T10:03:34.024160+00:00,126.4,5,bid,Stanley Cai,YieldingYams,13410488
2026-07-09T10:03:36.961152,2026-07-09T10:03:36.973000+00:00,126.4,20,bid,BrilliantBurritos,WavyWalnuts,13410535
2026-07-09T10:03:37.046137,2026-07-09T10:03:37.058619+00:00,126.3,200,ask,YieldingYams,WavyWalnuts,13410536
2026-07-09T10:03:37.568178,2026-07-09T10:03:37.572556+00:00,126.2,11,bid,Xuanyu Liu,YieldingYams,13410543
2026-07-09T10:03:37.577899,2026-07-09T10:03:37.588126+00:00,126.2,10,bid,Wenze DU,YieldingYams,13410545
2026-07-09T10:03:37.681595,2026-07-09T10:03:37.691370+00:00,126.2,5,bid,Stanley Cai,YieldingYams,13410550
2026-07-09T10:03:38.044365,2026-07-09T10:03:38.058659+00:00,126.2,5,bid,Stanley Cai,YieldingYams,13410555
2026-07-09T10:03:38.478050,2026-07-09T10:03:38.490036+00:00,126.2,3,bid,Stanley Cai,YieldingYams,13410560
2026-07-09T10:03:40.196759,2026-07-09T10:03:40.200761+00:00,126.1,3,ask,Stanley Cai,Xuanyu Liu,13410596
2026-07-09T10:03:41.479944,2026-07-09T10:03:41.490367+00:00,126.0,200,ask,WavyWalnuts,YieldingYams,13410611
2026-07-09T10:03:41.479944,2026-07-09T10:03:41.490367+00:00,126.0,425,ask,AverageAlmonds,YieldingYams,13410612
2026-07-09T10:03:41.879138,2026-07-09T10:03:41.890873+00:00,126.1,200,ask,AverageAlmonds,WavyWalnuts,13410618
2026-07-09T10:03:43.093167,2026-07-09T10:03:43.104288+00:00,126.2,3,ask,Stanley Cai,WavyWalnuts,13410638
2026-07-09T10:03:43.093167,2026-07-09T10:03:43.104288+00:00,126.1,197,ask,YieldingYams,WavyWalnuts,13410639
2026-07-09T10:03:43.907313,2026-07-09T10:03:43.958618+00:00,126.3,20,bid,BrilliantBurritos,YieldingYams,13410654
2026-07-09T10:03:44.118287,2026-07-09T10:03:44.123127+00:00,126.2,3,bid,Xuanyu Liu,YieldingYams,13410657
2026-07-09T10:03:44.303309,2026-07-09T10:03:44.311893+00:00,126.1,200,ask,AverageAlmonds,WavyWalnuts,13410660
2026-07-09T10:03:45.512728,2026-07-09T10:03:45.523069+00:00,126.2,200,bid,WavyWalnuts,YieldingYams,13410687
2026-07-09T10:03:46.724668,2026-07-09T10:03:46.732342+00:00,126.2,200,bid,WavyWalnuts,YieldingYams,13410707
2026-07-09T10:03:46.759490,2026-07-09T10:03:46.763712+00:00,126.1,11,ask,YieldingYams,Xuanyu Liu,13410710
2026-07-09T10:03:46.836948,2026-07-09T10:03:46.847223+00:00,126.1,10,ask,YieldingYams,Wenze DU,13410713
2026-07-09T10:03:47.378258,2026-07-09T10:03:47.389991+00:00,126.1,8,ask,YieldingYams,Stanley Cai,13410732
2026-07-09T10:03:47.933425,2026-07-09T10:03:47.942822+00:00,126.3,200,bid,WavyWalnuts,YieldingYams,13410744
2026-07-09T10:03:48.078907,2026-07-09T10:03:48.084008+00:00,126.4,3,ask,YieldingYams,Xuanyu Liu,13410753
2026-07-09T10:03:48.082976,2026-07-09T10:03:48.099558+00:00,126.4,25,ask,YieldingYams,Wenze DU,13410754
2026-07-09T10:03:48.105379,2026-07-09T10:03:48.117534+00:00,126.5,3,bid,BrilliantBurritos,Stanley Cai,13410755
2026-07-09T10:03:48.105379,2026-07-09T10:03:48.117534+00:00,126.5,17,bid,BrilliantBurritos,WavyWalnuts,13410756
2026-07-09T10:03:48.196002,2026-07-09T10:03:48.208177+00:00,126.4,10,ask,YieldingYams,Stanley Cai,13410759
2026-07-09T10:03:48.200112,2026-07-09T10:03:48.208177+00:00,126.4,5,ask,YieldingYams,Wenze DU,13410760
2026-07-09T10:03:48.787811,2026-07-09T10:03:48.794897+00:00,126.4,10,ask,YieldingYams,Stanley Cai,13410769
2026-07-09T10:03:49.147188,2026-07-09T10:03:49.163983+00:00,126.4,200,ask,YieldingYams,WavyWalnuts,13410773
2026-07-09T10:03:49.638358,2026-07-09T10:03:49.642364+00:00,126.3,3,bid,Xuanyu Liu,YieldingYams,13410786
2026-07-09T10:03:49.655005,2026-07-09T10:03:49.663300+00:00,126.3,1,bid,Wenze DU,YieldingYams,13410787
2026-07-09T10:03:49.666145,2026-07-09T10:03:49.673544+00:00,126.3,25,bid,Wenze DU,YieldingYams,13410789
2026-07-09T10:03:49.778451,2026-07-09T10:03:49.789955+00:00,126.3,4,bid,Wenze DU,YieldingYams,13410793
2026-07-09T10:03:50.355239,2026-07-09T10:03:50.364895+00:00,126.3,200,bid,WavyWalnuts,YieldingYams,13410802
2026-07-09T10:03:53.839648,2026-07-09T10:03:53.847727+00:00,126.4,500,bid,AverageAlmonds,YieldingYams,13410852
2026-07-09T10:03:54.647705,2026-07-09T10:03:54.663770+00:00,126.4,200,bid,YieldingYams,WavyWalnuts,13410860
2026-07-09T10:03:54.647705,2026-07-09T10:03:54.663770+00:00,126.5,3,bid,YieldingYams,Stanley Cai,13410861
2026-07-09T10:03:54.670305,2026-07-09T10:03:54.674742+00:00,126.5,3,ask,YieldingYams,Xuanyu Liu,13410863
2026-07-09T10:03:54.692383,2026-07-09T10:03:54.702887+00:00,126.5,20,ask,YieldingYams,Wenze DU,13410865
2026-07-09T10:03:54.827738,2026-07-09T10:03:54.839354+00:00,126.5,10,ask,YieldingYams,Stanley Cai,13410867
2026-07-09T10:03:55.266462,2026-07-09T10:03:55.278774+00:00,126.5,8,ask,YieldingYams,Stanley Cai,13410874
2026-07-09T10:03:57.492266,2026-07-09T10:03:57.500031+00:00,126.6,5,bid,Stanley Cai,YieldingYams,13410906
2026-07-09T10:03:58.578339,2026-07-09T10:03:58.589483+00:00,126.5,200,ask,WavyWalnuts,YieldingYams,13410921
2026-07-09T10:03:59.375214,2026-07-09T10:03:59.386907+00:00,126.5,20,bid,BrilliantBurritos,YieldingYams,13410933
2026-07-09T10:03:59.912006,2026-07-09T10:03:59.919537+00:00,126.5,200,bid,YieldingYams,WavyWalnuts,13410938
2026-07-09T10:03:59.953223,2026-07-09T10:03:59.961680+00:00,126.6,10,ask,YieldingYams,Wenze DU,13410940
2026-07-09T10:04:00.057699,2026-07-09T10:04:00.069013+00:00,126.6,200,ask,YieldingYams,WavyWalnuts,13410945
2026-07-09T10:04:01.566584,2026-07-09T10:04:01.578403+00:00,126.6,20,bid,BrilliantBurritos,YieldingYams,13410976
2026-07-09T10:04:03.245476,2026-07-09T10:04:03.256664+00:00,126.6,20,bid,BrilliantBurritos,YieldingYams,13411003
2026-07-09T10:04:03.842654,2026-07-09T10:04:03.858629+00:00,126.5,200,ask,WavyWalnuts,YieldingYams,13411010
2026-07-09T10:04:05.509433,2026-07-09T10:04:05.513736+00:00,126.4,26,ask,AverageAlmonds,Xuanyu Liu,13411036
2026-07-09T10:04:05.599089,2026-07-09T10:04:05.606473+00:00,126.4,25,ask,AverageAlmonds,Wenze DU,13411041
2026-07-09T10:04:05.711740,2026-07-09T10:04:05.723332+00:00,126.4,5,ask,AverageAlmonds,Wenze DU,13411043
2026-07-09T10:04:06.103123,2026-07-09T10:04:06.113856+00:00,126.4,200,ask,AverageAlmonds,WavyWalnuts,13411051
2026-07-09T10:04:07.312853,2026-07-09T10:04:07.323412+00:00,126.4,200,ask,AverageAlmonds,WavyWalnuts,13411069
2026-07-09T10:04:07.869712,2026-07-09T10:04:07.878268+00:00,126.3,20,ask,AverageAlmonds,BrilliantBurritos,13411078
2026-07-09T10:04:08.521161,2026-07-09T10:04:08.528443+00:00,126.4,200,bid,WavyWalnuts,YieldingYams,13411088
2026-07-09T10:04:10.803909,2026-07-09T10:04:10.814966+00:00,126.2,500,bid,AverageAlmonds,YieldingYams,13411108
2026-07-09T10:04:11.396885,2026-07-09T10:04:11.404623+00:00,126.2,125,bid,AverageAlmonds,YieldingYams,13411122
2026-07-09T10:04:11.438978,2026-07-09T10:04:11.442946+00:00,126.2,11,ask,AverageAlmonds,Xuanyu Liu,13411126
2026-07-09T10:04:11.476613,2026-07-09T10:04:11.484997+00:00,126.2,10,ask,AverageAlmonds,Wenze DU,13411129
2026-07-09T10:04:11.751243,2026-07-09T10:04:11.771246+00:00,126.3,3,bid,YieldingYams,Stanley Cai,13411133
2026-07-09T10:04:11.767378,2026-07-09T10:04:11.771246+00:00,126.3,12,ask,YieldingYams,Xuanyu Liu,13411136
2026-07-09T10:04:12.992223,2026-07-09T10:04:13.004324+00:00,126.4,20,bid,BrilliantBurritos,WavyWalnuts,13411152
2026-07-09T10:04:13.403220,2026-07-09T10:04:13.412429+00:00,126.3,200,ask,YieldingYams,WavyWalnuts,13411157
2026-07-09T10:04:14.610724,2026-07-09T10:04:14.617213+00:00,126.4,200,bid,WavyWalnuts,YieldingYams,13411171
2026-07-09T10:04:14.945375,2026-07-09T10:04:14.950229+00:00,126.4,35,bid,Xuanyu Liu,YieldingYams,13411183
2026-07-09T10:04:15.055202,2026-07-09T10:04:15.057740+00:00,126.4,20,bid,Wenze DU,YieldingYams,13411186
2026-07-09T10:04:15.622523,2026-07-09T10:04:15.629730+00:00,126.4,370,bid,AverageAlmonds,YieldingYams,13411193
2026-07-09T10:04:15.829616,2026-07-09T10:04:15.837990+00:00,126.4,130,ask,AverageAlmonds,WavyWalnuts,13411197
2026-07-09T10:04:15.829616,2026-07-09T10:04:15.843219+00:00,126.4,70,ask,YieldingYams,WavyWalnuts,13411198
2026-07-09T10:04:17.042738,2026-07-09T10:04:17.051040+00:00,126.4,200,ask,AverageAlmonds,WavyWalnuts,13411216
2026-07-09T10:04:17.472879,2026-07-09T10:04:17.480283+00:00,126.5,500,bid,AverageAlmonds,YieldingYams,13411224
2026-07-09T10:04:18.162188,2026-07-09T10:04:18.166274+00:00,126.4,12,ask,AverageAlmonds,Xuanyu Liu,13411232
2026-07-09T10:04:18.202302,2026-07-09T10:04:18.212869+00:00,126.4,10,ask,AverageAlmonds,Wenze DU,13411234
2026-07-09T10:04:18.337709,2026-07-09T10:04:18.342579+00:00,126.5,11,ask,YieldingYams,Xuanyu Liu,13411240
2026-07-09T10:04:18.416189,2026-07-09T10:04:18.423748+00:00,126.5,10,ask,YieldingYams,Wenze DU,13411244
2026-07-09T10:04:19.467541,2026-07-09T10:04:19.475415+00:00,126.5,200,ask,YieldingYams,WavyWalnuts,13411259
2026-07-09T10:04:20.679227,2026-07-09T10:04:20.689925+00:00,126.4,200,ask,YieldingYams,WavyWalnuts,13411277
2026-07-09T10:04:21.671639,2026-07-09T10:04:21.679647+00:00,126.5,500,bid,AverageAlmonds,YieldingYams,13411288
2026-07-09T10:04:22.254439,2026-07-09T10:04:22.258616+00:00,126.6,200,bid,YieldingYams,WavyWalnuts,13411304
2026-07-09T10:04:24.439103,2026-07-09T10:04:24.444000+00:00,126.7,11,bid,Xuanyu Liu,YieldingYams,13411339
2026-07-09T10:04:24.469911,2026-07-09T10:04:24.477066+00:00,126.7,10,bid,Wenze DU,YieldingYams,13411341
2026-07-09T10:04:24.730556,2026-07-09T10:04:24.742494+00:00,126.7,20,bid,BrilliantBurritos,YieldingYams,13411342
2026-07-09T10:04:27.152817,2026-07-09T10:04:27.155900+00:00,126.7,20,ask,WavyWalnuts,BrilliantBurritos,13411379
2026-07-09T10:04:27.513423,2026-07-09T10:04:27.522275+00:00,126.7,180,ask,WavyWalnuts,YieldingYams,13411386
2026-07-09T10:04:27.940393,2026-07-09T10:04:27.950179+00:00,126.7,200,bid,WavyWalnuts,YieldingYams,13411393
2026-07-09T10:04:29.389512,2026-07-09T10:04:29.401719+00:00,126.7,20,ask,YieldingYams,BrilliantBurritos,13411419
2026-07-09T10:04:30.139823,2026-07-09T10:04:30.149145+00:00,126.9,200,bid,YieldingYams,WavyWalnuts,13411427
2026-07-09T10:04:30.139823,2026-07-09T10:04:30.149145+00:00,126.9,425,bid,YieldingYams,AverageAlmonds,13411428
2026-07-09T10:04:30.789314,2026-07-09T10:04:30.793643+00:00,126.9,23,bid,Xuanyu Liu,AverageAlmonds,13411438
2026-07-09T10:04:30.855884,2026-07-09T10:04:30.866265+00:00,126.9,20,bid,Wenze DU,AverageAlmonds,13411441
2026-07-09T10:04:30.903975,2026-07-09T10:04:30.914745+00:00,126.9,7,bid,Stanley Cai,AverageAlmonds,13411443
2026-07-09T10:04:31.484899,2026-07-09T10:04:31.492158+00:00,126.8,200,ask,WavyWalnuts,YieldingYams,13411453
2026-07-09T10:04:31.484899,2026-07-09T10:04:31.512101+00:00,126.5,3,ask,Stanley Cai,YieldingYams,13411454
2026-07-09T10:04:31.507221,2026-07-09T10:04:31.512101+00:00,126.4,3,bid,Xuanyu Liu,YieldingYams,13411456
2026-07-09T10:04:31.571951,2026-07-09T10:04:31.580727+00:00,126.4,3,bid,Wenze DU,YieldingYams,13411458
2026-07-09T10:04:31.577533,2026-07-09T10:04:31.586278+00:00,126.4,200,bid,WavyWalnuts,YieldingYams,13411459
2026-07-09T10:04:32.788363,2026-07-09T10:04:32.798322+00:00,126.4,200,bid,WavyWalnuts,YieldingYams,13411478
2026-07-09T10:04:32.799347,2026-07-09T10:04:32.818020+00:00,126.6,3,bid,YieldingYams,Stanley Cai,13411479
2026-07-09T10:04:32.814387,2026-07-09T10:04:32.818020+00:00,126.6,3,ask,YieldingYams,Xuanyu Liu,13411481
2026-07-09T10:04:32.894897,2026-07-09T10:04:32.903612+00:00,126.6,3,ask,YieldingYams,Wenze DU,13411483
2026-07-09T10:04:33.105705,2026-07-09T10:04:33.117930+00:00,126.8,1,bid,Wenze DU,WavyWalnuts,13411486
2026-07-09T10:04:34.000648,2026-07-09T10:04:34.011347+00:00,126.6,200,ask,YieldingYams,WavyWalnuts,13411496
2026-07-09T10:04:40.056067,2026-07-09T10:04:40.067187+00:00,126.3,200,ask,YieldingYams,WavyWalnuts,13411575
2026-07-09T10:04:40.302937,2026-07-09T10:04:40.307652+00:00,126.3,34,ask,YieldingYams,Xuanyu Liu,13411581
2026-07-09T10:04:40.357958,2026-07-09T10:04:40.370299+00:00,126.3,9,ask,YieldingYams,Stanley Cai,13411583
2026-07-09T10:04:40.386170,2026-07-09T10:04:40.396621+00:00,126.3,25,ask,YieldingYams,Wenze DU,13411586
2026-07-09T10:04:43.328244,2026-07-09T10:04:43.337138+00:00,126.2,200,ask,WavyWalnuts,YieldingYams,13411635
2026-07-09T10:04:43.328244,2026-07-09T10:04:43.337138+00:00,126.2,425,ask,AverageAlmonds,YieldingYams,13411636
2026-07-09T10:04:44.066507,2026-07-09T10:04:44.079704+00:00,126.3,200,bid,AverageAlmonds,WavyWalnuts,13411649
2026-07-09T10:04:45.987722,2026-07-09T10:04:45.991537+00:00,126.3,11,bid,Xuanyu Liu,YieldingYams,13411673
2026-07-09T10:04:46.063113,2026-07-09T10:04:46.074945+00:00,126.3,4,bid,Wenze DU,YieldingYams,13411676
2026-07-09T10:04:48.539593,2026-07-09T10:04:48.549684+00:00,126.3,200,ask,AverageAlmonds,WavyWalnuts,13411708
2026-07-09T10:04:48.919844,2026-07-09T10:04:48.927438+00:00,126.4,500,bid,AverageAlmonds,YieldingYams,13411715
2026-07-09T10:04:49.509982,2026-07-09T10:04:49.521433+00:00,126.4,125,bid,AverageAlmonds,YieldingYams,13411726
2026-07-09T10:04:49.751676,2026-07-09T10:04:49.760823+00:00,126.4,200,ask,AverageAlmonds,WavyWalnuts,13411733
2026-07-09T10:04:49.910838,2026-07-09T10:04:49.915812+00:00,126.6,11,ask,YieldingYams,Xuanyu Liu,13411736
2026-07-09T10:04:49.928781,2026-07-09T10:04:49.936344+00:00,126.6,10,ask,YieldingYams,Wenze DU,13411738
2026-07-09T10:04:50.959595,2026-07-09T10:04:50.969475+00:00,126.6,200,ask,YieldingYams,WavyWalnuts,13411751
2026-07-09T10:04:52.307342,2026-07-09T10:04:52.320504+00:00,126.5,20,ask,YieldingYams,BrilliantBurritos,13411773
2026-07-09T10:04:53.380867,2026-07-09T10:04:53.389581+00:00,126.5,200,ask,YieldingYams,WavyWalnuts,13411781
2026-07-09T10:04:53.876897,2026-07-09T10:04:53.899551+00:00,126.5,500,ask,AverageAlmonds,YieldingYams,13411792
2026-07-09T10:04:53.895458,2026-07-09T10:04:53.899551+00:00,126.4,23,bid,Xuanyu Liu,YieldingYams,13411795
2026-07-09T10:04:53.898522,2026-07-09T10:04:53.915088+00:00,126.4,20,bid,Wenze DU,YieldingYams,13411796
2026-07-09T10:04:54.362417,2026-07-09T10:04:54.369892+00:00,126.4,82,bid,AverageAlmonds,YieldingYams,13411799
2026-07-09T10:04:54.396470,2026-07-09T10:04:54.400481+00:00,126.6,12,ask,AverageAlmonds,Xuanyu Liu,13411804
2026-07-09T10:04:54.420120,2026-07-09T10:04:54.431766+00:00,126.6,10,ask,AverageAlmonds,Wenze DU,13411806
2026-07-09T10:04:54.589550,2026-07-09T10:04:54.596267+00:00,126.6,200,ask,AverageAlmonds,WavyWalnuts,13411812
2026-07-09T10:04:55.200590,2026-07-09T10:04:55.204861+00:00,126.7,11,ask,YieldingYams,Xuanyu Liu,13411821
2026-07-09T10:04:55.241519,2026-07-09T10:04:55.253285+00:00,126.7,10,ask,YieldingYams,Wenze DU,13411823
2026-07-09T10:04:56.054834,2026-07-09T10:04:56.068666+00:00,126.9,20,bid,Wenze DU,WavyWalnuts,13411839
2026-07-09T10:04:56.064421,2026-07-09T10:04:56.068666+00:00,126.9,23,bid,Xuanyu Liu,WavyWalnuts,13411841
2026-07-09T10:04:58.239228,2026-07-09T10:04:58.243572+00:00,126.8,11,bid,Xuanyu Liu,WavyWalnuts,13411878
2026-07-09T10:04:58.331916,2026-07-09T10:04:58.339183+00:00,126.8,1,bid,Wenze DU,WavyWalnuts,13411880
2026-07-09T10:04:59.276916,2026-07-09T10:04:59.281336+00:00,126.7,11,ask,AverageAlmonds,Xuanyu Liu,13411895
2026-07-09T10:04:59.354878,2026-07-09T10:04:59.362212+00:00,126.7,1,ask,AverageAlmonds,Wenze DU,13411897
2026-07-09T10:05:00.453118,2026-07-09T10:05:00.463622+00:00,126.6,200,ask,WavyWalnuts,YieldingYams,13411914
2026-07-09T10:05:01.602632,2026-07-09T10:05:01.614476+00:00,126.6,20,bid,Ethan Gu,YieldingYams,13411927
2026-07-09T10:05:02.121906,2026-07-09T10:05:02.129505+00:00,126.5,20,ask,AverageAlmonds,Ethan Gu,13411942
2026-07-09T10:05:03.080514,2026-07-09T10:05:03.099610+00:00,126.5,200,ask,AverageAlmonds,WavyWalnuts,13411957
2026-07-09T10:05:04.291732,2026-07-09T10:05:04.303269+00:00,126.6,200,ask,YieldingYams,WavyWalnuts,13411985
2026-07-09T10:05:07.016668,2026-07-09T10:05:07.026979+00:00,126.4,200,ask,WavyWalnuts,YieldingYams,13412021
2026-07-09T10:05:07.090402,2026-07-09T10:05:07.100336+00:00,126.4,425,bid,AverageAlmonds,YieldingYams,13412022
2026-07-09T10:05:07.405297,2026-07-09T10:05:07.416788+00:00,126.4,20,ask,AverageAlmonds,BrilliantBurritos,13412028
2026-07-09T10:05:10.150793,2026-07-09T10:05:10.153945+00:00,126.8,20,bid,BrilliantBurritos,WavyWalnuts,13412086
2026-07-09T10:05:10.357596,2026-07-09T10:05:10.368700+00:00,126.7,200,ask,YieldingYams,WavyWalnuts,13412092
2026-07-09T10:05:11.970413,2026-07-09T10:05:11.990261+00:00,126.6,12,ask,YieldingYams,Xuanyu Liu,13412122
2026-07-09T10:05:11.983583,2026-07-09T10:05:11.995582+00:00,126.6,10,ask,YieldingYams,Wenze DU,13412124
2026-07-09T10:05:13.611196,2026-07-09T10:05:13.621342+00:00,126.7,200,bid,YieldingYams,WavyWalnuts,13412141
2026-07-09T10:05:13.627228,2026-07-09T10:05:13.631183+00:00,126.7,11,ask,YieldingYams,Xuanyu Liu,13412143
2026-07-09T10:05:13.717573,2026-07-09T10:05:13.726158+00:00,126.7,10,ask,YieldingYams,Wenze DU,13412146
2026-07-09T10:05:13.992621,2026-07-09T10:05:14.000216+00:00,126.7,200,ask,YieldingYams,WavyWalnuts,13412151
2026-07-09T10:05:14.926050,2026-07-09T10:05:14.933676+00:00,126.7,500,ask,AverageAlmonds,YieldingYams,13412159
2026-07-09T10:05:14.947335,2026-07-09T10:05:14.958583+00:00,126.6,125,bid,AverageAlmonds,YieldingYams,13412160
2026-07-09T10:05:15.201589,2026-07-09T10:05:15.211040+00:00,126.9,3,ask,Stanley Cai,WavyWalnuts,13412167
2026-07-09T10:05:15.201589,2026-07-09T10:05:15.211040+00:00,126.8,197,ask,AverageAlmonds,WavyWalnuts,13412168
2026-07-09T10:05:16.249410,2026-07-09T10:05:16.257090+00:00,126.9,6,bid,Wenze DU,YieldingYams,13412183
2026-07-09T10:05:16.252410,2026-07-09T10:05:16.257090+00:00,126.9,6,bid,Xuanyu Liu,YieldingYams,13412184
2026-07-09T10:05:16.267893,2026-07-09T10:05:16.271840+00:00,126.9,17,bid,Xuanyu Liu,YieldingYams,13412187
2026-07-09T10:05:16.370777,2026-07-09T10:05:16.380196+00:00,126.9,14,bid,Wenze DU,YieldingYams,13412190
2026-07-09T10:05:18.271716,2026-07-09T10:05:18.276273+00:00,126.9,35,ask,YieldingYams,Xuanyu Liu,13412215
2026-07-09T10:05:18.355978,2026-07-09T10:05:18.363751+00:00,126.9,25,ask,YieldingYams,Wenze DU,13412217
2026-07-09T10:05:18.472085,2026-07-09T10:05:18.479449+00:00,126.9,5,ask,YieldingYams,Wenze DU,13412219
2026-07-09T10:05:19.498735,2026-07-09T10:05:19.505839+00:00,127.0,1,bid,Ethan Gu,WavyWalnuts,13412234
2026-07-09T10:05:22.467434,2026-07-09T10:05:22.476290+00:00,127.1,200,ask,YieldingYams,WavyWalnuts,13412263
2026-07-09T10:05:23.677012,2026-07-09T10:05:23.684147+00:00,127.1,200,ask,YieldingYams,WavyWalnuts,13412278
2026-07-09T10:05:23.887774,2026-07-09T10:05:23.899809+00:00,127.1,20,ask,YieldingYams,BrilliantBurritos,13412280
2026-07-09T10:05:27.306424,2026-07-09T10:05:27.316273+00:00,127.1,200,ask,YieldingYams,WavyWalnuts,13412334
2026-07-09T10:05:30.121346,2026-07-09T10:05:30.129700+00:00,127.1,20,ask,YieldingYams,BrilliantBurritos,13412369
2026-07-09T10:05:33.330709,2026-07-09T10:05:33.338471+00:00,127.1,200,bid,YieldingYams,WavyWalnuts,13412412
2026-07-09T10:05:34.572553,2026-07-09T10:05:34.583941+00:00,127.1,200,ask,YieldingYams,WavyWalnuts,13412428
2026-07-09T10:05:37.262150,2026-07-09T10:05:37.268934+00:00,127.0,200,ask,WavyWalnuts,YieldingYams,13412463
2026-07-09T10:05:37.427246,2026-07-09T10:05:37.443058+00:00,126.7,20,ask,YieldingYams,BrilliantBurritos,13412467
2026-07-09T10:05:38.126060,2026-07-09T10:05:38.136047+00:00,126.9,20,bid,Ethan Gu,YieldingYams,13412477
2026-07-09T10:05:38.197459,2026-07-09T10:05:38.206288+00:00,126.9,200,bid,WavyWalnuts,YieldingYams,13412478
2026-07-09T10:05:39.880920,2026-07-09T10:05:39.888503+00:00,127.1,200,bid,YieldingYams,WavyWalnuts,13412501
2026-07-09T10:05:41.826089,2026-07-09T10:05:41.832917+00:00,127.1,200,bid,WavyWalnuts,YieldingYams,13412530
2026-07-09T10:05:43.829577,2026-07-09T10:05:43.864487+00:00,126.9,500,ask,AverageAlmonds,YieldingYams,13412552
2026-07-09T10:05:44.033436,2026-07-09T10:05:44.044660+00:00,126.9,125,bid,AverageAlmonds,YieldingYams,13412558
2026-07-09T10:05:44.252914,2026-07-09T10:05:44.260609+00:00,126.9,200,ask,AverageAlmonds,WavyWalnuts,13412566
2026-07-09T10:05:47.887589,2026-07-09T10:05:47.897349+00:00,127.0,200,bid,WavyWalnuts,YieldingYams,13412606
2026-07-09T10:05:48.129430,2026-07-09T10:05:48.141144+00:00,126.8,2,ask,Stanley Cai,BrilliantBurritos,13412611
2026-07-09T10:05:48.129430,2026-07-09T10:05:48.141144+00:00,126.8,18,ask,AverageAlmonds,BrilliantBurritos,13412612
2026-07-09T10:05:49.122772,2026-07-09T10:05:49.127407+00:00,127.0,11,ask,YieldingYams,Xuanyu Liu,13412629
2026-07-09T10:05:49.173153,2026-07-09T10:05:49.181035+00:00,127.0,10,ask,YieldingYams,Wenze DU,13412631
2026-07-09T10:05:49.515213,2026-07-09T10:05:49.524262+00:00,127.0,20,ask,YieldingYams,Ethan Gu,13412632
2026-07-09T10:05:50.206529,2026-07-09T10:05:50.218265+00:00,127.0,20,ask,YieldingYams,BrilliantBurritos,13412648
2026-07-09T10:05:53.960534,2026-07-09T10:05:53.969415+00:00,127.1,200,ask,YieldingYams,WavyWalnuts,13412702
2026-07-09T10:05:55.173849,2026-07-09T10:05:55.185550+00:00,127.3,200,ask,YieldingYams,WavyWalnuts,13412723
2026-07-09T10:05:56.779653,2026-07-09T10:05:56.790565+00:00,127.3,20,bid,Ethan Gu,WavyWalnuts,13412747
2026-07-09T10:05:56.997367,2026-07-09T10:05:57.009091+00:00,127.3,180,bid,YieldingYams,WavyWalnuts,13412750
2026-07-09T10:05:58.841131,2026-07-09T10:05:58.852150+00:00,127.3,20,bid,Ethan Gu,YieldingYams,13412777
2026-07-09T10:05:59.363852,2026-07-09T10:05:59.372175+00:00,127.3,20,bid,Ethan Gu,YieldingYams,13412783
2026-07-09T10:05:59.367583,2026-07-09T10:05:59.372175+00:00,127.3,23,bid,Xuanyu Liu,YieldingYams,13412784
2026-07-09T10:05:59.435470,2026-07-09T10:05:59.442463+00:00,127.3,20,bid,Wenze DU,YieldingYams,13412786
2026-07-09T10:06:00.018758,2026-07-09T10:06:00.028924+00:00,127.3,200,bid,WavyWalnuts,YieldingYams,13412796
2026-07-09T10:06:04.876971,2026-07-09T10:06:04.883803+00:00,127.2,200,ask,YieldingYams,WavyWalnuts,13412857
2026-07-09T10:06:08.514134,2026-07-09T10:06:08.521328+00:00,127.2,200,ask,YieldingYams,WavyWalnuts,13412900
2026-07-09T10:06:08.741052,2026-07-09T10:06:08.750669+00:00,127.4,20,bid,Ethan Gu,YieldingYams,13412906
2026-07-09T10:06:09.724052,2026-07-09T10:06:09.733604+00:00,127.2,200,ask,YieldingYams,WavyWalnuts,13412928
2026-07-09T10:06:10.935367,2026-07-09T10:06:10.942906+00:00,127.2,200,ask,AverageAlmonds,WavyWalnuts,13412937
2026-07-09T10:06:11.916692,2026-07-09T10:06:11.928248+00:00,127.3,500,bid,AverageAlmonds,YieldingYams,13412952
2026-07-09T10:06:12.514318,2026-07-09T10:06:12.563679+00:00,127.2,200,bid,AverageAlmonds,WavyWalnuts,13412959
2026-07-09T10:06:12.514318,2026-07-09T10:06:12.563679+00:00,127.3,125,bid,AverageAlmonds,YieldingYams,13412960
2026-07-09T10:06:12.558813,2026-07-09T10:06:12.563679+00:00,127.3,23,ask,AverageAlmonds,Xuanyu Liu,13412964
2026-07-09T10:06:12.584616,2026-07-09T10:06:12.595071+00:00,127.3,20,ask,AverageAlmonds,Wenze DU,13412968
2026-07-09T10:06:12.764803,2026-07-09T10:06:12.769151+00:00,127.4,11,ask,YieldingYams,Xuanyu Liu,13412973
2026-07-09T10:06:12.800068,2026-07-09T10:06:12.811423+00:00,127.4,10,ask,YieldingYams,Wenze DU,13412975
2026-07-09T10:06:12.882024,2026-07-09T10:06:12.892494+00:00,127.4,25,ask,YieldingYams,Ethan Gu,13412976
2026-07-09T10:06:13.357810,2026-07-09T10:06:13.366122+00:00,127.4,200,ask,YieldingYams,WavyWalnuts,13412987
2026-07-09T10:06:13.405247,2026-07-09T10:06:13.413473+00:00,127.4,25,ask,YieldingYams,Ethan Gu,13412989
2026-07-09T10:06:13.456253,2026-07-09T10:06:13.456129+00:00,127.7,20,bid,BrilliantBurritos,YieldingYams,13412995
2026-07-09T10:06:14.445735,2026-07-09T10:06:14.453229+00:00,127.2,3,ask,Stanley Cai,Ethan Gu,13413015
2026-07-09T10:06:14.445735,2026-07-09T10:06:14.458530+00:00,127.2,17,ask,YieldingYams,Ethan Gu,13413016
2026-07-09T10:06:14.950790,2026-07-09T10:06:14.958604+00:00,127.3,20,ask,WavyWalnuts,BrilliantBurritos,13413017
2026-07-09T10:06:15.177522,2026-07-09T10:06:15.182428+00:00,127.5,22,bid,Xuanyu Liu,YieldingYams,13413020
2026-07-09T10:06:15.267829,2026-07-09T10:06:15.279572+00:00,127.5,20,bid,Wenze DU,YieldingYams,13413023
2026-07-09T10:06:17.276248,2026-07-09T10:06:17.285120+00:00,127.5,20,ask,WavyWalnuts,BrilliantBurritos,13413063
2026-07-09T10:06:17.987497,2026-07-09T10:06:17.998800+00:00,127.5,180,ask,WavyWalnuts,AverageAlmonds,13413071
2026-07-09T10:06:19.190977,2026-07-09T10:06:19.199867+00:00,127.4,500,ask,YieldingYams,AverageAlmonds,13413085
2026-07-09T10:06:19.313910,2026-07-09T10:06:19.323113+00:00,127.4,200,ask,WavyWalnuts,YieldingYams,13413086
2026-07-09T10:06:19.860760,2026-07-09T10:06:19.872051+00:00,127.3,20,bid,BrilliantBurritos,YieldingYams,13413095
2026-07-09T10:06:20.622912,2026-07-09T10:06:20.634355+00:00,127.2,200,bid,YieldingYams,WavyWalnuts,13413107
2026-07-09T10:06:23.252710,2026-07-09T10:06:23.260056+00:00,127.3,200,bid,YieldingYams,WavyWalnuts,13413152
2026-07-09T10:06:23.260751,2026-07-09T10:06:23.277278+00:00,127.3,11,ask,YieldingYams,Xuanyu Liu,13413153
2026-07-09T10:06:23.273188,2026-07-09T10:06:23.277278+00:00,127.3,11,ask,YieldingYams,Ethan Gu,13413156
2026-07-09T10:06:23.350769,2026-07-09T10:06:23.358724+00:00,127.3,10,ask,YieldingYams,Wenze DU,13413158
2026-07-09T10:06:25.404789,2026-07-09T10:06:25.416778+00:00,127.4,20,bid,BrilliantBurritos,YieldingYams,13413190
2026-07-09T10:06:26.328496,2026-07-09T10:06:26.338748+00:00,127.4,20,bid,Ethan Gu,WavyWalnuts,13413208
2026-07-09T10:06:27.231731,2026-07-09T10:06:27.243845+00:00,127.2,3,ask,Stanley Cai,BrilliantBurritos,13413220
2026-07-09T10:06:27.231731,2026-07-09T10:06:27.243845+00:00,127.2,17,ask,WavyWalnuts,BrilliantBurritos,13413221
2026-07-09T10:06:28.907893,2026-07-09T10:06:28.921133+00:00,127.3,20,bid,Ethan Gu,WavyWalnuts,13413260
2026-07-09T10:06:31.497708,2026-07-09T10:06:31.508467+00:00,127.2,25,ask,WavyWalnuts,Ethan Gu,13413302
2026-07-09T10:06:32.021239,2026-07-09T10:06:32.033409+00:00,127.2,14,ask,WavyWalnuts,Ethan Gu,13413310
2026-07-09T10:06:32.452826,2026-07-09T10:06:32.464014+00:00,127.2,186,ask,WavyWalnuts,YieldingYams,13413317
2026-07-09T10:06:32.738836,2026-07-09T10:06:32.747573+00:00,127.1,200,bid,WavyWalnuts,YieldingYams,13413328
2026-07-09T10:06:34.372825,2026-07-09T10:06:34.385153+00:00,127.3,3,bid,BrilliantBurritos,Stanley Cai,13413351
2026-07-09T10:06:34.372825,2026-07-09T10:06:34.385153+00:00,127.3,17,bid,BrilliantBurritos,YieldingYams,13413352
2026-07-09T10:06:37.582363,2026-07-09T10:06:37.590596+00:00,127.2,200,ask,YieldingYams,WavyWalnuts,13413404
2026-07-09T10:06:38.829338,2026-07-09T10:06:38.840154+00:00,127.2,20,bid,Ethan Gu,YieldingYams,13413424
2026-07-09T10:06:41.211158,2026-07-09T10:06:41.219534+00:00,127.3,200,bid,WavyWalnuts,YieldingYams,13413459
2026-07-09T10:06:41.412386,2026-07-09T10:06:41.422640+00:00,127.3,20,bid,Ethan Gu,YieldingYams,13413464
2026-07-09T10:06:46.057074,2026-07-09T10:06:46.064629+00:00,127.6,200,bid,WavyWalnuts,YieldingYams,13413522
2026-07-09T10:06:47.623571,2026-07-09T10:06:47.634977+00:00,127.5,200,ask,WavyWalnuts,AverageAlmonds,13413544
2026-07-09T10:06:47.638655,2026-07-09T10:06:47.658606+00:00,127.5,20,bid,Ethan Gu,AverageAlmonds,13413546
2026-07-09T10:06:50.897360,2026-07-09T10:06:50.906063+00:00,127.4,200,ask,YieldingYams,WavyWalnuts,13413594
2026-07-09T10:06:53.443797,2026-07-09T10:06:53.454401+00:00,127.5,200,ask,WavyWalnuts,YieldingYams,13413641
2026-07-09T10:06:54.751893,2026-07-09T10:06:54.763970+00:00,127.5,200,bid,YieldingYams,WavyWalnuts,13413657
2026-07-09T10:06:55.352198,2026-07-09T10:06:55.364217+00:00,127.6,20,bid,BrilliantBurritos,AverageAlmonds,13413665
2026-07-09T10:06:55.734865,2026-07-09T10:06:55.742645+00:00,127.5,200,ask,YieldingYams,WavyWalnuts,13413671
2026-07-09T10:06:56.067178,2026-07-09T10:06:56.075290+00:00,127.3,200,ask,WavyWalnuts,YieldingYams,13413673
2026-07-09T10:06:56.098927,2026-07-09T10:06:56.103848+00:00,127.3,23,bid,Xuanyu Liu,YieldingYams,13413675
2026-07-09T10:06:56.738649,2026-07-09T10:06:56.747993+00:00,127.3,20,bid,Ethan Gu,YieldingYams,13413683
2026-07-09T10:06:56.945436,2026-07-09T10:06:56.954963+00:00,127.3,20,bid,BrilliantBurritos,YieldingYams,13413684
2026-07-09T10:06:58.166272,2026-07-09T10:06:58.170780+00:00,127.2,11,bid,Xuanyu Liu,WavyWalnuts,13413699
2026-07-09T10:06:59.732883,2026-07-09T10:06:59.767144+00:00,127.1,200,bid,AverageAlmonds,WavyWalnuts,13413728
2026-07-09T10:06:59.762554,2026-07-09T10:06:59.767144+00:00,127.1,11,ask,AverageAlmonds,Xuanyu Liu,13413730
2026-07-09T10:07:00.006622,2026-07-09T10:07:00.014024+00:00,127.1,289,ask,AverageAlmonds,YieldingYams,13413735
2026-07-09T10:07:00.358723,2026-07-09T10:07:00.370648+00:00,127.1,336,bid,AverageAlmonds,YieldingYams,13413748
2026-07-09T10:07:01.332577,2026-07-09T10:07:01.336876+00:00,127.2,12,ask,YieldingYams,Xuanyu Liu,13413760
2026-07-09T10:07:02.071661,2026-07-09T10:07:02.083530+00:00,127.4,20,bid,BrilliantBurritos,WavyWalnuts,13413776
2026-07-09T10:07:02.165714,2026-07-09T10:07:02.174130+00:00,127.2,20,ask,YieldingYams,Ethan Gu,13413777
2026-07-09T10:07:02.659944,2026-07-09T10:07:02.664926+00:00,127.4,12,bid,Xuanyu Liu,WavyWalnuts,13413793
2026-07-09T10:07:02.737353,2026-07-09T10:07:02.747899+00:00,127.4,20,bid,Ethan Gu,WavyWalnuts,13413794
2026-07-09T10:07:02.990948,2026-07-09T10:07:03.002039+00:00,127.2,200,ask,YieldingYams,WavyWalnuts,13413805
2026-07-09T10:07:03.952478,2026-07-09T10:07:03.956913+00:00,127.3,11,bid,Xuanyu Liu,YieldingYams,13413813
2026-07-09T10:07:04.854313,2026-07-09T10:07:04.853939+00:00,127.3,20,bid,Ethan Gu,YieldingYams,13413840
2026-07-09T10:07:05.379278,2026-07-09T10:07:05.391212+00:00,127.1,20,ask,WavyWalnuts,Ethan Gu,13413853
2026-07-09T10:07:05.885707,2026-07-09T10:07:05.890120+00:00,127.2,11,ask,WavyWalnuts,Xuanyu Liu,13413863
2026-07-09T10:07:06.564978,2026-07-09T10:07:06.569129+00:00,127.3,12,ask,YieldingYams,Xuanyu Liu,13413868
2026-07-09T10:07:09.021424,2026-07-09T10:07:09.029453+00:00,127.3,20,ask,WavyWalnuts,Ethan Gu,13413899
2026-07-09T10:07:11.464361,2026-07-09T10:07:11.475011+00:00,127.4,200,bid,WavyWalnuts,YieldingYams,13413923
2026-07-09T10:07:11.743674,2026-07-09T10:07:11.752566+00:00,127.4,20,bid,BrilliantBurritos,YieldingYams,13413935
2026-07-09T10:07:12.214703,2026-07-09T10:07:12.219135+00:00,127.3,11,ask,YieldingYams,Xuanyu Liu,13413945
2026-07-09T10:07:12.658901,2026-07-09T10:07:12.669072+00:00,127.3,25,ask,YieldingYams,Ethan Gu,13413949
2026-07-09T10:07:13.180591,2026-07-09T10:07:13.194421+00:00,127.3,16,ask,YieldingYams,Ethan Gu,13413963
2026-07-09T10:07:13.189424,2026-07-09T10:07:13.209953+00:00,127.3,20,ask,YieldingYams,Ethan Gu,13413965
2026-07-09T10:07:15.095730,2026-07-09T10:07:15.102636+00:00,127.5,200,bid,WavyWalnuts,YieldingYams,13413990
2026-07-09T10:07:17.528094,2026-07-09T10:07:17.532234+00:00,127.5,10,ask,WavyWalnuts,Xuanyu Liu,13414021
2026-07-09T10:07:19.263644,2026-07-09T10:07:19.272754+00:00,127.4,20,ask,WavyWalnuts,BrilliantBurritos,13414040
2026-07-09T10:07:23.469849,2026-07-09T10:07:23.481653+00:00,127.6,20,bid,Ethan Gu,YieldingYams,13414092
2026-07-09T10:07:25.039591,2026-07-09T10:07:25.049590+00:00,127.4,19,ask,WavyWalnuts,Ethan Gu,13414108
2026-07-09T10:07:27.665664,2026-07-09T10:07:27.674662+00:00,127.5,20,bid,Ethan Gu,WavyWalnuts,13414152
2026-07-09T10:07:27.994766,2026-07-09T10:07:27.998844+00:00,127.5,10,bid,Xuanyu Liu,WavyWalnuts,13414161
2026-07-09T10:07:28.410459,2026-07-09T10:07:28.426356+00:00,127.4,200,ask,YieldingYams,WavyWalnuts,13414171
2026-07-09T10:07:28.875587,2026-07-09T10:07:28.879816+00:00,127.4,11,bid,Xuanyu Liu,YieldingYams,13414177
2026-07-09T10:07:29.728163,2026-07-09T10:07:29.739891+00:00,127.4,20,bid,Ethan Gu,YieldingYams,13414193
2026-07-09T10:07:33.251337,2026-07-09T10:07:33.260489+00:00,127.2,200,ask,YieldingYams,WavyWalnuts,13414250
2026-07-09T10:07:33.889303,2026-07-09T10:07:33.899479+00:00,127.5,2,bid,Ethan Gu,Stanley Cai,13414255
2026-07-09T10:07:33.889303,2026-07-09T10:07:33.899479+00:00,127.5,18,bid,Ethan Gu,YieldingYams,13414256
2026-07-09T10:07:35.670511,2026-07-09T10:07:35.687392+00:00,127.1,200,ask,AverageAlmonds,WavyWalnuts,13414280
2026-07-09T10:07:35.958056,2026-07-09T10:07:35.969594+00:00,127.2,20,bid,Ethan Gu,YieldingYams,13414289
2026-07-09T10:07:36.152614,2026-07-09T10:07:36.158617+00:00,127.1,20,ask,AverageAlmonds,BrilliantBurritos,13414296
2026-07-09T10:07:36.877151,2026-07-09T10:07:36.886434+00:00,127.2,200,bid,WavyWalnuts,YieldingYams,13414304
2026-07-09T10:07:38.039679,2026-07-09T10:07:38.047791+00:00,127.2,20,bid,Ethan Gu,YieldingYams,13414318
2026-07-09T10:07:38.088294,2026-07-09T10:07:38.095515+00:00,127.2,200,ask,YieldingYams,WavyWalnuts,13414319
2026-07-09T10:07:38.567113,2026-07-09T10:07:38.574145+00:00,127.2,1,ask,YieldingYams,Ethan Gu,13414326
2026-07-09T10:07:39.302566,2026-07-09T10:07:39.312716+00:00,127.2,200,ask,YieldingYams,WavyWalnuts,13414334
2026-07-09T10:07:40.340720,2026-07-09T10:07:40.350710+00:00,127.1,500,bid,AverageAlmonds,YieldingYams,13414356
2026-07-09T10:07:40.644173,2026-07-09T10:07:40.663714+00:00,127.1,20,bid,Ethan Gu,YieldingYams,13414360
2026-07-09T10:07:40.669857,2026-07-09T10:07:40.677451+00:00,127.1,200,bid,YieldingYams,WavyWalnuts,13414361
2026-07-09T10:07:40.691031,2026-07-09T10:07:40.696359+00:00,127.3,11,ask,YieldingYams,Xuanyu Liu,13414363
2026-07-09T10:07:41.162434,2026-07-09T10:07:41.169538+00:00,127.3,25,ask,YieldingYams,Ethan Gu,13414370
2026-07-09T10:07:41.173611,2026-07-09T10:07:41.185255+00:00,127.3,20,ask,YieldingYams,Ethan Gu,13414372
2026-07-09T10:07:41.187619,2026-07-09T10:07:41.195723+00:00,127.5,1,bid,Ethan Gu,YieldingYams,13414374
2026-07-09T10:07:41.721449,2026-07-09T10:07:41.728500+00:00,127.3,200,ask,YieldingYams,WavyWalnuts,13414379
2026-07-09T10:07:42.929858,2026-07-09T10:07:42.940295+00:00,127.1,3,ask,Stanley Cai,WavyWalnuts,13414394
2026-07-09T10:07:42.929858,2026-07-09T10:07:42.940295+00:00,127.1,197,ask,YieldingYams,WavyWalnuts,13414395
2026-07-09T10:07:43.319937,2026-07-09T10:07:43.325074+00:00,127.1,23,bid,Xuanyu Liu,YieldingYams,13414405
2026-07-09T10:07:44.801117,2026-07-09T10:07:44.808553+00:00,127.1,20,bid,Ethan Gu,YieldingYams,13414440
2026-07-09T10:07:45.174229,2026-07-09T10:07:45.186203+00:00,127.0,20,ask,WavyWalnuts,BrilliantBurritos,13414447
2026-07-09T10:07:45.320985,2026-07-09T10:07:45.328507+00:00,127.1,20,bid,Ethan Gu,YieldingYams,13414453
2026-07-09T10:07:45.841681,2026-07-09T10:07:45.852950+00:00,127.0,16,ask,WavyWalnuts,Ethan Gu,13414459
2026-07-09T10:07:46.555781,2026-07-09T10:07:46.558598+00:00,127.1,200,bid,WavyWalnuts,YieldingYams,13414475
2026-07-09T10:07:46.882081,2026-07-09T10:07:46.889804+00:00,127.1,20,bid,Ethan Gu,YieldingYams,13414482
2026-07-09T10:07:47.045302,2026-07-09T10:07:47.049636+00:00,127.1,23,bid,Xuanyu Liu,YieldingYams,13414490
2026-07-09T10:07:47.050199,2026-07-09T10:07:47.065356+00:00,127.1,10,bid,Stanley Cai,YieldingYams,13414491
2026-07-09T10:07:47.405063,2026-07-09T10:07:47.412331+00:00,127.2,20,bid,Ethan Gu,YieldingYams,13414505
2026-07-09T10:07:47.651780,2026-07-09T10:07:47.663893+00:00,127.0,20,ask,YieldingYams,BrilliantBurritos,13414506
2026-07-09T10:07:47.764663,2026-07-09T10:07:47.773960+00:00,127.2,200,bid,WavyWalnuts,YieldingYams,13414508
2026-07-09T10:07:48.956811,2026-07-09T10:07:48.964386+00:00,127.3,2,bid,Ethan Gu,Stanley Cai,13414527
2026-07-09T10:07:48.956811,2026-07-09T10:07:48.969651+00:00,127.3,18,bid,Ethan Gu,YieldingYams,13414528
2026-07-09T10:07:48.974151,2026-07-09T10:07:48.985538+00:00,127.3,200,bid,WavyWalnuts,YieldingYams,13414530
2026-07-09T10:07:49.479112,2026-07-09T10:07:49.490255+00:00,127.0,4,ask,YieldingYams,Ethan Gu,13414534
2026-07-09T10:07:50.005930,2026-07-09T10:07:50.014098+00:00,127.2,25,ask,YieldingYams,Ethan Gu,13414543
2026-07-09T10:07:50.248713,2026-07-09T10:07:50.258592+00:00,127.4,20,bid,BrilliantBurritos,YieldingYams,13414552
2026-07-09T10:07:50.530828,2026-07-09T10:07:50.542622+00:00,127.2,25,ask,YieldingYams,Ethan Gu,13414553
2026-07-09T10:07:51.056492,2026-07-09T10:07:51.058609+00:00,127.2,6,ask,YieldingYams,Ethan Gu,13414560
2026-07-09T10:07:53.864987,2026-07-09T10:07:53.869561+00:00,127.4,12,ask,WavyWalnuts,Xuanyu Liu,13414612
2026-07-09T10:07:55.106917,2026-07-09T10:07:55.129916+00:00,127.5,200,bid,YieldingYams,WavyWalnuts,13414632
2026-07-09T10:07:55.125637,2026-07-09T10:07:55.129916+00:00,127.5,11,ask,YieldingYams,Xuanyu Liu,13414634
2026-07-09T10:07:55.333134,2026-07-09T10:07:55.345436+00:00,127.5,20,ask,YieldingYams,BrilliantBurritos,13414638
2026-07-09T10:07:58.353503,2026-07-09T10:07:58.356503+00:00,127.6,20,bid,Ethan Gu,WavyWalnuts,13414680
2026-07-09T10:07:58.874153,2026-07-09T10:07:58.883779+00:00,127.5,3,ask,YieldingYams,Ethan Gu,13414692
2026-07-09T10:07:59.398425,2026-07-09T10:07:59.405233+00:00,127.3,17,ask,WavyWalnuts,Ethan Gu,13414703
2026-07-09T10:08:01.347040,2026-07-09T10:08:01.355738+00:00,127.4,20,ask,YieldingYams,BrilliantBurritos,13414740
2026-07-09T10:08:01.661239,2026-07-09T10:08:01.669120+00:00,127.5,200,bid,YieldingYams,WavyWalnuts,13414742
2026-07-09T10:08:01.661239,2026-07-09T10:08:01.674111+00:00,127.5,425,bid,YieldingYams,AverageAlmonds,13414743
2026-07-09T10:08:03.547278,2026-07-09T10:08:03.556715+00:00,127.4,200,bid,WavyWalnuts,YieldingYams,13414771
2026-07-09T10:08:05.949970,2026-07-09T10:08:05.958356+00:00,127.5,20,bid,BrilliantBurritos,WavyWalnuts,13414809
2026-07-09T10:08:07.186164,2026-07-09T10:08:07.194171+00:00,127.5,200,bid,WavyWalnuts,AverageAlmonds,13414821
2026-07-09T10:08:09.422786,2026-07-09T10:08:09.431564+00:00,127.4,500,ask,YieldingYams,AverageAlmonds,13414851
2026-07-09T10:08:09.570190,2026-07-09T10:08:09.579254+00:00,127.3,200,ask,WavyWalnuts,YieldingYams,13414854
2026-07-09T10:08:09.570190,2026-07-09T10:08:09.579254+00:00,127.2,3,ask,Stanley Cai,YieldingYams,13414855
2026-07-09T10:08:09.616103,2026-07-09T10:08:09.624923+00:00,127.2,200,bid,WavyWalnuts,YieldingYams,13414856
2026-07-09T10:08:10.319840,2026-07-09T10:08:10.326855+00:00,127.2,20,bid,Ethan Gu,YieldingYams,13414872
2026-07-09T10:08:10.828115,2026-07-09T10:08:10.837486+00:00,127.2,200,bid,WavyWalnuts,YieldingYams,13414874
2026-07-09T10:08:10.846560,2026-07-09T10:08:10.858615+00:00,127.0,4,ask,YieldingYams,Ethan Gu,13414875
2026-07-09T10:08:11.380816,2026-07-09T10:08:11.390554+00:00,127.3,16,ask,YieldingYams,Ethan Gu,13414884
2026-07-09T10:08:11.390914,2026-07-09T10:08:11.400804+00:00,127.4,20,bid,Ethan Gu,AverageAlmonds,13414886
2026-07-09T10:08:11.908231,2026-07-09T10:08:11.916273+00:00,127.3,20,ask,YieldingYams,Ethan Gu,13414889
2026-07-09T10:08:11.917626,2026-07-09T10:08:11.926598+00:00,127.4,20,bid,Ethan Gu,AverageAlmonds,13414891
2026-07-09T10:08:12.463239,2026-07-09T10:08:12.474319+00:00,127.4,20,bid,BrilliantBurritos,AverageAlmonds,13414900
2026-07-09T10:08:12.468373,2026-07-09T10:08:12.479539+00:00,127.3,3,ask,WavyWalnuts,Ethan Gu,13414901
2026-07-09T10:08:12.996674,2026-07-09T10:08:13.006463+00:00,127.3,17,ask,WavyWalnuts,Ethan Gu,13414908
2026-07-09T10:08:13.073972,2026-07-09T10:08:13.085330+00:00,127.3,180,ask,WavyWalnuts,AverageAlmonds,13414910
2026-07-09T10:08:13.073972,2026-07-09T10:08:13.085330+00:00,127.3,320,ask,YieldingYams,AverageAlmonds,13414911
2026-07-09T10:08:13.661005,2026-07-09T10:08:13.669354+00:00,127.3,200,ask,WavyWalnuts,AverageAlmonds,13414917
2026-07-09T10:08:13.661005,2026-07-09T10:08:13.691792+00:00,127.2,3,ask,Stanley Cai,AverageAlmonds,13414918
2026-07-09T10:08:13.687758,2026-07-09T10:08:13.707419+00:00,127.2,11,bid,Xuanyu Liu,AverageAlmonds,13414920
2026-07-09T10:08:14.271406,2026-07-09T10:08:14.279755+00:00,127.1,500,ask,YieldingYams,AverageAlmonds,13414927
2026-07-09T10:08:14.868036,2026-07-09T10:08:14.879200+00:00,127.1,200,ask,WavyWalnuts,AverageAlmonds,13414935
2026-07-09T10:08:14.889411,2026-07-09T10:08:14.893456+00:00,127.1,12,bid,Xuanyu Liu,AverageAlmonds,13414937
2026-07-09T10:08:15.513937,2026-07-09T10:08:15.518287+00:00,127.0,35,ask,YieldingYams,Xuanyu Liu,13414952
2026-07-09T10:08:15.664279,2026-07-09T10:08:15.673233+00:00,127.1,200,bid,WavyWalnuts,AverageAlmonds,13414957
2026-07-09T10:08:16.078765,2026-07-09T10:08:16.102178+00:00,127.0,500,ask,YieldingYams,AverageAlmonds,13414964
2026-07-09T10:08:16.874777,2026-07-09T10:08:16.883771+00:00,126.9,200,bid,WavyWalnuts,YieldingYams,13414988
2026-07-09T10:08:18.083818,2026-07-09T10:08:18.091401+00:00,126.9,200,bid,WavyWalnuts,AverageAlmonds,13415006
2026-07-09T10:08:19.292368,2026-07-09T10:08:19.301484+00:00,126.9,200,bid,WavyWalnuts,YieldingYams,13415019
2026-07-09T10:08:24.134269,2026-07-09T10:08:24.143576+00:00,126.7,200,ask,YieldingYams,WavyWalnuts,13415081
2026-07-09T10:08:24.211000,2026-07-09T10:08:24.223100+00:00,126.9,20,bid,BrilliantBurritos,YieldingYams,13415083
2026-07-09T10:08:25.345970,2026-07-09T10:08:25.354018+00:00,126.8,200,ask,YieldingYams,WavyWalnuts,13415097
2026-07-09T10:08:26.555988,2026-07-09T10:08:26.558541+00:00,126.8,200,ask,YieldingYams,WavyWalnuts,13415118
2026-07-09T10:08:27.762554,2026-07-09T10:08:27.769423+00:00,126.7,200,bid,WavyWalnuts,YieldingYams,13415133
2026-07-09T10:08:31.128539,2026-07-09T10:08:31.135987+00:00,126.6,20,ask,YieldingYams,Ethan Gu,13415178
2026-07-09T10:08:31.661042,2026-07-09T10:08:31.669310+00:00,126.7,20,bid,BrilliantBurritos,WavyWalnuts,13415183
2026-07-09T10:08:33.186894,2026-07-09T10:08:33.190452+00:00,126.5,200,ask,WavyWalnuts,YieldingYams,13415206
2026-07-09T10:08:33.562392,2026-07-09T10:08:33.574189+00:00,126.5,20,bid,BrilliantBurritos,YieldingYams,13415213
2026-07-09T10:08:33.810596,2026-07-09T10:08:33.819275+00:00,126.4,200,ask,AverageAlmonds,WavyWalnuts,13415220
2026-07-09T10:08:35.022980,2026-07-09T10:08:35.031658+00:00,126.6,200,ask,YieldingYams,WavyWalnuts,13415229
2026-07-09T10:08:38.442290,2026-07-09T10:08:38.451219+00:00,126.5,200,ask,WavyWalnuts,YieldingYams,13415276
2026-07-09T10:08:39.468500,2026-07-09T10:08:39.479304+00:00,126.5,20,bid,Ethan Gu,YieldingYams,13415286
2026-07-09T10:08:41.064826,2026-07-09T10:08:41.075323+00:00,126.5,200,bid,YieldingYams,WavyWalnuts,13415306
2026-07-09T10:08:41.545920,2026-07-09T10:08:41.555134+00:00,126.7,20,bid,Ethan Gu,YieldingYams,13415314
2026-07-09T10:08:42.066852,2026-07-09T10:08:42.074875+00:00,126.5,20,ask,YieldingYams,Ethan Gu,13415317
2026-07-09T10:08:42.286092,2026-07-09T10:08:42.295122+00:00,126.7,200,bid,WavyWalnuts,YieldingYams,13415324
2026-07-09T10:08:44.713852,2026-07-09T10:08:44.726005+00:00,126.6,200,ask,YieldingYams,WavyWalnuts,13415364
2026-07-09T10:08:45.581292,2026-07-09T10:08:45.593953+00:00,126.9,20,bid,BrilliantBurritos,YieldingYams,13415381
2026-07-09T10:08:47.646149,2026-07-09T10:08:47.658613+00:00,126.7,200,ask,WavyWalnuts,YieldingYams,13415411
2026-07-09T10:08:48.348736,2026-07-09T10:08:48.356273+00:00,126.6,200,bid,WavyWalnuts,YieldingYams,13415425
2026-07-09T10:08:48.602232,2026-07-09T10:08:48.614653+00:00,126.4,2,ask,Stanley Cai,BrilliantBurritos,13415427
2026-07-09T10:08:48.602232,2026-07-09T10:08:48.614653+00:00,126.4,18,ask,YieldingYams,BrilliantBurritos,13415428
2026-07-09T10:08:50.275197,2026-07-09T10:08:50.284373+00:00,126.7,200,ask,WavyWalnuts,YieldingYams,13415454
2026-07-09T10:08:50.767067,2026-07-09T10:08:50.775847+00:00,126.7,200,bid,WavyWalnuts,YieldingYams,13415466
2026-07-09T10:08:51.835423,2026-07-09T10:08:51.846237+00:00,126.8,5,ask,YieldingYams,Stanley Cai,13415479
2026-07-09T10:08:51.981236,2026-07-09T10:08:51.992421+00:00,126.8,200,ask,YieldingYams,WavyWalnuts,13415485
2026-07-09T10:08:54.406846,2026-07-09T10:08:54.416906+00:00,126.7,200,ask,YieldingYams,WavyWalnuts,13415510
2026-07-09T10:08:55.343760,2026-07-09T10:08:55.350415+00:00,126.9,20,bid,BrilliantBurritos,YieldingYams,13415522
2026-07-09T10:08:56.586543,2026-07-09T10:08:56.594332+00:00,126.7,20,bid,Ethan Gu,WavyWalnuts,13415541
2026-07-09T10:08:57.108431,2026-07-09T10:08:57.119516+00:00,126.5,20,ask,WavyWalnuts,Ethan Gu,13415547
2026-07-09T10:08:58.672509,2026-07-09T10:08:58.683882+00:00,126.6,17,bid,Ethan Gu,WavyWalnuts,13415577
2026-07-09T10:08:59.193343,2026-07-09T10:08:59.200926+00:00,126.5,17,ask,YieldingYams,Ethan Gu,13415586
2026-07-09T10:09:02.134746,2026-07-09T10:09:02.141319+00:00,126.4,200,ask,WavyWalnuts,YieldingYams,13415632
2026-07-09T10:09:02.815511,2026-07-09T10:09:02.823955+00:00,126.4,20,bid,Ethan Gu,YieldingYams,13415649
2026-07-09T10:09:03.027339,2026-07-09T10:09:03.032691+00:00,126.4,23,bid,Xuanyu Liu,YieldingYams,13415655
2026-07-09T10:09:03.079688,2026-07-09T10:09:03.091064+00:00,126.4,1,bid,Stanley Cai,YieldingYams,13415657
2026-07-09T10:09:03.356773,2026-07-09T10:09:03.358588+00:00,126.3,20,ask,WavyWalnuts,Ethan Gu,13415658
2026-07-09T10:09:03.366674,2026-07-09T10:09:03.375618+00:00,126.4,20,bid,Ethan Gu,YieldingYams,13415660
2026-07-09T10:09:03.885324,2026-07-09T10:09:03.892310+00:00,126.5,4,ask,YieldingYams,Ethan Gu,13415672
2026-07-09T10:09:04.120908,2026-07-09T10:09:04.130916+00:00,126.5,200,ask,YieldingYams,WavyWalnuts,13415680
2026-07-09T10:09:04.414637,2026-07-09T10:09:04.426261+00:00,126.5,16,ask,YieldingYams,Ethan Gu,13415683
2026-07-09T10:09:05.328778,2026-07-09T10:09:05.337335+00:00,126.5,200,bid,WavyWalnuts,YieldingYams,13415716
2026-07-09T10:09:06.542471,2026-07-09T10:09:06.552377+00:00,126.5,200,bid,WavyWalnuts,YieldingYams,13415729
2026-07-09T10:09:07.006342,2026-07-09T10:09:07.017526+00:00,126.5,20,bid,Ethan Gu,YieldingYams,13415735
2026-07-09T10:09:07.388513,2026-07-09T10:09:07.392642+00:00,126.6,11,ask,YieldingYams,Xuanyu Liu,13415739
2026-07-09T10:09:07.527846,2026-07-09T10:09:07.537443+00:00,126.6,20,ask,YieldingYams,Ethan Gu,13415740
2026-07-09T10:09:07.536901,2026-07-09T10:09:07.547906+00:00,126.8,11,bid,Ethan Gu,WavyWalnuts,13415742
2026-07-09T10:09:08.057948,2026-07-09T10:09:08.067712+00:00,126.6,11,ask,YieldingYams,Ethan Gu,13415752
2026-07-09T10:09:09.297043,2026-07-09T10:09:09.301724+00:00,126.6,34,bid,Xuanyu Liu,WavyWalnuts,13415780
2026-07-09T10:09:09.305365,2026-07-09T10:09:09.322351+00:00,126.6,8,bid,Stanley Cai,WavyWalnuts,13415782
2026-07-09T10:09:09.504200,2026-07-09T10:09:09.511739+00:00,126.6,5,bid,Stanley Cai,WavyWalnuts,13415783
2026-07-09T10:09:09.615381,2026-07-09T10:09:09.624290+00:00,126.6,20,bid,Ethan Gu,WavyWalnuts,13415784
2026-07-09T10:09:10.113738,2026-07-09T10:09:10.123072+00:00,126.6,7,bid,Stanley Cai,WavyWalnuts,13415788
2026-07-09T10:09:10.734144,2026-07-09T10:09:10.740934+00:00,126.6,20,bid,BrilliantBurritos,YieldingYams,13415799
2026-07-09T10:09:11.403227,2026-07-09T10:09:11.413670+00:00,126.6,200,ask,YieldingYams,WavyWalnuts,13415807
2026-07-09T10:09:11.678186,2026-07-09T10:09:11.687899+00:00,126.6,4,ask,YieldingYams,Ethan Gu,13415812
2026-07-09T10:09:12.202845,2026-07-09T10:09:12.212320+00:00,126.6,16,ask,YieldingYams,Ethan Gu,13415821
2026-07-09T10:09:15.033387,2026-07-09T10:09:15.036456+00:00,126.7,200,bid,WavyWalnuts,YieldingYams,13415847
2026-07-09T10:09:15.306000,2026-07-09T10:09:15.309888+00:00,126.8,23,ask,YieldingYams,Xuanyu Liu,13415856
2026-07-09T10:09:16.644057,2026-07-09T10:09:16.658567+00:00,126.8,500,ask,YieldingYams,AverageAlmonds,13415877
2026-07-09T10:09:17.922083,2026-07-09T10:09:17.943543+00:00,126.7,200,ask,WavyWalnuts,YieldingYams,13415898
2026-07-09T10:09:17.939412,2026-07-09T10:09:17.943543+00:00,126.7,11,bid,Xuanyu Liu,YieldingYams,13415900
2026-07-09T10:09:18.877458,2026-07-09T10:09:18.881615+00:00,126.6,11,ask,WavyWalnuts,Xuanyu Liu,13415914
2026-07-09T10:09:19.176719,2026-07-09T10:09:19.186415+00:00,126.6,20,ask,WavyWalnuts,BrilliantBurritos,13415918
2026-07-09T10:09:19.256518,2026-07-09T10:09:19.261051+00:00,126.7,11,ask,YieldingYams,Xuanyu Liu,13415920
2026-07-09T10:09:21.080067,2026-07-09T10:09:21.089891+00:00,126.7,200,ask,YieldingYams,WavyWalnuts,13415956
2026-07-09T10:09:21.493860,2026-07-09T10:09:21.502577+00:00,126.7,425,ask,YieldingYams,AverageAlmonds,13415958
2026-07-09T10:09:21.516871,2026-07-09T10:09:21.523513+00:00,126.7,20,bid,Ethan Gu,AverageAlmonds,13415962
2026-07-09T10:09:21.984251,2026-07-09T10:09:21.988345+00:00,126.7,11,bid,Xuanyu Liu,AverageAlmonds,13415975
2026-07-09T10:09:22.033241,2026-07-09T10:09:22.044952+00:00,126.7,20,bid,Ethan Gu,AverageAlmonds,13415977
2026-07-09T10:09:22.552066,2026-07-09T10:09:22.558623+00:00,126.6,25,ask,WavyWalnuts,Ethan Gu,13415990
2026-07-09T10:09:23.077818,2026-07-09T10:09:23.088503+00:00,126.6,15,ask,WavyWalnuts,Ethan Gu,13415997
2026-07-09T10:09:23.519634,2026-07-09T10:09:23.524068+00:00,126.6,12,bid,Xuanyu Liu,WavyWalnuts,13416004
2026-07-09T10:09:24.119251,2026-07-09T10:09:24.127183+00:00,126.6,20,bid,Ethan Gu,WavyWalnuts,13416015
2026-07-09T10:09:24.637435,2026-07-09T10:09:24.644573+00:00,126.4,3,ask,Stanley Cai,Ethan Gu,13416021
2026-07-09T10:09:24.637435,2026-07-09T10:09:24.648469+00:00,126.4,17,ask,WavyWalnuts,Ethan Gu,13416022
2026-07-09T10:09:25.746843,2026-07-09T10:09:25.755168+00:00,126.5,200,ask,WavyWalnuts,AverageAlmonds,13416041
2026-07-09T10:09:25.787385,2026-07-09T10:09:25.797396+00:00,126.5,300,bid,YieldingYams,AverageAlmonds,13416044
2026-07-09T10:09:26.338955,2026-07-09T10:09:26.350907+00:00,126.5,325,ask,YieldingYams,AverageAlmonds,13416055
2026-07-09T10:09:26.338955,2026-07-09T10:09:26.350907+00:00,126.4,175,ask,WavyWalnuts,AverageAlmonds,13416056
2026-07-09T10:09:26.945439,2026-07-09T10:09:26.958569+00:00,126.4,25,ask,WavyWalnuts,AverageAlmonds,13416062
2026-07-09T10:09:27.103106,2026-07-09T10:09:27.110010+00:00,126.2,3,ask,Stanley Cai,YieldingYams,13416065
2026-07-09T10:09:27.121980,2026-07-09T10:09:27.126871+00:00,126.0,14,bid,Xuanyu Liu,YieldingYams,13416067
2026-07-09T10:09:27.131085,2026-07-09T10:09:27.142167+00:00,126.0,200,bid,WavyWalnuts,YieldingYams,13416068
2026-07-09T10:09:27.199890,2026-07-09T10:09:27.210950+00:00,126.0,10,bid,Stanley Cai,YieldingYams,13416070
2026-07-09T10:09:27.732529,2026-07-09T10:09:27.744083+00:00,126.0,20,bid,Ethan Gu,YieldingYams,13416083
2026-07-09T10:09:27.806779,2026-07-09T10:09:27.815703+00:00,126.0,10,bid,Stanley Cai,YieldingYams,13416084
2026-07-09T10:09:28.251766,2026-07-09T10:09:28.258051+00:00,125.8,20,ask,YieldingYams,Ethan Gu,13416091
2026-07-09T10:09:28.267615,2026-07-09T10:09:28.276412+00:00,126.0,20,bid,Ethan Gu,YieldingYams,13416094
2026-07-09T10:09:28.343545,2026-07-09T10:09:28.350954+00:00,126.0,200,bid,WavyWalnuts,YieldingYams,13416099
2026-07-09T10:09:28.431828,2026-07-09T10:09:28.435911+00:00,126.0,14,ask,YieldingYams,Xuanyu Liu,13416102
2026-07-09T10:09:28.796483,2026-07-09T10:09:28.805463+00:00,126.0,20,ask,YieldingYams,Ethan Gu,13416109
2026-07-09T10:09:28.807921,2026-07-09T10:09:28.815632+00:00,126.2,19,bid,Ethan Gu,AverageAlmonds,13416111
2026-07-09T10:09:29.333856,2026-07-09T10:09:29.341110+00:00,126.0,19,ask,YieldingYams,Ethan Gu,13416121
2026-07-09T10:09:29.554563,2026-07-09T10:09:29.558628+00:00,126.3,2,bid,WavyWalnuts,Stanley Cai,13416127
2026-07-09T10:09:29.554563,2026-07-09T10:09:29.558628+00:00,126.3,198,bid,WavyWalnuts,YieldingYams,13416128
2026-07-09T10:09:29.744265,2026-07-09T10:09:29.749003+00:00,126.2,12,ask,YieldingYams,Xuanyu Liu,13416133
2026-07-09T10:09:29.962642,2026-07-09T10:09:29.970148+00:00,126.2,500,ask,YieldingYams,AverageAlmonds,13416136
2026-07-09T10:09:30.560464,2026-07-09T10:09:30.568678+00:00,126.2,113,ask,YieldingYams,AverageAlmonds,13416141
2026-07-09T10:09:30.771766,2026-07-09T10:09:30.783788+00:00,126.2,200,bid,WavyWalnuts,AverageAlmonds,13416146
2026-07-09T10:09:31.482230,2026-07-09T10:09:31.487364+00:00,126.1,12,bid,Xuanyu Liu,YieldingYams,13416156
2026-07-09T10:09:31.954059,2026-07-09T10:09:31.961961+00:00,126.1,20,bid,Ethan Gu,YieldingYams,13416164
2026-07-09T10:09:31.981226,2026-07-09T10:09:31.990826+00:00,126.1,200,bid,WavyWalnuts,YieldingYams,13416165
2026-07-09T10:09:32.471693,2026-07-09T10:09:32.479521+00:00,126.1,20,ask,YieldingYams,Ethan Gu,13416170
2026-07-09T10:09:32.484476,2026-07-09T10:09:32.495010+00:00,126.2,20,bid,Ethan Gu,AverageAlmonds,13416172
2026-07-09T10:09:33.025948,2026-07-09T10:09:33.035850+00:00,126.1,20,ask,YieldingYams,Ethan Gu,13416186
2026-07-09T10:09:33.197779,2026-07-09T10:09:33.205954+00:00,126.1,200,ask,YieldingYams,WavyWalnuts,13416193
2026-07-09T10:09:33.571003,2026-07-09T10:09:33.577571+00:00,126.1,20,ask,YieldingYams,Ethan Gu,13416200
2026-07-09T10:09:33.658633,2026-07-09T10:09:33.668960+00:00,126.2,500,bid,YieldingYams,AverageAlmonds,13416202
2026-07-09T10:09:34.068972,2026-07-09T10:09:34.073773+00:00,126.4,11,bid,Xuanyu Liu,YieldingYams,13416217
2026-07-09T10:09:34.093137,2026-07-09T10:09:34.100600+00:00,126.4,20,bid,Ethan Gu,YieldingYams,13416218
2026-07-09T10:09:34.203704,2026-07-09T10:09:34.211297+00:00,126.2,125,ask,YieldingYams,AverageAlmonds,13416220
2026-07-09T10:09:34.234796,2026-07-09T10:09:34.239540+00:00,126.2,3,bid,Xuanyu Liu,AverageAlmonds,13416223
2026-07-09T10:09:34.263351,2026-07-09T10:09:34.270467+00:00,126.2,3,bid,Stanley Cai,AverageAlmonds,13416225
2026-07-09T10:09:34.348041,2026-07-09T10:09:34.359841+00:00,125.9,3,ask,Stanley Cai,BrilliantBurritos,13416226
2026-07-09T10:09:34.420459,2026-07-09T10:09:34.424221+00:00,126.0,3,bid,Xuanyu Liu,WavyWalnuts,13416229
2026-07-09T10:09:35.129721,2026-07-09T10:09:35.138498+00:00,125.8,20,ask,WavyWalnuts,Ethan Gu,13416234
2026-07-09T10:09:36.278943,2026-07-09T10:09:36.289114+00:00,126.0,200,bid,YieldingYams,WavyWalnuts,13416248
2026-07-09T10:09:36.824289,2026-07-09T10:09:36.835498+00:00,126.0,200,ask,YieldingYams,WavyWalnuts,13416254
2026-07-09T10:09:37.066930,2026-07-09T10:09:37.074902+00:00,126.0,20,ask,YieldingYams,BrilliantBurritos,13416260
2026-07-09T10:09:37.236715,2026-07-09T10:09:37.240721+00:00,126.0,3,ask,YieldingYams,Xuanyu Liu,13416265
2026-07-09T10:09:37.707915,2026-07-09T10:09:37.714618+00:00,125.9,8,bid,Ethan Gu,YieldingYams,13416270
2026-07-09T10:09:39.139189,2026-07-09T10:09:39.151133+00:00,125.9,20,bid,BrilliantBurritos,YieldingYams,13416282
2026-07-09T10:09:40.807672,2026-07-09T10:09:40.817258+00:00,125.8,8,ask,AverageAlmonds,Ethan Gu,13416302
2026-07-09T10:09:40.861299,2026-07-09T10:09:40.869913+00:00,125.9,500,bid,AverageAlmonds,YieldingYams,13416304
2026-07-09T10:09:41.459764,2026-07-09T10:09:41.469848+00:00,125.9,125,bid,AverageAlmonds,YieldingYams,13416311
2026-07-09T10:09:41.459764,2026-07-09T10:09:41.469848+00:00,125.9,200,bid,AverageAlmonds,WavyWalnuts,13416312
2026-07-09T10:09:41.495943,2026-07-09T10:09:41.515518+00:00,125.9,14,ask,AverageAlmonds,Xuanyu Liu,13416315
2026-07-09T10:09:41.541064,2026-07-09T10:09:41.545366+00:00,126.0,6,ask,YieldingYams,Xuanyu Liu,13416317
2026-07-09T10:09:41.666589,2026-07-09T10:09:41.673359+00:00,126.0,200,ask,YieldingYams,WavyWalnuts,13416320
2026-07-09T10:09:41.844410,2026-07-09T10:09:41.852335+00:00,126.1,3,bid,Ethan Gu,Stanley Cai,13416322
2026-07-09T10:09:42.366526,2026-07-09T10:09:42.377424+00:00,126.0,3,ask,YieldingYams,Ethan Gu,13416325
2026-07-09T10:09:42.376243,2026-07-09T10:09:42.387859+00:00,126.2,17,bid,Ethan Gu,YieldingYams,13416327
2026-07-09T10:09:42.888120,2026-07-09T10:09:42.895169+00:00,126.1,200,bid,WavyWalnuts,YieldingYams,13416336
2026-07-09T10:09:42.930569,2026-07-09T10:09:42.941896+00:00,125.9,17,ask,AverageAlmonds,Ethan Gu,13416338
2026-07-09T10:09:44.105341,2026-07-09T10:09:44.115325+00:00,125.9,200,ask,YieldingYams,WavyWalnuts,13416357
2026-07-09T10:09:47.733561,2026-07-09T10:09:47.743969+00:00,126.1,200,ask,YieldingYams,WavyWalnuts,13416397
2026-07-09T10:09:48.162581,2026-07-09T10:09:48.174116+00:00,126.2,20,bid,Ethan Gu,YieldingYams,13416400
2026-07-09T10:09:48.680926,2026-07-09T10:09:48.689004+00:00,126.0,20,ask,YieldingYams,Ethan Gu,13416408
2026-07-09T10:09:48.690900,2026-07-09T10:09:48.699399+00:00,126.2,20,bid,Ethan Gu,YieldingYams,13416410
2026-07-09T10:09:49.208945,2026-07-09T10:09:49.220158+00:00,126.1,20,ask,WavyWalnuts,Ethan Gu,13416422
2026-07-09T10:09:49.913969,2026-07-09T10:09:49.918319+00:00,126.2,6,bid,Xuanyu Liu,YieldingYams,13416429
2026-07-09T10:09:50.249041,2026-07-09T10:09:50.258563+00:00,126.2,20,bid,Ethan Gu,YieldingYams,13416432
2026-07-09T10:09:50.537203,2026-07-09T10:09:50.542057+00:00,126.1,35,ask,WavyWalnuts,Xuanyu Liu,13416438
2026-07-09T10:09:51.277641,2026-07-09T10:09:51.285123+00:00,126.1,20,ask,WavyWalnuts,Ethan Gu,13416455
2026-07-09T10:09:54.995440,2026-07-09T10:09:55.005224+00:00,126.1,200,ask,YieldingYams,WavyWalnuts,13416494
2026-07-09T10:09:56.045512,2026-07-09T10:09:56.054281+00:00,126.2,20,ask,YieldingYams,BrilliantBurritos,13416508
2026-07-09T10:09:56.071552,2026-07-09T10:09:56.076135+00:00,126.4,6,bid,Xuanyu Liu,YieldingYams,13416510
2026-07-09T10:09:56.205755,2026-07-09T10:09:56.213067+00:00,126.2,200,ask,YieldingYams,WavyWalnuts,13416512
2026-07-09T10:09:56.457012,2026-07-09T10:09:56.465747+00:00,126.4,20,bid,Ethan Gu,YieldingYams,13416523
2026-07-09T10:09:56.980152,2026-07-09T10:09:56.991465+00:00,126.2,20,ask,YieldingYams,Ethan Gu,13416534
2026-07-09T10:09:57.298420,2026-07-09T10:09:57.302764+00:00,126.2,6,bid,Xuanyu Liu,YieldingYams,13416542
2026-07-09T10:09:57.838453,2026-07-09T10:09:57.846142+00:00,126.2,500,bid,AverageAlmonds,YieldingYams,13416559
2026-07-09T10:09:58.434042,2026-07-09T10:09:58.441641+00:00,126.2,119,bid,AverageAlmonds,YieldingYams,13416572
2026-07-09T10:10:01.047542,2026-07-09T10:10:01.058678+00:00,126.4,200,bid,WavyWalnuts,YieldingYams,13416611
2026-07-09T10:10:01.404339,2026-07-09T10:10:01.416613+00:00,126.4,5,ask,YieldingYams,Stanley Cai,13416622
2026-07-09T10:10:01.612293,2026-07-09T10:10:01.624104+00:00,126.4,5,ask,YieldingYams,Stanley Cai,13416627
2026-07-09T10:10:01.779135,2026-07-09T10:10:01.791342+00:00,126.4,20,ask,YieldingYams,BrilliantBurritos,13416631
2026-07-09T10:10:02.155405,2026-07-09T10:10:02.158559+00:00,126.4,20,ask,YieldingYams,Ethan Gu,13416636
2026-07-09T10:10:02.267476,2026-07-09T10:10:02.276017+00:00,126.6,200,bid,WavyWalnuts,YieldingYams,13416638
2026-07-09T10:10:04.265743,2026-07-09T10:10:04.274251+00:00,126.5,20,ask,YieldingYams,Ethan Gu,13416664
2026-07-09T10:10:04.783468,2026-07-09T10:10:04.790561+00:00,126.5,20,ask,YieldingYams,Ethan Gu,13416669
2026-07-09T10:10:06.337938,2026-07-09T10:10:06.345997+00:00,126.5,20,ask,YieldingYams,Ethan Gu,13416691
2026-07-09T10:10:06.405831,2026-07-09T10:10:06.410877+00:00,126.5,12,ask,YieldingYams,Xuanyu Liu,13416694
2026-07-09T10:10:06.908182,2026-07-09T10:10:06.916484+00:00,126.6,200,bid,AverageAlmonds,WavyWalnuts,13416704
2026-07-09T10:10:06.929266,2026-07-09T10:10:06.933460+00:00,126.6,11,ask,AverageAlmonds,Xuanyu Liu,13416706
2026-07-09T10:10:07.368021,2026-07-09T10:10:07.378937+00:00,126.6,19,ask,AverageAlmonds,Ethan Gu,13416710
2026-07-09T10:10:08.320791,2026-07-09T10:10:08.331475+00:00,126.6,200,bid,WavyWalnuts,YieldingYams,13416728
2026-07-09T10:10:10.230260,2026-07-09T10:10:10.242364+00:00,126.5,20,ask,AverageAlmonds,BrilliantBurritos,13416750
2026-07-09T10:10:11.951231,2026-07-09T10:10:11.961416+00:00,126.7,200,bid,WavyWalnuts,YieldingYams,13416776
2026-07-09T10:10:12.573412,2026-07-09T10:10:12.581295+00:00,126.7,20,bid,BrilliantBurritos,YieldingYams,13416791
2026-07-09T10:10:12.662187,2026-07-09T10:10:12.669234+00:00,126.7,20,bid,Ethan Gu,YieldingYams,13416792
2026-07-09T10:10:13.176320,2026-07-09T10:10:13.186984+00:00,126.6,200,bid,WavyWalnuts,YieldingYams,13416797
2026-07-09T10:10:14.388352,2026-07-09T10:10:14.395857+00:00,126.7,200,bid,WavyWalnuts,YieldingYams,13416815
2026-07-09T10:10:15.599028,2026-07-09T10:10:15.608623+00:00,126.7,200,bid,WavyWalnuts,YieldingYams,13416836
2026-07-09T10:10:18.240281,2026-07-09T10:10:18.247405+00:00,126.8,200,bid,YieldingYams,WavyWalnuts,13416876
2026-07-09T10:10:19.041108,2026-07-09T10:10:19.046803+00:00,126.9,2,bid,Xuanyu Liu,Stanley Cai,13416884
2026-07-09T10:10:19.041108,2026-07-09T10:10:19.046803+00:00,126.9,9,bid,Xuanyu Liu,AverageAlmonds,13416885
2026-07-09T10:10:20.291752,2026-07-09T10:10:20.312135+00:00,126.8,12,bid,Xuanyu Liu,AverageAlmonds,13416903
2026-07-09T10:10:20.441063,2026-07-09T10:10:20.448502+00:00,126.8,200,bid,WavyWalnuts,AverageAlmonds,13416909
2026-07-09T10:10:20.958743,2026-07-09T10:10:20.966880+00:00,126.8,20,bid,Ethan Gu,AverageAlmonds,13416924
2026-07-09T10:10:21.654343,2026-07-09T10:10:21.651528+00:00,126.8,200,bid,WavyWalnuts,YieldingYams,13416932
2026-07-09T10:10:23.042947,2026-07-09T10:10:23.050527+00:00,126.8,20,bid,Ethan Gu,WavyWalnuts,13416955
2026-07-09T10:10:25.132501,2026-07-09T10:10:25.139707+00:00,126.9,20,bid,Ethan Gu,WavyWalnuts,13416993
2026-07-09T10:10:27.459888,2026-07-09T10:10:27.464600+00:00,126.8,11,bid,Xuanyu Liu,YieldingYams,13417038
2026-07-09T10:10:27.717100,2026-07-09T10:10:27.726967+00:00,126.8,20,bid,BrilliantBurritos,YieldingYams,13417040
2026-07-09T10:10:27.727451,2026-07-09T10:10:27.737637+00:00,126.8,20,bid,Ethan Gu,YieldingYams,13417041
2026-07-09T10:10:28.237970,2026-07-09T10:10:28.248056+00:00,126.7,1,ask,WavyWalnuts,Ethan Gu,13417049
2026-07-09T10:10:29.724993,2026-07-09T10:10:29.737162+00:00,126.7,20,ask,WavyWalnuts,BrilliantBurritos,13417066
2026-07-09T10:10:29.794459,2026-07-09T10:10:29.802133+00:00,126.8,20,bid,Ethan Gu,YieldingYams,13417068
2026-07-09T10:10:30.314197,2026-07-09T10:10:30.326002+00:00,126.7,20,ask,YieldingYams,Ethan Gu,13417078
2026-07-09T10:10:31.122410,2026-07-09T10:10:31.126931+00:00,126.8,12,bid,Xuanyu Liu,AverageAlmonds,13417090
2026-07-09T10:10:31.149873,2026-07-09T10:10:31.158011+00:00,126.7,500,ask,YieldingYams,AverageAlmonds,13417091
2026-07-09T10:10:31.381916,2026-07-09T10:10:31.389707+00:00,126.8,200,ask,WavyWalnuts,YieldingYams,13417096
2026-07-09T10:10:31.401708,2026-07-09T10:10:31.406079+00:00,126.7,11,bid,Xuanyu Liu,YieldingYams,13417098
2026-07-09T10:10:32.560261,2026-07-09T10:10:32.569478+00:00,126.7,200,bid,WavyWalnuts,YieldingYams,13417117
2026-07-09T10:10:32.691739,2026-07-09T10:10:32.703439+00:00,126.8,500,bid,YieldingYams,AverageAlmonds,13417121
2026-07-09T10:10:32.981503,2026-07-09T10:10:32.991202+00:00,126.8,125,ask,YieldingYams,AverageAlmonds,13417127
2026-07-09T10:10:33.950968,2026-07-09T10:10:33.958632+00:00,126.9,1,bid,Ethan Gu,Stanley Cai,13417151
2026-07-09T10:10:33.950968,2026-07-09T10:10:33.958632+00:00,126.9,19,bid,Ethan Gu,AverageAlmonds,13417152
2026-07-09T10:10:34.003036,2026-07-09T10:10:34.012108+00:00,126.7,200,ask,WavyWalnuts,YieldingYams,13417153
2026-07-09T10:10:34.472507,2026-07-09T10:10:34.484239+00:00,126.5,20,ask,YieldingYams,Ethan Gu,13417166
2026-07-09T10:10:35.009586,2026-07-09T10:10:35.019943+00:00,126.7,5,bid,Ethan Gu,YieldingYams,13417173
2026-07-09T10:10:35.532963,2026-07-09T10:10:35.539969+00:00,126.6,5,ask,WavyWalnuts,Ethan Gu,13417175
2026-07-09T10:10:36.060727,2026-07-09T10:10:36.068800+00:00,126.7,20,bid,Ethan Gu,AverageAlmonds,13417184
2026-07-09T10:10:36.617217,2026-07-09T10:10:36.623854+00:00,126.6,20,ask,YieldingYams,Ethan Gu,13417187
2026-07-09T10:10:37.141735,2026-07-09T10:10:37.158609+00:00,126.7,20,bid,Ethan Gu,WavyWalnuts,13417197
2026-07-09T10:10:37.661139,2026-07-09T10:10:37.669732+00:00,126.6,4,ask,YieldingYams,Ethan Gu,13417209
2026-07-09T10:10:37.671589,2026-07-09T10:10:37.680120+00:00,126.8,20,bid,Ethan Gu,AverageAlmonds,13417211
2026-07-09T10:10:38.189939,2026-07-09T10:10:38.211662+00:00,126.7,3,ask,YieldingYams,Ethan Gu,13417215
2026-07-09T10:10:38.201141,2026-07-09T10:10:38.211662+00:00,126.8,20,bid,Ethan Gu,WavyWalnuts,13417217
2026-07-09T10:10:40.277952,2026-07-09T10:10:40.285862+00:00,126.7,20,bid,Ethan Gu,WavyWalnuts,13417237
2026-07-09T10:10:42.347342,2026-07-09T10:10:42.358569+00:00,126.7,20,bid,Ethan Gu,YieldingYams,13417260
2026-07-09T10:10:43.393125,2026-07-09T10:10:43.401902+00:00,126.7,7,bid,Ethan Gu,YieldingYams,13417273
2026-07-09T10:10:43.778662,2026-07-09T10:10:43.859458+00:00,126.7,3,bid,Xuanyu Liu,YieldingYams,13417288
2026-07-09T10:10:46.081273,2026-07-09T10:10:46.093465+00:00,126.5,5,bid,Stanley Cai,WavyWalnuts,13417308
2026-07-09T10:10:46.315225,2026-07-09T10:10:46.326882+00:00,126.5,5,bid,Stanley Cai,WavyWalnuts,13417314
2026-07-09T10:10:46.664089,2026-07-09T10:10:46.676056+00:00,126.5,5,bid,Stanley Cai,WavyWalnuts,13417323
2026-07-09T10:10:47.090668,2026-07-09T10:10:47.100399+00:00,126.5,3,bid,Stanley Cai,WavyWalnuts,13417330
2026-07-09T10:10:47.130113,2026-07-09T10:10:47.141174+00:00,126.4,3,ask,Stanley Cai,WavyWalnuts,13417331
2026-07-09T10:10:47.130113,2026-07-09T10:10:47.141174+00:00,126.4,197,ask,YieldingYams,WavyWalnuts,13417332
2026-07-09T10:10:48.451401,2026-07-09T10:10:48.452735+00:00,126.5,200,bid,YieldingYams,WavyWalnuts,13417346
2026-07-09T10:10:49.767985,2026-07-09T10:10:49.774739+00:00,126.6,200,ask,WavyWalnuts,YieldingYams,13417368
2026-07-09T10:10:50.752880,2026-07-09T10:10:50.761557+00:00,126.5,200,bid,WavyWalnuts,YieldingYams,13417381
2026-07-09T10:10:51.109611,2026-07-09T10:10:51.111861+00:00,126.6,25,ask,YieldingYams,Ethan Gu,13417382
2026-07-09T10:10:51.637144,2026-07-09T10:10:51.643641+00:00,126.6,25,ask,YieldingYams,Ethan Gu,13417390
2026-07-09T10:10:52.163430,2026-07-09T10:10:52.174904+00:00,126.6,25,ask,YieldingYams,Ethan Gu,13417397
2026-07-09T10:10:52.692996,2026-07-09T10:10:52.702250+00:00,126.6,25,ask,WavyWalnuts,Ethan Gu,13417403
2026-07-09T10:10:53.176216,2026-07-09T10:10:53.184829+00:00,126.7,200,bid,WavyWalnuts,YieldingYams,13417410
2026-07-09T10:10:53.732010,2026-07-09T10:10:53.739847+00:00,126.8,20,bid,Ethan Gu,AverageAlmonds,13417420
2026-07-09T10:10:53.878619,2026-07-09T10:10:53.883304+00:00,126.8,14,bid,Xuanyu Liu,AverageAlmonds,13417425
2026-07-09T10:10:53.935941,2026-07-09T10:10:53.947012+00:00,126.8,1,bid,Stanley Cai,AverageAlmonds,13417427
2026-07-09T10:10:54.195123,2026-07-09T10:10:54.199214+00:00,126.7,9,bid,Xuanyu Liu,AverageAlmonds,13417431
2026-07-09T10:10:54.255536,2026-07-09T10:10:54.264546+00:00,126.7,20,bid,Ethan Gu,WavyWalnuts,13417434
2026-07-09T10:10:54.276944,2026-07-09T10:10:54.281246+00:00,126.5,20,ask,YieldingYams,Xuanyu Liu,13417437
2026-07-09T10:10:54.799676,2026-07-09T10:10:54.808425+00:00,126.7,20,bid,Ethan Gu,AverageAlmonds,13417441
2026-07-09T10:10:55.009058,2026-07-09T10:10:55.015933+00:00,126.7,180,bid,YieldingYams,WavyWalnuts,13417444
2026-07-09T10:10:55.027305,2026-07-09T10:10:55.031685+00:00,126.7,3,ask,YieldingYams,Xuanyu Liu,13417446
2026-07-09T10:10:55.321969,2026-07-09T10:10:55.330234+00:00,126.8,6,bid,Ethan Gu,AverageAlmonds,13417451
2026-07-09T10:10:55.603906,2026-07-09T10:10:55.611507+00:00,126.7,200,ask,YieldingYams,WavyWalnuts,13417456
2026-07-09T10:10:56.437883,2026-07-09T10:10:56.442327+00:00,126.7,3,bid,Xuanyu Liu,YieldingYams,13417470
2026-07-09T10:10:56.874179,2026-07-09T10:10:56.882156+00:00,126.7,20,bid,Ethan Gu,YieldingYams,13417480
2026-07-09T10:10:57.977087,2026-07-09T10:10:57.988698+00:00,126.6,20,ask,WavyWalnuts,BrilliantBurritos,13417502
2026-07-09T10:10:58.957627,2026-07-09T10:10:58.966088+00:00,126.8,14,bid,Ethan Gu,WavyWalnuts,13417512
2026-07-09T10:10:59.243286,2026-07-09T10:10:59.252479+00:00,126.7,200,bid,WavyWalnuts,AverageAlmonds,13417521
2026-07-09T10:11:00.454371,2026-07-09T10:11:00.458601+00:00,126.7,200,bid,WavyWalnuts,AverageAlmonds,13417539
2026-07-09T10:11:02.039918,2026-07-09T10:11:02.049897+00:00,126.7,200,ask,WavyWalnuts,AverageAlmonds,13417569
2026-07-09T10:11:02.484746,2026-07-09T10:11:02.496651+00:00,126.6,20,ask,YieldingYams,BrilliantBurritos,13417581
2026-07-09T10:11:02.884085,2026-07-09T10:11:02.892470+00:00,126.7,500,bid,YieldingYams,AverageAlmonds,13417583
2026-07-09T10:11:02.884085,2026-07-09T10:11:02.897783+00:00,126.7,125,bid,YieldingYams,WavyWalnuts,13417584
2026-07-09T10:11:03.316590,2026-07-09T10:11:03.333489+00:00,126.7,11,bid,Xuanyu Liu,WavyWalnuts,13417591
2026-07-09T10:11:04.198233,2026-07-09T10:11:04.205111+00:00,126.7,200,ask,WavyWalnuts,YieldingYams,13417605
2026-07-09T10:11:04.216778,2026-07-09T10:11:04.221298+00:00,126.6,12,bid,Xuanyu Liu,YieldingYams,13417607
2026-07-09T10:11:04.679186,2026-07-09T10:11:04.691080+00:00,126.6,20,bid,BrilliantBurritos,YieldingYams,13417619
2026-07-09T10:11:05.297937,2026-07-09T10:11:05.305284+00:00,126.6,200,bid,WavyWalnuts,YieldingYams,13417628
2026-07-09T10:11:06.287523,2026-07-09T10:11:06.295822+00:00,126.6,500,ask,YieldingYams,AverageAlmonds,13417633
2026-07-09T10:11:06.821193,2026-07-09T10:11:06.830633+00:00,126.4,3,ask,Stanley Cai,YieldingYams,13417637
2026-07-09T10:11:06.821193,2026-07-09T10:11:06.830633+00:00,126.4,200,ask,WavyWalnuts,YieldingYams,13417638
2026-07-09T10:11:06.842218,2026-07-09T10:11:06.846512+00:00,126.4,23,bid,Xuanyu Liu,YieldingYams,13417640
2026-07-09T10:11:08.156951,2026-07-09T10:11:08.161369+00:00,126.3,11,bid,Xuanyu Liu,YieldingYams,13417668
2026-07-09T10:11:09.690712,2026-07-09T10:11:09.695380+00:00,126.1,46,ask,WavyWalnuts,Xuanyu Liu,13417687
2026-07-09T10:11:10.067936,2026-07-09T10:11:10.077387+00:00,126.1,8,ask,WavyWalnuts,Stanley Cai,13417699
2026-07-09T10:11:13.791090,2026-07-09T10:11:13.802297+00:00,126.3,200,bid,WavyWalnuts,YieldingYams,13417753
2026-07-09T10:11:14.703587,2026-07-09T10:11:14.711140+00:00,126.3,3,ask,YieldingYams,Stanley Cai,13417765
2026-07-09T10:11:14.805742,2026-07-09T10:11:14.814534+00:00,126.3,500,ask,YieldingYams,AverageAlmonds,13417768
2026-07-09T10:11:15.005006,2026-07-09T10:11:15.015275+00:00,126.3,122,ask,YieldingYams,WavyWalnuts,13417776
2026-07-09T10:11:16.213185,2026-07-09T10:11:16.222236+00:00,126.1,200,bid,WavyWalnuts,YieldingYams,13417797
2026-07-09T10:11:17.461276,2026-07-09T10:11:17.473277+00:00,126.0,20,ask,WavyWalnuts,BrilliantBurritos,13417808
2026-07-09T10:11:18.415082,2026-07-09T10:11:18.423591+00:00,126.0,180,ask,WavyWalnuts,AverageAlmonds,13417833
2026-07-09T10:11:21.280869,2026-07-09T10:11:21.291243+00:00,125.9,200,ask,WavyWalnuts,YieldingYams,13417871
2026-07-09T10:11:22.109079,2026-07-09T10:11:22.121380+00:00,125.7,20,ask,YieldingYams,BrilliantBurritos,13417886
2026-07-09T10:11:22.269116,2026-07-09T10:11:22.279358+00:00,125.9,200,bid,WavyWalnuts,YieldingYams,13417890
2026-07-09T10:11:23.481001,2026-07-09T10:11:23.491872+00:00,125.9,200,bid,WavyWalnuts,AverageAlmonds,13417909
2026-07-09T10:11:23.901303,2026-07-09T10:11:23.910849+00:00,125.9,500,bid,YieldingYams,AverageAlmonds,13417918
2026-07-09T10:11:23.949901,2026-07-09T10:11:23.958565+00:00,125.9,5,ask,YieldingYams,Stanley Cai,13417920
2026-07-09T10:11:24.158817,2026-07-09T10:11:24.175578+00:00,125.9,3,ask,YieldingYams,Stanley Cai,13417923
2026-07-09T10:11:24.461058,2026-07-09T10:11:24.470943+00:00,125.9,117,ask,YieldingYams,AverageAlmonds,13417932
2026-07-09T10:11:24.695692,2026-07-09T10:11:24.702711+00:00,125.7,200,bid,WavyWalnuts,AverageAlmonds,13417935
2026-07-09T10:11:25.216595,2026-07-09T10:11:25.223545+00:00,125.6,3,bid,YieldingYams,Stanley Cai,13417941
2026-07-09T10:11:25.517407,2026-07-09T10:11:25.522382+00:00,125.6,11,ask,YieldingYams,Xuanyu Liu,13417943
2026-07-09T10:11:25.599967,2026-07-09T10:11:25.608050+00:00,125.6,25,ask,YieldingYams,Ethan Gu,13417948
2026-07-09T10:11:25.759295,2026-07-09T10:11:25.771326+00:00,125.6,9,ask,YieldingYams,Stanley Cai,13417951
2026-07-09T10:11:26.128063,2026-07-09T10:11:26.138797+00:00,125.6,25,ask,YieldingYams,Ethan Gu,13417955
2026-07-09T10:11:26.577148,2026-07-09T10:11:26.589355+00:00,125.6,9,ask,WavyWalnuts,Stanley Cai,13417962
2026-07-09T10:11:26.657977,2026-07-09T10:11:26.669490+00:00,125.6,25,ask,WavyWalnuts,Ethan Gu,13417963
2026-07-09T10:11:27.183177,2026-07-09T10:11:27.193951+00:00,125.6,25,ask,YieldingYams,Ethan Gu,13417973
2026-07-09T10:11:28.719054,2026-07-09T10:11:28.726673+00:00,125.6,500,ask,YieldingYams,AverageAlmonds,13417992
2026-07-09T10:11:28.754556,2026-07-09T10:11:28.757780+00:00,125.8,3,bid,Ethan Gu,Stanley Cai,13417995
2026-07-09T10:11:28.754556,2026-07-09T10:11:28.757780+00:00,125.8,17,bid,Ethan Gu,YieldingYams,13417996
2026-07-09T10:11:29.313892,2026-07-09T10:11:29.321527+00:00,125.6,200,ask,WavyWalnuts,AverageAlmonds,13417999
2026-07-09T10:11:32.374905,2026-07-09T10:11:32.386390+00:00,125.6,20,ask,WavyWalnuts,Ethan Gu,13418049
2026-07-09T10:11:35.713856,2026-07-09T10:11:35.725748+00:00,125.6,500,bid,YieldingYams,AverageAlmonds,13418089
2026-07-09T10:11:35.713856,2026-07-09T10:11:35.725748+00:00,125.7,125,bid,YieldingYams,WavyWalnuts,13418090
2026-07-09T10:11:39.253888,2026-07-09T10:11:39.257971+00:00,125.5,3,ask,WavyWalnuts,Xuanyu Liu,13418133
2026-07-09T10:11:40.987254,2026-07-09T10:11:40.997241+00:00,125.5,200,ask,WavyWalnuts,YieldingYams,13418154
2026-07-09T10:11:41.655982,2026-07-09T10:11:41.658580+00:00,125.5,200,bid,WavyWalnuts,YieldingYams,13418168
2026-07-09T10:11:42.309996,2026-07-09T10:11:42.313768+00:00,125.5,3,ask,YieldingYams,Xuanyu Liu,13418186
2026-07-09T10:11:42.877123,2026-07-09T10:11:42.887104+00:00,125.5,5,ask,YieldingYams,Stanley Cai,13418193
2026-07-09T10:11:43.092352,2026-07-09T10:11:43.102459+00:00,125.5,4,ask,YieldingYams,Stanley Cai,13418199
2026-07-09T10:11:45.098689,2026-07-09T10:11:45.106664+00:00,125.6,500,ask,YieldingYams,AverageAlmonds,13418216
2026-07-09T10:11:45.695780,2026-07-09T10:11:45.705280+00:00,125.6,125,ask,YieldingYams,AverageAlmonds,13418231
2026-07-09T10:11:45.861162,2026-07-09T10:11:45.868777+00:00,125.4,20,ask,WavyWalnuts,Ethan Gu,13418234
2026-07-09T10:11:46.906617,2026-07-09T10:11:46.914585+00:00,125.4,200,ask,WavyWalnuts,AverageAlmonds,13418252
2026-07-09T10:11:47.948509,2026-07-09T10:11:47.957141+00:00,125.2,20,ask,YieldingYams,Ethan Gu,13418267
2026-07-09T10:11:48.857425,2026-07-09T10:11:48.861789+00:00,125.3,11,ask,YieldingYams,Xuanyu Liu,13418281
2026-07-09T10:11:48.933399,2026-07-09T10:11:48.944847+00:00,125.3,200,ask,YieldingYams,WavyWalnuts,13418285
2026-07-09T10:11:49.368075,2026-07-09T10:11:49.376297+00:00,125.3,20,ask,YieldingYams,BrilliantBurritos,13418297
2026-07-09T10:11:50.015209,2026-07-09T10:11:50.022978+00:00,125.3,20,ask,YieldingYams,Ethan Gu,13418304
2026-07-09T10:11:50.147801,2026-07-09T10:11:50.158642+00:00,125.3,200,bid,YieldingYams,WavyWalnuts,13418308
2026-07-09T10:11:51.353615,2026-07-09T10:11:51.364720+00:00,125.3,200,ask,YieldingYams,WavyWalnuts,13418330
2026-07-09T10:11:52.770092,2026-07-09T10:11:52.777721+00:00,125.2,200,ask,WavyWalnuts,YieldingYams,13418344
2026-07-09T10:11:54.031922,2026-07-09T10:11:54.036939+00:00,125.1,23,ask,WavyWalnuts,Xuanyu Liu,13418371
2026-07-09T10:11:54.082479,2026-07-09T10:11:54.092339+00:00,125.1,177,ask,WavyWalnuts,YieldingYams,13418372
2026-07-09T10:11:54.187385,2026-07-09T10:11:54.195571+00:00,124.9,20,ask,YieldingYams,Ethan Gu,13418373
