timestamp,recv_time,price,volume,aggressor_side,buyer,seller,trade_id
2026-06-29T06:00:00.068123,2026-06-28T20:00:00.437502+00:00,91.8,4,bid,,,11483335
2026-06-29T06:00:00.151202,2026-06-28T20:00:00.525511+00:00,91.8,200,ask,,,11483342
2026-06-29T06:00:01.361231,2026-06-28T20:00:01.735502+00:00,91.8,200,ask,,,11483367
2026-06-29T06:00:04.992562,2026-06-28T20:00:05.364600+00:00,91.9,1,bid,,,11483444
2026-06-29T06:00:04.992562,2026-06-28T20:00:05.364600+00:00,91.9,199,bid,,,11483445
2026-06-29T06:00:06.205165,2026-06-28T20:00:06.574140+00:00,91.9,200,ask,,,11483472
2026-06-29T06:00:08.625553,2026-06-28T20:00:09.003427+00:00,91.9,1,bid,,,11483523
2026-06-29T06:00:08.625553,2026-06-28T20:00:09.003427+00:00,91.9,199,bid,,,11483524
2026-06-29T06:00:09.833309,2026-06-28T20:00:10.213427+00:00,91.9,200,bid,,,11483551
2026-06-29T06:00:11.040112,2026-06-28T20:00:11.412418+00:00,91.9,1,bid,,,11483583
2026-06-29T06:00:12.229207,2026-06-28T20:00:12.600422+00:00,91.9,199,ask,,,11483612
2026-06-29T06:00:13.535951,2026-06-28T20:00:13.908662+00:00,91.9,200,bid,,,11483635
2026-06-29T06:00:14.847606,2026-06-28T20:00:15.217653+00:00,91.9,200,ask,,,11483665
2026-06-29T06:00:15.883975,2026-06-28T20:00:16.262225+00:00,91.8,200,bid,,,11483683
2026-06-29T06:00:17.091367,2026-06-28T20:00:17.461364+00:00,91.8,200,bid,,,11483712
2026-06-29T06:00:20.094346,2026-06-28T20:00:20.463322+00:00,91.9,200,bid,,,11483750
2026-06-29T06:00:21.412248,2026-06-28T20:00:21.783331+00:00,91.9,200,ask,,,11483778
2026-06-29T06:00:22.167786,2026-06-28T20:00:22.542322+00:00,91.8,20,ask,,,11483802
2026-06-29T06:00:22.718551,2026-06-28T20:00:23.092022+00:00,92.0,1,bid,,,11483811
2026-06-29T06:00:22.718551,2026-06-28T20:00:23.092022+00:00,92.0,200,bid,,,11483812
2026-06-29T06:00:23.134127,2026-06-28T20:00:23.509031+00:00,92.0,200,ask,,,11483819
2026-06-29T06:00:24.700795,2026-06-28T20:00:25.071031+00:00,91.9,20,ask,,,11483846
2026-06-29T06:00:25.552382,2026-06-28T20:00:25.929031+00:00,92.1,5,bid,,,11483865
2026-06-29T06:00:25.552382,2026-06-28T20:00:25.929031+00:00,92.1,195,bid,,,11483866
2026-06-29T06:00:30.394024,2026-06-28T20:00:30.767413+00:00,92.0,200,bid,,,11483960
2026-06-29T06:00:32.808718,2026-06-28T20:00:33.186161+00:00,92.0,200,bid,,,11484019
2026-06-29T06:00:35.224201,2026-06-28T20:00:35.606161+00:00,92.1,1,bid,,,11484075
2026-06-29T06:00:35.224201,2026-06-28T20:00:35.606161+00:00,92.1,199,bid,,,11484076
2026-06-29T06:00:35.829071,2026-06-28T20:00:36.199797+00:00,92.1,500,bid,,,11484101
2026-06-29T06:00:36.383547,2026-06-28T20:00:36.759842+00:00,92.2,125,ask,,,11484114
2026-06-29T06:00:36.431754,2026-06-28T20:00:36.803841+00:00,92.1,200,bid,,,11484115
2026-06-29T06:00:38.451770,2026-06-28T20:00:38.826249+00:00,92.0,200,ask,,,11484152
2026-06-29T06:00:38.845518,2026-06-28T20:00:39.222257+00:00,92.0,200,bid,,,11484160
2026-06-29T06:00:39.762358,2026-06-28T20:00:40.134771+00:00,92.1,500,bid,,,11484183
2026-06-29T06:00:39.762358,2026-06-28T20:00:40.134771+00:00,92.2,125,bid,,,11484184
2026-06-29T06:00:40.521004,2026-06-28T20:00:40.892881+00:00,92.0,20,bid,,,11484194
2026-06-29T06:00:41.278450,2026-06-28T20:00:41.651762+00:00,91.9,2,ask,,,11484209
2026-06-29T06:00:41.278450,2026-06-28T20:00:41.651762+00:00,91.8,198,ask,,,11484210
2026-06-29T06:00:42.491495,2026-06-28T20:00:42.861540+00:00,91.7,200,bid,,,11484236
2026-06-29T06:00:43.711160,2026-06-28T20:00:44.081540+00:00,91.8,200,ask,,,11484267
2026-06-29T06:00:48.185345,2026-06-28T20:00:48.556464+00:00,91.9,20,bid,,,11484349
2026-06-29T06:00:48.548939,2026-06-28T20:00:48.919345+00:00,91.9,200,bid,,,11484354
2026-06-29T06:00:48.954912,2026-06-28T20:00:49.325345+00:00,92.0,500,bid,,,11484359
2026-06-29T06:00:49.105661,2026-06-28T20:00:49.479354+00:00,92.0,125,ask,,,11484367
2026-06-29T06:00:49.754875,2026-06-28T20:00:50.128354+00:00,92.0,200,bid,,,11484383
2026-06-29T06:00:52.894113,2026-06-28T20:00:53.262189+00:00,91.9,200,ask,,,11484446
2026-06-29T06:00:53.131181,2026-06-28T20:00:53.504188+00:00,91.9,20,bid,,,11484454
2026-06-29T06:00:53.383124,2026-06-28T20:00:53.757189+00:00,91.9,200,bid,,,11484457
2026-06-29T06:00:59.446978,2026-06-28T20:00:59.824807+00:00,92.1,200,ask,,,11484552
2026-06-29T06:01:00.088147,2026-06-28T20:01:00.462807+00:00,92.0,20,bid,,,11484560
2026-06-29T06:01:00.760354,2026-06-28T20:01:01.133798+00:00,91.9,8,ask,,,11484578
2026-06-29T06:01:00.760354,2026-06-28T20:01:01.133798+00:00,91.9,200,ask,,,11484579
2026-06-29T06:01:00.760354,2026-06-28T20:01:01.133798+00:00,91.8,417,ask,,,11484580
2026-06-29T06:01:02.072985,2026-06-28T20:01:02.441917+00:00,92.0,200,ask,,,11484610
2026-06-29T06:01:06.704487,2026-06-28T20:01:07.080859+00:00,92.1,200,bid,,,11484699
2026-06-29T06:01:08.618109,2026-06-28T20:01:08.993086+00:00,92.1,200,ask,,,11484733
2026-06-29T06:01:12.536760,2026-06-28T20:01:12.907983+00:00,92.2,200,bid,,,11484791
2026-06-29T06:01:12.808088,2026-06-28T20:01:13.182876+00:00,92.2,200,ask,,,11484800
2026-06-29T06:01:14.539721,2026-06-28T20:01:14.919875+00:00,92.3,20,bid,,,11484814
2026-06-29T06:01:15.392163,2026-06-28T20:01:15.766884+00:00,92.1,7,ask,,,11484825
2026-06-29T06:01:15.392163,2026-06-28T20:01:15.766884+00:00,92.1,13,ask,,,11484826
2026-06-29T06:01:17.580980,2026-06-28T20:01:17.954203+00:00,92.2,20,bid,,,11484860
2026-06-29T06:01:17.640903,2026-06-28T20:01:18.009204+00:00,92.1,200,ask,,,11484864
2026-06-29T06:01:19.099804,2026-06-28T20:01:19.472195+00:00,92.1,500,ask,,,11484886
2026-06-29T06:01:19.099804,2026-06-28T20:01:19.472195+00:00,92.1,125,ask,,,11484887
2026-06-29T06:01:22.474157,2026-06-28T20:01:22.848465+00:00,92.2,200,bid,,,11484957
2026-06-29T06:01:23.683239,2026-06-28T20:01:24.058465+00:00,92.2,200,ask,,,11484976
2026-06-29T06:01:24.889941,2026-06-28T20:01:25.268455+00:00,92.3,200,ask,,,11484996
2026-06-29T06:01:25.783803,2026-06-28T20:01:26.159484+00:00,92.3,20,bid,,,11485015
2026-06-29T06:01:26.094852,2026-06-28T20:01:26.467475+00:00,92.3,200,bid,,,11485022
2026-06-29T06:01:28.515692,2026-06-28T20:01:28.885771+00:00,92.3,200,ask,,,11485069
2026-06-29T06:01:30.924294,2026-06-28T20:01:31.293763+00:00,92.3,500,ask,,,11485101
2026-06-29T06:01:32.233167,2026-06-28T20:01:32.602762+00:00,92.4,2,bid,,,11485138
2026-06-29T06:01:32.233167,2026-06-28T20:01:32.602762+00:00,92.4,200,bid,,,11485139
2026-06-29T06:01:34.861926,2026-06-28T20:01:35.231039+00:00,92.2,500,ask,,,11485191
2026-06-29T06:01:35.141881,2026-06-28T20:01:35.517030+00:00,92.2,125,bid,,,11485197
2026-06-29T06:01:35.792594,2026-06-28T20:01:36.165652+00:00,92.2,200,ask,,,11485213
2026-06-29T06:01:40.630452,2026-06-28T20:01:41.003014+00:00,92.1,3,ask,,,11485305
2026-06-29T06:01:40.630452,2026-06-28T20:01:41.003014+00:00,92.1,197,ask,,,11485306
2026-06-29T06:01:41.204800,2026-06-28T20:01:41.585895+00:00,92.2,500,bid,,,11485313
2026-06-29T06:01:41.844246,2026-06-28T20:01:42.223895+00:00,92.3,200,ask,,,11485328
2026-06-29T06:01:42.815196,2026-06-28T20:01:43.190441+00:00,92.4,20,bid,,,11485356
2026-06-29T06:01:43.051743,2026-06-28T20:01:43.421442+00:00,92.2,200,ask,,,11485369
2026-06-29T06:01:44.260331,2026-06-28T20:01:44.631432+00:00,92.2,200,ask,,,11485393
2026-06-29T06:01:45.364241,2026-06-28T20:01:45.742433+00:00,92.2,500,ask,,,11485419
2026-06-29T06:01:46.674140,2026-06-28T20:01:47.051033+00:00,92.2,200,bid,,,11485446
2026-06-29T06:01:49.118994,2026-06-28T20:01:49.492088+00:00,92.2,200,bid,,,11485498
2026-06-29T06:01:49.673659,2026-06-28T20:01:50.042087+00:00,92.2,500,bid,,,11485517
2026-06-29T06:01:50.271563,2026-06-28T20:01:50.658088+00:00,92.2,125,bid,,,11485526
2026-06-29T06:01:50.610837,2026-06-28T20:01:50.987197+00:00,92.3,200,bid,,,11485529
2026-06-29T06:01:51.528909,2026-06-28T20:01:51.899698+00:00,92.5,2,bid,,,11485555
2026-06-29T06:01:51.528909,2026-06-28T20:01:51.899698+00:00,92.6,198,bid,,,11485556
2026-06-29T06:01:52.735735,2026-06-28T20:01:53.108946+00:00,92.4,200,bid,,,11485570
2026-06-29T06:01:54.551018,2026-06-28T20:01:54.935067+00:00,92.4,200,ask,,,11485594
2026-06-29T06:01:57.534497,2026-06-28T20:01:57.913266+00:00,92.3,200,bid,,,11485627
2026-06-29T06:01:59.820211,2026-06-28T20:02:00.189265+00:00,92.2,200,ask,,,11485652
2026-06-29T06:01:59.820211,2026-06-28T20:02:00.189265+00:00,92.2,425,ask,,,11485653
2026-06-29T06:02:00.003220,2026-06-28T20:02:00.376274+00:00,92.2,200,ask,,,11485659
2026-06-29T06:02:01.129842,2026-06-28T20:02:01.508384+00:00,92.2,500,ask,,,11485671
2026-06-29T06:02:01.129842,2026-06-28T20:02:01.508384+00:00,92.2,3,ask,,,11485672
2026-06-29T06:02:01.169844,2026-06-28T20:02:01.541384+00:00,92.2,122,bid,,,11485673
2026-06-29T06:02:01.217204,2026-06-28T20:02:01.585384+00:00,92.3,200,ask,,,11485677
2026-06-29T06:02:02.384680,2026-06-28T20:02:02.760243+00:00,92.4,3,bid,,,11485696
2026-06-29T06:02:02.427260,2026-06-28T20:02:02.804143+00:00,92.4,200,ask,,,11485697
2026-06-29T06:02:04.843452,2026-06-28T20:02:05.222273+00:00,92.5,200,ask,,,11485748
2026-06-29T06:02:07.277248,2026-06-28T20:02:07.652339+00:00,92.4,200,bid,,,11485801
2026-06-29T06:02:07.917248,2026-06-28T20:02:08.290459+00:00,92.4,20,bid,,,11485810
2026-06-29T06:02:11.828973,2026-06-28T20:02:12.205470+00:00,92.3,20,ask,,,11485889
2026-06-29T06:02:13.565159,2026-06-28T20:02:13.942873+00:00,92.3,20,ask,,,11485916
2026-06-29T06:02:15.559833,2026-06-28T20:02:15.930894+00:00,92.3,200,bid,,,11485942
2026-06-29T06:02:18.179023,2026-06-28T20:02:18.557411+00:00,92.4,200,bid,,,11485983
2026-06-29T06:02:18.208237,2026-06-28T20:02:18.579411+00:00,92.5,200,ask,,,11485987
2026-06-29T06:02:19.420552,2026-06-28T20:02:19.789411+00:00,92.5,200,ask,,,11486015
2026-06-29T06:02:23.040645,2026-06-28T20:02:23.409207+00:00,92.6,1,bid,,,11486087
2026-06-29T06:02:23.040645,2026-06-28T20:02:23.420207+00:00,92.6,199,bid,,,11486088
2026-06-29T06:02:26.033043,2026-06-28T20:02:26.410808+00:00,92.5,200,ask,,,11486152
2026-06-29T06:02:27.340273,2026-06-28T20:02:27.708935+00:00,92.6,3,bid,,,11486177
2026-06-29T06:02:27.340273,2026-06-28T20:02:27.719935+00:00,92.6,200,bid,,,11486178
2026-06-29T06:02:27.880654,2026-06-28T20:02:28.258431+00:00,92.6,200,ask,,,11486198
2026-06-29T06:02:29.090919,2026-06-28T20:02:29.468440+00:00,92.4,10,ask,,,11486219
2026-06-29T06:02:31.267751,2026-06-28T20:02:31.646470+00:00,92.3,1,ask,,,11486258
2026-06-29T06:02:31.267751,2026-06-28T20:02:31.646470+00:00,92.3,10,ask,,,11486259
2026-06-29T06:02:31.267751,2026-06-28T20:02:31.646470+00:00,92.3,500,ask,,,11486260
2026-06-29T06:02:31.267751,2026-06-28T20:02:31.646470+00:00,92.2,114,ask,,,11486261
2026-06-29T06:02:31.509070,2026-06-28T20:02:31.877469+00:00,92.3,200,ask,,,11486272
2026-06-29T06:02:32.718170,2026-06-28T20:02:33.086708+00:00,92.3,1,ask,,,11486301
2026-06-29T06:02:32.718170,2026-06-28T20:02:33.097707+00:00,92.3,5,ask,,,11486302
2026-06-29T06:02:32.718170,2026-06-28T20:02:33.097707+00:00,92.3,194,ask,,,11486303
2026-06-29T06:02:36.501777,2026-06-28T20:02:36.880262+00:00,92.3,4,ask,,,11486367
2026-06-29T06:02:37.571027,2026-06-28T20:02:37.945662+00:00,92.3,200,bid,,,11486385
2026-06-29T06:02:37.816389,2026-06-28T20:02:38.187643+00:00,92.2,500,ask,,,11486394
2026-06-29T06:02:37.816389,2026-06-28T20:02:38.187643+00:00,92.2,2,ask,,,11486395
2026-06-29T06:02:38.094579,2026-06-28T20:02:38.462635+00:00,92.2,123,bid,,,11486403
2026-06-29T06:02:38.493975,2026-06-28T20:02:38.869642+00:00,92.5,20,bid,,,11486409
2026-06-29T06:02:40.431654,2026-06-28T20:02:40.805752+00:00,92.3,200,bid,,,11486428
2026-06-29T06:02:41.203462,2026-06-28T20:02:41.575772+00:00,92.4,200,ask,,,11486445
2026-06-29T06:02:41.206240,2026-06-28T20:02:41.575772+00:00,92.4,20,ask,,,11486446
2026-06-29T06:02:43.089749,2026-06-28T20:02:43.466562+00:00,92.4,200,bid,,,11486481
2026-06-29T06:02:43.624419,2026-06-28T20:02:43.994473+00:00,92.4,200,ask,,,11486494
2026-06-29T06:02:47.256438,2026-06-28T20:02:47.632371+00:00,92.3,200,bid,,,11486584
2026-06-29T06:02:48.469471,2026-06-28T20:02:48.842473+00:00,92.2,2,ask,,,11486623
2026-06-29T06:02:48.469471,2026-06-28T20:02:48.842473+00:00,92.2,198,ask,,,11486624
2026-06-29T06:02:49.655684,2026-06-28T20:02:50.030473+00:00,92.2,4,ask,,,11486636
2026-06-29T06:02:49.655684,2026-06-28T20:02:50.030473+00:00,92.2,500,ask,,,11486637
2026-06-29T06:02:49.755710,2026-06-28T20:02:50.129473+00:00,92.2,20,bid,,,11486644
2026-06-29T06:02:50.205511,2026-06-28T20:02:50.580474+00:00,92.2,101,bid,,,11486651
2026-06-29T06:02:50.469257,2026-06-28T20:02:50.843583+00:00,92.2,20,ask,,,11486658
2026-06-29T06:02:50.962274,2026-06-28T20:02:51.337473+00:00,92.4,1,bid,,,11486665
2026-06-29T06:02:50.962274,2026-06-28T20:02:51.337473+00:00,92.5,200,bid,,,11486666
2026-06-29T06:02:52.277981,2026-06-28T20:02:52.646465+00:00,92.5,200,ask,,,11486699
2026-06-29T06:02:53.312080,2026-06-28T20:02:53.689430+00:00,92.5,200,bid,,,11486721
2026-06-29T06:02:56.204886,2026-06-28T20:02:56.580327+00:00,92.5,200,ask,,,11486771
2026-06-29T06:02:57.522941,2026-06-28T20:02:57.897807+00:00,92.5,200,bid,,,11486790
2026-06-29T06:02:57.522941,2026-06-28T20:02:57.897807+00:00,92.6,3,bid,,,11486791
2026-06-29T06:02:58.678503,2026-06-28T20:02:59.052815+00:00,92.7,422,ask,,,11486814
2026-06-29T06:02:58.835592,2026-06-28T20:02:59.206816+00:00,92.6,200,ask,,,11486821
2026-06-29T06:03:00.143440,2026-06-28T20:03:00.515330+00:00,92.6,5,bid,,,11486846
2026-06-29T06:03:01.457005,2026-06-28T20:03:01.835321+00:00,92.7,1,bid,,,11486867
2026-06-29T06:03:01.457005,2026-06-28T20:03:01.835321+00:00,92.7,4,bid,,,11486868
2026-06-29T06:03:01.457005,2026-06-28T20:03:01.835321+00:00,92.7,200,bid,,,11486869
2026-06-29T06:03:01.819202,2026-06-28T20:03:02.187330+00:00,92.7,200,ask,,,11486877
2026-06-29T06:03:02.347245,2026-06-28T20:03:02.725568+00:00,92.7,220,ask,,,11486893
2026-06-29T06:03:03.025590,2026-06-28T20:03:03.395588+00:00,92.7,200,bid,,,11486913
2026-06-29T06:03:04.076385,2026-06-28T20:03:04.451588+00:00,92.7,500,bid,,,11486926
2026-06-29T06:03:04.076385,2026-06-28T20:03:04.451588+00:00,92.8,2,bid,,,11486927
2026-06-29T06:03:04.160401,2026-06-28T20:03:04.528588+00:00,92.8,123,ask,,,11486929
2026-06-29T06:03:04.238481,2026-06-28T20:03:04.616588+00:00,92.7,200,bid,,,11486935
2026-06-29T06:03:06.701311,2026-06-28T20:03:07.080145+00:00,92.5,200,bid,,,11486982
2026-06-29T06:03:09.323164,2026-06-28T20:03:09.696276+00:00,92.6,200,bid,,,11487033
2026-06-29T06:03:10.298121,2026-06-28T20:03:10.675276+00:00,92.6,200,ask,,,11487047
2026-06-29T06:03:11.509680,2026-06-28T20:03:11.885276+00:00,92.5,200,bid,,,11487071
2026-06-29T06:03:13.274601,2026-06-28T20:03:13.644053+00:00,92.5,200,ask,,,11487109
2026-06-29T06:03:15.146611,2026-06-28T20:03:15.524044+00:00,92.5,200,ask,,,11487131
2026-06-29T06:03:16.355203,2026-06-28T20:03:16.732587+00:00,92.6,200,ask,,,11487158
2026-06-29T06:03:18.525149,2026-06-28T20:03:18.898125+00:00,92.6,200,ask,,,11487211
2026-06-29T06:03:19.831515,2026-06-28T20:03:20.205678+00:00,92.6,200,bid,,,11487230
2026-06-29T06:03:22.395457,2026-06-28T20:03:22.778448+00:00,92.7,1,bid,,,11487276
2026-06-29T06:03:22.395457,2026-06-28T20:03:22.778448+00:00,92.8,199,bid,,,11487277
2026-06-29T06:03:22.600848,2026-06-28T20:03:22.976448+00:00,92.7,25,bid,,,11487289
2026-06-29T06:03:22.810385,2026-06-28T20:03:23.185439+00:00,92.7,20,bid,,,11487292
2026-06-29T06:03:23.608428,2026-06-28T20:03:23.977448+00:00,92.7,200,bid,,,11487311
2026-06-29T06:03:24.824445,2026-06-28T20:03:25.198439+00:00,92.7,200,ask,,,11487336
2026-06-29T06:03:26.043119,2026-06-28T20:03:26.418007+00:00,92.7,200,ask,,,11487360
2026-06-29T06:03:27.256235,2026-06-28T20:03:27.628016+00:00,92.6,200,ask,,,11487384
2026-06-29T06:03:27.830201,2026-06-28T20:03:28.210134+00:00,92.7,25,bid,,,11487404
2026-06-29T06:03:28.042626,2026-06-28T20:03:28.419133+00:00,92.7,24,bid,,,11487408
2026-06-29T06:03:32.502207,2026-06-28T20:03:32.872910+00:00,92.8,1,bid,,,11487491
2026-06-29T06:03:32.627452,2026-06-28T20:03:33.004902+00:00,92.8,1,bid,,,11487495
2026-06-29T06:03:33.311068,2026-06-28T20:03:33.686901+00:00,92.8,200,ask,,,11487515
2026-06-29T06:03:34.520169,2026-06-28T20:03:34.896443+00:00,92.8,200,ask,,,11487550
2026-06-29T06:03:36.938209,2026-06-28T20:03:37.316013+00:00,92.7,200,ask,,,11487603
2026-06-29T06:03:38.175649,2026-06-28T20:03:38.547262+00:00,92.7,200,ask,,,11487619
2026-06-29T06:03:38.267947,2026-06-28T20:03:38.646262+00:00,92.7,25,bid,,,11487621
2026-06-29T06:03:40.791862,2026-06-28T20:03:41.165291+00:00,92.7,200,bid,,,11487667
2026-06-29T06:03:41.769108,2026-06-28T20:03:42.143797+00:00,92.7,200,ask,,,11487697
2026-06-29T06:03:42.978901,2026-06-28T20:03:43.353539+00:00,92.6,1,ask,,,11487714
2026-06-29T06:03:44.886349,2026-06-28T20:03:45.254538+00:00,92.5,2,ask,,,11487755
2026-06-29T06:03:44.886349,2026-06-28T20:03:45.265539+00:00,92.5,23,ask,,,11487756
2026-06-29T06:03:45.096875,2026-06-28T20:03:45.474547+00:00,92.5,25,ask,,,11487760
2026-06-29T06:03:45.311953,2026-06-28T20:03:45.694538+00:00,92.5,25,ask,,,11487767
2026-06-29T06:03:45.524204,2026-06-28T20:03:45.903547+00:00,92.6,2,ask,,,11487774
2026-06-29T06:03:45.733150,2026-06-28T20:03:46.112567+00:00,92.6,2,ask,,,11487779
2026-06-29T06:03:45.947085,2026-06-28T20:03:46.321567+00:00,92.5,25,ask,,,11487783
2026-06-29T06:03:47.822365,2026-06-28T20:03:48.201689+00:00,92.6,200,bid,,,11487804
2026-06-29T06:03:47.959592,2026-06-28T20:03:48.333690+00:00,92.5,2,ask,,,11487809
2026-06-29T06:03:48.171073,2026-06-28T20:03:48.542195+00:00,92.5,1,ask,,,11487815
2026-06-29T06:03:48.379844,2026-06-28T20:03:48.751195+00:00,92.5,1,ask,,,11487819
2026-06-29T06:03:48.589620,2026-06-28T20:03:48.960204+00:00,92.5,1,ask,,,11487823
2026-06-29T06:03:53.919270,2026-06-28T20:03:54.292573+00:00,92.6,200,ask,,,11487952
2026-06-29T06:03:55.074513,2026-06-28T20:03:55.447464+00:00,92.6,200,bid,,,11487982
2026-06-29T06:03:55.600850,2026-06-28T20:03:55.975465+00:00,92.5,1,ask,,,11487996
2026-06-29T06:03:55.600850,2026-06-28T20:03:55.975465+00:00,92.5,1,ask,,,11487997
2026-06-29T06:03:55.600850,2026-06-28T20:03:55.975465+00:00,92.5,18,ask,,,11487998
2026-06-29T06:03:56.881070,2026-06-28T20:03:57.250374+00:00,92.5,5,ask,,,11488017
2026-06-29T06:03:56.881070,2026-06-28T20:03:57.261256+00:00,92.5,1,ask,,,11488018
2026-06-29T06:03:57.182771,2026-06-28T20:03:57.558374+00:00,92.5,4,ask,,,11488023
2026-06-29T06:03:57.496811,2026-06-28T20:03:57.877369+00:00,92.5,4,ask,,,11488034
2026-06-29T06:03:57.496811,2026-06-28T20:03:57.877369+00:00,92.5,196,ask,,,11488035
2026-06-29T06:03:58.705297,2026-06-28T20:03:59.076488+00:00,92.6,200,ask,,,11488081
2026-06-29T06:03:59.204675,2026-06-28T20:03:59.582488+00:00,92.7,500,bid,,,11488083
2026-06-29T06:03:59.226131,2026-06-28T20:03:59.604489+00:00,92.5,4,ask,,,11488086
2026-06-29T06:03:59.226131,2026-06-28T20:03:59.604489+00:00,92.5,4,ask,,,11488087
2026-06-29T06:03:59.772164,2026-06-28T20:04:00.143370+00:00,92.5,20,ask,,,11488093
2026-06-29T06:03:59.802919,2026-06-28T20:04:00.176370+00:00,92.7,125,bid,,,11488096
2026-06-29T06:04:02.376199,2026-06-28T20:04:02.750315+00:00,92.8,20,bid,,,11488161
2026-06-29T06:04:02.682479,2026-06-28T20:04:03.057210+00:00,92.8,20,bid,,,11488164
2026-06-29T06:04:04.945953,2026-06-28T20:04:05.323210+00:00,92.8,20,ask,,,11488207
2026-06-29T06:04:05.725861,2026-06-28T20:04:06.103767+00:00,92.9,1,bid,,,11488223
2026-06-29T06:04:05.725861,2026-06-28T20:04:06.103767+00:00,92.9,200,bid,,,11488224
2026-06-29T06:04:07.165250,2026-06-28T20:04:07.544770+00:00,92.9,200,ask,,,11488264
2026-06-29T06:04:09.570341,2026-06-28T20:04:09.941385+00:00,92.8,20,ask,,,11488313
2026-06-29T06:04:09.580595,2026-06-28T20:04:09.952385+00:00,93.0,4,bid,,,11488314
2026-06-29T06:04:09.580595,2026-06-28T20:04:09.952385+00:00,93.0,196,bid,,,11488315
2026-06-29T06:04:10.973111,2026-06-28T20:04:11.348396+00:00,92.9,200,ask,,,11488345
2026-06-29T06:04:11.931761,2026-06-28T20:04:12.304098+00:00,92.9,425,bid,,,11488373
2026-06-29T06:04:11.998507,2026-06-28T20:04:12.370099+00:00,92.9,75,ask,,,11488376
2026-06-29T06:04:12.281271,2026-06-28T20:04:12.655217+00:00,92.9,125,bid,,,11488382
2026-06-29T06:04:12.281271,2026-06-28T20:04:12.655217+00:00,93.1,1,bid,,,11488383
2026-06-29T06:04:12.863178,2026-06-28T20:04:13.236297+00:00,93.1,2,ask,,,11488398
2026-06-29T06:04:12.998399,2026-06-28T20:04:13.368416+00:00,93.3,20,bid,,,11488400
2026-06-29T06:04:13.206309,2026-06-28T20:04:13.577416+00:00,93.1,200,ask,,,11488402
2026-06-29T06:04:16.218519,2026-06-28T20:04:16.588872+00:00,93.0,3,bid,,,11488461
2026-06-29T06:04:17.530465,2026-06-28T20:04:17.908120+00:00,93.1,1,bid,,,11488488
2026-06-29T06:04:17.530465,2026-06-28T20:04:17.908120+00:00,93.1,200,bid,,,11488489
2026-06-29T06:04:18.050039,2026-06-28T20:04:18.425229+00:00,93.1,200,ask,,,11488503
2026-06-29T06:04:20.152168,2026-06-28T20:04:20.524633+00:00,93.0,1,ask,,,11488535
2026-06-29T06:04:20.152168,2026-06-28T20:04:20.524633+00:00,93.0,200,ask,,,11488536
2026-06-29T06:04:20.465551,2026-06-28T20:04:20.843633+00:00,93.0,200,bid,,,11488544
2026-06-29T06:04:21.674366,2026-06-28T20:04:22.053740+00:00,92.9,200,ask,,,11488560
2026-06-29T06:04:22.771708,2026-06-28T20:04:23.142363+00:00,92.9,500,ask,,,11488584
2026-06-29T06:04:22.826651,2026-06-28T20:04:23.197363+00:00,92.9,125,bid,,,11488585
2026-06-29T06:04:22.885146,2026-06-28T20:04:23.263363+00:00,92.9,200,ask,,,11488590
2026-06-29T06:04:24.094274,2026-06-28T20:04:24.472363+00:00,93.1,1,bid,,,11488615
2026-06-29T06:04:25.307855,2026-06-28T20:04:25.681883+00:00,93.2,200,bid,,,11488632
2026-06-29T06:04:25.392104,2026-06-28T20:04:25.769882+00:00,93.2,1,bid,,,11488637
2026-06-29T06:04:26.519059,2026-06-28T20:04:26.902473+00:00,93.3,1,bid,,,11488660
2026-06-29T06:04:26.519059,2026-06-28T20:04:26.902473+00:00,93.3,199,bid,,,11488661
2026-06-29T06:04:28.938256,2026-06-28T20:04:29.310742+00:00,93.2,200,ask,,,11488704
2026-06-29T06:04:29.180537,2026-06-28T20:04:29.552751+00:00,93.3,2,bid,,,11488709
2026-06-29T06:04:34.774193,2026-06-28T20:04:35.150270+00:00,93.3,20,bid,,,11488803
2026-06-29T06:04:38.513242,2026-06-28T20:04:38.887838+00:00,93.3,1,bid,,,11488865
2026-06-29T06:04:39.802849,2026-06-28T20:04:40.174847+00:00,93.3,500,ask,,,11488886
2026-06-29T06:04:39.832918,2026-06-28T20:04:40.207847+00:00,93.3,200,ask,,,11488890
2026-06-29T06:04:39.932906,2026-06-28T20:04:40.306847+00:00,93.3,25,bid,,,11488894
2026-06-29T06:04:40.142533,2026-06-28T20:04:40.515374+00:00,93.3,25,bid,,,11488902
2026-06-29T06:04:40.351836,2026-06-28T20:04:40.724374+00:00,93.3,25,bid,,,11488905
2026-06-29T06:04:40.453506,2026-06-28T20:04:40.823374+00:00,93.1,20,ask,,,11488907
2026-06-29T06:04:40.562768,2026-06-28T20:04:40.933365+00:00,93.3,25,bid,,,11488910
2026-06-29T06:04:40.776837,2026-06-28T20:04:41.153374+00:00,93.3,25,bid,,,11488917
2026-06-29T06:04:40.986655,2026-06-28T20:04:41.362374+00:00,93.3,14,bid,,,11488919
2026-06-29T06:04:42.285378,2026-06-28T20:04:42.660364+00:00,93.2,200,ask,,,11488946
2026-06-29T06:04:42.457579,2026-06-28T20:04:42.835708+00:00,93.1,8,ask,,,11488950
2026-06-29T06:04:44.999651,2026-06-28T20:04:45.374352+00:00,93.0,7,ask,,,11488986
2026-06-29T06:04:44.999651,2026-06-28T20:04:45.374352+00:00,93.0,18,ask,,,11488987
2026-06-29T06:04:45.210490,2026-06-28T20:04:45.583343+00:00,93.0,25,ask,,,11488995
2026-06-29T06:04:45.419725,2026-06-28T20:04:45.792352+00:00,93.0,25,ask,,,11489002
2026-06-29T06:04:45.629220,2026-06-28T20:04:46.001352+00:00,93.0,25,ask,,,11489004
2026-06-29T06:04:45.837760,2026-06-28T20:04:46.209949+00:00,93.0,25,ask,,,11489006
2026-06-29T06:04:48.603013,2026-06-28T20:04:48.981527+00:00,93.2,20,bid,,,11489068
2026-06-29T06:04:49.530501,2026-06-28T20:04:49.905528+00:00,93.2,200,bid,,,11489086
2026-06-29T06:04:50.741526,2026-06-28T20:04:51.115528+00:00,93.1,200,bid,,,11489107
2026-06-29T06:04:51.958381,2026-06-28T20:04:52.336528+00:00,93.1,200,ask,,,11489137
2026-06-29T06:04:52.942337,2026-06-28T20:04:53.314072+00:00,93.1,500,ask,,,11489158
2026-06-29T06:04:52.942337,2026-06-28T20:04:53.314072+00:00,93.0,2,ask,,,11489159
2026-06-29T06:04:53.112607,2026-06-28T20:04:53.490072+00:00,93.0,123,bid,,,11489165
2026-06-29T06:04:54.250690,2026-06-28T20:04:54.623005+00:00,93.1,200,bid,,,11489187
2026-06-29T06:04:54.396375,2026-06-28T20:04:54.777004+00:00,93.1,200,ask,,,11489194
2026-06-29T06:04:55.593588,2026-06-28T20:04:55.964641+00:00,93.1,500,ask,,,11489210
2026-06-29T06:04:55.605525,2026-06-28T20:04:55.975523+00:00,93.1,125,bid,,,11489212
2026-06-29T06:04:56.899879,2026-06-28T20:04:57.272416+00:00,93.3,200,bid,,,11489229
2026-06-29T06:04:56.899879,2026-06-28T20:04:57.272416+00:00,93.4,2,bid,,,11489230
2026-06-29T06:04:57.496938,2026-06-28T20:04:57.875571+00:00,93.4,4,ask,,,11489242
2026-06-29T06:04:58.029881,2026-06-28T20:04:58.403571+00:00,93.4,200,ask,,,11489252
2026-06-29T06:04:58.701203,2026-06-28T20:04:59.074681+00:00,93.3,20,ask,,,11489270
2026-06-29T06:04:59.651219,2026-06-28T20:05:00.030570+00:00,93.5,6,bid,,,11489290
2026-06-29T06:04:59.651219,2026-06-28T20:05:00.030570+00:00,93.5,14,bid,,,11489291
2026-06-29T06:05:00.451349,2026-06-28T20:05:00.822582+00:00,93.4,200,ask,,,11489305
2026-06-29T06:05:00.472153,2026-06-28T20:05:00.844582+00:00,93.5,20,bid,,,11489308
2026-06-29T06:05:02.150498,2026-06-28T20:05:02.526700+00:00,93.3,200,ask,,,11489339
2026-06-29T06:05:02.867365,2026-06-28T20:05:03.241182+00:00,93.3,200,bid,,,11489351
2026-06-29T06:05:04.624941,2026-06-28T20:05:05.012130+00:00,93.3,500,bid,,,11489369
2026-06-29T06:05:04.773593,2026-06-28T20:05:05.144155+00:00,93.3,200,bid,,,11489376
2026-06-29T06:05:06.083863,2026-06-28T20:05:06.455607+00:00,93.3,200,ask,,,11489399
2026-06-29T06:05:08.707234,2026-06-28T20:05:09.081313+00:00,93.3,200,bid,,,11489469
2026-06-29T06:05:09.604842,2026-06-28T20:05:09.983313+00:00,93.4,20,ask,,,11489490
2026-06-29T06:05:10.017478,2026-06-28T20:05:10.390322+00:00,93.5,2,bid,,,11489500
2026-06-29T06:05:10.017478,2026-06-28T20:05:10.390322+00:00,93.5,200,bid,,,11489501
2026-06-29T06:05:10.111767,2026-06-28T20:05:10.489322+00:00,93.6,200,ask,,,11489503
2026-06-29T06:05:10.137568,2026-06-28T20:05:10.511322+00:00,93.6,1,ask,,,11489506
2026-06-29T06:05:11.323210,2026-06-28T20:05:11.698314+00:00,93.6,200,ask,,,11489525
2026-06-29T06:05:11.335634,2026-06-28T20:05:11.709432+00:00,93.4,200,ask,,,11489528
2026-06-29T06:05:11.962019,2026-06-28T20:05:12.335856+00:00,93.3,1,ask,,,11489543
2026-06-29T06:05:12.527415,2026-06-28T20:05:12.896399+00:00,93.4,200,bid,,,11489547
2026-06-29T06:05:12.642031,2026-06-28T20:05:13.017399+00:00,93.5,3,bid,,,11489549
2026-06-29T06:05:12.642031,2026-06-28T20:05:13.017399+00:00,93.6,200,bid,,,11489550
2026-06-29T06:05:13.373213,2026-06-28T20:05:13.743408+00:00,93.6,2,ask,,,11489564
2026-06-29T06:05:13.736214,2026-06-28T20:05:14.106408+00:00,93.6,200,ask,,,11489568
2026-06-29T06:05:14.386688,2026-06-28T20:05:14.766408+00:00,93.3,1,ask,,,11489588
2026-06-29T06:05:15.263525,2026-06-28T20:05:15.635399+00:00,93.4,200,ask,,,11489610
2026-06-29T06:05:15.263525,2026-06-28T20:05:15.635399+00:00,93.3,425,ask,,,11489611
2026-06-29T06:05:16.162194,2026-06-28T20:05:16.536955+00:00,93.3,200,ask,,,11489629
2026-06-29T06:05:17.377112,2026-06-28T20:05:17.746260+00:00,93.4,200,ask,,,11489648
2026-06-29T06:05:19.179742,2026-06-28T20:05:19.559903+00:00,93.4,20,ask,,,11489679
2026-06-29T06:05:19.604615,2026-06-28T20:05:19.977902+00:00,93.4,1,ask,,,11489685
2026-06-29T06:05:28.239589,2026-06-28T20:05:28.618864+00:00,93.4,200,bid,,,11489843
2026-06-29T06:05:28.383793,2026-06-28T20:05:28.761864+00:00,93.4,300,ask,,,11489854
2026-06-29T06:05:29.442894,2026-06-28T20:05:29.817864+00:00,93.4,325,bid,,,11489885
2026-06-29T06:05:29.689021,2026-06-28T20:05:30.059864+00:00,93.5,200,bid,,,11489890
2026-06-29T06:05:30.100817,2026-06-28T20:05:30.477884+00:00,93.6,1,bid,,,11489904
2026-06-29T06:05:30.100817,2026-06-28T20:05:30.477884+00:00,93.6,19,bid,,,11489905
2026-06-29T06:05:30.707798,2026-06-28T20:05:31.082884+00:00,93.5,200,ask,,,11489919
2026-06-29T06:05:30.999738,2026-06-28T20:05:31.368875+00:00,93.4,500,ask,,,11489935
2026-06-29T06:05:31.883912,2026-06-28T20:05:32.259395+00:00,93.4,125,bid,,,11489949
2026-06-29T06:05:34.335631,2026-06-28T20:05:34.710213+00:00,93.6,200,ask,,,11489975
2026-06-29T06:05:35.542780,2026-06-28T20:05:35.920103+00:00,93.6,200,ask,,,11489991
2026-06-29T06:05:36.706923,2026-06-28T20:05:37.084743+00:00,93.5,500,bid,,,11490006
2026-06-29T06:05:36.749013,2026-06-28T20:05:37.128743+00:00,93.5,125,bid,,,11490009
2026-06-29T06:05:36.754231,2026-06-28T20:05:37.128743+00:00,93.6,75,ask,,,11490010
2026-06-29T06:05:37.544235,2026-06-28T20:05:37.920272+00:00,93.7,14,bid,,,11490022
2026-06-29T06:05:37.986499,2026-06-28T20:05:38.360183+00:00,93.7,200,ask,,,11490035
2026-06-29T06:05:39.194888,2026-06-28T20:05:39.569183+00:00,93.9,200,bid,,,11490065
2026-06-29T06:05:41.480147,2026-06-28T20:05:41.857192+00:00,93.8,200,ask,,,11490112
2026-06-29T06:05:41.621610,2026-06-28T20:05:42.000192+00:00,93.8,200,bid,,,11490120
2026-06-29T06:05:44.787660,2026-06-28T20:05:45.167297+00:00,93.7,20,ask,,,11490181
2026-06-29T06:05:47.675041,2026-06-28T20:05:48.048088+00:00,93.7,200,ask,,,11490230
2026-06-29T06:05:49.371241,2026-06-28T20:05:49.741598+00:00,93.6,500,ask,,,11490260
2026-06-29T06:05:49.371241,2026-06-28T20:05:49.741598+00:00,93.5,6,ask,,,11490261
2026-06-29T06:05:49.371241,2026-06-28T20:05:49.752598+00:00,93.5,119,ask,,,11490262
2026-06-29T06:05:50.687409,2026-06-28T20:05:51.061607+00:00,93.6,200,bid,,,11490295
2026-06-29T06:05:51.282640,2026-06-28T20:05:51.666598+00:00,93.8,1,ask,,,11490315
2026-06-29T06:05:51.307443,2026-06-28T20:05:51.688598+00:00,93.8,200,ask,,,11490318
2026-06-29T06:05:53.732413,2026-06-28T20:05:54.107880+00:00,93.6,200,ask,,,11490365
2026-06-29T06:05:55.661384,2026-06-28T20:05:56.032900+00:00,93.7,20,bid,,,11490403
2026-06-29T06:05:55.947970,2026-06-28T20:05:56.317991+00:00,93.6,200,ask,,,11490405
2026-06-29T06:05:58.595052,2026-06-28T20:05:58.968165+00:00,93.6,200,bid,,,11490462
2026-06-29T06:06:05.558696,2026-06-28T20:06:05.928545+00:00,93.9,1,bid,,,11490606
2026-06-29T06:06:05.558696,2026-06-28T20:06:05.939544+00:00,93.9,19,bid,,,11490607
2026-06-29T06:06:06.324686,2026-06-28T20:06:06.698101+00:00,93.7,3,ask,,,11490624
2026-06-29T06:06:08.266830,2026-06-28T20:06:08.644363+00:00,93.9,200,bid,,,11490660
2026-06-29T06:06:09.473372,2026-06-28T20:06:09.852872+00:00,93.8,200,bid,,,11490680
2026-06-29T06:06:10.365360,2026-06-28T20:06:10.743881+00:00,93.8,500,bid,,,11490701
2026-06-29T06:06:10.633748,2026-06-28T20:06:11.007872+00:00,93.8,125,ask,,,11490705
2026-06-29T06:06:11.675891,2026-06-28T20:06:12.052980+00:00,93.7,200,ask,,,11490727
2026-06-29T06:06:11.675891,2026-06-28T20:06:12.052980+00:00,93.5,2,ask,,,11490728
2026-06-29T06:06:11.886722,2026-06-28T20:06:12.261991+00:00,93.5,200,bid,,,11490733
2026-06-29T06:06:13.095009,2026-06-28T20:06:13.470302+00:00,93.5,200,bid,,,11490750
2026-06-29T06:06:14.346442,2026-06-28T20:06:14.722411+00:00,93.5,200,ask,,,11490771
2026-06-29T06:06:14.346442,2026-06-28T20:06:14.722411+00:00,93.4,6,ask,,,11490772
2026-06-29T06:06:14.554365,2026-06-28T20:06:14.931306+00:00,93.3,25,bid,,,11490780
2026-06-29T06:06:14.763030,2026-06-28T20:06:15.139425+00:00,93.3,25,bid,,,11490788
2026-06-29T06:06:14.973342,2026-06-28T20:06:15.348425+00:00,93.3,25,bid,,,11490800
2026-06-29T06:06:15.184155,2026-06-28T20:06:15.568315+00:00,93.3,25,bid,,,11490805
2026-06-29T06:06:15.393492,2026-06-28T20:06:15.766315+00:00,93.3,25,bid,,,11490807
2026-06-29T06:06:15.542363,2026-06-28T20:06:15.920307+00:00,93.3,200,bid,,,11490811
2026-06-29T06:06:15.603369,2026-06-28T20:06:15.975306+00:00,93.3,25,bid,,,11490815
2026-06-29T06:06:16.609947,2026-06-28T20:06:16.986844+00:00,93.3,25,ask,,,11490833
2026-06-29T06:06:16.821688,2026-06-28T20:06:17.195844+00:00,93.3,25,ask,,,11490838
2026-06-29T06:06:17.031739,2026-06-28T20:06:17.404844+00:00,93.4,25,ask,,,11490847
2026-06-29T06:06:18.299544,2026-06-28T20:06:18.669067+00:00,93.4,2,ask,,,11490879
2026-06-29T06:06:18.299544,2026-06-28T20:06:18.680067+00:00,93.3,200,ask,,,11490880
2026-06-29T06:06:18.512176,2026-06-28T20:06:18.889067+00:00,93.3,423,bid,,,11490887
2026-06-29T06:06:19.168481,2026-06-28T20:06:19.549177+00:00,93.3,200,ask,,,11490897
2026-06-29T06:06:20.380585,2026-06-28T20:06:20.759177+00:00,93.5,200,ask,,,11490919
2026-06-29T06:06:25.223613,2026-06-28T20:06:25.596196+00:00,93.6,200,ask,,,11491000
2026-06-29T06:06:26.063993,2026-06-28T20:06:26.442740+00:00,93.8,25,bid,,,11491016
2026-06-29T06:06:26.273471,2026-06-28T20:06:26.651749+00:00,93.7,25,bid,,,11491029
2026-06-29T06:06:30.098867,2026-06-28T20:06:30.479267+00:00,93.6,200,bid,,,11491118
2026-06-29T06:06:30.115071,2026-06-28T20:06:30.490257+00:00,93.5,1,ask,,,11491119
2026-06-29T06:06:30.752180,2026-06-28T20:06:31.128258+00:00,93.5,20,bid,,,11491134
2026-06-29T06:06:32.493947,2026-06-28T20:06:32.864944+00:00,93.5,25,bid,,,11491177
2026-06-29T06:06:32.702972,2026-06-28T20:06:33.084944+00:00,93.5,25,bid,,,11491187
2026-06-29T06:06:32.752801,2026-06-28T20:06:33.128944+00:00,93.4,2,ask,,,11491191
2026-06-29T06:06:32.752801,2026-06-28T20:06:33.128944+00:00,93.4,500,ask,,,11491192
2026-06-29T06:06:32.752801,2026-06-28T20:06:33.128944+00:00,93.4,123,ask,,,11491193
2026-06-29T06:06:33.737653,2026-06-28T20:06:34.108062+00:00,93.5,6,ask,,,11491210
2026-06-29T06:06:34.062537,2026-06-28T20:06:34.437062+00:00,93.5,194,bid,,,11491220
2026-06-29T06:06:34.944384,2026-06-28T20:06:35.328074+00:00,93.6,200,ask,,,11491236
2026-06-29T06:06:35.371850,2026-06-28T20:06:35.746083+00:00,93.4,1,ask,,,11491244
2026-06-29T06:06:35.371850,2026-06-28T20:06:35.746083+00:00,93.4,7,ask,,,11491245
2026-06-29T06:06:35.371850,2026-06-28T20:06:35.746083+00:00,93.4,500,ask,,,11491246
2026-06-29T06:06:35.473440,2026-06-28T20:06:35.845082+00:00,93.4,117,bid,,,11491251
2026-06-29T06:06:35.750746,2026-06-28T20:06:36.130636+00:00,93.9,1,bid,,,11491256
2026-06-29T06:06:35.750746,2026-06-28T20:06:36.130636+00:00,94.0,1,bid,,,11491257
2026-06-29T06:06:35.750746,2026-06-28T20:06:36.130636+00:00,94.0,18,bid,,,11491258
2026-06-29T06:06:36.236387,2026-06-28T20:06:36.614647+00:00,93.6,20,bid,,,11491265
2026-06-29T06:06:37.363997,2026-06-28T20:06:37.735385+00:00,93.5,4,ask,,,11491287
2026-06-29T06:06:37.363997,2026-06-28T20:06:37.735385+00:00,93.5,196,ask,,,11491288
2026-06-29T06:06:38.019975,2026-06-28T20:06:38.395384+00:00,93.5,500,ask,,,11491294
2026-06-29T06:06:38.512808,2026-06-28T20:06:38.890384+00:00,93.5,125,bid,,,11491306
2026-06-29T06:06:38.573991,2026-06-28T20:06:38.945393+00:00,93.5,200,ask,,,11491308
2026-06-29T06:06:39.782293,2026-06-28T20:06:40.155393+00:00,93.7,200,ask,,,11491331
2026-06-29T06:06:44.608540,2026-06-28T20:06:44.982593+00:00,93.8,4,bid,,,11491440
2026-06-29T06:06:44.608540,2026-06-28T20:06:44.982593+00:00,93.9,1,bid,,,11491441
2026-06-29T06:06:44.608540,2026-06-28T20:06:44.982593+00:00,93.9,195,bid,,,11491442
2026-06-29T06:06:45.876061,2026-06-28T20:06:46.247044+00:00,94.0,200,bid,,,11491471
2026-06-29T06:06:45.931280,2026-06-28T20:06:46.302044+00:00,94.0,25,ask,,,11491475
2026-06-29T06:06:46.140260,2026-06-28T20:06:46.511035+00:00,94.0,25,ask,,,11491489
2026-06-29T06:06:46.350682,2026-06-28T20:06:46.731043+00:00,94.0,25,ask,,,11491497
2026-06-29T06:06:46.559617,2026-06-28T20:06:46.929044+00:00,94.0,25,ask,,,11491505
2026-06-29T06:06:46.768176,2026-06-28T20:06:47.138035+00:00,94.0,25,ask,,,11491508
2026-06-29T06:06:47.004284,2026-06-28T20:06:47.380035+00:00,94.0,25,ask,,,11491511
2026-06-29T06:06:47.213242,2026-06-28T20:06:47.589035+00:00,94.0,1,ask,,,11491522
2026-06-29T06:06:48.241821,2026-06-28T20:06:48.611302+00:00,94.1,1,bid,,,11491542
2026-06-29T06:06:48.241821,2026-06-28T20:06:48.622302+00:00,94.1,4,bid,,,11491543
2026-06-29T06:06:48.241821,2026-06-28T20:06:48.622302+00:00,94.1,20,bid,,,11491544
2026-06-29T06:06:48.246391,2026-06-28T20:06:48.622302+00:00,94.0,200,ask,,,11491545
2026-06-29T06:06:48.455995,2026-06-28T20:06:48.830421+00:00,94.1,24,bid,,,11491548
2026-06-29T06:06:49.454033,2026-06-28T20:06:49.831311+00:00,94.0,200,ask,,,11491568
2026-06-29T06:06:50.664380,2026-06-28T20:06:51.041279+00:00,93.9,200,bid,,,11491598
2026-06-29T06:06:51.874727,2026-06-28T20:06:52.251279+00:00,93.8,200,ask,,,11491619
2026-06-29T06:06:52.431888,2026-06-28T20:06:52.809688+00:00,93.7,8,ask,,,11491636
2026-06-29T06:06:52.431888,2026-06-28T20:06:52.809688+00:00,93.7,200,ask,,,11491637
2026-06-29T06:06:52.450493,2026-06-28T20:06:52.831688+00:00,93.7,417,bid,,,11491638
2026-06-29T06:06:53.738132,2026-06-28T20:06:54.118688+00:00,93.8,200,bid,,,11491665
2026-06-29T06:06:56.721896,2026-06-28T20:06:57.099481+00:00,93.9,200,bid,,,11491714
2026-06-29T06:06:57.877473,2026-06-28T20:06:58.253111+00:00,93.8,25,ask,,,11491744
2026-06-29T06:06:57.929852,2026-06-28T20:06:58.308111+00:00,94.0,2,bid,,,11491747
2026-06-29T06:06:57.929852,2026-06-28T20:06:58.308111+00:00,94.0,198,bid,,,11491748
2026-06-29T06:06:58.115897,2026-06-28T20:06:58.495111+00:00,93.8,25,ask,,,11491759
2026-06-29T06:06:59.331587,2026-06-28T20:06:59.705102+00:00,93.9,20,ask,,,11491794
2026-06-29T06:07:01.571519,2026-06-28T20:07:01.948131+00:00,93.8,200,ask,,,11491845
2026-06-29T06:07:04.711703,2026-06-28T20:07:05.091734+00:00,94.0,20,bid,,,11491897
2026-06-29T06:07:05.566937,2026-06-28T20:07:05.949644+00:00,94.0,200,bid,,,11491913
2026-06-29T06:07:06.878559,2026-06-28T20:07:07.258665+00:00,94.0,200,ask,,,11491938
2026-06-29T06:07:10.033011,2026-06-28T20:07:10.402680+00:00,94.0,200,bid,,,11492010
2026-06-29T06:07:12.146724,2026-06-28T20:07:12.523811+00:00,93.8,200,ask,,,11492046
2026-06-29T06:07:12.452593,2026-06-28T20:07:12.830834+00:00,93.7,6,ask,,,11492058
2026-06-29T06:07:12.452593,2026-06-28T20:07:12.830834+00:00,93.7,1,ask,,,11492059
2026-06-29T06:07:12.452593,2026-06-28T20:07:12.830834+00:00,93.6,193,ask,,,11492060
2026-06-29T06:07:13.455599,2026-06-28T20:07:13.831834+00:00,93.7,11,ask,,,11492068
2026-06-29T06:07:13.668330,2026-06-28T20:07:14.040834+00:00,93.6,1,ask,,,11492077
2026-06-29T06:07:13.668330,2026-06-28T20:07:14.040834+00:00,93.6,199,ask,,,11492078
2026-06-29T06:07:17.298584,2026-06-28T20:07:17.679602+00:00,93.6,10,ask,,,11492119
2026-06-29T06:07:17.298584,2026-06-28T20:07:17.679602+00:00,93.6,190,ask,,,11492120
2026-06-29T06:07:17.398817,2026-06-28T20:07:17.777820+00:00,93.6,310,ask,,,11492123
2026-06-29T06:07:17.850397,2026-06-28T20:07:18.228580+00:00,93.6,315,bid,,,11492132
2026-06-29T06:07:18.515018,2026-06-28T20:07:18.899461+00:00,93.7,8,ask,,,11492144
2026-06-29T06:07:18.708833,2026-06-28T20:07:19.086461+00:00,93.6,192,bid,,,11492151
2026-06-29T06:07:18.708833,2026-06-28T20:07:19.086461+00:00,93.9,1,bid,,,11492152
2026-06-29T06:07:19.723967,2026-06-28T20:07:20.098483+00:00,93.9,200,ask,,,11492170
2026-06-29T06:07:21.328687,2026-06-28T20:07:21.704474+00:00,93.8,200,ask,,,11492210
2026-06-29T06:07:24.554391,2026-06-28T20:07:24.937055+00:00,93.9,20,bid,,,11492265
2026-06-29T06:07:26.996614,2026-06-28T20:07:27.366105+00:00,93.8,200,ask,,,11492307
2026-06-29T06:07:27.492963,2026-06-28T20:07:27.871847+00:00,94.0,4,bid,,,11492317
2026-06-29T06:07:27.492963,2026-06-28T20:07:27.871847+00:00,94.0,1,bid,,,11492318
2026-06-29T06:07:27.492963,2026-06-28T20:07:27.871847+00:00,94.0,15,bid,,,11492319
2026-06-29T06:07:29.403544,2026-06-28T20:07:29.774866+00:00,94.0,7,bid,,,11492368
2026-06-29T06:07:29.403544,2026-06-28T20:07:29.774866+00:00,94.0,18,bid,,,11492369
2026-06-29T06:07:29.613932,2026-06-28T20:07:29.983866+00:00,94.0,18,bid,,,11492375
2026-06-29T06:07:30.625508,2026-06-28T20:07:30.995376+00:00,93.9,25,bid,,,11492399
2026-06-29T06:07:30.635501,2026-06-28T20:07:31.006376+00:00,93.9,200,bid,,,11492400
2026-06-29T06:07:30.834780,2026-06-28T20:07:31.226376+00:00,93.9,11,bid,,,11492409
2026-06-29T06:07:33.054462,2026-06-28T20:07:33.437498+00:00,93.9,200,bid,,,11492451
2026-06-29T06:07:33.125365,2026-06-28T20:07:33.503498+00:00,93.9,300,bid,,,11492456
2026-06-29T06:07:33.125365,2026-06-28T20:07:33.503498+00:00,94.0,9,bid,,,11492457
2026-06-29T06:07:33.243457,2026-06-28T20:07:33.613498+00:00,94.0,7,ask,,,11492464
2026-06-29T06:07:33.610824,2026-06-28T20:07:33.987507+00:00,94.0,309,ask,,,11492468
2026-06-29T06:07:34.267702,2026-06-28T20:07:34.646617+00:00,93.9,1,bid,,,11492475
2026-06-29T06:07:34.435975,2026-06-28T20:07:34.811617+00:00,93.9,199,ask,,,11492480
2026-06-29T06:07:35.742731,2026-06-28T20:07:36.119067+00:00,93.9,200,bid,,,11492515
2026-06-29T06:07:36.030513,2026-06-28T20:07:36.405161+00:00,93.9,425,ask,,,11492517
2026-06-29T06:07:36.680175,2026-06-28T20:07:37.054176+00:00,93.9,20,bid,,,11492533
2026-06-29T06:07:37.844671,2026-06-28T20:07:38.218445+00:00,93.8,200,ask,,,11492549
2026-06-29T06:07:37.905634,2026-06-28T20:07:38.284444+00:00,93.8,200,bid,,,11492556
2026-06-29T06:07:41.386093,2026-06-28T20:07:41.759972+00:00,93.8,20,bid,,,11492621
2026-06-29T06:07:41.487220,2026-06-28T20:07:41.858972+00:00,93.7,1,ask,,,11492626
2026-06-29T06:07:41.487220,2026-06-28T20:07:41.869972+00:00,93.7,499,ask,,,11492627
2026-06-29T06:07:42.081382,2026-06-28T20:07:42.452964+00:00,93.7,126,ask,,,11492637
2026-06-29T06:07:42.081382,2026-06-28T20:07:42.452964+00:00,93.7,200,ask,,,11492638
2026-06-29T06:07:42.081382,2026-06-28T20:07:42.463964+00:00,93.7,10,ask,,,11492639
2026-06-29T06:07:42.276399,2026-06-28T20:07:42.650972+00:00,93.7,2,bid,,,11492644
2026-06-29T06:07:42.485561,2026-06-28T20:07:42.859627+00:00,93.6,25,bid,,,11492647
2026-06-29T06:07:42.701776,2026-06-28T20:07:43.079626+00:00,93.6,25,bid,,,11492651
2026-06-29T06:07:42.738417,2026-06-28T20:07:43.112626+00:00,93.6,200,bid,,,11492655
2026-06-29T06:07:42.927180,2026-06-28T20:07:43.299617+00:00,93.6,25,bid,,,11492660
2026-06-29T06:07:43.138197,2026-06-28T20:07:43.508627+00:00,93.6,25,bid,,,11492667
2026-06-29T06:07:43.352214,2026-06-28T20:07:43.728626+00:00,93.6,1,bid,,,11492672
2026-06-29T06:07:43.945730,2026-06-28T20:07:44.322617+00:00,93.7,200,bid,,,11492685
2026-06-29T06:07:45.156555,2026-06-28T20:07:45.531627+00:00,93.7,200,bid,,,11492703
2026-06-29T06:07:45.164174,2026-06-28T20:07:45.542626+00:00,93.6,25,ask,,,11492704
2026-06-29T06:07:45.375620,2026-06-28T20:07:45.762627+00:00,93.6,25,ask,,,11492710
2026-06-29T06:07:45.585324,2026-06-28T20:07:45.960627+00:00,93.6,25,ask,,,11492721
2026-06-29T06:07:45.795841,2026-06-28T20:07:46.169190+00:00,93.6,25,ask,,,11492730
2026-06-29T06:07:46.004305,2026-06-28T20:07:46.378181+00:00,93.6,25,ask,,,11492740
2026-06-29T06:07:46.213495,2026-06-28T20:07:46.587191+00:00,93.6,25,ask,,,11492748
2026-06-29T06:07:46.250185,2026-06-28T20:07:46.631191+00:00,93.7,500,bid,,,11492750
2026-06-29T06:07:46.337303,2026-06-28T20:07:46.708191+00:00,93.7,125,ask,,,11492754
2026-06-29T06:07:46.368646,2026-06-28T20:07:46.741182+00:00,93.7,200,bid,,,11492756
2026-06-29T06:07:47.561129,2026-06-28T20:07:47.939666+00:00,93.5,2,ask,,,11492773
2026-06-29T06:07:47.584172,2026-06-28T20:07:47.961666+00:00,93.5,200,bid,,,11492776
2026-06-29T06:07:48.793722,2026-06-28T20:07:49.171666+00:00,93.5,200,bid,,,11492792
2026-06-29T06:07:48.872585,2026-06-28T20:07:49.248664+00:00,93.6,1,bid,,,11492797
2026-06-29T06:07:48.872585,2026-06-28T20:07:49.248664+00:00,93.6,500,bid,,,11492798
2026-06-29T06:07:49.353137,2026-06-28T20:07:49.732666+00:00,93.6,124,ask,,,11492809
2026-06-29T06:07:50.005831,2026-06-28T20:07:50.381657+00:00,93.5,200,bid,,,11492814
2026-06-29T06:07:51.218156,2026-06-28T20:07:51.591686+00:00,93.5,200,bid,,,11492837
2026-06-29T06:07:51.634309,2026-06-28T20:07:52.009686+00:00,93.3,1,ask,,,11492845
2026-06-29T06:07:51.634309,2026-06-28T20:07:52.009686+00:00,93.3,24,ask,,,11492846
2026-06-29T06:07:52.428590,2026-06-28T20:07:52.801252+00:00,93.5,200,bid,,,11492858
2026-06-29T06:07:52.705275,2026-06-28T20:07:53.076252+00:00,93.3,20,ask,,,11492866
2026-06-29T06:07:53.456110,2026-06-28T20:07:53.834880+00:00,93.5,20,bid,,,11492876
2026-06-29T06:07:53.604084,2026-06-28T20:07:53.977880+00:00,93.4,500,ask,,,11492880
2026-06-29T06:07:54.105337,2026-06-28T20:07:54.483761+00:00,93.5,200,ask,,,11492892
2026-06-29T06:07:54.844029,2026-06-28T20:07:55.219770+00:00,93.3,200,bid,,,11492912
2026-06-29T06:07:55.426734,2026-06-28T20:07:55.802761+00:00,93.5,500,bid,,,11492919
2026-06-29T06:07:56.011264,2026-06-28T20:07:56.385365+00:00,93.5,125,ask,,,11492940
2026-06-29T06:07:56.637691,2026-06-28T20:07:57.012356+00:00,93.4,200,ask,,,11492951
2026-06-29T06:07:56.736680,2026-06-28T20:07:57.111356+00:00,93.3,1,ask,,,11492956
2026-06-29T06:07:57.260806,2026-06-28T20:07:57.639356+00:00,93.2,200,bid,,,11492969
2026-06-29T06:07:58.467130,2026-06-28T20:07:58.837980+00:00,93.4,200,bid,,,11492992
2026-06-29T06:07:59.356649,2026-06-28T20:07:59.729031+00:00,93.4,500,bid,,,11493009
2026-06-29T06:07:59.648927,2026-06-28T20:08:00.026040+00:00,93.4,125,ask,,,11493021
2026-06-29T06:07:59.675960,2026-06-28T20:08:00.048039+00:00,93.3,4,ask,,,11493023
2026-06-29T06:07:59.675960,2026-06-28T20:08:00.048039+00:00,93.2,1,ask,,,11493024
2026-06-29T06:08:03.067933,2026-06-28T20:08:03.445376+00:00,93.2,20,bid,,,11493082
2026-06-29T06:08:03.333121,2026-06-28T20:08:03.708886+00:00,93.1,2,ask,,,11493092
2026-06-29T06:08:04.648653,2026-06-28T20:08:05.028894+00:00,93.1,200,ask,,,11493115
2026-06-29T06:08:05.771482,2026-06-28T20:08:06.150464+00:00,93.0,200,bid,,,11493129
2026-06-29T06:08:08.680681,2026-06-28T20:08:09.050591+00:00,93.0,2,ask,,,11493182
2026-06-29T06:08:09.408863,2026-06-28T20:08:09.787472+00:00,93.0,2,ask,,,11493195
2026-06-29T06:08:09.408863,2026-06-28T20:08:09.787472+00:00,92.9,1,ask,,,11493196
2026-06-29T06:08:09.408863,2026-06-28T20:08:09.787472+00:00,92.9,197,ask,,,11493197
2026-06-29T06:08:11.829535,2026-06-28T20:08:12.207590+00:00,93.0,4,ask,,,11493240
2026-06-29T06:08:11.829535,2026-06-28T20:08:12.207590+00:00,93.0,196,ask,,,11493241
2026-06-29T06:08:13.037097,2026-06-28T20:08:13.416762+00:00,93.0,200,ask,,,11493265
2026-06-29T06:08:13.213900,2026-06-28T20:08:13.592761+00:00,93.2,20,bid,,,11493270
2026-06-29T06:08:14.243774,2026-06-28T20:08:14.615281+00:00,93.1,200,bid,,,11493295
2026-06-29T06:08:21.686618,2026-06-28T20:08:22.068275+00:00,93.0,1,ask,,,11493412
2026-06-29T06:08:21.686618,2026-06-28T20:08:22.068275+00:00,93.0,500,ask,,,11493413
2026-06-29T06:08:21.686618,2026-06-28T20:08:22.068275+00:00,92.9,1,ask,,,11493414
2026-06-29T06:08:21.686618,2026-06-28T20:08:22.068275+00:00,92.9,123,ask,,,11493415
2026-06-29T06:08:22.999275,2026-06-28T20:08:23.375321+00:00,93.1,200,bid,,,11493442
2026-06-29T06:08:22.999275,2026-06-28T20:08:23.375321+00:00,93.3,3,bid,,,11493443
2026-06-29T06:08:23.930118,2026-06-28T20:08:24.309854+00:00,93.3,200,ask,,,11493455
2026-06-29T06:08:24.310824,2026-06-28T20:08:24.694735+00:00,93.1,200,ask,,,11493462
2026-06-29T06:08:24.456732,2026-06-28T20:08:24.837744+00:00,93.1,425,bid,,,11493464
2026-06-29T06:08:25.616571,2026-06-28T20:08:25.991744+00:00,93.2,200,bid,,,11493489
2026-06-29T06:08:26.323931,2026-06-28T20:08:26.695219+00:00,93.2,1,ask,,,11493503
2026-06-29T06:08:26.500450,2026-06-28T20:08:26.871219+00:00,93.2,20,ask,,,11493512
2026-06-29T06:08:28.242328,2026-06-28T20:08:28.618452+00:00,93.2,200,ask,,,11493557
2026-06-29T06:08:30.861787,2026-06-28T20:08:31.234976+00:00,93.1,200,bid,,,11493592
2026-06-29T06:08:31.189928,2026-06-28T20:08:31.564985+00:00,93.1,200,ask,,,11493600
2026-06-29T06:08:31.394225,2026-06-28T20:08:31.773985+00:00,93.1,20,ask,,,11493603
2026-06-29T06:08:32.176811,2026-06-28T20:08:32.554985+00:00,93.0,8,ask,,,11493619
2026-06-29T06:08:33.488169,2026-06-28T20:08:33.863256+00:00,92.9,200,ask,,,11493638
2026-06-29T06:08:33.488169,2026-06-28T20:08:33.863256+00:00,92.9,8,ask,,,11493639
2026-06-29T06:08:33.577771,2026-06-28T20:08:33.951256+00:00,92.8,1,ask,,,11493644
2026-06-29T06:08:33.577771,2026-06-28T20:08:33.951256+00:00,92.8,19,ask,,,11493645
2026-06-29T06:08:34.824185,2026-06-28T20:08:35.203765+00:00,92.9,200,ask,,,11493665
2026-06-29T06:08:36.034501,2026-06-28T20:08:36.412435+00:00,92.9,200,ask,,,11493682
2026-06-29T06:08:37.428835,2026-06-28T20:08:37.808744+00:00,92.8,200,bid,,,11493707
2026-06-29T06:08:38.449299,2026-06-28T20:08:38.831277+00:00,92.9,4,ask,,,11493716
2026-06-29T06:08:38.879958,2026-06-28T20:08:39.260268+00:00,92.8,20,bid,,,11493720
2026-06-29T06:08:39.004313,2026-06-28T20:08:39.381268+00:00,92.8,500,bid,,,11493721
2026-06-29T06:08:39.598672,2026-06-28T20:08:39.975277+00:00,92.8,105,bid,,,11493730
2026-06-29T06:08:39.658053,2026-06-28T20:08:40.041277+00:00,92.8,200,ask,,,11493731
2026-06-29T06:08:40.865924,2026-06-28T20:08:41.240280+00:00,93.0,200,ask,,,11493755
2026-06-29T06:08:42.072964,2026-06-28T20:08:42.450290+00:00,92.9,3,ask,,,11493775
2026-06-29T06:08:42.072964,2026-06-28T20:08:42.450290+00:00,92.9,197,ask,,,11493776
2026-06-29T06:08:42.078134,2026-06-28T20:08:42.450290+00:00,92.9,20,ask,,,11493777
2026-06-29T06:08:43.280712,2026-06-28T20:08:43.659999+00:00,92.9,200,ask,,,11493800
2026-06-29T06:08:44.488560,2026-06-28T20:08:44.869990+00:00,92.9,6,ask,,,11493824
2026-06-29T06:08:44.488560,2026-06-28T20:08:44.869990+00:00,92.9,194,ask,,,11493825
2026-06-29T06:08:45.696595,2026-06-28T20:08:46.068565+00:00,92.8,6,ask,,,11493844
2026-06-29T06:08:45.696595,2026-06-28T20:08:46.068565+00:00,92.8,194,ask,,,11493845
2026-06-29T06:08:46.903701,2026-06-28T20:08:47.277025+00:00,92.8,4,ask,,,11493866
2026-06-29T06:08:46.903701,2026-06-28T20:08:47.277025+00:00,92.8,196,ask,,,11493867
2026-06-29T06:08:47.910152,2026-06-28T20:08:48.288701+00:00,92.8,500,ask,,,11493879
2026-06-29T06:08:48.064593,2026-06-28T20:08:48.442701+00:00,92.8,125,bid,,,11493882
2026-06-29T06:08:48.562838,2026-06-28T20:08:48.937710+00:00,92.9,20,bid,,,11493894
2026-06-29T06:08:49.216410,2026-06-28T20:08:49.586701+00:00,92.9,180,bid,,,11493909
2026-06-29T06:08:49.319332,2026-06-28T20:08:49.696701+00:00,93.0,200,ask,,,11493913
2026-06-29T06:08:51.420684,2026-06-28T20:08:51.797709+00:00,93.1,20,bid,,,11493948
2026-06-29T06:08:52.975882,2026-06-28T20:08:53.348375+00:00,93.1,200,bid,,,11493981
2026-06-29T06:08:54.185861,2026-06-28T20:08:54.558374+00:00,93.1,200,bid,,,11494009
2026-06-29T06:08:55.395035,2026-06-28T20:08:55.767396+00:00,93.1,200,bid,,,11494034
2026-06-29T06:08:56.603657,2026-06-28T20:08:56.975408+00:00,93.1,200,bid,,,11494057
2026-06-29T06:08:57.171613,2026-06-28T20:08:57.547408+00:00,93.0,500,ask,,,11494064
2026-06-29T06:08:57.767658,2026-06-28T20:08:58.140317+00:00,93.0,125,ask,,,11494076
2026-06-29T06:08:57.810077,2026-06-28T20:08:58.184318+00:00,93.0,200,bid,,,11494078
2026-06-29T06:08:59.583524,2026-06-28T20:08:59.955318+00:00,92.9,500,ask,,,11494113
2026-06-29T06:08:59.718287,2026-06-28T20:09:00.098208+00:00,92.9,200,ask,,,11494121
2026-06-29T06:08:59.718287,2026-06-28T20:09:00.098208+00:00,92.8,1,ask,,,11494122
2026-06-29T06:09:00.226326,2026-06-28T20:09:00.604212+00:00,92.8,200,bid,,,11494137
2026-06-29T06:09:00.680658,2026-06-28T20:09:01.055211+00:00,92.8,20,bid,,,11494140
2026-06-29T06:09:02.645017,2026-06-28T20:09:03.022496+00:00,92.9,200,bid,,,11494183
2026-06-29T06:09:07.626871,2026-06-28T20:09:08.002691+00:00,92.8,200,bid,,,11494300
2026-06-29T06:09:08.543648,2026-06-28T20:09:08.915690+00:00,92.9,20,bid,,,11494317
2026-06-29T06:09:08.739156,2026-06-28T20:09:09.113690+00:00,92.8,200,ask,,,11494320
2026-06-29T06:09:10.626257,2026-06-28T20:09:11.005711+00:00,92.8,25,bid,,,11494366
2026-06-29T06:09:10.807820,2026-06-28T20:09:11.181719+00:00,92.8,20,bid,,,11494367
2026-06-29T06:09:10.835200,2026-06-28T20:09:11.214718+00:00,92.8,25,bid,,,11494372
2026-06-29T06:09:14.249752,2026-06-28T20:09:14.624091+00:00,92.8,25,bid,,,11494445
2026-06-29T06:09:14.459909,2026-06-28T20:09:14.832624+00:00,92.8,25,bid,,,11494447
2026-06-29T06:09:14.668451,2026-06-28T20:09:15.041624+00:00,92.8,25,bid,,,11494451
2026-06-29T06:09:14.878769,2026-06-28T20:09:15.250624+00:00,92.8,25,bid,,,11494457
2026-06-29T06:09:15.441458,2026-06-28T20:09:15.811624+00:00,92.8,20,bid,,,11494468
2026-06-29T06:09:16.015695,2026-06-28T20:09:16.394185+00:00,92.7,200,ask,,,11494479
2026-06-29T06:09:16.891351,2026-06-28T20:09:17.274185+00:00,92.7,25,bid,,,11494506
2026-06-29T06:09:17.100545,2026-06-28T20:09:17.472185+00:00,92.7,25,bid,,,11494508
2026-06-29T06:09:18.121083,2026-06-28T20:09:18.504862+00:00,92.6,1,ask,,,11494518
2026-06-29T06:09:18.429209,2026-06-28T20:09:18.801854+00:00,92.6,200,bid,,,11494524
2026-06-29T06:09:22.082893,2026-06-28T20:09:22.464632+00:00,92.5,3,ask,,,11494598
2026-06-29T06:09:22.082893,2026-06-28T20:09:22.464632+00:00,92.5,197,ask,,,11494599
2026-06-29T06:09:22.087922,2026-06-28T20:09:22.464632+00:00,92.5,303,ask,,,11494600
2026-06-29T06:09:23.295267,2026-06-28T20:09:23.673760+00:00,92.4,200,ask,,,11494623
2026-06-29T06:09:24.504046,2026-06-28T20:09:24.883760+00:00,92.5,6,ask,,,11494650
2026-06-29T06:09:25.723083,2026-06-28T20:09:26.093289+00:00,92.4,200,ask,,,11494674
2026-06-29T06:09:26.014274,2026-06-28T20:09:26.390289+00:00,92.4,5,ask,,,11494682
2026-06-29T06:09:26.014274,2026-06-28T20:09:26.390289+00:00,92.4,500,ask,,,11494683
2026-06-29T06:09:26.192402,2026-06-28T20:09:26.566298+00:00,92.4,120,bid,,,11494686
2026-06-29T06:09:28.137043,2026-06-28T20:09:28.511565+00:00,92.5,200,ask,,,11494721
2026-06-29T06:09:28.665509,2026-06-28T20:09:29.039556+00:00,92.4,500,ask,,,11494728
2026-06-29T06:09:29.228130,2026-06-28T20:09:29.611556+00:00,92.4,125,bid,,,11494740
2026-06-29T06:09:29.347209,2026-06-28T20:09:29.721565+00:00,92.5,200,ask,,,11494742
2026-06-29T06:09:29.964670,2026-06-28T20:09:30.337565+00:00,92.5,20,ask,,,11494748
2026-06-29T06:09:34.189893,2026-06-28T20:09:34.560250+00:00,92.7,6,bid,,,11494801
2026-06-29T06:09:34.189893,2026-06-28T20:09:34.571249+00:00,92.8,194,bid,,,11494802
2026-06-29T06:09:35.397218,2026-06-28T20:09:35.770258+00:00,92.8,14,bid,,,11494829
2026-06-29T06:09:35.397218,2026-06-28T20:09:35.770258+00:00,92.8,186,bid,,,11494830
2026-06-29T06:09:36.540534,2026-06-28T20:09:36.913843+00:00,92.7,25,ask,,,11494849
2026-06-29T06:09:36.607525,2026-06-28T20:09:36.979843+00:00,92.8,13,bid,,,11494854
2026-06-29T06:09:36.750970,2026-06-28T20:09:37.122842+00:00,92.8,25,ask,,,11494856
2026-06-29T06:09:36.961771,2026-06-28T20:09:37.342843+00:00,92.8,25,ask,,,11494861
2026-06-29T06:09:37.175247,2026-06-28T20:09:37.551843+00:00,92.8,25,ask,,,11494876
2026-06-29T06:09:40.235871,2026-06-28T20:09:40.608953+00:00,92.8,200,bid,,,11494916
2026-06-29T06:09:42.654094,2026-06-28T20:09:43.028589+00:00,92.6,200,ask,,,11494957
2026-06-29T06:09:45.202163,2026-06-28T20:09:45.580252+00:00,92.6,25,bid,,,11494999
2026-06-29T06:09:45.379755,2026-06-28T20:09:45.756252+00:00,92.5,1,ask,,,11495002
2026-06-29T06:09:45.379755,2026-06-28T20:09:45.756252+00:00,92.5,19,ask,,,11495003
2026-06-29T06:09:45.694631,2026-06-28T20:09:46.074807+00:00,92.5,3,ask,,,11495008
2026-06-29T06:09:46.288052,2026-06-28T20:09:46.668807+00:00,92.4,200,ask,,,11495022
2026-06-29T06:09:47.495516,2026-06-28T20:09:47.867056+00:00,92.5,200,ask,,,11495053
2026-06-29T06:09:47.637028,2026-06-28T20:09:48.010065+00:00,92.6,20,bid,,,11495058
2026-06-29T06:09:52.327742,2026-06-28T20:09:52.706619+00:00,92.5,200,bid,,,11495126
2026-06-29T06:09:53.190873,2026-06-28T20:09:53.564177+00:00,92.4,2,ask,,,11495139
2026-06-29T06:09:53.190873,2026-06-28T20:09:53.564177+00:00,92.4,18,ask,,,11495140
2026-06-29T06:09:53.537619,2026-06-28T20:09:53.916177+00:00,92.5,200,bid,,,11495159
2026-06-29T06:09:54.384272,2026-06-28T20:09:54.763176+00:00,92.6,20,bid,,,11495175
2026-06-29T06:09:55.424725,2026-06-28T20:09:55.797197+00:00,92.5,25,ask,,,11495188
2026-06-29T06:09:55.634754,2026-06-28T20:09:56.006187+00:00,92.5,25,ask,,,11495194
2026-06-29T06:09:55.845600,2026-06-28T20:09:56.225774+00:00,92.5,25,ask,,,11495208
2026-06-29T06:09:56.056897,2026-06-28T20:09:56.434774+00:00,92.5,25,ask,,,11495219
2026-06-29T06:09:57.171633,2026-06-28T20:09:57.545308+00:00,92.7,7,bid,,,11495236
2026-06-29T06:09:57.171633,2026-06-28T20:09:57.545308+00:00,92.7,193,bid,,,11495237
2026-06-29T06:09:58.066464,2026-06-28T20:09:58.445823+00:00,92.6,25,ask,,,11495263
2026-06-29T06:09:58.798227,2026-06-28T20:09:59.171832+00:00,92.7,4,bid,,,11495277
2026-06-29T06:09:58.798227,2026-06-28T20:09:59.171832+00:00,92.8,200,bid,,,11495278
2026-06-29T06:09:59.589578,2026-06-28T20:09:59.963832+00:00,92.8,200,ask,,,11495285
2026-06-29T06:10:00.794369,2026-06-28T20:10:01.173853+00:00,92.8,200,bid,,,11495314
2026-06-29T06:10:02.753296,2026-06-28T20:10:03.130664+00:00,92.9,3,bid,,,11495348
2026-06-29T06:10:02.753296,2026-06-28T20:10:03.130664+00:00,92.9,200,bid,,,11495349
2026-06-29T06:10:03.210824,2026-06-28T20:10:03.592664+00:00,92.9,200,ask,,,11495352
2026-06-29T06:10:04.402495,2026-06-28T20:10:04.780664+00:00,92.6,20,ask,,,11495390
2026-06-29T06:10:09.275136,2026-06-28T20:10:09.652646+00:00,92.9,200,bid,,,11495468
2026-06-29T06:10:10.483233,2026-06-28T20:10:10.862675+00:00,92.9,200,bid,,,11495484
2026-06-29T06:10:11.690689,2026-06-28T20:10:12.061675+00:00,93.0,200,bid,,,11495497
2026-06-29T06:10:12.898936,2026-06-28T20:10:13.281926+00:00,93.0,200,bid,,,11495521
2026-06-29T06:10:13.243531,2026-06-28T20:10:13.622946+00:00,93.0,300,bid,,,11495525
2026-06-29T06:10:13.243531,2026-06-28T20:10:13.622946+00:00,93.0,6,bid,,,11495526
2026-06-29T06:10:13.343275,2026-06-28T20:10:13.721945+00:00,93.2,1,bid,,,11495527
2026-06-29T06:10:13.343275,2026-06-28T20:10:13.721945+00:00,93.2,19,bid,,,11495528
2026-06-29T06:10:13.449941,2026-06-28T20:10:13.820946+00:00,93.0,319,ask,,,11495530
2026-06-29T06:10:14.554699,2026-06-28T20:10:14.931946+00:00,92.9,200,ask,,,11495556
2026-06-29T06:10:17.176861,2026-06-28T20:10:17.549048+00:00,92.8,200,ask,,,11495610
2026-06-29T06:10:18.204835,2026-06-28T20:10:18.582063+00:00,92.7,6,ask,,,11495628
2026-06-29T06:10:18.204835,2026-06-28T20:10:18.582063+00:00,92.7,14,ask,,,11495629
2026-06-29T06:10:18.953348,2026-06-28T20:10:19.329506+00:00,92.8,200,bid,,,11495651
2026-06-29T06:10:20.160415,2026-06-28T20:10:20.539506+00:00,92.7,200,bid,,,11495674
2026-06-29T06:10:21.369998,2026-06-28T20:10:21.771517+00:00,92.8,200,bid,,,11495708
2026-06-29T06:10:23.799844,2026-06-28T20:10:24.180657+00:00,92.8,200,bid,,,11495747
2026-06-29T06:10:26.228241,2026-06-28T20:10:26.611677+00:00,92.9,200,bid,,,11495797
2026-06-29T06:10:27.439572,2026-06-28T20:10:27.820845+00:00,92.8,200,ask,,,11495812
2026-06-29T06:10:28.972975,2026-06-28T20:10:29.349866+00:00,93.0,2,bid,,,11495852
2026-06-29T06:10:28.972975,2026-06-28T20:10:29.349866+00:00,93.0,18,bid,,,11495853
2026-06-29T06:10:30.254244,2026-06-28T20:10:30.636866+00:00,92.9,200,bid,,,11495878
2026-06-29T06:10:31.069367,2026-06-28T20:10:31.439857+00:00,92.9,200,ask,,,11495894
2026-06-29T06:10:32.943599,2026-06-28T20:10:33.320413+00:00,92.9,25,bid,,,11495939
2026-06-29T06:10:33.153256,2026-06-28T20:10:33.529414+00:00,92.9,25,bid,,,11495949
2026-06-29T06:10:33.363781,2026-06-28T20:10:33.749422+00:00,92.9,25,bid,,,11495956
2026-06-29T06:10:33.487948,2026-06-28T20:10:33.859423+00:00,92.9,200,bid,,,11495958
2026-06-29T06:10:33.574396,2026-06-28T20:10:33.947423+00:00,92.9,25,bid,,,11495962
2026-06-29T06:10:33.784692,2026-06-28T20:10:34.156423+00:00,92.9,25,bid,,,11495968
2026-06-29T06:10:34.001611,2026-06-28T20:10:34.376422+00:00,92.9,25,bid,,,11495976
2026-06-29T06:10:34.186309,2026-06-28T20:10:34.563423+00:00,93.0,3,bid,,,11495987
2026-06-29T06:10:34.703832,2026-06-28T20:10:35.079973+00:00,93.0,200,ask,,,11495990
2026-06-29T06:10:39.226524,2026-06-28T20:10:39.599799+00:00,93.0,25,bid,,,11496088
2026-06-29T06:10:39.437654,2026-06-28T20:10:39.819799+00:00,93.0,25,bid,,,11496099
2026-06-29T06:10:39.449898,2026-06-28T20:10:39.830798+00:00,93.0,200,bid,,,11496101
2026-06-29T06:10:39.449898,2026-06-28T20:10:39.830798+00:00,93.0,1,bid,,,11496102
2026-06-29T06:10:39.505471,2026-06-28T20:10:39.885798+00:00,93.0,424,ask,,,11496103
2026-06-29T06:10:43.939542,2026-06-28T20:10:44.316889+00:00,92.9,20,bid,,,11496188
2026-06-29T06:10:44.950831,2026-06-28T20:10:45.328889+00:00,92.8,20,ask,,,11496215
2026-06-29T06:10:48.044780,2026-06-28T20:10:48.417762+00:00,92.8,200,ask,,,11496261
2026-06-29T06:10:52.247297,2026-06-28T20:10:52.630762+00:00,92.9,20,ask,,,11496341
2026-06-29T06:10:53.888956,2026-06-28T20:10:54.268519+00:00,92.9,200,ask,,,11496376
2026-06-29T06:10:55.078619,2026-06-28T20:10:55.456539+00:00,92.9,20,bid,,,11496388
2026-06-29T06:10:55.198075,2026-06-28T20:10:55.577539+00:00,93.0,200,bid,,,11496389
2026-06-29T06:10:56.515446,2026-06-28T20:10:56.897106+00:00,93.0,200,bid,,,11496414
2026-06-29T06:10:58.929262,2026-06-28T20:10:59.304956+00:00,93.0,1,bid,,,11496463
2026-06-29T06:10:59.082318,2026-06-28T20:10:59.458956+00:00,93.0,25,ask,,,11496470
2026-06-29T06:10:59.134707,2026-06-28T20:10:59.513956+00:00,93.0,174,ask,,,11496472
2026-06-29T06:11:00.443328,2026-06-28T20:11:00.822977+00:00,93.0,200,bid,,,11496490
2026-06-29T06:11:00.494766,2026-06-28T20:11:00.866977+00:00,93.0,25,ask,,,11496491
2026-06-29T06:11:02.176162,2026-06-28T20:11:02.549977+00:00,92.9,20,ask,,,11496513
2026-06-29T06:11:04.394229,2026-06-28T20:11:04.770236+00:00,92.9,200,bid,,,11496553
2026-06-29T06:11:06.202068,2026-06-28T20:11:06.573736+00:00,92.9,200,bid,,,11496590
2026-06-29T06:11:08.339643,2026-06-28T20:11:08.717844+00:00,92.8,4,ask,,,11496645
2026-06-29T06:11:08.339643,2026-06-28T20:11:08.717844+00:00,92.8,1,ask,,,11496646
2026-06-29T06:11:08.339643,2026-06-28T20:11:08.717844+00:00,92.8,200,ask,,,11496647
2026-06-29T06:11:10.935321,2026-06-28T20:11:11.313378+00:00,92.7,25,bid,,,11496695
2026-06-29T06:11:11.145111,2026-06-28T20:11:11.522369+00:00,92.7,25,bid,,,11496700
2026-06-29T06:11:12.059165,2026-06-28T20:11:12.435378+00:00,92.7,20,bid,,,11496720
2026-06-29T06:11:12.271847,2026-06-28T20:11:12.644369+00:00,92.7,155,bid,,,11496725
2026-06-29T06:11:12.287188,2026-06-28T20:11:12.666368+00:00,92.7,200,ask,,,11496727
2026-06-29T06:11:19.542582,2026-06-28T20:11:19.924250+00:00,92.7,200,ask,,,11496829
2026-06-29T06:11:20.092169,2026-06-28T20:11:20.463250+00:00,92.7,425,ask,,,11496834
2026-06-29T06:11:20.141393,2026-06-28T20:11:20.518250+00:00,92.5,1,ask,,,11496836
2026-06-29T06:11:20.369308,2026-06-28T20:11:20.749250+00:00,92.4,25,ask,,,11496841
2026-06-29T06:11:20.577962,2026-06-28T20:11:20.958250+00:00,92.4,25,ask,,,11496843
2026-06-29T06:11:21.990732,2026-06-28T20:11:22.366250+00:00,92.4,25,ask,,,11496865
2026-06-29T06:11:22.198972,2026-06-28T20:11:22.575241+00:00,92.4,25,ask,,,11496873
2026-06-29T06:11:22.408952,2026-06-28T20:11:22.783923+00:00,92.4,25,ask,,,11496878
2026-06-29T06:11:22.617955,2026-06-28T20:11:22.992931+00:00,92.4,21,ask,,,11496885
2026-06-29T06:11:24.380045,2026-06-28T20:11:24.752852+00:00,92.4,200,ask,,,11496921
2026-06-29T06:11:25.387341,2026-06-28T20:11:25.764861+00:00,92.3,1,ask,,,11496947
2026-06-29T06:11:25.585553,2026-06-28T20:11:25.973861+00:00,92.3,200,bid,,,11496951
2026-06-29T06:11:26.638033,2026-06-28T20:11:27.018441+00:00,92.2,25,ask,,,11496970
2026-06-29T06:11:26.847851,2026-06-28T20:11:27.227441+00:00,92.4,25,ask,,,11496977
2026-06-29T06:11:28.020586,2026-06-28T20:11:28.392678+00:00,92.5,200,bid,,,11496989
2026-06-29T06:11:28.059700,2026-06-28T20:11:28.436677+00:00,92.4,1,ask,,,11496990
2026-06-29T06:11:28.176121,2026-06-28T20:11:28.557686+00:00,92.3,20,ask,,,11496994
2026-06-29T06:11:30.641156,2026-06-28T20:11:31.021706+00:00,92.4,200,bid,,,11497029
2026-06-29T06:11:33.263873,2026-06-28T20:11:33.639285+00:00,92.6,11,bid,,,11497093
2026-06-29T06:11:33.263873,2026-06-28T20:11:33.639285+00:00,92.6,1,bid,,,11497094
2026-06-29T06:11:34.065610,2026-06-28T20:11:34.442290+00:00,92.6,200,ask,,,11497104
2026-06-29T06:11:34.581336,2026-06-28T20:11:34.970285+00:00,92.5,1,ask,,,11497111
2026-06-29T06:11:34.581336,2026-06-28T20:11:34.970285+00:00,92.5,200,ask,,,11497112
2026-06-29T06:11:35.270053,2026-06-28T20:11:35.652285+00:00,92.5,200,bid,,,11497130
2026-06-29T06:11:35.282699,2026-06-28T20:11:35.663285+00:00,92.4,1,ask,,,11497131
2026-06-29T06:11:37.689393,2026-06-28T20:11:38.070633+00:00,92.7,9,bid,,,11497181
2026-06-29T06:11:37.689393,2026-06-28T20:11:38.070633+00:00,92.7,191,bid,,,11497182
2026-06-29T06:11:38.514918,2026-06-28T20:11:38.895632+00:00,92.7,9,bid,,,11497197
2026-06-29T06:11:42.533119,2026-06-28T20:11:42.910758+00:00,92.7,200,ask,,,11497270
2026-06-29T06:11:42.538740,2026-06-28T20:11:42.921758+00:00,92.7,1,ask,,,11497271
2026-06-29T06:11:43.740172,2026-06-28T20:11:44.120758+00:00,92.7,200,ask,,,11497300
2026-06-29T06:11:44.945569,2026-06-28T20:11:45.330758+00:00,92.6,200,bid,,,11497320
2026-06-29T06:11:45.710064,2026-06-28T20:11:46.089334+00:00,92.5,1,ask,,,11497329
2026-06-29T06:11:46.152710,2026-06-28T20:11:46.529334+00:00,92.7,200,bid,,,11497336
2026-06-29T06:11:47.366757,2026-06-28T20:11:47.738550+00:00,92.6,200,bid,,,11497349
2026-06-29T06:11:48.584466,2026-06-28T20:11:48.959561+00:00,92.6,200,ask,,,11497378
2026-06-29T06:11:49.793680,2026-06-28T20:11:50.169570+00:00,92.6,200,ask,,,11497411
2026-06-29T06:11:51.637817,2026-06-28T20:11:52.017570+00:00,92.5,4,ask,,,11497449
2026-06-29T06:11:51.637817,2026-06-28T20:11:52.017570+00:00,92.5,200,ask,,,11497450
2026-06-29T06:11:51.731380,2026-06-28T20:11:52.105570+00:00,92.4,1,ask,,,11497453
2026-06-29T06:11:51.830467,2026-06-28T20:11:52.215570+00:00,92.5,20,bid,,,11497458
2026-06-29T06:11:54.260204,2026-06-28T20:11:54.634715+00:00,92.5,200,bid,,,11497518
2026-06-29T06:11:56.883582,2026-06-28T20:11:57.262751+00:00,92.4,5,ask,,,11497569
2026-06-29T06:11:56.883582,2026-06-28T20:11:57.262751+00:00,92.4,1,ask,,,11497570
2026-06-29T06:11:56.883582,2026-06-28T20:11:57.262751+00:00,92.4,200,ask,,,11497571
2026-06-29T06:11:56.883582,2026-06-28T20:11:57.262751+00:00,92.4,419,ask,,,11497572
2026-06-29T06:11:58.195680,2026-06-28T20:11:58.570894+00:00,92.5,200,bid,,,11497590
2026-06-29T06:11:58.267522,2026-06-28T20:11:58.647895+00:00,92.6,200,ask,,,11497592
2026-06-29T06:12:02.128791,2026-06-28T20:12:02.508915+00:00,92.6,200,bid,,,11497661
2026-06-29T06:12:04.751638,2026-06-28T20:12:05.126474+00:00,92.6,200,bid,,,11497705
2026-06-29T06:12:05.542986,2026-06-28T20:12:05.918007+00:00,92.6,200,ask,,,11497729
2026-06-29T06:12:06.755051,2026-06-28T20:12:07.127572+00:00,92.6,200,ask,,,11497755
2026-06-29T06:12:14.025513,2026-06-28T20:12:14.398906+00:00,92.7,200,bid,,,11497907
2026-06-29T06:12:14.170137,2026-06-28T20:12:14.541905+00:00,92.7,20,bid,,,11497911
2026-06-29T06:12:15.184111,2026-06-28T20:12:15.564440+00:00,92.7,405,bid,,,11497924
2026-06-29T06:12:15.234686,2026-06-28T20:12:15.608439+00:00,92.9,1,bid,,,11497928
2026-06-29T06:12:15.244093,2026-06-28T20:12:15.619431+00:00,92.9,200,ask,,,11497930
2026-06-29T06:12:16.265038,2026-06-28T20:12:16.653009+00:00,93.0,20,bid,,,11497946
2026-06-29T06:12:16.544573,2026-06-28T20:12:16.917009+00:00,92.8,1,ask,,,11497948
2026-06-29T06:12:16.544573,2026-06-28T20:12:16.917009+00:00,92.8,200,ask,,,11497949
2026-06-29T06:12:17.629467,2026-06-28T20:12:18.006125+00:00,92.8,424,bid,,,11497967
2026-06-29T06:12:17.851450,2026-06-28T20:12:18.226125+00:00,92.9,200,bid,,,11497974
2026-06-29T06:12:20.228527,2026-06-28T20:12:20.602125+00:00,93.0,20,bid,,,11498009
2026-06-29T06:12:20.473465,2026-06-28T20:12:20.855134+00:00,92.9,1,ask,,,11498017
2026-06-29T06:12:20.643209,2026-06-28T20:12:21.020134+00:00,92.9,500,bid,,,11498018
2026-06-29T06:12:21.789814,2026-06-28T20:12:22.163696+00:00,92.9,200,bid,,,11498033
2026-06-29T06:12:21.789814,2026-06-28T20:12:22.163696+00:00,92.9,1,bid,,,11498034
2026-06-29T06:12:26.153927,2026-06-28T20:12:26.529492+00:00,93.0,1,bid,,,11498127
2026-06-29T06:12:26.153927,2026-06-28T20:12:26.529492+00:00,93.0,1,bid,,,11498128
2026-06-29T06:12:28.581868,2026-06-28T20:12:28.959713+00:00,93.0,200,ask,,,11498175
2026-06-29T06:12:29.787482,2026-06-28T20:12:30.158842+00:00,93.0,200,bid,,,11498198
2026-06-29T06:12:31.014688,2026-06-28T20:12:31.390842+00:00,92.9,200,ask,,,11498212
2026-06-29T06:12:32.318339,2026-06-28T20:12:32.699376+00:00,92.8,2,ask,,,11498241
2026-06-29T06:12:32.318339,2026-06-28T20:12:32.699376+00:00,92.8,200,ask,,,11498242
2026-06-29T06:12:33.438409,2026-06-28T20:12:33.820933+00:00,92.7,1,ask,,,11498255
2026-06-29T06:12:33.438409,2026-06-28T20:12:33.820933+00:00,92.7,12,ask,,,11498256
2026-06-29T06:12:33.627514,2026-06-28T20:12:34.007932+00:00,92.7,187,bid,,,11498267
2026-06-29T06:12:34.650304,2026-06-28T20:12:35.030933+00:00,92.8,6,ask,,,11498283
2026-06-29T06:12:35.861164,2026-06-28T20:12:36.240483+00:00,92.7,200,ask,,,11498305
2026-06-29T06:12:39.483049,2026-06-28T20:12:39.858574+00:00,92.9,200,bid,,,11498377
2026-06-29T06:12:41.410606,2026-06-28T20:12:41.783586+00:00,92.9,1,bid,,,11498426
2026-06-29T06:12:41.410606,2026-06-28T20:12:41.783586+00:00,92.9,19,bid,,,11498427
2026-06-29T06:12:43.110633,2026-06-28T20:12:43.488716+00:00,93.0,200,bid,,,11498456
2026-06-29T06:12:44.525269,2026-06-28T20:12:44.896716+00:00,93.0,20,ask,,,11498481
2026-06-29T06:12:44.863502,2026-06-28T20:12:45.248737+00:00,93.0,180,ask,,,11498484
2026-06-29T06:12:46.729811,2026-06-28T20:12:47.106878+00:00,93.0,200,bid,,,11498534
2026-06-29T06:12:46.729811,2026-06-28T20:12:47.106878+00:00,93.0,425,bid,,,11498535
2026-06-29T06:12:46.744721,2026-06-28T20:12:47.117878+00:00,93.0,75,bid,,,11498537
2026-06-29T06:12:46.744721,2026-06-28T20:12:47.117878+00:00,93.1,3,bid,,,11498538
2026-06-29T06:12:46.744721,2026-06-28T20:12:47.128878+00:00,93.1,1,bid,,,11498539
2026-06-29T06:12:47.301077,2026-06-28T20:12:47.678886+00:00,93.1,121,ask,,,11498547
2026-06-29T06:12:47.955405,2026-06-28T20:12:48.328014+00:00,93.0,10,bid,,,11498565
2026-06-29T06:12:47.955405,2026-06-28T20:12:48.339013+00:00,93.1,190,bid,,,11498566
2026-06-29T06:12:49.166979,2026-06-28T20:12:49.549014+00:00,92.9,200,bid,,,11498589
2026-06-29T06:12:50.375453,2026-06-28T20:12:50.747548+00:00,92.9,200,bid,,,11498619
2026-06-29T06:12:51.983731,2026-06-28T20:12:52.364547+00:00,93.0,8,bid,,,11498639
2026-06-29T06:12:51.983731,2026-06-28T20:12:52.364547+00:00,93.0,500,bid,,,11498640
2026-06-29T06:12:51.983731,2026-06-28T20:12:52.364547+00:00,93.1,1,bid,,,11498641
2026-06-29T06:12:51.983731,2026-06-28T20:12:52.364547+00:00,93.1,116,bid,,,11498642
2026-06-29T06:12:52.795368,2026-06-28T20:12:53.166989+00:00,93.0,1,bid,,,11498663
2026-06-29T06:12:52.795368,2026-06-28T20:12:53.177989+00:00,93.0,199,bid,,,11498664
2026-06-29T06:12:54.004802,2026-06-28T20:12:54.376989+00:00,92.9,200,bid,,,11498685
2026-06-29T06:12:54.610440,2026-06-28T20:12:54.992989+00:00,92.9,500,bid,,,11498699
2026-06-29T06:12:54.610440,2026-06-28T20:12:54.992989+00:00,93.0,4,bid,,,11498700
2026-06-29T06:12:55.157880,2026-06-28T20:12:55.531989+00:00,93.0,121,ask,,,11498709
2026-06-29T06:12:56.330654,2026-06-28T20:12:56.709008+00:00,92.9,20,bid,,,11498736
2026-06-29T06:12:56.420172,2026-06-28T20:12:56.797009+00:00,92.9,200,bid,,,11498743
2026-06-29T06:12:56.735332,2026-06-28T20:12:57.116009+00:00,92.9,20,bid,,,11498749
2026-06-29T06:12:57.232086,2026-06-28T20:12:57.611009+00:00,92.9,500,bid,,,11498759
2026-06-29T06:12:57.567751,2026-06-28T20:12:57.951274+00:00,92.9,125,ask,,,11498764
2026-06-29T06:12:57.628124,2026-06-28T20:12:58.006273+00:00,92.9,200,bid,,,11498765
2026-06-29T06:12:58.545621,2026-06-28T20:12:58.918807+00:00,92.7,1,ask,,,11498775
2026-06-29T06:12:58.836591,2026-06-28T20:12:59.215807+00:00,92.7,200,bid,,,11498778
2026-06-29T06:13:00.045192,2026-06-28T20:13:00.425807+00:00,92.8,200,bid,,,11498802
2026-06-29T06:13:05.096242,2026-06-28T20:13:05.474004+00:00,92.8,200,ask,,,11498891
2026-06-29T06:13:08.508203,2026-06-28T20:13:08.882732+00:00,92.8,200,bid,,,11498934
2026-06-29T06:13:10.339134,2026-06-28T20:13:10.719752+00:00,92.8,200,ask,,,11498960
2026-06-29T06:13:14.568159,2026-06-28T20:13:14.953516+00:00,92.7,200,bid,,,11499034
2026-06-29T06:13:15.587977,2026-06-28T20:13:15.965516+00:00,92.6,2,ask,,,11499056
2026-06-29T06:13:15.587977,2026-06-28T20:13:15.965516+00:00,92.6,1,ask,,,11499057
2026-06-29T06:13:15.587977,2026-06-28T20:13:15.965516+00:00,92.5,500,ask,,,11499058
2026-06-29T06:13:15.732779,2026-06-28T20:13:16.108063+00:00,92.5,122,bid,,,11499061
2026-06-29T06:13:16.899247,2026-06-28T20:13:17.274064+00:00,92.7,200,bid,,,11499079
2026-06-29T06:13:18.227456,2026-06-28T20:13:18.604297+00:00,92.7,200,ask,,,11499101
2026-06-29T06:13:18.227456,2026-06-28T20:13:18.604297+00:00,92.6,1,ask,,,11499102
2026-06-29T06:13:18.227456,2026-06-28T20:13:18.604297+00:00,92.6,3,ask,,,11499103
2026-06-29T06:13:22.162422,2026-06-28T20:13:22.542317+00:00,92.6,200,ask,,,11499173
2026-06-29T06:13:23.484613,2026-06-28T20:13:23.861966+00:00,92.6,200,bid,,,11499191
2026-06-29T06:13:26.684734,2026-06-28T20:13:27.062535+00:00,92.7,200,ask,,,11499245
2026-06-29T06:13:27.529078,2026-06-28T20:13:27.909593+00:00,92.6,25,bid,,,11499273
2026-06-29T06:13:27.738172,2026-06-28T20:13:28.118593+00:00,92.6,25,bid,,,11499278
2026-06-29T06:13:27.947256,2026-06-28T20:13:28.327593+00:00,92.6,25,bid,,,11499284
2026-06-29T06:13:28.158574,2026-06-28T20:13:28.536593+00:00,92.6,24,bid,,,11499286
2026-06-29T06:13:28.830333,2026-06-28T20:13:29.207584+00:00,92.6,20,bid,,,11499295
2026-06-29T06:13:29.101597,2026-06-28T20:13:29.482584+00:00,92.5,5,ask,,,11499303
2026-06-29T06:13:29.101597,2026-06-28T20:13:29.482584+00:00,92.5,1,ask,,,11499304
2026-06-29T06:13:29.101597,2026-06-28T20:13:29.482584+00:00,92.5,194,ask,,,11499305
2026-06-29T06:13:30.882260,2026-06-28T20:13:31.264593+00:00,92.6,200,bid,,,11499335
2026-06-29T06:13:32.664744,2026-06-28T20:13:33.046604+00:00,92.6,200,ask,,,11499380
2026-06-29T06:13:32.664744,2026-06-28T20:13:33.046604+00:00,92.6,425,ask,,,11499381
2026-06-29T06:13:33.971573,2026-06-28T20:13:34.346614+00:00,92.6,200,bid,,,11499412
2026-06-29T06:13:33.971573,2026-06-28T20:13:34.346614+00:00,92.9,3,bid,,,11499413
2026-06-29T06:13:33.971573,2026-06-28T20:13:34.346614+00:00,92.9,1,bid,,,11499414
2026-06-29T06:13:34.174098,2026-06-28T20:13:34.555613+00:00,93.0,25,ask,,,11499425
2026-06-29T06:13:34.388067,2026-06-28T20:13:34.764613+00:00,93.0,25,ask,,,11499430
2026-06-29T06:13:34.577092,2026-06-28T20:13:34.951613+00:00,93.0,1,ask,,,11499438
2026-06-29T06:13:34.596615,2026-06-28T20:13:34.973614+00:00,93.0,25,ask,,,11499439
2026-06-29T06:13:35.152076,2026-06-28T20:13:35.523613+00:00,93.0,200,ask,,,11499457
2026-06-29T06:13:35.561989,2026-06-28T20:13:35.941613+00:00,93.0,20,bid,,,11499462
2026-06-29T06:13:35.807494,2026-06-28T20:13:36.183169+00:00,92.8,20,ask,,,11499472
2026-06-29T06:13:36.362161,2026-06-28T20:13:36.744170+00:00,92.8,200,ask,,,11499486
2026-06-29T06:13:36.595213,2026-06-28T20:13:36.975169+00:00,92.7,1,ask,,,11499489
2026-06-29T06:13:37.573710,2026-06-28T20:13:37.953818+00:00,92.6,200,ask,,,11499509
2026-06-29T06:13:37.908969,2026-06-28T20:13:38.283818+00:00,92.6,300,ask,,,11499512
2026-06-29T06:13:37.908969,2026-06-28T20:13:38.283818+00:00,92.6,1,ask,,,11499513
2026-06-29T06:13:37.908969,2026-06-28T20:13:38.283818+00:00,92.5,2,ask,,,11499514
2026-06-29T06:13:38.023902,2026-06-28T20:13:38.404818+00:00,92.5,5,bid,,,11499521
2026-06-29T06:13:38.137125,2026-06-28T20:13:38.514818+00:00,92.5,317,bid,,,11499527
2026-06-29T06:13:39.218016,2026-06-28T20:13:39.592818+00:00,92.6,200,bid,,,11499543
2026-06-29T06:13:40.000844,2026-06-28T20:13:40.373352+00:00,92.8,200,ask,,,11499555
2026-06-29T06:13:41.205714,2026-06-28T20:13:41.594351+00:00,92.8,200,bid,,,11499581
2026-06-29T06:13:42.842993,2026-06-28T20:13:43.221512+00:00,92.9,2,bid,,,11499611
2026-06-29T06:13:42.842993,2026-06-28T20:13:43.221512+00:00,92.9,1,bid,,,11499612
2026-06-29T06:13:42.842993,2026-06-28T20:13:43.221512+00:00,92.9,22,bid,,,11499613
2026-06-29T06:13:42.926655,2026-06-28T20:13:43.309512+00:00,92.8,20,ask,,,11499615
2026-06-29T06:13:43.056105,2026-06-28T20:13:43.441512+00:00,92.9,25,bid,,,11499623
2026-06-29T06:13:43.269497,2026-06-28T20:13:43.650512+00:00,93.0,25,bid,,,11499630
2026-06-29T06:13:43.478351,2026-06-28T20:13:43.859512+00:00,93.0,25,bid,,,11499635
2026-06-29T06:13:43.622000,2026-06-28T20:13:44.002512+00:00,93.0,200,bid,,,11499638
2026-06-29T06:13:43.687142,2026-06-28T20:13:44.068512+00:00,93.0,25,bid,,,11499640
2026-06-29T06:13:43.896033,2026-06-28T20:13:44.277512+00:00,93.0,18,bid,,,11499643
2026-06-29T06:13:44.295157,2026-06-28T20:13:44.673512+00:00,92.9,20,ask,,,11499653
2026-06-29T06:13:44.462411,2026-06-28T20:13:44.838512+00:00,93.0,2,bid,,,11499658
2026-06-29T06:13:44.462411,2026-06-28T20:13:44.838512+00:00,93.0,500,bid,,,11499659
2026-06-29T06:13:44.798136,2026-06-28T20:13:45.179046+00:00,93.0,123,ask,,,11499665
2026-06-29T06:13:45.776557,2026-06-28T20:13:46.157128+00:00,92.9,200,ask,,,11499696
2026-06-29T06:13:45.776557,2026-06-28T20:13:46.157128+00:00,92.7,1,ask,,,11499697
2026-06-29T06:13:45.776557,2026-06-28T20:13:46.157128+00:00,92.6,2,ask,,,11499698
2026-06-29T06:13:46.042143,2026-06-28T20:13:46.421128+00:00,92.6,200,bid,,,11499710
2026-06-29T06:13:47.106932,2026-06-28T20:13:47.488128+00:00,92.8,25,ask,,,11499719
2026-06-29T06:13:47.314886,2026-06-28T20:13:47.697128+00:00,92.8,19,ask,,,11499725
2026-06-29T06:13:48.477042,2026-06-28T20:13:48.860918+00:00,92.8,200,ask,,,11499751
2026-06-29T06:13:49.139528,2026-06-28T20:13:49.520918+00:00,92.9,1,bid,,,11499774
2026-06-29T06:13:49.139528,2026-06-28T20:13:49.520918+00:00,92.9,24,bid,,,11499775
2026-06-29T06:13:49.350023,2026-06-28T20:13:49.729909+00:00,92.9,25,bid,,,11499783
2026-06-29T06:13:49.558309,2026-06-28T20:13:49.938028+00:00,92.9,25,bid,,,11499787
2026-06-29T06:13:49.707072,2026-06-28T20:13:50.080909+00:00,92.8,200,ask,,,11499791
2026-06-29T06:13:53.632919,2026-06-28T20:13:54.006581+00:00,92.8,200,bid,,,11499872
2026-06-29T06:13:54.532254,2026-06-28T20:13:54.908581+00:00,92.8,200,ask,,,11499876
2026-06-29T06:13:55.490604,2026-06-28T20:13:55.865992+00:00,92.9,1,bid,,,11499901
2026-06-29T06:13:57.559646,2026-06-28T20:13:57.942811+00:00,92.9,200,ask,,,11499943
2026-06-29T06:13:58.979494,2026-06-28T20:13:59.361335+00:00,92.9,25,ask,,,11499970
2026-06-29T06:13:59.188506,2026-06-28T20:13:59.570335+00:00,92.9,25,ask,,,11499980
2026-06-29T06:13:59.397542,2026-06-28T20:13:59.779344+00:00,92.9,25,ask,,,11499986
2026-06-29T06:13:59.605943,2026-06-28T20:13:59.988344+00:00,92.9,20,ask,,,11499994
2026-06-29T06:14:01.781265,2026-06-28T20:14:02.155355+00:00,92.9,200,bid,,,11500034
2026-06-29T06:14:01.819187,2026-06-28T20:14:02.199364+00:00,92.8,25,ask,,,11500036
2026-06-29T06:14:02.026959,2026-06-28T20:14:02.408355+00:00,92.8,25,ask,,,11500046
2026-06-29T06:14:02.236877,2026-06-28T20:14:02.617364+00:00,92.8,25,ask,,,11500048
2026-06-29T06:14:05.429737,2026-06-28T20:14:05.818075+00:00,92.9,200,ask,,,11500121
2026-06-29T06:14:06.632146,2026-06-28T20:14:07.005661+00:00,92.9,200,bid,,,11500154
2026-06-29T06:14:08.050081,2026-06-28T20:14:08.434540+00:00,93.0,1,bid,,,11500180
2026-06-29T06:14:08.085086,2026-06-28T20:14:08.467541+00:00,93.1,20,bid,,,11500182
2026-06-29T06:14:10.265735,2026-06-28T20:14:10.645541+00:00,93.1,1,bid,,,11500232
2026-06-29T06:14:10.265735,2026-06-28T20:14:10.645541+00:00,93.1,199,bid,,,11500233
2026-06-29T06:14:11.477749,2026-06-28T20:14:11.855541+00:00,93.1,200,bid,,,11500259
2026-06-29T06:14:12.687852,2026-06-28T20:14:13.063777+00:00,93.1,1,bid,,,11500279
2026-06-29T06:14:12.687852,2026-06-28T20:14:13.063777+00:00,93.1,1,bid,,,11500280
2026-06-29T06:14:12.687852,2026-06-28T20:14:13.063777+00:00,93.1,198,bid,,,11500281
2026-06-29T06:14:15.385448,2026-06-28T20:14:15.758796+00:00,93.0,1,ask,,,11500325
2026-06-29T06:14:15.385448,2026-06-28T20:14:15.769796+00:00,93.0,19,ask,,,11500326
2026-06-29T06:14:17.501332,2026-06-28T20:14:17.879644+00:00,93.0,1,ask,,,11500371
2026-06-29T06:14:18.723956,2026-06-28T20:14:19.100664+00:00,93.0,500,ask,,,11500395
2026-06-29T06:14:19.716246,2026-06-28T20:14:20.090664+00:00,93.0,9,ask,,,11500409
2026-06-29T06:14:19.850875,2026-06-28T20:14:20.222664+00:00,93.0,200,ask,,,11500417
2026-06-29T06:14:19.850875,2026-06-28T20:14:20.233664+00:00,92.9,1,ask,,,11500418
2026-06-29T06:14:19.850875,2026-06-28T20:14:20.233664+00:00,92.9,8,ask,,,11500419
2026-06-29T06:14:21.194245,2026-06-28T20:14:21.575655+00:00,93.0,200,bid,,,11500454
2026-06-29T06:14:21.194245,2026-06-28T20:14:21.575655+00:00,93.0,1,bid,,,11500455
2026-06-29T06:14:22.256984,2026-06-28T20:14:22.631655+00:00,93.0,20,ask,,,11500465
2026-06-29T06:14:22.341483,2026-06-28T20:14:22.719737+00:00,93.0,404,ask,,,11500468
2026-06-29T06:14:22.341483,2026-06-28T20:14:22.719737+00:00,93.0,96,ask,,,11500469
2026-06-29T06:14:22.510520,2026-06-28T20:14:22.884737+00:00,92.8,200,ask,,,11500471
2026-06-29T06:14:27.248026,2026-06-28T20:14:27.624485+00:00,92.7,200,bid,,,11500528
2026-06-29T06:14:27.405010,2026-06-28T20:14:27.777581+00:00,92.7,20,bid,,,11500535
2026-06-29T06:14:29.073778,2026-06-28T20:14:29.449590+00:00,92.7,200,ask,,,11500568
2026-06-29T06:14:29.073778,2026-06-28T20:14:29.449590+00:00,92.7,425,ask,,,11500569
2026-06-29T06:14:30.380510,2026-06-28T20:14:30.758174+00:00,92.8,2,bid,,,11500599
2026-06-29T06:14:30.380510,2026-06-28T20:14:30.758174+00:00,92.8,200,bid,,,11500600
2026-06-29T06:14:32.030835,2026-06-28T20:14:32.408194+00:00,92.8,500,bid,,,11500630
2026-06-29T06:14:32.630754,2026-06-28T20:14:33.012737+00:00,92.8,125,bid,,,11500641
2026-06-29T06:14:32.630754,2026-06-28T20:14:33.012737+00:00,92.8,200,bid,,,11500642
2026-06-29T06:14:32.630754,2026-06-28T20:14:33.012737+00:00,92.9,9,bid,,,11500643
2026-06-29T06:14:32.630754,2026-06-28T20:14:33.012737+00:00,92.9,1,bid,,,11500644
2026-06-29T06:14:32.949958,2026-06-28T20:14:33.331737+00:00,92.9,1,ask,,,11500649
2026-06-29T06:14:33.292686,2026-06-28T20:14:33.672746+00:00,93.2,200,ask,,,11500657
2026-06-29T06:14:38.079753,2026-06-28T20:14:38.456172+00:00,93.1,5,bid,,,11500730
2026-06-29T06:14:38.079753,2026-06-28T20:14:38.456172+00:00,93.1,495,bid,,,11500731
2026-06-29T06:14:38.247104,2026-06-28T20:14:38.621172+00:00,93.1,1,bid,,,11500733
2026-06-29T06:14:38.247104,2026-06-28T20:14:38.621172+00:00,93.2,200,bid,,,11500734
2026-06-29T06:14:39.384103,2026-06-28T20:14:39.765172+00:00,93.3,4,bid,,,11500757
2026-06-29T06:14:39.384103,2026-06-28T20:14:39.765172+00:00,93.3,16,bid,,,11500758
2026-06-29T06:14:43.493511,2026-06-28T20:14:43.867448+00:00,93.2,500,ask,,,11500831
2026-06-29T06:14:43.510615,2026-06-28T20:14:43.889448+00:00,93.1,1,ask,,,11500832
2026-06-29T06:14:43.510615,2026-06-28T20:14:43.889448+00:00,93.1,19,ask,,,11500833
2026-06-29T06:14:43.534321,2026-06-28T20:14:43.911448+00:00,93.2,125,bid,,,11500836
2026-06-29T06:14:44.175971,2026-06-28T20:14:44.549447+00:00,93.3,2,bid,,,11500854
2026-06-29T06:14:45.383743,2026-06-28T20:14:45.759448+00:00,93.3,1,ask,,,11500876
2026-06-29T06:14:45.383743,2026-06-28T20:14:45.759448+00:00,93.3,1,ask,,,11500877
2026-06-29T06:14:45.387342,2026-06-28T20:14:45.759448+00:00,93.4,200,bid,,,11500878
2026-06-29T06:14:46.597009,2026-06-28T20:14:46.969410+00:00,93.4,2,bid,,,11500899
2026-06-29T06:14:46.597009,2026-06-28T20:14:46.980410+00:00,93.4,198,bid,,,11500900
2026-06-29T06:14:47.421351,2026-06-28T20:14:47.803630+00:00,93.4,2,bid,,,11500925
2026-06-29T06:14:49.021305,2026-06-28T20:14:49.397739+00:00,93.6,1,bid,,,11500939
2026-06-29T06:14:49.021305,2026-06-28T20:14:49.397739+00:00,93.6,199,bid,,,11500940
2026-06-29T06:14:50.233984,2026-06-28T20:14:50.607649+00:00,93.6,1,bid,,,11500958
2026-06-29T06:14:51.278696,2026-06-28T20:14:51.652649+00:00,93.7,20,bid,,,11500975
2026-06-29T06:14:51.359429,2026-06-28T20:14:51.740649+00:00,93.6,199,ask,,,11500978
2026-06-29T06:14:51.447247,2026-06-28T20:14:51.828650+00:00,93.6,200,bid,,,11500982
2026-06-29T06:14:52.674603,2026-06-28T20:14:53.048826+00:00,93.5,1,bid,,,11500996
2026-06-29T06:14:52.674603,2026-06-28T20:14:53.048826+00:00,93.6,200,bid,,,11500997
2026-06-29T06:14:53.875409,2026-06-28T20:14:54.258827+00:00,93.8,200,ask,,,11501027
2026-06-29T06:14:55.080945,2026-06-28T20:14:55.457835+00:00,93.6,200,bid,,,11501045
2026-06-29T06:14:56.288455,2026-06-28T20:14:56.667379+00:00,93.6,1,bid,,,11501080
2026-06-29T06:14:58.706758,2026-06-28T20:14:59.089058+00:00,93.6,200,ask,,,11501117
2026-06-29T06:15:00.545850,2026-06-28T20:15:00.926058+00:00,93.4,200,ask,,,11501167
2026-06-29T06:15:01.141559,2026-06-28T20:15:01.520058+00:00,93.4,200,bid,,,11501176
2026-06-29T06:15:03.166514,2026-06-28T20:15:03.543638+00:00,93.5,200,bid,,,11501220
2026-06-29T06:15:04.480489,2026-06-28T20:15:04.852659+00:00,93.5,200,ask,,,11501247
2026-06-29T06:15:05.789496,2026-06-28T20:15:06.172209+00:00,93.5,200,bid,,,11501277
2026-06-29T06:15:05.973101,2026-06-28T20:15:06.347742+00:00,93.5,200,ask,,,11501278
2026-06-29T06:15:09.600545,2026-06-28T20:15:09.975966+00:00,93.5,200,bid,,,11501353
2026-06-29T06:15:10.812769,2026-06-28T20:15:11.185966+00:00,93.5,200,bid,,,11501392
2026-06-29T06:15:11.040786,2026-06-28T20:15:11.416500+00:00,93.4,500,ask,,,11501399
2026-06-29T06:15:11.368716,2026-06-28T20:15:11.746500+00:00,93.4,125,bid,,,11501406
2026-06-29T06:15:12.347356,2026-06-28T20:15:12.724638+00:00,93.5,200,bid,,,11501426
2026-06-29T06:15:14.977239,2026-06-28T20:15:15.353630+00:00,93.5,200,bid,,,11501466
2026-06-29T06:15:15.664588,2026-06-28T20:15:16.046638+00:00,93.5,200,ask,,,11501477
2026-06-29T06:15:15.876843,2026-06-28T20:15:16.254847+00:00,93.5,20,ask,,,11501490
2026-06-29T06:15:18.219395,2026-06-28T20:15:18.597467+00:00,93.6,20,bid,,,11501528
2026-06-29T06:15:20.228540,2026-06-28T20:15:20.610487+00:00,93.4,2,ask,,,11501565
2026-06-29T06:15:20.228540,2026-06-28T20:15:20.610487+00:00,93.4,200,ask,,,11501566
2026-06-29T06:15:20.228540,2026-06-28T20:15:20.610487+00:00,93.4,423,ask,,,11501567
2026-06-29T06:15:20.504780,2026-06-28T20:15:20.885488+00:00,93.4,200,ask,,,11501572
2026-06-29T06:15:21.713464,2026-06-28T20:15:22.095479+00:00,93.6,200,ask,,,11501595
2026-06-29T06:15:25.469853,2026-06-28T20:15:25.844706+00:00,93.6,200,ask,,,11501657
2026-06-29T06:15:25.776508,2026-06-28T20:15:26.152256+00:00,93.4,8,ask,,,11501666
2026-06-29T06:15:25.776508,2026-06-28T20:15:26.163256+00:00,93.4,12,ask,,,11501667
2026-06-29T06:15:26.547499,2026-06-28T20:15:26.922256+00:00,93.6,200,bid,,,11501678
2026-06-29T06:15:26.776755,2026-06-28T20:15:27.153256+00:00,93.7,1,bid,,,11501685
2026-06-29T06:15:27.537081,2026-06-28T20:15:27.911060+00:00,93.9,20,bid,,,11501695
2026-06-29T06:15:27.757293,2026-06-28T20:15:28.131061+00:00,93.8,200,ask,,,11501702
2026-06-29T06:15:31.379236,2026-06-28T20:15:31.761072+00:00,93.8,2,bid,,,11501772
2026-06-29T06:15:31.379236,2026-06-28T20:15:31.761072+00:00,93.8,198,bid,,,11501773
2026-06-29T06:15:36.241935,2026-06-28T20:15:36.621696+00:00,93.8,1,bid,,,11501865
2026-06-29T06:15:36.241935,2026-06-28T20:15:36.621696+00:00,93.8,199,bid,,,11501866
2026-06-29T06:15:37.073596,2026-06-28T20:15:37.446696+00:00,93.6,20,ask,,,11501893
2026-06-29T06:15:37.452451,2026-06-28T20:15:37.831253+00:00,93.8,200,bid,,,11501905
2026-06-29T06:15:39.881015,2026-06-28T20:15:40.262273+00:00,93.8,200,bid,,,11501939
2026-06-29T06:15:41.087447,2026-06-28T20:15:41.471806+00:00,93.8,200,ask,,,11501964
2026-06-29T06:15:41.196489,2026-06-28T20:15:41.581807+00:00,93.7,200,ask,,,11501966
2026-06-29T06:15:41.304026,2026-06-28T20:15:41.680807+00:00,93.7,25,bid,,,11501970
2026-06-29T06:15:41.513498,2026-06-28T20:15:41.889807+00:00,93.7,25,bid,,,11501976
2026-06-29T06:15:41.722150,2026-06-28T20:15:42.098807+00:00,93.7,25,bid,,,11501983
2026-06-29T06:15:41.931933,2026-06-28T20:15:42.307798+00:00,93.7,25,bid,,,11501988
2026-06-29T06:15:42.141934,2026-06-28T20:15:42.516797+00:00,93.7,25,bid,,,11501993
2026-06-29T06:15:42.182282,2026-06-28T20:15:42.560798+00:00,93.6,3,ask,,,11501996
2026-06-29T06:15:42.351671,2026-06-28T20:15:42.725894+00:00,93.7,25,bid,,,11502004
2026-06-29T06:15:42.508138,2026-06-28T20:15:42.890902+00:00,93.8,200,bid,,,11502006
2026-06-29T06:15:43.157579,2026-06-28T20:15:43.539902+00:00,93.8,25,ask,,,11502013
2026-06-29T06:15:43.367091,2026-06-28T20:15:43.748903+00:00,93.8,25,ask,,,11502020
2026-06-29T06:15:44.718058,2026-06-28T20:15:45.090922+00:00,93.9,1,bid,,,11502055
2026-06-29T06:15:44.718058,2026-06-28T20:15:45.101922+00:00,93.9,199,bid,,,11502056
2026-06-29T06:15:46.441217,2026-06-28T20:15:46.817004+00:00,94.0,500,bid,,,11502087
2026-06-29T06:15:50.250505,2026-06-28T20:15:50.632786+00:00,93.9,20,ask,,,11502150
2026-06-29T06:15:50.376019,2026-06-28T20:15:50.753785+00:00,94.0,1,bid,,,11502155
2026-06-29T06:15:50.376019,2026-06-28T20:15:50.753785+00:00,94.0,200,bid,,,11502156
2026-06-29T06:15:50.764290,2026-06-28T20:15:51.138785+00:00,94.1,200,ask,,,11502163
2026-06-29T06:15:51.968858,2026-06-28T20:15:52.348785+00:00,94.0,200,bid,,,11502185
2026-06-29T06:15:54.309518,2026-06-28T20:15:54.691363+00:00,94.2,500,bid,,,11502236
2026-06-29T06:15:54.340743,2026-06-28T20:15:54.724363+00:00,94.2,125,ask,,,11502237
2026-06-29T06:15:54.386326,2026-06-28T20:15:54.768363+00:00,94.2,200,bid,,,11502239
2026-06-29T06:15:55.607450,2026-06-28T20:15:55.989384+00:00,94.1,1,bid,,,11502261
2026-06-29T06:15:55.620647,2026-06-28T20:15:56.000383+00:00,94.0,200,ask,,,11502262
2026-06-29T06:15:56.812318,2026-06-28T20:15:57.187504+00:00,94.0,200,bid,,,11502288
2026-06-29T06:15:56.928901,2026-06-28T20:15:57.308505+00:00,94.2,500,bid,,,11502289
2026-06-29T06:15:56.928901,2026-06-28T20:15:57.308505+00:00,94.2,125,bid,,,11502290
2026-06-29T06:15:58.022134,2026-06-28T20:15:58.396255+00:00,94.0,2,bid,,,11502308
2026-06-29T06:15:58.240502,2026-06-28T20:15:58.616255+00:00,94.0,198,ask,,,11502315
2026-06-29T06:15:58.240502,2026-06-28T20:15:58.616255+00:00,93.7,11,ask,,,11502316
2026-06-29T06:15:58.406492,2026-06-28T20:15:58.781255+00:00,93.7,5,bid,,,11502323
2026-06-29T06:15:58.816818,2026-06-28T20:15:59.199246+00:00,93.7,25,bid,,,11502327
2026-06-29T06:15:59.025257,2026-06-28T20:15:59.408255+00:00,93.7,25,bid,,,11502330
2026-06-29T06:15:59.188910,2026-06-28T20:15:59.562256+00:00,93.7,361,bid,,,11502335
2026-06-29T06:16:02.164493,2026-06-28T20:16:02.542591+00:00,93.9,200,bid,,,11502398
2026-06-29T06:16:02.878234,2026-06-28T20:16:03.257147+00:00,93.9,200,ask,,,11502416
2026-06-29T06:16:05.268647,2026-06-28T20:16:05.644147+00:00,93.9,25,bid,,,11502457
2026-06-29T06:16:05.298876,2026-06-28T20:16:05.677148+00:00,93.9,200,bid,,,11502459
2026-06-29T06:16:05.531917,2026-06-28T20:16:05.908147+00:00,93.9,20,bid,,,11502463
2026-06-29T06:16:11.362321,2026-06-28T20:16:11.736370+00:00,94.0,200,ask,,,11502585
2026-06-29T06:16:11.432415,2026-06-28T20:16:11.813370+00:00,94.0,20,ask,,,11502586
2026-06-29T06:16:12.669650,2026-06-28T20:16:13.044927+00:00,94.0,200,ask,,,11502611
2026-06-29T06:16:13.650125,2026-06-28T20:16:14.023927+00:00,94.0,20,bid,,,11502623
2026-06-29T06:16:16.207152,2026-06-28T20:16:16.585547+00:00,94.1,2,bid,,,11502681
2026-06-29T06:16:16.207152,2026-06-28T20:16:16.585547+00:00,94.1,198,bid,,,11502682
2026-06-29T06:16:16.601180,2026-06-28T20:16:16.981547+00:00,94.1,4,bid,,,11502690
2026-06-29T06:16:16.601180,2026-06-28T20:16:16.981547+00:00,94.2,500,bid,,,11502691
2026-06-29T06:16:16.601180,2026-06-28T20:16:16.981547+00:00,94.2,121,bid,,,11502692
2026-06-29T06:16:17.764631,2026-06-28T20:16:18.146216+00:00,93.9,20,ask,,,11502716
2026-06-29T06:16:18.623381,2026-06-28T20:16:19.004216+00:00,94.0,200,bid,,,11502727
2026-06-29T06:16:18.629211,2026-06-28T20:16:19.004216+00:00,94.0,20,bid,,,11502728
2026-06-29T06:16:19.897656,2026-06-28T20:16:20.280216+00:00,94.0,25,ask,,,11502770
2026-06-29T06:16:20.106598,2026-06-28T20:16:20.489216+00:00,94.0,25,ask,,,11502773
2026-06-29T06:16:20.314519,2026-06-28T20:16:20.687216+00:00,94.0,7,ask,,,11502777
2026-06-29T06:16:21.036167,2026-06-28T20:16:21.412798+00:00,94.1,2,bid,,,11502800
2026-06-29T06:16:21.036167,2026-06-28T20:16:21.412798+00:00,94.1,198,bid,,,11502801
2026-06-29T06:16:21.850673,2026-06-28T20:16:22.226789+00:00,94.1,8,bid,,,11502815
2026-06-29T06:16:24.473811,2026-06-28T20:16:24.855366+00:00,94.2,6,bid,,,11502867
2026-06-29T06:16:24.473811,2026-06-28T20:16:24.855366+00:00,94.3,200,bid,,,11502868
2026-06-29T06:16:24.473811,2026-06-28T20:16:24.855366+00:00,94.3,419,bid,,,11502869
2026-06-29T06:16:25.789544,2026-06-28T20:16:26.174925+00:00,94.1,200,ask,,,11502892
2026-06-29T06:16:25.789544,2026-06-28T20:16:26.174925+00:00,93.9,2,ask,,,11502893
2026-06-29T06:16:25.872331,2026-06-28T20:16:26.251925+00:00,93.9,200,bid,,,11502902
2026-06-29T06:16:25.941537,2026-06-28T20:16:26.320917+00:00,93.9,25,bid,,,11502905
2026-06-29T06:16:26.151300,2026-06-28T20:16:26.529916+00:00,93.9,25,bid,,,11502912
2026-06-29T06:16:26.362176,2026-06-28T20:16:26.738926+00:00,93.9,9,bid,,,11502915
2026-06-29T06:16:26.918131,2026-06-28T20:16:27.299925+00:00,93.8,8,ask,,,11502920
2026-06-29T06:16:27.081284,2026-06-28T20:16:27.453926+00:00,93.9,164,bid,,,11502926
2026-06-29T06:16:27.653118,2026-06-28T20:16:28.035227+00:00,94.1,36,ask,,,11502935
2026-06-29T06:16:27.653118,2026-06-28T20:16:28.035227+00:00,94.1,464,ask,,,11502936
2026-06-29T06:16:28.295074,2026-06-28T20:16:28.673227+00:00,94.1,161,ask,,,11502953
2026-06-29T06:16:28.403797,2026-06-28T20:16:28.783227+00:00,94.0,200,ask,,,11502961
2026-06-29T06:16:29.504534,2026-06-28T20:16:29.883227+00:00,93.9,200,bid,,,11502990
2026-06-29T06:16:30.714394,2026-06-28T20:16:31.093227+00:00,94.0,200,ask,,,11503021
2026-06-29T06:16:32.899086,2026-06-28T20:16:33.281156+00:00,94.0,20,bid,,,11503063
2026-06-29T06:16:34.342916,2026-06-28T20:16:34.722185+00:00,94.0,200,bid,,,11503090
2026-06-29T06:16:36.764748,2026-06-28T20:16:37.141739+00:00,94.0,200,ask,,,11503131
2026-06-29T06:16:37.976507,2026-06-28T20:16:38.351360+00:00,94.0,200,ask,,,11503159
2026-06-29T06:16:38.886129,2026-06-28T20:16:39.264360+00:00,94.0,20,ask,,,11503175
2026-06-29T06:16:40.207766,2026-06-28T20:16:40.584361+00:00,93.9,200,ask,,,11503212
2026-06-29T06:16:40.207766,2026-06-28T20:16:40.584361+00:00,93.8,4,ask,,,11503213
2026-06-29T06:16:40.397029,2026-06-28T20:16:40.771381+00:00,93.8,2,bid,,,11503220
2026-06-29T06:16:41.608046,2026-06-28T20:16:41.981381+00:00,93.8,200,ask,,,11503242
2026-06-29T06:16:41.612338,2026-06-28T20:16:41.992381+00:00,94.0,2,bid,,,11503243
2026-06-29T06:16:41.816481,2026-06-28T20:16:42.190380+00:00,94.0,2,bid,,,11503244
2026-06-29T06:16:42.832938,2026-06-28T20:16:43.212373+00:00,93.9,8,ask,,,11503269
2026-06-29T06:16:43.237700,2026-06-28T20:16:43.619373+00:00,93.6,1,ask,,,11503278
2026-06-29T06:16:43.237700,2026-06-28T20:16:43.619373+00:00,93.6,19,ask,,,11503279
2026-06-29T06:16:44.007276,2026-06-28T20:16:44.389373+00:00,93.7,192,bid,,,11503299
2026-06-29T06:16:44.039785,2026-06-28T20:16:44.422373+00:00,93.7,200,ask,,,11503303
2026-06-29T06:16:44.151644,2026-06-28T20:16:44.532373+00:00,93.7,108,ask,,,11503310
2026-06-29T06:16:45.216588,2026-06-28T20:16:45.599382+00:00,93.7,500,bid,,,11503337
2026-06-29T06:16:45.247087,2026-06-28T20:16:45.621382+00:00,93.7,17,bid,,,11503338
2026-06-29T06:16:45.457208,2026-06-28T20:16:45.830382+00:00,93.8,200,bid,,,11503340
2026-06-29T06:16:45.628288,2026-06-28T20:16:46.006382+00:00,93.8,25,ask,,,11503344
2026-06-29T06:16:45.837059,2026-06-28T20:16:46.214930+00:00,93.8,25,ask,,,11503349
2026-06-29T06:16:46.048105,2026-06-28T20:16:46.423930+00:00,93.8,25,ask,,,11503356
2026-06-29T06:16:48.084739,2026-06-28T20:16:48.458501+00:00,93.7,4,ask,,,11503406
2026-06-29T06:16:48.084739,2026-06-28T20:16:48.469500+00:00,93.7,500,ask,,,11503407
2026-06-29T06:16:48.084739,2026-06-28T20:16:48.469500+00:00,93.7,121,ask,,,11503408
2026-06-29T06:16:49.393276,2026-06-28T20:16:49.767521+00:00,93.8,200,bid,,,11503440
2026-06-29T06:16:49.471894,2026-06-28T20:16:49.855521+00:00,93.9,25,ask,,,11503442
2026-06-29T06:16:49.485138,2026-06-28T20:16:49.866521+00:00,94.1,2,bid,,,11503445
2026-06-29T06:16:49.689727,2026-06-28T20:16:50.064521+00:00,94.1,2,bid,,,11503450
2026-06-29T06:16:50.101016,2026-06-28T20:16:50.482521+00:00,94.0,2,bid,,,11503454
2026-06-29T06:16:50.306880,2026-06-28T20:16:50.691521+00:00,94.0,2,bid,,,11503462
2026-06-29T06:16:50.510983,2026-06-28T20:16:50.889055+00:00,94.0,2,bid,,,11503466
2026-06-29T06:16:50.717184,2026-06-28T20:16:51.098055+00:00,94.0,2,bid,,,11503472
2026-06-29T06:16:50.906138,2026-06-28T20:16:51.285055+00:00,94.0,20,bid,,,11503475
2026-06-29T06:16:50.922161,2026-06-28T20:16:51.296055+00:00,94.0,2,bid,,,11503476
2026-06-29T06:16:51.126278,2026-06-28T20:16:51.505055+00:00,94.0,2,bid,,,11503482
2026-06-29T06:16:51.330907,2026-06-28T20:16:51.714055+00:00,94.0,1,bid,,,11503489
2026-06-29T06:16:53.133121,2026-06-28T20:16:53.505756+00:00,93.9,20,ask,,,11503520
2026-06-29T06:16:54.634059,2026-06-28T20:16:55.012756+00:00,94.0,200,bid,,,11503547
2026-06-29T06:16:54.939960,2026-06-28T20:16:55.320756+00:00,94.0,200,ask,,,11503554
2026-06-29T06:16:55.950280,2026-06-28T20:16:56.332341+00:00,93.9,500,ask,,,11503573
2026-06-29T06:16:56.109654,2026-06-28T20:16:56.486341+00:00,93.9,125,bid,,,11503576
2026-06-29T06:16:56.161104,2026-06-28T20:16:56.541341+00:00,93.9,200,ask,,,11503582
2026-06-29T06:16:57.369464,2026-06-28T20:16:57.750686+00:00,93.9,200,ask,,,11503606
2026-06-29T06:16:58.580018,2026-06-28T20:16:58.960686+00:00,93.9,200,ask,,,11503642
2026-06-29T06:16:59.753346,2026-06-28T20:17:00.126707+00:00,94.0,25,ask,,,11503659
2026-06-29T06:16:59.880082,2026-06-28T20:17:00.258707+00:00,94.0,475,ask,,,11503667
2026-06-29T06:16:59.880082,2026-06-28T20:17:00.258707+00:00,93.9,150,ask,,,11503668
2026-06-29T06:17:00.362398,2026-06-28T20:17:00.742706+00:00,94.0,25,ask,,,11503678
2026-06-29T06:17:00.571694,2026-06-28T20:17:00.951707+00:00,94.0,25,ask,,,11503685
2026-06-29T06:17:00.784931,2026-06-28T20:17:01.171707+00:00,94.0,25,ask,,,11503695
2026-06-29T06:17:00.993914,2026-06-28T20:17:01.369706+00:00,93.9,200,ask,,,11503709
2026-06-29T06:17:02.208595,2026-06-28T20:17:02.590706+00:00,94.1,200,bid,,,11503729
2026-06-29T06:17:03.284269,2026-06-28T20:17:03.668265+00:00,94.1,20,ask,,,11503743
2026-06-29T06:17:05.126505,2026-06-28T20:17:05.505285+00:00,94.1,200,bid,,,11503779
2026-06-29T06:17:06.205556,2026-06-28T20:17:06.582834+00:00,94.1,5,ask,,,11503800
2026-06-29T06:17:06.443702,2026-06-28T20:17:06.824834+00:00,94.2,4,bid,,,11503805
2026-06-29T06:17:09.026253,2026-06-28T20:17:09.408732+00:00,94.2,20,ask,,,11503870
2026-06-29T06:17:09.072305,2026-06-28T20:17:09.452732+00:00,94.3,3,bid,,,11503871
2026-06-29T06:17:09.072305,2026-06-28T20:17:09.452732+00:00,94.3,200,bid,,,11503872
2026-06-29T06:17:09.565368,2026-06-28T20:17:09.947732+00:00,94.3,200,ask,,,11503878
2026-06-29T06:17:10.389527,2026-06-28T20:17:10.772732+00:00,94.2,200,ask,,,11503906
2026-06-29T06:17:10.770671,2026-06-28T20:17:11.146732+00:00,94.2,200,bid,,,11503916
2026-06-29T06:17:11.994722,2026-06-28T20:17:12.378732+00:00,94.3,200,ask,,,11503941
2026-06-29T06:17:14.323396,2026-06-28T20:17:14.698406+00:00,94.3,200,bid,,,11503974
2026-06-29T06:17:14.323396,2026-06-28T20:17:14.698406+00:00,94.4,5,bid,,,11503975
2026-06-29T06:17:14.323396,2026-06-28T20:17:14.709401+00:00,94.4,420,bid,,,11503976
2026-06-29T06:17:15.842612,2026-06-28T20:17:16.215965+00:00,94.2,25,bid,,,11504007
2026-06-29T06:17:16.060250,2026-06-28T20:17:16.435965+00:00,94.2,25,bid,,,11504011
2026-06-29T06:17:16.270478,2026-06-28T20:17:16.644965+00:00,94.2,25,bid,,,11504020
2026-06-29T06:17:16.480968,2026-06-28T20:17:16.864965+00:00,94.2,25,bid,,,11504026
2026-06-29T06:17:16.714938,2026-06-28T20:17:17.095965+00:00,94.2,14,bid,,,11504032
2026-06-29T06:17:18.041874,2026-06-28T20:17:18.424787+00:00,94.2,200,bid,,,11504065
2026-06-29T06:17:18.258821,2026-06-28T20:17:18.633787+00:00,94.3,7,bid,,,11504068
2026-06-29T06:17:18.258821,2026-06-28T20:17:18.633787+00:00,94.3,1,bid,,,11504069
2026-06-29T06:17:18.258821,2026-06-28T20:17:18.633787+00:00,94.3,500,bid,,,11504070
2026-06-29T06:17:18.324506,2026-06-28T20:17:18.699787+00:00,94.3,25,ask,,,11504071
2026-06-29T06:17:18.512726,2026-06-28T20:17:18.886787+00:00,94.3,92,ask,,,11504074
2026-06-29T06:17:19.252099,2026-06-28T20:17:19.634787+00:00,94.2,1,bid,,,11504087
2026-06-29T06:17:19.339411,2026-06-28T20:17:19.722787+00:00,94.2,25,ask,,,11504089
2026-06-29T06:17:19.548290,2026-06-28T20:17:19.931787+00:00,94.2,25,ask,,,11504098
2026-06-29T06:17:19.572362,2026-06-28T20:17:19.953787+00:00,94.2,149,ask,,,11504101
2026-06-29T06:17:21.676512,2026-06-28T20:17:22.054808+00:00,94.2,200,bid,,,11504125
2026-06-29T06:17:23.502377,2026-06-28T20:17:23.902365+00:00,94.2,200,ask,,,11504158
2026-06-29T06:17:24.367043,2026-06-28T20:17:24.749364+00:00,94.1,4,ask,,,11504173
2026-06-29T06:17:24.367043,2026-06-28T20:17:24.749364+00:00,94.1,21,ask,,,11504174
2026-06-29T06:17:28.938966,2026-06-28T20:17:29.322578+00:00,94.1,200,ask,,,11504269
2026-06-29T06:17:30.145603,2026-06-28T20:17:30.521578+00:00,94.1,200,ask,,,11504290
2026-06-29T06:17:30.700675,2026-06-28T20:17:31.082578+00:00,94.3,20,bid,,,11504301
