timestamp,recv_time,price,volume,aggressor_side,buyer,seller,trade_id
2026-07-16T02:15:38.970434,2026-07-16T02:15:38.683975+00:00,65.5,9,ask,,,5813032
2026-07-16T02:15:38.970434,2026-07-16T02:15:38.683975+00:00,65.5,191,ask,,,5813033
2026-07-16T02:15:39.260311,2026-07-16T02:15:39.263027+00:00,65.5,1,ask,,,5813042
2026-07-16T02:15:39.359904,2026-07-16T02:15:39.366266+00:00,65.5,80,ask,,,5813043
2026-07-16T02:15:39.359904,2026-07-16T02:15:39.366266+00:00,65.5,3,ask,,,5813044
2026-07-16T02:15:39.359904,2026-07-16T02:15:39.366266+00:00,65.5,500,ask,,,5813045
2026-07-16T02:15:39.359904,2026-07-16T02:15:39.376559+00:00,65.4,7,ask,,,5813046
2026-07-16T02:15:39.373050,2026-07-16T02:15:39.376559+00:00,65.4,15,bid,,,5813047
2026-07-16T02:15:39.398014,2026-07-16T02:15:39.407512+00:00,65.4,20,bid,,,5813052
2026-07-16T02:15:39.410123,2026-07-16T02:15:39.417892+00:00,65.7,7,bid,,,5813053
2026-07-16T02:15:39.410123,2026-07-16T02:15:39.417892+00:00,65.7,13,bid,,,5813054
2026-07-16T02:15:40.187818,2026-07-16T02:15:40.190966+00:00,65.5,200,ask,,,5813070
2026-07-16T02:15:40.673802,2026-07-16T02:15:40.685623+00:00,65.6,63,bid,,,5813074
2026-07-16T02:15:40.673802,2026-07-16T02:15:40.685623+00:00,65.6,30,bid,,,5813075
2026-07-16T02:15:40.673802,2026-07-16T02:15:40.685623+00:00,65.6,17,bid,,,5813076
2026-07-16T02:15:40.673802,2026-07-16T02:15:40.685623+00:00,65.7,7,bid,,,5813077
2026-07-16T02:15:40.688662,2026-07-16T02:15:40.695961+00:00,65.7,30,ask,,,5813078
2026-07-16T02:15:40.720082,2026-07-16T02:15:40.727688+00:00,65.7,35,ask,,,5813084
2026-07-16T02:15:40.731376,2026-07-16T02:15:40.738038+00:00,65.7,30,ask,,,5813086
2026-07-16T02:15:40.764863,2026-07-16T02:15:40.768967+00:00,65.7,15,ask,,,5813088
2026-07-16T02:15:40.809865,2026-07-16T02:15:40.820714+00:00,65.7,55,ask,,,5813093
2026-07-16T02:15:40.910791,2026-07-16T02:15:40.913632+00:00,65.7,1,ask,,,5813097
2026-07-16T02:15:41.033303,2026-07-16T02:15:41.040647+00:00,65.7,23,ask,,,5813098
2026-07-16T02:15:41.398852,2026-07-16T02:15:41.401252+00:00,65.7,200,ask,,,5813108
2026-07-16T02:15:42.004643,2026-07-16T02:15:42.006457+00:00,65.6,30,ask,,,5813120
2026-07-16T02:15:42.004643,2026-07-16T02:15:42.016812+00:00,65.6,7,ask,,,5813121
2026-07-16T02:15:42.004643,2026-07-16T02:15:42.016812+00:00,65.6,500,ask,,,5813122
2026-07-16T02:15:42.327533,2026-07-16T02:15:42.337387+00:00,65.6,88,bid,,,5813134
2026-07-16T02:15:42.327533,2026-07-16T02:15:42.337387+00:00,65.6,61,bid,,,5813135
2026-07-16T02:15:42.446759,2026-07-16T02:15:42.451255+00:00,65.6,1,ask,,,5813139
2026-07-16T02:15:43.106526,2026-07-16T02:15:43.114775+00:00,65.8,25,bid,,,5813154
2026-07-16T02:15:43.123509,2026-07-16T02:15:43.125144+00:00,65.8,50,bid,,,5813157
2026-07-16T02:15:43.316648,2026-07-16T02:15:43.322531+00:00,65.8,125,bid,,,5813164
2026-07-16T02:15:43.316648,2026-07-16T02:15:43.322531+00:00,65.8,4,bid,,,5813165
2026-07-16T02:15:43.316648,2026-07-16T02:15:43.332902+00:00,65.8,15,bid,,,5813166
2026-07-16T02:15:43.337025,2026-07-16T02:15:43.343278+00:00,65.9,1,bid,,,5813167
2026-07-16T02:15:43.426358,2026-07-16T02:15:43.436832+00:00,65.9,5,bid,,,5813168
2026-07-16T02:15:44.037627,2026-07-16T02:15:44.132025+00:00,65.9,1,bid,,,5813176
2026-07-16T02:15:45.063211,2026-07-16T02:15:45.074147+00:00,65.8,20,ask,,,5813185
2026-07-16T02:15:45.605097,2026-07-16T02:15:45.613388+00:00,65.9,1,bid,,,5813195
2026-07-16T02:15:46.383689,2026-07-16T02:15:46.391578+00:00,65.9,6,bid,,,5813209
2026-07-16T02:15:47.134004,2026-07-16T02:15:47.140503+00:00,65.9,1,bid,,,5813218
2026-07-16T02:15:47.481131,2026-07-16T02:15:47.485096+00:00,65.9,200,bid,,,5813222
2026-07-16T02:15:48.063263,2026-07-16T02:15:48.067498+00:00,65.9,10,bid,,,5813234
2026-07-16T02:15:48.596315,2026-07-16T02:15:48.598549+00:00,66.0,9,bid,,,5813242
2026-07-16T02:15:48.596315,2026-07-16T02:15:48.609029+00:00,66.0,500,bid,,,5813243
2026-07-16T02:15:48.596315,2026-07-16T02:15:48.609029+00:00,66.0,3,bid,,,5813244
2026-07-16T02:15:48.627727,2026-07-16T02:15:48.630078+00:00,66.0,9,ask,,,5813245
2026-07-16T02:15:48.821039,2026-07-16T02:15:48.828824+00:00,66.0,13,ask,,,5813252
2026-07-16T02:15:49.002705,2026-07-16T02:15:49.006907+00:00,66.0,91,ask,,,5813259
2026-07-16T02:15:49.002705,2026-07-16T02:15:49.006907+00:00,66.0,200,ask,,,5813260
2026-07-16T02:15:49.902829,2026-07-16T02:15:49.908122+00:00,65.9,4,bid,,,5813266
2026-07-16T02:15:49.902829,2026-07-16T02:15:49.908122+00:00,65.9,196,bid,,,5813267
2026-07-16T02:15:50.216737,2026-07-16T02:15:50.224101+00:00,65.9,1,bid,,,5813276
2026-07-16T02:15:51.748781,2026-07-16T02:15:51.760690+00:00,65.9,1,bid,,,5813293
2026-07-16T02:15:52.965678,2026-07-16T02:15:52.973625+00:00,65.9,9,bid,,,5813317
2026-07-16T02:15:53.314453,2026-07-16T02:15:53.319098+00:00,65.9,1,bid,,,5813323
2026-07-16T02:15:53.548722,2026-07-16T02:15:53.559057+00:00,65.8,200,ask,,,5813326
2026-07-16T02:15:53.909398,2026-07-16T02:15:53.922138+00:00,65.8,10,ask,,,5813333
2026-07-16T02:15:53.909398,2026-07-16T02:15:53.922138+00:00,65.7,7,ask,,,5813334
2026-07-16T02:15:53.923575,2026-07-16T02:15:53.932654+00:00,65.7,30,bid,,,5813336
2026-07-16T02:15:53.928748,2026-07-16T02:15:53.932654+00:00,65.7,30,bid,,,5813337
2026-07-16T02:15:53.977881,2026-07-16T02:15:53.985171+00:00,65.7,71,bid,,,5813345
2026-07-16T02:15:53.981941,2026-07-16T02:15:53.985171+00:00,65.7,19,bid,,,5813346
2026-07-16T02:15:54.019198,2026-07-16T02:15:54.027482+00:00,65.6,3,ask,,,5813348
2026-07-16T02:15:54.019198,2026-07-16T02:15:54.027482+00:00,65.6,2,ask,,,5813349
2026-07-16T02:15:54.174757,2026-07-16T02:15:54.178251+00:00,65.7,20,bid,,,5813354
2026-07-16T02:15:54.627277,2026-07-16T02:15:54.628900+00:00,65.6,4,ask,,,5813374
2026-07-16T02:15:54.835212,2026-07-16T02:15:54.837763+00:00,65.7,1,bid,,,5813375
2026-07-16T02:15:55.200479,2026-07-16T02:15:55.214539+00:00,65.7,12,bid,,,5813382
2026-07-16T02:15:55.227684,2026-07-16T02:15:55.235577+00:00,65.7,80,bid,,,5813383
2026-07-16T02:15:55.227684,2026-07-16T02:15:55.235577+00:00,65.7,10,bid,,,5813384
2026-07-16T02:15:55.227684,2026-07-16T02:15:55.235577+00:00,65.7,200,bid,,,5813385
2026-07-16T02:15:55.227684,2026-07-16T02:15:55.246100+00:00,65.7,11,bid,,,5813386
2026-07-16T02:15:55.227684,2026-07-16T02:15:55.246100+00:00,65.7,10,bid,,,5813387
2026-07-16T02:15:55.672421,2026-07-16T02:15:55.675992+00:00,65.9,20,bid,,,5813395
2026-07-16T02:15:56.216657,2026-07-16T02:15:56.220318+00:00,65.8,5,bid,,,5813409
2026-07-16T02:15:56.404230,2026-07-16T02:15:56.409189+00:00,65.8,1,bid,,,5813411
2026-07-16T02:15:57.947618,2026-07-16T02:15:57.951149+00:00,65.7,1,bid,,,5813433
2026-07-16T02:15:58.061045,2026-07-16T02:15:58.067043+00:00,65.7,21,bid,,,5813439
2026-07-16T02:15:58.066752,2026-07-16T02:15:58.077503+00:00,65.7,21,bid,,,5813440
2026-07-16T02:15:59.088701,2026-07-16T02:15:59.091230+00:00,65.6,2,ask,,,5813460
2026-07-16T02:15:59.101331,2026-07-16T02:15:59.112522+00:00,65.6,3,ask,,,5813461
2026-07-16T02:15:59.199399,2026-07-16T02:15:59.205511+00:00,65.6,200,ask,,,5813463
2026-07-16T02:15:59.199399,2026-07-16T02:15:59.205511+00:00,65.6,425,ask,,,5813464
2026-07-16T02:15:59.312915,2026-07-16T02:15:59.320714+00:00,65.7,10,bid,,,5813465
2026-07-16T02:15:59.338489,2026-07-16T02:15:59.352672+00:00,65.7,25,ask,,,5813466
2026-07-16T02:15:59.417002,2026-07-16T02:15:59.426719+00:00,65.7,25,ask,,,5813471
2026-07-16T02:15:59.443334,2026-07-16T02:15:59.447736+00:00,65.8,3,bid,,,5813474
2026-07-16T02:15:59.510261,2026-07-16T02:15:59.522110+00:00,65.7,1,ask,,,5813477
2026-07-16T02:15:59.611119,2026-07-16T02:15:59.617097+00:00,65.7,200,ask,,,5813480
2026-07-16T02:15:59.707448,2026-07-16T02:15:59.711831+00:00,65.8,3,bid,,,5813482
2026-07-16T02:15:59.742502,2026-07-16T02:15:59.753972+00:00,65.8,23,ask,,,5813484
2026-07-16T02:15:59.750725,2026-07-16T02:15:59.753972+00:00,65.8,4,ask,,,5813485
2026-07-16T02:15:59.966488,2026-07-16T02:15:59.973944+00:00,65.8,3,ask,,,5813489
2026-07-16T02:16:00.458280,2026-07-16T02:16:00.466558+00:00,65.7,5,ask,,,5813503
2026-07-16T02:16:00.470280,2026-07-16T02:16:00.477031+00:00,65.7,2,ask,,,5813504
2026-07-16T02:16:00.476771,2026-07-16T02:16:00.487555+00:00,65.7,10,ask,,,5813505
2026-07-16T02:16:01.037747,2026-07-16T02:16:01.043676+00:00,65.7,1,ask,,,5813512
2026-07-16T02:16:01.504754,2026-07-16T02:16:01.515860+00:00,65.8,2,bid,,,5813519
2026-07-16T02:16:02.040338,2026-07-16T02:16:02.046316+00:00,65.8,26,bid,,,5813527
2026-07-16T02:16:02.040338,2026-07-16T02:16:02.046316+00:00,65.8,30,bid,,,5813528
2026-07-16T02:16:02.570334,2026-07-16T02:16:02.573897+00:00,65.9,1,bid,,,5813544
2026-07-16T02:16:03.201341,2026-07-16T02:16:03.204652+00:00,65.8,144,ask,,,5813553
2026-07-16T02:16:03.212947,2026-07-16T02:16:03.215199+00:00,65.8,30,bid,,,5813554
2026-07-16T02:16:03.590896,2026-07-16T02:16:03.593694+00:00,65.8,10,bid,,,5813562
2026-07-16T02:16:04.116999,2026-07-16T02:16:04.127274+00:00,65.7,1,ask,,,5813567
2026-07-16T02:16:04.185668,2026-07-16T02:16:04.193474+00:00,65.7,20,ask,,,5813568
2026-07-16T02:16:04.642599,2026-07-16T02:16:04.644676+00:00,65.6,2,ask,,,5813577
2026-07-16T02:16:04.674555,2026-07-16T02:16:04.684956+00:00,65.6,10,ask,,,5813580
2026-07-16T02:16:05.380948,2026-07-16T02:16:05.387984+00:00,65.7,500,bid,,,5813592
2026-07-16T02:16:05.698065,2026-07-16T02:16:05.702647+00:00,65.7,125,bid,,,5813595
2026-07-16T02:16:05.731632,2026-07-16T02:16:05.744935+00:00,65.7,2,ask,,,5813597
2026-07-16T02:16:05.824571,2026-07-16T02:16:05.829336+00:00,65.8,3,bid,,,5813598
2026-07-16T02:16:05.824571,2026-07-16T02:16:05.829336+00:00,65.9,2,bid,,,5813599
2026-07-16T02:16:05.824571,2026-07-16T02:16:05.849232+00:00,65.9,200,bid,,,5813600
2026-07-16T02:16:05.824571,2026-07-16T02:16:05.849232+00:00,65.9,30,bid,,,5813601
2026-07-16T02:16:05.855970,2026-07-16T02:16:05.859957+00:00,65.9,30,ask,,,5813605
2026-07-16T02:16:05.859978,2026-07-16T02:16:05.870563+00:00,65.9,100,ask,,,5813606
2026-07-16T02:16:05.898409,2026-07-16T02:16:05.902189+00:00,65.9,88,ask,,,5813614
2026-07-16T02:16:05.902510,2026-07-16T02:16:05.912723+00:00,65.9,57,ask,,,5813615
2026-07-16T02:16:05.911824,2026-07-16T02:16:05.923264+00:00,65.9,30,ask,,,5813617
2026-07-16T02:16:05.923632,2026-07-16T02:16:05.933833+00:00,65.9,1,ask,,,5813618
2026-07-16T02:16:05.939177,2026-07-16T02:16:05.944520+00:00,65.9,58,ask,,,5813620
2026-07-16T02:16:06.024493,2026-07-16T02:16:06.045755+00:00,65.9,26,ask,,,5813630
2026-07-16T02:16:06.024493,2026-07-16T02:16:06.045755+00:00,65.8,7,ask,,,5813631
2026-07-16T02:16:06.265525,2026-07-16T02:16:06.277444+00:00,65.8,10,ask,,,5813638
2026-07-16T02:16:06.265525,2026-07-16T02:16:06.277444+00:00,65.8,11,ask,,,5813639
2026-07-16T02:16:06.768717,2026-07-16T02:16:06.780528+00:00,65.8,2,ask,,,5813643
2026-07-16T02:16:06.920559,2026-07-16T02:16:06.933807+00:00,65.8,67,ask,,,5813644
2026-07-16T02:16:06.933026,2026-07-16T02:16:06.944439+00:00,65.8,3,bid,,,5813647
2026-07-16T02:16:06.937139,2026-07-16T02:16:06.944439+00:00,65.8,30,bid,,,5813648
2026-07-16T02:16:06.946383,2026-07-16T02:16:06.954996+00:00,65.8,28,bid,,,5813649
2026-07-16T02:16:07.003962,2026-07-16T02:16:07.007872+00:00,65.8,30,bid,,,5813653
2026-07-16T02:16:07.240263,2026-07-16T02:16:07.249787+00:00,65.7,500,ask,,,5813660
2026-07-16T02:16:07.321580,2026-07-16T02:16:07.323458+00:00,65.7,1,bid,,,5813663
2026-07-16T02:16:07.788045,2026-07-16T02:16:07.790348+00:00,65.7,2,bid,,,5813672
2026-07-16T02:16:08.134589,2026-07-16T02:16:08.139235+00:00,65.7,122,bid,,,5813680
2026-07-16T02:16:08.134589,2026-07-16T02:16:08.139235+00:00,65.7,20,bid,,,5813681
2026-07-16T02:16:08.134589,2026-07-16T02:16:08.149784+00:00,65.8,22,bid,,,5813682
2026-07-16T02:16:08.134589,2026-07-16T02:16:08.149784+00:00,65.8,7,bid,,,5813683
2026-07-16T02:16:08.171068,2026-07-16T02:16:08.181423+00:00,65.8,10,ask,,,5813684
2026-07-16T02:16:08.191190,2026-07-16T02:16:08.202442+00:00,65.8,19,ask,,,5813686
2026-07-16T02:16:08.291243,2026-07-16T02:16:08.296918+00:00,65.8,30,ask,,,5813690
2026-07-16T02:16:08.894479,2026-07-16T02:16:08.899914+00:00,65.9,2,bid,,,5813706
2026-07-16T02:16:08.899539,2026-07-16T02:16:08.910532+00:00,65.9,1,bid,,,5813707
2026-07-16T02:16:08.899539,2026-07-16T02:16:08.910532+00:00,65.9,9,bid,,,5813708
2026-07-16T02:16:08.929403,2026-07-16T02:16:08.931825+00:00,65.9,1,bid,,,5813709
2026-07-16T02:16:09.871778,2026-07-16T02:16:09.881993+00:00,65.8,200,bid,,,5813716
2026-07-16T02:16:09.953212,2026-07-16T02:16:09.956388+00:00,65.8,2,ask,,,5813720
2026-07-16T02:16:10.582252,2026-07-16T02:16:10.587493+00:00,65.8,200,ask,,,5813730
2026-07-16T02:16:11.195387,2026-07-16T02:16:11.201928+00:00,65.8,11,ask,,,5813739
2026-07-16T02:16:11.195387,2026-07-16T02:16:11.201928+00:00,65.8,10,ask,,,5813740
2026-07-16T02:16:11.195387,2026-07-16T02:16:11.201928+00:00,65.7,10,ask,,,5813741
2026-07-16T02:16:11.195387,2026-07-16T02:16:11.212428+00:00,65.7,200,ask,,,5813742
2026-07-16T02:16:11.195387,2026-07-16T02:16:11.212428+00:00,65.7,7,ask,,,5813743
2026-07-16T02:16:11.195387,2026-07-16T02:16:11.212428+00:00,65.6,3,ask,,,5813744
2026-07-16T02:16:11.195387,2026-07-16T02:16:11.212428+00:00,65.6,384,ask,,,5813745
2026-07-16T02:16:11.481184,2026-07-16T02:16:11.486469+00:00,65.7,3,ask,,,5813755
2026-07-16T02:16:11.997798,2026-07-16T02:16:12.000257+00:00,65.9,4,bid,,,5813762
2026-07-16T02:16:12.107974,2026-07-16T02:16:12.119272+00:00,65.8,1,ask,,,5813767
2026-07-16T02:16:12.523129,2026-07-16T02:16:12.527595+00:00,65.8,29,ask,,,5813772
2026-07-16T02:16:12.523129,2026-07-16T02:16:12.527595+00:00,65.8,200,ask,,,5813773
2026-07-16T02:16:12.523129,2026-07-16T02:16:12.538075+00:00,65.8,1,ask,,,5813774
2026-07-16T02:16:12.523129,2026-07-16T02:16:12.538075+00:00,65.8,22,ask,,,5813775
2026-07-16T02:16:12.535296,2026-07-16T02:16:12.538075+00:00,65.8,30,bid,,,5813776
2026-07-16T02:16:13.729912,2026-07-16T02:16:13.732370+00:00,65.7,1,ask,,,5813805
2026-07-16T02:16:13.839015,2026-07-16T02:16:13.848765+00:00,65.8,200,bid,,,5813808
2026-07-16T02:16:13.839015,2026-07-16T02:16:13.848765+00:00,65.8,10,bid,,,5813809
2026-07-16T02:16:13.839015,2026-07-16T02:16:13.848765+00:00,65.9,30,bid,,,5813810
2026-07-16T02:16:13.839015,2026-07-16T02:16:13.848765+00:00,65.9,3,bid,,,5813811
2026-07-16T02:16:13.859560,2026-07-16T02:16:13.869774+00:00,65.9,30,ask,,,5813813
2026-07-16T02:16:13.937501,2026-07-16T02:16:13.952765+00:00,65.9,21,ask,,,5813817
2026-07-16T02:16:13.943577,2026-07-16T02:16:13.952765+00:00,65.9,22,ask,,,5813818
2026-07-16T02:16:13.970114,2026-07-16T02:16:13.973848+00:00,65.9,30,ask,,,5813819
2026-07-16T02:16:13.988474,2026-07-16T02:16:13.994826+00:00,65.9,20,ask,,,5813821
2026-07-16T02:16:13.992624,2026-07-16T02:16:13.994826+00:00,65.9,45,ask,,,5813822
2026-07-16T02:16:14.051252,2026-07-16T02:16:14.055941+00:00,66.1,3,bid,,,5813827
2026-07-16T02:16:14.051252,2026-07-16T02:16:14.055941+00:00,66.1,21,bid,,,5813828
2026-07-16T02:16:14.541540,2026-07-16T02:16:14.553000+00:00,66.0,5,bid,,,5813840
2026-07-16T02:16:14.916824,2026-07-16T02:16:14.919312+00:00,66.0,4,bid,,,5813848
2026-07-16T02:16:15.179873,2026-07-16T02:16:15.181763+00:00,65.9,30,ask,,,5813853
2026-07-16T02:16:15.179873,2026-07-16T02:16:15.205668+00:00,65.9,200,ask,,,5813854
2026-07-16T02:16:15.179873,2026-07-16T02:16:15.205668+00:00,65.9,30,ask,,,5813855
2026-07-16T02:16:15.179873,2026-07-16T02:16:15.205668+00:00,65.9,10,ask,,,5813856
2026-07-16T02:16:15.210552,2026-07-16T02:16:15.216345+00:00,65.9,30,bid,,,5813859
2026-07-16T02:16:15.244647,2026-07-16T02:16:15.247890+00:00,65.9,6,bid,,,5813862
2026-07-16T02:16:16.915400,2026-07-16T02:16:16.917024+00:00,65.9,1,ask,,,5813888
2026-07-16T02:16:17.873671,2026-07-16T02:16:17.884481+00:00,66.0,200,bid,,,5813905
2026-07-16T02:16:18.171760,2026-07-16T02:16:18.180905+00:00,65.9,2,ask,,,5813915
2026-07-16T02:16:18.180536,2026-07-16T02:16:18.191380+00:00,65.9,10,ask,,,5813917
2026-07-16T02:16:18.459783,2026-07-16T02:16:18.463253+00:00,65.9,1,ask,,,5813919
2026-07-16T02:16:19.209777,2026-07-16T02:16:19.230895+00:00,66.0,10,bid,,,5813930
2026-07-16T02:16:19.246844,2026-07-16T02:16:19.252080+00:00,66.0,2,bid,,,5813934
2026-07-16T02:16:20.001529,2026-07-16T02:16:20.007414+00:00,65.9,1,ask,,,5813949
2026-07-16T02:16:20.448025,2026-07-16T02:16:20.456942+00:00,65.9,200,ask,,,5813952
2026-07-16T02:16:21.543572,2026-07-16T02:16:21.555349+00:00,65.8,1,ask,,,5813969
2026-07-16T02:16:21.782705,2026-07-16T02:16:21.786529+00:00,65.9,200,bid,,,5813974
2026-07-16T02:16:21.782705,2026-07-16T02:16:21.786529+00:00,66.0,28,bid,,,5813975
2026-07-16T02:16:21.782705,2026-07-16T02:16:21.802802+00:00,66.0,2,bid,,,5813976
2026-07-16T02:16:21.782705,2026-07-16T02:16:21.802802+00:00,66.0,3,bid,,,5813977
2026-07-16T02:16:21.807900,2026-07-16T02:16:21.813434+00:00,66.0,30,ask,,,5813980
2026-07-16T02:16:21.814018,2026-07-16T02:16:21.824003+00:00,66.0,3,ask,,,5813981
2026-07-16T02:16:21.830675,2026-07-16T02:16:21.845155+00:00,66.0,30,ask,,,5813984
2026-07-16T02:16:21.840010,2026-07-16T02:16:21.845155+00:00,66.0,3,ask,,,5813985
2026-07-16T02:16:21.936558,2026-07-16T02:16:21.940625+00:00,66.0,30,ask,,,5813994
2026-07-16T02:16:21.978354,2026-07-16T02:16:21.983229+00:00,66.0,3,ask,,,5813998
2026-07-16T02:16:23.067623,2026-07-16T02:16:23.073000+00:00,66.0,1,ask,,,5814004
2026-07-16T02:16:24.423501,2026-07-16T02:16:24.442563+00:00,66.0,30,bid,,,5814030
2026-07-16T02:16:24.423678,2026-07-16T02:16:24.442563+00:00,66.0,8,bid,,,5814031
2026-07-16T02:16:24.423678,2026-07-16T02:16:24.442563+00:00,66.0,200,bid,,,5814032
2026-07-16T02:16:24.423678,2026-07-16T02:16:24.442563+00:00,66.0,417,bid,,,5814033
2026-07-16T02:16:24.464823,2026-07-16T02:16:24.474224+00:00,66.0,48,bid,,,5814035
2026-07-16T02:16:24.469046,2026-07-16T02:16:24.474224+00:00,66.0,8,bid,,,5814036
2026-07-16T02:16:24.483360,2026-07-16T02:16:24.484816+00:00,66.0,8,bid,,,5814039
2026-07-16T02:16:24.618272,2026-07-16T02:16:24.621544+00:00,65.9,1,ask,,,5814044
2026-07-16T02:16:25.752539,2026-07-16T02:16:25.754034+00:00,65.9,20,ask,,,5814054
2026-07-16T02:16:25.763655,2026-07-16T02:16:25.775079+00:00,65.9,80,ask,,,5814055
2026-07-16T02:16:25.763655,2026-07-16T02:16:25.775079+00:00,65.9,200,ask,,,5814056
2026-07-16T02:16:25.763655,2026-07-16T02:16:25.775079+00:00,65.9,10,ask,,,5814057
2026-07-16T02:16:25.763655,2026-07-16T02:16:25.775079+00:00,65.8,10,ask,,,5814058
2026-07-16T02:16:25.763655,2026-07-16T02:16:25.775079+00:00,65.8,7,ask,,,5814059
2026-07-16T02:16:25.763655,2026-07-16T02:16:25.785582+00:00,65.6,318,ask,,,5814060
2026-07-16T02:16:25.926524,2026-07-16T02:16:25.932487+00:00,66.0,5,bid,,,5814065
2026-07-16T02:16:26.176516,2026-07-16T02:16:26.184845+00:00,65.9,7,bid,,,5814069
2026-07-16T02:16:26.176516,2026-07-16T02:16:26.184845+00:00,65.9,23,bid,,,5814070
2026-07-16T02:16:26.364207,2026-07-16T02:16:26.373700+00:00,65.9,28,bid,,,5814073
2026-07-16T02:16:26.364207,2026-07-16T02:16:26.373700+00:00,65.9,5,bid,,,5814074
2026-07-16T02:16:26.364207,2026-07-16T02:16:26.373700+00:00,65.9,52,bid,,,5814075
2026-07-16T02:16:26.364207,2026-07-16T02:16:26.373700+00:00,65.9,5,bid,,,5814076
2026-07-16T02:16:26.380949,2026-07-16T02:16:26.384217+00:00,65.9,1,ask,,,5814079
2026-07-16T02:16:27.594865,2026-07-16T02:16:27.599518+00:00,65.9,80,ask,,,5814095
2026-07-16T02:16:27.594865,2026-07-16T02:16:27.599518+00:00,65.8,10,ask,,,5814096
2026-07-16T02:16:27.594865,2026-07-16T02:16:27.610037+00:00,65.8,30,ask,,,5814097
2026-07-16T02:16:27.594865,2026-07-16T02:16:27.610037+00:00,65.8,80,ask,,,5814098
2026-07-16T02:16:28.248470,2026-07-16T02:16:28.253012+00:00,66.0,20,bid,,,5814119
2026-07-16T02:16:28.436636,2026-07-16T02:16:28.442327+00:00,66.0,2,bid,,,5814121
2026-07-16T02:16:28.449596,2026-07-16T02:16:28.452838+00:00,66.0,10,bid,,,5814122
2026-07-16T02:16:29.486481,2026-07-16T02:16:29.488083+00:00,66.0,2,bid,,,5814136
2026-07-16T02:16:29.881625,2026-07-16T02:16:29.897740+00:00,65.8,20,ask,,,5814146
2026-07-16T02:16:29.923228,2026-07-16T02:16:29.929331+00:00,66.0,47,bid,,,5814147
2026-07-16T02:16:30.038670,2026-07-16T02:16:30.044805+00:00,65.9,30,bid,,,5814152
2026-07-16T02:16:30.066442,2026-07-16T02:16:30.076302+00:00,65.9,33,bid,,,5814156
2026-07-16T02:16:30.070813,2026-07-16T02:16:30.076302+00:00,65.9,30,bid,,,5814157
2026-07-16T02:16:30.516441,2026-07-16T02:16:30.528154+00:00,65.9,2,bid,,,5814168
2026-07-16T02:16:30.520562,2026-07-16T02:16:30.528154+00:00,65.8,20,ask,,,5814169
2026-07-16T02:16:30.773019,2026-07-16T02:16:30.779260+00:00,65.9,10,bid,,,5814175
2026-07-16T02:16:31.085070,2026-07-16T02:16:31.093743+00:00,65.9,95,bid,,,5814177
2026-07-16T02:16:31.085070,2026-07-16T02:16:31.093743+00:00,65.9,3,bid,,,5814178
2026-07-16T02:16:31.239497,2026-07-16T02:16:31.241556+00:00,66.0,30,bid,,,5814182
2026-07-16T02:16:31.239497,2026-07-16T02:16:31.252081+00:00,66.0,3,bid,,,5814183
2026-07-16T02:16:31.239497,2026-07-16T02:16:31.252081+00:00,66.0,167,bid,,,5814184
2026-07-16T02:16:31.542990,2026-07-16T02:16:31.546314+00:00,66.0,2,bid,,,5814192
2026-07-16T02:16:31.550390,2026-07-16T02:16:31.556878+00:00,66.0,10,bid,,,5814193
2026-07-16T02:16:32.577914,2026-07-16T02:16:32.579916+00:00,66.0,2,bid,,,5814207
2026-07-16T02:16:33.180588,2026-07-16T02:16:33.182330+00:00,65.9,20,ask,,,5814218
2026-07-16T02:16:33.602849,2026-07-16T02:16:33.611933+00:00,66.0,2,bid,,,5814225
2026-07-16T02:16:33.676952,2026-07-16T02:16:33.685033+00:00,65.9,200,ask,,,5814227
2026-07-16T02:16:33.731949,2026-07-16T02:16:33.737814+00:00,65.8,10,ask,,,5814229
2026-07-16T02:16:33.731949,2026-07-16T02:16:33.737814+00:00,65.8,7,ask,,,5814230
2026-07-16T02:16:33.731949,2026-07-16T02:16:33.737814+00:00,65.8,30,ask,,,5814231
2026-07-16T02:16:33.744328,2026-07-16T02:16:33.761868+00:00,65.8,2,bid,,,5814232
2026-07-16T02:16:33.756892,2026-07-16T02:16:33.772455+00:00,65.8,30,bid,,,5814236
2026-07-16T02:16:33.781342,2026-07-16T02:16:33.793445+00:00,65.8,1,bid,,,5814240
2026-07-16T02:16:33.793297,2026-07-16T02:16:33.803964+00:00,65.8,1,bid,,,5814242
2026-07-16T02:16:33.815714,2026-07-16T02:16:33.824984+00:00,65.7,10,ask,,,5814244
2026-07-16T02:16:33.815714,2026-07-16T02:16:33.824984+00:00,65.7,4,ask,,,5814245
2026-07-16T02:16:34.622796,2026-07-16T02:16:34.627548+00:00,65.6,2,ask,,,5814267
2026-07-16T02:16:35.569502,2026-07-16T02:16:35.578588+00:00,65.6,1,ask,,,5814278
2026-07-16T02:16:35.708289,2026-07-16T02:16:35.715452+00:00,65.6,2,ask,,,5814281
2026-07-16T02:16:36.049581,2026-07-16T02:16:36.061225+00:00,65.8,20,bid,,,5814286
2026-07-16T02:16:36.432757,2026-07-16T02:16:36.439300+00:00,65.8,200,bid,,,5814290
2026-07-16T02:16:36.432757,2026-07-16T02:16:36.439300+00:00,65.8,15,bid,,,5814291
2026-07-16T02:16:36.432757,2026-07-16T02:16:36.439300+00:00,65.8,3,bid,,,5814292
2026-07-16T02:16:36.432757,2026-07-16T02:16:36.465341+00:00,65.8,10,bid,,,5814293
2026-07-16T02:16:36.432757,2026-07-16T02:16:36.465341+00:00,65.8,17,bid,,,5814294
2026-07-16T02:16:36.432757,2026-07-16T02:16:36.465341+00:00,65.9,30,bid,,,5814295
2026-07-16T02:16:36.432757,2026-07-16T02:16:36.465341+00:00,65.9,3,bid,,,5814296
2026-07-16T02:16:36.459760,2026-07-16T02:16:36.465341+00:00,65.9,30,ask,,,5814298
2026-07-16T02:16:36.459947,2026-07-16T02:16:36.476016+00:00,65.9,62,ask,,,5814299
2026-07-16T02:16:36.489011,2026-07-16T02:16:36.497253+00:00,65.9,14,ask,,,5814301
2026-07-16T02:16:36.574562,2026-07-16T02:16:36.581732+00:00,65.9,30,ask,,,5814314
2026-07-16T02:16:36.584451,2026-07-16T02:16:36.592283+00:00,65.9,26,ask,,,5814315
2026-07-16T02:16:36.598757,2026-07-16T02:16:36.602786+00:00,65.9,34,ask,,,5814316
2026-07-16T02:16:36.728806,2026-07-16T02:16:36.740016+00:00,65.9,28,ask,,,5814321
2026-07-16T02:16:36.762729,2026-07-16T02:16:36.771662+00:00,65.9,2,ask,,,5814325
2026-07-16T02:16:37.113131,2026-07-16T02:16:37.117813+00:00,65.9,1,ask,,,5814331
2026-07-16T02:16:37.164198,2026-07-16T02:16:37.170411+00:00,66.0,50,bid,,,5814334
2026-07-16T02:16:37.209547,2026-07-16T02:16:37.221100+00:00,66.0,30,bid,,,5814335
2026-07-16T02:16:37.230080,2026-07-16T02:16:37.231828+00:00,66.0,40,bid,,,5814338
2026-07-16T02:16:37.313330,2026-07-16T02:16:37.315676+00:00,66.0,200,bid,,,5814343
2026-07-16T02:16:37.796075,2026-07-16T02:16:37.800839+00:00,65.9,80,ask,,,5814347
2026-07-16T02:16:37.796075,2026-07-16T02:16:37.800839+00:00,65.9,3,ask,,,5814348
2026-07-16T02:16:37.796075,2026-07-16T02:16:37.811464+00:00,65.8,10,ask,,,5814349
2026-07-16T02:16:37.796075,2026-07-16T02:16:37.811464+00:00,65.8,7,ask,,,5814350
2026-07-16T02:16:37.796075,2026-07-16T02:16:37.811464+00:00,65.8,30,ask,,,5814351
2026-07-16T02:16:37.796075,2026-07-16T02:16:37.811464+00:00,65.7,3,ask,,,5814352
2026-07-16T02:16:37.796075,2026-07-16T02:16:37.811464+00:00,65.6,492,ask,,,5814353
2026-07-16T02:16:38.531213,2026-07-16T02:16:38.533264+00:00,65.8,24,bid,,,5814367
2026-07-16T02:16:38.531213,2026-07-16T02:16:38.543873+00:00,65.9,7,bid,,,5814368
2026-07-16T02:16:38.538560,2026-07-16T02:16:38.554594+00:00,65.9,43,ask,,,5814370
2026-07-16T02:16:38.640738,2026-07-16T02:16:38.650385+00:00,65.9,1,ask,,,5814375
2026-07-16T02:16:39.317411,2026-07-16T02:16:39.328272+00:00,65.9,125,ask,,,5814385
2026-07-16T02:16:40.161289,2026-07-16T02:16:40.169100+00:00,65.8,1,ask,,,5814394
2026-07-16T02:16:40.431284,2026-07-16T02:16:40.441633+00:00,65.8,200,ask,,,5814397
2026-07-16T02:16:40.431284,2026-07-16T02:16:40.441633+00:00,65.8,7,ask,,,5814398
2026-07-16T02:16:43.420211,2026-07-16T02:16:43.431450+00:00,65.6,1,ask,,,5814453
2026-07-16T02:16:44.418299,2026-07-16T02:16:44.423932+00:00,65.7,200,bid,,,5814461
2026-07-16T02:16:44.418299,2026-07-16T02:16:44.423932+00:00,65.8,11,bid,,,5814462
2026-07-16T02:16:44.418299,2026-07-16T02:16:44.468490+00:00,65.8,7,bid,,,5814463
2026-07-16T02:16:44.498439,2026-07-16T02:16:44.500597+00:00,65.8,7,ask,,,5814468
2026-07-16T02:16:44.513234,2026-07-16T02:16:44.532187+00:00,65.8,49,ask,,,5814470
2026-07-16T02:16:44.513487,2026-07-16T02:16:44.532187+00:00,65.8,30,ask,,,5814471
2026-07-16T02:16:44.589854,2026-07-16T02:16:44.595701+00:00,65.8,20,ask,,,5814475
2026-07-16T02:16:44.594305,2026-07-16T02:16:44.606267+00:00,65.8,41,ask,,,5814478
2026-07-16T02:16:44.604468,2026-07-16T02:16:44.606267+00:00,65.8,32,ask,,,5814479
2026-07-16T02:16:44.632870,2026-07-16T02:16:44.637982+00:00,65.8,200,ask,,,5814482
2026-07-16T02:16:44.721457,2026-07-16T02:16:44.732775+00:00,65.8,28,ask,,,5814486
2026-07-16T02:16:44.947549,2026-07-16T02:16:44.954087+00:00,65.7,1,ask,,,5814492
2026-07-16T02:16:45.208075,2026-07-16T02:16:45.215913+00:00,65.8,2,bid,,,5814498
2026-07-16T02:16:45.775028,2026-07-16T02:16:45.782774+00:00,65.7,20,ask,,,5814505
2026-07-16T02:16:46.503956,2026-07-16T02:16:46.511316+00:00,65.7,1,ask,,,5814522
2026-07-16T02:16:47.037290,2026-07-16T02:16:47.047227+00:00,65.8,5,bid,,,5814533
2026-07-16T02:16:47.289937,2026-07-16T02:16:47.301139+00:00,65.7,5,ask,,,5814544
2026-07-16T02:16:48.032423,2026-07-16T02:16:48.036372+00:00,65.7,1,ask,,,5814556
2026-07-16T02:16:48.293683,2026-07-16T02:16:48.299192+00:00,65.8,200,bid,,,5814565
2026-07-16T02:16:49.935657,2026-07-16T02:16:49.939880+00:00,65.7,20,ask,,,5814594
2026-07-16T02:16:51.234105,2026-07-16T02:16:51.245488+00:00,65.8,1,ask,,,5814611
2026-07-16T02:16:52.378703,2026-07-16T02:16:52.387190+00:00,65.9,39,bid,,,5814622
2026-07-16T02:16:52.393305,2026-07-16T02:16:52.397815+00:00,65.9,30,ask,,,5814623
2026-07-16T02:16:52.424722,2026-07-16T02:16:52.429715+00:00,65.9,9,ask,,,5814628
2026-07-16T02:16:52.446635,2026-07-16T02:16:52.450755+00:00,65.9,30,ask,,,5814629
2026-07-16T02:16:52.481297,2026-07-16T02:16:52.492788+00:00,65.9,1,ask,,,5814632
2026-07-16T02:16:52.510379,2026-07-16T02:16:52.513945+00:00,65.9,20,ask,,,5814634
2026-07-16T02:16:52.563403,2026-07-16T02:16:52.577273+00:00,65.9,31,ask,,,5814640
2026-07-16T02:16:52.763526,2026-07-16T02:16:52.766104+00:00,65.9,1,ask,,,5814642
2026-07-16T02:16:53.038958,2026-07-16T02:16:53.049105+00:00,66.0,30,bid,,,5814647
2026-07-16T02:16:53.053762,2026-07-16T02:16:53.059607+00:00,66.0,13,bid,,,5814650
2026-07-16T02:16:53.061711,2026-07-16T02:16:53.070108+00:00,66.0,100,bid,,,5814651
2026-07-16T02:16:53.065546,2026-07-16T02:16:53.070108+00:00,65.9,13,ask,,,5814652
2026-07-16T02:16:54.320087,2026-07-16T02:16:54.322962+00:00,66.0,1,ask,,,5814668
2026-07-16T02:16:55.055892,2026-07-16T02:16:55.067675+00:00,66.0,77,ask,,,5814678
2026-07-16T02:16:55.055892,2026-07-16T02:16:55.067675+00:00,66.0,200,ask,,,5814679
2026-07-16T02:16:55.055892,2026-07-16T02:16:55.067675+00:00,66.0,20,ask,,,5814680
2026-07-16T02:16:55.082748,2026-07-16T02:16:55.088772+00:00,66.0,30,bid,,,5814681
2026-07-16T02:16:55.096070,2026-07-16T02:16:55.099321+00:00,66.0,173,bid,,,5814682
2026-07-16T02:16:55.119975,2026-07-16T02:16:55.131037+00:00,66.0,7,ask,,,5814685
2026-07-16T02:16:55.282964,2026-07-16T02:16:55.288401+00:00,66.1,1,bid,,,5814687
2026-07-16T02:16:55.643105,2026-07-16T02:16:55.645030+00:00,66.0,445,ask,,,5814692
2026-07-16T02:16:55.661622,2026-07-16T02:16:55.676760+00:00,66.0,15,bid,,,5814693
2026-07-16T02:16:56.410393,2026-07-16T02:16:56.413254+00:00,65.9,200,ask,,,5814706
2026-07-16T02:16:56.410393,2026-07-16T02:16:56.431526+00:00,65.8,10,ask,,,5814707
2026-07-16T02:16:56.410393,2026-07-16T02:16:56.431526+00:00,65.8,3,ask,,,5814708
2026-07-16T02:16:56.410393,2026-07-16T02:16:56.431526+00:00,65.8,30,ask,,,5814709
2026-07-16T02:16:56.410393,2026-07-16T02:16:56.431526+00:00,65.8,7,ask,,,5814710
2026-07-16T02:16:56.432973,2026-07-16T02:16:56.442186+00:00,65.7,30,bid,,,5814713
2026-07-16T02:16:56.433446,2026-07-16T02:16:56.452921+00:00,65.7,28,bid,,,5814716
2026-07-16T02:16:56.462638,2026-07-16T02:16:56.474019+00:00,65.7,35,bid,,,5814717
2026-07-16T02:16:56.467448,2026-07-16T02:16:56.474019+00:00,65.7,8,bid,,,5814718
2026-07-16T02:16:56.484329,2026-07-16T02:16:56.495113+00:00,65.6,30,ask,,,5814720
2026-07-16T02:16:56.584418,2026-07-16T02:16:56.589721+00:00,65.7,11,bid,,,5814729
2026-07-16T02:16:56.592630,2026-07-16T02:16:56.600313+00:00,65.7,3,bid,,,5814730
2026-07-16T02:16:56.783783,2026-07-16T02:16:56.788958+00:00,65.7,200,bid,,,5814734
2026-07-16T02:16:56.815734,2026-07-16T02:16:56.820540+00:00,65.6,22,ask,,,5814735
2026-07-16T02:16:57.075291,2026-07-16T02:16:57.082953+00:00,65.6,5,ask,,,5814742
2026-07-16T02:16:57.412088,2026-07-16T02:16:57.418484+00:00,65.6,1,ask,,,5814746
2026-07-16T02:16:57.997145,2026-07-16T02:16:57.999507+00:00,65.9,200,bid,,,5814754
2026-07-16T02:16:58.956124,2026-07-16T02:16:58.961001+00:00,65.7,1,ask,,,5814771
2026-07-16T02:16:58.960865,2026-07-16T02:16:58.971606+00:00,65.7,11,ask,,,5814772
2026-07-16T02:16:58.984343,2026-07-16T02:16:58.992765+00:00,65.7,11,ask,,,5814775
2026-07-16T02:16:59.048069,2026-07-16T02:16:59.055947+00:00,65.9,66,bid,,,5814776
2026-07-16T02:16:59.048069,2026-07-16T02:16:59.055947+00:00,65.9,7,bid,,,5814777
2026-07-16T02:16:59.048069,2026-07-16T02:16:59.055947+00:00,65.9,8,bid,,,5814778
2026-07-16T02:16:59.048069,2026-07-16T02:16:59.066464+00:00,65.9,11,bid,,,5814779
2026-07-16T02:16:59.048069,2026-07-16T02:16:59.066464+00:00,65.9,10,bid,,,5814780
2026-07-16T02:16:59.048069,2026-07-16T02:16:59.066464+00:00,66.0,3,bid,,,5814781
2026-07-16T02:16:59.048069,2026-07-16T02:16:59.066464+00:00,66.0,16,bid,,,5814782
2026-07-16T02:16:59.066191,2026-07-16T02:16:59.076994+00:00,66.0,9,ask,,,5814783
2026-07-16T02:16:59.157735,2026-07-16T02:16:59.161218+00:00,66.0,2,ask,,,5814785
2026-07-16T02:16:59.163907,2026-07-16T02:16:59.171738+00:00,66.0,10,ask,,,5814786
2026-07-16T02:16:59.227675,2026-07-16T02:16:59.234971+00:00,66.0,200,ask,,,5814787
2026-07-16T02:16:59.307000,2026-07-16T02:16:59.309766+00:00,66.0,283,ask,,,5814788
2026-07-16T02:16:59.307000,2026-07-16T02:16:59.320308+00:00,66.0,74,ask,,,5814789
2026-07-16T02:16:59.307000,2026-07-16T02:16:59.320308+00:00,66.0,3,ask,,,5814790
2026-07-16T02:16:59.341824,2026-07-16T02:16:59.352256+00:00,66.0,6,bid,,,5814791
2026-07-16T02:17:00.132299,2026-07-16T02:17:00.140208+00:00,65.8,10,ask,,,5814801
2026-07-16T02:17:00.132299,2026-07-16T02:17:00.140208+00:00,65.8,7,ask,,,5814802
2026-07-16T02:17:00.192485,2026-07-16T02:17:00.203285+00:00,66.0,10,bid,,,5814803
2026-07-16T02:17:00.213354,2026-07-16T02:17:00.224321+00:00,66.0,2,bid,,,5814805
2026-07-16T02:17:01.783869,2026-07-16T02:17:01.791399+00:00,65.8,200,ask,,,5814830
2026-07-16T02:17:01.808907,2026-07-16T02:17:01.812513+00:00,65.8,30,bid,,,5814834
2026-07-16T02:17:01.813292,2026-07-16T02:17:01.823059+00:00,65.8,30,bid,,,5814835
2026-07-16T02:17:01.819789,2026-07-16T02:17:01.823059+00:00,65.8,16,bid,,,5814836
2026-07-16T02:17:01.826423,2026-07-16T02:17:01.833724+00:00,65.8,14,bid,,,5814837
2026-07-16T02:17:01.864022,2026-07-16T02:17:01.865511+00:00,65.8,30,bid,,,5814840
2026-07-16T02:17:01.892797,2026-07-16T02:17:01.907577+00:00,65.8,36,bid,,,5814845
2026-07-16T02:17:01.961718,2026-07-16T02:17:01.970710+00:00,65.7,3,ask,,,5814850
2026-07-16T02:17:01.961718,2026-07-16T02:17:01.970710+00:00,65.7,26,ask,,,5814851
2026-07-16T02:17:02.073052,2026-07-16T02:17:02.075568+00:00,65.8,5,bid,,,5814852
2026-07-16T02:17:02.144068,2026-07-16T02:17:02.149145+00:00,65.7,1,ask,,,5814853
2026-07-16T02:17:02.265331,2026-07-16T02:17:02.275475+00:00,65.8,2,bid,,,5814854
2026-07-16T02:17:02.270364,2026-07-16T02:17:02.275475+00:00,65.8,10,bid,,,5814855
2026-07-16T02:17:02.629193,2026-07-16T02:17:02.636762+00:00,65.7,30,ask,,,5814861
2026-07-16T02:17:02.629991,2026-07-16T02:17:02.647612+00:00,65.7,93,ask,,,5814863
2026-07-16T02:17:02.697657,2026-07-16T02:17:02.700919+00:00,65.7,8,ask,,,5814868
2026-07-16T02:17:02.724043,2026-07-16T02:17:02.732727+00:00,65.7,1,ask,,,5814869
2026-07-16T02:17:02.871263,2026-07-16T02:17:02.879254+00:00,65.8,200,bid,,,5814871
2026-07-16T02:17:02.876382,2026-07-16T02:17:02.879254+00:00,65.7,4,ask,,,5814872
2026-07-16T02:17:03.103343,2026-07-16T02:17:03.110714+00:00,65.8,67,bid,,,5814878
2026-07-16T02:17:03.103343,2026-07-16T02:17:03.110714+00:00,65.9,19,bid,,,5814879
2026-07-16T02:17:03.103343,2026-07-16T02:17:03.110714+00:00,65.9,7,bid,,,5814880
2026-07-16T02:17:03.103343,2026-07-16T02:17:03.110714+00:00,65.9,3,bid,,,5814881
2026-07-16T02:17:03.117450,2026-07-16T02:17:03.121239+00:00,65.9,30,ask,,,5814882
2026-07-16T02:17:03.121595,2026-07-16T02:17:03.131725+00:00,65.9,23,ask,,,5814883
2026-07-16T02:17:03.135920,2026-07-16T02:17:03.142239+00:00,65.9,19,ask,,,5814886
2026-07-16T02:17:03.160978,2026-07-16T02:17:03.163408+00:00,65.9,30,ask,,,5814889
2026-07-16T02:17:03.192283,2026-07-16T02:17:03.195134+00:00,65.9,41,ask,,,5814894
2026-07-16T02:17:03.211641,2026-07-16T02:17:03.216233+00:00,65.9,35,ask,,,5814896
2026-07-16T02:17:03.224543,2026-07-16T02:17:03.237285+00:00,65.9,46,ask,,,5814898
2026-07-16T02:17:03.265159,2026-07-16T02:17:03.269063+00:00,65.9,15,ask,,,5814901
2026-07-16T02:17:03.276346,2026-07-16T02:17:03.279742+00:00,65.9,27,ask,,,5814902
2026-07-16T02:17:03.295688,2026-07-16T02:17:03.301070+00:00,65.9,25,ask,,,5814903
2026-07-16T02:17:03.315041,2026-07-16T02:17:03.322323+00:00,65.9,34,ask,,,5814906
2026-07-16T02:17:03.319932,2026-07-16T02:17:03.332939+00:00,65.9,2,ask,,,5814907
2026-07-16T02:17:03.697866,2026-07-16T02:17:03.699955+00:00,66.0,3,bid,,,5814910
2026-07-16T02:17:03.722275,2026-07-16T02:17:03.731410+00:00,65.9,1,ask,,,5814911
2026-07-16T02:17:04.044802,2026-07-16T02:17:04.056117+00:00,66.0,27,bid,,,5814916
2026-07-16T02:17:04.282328,2026-07-16T02:17:04.286797+00:00,66.0,5,bid,,,5814917
2026-07-16T02:17:04.342467,2026-07-16T02:17:04.351216+00:00,65.9,2,ask,,,5814918
2026-07-16T02:17:04.431390,2026-07-16T02:17:04.436158+00:00,65.9,63,ask,,,5814920
2026-07-16T02:17:04.431390,2026-07-16T02:17:04.446716+00:00,65.9,17,ask,,,5814921
2026-07-16T02:17:04.431390,2026-07-16T02:17:04.446716+00:00,65.8,10,ask,,,5814922
2026-07-16T02:17:04.431390,2026-07-16T02:17:04.446716+00:00,65.8,30,ask,,,5814923
2026-07-16T02:17:04.431390,2026-07-16T02:17:04.446716+00:00,65.8,200,ask,,,5814924
2026-07-16T02:17:04.431390,2026-07-16T02:17:04.556913+00:00,65.8,5,ask,,,5814925
2026-07-16T02:17:04.457505,2026-07-16T02:17:04.556913+00:00,65.7,10,bid,,,5814926
2026-07-16T02:17:04.457947,2026-07-16T02:17:04.556913+00:00,65.7,30,bid,,,5814927
2026-07-16T02:17:04.469247,2026-07-16T02:17:04.556913+00:00,65.7,30,bid,,,5814929
2026-07-16T02:17:04.505930,2026-07-16T02:17:04.556913+00:00,65.7,10,bid,,,5814932
2026-07-16T02:17:04.533902,2026-07-16T02:17:04.556913+00:00,65.7,20,bid,,,5814936
2026-07-16T02:17:04.613467,2026-07-16T02:17:04.631394+00:00,65.7,13,bid,,,5814944
2026-07-16T02:17:04.667201,2026-07-16T02:17:04.673627+00:00,65.7,30,bid,,,5814949
2026-07-16T02:17:05.008471,2026-07-16T02:17:05.010282+00:00,65.7,8,bid,,,5814959
2026-07-16T02:17:05.252539,2026-07-16T02:17:05.261618+00:00,65.6,1,ask,,,5814961
2026-07-16T02:17:05.303281,2026-07-16T02:17:05.314872+00:00,65.7,149,bid,,,5814962
2026-07-16T02:17:05.303281,2026-07-16T02:17:05.314872+00:00,65.8,30,bid,,,5814963
2026-07-16T02:17:05.303281,2026-07-16T02:17:05.314872+00:00,65.8,7,bid,,,5814964
2026-07-16T02:17:05.400598,2026-07-16T02:17:05.411022+00:00,65.8,2,ask,,,5814966
2026-07-16T02:17:06.420691,2026-07-16T02:17:06.428684+00:00,65.8,2,ask,,,5814986
2026-07-16T02:17:06.810242,2026-07-16T02:17:06.817477+00:00,65.7,1,ask,,,5814993
2026-07-16T02:17:07.022094,2026-07-16T02:17:07.032571+00:00,65.9,20,bid,,,5814997
2026-07-16T02:17:07.440873,2026-07-16T02:17:07.446233+00:00,65.8,2,ask,,,5815008
2026-07-16T02:17:07.806537,2026-07-16T02:17:07.813953+00:00,65.8,200,ask,,,5815011
2026-07-16T02:17:08.360266,2026-07-16T02:17:08.370382+00:00,65.8,1,ask,,,5815021
2026-07-16T02:17:08.429468,2026-07-16T02:17:08.454866+00:00,65.9,20,bid,,,5815025
2026-07-16T02:17:08.454211,2026-07-16T02:17:08.465394+00:00,65.8,48,ask,,,5815026
2026-07-16T02:17:08.459240,2026-07-16T02:17:08.465394+00:00,65.8,15,bid,,,5815027
2026-07-16T02:17:08.499219,2026-07-16T02:17:08.507594+00:00,65.8,23,bid,,,5815031
2026-07-16T02:17:08.499388,2026-07-16T02:17:08.507594+00:00,65.8,50,bid,,,5815032
2026-07-16T02:17:08.542640,2026-07-16T02:17:08.549819+00:00,65.8,52,bid,,,5815036
2026-07-16T02:17:08.561384,2026-07-16T02:17:08.570954+00:00,65.8,63,bid,,,5815038
2026-07-16T02:17:08.567648,2026-07-16T02:17:08.581455+00:00,65.8,2,bid,,,5815039
2026-07-16T02:17:08.569886,2026-07-16T02:17:08.581455+00:00,65.8,5,bid,,,5815040
2026-07-16T02:17:09.633043,2026-07-16T02:17:09.644642+00:00,65.7,2,ask,,,5815053
2026-07-16T02:17:09.766161,2026-07-16T02:17:09.770616+00:00,65.8,80,bid,,,5815054
2026-07-16T02:17:09.766161,2026-07-16T02:17:09.770616+00:00,65.8,200,bid,,,5815055
2026-07-16T02:17:09.785023,2026-07-16T02:17:09.791582+00:00,65.8,15,ask,,,5815056
2026-07-16T02:17:09.944055,2026-07-16T02:17:09.949024+00:00,65.8,1,ask,,,5815060
2026-07-16T02:17:11.098761,2026-07-16T02:17:11.104046+00:00,65.7,200,ask,,,5815079
2026-07-16T02:17:11.098761,2026-07-16T02:17:11.104046+00:00,65.7,7,ask,,,5815080
2026-07-16T02:17:11.178475,2026-07-16T02:17:11.183193+00:00,65.7,7,bid,,,5815084
2026-07-16T02:17:11.459986,2026-07-16T02:17:11.467301+00:00,65.6,200,ask,,,5815090
2026-07-16T02:17:12.413917,2026-07-16T02:17:12.422000+00:00,65.6,500,ask,,,5815107
2026-07-16T02:17:12.413917,2026-07-16T02:17:12.422000+00:00,65.6,30,ask,,,5815108
2026-07-16T02:17:12.425290,2026-07-16T02:17:12.432635+00:00,65.6,30,bid,,,5815109
2026-07-16T02:17:12.429151,2026-07-16T02:17:12.432635+00:00,65.6,30,bid,,,5815110
2026-07-16T02:17:12.450056,2026-07-16T02:17:12.454129+00:00,65.6,32,bid,,,5815114
2026-07-16T02:17:12.461614,2026-07-16T02:17:12.465029+00:00,65.5,3,ask,,,5815116
2026-07-16T02:17:12.461614,2026-07-16T02:17:12.465029+00:00,65.5,26,ask,,,5815117
2026-07-16T02:17:12.630494,2026-07-16T02:17:12.644134+00:00,65.6,3,bid,,,5815122
2026-07-16T02:17:12.630494,2026-07-16T02:17:12.644134+00:00,65.6,80,bid,,,5815123
2026-07-16T02:17:12.630494,2026-07-16T02:17:12.644134+00:00,65.6,10,bid,,,5815124
2026-07-16T02:17:12.694701,2026-07-16T02:17:12.697138+00:00,65.8,7,bid,,,5815125
2026-07-16T02:17:12.710847,2026-07-16T02:17:12.718153+00:00,65.8,1,ask,,,5815126
2026-07-16T02:17:12.718521,2026-07-16T02:17:12.728748+00:00,65.8,30,ask,,,5815127
2026-07-16T02:17:13.106342,2026-07-16T02:17:13.116841+00:00,65.8,1,ask,,,5815139
2026-07-16T02:17:13.514064,2026-07-16T02:17:13.525368+00:00,65.8,20,ask,,,5815142
2026-07-16T02:17:13.731555,2026-07-16T02:17:13.734815+00:00,65.8,141,ask,,,5815143
2026-07-16T02:17:13.731555,2026-07-16T02:17:13.745360+00:00,65.8,10,ask,,,5815144
2026-07-16T02:17:14.642269,2026-07-16T02:17:14.653929+00:00,65.7,1,ask,,,5815156
2026-07-16T02:17:15.156298,2026-07-16T02:17:15.158718+00:00,65.7,200,ask,,,5815159
2026-07-16T02:17:16.174543,2026-07-16T02:17:16.177713+00:00,65.7,1,ask,,,5815174
2026-07-16T02:17:16.412452,2026-07-16T02:17:16.419359+00:00,65.7,80,ask,,,5815175
2026-07-16T02:17:16.412452,2026-07-16T02:17:16.419359+00:00,65.7,7,ask,,,5815176
2026-07-16T02:17:16.412452,2026-07-16T02:17:16.419359+00:00,65.7,30,ask,,,5815177
2026-07-16T02:17:16.412452,2026-07-16T02:17:16.429894+00:00,65.6,500,ask,,,5815178
2026-07-16T02:17:16.412452,2026-07-16T02:17:16.429894+00:00,65.6,8,ask,,,5815179
2026-07-16T02:17:17.684608,2026-07-16T02:17:17.688871+00:00,65.7,10,bid,,,5815194
2026-07-16T02:17:17.730728,2026-07-16T02:17:17.741606+00:00,65.7,190,bid,,,5815196
2026-07-16T02:17:17.730728,2026-07-16T02:17:17.741606+00:00,65.7,52,bid,,,5815197
2026-07-16T02:17:18.795203,2026-07-16T02:17:18.803062+00:00,65.7,200,ask,,,5815220
2026-07-16T02:17:19.052312,2026-07-16T02:17:19.055576+00:00,65.7,3,ask,,,5815228
2026-07-16T02:17:19.052312,2026-07-16T02:17:19.066062+00:00,65.6,12,ask,,,5815229
2026-07-16T02:17:19.052312,2026-07-16T02:17:19.066062+00:00,65.6,500,ask,,,5815230
2026-07-16T02:17:19.052312,2026-07-16T02:17:19.066062+00:00,65.6,110,ask,,,5815231
2026-07-16T02:17:20.841932,2026-07-16T02:17:20.844823+00:00,65.8,1,ask,,,5815267
2026-07-16T02:17:21.381947,2026-07-16T02:17:21.391226+00:00,65.9,20,bid,,,5815271
2026-07-16T02:17:22.961234,2026-07-16T02:17:22.968924+00:00,65.8,2,ask,,,5815293
2026-07-16T02:17:22.970081,2026-07-16T02:17:22.979434+00:00,65.8,10,ask,,,5815294
2026-07-16T02:17:23.047683,2026-07-16T02:17:23.052923+00:00,65.9,30,bid,,,5815298
2026-07-16T02:17:23.047683,2026-07-16T02:17:23.052923+00:00,65.9,200,bid,,,5815299
2026-07-16T02:17:23.161442,2026-07-16T02:17:23.168424+00:00,65.9,10,ask,,,5815300
2026-07-16T02:17:24.031600,2026-07-16T02:17:24.041281+00:00,65.9,2,ask,,,5815312
2026-07-16T02:17:25.091112,2026-07-16T02:17:25.098202+00:00,65.9,12,bid,,,5815329
2026-07-16T02:17:25.109086,2026-07-16T02:17:25.119260+00:00,65.9,2,bid,,,5815331
2026-07-16T02:17:25.620490,2026-07-16T02:17:25.622455+00:00,65.8,1,ask,,,5815337
2026-07-16T02:17:26.081440,2026-07-16T02:17:26.084489+00:00,65.9,3,bid,,,5815355
2026-07-16T02:17:26.081440,2026-07-16T02:17:26.095010+00:00,65.9,197,bid,,,5815356
2026-07-16T02:17:27.143107,2026-07-16T02:17:27.145398+00:00,65.8,1,ask,,,5815362
2026-07-16T02:17:27.852350,2026-07-16T02:17:27.860113+00:00,65.8,14,ask,,,5815375
2026-07-16T02:17:28.520157,2026-07-16T02:17:28.531449+00:00,65.8,80,ask,,,5815386
2026-07-16T02:17:28.520157,2026-07-16T02:17:28.531449+00:00,65.8,23,ask,,,5815387
2026-07-16T02:17:28.520157,2026-07-16T02:17:28.531449+00:00,65.8,3,ask,,,5815388
2026-07-16T02:17:28.520157,2026-07-16T02:17:28.531449+00:00,65.8,94,ask,,,5815389
2026-07-16T02:17:28.671740,2026-07-16T02:17:28.678722+00:00,65.8,1,ask,,,5815392
2026-07-16T02:17:30.236947,2026-07-16T02:17:30.239061+00:00,65.8,1,ask,,,5815426
2026-07-16T02:17:30.413405,2026-07-16T02:17:30.417051+00:00,65.8,3,ask,,,5815428
2026-07-16T02:17:30.959818,2026-07-16T02:17:30.962302+00:00,65.9,24,bid,,,5815431
2026-07-16T02:17:30.959818,2026-07-16T02:17:30.972791+00:00,65.9,3,bid,,,5815432
2026-07-16T02:17:30.959818,2026-07-16T02:17:30.972791+00:00,65.9,173,bid,,,5815433
2026-07-16T02:17:31.676697,2026-07-16T02:17:31.684017+00:00,65.8,20,ask,,,5815447
2026-07-16T02:17:31.761303,2026-07-16T02:17:31.762887+00:00,65.8,1,ask,,,5815449
2026-07-16T02:17:32.273574,2026-07-16T02:17:32.303257+00:00,65.9,56,bid,,,5815458
2026-07-16T02:17:32.273574,2026-07-16T02:17:32.303257+00:00,65.9,7,bid,,,5815459
2026-07-16T02:17:32.273574,2026-07-16T02:17:32.303257+00:00,66.0,7,bid,,,5815460
2026-07-16T02:17:32.273574,2026-07-16T02:17:32.303257+00:00,66.0,200,bid,,,5815461
2026-07-16T02:17:32.284325,2026-07-16T02:17:32.303257+00:00,66.0,14,ask,,,5815462
2026-07-16T02:17:32.297642,2026-07-16T02:17:32.313995+00:00,66.0,30,ask,,,5815464
2026-07-16T02:17:32.306128,2026-07-16T02:17:32.324686+00:00,66.0,30,ask,,,5815467
2026-07-16T02:17:32.320785,2026-07-16T02:17:32.335308+00:00,66.0,70,ask,,,5815468
2026-07-16T02:17:32.354182,2026-07-16T02:17:32.367043+00:00,66.0,28,ask,,,5815472
2026-07-16T02:17:32.431738,2026-07-16T02:17:32.441143+00:00,66.0,21,ask,,,5815479
2026-07-16T02:17:33.390391,2026-07-16T02:17:33.393425+00:00,66.1,200,bid,,,5815493
2026-07-16T02:17:33.413592,2026-07-16T02:17:33.425036+00:00,66.0,1,ask,,,5815494
2026-07-16T02:17:33.640343,2026-07-16T02:17:33.651100+00:00,66.0,10,ask,,,5815500
2026-07-16T02:17:33.730649,2026-07-16T02:17:33.735519+00:00,66.0,7,bid,,,5815503
2026-07-16T02:17:33.819130,2026-07-16T02:17:33.830284+00:00,65.9,3,ask,,,5815505
2026-07-16T02:17:33.819130,2026-07-16T02:17:33.830284+00:00,65.8,7,ask,,,5815506
2026-07-16T02:17:34.288765,2026-07-16T02:17:34.291635+00:00,65.8,2,ask,,,5815515
2026-07-16T02:17:34.294349,2026-07-16T02:17:34.302139+00:00,65.8,10,ask,,,5815516
2026-07-16T02:17:34.603188,2026-07-16T02:17:34.607287+00:00,66.0,200,bid,,,5815524
2026-07-16T02:17:34.936233,2026-07-16T02:17:34.942662+00:00,65.8,1,ask,,,5815531
2026-07-16T02:17:35.321026,2026-07-16T02:17:35.332496+00:00,65.8,2,ask,,,5815542
2026-07-16T02:17:35.814660,2026-07-16T02:17:35.826317+00:00,66.0,61,bid,,,5815547
2026-07-16T02:17:35.814660,2026-07-16T02:17:35.826317+00:00,66.0,139,bid,,,5815548
2026-07-16T02:17:36.345782,2026-07-16T02:17:36.351299+00:00,65.8,2,ask,,,5815563
2026-07-16T02:17:36.469641,2026-07-16T02:17:36.477888+00:00,65.8,1,ask,,,5815567
2026-07-16T02:17:37.105397,2026-07-16T02:17:37.109916+00:00,66.0,7,bid,,,5815582
2026-07-16T02:17:37.365062,2026-07-16T02:17:37.372051+00:00,66.0,2,bid,,,5815586
2026-07-16T02:17:37.624506,2026-07-16T02:17:37.635047+00:00,65.9,30,bid,,,5815590
2026-07-16T02:17:37.655922,2026-07-16T02:17:37.666871+00:00,65.8,9,ask,,,5815594
2026-07-16T02:17:38.024042,2026-07-16T02:17:38.034267+00:00,65.8,1,ask,,,5815604
2026-07-16T02:17:38.241636,2026-07-16T02:17:38.243980+00:00,65.9,200,bid,,,5815607
2026-07-16T02:17:38.557860,2026-07-16T02:17:38.559413+00:00,65.9,9,bid,,,5815612
2026-07-16T02:17:39.571304,2026-07-16T02:17:39.582229+00:00,65.9,1,ask,,,5815636
2026-07-16T02:17:41.138801,2026-07-16T02:17:41.148517+00:00,65.9,1,ask,,,5815649
2026-07-16T02:17:41.569056,2026-07-16T02:17:41.579614+00:00,66.1,200,bid,,,5815655
2026-07-16T02:17:41.569056,2026-07-16T02:17:41.579614+00:00,66.1,425,bid,,,5815656
2026-07-16T02:17:41.891670,2026-07-16T02:17:41.896191+00:00,66.1,7,bid,,,5815665
2026-07-16T02:17:41.891670,2026-07-16T02:17:41.896191+00:00,66.1,9,bid,,,5815666
2026-07-16T02:17:41.891670,2026-07-16T02:17:41.906781+00:00,66.1,184,bid,,,5815667
2026-07-16T02:17:42.664081,2026-07-16T02:17:42.673467+00:00,65.9,1,ask,,,5815680
2026-07-16T02:17:43.116101,2026-07-16T02:17:43.124731+00:00,66.0,200,ask,,,5815688
2026-07-16T02:17:44.235809,2026-07-16T02:17:44.244771+00:00,66.0,1,ask,,,5815713
2026-07-16T02:17:44.331079,2026-07-16T02:17:44.339441+00:00,66.0,51,ask,,,5815714
2026-07-16T02:17:44.331079,2026-07-16T02:17:44.339441+00:00,66.0,7,ask,,,5815715
2026-07-16T02:17:44.331079,2026-07-16T02:17:44.339441+00:00,66.0,9,ask,,,5815716
2026-07-16T02:17:44.479196,2026-07-16T02:17:44.487883+00:00,65.9,2,ask,,,5815720
2026-07-16T02:17:44.486428,2026-07-16T02:17:44.487883+00:00,65.9,10,ask,,,5815721
2026-07-16T02:17:45.509678,2026-07-16T02:17:45.516889+00:00,66.0,2,bid,,,5815731
2026-07-16T02:17:45.600912,2026-07-16T02:17:45.611281+00:00,65.9,18,ask,,,5815732
2026-07-16T02:17:45.600912,2026-07-16T02:17:45.611281+00:00,65.9,41,ask,,,5815733
2026-07-16T02:17:45.600912,2026-07-16T02:17:45.611281+00:00,65.9,1,ask,,,5815734
2026-07-16T02:17:45.600912,2026-07-16T02:17:45.611281+00:00,65.9,200,ask,,,5815735
2026-07-16T02:17:45.600912,2026-07-16T02:17:45.611281+00:00,65.9,3,ask,,,5815736
2026-07-16T02:17:45.615325,2026-07-16T02:17:45.621768+00:00,65.9,10,bid,,,5815737
2026-07-16T02:17:45.841731,2026-07-16T02:17:45.843277+00:00,65.9,14,bid,,,5815742
2026-07-16T02:17:46.929567,2026-07-16T02:17:46.936426+00:00,65.9,7,bid,,,5815754
2026-07-16T02:17:46.929567,2026-07-16T02:17:46.936426+00:00,65.9,10,bid,,,5815755
2026-07-16T02:17:46.929567,2026-07-16T02:17:46.936426+00:00,65.9,30,bid,,,5815756
2026-07-16T02:17:47.046395,2026-07-16T02:17:47.063569+00:00,65.9,30,ask,,,5815761
2026-07-16T02:17:47.086204,2026-07-16T02:17:47.095188+00:00,65.9,57,ask,,,5815765
2026-07-16T02:17:47.100605,2026-07-16T02:17:47.105735+00:00,65.9,51,ask,,,5815767
2026-07-16T02:17:47.353918,2026-07-16T02:17:47.358324+00:00,65.9,1,ask,,,5815773
2026-07-16T02:17:47.984014,2026-07-16T02:17:47.987911+00:00,65.9,200,ask,,,5815778
2026-07-16T02:17:48.038000,2026-07-16T02:17:48.040151+00:00,66.0,20,bid,,,5815779
2026-07-16T02:17:48.261469,2026-07-16T02:17:48.271136+00:00,65.9,10,ask,,,5815782
2026-07-16T02:17:48.828217,2026-07-16T02:17:48.829808+00:00,65.7,5,ask,,,5815795
2026-07-16T02:17:48.882085,2026-07-16T02:17:48.892697+00:00,65.7,1,ask,,,5815796
2026-07-16T02:17:49.368695,2026-07-16T02:17:49.380816+00:00,65.9,20,bid,,,5815804
2026-07-16T02:17:49.618103,2026-07-16T02:17:49.626236+00:00,65.7,20,ask,,,5815809
2026-07-16T02:17:49.618103,2026-07-16T02:17:49.626236+00:00,65.7,79,ask,,,5815810
2026-07-16T02:17:49.618103,2026-07-16T02:17:49.626236+00:00,65.7,200,ask,,,5815811
2026-07-16T02:17:49.618103,2026-07-16T02:17:49.626236+00:00,65.7,7,ask,,,5815812
2026-07-16T02:17:49.618103,2026-07-16T02:17:49.636802+00:00,65.7,319,ask,,,5815813
2026-07-16T02:17:50.288109,2026-07-16T02:17:50.290421+00:00,65.8,13,bid,,,5815825
2026-07-16T02:17:50.404796,2026-07-16T02:17:50.407117+00:00,65.8,17,bid,,,5815828
2026-07-16T02:17:50.404796,2026-07-16T02:17:50.417734+00:00,65.8,53,bid,,,5815829
2026-07-16T02:17:50.404796,2026-07-16T02:17:50.417734+00:00,65.8,47,bid,,,5815830
2026-07-16T02:17:50.423481,2026-07-16T02:17:50.428300+00:00,65.8,1,ask,,,5815831
2026-07-16T02:17:50.440569,2026-07-16T02:17:50.449406+00:00,65.8,3,ask,,,5815833
2026-07-16T02:17:50.720689,2026-07-16T02:17:50.724505+00:00,65.8,7,ask,,,5815838
2026-07-16T02:17:50.934659,2026-07-16T02:17:50.937028+00:00,65.9,200,bid,,,5815840
2026-07-16T02:17:50.934659,2026-07-16T02:17:50.947864+00:00,65.9,30,bid,,,5815841
2026-07-16T02:17:50.934659,2026-07-16T02:17:50.947864+00:00,66.0,3,bid,,,5815842
2026-07-16T02:17:50.934659,2026-07-16T02:17:50.947864+00:00,66.0,7,bid,,,5815843
2026-07-16T02:17:50.956995,2026-07-16T02:17:50.969179+00:00,66.0,30,ask,,,5815847
2026-07-16T02:17:50.998956,2026-07-16T02:17:51.000868+00:00,66.0,28,ask,,,5815852
2026-07-16T02:17:51.011070,2026-07-16T02:17:51.021993+00:00,66.0,30,ask,,,5815853
2026-07-16T02:17:51.060652,2026-07-16T02:17:51.064242+00:00,66.0,10,ask,,,5815855
2026-07-16T02:17:51.192361,2026-07-16T02:17:51.201024+00:00,66.0,30,ask,,,5815862
2026-07-16T02:17:51.976585,2026-07-16T02:17:51.978661+00:00,66.0,1,ask,,,5815871
2026-07-16T02:17:52.304808,2026-07-16T02:17:52.314413+00:00,66.1,20,bid,,,5815877
2026-07-16T02:17:52.752501,2026-07-16T02:17:52.756420+00:00,66.0,10,ask,,,5815885
2026-07-16T02:17:52.879920,2026-07-16T02:17:52.882761+00:00,66.0,25,ask,,,5815887
2026-07-16T02:17:53.535784,2026-07-16T02:17:53.538229+00:00,66.0,1,ask,,,5815903
2026-07-16T02:17:53.802192,2026-07-16T02:17:53.813491+00:00,66.0,5,ask,,,5815907
2026-07-16T02:17:55.109701,2026-07-16T02:17:55.117604+00:00,66.0,1,ask,,,5815925
2026-07-16T02:17:55.268956,2026-07-16T02:17:55.275111+00:00,66.0,29,ask,,,5815931
2026-07-16T02:17:55.268956,2026-07-16T02:17:55.275111+00:00,66.0,171,ask,,,5815932
2026-07-16T02:17:56.200872,2026-07-16T02:17:56.209376+00:00,66.0,20,ask,,,5815943
2026-07-16T02:17:56.200872,2026-07-16T02:17:56.209376+00:00,66.0,7,ask,,,5815944
2026-07-16T02:17:56.482447,2026-07-16T02:17:56.493823+00:00,65.8,200,ask,,,5815949
2026-07-16T02:17:56.534902,2026-07-16T02:17:56.547123+00:00,66.0,14,bid,,,5815954
2026-07-16T02:17:56.996105,2026-07-16T02:17:57.001703+00:00,65.8,20,ask,,,5815963
2026-07-16T02:17:58.079937,2026-07-16T02:17:58.086538+00:00,65.9,500,bid,,,5815980
2026-07-16T02:17:58.254504,2026-07-16T02:17:58.265056+00:00,65.8,1,ask,,,5815985
2026-07-16T02:17:58.832992,2026-07-16T02:17:58.841116+00:00,65.9,200,bid,,,5815990
2026-07-16T02:17:58.832992,2026-07-16T02:17:58.841116+00:00,66.0,30,bid,,,5815991
2026-07-16T02:17:58.832992,2026-07-16T02:17:58.841116+00:00,66.0,7,bid,,,5815992
2026-07-16T02:17:58.954096,2026-07-16T02:17:58.957118+00:00,66.0,200,ask,,,5815993
2026-07-16T02:17:59.617539,2026-07-16T02:17:59.619347+00:00,66.2,3,bid,,,5816005
2026-07-16T02:17:59.617539,2026-07-16T02:17:59.630080+00:00,66.2,17,bid,,,5816006
2026-07-16T02:17:59.815900,2026-07-16T02:17:59.821804+00:00,66.0,1,ask,,,5816009
2026-07-16T02:18:01.358723,2026-07-16T02:18:01.366736+00:00,66.0,1,ask,,,5816030
2026-07-16T02:18:01.382682,2026-07-16T02:18:01.387733+00:00,66.0,6,ask,,,5816031
2026-07-16T02:18:01.476401,2026-07-16T02:18:01.483329+00:00,66.0,4,ask,,,5816032
2026-07-16T02:18:01.773485,2026-07-16T02:18:01.777787+00:00,65.9,20,ask,,,5816038
2026-07-16T02:18:02.246133,2026-07-16T02:18:02.249740+00:00,65.9,11,ask,,,5816046
2026-07-16T02:18:02.594687,2026-07-16T02:18:02.596271+00:00,66.0,200,bid,,,5816048
2026-07-16T02:18:02.902982,2026-07-16T02:18:02.911755+00:00,65.8,25,ask,,,5816053
2026-07-16T02:18:02.928737,2026-07-16T02:18:02.933144+00:00,65.8,1,ask,,,5816057
2026-07-16T02:18:03.050255,2026-07-16T02:18:03.060523+00:00,65.8,20,ask,,,5816062
2026-07-16T02:18:03.685713,2026-07-16T02:18:03.688072+00:00,65.8,5,ask,,,5816070
2026-07-16T02:18:04.123204,2026-07-16T02:18:04.125522+00:00,65.9,200,bid,,,5816076
2026-07-16T02:18:04.123204,2026-07-16T02:18:04.145612+00:00,66.0,27,bid,,,5816077
2026-07-16T02:18:04.123204,2026-07-16T02:18:04.145612+00:00,66.0,3,bid,,,5816078
2026-07-16T02:18:04.123204,2026-07-16T02:18:04.145612+00:00,66.0,3,bid,,,5816079
2026-07-16T02:18:04.155739,2026-07-16T02:18:04.166809+00:00,66.0,10,ask,,,5816082
2026-07-16T02:18:04.216696,2026-07-16T02:18:04.230012+00:00,66.0,10,ask,,,5816084
2026-07-16T02:18:04.234561,2026-07-16T02:18:04.240561+00:00,66.0,20,ask,,,5816085
2026-07-16T02:18:04.239902,2026-07-16T02:18:04.251153+00:00,66.0,14,ask,,,5816086
2026-07-16T02:18:04.383526,2026-07-16T02:18:04.388834+00:00,66.0,71,ask,,,5816090
2026-07-16T02:18:04.459372,2026-07-16T02:18:04.462978+00:00,66.0,1,ask,,,5816091
2026-07-16T02:18:04.814965,2026-07-16T02:18:04.821368+00:00,66.0,50,ask,,,5816096
2026-07-16T02:18:04.839313,2026-07-16T02:18:04.842605+00:00,66.0,30,ask,,,5816098
2026-07-16T02:18:04.886115,2026-07-16T02:18:04.894935+00:00,66.0,2,ask,,,5816099
2026-07-16T02:18:05.026743,2026-07-16T02:18:05.031549+00:00,66.0,184,ask,,,5816106
2026-07-16T02:18:05.026743,2026-07-16T02:18:05.031549+00:00,66.0,16,ask,,,5816107
2026-07-16T02:18:05.453511,2026-07-16T02:18:05.462361+00:00,65.9,20,ask,,,5816118
2026-07-16T02:18:05.489768,2026-07-16T02:18:05.493906+00:00,65.9,7,ask,,,5816119
2026-07-16T02:18:05.843553,2026-07-16T02:18:05.850570+00:00,65.9,25,ask,,,5816120
2026-07-16T02:18:05.881885,2026-07-16T02:18:05.892851+00:00,65.9,3,ask,,,5816124
2026-07-16T02:18:06.008582,2026-07-16T02:18:06.019842+00:00,65.9,1,ask,,,5816126
2026-07-16T02:18:06.240840,2026-07-16T02:18:06.251112+00:00,65.9,26,ask,,,5816130
2026-07-16T02:18:06.240840,2026-07-16T02:18:06.251112+00:00,65.9,174,ask,,,5816131
2026-07-16T02:18:07.541260,2026-07-16T02:18:07.547069+00:00,65.9,1,ask,,,5816151
2026-07-16T02:18:07.696679,2026-07-16T02:18:07.704435+00:00,65.9,5,ask,,,5816157
2026-07-16T02:18:07.919886,2026-07-16T02:18:07.924903+00:00,65.9,25,ask,,,5816160
2026-07-16T02:18:08.397687,2026-07-16T02:18:08.408025+00:00,65.9,20,ask,,,5816168
2026-07-16T02:18:08.623940,2026-07-16T02:18:08.628431+00:00,65.8,6,ask,,,5816176
2026-07-16T02:18:08.671849,2026-07-16T02:18:08.681562+00:00,66.0,3,bid,,,5816178
2026-07-16T02:18:08.671849,2026-07-16T02:18:08.681562+00:00,66.0,197,bid,,,5816179
2026-07-16T02:18:08.915039,2026-07-16T02:18:08.924922+00:00,65.8,1,ask,,,5816183
2026-07-16T02:18:09.070335,2026-07-16T02:18:09.072658+00:00,65.8,1,ask,,,5816185
2026-07-16T02:18:09.237675,2026-07-16T02:18:09.240499+00:00,65.8,20,ask,,,5816186
2026-07-16T02:18:09.488389,2026-07-16T02:18:09.497740+00:00,65.9,47,ask,,,5816193
2026-07-16T02:18:09.846244,2026-07-16T02:18:09.854609+00:00,65.9,20,ask,,,5816197
2026-07-16T02:18:09.884736,2026-07-16T02:18:09.896739+00:00,66.1,21,bid,,,5816198
2026-07-16T02:18:09.884736,2026-07-16T02:18:09.896739+00:00,66.1,1,bid,,,5816199
2026-07-16T02:18:09.884736,2026-07-16T02:18:09.896739+00:00,66.1,8,bid,,,5816200
2026-07-16T02:18:09.884736,2026-07-16T02:18:09.896739+00:00,66.1,170,bid,,,5816201
2026-07-16T02:18:10.459856,2026-07-16T02:18:10.469946+00:00,65.9,10,ask,,,5816209
2026-07-16T02:18:10.539752,2026-07-16T02:18:10.543644+00:00,65.9,16,ask,,,5816211
2026-07-16T02:18:10.644456,2026-07-16T02:18:10.648142+00:00,65.9,1,ask,,,5816214
2026-07-16T02:18:11.105229,2026-07-16T02:18:11.111064+00:00,66.1,200,bid,,,5816217
2026-07-16T02:18:11.422729,2026-07-16T02:18:11.426599+00:00,66.0,500,ask,,,5816220
2026-07-16T02:18:12.171238,2026-07-16T02:18:12.173790+00:00,66.0,1,ask,,,5816230
2026-07-16T02:18:12.494238,2026-07-16T02:18:12.499102+00:00,66.0,7,ask,,,5816237
2026-07-16T02:18:12.494238,2026-07-16T02:18:12.499102+00:00,66.0,13,ask,,,5816238
2026-07-16T02:18:12.631129,2026-07-16T02:18:12.635482+00:00,66.0,187,ask,,,5816240
2026-07-16T02:18:12.631129,2026-07-16T02:18:12.635482+00:00,66.0,73,ask,,,5816241
2026-07-16T02:18:12.631129,2026-07-16T02:18:12.652587+00:00,66.0,7,ask,,,5816242
2026-07-16T02:18:12.651918,2026-07-16T02:18:12.663144+00:00,66.0,7,bid,,,5816244
2026-07-16T02:18:12.684444,2026-07-16T02:18:12.694584+00:00,66.0,14,bid,,,5816246
2026-07-16T02:18:12.985525,2026-07-16T02:18:12.987627+00:00,66.0,100,bid,,,5816249
2026-07-16T02:18:13.550548,2026-07-16T02:18:13.554246+00:00,66.0,200,bid,,,5816258
2026-07-16T02:18:13.729555,2026-07-16T02:18:13.733159+00:00,65.8,1,ask,,,5816261
2026-07-16T02:18:14.451614,2026-07-16T02:18:14.458407+00:00,66.0,20,bid,,,5816272
2026-07-16T02:18:15.468598,2026-07-16T02:18:15.478881+00:00,65.8,1,ask,,,5816288
2026-07-16T02:18:15.642989,2026-07-16T02:18:15.653728+00:00,65.8,5,ask,,,5816296
2026-07-16T02:18:15.811069,2026-07-16T02:18:15.812935+00:00,65.8,14,ask,,,5816301
2026-07-16T02:18:15.835926,2026-07-16T02:18:15.844617+00:00,65.8,5,ask,,,5816303
2026-07-16T02:18:15.979709,2026-07-16T02:18:15.981695+00:00,66.0,80,bid,,,5816306
2026-07-16T02:18:15.979709,2026-07-16T02:18:15.992293+00:00,66.0,16,bid,,,5816307
2026-07-16T02:18:15.979709,2026-07-16T02:18:15.992293+00:00,66.0,104,bid,,,5816308
2026-07-16T02:18:16.021838,2026-07-16T02:18:16.023902+00:00,65.8,7,ask,,,5816310
2026-07-16T02:18:16.048051,2026-07-16T02:18:16.055519+00:00,65.8,2,ask,,,5816311
2026-07-16T02:18:16.054639,2026-07-16T02:18:16.066079+00:00,65.8,10,ask,,,5816312
2026-07-16T02:18:16.123202,2026-07-16T02:18:16.129202+00:00,65.8,5,ask,,,5816313
2026-07-16T02:18:16.828150,2026-07-16T02:18:16.833251+00:00,65.8,17,ask,,,5816320
2026-07-16T02:18:17.080112,2026-07-16T02:18:17.085448+00:00,65.8,25,ask,,,5816323
2026-07-16T02:18:17.101129,2026-07-16T02:18:17.106625+00:00,65.8,2,ask,,,5816326
2026-07-16T02:18:17.196501,2026-07-16T02:18:17.201105+00:00,66.0,200,bid,,,5816327
2026-07-16T02:18:17.224524,2026-07-16T02:18:17.232605+00:00,65.8,1,ask,,,5816328
2026-07-16T02:18:17.347505,2026-07-16T02:18:17.369100+00:00,66.0,500,bid,,,5816329
2026-07-16T02:18:17.347505,2026-07-16T02:18:17.369100+00:00,66.0,9,bid,,,5816330
2026-07-16T02:18:17.347505,2026-07-16T02:18:17.369100+00:00,66.0,3,bid,,,5816331
2026-07-16T02:18:17.388477,2026-07-16T02:18:17.390397+00:00,66.0,14,ask,,,5816335
2026-07-16T02:18:17.475722,2026-07-16T02:18:17.485470+00:00,66.0,99,ask,,,5816338
2026-07-16T02:18:17.499271,2026-07-16T02:18:17.506763+00:00,66.0,80,bid,,,5816339
2026-07-16T02:18:18.130877,2026-07-16T02:18:18.137893+00:00,65.9,2,bid,,,5816347
2026-07-16T02:18:18.409425,2026-07-16T02:18:18.411331+00:00,65.9,6,bid,,,5816353
2026-07-16T02:18:18.409425,2026-07-16T02:18:18.421900+00:00,65.9,11,bid,,,5816354
2026-07-16T02:18:18.724409,2026-07-16T02:18:18.728658+00:00,65.9,183,ask,,,5816358
2026-07-16T02:18:18.724409,2026-07-16T02:18:18.728658+00:00,65.8,20,ask,,,5816359
2026-07-16T02:18:18.724409,2026-07-16T02:18:18.739656+00:00,65.8,7,ask,,,5816360
2026-07-16T02:18:18.724409,2026-07-16T02:18:18.739656+00:00,65.8,10,ask,,,5816361
2026-07-16T02:18:18.724409,2026-07-16T02:18:18.739656+00:00,65.8,30,ask,,,5816362
2026-07-16T02:18:18.737553,2026-07-16T02:18:18.750461+00:00,65.8,30,bid,,,5816363
2026-07-16T02:18:18.793577,2026-07-16T02:18:18.803843+00:00,65.8,30,bid,,,5816368
2026-07-16T02:18:18.852078,2026-07-16T02:18:18.857493+00:00,65.8,30,bid,,,5816372
2026-07-16T02:18:19.023716,2026-07-16T02:18:19.026495+00:00,65.7,1,ask,,,5816380
2026-07-16T02:18:19.542486,2026-07-16T02:18:19.551882+00:00,65.8,36,bid,,,5816385
2026-07-16T02:18:19.622872,2026-07-16T02:18:19.625125+00:00,65.8,200,bid,,,5816386
2026-07-16T02:18:19.731445,2026-07-16T02:18:19.740468+00:00,65.7,20,ask,,,5816388
2026-07-16T02:18:19.731445,2026-07-16T02:18:19.740468+00:00,65.7,3,ask,,,5816389
2026-07-16T02:18:20.045063,2026-07-16T02:18:20.056346+00:00,65.9,30,bid,,,5816396
2026-07-16T02:18:20.045063,2026-07-16T02:18:20.056346+00:00,65.9,3,bid,,,5816397
2026-07-16T02:18:20.045063,2026-07-16T02:18:20.056346+00:00,66.0,3,bid,,,5816398
2026-07-16T02:18:20.045063,2026-07-16T02:18:20.056346+00:00,66.0,200,bid,,,5816399
2026-07-16T02:18:20.045063,2026-07-16T02:18:20.056346+00:00,66.0,389,bid,,,5816400
2026-07-16T02:18:20.541494,2026-07-16T02:18:20.550991+00:00,65.8,30,ask,,,5816404
2026-07-16T02:18:20.570677,2026-07-16T02:18:20.572004+00:00,65.8,4,ask,,,5816407
2026-07-16T02:18:20.754046,2026-07-16T02:18:20.761301+00:00,65.7,1,ask,,,5816410
2026-07-16T02:18:21.373647,2026-07-16T02:18:21.384024+00:00,65.8,200,ask,,,5816421
2026-07-16T02:18:21.373647,2026-07-16T02:18:21.384024+00:00,65.8,44,ask,,,5816422
2026-07-16T02:18:21.373647,2026-07-16T02:18:21.384024+00:00,65.8,20,ask,,,5816423
2026-07-16T02:18:21.418776,2026-07-16T02:18:21.427013+00:00,65.8,44,bid,,,5816425
2026-07-16T02:18:22.004526,2026-07-16T02:18:22.006799+00:00,65.6,5,ask,,,5816433
2026-07-16T02:18:22.033210,2026-07-16T02:18:22.038591+00:00,65.6,25,ask,,,5816437
2026-07-16T02:18:22.056126,2026-07-16T02:18:22.059723+00:00,65.8,200,bid,,,5816440
2026-07-16T02:18:22.056341,2026-07-16T02:18:22.070244+00:00,65.6,6,ask,,,5816441
2026-07-16T02:18:22.606465,2026-07-16T02:18:22.616531+00:00,65.6,1,ask,,,5816450
2026-07-16T02:18:22.699129,2026-07-16T02:18:22.711039+00:00,65.8,59,bid,,,5816453
2026-07-16T02:18:22.699129,2026-07-16T02:18:22.711039+00:00,65.8,3,bid,,,5816454
2026-07-16T02:18:22.953791,2026-07-16T02:18:22.963322+00:00,65.8,25,ask,,,5816457
2026-07-16T02:18:22.998693,2026-07-16T02:18:23.005663+00:00,65.8,25,ask,,,5816461
2026-07-16T02:18:23.041631,2026-07-16T02:18:23.048019+00:00,65.8,25,ask,,,5816464
2026-07-16T02:18:23.351737,2026-07-16T02:18:23.362294+00:00,65.9,20,ask,,,5816466
2026-07-16T02:18:23.392226,2026-07-16T02:18:23.393984+00:00,65.9,7,ask,,,5816469
2026-07-16T02:18:24.033527,2026-07-16T02:18:24.036552+00:00,65.9,173,ask,,,5816482
2026-07-16T02:18:24.033527,2026-07-16T02:18:24.047062+00:00,65.9,80,ask,,,5816483
2026-07-16T02:18:24.033527,2026-07-16T02:18:24.047062+00:00,65.9,20,ask,,,5816484
2026-07-16T02:18:24.345179,2026-07-16T02:18:24.352913+00:00,65.8,1,ask,,,5816491
2026-07-16T02:18:24.864702,2026-07-16T02:18:24.866477+00:00,65.9,3,bid,,,5816496
2026-07-16T02:18:25.385198,2026-07-16T02:18:25.391803+00:00,65.9,30,bid,,,5816501
2026-07-16T02:18:25.385198,2026-07-16T02:18:25.391803+00:00,65.9,200,bid,,,5816502
2026-07-16T02:18:25.385198,2026-07-16T02:18:25.391803+00:00,66.0,3,bid,,,5816503
2026-07-16T02:18:25.405639,2026-07-16T02:18:25.411688+00:00,66.0,25,ask,,,5816505
2026-07-16T02:18:25.435050,2026-07-16T02:18:25.443592+00:00,66.0,49,ask,,,5816509
2026-07-16T02:18:25.701171,2026-07-16T02:18:25.706883+00:00,66.0,200,ask,,,5816515
2026-07-16T02:18:25.860263,2026-07-16T02:18:25.864241+00:00,66.0,20,ask,,,5816517
2026-07-16T02:18:26.103667,2026-07-16T02:18:26.106892+00:00,66.0,1,ask,,,5816526
2026-07-16T02:18:26.243227,2026-07-16T02:18:26.253692+00:00,66.0,25,ask,,,5816529
2026-07-16T02:18:26.575911,2026-07-16T02:18:26.579564+00:00,66.1,20,bid,,,5816533
2026-07-16T02:18:26.710903,2026-07-16T02:18:26.718731+00:00,66.0,72,ask,,,5816537
2026-07-16T02:18:26.710903,2026-07-16T02:18:26.718731+00:00,66.0,20,ask,,,5816538
2026-07-16T02:18:26.710903,2026-07-16T02:18:26.718731+00:00,66.0,6,ask,,,5816539
2026-07-16T02:18:26.861705,2026-07-16T02:18:26.865730+00:00,66.0,28,bid,,,5816543
2026-07-16T02:18:26.926984,2026-07-16T02:18:26.929157+00:00,65.9,30,ask,,,5816547
2026-07-16T02:18:26.926984,2026-07-16T02:18:26.939702+00:00,65.9,28,ask,,,5816548
2026-07-16T02:18:26.926984,2026-07-16T02:18:26.939702+00:00,65.9,7,ask,,,5816549
2026-07-16T02:18:26.926984,2026-07-16T02:18:26.939702+00:00,65.9,135,ask,,,5816550
2026-07-16T02:18:27.155296,2026-07-16T02:18:27.161004+00:00,66.0,3,bid,,,5816553
2026-07-16T02:18:27.291190,2026-07-16T02:18:27.297854+00:00,66.0,62,bid,,,5816556
2026-07-16T02:18:27.645174,2026-07-16T02:18:27.654193+00:00,65.9,1,ask,,,5816560
2026-07-16T02:18:28.214447,2026-07-16T02:18:28.221284+00:00,66.0,2,bid,,,5816571
2026-07-16T02:18:29.440011,2026-07-16T02:18:29.452590+00:00,65.9,1,ask,,,5816594
2026-07-16T02:18:30.577221,2026-07-16T02:18:30.583251+00:00,66.0,21,bid,,,5816603
2026-07-16T02:18:30.577221,2026-07-16T02:18:30.583251+00:00,66.0,179,bid,,,5816604
2026-07-16T02:18:30.967538,2026-07-16T02:18:30.972115+00:00,66.0,1,ask,,,5816609
2026-07-16T02:18:31.795732,2026-07-16T02:18:31.801871+00:00,66.0,200,ask,,,5816620
2026-07-16T02:18:32.530196,2026-07-16T02:18:32.536806+00:00,66.0,1,ask,,,5816628
2026-07-16T02:18:33.253497,2026-07-16T02:18:33.263468+00:00,66.0,500,ask,,,5816644
2026-07-16T02:18:33.324463,2026-07-16T02:18:33.327059+00:00,66.0,200,ask,,,5816645
2026-07-16T02:18:33.324463,2026-07-16T02:18:33.337795+00:00,65.9,10,ask,,,5816646
2026-07-16T02:18:33.324463,2026-07-16T02:18:33.337795+00:00,65.9,20,ask,,,5816647
2026-07-16T02:18:33.324463,2026-07-16T02:18:33.337795+00:00,65.9,7,ask,,,5816648
2026-07-16T02:18:33.324463,2026-07-16T02:18:33.337795+00:00,65.8,3,ask,,,5816649
2026-07-16T02:18:33.342674,2026-07-16T02:18:33.348520+00:00,65.8,10,bid,,,5816650
2026-07-16T02:18:33.347531,2026-07-16T02:18:33.359310+00:00,65.8,30,bid,,,5816653
2026-07-16T02:18:33.358104,2026-07-16T02:18:33.370001+00:00,65.8,42,bid,,,5816654
2026-07-16T02:18:33.395751,2026-07-16T02:18:33.413005+00:00,65.8,30,bid,,,5816657
2026-07-16T02:18:33.424837,2026-07-16T02:18:33.434891+00:00,65.6,10,ask,,,5816661
2026-07-16T02:18:33.435483,2026-07-16T02:18:33.445522+00:00,65.8,2,bid,,,5816662
2026-07-16T02:18:33.460176,2026-07-16T02:18:33.466649+00:00,65.6,17,ask,,,5816664
2026-07-16T02:18:33.519198,2026-07-16T02:18:33.530062+00:00,65.8,24,bid,,,5816667
2026-07-16T02:18:34.055161,2026-07-16T02:18:34.057411+00:00,65.6,1,ask,,,5816674
2026-07-16T02:18:34.171239,2026-07-16T02:18:34.172833+00:00,65.6,5,ask,,,5816677
2026-07-16T02:18:34.218604,2026-07-16T02:18:34.225776+00:00,65.8,200,bid,,,5816679
2026-07-16T02:18:34.645772,2026-07-16T02:18:34.651836+00:00,65.8,71,bid,,,5816687
2026-07-16T02:18:34.645772,2026-07-16T02:18:34.651836+00:00,65.8,10,bid,,,5816688
2026-07-16T02:18:34.645772,2026-07-16T02:18:34.662453+00:00,65.8,7,bid,,,5816689
2026-07-16T02:18:34.645772,2026-07-16T02:18:34.662453+00:00,65.8,9,bid,,,5816690
2026-07-16T02:18:34.645772,2026-07-16T02:18:34.662453+00:00,65.9,30,bid,,,5816691
2026-07-16T02:18:34.645772,2026-07-16T02:18:34.662453+00:00,65.9,498,bid,,,5816692
2026-07-16T02:18:34.758841,2026-07-16T02:18:34.768107+00:00,65.6,4,ask,,,5816693
2026-07-16T02:18:35.092390,2026-07-16T02:18:35.094620+00:00,65.7,18,ask,,,5816700
2026-07-16T02:18:35.110670,2026-07-16T02:18:35.115758+00:00,65.7,2,ask,,,5816704
2026-07-16T02:18:35.299887,2026-07-16T02:18:35.305292+00:00,65.7,10,ask,,,5816708
2026-07-16T02:18:35.311248,2026-07-16T02:18:35.315840+00:00,65.7,14,ask,,,5816710
2026-07-16T02:18:35.473486,2026-07-16T02:18:35.484216+00:00,65.8,17,ask,,,5816714
2026-07-16T02:18:35.480467,2026-07-16T02:18:35.484216+00:00,65.8,10,ask,,,5816715
2026-07-16T02:18:35.621380,2026-07-16T02:18:35.632233+00:00,65.8,1,ask,,,5816718
2026-07-16T02:18:35.975757,2026-07-16T02:18:35.979726+00:00,65.9,500,bid,,,5816725
2026-07-16T02:18:35.975757,2026-07-16T02:18:35.979726+00:00,65.9,30,bid,,,5816726
2026-07-16T02:18:36.164357,2026-07-16T02:18:36.169391+00:00,65.9,20,ask,,,5816730
2026-07-16T02:18:36.197557,2026-07-16T02:18:36.201373+00:00,65.9,28,ask,,,5816733
2026-07-16T02:18:36.260695,2026-07-16T02:18:36.265106+00:00,65.9,47,ask,,,5816735
2026-07-16T02:18:36.260695,2026-07-16T02:18:36.265106+00:00,65.9,5,ask,,,5816736
2026-07-16T02:18:37.150504,2026-07-16T02:18:37.156391+00:00,65.8,1,ask,,,5816746
2026-07-16T02:18:37.295228,2026-07-16T02:18:37.303269+00:00,65.8,79,ask,,,5816754
2026-07-16T02:18:37.295228,2026-07-16T02:18:37.303269+00:00,65.8,200,ask,,,5816755
2026-07-16T02:18:37.295228,2026-07-16T02:18:37.303269+00:00,65.8,20,ask,,,5816756
2026-07-16T02:18:37.295228,2026-07-16T02:18:37.303269+00:00,65.8,7,ask,,,5816757
2026-07-16T02:18:37.295228,2026-07-16T02:18:37.313774+00:00,65.8,1,ask,,,5816758
2026-07-16T02:18:37.309842,2026-07-16T02:18:37.313774+00:00,65.8,1,bid,,,5816759
2026-07-16T02:18:37.535575,2026-07-16T02:18:37.545877+00:00,65.6,2,ask,,,5816765
2026-07-16T02:18:37.541968,2026-07-16T02:18:37.545877+00:00,65.6,10,ask,,,5816766
2026-07-16T02:18:38.116618,2026-07-16T02:18:38.123965+00:00,65.8,20,bid,,,5816774
2026-07-16T02:18:38.561802,2026-07-16T02:18:38.563882+00:00,65.8,2,bid,,,5816779
2026-07-16T02:18:38.617635,2026-07-16T02:18:38.627001+00:00,65.8,30,bid,,,5816781
2026-07-16T02:18:38.628494,2026-07-16T02:18:38.637548+00:00,65.8,10,ask,,,5816783
2026-07-16T02:18:38.806987,2026-07-16T02:18:38.817232+00:00,65.8,1,ask,,,5816790
2026-07-16T02:18:40.035240,2026-07-16T02:18:40.038762+00:00,65.9,20,ask,,,5816808
2026-07-16T02:18:40.289811,2026-07-16T02:18:40.291532+00:00,65.9,200,ask,,,5816820
2026-07-16T02:18:40.413900,2026-07-16T02:18:40.417638+00:00,65.9,1,ask,,,5816821
2026-07-16T02:18:40.581597,2026-07-16T02:18:40.586433+00:00,66.0,5,bid,,,5816826
2026-07-16T02:18:41.506121,2026-07-16T02:18:41.510216+00:00,65.9,200,ask,,,5816831
2026-07-16T02:18:41.937608,2026-07-16T02:18:41.943739+00:00,65.9,1,ask,,,5816835
2026-07-16T02:18:42.635324,2026-07-16T02:18:42.645584+00:00,65.9,15,ask,,,5816849
2026-07-16T02:18:43.468022,2026-07-16T02:18:43.477427+00:00,65.9,1,ask,,,5816865
2026-07-16T02:18:43.928121,2026-07-16T02:18:43.929796+00:00,66.0,500,bid,,,5816868
2026-07-16T02:18:43.941235,2026-07-16T02:18:43.950963+00:00,66.1,7,bid,,,5816869
2026-07-16T02:18:43.941235,2026-07-16T02:18:43.950963+00:00,66.1,193,bid,,,5816870
2026-07-16T02:18:43.957930,2026-07-16T02:18:43.961504+00:00,66.0,9,ask,,,5816872
2026-07-16T02:18:44.134799,2026-07-16T02:18:44.140568+00:00,66.0,116,ask,,,5816875
2026-07-16T02:18:44.134799,2026-07-16T02:18:44.140568+00:00,65.9,20,ask,,,5816876
2026-07-16T02:18:44.134799,2026-07-16T02:18:44.151166+00:00,65.9,10,ask,,,5816877
2026-07-16T02:18:44.186054,2026-07-16T02:18:44.193599+00:00,65.9,30,bid,,,5816880
2026-07-16T02:18:44.662056,2026-07-16T02:18:44.670056+00:00,65.8,14,bid,,,5816890
2026-07-16T02:18:44.670880,2026-07-16T02:18:44.680742+00:00,65.8,5,bid,,,5816892
2026-07-16T02:18:44.684077,2026-07-16T02:18:44.691340+00:00,65.9,2,bid,,,5816894
2026-07-16T02:18:45.164310,2026-07-16T02:18:45.174964+00:00,65.9,200,bid,,,5816897
2026-07-16T02:18:45.707825,2026-07-16T02:18:45.713025+00:00,65.8,1,ask,,,5816906
2026-07-16T02:18:46.591669,2026-07-16T02:18:46.598454+00:00,65.8,1,ask,,,5816919
2026-07-16T02:18:46.733131,2026-07-16T02:18:46.735140+00:00,65.8,1,ask,,,5816924
2026-07-16T02:18:47.597692,2026-07-16T02:18:47.609097+00:00,65.8,36,ask,,,5816940
2026-07-16T02:18:47.597692,2026-07-16T02:18:47.609097+00:00,65.8,10,ask,,,5816941
2026-07-16T02:18:47.597692,2026-07-16T02:18:47.609097+00:00,65.7,10,ask,,,5816942
2026-07-16T02:18:47.597692,2026-07-16T02:18:47.609097+00:00,65.7,144,ask,,,5816943
2026-07-16T02:18:47.814326,2026-07-16T02:18:47.820214+00:00,65.7,1,ask,,,5816947
2026-07-16T02:18:47.935030,2026-07-16T02:18:47.947060+00:00,65.7,7,ask,,,5816952
2026-07-16T02:18:47.952467,2026-07-16T02:18:47.957632+00:00,65.7,2,bid,,,5816953
2026-07-16T02:18:47.983513,2026-07-16T02:18:47.989473+00:00,65.7,20,bid,,,5816956
2026-07-16T02:18:47.998221,2026-07-16T02:18:48.000207+00:00,65.6,2,ask,,,5816957
2026-07-16T02:18:48.110097,2026-07-16T02:18:48.116898+00:00,65.7,12,bid,,,5816959
2026-07-16T02:18:48.136632,2026-07-16T02:18:48.138359+00:00,65.6,1,ask,,,5816960
2026-07-16T02:18:48.833431,2026-07-16T02:18:48.853340+00:00,65.7,1,bid,,,5816966
2026-07-16T02:18:49.664124,2026-07-16T02:18:49.675672+00:00,65.7,1,ask,,,5816982
2026-07-16T02:18:50.153106,2026-07-16T02:18:50.165323+00:00,65.7,9,ask,,,5816991
2026-07-16T02:18:50.233546,2026-07-16T02:18:50.241172+00:00,65.7,7,ask,,,5816994
2026-07-16T02:18:50.565813,2026-07-16T02:18:50.573844+00:00,65.8,19,bid,,,5816999
2026-07-16T02:18:50.565813,2026-07-16T02:18:50.573844+00:00,65.8,200,bid,,,5817000
2026-07-16T02:18:50.565813,2026-07-16T02:18:50.573844+00:00,65.8,27,bid,,,5817001
2026-07-16T02:18:50.565813,2026-07-16T02:18:50.573844+00:00,65.8,10,bid,,,5817002
2026-07-16T02:18:50.565813,2026-07-16T02:18:50.592457+00:00,65.9,3,bid,,,5817003
2026-07-16T02:18:50.565813,2026-07-16T02:18:50.592457+00:00,65.9,7,bid,,,5817004
2026-07-16T02:18:50.580603,2026-07-16T02:18:50.592457+00:00,65.9,10,ask,,,5817005
2026-07-16T02:18:50.596330,2026-07-16T02:18:50.603183+00:00,65.9,25,ask,,,5817008
2026-07-16T02:18:50.669660,2026-07-16T02:18:50.679105+00:00,65.9,13,ask,,,5817015
2026-07-16T02:18:50.831065,2026-07-16T02:18:50.853080+00:00,65.9,28,ask,,,5817020
2026-07-16T02:18:50.852576,2026-07-16T02:18:50.863891+00:00,65.9,82,ask,,,5817024
2026-07-16T02:18:50.872542,2026-07-16T02:18:50.885316+00:00,65.9,50,ask,,,5817025
2026-07-16T02:18:50.892282,2026-07-16T02:18:50.896039+00:00,65.9,2,ask,,,5817027
2026-07-16T02:18:50.942828,2026-07-16T02:18:50.949844+00:00,65.9,20,ask,,,5817028
2026-07-16T02:18:51.230697,2026-07-16T02:18:51.234161+00:00,65.9,1,ask,,,5817032
2026-07-16T02:18:51.569458,2026-07-16T02:18:51.571676+00:00,65.9,20,ask,,,5817037
2026-07-16T02:18:51.911675,2026-07-16T02:18:51.917371+00:00,65.9,25,ask,,,5817041
2026-07-16T02:18:51.934168,2026-07-16T02:18:51.938452+00:00,65.9,2,ask,,,5817045
2026-07-16T02:18:52.453747,2026-07-16T02:18:52.455408+00:00,65.9,200,bid,,,5817052
2026-07-16T02:18:52.753523,2026-07-16T02:18:52.760522+00:00,65.8,1,ask,,,5817056
2026-07-16T02:18:52.952821,2026-07-16T02:18:52.960018+00:00,65.8,2,ask,,,5817061
2026-07-16T02:18:54.335822,2026-07-16T02:18:54.339720+00:00,65.9,1,bid,,,5817094
2026-07-16T02:18:54.527516,2026-07-16T02:18:54.530265+00:00,65.8,80,ask,,,5817097
2026-07-16T02:18:54.527516,2026-07-16T02:18:54.548335+00:00,65.8,200,ask,,,5817098
2026-07-16T02:18:54.527516,2026-07-16T02:18:54.548335+00:00,65.8,20,ask,,,5817099
2026-07-16T02:18:54.622867,2026-07-16T02:18:54.633062+00:00,65.8,14,bid,,,5817101
2026-07-16T02:18:54.988519,2026-07-16T02:18:54.991915+00:00,65.8,94,bid,,,5817106
2026-07-16T02:18:55.846760,2026-07-16T02:18:55.853864+00:00,65.8,33,bid,,,5817115
2026-07-16T02:18:55.846760,2026-07-16T02:18:55.853864+00:00,65.8,200,bid,,,5817116
2026-07-16T02:18:55.846760,2026-07-16T02:18:55.853864+00:00,65.9,7,bid,,,5817117
2026-07-16T02:18:55.846760,2026-07-16T02:18:55.864649+00:00,65.9,3,bid,,,5817118
2026-07-16T02:18:55.846760,2026-07-16T02:18:55.864649+00:00,65.9,382,bid,,,5817119
2026-07-16T02:18:57.029080,2026-07-16T02:18:57.036803+00:00,65.7,20,ask,,,5817141
2026-07-16T02:18:57.303361,2026-07-16T02:18:57.310365+00:00,65.7,30,ask,,,5817144
2026-07-16T02:18:57.303361,2026-07-16T02:18:57.310365+00:00,65.7,20,ask,,,5817145
2026-07-16T02:18:57.303361,2026-07-16T02:18:57.310365+00:00,65.7,150,ask,,,5817146
2026-07-16T02:18:58.123123,2026-07-16T02:18:58.133051+00:00,65.7,20,ask,,,5817156
2026-07-16T02:18:58.484858,2026-07-16T02:18:58.488834+00:00,65.7,10,ask,,,5817161
2026-07-16T02:18:58.484858,2026-07-16T02:18:58.499344+00:00,65.6,10,ask,,,5817162
2026-07-16T02:18:58.484858,2026-07-16T02:18:58.499344+00:00,65.6,3,ask,,,5817163
2026-07-16T02:18:58.484858,2026-07-16T02:18:58.499344+00:00,65.6,30,ask,,,5817164
2026-07-16T02:18:58.484858,2026-07-16T02:18:58.499344+00:00,65.6,7,ask,,,5817165
2026-07-16T02:18:58.499404,2026-07-16T02:18:58.509847+00:00,65.6,19,bid,,,5817166
2026-07-16T02:18:58.504983,2026-07-16T02:18:58.509847+00:00,65.6,30,bid,,,5817167
2026-07-16T02:18:58.531750,2026-07-16T02:18:58.541676+00:00,65.6,200,bid,,,5817172
2026-07-16T02:18:58.573253,2026-07-16T02:18:58.584139+00:00,65.5,15,ask,,,5817177
2026-07-16T02:18:58.596714,2026-07-16T02:18:58.605583+00:00,65.6,5,bid,,,5817178
2026-07-16T02:18:58.936739,2026-07-16T02:18:58.944928+00:00,65.6,1,bid,,,5817184
2026-07-16T02:18:59.055308,2026-07-16T02:18:59.060199+00:00,65.5,3,ask,,,5817187
2026-07-16T02:18:59.064121,2026-07-16T02:18:59.070890+00:00,65.5,2,ask,,,5817188
2026-07-16T02:18:59.075468,2026-07-16T02:18:59.081462+00:00,65.5,10,ask,,,5817189
2026-07-16T02:18:59.757409,2026-07-16T02:18:59.764965+00:00,65.6,200,bid,,,5817191
2026-07-16T02:18:59.810214,2026-07-16T02:18:59.817649+00:00,65.6,1,bid,,,5817192
2026-07-16T02:18:59.810214,2026-07-16T02:18:59.817649+00:00,65.7,30,bid,,,5817193
2026-07-16T02:18:59.810214,2026-07-16T02:18:59.817649+00:00,65.7,7,bid,,,5817194
2026-07-16T02:18:59.810214,2026-07-16T02:18:59.841812+00:00,65.7,200,bid,,,5817195
2026-07-16T02:18:59.810214,2026-07-16T02:18:59.841812+00:00,65.8,3,bid,,,5817196
2026-07-16T02:18:59.856453,2026-07-16T02:18:59.863043+00:00,65.8,30,ask,,,5817198
2026-07-16T02:18:59.870910,2026-07-16T02:18:59.873572+00:00,65.8,15,ask,,,5817200
2026-07-16T02:19:00.018822,2026-07-16T02:19:00.021504+00:00,65.8,28,ask,,,5817208
2026-07-16T02:19:00.046462,2026-07-16T02:19:00.063605+00:00,65.8,10,ask,,,5817210
2026-07-16T02:19:00.071530,2026-07-16T02:19:00.074109+00:00,65.8,40,ask,,,5817212
2026-07-16T02:19:00.077540,2026-07-16T02:19:00.084664+00:00,65.8,3,ask,,,5817213
2026-07-16T02:19:00.146531,2026-07-16T02:19:00.158351+00:00,65.8,20,ask,,,5817218
2026-07-16T02:19:00.223825,2026-07-16T02:19:00.232142+00:00,65.8,25,ask,,,5817227
2026-07-16T02:19:00.241486,2026-07-16T02:19:00.252053+00:00,65.9,30,bid,,,5817228
2026-07-16T02:19:00.260797,2026-07-16T02:19:00.263041+00:00,65.9,2,bid,,,5817230
2026-07-16T02:19:00.468733,2026-07-16T02:19:00.474715+00:00,65.9,1,bid,,,5817233
2026-07-16T02:19:00.661096,2026-07-16T02:19:00.664161+00:00,65.9,5,bid,,,5817236
2026-07-16T02:19:00.683793,2026-07-16T02:19:00.685258+00:00,65.9,45,bid,,,5817237
2026-07-16T02:19:00.745002,2026-07-16T02:19:00.748416+00:00,65.9,28,bid,,,5817239
2026-07-16T02:19:00.971504,2026-07-16T02:19:00.979139+00:00,65.8,200,ask,,,5817243
2026-07-16T02:19:01.059171,2026-07-16T02:19:01.063197+00:00,65.9,30,bid,,,5817245
2026-07-16T02:19:01.143862,2026-07-16T02:19:01.147912+00:00,65.8,13,ask,,,5817248
2026-07-16T02:19:01.143862,2026-07-16T02:19:01.158446+00:00,65.8,20,ask,,,5817249
2026-07-16T02:19:01.143862,2026-07-16T02:19:01.158446+00:00,65.8,58,ask,,,5817250
2026-07-16T02:19:01.166681,2026-07-16T02:19:01.168962+00:00,65.8,30,bid,,,5817251
2026-07-16T02:19:01.212406,2026-07-16T02:19:01.221794+00:00,65.8,9,bid,,,5817254
2026-07-16T02:19:01.217501,2026-07-16T02:19:01.221794+00:00,65.8,33,bid,,,5817255
2026-07-16T02:19:01.233337,2026-07-16T02:19:01.293212+00:00,65.7,7,ask,,,5817258
2026-07-16T02:19:01.233337,2026-07-16T02:19:01.293212+00:00,65.7,21,ask,,,5817259
2026-07-16T02:19:01.233337,2026-07-16T02:19:01.293212+00:00,65.7,3,ask,,,5817260
2026-07-16T02:19:01.234323,2026-07-16T02:19:01.293212+00:00,65.7,5,bid,,,5817261
2026-07-16T02:19:01.254886,2026-07-16T02:19:01.293212+00:00,65.7,10,bid,,,5817264
2026-07-16T02:19:01.292449,2026-07-16T02:19:01.304371+00:00,65.7,33,bid,,,5817267
2026-07-16T02:19:01.310274,2026-07-16T02:19:01.315172+00:00,65.7,37,bid,,,5817268
2026-07-16T02:19:01.310584,2026-07-16T02:19:01.325937+00:00,65.6,2,ask,,,5817269
2026-07-16T02:19:01.324273,2026-07-16T02:19:01.336644+00:00,65.7,2,bid,,,5817270
2026-07-16T02:19:01.340005,2026-07-16T02:19:01.347338+00:00,65.7,5,bid,,,5817272
2026-07-16T02:19:01.862627,2026-07-16T02:19:01.873541+00:00,65.6,5,ask,,,5817277
2026-07-16T02:19:02.029613,2026-07-16T02:19:02.041570+00:00,65.7,1,bid,,,5817279
2026-07-16T02:19:02.188628,2026-07-16T02:19:02.200185+00:00,65.7,200,bid,,,5817280
2026-07-16T02:19:02.382863,2026-07-16T02:19:02.389633+00:00,65.7,2,bid,,,5817284
2026-07-16T02:19:02.562784,2026-07-16T02:19:02.567799+00:00,65.7,10,bid,,,5817286
2026-07-16T02:19:02.562784,2026-07-16T02:19:02.567799+00:00,65.7,7,bid,,,5817287
2026-07-16T02:19:02.562784,2026-07-16T02:19:02.591059+00:00,65.8,15,bid,,,5817288
2026-07-16T02:19:02.562784,2026-07-16T02:19:02.591059+00:00,65.8,3,bid,,,5817289
2026-07-16T02:19:02.940303,2026-07-16T02:19:02.950358+00:00,65.8,500,ask,,,5817306
2026-07-16T02:19:03.422700,2026-07-16T02:19:03.424687+00:00,65.9,7,bid,,,5817319
2026-07-16T02:19:03.428880,2026-07-16T02:19:03.435329+00:00,65.9,3,bid,,,5817320
2026-07-16T02:19:03.434989,2026-07-16T02:19:03.445922+00:00,65.8,2,ask,,,5817321
2026-07-16T02:19:03.553565,2026-07-16T02:19:03.562298+00:00,65.8,88,ask,,,5817323
2026-07-16T02:19:03.553565,2026-07-16T02:19:03.562298+00:00,65.8,10,ask,,,5817324
2026-07-16T02:19:03.553565,2026-07-16T02:19:03.562298+00:00,65.8,200,ask,,,5817325
2026-07-16T02:19:03.613127,2026-07-16T02:19:03.615594+00:00,65.8,1,bid,,,5817327
2026-07-16T02:19:03.903840,2026-07-16T02:19:03.910498+00:00,65.7,7,ask,,,5817335
2026-07-16T02:19:03.903840,2026-07-16T02:19:03.910498+00:00,65.6,3,ask,,,5817336
2026-07-16T02:19:03.903840,2026-07-16T02:19:03.910498+00:00,65.6,30,ask,,,5817337
2026-07-16T02:19:03.914996,2026-07-16T02:19:03.952963+00:00,65.5,30,bid,,,5817338
2026-07-16T02:19:03.919338,2026-07-16T02:19:03.952963+00:00,65.5,30,bid,,,5817339
2026-07-16T02:19:03.960261,2026-07-16T02:19:03.963844+00:00,65.5,66,bid,,,5817344
2026-07-16T02:19:03.983699,2026-07-16T02:19:03.985406+00:00,65.5,2,bid,,,5817345
2026-07-16T02:19:04.455646,2026-07-16T02:19:04.458852+00:00,65.5,2,bid,,,5817350
2026-07-16T02:19:04.495366,2026-07-16T02:19:04.507476+00:00,65.4,3,ask,,,5817352
2026-07-16T02:19:04.612765,2026-07-16T02:19:04.623704+00:00,65.5,200,bid,,,5817356
2026-07-16T02:19:05.022229,2026-07-16T02:19:05.033571+00:00,65.4,20,ask,,,5817365
2026-07-16T02:19:05.136842,2026-07-16T02:19:05.138641+00:00,65.5,1,bid,,,5817366
2026-07-16T02:19:05.249424,2026-07-16T02:19:05.253933+00:00,65.5,20,ask,,,5817367
2026-07-16T02:19:05.492064,2026-07-16T02:19:05.496756+00:00,65.5,2,ask,,,5817378
2026-07-16T02:19:05.824819,2026-07-16T02:19:05.832416+00:00,65.7,3,bid,,,5817387
2026-07-16T02:19:05.824819,2026-07-16T02:19:05.832416+00:00,65.7,197,bid,,,5817388
2026-07-16T02:19:06.534383,2026-07-16T02:19:06.545526+00:00,65.5,2,ask,,,5817401
2026-07-16T02:19:07.050014,2026-07-16T02:19:07.052038+00:00,65.6,30,ask,,,5817416
2026-07-16T02:19:07.078910,2026-07-16T02:19:07.083781+00:00,65.6,33,ask,,,5817420
2026-07-16T02:19:07.094378,2026-07-16T02:19:07.104914+00:00,65.6,37,ask,,,5817423
2026-07-16T02:19:07.098608,2026-07-16T02:19:07.104914+00:00,65.6,30,ask,,,5817424
2026-07-16T02:19:07.120084,2026-07-16T02:19:07.126167+00:00,65.6,31,ask,,,5817426
2026-07-16T02:19:07.145983,2026-07-16T02:19:07.157983+00:00,65.6,33,ask,,,5817428
2026-07-16T02:19:07.151020,2026-07-16T02:19:07.157983+00:00,65.6,6,ask,,,5817429
2026-07-16T02:19:07.235609,2026-07-16T02:19:07.256697+00:00,65.5,8,ask,,,5817433
2026-07-16T02:19:07.557959,2026-07-16T02:19:07.565907+00:00,65.5,2,ask,,,5817437
2026-07-16T02:19:07.939047,2026-07-16T02:19:07.944148+00:00,65.7,72,bid,,,5817440
2026-07-16T02:19:07.939047,2026-07-16T02:19:07.944148+00:00,65.7,7,bid,,,5817441
2026-07-16T02:19:07.968933,2026-07-16T02:19:07.975940+00:00,65.7,33,ask,,,5817444
2026-07-16T02:19:08.005970,2026-07-16T02:19:08.007716+00:00,65.7,63,ask,,,5817448
2026-07-16T02:19:08.067422,2026-07-16T02:19:08.070789+00:00,65.7,7,ask,,,5817452
2026-07-16T02:19:08.090720,2026-07-16T02:19:08.102308+00:00,65.7,25,ask,,,5817453
2026-07-16T02:19:08.112378,2026-07-16T02:19:08.136377+00:00,65.7,1,ask,,,5817455
2026-07-16T02:19:08.257691,2026-07-16T02:19:08.262385+00:00,65.7,200,ask,,,5817461
2026-07-16T02:19:08.577374,2026-07-16T02:19:08.580637+00:00,65.7,25,ask,,,5817469
2026-07-16T02:19:08.593862,2026-07-16T02:19:08.601704+00:00,65.7,2,ask,,,5817472
2026-07-16T02:19:09.481156,2026-07-16T02:19:09.498473+00:00,65.7,80,ask,,,5817492
2026-07-16T02:19:09.662930,2026-07-16T02:19:09.667760+00:00,65.6,2,ask,,,5817499
2026-07-16T02:19:09.775886,2026-07-16T02:19:09.784235+00:00,65.6,28,ask,,,5817503
2026-07-16T02:19:09.816585,2026-07-16T02:19:09.826645+00:00,65.7,20,bid,,,5817504
2026-07-16T02:19:09.866465,2026-07-16T02:19:09.868881+00:00,65.7,1,bid,,,5817507
2026-07-16T02:19:10.573697,2026-07-16T02:19:10.584221+00:00,65.6,80,ask,,,5817516
2026-07-16T02:19:10.590609,2026-07-16T02:19:10.594752+00:00,65.6,30,bid,,,5817519
2026-07-16T02:19:10.639875,2026-07-16T02:19:10.647573+00:00,65.6,30,bid,,,5817525
2026-07-16T02:19:10.668956,2026-07-16T02:19:10.679041+00:00,65.6,15,bid,,,5817528
2026-07-16T02:19:10.693926,2026-07-16T02:19:10.700136+00:00,65.6,200,bid,,,5817530
2026-07-16T02:19:10.700718,2026-07-16T02:19:10.710703+00:00,65.6,15,bid,,,5817531
2026-07-16T02:19:10.724008,2026-07-16T02:19:10.731852+00:00,65.6,2,bid,,,5817534
2026-07-16T02:19:10.776722,2026-07-16T02:19:10.784225+00:00,65.6,5,bid,,,5817535
2026-07-16T02:19:11.449246,2026-07-16T02:19:11.457411+00:00,65.6,1,bid,,,5817543
2026-07-16T02:19:11.746605,2026-07-16T02:19:11.751430+00:00,65.6,2,bid,,,5817548
2026-07-16T02:19:11.884413,2026-07-16T02:19:11.888188+00:00,65.6,80,bid,,,5817555
2026-07-16T02:19:11.884413,2026-07-16T02:19:11.905151+00:00,65.7,30,bid,,,5817556
2026-07-16T02:19:11.884413,2026-07-16T02:19:11.905151+00:00,65.7,3,bid,,,5817557
2026-07-16T02:19:11.884413,2026-07-16T02:19:11.905151+00:00,65.8,200,bid,,,5817558
2026-07-16T02:19:11.908588,2026-07-16T02:19:11.915829+00:00,65.8,30,ask,,,5817561
2026-07-16T02:19:11.924230,2026-07-16T02:19:11.926431+00:00,65.8,200,ask,,,5817562
2026-07-16T02:19:11.945986,2026-07-16T02:19:11.947596+00:00,65.8,38,ask,,,5817565
2026-07-16T02:19:12.050349,2026-07-16T02:19:12.053736+00:00,65.9,19,bid,,,5817567
2026-07-16T02:19:12.210299,2026-07-16T02:19:12.213542+00:00,65.9,20,bid,,,5817574
2026-07-16T02:19:12.768443,2026-07-16T02:19:12.776572+00:00,65.9,2,bid,,,5817579
2026-07-16T02:19:12.954786,2026-07-16T02:19:12.965461+00:00,65.8,30,ask,,,5817583
2026-07-16T02:19:12.996920,2026-07-16T02:19:13.007626+00:00,65.8,14,ask,,,5817588
2026-07-16T02:19:12.996920,2026-07-16T02:19:13.007626+00:00,65.8,16,ask,,,5817589
2026-07-16T02:19:13.142293,2026-07-16T02:19:13.144047+00:00,65.7,7,ask,,,5817593
2026-07-16T02:19:13.142293,2026-07-16T02:19:13.154734+00:00,65.6,193,ask,,,5817594
2026-07-16T02:19:13.795602,2026-07-16T02:19:13.803661+00:00,65.7,2,bid,,,5817607
2026-07-16T02:19:14.583951,2026-07-16T02:19:14.593907+00:00,65.7,200,bid,,,5817614
2026-07-16T02:19:14.583951,2026-07-16T02:19:14.593907+00:00,65.7,28,bid,,,5817615
2026-07-16T02:19:14.825386,2026-07-16T02:19:14.828788+00:00,65.8,2,bid,,,5817625
2026-07-16T02:19:15.580725,2026-07-16T02:19:15.587215+00:00,65.7,200,ask,,,5817636
2026-07-16T02:19:15.730154,2026-07-16T02:19:15.735420+00:00,65.9,5,bid,,,5817640
2026-07-16T02:19:15.846648,2026-07-16T02:19:15.851553+00:00,65.9,2,bid,,,5817641
2026-07-16T02:19:15.909256,2026-07-16T02:19:15.915365+00:00,65.7,7,ask,,,5817642
2026-07-16T02:19:15.909256,2026-07-16T02:19:15.915365+00:00,65.6,30,ask,,,5817643
2026-07-16T02:19:15.909256,2026-07-16T02:19:15.915365+00:00,65.6,500,ask,,,5817644
2026-07-16T02:19:15.952703,2026-07-16T02:19:15.958080+00:00,65.5,11,bid,,,5817647
2026-07-16T02:19:15.972821,2026-07-16T02:19:15.979405+00:00,65.5,11,bid,,,5817650
2026-07-16T02:19:16.053733,2026-07-16T02:19:16.064456+00:00,65.5,28,bid,,,5817655
2026-07-16T02:19:16.223877,2026-07-16T02:19:16.231755+00:00,65.5,1,bid,,,5817659
2026-07-16T02:19:16.262006,2026-07-16T02:19:16.274519+00:00,65.5,37,bid,,,5817660
2026-07-16T02:19:16.262006,2026-07-16T02:19:16.274519+00:00,65.6,30,bid,,,5817661
2026-07-16T02:19:16.294263,2026-07-16T02:19:16.306637+00:00,65.6,7,ask,,,5817662
2026-07-16T02:19:16.520503,2026-07-16T02:19:16.528267+00:00,65.7,6,ask,,,5817668
2026-07-16T02:19:16.520503,2026-07-16T02:19:16.528267+00:00,65.7,8,ask,,,5817669
2026-07-16T02:19:16.741357,2026-07-16T02:19:16.749979+00:00,65.7,5,ask,,,5817671
2026-07-16T02:19:16.810737,2026-07-16T02:19:16.813411+00:00,65.7,25,ask,,,5817673
2026-07-16T02:19:16.810737,2026-07-16T02:19:16.823959+00:00,65.7,10,ask,,,5817674
2026-07-16T02:19:16.894798,2026-07-16T02:19:16.898622+00:00,65.7,2,bid,,,5817675
2026-07-16T02:19:16.899817,2026-07-16T02:19:16.909177+00:00,65.6,10,ask,,,5817676
2026-07-16T02:19:17.152715,2026-07-16T02:19:17.161165+00:00,65.7,5,bid,,,5817679
2026-07-16T02:19:17.223224,2026-07-16T02:19:17.235325+00:00,65.7,158,bid,,,5817680
2026-07-16T02:19:17.223224,2026-07-16T02:19:17.235325+00:00,65.8,3,bid,,,5817681
2026-07-16T02:19:17.223224,2026-07-16T02:19:17.235325+00:00,65.8,30,bid,,,5817682
2026-07-16T02:19:17.244024,2026-07-16T02:19:17.245895+00:00,65.8,4,ask,,,5817683
2026-07-16T02:19:17.326557,2026-07-16T02:19:17.330262+00:00,65.8,10,ask,,,5817686
2026-07-16T02:19:17.926726,2026-07-16T02:19:17.929746+00:00,65.8,2,ask,,,5817701
2026-07-16T02:19:18.547235,2026-07-16T02:19:18.551431+00:00,65.8,200,ask,,,5817709
2026-07-16T02:19:18.558651,2026-07-16T02:19:18.561958+00:00,65.8,30,bid,,,5817710
2026-07-16T02:19:18.953489,2026-07-16T02:19:18.962123+00:00,65.8,2,bid,,,5817716
2026-07-16T02:19:19.242975,2026-07-16T02:19:19.245421+00:00,65.8,200,bid,,,5817721
2026-07-16T02:19:19.321832,2026-07-16T02:19:19.329819+00:00,65.8,1,bid,,,5817722
2026-07-16T02:19:19.857404,2026-07-16T02:19:19.864033+00:00,65.8,6,bid,,,5817726
2026-07-16T02:19:19.857404,2026-07-16T02:19:19.864033+00:00,65.8,3,bid,,,5817727
2026-07-16T02:19:19.985464,2026-07-16T02:19:19.990780+00:00,65.8,2,ask,,,5817732
2026-07-16T02:19:20.458461,2026-07-16T02:19:20.461078+00:00,65.8,200,ask,,,5817738
2026-07-16T02:19:21.010259,2026-07-16T02:19:21.016405+00:00,65.8,2,ask,,,5817744
2026-07-16T02:19:21.648684,2026-07-16T02:19:21.650481+00:00,65.9,20,bid,,,5817752
2026-07-16T02:19:22.028523,2026-07-16T02:19:22.030305+00:00,65.9,2,bid,,,5817760
2026-07-16T02:19:22.431923,2026-07-16T02:19:22.434363+00:00,65.9,1,bid,,,5817780
2026-07-16T02:19:22.503306,2026-07-16T02:19:22.514828+00:00,65.8,200,ask,,,5817781
2026-07-16T02:19:22.516812,2026-07-16T02:19:22.525433+00:00,65.8,30,bid,,,5817783
2026-07-16T02:19:22.547939,2026-07-16T02:19:22.557098+00:00,65.8,30,bid,,,5817786
2026-07-16T02:19:22.592171,2026-07-16T02:19:22.599364+00:00,65.8,15,bid,,,5817789
2026-07-16T02:19:23.054937,2026-07-16T02:19:23.062400+00:00,65.8,16,bid,,,5817792
2026-07-16T02:19:23.084988,2026-07-16T02:19:23.094205+00:00,65.8,2,bid,,,5817795
2026-07-16T02:19:23.342852,2026-07-16T02:19:23.353693+00:00,65.8,2,bid,,,5817799
2026-07-16T02:19:23.817182,2026-07-16T02:19:23.827505+00:00,65.9,30,bid,,,5817805
2026-07-16T02:19:23.817182,2026-07-16T02:19:23.827505+00:00,65.9,200,bid,,,5817806
2026-07-16T02:19:23.817182,2026-07-16T02:19:23.827505+00:00,65.9,3,bid,,,5817807
2026-07-16T02:19:23.842170,2026-07-16T02:19:23.848570+00:00,65.9,30,ask,,,5817809
2026-07-16T02:19:24.177406,2026-07-16T02:19:24.179538+00:00,65.9,2,ask,,,5817822
2026-07-16T02:19:24.346429,2026-07-16T02:19:24.348957+00:00,65.9,20,ask,,,5817823
2026-07-16T02:19:25.147869,2026-07-16T02:19:25.151284+00:00,65.9,38,ask,,,5817839
2026-07-16T02:19:25.147869,2026-07-16T02:19:25.151284+00:00,65.9,200,ask,,,5817840
2026-07-16T02:19:25.147869,2026-07-16T02:19:25.161858+00:00,65.8,7,ask,,,5817841
2026-07-16T02:19:25.159096,2026-07-16T02:19:25.161858+00:00,65.8,30,bid,,,5817842
2026-07-16T02:19:25.178005,2026-07-16T02:19:25.182973+00:00,65.8,30,bid,,,5817846
2026-07-16T02:19:25.193411,2026-07-16T02:19:25.204191+00:00,65.8,38,bid,,,5817848
2026-07-16T02:19:25.201007,2026-07-16T02:19:25.204191+00:00,65.8,22,bid,,,5817849
2026-07-16T02:19:25.217579,2026-07-16T02:19:25.225417+00:00,65.8,2,bid,,,5817851
2026-07-16T02:19:25.242348,2026-07-16T02:19:25.246565+00:00,65.8,2,bid,,,5817854
2026-07-16T02:19:25.542082,2026-07-16T02:19:25.551614+00:00,65.8,1,bid,,,5817858
2026-07-16T02:19:25.656176,2026-07-16T02:19:25.667039+00:00,65.7,20,ask,,,5817864
2026-07-16T02:19:25.668456,2026-07-16T02:19:25.677628+00:00,65.7,3,ask,,,5817866
2026-07-16T02:19:26.161304,2026-07-16T02:19:26.171796+00:00,65.7,5,ask,,,5817874
2026-07-16T02:19:26.210950,2026-07-16T02:19:26.213556+00:00,65.7,30,ask,,,5817875
2026-07-16T02:19:26.275707,2026-07-16T02:19:26.287326+00:00,65.7,2,ask,,,5817879
2026-07-16T02:19:26.467699,2026-07-16T02:19:26.476550+00:00,65.8,3,bid,,,5817880
2026-07-16T02:19:26.467699,2026-07-16T02:19:26.476550+00:00,65.9,200,bid,,,5817881
2026-07-16T02:19:26.467699,2026-07-16T02:19:26.476550+00:00,65.9,15,bid,,,5817882
2026-07-16T02:19:26.467699,2026-07-16T02:19:26.476550+00:00,65.9,3,bid,,,5817883
2026-07-16T02:19:26.481473,2026-07-16T02:19:26.493574+00:00,65.9,30,ask,,,5817884
2026-07-16T02:19:26.516427,2026-07-16T02:19:26.525351+00:00,65.9,79,ask,,,5817890
2026-07-16T02:19:26.521172,2026-07-16T02:19:26.525351+00:00,65.9,22,ask,,,5817891
2026-07-16T02:19:26.666053,2026-07-16T02:19:26.673193+00:00,65.9,33,ask,,,5817896
2026-07-16T02:19:26.708506,2026-07-16T02:19:26.715221+00:00,65.9,30,ask,,,5817897
2026-07-16T02:19:26.757082,2026-07-16T02:19:26.767892+00:00,65.9,5,ask,,,5817898
2026-07-16T02:19:26.909733,2026-07-16T02:19:26.914584+00:00,65.9,20,ask,,,5817900
2026-07-16T02:19:27.067822,2026-07-16T02:19:27.071760+00:00,66.0,1,bid,,,5817906
2026-07-16T02:19:27.302862,2026-07-16T02:19:27.313724+00:00,66.0,2,bid,,,5817908
2026-07-16T02:19:27.368115,2026-07-16T02:19:27.376721+00:00,66.0,5,bid,,,5817909
2026-07-16T02:19:27.695654,2026-07-16T02:19:27.700204+00:00,65.9,20,ask,,,5817912
2026-07-16T02:19:27.744891,2026-07-16T02:19:27.752921+00:00,65.9,165,ask,,,5817913
2026-07-16T02:19:27.744891,2026-07-16T02:19:27.752921+00:00,65.9,35,ask,,,5817914
2026-07-16T02:19:27.755741,2026-07-16T02:19:27.763527+00:00,66.0,3,bid,,,5817915
2026-07-16T02:19:27.821584,2026-07-16T02:19:27.827044+00:00,65.9,45,ask,,,5817916
2026-07-16T02:19:27.821584,2026-07-16T02:19:27.827044+00:00,65.9,20,ask,,,5817917
2026-07-16T02:19:27.821584,2026-07-16T02:19:27.827044+00:00,65.8,7,ask,,,5817918
2026-07-16T02:19:27.821584,2026-07-16T02:19:27.837576+00:00,65.8,18,ask,,,5817919
2026-07-16T02:19:27.831754,2026-07-16T02:19:27.837576+00:00,65.8,35,bid,,,5817920
2026-07-16T02:19:27.835952,2026-07-16T02:19:27.837576+00:00,65.8,30,bid,,,5817921
2026-07-16T02:19:27.842734,2026-07-16T02:19:27.848183+00:00,65.8,30,bid,,,5817922
2026-07-16T02:19:27.878209,2026-07-16T02:19:27.879733+00:00,65.8,100,bid,,,5817927
2026-07-16T02:19:27.891726,2026-07-16T02:19:27.901067+00:00,65.8,48,bid,,,5817930
2026-07-16T02:19:27.899202,2026-07-16T02:19:27.901067+00:00,65.8,43,bid,,,5817931
2026-07-16T02:19:27.922209,2026-07-16T02:19:27.932613+00:00,65.8,30,bid,,,5817932
2026-07-16T02:19:28.334121,2026-07-16T02:19:28.341470+00:00,65.8,2,bid,,,5817943
2026-07-16T02:19:28.340723,2026-07-16T02:19:28.351977+00:00,65.7,10,ask,,,5817944
2026-07-16T02:19:28.630950,2026-07-16T02:19:28.635796+00:00,65.8,1,bid,,,5817946
2026-07-16T02:19:28.957804,2026-07-16T02:19:28.962335+00:00,65.8,200,bid,,,5817948
2026-07-16T02:19:29.157514,2026-07-16T02:19:29.162166+00:00,65.8,58,bid,,,5817949
2026-07-16T02:19:29.157514,2026-07-16T02:19:29.162166+00:00,65.8,80,bid,,,5817950
2026-07-16T02:19:29.157514,2026-07-16T02:19:29.172736+00:00,65.8,9,bid,,,5817951
2026-07-16T02:19:29.157514,2026-07-16T02:19:29.172736+00:00,65.9,3,bid,,,5817952
2026-07-16T02:19:29.157514,2026-07-16T02:19:29.172736+00:00,65.9,475,bid,,,5817953
2026-07-16T02:19:29.395211,2026-07-16T02:19:29.403827+00:00,65.8,2,bid,,,5817964
2026-07-16T02:19:30.238345,2026-07-16T02:19:30.246470+00:00,65.8,34,bid,,,5817969
2026-07-16T02:19:30.238345,2026-07-16T02:19:30.246470+00:00,65.8,23,bid,,,5817970
2026-07-16T02:19:30.238345,2026-07-16T02:19:30.246470+00:00,65.8,3,bid,,,5817971
2026-07-16T02:19:30.238345,2026-07-16T02:19:30.257344+00:00,65.8,12,bid,,,5817972
2026-07-16T02:19:30.254957,2026-07-16T02:19:30.257344+00:00,65.9,1,bid,,,5817973
2026-07-16T02:19:30.420495,2026-07-16T02:19:30.426168+00:00,65.8,2,ask,,,5817977
2026-07-16T02:19:30.479874,2026-07-16T02:19:30.489760+00:00,65.9,499,bid,,,5817978
2026-07-16T02:19:30.479874,2026-07-16T02:19:30.489760+00:00,65.9,10,bid,,,5817979
2026-07-16T02:19:30.479874,2026-07-16T02:19:30.489760+00:00,66.0,3,bid,,,5817980
2026-07-16T02:19:30.479874,2026-07-16T02:19:30.489760+00:00,66.0,113,bid,,,5817981
2026-07-16T02:19:31.446421,2026-07-16T02:19:31.455471+00:00,65.8,2,ask,,,5817997
2026-07-16T02:19:31.475822,2026-07-16T02:19:31.486934+00:00,65.8,56,ask,,,5817998
2026-07-16T02:19:31.475822,2026-07-16T02:19:31.486934+00:00,65.8,9,ask,,,5817999
2026-07-16T02:19:31.475822,2026-07-16T02:19:31.486934+00:00,65.8,24,ask,,,5818000
2026-07-16T02:19:31.475822,2026-07-16T02:19:31.486934+00:00,65.8,30,ask,,,5818001
2026-07-16T02:19:31.852367,2026-07-16T02:19:31.854979+00:00,65.8,1,bid,,,5818008
2026-07-16T02:19:32.311650,2026-07-16T02:19:32.313504+00:00,65.8,20,bid,,,5818016
2026-07-16T02:19:32.465423,2026-07-16T02:19:32.470878+00:00,65.8,2,bid,,,5818023
2026-07-16T02:19:32.618893,2026-07-16T02:19:32.628323+00:00,65.7,5,ask,,,5818024
2026-07-16T02:19:33.132054,2026-07-16T02:19:33.142609+00:00,65.7,30,ask,,,5818030
2026-07-16T02:19:33.132054,2026-07-16T02:19:33.142609+00:00,65.7,200,ask,,,5818031
2026-07-16T02:19:33.409291,2026-07-16T02:19:33.419287+00:00,65.7,1,bid,,,5818038
2026-07-16T02:19:33.493510,2026-07-16T02:19:33.503119+00:00,65.7,2,bid,,,5818039
2026-07-16T02:19:33.906858,2026-07-16T02:19:33.911824+00:00,65.6,200,ask,,,5818042
2026-07-16T02:19:34.518105,2026-07-16T02:19:34.527734+00:00,65.7,2,bid,,,5818049
2026-07-16T02:19:35.117126,2026-07-16T02:19:35.119670+00:00,65.5,3,ask,,,5818061
2026-07-16T02:19:35.117126,2026-07-16T02:19:35.130215+00:00,65.5,197,ask,,,5818062
2026-07-16T02:19:35.440860,2026-07-16T02:19:35.445228+00:00,65.5,4,ask,,,5818067
2026-07-16T02:19:35.554036,2026-07-16T02:19:35.561012+00:00,65.5,2,ask,,,5818070
2026-07-16T02:19:35.820293,2026-07-16T02:19:35.824734+00:00,65.5,26,ask,,,5818071
2026-07-16T02:19:35.820293,2026-07-16T02:19:35.824734+00:00,65.5,2,ask,,,5818072
2026-07-16T02:19:35.820293,2026-07-16T02:19:35.835262+00:00,65.5,500,ask,,,5818073
