timestamp,recv_time,price,volume,aggressor_side,buyer,seller,trade_id
2026-07-05T01:00:02.527190,2026-07-05T01:00:02.536104+00:00,145.0,200,ask,AverageAlmonds,WavyWalnuts,7697724
2026-07-05T01:00:04.238571,2026-07-05T01:00:04.246606+00:00,145.0,500,ask,AverageAlmonds,YieldingYams,7697746
2026-07-05T01:00:06.862882,2026-07-05T01:00:06.870179+00:00,145.2,200,bid,YieldingYams,WavyWalnuts,7697784
2026-07-05T01:00:07.384621,2026-07-05T01:00:07.388245+00:00,145.4,12,bid,Xuanyu Liu,WavyWalnuts,7697792
2026-07-05T01:00:07.610920,2026-07-05T01:00:07.622509+00:00,145.4,1,bid,Kaleb Liu,WavyWalnuts,7697793
2026-07-05T01:00:08.621810,2026-07-05T01:00:08.633669+00:00,145.4,1,bid,Kaleb Liu,YieldingYams,7697809
2026-07-05T01:00:09.507099,2026-07-05T01:00:09.510597+00:00,145.3,11,bid,Xuanyu Liu,YieldingYams,7697837
2026-07-05T01:00:09.631386,2026-07-05T01:00:09.638336+00:00,145.3,2,bid,Kaleb Liu,YieldingYams,7697839
2026-07-05T01:00:09.828979,2026-07-05T01:00:09.836057+00:00,145.3,25,bid,Yinxuan Li,YieldingYams,7697846
2026-07-05T01:00:10.597234,2026-07-05T01:00:10.600700+00:00,145.2,11,ask,WavyWalnuts,Xuanyu Liu,7697864
2026-07-05T01:00:11.478729,2026-07-05T01:00:11.486055+00:00,145.2,20,ask,YieldingYams,BrilliantBurritos,7697870
2026-07-05T01:00:11.644749,2026-07-05T01:00:11.663819+00:00,145.2,6,ask,YieldingYams,Kaleb Liu,7697873
2026-07-05T01:00:12.202837,2026-07-05T01:00:12.211844+00:00,145.4,200,bid,WavyWalnuts,YieldingYams,7697883
2026-07-05T01:00:13.656926,2026-07-05T01:00:13.668747+00:00,145.4,1,bid,Kaleb Liu,YieldingYams,7697900
2026-07-05T01:00:14.668097,2026-07-05T01:00:14.679776+00:00,145.4,1,bid,Kaleb Liu,YieldingYams,7697917
2026-07-05T01:00:14.843522,2026-07-05T01:00:14.850598+00:00,145.3,25,bid,Yinxuan Li,YieldingYams,7697922
2026-07-05T01:00:15.677746,2026-07-05T01:00:15.689119+00:00,145.3,1,bid,Kaleb Liu,YieldingYams,7697932
2026-07-05T01:00:16.047354,2026-07-05T01:00:16.058616+00:00,145.4,200,bid,YieldingYams,WavyWalnuts,7697944
2026-07-05T01:00:16.686276,2026-07-05T01:00:16.696286+00:00,145.6,1,bid,Kaleb Liu,YieldingYams,7697956
2026-07-05T01:00:17.375324,2026-07-05T01:00:17.379202+00:00,145.5,11,bid,Xuanyu Liu,YieldingYams,7697970
2026-07-05T01:00:17.695631,2026-07-05T01:00:17.707283+00:00,145.5,2,bid,Kaleb Liu,YieldingYams,7697978
2026-07-05T01:00:19.875253,2026-07-05T01:00:19.884641+00:00,145.5,25,bid,Yinxuan Li,YieldingYams,7698014
2026-07-05T01:00:20.695913,2026-07-05T01:00:20.706384+00:00,145.4,200,ask,YieldingYams,WavyWalnuts,7698026
2026-07-05T01:00:20.708070,2026-07-05T01:00:20.716905+00:00,145.4,1,ask,YieldingYams,Kaleb Liu,7698028
2026-07-05T01:00:24.902400,2026-07-05T01:00:24.914055+00:00,145.5,9,bid,Yinxuan Li,WavyWalnuts,7698087
2026-07-05T01:00:25.558144,2026-07-05T01:00:25.568993+00:00,145.4,200,ask,YieldingYams,WavyWalnuts,7698104
2026-07-05T01:00:26.764843,2026-07-05T01:00:26.774469+00:00,145.5,200,bid,WavyWalnuts,YieldingYams,7698121
2026-07-05T01:00:27.975571,2026-07-05T01:00:27.986095+00:00,145.5,200,bid,WavyWalnuts,YieldingYams,7698143
2026-07-05T01:00:29.917512,2026-07-05T01:00:29.929085+00:00,145.5,25,bid,Yinxuan Li,AverageAlmonds,7698178
2026-07-05T01:00:30.482401,2026-07-05T01:00:30.492130+00:00,145.5,500,bid,YieldingYams,AverageAlmonds,7698190
2026-07-05T01:00:30.482401,2026-07-05T01:00:30.492130+00:00,145.5,125,bid,YieldingYams,WavyWalnuts,7698191
2026-07-05T01:00:31.621580,2026-07-05T01:00:31.630276+00:00,145.5,200,bid,WavyWalnuts,AverageAlmonds,7698207
2026-07-05T01:00:32.827862,2026-07-05T01:00:32.835914+00:00,145.4,200,bid,WavyWalnuts,YieldingYams,7698231
2026-07-05T01:00:33.733769,2026-07-05T01:00:33.740470+00:00,145.3,1,ask,YieldingYams,Kaleb Liu,7698241
2026-07-05T01:00:35.053937,2026-07-05T01:00:35.058583+00:00,145.4,20,bid,BrilliantBurritos,WavyWalnuts,7698264
2026-07-05T01:00:35.248989,2026-07-05T01:00:35.258611+00:00,145.3,200,ask,YieldingYams,WavyWalnuts,7698266
2026-07-05T01:00:38.359876,2026-07-05T01:00:38.369716+00:00,145.4,200,ask,WavyWalnuts,YieldingYams,7698299
2026-07-05T01:00:39.428076,2026-07-05T01:00:39.431794+00:00,145.3,11,ask,AverageAlmonds,Xuanyu Liu,7698307
2026-07-05T01:00:40.087768,2026-07-05T01:00:40.099302+00:00,145.3,200,ask,AverageAlmonds,WavyWalnuts,7698317
2026-07-05T01:00:40.750406,2026-07-05T01:00:40.758594+00:00,145.3,1,ask,AverageAlmonds,Kaleb Liu,7698322
2026-07-05T01:00:40.984010,2026-07-05T01:00:40.994524+00:00,145.3,499,ask,AverageAlmonds,YieldingYams,7698324
2026-07-05T01:00:41.197458,2026-07-05T01:00:41.208179+00:00,145.3,126,bid,AverageAlmonds,YieldingYams,7698325
2026-07-05T01:00:41.294935,2026-07-05T01:00:41.302920+00:00,145.3,200,ask,AverageAlmonds,WavyWalnuts,7698328
2026-07-05T01:00:41.761668,2026-07-05T01:00:41.770545+00:00,145.3,2,ask,AverageAlmonds,Kaleb Liu,7698331
2026-07-05T01:00:42.315240,2026-07-05T01:00:42.319184+00:00,145.7,23,bid,Xuanyu Liu,YieldingYams,7698351
2026-07-05T01:00:42.503312,2026-07-05T01:00:42.514839+00:00,145.5,200,ask,YieldingYams,WavyWalnuts,7698353
2026-07-05T01:00:42.772830,2026-07-05T01:00:42.784726+00:00,145.7,6,bid,Kaleb Liu,YieldingYams,7698355
2026-07-05T01:00:43.727314,2026-07-05T01:00:43.730719+00:00,145.6,11,bid,Xuanyu Liu,WavyWalnuts,7698370
2026-07-05T01:00:43.785570,2026-07-05T01:00:43.797491+00:00,145.6,6,bid,Kaleb Liu,WavyWalnuts,7698371
2026-07-05T01:00:44.796057,2026-07-05T01:00:44.807965+00:00,145.6,3,bid,Kaleb Liu,WavyWalnuts,7698383
2026-07-05T01:00:44.946472,2026-07-05T01:00:44.955811+00:00,145.8,2,bid,Yinxuan Li,YieldingYams,7698389
2026-07-05T01:00:45.430777,2026-07-05T01:00:45.434418+00:00,145.5,11,ask,YieldingYams,Xuanyu Liu,7698395
2026-07-05T01:00:46.243213,2026-07-05T01:00:46.246670+00:00,145.6,12,ask,YieldingYams,Xuanyu Liu,7698406
2026-07-05T01:00:47.553322,2026-07-05T01:00:47.557078+00:00,145.7,11,ask,YieldingYams,Xuanyu Liu,7698426
2026-07-05T01:00:48.576270,2026-07-05T01:00:48.582641+00:00,145.7,200,ask,YieldingYams,WavyWalnuts,7698440
2026-07-05T01:00:49.956399,2026-07-05T01:00:49.964381+00:00,145.8,25,bid,Yinxuan Li,YieldingYams,7698454
2026-07-05T01:00:50.813096,2026-07-05T01:00:50.820175+00:00,145.5,6,ask,WavyWalnuts,Kaleb Liu,7698467
2026-07-05T01:00:53.411551,2026-07-05T01:00:53.420841+00:00,145.5,200,bid,WavyWalnuts,YieldingYams,7698491
2026-07-05T01:00:53.834832,2026-07-05T01:00:53.842966+00:00,145.3,3,ask,YieldingYams,Kaleb Liu,7698495
2026-07-05T01:00:54.846468,2026-07-05T01:00:54.853377+00:00,145.4,2,ask,YieldingYams,Kaleb Liu,7698501
2026-07-05T01:00:55.828238,2026-07-05T01:00:55.838126+00:00,145.5,200,bid,WavyWalnuts,YieldingYams,7698523
2026-07-05T01:00:57.053231,2026-07-05T01:00:57.056981+00:00,145.5,12,ask,WavyWalnuts,Xuanyu Liu,7698539
2026-07-05T01:00:58.038186,2026-07-05T01:00:58.046833+00:00,145.5,188,ask,WavyWalnuts,YieldingYams,7698551
2026-07-05T01:00:59.997010,2026-07-05T01:01:00.008324+00:00,145.3,25,bid,Yinxuan Li,WavyWalnuts,7698579
2026-07-05T01:01:00.660593,2026-07-05T01:01:00.669040+00:00,145.3,175,bid,YieldingYams,WavyWalnuts,7698595
2026-07-05T01:01:01.256082,2026-07-05T01:01:01.259504+00:00,145.3,14,ask,YieldingYams,Xuanyu Liu,7698600
2026-07-05T01:01:01.690220,2026-07-05T01:01:01.699348+00:00,145.4,20,bid,BrilliantBurritos,WavyWalnuts,7698604
2026-07-05T01:01:01.864900,2026-07-05T01:01:01.871193+00:00,145.3,1,ask,YieldingYams,Kaleb Liu,7698610
2026-07-05T01:01:03.097757,2026-07-05T01:01:03.108820+00:00,145.3,200,ask,YieldingYams,WavyWalnuts,7698629
2026-07-05T01:01:03.887514,2026-07-05T01:01:03.893327+00:00,145.3,20,bid,BrilliantBurritos,YieldingYams,7698640
2026-07-05T01:01:04.828938,2026-07-05T01:01:04.835295+00:00,145.3,500,bid,AverageAlmonds,YieldingYams,7698652
2026-07-05T01:01:05.077352,2026-07-05T01:01:05.089003+00:00,145.2,20,ask,WavyWalnuts,BrilliantBurritos,7698658
2026-07-05T01:01:05.904962,2026-07-05T01:01:05.912308+00:00,145.3,200,bid,YieldingYams,WavyWalnuts,7698674
2026-07-05T01:01:06.727134,2026-07-05T01:01:06.737874+00:00,145.3,200,ask,YieldingYams,WavyWalnuts,7698683
2026-07-05T01:01:06.879217,2026-07-05T01:01:06.890982+00:00,145.6,1,bid,Kaleb Liu,YieldingYams,7698685
2026-07-05T01:01:07.218625,2026-07-05T01:01:07.229974+00:00,145.3,500,ask,AverageAlmonds,YieldingYams,7698693
2026-07-05T01:01:07.260650,2026-07-05T01:01:07.269045+00:00,145.3,125,bid,AverageAlmonds,YieldingYams,7698697
2026-07-05T01:01:07.890384,2026-07-05T01:01:07.899703+00:00,146.1,3,bid,Kaleb Liu,AverageAlmonds,7698711
2026-07-05T01:01:08.528422,2026-07-05T01:01:08.538070+00:00,145.4,200,bid,YieldingYams,WavyWalnuts,7698723
2026-07-05T01:01:09.160301,2026-07-05T01:01:09.170114+00:00,145.6,200,ask,YieldingYams,WavyWalnuts,7698733
2026-07-05T01:01:09.901073,2026-07-05T01:01:09.913181+00:00,145.2,2,ask,WavyWalnuts,Kaleb Liu,7698743
2026-07-05T01:01:10.742610,2026-07-05T01:01:10.746706+00:00,145.2,14,ask,YieldingYams,Xuanyu Liu,7698758
2026-07-05T01:01:10.913042,2026-07-05T01:01:10.924779+00:00,145.2,3,ask,YieldingYams,Kaleb Liu,7698760
2026-07-05T01:01:11.429021,2026-07-05T01:01:11.440513+00:00,145.2,20,ask,WavyWalnuts,BrilliantBurritos,7698771
2026-07-05T01:01:11.922232,2026-07-05T01:01:11.963966+00:00,145.2,2,ask,AverageAlmonds,Kaleb Liu,7698778
2026-07-05T01:01:13.770038,2026-07-05T01:01:13.781571+00:00,145.1,200,ask,WavyWalnuts,YieldingYams,7698809
2026-07-05T01:01:14.529407,2026-07-05T01:01:14.537513+00:00,145.1,425,bid,AverageAlmonds,YieldingYams,7698818
2026-07-05T01:01:14.529407,2026-07-05T01:01:14.542785+00:00,145.1,75,bid,AverageAlmonds,WavyWalnuts,7698819
2026-07-05T01:01:15.016341,2026-07-05T01:01:15.024280+00:00,144.9,25,ask,YieldingYams,Yinxuan Li,7698829
2026-07-05T01:01:15.075637,2026-07-05T01:01:15.083846+00:00,145.1,125,bid,YieldingYams,WavyWalnuts,7698831
2026-07-05T01:01:15.211741,2026-07-05T01:01:15.222512+00:00,145.2,200,ask,YieldingYams,WavyWalnuts,7698833
2026-07-05T01:01:15.935491,2026-07-05T01:01:15.946877+00:00,145.2,1,ask,YieldingYams,Kaleb Liu,7698842
2026-07-05T01:01:17.946770,2026-07-05T01:01:17.958238+00:00,145.2,1,bid,Kaleb Liu,YieldingYams,7698875
2026-07-05T01:01:20.319465,2026-07-05T01:01:20.329287+00:00,145.0,200,ask,WavyWalnuts,YieldingYams,7698914
2026-07-05T01:01:20.319465,2026-07-05T01:01:20.329287+00:00,144.9,425,ask,AverageAlmonds,YieldingYams,7698915
2026-07-05T01:01:22.947271,2026-07-05T01:01:22.958605+00:00,145.0,500,ask,AverageAlmonds,YieldingYams,7698951
2026-07-05T01:01:22.947271,2026-07-05T01:01:22.958605+00:00,145.0,125,ask,WavyWalnuts,YieldingYams,7698952
2026-07-05T01:01:23.629452,2026-07-05T01:01:23.640957+00:00,145.0,20,ask,WavyWalnuts,BrilliantBurritos,7698961
2026-07-05T01:01:25.032745,2026-07-05T01:01:25.044508+00:00,145.1,25,ask,WavyWalnuts,Yinxuan Li,7698975
2026-07-05T01:01:25.567229,2026-07-05T01:01:25.574386+00:00,145.1,175,ask,WavyWalnuts,YieldingYams,7698984
2026-07-05T01:01:25.586332,2026-07-05T01:01:25.590218+00:00,145.1,11,bid,Xuanyu Liu,YieldingYams,7698986
2026-07-05T01:01:28.731677,2026-07-05T01:01:28.743589+00:00,145.1,20,ask,AverageAlmonds,BrilliantBurritos,7699010
2026-07-05T01:01:29.506593,2026-07-05T01:01:29.513676+00:00,145.1,500,ask,AverageAlmonds,YieldingYams,7699019
2026-07-05T01:01:29.651020,2026-07-05T01:01:29.658561+00:00,145.1,125,bid,AverageAlmonds,YieldingYams,7699020
2026-07-05T01:01:30.042890,2026-07-05T01:01:30.058652+00:00,145.1,25,ask,AverageAlmonds,Yinxuan Li,7699027
2026-07-05T01:01:31.488449,2026-07-05T01:01:31.498217+00:00,145.4,500,bid,AverageAlmonds,YieldingYams,7699041
2026-07-05T01:01:32.088436,2026-07-05T01:01:32.095105+00:00,145.4,125,bid,AverageAlmonds,YieldingYams,7699044
2026-07-05T01:01:32.697839,2026-07-05T01:01:32.699007+00:00,145.5,200,bid,AverageAlmonds,WavyWalnuts,7699049
2026-07-05T01:01:32.913155,2026-07-05T01:01:32.917373+00:00,145.7,3,bid,Xuanyu Liu,YieldingYams,7699053
2026-07-05T01:01:33.361475,2026-07-05T01:01:33.371697+00:00,145.5,200,ask,AverageAlmonds,WavyWalnuts,7699065
2026-07-05T01:01:34.587937,2026-07-05T01:01:34.591455+00:00,145.5,14,bid,Xuanyu Liu,WavyWalnuts,7699074
2026-07-05T01:01:34.976461,2026-07-05T01:01:34.988369+00:00,145.5,1,bid,Kaleb Liu,WavyWalnuts,7699078
2026-07-05T01:01:35.061407,2026-07-05T01:01:35.069093+00:00,145.5,25,bid,Yinxuan Li,WavyWalnuts,7699081
2026-07-05T01:01:35.104952,2026-07-05T01:01:35.115122+00:00,145.5,160,bid,AverageAlmonds,WavyWalnuts,7699082
2026-07-05T01:01:35.104952,2026-07-05T01:01:35.115122+00:00,145.5,340,bid,AverageAlmonds,YieldingYams,7699083
2026-07-05T01:01:35.702813,2026-07-05T01:01:35.710143+00:00,145.5,285,bid,AverageAlmonds,YieldingYams,7699090
2026-07-05T01:01:35.779314,2026-07-05T01:01:35.790301+00:00,145.5,200,ask,AverageAlmonds,WavyWalnuts,7699094
2026-07-05T01:01:37.402270,2026-07-05T01:01:37.406017+00:00,145.6,11,ask,YieldingYams,Xuanyu Liu,7699118
2026-07-05T01:01:37.867331,2026-07-05T01:01:37.879034+00:00,145.7,20,bid,BrilliantBurritos,WavyWalnuts,7699129
2026-07-05T01:01:39.402066,2026-07-05T01:01:39.413164+00:00,145.7,200,bid,WavyWalnuts,YieldingYams,7699148
2026-07-05T01:01:40.042657,2026-07-05T01:01:40.046856+00:00,145.6,3,ask,YieldingYams,Xuanyu Liu,7699156
2026-07-05T01:01:40.610069,2026-07-05T01:01:40.617547+00:00,145.8,200,bid,WavyWalnuts,YieldingYams,7699165
2026-07-05T01:01:45.294286,2026-07-05T01:01:45.301461+00:00,145.6,200,ask,WavyWalnuts,YieldingYams,7699221
2026-07-05T01:01:45.313131,2026-07-05T01:01:45.316905+00:00,145.5,3,bid,Xuanyu Liu,YieldingYams,7699223
2026-07-05T01:01:45.447465,2026-07-05T01:01:45.463974+00:00,145.5,200,bid,WavyWalnuts,YieldingYams,7699227
2026-07-05T01:01:46.642184,2026-07-05T01:01:46.645735+00:00,145.3,3,ask,YieldingYams,Xuanyu Liu,7699242
2026-07-05T01:01:46.657833,2026-07-05T01:01:46.671373+00:00,145.5,200,bid,WavyWalnuts,YieldingYams,7699243
2026-07-05T01:01:47.866622,2026-07-05T01:01:47.876139+00:00,145.5,200,bid,WavyWalnuts,YieldingYams,7699261
2026-07-05T01:01:50.297617,2026-07-05T01:01:50.308547+00:00,145.7,200,bid,WavyWalnuts,YieldingYams,7699291
2026-07-05T01:01:51.464684,2026-07-05T01:01:51.474317+00:00,145.7,500,ask,YieldingYams,AverageAlmonds,7699312
2026-07-05T01:01:55.972935,2026-07-05T01:01:55.984898+00:00,145.6,20,ask,WavyWalnuts,BrilliantBurritos,7699360
2026-07-05T01:01:58.455146,2026-07-05T01:01:58.463665+00:00,145.8,200,bid,YieldingYams,WavyWalnuts,7699402
2026-07-05T01:01:58.469094,2026-07-05T01:01:58.472211+00:00,145.8,3,ask,YieldingYams,Xuanyu Liu,7699404
2026-07-05T01:01:58.771010,2026-07-05T01:01:58.779306+00:00,145.8,200,ask,YieldingYams,WavyWalnuts,7699407
2026-07-05T01:02:00.087986,2026-07-05T01:02:00.099785+00:00,145.7,25,ask,WavyWalnuts,Yinxuan Li,7699423
2026-07-05T01:02:05.102783,2026-07-05T01:02:05.114658+00:00,145.7,25,ask,WavyWalnuts,Yinxuan Li,7699508
2026-07-05T01:02:06.048765,2026-07-05T01:02:06.052482+00:00,145.8,200,bid,WavyWalnuts,YieldingYams,7699519
2026-07-05T01:02:10.887592,2026-07-05T01:02:10.899174+00:00,145.6,200,ask,YieldingYams,WavyWalnuts,7699574
2026-07-05T01:02:13.548966,2026-07-05T01:02:13.557535+00:00,145.7,20,ask,YieldingYams,BrilliantBurritos,7699610
2026-07-05T01:02:14.534024,2026-07-05T01:02:14.537382+00:00,145.7,3,bid,Xuanyu Liu,WavyWalnuts,7699618
2026-07-05T01:02:17.482614,2026-07-05T01:02:17.489707+00:00,145.6,500,bid,AverageAlmonds,YieldingYams,7699657
2026-07-05T01:02:18.126816,2026-07-05T01:02:18.135118+00:00,145.6,200,bid,YieldingYams,WavyWalnuts,7699663
2026-07-05T01:02:19.075541,2026-07-05T01:02:19.087402+00:00,145.7,20,bid,BrilliantBurritos,WavyWalnuts,7699675
2026-07-05T01:02:19.352989,2026-07-05T01:02:19.364124+00:00,145.6,20,ask,YieldingYams,BrilliantBurritos,7699683
2026-07-05T01:02:19.367852,2026-07-05T01:02:19.374593+00:00,145.6,200,ask,YieldingYams,WavyWalnuts,7699685
2026-07-05T01:02:20.122759,2026-07-05T01:02:20.131734+00:00,145.4,25,ask,WavyWalnuts,Yinxuan Li,7699695
2026-07-05T01:02:20.754410,2026-07-05T01:02:20.767809+00:00,145.5,200,bid,YieldingYams,WavyWalnuts,7699704
2026-07-05T01:02:20.764204,2026-07-05T01:02:20.767809+00:00,145.6,3,ask,YieldingYams,Xuanyu Liu,7699706
2026-07-05T01:02:25.134493,2026-07-05T01:02:25.144140+00:00,145.6,25,ask,WavyWalnuts,Yinxuan Li,7699754
2026-07-05T01:02:30.653548,2026-07-05T01:02:30.660250+00:00,145.6,20,ask,WavyWalnuts,BrilliantBurritos,7699826
2026-07-05T01:02:31.451711,2026-07-05T01:02:31.469076+00:00,145.7,200,bid,WavyWalnuts,YieldingYams,7699841
2026-07-05T01:02:33.872364,2026-07-05T01:02:33.879257+00:00,145.8,200,bid,WavyWalnuts,YieldingYams,7699884
2026-07-05T01:02:35.792426,2026-07-05T01:02:35.803962+00:00,146.0,20,bid,BrilliantBurritos,WavyWalnuts,7699918
2026-07-05T01:02:36.206839,2026-07-05T01:02:36.210378+00:00,146.0,3,bid,Xuanyu Liu,WavyWalnuts,7699922
2026-07-05T01:02:41.588900,2026-07-05T01:02:41.600302+00:00,145.9,20,bid,BrilliantBurritos,WavyWalnuts,7699997
2026-07-05T01:02:42.363415,2026-07-05T01:02:42.374234+00:00,145.8,200,ask,AverageAlmonds,WavyWalnuts,7700012
2026-07-05T01:02:42.543151,2026-07-05T01:02:42.546880+00:00,145.9,3,bid,Xuanyu Liu,YieldingYams,7700015
2026-07-05T01:02:42.905207,2026-07-05T01:02:42.912216+00:00,145.9,500,bid,AverageAlmonds,YieldingYams,7700025
2026-07-05T01:02:43.582482,2026-07-05T01:02:43.591157+00:00,145.9,200,ask,YieldingYams,WavyWalnuts,7700035
2026-07-05T01:02:44.790902,2026-07-05T01:02:44.799486+00:00,145.9,200,ask,AverageAlmonds,WavyWalnuts,7700048
2026-07-05T01:02:52.056382,2026-07-05T01:02:52.064213+00:00,146.1,200,bid,WavyWalnuts,YieldingYams,7700128
2026-07-05T01:02:55.193343,2026-07-05T01:02:55.196776+00:00,146.0,34,bid,Xuanyu Liu,YieldingYams,7700164
2026-07-05T01:02:56.082826,2026-07-05T01:02:56.094760+00:00,146.0,2,bid,Kaleb Liu,YieldingYams,7700178
2026-07-05T01:02:56.334536,2026-07-05T01:02:56.346190+00:00,146.0,20,bid,BrilliantBurritos,WavyWalnuts,7700184
2026-07-05T01:02:56.901896,2026-07-05T01:02:56.905410+00:00,145.9,12,bid,Xuanyu Liu,WavyWalnuts,7700189
2026-07-05T01:02:57.092761,2026-07-05T01:02:57.099540+00:00,145.9,4,bid,Kaleb Liu,WavyWalnuts,7700195
2026-07-05T01:02:57.498175,2026-07-05T01:02:57.506412+00:00,145.9,184,bid,YieldingYams,WavyWalnuts,7700205
2026-07-05T01:03:00.183060,2026-07-05T01:03:00.189841+00:00,146.0,3,bid,Yinxuan Li,YieldingYams,7700251
2026-07-05T01:03:00.902792,2026-07-05T01:03:00.905937+00:00,145.9,12,ask,WavyWalnuts,Xuanyu Liu,7700258
2026-07-05T01:03:01.569948,2026-07-05T01:03:01.573696+00:00,146.0,12,bid,Xuanyu Liu,YieldingYams,7700277
2026-07-05T01:03:02.106510,2026-07-05T01:03:02.115753+00:00,146.0,2,bid,Kaleb Liu,YieldingYams,7700286
2026-07-05T01:03:02.766048,2026-07-05T01:03:02.769711+00:00,145.9,11,bid,Xuanyu Liu,YieldingYams,7700295
2026-07-05T01:03:03.115940,2026-07-05T01:03:03.127315+00:00,145.9,4,bid,Kaleb Liu,YieldingYams,7700299
2026-07-05T01:03:03.679666,2026-07-05T01:03:03.687469+00:00,145.9,20,bid,BrilliantBurritos,YieldingYams,7700312
2026-07-05T01:03:04.067607,2026-07-05T01:03:04.071166+00:00,145.8,11,ask,WavyWalnuts,Xuanyu Liu,7700320
2026-07-05T01:03:04.152754,2026-07-05T01:03:04.160172+00:00,146.0,200,bid,WavyWalnuts,YieldingYams,7700322
2026-07-05T01:03:07.791687,2026-07-05T01:03:07.801079+00:00,145.8,200,ask,AverageAlmonds,WavyWalnuts,7700362
2026-07-05T01:03:11.999386,2026-07-05T01:03:12.003128+00:00,145.9,12,ask,YieldingYams,Xuanyu Liu,7700414
2026-07-05T01:03:12.619094,2026-07-05T01:03:12.626984+00:00,145.9,200,ask,YieldingYams,WavyWalnuts,7700426
2026-07-05T01:03:13.581348,2026-07-05T01:03:13.585294+00:00,145.7,11,ask,YieldingYams,Xuanyu Liu,7700443
2026-07-05T01:03:15.207618,2026-07-05T01:03:15.214389+00:00,145.8,25,bid,Yinxuan Li,WavyWalnuts,7700471
2026-07-05T01:03:15.941886,2026-07-05T01:03:15.950421+00:00,145.6,20,ask,YieldingYams,BrilliantBurritos,7700482
2026-07-05T01:03:16.239613,2026-07-05T01:03:16.249655+00:00,145.6,200,ask,YieldingYams,WavyWalnuts,7700487
2026-07-05T01:03:17.227010,2026-07-05T01:03:17.230200+00:00,145.6,11,bid,Xuanyu Liu,YieldingYams,7700501
2026-07-05T01:03:17.374651,2026-07-05T01:03:17.377816+00:00,145.4,23,ask,WavyWalnuts,Xuanyu Liu,7700504
2026-07-05T01:03:17.416950,2026-07-05T01:03:17.420251+00:00,145.5,11,ask,AverageAlmonds,Xuanyu Liu,7700506
2026-07-05T01:03:17.445879,2026-07-05T01:03:17.456548+00:00,145.6,200,bid,WavyWalnuts,YieldingYams,7700507
2026-07-05T01:03:19.896056,2026-07-05T01:03:19.899622+00:00,145.6,3,ask,WavyWalnuts,Xuanyu Liu,7700548
2026-07-05T01:03:20.147312,2026-07-05T01:03:20.153725+00:00,145.6,5,ask,WavyWalnuts,Kaleb Liu,7700552
2026-07-05T01:03:21.094320,2026-07-05T01:03:21.104052+00:00,145.7,200,bid,WavyWalnuts,YieldingYams,7700565
2026-07-05T01:03:21.156645,2026-07-05T01:03:21.168531+00:00,145.5,3,ask,YieldingYams,Kaleb Liu,7700566
2026-07-05T01:03:22.168516,2026-07-05T01:03:22.179316+00:00,145.5,1,ask,YieldingYams,Kaleb Liu,7700581
2026-07-05T01:03:22.306799,2026-07-05T01:03:22.317617+00:00,145.7,200,bid,WavyWalnuts,YieldingYams,7700588
2026-07-05T01:03:27.145371,2026-07-05T01:03:27.158583+00:00,145.7,200,ask,AverageAlmonds,WavyWalnuts,7700649
2026-07-05T01:03:29.518619,2026-07-05T01:03:29.528787+00:00,145.7,20,ask,AverageAlmonds,BrilliantBurritos,7700680
2026-07-05T01:03:30.766850,2026-07-05T01:03:30.774524+00:00,145.7,200,bid,WavyWalnuts,YieldingYams,7700692
2026-07-05T01:03:33.199233,2026-07-05T01:03:33.206573+00:00,145.7,1,ask,WavyWalnuts,Kaleb Liu,7700722
2026-07-05T01:03:34.420286,2026-07-05T01:03:34.423714+00:00,145.8,3,ask,WavyWalnuts,Xuanyu Liu,7700736
2026-07-05T01:03:35.210638,2026-07-05T01:03:35.221545+00:00,145.8,1,ask,WavyWalnuts,Kaleb Liu,7700742
2026-07-05T01:03:35.228248,2026-07-05T01:03:35.239872+00:00,145.8,25,ask,WavyWalnuts,Yinxuan Li,7700744
2026-07-05T01:03:35.602163,2026-07-05T01:03:35.613682+00:00,145.8,171,ask,WavyWalnuts,YieldingYams,7700755
2026-07-05T01:03:35.618911,2026-07-05T01:03:35.629320+00:00,145.7,200,bid,WavyWalnuts,YieldingYams,7700758
2026-07-05T01:03:38.221393,2026-07-05T01:03:38.229364+00:00,146.0,500,bid,YieldingYams,AverageAlmonds,7700787
2026-07-05T01:03:38.221393,2026-07-05T01:03:38.229364+00:00,146.0,125,bid,YieldingYams,WavyWalnuts,7700788
2026-07-05T01:03:42.884071,2026-07-05T01:03:42.893598+00:00,145.9,200,ask,YieldingYams,WavyWalnuts,7700853
2026-07-05T01:03:44.479987,2026-07-05T01:03:44.488873+00:00,145.7,20,ask,YieldingYams,BrilliantBurritos,7700874
2026-07-05T01:03:45.299561,2026-07-05T01:03:45.311196+00:00,145.7,200,ask,YieldingYams,WavyWalnuts,7700879
2026-07-05T01:03:45.818707,2026-07-05T01:03:45.827068+00:00,145.7,20,ask,YieldingYams,BrilliantBurritos,7700891
2026-07-05T01:03:46.506302,2026-07-05T01:03:46.512995+00:00,145.8,200,bid,WavyWalnuts,YieldingYams,7700904
2026-07-05T01:03:46.971609,2026-07-05T01:03:46.983483+00:00,145.8,20,bid,BrilliantBurritos,YieldingYams,7700912
2026-07-05T01:03:48.942266,2026-07-05T01:03:48.944493+00:00,145.9,20,bid,BrilliantBurritos,YieldingYams,7700949
2026-07-05T01:03:50.247943,2026-07-05T01:03:50.258532+00:00,145.8,14,ask,YieldingYams,Yinxuan Li,7700968
2026-07-05T01:03:51.316978,2026-07-05T01:03:51.325866+00:00,145.8,500,ask,YieldingYams,AverageAlmonds,7700979
2026-07-05T01:03:51.351209,2026-07-05T01:03:51.358585+00:00,145.9,200,bid,WavyWalnuts,YieldingYams,7700980
2026-07-05T01:03:52.561516,2026-07-05T01:03:52.569092+00:00,145.9,200,bid,WavyWalnuts,YieldingYams,7701000
2026-07-05T01:03:52.660070,2026-07-05T01:03:52.663614+00:00,145.8,11,ask,YieldingYams,Xuanyu Liu,7701003
2026-07-05T01:03:53.241359,2026-07-05T01:03:53.249617+00:00,145.8,2,ask,YieldingYams,Kaleb Liu,7701011
2026-07-05T01:03:53.771980,2026-07-05T01:03:53.779828+00:00,145.9,200,bid,WavyWalnuts,AverageAlmonds,7701020
2026-07-05T01:03:54.250585,2026-07-05T01:03:54.256967+00:00,145.8,1,ask,YieldingYams,Kaleb Liu,7701028
2026-07-05T01:03:54.983100,2026-07-05T01:03:54.991095+00:00,146.0,200,bid,WavyWalnuts,YieldingYams,7701038
2026-07-05T01:03:56.194173,2026-07-05T01:03:56.200752+00:00,146.0,200,bid,WavyWalnuts,YieldingYams,7701054
2026-07-05T01:03:58.618958,2026-07-05T01:03:58.628986+00:00,145.9,200,ask,YieldingYams,WavyWalnuts,7701080
2026-07-05T01:03:59.205056,2026-07-05T01:03:59.214874+00:00,146.0,500,bid,YieldingYams,AverageAlmonds,7701086
2026-07-05T01:03:59.225900,2026-07-05T01:03:59.229544+00:00,146.0,12,ask,YieldingYams,Xuanyu Liu,7701090
2026-07-05T01:03:59.265407,2026-07-05T01:03:59.276893+00:00,146.0,3,ask,YieldingYams,Kaleb Liu,7701091
2026-07-05T01:03:59.770740,2026-07-05T01:03:59.778328+00:00,146.0,110,ask,YieldingYams,AverageAlmonds,7701100
2026-07-05T01:04:00.901093,2026-07-05T01:04:00.912748+00:00,145.7,20,ask,WavyWalnuts,BrilliantBurritos,7701121
2026-07-05T01:04:04.281005,2026-07-05T01:04:04.292836+00:00,145.5,1,ask,YieldingYams,Kaleb Liu,7701162
2026-07-05T01:04:05.291028,2026-07-05T01:04:05.302899+00:00,145.5,1,ask,YieldingYams,Kaleb Liu,7701182
2026-07-05T01:04:05.878018,2026-07-05T01:04:05.884659+00:00,145.7,200,bid,WavyWalnuts,YieldingYams,7701190
2026-07-05T01:04:07.286798,2026-07-05T01:04:07.296863+00:00,145.6,20,ask,YieldingYams,BrilliantBurritos,7701210
2026-07-05T01:04:07.995494,2026-07-05T01:04:07.999533+00:00,145.7,12,bid,Xuanyu Liu,AverageAlmonds,7701219
2026-07-05T01:04:08.267781,2026-07-05T01:04:08.275250+00:00,145.6,500,ask,YieldingYams,AverageAlmonds,7701221
2026-07-05T01:04:08.387367,2026-07-05T01:04:08.395528+00:00,145.6,200,ask,WavyWalnuts,YieldingYams,7701223
2026-07-05T01:04:08.401362,2026-07-05T01:04:08.404853+00:00,145.6,11,bid,Xuanyu Liu,YieldingYams,7701225
2026-07-05T01:04:08.887650,2026-07-05T01:04:08.891265+00:00,145.5,3,bid,Xuanyu Liu,AverageAlmonds,7701232
2026-07-05T01:04:10.841545,2026-07-05T01:04:10.853407+00:00,145.6,20,bid,BrilliantBurritos,YieldingYams,7701250
2026-07-05T01:04:12.311605,2026-07-05T01:04:12.323160+00:00,145.6,3,bid,Kaleb Liu,YieldingYams,7701271
2026-07-05T01:04:13.150641,2026-07-05T01:04:13.158572+00:00,145.5,200,bid,WavyWalnuts,YieldingYams,7701279
2026-07-05T01:04:13.322927,2026-07-05T01:04:13.334426+00:00,145.5,2,bid,Kaleb Liu,YieldingYams,7701283
2026-07-05T01:04:14.361791,2026-07-05T01:04:14.369782+00:00,145.4,200,bid,WavyWalnuts,YieldingYams,7701295
2026-07-05T01:04:16.335972,2026-07-05T01:04:16.347332+00:00,145.5,1,bid,Kaleb Liu,WavyWalnuts,7701332
2026-07-05T01:04:19.039761,2026-07-05T01:04:19.047857+00:00,145.5,20,bid,BrilliantBurritos,WavyWalnuts,7701374
2026-07-05T01:04:28.682102,2026-07-05T01:04:28.693892+00:00,145.3,20,ask,YieldingYams,BrilliantBurritos,7701506
2026-07-05T01:04:30.104138,2026-07-05T01:04:30.114279+00:00,145.3,200,ask,YieldingYams,WavyWalnuts,7701519
2026-07-05T01:04:31.987221,2026-07-05T01:04:31.995688+00:00,145.2,500,ask,AverageAlmonds,YieldingYams,7701549
2026-07-05T01:04:32.484408,2026-07-05T01:04:32.492176+00:00,145.2,125,bid,AverageAlmonds,YieldingYams,7701553
2026-07-05T01:04:32.526815,2026-07-05T01:04:32.534201+00:00,145.2,200,ask,AverageAlmonds,WavyWalnuts,7701556
2026-07-05T01:04:33.735734,2026-07-05T01:04:33.742608+00:00,145.3,200,ask,YieldingYams,WavyWalnuts,7701570
2026-07-05T01:04:45.878429,2026-07-05T01:04:45.888858+00:00,145.3,200,ask,YieldingYams,WavyWalnuts,7701715
2026-07-05T01:04:47.089389,2026-07-05T01:04:47.100543+00:00,145.1,200,ask,YieldingYams,WavyWalnuts,7701726
2026-07-05T01:04:47.380291,2026-07-05T01:04:47.391964+00:00,145.4,1,bid,Kaleb Liu,YieldingYams,7701732
2026-07-05T01:04:50.737160,2026-07-05T01:04:50.740813+00:00,145.3,3,ask,WavyWalnuts,Xuanyu Liu,7701767
2026-07-05T01:04:54.299997,2026-07-05T01:04:54.307594+00:00,145.4,200,bid,YieldingYams,WavyWalnuts,7701820
2026-07-05T01:04:54.877038,2026-07-05T01:04:54.884453+00:00,145.4,425,ask,YieldingYams,AverageAlmonds,7701825
2026-07-05T01:04:56.952747,2026-07-05T01:04:56.964395+00:00,145.2,20,ask,WavyWalnuts,BrilliantBurritos,7701856
2026-07-05T01:04:57.961599,2026-07-05T01:04:57.969018+00:00,145.4,200,bid,WavyWalnuts,YieldingYams,7701871
2026-07-05T01:04:59.187419,2026-07-05T01:04:59.195086+00:00,145.5,200,bid,WavyWalnuts,YieldingYams,7701885
2026-07-05T01:05:00.398620,2026-07-05T01:05:00.407114+00:00,145.5,200,bid,WavyWalnuts,AverageAlmonds,7701904
2026-07-05T01:05:01.534463,2026-07-05T01:05:01.543827+00:00,145.4,500,ask,YieldingYams,AverageAlmonds,7701921
2026-07-05T01:05:02.129625,2026-07-05T01:05:02.136401+00:00,145.5,200,ask,WavyWalnuts,AverageAlmonds,7701935
2026-07-05T01:05:02.129625,2026-07-05T01:05:02.141425+00:00,145.4,125,ask,YieldingYams,AverageAlmonds,7701936
2026-07-05T01:05:02.827352,2026-07-05T01:05:02.837936+00:00,145.3,200,bid,WavyWalnuts,YieldingYams,7701947
2026-07-05T01:05:03.499407,2026-07-05T01:05:03.503248+00:00,145.2,3,bid,Xuanyu Liu,YieldingYams,7701964
2026-07-05T01:05:04.036883,2026-07-05T01:05:04.047369+00:00,145.2,200,bid,WavyWalnuts,YieldingYams,7701967
2026-07-05T01:05:05.246073,2026-07-05T01:05:05.258630+00:00,145.2,200,bid,WavyWalnuts,YieldingYams,7701980
2026-07-05T01:05:05.696571,2026-07-05T01:05:05.707918+00:00,145.2,20,bid,BrilliantBurritos,YieldingYams,7701985
2026-07-05T01:05:06.410310,2026-07-05T01:05:06.421703+00:00,145.2,2,bid,Kaleb Liu,YieldingYams,7701997
2026-07-05T01:05:08.421265,2026-07-05T01:05:08.432837+00:00,145.4,1,bid,Kaleb Liu,YieldingYams,7702020
2026-07-05T01:05:12.655378,2026-07-05T01:05:12.667346+00:00,145.2,20,ask,YieldingYams,BrilliantBurritos,7702079
2026-07-05T01:05:14.935856,2026-07-05T01:05:14.943698+00:00,145.2,200,ask,YieldingYams,WavyWalnuts,7702124
2026-07-05T01:05:16.604122,2026-07-05T01:05:16.615377+00:00,145.3,500,bid,YieldingYams,AverageAlmonds,7702151
2026-07-05T01:05:16.604122,2026-07-05T01:05:16.615377+00:00,145.3,125,bid,YieldingYams,WavyWalnuts,7702152
2026-07-05T01:05:17.443018,2026-07-05T01:05:17.454755+00:00,145.1,1,ask,WavyWalnuts,Kaleb Liu,7702162
2026-07-05T01:05:18.944636,2026-07-05T01:05:18.959140+00:00,145.1,20,bid,BrilliantBurritos,WavyWalnuts,7702182
2026-07-05T01:05:19.748602,2026-07-05T01:05:19.760311+00:00,145.1,20,bid,BrilliantBurritos,WavyWalnuts,7702195
2026-07-05T01:05:27.027803,2026-07-05T01:05:27.036480+00:00,145.1,200,bid,WavyWalnuts,YieldingYams,7702289
2026-07-05T01:05:31.036140,2026-07-05T01:05:31.046949+00:00,145.2,500,bid,YieldingYams,AverageAlmonds,7702348
2026-07-05T01:05:31.036140,2026-07-05T01:05:31.046949+00:00,145.2,125,bid,YieldingYams,WavyWalnuts,7702349
2026-07-05T01:05:32.359517,2026-07-05T01:05:32.366835+00:00,144.9,200,ask,WavyWalnuts,YieldingYams,7702368
2026-07-05T01:05:32.377763,2026-07-05T01:05:32.381696+00:00,144.9,14,bid,Xuanyu Liu,YieldingYams,7702370
2026-07-05T01:05:33.088746,2026-07-05T01:05:33.091846+00:00,144.8,11,ask,WavyWalnuts,Xuanyu Liu,7702378
2026-07-05T01:05:33.463278,2026-07-05T01:05:33.466876+00:00,144.8,3,ask,WavyWalnuts,Xuanyu Liu,7702382
2026-07-05T01:05:35.200636,2026-07-05T01:05:35.211227+00:00,144.7,20,ask,WavyWalnuts,BrilliantBurritos,7702411
2026-07-05T01:05:39.871169,2026-07-05T01:05:39.882890+00:00,144.9,20,bid,BrilliantBurritos,YieldingYams,7702462
2026-07-05T01:05:41.862510,2026-07-05T01:05:41.874287+00:00,144.6,20,ask,AverageAlmonds,BrilliantBurritos,7702486
2026-07-05T01:05:48.124471,2026-07-05T01:05:48.132219+00:00,144.7,200,bid,YieldingYams,WavyWalnuts,7702579
2026-07-05T01:05:49.388263,2026-07-05T01:05:49.399328+00:00,144.7,20,ask,YieldingYams,BrilliantBurritos,7702591
2026-07-05T01:05:50.579886,2026-07-05T01:05:50.588235+00:00,144.8,500,bid,AverageAlmonds,YieldingYams,7702602
2026-07-05T01:05:51.204957,2026-07-05T01:05:51.214131+00:00,144.8,200,bid,AverageAlmonds,WavyWalnuts,7702608
2026-07-05T01:05:51.204957,2026-07-05T01:05:51.214131+00:00,144.8,300,bid,AverageAlmonds,YieldingYams,7702609
2026-07-05T01:05:51.495498,2026-07-05T01:05:51.507035+00:00,144.6,1,ask,YieldingYams,Kaleb Liu,7702612
2026-07-05T01:05:52.060240,2026-07-05T01:05:52.072067+00:00,144.8,200,bid,YieldingYams,WavyWalnuts,7702622
2026-07-05T01:05:52.425729,2026-07-05T01:05:52.433397+00:00,145.0,20,bid,BrilliantBurritos,YieldingYams,7702626
2026-07-05T01:05:56.119753,2026-07-05T01:05:56.131013+00:00,144.8,200,ask,YieldingYams,WavyWalnuts,7702672
2026-07-05T01:05:57.329174,2026-07-05T01:05:57.336081+00:00,144.9,200,ask,AverageAlmonds,WavyWalnuts,7702697
2026-07-05T01:05:57.872905,2026-07-05T01:05:57.881452+00:00,145.0,500,bid,AverageAlmonds,YieldingYams,7702706
2026-07-05T01:05:58.538324,2026-07-05T01:05:58.558649+00:00,144.9,200,ask,AverageAlmonds,WavyWalnuts,7702722
2026-07-05T01:05:58.737968,2026-07-05T01:05:58.741636+00:00,145.1,3,bid,Xuanyu Liu,YieldingYams,7702727
2026-07-05T01:05:59.764110,2026-07-05T01:05:59.767780+00:00,145.0,11,bid,Xuanyu Liu,WavyWalnuts,7702733
2026-07-05T01:06:00.381947,2026-07-05T01:06:00.389352+00:00,145.0,25,bid,Yinxuan Li,WavyWalnuts,7702744
2026-07-05T01:06:01.487980,2026-07-05T01:06:01.490099+00:00,145.0,200,bid,AverageAlmonds,WavyWalnuts,7702755
2026-07-05T01:06:01.806014,2026-07-05T01:06:01.817603+00:00,145.2,20,bid,BrilliantBurritos,YieldingYams,7702757
2026-07-05T01:06:03.921140,2026-07-05T01:06:03.930966+00:00,145.2,200,bid,AverageAlmonds,WavyWalnuts,7702786
2026-07-05T01:06:04.537926,2026-07-05T01:06:04.551426+00:00,145.1,1,ask,AverageAlmonds,Kaleb Liu,7702794
2026-07-05T01:06:07.807585,2026-07-05T01:06:07.810746+00:00,145.1,11,ask,YieldingYams,Xuanyu Liu,7702858
2026-07-05T01:06:09.111421,2026-07-05T01:06:09.122717+00:00,145.2,200,bid,YieldingYams,WavyWalnuts,7702871
2026-07-05T01:06:09.128843,2026-07-05T01:06:09.132324+00:00,145.2,3,ask,YieldingYams,Xuanyu Liu,7702873
2026-07-05T01:06:09.408866,2026-07-05T01:06:09.416725+00:00,145.2,200,ask,YieldingYams,WavyWalnuts,7702877
2026-07-05T01:06:10.614596,2026-07-05T01:06:10.625663+00:00,145.2,200,bid,WavyWalnuts,YieldingYams,7702893
2026-07-05T01:06:11.870116,2026-07-05T01:06:11.896284+00:00,145.2,3,ask,WavyWalnuts,Xuanyu Liu,7702916
2026-07-05T01:06:14.364630,2026-07-05T01:06:14.374556+00:00,145.3,500,ask,AverageAlmonds,YieldingYams,7702947
2026-07-05T01:06:14.549451,2026-07-05T01:06:14.552679+00:00,145.2,3,bid,Xuanyu Liu,YieldingYams,7702949
2026-07-05T01:06:14.787828,2026-07-05T01:06:14.798829+00:00,145.2,122,bid,AverageAlmonds,YieldingYams,7702958
2026-07-05T01:06:15.421995,2026-07-05T01:06:15.429441+00:00,145.4,200,bid,AverageAlmonds,WavyWalnuts,7702967
2026-07-05T01:06:16.819810,2026-07-05T01:06:16.826277+00:00,145.7,20,bid,BrilliantBurritos,YieldingYams,7702983
2026-07-05T01:06:18.300906,2026-07-05T01:06:18.308222+00:00,145.6,200,ask,WavyWalnuts,YieldingYams,7703005
2026-07-05T01:06:18.300906,2026-07-05T01:06:18.313440+00:00,145.5,425,ask,AverageAlmonds,YieldingYams,7703006
2026-07-05T01:06:21.547867,2026-07-05T01:06:21.558555+00:00,145.7,200,ask,YieldingYams,WavyWalnuts,7703062
2026-07-05T01:06:24.355943,2026-07-05T01:06:24.368688+00:00,145.6,20,bid,BrilliantBurritos,WavyWalnuts,7703099
2026-07-05T01:06:24.858588,2026-07-05T01:06:24.870270+00:00,145.6,180,bid,YieldingYams,WavyWalnuts,7703110
2026-07-05T01:06:27.649811,2026-07-05T01:06:27.658586+00:00,145.6,20,ask,YieldingYams,BrilliantBurritos,7703151
2026-07-05T01:06:29.755927,2026-07-05T01:06:29.767534+00:00,145.6,20,ask,YieldingYams,BrilliantBurritos,7703173
2026-07-05T01:06:30.413720,2026-07-05T01:06:30.421536+00:00,145.6,25,ask,WavyWalnuts,Yinxuan Li,7703183
2026-07-05T01:06:32.904813,2026-07-05T01:06:32.908340+00:00,145.6,3,ask,AverageAlmonds,Xuanyu Liu,7703215
2026-07-05T01:06:36.671272,2026-07-05T01:06:36.679162+00:00,145.5,200,ask,WavyWalnuts,YieldingYams,7703261
2026-07-05T01:06:39.242856,2026-07-05T01:06:39.246421+00:00,145.4,11,ask,YieldingYams,Xuanyu Liu,7703302
2026-07-05T01:06:39.905855,2026-07-05T01:06:39.909612+00:00,145.3,12,ask,YieldingYams,Xuanyu Liu,7703309
2026-07-05T01:06:40.595256,2026-07-05T01:06:40.606976+00:00,145.3,4,ask,YieldingYams,Kaleb Liu,7703322
2026-07-05T01:06:40.609855,2026-07-05T01:06:40.617548+00:00,145.4,200,bid,YieldingYams,WavyWalnuts,7703325
2026-07-05T01:06:40.628449,2026-07-05T01:06:40.632144+00:00,145.4,11,ask,YieldingYams,Xuanyu Liu,7703328
2026-07-05T01:06:41.608246,2026-07-05T01:06:41.615038+00:00,145.4,5,ask,YieldingYams,Kaleb Liu,7703351
2026-07-05T01:06:42.618146,2026-07-05T01:06:42.629991+00:00,145.3,3,ask,YieldingYams,Kaleb Liu,7703361
2026-07-05T01:06:44.571630,2026-07-05T01:06:44.579462+00:00,145.5,200,bid,WavyWalnuts,YieldingYams,7703396
2026-07-05T01:06:45.779037,2026-07-05T01:06:45.786444+00:00,145.5,200,bid,WavyWalnuts,YieldingYams,7703418
2026-07-05T01:06:46.992073,2026-07-05T01:06:46.998376+00:00,145.5,200,ask,YieldingYams,WavyWalnuts,7703430
2026-07-05T01:06:48.636313,2026-07-05T01:06:48.648152+00:00,145.6,5,bid,Kaleb Liu,WavyWalnuts,7703450
2026-07-05T01:06:51.115100,2026-07-05T01:06:51.122170+00:00,145.4,200,ask,WavyWalnuts,YieldingYams,7703481
2026-07-05T01:06:51.203273,2026-07-05T01:06:51.208136+00:00,145.3,11,bid,Xuanyu Liu,YieldingYams,7703487
2026-07-05T01:06:51.649433,2026-07-05T01:06:51.658590+00:00,145.2,1,ask,AverageAlmonds,Kaleb Liu,7703497
2026-07-05T01:06:51.843790,2026-07-05T01:06:51.851661+00:00,145.3,200,bid,WavyWalnuts,YieldingYams,7703501
2026-07-05T01:06:52.556902,2026-07-05T01:06:52.560324+00:00,145.3,23,ask,YieldingYams,Xuanyu Liu,7703508
2026-07-05T01:06:52.659545,2026-07-05T01:06:52.671163+00:00,145.3,8,ask,YieldingYams,Kaleb Liu,7703510
2026-07-05T01:06:53.060103,2026-07-05T01:06:53.068746+00:00,145.5,200,bid,WavyWalnuts,YieldingYams,7703516
2026-07-05T01:06:56.380986,2026-07-05T01:06:56.384480+00:00,145.4,12,bid,Xuanyu Liu,YieldingYams,7703565
2026-07-05T01:06:57.062360,2026-07-05T01:06:57.074070+00:00,145.3,20,ask,WavyWalnuts,BrilliantBurritos,7703569
2026-07-05T01:06:57.677802,2026-07-05T01:06:57.688505+00:00,145.4,7,bid,Kaleb Liu,YieldingYams,7703575
2026-07-05T01:06:59.382380,2026-07-05T01:06:59.393886+00:00,145.4,20,bid,BrilliantBurritos,YieldingYams,7703597
2026-07-05T01:07:00.298494,2026-07-05T01:07:00.310225+00:00,145.2,200,ask,WavyWalnuts,YieldingYams,7703618
2026-07-05T01:07:00.323134,2026-07-05T01:07:00.330336+00:00,145.2,200,bid,WavyWalnuts,YieldingYams,7703620
2026-07-05T01:07:00.690073,2026-07-05T01:07:00.702098+00:00,145.0,3,ask,YieldingYams,Kaleb Liu,7703624
2026-07-05T01:07:01.702013,2026-07-05T01:07:01.713667+00:00,145.1,2,ask,WavyWalnuts,Kaleb Liu,7703638
2026-07-05T01:07:05.546857,2026-07-05T01:07:05.555563+00:00,145.2,200,ask,WavyWalnuts,YieldingYams,7703676
2026-07-05T01:07:05.714275,2026-07-05T01:07:05.723544+00:00,144.9,1,ask,YieldingYams,Kaleb Liu,7703680
2026-07-05T01:07:08.795141,2026-07-05T01:07:08.803221+00:00,145.2,200,bid,WavyWalnuts,YieldingYams,7703714
2026-07-05T01:07:11.480575,2026-07-05T01:07:11.483763+00:00,145.1,23,bid,Xuanyu Liu,WavyWalnuts,7703740
2026-07-05T01:07:12.101213,2026-07-05T01:07:12.104081+00:00,145.1,177,bid,YieldingYams,WavyWalnuts,7703751
2026-07-05T01:07:17.343664,2026-07-05T01:07:17.350342+00:00,145.1,200,ask,WavyWalnuts,YieldingYams,7703833
2026-07-05T01:07:18.675180,2026-07-05T01:07:18.683881+00:00,145.1,200,bid,YieldingYams,WavyWalnuts,7703852
2026-07-05T01:07:20.379627,2026-07-05T01:07:20.384314+00:00,145.1,12,ask,WavyWalnuts,Xuanyu Liu,7703882
2026-07-05T01:07:21.300012,2026-07-05T01:07:21.310188+00:00,145.1,200,ask,WavyWalnuts,YieldingYams,7703893
2026-07-05T01:07:23.542088,2026-07-05T01:07:23.546001+00:00,145.0,11,ask,WavyWalnuts,Xuanyu Liu,7703933
2026-07-05T01:07:23.919434,2026-07-05T01:07:23.930746+00:00,145.0,189,ask,WavyWalnuts,YieldingYams,7703943
2026-07-05T01:07:26.539655,2026-07-05T01:07:26.549339+00:00,145.0,200,ask,WavyWalnuts,YieldingYams,7703978
2026-07-05T01:07:26.701141,2026-07-05T01:07:26.705431+00:00,144.7,12,ask,YieldingYams,Xuanyu Liu,7703984
2026-07-05T01:07:26.745433,2026-07-05T01:07:26.755499+00:00,144.7,5,ask,YieldingYams,Kaleb Liu,7703985
2026-07-05T01:07:26.983858,2026-07-05T01:07:26.987355+00:00,144.9,22,ask,WavyWalnuts,Xuanyu Liu,7703989
2026-07-05T01:07:27.755196,2026-07-05T01:07:27.766821+00:00,144.9,18,ask,WavyWalnuts,Kaleb Liu,7704000
2026-07-05T01:07:28.764867,2026-07-05T01:07:28.776544+00:00,144.9,9,ask,YieldingYams,Kaleb Liu,7704015
2026-07-05T01:07:30.599752,2026-07-05T01:07:30.609689+00:00,144.9,200,ask,YieldingYams,WavyWalnuts,7704037
2026-07-05T01:07:30.857817,2026-07-05T01:07:30.869274+00:00,145.2,20,bid,BrilliantBurritos,AverageAlmonds,7704039
2026-07-05T01:07:31.809769,2026-07-05T01:07:31.820765+00:00,144.8,200,ask,YieldingYams,WavyWalnuts,7704048
2026-07-05T01:07:33.133161,2026-07-05T01:07:33.136285+00:00,144.9,11,bid,Xuanyu Liu,YieldingYams,7704059
2026-07-05T01:07:36.637326,2026-07-05T01:07:36.645289+00:00,144.9,200,bid,WavyWalnuts,YieldingYams,7704105
2026-07-05T01:07:39.055507,2026-07-05T01:07:39.058618+00:00,145.0,200,bid,WavyWalnuts,YieldingYams,7704132
2026-07-05T01:07:39.996830,2026-07-05T01:07:40.000599+00:00,145.0,23,bid,Xuanyu Liu,YieldingYams,7704146
2026-07-05T01:07:42.295870,2026-07-05T01:07:42.307232+00:00,145.1,200,bid,YieldingYams,WavyWalnuts,7704174
2026-07-05T01:07:43.889649,2026-07-05T01:07:43.901314+00:00,145.2,200,bid,WavyWalnuts,AverageAlmonds,7704200
2026-07-05T01:07:44.911834,2026-07-05T01:07:44.920912+00:00,145.1,500,bid,YieldingYams,AverageAlmonds,7704214
2026-07-05T01:07:45.614736,2026-07-05T01:07:45.623696+00:00,145.1,125,ask,YieldingYams,AverageAlmonds,7704219
2026-07-05T01:07:46.108151,2026-07-05T01:07:46.115136+00:00,145.1,20,bid,BrilliantBurritos,AverageAlmonds,7704224
2026-07-05T01:07:46.220268,2026-07-05T01:07:46.228146+00:00,145.0,200,ask,WavyWalnuts,YieldingYams,7704226
2026-07-05T01:07:46.275427,2026-07-05T01:07:46.278916+00:00,144.9,23,bid,Xuanyu Liu,YieldingYams,7704228
2026-07-05T01:07:46.301876,2026-07-05T01:07:46.310024+00:00,144.9,200,bid,WavyWalnuts,YieldingYams,7704230
2026-07-05T01:07:47.508837,2026-07-05T01:07:47.516879+00:00,144.9,200,bid,WavyWalnuts,YieldingYams,7704246
2026-07-05T01:07:47.533127,2026-07-05T01:07:47.540397+00:00,145.1,200,bid,YieldingYams,WavyWalnuts,7704247
2026-07-05T01:07:48.719705,2026-07-05T01:07:48.730166+00:00,145.2,200,ask,YieldingYams,WavyWalnuts,7704257
2026-07-05T01:07:50.154579,2026-07-05T01:07:50.152145+00:00,145.1,200,ask,WavyWalnuts,YieldingYams,7704276
2026-07-05T01:07:51.138695,2026-07-05T01:07:51.147056+00:00,145.1,200,bid,WavyWalnuts,YieldingYams,7704293
2026-07-05T01:07:52.357160,2026-07-05T01:07:52.358561+00:00,145.1,200,ask,YieldingYams,WavyWalnuts,7704310
2026-07-05T01:07:55.763881,2026-07-05T01:07:55.767479+00:00,145.2,11,bid,Xuanyu Liu,WavyWalnuts,7704341
2026-07-05T01:07:56.842200,2026-07-05T01:07:56.850329+00:00,145.1,20,ask,YieldingYams,BrilliantBurritos,7704362
2026-07-05T01:07:58.009803,2026-07-05T01:07:58.016308+00:00,145.2,200,bid,YieldingYams,WavyWalnuts,7704373
2026-07-05T01:07:58.927501,2026-07-05T01:07:58.935171+00:00,145.3,20,ask,WavyWalnuts,BrilliantBurritos,7704388
2026-07-05T01:07:59.320805,2026-07-05T01:07:59.341146+00:00,145.3,180,ask,WavyWalnuts,YieldingYams,7704391
2026-07-05T01:07:59.337731,2026-07-05T01:07:59.341146+00:00,145.3,3,bid,Xuanyu Liu,YieldingYams,7704393
2026-07-05T01:07:59.625137,2026-07-05T01:07:59.633909+00:00,145.3,200,bid,WavyWalnuts,YieldingYams,7704394
2026-07-05T01:08:01.457388,2026-07-05T01:08:01.468662+00:00,145.4,20,bid,BrilliantBurritos,AverageAlmonds,7704427
2026-07-05T01:08:04.461385,2026-07-05T01:08:04.471315+00:00,145.3,200,ask,YieldingYams,WavyWalnuts,7704463
2026-07-05T01:08:05.670585,2026-07-05T01:08:05.678323+00:00,145.3,200,ask,YieldingYams,WavyWalnuts,7704481
2026-07-05T01:08:08.491763,2026-07-05T01:08:08.495583+00:00,145.3,3,ask,YieldingYams,Xuanyu Liu,7704519
2026-07-05T01:08:09.836183,2026-07-05T01:08:09.846525+00:00,145.3,200,ask,WavyWalnuts,AverageAlmonds,7704539
2026-07-05T01:08:10.507104,2026-07-05T01:08:10.518916+00:00,145.2,20,ask,YieldingYams,BrilliantBurritos,7704552
2026-07-05T01:08:12.278698,2026-07-05T01:08:12.289307+00:00,145.2,500,ask,YieldingYams,AverageAlmonds,7704571
2026-07-05T01:08:12.405897,2026-07-05T01:08:12.416645+00:00,145.2,200,ask,WavyWalnuts,YieldingYams,7704575
2026-07-05T01:08:14.142468,2026-07-05T01:08:14.168388+00:00,144.9,200,ask,YieldingYams,WavyWalnuts,7704600
2026-07-05T01:08:14.164826,2026-07-05T01:08:14.168388+00:00,144.9,11,ask,YieldingYams,Xuanyu Liu,7704602
2026-07-05T01:08:17.227648,2026-07-05T01:08:17.239221+00:00,144.8,20,bid,BrilliantBurritos,YieldingYams,7704640
2026-07-05T01:08:17.978024,2026-07-05T01:08:17.982252+00:00,144.6,23,ask,YieldingYams,Xuanyu Liu,7704650
2026-07-05T01:08:18.987463,2026-07-05T01:08:18.990591+00:00,144.7,12,ask,WavyWalnuts,Xuanyu Liu,7704665
2026-07-05T01:08:23.787305,2026-07-05T01:08:23.790780+00:00,144.5,12,bid,Xuanyu Liu,AverageAlmonds,7704735
2026-07-05T01:08:23.806586,2026-07-05T01:08:23.814514+00:00,144.5,200,bid,WavyWalnuts,AverageAlmonds,7704736
2026-07-05T01:08:24.188260,2026-07-05T01:08:24.199721+00:00,144.5,288,bid,YieldingYams,AverageAlmonds,7704742
2026-07-05T01:08:24.253988,2026-07-05T01:08:24.268884+00:00,144.5,20,ask,YieldingYams,BrilliantBurritos,7704744
2026-07-05T01:08:24.369945,2026-07-05T01:08:24.378777+00:00,144.5,317,ask,YieldingYams,AverageAlmonds,7704748
2026-07-05T01:08:25.301131,2026-07-05T01:08:25.312715+00:00,144.1,20,ask,WavyWalnuts,BrilliantBurritos,7704760
2026-07-05T01:08:26.827972,2026-07-05T01:08:26.831496+00:00,144.2,11,bid,Xuanyu Liu,YieldingYams,7704792
2026-07-05T01:08:30.738262,2026-07-05T01:08:30.748477+00:00,144.2,200,ask,WavyWalnuts,YieldingYams,7704844
2026-07-05T01:08:34.096190,2026-07-05T01:08:34.102717+00:00,144.2,20,ask,WavyWalnuts,BrilliantBurritos,7704886
2026-07-05T01:08:35.515040,2026-07-05T01:08:35.523848+00:00,144.2,20,ask,WavyWalnuts,BrilliantBurritos,7704902
2026-07-05T01:08:37.129074,2026-07-05T01:08:37.136780+00:00,144.1,200,ask,YieldingYams,WavyWalnuts,7704923
2026-07-05T01:08:38.359601,2026-07-05T01:08:38.364761+00:00,144.1,12,bid,Xuanyu Liu,WavyWalnuts,7704941
2026-07-05T01:08:39.947668,2026-07-05T01:08:39.964060+00:00,144.2,200,bid,YieldingYams,WavyWalnuts,7704965
2026-07-05T01:08:40.791002,2026-07-05T01:08:40.800847+00:00,144.4,200,ask,YieldingYams,WavyWalnuts,7704981
2026-07-05T01:08:42.003454,2026-07-05T01:08:42.013535+00:00,144.2,200,ask,YieldingYams,WavyWalnuts,7704994
2026-07-05T01:08:43.212850,2026-07-05T01:08:43.221493+00:00,144.3,200,ask,YieldingYams,WavyWalnuts,7705019
2026-07-05T01:08:45.191773,2026-07-05T01:08:45.200925+00:00,144.4,200,bid,YieldingYams,WavyWalnuts,7705059
2026-07-05T01:08:50.483680,2026-07-05T01:08:50.492429+00:00,144.7,200,bid,WavyWalnuts,YieldingYams,7705119
2026-07-05T01:08:56.969385,2026-07-05T01:08:56.977054+00:00,144.5,200,bid,YieldingYams,WavyWalnuts,7705200
2026-07-05T01:08:59.041511,2026-07-05T01:08:59.045354+00:00,144.7,14,bid,Xuanyu Liu,YieldingYams,7705226
2026-07-05T01:09:03.531541,2026-07-05T01:09:03.542319+00:00,144.6,200,ask,WavyWalnuts,YieldingYams,7705280
2026-07-05T01:09:03.802032,2026-07-05T01:09:03.813653+00:00,144.6,200,bid,WavyWalnuts,YieldingYams,7705285
2026-07-05T01:09:07.485695,2026-07-05T01:09:07.496155+00:00,144.6,200,ask,WavyWalnuts,YieldingYams,7705338
2026-07-05T01:09:07.886472,2026-07-05T01:09:07.893198+00:00,144.5,4,bid,Kaleb Liu,YieldingYams,7705340
2026-07-05T01:09:08.644257,2026-07-05T01:09:08.651621+00:00,144.5,200,bid,WavyWalnuts,YieldingYams,7705355
2026-07-05T01:09:11.769595,2026-07-05T01:09:11.773031+00:00,144.7,14,bid,Xuanyu Liu,YieldingYams,7705396
2026-07-05T01:09:11.900629,2026-07-05T01:09:11.963668+00:00,144.7,22,bid,Kaleb Liu,YieldingYams,7705398
2026-07-05T01:09:12.824800,2026-07-05T01:09:12.831434+00:00,144.6,200,ask,WavyWalnuts,AverageAlmonds,7705412
2026-07-05T01:09:12.845936,2026-07-05T01:09:12.849787+00:00,144.6,12,bid,Xuanyu Liu,AverageAlmonds,7705415
2026-07-05T01:09:12.911362,2026-07-05T01:09:12.922812+00:00,144.6,11,bid,Kaleb Liu,AverageAlmonds,7705418
2026-07-05T01:09:13.921779,2026-07-05T01:09:13.933288+00:00,144.7,5,bid,Kaleb Liu,AverageAlmonds,7705441
2026-07-05T01:09:14.920121,2026-07-05T01:09:14.923602+00:00,144.5,12,ask,WavyWalnuts,Xuanyu Liu,7705456
2026-07-05T01:09:14.931843,2026-07-05T01:09:14.939138+00:00,144.6,3,bid,Kaleb Liu,YieldingYams,7705457
2026-07-05T01:09:15.343661,2026-07-05T01:09:15.364144+00:00,144.5,188,ask,WavyWalnuts,YieldingYams,7705463
2026-07-05T01:09:15.588659,2026-07-05T01:09:15.595240+00:00,144.5,25,bid,Yinxuan Li,YieldingYams,7705466
2026-07-05T01:09:15.903125,2026-07-05T01:09:15.912051+00:00,144.5,200,bid,WavyWalnuts,YieldingYams,7705468
2026-07-05T01:09:15.941776,2026-07-05T01:09:15.953303+00:00,144.5,2,bid,Kaleb Liu,YieldingYams,7705470
2026-07-05T01:09:16.952732,2026-07-05T01:09:16.956042+00:00,144.6,1,bid,Kaleb Liu,AverageAlmonds,7705483
2026-07-05T01:09:17.114995,2026-07-05T01:09:17.122164+00:00,144.5,200,ask,YieldingYams,WavyWalnuts,7705487
2026-07-05T01:09:17.962152,2026-07-05T01:09:17.973417+00:00,144.2,2,ask,WavyWalnuts,Kaleb Liu,7705509
2026-07-05T01:09:21.863327,2026-07-05T01:09:21.875570+00:00,144.7,20,bid,BrilliantBurritos,WavyWalnuts,7705549
2026-07-05T01:09:21.964024,2026-07-05T01:09:21.967589+00:00,144.7,11,ask,WavyWalnuts,Xuanyu Liu,7705553
2026-07-05T01:09:23.718636,2026-07-05T01:09:23.729657+00:00,144.7,200,ask,WavyWalnuts,AverageAlmonds,7705575
2026-07-05T01:09:24.359885,2026-07-05T01:09:24.369324+00:00,144.6,200,bid,WavyWalnuts,AverageAlmonds,7705585
2026-07-05T01:09:24.520938,2026-07-05T01:09:24.528695+00:00,144.6,300,bid,YieldingYams,AverageAlmonds,7705590
2026-07-05T01:09:24.914995,2026-07-05T01:09:24.921896+00:00,144.6,325,ask,YieldingYams,AverageAlmonds,7705600
2026-07-05T01:09:24.976138,2026-07-05T01:09:24.988006+00:00,144.5,1,bid,Kaleb Liu,AverageAlmonds,7705602
2026-07-05T01:09:25.568311,2026-07-05T01:09:25.578104+00:00,143.7,20,ask,AverageAlmonds,BrilliantBurritos,7705613
2026-07-05T01:09:25.571693,2026-07-05T01:09:25.583360+00:00,144.5,200,bid,WavyWalnuts,AverageAlmonds,7705614
2026-07-05T01:09:26.917862,2026-07-05T01:09:26.921568+00:00,144.4,3,ask,YieldingYams,Xuanyu Liu,7705636
2026-07-05T01:09:27.137228,2026-07-05T01:09:27.144083+00:00,144.5,500,bid,YieldingYams,AverageAlmonds,7705642
2026-07-05T01:09:28.004321,2026-07-05T01:09:28.012900+00:00,144.5,125,ask,YieldingYams,WavyWalnuts,7705661
2026-07-05T01:09:30.983582,2026-07-05T01:09:30.992458+00:00,144.3,500,ask,YieldingYams,AverageAlmonds,7705699
2026-07-05T01:09:31.630057,2026-07-05T01:09:31.637730+00:00,144.2,200,bid,WavyWalnuts,AverageAlmonds,7705711
2026-07-05T01:09:35.262763,2026-07-05T01:09:35.269549+00:00,144.2,200,bid,WavyWalnuts,YieldingYams,7705739
2026-07-05T01:09:38.917624,2026-07-05T01:09:38.927888+00:00,144.1,200,ask,YieldingYams,WavyWalnuts,7705785
2026-07-05T01:09:39.002038,2026-07-05T01:09:39.014164+00:00,144.2,1,bid,Kaleb Liu,AverageAlmonds,7705787
2026-07-05T01:09:40.170810,2026-07-05T01:09:40.173951+00:00,144.1,3,bid,Xuanyu Liu,WavyWalnuts,7705804
2026-07-05T01:09:40.665794,2026-07-05T01:09:40.674468+00:00,144.1,25,bid,Yinxuan Li,WavyWalnuts,7705813
2026-07-05T01:09:41.330898,2026-07-05T01:09:41.338988+00:00,144.1,200,bid,WavyWalnuts,AverageAlmonds,7705826
2026-07-05T01:09:45.511837,2026-07-05T01:09:45.520366+00:00,144.1,200,bid,YieldingYams,WavyWalnuts,7705889
2026-07-05T01:09:45.525845,2026-07-05T01:09:45.529329+00:00,144.1,3,ask,YieldingYams,Xuanyu Liu,7705892
2026-07-05T01:09:45.673325,2026-07-05T01:09:45.680608+00:00,144.1,25,ask,YieldingYams,Yinxuan Li,7705896
2026-07-05T01:09:46.662851,2026-07-05T01:09:46.674666+00:00,144.1,20,ask,YieldingYams,BrilliantBurritos,7705908
2026-07-05T01:09:46.828228,2026-07-05T01:09:46.838036+00:00,144.0,200,ask,WavyWalnuts,YieldingYams,7705913
2026-07-05T01:09:48.015506,2026-07-05T01:09:48.028183+00:00,143.9,20,ask,WavyWalnuts,BrilliantBurritos,7705932
2026-07-05T01:09:52.067485,2026-07-05T01:09:52.074554+00:00,143.9,200,bid,YieldingYams,WavyWalnuts,7705978
2026-07-05T01:09:52.239554,2026-07-05T01:09:52.248582+00:00,144.0,200,ask,YieldingYams,WavyWalnuts,7705982
2026-07-05T01:09:54.321873,2026-07-05T01:09:54.333842+00:00,143.7,20,ask,YieldingYams,BrilliantBurritos,7706009
2026-07-05T01:09:58.609927,2026-07-05T01:09:58.618790+00:00,143.8,200,ask,WavyWalnuts,YieldingYams,7706056
2026-07-05T01:09:59.495525,2026-07-05T01:09:59.505616+00:00,143.8,200,bid,WavyWalnuts,YieldingYams,7706075
2026-07-05T01:10:01.232288,2026-07-05T01:10:01.242679+00:00,143.9,200,bid,YieldingYams,WavyWalnuts,7706097
2026-07-05T01:10:06.724529,2026-07-05T01:10:06.731897+00:00,143.9,500,ask,YieldingYams,AverageAlmonds,7706187
2026-07-05T01:10:07.320715,2026-07-05T01:10:07.328578+00:00,143.9,125,ask,YieldingYams,AverageAlmonds,7706197
2026-07-05T01:10:07.967388,2026-07-05T01:10:07.975639+00:00,143.8,200,bid,WavyWalnuts,AverageAlmonds,7706203
2026-07-05T01:10:09.088145,2026-07-05T01:10:09.097282+00:00,143.8,500,bid,YieldingYams,AverageAlmonds,7706214
2026-07-05T01:10:09.127995,2026-07-05T01:10:09.139071+00:00,143.8,125,ask,YieldingYams,AverageAlmonds,7706216
2026-07-05T01:10:09.175375,2026-07-05T01:10:09.186859+00:00,143.7,200,bid,WavyWalnuts,AverageAlmonds,7706219
2026-07-05T01:10:12.799995,2026-07-05T01:10:12.808243+00:00,143.7,200,bid,WavyWalnuts,YieldingYams,7706270
2026-07-05T01:10:16.428648,2026-07-05T01:10:16.438111+00:00,143.8,200,bid,WavyWalnuts,AverageAlmonds,7706305
2026-07-05T01:10:16.941761,2026-07-05T01:10:16.951561+00:00,143.8,300,bid,YieldingYams,AverageAlmonds,7706311
2026-07-05T01:10:16.985474,2026-07-05T01:10:16.993605+00:00,143.8,325,ask,YieldingYams,AverageAlmonds,7706312
2026-07-05T01:10:18.059153,2026-07-05T01:10:18.070729+00:00,143.8,4,bid,Kaleb Liu,AverageAlmonds,7706334
2026-07-05T01:10:18.550960,2026-07-05T01:10:18.557557+00:00,143.7,20,ask,WavyWalnuts,BrilliantBurritos,7706341
2026-07-05T01:10:18.843868,2026-07-05T01:10:18.858612+00:00,143.7,180,ask,WavyWalnuts,AverageAlmonds,7706345
2026-07-05T01:10:18.843868,2026-07-05T01:10:18.858612+00:00,143.6,320,ask,YieldingYams,AverageAlmonds,7706346
2026-07-05T01:10:19.069456,2026-07-05T01:10:19.081516+00:00,143.7,1,ask,WavyWalnuts,Kaleb Liu,7706349
2026-07-05T01:10:19.438063,2026-07-05T01:10:19.458557+00:00,143.7,199,ask,WavyWalnuts,AverageAlmonds,7706358
2026-07-05T01:10:19.438063,2026-07-05T01:10:19.458557+00:00,143.6,301,ask,YieldingYams,AverageAlmonds,7706359
2026-07-05T01:10:20.072452,2026-07-05T01:10:20.079822+00:00,143.5,200,bid,WavyWalnuts,AverageAlmonds,7706370
2026-07-05T01:10:20.132044,2026-07-05T01:10:20.143814+00:00,143.3,20,ask,YieldingYams,BrilliantBurritos,7706373
2026-07-05T01:10:21.386800,2026-07-05T01:10:21.390784+00:00,143.4,3,ask,YieldingYams,Xuanyu Liu,7706394
2026-07-05T01:10:22.084008,2026-07-05T01:10:22.095781+00:00,143.4,2,ask,YieldingYams,Kaleb Liu,7706404
2026-07-05T01:10:22.186160,2026-07-05T01:10:22.197899+00:00,143.5,500,bid,YieldingYams,AverageAlmonds,7706407
2026-07-05T01:10:22.186160,2026-07-05T01:10:22.197899+00:00,143.6,125,bid,YieldingYams,WavyWalnuts,7706408
2026-07-05T01:10:23.805044,2026-07-05T01:10:23.817063+00:00,143.4,20,bid,BrilliantBurritos,YieldingYams,7706435
2026-07-05T01:10:24.292720,2026-07-05T01:10:24.299854+00:00,143.3,200,ask,WavyWalnuts,AverageAlmonds,7706446
2026-07-05T01:10:24.916222,2026-07-05T01:10:24.925040+00:00,143.3,200,bid,WavyWalnuts,YieldingYams,7706457
2026-07-05T01:10:27.427037,2026-07-05T01:10:27.436296+00:00,143.3,200,bid,YieldingYams,WavyWalnuts,7706496
2026-07-05T01:10:27.907835,2026-07-05T01:10:27.918501+00:00,143.3,425,ask,YieldingYams,AverageAlmonds,7706504
2026-07-05T01:10:27.924260,2026-07-05T01:10:27.927406+00:00,143.3,3,bid,Xuanyu Liu,AverageAlmonds,7706506
2026-07-05T01:10:28.736677,2026-07-05T01:10:28.745147+00:00,143.2,200,ask,WavyWalnuts,YieldingYams,7706515
2026-07-05T01:10:29.764486,2026-07-05T01:10:29.775509+00:00,143.1,200,bid,WavyWalnuts,YieldingYams,7706533
2026-07-05T01:10:30.045108,2026-07-05T01:10:30.058607+00:00,143.3,500,bid,YieldingYams,AverageAlmonds,7706535
2026-07-05T01:10:30.045108,2026-07-05T01:10:30.058607+00:00,143.3,125,bid,YieldingYams,WavyWalnuts,7706536
2026-07-05T01:10:31.004890,2026-07-05T01:10:31.008334+00:00,143.0,14,ask,WavyWalnuts,Xuanyu Liu,7706553
2026-07-05T01:10:31.106736,2026-07-05T01:10:31.118671+00:00,143.0,2,ask,WavyWalnuts,Kaleb Liu,7706554
2026-07-05T01:10:31.369875,2026-07-05T01:10:31.373862+00:00,143.1,12,ask,YieldingYams,Xuanyu Liu,7706558
2026-07-05T01:10:31.563887,2026-07-05T01:10:31.573107+00:00,143.1,500,ask,YieldingYams,AverageAlmonds,7706559
2026-07-05T01:10:32.117096,2026-07-05T01:10:32.128919+00:00,143.1,4,ask,YieldingYams,Kaleb Liu,7706570
2026-07-05T01:10:32.157991,2026-07-05T01:10:32.169402+00:00,143.1,109,ask,YieldingYams,AverageAlmonds,7706572
2026-07-05T01:10:34.128487,2026-07-05T01:10:34.139450+00:00,142.9,2,ask,WavyWalnuts,Kaleb Liu,7706604
2026-07-05T01:10:34.600106,2026-07-05T01:10:34.611709+00:00,143.1,200,bid,WavyWalnuts,YieldingYams,7706611
2026-07-05T01:10:35.137803,2026-07-05T01:10:35.149771+00:00,142.9,1,ask,YieldingYams,Kaleb Liu,7706620
2026-07-05T01:10:35.141774,2026-07-05T01:10:35.149771+00:00,142.9,20,ask,YieldingYams,BrilliantBurritos,7706621
2026-07-05T01:10:36.110615,2026-07-05T01:10:36.122546+00:00,143.1,20,bid,BrilliantBurritos,YieldingYams,7706633
2026-07-05T01:10:37.151489,2026-07-05T01:10:37.165422+00:00,143.1,3,bid,Kaleb Liu,WavyWalnuts,7706648
2026-07-05T01:10:37.915984,2026-07-05T01:10:37.926754+00:00,143.1,197,bid,YieldingYams,WavyWalnuts,7706666
2026-07-05T01:10:40.064905,2026-07-05T01:10:40.076443+00:00,143.1,20,ask,YieldingYams,BrilliantBurritos,7706689
2026-07-05T01:10:40.167179,2026-07-05T01:10:40.174198+00:00,143.1,2,ask,YieldingYams,Kaleb Liu,7706694
2026-07-05T01:10:40.324852,2026-07-05T01:10:40.328386+00:00,143.2,26,bid,Xuanyu Liu,WavyWalnuts,7706698
2026-07-05T01:10:44.180524,2026-07-05T01:10:44.192553+00:00,143.0,1,ask,WavyWalnuts,Kaleb Liu,7706745
2026-07-05T01:10:44.306999,2026-07-05T01:10:44.318448+00:00,143.0,200,ask,YieldingYams,WavyWalnuts,7706750
2026-07-05T01:10:45.191321,2026-07-05T01:10:45.203079+00:00,143.3,3,bid,Kaleb Liu,YieldingYams,7706768
2026-07-05T01:10:46.705363,2026-07-05T01:10:46.708922+00:00,142.9,14,ask,WavyWalnuts,Xuanyu Liu,7706797
2026-07-05T01:10:47.801962,2026-07-05T01:10:47.814037+00:00,142.9,20,ask,WavyWalnuts,BrilliantBurritos,7706809
2026-07-05T01:10:47.946093,2026-07-05T01:10:47.960193+00:00,143.0,12,ask,WavyWalnuts,Xuanyu Liu,7706813
2026-07-05T01:10:48.203895,2026-07-05T01:10:48.213506+00:00,143.0,2,ask,WavyWalnuts,Kaleb Liu,7706819
2026-07-05T01:10:48.416213,2026-07-05T01:10:48.427532+00:00,143.0,186,ask,WavyWalnuts,YieldingYams,7706823
2026-07-05T01:10:49.723985,2026-07-05T01:10:49.730959+00:00,143.0,200,bid,YieldingYams,WavyWalnuts,7706836
2026-07-05T01:10:50.748363,2026-07-05T01:10:50.760240+00:00,143.0,25,ask,YieldingYams,Yinxuan Li,7706855
2026-07-05T01:10:52.218099,2026-07-05T01:10:52.229844+00:00,142.9,1,ask,YieldingYams,Kaleb Liu,7706880
2026-07-05T01:10:52.304422,2026-07-05T01:10:52.307567+00:00,143.1,12,bid,Xuanyu Liu,YieldingYams,7706883
2026-07-05T01:10:52.766477,2026-07-05T01:10:52.774688+00:00,143.0,200,ask,YieldingYams,WavyWalnuts,7706892
2026-07-05T01:10:55.071990,2026-07-05T01:10:55.083642+00:00,143.2,20,bid,BrilliantBurritos,WavyWalnuts,7706922
2026-07-05T01:10:56.548838,2026-07-05T01:10:56.563928+00:00,142.9,20,ask,YieldingYams,BrilliantBurritos,7706943
2026-07-05T01:10:57.617753,2026-07-05T01:10:57.625705+00:00,142.8,200,ask,YieldingYams,WavyWalnuts,7706970
2026-07-05T01:10:58.827697,2026-07-05T01:10:58.835239+00:00,142.8,200,ask,YieldingYams,WavyWalnuts,7706984
2026-07-05T01:11:01.520065,2026-07-05T01:11:01.539336+00:00,142.8,200,ask,WavyWalnuts,YieldingYams,7707025
2026-07-05T01:11:01.535886,2026-07-05T01:11:01.539336+00:00,142.8,11,bid,Xuanyu Liu,YieldingYams,7707027
2026-07-05T01:11:03.617649,2026-07-05T01:11:03.626563+00:00,142.8,500,bid,AverageAlmonds,YieldingYams,7707049
2026-07-05T01:11:04.240316,2026-07-05T01:11:04.250680+00:00,142.9,3,bid,Kaleb Liu,WavyWalnuts,7707059
2026-07-05T01:11:04.944103,2026-07-05T01:11:04.947734+00:00,142.9,3,bid,Xuanyu Liu,YieldingYams,7707072
2026-07-05T01:11:11.262676,2026-07-05T01:11:11.279588+00:00,143.0,2,bid,Kaleb Liu,WavyWalnuts,7707152
2026-07-05T01:11:12.276236,2026-07-05T01:11:12.287958+00:00,143.0,1,bid,Kaleb Liu,WavyWalnuts,7707166
2026-07-05T01:11:14.604529,2026-07-05T01:11:14.613950+00:00,142.8,500,ask,AverageAlmonds,YieldingYams,7707197
2026-07-05T01:11:14.604529,2026-07-05T01:11:14.613950+00:00,142.7,125,ask,WavyWalnuts,YieldingYams,7707198
2026-07-05T01:11:18.294272,2026-07-05T01:11:18.301118+00:00,142.7,1,ask,YieldingYams,Kaleb Liu,7707246
2026-07-05T01:11:19.303449,2026-07-05T01:11:19.310166+00:00,142.7,1,ask,YieldingYams,Kaleb Liu,7707258
2026-07-05T01:11:20.313789,2026-07-05T01:11:20.325681+00:00,143.0,1,bid,Kaleb Liu,WavyWalnuts,7707264
2026-07-05T01:11:21.324496,2026-07-05T01:11:21.336427+00:00,142.8,1,ask,WavyWalnuts,Kaleb Liu,7707280
2026-07-05T01:11:23.336307,2026-07-05T01:11:23.348217+00:00,142.9,2,bid,Kaleb Liu,YieldingYams,7707306
2026-07-05T01:11:23.771403,2026-07-05T01:11:23.780022+00:00,142.8,200,ask,WavyWalnuts,YieldingYams,7707316
2026-07-05T01:11:23.793364,2026-07-05T01:11:23.798479+00:00,142.8,3,bid,Xuanyu Liu,YieldingYams,7707318
2026-07-05T01:11:24.664378,2026-07-05T01:11:24.668159+00:00,142.7,3,ask,WavyWalnuts,Xuanyu Liu,7707328
2026-07-05T01:11:27.064999,2026-07-05T01:11:27.076675+00:00,142.9,20,bid,BrilliantBurritos,WavyWalnuts,7707353
2026-07-05T01:11:27.702968,2026-07-05T01:11:27.713108+00:00,142.9,180,bid,YieldingYams,WavyWalnuts,7707366
2026-07-05T01:11:27.876184,2026-07-05T01:11:27.886192+00:00,142.9,200,ask,YieldingYams,WavyWalnuts,7707372
2026-07-05T01:11:30.322596,2026-07-05T01:11:30.329134+00:00,142.8,200,ask,WavyWalnuts,YieldingYams,7707408
2026-07-05T01:11:31.500038,2026-07-05T01:11:31.511234+00:00,142.7,200,bid,WavyWalnuts,YieldingYams,7707423
2026-07-05T01:11:35.557356,2026-07-05T01:11:35.564699+00:00,142.9,200,bid,YieldingYams,WavyWalnuts,7707486
2026-07-05T01:11:39.335004,2026-07-05T01:11:39.359728+00:00,143.0,200,bid,AverageAlmonds,WavyWalnuts,7707532
2026-07-05T01:11:39.356071,2026-07-05T01:11:39.359728+00:00,143.0,3,ask,AverageAlmonds,Xuanyu Liu,7707534
2026-07-05T01:11:40.789470,2026-07-05T01:11:40.797613+00:00,143.1,200,bid,YieldingYams,WavyWalnuts,7707556
2026-07-05T01:11:41.203967,2026-07-05T01:11:41.214146+00:00,143.1,200,ask,YieldingYams,WavyWalnuts,7707563
2026-07-05T01:11:42.101055,2026-07-05T01:11:42.112287+00:00,143.1,500,ask,AverageAlmonds,YieldingYams,7707576
2026-07-05T01:11:42.363192,2026-07-05T01:11:42.372856+00:00,143.0,125,bid,AverageAlmonds,YieldingYams,7707579
2026-07-05T01:11:42.386990,2026-07-05T01:11:42.390490+00:00,143.2,11,ask,AverageAlmonds,Xuanyu Liu,7707582
2026-07-05T01:11:42.417185,2026-07-05T01:11:42.426836+00:00,143.2,200,ask,AverageAlmonds,WavyWalnuts,7707583
2026-07-05T01:11:43.369482,2026-07-05T01:11:43.381666+00:00,143.2,1,ask,AverageAlmonds,Kaleb Liu,7707596
2026-07-05T01:11:43.603045,2026-07-05T01:11:43.606260+00:00,143.3,11,bid,Xuanyu Liu,YieldingYams,7707599
2026-07-05T01:11:46.026519,2026-07-05T01:11:46.054551+00:00,143.2,200,ask,WavyWalnuts,YieldingYams,7707623
2026-07-05T01:11:46.051064,2026-07-05T01:11:46.054551+00:00,143.2,3,bid,Xuanyu Liu,YieldingYams,7707625
2026-07-05T01:11:46.128481,2026-07-05T01:11:46.132085+00:00,143.1,3,ask,WavyWalnuts,Xuanyu Liu,7707630
2026-07-05T01:11:47.194941,2026-07-05T01:11:47.204435+00:00,143.2,422,bid,AverageAlmonds,YieldingYams,7707638
2026-07-05T01:11:47.217419,2026-07-05T01:11:47.221284+00:00,143.2,11,ask,AverageAlmonds,Xuanyu Liu,7707641
2026-07-05T01:11:47.276518,2026-07-05T01:11:47.280373+00:00,143.3,12,ask,WavyWalnuts,Xuanyu Liu,7707644
2026-07-05T01:11:47.384288,2026-07-05T01:11:47.396252+00:00,143.3,3,ask,WavyWalnuts,Kaleb Liu,7707646
2026-07-05T01:11:48.397120,2026-07-05T01:11:48.409059+00:00,143.3,1,ask,WavyWalnuts,Kaleb Liu,7707660
2026-07-05T01:11:49.407589,2026-07-05T01:11:49.419515+00:00,143.3,1,ask,WavyWalnuts,Kaleb Liu,7707679
2026-07-05T01:11:51.608633,2026-07-05T01:11:51.619595+00:00,143.4,20,ask,WavyWalnuts,BrilliantBurritos,7707721
2026-07-05T01:11:52.420366,2026-07-05T01:11:52.427728+00:00,143.5,3,bid,Kaleb Liu,YieldingYams,7707731
2026-07-05T01:11:54.544178,2026-07-05T01:11:54.558650+00:00,143.3,200,bid,WavyWalnuts,YieldingYams,7707762
2026-07-05T01:11:57.936214,2026-07-05T01:11:57.945704+00:00,143.4,20,bid,BrilliantBurritos,YieldingYams,7707801
2026-07-05T01:12:00.587232,2026-07-05T01:12:00.595190+00:00,143.5,200,bid,WavyWalnuts,YieldingYams,7707833
2026-07-05T01:12:01.794872,2026-07-05T01:12:01.805868+00:00,143.6,200,bid,WavyWalnuts,YieldingYams,7707849
2026-07-05T01:12:02.441770,2026-07-05T01:12:02.453568+00:00,143.6,2,bid,Kaleb Liu,YieldingYams,7707857
2026-07-05T01:12:03.452484,2026-07-05T01:12:03.458567+00:00,143.6,1,bid,Kaleb Liu,YieldingYams,7707875
2026-07-05T01:12:05.038524,2026-07-05T01:12:05.042007+00:00,143.7,23,bid,Xuanyu Liu,YieldingYams,7707906
2026-07-05T01:12:05.371824,2026-07-05T01:12:05.375691+00:00,143.6,3,bid,Xuanyu Liu,AverageAlmonds,7707911
2026-07-05T01:12:06.586830,2026-07-05T01:12:06.593820+00:00,143.5,200,ask,WavyWalnuts,AverageAlmonds,7707918
2026-07-05T01:12:06.586830,2026-07-05T01:12:06.599343+00:00,143.5,300,ask,YieldingYams,AverageAlmonds,7707919
2026-07-05T01:12:07.183289,2026-07-05T01:12:07.192067+00:00,143.5,500,ask,YieldingYams,AverageAlmonds,7707932
2026-07-05T01:12:07.788493,2026-07-05T01:12:07.790562+00:00,143.5,125,ask,YieldingYams,AverageAlmonds,7707934
2026-07-05T01:12:07.788493,2026-07-05T01:12:07.796452+00:00,143.4,200,ask,WavyWalnuts,AverageAlmonds,7707935
2026-07-05T01:12:08.426211,2026-07-05T01:12:08.429908+00:00,143.3,3,bid,Xuanyu Liu,AverageAlmonds,7707948
2026-07-05T01:12:08.467713,2026-07-05T01:12:08.475063+00:00,143.3,1,bid,Kaleb Liu,AverageAlmonds,7707950
2026-07-05T01:12:09.041845,2026-07-05T01:12:09.052311+00:00,143.2,200,ask,YieldingYams,WavyWalnuts,7707959
2026-07-05T01:12:09.616953,2026-07-05T01:12:09.626097+00:00,143.4,500,bid,YieldingYams,AverageAlmonds,7707969
2026-07-05T01:12:10.198123,2026-07-05T01:12:10.205176+00:00,143.4,125,ask,YieldingYams,AverageAlmonds,7707976
2026-07-05T01:12:10.929886,2026-07-05T01:12:10.941213+00:00,143.2,200,ask,WavyWalnuts,YieldingYams,7707989
2026-07-05T01:12:10.985057,2026-07-05T01:12:10.997301+00:00,143.2,20,bid,BrilliantBurritos,YieldingYams,7707990
2026-07-05T01:12:11.453522,2026-07-05T01:12:11.458562+00:00,143.2,200,bid,WavyWalnuts,YieldingYams,7707996
2026-07-05T01:12:12.238454,2026-07-05T01:12:12.245498+00:00,143.3,500,bid,YieldingYams,AverageAlmonds,7708011
2026-07-05T01:12:12.238454,2026-07-05T01:12:12.250985+00:00,143.4,125,bid,YieldingYams,WavyWalnuts,7708012
2026-07-05T01:12:13.592231,2026-07-05T01:12:13.601218+00:00,143.1,20,ask,YieldingYams,BrilliantBurritos,7708028
2026-07-05T01:12:16.257881,2026-07-05T01:12:16.269279+00:00,143.1,500,ask,YieldingYams,AverageAlmonds,7708061
2026-07-05T01:12:16.491732,2026-07-05T01:12:16.501599+00:00,143.1,20,ask,YieldingYams,BrilliantBurritos,7708066
2026-07-05T01:12:16.851095,2026-07-05T01:12:16.858570+00:00,143.1,105,ask,YieldingYams,AverageAlmonds,7708068
2026-07-05T01:12:17.462593,2026-07-05T01:12:17.473968+00:00,143.0,200,ask,WavyWalnuts,AverageAlmonds,7708076
2026-07-05T01:12:17.479410,2026-07-05T01:12:17.482828+00:00,143.0,11,bid,Xuanyu Liu,AverageAlmonds,7708078
2026-07-05T01:12:18.718731,2026-07-05T01:12:18.725633+00:00,143.0,200,bid,WavyWalnuts,AverageAlmonds,7708094
2026-07-05T01:12:19.927367,2026-07-05T01:12:19.935786+00:00,143.0,200,bid,WavyWalnuts,AverageAlmonds,7708106
2026-07-05T01:12:20.085842,2026-07-05T01:12:20.094078+00:00,143.0,300,bid,YieldingYams,AverageAlmonds,7708108
2026-07-05T01:12:21.111294,2026-07-05T01:12:21.121886+00:00,143.0,325,ask,YieldingYams,AverageAlmonds,7708119
2026-07-05T01:12:21.148470,2026-07-05T01:12:21.153137+00:00,143.0,175,bid,WavyWalnuts,AverageAlmonds,7708122
2026-07-05T01:12:21.397089,2026-07-05T01:12:21.412633+00:00,143.1,25,ask,WavyWalnuts,YieldingYams,7708128
2026-07-05T01:12:21.409504,2026-07-05T01:12:21.412633+00:00,142.8,23,bid,Xuanyu Liu,YieldingYams,7708130
2026-07-05T01:12:21.492177,2026-07-05T01:12:21.504148+00:00,142.8,3,bid,Kaleb Liu,YieldingYams,7708132
2026-07-05T01:12:22.358326,2026-07-05T01:12:22.366927+00:00,142.8,200,bid,WavyWalnuts,YieldingYams,7708141
2026-07-05T01:12:22.501023,2026-07-05T01:12:22.512953+00:00,142.6,1,ask,YieldingYams,Kaleb Liu,7708145
2026-07-05T01:12:22.721585,2026-07-05T01:12:22.726060+00:00,142.9,11,ask,YieldingYams,Xuanyu Liu,7708150
2026-07-05T01:12:23.581654,2026-07-05T01:12:23.585418+00:00,143.0,12,ask,WavyWalnuts,Xuanyu Liu,7708162
2026-07-05T01:12:23.651478,2026-07-05T01:12:23.663067+00:00,143.0,20,ask,WavyWalnuts,BrilliantBurritos,7708164
2026-07-05T01:12:25.853116,2026-07-05T01:12:25.859595+00:00,143.2,25,bid,Yinxuan Li,YieldingYams,7708192
2026-07-05T01:12:26.516564,2026-07-05T01:12:26.528461+00:00,143.1,1,ask,WavyWalnuts,Kaleb Liu,7708208
2026-07-05T01:12:29.253610,2026-07-05T01:12:29.258604+00:00,143.2,200,bid,YieldingYams,WavyWalnuts,7708260
2026-07-05T01:12:29.572164,2026-07-05T01:12:29.579510+00:00,143.3,425,ask,YieldingYams,AverageAlmonds,7708263
2026-07-05T01:12:32.045239,2026-07-05T01:12:32.058595+00:00,143.1,200,ask,YieldingYams,WavyWalnuts,7708303
2026-07-05T01:12:34.846878,2026-07-05T01:12:34.858723+00:00,143.1,20,ask,YieldingYams,BrilliantBurritos,7708350
2026-07-05T01:12:35.622022,2026-07-05T01:12:35.631829+00:00,143.1,500,ask,YieldingYams,AverageAlmonds,7708367
2026-07-05T01:12:36.225262,2026-07-05T01:12:36.235255+00:00,143.1,200,ask,WavyWalnuts,AverageAlmonds,7708373
2026-07-05T01:12:36.225262,2026-07-05T01:12:36.235255+00:00,143.0,300,ask,YieldingYams,AverageAlmonds,7708374
2026-07-05T01:12:36.852371,2026-07-05T01:12:36.858619+00:00,143.0,325,ask,YieldingYams,AverageAlmonds,7708384
2026-07-05T01:12:43.545534,2026-07-05T01:12:43.558643+00:00,142.6,2,ask,WavyWalnuts,Kaleb Liu,7708494
2026-07-05T01:12:43.804688,2026-07-05T01:12:43.808360+00:00,142.6,14,ask,WavyWalnuts,Xuanyu Liu,7708499
2026-07-05T01:12:48.876785,2026-07-05T01:12:48.887242+00:00,142.7,200,bid,YieldingYams,WavyWalnuts,7708559
2026-07-05T01:12:48.978552,2026-07-05T01:12:48.990582+00:00,142.8,200,ask,YieldingYams,WavyWalnuts,7708564
2026-07-05T01:12:50.170510,2026-07-05T01:12:50.174741+00:00,142.9,14,bid,Xuanyu Liu,AverageAlmonds,7708578
2026-07-05T01:12:50.192179,2026-07-05T01:12:50.204554+00:00,142.8,200,ask,YieldingYams,WavyWalnuts,7708580
2026-07-05T01:12:50.200901,2026-07-05T01:12:50.204554+00:00,142.9,12,bid,Xuanyu Liu,AverageAlmonds,7708582
2026-07-05T01:12:50.227062,2026-07-05T01:12:50.231012+00:00,142.6,24,bid,Xuanyu Liu,YieldingYams,7708584
2026-07-05T01:12:51.400883,2026-07-05T01:12:51.411000+00:00,142.6,200,bid,WavyWalnuts,YieldingYams,7708602
2026-07-05T01:12:52.543899,2026-07-05T01:12:52.547472+00:00,142.5,13,ask,YieldingYams,Xuanyu Liu,7708613
2026-07-05T01:12:52.580325,2026-07-05T01:12:52.594463+00:00,142.5,1,ask,YieldingYams,Kaleb Liu,7708615
2026-07-05T01:12:52.629608,2026-07-05T01:12:52.633311+00:00,142.7,23,ask,WavyWalnuts,Xuanyu Liu,7708621
2026-07-05T01:12:56.598423,2026-07-05T01:12:56.605973+00:00,142.9,1,bid,Kaleb Liu,WavyWalnuts,7708667
2026-07-05T01:12:57.608292,2026-07-05T01:12:57.615595+00:00,143.0,1,bid,Kaleb Liu,WavyWalnuts,7708678
2026-07-05T01:13:00.377743,2026-07-05T01:13:00.384857+00:00,143.0,20,bid,BrilliantBurritos,AverageAlmonds,7708720
2026-07-05T01:13:00.669922,2026-07-05T01:13:00.676718+00:00,143.0,500,bid,YieldingYams,AverageAlmonds,7708726
2026-07-05T01:13:00.687491,2026-07-05T01:13:00.691250+00:00,143.0,11,ask,YieldingYams,Xuanyu Liu,7708728
2026-07-05T01:13:01.056827,2026-07-05T01:13:01.064093+00:00,143.0,114,ask,YieldingYams,AverageAlmonds,7708734
2026-07-05T01:13:01.980020,2026-07-05T01:13:01.988116+00:00,142.8,200,ask,WavyWalnuts,YieldingYams,7708753
2026-07-05T01:13:02.302926,2026-07-05T01:13:02.310832+00:00,142.7,200,bid,WavyWalnuts,YieldingYams,7708761
2026-07-05T01:13:04.599584,2026-07-05T01:13:04.610203+00:00,142.7,200,ask,WavyWalnuts,YieldingYams,7708798
2026-07-05T01:13:05.189352,2026-07-05T01:13:05.193211+00:00,142.6,3,ask,WavyWalnuts,Xuanyu Liu,7708810
2026-07-05T01:13:07.214100,2026-07-05T01:13:07.222197+00:00,142.8,500,bid,YieldingYams,AverageAlmonds,7708840
2026-07-05T01:13:07.710937,2026-07-05T01:13:07.722512+00:00,142.8,125,ask,YieldingYams,AverageAlmonds,7708846
2026-07-05T01:13:11.135643,2026-07-05T01:13:11.144446+00:00,142.6,500,bid,YieldingYams,AverageAlmonds,7708897
2026-07-05T01:13:11.135643,2026-07-05T01:13:11.144446+00:00,142.6,125,bid,YieldingYams,WavyWalnuts,7708898
2026-07-05T01:13:12.292859,2026-07-05T01:13:12.296740+00:00,142.3,3,ask,WavyWalnuts,Xuanyu Liu,7708918
2026-07-05T01:13:14.416760,2026-07-05T01:13:14.420260+00:00,142.4,11,ask,WavyWalnuts,Xuanyu Liu,7708945
2026-07-05T01:13:14.637780,2026-07-05T01:13:14.646371+00:00,142.4,1,ask,WavyWalnuts,Kaleb Liu,7708947
2026-07-05T01:13:15.806733,2026-07-05T01:13:15.818573+00:00,142.4,20,ask,WavyWalnuts,BrilliantBurritos,7708963
2026-07-05T01:13:15.908551,2026-07-05T01:13:15.919999+00:00,142.4,25,ask,WavyWalnuts,Yinxuan Li,7708964
2026-07-05T01:13:16.352280,2026-07-05T01:13:16.353105+00:00,142.4,20,ask,WavyWalnuts,BrilliantBurritos,7708968
2026-07-05T01:13:20.289160,2026-07-05T01:13:20.297207+00:00,142.3,20,ask,YieldingYams,BrilliantBurritos,7709022
2026-07-05T01:13:21.669028,2026-07-05T01:13:21.680213+00:00,142.7,200,bid,WavyWalnuts,YieldingYams,7709039
2026-07-05T01:13:21.801582,2026-07-05T01:13:21.805069+00:00,142.7,14,bid,Xuanyu Liu,YieldingYams,7709042
2026-07-05T01:13:23.655323,2026-07-05T01:13:23.665725+00:00,142.6,1,bid,Kaleb Liu,YieldingYams,7709068
2026-07-05T01:13:24.094734,2026-07-05T01:13:24.104962+00:00,142.6,200,bid,WavyWalnuts,YieldingYams,7709076
2026-07-05T01:13:25.575655,2026-07-05T01:13:25.586438+00:00,142.6,200,bid,YieldingYams,WavyWalnuts,7709098
2026-07-05T01:13:26.650127,2026-07-05T01:13:26.658614+00:00,142.6,20,ask,YieldingYams,BrilliantBurritos,7709117
2026-07-05T01:13:30.992937,2026-07-05T01:13:31.000927+00:00,142.7,20,bid,BrilliantBurritos,WavyWalnuts,7709172
2026-07-05T01:13:31.970760,2026-07-05T01:13:31.979407+00:00,142.7,20,bid,BrilliantBurritos,WavyWalnuts,7709175
2026-07-05T01:13:34.998112,2026-07-05T01:13:35.009735+00:00,142.6,200,ask,YieldingYams,WavyWalnuts,7709205
2026-07-05T01:13:35.563478,2026-07-05T01:13:35.570452+00:00,142.6,425,ask,YieldingYams,AverageAlmonds,7709211
2026-07-05T01:13:36.069985,2026-07-05T01:13:36.073807+00:00,142.5,3,bid,Xuanyu Liu,YieldingYams,7709225
2026-07-05T01:13:37.613472,2026-07-05T01:13:37.617426+00:00,142.6,11,bid,Xuanyu Liu,YieldingYams,7709245
2026-07-05T01:13:37.994703,2026-07-05T01:13:38.011323+00:00,142.5,200,ask,WavyWalnuts,AverageAlmonds,7709255
2026-07-05T01:13:38.007898,2026-07-05T01:13:38.011323+00:00,142.5,12,bid,Xuanyu Liu,AverageAlmonds,7709257
2026-07-05T01:13:38.680372,2026-07-05T01:13:38.689662+00:00,142.5,1,bid,Kaleb Liu,AverageAlmonds,7709270
2026-07-05T01:13:40.942826,2026-07-05T01:13:40.949955+00:00,142.6,25,bid,Yinxuan Li,WavyWalnuts,7709295
2026-07-05T01:13:43.469229,2026-07-05T01:13:43.479255+00:00,142.6,200,bid,WavyWalnuts,YieldingYams,7709332
2026-07-05T01:13:44.686960,2026-07-05T01:13:44.695096+00:00,142.6,200,bid,WavyWalnuts,YieldingYams,7709353
2026-07-05T01:13:45.696637,2026-07-05T01:13:45.708159+00:00,142.3,2,ask,YieldingYams,Kaleb Liu,7709363
2026-07-05T01:13:47.706875,2026-07-05T01:13:47.722285+00:00,142.5,1,bid,Kaleb Liu,YieldingYams,7709394
2026-07-05T01:13:48.723339,2026-07-05T01:13:48.730132+00:00,142.4,1,bid,Kaleb Liu,YieldingYams,7709405
2026-07-05T01:13:49.550282,2026-07-05T01:13:49.553892+00:00,142.3,11,bid,Xuanyu Liu,WavyWalnuts,7709425
2026-07-05T01:13:49.733591,2026-07-05T01:13:49.745595+00:00,142.3,2,bid,Kaleb Liu,WavyWalnuts,7709429
2026-07-05T01:13:50.455001,2026-07-05T01:13:50.463647+00:00,142.3,187,bid,YieldingYams,WavyWalnuts,7709438
2026-07-05T01:13:50.957528,2026-07-05T01:13:50.964312+00:00,142.4,25,bid,Yinxuan Li,WavyWalnuts,7709451
2026-07-05T01:13:52.400388,2026-07-05T01:13:52.412344+00:00,142.3,20,bid,BrilliantBurritos,YieldingYams,7709473
2026-07-05T01:13:53.749994,2026-07-05T01:13:53.758532+00:00,142.3,1,bid,Kaleb Liu,WavyWalnuts,7709497
2026-07-05T01:13:55.761786,2026-07-05T01:13:55.773509+00:00,142.3,1,bid,Kaleb Liu,WavyWalnuts,7709534
2026-07-05T01:13:55.967846,2026-07-05T01:13:55.974469+00:00,142.3,25,bid,Yinxuan Li,WavyWalnuts,7709539
2026-07-05T01:13:56.778804,2026-07-05T01:13:56.787483+00:00,142.1,2,ask,WavyWalnuts,Kaleb Liu,7709549
2026-07-05T01:13:57.453511,2026-07-05T01:13:57.465172+00:00,142.4,20,bid,BrilliantBurritos,WavyWalnuts,7709567
2026-07-05T01:13:57.790045,2026-07-05T01:13:57.801895+00:00,142.2,1,ask,WavyWalnuts,Kaleb Liu,7709572
2026-07-05T01:13:59.007685,2026-07-05T01:13:59.019255+00:00,142.3,20,bid,BrilliantBurritos,YieldingYams,7709598
2026-07-05T01:14:01.003836,2026-07-05T01:14:01.032350+00:00,142.4,8,bid,Yinxuan Li,WavyWalnuts,7709632
2026-07-05T01:14:02.251682,2026-07-05T01:14:02.261390+00:00,142.3,200,bid,YieldingYams,WavyWalnuts,7709651
2026-07-05T01:14:02.804362,2026-07-05T01:14:02.815973+00:00,142.3,1,ask,YieldingYams,Kaleb Liu,7709658
2026-07-05T01:14:02.868142,2026-07-05T01:14:02.878761+00:00,142.3,200,ask,YieldingYams,WavyWalnuts,7709661
2026-07-05T01:14:04.871348,2026-07-05T01:14:04.880836+00:00,142.1,200,ask,WavyWalnuts,YieldingYams,7709693
2026-07-05T01:14:05.288026,2026-07-05T01:14:05.298452+00:00,142.1,200,bid,WavyWalnuts,YieldingYams,7709699
2026-07-05T01:14:06.081455,2026-07-05T01:14:06.085131+00:00,141.9,11,ask,YieldingYams,Xuanyu Liu,7709715
2026-07-05T01:14:06.191762,2026-07-05T01:14:06.195395+00:00,142.0,12,ask,YieldingYams,Xuanyu Liu,7709724
2026-07-05T01:14:07.506309,2026-07-05T01:14:07.510269+00:00,142.2,14,ask,YieldingYams,Xuanyu Liu,7709746
2026-07-05T01:14:08.823555,2026-07-05T01:14:08.831812+00:00,142.4,8,bid,Kaleb Liu,WavyWalnuts,7709769
2026-07-05T01:14:09.184822,2026-07-05T01:14:09.188236+00:00,142.4,14,bid,Xuanyu Liu,YieldingYams,7709777
2026-07-05T01:14:10.123188,2026-07-05T01:14:10.126843+00:00,142.3,12,bid,Xuanyu Liu,YieldingYams,7709800
2026-07-05T01:14:10.141226,2026-07-05T01:14:10.152892+00:00,142.3,200,bid,WavyWalnuts,YieldingYams,7709801
2026-07-05T01:14:11.024662,2026-07-05T01:14:11.031284+00:00,142.3,25,bid,Yinxuan Li,YieldingYams,7709816
2026-07-05T01:14:11.352698,2026-07-05T01:14:11.373978+00:00,142.3,200,bid,WavyWalnuts,YieldingYams,7709820
2026-07-05T01:14:11.905036,2026-07-05T01:14:11.915736+00:00,142.4,500,ask,YieldingYams,AverageAlmonds,7709829
2026-07-05T01:14:12.499490,2026-07-05T01:14:12.506225+00:00,142.4,125,ask,YieldingYams,AverageAlmonds,7709836
2026-07-05T01:14:12.728573,2026-07-05T01:14:12.739816+00:00,142.3,200,ask,WavyWalnuts,YieldingYams,7709845
2026-07-05T01:14:14.826996,2026-07-05T01:14:14.830816+00:00,142.1,12,ask,WavyWalnuts,Xuanyu Liu,7709875
2026-07-05T01:14:15.563967,2026-07-05T01:14:15.567456+00:00,142.0,11,ask,WavyWalnuts,Xuanyu Liu,7709886
2026-07-05T01:14:17.399071,2026-07-05T01:14:17.406565+00:00,142.2,200,bid,WavyWalnuts,YieldingYams,7709910
2026-07-05T01:14:21.907777,2026-07-05T01:14:21.911725+00:00,142.1,3,ask,YieldingYams,Xuanyu Liu,7709965
2026-07-05T01:14:22.250067,2026-07-05T01:14:22.258613+00:00,142.1,200,ask,YieldingYams,WavyWalnuts,7709969
2026-07-05T01:14:22.850114,2026-07-05T01:14:22.856878+00:00,142.1,4,ask,YieldingYams,Kaleb Liu,7709982
2026-07-05T01:14:24.518459,2026-07-05T01:14:24.525778+00:00,142.0,200,bid,YieldingYams,WavyWalnuts,7710008
2026-07-05T01:14:24.860626,2026-07-05T01:14:24.872445+00:00,142.1,1,ask,YieldingYams,Kaleb Liu,7710013
2026-07-05T01:14:25.870283,2026-07-05T01:14:25.881792+00:00,141.9,1,ask,WavyWalnuts,Kaleb Liu,7710031
2026-07-05T01:14:26.042755,2026-07-05T01:14:26.054500+00:00,142.0,25,ask,WavyWalnuts,Yinxuan Li,7710038
2026-07-05T01:14:27.072046,2026-07-05T01:14:27.080613+00:00,142.1,20,bid,BrilliantBurritos,YieldingYams,7710052
2026-07-05T01:14:28.208243,2026-07-05T01:14:28.211693+00:00,141.9,26,ask,WavyWalnuts,Xuanyu Liu,7710070
2026-07-05T01:14:28.888065,2026-07-05T01:14:28.896261+00:00,141.9,5,ask,YieldingYams,Kaleb Liu,7710080
2026-07-05T01:14:29.902828,2026-07-05T01:14:29.914340+00:00,142.1,1,bid,Kaleb Liu,WavyWalnuts,7710094
2026-07-05T01:14:31.964153,2026-07-05T01:14:31.974775+00:00,141.9,200,ask,YieldingYams,WavyWalnuts,7710130
2026-07-05T01:14:33.178451,2026-07-05T01:14:33.187236+00:00,141.9,200,ask,YieldingYams,WavyWalnuts,7710152
2026-07-05T01:14:34.920257,2026-07-05T01:14:34.929725+00:00,141.8,1,ask,WavyWalnuts,Kaleb Liu,7710170
2026-07-05T01:14:35.029019,2026-07-05T01:14:35.037515+00:00,141.8,199,ask,WavyWalnuts,YieldingYams,7710176
2026-07-05T01:14:35.029019,2026-07-05T01:14:35.037515+00:00,141.8,426,ask,AverageAlmonds,YieldingYams,7710177
2026-07-05T01:14:36.061744,2026-07-05T01:14:36.070551+00:00,141.8,25,ask,AverageAlmonds,Yinxuan Li,7710191
2026-07-05T01:14:36.931881,2026-07-05T01:14:36.943723+00:00,141.9,3,ask,YieldingYams,Kaleb Liu,7710201
2026-07-05T01:14:37.371923,2026-07-05T01:14:37.383469+00:00,141.9,20,ask,YieldingYams,BrilliantBurritos,7710206
2026-07-05T01:14:38.016019,2026-07-05T01:14:38.027109+00:00,142.0,200,ask,YieldingYams,WavyWalnuts,7710216
2026-07-05T01:14:40.439061,2026-07-05T01:14:40.446095+00:00,141.9,200,ask,YieldingYams,WavyWalnuts,7710247
2026-07-05T01:14:40.872358,2026-07-05T01:14:40.875477+00:00,141.9,11,ask,YieldingYams,Xuanyu Liu,7710249
2026-07-05T01:14:40.961780,2026-07-05T01:14:40.971903+00:00,141.9,5,ask,YieldingYams,Kaleb Liu,7710250
2026-07-05T01:14:41.072727,2026-07-05T01:14:41.084396+00:00,141.9,25,ask,YieldingYams,Yinxuan Li,7710255
2026-07-05T01:14:46.082799,2026-07-05T01:14:46.094438+00:00,141.7,25,ask,WavyWalnuts,Yinxuan Li,7710331
2026-07-05T01:14:46.809306,2026-07-05T01:14:46.819136+00:00,141.6,500,ask,AverageAlmonds,YieldingYams,7710342
2026-07-05T01:14:46.993834,2026-07-05T01:14:47.003908+00:00,141.6,125,bid,AverageAlmonds,YieldingYams,7710345
2026-07-05T01:14:48.115649,2026-07-05T01:14:48.124706+00:00,141.7,200,bid,YieldingYams,WavyWalnuts,7710357
2026-07-05T01:14:48.891598,2026-07-05T01:14:48.902259+00:00,141.7,200,ask,YieldingYams,WavyWalnuts,7710371
2026-07-05T01:14:51.098771,2026-07-05T01:14:51.112995+00:00,141.6,8,ask,YieldingYams,Yinxuan Li,7710394
2026-07-05T01:14:52.513720,2026-07-05T01:14:52.520604+00:00,141.6,200,ask,YieldingYams,WavyWalnuts,7710421
2026-07-05T01:14:54.645090,2026-07-05T01:14:54.658551+00:00,141.8,20,ask,YieldingYams,BrilliantBurritos,7710459
2026-07-05T01:14:56.137146,2026-07-05T01:14:56.144440+00:00,141.7,200,ask,YieldingYams,WavyWalnuts,7710488
2026-07-05T01:14:56.822141,2026-07-05T01:14:56.830819+00:00,142.0,20,bid,BrilliantBurritos,YieldingYams,7710503
2026-07-05T01:14:56.988675,2026-07-05T01:14:56.996032+00:00,142.0,5,bid,Kaleb Liu,YieldingYams,7710507
2026-07-05T01:14:57.343511,2026-07-05T01:14:57.358591+00:00,141.8,200,ask,YieldingYams,WavyWalnuts,7710518
2026-07-05T01:14:58.550380,2026-07-05T01:14:58.551227+00:00,141.8,200,ask,YieldingYams,WavyWalnuts,7710534
2026-07-05T01:14:58.999311,2026-07-05T01:14:59.006133+00:00,141.9,2,bid,Kaleb Liu,YieldingYams,7710536
2026-07-05T01:14:59.720073,2026-07-05T01:14:59.735092+00:00,141.9,20,bid,BrilliantBurritos,YieldingYams,7710543
2026-07-05T01:14:59.893086,2026-07-05T01:14:59.907651+00:00,141.8,200,bid,YieldingYams,WavyWalnuts,7710548
2026-07-05T01:15:01.209799,2026-07-05T01:15:01.218725+00:00,141.9,200,bid,YieldingYams,WavyWalnuts,7710560
2026-07-05T01:15:01.596895,2026-07-05T01:15:01.608990+00:00,141.9,20,ask,YieldingYams,BrilliantBurritos,7710565
2026-07-05T01:15:02.954650,2026-07-05T01:15:02.958675+00:00,142.0,23,bid,Xuanyu Liu,YieldingYams,7710584
2026-07-05T01:15:03.859333,2026-07-05T01:15:03.863030+00:00,141.9,11,bid,Xuanyu Liu,YieldingYams,7710598
2026-07-05T01:15:05.180002,2026-07-05T01:15:05.207111+00:00,141.8,200,ask,WavyWalnuts,YieldingYams,7710610
2026-07-05T01:15:05.203613,2026-07-05T01:15:05.207111+00:00,141.8,3,bid,Xuanyu Liu,YieldingYams,7710612
2026-07-05T01:15:06.165913,2026-07-05T01:15:06.169686+00:00,141.7,14,ask,WavyWalnuts,Xuanyu Liu,7710625
2026-07-05T01:15:07.968941,2026-07-05T01:15:07.980843+00:00,141.9,20,bid,BrilliantBurritos,WavyWalnuts,7710650
2026-07-05T01:15:08.250117,2026-07-05T01:15:08.254530+00:00,141.8,12,ask,WavyWalnuts,Xuanyu Liu,7710658
2026-07-05T01:15:09.020423,2026-07-05T01:15:09.032343+00:00,142.0,1,bid,Kaleb Liu,YieldingYams,7710671
2026-07-05T01:15:09.274889,2026-07-05T01:15:09.278607+00:00,142.0,12,bid,Xuanyu Liu,WavyWalnuts,7710675
2026-07-05T01:15:09.817016,2026-07-05T01:15:09.828815+00:00,142.0,20,bid,BrilliantBurritos,WavyWalnuts,7710686
2026-07-05T01:15:10.031822,2026-07-05T01:15:10.044097+00:00,141.9,1,ask,YieldingYams,Kaleb Liu,7710689
2026-07-05T01:15:10.436554,2026-07-05T01:15:10.444548+00:00,142.0,180,bid,YieldingYams,WavyWalnuts,7710693
2026-07-05T01:15:11.044659,2026-07-05T01:15:11.058633+00:00,142.1,1,bid,Kaleb Liu,WavyWalnuts,7710709
2026-07-05T01:15:11.672625,2026-07-05T01:15:11.675833+00:00,142.1,14,bid,Xuanyu Liu,WavyWalnuts,7710718
2026-07-05T01:15:14.301061,2026-07-05T01:15:14.311372+00:00,142.0,200,bid,WavyWalnuts,YieldingYams,7710756
2026-07-05T01:15:15.056695,2026-07-05T01:15:15.065033+00:00,141.9,1,ask,YieldingYams,Kaleb Liu,7710761
2026-07-05T01:15:15.691533,2026-07-05T01:15:15.700378+00:00,142.0,200,ask,WavyWalnuts,YieldingYams,7710770
2026-07-05T01:15:16.299120,2026-07-05T01:15:16.306634+00:00,142.0,20,bid,BrilliantBurritos,YieldingYams,7710778
2026-07-05T01:15:20.572358,2026-07-05T01:15:20.583876+00:00,142.0,20,ask,YieldingYams,BrilliantBurritos,7710839
2026-07-05T01:15:21.046442,2026-07-05T01:15:21.058574+00:00,142.1,20,bid,BrilliantBurritos,YieldingYams,7710849
2026-07-05T01:15:23.073165,2026-07-05T01:15:23.080263+00:00,142.2,1,bid,Kaleb Liu,YieldingYams,7710870
2026-07-05T01:15:23.554464,2026-07-05T01:15:23.563478+00:00,142.1,200,ask,WavyWalnuts,YieldingYams,7710887
2026-07-05T01:15:24.085081,2026-07-05T01:15:24.096987+00:00,142.0,1,ask,WavyWalnuts,Kaleb Liu,7710895
2026-07-05T01:15:25.095524,2026-07-05T01:15:25.107392+00:00,142.2,1,bid,Kaleb Liu,YieldingYams,7710911
2026-07-05T01:15:26.105467,2026-07-05T01:15:26.117012+00:00,142.2,1,bid,Kaleb Liu,YieldingYams,7710927
2026-07-05T01:15:27.114356,2026-07-05T01:15:27.126390+00:00,141.9,1,ask,YieldingYams,Kaleb Liu,7710946
2026-07-05T01:15:30.121277,2026-07-05T01:15:30.130274+00:00,142.1,200,ask,WavyWalnuts,YieldingYams,7710983
2026-07-05T01:15:31.237684,2026-07-05T01:15:31.247229+00:00,141.8,20,ask,YieldingYams,BrilliantBurritos,7710991
2026-07-05T01:15:32.130378,2026-07-05T01:15:32.142308+00:00,141.9,1,ask,WavyWalnuts,Kaleb Liu,7711004
2026-07-05T01:15:32.451117,2026-07-05T01:15:32.446594+00:00,142.1,200,bid,WavyWalnuts,YieldingYams,7711006
2026-07-05T01:15:33.140317,2026-07-05T01:15:33.158730+00:00,142.3,1,bid,Kaleb Liu,YieldingYams,7711020
2026-07-05T01:15:34.865937,2026-07-05T01:15:34.874233+00:00,142.2,200,bid,WavyWalnuts,YieldingYams,7711048
2026-07-05T01:15:36.668954,2026-07-05T01:15:36.677546+00:00,142.2,200,bid,YieldingYams,WavyWalnuts,7711073
2026-07-05T01:15:37.287079,2026-07-05T01:15:37.294108+00:00,142.3,200,ask,YieldingYams,WavyWalnuts,7711087
2026-07-05T01:15:38.159105,2026-07-05T01:15:38.171017+00:00,142.4,1,bid,Kaleb Liu,YieldingYams,7711101
2026-07-05T01:15:39.169905,2026-07-05T01:15:39.182995+00:00,142.4,1,bid,Kaleb Liu,YieldingYams,7711125
2026-07-05T01:15:40.943411,2026-07-05T01:15:40.951929+00:00,142.3,200,ask,YieldingYams,WavyWalnuts,7711150
2026-07-05T01:15:42.155003,2026-07-05T01:15:42.169137+00:00,142.2,20,ask,YieldingYams,BrilliantBurritos,7711157
2026-07-05T01:15:44.573082,2026-07-05T01:15:44.584756+00:00,142.1,200,ask,YieldingYams,WavyWalnuts,7711184
2026-07-05T01:15:51.052451,2026-07-05T01:15:51.058559+00:00,142.1,20,ask,WavyWalnuts,BrilliantBurritos,7711256
2026-07-05T01:15:51.112472,2026-07-05T01:15:51.120033+00:00,142.1,180,ask,WavyWalnuts,YieldingYams,7711258
2026-07-05T01:15:52.422339,2026-07-05T01:15:52.430565+00:00,142.2,200,bid,YieldingYams,WavyWalnuts,7711282
2026-07-05T01:15:53.042419,2026-07-05T01:15:53.058804+00:00,142.2,200,ask,YieldingYams,WavyWalnuts,7711289
2026-07-05T01:15:53.744606,2026-07-05T01:15:53.751017+00:00,142.0,200,ask,WavyWalnuts,YieldingYams,7711295
2026-07-05T01:15:54.211663,2026-07-05T01:15:54.220616+00:00,141.6,2,ask,YieldingYams,Kaleb Liu,7711299
2026-07-05T01:15:54.246295,2026-07-05T01:15:54.258564+00:00,141.9,200,bid,WavyWalnuts,YieldingYams,7711301
2026-07-05T01:15:55.221022,2026-07-05T01:15:55.232994+00:00,142.0,1,bid,Kaleb Liu,YieldingYams,7711318
2026-07-05T01:15:55.457093,2026-07-05T01:15:55.468687+00:00,142.0,200,bid,WavyWalnuts,YieldingYams,7711323
2026-07-05T01:15:56.836158,2026-07-05T01:15:56.840250+00:00,142.1,26,ask,WavyWalnuts,Xuanyu Liu,7711341
2026-07-05T01:15:57.248321,2026-07-05T01:15:57.258605+00:00,142.1,3,ask,WavyWalnuts,Kaleb Liu,7711346
2026-07-05T01:15:57.671726,2026-07-05T01:15:57.679992+00:00,142.1,171,ask,WavyWalnuts,YieldingYams,7711358
2026-07-05T01:15:59.259074,2026-07-05T01:15:59.271160+00:00,142.1,2,bid,Kaleb Liu,YieldingYams,7711377
2026-07-05T01:16:00.272277,2026-07-05T01:16:00.279744+00:00,142.1,1,bid,Kaleb Liu,YieldingYams,7711391
2026-07-05T01:16:02.712629,2026-07-05T01:16:02.720574+00:00,142.1,200,ask,YieldingYams,WavyWalnuts,7711422
2026-07-05T01:16:03.005782,2026-07-05T01:16:03.017592+00:00,142.1,20,bid,BrilliantBurritos,YieldingYams,7711428
2026-07-05T01:16:06.240273,2026-07-05T01:16:06.244164+00:00,142.2,12,bid,Xuanyu Liu,WavyWalnuts,7711488
2026-07-05T01:16:09.054092,2026-07-05T01:16:09.065163+00:00,142.1,20,ask,WavyWalnuts,BrilliantBurritos,7711527
2026-07-05T01:16:12.649901,2026-07-05T01:16:12.654370+00:00,142.3,14,bid,Xuanyu Liu,WavyWalnuts,7711571
2026-07-05T01:16:13.623417,2026-07-05T01:16:13.630693+00:00,142.2,200,ask,AverageAlmonds,WavyWalnuts,7711587
2026-07-05T01:16:14.555381,2026-07-05T01:16:14.568902+00:00,142.4,20,bid,BrilliantBurritos,YieldingYams,7711594
2026-07-05T01:16:16.042610,2026-07-05T01:16:16.058575+00:00,142.3,200,ask,AverageAlmonds,WavyWalnuts,7711623
2026-07-05T01:16:16.297285,2026-07-05T01:16:16.305761+00:00,142.3,1,ask,AverageAlmonds,Kaleb Liu,7711625
2026-07-05T01:16:17.306420,2026-07-05T01:16:17.318182+00:00,142.3,1,ask,WavyWalnuts,Kaleb Liu,7711646
2026-07-05T01:16:20.887925,2026-07-05T01:16:20.895450+00:00,142.5,200,bid,WavyWalnuts,YieldingYams,7711696
2026-07-05T01:16:22.100077,2026-07-05T01:16:22.111061+00:00,142.6,200,ask,YieldingYams,WavyWalnuts,7711710
2026-07-05T01:16:23.311258,2026-07-05T01:16:23.321430+00:00,142.6,200,ask,YieldingYams,WavyWalnuts,7711726
2026-07-05T01:16:24.325046,2026-07-05T01:16:24.336885+00:00,142.7,1,bid,Kaleb Liu,YieldingYams,7711741
2026-07-05T01:16:26.338031,2026-07-05T01:16:26.345956+00:00,142.7,1,bid,Kaleb Liu,YieldingYams,7711763
2026-07-05T01:16:26.944689,2026-07-05T01:16:26.955258+00:00,142.5,200,ask,YieldingYams,WavyWalnuts,7711773
2026-07-05T01:16:30.455091,2026-07-05T01:16:30.468718+00:00,142.3,500,ask,AverageAlmonds,YieldingYams,7711825
2026-07-05T01:16:30.514181,2026-07-05T01:16:30.523248+00:00,142.3,125,bid,AverageAlmonds,YieldingYams,7711826
2026-07-05T01:16:30.514181,2026-07-05T01:16:30.523248+00:00,142.4,200,bid,AverageAlmonds,WavyWalnuts,7711827
2026-07-05T01:16:30.552963,2026-07-05T01:16:30.560896+00:00,143.2,20,bid,BrilliantBurritos,AverageAlmonds,7711828
2026-07-05T01:16:30.571567,2026-07-05T01:16:30.581784+00:00,142.4,175,ask,AverageAlmonds,WavyWalnuts,7711829
2026-07-05T01:16:31.116757,2026-07-05T01:16:31.123392+00:00,142.4,25,bid,AverageAlmonds,WavyWalnuts,7711832
2026-07-05T01:16:31.140668,2026-07-05T01:16:31.144115+00:00,142.4,3,ask,AverageAlmonds,Xuanyu Liu,7711834
2026-07-05T01:16:31.808977,2026-07-05T01:16:31.812352+00:00,142.6,3,bid,Xuanyu Liu,WavyWalnuts,7711858
2026-07-05T01:16:33.000234,2026-07-05T01:16:33.010742+00:00,142.5,200,ask,YieldingYams,WavyWalnuts,7711871
2026-07-05T01:16:33.544022,2026-07-05T01:16:33.555730+00:00,142.5,20,bid,BrilliantBurritos,YieldingYams,7711875
2026-07-05T01:16:37.845279,2026-07-05T01:16:37.851818+00:00,142.5,200,ask,YieldingYams,WavyWalnuts,7711922
2026-07-05T01:16:38.367925,2026-07-05T01:16:38.377833+00:00,142.5,1,bid,Kaleb Liu,YieldingYams,7711927
2026-07-05T01:16:39.054420,2026-07-05T01:16:39.058616+00:00,142.3,200,ask,YieldingYams,WavyWalnuts,7711939
2026-07-05T01:16:42.297705,2026-07-05T01:16:42.305735+00:00,142.3,500,ask,AverageAlmonds,YieldingYams,7712008
2026-07-05T01:16:42.631261,2026-07-05T01:16:42.642649+00:00,142.3,125,bid,AverageAlmonds,YieldingYams,7712014
2026-07-05T01:16:43.242424,2026-07-05T01:16:43.243870+00:00,142.4,200,bid,AverageAlmonds,WavyWalnuts,7712018
2026-07-05T01:16:46.238376,2026-07-05T01:16:46.247393+00:00,142.4,500,ask,AverageAlmonds,YieldingYams,7712052
2026-07-05T01:16:46.280431,2026-07-05T01:16:46.291111+00:00,142.4,125,bid,AverageAlmonds,YieldingYams,7712054
2026-07-05T01:16:48.100724,2026-07-05T01:16:48.111495+00:00,142.6,200,bid,AverageAlmonds,WavyWalnuts,7712076
2026-07-05T01:16:50.184531,2026-07-05T01:16:50.194173+00:00,142.6,500,ask,AverageAlmonds,YieldingYams,7712108
2026-07-05T01:16:51.190179,2026-07-05T01:16:51.201751+00:00,142.6,125,bid,WavyWalnuts,YieldingYams,7712129
2026-07-05T01:16:51.490457,2026-07-05T01:16:51.511832+00:00,142.8,200,bid,YieldingYams,WavyWalnuts,7712132
2026-07-05T01:16:51.508650,2026-07-05T01:16:51.511832+00:00,142.8,3,ask,YieldingYams,Xuanyu Liu,7712134
2026-07-05T01:16:53.796039,2026-07-05T01:16:53.799953+00:00,142.9,3,bid,Xuanyu Liu,YieldingYams,7712163
2026-07-05T01:16:54.129653,2026-07-05T01:16:54.133592+00:00,142.8,3,bid,Xuanyu Liu,YieldingYams,7712171
2026-07-05T01:16:54.352021,2026-07-05T01:16:54.358662+00:00,142.7,20,ask,WavyWalnuts,BrilliantBurritos,7712182
2026-07-05T01:16:54.818731,2026-07-05T01:16:54.828235+00:00,142.8,200,bid,WavyWalnuts,YieldingYams,7712189
2026-07-05T01:16:55.400505,2026-07-05T01:16:55.412053+00:00,142.6,4,ask,YieldingYams,Kaleb Liu,7712197
2026-07-05T01:16:56.053582,2026-07-05T01:16:56.065353+00:00,142.7,200,bid,WavyWalnuts,YieldingYams,7712208
2026-07-05T01:16:56.749244,2026-07-05T01:16:56.752969+00:00,142.8,3,ask,YieldingYams,Xuanyu Liu,7712216
2026-07-05T01:16:56.846293,2026-07-05T01:16:56.854426+00:00,142.8,20,ask,YieldingYams,BrilliantBurritos,7712218
2026-07-05T01:16:58.038143,2026-07-05T01:16:58.048366+00:00,142.9,200,bid,YieldingYams,WavyWalnuts,7712226
2026-07-05T01:16:59.364933,2026-07-05T01:16:59.368310+00:00,142.9,3,bid,Xuanyu Liu,YieldingYams,7712246
2026-07-05T01:16:59.412331,2026-07-05T01:16:59.424183+00:00,142.9,2,bid,Kaleb Liu,YieldingYams,7712247
2026-07-05T01:17:00.422190,2026-07-05T01:17:00.433945+00:00,142.9,1,bid,Kaleb Liu,YieldingYams,7712260
2026-07-05T01:17:00.658811,2026-07-05T01:17:00.666849+00:00,142.8,200,ask,WavyWalnuts,YieldingYams,7712264
2026-07-05T01:17:00.678137,2026-07-05T01:17:00.682550+00:00,142.8,11,bid,Xuanyu Liu,YieldingYams,7712267
2026-07-05T01:17:00.906997,2026-07-05T01:17:00.916409+00:00,142.8,200,bid,WavyWalnuts,YieldingYams,7712274
2026-07-05T01:17:01.243201,2026-07-05T01:17:01.258833+00:00,142.8,25,bid,Yinxuan Li,YieldingYams,7712281
2026-07-05T01:17:01.434389,2026-07-05T01:17:01.442828+00:00,142.8,1,bid,Kaleb Liu,YieldingYams,7712282
2026-07-05T01:17:02.117683,2026-07-05T01:17:02.128966+00:00,142.9,200,ask,YieldingYams,WavyWalnuts,7712292
2026-07-05T01:17:03.258961,2026-07-05T01:17:03.268705+00:00,142.9,425,ask,YieldingYams,AverageAlmonds,7712310
2026-07-05T01:17:03.292095,2026-07-05T01:17:03.295564+00:00,142.9,12,bid,Xuanyu Liu,AverageAlmonds,7712314
2026-07-05T01:17:03.445089,2026-07-05T01:17:03.451562+00:00,142.9,1,bid,Kaleb Liu,AverageAlmonds,7712318
2026-07-05T01:17:04.585354,2026-07-05T01:17:04.605688+00:00,142.8,200,ask,WavyWalnuts,YieldingYams,7712328
2026-07-05T01:17:04.601984,2026-07-05T01:17:04.605688+00:00,142.8,11,bid,Xuanyu Liu,YieldingYams,7712330
2026-07-05T01:17:05.455631,2026-07-05T01:17:05.467385+00:00,142.8,2,bid,Kaleb Liu,YieldingYams,7712339
2026-07-05T01:17:05.741245,2026-07-05T01:17:05.750528+00:00,142.8,200,bid,WavyWalnuts,YieldingYams,7712347
2026-07-05T01:17:05.909000,2026-07-05T01:17:05.913257+00:00,142.9,11,ask,YieldingYams,Xuanyu Liu,7712350
2026-07-05T01:17:08.529901,2026-07-05T01:17:08.533984+00:00,143.0,12,ask,YieldingYams,Xuanyu Liu,7712392
2026-07-05T01:17:10.472411,2026-07-05T01:17:10.484395+00:00,143.0,1,ask,YieldingYams,Kaleb Liu,7712420
2026-07-05T01:17:12.451819,2026-07-05T01:17:12.453509+00:00,143.1,200,ask,WavyWalnuts,YieldingYams,7712454
2026-07-05T01:17:12.474819,2026-07-05T01:17:12.478854+00:00,142.9,23,bid,Xuanyu Liu,YieldingYams,7712456
2026-07-05T01:17:12.498773,2026-07-05T01:17:12.510172+00:00,142.9,2,bid,Kaleb Liu,YieldingYams,7712459
2026-07-05T01:17:12.995996,2026-07-05T01:17:13.006050+00:00,142.9,200,bid,WavyWalnuts,YieldingYams,7712468
2026-07-05T01:17:13.508931,2026-07-05T01:17:13.521080+00:00,142.9,1,bid,Kaleb Liu,YieldingYams,7712478
2026-07-05T01:17:15.524023,2026-07-05T01:17:15.535840+00:00,142.9,2,ask,WavyWalnuts,Kaleb Liu,7712511
2026-07-05T01:17:16.532830,2026-07-05T01:17:16.544684+00:00,142.9,1,ask,WavyWalnuts,Kaleb Liu,7712532
2026-07-05T01:17:19.004911,2026-07-05T01:17:19.012644+00:00,143.2,200,bid,YieldingYams,WavyWalnuts,7712568
2026-07-05T01:17:19.004911,2026-07-05T01:17:19.017953+00:00,143.2,425,bid,YieldingYams,AverageAlmonds,7712569
2026-07-05T01:17:22.023886,2026-07-05T01:17:22.033311+00:00,143.1,200,ask,WavyWalnuts,AverageAlmonds,7712611
2026-07-05T01:17:22.290986,2026-07-05T01:17:22.294711+00:00,143.0,23,ask,YieldingYams,Xuanyu Liu,7712615
2026-07-05T01:17:25.552958,2026-07-05T01:17:25.558577+00:00,142.9,1,ask,WavyWalnuts,Kaleb Liu,7712663
2026-07-05T01:17:28.613476,2026-07-05T01:17:28.617274+00:00,143.0,14,ask,YieldingYams,Xuanyu Liu,7712720
2026-07-05T01:17:31.095909,2026-07-05T01:17:31.102835+00:00,143.0,500,ask,YieldingYams,AverageAlmonds,7712748
2026-07-05T01:17:31.273108,2026-07-05T01:17:31.280994+00:00,143.0,25,ask,YieldingYams,Yinxuan Li,7712750
2026-07-05T01:17:31.691225,2026-07-05T01:17:31.699980+00:00,143.0,100,ask,YieldingYams,AverageAlmonds,7712753
2026-07-05T01:17:31.691225,2026-07-05T01:17:31.699980+00:00,143.0,200,ask,WavyWalnuts,AverageAlmonds,7712754
2026-07-05T01:17:32.386964,2026-07-05T01:17:32.394981+00:00,142.8,200,bid,WavyWalnuts,YieldingYams,7712769
2026-07-05T01:17:33.597236,2026-07-05T01:17:33.604341+00:00,142.9,200,bid,WavyWalnuts,YieldingYams,7712790
2026-07-05T01:17:34.810071,2026-07-05T01:17:34.817340+00:00,142.9,200,bid,WavyWalnuts,AverageAlmonds,7712808
2026-07-05T01:17:36.034065,2026-07-05T01:17:36.042340+00:00,143.0,500,bid,YieldingYams,AverageAlmonds,7712820
2026-07-05T01:17:36.034065,2026-07-05T01:17:36.042340+00:00,143.0,125,bid,YieldingYams,WavyWalnuts,7712821
2026-07-05T01:17:36.910891,2026-07-05T01:17:36.922576+00:00,142.7,20,ask,WavyWalnuts,BrilliantBurritos,7712836
2026-07-05T01:17:37.344575,2026-07-05T01:17:37.352417+00:00,142.7,200,ask,WavyWalnuts,YieldingYams,7712843
2026-07-05T01:17:38.438306,2026-07-05T01:17:38.458568+00:00,142.6,200,bid,WavyWalnuts,YieldingYams,7712856
2026-07-05T01:17:39.961083,2026-07-05T01:17:39.969313+00:00,142.7,200,ask,WavyWalnuts,YieldingYams,7712879
2026-07-05T01:17:42.063712,2026-07-05T01:17:42.072368+00:00,142.6,200,bid,WavyWalnuts,YieldingYams,7712904
2026-07-05T01:17:42.576762,2026-07-05T01:17:42.583711+00:00,142.7,500,bid,YieldingYams,AverageAlmonds,7712914
2026-07-05T01:17:42.601459,2026-07-05T01:17:42.610087+00:00,142.8,125,ask,YieldingYams,AverageAlmonds,7712915
2026-07-05T01:17:43.271303,2026-07-05T01:17:43.279708+00:00,142.6,200,bid,WavyWalnuts,AverageAlmonds,7712921
2026-07-05T01:17:46.546865,2026-07-05T01:17:46.558545+00:00,142.5,200,ask,WavyWalnuts,YieldingYams,7712968
2026-07-05T01:17:55.367065,2026-07-05T01:17:55.375147+00:00,142.4,200,ask,YieldingYams,WavyWalnuts,7713098
2026-07-05T01:17:57.026393,2026-07-05T01:17:57.029647+00:00,142.4,3,bid,Xuanyu Liu,WavyWalnuts,7713125
2026-07-05T01:17:59.134845,2026-07-05T01:17:59.158586+00:00,142.4,20,bid,BrilliantBurritos,YieldingYams,7713154
2026-07-05T01:18:00.210710,2026-07-05T01:18:00.221820+00:00,142.4,200,ask,YieldingYams,WavyWalnuts,7713173
2026-07-05T01:18:02.604303,2026-07-05T01:18:02.608132+00:00,142.6,11,bid,Xuanyu Liu,WavyWalnuts,7713214
2026-07-05T01:18:02.639215,2026-07-05T01:18:02.657386+00:00,142.5,1,bid,Kaleb Liu,WavyWalnuts,7713215
2026-07-05T01:18:02.653796,2026-07-05T01:18:02.657386+00:00,142.5,12,bid,Xuanyu Liu,WavyWalnuts,7713218
2026-07-05T01:18:03.084932,2026-07-05T01:18:03.097013+00:00,142.4,20,ask,YieldingYams,BrilliantBurritos,7713220
2026-07-05T01:18:06.312671,2026-07-05T01:18:06.319818+00:00,142.5,25,bid,Yinxuan Li,YieldingYams,7713263
2026-07-05T01:18:09.901516,2026-07-05T01:18:09.910926+00:00,142.4,200,ask,YieldingYams,WavyWalnuts,7713322
2026-07-05T01:18:11.326841,2026-07-05T01:18:11.337628+00:00,142.5,25,bid,Yinxuan Li,YieldingYams,7713342
2026-07-05T01:18:12.841586,2026-07-05T01:18:12.845063+00:00,142.6,11,bid,Xuanyu Liu,AverageAlmonds,7713364
