timestamp,recv_time,price,volume,aggressor_side,buyer,seller,trade_id
2026-06-29T14:00:00.744472,2026-06-29T04:00:01.269007+00:00,99.1,200,bid,,,12061595
2026-06-29T14:00:03.158247,2026-06-29T04:00:03.687842+00:00,99.1,35,bid,,,12061645
2026-06-29T14:00:03.247400,2026-06-29T04:00:03.775833+00:00,99.1,25,bid,,,12061650
2026-06-29T14:00:03.250497,2026-06-29T04:00:03.775833+00:00,99.1,35,bid,,,12061651
2026-06-29T14:00:03.280787,2026-06-29T04:00:03.808833+00:00,99.1,5,bid,,,12061654
2026-06-29T14:00:04.390919,2026-06-29T04:00:04.919347+00:00,99.0,4,ask,,,12061673
2026-06-29T14:00:04.390919,2026-06-29T04:00:04.919347+00:00,99.0,196,ask,,,12061674
2026-06-29T14:00:04.759593,2026-06-29T04:00:05.282356+00:00,99.0,4,ask,,,12061679
2026-06-29T14:00:06.068416,2026-06-29T04:00:06.591138+00:00,98.9,2,ask,,,12061700
2026-06-29T14:00:06.068416,2026-06-29T04:00:06.591138+00:00,98.9,200,ask,,,12061701
2026-06-29T14:00:09.262678,2026-06-29T04:00:09.790832+00:00,99.0,25,ask,,,12061760
2026-06-29T14:00:09.292498,2026-06-29T04:00:09.823824+00:00,99.0,35,ask,,,12061763
2026-06-29T14:00:09.296175,2026-06-29T04:00:09.823824+00:00,99.0,25,ask,,,12061764
2026-06-29T14:00:09.380692,2026-06-29T04:00:09.911823+00:00,99.0,15,ask,,,12061767
2026-06-29T14:00:17.055304,2026-06-29T04:00:17.585487+00:00,98.9,1,ask,,,12061920
2026-06-29T14:00:17.384189,2026-06-29T04:00:17.915487+00:00,98.9,10,ask,,,12061926
2026-06-29T14:00:17.686135,2026-06-29T04:00:18.212479+00:00,98.9,25,ask,,,12061933
2026-06-29T14:00:17.722530,2026-06-29T04:00:18.256479+00:00,98.9,35,ask,,,12061937
2026-06-29T14:00:17.727813,2026-06-29T04:00:18.256479+00:00,98.9,25,ask,,,12061938
2026-06-29T14:00:17.811821,2026-06-29T04:00:18.333488+00:00,98.9,4,ask,,,12061942
2026-06-29T14:00:22.558038,2026-06-29T04:00:23.093056+00:00,99.3,2,bid,,,12062051
2026-06-29T14:00:22.558038,2026-06-29T04:00:23.093056+00:00,99.3,1,bid,,,12062052
2026-06-29T14:00:22.558038,2026-06-29T04:00:23.093056+00:00,99.3,197,bid,,,12062053
2026-06-29T14:00:23.144838,2026-06-29T04:00:23.674222+00:00,99.1,2,ask,,,12062067
2026-06-29T14:00:23.145051,2026-06-29T04:00:23.674222+00:00,99.1,5,ask,,,12062068
2026-06-29T14:00:23.150201,2026-06-29T04:00:23.685222+00:00,99.1,25,ask,,,12062069
2026-06-29T14:00:23.773194,2026-06-29T04:00:24.301103+00:00,99.3,200,bid,,,12062086
2026-06-29T14:00:23.968782,2026-06-29T04:00:24.499103+00:00,99.1,2,ask,,,12062091
2026-06-29T14:00:24.175053,2026-06-29T04:00:24.696104+00:00,99.1,2,ask,,,12062096
2026-06-29T14:00:24.379837,2026-06-29T04:00:24.905222+00:00,99.1,2,ask,,,12062101
2026-06-29T14:00:24.584749,2026-06-29T04:00:25.114103+00:00,99.3,2,ask,,,12062110
2026-06-29T14:00:24.790916,2026-06-29T04:00:25.312104+00:00,99.3,2,ask,,,12062117
2026-06-29T14:00:24.997288,2026-06-29T04:00:25.521103+00:00,99.3,2,ask,,,12062120
2026-06-29T14:00:25.261427,2026-06-29T04:00:25.785222+00:00,99.3,2,ask,,,12062132
2026-06-29T14:00:25.467177,2026-06-29T04:00:25.994222+00:00,99.3,2,ask,,,12062138
2026-06-29T14:00:25.677143,2026-06-29T04:00:26.202693+00:00,99.3,2,ask,,,12062144
2026-06-29T14:00:27.013966,2026-06-29T04:00:27.544702+00:00,99.5,20,bid,,,12062176
2026-06-29T14:00:27.420031,2026-06-29T04:00:27.951702+00:00,99.3,200,ask,,,12062191
2026-06-29T14:00:28.625683,2026-06-29T04:00:29.149794+00:00,99.3,6,bid,,,12062203
2026-06-29T14:00:29.352175,2026-06-29T04:00:29.875794+00:00,99.4,35,bid,,,12062221
2026-06-29T14:00:29.376377,2026-06-29T04:00:29.908794+00:00,99.4,25,bid,,,12062224
2026-06-29T14:00:29.440803,2026-06-29T04:00:29.963803+00:00,99.4,35,bid,,,12062229
2026-06-29T14:00:29.492712,2026-06-29T04:00:30.018803+00:00,99.4,25,bid,,,12062234
2026-06-29T14:00:29.528900,2026-06-29T04:00:30.051803+00:00,99.4,30,bid,,,12062235
2026-06-29T14:00:29.677503,2026-06-29T04:00:30.205795+00:00,99.3,194,ask,,,12062239
2026-06-29T14:00:29.696949,2026-06-29T04:00:30.227794+00:00,99.3,20,bid,,,12062241
2026-06-29T14:00:29.832887,2026-06-29T04:00:30.359794+00:00,99.3,200,bid,,,12062248
2026-06-29T14:00:30.987178,2026-06-29T04:00:31.514308+00:00,99.4,2,bid,,,12062271
2026-06-29T14:00:31.041207,2026-06-29T04:00:31.569308+00:00,99.4,200,ask,,,12062275
2026-06-29T14:00:32.251337,2026-06-29T04:00:32.779317+00:00,99.4,200,ask,,,12062301
2026-06-29T14:00:33.387287,2026-06-29T04:00:33.911846+00:00,99.2,20,ask,,,12062314
2026-06-29T14:00:33.615293,2026-06-29T04:00:34.142855+00:00,99.3,200,ask,,,12062322
2026-06-29T14:00:34.927550,2026-06-29T04:00:35.456855+00:00,99.4,6,bid,,,12062349
2026-06-29T14:00:34.927550,2026-06-29T04:00:35.456855+00:00,99.4,200,bid,,,12062350
2026-06-29T14:00:34.991781,2026-06-29T04:00:35.522855+00:00,99.4,25,ask,,,12062351
2026-06-29T14:00:35.002154,2026-06-29T04:00:35.533855+00:00,99.4,35,ask,,,12062354
2026-06-29T14:00:35.091395,2026-06-29T04:00:35.621855+00:00,99.4,35,ask,,,12062356
2026-06-29T14:00:35.107693,2026-06-29T04:00:35.632855+00:00,99.4,25,ask,,,12062358
2026-06-29T14:00:35.730520,2026-06-29T04:00:36.259866+00:00,99.5,1,bid,,,12062375
2026-06-29T14:00:35.730520,2026-06-29T04:00:36.259866+00:00,99.5,1,bid,,,12062376
2026-06-29T14:00:35.878669,2026-06-29T04:00:36.402866+00:00,99.5,9,bid,,,12062377
2026-06-29T14:00:35.902529,2026-06-29T04:00:36.424866+00:00,99.5,5,ask,,,12062380
2026-06-29T14:00:35.936146,2026-06-29T04:00:36.457867+00:00,99.6,2,bid,,,12062381
2026-06-29T14:00:36.141743,2026-06-29T04:00:36.666866+00:00,99.6,2,bid,,,12062383
2026-06-29T14:00:36.243464,2026-06-29T04:00:36.765875+00:00,99.5,186,ask,,,12062386
2026-06-29T14:00:36.347065,2026-06-29T04:00:36.875875+00:00,99.5,2,bid,,,12062390
2026-06-29T14:00:36.551758,2026-06-29T04:00:37.073875+00:00,99.4,2,bid,,,12062397
2026-06-29T14:00:36.758290,2026-06-29T04:00:37.282866+00:00,99.4,2,bid,,,12062403
2026-06-29T14:00:36.962638,2026-06-29T04:00:37.491866+00:00,99.4,2,bid,,,12062410
2026-06-29T14:00:37.087206,2026-06-29T04:00:37.612866+00:00,99.4,2,bid,,,12062412
2026-06-29T14:00:37.087206,2026-06-29T04:00:37.612866+00:00,99.5,198,bid,,,12062413
2026-06-29T14:00:37.554105,2026-06-29T04:00:38.085866+00:00,99.4,7,bid,,,12062415
2026-06-29T14:00:37.554105,2026-06-29T04:00:38.085866+00:00,99.5,500,bid,,,12062416
2026-06-29T14:00:38.873242,2026-06-29T04:00:39.416410+00:00,99.4,200,ask,,,12062444
2026-06-29T14:00:39.506528,2026-06-29T04:00:40.032419+00:00,99.4,200,bid,,,12062453
2026-06-29T14:00:40.182392,2026-06-29T04:00:40.713933+00:00,99.5,1,bid,,,12062478
2026-06-29T14:00:40.182392,2026-06-29T04:00:40.713933+00:00,99.6,6,bid,,,12062479
2026-06-29T14:00:40.182392,2026-06-29T04:00:40.713933+00:00,99.6,200,bid,,,12062480
2026-06-29T14:00:40.182392,2026-06-29T04:00:40.713933+00:00,99.7,418,bid,,,12062481
2026-06-29T14:00:42.807326,2026-06-29T04:00:43.342938+00:00,99.4,200,ask,,,12062518
2026-06-29T14:00:45.565499,2026-06-29T04:00:46.089213+00:00,99.4,200,ask,,,12062546
2026-06-29T14:00:46.013754,2026-06-29T04:00:46.540094+00:00,99.6,1,bid,,,12062554
2026-06-29T14:00:46.013754,2026-06-29T04:00:46.540094+00:00,99.6,19,bid,,,12062555
2026-06-29T14:00:49.353409,2026-06-29T04:00:49.882150+00:00,99.4,2,ask,,,12062597
2026-06-29T14:00:50.411149,2026-06-29T04:00:50.949158+00:00,99.3,35,bid,,,12062613
2026-06-29T14:00:50.436389,2026-06-29T04:00:50.960158+00:00,99.3,21,bid,,,12062616
2026-06-29T14:00:51.615101,2026-06-29T04:00:52.147268+00:00,99.4,200,bid,,,12062636
2026-06-29T14:00:52.973582,2026-06-29T04:00:53.498833+00:00,99.5,1,bid,,,12062660
2026-06-29T14:00:52.973582,2026-06-29T04:00:53.498833+00:00,99.5,19,bid,,,12062661
2026-06-29T14:00:56.554870,2026-06-29T04:00:57.083533+00:00,99.3,20,ask,,,12062729
2026-06-29T14:00:57.205832,2026-06-29T04:00:57.732428+00:00,99.3,20,ask,,,12062748
2026-06-29T14:00:58.209751,2026-06-29T04:00:58.731171+00:00,99.4,200,bid,,,12062771
2026-06-29T14:01:00.041598,2026-06-29T04:01:00.568180+00:00,99.5,35,ask,,,12062812
2026-06-29T14:01:00.062444,2026-06-29T04:01:00.590180+00:00,99.5,25,ask,,,12062814
2026-06-29T14:01:00.076930,2026-06-29T04:01:00.601180+00:00,99.6,20,bid,,,12062816
2026-06-29T14:01:00.095412,2026-06-29T04:01:00.623170+00:00,99.5,200,ask,,,12062819
2026-06-29T14:01:00.130082,2026-06-29T04:01:00.656171+00:00,99.5,5,ask,,,12062821
2026-06-29T14:01:01.015849,2026-06-29T04:01:01.545180+00:00,99.6,2,bid,,,12062839
2026-06-29T14:01:01.015849,2026-06-29T04:01:01.545180+00:00,99.6,33,bid,,,12062840
2026-06-29T14:01:01.077044,2026-06-29T04:01:01.600180+00:00,99.6,14,bid,,,12062843
2026-06-29T14:01:01.302924,2026-06-29T04:01:01.831170+00:00,99.6,200,ask,,,12062848
2026-06-29T14:01:01.409436,2026-06-29T04:01:01.941180+00:00,99.6,25,ask,,,12062849
2026-06-29T14:01:01.423317,2026-06-29T04:01:01.952180+00:00,99.7,2,bid,,,12062852
2026-06-29T14:01:02.037054,2026-06-29T04:01:02.568180+00:00,99.7,2,bid,,,12062873
2026-06-29T14:01:02.242048,2026-06-29T04:01:02.765678+00:00,99.8,2,bid,,,12062878
2026-06-29T14:01:02.447933,2026-06-29T04:01:02.974686+00:00,99.8,2,bid,,,12062883
2026-06-29T14:01:02.654507,2026-06-29T04:01:03.183686+00:00,99.6,2,bid,,,12062887
2026-06-29T14:01:02.862953,2026-06-29T04:01:03.392686+00:00,99.6,2,bid,,,12062890
2026-06-29T14:01:03.069212,2026-06-29T04:01:03.600383+00:00,99.6,2,bid,,,12062896
2026-06-29T14:01:03.274275,2026-06-29T04:01:03.798382+00:00,99.6,2,bid,,,12062897
2026-06-29T14:01:03.478595,2026-06-29T04:01:04.007382+00:00,99.6,2,bid,,,12062902
2026-06-29T14:01:03.684554,2026-06-29T04:01:04.216391+00:00,99.6,1,bid,,,12062907
2026-06-29T14:01:06.132991,2026-06-29T04:01:06.657949+00:00,99.7,2,bid,,,12062960
2026-06-29T14:01:06.132991,2026-06-29T04:01:06.657949+00:00,99.7,198,bid,,,12062961
2026-06-29T14:01:07.363450,2026-06-29T04:01:07.889961+00:00,99.8,35,bid,,,12062991
2026-06-29T14:01:07.452350,2026-06-29T04:01:07.977970+00:00,99.8,14,bid,,,12062993
2026-06-29T14:01:09.022572,2026-06-29T04:01:09.550706+00:00,99.8,200,ask,,,12063016
2026-06-29T14:01:11.335760,2026-06-29T04:01:11.859106+00:00,99.8,20,bid,,,12063056
2026-06-29T14:01:12.724573,2026-06-29T04:01:13.256225+00:00,99.8,200,bid,,,12063086
2026-06-29T14:01:12.755647,2026-06-29T04:01:13.278225+00:00,99.8,35,ask,,,12063089
2026-06-29T14:01:12.846937,2026-06-29T04:01:13.377225+00:00,99.8,35,ask,,,12063091
2026-06-29T14:01:12.904389,2026-06-29T04:01:13.431230+00:00,99.8,25,ask,,,12063093
2026-06-29T14:01:12.907511,2026-06-29T04:01:13.431230+00:00,99.8,25,ask,,,12063094
2026-06-29T14:01:12.935522,2026-06-29T04:01:13.464295+00:00,99.8,30,ask,,,12063098
2026-06-29T14:01:12.954208,2026-06-29T04:01:13.486296+00:00,99.8,150,ask,,,12063101
2026-06-29T14:01:15.574826,2026-06-29T04:01:16.102012+00:00,99.9,200,bid,,,12063147
2026-06-29T14:01:15.809801,2026-06-29T04:01:16.333012+00:00,99.9,200,ask,,,12063156
2026-06-29T14:01:16.573323,2026-06-29T04:01:17.103003+00:00,99.9,20,ask,,,12063182
2026-06-29T14:01:16.891662,2026-06-29T04:01:17.421012+00:00,99.7,200,ask,,,12063183
2026-06-29T14:01:16.891662,2026-06-29T04:01:17.421012+00:00,99.7,425,ask,,,12063184
2026-06-29T14:01:18.201245,2026-06-29T04:01:18.728699+00:00,99.8,200,bid,,,12063213
2026-06-29T14:01:18.225140,2026-06-29T04:01:18.750699+00:00,99.9,200,ask,,,12063214
2026-06-29T14:01:19.439937,2026-06-29T04:01:19.971689+00:00,99.9,200,ask,,,12063239
2026-06-29T14:01:20.717504,2026-06-29T04:01:21.247698+00:00,99.8,35,bid,,,12063258
2026-06-29T14:01:20.735888,2026-06-29T04:01:21.258699+00:00,99.8,25,bid,,,12063262
2026-06-29T14:01:20.738688,2026-06-29T04:01:21.269699+00:00,99.8,25,bid,,,12063263
2026-06-29T14:01:20.806672,2026-06-29T04:01:21.335699+00:00,99.8,35,bid,,,12063265
2026-06-29T14:01:20.896417,2026-06-29T04:01:21.423699+00:00,99.8,30,bid,,,12063268
2026-06-29T14:01:21.851930,2026-06-29T04:01:22.380699+00:00,99.9,200,bid,,,12063288
2026-06-29T14:01:24.346968,2026-06-29T04:01:24.875384+00:00,100.0,25,ask,,,12063346
2026-06-29T14:01:24.349605,2026-06-29T04:01:24.875384+00:00,100.0,25,ask,,,12063347
2026-06-29T14:01:24.362084,2026-06-29T04:01:24.886384+00:00,100.0,35,ask,,,12063351
2026-06-29T14:01:24.450672,2026-06-29T04:01:24.974383+00:00,100.0,35,ask,,,12063361
2026-06-29T14:01:24.541192,2026-06-29T04:01:25.062375+00:00,100.0,30,ask,,,12063363
2026-06-29T14:01:26.309547,2026-06-29T04:01:26.832917+00:00,100.0,35,bid,,,12063402
2026-06-29T14:01:26.371672,2026-06-29T04:01:26.898917+00:00,100.0,25,bid,,,12063406
2026-06-29T14:01:26.374422,2026-06-29T04:01:26.898917+00:00,100.0,25,bid,,,12063407
2026-06-29T14:01:26.403111,2026-06-29T04:01:26.931909+00:00,100.0,4,bid,,,12063408
2026-06-29T14:01:27.901084,2026-06-29T04:01:28.427063+00:00,99.9,200,ask,,,12063432
2026-06-29T14:01:28.788669,2026-06-29T04:01:29.318064+00:00,99.9,20,ask,,,12063443
2026-06-29T14:01:31.536374,2026-06-29T04:01:32.068077+00:00,100.0,200,bid,,,12063502
2026-06-29T14:01:32.668854,2026-06-29T04:01:33.212068+00:00,99.9,35,ask,,,12063527
2026-06-29T14:01:32.757644,2026-06-29T04:01:33.289068+00:00,99.9,8,ask,,,12063532
2026-06-29T14:01:32.787998,2026-06-29T04:01:33.311069+00:00,99.9,25,ask,,,12063535
2026-06-29T14:01:32.790527,2026-06-29T04:01:33.322068+00:00,99.9,25,ask,,,12063536
2026-06-29T14:01:33.002036,2026-06-29T04:01:33.530050+00:00,99.9,25,ask,,,12063541
2026-06-29T14:01:33.002241,2026-06-29T04:01:33.530050+00:00,99.9,25,ask,,,12063542
2026-06-29T14:01:33.280760,2026-06-29T04:01:33.805059+00:00,99.9,20,ask,,,12063549
2026-06-29T14:01:33.629038,2026-06-29T04:01:34.157059+00:00,99.9,20,ask,,,12063561
2026-06-29T14:01:33.953937,2026-06-29T04:01:34.476059+00:00,100.0,200,bid,,,12063564
2026-06-29T14:01:35.173819,2026-06-29T04:01:35.697059+00:00,100.0,200,bid,,,12063584
2026-06-29T14:01:35.416697,2026-06-29T04:01:35.939059+00:00,100.0,25,ask,,,12063587
2026-06-29T14:01:35.631212,2026-06-29T04:01:36.158629+00:00,100.1,1,bid,,,12063593
2026-06-29T14:01:35.631212,2026-06-29T04:01:36.158629+00:00,100.2,1,bid,,,12063594
2026-06-29T14:01:35.838568,2026-06-29T04:01:36.367620+00:00,100.1,1,bid,,,12063597
2026-06-29T14:01:36.386295,2026-06-29T04:01:36.917629+00:00,100.0,200,ask,,,12063608
2026-06-29T14:01:36.554641,2026-06-29T04:01:37.082629+00:00,100.1,3,bid,,,12063609
2026-06-29T14:01:37.595438,2026-06-29T04:01:38.117630+00:00,100.1,200,ask,,,12063646
2026-06-29T14:01:39.023149,2026-06-29T04:01:39.546697+00:00,100.1,4,ask,,,12063663
2026-06-29T14:01:39.179579,2026-06-29T04:01:39.711696+00:00,100.2,4,bid,,,12063671
2026-06-29T14:01:39.179579,2026-06-29T04:01:39.711696+00:00,100.2,500,bid,,,12063672
2026-06-29T14:01:39.179579,2026-06-29T04:01:39.711696+00:00,100.2,121,bid,,,12063673
2026-06-29T14:01:40.494341,2026-06-29T04:01:41.030806+00:00,100.1,200,ask,,,12063700
2026-06-29T14:01:40.837912,2026-06-29T04:01:41.360193+00:00,99.8,5,ask,,,12063708
2026-06-29T14:01:40.837912,2026-06-29T04:01:41.371193+00:00,99.8,15,ask,,,12063709
2026-06-29T14:01:41.227457,2026-06-29T04:01:41.756202+00:00,100.0,200,bid,,,12063716
2026-06-29T14:01:41.839232,2026-06-29T04:01:42.361194+00:00,100.1,2,ask,,,12063737
2026-06-29T14:01:42.255417,2026-06-29T04:01:42.790202+00:00,100.1,25,ask,,,12063742
2026-06-29T14:01:42.401953,2026-06-29T04:01:42.933202+00:00,100.1,500,ask,,,12063745
2026-06-29T14:01:42.440052,2026-06-29T04:01:42.966203+00:00,100.1,98,ask,,,12063747
2026-06-29T14:01:42.450000,2026-06-29T04:01:42.977202+00:00,99.9,5,ask,,,12063748
2026-06-29T14:01:42.858856,2026-06-29T04:01:43.384185+00:00,99.9,5,ask,,,12063767
2026-06-29T14:01:44.109229,2026-06-29T04:01:44.637719+00:00,99.8,20,ask,,,12063809
2026-06-29T14:01:44.441820,2026-06-29T04:01:44.978719+00:00,99.8,180,ask,,,12063812
2026-06-29T14:01:44.441820,2026-06-29T04:01:44.978719+00:00,99.7,1,ask,,,12063813
2026-06-29T14:01:44.856465,2026-06-29T04:01:45.385710+00:00,99.7,200,bid,,,12063824
2026-06-29T14:01:45.472272,2026-06-29T04:01:46.001720+00:00,99.6,1,ask,,,12063840
2026-06-29T14:01:45.484799,2026-06-29T04:01:46.012719+00:00,99.5,2,ask,,,12063843
2026-06-29T14:01:45.689763,2026-06-29T04:01:46.221295+00:00,99.5,6,ask,,,12063845
2026-06-29T14:01:45.697900,2026-06-29T04:01:46.221295+00:00,99.5,2,ask,,,12063847
2026-06-29T14:01:45.902089,2026-06-29T04:01:46.430307+00:00,99.7,2,ask,,,12063851
2026-06-29T14:01:46.066808,2026-06-29T04:01:46.595307+00:00,99.7,200,ask,,,12063859
2026-06-29T14:01:46.107585,2026-06-29T04:01:46.639307+00:00,99.7,2,ask,,,12063861
2026-06-29T14:01:46.312762,2026-06-29T04:01:46.837316+00:00,99.7,2,ask,,,12063868
2026-06-29T14:01:46.517204,2026-06-29T04:01:47.046316+00:00,99.7,2,ask,,,12063870
2026-06-29T14:01:46.723142,2026-06-29T04:01:47.255316+00:00,99.7,2,ask,,,12063874
2026-06-29T14:01:46.927980,2026-06-29T04:01:47.453307+00:00,99.7,2,ask,,,12063875
2026-06-29T14:01:47.135340,2026-06-29T04:01:47.660426+00:00,99.6,2,ask,,,12063877
2026-06-29T14:01:47.340564,2026-06-29T04:01:47.869316+00:00,99.7,2,ask,,,12063881
2026-06-29T14:01:47.546296,2026-06-29T04:01:48.078316+00:00,99.7,2,ask,,,12063882
2026-06-29T14:01:47.751078,2026-06-29T04:01:48.276316+00:00,99.7,2,ask,,,12063885
2026-06-29T14:01:49.713107,2026-06-29T04:01:50.244501+00:00,99.7,1,ask,,,12063915
2026-06-29T14:01:49.713107,2026-06-29T04:01:50.244501+00:00,99.6,199,ask,,,12063916
2026-06-29T14:01:51.000057,2026-06-29T04:01:51.531021+00:00,99.7,200,bid,,,12063948
2026-06-29T14:01:52.132516,2026-06-29T04:01:52.664021+00:00,99.7,200,ask,,,12063964
2026-06-29T14:01:54.941163,2026-06-29T04:01:55.467706+00:00,99.8,500,bid,,,12064023
2026-06-29T14:01:54.941163,2026-06-29T04:01:55.467706+00:00,99.8,125,bid,,,12064024
2026-06-29T14:01:55.118571,2026-06-29T04:01:55.643705+00:00,99.7,9,ask,,,12064027
2026-06-29T14:01:56.966831,2026-06-29T04:01:57.490516+00:00,99.6,8,ask,,,12064066
2026-06-29T14:01:56.966831,2026-06-29T04:01:57.490516+00:00,99.6,192,ask,,,12064067
2026-06-29T14:01:57.961709,2026-06-29T04:01:58.490494+00:00,99.8,20,bid,,,12064104
2026-06-29T14:01:58.873628,2026-06-29T04:01:59.403503+00:00,99.8,500,bid,,,12064124
2026-06-29T14:01:59.365136,2026-06-29T04:01:59.887495+00:00,99.8,125,ask,,,12064132
2026-06-29T14:01:59.387160,2026-06-29T04:01:59.909494+00:00,99.8,200,bid,,,12064133
2026-06-29T14:02:00.597906,2026-06-29T04:02:01.130503+00:00,99.8,200,bid,,,12064160
2026-06-29T14:02:01.493877,2026-06-29T04:02:02.020820+00:00,99.7,500,bid,,,12064176
2026-06-29T14:02:02.809441,2026-06-29T04:02:03.340929+00:00,99.7,200,ask,,,12064200
2026-06-29T14:02:02.809441,2026-06-29T04:02:03.340929+00:00,99.6,10,ask,,,12064201
2026-06-29T14:02:03.011647,2026-06-29T04:02:03.537940+00:00,99.5,200,bid,,,12064206
2026-06-29T14:02:08.322961,2026-06-29T04:02:08.849464+00:00,99.8,3,bid,,,12064320
2026-06-29T14:02:08.322961,2026-06-29T04:02:08.849464+00:00,99.8,17,bid,,,12064321
2026-06-29T14:02:09.532433,2026-06-29T04:02:10.059472+00:00,99.6,20,ask,,,12064348
2026-06-29T14:02:10.319312,2026-06-29T04:02:10.851472+00:00,99.6,200,ask,,,12064360
2026-06-29T14:02:12.012897,2026-06-29T04:02:12.567463+00:00,99.7,500,bid,,,12064397
2026-06-29T14:02:12.012897,2026-06-29T04:02:12.567463+00:00,99.7,125,bid,,,12064398
2026-06-29T14:02:13.288301,2026-06-29T04:02:13.831159+00:00,99.7,200,ask,,,12064426
2026-06-29T14:02:13.955275,2026-06-29T04:02:14.479278+00:00,99.5,200,bid,,,12064435
2026-06-29T14:02:15.164666,2026-06-29T04:02:15.688278+00:00,99.6,200,bid,,,12064449
2026-06-29T14:02:15.943930,2026-06-29T04:02:16.468263+00:00,99.6,500,bid,,,12064458
2026-06-29T14:02:16.297882,2026-06-29T04:02:16.820255+00:00,99.6,125,ask,,,12064464
2026-06-29T14:02:16.372302,2026-06-29T04:02:16.897255+00:00,99.6,200,bid,,,12064466
2026-06-29T14:02:17.326579,2026-06-29T04:02:17.854254+00:00,99.3,8,bid,,,12064486
2026-06-29T14:02:17.437465,2026-06-29T04:02:17.964255+00:00,99.3,8,bid,,,12064494
2026-06-29T14:02:17.552329,2026-06-29T04:02:18.085254+00:00,99.3,8,bid,,,12064503
2026-06-29T14:02:17.580769,2026-06-29T04:02:18.118254+00:00,99.3,56,bid,,,12064508
2026-06-29T14:02:17.580769,2026-06-29T04:02:18.118254+00:00,99.4,144,bid,,,12064509
2026-06-29T14:02:19.997506,2026-06-29T04:02:20.526840+00:00,99.5,200,bid,,,12064549
2026-06-29T14:02:20.302573,2026-06-29T04:02:20.834840+00:00,99.3,20,ask,,,12064551
2026-06-29T14:02:21.175877,2026-06-29T04:02:21.701359+00:00,99.4,500,bid,,,12064572
2026-06-29T14:02:21.207071,2026-06-29T04:02:21.734360+00:00,99.6,200,bid,,,12064575
2026-06-29T14:02:21.744598,2026-06-29T04:02:22.273350+00:00,99.4,125,ask,,,12064579
2026-06-29T14:02:22.172040,2026-06-29T04:02:22.702360+00:00,99.4,8,bid,,,12064581
2026-06-29T14:02:22.280555,2026-06-29T04:02:22.812359+00:00,99.4,8,bid,,,12064587
2026-06-29T14:02:22.385982,2026-06-29T04:02:22.911351+00:00,99.4,6,bid,,,12064593
2026-06-29T14:02:22.417281,2026-06-29T04:02:22.944351+00:00,99.4,200,bid,,,12064598
2026-06-29T14:02:23.292617,2026-06-29T04:02:23.823045+00:00,99.4,35,bid,,,12064619
2026-06-29T14:02:23.359177,2026-06-29T04:02:23.889045+00:00,99.4,25,bid,,,12064625
2026-06-29T14:02:23.382526,2026-06-29T04:02:23.911045+00:00,99.4,35,bid,,,12064626
2026-06-29T14:02:23.472755,2026-06-29T04:02:24.010045+00:00,99.4,30,bid,,,12064630
2026-06-29T14:02:23.480208,2026-06-29T04:02:24.010045+00:00,99.4,25,bid,,,12064631
2026-06-29T14:02:23.630024,2026-06-29T04:02:24.164045+00:00,99.4,200,bid,,,12064637
2026-06-29T14:02:23.791133,2026-06-29T04:02:24.318046+00:00,99.4,500,bid,,,12064640
2026-06-29T14:02:24.187726,2026-06-29T04:02:24.714054+00:00,99.5,125,ask,,,12064642
2026-06-29T14:02:25.405307,2026-06-29T04:02:25.934164+00:00,99.4,200,ask,,,12064662
2026-06-29T14:02:27.266037,2026-06-29T04:02:27.792163+00:00,99.4,200,bid,,,12064693
2026-06-29T14:02:27.837772,2026-06-29T04:02:28.385681+00:00,99.3,20,ask,,,12064706
2026-06-29T14:02:29.578427,2026-06-29T04:02:30.101240+00:00,99.4,25,bid,,,12064739
2026-06-29T14:02:29.580638,2026-06-29T04:02:30.112240+00:00,99.4,35,bid,,,12064740
2026-06-29T14:02:29.668599,2026-06-29T04:02:30.200240+00:00,99.4,19,bid,,,12064742
2026-06-29T14:02:29.684255,2026-06-29T04:02:30.211240+00:00,99.3,200,ask,,,12064745
2026-06-29T14:02:30.389377,2026-06-29T04:02:30.915248+00:00,99.4,25,bid,,,12064757
2026-06-29T14:02:30.501004,2026-06-29T04:02:31.025249+00:00,99.4,25,bid,,,12064759
2026-06-29T14:02:30.600071,2026-06-29T04:02:31.124240+00:00,99.4,21,bid,,,12064761
2026-06-29T14:02:31.684386,2026-06-29T04:02:32.213240+00:00,99.4,200,bid,,,12064774
2026-06-29T14:02:32.099828,2026-06-29T04:02:32.631358+00:00,99.5,200,ask,,,12064782
2026-06-29T14:02:33.312945,2026-06-29T04:02:33.841148+00:00,99.4,200,ask,,,12064811
2026-06-29T14:02:33.381499,2026-06-29T04:02:33.907148+00:00,99.6,20,bid,,,12064813
2026-06-29T14:02:35.728530,2026-06-29T04:02:36.260237+00:00,99.4,200,bid,,,12064874
2026-06-29T14:02:36.012160,2026-06-29T04:02:36.535237+00:00,99.3,1,ask,,,12064880
2026-06-29T14:02:36.105293,2026-06-29T04:02:36.634236+00:00,99.2,48,ask,,,12064885
2026-06-29T14:02:36.194964,2026-06-29T04:02:36.722237+00:00,99.2,100,ask,,,12064887
2026-06-29T14:02:36.939653,2026-06-29T04:02:37.470245+00:00,99.5,200,bid,,,12064911
2026-06-29T14:02:38.146904,2026-06-29T04:02:38.679784+00:00,99.5,200,bid,,,12064933
2026-06-29T14:02:40.854531,2026-06-29T04:02:41.385788+00:00,99.5,200,bid,,,12064975
2026-06-29T14:02:40.854531,2026-06-29T04:02:41.385788+00:00,99.6,425,bid,,,12064976
2026-06-29T14:02:41.862314,2026-06-29T04:02:42.386789+00:00,99.4,1,ask,,,12064992
2026-06-29T14:02:44.786104,2026-06-29T04:02:45.313324+00:00,99.3,2,ask,,,12065043
2026-06-29T14:02:44.786104,2026-06-29T04:02:45.313324+00:00,99.3,200,ask,,,12065044
2026-06-29T14:02:44.786104,2026-06-29T04:02:45.313324+00:00,99.2,1,ask,,,12065045
2026-06-29T14:02:44.786104,2026-06-29T04:02:45.313324+00:00,99.2,422,ask,,,12065046
2026-06-29T14:02:45.435504,2026-06-29T04:02:45.962333+00:00,99.3,1,ask,,,12065059
2026-06-29T14:02:45.501392,2026-06-29T04:02:46.028333+00:00,99.2,30,ask,,,12065062
2026-06-29T14:02:45.533483,2026-06-29T04:02:46.061333+00:00,99.2,25,ask,,,12065063
2026-06-29T14:02:45.645030,2026-06-29T04:02:46.170889+00:00,99.2,25,ask,,,12065068
2026-06-29T14:02:45.744810,2026-06-29T04:02:46.269881+00:00,99.2,25,ask,,,12065070
2026-06-29T14:02:45.851887,2026-06-29T04:02:46.379880+00:00,99.2,25,ask,,,12065076
2026-06-29T14:02:46.063703,2026-06-29T04:02:46.588888+00:00,99.3,1,ask,,,12065082
2026-06-29T14:02:46.271806,2026-06-29T04:02:46.797888+00:00,99.2,18,ask,,,12065086
2026-06-29T14:02:47.858140,2026-06-29T04:02:48.381880+00:00,99.2,200,ask,,,12065100
2026-06-29T14:02:50.020448,2026-06-29T04:02:50.547856+00:00,99.2,2,ask,,,12065138
2026-06-29T14:02:51.894428,2026-06-29T04:02:52.417875+00:00,99.1,1,ask,,,12065173
2026-06-29T14:02:51.894428,2026-06-29T04:02:52.428875+00:00,99.1,6,ask,,,12065174
2026-06-29T14:02:51.894428,2026-06-29T04:02:52.428875+00:00,99.1,18,ask,,,12065175
2026-06-29T14:02:52.008964,2026-06-29T04:02:52.538875+00:00,99.2,500,bid,,,12065179
2026-06-29T14:02:52.310124,2026-06-29T04:02:52.879884+00:00,99.1,4,ask,,,12065193
2026-06-29T14:02:52.606848,2026-06-29T04:02:53.187884+00:00,99.2,125,bid,,,12065195
2026-06-29T14:02:52.606848,2026-06-29T04:02:53.187884+00:00,99.2,200,bid,,,12065196
2026-06-29T14:02:52.650706,2026-06-29T04:02:53.209884+00:00,99.4,1,bid,,,12065198
2026-06-29T14:02:53.965183,2026-06-29T04:02:54.495924+00:00,99.5,4,bid,,,12065229
2026-06-29T14:02:53.965183,2026-06-29T04:02:54.495924+00:00,99.5,200,bid,,,12065230
2026-06-29T14:02:55.103684,2026-06-29T04:02:55.628933+00:00,99.5,200,ask,,,12065250
2026-06-29T14:02:56.113358,2026-06-29T04:02:56.639369+00:00,99.5,20,bid,,,12065261
2026-06-29T14:02:57.469891,2026-06-29T04:02:57.992260+00:00,99.5,500,bid,,,12065289
2026-06-29T14:02:57.893279,2026-06-29T04:02:58.421235+00:00,99.4,200,bid,,,12065301
2026-06-29T14:02:59.949410,2026-06-29T04:03:00.478248+00:00,99.6,200,bid,,,12065345
2026-06-29T14:03:01.285931,2026-06-29T04:03:01.809239+00:00,99.5,20,ask,,,12065370
2026-06-29T14:03:03.581039,2026-06-29T04:03:04.108365+00:00,99.7,3,bid,,,12065408
2026-06-29T14:03:03.581039,2026-06-29T04:03:04.108365+00:00,99.7,197,bid,,,12065409
2026-06-29T14:03:12.054089,2026-06-29T04:03:12.598298+00:00,99.7,20,ask,,,12065576
2026-06-29T14:03:13.640260,2026-06-29T04:03:14.169093+00:00,99.8,200,bid,,,12065592
2026-06-29T14:03:16.261659,2026-06-29T04:03:16.786672+00:00,99.8,500,bid,,,12065645
2026-06-29T14:03:16.907205,2026-06-29T04:03:17.434790+00:00,99.8,125,ask,,,12065659
2026-06-29T14:03:19.335281,2026-06-29T04:03:19.864508+00:00,99.7,200,bid,,,12065703
2026-06-29T14:03:20.189829,2026-06-29T04:03:20.722517+00:00,99.8,500,bid,,,12065720
2026-06-29T14:03:20.189829,2026-06-29T04:03:20.722517+00:00,99.9,1,bid,,,12065721
2026-06-29T14:03:20.189829,2026-06-29T04:03:20.722517+00:00,99.9,124,bid,,,12065722
2026-06-29T14:03:21.100539,2026-06-29T04:03:21.624538+00:00,99.9,20,bid,,,12065738
2026-06-29T14:03:21.755915,2026-06-29T04:03:22.284529+00:00,99.8,200,bid,,,12065752
2026-06-29T14:03:24.174987,2026-06-29T04:03:24.701489+00:00,99.8,200,ask,,,12065806
2026-06-29T14:03:25.384759,2026-06-29T04:03:25.909889+00:00,99.8,200,ask,,,12065832
2026-06-29T14:03:26.606692,2026-06-29T04:03:27.130449+00:00,99.7,200,bid,,,12065855
2026-06-29T14:03:28.082032,2026-06-29T04:03:28.615056+00:00,99.6,5,ask,,,12065882
2026-06-29T14:03:28.082032,2026-06-29T04:03:28.615056+00:00,99.6,200,ask,,,12065883
2026-06-29T14:03:28.082032,2026-06-29T04:03:28.615056+00:00,99.5,1,ask,,,12065884
2026-06-29T14:03:29.019482,2026-06-29T04:03:29.549938+00:00,99.5,200,bid,,,12065903
2026-06-29T14:03:30.232095,2026-06-29T04:03:30.759466+00:00,99.5,200,ask,,,12065919
2026-06-29T14:03:30.805085,2026-06-29T04:03:31.331457+00:00,99.6,20,bid,,,12065928
2026-06-29T14:03:31.439787,2026-06-29T04:03:31.969457+00:00,99.6,200,bid,,,12065943
2026-06-29T14:03:33.193873,2026-06-29T04:03:33.727993+00:00,99.7,20,bid,,,12065979
2026-06-29T14:03:36.293296,2026-06-29T04:03:36.815754+00:00,99.5,8,ask,,,12066047
2026-06-29T14:03:38.713166,2026-06-29T04:03:39.244980+00:00,99.4,10,ask,,,12066102
2026-06-29T14:03:38.713166,2026-06-29T04:03:39.244980+00:00,99.4,190,ask,,,12066103
2026-06-29T14:03:39.870569,2026-06-29T04:03:40.400110+00:00,99.5,10,ask,,,12066125
2026-06-29T14:03:39.870569,2026-06-29T04:03:40.400110+00:00,99.4,500,ask,,,12066126
2026-06-29T14:03:39.919597,2026-06-29T04:03:40.444110+00:00,99.3,115,bid,,,12066128
2026-06-29T14:03:40.874976,2026-06-29T04:03:41.401001+00:00,99.5,8,ask,,,12066144
2026-06-29T14:03:41.129502,2026-06-29T04:03:41.654001+00:00,99.4,1,ask,,,12066148
2026-06-29T14:03:41.129502,2026-06-29T04:03:41.654001+00:00,99.4,199,ask,,,12066149
2026-06-29T14:03:42.340358,2026-06-29T04:03:42.885520+00:00,99.5,4,ask,,,12066177
2026-06-29T14:03:43.337479,2026-06-29T04:03:43.863866+00:00,99.4,20,ask,,,12066195
2026-06-29T14:03:43.482276,2026-06-29T04:03:44.006874+00:00,99.5,196,bid,,,12066196
2026-06-29T14:03:44.690347,2026-06-29T04:03:45.216866+00:00,99.6,200,bid,,,12066227
2026-06-29T14:03:44.690347,2026-06-29T04:03:45.227866+00:00,99.6,300,bid,,,12066228
2026-06-29T14:03:50.388070,2026-06-29T04:03:50.912279+00:00,99.7,200,ask,,,12066346
2026-06-29T14:03:51.697648,2026-06-29T04:03:52.221292+00:00,99.7,200,bid,,,12066363
2026-06-29T14:03:52.000952,2026-06-29T04:03:52.551292+00:00,99.7,200,ask,,,12066367
2026-06-29T14:03:53.010071,2026-06-29T04:03:53.540914+00:00,99.6,1,ask,,,12066384
2026-06-29T14:03:54.432190,2026-06-29T04:03:54.959924+00:00,99.6,200,ask,,,12066408
2026-06-29T14:03:56.008621,2026-06-29T04:03:56.532935+00:00,99.5,20,ask,,,12066430
2026-06-29T14:03:56.745486,2026-06-29T04:03:57.269944+00:00,99.5,20,ask,,,12066456
2026-06-29T14:03:56.844293,2026-06-29T04:03:57.368944+00:00,99.7,200,bid,,,12066459
2026-06-29T14:03:58.000891,2026-06-29T04:03:58.534489+00:00,99.6,500,bid,,,12066475
2026-06-29T14:03:58.053637,2026-06-29T04:03:58.578489+00:00,99.6,125,bid,,,12066481
2026-06-29T14:03:59.633863,2026-06-29T04:04:00.162511+00:00,99.7,35,bid,,,12066510
2026-06-29T14:03:59.652463,2026-06-29T04:04:00.184511+00:00,99.7,25,bid,,,12066513
2026-06-29T14:03:59.711183,2026-06-29T04:04:00.239510+00:00,99.6,20,ask,,,12066514
2026-06-29T14:03:59.726535,2026-06-29T04:04:00.250511+00:00,99.7,35,bid,,,12066516
2026-06-29T14:03:59.729173,2026-06-29T04:04:00.261510+00:00,99.7,25,bid,,,12066517
2026-06-29T14:03:59.817145,2026-06-29T04:04:00.349511+00:00,99.6,18,ask,,,12066520
2026-06-29T14:04:00.382500,2026-06-29T04:04:00.910620+00:00,99.7,20,bid,,,12066530
2026-06-29T14:04:00.477201,2026-06-29T04:04:01.009620+00:00,99.6,200,ask,,,12066533
2026-06-29T14:04:03.452141,2026-06-29T04:04:03.978897+00:00,99.7,200,bid,,,12066591
2026-06-29T14:04:03.486984,2026-06-29T04:04:04.022897+00:00,99.7,300,ask,,,12066592
2026-06-29T14:04:03.486984,2026-06-29T04:04:04.022897+00:00,99.5,200,ask,,,12066593
2026-06-29T14:04:03.510773,2026-06-29T04:04:04.033897+00:00,99.5,35,bid,,,12066596
2026-06-29T14:04:03.546367,2026-06-29T04:04:04.077897+00:00,99.5,25,bid,,,12066600
2026-06-29T14:04:04.049959,2026-06-29T04:04:04.572889+00:00,99.5,65,bid,,,12066610
2026-06-29T14:04:04.552379,2026-06-29T04:04:05.077897+00:00,99.7,25,ask,,,12066625
2026-06-29T14:04:04.564640,2026-06-29T04:04:05.088897+00:00,99.7,85,ask,,,12066628
2026-06-29T14:04:04.675138,2026-06-29T04:04:05.209897+00:00,99.7,25,ask,,,12066631
2026-06-29T14:04:04.688117,2026-06-29T04:04:05.220897+00:00,99.8,1,bid,,,12066633
2026-06-29T14:04:04.688117,2026-06-29T04:04:05.220897+00:00,99.8,1,bid,,,12066634
2026-06-29T14:04:04.893782,2026-06-29T04:04:05.418897+00:00,99.8,2,bid,,,12066638
2026-06-29T14:04:05.098221,2026-06-29T04:04:05.627888+00:00,99.8,2,bid,,,12066641
2026-06-29T14:04:05.310225,2026-06-29T04:04:05.836897+00:00,99.7,200,ask,,,12066643
2026-06-29T14:04:05.314108,2026-06-29T04:04:05.836897+00:00,99.8,2,bid,,,12066644
2026-06-29T14:04:05.518854,2026-06-29T04:04:06.045897+00:00,99.8,2,bid,,,12066649
2026-06-29T14:04:05.724429,2026-06-29T04:04:06.254855+00:00,99.8,2,bid,,,12066658
2026-06-29T14:04:05.930308,2026-06-29T04:04:06.452855+00:00,99.8,2,bid,,,12066663
2026-06-29T14:04:06.109278,2026-06-29T04:04:06.639846+00:00,99.7,500,ask,,,12066669
2026-06-29T14:04:06.109278,2026-06-29T04:04:06.639846+00:00,99.6,1,ask,,,12066670
2026-06-29T14:04:06.137399,2026-06-29T04:04:06.661846+00:00,99.6,2,bid,,,12066671
2026-06-29T14:04:06.341990,2026-06-29T04:04:06.870855+00:00,99.6,2,bid,,,12066674
2026-06-29T14:04:06.488467,2026-06-29T04:04:07.013847+00:00,99.6,120,bid,,,12066680
2026-06-29T14:04:06.522196,2026-06-29T04:04:07.046855+00:00,99.7,200,ask,,,12066682
2026-06-29T14:04:06.547652,2026-06-29T04:04:07.079855+00:00,99.8,2,bid,,,12066685
2026-06-29T14:04:06.752607,2026-06-29T04:04:07.277855+00:00,99.8,1,bid,,,12066691
2026-06-29T14:04:06.752607,2026-06-29T04:04:07.277855+00:00,100.0,1,bid,,,12066692
2026-06-29T14:04:07.729018,2026-06-29T04:04:08.256868+00:00,99.7,200,ask,,,12066717
2026-06-29T14:04:08.732053,2026-06-29T04:04:09.268124+00:00,99.7,1,ask,,,12066735
2026-06-29T14:04:08.904268,2026-06-29T04:04:09.433133+00:00,99.7,500,bid,,,12066737
2026-06-29T14:04:08.937171,2026-06-29T04:04:09.466133+00:00,99.6,8,ask,,,12066739
2026-06-29T14:04:09.333026,2026-06-29T04:04:09.861242+00:00,99.5,20,ask,,,12066743
2026-06-29T14:04:09.499642,2026-06-29T04:04:10.026243+00:00,99.6,192,bid,,,12066745
2026-06-29T14:04:09.499642,2026-06-29T04:04:10.037243+00:00,99.7,124,bid,,,12066746
2026-06-29T14:04:10.148367,2026-06-29T04:04:10.674877+00:00,99.8,200,ask,,,12066758
2026-06-29T14:04:12.662494,2026-06-29T04:04:13.192885+00:00,99.8,200,bid,,,12066810
2026-06-29T14:04:12.758617,2026-06-29T04:04:13.291886+00:00,99.9,1,bid,,,12066814
2026-06-29T14:04:12.843713,2026-06-29T04:04:13.368886+00:00,100.0,1,bid,,,12066816
2026-06-29T14:04:12.843713,2026-06-29T04:04:13.368886+00:00,100.0,13,bid,,,12066817
2026-06-29T14:04:13.793556,2026-06-29T04:04:14.325532+00:00,99.8,200,ask,,,12066841
2026-06-29T14:04:13.987643,2026-06-29T04:04:14.512533+00:00,99.9,2,bid,,,12066845
2026-06-29T14:04:13.987643,2026-06-29T04:04:14.512533+00:00,100.0,23,bid,,,12066846
2026-06-29T14:04:14.067507,2026-06-29T04:04:14.600533+00:00,100.0,35,bid,,,12066848
2026-06-29T14:04:14.153446,2026-06-29T04:04:14.677524+00:00,100.0,35,bid,,,12066850
2026-06-29T14:04:14.239362,2026-06-29T04:04:14.765524+00:00,100.0,35,bid,,,12066852
2026-06-29T14:04:14.323464,2026-06-29T04:04:14.853523+00:00,100.0,19,bid,,,12066856
2026-06-29T14:04:15.286423,2026-06-29T04:04:15.810544+00:00,99.9,1,bid,,,12066877
2026-06-29T14:04:15.286423,2026-06-29T04:04:15.810544+00:00,99.9,200,bid,,,12066878
2026-06-29T14:04:17.934908,2026-06-29T04:04:18.459647+00:00,99.8,35,bid,,,12066933
2026-06-29T14:04:18.027162,2026-06-29T04:04:18.558647+00:00,99.8,3,bid,,,12066936
2026-06-29T14:04:18.030158,2026-06-29T04:04:18.558647+00:00,99.8,25,bid,,,12066937
2026-06-29T14:04:18.033026,2026-06-29T04:04:18.569647+00:00,99.8,22,bid,,,12066938
2026-06-29T14:04:18.121821,2026-06-29T04:04:18.646647+00:00,99.7,3,ask,,,12066941
2026-06-29T14:04:18.654927,2026-06-29T04:04:19.185647+00:00,99.7,2,ask,,,12066952
2026-06-29T14:04:18.859608,2026-06-29T04:04:19.383647+00:00,99.7,1,ask,,,12066960
2026-06-29T14:04:18.859608,2026-06-29T04:04:19.394638+00:00,99.7,1,ask,,,12066961
2026-06-29T14:04:19.067374,2026-06-29T04:04:19.592647+00:00,99.7,2,ask,,,12066966
2026-06-29T14:04:19.274209,2026-06-29T04:04:19.801638+00:00,99.8,2,ask,,,12066970
2026-06-29T14:04:19.479645,2026-06-29T04:04:20.010638+00:00,99.8,2,ask,,,12066975
2026-06-29T14:04:19.685996,2026-06-29T04:04:20.208757+00:00,99.8,2,ask,,,12066980
2026-06-29T14:04:19.855718,2026-06-29T04:04:20.384638+00:00,99.8,200,ask,,,12066985
2026-06-29T14:04:19.890410,2026-06-29T04:04:20.417638+00:00,99.8,2,ask,,,12066988
2026-06-29T14:04:20.095128,2026-06-29T04:04:20.626638+00:00,99.8,2,ask,,,12066993
2026-06-29T14:04:20.291480,2026-06-29T04:04:20.813650+00:00,100.0,1,bid,,,12066999
2026-06-29T14:04:20.291480,2026-06-29T04:04:20.824649+00:00,100.0,2,bid,,,12067000
2026-06-29T14:04:20.304472,2026-06-29T04:04:20.835649+00:00,100.0,25,bid,,,12067003
2026-06-29T14:04:20.452425,2026-06-29T04:04:20.978649+00:00,100.0,25,bid,,,12067009
2026-06-29T14:04:20.517332,2026-06-29T04:04:21.044650+00:00,100.0,25,bid,,,12067012
2026-06-29T14:04:20.661819,2026-06-29T04:04:21.187658+00:00,99.9,25,bid,,,12067016
2026-06-29T14:04:20.731177,2026-06-29T04:04:21.264658+00:00,99.9,25,bid,,,12067018
2026-06-29T14:04:20.872256,2026-06-29T04:04:21.396658+00:00,99.9,14,bid,,,12067023
2026-06-29T14:04:21.066256,2026-06-29T04:04:21.594658+00:00,99.7,4,ask,,,12067029
2026-06-29T14:04:21.066256,2026-06-29T04:04:21.594658+00:00,99.7,196,ask,,,12067030
2026-06-29T14:04:22.684135,2026-06-29T04:04:23.211658+00:00,99.8,2,bid,,,12067070
2026-06-29T14:04:22.944266,2026-06-29T04:04:23.475076+00:00,99.8,25,bid,,,12067076
2026-06-29T14:04:23.153757,2026-06-29T04:04:23.684067+00:00,99.7,2,ask,,,12067079
2026-06-29T14:04:23.163667,2026-06-29T04:04:23.695067+00:00,99.8,173,bid,,,12067080
2026-06-29T14:04:23.563909,2026-06-29T04:04:24.091076+00:00,99.8,200,ask,,,12067089
2026-06-29T14:04:24.193458,2026-06-29T04:04:24.718076+00:00,99.8,2,ask,,,12067109
2026-06-29T14:04:25.788882,2026-06-29T04:04:26.324177+00:00,99.9,200,bid,,,12067151
2026-06-29T14:04:25.986626,2026-06-29T04:04:26.522177+00:00,99.9,200,ask,,,12067156
2026-06-29T14:04:32.912529,2026-06-29T04:04:33.448174+00:00,99.7,1,ask,,,12067287
2026-06-29T14:04:32.912529,2026-06-29T04:04:33.448174+00:00,99.7,1,ask,,,12067288
2026-06-29T14:04:32.912529,2026-06-29T04:04:33.448174+00:00,99.7,18,ask,,,12067289
2026-06-29T14:04:33.288713,2026-06-29T04:04:33.811174+00:00,99.8,25,bid,,,12067300
2026-06-29T14:04:33.311536,2026-06-29T04:04:33.844173+00:00,99.8,25,bid,,,12067302
2026-06-29T14:04:34.464063,2026-06-29T04:04:34.997175+00:00,99.7,200,ask,,,12067329
2026-06-29T14:04:35.646396,2026-06-29T04:04:36.172711+00:00,99.8,20,bid,,,12067349
2026-06-29T14:04:36.288442,2026-06-29T04:04:36.821720+00:00,99.7,3,ask,,,12067375
2026-06-29T14:04:36.288442,2026-06-29T04:04:36.821720+00:00,99.7,500,ask,,,12067376
2026-06-29T14:04:36.778269,2026-06-29T04:04:37.305711+00:00,99.7,122,bid,,,12067381
2026-06-29T14:04:38.095454,2026-06-29T04:04:38.624518+00:00,99.8,200,ask,,,12067409
2026-06-29T14:04:41.071373,2026-06-29T04:04:41.594527+00:00,99.7,20,ask,,,12067471
2026-06-29T14:04:41.368002,2026-06-29T04:04:41.891527+00:00,99.8,20,bid,,,12067482
2026-06-29T14:04:42.352558,2026-06-29T04:04:42.881527+00:00,99.9,20,bid,,,12067496
2026-06-29T14:04:42.662513,2026-06-29T04:04:43.189531+00:00,99.7,144,ask,,,12067512
2026-06-29T14:04:44.868973,2026-06-29T04:04:45.397565+00:00,99.8,20,bid,,,12067557
2026-06-29T14:04:45.315020,2026-06-29T04:04:45.847683+00:00,99.7,8,ask,,,12067577
2026-06-29T14:04:45.419858,2026-06-29T04:04:45.946684+00:00,99.7,8,ask,,,12067585
2026-06-29T14:04:45.525517,2026-06-29T04:04:46.056615+00:00,99.7,7,ask,,,12067591
2026-06-29T14:04:50.703544,2026-06-29T04:04:51.235382+00:00,99.8,500,bid,,,12067698
2026-06-29T14:04:50.742886,2026-06-29T04:04:51.268373+00:00,99.8,200,bid,,,12067703
2026-06-29T14:04:51.905355,2026-06-29T04:04:52.434396+00:00,99.9,200,bid,,,12067726
2026-06-29T14:04:51.927079,2026-06-29T04:04:52.456396+00:00,99.9,25,ask,,,12067729
2026-06-29T14:04:51.949725,2026-06-29T04:04:52.478395+00:00,99.9,25,ask,,,12067732
2026-06-29T14:04:51.968562,2026-06-29T04:04:52.500395+00:00,99.9,33,ask,,,12067736
2026-06-29T14:04:52.060472,2026-06-29T04:04:52.588396+00:00,99.9,217,ask,,,12067745
2026-06-29T14:04:52.063580,2026-06-29T04:04:52.588396+00:00,99.8,35,bid,,,12067746
2026-06-29T14:04:52.141081,2026-06-29T04:04:52.665395+00:00,99.8,25,bid,,,12067751
2026-06-29T14:04:52.145899,2026-06-29T04:04:52.676396+00:00,99.7,2,ask,,,12067752
2026-06-29T14:04:52.350581,2026-06-29T04:04:52.874395+00:00,99.7,2,ask,,,12067759
2026-06-29T14:04:52.504209,2026-06-29T04:04:53.039395+00:00,99.8,348,bid,,,12067760
2026-06-29T14:04:52.555759,2026-06-29T04:04:53.083395+00:00,99.9,2,ask,,,12067761
2026-06-29T14:04:52.604721,2026-06-29T04:04:53.127395+00:00,99.9,150,ask,,,12067764
2026-06-29T14:04:52.761884,2026-06-29T04:04:53.292386+00:00,99.7,2,ask,,,12067765
2026-06-29T14:04:52.967755,2026-06-29T04:04:53.501168+00:00,99.7,2,ask,,,12067770
2026-06-29T14:04:53.108408,2026-06-29T04:04:53.644169+00:00,99.9,50,bid,,,12067776
2026-06-29T14:04:53.176535,2026-06-29T04:04:53.703168+00:00,99.9,1,ask,,,12067780
2026-06-29T14:04:53.822828,2026-06-29T04:04:54.352168+00:00,99.9,200,ask,,,12067792
2026-06-29T14:04:55.032844,2026-06-29T04:04:55.562168+00:00,99.9,200,ask,,,12067815
2026-06-29T14:04:58.665652,2026-06-29T04:04:59.189299+00:00,99.9,200,bid,,,12067891
2026-06-29T14:04:59.874712,2026-06-29T04:05:00.410289+00:00,99.9,200,bid,,,12067915
2026-06-29T14:05:01.235201,2026-06-29T04:05:01.763298+00:00,99.9,200,bid,,,12067936
2026-06-29T14:05:02.295413,2026-06-29T04:05:02.829408+00:00,100.0,1,bid,,,12067968
2026-06-29T14:05:03.508145,2026-06-29T04:05:04.038315+00:00,100.1,8,bid,,,12067982
2026-06-29T14:05:03.508145,2026-06-29T04:05:04.038315+00:00,100.2,192,bid,,,12067983
2026-06-29T14:05:03.600707,2026-06-29T04:05:04.126314+00:00,100.0,20,ask,,,12067989
2026-06-29T14:05:03.937060,2026-06-29T04:05:04.467314+00:00,100.2,6,ask,,,12067997
2026-06-29T14:05:06.492515,2026-06-29T04:05:07.018875+00:00,100.1,200,ask,,,12068036
2026-06-29T14:05:07.954759,2026-06-29T04:05:08.481434+00:00,100.1,29,ask,,,12068060
2026-06-29T14:05:07.988103,2026-06-29T04:05:08.514427+00:00,100.1,25,ask,,,12068061
2026-06-29T14:05:08.007605,2026-06-29T04:05:08.536425+00:00,100.1,25,ask,,,12068063
2026-06-29T14:05:08.199150,2026-06-29T04:05:08.723426+00:00,100.1,21,ask,,,12068067
2026-06-29T14:05:09.566647,2026-06-29T04:05:10.098672+00:00,100.1,200,ask,,,12068094
2026-06-29T14:05:10.774476,2026-06-29T04:05:11.297562+00:00,100.1,200,ask,,,12068128
2026-06-29T14:05:16.817326,2026-06-29T04:05:17.354552+00:00,100.0,200,ask,,,12068225
2026-06-29T14:05:18.025390,2026-06-29T04:05:18.552682+00:00,100.0,200,bid,,,12068247
2026-06-29T14:05:18.823744,2026-06-29T04:05:19.355805+00:00,100.0,20,bid,,,12068255
2026-06-29T14:05:19.238972,2026-06-29T04:05:19.762686+00:00,100.0,200,bid,,,12068267
2026-06-29T14:05:20.631835,2026-06-29T04:05:21.159686+00:00,99.9,25,ask,,,12068297
2026-06-29T14:05:20.646287,2026-06-29T04:05:21.170686+00:00,99.9,25,ask,,,12068300
2026-06-29T14:05:20.854755,2026-06-29T04:05:21.379695+00:00,99.9,25,ask,,,12068307
2026-06-29T14:05:20.860750,2026-06-29T04:05:21.390695+00:00,99.9,25,ask,,,12068309
2026-06-29T14:05:20.925968,2026-06-29T04:05:21.456694+00:00,100.1,200,bid,,,12068311
2026-06-29T14:05:21.069635,2026-06-29T04:05:21.599695+00:00,100.1,25,ask,,,12068316
2026-06-29T14:05:21.283566,2026-06-29T04:05:21.808686+00:00,100.1,25,ask,,,12068325
2026-06-29T14:05:21.591066,2026-06-29T04:05:22.127695+00:00,100.1,375,ask,,,12068332
2026-06-29T14:05:21.658965,2026-06-29T04:05:22.182695+00:00,100.1,125,bid,,,12068339
2026-06-29T14:05:22.237351,2026-06-29T04:05:22.765695+00:00,100.1,75,ask,,,12068346
2026-06-29T14:05:22.871744,2026-06-29T04:05:23.403695+00:00,100.0,200,bid,,,12068364
2026-06-29T14:05:24.081344,2026-06-29T04:05:24.613251+00:00,100.0,200,bid,,,12068389
2026-06-29T14:05:25.522829,2026-06-29T04:05:26.054381+00:00,99.9,20,ask,,,12068414
2026-06-29T14:05:27.482820,2026-06-29T04:05:28.011454+00:00,100.1,200,bid,,,12068464
2026-06-29T14:05:27.482820,2026-06-29T04:05:28.011454+00:00,100.1,425,bid,,,12068465
2026-06-29T14:05:29.460148,2026-06-29T04:05:29.989666+00:00,100.0,200,ask,,,12068498
2026-06-29T14:05:29.460148,2026-06-29T04:05:29.989666+00:00,99.9,300,ask,,,12068499
2026-06-29T14:05:30.051524,2026-06-29T04:05:30.583666+00:00,99.9,325,ask,,,12068511
2026-06-29T14:05:30.051524,2026-06-29T04:05:30.583666+00:00,99.9,1,ask,,,12068512
2026-06-29T14:05:30.051524,2026-06-29T04:05:30.583666+00:00,99.8,3,ask,,,12068513
2026-06-29T14:05:30.132429,2026-06-29T04:05:30.660675+00:00,99.7,200,bid,,,12068519
2026-06-29T14:05:31.341152,2026-06-29T04:05:31.870674+00:00,99.7,200,bid,,,12068546
2026-06-29T14:05:31.896335,2026-06-29T04:05:32.420954+00:00,99.8,10,ask,,,12068564
2026-06-29T14:05:32.722105,2026-06-29T04:05:33.245944+00:00,99.8,200,bid,,,12068582
2026-06-29T14:05:33.515154,2026-06-29T04:05:34.049047+00:00,99.8,25,ask,,,12068594
2026-06-29T14:05:33.726161,2026-06-29T04:05:34.258047+00:00,99.8,19,ask,,,12068607
2026-06-29T14:05:33.753476,2026-06-29T04:05:34.280047+00:00,99.9,1,bid,,,12068611
2026-06-29T14:05:34.038878,2026-06-29T04:05:34.577047+00:00,99.9,199,ask,,,12068624
2026-06-29T14:05:34.959898,2026-06-29T04:05:35.490048+00:00,99.9,200,bid,,,12068643
2026-06-29T14:05:34.965838,2026-06-29T04:05:35.490048+00:00,99.7,2,ask,,,12068644
2026-06-29T14:05:34.965838,2026-06-29T04:05:35.501047+00:00,99.7,18,ask,,,12068645
2026-06-29T14:05:35.490124,2026-06-29T04:05:36.018047+00:00,99.8,8,ask,,,12068652
2026-06-29T14:05:37.986356,2026-06-29T04:05:38.514286+00:00,99.8,200,ask,,,12068699
2026-06-29T14:05:37.986356,2026-06-29T04:05:38.514286+00:00,99.7,1,ask,,,12068700
2026-06-29T14:05:38.587872,2026-06-29T04:05:39.119296+00:00,99.7,200,bid,,,12068704
2026-06-29T14:05:38.611135,2026-06-29T04:05:39.141296+00:00,99.7,1,bid,,,12068705
2026-06-29T14:05:42.225527,2026-06-29T04:05:42.758790+00:00,99.9,200,ask,,,12068758
2026-06-29T14:05:43.008157,2026-06-29T04:05:43.539371+00:00,100.1,1,bid,,,12068765
2026-06-29T14:05:43.008157,2026-06-29T04:05:43.539371+00:00,100.1,19,bid,,,12068766
2026-06-29T14:05:45.853893,2026-06-29T04:05:46.386985+00:00,100.0,200,bid,,,12068803
2026-06-29T14:05:49.070420,2026-06-29T04:05:49.597973+00:00,100.1,138,bid,,,12068849
2026-06-29T14:05:51.103575,2026-06-29T04:05:51.632990+00:00,100.1,200,bid,,,12068889
2026-06-29T14:05:53.132219,2026-06-29T04:05:53.656073+00:00,100.1,200,bid,,,12068922
2026-06-29T14:05:53.773628,2026-06-29T04:05:54.305073+00:00,100.0,20,ask,,,12068936
2026-06-29T14:05:55.038994,2026-06-29T04:05:55.570074+00:00,100.1,200,ask,,,12068961
2026-06-29T14:05:55.414025,2026-06-29T04:05:55.944073+00:00,99.9,1,ask,,,12068971
2026-06-29T14:05:55.414025,2026-06-29T04:05:55.944073+00:00,99.9,4,ask,,,12068972
2026-06-29T14:05:55.550160,2026-06-29T04:05:56.075625+00:00,100.1,200,bid,,,12068982
2026-06-29T14:05:56.758839,2026-06-29T04:05:57.285636+00:00,100.1,200,ask,,,12069008
2026-06-29T14:05:58.968564,2026-06-29T04:05:59.494887+00:00,100.2,1,bid,,,12069050
2026-06-29T14:05:58.968564,2026-06-29T04:05:59.494887+00:00,100.2,200,bid,,,12069051
2026-06-29T14:05:59.171242,2026-06-29T04:05:59.703886+00:00,100.2,200,ask,,,12069053
2026-06-29T14:05:59.832683,2026-06-29T04:06:00.363886+00:00,100.2,1,ask,,,12069063
2026-06-29T14:06:00.283226,2026-06-29T04:06:00.814886+00:00,100.0,200,ask,,,12069074
2026-06-29T14:06:00.283226,2026-06-29T04:06:00.814886+00:00,100.0,1,ask,,,12069075
2026-06-29T14:06:00.375194,2026-06-29T04:06:00.902887+00:00,100.0,200,bid,,,12069077
2026-06-29T14:06:01.470410,2026-06-29T04:06:02.002907+00:00,99.8,1,ask,,,12069102
2026-06-29T14:06:01.470410,2026-06-29T04:06:02.002907+00:00,99.8,19,ask,,,12069103
2026-06-29T14:06:01.764387,2026-06-29T04:06:02.288907+00:00,99.9,132,ask,,,12069114
2026-06-29T14:06:04.218836,2026-06-29T04:06:04.751997+00:00,99.9,200,ask,,,12069159
2026-06-29T14:06:04.218836,2026-06-29T04:06:04.751997+00:00,99.9,2,ask,,,12069160
2026-06-29T14:06:04.269731,2026-06-29T04:06:04.795998+00:00,99.9,20,bid,,,12069161
2026-06-29T14:06:04.385521,2026-06-29T04:06:04.916998+00:00,99.8,1,ask,,,12069164
2026-06-29T14:06:05.529128,2026-06-29T04:06:06.060997+00:00,99.8,200,bid,,,12069199
2026-06-29T14:06:06.792857,2026-06-29T04:06:07.325569+00:00,99.9,20,ask,,,12069221
2026-06-29T14:06:06.862895,2026-06-29T04:06:07.391568+00:00,99.9,5,ask,,,12069222
2026-06-29T14:06:08.538306,2026-06-29T04:06:09.062673+00:00,99.9,20,bid,,,12069246
2026-06-29T14:06:08.867255,2026-06-29T04:06:09.392673+00:00,99.8,6,ask,,,12069255
2026-06-29T14:06:09.482312,2026-06-29T04:06:10.008673+00:00,99.8,194,bid,,,12069274
2026-06-29T14:06:09.787792,2026-06-29T04:06:10.316673+00:00,99.8,20,ask,,,12069276
2026-06-29T14:06:11.287049,2026-06-29T04:06:11.812673+00:00,99.8,2,ask,,,12069298
2026-06-29T14:06:11.287049,2026-06-29T04:06:11.812673+00:00,99.8,198,ask,,,12069299
2026-06-29T14:06:12.109850,2026-06-29T04:06:12.637672+00:00,99.8,2,ask,,,12069319
2026-06-29T14:06:14.734258,2026-06-29T04:06:15.266379+00:00,99.8,200,bid,,,12069363
2026-06-29T14:06:16.047349,2026-06-29T04:06:16.574465+00:00,99.9,200,ask,,,12069384
2026-06-29T14:06:16.226486,2026-06-29T04:06:16.761485+00:00,99.9,20,bid,,,12069392
2026-06-29T14:06:21.292008,2026-06-29T04:06:21.832289+00:00,99.9,200,ask,,,12069483
2026-06-29T14:06:25.301607,2026-06-29T04:06:25.824390+00:00,100.0,1,bid,,,12069569
2026-06-29T14:06:25.834101,2026-06-29T04:06:26.362983+00:00,100.0,3,ask,,,12069576
2026-06-29T14:06:28.200911,2026-06-29T04:06:29.068446+00:00,100.0,200,ask,,,12069624
2026-06-29T14:06:28.200911,2026-06-29T04:06:29.068446+00:00,100.0,300,ask,,,12069625
2026-06-29T14:06:28.798479,2026-06-29T04:06:29.332447+00:00,100.0,325,ask,,,12069631
2026-06-29T14:06:29.143092,2026-06-29T04:06:29.684446+00:00,99.9,200,ask,,,12069635
2026-06-29T14:06:29.143092,2026-06-29T04:06:29.684446+00:00,99.8,1,ask,,,12069636
2026-06-29T14:06:29.143092,2026-06-29T04:06:29.684446+00:00,99.8,2,ask,,,12069637
2026-06-29T14:06:29.446433,2026-06-29T04:06:29.970446+00:00,99.8,200,bid,,,12069642
2026-06-29T14:06:31.876882,2026-06-29T04:06:32.402457+00:00,99.8,200,ask,,,12069696
2026-06-29T14:06:33.093565,2026-06-29T04:06:33.622178+00:00,99.8,200,bid,,,12069716
2026-06-29T14:06:33.437928,2026-06-29T04:06:33.963178+00:00,99.8,20,bid,,,12069725
2026-06-29T14:06:33.975853,2026-06-29T04:06:34.502178+00:00,99.8,20,bid,,,12069735
2026-06-29T14:06:34.299683,2026-06-29T04:06:34.832178+00:00,99.8,200,bid,,,12069746
2026-06-29T14:06:34.397797,2026-06-29T04:06:34.931178+00:00,99.9,1,bid,,,12069749
2026-06-29T14:06:34.397797,2026-06-29T04:06:34.931178+00:00,100.1,2,bid,,,12069750
2026-06-29T14:06:34.397797,2026-06-29T04:06:34.931178+00:00,100.1,500,bid,,,12069751
2026-06-29T14:06:34.397797,2026-06-29T04:06:34.931178+00:00,100.1,122,bid,,,12069752
2026-06-29T14:06:35.506714,2026-06-29T04:06:36.031197+00:00,100.0,11,bid,,,12069775
2026-06-29T14:06:36.063278,2026-06-29T04:06:36.591742+00:00,100.0,189,ask,,,12069780
2026-06-29T14:06:36.669720,2026-06-29T04:06:37.196742+00:00,99.9,1,ask,,,12069789
2026-06-29T14:06:37.025206,2026-06-29T04:06:37.548750+00:00,100.0,1,bid,,,12069804
2026-06-29T14:06:37.934604,2026-06-29T04:06:38.461877+00:00,100.1,8,bid,,,12069817
2026-06-29T14:06:37.934604,2026-06-29T04:06:38.461877+00:00,100.1,192,bid,,,12069818
2026-06-29T14:06:39.653306,2026-06-29T04:06:40.177877+00:00,100.0,200,ask,,,12069851
2026-06-29T14:06:39.653306,2026-06-29T04:06:40.177877+00:00,99.9,1,ask,,,12069852
2026-06-29T14:06:40.356751,2026-06-29T04:06:40.881877+00:00,99.9,200,bid,,,12069869
2026-06-29T14:06:42.363055,2026-06-29T04:06:42.894175+00:00,99.8,20,ask,,,12069909
2026-06-29T14:06:43.013052,2026-06-29T04:06:43.541844+00:00,99.7,2,ask,,,12069917
2026-06-29T14:06:43.013052,2026-06-29T04:06:43.541844+00:00,99.7,1,ask,,,12069918
2026-06-29T14:06:43.013052,2026-06-29T04:06:43.541844+00:00,99.7,17,ask,,,12069919
2026-06-29T14:06:43.593605,2026-06-29T04:06:44.135839+00:00,99.8,6,ask,,,12069945
2026-06-29T14:06:43.593605,2026-06-29T04:06:44.135839+00:00,99.7,200,ask,,,12069946
2026-06-29T14:06:46.376107,2026-06-29T04:06:46.927934+00:00,99.6,20,ask,,,12069993
2026-06-29T14:06:48.377415,2026-06-29T04:06:48.907497+00:00,99.8,20,bid,,,12070032
2026-06-29T14:06:51.268950,2026-06-29T04:06:51.800508+00:00,99.8,1,bid,,,12070087
2026-06-29T14:06:51.478244,2026-06-29T04:06:52.009508+00:00,99.7,1,ask,,,12070089
2026-06-29T14:06:51.478244,2026-06-29T04:06:52.009508+00:00,99.7,200,ask,,,12070090
2026-06-29T14:06:54.910966,2026-06-29T04:06:55.441084+00:00,99.8,200,ask,,,12070162
2026-06-29T14:06:55.134124,2026-06-29T04:06:55.661085+00:00,99.8,20,ask,,,12070167
2026-06-29T14:06:56.122499,2026-06-29T04:06:56.651104+00:00,99.8,200,ask,,,12070186
2026-06-29T14:06:58.030883,2026-06-29T04:06:58.553916+00:00,99.9,200,bid,,,12070227
2026-06-29T14:06:58.538598,2026-06-29T04:06:59.070916+00:00,99.9,200,ask,,,12070232
2026-06-29T14:07:00.657033,2026-06-29T04:07:01.182152+00:00,99.9,200,ask,,,12070281
2026-06-29T14:07:00.657033,2026-06-29T04:07:01.182152+00:00,99.8,425,ask,,,12070282
2026-06-29T14:07:03.392245,2026-06-29T04:07:06.416358+00:00,100.1,200,bid,,,12070341
2026-06-29T14:07:04.587330,2026-06-29T04:07:07.241477+00:00,100.1,5,bid,,,12070364
2026-06-29T14:07:04.603225,2026-06-29T04:07:07.241477+00:00,100.2,1,bid,,,12070366
2026-06-29T14:07:04.603225,2026-06-29T04:07:07.241477+00:00,100.3,199,bid,,,12070367
2026-06-29T14:07:05.790908,2026-06-29T04:07:07.757893+00:00,100.1,20,ask,,,12070391
2026-06-29T14:07:05.815617,2026-06-29T04:07:07.757893+00:00,100.2,8,bid,,,12070396
2026-06-29T14:07:05.815617,2026-06-29T04:07:07.757893+00:00,100.3,192,bid,,,12070397
2026-06-29T14:07:07.025069,2026-06-29T04:07:07.768901+00:00,100.2,7,bid,,,12070420
2026-06-29T14:07:07.025069,2026-06-29T04:07:07.768901+00:00,100.2,1,bid,,,12070421
2026-06-29T14:07:07.025069,2026-06-29T04:07:07.768901+00:00,100.3,192,bid,,,12070422
2026-06-29T14:07:07.212025,2026-06-29T04:07:08.021900+00:00,100.2,5,bid,,,12070430
2026-06-29T14:07:08.236636,2026-06-29T04:07:08.779609+00:00,100.3,3,bid,,,12070453
2026-06-29T14:07:09.443958,2026-06-29T04:07:09.967609+00:00,100.3,1,ask,,,12070466
2026-06-29T14:07:11.343861,2026-06-29T04:07:11.892628+00:00,100.2,1,ask,,,12070489
2026-06-29T14:07:12.457639,2026-06-29T04:07:12.992628+00:00,100.3,200,ask,,,12070511
2026-06-29T14:07:13.086071,2026-06-29T04:07:13.618740+00:00,100.3,200,bid,,,12070515
2026-06-29T14:07:13.768843,2026-06-29T04:07:14.300741+00:00,100.4,1,bid,,,12070528
2026-06-29T14:07:13.768843,2026-06-29T04:07:14.300741+00:00,100.5,200,bid,,,12070529
2026-06-29T14:07:14.297411,2026-06-29T04:07:14.828741+00:00,100.5,200,ask,,,12070538
2026-06-29T14:07:15.093009,2026-06-29T04:07:15.620741+00:00,100.5,35,bid,,,12070551
2026-06-29T14:07:15.160697,2026-06-29T04:07:15.697740+00:00,100.5,25,bid,,,12070557
2026-06-29T14:07:17.673803,2026-06-29T04:07:18.205737+00:00,100.4,35,ask,,,12070611
2026-06-29T14:07:17.804219,2026-06-29T04:07:18.337737+00:00,100.4,25,ask,,,12070612
2026-06-29T14:07:17.814224,2026-06-29T04:07:18.348738+00:00,100.6,2,bid,,,12070614
2026-06-29T14:07:18.020784,2026-06-29T04:07:18.546297+00:00,100.6,2,bid,,,12070616
2026-06-29T14:07:18.225635,2026-06-29T04:07:18.755317+00:00,100.6,1,bid,,,12070621
2026-06-29T14:07:18.225635,2026-06-29T04:07:18.755317+00:00,100.6,1,bid,,,12070622
2026-06-29T14:07:18.432055,2026-06-29T04:07:18.964318+00:00,100.6,2,bid,,,12070625
2026-06-29T14:07:18.636831,2026-06-29T04:07:19.162318+00:00,100.6,2,bid,,,12070642
2026-06-29T14:07:18.841797,2026-06-29T04:07:19.371317+00:00,100.6,2,bid,,,12070651
2026-06-29T14:07:19.057454,2026-06-29T04:07:19.591317+00:00,100.7,1,bid,,,12070656
2026-06-29T14:07:20.327038,2026-06-29T04:07:20.855851+00:00,100.7,1,bid,,,12070681
2026-06-29T14:07:20.327038,2026-06-29T04:07:20.855851+00:00,100.7,7,bid,,,12070682
2026-06-29T14:07:20.891671,2026-06-29T04:07:21.416851+00:00,100.7,500,ask,,,12070693
2026-06-29T14:07:21.486606,2026-06-29T04:07:22.021842+00:00,100.7,117,ask,,,12070713
2026-06-29T14:07:21.560562,2026-06-29T04:07:22.087851+00:00,100.7,200,bid,,,12070714
2026-06-29T14:07:21.673530,2026-06-29T04:07:22.219851+00:00,100.6,25,bid,,,12070719
2026-06-29T14:07:21.686826,2026-06-29T04:07:22.230851+00:00,100.6,35,bid,,,12070720
2026-06-29T14:07:21.780039,2026-06-29T04:07:22.307851+00:00,100.6,35,bid,,,12070723
2026-06-29T14:07:21.782859,2026-06-29T04:07:22.307851+00:00,100.6,25,bid,,,12070724
2026-06-29T14:07:21.869463,2026-06-29T04:07:22.395851+00:00,100.6,30,bid,,,12070727
2026-06-29T14:07:22.773803,2026-06-29T04:07:23.308851+00:00,100.6,200,bid,,,12070741
2026-06-29T14:07:23.159340,2026-06-29T04:07:23.693429+00:00,100.7,20,bid,,,12070750
2026-06-29T14:07:23.990994,2026-06-29T04:07:24.518430+00:00,100.6,25,ask,,,12070756
2026-06-29T14:07:24.052931,2026-06-29T04:07:24.584429+00:00,100.6,35,ask,,,12070762
2026-06-29T14:07:24.083819,2026-06-29T04:07:24.617429+00:00,100.6,25,ask,,,12070764
2026-06-29T14:07:24.141412,2026-06-29T04:07:24.672430+00:00,100.6,35,ask,,,12070772
2026-06-29T14:07:24.232137,2026-06-29T04:07:24.771430+00:00,100.6,28,ask,,,12070776
2026-06-29T14:07:25.197583,2026-06-29T04:07:25.739421+00:00,100.5,200,ask,,,12070788
2026-06-29T14:07:27.202241,2026-06-29T04:07:27.728218+00:00,100.6,35,bid,,,12070827
2026-06-29T14:07:27.217136,2026-06-29T04:07:27.750218+00:00,100.6,25,bid,,,12070832
2026-06-29T14:07:27.293781,2026-06-29T04:07:27.827217+00:00,100.6,35,bid,,,12070834
2026-06-29T14:07:27.304469,2026-06-29T04:07:27.838218+00:00,100.6,25,bid,,,12070837
2026-06-29T14:07:27.385961,2026-06-29T04:07:27.915217+00:00,100.5,20,ask,,,12070840
2026-06-29T14:07:30.275803,2026-06-29T04:07:30.806906+00:00,100.6,35,bid,,,12070895
2026-06-29T14:07:30.320827,2026-06-29T04:07:30.850905+00:00,100.6,25,bid,,,12070904
2026-06-29T14:07:30.369860,2026-06-29T04:07:30.894906+00:00,100.6,35,bid,,,12070907
2026-06-29T14:07:30.432704,2026-06-29T04:07:30.960906+00:00,100.6,25,bid,,,12070913
2026-06-29T14:07:30.462160,2026-06-29T04:07:30.993906+00:00,100.6,30,bid,,,12070914
2026-06-29T14:07:30.842080,2026-06-29T04:07:31.367906+00:00,100.5,1,bid,,,12070926
2026-06-29T14:07:31.330972,2026-06-29T04:07:31.862925+00:00,100.5,25,bid,,,12070938
2026-06-29T14:07:32.566255,2026-06-29T04:07:33.094917+00:00,100.4,2,ask,,,12070972
2026-06-29T14:07:32.770917,2026-06-29T04:07:33.303916+00:00,100.4,2,ask,,,12070979
2026-06-29T14:07:32.976399,2026-06-29T04:07:33.500879+00:00,100.4,2,ask,,,12070985
2026-06-29T14:07:33.181552,2026-06-29T04:07:33.709889+00:00,100.4,2,ask,,,12070988
2026-06-29T14:07:33.386693,2026-06-29T04:07:33.918908+00:00,100.4,1,ask,,,12070994
2026-06-29T14:07:33.451710,2026-06-29T04:07:33.984909+00:00,100.4,191,ask,,,12070997
2026-06-29T14:07:33.675750,2026-06-29T04:07:34.204908+00:00,100.4,200,bid,,,12071003
2026-06-29T14:07:34.248977,2026-06-29T04:07:34.776909+00:00,100.4,1,bid,,,12071010
2026-06-29T14:07:34.259750,2026-06-29T04:07:34.787908+00:00,100.4,1,bid,,,12071014
2026-06-29T14:07:36.584563,2026-06-29T04:07:37.108457+00:00,100.4,47,bid,,,12071058
2026-06-29T14:07:36.607528,2026-06-29T04:07:37.141456+00:00,100.4,25,bid,,,12071061
2026-06-29T14:07:36.678820,2026-06-29T04:07:37.207456+00:00,100.4,25,bid,,,12071068
2026-06-29T14:07:36.819257,2026-06-29T04:07:37.350456+00:00,100.4,25,bid,,,12071077
2026-06-29T14:07:36.823753,2026-06-29T04:07:37.350456+00:00,100.3,1,ask,,,12071078
2026-06-29T14:07:36.823753,2026-06-29T04:07:37.350456+00:00,100.3,1,ask,,,12071079
2026-06-29T14:07:37.030230,2026-06-29T04:07:37.563457+00:00,100.3,2,ask,,,12071080
2026-06-29T14:07:37.235861,2026-06-29T04:07:37.761457+00:00,100.3,2,ask,,,12071089
2026-06-29T14:07:37.440442,2026-06-29T04:07:37.970456+00:00,100.3,2,ask,,,12071094
2026-06-29T14:07:37.491472,2026-06-29T04:07:38.025465+00:00,100.4,4,bid,,,12071097
2026-06-29T14:07:37.646103,2026-06-29T04:07:38.179465+00:00,100.3,2,ask,,,12071103
2026-06-29T14:07:37.858603,2026-06-29T04:07:38.388465+00:00,100.4,25,bid,,,12071105
2026-06-29T14:07:37.862670,2026-06-29T04:07:38.388465+00:00,100.3,2,ask,,,12071106
2026-06-29T14:07:38.067102,2026-06-29T04:07:38.597023+00:00,100.3,2,ask,,,12071113
2026-06-29T14:07:38.272684,2026-06-29T04:07:38.806023+00:00,100.3,1,ask,,,12071117
2026-06-29T14:07:38.272684,2026-06-29T04:07:38.806023+00:00,100.2,1,ask,,,12071118
2026-06-29T14:07:38.483157,2026-06-29T04:07:39.015022+00:00,100.4,25,bid,,,12071123
2026-06-29T14:07:38.487206,2026-06-29T04:07:39.015022+00:00,100.3,2,ask,,,12071124
2026-06-29T14:07:38.705324,2026-06-29T04:07:39.235023+00:00,100.4,25,bid,,,12071129
2026-06-29T14:07:38.709944,2026-06-29T04:07:39.235023+00:00,100.3,2,ask,,,12071130
2026-06-29T14:07:38.911704,2026-06-29T04:07:39.444023+00:00,100.4,3,bid,,,12071132
2026-06-29T14:07:38.914969,2026-06-29T04:07:39.444023+00:00,100.3,2,ask,,,12071133
2026-06-29T14:07:39.123304,2026-06-29T04:07:39.653023+00:00,100.4,3,bid,,,12071137
2026-06-29T14:07:39.126130,2026-06-29T04:07:39.653023+00:00,100.4,18,bid,,,12071138
2026-06-29T14:07:39.130273,2026-06-29T04:07:39.664023+00:00,100.3,1,ask,,,12071139
2026-06-29T14:07:39.130273,2026-06-29T04:07:39.664023+00:00,100.2,1,ask,,,12071140
2026-06-29T14:07:39.332144,2026-06-29T04:07:39.862023+00:00,100.4,2,bid,,,12071147
2026-06-29T14:07:39.337354,2026-06-29T04:07:39.862023+00:00,100.3,2,ask,,,12071148
2026-06-29T14:07:39.541965,2026-06-29T04:07:40.070557+00:00,100.3,2,ask,,,12071159
2026-06-29T14:07:39.716518,2026-06-29T04:07:40.246557+00:00,100.4,200,bid,,,12071167
2026-06-29T14:07:39.747474,2026-06-29T04:07:40.279557+00:00,100.3,1,ask,,,12071170
2026-06-29T14:07:39.747474,2026-06-29T04:07:40.279557+00:00,100.2,1,ask,,,12071171
2026-06-29T14:07:39.943249,2026-06-29T04:07:40.466548+00:00,100.4,1,bid,,,12071177
2026-06-29T14:07:39.954064,2026-06-29T04:07:40.477557+00:00,100.2,2,ask,,,12071178
2026-06-29T14:07:40.158593,2026-06-29T04:07:40.686556+00:00,100.3,2,ask,,,12071182
2026-06-29T14:07:40.363046,2026-06-29T04:07:40.895557+00:00,100.3,2,ask,,,12071189
2026-06-29T14:07:40.567513,2026-06-29T04:07:41.093556+00:00,100.2,1,ask,,,12071191
2026-06-29T14:07:40.567513,2026-06-29T04:07:41.093556+00:00,100.2,1,ask,,,12071192
2026-06-29T14:07:40.773543,2026-06-29T04:07:41.302557+00:00,100.3,2,ask,,,12071193
2026-06-29T14:07:40.980095,2026-06-29T04:07:41.511556+00:00,100.2,2,ask,,,12071198
2026-06-29T14:07:41.185107,2026-06-29T04:07:41.709557+00:00,100.3,1,ask,,,12071203
2026-06-29T14:07:41.185107,2026-06-29T04:07:41.720557+00:00,100.2,1,ask,,,12071204
2026-06-29T14:07:41.391600,2026-06-29T04:07:41.918556+00:00,100.3,2,ask,,,12071205
2026-06-29T14:07:41.599958,2026-06-29T04:07:42.127556+00:00,100.2,2,ask,,,12071208
2026-06-29T14:07:41.806298,2026-06-29T04:07:42.336557+00:00,100.2,2,ask,,,12071214
2026-06-29T14:07:42.011363,2026-06-29T04:07:42.545556+00:00,100.2,2,ask,,,12071219
2026-06-29T14:07:42.173542,2026-06-29T04:07:42.699557+00:00,100.2,20,ask,,,12071229
2026-06-29T14:07:42.216581,2026-06-29T04:07:42.743557+00:00,100.2,2,ask,,,12071230
2026-06-29T14:07:42.422228,2026-06-29T04:07:42.952577+00:00,100.2,2,ask,,,12071236
2026-06-29T14:07:42.632265,2026-06-29T04:07:43.172577+00:00,100.2,200,ask,,,12071237
2026-06-29T14:07:42.637683,2026-06-29T04:07:43.183577+00:00,100.0,2,ask,,,12071238
2026-06-29T14:07:42.759184,2026-06-29T04:07:43.282577+00:00,100.2,20,bid,,,12071239
2026-06-29T14:07:42.843461,2026-06-29T04:07:43.370577+00:00,100.1,1,ask,,,12071242
2026-06-29T14:07:42.843461,2026-06-29T04:07:43.370577+00:00,100.0,1,ask,,,12071243
2026-06-29T14:07:43.353155,2026-06-29T04:07:43.887127+00:00,100.2,200,bid,,,12071253
2026-06-29T14:07:44.116620,2026-06-29T04:07:44.646127+00:00,100.3,2,ask,,,12071277
2026-06-29T14:07:44.321137,2026-06-29T04:07:44.855127+00:00,100.3,2,ask,,,12071282
2026-06-29T14:07:44.527778,2026-06-29T04:07:45.053127+00:00,100.3,2,ask,,,12071293
2026-06-29T14:07:44.562030,2026-06-29T04:07:45.086127+00:00,100.3,200,ask,,,12071295
2026-06-29T14:07:44.733330,2026-06-29T04:07:45.262128+00:00,100.3,2,ask,,,12071297
2026-06-29T14:07:44.937520,2026-06-29T04:07:45.471127+00:00,100.3,2,ask,,,12071298
2026-06-29T14:07:45.141955,2026-06-29T04:07:45.669127+00:00,100.3,2,ask,,,12071306
2026-06-29T14:07:46.171549,2026-06-29T04:07:46.702680+00:00,100.1,2,ask,,,12071328
2026-06-29T14:07:46.376040,2026-06-29T04:07:46.900680+00:00,100.1,2,ask,,,12071332
2026-06-29T14:07:46.581258,2026-06-29T04:07:47.109681+00:00,100.2,2,ask,,,12071341
2026-06-29T14:07:46.786144,2026-06-29T04:07:47.318680+00:00,100.2,2,ask,,,12071349
2026-06-29T14:07:46.976566,2026-06-29T04:07:47.505680+00:00,100.2,200,ask,,,12071353
2026-06-29T14:07:46.991676,2026-06-29T04:07:47.516680+00:00,100.2,2,ask,,,12071354
2026-06-29T14:07:47.879368,2026-06-29T04:07:49.154362+00:00,100.2,2,ask,,,12071372
2026-06-29T14:07:48.186302,2026-06-29T04:07:49.209362+00:00,100.2,200,bid,,,12071383
2026-06-29T14:07:50.501642,2026-06-29T04:07:56.775540+00:00,100.4,200,bid,,,12071419
2026-06-29T14:07:50.544827,2026-06-29T04:07:57.281541+00:00,100.4,35,ask,,,12071422
2026-06-29T14:07:50.574651,2026-06-29T04:08:01.912097+00:00,100.4,25,ask,,,12071425
2026-06-29T14:07:50.604687,2026-06-29T04:08:02.165097+00:00,100.4,25,ask,,,12071431
2026-06-29T14:07:50.633225,2026-06-29T04:08:02.165097+00:00,100.4,15,ask,,,12071434
2026-06-29T14:07:52.480908,2026-06-29T04:08:03.683260+00:00,100.4,50,bid,,,12071471
2026-06-29T14:07:52.599086,2026-06-29T04:08:03.683260+00:00,100.4,25,bid,,,12071476
2026-06-29T14:07:52.625415,2026-06-29T04:08:03.683260+00:00,100.4,25,bid,,,12071478
2026-06-29T14:07:52.807639,2026-06-29T04:08:03.738260+00:00,100.4,25,bid,,,12071483
2026-06-29T14:07:52.834213,2026-06-29T04:08:03.936260+00:00,100.4,25,bid,,,12071485
2026-06-29T14:07:53.034996,2026-06-29T04:08:03.947260+00:00,100.4,200,bid,,,12071489
2026-06-29T14:07:53.130099,2026-06-29T04:08:03.991260+00:00,100.4,300,bid,,,12071490
2026-06-29T14:07:53.575725,2026-06-29T04:08:04.244260+00:00,100.4,325,ask,,,12071503
2026-06-29T14:07:55.450964,2026-06-29T04:08:05.079794+00:00,100.1,2,ask,,,12071554
2026-06-29T14:07:55.450964,2026-06-29T04:08:05.079794+00:00,100.1,198,ask,,,12071555
2026-06-29T14:07:56.664872,2026-06-29T04:08:05.453794+00:00,100.1,200,ask,,,12071584
2026-06-29T14:07:57.066104,2026-06-29T04:08:05.519794+00:00,100.1,1,ask,,,12071587
2026-06-29T14:07:57.237946,2026-06-29T04:08:05.519794+00:00,100.0,1,bid,,,12071591
2026-06-29T14:07:57.874691,2026-06-29T04:08:05.585793+00:00,100.0,200,bid,,,12071600
2026-06-29T14:07:58.047670,2026-06-29T04:08:05.706794+00:00,100.0,1,bid,,,12071603
2026-06-29T14:07:59.088573,2026-06-29T04:08:05.849794+00:00,100.1,1,ask,,,12071623
2026-06-29T14:07:59.088573,2026-06-29T04:08:05.849794+00:00,100.0,199,ask,,,12071624
2026-06-29T14:07:59.859470,2026-06-29T04:08:06.025794+00:00,100.1,25,bid,,,12071639
2026-06-29T14:07:59.863585,2026-06-29T04:08:06.025794+00:00,100.1,25,bid,,,12071640
2026-06-29T14:08:00.073658,2026-06-29T04:08:06.025794+00:00,100.1,10,bid,,,12071644
2026-06-29T14:08:00.076839,2026-06-29T04:08:06.025794+00:00,100.1,25,bid,,,12071645
2026-06-29T14:08:00.289235,2026-06-29T04:08:06.025794+00:00,100.1,25,bid,,,12071654
2026-06-29T14:08:00.300251,2026-06-29T04:08:06.047794+00:00,100.0,2,ask,,,12071656
2026-06-29T14:08:00.994817,2026-06-29T04:08:06.277888+00:00,100.0,198,bid,,,12071686
2026-06-29T14:08:01.508884,2026-06-29T04:08:06.277888+00:00,100.1,200,ask,,,12071690
2026-06-29T14:08:03.628444,2026-06-29T04:08:06.530888+00:00,99.9,500,ask,,,12071731
2026-06-29T14:08:03.873774,2026-06-29T04:08:06.530888+00:00,99.9,125,bid,,,12071737
2026-06-29T14:08:03.926598,2026-06-29T04:08:06.530888+00:00,99.9,200,ask,,,12071738
2026-06-29T14:08:05.035363,2026-06-29T04:08:06.552888+00:00,100.2,20,bid,,,12071755
2026-06-29T14:08:09.937846,2026-06-29T04:08:10.468115+00:00,100.2,500,ask,,,12071838
2026-06-29T14:08:10.185141,2026-06-29T04:08:10.721114+00:00,100.2,200,ask,,,12071842
2026-06-29T14:08:11.182175,2026-06-29T04:08:11.711114+00:00,100.1,200,bid,,,12071859
2026-06-29T14:08:11.750796,2026-06-29T04:08:12.283115+00:00,100.1,500,ask,,,12071867
2026-06-29T14:08:12.343885,2026-06-29T04:08:12.877135+00:00,100.1,125,ask,,,12071885
2026-06-29T14:08:12.343885,2026-06-29T04:08:12.877135+00:00,100.0,1,ask,,,12071886
2026-06-29T14:08:12.343885,2026-06-29T04:08:12.877135+00:00,100.0,1,ask,,,12071887
2026-06-29T14:08:12.959267,2026-06-29T04:08:13.492393+00:00,99.9,200,ask,,,12071900
2026-06-29T14:08:12.959267,2026-06-29T04:08:13.492393+00:00,99.9,11,ask,,,12071901
2026-06-29T14:08:13.522317,2026-06-29T04:08:14.053393+00:00,99.9,7,bid,,,12071910
2026-06-29T14:08:15.433730,2026-06-29T04:08:15.967413+00:00,99.9,200,ask,,,12071949
2026-06-29T14:08:15.433730,2026-06-29T04:08:15.967413+00:00,99.8,8,ask,,,12071950
2026-06-29T14:08:18.402956,2026-06-29T04:08:18.936762+00:00,99.8,200,ask,,,12072007
2026-06-29T14:08:20.841334,2026-06-29T04:08:21.367762+00:00,99.7,5,ask,,,12072041
2026-06-29T14:08:20.841334,2026-06-29T04:08:21.367762+00:00,99.7,200,ask,,,12072042
2026-06-29T14:08:21.441307,2026-06-29T04:08:21.972762+00:00,99.6,500,ask,,,12072053
2026-06-29T14:08:21.986636,2026-06-29T04:08:22.511761+00:00,99.6,200,ask,,,12072069
2026-06-29T14:08:22.082471,2026-06-29T04:08:22.610761+00:00,99.4,200,bid,,,12072074
2026-06-29T14:08:23.292811,2026-06-29T04:08:23.819671+00:00,99.4,200,bid,,,12072091
2026-06-29T14:08:23.300277,2026-06-29T04:08:23.830671+00:00,99.6,500,bid,,,12072092
2026-06-29T14:08:23.846990,2026-06-29T04:08:24.380663+00:00,99.6,125,ask,,,12072104
2026-06-29T14:08:23.863617,2026-06-29T04:08:24.391671+00:00,99.6,1,bid,,,12072106
2026-06-29T14:08:24.515324,2026-06-29T04:08:25.040672+00:00,99.5,150,ask,,,12072125
2026-06-29T14:08:25.717202,2026-06-29T04:08:26.250705+00:00,99.5,1,ask,,,12072148
2026-06-29T14:08:25.919847,2026-06-29T04:08:26.448705+00:00,99.5,199,bid,,,12072149
2026-06-29T14:08:27.324225,2026-06-29T04:08:27.856705+00:00,99.5,35,bid,,,12072167
2026-06-29T14:08:27.413337,2026-06-29T04:08:27.944705+00:00,99.5,35,bid,,,12072169
2026-06-29T14:08:27.516791,2026-06-29T04:08:28.043705+00:00,99.5,35,bid,,,12072173
2026-06-29T14:08:27.610304,2026-06-29T04:08:28.142705+00:00,99.5,35,bid,,,12072177
2026-06-29T14:08:27.699471,2026-06-29T04:08:28.230705+00:00,99.5,10,bid,,,12072181
2026-06-29T14:08:31.772482,2026-06-29T04:08:32.299145+00:00,99.5,200,bid,,,12072249
2026-06-29T14:08:32.534487,2026-06-29T04:08:33.069136+00:00,99.6,199,ask,,,12072267
2026-06-29T14:08:32.561495,2026-06-29T04:08:33.091135+00:00,99.6,8,ask,,,12072268
2026-06-29T14:08:32.987796,2026-06-29T04:08:33.520135+00:00,99.6,200,ask,,,12072277
2026-06-29T14:08:34.197716,2026-06-29T04:08:34.729855+00:00,99.5,200,bid,,,12072302
2026-06-29T14:08:36.404292,2026-06-29T04:08:36.929026+00:00,99.7,200,bid,,,12072331
2026-06-29T14:08:37.716126,2026-06-29T04:08:38.249035+00:00,99.7,200,ask,,,12072358
2026-06-29T14:08:37.824975,2026-06-29T04:08:38.359035+00:00,99.7,200,bid,,,12072361
2026-06-29T14:08:41.678586,2026-06-29T04:08:42.207743+00:00,99.7,200,ask,,,12072423
2026-06-29T14:08:42.689574,2026-06-29T04:08:43.220743+00:00,99.7,200,bid,,,12072445
2026-06-29T14:08:42.987275,2026-06-29T04:08:43.517380+00:00,99.8,8,bid,,,12072453
2026-06-29T14:08:42.987275,2026-06-29T04:08:43.517380+00:00,99.8,500,bid,,,12072454
2026-06-29T14:08:43.228699,2026-06-29T04:08:43.759379+00:00,99.8,117,ask,,,12072459
2026-06-29T14:08:44.302194,2026-06-29T04:08:44.826380+00:00,99.7,200,ask,,,12072478
2026-06-29T14:08:45.120938,2026-06-29T04:08:45.651380+00:00,99.6,200,bid,,,12072497
2026-06-29T14:08:49.446484,2026-06-29T04:08:49.973510+00:00,99.7,35,bid,,,12072590
2026-06-29T14:08:49.534393,2026-06-29T04:08:50.061522+00:00,99.7,35,bid,,,12072593
2026-06-29T14:08:49.544853,2026-06-29T04:08:50.072522+00:00,99.7,430,bid,,,12072594
2026-06-29T14:08:50.517063,2026-06-29T04:08:51.051531+00:00,99.7,195,ask,,,12072612
2026-06-29T14:08:50.517063,2026-06-29T04:08:51.051531+00:00,99.7,200,ask,,,12072613
2026-06-29T14:08:50.605412,2026-06-29T04:08:51.139531+00:00,99.7,35,bid,,,12072619
2026-06-29T14:08:50.693200,2026-06-29T04:08:51.227530+00:00,99.7,34,bid,,,12072621
2026-06-29T14:08:51.188121,2026-06-29T04:08:51.722530+00:00,99.6,200,bid,,,12072624
2026-06-29T14:08:53.482505,2026-06-29T04:08:54.010089+00:00,99.6,500,bid,,,12072680
2026-06-29T14:08:53.513330,2026-06-29T04:08:54.043088+00:00,99.6,35,ask,,,12072684
2026-06-29T14:08:53.618083,2026-06-29T04:08:54.142089+00:00,99.6,25,ask,,,12072690
2026-06-29T14:08:53.618194,2026-06-29T04:08:54.153088+00:00,99.6,25,ask,,,12072691
2026-06-29T14:08:53.623728,2026-06-29T04:08:54.153088+00:00,99.6,35,ask,,,12072692
2026-06-29T14:08:54.799179,2026-06-29T04:08:55.329622+00:00,99.5,200,ask,,,12072718
2026-06-29T14:08:54.799179,2026-06-29T04:08:55.329622+00:00,99.4,1,ask,,,12072719
2026-06-29T14:08:54.822163,2026-06-29T04:08:55.351622+00:00,99.4,200,bid,,,12072723
2026-06-29T14:08:54.872454,2026-06-29T04:08:55.406621+00:00,99.4,2,bid,,,12072724
2026-06-29T14:08:55.077112,2026-06-29T04:08:55.604622+00:00,99.4,2,bid,,,12072726
2026-06-29T14:08:55.281931,2026-06-29T04:08:55.813622+00:00,99.4,2,bid,,,12072730
2026-06-29T14:08:55.490735,2026-06-29T04:08:56.022622+00:00,99.4,2,bid,,,12072735
2026-06-29T14:08:55.796520,2026-06-29T04:08:56.330224+00:00,99.2,69,ask,,,12072751
2026-06-29T14:08:55.841890,2026-06-29T04:08:56.374224+00:00,99.2,25,ask,,,12072752
2026-06-29T14:08:55.896227,2026-06-29T04:08:56.429223+00:00,99.2,25,ask,,,12072754
2026-06-29T14:08:56.030587,2026-06-29T04:08:56.594224+00:00,99.4,200,bid,,,12072759
2026-06-29T14:08:56.051430,2026-06-29T04:08:56.616223+00:00,99.2,25,ask,,,12072761
2026-06-29T14:08:56.114339,2026-06-29T04:08:56.649223+00:00,99.5,6,ask,,,12072764
2026-06-29T14:08:56.260460,2026-06-29T04:08:56.792223+00:00,99.5,25,ask,,,12072767
2026-06-29T14:08:56.323253,2026-06-29T04:08:56.847224+00:00,99.5,25,ask,,,12072770
2026-06-29T14:08:56.472018,2026-06-29T04:08:57.001224+00:00,99.5,25,ask,,,12072775
2026-06-29T14:08:56.534440,2026-06-29T04:08:57.067223+00:00,99.5,25,ask,,,12072778
2026-06-29T14:09:00.048984,2026-06-29T04:09:00.574515+00:00,99.6,200,bid,,,12072820
2026-06-29T14:09:00.048984,2026-06-29T04:09:00.574515+00:00,99.7,425,bid,,,12072821
2026-06-29T14:09:01.363276,2026-06-29T04:09:01.894515+00:00,99.5,7,ask,,,12072838
2026-06-29T14:09:01.363276,2026-06-29T04:09:01.894515+00:00,99.5,200,ask,,,12072839
2026-06-29T14:09:02.675292,2026-06-29T04:09:03.203517+00:00,99.5,200,bid,,,12072854
2026-06-29T14:09:03.306476,2026-06-29T04:09:03.841093+00:00,99.5,200,ask,,,12072864
2026-06-29T14:09:05.298723,2026-06-29T04:09:05.832093+00:00,99.6,200,bid,,,12072903
2026-06-29T14:09:06.934463,2026-06-29T04:09:07.459645+00:00,99.7,200,bid,,,12072947
2026-06-29T14:09:07.870810,2026-06-29T04:09:08.405636+00:00,99.7,20,bid,,,12072970
2026-06-29T14:09:09.358020,2026-06-29T04:09:09.889183+00:00,99.7,200,bid,,,12073002
2026-06-29T14:09:10.572588,2026-06-29T04:09:11.099183+00:00,99.7,200,bid,,,12073041
2026-06-29T14:09:13.000721,2026-06-29T04:09:13.529760+00:00,99.5,200,ask,,,12073085
2026-06-29T14:09:14.481954,2026-06-29T04:09:15.014760+00:00,99.6,200,bid,,,12073110
2026-06-29T14:09:14.519325,2026-06-29T04:09:15.047760+00:00,99.6,25,ask,,,12073111
2026-06-29T14:09:14.578253,2026-06-29T04:09:15.102751+00:00,99.6,25,ask,,,12073114
2026-06-29T14:09:17.998214,2026-06-29T04:09:18.522993+00:00,99.5,25,ask,,,12073188
2026-06-29T14:09:18.135856,2026-06-29T04:09:18.665993+00:00,99.5,25,ask,,,12073195
2026-06-29T14:09:18.209386,2026-06-29T04:09:18.742993+00:00,99.5,25,ask,,,12073197
2026-06-29T14:09:18.360973,2026-06-29T04:09:18.896993+00:00,99.5,25,ask,,,12073200
2026-06-29T14:09:21.044693,2026-06-29T04:09:21.581013+00:00,99.5,200,ask,,,12073254
2026-06-29T14:09:21.044693,2026-06-29T04:09:21.581013+00:00,99.5,425,ask,,,12073255
2026-06-29T14:09:21.476457,2026-06-29T04:09:22.010005+00:00,99.5,200,ask,,,12073263
2026-06-29T14:09:22.112877,2026-06-29T04:09:22.637013+00:00,99.5,20,ask,,,12073276
2026-06-29T14:09:22.685277,2026-06-29T04:09:23.220013+00:00,99.6,200,ask,,,12073285
2026-06-29T14:09:24.688245,2026-06-29T04:09:25.221570+00:00,99.5,20,ask,,,12073344
2026-06-29T14:09:24.977110,2026-06-29T04:09:25.507570+00:00,99.6,200,bid,,,12073346
2026-06-29T14:09:27.462276,2026-06-29T04:09:27.992472+00:00,99.7,150,bid,,,12073396
2026-06-29T14:09:27.465479,2026-06-29T04:09:27.992472+00:00,99.7,25,bid,,,12073397
2026-06-29T14:09:27.552768,2026-06-29T04:09:28.080472+00:00,99.6,26,ask,,,12073400
2026-06-29T14:09:28.915361,2026-06-29T04:09:29.444028+00:00,99.6,200,bid,,,12073424
2026-06-29T14:09:29.946719,2026-06-29T04:09:30.478028+00:00,99.8,200,bid,,,12073447
2026-06-29T14:09:31.196940,2026-06-29T04:09:31.721020+00:00,99.8,1,bid,,,12073465
2026-06-29T14:09:31.196940,2026-06-29T04:09:31.732019+00:00,99.8,19,bid,,,12073466
2026-06-29T14:09:32.106226,2026-06-29T04:09:32.667029+00:00,99.6,20,ask,,,12073490
2026-06-29T14:09:32.377647,2026-06-29T04:09:32.942028+00:00,99.7,200,bid,,,12073494
2026-06-29T14:09:33.586163,2026-06-29T04:09:34.151605+00:00,99.7,200,bid,,,12073508
2026-06-29T14:09:34.697022,2026-06-29T04:09:35.273605+00:00,99.6,500,ask,,,12073527
2026-06-29T14:09:35.295189,2026-06-29T04:09:35.856130+00:00,99.6,125,ask,,,12073539
2026-06-29T14:09:35.295189,2026-06-29T04:09:35.867130+00:00,99.6,200,ask,,,12073540
2026-06-29T14:09:35.492610,2026-06-29T04:09:36.021139+00:00,99.5,5,bid,,,12073544
2026-06-29T14:09:35.652243,2026-06-29T04:09:36.186159+00:00,99.5,6,bid,,,12073551
2026-06-29T14:09:35.809329,2026-06-29T04:09:36.340159+00:00,99.5,25,bid,,,12073562
2026-06-29T14:09:35.813904,2026-06-29T04:09:36.340159+00:00,99.4,2,ask,,,12073563
2026-06-29T14:09:36.010795,2026-06-29T04:09:36.538159+00:00,99.4,1,ask,,,12073577
2026-06-29T14:09:36.851911,2026-06-29T04:09:37.385159+00:00,99.3,2,ask,,,12073592
2026-06-29T14:09:37.056412,2026-06-29T04:09:37.583159+00:00,99.3,2,ask,,,12073594
2026-06-29T14:09:37.117141,2026-06-29T04:09:37.649159+00:00,99.4,20,bid,,,12073595
2026-06-29T14:09:37.260629,2026-06-29T04:09:37.792159+00:00,99.3,2,ask,,,12073602
2026-06-29T14:09:37.464734,2026-06-29T04:09:37.990159+00:00,99.3,2,ask,,,12073609
2026-06-29T14:09:37.670326,2026-06-29T04:09:38.199159+00:00,99.3,1,ask,,,12073613
2026-06-29T14:09:38.903267,2026-06-29T04:09:39.429828+00:00,99.4,20,bid,,,12073642
2026-06-29T14:09:42.057402,2026-06-29T04:09:42.586849+00:00,99.3,3,ask,,,12073704
2026-06-29T14:09:42.783870,2026-06-29T04:09:43.312848+00:00,99.3,20,bid,,,12073720
2026-06-29T14:09:43.278872,2026-06-29T04:09:43.806535+00:00,99.3,200,bid,,,12073739
2026-06-29T14:09:44.487622,2026-06-29T04:09:45.016546+00:00,99.4,14,ask,,,12073756
2026-06-29T14:09:44.513380,2026-06-29T04:09:45.038555+00:00,99.4,25,ask,,,12073758
2026-06-29T14:09:44.561850,2026-06-29T04:09:45.093555+00:00,99.4,35,ask,,,12073761
2026-06-29T14:09:44.652134,2026-06-29T04:09:45.181555+00:00,99.4,17,ask,,,12073765
2026-06-29T14:09:45.694158,2026-06-29T04:09:46.226120+00:00,99.5,200,bid,,,12073794
2026-06-29T14:09:47.314776,2026-06-29T04:09:47.843120+00:00,99.5,200,bid,,,12073824
2026-06-29T14:09:48.111445,2026-06-29T04:09:48.645668+00:00,99.5,200,ask,,,12073842
2026-06-29T14:09:49.951309,2026-06-29T04:09:50.482697+00:00,99.3,20,ask,,,12073882
2026-06-29T14:09:51.257030,2026-06-29T04:09:51.791697+00:00,99.4,200,bid,,,12073900
2026-06-29T14:09:53.882136,2026-06-29T04:09:54.408788+00:00,99.4,200,ask,,,12073950
2026-06-29T14:09:54.151803,2026-06-29T04:09:54.683788+00:00,99.4,200,bid,,,12073960
2026-06-29T14:09:55.931761,2026-06-29T04:09:56.464884+00:00,99.4,20,ask,,,12073995
2026-06-29T14:09:56.466870,2026-06-29T04:09:56.992884+00:00,99.5,200,bid,,,12074002
2026-06-29T14:09:56.567904,2026-06-29T04:09:57.102417+00:00,99.6,3,bid,,,12074005
2026-06-29T14:09:56.567904,2026-06-29T04:09:57.102417+00:00,99.6,197,bid,,,12074006
2026-06-29T14:09:57.825076,2026-06-29T04:09:58.356418+00:00,99.6,2,ask,,,12074023
2026-06-29T14:09:58.014439,2026-06-29T04:09:58.542020+00:00,99.6,20,ask,,,12074029
2026-06-29T14:10:00.441707,2026-06-29T04:10:00.973031+00:00,99.6,200,ask,,,12074072
2026-06-29T14:10:01.408708,2026-06-29T04:10:01.941041+00:00,99.6,200,bid,,,12074090
2026-06-29T14:10:04.374003,2026-06-29T04:10:04.932209+00:00,99.6,4,bid,,,12074138
2026-06-29T14:10:05.042247,2026-06-29T04:10:05.581208+00:00,99.6,200,ask,,,12074148
2026-06-29T14:10:05.732246,2026-06-29T04:10:06.295759+00:00,99.6,100,bid,,,12074164
2026-06-29T14:10:05.744089,2026-06-29T04:10:06.306759+00:00,99.6,25,bid,,,12074167
2026-06-29T14:10:05.825561,2026-06-29T04:10:06.383759+00:00,99.4,8,ask,,,12074168
2026-06-29T14:10:05.825561,2026-06-29T04:10:06.383759+00:00,99.4,17,ask,,,12074169
2026-06-29T14:10:07.463022,2026-06-29T04:10:08.022759+00:00,99.6,200,bid,,,12074209
2026-06-29T14:10:08.670919,2026-06-29T04:10:09.231503+00:00,99.6,200,bid,,,12074230
2026-06-29T14:10:09.653439,2026-06-29T04:10:10.188503+00:00,99.7,8,bid,,,12074251
2026-06-29T14:10:09.653439,2026-06-29T04:10:10.188503+00:00,99.7,12,bid,,,12074252
2026-06-29T14:10:11.095639,2026-06-29T04:10:11.629523+00:00,99.6,200,ask,,,12074293
2026-06-29T14:10:12.247371,2026-06-29T04:10:12.773524+00:00,99.7,4,bid,,,12074312
2026-06-29T14:10:13.511545,2026-06-29T04:10:14.038081+00:00,99.8,7,bid,,,12074340
2026-06-29T14:10:13.511545,2026-06-29T04:10:14.049081+00:00,99.9,193,bid,,,12074341
2026-06-29T14:10:14.720348,2026-06-29T04:10:15.248081+00:00,99.8,7,bid,,,12074364
2026-06-29T14:10:15.933456,2026-06-29T04:10:16.468659+00:00,99.9,200,ask,,,12074401
2026-06-29T14:10:16.248515,2026-06-29T04:10:16.776660+00:00,99.8,5,bid,,,12074406
2026-06-29T14:10:16.417339,2026-06-29T04:10:16.952659+00:00,99.8,4,bid,,,12074408
2026-06-29T14:10:17.501002,2026-06-29T04:10:18.030659+00:00,99.7,200,ask,,,12074442
2026-06-29T14:10:18.118838,2026-06-29T04:10:18.645350+00:00,99.6,37,bid,,,12074452
2026-06-29T14:10:18.176421,2026-06-29T04:10:18.711350+00:00,99.6,25,bid,,,12074455
2026-06-29T14:10:18.191682,2026-06-29T04:10:18.722350+00:00,99.6,25,bid,,,12074457
2026-06-29T14:10:18.345124,2026-06-29T04:10:18.876350+00:00,99.6,200,bid,,,12074461
2026-06-29T14:10:18.385695,2026-06-29T04:10:18.920350+00:00,99.6,25,bid,,,12074463
2026-06-29T14:10:18.401903,2026-06-29T04:10:18.931350+00:00,99.6,25,bid,,,12074465
2026-06-29T14:10:18.597667,2026-06-29T04:10:19.129350+00:00,99.6,25,bid,,,12074474
2026-06-29T14:10:18.811452,2026-06-29T04:10:19.349350+00:00,99.8,4,bid,,,12074476
2026-06-29T14:10:18.811452,2026-06-29T04:10:19.349350+00:00,99.8,500,bid,,,12074477
2026-06-29T14:10:18.811452,2026-06-29T04:10:19.349350+00:00,99.8,121,bid,,,12074478
2026-06-29T14:10:19.030330,2026-06-29T04:10:19.558350+00:00,99.4,2,ask,,,12074486
2026-06-29T14:10:19.234830,2026-06-29T04:10:19.767350+00:00,99.4,1,ask,,,12074488
2026-06-29T14:10:19.234830,2026-06-29T04:10:19.767350+00:00,99.4,1,ask,,,12074489
2026-06-29T14:10:19.441194,2026-06-29T04:10:19.976350+00:00,99.5,2,ask,,,12074491
2026-06-29T14:10:19.646463,2026-06-29T04:10:20.174350+00:00,99.7,2,ask,,,12074500
2026-06-29T14:10:23.188818,2026-06-29T04:10:23.715906+00:00,99.7,200,bid,,,12074545
2026-06-29T14:10:25.608830,2026-06-29T04:10:26.135020+00:00,99.7,200,bid,,,12074588
2026-06-29T14:10:31.923765,2026-06-29T04:10:32.448122+00:00,99.7,200,bid,,,12074703
2026-06-29T14:10:33.236109,2026-06-29T04:10:33.767280+00:00,99.8,1,bid,,,12074728
2026-06-29T14:10:33.236109,2026-06-29T04:10:33.767280+00:00,99.8,200,bid,,,12074729
2026-06-29T14:10:34.086351,2026-06-29T04:10:34.614288+00:00,99.8,200,ask,,,12074758
2026-06-29T14:10:35.869943,2026-06-29T04:10:36.395910+00:00,99.8,200,bid,,,12074774
2026-06-29T14:10:36.503855,2026-06-29T04:10:37.066931+00:00,99.8,200,ask,,,12074788
2026-06-29T14:10:37.204458,2026-06-29T04:10:37.759931+00:00,99.6,200,ask,,,12074810
2026-06-29T14:10:37.246090,2026-06-29T04:10:37.803931+00:00,99.6,3,bid,,,12074812
2026-06-29T14:10:37.708075,2026-06-29T04:10:38.265931+00:00,99.6,200,bid,,,12074830
2026-06-29T14:10:42.557817,2026-06-29T04:10:43.114386+00:00,99.6,200,ask,,,12074934
2026-06-29T14:10:44.979688,2026-06-29T04:10:45.511939+00:00,99.5,1,ask,,,12074974
2026-06-29T14:10:44.979688,2026-06-29T04:10:45.511939+00:00,99.5,199,ask,,,12074975
2026-06-29T14:10:46.188414,2026-06-29T04:10:46.721503+00:00,99.6,200,bid,,,12075014
2026-06-29T14:10:46.573744,2026-06-29T04:10:47.106503+00:00,99.5,35,ask,,,12075022
2026-06-29T14:10:46.661630,2026-06-29T04:10:47.194503+00:00,99.5,35,ask,,,12075024
2026-06-29T14:10:46.667313,2026-06-29T04:10:47.194503+00:00,99.5,25,ask,,,12075025
2026-06-29T14:10:46.699784,2026-06-29T04:10:47.227503+00:00,99.5,25,ask,,,12075027
2026-06-29T14:10:46.768403,2026-06-29T04:10:47.293503+00:00,99.5,30,ask,,,12075030
2026-06-29T14:10:49.827013,2026-06-29T04:10:50.354199+00:00,99.5,1,ask,,,12075089
2026-06-29T14:10:49.827013,2026-06-29T04:10:50.354199+00:00,99.5,8,ask,,,12075090
2026-06-29T14:10:49.827013,2026-06-29T04:10:50.354199+00:00,99.5,191,ask,,,12075091
2026-06-29T14:10:51.036354,2026-06-29T04:10:51.608503+00:00,99.5,200,ask,,,12075110
2026-06-29T14:10:51.257761,2026-06-29T04:10:51.817503+00:00,99.7,20,bid,,,12075117
2026-06-29T14:10:53.405352,2026-06-29T04:10:53.940048+00:00,99.6,200,bid,,,12075175
2026-06-29T14:10:53.405352,2026-06-29T04:10:53.940048+00:00,99.6,300,bid,,,12075176
2026-06-29T14:10:54.000323,2026-06-29T04:10:54.534048+00:00,99.6,325,bid,,,12075191
2026-06-29T14:10:54.070290,2026-06-29T04:10:54.600048+00:00,99.6,35,ask,,,12075194
2026-06-29T14:10:54.089696,2026-06-29T04:10:54.622048+00:00,99.6,25,ask,,,12075195
2026-06-29T14:10:54.122057,2026-06-29T04:10:54.655048+00:00,99.6,25,ask,,,12075199
2026-06-29T14:10:54.159001,2026-06-29T04:10:54.688048+00:00,99.6,17,ask,,,12075202
2026-06-29T14:10:54.654300,2026-06-29T04:10:55.194048+00:00,99.7,1,bid,,,12075211
2026-06-29T14:10:54.654300,2026-06-29T04:10:55.194048+00:00,99.7,199,bid,,,12075212
2026-06-29T14:10:55.611179,2026-06-29T04:10:56.150579+00:00,99.7,35,ask,,,12075232
2026-06-29T14:10:55.705038,2026-06-29T04:10:56.238698+00:00,99.7,4,ask,,,12075235
2026-06-29T14:10:55.707769,2026-06-29T04:10:56.238698+00:00,99.7,13,ask,,,12075236
2026-06-29T14:10:56.873776,2026-06-29T04:10:57.404718+00:00,99.8,200,bid,,,12075255
2026-06-29T14:10:56.873776,2026-06-29T04:10:57.404718+00:00,99.8,1,bid,,,12075256
2026-06-29T14:10:58.285972,2026-06-29T04:10:58.811371+00:00,99.8,200,ask,,,12075281
2026-06-29T14:11:04.358004,2026-06-29T04:11:04.894055+00:00,99.8,1,bid,,,12075398
2026-06-29T14:11:04.358004,2026-06-29T04:11:04.894055+00:00,99.8,199,bid,,,12075399
2026-06-29T14:11:04.750015,2026-06-29T04:11:05.279075+00:00,99.9,500,bid,,,12075407
2026-06-29T14:11:04.750015,2026-06-29T04:11:05.279075+00:00,99.9,1,bid,,,12075408
2026-06-29T14:11:04.910927,2026-06-29T04:11:05.444075+00:00,99.9,124,ask,,,12075413
2026-06-29T14:11:06.776246,2026-06-29T04:11:07.302158+00:00,99.6,200,ask,,,12075445
2026-06-29T14:11:08.426574,2026-06-29T04:11:08.962296+00:00,99.7,20,bid,,,12075466
2026-06-29T14:11:08.757855,2026-06-29T04:11:09.292296+00:00,99.5,1,ask,,,12075471
2026-06-29T14:11:08.757855,2026-06-29T04:11:09.292296+00:00,99.5,24,ask,,,12075472
2026-06-29T14:11:08.967948,2026-06-29T04:11:09.501296+00:00,99.5,17,ask,,,12075482
2026-06-29T14:11:10.747836,2026-06-29T04:11:11.283287+00:00,99.5,6,ask,,,12075518
2026-06-29T14:11:12.825444,2026-06-29T04:11:13.361899+00:00,99.7,200,bid,,,12075565
2026-06-29T14:11:14.033531,2026-06-29T04:11:14.560455+00:00,99.7,200,bid,,,12075593
2026-06-29T14:11:15.357874,2026-06-29T04:11:15.924011+00:00,99.8,3,bid,,,12075609
2026-06-29T14:11:15.357874,2026-06-29T04:11:15.924011+00:00,99.8,1,bid,,,12075610
2026-06-29T14:11:15.357874,2026-06-29T04:11:15.924011+00:00,99.8,16,bid,,,12075611
2026-06-29T14:11:16.555905,2026-06-29T04:11:17.122590+00:00,99.7,200,ask,,,12075640
2026-06-29T14:11:17.672700,2026-06-29T04:11:18.233591+00:00,99.7,200,bid,,,12075662
2026-06-29T14:11:19.183594,2026-06-29T04:11:19.740154+00:00,99.8,1,bid,,,12075693
2026-06-29T14:11:19.183594,2026-06-29T04:11:19.740154+00:00,99.8,1,bid,,,12075694
2026-06-29T14:11:19.183594,2026-06-29T04:11:19.740154+00:00,99.8,200,bid,,,12075695
2026-06-29T14:11:20.108409,2026-06-29T04:11:20.663687+00:00,99.8,200,ask,,,12075722
2026-06-29T14:11:22.279055,2026-06-29T04:11:22.841687+00:00,99.6,1,ask,,,12075763
2026-06-29T14:11:22.279055,2026-06-29T04:11:22.841687+00:00,99.6,19,ask,,,12075764
2026-06-29T14:11:23.759109,2026-06-29T04:11:24.315263+00:00,99.7,200,ask,,,12075803
2026-06-29T14:11:25.743009,2026-06-29T04:11:26.273284+00:00,99.9,1,bid,,,12075847
2026-06-29T14:11:25.743009,2026-06-29T04:11:26.273284+00:00,99.9,1,bid,,,12075848
2026-06-29T14:11:25.743009,2026-06-29T04:11:26.273284+00:00,99.9,200,bid,,,12075849
2026-06-29T14:11:27.686311,2026-06-29T04:11:28.220304+00:00,100.1,1,bid,,,12075881
2026-06-29T14:11:27.774173,2026-06-29T04:11:28.308304+00:00,100.2,1,bid,,,12075883
2026-06-29T14:11:27.774173,2026-06-29T04:11:28.308304+00:00,100.2,34,bid,,,12075884
2026-06-29T14:11:27.795648,2026-06-29T04:11:28.330304+00:00,100.2,25,bid,,,12075887
2026-06-29T14:11:27.814859,2026-06-29T04:11:28.341304+00:00,100.2,25,bid,,,12075889
2026-06-29T14:11:27.864128,2026-06-29T04:11:28.396304+00:00,100.2,13,bid,,,12075890
2026-06-29T14:11:28.589498,2026-06-29T04:11:29.121395+00:00,100.0,200,ask,,,12075903
2026-06-29T14:11:29.450418,2026-06-29T04:11:29.979395+00:00,100.0,20,ask,,,12075915
2026-06-29T14:11:34.927585,2026-06-29T04:11:35.456491+00:00,100.0,200,ask,,,12076013
2026-06-29T14:11:35.009101,2026-06-29T04:11:35.544491+00:00,100.0,35,bid,,,12076014
2026-06-29T14:11:35.021635,2026-06-29T04:11:35.555491+00:00,100.0,25,bid,,,12076017
2026-06-29T14:11:35.035918,2026-06-29T04:11:35.566491+00:00,100.0,25,bid,,,12076019
2026-06-29T14:11:35.098363,2026-06-29T04:11:35.632491+00:00,100.0,15,bid,,,12076020
2026-06-29T14:11:36.238211,2026-06-29T04:11:36.765045+00:00,100.0,200,bid,,,12076036
2026-06-29T14:11:37.076230,2026-06-29T04:11:37.601045+00:00,100.1,1,bid,,,12076059
2026-06-29T14:11:37.551412,2026-06-29T04:11:38.085065+00:00,100.1,199,ask,,,12076069
2026-06-29T14:11:38.283762,2026-06-29T04:11:38.810621+00:00,100.0,200,bid,,,12076088
2026-06-29T14:11:40.171793,2026-06-29T04:11:40.702155+00:00,100.1,1,bid,,,12076123
2026-06-29T14:11:40.171793,2026-06-29T04:11:40.702155+00:00,100.1,1,bid,,,12076124
2026-06-29T14:11:43.119238,2026-06-29T04:11:43.649755+00:00,100.2,9,bid,,,12076185
2026-06-29T14:11:43.119238,2026-06-29T04:11:43.649755+00:00,100.2,1,bid,,,12076186
2026-06-29T14:11:44.109800,2026-06-29T04:11:44.639755+00:00,100.2,190,ask,,,12076212
2026-06-29T14:11:44.162296,2026-06-29T04:11:44.694755+00:00,100.2,35,bid,,,12076215
2026-06-29T14:11:44.247461,2026-06-29T04:11:44.782747+00:00,100.2,25,bid,,,12076220
2026-06-29T14:11:44.251579,2026-06-29T04:11:44.782747+00:00,100.2,35,bid,,,12076221
2026-06-29T14:11:44.302992,2026-06-29T04:11:44.837746+00:00,100.2,25,bid,,,12076227
2026-06-29T14:11:44.347513,2026-06-29T04:11:44.881746+00:00,100.2,30,bid,,,12076231
2026-06-29T14:11:44.957372,2026-06-29T04:11:45.486755+00:00,100.1,20,ask,,,12076248
2026-06-29T14:11:45.418350,2026-06-29T04:11:45.948747+00:00,100.2,500,bid,,,12076256
2026-06-29T14:11:45.537246,2026-06-29T04:11:46.069746+00:00,100.2,125,ask,,,12076259
2026-06-29T14:11:50.327056,2026-06-29T04:11:50.853182+00:00,100.1,200,ask,,,12076353
2026-06-29T14:11:51.978899,2026-06-29T04:11:52.514182+00:00,100.0,200,ask,,,12076389
2026-06-29T14:11:51.978899,2026-06-29T04:11:52.514182+00:00,99.9,1,ask,,,12076390
2026-06-29T14:11:51.978899,2026-06-29T04:11:52.514182+00:00,99.8,1,ask,,,12076391
2026-06-29T14:11:52.051062,2026-06-29T04:11:52.580181+00:00,99.8,1,bid,,,12076393
2026-06-29T14:11:52.071408,2026-06-29T04:11:52.602182+00:00,99.8,25,bid,,,12076396
2026-06-29T14:11:52.127784,2026-06-29T04:11:52.657182+00:00,99.8,25,bid,,,12076398
2026-06-29T14:11:52.791619,2026-06-29T04:11:53.317182+00:00,99.8,200,bid,,,12076407
2026-06-29T14:11:53.048714,2026-06-29T04:11:53.580739+00:00,99.7,1,ask,,,12076419
2026-06-29T14:11:53.077956,2026-06-29T04:11:53.602739+00:00,99.6,25,ask,,,12076421
2026-06-29T14:11:53.115769,2026-06-29T04:11:53.646739+00:00,99.6,35,ask,,,12076425
2026-06-29T14:11:53.134995,2026-06-29T04:11:53.668739+00:00,99.6,25,ask,,,12076426
2026-06-29T14:11:53.203837,2026-06-29T04:11:53.734739+00:00,99.6,35,ask,,,12076431
2026-06-29T14:11:53.287013,2026-06-29T04:11:53.811739+00:00,99.6,25,ask,,,12076432
2026-06-29T14:11:53.297389,2026-06-29T04:11:53.822739+00:00,99.6,29,ask,,,12076435
2026-06-29T14:11:53.507476,2026-06-29T04:11:54.042739+00:00,99.7,2,bid,,,12076439
2026-06-29T14:11:53.712745,2026-06-29T04:11:54.240739+00:00,99.7,2,bid,,,12076440
2026-06-29T14:11:53.917329,2026-06-29T04:11:54.449739+00:00,99.7,2,bid,,,12076442
2026-06-29T14:11:54.007232,2026-06-29T04:11:54.537739+00:00,99.7,200,bid,,,12076449
2026-06-29T14:11:54.123004,2026-06-29T04:11:54.647739+00:00,99.7,2,bid,,,12076455
2026-06-29T14:11:54.329138,2026-06-29T04:11:54.856739+00:00,99.7,2,bid,,,12076457
2026-06-29T14:11:54.534367,2026-06-29T04:11:55.065739+00:00,99.7,2,bid,,,12076462
2026-06-29T14:11:54.739141,2026-06-29T04:11:55.296739+00:00,99.9,2,bid,,,12076465
2026-06-29T14:11:54.944914,2026-06-29T04:11:55.516739+00:00,99.9,2,bid,,,12076468
2026-06-29T14:11:55.150368,2026-06-29T04:11:55.703739+00:00,99.9,2,bid,,,12076476
2026-06-29T14:11:55.356369,2026-06-29T04:11:55.890739+00:00,99.9,2,bid,,,12076479
2026-06-29T14:11:55.562338,2026-06-29T04:11:56.088327+00:00,99.9,2,bid,,,12076484
2026-06-29T14:11:55.792991,2026-06-29T04:11:56.319327+00:00,99.9,1,bid,,,12076487
2026-06-29T14:11:57.220066,2026-06-29T04:11:57.749347+00:00,99.8,1,ask,,,12076507
2026-06-29T14:11:58.527959,2026-06-29T04:11:59.057363+00:00,99.7,1,ask,,,12076537
2026-06-29T14:11:58.527959,2026-06-29T04:11:59.057363+00:00,99.7,500,ask,,,12076538
2026-06-29T14:11:58.815948,2026-06-29T04:11:59.343363+00:00,99.7,124,bid,,,12076540
2026-06-29T14:12:00.071065,2026-06-29T04:12:00.597363+00:00,99.7,1,ask,,,12076559
2026-06-29T14:12:00.071065,2026-06-29T04:12:00.597363+00:00,99.7,199,ask,,,12076560
2026-06-29T14:12:01.287213,2026-06-29T04:12:01.818362+00:00,99.7,200,ask,,,12076578
2026-06-29T14:12:02.497339,2026-06-29T04:12:03.028363+00:00,99.8,200,ask,,,12076611
2026-06-29T14:12:04.920288,2026-06-29T04:12:05.447942+00:00,99.8,200,ask,,,12076646
2026-06-29T14:12:06.128891,2026-06-29T04:12:06.657522+00:00,99.9,200,ask,,,12076668
2026-06-29T14:12:06.662245,2026-06-29T04:12:07.196055+00:00,99.9,20,bid,,,12076673
2026-06-29T14:12:07.337298,2026-06-29T04:12:07.867055+00:00,99.8,1,ask,,,12076689
2026-06-29T14:12:07.707391,2026-06-29T04:12:08.241055+00:00,99.7,4,ask,,,12076693
2026-06-29T14:12:07.707391,2026-06-29T04:12:08.241055+00:00,99.7,500,ask,,,12076694
2026-06-29T14:12:07.725341,2026-06-29T04:12:08.252055+00:00,99.7,35,bid,,,12076695
2026-06-29T14:12:07.776599,2026-06-29T04:12:08.307055+00:00,99.7,25,bid,,,12076699
2026-06-29T14:12:07.814807,2026-06-29T04:12:08.340055+00:00,99.7,35,bid,,,12076700
2026-06-29T14:12:07.825699,2026-06-29T04:12:08.351055+00:00,99.7,24,bid,,,12076703
2026-06-29T14:12:07.881670,2026-06-29T04:12:08.417055+00:00,99.7,2,bid,,,12076704
2026-06-29T14:12:08.870529,2026-06-29T04:12:09.395607+00:00,99.6,149,ask,,,12076732
2026-06-29T14:12:09.019241,2026-06-29T04:12:09.549607+00:00,99.8,200,bid,,,12076734
2026-06-29T14:12:09.032164,2026-06-29T04:12:09.560607+00:00,99.9,25,ask,,,12076735
2026-06-29T14:12:09.048665,2026-06-29T04:12:09.582607+00:00,99.9,22,ask,,,12076738
2026-06-29T14:12:09.183301,2026-06-29T04:12:09.714607+00:00,99.9,25,ask,,,12076744
2026-06-29T14:12:09.811110,2026-06-29T04:12:10.341607+00:00,100.0,2,bid,,,12076769
2026-06-29T14:12:10.032190,2026-06-29T04:12:10.561607+00:00,100.0,2,bid,,,12076773
2026-06-29T14:12:10.238912,2026-06-29T04:12:10.770607+00:00,100.0,2,bid,,,12076778
2026-06-29T14:12:10.443639,2026-06-29T04:12:10.968607+00:00,100.0,2,bid,,,12076781
2026-06-29T14:12:10.649358,2026-06-29T04:12:11.177607+00:00,100.0,2,bid,,,12076782
2026-06-29T14:12:10.857559,2026-06-29T04:12:11.386607+00:00,100.0,2,bid,,,12076787
2026-06-29T14:12:11.665912,2026-06-29T04:12:12.200606+00:00,100.0,200,bid,,,12076805
2026-06-29T14:12:13.390821,2026-06-29T04:12:13.916184+00:00,100.1,5,bid,,,12076833
2026-06-29T14:12:13.390821,2026-06-29T04:12:13.927184+00:00,100.1,1,bid,,,12076834
2026-06-29T14:12:13.390821,2026-06-29T04:12:13.927184+00:00,100.1,194,bid,,,12076835
2026-06-29T14:12:14.330177,2026-06-29T04:12:14.862184+00:00,100.0,20,bid,,,12076854
2026-06-29T14:12:14.603369,2026-06-29T04:12:15.137184+00:00,100.0,200,bid,,,12076860
2026-06-29T14:12:15.809784,2026-06-29T04:12:16.346277+00:00,100.1,1,bid,,,12076884
2026-06-29T14:12:15.809784,2026-06-29T04:12:16.346277+00:00,100.1,199,bid,,,12076885
2026-06-29T14:12:17.023050,2026-06-29T04:12:17.556276+00:00,100.1,4,bid,,,12076908
2026-06-29T14:12:17.023050,2026-06-29T04:12:17.556276+00:00,100.1,196,bid,,,12076909
2026-06-29T14:12:18.590021,2026-06-29T04:12:19.116813+00:00,100.1,3,bid,,,12076935
2026-06-29T14:12:18.590021,2026-06-29T04:12:19.127813+00:00,100.1,17,bid,,,12076936
2026-06-29T14:12:19.470564,2026-06-29T04:12:19.996806+00:00,100.0,35,bid,,,12076950
2026-06-29T14:12:19.473705,2026-06-29T04:12:20.007813+00:00,100.0,25,bid,,,12076951
2026-06-29T14:12:19.482976,2026-06-29T04:12:20.018814+00:00,100.0,25,bid,,,12076954
2026-06-29T14:12:19.550973,2026-06-29T04:12:20.084805+00:00,100.0,115,bid,,,12076955
2026-06-29T14:12:20.658952,2026-06-29T04:12:21.184347+00:00,100.1,1,bid,,,12076983
2026-06-29T14:12:20.658952,2026-06-29T04:12:21.195347+00:00,100.1,199,bid,,,12076984
2026-06-29T14:12:20.889477,2026-06-29T04:12:21.415348+00:00,100.0,22,bid,,,12076991
2026-06-29T14:12:20.928867,2026-06-29T04:12:21.459347+00:00,99.8,8,ask,,,12076994
2026-06-29T14:12:21.039041,2026-06-29T04:12:21.569347+00:00,99.8,8,ask,,,12077003
2026-06-29T14:12:21.149307,2026-06-29T04:12:21.679347+00:00,99.8,6,ask,,,12077010
2026-06-29T14:12:21.868332,2026-06-29T04:12:22.394347+00:00,100.0,200,bid,,,12077024
2026-06-29T14:12:23.766049,2026-06-29T04:12:24.296488+00:00,100.1,1,bid,,,12077062
2026-06-29T14:12:23.766049,2026-06-29T04:12:24.296488+00:00,100.1,2,bid,,,12077063
2026-06-29T14:12:23.766049,2026-06-29T04:12:24.307488+00:00,100.1,17,bid,,,12077064
2026-06-29T14:12:25.565717,2026-06-29T04:12:26.100044+00:00,100.0,25,bid,,,12077092
2026-06-29T14:12:25.578075,2026-06-29T04:12:26.111044+00:00,100.0,35,bid,,,12077093
2026-06-29T14:12:25.671713,2026-06-29T04:12:26.210044+00:00,100.0,35,bid,,,12077098
2026-06-29T14:12:25.717728,2026-06-29T04:12:26.243044+00:00,100.0,25,bid,,,12077105
2026-06-29T14:12:25.760371,2026-06-29T04:12:26.287044+00:00,100.0,30,bid,,,12077106
2026-06-29T14:12:27.423524,2026-06-29T04:12:27.959064+00:00,100.0,200,ask,,,12077143
2026-06-29T14:12:27.772644,2026-06-29T04:12:28.300064+00:00,100.0,35,bid,,,12077145
2026-06-29T14:12:27.784629,2026-06-29T04:12:28.311064+00:00,100.0,25,bid,,,12077148
2026-06-29T14:12:27.935347,2026-06-29T04:12:28.464150+00:00,100.0,200,bid,,,12077154
2026-06-29T14:12:28.080443,2026-06-29T04:12:28.607151+00:00,99.9,1,ask,,,12077156
2026-06-29T14:12:28.751729,2026-06-29T04:12:29.278151+00:00,100.0,35,ask,,,12077174
2026-06-29T14:12:28.791271,2026-06-29T04:12:29.322150+00:00,100.0,25,ask,,,12077178
2026-06-29T14:12:28.839738,2026-06-29T04:12:29.366150+00:00,100.0,35,ask,,,12077181
2026-06-29T14:12:28.928329,2026-06-29T04:12:29.454150+00:00,100.0,4,ask,,,12077185
2026-06-29T14:12:30.049754,2026-06-29T04:12:30.576150+00:00,100.1,3,bid,,,12077206
2026-06-29T14:12:30.049754,2026-06-29T04:12:30.587150+00:00,100.1,500,bid,,,12077207
2026-06-29T14:12:30.299075,2026-06-29T04:12:30.829150+00:00,100.1,122,ask,,,12077213
2026-06-29T14:12:30.354179,2026-06-29T04:12:30.884150+00:00,100.1,200,bid,,,12077217
2026-06-29T14:12:30.966028,2026-06-29T04:12:31.500150+00:00,99.8,7,ask,,,12077229
2026-06-29T14:12:31.562558,2026-06-29T04:12:32.094150+00:00,99.9,200,bid,,,12077234
2026-06-29T14:12:32.771925,2026-06-29T04:12:33.304141+00:00,100.0,1,bid,,,12077256
2026-06-29T14:12:32.771925,2026-06-29T04:12:33.304141+00:00,100.0,199,bid,,,12077257
2026-06-29T14:12:33.985886,2026-06-29T04:12:34.513068+00:00,100.0,200,ask,,,12077285
2026-06-29T14:12:35.285886,2026-06-29T04:12:35.833068+00:00,99.9,200,ask,,,12077322
2026-06-29T14:12:35.343385,2026-06-29T04:12:35.877068+00:00,99.9,35,bid,,,12077326
2026-06-29T14:12:35.348269,2026-06-29T04:12:35.877068+00:00,99.9,25,bid,,,12077327
2026-06-29T14:12:35.416959,2026-06-29T04:12:35.943068+00:00,99.9,25,bid,,,12077332
2026-06-29T14:12:35.432652,2026-06-29T04:12:35.965068+00:00,99.9,35,bid,,,12077333
2026-06-29T14:12:35.522776,2026-06-29T04:12:36.053068+00:00,99.9,30,bid,,,12077336
2026-06-29T14:12:37.379818,2026-06-29T04:12:37.911656+00:00,99.8,2,ask,,,12077383
2026-06-29T14:12:37.379818,2026-06-29T04:12:37.911656+00:00,99.8,33,ask,,,12077384
2026-06-29T14:12:37.424984,2026-06-29T04:12:37.955650+00:00,99.8,25,ask,,,12077385
2026-06-29T14:12:37.471453,2026-06-29T04:12:37.999656+00:00,99.8,35,ask,,,12077388
2026-06-29T14:12:37.566098,2026-06-29T04:12:38.098656+00:00,99.8,25,ask,,,12077396
2026-06-29T14:12:37.574482,2026-06-29T04:12:38.109656+00:00,99.8,35,ask,,,12077398
2026-06-29T14:12:37.782267,2026-06-29T04:12:38.307657+00:00,99.8,2,bid,,,12077404
2026-06-29T14:12:37.987377,2026-06-29T04:12:38.515368+00:00,99.8,2,bid,,,12077406
2026-06-29T14:12:38.193138,2026-06-29T04:12:38.724368+00:00,99.8,2,bid,,,12077408
2026-06-29T14:12:38.827607,2026-06-29T04:12:39.362359+00:00,99.7,1,ask,,,12077416
