timestamp,recv_time,price,volume,aggressor_side,buyer,seller,trade_id
2026-07-05T02:00:00.865875,2026-07-05T02:00:00.865348+00:00,145.1,1,ask,WavyWalnuts,Kaleb Liu,7749892
2026-07-05T02:00:02.739888,2026-07-05T02:00:02.750725+00:00,145.3,200,ask,WavyWalnuts,YieldingYams,7749915
2026-07-05T02:00:02.877962,2026-07-05T02:00:02.889891+00:00,145.1,4,ask,YieldingYams,Kaleb Liu,7749916
2026-07-05T02:00:03.888708,2026-07-05T02:00:03.900500+00:00,145.2,2,ask,WavyWalnuts,Kaleb Liu,7749936
2026-07-05T02:00:05.821710,2026-07-05T02:00:05.833260+00:00,145.2,200,ask,YieldingYams,WavyWalnuts,7749958
2026-07-05T02:00:10.014815,2026-07-05T02:00:10.023014+00:00,145.2,200,bid,AverageAlmonds,WavyWalnuts,7750006
2026-07-05T02:00:10.667722,2026-07-05T02:00:10.677590+00:00,145.3,200,ask,YieldingYams,WavyWalnuts,7750024
2026-07-05T02:00:11.877249,2026-07-05T02:00:11.885722+00:00,145.3,200,ask,YieldingYams,WavyWalnuts,7750046
2026-07-05T02:00:11.906537,2026-07-05T02:00:11.914026+00:00,145.3,3,bid,Kaleb Liu,YieldingYams,7750048
2026-07-05T02:00:12.915848,2026-07-05T02:00:12.928114+00:00,145.3,1,bid,Kaleb Liu,YieldingYams,7750062
2026-07-05T02:00:13.901826,2026-07-05T02:00:13.913819+00:00,145.2,20,ask,WavyWalnuts,BrilliantBurritos,7750076
2026-07-05T02:00:13.925481,2026-07-05T02:00:13.937105+00:00,145.3,1,bid,Kaleb Liu,YieldingYams,7750077
2026-07-05T02:00:14.759060,2026-07-05T02:00:14.769533+00:00,145.1,20,ask,AverageAlmonds,BrilliantBurritos,7750098
2026-07-05T02:00:15.827556,2026-07-05T02:00:15.835312+00:00,145.2,200,ask,WavyWalnuts,YieldingYams,7750126
2026-07-05T02:00:16.614479,2026-07-05T02:00:16.625263+00:00,145.0,20,ask,YieldingYams,BrilliantBurritos,7750141
2026-07-05T02:00:16.725034,2026-07-05T02:00:16.734436+00:00,145.2,200,bid,WavyWalnuts,YieldingYams,7750142
2026-07-05T02:00:18.443011,2026-07-05T02:00:18.458827+00:00,145.2,200,ask,WavyWalnuts,YieldingYams,7750167
2026-07-05T02:00:19.146105,2026-07-05T02:00:19.158674+00:00,145.1,200,bid,WavyWalnuts,YieldingYams,7750178
2026-07-05T02:00:22.774311,2026-07-05T02:00:22.784454+00:00,145.0,200,ask,YieldingYams,WavyWalnuts,7750241
2026-07-05T02:00:23.983072,2026-07-05T02:00:23.992102+00:00,145.1,200,ask,YieldingYams,WavyWalnuts,7750261
2026-07-05T02:00:24.688169,2026-07-05T02:00:24.699903+00:00,145.1,25,ask,YieldingYams,Yinxuan Li,7750271
2026-07-05T02:00:24.948033,2026-07-05T02:00:24.958592+00:00,145.3,1,bid,Kaleb Liu,YieldingYams,7750275
2026-07-05T02:00:25.959314,2026-07-05T02:00:25.971430+00:00,145.1,4,bid,Kaleb Liu,YieldingYams,7750292
2026-07-05T02:00:27.636456,2026-07-05T02:00:27.643885+00:00,144.9,200,ask,YieldingYams,WavyWalnuts,7750319
2026-07-05T02:00:29.702791,2026-07-05T02:00:29.714642+00:00,144.9,20,ask,WavyWalnuts,Yinxuan Li,7750343
2026-07-05T02:00:29.976786,2026-07-05T02:00:29.989079+00:00,144.9,1,ask,WavyWalnuts,Kaleb Liu,7750350
2026-07-05T02:00:30.242455,2026-07-05T02:00:30.250564+00:00,144.9,200,ask,WavyWalnuts,YieldingYams,7750357
2026-07-05T02:00:31.251626,2026-07-05T02:00:31.258611+00:00,144.7,20,ask,YieldingYams,BrilliantBurritos,7750372
2026-07-05T02:00:31.817780,2026-07-05T02:00:31.827945+00:00,144.7,20,ask,YieldingYams,BrilliantBurritos,7750384
2026-07-05T02:00:32.875796,2026-07-05T02:00:32.880169+00:00,144.9,3,ask,YieldingYams,Xuanyu Liu,7750398
2026-07-05T02:00:33.004058,2026-07-05T02:00:33.012042+00:00,144.9,1,ask,YieldingYams,Kaleb Liu,7750400
2026-07-05T02:00:35.061049,2026-07-05T02:00:35.072854+00:00,144.9,20,bid,BrilliantBurritos,AverageAlmonds,7750427
2026-07-05T02:00:36.795361,2026-07-05T02:00:36.806783+00:00,144.9,500,bid,YieldingYams,AverageAlmonds,7750454
2026-07-05T02:00:38.806455,2026-07-05T02:00:38.814659+00:00,144.9,20,bid,BrilliantBurritos,YieldingYams,7750484
2026-07-05T02:00:39.019240,2026-07-05T02:00:39.030397+00:00,144.7,1,ask,WavyWalnuts,Kaleb Liu,7750485
2026-07-05T02:00:40.953281,2026-07-05T02:00:40.958205+00:00,144.7,20,ask,WavyWalnuts,BrilliantBurritos,7750513
2026-07-05T02:00:45.805987,2026-07-05T02:00:45.816298+00:00,144.7,200,bid,WavyWalnuts,YieldingYams,7750582
2026-07-05T02:00:47.367508,2026-07-05T02:00:47.378949+00:00,144.7,20,bid,BrilliantBurritos,WavyWalnuts,7750603
2026-07-05T02:00:55.511538,2026-07-05T02:00:55.523256+00:00,144.4,200,bid,WavyWalnuts,YieldingYams,7750717
2026-07-05T02:00:55.865189,2026-07-05T02:00:55.869178+00:00,144.4,3,bid,Xuanyu Liu,YieldingYams,7750720
2026-07-05T02:00:56.417531,2026-07-05T02:00:56.429450+00:00,144.4,20,bid,BrilliantBurritos,YieldingYams,7750727
2026-07-05T02:00:57.532968,2026-07-05T02:00:57.545090+00:00,144.3,20,ask,YieldingYams,BrilliantBurritos,7750747
2026-07-05T02:01:00.363736,2026-07-05T02:01:00.367342+00:00,144.4,3,bid,Xuanyu Liu,WavyWalnuts,7750784
2026-07-05T02:01:00.635549,2026-07-05T02:01:00.642886+00:00,144.3,20,ask,YieldingYams,BrilliantBurritos,7750789
2026-07-05T02:01:01.569219,2026-07-05T02:01:01.576298+00:00,144.3,200,ask,YieldingYams,WavyWalnuts,7750804
2026-07-05T02:01:02.779075,2026-07-05T02:01:02.789450+00:00,144.3,200,ask,YieldingYams,WavyWalnuts,7750818
2026-07-05T02:01:03.063134,2026-07-05T02:01:03.074447+00:00,144.2,5,ask,YieldingYams,Kaleb Liu,7750824
2026-07-05T02:01:04.072578,2026-07-05T02:01:04.084701+00:00,144.4,2,bid,Kaleb Liu,YieldingYams,7750847
2026-07-05T02:01:04.389000,2026-07-05T02:01:04.392836+00:00,144.2,23,bid,Xuanyu Liu,YieldingYams,7750852
2026-07-05T02:01:04.754563,2026-07-05T02:01:04.758640+00:00,144.2,25,bid,Yinxuan Li,YieldingYams,7750856
2026-07-05T02:01:05.084893,2026-07-05T02:01:05.093499+00:00,144.2,2,bid,Kaleb Liu,YieldingYams,7750859
2026-07-05T02:01:05.687067,2026-07-05T02:01:05.696322+00:00,144.1,200,ask,WavyWalnuts,YieldingYams,7750865
2026-07-05T02:01:05.727183,2026-07-05T02:01:05.731118+00:00,144.1,11,bid,Xuanyu Liu,YieldingYams,7750867
2026-07-05T02:01:06.124528,2026-07-05T02:01:06.136422+00:00,144.1,2,bid,Kaleb Liu,YieldingYams,7750877
2026-07-05T02:01:09.769018,2026-07-05T02:01:09.776548+00:00,144.2,25,bid,Yinxuan Li,WavyWalnuts,7750922
2026-07-05T02:01:13.566761,2026-07-05T02:01:13.614609+00:00,144.1,200,ask,WavyWalnuts,YieldingYams,7750966
2026-07-05T02:01:13.610495,2026-07-05T02:01:13.614609+00:00,143.9,12,bid,Xuanyu Liu,YieldingYams,7750967
2026-07-05T02:01:13.640781,2026-07-05T02:01:13.645445+00:00,143.9,11,bid,Xuanyu Liu,YieldingYams,7750969
2026-07-05T02:01:13.685407,2026-07-05T02:01:13.697272+00:00,143.9,200,bid,WavyWalnuts,YieldingYams,7750970
2026-07-05T02:01:14.144985,2026-07-05T02:01:14.152201+00:00,143.9,7,bid,Kaleb Liu,YieldingYams,7750976
2026-07-05T02:01:14.441531,2026-07-05T02:01:14.458592+00:00,143.8,20,ask,AverageAlmonds,BrilliantBurritos,7750980
2026-07-05T02:01:14.782582,2026-07-05T02:01:14.791151+00:00,143.9,25,bid,Yinxuan Li,YieldingYams,7750986
2026-07-05T02:01:17.157854,2026-07-05T02:01:17.170287+00:00,143.9,4,ask,WavyWalnuts,Kaleb Liu,7751015
2026-07-05T02:01:18.169786,2026-07-05T02:01:18.181874+00:00,144.1,2,bid,Kaleb Liu,WavyWalnuts,7751039
2026-07-05T02:01:19.181021,2026-07-05T02:01:19.197936+00:00,144.1,1,bid,Kaleb Liu,YieldingYams,7751051
2026-07-05T02:01:19.798585,2026-07-05T02:01:19.809712+00:00,144.1,3,bid,Yinxuan Li,YieldingYams,7751061
2026-07-05T02:01:20.955400,2026-07-05T02:01:20.958625+00:00,144.1,200,ask,YieldingYams,WavyWalnuts,7751072
2026-07-05T02:01:24.678375,2026-07-05T02:01:24.688060+00:00,144.3,20,bid,BrilliantBurritos,YieldingYams,7751117
2026-07-05T02:01:24.817704,2026-07-05T02:01:24.828720+00:00,144.3,25,bid,Yinxuan Li,YieldingYams,7751123
2026-07-05T02:01:26.703027,2026-07-05T02:01:26.714343+00:00,144.1,200,ask,WavyWalnuts,YieldingYams,7751148
2026-07-05T02:01:27.509465,2026-07-05T02:01:27.516900+00:00,144.1,425,bid,AverageAlmonds,YieldingYams,7751154
2026-07-05T02:01:27.552801,2026-07-05T02:01:27.556458+00:00,144.1,23,ask,AverageAlmonds,Xuanyu Liu,7751158
2026-07-05T02:01:28.112851,2026-07-05T02:01:28.145456+00:00,144.2,200,bid,AverageAlmonds,WavyWalnuts,7751164
2026-07-05T02:01:28.141699,2026-07-05T02:01:28.145456+00:00,144.2,11,ask,AverageAlmonds,Xuanyu Liu,7751167
2026-07-05T02:01:28.219310,2026-07-05T02:01:28.230472+00:00,144.2,200,ask,AverageAlmonds,WavyWalnuts,7751168
2026-07-05T02:01:29.434444,2026-07-05T02:01:29.443630+00:00,144.2,200,ask,YieldingYams,WavyWalnuts,7751177
2026-07-05T02:01:30.645030,2026-07-05T02:01:30.650635+00:00,144.2,200,ask,YieldingYams,WavyWalnuts,7751194
2026-07-05T02:01:32.963256,2026-07-05T02:01:32.974992+00:00,144.2,200,bid,AverageAlmonds,WavyWalnuts,7751218
2026-07-05T02:01:33.063669,2026-07-05T02:01:33.071796+00:00,144.2,200,ask,AverageAlmonds,WavyWalnuts,7751220
2026-07-05T02:01:33.207567,2026-07-05T02:01:33.219240+00:00,144.4,1,bid,Kaleb Liu,YieldingYams,7751223
2026-07-05T02:01:34.606659,2026-07-05T02:01:34.622080+00:00,144.2,500,ask,AverageAlmonds,YieldingYams,7751238
2026-07-05T02:01:34.767262,2026-07-05T02:01:34.775056+00:00,144.2,125,bid,AverageAlmonds,YieldingYams,7751244
2026-07-05T02:01:35.360029,2026-07-05T02:01:35.372192+00:00,144.4,20,bid,BrilliantBurritos,WavyWalnuts,7751255
2026-07-05T02:01:35.915571,2026-07-05T02:01:35.922856+00:00,144.3,200,bid,YieldingYams,WavyWalnuts,7751262
2026-07-05T02:01:36.687795,2026-07-05T02:01:36.694997+00:00,144.4,200,ask,YieldingYams,WavyWalnuts,7751277
2026-07-05T02:01:37.244959,2026-07-05T02:01:37.248691+00:00,144.4,11,bid,Xuanyu Liu,YieldingYams,7751284
2026-07-05T02:01:39.837892,2026-07-05T02:01:39.844792+00:00,144.4,25,bid,Yinxuan Li,YieldingYams,7751320
2026-07-05T02:01:41.164401,2026-07-05T02:01:41.184924+00:00,144.2,200,ask,WavyWalnuts,YieldingYams,7751332
2026-07-05T02:01:41.181116,2026-07-05T02:01:41.184924+00:00,144.2,12,bid,Xuanyu Liu,YieldingYams,7751334
2026-07-05T02:01:41.520561,2026-07-05T02:01:41.529920+00:00,144.2,200,bid,WavyWalnuts,YieldingYams,7751337
2026-07-05T02:01:42.727972,2026-07-05T02:01:42.737638+00:00,144.3,200,bid,WavyWalnuts,YieldingYams,7751356
2026-07-05T02:01:43.938567,2026-07-05T02:01:43.945622+00:00,144.4,200,ask,YieldingYams,WavyWalnuts,7751368
2026-07-05T02:01:44.231110,2026-07-05T02:01:44.243102+00:00,144.4,4,ask,YieldingYams,Kaleb Liu,7751370
2026-07-05T02:01:45.148333,2026-07-05T02:01:45.154858+00:00,144.3,200,ask,YieldingYams,WavyWalnuts,7751387
2026-07-05T02:01:45.241434,2026-07-05T02:01:45.253628+00:00,144.3,2,ask,YieldingYams,Kaleb Liu,7751391
2026-07-05T02:01:46.252743,2026-07-05T02:01:46.258565+00:00,144.3,1,ask,YieldingYams,Kaleb Liu,7751402
2026-07-05T02:01:47.262136,2026-07-05T02:01:47.274404+00:00,144.4,4,bid,Kaleb Liu,WavyWalnuts,7751417
2026-07-05T02:01:48.338710,2026-07-05T02:01:48.350707+00:00,144.4,20,bid,BrilliantBurritos,WavyWalnuts,7751434
2026-07-05T02:01:49.986481,2026-07-05T02:01:49.994171+00:00,144.4,200,bid,WavyWalnuts,YieldingYams,7751449
2026-07-05T02:01:50.284362,2026-07-05T02:01:50.295041+00:00,144.2,3,ask,YieldingYams,Kaleb Liu,7751455
2026-07-05T02:01:51.294534,2026-07-05T02:01:51.306362+00:00,144.3,2,ask,WavyWalnuts,Kaleb Liu,7751469
2026-07-05T02:01:52.304657,2026-07-05T02:01:52.313335+00:00,144.3,1,ask,WavyWalnuts,Kaleb Liu,7751484
2026-07-05T02:01:53.314649,2026-07-05T02:01:53.326218+00:00,144.3,1,ask,WavyWalnuts,Kaleb Liu,7751505
2026-07-05T02:01:55.067895,2026-07-05T02:01:55.079721+00:00,144.3,20,ask,AverageAlmonds,BrilliantBurritos,7751535
2026-07-05T02:01:56.032657,2026-07-05T02:01:56.036367+00:00,144.3,46,ask,AverageAlmonds,Xuanyu Liu,7751550
2026-07-05T02:02:01.350176,2026-07-05T02:02:01.361995+00:00,144.7,20,bid,BrilliantBurritos,YieldingYams,7751613
2026-07-05T02:02:02.195455,2026-07-05T02:02:02.203392+00:00,144.5,200,ask,WavyWalnuts,YieldingYams,7751623
2026-07-05T02:02:04.336766,2026-07-05T02:02:04.344267+00:00,144.6,1,bid,Kaleb Liu,WavyWalnuts,7751658
2026-07-05T02:02:05.058890,2026-07-05T02:02:05.068953+00:00,144.4,500,ask,YieldingYams,AverageAlmonds,7751666
2026-07-05T02:02:05.651532,2026-07-05T02:02:05.669037+00:00,144.4,125,ask,YieldingYams,AverageAlmonds,7751676
2026-07-05T02:02:06.949944,2026-07-05T02:02:06.959571+00:00,144.2,200,ask,YieldingYams,WavyWalnuts,7751701
2026-07-05T02:02:09.363680,2026-07-05T02:02:09.374765+00:00,144.3,200,bid,WavyWalnuts,YieldingYams,7751726
2026-07-05T02:02:09.512320,2026-07-05T02:02:09.524363+00:00,144.0,20,ask,YieldingYams,BrilliantBurritos,7751728
2026-07-05T02:02:10.087464,2026-07-05T02:02:10.090988+00:00,144.3,3,ask,YieldingYams,Xuanyu Liu,7751742
2026-07-05T02:02:11.382266,2026-07-05T02:02:11.390611+00:00,144.4,200,bid,YieldingYams,WavyWalnuts,7751752
2026-07-05T02:02:15.014076,2026-07-05T02:02:15.017972+00:00,144.3,3,ask,YieldingYams,Xuanyu Liu,7751809
2026-07-05T02:02:15.363653,2026-07-05T02:02:15.372388+00:00,144.4,2,ask,YieldingYams,Kaleb Liu,7751819
2026-07-05T02:02:15.368991,2026-07-05T02:02:15.372388+00:00,144.4,11,ask,YieldingYams,Xuanyu Liu,7751820
2026-07-05T02:02:16.262627,2026-07-05T02:02:16.274214+00:00,144.5,20,bid,BrilliantBurritos,AverageAlmonds,7751835
2026-07-05T02:02:16.376821,2026-07-05T02:02:16.388576+00:00,144.4,1,ask,YieldingYams,Kaleb Liu,7751837
2026-07-05T02:02:16.638685,2026-07-05T02:02:16.647035+00:00,144.5,500,bid,YieldingYams,AverageAlmonds,7751844
2026-07-05T02:02:16.638685,2026-07-05T02:02:16.647035+00:00,144.5,125,bid,YieldingYams,WavyWalnuts,7751845
2026-07-05T02:02:18.365286,2026-07-05T02:02:18.374455+00:00,144.4,200,ask,WavyWalnuts,AverageAlmonds,7751863
2026-07-05T02:02:18.365286,2026-07-05T02:02:18.374455+00:00,144.3,300,ask,YieldingYams,AverageAlmonds,7751864
2026-07-05T02:02:18.958463,2026-07-05T02:02:18.967324+00:00,144.3,325,ask,YieldingYams,AverageAlmonds,7751871
2026-07-05T02:02:24.424975,2026-07-05T02:02:24.434662+00:00,144.3,200,ask,WavyWalnuts,AverageAlmonds,7751944
2026-07-05T02:02:24.883163,2026-07-05T02:02:24.894870+00:00,144.2,25,ask,YieldingYams,Yinxuan Li,7751950
2026-07-05T02:02:25.799373,2026-07-05T02:02:25.809542+00:00,144.3,500,bid,YieldingYams,AverageAlmonds,7751965
2026-07-05T02:02:26.225589,2026-07-05T02:02:26.232400+00:00,144.3,125,ask,YieldingYams,AverageAlmonds,7751972
2026-07-05T02:02:27.111186,2026-07-05T02:02:27.121624+00:00,144.2,500,bid,YieldingYams,AverageAlmonds,7751987
2026-07-05T02:02:28.061913,2026-07-05T02:02:28.068675+00:00,144.2,125,ask,YieldingYams,AverageAlmonds,7752005
2026-07-05T02:02:28.755718,2026-07-05T02:02:28.756175+00:00,144.2,200,bid,WavyWalnuts,YieldingYams,7752014
2026-07-05T02:02:29.897583,2026-07-05T02:02:29.907325+00:00,144.0,25,ask,YieldingYams,Yinxuan Li,7752029
2026-07-05T02:02:29.975912,2026-07-05T02:02:29.982412+00:00,144.1,200,bid,WavyWalnuts,AverageAlmonds,7752034
2026-07-05T02:02:32.357119,2026-07-05T02:02:32.358629+00:00,144.1,200,ask,WavyWalnuts,YieldingYams,7752066
2026-07-05T02:02:32.388613,2026-07-05T02:02:32.398275+00:00,144.1,200,bid,WavyWalnuts,YieldingYams,7752067
2026-07-05T02:02:33.596441,2026-07-05T02:02:33.605660+00:00,144.0,200,bid,WavyWalnuts,AverageAlmonds,7752080
2026-07-05T02:02:34.411965,2026-07-05T02:02:34.421743+00:00,143.9,1,ask,YieldingYams,Kaleb Liu,7752086
2026-07-05T02:02:34.913054,2026-07-05T02:02:34.924943+00:00,143.9,25,ask,YieldingYams,Yinxuan Li,7752092
2026-07-05T02:02:34.985403,2026-07-05T02:02:34.989012+00:00,144.0,12,ask,YieldingYams,Xuanyu Liu,7752096
2026-07-05T02:02:35.421794,2026-07-05T02:02:35.433576+00:00,144.0,3,ask,YieldingYams,Kaleb Liu,7752107
2026-07-05T02:02:36.280305,2026-07-05T02:02:36.290393+00:00,144.0,200,ask,WavyWalnuts,YieldingYams,7752113
2026-07-05T02:02:39.928837,2026-07-05T02:02:39.936493+00:00,143.7,25,ask,WavyWalnuts,Yinxuan Li,7752164
2026-07-05T02:02:40.849161,2026-07-05T02:02:40.863905+00:00,143.8,200,bid,WavyWalnuts,YieldingYams,7752173
2026-07-05T02:02:40.903361,2026-07-05T02:02:40.912188+00:00,143.8,20,bid,BrilliantBurritos,YieldingYams,7752174
2026-07-05T02:02:43.483385,2026-07-05T02:02:43.487151+00:00,143.8,11,ask,YieldingYams,Xuanyu Liu,7752222
2026-07-05T02:02:44.444959,2026-07-05T02:02:44.458585+00:00,143.7,1,ask,WavyWalnuts,Kaleb Liu,7752235
2026-07-05T02:02:44.942323,2026-07-05T02:02:44.958602+00:00,143.7,25,ask,YieldingYams,Yinxuan Li,7752241
2026-07-05T02:02:45.455196,2026-07-05T02:02:45.458540+00:00,143.7,1,ask,WavyWalnuts,Kaleb Liu,7752250
2026-07-05T02:02:47.466006,2026-07-05T02:02:47.473999+00:00,143.8,3,bid,Kaleb Liu,WavyWalnuts,7752273
2026-07-05T02:02:48.098859,2026-07-05T02:02:48.109196+00:00,143.7,200,ask,AverageAlmonds,WavyWalnuts,7752281
2026-07-05T02:02:48.475778,2026-07-05T02:02:48.487483+00:00,144.0,1,bid,Kaleb Liu,YieldingYams,7752285
2026-07-05T02:02:49.083768,2026-07-05T02:02:49.095565+00:00,143.7,20,ask,YieldingYams,BrilliantBurritos,7752292
2026-07-05T02:02:49.960434,2026-07-05T02:02:49.969614+00:00,143.7,3,ask,YieldingYams,Yinxuan Li,7752303
2026-07-05T02:02:50.487103,2026-07-05T02:02:50.496703+00:00,143.7,6,ask,YieldingYams,Kaleb Liu,7752314
2026-07-05T02:02:51.496940,2026-07-05T02:02:51.509107+00:00,143.7,3,ask,YieldingYams,Kaleb Liu,7752320
2026-07-05T02:02:51.809617,2026-07-05T02:02:51.813576+00:00,143.7,12,ask,YieldingYams,Xuanyu Liu,7752329
2026-07-05T02:02:52.511022,2026-07-05T02:02:52.518023+00:00,143.6,1,ask,WavyWalnuts,Kaleb Liu,7752338
2026-07-05T02:02:53.519524,2026-07-05T02:02:53.526584+00:00,143.7,6,ask,WavyWalnuts,Kaleb Liu,7752364
2026-07-05T02:02:54.528915,2026-07-05T02:02:54.540816+00:00,143.7,3,ask,WavyWalnuts,Kaleb Liu,7752380
2026-07-05T02:02:55.364782,2026-07-05T02:02:55.368801+00:00,143.9,11,ask,WavyWalnuts,Xuanyu Liu,7752397
2026-07-05T02:02:55.539938,2026-07-05T02:02:55.548768+00:00,143.9,8,ask,WavyWalnuts,Kaleb Liu,7752400
2026-07-05T02:02:59.879357,2026-07-05T02:02:59.903245+00:00,143.9,200,ask,WavyWalnuts,YieldingYams,7752448
2026-07-05T02:02:59.899607,2026-07-05T02:02:59.903245+00:00,143.8,23,bid,Xuanyu Liu,YieldingYams,7752453
2026-07-05T02:03:00.191653,2026-07-05T02:03:00.199166+00:00,143.8,200,bid,WavyWalnuts,YieldingYams,7752458
2026-07-05T02:03:01.403299,2026-07-05T02:03:01.412455+00:00,144.0,200,bid,WavyWalnuts,YieldingYams,7752477
2026-07-05T02:03:01.638081,2026-07-05T02:03:01.650074+00:00,144.0,20,bid,BrilliantBurritos,YieldingYams,7752480
2026-07-05T02:03:05.619753,2026-07-05T02:03:05.623737+00:00,144.0,11,bid,Xuanyu Liu,AverageAlmonds,7752545
2026-07-05T02:03:06.439483,2026-07-05T02:03:06.458555+00:00,144.0,500,bid,YieldingYams,AverageAlmonds,7752554
2026-07-05T02:03:06.779512,2026-07-05T02:03:06.788627+00:00,144.0,125,ask,YieldingYams,AverageAlmonds,7752557
2026-07-05T02:03:06.779512,2026-07-05T02:03:06.788627+00:00,143.9,200,ask,WavyWalnuts,AverageAlmonds,7752558
2026-07-05T02:03:06.799500,2026-07-05T02:03:06.802881+00:00,143.9,12,bid,Xuanyu Liu,AverageAlmonds,7752560
2026-07-05T02:03:09.887294,2026-07-05T02:03:09.895847+00:00,143.9,200,bid,WavyWalnuts,AverageAlmonds,7752601
2026-07-05T02:03:11.758970,2026-07-05T02:03:11.768753+00:00,143.7,20,ask,WavyWalnuts,BrilliantBurritos,7752632
2026-07-05T02:03:12.200655,2026-07-05T02:03:12.212461+00:00,144.0,20,bid,BrilliantBurritos,WavyWalnuts,7752638
2026-07-05T02:03:13.524022,2026-07-05T02:03:13.531606+00:00,143.8,200,ask,YieldingYams,WavyWalnuts,7752648
2026-07-05T02:03:18.322556,2026-07-05T02:03:18.326214+00:00,143.7,11,bid,Xuanyu Liu,YieldingYams,7752717
2026-07-05T02:03:19.590141,2026-07-05T02:03:19.594109+00:00,143.6,3,bid,Xuanyu Liu,WavyWalnuts,7752734
2026-07-05T02:03:20.783731,2026-07-05T02:03:20.790486+00:00,143.5,200,ask,YieldingYams,WavyWalnuts,7752753
2026-07-05T02:03:21.580973,2026-07-05T02:03:21.592469+00:00,143.5,5,ask,YieldingYams,Kaleb Liu,7752763
2026-07-05T02:03:24.415741,2026-07-05T02:03:24.426861+00:00,143.7,200,bid,WavyWalnuts,YieldingYams,7752801
2026-07-05T02:03:29.574588,2026-07-05T02:03:29.586179+00:00,143.9,20,bid,BrilliantBurritos,YieldingYams,7752881
2026-07-05T02:03:30.452355,2026-07-05T02:03:30.458577+00:00,143.8,200,bid,WavyWalnuts,YieldingYams,7752896
2026-07-05T02:03:30.599819,2026-07-05T02:03:30.611457+00:00,143.8,17,bid,Kaleb Liu,YieldingYams,7752899
2026-07-05T02:03:34.063452,2026-07-05T02:03:34.074117+00:00,143.6,200,ask,WavyWalnuts,YieldingYams,7752937
2026-07-05T02:03:34.063452,2026-07-05T02:03:34.074117+00:00,143.6,425,ask,AverageAlmonds,YieldingYams,7752938
2026-07-05T02:03:35.373944,2026-07-05T02:03:35.389008+00:00,143.7,200,bid,YieldingYams,WavyWalnuts,7752955
2026-07-05T02:03:36.685565,2026-07-05T02:03:36.696425+00:00,143.7,500,ask,AverageAlmonds,YieldingYams,7752975
2026-07-05T02:03:36.685565,2026-07-05T02:03:36.696425+00:00,143.7,125,ask,WavyWalnuts,YieldingYams,7752976
2026-07-05T02:03:37.993439,2026-07-05T02:03:38.002767+00:00,143.8,200,bid,YieldingYams,WavyWalnuts,7752996
2026-07-05T02:03:40.138207,2026-07-05T02:03:40.146783+00:00,143.8,200,ask,YieldingYams,WavyWalnuts,7753027
2026-07-05T02:03:41.346140,2026-07-05T02:03:41.352309+00:00,143.8,200,ask,YieldingYams,WavyWalnuts,7753046
2026-07-05T02:03:41.526327,2026-07-05T02:03:41.537983+00:00,143.8,20,ask,YieldingYams,BrilliantBurritos,7753048
2026-07-05T02:03:42.624630,2026-07-05T02:03:42.636735+00:00,143.9,9,bid,Kaleb Liu,YieldingYams,7753069
2026-07-05T02:03:43.004940,2026-07-05T02:03:43.016634+00:00,143.7,20,ask,YieldingYams,BrilliantBurritos,7753072
2026-07-05T02:03:43.261089,2026-07-05T02:03:43.265663+00:00,143.8,3,bid,Xuanyu Liu,YieldingYams,7753077
2026-07-05T02:03:47.399434,2026-07-05T02:03:47.409379+00:00,143.6,200,ask,YieldingYams,WavyWalnuts,7753131
2026-07-05T02:03:48.606364,2026-07-05T02:03:48.614847+00:00,143.7,200,ask,YieldingYams,WavyWalnuts,7753146
2026-07-05T02:03:53.164414,2026-07-05T02:03:53.168489+00:00,144.0,11,bid,Xuanyu Liu,YieldingYams,7753207
2026-07-05T02:03:53.649029,2026-07-05T02:03:53.658577+00:00,144.0,5,bid,Kaleb Liu,YieldingYams,7753215
2026-07-05T02:03:54.659851,2026-07-05T02:03:54.671503+00:00,144.1,2,bid,Kaleb Liu,YieldingYams,7753232
2026-07-05T02:03:55.669800,2026-07-05T02:03:55.681621+00:00,144.1,1,bid,Kaleb Liu,WavyWalnuts,7753248
2026-07-05T02:03:56.956091,2026-07-05T02:03:56.967957+00:00,144.0,20,bid,BrilliantBurritos,YieldingYams,7753269
2026-07-05T02:03:58.693918,2026-07-05T02:03:58.705652+00:00,143.8,20,ask,YieldingYams,BrilliantBurritos,7753293
2026-07-05T02:04:00.961130,2026-07-05T02:04:00.972718+00:00,143.9,20,ask,YieldingYams,BrilliantBurritos,7753318
2026-07-05T02:04:03.219356,2026-07-05T02:04:03.231278+00:00,144.0,20,bid,BrilliantBurritos,YieldingYams,7753351
2026-07-05T02:04:05.561122,2026-07-05T02:04:05.569251+00:00,143.8,200,ask,YieldingYams,WavyWalnuts,7753372
2026-07-05T02:04:06.774204,2026-07-05T02:04:06.782664+00:00,143.8,200,ask,YieldingYams,WavyWalnuts,7753385
2026-07-05T02:04:07.982593,2026-07-05T02:04:07.992701+00:00,143.8,200,bid,WavyWalnuts,YieldingYams,7753400
2026-07-05T02:04:09.471785,2026-07-05T02:04:09.481352+00:00,144.0,200,bid,YieldingYams,WavyWalnuts,7753417
2026-07-05T02:04:10.407512,2026-07-05T02:04:10.418007+00:00,144.0,200,ask,YieldingYams,WavyWalnuts,7753439
2026-07-05T02:04:11.616674,2026-07-05T02:04:11.585312+00:00,143.9,200,ask,YieldingYams,WavyWalnuts,7753452
2026-07-05T02:04:12.509649,2026-07-05T02:04:12.521979+00:00,144.0,20,ask,YieldingYams,BrilliantBurritos,7753464
2026-07-05T02:04:13.701644,2026-07-05T02:04:13.710227+00:00,144.0,1,bid,Kaleb Liu,YieldingYams,7753480
2026-07-05T02:04:14.031977,2026-07-05T02:04:14.041665+00:00,144.0,200,bid,WavyWalnuts,YieldingYams,7753488
2026-07-05T02:04:15.399788,2026-07-05T02:04:15.403947+00:00,143.9,50,bid,Xuanyu Liu,WavyWalnuts,7753507
2026-07-05T02:04:16.044397,2026-07-05T02:04:16.053536+00:00,143.9,150,bid,YieldingYams,WavyWalnuts,7753514
2026-07-05T02:04:17.715070,2026-07-05T02:04:17.723363+00:00,144.0,1,bid,Kaleb Liu,WavyWalnuts,7753541
2026-07-05T02:04:17.729936,2026-07-05T02:04:17.739054+00:00,143.8,20,ask,YieldingYams,BrilliantBurritos,7753544
2026-07-05T02:04:20.060560,2026-07-05T02:04:20.069496+00:00,144.0,25,bid,Yinxuan Li,YieldingYams,7753577
2026-07-05T02:04:20.237840,2026-07-05T02:04:20.249621+00:00,143.8,20,ask,YieldingYams,BrilliantBurritos,7753583
2026-07-05T02:04:25.075781,2026-07-05T02:04:25.087353+00:00,143.9,25,bid,Yinxuan Li,YieldingYams,7753627
2026-07-05T02:04:25.240358,2026-07-05T02:04:25.244179+00:00,143.8,4,ask,YieldingYams,Xuanyu Liu,7753629
2026-07-05T02:04:26.538632,2026-07-05T02:04:26.557049+00:00,144.0,200,bid,YieldingYams,WavyWalnuts,7753646
2026-07-05T02:04:26.553507,2026-07-05T02:04:26.557049+00:00,144.0,23,ask,YieldingYams,Xuanyu Liu,7753648
2026-07-05T02:04:27.858250,2026-07-05T02:04:27.869827+00:00,144.0,200,ask,WavyWalnuts,YieldingYams,7753670
2026-07-05T02:04:27.876048,2026-07-05T02:04:27.880727+00:00,144.0,12,bid,Xuanyu Liu,YieldingYams,7753672
2026-07-05T02:04:28.020962,2026-07-05T02:04:28.024311+00:00,144.0,11,bid,Xuanyu Liu,YieldingYams,7753679
2026-07-05T02:04:28.736499,2026-07-05T02:04:28.748440+00:00,144.0,8,bid,Kaleb Liu,YieldingYams,7753686
2026-07-05T02:04:30.090456,2026-07-05T02:04:30.100336+00:00,144.1,25,bid,Yinxuan Li,YieldingYams,7753703
2026-07-05T02:04:31.046219,2026-07-05T02:04:31.058605+00:00,144.2,200,bid,WavyWalnuts,YieldingYams,7753723
2026-07-05T02:04:31.805984,2026-07-05T02:04:31.809907+00:00,144.2,11,ask,YieldingYams,Xuanyu Liu,7753736
2026-07-05T02:04:32.145056,2026-07-05T02:04:32.158554+00:00,144.2,500,ask,YieldingYams,AverageAlmonds,7753737
2026-07-05T02:04:32.608531,2026-07-05T02:04:32.620419+00:00,144.4,20,bid,BrilliantBurritos,YieldingYams,7753749
2026-07-05T02:04:32.746156,2026-07-05T02:04:32.758606+00:00,144.2,114,ask,YieldingYams,AverageAlmonds,7753752
2026-07-05T02:04:32.746156,2026-07-05T02:04:32.758606+00:00,144.2,200,ask,WavyWalnuts,AverageAlmonds,7753753
2026-07-05T02:04:34.584229,2026-07-05T02:04:34.592785+00:00,144.0,200,ask,WavyWalnuts,AverageAlmonds,7753776
2026-07-05T02:04:34.584229,2026-07-05T02:04:34.592785+00:00,144.0,300,ask,YieldingYams,AverageAlmonds,7753777
2026-07-05T02:04:35.108604,2026-07-05T02:04:35.117620+00:00,144.2,25,bid,Yinxuan Li,YieldingYams,7753791
2026-07-05T02:04:35.177668,2026-07-05T02:04:35.186162+00:00,144.0,325,ask,YieldingYams,AverageAlmonds,7753792
2026-07-05T02:04:35.177668,2026-07-05T02:04:35.186162+00:00,144.0,175,ask,WavyWalnuts,AverageAlmonds,7753793
2026-07-05T02:04:35.719474,2026-07-05T02:04:35.729419+00:00,144.0,25,ask,WavyWalnuts,YieldingYams,7753802
2026-07-05T02:04:38.322663,2026-07-05T02:04:38.326433+00:00,143.9,23,ask,WavyWalnuts,Xuanyu Liu,7753841
2026-07-05T02:04:38.338991,2026-07-05T02:04:38.347341+00:00,143.9,177,ask,WavyWalnuts,YieldingYams,7753842
2026-07-05T02:04:40.123937,2026-07-05T02:04:40.135380+00:00,143.9,25,bid,Yinxuan Li,WavyWalnuts,7753867
2026-07-05T02:04:40.761565,2026-07-05T02:04:40.773385+00:00,143.8,4,ask,YieldingYams,Kaleb Liu,7753872
2026-07-05T02:04:43.152247,2026-07-05T02:04:43.161169+00:00,143.6,200,ask,YieldingYams,WavyWalnuts,7753910
2026-07-05T02:04:44.775513,2026-07-05T02:04:44.787213+00:00,143.6,2,ask,YieldingYams,Kaleb Liu,7753931
2026-07-05T02:04:44.905026,2026-07-05T02:04:44.916431+00:00,143.7,200,bid,YieldingYams,WavyWalnuts,7753934
2026-07-05T02:04:45.757529,2026-07-05T02:04:45.760944+00:00,143.7,12,ask,YieldingYams,Xuanyu Liu,7753947
2026-07-05T02:04:46.788285,2026-07-05T02:04:46.798735+00:00,143.5,1,ask,WavyWalnuts,Kaleb Liu,7753971
2026-07-05T02:04:47.789368,2026-07-05T02:04:47.798969+00:00,143.6,20,bid,BrilliantBurritos,YieldingYams,7753989
2026-07-05T02:04:47.799343,2026-07-05T02:04:47.809420+00:00,143.5,1,ask,WavyWalnuts,Kaleb Liu,7753990
2026-07-05T02:04:48.700652,2026-07-05T02:04:48.712365+00:00,143.4,20,ask,WavyWalnuts,BrilliantBurritos,7754009
2026-07-05T02:04:48.919917,2026-07-05T02:04:48.924523+00:00,143.4,11,ask,WavyWalnuts,Xuanyu Liu,7754012
2026-07-05T02:04:54.065477,2026-07-05T02:04:54.069240+00:00,143.5,3,ask,WavyWalnuts,Xuanyu Liu,7754090
2026-07-05T02:04:55.435271,2026-07-05T02:04:55.446536+00:00,143.7,200,bid,YieldingYams,WavyWalnuts,7754109
2026-07-05T02:04:56.559501,2026-07-05T02:04:56.563278+00:00,143.8,3,bid,Xuanyu Liu,WavyWalnuts,7754123
2026-07-05T02:04:57.685017,2026-07-05T02:04:57.695541+00:00,143.6,200,ask,YieldingYams,WavyWalnuts,7754137
2026-07-05T02:04:59.719083,2026-07-05T02:04:59.722433+00:00,143.6,3,ask,WavyWalnuts,Xuanyu Liu,7754169
2026-07-05T02:05:00.148394,2026-07-05T02:05:00.158647+00:00,143.7,25,ask,WavyWalnuts,Yinxuan Li,7754177
2026-07-05T02:05:01.702811,2026-07-05T02:05:01.714881+00:00,143.6,20,ask,YieldingYams,BrilliantBurritos,7754197
2026-07-05T02:05:03.724069,2026-07-05T02:05:03.735542+00:00,143.7,200,bid,WavyWalnuts,YieldingYams,7754216
2026-07-05T02:05:04.614725,2026-07-05T02:05:04.630342+00:00,143.6,500,bid,YieldingYams,AverageAlmonds,7754231
2026-07-05T02:05:04.851492,2026-07-05T02:05:04.858632+00:00,143.8,125,ask,YieldingYams,AverageAlmonds,7754238
2026-07-05T02:05:04.931620,2026-07-05T02:05:04.941178+00:00,143.6,200,bid,WavyWalnuts,AverageAlmonds,7754244
2026-07-05T02:05:05.829285,2026-07-05T02:05:05.841020+00:00,142.8,2,ask,AverageAlmonds,Kaleb Liu,7754260
2026-07-05T02:05:05.925889,2026-07-05T02:05:05.936911+00:00,143.6,500,bid,YieldingYams,AverageAlmonds,7754264
2026-07-05T02:05:06.056705,2026-07-05T02:05:06.063864+00:00,143.6,125,ask,YieldingYams,AverageAlmonds,7754266
2026-07-05T02:05:07.349476,2026-07-05T02:05:07.359852+00:00,143.5,200,bid,WavyWalnuts,YieldingYams,7754287
2026-07-05T02:05:09.690355,2026-07-05T02:05:09.701230+00:00,143.3,20,ask,YieldingYams,BrilliantBurritos,7754319
2026-07-05T02:05:10.845611,2026-07-05T02:05:10.857389+00:00,143.2,1,ask,WavyWalnuts,Kaleb Liu,7754338
2026-07-05T02:05:13.862576,2026-07-05T02:05:13.871234+00:00,143.3,1,ask,WavyWalnuts,Kaleb Liu,7754386
2026-07-05T02:05:14.741286,2026-07-05T02:05:14.753335+00:00,143.4,20,ask,WavyWalnuts,BrilliantBurritos,7754397
2026-07-05T02:05:15.490129,2026-07-05T02:05:15.494299+00:00,143.5,3,bid,Xuanyu Liu,YieldingYams,7754408
2026-07-05T02:05:15.877560,2026-07-05T02:05:15.887639+00:00,143.5,1,bid,Kaleb Liu,YieldingYams,7754417
2026-07-05T02:05:16.887233,2026-07-05T02:05:16.898990+00:00,143.5,1,bid,Kaleb Liu,YieldingYams,7754438
2026-07-05T02:05:22.399119,2026-07-05T02:05:22.409621+00:00,143.4,20,ask,WavyWalnuts,BrilliantBurritos,7754514
2026-07-05T02:05:22.961320,2026-07-05T02:05:22.981945+00:00,143.4,180,ask,WavyWalnuts,YieldingYams,7754522
2026-07-05T02:05:22.977804,2026-07-05T02:05:22.981945+00:00,143.4,11,bid,Xuanyu Liu,YieldingYams,7754524
2026-07-05T02:05:23.099632,2026-07-05T02:05:23.107570+00:00,143.4,200,bid,WavyWalnuts,YieldingYams,7754529
2026-07-05T02:05:24.311496,2026-07-05T02:05:24.320829+00:00,143.5,200,ask,YieldingYams,WavyWalnuts,7754545
2026-07-05T02:05:25.520723,2026-07-05T02:05:25.527582+00:00,143.5,200,ask,YieldingYams,WavyWalnuts,7754559
2026-07-05T02:05:27.125217,2026-07-05T02:05:27.137093+00:00,143.4,20,bid,BrilliantBurritos,WavyWalnuts,7754573
2026-07-05T02:05:28.204906,2026-07-05T02:05:28.208777+00:00,143.2,14,ask,WavyWalnuts,Xuanyu Liu,7754595
2026-07-05T02:05:28.913796,2026-07-05T02:05:28.918413+00:00,143.5,8,bid,Kaleb Liu,WavyWalnuts,7754604
2026-07-05T02:05:30.924175,2026-07-05T02:05:30.936087+00:00,143.2,1,bid,Kaleb Liu,WavyWalnuts,7754638
2026-07-05T02:05:32.128601,2026-07-05T02:05:32.136997+00:00,143.2,200,bid,YieldingYams,WavyWalnuts,7754659
2026-07-05T02:05:32.284194,2026-07-05T02:05:32.295835+00:00,143.3,20,ask,YieldingYams,BrilliantBurritos,7754662
2026-07-05T02:05:32.800602,2026-07-05T02:05:32.808274+00:00,143.3,200,ask,YieldingYams,WavyWalnuts,7754673
2026-07-05T02:05:35.311702,2026-07-05T02:05:35.323590+00:00,143.2,20,ask,WavyWalnuts,BrilliantBurritos,7754709
2026-07-05T02:05:36.426958,2026-07-05T02:05:36.433595+00:00,143.4,200,bid,WavyWalnuts,YieldingYams,7754722
2026-07-05T02:05:37.570571,2026-07-05T02:05:37.578560+00:00,143.3,20,ask,YieldingYams,BrilliantBurritos,7754735
2026-07-05T02:05:37.941412,2026-07-05T02:05:37.958591+00:00,143.3,3,ask,YieldingYams,Kaleb Liu,7754740
2026-07-05T02:05:38.842094,2026-07-05T02:05:38.848746+00:00,143.3,200,bid,WavyWalnuts,YieldingYams,7754755
2026-07-05T02:05:40.859794,2026-07-05T02:05:40.863794+00:00,143.2,3,ask,WavyWalnuts,Xuanyu Liu,7754780
2026-07-05T02:05:40.955527,2026-07-05T02:05:40.967379+00:00,143.2,2,ask,WavyWalnuts,Kaleb Liu,7754782
2026-07-05T02:05:41.257322,2026-07-05T02:05:41.268683+00:00,143.4,200,bid,WavyWalnuts,YieldingYams,7754788
2026-07-05T02:05:42.464590,2026-07-05T02:05:42.473877+00:00,143.4,200,bid,WavyWalnuts,YieldingYams,7754805
2026-07-05T02:05:42.997898,2026-07-05T02:05:43.008835+00:00,143.3,1,ask,YieldingYams,Kaleb Liu,7754813
2026-07-05T02:05:43.542175,2026-07-05T02:05:43.554036+00:00,143.3,20,ask,YieldingYams,BrilliantBurritos,7754819
2026-07-05T02:05:44.204072,2026-07-05T02:05:44.220288+00:00,143.3,20,ask,WavyWalnuts,BrilliantBurritos,7754824
2026-07-05T02:05:44.879222,2026-07-05T02:05:44.887338+00:00,143.4,200,bid,WavyWalnuts,YieldingYams,7754838
2026-07-05T02:05:49.971635,2026-07-05T02:05:49.981064+00:00,143.5,20,bid,BrilliantBurritos,WavyWalnuts,7754888
2026-07-05T02:05:50.468443,2026-07-05T02:05:50.478963+00:00,143.5,180,bid,YieldingYams,WavyWalnuts,7754892
2026-07-05T02:05:50.812199,2026-07-05T02:05:50.824545+00:00,143.8,20,bid,BrilliantBurritos,YieldingYams,7754895
2026-07-05T02:05:50.916345,2026-07-05T02:05:50.926180+00:00,143.5,200,ask,YieldingYams,WavyWalnuts,7754897
2026-07-05T02:05:52.128627,2026-07-05T02:05:52.136496+00:00,143.4,200,bid,WavyWalnuts,YieldingYams,7754914
2026-07-05T02:05:58.699306,2026-07-05T02:05:58.708546+00:00,143.3,500,bid,AverageAlmonds,YieldingYams,7754991
2026-07-05T02:05:59.316870,2026-07-05T02:05:59.325693+00:00,143.3,125,bid,AverageAlmonds,YieldingYams,7754997
2026-07-05T02:05:59.820485,2026-07-05T02:05:59.824508+00:00,143.5,3,bid,Xuanyu Liu,WavyWalnuts,7755010
2026-07-05T02:06:02.338600,2026-07-05T02:06:02.346479+00:00,143.5,200,bid,AverageAlmonds,WavyWalnuts,7755040
2026-07-05T02:06:02.338600,2026-07-05T02:06:02.351689+00:00,143.5,300,bid,AverageAlmonds,YieldingYams,7755041
2026-07-05T02:06:02.762969,2026-07-05T02:06:02.775321+00:00,143.3,20,ask,WavyWalnuts,BrilliantBurritos,7755046
2026-07-05T02:06:02.937894,2026-07-05T02:06:02.945842+00:00,143.5,325,bid,AverageAlmonds,YieldingYams,7755048
2026-07-05T02:06:03.020769,2026-07-05T02:06:03.027445+00:00,143.5,175,ask,AverageAlmonds,WavyWalnuts,7755051
2026-07-05T02:06:03.599523,2026-07-05T02:06:03.606730+00:00,143.5,25,bid,YieldingYams,WavyWalnuts,7755061
2026-07-05T02:06:05.224656,2026-07-05T02:06:05.235309+00:00,143.6,25,ask,AverageAlmonds,Yinxuan Li,7755084
2026-07-05T02:06:05.444312,2026-07-05T02:06:05.458554+00:00,143.6,200,ask,YieldingYams,WavyWalnuts,7755089
2026-07-05T02:06:06.241832,2026-07-05T02:06:06.245862+00:00,143.6,14,bid,Xuanyu Liu,YieldingYams,7755102
2026-07-05T02:06:07.192685,2026-07-05T02:06:07.204161+00:00,143.6,500,bid,AverageAlmonds,YieldingYams,7755111
2026-07-05T02:06:07.538577,2026-07-05T02:06:07.548224+00:00,143.6,200,bid,YieldingYams,WavyWalnuts,7755116
2026-07-05T02:06:07.862233,2026-07-05T02:06:07.869908+00:00,143.7,200,ask,YieldingYams,WavyWalnuts,7755124
2026-07-05T02:06:08.559184,2026-07-05T02:06:08.571264+00:00,143.7,20,ask,YieldingYams,BrilliantBurritos,7755142
2026-07-05T02:06:08.857255,2026-07-05T02:06:08.873110+00:00,143.7,500,ask,AverageAlmonds,YieldingYams,7755147
2026-07-05T02:06:08.993923,2026-07-05T02:06:09.002586+00:00,143.7,125,bid,AverageAlmonds,YieldingYams,7755151
2026-07-05T02:06:09.044211,2026-07-05T02:06:09.058560+00:00,144.6,3,bid,Kaleb Liu,AverageAlmonds,7755152
2026-07-05T02:06:10.204001,2026-07-05T02:06:10.212449+00:00,144.0,200,bid,AverageAlmonds,WavyWalnuts,7755162
2026-07-05T02:06:10.280416,2026-07-05T02:06:10.290369+00:00,144.0,200,ask,AverageAlmonds,WavyWalnuts,7755166
2026-07-05T02:06:10.813367,2026-07-05T02:06:10.821937+00:00,144.1,500,bid,AverageAlmonds,YieldingYams,7755176
2026-07-05T02:06:11.429572,2026-07-05T02:06:11.438540+00:00,144.1,125,bid,AverageAlmonds,YieldingYams,7755186
2026-07-05T02:06:11.466179,2026-07-05T02:06:11.470031+00:00,144.1,11,ask,AverageAlmonds,Xuanyu Liu,7755190
2026-07-05T02:06:11.490983,2026-07-05T02:06:11.506190+00:00,144.3,200,ask,YieldingYams,WavyWalnuts,7755191
2026-07-05T02:06:11.502311,2026-07-05T02:06:11.506190+00:00,144.3,3,ask,YieldingYams,Xuanyu Liu,7755193
2026-07-05T02:06:12.475095,2026-07-05T02:06:12.479849+00:00,144.5,26,bid,Xuanyu Liu,YieldingYams,7755206
2026-07-05T02:06:12.699006,2026-07-05T02:06:12.706779+00:00,144.3,200,ask,YieldingYams,WavyWalnuts,7755208
2026-07-05T02:06:12.797672,2026-07-05T02:06:12.801466+00:00,144.3,23,bid,Xuanyu Liu,YieldingYams,7755213
2026-07-05T02:06:13.057946,2026-07-05T02:06:13.069513+00:00,144.3,2,bid,Kaleb Liu,YieldingYams,7755217
2026-07-05T02:06:13.908913,2026-07-05T02:06:13.920465+00:00,144.1,200,ask,AverageAlmonds,WavyWalnuts,7755223
2026-07-05T02:06:13.952709,2026-07-05T02:06:13.964628+00:00,144.1,20,ask,AverageAlmonds,BrilliantBurritos,7755225
2026-07-05T02:06:14.067878,2026-07-05T02:06:14.080359+00:00,144.3,1,bid,Kaleb Liu,YieldingYams,7755227
2026-07-05T02:06:15.078515,2026-07-05T02:06:15.085264+00:00,144.3,1,bid,Kaleb Liu,YieldingYams,7755246
2026-07-05T02:06:15.248417,2026-07-05T02:06:15.258612+00:00,144.3,6,bid,Yinxuan Li,YieldingYams,7755253
2026-07-05T02:06:19.254992,2026-07-05T02:06:19.267244+00:00,144.2,20,bid,BrilliantBurritos,YieldingYams,7755293
2026-07-05T02:06:19.342726,2026-07-05T02:06:19.350821+00:00,144.1,200,ask,WavyWalnuts,YieldingYams,7755297
2026-07-05T02:06:19.342726,2026-07-05T02:06:19.350821+00:00,144.1,425,ask,AverageAlmonds,YieldingYams,7755298
2026-07-05T02:06:20.092831,2026-07-05T02:06:20.104796+00:00,144.1,4,ask,AverageAlmonds,Kaleb Liu,7755308
2026-07-05T02:06:21.120876,2026-07-05T02:06:21.128169+00:00,144.2,2,ask,YieldingYams,Kaleb Liu,7755321
2026-07-05T02:06:22.134064,2026-07-05T02:06:22.145996+00:00,144.2,1,ask,YieldingYams,Kaleb Liu,7755336
2026-07-05T02:06:23.345803,2026-07-05T02:06:23.352719+00:00,144.3,20,bid,BrilliantBurritos,WavyWalnuts,7755353
2026-07-05T02:06:24.822973,2026-07-05T02:06:24.830285+00:00,144.2,20,ask,YieldingYams,BrilliantBurritos,7755376
2026-07-05T02:06:26.004381,2026-07-05T02:06:26.011071+00:00,144.4,200,ask,YieldingYams,WavyWalnuts,7755389
2026-07-05T02:06:27.172064,2026-07-05T02:06:27.179551+00:00,144.4,1,ask,YieldingYams,Kaleb Liu,7755402
2026-07-05T02:06:28.289256,2026-07-05T02:06:28.294372+00:00,144.3,12,ask,YieldingYams,Xuanyu Liu,7755416
2026-07-05T02:06:31.156509,2026-07-05T02:06:31.158567+00:00,144.3,200,ask,WavyWalnuts,YieldingYams,7755447
2026-07-05T02:06:31.405436,2026-07-05T02:06:31.413096+00:00,144.3,425,bid,AverageAlmonds,YieldingYams,7755453
2026-07-05T02:06:31.470275,2026-07-05T02:06:31.474468+00:00,144.3,37,ask,AverageAlmonds,Xuanyu Liu,7755461
2026-07-05T02:06:32.192746,2026-07-05T02:06:32.200436+00:00,144.4,4,bid,Kaleb Liu,WavyWalnuts,7755472
2026-07-05T02:06:33.276763,2026-07-05T02:06:33.285138+00:00,144.3,200,ask,YieldingYams,WavyWalnuts,7755486
2026-07-05T02:06:36.299095,2026-07-05T02:06:36.306096+00:00,144.2,20,ask,YieldingYams,BrilliantBurritos,7755523
2026-07-05T02:06:37.209224,2026-07-05T02:06:37.221312+00:00,144.4,2,bid,Kaleb Liu,YieldingYams,7755532
2026-07-05T02:06:38.222733,2026-07-05T02:06:38.234802+00:00,144.3,3,ask,YieldingYams,Kaleb Liu,7755547
2026-07-05T02:06:39.233003,2026-07-05T02:06:39.244496+00:00,144.3,1,ask,YieldingYams,Kaleb Liu,7755563
2026-07-05T02:06:40.241933,2026-07-05T02:06:40.253771+00:00,144.3,1,ask,YieldingYams,Kaleb Liu,7755574
2026-07-05T02:06:40.278100,2026-07-05T02:06:40.289733+00:00,144.3,25,ask,YieldingYams,Yinxuan Li,7755576
2026-07-05T02:06:41.648379,2026-07-05T02:06:41.657529+00:00,144.4,200,bid,YieldingYams,WavyWalnuts,7755596
2026-07-05T02:06:41.756246,2026-07-05T02:06:41.758552+00:00,144.5,200,ask,YieldingYams,WavyWalnuts,7755598
2026-07-05T02:06:45.292586,2026-07-05T02:06:45.304588+00:00,144.3,25,ask,WavyWalnuts,Yinxuan Li,7755639
2026-07-05T02:06:49.538979,2026-07-05T02:06:49.550351+00:00,144.3,200,ask,WavyWalnuts,YieldingYams,7755697
2026-07-05T02:06:55.086536,2026-07-05T02:06:55.096774+00:00,144.2,200,bid,WavyWalnuts,YieldingYams,7755778
2026-07-05T02:06:55.312881,2026-07-05T02:06:55.323295+00:00,144.0,25,ask,YieldingYams,Yinxuan Li,7755780
2026-07-05T02:06:55.443981,2026-07-05T02:06:55.447946+00:00,144.0,3,ask,YieldingYams,Xuanyu Liu,7755784
2026-07-05T02:06:56.112947,2026-07-05T02:06:56.117375+00:00,144.2,23,ask,YieldingYams,Xuanyu Liu,7755791
2026-07-05T02:06:56.271588,2026-07-05T02:06:56.283465+00:00,144.2,5,ask,YieldingYams,Kaleb Liu,7755795
2026-07-05T02:07:00.288614,2026-07-05T02:07:00.299009+00:00,144.3,1,bid,Kaleb Liu,AverageAlmonds,7755855
2026-07-05T02:07:01.712671,2026-07-05T02:07:01.716518+00:00,144.3,12,bid,Xuanyu Liu,WavyWalnuts,7755884
2026-07-05T02:07:02.339988,2026-07-05T02:07:02.348823+00:00,144.2,200,ask,YieldingYams,WavyWalnuts,7755890
2026-07-05T02:07:03.300856,2026-07-05T02:07:03.312836+00:00,144.4,1,bid,Kaleb Liu,YieldingYams,7755901
2026-07-05T02:07:04.018797,2026-07-05T02:07:04.026825+00:00,144.1,20,ask,WavyWalnuts,BrilliantBurritos,7755912
2026-07-05T02:07:04.313042,2026-07-05T02:07:04.320211+00:00,144.1,1,ask,WavyWalnuts,Kaleb Liu,7755918
2026-07-05T02:07:05.342861,2026-07-05T02:07:05.358635+00:00,144.3,2,bid,Yinxuan Li,YieldingYams,7755935
2026-07-05T02:07:09.402472,2026-07-05T02:07:09.414829+00:00,144.1,20,ask,WavyWalnuts,BrilliantBurritos,7755999
2026-07-05T02:07:11.972486,2026-07-05T02:07:11.979269+00:00,144.2,200,ask,WavyWalnuts,AverageAlmonds,7756035
2026-07-05T02:07:12.018247,2026-07-05T02:07:12.029713+00:00,144.2,200,bid,WavyWalnuts,AverageAlmonds,7756037
2026-07-05T02:07:13.773586,2026-07-05T02:07:13.784771+00:00,144.2,500,ask,YieldingYams,AverageAlmonds,7756060
2026-07-05T02:07:14.369374,2026-07-05T02:07:14.379600+00:00,144.2,125,ask,YieldingYams,AverageAlmonds,7756063
2026-07-05T02:07:15.177274,2026-07-05T02:07:15.184558+00:00,144.0,20,ask,WavyWalnuts,BrilliantBurritos,7756072
2026-07-05T02:07:15.362766,2026-07-05T02:07:15.374649+00:00,144.0,8,ask,WavyWalnuts,Yinxuan Li,7756074
2026-07-05T02:07:15.834860,2026-07-05T02:07:15.846653+00:00,144.0,200,ask,WavyWalnuts,YieldingYams,7756080
2026-07-05T02:07:16.853026,2026-07-05T02:07:16.858609+00:00,144.0,200,bid,WavyWalnuts,YieldingYams,7756093
2026-07-05T02:07:18.355555,2026-07-05T02:07:18.367726+00:00,143.9,1,ask,YieldingYams,Kaleb Liu,7756118
2026-07-05T02:07:18.497470,2026-07-05T02:07:18.500978+00:00,144.0,12,ask,YieldingYams,Xuanyu Liu,7756122
2026-07-05T02:07:20.384449,2026-07-05T02:07:20.393706+00:00,144.2,2,bid,Yinxuan Li,YieldingYams,7756150
2026-07-05T02:07:22.897899,2026-07-05T02:07:22.907849+00:00,144.1,200,bid,WavyWalnuts,YieldingYams,7756192
2026-07-05T02:07:24.375127,2026-07-05T02:07:24.386668+00:00,144.1,3,ask,WavyWalnuts,Kaleb Liu,7756203
2026-07-05T02:07:24.639346,2026-07-05T02:07:24.651511+00:00,144.2,20,bid,BrilliantBurritos,YieldingYams,7756212
2026-07-05T02:07:25.033373,2026-07-05T02:07:25.045140+00:00,144.1,197,ask,WavyWalnuts,YieldingYams,7756221
2026-07-05T02:07:25.395375,2026-07-05T02:07:25.407619+00:00,143.8,2,ask,WavyWalnuts,Yinxuan Li,7756227
2026-07-05T02:07:27.132176,2026-07-05T02:07:27.136573+00:00,143.9,11,ask,WavyWalnuts,Xuanyu Liu,7756253
2026-07-05T02:07:27.388492,2026-07-05T02:07:27.400515+00:00,143.9,5,ask,WavyWalnuts,Kaleb Liu,7756257
2026-07-05T02:07:27.767257,2026-07-05T02:07:27.771182+00:00,144.0,12,ask,WavyWalnuts,Xuanyu Liu,7756265
2026-07-05T02:07:28.399828,2026-07-05T02:07:28.411771+00:00,144.0,7,ask,WavyWalnuts,Kaleb Liu,7756274
2026-07-05T02:07:28.811852,2026-07-05T02:07:28.823843+00:00,144.1,20,bid,BrilliantBurritos,YieldingYams,7756285
2026-07-05T02:07:31.643627,2026-07-05T02:07:31.647974+00:00,143.9,11,ask,YieldingYams,Xuanyu Liu,7756328
2026-07-05T02:07:32.417862,2026-07-05T02:07:32.429774+00:00,143.9,11,ask,YieldingYams,Kaleb Liu,7756341
2026-07-05T02:07:32.896244,2026-07-05T02:07:32.916879+00:00,144.0,200,bid,YieldingYams,WavyWalnuts,7756346
2026-07-05T02:07:32.913116,2026-07-05T02:07:32.916879+00:00,144.0,11,ask,YieldingYams,Xuanyu Liu,7756348
2026-07-05T02:07:33.428769,2026-07-05T02:07:33.436073+00:00,144.0,14,ask,YieldingYams,Kaleb Liu,7756353
2026-07-05T02:07:34.748238,2026-07-05T02:07:34.752248+00:00,144.1,11,bid,Xuanyu Liu,WavyWalnuts,7756365
2026-07-05T02:07:36.239985,2026-07-05T02:07:36.243892+00:00,144.0,11,bid,Xuanyu Liu,WavyWalnuts,7756384
2026-07-05T02:07:37.549336,2026-07-05T02:07:37.558593+00:00,143.8,20,ask,YieldingYams,BrilliantBurritos,7756400
2026-07-05T02:07:45.900566,2026-07-05T02:07:45.911334+00:00,143.4,200,ask,YieldingYams,WavyWalnuts,7756523
2026-07-05T02:07:48.636315,2026-07-05T02:07:48.644476+00:00,143.4,500,ask,AverageAlmonds,YieldingYams,7756554
2026-07-05T02:07:48.655175,2026-07-05T02:07:48.659220+00:00,143.3,12,bid,Xuanyu Liu,YieldingYams,7756557
2026-07-05T02:07:48.871057,2026-07-05T02:07:48.882423+00:00,143.3,113,bid,AverageAlmonds,YieldingYams,7756560
2026-07-05T02:07:49.540424,2026-07-05T02:07:49.544511+00:00,143.4,11,bid,Xuanyu Liu,WavyWalnuts,7756568
2026-07-05T02:07:49.744743,2026-07-05T02:07:49.754030+00:00,143.3,20,ask,AverageAlmonds,BrilliantBurritos,7756574
2026-07-05T02:07:49.944175,2026-07-05T02:07:49.951484+00:00,143.4,189,bid,YieldingYams,WavyWalnuts,7756577
2026-07-05T02:07:50.732337,2026-07-05T02:07:50.741001+00:00,143.5,200,ask,YieldingYams,WavyWalnuts,7756590
2026-07-05T02:07:51.269525,2026-07-05T02:07:51.314475+00:00,143.5,12,bid,Xuanyu Liu,YieldingYams,7756596
2026-07-05T02:07:54.415879,2026-07-05T02:07:54.428160+00:00,143.4,20,ask,WavyWalnuts,BrilliantBurritos,7756637
2026-07-05T02:07:55.206422,2026-07-05T02:07:55.216604+00:00,143.4,180,ask,WavyWalnuts,YieldingYams,7756653
2026-07-05T02:07:56.243076,2026-07-05T02:07:56.258565+00:00,143.3,20,bid,BrilliantBurritos,WavyWalnuts,7756668
2026-07-05T02:07:56.513668,2026-07-05T02:07:56.525137+00:00,143.3,180,bid,YieldingYams,WavyWalnuts,7756670
2026-07-05T02:07:56.790293,2026-07-05T02:07:56.801873+00:00,143.3,200,ask,YieldingYams,WavyWalnuts,7756673
2026-07-05T02:07:57.825156,2026-07-05T02:07:57.843993+00:00,143.1,500,ask,AverageAlmonds,YieldingYams,7756686
2026-07-05T02:07:57.839968,2026-07-05T02:07:57.843993+00:00,143.1,14,bid,Xuanyu Liu,YieldingYams,7756688
2026-07-05T02:07:57.936109,2026-07-05T02:07:57.943259+00:00,143.1,111,bid,AverageAlmonds,YieldingYams,7756689
2026-07-05T02:07:58.413312,2026-07-05T02:07:58.425187+00:00,143.2,20,ask,WavyWalnuts,BrilliantBurritos,7756696
2026-07-05T02:08:00.112817,2026-07-05T02:08:00.116702+00:00,143.2,3,ask,YieldingYams,Xuanyu Liu,7756714
2026-07-05T02:08:00.460798,2026-07-05T02:08:00.465346+00:00,143.3,11,ask,WavyWalnuts,Xuanyu Liu,7756724
2026-07-05T02:08:01.470341,2026-07-05T02:08:01.482684+00:00,143.3,18,ask,WavyWalnuts,Kaleb Liu,7756738
2026-07-05T02:08:01.643064,2026-07-05T02:08:01.658609+00:00,143.5,200,bid,WavyWalnuts,YieldingYams,7756744
2026-07-05T02:08:03.218045,2026-07-05T02:08:03.222150+00:00,143.6,11,bid,Xuanyu Liu,WavyWalnuts,7756762
2026-07-05T02:08:03.487650,2026-07-05T02:08:03.498405+00:00,143.6,2,bid,Kaleb Liu,WavyWalnuts,7756769
2026-07-05T02:08:04.499026,2026-07-05T02:08:04.511157+00:00,143.6,1,bid,Kaleb Liu,YieldingYams,7756780
2026-07-05T02:08:05.062801,2026-07-05T02:08:05.075095+00:00,143.5,20,ask,WavyWalnuts,BrilliantBurritos,7756788
2026-07-05T02:08:05.510345,2026-07-05T02:08:05.522515+00:00,143.6,1,bid,Kaleb Liu,YieldingYams,7756790
2026-07-05T02:08:05.709223,2026-07-05T02:08:05.717509+00:00,143.5,200,ask,WavyWalnuts,YieldingYams,7756792
2026-07-05T02:08:05.723686,2026-07-05T02:08:05.727973+00:00,143.5,3,bid,Xuanyu Liu,YieldingYams,7756794
2026-07-05T02:08:06.755552,2026-07-05T02:08:06.764978+00:00,143.4,20,bid,BrilliantBurritos,WavyWalnuts,7756814
2026-07-05T02:08:07.051647,2026-07-05T02:08:07.068134+00:00,143.4,180,bid,YieldingYams,WavyWalnuts,7756817
2026-07-05T02:08:07.064227,2026-07-05T02:08:07.068134+00:00,143.4,14,ask,YieldingYams,Xuanyu Liu,7756820
2026-07-05T02:08:07.696762,2026-07-05T02:08:07.706185+00:00,143.4,200,ask,YieldingYams,WavyWalnuts,7756832
2026-07-05T02:08:08.923769,2026-07-05T02:08:08.928371+00:00,143.3,11,bid,Xuanyu Liu,WavyWalnuts,7756845
2026-07-05T02:08:12.596434,2026-07-05T02:08:12.608572+00:00,143.3,20,bid,BrilliantBurritos,YieldingYams,7756892
2026-07-05T02:08:16.227937,2026-07-05T02:08:16.239175+00:00,143.4,200,bid,YieldingYams,WavyWalnuts,7756936
2026-07-05T02:08:22.238329,2026-07-05T02:08:22.242229+00:00,143.6,3,bid,Xuanyu Liu,YieldingYams,7757007
2026-07-05T02:08:22.540796,2026-07-05T02:08:22.552866+00:00,143.6,4,bid,Kaleb Liu,YieldingYams,7757011
2026-07-05T02:08:23.553250,2026-07-05T02:08:23.565297+00:00,143.5,7,bid,Kaleb Liu,YieldingYams,7757024
2026-07-05T02:08:24.564360,2026-07-05T02:08:24.573125+00:00,143.5,3,bid,Kaleb Liu,WavyWalnuts,7757035
2026-07-05T02:08:26.361143,2026-07-05T02:08:26.372788+00:00,143.6,20,bid,BrilliantBurritos,YieldingYams,7757052
2026-07-05T02:08:27.578382,2026-07-05T02:08:27.590286+00:00,143.5,21,bid,Kaleb Liu,YieldingYams,7757065
2026-07-05T02:08:28.589601,2026-07-05T02:08:28.601439+00:00,143.5,10,bid,Kaleb Liu,YieldingYams,7757079
2026-07-05T02:08:29.599271,2026-07-05T02:08:29.609349+00:00,143.5,5,bid,Kaleb Liu,YieldingYams,7757093
2026-07-05T02:08:35.539790,2026-07-05T02:08:35.551148+00:00,143.5,200,ask,YieldingYams,WavyWalnuts,7757161
2026-07-05T02:08:36.751698,2026-07-05T02:08:36.758534+00:00,143.5,200,ask,AverageAlmonds,WavyWalnuts,7757172
2026-07-05T02:08:37.234056,2026-07-05T02:08:37.243381+00:00,143.5,300,ask,AverageAlmonds,YieldingYams,7757177
2026-07-05T02:08:37.288760,2026-07-05T02:08:37.297286+00:00,143.5,325,bid,AverageAlmonds,YieldingYams,7757180
2026-07-05T02:08:37.619570,2026-07-05T02:08:37.629625+00:00,144.3,3,bid,Kaleb Liu,AverageAlmonds,7757185
2026-07-05T02:08:38.825418,2026-07-05T02:08:38.837745+00:00,143.4,20,ask,WavyWalnuts,BrilliantBurritos,7757202
2026-07-05T02:08:45.137884,2026-07-05T02:08:45.146470+00:00,143.5,200,ask,WavyWalnuts,YieldingYams,7757278
2026-07-05T02:08:45.137884,2026-07-05T02:08:45.146470+00:00,143.5,425,ask,AverageAlmonds,YieldingYams,7757279
2026-07-05T02:08:46.446595,2026-07-05T02:08:46.458548+00:00,143.7,200,bid,YieldingYams,WavyWalnuts,7757292
2026-07-05T02:08:46.643553,2026-07-05T02:08:46.650992+00:00,144.0,1,bid,Kaleb Liu,YieldingYams,7757296
2026-07-05T02:08:47.652276,2026-07-05T02:08:47.655069+00:00,143.8,200,ask,YieldingYams,WavyWalnuts,7757304
2026-07-05T02:08:52.395895,2026-07-05T02:08:52.407793+00:00,143.8,20,bid,BrilliantBurritos,WavyWalnuts,7757363
2026-07-05T02:08:52.484872,2026-07-05T02:08:52.495199+00:00,143.7,200,ask,YieldingYams,WavyWalnuts,7757364
2026-07-05T02:08:53.042015,2026-07-05T02:08:53.058552+00:00,143.5,20,ask,WavyWalnuts,BrilliantBurritos,7757370
2026-07-05T02:08:53.690890,2026-07-05T02:08:53.701039+00:00,143.7,200,bid,WavyWalnuts,YieldingYams,7757380
2026-07-05T02:08:54.643264,2026-07-05T02:08:54.655235+00:00,143.4,20,ask,AverageAlmonds,BrilliantBurritos,7757388
2026-07-05T02:08:54.899091,2026-07-05T02:08:54.907883+00:00,143.6,200,bid,WavyWalnuts,YieldingYams,7757393
2026-07-05T02:08:56.108586,2026-07-05T02:08:56.116619+00:00,143.7,200,ask,YieldingYams,WavyWalnuts,7757412
2026-07-05T02:08:57.089217,2026-07-05T02:08:57.092862+00:00,143.7,3,bid,Xuanyu Liu,YieldingYams,7757427
2026-07-05T02:08:57.666200,2026-07-05T02:08:57.673563+00:00,143.7,1,bid,Kaleb Liu,YieldingYams,7757434
2026-07-05T02:08:59.751456,2026-07-05T02:08:59.755939+00:00,143.6,2,bid,Xuanyu Liu,WavyWalnuts,7757466
2026-07-05T02:09:00.275064,2026-07-05T02:09:00.283239+00:00,143.6,198,bid,AverageAlmonds,WavyWalnuts,7757472
2026-07-05T02:09:00.927709,2026-07-05T02:09:00.935357+00:00,143.6,500,ask,AverageAlmonds,YieldingYams,7757475
2026-07-05T02:09:01.467961,2026-07-05T02:09:01.479898+00:00,143.5,20,ask,WavyWalnuts,BrilliantBurritos,7757487
2026-07-05T02:09:01.497164,2026-07-05T02:09:01.505842+00:00,143.6,125,bid,AverageAlmonds,YieldingYams,7757488
2026-07-05T02:09:02.164696,2026-07-05T02:09:02.174258+00:00,143.6,200,ask,AverageAlmonds,WavyWalnuts,7757495
2026-07-05T02:09:03.374415,2026-07-05T02:09:03.382675+00:00,143.6,200,ask,YieldingYams,WavyWalnuts,7757508
2026-07-05T02:09:03.578959,2026-07-05T02:09:03.583242+00:00,143.7,9,bid,Xuanyu Liu,YieldingYams,7757514
2026-07-05T02:09:03.681843,2026-07-05T02:09:03.693760+00:00,143.7,1,bid,Kaleb Liu,YieldingYams,7757516
2026-07-05T02:09:05.559274,2026-07-05T02:09:05.570319+00:00,143.8,25,bid,Yinxuan Li,WavyWalnuts,7757534
2026-07-05T02:09:06.182157,2026-07-05T02:09:06.190417+00:00,143.6,500,ask,AverageAlmonds,YieldingYams,7757541
2026-07-05T02:09:06.182157,2026-07-05T02:09:06.190417+00:00,143.6,125,ask,WavyWalnuts,YieldingYams,7757542
2026-07-05T02:09:07.439470,2026-07-05T02:09:07.448439+00:00,143.8,20,bid,BrilliantBurritos,WavyWalnuts,7757553
2026-07-05T02:09:07.493015,2026-07-05T02:09:07.500225+00:00,143.8,180,bid,YieldingYams,WavyWalnuts,7757554
2026-07-05T02:09:11.792619,2026-07-05T02:09:11.796224+00:00,143.7,11,ask,WavyWalnuts,Xuanyu Liu,7757598
2026-07-05T02:09:11.875597,2026-07-05T02:09:11.879677+00:00,143.8,3,ask,WavyWalnuts,Xuanyu Liu,7757603
2026-07-05T02:09:13.065714,2026-07-05T02:09:13.072820+00:00,143.9,200,bid,WavyWalnuts,AverageAlmonds,7757619
2026-07-05T02:09:14.273358,2026-07-05T02:09:14.280615+00:00,143.9,200,bid,WavyWalnuts,YieldingYams,7757639
2026-07-05T02:09:15.481205,2026-07-05T02:09:15.489007+00:00,143.9,200,bid,WavyWalnuts,AverageAlmonds,7757648
2026-07-05T02:09:16.703164,2026-07-05T02:09:16.713196+00:00,143.9,200,bid,WavyWalnuts,AverageAlmonds,7757664
2026-07-05T02:09:17.911428,2026-07-05T02:09:17.919986+00:00,143.9,200,bid,WavyWalnuts,AverageAlmonds,7757678
2026-07-05T02:09:17.980641,2026-07-05T02:09:17.988995+00:00,143.9,300,bid,YieldingYams,AverageAlmonds,7757681
2026-07-05T02:09:18.431810,2026-07-05T02:09:18.442252+00:00,143.9,325,ask,YieldingYams,AverageAlmonds,7757687
2026-07-05T02:09:18.710247,2026-07-05T02:09:18.720100+00:00,143.1,4,ask,AverageAlmonds,Kaleb Liu,7757692
2026-07-05T02:09:19.224615,2026-07-05T02:09:19.229385+00:00,143.8,14,ask,WavyWalnuts,Xuanyu Liu,7757706
2026-07-05T02:09:19.294384,2026-07-05T02:09:19.305245+00:00,143.8,186,ask,WavyWalnuts,YieldingYams,7757707
2026-07-05T02:09:20.330564,2026-07-05T02:09:20.337990+00:00,143.7,200,bid,WavyWalnuts,YieldingYams,7757725
2026-07-05T02:09:20.577959,2026-07-05T02:09:20.589653+00:00,143.5,25,ask,YieldingYams,Yinxuan Li,7757727
2026-07-05T02:09:22.686366,2026-07-05T02:09:22.694985+00:00,143.8,500,ask,YieldingYams,AverageAlmonds,7757745
2026-07-05T02:09:22.723844,2026-07-05T02:09:22.735929+00:00,144.0,1,bid,Kaleb Liu,WavyWalnuts,7757746
2026-07-05T02:09:23.284647,2026-07-05T02:09:23.296445+00:00,143.8,200,ask,WavyWalnuts,AverageAlmonds,7757752
2026-07-05T02:09:23.284647,2026-07-05T02:09:23.296445+00:00,143.7,300,ask,YieldingYams,AverageAlmonds,7757753
2026-07-05T02:09:23.734696,2026-07-05T02:09:23.746792+00:00,143.9,1,bid,Kaleb Liu,YieldingYams,7757761
2026-07-05T02:09:25.558844,2026-07-05T02:09:25.563690+00:00,143.8,12,ask,WavyWalnuts,Xuanyu Liu,7757783
2026-07-05T02:09:25.747747,2026-07-05T02:09:25.754358+00:00,143.8,3,ask,WavyWalnuts,Kaleb Liu,7757786
2026-07-05T02:09:25.851085,2026-07-05T02:09:25.858606+00:00,143.8,185,ask,WavyWalnuts,YieldingYams,7757790
2026-07-05T02:09:27.581031,2026-07-05T02:09:27.592573+00:00,143.8,200,bid,WavyWalnuts,AverageAlmonds,7757815
2026-07-05T02:09:28.140045,2026-07-05T02:09:28.149093+00:00,143.7,500,ask,YieldingYams,AverageAlmonds,7757824
2026-07-05T02:09:28.789115,2026-07-05T02:09:28.800509+00:00,143.7,200,bid,WavyWalnuts,AverageAlmonds,7757835
2026-07-05T02:09:29.837822,2026-07-05T02:09:29.846048+00:00,143.7,20,bid,BrilliantBurritos,AverageAlmonds,7757844
2026-07-05T02:09:30.020292,2026-07-05T02:09:30.029466+00:00,143.7,200,bid,WavyWalnuts,YieldingYams,7757847
2026-07-05T02:09:31.231531,2026-07-05T02:09:31.242658+00:00,143.7,200,bid,WavyWalnuts,YieldingYams,7757864
2026-07-05T02:09:32.145116,2026-07-05T02:09:32.156910+00:00,143.7,20,bid,BrilliantBurritos,YieldingYams,7757875
2026-07-05T02:09:32.441737,2026-07-05T02:09:32.458648+00:00,143.8,200,bid,WavyWalnuts,YieldingYams,7757879
2026-07-05T02:09:33.671057,2026-07-05T02:09:33.675372+00:00,143.7,5,ask,WavyWalnuts,Xuanyu Liu,7757900
2026-07-05T02:09:34.867082,2026-07-05T02:09:34.877206+00:00,143.8,200,bid,WavyWalnuts,YieldingYams,7757918
2026-07-05T02:09:35.774479,2026-07-05T02:09:35.781403+00:00,143.7,2,bid,Kaleb Liu,YieldingYams,7757931
2026-07-05T02:09:36.078360,2026-07-05T02:09:36.088327+00:00,143.7,200,bid,WavyWalnuts,YieldingYams,7757935
2026-07-05T02:09:38.787465,2026-07-05T02:09:38.799689+00:00,143.8,1,bid,Kaleb Liu,YieldingYams,7757971
2026-07-05T02:09:40.935537,2026-07-05T02:09:40.946494+00:00,143.7,200,bid,WavyWalnuts,AverageAlmonds,7758003
2026-07-05T02:09:42.147368,2026-07-05T02:09:42.158579+00:00,143.7,200,bid,WavyWalnuts,YieldingYams,7758022
2026-07-05T02:09:43.286766,2026-07-05T02:09:43.294129+00:00,143.6,500,ask,YieldingYams,AverageAlmonds,7758038
2026-07-05T02:09:43.804389,2026-07-05T02:09:43.816826+00:00,143.6,3,ask,YieldingYams,Kaleb Liu,7758044
2026-07-05T02:09:43.886747,2026-07-05T02:09:43.898076+00:00,143.6,122,ask,YieldingYams,AverageAlmonds,7758049
2026-07-05T02:09:44.203833,2026-07-05T02:09:44.223277+00:00,143.5,200,ask,WavyWalnuts,YieldingYams,7758052
2026-07-05T02:09:44.219157,2026-07-05T02:09:44.223277+00:00,143.5,5,bid,Xuanyu Liu,YieldingYams,7758054
2026-07-05T02:09:47.213604,2026-07-05T02:09:47.225367+00:00,143.5,20,ask,WavyWalnuts,BrilliantBurritos,7758112
2026-07-05T02:09:47.523479,2026-07-05T02:09:47.534500+00:00,143.5,180,ask,WavyWalnuts,AverageAlmonds,7758116
2026-07-05T02:09:47.820727,2026-07-05T02:09:47.832919+00:00,143.4,2,ask,YieldingYams,Kaleb Liu,7758121
2026-07-05T02:09:48.208179,2026-07-05T02:09:48.217900+00:00,143.5,200,bid,WavyWalnuts,AverageAlmonds,7758127
2026-07-05T02:09:48.732061,2026-07-05T02:09:48.736988+00:00,143.4,12,bid,Xuanyu Liu,AverageAlmonds,7758142
2026-07-05T02:09:49.365194,2026-07-05T02:09:49.373849+00:00,143.3,20,ask,YieldingYams,BrilliantBurritos,7758150
2026-07-05T02:09:49.422885,2026-07-05T02:09:49.433484+00:00,143.4,200,bid,WavyWalnuts,AverageAlmonds,7758152
2026-07-05T02:09:49.465084,2026-07-05T02:09:49.469399+00:00,143.2,14,bid,Xuanyu Liu,YieldingYams,7758154
2026-07-05T02:09:50.635552,2026-07-05T02:09:50.646535+00:00,143.2,200,bid,WavyWalnuts,YieldingYams,7758167
2026-07-05T02:09:50.917182,2026-07-05T02:09:50.921868+00:00,142.9,3,ask,YieldingYams,Xuanyu Liu,7758173
2026-07-05T02:09:51.848549,2026-07-05T02:09:51.858583+00:00,143.2,200,bid,WavyWalnuts,YieldingYams,7758188
2026-07-05T02:09:52.076657,2026-07-05T02:09:52.080357+00:00,143.0,11,ask,YieldingYams,Xuanyu Liu,7758193
2026-07-05T02:09:53.061620,2026-07-05T02:09:53.071930+00:00,143.3,200,bid,WavyWalnuts,YieldingYams,7758214
2026-07-05T02:09:54.274591,2026-07-05T02:09:54.284922+00:00,143.2,200,bid,WavyWalnuts,YieldingYams,7758234
2026-07-05T02:09:54.470772,2026-07-05T02:09:54.479102+00:00,143.0,20,ask,YieldingYams,BrilliantBurritos,7758239
2026-07-05T02:09:56.702771,2026-07-05T02:09:56.714171+00:00,143.4,200,bid,WavyWalnuts,YieldingYams,7758266
2026-07-05T02:09:57.413488,2026-07-05T02:09:57.425965+00:00,143.4,20,bid,BrilliantBurritos,AverageAlmonds,7758273
2026-07-05T02:09:57.844257,2026-07-05T02:09:57.858628+00:00,143.5,3,bid,Kaleb Liu,YieldingYams,7758280
2026-07-05T02:09:58.855526,2026-07-05T02:09:58.867768+00:00,143.5,1,bid,Kaleb Liu,AverageAlmonds,7758304
2026-07-05T02:09:59.127255,2026-07-05T02:09:59.136037+00:00,143.3,200,ask,YieldingYams,WavyWalnuts,7758311
2026-07-05T02:10:00.388190,2026-07-05T02:10:00.392279+00:00,143.3,11,bid,Xuanyu Liu,WavyWalnuts,7758325
2026-07-05T02:10:02.472493,2026-07-05T02:10:02.484224+00:00,143.4,20,bid,BrilliantBurritos,YieldingYams,7758348
2026-07-05T02:10:03.964788,2026-07-05T02:10:03.972586+00:00,143.2,200,ask,YieldingYams,WavyWalnuts,7758367
2026-07-05T02:10:04.873753,2026-07-05T02:10:04.880550+00:00,143.4,1,bid,Kaleb Liu,YieldingYams,7758381
2026-07-05T02:10:05.193309,2026-07-05T02:10:05.200437+00:00,143.2,200,ask,YieldingYams,WavyWalnuts,7758386
2026-07-05T02:10:05.884309,2026-07-05T02:10:05.896058+00:00,143.4,1,bid,Kaleb Liu,YieldingYams,7758400
2026-07-05T02:10:06.403522,2026-07-05T02:10:06.410977+00:00,143.2,200,ask,YieldingYams,WavyWalnuts,7758405
2026-07-05T02:10:06.722594,2026-07-05T02:10:06.726828+00:00,143.2,3,bid,Xuanyu Liu,YieldingYams,7758411
2026-07-05T02:10:07.611748,2026-07-05T02:10:07.618803+00:00,143.2,200,bid,WavyWalnuts,YieldingYams,7758420
2026-07-05T02:10:09.131760,2026-07-05T02:10:09.138797+00:00,143.2,200,bid,YieldingYams,WavyWalnuts,7758431
2026-07-05T02:10:13.680686,2026-07-05T02:10:13.690153+00:00,143.3,200,ask,YieldingYams,WavyWalnuts,7758491
2026-07-05T02:10:18.549132,2026-07-05T02:10:18.560297+00:00,143.2,200,bid,WavyWalnuts,YieldingYams,7758559
2026-07-05T02:10:19.625806,2026-07-05T02:10:19.632868+00:00,143.1,500,ask,AverageAlmonds,YieldingYams,7758574
2026-07-05T02:10:19.644989,2026-07-05T02:10:19.649982+00:00,143.1,3,bid,Xuanyu Liu,YieldingYams,7758576
2026-07-05T02:10:19.785309,2026-07-05T02:10:19.797092+00:00,142.9,20,ask,YieldingYams,BrilliantBurritos,7758579
2026-07-05T02:10:20.653840,2026-07-05T02:10:20.660536+00:00,143.1,25,bid,Yinxuan Li,YieldingYams,7758590
2026-07-05T02:10:20.786321,2026-07-05T02:10:20.796742+00:00,143.1,97,bid,AverageAlmonds,YieldingYams,7758591
2026-07-05T02:10:20.933246,2026-07-05T02:10:20.942629+00:00,143.2,200,bid,YieldingYams,WavyWalnuts,7758595
2026-07-05T02:10:20.970649,2026-07-05T02:10:20.979547+00:00,143.3,200,ask,YieldingYams,WavyWalnuts,7758597
2026-07-05T02:10:21.413570,2026-07-05T02:10:21.421594+00:00,143.3,20,ask,YieldingYams,BrilliantBurritos,7758606
2026-07-05T02:10:21.915728,2026-07-05T02:10:21.923372+00:00,143.5,20,bid,BrilliantBurritos,YieldingYams,7758610
2026-07-05T02:10:24.867209,2026-07-05T02:10:24.876447+00:00,143.2,200,ask,WavyWalnuts,YieldingYams,7758656
2026-07-05T02:10:31.431025,2026-07-05T02:10:31.440250+00:00,143.1,200,ask,WavyWalnuts,YieldingYams,7758753
2026-07-05T02:10:31.874437,2026-07-05T02:10:31.881912+00:00,143.1,200,bid,WavyWalnuts,YieldingYams,7758761
2026-07-05T02:10:32.575722,2026-07-05T02:10:32.587842+00:00,143.1,20,bid,BrilliantBurritos,YieldingYams,7758772
2026-07-05T02:10:33.694045,2026-07-05T02:10:33.704311+00:00,143.0,20,ask,YieldingYams,BrilliantBurritos,7758797
2026-07-05T02:10:34.052477,2026-07-05T02:10:34.057189+00:00,143.0,200,ask,WavyWalnuts,YieldingYams,7758801
2026-07-05T02:10:34.294623,2026-07-05T02:10:34.302673+00:00,143.0,200,bid,WavyWalnuts,YieldingYams,7758805
2026-07-05T02:10:35.930197,2026-07-05T02:10:35.939891+00:00,143.1,1,ask,YieldingYams,Kaleb Liu,7758827
2026-07-05T02:10:36.942799,2026-07-05T02:10:36.958562+00:00,143.1,1,ask,WavyWalnuts,Kaleb Liu,7758838
2026-07-05T02:10:37.955920,2026-07-05T02:10:37.958535+00:00,143.3,1,bid,Kaleb Liu,YieldingYams,7758853
2026-07-05T02:10:37.982175,2026-07-05T02:10:37.990635+00:00,143.1,200,ask,WavyWalnuts,YieldingYams,7758856
2026-07-05T02:10:38.003379,2026-07-05T02:10:38.008757+00:00,143.1,7,bid,Xuanyu Liu,YieldingYams,7758858
2026-07-05T02:10:38.944761,2026-07-05T02:10:38.946710+00:00,143.1,418,bid,AverageAlmonds,YieldingYams,7758871
2026-07-05T02:10:38.968060,2026-07-05T02:10:38.978476+00:00,143.1,1,ask,AverageAlmonds,Kaleb Liu,7758873
2026-07-05T02:10:40.369100,2026-07-05T02:10:40.380780+00:00,143.2,200,ask,YieldingYams,WavyWalnuts,7758894
2026-07-05T02:10:42.585679,2026-07-05T02:10:42.590199+00:00,143.2,7,ask,AverageAlmonds,Xuanyu Liu,7758927
2026-07-05T02:10:43.984418,2026-07-05T02:10:43.994060+00:00,143.4,1,bid,Kaleb Liu,YieldingYams,7758944
2026-07-05T02:10:44.002404,2026-07-05T02:10:44.009503+00:00,143.4,200,bid,WavyWalnuts,YieldingYams,7758947
2026-07-05T02:10:45.015974,2026-07-05T02:10:45.031476+00:00,143.5,1,bid,Kaleb Liu,YieldingYams,7758956
2026-07-05T02:10:46.698557,2026-07-05T02:10:46.703234+00:00,143.3,3,ask,YieldingYams,Xuanyu Liu,7758984
2026-07-05T02:10:52.402688,2026-07-05T02:10:52.411464+00:00,143.4,200,bid,YieldingYams,WavyWalnuts,7759064
2026-07-05T02:10:52.480706,2026-07-05T02:10:52.491357+00:00,143.4,200,ask,YieldingYams,WavyWalnuts,7759068
2026-07-05T02:10:53.346542,2026-07-05T02:10:53.353392+00:00,143.4,20,ask,YieldingYams,BrilliantBurritos,7759077
2026-07-05T02:10:53.690478,2026-07-05T02:10:53.700226+00:00,143.4,200,ask,YieldingYams,WavyWalnuts,7759081
2026-07-05T02:10:53.733438,2026-07-05T02:10:53.738150+00:00,143.3,3,bid,Xuanyu Liu,YieldingYams,7759084
2026-07-05T02:10:54.898852,2026-07-05T02:10:54.906905+00:00,143.3,200,bid,WavyWalnuts,YieldingYams,7759103
2026-07-05T02:10:56.121006,2026-07-05T02:10:56.125378+00:00,143.3,3,ask,WavyWalnuts,Xuanyu Liu,7759115
2026-07-05T02:10:58.527130,2026-07-05T02:10:58.536652+00:00,143.3,200,bid,WavyWalnuts,YieldingYams,7759149
2026-07-05T02:11:00.057420,2026-07-05T02:11:00.069734+00:00,143.1,1,ask,YieldingYams,Kaleb Liu,7759161
2026-07-05T02:11:02.167169,2026-07-05T02:11:02.175064+00:00,143.3,200,ask,YieldingYams,WavyWalnuts,7759196
2026-07-05T02:11:04.191374,2026-07-05T02:11:04.204387+00:00,143.4,200,bid,YieldingYams,WavyWalnuts,7759227
2026-07-05T02:11:05.506495,2026-07-05T02:11:05.516692+00:00,143.4,200,ask,WavyWalnuts,YieldingYams,7759238
2026-07-05T02:11:05.704904,2026-07-05T02:11:05.712788+00:00,143.2,25,ask,YieldingYams,Yinxuan Li,7759240
2026-07-05T02:11:05.787200,2026-07-05T02:11:05.797592+00:00,143.4,200,bid,WavyWalnuts,YieldingYams,7759246
2026-07-05T02:11:06.828335,2026-07-05T02:11:06.832697+00:00,143.5,26,ask,YieldingYams,Xuanyu Liu,7759258
2026-07-05T02:11:07.076765,2026-07-05T02:11:07.089038+00:00,143.5,3,ask,YieldingYams,Kaleb Liu,7759264
2026-07-05T02:11:08.211213,2026-07-05T02:11:08.220600+00:00,143.6,200,bid,WavyWalnuts,YieldingYams,7759280
2026-07-05T02:11:08.998779,2026-07-05T02:11:09.011007+00:00,143.6,20,bid,BrilliantBurritos,YieldingYams,7759299
2026-07-05T02:11:10.745180,2026-07-05T02:11:10.768707+00:00,143.4,200,ask,WavyWalnuts,YieldingYams,7759316
2026-07-05T02:11:10.764507,2026-07-05T02:11:10.768707+00:00,143.4,12,bid,Xuanyu Liu,YieldingYams,7759318
2026-07-05T02:11:11.839809,2026-07-05T02:11:11.864214+00:00,143.4,200,bid,WavyWalnuts,YieldingYams,7759328
2026-07-05T02:11:13.053862,2026-07-05T02:11:13.058587+00:00,143.5,200,ask,YieldingYams,WavyWalnuts,7759345
2026-07-05T02:11:13.088565,2026-07-05T02:11:13.100839+00:00,143.5,20,ask,YieldingYams,BrilliantBurritos,7759346
2026-07-05T02:11:14.260466,2026-07-05T02:11:14.270282+00:00,143.4,200,bid,WavyWalnuts,AverageAlmonds,7759361
2026-07-05T02:11:15.097957,2026-07-05T02:11:15.110036+00:00,143.3,2,ask,YieldingYams,Kaleb Liu,7759370
2026-07-05T02:11:15.148312,2026-07-05T02:11:15.152364+00:00,143.5,14,bid,Xuanyu Liu,AverageAlmonds,7759373
2026-07-05T02:11:15.470445,2026-07-05T02:11:15.479913+00:00,143.3,200,ask,YieldingYams,WavyWalnuts,7759381
2026-07-05T02:11:16.024870,2026-07-05T02:11:16.034885+00:00,143.1,20,ask,WavyWalnuts,BrilliantBurritos,7759392
2026-07-05T02:11:16.108412,2026-07-05T02:11:16.119711+00:00,143.3,3,bid,Kaleb Liu,YieldingYams,7759395
2026-07-05T02:11:17.121794,2026-07-05T02:11:17.133870+00:00,143.3,2,bid,Kaleb Liu,YieldingYams,7759411
2026-07-05T02:11:18.134469,2026-07-05T02:11:18.146593+00:00,143.3,1,bid,Kaleb Liu,YieldingYams,7759431
2026-07-05T02:11:19.145232,2026-07-05T02:11:19.158601+00:00,143.0,1,ask,YieldingYams,Kaleb Liu,7759446
2026-07-05T02:11:20.041023,2026-07-05T02:11:20.053168+00:00,143.2,20,bid,BrilliantBurritos,WavyWalnuts,7759461
2026-07-05T02:11:21.156288,2026-07-05T02:11:21.168327+00:00,143.1,1,bid,Kaleb Liu,WavyWalnuts,7759476
2026-07-05T02:11:21.272697,2026-07-05T02:11:21.282241+00:00,143.1,20,bid,BrilliantBurritos,WavyWalnuts,7759480
2026-07-05T02:11:21.514175,2026-07-05T02:11:21.521818+00:00,143.1,200,bid,WavyWalnuts,YieldingYams,7759485
2026-07-05T02:11:21.833711,2026-07-05T02:11:21.843600+00:00,143.1,20,bid,BrilliantBurritos,YieldingYams,7759486
2026-07-05T02:11:25.179164,2026-07-05T02:11:25.186116+00:00,143.2,200,bid,YieldingYams,WavyWalnuts,7759525
2026-07-05T02:11:25.493287,2026-07-05T02:11:25.502076+00:00,143.3,20,bid,BrilliantBurritos,AverageAlmonds,7759533
2026-07-05T02:11:26.495763,2026-07-05T02:11:26.504353+00:00,143.3,500,bid,YieldingYams,AverageAlmonds,7759541
2026-07-05T02:11:26.770088,2026-07-05T02:11:26.780316+00:00,143.3,125,ask,YieldingYams,AverageAlmonds,7759547
2026-07-05T02:11:28.669972,2026-07-05T02:11:28.679341+00:00,143.1,20,ask,WavyWalnuts,BrilliantBurritos,7759571
2026-07-05T02:11:31.101078,2026-07-05T02:11:31.113258+00:00,143.3,20,bid,BrilliantBurritos,YieldingYams,7759603
2026-07-05T02:11:32.426218,2026-07-05T02:11:32.433459+00:00,143.3,200,bid,WavyWalnuts,YieldingYams,7759618
2026-07-05T02:11:33.048168,2026-07-05T02:11:33.060066+00:00,143.3,500,bid,YieldingYams,AverageAlmonds,7759625
2026-07-05T02:11:33.088662,2026-07-05T02:11:33.100737+00:00,143.3,20,ask,YieldingYams,BrilliantBurritos,7759627
2026-07-05T02:11:34.033984,2026-07-05T02:11:34.041531+00:00,143.3,105,ask,YieldingYams,AverageAlmonds,7759648
2026-07-05T02:11:34.362082,2026-07-05T02:11:34.373173+00:00,143.2,200,ask,WavyWalnuts,YieldingYams,7759652
2026-07-05T02:11:34.687300,2026-07-05T02:11:34.699072+00:00,142.9,20,ask,YieldingYams,BrilliantBurritos,7759657
2026-07-05T02:11:34.851560,2026-07-05T02:11:34.858614+00:00,143.1,200,bid,WavyWalnuts,YieldingYams,7759658
2026-07-05T02:11:36.069987,2026-07-05T02:11:36.080006+00:00,143.2,200,ask,YieldingYams,WavyWalnuts,7759671
2026-07-05T02:11:37.084035,2026-07-05T02:11:37.096137+00:00,143.0,20,ask,WavyWalnuts,BrilliantBurritos,7759686
2026-07-05T02:11:37.278155,2026-07-05T02:11:37.288480+00:00,143.2,200,bid,WavyWalnuts,YieldingYams,7759690
2026-07-05T02:11:39.493674,2026-07-05T02:11:39.504964+00:00,143.1,500,ask,YieldingYams,AverageAlmonds,7759719
2026-07-05T02:11:39.627432,2026-07-05T02:11:39.635135+00:00,143.0,200,ask,WavyWalnuts,YieldingYams,7759720
2026-07-05T02:11:39.647074,2026-07-05T02:11:39.651717+00:00,143.0,14,bid,Xuanyu Liu,YieldingYams,7759722
2026-07-05T02:11:39.695051,2026-07-05T02:11:39.702293+00:00,143.0,200,bid,WavyWalnuts,YieldingYams,7759724
2026-07-05T02:11:40.188876,2026-07-05T02:11:40.200888+00:00,143.0,1,bid,Kaleb Liu,YieldingYams,7759736
2026-07-05T02:11:40.757908,2026-07-05T02:11:40.764764+00:00,143.0,25,bid,Yinxuan Li,YieldingYams,7759742
2026-07-05T02:11:40.940852,2026-07-05T02:11:40.950026+00:00,143.0,500,bid,YieldingYams,AverageAlmonds,7759744
2026-07-05T02:11:40.940852,2026-07-05T02:11:40.950026+00:00,143.1,125,bid,YieldingYams,WavyWalnuts,7759745
2026-07-05T02:11:41.901477,2026-07-05T02:11:41.909088+00:00,142.9,200,ask,WavyWalnuts,AverageAlmonds,7759757
2026-07-05T02:11:42.253761,2026-07-05T02:11:42.258598+00:00,142.8,200,ask,WavyWalnuts,YieldingYams,7759760
2026-07-05T02:11:44.536553,2026-07-05T02:11:44.545380+00:00,142.7,200,ask,YieldingYams,WavyWalnuts,7759789
2026-07-05T02:11:44.871280,2026-07-05T02:11:44.883155+00:00,142.8,500,bid,YieldingYams,AverageAlmonds,7759792
2026-07-05T02:11:44.931440,2026-07-05T02:11:44.941351+00:00,142.8,125,ask,YieldingYams,AverageAlmonds,7759793
2026-07-05T02:11:45.442569,2026-07-05T02:11:45.463988+00:00,142.5,20,ask,WavyWalnuts,BrilliantBurritos,7759800
2026-07-05T02:11:47.490643,2026-07-05T02:11:47.497325+00:00,142.7,500,bid,YieldingYams,AverageAlmonds,7759824
2026-07-05T02:11:47.490643,2026-07-05T02:11:47.502818+00:00,142.8,125,bid,YieldingYams,WavyWalnuts,7759825
2026-07-05T02:11:48.041629,2026-07-05T02:11:48.046203+00:00,142.7,23,bid,Xuanyu Liu,AverageAlmonds,7759840
2026-07-05T02:11:48.110271,2026-07-05T02:11:48.122271+00:00,142.6,20,ask,WavyWalnuts,BrilliantBurritos,7759842
2026-07-05T02:11:48.207746,2026-07-05T02:11:48.220211+00:00,142.7,2,bid,Kaleb Liu,AverageAlmonds,7759845
2026-07-05T02:11:48.552750,2026-07-05T02:11:48.561032+00:00,142.6,200,ask,WavyWalnuts,AverageAlmonds,7759848
2026-07-05T02:11:48.573016,2026-07-05T02:11:48.577468+00:00,142.6,12,bid,Xuanyu Liu,AverageAlmonds,7759851
2026-07-05T02:11:48.801648,2026-07-05T02:11:48.810257+00:00,142.6,288,bid,YieldingYams,AverageAlmonds,7759854
2026-07-05T02:11:49.146849,2026-07-05T02:11:49.158641+00:00,142.7,337,ask,YieldingYams,AverageAlmonds,7759859
2026-07-05T02:11:49.220857,2026-07-05T02:11:49.232756+00:00,142.7,1,bid,Kaleb Liu,AverageAlmonds,7759862
2026-07-05T02:11:49.383839,2026-07-05T02:11:49.387589+00:00,142.5,11,bid,Xuanyu Liu,WavyWalnuts,7759868
2026-07-05T02:11:50.579182,2026-07-05T02:11:50.590160+00:00,142.4,200,ask,YieldingYams,WavyWalnuts,7759889
2026-07-05T02:11:50.777532,2026-07-05T02:11:50.784608+00:00,142.6,25,bid,Yinxuan Li,YieldingYams,7759894
2026-07-05T02:11:51.266905,2026-07-05T02:11:51.271601+00:00,142.4,23,ask,YieldingYams,Xuanyu Liu,7759900
2026-07-05T02:11:51.786963,2026-07-05T02:11:51.798286+00:00,142.3,200,ask,YieldingYams,WavyWalnuts,7759903
2026-07-05T02:11:52.233049,2026-07-05T02:11:52.245244+00:00,142.3,1,ask,YieldingYams,Kaleb Liu,7759911
2026-07-05T02:11:55.247365,2026-07-05T02:11:55.248210+00:00,142.2,1,bid,Kaleb Liu,WavyWalnuts,7759951
2026-07-05T02:11:55.352014,2026-07-05T02:11:55.363278+00:00,142.2,199,bid,YieldingYams,WavyWalnuts,7759955
2026-07-05T02:11:55.424303,2026-07-05T02:11:55.431521+00:00,142.4,200,ask,YieldingYams,WavyWalnuts,7759956
2026-07-05T02:11:56.259110,2026-07-05T02:11:56.271295+00:00,142.4,1,ask,YieldingYams,Kaleb Liu,7759963
2026-07-05T02:11:56.665680,2026-07-05T02:11:56.675877+00:00,142.4,200,ask,WavyWalnuts,YieldingYams,7759972
2026-07-05T02:11:56.804230,2026-07-05T02:11:56.816666+00:00,142.1,20,ask,AverageAlmonds,BrilliantBurritos,7759973
2026-07-05T02:12:00.110348,2026-07-05T02:12:00.119797+00:00,142.3,20,bid,BrilliantBurritos,WavyWalnuts,7760005
2026-07-05T02:12:01.858993,2026-07-05T02:12:01.868861+00:00,142.3,200,bid,AverageAlmonds,WavyWalnuts,7760032
2026-07-05T02:12:01.907375,2026-07-05T02:12:01.917654+00:00,142.3,300,ask,AverageAlmonds,YieldingYams,7760033
2026-07-05T02:12:02.494012,2026-07-05T02:12:02.502576+00:00,142.3,325,bid,AverageAlmonds,YieldingYams,7760041
2026-07-05T02:12:02.700444,2026-07-05T02:12:02.710189+00:00,142.3,175,ask,AverageAlmonds,WavyWalnuts,7760042
2026-07-05T02:12:03.095497,2026-07-05T02:12:03.107621+00:00,142.2,25,bid,AverageAlmonds,WavyWalnuts,7760044
2026-07-05T02:12:03.237117,2026-07-05T02:12:03.241558+00:00,142.5,23,ask,YieldingYams,Xuanyu Liu,7760047
2026-07-05T02:12:03.910865,2026-07-05T02:12:03.922412+00:00,142.5,200,ask,YieldingYams,WavyWalnuts,7760064
2026-07-05T02:12:04.132041,2026-07-05T02:12:04.144258+00:00,142.7,20,bid,BrilliantBurritos,YieldingYams,7760067
2026-07-05T02:12:04.547981,2026-07-05T02:12:04.552168+00:00,142.6,12,bid,Xuanyu Liu,YieldingYams,7760077
2026-07-05T02:12:05.120921,2026-07-05T02:12:05.131915+00:00,142.4,200,ask,YieldingYams,WavyWalnuts,7760085
2026-07-05T02:12:05.803625,2026-07-05T02:12:05.815393+00:00,142.6,25,bid,Yinxuan Li,YieldingYams,7760101
2026-07-05T02:12:09.285492,2026-07-05T02:12:09.295884+00:00,142.4,1,bid,Kaleb Liu,YieldingYams,7760149
2026-07-05T02:12:11.189824,2026-07-05T02:12:11.200564+00:00,142.3,200,bid,WavyWalnuts,YieldingYams,7760172
2026-07-05T02:12:12.403188,2026-07-05T02:12:12.413834+00:00,142.3,200,bid,WavyWalnuts,YieldingYams,7760192
2026-07-05T02:12:12.430621,2026-07-05T02:12:12.434967+00:00,142.4,26,ask,YieldingYams,Xuanyu Liu,7760194
2026-07-05T02:12:13.299491,2026-07-05T02:12:13.307559+00:00,142.4,1,ask,YieldingYams,Kaleb Liu,7760206
2026-07-05T02:12:20.915975,2026-07-05T02:12:20.920433+00:00,142.4,3,bid,Xuanyu Liu,WavyWalnuts,7760311
2026-07-05T02:12:21.589590,2026-07-05T02:12:21.598838+00:00,142.4,197,bid,YieldingYams,WavyWalnuts,7760322
2026-07-05T02:12:28.340484,2026-07-05T02:12:28.348765+00:00,142.4,1,ask,YieldingYams,Kaleb Liu,7760406
2026-07-05T02:12:32.999641,2026-07-05T02:12:33.008551+00:00,142.4,200,bid,WavyWalnuts,YieldingYams,7760478
2026-07-05T02:12:35.426649,2026-07-05T02:12:35.437417+00:00,142.4,200,bid,WavyWalnuts,YieldingYams,7760505
2026-07-05T02:12:44.774109,2026-07-05T02:12:44.786615+00:00,142.4,20,ask,YieldingYams,BrilliantBurritos,7760608
2026-07-05T02:12:50.453867,2026-07-05T02:12:50.463797+00:00,142.4,200,bid,YieldingYams,WavyWalnuts,7760661
2026-07-05T02:12:51.160967,2026-07-05T02:12:51.169833+00:00,142.4,200,ask,YieldingYams,WavyWalnuts,7760675
2026-07-05T02:12:51.786762,2026-07-05T02:12:51.791753+00:00,142.5,11,bid,Xuanyu Liu,YieldingYams,7760682
2026-07-05T02:12:52.379986,2026-07-05T02:12:52.398013+00:00,142.4,1,bid,Kaleb Liu,WavyWalnuts,7760694
2026-07-05T02:12:52.393231,2026-07-05T02:12:52.398013+00:00,142.4,12,bid,Xuanyu Liu,WavyWalnuts,7760697
2026-07-05T02:12:54.385685,2026-07-05T02:12:54.395888+00:00,142.4,200,bid,YieldingYams,WavyWalnuts,7760723
2026-07-05T02:12:54.788751,2026-07-05T02:12:54.799013+00:00,142.5,200,ask,YieldingYams,WavyWalnuts,7760726
2026-07-05T02:12:55.393068,2026-07-05T02:12:55.405367+00:00,142.5,1,ask,YieldingYams,Kaleb Liu,7760734
2026-07-05T02:12:58.423634,2026-07-05T02:12:58.433747+00:00,142.5,200,bid,WavyWalnuts,YieldingYams,7760776
2026-07-05T02:13:02.089939,2026-07-05T02:13:02.099167+00:00,142.7,20,bid,BrilliantBurritos,YieldingYams,7760815
2026-07-05T02:13:02.094232,2026-07-05T02:13:02.099167+00:00,142.5,12,ask,WavyWalnuts,Xuanyu Liu,7760816
2026-07-05T02:13:02.285316,2026-07-05T02:13:02.290078+00:00,142.6,11,ask,YieldingYams,Xuanyu Liu,7760818
2026-07-05T02:13:03.295786,2026-07-05T02:13:03.304139+00:00,142.6,200,ask,YieldingYams,WavyWalnuts,7760832
2026-07-05T02:13:03.358949,2026-07-05T02:13:03.370847+00:00,142.8,20,bid,BrilliantBurritos,YieldingYams,7760833
2026-07-05T02:13:06.233720,2026-07-05T02:13:06.245755+00:00,142.5,20,bid,BrilliantBurritos,WavyWalnuts,7760879
2026-07-05T02:13:10.568018,2026-07-05T02:13:10.575897+00:00,142.5,200,ask,YieldingYams,WavyWalnuts,7760936
2026-07-05T02:13:10.777769,2026-07-05T02:13:10.785037+00:00,142.5,20,ask,YieldingYams,BrilliantBurritos,7760942
2026-07-05T02:13:11.477496,2026-07-05T02:13:11.481479+00:00,142.5,11,bid,Xuanyu Liu,YieldingYams,7760953
2026-07-05T02:13:13.634927,2026-07-05T02:13:13.639812+00:00,142.3,14,ask,YieldingYams,Xuanyu Liu,7760978
2026-07-05T02:13:21.950824,2026-07-05T02:13:21.958625+00:00,142.4,200,bid,YieldingYams,WavyWalnuts,7761076
2026-07-05T02:13:22.676759,2026-07-05T02:13:22.687820+00:00,142.4,200,ask,YieldingYams,WavyWalnuts,7761088
2026-07-05T02:13:24.686258,2026-07-05T02:13:24.698638+00:00,142.5,20,bid,BrilliantBurritos,WavyWalnuts,7761104
2026-07-05T02:13:25.885741,2026-07-05T02:13:25.894820+00:00,142.5,200,bid,YieldingYams,WavyWalnuts,7761124
2026-07-05T02:13:27.201208,2026-07-05T02:13:27.212006+00:00,142.5,200,ask,WavyWalnuts,YieldingYams,7761144
2026-07-05T02:13:27.454899,2026-07-05T02:13:27.452951+00:00,142.5,20,bid,BrilliantBurritos,YieldingYams,7761152
2026-07-05T02:13:27.514753,2026-07-05T02:13:27.522981+00:00,142.5,200,bid,WavyWalnuts,YieldingYams,7761153
2026-07-05T02:13:31.154508,2026-07-05T02:13:31.158535+00:00,142.6,200,ask,WavyWalnuts,YieldingYams,7761207
2026-07-05T02:13:32.357265,2026-07-05T02:13:32.369324+00:00,142.6,200,bid,WavyWalnuts,YieldingYams,7761227
2026-07-05T02:13:35.088913,2026-07-05T02:13:35.099946+00:00,142.5,20,ask,WavyWalnuts,BrilliantBurritos,7761261
2026-07-05T02:13:40.890994,2026-07-05T02:13:40.895114+00:00,142.5,3,bid,Xuanyu Liu,WavyWalnuts,7761352
2026-07-05T02:13:40.902335,2026-07-05T02:13:40.910376+00:00,142.5,25,bid,Yinxuan Li,WavyWalnuts,7761354
2026-07-05T02:13:43.286940,2026-07-05T02:13:43.294526+00:00,142.5,200,bid,WavyWalnuts,YieldingYams,7761388
2026-07-05T02:13:45.712166,2026-07-05T02:13:45.720491+00:00,142.6,200,bid,WavyWalnuts,YieldingYams,7761420
2026-07-05T02:13:48.484040,2026-07-05T02:13:48.489316+00:00,142.6,11,bid,Xuanyu Liu,WavyWalnuts,7761464
2026-07-05T02:13:49.343418,2026-07-05T02:13:49.358554+00:00,142.5,200,ask,YieldingYams,WavyWalnuts,7761482
2026-07-05T02:13:49.468102,2026-07-05T02:13:49.480466+00:00,142.5,2,ask,YieldingYams,Kaleb Liu,7761483
2026-07-05T02:13:50.480757,2026-07-05T02:13:50.493344+00:00,142.6,1,bid,Kaleb Liu,YieldingYams,7761499
2026-07-05T02:13:52.497940,2026-07-05T02:13:52.509572+00:00,142.6,1,bid,Kaleb Liu,WavyWalnuts,7761528
2026-07-05T02:13:56.164982,2026-07-05T02:13:56.174827+00:00,142.4,200,ask,WavyWalnuts,YieldingYams,7761581
2026-07-05T02:13:56.611158,2026-07-05T02:13:56.620686+00:00,142.4,200,bid,WavyWalnuts,YieldingYams,7761589
2026-07-05T02:13:56.825073,2026-07-05T02:13:56.837140+00:00,142.4,20,bid,BrilliantBurritos,YieldingYams,7761591
2026-07-05T02:13:57.495802,2026-07-05T02:13:57.500109+00:00,142.5,14,ask,YieldingYams,Xuanyu Liu,7761607
2026-07-05T02:13:57.825137,2026-07-05T02:13:57.836107+00:00,142.5,200,ask,YieldingYams,WavyWalnuts,7761613
2026-07-05T02:14:03.822769,2026-07-05T02:14:03.829968+00:00,142.4,20,ask,YieldingYams,BrilliantBurritos,7761690
2026-07-05T02:14:03.879073,2026-07-05T02:14:03.888484+00:00,142.6,200,bid,WavyWalnuts,YieldingYams,7761691
2026-07-05T02:14:05.345940,2026-07-05T02:14:05.358543+00:00,142.7,500,bid,YieldingYams,AverageAlmonds,7761706
2026-07-05T02:14:06.003143,2026-07-05T02:14:06.015342+00:00,142.7,125,ask,YieldingYams,AverageAlmonds,7761720
2026-07-05T02:14:06.171902,2026-07-05T02:14:06.184154+00:00,142.5,20,ask,WavyWalnuts,BrilliantBurritos,7761721
2026-07-05T02:14:06.754719,2026-07-05T02:14:06.767160+00:00,142.5,20,ask,WavyWalnuts,BrilliantBurritos,7761725
2026-07-05T02:14:12.936604,2026-07-05T02:14:12.949194+00:00,142.4,20,ask,YieldingYams,BrilliantBurritos,7761789
2026-07-05T02:14:16.994014,2026-07-05T02:14:16.998107+00:00,142.6,14,bid,Xuanyu Liu,WavyWalnuts,7761831
2026-07-05T02:14:17.152708,2026-07-05T02:14:17.156200+00:00,142.6,186,bid,YieldingYams,WavyWalnuts,7761834
2026-07-05T02:14:19.614733,2026-07-05T02:14:19.623963+00:00,142.4,200,ask,YieldingYams,WavyWalnuts,7761858
2026-07-05T02:14:20.824982,2026-07-05T02:14:20.836972+00:00,142.4,200,ask,YieldingYams,WavyWalnuts,7761870
2026-07-05T02:14:20.948329,2026-07-05T02:14:20.958585+00:00,142.6,25,bid,Yinxuan Li,YieldingYams,7761874
2026-07-05T02:14:23.317294,2026-07-05T02:14:23.321817+00:00,142.5,23,bid,Xuanyu Liu,WavyWalnuts,7761898
2026-07-05T02:14:23.565293,2026-07-05T02:14:23.575181+00:00,142.5,2,bid,Kaleb Liu,WavyWalnuts,7761900
2026-07-05T02:14:24.584347,2026-07-05T02:14:24.596546+00:00,142.5,1,bid,Kaleb Liu,YieldingYams,7761916
2026-07-05T02:14:25.688604,2026-07-05T02:14:25.692629+00:00,142.4,12,bid,Xuanyu Liu,WavyWalnuts,7761932
2026-07-05T02:14:25.986172,2026-07-05T02:14:25.995104+00:00,142.4,25,bid,Yinxuan Li,WavyWalnuts,7761935
2026-07-05T02:14:26.596974,2026-07-05T02:14:26.609106+00:00,142.4,1,bid,Kaleb Liu,WavyWalnuts,7761947
2026-07-05T02:14:26.882382,2026-07-05T02:14:26.892102+00:00,142.3,200,ask,YieldingYams,WavyWalnuts,7761956
2026-07-05T02:14:27.302723,2026-07-05T02:14:27.314859+00:00,142.3,20,ask,YieldingYams,BrilliantBurritos,7761961
2026-07-05T02:14:28.609549,2026-07-05T02:14:28.621293+00:00,142.3,3,bid,Kaleb Liu,WavyWalnuts,7761970
2026-07-05T02:14:29.618858,2026-07-05T02:14:29.627183+00:00,142.3,1,bid,Kaleb Liu,YieldingYams,7761986
2026-07-05T02:14:31.005280,2026-07-05T02:14:31.014921+00:00,142.2,25,bid,Yinxuan Li,YieldingYams,7762011
2026-07-05T02:14:31.648709,2026-07-05T02:14:31.658595+00:00,142.1,200,ask,WavyWalnuts,YieldingYams,7762027
2026-07-05T02:14:31.648709,2026-07-05T02:14:31.658595+00:00,142.1,425,ask,AverageAlmonds,YieldingYams,7762028
2026-07-05T02:14:32.636546,2026-07-05T02:14:32.648557+00:00,142.2,3,ask,WavyWalnuts,Kaleb Liu,7762041
2026-07-05T02:14:34.649047,2026-07-05T02:14:34.658565+00:00,142.2,2,ask,WavyWalnuts,Kaleb Liu,7762066
2026-07-05T02:14:35.577559,2026-07-05T02:14:35.586276+00:00,142.3,500,ask,AverageAlmonds,YieldingYams,7762077
2026-07-05T02:14:35.648756,2026-07-05T02:14:35.658600+00:00,142.3,125,bid,AverageAlmonds,YieldingYams,7762080
2026-07-05T02:14:35.676320,2026-07-05T02:14:35.691023+00:00,142.3,1,ask,AverageAlmonds,Kaleb Liu,7762081
2026-07-05T02:14:36.029246,2026-07-05T02:14:36.034046+00:00,142.3,12,ask,AverageAlmonds,Xuanyu Liu,7762088
2026-07-05T02:14:36.690564,2026-07-05T02:14:36.700512+00:00,142.3,1,ask,WavyWalnuts,Kaleb Liu,7762094
2026-07-05T02:14:37.704863,2026-07-05T02:14:37.713922+00:00,142.3,1,ask,WavyWalnuts,Kaleb Liu,7762109
2026-07-05T02:14:39.197001,2026-07-05T02:14:39.202086+00:00,142.2,11,ask,YieldingYams,Xuanyu Liu,7762133
2026-07-05T02:14:39.525312,2026-07-05T02:14:39.529986+00:00,142.3,12,ask,YieldingYams,Xuanyu Liu,7762137
2026-07-05T02:14:39.740498,2026-07-05T02:14:39.750511+00:00,142.3,20,ask,YieldingYams,BrilliantBurritos,7762141
2026-07-05T02:14:42.625177,2026-07-05T02:14:42.632430+00:00,142.3,200,bid,WavyWalnuts,YieldingYams,7762169
2026-07-05T02:14:43.836095,2026-07-05T02:14:43.845350+00:00,142.3,200,bid,WavyWalnuts,YieldingYams,7762182
2026-07-05T02:14:44.166023,2026-07-05T02:14:44.171222+00:00,142.2,11,ask,AverageAlmonds,Xuanyu Liu,7762190
2026-07-05T02:14:44.764904,2026-07-05T02:14:44.769248+00:00,142.3,3,ask,YieldingYams,Xuanyu Liu,7762196
2026-07-05T02:14:45.585502,2026-07-05T02:14:45.595033+00:00,142.4,20,bid,BrilliantBurritos,WavyWalnuts,7762209
2026-07-05T02:14:47.369885,2026-07-05T02:14:47.380098+00:00,142.4,200,bid,YieldingYams,WavyWalnuts,7762228
2026-07-05T02:14:47.467371,2026-07-05T02:14:47.474783+00:00,142.4,200,ask,YieldingYams,WavyWalnuts,7762230
2026-07-05T02:14:48.684269,2026-07-05T02:14:48.691422+00:00,142.3,200,ask,WavyWalnuts,YieldingYams,7762247
2026-07-05T02:14:51.398250,2026-07-05T02:14:51.410430+00:00,142.3,20,ask,WavyWalnuts,BrilliantBurritos,7762287
2026-07-05T02:14:56.832931,2026-07-05T02:14:56.844460+00:00,142.3,500,ask,YieldingYams,AverageAlmonds,7762359
2026-07-05T02:14:57.425941,2026-07-05T02:14:57.434176+00:00,142.3,125,ask,YieldingYams,AverageAlmonds,7762361
2026-07-05T02:14:57.866383,2026-07-05T02:14:57.875074+00:00,142.2,200,ask,WavyWalnuts,YieldingYams,7762366
2026-07-05T02:15:01.041292,2026-07-05T02:15:01.052559+00:00,142.0,25,ask,YieldingYams,Yinxuan Li,7762410
2026-07-05T02:15:02.011390,2026-07-05T02:15:02.019781+00:00,142.1,200,ask,YieldingYams,WavyWalnuts,7762422
2026-07-05T02:15:04.432978,2026-07-05T02:15:04.444057+00:00,141.9,200,ask,YieldingYams,WavyWalnuts,7762456
2026-07-05T02:15:08.820598,2026-07-05T02:15:08.833210+00:00,141.8,20,ask,WavyWalnuts,BrilliantBurritos,7762506
2026-07-05T02:15:14.908858,2026-07-05T02:15:14.916859+00:00,141.9,200,bid,YieldingYams,WavyWalnuts,7762605
2026-07-05T02:15:15.334435,2026-07-05T02:15:15.346298+00:00,142.0,20,ask,YieldingYams,BrilliantBurritos,7762610
2026-07-05T02:15:15.367372,2026-07-05T02:15:15.377472+00:00,142.0,200,ask,YieldingYams,WavyWalnuts,7762611
2026-07-05T02:15:16.112848,2026-07-05T02:15:16.121809+00:00,142.0,25,ask,YieldingYams,Yinxuan Li,7762624
2026-07-05T02:15:17.549666,2026-07-05T02:15:17.550247+00:00,141.9,200,ask,WavyWalnuts,YieldingYams,7762643
2026-07-05T02:15:17.787850,2026-07-05T02:15:17.799206+00:00,141.9,200,bid,WavyWalnuts,YieldingYams,7762647
2026-07-05T02:15:19.135214,2026-07-05T02:15:19.147280+00:00,141.8,20,ask,YieldingYams,BrilliantBurritos,7762659
2026-07-05T02:15:21.731612,2026-07-05T02:15:21.743588+00:00,141.7,20,ask,YieldingYams,BrilliantBurritos,7762684
2026-07-05T02:15:22.155111,2026-07-05T02:15:22.155831+00:00,141.7,20,ask,YieldingYams,BrilliantBurritos,7762691
2026-07-05T02:15:22.797369,2026-07-05T02:15:22.807961+00:00,141.8,200,bid,YieldingYams,WavyWalnuts,7762698
2026-07-05T02:15:27.469761,2026-07-05T02:15:27.479285+00:00,141.8,200,bid,WavyWalnuts,YieldingYams,7762752
2026-07-05T02:15:28.679882,2026-07-05T02:15:28.688765+00:00,141.7,200,bid,WavyWalnuts,YieldingYams,7762768
2026-07-05T02:15:33.006016,2026-07-05T02:15:33.010110+00:00,141.6,3,ask,YieldingYams,Xuanyu Liu,7762829
2026-07-05T02:15:36.142787,2026-07-05T02:15:36.154790+00:00,141.6,25,ask,WavyWalnuts,Yinxuan Li,7762862
2026-07-05T02:15:38.373108,2026-07-05T02:15:38.380655+00:00,141.6,200,ask,YieldingYams,WavyWalnuts,7762893
2026-07-05T02:15:41.158244,2026-07-05T02:15:41.170106+00:00,141.6,25,ask,WavyWalnuts,Yinxuan Li,7762928
2026-07-05T02:15:42.454579,2026-07-05T02:15:42.464067+00:00,141.7,200,bid,YieldingYams,WavyWalnuts,7762941
2026-07-05T02:15:43.219686,2026-07-05T02:15:43.231381+00:00,141.7,200,ask,YieldingYams,WavyWalnuts,7762956
2026-07-05T02:15:45.093106,2026-07-05T02:15:45.098295+00:00,141.6,11,ask,YieldingYams,Xuanyu Liu,7762978
2026-07-05T02:15:45.123780,2026-07-05T02:15:45.136431+00:00,141.6,20,ask,YieldingYams,BrilliantBurritos,7762979
2026-07-05T02:15:45.801608,2026-07-05T02:15:45.814019+00:00,141.6,1,ask,YieldingYams,Kaleb Liu,7762989
2026-07-05T02:15:46.172762,2026-07-05T02:15:46.185103+00:00,141.6,25,ask,YieldingYams,Yinxuan Li,7762997
2026-07-05T02:15:46.387093,2026-07-05T02:15:46.398839+00:00,141.7,200,bid,YieldingYams,WavyWalnuts,7763001
2026-07-05T02:15:46.405957,2026-07-05T02:15:46.411074+00:00,141.7,12,ask,YieldingYams,Xuanyu Liu,7763003
2026-07-05T02:15:46.814831,2026-07-05T02:15:46.821823+00:00,141.7,3,ask,YieldingYams,Kaleb Liu,7763007
2026-07-05T02:15:47.826187,2026-07-05T02:15:47.836217+00:00,141.8,1,bid,Kaleb Liu,WavyWalnuts,7763024
2026-07-05T02:15:48.840512,2026-07-05T02:15:48.849742+00:00,141.8,1,bid,Kaleb Liu,YieldingYams,7763037
2026-07-05T02:15:49.075612,2026-07-05T02:15:49.080243+00:00,141.7,12,bid,Xuanyu Liu,YieldingYams,7763044
2026-07-05T02:15:51.189151,2026-07-05T02:15:51.201260+00:00,141.6,25,ask,YieldingYams,Yinxuan Li,7763074
2026-07-05T02:15:52.913793,2026-07-05T02:15:52.924781+00:00,141.8,200,ask,YieldingYams,WavyWalnuts,7763101
2026-07-05T02:15:55.866892,2026-07-05T02:15:55.874458+00:00,141.7,1,ask,WavyWalnuts,Kaleb Liu,7763141
2026-07-05T02:15:56.877671,2026-07-05T02:15:56.889984+00:00,142.0,1,bid,Kaleb Liu,YieldingYams,7763159
2026-07-05T02:15:56.943435,2026-07-05T02:15:56.958637+00:00,141.9,200,ask,WavyWalnuts,YieldingYams,7763162
2026-07-05T02:15:57.530936,2026-07-05T02:15:57.543133+00:00,141.9,20,bid,BrilliantBurritos,YieldingYams,7763170
2026-07-05T02:15:57.889776,2026-07-05T02:15:57.901962+00:00,141.7,1,ask,WavyWalnuts,Kaleb Liu,7763175
2026-07-05T02:15:59.234320,2026-07-05T02:15:59.239133+00:00,141.9,11,bid,Xuanyu Liu,AverageAlmonds,7763196
2026-07-05T02:15:59.821920,2026-07-05T02:15:59.829696+00:00,141.8,200,ask,WavyWalnuts,AverageAlmonds,7763206
2026-07-05T02:15:59.821920,2026-07-05T02:15:59.834952+00:00,141.8,300,ask,YieldingYams,AverageAlmonds,7763207
2026-07-05T02:16:00.423866,2026-07-05T02:16:00.435459+00:00,141.8,325,ask,YieldingYams,AverageAlmonds,7763216
2026-07-05T02:16:00.423866,2026-07-05T02:16:00.435459+00:00,141.8,175,ask,WavyWalnuts,AverageAlmonds,7763217
2026-07-05T02:16:00.891510,2026-07-05T02:16:00.903036+00:00,141.8,25,ask,WavyWalnuts,YieldingYams,7763219
2026-07-05T02:16:00.909646,2026-07-05T02:16:00.914149+00:00,141.8,3,bid,Xuanyu Liu,YieldingYams,7763221
2026-07-05T02:16:01.380686,2026-07-05T02:16:01.391957+00:00,141.8,200,bid,WavyWalnuts,YieldingYams,7763229
2026-07-05T02:16:02.202677,2026-07-05T02:16:02.210872+00:00,141.8,500,bid,YieldingYams,AverageAlmonds,7763244
2026-07-05T02:16:02.858317,2026-07-05T02:16:02.870658+00:00,141.8,125,ask,YieldingYams,AverageAlmonds,7763257
2026-07-05T02:16:02.858317,2026-07-05T02:16:02.870658+00:00,141.8,200,ask,WavyWalnuts,AverageAlmonds,7763258
2026-07-05T02:16:03.810659,2026-07-05T02:16:03.819630+00:00,141.6,200,bid,WavyWalnuts,YieldingYams,7763270
2026-07-05T02:16:05.111438,2026-07-05T02:16:05.123351+00:00,141.6,20,ask,YieldingYams,BrilliantBurritos,7763290
2026-07-05T02:16:06.178873,2026-07-05T02:16:06.188710+00:00,141.7,200,bid,YieldingYams,WavyWalnuts,7763304
2026-07-05T02:16:07.447278,2026-07-05T02:16:07.458608+00:00,141.7,200,ask,YieldingYams,WavyWalnuts,7763317
2026-07-05T02:16:07.495415,2026-07-05T02:16:07.514786+00:00,141.5,200,ask,WavyWalnuts,YieldingYams,7763318
2026-07-05T02:16:07.510326,2026-07-05T02:16:07.514786+00:00,141.5,3,bid,Xuanyu Liu,YieldingYams,7763320
2026-07-05T02:16:07.912056,2026-07-05T02:16:07.920988+00:00,141.5,1,bid,Kaleb Liu,YieldingYams,7763326
2026-07-05T02:16:08.651934,2026-07-05T02:16:08.664978+00:00,141.5,200,bid,WavyWalnuts,YieldingYams,7763343
2026-07-05T02:16:11.032840,2026-07-05T02:16:11.037945+00:00,141.6,11,bid,Xuanyu Liu,WavyWalnuts,7763381
2026-07-05T02:16:11.094674,2026-07-05T02:16:11.099493+00:00,141.5,12,bid,Xuanyu Liu,WavyWalnuts,7763383
2026-07-05T02:16:11.226769,2026-07-05T02:16:11.234238+00:00,141.5,25,bid,Yinxuan Li,WavyWalnuts,7763387
2026-07-05T02:16:13.505563,2026-07-05T02:16:13.517149+00:00,141.5,200,bid,WavyWalnuts,YieldingYams,7763421
2026-07-05T02:16:14.361535,2026-07-05T02:16:14.369509+00:00,141.7,20,bid,BrilliantBurritos,WavyWalnuts,7763428
2026-07-05T02:16:15.369190,2026-07-05T02:16:15.383923+00:00,141.6,500,bid,YieldingYams,AverageAlmonds,7763441
2026-07-05T02:16:15.934140,2026-07-05T02:16:15.945196+00:00,141.7,1,bid,Kaleb Liu,AverageAlmonds,7763447
2026-07-05T02:16:16.682685,2026-07-05T02:16:16.694757+00:00,141.6,200,ask,WavyWalnuts,YieldingYams,7763459
2026-07-05T02:16:16.956928,2026-07-05T02:16:16.964896+00:00,141.5,1,bid,Kaleb Liu,YieldingYams,7763460
2026-07-05T02:16:17.306105,2026-07-05T02:16:17.311347+00:00,141.5,11,bid,Xuanyu Liu,YieldingYams,7763464
2026-07-05T02:16:17.995193,2026-07-05T02:16:18.006455+00:00,141.5,2,bid,Kaleb Liu,YieldingYams,7763472
2026-07-05T02:16:19.007102,2026-07-05T02:16:19.019122+00:00,141.5,1,bid,Kaleb Liu,AverageAlmonds,7763485
2026-07-05T02:16:19.816056,2026-07-05T02:16:19.826836+00:00,141.4,500,ask,YieldingYams,AverageAlmonds,7763494
2026-07-05T02:16:20.403605,2026-07-05T02:16:20.412692+00:00,141.4,125,ask,YieldingYams,AverageAlmonds,7763497
2026-07-05T02:16:20.403605,2026-07-05T02:16:20.417982+00:00,141.4,200,ask,WavyWalnuts,AverageAlmonds,7763498
2026-07-05T02:16:20.447702,2026-07-05T02:16:20.452873+00:00,141.4,12,bid,Xuanyu Liu,AverageAlmonds,7763499
2026-07-05T02:16:21.022808,2026-07-05T02:16:21.031346+00:00,141.3,3,bid,Kaleb Liu,YieldingYams,7763511
2026-07-05T02:16:21.244108,2026-07-05T02:16:21.258598+00:00,141.3,25,bid,Yinxuan Li,YieldingYams,7763517
2026-07-05T02:16:22.033917,2026-07-05T02:16:22.046405+00:00,141.3,2,bid,Kaleb Liu,AverageAlmonds,7763522
2026-07-05T02:16:25.615252,2026-07-05T02:16:25.623841+00:00,141.2,200,ask,YieldingYams,WavyWalnuts,7763567
2026-07-05T02:16:26.265893,2026-07-05T02:16:26.274171+00:00,141.4,25,bid,Yinxuan Li,AverageAlmonds,7763572
2026-07-05T02:16:27.080939,2026-07-05T02:16:27.090309+00:00,141.1,20,ask,YieldingYams,BrilliantBurritos,7763583
2026-07-05T02:16:30.096660,2026-07-05T02:16:30.108024+00:00,141.2,200,ask,WavyWalnuts,AverageAlmonds,7763616
2026-07-05T02:16:31.285023,2026-07-05T02:16:31.295629+00:00,141.2,25,bid,Yinxuan Li,AverageAlmonds,7763632
2026-07-05T02:16:32.897256,2026-07-05T02:16:32.908454+00:00,141.0,200,bid,WavyWalnuts,YieldingYams,7763658
2026-07-05T02:16:33.058746,2026-07-05T02:16:33.070966+00:00,141.0,1,bid,Kaleb Liu,YieldingYams,7763660
2026-07-05T02:16:33.241728,2026-07-05T02:16:33.246440+00:00,140.8,12,ask,YieldingYams,Xuanyu Liu,7763664
2026-07-05T02:16:33.828374,2026-07-05T02:16:33.833239+00:00,140.9,11,ask,YieldingYams,Xuanyu Liu,7763679
2026-07-05T02:16:34.109422,2026-07-05T02:16:34.118049+00:00,140.9,200,ask,YieldingYams,WavyWalnuts,7763684
2026-07-05T02:16:36.302702,2026-07-05T02:16:36.310084+00:00,141.0,25,bid,Yinxuan Li,YieldingYams,7763714
2026-07-05T02:16:38.758348,2026-07-05T02:16:38.770762+00:00,140.9,20,ask,YieldingYams,BrilliantBurritos,7763740
2026-07-05T02:16:39.566257,2026-07-05T02:16:39.571261+00:00,140.9,26,ask,YieldingYams,Xuanyu Liu,7763747
2026-07-05T02:16:40.086173,2026-07-05T02:16:40.098450+00:00,140.9,4,ask,YieldingYams,Kaleb Liu,7763752
2026-07-05T02:16:40.161954,2026-07-05T02:16:40.170316+00:00,140.9,200,ask,YieldingYams,WavyWalnuts,7763754
2026-07-05T02:16:41.098959,2026-07-05T02:16:41.111257+00:00,141.0,1,ask,YieldingYams,Kaleb Liu,7763769
2026-07-05T02:16:41.312018,2026-07-05T02:16:41.321284+00:00,141.0,25,ask,YieldingYams,Yinxuan Li,7763771
2026-07-05T02:16:41.372713,2026-07-05T02:16:41.381184+00:00,141.0,200,ask,YieldingYams,WavyWalnuts,7763774
2026-07-05T02:16:41.520307,2026-07-05T02:16:41.532909+00:00,141.0,20,ask,YieldingYams,BrilliantBurritos,7763775
2026-07-05T02:16:42.582234,2026-07-05T02:16:42.589105+00:00,140.9,200,ask,YieldingYams,WavyWalnuts,7763799
2026-07-05T02:16:43.040670,2026-07-05T02:16:43.045915+00:00,141.0,3,bid,Xuanyu Liu,YieldingYams,7763806
2026-07-05T02:16:43.812159,2026-07-05T02:16:43.817086+00:00,140.9,11,bid,Xuanyu Liu,WavyWalnuts,7763813
2026-07-05T02:16:45.914431,2026-07-05T02:16:45.918870+00:00,140.7,14,ask,WavyWalnuts,Xuanyu Liu,7763845
2026-07-05T02:16:46.116282,2026-07-05T02:16:46.129987+00:00,140.7,1,ask,WavyWalnuts,Kaleb Liu,7763849
2026-07-05T02:16:48.287332,2026-07-05T02:16:48.297705+00:00,140.7,200,bid,YieldingYams,WavyWalnuts,7763886
2026-07-05T02:16:49.617357,2026-07-05T02:16:49.622763+00:00,140.8,3,bid,Xuanyu Liu,YieldingYams,7763914
2026-07-05T02:16:51.338677,2026-07-05T02:16:51.350087+00:00,140.8,25,bid,Yinxuan Li,YieldingYams,7763943
2026-07-05T02:16:55.349641,2026-07-05T02:16:55.354527+00:00,140.8,23,bid,Xuanyu Liu,YieldingYams,7763989
2026-07-05T02:16:55.907903,2026-07-05T02:16:55.919104+00:00,140.8,200,bid,WavyWalnuts,YieldingYams,7764001
2026-07-05T02:16:56.354622,2026-07-05T02:16:56.358630+00:00,140.9,25,bid,Yinxuan Li,YieldingYams,7764006
2026-07-05T02:16:57.468643,2026-07-05T02:16:57.475979+00:00,140.8,200,ask,WavyWalnuts,YieldingYams,7764012
2026-07-05T02:16:58.785304,2026-07-05T02:16:58.794500+00:00,140.7,500,ask,AverageAlmonds,YieldingYams,7764024
2026-07-05T02:16:58.785304,2026-07-05T02:16:58.794500+00:00,140.6,125,ask,WavyWalnuts,YieldingYams,7764025
2026-07-05T02:16:59.175151,2026-07-05T02:16:59.186086+00:00,140.6,1,ask,WavyWalnuts,Kaleb Liu,7764037
2026-07-05T02:16:59.555245,2026-07-05T02:16:59.567426+00:00,140.7,20,ask,WavyWalnuts,BrilliantBurritos,7764042
2026-07-05T02:17:03.187888,2026-07-05T02:17:03.198098+00:00,140.7,200,ask,YieldingYams,WavyWalnuts,7764073
2026-07-05T02:17:03.196699,2026-07-05T02:17:03.208699+00:00,140.7,1,ask,YieldingYams,Kaleb Liu,7764074
2026-07-05T02:17:04.040334,2026-07-05T02:17:04.045005+00:00,140.9,12,ask,YieldingYams,Xuanyu Liu,7764084
2026-07-05T02:17:04.399598,2026-07-05T02:17:04.410305+00:00,140.9,200,ask,YieldingYams,WavyWalnuts,7764086
2026-07-05T02:17:05.342733,2026-07-05T02:17:05.358580+00:00,141.0,500,bid,YieldingYams,AverageAlmonds,7764096
2026-07-05T02:17:05.609831,2026-07-05T02:17:05.620031+00:00,141.0,125,ask,YieldingYams,WavyWalnuts,7764106
2026-07-05T02:17:06.676963,2026-07-05T02:17:06.683973+00:00,140.8,200,ask,WavyWalnuts,YieldingYams,7764115
2026-07-05T02:17:06.818179,2026-07-05T02:17:06.827173+00:00,140.8,200,bid,WavyWalnuts,YieldingYams,7764116
2026-07-05T02:17:08.028556,2026-07-05T02:17:08.036008+00:00,140.9,200,bid,WavyWalnuts,AverageAlmonds,7764130
2026-07-05T02:17:08.064828,2026-07-05T02:17:08.069427+00:00,140.8,14,ask,YieldingYams,Xuanyu Liu,7764134
2026-07-05T02:17:09.214291,2026-07-05T02:17:09.226217+00:00,140.9,1,bid,Kaleb Liu,AverageAlmonds,7764150
2026-07-05T02:17:12.227241,2026-07-05T02:17:12.239518+00:00,140.6,1,ask,WavyWalnuts,Kaleb Liu,7764180
2026-07-05T02:17:19.781528,2026-07-05T02:17:19.793624+00:00,140.5,200,bid,YieldingYams,WavyWalnuts,7764280
2026-07-05T02:17:20.143461,2026-07-05T02:17:20.158581+00:00,140.6,200,ask,YieldingYams,WavyWalnuts,7764288
2026-07-05T02:17:20.761332,2026-07-05T02:17:20.772724+00:00,140.6,14,ask,YieldingYams,Xuanyu Liu,7764297
2026-07-05T02:17:21.377909,2026-07-05T02:17:21.390140+00:00,140.3,25,ask,WavyWalnuts,Yinxuan Li,7764304
2026-07-05T02:17:22.407006,2026-07-05T02:17:22.417110+00:00,140.3,175,ask,WavyWalnuts,YieldingYams,7764318
2026-07-05T02:17:22.407006,2026-07-05T02:17:22.417110+00:00,140.3,450,ask,AverageAlmonds,YieldingYams,7764319
2026-07-05T02:17:22.561215,2026-07-05T02:17:22.573106+00:00,140.3,50,ask,AverageAlmonds,WavyWalnuts,7764322
2026-07-05T02:17:23.715889,2026-07-05T02:17:23.724838+00:00,140.3,150,bid,YieldingYams,WavyWalnuts,7764337
2026-07-05T02:17:23.769692,2026-07-05T02:17:23.777775+00:00,140.5,200,ask,YieldingYams,WavyWalnuts,7764339
2026-07-05T02:17:25.027812,2026-07-05T02:17:25.039204+00:00,140.4,200,ask,WavyWalnuts,YieldingYams,7764357
2026-07-05T02:17:26.336126,2026-07-05T02:17:26.345427+00:00,140.3,200,bid,YieldingYams,WavyWalnuts,7764376
2026-07-05T02:17:26.429167,2026-07-05T02:17:26.437481+00:00,140.3,25,ask,YieldingYams,Yinxuan Li,7764382
2026-07-05T02:17:27.257917,2026-07-05T02:17:27.272969+00:00,140.3,2,ask,YieldingYams,Kaleb Liu,7764396
2026-07-05T02:17:28.269812,2026-07-05T02:17:28.279487+00:00,140.3,1,ask,YieldingYams,Kaleb Liu,7764405
2026-07-05T02:17:28.992382,2026-07-05T02:17:29.003698+00:00,140.5,200,bid,YieldingYams,WavyWalnuts,7764420
2026-07-05T02:17:30.848040,2026-07-05T02:17:30.858599+00:00,140.5,20,ask,WavyWalnuts,BrilliantBurritos,7764440
