timestamp,recv_time,price,volume,aggressor_side,buyer,seller,trade_id
2026-07-03T11:19:52.999362,2026-07-03T11:19:52.395060+00:00,117.5,20,ask,YieldingYams,BrilliantBurritos,5682726
2026-07-03T11:19:53.328766,2026-07-03T11:19:52.395060+00:00,117.6,500,bid,YieldingYams,AverageAlmonds,5682730
2026-07-03T11:19:54.189554,2026-07-03T11:19:52.395060+00:00,117.6,125,ask,YieldingYams,AverageAlmonds,5682736
2026-07-03T11:19:54.640251,2026-07-03T11:19:52.395060+00:00,117.5,200,ask,WavyWalnuts,YieldingYams,5682752
2026-07-03T11:19:56.082349,2026-07-03T11:19:52.395060+00:00,117.4,200,bid,WavyWalnuts,YieldingYams,5682773
2026-07-03T11:19:59.721057,2026-07-03T11:20:03.481414+00:00,117.4,200,bid,WavyWalnuts,AverageAlmonds,5682826
2026-07-03T11:20:01.204689,2026-07-03T11:20:03.481414+00:00,117.3,200,ask,WavyWalnuts,YieldingYams,5682858
2026-07-03T11:20:02.162860,2026-07-03T11:20:03.481414+00:00,117.2,200,bid,WavyWalnuts,YieldingYams,5682876
2026-07-03T11:20:02.511462,2026-07-03T11:20:03.481414+00:00,117.2,500,bid,YieldingYams,AverageAlmonds,5682880
2026-07-03T11:20:02.683382,2026-07-03T11:20:03.481414+00:00,117.3,125,ask,YieldingYams,AverageAlmonds,5682882
2026-07-03T11:20:03.371933,2026-07-03T11:20:03.481414+00:00,117.2,200,bid,WavyWalnuts,AverageAlmonds,5682895
2026-07-03T11:20:04.497087,2026-07-03T11:20:04.509737+00:00,117.0,500,ask,YieldingYams,AverageAlmonds,5682917
2026-07-03T11:20:04.506363,2026-07-03T11:20:04.509737+00:00,117.0,3,ask,YieldingYams,Xuanyu Liu,5682918
2026-07-03T11:20:04.579957,2026-07-03T11:20:04.785584+00:00,117.2,200,bid,WavyWalnuts,YieldingYams,5682919
2026-07-03T11:20:05.090485,2026-07-03T11:20:05.104423+00:00,117.0,122,ask,YieldingYams,AverageAlmonds,5682925
2026-07-03T11:20:05.182189,2026-07-03T11:20:05.196181+00:00,117.0,20,bid,BrilliantBurritos,AverageAlmonds,5682930
2026-07-03T11:20:05.788605,2026-07-03T11:20:05.795194+00:00,117.0,200,bid,WavyWalnuts,AverageAlmonds,5682940
2026-07-03T11:20:06.997993,2026-07-03T11:20:07.006991+00:00,117.0,200,bid,WavyWalnuts,YieldingYams,5682959
2026-07-03T11:20:08.206944,2026-07-03T11:20:08.213968+00:00,117.0,200,bid,WavyWalnuts,YieldingYams,5682976
2026-07-03T11:20:09.071705,2026-07-03T11:20:10.844601+00:00,117.0,500,bid,YieldingYams,AverageAlmonds,5682992
2026-07-03T11:20:09.337714,2026-07-03T11:20:10.844601+00:00,117.0,125,ask,YieldingYams,AverageAlmonds,5682996
2026-07-03T11:20:10.384599,2026-07-03T11:20:10.844601+00:00,116.8,200,ask,WavyWalnuts,YieldingYams,5683010
2026-07-03T11:20:11.033829,2026-07-03T11:20:11.066341+00:00,116.7,20,ask,WavyWalnuts,BrilliantBurritos,5683024
2026-07-03T11:20:13.559698,2026-07-03T11:20:13.569554+00:00,116.8,200,ask,WavyWalnuts,AverageAlmonds,5683063
2026-07-03T11:20:14.241937,2026-07-03T11:20:14.264194+00:00,116.8,200,bid,WavyWalnuts,AverageAlmonds,5683073
2026-07-03T11:20:14.593877,2026-07-03T11:20:14.605387+00:00,116.8,20,bid,BrilliantBurritos,AverageAlmonds,5683078
2026-07-03T11:20:14.793364,2026-07-03T11:20:14.804465+00:00,116.7,500,ask,YieldingYams,AverageAlmonds,5683083
2026-07-03T11:20:15.386587,2026-07-03T11:20:15.399205+00:00,116.7,125,ask,YieldingYams,AverageAlmonds,5683092
2026-07-03T11:20:15.633000,2026-07-03T11:20:15.634404+00:00,116.6,200,ask,WavyWalnuts,YieldingYams,5683103
2026-07-03T11:20:15.667867,2026-07-03T11:20:15.672045+00:00,116.5,3,bid,Xuanyu Liu,YieldingYams,5683105
2026-07-03T11:20:16.656223,2026-07-03T11:20:16.692255+00:00,116.5,200,bid,WavyWalnuts,YieldingYams,5683113
2026-07-03T11:20:16.660802,2026-07-03T11:20:16.692255+00:00,116.3,20,ask,YieldingYams,BrilliantBurritos,5683114
2026-07-03T11:20:18.255296,2026-07-03T11:20:18.284723+00:00,116.4,200,ask,WavyWalnuts,YieldingYams,5683138
2026-07-03T11:20:19.074064,2026-07-03T11:20:19.084441+00:00,116.4,200,bid,WavyWalnuts,YieldingYams,5683151
2026-07-03T11:20:20.559493,2026-07-03T11:20:20.571593+00:00,116.4,20,ask,YieldingYams,BrilliantBurritos,5683179
2026-07-03T11:20:21.492178,2026-07-03T11:20:21.503370+00:00,116.5,200,ask,YieldingYams,WavyWalnuts,5683196
2026-07-03T11:20:22.660241,2026-07-03T11:20:22.680557+00:00,116.5,20,ask,YieldingYams,BrilliantBurritos,5683220
2026-07-03T11:20:23.104857,2026-07-03T11:20:23.107185+00:00,116.6,20,bid,BrilliantBurritos,WavyWalnuts,5683224
2026-07-03T11:20:23.941416,2026-07-03T11:20:23.945287+00:00,116.6,3,ask,WavyWalnuts,Xuanyu Liu,5683244
2026-07-03T11:20:24.609148,2026-07-03T11:20:24.616264+00:00,116.8,20,bid,BrilliantBurritos,YieldingYams,5683255
2026-07-03T11:20:25.142293,2026-07-03T11:20:25.145799+00:00,116.7,11,ask,WavyWalnuts,Xuanyu Liu,5683266
2026-07-03T11:20:25.486326,2026-07-03T11:20:25.489983+00:00,116.8,20,bid,BrilliantBurritos,YieldingYams,5683269
2026-07-03T11:20:30.048608,2026-07-03T11:20:30.074013+00:00,116.7,200,ask,WavyWalnuts,YieldingYams,5683335
2026-07-03T11:20:31.158894,2026-07-03T11:20:31.182656+00:00,116.7,200,bid,WavyWalnuts,YieldingYams,5683346
2026-07-03T11:20:32.346070,2026-07-03T11:20:32.364542+00:00,116.7,500,ask,YieldingYams,AverageAlmonds,5683368
2026-07-03T11:20:32.943992,2026-07-03T11:20:32.948507+00:00,116.6,200,ask,WavyWalnuts,AverageAlmonds,5683386
2026-07-03T11:20:33.669573,2026-07-03T11:20:33.681083+00:00,116.7,20,bid,BrilliantBurritos,YieldingYams,5683393
2026-07-03T11:20:33.993966,2026-07-03T11:20:34.021810+00:00,116.6,200,ask,WavyWalnuts,YieldingYams,5683406
2026-07-03T11:20:34.782381,2026-07-03T11:20:34.790914+00:00,116.6,200,bid,WavyWalnuts,YieldingYams,5683416
2026-07-03T11:20:36.612319,2026-07-03T11:20:36.619302+00:00,116.7,200,bid,YieldingYams,WavyWalnuts,5683456
2026-07-03T11:20:36.612319,2026-07-03T11:20:36.619302+00:00,116.7,425,bid,YieldingYams,AverageAlmonds,5683457
2026-07-03T11:20:37.926433,2026-07-03T11:20:37.958648+00:00,116.6,200,ask,WavyWalnuts,YieldingYams,5683473
2026-07-03T11:20:39.718952,2026-07-03T11:20:39.758725+00:00,116.7,22,bid,Zihao Wu,YieldingYams,5683497
2026-07-03T11:20:40.565898,2026-07-03T11:20:40.569976+00:00,116.6,12,ask,YieldingYams,Xuanyu Liu,5683517
2026-07-03T11:20:40.815599,2026-07-03T11:20:40.858644+00:00,116.6,500,ask,YieldingYams,AverageAlmonds,5683523
2026-07-03T11:20:40.844580,2026-07-03T11:20:40.873405+00:00,116.6,113,ask,YieldingYams,WavyWalnuts,5683525
2026-07-03T11:20:44.947196,2026-07-03T11:20:44.973833+00:00,116.4,20,ask,WavyWalnuts,BrilliantBurritos,5683595
2026-07-03T11:20:46.916718,2026-07-03T11:20:46.924299+00:00,116.4,200,bid,WavyWalnuts,YieldingYams,5683628
2026-07-03T11:20:48.125663,2026-07-03T11:20:48.158739+00:00,116.5,200,bid,WavyWalnuts,AverageAlmonds,5683647
2026-07-03T11:20:48.425956,2026-07-03T11:20:48.449329+00:00,116.5,300,bid,YieldingYams,AverageAlmonds,5683656
2026-07-03T11:20:49.736831,2026-07-03T11:20:49.764048+00:00,116.5,200,ask,WavyWalnuts,YieldingYams,5683674
2026-07-03T11:20:51.087395,2026-07-03T11:20:51.163805+00:00,116.6,20,bid,BrilliantBurritos,AverageAlmonds,5683694
2026-07-03T11:20:51.718524,2026-07-03T11:20:51.740909+00:00,116.5,500,ask,YieldingYams,AverageAlmonds,5683704
2026-07-03T11:20:52.310738,2026-07-03T11:20:52.370191+00:00,116.5,125,ask,YieldingYams,AverageAlmonds,5683708
2026-07-03T11:20:52.355746,2026-07-03T11:20:52.370191+00:00,116.3,200,ask,WavyWalnuts,YieldingYams,5683710
2026-07-03T11:20:52.455562,2026-07-03T11:20:52.670092+00:00,116.3,150,bid,Alan Niu,YieldingYams,5683713
2026-07-03T11:20:52.568961,2026-07-03T11:20:52.670092+00:00,116.3,29,bid,Xuanyu Liu,YieldingYams,5683717
2026-07-03T11:20:52.955621,2026-07-03T11:20:52.960018+00:00,116.3,200,bid,WavyWalnuts,YieldingYams,5683730
2026-07-03T11:20:54.164971,2026-07-03T11:20:54.192579+00:00,116.3,200,ask,YieldingYams,WavyWalnuts,5683749
2026-07-03T11:20:55.686665,2026-07-03T11:20:55.764407+00:00,116.3,150,ask,YieldingYams,Alan Niu,5683775
2026-07-03T11:20:59.740971,2026-07-03T11:20:59.738470+00:00,116.1,22,ask,YieldingYams,Zihao Wu,5683825
2026-07-03T11:21:00.209353,2026-07-03T11:21:00.217559+00:00,116.3,200,bid,WavyWalnuts,YieldingYams,5683828
2026-07-03T11:21:01.542353,2026-07-03T11:21:01.564407+00:00,116.3,200,bid,YieldingYams,WavyWalnuts,5683849
2026-07-03T11:21:04.166027,2026-07-03T11:21:04.174503+00:00,116.2,200,ask,WavyWalnuts,YieldingYams,5683884
2026-07-03T11:21:04.166027,2026-07-03T11:21:04.174503+00:00,116.1,425,ask,AverageAlmonds,YieldingYams,5683885
2026-07-03T11:21:05.473869,2026-07-03T11:21:05.559036+00:00,116.2,200,bid,YieldingYams,WavyWalnuts,5683905
2026-07-03T11:21:06.271441,2026-07-03T11:21:06.291676+00:00,116.4,200,ask,YieldingYams,WavyWalnuts,5683918
2026-07-03T11:21:07.479674,2026-07-03T11:21:07.780006+00:00,116.2,200,ask,YieldingYams,WavyWalnuts,5683937
2026-07-03T11:21:09.409399,2026-07-03T11:21:09.458557+00:00,116.3,200,ask,WavyWalnuts,YieldingYams,5683956
2026-07-03T11:21:10.249235,2026-07-03T11:21:10.274489+00:00,116.2,20,ask,WavyWalnuts,BrilliantBurritos,5683964
2026-07-03T11:21:10.651636,2026-07-03T11:21:10.664375+00:00,116.2,20,ask,WavyWalnuts,BrilliantBurritos,5683966
2026-07-03T11:21:10.717022,2026-07-03T11:21:10.758889+00:00,116.4,200,bid,YieldingYams,WavyWalnuts,5683970
2026-07-03T11:21:11.098153,2026-07-03T11:21:11.107236+00:00,116.4,200,ask,YieldingYams,WavyWalnuts,5683980
2026-07-03T11:21:11.380452,2026-07-03T11:21:11.391148+00:00,116.6,150,bid,Alan Niu,YieldingYams,5683986
2026-07-03T11:21:14.646673,2026-07-03T11:21:14.772555+00:00,116.3,200,ask,WavyWalnuts,YieldingYams,5684022
2026-07-03T11:21:14.728297,2026-07-03T11:21:14.772555+00:00,116.2,200,ask,AverageAlmonds,WavyWalnuts,5684025
2026-07-03T11:21:14.764796,2026-07-03T11:21:14.772555+00:00,116.3,50,bid,Alan Niu,YieldingYams,5684029
2026-07-03T11:21:14.768703,2026-07-03T11:21:14.772555+00:00,116.3,11,bid,Xuanyu Liu,YieldingYams,5684030
2026-07-03T11:21:15.957329,2026-07-03T11:21:15.963741+00:00,116.2,200,bid,YieldingYams,WavyWalnuts,5684050
2026-07-03T11:21:18.583854,2026-07-03T11:21:18.612212+00:00,116.2,500,ask,AverageAlmonds,YieldingYams,5684087
2026-07-03T11:21:18.917176,2026-07-03T11:21:18.917082+00:00,116.2,125,bid,AverageAlmonds,YieldingYams,5684089
2026-07-03T11:21:19.890825,2026-07-03T11:21:19.874488+00:00,116.4,200,bid,YieldingYams,WavyWalnuts,5684106
2026-07-03T11:21:19.965352,2026-07-03T11:21:19.968813+00:00,116.4,11,ask,YieldingYams,Xuanyu Liu,5684109
2026-07-03T11:21:20.786104,2026-07-03T11:21:20.886519+00:00,116.4,200,ask,YieldingYams,WavyWalnuts,5684119
2026-07-03T11:21:22.515026,2026-07-03T11:21:22.523312+00:00,116.2,500,ask,AverageAlmonds,YieldingYams,5684137
2026-07-03T11:21:22.530908,2026-07-03T11:21:22.534672+00:00,116.2,23,bid,Xuanyu Liu,YieldingYams,5684139
2026-07-03T11:21:22.558800,2026-07-03T11:21:22.601151+00:00,116.2,102,bid,AverageAlmonds,YieldingYams,5684140
2026-07-03T11:21:23.207163,2026-07-03T11:21:23.265673+00:00,116.2,200,ask,AverageAlmonds,WavyWalnuts,5684147
2026-07-03T11:21:23.473078,2026-07-03T11:21:23.480169+00:00,116.9,20,bid,BrilliantBurritos,AverageAlmonds,5684150
2026-07-03T11:21:24.070739,2026-07-03T11:21:24.074597+00:00,116.3,23,ask,AverageAlmonds,Xuanyu Liu,5684159
2026-07-03T11:21:24.978718,2026-07-03T11:21:25.058914+00:00,116.4,500,bid,AverageAlmonds,YieldingYams,5684167
2026-07-03T11:21:25.135243,2026-07-03T11:21:25.175636+00:00,116.4,200,bid,YieldingYams,WavyWalnuts,5684173
2026-07-03T11:21:25.171499,2026-07-03T11:21:25.175636+00:00,116.4,3,ask,YieldingYams,Xuanyu Liu,5684175
2026-07-03T11:21:26.296458,2026-07-03T11:21:26.373929+00:00,116.5,81,ask,AverageAlmonds,Alan Niu,5684187
2026-07-03T11:21:27.177265,2026-07-03T11:21:27.200032+00:00,116.6,81,bid,Alan Niu,YieldingYams,5684198
2026-07-03T11:21:27.207465,2026-07-03T11:21:27.211395+00:00,116.6,3,bid,Xuanyu Liu,YieldingYams,5684200
2026-07-03T11:21:30.373536,2026-07-03T11:21:30.421140+00:00,116.6,200,bid,YieldingYams,WavyWalnuts,5684246
2026-07-03T11:21:32.905051,2026-07-03T11:21:32.937239+00:00,116.5,200,ask,YieldingYams,WavyWalnuts,5684277
2026-07-03T11:21:33.158618,2026-07-03T11:21:33.169203+00:00,116.5,20,ask,AverageAlmonds,BrilliantBurritos,5684279
2026-07-03T11:21:34.112014,2026-07-03T11:21:34.120592+00:00,116.6,200,ask,AverageAlmonds,WavyWalnuts,5684286
2026-07-03T11:21:36.478721,2026-07-03T11:21:36.485687+00:00,116.7,200,bid,AverageAlmonds,WavyWalnuts,5684320
2026-07-03T11:21:36.525340,2026-07-03T11:21:36.538630+00:00,116.7,200,ask,AverageAlmonds,WavyWalnuts,5684323
2026-07-03T11:21:36.925964,2026-07-03T11:21:36.929118+00:00,116.7,100,ask,AverageAlmonds,YieldingYams,5684333
2026-07-03T11:21:36.936394,2026-07-03T11:21:36.940073+00:00,116.7,11,bid,Xuanyu Liu,YieldingYams,5684335
2026-07-03T11:21:37.073356,2026-07-03T11:21:37.084063+00:00,116.7,500,bid,AverageAlmonds,YieldingYams,5684337
2026-07-03T11:21:37.676836,2026-07-03T11:21:37.728286+00:00,116.7,14,bid,AverageAlmonds,YieldingYams,5684347
2026-07-03T11:21:37.739866,2026-07-03T11:21:37.744893+00:00,116.7,200,ask,AverageAlmonds,WavyWalnuts,5684350
2026-07-03T11:21:37.791128,2026-07-03T11:21:37.825814+00:00,116.7,22,ask,AverageAlmonds,Zihao Wu,5684351
2026-07-03T11:21:38.437408,2026-07-03T11:21:38.470394+00:00,116.8,50,ask,AverageAlmonds,Alan Niu,5684367
2026-07-03T11:21:39.828141,2026-07-03T11:21:39.831596+00:00,116.8,11,ask,YieldingYams,Xuanyu Liu,5684384
2026-07-03T11:21:40.164229,2026-07-03T11:21:40.196232+00:00,116.8,200,ask,YieldingYams,WavyWalnuts,5684388
2026-07-03T11:21:42.205174,2026-07-03T11:21:42.208945+00:00,116.9,3,ask,YieldingYams,Xuanyu Liu,5684420
2026-07-03T11:21:43.806198,2026-07-03T11:21:43.859131+00:00,117.0,200,ask,YieldingYams,WavyWalnuts,5684447
2026-07-03T11:21:46.792866,2026-07-03T11:21:46.800685+00:00,117.1,50,bid,Alan Niu,WavyWalnuts,5684491
2026-07-03T11:21:47.054448,2026-07-03T11:21:47.064118+00:00,117.1,20,bid,BrilliantBurritos,WavyWalnuts,5684496
2026-07-03T11:21:49.365548,2026-07-03T11:21:49.369293+00:00,117.0,3,bid,Xuanyu Liu,WavyWalnuts,5684523
2026-07-03T11:21:49.566106,2026-07-03T11:21:49.594744+00:00,117.0,20,bid,BrilliantBurritos,WavyWalnuts,5684526
2026-07-03T11:21:50.053819,2026-07-03T11:21:50.063845+00:00,116.9,200,ask,WavyWalnuts,YieldingYams,5684531
2026-07-03T11:21:50.070229,2026-07-03T11:21:50.074109+00:00,116.9,11,bid,Xuanyu Liu,YieldingYams,5684533
2026-07-03T11:21:51.360014,2026-07-03T11:21:51.368909+00:00,117.0,200,bid,YieldingYams,WavyWalnuts,5684551
2026-07-03T11:21:52.265360,2026-07-03T11:21:52.295253+00:00,117.0,200,ask,YieldingYams,WavyWalnuts,5684567
2026-07-03T11:21:53.471614,2026-07-03T11:21:53.482253+00:00,116.9,200,bid,WavyWalnuts,YieldingYams,5684584
2026-07-03T11:21:54.678777,2026-07-03T11:21:54.685125+00:00,116.9,200,bid,WavyWalnuts,YieldingYams,5684601
2026-07-03T11:21:55.548694,2026-07-03T11:21:55.537616+00:00,117.0,20,bid,BrilliantBurritos,YieldingYams,5684617
2026-07-03T11:21:57.810957,2026-07-03T11:21:57.842900+00:00,117.0,22,bid,Zihao Wu,WavyWalnuts,5684640
2026-07-03T11:21:57.887013,2026-07-03T11:21:57.898360+00:00,116.8,22,ask,YieldingYams,Alan Niu,5684642
2026-07-03T11:21:58.805370,2026-07-03T11:21:58.809426+00:00,116.9,11,ask,YieldingYams,Xuanyu Liu,5684657
2026-07-03T11:21:59.222854,2026-07-03T11:21:59.229301+00:00,117.0,200,bid,YieldingYams,WavyWalnuts,5684663
2026-07-03T11:21:59.241653,2026-07-03T11:21:59.245247+00:00,117.0,3,ask,YieldingYams,Xuanyu Liu,5684665
2026-07-03T11:22:02.067436,2026-07-03T11:22:02.081961+00:00,117.2,22,bid,Alan Niu,YieldingYams,5684705
2026-07-03T11:22:03.198066,2026-07-03T11:22:03.201637+00:00,117.1,3,bid,Xuanyu Liu,YieldingYams,5684730
2026-07-03T11:22:04.362168,2026-07-03T11:22:04.479262+00:00,117.1,20,bid,BrilliantBurritos,YieldingYams,5684744
2026-07-03T11:22:08.036958,2026-07-03T11:22:08.058694+00:00,117.0,200,ask,YieldingYams,WavyWalnuts,5684792
2026-07-03T11:22:08.464796,2026-07-03T11:22:08.468013+00:00,117.1,11,bid,Xuanyu Liu,YieldingYams,5684800
2026-07-03T11:22:09.729052,2026-07-03T11:22:09.768482+00:00,117.0,500,ask,AverageAlmonds,YieldingYams,5684822
2026-07-03T11:22:09.796588,2026-07-03T11:22:09.768482+00:00,117.0,125,bid,AverageAlmonds,YieldingYams,5684823
2026-07-03T11:22:11.253013,2026-07-03T11:22:11.260360+00:00,117.1,20,ask,WavyWalnuts,BrilliantBurritos,5684840
2026-07-03T11:22:14.081439,2026-07-03T11:22:14.158820+00:00,117.0,200,ask,YieldingYams,WavyWalnuts,5684881
2026-07-03T11:22:15.060443,2026-07-03T11:22:15.064742+00:00,117.1,11,ask,YieldingYams,Xuanyu Liu,5684896
2026-07-03T11:22:15.288795,2026-07-03T11:22:15.364623+00:00,117.1,200,ask,YieldingYams,WavyWalnuts,5684899
2026-07-03T11:22:15.412985,2026-07-03T11:22:15.419131+00:00,117.3,20,bid,BrilliantBurritos,YieldingYams,5684901
2026-07-03T11:22:17.587074,2026-07-03T11:22:17.666395+00:00,117.0,200,bid,YieldingYams,WavyWalnuts,5684935
2026-07-03T11:22:17.677190,2026-07-03T11:22:17.765613+00:00,117.1,20,ask,YieldingYams,BrilliantBurritos,5684936
2026-07-03T11:22:17.703357,2026-07-03T11:22:17.765613+00:00,117.1,200,ask,YieldingYams,WavyWalnuts,5684937
2026-07-03T11:22:18.903325,2026-07-03T11:22:18.983615+00:00,117.0,500,ask,AverageAlmonds,YieldingYams,5684955
2026-07-03T11:22:19.467031,2026-07-03T11:22:19.558804+00:00,116.9,125,bid,AverageAlmonds,YieldingYams,5684961
2026-07-03T11:22:19.467031,2026-07-03T11:22:19.558804+00:00,117.0,200,bid,AverageAlmonds,WavyWalnuts,5684962
2026-07-03T11:22:20.121980,2026-07-03T11:22:20.164258+00:00,117.1,200,ask,AverageAlmonds,WavyWalnuts,5684975
2026-07-03T11:22:20.980188,2026-07-03T11:22:20.984203+00:00,117.1,3,ask,AverageAlmonds,Xuanyu Liu,5684989
2026-07-03T11:22:21.046129,2026-07-03T11:22:21.063709+00:00,117.1,47,ask,AverageAlmonds,Alan Niu,5684992
2026-07-03T11:22:21.340935,2026-07-03T11:22:21.358608+00:00,117.1,200,ask,AverageAlmonds,WavyWalnuts,5684995
2026-07-03T11:22:22.711426,2026-07-03T11:22:22.721388+00:00,117.2,50,ask,AverageAlmonds,Alan Niu,5685018
2026-07-03T11:22:23.409878,2026-07-03T11:22:23.412412+00:00,117.3,20,bid,BrilliantBurritos,WavyWalnuts,5685038
2026-07-03T11:22:23.761810,2026-07-03T11:22:23.776974+00:00,117.2,200,ask,AverageAlmonds,WavyWalnuts,5685044
2026-07-03T11:22:26.916183,2026-07-03T11:22:26.878044+00:00,117.2,50,ask,AverageAlmonds,Alan Niu,5685103
2026-07-03T11:22:28.569965,2026-07-03T11:22:28.580659+00:00,117.3,200,bid,AverageAlmonds,WavyWalnuts,5685120
2026-07-03T11:22:28.715711,2026-07-03T11:22:28.722414+00:00,117.3,53,ask,AverageAlmonds,Alan Niu,5685125
2026-07-03T11:22:28.936036,2026-07-03T11:22:28.959352+00:00,117.3,20,ask,AverageAlmonds,BrilliantBurritos,5685129
2026-07-03T11:22:29.387069,2026-07-03T11:22:29.458716+00:00,117.3,200,ask,WavyWalnuts,YieldingYams,5685137
2026-07-03T11:22:29.387069,2026-07-03T11:22:29.458716+00:00,117.3,425,ask,AverageAlmonds,YieldingYams,5685138
2026-07-03T11:22:29.824221,2026-07-03T11:22:29.860862+00:00,117.3,200,ask,AverageAlmonds,WavyWalnuts,5685144
2026-07-03T11:22:31.032865,2026-07-03T11:22:31.163648+00:00,117.6,200,ask,YieldingYams,WavyWalnuts,5685173
2026-07-03T11:22:33.313861,2026-07-03T11:22:33.363867+00:00,117.5,200,ask,WavyWalnuts,YieldingYams,5685232
2026-07-03T11:22:35.823779,2026-07-03T11:22:35.874112+00:00,117.5,500,bid,AverageAlmonds,YieldingYams,5685289
2026-07-03T11:22:35.970953,2026-07-03T11:22:36.011911+00:00,117.5,200,bid,YieldingYams,WavyWalnuts,5685294
2026-07-03T11:22:36.007898,2026-07-03T11:22:36.011911+00:00,117.5,3,ask,YieldingYams,Xuanyu Liu,5685296
2026-07-03T11:22:37.294393,2026-07-03T11:22:37.365485+00:00,117.4,500,ask,AverageAlmonds,YieldingYams,5685317
2026-07-03T11:22:37.294393,2026-07-03T11:22:37.365485+00:00,117.4,125,ask,WavyWalnuts,YieldingYams,5685318
2026-07-03T11:22:38.615463,2026-07-03T11:22:38.619941+00:00,117.6,11,ask,YieldingYams,Xuanyu Liu,5685336
2026-07-03T11:22:39.912786,2026-07-03T11:22:39.923068+00:00,117.7,200,bid,YieldingYams,WavyWalnuts,5685356
2026-07-03T11:22:41.223058,2026-07-03T11:22:41.230791+00:00,117.8,200,ask,WavyWalnuts,YieldingYams,5685376
2026-07-03T11:22:46.211752,2026-07-03T11:22:46.259497+00:00,117.8,20,bid,BrilliantBurritos,WavyWalnuts,5685438
2026-07-03T11:22:46.467620,2026-07-03T11:22:46.558866+00:00,117.8,180,bid,YieldingYams,WavyWalnuts,5685444
2026-07-03T11:22:47.110645,2026-07-03T11:22:47.179222+00:00,117.8,20,ask,YieldingYams,BrilliantBurritos,5685449
2026-07-03T11:22:47.947783,2026-07-03T11:22:47.963925+00:00,117.8,500,ask,YieldingYams,AverageAlmonds,5685466
2026-07-03T11:22:48.030766,2026-07-03T11:22:48.082450+00:00,117.8,125,ask,YieldingYams,WavyWalnuts,5685469
2026-07-03T11:22:48.560301,2026-07-03T11:22:48.571860+00:00,117.6,20,ask,WavyWalnuts,BrilliantBurritos,5685474
2026-07-03T11:22:49.237550,2026-07-03T11:22:49.259548+00:00,117.7,200,bid,WavyWalnuts,YieldingYams,5685483
2026-07-03T11:22:54.341884,2026-07-03T11:22:54.368750+00:00,117.6,200,bid,YieldingYams,WavyWalnuts,5685561
2026-07-03T11:22:54.597009,2026-07-03T11:22:54.604515+00:00,117.6,425,ask,YieldingYams,AverageAlmonds,5685564
2026-07-03T11:22:55.287455,2026-07-03T11:22:55.369767+00:00,117.6,200,bid,WavyWalnuts,AverageAlmonds,5685570
2026-07-03T11:22:56.499030,2026-07-03T11:22:56.530028+00:00,117.4,200,bid,WavyWalnuts,YieldingYams,5685591
2026-07-03T11:22:57.083238,2026-07-03T11:22:57.086872+00:00,117.3,2,ask,YieldingYams,Xuanyu Liu,5685609
2026-07-03T11:22:57.130076,2026-07-03T11:22:57.168984+00:00,117.5,20,bid,BrilliantBurritos,YieldingYams,5685611
2026-07-03T11:22:57.766343,2026-07-03T11:22:57.770043+00:00,117.4,10,ask,WavyWalnuts,Xuanyu Liu,5685615
2026-07-03T11:22:58.282987,2026-07-03T11:22:58.365294+00:00,117.4,190,ask,WavyWalnuts,YieldingYams,5685627
2026-07-03T11:22:58.918477,2026-07-03T11:22:58.971495+00:00,117.4,200,bid,WavyWalnuts,YieldingYams,5685633
2026-07-03T11:23:00.975649,2026-07-03T11:23:00.995194+00:00,117.3,20,ask,WavyWalnuts,BrilliantBurritos,5685661
2026-07-03T11:23:02.206697,2026-07-03T11:23:02.358880+00:00,117.4,200,bid,YieldingYams,WavyWalnuts,5685673
2026-07-03T11:23:06.137761,2026-07-03T11:23:06.185746+00:00,117.4,200,bid,YieldingYams,WavyWalnuts,5685744
2026-07-03T11:23:09.337371,2026-07-03T11:23:09.562324+00:00,117.4,20,ask,WavyWalnuts,BrilliantBurritos,5685792
2026-07-03T11:23:11.117868,2026-07-03T11:23:11.166095+00:00,117.6,20,bid,BrilliantBurritos,YieldingYams,5685836
2026-07-03T11:23:17.065398,2026-07-03T11:23:17.100723+00:00,117.6,200,ask,YieldingYams,WavyWalnuts,5685941
2026-07-03T11:23:17.883538,2026-07-03T11:23:17.959696+00:00,117.8,12,bid,Xuanyu Liu,YieldingYams,5685957
2026-07-03T11:23:17.967845,2026-07-03T11:23:17.972063+00:00,117.6,14,bid,Xuanyu Liu,YieldingYams,5685962
2026-07-03T11:23:19.240623,2026-07-03T11:23:19.264465+00:00,117.5,200,ask,WavyWalnuts,YieldingYams,5685980
2026-07-03T11:23:19.456269,2026-07-03T11:23:19.467275+00:00,117.3,20,ask,YieldingYams,BrilliantBurritos,5685983
2026-07-03T11:23:19.480748,2026-07-03T11:23:19.564426+00:00,117.5,200,bid,WavyWalnuts,YieldingYams,5685984
2026-07-03T11:23:20.692275,2026-07-03T11:23:20.967801+00:00,117.5,200,ask,YieldingYams,WavyWalnuts,5685999
2026-07-03T11:23:23.111530,2026-07-03T11:23:23.163826+00:00,117.6,200,bid,WavyWalnuts,YieldingYams,5686036
2026-07-03T11:23:24.176451,2026-07-03T11:23:24.260078+00:00,117.2,3,ask,YieldingYams,Xuanyu Liu,5686052
2026-07-03T11:23:24.371990,2026-07-03T11:23:24.375824+00:00,117.3,11,ask,WavyWalnuts,Xuanyu Liu,5686059
2026-07-03T11:23:25.211509,2026-07-03T11:23:25.264319+00:00,117.4,20,bid,BrilliantBurritos,YieldingYams,5686078
2026-07-03T11:23:26.740805,2026-07-03T11:23:26.860688+00:00,117.4,200,bid,WavyWalnuts,YieldingYams,5686098
2026-07-03T11:23:27.274389,2026-07-03T11:23:27.277470+00:00,117.4,500,bid,AverageAlmonds,YieldingYams,5686108
2026-07-03T11:23:27.898550,2026-07-03T11:23:27.965505+00:00,117.4,125,bid,AverageAlmonds,YieldingYams,5686120
2026-07-03T11:23:28.074152,2026-07-03T11:23:28.078491+00:00,117.5,20,bid,BrilliantBurritos,WavyWalnuts,5686125
2026-07-03T11:23:30.392397,2026-07-03T11:23:30.459136+00:00,117.4,200,ask,AverageAlmonds,WavyWalnuts,5686154
2026-07-03T11:23:31.070661,2026-07-03T11:23:31.265641+00:00,117.4,500,ask,AverageAlmonds,YieldingYams,5686173
2026-07-03T11:23:31.261297,2026-07-03T11:23:31.265641+00:00,117.3,11,bid,Xuanyu Liu,YieldingYams,5686177
2026-07-03T11:23:31.513964,2026-07-03T11:23:31.564578+00:00,117.3,114,bid,AverageAlmonds,YieldingYams,5686179
2026-07-03T11:23:31.601933,2026-07-03T11:23:31.764215+00:00,117.4,200,ask,AverageAlmonds,WavyWalnuts,5686183
2026-07-03T11:23:32.814827,2026-07-03T11:23:32.959634+00:00,117.4,200,ask,YieldingYams,WavyWalnuts,5686207
2026-07-03T11:23:34.025224,2026-07-03T11:23:34.063952+00:00,117.5,200,ask,YieldingYams,WavyWalnuts,5686223
2026-07-03T11:23:36.996535,2026-07-03T11:23:37.000167+00:00,117.3,11,ask,YieldingYams,Xuanyu Liu,5686281
2026-07-03T11:23:37.658064,2026-07-03T11:23:37.758592+00:00,117.4,200,ask,YieldingYams,WavyWalnuts,5686292
2026-07-03T11:23:37.765607,2026-07-03T11:23:37.769329+00:00,117.4,12,ask,YieldingYams,Xuanyu Liu,5686296
2026-07-03T11:23:41.116694,2026-07-03T11:23:41.184983+00:00,117.6,20,bid,BrilliantBurritos,WavyWalnuts,5686341
2026-07-03T11:23:42.967709,2026-07-03T11:23:42.971599+00:00,117.5,12,bid,Xuanyu Liu,YieldingYams,5686376
2026-07-03T11:23:43.711423,2026-07-03T11:23:43.760249+00:00,117.5,200,bid,WavyWalnuts,YieldingYams,5686386
2026-07-03T11:23:45.707579,2026-07-03T11:23:45.674926+00:00,117.6,20,bid,BrilliantBurritos,YieldingYams,5686417
2026-07-03T11:23:46.133001,2026-07-03T11:23:46.174795+00:00,117.6,200,bid,WavyWalnuts,YieldingYams,5686422
2026-07-03T11:23:49.584835,2026-07-03T11:23:49.588060+00:00,117.6,12,ask,YieldingYams,Xuanyu Liu,5686484
2026-07-03T11:23:50.758244,2026-07-03T11:23:51.060191+00:00,117.7,200,bid,YieldingYams,WavyWalnuts,5686517
2026-07-03T11:23:50.976848,2026-07-03T11:23:51.060191+00:00,117.7,200,ask,YieldingYams,WavyWalnuts,5686522
2026-07-03T11:23:50.984322,2026-07-03T11:23:51.060191+00:00,117.7,11,ask,YieldingYams,Xuanyu Liu,5686524
2026-07-03T11:23:52.184173,2026-07-03T11:23:52.264356+00:00,117.7,200,ask,YieldingYams,WavyWalnuts,5686543
2026-07-03T11:23:54.019864,2026-07-03T11:23:54.174599+00:00,117.8,20,bid,BrilliantBurritos,YieldingYams,5686573
2026-07-03T11:23:55.997263,2026-07-03T11:23:56.064548+00:00,117.7,200,ask,WavyWalnuts,YieldingYams,5686593
2026-07-03T11:23:56.310459,2026-07-03T11:23:56.460137+00:00,117.5,20,ask,AverageAlmonds,BrilliantBurritos,5686601
2026-07-03T11:23:58.618274,2026-07-03T11:23:58.664107+00:00,117.7,200,bid,YieldingYams,WavyWalnuts,5686645
2026-07-03T11:23:58.914795,2026-07-03T11:23:58.967329+00:00,117.7,20,ask,YieldingYams,BrilliantBurritos,5686648
2026-07-03T11:23:59.567122,2026-07-03T11:23:59.576905+00:00,117.8,11,bid,Xuanyu Liu,WavyWalnuts,5686652
2026-07-03T11:24:01.239606,2026-07-03T11:24:01.258647+00:00,117.7,200,ask,WavyWalnuts,YieldingYams,5686685
2026-07-03T11:24:01.269600,2026-07-03T11:24:01.272787+00:00,117.7,12,bid,Xuanyu Liu,YieldingYams,5686689
2026-07-03T11:24:01.852541,2026-07-03T11:24:01.958786+00:00,117.7,200,bid,WavyWalnuts,YieldingYams,5686695
2026-07-03T11:24:01.919773,2026-07-03T11:24:01.978498+00:00,117.6,20,ask,AverageAlmonds,BrilliantBurritos,5686697
2026-07-03T11:24:02.269186,2026-07-03T11:24:02.272844+00:00,117.7,11,bid,Xuanyu Liu,YieldingYams,5686703
2026-07-03T11:24:03.065576,2026-07-03T11:24:03.158610+00:00,117.8,200,bid,WavyWalnuts,YieldingYams,5686717
2026-07-03T11:24:05.015548,2026-07-03T11:24:05.058691+00:00,117.8,20,ask,WavyWalnuts,BrilliantBurritos,5686747
2026-07-03T11:24:07.967114,2026-07-03T11:24:07.971196+00:00,117.8,3,bid,Xuanyu Liu,YieldingYams,5686798
2026-07-03T11:24:11.731960,2026-07-03T11:24:11.775056+00:00,117.6,200,ask,WavyWalnuts,YieldingYams,5686846
2026-07-03T11:24:11.766350,2026-07-03T11:24:11.775056+00:00,117.3,20,ask,AverageAlmonds,BrilliantBurritos,5686847
2026-07-03T11:24:11.819181,2026-07-03T11:24:11.859572+00:00,117.5,150,bid,Alan Niu,YieldingYams,5686849
2026-07-03T11:24:12.032356,2026-07-03T11:24:12.162901+00:00,117.3,20,ask,AverageAlmonds,BrilliantBurritos,5686851
2026-07-03T11:24:12.736524,2026-07-03T11:24:12.859885+00:00,117.5,200,bid,WavyWalnuts,YieldingYams,5686863
2026-07-03T11:24:14.259137,2026-07-03T11:24:14.266209+00:00,117.8,43,bid,Alan Niu,WavyWalnuts,5686885
2026-07-03T11:24:14.354841,2026-07-03T11:24:14.368495+00:00,117.8,157,bid,YieldingYams,WavyWalnuts,5686890
2026-07-03T11:24:14.968975,2026-07-03T11:24:15.165124+00:00,117.8,50,ask,YieldingYams,Alan Niu,5686901
2026-07-03T11:24:16.399002,2026-07-03T11:24:16.466537+00:00,118.0,50,bid,Alan Niu,YieldingYams,5686927
2026-07-03T11:24:17.552298,2026-07-03T11:24:17.764134+00:00,117.8,200,ask,WavyWalnuts,AverageAlmonds,5686942
2026-07-03T11:24:22.426312,2026-07-03T11:24:22.464889+00:00,117.7,200,ask,YieldingYams,WavyWalnuts,5687013
2026-07-03T11:24:23.632684,2026-07-03T11:24:23.661985+00:00,117.7,200,bid,WavyWalnuts,YieldingYams,5687033
2026-07-03T11:24:23.921292,2026-07-03T11:24:23.974979+00:00,117.7,7,bid,Alan Niu,YieldingYams,5687042
2026-07-03T11:24:26.167583,2026-07-03T11:24:26.259050+00:00,117.6,200,bid,YieldingYams,WavyWalnuts,5687076
2026-07-03T11:24:27.565408,2026-07-03T11:24:27.569525+00:00,117.7,3,bid,Xuanyu Liu,WavyWalnuts,5687091
2026-07-03T11:24:28.492471,2026-07-03T11:24:28.501909+00:00,117.6,200,ask,YieldingYams,WavyWalnuts,5687102
2026-07-03T11:24:29.092066,2026-07-03T11:24:29.158750+00:00,117.7,20,bid,BrilliantBurritos,YieldingYams,5687113
2026-07-03T11:24:30.106278,2026-07-03T11:24:30.175296+00:00,117.5,200,ask,WavyWalnuts,YieldingYams,5687122
2026-07-03T11:24:30.171259,2026-07-03T11:24:30.175296+00:00,117.5,23,bid,Xuanyu Liu,YieldingYams,5687124
2026-07-03T11:24:31.477445,2026-07-03T11:24:31.560833+00:00,117.5,12,ask,YieldingYams,Xuanyu Liu,5687145
2026-07-03T11:24:31.661428,2026-07-03T11:24:31.669072+00:00,117.5,20,ask,YieldingYams,BrilliantBurritos,5687152
2026-07-03T11:24:32.119241,2026-07-03T11:24:32.160004+00:00,117.5,200,ask,YieldingYams,WavyWalnuts,5687159
2026-07-03T11:24:33.328183,2026-07-03T11:24:33.369793+00:00,117.5,200,bid,WavyWalnuts,YieldingYams,5687177
2026-07-03T11:24:34.309618,2026-07-03T11:24:34.359818+00:00,117.6,20,bid,BrilliantBurritos,YieldingYams,5687186
2026-07-03T11:24:37.963674,2026-07-03T11:24:38.074391+00:00,117.5,200,ask,WavyWalnuts,YieldingYams,5687233
2026-07-03T11:24:37.963674,2026-07-03T11:24:38.074391+00:00,117.5,425,ask,AverageAlmonds,YieldingYams,5687234
2026-07-03T11:24:38.718517,2026-07-03T11:24:39.062766+00:00,117.5,200,bid,AverageAlmonds,WavyWalnuts,5687243
2026-07-03T11:24:39.362355,2026-07-03T11:24:39.370548+00:00,117.5,200,ask,YieldingYams,WavyWalnuts,5687258
2026-07-03T11:24:41.147308,2026-07-03T11:24:41.138479+00:00,117.6,200,bid,AverageAlmonds,WavyWalnuts,5687272
2026-07-03T11:24:41.147308,2026-07-03T11:24:41.138479+00:00,117.6,300,bid,AverageAlmonds,YieldingYams,5687273
2026-07-03T11:24:41.745175,2026-07-03T11:24:41.866020+00:00,117.6,325,bid,AverageAlmonds,YieldingYams,5687285
2026-07-03T11:24:41.780130,2026-07-03T11:24:41.866020+00:00,117.6,175,ask,AverageAlmonds,WavyWalnuts,5687286
2026-07-03T11:24:41.901189,2026-07-03T11:24:41.958561+00:00,117.6,25,bid,YieldingYams,WavyWalnuts,5687289
2026-07-03T11:24:44.660487,2026-07-03T11:24:44.665800+00:00,117.7,11,ask,YieldingYams,Xuanyu Liu,5687330
2026-07-03T11:24:46.623616,2026-07-03T11:24:46.758885+00:00,117.7,200,ask,YieldingYams,WavyWalnuts,5687362
2026-07-03T11:24:49.051545,2026-07-03T11:24:48.968496+00:00,117.7,200,bid,WavyWalnuts,YieldingYams,5687386
2026-07-03T11:24:49.113772,2026-07-03T11:24:49.265480+00:00,117.5,20,ask,YieldingYams,BrilliantBurritos,5687388
2026-07-03T11:24:52.942542,2026-07-03T11:24:52.967976+00:00,117.5,50,ask,YieldingYams,Alan Niu,5687442
2026-07-03T11:24:52.963882,2026-07-03T11:24:52.967976+00:00,117.5,6,ask,YieldingYams,Xuanyu Liu,5687443
2026-07-03T11:24:53.709467,2026-07-03T11:24:53.763932+00:00,117.7,200,bid,YieldingYams,WavyWalnuts,5687462
2026-07-03T11:24:55.696408,2026-07-03T11:24:55.860093+00:00,117.6,46,ask,AverageAlmonds,Alan Niu,5687491
2026-07-03T11:24:56.323913,2026-07-03T11:24:56.366725+00:00,117.6,200,ask,AverageAlmonds,WavyWalnuts,5687496
2026-07-03T11:24:56.911669,2026-07-03T11:24:57.066231+00:00,117.6,20,ask,AverageAlmonds,BrilliantBurritos,5687512
2026-07-03T11:24:58.749636,2026-07-03T11:24:58.763622+00:00,117.6,200,ask,AverageAlmonds,WavyWalnuts,5687531
2026-07-03T11:24:59.964056,2026-07-03T11:24:59.970983+00:00,117.6,200,ask,AverageAlmonds,WavyWalnuts,5687549
2026-07-03T11:25:01.722368,2026-07-03T11:25:01.762946+00:00,117.7,200,bid,AverageAlmonds,WavyWalnuts,5687573
2026-07-03T11:25:02.368845,2026-07-03T11:25:02.373523+00:00,117.8,17,bid,Xuanyu Liu,YieldingYams,5687582
2026-07-03T11:25:02.394177,2026-07-03T11:25:02.464508+00:00,117.7,200,ask,AverageAlmonds,WavyWalnuts,5687584
2026-07-03T11:25:02.399691,2026-07-03T11:25:02.464508+00:00,117.8,96,bid,Alan Niu,YieldingYams,5687585
2026-07-03T11:25:03.771649,2026-07-03T11:25:03.775347+00:00,117.7,12,bid,Xuanyu Liu,WavyWalnuts,5687609
2026-07-03T11:25:03.943426,2026-07-03T11:25:03.974172+00:00,117.6,20,ask,YieldingYams,BrilliantBurritos,5687610
2026-07-03T11:25:04.814089,2026-07-03T11:25:04.960071+00:00,117.6,200,ask,AverageAlmonds,WavyWalnuts,5687620
2026-07-03T11:25:05.577134,2026-07-03T11:25:05.581154+00:00,117.7,12,ask,YieldingYams,Xuanyu Liu,5687626
2026-07-03T11:25:06.022273,2026-07-03T11:25:06.070077+00:00,117.7,200,ask,YieldingYams,WavyWalnuts,5687638
2026-07-03T11:25:08.145080,2026-07-03T11:25:08.275884+00:00,117.8,200,bid,YieldingYams,WavyWalnuts,5687673
2026-07-03T11:25:08.272029,2026-07-03T11:25:08.275884+00:00,117.8,11,ask,YieldingYams,Xuanyu Liu,5687677
2026-07-03T11:25:08.437709,2026-07-03T11:25:08.468483+00:00,117.8,200,ask,YieldingYams,WavyWalnuts,5687682
2026-07-03T11:25:09.674091,2026-07-03T11:25:09.679464+00:00,117.8,11,bid,Xuanyu Liu,WavyWalnuts,5687705
2026-07-03T11:25:10.293440,2026-07-03T11:25:10.358637+00:00,117.7,20,ask,YieldingYams,BrilliantBurritos,5687711
2026-07-03T11:25:12.629122,2026-07-03T11:25:12.568498+00:00,117.8,200,bid,AverageAlmonds,WavyWalnuts,5687747
2026-07-03T11:25:13.265255,2026-07-03T11:25:13.364591+00:00,117.8,200,ask,AverageAlmonds,WavyWalnuts,5687758
2026-07-03T11:25:13.395082,2026-07-03T11:25:13.464542+00:00,117.8,300,ask,AverageAlmonds,YieldingYams,5687761
2026-07-03T11:25:13.823167,2026-07-03T11:25:14.066169+00:00,117.8,325,bid,AverageAlmonds,YieldingYams,5687765
2026-07-03T11:25:18.634326,2026-07-03T11:25:18.659562+00:00,118.0,200,bid,YieldingYams,WavyWalnuts,5687833
2026-07-03T11:25:21.253007,2026-07-03T11:25:21.266241+00:00,117.9,500,ask,AverageAlmonds,YieldingYams,5687858
2026-07-03T11:25:21.253007,2026-07-03T11:25:21.266241+00:00,117.8,125,ask,WavyWalnuts,YieldingYams,5687859
2026-07-03T11:25:22.746224,2026-07-03T11:25:22.759848+00:00,118.1,20,bid,BrilliantBurritos,WavyWalnuts,5687887
2026-07-03T11:25:22.951632,2026-07-03T11:25:22.964469+00:00,118.0,200,ask,YieldingYams,WavyWalnuts,5687889
2026-07-03T11:25:24.743143,2026-07-03T11:25:24.963994+00:00,118.0,20,ask,WavyWalnuts,BrilliantBurritos,5687907
2026-07-03T11:25:29.005329,2026-07-03T11:25:29.081296+00:00,118.0,200,ask,AverageAlmonds,WavyWalnuts,5687963
2026-07-03T11:25:31.747332,2026-07-03T11:25:31.959600+00:00,118.0,200,ask,WavyWalnuts,YieldingYams,5688017
2026-07-03T11:25:31.865697,2026-07-03T11:25:31.959600+00:00,118.0,12,bid,Xuanyu Liu,YieldingYams,5688021
2026-07-03T11:25:36.366414,2026-07-03T11:25:36.370475+00:00,118.0,12,ask,WavyWalnuts,Xuanyu Liu,5688081
2026-07-03T11:25:37.490514,2026-07-03T11:25:37.564432+00:00,118.1,200,bid,WavyWalnuts,YieldingYams,5688098
2026-07-03T11:25:39.909579,2026-07-03T11:25:39.966848+00:00,118.1,20,ask,YieldingYams,BrilliantBurritos,5688140
2026-07-03T11:25:40.915788,2026-07-03T11:25:41.059796+00:00,118.2,200,bid,YieldingYams,WavyWalnuts,5688153
2026-07-03T11:25:40.978392,2026-07-03T11:25:41.059796+00:00,118.2,11,ask,YieldingYams,Xuanyu Liu,5688155
2026-07-03T11:25:42.229338,2026-07-03T11:25:42.274706+00:00,118.3,200,bid,YieldingYams,WavyWalnuts,5688175
2026-07-03T11:25:42.271019,2026-07-03T11:25:42.274706+00:00,118.3,3,ask,YieldingYams,Xuanyu Liu,5688177
2026-07-03T11:25:43.534401,2026-07-03T11:25:43.573151+00:00,118.3,200,ask,YieldingYams,WavyWalnuts,5688191
2026-07-03T11:25:43.569525,2026-07-03T11:25:43.573151+00:00,118.2,3,bid,Xuanyu Liu,YieldingYams,5688196
2026-07-03T11:25:43.578978,2026-07-03T11:25:43.582692+00:00,118.2,23,bid,Xuanyu Liu,YieldingYams,5688198
2026-07-03T11:25:44.739594,2026-07-03T11:25:44.768748+00:00,118.2,200,bid,WavyWalnuts,YieldingYams,5688212
2026-07-03T11:25:48.805117,2026-07-03T11:25:48.859801+00:00,118.1,200,ask,WavyWalnuts,YieldingYams,5688270
2026-07-03T11:25:49.592533,2026-07-03T11:25:50.161317+00:00,118.1,200,bid,WavyWalnuts,YieldingYams,5688276
2026-07-03T11:25:52.021450,2026-07-03T11:25:52.068971+00:00,118.1,200,ask,YieldingYams,WavyWalnuts,5688309
2026-07-03T11:25:54.357648,2026-07-03T11:25:54.369260+00:00,118.2,20,bid,BrilliantBurritos,WavyWalnuts,5688328
2026-07-03T11:25:54.437453,2026-07-03T11:25:54.466722+00:00,118.1,200,ask,YieldingYams,WavyWalnuts,5688329
2026-07-03T11:25:56.849940,2026-07-03T11:25:56.871001+00:00,118.2,200,bid,WavyWalnuts,YieldingYams,5688356
2026-07-03T11:25:59.292719,2026-07-03T11:25:59.378499+00:00,118.2,200,bid,YieldingYams,WavyWalnuts,5688388
2026-07-03T11:26:01.701356,2026-07-03T11:26:01.773940+00:00,118.3,200,bid,WavyWalnuts,YieldingYams,5688419
2026-07-03T11:26:04.533761,2026-07-03T11:26:04.582969+00:00,118.2,200,ask,WavyWalnuts,YieldingYams,5688452
2026-07-03T11:26:04.577401,2026-07-03T11:26:04.582969+00:00,118.2,23,bid,Xuanyu Liu,YieldingYams,5688455
2026-07-03T11:26:05.514720,2026-07-03T11:26:05.660043+00:00,118.2,20,bid,BrilliantBurritos,YieldingYams,5688465
2026-07-03T11:26:07.159296,2026-07-03T11:26:07.170143+00:00,118.2,200,bid,YieldingYams,WavyWalnuts,5688495
2026-07-03T11:26:07.756198,2026-07-03T11:26:07.864721+00:00,118.2,200,ask,YieldingYams,WavyWalnuts,5688504
2026-07-03T11:26:11.378185,2026-07-03T11:26:11.460416+00:00,118.2,200,bid,WavyWalnuts,YieldingYams,5688553
2026-07-03T11:26:13.396952,2026-07-03T11:26:13.464592+00:00,118.3,20,bid,BrilliantBurritos,AverageAlmonds,5688577
2026-07-03T11:26:13.766895,2026-07-03T11:26:13.959281+00:00,118.2,500,ask,YieldingYams,AverageAlmonds,5688582
2026-07-03T11:26:13.873513,2026-07-03T11:26:13.959281+00:00,118.3,12,ask,WavyWalnuts,Xuanyu Liu,5688585
2026-07-03T11:26:14.361031,2026-07-03T11:26:14.370420+00:00,118.3,188,ask,WavyWalnuts,AverageAlmonds,5688587
2026-07-03T11:26:14.361031,2026-07-03T11:26:14.370420+00:00,118.2,125,ask,YieldingYams,AverageAlmonds,5688588
2026-07-03T11:26:15.004685,2026-07-03T11:26:15.259850+00:00,118.1,200,bid,WavyWalnuts,AverageAlmonds,5688602
2026-07-03T11:26:15.013952,2026-07-03T11:26:15.259850+00:00,118.1,300,bid,YieldingYams,AverageAlmonds,5688603
2026-07-03T11:26:15.170647,2026-07-03T11:26:15.259850+00:00,118.1,11,ask,YieldingYams,Xuanyu Liu,5688606
2026-07-03T11:26:15.564421,2026-07-03T11:26:15.659175+00:00,118.1,314,ask,YieldingYams,AverageAlmonds,5688610
2026-07-03T11:26:15.609033,2026-07-03T11:26:15.665423+00:00,117.4,20,ask,AverageAlmonds,BrilliantBurritos,5688611
2026-07-03T11:26:16.213673,2026-07-03T11:26:16.265169+00:00,118.1,200,bid,WavyWalnuts,AverageAlmonds,5688624
2026-07-03T11:26:17.434544,2026-07-03T11:26:17.465930+00:00,118.0,200,bid,WavyWalnuts,YieldingYams,5688642
2026-07-03T11:26:18.365733,2026-07-03T11:26:18.370105+00:00,118.2,45,bid,Xuanyu Liu,AverageAlmonds,5688658
2026-07-03T11:26:22.878239,2026-07-03T11:26:26.258655+00:00,118.1,200,bid,YieldingYams,WavyWalnuts,5688723
2026-07-03T11:26:23.160301,2026-07-03T11:26:26.258655+00:00,118.1,11,ask,YieldingYams,Xuanyu Liu,5688726
2026-07-03T11:26:23.494714,2026-07-03T11:26:26.258655+00:00,118.1,200,ask,YieldingYams,WavyWalnuts,5688728
2026-07-03T11:26:24.699469,2026-07-03T11:26:26.258655+00:00,118.0,200,bid,WavyWalnuts,YieldingYams,5688753
2026-07-03T11:26:26.809877,2026-07-03T11:26:26.962350+00:00,117.9,200,ask,WavyWalnuts,YieldingYams,5688776
2026-07-03T11:26:27.114116,2026-07-03T11:26:27.164016+00:00,117.8,200,bid,WavyWalnuts,YieldingYams,5688784
2026-07-03T11:26:27.674862,2026-07-03T11:26:27.768485+00:00,117.8,225,bid,AverageAlmonds,YieldingYams,5688791
2026-07-03T11:26:28.084702,2026-07-03T11:26:28.360755+00:00,118.1,20,bid,BrilliantBurritos,WavyWalnuts,5688798
2026-07-03T11:26:28.116077,2026-07-03T11:26:28.360755+00:00,118.1,180,bid,YieldingYams,WavyWalnuts,5688801
2026-07-03T11:26:28.261348,2026-07-03T11:26:28.360755+00:00,118.1,50,ask,YieldingYams,Xuanyu Liu,5688805
2026-07-03T11:26:28.323778,2026-07-03T11:26:28.360755+00:00,118.1,200,ask,YieldingYams,WavyWalnuts,5688808
2026-07-03T11:26:29.354876,2026-07-03T11:26:29.365350+00:00,118.3,20,bid,BrilliantBurritos,AverageAlmonds,5688825
2026-07-03T11:26:29.653764,2026-07-03T11:26:29.661448+00:00,118.0,20,ask,YieldingYams,BrilliantBurritos,5688836
2026-07-03T11:26:31.744221,2026-07-03T11:26:32.260704+00:00,118.1,20,bid,BrilliantBurritos,YieldingYams,5688861
2026-07-03T11:26:31.955178,2026-07-03T11:26:32.260704+00:00,118.1,200,bid,WavyWalnuts,YieldingYams,5688869
2026-07-03T11:26:33.370407,2026-07-03T11:26:33.468480+00:00,118.1,200,bid,YieldingYams,WavyWalnuts,5688896
2026-07-03T11:26:35.986445,2026-07-03T11:26:36.758716+00:00,118.2,200,ask,WavyWalnuts,YieldingYams,5688937
2026-07-03T11:26:37.295586,2026-07-03T11:26:37.667215+00:00,118.2,200,bid,YieldingYams,WavyWalnuts,5688959
2026-07-03T11:26:37.663131,2026-07-03T11:26:37.667215+00:00,118.2,10,ask,YieldingYams,Xuanyu Liu,5688973
2026-07-03T11:26:38.610886,2026-07-03T11:26:38.762601+00:00,118.3,500,bid,YieldingYams,AverageAlmonds,5688993
2026-07-03T11:26:38.685587,2026-07-03T11:26:38.858677+00:00,118.3,44,ask,YieldingYams,Alan Niu,5688997
2026-07-03T11:26:39.174712,2026-07-03T11:26:39.365471+00:00,118.3,81,ask,YieldingYams,AverageAlmonds,5689003
2026-07-03T11:26:39.223676,2026-07-03T11:26:39.365471+00:00,118.3,200,bid,WavyWalnuts,AverageAlmonds,5689006
2026-07-03T11:26:40.434581,2026-07-03T11:26:40.466643+00:00,118.2,200,bid,WavyWalnuts,YieldingYams,5689021
2026-07-03T11:26:41.316977,2026-07-03T11:26:41.363507+00:00,118.0,50,ask,YieldingYams,Alan Niu,5689036
2026-07-03T11:26:41.644446,2026-07-03T11:26:41.759003+00:00,118.2,200,bid,WavyWalnuts,YieldingYams,5689042
2026-07-03T11:26:41.891496,2026-07-03T11:26:42.060604+00:00,118.0,50,ask,YieldingYams,Alan Niu,5689047
2026-07-03T11:26:42.561481,2026-07-03T11:26:42.660754+00:00,118.2,20,bid,BrilliantBurritos,YieldingYams,5689059
2026-07-03T11:26:46.415050,2026-07-03T11:26:46.463749+00:00,118.1,20,ask,YieldingYams,BrilliantBurritos,5689099
2026-07-03T11:26:47.681105,2026-07-03T11:26:47.861162+00:00,118.1,20,ask,YieldingYams,BrilliantBurritos,5689123
2026-07-03T11:26:47.704203,2026-07-03T11:26:47.861162+00:00,118.1,200,ask,YieldingYams,WavyWalnuts,5689125
2026-07-03T11:26:50.123043,2026-07-03T11:26:50.078474+00:00,118.0,200,bid,WavyWalnuts,YieldingYams,5689170
2026-07-03T11:26:52.539970,2026-07-03T11:26:52.561722+00:00,118.2,200,bid,WavyWalnuts,YieldingYams,5689197
2026-07-03T11:26:52.997041,2026-07-03T11:26:53.000679+00:00,118.2,3,bid,Xuanyu Liu,YieldingYams,5689209
2026-07-03T11:26:56.174597,2026-07-03T11:26:56.176161+00:00,118.4,200,bid,WavyWalnuts,YieldingYams,5689265
2026-07-03T11:26:56.283454,2026-07-03T11:26:56.288484+00:00,118.4,144,bid,Alan Niu,YieldingYams,5689267
2026-07-03T11:26:57.135262,2026-07-03T11:26:57.164478+00:00,118.4,20,ask,YieldingYams,BrilliantBurritos,5689284
2026-07-03T11:26:58.287475,2026-07-03T11:26:58.365058+00:00,118.5,200,bid,YieldingYams,WavyWalnuts,5689309
2026-07-03T11:26:59.368197,2026-07-03T11:26:59.460071+00:00,118.6,11,bid,Xuanyu Liu,WavyWalnuts,5689318
2026-07-03T11:26:59.461460,2026-07-03T11:26:59.466294+00:00,118.5,11,ask,YieldingYams,Xuanyu Liu,5689319
2026-07-03T11:27:00.139182,2026-07-03T11:27:00.163608+00:00,118.5,20,bid,BrilliantBurritos,AverageAlmonds,5689333
2026-07-03T11:27:00.489839,2026-07-03T11:27:00.564436+00:00,118.4,42,ask,YieldingYams,Alan Niu,5689343
2026-07-03T11:27:00.907813,2026-07-03T11:27:00.963742+00:00,118.5,500,bid,YieldingYams,AverageAlmonds,5689350
2026-07-03T11:27:00.988738,2026-07-03T11:27:00.973943+00:00,118.5,125,ask,YieldingYams,AverageAlmonds,5689352
2026-07-03T11:27:01.028918,2026-07-03T11:27:00.973943+00:00,118.5,200,bid,WavyWalnuts,AverageAlmonds,5689354
2026-07-03T11:27:02.242772,2026-07-03T11:27:02.268821+00:00,118.4,200,bid,WavyWalnuts,YieldingYams,5689379
2026-07-03T11:27:02.656591,2026-07-03T11:27:02.659577+00:00,118.2,20,ask,YieldingYams,BrilliantBurritos,5689380
2026-07-03T11:27:02.895204,2026-07-03T11:27:02.897905+00:00,118.4,42,bid,Alan Niu,YieldingYams,5689387
2026-07-03T11:27:03.452843,2026-07-03T11:27:03.475656+00:00,118.4,200,bid,WavyWalnuts,YieldingYams,5689396
2026-07-03T11:27:05.018491,2026-07-03T11:27:05.064779+00:00,118.5,20,ask,WavyWalnuts,BrilliantBurritos,5689415
2026-07-03T11:27:05.540993,2026-07-03T11:27:05.564944+00:00,118.6,20,bid,BrilliantBurritos,AverageAlmonds,5689426
2026-07-03T11:27:07.167120,2026-07-03T11:27:07.261049+00:00,118.6,20,bid,BrilliantBurritos,WavyWalnuts,5689447
2026-07-03T11:27:12.067701,2026-07-03T11:27:12.160738+00:00,118.6,23,bid,Xuanyu Liu,YieldingYams,5689523
2026-07-03T11:27:12.868148,2026-07-03T11:27:12.871950+00:00,118.5,11,bid,Xuanyu Liu,YieldingYams,5689540
2026-07-03T11:27:15.592284,2026-07-03T11:27:15.666219+00:00,118.5,200,ask,YieldingYams,WavyWalnuts,5689582
2026-07-03T11:27:16.799351,2026-07-03T11:27:16.959782+00:00,118.6,200,ask,YieldingYams,WavyWalnuts,5689596
2026-07-03T11:27:18.005769,2026-07-03T11:27:18.069938+00:00,118.7,200,ask,YieldingYams,WavyWalnuts,5689615
2026-07-03T11:27:22.415437,2026-07-03T11:27:22.459247+00:00,118.8,20,bid,BrilliantBurritos,WavyWalnuts,5689665
2026-07-03T11:27:25.457207,2026-07-03T11:27:25.559305+00:00,118.9,20,bid,BrilliantBurritos,WavyWalnuts,5689737
2026-07-03T11:27:26.518233,2026-07-03T11:27:26.660749+00:00,118.9,200,bid,WavyWalnuts,YieldingYams,5689753
2026-07-03T11:27:27.797019,2026-07-03T11:27:27.859972+00:00,118.9,20,ask,WavyWalnuts,BrilliantBurritos,5689779
2026-07-03T11:27:31.128432,2026-07-03T11:27:31.265680+00:00,118.9,200,bid,YieldingYams,WavyWalnuts,5689825
2026-07-03T11:27:31.361249,2026-07-03T11:27:31.459054+00:00,118.9,200,ask,YieldingYams,WavyWalnuts,5689829
2026-07-03T11:27:31.800570,2026-07-03T11:27:31.963965+00:00,119.1,20,bid,BrilliantBurritos,YieldingYams,5689836
2026-07-03T11:27:33.746403,2026-07-03T11:27:34.178503+00:00,118.8,200,bid,YieldingYams,WavyWalnuts,5689865
2026-07-03T11:27:33.776058,2026-07-03T11:27:34.178503+00:00,118.8,200,ask,YieldingYams,WavyWalnuts,5689867
2026-07-03T11:27:34.341130,2026-07-03T11:27:34.363741+00:00,119.0,20,bid,BrilliantBurritos,YieldingYams,5689874
2026-07-03T11:27:34.970459,2026-07-03T11:27:35.166090+00:00,119.0,20,bid,BrilliantBurritos,YieldingYams,5689881
2026-07-03T11:27:36.191083,2026-07-03T11:27:36.359237+00:00,118.8,200,ask,YieldingYams,WavyWalnuts,5689893
2026-07-03T11:27:38.982753,2026-07-03T11:27:39.068499+00:00,118.8,200,ask,WavyWalnuts,YieldingYams,5689931
2026-07-03T11:27:38.982753,2026-07-03T11:27:39.068499+00:00,118.7,425,ask,AverageAlmonds,YieldingYams,5689932
2026-07-03T11:27:43.440081,2026-07-03T11:27:43.371281+00:00,118.9,200,ask,YieldingYams,WavyWalnuts,5689989
2026-07-03T11:27:45.573696,2026-07-03T11:27:45.660426+00:00,118.7,12,bid,Xuanyu Liu,YieldingYams,5690016
2026-07-03T11:27:45.859486,2026-07-03T11:27:45.958814+00:00,118.7,200,bid,WavyWalnuts,YieldingYams,5690024
2026-07-03T11:27:46.961067,2026-07-03T11:27:46.964887+00:00,118.7,12,ask,YieldingYams,Xuanyu Liu,5690046
2026-07-03T11:27:47.070833,2026-07-03T11:27:47.158777+00:00,118.7,200,ask,YieldingYams,WavyWalnuts,5690050
2026-07-03T11:27:48.151918,2026-07-03T11:27:48.162644+00:00,118.7,500,ask,AverageAlmonds,YieldingYams,5690067
2026-07-03T11:27:48.276258,2026-07-03T11:27:48.563119+00:00,118.7,125,bid,WavyWalnuts,YieldingYams,5690069
2026-07-03T11:27:48.368408,2026-07-03T11:27:48.563119+00:00,118.8,11,ask,WavyWalnuts,Xuanyu Liu,5690074
2026-07-03T11:27:50.068024,2026-07-03T11:27:50.159849+00:00,119.0,23,bid,Xuanyu Liu,YieldingYams,5690098
2026-07-03T11:27:50.759577,2026-07-03T11:27:50.770171+00:00,118.8,200,ask,YieldingYams,WavyWalnuts,5690116
2026-07-03T11:27:50.848512,2026-07-03T11:27:50.969518+00:00,118.8,500,ask,AverageAlmonds,YieldingYams,5690119
2026-07-03T11:27:50.965875,2026-07-03T11:27:50.969518+00:00,118.8,22,bid,Xuanyu Liu,YieldingYams,5690123
2026-07-03T11:27:51.250330,2026-07-03T11:27:51.167309+00:00,118.8,103,bid,AverageAlmonds,YieldingYams,5690128
2026-07-03T11:27:51.969145,2026-07-03T11:27:51.976420+00:00,118.7,200,ask,AverageAlmonds,WavyWalnuts,5690136
2026-07-03T11:27:52.532850,2026-07-03T11:27:52.664468+00:00,119.0,20,bid,BrilliantBurritos,YieldingYams,5690148
2026-07-03T11:27:53.177912,2026-07-03T11:27:53.352950+00:00,118.8,200,ask,YieldingYams,WavyWalnuts,5690158
2026-07-03T11:27:54.771352,2026-07-03T11:27:54.874307+00:00,118.8,200,ask,WavyWalnuts,YieldingYams,5690184
2026-07-03T11:27:54.897086,2026-07-03T11:27:55.061337+00:00,118.8,425,bid,AverageAlmonds,YieldingYams,5690186
2026-07-03T11:27:55.424812,2026-07-03T11:27:55.464895+00:00,118.8,20,ask,AverageAlmonds,BrilliantBurritos,5690191
2026-07-03T11:27:56.079453,2026-07-03T11:27:56.264698+00:00,119.0,200,bid,YieldingYams,WavyWalnuts,5690195
2026-07-03T11:27:56.261294,2026-07-03T11:27:56.264698+00:00,119.2,11,ask,YieldingYams,Xuanyu Liu,5690202
2026-07-03T11:27:56.801217,2026-07-03T11:27:56.774189+00:00,119.2,200,ask,YieldingYams,WavyWalnuts,5690205
2026-07-03T11:27:58.012192,2026-07-03T11:27:58.060779+00:00,119.1,200,ask,YieldingYams,WavyWalnuts,5690224
2026-07-03T11:28:01.640553,2026-07-03T11:28:01.568478+00:00,119.2,200,bid,WavyWalnuts,YieldingYams,5690288
2026-07-03T11:28:03.931490,2026-07-03T11:28:04.158986+00:00,119.2,200,ask,WavyWalnuts,YieldingYams,5690328
2026-07-03T11:28:07.685795,2026-07-03T11:28:07.760362+00:00,119.2,200,ask,YieldingYams,WavyWalnuts,5690383
2026-07-03T11:28:08.892509,2026-07-03T11:28:08.966929+00:00,119.2,200,ask,YieldingYams,WavyWalnuts,5690394
2026-07-03T11:28:09.261347,2026-07-03T11:28:09.265181+00:00,119.1,16,ask,AverageAlmonds,Xuanyu Liu,5690408
2026-07-03T11:28:10.163594,2026-07-03T11:28:10.167985+00:00,119.2,16,ask,WavyWalnuts,Xuanyu Liu,5690419
2026-07-03T11:28:10.261567,2026-07-03T11:28:10.266664+00:00,119.2,2,ask,WavyWalnuts,Xuanyu Liu,5690420
2026-07-03T11:28:11.787888,2026-07-03T11:28:11.965814+00:00,119.2,500,ask,AverageAlmonds,YieldingYams,5690438
2026-07-03T11:28:11.787888,2026-07-03T11:28:11.965814+00:00,119.2,125,ask,WavyWalnuts,YieldingYams,5690439
2026-07-03T11:28:11.961727,2026-07-03T11:28:11.965814+00:00,119.3,12,ask,AverageAlmonds,Xuanyu Liu,5690443
2026-07-03T11:28:12.855740,2026-07-03T11:28:12.859392+00:00,119.3,20,bid,BrilliantBurritos,WavyWalnuts,5690448
2026-07-03T11:28:13.096472,2026-07-03T11:28:13.170374+00:00,119.3,180,bid,YieldingYams,WavyWalnuts,5690454
2026-07-03T11:28:14.933872,2026-07-03T11:28:14.963628+00:00,119.3,200,ask,YieldingYams,WavyWalnuts,5690484
2026-07-03T11:28:15.716150,2026-07-03T11:28:15.668468+00:00,119.3,500,ask,AverageAlmonds,YieldingYams,5690499
2026-07-03T11:28:16.066522,2026-07-03T11:28:16.158680+00:00,119.3,125,bid,AverageAlmonds,YieldingYams,5690505
2026-07-03T11:28:17.022575,2026-07-03T11:28:17.063748+00:00,119.4,200,bid,YieldingYams,WavyWalnuts,5690528
2026-07-03T11:28:19.774582,2026-07-03T11:28:19.868479+00:00,119.4,200,bid,WavyWalnuts,YieldingYams,5690572
2026-07-03T11:28:20.985158,2026-07-03T11:28:21.260495+00:00,119.5,200,ask,YieldingYams,WavyWalnuts,5690582
2026-07-03T11:28:23.563026,2026-07-03T11:28:23.567843+00:00,119.6,11,ask,WavyWalnuts,Xuanyu Liu,5690625
2026-07-03T11:28:23.673245,2026-07-03T11:28:23.760542+00:00,119.7,3,ask,YieldingYams,Xuanyu Liu,5690628
2026-07-03T11:28:24.889126,2026-07-03T11:28:24.965389+00:00,119.8,200,bid,YieldingYams,WavyWalnuts,5690643
2026-07-03T11:28:25.200430,2026-07-03T11:28:25.264790+00:00,119.8,50,ask,YieldingYams,Alan Niu,5690651
2026-07-03T11:28:25.823485,2026-07-03T11:28:25.966211+00:00,119.8,200,ask,YieldingYams,WavyWalnuts,5690662
2026-07-03T11:28:29.445843,2026-07-03T11:28:29.662643+00:00,119.7,200,bid,WavyWalnuts,YieldingYams,5690728
2026-07-03T11:28:33.646430,2026-07-03T11:28:33.668470+00:00,119.7,42,ask,YieldingYams,Alan Niu,5690788
2026-07-03T11:28:37.562810,2026-07-03T11:28:37.864349+00:00,119.6,20,ask,YieldingYams,BrilliantBurritos,5690845
2026-07-03T11:28:39.061020,2026-07-03T11:28:39.074643+00:00,119.9,20,bid,BrilliantBurritos,WavyWalnuts,5690867
2026-07-03T11:28:39.124304,2026-07-03T11:28:39.174292+00:00,119.8,200,ask,YieldingYams,WavyWalnuts,5690869
2026-07-03T11:28:40.609416,2026-07-03T11:28:52.411021+00:00,119.9,200,bid,YieldingYams,WavyWalnuts,5690904
2026-07-03T11:28:40.733598,2026-07-03T11:28:52.411021+00:00,120.1,100,ask,YieldingYams,Alan Niu,5690910
2026-07-03T11:28:41.373060,2026-07-03T11:28:52.411021+00:00,120.1,20,ask,YieldingYams,BrilliantBurritos,5690927
2026-07-03T11:28:41.540704,2026-07-03T11:28:52.411021+00:00,120.1,200,ask,YieldingYams,WavyWalnuts,5690930
2026-07-03T11:28:42.749883,2026-07-03T11:28:52.411021+00:00,120.0,200,ask,YieldingYams,WavyWalnuts,5690947
2026-07-03T11:28:42.935014,2026-07-03T11:28:52.411021+00:00,120.0,20,ask,YieldingYams,BrilliantBurritos,5690951
2026-07-03T11:28:45.505019,2026-07-03T11:28:52.411021+00:00,120.0,48,bid,Alan Niu,YieldingYams,5690985
2026-07-03T11:28:46.184922,2026-07-03T11:28:52.411021+00:00,120.0,50,bid,Alan Niu,YieldingYams,5690997
2026-07-03T11:28:47.172225,2026-07-03T11:28:52.411021+00:00,119.9,200,bid,YieldingYams,WavyWalnuts,5691020
2026-07-03T11:28:48.642358,2026-07-03T11:28:52.411021+00:00,119.8,20,ask,WavyWalnuts,BrilliantBurritos,5691056
2026-07-03T11:28:49.795729,2026-07-03T11:28:52.411021+00:00,119.8,200,ask,WavyWalnuts,YieldingYams,5691071
2026-07-03T11:28:51.286804,2026-07-03T11:28:52.411021+00:00,119.8,50,ask,WavyWalnuts,Alan Niu,5691100
2026-07-03T11:28:52.440634,2026-07-03T11:28:52.471190+00:00,119.9,200,ask,YieldingYams,WavyWalnuts,5691121
2026-07-03T11:28:53.647527,2026-07-03T11:28:53.778644+00:00,119.9,200,ask,YieldingYams,WavyWalnuts,5691142
2026-07-03T11:28:56.061957,2026-07-03T11:28:56.069750+00:00,119.8,200,ask,YieldingYams,WavyWalnuts,5691186
2026-07-03T11:28:56.585433,2026-07-03T11:28:56.680382+00:00,119.6,50,ask,YieldingYams,Alan Niu,5691191
2026-07-03T11:28:57.431314,2026-07-03T11:28:57.398471+00:00,119.8,22,bid,Zihao Wu,YieldingYams,5691204
2026-07-03T11:28:57.568660,2026-07-03T11:28:57.658769+00:00,119.6,6,ask,YieldingYams,Alan Niu,5691211
2026-07-03T11:28:59.687168,2026-07-03T11:28:59.790351+00:00,119.7,200,bid,WavyWalnuts,YieldingYams,5691243
2026-07-03T11:29:00.901001,2026-07-03T11:29:00.965007+00:00,119.8,200,bid,WavyWalnuts,YieldingYams,5691266
2026-07-03T11:29:02.891207,2026-07-03T11:29:02.958710+00:00,119.7,200,ask,WavyWalnuts,YieldingYams,5691302
2026-07-03T11:29:03.314402,2026-07-03T11:29:03.360548+00:00,119.7,200,bid,WavyWalnuts,YieldingYams,5691313
2026-07-03T11:29:10.677712,2026-07-03T11:29:10.681572+00:00,119.8,3,ask,WavyWalnuts,Xuanyu Liu,5691440
2026-07-03T11:29:10.766531,2026-07-03T11:29:10.770714+00:00,119.9,11,ask,YieldingYams,Xuanyu Liu,5691444
2026-07-03T11:29:13.178729,2026-07-03T11:29:13.190060+00:00,119.9,20,ask,YieldingYams,BrilliantBurritos,5691489
2026-07-03T11:29:14.235784,2026-07-03T11:29:14.285962+00:00,119.9,200,ask,YieldingYams,WavyWalnuts,5691502
2026-07-03T11:29:15.849461,2026-07-03T11:29:15.863657+00:00,119.8,20,ask,YieldingYams,BrilliantBurritos,5691537
2026-07-03T11:29:17.452227,2026-07-03T11:29:17.463707+00:00,119.9,22,ask,YieldingYams,Zihao Wu,5691565
2026-07-03T11:29:18.593321,2026-07-03T11:29:18.597292+00:00,120.0,14,bid,Xuanyu Liu,WavyWalnuts,5691582
2026-07-03T11:29:18.602389,2026-07-03T11:29:18.664147+00:00,120.0,186,bid,YieldingYams,WavyWalnuts,5691583
2026-07-03T11:29:19.958342,2026-07-03T11:29:19.975565+00:00,120.1,50,bid,Alan Niu,YieldingYams,5691615
2026-07-03T11:29:20.289370,2026-07-03T11:29:20.364220+00:00,120.1,200,bid,WavyWalnuts,YieldingYams,5691619
2026-07-03T11:29:21.503175,2026-07-03T11:29:21.569806+00:00,120.2,200,ask,YieldingYams,WavyWalnuts,5691631
2026-07-03T11:29:22.062210,2026-07-03T11:29:22.063999+00:00,120.2,425,ask,YieldingYams,AverageAlmonds,5691641
2026-07-03T11:29:26.014255,2026-07-03T11:29:26.025515+00:00,120.0,20,ask,WavyWalnuts,BrilliantBurritos,5691710
2026-07-03T11:29:26.338515,2026-07-03T11:29:26.381427+00:00,120.0,200,ask,YieldingYams,WavyWalnuts,5691721
2026-07-03T11:29:27.543720,2026-07-03T11:29:27.566712+00:00,120.0,200,bid,WavyWalnuts,YieldingYams,5691735
2026-07-03T11:29:31.181810,2026-07-03T11:29:31.185128+00:00,120.0,200,bid,WavyWalnuts,YieldingYams,5691782
2026-07-03T11:29:32.986145,2026-07-03T11:29:33.058681+00:00,120.1,200,bid,YieldingYams,WavyWalnuts,5691819
2026-07-03T11:29:34.610878,2026-07-03T11:29:34.620328+00:00,120.0,50,ask,WavyWalnuts,Alan Niu,5691851
2026-07-03T11:29:36.920587,2026-07-03T11:29:36.927375+00:00,120.1,200,ask,WavyWalnuts,YieldingYams,5691895
2026-07-03T11:29:37.219487,2026-07-03T11:29:37.258854+00:00,120.1,200,bid,WavyWalnuts,YieldingYams,5691904
2026-07-03T11:29:39.635798,2026-07-03T11:29:39.663592+00:00,120.2,200,bid,WavyWalnuts,YieldingYams,5691940
2026-07-03T11:29:40.653601,2026-07-03T11:29:40.658603+00:00,120.2,20,bid,BrilliantBurritos,YieldingYams,5691957
2026-07-03T11:29:40.851302,2026-07-03T11:29:40.875790+00:00,120.2,500,bid,YieldingYams,AverageAlmonds,5691966
2026-07-03T11:29:41.425434,2026-07-03T11:29:41.469565+00:00,120.2,125,ask,YieldingYams,AverageAlmonds,5691974
2026-07-03T11:29:42.166549,2026-07-03T11:29:42.181649+00:00,120.0,200,ask,WavyWalnuts,YieldingYams,5691981
2026-07-03T11:29:43.480436,2026-07-03T11:29:43.487296+00:00,119.9,200,ask,WavyWalnuts,YieldingYams,5692003
2026-07-03T11:29:43.991742,2026-07-03T11:29:43.996333+00:00,119.6,37,ask,YieldingYams,Xuanyu Liu,5692024
2026-07-03T11:29:44.084428,2026-07-03T11:29:44.090544+00:00,119.6,22,ask,YieldingYams,Zihao Wu,5692026
2026-07-03T11:29:44.489784,2026-07-03T11:29:44.495789+00:00,119.8,200,bid,WavyWalnuts,YieldingYams,5692031
2026-07-03T11:29:45.700427,2026-07-03T11:29:45.758597+00:00,119.9,200,bid,WavyWalnuts,YieldingYams,5692056
2026-07-03T11:29:46.129430,2026-07-03T11:29:46.174193+00:00,119.7,20,ask,YieldingYams,BrilliantBurritos,5692066
2026-07-03T11:29:46.296298,2026-07-03T11:29:46.358666+00:00,119.9,48,bid,Alan Niu,YieldingYams,5692071
2026-07-03T11:29:46.386199,2026-07-03T11:29:46.389922+00:00,119.9,23,bid,Xuanyu Liu,YieldingYams,5692075
2026-07-03T11:29:46.433012,2026-07-03T11:29:46.458595+00:00,119.7,23,ask,YieldingYams,Alan Niu,5692076
2026-07-03T11:29:46.746115,2026-07-03T11:29:46.759226+00:00,119.7,20,ask,YieldingYams,BrilliantBurritos,5692077
2026-07-03T11:29:46.906823,2026-07-03T11:29:46.958638+00:00,119.9,200,bid,WavyWalnuts,YieldingYams,5692079
2026-07-03T11:29:47.506055,2026-07-03T11:29:47.570887+00:00,119.7,25,ask,YieldingYams,Alan Niu,5692093
2026-07-03T11:29:50.032494,2026-07-03T11:29:50.074067+00:00,119.9,200,bid,YieldingYams,WavyWalnuts,5692124
2026-07-03T11:29:50.549060,2026-07-03T11:29:50.584862+00:00,119.9,200,ask,YieldingYams,WavyWalnuts,5692127
2026-07-03T11:29:51.757199,2026-07-03T11:29:51.764534+00:00,119.8,200,bid,WavyWalnuts,YieldingYams,5692162
2026-07-03T11:29:52.966459,2026-07-03T11:29:52.968680+00:00,119.9,200,bid,WavyWalnuts,YieldingYams,5692179
2026-07-03T11:29:53.179065,2026-07-03T11:29:53.180680+00:00,119.7,20,ask,YieldingYams,BrilliantBurritos,5692182
2026-07-03T11:29:55.268946,2026-07-03T11:29:55.271708+00:00,119.7,200,ask,WavyWalnuts,YieldingYams,5692214
2026-07-03T11:29:55.393487,2026-07-03T11:29:55.396750+00:00,119.7,200,bid,WavyWalnuts,YieldingYams,5692217
2026-07-03T11:29:56.606878,2026-07-03T11:29:56.663995+00:00,119.8,200,ask,YieldingYams,WavyWalnuts,5692241
2026-07-03T11:29:56.660704,2026-07-03T11:29:56.663995+00:00,119.8,12,ask,YieldingYams,Xuanyu Liu,5692245
2026-07-03T11:29:57.814214,2026-07-03T11:29:57.880328+00:00,119.8,200,ask,YieldingYams,WavyWalnuts,5692258
2026-07-03T11:29:57.909779,2026-07-03T11:29:57.906771+00:00,119.6,200,ask,WavyWalnuts,YieldingYams,5692263
2026-07-03T11:29:59.018542,2026-07-03T11:29:59.059308+00:00,119.6,200,bid,WavyWalnuts,YieldingYams,5692293
2026-07-03T11:30:00.536632,2026-07-03T11:30:00.559506+00:00,119.6,200,ask,WavyWalnuts,YieldingYams,5692321
2026-07-03T11:30:00.795071,2026-07-03T11:30:00.807363+00:00,119.6,425,bid,AverageAlmonds,YieldingYams,5692324
2026-07-03T11:30:01.843596,2026-07-03T11:30:01.863636+00:00,119.7,200,bid,YieldingYams,WavyWalnuts,5692344
2026-07-03T11:30:02.768389,2026-07-03T11:30:02.772340+00:00,119.9,12,bid,Xuanyu Liu,YieldingYams,5692357
2026-07-03T11:30:03.153585,2026-07-03T11:30:03.164052+00:00,119.8,200,ask,WavyWalnuts,YieldingYams,5692360
2026-07-03T11:30:03.176579,2026-07-03T11:30:03.180664+00:00,119.8,11,bid,Xuanyu Liu,YieldingYams,5692362
2026-07-03T11:30:04.106564,2026-07-03T11:30:04.118180+00:00,119.8,22,bid,Zihao Wu,YieldingYams,5692386
2026-07-03T11:30:05.819263,2026-07-03T11:30:05.823538+00:00,119.6,3,bid,Xuanyu Liu,YieldingYams,5692420
2026-07-03T11:30:07.506049,2026-07-03T11:30:07.541060+00:00,119.5,200,ask,AverageAlmonds,WavyWalnuts,5692447
2026-07-03T11:30:09.733057,2026-07-03T11:30:09.740912+00:00,119.7,200,bid,YieldingYams,WavyWalnuts,5692480
2026-07-03T11:30:09.747325,2026-07-03T11:30:09.751056+00:00,119.8,3,ask,YieldingYams,Xuanyu Liu,5692482
2026-07-03T11:30:09.930755,2026-07-03T11:30:09.944871+00:00,119.8,200,ask,YieldingYams,WavyWalnuts,5692486
2026-07-03T11:30:12.381550,2026-07-03T11:30:12.391328+00:00,119.7,500,ask,AverageAlmonds,YieldingYams,5692527
2026-07-03T11:30:12.381550,2026-07-03T11:30:12.391328+00:00,119.7,125,ask,WavyWalnuts,YieldingYams,5692528
2026-07-03T11:30:14.132467,2026-07-03T11:30:14.142356+00:00,119.7,200,bid,AverageAlmonds,WavyWalnuts,5692553
2026-07-03T11:30:16.305817,2026-07-03T11:30:16.318237+00:00,119.7,500,ask,AverageAlmonds,YieldingYams,5692597
2026-07-03T11:30:16.355775,2026-07-03T11:30:16.359428+00:00,119.7,3,bid,Xuanyu Liu,YieldingYams,5692599
2026-07-03T11:30:16.535459,2026-07-03T11:30:16.537402+00:00,119.7,122,bid,AverageAlmonds,YieldingYams,5692602
2026-07-03T11:30:18.767787,2026-07-03T11:30:18.771993+00:00,119.9,3,ask,YieldingYams,Xuanyu Liu,5692640
2026-07-03T11:30:18.919806,2026-07-03T11:30:18.938922+00:00,120.0,200,bid,YieldingYams,WavyWalnuts,5692643
2026-07-03T11:30:18.935344,2026-07-03T11:30:18.938922+00:00,120.0,11,ask,YieldingYams,Xuanyu Liu,5692645
2026-07-03T11:30:24.154124,2026-07-03T11:30:24.158612+00:00,120.0,200,bid,YieldingYams,WavyWalnuts,5692744
2026-07-03T11:30:24.154124,2026-07-03T11:30:24.158612+00:00,120.1,425,bid,YieldingYams,AverageAlmonds,5692745
2026-07-03T11:30:25.467343,2026-07-03T11:30:25.474469+00:00,119.9,200,ask,WavyWalnuts,YieldingYams,5692768
2026-07-03T11:30:26.363358,2026-07-03T11:30:26.379786+00:00,119.8,20,ask,WavyWalnuts,BrilliantBurritos,5692782
2026-07-03T11:30:26.776402,2026-07-03T11:30:26.783267+00:00,119.8,180,ask,WavyWalnuts,YieldingYams,5692789
2026-07-03T11:30:30.724455,2026-07-03T11:30:30.728033+00:00,119.7,11,bid,Xuanyu Liu,YieldingYams,5692857
2026-07-03T11:30:31.735716,2026-07-03T11:30:31.743879+00:00,119.7,200,bid,WavyWalnuts,YieldingYams,5692871
2026-07-03T11:30:32.194221,2026-07-03T11:30:32.204326+00:00,119.6,20,ask,YieldingYams,BrilliantBurritos,5692876
2026-07-03T11:30:33.483059,2026-07-03T11:30:33.489774+00:00,119.5,20,ask,YieldingYams,BrilliantBurritos,5692894
2026-07-03T11:30:33.869656,2026-07-03T11:30:33.895290+00:00,119.7,20,bid,BrilliantBurritos,WavyWalnuts,5692904
2026-07-03T11:30:35.385831,2026-07-03T11:30:35.400204+00:00,119.5,20,ask,YieldingYams,BrilliantBurritos,5692932
2026-07-03T11:30:38.876939,2026-07-03T11:30:38.896797+00:00,119.5,20,ask,WavyWalnuts,BrilliantBurritos,5692976
2026-07-03T11:30:39.891243,2026-07-03T11:30:39.895053+00:00,119.4,3,bid,Xuanyu Liu,YieldingYams,5692991
2026-07-03T11:30:43.841789,2026-07-03T11:30:43.850613+00:00,119.5,200,ask,WavyWalnuts,YieldingYams,5693062
2026-07-03T11:30:46.256471,2026-07-03T11:30:46.284439+00:00,119.5,200,bid,WavyWalnuts,YieldingYams,5693104
2026-07-03T11:30:46.814102,2026-07-03T11:30:46.820444+00:00,119.5,500,bid,AverageAlmonds,YieldingYams,5693116
2026-07-03T11:30:47.766495,2026-07-03T11:30:47.771076+00:00,119.6,200,bid,YieldingYams,WavyWalnuts,5693140
2026-07-03T11:30:48.630314,2026-07-03T11:30:48.658614+00:00,119.6,20,ask,YieldingYams,BrilliantBurritos,5693153
2026-07-03T11:30:54.323546,2026-07-03T11:30:54.331446+00:00,119.9,20,bid,BrilliantBurritos,WavyWalnuts,5693251
2026-07-03T11:30:59.834572,2026-07-03T11:30:59.837762+00:00,120.0,3,bid,Xuanyu Liu,YieldingYams,5693342
2026-07-03T11:30:59.931478,2026-07-03T11:30:59.942951+00:00,120.0,147,bid,Alan Niu,YieldingYams,5693347
2026-07-03T11:31:03.231026,2026-07-03T11:31:03.234906+00:00,120.1,3,ask,WavyWalnuts,Xuanyu Liu,5693404
2026-07-03T11:31:03.403209,2026-07-03T11:31:03.426323+00:00,120.1,50,ask,WavyWalnuts,Alan Niu,5693410
2026-07-03T11:31:04.404768,2026-07-03T11:31:04.406596+00:00,120.2,200,bid,WavyWalnuts,YieldingYams,5693425
2026-07-03T11:31:04.955698,2026-07-03T11:31:04.967573+00:00,120.2,97,ask,YieldingYams,Alan Niu,5693441
2026-07-03T11:31:06.199448,2026-07-03T11:31:06.205526+00:00,120.3,50,bid,Alan Niu,WavyWalnuts,5693464
2026-07-03T11:31:08.723889,2026-07-03T11:31:08.751936+00:00,120.2,200,bid,YieldingYams,WavyWalnuts,5693498
2026-07-03T11:31:09.011803,2026-07-03T11:31:09.054594+00:00,120.2,22,ask,YieldingYams,Zihao Wu,5693501
2026-07-03T11:31:11.304603,2026-07-03T11:31:11.313237+00:00,120.3,20,bid,BrilliantBurritos,WavyWalnuts,5693545
2026-07-03T11:31:15.271692,2026-07-03T11:31:15.339554+00:00,120.1,500,bid,AverageAlmonds,YieldingYams,5693600
2026-07-03T11:31:15.323340,2026-07-03T11:31:15.358869+00:00,120.1,200,ask,YieldingYams,WavyWalnuts,5693608
2026-07-03T11:31:16.135008,2026-07-03T11:31:16.156388+00:00,120.3,20,bid,BrilliantBurritos,YieldingYams,5693620
2026-07-03T11:31:19.856403,2026-07-03T11:31:19.863905+00:00,120.1,20,ask,YieldingYams,BrilliantBurritos,5693677
2026-07-03T11:31:20.298238,2026-07-03T11:31:20.309797+00:00,120.1,50,ask,YieldingYams,Alan Niu,5693687
2026-07-03T11:31:20.643154,2026-07-03T11:31:20.675660+00:00,120.3,20,bid,BrilliantBurritos,WavyWalnuts,5693693
2026-07-03T11:31:21.854186,2026-07-03T11:31:21.858768+00:00,120.2,200,bid,YieldingYams,WavyWalnuts,5693714
2026-07-03T11:31:23.177722,2026-07-03T11:31:23.196063+00:00,120.3,200,ask,WavyWalnuts,YieldingYams,5693740
2026-07-03T11:31:25.172480,2026-07-03T11:31:25.175804+00:00,120.1,3,ask,YieldingYams,Xuanyu Liu,5693778
2026-07-03T11:31:25.827522,2026-07-03T11:31:25.831114+00:00,120.2,11,ask,YieldingYams,Xuanyu Liu,5693793
2026-07-03T11:31:28.422587,2026-07-03T11:31:28.458614+00:00,120.3,200,bid,YieldingYams,WavyWalnuts,5693824
2026-07-03T11:31:28.643188,2026-07-03T11:31:28.672809+00:00,120.4,200,ask,YieldingYams,WavyWalnuts,5693830
2026-07-03T11:31:29.063265,2026-07-03T11:31:29.069840+00:00,120.6,22,bid,Zihao Wu,YieldingYams,5693838
2026-07-03T11:31:30.680902,2026-07-03T11:31:30.705807+00:00,120.6,20,bid,BrilliantBurritos,YieldingYams,5693866
2026-07-03T11:31:32.574680,2026-07-03T11:31:32.585583+00:00,120.4,20,ask,YieldingYams,BrilliantBurritos,5693898
2026-07-03T11:31:37.461570,2026-07-03T11:31:37.469162+00:00,120.6,20,ask,YieldingYams,BrilliantBurritos,5693973
2026-07-03T11:31:37.608623,2026-07-03T11:31:37.639814+00:00,120.6,200,ask,WavyWalnuts,YieldingYams,5693979
2026-07-03T11:31:39.546498,2026-07-03T11:31:39.558293+00:00,120.4,200,ask,YieldingYams,WavyWalnuts,5694015
2026-07-03T11:31:40.864455,2026-07-03T11:31:40.867978+00:00,120.5,12,ask,WavyWalnuts,Xuanyu Liu,5694034
2026-07-03T11:31:40.961219,2026-07-03T11:31:40.965250+00:00,120.6,26,bid,Xuanyu Liu,YieldingYams,5694037
2026-07-03T11:31:41.961407,2026-07-03T11:31:41.989120+00:00,120.5,200,ask,YieldingYams,WavyWalnuts,5694063
2026-07-03T11:31:42.518670,2026-07-03T11:31:42.538862+00:00,120.5,425,ask,YieldingYams,AverageAlmonds,5694071
2026-07-03T11:31:44.007240,2026-07-03T11:31:44.010814+00:00,120.3,14,ask,WavyWalnuts,Xuanyu Liu,5694087
2026-07-03T11:31:44.385615,2026-07-03T11:31:44.411055+00:00,120.4,200,bid,WavyWalnuts,YieldingYams,5694097
2026-07-03T11:31:44.474301,2026-07-03T11:31:44.515911+00:00,120.2,20,ask,YieldingYams,BrilliantBurritos,5694103
2026-07-03T11:31:47.325227,2026-07-03T11:31:47.328861+00:00,120.2,12,ask,WavyWalnuts,Xuanyu Liu,5694156
2026-07-03T11:31:48.032987,2026-07-03T11:31:48.058561+00:00,120.4,200,bid,WavyWalnuts,YieldingYams,5694172
2026-07-03T11:31:50.509868,2026-07-03T11:31:50.513519+00:00,120.2,23,ask,YieldingYams,Xuanyu Liu,5694210
2026-07-03T11:31:56.827025,2026-07-03T11:31:56.830833+00:00,120.1,11,ask,YieldingYams,Xuanyu Liu,5694312
2026-07-03T11:31:57.342373,2026-07-03T11:31:57.345957+00:00,120.2,11,ask,YieldingYams,Xuanyu Liu,5694328
2026-07-03T11:31:57.744496,2026-07-03T11:31:57.748052+00:00,120.3,12,ask,WavyWalnuts,Xuanyu Liu,5694337
2026-07-03T11:31:58.628008,2026-07-03T11:31:58.634962+00:00,120.3,188,ask,WavyWalnuts,YieldingYams,5694349
2026-07-03T11:32:00.118526,2026-07-03T11:32:00.129427+00:00,120.3,200,bid,WavyWalnuts,AverageAlmonds,5694373
2026-07-03T11:32:01.670170,2026-07-03T11:32:01.688407+00:00,120.5,20,bid,BrilliantBurritos,AverageAlmonds,5694412
2026-07-03T11:32:02.561711,2026-07-03T11:32:02.568971+00:00,120.4,200,bid,YieldingYams,WavyWalnuts,5694429
2026-07-03T11:32:03.173116,2026-07-03T11:32:03.176982+00:00,120.6,23,bid,Xuanyu Liu,YieldingYams,5694447
2026-07-03T11:32:03.783922,2026-07-03T11:32:03.788048+00:00,120.5,11,bid,Xuanyu Liu,WavyWalnuts,5694455
2026-07-03T11:32:04.975971,2026-07-03T11:32:05.012129+00:00,120.4,200,ask,YieldingYams,WavyWalnuts,5694480
2026-07-03T11:32:05.204768,2026-07-03T11:32:05.208066+00:00,120.4,12,bid,Xuanyu Liu,YieldingYams,5694490
2026-07-03T11:32:06.182212,2026-07-03T11:32:06.190709+00:00,120.4,200,bid,WavyWalnuts,YieldingYams,5694511
2026-07-03T11:32:06.479781,2026-07-03T11:32:06.491922+00:00,120.4,20,bid,BrilliantBurritos,YieldingYams,5694525
2026-07-03T11:32:06.514234,2026-07-03T11:32:06.517544+00:00,120.2,12,ask,YieldingYams,Xuanyu Liu,5694533
2026-07-03T11:32:07.393374,2026-07-03T11:32:07.401024+00:00,120.4,200,bid,WavyWalnuts,YieldingYams,5694544
2026-07-03T11:32:07.830743,2026-07-03T11:32:07.834645+00:00,120.3,11,ask,YieldingYams,Xuanyu Liu,5694554
2026-07-03T11:32:08.612167,2026-07-03T11:32:08.615808+00:00,120.4,11,ask,WavyWalnuts,Xuanyu Liu,5694566
2026-07-03T11:32:09.446749,2026-07-03T11:32:09.450854+00:00,120.5,22,bid,Xuanyu Liu,YieldingYams,5694587
2026-07-03T11:32:10.379359,2026-07-03T11:32:10.441064+00:00,120.4,200,ask,WavyWalnuts,AverageAlmonds,5694597
2026-07-03T11:32:10.434678,2026-07-03T11:32:10.441064+00:00,120.4,300,bid,YieldingYams,AverageAlmonds,5694605
2026-07-03T11:32:10.976794,2026-07-03T11:32:10.984715+00:00,120.4,325,ask,YieldingYams,AverageAlmonds,5694614
2026-07-03T11:32:11.003237,2026-07-03T11:32:11.007819+00:00,120.4,12,bid,Xuanyu Liu,AverageAlmonds,5694617
2026-07-03T11:32:13.064349,2026-07-03T11:32:13.074198+00:00,120.3,200,ask,WavyWalnuts,YieldingYams,5694669
2026-07-03T11:32:13.440022,2026-07-03T11:32:13.458617+00:00,120.3,200,bid,WavyWalnuts,YieldingYams,5694676
2026-07-03T11:32:14.370874,2026-07-03T11:32:14.379462+00:00,120.2,500,bid,YieldingYams,AverageAlmonds,5694694
2026-07-03T11:32:14.620398,2026-07-03T11:32:14.630559+00:00,120.4,125,ask,YieldingYams,AverageAlmonds,5694699
2026-07-03T11:32:14.648750,2026-07-03T11:32:14.656324+00:00,120.2,200,bid,WavyWalnuts,AverageAlmonds,5694700
2026-07-03T11:32:16.963148,2026-07-03T11:32:16.969756+00:00,120.2,20,bid,BrilliantBurritos,YieldingYams,5694741
2026-07-03T11:32:16.992080,2026-07-03T11:32:17.019870+00:00,120.1,200,ask,WavyWalnuts,YieldingYams,5694742
2026-07-03T11:32:19.481873,2026-07-03T11:32:19.483596+00:00,119.9,200,ask,YieldingYams,WavyWalnuts,5694781
2026-07-03T11:32:19.655668,2026-07-03T11:32:19.659670+00:00,119.8,23,bid,Xuanyu Liu,YieldingYams,5694788
2026-07-03T11:32:23.110992,2026-07-03T11:32:23.145193+00:00,119.7,200,bid,WavyWalnuts,YieldingYams,5694865
2026-07-03T11:32:24.861981,2026-07-03T11:32:24.864548+00:00,119.8,20,bid,BrilliantBurritos,WavyWalnuts,5694895
2026-07-03T11:32:25.526249,2026-07-03T11:32:25.537773+00:00,119.7,200,bid,WavyWalnuts,YieldingYams,5694904
2026-07-03T11:32:30.372094,2026-07-03T11:32:30.410613+00:00,119.8,200,bid,WavyWalnuts,YieldingYams,5694982
2026-07-03T11:32:32.763988,2026-07-03T11:32:32.767404+00:00,119.8,11,bid,Xuanyu Liu,YieldingYams,5695014
2026-07-03T11:32:32.947199,2026-07-03T11:32:32.953261+00:00,119.6,20,ask,YieldingYams,BrilliantBurritos,5695019
2026-07-03T11:32:34.025516,2026-07-03T11:32:34.032713+00:00,119.7,200,ask,AverageAlmonds,WavyWalnuts,5695032
2026-07-03T11:32:34.054482,2026-07-03T11:32:34.079296+00:00,119.7,300,ask,AverageAlmonds,YieldingYams,5695035
2026-07-03T11:32:34.086409,2026-07-03T11:32:34.090146+00:00,119.7,3,bid,Xuanyu Liu,YieldingYams,5695037
2026-07-03T11:32:34.589802,2026-07-03T11:32:34.601308+00:00,119.7,322,bid,AverageAlmonds,YieldingYams,5695047
2026-07-03T11:32:35.677197,2026-07-03T11:32:35.683861+00:00,119.7,20,ask,AverageAlmonds,BrilliantBurritos,5695064
2026-07-03T11:32:37.008924,2026-07-03T11:32:37.018604+00:00,119.8,200,bid,AverageAlmonds,WavyWalnuts,5695085
2026-07-03T11:32:37.008924,2026-07-03T11:32:37.018604+00:00,119.8,300,bid,AverageAlmonds,YieldingYams,5695086
2026-07-03T11:32:37.654908,2026-07-03T11:32:37.669994+00:00,119.8,200,bid,WavyWalnuts,YieldingYams,5695096
2026-07-03T11:32:37.967134,2026-07-03T11:32:37.970763+00:00,119.7,3,ask,AverageAlmonds,Xuanyu Liu,5695102
2026-07-03T11:32:37.993804,2026-07-03T11:32:37.997833+00:00,119.8,11,ask,YieldingYams,Xuanyu Liu,5695104
2026-07-03T11:32:38.866427,2026-07-03T11:32:38.869937+00:00,119.9,12,ask,AverageAlmonds,Xuanyu Liu,5695119
2026-07-03T11:32:39.290457,2026-07-03T11:32:39.298877+00:00,119.9,488,ask,AverageAlmonds,YieldingYams,5695130
2026-07-03T11:32:40.046734,2026-07-03T11:32:40.065384+00:00,119.9,137,bid,AverageAlmonds,YieldingYams,5695134
2026-07-03T11:32:41.068913,2026-07-03T11:32:41.072838+00:00,120.1,23,bid,Xuanyu Liu,WavyWalnuts,5695152
2026-07-03T11:32:41.294213,2026-07-03T11:32:41.302986+00:00,120.0,200,ask,YieldingYams,WavyWalnuts,5695155
2026-07-03T11:32:42.468876,2026-07-03T11:32:42.505470+00:00,120.3,20,bid,BrilliantBurritos,YieldingYams,5695176
2026-07-03T11:32:45.518779,2026-07-03T11:32:45.528168+00:00,120.1,20,ask,WavyWalnuts,BrilliantBurritos,5695238
2026-07-03T11:32:45.849624,2026-07-03T11:32:45.856331+00:00,120.3,200,bid,YieldingYams,WavyWalnuts,5695250
2026-07-03T11:32:45.870481,2026-07-03T11:32:45.874558+00:00,120.3,11,ask,YieldingYams,Xuanyu Liu,5695254
2026-07-03T11:32:47.359354,2026-07-03T11:32:47.409828+00:00,120.3,200,ask,YieldingYams,WavyWalnuts,5695285
2026-07-03T11:32:47.405597,2026-07-03T11:32:47.409828+00:00,120.4,14,bid,Xuanyu Liu,AverageAlmonds,5695288
2026-07-03T11:32:47.524059,2026-07-03T11:32:47.531873+00:00,120.3,20,ask,YieldingYams,BrilliantBurritos,5695290
2026-07-03T11:32:47.915291,2026-07-03T11:32:47.954904+00:00,120.3,405,ask,YieldingYams,AverageAlmonds,5695296
2026-07-03T11:32:50.998781,2026-07-03T11:32:51.027261+00:00,120.2,200,bid,WavyWalnuts,YieldingYams,5695350
2026-07-03T11:32:51.116631,2026-07-03T11:32:51.119121+00:00,120.2,500,bid,YieldingYams,AverageAlmonds,5695355
2026-07-03T11:32:51.553084,2026-07-03T11:32:51.561369+00:00,120.2,125,ask,YieldingYams,AverageAlmonds,5695364
2026-07-03T11:32:52.208331,2026-07-03T11:32:52.212531+00:00,120.2,200,bid,WavyWalnuts,AverageAlmonds,5695372
2026-07-03T11:32:53.032441,2026-07-03T11:32:53.048488+00:00,119.8,20,ask,YieldingYams,BrilliantBurritos,5695386
2026-07-03T11:32:53.416335,2026-07-03T11:32:53.450825+00:00,120.1,200,bid,WavyWalnuts,YieldingYams,5695393
2026-07-03T11:32:54.623751,2026-07-03T11:32:54.633690+00:00,120.2,200,bid,WavyWalnuts,YieldingYams,5695408
2026-07-03T11:32:55.834901,2026-07-03T11:32:55.844464+00:00,120.1,200,bid,WavyWalnuts,YieldingYams,5695433
2026-07-03T11:32:59.460974,2026-07-03T11:32:59.489552+00:00,120.1,200,bid,WavyWalnuts,YieldingYams,5695500
2026-07-03T11:33:03.961838,2026-07-03T11:33:03.968685+00:00,120.2,20,bid,BrilliantBurritos,YieldingYams,5695569
2026-07-03T11:33:06.494702,2026-07-03T11:33:06.502062+00:00,120.1,20,bid,BrilliantBurritos,WavyWalnuts,5695603
2026-07-03T11:33:06.743270,2026-07-03T11:33:06.780027+00:00,120.1,200,bid,WavyWalnuts,AverageAlmonds,5695609
2026-07-03T11:33:06.870858,2026-07-03T11:33:06.890224+00:00,120.1,300,bid,YieldingYams,AverageAlmonds,5695617
2026-07-03T11:33:06.886297,2026-07-03T11:33:06.890224+00:00,120.1,3,ask,YieldingYams,Xuanyu Liu,5695619
2026-07-03T11:33:06.889457,2026-07-03T11:33:06.936391+00:00,120.1,20,ask,YieldingYams,BrilliantBurritos,5695621
2026-07-03T11:33:07.894740,2026-07-03T11:33:07.921991+00:00,120.1,302,ask,YieldingYams,AverageAlmonds,5695641
2026-07-03T11:33:07.960825,2026-07-03T11:33:07.982281+00:00,120.1,198,bid,WavyWalnuts,AverageAlmonds,5695645
2026-07-03T11:33:07.989031,2026-07-03T11:33:07.993345+00:00,120.2,2,ask,WavyWalnuts,Xuanyu Liu,5695648
2026-07-03T11:33:09.169166,2026-07-03T11:33:09.205016+00:00,119.9,200,bid,WavyWalnuts,YieldingYams,5695670
2026-07-03T11:33:09.631291,2026-07-03T11:33:09.635493+00:00,119.8,32,ask,YieldingYams,Xuanyu Liu,5695681
2026-07-03T11:33:10.166412,2026-07-03T11:33:10.178133+00:00,119.8,20,ask,YieldingYams,BrilliantBurritos,5695691
2026-07-03T11:33:11.585628,2026-07-03T11:33:11.604822+00:00,119.9,200,bid,WavyWalnuts,YieldingYams,5695716
2026-07-03T11:33:12.198042,2026-07-03T11:33:12.201985+00:00,119.9,12,ask,YieldingYams,Xuanyu Liu,5695728
2026-07-03T11:33:12.793935,2026-07-03T11:33:12.796984+00:00,119.9,200,ask,YieldingYams,WavyWalnuts,5695738
2026-07-03T11:33:13.482982,2026-07-03T11:33:13.487059+00:00,119.9,35,bid,Xuanyu Liu,YieldingYams,5695751
2026-07-03T11:33:15.249356,2026-07-03T11:33:15.252481+00:00,119.8,11,bid,Xuanyu Liu,WavyWalnuts,5695785
2026-07-03T11:33:16.798959,2026-07-03T11:33:16.805527+00:00,119.6,20,ask,YieldingYams,BrilliantBurritos,5695815
2026-07-03T11:33:16.976456,2026-07-03T11:33:16.982989+00:00,119.7,200,bid,AverageAlmonds,WavyWalnuts,5695817
2026-07-03T11:33:17.309584,2026-07-03T11:33:17.313634+00:00,119.8,20,bid,BrilliantBurritos,YieldingYams,5695824
2026-07-03T11:33:17.385785,2026-07-03T11:33:17.397333+00:00,119.7,300,ask,AverageAlmonds,YieldingYams,5695828
2026-07-03T11:33:17.573387,2026-07-03T11:33:17.582399+00:00,119.7,325,bid,AverageAlmonds,YieldingYams,5695832
2026-07-03T11:33:17.624150,2026-07-03T11:33:17.632505+00:00,119.8,175,ask,AverageAlmonds,WavyWalnuts,5695833
2026-07-03T11:33:18.179348,2026-07-03T11:33:18.187396+00:00,119.8,25,bid,AverageAlmonds,WavyWalnuts,5695836
2026-07-03T11:33:18.208963,2026-07-03T11:33:18.213474+00:00,119.9,11,ask,AverageAlmonds,Xuanyu Liu,5695838
2026-07-03T11:33:19.047439,2026-07-03T11:33:19.051023+00:00,120.0,14,bid,Xuanyu Liu,WavyWalnuts,5695862
2026-07-03T11:33:22.666727,2026-07-03T11:33:22.686399+00:00,120.0,200,ask,WavyWalnuts,YieldingYams,5695933
2026-07-03T11:33:23.679924,2026-07-03T11:33:23.689911+00:00,119.9,200,bid,WavyWalnuts,YieldingYams,5695943
2026-07-03T11:33:26.105985,2026-07-03T11:33:26.139255+00:00,119.9,200,ask,YieldingYams,WavyWalnuts,5695974
2026-07-03T11:33:27.317189,2026-07-03T11:33:27.327663+00:00,119.8,200,ask,YieldingYams,WavyWalnuts,5696002
2026-07-03T11:33:27.949249,2026-07-03T11:33:27.952807+00:00,119.9,3,bid,Xuanyu Liu,YieldingYams,5696020
2026-07-03T11:33:28.027937,2026-07-03T11:33:28.034561+00:00,119.9,12,bid,Alan Niu,YieldingYams,5696023
2026-07-03T11:33:30.534562,2026-07-03T11:33:30.543204+00:00,119.7,200,ask,WavyWalnuts,YieldingYams,5696061
2026-07-03T11:33:30.947592,2026-07-03T11:33:30.959388+00:00,119.6,200,bid,WavyWalnuts,YieldingYams,5696067
2026-07-03T11:33:32.162205,2026-07-03T11:33:32.190240+00:00,119.7,200,ask,YieldingYams,WavyWalnuts,5696103
2026-07-03T11:33:34.823622,2026-07-03T11:33:34.831453+00:00,119.8,100,bid,Alan Niu,YieldingYams,5696165
2026-07-03T11:33:35.007800,2026-07-03T11:33:35.018629+00:00,119.8,88,bid,Alan Niu,YieldingYams,5696173
2026-07-03T11:33:35.801662,2026-07-03T11:33:35.812903+00:00,119.8,200,bid,WavyWalnuts,YieldingYams,5696185
2026-07-03T11:33:37.017325,2026-07-03T11:33:37.026900+00:00,119.7,200,ask,AverageAlmonds,WavyWalnuts,5696199
2026-07-03T11:33:38.235630,2026-07-03T11:33:38.245582+00:00,119.7,200,ask,AverageAlmonds,WavyWalnuts,5696223
2026-07-03T11:33:38.404566,2026-07-03T11:33:38.422248+00:00,119.7,300,ask,AverageAlmonds,YieldingYams,5696228
2026-07-03T11:33:38.418907,2026-07-03T11:33:38.422248+00:00,119.6,23,bid,Xuanyu Liu,YieldingYams,5696230
2026-07-03T11:33:38.747530,2026-07-03T11:33:38.758564+00:00,119.6,302,bid,AverageAlmonds,YieldingYams,5696233
2026-07-03T11:33:39.445318,2026-07-03T11:33:39.446155+00:00,119.7,200,ask,AverageAlmonds,WavyWalnuts,5696244
2026-07-03T11:33:41.861333,2026-07-03T11:33:41.870803+00:00,119.8,200,ask,YieldingYams,WavyWalnuts,5696292
2026-07-03T11:33:43.645562,2026-07-03T11:33:43.650517+00:00,119.7,200,ask,WavyWalnuts,YieldingYams,5696314
2026-07-03T11:33:43.665903,2026-07-03T11:33:43.669513+00:00,119.7,11,bid,Xuanyu Liu,YieldingYams,5696316
2026-07-03T11:33:43.862514,2026-07-03T11:33:43.874044+00:00,119.7,20,bid,BrilliantBurritos,YieldingYams,5696321
2026-07-03T11:33:44.805928,2026-07-03T11:33:44.858555+00:00,119.7,394,bid,AverageAlmonds,YieldingYams,5696331
2026-07-03T11:33:47.521420,2026-07-03T11:33:47.525776+00:00,120.0,34,bid,Xuanyu Liu,WavyWalnuts,5696379
2026-07-03T11:33:47.586319,2026-07-03T11:33:47.597796+00:00,120.0,22,bid,Zihao Wu,WavyWalnuts,5696383
2026-07-03T11:33:47.946234,2026-07-03T11:33:47.949657+00:00,119.9,12,bid,Xuanyu Liu,WavyWalnuts,5696390
2026-07-03T11:33:50.592804,2026-07-03T11:33:50.596477+00:00,119.8,12,ask,YieldingYams,Xuanyu Liu,5696449
2026-07-03T11:33:52.650058,2026-07-03T11:33:52.651058+00:00,119.9,20,bid,BrilliantBurritos,YieldingYams,5696484
2026-07-03T11:33:53.921761,2026-07-03T11:33:53.925922+00:00,119.7,34,ask,WavyWalnuts,Xuanyu Liu,5696508
2026-07-03T11:33:54.164661,2026-07-03T11:33:54.168227+00:00,119.8,11,ask,YieldingYams,Xuanyu Liu,5696518
2026-07-03T11:33:56.401492,2026-07-03T11:33:56.411113+00:00,119.8,200,ask,YieldingYams,WavyWalnuts,5696556
2026-07-03T11:34:00.208244,2026-07-03T11:34:00.219814+00:00,120.1,20,ask,YieldingYams,BrilliantBurritos,5696624
2026-07-03T11:34:01.243840,2026-07-03T11:34:01.252862+00:00,120.1,200,ask,YieldingYams,WavyWalnuts,5696651
2026-07-03T11:34:02.451289,2026-07-03T11:34:02.474506+00:00,120.2,200,bid,WavyWalnuts,YieldingYams,5696663
2026-07-03T11:34:02.954291,2026-07-03T11:34:02.958559+00:00,120.0,20,ask,YieldingYams,BrilliantBurritos,5696670
2026-07-03T11:34:04.633371,2026-07-03T11:34:04.642462+00:00,120.2,200,ask,WavyWalnuts,YieldingYams,5696707
2026-07-03T11:34:05.940977,2026-07-03T11:34:05.958597+00:00,120.2,200,bid,YieldingYams,WavyWalnuts,5696739
2026-07-03T11:34:06.080023,2026-07-03T11:34:06.086241+00:00,120.2,200,ask,YieldingYams,WavyWalnuts,5696743
2026-07-03T11:34:08.527815,2026-07-03T11:34:08.531056+00:00,120.1,11,bid,Xuanyu Liu,WavyWalnuts,5696782
2026-07-03T11:34:11.191547,2026-07-03T11:34:11.202339+00:00,120.1,200,bid,YieldingYams,WavyWalnuts,5696839
2026-07-03T11:34:11.212660,2026-07-03T11:34:11.218838+00:00,120.1,22,ask,YieldingYams,Zihao Wu,5696840
2026-07-03T11:34:13.341451,2026-07-03T11:34:13.358648+00:00,120.3,200,bid,WavyWalnuts,YieldingYams,5696878
2026-07-03T11:34:15.755427,2026-07-03T11:34:15.769261+00:00,120.3,200,bid,WavyWalnuts,YieldingYams,5696915
2026-07-03T11:34:15.964712,2026-07-03T11:34:15.968707+00:00,120.3,12,bid,Xuanyu Liu,YieldingYams,5696922
2026-07-03T11:34:18.169712,2026-07-03T11:34:18.175793+00:00,120.4,200,bid,WavyWalnuts,YieldingYams,5696955
2026-07-03T11:34:18.654060,2026-07-03T11:34:18.658800+00:00,120.4,20,bid,BrilliantBurritos,YieldingYams,5696960
2026-07-03T11:34:21.411057,2026-07-03T11:34:21.417242+00:00,120.4,20,bid,BrilliantBurritos,AverageAlmonds,5697015
2026-07-03T11:34:21.801395,2026-07-03T11:34:21.807849+00:00,120.4,200,bid,WavyWalnuts,AverageAlmonds,5697027
2026-07-03T11:34:23.010080,2026-07-03T11:34:23.031795+00:00,120.5,200,bid,WavyWalnuts,YieldingYams,5697047
2026-07-03T11:34:25.650563,2026-07-03T11:34:25.658604+00:00,120.5,200,bid,YieldingYams,WavyWalnuts,5697096
2026-07-03T11:34:25.663507,2026-07-03T11:34:25.700681+00:00,120.5,20,ask,YieldingYams,BrilliantBurritos,5697097
2026-07-03T11:34:25.988634,2026-07-03T11:34:26.025728+00:00,120.5,405,ask,YieldingYams,AverageAlmonds,5697102
2026-07-03T11:34:26.965530,2026-07-03T11:34:26.989909+00:00,120.4,200,ask,WavyWalnuts,YieldingYams,5697115
2026-07-03T11:34:27.856212,2026-07-03T11:34:27.864186+00:00,120.4,200,bid,WavyWalnuts,YieldingYams,5697131
2026-07-03T11:34:28.274225,2026-07-03T11:34:28.303360+00:00,120.5,500,bid,YieldingYams,AverageAlmonds,5697137
2026-07-03T11:34:28.634617,2026-07-03T11:34:28.639088+00:00,120.6,11,bid,Xuanyu Liu,WavyWalnuts,5697150
2026-07-03T11:34:29.025320,2026-07-03T11:34:29.082749+00:00,120.5,125,ask,YieldingYams,AverageAlmonds,5697156
2026-07-03T11:34:29.079314,2026-07-03T11:34:29.082749+00:00,120.5,11,bid,Xuanyu Liu,AverageAlmonds,5697160
2026-07-03T11:34:29.602003,2026-07-03T11:34:29.605724+00:00,120.4,12,bid,Xuanyu Liu,YieldingYams,5697172
2026-07-03T11:34:32.700693,2026-07-03T11:34:32.712263+00:00,120.4,200,bid,WavyWalnuts,YieldingYams,5697229
2026-07-03T11:34:35.029271,2026-07-03T11:34:35.032917+00:00,120.3,12,ask,WavyWalnuts,Xuanyu Liu,5697269
2026-07-03T11:34:36.257381,2026-07-03T11:34:36.264089+00:00,120.3,20,ask,WavyWalnuts,BrilliantBurritos,5697293
2026-07-03T11:34:37.552657,2026-07-03T11:34:37.558046+00:00,120.5,200,bid,WavyWalnuts,YieldingYams,5697320
2026-07-03T11:34:38.079471,2026-07-03T11:34:38.084215+00:00,120.3,11,ask,YieldingYams,Xuanyu Liu,5697328
2026-07-03T11:34:38.770514,2026-07-03T11:34:38.818710+00:00,120.5,500,bid,YieldingYams,AverageAlmonds,5697339
2026-07-03T11:34:38.815019,2026-07-03T11:34:38.818710+00:00,120.5,23,ask,YieldingYams,Xuanyu Liu,5697341
2026-07-03T11:34:39.293326,2026-07-03T11:34:39.304026+00:00,120.5,102,ask,YieldingYams,AverageAlmonds,5697350
2026-07-03T11:34:39.293326,2026-07-03T11:34:39.304026+00:00,120.4,200,ask,WavyWalnuts,AverageAlmonds,5697351
2026-07-03T11:34:40.078628,2026-07-03T11:34:40.139643+00:00,120.4,200,ask,WavyWalnuts,YieldingYams,5697368
2026-07-03T11:34:41.201074,2026-07-03T11:34:41.204640+00:00,120.3,12,bid,Xuanyu Liu,WavyWalnuts,5697391
2026-07-03T11:34:41.386580,2026-07-03T11:34:41.397461+00:00,120.3,188,bid,YieldingYams,WavyWalnuts,5697396
2026-07-03T11:34:41.386580,2026-07-03T11:34:41.397461+00:00,120.4,437,bid,YieldingYams,AverageAlmonds,5697397
2026-07-03T11:34:43.597785,2026-07-03T11:34:43.633680+00:00,120.3,200,bid,WavyWalnuts,YieldingYams,5697439
2026-07-03T11:34:43.848753,2026-07-03T11:34:43.855112+00:00,120.0,20,ask,YieldingYams,BrilliantBurritos,5697442
2026-07-03T11:34:44.158775,2026-07-03T11:34:44.170237+00:00,120.1,20,ask,YieldingYams,BrilliantBurritos,5697450
2026-07-03T11:34:45.322385,2026-07-03T11:34:45.358672+00:00,120.1,200,ask,WavyWalnuts,YieldingYams,5697469
2026-07-03T11:34:46.640080,2026-07-03T11:34:46.648505+00:00,120.0,200,bid,YieldingYams,WavyWalnuts,5697489
2026-07-03T11:34:47.512749,2026-07-03T11:34:47.524055+00:00,120.1,20,bid,BrilliantBurritos,AverageAlmonds,5697500
2026-07-03T11:34:47.667316,2026-07-03T11:34:47.671139+00:00,120.0,12,ask,YieldingYams,Xuanyu Liu,5697503
2026-07-03T11:34:47.952932,2026-07-03T11:34:47.958703+00:00,120.0,200,ask,WavyWalnuts,YieldingYams,5697509
2026-07-03T11:34:50.565633,2026-07-03T11:34:50.569871+00:00,119.9,200,bid,YieldingYams,WavyWalnuts,5697543
2026-07-03T11:34:50.565633,2026-07-03T11:34:50.569871+00:00,119.9,425,bid,YieldingYams,AverageAlmonds,5697544
2026-07-03T11:34:50.861981,2026-07-03T11:34:50.870771+00:00,120.0,200,bid,WavyWalnuts,AverageAlmonds,5697549
2026-07-03T11:34:52.069239,2026-07-03T11:34:52.077591+00:00,119.8,200,bid,WavyWalnuts,YieldingYams,5697567
2026-07-03T11:34:52.409408,2026-07-03T11:34:52.421078+00:00,119.6,20,ask,YieldingYams,BrilliantBurritos,5697570
2026-07-03T11:34:53.276968,2026-07-03T11:34:53.300633+00:00,119.9,200,bid,WavyWalnuts,YieldingYams,5697585
2026-07-03T11:34:54.509194,2026-07-03T11:34:54.537350+00:00,120.0,200,ask,WavyWalnuts,YieldingYams,5697604
2026-07-03T11:34:55.707893,2026-07-03T11:34:55.718131+00:00,119.8,200,bid,WavyWalnuts,YieldingYams,5697626
2026-07-03T11:34:55.836874,2026-07-03T11:34:55.840292+00:00,119.8,11,ask,YieldingYams,Xuanyu Liu,5697637
2026-07-03T11:34:56.803214,2026-07-03T11:34:56.814848+00:00,120.0,20,bid,BrilliantBurritos,YieldingYams,5697655
2026-07-03T11:34:56.935645,2026-07-03T11:34:57.002467+00:00,120.0,200,bid,WavyWalnuts,YieldingYams,5697661
2026-07-03T11:34:58.434124,2026-07-03T11:34:58.494803+00:00,120.0,200,bid,YieldingYams,WavyWalnuts,5697693
2026-07-03T11:34:58.490310,2026-07-03T11:34:58.494803+00:00,120.0,23,ask,YieldingYams,Xuanyu Liu,5697696
2026-07-03T11:34:59.066942,2026-07-03T11:34:59.078447+00:00,120.2,20,bid,BrilliantBurritos,YieldingYams,5697704
2026-07-03T11:35:00.560105,2026-07-03T11:35:00.568842+00:00,120.2,200,bid,WavyWalnuts,YieldingYams,5697732
2026-07-03T11:35:02.989761,2026-07-03T11:35:03.032009+00:00,120.1,200,ask,YieldingYams,WavyWalnuts,5697773
2026-07-03T11:35:03.943080,2026-07-03T11:35:03.945900+00:00,120.1,20,ask,YieldingYams,BrilliantBurritos,5697801
2026-07-03T11:35:04.989922,2026-07-03T11:35:05.018845+00:00,120.2,200,bid,YieldingYams,WavyWalnuts,5697816
2026-07-03T11:35:04.989922,2026-07-03T11:35:05.018845+00:00,120.3,425,bid,YieldingYams,AverageAlmonds,5697817
2026-07-03T11:35:07.608452,2026-07-03T11:35:07.627487+00:00,120.2,200,bid,YieldingYams,WavyWalnuts,5697872
2026-07-03T11:35:07.756407,2026-07-03T11:35:07.769079+00:00,120.2,425,ask,YieldingYams,AverageAlmonds,5697877
2026-07-03T11:35:07.822403,2026-07-03T11:35:07.833247+00:00,120.2,75,bid,WavyWalnuts,AverageAlmonds,5697880
2026-07-03T11:35:08.354568,2026-07-03T11:35:08.365867+00:00,120.2,125,ask,WavyWalnuts,AverageAlmonds,5697883
2026-07-03T11:35:10.240614,2026-07-03T11:35:10.243418+00:00,120.0,200,bid,WavyWalnuts,YieldingYams,5697927
2026-07-03T11:35:11.530568,2026-07-03T11:35:11.540789+00:00,120.0,200,bid,YieldingYams,WavyWalnuts,5697953
2026-07-03T11:35:12.659882,2026-07-03T11:35:12.669832+00:00,120.0,200,ask,YieldingYams,WavyWalnuts,5697977
2026-07-03T11:35:13.866989,2026-07-03T11:35:13.889740+00:00,119.9,200,ask,YieldingYams,WavyWalnuts,5697993
2026-07-03T11:35:15.074699,2026-07-03T11:35:15.084306+00:00,119.9,200,bid,WavyWalnuts,YieldingYams,5698024
2026-07-03T11:35:16.033524,2026-07-03T11:35:16.037380+00:00,119.9,3,ask,YieldingYams,Xuanyu Liu,5698052
2026-07-03T11:35:16.861142,2026-07-03T11:35:16.884835+00:00,120.0,56,ask,YieldingYams,Alan Niu,5698065
2026-07-03T11:35:18.923321,2026-07-03T11:35:18.935177+00:00,120.0,40,ask,WavyWalnuts,Alan Niu,5698099
2026-07-03T11:35:19.347927,2026-07-03T11:35:19.358609+00:00,120.0,50,ask,WavyWalnuts,Alan Niu,5698119
2026-07-03T11:35:19.908970,2026-07-03T11:35:19.911797+00:00,120.1,200,bid,WavyWalnuts,YieldingYams,5698138
2026-07-03T11:35:24.886675,2026-07-03T11:35:24.910791+00:00,120.1,54,ask,WavyWalnuts,Alan Niu,5698209
2026-07-03T11:35:28.565215,2026-07-03T11:35:28.604225+00:00,120.1,200,bid,YieldingYams,WavyWalnuts,5698267
2026-07-03T11:35:29.580701,2026-07-03T11:35:29.592107+00:00,120.1,200,ask,YieldingYams,WavyWalnuts,5698285
2026-07-03T11:35:30.786939,2026-07-03T11:35:30.795525+00:00,120.1,200,bid,WavyWalnuts,YieldingYams,5698312
2026-07-03T11:35:32.499367,2026-07-03T11:35:32.530867+00:00,120.1,200,bid,YieldingYams,WavyWalnuts,5698340
2026-07-03T11:35:34.401935,2026-07-03T11:35:34.410175+00:00,120.1,200,ask,WavyWalnuts,AverageAlmonds,5698371
2026-07-03T11:35:34.573116,2026-07-03T11:35:34.576329+00:00,120.1,20,bid,BrilliantBurritos,AverageAlmonds,5698373
2026-07-03T11:35:36.427351,2026-07-03T11:35:36.433753+00:00,120.1,500,bid,YieldingYams,AverageAlmonds,5698397
2026-07-03T11:35:36.801656,2026-07-03T11:35:36.808376+00:00,120.1,125,ask,YieldingYams,AverageAlmonds,5698407
2026-07-03T11:35:37.409713,2026-07-03T11:35:37.416391+00:00,120.0,200,ask,WavyWalnuts,AverageAlmonds,5698417
2026-07-03T11:35:38.055885,2026-07-03T11:35:38.102903+00:00,119.9,200,bid,WavyWalnuts,AverageAlmonds,5698433
2026-07-03T11:35:38.268628,2026-07-03T11:35:38.279895+00:00,119.9,20,bid,BrilliantBurritos,AverageAlmonds,5698442
2026-07-03T11:35:39.266570,2026-07-03T11:35:39.311751+00:00,119.9,200,bid,WavyWalnuts,AverageAlmonds,5698466
2026-07-03T11:35:40.483683,2026-07-03T11:35:40.543790+00:00,119.9,200,bid,WavyWalnuts,AverageAlmonds,5698492
2026-07-03T11:35:41.693046,2026-07-03T11:35:41.734780+00:00,119.7,200,bid,WavyWalnuts,YieldingYams,5698513
2026-07-03T11:35:42.915995,2026-07-03T11:35:42.919564+00:00,119.6,3,bid,Xuanyu Liu,WavyWalnuts,5698530
2026-07-03T11:35:42.988946,2026-07-03T11:35:43.000127+00:00,119.6,197,bid,YieldingYams,WavyWalnuts,5698534
2026-07-03T11:35:43.135105,2026-07-03T11:35:43.141731+00:00,119.8,104,bid,Alan Niu,AverageAlmonds,5698537
2026-07-03T11:35:46.706695,2026-07-03T11:35:46.717866+00:00,119.4,20,ask,YieldingYams,BrilliantBurritos,5698581
2026-07-03T11:35:46.924246,2026-07-03T11:35:46.931928+00:00,119.6,200,bid,YieldingYams,WavyWalnuts,5698588
2026-07-03T11:35:46.937916,2026-07-03T11:35:46.941126+00:00,119.6,3,ask,YieldingYams,Xuanyu Liu,5698590
2026-07-03T11:35:47.108388,2026-07-03T11:35:47.132777+00:00,119.6,97,ask,YieldingYams,Alan Niu,5698592
2026-07-03T11:35:49.556006,2026-07-03T11:35:49.568388+00:00,119.6,200,ask,WavyWalnuts,YieldingYams,5698636
2026-07-03T11:35:49.564851,2026-07-03T11:35:49.568388+00:00,119.6,14,bid,Xuanyu Liu,YieldingYams,5698638
2026-07-03T11:35:49.709898,2026-07-03T11:35:49.711608+00:00,119.6,136,bid,Alan Niu,YieldingYams,5698644
2026-07-03T11:35:50.832837,2026-07-03T11:35:50.835169+00:00,119.6,57,bid,Alan Niu,YieldingYams,5698654
2026-07-03T11:35:50.910327,2026-07-03T11:35:50.914117+00:00,119.5,11,ask,WavyWalnuts,Xuanyu Liu,5698663
2026-07-03T11:35:51.960449,2026-07-03T11:35:51.967923+00:00,119.7,20,bid,BrilliantBurritos,YieldingYams,5698674
2026-07-03T11:35:52.188723,2026-07-03T11:35:52.192274+00:00,119.6,3,ask,YieldingYams,Xuanyu Liu,5698682
2026-07-03T11:35:52.494248,2026-07-03T11:35:52.513937+00:00,119.7,20,bid,BrilliantBurritos,WavyWalnuts,5698690
2026-07-03T11:35:53.480705,2026-07-03T11:35:53.489270+00:00,119.6,200,ask,WavyWalnuts,YieldingYams,5698702
2026-07-03T11:35:54.692335,2026-07-03T11:35:54.701808+00:00,119.4,20,ask,YieldingYams,BrilliantBurritos,5698727
2026-07-03T11:35:54.995730,2026-07-03T11:35:55.026696+00:00,119.5,200,ask,YieldingYams,WavyWalnuts,5698740
2026-07-03T11:36:01.549182,2026-07-03T11:36:01.558587+00:00,119.7,20,bid,BrilliantBurritos,YieldingYams,5698853
2026-07-03T11:36:02.603473,2026-07-03T11:36:02.615132+00:00,119.6,35,ask,WavyWalnuts,Alan Niu,5698866
2026-07-03T11:36:04.805204,2026-07-03T11:36:04.806887+00:00,119.5,20,ask,YieldingYams,BrilliantBurritos,5698901
2026-07-03T11:36:06.604864,2026-07-03T11:36:06.611895+00:00,119.6,200,bid,YieldingYams,WavyWalnuts,5698930
2026-07-03T11:36:09.906579,2026-07-03T11:36:09.910373+00:00,119.8,14,bid,Xuanyu Liu,YieldingYams,5698982
2026-07-03T11:36:09.937204,2026-07-03T11:36:09.946618+00:00,119.8,35,bid,Alan Niu,YieldingYams,5698983
2026-07-03T11:36:10.734366,2026-07-03T11:36:10.742824+00:00,119.7,200,ask,WavyWalnuts,AverageAlmonds,5699011
2026-07-03T11:36:10.765265,2026-07-03T11:36:10.781095+00:00,119.7,200,bid,WavyWalnuts,AverageAlmonds,5699014
2026-07-03T11:36:10.777063,2026-07-03T11:36:10.781095+00:00,119.7,1,bid,Xuanyu Liu,AverageAlmonds,5699016
2026-07-03T11:36:11.853794,2026-07-03T11:36:11.858481+00:00,119.8,500,bid,YieldingYams,AverageAlmonds,5699033
2026-07-03T11:36:11.930527,2026-07-03T11:36:11.956812+00:00,119.8,125,ask,YieldingYams,AverageAlmonds,5699035
2026-07-03T11:36:11.974841,2026-07-03T11:36:11.985086+00:00,119.8,200,bid,WavyWalnuts,AverageAlmonds,5699037
2026-07-03T11:36:13.207367,2026-07-03T11:36:13.278663+00:00,119.7,200,bid,WavyWalnuts,AverageAlmonds,5699057
2026-07-03T11:36:13.270792,2026-07-03T11:36:13.278663+00:00,119.6,150,ask,YieldingYams,Alan Niu,5699063
2026-07-03T11:36:13.275074,2026-07-03T11:36:13.278663+00:00,119.6,15,ask,YieldingYams,Xuanyu Liu,5699064
2026-07-03T11:36:15.749714,2026-07-03T11:36:15.758566+00:00,119.7,50,ask,WavyWalnuts,Alan Niu,5699121
2026-07-03T11:36:16.195556,2026-07-03T11:36:16.200062+00:00,119.8,3,bid,Xuanyu Liu,YieldingYams,5699128
2026-07-03T11:36:16.299341,2026-07-03T11:36:16.330584+00:00,119.8,47,bid,Alan Niu,YieldingYams,5699130
2026-07-03T11:36:17.134122,2026-07-03T11:36:17.148262+00:00,119.7,200,bid,YieldingYams,WavyWalnuts,5699153
2026-07-03T11:36:17.759334,2026-07-03T11:36:17.771044+00:00,119.7,47,ask,YieldingYams,Alan Niu,5699161
2026-07-03T11:36:19.872163,2026-07-03T11:36:19.900910+00:00,119.6,20,ask,WavyWalnuts,BrilliantBurritos,5699204
2026-07-03T11:36:20.468931,2026-07-03T11:36:20.479740+00:00,119.7,200,bid,WavyWalnuts,YieldingYams,5699209
2026-07-03T11:36:22.391615,2026-07-03T11:36:22.398554+00:00,119.8,500,bid,YieldingYams,AverageAlmonds,5699240
2026-07-03T11:36:23.447716,2026-07-03T11:36:23.458653+00:00,119.6,200,ask,WavyWalnuts,AverageAlmonds,5699252
2026-07-03T11:36:23.691308,2026-07-03T11:36:23.702273+00:00,119.6,20,bid,BrilliantBurritos,AverageAlmonds,5699264
2026-07-03T11:36:24.647460,2026-07-03T11:36:24.655502+00:00,119.5,200,ask,WavyWalnuts,AverageAlmonds,5699281
2026-07-03T11:36:25.719344,2026-07-03T11:36:25.725951+00:00,119.5,20,ask,WavyWalnuts,BrilliantBurritos,5699300
2026-07-03T11:36:25.853920,2026-07-03T11:36:25.860839+00:00,119.5,180,ask,WavyWalnuts,AverageAlmonds,5699303
2026-07-03T11:36:27.623001,2026-07-03T11:36:27.629563+00:00,119.4,200,ask,WavyWalnuts,YieldingYams,5699332
2026-07-03T11:36:27.713164,2026-07-03T11:36:27.737204+00:00,119.4,200,bid,WavyWalnuts,YieldingYams,5699335
2026-07-03T11:36:28.821108,2026-07-03T11:36:28.825351+00:00,119.2,3,ask,YieldingYams,Xuanyu Liu,5699355
2026-07-03T11:36:28.935373,2026-07-03T11:36:28.964507+00:00,119.4,200,bid,WavyWalnuts,YieldingYams,5699358
2026-07-03T11:36:28.943431,2026-07-03T11:36:28.964507+00:00,119.4,500,bid,YieldingYams,AverageAlmonds,5699359
2026-07-03T11:36:28.946557,2026-07-03T11:36:28.964507+00:00,119.6,125,ask,YieldingYams,WavyWalnuts,5699360
2026-07-03T11:36:29.526396,2026-07-03T11:36:29.564208+00:00,118.7,20,ask,AverageAlmonds,BrilliantBurritos,5699368
2026-07-03T11:36:30.152895,2026-07-03T11:36:30.153947+00:00,119.4,200,bid,WavyWalnuts,AverageAlmonds,5699374
2026-07-03T11:36:31.881725,2026-07-03T11:36:31.888482+00:00,119.2,20,ask,WavyWalnuts,BrilliantBurritos,5699392
2026-07-03T11:36:31.909746,2026-07-03T11:36:31.947718+00:00,119.2,180,ask,WavyWalnuts,AverageAlmonds,5699393
2026-07-03T11:36:31.909746,2026-07-03T11:36:31.947718+00:00,119.2,320,ask,YieldingYams,AverageAlmonds,5699394
2026-07-03T11:36:35.154657,2026-07-03T11:36:35.158823+00:00,119.2,3,ask,YieldingYams,Xuanyu Liu,5699448
2026-07-03T11:36:37.426982,2026-07-03T11:36:37.438232+00:00,119.3,200,bid,WavyWalnuts,YieldingYams,5699487
2026-07-03T11:36:39.843681,2026-07-03T11:36:39.846067+00:00,119.2,200,ask,YieldingYams,WavyWalnuts,5699535
2026-07-03T11:36:42.027854,2026-07-03T11:36:42.052021+00:00,119.2,200,bid,YieldingYams,WavyWalnuts,5699576
2026-07-03T11:36:43.466966,2026-07-03T11:36:43.474020+00:00,119.3,200,bid,WavyWalnuts,YieldingYams,5699613
2026-07-03T11:36:44.676081,2026-07-03T11:36:44.682727+00:00,119.1,200,bid,WavyWalnuts,YieldingYams,5699635
2026-07-03T11:36:45.549932,2026-07-03T11:36:45.579951+00:00,118.9,20,ask,YieldingYams,BrilliantBurritos,5699648
2026-07-03T11:36:45.977738,2026-07-03T11:36:45.999907+00:00,119.2,200,bid,YieldingYams,WavyWalnuts,5699656
2026-07-03T11:36:46.007037,2026-07-03T11:36:46.010614+00:00,119.2,11,ask,YieldingYams,Xuanyu Liu,5699658
2026-07-03T11:36:47.110766,2026-07-03T11:36:47.130745+00:00,119.2,200,ask,YieldingYams,WavyWalnuts,5699680
2026-07-03T11:36:47.267780,2026-07-03T11:36:47.284857+00:00,119.4,20,bid,BrilliantBurritos,YieldingYams,5699683
2026-07-03T11:36:48.603186,2026-07-03T11:36:48.617850+00:00,119.1,200,bid,YieldingYams,WavyWalnuts,5699706
2026-07-03T11:36:49.531051,2026-07-03T11:36:49.540985+00:00,119.1,200,ask,YieldingYams,WavyWalnuts,5699717
2026-07-03T11:36:51.061954,2026-07-03T11:36:51.073570+00:00,119.2,20,bid,BrilliantBurritos,YieldingYams,5699748
2026-07-03T11:36:53.164114,2026-07-03T11:36:53.175559+00:00,119.1,200,ask,YieldingYams,WavyWalnuts,5699784
2026-07-03T11:36:54.374975,2026-07-03T11:36:54.385610+00:00,119.1,200,ask,YieldingYams,WavyWalnuts,5699807
