timestamp,recv_time,price,volume,aggressor_side,buyer,seller,trade_id
2026-07-13T22:00:00.569954,2026-07-13T22:00:00.574135+00:00,81.3,25,ask,WavyWalnuts,Dinh Nguyen,1855009
2026-07-13T22:00:00.659688,2026-07-13T22:00:00.662769+00:00,81.4,45,bid,Andy Garg,YieldingYams,1855014
2026-07-13T22:00:00.757290,2026-07-13T22:00:00.748946+00:00,81.4,500,bid,YieldingYams,AverageAlmonds,1855017
2026-07-13T22:00:00.757290,2026-07-13T22:00:00.770310+00:00,81.4,125,bid,YieldingYams,WavyWalnuts,1855018
2026-07-13T22:00:01.078965,2026-07-13T22:00:01.085554+00:00,81.4,2,bid,Dinh Nguyen,WavyWalnuts,1855029
2026-07-13T22:00:02.074825,2026-07-13T22:00:02.079631+00:00,81.4,200,ask,WavyWalnuts,YieldingYams,1855044
2026-07-13T22:00:02.331002,2026-07-13T22:00:02.339396+00:00,81.2,2,bid,Dinh Nguyen,YieldingYams,1855053
2026-07-13T22:00:02.779636,2026-07-13T22:00:02.789819+00:00,81.2,200,bid,WavyWalnuts,YieldingYams,1855059
2026-07-13T22:00:03.447345,2026-07-13T22:00:03.439956+00:00,81.2,45,bid,Andy Garg,YieldingYams,1855084
2026-07-13T22:00:03.583915,2026-07-13T22:00:03.591564+00:00,81.2,2,bid,Dinh Nguyen,YieldingYams,1855085
2026-07-13T22:00:03.880663,2026-07-13T22:00:03.892589+00:00,81.1,2,ask,Kelvin Chan,Andy Garg,1855096
2026-07-13T22:00:03.880663,2026-07-13T22:00:03.892589+00:00,81.1,44,ask,Sze-Yong Ng,Andy Garg,1855097
2026-07-13T22:00:04.826908,2026-07-13T22:00:04.831453+00:00,81.3,2,bid,Dinh Nguyen,WavyWalnuts,1855120
2026-07-13T22:00:06.003862,2026-07-13T22:00:06.014529+00:00,81.1,17,ask,Sze-Yong Ng,Andy Garg,1855150
2026-07-13T22:00:06.003862,2026-07-13T22:00:06.014529+00:00,81.1,5,ask,Kelvin Chan,Andy Garg,1855151
2026-07-13T22:00:06.003862,2026-07-13T22:00:06.014529+00:00,81.1,22,ask,WavyWalnuts,Andy Garg,1855152
2026-07-13T22:00:06.009564,2026-07-13T22:00:06.014529+00:00,81.3,200,bid,YieldingYams,WavyWalnuts,1855153
2026-07-13T22:00:06.080893,2026-07-13T22:00:06.091136+00:00,81.5,2,bid,Dinh Nguyen,Kelvin Chan,1855154
2026-07-13T22:00:06.407326,2026-07-13T22:00:06.416686+00:00,81.4,200,ask,YieldingYams,WavyWalnuts,1855160
2026-07-13T22:00:07.340942,2026-07-13T22:00:07.349880+00:00,81.4,2,bid,Dinh Nguyen,YieldingYams,1855179
2026-07-13T22:00:07.917067,2026-07-13T22:00:07.923525+00:00,81.4,50,bid,Andy Garg,YieldingYams,1855205
2026-07-13T22:00:08.581997,2026-07-13T22:00:08.587755+00:00,81.4,2,bid,Dinh Nguyen,YieldingYams,1855214
2026-07-13T22:00:08.995946,2026-07-13T22:00:09.002294+00:00,81.3,16,ask,WavyWalnuts,Andy Garg,1855223
2026-07-13T22:00:09.002318,2026-07-13T22:00:09.013106+00:00,81.3,34,ask,WavyWalnuts,Andy Garg,1855224
2026-07-13T22:00:09.834939,2026-07-13T22:00:09.838592+00:00,81.4,2,bid,Dinh Nguyen,YieldingYams,1855244
2026-07-13T22:00:10.071480,2026-07-13T22:00:10.073938+00:00,81.5,3,bid,Andy Garg,Kelvin Chan,1855250
2026-07-13T22:00:10.071480,2026-07-13T22:00:10.085025+00:00,81.5,47,bid,Andy Garg,YieldingYams,1855251
2026-07-13T22:00:11.153172,2026-07-13T22:00:11.160788+00:00,81.4,3,bid,Andy Garg,Kelvin Chan,1855282
2026-07-13T22:00:12.256568,2026-07-13T22:00:12.266142+00:00,81.4,47,bid,Andy Garg,WavyWalnuts,1855307
2026-07-13T22:00:12.343923,2026-07-13T22:00:12.366974+00:00,81.4,2,bid,Dinh Nguyen,WavyWalnuts,1855310
2026-07-13T22:00:12.564794,2026-07-13T22:00:12.570642+00:00,81.2,200,ask,WavyWalnuts,YieldingYams,1855318
2026-07-13T22:00:12.922810,2026-07-13T22:00:12.929022+00:00,81.1,4,ask,Kelvin Chan,Andy Garg,1855328
2026-07-13T22:00:12.922810,2026-07-13T22:00:12.929022+00:00,81.1,44,ask,YieldingYams,Andy Garg,1855329
2026-07-13T22:00:13.602601,2026-07-13T22:00:13.611792+00:00,81.2,2,bid,Dinh Nguyen,YieldingYams,1855342
2026-07-13T22:00:13.667415,2026-07-13T22:00:13.677900+00:00,81.2,200,bid,WavyWalnuts,YieldingYams,1855347
2026-07-13T22:00:13.876673,2026-07-13T22:00:13.884089+00:00,81.3,50,bid,YieldingYams,Andy Garg,1855356
2026-07-13T22:00:14.039014,2026-07-13T22:00:14.045231+00:00,81.3,20,ask,YieldingYams,BrilliantBurritos,1855357
2026-07-13T22:00:14.449329,2026-07-13T22:00:14.456526+00:00,81.4,44,bid,Andy Garg,WavyWalnuts,1855378
2026-07-13T22:00:14.855926,2026-07-13T22:00:14.859423+00:00,81.4,2,bid,Dinh Nguyen,WavyWalnuts,1855389
2026-07-13T22:00:14.879602,2026-07-13T22:00:14.891495+00:00,81.3,200,ask,YieldingYams,WavyWalnuts,1855394
2026-07-13T22:00:15.116297,2026-07-13T22:00:15.126079+00:00,81.5,8,bid,BrilliantBurritos,Kelvin Chan,1855405
2026-07-13T22:00:15.116297,2026-07-13T22:00:15.126079+00:00,81.5,12,bid,BrilliantBurritos,YieldingYams,1855406
2026-07-13T22:00:16.102883,2026-07-13T22:00:16.107553+00:00,81.2,1,bid,Dinh Nguyen,YieldingYams,1855425
2026-07-13T22:00:16.410485,2026-07-13T22:00:16.417857+00:00,81.2,46,bid,Andy Garg,YieldingYams,1855436
2026-07-13T22:00:16.508633,2026-07-13T22:00:16.514353+00:00,81.1,1,ask,Kelvin Chan,YieldingYams,1855441
2026-07-13T22:00:16.508633,2026-07-13T22:00:16.514353+00:00,81.1,500,ask,AverageAlmonds,YieldingYams,1855442
2026-07-13T22:00:16.508633,2026-07-13T22:00:16.514353+00:00,81.1,124,ask,WavyWalnuts,YieldingYams,1855443
2026-07-13T22:00:17.315088,2026-07-13T22:00:17.326867+00:00,81.1,4,ask,Kelvin Chan,WavyWalnuts,1855453
2026-07-13T22:00:17.315088,2026-07-13T22:00:17.326867+00:00,81.1,196,ask,AverageAlmonds,WavyWalnuts,1855454
2026-07-13T22:00:18.523030,2026-07-13T22:00:18.533903+00:00,81.3,200,ask,YieldingYams,WavyWalnuts,1855491
2026-07-13T22:00:20.597941,2026-07-13T22:00:20.606192+00:00,81.2,25,bid,Dinh Nguyen,WavyWalnuts,1855536
2026-07-13T22:00:20.662099,2026-07-13T22:00:20.670934+00:00,81.2,8,bid,Andy Garg,WavyWalnuts,1855540
2026-07-13T22:00:20.950423,2026-07-13T22:00:20.965742+00:00,81.1,1,ask,Kelvin Chan,WavyWalnuts,1855544
2026-07-13T22:00:20.950423,2026-07-13T22:00:20.965742+00:00,81.1,39,ask,Sze-Yong Ng,WavyWalnuts,1855545
2026-07-13T22:00:20.950423,2026-07-13T22:00:20.965742+00:00,81.1,45,ask,Andy Garg,WavyWalnuts,1855546
2026-07-13T22:00:21.742575,2026-07-13T22:00:21.753284+00:00,81.1,115,bid,YieldingYams,WavyWalnuts,1855565
2026-07-13T22:00:22.160545,2026-07-13T22:00:22.163750+00:00,81.1,200,ask,YieldingYams,WavyWalnuts,1855582
2026-07-13T22:00:22.941561,2026-07-13T22:00:22.948091+00:00,81.3,20,bid,BrilliantBurritos,YieldingYams,1855597
2026-07-13T22:00:23.206632,2026-07-13T22:00:23.209334+00:00,81.2,41,ask,YieldingYams,Andy Garg,1855603
2026-07-13T22:00:23.366575,2026-07-13T22:00:23.376685+00:00,81.2,200,ask,YieldingYams,WavyWalnuts,1855609
2026-07-13T22:00:25.684235,2026-07-13T22:00:25.700281+00:00,81.3,50,bid,YieldingYams,Andy Garg,1855661
2026-07-13T22:00:25.684235,2026-07-13T22:00:25.700281+00:00,81.3,200,bid,YieldingYams,WavyWalnuts,1855662
2026-07-13T22:00:25.781173,2026-07-13T22:00:25.786978+00:00,81.3,200,ask,YieldingYams,WavyWalnuts,1855666
2026-07-13T22:00:26.987987,2026-07-13T22:00:26.996561+00:00,81.3,175,ask,YieldingYams,WavyWalnuts,1855687
2026-07-13T22:00:26.987987,2026-07-13T22:00:26.996561+00:00,81.3,17,ask,Sze-Yong Ng,WavyWalnuts,1855688
2026-07-13T22:00:27.003753,2026-07-13T22:00:27.007624+00:00,81.3,8,bid,Andy Garg,WavyWalnuts,1855689
2026-07-13T22:00:27.231411,2026-07-13T22:00:27.237410+00:00,81.3,4,bid,Andy Garg,YieldingYams,1855697
2026-07-13T22:00:28.272870,2026-07-13T22:00:28.282881+00:00,81.2,34,bid,Andy Garg,WavyWalnuts,1855719
2026-07-13T22:00:29.614179,2026-07-13T22:00:29.621638+00:00,81.2,200,bid,YieldingYams,WavyWalnuts,1855744
2026-07-13T22:00:30.933209,2026-07-13T22:00:30.937431+00:00,81.3,200,ask,WavyWalnuts,YieldingYams,1855774
2026-07-13T22:00:30.933209,2026-07-13T22:00:30.937431+00:00,81.1,425,ask,AverageAlmonds,YieldingYams,1855775
2026-07-13T22:00:31.258773,2026-07-13T22:00:31.264714+00:00,81.4,5,bid,Andy Garg,Sze-Yong Ng,1855783
2026-07-13T22:00:32.946934,2026-07-13T22:00:32.956646+00:00,81.4,25,bid,Dinh Nguyen,WavyWalnuts,1855817
2026-07-13T22:00:34.267712,2026-07-13T22:00:34.279709+00:00,81.3,10,ask,Sze-Yong Ng,WavyWalnuts,1855844
2026-07-13T22:00:34.267712,2026-07-13T22:00:34.279709+00:00,81.3,40,ask,Andy Garg,WavyWalnuts,1855845
2026-07-13T22:00:34.267712,2026-07-13T22:00:34.279709+00:00,81.3,150,ask,YieldingYams,WavyWalnuts,1855846
2026-07-13T22:00:34.711012,2026-07-13T22:00:34.723195+00:00,81.5,2,bid,Dinh Nguyen,Kelvin Chan,1855850
2026-07-13T22:00:35.479889,2026-07-13T22:00:35.485980+00:00,81.3,200,ask,YieldingYams,WavyWalnuts,1855873
2026-07-13T22:00:35.484457,2026-07-13T22:00:35.497014+00:00,81.5,5,bid,Andy Garg,Kelvin Chan,1855874
2026-07-13T22:00:35.960275,2026-07-13T22:00:35.963047+00:00,81.5,2,bid,Dinh Nguyen,Kelvin Chan,1855895
2026-07-13T22:00:37.485601,2026-07-13T22:00:37.494783+00:00,81.3,25,bid,Dinh Nguyen,WavyWalnuts,1855914
2026-07-13T22:00:37.743278,2026-07-13T22:00:37.751904+00:00,81.3,2,bid,Dinh Nguyen,WavyWalnuts,1855917
2026-07-13T22:00:38.783237,2026-07-13T22:00:38.792534+00:00,81.3,200,ask,WavyWalnuts,YieldingYams,1855942
2026-07-13T22:00:38.982815,2026-07-13T22:00:38.998072+00:00,81.3,2,bid,Dinh Nguyen,YieldingYams,1855946
2026-07-13T22:00:40.250809,2026-07-13T22:00:40.259151+00:00,81.3,2,bid,Dinh Nguyen,YieldingYams,1855974
2026-07-13T22:00:40.325176,2026-07-13T22:00:40.336405+00:00,81.3,200,bid,WavyWalnuts,YieldingYams,1855977
2026-07-13T22:00:41.400883,2026-07-13T22:00:41.404990+00:00,81.2,500,ask,AverageAlmonds,YieldingYams,1855988
2026-07-13T22:00:41.461270,2026-07-13T22:00:41.469406+00:00,81.2,125,bid,AverageAlmonds,YieldingYams,1855989
2026-07-13T22:00:41.494951,2026-07-13T22:00:41.502440+00:00,81.4,2,bid,Dinh Nguyen,Andy Garg,1855990
2026-07-13T22:00:41.537413,2026-07-13T22:00:41.546343+00:00,81.2,200,ask,AverageAlmonds,WavyWalnuts,1855994
2026-07-13T22:00:42.031215,2026-07-13T22:00:42.039366+00:00,81.2,20,ask,AverageAlmonds,BrilliantBurritos,1856001
2026-07-13T22:00:42.731834,2026-07-13T22:00:42.737583+00:00,81.3,2,bid,Dinh Nguyen,YieldingYams,1856024
2026-07-13T22:00:42.745222,2026-07-13T22:00:42.748701+00:00,81.2,200,ask,AverageAlmonds,WavyWalnuts,1856026
2026-07-13T22:00:43.835767,2026-07-13T22:00:43.843234+00:00,81.3,2,bid,Andy Garg,YieldingYams,1856046
2026-07-13T22:00:43.962326,2026-07-13T22:00:43.975155+00:00,81.2,200,ask,AverageAlmonds,WavyWalnuts,1856054
2026-07-13T22:00:44.015748,2026-07-13T22:00:44.018988+00:00,81.2,300,ask,AverageAlmonds,YieldingYams,1856056
2026-07-13T22:00:44.221085,2026-07-13T22:00:44.225487+00:00,81.2,25,bid,Dinh Nguyen,YieldingYams,1856057
2026-07-13T22:00:44.501726,2026-07-13T22:00:44.510527+00:00,81.2,2,bid,Dinh Nguyen,YieldingYams,1856060
2026-07-13T22:00:44.909927,2026-07-13T22:00:44.918501+00:00,81.2,20,bid,BrilliantBurritos,YieldingYams,1856064
2026-07-13T22:00:45.334229,2026-07-13T22:00:45.345686+00:00,81.3,200,bid,YieldingYams,WavyWalnuts,1856078
2026-07-13T22:00:45.740008,2026-07-13T22:00:45.745611+00:00,81.5,2,bid,Dinh Nguyen,Kelvin Chan,1856084
2026-07-13T22:00:46.973944,2026-07-13T22:00:46.978548+00:00,81.3,2,bid,Dinh Nguyen,YieldingYams,1856103
2026-07-13T22:00:47.598555,2026-07-13T22:00:47.600544+00:00,81.2,200,ask,YieldingYams,WavyWalnuts,1856111
2026-07-13T22:00:47.954795,2026-07-13T22:00:47.967250+00:00,81.2,500,ask,AverageAlmonds,YieldingYams,1856117
2026-07-13T22:00:47.954795,2026-07-13T22:00:47.967250+00:00,81.1,2,ask,Kelvin Chan,YieldingYams,1856118
2026-07-13T22:00:48.121361,2026-07-13T22:00:48.133127+00:00,81.1,123,bid,AverageAlmonds,YieldingYams,1856123
2026-07-13T22:00:49.448010,2026-07-13T22:00:49.460217+00:00,81.3,2,bid,Dinh Nguyen,WavyWalnuts,1856145
2026-07-13T22:00:50.595959,2026-07-13T22:00:50.604457+00:00,81.2,27,ask,Sze-Yong Ng,YieldingYams,1856172
2026-07-13T22:00:50.595959,2026-07-13T22:00:50.604457+00:00,81.2,500,ask,AverageAlmonds,YieldingYams,1856173
2026-07-13T22:00:50.595959,2026-07-13T22:00:50.604457+00:00,81.1,98,ask,WavyWalnuts,YieldingYams,1856174
2026-07-13T22:00:50.681958,2026-07-13T22:00:50.691490+00:00,81.3,2,bid,Dinh Nguyen,WavyWalnuts,1856180
2026-07-13T22:00:51.238517,2026-07-13T22:00:51.245867+00:00,81.2,200,ask,AverageAlmonds,WavyWalnuts,1856187
2026-07-13T22:00:51.909018,2026-07-13T22:00:51.918073+00:00,81.3,500,ask,AverageAlmonds,YieldingYams,1856200
2026-07-13T22:00:51.914994,2026-07-13T22:00:51.918073+00:00,81.3,1,bid,Dinh Nguyen,YieldingYams,1856201
2026-07-13T22:00:52.339902,2026-07-13T22:00:52.343030+00:00,81.3,124,bid,AverageAlmonds,YieldingYams,1856218
2026-07-13T22:00:52.339902,2026-07-13T22:00:52.343030+00:00,81.4,50,bid,AverageAlmonds,Andy Garg,1856219
2026-07-13T22:00:52.451418,2026-07-13T22:00:52.453106+00:00,81.4,200,ask,AverageAlmonds,WavyWalnuts,1856223
2026-07-13T22:00:53.220903,2026-07-13T22:00:53.224747+00:00,81.5,1,bid,YieldingYams,Kelvin Chan,1856243
2026-07-13T22:00:53.220903,2026-07-13T22:00:53.224747+00:00,81.5,50,bid,YieldingYams,Andy Garg,1856244
2026-07-13T22:00:53.220903,2026-07-13T22:00:53.240520+00:00,81.5,14,bid,YieldingYams,Sze-Yong Ng,1856245
2026-07-13T22:00:53.662066,2026-07-13T22:00:53.670074+00:00,81.7,200,ask,YieldingYams,WavyWalnuts,1856256
2026-07-13T22:00:54.402237,2026-07-13T22:00:54.414360+00:00,81.8,1,bid,Andy Garg,Kelvin Chan,1856272
2026-07-13T22:00:54.618711,2026-07-13T22:00:54.629327+00:00,81.6,36,ask,YieldingYams,Andy Garg,1856280
2026-07-13T22:00:54.872415,2026-07-13T22:00:54.877296+00:00,81.6,200,ask,YieldingYams,WavyWalnuts,1856294
2026-07-13T22:00:57.151946,2026-07-13T22:00:57.164802+00:00,81.7,1,bid,YieldingYams,Kelvin Chan,1856332
2026-07-13T22:00:57.151946,2026-07-13T22:00:57.164802+00:00,81.7,200,bid,YieldingYams,WavyWalnuts,1856333
2026-07-13T22:00:57.294172,2026-07-13T22:00:57.296582+00:00,81.7,200,ask,YieldingYams,WavyWalnuts,1856337
2026-07-13T22:00:57.355140,2026-07-13T22:00:57.362934+00:00,81.9,11,bid,Andy Garg,YieldingYams,1856338
2026-07-13T22:00:58.465501,2026-07-13T22:00:58.475544+00:00,81.6,50,ask,Andy Garg,YieldingYams,1856352
2026-07-13T22:00:58.503662,2026-07-13T22:00:58.507567+00:00,81.6,200,bid,WavyWalnuts,YieldingYams,1856354
2026-07-13T22:00:59.781521,2026-07-13T22:00:59.796054+00:00,81.6,1,bid,YieldingYams,Kelvin Chan,1856372
2026-07-13T22:00:59.781521,2026-07-13T22:00:59.796054+00:00,81.6,200,bid,YieldingYams,WavyWalnuts,1856373
2026-07-13T22:00:59.918112,2026-07-13T22:00:59.921069+00:00,81.8,1,bid,Andy Garg,Kelvin Chan,1856378
2026-07-13T22:01:00.788831,2026-07-13T22:01:00.794833+00:00,81.7,50,ask,YieldingYams,Andy Garg,1856409
2026-07-13T22:01:01.099445,2026-07-13T22:01:01.107944+00:00,81.7,200,ask,WavyWalnuts,YieldingYams,1856415
2026-07-13T22:01:01.611320,2026-07-13T22:01:01.622796+00:00,81.7,20,bid,BrilliantBurritos,YieldingYams,1856428
2026-07-13T22:01:03.345050,2026-07-13T22:01:03.356785+00:00,81.7,200,ask,YieldingYams,WavyWalnuts,1856453
2026-07-13T22:01:04.289344,2026-07-13T22:01:04.291289+00:00,81.8,20,bid,BrilliantBurritos,YieldingYams,1856470
2026-07-13T22:01:05.767270,2026-07-13T22:01:05.770704+00:00,81.7,200,bid,WavyWalnuts,YieldingYams,1856502
2026-07-13T22:01:06.976324,2026-07-13T22:01:06.981858+00:00,81.7,1,bid,WavyWalnuts,Kelvin Chan,1856527
2026-07-13T22:01:06.976324,2026-07-13T22:01:06.981858+00:00,81.8,199,bid,WavyWalnuts,YieldingYams,1856528
2026-07-13T22:01:08.957580,2026-07-13T22:01:08.960001+00:00,81.6,200,ask,WavyWalnuts,YieldingYams,1856558
2026-07-13T22:01:09.194147,2026-07-13T22:01:09.206342+00:00,81.6,49,bid,Andy Garg,YieldingYams,1856567
2026-07-13T22:01:09.391605,2026-07-13T22:01:09.399728+00:00,81.6,200,bid,WavyWalnuts,YieldingYams,1856568
2026-07-13T22:01:09.421034,2026-07-13T22:01:09.431934+00:00,81.6,8,bid,Andy Garg,YieldingYams,1856569
2026-07-13T22:01:10.268337,2026-07-13T22:01:10.280787+00:00,81.8,1,bid,YieldingYams,Kelvin Chan,1856586
2026-07-13T22:01:10.268337,2026-07-13T22:01:10.280787+00:00,81.8,50,bid,YieldingYams,Andy Garg,1856587
2026-07-13T22:01:10.268337,2026-07-13T22:01:10.280787+00:00,81.8,500,bid,YieldingYams,AverageAlmonds,1856588
2026-07-13T22:01:10.274261,2026-07-13T22:01:10.280787+00:00,81.8,44,ask,YieldingYams,Andy Garg,1856589
2026-07-13T22:01:10.518632,2026-07-13T22:01:10.537288+00:00,81.8,30,ask,YieldingYams,AverageAlmonds,1856603
2026-07-13T22:01:10.542077,2026-07-13T22:01:10.548434+00:00,81.8,16,bid,Andy Garg,AverageAlmonds,1856605
2026-07-13T22:01:11.402006,2026-07-13T22:01:11.406235+00:00,81.6,6,ask,WavyWalnuts,Andy Garg,1856625
2026-07-13T22:01:13.538707,2026-07-13T22:01:13.550146+00:00,81.8,1,bid,Andy Garg,Sze-Yong Ng,1856665
2026-07-13T22:01:13.963749,2026-07-13T22:01:13.968840+00:00,81.6,20,ask,Andy Garg,BrilliantBurritos,1856673
2026-07-13T22:01:14.206569,2026-07-13T22:01:14.223646+00:00,81.6,30,ask,Andy Garg,YieldingYams,1856683
2026-07-13T22:01:14.206569,2026-07-13T22:01:14.223646+00:00,81.6,200,ask,WavyWalnuts,YieldingYams,1856684
2026-07-13T22:01:14.234582,2026-07-13T22:01:14.245667+00:00,81.5,200,bid,WavyWalnuts,YieldingYams,1856687
2026-07-13T22:01:14.458308,2026-07-13T22:01:14.460786+00:00,81.5,50,bid,Andy Garg,YieldingYams,1856694
2026-07-13T22:01:15.515489,2026-07-13T22:01:15.524525+00:00,81.5,112,bid,YieldingYams,Sze-Yong Ng,1856720
2026-07-13T22:01:15.515489,2026-07-13T22:01:15.524525+00:00,81.6,200,bid,YieldingYams,WavyWalnuts,1856721
2026-07-13T22:01:16.657301,2026-07-13T22:01:16.662292+00:00,81.6,200,ask,YieldingYams,WavyWalnuts,1856748
2026-07-13T22:01:16.828084,2026-07-13T22:01:16.834461+00:00,81.6,47,ask,Sze-Yong Ng,YieldingYams,1856754
2026-07-13T22:01:17.863639,2026-07-13T22:01:17.874456+00:00,81.6,200,bid,WavyWalnuts,YieldingYams,1856775
2026-07-13T22:01:18.135172,2026-07-13T22:01:18.148326+00:00,81.7,500,bid,YieldingYams,AverageAlmonds,1856781
2026-07-13T22:01:19.030854,2026-07-13T22:01:19.041790+00:00,81.7,125,ask,YieldingYams,AverageAlmonds,1856801
2026-07-13T22:01:19.443784,2026-07-13T22:01:19.451106+00:00,81.6,200,ask,WavyWalnuts,YieldingYams,1856810
2026-07-13T22:01:19.572618,2026-07-13T22:01:19.579654+00:00,81.6,20,bid,BrilliantBurritos,YieldingYams,1856811
2026-07-13T22:01:20.798767,2026-07-13T22:01:20.806449+00:00,81.7,5,bid,Andy Garg,AverageAlmonds,1856835
2026-07-13T22:01:21.504917,2026-07-13T22:01:21.513559+00:00,81.5,200,ask,YieldingYams,WavyWalnuts,1856863
2026-07-13T22:01:21.889990,2026-07-13T22:01:21.899114+00:00,81.5,50,ask,YieldingYams,Andy Garg,1856866
2026-07-13T22:01:22.070840,2026-07-13T22:01:22.073955+00:00,81.4,5,ask,Kelvin Chan,YieldingYams,1856869
2026-07-13T22:01:23.969238,2026-07-13T22:01:23.974881+00:00,81.3,3,ask,Kelvin Chan,Andy Garg,1856901
2026-07-13T22:01:23.969238,2026-07-13T22:01:23.974881+00:00,81.3,47,ask,YieldingYams,Andy Garg,1856902
2026-07-13T22:01:24.688953,2026-07-13T22:01:24.700218+00:00,81.4,200,bid,YieldingYams,WavyWalnuts,1856916
2026-07-13T22:01:25.136553,2026-07-13T22:01:25.141784+00:00,81.4,200,ask,YieldingYams,WavyWalnuts,1856931
2026-07-13T22:01:26.281137,2026-07-13T22:01:26.287723+00:00,81.4,500,bid,AverageAlmonds,YieldingYams,1856941
2026-07-13T22:01:26.348330,2026-07-13T22:01:26.358209+00:00,81.3,2,ask,Kelvin Chan,WavyWalnuts,1856944
2026-07-13T22:01:26.348330,2026-07-13T22:01:26.358209+00:00,81.3,50,ask,Andy Garg,WavyWalnuts,1856945
2026-07-13T22:01:26.876249,2026-07-13T22:01:26.882919+00:00,81.3,148,bid,AverageAlmonds,WavyWalnuts,1856956
2026-07-13T22:01:26.876249,2026-07-13T22:01:26.882919+00:00,81.4,125,bid,AverageAlmonds,YieldingYams,1856957
2026-07-13T22:01:27.304950,2026-07-13T22:01:27.314391+00:00,81.7,50,bid,YieldingYams,Andy Garg,1856965
2026-07-13T22:01:27.392795,2026-07-13T22:01:27.400021+00:00,81.7,50,ask,YieldingYams,Andy Garg,1856970
2026-07-13T22:01:27.568605,2026-07-13T22:01:27.572790+00:00,81.7,200,ask,YieldingYams,WavyWalnuts,1856986
2026-07-13T22:01:28.028584,2026-07-13T22:01:28.034334+00:00,81.7,3,ask,YieldingYams,Andy Garg,1857004
2026-07-13T22:01:28.244529,2026-07-13T22:01:28.248051+00:00,81.7,2,ask,YieldingYams,Andy Garg,1857013
2026-07-13T22:01:28.774893,2026-07-13T22:01:28.782295+00:00,81.6,200,ask,YieldingYams,WavyWalnuts,1857025
2026-07-13T22:01:29.456050,2026-07-13T22:01:29.466118+00:00,81.6,25,ask,YieldingYams,Dinh Nguyen,1857041
2026-07-13T22:01:29.984726,2026-07-13T22:01:29.989374+00:00,81.6,200,ask,YieldingYams,WavyWalnuts,1857060
2026-07-13T22:01:31.259010,2026-07-13T22:01:31.268952+00:00,81.7,200,ask,WavyWalnuts,YieldingYams,1857078
2026-07-13T22:01:32.460015,2026-07-13T22:01:32.463775+00:00,81.6,25,ask,AverageAlmonds,Dinh Nguyen,1857111
2026-07-13T22:01:32.481868,2026-07-13T22:01:32.485268+00:00,81.7,50,bid,Andy Garg,YieldingYams,1857112
2026-07-13T22:01:32.567408,2026-07-13T22:01:32.571116+00:00,81.6,475,ask,AverageAlmonds,YieldingYams,1857116
2026-07-13T22:01:32.567408,2026-07-13T22:01:32.571116+00:00,81.6,150,ask,WavyWalnuts,YieldingYams,1857117
2026-07-13T22:01:32.967994,2026-07-13T22:01:32.971429+00:00,81.7,2,bid,Dinh Nguyen,Sze-Yong Ng,1857124
2026-07-13T22:01:33.874226,2026-07-13T22:01:33.886667+00:00,81.7,6,bid,YieldingYams,Sze-Yong Ng,1857139
2026-07-13T22:01:33.874226,2026-07-13T22:01:33.886667+00:00,81.8,1,bid,YieldingYams,Kelvin Chan,1857140
2026-07-13T22:01:33.874226,2026-07-13T22:01:33.886667+00:00,81.8,200,bid,YieldingYams,WavyWalnuts,1857141
2026-07-13T22:01:35.194764,2026-07-13T22:01:35.206227+00:00,81.8,200,ask,WavyWalnuts,YieldingYams,1857174
2026-07-13T22:01:35.449045,2026-07-13T22:01:35.456757+00:00,81.8,2,bid,Dinh Nguyen,YieldingYams,1857183
2026-07-13T22:01:39.151052,2026-07-13T22:01:39.163826+00:00,81.7,2,bid,Dinh Nguyen,YieldingYams,1857253
2026-07-13T22:01:39.159062,2026-07-13T22:01:39.174571+00:00,81.6,200,ask,WavyWalnuts,YieldingYams,1857254
2026-07-13T22:01:39.664948,2026-07-13T22:01:39.675625+00:00,81.6,200,bid,WavyWalnuts,YieldingYams,1857259
2026-07-13T22:01:39.763113,2026-07-13T22:01:39.773429+00:00,81.6,20,bid,BrilliantBurritos,YieldingYams,1857261
2026-07-13T22:01:40.400187,2026-07-13T22:01:40.411685+00:00,81.6,2,bid,Dinh Nguyen,YieldingYams,1857277
2026-07-13T22:01:40.467892,2026-07-13T22:01:40.480593+00:00,81.8,2,bid,YieldingYams,Kelvin Chan,1857278
2026-07-13T22:01:40.467892,2026-07-13T22:01:40.480593+00:00,81.8,200,bid,YieldingYams,WavyWalnuts,1857279
2026-07-13T22:01:40.876460,2026-07-13T22:01:40.887180+00:00,81.8,200,ask,YieldingYams,WavyWalnuts,1857289
2026-07-13T22:01:42.875074,2026-07-13T22:01:42.884589+00:00,81.9,2,bid,Dinh Nguyen,Kelvin Chan,1857320
2026-07-13T22:01:43.055450,2026-07-13T22:01:43.065686+00:00,81.9,2,bid,Andy Garg,Kelvin Chan,1857327
2026-07-13T22:01:43.055450,2026-07-13T22:01:43.065686+00:00,81.9,48,bid,Andy Garg,YieldingYams,1857328
2026-07-13T22:01:43.320103,2026-07-13T22:01:43.322615+00:00,81.8,200,ask,YieldingYams,WavyWalnuts,1857335
2026-07-13T22:01:44.111044,2026-07-13T22:01:44.121448+00:00,81.9,2,bid,Dinh Nguyen,YieldingYams,1857345
2026-07-13T22:01:45.136698,2026-07-13T22:01:45.148026+00:00,81.9,10,bid,Andy Garg,Kelvin Chan,1857356
2026-07-13T22:01:45.136698,2026-07-13T22:01:45.148026+00:00,81.9,39,bid,Andy Garg,YieldingYams,1857357
2026-07-13T22:01:45.355683,2026-07-13T22:01:45.358861+00:00,81.9,2,bid,Dinh Nguyen,YieldingYams,1857362
2026-07-13T22:01:45.706948,2026-07-13T22:01:45.717958+00:00,81.8,200,ask,WavyWalnuts,YieldingYams,1857366
2026-07-13T22:01:46.592047,2026-07-13T22:01:46.597675+00:00,81.8,2,bid,Dinh Nguyen,YieldingYams,1857386
2026-07-13T22:01:47.263082,2026-07-13T22:01:47.274460+00:00,81.8,5,bid,Andy Garg,WavyWalnuts,1857398
2026-07-13T22:01:47.835045,2026-07-13T22:01:47.840332+00:00,81.8,2,bid,Dinh Nguyen,WavyWalnuts,1857409
2026-07-13T22:01:49.087425,2026-07-13T22:01:49.089980+00:00,81.8,2,bid,Dinh Nguyen,WavyWalnuts,1857429
2026-07-13T22:01:50.008405,2026-07-13T22:01:50.012642+00:00,81.6,2,ask,Kelvin Chan,Andy Garg,1857437
2026-07-13T22:01:50.008405,2026-07-13T22:01:50.012642+00:00,81.6,39,ask,WavyWalnuts,Andy Garg,1857438
2026-07-13T22:01:50.340083,2026-07-13T22:01:50.346857+00:00,81.7,2,bid,Dinh Nguyen,YieldingYams,1857447
2026-07-13T22:01:50.947592,2026-07-13T22:01:50.949815+00:00,81.6,6,ask,Kelvin Chan,YieldingYams,1857456
2026-07-13T22:01:50.947592,2026-07-13T22:01:50.967313+00:00,81.6,200,ask,WavyWalnuts,YieldingYams,1857457
2026-07-13T22:01:51.795515,2026-07-13T22:01:51.800039+00:00,81.6,200,bid,WavyWalnuts,YieldingYams,1857472
2026-07-13T22:01:51.848085,2026-07-13T22:01:51.852889+00:00,81.6,25,bid,Dinh Nguyen,YieldingYams,1857475
2026-07-13T22:01:51.881639,2026-07-13T22:01:51.884550+00:00,81.6,1,bid,Andy Garg,YieldingYams,1857476
2026-07-13T22:01:52.086578,2026-07-13T22:01:52.094757+00:00,81.5,20,ask,Andy Garg,BrilliantBurritos,1857479
2026-07-13T22:01:52.099025,2026-07-13T22:01:52.105347+00:00,81.6,2,bid,Dinh Nguyen,YieldingYams,1857480
2026-07-13T22:01:53.007611,2026-07-13T22:01:53.010780+00:00,81.5,30,ask,Andy Garg,WavyWalnuts,1857503
2026-07-13T22:01:53.007611,2026-07-13T22:01:53.010780+00:00,81.5,6,ask,Kelvin Chan,WavyWalnuts,1857504
2026-07-13T22:01:53.007611,2026-07-13T22:01:53.021414+00:00,81.5,39,ask,Sze-Yong Ng,WavyWalnuts,1857505
2026-07-13T22:01:53.007611,2026-07-13T22:01:53.021414+00:00,81.5,125,ask,YieldingYams,WavyWalnuts,1857506
2026-07-13T22:01:53.342032,2026-07-13T22:01:53.349814+00:00,81.7,2,bid,Dinh Nguyen,YieldingYams,1857513
2026-07-13T22:01:53.610419,2026-07-13T22:01:53.615229+00:00,81.5,6,ask,Kelvin Chan,Andy Garg,1857528
2026-07-13T22:01:54.225591,2026-07-13T22:01:54.236797+00:00,81.5,6,ask,Kelvin Chan,WavyWalnuts,1857539
2026-07-13T22:01:54.580113,2026-07-13T22:01:54.589476+00:00,81.5,2,bid,Dinh Nguyen,WavyWalnuts,1857545
2026-07-13T22:01:55.087030,2026-07-13T22:01:55.090827+00:00,81.5,5,bid,Andy Garg,YieldingYams,1857561
2026-07-13T22:01:55.817074,2026-07-13T22:01:55.821420+00:00,81.5,2,bid,Dinh Nguyen,YieldingYams,1857577
2026-07-13T22:01:55.920274,2026-07-13T22:01:55.924580+00:00,81.5,5,bid,Andy Garg,WavyWalnuts,1857582
2026-07-13T22:01:57.058613,2026-07-13T22:01:57.070985+00:00,81.6,2,bid,Dinh Nguyen,YieldingYams,1857603
2026-07-13T22:01:57.808750,2026-07-13T22:01:57.818141+00:00,81.4,4,ask,Kelvin Chan,Andy Garg,1857625
2026-07-13T22:01:57.808750,2026-07-13T22:01:57.818141+00:00,81.4,46,ask,WavyWalnuts,Andy Garg,1857626
2026-07-13T22:01:57.850619,2026-07-13T22:01:57.860854+00:00,81.5,200,bid,WavyWalnuts,YieldingYams,1857627
2026-07-13T22:01:58.292027,2026-07-13T22:01:58.295171+00:00,81.5,1,bid,Dinh Nguyen,YieldingYams,1857629
2026-07-13T22:01:59.071785,2026-07-13T22:01:59.073532+00:00,81.4,49,ask,AverageAlmonds,Andy Garg,1857637
2026-07-13T22:02:00.206969,2026-07-13T22:02:00.210667+00:00,81.5,200,bid,AverageAlmonds,WavyWalnuts,1857672
2026-07-13T22:02:00.271269,2026-07-13T22:02:00.274479+00:00,81.5,200,ask,AverageAlmonds,WavyWalnuts,1857675
2026-07-13T22:02:00.533088,2026-07-13T22:02:00.536088+00:00,81.5,25,ask,AverageAlmonds,Dinh Nguyen,1857682
2026-07-13T22:02:01.047063,2026-07-13T22:02:01.049390+00:00,81.6,2,bid,Dinh Nguyen,YieldingYams,1857690
2026-07-13T22:02:02.277092,2026-07-13T22:02:02.287783+00:00,81.6,2,bid,Dinh Nguyen,Sze-Yong Ng,1857719
2026-07-13T22:02:02.745961,2026-07-13T22:02:02.753528+00:00,81.6,53,bid,YieldingYams,Sze-Yong Ng,1857731
2026-07-13T22:02:02.745961,2026-07-13T22:02:02.753528+00:00,81.6,200,bid,YieldingYams,WavyWalnuts,1857732
2026-07-13T22:02:03.525048,2026-07-13T22:02:03.534037+00:00,81.7,2,bid,Dinh Nguyen,Kelvin Chan,1857751
2026-07-13T22:02:03.898276,2026-07-13T22:02:03.909611+00:00,81.6,200,ask,YieldingYams,WavyWalnuts,1857755
2026-07-13T22:02:04.745094,2026-07-13T22:02:04.750732+00:00,81.6,2,bid,Dinh Nguyen,YieldingYams,1857773
2026-07-13T22:02:05.968063,2026-07-13T22:02:05.973250+00:00,81.6,2,bid,Dinh Nguyen,WavyWalnuts,1857806
2026-07-13T22:02:07.189106,2026-07-13T22:02:07.194193+00:00,81.6,2,bid,Dinh Nguyen,WavyWalnuts,1857832
2026-07-13T22:02:07.526746,2026-07-13T22:02:07.535199+00:00,81.6,200,bid,WavyWalnuts,YieldingYams,1857843
2026-07-13T22:02:08.426065,2026-07-13T22:02:08.432660+00:00,81.5,2,bid,Dinh Nguyen,YieldingYams,1857873
2026-07-13T22:02:09.646053,2026-07-13T22:02:09.657405+00:00,81.5,2,bid,Dinh Nguyen,WavyWalnuts,1857892
2026-07-13T22:02:09.676192,2026-07-13T22:02:09.685677+00:00,81.5,59,bid,Andy Garg,WavyWalnuts,1857896
2026-07-13T22:02:10.885892,2026-07-13T22:02:10.893288+00:00,81.5,2,bid,Dinh Nguyen,WavyWalnuts,1857917
2026-07-13T22:02:11.908668,2026-07-13T22:02:11.917508+00:00,81.4,4,ask,Kelvin Chan,Andy Garg,1857938
2026-07-13T22:02:11.908668,2026-07-13T22:02:11.917508+00:00,81.4,4,ask,Sze-Yong Ng,Andy Garg,1857939
2026-07-13T22:02:11.908668,2026-07-13T22:02:11.917508+00:00,81.4,33,ask,YieldingYams,Andy Garg,1857940
2026-07-13T22:02:12.126065,2026-07-13T22:02:12.129905+00:00,81.5,2,bid,Dinh Nguyen,WavyWalnuts,1857941
2026-07-13T22:02:13.364637,2026-07-13T22:02:13.370684+00:00,81.6,2,bid,Dinh Nguyen,WavyWalnuts,1857961
2026-07-13T22:02:13.588121,2026-07-13T22:02:13.596270+00:00,81.7,2,bid,WavyWalnuts,Kelvin Chan,1857975
2026-07-13T22:02:13.588121,2026-07-13T22:02:13.596270+00:00,81.7,198,bid,WavyWalnuts,YieldingYams,1857976
2026-07-13T22:02:14.609063,2026-07-13T22:02:14.614415+00:00,81.7,2,bid,Dinh Nguyen,AverageAlmonds,1857997
2026-07-13T22:02:15.841073,2026-07-13T22:02:15.850264+00:00,81.7,1,bid,Dinh Nguyen,YieldingYams,1858010
2026-07-13T22:02:15.858304,2026-07-13T22:02:15.860893+00:00,81.6,200,ask,WavyWalnuts,YieldingYams,1858011
2026-07-13T22:02:16.015081,2026-07-13T22:02:16.021167+00:00,81.6,200,bid,WavyWalnuts,YieldingYams,1858018
2026-07-13T22:02:16.963277,2026-07-13T22:02:16.973223+00:00,81.6,20,bid,BrilliantBurritos,YieldingYams,1858041
2026-07-13T22:02:17.168888,2026-07-13T22:02:17.179276+00:00,81.7,2,bid,YieldingYams,Kelvin Chan,1858048
2026-07-13T22:02:17.235685,2026-07-13T22:02:17.243445+00:00,81.7,200,ask,YieldingYams,WavyWalnuts,1858052
2026-07-13T22:02:18.484321,2026-07-13T22:02:18.491961+00:00,81.7,12,ask,Sze-Yong Ng,YieldingYams,1858078
2026-07-13T22:02:18.886995,2026-07-13T22:02:18.898943+00:00,81.7,50,bid,Andy Garg,YieldingYams,1858080
2026-07-13T22:02:19.661252,2026-07-13T22:02:19.669957+00:00,81.7,200,bid,WavyWalnuts,YieldingYams,1858087
2026-07-13T22:02:20.869925,2026-07-13T22:02:20.874940+00:00,81.7,200,ask,YieldingYams,WavyWalnuts,1858115
2026-07-13T22:02:20.966555,2026-07-13T22:02:20.971196+00:00,81.7,50,ask,YieldingYams,Andy Garg,1858117
2026-07-13T22:02:23.050440,2026-07-13T22:02:23.059288+00:00,81.7,50,bid,Andy Garg,YieldingYams,1858150
2026-07-13T22:02:25.722782,2026-07-13T22:02:25.732723+00:00,81.8,7,bid,WavyWalnuts,Kelvin Chan,1858212
2026-07-13T22:02:25.722782,2026-07-13T22:02:25.732723+00:00,81.8,193,bid,WavyWalnuts,YieldingYams,1858213
2026-07-13T22:02:26.175521,2026-07-13T22:02:26.180774+00:00,81.8,12,bid,Andy Garg,YieldingYams,1858220
2026-07-13T22:02:27.459784,2026-07-13T22:02:27.462445+00:00,81.7,41,ask,WavyWalnuts,Andy Garg,1858243
2026-07-13T22:02:28.997741,2026-07-13T22:02:29.001373+00:00,81.8,8,bid,YieldingYams,Kelvin Chan,1858267
2026-07-13T22:02:29.914732,2026-07-13T22:02:29.918297+00:00,81.9,20,bid,BrilliantBurritos,WavyWalnuts,1858286
2026-07-13T22:02:30.573498,2026-07-13T22:02:30.582595+00:00,81.7,200,ask,YieldingYams,WavyWalnuts,1858299
2026-07-13T22:02:31.453795,2026-07-13T22:02:31.459667+00:00,81.8,8,bid,Andy Garg,Kelvin Chan,1858319
2026-07-13T22:02:31.453795,2026-07-13T22:02:31.459667+00:00,81.8,33,bid,Andy Garg,AverageAlmonds,1858320
2026-07-13T22:02:31.789387,2026-07-13T22:02:31.799429+00:00,81.7,200,ask,YieldingYams,WavyWalnuts,1858330
2026-07-13T22:02:32.332243,2026-07-13T22:02:32.338945+00:00,81.8,2,bid,Andy Garg,AverageAlmonds,1858339
2026-07-13T22:02:35.340712,2026-07-13T22:02:35.352048+00:00,81.7,20,bid,BrilliantBurritos,WavyWalnuts,1858407
2026-07-13T22:02:35.423082,2026-07-13T22:02:35.429823+00:00,81.6,39,ask,Sze-Yong Ng,WavyWalnuts,1858410
2026-07-13T22:02:35.423082,2026-07-13T22:02:35.429823+00:00,81.6,161,ask,YieldingYams,WavyWalnuts,1858411
2026-07-13T22:02:38.005996,2026-07-13T22:02:38.009005+00:00,81.7,43,bid,Andy Garg,YieldingYams,1858455
2026-07-13T22:02:38.220521,2026-07-13T22:02:38.222663+00:00,81.6,200,ask,WavyWalnuts,YieldingYams,1858458
2026-07-13T22:02:40.255635,2026-07-13T22:02:40.259589+00:00,81.5,4,ask,Kelvin Chan,WavyWalnuts,1858491
2026-07-13T22:02:40.255635,2026-07-13T22:02:40.259589+00:00,81.5,196,ask,YieldingYams,WavyWalnuts,1858492
2026-07-13T22:02:40.784879,2026-07-13T22:02:40.792007+00:00,81.5,20,ask,YieldingYams,BrilliantBurritos,1858493
2026-07-13T22:02:40.843581,2026-07-13T22:02:40.845480+00:00,81.5,4,ask,Kelvin Chan,YieldingYams,1858495
2026-07-13T22:02:41.463865,2026-07-13T22:02:41.474032+00:00,81.4,200,bid,WavyWalnuts,YieldingYams,1858513
2026-07-13T22:02:44.784679,2026-07-13T22:02:44.796510+00:00,81.3,2,ask,Sze-Yong Ng,YieldingYams,1858587
2026-07-13T22:02:44.784679,2026-07-13T22:02:44.796510+00:00,81.3,1,ask,Kelvin Chan,YieldingYams,1858588
2026-07-13T22:02:44.784679,2026-07-13T22:02:44.796510+00:00,81.3,200,ask,WavyWalnuts,YieldingYams,1858589
2026-07-13T22:02:48.779100,2026-07-13T22:02:48.782605+00:00,81.4,200,bid,WavyWalnuts,YieldingYams,1858646
2026-07-13T22:02:49.186999,2026-07-13T22:02:49.194002+00:00,81.4,20,bid,BrilliantBurritos,YieldingYams,1858652
2026-07-13T22:02:50.081721,2026-07-13T22:02:50.083459+00:00,81.3,33,ask,Sze-Yong Ng,YieldingYams,1858664
2026-07-13T22:02:50.081721,2026-07-13T22:02:50.094103+00:00,81.3,200,ask,WavyWalnuts,YieldingYams,1858665
2026-07-13T22:02:51.207955,2026-07-13T22:02:51.210714+00:00,81.2,200,ask,YieldingYams,WavyWalnuts,1858678
2026-07-13T22:02:52.419729,2026-07-13T22:02:52.426433+00:00,81.2,200,ask,AverageAlmonds,WavyWalnuts,1858697
2026-07-13T22:02:53.636492,2026-07-13T22:02:53.645206+00:00,81.2,200,ask,AverageAlmonds,WavyWalnuts,1858715
2026-07-13T22:02:54.009218,2026-07-13T22:02:54.019786+00:00,81.2,300,ask,AverageAlmonds,YieldingYams,1858720
2026-07-13T22:02:54.112039,2026-07-13T22:02:54.116891+00:00,81.1,325,bid,AverageAlmonds,YieldingYams,1858722
2026-07-13T22:02:54.844609,2026-07-13T22:02:54.854936+00:00,81.1,200,ask,AverageAlmonds,WavyWalnuts,1858735
2026-07-13T22:02:56.052224,2026-07-13T22:02:56.062687+00:00,81.2,200,ask,YieldingYams,WavyWalnuts,1858759
2026-07-13T22:02:57.265520,2026-07-13T22:02:57.271771+00:00,81.1,200,ask,YieldingYams,WavyWalnuts,1858781
2026-07-13T22:02:57.957634,2026-07-13T22:02:57.966174+00:00,81.1,14,ask,Sze-Yong Ng,YieldingYams,1858791
2026-07-13T22:02:58.339221,2026-07-13T22:02:58.350981+00:00,81.1,500,bid,AverageAlmonds,YieldingYams,1858807
2026-07-13T22:02:59.123174,2026-07-13T22:02:59.132001+00:00,81.1,20,bid,BrilliantBurritos,YieldingYams,1858825
2026-07-13T22:02:59.268978,2026-07-13T22:02:59.280189+00:00,81.2,200,bid,YieldingYams,WavyWalnuts,1858831
2026-07-13T22:03:02.761493,2026-07-13T22:03:02.772579+00:00,81.1,1,ask,Kelvin Chan,BrilliantBurritos,1858902
2026-07-13T22:03:02.761493,2026-07-13T22:03:02.772579+00:00,81.1,19,ask,WavyWalnuts,BrilliantBurritos,1858903
2026-07-13T22:03:04.527636,2026-07-13T22:03:04.535630+00:00,81.2,200,ask,WavyWalnuts,YieldingYams,1858931
2026-07-13T22:03:04.551154,2026-07-13T22:03:04.556831+00:00,81.1,2,ask,Kelvin Chan,WavyWalnuts,1858934
2026-07-13T22:03:04.765845,2026-07-13T22:03:04.777430+00:00,81.1,20,bid,BrilliantBurritos,WavyWalnuts,1858937
2026-07-13T22:03:05.835577,2026-07-13T22:03:05.853160+00:00,81.1,200,bid,YieldingYams,WavyWalnuts,1858962
2026-07-13T22:03:08.457299,2026-07-13T22:03:08.468016+00:00,81.1,1,ask,Sze-Yong Ng,YieldingYams,1859015
2026-07-13T22:03:08.457299,2026-07-13T22:03:08.468016+00:00,81.1,200,ask,WavyWalnuts,YieldingYams,1859016
2026-07-13T22:03:11.413337,2026-07-13T22:03:11.424698+00:00,81.0,2,ask,Kelvin Chan,BrilliantBurritos,1859069
2026-07-13T22:03:11.413337,2026-07-13T22:03:11.424698+00:00,81.0,18,ask,AverageAlmonds,BrilliantBurritos,1859070
2026-07-13T22:03:11.802056,2026-07-13T22:03:11.805649+00:00,81.0,200,ask,YieldingYams,WavyWalnuts,1859073
2026-07-13T22:03:13.430328,2026-07-13T22:03:13.432889+00:00,81.0,1,ask,Kelvin Chan,BrilliantBurritos,1859106
2026-07-13T22:03:13.430328,2026-07-13T22:03:13.443377+00:00,81.0,19,ask,AverageAlmonds,BrilliantBurritos,1859107
2026-07-13T22:03:13.716883,2026-07-13T22:03:13.726702+00:00,81.0,500,ask,AverageAlmonds,YieldingYams,1859115
2026-07-13T22:03:14.085243,2026-07-13T22:03:14.093892+00:00,81.0,125,bid,AverageAlmonds,YieldingYams,1859123
2026-07-13T22:03:15.028959,2026-07-13T22:03:15.046348+00:00,81.1,200,bid,YieldingYams,WavyWalnuts,1859139
2026-07-13T22:03:15.434620,2026-07-13T22:03:15.446366+00:00,81.2,200,ask,YieldingYams,WavyWalnuts,1859153
2026-07-13T22:03:16.641992,2026-07-13T22:03:16.649214+00:00,81.1,200,ask,YieldingYams,WavyWalnuts,1859187
2026-07-13T22:03:17.360425,2026-07-13T22:03:17.366005+00:00,81.3,20,bid,BrilliantBurritos,YieldingYams,1859200
2026-07-13T22:03:17.654729,2026-07-13T22:03:17.660300+00:00,81.0,3,ask,Kelvin Chan,YieldingYams,1859213
2026-07-13T22:03:21.412588,2026-07-13T22:03:21.423728+00:00,80.9,2,ask,Kelvin Chan,BrilliantBurritos,1859297
2026-07-13T22:03:21.412588,2026-07-13T22:03:21.423728+00:00,80.9,18,ask,WavyWalnuts,BrilliantBurritos,1859298
2026-07-13T22:03:21.603101,2026-07-13T22:03:21.605123+00:00,81.0,200,bid,YieldingYams,WavyWalnuts,1859312
2026-07-13T22:03:22.699578,2026-07-13T22:03:22.711731+00:00,81.0,200,ask,YieldingYams,WavyWalnuts,1859328
2026-07-13T22:03:22.916223,2026-07-13T22:03:22.923629+00:00,80.9,500,ask,AverageAlmonds,YieldingYams,1859332
2026-07-13T22:03:22.916223,2026-07-13T22:03:22.923629+00:00,80.9,125,ask,WavyWalnuts,YieldingYams,1859333
2026-07-13T22:03:23.696034,2026-07-13T22:03:23.707190+00:00,80.9,20,ask,WavyWalnuts,BrilliantBurritos,1859355
2026-07-13T22:03:24.223532,2026-07-13T22:03:24.232633+00:00,81.0,200,bid,YieldingYams,WavyWalnuts,1859368
2026-07-13T22:03:26.854673,2026-07-13T22:03:26.858491+00:00,80.9,6,ask,Kelvin Chan,YieldingYams,1859420
2026-07-13T22:03:26.854673,2026-07-13T22:03:26.858491+00:00,80.9,200,ask,WavyWalnuts,YieldingYams,1859421
2026-07-13T22:03:28.742047,2026-07-13T22:03:28.751388+00:00,80.9,200,ask,YieldingYams,WavyWalnuts,1859462
2026-07-13T22:03:29.948712,2026-07-13T22:03:29.957675+00:00,80.9,200,bid,WavyWalnuts,YieldingYams,1859484
2026-07-13T22:03:32.099497,2026-07-13T22:03:32.104889+00:00,80.8,3,ask,Kelvin Chan,YieldingYams,1859540
2026-07-13T22:03:32.099497,2026-07-13T22:03:32.104889+00:00,80.8,200,ask,WavyWalnuts,YieldingYams,1859541
2026-07-13T22:03:32.367495,2026-07-13T22:03:32.370093+00:00,80.8,200,bid,WavyWalnuts,YieldingYams,1859548
2026-07-13T22:03:37.348467,2026-07-13T22:03:37.355904+00:00,80.6,500,ask,AverageAlmonds,YieldingYams,1859651
2026-07-13T22:03:37.348467,2026-07-13T22:03:37.355904+00:00,80.6,125,ask,WavyWalnuts,YieldingYams,1859652
2026-07-13T22:03:38.424099,2026-07-13T22:03:38.439815+00:00,80.8,1,bid,WavyWalnuts,Sze-Yong Ng,1859682
2026-07-13T22:03:38.660125,2026-07-13T22:03:38.676809+00:00,80.9,50,bid,YieldingYams,Andy Garg,1859688
2026-07-13T22:03:39.111845,2026-07-13T22:03:39.119824+00:00,80.9,20,ask,YieldingYams,BrilliantBurritos,1859696
2026-07-13T22:03:39.160973,2026-07-13T22:03:39.172496+00:00,80.9,50,ask,YieldingYams,Andy Garg,1859699
2026-07-13T22:03:39.639170,2026-07-13T22:03:39.652853+00:00,81.0,10,bid,WavyWalnuts,Kelvin Chan,1859706
2026-07-13T22:03:39.639170,2026-07-13T22:03:39.652853+00:00,81.0,14,bid,WavyWalnuts,Sze-Yong Ng,1859707
2026-07-13T22:03:40.856017,2026-07-13T22:03:40.867018+00:00,81.1,5,bid,WavyWalnuts,Kelvin Chan,1859733
2026-07-13T22:03:40.856017,2026-07-13T22:03:40.867018+00:00,81.1,195,bid,WavyWalnuts,YieldingYams,1859734
2026-07-13T22:03:40.896355,2026-07-13T22:03:40.899363+00:00,80.9,41,ask,YieldingYams,Andy Garg,1859736
2026-07-13T22:03:41.118068,2026-07-13T22:03:41.121586+00:00,80.9,5,ask,YieldingYams,Andy Garg,1859740
2026-07-13T22:03:43.401442,2026-07-13T22:03:43.410944+00:00,81.1,4,bid,Andy Garg,Kelvin Chan,1859787
2026-07-13T22:03:43.401442,2026-07-13T22:03:43.410944+00:00,81.1,39,bid,Andy Garg,WavyWalnuts,1859788
2026-07-13T22:03:45.224203,2026-07-13T22:03:45.232555+00:00,81.1,3,bid,YieldingYams,Kelvin Chan,1859823
2026-07-13T22:03:45.224203,2026-07-13T22:03:45.232555+00:00,81.1,200,bid,YieldingYams,WavyWalnuts,1859824
2026-07-13T22:03:45.224203,2026-07-13T22:03:45.232555+00:00,81.2,422,bid,YieldingYams,AverageAlmonds,1859825
2026-07-13T22:03:45.710005,2026-07-13T22:03:45.712518+00:00,81.1,4,bid,WavyWalnuts,Kelvin Chan,1859835
2026-07-13T22:03:45.710005,2026-07-13T22:03:45.723479+00:00,81.2,196,bid,WavyWalnuts,AverageAlmonds,1859836
2026-07-13T22:03:46.922416,2026-07-13T22:03:46.926414+00:00,81.1,3,bid,WavyWalnuts,Kelvin Chan,1859849
2026-07-13T22:03:46.922416,2026-07-13T22:03:46.926414+00:00,81.2,197,bid,WavyWalnuts,YieldingYams,1859850
2026-07-13T22:03:47.586952,2026-07-13T22:03:47.598131+00:00,81.0,35,ask,YieldingYams,Andy Garg,1859864
2026-07-13T22:03:47.853372,2026-07-13T22:03:47.859845+00:00,81.2,500,bid,YieldingYams,AverageAlmonds,1859871
2026-07-13T22:03:47.988702,2026-07-13T22:03:47.997795+00:00,81.2,125,ask,YieldingYams,AverageAlmonds,1859879
2026-07-13T22:03:49.168713,2026-07-13T22:03:49.176549+00:00,81.2,7,bid,YieldingYams,Kelvin Chan,1859905
2026-07-13T22:03:49.168713,2026-07-13T22:03:49.176549+00:00,81.2,200,bid,YieldingYams,WavyWalnuts,1859906
2026-07-13T22:03:49.168713,2026-07-13T22:03:49.176549+00:00,81.2,418,bid,YieldingYams,AverageAlmonds,1859907
2026-07-13T22:03:49.693432,2026-07-13T22:03:49.703359+00:00,81.0,7,ask,WavyWalnuts,Andy Garg,1859920
2026-07-13T22:03:50.487271,2026-07-13T22:03:50.495232+00:00,81.0,193,ask,WavyWalnuts,YieldingYams,1859928
2026-07-13T22:03:53.110965,2026-07-13T22:03:53.123126+00:00,81.1,74,bid,YieldingYams,Sze-Yong Ng,1859980
2026-07-13T22:03:53.110965,2026-07-13T22:03:53.123126+00:00,81.2,8,bid,YieldingYams,Kelvin Chan,1859981
2026-07-13T22:03:53.110965,2026-07-13T22:03:53.123126+00:00,81.2,45,bid,YieldingYams,Andy Garg,1859982
2026-07-13T22:03:53.110965,2026-07-13T22:03:53.123126+00:00,81.2,498,bid,YieldingYams,AverageAlmonds,1859983
2026-07-13T22:03:54.427274,2026-07-13T22:03:54.431860+00:00,81.0,200,ask,WavyWalnuts,YieldingYams,1860013
2026-07-13T22:03:55.501596,2026-07-13T22:03:55.504434+00:00,80.9,45,bid,Andy Garg,WavyWalnuts,1860038
2026-07-13T22:03:55.734256,2026-07-13T22:03:55.746569+00:00,80.9,155,bid,YieldingYams,WavyWalnuts,1860043
2026-07-13T22:03:56.142835,2026-07-13T22:03:56.146714+00:00,81.0,5,ask,YieldingYams,Andy Garg,1860053
2026-07-13T22:03:56.591574,2026-07-13T22:03:56.602154+00:00,81.0,200,ask,YieldingYams,WavyWalnuts,1860065
2026-07-13T22:03:59.185817,2026-07-13T22:03:59.191244+00:00,81.0,20,bid,BrilliantBurritos,WavyWalnuts,1860117
2026-07-13T22:03:59.663333,2026-07-13T22:03:59.685851+00:00,80.9,200,ask,WavyWalnuts,YieldingYams,1860125
2026-07-13T22:04:01.423438,2026-07-13T22:04:01.429977+00:00,81.0,200,bid,WavyWalnuts,YieldingYams,1860167
2026-07-13T22:04:01.872213,2026-07-13T22:04:01.875228+00:00,80.8,2,ask,Kelvin Chan,Dinh Nguyen,1860178
2026-07-13T22:04:01.872213,2026-07-13T22:04:01.886217+00:00,80.8,23,ask,YieldingYams,Dinh Nguyen,1860179
2026-07-13T22:04:03.313227,2026-07-13T22:04:03.315002+00:00,80.9,20,ask,YieldingYams,BrilliantBurritos,1860208
2026-07-13T22:04:03.376389,2026-07-13T22:04:03.380166+00:00,80.9,25,ask,YieldingYams,Dinh Nguyen,1860209
2026-07-13T22:04:03.591702,2026-07-13T22:04:03.595928+00:00,81.0,40,bid,YieldingYams,Andy Garg,1860215
2026-07-13T22:04:03.591702,2026-07-13T22:04:03.595928+00:00,81.0,200,bid,YieldingYams,WavyWalnuts,1860216
2026-07-13T22:04:03.836850,2026-07-13T22:04:03.839453+00:00,81.0,200,ask,YieldingYams,WavyWalnuts,1860229
2026-07-13T22:04:05.045810,2026-07-13T22:04:05.054328+00:00,81.0,200,bid,WavyWalnuts,YieldingYams,1860245
2026-07-13T22:04:06.261279,2026-07-13T22:04:06.266050+00:00,81.1,200,ask,YieldingYams,WavyWalnuts,1860284
2026-07-13T22:04:06.775816,2026-07-13T22:04:06.777851+00:00,81.1,425,ask,YieldingYams,AverageAlmonds,1860297
2026-07-13T22:04:07.524591,2026-07-13T22:04:07.534545+00:00,80.9,200,ask,WavyWalnuts,YieldingYams,1860315
2026-07-13T22:04:07.706564,2026-07-13T22:04:07.716424+00:00,80.8,6,ask,Kelvin Chan,BrilliantBurritos,1860321
2026-07-13T22:04:09.858217,2026-07-13T22:04:09.862543+00:00,80.9,25,ask,YieldingYams,Dinh Nguyen,1860374
2026-07-13T22:04:09.995627,2026-07-13T22:04:10.004649+00:00,80.9,20,ask,YieldingYams,BrilliantBurritos,1860382
2026-07-13T22:04:10.149128,2026-07-13T22:04:10.162950+00:00,80.8,4,ask,Kelvin Chan,YieldingYams,1860387
2026-07-13T22:04:10.149128,2026-07-13T22:04:10.162950+00:00,80.8,200,ask,WavyWalnuts,YieldingYams,1860388
2026-07-13T22:04:11.095877,2026-07-13T22:04:11.099266+00:00,80.8,200,bid,WavyWalnuts,YieldingYams,1860403
2026-07-13T22:04:11.459955,2026-07-13T22:04:11.471539+00:00,80.8,39,bid,YieldingYams,Sze-Yong Ng,1860412
2026-07-13T22:04:11.459955,2026-07-13T22:04:11.471539+00:00,81.0,200,bid,YieldingYams,WavyWalnuts,1860413
2026-07-13T22:04:11.459955,2026-07-13T22:04:11.471539+00:00,81.1,386,bid,YieldingYams,AverageAlmonds,1860414
2026-07-13T22:04:13.312212,2026-07-13T22:04:13.323841+00:00,80.8,25,ask,WavyWalnuts,Dinh Nguyen,1860458
2026-07-13T22:04:14.740434,2026-07-13T22:04:14.749113+00:00,80.9,200,bid,WavyWalnuts,YieldingYams,1860493
2026-07-13T22:04:15.949385,2026-07-13T22:04:15.951493+00:00,80.9,200,bid,WavyWalnuts,YieldingYams,1860522
2026-07-13T22:04:17.778360,2026-07-13T22:04:17.783145+00:00,81.0,25,ask,WavyWalnuts,Dinh Nguyen,1860552
2026-07-13T22:04:18.043053,2026-07-13T22:04:18.049410+00:00,81.0,175,ask,WavyWalnuts,YieldingYams,1860556
2026-07-13T22:04:19.268199,2026-07-13T22:04:19.280662+00:00,80.9,25,ask,WavyWalnuts,Dinh Nguyen,1860578
2026-07-13T22:04:20.787635,2026-07-13T22:04:20.798742+00:00,80.9,200,bid,WavyWalnuts,YieldingYams,1860627
2026-07-13T22:04:22.654109,2026-07-13T22:04:22.665711+00:00,80.8,20,ask,WavyWalnuts,BrilliantBurritos,1860675
2026-07-13T22:04:22.780209,2026-07-13T22:04:22.792262+00:00,80.8,25,ask,WavyWalnuts,Dinh Nguyen,1860682
2026-07-13T22:04:24.423002,2026-07-13T22:04:24.429358+00:00,80.9,22,bid,WavyWalnuts,Sze-Yong Ng,1860702
2026-07-13T22:04:24.423002,2026-07-13T22:04:24.429358+00:00,80.9,178,bid,WavyWalnuts,YieldingYams,1860703
2026-07-13T22:04:24.631325,2026-07-13T22:04:24.651973+00:00,80.8,500,ask,AverageAlmonds,YieldingYams,1860709
2026-07-13T22:04:24.929075,2026-07-13T22:04:24.939427+00:00,80.8,125,bid,AverageAlmonds,YieldingYams,1860716
2026-07-13T22:04:25.635270,2026-07-13T22:04:25.642499+00:00,80.8,200,ask,AverageAlmonds,WavyWalnuts,1860730
2026-07-13T22:04:26.842714,2026-07-13T22:04:26.848790+00:00,80.9,200,ask,YieldingYams,WavyWalnuts,1860779
2026-07-13T22:04:28.048388,2026-07-13T22:04:28.053511+00:00,81.0,200,bid,WavyWalnuts,YieldingYams,1860807
2026-07-13T22:04:32.888262,2026-07-13T22:04:32.897779+00:00,81.1,200,bid,WavyWalnuts,YieldingYams,1860878
2026-07-13T22:04:34.096791,2026-07-13T22:04:34.101685+00:00,81.1,13,bid,WavyWalnuts,Sze-Yong Ng,1860899
2026-07-13T22:04:34.096791,2026-07-13T22:04:34.101685+00:00,81.2,187,bid,WavyWalnuts,YieldingYams,1860900
2026-07-13T22:04:35.357361,2026-07-13T22:04:35.365610+00:00,81.2,20,bid,BrilliantBurritos,YieldingYams,1860919
2026-07-13T22:04:36.098660,2026-07-13T22:04:36.101953+00:00,81.2,20,bid,BrilliantBurritos,YieldingYams,1860930
2026-07-13T22:04:36.513964,2026-07-13T22:04:36.518465+00:00,81.1,200,bid,WavyWalnuts,YieldingYams,1860940
2026-07-13T22:04:37.721499,2026-07-13T22:04:37.732444+00:00,81.1,200,bid,WavyWalnuts,YieldingYams,1860960
2026-07-13T22:04:37.739112,2026-07-13T22:04:37.743598+00:00,81.1,8,bid,YieldingYams,Sze-Yong Ng,1860961
2026-07-13T22:04:37.739112,2026-07-13T22:04:37.743598+00:00,81.2,5,bid,YieldingYams,Kelvin Chan,1860962
2026-07-13T22:04:38.934990,2026-07-13T22:04:38.938469+00:00,81.2,200,ask,YieldingYams,WavyWalnuts,1860992
2026-07-13T22:04:40.142323,2026-07-13T22:04:40.146021+00:00,81.1,200,ask,YieldingYams,WavyWalnuts,1861015
2026-07-13T22:04:41.555968,2026-07-13T22:04:41.564261+00:00,81.1,20,ask,YieldingYams,BrilliantBurritos,1861045
2026-07-13T22:04:42.855219,2026-07-13T22:04:42.867776+00:00,81.0,20,ask,YieldingYams,BrilliantBurritos,1861075
2026-07-13T22:04:44.316737,2026-07-13T22:04:44.335719+00:00,81.2,6,bid,YieldingYams,Sze-Yong Ng,1861106
2026-07-13T22:04:45.595131,2026-07-13T22:04:45.602465+00:00,81.2,20,ask,YieldingYams,BrilliantBurritos,1861141
2026-07-13T22:04:46.744333,2026-07-13T22:04:46.746891+00:00,81.2,46,bid,Andy Garg,YieldingYams,1861165
2026-07-13T22:04:46.937825,2026-07-13T22:04:46.940031+00:00,81.1,200,ask,WavyWalnuts,YieldingYams,1861172
2026-07-13T22:04:47.694017,2026-07-13T22:04:47.703480+00:00,81.0,20,ask,AverageAlmonds,BrilliantBurritos,1861194
2026-07-13T22:04:48.247609,2026-07-13T22:04:48.254600+00:00,81.2,46,bid,YieldingYams,Andy Garg,1861218
2026-07-13T22:04:48.247609,2026-07-13T22:04:48.254600+00:00,81.2,200,bid,YieldingYams,WavyWalnuts,1861219
2026-07-13T22:04:48.640538,2026-07-13T22:04:48.651593+00:00,81.2,200,ask,YieldingYams,WavyWalnuts,1861228
2026-07-13T22:04:49.566807,2026-07-13T22:04:49.571177+00:00,81.2,6,ask,Sze-Yong Ng,YieldingYams,1861239
2026-07-13T22:04:49.566807,2026-07-13T22:04:49.571177+00:00,81.1,500,ask,AverageAlmonds,YieldingYams,1861240
2026-07-13T22:04:49.846280,2026-07-13T22:04:49.852338+00:00,81.1,119,bid,WavyWalnuts,YieldingYams,1861249
2026-07-13T22:04:50.880563,2026-07-13T22:04:50.888431+00:00,81.1,81,ask,WavyWalnuts,YieldingYams,1861283
2026-07-13T22:04:50.880563,2026-07-13T22:04:50.888431+00:00,81.1,500,ask,AverageAlmonds,YieldingYams,1861284
2026-07-13T22:04:52.111637,2026-07-13T22:04:52.113878+00:00,81.1,44,bid,Andy Garg,YieldingYams,1861306
2026-07-13T22:04:55.913897,2026-07-13T22:04:55.920113+00:00,81.3,1,bid,WavyWalnuts,Kelvin Chan,1861372
2026-07-13T22:04:55.913897,2026-07-13T22:04:55.920113+00:00,81.3,199,bid,WavyWalnuts,YieldingYams,1861373
2026-07-13T22:04:57.426049,2026-07-13T22:04:57.429865+00:00,81.3,5,bid,Andy Garg,Kelvin Chan,1861402
2026-07-13T22:04:57.426049,2026-07-13T22:04:57.429865+00:00,81.3,45,bid,Andy Garg,AverageAlmonds,1861403
2026-07-13T22:05:00.049962,2026-07-13T22:05:00.066571+00:00,81.3,200,bid,YieldingYams,WavyWalnuts,1861437
2026-07-13T22:05:01.362954,2026-07-13T22:05:01.368255+00:00,81.3,8,ask,Sze-Yong Ng,YieldingYams,1861451
2026-07-13T22:05:02.674499,2026-07-13T22:05:02.677208+00:00,81.2,200,ask,WavyWalnuts,YieldingYams,1861474
2026-07-13T22:05:03.811964,2026-07-13T22:05:03.819992+00:00,81.2,17,bid,Andy Garg,YieldingYams,1861496
2026-07-13T22:05:04.385298,2026-07-13T22:05:04.388688+00:00,81.1,43,ask,Sze-Yong Ng,WavyWalnuts,1861506
2026-07-13T22:05:04.385298,2026-07-13T22:05:04.399570+00:00,81.1,157,ask,YieldingYams,WavyWalnuts,1861507
2026-07-13T22:05:04.639830,2026-07-13T22:05:04.649765+00:00,81.1,50,ask,YieldingYams,Andy Garg,1861514
2026-07-13T22:05:05.294565,2026-07-13T22:05:05.308410+00:00,81.1,31,ask,Sze-Yong Ng,YieldingYams,1861526
2026-07-13T22:05:05.294565,2026-07-13T22:05:05.308410+00:00,81.1,500,ask,AverageAlmonds,YieldingYams,1861527
2026-07-13T22:05:05.294565,2026-07-13T22:05:05.308410+00:00,81.1,27,ask,Kelvin Chan,YieldingYams,1861528
2026-07-13T22:05:05.594752,2026-07-13T22:05:05.609901+00:00,81.1,67,bid,WavyWalnuts,YieldingYams,1861536
2026-07-13T22:05:07.935483,2026-07-13T22:05:07.946841+00:00,81.3,9,bid,Andy Garg,Sze-Yong Ng,1861585
2026-07-13T22:05:07.935483,2026-07-13T22:05:07.946841+00:00,81.3,32,bid,Andy Garg,WavyWalnuts,1861586
2026-07-13T22:05:10.084492,2026-07-13T22:05:10.090778+00:00,81.3,9,bid,Andy Garg,WavyWalnuts,1861642
2026-07-13T22:05:10.520434,2026-07-13T22:05:10.526078+00:00,81.3,34,bid,Andy Garg,YieldingYams,1861654
2026-07-13T22:05:11.651928,2026-07-13T22:05:11.667885+00:00,81.3,200,ask,YieldingYams,WavyWalnuts,1861676
2026-07-13T22:05:12.161670,2026-07-13T22:05:12.169749+00:00,81.3,9,ask,Sze-Yong Ng,Andy Garg,1861683
2026-07-13T22:05:12.161670,2026-07-13T22:05:12.169749+00:00,81.3,41,ask,YieldingYams,Andy Garg,1861684
2026-07-13T22:05:12.860599,2026-07-13T22:05:12.871227+00:00,81.3,200,ask,YieldingYams,WavyWalnuts,1861701
2026-07-13T22:05:13.180302,2026-07-13T22:05:13.185012+00:00,81.4,2,bid,YieldingYams,Kelvin Chan,1861714
2026-07-13T22:05:13.180302,2026-07-13T22:05:13.185012+00:00,81.4,500,bid,YieldingYams,AverageAlmonds,1861715
2026-07-13T22:05:13.366821,2026-07-13T22:05:13.387234+00:00,81.4,123,ask,YieldingYams,AverageAlmonds,1861720
2026-07-13T22:05:14.497760,2026-07-13T22:05:14.533399+00:00,81.2,50,ask,Andy Garg,YieldingYams,1861747
2026-07-13T22:05:14.497760,2026-07-13T22:05:14.533399+00:00,81.2,200,ask,WavyWalnuts,YieldingYams,1861748
2026-07-13T22:05:14.745732,2026-07-13T22:05:14.747296+00:00,81.1,6,ask,Kelvin Chan,Andy Garg,1861760
2026-07-13T22:05:14.957040,2026-07-13T22:05:14.962937+00:00,81.2,25,bid,Dinh Nguyen,YieldingYams,1861767
2026-07-13T22:05:15.276109,2026-07-13T22:05:15.282700+00:00,81.1,11,ask,Kelvin Chan,WavyWalnuts,1861773
2026-07-13T22:05:15.401651,2026-07-13T22:05:15.411944+00:00,81.0,2,ask,YieldingYams,Andy Garg,1861774
2026-07-13T22:05:15.808204,2026-07-13T22:05:15.818775+00:00,81.1,189,bid,YieldingYams,WavyWalnuts,1861793
2026-07-13T22:05:16.440277,2026-07-13T22:05:16.445264+00:00,81.3,2,ask,YieldingYams,Dinh Nguyen,1861806
2026-07-13T22:05:17.675723,2026-07-13T22:05:17.684547+00:00,81.2,2,ask,WavyWalnuts,Dinh Nguyen,1861826
2026-07-13T22:05:18.916266,2026-07-13T22:05:18.923330+00:00,81.1,2,ask,YieldingYams,Dinh Nguyen,1861856
2026-07-13T22:05:20.114337,2026-07-13T22:05:20.124213+00:00,81.2,200,ask,YieldingYams,WavyWalnuts,1861872
2026-07-13T22:05:20.162916,2026-07-13T22:05:20.167512+00:00,81.2,2,ask,YieldingYams,Dinh Nguyen,1861875
2026-07-13T22:05:21.664273,2026-07-13T22:05:21.674613+00:00,81.2,25,bid,Dinh Nguyen,YieldingYams,1861903
2026-07-13T22:05:22.363451,2026-07-13T22:05:22.385146+00:00,81.1,50,ask,Andy Garg,YieldingYams,1861927
2026-07-13T22:05:22.363451,2026-07-13T22:05:22.385146+00:00,81.1,200,ask,WavyWalnuts,YieldingYams,1861928
2026-07-13T22:05:22.431812,2026-07-13T22:05:22.440219+00:00,81.1,375,bid,AverageAlmonds,YieldingYams,1861934
2026-07-13T22:05:24.476793,2026-07-13T22:05:24.478967+00:00,81.4,2,bid,BrilliantBurritos,Kelvin Chan,1861964
2026-07-13T22:05:24.476793,2026-07-13T22:05:24.489626+00:00,81.4,18,bid,BrilliantBurritos,Andy Garg,1861965
2026-07-13T22:05:25.640484,2026-07-13T22:05:25.644388+00:00,81.3,2,ask,WavyWalnuts,Dinh Nguyen,1862001
2026-07-13T22:05:27.137604,2026-07-13T22:05:27.147685+00:00,81.4,1,bid,Dinh Nguyen,Kelvin Chan,1862045
2026-07-13T22:05:27.137604,2026-07-13T22:05:27.147685+00:00,81.4,24,bid,Dinh Nguyen,WavyWalnuts,1862046
2026-07-13T22:05:27.602875,2026-07-13T22:05:27.619709+00:00,81.3,21,ask,Andy Garg,YieldingYams,1862053
2026-07-13T22:05:27.602875,2026-07-13T22:05:27.619709+00:00,81.3,61,ask,Sze-Yong Ng,YieldingYams,1862054
2026-07-13T22:05:27.701616,2026-07-13T22:05:27.705437+00:00,81.2,17,ask,WavyWalnuts,Andy Garg,1862059
2026-07-13T22:05:28.571718,2026-07-13T22:05:28.580975+00:00,81.3,200,bid,WavyWalnuts,YieldingYams,1862078
2026-07-13T22:05:28.638044,2026-07-13T22:05:28.645162+00:00,81.1,2,ask,YieldingYams,Dinh Nguyen,1862080
2026-07-13T22:05:29.195989,2026-07-13T22:05:29.201828+00:00,81.1,46,ask,YieldingYams,Andy Garg,1862099
2026-07-13T22:05:29.779711,2026-07-13T22:05:29.790462+00:00,81.3,200,bid,WavyWalnuts,YieldingYams,1862118
2026-07-13T22:05:30.240829,2026-07-13T22:05:30.245446+00:00,81.3,1,bid,Andy Garg,YieldingYams,1862128
2026-07-13T22:05:30.661815,2026-07-13T22:05:30.666553+00:00,81.3,17,bid,Andy Garg,YieldingYams,1862139
2026-07-13T22:05:30.988211,2026-07-13T22:05:30.999276+00:00,81.3,200,bid,WavyWalnuts,YieldingYams,1862145
2026-07-13T22:05:31.303051,2026-07-13T22:05:31.307669+00:00,81.2,50,ask,YieldingYams,Andy Garg,1862149
2026-07-13T22:05:32.195617,2026-07-13T22:05:32.203050+00:00,81.3,200,bid,WavyWalnuts,YieldingYams,1862174
2026-07-13T22:05:32.391679,2026-07-13T22:05:32.403738+00:00,81.1,20,ask,YieldingYams,BrilliantBurritos,1862179
2026-07-13T22:05:32.952523,2026-07-13T22:05:32.959438+00:00,81.4,4,bid,Andy Garg,Kelvin Chan,1862200
2026-07-13T22:05:33.381494,2026-07-13T22:05:33.391923+00:00,81.3,46,ask,YieldingYams,Andy Garg,1862207
2026-07-13T22:05:33.409932,2026-07-13T22:05:33.413245+00:00,81.3,200,ask,YieldingYams,WavyWalnuts,1862208
2026-07-13T22:05:34.617677,2026-07-13T22:05:34.629361+00:00,81.4,4,bid,WavyWalnuts,Kelvin Chan,1862236
2026-07-13T22:05:34.617677,2026-07-13T22:05:34.629361+00:00,81.4,196,bid,WavyWalnuts,YieldingYams,1862237
2026-07-13T22:05:38.244668,2026-07-13T22:05:38.249818+00:00,81.1,200,ask,YieldingYams,WavyWalnuts,1862308
2026-07-13T22:05:39.774793,2026-07-13T22:05:39.777692+00:00,81.1,8,ask,AverageAlmonds,Andy Garg,1862339
2026-07-13T22:05:40.619076,2026-07-13T22:05:40.631382+00:00,81.1,5,ask,YieldingYams,Andy Garg,1862349
2026-07-13T22:05:40.749742,2026-07-13T22:05:40.756150+00:00,81.2,200,ask,WavyWalnuts,YieldingYams,1862353
2026-07-13T22:05:40.749742,2026-07-13T22:05:40.756150+00:00,81.1,425,ask,AverageAlmonds,YieldingYams,1862354
2026-07-13T22:05:41.871595,2026-07-13T22:05:41.881705+00:00,81.1,200,ask,AverageAlmonds,WavyWalnuts,1862374
2026-07-13T22:05:43.005852,2026-07-13T22:05:43.009819+00:00,81.2,500,bid,AverageAlmonds,YieldingYams,1862399
2026-07-13T22:05:43.080532,2026-07-13T22:05:43.091601+00:00,81.2,125,bid,WavyWalnuts,YieldingYams,1862404
2026-07-13T22:05:43.366430,2026-07-13T22:05:43.371052+00:00,81.4,1,bid,YieldingYams,Kelvin Chan,1862409
2026-07-13T22:05:43.366430,2026-07-13T22:05:43.371052+00:00,81.4,200,bid,YieldingYams,WavyWalnuts,1862410
2026-07-13T22:05:44.246196,2026-07-13T22:05:44.254885+00:00,81.5,25,ask,YieldingYams,Dinh Nguyen,1862428
2026-07-13T22:05:44.291731,2026-07-13T22:05:44.297775+00:00,81.5,200,ask,YieldingYams,WavyWalnuts,1862430
2026-07-13T22:05:45.829051,2026-07-13T22:05:45.831638+00:00,81.4,50,bid,Andy Garg,WavyWalnuts,1862459
2026-07-13T22:05:46.065292,2026-07-13T22:05:46.072165+00:00,81.3,50,bid,Andy Garg,YieldingYams,1862470
2026-07-13T22:05:46.960371,2026-07-13T22:05:46.971358+00:00,81.3,25,bid,Dinh Nguyen,YieldingYams,1862482
2026-07-13T22:05:48.126755,2026-07-13T22:05:48.133464+00:00,81.3,5,bid,Andy Garg,YieldingYams,1862520
2026-07-13T22:05:48.425512,2026-07-13T22:05:48.435031+00:00,81.1,20,ask,YieldingYams,BrilliantBurritos,1862532
2026-07-13T22:05:48.465651,2026-07-13T22:05:48.478000+00:00,81.3,25,bid,Dinh Nguyen,YieldingYams,1862533
2026-07-13T22:05:48.727286,2026-07-13T22:05:48.739140+00:00,81.1,2,ask,WavyWalnuts,Dinh Nguyen,1862537
2026-07-13T22:05:48.786815,2026-07-13T22:05:48.798790+00:00,81.1,41,ask,WavyWalnuts,Andy Garg,1862541
2026-07-13T22:05:49.136152,2026-07-13T22:05:49.142023+00:00,81.2,200,bid,WavyWalnuts,YieldingYams,1862551
2026-07-13T22:05:49.968285,2026-07-13T22:05:49.974044+00:00,81.0,1,ask,Kelvin Chan,Dinh Nguyen,1862560
2026-07-13T22:05:51.574740,2026-07-13T22:05:51.577249+00:00,81.2,61,bid,WavyWalnuts,Sze-Yong Ng,1862584
2026-07-13T22:05:51.574740,2026-07-13T22:05:51.587855+00:00,81.2,50,bid,WavyWalnuts,Andy Garg,1862585
2026-07-13T22:05:51.574740,2026-07-13T22:05:51.587855+00:00,81.2,89,bid,WavyWalnuts,YieldingYams,1862586
2026-07-13T22:05:51.931184,2026-07-13T22:05:51.938989+00:00,81.2,50,bid,Andy Garg,YieldingYams,1862599
2026-07-13T22:05:52.532360,2026-07-13T22:05:52.541177+00:00,81.3,200,bid,YieldingYams,WavyWalnuts,1862614
2026-07-13T22:05:52.532360,2026-07-13T22:05:52.541177+00:00,81.4,2,bid,YieldingYams,Kelvin Chan,1862615
2026-07-13T22:05:52.551198,2026-07-13T22:05:52.562399+00:00,81.5,41,bid,Andy Garg,AverageAlmonds,1862616
2026-07-13T22:05:52.787166,2026-07-13T22:05:52.796367+00:00,81.4,200,ask,YieldingYams,WavyWalnuts,1862623
2026-07-13T22:05:53.005808,2026-07-13T22:05:53.010699+00:00,81.4,44,ask,YieldingYams,Andy Garg,1862629
2026-07-13T22:05:53.305949,2026-07-13T22:05:53.309289+00:00,81.4,179,ask,YieldingYams,AverageAlmonds,1862634
2026-07-13T22:05:53.846336,2026-07-13T22:05:53.869117+00:00,81.2,200,ask,WavyWalnuts,YieldingYams,1862640
2026-07-13T22:05:53.991730,2026-07-13T22:05:54.003332+00:00,81.2,200,bid,WavyWalnuts,YieldingYams,1862646
2026-07-13T22:05:56.466082,2026-07-13T22:05:56.467990+00:00,81.2,200,ask,WavyWalnuts,YieldingYams,1862684
2026-07-13T22:05:56.808971,2026-07-13T22:05:56.814553+00:00,81.1,9,ask,Kelvin Chan,Andy Garg,1862691
2026-07-13T22:05:57.623258,2026-07-13T22:05:57.632824+00:00,81.2,200,bid,WavyWalnuts,YieldingYams,1862719
2026-07-13T22:05:58.833109,2026-07-13T22:05:58.842962+00:00,81.3,50,ask,Andy Garg,WavyWalnuts,1862731
2026-07-13T22:05:58.833109,2026-07-13T22:05:58.842962+00:00,81.2,150,ask,YieldingYams,WavyWalnuts,1862732
2026-07-13T22:06:00.041807,2026-07-13T22:06:00.049979+00:00,81.3,200,ask,YieldingYams,WavyWalnuts,1862753
2026-07-13T22:06:01.247059,2026-07-13T22:06:01.250829+00:00,81.3,200,bid,WavyWalnuts,YieldingYams,1862780
2026-07-13T22:06:02.461393,2026-07-13T22:06:02.466659+00:00,81.3,200,ask,YieldingYams,WavyWalnuts,1862810
2026-07-13T22:06:03.090627,2026-07-13T22:06:03.101057+00:00,81.2,50,ask,YieldingYams,Andy Garg,1862822
2026-07-13T22:06:03.673845,2026-07-13T22:06:03.676766+00:00,81.2,200,ask,YieldingYams,WavyWalnuts,1862831
2026-07-13T22:06:04.024041,2026-07-13T22:06:04.028207+00:00,81.2,20,ask,YieldingYams,BrilliantBurritos,1862838
2026-07-13T22:06:04.881244,2026-07-13T22:06:04.891253+00:00,81.1,3,ask,Kelvin Chan,WavyWalnuts,1862860
2026-07-13T22:06:04.881244,2026-07-13T22:06:04.891253+00:00,81.1,197,ask,YieldingYams,WavyWalnuts,1862861
2026-07-13T22:06:06.096751,2026-07-13T22:06:06.098694+00:00,81.1,11,ask,Kelvin Chan,WavyWalnuts,1862880
2026-07-13T22:06:06.096751,2026-07-13T22:06:06.109718+00:00,81.1,189,ask,AverageAlmonds,WavyWalnuts,1862881
2026-07-13T22:06:07.255071,2026-07-13T22:06:07.257673+00:00,81.1,6,ask,Kelvin Chan,Andy Garg,1862908
2026-07-13T22:06:08.026368,2026-07-13T22:06:08.034010+00:00,81.1,5,ask,Kelvin Chan,Dinh Nguyen,1862926
2026-07-13T22:06:08.026368,2026-07-13T22:06:08.034010+00:00,81.1,20,ask,YieldingYams,Dinh Nguyen,1862927
2026-07-13T22:06:09.573965,2026-07-13T22:06:09.582728+00:00,81.1,200,bid,YieldingYams,WavyWalnuts,1862967
2026-07-13T22:06:09.573965,2026-07-13T22:06:09.582728+00:00,81.2,50,bid,YieldingYams,Andy Garg,1862968
2026-07-13T22:06:10.497332,2026-07-13T22:06:10.504030+00:00,81.2,25,ask,YieldingYams,Dinh Nguyen,1862982
2026-07-13T22:06:10.770854,2026-07-13T22:06:10.780931+00:00,81.2,5,ask,YieldingYams,Andy Garg,1862990
2026-07-13T22:06:10.895371,2026-07-13T22:06:10.898314+00:00,81.1,200,ask,WavyWalnuts,YieldingYams,1862992
2026-07-13T22:06:10.923528,2026-07-13T22:06:10.930592+00:00,81.1,200,bid,WavyWalnuts,YieldingYams,1862996
2026-07-13T22:06:12.203676,2026-07-13T22:06:12.213269+00:00,81.1,200,bid,YieldingYams,WavyWalnuts,1863019
2026-07-13T22:06:12.542168,2026-07-13T22:06:12.546444+00:00,81.3,20,bid,BrilliantBurritos,YieldingYams,1863022
2026-07-13T22:06:14.557037,2026-07-13T22:06:14.559934+00:00,81.2,200,bid,WavyWalnuts,YieldingYams,1863059
2026-07-13T22:06:14.826505,2026-07-13T22:06:14.844318+00:00,81.2,31,bid,YieldingYams,Andy Garg,1863066
2026-07-13T22:06:14.943817,2026-07-13T22:06:14.951975+00:00,81.2,25,ask,YieldingYams,Dinh Nguyen,1863073
2026-07-13T22:06:16.215709,2026-07-13T22:06:16.227235+00:00,81.2,20,ask,WavyWalnuts,BrilliantBurritos,1863098
2026-07-13T22:06:17.445805,2026-07-13T22:06:17.457577+00:00,81.1,200,ask,WavyWalnuts,YieldingYams,1863116
2026-07-13T22:06:18.189668,2026-07-13T22:06:18.197501+00:00,81.1,200,bid,WavyWalnuts,YieldingYams,1863130
2026-07-13T22:06:18.754264,2026-07-13T22:06:18.764977+00:00,81.1,50,bid,YieldingYams,Sze-Yong Ng,1863139
2026-07-13T22:06:18.754264,2026-07-13T22:06:18.764977+00:00,81.3,200,bid,YieldingYams,WavyWalnuts,1863140
2026-07-13T22:06:18.866400,2026-07-13T22:06:18.872820+00:00,81.4,2,bid,Andy Garg,Kelvin Chan,1863145
2026-07-13T22:06:18.866400,2026-07-13T22:06:18.872820+00:00,81.4,9,bid,Andy Garg,YieldingYams,1863146
2026-07-13T22:06:19.401023,2026-07-13T22:06:19.407079+00:00,81.3,200,ask,YieldingYams,WavyWalnuts,1863160
2026-07-13T22:06:20.606917,2026-07-13T22:06:20.618747+00:00,81.2,200,bid,WavyWalnuts,YieldingYams,1863182
2026-07-13T22:06:21.374761,2026-07-13T22:06:21.390414+00:00,81.2,11,bid,YieldingYams,Sze-Yong Ng,1863193
2026-07-13T22:06:21.374761,2026-07-13T22:06:21.390414+00:00,81.2,11,bid,YieldingYams,Andy Garg,1863194
2026-07-13T22:06:21.414603,2026-07-13T22:06:21.416802+00:00,81.3,5,ask,YieldingYams,Andy Garg,1863198
2026-07-13T22:06:26.638519,2026-07-13T22:06:26.641094+00:00,81.4,4,bid,YieldingYams,Kelvin Chan,1863320
2026-07-13T22:06:26.638519,2026-07-13T22:06:26.652072+00:00,81.4,21,bid,YieldingYams,Sze-Yong Ng,1863321
2026-07-13T22:06:31.511111,2026-07-13T22:06:31.519867+00:00,81.3,200,ask,YieldingYams,WavyWalnuts,1863394
2026-07-13T22:06:31.883119,2026-07-13T22:06:31.892591+00:00,81.4,6,bid,YieldingYams,Sze-Yong Ng,1863404
2026-07-13T22:06:32.718070,2026-07-13T22:06:32.727595+00:00,81.4,200,ask,YieldingYams,WavyWalnuts,1863416
2026-07-13T22:06:33.195683,2026-07-13T22:06:33.212618+00:00,81.5,1,bid,YieldingYams,Kelvin Chan,1863424
2026-07-13T22:06:33.441288,2026-07-13T22:06:33.451199+00:00,81.7,20,bid,BrilliantBurritos,YieldingYams,1863439
2026-07-13T22:06:33.925757,2026-07-13T22:06:33.929224+00:00,81.5,200,ask,YieldingYams,WavyWalnuts,1863450
2026-07-13T22:06:35.131250,2026-07-13T22:06:35.139361+00:00,81.5,1,bid,WavyWalnuts,Kelvin Chan,1863487
2026-07-13T22:06:35.131250,2026-07-13T22:06:35.139361+00:00,81.5,3,bid,WavyWalnuts,Sze-Yong Ng,1863488
2026-07-13T22:06:38.764041,2026-07-13T22:06:38.774797+00:00,81.6,3,bid,WavyWalnuts,Kelvin Chan,1863558
2026-07-13T22:06:38.764041,2026-07-13T22:06:38.785694+00:00,81.6,197,bid,WavyWalnuts,YieldingYams,1863559
2026-07-13T22:06:41.060334,2026-07-13T22:06:41.068129+00:00,81.6,200,ask,WavyWalnuts,YieldingYams,1863612
2026-07-13T22:06:41.214220,2026-07-13T22:06:41.219023+00:00,81.6,200,bid,WavyWalnuts,YieldingYams,1863613
2026-07-13T22:06:42.370297,2026-07-13T22:06:42.373054+00:00,81.6,1,bid,YieldingYams,Kelvin Chan,1863635
2026-07-13T22:06:42.370297,2026-07-13T22:06:42.389171+00:00,81.7,500,bid,YieldingYams,AverageAlmonds,1863636
2026-07-13T22:06:42.426670,2026-07-13T22:06:42.432355+00:00,81.7,124,ask,YieldingYams,WavyWalnuts,1863639
2026-07-13T22:06:43.634816,2026-07-13T22:06:43.636553+00:00,81.6,3,bid,WavyWalnuts,Sze-Yong Ng,1863668
2026-07-13T22:06:43.679690,2026-07-13T22:06:43.707835+00:00,81.6,197,ask,WavyWalnuts,YieldingYams,1863669
2026-07-13T22:06:46.052000,2026-07-13T22:06:46.061324+00:00,81.5,200,bid,WavyWalnuts,YieldingYams,1863713
2026-07-13T22:06:48.925222,2026-07-13T22:06:48.942771+00:00,81.5,200,ask,WavyWalnuts,YieldingYams,1863787
2026-07-13T22:06:51.577647,2026-07-13T22:06:51.584491+00:00,81.6,1,bid,YieldingYams,Kelvin Chan,1863847
2026-07-13T22:06:52.887733,2026-07-13T22:06:52.897144+00:00,81.7,8,bid,YieldingYams,Kelvin Chan,1863876
2026-07-13T22:06:52.887733,2026-07-13T22:06:52.897144+00:00,81.7,200,bid,YieldingYams,WavyWalnuts,1863877
2026-07-13T22:06:52.887733,2026-07-13T22:06:52.897144+00:00,81.7,417,bid,YieldingYams,AverageAlmonds,1863878
2026-07-13T22:06:53.313220,2026-07-13T22:06:53.317068+00:00,81.7,200,bid,WavyWalnuts,AverageAlmonds,1863893
2026-07-13T22:06:55.736658,2026-07-13T22:06:55.769938+00:00,81.6,4,bid,WavyWalnuts,Kelvin Chan,1863946
2026-07-13T22:06:55.736658,2026-07-13T22:06:55.769938+00:00,81.6,196,bid,WavyWalnuts,YieldingYams,1863947
2026-07-13T22:06:56.821343,2026-07-13T22:06:56.825703+00:00,81.6,6,bid,YieldingYams,Kelvin Chan,1863985
2026-07-13T22:06:56.821343,2026-07-13T22:06:56.825703+00:00,81.7,200,bid,YieldingYams,WavyWalnuts,1863986
2026-07-13T22:06:56.821343,2026-07-13T22:06:56.836388+00:00,81.7,419,bid,YieldingYams,AverageAlmonds,1863987
2026-07-13T22:06:58.158688,2026-07-13T22:06:58.160615+00:00,81.6,8,bid,WavyWalnuts,Kelvin Chan,1864011
2026-07-13T22:06:58.158688,2026-07-13T22:06:58.171374+00:00,81.6,192,bid,WavyWalnuts,AverageAlmonds,1864012
2026-07-13T22:07:00.536990,2026-07-13T22:07:00.543494+00:00,81.5,200,ask,WavyWalnuts,AverageAlmonds,1864064
2026-07-13T22:07:00.574645,2026-07-13T22:07:00.586016+00:00,81.5,200,bid,WavyWalnuts,AverageAlmonds,1864066
2026-07-13T22:07:01.781296,2026-07-13T22:07:01.791131+00:00,81.5,200,bid,WavyWalnuts,YieldingYams,1864093
2026-07-13T22:07:02.994155,2026-07-13T22:07:02.996483+00:00,81.6,200,bid,WavyWalnuts,YieldingYams,1864114
2026-07-13T22:07:03.377566,2026-07-13T22:07:03.390610+00:00,81.6,500,bid,YieldingYams,AverageAlmonds,1864124
2026-07-13T22:07:03.575981,2026-07-13T22:07:03.587969+00:00,81.6,125,ask,YieldingYams,AverageAlmonds,1864135
2026-07-13T22:07:03.575981,2026-07-13T22:07:03.587969+00:00,81.6,3,ask,Sze-Yong Ng,AverageAlmonds,1864136
2026-07-13T22:07:04.207839,2026-07-13T22:07:04.217142+00:00,81.6,200,bid,WavyWalnuts,AverageAlmonds,1864156
2026-07-13T22:07:05.414737,2026-07-13T22:07:05.417661+00:00,81.5,200,bid,WavyWalnuts,YieldingYams,1864193
2026-07-13T22:07:07.313887,2026-07-13T22:07:07.325243+00:00,81.5,200,bid,YieldingYams,WavyWalnuts,1864230
2026-07-13T22:07:10.255492,2026-07-13T22:07:10.265038+00:00,81.6,200,bid,WavyWalnuts,YieldingYams,1864283
2026-07-13T22:07:11.473843,2026-07-13T22:07:11.476836+00:00,81.6,200,bid,WavyWalnuts,YieldingYams,1864306
2026-07-13T22:07:12.553034,2026-07-13T22:07:12.554828+00:00,81.6,500,bid,YieldingYams,AverageAlmonds,1864330
2026-07-13T22:07:12.636571,2026-07-13T22:07:12.638532+00:00,81.6,125,ask,YieldingYams,AverageAlmonds,1864337
2026-07-13T22:07:12.683975,2026-07-13T22:07:12.691546+00:00,81.6,200,bid,WavyWalnuts,AverageAlmonds,1864338
2026-07-13T22:07:13.893167,2026-07-13T22:07:13.905474+00:00,81.5,200,bid,WavyWalnuts,YieldingYams,1864370
2026-07-13T22:07:15.115022,2026-07-13T22:07:15.123144+00:00,81.5,200,bid,WavyWalnuts,YieldingYams,1864400
2026-07-13T22:07:16.504795,2026-07-13T22:07:16.511536+00:00,81.3,2,ask,Kelvin Chan,YieldingYams,1864422
2026-07-13T22:07:16.504795,2026-07-13T22:07:16.511536+00:00,81.3,200,ask,WavyWalnuts,YieldingYams,1864423
2026-07-13T22:07:19.122433,2026-07-13T22:07:19.126218+00:00,81.4,200,bid,YieldingYams,WavyWalnuts,1864486
2026-07-13T22:07:20.435931,2026-07-13T22:07:20.444770+00:00,81.4,200,ask,WavyWalnuts,YieldingYams,1864508
2026-07-13T22:07:24.090210,2026-07-13T22:07:24.092772+00:00,81.4,20,ask,YieldingYams,BrilliantBurritos,1864575
2026-07-13T22:07:29.613339,2026-07-13T22:07:29.625642+00:00,81.6,200,bid,YieldingYams,WavyWalnuts,1864664
2026-07-13T22:07:31.867159,2026-07-13T22:07:31.870999+00:00,81.7,1,bid,BrilliantBurritos,Kelvin Chan,1864706
2026-07-13T22:07:31.867159,2026-07-13T22:07:31.881623+00:00,81.7,19,bid,BrilliantBurritos,WavyWalnuts,1864707
2026-07-13T22:07:32.232979,2026-07-13T22:07:32.235690+00:00,81.7,20,bid,BrilliantBurritos,WavyWalnuts,1864714
2026-07-13T22:07:35.891956,2026-07-13T22:07:35.904831+00:00,81.4,2,ask,Kelvin Chan,BrilliantBurritos,1864783
2026-07-13T22:07:35.891956,2026-07-13T22:07:35.904831+00:00,81.4,18,ask,YieldingYams,BrilliantBurritos,1864784
2026-07-13T22:07:36.163748,2026-07-13T22:07:36.174336+00:00,81.4,3,ask,Kelvin Chan,YieldingYams,1864793
2026-07-13T22:07:37.905147,2026-07-13T22:07:37.908529+00:00,81.5,44,bid,Andy Garg,WavyWalnuts,1864822
2026-07-13T22:07:38.115575,2026-07-13T22:07:38.121041+00:00,81.4,200,ask,YieldingYams,WavyWalnuts,1864826
2026-07-13T22:07:38.780593,2026-07-13T22:07:38.783161+00:00,81.4,3,ask,Sze-Yong Ng,YieldingYams,1864840
2026-07-13T22:07:38.780593,2026-07-13T22:07:38.798939+00:00,81.3,200,ask,WavyWalnuts,YieldingYams,1864841
2026-07-13T22:07:39.324508,2026-07-13T22:07:39.332504+00:00,81.2,200,bid,WavyWalnuts,YieldingYams,1864849
2026-07-13T22:07:39.599662,2026-07-13T22:07:39.610188+00:00,81.2,44,bid,Andy Garg,YieldingYams,1864853
2026-07-13T22:07:39.611123,2026-07-13T22:07:39.620968+00:00,81.1,14,ask,Sze-Yong Ng,Andy Garg,1864854
2026-07-13T22:07:39.894969,2026-07-13T22:07:39.907257+00:00,81.1,36,bid,AverageAlmonds,Andy Garg,1864858
2026-07-13T22:07:40.088798,2026-07-13T22:07:40.091338+00:00,81.2,33,bid,YieldingYams,Andy Garg,1864865
2026-07-13T22:07:41.210985,2026-07-13T22:07:41.214892+00:00,81.3,20,ask,YieldingYams,BrilliantBurritos,1864885
2026-07-13T22:07:42.080158,2026-07-13T22:07:42.084615+00:00,81.4,3,bid,Andy Garg,Sze-Yong Ng,1864900
2026-07-13T22:07:42.080158,2026-07-13T22:07:42.084615+00:00,81.4,41,bid,Andy Garg,YieldingYams,1864901
2026-07-13T22:07:42.710258,2026-07-13T22:07:42.717276+00:00,81.3,200,ask,WavyWalnuts,YieldingYams,1864914
2026-07-13T22:07:43.184005,2026-07-13T22:07:43.188638+00:00,81.3,38,bid,Andy Garg,YieldingYams,1864923
2026-07-13T22:07:44.021399,2026-07-13T22:07:44.030966+00:00,81.2,3,ask,Sze-Yong Ng,YieldingYams,1864940
2026-07-13T22:07:44.160396,2026-07-13T22:07:44.170148+00:00,81.2,200,bid,WavyWalnuts,YieldingYams,1864944
2026-07-13T22:07:44.247718,2026-07-13T22:07:44.256564+00:00,81.2,44,bid,Andy Garg,YieldingYams,1864949
2026-07-13T22:07:44.708935,2026-07-13T22:07:44.714286+00:00,81.1,20,ask,YieldingYams,BrilliantBurritos,1864959
2026-07-13T22:07:45.340641,2026-07-13T22:07:45.347160+00:00,81.3,50,bid,YieldingYams,Andy Garg,1864968
2026-07-13T22:07:45.340641,2026-07-13T22:07:45.347160+00:00,81.4,200,bid,YieldingYams,WavyWalnuts,1864969
2026-07-13T22:07:46.188368,2026-07-13T22:07:46.198895+00:00,81.4,50,ask,YieldingYams,Andy Garg,1864980
2026-07-13T22:07:46.657910,2026-07-13T22:07:46.659981+00:00,81.4,74,ask,Sze-Yong Ng,YieldingYams,1864995
2026-07-13T22:07:46.657910,2026-07-13T22:07:46.670934+00:00,81.3,200,ask,WavyWalnuts,YieldingYams,1864996
2026-07-13T22:07:47.020777,2026-07-13T22:07:47.031316+00:00,81.3,20,bid,BrilliantBurritos,YieldingYams,1865007
2026-07-13T22:07:47.680110,2026-07-13T22:07:47.683485+00:00,81.1,5,ask,YieldingYams,Andy Garg,1865021
2026-07-13T22:07:50.214690,2026-07-13T22:07:50.223308+00:00,81.2,200,ask,YieldingYams,WavyWalnuts,1865068
2026-07-13T22:07:50.592421,2026-07-13T22:07:50.596498+00:00,81.2,500,ask,AverageAlmonds,YieldingYams,1865073
2026-07-13T22:07:50.792338,2026-07-13T22:07:50.801251+00:00,81.1,125,bid,AverageAlmonds,YieldingYams,1865076
2026-07-13T22:07:50.792338,2026-07-13T22:07:50.801251+00:00,81.1,61,bid,AverageAlmonds,Sze-Yong Ng,1865077
2026-07-13T22:07:52.637649,2026-07-13T22:07:52.642328+00:00,81.2,200,ask,AverageAlmonds,WavyWalnuts,1865112
2026-07-13T22:07:53.860389,2026-07-13T22:07:53.863661+00:00,81.2,200,ask,YieldingYams,WavyWalnuts,1865137
2026-07-13T22:07:55.073272,2026-07-13T22:07:55.075657+00:00,81.2,200,ask,AverageAlmonds,WavyWalnuts,1865163
2026-07-13T22:07:55.979224,2026-07-13T22:07:55.986018+00:00,81.5,9,bid,Andy Garg,Kelvin Chan,1865195
2026-07-13T22:07:55.979224,2026-07-13T22:07:55.986018+00:00,81.5,34,bid,Andy Garg,YieldingYams,1865196
2026-07-13T22:07:56.283335,2026-07-13T22:07:56.286015+00:00,81.3,200,ask,YieldingYams,WavyWalnuts,1865200
2026-07-13T22:07:57.491201,2026-07-13T22:07:57.499753+00:00,81.3,200,ask,AverageAlmonds,WavyWalnuts,1865235
2026-07-13T22:07:58.515159,2026-07-13T22:07:58.521322+00:00,81.3,20,ask,AverageAlmonds,BrilliantBurritos,1865250
2026-07-13T22:08:01.733088,2026-07-13T22:08:01.736516+00:00,81.3,50,ask,AverageAlmonds,Andy Garg,1865326
2026-07-13T22:08:03.372619,2026-07-13T22:08:03.384307+00:00,81.3,5,ask,WavyWalnuts,Andy Garg,1865364
2026-07-13T22:08:03.531479,2026-07-13T22:08:03.536622+00:00,81.4,200,bid,WavyWalnuts,YieldingYams,1865369
2026-07-13T22:08:03.710829,2026-07-13T22:08:03.725138+00:00,81.4,9,bid,YieldingYams,Andy Garg,1865374
2026-07-13T22:08:03.710829,2026-07-13T22:08:03.725138+00:00,81.5,3,bid,YieldingYams,Kelvin Chan,1865375
2026-07-13T22:08:03.710829,2026-07-13T22:08:03.725138+00:00,81.6,200,bid,YieldingYams,WavyWalnuts,1865376
2026-07-13T22:08:04.739425,2026-07-13T22:08:04.751399+00:00,81.6,200,ask,YieldingYams,WavyWalnuts,1865396
2026-07-13T22:08:08.014276,2026-07-13T22:08:08.019093+00:00,81.5,20,bid,BrilliantBurritos,Sze-Yong Ng,1865485
2026-07-13T22:08:08.982106,2026-07-13T22:08:08.988285+00:00,81.4,200,ask,WavyWalnuts,YieldingYams,1865502
2026-07-13T22:08:10.290833,2026-07-13T22:08:10.292552+00:00,81.4,1,bid,YieldingYams,Sze-Yong Ng,1865538
2026-07-13T22:08:10.804556,2026-07-13T22:08:10.814440+00:00,81.4,200,ask,YieldingYams,WavyWalnuts,1865540
2026-07-13T22:08:12.910091,2026-07-13T22:08:12.919989+00:00,81.4,200,ask,WavyWalnuts,YieldingYams,1865566
2026-07-13T22:08:12.910091,2026-07-13T22:08:12.919989+00:00,81.3,425,ask,AverageAlmonds,YieldingYams,1865567
2026-07-13T22:08:15.369626,2026-07-13T22:08:15.381037+00:00,81.4,20,ask,YieldingYams,BrilliantBurritos,1865612
2026-07-13T22:08:15.642347,2026-07-13T22:08:15.645984+00:00,81.5,200,ask,YieldingYams,WavyWalnuts,1865618
2026-07-13T22:08:16.852731,2026-07-13T22:08:16.858001+00:00,81.5,200,ask,YieldingYams,WavyWalnuts,1865637
2026-07-13T22:08:17.093214,2026-07-13T22:08:17.101758+00:00,81.5,20,ask,YieldingYams,BrilliantBurritos,1865642
2026-07-13T22:08:20.203564,2026-07-13T22:08:20.206558+00:00,81.5,49,bid,Andy Garg,WavyWalnuts,1865694
2026-07-13T22:08:20.493762,2026-07-13T22:08:20.504551+00:00,81.4,200,ask,YieldingYams,WavyWalnuts,1865702
2026-07-13T22:08:21.710271,2026-07-13T22:08:21.718114+00:00,81.4,200,bid,WavyWalnuts,YieldingYams,1865725
2026-07-13T22:08:22.398559,2026-07-13T22:08:22.402153+00:00,81.5,49,bid,Andy Garg,WavyWalnuts,1865744
2026-07-13T22:08:22.924676,2026-07-13T22:08:22.936317+00:00,81.4,200,ask,YieldingYams,WavyWalnuts,1865757
2026-07-13T22:08:25.358645,2026-07-13T22:08:25.367432+00:00,81.4,8,ask,Sze-Yong Ng,WavyWalnuts,1865795
2026-07-13T22:08:25.358645,2026-07-13T22:08:25.367432+00:00,81.4,192,ask,YieldingYams,WavyWalnuts,1865796
2026-07-13T22:08:26.568988,2026-07-13T22:08:26.578256+00:00,81.3,200,ask,YieldingYams,WavyWalnuts,1865812
2026-07-13T22:08:26.962745,2026-07-13T22:08:26.969592+00:00,81.4,47,bid,Andy Garg,YieldingYams,1865826
2026-07-13T22:08:27.330755,2026-07-13T22:08:27.353936+00:00,81.3,113,ask,Sze-Yong Ng,YieldingYams,1865837
2026-07-13T22:08:27.330755,2026-07-13T22:08:27.353936+00:00,81.3,500,ask,AverageAlmonds,YieldingYams,1865838
2026-07-13T22:08:27.721586,2026-07-13T22:08:27.726370+00:00,81.3,12,bid,AverageAlmonds,YieldingYams,1865852
2026-07-13T22:08:27.777694,2026-07-13T22:08:27.779660+00:00,81.3,200,ask,AverageAlmonds,WavyWalnuts,1865856
2026-07-13T22:08:28.512848,2026-07-13T22:08:28.517223+00:00,81.3,3,ask,Sze-Yong Ng,Andy Garg,1865874
2026-07-13T22:08:28.512848,2026-07-13T22:08:28.517223+00:00,81.3,42,ask,AverageAlmonds,Andy Garg,1865875
2026-07-13T22:08:28.986303,2026-07-13T22:08:28.988458+00:00,81.4,200,ask,YieldingYams,WavyWalnuts,1865884
2026-07-13T22:08:29.028663,2026-07-13T22:08:29.040742+00:00,81.4,20,ask,YieldingYams,BrilliantBurritos,1865888
2026-07-13T22:08:30.193981,2026-07-13T22:08:30.197465+00:00,81.3,200,ask,YieldingYams,WavyWalnuts,1865909
2026-07-13T22:08:30.317921,2026-07-13T22:08:30.326557+00:00,81.5,20,bid,BrilliantBurritos,YieldingYams,1865910
2026-07-13T22:08:31.406837,2026-07-13T22:08:31.409277+00:00,81.3,200,ask,YieldingYams,WavyWalnuts,1865938
2026-07-13T22:08:35.058083,2026-07-13T22:08:35.063115+00:00,81.5,45,bid,Andy Garg,YieldingYams,1866001
2026-07-13T22:08:36.555820,2026-07-13T22:08:36.558891+00:00,81.5,5,bid,Andy Garg,AverageAlmonds,1866037
2026-07-13T22:08:39.058523,2026-07-13T22:08:39.069871+00:00,81.4,20,bid,BrilliantBurritos,WavyWalnuts,1866072
2026-07-13T22:08:42.240921,2026-07-13T22:08:42.249851+00:00,81.3,500,bid,AverageAlmonds,YieldingYams,1866142
2026-07-13T22:08:42.297388,2026-07-13T22:08:42.334675+00:00,81.2,2,ask,Kelvin Chan,WavyWalnuts,1866144
2026-07-13T22:08:42.834624,2026-07-13T22:08:42.860176+00:00,81.2,198,bid,AverageAlmonds,WavyWalnuts,1866162
2026-07-13T22:08:42.834624,2026-07-13T22:08:42.860176+00:00,81.3,125,bid,AverageAlmonds,YieldingYams,1866163
2026-07-13T22:08:43.092864,2026-07-13T22:08:43.096323+00:00,81.5,50,bid,YieldingYams,Andy Garg,1866167
2026-07-13T22:08:43.092864,2026-07-13T22:08:43.096323+00:00,81.6,1,bid,YieldingYams,Kelvin Chan,1866168
2026-07-13T22:08:43.452678,2026-07-13T22:08:43.461117+00:00,81.7,500,ask,YieldingYams,AverageAlmonds,1866175
2026-07-13T22:08:43.514842,2026-07-13T22:08:43.525909+00:00,81.7,74,ask,YieldingYams,WavyWalnuts,1866178
2026-07-13T22:08:43.514842,2026-07-13T22:08:43.525909+00:00,81.3,8,ask,Kelvin Chan,WavyWalnuts,1866179
2026-07-13T22:08:43.514842,2026-07-13T22:08:43.525909+00:00,81.2,118,ask,AverageAlmonds,WavyWalnuts,1866180
2026-07-13T22:08:44.731196,2026-07-13T22:08:44.737558+00:00,81.3,8,ask,Kelvin Chan,WavyWalnuts,1866208
2026-07-13T22:08:44.731196,2026-07-13T22:08:44.737558+00:00,81.3,192,ask,YieldingYams,WavyWalnuts,1866209
2026-07-13T22:08:45.648351,2026-07-13T22:08:45.651060+00:00,81.5,45,bid,Andy Garg,YieldingYams,1866227
2026-07-13T22:08:45.942790,2026-07-13T22:08:45.949109+00:00,81.3,50,ask,Andy Garg,WavyWalnuts,1866235
2026-07-13T22:08:45.942790,2026-07-13T22:08:45.949109+00:00,81.3,7,ask,Kelvin Chan,WavyWalnuts,1866236
2026-07-13T22:08:45.942790,2026-07-13T22:08:45.949109+00:00,81.3,143,ask,AverageAlmonds,WavyWalnuts,1866237
2026-07-13T22:08:47.156306,2026-07-13T22:08:47.168370+00:00,81.3,19,ask,Sze-Yong Ng,WavyWalnuts,1866261
2026-07-13T22:08:47.156306,2026-07-13T22:08:47.168370+00:00,81.3,181,ask,AverageAlmonds,WavyWalnuts,1866262
2026-07-13T22:08:48.294290,2026-07-13T22:08:48.297138+00:00,81.4,500,bid,AverageAlmonds,YieldingYams,1866290
2026-07-13T22:08:48.367866,2026-07-13T22:08:48.371896+00:00,81.5,200,ask,YieldingYams,WavyWalnuts,1866297
2026-07-13T22:08:48.883336,2026-07-13T22:08:48.892798+00:00,81.6,1,bid,Dinh Nguyen,Kelvin Chan,1866310
2026-07-13T22:08:48.883336,2026-07-13T22:08:48.892798+00:00,81.7,1,bid,Dinh Nguyen,YieldingYams,1866311
2026-07-13T22:08:49.582919,2026-07-13T22:08:49.587283+00:00,81.5,200,ask,YieldingYams,WavyWalnuts,1866321
2026-07-13T22:08:50.136299,2026-07-13T22:08:50.142060+00:00,81.6,2,bid,Dinh Nguyen,YieldingYams,1866341
2026-07-13T22:08:51.377258,2026-07-13T22:08:51.384959+00:00,81.5,2,bid,Dinh Nguyen,YieldingYams,1866358
2026-07-13T22:08:51.709902,2026-07-13T22:08:51.714317+00:00,81.4,20,ask,WavyWalnuts,BrilliantBurritos,1866363
2026-07-13T22:08:52.891675,2026-07-13T22:08:52.896154+00:00,81.5,25,bid,Dinh Nguyen,YieldingYams,1866383
2026-07-13T22:08:53.159235,2026-07-13T22:08:53.162896+00:00,81.5,2,bid,Dinh Nguyen,YieldingYams,1866384
2026-07-13T22:08:53.597066,2026-07-13T22:08:53.613995+00:00,81.4,200,ask,WavyWalnuts,YieldingYams,1866396
2026-07-13T22:08:54.412263,2026-07-13T22:08:54.420371+00:00,81.4,200,bid,WavyWalnuts,YieldingYams,1866409
2026-07-13T22:08:54.666469,2026-07-13T22:08:54.673896+00:00,81.4,25,bid,Dinh Nguyen,YieldingYams,1866413
2026-07-13T22:08:54.906857,2026-07-13T22:08:54.914927+00:00,81.6,1,bid,YieldingYams,Kelvin Chan,1866415
2026-07-13T22:08:54.906857,2026-07-13T22:08:54.914927+00:00,81.6,200,bid,YieldingYams,WavyWalnuts,1866416
2026-07-13T22:08:54.917335,2026-07-13T22:08:54.925570+00:00,81.7,2,bid,Dinh Nguyen,AverageAlmonds,1866418
2026-07-13T22:08:56.172907,2026-07-13T22:08:56.180152+00:00,81.7,2,bid,Dinh Nguyen,Kelvin Chan,1866456
2026-07-13T22:08:56.231944,2026-07-13T22:08:56.234454+00:00,81.7,1,bid,YieldingYams,Kelvin Chan,1866462
2026-07-13T22:08:56.231944,2026-07-13T22:08:56.245386+00:00,81.7,200,bid,YieldingYams,WavyWalnuts,1866463
2026-07-13T22:08:56.231944,2026-07-13T22:08:56.245386+00:00,81.7,424,bid,YieldingYams,AverageAlmonds,1866464
2026-07-13T22:08:56.768554,2026-07-13T22:08:56.770238+00:00,81.6,13,ask,Sze-Yong Ng,AverageAlmonds,1866473
2026-07-13T22:08:56.828103,2026-07-13T22:08:56.831104+00:00,81.6,200,bid,WavyWalnuts,AverageAlmonds,1866477
2026-07-13T22:08:57.422328,2026-07-13T22:08:57.431282+00:00,81.7,2,bid,Dinh Nguyen,AverageAlmonds,1866480
2026-07-13T22:08:58.853611,2026-07-13T22:08:58.866014+00:00,81.6,200,ask,WavyWalnuts,YieldingYams,1866512
2026-07-13T22:08:58.924340,2026-07-13T22:08:58.930383+00:00,81.6,25,bid,Dinh Nguyen,YieldingYams,1866516
2026-07-13T22:08:59.175335,2026-07-13T22:08:59.177601+00:00,81.6,2,bid,Dinh Nguyen,YieldingYams,1866525
2026-07-13T22:09:00.164044,2026-07-13T22:09:00.168988+00:00,81.5,200,bid,YieldingYams,WavyWalnuts,1866554
2026-07-13T22:09:00.449124,2026-07-13T22:09:00.451295+00:00,81.5,200,ask,YieldingYams,WavyWalnuts,1866560
2026-07-13T22:09:00.693403,2026-07-13T22:09:00.698504+00:00,81.6,1,bid,Dinh Nguyen,Kelvin Chan,1866566
2026-07-13T22:09:00.693403,2026-07-13T22:09:00.698504+00:00,81.6,24,bid,Dinh Nguyen,AverageAlmonds,1866567
2026-07-13T22:09:02.447857,2026-07-13T22:09:02.458667+00:00,81.5,25,bid,Dinh Nguyen,YieldingYams,1866607
2026-07-13T22:09:04.209404,2026-07-13T22:09:04.218027+00:00,81.6,25,bid,Dinh Nguyen,AverageAlmonds,1866652
2026-07-13T22:09:05.280729,2026-07-13T22:09:05.285125+00:00,81.6,200,bid,WavyWalnuts,YieldingYams,1866670
2026-07-13T22:09:05.396032,2026-07-13T22:09:05.415167+00:00,81.6,500,bid,YieldingYams,AverageAlmonds,1866672
2026-07-13T22:09:06.706427,2026-07-13T22:09:06.718144+00:00,81.6,200,ask,WavyWalnuts,YieldingYams,1866717
2026-07-13T22:09:06.810497,2026-07-13T22:09:06.814685+00:00,81.3,48,ask,YieldingYams,Andy Garg,1866720
2026-07-13T22:09:06.956347,2026-07-13T22:09:06.964238+00:00,81.3,2,ask,YieldingYams,Dinh Nguyen,1866721
2026-07-13T22:09:07.706377,2026-07-13T22:09:07.714520+00:00,81.5,200,bid,WavyWalnuts,YieldingYams,1866737
2026-07-13T22:09:08.285646,2026-07-13T22:09:08.295572+00:00,81.3,2,ask,YieldingYams,Andy Garg,1866748
2026-07-13T22:09:08.912161,2026-07-13T22:09:08.920253+00:00,81.3,48,ask,YieldingYams,Andy Garg,1866763
2026-07-13T22:09:09.454348,2026-07-13T22:09:09.461821+00:00,81.3,2,ask,YieldingYams,Dinh Nguyen,1866771
2026-07-13T22:09:09.961216,2026-07-13T22:09:09.968219+00:00,81.4,1,bid,Andy Garg,WavyWalnuts,1866783
2026-07-13T22:09:10.130695,2026-07-13T22:09:10.136748+00:00,81.3,200,ask,YieldingYams,WavyWalnuts,1866788
2026-07-13T22:09:10.686341,2026-07-13T22:09:10.689922+00:00,81.2,2,ask,Kelvin Chan,Dinh Nguyen,1866798
2026-07-13T22:09:10.787673,2026-07-13T22:09:10.795888+00:00,81.4,47,bid,Andy Garg,YieldingYams,1866803
2026-07-13T22:09:11.926883,2026-07-13T22:09:11.932436+00:00,81.3,2,ask,Kelvin Chan,Dinh Nguyen,1866830
2026-07-13T22:09:12.545662,2026-07-13T22:09:12.554333+00:00,81.3,200,ask,YieldingYams,WavyWalnuts,1866844
2026-07-13T22:09:13.071021,2026-07-13T22:09:13.082741+00:00,81.3,50,ask,YieldingYams,Andy Garg,1866868
2026-07-13T22:09:13.164725,2026-07-13T22:09:13.168566+00:00,81.3,2,ask,YieldingYams,Dinh Nguyen,1866874
2026-07-13T22:09:13.752685,2026-07-13T22:09:13.757811+00:00,81.3,1,ask,Kelvin Chan,WavyWalnuts,1866883
2026-07-13T22:09:14.399145,2026-07-13T22:09:14.402038+00:00,81.2,1,ask,YieldingYams,Dinh Nguyen,1866891
2026-07-13T22:09:14.582855,2026-07-13T22:09:14.592772+00:00,81.3,199,bid,YieldingYams,WavyWalnuts,1866897
2026-07-13T22:09:16.179501,2026-07-13T22:09:16.181405+00:00,81.4,200,bid,WavyWalnuts,YieldingYams,1866919
2026-07-13T22:09:17.393577,2026-07-13T22:09:17.402095+00:00,81.3,200,bid,WavyWalnuts,YieldingYams,1866940
2026-07-13T22:09:19.312956,2026-07-13T22:09:19.319296+00:00,81.2,2,ask,Kelvin Chan,Andy Garg,1866977
2026-07-13T22:09:19.312956,2026-07-13T22:09:19.319296+00:00,81.2,48,ask,YieldingYams,Andy Garg,1866978
2026-07-13T22:09:19.813225,2026-07-13T22:09:19.815367+00:00,81.2,200,ask,YieldingYams,WavyWalnuts,1866993
2026-07-13T22:09:23.444598,2026-07-13T22:09:23.455061+00:00,81.3,200,ask,YieldingYams,WavyWalnuts,1867053
2026-07-13T22:09:25.094608,2026-07-13T22:09:25.104793+00:00,81.2,500,ask,AverageAlmonds,YieldingYams,1867074
2026-07-13T22:09:25.094608,2026-07-13T22:09:25.104793+00:00,81.2,125,ask,WavyWalnuts,YieldingYams,1867075
2026-07-13T22:09:25.732373,2026-07-13T22:09:25.740026+00:00,81.3,50,bid,Andy Garg,Sze-Yong Ng,1867082
2026-07-13T22:09:27.628572,2026-07-13T22:09:27.638559+00:00,81.4,20,bid,BrilliantBurritos,YieldingYams,1867111
2026-07-13T22:09:27.821743,2026-07-13T22:09:27.831927+00:00,81.5,10,bid,Andy Garg,Kelvin Chan,1867117
2026-07-13T22:09:27.821743,2026-07-13T22:09:27.831927+00:00,81.5,40,bid,Andy Garg,WavyWalnuts,1867118
2026-07-13T22:09:28.301848,2026-07-13T22:09:28.304573+00:00,81.4,200,ask,YieldingYams,WavyWalnuts,1867127
2026-07-13T22:09:29.031931,2026-07-13T22:09:29.036783+00:00,81.5,50,bid,YieldingYams,Andy Garg,1867140
2026-07-13T22:09:30.344013,2026-07-13T22:09:30.351884+00:00,81.6,10,bid,YieldingYams,Kelvin Chan,1867171
2026-07-13T22:09:30.344013,2026-07-13T22:09:30.351884+00:00,81.6,200,bid,YieldingYams,WavyWalnuts,1867172
2026-07-13T22:09:30.681261,2026-07-13T22:09:30.692355+00:00,81.6,415,ask,YieldingYams,AverageAlmonds,1867184
2026-07-13T22:09:31.281985,2026-07-13T22:09:31.294595+00:00,81.5,200,ask,WavyWalnuts,AverageAlmonds,1867194
2026-07-13T22:09:33.138854,2026-07-13T22:09:33.145646+00:00,81.4,50,ask,Andy Garg,WavyWalnuts,1867221
2026-07-13T22:09:33.138854,2026-07-13T22:09:33.145646+00:00,81.4,15,ask,Sze-Yong Ng,WavyWalnuts,1867222
2026-07-13T22:09:33.138854,2026-07-13T22:09:33.145646+00:00,81.4,135,ask,YieldingYams,WavyWalnuts,1867223
2026-07-13T22:09:35.897647,2026-07-13T22:09:35.908071+00:00,81.5,20,bid,BrilliantBurritos,Andy Garg,1867255
2026-07-13T22:09:36.198815,2026-07-13T22:09:36.200920+00:00,81.4,50,ask,WavyWalnuts,Andy Garg,1867261
2026-07-13T22:09:36.764479,2026-07-13T22:09:36.773343+00:00,81.5,200,bid,WavyWalnuts,YieldingYams,1867274
2026-07-13T22:09:37.939481,2026-07-13T22:09:37.941280+00:00,81.5,500,ask,YieldingYams,AverageAlmonds,1867303
2026-07-13T22:09:37.972012,2026-07-13T22:09:37.983755+00:00,81.6,2,bid,WavyWalnuts,Kelvin Chan,1867307
2026-07-13T22:09:38.199797,2026-07-13T22:09:38.211714+00:00,81.6,198,ask,WavyWalnuts,YieldingYams,1867317
2026-07-13T22:09:38.293415,2026-07-13T22:09:38.296252+00:00,81.3,30,ask,YieldingYams,Andy Garg,1867320
2026-07-13T22:09:38.833628,2026-07-13T22:09:38.838850+00:00,81.3,2,ask,YieldingYams,Dinh Nguyen,1867329
2026-07-13T22:09:39.181527,2026-07-13T22:09:39.187022+00:00,81.5,200,bid,WavyWalnuts,YieldingYams,1867332
2026-07-13T22:09:39.507511,2026-07-13T22:09:39.512772+00:00,81.5,78,bid,YieldingYams,Sze-Yong Ng,1867334
2026-07-13T22:09:39.507511,2026-07-13T22:09:39.512772+00:00,81.6,2,bid,YieldingYams,Kelvin Chan,1867335
2026-07-13T22:09:39.507511,2026-07-13T22:09:39.512772+00:00,81.6,500,bid,YieldingYams,AverageAlmonds,1867336
2026-07-13T22:09:39.766045,2026-07-13T22:09:39.772303+00:00,81.7,45,ask,YieldingYams,AverageAlmonds,1867350
2026-07-13T22:09:39.795466,2026-07-13T22:09:39.804399+00:00,81.3,20,ask,Andy Garg,BrilliantBurritos,1867353
2026-07-13T22:09:39.802052,2026-07-13T22:09:39.804399+00:00,81.5,50,bid,Andy Garg,AverageAlmonds,1867354
2026-07-13T22:09:40.072405,2026-07-13T22:09:40.080071+00:00,81.2,2,ask,Kelvin Chan,Dinh Nguyen,1867368
2026-07-13T22:09:40.459280,2026-07-13T22:09:40.462525+00:00,81.4,20,ask,WavyWalnuts,BrilliantBurritos,1867379
2026-07-13T22:09:41.302236,2026-07-13T22:09:41.313714+00:00,81.4,2,ask,WavyWalnuts,Dinh Nguyen,1867400
2026-07-13T22:09:41.463514,2026-07-13T22:09:41.473780+00:00,81.4,37,ask,WavyWalnuts,Andy Garg,1867405
2026-07-13T22:09:42.136744,2026-07-13T22:09:42.143127+00:00,81.5,22,bid,YieldingYams,Sze-Yong Ng,1867418
2026-07-13T22:09:42.136744,2026-07-13T22:09:42.143127+00:00,81.5,200,bid,YieldingYams,WavyWalnuts,1867419
2026-07-13T22:09:42.538386,2026-07-13T22:09:42.545652+00:00,81.5,2,ask,YieldingYams,Dinh Nguyen,1867424
2026-07-13T22:09:42.820882,2026-07-13T22:09:42.830376+00:00,81.5,200,ask,YieldingYams,WavyWalnuts,1867433
2026-07-13T22:09:43.599418,2026-07-13T22:09:43.602507+00:00,81.3,33,ask,WavyWalnuts,Andy Garg,1867454
2026-07-13T22:09:43.772377,2026-07-13T22:09:43.781012+00:00,81.3,2,ask,WavyWalnuts,Dinh Nguyen,1867455
2026-07-13T22:09:45.026877,2026-07-13T22:09:45.037617+00:00,81.4,2,ask,WavyWalnuts,Dinh Nguyen,1867479
2026-07-13T22:09:46.121929,2026-07-13T22:09:46.131497+00:00,81.6,6,bid,Andy Garg,Kelvin Chan,1867512
2026-07-13T22:09:46.121929,2026-07-13T22:09:46.131497+00:00,81.6,40,bid,Andy Garg,AverageAlmonds,1867513
2026-07-13T22:09:46.257409,2026-07-13T22:09:46.259235+00:00,81.5,2,ask,WavyWalnuts,Dinh Nguyen,1867516
2026-07-13T22:09:47.490366,2026-07-13T22:09:47.497733+00:00,81.5,2,ask,WavyWalnuts,Dinh Nguyen,1867534
2026-07-13T22:09:47.686832,2026-07-13T22:09:47.689257+00:00,81.5,200,ask,YieldingYams,WavyWalnuts,1867541
2026-07-13T22:09:48.200634,2026-07-13T22:09:48.209449+00:00,81.5,42,ask,YieldingYams,Andy Garg,1867555
2026-07-13T22:09:48.733196,2026-07-13T22:09:48.741315+00:00,81.3,2,ask,WavyWalnuts,Dinh Nguyen,1867564
2026-07-13T22:09:49.988400,2026-07-13T22:09:49.997037+00:00,81.3,2,ask,YieldingYams,Dinh Nguyen,1867581
2026-07-13T22:09:50.015118,2026-07-13T22:09:50.018583+00:00,81.3,200,ask,WavyWalnuts,YieldingYams,1867582
2026-07-13T22:09:51.228410,2026-07-13T22:09:51.238191+00:00,81.2,1,ask,WavyWalnuts,Dinh Nguyen,1867602
2026-07-13T22:09:51.228410,2026-07-13T22:09:51.238191+00:00,81.2,1,ask,Kelvin Chan,Dinh Nguyen,1867603
2026-07-13T22:09:51.336996,2026-07-13T22:09:51.344585+00:00,81.3,200,bid,YieldingYams,WavyWalnuts,1867607
2026-07-13T22:09:52.445211,2026-07-13T22:09:52.448343+00:00,81.3,5,ask,YieldingYams,Andy Garg,1867622
2026-07-13T22:09:52.484536,2026-07-13T22:09:52.491263+00:00,81.3,2,ask,YieldingYams,Dinh Nguyen,1867623
2026-07-13T22:09:52.500365,2026-07-13T22:09:52.502001+00:00,81.3,44,ask,YieldingYams,Andy Garg,1867625
2026-07-13T22:09:52.526498,2026-07-13T22:09:52.533915+00:00,81.3,200,ask,YieldingYams,WavyWalnuts,1867626
2026-07-13T22:09:52.651548,2026-07-13T22:09:52.661070+00:00,81.3,2,ask,Kelvin Chan,YieldingYams,1867632
2026-07-13T22:09:52.651548,2026-07-13T22:09:52.661070+00:00,81.0,500,ask,AverageAlmonds,YieldingYams,1867633
2026-07-13T22:09:52.651548,2026-07-13T22:09:52.661070+00:00,81.0,123,ask,WavyWalnuts,YieldingYams,1867634
2026-07-13T22:09:53.724225,2026-07-13T22:09:53.727884+00:00,81.3,2,ask,Kelvin Chan,Dinh Nguyen,1867645
2026-07-13T22:09:54.233380,2026-07-13T22:09:54.243218+00:00,81.0,2,ask,AverageAlmonds,Dinh Nguyen,1867654
2026-07-13T22:09:54.886003,2026-07-13T22:09:54.908345+00:00,81.1,200,bid,AverageAlmonds,WavyWalnuts,1867676
2026-07-13T22:09:54.886003,2026-07-13T22:09:54.908345+00:00,81.1,13,bid,AverageAlmonds,Sze-Yong Ng,1867677
2026-07-13T22:09:54.946736,2026-07-13T22:09:54.951272+00:00,81.2,200,bid,WavyWalnuts,YieldingYams,1867680
2026-07-13T22:09:55.503728,2026-07-13T22:09:55.514185+00:00,81.2,25,ask,YieldingYams,Dinh Nguyen,1867691
2026-07-13T22:09:56.025419,2026-07-13T22:09:56.029479+00:00,81.2,2,ask,YieldingYams,Dinh Nguyen,1867706
2026-07-13T22:09:56.159390,2026-07-13T22:09:56.167390+00:00,81.2,200,ask,YieldingYams,WavyWalnuts,1867712
2026-07-13T22:09:57.255630,2026-07-13T22:09:57.266452+00:00,81.0,25,ask,WavyWalnuts,Dinh Nguyen,1867733
2026-07-13T22:09:57.769110,2026-07-13T22:09:57.773839+00:00,81.1,2,ask,AverageAlmonds,Dinh Nguyen,1867744
2026-07-13T22:09:58.571827,2026-07-13T22:09:58.581708+00:00,81.2,200,bid,WavyWalnuts,YieldingYams,1867764
2026-07-13T22:09:59.022233,2026-07-13T22:09:59.027106+00:00,81.1,2,ask,Kelvin Chan,Dinh Nguyen,1867770
2026-07-13T22:09:59.778703,2026-07-13T22:09:59.789506+00:00,81.2,200,bid,WavyWalnuts,YieldingYams,1867781
2026-07-13T22:10:00.258394,2026-07-13T22:10:00.266919+00:00,81.1,2,ask,Kelvin Chan,Dinh Nguyen,1867786
2026-07-13T22:10:00.988108,2026-07-13T22:10:01.000379+00:00,81.3,200,ask,YieldingYams,WavyWalnuts,1867797
2026-07-13T22:10:01.493387,2026-07-13T22:10:01.502260+00:00,81.3,25,ask,YieldingYams,Dinh Nguyen,1867811
2026-07-13T22:10:01.934939,2026-07-13T22:10:01.946304+00:00,81.4,6,bid,BrilliantBurritos,Kelvin Chan,1867829
2026-07-13T22:10:01.934939,2026-07-13T22:10:01.946304+00:00,81.4,14,bid,BrilliantBurritos,YieldingYams,1867830
2026-07-13T22:10:01.999385,2026-07-13T22:10:02.011485+00:00,81.3,2,ask,YieldingYams,Dinh Nguyen,1867832
2026-07-13T22:10:03.234042,2026-07-13T22:10:03.244268+00:00,81.3,2,ask,WavyWalnuts,Dinh Nguyen,1867858
2026-07-13T22:10:03.403876,2026-07-13T22:10:03.413987+00:00,81.4,200,bid,WavyWalnuts,YieldingYams,1867863
2026-07-13T22:10:03.712929,2026-07-13T22:10:03.719203+00:00,81.4,48,bid,Andy Garg,YieldingYams,1867868
2026-07-13T22:10:04.341419,2026-07-13T22:10:04.353029+00:00,81.4,20,bid,BrilliantBurritos,YieldingYams,1867882
2026-07-13T22:10:04.474392,2026-07-13T22:10:04.479794+00:00,81.2,2,ask,YieldingYams,Dinh Nguyen,1867888
2026-07-13T22:10:05.498507,2026-07-13T22:10:05.509274+00:00,81.4,20,bid,BrilliantBurritos,YieldingYams,1867920
2026-07-13T22:10:05.723448,2026-07-13T22:10:05.729782+00:00,81.3,2,ask,WavyWalnuts,Dinh Nguyen,1867921
2026-07-13T22:10:06.956381,2026-07-13T22:10:06.965834+00:00,81.3,2,ask,YieldingYams,Dinh Nguyen,1867957
2026-07-13T22:10:07.102710,2026-07-13T22:10:07.114404+00:00,81.4,200,bid,YieldingYams,WavyWalnuts,1867961
2026-07-13T22:10:08.204094,2026-07-13T22:10:08.209059+00:00,81.5,2,ask,YieldingYams,Dinh Nguyen,1867973
2026-07-13T22:10:08.259746,2026-07-13T22:10:08.262528+00:00,81.5,200,ask,YieldingYams,WavyWalnuts,1867979
2026-07-13T22:10:08.515208,2026-07-13T22:10:08.517947+00:00,81.3,5,ask,WavyWalnuts,Andy Garg,1867985
2026-07-13T22:10:09.442438,2026-07-13T22:10:09.446689+00:00,81.3,2,ask,WavyWalnuts,Dinh Nguyen,1868000
2026-07-13T22:10:11.032410,2026-07-13T22:10:11.039991+00:00,81.4,200,bid,YieldingYams,WavyWalnuts,1868035
2026-07-13T22:10:11.625133,2026-07-13T22:10:11.632593+00:00,81.5,46,bid,Andy Garg,YieldingYams,1868049
2026-07-13T22:10:11.634461,2026-07-13T22:10:11.643180+00:00,81.4,43,ask,YieldingYams,Andy Garg,1868050
2026-07-13T22:10:12.076872,2026-07-13T22:10:12.085853+00:00,81.4,5,ask,YieldingYams,Andy Garg,1868059
2026-07-13T22:10:12.344066,2026-07-13T22:10:12.350136+00:00,81.4,200,ask,WavyWalnuts,YieldingYams,1868070
2026-07-13T22:10:14.975119,2026-07-13T22:10:14.985376+00:00,81.4,200,bid,YieldingYams,WavyWalnuts,1868125
2026-07-13T22:10:15.634554,2026-07-13T22:10:15.641604+00:00,81.4,25,ask,YieldingYams,Dinh Nguyen,1868136
2026-07-13T22:10:15.725889,2026-07-13T22:10:15.736768+00:00,81.5,4,bid,BrilliantBurritos,Kelvin Chan,1868139
2026-07-13T22:10:15.725889,2026-07-13T22:10:15.736768+00:00,81.5,16,bid,BrilliantBurritos,WavyWalnuts,1868140
2026-07-13T22:10:17.287812,2026-07-13T22:10:17.289867+00:00,81.3,200,bid,AverageAlmonds,WavyWalnuts,1868167
2026-07-13T22:10:17.972517,2026-07-13T22:10:17.983530+00:00,81.3,200,ask,YieldingYams,WavyWalnuts,1868176
2026-07-13T22:10:18.435642,2026-07-13T22:10:18.445859+00:00,81.5,50,bid,Andy Garg,YieldingYams,1868182
2026-07-13T22:10:18.735085,2026-07-13T22:10:18.740449+00:00,81.3,20,ask,YieldingYams,BrilliantBurritos,1868189
2026-07-13T22:10:20.392397,2026-07-13T22:10:20.404403+00:00,81.4,200,bid,WavyWalnuts,YieldingYams,1868217
2026-07-13T22:10:20.539153,2026-07-13T22:10:20.542931+00:00,81.4,50,bid,Andy Garg,YieldingYams,1868224
2026-07-13T22:10:20.759717,2026-07-13T22:10:20.764900+00:00,81.2,20,ask,YieldingYams,BrilliantBurritos,1868229
2026-07-13T22:10:26.706507,2026-07-13T22:10:26.708732+00:00,81.5,20,bid,BrilliantBurritos,YieldingYams,1868343
2026-07-13T22:10:26.969779,2026-07-13T22:10:26.972168+00:00,81.4,9,ask,WavyWalnuts,Andy Garg,1868351
2026-07-13T22:10:27.631409,2026-07-13T22:10:27.638442+00:00,81.4,50,ask,WavyWalnuts,Andy Garg,1868367
2026-07-13T22:10:27.990451,2026-07-13T22:10:27.995657+00:00,81.4,25,ask,AverageAlmonds,Dinh Nguyen,1868372
2026-07-13T22:10:28.071362,2026-07-13T22:10:28.079885+00:00,81.4,475,ask,AverageAlmonds,YieldingYams,1868379
2026-07-13T22:10:28.071362,2026-07-13T22:10:28.079885+00:00,81.4,150,ask,WavyWalnuts,YieldingYams,1868380
2026-07-13T22:10:28.175450,2026-07-13T22:10:28.185004+00:00,81.5,200,bid,AverageAlmonds,WavyWalnuts,1868382
2026-07-13T22:10:28.175450,2026-07-13T22:10:28.185004+00:00,81.5,50,bid,AverageAlmonds,Andy Garg,1868383
2026-07-13T22:10:28.504597,2026-07-13T22:10:28.511930+00:00,81.9,2,bid,Dinh Nguyen,Andy Garg,1868389
2026-07-13T22:10:29.408726,2026-07-13T22:10:29.418774+00:00,81.5,200,bid,YieldingYams,WavyWalnuts,1868412
2026-07-13T22:10:30.402662,2026-07-13T22:10:30.408683+00:00,81.6,5,ask,YieldingYams,Andy Garg,1868436
2026-07-13T22:10:30.726221,2026-07-13T22:10:30.735325+00:00,81.6,50,ask,Andy Garg,YieldingYams,1868441
2026-07-13T22:10:30.991405,2026-07-13T22:10:31.002401+00:00,81.6,2,bid,Dinh Nguyen,YieldingYams,1868450
2026-07-13T22:10:31.049192,2026-07-13T22:10:31.055256+00:00,81.5,24,ask,WavyWalnuts,Andy Garg,1868455
2026-07-13T22:10:31.289206,2026-07-13T22:10:31.301406+00:00,81.5,200,ask,YieldingYams,WavyWalnuts,1868458
2026-07-13T22:10:31.546871,2026-07-13T22:10:31.556089+00:00,81.6,20,bid,BrilliantBurritos,YieldingYams,1868467
2026-07-13T22:10:31.801570,2026-07-13T22:10:31.809897+00:00,81.6,500,bid,AverageAlmonds,YieldingYams,1868471
2026-07-13T22:10:32.035481,2026-07-13T22:10:32.043640+00:00,81.7,5,bid,YieldingYams,Kelvin Chan,1868479
2026-07-13T22:10:32.035481,2026-07-13T22:10:32.043640+00:00,81.8,50,bid,YieldingYams,Andy Garg,1868480
2026-07-13T22:10:32.498435,2026-07-13T22:10:32.503305+00:00,81.8,200,ask,YieldingYams,WavyWalnuts,1868489
2026-07-13T22:10:33.349910,2026-07-13T22:10:33.366930+00:00,81.8,74,ask,Sze-Yong Ng,YieldingYams,1868505
2026-07-13T22:10:33.707758,2026-07-13T22:10:33.718797+00:00,81.6,200,ask,YieldingYams,WavyWalnuts,1868514
