timestamp,recv_time,price,volume,aggressor_side,buyer,seller,trade_id
2026-07-07T19:00:01.150511,2026-07-07T19:00:01.153121+00:00,137.9,200,bid,,,11209285
2026-07-07T19:00:01.745620,2026-07-07T19:00:01.756410+00:00,138.0,500,ask,,,11209292
2026-07-07T19:00:02.342097,2026-07-07T19:00:02.350209+00:00,138.0,125,ask,,,11209298
2026-07-07T19:00:02.391329,2026-07-07T19:00:02.402093+00:00,137.6,12,ask,,,11209302
2026-07-07T19:00:03.579951,2026-07-07T19:00:03.590554+00:00,137.8,200,ask,,,11209320
2026-07-07T19:00:04.683826,2026-07-07T19:00:04.695568+00:00,137.8,12,ask,,,11209342
2026-07-07T19:00:06.007865,2026-07-07T19:00:06.016245+00:00,137.8,200,ask,,,11209360
2026-07-07T19:00:08.881537,2026-07-07T19:00:08.885808+00:00,137.8,11,ask,,,11209400
2026-07-07T19:00:10.717971,2026-07-07T19:00:10.729544+00:00,137.6,12,ask,,,11209435
2026-07-07T19:00:11.964617,2026-07-07T19:00:11.974199+00:00,137.7,200,ask,,,11209465
2026-07-07T19:00:12.989540,2026-07-07T19:00:13.001080+00:00,137.6,12,ask,,,11209478
2026-07-07T19:00:13.261748,2026-07-07T19:00:13.269730+00:00,137.7,200,bid,,,11209481
2026-07-07T19:00:14.470983,2026-07-07T19:00:14.482745+00:00,137.8,200,ask,,,11209495
2026-07-07T19:00:15.679959,2026-07-07T19:00:15.689625+00:00,137.7,200,ask,,,11209512
2026-07-07T19:00:19.412871,2026-07-07T19:00:19.424761+00:00,137.7,20,bid,,,11209565
2026-07-07T19:00:21.540621,2026-07-07T19:00:21.544964+00:00,137.8,11,bid,,,11209601
2026-07-07T19:00:21.584866,2026-07-07T19:00:21.592743+00:00,137.8,12,bid,,,11209602
2026-07-07T19:00:21.744817,2026-07-07T19:00:21.758612+00:00,137.8,200,bid,,,11209605
2026-07-07T19:00:22.842393,2026-07-07T19:00:22.858639+00:00,137.8,12,bid,,,11209623
2026-07-07T19:00:22.958009,2026-07-07T19:00:22.970078+00:00,137.8,200,bid,,,11209628
2026-07-07T19:00:25.104491,2026-07-07T19:00:25.108626+00:00,137.8,11,ask,,,11209672
2026-07-07T19:00:25.127102,2026-07-07T19:00:25.134760+00:00,137.8,12,ask,,,11209674
2026-07-07T19:00:25.907713,2026-07-07T19:00:25.919097+00:00,138.0,20,bid,,,11209690
2026-07-07T19:00:26.589151,2026-07-07T19:00:26.600816+00:00,137.9,200,bid,,,11209707
2026-07-07T19:00:26.884765,2026-07-07T19:00:26.887445+00:00,137.7,20,ask,,,11209711
2026-07-07T19:00:27.823899,2026-07-07T19:00:27.828299+00:00,138.0,11,bid,,,11209729
2026-07-07T19:00:28.404834,2026-07-07T19:00:28.416365+00:00,138.0,12,bid,,,11209740
2026-07-07T19:00:29.015611,2026-07-07T19:00:29.024879+00:00,137.9,200,ask,,,11209751
2026-07-07T19:00:29.937716,2026-07-07T19:00:29.946515+00:00,138.0,6,ask,,,11209771
2026-07-07T19:00:30.225041,2026-07-07T19:00:30.236448+00:00,138.0,200,ask,,,11209773
2026-07-07T19:00:31.225883,2026-07-07T19:00:31.237023+00:00,137.9,12,ask,,,11209800
2026-07-07T19:00:32.051268,2026-07-07T19:00:32.058596+00:00,138.0,12,bid,,,11209814
2026-07-07T19:00:33.857287,2026-07-07T19:00:33.868936+00:00,137.9,200,bid,,,11209843
2026-07-07T19:00:34.085308,2026-07-07T19:00:34.094173+00:00,137.9,12,bid,,,11209849
2026-07-07T19:00:37.496247,2026-07-07T19:00:37.506121+00:00,137.9,200,ask,,,11209899
2026-07-07T19:00:37.543321,2026-07-07T19:00:37.558618+00:00,137.9,20,ask,,,11209901
2026-07-07T19:00:38.403064,2026-07-07T19:00:38.414716+00:00,138.1,12,bid,,,11209917
2026-07-07T19:00:43.642834,2026-07-07T19:00:43.647454+00:00,138.1,11,bid,,,11209994
2026-07-07T19:00:44.685296,2026-07-07T19:00:44.697225+00:00,138.1,12,bid,,,11210015
2026-07-07T19:00:44.780814,2026-07-07T19:00:44.802801+00:00,138.0,200,ask,,,11210019
2026-07-07T19:00:44.798525,2026-07-07T19:00:44.802801+00:00,138.0,12,bid,,,11210022
2026-07-07T19:00:46.704821,2026-07-07T19:00:46.712225+00:00,138.0,12,bid,,,11210041
2026-07-07T19:00:46.932907,2026-07-07T19:00:46.944588+00:00,138.0,20,bid,,,11210043
2026-07-07T19:00:46.988389,2026-07-07T19:00:46.992955+00:00,138.0,11,bid,,,11210045
2026-07-07T19:00:48.949917,2026-07-07T19:00:48.958886+00:00,138.0,200,bid,,,11210075
2026-07-07T19:00:49.224957,2026-07-07T19:00:49.236767+00:00,138.0,3,ask,,,11210081
2026-07-07T19:00:49.992169,2026-07-07T19:00:50.001124+00:00,138.1,12,bid,,,11210096
2026-07-07T19:00:51.358236,2026-07-07T19:00:51.375206+00:00,138.0,20,ask,,,11210124
2026-07-07T19:00:51.393312,2026-07-07T19:00:51.401167+00:00,138.1,200,bid,,,11210125
2026-07-07T19:00:52.018095,2026-07-07T19:00:52.026593+00:00,138.1,200,ask,,,11210133
2026-07-07T19:00:53.279295,2026-07-07T19:00:53.290679+00:00,138.3,12,bid,,,11210145
2026-07-07T19:00:54.439845,2026-07-07T19:00:54.448199+00:00,138.1,200,ask,,,11210160
2026-07-07T19:00:56.288615,2026-07-07T19:00:56.292915+00:00,138.3,12,bid,,,11210191
2026-07-07T19:00:59.295408,2026-07-07T19:00:59.306126+00:00,138.2,200,ask,,,11210232
2026-07-07T19:01:01.462778,2026-07-07T19:01:01.474289+00:00,138.3,12,bid,,,11210258
2026-07-07T19:01:01.727876,2026-07-07T19:01:01.739326+00:00,138.3,200,bid,,,11210265
2026-07-07T19:01:03.509324,2026-07-07T19:01:03.518997+00:00,138.2,200,ask,,,11210291
2026-07-07T19:01:04.018925,2026-07-07T19:01:04.030122+00:00,138.2,12,bid,,,11210299
2026-07-07T19:01:04.153077,2026-07-07T19:01:04.163947+00:00,138.2,200,bid,,,11210301
2026-07-07T19:01:05.783753,2026-07-07T19:01:05.795109+00:00,138.0,12,ask,,,11210329
2026-07-07T19:01:07.165825,2026-07-07T19:01:07.174659+00:00,138.0,200,ask,,,11210362
2026-07-07T19:01:07.784246,2026-07-07T19:01:07.792295+00:00,138.0,200,bid,,,11210375
2026-07-07T19:01:09.310492,2026-07-07T19:01:09.317137+00:00,138.1,12,bid,,,11210387
2026-07-07T19:01:10.074278,2026-07-07T19:01:10.084206+00:00,137.9,12,ask,,,11210402
2026-07-07T19:01:12.102483,2026-07-07T19:01:12.114298+00:00,138.0,12,ask,,,11210433
2026-07-07T19:01:14.655550,2026-07-07T19:01:14.667151+00:00,138.0,20,bid,,,11210463
2026-07-07T19:01:15.052344,2026-07-07T19:01:15.058599+00:00,138.0,200,bid,,,11210467
2026-07-07T19:01:15.340754,2026-07-07T19:01:15.345750+00:00,137.7,12,ask,,,11210472
2026-07-07T19:01:15.387668,2026-07-07T19:01:15.398908+00:00,137.7,12,ask,,,11210473
2026-07-07T19:01:16.275397,2026-07-07T19:01:16.285658+00:00,138.0,200,bid,,,11210488
2026-07-07T19:01:16.682091,2026-07-07T19:01:16.696511+00:00,137.8,20,ask,,,11210495
2026-07-07T19:01:17.489396,2026-07-07T19:01:17.498346+00:00,138.0,200,bid,,,11210506
2026-07-07T19:01:17.688649,2026-07-07T19:01:17.692601+00:00,138.0,11,ask,,,11210514
2026-07-07T19:01:18.688210,2026-07-07T19:01:18.694780+00:00,138.2,12,bid,,,11210523
2026-07-07T19:01:20.698460,2026-07-07T19:01:20.710158+00:00,138.1,12,bid,,,11210550
2026-07-07T19:01:21.707682,2026-07-07T19:01:21.712015+00:00,138.2,11,bid,,,11210563
2026-07-07T19:01:22.329059,2026-07-07T19:01:22.338213+00:00,138.1,200,ask,,,11210566
2026-07-07T19:01:23.538364,2026-07-07T19:01:23.546508+00:00,138.1,200,ask,,,11210584
2026-07-07T19:01:24.230763,2026-07-07T19:01:24.240092+00:00,138.2,500,bid,,,11210604
2026-07-07T19:01:24.685421,2026-07-07T19:01:24.726611+00:00,138.2,125,ask,,,11210605
2026-07-07T19:01:24.721549,2026-07-07T19:01:24.726611+00:00,138.1,12,bid,,,11210608
2026-07-07T19:01:24.987053,2026-07-07T19:01:24.995201+00:00,138.0,12,ask,,,11210613
2026-07-07T19:01:25.290085,2026-07-07T19:01:25.301312+00:00,138.0,188,ask,,,11210619
2026-07-07T19:01:25.951674,2026-07-07T19:01:25.958664+00:00,138.0,200,bid,,,11210629
2026-07-07T19:01:28.509617,2026-07-07T19:01:28.521327+00:00,137.9,20,bid,,,11210676
2026-07-07T19:01:29.041344,2026-07-07T19:01:29.050501+00:00,137.8,12,ask,,,11210686
2026-07-07T19:01:30.802382,2026-07-07T19:01:30.811816+00:00,137.8,200,bid,,,11210714
2026-07-07T19:01:31.370216,2026-07-07T19:01:31.385377+00:00,137.6,12,ask,,,11210726
2026-07-07T19:01:31.380114,2026-07-07T19:01:31.385377+00:00,137.6,35,ask,,,11210728
2026-07-07T19:01:32.029468,2026-07-07T19:01:32.033653+00:00,137.7,11,ask,,,11210736
2026-07-07T19:01:32.119203,2026-07-07T19:01:32.123319+00:00,137.8,11,ask,,,11210743
2026-07-07T19:01:32.140413,2026-07-07T19:01:32.149373+00:00,137.8,12,ask,,,11210745
2026-07-07T19:01:35.441335,2026-07-07T19:01:35.453050+00:00,137.7,12,ask,,,11210800
2026-07-07T19:01:36.872163,2026-07-07T19:01:36.881434+00:00,137.7,200,ask,,,11210823
2026-07-07T19:01:37.712511,2026-07-07T19:01:37.722989+00:00,137.6,12,ask,,,11210840
2026-07-07T19:01:39.291800,2026-07-07T19:01:39.300362+00:00,137.6,200,ask,,,11210870
2026-07-07T19:01:41.736315,2026-07-07T19:01:41.747849+00:00,137.6,12,ask,,,11210900
2026-07-07T19:01:43.006685,2026-07-07T19:01:43.018429+00:00,137.6,20,ask,,,11210918
2026-07-07T19:01:43.945195,2026-07-07T19:01:43.958710+00:00,137.7,200,bid,,,11210933
2026-07-07T19:01:43.971157,2026-07-07T19:01:43.975697+00:00,137.7,12,ask,,,11210935
2026-07-07T19:01:44.151098,2026-07-07T19:01:44.151915+00:00,137.7,200,ask,,,11210937
2026-07-07T19:01:46.578103,2026-07-07T19:01:46.587039+00:00,137.7,200,ask,,,11210974
2026-07-07T19:01:46.596051,2026-07-07T19:01:46.602516+00:00,137.7,200,bid,,,11210975
2026-07-07T19:01:47.262693,2026-07-07T19:01:47.274263+00:00,137.5,10,ask,,,11210982
2026-07-07T19:01:47.805825,2026-07-07T19:01:47.813388+00:00,137.7,200,bid,,,11210990
2026-07-07T19:01:49.028594,2026-07-07T19:01:49.038807+00:00,137.7,200,ask,,,11211010
2026-07-07T19:01:50.287550,2026-07-07T19:01:50.297871+00:00,137.8,12,bid,,,11211033
2026-07-07T19:01:51.847890,2026-07-07T19:01:51.852092+00:00,137.7,12,bid,,,11211059
2026-07-07T19:01:52.297095,2026-07-07T19:01:52.308835+00:00,137.7,12,bid,,,11211071
2026-07-07T19:01:53.555810,2026-07-07T19:01:53.567478+00:00,137.5,12,ask,,,11211089
2026-07-07T19:01:53.884039,2026-07-07T19:01:53.893116+00:00,137.5,200,ask,,,11211097
2026-07-07T19:01:55.119166,2026-07-07T19:01:55.123907+00:00,137.5,11,bid,,,11211116
2026-07-07T19:01:56.609825,2026-07-07T19:01:56.621518+00:00,137.5,12,bid,,,11211133
2026-07-07T19:01:58.397128,2026-07-07T19:01:58.406047+00:00,137.4,200,bid,,,11211166
2026-07-07T19:01:58.637886,2026-07-07T19:01:58.658589+00:00,137.6,12,bid,,,11211174
2026-07-07T19:01:58.735105,2026-07-07T19:01:58.746748+00:00,137.4,200,ask,,,11211176
2026-07-07T19:02:02.350461,2026-07-07T19:02:02.354602+00:00,137.5,200,bid,,,11211242
2026-07-07T19:02:05.000436,2026-07-07T19:02:05.005395+00:00,137.5,11,bid,,,11211282
2026-07-07T19:02:06.035677,2026-07-07T19:02:06.039814+00:00,137.4,12,bid,,,11211300
2026-07-07T19:02:07.140440,2026-07-07T19:02:07.158616+00:00,137.2,12,ask,,,11211315
2026-07-07T19:02:07.896718,2026-07-07T19:02:07.908592+00:00,137.4,12,bid,,,11211331
2026-07-07T19:02:09.184699,2026-07-07T19:02:09.194747+00:00,137.3,12,ask,,,11211363
2026-07-07T19:02:09.645662,2026-07-07T19:02:09.658590+00:00,137.4,200,bid,,,11211374
2026-07-07T19:02:11.552907,2026-07-07T19:02:11.564097+00:00,137.3,200,ask,,,11211400
2026-07-07T19:02:11.992552,2026-07-07T19:02:12.004267+00:00,137.0,20,ask,,,11211405
2026-07-07T19:02:12.865501,2026-07-07T19:02:12.875454+00:00,137.2,200,ask,,,11211412
2026-07-07T19:02:13.491372,2026-07-07T19:02:13.503013+00:00,137.1,12,ask,,,11211421
2026-07-07T19:02:15.466584,2026-07-07T19:02:15.471459+00:00,137.2,12,ask,,,11211453
2026-07-07T19:02:15.687273,2026-07-07T19:02:15.695733+00:00,137.2,200,ask,,,11211458
2026-07-07T19:02:18.130183,2026-07-07T19:02:18.137957+00:00,137.2,200,ask,,,11211490
2026-07-07T19:02:18.159554,2026-07-07T19:02:18.171308+00:00,136.9,20,ask,,,11211493
2026-07-07T19:02:20.549821,2026-07-07T19:02:20.553975+00:00,137.1,11,ask,,,11211527
2026-07-07T19:02:21.754477,2026-07-07T19:02:21.758906+00:00,137.2,11,ask,,,11211536
2026-07-07T19:02:25.114967,2026-07-07T19:02:25.126703+00:00,137.2,20,ask,,,11211593
2026-07-07T19:02:26.078090,2026-07-07T19:02:26.089647+00:00,137.3,12,ask,,,11211605
2026-07-07T19:02:27.109258,2026-07-07T19:02:27.118861+00:00,137.5,12,bid,,,11211621
2026-07-07T19:02:29.023198,2026-07-07T19:02:29.027132+00:00,137.4,11,bid,,,11211649
2026-07-07T19:02:32.427114,2026-07-07T19:02:32.439008+00:00,137.3,12,ask,,,11211700
2026-07-07T19:02:32.645530,2026-07-07T19:02:32.655410+00:00,137.4,200,bid,,,11211703
2026-07-07T19:02:33.938742,2026-07-07T19:02:33.950237+00:00,137.4,20,bid,,,11211725
2026-07-07T19:02:34.452686,2026-07-07T19:02:34.458535+00:00,137.3,12,bid,,,11211739
2026-07-07T19:02:34.928739,2026-07-07T19:02:34.938189+00:00,137.2,20,ask,,,11211744
2026-07-07T19:02:37.479407,2026-07-07T19:02:37.490811+00:00,137.2,200,ask,,,11211776
2026-07-07T19:02:39.147214,2026-07-07T19:02:39.158562+00:00,137.3,200,bid,,,11211804
2026-07-07T19:02:40.489145,2026-07-07T19:02:40.500299+00:00,137.3,12,ask,,,11211830
2026-07-07T19:02:42.315725,2026-07-07T19:02:42.324128+00:00,137.4,200,bid,,,11211864
2026-07-07T19:02:44.742511,2026-07-07T19:02:44.752873+00:00,137.2,200,ask,,,11211894
2026-07-07T19:02:45.764279,2026-07-07T19:02:45.776058+00:00,137.3,12,bid,,,11211918
2026-07-07T19:02:47.280083,2026-07-07T19:02:47.291556+00:00,137.3,12,bid,,,11211941
2026-07-07T19:02:47.340193,2026-07-07T19:02:47.344470+00:00,137.3,11,bid,,,11211943
2026-07-07T19:02:47.873621,2026-07-07T19:02:47.885388+00:00,137.3,20,bid,,,11211954
2026-07-07T19:02:48.351135,2026-07-07T19:02:48.358599+00:00,137.3,157,bid,,,11211960
2026-07-07T19:02:48.373716,2026-07-07T19:02:48.380583+00:00,137.3,200,ask,,,11211961
2026-07-07T19:02:50.790279,2026-07-07T19:02:50.797179+00:00,137.3,200,ask,,,11211997
2026-07-07T19:02:50.996909,2026-07-07T19:02:51.000757+00:00,137.3,12,bid,,,11212003
2026-07-07T19:02:51.366617,2026-07-07T19:02:51.376160+00:00,137.3,24,bid,,,11212011
2026-07-07T19:02:53.646019,2026-07-07T19:02:53.663957+00:00,137.4,12,bid,,,11212041
2026-07-07T19:02:55.519585,2026-07-07T19:02:55.528200+00:00,137.3,20,ask,,,11212069
2026-07-07T19:02:55.645515,2026-07-07T19:02:55.653917+00:00,137.3,200,ask,,,11212075
2026-07-07T19:02:55.667540,2026-07-07T19:02:55.679210+00:00,137.5,12,bid,,,11212076
2026-07-07T19:03:00.180320,2026-07-07T19:03:00.188567+00:00,137.2,200,ask,,,11212129
2026-07-07T19:03:00.194425,2026-07-07T19:03:00.198241+00:00,137.2,23,bid,,,11212133
2026-07-07T19:03:00.493928,2026-07-07T19:03:00.502675+00:00,137.2,200,bid,,,11212137
2026-07-07T19:03:00.696339,2026-07-07T19:03:00.705354+00:00,137.2,20,bid,,,11212138
2026-07-07T19:03:01.120614,2026-07-07T19:03:01.132467+00:00,137.0,20,ask,,,11212143
2026-07-07T19:03:02.713479,2026-07-07T19:03:02.720979+00:00,137.4,12,bid,,,11212171
2026-07-07T19:03:02.940952,2026-07-07T19:03:02.945026+00:00,137.3,12,ask,,,11212181
2026-07-07T19:03:03.542555,2026-07-07T19:03:03.558621+00:00,137.3,20,ask,,,11212190
2026-07-07T19:03:06.055426,2026-07-07T19:03:06.066849+00:00,137.3,20,ask,,,11212224
2026-07-07T19:03:06.746470,2026-07-07T19:03:06.754429+00:00,137.5,200,bid,,,11212236
2026-07-07T19:03:06.764406,2026-07-07T19:03:06.768185+00:00,137.5,11,ask,,,11212239
2026-07-07T19:03:10.201129,2026-07-07T19:03:10.211590+00:00,137.5,200,ask,,,11212276
2026-07-07T19:03:12.633744,2026-07-07T19:03:12.641634+00:00,137.6,12,bid,,,11212314
2026-07-07T19:03:14.638659,2026-07-07T19:03:14.646019+00:00,137.4,200,ask,,,11212341
2026-07-07T19:03:15.043391,2026-07-07T19:03:15.052111+00:00,137.4,200,bid,,,11212347
2026-07-07T19:03:15.575019,2026-07-07T19:03:15.579316+00:00,137.4,11,bid,,,11212363
2026-07-07T19:03:16.169829,2026-07-07T19:03:16.179739+00:00,137.5,12,bid,,,11212369
2026-07-07T19:03:18.948201,2026-07-07T19:03:18.958557+00:00,137.6,12,bid,,,11212417
2026-07-07T19:03:19.695202,2026-07-07T19:03:19.706956+00:00,137.4,20,ask,,,11212421
2026-07-07T19:03:19.908444,2026-07-07T19:03:19.917930+00:00,137.5,200,bid,,,11212427
2026-07-07T19:03:20.969324,2026-07-07T19:03:20.978150+00:00,137.8,10,bid,,,11212442
2026-07-07T19:03:21.864576,2026-07-07T19:03:21.868321+00:00,137.6,23,bid,,,11212459
2026-07-07T19:03:22.047277,2026-07-07T19:03:22.056278+00:00,137.4,20,ask,,,11212461
2026-07-07T19:03:24.719531,2026-07-07T19:03:24.728062+00:00,137.6,200,bid,,,11212501
2026-07-07T19:03:25.926630,2026-07-07T19:03:25.935660+00:00,137.5,200,bid,,,11212513
2026-07-07T19:03:26.478209,2026-07-07T19:03:26.489709+00:00,137.3,20,ask,,,11212522
2026-07-07T19:03:27.692741,2026-07-07T19:03:27.716735+00:00,137.5,500,bid,,,11212547
2026-07-07T19:03:28.486112,2026-07-07T19:03:28.490035+00:00,137.6,3,bid,,,11212558
2026-07-07T19:03:29.559549,2026-07-07T19:03:29.569438+00:00,137.5,200,ask,,,11212582
2026-07-07T19:03:30.410391,2026-07-07T19:03:30.417214+00:00,137.6,500,ask,,,11212594
2026-07-07T19:03:30.672137,2026-07-07T19:03:30.680769+00:00,137.6,125,bid,,,11212601
2026-07-07T19:03:31.718651,2026-07-07T19:03:31.728380+00:00,137.7,200,bid,,,11212625
2026-07-07T19:03:31.793158,2026-07-07T19:03:31.802279+00:00,137.7,12,ask,,,11212629
2026-07-07T19:03:35.610558,2026-07-07T19:03:35.619835+00:00,137.7,200,ask,,,11212677
2026-07-07T19:03:36.820896,2026-07-07T19:03:36.831610+00:00,137.7,200,ask,,,11212687
2026-07-07T19:03:36.991950,2026-07-07T19:03:37.001521+00:00,137.7,300,ask,,,11212688
2026-07-07T19:03:38.030094,2026-07-07T19:03:38.040453+00:00,137.6,200,ask,,,11212696
2026-07-07T19:03:38.577838,2026-07-07T19:03:38.582677+00:00,137.8,3,bid,,,11212707
2026-07-07T19:03:38.578238,2026-07-07T19:03:38.593044+00:00,137.7,3,ask,,,11212708
2026-07-07T19:03:39.239437,2026-07-07T19:03:39.246577+00:00,137.7,200,ask,,,11212711
2026-07-07T19:03:40.952552,2026-07-07T19:03:40.957447+00:00,137.6,11,ask,,,11212742
2026-07-07T19:03:41.616773,2026-07-07T19:03:41.620347+00:00,137.7,12,ask,,,11212753
2026-07-07T19:03:42.245093,2026-07-07T19:03:42.270137+00:00,137.8,200,bid,,,11212760
2026-07-07T19:03:42.266452,2026-07-07T19:03:42.270137+00:00,137.8,11,ask,,,11212764
2026-07-07T19:03:42.356351,2026-07-07T19:03:42.364387+00:00,137.8,12,ask,,,11212767
2026-07-07T19:03:44.040195,2026-07-07T19:03:44.044136+00:00,137.9,23,bid,,,11212779
2026-07-07T19:03:44.376125,2026-07-07T19:03:44.463612+00:00,138.0,12,bid,,,11212786
2026-07-07T19:03:45.298096,2026-07-07T19:03:45.307362+00:00,137.9,200,ask,,,11212790
2026-07-07T19:03:48.175908,2026-07-07T19:03:48.186005+00:00,137.9,3,bid,,,11212835
2026-07-07T19:03:48.437595,2026-07-07T19:03:48.447796+00:00,137.9,3,bid,,,11212839
2026-07-07T19:03:50.137126,2026-07-07T19:03:50.145140+00:00,137.8,200,ask,,,11212862
2026-07-07T19:03:53.531746,2026-07-07T19:03:53.536495+00:00,137.9,11,bid,,,11212916
2026-07-07T19:03:57.994954,2026-07-07T19:03:58.005544+00:00,137.9,200,bid,,,11212999
2026-07-07T19:03:59.868754,2026-07-07T19:03:59.873426+00:00,138.0,3,bid,,,11213027
2026-07-07T19:04:01.310143,2026-07-07T19:04:01.319315+00:00,137.9,20,ask,,,11213051
2026-07-07T19:04:02.268252,2026-07-07T19:04:02.279365+00:00,137.9,200,ask,,,11213079
2026-07-07T19:04:03.474978,2026-07-07T19:04:03.481475+00:00,137.9,200,bid,,,11213093
2026-07-07T19:04:06.472444,2026-07-07T19:04:06.479135+00:00,138.1,20,bid,,,11213141
2026-07-07T19:04:07.118687,2026-07-07T19:04:07.127098+00:00,137.9,200,ask,,,11213151
2026-07-07T19:04:10.750868,2026-07-07T19:04:10.764100+00:00,138.0,200,bid,,,11213204
2026-07-07T19:04:14.386689,2026-07-07T19:04:14.394265+00:00,137.9,200,ask,,,11213258
2026-07-07T19:04:15.080153,2026-07-07T19:04:15.091714+00:00,138.0,20,bid,,,11213265
2026-07-07T19:04:15.934185,2026-07-07T19:04:15.943533+00:00,137.7,12,ask,,,11213276
2026-07-07T19:04:16.403181,2026-07-07T19:04:16.414807+00:00,137.9,20,bid,,,11213292
2026-07-07T19:04:17.713665,2026-07-07T19:04:17.718004+00:00,138.0,6,ask,,,11213315
2026-07-07T19:04:17.934165,2026-07-07T19:04:17.945083+00:00,138.0,500,ask,,,11213320
2026-07-07T19:04:17.954472,2026-07-07T19:04:17.958664+00:00,138.1,6,bid,,,11213321
2026-07-07T19:04:18.531069,2026-07-07T19:04:18.542831+00:00,138.0,119,ask,,,11213333
2026-07-07T19:04:18.531069,2026-07-07T19:04:18.542831+00:00,138.0,200,ask,,,11213334
2026-07-07T19:04:19.229850,2026-07-07T19:04:19.233978+00:00,137.7,8,ask,,,11213347
2026-07-07T19:04:21.635824,2026-07-07T19:04:21.646930+00:00,137.7,200,ask,,,11213384
2026-07-07T19:04:22.864241,2026-07-07T19:04:22.874556+00:00,137.5,200,ask,,,11213406
2026-07-07T19:04:25.283791,2026-07-07T19:04:25.295321+00:00,137.5,200,ask,,,11213438
2026-07-07T19:04:25.363428,2026-07-07T19:04:25.370369+00:00,137.8,20,bid,,,11213440
2026-07-07T19:04:33.034818,2026-07-07T19:04:33.046481+00:00,137.6,12,ask,,,11213523
2026-07-07T19:04:33.451794,2026-07-07T19:04:33.455028+00:00,137.8,200,bid,,,11213529
2026-07-07T19:04:34.311283,2026-07-07T19:04:34.319957+00:00,137.8,425,ask,,,11213544
2026-07-07T19:04:34.311283,2026-07-07T19:04:34.319957+00:00,137.8,75,ask,,,11213545
2026-07-07T19:04:34.549571,2026-07-07T19:04:34.560354+00:00,137.8,12,ask,,,11213554
2026-07-07T19:04:34.768065,2026-07-07T19:04:34.777262+00:00,137.8,113,ask,,,11213558
2026-07-07T19:04:35.064587,2026-07-07T19:04:35.076677+00:00,137.7,12,bid,,,11213564
2026-07-07T19:04:37.396456,2026-07-07T19:04:37.404645+00:00,137.7,200,bid,,,11213594
2026-07-07T19:04:38.704906,2026-07-07T19:04:38.716215+00:00,137.7,500,bid,,,11213607
2026-07-07T19:04:38.704906,2026-07-07T19:04:38.716215+00:00,137.8,125,bid,,,11213608
2026-07-07T19:04:39.034085,2026-07-07T19:04:39.041122+00:00,137.8,20,bid,,,11213615
2026-07-07T19:04:39.126063,2026-07-07T19:04:39.132794+00:00,137.6,200,ask,,,11213619
2026-07-07T19:04:39.337213,2026-07-07T19:04:39.347428+00:00,136.8,12,ask,,,11213628
2026-07-07T19:04:39.606976,2026-07-07T19:04:39.614548+00:00,137.6,12,bid,,,11213634
2026-07-07T19:04:39.812304,2026-07-07T19:04:39.822190+00:00,137.6,200,bid,,,11213637
2026-07-07T19:04:40.016193,2026-07-07T19:04:40.025334+00:00,137.6,300,bid,,,11213640
2026-07-07T19:04:40.369802,2026-07-07T19:04:40.380771+00:00,137.6,325,ask,,,11213646
2026-07-07T19:04:40.896464,2026-07-07T19:04:40.906445+00:00,137.5,12,bid,,,11213658
2026-07-07T19:04:41.055936,2026-07-07T19:04:41.060027+00:00,137.5,46,ask,,,11213664
2026-07-07T19:04:41.152202,2026-07-07T19:04:41.163842+00:00,137.5,12,ask,,,11213669
2026-07-07T19:04:41.331110,2026-07-07T19:04:41.340444+00:00,137.5,142,ask,,,11213675
2026-07-07T19:04:42.669511,2026-07-07T19:04:42.678777+00:00,137.4,10,ask,,,11213695
2026-07-07T19:04:43.445734,2026-07-07T19:04:43.458569+00:00,137.5,12,ask,,,11213711
2026-07-07T19:04:44.221702,2026-07-07T19:04:44.225824+00:00,137.7,34,bid,,,11213726
2026-07-07T19:04:44.472304,2026-07-07T19:04:44.480198+00:00,137.7,12,bid,,,11213732
2026-07-07T19:04:45.494102,2026-07-07T19:04:45.506129+00:00,137.4,12,ask,,,11213747
2026-07-07T19:04:47.773751,2026-07-07T19:04:47.785039+00:00,137.4,12,ask,,,11213781
2026-07-07T19:04:49.544081,2026-07-07T19:04:49.555077+00:00,137.2,12,ask,,,11213811
2026-07-07T19:04:49.799410,2026-07-07T19:04:49.809935+00:00,137.4,12,bid,,,11213818
2026-07-07T19:04:50.717049,2026-07-07T19:04:50.723944+00:00,137.3,200,bid,,,11213836
2026-07-07T19:04:51.832587,2026-07-07T19:04:51.840363+00:00,137.3,500,bid,,,11213858
2026-07-07T19:04:51.846692,2026-07-07T19:04:51.860585+00:00,137.3,12,ask,,,11213860
2026-07-07T19:04:51.856675,2026-07-07T19:04:51.860585+00:00,137.3,11,ask,,,11213862
2026-07-07T19:04:51.877124,2026-07-07T19:04:51.886634+00:00,137.3,102,ask,,,11213863
2026-07-07T19:04:51.938472,2026-07-07T19:04:51.959824+00:00,137.2,200,bid,,,11213866
2026-07-07T19:04:53.159258,2026-07-07T19:04:53.169394+00:00,137.1,200,bid,,,11213880
2026-07-07T19:04:54.150239,2026-07-07T19:04:54.158595+00:00,136.9,12,ask,,,11213898
2026-07-07T19:04:54.468495,2026-07-07T19:04:54.472702+00:00,137.1,12,ask,,,11213903
2026-07-07T19:04:55.768069,2026-07-07T19:04:55.779353+00:00,137.2,500,bid,,,11213921
2026-07-07T19:04:55.768069,2026-07-07T19:04:55.779353+00:00,137.3,125,bid,,,11213922
2026-07-07T19:04:59.151858,2026-07-07T19:04:59.164104+00:00,137.1,200,ask,,,11213969
2026-07-07T19:05:00.241750,2026-07-07T19:05:00.251428+00:00,136.9,12,ask,,,11213989
2026-07-07T19:05:02.501364,2026-07-07T19:05:02.513093+00:00,137.0,12,bid,,,11214028
2026-07-07T19:05:02.770525,2026-07-07T19:05:02.777882+00:00,136.9,200,ask,,,11214035
2026-07-07T19:05:02.770525,2026-07-07T19:05:02.783314+00:00,136.9,300,ask,,,11214036
2026-07-07T19:05:02.850935,2026-07-07T19:05:02.858616+00:00,136.9,200,ask,,,11214037
2026-07-07T19:05:03.362674,2026-07-07T19:05:03.369784+00:00,136.9,125,ask,,,11214042
2026-07-07T19:05:03.666471,2026-07-07T19:05:03.670358+00:00,136.8,12,bid,,,11214048
2026-07-07T19:05:04.965989,2026-07-07T19:05:04.976194+00:00,136.7,200,ask,,,11214070
2026-07-07T19:05:04.984541,2026-07-07T19:05:04.988686+00:00,136.7,11,bid,,,11214072
2026-07-07T19:05:05.263833,2026-07-07T19:05:05.274094+00:00,136.7,200,bid,,,11214074
2026-07-07T19:05:05.598937,2026-07-07T19:05:05.608237+00:00,136.7,12,bid,,,11214078
2026-07-07T19:05:06.363654,2026-07-07T19:05:06.377606+00:00,136.7,12,ask,,,11214093
2026-07-07T19:05:06.372795,2026-07-07T19:05:06.377606+00:00,136.7,38,ask,,,11214095
2026-07-07T19:05:06.875200,2026-07-07T19:05:06.886162+00:00,136.9,12,bid,,,11214106
2026-07-07T19:05:09.501601,2026-07-07T19:05:09.505525+00:00,136.9,4,bid,,,11214151
2026-07-07T19:05:11.364564,2026-07-07T19:05:11.368641+00:00,136.7,23,bid,,,11214174
2026-07-07T19:05:12.875859,2026-07-07T19:05:12.879925+00:00,136.6,12,ask,,,11214207
2026-07-07T19:05:12.935931,2026-07-07T19:05:12.947075+00:00,136.6,12,ask,,,11214210
2026-07-07T19:05:15.232293,2026-07-07T19:05:15.240418+00:00,136.5,12,ask,,,11214246
2026-07-07T19:05:22.170552,2026-07-07T19:05:22.180862+00:00,136.6,500,bid,,,11214343
2026-07-07T19:05:22.422243,2026-07-07T19:05:22.434142+00:00,136.5,12,ask,,,11214350
2026-07-07T19:05:22.766406,2026-07-07T19:05:22.774656+00:00,136.6,125,bid,,,11214353
2026-07-07T19:05:23.464569,2026-07-07T19:05:23.468647+00:00,136.7,7,ask,,,11214370
2026-07-07T19:05:24.707049,2026-07-07T19:05:24.718963+00:00,136.8,12,bid,,,11214393
2026-07-07T19:05:25.724840,2026-07-07T19:05:25.736703+00:00,136.8,12,bid,,,11214409
2026-07-07T19:05:26.036404,2026-07-07T19:05:26.043583+00:00,136.7,500,ask,,,11214417
2026-07-07T19:05:26.383372,2026-07-07T19:05:26.391559+00:00,136.7,125,bid,,,11214427
2026-07-07T19:05:26.383372,2026-07-07T19:05:26.396537+00:00,136.8,200,bid,,,11214428
2026-07-07T19:05:27.092892,2026-07-07T19:05:27.103432+00:00,136.8,200,ask,,,11214439
2026-07-07T19:05:27.599719,2026-07-07T19:05:27.608133+00:00,136.9,500,bid,,,11214455
2026-07-07T19:05:28.045141,2026-07-07T19:05:28.056542+00:00,136.7,12,ask,,,11214466
2026-07-07T19:05:28.479274,2026-07-07T19:05:28.483355+00:00,137.0,19,bid,,,11214477
2026-07-07T19:05:28.571634,2026-07-07T19:05:28.578782+00:00,136.9,12,ask,,,11214480
2026-07-07T19:05:28.652746,2026-07-07T19:05:28.658610+00:00,137.0,181,bid,,,11214482
2026-07-07T19:05:28.868650,2026-07-07T19:05:28.879222+00:00,137.3,12,bid,,,11214486
2026-07-07T19:05:29.875727,2026-07-07T19:05:29.887453+00:00,137.2,12,bid,,,11214511
2026-07-07T19:05:29.894005,2026-07-07T19:05:29.905786+00:00,137.0,20,ask,,,11214512
2026-07-07T19:05:31.300345,2026-07-07T19:05:31.304307+00:00,137.1,11,bid,,,11214532
2026-07-07T19:05:33.900251,2026-07-07T19:05:33.907933+00:00,137.1,200,ask,,,11214569
2026-07-07T19:05:33.900251,2026-07-07T19:05:33.913360+00:00,136.9,425,ask,,,11214570
2026-07-07T19:05:34.178412,2026-07-07T19:05:34.190513+00:00,137.4,12,bid,,,11214575
2026-07-07T19:05:34.903499,2026-07-07T19:05:34.908282+00:00,137.4,23,bid,,,11214595
2026-07-07T19:05:34.945812,2026-07-07T19:05:34.957698+00:00,137.4,12,bid,,,11214597
2026-07-07T19:05:35.213661,2026-07-07T19:05:35.233017+00:00,137.2,200,ask,,,11214607
2026-07-07T19:05:35.228716,2026-07-07T19:05:35.233017+00:00,137.1,3,bid,,,11214609
2026-07-07T19:05:35.481595,2026-07-07T19:05:35.494300+00:00,137.1,3,bid,,,11214613
2026-07-07T19:05:35.509504,2026-07-07T19:05:35.520702+00:00,137.1,20,bid,,,11214614
2026-07-07T19:05:35.574013,2026-07-07T19:05:35.585190+00:00,137.1,200,bid,,,11214615
2026-07-07T19:05:35.752759,2026-07-07T19:05:35.758593+00:00,137.1,3,bid,,,11214623
2026-07-07T19:05:36.014106,2026-07-07T19:05:36.024790+00:00,137.1,3,bid,,,11214625
2026-07-07T19:05:36.275190,2026-07-07T19:05:36.286289+00:00,137.1,15,bid,,,11214633
2026-07-07T19:05:36.542474,2026-07-07T19:05:36.550755+00:00,137.2,3,bid,,,11214643
2026-07-07T19:05:36.787573,2026-07-07T19:05:36.798541+00:00,137.2,200,bid,,,11214651
2026-07-07T19:05:36.802605,2026-07-07T19:05:36.809214+00:00,137.2,3,bid,,,11214653
2026-07-07T19:05:37.075547,2026-07-07T19:05:37.087260+00:00,137.2,3,bid,,,11214656
2026-07-07T19:05:37.337731,2026-07-07T19:05:37.346434+00:00,137.2,3,bid,,,11214662
2026-07-07T19:05:37.597535,2026-07-07T19:05:37.608694+00:00,137.2,3,bid,,,11214666
2026-07-07T19:05:40.453117,2026-07-07T19:05:40.456867+00:00,137.2,3,ask,,,11214707
2026-07-07T19:05:41.389321,2026-07-07T19:05:41.399863+00:00,137.4,7,bid,,,11214717
2026-07-07T19:05:43.289343,2026-07-07T19:05:43.301224+00:00,137.3,20,ask,,,11214741
2026-07-07T19:05:45.780487,2026-07-07T19:05:45.791148+00:00,137.3,20,bid,,,11214773
2026-07-07T19:05:47.541287,2026-07-07T19:05:47.546104+00:00,137.3,3,bid,,,11214791
2026-07-07T19:05:47.706963,2026-07-07T19:05:47.717479+00:00,137.1,200,ask,,,11214793
2026-07-07T19:05:48.914419,2026-07-07T19:05:48.924255+00:00,137.2,200,ask,,,11214806
2026-07-07T19:05:50.123946,2026-07-07T19:05:50.134897+00:00,137.3,200,ask,,,11214824
2026-07-07T19:05:50.569694,2026-07-07T19:05:50.581402+00:00,137.3,20,ask,,,11214826
2026-07-07T19:05:51.332286,2026-07-07T19:05:51.342271+00:00,137.3,200,ask,,,11214834
2026-07-07T19:05:52.294165,2026-07-07T19:05:52.298257+00:00,137.3,3,bid,,,11214848
2026-07-07T19:05:54.898592,2026-07-07T19:05:54.906675+00:00,137.2,200,bid,,,11214885
2026-07-07T19:05:54.964635,2026-07-07T19:05:54.974814+00:00,137.2,200,ask,,,11214887
2026-07-07T19:05:56.172999,2026-07-07T19:05:56.184674+00:00,137.2,200,ask,,,11214911
2026-07-07T19:05:56.229714,2026-07-07T19:05:56.233732+00:00,137.0,23,bid,,,11214914
2026-07-07T19:05:58.840598,2026-07-07T19:05:58.849212+00:00,136.9,500,ask,,,11214951
2026-07-07T19:05:59.793948,2026-07-07T19:05:59.801036+00:00,136.9,20,bid,,,11214960
2026-07-07T19:06:00.153244,2026-07-07T19:06:00.163651+00:00,136.9,200,bid,,,11214968
2026-07-07T19:06:00.423445,2026-07-07T19:06:00.434952+00:00,136.9,20,ask,,,11214975
2026-07-07T19:06:01.469907,2026-07-07T19:06:01.477666+00:00,136.9,200,ask,,,11214995
2026-07-07T19:06:01.483718,2026-07-07T19:06:01.487359+00:00,136.9,11,bid,,,11214997
2026-07-07T19:06:03.404462,2026-07-07T19:06:03.412442+00:00,136.8,20,ask,,,11215029
2026-07-07T19:06:03.447849,2026-07-07T19:06:03.458602+00:00,136.8,200,ask,,,11215033
2026-07-07T19:06:04.657448,2026-07-07T19:06:04.668813+00:00,136.9,200,ask,,,11215052
2026-07-07T19:06:08.293963,2026-07-07T19:06:08.304886+00:00,136.8,200,bid,,,11215095
2026-07-07T19:06:11.778392,2026-07-07T19:06:11.786690+00:00,136.9,20,bid,,,11215136
2026-07-07T19:06:11.986646,2026-07-07T19:06:11.997932+00:00,136.8,200,ask,,,11215139
2026-07-07T19:06:14.855773,2026-07-07T19:06:14.858608+00:00,136.8,200,bid,,,11215173
2026-07-07T19:06:14.855773,2026-07-07T19:06:14.869051+00:00,136.8,300,bid,,,11215174
2026-07-07T19:06:15.452996,2026-07-07T19:06:15.458608+00:00,136.8,325,bid,,,11215182
2026-07-07T19:06:15.671887,2026-07-07T19:06:15.683591+00:00,136.8,20,ask,,,11215184
2026-07-07T19:06:15.930133,2026-07-07T19:06:15.937803+00:00,136.9,200,bid,,,11215185
2026-07-07T19:06:16.028502,2026-07-07T19:06:16.033144+00:00,137.1,11,ask,,,11215188
2026-07-07T19:06:18.299276,2026-07-07T19:06:18.310725+00:00,137.2,20,bid,,,11215227
2026-07-07T19:06:20.928861,2026-07-07T19:06:20.940025+00:00,136.8,20,ask,,,11215274
2026-07-07T19:06:22.605284,2026-07-07T19:06:22.617105+00:00,136.9,20,bid,,,11215300
2026-07-07T19:06:24.052891,2026-07-07T19:06:24.064027+00:00,136.9,200,bid,,,11215317
2026-07-07T19:06:25.127031,2026-07-07T19:06:25.130849+00:00,137.0,12,ask,,,11215339
2026-07-07T19:06:25.265951,2026-07-07T19:06:25.275141+00:00,137.0,200,ask,,,11215345
2026-07-07T19:06:28.178351,2026-07-07T19:06:28.185215+00:00,136.9,200,bid,,,11215383
2026-07-07T19:06:28.178351,2026-07-07T19:06:28.190204+00:00,136.9,300,bid,,,11215384
2026-07-07T19:06:28.853921,2026-07-07T19:06:28.858897+00:00,136.8,14,ask,,,11215401
2026-07-07T19:06:30.354319,2026-07-07T19:06:30.357244+00:00,136.8,200,ask,,,11215424
2026-07-07T19:06:30.354319,2026-07-07T19:06:30.357244+00:00,136.7,425,ask,,,11215425
2026-07-07T19:06:31.864691,2026-07-07T19:06:31.868955+00:00,136.8,3,bid,,,11215457
2026-07-07T19:06:32.987040,2026-07-07T19:06:33.010901+00:00,136.7,500,ask,,,11215466
2026-07-07T19:06:33.006383,2026-07-07T19:06:33.010901+00:00,136.7,11,bid,,,11215470
2026-07-07T19:06:33.025274,2026-07-07T19:06:33.036645+00:00,136.7,114,bid,,,11215471
2026-07-07T19:06:33.741035,2026-07-07T19:06:33.750223+00:00,136.7,200,ask,,,11215487
2026-07-07T19:06:34.953252,2026-07-07T19:06:34.964223+00:00,136.8,200,ask,,,11215502
2026-07-07T19:06:36.920585,2026-07-07T19:06:36.927530+00:00,136.7,500,ask,,,11215527
2026-07-07T19:06:37.884677,2026-07-07T19:06:37.895544+00:00,136.7,125,bid,,,11215541
2026-07-07T19:06:37.884677,2026-07-07T19:06:37.895544+00:00,136.7,200,bid,,,11215542
2026-07-07T19:06:38.243374,2026-07-07T19:06:38.247321+00:00,137.0,14,ask,,,11215553
2026-07-07T19:06:38.558841,2026-07-07T19:06:38.570621+00:00,137.0,20,ask,,,11215558
2026-07-07T19:06:38.586895,2026-07-07T19:06:38.594748+00:00,137.0,200,ask,,,11215560
2026-07-07T19:06:40.489593,2026-07-07T19:06:40.501101+00:00,136.8,20,ask,,,11215586
2026-07-07T19:06:44.633979,2026-07-07T19:06:44.644223+00:00,136.8,200,ask,,,11215651
2026-07-07T19:06:46.359055,2026-07-07T19:06:46.368912+00:00,136.8,500,bid,,,11215674
2026-07-07T19:06:46.975552,2026-07-07T19:06:46.982574+00:00,136.8,125,bid,,,11215681
2026-07-07T19:06:47.052536,2026-07-07T19:06:47.056374+00:00,136.8,200,ask,,,11215685
2026-07-07T19:06:52.662265,2026-07-07T19:06:52.670053+00:00,136.8,200,ask,,,11215776
2026-07-07T19:06:52.662265,2026-07-07T19:06:52.675277+00:00,136.8,425,ask,,,11215777
2026-07-07T19:06:54.011536,2026-07-07T19:06:54.016203+00:00,136.9,3,ask,,,11215803
2026-07-07T19:07:01.578393,2026-07-07T19:07:01.587546+00:00,137.0,200,bid,,,11215911
2026-07-07T19:07:04.463584,2026-07-07T19:07:04.474773+00:00,137.0,200,ask,,,11215950
2026-07-07T19:07:04.483069,2026-07-07T19:07:04.486980+00:00,136.9,3,bid,,,11215953
2026-07-07T19:07:06.228933,2026-07-07T19:07:06.239196+00:00,137.1,20,bid,,,11215981
2026-07-07T19:07:07.172990,2026-07-07T19:07:07.182606+00:00,136.9,12,ask,,,11216000
2026-07-07T19:07:09.836490,2026-07-07T19:07:09.840882+00:00,136.9,14,ask,,,11216043
2026-07-07T19:07:10.444486,2026-07-07T19:07:10.453365+00:00,136.9,12,ask,,,11216062
2026-07-07T19:07:11.024120,2026-07-07T19:07:11.035009+00:00,136.9,200,ask,,,11216071
2026-07-07T19:07:13.316852,2026-07-07T19:07:13.320433+00:00,136.9,12,ask,,,11216114
2026-07-07T19:07:13.551884,2026-07-07T19:07:13.558597+00:00,136.9,12,ask,,,11216118
2026-07-07T19:07:14.920404,2026-07-07T19:07:14.924950+00:00,137.0,11,ask,,,11216142
2026-07-07T19:07:15.562557,2026-07-07T19:07:15.573844+00:00,137.0,12,ask,,,11216156
2026-07-07T19:07:16.330732,2026-07-07T19:07:16.340013+00:00,136.9,12,ask,,,11216165
2026-07-07T19:07:17.898075,2026-07-07T19:07:17.905782+00:00,136.9,12,ask,,,11216188
2026-07-07T19:07:19.907324,2026-07-07T19:07:19.919046+00:00,137.1,12,ask,,,11216224
2026-07-07T19:07:20.156266,2026-07-07T19:07:20.163955+00:00,137.1,20,ask,,,11216230
2026-07-07T19:07:20.169292,2026-07-07T19:07:20.179572+00:00,137.2,12,bid,,,11216231
2026-07-07T19:07:20.925541,2026-07-07T19:07:20.931946+00:00,137.1,12,ask,,,11216253
2026-07-07T19:07:20.947645,2026-07-07T19:07:20.957869+00:00,137.2,200,bid,,,11216254
2026-07-07T19:07:22.501271,2026-07-07T19:07:22.505126+00:00,137.1,23,ask,,,11216281
2026-07-07T19:07:22.945427,2026-07-07T19:07:22.958581+00:00,137.1,12,ask,,,11216288
2026-07-07T19:07:26.231393,2026-07-07T19:07:26.241635+00:00,136.9,12,ask,,,11216352
2026-07-07T19:07:26.991273,2026-07-07T19:07:27.002113+00:00,137.0,200,ask,,,11216367
2026-07-07T19:07:28.836584,2026-07-07T19:07:28.840362+00:00,137.0,23,ask,,,11216390
2026-07-07T19:07:31.383057,2026-07-07T19:07:31.394977+00:00,137.0,12,ask,,,11216418
2026-07-07T19:07:31.848821,2026-07-07T19:07:31.858652+00:00,137.1,200,bid,,,11216428
2026-07-07T19:07:32.268375,2026-07-07T19:07:32.280064+00:00,137.2,20,bid,,,11216439
2026-07-07T19:07:33.076654,2026-07-07T19:07:33.081222+00:00,137.1,11,ask,,,11216447
2026-07-07T19:07:34.285530,2026-07-07T19:07:34.289155+00:00,137.2,6,ask,,,11216466
2026-07-07T19:07:35.957825,2026-07-07T19:07:35.978944+00:00,137.2,200,ask,,,11216492
2026-07-07T19:07:35.974825,2026-07-07T19:07:35.978944+00:00,137.2,6,bid,,,11216495
2026-07-07T19:07:36.194319,2026-07-07T19:07:36.205863+00:00,136.9,6,ask,,,11216505
2026-07-07T19:07:36.201776,2026-07-07T19:07:36.205863+00:00,137.2,4,bid,,,11216507
2026-07-07T19:07:36.449178,2026-07-07T19:07:36.458622+00:00,136.9,4,ask,,,11216510
2026-07-07T19:07:36.690669,2026-07-07T19:07:36.697254+00:00,137.2,200,bid,,,11216514
2026-07-07T19:07:39.111892,2026-07-07T19:07:39.122769+00:00,137.2,200,bid,,,11216544
2026-07-07T19:07:39.932028,2026-07-07T19:07:39.936612+00:00,137.3,4,ask,,,11216562
2026-07-07T19:07:41.431886,2026-07-07T19:07:41.435924+00:00,137.4,23,bid,,,11216582
2026-07-07T19:07:41.549214,2026-07-07T19:07:41.553166+00:00,137.3,11,bid,,,11216586
2026-07-07T19:07:45.177415,2026-07-07T19:07:45.192202+00:00,137.3,200,ask,,,11216630
2026-07-07T19:07:46.388178,2026-07-07T19:07:46.397508+00:00,137.3,200,bid,,,11216647
2026-07-07T19:07:47.454972,2026-07-07T19:07:47.469404+00:00,137.1,20,ask,,,11216656
2026-07-07T19:07:47.601151,2026-07-07T19:07:47.610506+00:00,137.3,200,bid,,,11216663
2026-07-07T19:07:48.811456,2026-07-07T19:07:48.818865+00:00,137.2,200,ask,,,11216680
2026-07-07T19:07:49.876898,2026-07-07T19:07:49.888711+00:00,137.1,20,ask,,,11216694
2026-07-07T19:07:50.018717,2026-07-07T19:07:50.027452+00:00,137.3,200,bid,,,11216696
2026-07-07T19:07:53.560001,2026-07-07T19:07:53.572129+00:00,137.4,12,bid,,,11216735
2026-07-07T19:07:53.659170,2026-07-07T19:07:53.668886+00:00,137.2,200,ask,,,11216736
2026-07-07T19:07:54.865898,2026-07-07T19:07:54.874797+00:00,137.2,200,bid,,,11216748
2026-07-07T19:07:58.100395,2026-07-07T19:07:58.107361+00:00,137.2,12,ask,,,11216797
2026-07-07T19:07:58.346853,2026-07-07T19:07:58.364722+00:00,137.2,200,ask,,,11216800
2026-07-07T19:07:58.494853,2026-07-07T19:07:58.504109+00:00,137.1,200,bid,,,11216803
2026-07-07T19:07:58.620334,2026-07-07T19:07:58.628100+00:00,136.9,20,ask,,,11216806
2026-07-07T19:08:01.625598,2026-07-07T19:08:01.637284+00:00,137.1,12,bid,,,11216856
2026-07-07T19:08:02.291689,2026-07-07T19:08:02.300672+00:00,137.0,500,ask,,,11216865
2026-07-07T19:08:02.291689,2026-07-07T19:08:02.300672+00:00,136.9,125,ask,,,11216866
2026-07-07T19:08:04.157760,2026-07-07T19:08:04.169229+00:00,137.2,12,bid,,,11216899
2026-07-07T19:08:07.541122,2026-07-07T19:08:07.552086+00:00,137.0,500,ask,,,11216944
2026-07-07T19:08:07.559560,2026-07-07T19:08:07.563825+00:00,137.0,11,bid,,,11216946
2026-07-07T19:08:07.675384,2026-07-07T19:08:07.683289+00:00,136.8,11,ask,,,11216948
2026-07-07T19:08:08.166562,2026-07-07T19:08:08.174655+00:00,137.0,114,bid,,,11216950
2026-07-07T19:08:10.499977,2026-07-07T19:08:10.511335+00:00,137.2,12,bid,,,11216978
2026-07-07T19:08:12.794453,2026-07-07T19:08:12.805312+00:00,137.0,500,ask,,,11217014
2026-07-07T19:08:12.945058,2026-07-07T19:08:12.969162+00:00,137.0,125,bid,,,11217016
2026-07-07T19:08:14.219606,2026-07-07T19:08:14.229091+00:00,137.1,200,ask,,,11217042
2026-07-07T19:08:15.427385,2026-07-07T19:08:15.435357+00:00,137.1,200,ask,,,11217056
2026-07-07T19:08:16.636487,2026-07-07T19:08:16.643414+00:00,137.0,200,ask,,,11217074
2026-07-07T19:08:16.793517,2026-07-07T19:08:16.805356+00:00,137.2,12,bid,,,11217080
2026-07-07T19:08:18.044136,2026-07-07T19:08:18.054454+00:00,137.1,500,ask,,,11217097
2026-07-07T19:08:18.395268,2026-07-07T19:08:18.397237+00:00,137.1,125,bid,,,11217099
2026-07-07T19:08:19.352393,2026-07-07T19:08:19.358547+00:00,137.2,200,bid,,,11217116
2026-07-07T19:08:19.837598,2026-07-07T19:08:19.847536+00:00,137.5,12,bid,,,11217121
2026-07-07T19:08:20.259617,2026-07-07T19:08:20.267889+00:00,137.2,200,ask,,,11217127
2026-07-07T19:08:21.986501,2026-07-07T19:08:21.994769+00:00,137.3,20,ask,,,11217149
2026-07-07T19:08:23.298288,2026-07-07T19:08:23.308177+00:00,137.3,500,ask,,,11217172
2026-07-07T19:08:23.315905,2026-07-07T19:08:23.320564+00:00,137.2,23,bid,,,11217174
2026-07-07T19:08:23.360393,2026-07-07T19:08:23.370278+00:00,137.2,12,bid,,,11217176
2026-07-07T19:08:23.845430,2026-07-07T19:08:23.863957+00:00,137.2,90,bid,,,11217184
2026-07-07T19:08:25.116941,2026-07-07T19:08:25.128190+00:00,137.3,20,ask,,,11217199
2026-07-07T19:08:25.824212,2026-07-07T19:08:25.828737+00:00,137.3,11,ask,,,11217211
2026-07-07T19:08:25.921102,2026-07-07T19:08:25.929361+00:00,137.5,200,bid,,,11217212
2026-07-07T19:08:25.936756,2026-07-07T19:08:25.940813+00:00,137.5,23,ask,,,11217214
2026-07-07T19:08:26.158408,2026-07-07T19:08:26.168977+00:00,137.5,12,ask,,,11217220
2026-07-07T19:08:27.437154,2026-07-07T19:08:27.446977+00:00,137.6,12,bid,,,11217244
2026-07-07T19:08:28.931091,2026-07-07T19:08:28.935431+00:00,137.8,11,bid,,,11217260
2026-07-07T19:08:29.882159,2026-07-07T19:08:29.887409+00:00,137.7,12,bid,,,11217279
2026-07-07T19:08:30.042387,2026-07-07T19:08:30.050701+00:00,137.5,20,ask,,,11217283
2026-07-07T19:08:31.004023,2026-07-07T19:08:31.013393+00:00,137.5,20,ask,,,11217289
2026-07-07T19:08:31.201253,2026-07-07T19:08:31.205210+00:00,137.6,11,bid,,,11217298
2026-07-07T19:08:33.375122,2026-07-07T19:08:33.386612+00:00,137.7,20,bid,,,11217326
2026-07-07T19:08:36.415670,2026-07-07T19:08:36.427352+00:00,137.4,12,ask,,,11217378
2026-07-07T19:08:37.425565,2026-07-07T19:08:37.434088+00:00,137.6,12,bid,,,11217392
2026-07-07T19:08:38.475289,2026-07-07T19:08:38.480178+00:00,137.5,23,ask,,,11217417
2026-07-07T19:08:39.055417,2026-07-07T19:08:39.058586+00:00,137.5,177,ask,,,11217423
2026-07-07T19:08:39.967207,2026-07-07T19:08:39.979375+00:00,137.4,12,ask,,,11217436
2026-07-07T19:08:42.238710,2026-07-07T19:08:42.248698+00:00,137.3,12,ask,,,11217473
2026-07-07T19:08:45.706789,2026-07-07T19:08:45.717181+00:00,137.3,200,ask,,,11217514
2026-07-07T19:08:46.276117,2026-07-07T19:08:46.287689+00:00,137.3,12,ask,,,11217529
2026-07-07T19:08:49.331695,2026-07-07T19:08:49.342147+00:00,137.3,200,ask,,,11217583
2026-07-07T19:08:50.470879,2026-07-07T19:08:50.482293+00:00,137.6,500,bid,,,11217594
2026-07-07T19:08:50.539848,2026-07-07T19:08:50.548084+00:00,137.4,200,ask,,,11217598
2026-07-07T19:08:51.748095,2026-07-07T19:08:51.758567+00:00,137.5,200,ask,,,11217613
2026-07-07T19:08:52.817307,2026-07-07T19:08:52.829124+00:00,137.6,12,bid,,,11217637
2026-07-07T19:08:52.958532,2026-07-07T19:08:52.970070+00:00,137.5,200,ask,,,11217639
2026-07-07T19:08:54.120530,2026-07-07T19:08:54.127351+00:00,137.6,500,bid,,,11217654
2026-07-07T19:08:54.724993,2026-07-07T19:08:54.732694+00:00,137.6,125,bid,,,11217663
2026-07-07T19:08:54.724993,2026-07-07T19:08:54.737905+00:00,137.6,200,bid,,,11217664
2026-07-07T19:08:55.841629,2026-07-07T19:08:55.851143+00:00,137.7,12,ask,,,11217686
2026-07-07T19:08:57.439388,2026-07-07T19:08:57.443262+00:00,137.8,12,bid,,,11217711
2026-07-07T19:08:58.820042,2026-07-07T19:08:58.824505+00:00,137.7,11,bid,,,11217724
2026-07-07T19:08:58.993309,2026-07-07T19:08:59.003355+00:00,137.7,200,bid,,,11217730
2026-07-07T19:08:59.134758,2026-07-07T19:08:59.141537+00:00,137.7,12,bid,,,11217734
2026-07-07T19:09:03.409109,2026-07-07T19:09:03.420813+00:00,137.9,12,bid,,,11217812
2026-07-07T19:09:04.046527,2026-07-07T19:09:04.054148+00:00,137.7,200,bid,,,11217824
2026-07-07T19:09:04.166273,2026-07-07T19:09:04.169869+00:00,137.8,11,ask,,,11217826
2026-07-07T19:09:05.013975,2026-07-07T19:09:05.021066+00:00,137.8,20,ask,,,11217843
2026-07-07T19:09:05.069370,2026-07-07T19:09:05.080152+00:00,137.8,200,ask,,,11217848
2026-07-07T19:09:07.988308,2026-07-07T19:09:07.995499+00:00,137.7,200,ask,,,11217900
2026-07-07T19:09:08.701848,2026-07-07T19:09:08.710665+00:00,137.7,200,bid,,,11217909
2026-07-07T19:09:08.925296,2026-07-07T19:09:08.933958+00:00,137.5,20,ask,,,11217913
2026-07-07T19:09:09.300923,2026-07-07T19:09:09.309540+00:00,137.9,200,bid,,,11217919
2026-07-07T19:09:09.914701,2026-07-07T19:09:09.922301+00:00,137.9,200,ask,,,11217931
2026-07-07T19:09:10.216377,2026-07-07T19:09:10.225333+00:00,138.1,12,bid,,,11217935
2026-07-07T19:09:10.638897,2026-07-07T19:09:10.643481+00:00,138.0,11,bid,,,11217946
2026-07-07T19:09:11.733517,2026-07-07T19:09:11.742947+00:00,138.0,12,bid,,,11217962
2026-07-07T19:09:13.745289,2026-07-07T19:09:13.758602+00:00,138.1,12,bid,,,11217993
2026-07-07T19:09:15.976498,2026-07-07T19:09:15.983793+00:00,137.9,200,ask,,,11218023
2026-07-07T19:09:18.023264,2026-07-07T19:09:18.035068+00:00,138.1,12,bid,,,11218054
2026-07-07T19:09:19.624620,2026-07-07T19:09:19.632333+00:00,137.9,200,ask,,,11218074
2026-07-07T19:09:20.114792,2026-07-07T19:09:20.126477+00:00,137.9,20,ask,,,11218079
2026-07-07T19:09:20.295862,2026-07-07T19:09:20.306934+00:00,138.1,12,bid,,,11218082
2026-07-07T19:09:20.851627,2026-07-07T19:09:20.855415+00:00,138.0,12,bid,,,11218095
2026-07-07T19:09:22.043920,2026-07-07T19:09:22.054617+00:00,137.9,200,ask,,,11218105
2026-07-07T19:09:24.488947,2026-07-07T19:09:24.493251+00:00,137.9,11,bid,,,11218142
2026-07-07T19:09:25.113945,2026-07-07T19:09:25.118141+00:00,137.8,3,bid,,,11218151
2026-07-07T19:09:25.352844,2026-07-07T19:09:25.358622+00:00,137.8,12,bid,,,11218155
2026-07-07T19:09:26.889748,2026-07-07T19:09:26.898538+00:00,137.8,200,bid,,,11218180
2026-07-07T19:09:30.516556,2026-07-07T19:09:30.525558+00:00,137.8,200,bid,,,11218229
2026-07-07T19:09:30.729857,2026-07-07T19:09:30.741345+00:00,137.8,20,bid,,,11218233
2026-07-07T19:09:33.460305,2026-07-07T19:09:33.468831+00:00,137.7,200,bid,,,11218270
2026-07-07T19:09:34.253820,2026-07-07T19:09:34.264757+00:00,137.7,500,ask,,,11218287
2026-07-07T19:09:34.253820,2026-07-07T19:09:34.264757+00:00,137.6,125,ask,,,11218288
2026-07-07T19:09:35.285669,2026-07-07T19:09:35.300178+00:00,137.8,20,bid,,,11218309
2026-07-07T19:09:35.512454,2026-07-07T19:09:35.516811+00:00,137.7,3,ask,,,11218314
2026-07-07T19:09:36.502184,2026-07-07T19:09:36.511725+00:00,137.8,200,bid,,,11218330
2026-07-07T19:09:36.502184,2026-07-07T19:09:36.511725+00:00,137.8,300,bid,,,11218331
2026-07-07T19:09:37.112245,2026-07-07T19:09:37.119441+00:00,137.8,200,bid,,,11218340
2026-07-07T19:09:37.144602,2026-07-07T19:09:37.149071+00:00,137.8,11,ask,,,11218344
2026-07-07T19:09:37.704575,2026-07-07T19:09:37.715881+00:00,137.9,500,bid,,,11218355
2026-07-07T19:09:38.185638,2026-07-07T19:09:38.196895+00:00,137.8,200,bid,,,11218365
2026-07-07T19:09:38.592239,2026-07-07T19:09:38.604559+00:00,138.1,20,bid,,,11218370
2026-07-07T19:09:40.519045,2026-07-07T19:09:40.525846+00:00,138.0,20,bid,,,11218408
2026-07-07T19:09:40.847351,2026-07-07T19:09:40.876043+00:00,137.9,200,ask,,,11218411
2026-07-07T19:09:40.872236,2026-07-07T19:09:40.876043+00:00,137.9,11,bid,,,11218415
2026-07-07T19:09:41.177059,2026-07-07T19:09:41.188721+00:00,137.9,20,bid,,,11218418
2026-07-07T19:09:41.414613,2026-07-07T19:09:41.421296+00:00,137.9,200,bid,,,11218426
2026-07-07T19:09:41.571931,2026-07-07T19:09:41.582946+00:00,137.7,3,ask,,,11218431
2026-07-07T19:09:42.164926,2026-07-07T19:09:42.169253+00:00,138.0,34,ask,,,11218444
2026-07-07T19:09:43.477335,2026-07-07T19:09:43.481130+00:00,138.1,12,ask,,,11218467
2026-07-07T19:09:43.609002,2026-07-07T19:09:43.619151+00:00,138.1,12,ask,,,11218468
2026-07-07T19:09:44.771079,2026-07-07T19:09:44.778950+00:00,138.2,200,bid,,,11218483
2026-07-07T19:09:44.787636,2026-07-07T19:09:44.791734+00:00,138.2,11,ask,,,11218486
2026-07-07T19:09:45.009708,2026-07-07T19:09:45.013661+00:00,138.5,23,bid,,,11218491
2026-07-07T19:09:45.055668,2026-07-07T19:09:45.062675+00:00,138.2,200,ask,,,11218492
2026-07-07T19:09:45.124821,2026-07-07T19:09:45.136010+00:00,138.5,12,bid,,,11218494
2026-07-07T19:09:46.103315,2026-07-07T19:09:46.107309+00:00,138.3,11,bid,,,11218507
2026-07-07T19:09:47.395799,2026-07-07T19:09:47.405566+00:00,138.2,200,ask,,,11218525
2026-07-07T19:09:47.411887,2026-07-07T19:09:47.415867+00:00,138.2,12,bid,,,11218527
2026-07-07T19:09:48.703577,2026-07-07T19:09:48.724545+00:00,138.1,200,bid,,,11218549
2026-07-07T19:09:48.720461,2026-07-07T19:09:48.724545+00:00,138.1,12,ask,,,11218551
2026-07-07T19:09:49.680377,2026-07-07T19:09:49.687165+00:00,138.1,13,ask,,,11218570
2026-07-07T19:09:51.214431,2026-07-07T19:09:51.222538+00:00,138.1,12,ask,,,11218604
2026-07-07T19:09:51.325560,2026-07-07T19:09:51.333377+00:00,138.1,188,ask,,,11218606
2026-07-07T19:09:52.317373,2026-07-07T19:09:52.325534+00:00,138.1,200,bid,,,11218623
2026-07-07T19:09:52.649236,2026-07-07T19:09:52.653117+00:00,138.2,23,ask,,,11218628
2026-07-07T19:09:52.734570,2026-07-07T19:09:52.744453+00:00,138.2,12,ask,,,11218633
2026-07-07T19:09:54.495981,2026-07-07T19:09:54.501049+00:00,138.2,11,ask,,,11218660
2026-07-07T19:09:55.052985,2026-07-07T19:09:55.058584+00:00,138.2,12,ask,,,11218672
2026-07-07T19:09:55.318624,2026-07-07T19:09:55.325804+00:00,138.2,12,ask,,,11218675
2026-07-07T19:09:55.433932,2026-07-07T19:09:55.445695+00:00,138.3,20,bid,,,11218680
2026-07-07T19:09:55.958230,2026-07-07T19:09:55.967284+00:00,138.3,200,bid,,,11218695
2026-07-07T19:09:57.181451,2026-07-07T19:09:57.185467+00:00,138.3,11,ask,,,11218709
2026-07-07T19:09:59.222190,2026-07-07T19:09:59.231048+00:00,138.3,200,ask,,,11218744
2026-07-07T19:09:59.587475,2026-07-07T19:09:59.595269+00:00,138.3,200,bid,,,11218746
2026-07-07T19:10:01.131537,2026-07-07T19:10:01.143353+00:00,138.4,12,ask,,,11218782
2026-07-07T19:10:01.841669,2026-07-07T19:10:01.848846+00:00,138.5,500,bid,,,11218790
2026-07-07T19:10:02.017426,2026-07-07T19:10:02.027733+00:00,138.5,125,ask,,,11218795
2026-07-07T19:10:03.224887,2026-07-07T19:10:03.232376+00:00,138.4,200,bid,,,11218819
2026-07-07T19:10:03.655992,2026-07-07T19:10:03.663580+00:00,138.2,12,ask,,,11218827
2026-07-07T19:10:04.435795,2026-07-07T19:10:04.443394+00:00,138.4,200,bid,,,11218841
2026-07-07T19:10:04.438397,2026-07-07T19:10:04.448606+00:00,138.2,12,ask,,,11218842
2026-07-07T19:10:04.475234,2026-07-07T19:10:04.478742+00:00,138.5,29,ask,,,11218845
2026-07-07T19:10:04.552624,2026-07-07T19:10:04.564134+00:00,138.5,20,ask,,,11218846
2026-07-07T19:10:04.980012,2026-07-07T19:10:04.989687+00:00,138.5,12,ask,,,11218856
2026-07-07T19:10:05.768637,2026-07-07T19:10:05.775830+00:00,138.6,9,ask,,,11218868
2026-07-07T19:10:06.778403,2026-07-07T19:10:06.785492+00:00,138.6,191,ask,,,11218885
2026-07-07T19:10:06.851733,2026-07-07T19:10:06.876673+00:00,138.6,200,bid,,,11218891
2026-07-07T19:10:07.165834,2026-07-07T19:10:07.170067+00:00,138.6,6,bid,,,11218900
2026-07-07T19:10:09.707658,2026-07-07T19:10:09.714591+00:00,138.5,200,bid,,,11218934
2026-07-07T19:10:10.497200,2026-07-07T19:10:10.504021+00:00,138.5,200,ask,,,11218943
2026-07-07T19:10:12.327804,2026-07-07T19:10:12.334996+00:00,138.5,200,bid,,,11218972
2026-07-07T19:10:16.261657,2026-07-07T19:10:16.272194+00:00,138.5,200,ask,,,11219028
2026-07-07T19:10:16.710212,2026-07-07T19:10:16.715098+00:00,138.2,6,ask,,,11219036
2026-07-07T19:10:17.571293,2026-07-07T19:10:17.582646+00:00,138.4,200,bid,,,11219050
2026-07-07T19:10:18.901076,2026-07-07T19:10:18.917352+00:00,138.3,200,ask,,,11219068
2026-07-07T19:10:22.585277,2026-07-07T19:10:22.595284+00:00,138.2,200,ask,,,11219121
2026-07-07T19:10:23.793502,2026-07-07T19:10:23.802823+00:00,138.2,200,ask,,,11219146
2026-07-07T19:10:26.155218,2026-07-07T19:10:26.159024+00:00,138.5,6,bid,,,11219182
2026-07-07T19:10:26.785617,2026-07-07T19:10:26.789981+00:00,138.4,11,bid,,,11219189
2026-07-07T19:10:29.364654,2026-07-07T19:10:29.368586+00:00,138.3,11,ask,,,11219222
2026-07-07T19:10:30.695166,2026-07-07T19:10:30.701774+00:00,138.5,200,bid,,,11219251
2026-07-07T19:10:31.064020,2026-07-07T19:10:31.074177+00:00,138.5,200,ask,,,11219256
2026-07-07T19:10:32.787914,2026-07-07T19:10:32.796262+00:00,138.4,500,bid,,,11219272
2026-07-07T19:10:33.314332,2026-07-07T19:10:33.323580+00:00,138.5,200,bid,,,11219279
2026-07-07T19:10:33.497853,2026-07-07T19:10:33.506325+00:00,138.5,200,ask,,,11219287
2026-07-07T19:10:35.924075,2026-07-07T19:10:35.934969+00:00,138.5,200,ask,,,11219323
2026-07-07T19:10:35.951694,2026-07-07T19:10:35.955972+00:00,138.6,11,bid,,,11219325
2026-07-07T19:10:36.678532,2026-07-07T19:10:36.682585+00:00,138.4,20,ask,,,11219339
2026-07-07T19:10:37.266626,2026-07-07T19:10:37.270920+00:00,138.5,12,bid,,,11219343
2026-07-07T19:10:38.348089,2026-07-07T19:10:38.356958+00:00,138.5,200,bid,,,11219355
2026-07-07T19:10:39.560628,2026-07-07T19:10:39.568983+00:00,138.5,200,bid,,,11219369
2026-07-07T19:10:39.881153,2026-07-07T19:10:39.885318+00:00,138.4,11,bid,,,11219374
2026-07-07T19:10:41.012845,2026-07-07T19:10:41.019475+00:00,138.3,20,ask,,,11219393
2026-07-07T19:10:43.191603,2026-07-07T19:10:43.202679+00:00,138.3,200,bid,,,11219425
2026-07-07T19:10:45.620616,2026-07-07T19:10:45.627418+00:00,138.2,200,ask,,,11219458
2026-07-07T19:10:46.834748,2026-07-07T19:10:46.841573+00:00,138.3,200,ask,,,11219478
2026-07-07T19:10:49.042609,2026-07-07T19:10:49.052996+00:00,138.2,200,bid,,,11219504
2026-07-07T19:10:49.262272,2026-07-07T19:10:49.269249+00:00,138.3,200,ask,,,11219509
2026-07-07T19:10:51.691667,2026-07-07T19:10:51.698858+00:00,138.1,200,ask,,,11219549
2026-07-07T19:10:51.714272,2026-07-07T19:10:51.724829+00:00,138.1,500,ask,,,11219552
2026-07-07T19:10:53.023229,2026-07-07T19:10:53.033377+00:00,138.1,200,bid,,,11219568
2026-07-07T19:10:54.119060,2026-07-07T19:10:54.129998+00:00,138.2,200,ask,,,11219590
2026-07-07T19:10:56.376268,2026-07-07T19:10:56.383958+00:00,138.1,20,ask,,,11219628
2026-07-07T19:10:56.951668,2026-07-07T19:10:56.963982+00:00,138.2,200,bid,,,11219637
2026-07-07T19:10:59.568487,2026-07-07T19:10:59.579802+00:00,138.2,200,bid,,,11219684
2026-07-07T19:11:00.127577,2026-07-07T19:11:00.139391+00:00,138.4,20,bid,,,11219695
2026-07-07T19:11:00.881407,2026-07-07T19:11:00.893221+00:00,138.3,200,bid,,,11219706
2026-07-07T19:11:04.175459,2026-07-07T19:11:04.179444+00:00,138.4,11,bid,,,11219760
2026-07-07T19:11:04.317575,2026-07-07T19:11:04.328567+00:00,138.4,12,bid,,,11219762
2026-07-07T19:11:04.889462,2026-07-07T19:11:04.895920+00:00,138.3,500,ask,,,11219771
2026-07-07T19:11:05.489157,2026-07-07T19:11:05.497068+00:00,138.3,125,ask,,,11219780
2026-07-07T19:11:05.839631,2026-07-07T19:11:05.847731+00:00,138.3,12,bid,,,11219790
2026-07-07T19:11:07.450835,2026-07-07T19:11:07.463596+00:00,138.3,200,bid,,,11219819
2026-07-07T19:11:09.279883,2026-07-07T19:11:09.288819+00:00,138.2,20,ask,,,11219846
2026-07-07T19:11:09.868021,2026-07-07T19:11:09.879660+00:00,138.2,200,ask,,,11219860
2026-07-07T19:11:10.896004,2026-07-07T19:11:10.904196+00:00,138.3,12,bid,,,11219875
2026-07-07T19:11:12.157278,2026-07-07T19:11:12.169822+00:00,138.3,12,bid,,,11219898
2026-07-07T19:11:12.672844,2026-07-07T19:11:12.682013+00:00,138.2,200,ask,,,11219906
2026-07-07T19:11:13.630127,2026-07-07T19:11:13.635293+00:00,138.2,35,bid,,,11219913
2026-07-07T19:11:14.176090,2026-07-07T19:11:14.183971+00:00,138.2,12,bid,,,11219930
2026-07-07T19:11:14.248682,2026-07-07T19:11:14.260599+00:00,138.2,20,bid,,,11219931
2026-07-07T19:11:16.265331,2026-07-07T19:11:16.276913+00:00,138.0,20,ask,,,11219957
2026-07-07T19:11:18.452345,2026-07-07T19:11:18.463989+00:00,138.2,12,bid,,,11219989
2026-07-07T19:11:19.440707,2026-07-07T19:11:19.450230+00:00,138.2,188,bid,,,11220001
2026-07-07T19:11:20.487432,2026-07-07T19:11:20.499217+00:00,138.4,12,bid,,,11220015
2026-07-07T19:11:20.748973,2026-07-07T19:11:20.758858+00:00,138.3,200,ask,,,11220020
2026-07-07T19:11:21.745677,2026-07-07T19:11:21.758604+00:00,138.4,20,bid,,,11220034
2026-07-07T19:11:21.857440,2026-07-07T19:11:21.868973+00:00,138.4,500,bid,,,11220039
2026-07-07T19:11:21.956272,2026-07-07T19:11:21.968698+00:00,138.5,200,ask,,,11220045
2026-07-07T19:11:22.525052,2026-07-07T19:11:22.531678+00:00,138.7,12,bid,,,11220051
2026-07-07T19:11:23.164214,2026-07-07T19:11:23.171531+00:00,138.5,200,ask,,,11220061
2026-07-07T19:11:23.193351,2026-07-07T19:11:23.197526+00:00,138.7,11,bid,,,11220065
2026-07-07T19:11:23.224036,2026-07-07T19:11:23.228670+00:00,138.6,3,bid,,,11220067
2026-07-07T19:11:24.800305,2026-07-07T19:11:24.811927+00:00,138.6,12,bid,,,11220086
2026-07-07T19:11:25.578253,2026-07-07T19:11:25.586536+00:00,138.6,200,bid,,,11220101
2026-07-07T19:11:26.818195,2026-07-07T19:11:26.829643+00:00,138.7,12,bid,,,11220129
2026-07-07T19:11:26.865684,2026-07-07T19:11:26.877600+00:00,138.5,20,ask,,,11220132
2026-07-07T19:11:29.823369,2026-07-07T19:11:29.835157+00:00,138.3,20,bid,,,11220175
2026-07-07T19:11:30.116592,2026-07-07T19:11:30.124003+00:00,138.2,20,ask,,,11220179
2026-07-07T19:11:31.131887,2026-07-07T19:11:31.144042+00:00,138.3,10,bid,,,11220197
2026-07-07T19:11:33.075911,2026-07-07T19:11:33.087526+00:00,138.2,20,ask,,,11220225
2026-07-07T19:11:34.073880,2026-07-07T19:11:34.084525+00:00,138.3,200,bid,,,11220240
2026-07-07T19:11:38.921389,2026-07-07T19:11:38.929690+00:00,138.1,200,ask,,,11220318
2026-07-07T19:11:38.964655,2026-07-07T19:11:38.968537+00:00,138.3,3,bid,,,11220320
2026-07-07T19:11:40.265093,2026-07-07T19:11:40.275705+00:00,138.2,200,ask,,,11220336
2026-07-07T19:11:40.282953,2026-07-07T19:11:40.287487+00:00,138.2,11,bid,,,11220338
2026-07-07T19:11:40.974215,2026-07-07T19:11:40.981641+00:00,138.0,20,ask,,,11220347
2026-07-07T19:11:46.826393,2026-07-07T19:11:46.834971+00:00,138.4,200,bid,,,11220447
2026-07-07T19:11:48.836643,2026-07-07T19:11:48.841181+00:00,138.3,11,ask,,,11220470
2026-07-07T19:11:49.031433,2026-07-07T19:11:49.043050+00:00,138.3,20,ask,,,11220474
2026-07-07T19:11:49.448928,2026-07-07T19:11:49.458618+00:00,138.3,169,ask,,,11220483
2026-07-07T19:11:51.013598,2026-07-07T19:11:51.021222+00:00,138.3,200,bid,,,11220510
2026-07-07T19:11:52.234873,2026-07-07T19:11:52.238872+00:00,138.3,3,ask,,,11220522
2026-07-07T19:11:53.377240,2026-07-07T19:11:53.385374+00:00,138.3,197,ask,,,11220542
2026-07-07T19:11:56.751924,2026-07-07T19:11:56.758393+00:00,138.5,20,bid,,,11220578
2026-07-07T19:11:59.481863,2026-07-07T19:11:59.492383+00:00,138.5,200,bid,,,11220629
2026-07-07T19:12:00.444915,2026-07-07T19:12:00.451457+00:00,138.7,20,bid,,,11220643
2026-07-07T19:12:05.180050,2026-07-07T19:12:05.189692+00:00,138.5,200,ask,,,11220715
2026-07-07T19:12:05.196882,2026-07-07T19:12:05.201616+00:00,138.4,3,bid,,,11220717
2026-07-07T19:12:05.545487,2026-07-07T19:12:05.555933+00:00,138.4,200,bid,,,11220720
2026-07-07T19:12:06.111546,2026-07-07T19:12:06.123442+00:00,138.2,20,ask,,,11220724
2026-07-07T19:12:10.384007,2026-07-07T19:12:10.393236+00:00,138.7,200,bid,,,11220809
2026-07-07T19:12:10.819019,2026-07-07T19:12:10.830751+00:00,138.4,20,ask,,,11220816
2026-07-07T19:12:11.593597,2026-07-07T19:12:11.603002+00:00,138.6,200,bid,,,11220834
2026-07-07T19:12:13.052944,2026-07-07T19:12:13.056153+00:00,138.7,20,bid,,,11220847
2026-07-07T19:12:13.821103,2026-07-07T19:12:13.825634+00:00,138.7,23,bid,,,11220863
2026-07-07T19:12:14.018620,2026-07-07T19:12:14.026072+00:00,138.5,200,ask,,,11220864
2026-07-07T19:12:15.687924,2026-07-07T19:12:15.699198+00:00,138.5,200,bid,,,11220884
2026-07-07T19:12:21.302098,2026-07-07T19:12:21.305984+00:00,138.5,11,bid,,,11220957
2026-07-07T19:12:26.131792,2026-07-07T19:12:26.142367+00:00,138.4,200,ask,,,11221013
2026-07-07T19:12:27.489282,2026-07-07T19:12:27.493547+00:00,138.5,11,ask,,,11221034
2026-07-07T19:12:28.550910,2026-07-07T19:12:28.557410+00:00,138.5,200,ask,,,11221046
2026-07-07T19:12:29.758369,2026-07-07T19:12:29.769670+00:00,138.5,200,ask,,,11221071
2026-07-07T19:12:31.280119,2026-07-07T19:12:31.287111+00:00,138.5,20,bid,,,11221091
2026-07-07T19:12:36.002486,2026-07-07T19:12:36.007624+00:00,138.4,12,ask,,,11221175
2026-07-07T19:12:36.965200,2026-07-07T19:12:36.976687+00:00,138.4,20,bid,,,11221199
2026-07-07T19:12:37.976491,2026-07-07T19:12:37.984790+00:00,138.3,200,ask,,,11221213
2026-07-07T19:12:37.976491,2026-07-07T19:12:37.984790+00:00,138.3,425,ask,,,11221214
2026-07-07T19:12:38.245917,2026-07-07T19:12:38.258567+00:00,138.3,200,ask,,,11221216
2026-07-07T19:12:40.568555,2026-07-07T19:12:40.579835+00:00,138.5,200,bid,,,11221259
2026-07-07T19:12:40.597051,2026-07-07T19:12:40.600754+00:00,138.5,11,ask,,,11221263
2026-07-07T19:12:41.901957,2026-07-07T19:12:41.906272+00:00,138.6,3,ask,,,11221288
2026-07-07T19:12:41.913082,2026-07-07T19:12:41.922009+00:00,138.6,197,ask,,,11221289
2026-07-07T19:12:43.094647,2026-07-07T19:12:43.105491+00:00,138.6,200,bid,,,11221312
2026-07-07T19:12:43.237659,2026-07-07T19:12:43.242093+00:00,138.7,3,ask,,,11221314
2026-07-07T19:12:44.309650,2026-07-07T19:12:44.317377+00:00,138.7,200,ask,,,11221326
2026-07-07T19:12:44.768035,2026-07-07T19:12:44.779880+00:00,138.9,20,bid,,,11221330
2026-07-07T19:12:45.097094,2026-07-07T19:12:45.109106+00:00,138.7,12,ask,,,11221339
2026-07-07T19:12:45.521441,2026-07-07T19:12:45.531573+00:00,138.7,200,ask,,,11221346
2026-07-07T19:12:48.452757,2026-07-07T19:12:48.458583+00:00,138.7,20,bid,,,11221397
2026-07-07T19:12:48.466689,2026-07-07T19:12:48.484973+00:00,138.7,180,bid,,,11221399
2026-07-07T19:12:48.480843,2026-07-07T19:12:48.484973+00:00,138.8,11,ask,,,11221401
2026-07-07T19:12:48.635230,2026-07-07T19:12:48.646337+00:00,139.1,11,bid,,,11221407
2026-07-07T19:12:49.157849,2026-07-07T19:12:49.169586+00:00,138.8,200,ask,,,11221415
2026-07-07T19:12:51.845541,2026-07-07T19:12:51.850350+00:00,138.9,35,ask,,,11221450
2026-07-07T19:12:52.566677,2026-07-07T19:12:52.578472+00:00,139.0,20,bid,,,11221464
2026-07-07T19:12:53.705343,2026-07-07T19:12:53.712069+00:00,139.0,200,bid,,,11221490
2026-07-07T19:12:54.001652,2026-07-07T19:12:54.011424+00:00,139.0,200,ask,,,11221494
2026-07-07T19:12:54.348795,2026-07-07T19:12:54.358575+00:00,139.0,20,ask,,,11221496
2026-07-07T19:12:55.035788,2026-07-07T19:12:55.040378+00:00,139.1,12,bid,,,11221510
2026-07-07T19:12:55.128661,2026-07-07T19:12:55.139492+00:00,139.1,20,bid,,,11221512
2026-07-07T19:12:56.669907,2026-07-07T19:12:56.678727+00:00,139.0,11,ask,,,11221541
2026-07-07T19:12:56.942164,2026-07-07T19:12:56.951310+00:00,139.0,20,ask,,,11221548
2026-07-07T19:12:57.705026,2026-07-07T19:12:57.716908+00:00,139.0,12,ask,,,11221570
2026-07-07T19:12:57.962200,2026-07-07T19:12:57.970900+00:00,139.1,12,bid,,,11221575
2026-07-07T19:12:58.176122,2026-07-07T19:12:58.180142+00:00,139.0,12,ask,,,11221583
2026-07-07T19:12:59.031857,2026-07-07T19:12:59.041515+00:00,139.0,12,ask,,,11221599
2026-07-07T19:12:59.795533,2026-07-07T19:12:59.807108+00:00,139.0,12,ask,,,11221608
2026-07-07T19:13:00.280249,2026-07-07T19:13:00.290571+00:00,139.1,200,bid,,,11221615
2026-07-07T19:13:00.299454,2026-07-07T19:13:00.304394+00:00,139.1,11,ask,,,11221617
2026-07-07T19:13:01.284716,2026-07-07T19:13:01.292663+00:00,139.1,200,ask,,,11221634
2026-07-07T19:13:01.563985,2026-07-07T19:13:01.575770+00:00,139.1,12,ask,,,11221637
2026-07-07T19:13:04.917070,2026-07-07T19:13:04.928290+00:00,139.3,200,ask,,,11221694
2026-07-07T19:13:06.858668,2026-07-07T19:13:06.870131+00:00,139.3,200,bid,,,11221721
2026-07-07T19:13:08.551242,2026-07-07T19:13:08.555565+00:00,139.2,200,ask,,,11221736
2026-07-07T19:13:09.758402,2026-07-07T19:13:09.766837+00:00,139.2,200,ask,,,11221755
2026-07-07T19:13:10.122806,2026-07-07T19:13:10.134383+00:00,139.2,12,ask,,,11221761
2026-07-07T19:13:10.379993,2026-07-07T19:13:10.391326+00:00,139.5,12,bid,,,11221770
2026-07-07T19:13:10.803109,2026-07-07T19:13:10.807216+00:00,139.3,11,bid,,,11221779
2026-07-07T19:13:10.965151,2026-07-07T19:13:10.974044+00:00,139.3,200,bid,,,11221782
2026-07-07T19:13:12.093980,2026-07-07T19:13:12.100486+00:00,139.5,200,bid,,,11221791
2026-07-07T19:13:13.409156,2026-07-07T19:13:13.430618+00:00,139.5,200,ask,,,11221816
2026-07-07T19:13:13.425948,2026-07-07T19:13:13.430618+00:00,139.4,10,bid,,,11221818
2026-07-07T19:13:13.455469,2026-07-07T19:13:13.467253+00:00,139.2,12,ask,,,11221819
2026-07-07T19:13:14.592998,2026-07-07T19:13:14.602562+00:00,139.4,200,bid,,,11221840
2026-07-07T19:13:14.724294,2026-07-07T19:13:14.731182+00:00,139.4,12,bid,,,11221844
2026-07-07T19:13:16.025957,2026-07-07T19:13:16.032681+00:00,139.4,500,bid,,,11221864
2026-07-07T19:13:16.300905,2026-07-07T19:13:16.307344+00:00,139.4,125,ask,,,11221866
2026-07-07T19:13:16.323075,2026-07-07T19:13:16.326662+00:00,139.3,2,bid,,,11221868
2026-07-07T19:13:17.026992,2026-07-07T19:13:17.030892+00:00,139.2,11,bid,,,11221881
2026-07-07T19:13:21.060275,2026-07-07T19:13:21.066807+00:00,139.3,12,bid,,,11221953
2026-07-07T19:13:21.858961,2026-07-07T19:13:21.870417+00:00,139.2,200,ask,,,11221965
2026-07-07T19:13:23.569892,2026-07-07T19:13:23.579370+00:00,139.2,500,ask,,,11221986
2026-07-07T19:13:23.920711,2026-07-07T19:13:23.924690+00:00,139.2,12,bid,,,11221993
2026-07-07T19:13:25.207184,2026-07-07T19:13:25.217839+00:00,139.2,12,bid,,,11222012
2026-07-07T19:13:25.218532,2026-07-07T19:13:25.228062+00:00,139.1,200,ask,,,11222013
2026-07-07T19:13:25.234735,2026-07-07T19:13:25.239514+00:00,139.0,14,bid,,,11222016
2026-07-07T19:13:25.463586,2026-07-07T19:13:25.475097+00:00,139.0,12,bid,,,11222023
2026-07-07T19:13:25.492742,2026-07-07T19:13:25.501085+00:00,139.0,200,bid,,,11222025
2026-07-07T19:13:26.658945,2026-07-07T19:13:26.663600+00:00,139.0,3,ask,,,11222032
2026-07-07T19:13:26.703352,2026-07-07T19:13:26.711540+00:00,139.2,200,bid,,,11222033
2026-07-07T19:13:27.294233,2026-07-07T19:13:27.301534+00:00,139.2,3,bid,,,11222038
2026-07-07T19:13:28.568019,2026-07-07T19:13:28.579613+00:00,139.1,12,ask,,,11222056
2026-07-07T19:13:29.326272,2026-07-07T19:13:29.332959+00:00,139.1,9,bid,,,11222068
2026-07-07T19:13:29.820086,2026-07-07T19:13:29.824071+00:00,139.1,3,bid,,,11222081
2026-07-07T19:13:29.840428,2026-07-07T19:13:29.852144+00:00,139.1,12,bid,,,11222082
2026-07-07T19:13:35.659143,2026-07-07T19:13:35.666094+00:00,139.2,20,bid,,,11222178
2026-07-07T19:13:36.441981,2026-07-07T19:13:36.445920+00:00,139.1,3,bid,,,11222187
2026-07-07T19:13:37.634144,2026-07-07T19:13:37.640730+00:00,138.9,200,ask,,,11222200
2026-07-07T19:13:40.947388,2026-07-07T19:13:40.964000+00:00,139.0,200,ask,,,11222254
2026-07-07T19:13:41.266633,2026-07-07T19:13:41.274201+00:00,139.0,200,bid,,,11222259
2026-07-07T19:13:43.569432,2026-07-07T19:13:43.580590+00:00,139.0,200,ask,,,11222294
2026-07-07T19:13:43.589138,2026-07-07T19:13:43.593211+00:00,139.0,11,bid,,,11222297
2026-07-07T19:13:44.890666,2026-07-07T19:13:44.901171+00:00,139.0,200,bid,,,11222324
2026-07-07T19:13:46.193144,2026-07-07T19:13:46.215427+00:00,138.9,200,ask,,,11222336
2026-07-07T19:13:46.210471,2026-07-07T19:13:46.215427+00:00,138.9,23,bid,,,11222338
2026-07-07T19:13:49.770988,2026-07-07T19:13:49.775082+00:00,138.9,12,bid,,,11222391
2026-07-07T19:13:50.132038,2026-07-07T19:13:50.138797+00:00,138.7,200,ask,,,11222396
2026-07-07T19:13:50.159536,2026-07-07T19:13:50.164904+00:00,138.7,22,bid,,,11222398
2026-07-07T19:13:51.442580,2026-07-07T19:13:51.449351+00:00,138.7,20,bid,,,11222423
2026-07-07T19:13:52.172950,2026-07-07T19:13:52.180076+00:00,138.7,200,ask,,,11222432
2026-07-07T19:13:52.678407,2026-07-07T19:13:52.682583+00:00,138.8,11,ask,,,11222439
2026-07-07T19:13:53.380403,2026-07-07T19:13:53.388084+00:00,138.7,200,ask,,,11222453
2026-07-07T19:13:54.323811,2026-07-07T19:13:54.335551+00:00,138.6,20,ask,,,11222468
2026-07-07T19:13:54.589225,2026-07-07T19:13:54.596232+00:00,138.6,200,ask,,,11222472
2026-07-07T19:13:55.797882,2026-07-07T19:13:55.805797+00:00,138.6,200,ask,,,11222491
2026-07-07T19:13:57.477997,2026-07-07T19:13:57.484731+00:00,138.7,500,bid,,,11222519
2026-07-07T19:13:58.909948,2026-07-07T19:13:58.921967+00:00,138.6,20,ask,,,11222545
2026-07-07T19:14:00.638373,2026-07-07T19:14:00.645938+00:00,138.8,200,bid,,,11222569
2026-07-07T19:14:01.850167,2026-07-07T19:14:01.858690+00:00,138.8,200,bid,,,11222586
2026-07-07T19:14:03.076902,2026-07-07T19:14:03.088012+00:00,139.0,200,bid,,,11222610
2026-07-07T19:14:03.255513,2026-07-07T19:14:03.259310+00:00,139.0,11,ask,,,11222613
2026-07-07T19:14:04.547485,2026-07-07T19:14:04.572352+00:00,139.1,200,bid,,,11222634
2026-07-07T19:14:04.567290,2026-07-07T19:14:04.572352+00:00,139.1,12,ask,,,11222636
2026-07-07T19:14:05.499080,2026-07-07T19:14:05.505871+00:00,139.1,200,ask,,,11222651
2026-07-07T19:14:07.730560,2026-07-07T19:14:07.734671+00:00,139.1,12,bid,,,11222688
2026-07-07T19:14:09.798582,2026-07-07T19:14:09.809775+00:00,139.1,500,ask,,,11222726
2026-07-07T19:14:09.798582,2026-07-07T19:14:09.809775+00:00,139.0,125,ask,,,11222727
2026-07-07T19:14:10.339271,2026-07-07T19:14:10.349689+00:00,139.1,200,ask,,,11222730
2026-07-07T19:14:11.547541,2026-07-07T19:14:11.558547+00:00,139.1,200,ask,,,11222756
2026-07-07T19:14:12.435760,2026-07-07T19:14:12.447439+00:00,139.4,20,bid,,,11222769
2026-07-07T19:14:14.109968,2026-07-07T19:14:14.114696+00:00,139.1,23,ask,,,11222789
2026-07-07T19:14:16.357833,2026-07-07T19:14:16.369401+00:00,139.2,500,ask,,,11222819
2026-07-07T19:14:16.357833,2026-07-07T19:14:16.369401+00:00,139.1,125,ask,,,11222820
2026-07-07T19:14:17.217605,2026-07-07T19:14:17.227752+00:00,139.2,20,ask,,,11222832
2026-07-07T19:14:18.979691,2026-07-07T19:14:18.986580+00:00,139.4,200,bid,,,11222863
2026-07-07T19:14:22.422958,2026-07-07T19:14:22.429764+00:00,139.4,200,bid,,,11222906
2026-07-07T19:14:23.648843,2026-07-07T19:14:23.653874+00:00,139.3,200,bid,,,11222919
2026-07-07T19:14:25.516328,2026-07-07T19:14:25.528247+00:00,139.3,20,bid,,,11222946
2026-07-07T19:14:28.176026,2026-07-07T19:14:28.190992+00:00,139.5,200,bid,,,11222982
2026-07-07T19:14:28.187220,2026-07-07T19:14:28.190992+00:00,139.5,23,ask,,,11222984
2026-07-07T19:14:29.928940,2026-07-07T19:14:29.948086+00:00,139.4,23,bid,,,11223010
2026-07-07T19:14:30.902318,2026-07-07T19:14:30.913151+00:00,139.4,200,ask,,,11223020
2026-07-07T19:14:32.888809,2026-07-07T19:14:32.900445+00:00,139.3,3,ask,,,11223044
2026-07-07T19:14:33.691115,2026-07-07T19:14:33.695701+00:00,139.3,3,ask,,,11223055
2026-07-07T19:14:33.927489,2026-07-07T19:14:33.936214+00:00,139.4,3,bid,,,11223058
2026-07-07T19:14:34.745491,2026-07-07T19:14:34.752887+00:00,139.3,500,ask,,,11223076
2026-07-07T19:14:35.016410,2026-07-07T19:14:35.026627+00:00,139.3,125,bid,,,11223079
2026-07-07T19:14:35.744365,2026-07-07T19:14:35.759849+00:00,139.4,200,ask,,,11223095
2026-07-07T19:14:36.265500,2026-07-07T19:14:36.270453+00:00,139.4,23,ask,,,11223101
2026-07-07T19:14:36.860593,2026-07-07T19:14:36.869229+00:00,139.6,20,bid,,,11223114
2026-07-07T19:14:36.952349,2026-07-07T19:14:36.959931+00:00,139.4,200,ask,,,11223119
2026-07-07T19:14:38.169930,2026-07-07T19:14:38.178860+00:00,139.5,200,ask,,,11223142
2026-07-07T19:14:38.953847,2026-07-07T19:14:38.965402+00:00,139.4,20,ask,,,11223150
2026-07-07T19:14:41.993742,2026-07-07T19:14:42.004844+00:00,139.6,20,bid,,,11223194
2026-07-07T19:14:42.618997,2026-07-07T19:14:42.622736+00:00,139.5,3,bid,,,11223220
2026-07-07T19:14:43.002214,2026-07-07T19:14:43.008688+00:00,139.5,200,bid,,,11223224
2026-07-07T19:14:45.442124,2026-07-07T19:14:45.452369+00:00,139.4,200,ask,,,11223259
2026-07-07T19:14:45.754044,2026-07-07T19:14:45.758212+00:00,139.4,3,ask,,,11223267
2026-07-07T19:14:45.940033,2026-07-07T19:14:45.950317+00:00,139.5,500,bid,,,11223268
2026-07-07T19:14:46.650858,2026-07-07T19:14:46.657550+00:00,139.6,200,ask,,,11223274
2026-07-07T19:14:48.276069,2026-07-07T19:14:48.287959+00:00,139.6,20,ask,,,11223300
2026-07-07T19:14:49.876324,2026-07-07T19:14:49.886861+00:00,139.7,20,ask,,,11223333
2026-07-07T19:14:50.286119,2026-07-07T19:14:50.294039+00:00,139.7,200,ask,,,11223340
2026-07-07T19:14:52.117863,2026-07-07T19:14:52.122745+00:00,139.7,3,ask,,,11223371
2026-07-07T19:14:52.701596,2026-07-07T19:14:52.709028+00:00,139.9,200,bid,,,11223379
2026-07-07T19:14:53.485982,2026-07-07T19:14:53.497601+00:00,139.9,20,bid,,,11223389
2026-07-07T19:14:53.873327,2026-07-07T19:14:53.883663+00:00,139.6,12,ask,,,11223397
2026-07-07T19:14:55.122863,2026-07-07T19:14:55.133544+00:00,139.7,200,ask,,,11223411
2026-07-07T19:14:58.402800,2026-07-07T19:14:58.418660+00:00,139.6,12,ask,,,11223464
2026-07-07T19:14:58.414971,2026-07-07T19:14:58.418660+00:00,139.6,23,ask,,,11223467
2026-07-07T19:15:00.218569,2026-07-07T19:15:00.230441+00:00,139.5,12,ask,,,11223490
2026-07-07T19:15:00.379265,2026-07-07T19:15:00.390976+00:00,139.5,20,ask,,,11223492
2026-07-07T19:15:00.994223,2026-07-07T19:15:01.005414+00:00,139.5,200,ask,,,11223503
2026-07-07T19:15:00.994223,2026-07-07T19:15:01.005414+00:00,139.5,425,ask,,,11223504
2026-07-07T19:15:02.395195,2026-07-07T19:15:02.404590+00:00,139.7,200,ask,,,11223526
2026-07-07T19:15:02.683075,2026-07-07T19:15:02.693065+00:00,139.9,20,bid,,,11223533
2026-07-07T19:15:03.606421,2026-07-07T19:15:03.613133+00:00,139.7,200,ask,,,11223545
2026-07-07T19:15:06.021840,2026-07-07T19:15:06.032919+00:00,139.6,200,ask,,,11223585
2026-07-07T19:15:07.762954,2026-07-07T19:15:07.774056+00:00,139.4,20,ask,,,11223616
2026-07-07T19:15:08.290290,2026-07-07T19:15:08.301698+00:00,139.4,12,ask,,,11223624
2026-07-07T19:15:08.437969,2026-07-07T19:15:08.445488+00:00,139.5,200,bid,,,11223628
2026-07-07T19:15:08.804031,2026-07-07T19:15:08.815298+00:00,139.4,12,ask,,,11223640
2026-07-07T19:15:09.186755,2026-07-07T19:15:09.198427+00:00,139.4,20,ask,,,11223643
2026-07-07T19:15:10.076148,2026-07-07T19:15:10.087699+00:00,139.5,4,bid,,,11223655
2026-07-07T19:15:10.313370,2026-07-07T19:15:10.323129+00:00,139.3,20,ask,,,11223663
2026-07-07T19:15:10.842841,2026-07-07T19:15:10.853093+00:00,139.3,12,ask,,,11223671
2026-07-07T19:15:11.081157,2026-07-07T19:15:11.084737+00:00,139.4,23,ask,,,11223683
2026-07-07T19:15:11.897243,2026-07-07T19:15:11.907182+00:00,139.4,12,ask,,,11223691
2026-07-07T19:15:14.418379,2026-07-07T19:15:14.426594+00:00,139.2,12,ask,,,11223729
2026-07-07T19:15:15.443188,2026-07-07T19:15:15.458579+00:00,139.3,200,ask,,,11223745
2026-07-07T19:15:17.762912,2026-07-07T19:15:17.774605+00:00,139.3,20,bid,,,11223780
2026-07-07T19:15:18.533946,2026-07-07T19:15:18.543424+00:00,139.4,20,bid,,,11223784
2026-07-07T19:15:19.209955,2026-07-07T19:15:19.217452+00:00,139.2,12,ask,,,11223797
2026-07-07T19:15:20.291828,2026-07-07T19:15:20.301736+00:00,139.2,20,ask,,,11223812
2026-07-07T19:15:20.715904,2026-07-07T19:15:20.720504+00:00,139.4,11,ask,,,11223823
2026-07-07T19:15:20.747358,2026-07-07T19:15:20.756810+00:00,139.4,6,ask,,,11223825
2026-07-07T19:15:22.963830,2026-07-07T19:15:22.970784+00:00,139.4,200,bid,,,11223857
2026-07-07T19:15:24.630838,2026-07-07T19:15:24.637591+00:00,139.4,200,bid,,,11223889
2026-07-07T19:15:26.593777,2026-07-07T19:15:26.600636+00:00,139.5,200,bid,,,11223911
2026-07-07T19:15:27.735537,2026-07-07T19:15:27.746907+00:00,139.5,500,ask,,,11223928
2026-07-07T19:15:28.213983,2026-07-07T19:15:28.225743+00:00,139.5,20,ask,,,11223938
2026-07-07T19:15:28.332646,2026-07-07T19:15:28.342642+00:00,139.5,105,ask,,,11223942
2026-07-07T19:15:28.332646,2026-07-07T19:15:28.342642+00:00,139.5,200,ask,,,11223943
2026-07-07T19:15:29.011507,2026-07-07T19:15:29.019536+00:00,139.3,200,bid,,,11223953
2026-07-07T19:15:29.782553,2026-07-07T19:15:29.790528+00:00,139.3,12,bid,,,11223962
2026-07-07T19:15:30.219801,2026-07-07T19:15:30.228701+00:00,139.2,200,bid,,,11223980
2026-07-07T19:15:31.953179,2026-07-07T19:15:31.958591+00:00,139.1,500,ask,,,11223996
2026-07-07T19:15:32.492563,2026-07-07T19:15:32.515292+00:00,139.1,200,ask,,,11224000
2026-07-07T19:15:32.510448,2026-07-07T19:15:32.515292+00:00,139.0,11,bid,,,11224002
2026-07-07T19:15:32.585722,2026-07-07T19:15:32.594391+00:00,138.8,11,ask,,,11224003
2026-07-07T19:15:32.635024,2026-07-07T19:15:32.643441+00:00,139.0,200,bid,,,11224006
2026-07-07T19:15:34.636672,2026-07-07T19:15:34.647757+00:00,139.0,20,ask,,,11224044
2026-07-07T19:15:37.767029,2026-07-07T19:15:37.774628+00:00,138.9,200,bid,,,11224083
2026-07-07T19:15:42.038735,2026-07-07T19:15:42.045744+00:00,139.0,20,bid,,,11224134
2026-07-07T19:15:43.524455,2026-07-07T19:15:43.535149+00:00,139.0,200,bid,,,11224161
2026-07-07T19:15:49.517998,2026-07-07T19:15:49.527280+00:00,138.9,500,ask,,,11224229
2026-07-07T19:15:50.832645,2026-07-07T19:15:50.842808+00:00,138.8,200,bid,,,11224254
2026-07-07T19:15:52.046776,2026-07-07T19:15:52.055126+00:00,138.8,200,bid,,,11224272
2026-07-07T19:15:52.158664,2026-07-07T19:15:52.170533+00:00,138.8,20,bid,,,11224278
2026-07-07T19:15:52.185023,2026-07-07T19:15:52.195715+00:00,139.0,500,bid,,,11224279
2026-07-07T19:15:52.217113,2026-07-07T19:15:52.221293+00:00,139.0,34,ask,,,11224281
2026-07-07T19:15:52.560680,2026-07-07T19:15:52.569008+00:00,139.0,91,ask,,,11224283
2026-07-07T19:15:54.469942,2026-07-07T19:15:54.476639+00:00,138.8,200,bid,,,11224315
2026-07-07T19:15:54.989005,2026-07-07T19:15:55.005761+00:00,138.7,20,bid,,,11224324
2026-07-07T19:15:55.014596,2026-07-07T19:15:55.025974+00:00,138.7,11,bid,,,11224325
2026-07-07T19:15:55.321539,2026-07-07T19:15:55.325567+00:00,138.7,34,bid,,,11224329
2026-07-07T19:15:56.115158,2026-07-07T19:15:56.126005+00:00,138.7,500,bid,,,11224341
2026-07-07T19:15:56.175787,2026-07-07T19:15:56.183555+00:00,138.7,125,ask,,,11224342
2026-07-07T19:15:57.292460,2026-07-07T19:15:57.304225+00:00,138.7,12,bid,,,11224362
2026-07-07T19:16:01.566797,2026-07-07T19:16:01.578491+00:00,138.6,12,ask,,,11224428
2026-07-07T19:16:01.694974,2026-07-07T19:16:01.706641+00:00,138.6,20,ask,,,11224431
2026-07-07T19:16:02.662523,2026-07-07T19:16:02.671772+00:00,138.6,200,ask,,,11224446
2026-07-07T19:16:10.269747,2026-07-07T19:16:10.276556+00:00,138.5,200,ask,,,11224545
2026-07-07T19:16:10.565109,2026-07-07T19:16:10.569126+00:00,138.5,12,bid,,,11224550
2026-07-07T19:16:12.289793,2026-07-07T19:16:12.293871+00:00,138.4,11,bid,,,11224578
2026-07-07T19:16:12.562976,2026-07-07T19:16:12.570897+00:00,138.3,11,ask,,,11224579
2026-07-07T19:16:15.333361,2026-07-07T19:16:15.343304+00:00,138.4,12,bid,,,11224611
2026-07-07T19:16:16.354678,2026-07-07T19:16:16.366127+00:00,138.4,12,bid,,,11224630
2026-07-07T19:16:17.087605,2026-07-07T19:16:17.094823+00:00,138.4,188,bid,,,11224638
2026-07-07T19:16:17.533085,2026-07-07T19:16:17.544767+00:00,138.5,200,ask,,,11224647
2026-07-07T19:16:18.377399,2026-07-07T19:16:18.390386+00:00,138.7,12,bid,,,11224659
2026-07-07T19:16:22.380441,2026-07-07T19:16:22.390206+00:00,138.7,200,bid,,,11224706
2026-07-07T19:16:22.876403,2026-07-07T19:16:22.884575+00:00,138.4,20,ask,,,11224709
2026-07-07T19:16:24.658350,2026-07-07T19:16:24.669017+00:00,138.7,12,bid,,,11224735
2026-07-07T19:16:24.800155,2026-07-07T19:16:24.808875+00:00,138.5,200,ask,,,11224739
2026-07-07T19:16:26.027181,2026-07-07T19:16:26.031997+00:00,138.6,12,bid,,,11224750
2026-07-07T19:16:26.291441,2026-07-07T19:16:26.296200+00:00,138.6,188,bid,,,11224752
2026-07-07T19:16:26.943598,2026-07-07T19:16:26.968693+00:00,138.9,12,bid,,,11224764
2026-07-07T19:16:26.964476,2026-07-07T19:16:26.968693+00:00,138.9,11,bid,,,11224766
2026-07-07T19:16:27.227612,2026-07-07T19:16:27.242577+00:00,138.8,12,bid,,,11224769
2026-07-07T19:16:27.238642,2026-07-07T19:16:27.242577+00:00,138.8,3,bid,,,11224771
2026-07-07T19:16:30.096305,2026-07-07T19:16:30.103617+00:00,138.8,200,ask,,,11224804
2026-07-07T19:16:30.096305,2026-07-07T19:16:30.108799+00:00,138.7,300,ask,,,11224805
2026-07-07T19:16:31.000102,2026-07-07T19:16:31.011834+00:00,138.7,12,bid,,,11224819
2026-07-07T19:16:31.539419,2026-07-07T19:16:31.549966+00:00,138.7,500,bid,,,11224824
2026-07-07T19:16:31.895621,2026-07-07T19:16:31.903175+00:00,138.7,125,ask,,,11224827
2026-07-07T19:16:32.875849,2026-07-07T19:16:32.880822+00:00,138.5,3,bid,,,11224836
2026-07-07T19:16:33.301943,2026-07-07T19:16:33.312377+00:00,138.5,12,bid,,,11224844
2026-07-07T19:16:33.350556,2026-07-07T19:16:33.355103+00:00,138.4,3,ask,,,11224847
2026-07-07T19:16:35.369479,2026-07-07T19:16:35.381095+00:00,138.5,3,bid,,,11224876
2026-07-07T19:16:36.162262,2026-07-07T19:16:36.169403+00:00,138.4,500,ask,,,11224882
2026-07-07T19:16:36.387665,2026-07-07T19:16:36.397306+00:00,138.6,9,bid,,,11224895
2026-07-07T19:16:36.754583,2026-07-07T19:16:36.763860+00:00,138.4,125,ask,,,11224896
2026-07-07T19:16:36.754583,2026-07-07T19:16:36.763860+00:00,138.4,200,ask,,,11224897
2026-07-07T19:16:36.779949,2026-07-07T19:16:36.783818+00:00,138.3,3,bid,,,11224899
2026-07-07T19:16:36.921977,2026-07-07T19:16:36.932917+00:00,138.3,12,bid,,,11224902
2026-07-07T19:16:37.442942,2026-07-07T19:16:37.450470+00:00,138.4,9,bid,,,11224912
2026-07-07T19:16:44.705194,2026-07-07T19:16:44.712552+00:00,138.2,200,bid,,,11225002
2026-07-07T19:16:45.421120,2026-07-07T19:16:45.430186+00:00,138.2,200,ask,,,11225013
2026-07-07T19:16:47.331877,2026-07-07T19:16:47.339832+00:00,138.1,200,ask,,,11225037
2026-07-07T19:16:47.345766,2026-07-07T19:16:47.350630+00:00,138.1,23,bid,,,11225039
2026-07-07T19:16:50.279708,2026-07-07T19:16:50.289589+00:00,138.0,200,ask,,,11225082
2026-07-07T19:16:53.893602,2026-07-07T19:16:53.901047+00:00,138.2,200,bid,,,11225126
2026-07-07T19:16:53.925997,2026-07-07T19:16:53.934221+00:00,138.2,200,ask,,,11225130
2026-07-07T19:16:54.742308,2026-07-07T19:16:54.758584+00:00,138.2,20,ask,,,11225140
2026-07-07T19:16:54.939343,2026-07-07T19:16:54.949168+00:00,138.2,205,ask,,,11225147
2026-07-07T19:16:55.207759,2026-07-07T19:16:55.216283+00:00,138.1,200,ask,,,11225155
2026-07-07T19:16:55.666845,2026-07-07T19:16:55.675668+00:00,137.9,20,ask,,,11225160
2026-07-07T19:16:56.741846,2026-07-07T19:16:56.749461+00:00,138.0,200,ask,,,11225175
2026-07-07T19:16:57.052446,2026-07-07T19:16:57.064244+00:00,138.0,20,bid,,,11225187
2026-07-07T19:16:59.185655,2026-07-07T19:16:59.196963+00:00,137.9,200,ask,,,11225223
2026-07-07T19:17:00.063493,2026-07-07T19:17:00.074001+00:00,137.8,20,ask,,,11225236
2026-07-07T19:17:02.104703,2026-07-07T19:17:02.116707+00:00,137.7,20,ask,,,11225267
2026-07-07T19:17:02.332017,2026-07-07T19:17:02.342883+00:00,137.7,12,ask,,,11225273
2026-07-07T19:17:04.811916,2026-07-07T19:17:04.823641+00:00,137.7,200,bid,,,11225305
2026-07-07T19:17:05.059587,2026-07-07T19:17:05.064332+00:00,137.5,11,ask,,,11225310
2026-07-07T19:17:05.703856,2026-07-07T19:17:05.707694+00:00,137.6,3,ask,,,11225317
2026-07-07T19:17:06.022420,2026-07-07T19:17:06.032280+00:00,137.8,200,bid,,,11225322
2026-07-07T19:17:06.994355,2026-07-07T19:17:07.003975+00:00,137.8,500,bid,,,11225329
2026-07-07T19:17:08.308938,2026-07-07T19:17:08.319550+00:00,137.7,200,ask,,,11225347
2026-07-07T19:17:10.228015,2026-07-07T19:17:10.234781+00:00,137.8,20,bid,,,11225374
2026-07-07T19:17:13.295301,2026-07-07T19:17:13.303024+00:00,137.7,200,ask,,,11225424
2026-07-07T19:17:15.710055,2026-07-07T19:17:15.718365+00:00,137.5,200,ask,,,11225442
2026-07-07T19:17:16.672211,2026-07-07T19:17:16.684159+00:00,137.4,20,ask,,,11225460
2026-07-07T19:17:17.491178,2026-07-07T19:17:17.501507+00:00,137.5,200,ask,,,11225470
2026-07-07T19:17:17.934704,2026-07-07T19:17:17.944397+00:00,137.2,12,ask,,,11225473
2026-07-07T19:17:18.455852,2026-07-07T19:17:18.465099+00:00,137.3,12,ask,,,11225479
2026-07-07T19:17:20.988681,2026-07-07T19:17:21.000197+00:00,137.5,12,bid,,,11225503
2026-07-07T19:17:21.753649,2026-07-07T19:17:21.757598+00:00,137.3,12,bid,,,11225514
2026-07-07T19:17:25.421030,2026-07-07T19:17:25.425315+00:00,137.4,3,ask,,,11225559
2026-07-07T19:17:26.679195,2026-07-07T19:17:26.686157+00:00,137.3,500,ask,,,11225576
2026-07-07T19:17:26.679195,2026-07-07T19:17:26.687217+00:00,137.3,125,ask,,,11225577
2026-07-07T19:17:27.153258,2026-07-07T19:17:27.157270+00:00,137.6,3,bid,,,11225585
2026-07-07T19:17:29.301790,2026-07-07T19:17:29.310492+00:00,137.4,200,ask,,,11225608
2026-07-07T19:17:34.599273,2026-07-07T19:17:34.610763+00:00,137.2,12,ask,,,11225670
2026-07-07T19:17:35.858490,2026-07-07T19:17:35.868691+00:00,137.3,200,bid,,,11225680
2026-07-07T19:17:36.887302,2026-07-07T19:17:36.897951+00:00,137.3,12,ask,,,11225695
2026-07-07T19:17:37.513618,2026-07-07T19:17:37.525196+00:00,137.2,200,bid,,,11225703
2026-07-07T19:17:38.678807,2026-07-07T19:17:38.689302+00:00,137.0,10,ask,,,11225719
2026-07-07T19:17:39.857188,2026-07-07T19:17:39.874215+00:00,137.3,20,bid,,,11225735
2026-07-07T19:17:43.206697,2026-07-07T19:17:43.218249+00:00,137.1,12,ask,,,11225774
2026-07-07T19:17:46.264084,2026-07-07T19:17:46.275650+00:00,137.2,12,bid,,,11225818
2026-07-07T19:17:47.674440,2026-07-07T19:17:47.684530+00:00,137.2,200,bid,,,11225843
2026-07-07T19:17:48.846157,2026-07-07T19:17:48.854717+00:00,137.2,425,ask,,,11225855
2026-07-07T19:17:48.846157,2026-07-07T19:17:48.854717+00:00,137.2,75,ask,,,11225856
2026-07-07T19:17:48.987863,2026-07-07T19:17:48.994660+00:00,137.2,125,ask,,,11225859
2026-07-07T19:17:49.301280,2026-07-07T19:17:49.311224+00:00,137.0,12,bid,,,11225864
2026-07-07T19:17:49.616049,2026-07-07T19:17:49.622844+00:00,137.0,200,bid,,,11225866
2026-07-07T19:17:50.824077,2026-07-07T19:17:50.832485+00:00,137.2,200,bid,,,11225884
2026-07-07T19:17:52.047012,2026-07-07T19:17:52.050900+00:00,137.1,3,ask,,,11225899
2026-07-07T19:17:52.889579,2026-07-07T19:17:52.901206+00:00,137.1,20,ask,,,11225910
2026-07-07T19:17:52.946123,2026-07-07T19:17:52.950020+00:00,137.2,3,bid,,,11225913
2026-07-07T19:17:53.717422,2026-07-07T19:17:53.726283+00:00,137.1,20,ask,,,11225927
2026-07-07T19:17:57.653702,2026-07-07T19:17:57.665506+00:00,137.3,12,bid,,,11225981
2026-07-07T19:17:58.092817,2026-07-07T19:17:58.101434+00:00,137.3,200,bid,,,11225989
2026-07-07T19:17:59.672634,2026-07-07T19:17:59.680054+00:00,137.4,10,bid,,,11226007
2026-07-07T19:18:00.429999,2026-07-07T19:18:00.441863+00:00,137.2,12,ask,,,11226017
2026-07-07T19:18:03.995407,2026-07-07T19:18:04.005850+00:00,137.2,12,bid,,,11226075
2026-07-07T19:18:03.995769,2026-07-07T19:18:04.011071+00:00,137.1,20,ask,,,11226076
2026-07-07T19:18:06.069325,2026-07-07T19:18:06.080571+00:00,137.1,200,bid,,,11226094
2026-07-07T19:18:06.069325,2026-07-07T19:18:06.080571+00:00,137.2,425,bid,,,11226095
2026-07-07T19:18:07.383897,2026-07-07T19:18:07.392814+00:00,137.0,200,ask,,,11226108
2026-07-07T19:18:09.543094,2026-07-07T19:18:09.554482+00:00,137.1,20,bid,,,11226140
2026-07-07T19:18:13.864609,2026-07-07T19:18:13.868790+00:00,137.1,3,bid,,,11226177
2026-07-07T19:18:17.472770,2026-07-07T19:18:17.479564+00:00,137.3,200,bid,,,11226224
2026-07-07T19:18:17.522461,2026-07-07T19:18:17.534056+00:00,137.3,20,bid,,,11226225
2026-07-07T19:18:20.889813,2026-07-07T19:18:20.900803+00:00,137.3,20,bid,,,11226265
2026-07-07T19:18:21.872310,2026-07-07T19:18:21.883212+00:00,137.1,200,ask,,,11226274
2026-07-07T19:18:23.646555,2026-07-07T19:18:23.657472+00:00,137.0,12,ask,,,11226300
2026-07-07T19:18:24.499084,2026-07-07T19:18:24.506652+00:00,137.0,188,ask,,,11226307
2026-07-07T19:18:27.118315,2026-07-07T19:18:27.124985+00:00,136.9,200,bid,,,11226338
2026-07-07T19:18:27.394009,2026-07-07T19:18:27.398190+00:00,136.9,3,ask,,,11226346
2026-07-07T19:18:27.431985,2026-07-07T19:18:27.439088+00:00,136.9,12,ask,,,11226347
2026-07-07T19:18:28.355175,2026-07-07T19:18:28.368973+00:00,136.9,200,ask,,,11226362
2026-07-07T19:18:29.562794,2026-07-07T19:18:29.571298+00:00,136.9,200,bid,,,11226377
2026-07-07T19:18:30.777243,2026-07-07T19:18:30.785781+00:00,136.9,200,ask,,,11226393
2026-07-07T19:18:31.482088,2026-07-07T19:18:31.488674+00:00,136.9,12,ask,,,11226402
2026-07-07T19:18:32.739459,2026-07-07T19:18:32.746259+00:00,136.8,12,ask,,,11226418
2026-07-07T19:18:33.203163,2026-07-07T19:18:33.212565+00:00,136.8,200,ask,,,11226420
2026-07-07T19:18:33.727866,2026-07-07T19:18:33.731743+00:00,136.7,3,ask,,,11226429
2026-07-07T19:18:33.779298,2026-07-07T19:18:33.790267+00:00,136.7,12,ask,,,11226432
2026-07-07T19:18:34.192306,2026-07-07T19:18:34.204164+00:00,136.9,20,bid,,,11226439
2026-07-07T19:18:34.998331,2026-07-07T19:18:35.001870+00:00,136.8,11,ask,,,11226451
2026-07-07T19:18:35.560076,2026-07-07T19:18:35.570299+00:00,136.8,12,ask,,,11226461
2026-07-07T19:18:35.623858,2026-07-07T19:18:35.635008+00:00,136.8,200,ask,,,11226463
2026-07-07T19:18:36.884948,2026-07-07T19:18:36.894019+00:00,136.7,12,ask,,,11226481
2026-07-07T19:18:38.912208,2026-07-07T19:18:38.918939+00:00,136.8,200,bid,,,11226497
2026-07-07T19:18:41.927309,2026-07-07T19:18:41.934152+00:00,136.7,12,ask,,,11226531
2026-07-07T19:18:43.129020,2026-07-07T19:18:43.140814+00:00,136.8,20,bid,,,11226546
2026-07-07T19:18:44.194094,2026-07-07T19:18:44.204251+00:00,136.7,500,ask,,,11226561
2026-07-07T19:18:44.539813,2026-07-07T19:18:44.563653+00:00,136.7,125,bid,,,11226564
2026-07-07T19:18:45.244599,2026-07-07T19:18:45.251448+00:00,136.8,12,ask,,,11226571
2026-07-07T19:18:45.303393,2026-07-07T19:18:45.314030+00:00,136.8,200,ask,,,11226573
2026-07-07T19:18:45.517331,2026-07-07T19:18:45.522456+00:00,137.0,23,ask,,,11226577
2026-07-07T19:18:46.305414,2026-07-07T19:18:46.315354+00:00,137.0,12,ask,,,11226585
2026-07-07T19:18:46.516131,2026-07-07T19:18:46.527483+00:00,137.0,200,ask,,,11226587
2026-07-07T19:18:46.825195,2026-07-07T19:18:46.833465+00:00,136.7,10,ask,,,11226593
2026-07-07T19:18:46.829426,2026-07-07T19:18:46.833465+00:00,137.0,10,bid,,,11226594
2026-07-07T19:18:48.142337,2026-07-07T19:18:48.147037+00:00,136.8,13,bid,,,11226605
2026-07-07T19:18:50.150408,2026-07-07T19:18:50.150755+00:00,136.8,200,ask,,,11226631
2026-07-07T19:18:50.759387,2026-07-07T19:18:50.763935+00:00,136.9,12,ask,,,11226641
2026-07-07T19:18:51.372999,2026-07-07T19:18:51.377948+00:00,137.0,11,ask,,,11226646
2026-07-07T19:18:52.049285,2026-07-07T19:18:52.060098+00:00,137.0,189,ask,,,11226657
2026-07-07T19:18:56.190501,2026-07-07T19:18:56.200602+00:00,136.9,200,ask,,,11226711
2026-07-07T19:18:57.400616,2026-07-07T19:18:57.410800+00:00,136.9,200,ask,,,11226733
2026-07-07T19:18:58.322577,2026-07-07T19:18:58.332780+00:00,136.9,20,ask,,,11226747
2026-07-07T19:18:59.002705,2026-07-07T19:18:59.007741+00:00,136.9,34,bid,,,11226761
2026-07-07T19:19:03.197986,2026-07-07T19:19:03.207047+00:00,137.1,12,bid,,,11226795
2026-07-07T19:19:04.673538,2026-07-07T19:19:04.681057+00:00,137.2,200,bid,,,11226813
2026-07-07T19:19:05.207714,2026-07-07T19:19:05.218784+00:00,137.2,12,bid,,,11226822
2026-07-07T19:19:06.767258,2026-07-07T19:19:06.778168+00:00,137.2,12,bid,,,11226839
2026-07-07T19:19:07.299065,2026-07-07T19:19:07.306941+00:00,137.2,12,bid,,,11226844
2026-07-07T19:19:08.301443,2026-07-07T19:19:08.308354+00:00,137.2,200,bid,,,11226853
2026-07-07T19:19:08.903049,2026-07-07T19:19:08.908229+00:00,137.2,3,bid,,,11226860
2026-07-07T19:19:09.109396,2026-07-07T19:19:09.119553+00:00,137.4,12,bid,,,11226868
2026-07-07T19:19:10.991773,2026-07-07T19:19:11.003638+00:00,137.4,20,bid,,,11226891
2026-07-07T19:19:15.622591,2026-07-07T19:19:15.631372+00:00,137.4,500,bid,,,11226942
2026-07-07T19:19:16.030313,2026-07-07T19:19:16.040816+00:00,137.5,125,ask,,,11226949
2026-07-07T19:19:16.437976,2026-07-07T19:19:16.449373+00:00,137.4,12,bid,,,11226956
2026-07-07T19:19:16.644092,2026-07-07T19:19:16.658605+00:00,137.3,200,ask,,,11226960
2026-07-07T19:19:18.481925,2026-07-07T19:19:18.490133+00:00,137.2,200,ask,,,11226984
2026-07-07T19:19:18.481925,2026-07-07T19:19:18.490133+00:00,137.2,300,ask,,,11226985
2026-07-07T19:19:19.091746,2026-07-07T19:19:19.096212+00:00,137.2,325,ask,,,11226989
2026-07-07T19:19:19.687370,2026-07-07T19:19:19.698620+00:00,137.0,200,ask,,,11226999
2026-07-07T19:19:19.732484,2026-07-07T19:19:19.739707+00:00,136.9,12,ask,,,11227001
2026-07-07T19:19:20.249113,2026-07-07T19:19:20.258609+00:00,137.0,12,bid,,,11227007
2026-07-07T19:19:20.854779,2026-07-07T19:19:20.858628+00:00,137.0,500,bid,,,11227019
2026-07-07T19:19:20.889118,2026-07-07T19:19:20.900833+00:00,137.0,125,ask,,,11227020
2026-07-07T19:19:20.889118,2026-07-07T19:19:20.900833+00:00,136.9,200,ask,,,11227021
2026-07-07T19:19:22.024278,2026-07-07T19:19:22.035855+00:00,136.8,20,bid,,,11227040
2026-07-07T19:19:26.460772,2026-07-07T19:19:26.469650+00:00,136.9,200,bid,,,11227083
2026-07-07T19:19:28.240150,2026-07-07T19:19:28.250975+00:00,136.7,12,ask,,,11227103
2026-07-07T19:19:28.732166,2026-07-07T19:19:28.736067+00:00,136.9,14,ask,,,11227115
2026-07-07T19:19:28.764022,2026-07-07T19:19:28.772794+00:00,136.9,500,ask,,,11227116
2026-07-07T19:19:29.359710,2026-07-07T19:19:29.369150+00:00,136.9,111,ask,,,11227122
2026-07-07T19:19:30.096080,2026-07-07T19:19:30.104307+00:00,136.8,200,bid,,,11227131
2026-07-07T19:19:30.560493,2026-07-07T19:19:30.571963+00:00,136.6,12,ask,,,11227138
2026-07-07T19:19:31.325233,2026-07-07T19:19:31.329104+00:00,136.7,12,ask,,,11227148
2026-07-07T19:19:31.344150,2026-07-07T19:19:31.355291+00:00,136.7,188,ask,,,11227150
2026-07-07T19:19:32.100788,2026-07-07T19:19:32.108459+00:00,136.4,12,ask,,,11227161
2026-07-07T19:19:34.621854,2026-07-07T19:19:34.633676+00:00,136.6,12,ask,,,11227190
2026-07-07T19:19:35.277247,2026-07-07T19:19:35.288725+00:00,136.7,200,ask,,,11227202
2026-07-07T19:19:36.159088,2026-07-07T19:19:36.169206+00:00,136.7,200,bid,,,11227209
2026-07-07T19:19:37.179108,2026-07-07T19:19:37.185443+00:00,136.4,12,ask,,,11227225
2026-07-07T19:19:37.382534,2026-07-07T19:19:37.386726+00:00,136.6,11,ask,,,11227230
2026-07-07T19:19:38.580579,2026-07-07T19:19:38.589348+00:00,136.7,200,bid,,,11227248
2026-07-07T19:19:41.205860,2026-07-07T19:19:41.217667+00:00,136.6,12,ask,,,11227279
2026-07-07T19:19:41.349243,2026-07-07T19:19:41.358570+00:00,136.6,20,ask,,,11227280
2026-07-07T19:19:41.475122,2026-07-07T19:19:41.485332+00:00,136.6,168,ask,,,11227282
2026-07-07T19:19:41.837758,2026-07-07T19:19:41.846540+00:00,136.6,332,bid,,,11227290
2026-07-07T19:19:42.092106,2026-07-07T19:19:42.103175+00:00,136.7,293,ask,,,11227291
2026-07-07T19:19:42.202194,2026-07-07T19:19:42.213492+00:00,136.5,200,bid,,,11227294
2026-07-07T19:19:43.151221,2026-07-07T19:19:43.158652+00:00,136.5,500,bid,,,11227314
2026-07-07T19:19:43.411317,2026-07-07T19:19:43.421243+00:00,136.5,125,ask,,,11227317
2026-07-07T19:19:44.465799,2026-07-07T19:19:44.469340+00:00,136.3,200,ask,,,11227321
2026-07-07T19:19:44.617709,2026-07-07T19:19:44.628337+00:00,136.3,200,bid,,,11227325
2026-07-07T19:19:46.320204,2026-07-07T19:19:46.330660+00:00,136.3,200,ask,,,11227342
2026-07-07T19:19:46.609776,2026-07-07T19:19:46.614582+00:00,136.1,12,ask,,,11227347
2026-07-07T19:19:47.037472,2026-07-07T19:19:47.046394+00:00,136.3,200,bid,,,11227353
2026-07-07T19:19:47.086765,2026-07-07T19:19:47.106190+00:00,136.3,300,bid,,,11227357
2026-07-07T19:19:47.102155,2026-07-07T19:19:47.106190+00:00,136.3,22,ask,,,11227360
2026-07-07T19:19:47.515841,2026-07-07T19:19:47.524927+00:00,136.3,303,ask,,,11227366
2026-07-07T19:19:48.397007,2026-07-07T19:19:48.405111+00:00,136.1,200,ask,,,11227378
2026-07-07T19:19:49.738391,2026-07-07T19:19:49.743313+00:00,136.1,11,bid,,,11227398
2026-07-07T19:19:51.885487,2026-07-07T19:19:51.895614+00:00,136.0,200,ask,,,11227423
2026-07-07T19:19:54.306223,2026-07-07T19:19:54.317761+00:00,136.2,200,ask,,,11227457
2026-07-07T19:19:55.447889,2026-07-07T19:19:55.458618+00:00,136.2,20,bid,,,11227465
2026-07-07T19:19:56.064764,2026-07-07T19:19:56.068857+00:00,136.2,11,bid,,,11227473
2026-07-07T19:19:56.285861,2026-07-07T19:19:56.292972+00:00,136.2,20,bid,,,11227480
2026-07-07T19:19:59.145508,2026-07-07T19:19:59.154846+00:00,136.1,200,ask,,,11227522
2026-07-07T19:20:01.569948,2026-07-07T19:20:01.579436+00:00,135.9,200,ask,,,11227547
2026-07-07T19:20:09.084239,2026-07-07T19:20:09.094593+00:00,135.8,20,ask,,,11227643
2026-07-07T19:20:10.725407,2026-07-07T19:20:10.736623+00:00,136.0,200,bid,,,11227671
2026-07-07T19:20:11.876313,2026-07-07T19:20:11.880424+00:00,136.1,23,bid,,,11227686
2026-07-07T19:20:12.465112,2026-07-07T19:20:12.476402+00:00,136.0,200,ask,,,11227699
2026-07-07T19:20:12.900099,2026-07-07T19:20:12.912171+00:00,136.0,20,ask,,,11227704
2026-07-07T19:20:15.227021,2026-07-07T19:20:15.238878+00:00,135.9,12,bid,,,11227733
2026-07-07T19:20:15.490858,2026-07-07T19:20:15.500180+00:00,135.8,12,ask,,,11227736
2026-07-07T19:20:16.089821,2026-07-07T19:20:16.099298+00:00,135.8,200,ask,,,11227742
2026-07-07T19:20:18.504313,2026-07-07T19:20:18.514685+00:00,135.8,200,bid,,,11227776
2026-07-07T19:20:18.561075,2026-07-07T19:20:18.571910+00:00,135.8,20,bid,,,11227778
2026-07-07T19:20:21.465829,2026-07-07T19:20:21.474135+00:00,135.9,20,bid,,,11227819
2026-07-07T19:20:25.150865,2026-07-07T19:20:25.153849+00:00,135.9,200,bid,,,11227877
2026-07-07T19:20:25.762073,2026-07-07T19:20:25.769035+00:00,135.9,200,ask,,,11227883
2026-07-07T19:20:27.741192,2026-07-07T19:20:27.745136+00:00,135.8,23,ask,,,11227908
2026-07-07T19:20:28.177179,2026-07-07T19:20:28.184436+00:00,135.9,200,bid,,,11227914
2026-07-07T19:20:29.385168,2026-07-07T19:20:29.394607+00:00,136.0,200,bid,,,11227930
2026-07-07T19:20:30.596571,2026-07-07T19:20:30.605034+00:00,135.9,200,bid,,,11227948
2026-07-07T19:20:31.153152,2026-07-07T19:20:31.150600+00:00,135.8,500,ask,,,11227959
2026-07-07T19:20:31.809188,2026-07-07T19:20:31.818772+00:00,135.8,200,bid,,,11227969
2026-07-07T19:20:33.029265,2026-07-07T19:20:33.052990+00:00,135.5,20,ask,,,11227984
2026-07-07T19:20:33.048722,2026-07-07T19:20:33.052990+00:00,135.7,12,bid,,,11227986
2026-07-07T19:20:34.179039,2026-07-07T19:20:34.190565+00:00,135.5,20,ask,,,11228001
2026-07-07T19:20:35.986530,2026-07-07T19:20:35.994404+00:00,135.5,20,bid,,,11228019
2026-07-07T19:20:40.281499,2026-07-07T19:20:40.288432+00:00,135.5,200,bid,,,11228070
2026-07-07T19:20:43.918679,2026-07-07T19:20:43.927412+00:00,135.5,200,bid,,,11228120
2026-07-07T19:20:47.468865,2026-07-07T19:20:47.475532+00:00,135.5,200,bid,,,11228162
2026-07-07T19:20:47.567194,2026-07-07T19:20:47.574347+00:00,135.5,200,ask,,,11228163
2026-07-07T19:20:50.876470,2026-07-07T19:20:50.884377+00:00,135.5,20,ask,,,11228206
2026-07-07T19:20:54.075889,2026-07-07T19:20:54.090515+00:00,135.6,500,ask,,,11228234
2026-07-07T19:20:54.075889,2026-07-07T19:20:54.090515+00:00,135.6,125,ask,,,11228235
2026-07-07T19:20:56.192679,2026-07-07T19:20:56.197186+00:00,135.9,11,bid,,,11228269
2026-07-07T19:21:00.927870,2026-07-07T19:21:00.934532+00:00,135.7,200,ask,,,11228328
2026-07-07T19:21:02.135432,2026-07-07T19:21:02.142814+00:00,135.7,200,ask,,,11228343
2026-07-07T19:21:03.274339,2026-07-07T19:21:03.285121+00:00,135.9,12,bid,,,11228361
2026-07-07T19:21:03.342099,2026-07-07T19:21:03.353256+00:00,135.7,200,ask,,,11228362
2026-07-07T19:21:04.495397,2026-07-07T19:21:04.507323+00:00,135.8,20,bid,,,11228372
2026-07-07T19:21:04.561376,2026-07-07T19:21:04.570474+00:00,135.7,200,ask,,,11228373
2026-07-07T19:21:05.773882,2026-07-07T19:21:05.783411+00:00,135.7,200,ask,,,11228391
2026-07-07T19:21:05.918640,2026-07-07T19:21:05.936542+00:00,135.7,300,ask,,,11228398
2026-07-07T19:21:05.932556,2026-07-07T19:21:05.936542+00:00,135.7,12,bid,,,11228400
2026-07-07T19:21:06.257207,2026-07-07T19:21:06.268978+00:00,135.7,313,bid,,,11228405
2026-07-07T19:21:07.557012,2026-07-07T19:21:07.554631+00:00,135.7,12,ask,,,11228429
2026-07-07T19:21:08.105063,2026-07-07T19:21:08.112249+00:00,135.8,200,bid,,,11228434
2026-07-07T19:21:09.310757,2026-07-07T19:21:09.320254+00:00,135.9,200,bid,,,11228452
2026-07-07T19:21:11.165102,2026-07-07T19:21:11.173188+00:00,135.9,200,ask,,,11228476
2026-07-07T19:21:12.325212,2026-07-07T19:21:12.340615+00:00,135.8,200,bid,,,11228489
2026-07-07T19:21:13.028988,2026-07-07T19:21:13.040340+00:00,135.9,200,ask,,,11228502
2026-07-07T19:21:15.107785,2026-07-07T19:21:15.117741+00:00,135.8,500,ask,,,11228529
2026-07-07T19:21:15.363326,2026-07-07T19:21:15.374915+00:00,135.8,125,bid,,,11228536
2026-07-07T19:21:17.138070,2026-07-07T19:21:17.149438+00:00,135.9,12,bid,,,11228563
2026-07-07T19:21:18.352601,2026-07-07T19:21:18.359002+00:00,136.0,11,bid,,,11228582
2026-07-07T19:21:20.433185,2026-07-07T19:21:20.444304+00:00,136.0,12,ask,,,11228611
