timestamp,recv_time,price,volume,aggressor_side,buyer,seller,trade_id
2026-07-06T19:21:34.300806,2026-07-06T19:21:34.312065+00:00,158.6,200,bid,,,9872814
2026-07-06T19:21:34.657841,2026-07-06T19:21:34.668727+00:00,158.7,425,ask,,,9872819
2026-07-06T19:21:38.740749,2026-07-06T19:21:38.744948+00:00,158.4,1,ask,,,9872878
2026-07-06T19:21:43.861671,2026-07-06T19:21:43.872166+00:00,158.5,200,ask,,,9872938
2026-07-06T19:21:44.799677,2026-07-06T19:21:44.803577+00:00,158.6,10,ask,,,9872946
2026-07-06T19:21:45.073519,2026-07-06T19:21:45.082487+00:00,158.6,200,ask,,,9872951
2026-07-06T19:21:45.563546,2026-07-06T19:21:45.574311+00:00,158.6,415,ask,,,9872954
2026-07-06T19:21:45.810449,2026-07-06T19:21:45.821872+00:00,158.6,20,bid,,,9872958
2026-07-06T19:21:47.427788,2026-07-06T19:21:47.480892+00:00,158.4,200,ask,,,9872981
2026-07-06T19:21:47.476753,2026-07-06T19:21:47.480892+00:00,158.4,11,bid,,,9872985
2026-07-06T19:21:47.616403,2026-07-06T19:21:47.608476+00:00,158.3,20,ask,,,9872987
2026-07-06T19:21:51.837148,2026-07-06T19:21:51.844609+00:00,158.4,20,bid,,,9873051
2026-07-06T19:21:56.974316,2026-07-06T19:21:56.985780+00:00,158.5,20,bid,,,9873118
2026-07-06T19:21:57.676294,2026-07-06T19:21:57.679949+00:00,158.5,12,bid,,,9873134
2026-07-06T19:21:59.595791,2026-07-06T19:21:59.601986+00:00,158.5,200,bid,,,9873158
2026-07-06T19:21:59.747113,2026-07-06T19:21:59.758597+00:00,158.5,20,bid,,,9873162
2026-07-06T19:22:07.133021,2026-07-06T19:22:07.139838+00:00,158.5,200,bid,,,9873245
2026-07-06T19:22:08.081479,2026-07-06T19:22:08.091210+00:00,158.5,200,ask,,,9873259
2026-07-06T19:22:09.806643,2026-07-06T19:22:09.810482+00:00,158.4,11,bid,,,9873283
2026-07-06T19:22:10.171061,2026-07-06T19:22:10.175430+00:00,158.4,11,bid,,,9873290
2026-07-06T19:22:10.972722,2026-07-06T19:22:10.979621+00:00,158.3,500,ask,,,9873308
2026-07-06T19:22:11.121841,2026-07-06T19:22:11.125680+00:00,158.3,12,bid,,,9873313
2026-07-06T19:22:11.719544,2026-07-06T19:22:11.729625+00:00,158.3,200,bid,,,9873318
2026-07-06T19:22:12.823421,2026-07-06T19:22:12.827466+00:00,158.2,11,bid,,,9873332
2026-07-06T19:22:12.933359,2026-07-06T19:22:12.942731+00:00,158.2,200,bid,,,9873334
2026-07-06T19:22:13.301552,2026-07-06T19:22:13.308204+00:00,158.2,20,bid,,,9873336
2026-07-06T19:22:14.014309,2026-07-06T19:22:14.063918+00:00,158.0,500,ask,,,9873350
2026-07-06T19:22:14.608701,2026-07-06T19:22:14.622221+00:00,158.1,200,ask,,,9873355
2026-07-06T19:22:14.608701,2026-07-06T19:22:14.622221+00:00,158.0,125,ask,,,9873356
2026-07-06T19:22:15.352964,2026-07-06T19:22:15.353704+00:00,158.0,200,bid,,,9873366
2026-07-06T19:22:17.780292,2026-07-06T19:22:17.788248+00:00,158.0,200,bid,,,9873408
2026-07-06T19:22:18.995674,2026-07-06T19:22:19.005706+00:00,158.0,200,ask,,,9873426
2026-07-06T19:22:19.133278,2026-07-06T19:22:19.163967+00:00,158.0,8,bid,,,9873428
2026-07-06T19:22:22.622983,2026-07-06T19:22:22.629589+00:00,157.9,200,ask,,,9873470
2026-07-06T19:22:25.930566,2026-07-06T19:22:25.938498+00:00,157.8,8,bid,,,9873516
2026-07-06T19:22:26.250708,2026-07-06T19:22:26.258568+00:00,157.8,200,bid,,,9873522
2026-07-06T19:22:27.458198,2026-07-06T19:22:27.469055+00:00,157.8,200,bid,,,9873541
2026-07-06T19:22:29.483062,2026-07-06T19:22:29.490201+00:00,157.8,8,bid,,,9873562
2026-07-06T19:22:29.897237,2026-07-06T19:22:29.900922+00:00,157.7,12,bid,,,9873570
2026-07-06T19:22:31.015291,2026-07-06T19:22:31.025267+00:00,157.7,8,bid,,,9873583
2026-07-06T19:22:31.271256,2026-07-06T19:22:31.282891+00:00,157.9,8,bid,,,9873590
2026-07-06T19:22:34.305821,2026-07-06T19:22:34.359311+00:00,157.9,8,bid,,,9873630
2026-07-06T19:22:35.002698,2026-07-06T19:22:35.014162+00:00,157.8,20,ask,,,9873638
2026-07-06T19:22:37.630358,2026-07-06T19:22:37.639300+00:00,157.8,8,ask,,,9873673
2026-07-06T19:22:39.569879,2026-07-06T19:22:39.573972+00:00,157.8,12,ask,,,9873697
2026-07-06T19:22:48.012702,2026-07-06T19:22:48.019538+00:00,158.1,200,bid,,,9873805
2026-07-06T19:22:48.254853,2026-07-06T19:22:48.263707+00:00,157.8,8,ask,,,9873809
2026-07-06T19:22:48.446313,2026-07-06T19:22:48.463866+00:00,158.1,20,bid,,,9873813
2026-07-06T19:22:48.532877,2026-07-06T19:22:48.541504+00:00,158.1,8,bid,,,9873814
2026-07-06T19:22:49.721286,2026-07-06T19:22:49.728606+00:00,158.1,500,ask,,,9873834
2026-07-06T19:22:50.320446,2026-07-06T19:22:50.358664+00:00,158.1,125,ask,,,9873847
2026-07-06T19:22:50.320446,2026-07-06T19:22:50.358664+00:00,158.1,200,ask,,,9873848
2026-07-06T19:22:50.591140,2026-07-06T19:22:50.602804+00:00,157.9,8,ask,,,9873850
2026-07-06T19:22:51.819263,2026-07-06T19:22:51.825759+00:00,157.9,200,ask,,,9873865
2026-07-06T19:22:53.129359,2026-07-06T19:22:53.140237+00:00,158.0,500,bid,,,9873883
2026-07-06T19:22:53.129359,2026-07-06T19:22:53.140237+00:00,158.0,125,bid,,,9873884
2026-07-06T19:22:54.038928,2026-07-06T19:22:54.058610+00:00,157.7,20,ask,,,9873894
2026-07-06T19:22:54.440350,2026-07-06T19:22:54.458609+00:00,157.9,500,bid,,,9873903
2026-07-06T19:22:54.503629,2026-07-06T19:22:54.506148+00:00,157.9,11,ask,,,9873905
2026-07-06T19:22:54.569348,2026-07-06T19:22:54.578787+00:00,157.9,114,ask,,,9873906
2026-07-06T19:22:55.264824,2026-07-06T19:22:55.275249+00:00,157.8,200,bid,,,9873916
2026-07-06T19:22:56.410970,2026-07-06T19:22:56.415242+00:00,157.7,11,bid,,,9873930
2026-07-06T19:22:56.476104,2026-07-06T19:22:56.484002+00:00,157.7,200,bid,,,9873932
2026-07-06T19:22:57.688930,2026-07-06T19:22:57.695153+00:00,157.7,200,bid,,,9873952
2026-07-06T19:22:57.865250,2026-07-06T19:22:57.869006+00:00,157.5,11,ask,,,9873959
2026-07-06T19:22:57.954238,2026-07-06T19:22:57.969173+00:00,157.5,8,ask,,,9873961
2026-07-06T19:22:58.902571,2026-07-06T19:22:58.959205+00:00,157.7,200,bid,,,9873972
2026-07-06T19:23:00.133615,2026-07-06T19:23:00.137261+00:00,157.6,12,ask,,,9873989
2026-07-06T19:23:00.939852,2026-07-06T19:23:00.944365+00:00,157.7,12,bid,,,9874004
2026-07-06T19:23:02.313924,2026-07-06T19:23:02.372495+00:00,157.6,200,ask,,,9874026
2026-07-06T19:23:02.367214,2026-07-06T19:23:02.372495+00:00,157.6,11,bid,,,9874028
2026-07-06T19:23:02.736397,2026-07-06T19:23:02.769195+00:00,157.6,8,bid,,,9874031
2026-07-06T19:23:04.175874,2026-07-06T19:23:04.180115+00:00,157.6,11,ask,,,9874061
2026-07-06T19:23:04.284039,2026-07-06T19:23:04.295686+00:00,157.6,8,ask,,,9874062
2026-07-06T19:23:04.548458,2026-07-06T19:23:04.563941+00:00,157.8,8,bid,,,9874071
2026-07-06T19:23:05.056581,2026-07-06T19:23:05.064214+00:00,157.9,8,bid,,,9874078
2026-07-06T19:23:06.688018,2026-07-06T19:23:06.697774+00:00,157.7,500,ask,,,9874093
2026-07-06T19:23:07.291237,2026-07-06T19:23:07.300847+00:00,157.7,125,ask,,,9874102
2026-07-06T19:23:07.312125,2026-07-06T19:23:07.316422+00:00,157.7,11,bid,,,9874104
2026-07-06T19:23:07.588100,2026-07-06T19:23:07.599698+00:00,157.7,8,bid,,,9874108
2026-07-06T19:23:08.616979,2026-07-06T19:23:08.620799+00:00,157.6,12,bid,,,9874119
2026-07-06T19:23:09.181459,2026-07-06T19:23:09.192974+00:00,157.5,20,ask,,,9874127
2026-07-06T19:23:10.908717,2026-07-06T19:23:10.919362+00:00,157.6,500,ask,,,9874151
2026-07-06T19:23:11.505877,2026-07-06T19:23:11.515986+00:00,157.6,125,ask,,,9874162
2026-07-06T19:23:11.505877,2026-07-06T19:23:11.515986+00:00,157.6,200,ask,,,9874163
2026-07-06T19:23:11.559049,2026-07-06T19:23:11.562987+00:00,157.5,11,bid,,,9874167
2026-07-06T19:23:11.879819,2026-07-06T19:23:11.891541+00:00,157.5,8,bid,,,9874171
2026-07-06T19:23:12.232747,2026-07-06T19:23:12.242826+00:00,157.5,200,bid,,,9874173
2026-07-06T19:23:13.591120,2026-07-06T19:23:13.595074+00:00,157.6,3,bid,,,9874196
2026-07-06T19:23:13.914572,2026-07-06T19:23:13.921261+00:00,157.6,8,bid,,,9874204
2026-07-06T19:23:14.158478,2026-07-06T19:23:14.166611+00:00,157.6,189,bid,,,9874210
2026-07-06T19:23:14.946213,2026-07-06T19:23:14.947626+00:00,157.7,8,bid,,,9874226
2026-07-06T19:23:15.162381,2026-07-06T19:23:15.169217+00:00,157.6,436,ask,,,9874227
2026-07-06T19:23:15.473968,2026-07-06T19:23:15.481413+00:00,157.5,200,ask,,,9874235
2026-07-06T19:23:15.984119,2026-07-06T19:23:15.991892+00:00,157.5,8,bid,,,9874241
2026-07-06T19:23:16.517503,2026-07-06T19:23:16.528171+00:00,157.5,8,bid,,,9874252
2026-07-06T19:23:16.808009,2026-07-06T19:23:16.811905+00:00,157.5,3,ask,,,9874259
2026-07-06T19:23:17.075608,2026-07-06T19:23:17.084948+00:00,157.5,200,ask,,,9874261
2026-07-06T19:23:17.329975,2026-07-06T19:23:17.338862+00:00,157.5,20,ask,,,9874264
2026-07-06T19:23:17.781217,2026-07-06T19:23:17.791289+00:00,157.5,8,ask,,,9874275
2026-07-06T19:23:19.950432,2026-07-06T19:23:19.958607+00:00,157.5,20,bid,,,9874300
2026-07-06T19:23:20.020792,2026-07-06T19:23:20.029687+00:00,157.4,500,ask,,,9874301
2026-07-06T19:23:20.614689,2026-07-06T19:23:20.625668+00:00,157.4,125,ask,,,9874305
2026-07-06T19:23:20.708621,2026-07-06T19:23:20.717190+00:00,157.4,200,bid,,,9874306
2026-07-06T19:23:22.273573,2026-07-06T19:23:22.285371+00:00,157.3,8,bid,,,9874330
2026-07-06T19:23:23.068424,2026-07-06T19:23:23.084094+00:00,157.2,8,ask,,,9874346
2026-07-06T19:23:23.080162,2026-07-06T19:23:23.084094+00:00,157.3,3,bid,,,9874349
2026-07-06T19:23:23.323494,2026-07-06T19:23:23.330484+00:00,157.3,8,bid,,,9874354
2026-07-06T19:23:24.353240,2026-07-06T19:23:24.358692+00:00,157.3,3,bid,,,9874371
2026-07-06T19:23:24.626068,2026-07-06T19:23:24.634702+00:00,157.3,3,bid,,,9874376
2026-07-06T19:23:24.909766,2026-07-06T19:23:24.917783+00:00,157.3,11,bid,,,9874383
2026-07-06T19:23:25.179366,2026-07-06T19:23:25.186780+00:00,157.3,3,bid,,,9874386
2026-07-06T19:23:25.453678,2026-07-06T19:23:25.457724+00:00,157.3,3,bid,,,9874391
2026-07-06T19:23:25.714404,2026-07-06T19:23:25.725522+00:00,157.2,3,bid,,,9874397
2026-07-06T19:23:25.975194,2026-07-06T19:23:25.986475+00:00,157.2,3,bid,,,9874401
2026-07-06T19:23:27.309995,2026-07-06T19:23:27.318996+00:00,157.0,200,ask,,,9874415
2026-07-06T19:23:27.309995,2026-07-06T19:23:27.318996+00:00,156.9,425,ask,,,9874416
2026-07-06T19:23:30.288664,2026-07-06T19:23:30.300406+00:00,157.1,8,ask,,,9874454
2026-07-06T19:23:31.290271,2026-07-06T19:23:31.302000+00:00,157.3,20,bid,,,9874473
2026-07-06T19:23:32.471483,2026-07-06T19:23:32.475707+00:00,157.2,3,ask,,,9874487
2026-07-06T19:23:32.810283,2026-07-06T19:23:32.817984+00:00,157.1,200,ask,,,9874495
2026-07-06T19:23:35.228389,2026-07-06T19:23:35.237705+00:00,157.2,200,ask,,,9874520
2026-07-06T19:23:35.801656,2026-07-06T19:23:35.805726+00:00,157.2,11,ask,,,9874525
2026-07-06T19:23:36.438274,2026-07-06T19:23:36.446763+00:00,157.2,200,ask,,,9874536
2026-07-06T19:23:41.847615,2026-07-06T19:23:41.856905+00:00,157.3,8,ask,,,9874603
2026-07-06T19:23:43.115989,2026-07-06T19:23:43.127507+00:00,157.2,8,ask,,,9874627
2026-07-06T19:23:45.687253,2026-07-06T19:23:45.697272+00:00,157.4,200,bid,,,9874647
2026-07-06T19:23:45.703214,2026-07-06T19:23:45.707124+00:00,157.4,12,ask,,,9874649
2026-07-06T19:23:47.141334,2026-07-06T19:23:47.148980+00:00,157.4,8,ask,,,9874671
2026-07-06T19:23:48.631103,2026-07-06T19:23:48.642728+00:00,157.5,20,bid,,,9874698
2026-07-06T19:23:49.401258,2026-07-06T19:23:49.412897+00:00,157.5,8,bid,,,9874708
2026-07-06T19:23:50.229123,2026-07-06T19:23:50.238491+00:00,157.5,20,bid,,,9874716
2026-07-06T19:23:54.609981,2026-07-06T19:23:54.621485+00:00,157.5,200,bid,,,9874779
2026-07-06T19:23:55.429784,2026-07-06T19:23:55.438535+00:00,157.3,8,ask,,,9874790
2026-07-06T19:23:55.684579,2026-07-06T19:23:55.695981+00:00,157.5,8,bid,,,9874798
2026-07-06T19:23:55.994690,2026-07-06T19:23:56.006290+00:00,157.5,20,bid,,,9874803
2026-07-06T19:23:59.976404,2026-07-06T19:23:59.989973+00:00,157.4,8,ask,,,9874851
2026-07-06T19:24:00.127366,2026-07-06T19:24:00.137966+00:00,157.6,200,bid,,,9874857
2026-07-06T19:24:01.498732,2026-07-06T19:24:01.558601+00:00,157.7,8,bid,,,9874873
2026-07-06T19:24:03.997627,2026-07-06T19:24:04.006420+00:00,157.7,20,bid,,,9874906
2026-07-06T19:24:04.301334,2026-07-06T19:24:04.304991+00:00,157.8,12,bid,,,9874919
2026-07-06T19:24:04.310454,2026-07-06T19:24:04.320635+00:00,157.8,8,bid,,,9874921
2026-07-06T19:24:05.533859,2026-07-06T19:24:05.537999+00:00,157.7,11,bid,,,9874937
2026-07-06T19:24:06.101946,2026-07-06T19:24:06.112032+00:00,157.6,8,ask,,,9874947
2026-07-06T19:24:06.367860,2026-07-06T19:24:06.377156+00:00,157.7,8,bid,,,9874953
2026-07-06T19:24:06.432950,2026-07-06T19:24:06.444343+00:00,157.7,20,bid,,,9874954
2026-07-06T19:24:06.686258,2026-07-06T19:24:06.696005+00:00,157.7,161,bid,,,9874962
2026-07-06T19:24:06.720199,2026-07-06T19:24:06.764129+00:00,157.8,200,ask,,,9874964
2026-07-06T19:24:06.882130,2026-07-06T19:24:06.885769+00:00,157.9,8,bid,,,9874968
2026-07-06T19:24:07.855047,2026-07-06T19:24:07.863906+00:00,157.8,264,ask,,,9874983
2026-07-06T19:24:08.167719,2026-07-06T19:24:08.179331+00:00,157.8,8,bid,,,9874988
2026-07-06T19:24:09.055894,2026-07-06T19:24:09.063075+00:00,157.6,200,ask,,,9875008
2026-07-06T19:24:09.055894,2026-07-06T19:24:09.068069+00:00,157.6,300,ask,,,9875009
2026-07-06T19:24:11.926391,2026-07-06T19:24:11.968683+00:00,157.5,200,ask,,,9875041
2026-07-06T19:24:12.469870,2026-07-06T19:24:12.479611+00:00,157.3,8,ask,,,9875050
2026-07-06T19:24:12.725354,2026-07-06T19:24:12.734146+00:00,157.5,8,bid,,,9875057
2026-07-06T19:24:14.756859,2026-07-06T19:24:14.758596+00:00,157.3,8,ask,,,9875085
2026-07-06T19:24:15.178814,2026-07-06T19:24:15.189616+00:00,157.5,200,bid,,,9875089
2026-07-06T19:24:19.035984,2026-07-06T19:24:19.047642+00:00,157.3,8,ask,,,9875139
2026-07-06T19:24:20.103262,2026-07-06T19:24:20.107188+00:00,157.3,11,ask,,,9875157
2026-07-06T19:24:23.736372,2026-07-06T19:24:23.745257+00:00,157.2,200,bid,,,9875203
2026-07-06T19:24:26.104214,2026-07-06T19:24:26.108651+00:00,157.3,4,ask,,,9875235
2026-07-06T19:24:29.442420,2026-07-06T19:24:29.454002+00:00,157.4,20,bid,,,9875286
2026-07-06T19:24:29.532258,2026-07-06T19:24:29.539828+00:00,157.4,8,bid,,,9875289
2026-07-06T19:24:29.913877,2026-07-06T19:24:29.925029+00:00,157.2,20,ask,,,9875291
2026-07-06T19:24:30.304995,2026-07-06T19:24:30.312874+00:00,157.2,180,ask,,,9875299
2026-07-06T19:24:30.319081,2026-07-06T19:24:30.322665+00:00,157.2,15,bid,,,9875301
2026-07-06T19:24:31.040372,2026-07-06T19:24:31.058790+00:00,157.2,8,bid,,,9875312
2026-07-06T19:24:33.457774,2026-07-06T19:24:33.469213+00:00,157.0,20,ask,,,9875345
2026-07-06T19:24:35.848589,2026-07-06T19:24:35.858630+00:00,157.1,8,ask,,,9875374
2026-07-06T19:24:36.863990,2026-07-06T19:24:36.882096+00:00,157.2,200,bid,,,9875387
2026-07-06T19:24:36.878169,2026-07-06T19:24:36.882096+00:00,157.3,11,ask,,,9875389
2026-07-06T19:24:39.123003,2026-07-06T19:24:39.134497+00:00,157.4,8,bid,,,9875427
2026-07-06T19:24:44.150268,2026-07-06T19:24:44.150527+00:00,157.3,8,ask,,,9875494
2026-07-06T19:24:45.380218,2026-07-06T19:24:45.389850+00:00,157.4,200,ask,,,9875519
2026-07-06T19:24:46.073644,2026-07-06T19:24:46.081374+00:00,157.4,200,bid,,,9875526
2026-07-06T19:24:46.073644,2026-07-06T19:24:46.086411+00:00,157.4,425,bid,,,9875527
2026-07-06T19:24:47.388446,2026-07-06T19:24:47.398469+00:00,157.3,200,ask,,,9875544
2026-07-06T19:24:47.893161,2026-07-06T19:24:47.902543+00:00,157.3,200,bid,,,9875551
2026-07-06T19:24:48.687626,2026-07-06T19:24:48.695121+00:00,157.1,8,ask,,,9875564
2026-07-06T19:24:48.943354,2026-07-06T19:24:48.958605+00:00,157.2,8,ask,,,9875572
2026-07-06T19:24:50.331671,2026-07-06T19:24:50.335983+00:00,157.3,12,ask,,,9875591
2026-07-06T19:24:50.456577,2026-07-06T19:24:50.457681+00:00,157.4,8,bid,,,9875596
2026-07-06T19:24:51.433839,2026-07-06T19:24:51.441342+00:00,157.3,188,ask,,,9875623
2026-07-06T19:24:51.526027,2026-07-06T19:24:51.533217+00:00,157.3,200,bid,,,9875625
2026-07-06T19:24:52.488339,2026-07-06T19:24:52.500143+00:00,157.3,8,bid,,,9875642
2026-07-06T19:24:53.965031,2026-07-06T19:24:53.969048+00:00,157.2,5,bid,,,9875670
2026-07-06T19:24:55.163878,2026-07-06T19:24:55.174349+00:00,157.1,200,ask,,,9875693
2026-07-06T19:24:55.301920,2026-07-06T19:24:55.305853+00:00,157.0,8,bid,,,9875698
2026-07-06T19:24:55.541253,2026-07-06T19:24:55.548472+00:00,156.9,8,ask,,,9875700
2026-07-06T19:24:56.809393,2026-07-06T19:24:56.820552+00:00,157.0,8,bid,,,9875718
2026-07-06T19:25:01.229224,2026-07-06T19:25:01.233044+00:00,157.0,13,bid,,,9875767
2026-07-06T19:25:01.340946,2026-07-06T19:25:01.352996+00:00,157.0,8,bid,,,9875768
2026-07-06T19:25:01.860802,2026-07-06T19:25:01.869273+00:00,156.9,200,ask,,,9875779
2026-07-06T19:25:02.057194,2026-07-06T19:25:02.055701+00:00,156.9,20,bid,,,9875783
2026-07-06T19:25:02.431791,2026-07-06T19:25:02.439071+00:00,156.9,200,bid,,,9875787
2026-07-06T19:25:05.132214,2026-07-06T19:25:05.129222+00:00,157.0,3,bid,,,9875820
2026-07-06T19:25:06.062610,2026-07-06T19:25:06.069881+00:00,156.9,200,bid,,,9875838
2026-07-06T19:25:07.271410,2026-07-06T19:25:07.277962+00:00,156.9,200,bid,,,9875854
2026-07-06T19:25:08.481891,2026-07-06T19:25:08.492319+00:00,156.9,200,bid,,,9875875
2026-07-06T19:25:10.765138,2026-07-06T19:25:10.769574+00:00,156.9,3,bid,,,9875902
2026-07-06T19:25:16.937377,2026-07-06T19:25:16.947172+00:00,156.8,200,ask,,,9875977
2026-07-06T19:25:18.144335,2026-07-06T19:25:18.155147+00:00,156.8,200,ask,,,9875997
2026-07-06T19:25:21.772271,2026-07-06T19:25:21.782297+00:00,156.9,200,ask,,,9876040
2026-07-06T19:25:22.979753,2026-07-06T19:25:22.990051+00:00,157.0,200,ask,,,9876051
2026-07-06T19:25:23.151300,2026-07-06T19:25:23.158554+00:00,157.0,20,ask,,,9876052
2026-07-06T19:25:23.491022,2026-07-06T19:25:23.502142+00:00,157.1,500,bid,,,9876058
2026-07-06T19:25:24.084776,2026-07-06T19:25:24.091958+00:00,157.1,125,bid,,,9876070
2026-07-06T19:25:24.187616,2026-07-06T19:25:24.198994+00:00,157.1,200,ask,,,9876073
2026-07-06T19:25:25.395705,2026-07-06T19:25:25.405815+00:00,157.2,200,ask,,,9876091
2026-07-06T19:25:26.570970,2026-07-06T19:25:26.575510+00:00,157.5,23,bid,,,9876111
2026-07-06T19:25:26.606800,2026-07-06T19:25:26.615501+00:00,157.3,200,ask,,,9876112
2026-07-06T19:25:26.766056,2026-07-06T19:25:26.770180+00:00,157.4,11,bid,,,9876119
2026-07-06T19:25:27.835016,2026-07-06T19:25:27.838842+00:00,157.3,12,bid,,,9876130
2026-07-06T19:25:28.058179,2026-07-06T19:25:28.069705+00:00,157.3,188,bid,,,9876135
2026-07-06T19:25:29.027524,2026-07-06T19:25:29.038746+00:00,157.4,200,ask,,,9876153
2026-07-06T19:25:29.737675,2026-07-06T19:25:29.741533+00:00,157.3,12,ask,,,9876169
2026-07-06T19:25:30.676953,2026-07-06T19:25:30.685880+00:00,157.3,200,bid,,,9876178
2026-07-06T19:25:31.444252,2026-07-06T19:25:31.464119+00:00,157.3,200,ask,,,9876188
2026-07-06T19:25:32.730631,2026-07-06T19:25:32.734430+00:00,157.2,11,ask,,,9876206
2026-07-06T19:25:32.891865,2026-07-06T19:25:32.895469+00:00,157.2,12,ask,,,9876211
2026-07-06T19:25:34.292774,2026-07-06T19:25:34.304250+00:00,157.2,20,ask,,,9876230
2026-07-06T19:25:34.630760,2026-07-06T19:25:34.637951+00:00,157.3,200,bid,,,9876232
2026-07-06T19:25:34.649278,2026-07-06T19:25:34.653311+00:00,157.4,14,ask,,,9876234
2026-07-06T19:25:35.065243,2026-07-06T19:25:35.073064+00:00,157.4,200,ask,,,9876245
2026-07-06T19:25:35.270507,2026-07-06T19:25:35.279270+00:00,157.4,8,ask,,,9876248
2026-07-06T19:25:36.006536,2026-07-06T19:25:36.010340+00:00,157.2,14,bid,,,9876255
2026-07-06T19:25:36.054441,2026-07-06T19:25:36.064499+00:00,157.2,8,bid,,,9876259
2026-07-06T19:25:36.188417,2026-07-06T19:25:36.194921+00:00,157.2,500,bid,,,9876260
2026-07-06T19:25:36.783827,2026-07-06T19:25:36.794469+00:00,157.2,103,bid,,,9876271
2026-07-06T19:25:37.253756,2026-07-06T19:25:37.263855+00:00,157.3,200,bid,,,9876282
2026-07-06T19:25:39.246292,2026-07-06T19:25:39.251245+00:00,157.3,11,ask,,,9876311
2026-07-06T19:25:41.198589,2026-07-06T19:25:41.207066+00:00,157.5,200,bid,,,9876347
2026-07-06T19:25:41.213654,2026-07-06T19:25:41.218040+00:00,157.5,3,ask,,,9876349
2026-07-06T19:25:42.325058,2026-07-06T19:25:42.332867+00:00,157.5,200,ask,,,9876360
2026-07-06T19:25:43.537100,2026-07-06T19:25:43.548371+00:00,157.5,200,ask,,,9876375
2026-07-06T19:25:43.850639,2026-07-06T19:25:43.855265+00:00,157.6,3,bid,,,9876383
2026-07-06T19:25:47.105250,2026-07-06T19:25:47.119555+00:00,157.6,20,bid,,,9876422
2026-07-06T19:25:48.705614,2026-07-06T19:25:48.709984+00:00,157.4,3,ask,,,9876446
2026-07-06T19:25:49.545569,2026-07-06T19:25:49.558115+00:00,157.4,20,ask,,,9876460
2026-07-06T19:25:49.655361,2026-07-06T19:25:49.658559+00:00,157.4,8,ask,,,9876463
2026-07-06T19:25:50.804412,2026-07-06T19:25:50.814758+00:00,157.5,200,ask,,,9876475
2026-07-06T19:25:51.688374,2026-07-06T19:25:51.694799+00:00,157.5,8,ask,,,9876489
2026-07-06T19:25:53.144921,2026-07-06T19:25:53.169338+00:00,157.5,200,bid,,,9876502
2026-07-06T19:25:53.747337,2026-07-06T19:25:53.754354+00:00,157.6,500,bid,,,9876507
2026-07-06T19:25:54.335198,2026-07-06T19:25:54.342610+00:00,157.6,200,bid,,,9876516
2026-07-06T19:25:54.378149,2026-07-06T19:25:54.382068+00:00,157.7,14,ask,,,9876518
2026-07-06T19:25:54.438350,2026-07-06T19:25:54.445263+00:00,157.7,200,ask,,,9876519
2026-07-06T19:25:55.654171,2026-07-06T19:25:55.658604+00:00,157.7,500,ask,,,9876530
2026-07-06T19:25:55.662081,2026-07-06T19:25:55.668669+00:00,157.6,125,bid,,,9876531
2026-07-06T19:25:55.739516,2026-07-06T19:25:55.747729+00:00,157.7,8,ask,,,9876533
2026-07-06T19:25:56.876828,2026-07-06T19:25:56.885244+00:00,157.7,200,ask,,,9876551
2026-07-06T19:25:57.416339,2026-07-06T19:25:57.426414+00:00,157.8,20,ask,,,9876558
2026-07-06T19:25:59.204733,2026-07-06T19:25:59.215254+00:00,157.9,200,bid,,,9876584
2026-07-06T19:25:59.589115,2026-07-06T19:25:59.593209+00:00,157.9,300,ask,,,9876587
2026-07-06T19:25:59.797627,2026-07-06T19:25:59.806657+00:00,157.9,325,bid,,,9876588
2026-07-06T19:26:04.550492,2026-07-06T19:26:04.558611+00:00,158.0,8,ask,,,9876642
2026-07-06T19:26:04.834734,2026-07-06T19:26:04.848474+00:00,158.1,200,bid,,,9876649
2026-07-06T19:26:07.458657,2026-07-06T19:26:07.469100+00:00,158.2,200,bid,,,9876684
2026-07-06T19:26:10.848339,2026-07-06T19:26:10.851999+00:00,158.3,23,ask,,,9876729
2026-07-06T19:26:10.863803,2026-07-06T19:26:10.872951+00:00,158.3,8,ask,,,9876731
2026-07-06T19:26:11.420731,2026-07-06T19:26:11.424996+00:00,158.4,12,ask,,,9876736
2026-07-06T19:26:12.710442,2026-07-06T19:26:12.737401+00:00,158.5,200,bid,,,9876753
2026-07-06T19:26:12.733301,2026-07-06T19:26:12.737401+00:00,158.5,7,ask,,,9876760
2026-07-06T19:26:12.884833,2026-07-06T19:26:12.896480+00:00,158.5,8,ask,,,9876763
2026-07-06T19:26:13.152405,2026-07-06T19:26:13.164159+00:00,158.8,20,bid,,,9876767
2026-07-06T19:26:13.831080,2026-07-06T19:26:13.837952+00:00,158.5,200,ask,,,9876775
2026-07-06T19:26:14.059619,2026-07-06T19:26:14.063206+00:00,158.6,7,bid,,,9876783
2026-07-06T19:26:17.111107,2026-07-06T19:26:17.122477+00:00,158.4,20,ask,,,9876816
2026-07-06T19:26:17.939970,2026-07-06T19:26:17.947628+00:00,158.4,8,ask,,,9876828
2026-07-06T19:26:22.052495,2026-07-06T19:26:22.064123+00:00,158.7,20,bid,,,9876878
2026-07-06T19:26:22.310208,2026-07-06T19:26:22.318677+00:00,158.5,200,ask,,,9876881
2026-07-06T19:26:23.952167,2026-07-06T19:26:23.958574+00:00,158.6,20,bid,,,9876897
2026-07-06T19:26:25.485004,2026-07-06T19:26:25.496662+00:00,158.5,8,ask,,,9876920
2026-07-06T19:26:25.949906,2026-07-06T19:26:25.956492+00:00,158.5,200,ask,,,9876926
2026-07-06T19:26:27.156891,2026-07-06T19:26:27.158579+00:00,158.5,200,ask,,,9876942
2026-07-06T19:26:27.205982,2026-07-06T19:26:27.209889+00:00,158.5,12,bid,,,9876944
2026-07-06T19:26:29.569028,2026-07-06T19:26:29.580248+00:00,158.6,200,bid,,,9876971
2026-07-06T19:26:31.143801,2026-07-06T19:26:31.158562+00:00,158.6,200,ask,,,9876996
2026-07-06T19:26:32.454643,2026-07-06T19:26:32.463590+00:00,158.5,500,ask,,,9877014
2026-07-06T19:26:32.454643,2026-07-06T19:26:32.463590+00:00,158.5,125,ask,,,9877015
2026-07-06T19:26:32.550911,2026-07-06T19:26:32.558546+00:00,158.6,8,ask,,,9877018
2026-07-06T19:26:36.831141,2026-07-06T19:26:36.839461+00:00,158.6,200,bid,,,9877065
2026-07-06T19:26:39.251955,2026-07-06T19:26:39.257654+00:00,158.7,200,bid,,,9877100
2026-07-06T19:26:40.266906,2026-07-06T19:26:40.278725+00:00,158.5,8,ask,,,9877109
2026-07-06T19:26:42.549010,2026-07-06T19:26:42.560187+00:00,158.7,8,ask,,,9877153
2026-07-06T19:26:42.570644,2026-07-06T19:26:42.582206+00:00,158.7,20,ask,,,9877154
2026-07-06T19:26:44.261521,2026-07-06T19:26:44.273043+00:00,158.8,200,ask,,,9877175
2026-07-06T19:26:45.295113,2026-07-06T19:26:45.302955+00:00,158.8,200,bid,,,9877189
2026-07-06T19:26:45.625169,2026-07-06T19:26:45.598497+00:00,159.0,20,bid,,,9877191
2026-07-06T19:26:46.573014,2026-07-06T19:26:46.579650+00:00,159.0,8,bid,,,9877206
2026-07-06T19:26:47.713565,2026-07-06T19:26:47.724056+00:00,158.9,200,bid,,,9877217
2026-07-06T19:26:48.582170,2026-07-06T19:26:48.593840+00:00,159.0,8,bid,,,9877232
2026-07-06T19:26:48.923199,2026-07-06T19:26:48.933989+00:00,159.0,200,bid,,,9877235
2026-07-06T19:26:50.820129,2026-07-06T19:26:50.828892+00:00,159.0,200,ask,,,9877251
2026-07-06T19:26:51.341881,2026-07-06T19:26:51.363670+00:00,159.0,200,bid,,,9877257
2026-07-06T19:26:51.890645,2026-07-06T19:26:51.899856+00:00,158.8,8,ask,,,9877264
2026-07-06T19:26:53.445231,2026-07-06T19:26:53.458627+00:00,159.2,200,ask,,,9877289
2026-07-06T19:26:53.763074,2026-07-06T19:26:53.769707+00:00,159.2,200,bid,,,9877293
2026-07-06T19:26:55.137344,2026-07-06T19:26:55.141642+00:00,159.4,23,bid,,,9877317
2026-07-06T19:26:55.174374,2026-07-06T19:26:55.184878+00:00,159.4,16,bid,,,9877319
2026-07-06T19:26:56.080907,2026-07-06T19:26:56.085492+00:00,159.3,11,bid,,,9877330
2026-07-06T19:26:57.202881,2026-07-06T19:26:57.212251+00:00,159.3,3,bid,,,9877347
2026-07-06T19:26:57.406569,2026-07-06T19:26:57.417660+00:00,159.3,200,ask,,,9877350
2026-07-06T19:26:58.633234,2026-07-06T19:26:58.644330+00:00,159.3,200,ask,,,9877374
2026-07-06T19:26:59.229648,2026-07-06T19:26:59.237593+00:00,159.6,7,bid,,,9877383
2026-07-06T19:26:59.767385,2026-07-06T19:26:59.775147+00:00,159.6,8,bid,,,9877393
2026-07-06T19:27:03.493761,2026-07-06T19:27:03.497811+00:00,159.5,8,ask,,,9877442
2026-07-06T19:27:03.568097,2026-07-06T19:27:03.578295+00:00,159.6,8,bid,,,9877444
2026-07-06T19:27:04.630175,2026-07-06T19:27:04.633727+00:00,159.6,8,bid,,,9877465
2026-07-06T19:27:04.691590,2026-07-06T19:27:04.701135+00:00,159.5,200,ask,,,9877467
2026-07-06T19:27:04.859012,2026-07-06T19:27:04.870721+00:00,159.6,8,bid,,,9877470
2026-07-06T19:27:05.796403,2026-07-06T19:27:05.807241+00:00,159.5,500,ask,,,9877483
2026-07-06T19:27:06.392668,2026-07-06T19:27:06.400003+00:00,159.5,125,ask,,,9877490
2026-07-06T19:27:06.412479,2026-07-06T19:27:06.416356+00:00,159.5,3,bid,,,9877492
2026-07-06T19:27:06.552305,2026-07-06T19:27:06.558560+00:00,159.3,200,ask,,,9877494
2026-07-06T19:27:06.636084,2026-07-06T19:27:06.646788+00:00,159.3,11,bid,,,9877497
2026-07-06T19:27:06.900293,2026-07-06T19:27:06.907402+00:00,159.3,3,bid,,,9877506
2026-07-06T19:27:07.109004,2026-07-06T19:27:07.117487+00:00,159.3,200,bid,,,9877510
2026-07-06T19:27:07.162422,2026-07-06T19:27:07.172834+00:00,159.3,3,bid,,,9877512
2026-07-06T19:27:07.426424,2026-07-06T19:27:07.433962+00:00,159.3,3,bid,,,9877518
2026-07-06T19:27:07.499729,2026-07-06T19:27:07.508272+00:00,159.0,20,ask,,,9877519
2026-07-06T19:27:07.860962,2026-07-06T19:27:07.885565+00:00,159.4,500,bid,,,9877527
2026-07-06T19:27:07.881643,2026-07-06T19:27:07.885565+00:00,159.4,37,ask,,,9877530
2026-07-06T19:27:08.229396,2026-07-06T19:27:08.240879+00:00,159.4,88,ask,,,9877540
2026-07-06T19:27:10.231767,2026-07-06T19:27:10.242928+00:00,159.2,8,bid,,,9877565
2026-07-06T19:27:11.021308,2026-07-06T19:27:11.025763+00:00,159.2,34,bid,,,9877571
2026-07-06T19:27:11.796143,2026-07-06T19:27:11.802731+00:00,159.2,200,bid,,,9877578
2026-07-06T19:27:11.796143,2026-07-06T19:27:11.808224+00:00,159.2,425,bid,,,9877579
2026-07-06T19:27:12.059132,2026-07-06T19:27:12.070456+00:00,159.0,7,ask,,,9877589
2026-07-06T19:27:14.079794,2026-07-06T19:27:14.090437+00:00,159.0,6,ask,,,9877616
2026-07-06T19:27:14.586111,2026-07-06T19:27:14.597752+00:00,159.0,8,ask,,,9877620
2026-07-06T19:27:15.586218,2026-07-06T19:27:15.593319+00:00,159.1,200,bid,,,9877635
2026-07-06T19:27:17.179497,2026-07-06T19:27:17.183548+00:00,158.9,23,ask,,,9877656
2026-07-06T19:27:17.970614,2026-07-06T19:27:17.979212+00:00,158.9,20,ask,,,9877669
2026-07-06T19:27:18.008780,2026-07-06T19:27:18.019134+00:00,159.1,200,bid,,,9877670
2026-07-06T19:27:18.134273,2026-07-06T19:27:18.143728+00:00,158.9,8,ask,,,9877676
2026-07-06T19:27:19.666282,2026-07-06T19:27:19.675854+00:00,159.1,500,bid,,,9877697
2026-07-06T19:27:19.666282,2026-07-06T19:27:19.675854+00:00,159.1,125,bid,,,9877698
2026-07-06T19:27:20.407117,2026-07-06T19:27:20.418475+00:00,158.9,8,ask,,,9877710
2026-07-06T19:27:20.696765,2026-07-06T19:27:20.708410+00:00,158.7,20,ask,,,9877720
2026-07-06T19:27:23.564776,2026-07-06T19:27:23.568868+00:00,158.8,11,ask,,,9877745
2026-07-06T19:27:23.690480,2026-07-06T19:27:23.692464+00:00,158.8,8,ask,,,9877747
2026-07-06T19:27:24.447118,2026-07-06T19:27:24.458630+00:00,158.7,8,ask,,,9877760
2026-07-06T19:27:25.464131,2026-07-06T19:27:25.475778+00:00,158.8,8,ask,,,9877775
2026-07-06T19:27:26.743805,2026-07-06T19:27:26.763667+00:00,158.8,8,ask,,,9877795
2026-07-06T19:27:26.870666,2026-07-06T19:27:26.874810+00:00,158.8,46,ask,,,9877799
2026-07-06T19:27:27.295855,2026-07-06T19:27:27.303413+00:00,158.8,3,ask,,,9877807
2026-07-06T19:27:28.819652,2026-07-06T19:27:28.830101+00:00,158.7,8,ask,,,9877829
2026-07-06T19:27:28.908159,2026-07-06T19:27:28.914675+00:00,158.8,200,bid,,,9877834
2026-07-06T19:27:29.852962,2026-07-06T19:27:29.865787+00:00,158.6,3,ask,,,9877842
2026-07-06T19:27:30.872952,2026-07-06T19:27:30.884499+00:00,158.7,8,ask,,,9877848
2026-07-06T19:27:31.821326,2026-07-06T19:27:31.828095+00:00,158.7,500,bid,,,9877866
2026-07-06T19:27:32.443794,2026-07-06T19:27:32.458604+00:00,158.7,125,bid,,,9877885
2026-07-06T19:27:32.902903,2026-07-06T19:27:32.911152+00:00,158.8,8,ask,,,9877891
2026-07-06T19:27:33.169852,2026-07-06T19:27:33.174075+00:00,158.8,11,ask,,,9877900
2026-07-06T19:27:33.175751,2026-07-06T19:27:33.189576+00:00,158.8,11,ask,,,9877901
2026-07-06T19:27:33.448939,2026-07-06T19:27:33.469095+00:00,158.8,11,ask,,,9877906
2026-07-06T19:27:34.887402,2026-07-06T19:27:34.891296+00:00,158.9,6,ask,,,9877921
2026-07-06T19:27:34.957416,2026-07-06T19:27:34.964192+00:00,158.9,200,ask,,,9877923
2026-07-06T19:27:36.672314,2026-07-06T19:27:36.679748+00:00,159.0,200,bid,,,9877942
2026-07-06T19:27:37.374617,2026-07-06T19:27:37.383985+00:00,159.0,200,ask,,,9877952
2026-07-06T19:27:39.792998,2026-07-06T19:27:39.800986+00:00,159.1,200,bid,,,9877989
2026-07-06T19:27:44.598505,2026-07-06T19:27:44.605943+00:00,159.2,200,ask,,,9878042
2026-07-06T19:27:46.245935,2026-07-06T19:27:46.263994+00:00,159.2,20,bid,,,9878075
2026-07-06T19:27:47.228992,2026-07-06T19:27:47.263669+00:00,159.0,200,ask,,,9878092
2026-07-06T19:27:49.398126,2026-07-06T19:27:49.404981+00:00,159.0,500,bid,,,9878113
2026-07-06T19:27:49.497330,2026-07-06T19:27:49.503844+00:00,159.0,125,bid,,,9878115
2026-07-06T19:27:50.716890,2026-07-06T19:27:50.725093+00:00,159.1,200,ask,,,9878139
2026-07-06T19:27:54.344252,2026-07-06T19:27:54.354807+00:00,159.1,200,bid,,,9878186
2026-07-06T19:27:57.730584,2026-07-06T19:27:57.763626+00:00,158.9,200,ask,,,9878231
2026-07-06T19:27:57.730584,2026-07-06T19:27:57.763626+00:00,158.9,425,ask,,,9878232
2026-07-06T19:28:00.350987,2026-07-06T19:28:00.363626+00:00,159.0,200,bid,,,9878262
2026-07-06T19:28:01.620218,2026-07-06T19:28:01.624836+00:00,159.1,6,bid,,,9878272
2026-07-06T19:28:02.816303,2026-07-06T19:28:02.827733+00:00,159.0,200,ask,,,9878284
2026-07-06T19:28:04.044430,2026-07-06T19:28:04.058589+00:00,159.1,20,ask,,,9878294
2026-07-06T19:28:04.289044,2026-07-06T19:28:04.296704+00:00,159.1,180,ask,,,9878298
2026-07-06T19:28:05.236869,2026-07-06T19:28:05.247535+00:00,159.1,200,bid,,,9878312
2026-07-06T19:28:07.980623,2026-07-06T19:28:07.984797+00:00,159.4,42,bid,,,9878351
2026-07-06T19:28:11.011376,2026-07-06T19:28:11.064459+00:00,159.4,8,bid,,,9878400
2026-07-06T19:28:11.039094,2026-07-06T19:28:11.064459+00:00,159.4,20,bid,,,9878402
2026-07-06T19:28:12.268979,2026-07-06T19:28:12.275530+00:00,159.1,5,ask,,,9878414
2026-07-06T19:28:14.964222,2026-07-06T19:28:14.967815+00:00,159.2,8,ask,,,9878447
2026-07-06T19:28:18.718490,2026-07-06T19:28:18.769335+00:00,159.3,200,bid,,,9878498
2026-07-06T19:28:21.599773,2026-07-06T19:28:21.609916+00:00,159.4,8,bid,,,9878540
2026-07-06T19:28:23.471120,2026-07-06T19:28:23.475439+00:00,159.3,9,bid,,,9878563
2026-07-06T19:28:23.632847,2026-07-06T19:28:23.659251+00:00,159.3,8,bid,,,9878564
2026-07-06T19:28:24.272233,2026-07-06T19:28:24.278706+00:00,159.2,20,ask,,,9878571
2026-07-06T19:28:28.086182,2026-07-06T19:28:28.097736+00:00,159.2,20,bid,,,9878603
2026-07-06T19:28:28.191433,2026-07-06T19:28:28.200944+00:00,159.2,8,bid,,,9878605
2026-07-06T19:28:29.266676,2026-07-06T19:28:29.271272+00:00,159.1,2,bid,,,9878613
2026-07-06T19:28:30.713823,2026-07-06T19:28:30.725325+00:00,158.9,9,ask,,,9878637
2026-07-06T19:28:31.721336,2026-07-06T19:28:31.733165+00:00,159.0,20,bid,,,9878647
2026-07-06T19:28:32.389603,2026-07-06T19:28:32.398595+00:00,159.0,500,bid,,,9878654
2026-07-06T19:28:33.140053,2026-07-06T19:28:33.164111+00:00,159.0,200,bid,,,9878672
2026-07-06T19:28:33.245715,2026-07-06T19:28:33.228364+00:00,159.4,8,bid,,,9878673
2026-07-06T19:28:34.239984,2026-07-06T19:28:34.269917+00:00,159.4,20,bid,,,9878683
2026-07-06T19:28:34.265684,2026-07-06T19:28:34.274886+00:00,159.1,8,ask,,,9878685
2026-07-06T19:28:34.305707,2026-07-06T19:28:34.315679+00:00,159.1,200,ask,,,9878687
2026-07-06T19:28:37.039010,2026-07-06T19:28:37.063909+00:00,159.0,8,ask,,,9878725
2026-07-06T19:28:37.934670,2026-07-06T19:28:37.942270+00:00,159.1,200,ask,,,9878734
2026-07-06T19:28:42.774466,2026-07-06T19:28:42.784440+00:00,159.2,200,bid,,,9878817
2026-07-06T19:28:43.639216,2026-07-06T19:28:43.642176+00:00,159.2,500,bid,,,9878827
2026-07-06T19:28:43.890067,2026-07-06T19:28:43.897166+00:00,159.2,125,ask,,,9878832
2026-07-06T19:28:44.838093,2026-07-06T19:28:44.864221+00:00,159.0,20,ask,,,9878841
2026-07-06T19:28:45.129519,2026-07-06T19:28:45.169739+00:00,159.0,180,ask,,,9878848
2026-07-06T19:28:45.129519,2026-07-06T19:28:45.169739+00:00,159.0,320,ask,,,9878849
2026-07-06T19:28:46.269086,2026-07-06T19:28:46.363623+00:00,159.0,200,ask,,,9878865
2026-07-06T19:28:46.359543,2026-07-06T19:28:46.363623+00:00,158.9,12,bid,,,9878870
2026-07-06T19:28:50.029380,2026-07-06T19:28:50.161332+00:00,159.0,200,bid,,,9878930
2026-07-06T19:28:52.266232,2026-07-06T19:28:52.271114+00:00,159.0,11,bid,,,9878958
2026-07-06T19:28:53.658523,2026-07-06T19:28:53.669346+00:00,159.0,200,bid,,,9878979
2026-07-06T19:28:53.738790,2026-07-06T19:28:53.708490+00:00,159.0,8,bid,,,9878980
2026-07-06T19:28:54.140969,2026-07-06T19:28:54.163720+00:00,159.0,292,bid,,,9878982
2026-07-06T19:28:54.189217,2026-07-06T19:28:54.196380+00:00,159.0,333,ask,,,9878983
2026-07-06T19:28:54.211964,2026-07-06T19:28:54.215859+00:00,158.9,12,bid,,,9878987
2026-07-06T19:28:54.261839,2026-07-06T19:28:54.268714+00:00,158.9,3,bid,,,9878992
2026-07-06T19:28:54.818393,2026-07-06T19:28:54.823766+00:00,158.8,11,bid,,,9878995
2026-07-06T19:28:54.867016,2026-07-06T19:28:54.877031+00:00,158.8,200,bid,,,9878996
2026-07-06T19:28:55.036960,2026-07-06T19:28:55.045578+00:00,158.8,3,bid,,,9879000
2026-07-06T19:28:55.292004,2026-07-06T19:28:55.303689+00:00,158.8,8,bid,,,9879010
2026-07-06T19:28:55.457610,2026-07-06T19:28:55.483924+00:00,158.8,500,bid,,,9879015
2026-07-06T19:28:55.479594,2026-07-06T19:28:55.483924+00:00,158.8,34,ask,,,9879019
2026-07-06T19:28:55.996116,2026-07-06T19:28:56.003874+00:00,158.8,91,ask,,,9879028
2026-07-06T19:28:56.078635,2026-07-06T19:28:56.087617+00:00,158.8,200,bid,,,9879029
2026-07-06T19:28:57.290000,2026-07-06T19:28:57.359274+00:00,158.7,200,bid,,,9879044
2026-07-06T19:28:57.340260,2026-07-06T19:28:57.359274+00:00,158.7,8,bid,,,9879045
2026-07-06T19:28:58.500934,2026-07-06T19:28:58.509105+00:00,158.7,200,bid,,,9879060
2026-07-06T19:28:59.360238,2026-07-06T19:28:59.369232+00:00,158.7,8,bid,,,9879074
2026-07-06T19:29:01.700246,2026-07-06T19:29:01.704340+00:00,158.6,37,bid,,,9879120
2026-07-06T19:29:02.385420,2026-07-06T19:29:02.378503+00:00,158.5,8,bid,,,9879128
2026-07-06T19:29:05.909731,2026-07-06T19:29:05.964245+00:00,158.5,8,bid,,,9879168
2026-07-06T19:29:06.403051,2026-07-06T19:29:06.414886+00:00,158.4,20,ask,,,9879175
2026-07-06T19:29:09.344480,2026-07-06T19:29:09.363749+00:00,158.5,200,bid,,,9879208
2026-07-06T19:29:09.344480,2026-07-06T19:29:09.363749+00:00,158.5,300,bid,,,9879209
2026-07-06T19:29:10.661994,2026-07-06T19:29:10.668991+00:00,158.7,20,bid,,,9879231
2026-07-06T19:29:11.240389,2026-07-06T19:29:11.258674+00:00,158.6,8,bid,,,9879238
2026-07-06T19:29:11.746264,2026-07-06T19:29:11.764067+00:00,158.6,500,bid,,,9879243
2026-07-06T19:29:11.777724,2026-07-06T19:29:11.785021+00:00,158.6,8,bid,,,9879245
2026-07-06T19:29:11.828689,2026-07-06T19:29:11.826347+00:00,158.6,109,bid,,,9879247
2026-07-06T19:29:12.308540,2026-07-06T19:29:12.315217+00:00,159.0,8,bid,,,9879254
2026-07-06T19:29:13.094223,2026-07-06T19:29:13.158727+00:00,158.8,8,bid,,,9879260
2026-07-06T19:29:13.639119,2026-07-06T19:29:13.658652+00:00,158.8,8,bid,,,9879271
2026-07-06T19:29:14.169304,2026-07-06T19:29:14.179710+00:00,158.9,8,bid,,,9879277
2026-07-06T19:29:14.438671,2026-07-06T19:29:14.458604+00:00,158.9,3,bid,,,9879282
2026-07-06T19:29:14.698855,2026-07-06T19:29:14.710499+00:00,158.9,3,bid,,,9879291
2026-07-06T19:29:15.163704,2026-07-06T19:29:15.175299+00:00,158.9,20,bid,,,9879297
2026-07-06T19:29:16.460982,2026-07-06T19:29:16.474371+00:00,158.9,8,bid,,,9879318
2026-07-06T19:29:17.263507,2026-07-06T19:29:17.275101+00:00,158.7,20,ask,,,9879325
2026-07-06T19:29:21.626853,2026-07-06T19:29:21.633049+00:00,158.5,20,ask,,,9879383
2026-07-06T19:29:24.562199,2026-07-06T19:29:24.574062+00:00,158.8,20,bid,,,9879429
2026-07-06T19:29:25.645134,2026-07-06T19:29:25.658577+00:00,158.7,20,ask,,,9879440
2026-07-06T19:29:26.351836,2026-07-06T19:29:26.369248+00:00,158.7,200,ask,,,9879445
2026-07-06T19:29:26.903786,2026-07-06T19:29:26.908691+00:00,158.9,3,bid,,,9879452
2026-07-06T19:29:26.956565,2026-07-06T19:29:26.960782+00:00,158.8,11,bid,,,9879456
2026-07-06T19:29:28.784837,2026-07-06T19:29:28.788804+00:00,158.7,12,bid,,,9879474
2026-07-06T19:29:32.705378,2026-07-06T19:29:32.716844+00:00,158.7,20,ask,,,9879519
2026-07-06T19:29:34.814299,2026-07-06T19:29:34.863663+00:00,158.8,200,bid,,,9879535
2026-07-06T19:29:34.814299,2026-07-06T19:29:34.863663+00:00,158.8,425,bid,,,9879536
2026-07-06T19:29:36.138330,2026-07-06T19:29:36.163839+00:00,158.6,20,ask,,,9879550
2026-07-06T19:29:36.778920,2026-07-06T19:29:36.790790+00:00,158.9,20,bid,,,9879553
2026-07-06T19:29:40.827591,2026-07-06T19:29:40.865041+00:00,158.7,200,ask,,,9879611
2026-07-06T19:29:42.032101,2026-07-06T19:29:42.058999+00:00,158.6,500,ask,,,9879631
2026-07-06T19:29:42.629855,2026-07-06T19:29:42.669631+00:00,158.6,125,ask,,,9879636
2026-07-06T19:29:42.685863,2026-07-06T19:29:42.759124+00:00,158.5,200,ask,,,9879639
2026-07-06T19:29:42.911544,2026-07-06T19:29:42.963698+00:00,158.5,20,bid,,,9879641
2026-07-06T19:29:43.994049,2026-07-06T19:29:44.058553+00:00,158.5,500,bid,,,9879652
2026-07-06T19:29:44.436575,2026-07-06T19:29:44.440358+00:00,158.5,125,ask,,,9879656
2026-07-06T19:29:45.050434,2026-07-06T19:29:45.068707+00:00,158.4,200,ask,,,9879663
2026-07-06T19:29:49.237586,2026-07-06T19:29:49.258657+00:00,158.1,200,ask,,,9879728
2026-07-06T19:29:51.866563,2026-07-06T19:29:51.874117+00:00,158.1,200,ask,,,9879763
2026-07-06T19:29:52.364294,2026-07-06T19:29:52.368056+00:00,157.9,12,ask,,,9879767
2026-07-06T19:29:53.014069,2026-07-06T19:29:53.018626+00:00,158.0,11,ask,,,9879776
2026-07-06T19:29:55.172785,2026-07-06T19:29:55.184500+00:00,158.0,20,ask,,,9879809
2026-07-06T19:29:55.943617,2026-07-06T19:29:55.969051+00:00,158.0,200,ask,,,9879820
2026-07-06T19:29:58.592156,2026-07-06T19:29:58.596147+00:00,158.0,3,ask,,,9879861
2026-07-06T19:29:58.984330,2026-07-06T19:29:58.995962+00:00,158.0,500,ask,,,9879866
2026-07-06T19:29:59.042839,2026-07-06T19:29:59.058625+00:00,158.0,122,ask,,,9879867
2026-07-06T19:30:02.358319,2026-07-06T19:30:02.369234+00:00,157.9,200,ask,,,9879907
2026-07-06T19:30:02.666751,2026-07-06T19:30:02.674813+00:00,157.9,200,bid,,,9879910
2026-07-06T19:30:02.798026,2026-07-06T19:30:02.809577+00:00,157.7,8,ask,,,9879915
2026-07-06T19:30:04.987178,2026-07-06T19:30:04.994114+00:00,157.8,200,ask,,,9879942
2026-07-06T19:30:05.011823,2026-07-06T19:30:05.016072+00:00,157.6,14,ask,,,9879946
2026-07-06T19:30:05.246583,2026-07-06T19:30:05.263992+00:00,157.8,20,bid,,,9879954
2026-07-06T19:30:07.521267,2026-07-06T19:30:07.525720+00:00,157.7,12,ask,,,9879991
2026-07-06T19:30:07.607599,2026-07-06T19:30:07.616421+00:00,157.7,188,ask,,,9879993
2026-07-06T19:30:08.603204,2026-07-06T19:30:08.614727+00:00,157.5,8,ask,,,9880004
2026-07-06T19:30:08.705138,2026-07-06T19:30:08.758599+00:00,157.7,200,bid,,,9880006
2026-07-06T19:30:11.133000,2026-07-06T19:30:11.139533+00:00,157.9,200,bid,,,9880044
2026-07-06T19:30:12.345554,2026-07-06T19:30:12.364945+00:00,157.8,200,ask,,,9880055
2026-07-06T19:30:14.772841,2026-07-06T19:30:14.792601+00:00,157.6,20,ask,,,9880089
2026-07-06T19:30:15.394182,2026-07-06T19:30:15.402943+00:00,157.6,8,ask,,,9880100
2026-07-06T19:30:15.979786,2026-07-06T19:30:15.990237+00:00,157.7,200,bid,,,9880110
2026-07-06T19:30:17.190202,2026-07-06T19:30:17.205804+00:00,157.7,200,bid,,,9880124
2026-07-06T19:30:17.201221,2026-07-06T19:30:17.205804+00:00,157.7,8,bid,,,9880126
2026-07-06T19:30:17.442422,2026-07-06T19:30:17.458902+00:00,157.6,8,ask,,,9880129
2026-07-06T19:30:17.679455,2026-07-06T19:30:17.683829+00:00,157.6,19,ask,,,9880136
2026-07-06T19:30:18.963564,2026-07-06T19:30:18.974754+00:00,157.6,500,ask,,,9880146
2026-07-06T19:30:19.408104,2026-07-06T19:30:19.419151+00:00,157.5,200,ask,,,9880159
2026-07-06T19:30:19.753592,2026-07-06T19:30:19.758596+00:00,157.3,8,ask,,,9880164
2026-07-06T19:30:22.278275,2026-07-06T19:30:22.359158+00:00,157.4,8,ask,,,9880210
2026-07-06T19:30:23.277797,2026-07-06T19:30:23.279253+00:00,157.4,200,ask,,,9880227
2026-07-06T19:30:25.710532,2026-07-06T19:30:25.714484+00:00,157.4,8,bid,,,9880254
2026-07-06T19:30:25.800596,2026-07-06T19:30:25.812098+00:00,157.2,8,ask,,,9880255
2026-07-06T19:30:27.274727,2026-07-06T19:30:27.294278+00:00,157.4,200,ask,,,9880284
2026-07-06T19:30:27.289986,2026-07-06T19:30:27.294278+00:00,157.2,15,bid,,,9880286
2026-07-06T19:30:28.823944,2026-07-06T19:30:28.835705+00:00,157.1,8,ask,,,9880315
2026-07-06T19:30:29.907922,2026-07-06T19:30:29.916204+00:00,157.2,200,bid,,,9880323
2026-07-06T19:30:32.349895,2026-07-06T19:30:32.364416+00:00,157.1,8,ask,,,9880366
2026-07-06T19:30:33.871934,2026-07-06T19:30:33.876088+00:00,157.1,12,ask,,,9880390
2026-07-06T19:30:34.381142,2026-07-06T19:30:34.388882+00:00,157.1,8,ask,,,9880394
2026-07-06T19:30:35.164221,2026-07-06T19:30:35.181795+00:00,157.2,500,bid,,,9880411
2026-07-06T19:30:35.178254,2026-07-06T19:30:35.181795+00:00,157.2,11,ask,,,9880413
2026-07-06T19:30:35.305835,2026-07-06T19:30:35.312889+00:00,157.2,114,ask,,,9880416
2026-07-06T19:30:36.653351,2026-07-06T19:30:36.663952+00:00,157.0,8,ask,,,9880435
2026-07-06T19:30:36.715876,2026-07-06T19:30:36.719884+00:00,157.0,12,ask,,,9880437
2026-07-06T19:30:38.671686,2026-07-06T19:30:38.683347+00:00,156.9,8,ask,,,9880467
2026-07-06T19:30:40.712950,2026-07-06T19:30:40.758669+00:00,156.9,8,ask,,,9880490
2026-07-06T19:30:41.719658,2026-07-06T19:30:41.763665+00:00,156.9,8,ask,,,9880499
2026-07-06T19:30:43.040648,2026-07-06T19:30:43.071224+00:00,157.1,500,bid,,,9880515
2026-07-06T19:30:43.066690,2026-07-06T19:30:43.071224+00:00,157.1,11,ask,,,9880517
2026-07-06T19:30:43.077630,2026-07-06T19:30:43.081889+00:00,157.1,23,ask,,,9880519
2026-07-06T19:30:43.168923,2026-07-06T19:30:43.175589+00:00,157.1,91,ask,,,9880520
2026-07-06T19:30:43.254401,2026-07-06T19:30:43.264314+00:00,156.9,8,ask,,,9880523
2026-07-06T19:30:43.832573,2026-07-06T19:30:43.839943+00:00,157.1,200,bid,,,9880530
2026-07-06T19:30:45.670311,2026-07-06T19:30:45.680153+00:00,157.0,200,ask,,,9880555
2026-07-06T19:30:46.170901,2026-07-06T19:30:46.175379+00:00,157.0,12,bid,,,9880560
2026-07-06T19:30:46.315098,2026-07-06T19:30:46.319064+00:00,157.0,3,bid,,,9880562
2026-07-06T19:30:46.555518,2026-07-06T19:30:46.564196+00:00,156.8,3,ask,,,9880567
2026-07-06T19:30:48.296591,2026-07-06T19:30:48.304313+00:00,156.8,200,ask,,,9880591
2026-07-06T19:30:48.693401,2026-07-06T19:30:48.701780+00:00,156.8,200,bid,,,9880597
2026-07-06T19:30:50.409098,2026-07-06T19:30:50.420904+00:00,157.0,20,bid,,,9880619
2026-07-06T19:30:52.482316,2026-07-06T19:30:52.486801+00:00,157.1,19,bid,,,9880655
2026-07-06T19:30:52.853212,2026-07-06T19:30:52.864080+00:00,157.1,8,bid,,,9880660
2026-07-06T19:30:53.543723,2026-07-06T19:30:53.568889+00:00,157.0,200,ask,,,9880670
2026-07-06T19:30:53.564519,2026-07-06T19:30:53.568889+00:00,157.0,12,bid,,,9880675
2026-07-06T19:30:56.393542,2026-07-06T19:30:56.405179+00:00,157.1,20,ask,,,9880717
2026-07-06T19:30:58.362827,2026-07-06T19:30:58.374599+00:00,157.1,200,ask,,,9880746
2026-07-06T19:30:58.809365,2026-07-06T19:30:58.813082+00:00,157.2,11,bid,,,9880753
2026-07-06T19:31:00.746118,2026-07-06T19:31:00.763870+00:00,157.1,500,ask,,,9880775
2026-07-06T19:31:00.779587,2026-07-06T19:31:00.789703+00:00,157.1,125,ask,,,9880779
2026-07-06T19:31:00.795443,2026-07-06T19:31:00.799003+00:00,157.1,12,bid,,,9880782
2026-07-06T19:31:00.858064,2026-07-06T19:31:00.869790+00:00,156.9,20,ask,,,9880783
2026-07-06T19:31:01.421215,2026-07-06T19:31:01.443135+00:00,156.9,180,ask,,,9880793
2026-07-06T19:31:01.439225,2026-07-06T19:31:01.443135+00:00,156.9,14,bid,,,9880796
2026-07-06T19:31:04.419371,2026-07-06T19:31:04.423534+00:00,156.9,3,ask,,,9880828
2026-07-06T19:31:05.392817,2026-07-06T19:31:05.400764+00:00,157.1,8,bid,,,9880845
2026-07-06T19:31:06.207564,2026-07-06T19:31:06.216364+00:00,157.2,8,bid,,,9880862
2026-07-06T19:31:06.821727,2026-07-06T19:31:06.863988+00:00,157.1,200,ask,,,9880866
2026-07-06T19:31:08.031276,2026-07-06T19:31:08.041240+00:00,157.0,200,ask,,,9880886
2026-07-06T19:31:08.217659,2026-07-06T19:31:08.264208+00:00,157.2,8,bid,,,9880890
2026-07-06T19:31:09.239948,2026-07-06T19:31:09.246030+00:00,157.0,200,ask,,,9880906
2026-07-06T19:31:10.595470,2026-07-06T19:31:10.607242+00:00,157.0,200,bid,,,9880929
2026-07-06T19:31:12.507499,2026-07-06T19:31:12.563666+00:00,156.9,8,ask,,,9880950
2026-07-06T19:31:13.014307,2026-07-06T19:31:13.025949+00:00,157.0,8,bid,,,9880958
2026-07-06T19:31:14.068660,2026-07-06T19:31:14.075344+00:00,156.9,200,ask,,,9880968
2026-07-06T19:31:15.835431,2026-07-06T19:31:15.841938+00:00,156.8,500,bid,,,9880988
2026-07-06T19:31:15.862571,2026-07-06T19:31:15.869351+00:00,156.8,125,ask,,,9880989
2026-07-06T19:31:16.516535,2026-07-06T19:31:16.526270+00:00,156.8,200,bid,,,9880996
2026-07-06T19:31:17.145775,2026-07-06T19:31:17.150328+00:00,156.7,3,bid,,,9881010
2026-07-06T19:31:17.727084,2026-07-06T19:31:17.737737+00:00,156.6,200,bid,,,9881021
2026-07-06T19:31:18.570911,2026-07-06T19:31:18.579705+00:00,156.9,8,bid,,,9881031
2026-07-06T19:31:19.843773,2026-07-06T19:31:19.864526+00:00,156.6,8,ask,,,9881046
2026-07-06T19:31:22.573733,2026-07-06T19:31:22.585439+00:00,156.6,200,bid,,,9881089
2026-07-06T19:31:22.866887,2026-07-06T19:31:22.878724+00:00,156.6,8,bid,,,9881094
2026-07-06T19:31:23.033167,2026-07-06T19:31:23.064044+00:00,156.4,20,ask,,,9881095
2026-07-06T19:31:24.464257,2026-07-06T19:31:24.476010+00:00,156.6,20,ask,,,9881115
2026-07-06T19:31:25.149070,2026-07-06T19:31:25.163879+00:00,156.8,8,bid,,,9881133
2026-07-06T19:31:26.197990,2026-07-06T19:31:26.206355+00:00,156.8,200,bid,,,9881142
2026-07-06T19:31:27.171500,2026-07-06T19:31:27.180793+00:00,156.8,8,bid,,,9881158
2026-07-06T19:31:28.619073,2026-07-06T19:31:28.628693+00:00,156.8,200,bid,,,9881177
2026-07-06T19:31:28.942568,2026-07-06T19:31:28.964215+00:00,156.7,8,bid,,,9881185
2026-07-06T19:31:29.217831,2026-07-06T19:31:29.231105+00:00,156.7,8,bid,,,9881190
2026-07-06T19:31:30.242479,2026-07-06T19:31:30.269445+00:00,156.6,200,ask,,,9881205
2026-07-06T19:31:31.038996,2026-07-06T19:31:31.058591+00:00,156.5,200,bid,,,9881217
2026-07-06T19:31:32.861070,2026-07-06T19:31:32.868887+00:00,156.3,200,ask,,,9881235
2026-07-06T19:31:32.876171,2026-07-06T19:31:32.880158+00:00,156.3,14,bid,,,9881238
2026-07-06T19:31:33.523559,2026-07-06T19:31:33.558625+00:00,156.3,8,bid,,,9881250
2026-07-06T19:31:33.686600,2026-07-06T19:31:33.690355+00:00,156.1,11,ask,,,9881262
2026-07-06T19:31:35.275962,2026-07-06T19:31:35.279770+00:00,156.2,3,ask,,,9881280
2026-07-06T19:31:35.910115,2026-07-06T19:31:35.921585+00:00,156.2,200,ask,,,9881289
2026-07-06T19:31:36.361269,2026-07-06T19:31:36.373021+00:00,156.2,20,ask,,,9881298
2026-07-06T19:31:37.120521,2026-07-06T19:31:37.130281+00:00,156.2,200,ask,,,9881310
2026-07-06T19:31:37.558311,2026-07-06T19:31:37.569119+00:00,156.2,8,ask,,,9881315
2026-07-06T19:31:38.332301,2026-07-06T19:31:38.364176+00:00,156.3,200,ask,,,9881329
2026-07-06T19:31:38.879846,2026-07-06T19:31:38.958736+00:00,156.4,500,bid,,,9881333
2026-07-06T19:31:39.544405,2026-07-06T19:31:39.664333+00:00,156.4,200,ask,,,9881346
2026-07-06T19:31:41.333812,2026-07-06T19:31:41.368800+00:00,156.4,8,bid,,,9881366
2026-07-06T19:31:41.839729,2026-07-06T19:31:41.864097+00:00,156.4,8,bid,,,9881372
2026-07-06T19:31:43.460101,2026-07-06T19:31:43.464602+00:00,156.4,3,bid,,,9881395
2026-07-06T19:31:44.322448,2026-07-06T19:31:44.368803+00:00,156.4,197,bid,,,9881403
2026-07-06T19:31:44.388077,2026-07-06T19:31:44.464261+00:00,156.4,200,ask,,,9881404
2026-07-06T19:31:44.907392,2026-07-06T19:31:44.970313+00:00,156.5,8,bid,,,9881411
2026-07-06T19:31:44.925077,2026-07-06T19:31:44.970313+00:00,156.5,500,bid,,,9881412
2026-07-06T19:31:45.518779,2026-07-06T19:31:45.659826+00:00,156.5,117,bid,,,9881425
2026-07-06T19:31:45.575794,2026-07-06T19:31:45.659826+00:00,156.6,3,ask,,,9881427
2026-07-06T19:31:45.596842,2026-07-06T19:31:45.659826+00:00,156.6,200,ask,,,9881428
2026-07-06T19:31:46.193600,2026-07-06T19:31:46.268713+00:00,156.6,8,ask,,,9881432
2026-07-06T19:31:46.813564,2026-07-06T19:31:46.859178+00:00,156.6,200,ask,,,9881442
2026-07-06T19:31:48.023254,2026-07-06T19:31:48.058641+00:00,156.7,200,ask,,,9881458
2026-07-06T19:31:49.233214,2026-07-06T19:31:49.264496+00:00,156.7,200,ask,,,9881468
2026-07-06T19:31:50.441647,2026-07-06T19:31:50.448840+00:00,156.7,200,ask,,,9881490
2026-07-06T19:31:50.482409,2026-07-06T19:31:50.493708+00:00,156.7,8,ask,,,9881491
2026-07-06T19:31:51.665419,2026-07-06T19:31:51.674407+00:00,156.6,200,ask,,,9881508
2026-07-06T19:31:52.878132,2026-07-06T19:31:52.889794+00:00,156.6,200,ask,,,9881527
2026-07-06T19:31:53.232258,2026-07-06T19:31:53.263682+00:00,156.6,20,ask,,,9881530
2026-07-06T19:31:54.551839,2026-07-06T19:31:54.569153+00:00,156.4,8,ask,,,9881548
2026-07-06T19:31:56.476915,2026-07-06T19:31:56.481337+00:00,156.6,3,ask,,,9881577
2026-07-06T19:31:56.872328,2026-07-06T19:31:56.883485+00:00,156.6,8,ask,,,9881584
2026-07-06T19:31:57.900373,2026-07-06T19:31:57.907943+00:00,156.5,8,ask,,,9881595
2026-07-06T19:31:59.171943,2026-07-06T19:31:59.178897+00:00,156.7,8,ask,,,9881617
2026-07-06T19:32:01.683827,2026-07-06T19:32:01.783554+00:00,156.9,200,bid,,,9881651
2026-07-06T19:32:01.779000,2026-07-06T19:32:01.783554+00:00,156.9,11,ask,,,9881655
2026-07-06T19:32:01.962008,2026-07-06T19:32:01.969580+00:00,156.9,8,ask,,,9881661
2026-07-06T19:32:02.467504,2026-07-06T19:32:02.479280+00:00,157.0,8,bid,,,9881665
2026-07-06T19:32:04.322714,2026-07-06T19:32:04.326748+00:00,156.9,11,bid,,,9881693
2026-07-06T19:32:05.635129,2026-07-06T19:32:05.669174+00:00,156.9,200,ask,,,9881715
2026-07-06T19:32:06.206455,2026-07-06T19:32:06.268725+00:00,156.9,200,bid,,,9881723
2026-07-06T19:32:09.257180,2026-07-06T19:32:09.269071+00:00,157.0,8,bid,,,9881768
2026-07-06T19:32:12.268126,2026-07-06T19:32:12.274674+00:00,156.7,200,ask,,,9881809
2026-07-06T19:32:13.352072,2026-07-06T19:32:13.363958+00:00,156.9,20,bid,,,9881828
2026-07-06T19:32:13.534507,2026-07-06T19:32:13.564105+00:00,156.6,8,ask,,,9881830
2026-07-06T19:32:18.320639,2026-07-06T19:32:18.358704+00:00,156.9,200,ask,,,9881879
2026-07-06T19:32:19.882911,2026-07-06T19:32:19.894562+00:00,157.0,8,bid,,,9881894
2026-07-06T19:32:22.479659,2026-07-06T19:32:22.490322+00:00,156.8,200,ask,,,9881931
2026-07-06T19:32:22.479659,2026-07-06T19:32:22.490322+00:00,156.7,300,ask,,,9881932
2026-07-06T19:32:22.723781,2026-07-06T19:32:22.727731+00:00,156.7,3,bid,,,9881937
2026-07-06T19:32:22.907466,2026-07-06T19:32:22.917507+00:00,156.5,3,ask,,,9881941
2026-07-06T19:32:22.986271,2026-07-06T19:32:22.992787+00:00,156.5,20,ask,,,9881942
2026-07-06T19:32:24.165657,2026-07-06T19:32:24.173861+00:00,156.7,8,bid,,,9881961
2026-07-06T19:32:24.380548,2026-07-06T19:32:24.390565+00:00,156.7,200,bid,,,9881963
2026-07-06T19:32:25.090616,2026-07-06T19:32:25.098796+00:00,156.7,20,bid,,,9881973
2026-07-06T19:32:26.185786,2026-07-06T19:32:26.197086+00:00,156.8,8,bid,,,9881984
2026-07-06T19:32:26.631573,2026-07-06T19:32:26.663991+00:00,156.6,200,ask,,,9881989
2026-07-06T19:32:26.799577,2026-07-06T19:32:26.801928+00:00,156.6,200,bid,,,9881995
2026-07-06T19:32:27.981320,2026-07-06T19:32:27.990342+00:00,156.6,8,bid,,,9882012
2026-07-06T19:32:28.236404,2026-07-06T19:32:28.264116+00:00,156.6,8,bid,,,9882015
2026-07-06T19:32:28.679145,2026-07-06T19:32:28.690807+00:00,156.4,20,ask,,,9882019
2026-07-06T19:32:30.559430,2026-07-06T19:32:30.579336+00:00,156.6,200,ask,,,9882039
2026-07-06T19:32:30.574872,2026-07-06T19:32:30.579336+00:00,156.6,3,bid,,,9882041
2026-07-06T19:32:31.007169,2026-07-06T19:32:31.018666+00:00,156.6,8,bid,,,9882048
2026-07-06T19:32:31.868577,2026-07-06T19:32:31.889771+00:00,156.5,200,ask,,,9882057
2026-07-06T19:32:31.885273,2026-07-06T19:32:31.889771+00:00,156.5,11,bid,,,9882059
2026-07-06T19:32:32.525741,2026-07-06T19:32:32.537085+00:00,156.5,8,bid,,,9882064
2026-07-06T19:32:34.367561,2026-07-06T19:32:34.374134+00:00,156.7,20,bid,,,9882084
2026-07-06T19:32:34.545137,2026-07-06T19:32:34.563677+00:00,156.7,8,bid,,,9882087
2026-07-06T19:32:35.823425,2026-07-06T19:32:35.858622+00:00,156.6,200,ask,,,9882105
2026-07-06T19:32:36.975468,2026-07-06T19:32:36.979537+00:00,156.5,14,ask,,,9882120
2026-07-06T19:32:37.820050,2026-07-06T19:32:37.826267+00:00,156.6,6,bid,,,9882130
2026-07-06T19:32:38.843937,2026-07-06T19:32:38.858671+00:00,156.4,6,ask,,,9882148
2026-07-06T19:32:38.901987,2026-07-06T19:32:38.913392+00:00,156.6,20,bid,,,9882149
2026-07-06T19:32:39.610790,2026-07-06T19:32:39.617071+00:00,156.3,8,ask,,,9882167
2026-07-06T19:32:40.132154,2026-07-06T19:32:40.158665+00:00,156.6,8,bid,,,9882170
2026-07-06T19:32:43.143960,2026-07-06T19:32:43.163647+00:00,156.3,8,ask,,,9882217
2026-07-06T19:32:44.422930,2026-07-06T19:32:44.434423+00:00,156.3,20,ask,,,9882234
2026-07-06T19:32:45.412007,2026-07-06T19:32:45.458675+00:00,156.4,8,ask,,,9882245
2026-07-06T19:32:46.175894,2026-07-06T19:32:46.185927+00:00,156.4,200,ask,,,9882252
2026-07-06T19:32:47.070946,2026-07-06T19:32:47.082500+00:00,156.5,20,bid,,,9882264
2026-07-06T19:32:47.385138,2026-07-06T19:32:47.396389+00:00,156.3,200,ask,,,9882271
2026-07-06T19:32:47.434760,2026-07-06T19:32:47.463711+00:00,156.3,8,ask,,,9882272
2026-07-06T19:32:48.425638,2026-07-06T19:32:48.463939+00:00,156.2,20,ask,,,9882291
2026-07-06T19:32:48.921940,2026-07-06T19:32:48.929827+00:00,156.3,200,bid,,,9882300
2026-07-06T19:32:51.419759,2026-07-06T19:32:51.458914+00:00,156.3,20,ask,,,9882325
2026-07-06T19:32:51.712445,2026-07-06T19:32:51.724027+00:00,156.3,8,ask,,,9882332
2026-07-06T19:32:53.449491,2026-07-06T19:32:53.463645+00:00,156.3,200,ask,,,9882354
2026-07-06T19:32:55.737544,2026-07-06T19:32:55.795378+00:00,156.1,8,ask,,,9882384
2026-07-06T19:32:55.791310,2026-07-06T19:32:55.795378+00:00,156.1,3,ask,,,9882386
2026-07-06T19:32:56.778055,2026-07-06T19:32:56.801924+00:00,156.2,200,bid,,,9882397
2026-07-06T19:32:56.797677,2026-07-06T19:32:56.801924+00:00,156.2,11,ask,,,9882399
2026-07-06T19:32:58.510186,2026-07-06T19:32:58.558658+00:00,156.1,20,ask,,,9882410
2026-07-06T19:32:58.761382,2026-07-06T19:32:58.769288+00:00,156.1,8,ask,,,9882417
2026-07-06T19:33:02.274759,2026-07-06T19:33:02.286240+00:00,156.3,8,bid,,,9882462
2026-07-06T19:33:03.362637,2026-07-06T19:33:03.368923+00:00,156.2,200,bid,,,9882479
2026-07-06T19:33:04.031521,2026-07-06T19:33:04.038503+00:00,156.4,20,bid,,,9882483
2026-07-06T19:33:04.248209,2026-07-06T19:33:04.267612+00:00,156.3,425,ask,,,9882489
2026-07-06T19:33:04.344939,2026-07-06T19:33:04.349093+00:00,156.2,8,bid,,,9882493
2026-07-06T19:33:04.561929,2026-07-06T19:33:04.569095+00:00,156.0,8,ask,,,9882495
2026-07-06T19:33:05.539783,2026-07-06T19:33:05.568705+00:00,156.0,200,ask,,,9882504
2026-07-06T19:33:07.974800,2026-07-06T19:33:07.978527+00:00,156.1,3,bid,,,9882537
2026-07-06T19:33:08.086742,2026-07-06T19:33:08.094374+00:00,155.9,3,ask,,,9882539
2026-07-06T19:33:11.240338,2026-07-06T19:33:11.264070+00:00,156.1,500,bid,,,9882576
2026-07-06T19:33:11.532185,2026-07-06T19:33:11.558617+00:00,156.1,125,ask,,,9882578
2026-07-06T19:33:11.609974,2026-07-06T19:33:11.613847+00:00,156.0,3,bid,,,9882581
2026-07-06T19:33:15.961184,2026-07-06T19:33:15.972998+00:00,155.9,3,bid,,,9882633
2026-07-06T19:33:17.665335,2026-07-06T19:33:17.669017+00:00,155.8,3,bid,,,9882657
2026-07-06T19:33:17.789508,2026-07-06T19:33:17.796352+00:00,155.8,197,bid,,,9882658
2026-07-06T19:33:18.863630,2026-07-06T19:33:18.874704+00:00,155.9,200,ask,,,9882671
2026-07-06T19:33:20.412937,2026-07-06T19:33:20.422827+00:00,155.8,200,ask,,,9882686
2026-07-06T19:33:21.270377,2026-07-06T19:33:21.290572+00:00,155.6,8,ask,,,9882697
2026-07-06T19:33:21.286731,2026-07-06T19:33:21.290572+00:00,155.7,3,ask,,,9882699
2026-07-06T19:33:22.642329,2026-07-06T19:33:22.652508+00:00,155.6,20,ask,,,9882721
2026-07-06T19:33:24.356243,2026-07-06T19:33:24.363973+00:00,155.7,200,bid,,,9882738
2026-07-06T19:33:25.294437,2026-07-06T19:33:25.306081+00:00,155.7,8,ask,,,9882761
2026-07-06T19:33:27.343593,2026-07-06T19:33:27.358616+00:00,155.6,200,ask,,,9882784
2026-07-06T19:33:27.565346,2026-07-06T19:33:27.575403+00:00,155.6,8,ask,,,9882789
2026-07-06T19:33:29.759284,2026-07-06T19:33:29.769520+00:00,155.6,200,bid,,,9882832
2026-07-06T19:33:30.085652,2026-07-06T19:33:30.094629+00:00,155.5,8,ask,,,9882837
2026-07-06T19:33:30.982993,2026-07-06T19:33:30.986949+00:00,155.6,3,ask,,,9882851
2026-07-06T19:33:33.859564,2026-07-06T19:33:33.870974+00:00,155.6,8,ask,,,9882886
2026-07-06T19:33:34.858220,2026-07-06T19:33:34.869673+00:00,155.6,200,ask,,,9882898
2026-07-06T19:33:34.876878,2026-07-06T19:33:34.881477+00:00,155.5,3,bid,,,9882900
2026-07-06T19:33:34.893502,2026-07-06T19:33:34.902465+00:00,155.4,3,ask,,,9882901
2026-07-06T19:33:35.793779,2026-07-06T19:33:35.805428+00:00,155.5,20,bid,,,9882916
2026-07-06T19:33:35.814979,2026-07-06T19:33:35.825807+00:00,155.5,200,bid,,,9882917
2026-07-06T19:33:37.164535,2026-07-06T19:33:37.175519+00:00,155.4,8,ask,,,9882940
2026-07-06T19:33:37.477570,2026-07-06T19:33:37.484185+00:00,155.6,200,bid,,,9882941
2026-07-06T19:33:37.495556,2026-07-06T19:33:37.499097+00:00,155.6,14,ask,,,9882943
2026-07-06T19:33:38.171529,2026-07-06T19:33:38.179827+00:00,155.6,8,ask,,,9882950
2026-07-06T19:33:38.237956,2026-07-06T19:33:38.258725+00:00,155.6,200,ask,,,9882951
2026-07-06T19:33:39.750121,2026-07-06T19:33:39.758597+00:00,155.5,20,bid,,,9882977
2026-07-06T19:33:43.209076,2026-07-06T19:33:43.213172+00:00,155.4,23,ask,,,9883024
2026-07-06T19:33:43.415961,2026-07-06T19:33:43.427629+00:00,155.5,20,bid,,,9883028
2026-07-06T19:33:44.292811,2026-07-06T19:33:44.300881+00:00,155.4,200,ask,,,9883040
2026-07-06T19:33:47.028604,2026-07-06T19:33:47.040154+00:00,155.3,20,ask,,,9883083
2026-07-06T19:33:48.445418,2026-07-06T19:33:48.458616+00:00,155.4,200,bid,,,9883094
2026-07-06T19:33:49.137897,2026-07-06T19:33:49.149679+00:00,155.4,200,ask,,,9883110
2026-07-06T19:33:49.269714,2026-07-06T19:33:49.280010+00:00,155.4,300,ask,,,9883115
2026-07-06T19:33:49.641320,2026-07-06T19:33:49.670434+00:00,155.4,325,bid,,,9883121
2026-07-06T19:33:49.666656,2026-07-06T19:33:49.670434+00:00,155.5,12,ask,,,9883124
2026-07-06T19:33:50.352414,2026-07-06T19:33:50.359832+00:00,155.6,200,ask,,,9883140
2026-07-06T19:33:51.560613,2026-07-06T19:33:51.570272+00:00,155.6,200,ask,,,9883156
2026-07-06T19:33:52.769754,2026-07-06T19:33:52.776912+00:00,155.5,200,ask,,,9883172
2026-07-06T19:33:53.216561,2026-07-06T19:33:53.220534+00:00,155.6,12,bid,,,9883182
2026-07-06T19:33:53.892557,2026-07-06T19:33:53.901780+00:00,155.6,500,bid,,,9883187
2026-07-06T19:33:54.488769,2026-07-06T19:33:54.500121+00:00,155.6,113,bid,,,9883194
2026-07-06T19:33:54.512499,2026-07-06T19:33:54.521364+00:00,155.7,200,bid,,,9883195
2026-07-06T19:33:55.184359,2026-07-06T19:33:55.194671+00:00,155.7,200,ask,,,9883211
2026-07-06T19:33:57.890517,2026-07-06T19:33:57.902013+00:00,155.6,20,ask,,,9883246
2026-07-06T19:33:59.061415,2026-07-06T19:33:59.072845+00:00,155.7,6,bid,,,9883254
2026-07-06T19:33:59.252544,2026-07-06T19:33:59.256482+00:00,155.7,23,bid,,,9883257
2026-07-06T19:34:01.835663,2026-07-06T19:34:01.846669+00:00,155.7,8,ask,,,9883288
2026-07-06T19:34:02.090696,2026-07-06T19:34:02.102080+00:00,155.8,7,bid,,,9883297
2026-07-06T19:34:02.996312,2026-07-06T19:34:03.007821+00:00,155.8,20,bid,,,9883305
2026-07-06T19:34:04.171849,2026-07-06T19:34:04.179310+00:00,155.7,500,bid,,,9883317
2026-07-06T19:34:04.856059,2026-07-06T19:34:04.865451+00:00,155.7,125,bid,,,9883330
2026-07-06T19:34:05.572845,2026-07-06T19:34:05.576885+00:00,155.8,11,bid,,,9883336
2026-07-06T19:34:06.336027,2026-07-06T19:34:06.343110+00:00,155.7,200,ask,,,9883345
2026-07-06T19:34:06.359951,2026-07-06T19:34:06.364534+00:00,155.6,3,bid,,,9883347
2026-07-06T19:34:07.272282,2026-07-06T19:34:07.281328+00:00,155.6,200,bid,,,9883361
2026-07-06T19:34:07.627619,2026-07-06T19:34:07.639294+00:00,155.6,9,bid,,,9883366
2026-07-06T19:34:09.639311,2026-07-06T19:34:09.648015+00:00,155.5,8,ask,,,9883388
2026-07-06T19:34:10.888002,2026-07-06T19:34:10.899783+00:00,155.5,20,ask,,,9883402
2026-07-06T19:34:11.954550,2026-07-06T19:34:11.959035+00:00,155.6,3,ask,,,9883421
2026-07-06T19:34:13.275373,2026-07-06T19:34:13.279550+00:00,155.7,11,ask,,,9883444
2026-07-06T19:34:14.556803,2026-07-06T19:34:14.558597+00:00,155.7,200,ask,,,9883463
2026-07-06T19:34:15.766070,2026-07-06T19:34:15.774559+00:00,155.7,200,ask,,,9883472
2026-07-06T19:34:16.973208,2026-07-06T19:34:16.980845+00:00,155.7,200,ask,,,9883488
2026-07-06T19:34:20.794647,2026-07-06T19:34:20.799278+00:00,155.9,12,ask,,,9883548
2026-07-06T19:34:22.480363,2026-07-06T19:34:22.492226+00:00,156.1,20,bid,,,9883567
2026-07-06T19:34:24.496334,2026-07-06T19:34:24.508027+00:00,156.0,8,ask,,,9883599
2026-07-06T19:34:33.792157,2026-07-06T19:34:33.796980+00:00,156.1,8,bid,,,9883720
2026-07-06T19:34:35.206424,2026-07-06T19:34:35.212812+00:00,156.1,200,bid,,,9883740
2026-07-06T19:34:36.566024,2026-07-06T19:34:36.576134+00:00,156.0,8,ask,,,9883757
2026-07-06T19:34:42.169635,2026-07-06T19:34:42.181311+00:00,156.2,20,ask,,,9883843
2026-07-06T19:34:44.380121,2026-07-06T19:34:44.390740+00:00,156.2,200,bid,,,9883872
2026-07-06T19:34:46.003693,2026-07-06T19:34:46.014351+00:00,156.2,200,ask,,,9883890
2026-07-06T19:34:49.644970,2026-07-06T19:34:49.658588+00:00,156.3,8,bid,,,9883936
2026-07-06T19:34:51.333094,2026-07-06T19:34:51.344988+00:00,156.2,20,ask,,,9883958
2026-07-06T19:34:52.238682,2026-07-06T19:34:52.248176+00:00,156.3,200,bid,,,9883970
2026-07-06T19:34:53.429678,2026-07-06T19:34:53.436887+00:00,156.5,8,bid,,,9883991
2026-07-06T19:34:53.575182,2026-07-06T19:34:53.579941+00:00,156.4,12,bid,,,9883994
2026-07-06T19:34:54.454427,2026-07-06T19:34:54.463759+00:00,156.4,200,bid,,,9884004
2026-07-06T19:34:55.674634,2026-07-06T19:34:55.686172+00:00,156.4,200,bid,,,9884020
2026-07-06T19:34:56.891888,2026-07-06T19:34:56.898742+00:00,156.3,200,ask,,,9884035
2026-07-06T19:34:57.516931,2026-07-06T19:34:57.520789+00:00,156.5,11,bid,,,9884044
2026-07-06T19:35:00.527577,2026-07-06T19:35:00.533838+00:00,156.3,200,ask,,,9884091
2026-07-06T19:35:01.738271,2026-07-06T19:35:01.747996+00:00,156.3,200,ask,,,9884104
2026-07-06T19:35:02.478673,2026-07-06T19:35:02.489410+00:00,156.3,8,ask,,,9884115
2026-07-06T19:35:02.735997,2026-07-06T19:35:02.744336+00:00,156.6,8,bid,,,9884125
2026-07-06T19:35:03.942223,2026-07-06T19:35:03.953822+00:00,156.5,20,bid,,,9884140
2026-07-06T19:35:04.069043,2026-07-06T19:35:04.077434+00:00,156.5,200,bid,,,9884141
2026-07-06T19:35:05.387290,2026-07-06T19:35:05.393696+00:00,156.5,200,ask,,,9884162
2026-07-06T19:35:05.677045,2026-07-06T19:35:05.688743+00:00,156.2,20,ask,,,9884164
2026-07-06T19:35:06.695654,2026-07-06T19:35:06.703279+00:00,156.4,200,bid,,,9884182
2026-07-06T19:35:08.276197,2026-07-06T19:35:08.287769+00:00,156.6,8,bid,,,9884201
2026-07-06T19:35:08.783958,2026-07-06T19:35:08.795589+00:00,156.4,8,ask,,,9884210
2026-07-06T19:35:08.987081,2026-07-06T19:35:08.994219+00:00,156.4,200,ask,,,9884217
2026-07-06T19:35:11.407507,2026-07-06T19:35:11.414072+00:00,156.4,200,ask,,,9884256
2026-07-06T19:35:13.290077,2026-07-06T19:35:13.297029+00:00,156.4,200,bid,,,9884282
2026-07-06T19:35:13.821027,2026-07-06T19:35:13.828331+00:00,156.4,200,ask,,,9884290
2026-07-06T19:35:16.820987,2026-07-06T19:35:16.827676+00:00,156.5,20,bid,,,9884336
2026-07-06T19:35:17.317183,2026-07-06T19:35:17.323922+00:00,156.3,8,ask,,,9884344
2026-07-06T19:35:19.329029,2026-07-06T19:35:19.337808+00:00,156.4,8,bid,,,9884376
2026-07-06T19:35:19.683759,2026-07-06T19:35:19.695452+00:00,156.3,20,ask,,,9884380
2026-07-06T19:35:20.456111,2026-07-06T19:35:20.463981+00:00,156.4,200,ask,,,9884390
2026-07-06T19:35:22.295637,2026-07-06T19:35:22.306193+00:00,156.4,200,bid,,,9884427
2026-07-06T19:35:23.805134,2026-07-06T19:35:23.816225+00:00,156.5,500,bid,,,9884447
2026-07-06T19:35:23.805134,2026-07-06T19:35:23.816225+00:00,156.6,125,bid,,,9884448
2026-07-06T19:35:26.427878,2026-07-06T19:35:26.436800+00:00,156.5,500,bid,,,9884475
2026-07-06T19:35:26.427878,2026-07-06T19:35:26.436800+00:00,156.5,125,bid,,,9884476
2026-07-06T19:35:29.052235,2026-07-06T19:35:29.078787+00:00,156.3,200,ask,,,9884513
2026-07-06T19:35:29.074818,2026-07-06T19:35:29.078787+00:00,156.3,3,bid,,,9884515
2026-07-06T19:35:29.955368,2026-07-06T19:35:29.966917+00:00,156.2,10,ask,,,9884530
2026-07-06T19:35:31.673826,2026-07-06T19:35:31.681765+00:00,156.3,200,ask,,,9884559
2026-07-06T19:35:31.734303,2026-07-06T19:35:31.741359+00:00,156.3,8,bid,,,9884560
2026-07-06T19:35:31.993607,2026-07-06T19:35:32.000660+00:00,156.3,200,bid,,,9884563
2026-07-06T19:35:32.982313,2026-07-06T19:35:32.989455+00:00,156.2,500,bid,,,9884578
2026-07-06T19:35:33.063866,2026-07-06T19:35:33.075358+00:00,156.3,20,ask,,,9884579
2026-07-06T19:35:33.168050,2026-07-06T19:35:33.174945+00:00,156.3,105,ask,,,9884580
2026-07-06T19:35:33.614470,2026-07-06T19:35:33.625859+00:00,156.2,20,ask,,,9884591
2026-07-06T19:35:33.994008,2026-07-06T19:35:34.005556+00:00,156.4,8,bid,,,9884601
2026-07-06T19:35:34.294019,2026-07-06T19:35:34.305065+00:00,156.2,180,ask,,,9884604
2026-07-06T19:35:34.758069,2026-07-06T19:35:34.769556+00:00,155.9,8,ask,,,9884608
2026-07-06T19:35:36.266133,2026-07-06T19:35:36.277705+00:00,156.1,8,bid,,,9884636
2026-07-06T19:35:37.302091,2026-07-06T19:35:37.306490+00:00,156.0,3,ask,,,9884655
2026-07-06T19:35:37.429645,2026-07-06T19:35:37.436415+00:00,156.1,20,bid,,,9884657
2026-07-06T19:35:38.128395,2026-07-06T19:35:38.139431+00:00,156.1,20,bid,,,9884670
2026-07-06T19:35:38.219231,2026-07-06T19:35:38.226441+00:00,156.1,480,bid,,,9884672
2026-07-06T19:35:38.219231,2026-07-06T19:35:38.231676+00:00,156.1,145,bid,,,9884673
2026-07-06T19:35:42.579689,2026-07-06T19:35:42.586273+00:00,156.1,8,bid,,,9884722
2026-07-06T19:35:44.599724,2026-07-06T19:35:44.611328+00:00,156.1,8,bid,,,9884746
2026-07-06T19:35:46.486743,2026-07-06T19:35:46.495093+00:00,156.0,500,ask,,,9884770
2026-07-06T19:35:47.082906,2026-07-06T19:35:47.089469+00:00,156.0,125,ask,,,9884781
2026-07-06T19:35:47.103439,2026-07-06T19:35:47.107833+00:00,156.0,3,bid,,,9884783
2026-07-06T19:35:50.903836,2026-07-06T19:35:50.910552+00:00,156.0,8,bid,,,9884832
2026-07-06T19:35:51.364155,2026-07-06T19:35:51.370857+00:00,155.9,200,ask,,,9884835
2026-07-06T19:35:54.180973,2026-07-06T19:35:54.192573+00:00,156.0,8,bid,,,9884869
2026-07-06T19:35:59.223606,2026-07-06T19:35:59.234922+00:00,156.1,20,bid,,,9884927
2026-07-06T19:36:01.042720,2026-07-06T19:36:01.058603+00:00,156.0,200,bid,,,9884956
2026-07-06T19:36:01.108160,2026-07-06T19:36:01.119857+00:00,156.0,20,bid,,,9884957
2026-07-06T19:36:01.543881,2026-07-06T19:36:01.554166+00:00,155.8,8,ask,,,9884964
2026-07-06T19:36:03.128645,2026-07-06T19:36:03.136063+00:00,156.0,200,bid,,,9884981
2026-07-06T19:36:03.128645,2026-07-06T19:36:03.141305+00:00,156.0,425,bid,,,9884982
2026-07-06T19:36:03.553970,2026-07-06T19:36:03.565482+00:00,155.9,8,ask,,,9884988
2026-07-06T19:36:05.243786,2026-07-06T19:36:05.248473+00:00,155.8,200,ask,,,9885025
2026-07-06T19:36:05.326406,2026-07-06T19:36:05.335582+00:00,155.8,8,bid,,,9885029
2026-07-06T19:36:05.853735,2026-07-06T19:36:05.864407+00:00,155.6,8,ask,,,9885036
2026-07-06T19:36:08.400041,2026-07-06T19:36:08.409012+00:00,155.7,200,ask,,,9885063
2026-07-06T19:36:08.930133,2026-07-06T19:36:08.934474+00:00,155.5,3,ask,,,9885078
2026-07-06T19:36:09.141654,2026-07-06T19:36:09.158595+00:00,155.5,8,ask,,,9885083
2026-07-06T19:36:09.524663,2026-07-06T19:36:09.528653+00:00,155.6,11,ask,,,9885090
2026-07-06T19:36:09.710061,2026-07-06T19:36:09.720297+00:00,155.6,189,ask,,,9885092
2026-07-06T19:36:10.161694,2026-07-06T19:36:10.168985+00:00,155.4,8,ask,,,9885099
2026-07-06T19:36:10.667567,2026-07-06T19:36:10.678895+00:00,155.4,8,ask,,,9885104
2026-07-06T19:36:12.185371,2026-07-06T19:36:12.194780+00:00,155.5,8,ask,,,9885126
2026-07-06T19:36:12.328669,2026-07-06T19:36:12.338980+00:00,155.5,192,ask,,,9885131
2026-07-06T19:36:13.147929,2026-07-06T19:36:13.152552+00:00,155.4,200,bid,,,9885145
2026-07-06T19:36:14.360362,2026-07-06T19:36:14.368921+00:00,155.5,200,bid,,,9885164
2026-07-06T19:36:15.437401,2026-07-06T19:36:15.458853+00:00,155.6,20,bid,,,9885178
2026-07-06T19:36:16.233028,2026-07-06T19:36:16.243658+00:00,155.4,6,ask,,,9885187
2026-07-06T19:36:18.000134,2026-07-06T19:36:18.008245+00:00,155.3,200,ask,,,9885209
2026-07-06T19:36:18.244817,2026-07-06T19:36:18.252540+00:00,155.3,20,ask,,,9885211
2026-07-06T19:36:21.418828,2026-07-06T19:36:21.423022+00:00,155.3,23,ask,,,9885249
2026-07-06T19:36:21.498919,2026-07-06T19:36:21.505769+00:00,155.4,200,bid,,,9885250
2026-07-06T19:36:21.517024,2026-07-06T19:36:21.521339+00:00,155.4,12,ask,,,9885252
2026-07-06T19:36:24.064348,2026-07-06T19:36:24.072555+00:00,155.6,200,bid,,,9885294
2026-07-06T19:36:24.562507,2026-07-06T19:36:24.568961+00:00,155.5,20,ask,,,9885300
2026-07-06T19:36:25.435226,2026-07-06T19:36:25.446090+00:00,155.6,200,ask,,,9885312
2026-07-06T19:36:25.465646,2026-07-06T19:36:25.469572+00:00,155.6,12,bid,,,9885314
2026-07-06T19:36:27.039311,2026-07-06T19:36:27.045849+00:00,155.5,200,ask,,,9885329
2026-07-06T19:36:27.056853,2026-07-06T19:36:27.060402+00:00,155.5,11,bid,,,9885331
2026-07-06T19:36:27.454630,2026-07-06T19:36:27.463732+00:00,155.5,20,bid,,,9885338
2026-07-06T19:36:28.903503,2026-07-06T19:36:28.911644+00:00,155.4,200,ask,,,9885357
2026-07-06T19:36:30.680808,2026-07-06T19:36:30.690015+00:00,155.5,200,bid,,,9885370
2026-07-06T19:36:31.323171,2026-07-06T19:36:31.332358+00:00,155.5,200,ask,,,9885387
2026-07-06T19:36:32.531490,2026-07-06T19:36:32.538872+00:00,155.3,200,ask,,,9885400
2026-07-06T19:36:33.740173,2026-07-06T19:36:33.747876+00:00,155.2,200,ask,,,9885416
2026-07-06T19:36:33.761468,2026-07-06T19:36:33.773118+00:00,155.5,20,bid,,,9885417
2026-07-06T19:36:34.656615,2026-07-06T19:36:34.668385+00:00,155.3,20,bid,,,9885427
2026-07-06T19:36:35.922145,2026-07-06T19:36:35.931550+00:00,155.2,200,bid,,,9885447
2026-07-06T19:36:36.160794,2026-07-06T19:36:36.168880+00:00,155.2,200,ask,,,9885449
2026-07-06T19:36:37.371152,2026-07-06T19:36:37.379682+00:00,155.1,200,ask,,,9885465
2026-07-06T19:36:37.943469,2026-07-06T19:36:37.954617+00:00,155.2,500,bid,,,9885473
2026-07-06T19:36:38.536097,2026-07-06T19:36:38.545523+00:00,155.2,125,bid,,,9885484
2026-07-06T19:36:38.566895,2026-07-06T19:36:38.570981+00:00,155.2,11,ask,,,9885488
2026-07-06T19:36:38.582841,2026-07-06T19:36:38.596559+00:00,155.3,200,ask,,,9885490
2026-07-06T19:36:38.592597,2026-07-06T19:36:38.596559+00:00,155.3,12,ask,,,9885492
2026-07-06T19:36:39.793765,2026-07-06T19:36:39.803483+00:00,155.3,200,ask,,,9885508
2026-07-06T19:36:40.451946,2026-07-06T19:36:40.458575+00:00,155.1,20,ask,,,9885519
2026-07-06T19:36:40.504370,2026-07-06T19:36:40.509353+00:00,155.3,23,bid,,,9885522
2026-07-06T19:36:41.003763,2026-07-06T19:36:41.013169+00:00,155.1,200,ask,,,9885525
2026-07-06T19:36:42.216982,2026-07-06T19:36:42.225184+00:00,155.1,200,ask,,,9885541
2026-07-06T19:36:43.263828,2026-07-06T19:36:43.271369+00:00,155.3,20,bid,,,9885554
2026-07-06T19:36:45.117427,2026-07-06T19:36:45.121864+00:00,155.2,500,ask,,,9885576
2026-07-06T19:36:45.197752,2026-07-06T19:36:45.205525+00:00,155.2,125,bid,,,9885577
2026-07-06T19:36:47.880197,2026-07-06T19:36:47.891626+00:00,155.4,20,bid,,,9885615
2026-07-06T19:36:50.166221,2026-07-06T19:36:50.177831+00:00,155.2,8,bid,,,9885645
2026-07-06T19:36:50.351827,2026-07-06T19:36:50.354532+00:00,155.2,192,bid,,,9885647
2026-07-06T19:36:50.667536,2026-07-06T19:36:50.679607+00:00,155.4,20,bid,,,9885648
2026-07-06T19:36:54.928677,2026-07-06T19:36:54.936043+00:00,155.5,20,bid,,,9885692
2026-07-06T19:36:56.165459,2026-07-06T19:36:56.169602+00:00,155.5,23,bid,,,9885703
2026-07-06T19:36:56.456187,2026-07-06T19:36:56.458633+00:00,155.5,8,bid,,,9885716
2026-07-06T19:36:59.158813,2026-07-06T19:36:59.170326+00:00,155.4,200,ask,,,9885747
2026-07-06T19:37:00.379540,2026-07-06T19:37:00.383281+00:00,155.5,3,bid,,,9885755
2026-07-06T19:37:00.733211,2026-07-06T19:37:00.743901+00:00,155.5,8,bid,,,9885761
2026-07-06T19:37:01.593114,2026-07-06T19:37:01.606010+00:00,155.4,200,ask,,,9885776
2026-07-06T19:37:02.776262,2026-07-06T19:37:02.785578+00:00,155.8,8,bid,,,9885792
2026-07-06T19:37:04.810376,2026-07-06T19:37:04.817847+00:00,155.8,8,bid,,,9885827
2026-07-06T19:37:06.860018,2026-07-06T19:37:06.871790+00:00,155.9,8,bid,,,9885849
2026-07-06T19:37:07.727848,2026-07-06T19:37:07.739436+00:00,155.9,20,bid,,,9885861
2026-07-06T19:37:10.886562,2026-07-06T19:37:10.898171+00:00,155.9,8,bid,,,9885905
2026-07-06T19:37:12.850868,2026-07-06T19:37:12.858604+00:00,155.9,20,bid,,,9885925
2026-07-06T19:37:15.188366,2026-07-06T19:37:15.196339+00:00,155.8,8,bid,,,9885949
2026-07-06T19:37:16.595242,2026-07-06T19:37:16.606517+00:00,155.8,500,bid,,,9885966
2026-07-06T19:37:16.712240,2026-07-06T19:37:16.721442+00:00,155.9,8,bid,,,9885970
2026-07-06T19:37:17.906261,2026-07-06T19:37:17.913658+00:00,155.7,200,ask,,,9885989
2026-07-06T19:37:18.532884,2026-07-06T19:37:18.543616+00:00,155.6,200,bid,,,9885998
2026-07-06T19:37:18.740355,2026-07-06T19:37:18.758625+00:00,155.4,8,ask,,,9886000
2026-07-06T19:37:19.011669,2026-07-06T19:37:19.022516+00:00,155.4,8,ask,,,9886004
2026-07-06T19:37:19.233566,2026-07-06T19:37:19.238223+00:00,155.6,14,ask,,,9886009
2026-07-06T19:37:19.531112,2026-07-06T19:37:19.538188+00:00,155.6,8,ask,,,9886014
2026-07-06T19:37:20.949938,2026-07-06T19:37:20.963922+00:00,155.5,200,ask,,,9886026
2026-07-06T19:37:21.851424,2026-07-06T19:37:21.854963+00:00,155.5,14,bid,,,9886035
2026-07-06T19:37:23.364217,2026-07-06T19:37:23.375435+00:00,155.4,6,bid,,,9886055
2026-07-06T19:37:24.893533,2026-07-06T19:37:24.904359+00:00,155.2,6,ask,,,9886074
2026-07-06T19:37:24.897509,2026-07-06T19:37:24.904359+00:00,155.2,20,ask,,,9886075
2026-07-06T19:37:25.650938,2026-07-06T19:37:25.663861+00:00,155.2,5,ask,,,9886086
2026-07-06T19:37:25.822283,2026-07-06T19:37:25.826575+00:00,155.4,14,ask,,,9886093
2026-07-06T19:37:27.121933,2026-07-06T19:37:27.133294+00:00,155.4,200,bid,,,9886109
2026-07-06T19:37:27.934554,2026-07-06T19:37:27.947993+00:00,155.6,5,bid,,,9886121
2026-07-06T19:37:27.943354,2026-07-06T19:37:27.947993+00:00,155.6,11,bid,,,9886123
2026-07-06T19:37:28.223736,2026-07-06T19:37:28.233313+00:00,155.4,200,ask,,,9886125
2026-07-06T19:37:28.449396,2026-07-06T19:37:28.453003+00:00,155.5,3,bid,,,9886129
2026-07-06T19:37:30.219925,2026-07-06T19:37:30.230732+00:00,155.5,5,bid,,,9886150
2026-07-06T19:37:32.360284,2026-07-06T19:37:32.366931+00:00,155.5,500,bid,,,9886174
2026-07-06T19:37:32.416462,2026-07-06T19:37:32.423726+00:00,155.5,125,ask,,,9886175
2026-07-06T19:37:33.075035,2026-07-06T19:37:33.085635+00:00,155.4,20,bid,,,9886182
2026-07-06T19:37:36.283050,2026-07-06T19:37:36.292579+00:00,155.4,500,bid,,,9886236
2026-07-06T19:37:36.636025,2026-07-06T19:37:36.643360+00:00,155.4,125,ask,,,9886245
2026-07-06T19:37:36.698674,2026-07-06T19:37:36.707284+00:00,155.4,200,bid,,,9886246
2026-07-06T19:37:37.503717,2026-07-06T19:37:37.510809+00:00,154.6,8,ask,,,9886257
2026-07-06T19:37:37.606647,2026-07-06T19:37:37.610631+00:00,155.2,3,ask,,,9886259
2026-07-06T19:37:37.923152,2026-07-06T19:37:37.927463+00:00,155.3,11,ask,,,9886264
2026-07-06T19:37:37.997582,2026-07-06T19:37:38.009356+00:00,155.4,20,bid,,,9886266
2026-07-06T19:37:39.087844,2026-07-06T19:37:39.095879+00:00,155.3,189,ask,,,9886281
2026-07-06T19:37:40.443466,2026-07-06T19:37:40.448749+00:00,155.3,14,bid,,,9886297
2026-07-06T19:37:40.552765,2026-07-06T19:37:40.558597+00:00,155.3,6,bid,,,9886298
2026-07-06T19:37:41.781415,2026-07-06T19:37:41.793323+00:00,155.4,20,bid,,,9886313
2026-07-06T19:37:42.706220,2026-07-06T19:37:42.717448+00:00,155.3,200,ask,,,9886327
2026-07-06T19:37:42.751417,2026-07-06T19:37:42.762083+00:00,155.3,200,bid,,,9886330
2026-07-06T19:37:43.309650,2026-07-06T19:37:43.320350+00:00,155.2,500,ask,,,9886339
2026-07-06T19:37:43.698909,2026-07-06T19:37:43.710437+00:00,155.2,20,ask,,,9886346
2026-07-06T19:37:43.962526,2026-07-06T19:37:43.969589+00:00,155.3,200,bid,,,9886349
2026-07-06T19:37:46.374511,2026-07-06T19:37:46.385955+00:00,155.0,20,ask,,,9886375
2026-07-06T19:37:46.756887,2026-07-06T19:37:46.768726+00:00,155.1,200,ask,,,9886378
2026-07-06T19:37:47.114869,2026-07-06T19:37:47.126321+00:00,155.1,8,bid,,,9886389
2026-07-06T19:37:48.822013,2026-07-06T19:37:48.826058+00:00,155.1,3,ask,,,9886413
2026-07-06T19:37:53.310137,2026-07-06T19:37:53.320997+00:00,155.0,200,ask,,,9886465
2026-07-06T19:37:53.393340,2026-07-06T19:37:53.403625+00:00,154.7,8,ask,,,9886466
2026-07-06T19:37:56.464230,2026-07-06T19:37:56.468196+00:00,154.8,11,ask,,,9886508
2026-07-06T19:37:56.698817,2026-07-06T19:37:56.706086+00:00,154.8,8,ask,,,9886515
2026-07-06T19:37:57.201349,2026-07-06T19:37:57.207876+00:00,154.9,20,bid,,,9886522
2026-07-06T19:37:57.292866,2026-07-06T19:37:57.300663+00:00,154.8,200,ask,,,9886526
2026-07-06T19:37:59.890916,2026-07-06T19:37:59.909645+00:00,154.6,200,ask,,,9886563
2026-07-06T19:37:59.905821,2026-07-06T19:37:59.909645+00:00,154.6,14,bid,,,9886565
2026-07-06T19:38:00.918695,2026-07-06T19:38:00.927622+00:00,154.6,200,bid,,,9886575
2026-07-06T19:38:02.133206,2026-07-06T19:38:02.141291+00:00,154.6,200,ask,,,9886597
2026-07-06T19:38:02.806691,2026-07-06T19:38:02.813174+00:00,154.4,8,ask,,,9886607
2026-07-06T19:38:04.337193,2026-07-06T19:38:04.344491+00:00,154.5,8,ask,,,9886634
2026-07-06T19:38:06.120389,2026-07-06T19:38:06.131482+00:00,154.5,8,ask,,,9886660
2026-07-06T19:38:06.448074,2026-07-06T19:38:06.473663+00:00,154.6,200,bid,,,9886671
2026-07-06T19:38:06.469818,2026-07-06T19:38:06.473663+00:00,154.7,3,ask,,,9886673
2026-07-06T19:38:06.974934,2026-07-06T19:38:06.986071+00:00,154.7,200,ask,,,9886675
2026-07-06T19:38:08.175444,2026-07-06T19:38:08.184869+00:00,154.5,8,ask,,,9886693
2026-07-06T19:38:08.180371,2026-07-06T19:38:08.190177+00:00,154.7,200,bid,,,9886694
2026-07-06T19:38:08.393078,2026-07-06T19:38:08.404815+00:00,154.7,20,bid,,,9886697
2026-07-06T19:38:09.121449,2026-07-06T19:38:09.125612+00:00,154.6,11,ask,,,9886711
2026-07-06T19:38:09.197802,2026-07-06T19:38:09.204420+00:00,154.6,8,ask,,,9886713
2026-07-06T19:38:10.983012,2026-07-06T19:38:10.991980+00:00,154.6,3,ask,,,9886740
2026-07-06T19:38:14.518473,2026-07-06T19:38:14.529831+00:00,154.8,8,bid,,,9886789
2026-07-06T19:38:15.663718,2026-07-06T19:38:15.675312+00:00,154.8,20,bid,,,9886810
2026-07-06T19:38:17.873634,2026-07-06T19:38:17.882966+00:00,154.7,200,ask,,,9886851
2026-07-06T19:38:18.043418,2026-07-06T19:38:18.058568+00:00,154.9,20,bid,,,9886854
2026-07-06T19:38:18.449889,2026-07-06T19:38:18.453548+00:00,154.8,11,bid,,,9886860
2026-07-06T19:38:18.566800,2026-07-06T19:38:18.574387+00:00,154.8,8,bid,,,9886865
2026-07-06T19:38:20.662352,2026-07-06T19:38:20.674093+00:00,154.7,20,ask,,,9886894
2026-07-06T19:38:20.826408,2026-07-06T19:38:20.840138+00:00,154.8,8,bid,,,9886898
2026-07-06T19:38:21.722742,2026-07-06T19:38:21.726825+00:00,154.8,3,bid,,,9886913
2026-07-06T19:38:23.501951,2026-07-06T19:38:23.513901+00:00,154.7,200,bid,,,9886943
2026-07-06T19:38:23.501951,2026-07-06T19:38:23.513901+00:00,154.7,425,bid,,,9886944
2026-07-06T19:38:24.818529,2026-07-06T19:38:24.863669+00:00,154.5,200,ask,,,9886963
2026-07-06T19:38:24.863398,2026-07-06T19:38:24.874601+00:00,154.5,8,bid,,,9886967
2026-07-06T19:38:26.264135,2026-07-06T19:38:26.275598+00:00,154.4,20,ask,,,9886988
2026-07-06T19:38:27.124028,2026-07-06T19:38:27.135534+00:00,154.6,8,bid,,,9886999
2026-07-06T19:38:28.760154,2026-07-06T19:38:28.769804+00:00,154.4,200,bid,,,9887016
2026-07-06T19:38:29.965993,2026-07-06T19:38:29.977424+00:00,154.4,200,ask,,,9887040
2026-07-06T19:38:30.088709,2026-07-06T19:38:30.092793+00:00,154.4,3,bid,,,9887043
2026-07-06T19:38:30.142558,2026-07-06T19:38:30.153243+00:00,154.4,3,bid,,,9887046
2026-07-06T19:38:30.414468,2026-07-06T19:38:30.468705+00:00,154.4,3,bid,,,9887053
2026-07-06T19:38:30.676602,2026-07-06T19:38:30.686647+00:00,154.4,3,bid,,,9887059
2026-07-06T19:38:30.937642,2026-07-06T19:38:30.944338+00:00,154.4,3,bid,,,9887064
2026-07-06T19:38:31.305439,2026-07-06T19:38:31.309527+00:00,154.3,3,ask,,,9887067
2026-07-06T19:38:32.825152,2026-07-06T19:38:32.833597+00:00,154.3,20,ask,,,9887090
2026-07-06T19:38:36.529361,2026-07-06T19:38:36.537657+00:00,154.5,8,bid,,,9887146
2026-07-06T19:38:37.250140,2026-07-06T19:38:37.264180+00:00,154.4,200,ask,,,9887150
2026-07-06T19:38:37.619406,2026-07-06T19:38:37.628230+00:00,154.6,20,bid,,,9887160
2026-07-06T19:38:40.539550,2026-07-06T19:38:40.547170+00:00,154.3,200,bid,,,9887207
2026-07-06T19:38:41.100006,2026-07-06T19:38:41.158718+00:00,154.3,20,ask,,,9887217
2026-07-06T19:38:41.647274,2026-07-06T19:38:41.663820+00:00,154.3,8,ask,,,9887223
2026-07-06T19:38:41.912845,2026-07-06T19:38:41.919623+00:00,154.1,8,ask,,,9887230
2026-07-06T19:38:42.084759,2026-07-06T19:38:42.092560+00:00,154.2,200,bid,,,9887235
2026-07-06T19:38:42.891368,2026-07-06T19:38:42.903077+00:00,154.2,20,bid,,,9887251
2026-07-06T19:38:43.921961,2026-07-06T19:38:43.931114+00:00,154.2,8,ask,,,9887269
2026-07-06T19:38:44.291312,2026-07-06T19:38:44.301806+00:00,154.4,20,bid,,,9887274
2026-07-06T19:38:45.715373,2026-07-06T19:38:45.724592+00:00,154.1,200,ask,,,9887291
2026-07-06T19:38:47.109141,2026-07-06T19:38:47.116872+00:00,154.2,200,bid,,,9887314
2026-07-06T19:38:47.122854,2026-07-06T19:38:47.126649+00:00,154.2,14,ask,,,9887316
2026-07-06T19:38:48.137947,2026-07-06T19:38:48.147199+00:00,154.2,200,ask,,,9887329
2026-07-06T19:38:48.197354,2026-07-06T19:38:48.209212+00:00,154.2,8,ask,,,9887330
2026-07-06T19:38:49.734891,2026-07-06T19:38:49.746201+00:00,154.1,200,ask,,,9887355
2026-07-06T19:38:50.484392,2026-07-06T19:38:50.493779+00:00,153.8,8,ask,,,9887370
2026-07-06T19:38:50.568727,2026-07-06T19:38:50.573024+00:00,153.9,12,ask,,,9887374
2026-07-06T19:38:50.750716,2026-07-06T19:38:50.756672+00:00,153.9,8,ask,,,9887376
2026-07-06T19:38:51.057061,2026-07-06T19:38:51.060993+00:00,154.0,11,ask,,,9887379
2026-07-06T19:38:51.269887,2026-07-06T19:38:51.278587+00:00,154.0,8,ask,,,9887381
2026-07-06T19:38:51.786903,2026-07-06T19:38:51.797977+00:00,154.0,20,ask,,,9887393
2026-07-06T19:38:52.994806,2026-07-06T19:38:52.998636+00:00,154.1,12,ask,,,9887413
2026-07-06T19:38:53.564263,2026-07-06T19:38:53.568030+00:00,154.2,4,bid,,,9887419
2026-07-06T19:38:53.693465,2026-07-06T19:38:53.713661+00:00,154.1,188,ask,,,9887421
2026-07-06T19:38:53.709253,2026-07-06T19:38:53.713661+00:00,154.1,8,bid,,,9887423
2026-07-06T19:38:53.813359,2026-07-06T19:38:53.822289+00:00,153.8,4,ask,,,9887425
2026-07-06T19:38:55.403915,2026-07-06T19:38:55.414154+00:00,154.0,200,ask,,,9887439
2026-07-06T19:38:56.616363,2026-07-06T19:38:56.624657+00:00,154.0,200,ask,,,9887461
2026-07-06T19:38:58.896822,2026-07-06T19:38:58.907605+00:00,154.0,8,bid,,,9887488
2026-07-06T19:38:59.051064,2026-07-06T19:38:59.055431+00:00,153.9,11,bid,,,9887493
2026-07-06T19:39:02.599087,2026-07-06T19:39:02.658637+00:00,153.9,20,ask,,,9887544
2026-07-06T19:39:02.938837,2026-07-06T19:39:02.948017+00:00,154.0,8,bid,,,9887552
2026-07-06T19:39:04.948127,2026-07-06T19:39:04.959973+00:00,153.9,8,ask,,,9887579
2026-07-06T19:39:07.041499,2026-07-06T19:39:07.063672+00:00,153.9,20,ask,,,9887607
2026-07-06T19:39:08.728275,2026-07-06T19:39:08.736143+00:00,154.1,200,bid,,,9887633
2026-07-06T19:39:09.204810,2026-07-06T19:39:09.208679+00:00,154.1,12,bid,,,9887641
2026-07-06T19:39:09.937424,2026-07-06T19:39:09.944126+00:00,154.1,200,ask,,,9887653
2026-07-06T19:39:11.062850,2026-07-06T19:39:11.074159+00:00,154.3,20,bid,,,9887666
2026-07-06T19:39:11.489763,2026-07-06T19:39:11.501187+00:00,154.2,8,bid,,,9887680
2026-07-06T19:39:12.019678,2026-07-06T19:39:12.026868+00:00,154.2,192,bid,,,9887684
2026-07-06T19:39:12.019678,2026-07-06T19:39:12.032084+00:00,154.3,433,bid,,,9887685
2026-07-06T19:39:13.331882,2026-07-06T19:39:13.337976+00:00,154.2,200,ask,,,9887693
2026-07-06T19:39:13.366354,2026-07-06T19:39:13.370543+00:00,154.2,11,bid,,,9887696
2026-07-06T19:39:13.514424,2026-07-06T19:39:13.559040+00:00,154.2,8,bid,,,9887703
2026-07-06T19:39:15.965082,2026-07-06T19:39:15.973980+00:00,154.1,200,ask,,,9887735
2026-07-06T19:39:15.980086,2026-07-06T19:39:15.984129+00:00,154.1,3,bid,,,9887737
2026-07-06T19:39:17.202894,2026-07-06T19:39:17.214283+00:00,154.1,200,bid,,,9887754
2026-07-06T19:39:17.787928,2026-07-06T19:39:17.799487+00:00,154.1,8,bid,,,9887769
2026-07-06T19:39:19.893849,2026-07-06T19:39:19.960062+00:00,154.0,200,ask,,,9887797
2026-07-06T19:39:20.834974,2026-07-06T19:39:20.844391+00:00,153.9,200,bid,,,9887810
2026-07-06T19:39:21.838872,2026-07-06T19:39:21.846948+00:00,154.2,8,bid,,,9887823
2026-07-06T19:39:22.515942,2026-07-06T19:39:22.525047+00:00,154.1,200,bid,,,9887842
2026-07-06T19:39:24.126097,2026-07-06T19:39:24.137480+00:00,154.2,8,bid,,,9887866
2026-07-06T19:39:25.674906,2026-07-06T19:39:25.682874+00:00,154.1,200,ask,,,9887883
2026-07-06T19:39:25.920824,2026-07-06T19:39:25.932227+00:00,154.3,20,bid,,,9887889
2026-07-06T19:39:28.156176,2026-07-06T19:39:28.158549+00:00,154.1,3,bid,,,9887924
2026-07-06T19:39:29.092848,2026-07-06T19:39:29.096846+00:00,154.0,3,bid,,,9887941
2026-07-06T19:39:29.932439,2026-07-06T19:39:29.943936+00:00,154.0,3,bid,,,9887958
2026-07-06T19:39:30.193165,2026-07-06T19:39:30.199755+00:00,154.0,3,bid,,,9887962
2026-07-06T19:39:32.453632,2026-07-06T19:39:32.462991+00:00,154.0,8,bid,,,9887990
2026-07-06T19:39:33.002238,2026-07-06T19:39:33.013565+00:00,154.0,200,bid,,,9887994
2026-07-06T19:39:34.151778,2026-07-06T19:39:34.163950+00:00,154.0,200,ask,,,9888010
2026-07-06T19:39:36.930952,2026-07-06T19:39:36.938480+00:00,153.9,500,ask,,,9888054
2026-07-06T19:39:36.930952,2026-07-06T19:39:36.943718+00:00,153.9,125,ask,,,9888055
2026-07-06T19:39:38.239846,2026-07-06T19:39:38.285903+00:00,154.1,200,bid,,,9888070
2026-07-06T19:39:38.281112,2026-07-06T19:39:38.285903+00:00,154.1,3,ask,,,9888072
2026-07-06T19:39:38.782733,2026-07-06T19:39:38.794346+00:00,154.1,8,ask,,,9888077
2026-07-06T19:39:41.551836,2026-07-06T19:39:41.561097+00:00,154.3,8,bid,,,9888125
2026-07-06T19:39:47.239502,2026-07-06T19:39:47.243984+00:00,154.3,3,ask,,,9888194
2026-07-06T19:39:47.477256,2026-07-06T19:39:47.486617+00:00,154.4,200,bid,,,9888197
2026-07-06T19:39:47.564185,2026-07-06T19:39:47.575554+00:00,154.2,8,ask,,,9888199
2026-07-06T19:39:48.081226,2026-07-06T19:39:48.089972+00:00,154.2,8,ask,,,9888210
2026-07-06T19:39:50.056949,2026-07-06T19:39:50.058585+00:00,154.4,200,ask,,,9888244
2026-07-06T19:39:50.851782,2026-07-06T19:39:50.858109+00:00,154.1,7,ask,,,9888258
2026-07-06T19:39:53.543598,2026-07-06T19:39:53.554879+00:00,154.4,200,ask,,,9888286
2026-07-06T19:39:54.334243,2026-07-06T19:39:54.345804+00:00,154.3,20,ask,,,9888291
2026-07-06T19:39:55.242800,2026-07-06T19:39:55.263635+00:00,154.3,20,ask,,,9888305
2026-07-06T19:39:56.491151,2026-07-06T19:39:56.500411+00:00,154.3,200,ask,,,9888318
2026-07-06T19:39:56.614389,2026-07-06T19:39:56.658619+00:00,154.3,300,bid,,,9888321
2026-07-06T19:39:56.896175,2026-07-06T19:39:56.907593+00:00,154.3,8,ask,,,9888328
2026-07-06T19:39:57.112554,2026-07-06T19:39:57.122146+00:00,154.3,317,ask,,,9888329
2026-07-06T19:39:57.172937,2026-07-06T19:39:57.181771+00:00,154.3,183,bid,,,9888330
2026-07-06T19:39:57.716012,2026-07-06T19:39:57.726856+00:00,154.3,17,ask,,,9888340
2026-07-06T19:39:59.240522,2026-07-06T19:39:59.258641+00:00,154.3,20,bid,,,9888361
2026-07-06T19:39:59.534116,2026-07-06T19:39:59.541135+00:00,154.2,200,ask,,,9888365
2026-07-06T19:39:59.534116,2026-07-06T19:39:59.546333+00:00,154.2,300,ask,,,9888366
2026-07-06T19:39:59.678778,2026-07-06T19:39:59.683022+00:00,154.3,11,ask,,,9888369
2026-07-06T19:40:00.126359,2026-07-06T19:40:00.132995+00:00,154.3,189,ask,,,9888375
2026-07-06T19:40:00.126359,2026-07-06T19:40:00.138531+00:00,154.2,311,ask,,,9888376
2026-07-06T19:40:00.565502,2026-07-06T19:40:00.569596+00:00,154.2,11,bid,,,9888384
2026-07-06T19:40:00.695183,2026-07-06T19:40:00.706222+00:00,154.2,8,bid,,,9888387
2026-07-06T19:40:00.802336,2026-07-06T19:40:00.811210+00:00,154.2,200,bid,,,9888389
2026-07-06T19:40:01.355354,2026-07-06T19:40:01.359544+00:00,154.1,3,bid,,,9888394
2026-07-06T19:40:01.849899,2026-07-06T19:40:01.835800+00:00,154.1,497,bid,,,9888399
2026-07-06T19:40:01.959019,2026-07-06T19:40:01.969236+00:00,154.2,8,bid,,,9888403
2026-07-06T19:40:02.036453,2026-07-06T19:40:02.063656+00:00,154.2,200,bid,,,9888404
2026-07-06T19:40:03.050086,2026-07-06T19:40:03.053876+00:00,154.1,14,ask,,,9888426
2026-07-06T19:40:03.237492,2026-07-06T19:40:03.243780+00:00,153.8,8,ask,,,9888427
2026-07-06T19:40:03.246937,2026-07-06T19:40:03.254149+00:00,154.0,200,bid,,,9888429
2026-07-06T19:40:04.455599,2026-07-06T19:40:04.464157+00:00,154.0,200,bid,,,9888451
2026-07-06T19:40:06.286600,2026-07-06T19:40:06.297165+00:00,154.0,8,ask,,,9888472
2026-07-06T19:40:06.541307,2026-07-06T19:40:06.558634+00:00,154.1,8,bid,,,9888476
2026-07-06T19:40:08.439650,2026-07-06T19:40:08.459261+00:00,153.9,200,ask,,,9888503
2026-07-06T19:40:11.317166,2026-07-06T19:40:11.326753+00:00,153.7,8,ask,,,9888544
2026-07-06T19:40:12.487277,2026-07-06T19:40:12.492894+00:00,153.9,11,bid,,,9888563
2026-07-06T19:40:13.671531,2026-07-06T19:40:13.678598+00:00,153.9,200,bid,,,9888583
2026-07-06T19:40:16.886238,2026-07-06T19:40:16.893290+00:00,153.8,8,ask,,,9888628
2026-07-06T19:40:18.107176,2026-07-06T19:40:18.118926+00:00,153.8,20,ask,,,9888645
2026-07-06T19:40:18.909391,2026-07-06T19:40:18.919129+00:00,153.8,8,ask,,,9888657
2026-07-06T19:40:20.833887,2026-07-06T19:40:20.841137+00:00,153.8,20,ask,,,9888679
2026-07-06T19:40:25.196755,2026-07-06T19:40:25.205563+00:00,153.8,8,ask,,,9888747
2026-07-06T19:40:27.206655,2026-07-06T19:40:27.212789+00:00,153.7,8,ask,,,9888781
2026-07-06T19:40:27.920501,2026-07-06T19:40:27.959049+00:00,154.0,20,bid,,,9888793
2026-07-06T19:40:30.723722,2026-07-06T19:40:30.727658+00:00,153.8,11,ask,,,9888832
2026-07-06T19:40:33.553923,2026-07-06T19:40:33.563810+00:00,153.8,200,bid,,,9888872
2026-07-06T19:40:35.774247,2026-07-06T19:40:35.785167+00:00,153.7,8,ask,,,9888907
2026-07-06T19:40:39.053609,2026-07-06T19:40:39.065359+00:00,153.9,8,bid,,,9888952
2026-07-06T19:40:39.905974,2026-07-06T19:40:39.916035+00:00,153.8,200,ask,,,9888960
2026-07-06T19:40:41.069819,2026-07-06T19:40:41.073682+00:00,153.8,14,bid,,,9888977
2026-07-06T19:40:41.074346,2026-07-06T19:40:41.088966+00:00,153.8,8,bid,,,9888978
2026-07-06T19:40:42.115857,2026-07-06T19:40:42.123546+00:00,154.0,8,bid,,,9888999
2026-07-06T19:40:44.139627,2026-07-06T19:40:44.159312+00:00,153.9,8,bid,,,9889017
2026-07-06T19:40:46.845578,2026-07-06T19:40:46.863913+00:00,153.7,200,bid,,,9889057
2026-07-06T19:40:51.714986,2026-07-06T19:40:51.719104+00:00,153.8,3,ask,,,9889116
2026-07-06T19:40:54.117928,2026-07-06T19:40:54.126080+00:00,153.7,200,ask,,,9889149
2026-07-06T19:40:54.541152,2026-07-06T19:40:54.564208+00:00,153.6,8,ask,,,9889156
2026-07-06T19:40:55.328208,2026-07-06T19:40:55.338577+00:00,153.6,200,ask,,,9889167
2026-07-06T19:40:56.834223,2026-07-06T19:40:56.864148+00:00,153.5,8,ask,,,9889190
2026-07-06T19:40:56.882593,2026-07-06T19:40:56.887135+00:00,153.5,23,ask,,,9889192
2026-07-06T19:40:57.106212,2026-07-06T19:40:57.116570+00:00,153.5,3,ask,,,9889195
2026-07-06T19:40:59.131968,2026-07-06T19:40:59.137531+00:00,153.5,11,ask,,,9889232
2026-07-06T19:41:01.157487,2026-07-06T19:41:01.169236+00:00,153.5,4,ask,,,9889264
2026-07-06T19:41:02.220081,2026-07-06T19:41:02.229081+00:00,153.5,500,ask,,,9889278
2026-07-06T19:41:02.471647,2026-07-06T19:41:02.479869+00:00,153.5,125,bid,,,9889282
2026-07-06T19:41:04.869234,2026-07-06T19:41:04.873959+00:00,153.6,11,ask,,,9889322
2026-07-06T19:41:06.143847,2026-07-06T19:41:06.168933+00:00,153.7,200,bid,,,9889338
2026-07-06T19:41:06.164788,2026-07-06T19:41:06.168933+00:00,153.8,23,ask,,,9889340
2026-07-06T19:41:06.227767,2026-07-06T19:41:06.234033+00:00,153.8,200,ask,,,9889342
2026-07-06T19:41:07.503911,2026-07-06T19:41:07.515541+00:00,153.9,20,bid,,,9889366
2026-07-06T19:41:09.535795,2026-07-06T19:41:09.563622+00:00,153.8,20,bid,,,9889398
2026-07-06T19:41:11.756535,2026-07-06T19:41:11.763985+00:00,153.7,8,bid,,,9889435
2026-07-06T19:41:12.785046,2026-07-06T19:41:12.795275+00:00,153.5,8,ask,,,9889456
2026-07-06T19:41:14.711987,2026-07-06T19:41:14.764644+00:00,153.6,200,ask,,,9889473
2026-07-06T19:41:16.612467,2026-07-06T19:41:16.620654+00:00,153.7,200,bid,,,9889498
2026-07-06T19:41:17.134204,2026-07-06T19:41:17.163883+00:00,153.8,200,ask,,,9889503
2026-07-06T19:41:20.708708,2026-07-06T19:41:20.717342+00:00,153.7,20,bid,,,9889546
2026-07-06T19:41:20.775142,2026-07-06T19:41:20.785991+00:00,153.7,200,bid,,,9889548
2026-07-06T19:41:21.988964,2026-07-06T19:41:21.998132+00:00,153.7,200,ask,,,9889562
2026-07-06T19:41:24.413214,2026-07-06T19:41:24.422839+00:00,153.8,200,bid,,,9889594
2026-07-06T19:41:25.334356,2026-07-06T19:41:25.338369+00:00,153.9,11,bid,,,9889608
2026-07-06T19:41:25.529315,2026-07-06T19:41:25.535278+00:00,153.8,12,bid,,,9889614
2026-07-06T19:41:25.627662,2026-07-06T19:41:25.637262+00:00,153.8,200,bid,,,9889615
2026-07-06T19:41:26.839547,2026-07-06T19:41:26.847506+00:00,153.9,200,bid,,,9889640
2026-07-06T19:41:27.086231,2026-07-06T19:41:27.093999+00:00,153.9,500,bid,,,9889644
2026-07-06T19:41:27.291981,2026-07-06T19:41:27.299199+00:00,154.0,125,ask,,,9889648
2026-07-06T19:41:29.262536,2026-07-06T19:41:29.269450+00:00,153.7,200,ask,,,9889676
2026-07-06T19:41:29.703337,2026-07-06T19:41:29.710773+00:00,153.9,500,bid,,,9889678
2026-07-06T19:41:29.728908,2026-07-06T19:41:29.750923+00:00,153.9,125,ask,,,9889679
2026-07-06T19:41:36.580791,2026-07-06T19:41:36.589074+00:00,153.9,20,bid,,,9889764
2026-07-06T19:41:41.501764,2026-07-06T19:41:41.508528+00:00,153.9,200,bid,,,9889836
2026-07-06T19:41:42.439226,2026-07-06T19:41:42.446514+00:00,153.9,425,ask,,,9889850
2026-07-06T19:41:42.812845,2026-07-06T19:41:42.819352+00:00,153.8,200,ask,,,9889854
2026-07-06T19:41:45.434354,2026-07-06T19:41:45.444505+00:00,153.7,200,ask,,,9889904
2026-07-06T19:41:46.218250,2026-07-06T19:41:46.268690+00:00,153.7,200,bid,,,9889919
2026-07-06T19:41:50.900309,2026-07-06T19:41:50.911704+00:00,153.8,200,ask,,,9889971
2026-07-06T19:41:51.506339,2026-07-06T19:41:51.516898+00:00,153.7,500,ask,,,9889980
2026-07-06T19:41:52.175482,2026-07-06T19:41:52.179253+00:00,153.7,11,bid,,,9889989
2026-07-06T19:41:54.686797,2026-07-06T19:41:54.693936+00:00,153.8,200,bid,,,9890019
2026-07-06T19:41:55.893179,2026-07-06T19:41:55.900804+00:00,153.8,200,bid,,,9890030
2026-07-06T19:41:56.672216,2026-07-06T19:41:56.684077+00:00,154.0,20,bid,,,9890044
2026-07-06T19:41:57.059554,2026-07-06T19:41:57.069385+00:00,153.8,20,ask,,,9890049
2026-07-06T19:42:00.048336,2026-07-06T19:42:00.058557+00:00,154.0,8,bid,,,9890087
2026-07-06T19:42:00.614772,2026-07-06T19:42:00.618788+00:00,153.9,12,bid,,,9890098
2026-07-06T19:42:01.801549,2026-07-06T19:42:01.826051+00:00,153.8,200,ask,,,9890111
2026-07-06T19:42:01.822024,2026-07-06T19:42:01.826051+00:00,153.8,11,bid,,,9890115
2026-07-06T19:42:02.590326,2026-07-06T19:42:02.601532+00:00,153.7,8,ask,,,9890127
2026-07-06T19:42:03.147319,2026-07-06T19:42:03.164285+00:00,153.8,200,bid,,,9890133
2026-07-06T19:42:03.371428,2026-07-06T19:42:03.376129+00:00,153.7,23,ask,,,9890140
2026-07-06T19:42:04.375075,2026-07-06T19:42:04.379317+00:00,153.8,11,ask,,,9890150
2026-07-06T19:42:05.571150,2026-07-06T19:42:05.580035+00:00,153.9,200,bid,,,9890162
2026-07-06T19:42:06.620293,2026-07-06T19:42:06.658989+00:00,154.0,8,bid,,,9890176
2026-07-06T19:42:09.202409,2026-07-06T19:42:09.209979+00:00,154.0,200,ask,,,9890203
2026-07-06T19:42:09.635042,2026-07-06T19:42:09.639326+00:00,154.2,11,bid,,,9890211
2026-07-06T19:42:11.634409,2026-07-06T19:42:11.663777+00:00,154.1,200,ask,,,9890238
2026-07-06T19:42:11.659387,2026-07-06T19:42:11.663777+00:00,154.1,12,bid,,,9890240
2026-07-06T19:42:13.905510,2026-07-06T19:42:13.916233+00:00,154.1,500,ask,,,9890262
2026-07-06T19:42:14.256381,2026-07-06T19:42:14.258588+00:00,154.2,200,ask,,,9890263
2026-07-06T19:42:15.237155,2026-07-06T19:42:15.248697+00:00,153.9,8,ask,,,9890278
2026-07-06T19:42:15.258552,2026-07-06T19:42:15.270065+00:00,154.1,200,bid,,,9890280
2026-07-06T19:42:17.681894,2026-07-06T19:42:17.693523+00:00,153.9,200,bid,,,9890307
2026-07-06T19:42:18.314798,2026-07-06T19:42:18.322188+00:00,153.9,20,bid,,,9890316
2026-07-06T19:42:18.910510,2026-07-06T19:42:18.914880+00:00,153.8,12,ask,,,9890328
2026-07-06T19:42:19.363587,2026-07-06T19:42:19.375101+00:00,153.9,20,bid,,,9890337
2026-07-06T19:42:20.517969,2026-07-06T19:42:20.529340+00:00,153.9,7,bid,,,9890353
2026-07-06T19:42:21.473254,2026-07-06T19:42:21.479600+00:00,153.9,20,bid,,,9890364
2026-07-06T19:42:23.537318,2026-07-06T19:42:23.563949+00:00,153.9,7,ask,,,9890402
2026-07-06T19:42:27.658007,2026-07-06T19:42:27.669238+00:00,154.0,20,bid,,,9890463
2026-07-06T19:42:28.282236,2026-07-06T19:42:28.294229+00:00,153.9,20,ask,,,9890472
2026-07-06T19:42:28.576021,2026-07-06T19:42:28.587057+00:00,154.0,200,bid,,,9890479
2026-07-06T19:42:28.647998,2026-07-06T19:42:28.664187+00:00,154.0,300,bid,,,9890480
2026-07-06T19:42:28.691499,2026-07-06T19:42:28.695235+00:00,154.0,45,ask,,,9890486
2026-07-06T19:42:29.038472,2026-07-06T19:42:29.058700+00:00,154.0,280,ask,,,9890490
2026-07-06T19:42:29.784155,2026-07-06T19:42:29.793642+00:00,154.1,200,bid,,,9890505
