timestamp,recv_time,price,volume,aggressor_side,buyer,seller,trade_id
2026-07-08T03:00:00.076881,2026-07-08T03:00:00.076182+00:00,122.5,5,ask,,,11613445
2026-07-08T03:00:00.305557,2026-07-08T03:00:00.237800+00:00,122.6,200,bid,,,11613449
2026-07-08T03:00:00.655679,2026-07-08T03:00:00.640827+00:00,122.6,300,bid,,,11613462
2026-07-08T03:00:00.847078,2026-07-08T03:00:00.858687+00:00,122.6,325,ask,,,11613464
2026-07-08T03:00:00.847078,2026-07-08T03:00:00.858687+00:00,122.5,5,ask,,,11613465
2026-07-08T03:00:01.535618,2026-07-08T03:00:01.539120+00:00,122.4,200,bid,,,11613474
2026-07-08T03:00:02.745409,2026-07-08T03:00:02.756702+00:00,122.3,200,bid,,,11613486
2026-07-08T03:00:03.290588,2026-07-08T03:00:03.298987+00:00,122.3,5,ask,,,11613497
2026-07-08T03:00:03.425295,2026-07-08T03:00:03.434127+00:00,122.3,20,ask,,,11613502
2026-07-08T03:00:03.817828,2026-07-08T03:00:03.827848+00:00,122.3,10,ask,,,11613505
2026-07-08T03:00:03.953004,2026-07-08T03:00:03.962325+00:00,122.4,200,bid,,,11613510
2026-07-08T03:00:04.053523,2026-07-08T03:00:04.058417+00:00,122.3,3,ask,,,11613512
2026-07-08T03:00:04.472291,2026-07-08T03:00:04.480397+00:00,122.3,500,ask,,,11613515
2026-07-08T03:00:05.163130,2026-07-08T03:00:05.172274+00:00,122.2,200,bid,,,11613528
2026-07-08T03:00:05.926662,2026-07-08T03:00:05.930844+00:00,122.3,5,ask,,,11613542
2026-07-08T03:00:06.309821,2026-07-08T03:00:06.317045+00:00,122.3,500,ask,,,11613546
2026-07-08T03:00:06.373369,2026-07-08T03:00:06.380855+00:00,122.3,120,ask,,,11613549
2026-07-08T03:00:12.645118,2026-07-08T03:00:12.653940+00:00,122.2,5,bid,,,11613629
2026-07-08T03:00:13.624896,2026-07-08T03:00:13.636365+00:00,122.2,200,bid,,,11613650
2026-07-08T03:00:13.706611,2026-07-08T03:00:13.713801+00:00,122.0,5,ask,,,11613651
2026-07-08T03:00:14.239295,2026-07-08T03:00:14.251140+00:00,122.1,5,ask,,,11613661
2026-07-08T03:00:17.080833,2026-07-08T03:00:17.092806+00:00,122.3,20,bid,,,11613694
2026-07-08T03:00:17.180437,2026-07-08T03:00:17.189639+00:00,122.2,200,ask,,,11613695
2026-07-08T03:00:17.180437,2026-07-08T03:00:17.189639+00:00,122.2,5,ask,,,11613696
2026-07-08T03:00:17.205590,2026-07-08T03:00:17.209729+00:00,122.2,5,bid,,,11613699
2026-07-08T03:00:17.397423,2026-07-08T03:00:17.404796+00:00,122.1,5,ask,,,11613702
2026-07-08T03:00:17.403517,2026-07-08T03:00:17.415313+00:00,122.2,5,bid,,,11613703
2026-07-08T03:00:17.689994,2026-07-08T03:00:17.697002+00:00,122.2,285,bid,,,11613707
2026-07-08T03:00:17.772256,2026-07-08T03:00:17.779581+00:00,122.2,340,ask,,,11613708
2026-07-08T03:00:17.925979,2026-07-08T03:00:17.935095+00:00,122.1,5,ask,,,11613717
2026-07-08T03:00:18.413110,2026-07-08T03:00:18.421197+00:00,122.1,195,ask,,,11613720
2026-07-08T03:00:18.413110,2026-07-08T03:00:18.421197+00:00,122.1,5,ask,,,11613721
2026-07-08T03:00:18.437651,2026-07-08T03:00:18.442306+00:00,122.1,3,bid,,,11613723
2026-07-08T03:00:18.458271,2026-07-08T03:00:18.468754+00:00,122.1,200,bid,,,11613726
2026-07-08T03:00:19.509507,2026-07-08T03:00:19.521623+00:00,122.0,5,bid,,,11613750
2026-07-08T03:00:19.668038,2026-07-08T03:00:19.675744+00:00,122.0,200,bid,,,11613752
2026-07-08T03:00:21.673429,2026-07-08T03:00:21.683545+00:00,121.9,200,ask,,,11613775
2026-07-08T03:00:22.061658,2026-07-08T03:00:22.073487+00:00,121.8,5,ask,,,11613777
2026-07-08T03:00:22.168365,2026-07-08T03:00:22.179542+00:00,121.8,5,ask,,,11613780
2026-07-08T03:00:24.293862,2026-07-08T03:00:24.303692+00:00,121.8,200,ask,,,11613809
2026-07-08T03:00:24.293862,2026-07-08T03:00:24.303692+00:00,121.8,5,ask,,,11613810
2026-07-08T03:00:24.308906,2026-07-08T03:00:24.319612+00:00,121.5,5,ask,,,11613811
2026-07-08T03:00:24.501242,2026-07-08T03:00:24.511104+00:00,121.7,200,bid,,,11613813
2026-07-08T03:00:24.837814,2026-07-08T03:00:24.845176+00:00,121.7,5,bid,,,11613817
2026-07-08T03:00:26.944730,2026-07-08T03:00:26.958621+00:00,122.0,200,ask,,,11613844
2026-07-08T03:00:26.956970,2026-07-08T03:00:26.969095+00:00,121.9,5,bid,,,11613845
2026-07-08T03:00:28.685784,2026-07-08T03:00:28.693070+00:00,121.9,500,ask,,,11613863
2026-07-08T03:00:29.083775,2026-07-08T03:00:29.092818+00:00,122.0,5,bid,,,11613868
2026-07-08T03:00:29.278463,2026-07-08T03:00:29.290128+00:00,121.9,125,ask,,,11613873
2026-07-08T03:00:29.278463,2026-07-08T03:00:29.290128+00:00,121.9,5,ask,,,11613874
2026-07-08T03:00:29.278463,2026-07-08T03:00:29.290128+00:00,121.8,200,ask,,,11613875
2026-07-08T03:00:29.568791,2026-07-08T03:00:29.580473+00:00,121.7,200,ask,,,11613880
2026-07-08T03:00:30.577528,2026-07-08T03:00:30.586715+00:00,121.7,200,bid,,,11613898
2026-07-08T03:00:30.676499,2026-07-08T03:00:30.685281+00:00,121.7,5,bid,,,11613903
2026-07-08T03:00:31.207545,2026-07-08T03:00:31.214394+00:00,121.9,5,bid,,,11613910
2026-07-08T03:00:31.354940,2026-07-08T03:00:31.366685+00:00,121.8,5,ask,,,11613912
2026-07-08T03:00:31.748146,2026-07-08T03:00:31.759830+00:00,121.7,5,ask,,,11613920
2026-07-08T03:00:31.753367,2026-07-08T03:00:31.759830+00:00,121.8,5,bid,,,11613921
2026-07-08T03:00:32.280282,2026-07-08T03:00:32.292075+00:00,121.7,5,ask,,,11613925
2026-07-08T03:00:32.285094,2026-07-08T03:00:32.292075+00:00,121.8,5,bid,,,11613926
2026-07-08T03:00:32.808481,2026-07-08T03:00:32.816926+00:00,121.8,5,bid,,,11613935
2026-07-08T03:00:32.927897,2026-07-08T03:00:32.937862+00:00,121.7,195,ask,,,11613936
2026-07-08T03:00:33.505046,2026-07-08T03:00:33.515546+00:00,121.7,305,bid,,,11613949
2026-07-08T03:00:33.505046,2026-07-08T03:00:33.515546+00:00,121.7,200,bid,,,11613950
2026-07-08T03:00:34.226485,2026-07-08T03:00:34.234421+00:00,121.7,120,ask,,,11613968
2026-07-08T03:00:34.379366,2026-07-08T03:00:34.388609+00:00,121.5,5,ask,,,11613972
2026-07-08T03:00:34.384889,2026-07-08T03:00:34.393853+00:00,121.7,5,bid,,,11613973
2026-07-08T03:00:34.859023,2026-07-08T03:00:34.865547+00:00,121.5,195,ask,,,11613988
2026-07-08T03:00:34.917549,2026-07-08T03:00:34.924387+00:00,121.5,5,bid,,,11613993
2026-07-08T03:00:35.989798,2026-07-08T03:00:36.000562+00:00,121.4,5,ask,,,11614012
2026-07-08T03:00:36.653662,2026-07-08T03:00:36.658549+00:00,121.4,200,ask,,,11614023
2026-07-08T03:00:38.787367,2026-07-08T03:00:38.794610+00:00,121.5,200,bid,,,11614041
2026-07-08T03:00:38.787367,2026-07-08T03:00:38.800089+00:00,121.5,5,bid,,,11614042
2026-07-08T03:00:39.166377,2026-07-08T03:00:39.174513+00:00,121.6,5,bid,,,11614046
2026-07-08T03:00:39.694884,2026-07-08T03:00:39.705104+00:00,121.6,5,bid,,,11614052
2026-07-08T03:00:40.226659,2026-07-08T03:00:40.238345+00:00,121.6,5,bid,,,11614057
2026-07-08T03:00:41.840598,2026-07-08T03:00:41.850102+00:00,121.6,5,bid,,,11614078
2026-07-08T03:00:42.036391,2026-07-08T03:00:42.041730+00:00,121.6,26,bid,,,11614085
2026-07-08T03:00:42.183262,2026-07-08T03:00:42.198635+00:00,121.6,20,bid,,,11614093
2026-07-08T03:00:42.396937,2026-07-08T03:00:42.408281+00:00,121.6,18,bid,,,11614103
2026-07-08T03:00:42.402869,2026-07-08T03:00:42.413617+00:00,121.6,5,bid,,,11614104
2026-07-08T03:00:42.706548,2026-07-08T03:00:42.717836+00:00,121.6,200,bid,,,11614110
2026-07-08T03:00:42.936967,2026-07-08T03:00:42.946009+00:00,121.7,5,bid,,,11614114
2026-07-08T03:00:43.469055,2026-07-08T03:00:43.475885+00:00,121.7,100,bid,,,11614117
2026-07-08T03:00:43.652157,2026-07-08T03:00:43.664199+00:00,121.5,20,ask,,,11614119
2026-07-08T03:00:45.342422,2026-07-08T03:00:45.367813+00:00,121.6,200,bid,,,11614149
2026-07-08T03:00:45.362867,2026-07-08T03:00:45.367813+00:00,121.7,12,ask,,,11614152
2026-07-08T03:00:45.525380,2026-07-08T03:00:45.532154+00:00,121.7,5,ask,,,11614155
2026-07-08T03:00:45.534771,2026-07-08T03:00:45.542738+00:00,121.7,5,ask,,,11614156
2026-07-08T03:00:46.060966,2026-07-08T03:00:46.072876+00:00,121.7,5,ask,,,11614167
2026-07-08T03:00:46.343631,2026-07-08T03:00:46.352891+00:00,121.7,200,ask,,,11614171
2026-07-08T03:00:46.585624,2026-07-08T03:00:46.596717+00:00,121.9,5,bid,,,11614172
2026-07-08T03:00:47.548882,2026-07-08T03:00:47.555929+00:00,121.7,200,bid,,,11614185
2026-07-08T03:00:47.964931,2026-07-08T03:00:47.982782+00:00,121.7,5,bid,,,11614187
2026-07-08T03:00:47.978963,2026-07-08T03:00:47.982782+00:00,121.8,11,ask,,,11614189
2026-07-08T03:00:48.119070,2026-07-08T03:00:48.125749+00:00,121.8,20,ask,,,11614194
2026-07-08T03:00:48.171828,2026-07-08T03:00:48.178767+00:00,121.9,5,bid,,,11614196
2026-07-08T03:00:48.180495,2026-07-08T03:00:48.189210+00:00,121.8,5,ask,,,11614197
2026-07-08T03:00:48.708757,2026-07-08T03:00:48.716324+00:00,121.9,5,bid,,,11614208
2026-07-08T03:00:48.764741,2026-07-08T03:00:48.771595+00:00,121.8,200,ask,,,11614209
2026-07-08T03:00:51.355525,2026-07-08T03:00:51.364049+00:00,121.5,5,ask,,,11614248
2026-07-08T03:00:51.530474,2026-07-08T03:00:51.534712+00:00,121.5,3,ask,,,11614255
2026-07-08T03:00:51.905160,2026-07-08T03:00:51.915172+00:00,121.5,40,ask,,,11614263
2026-07-08T03:00:51.915077,2026-07-08T03:00:51.925657+00:00,121.5,5,ask,,,11614265
2026-07-08T03:00:52.457826,2026-07-08T03:00:52.469605+00:00,121.5,40,ask,,,11614271
2026-07-08T03:00:52.467653,2026-07-08T03:00:52.474879+00:00,121.5,5,ask,,,11614273
2026-07-08T03:00:52.998406,2026-07-08T03:00:53.006225+00:00,121.5,5,ask,,,11614287
2026-07-08T03:00:53.525541,2026-07-08T03:00:53.534838+00:00,121.6,5,bid,,,11614295
2026-07-08T03:00:54.054260,2026-07-08T03:00:54.057516+00:00,121.4,5,ask,,,11614302
2026-07-08T03:00:54.266022,2026-07-08T03:00:54.277671+00:00,121.6,20,bid,,,11614308
2026-07-08T03:00:54.557796,2026-07-08T03:00:54.569713+00:00,121.5,5,ask,,,11614311
2026-07-08T03:00:55.114487,2026-07-08T03:00:55.125245+00:00,121.5,5,bid,,,11614323
2026-07-08T03:00:55.871666,2026-07-08T03:00:55.881466+00:00,121.4,5,ask,,,11614332
2026-07-08T03:00:56.029552,2026-07-08T03:00:56.036570+00:00,121.4,200,bid,,,11614336
2026-07-08T03:00:56.089927,2026-07-08T03:00:56.096611+00:00,121.4,20,bid,,,11614337
2026-07-08T03:00:57.252871,2026-07-08T03:00:57.258678+00:00,121.4,200,ask,,,11614359
2026-07-08T03:00:57.893461,2026-07-08T03:00:57.897946+00:00,121.5,3,bid,,,11614370
2026-07-08T03:00:58.314785,2026-07-08T03:00:58.323611+00:00,121.6,8,bid,,,11614373
2026-07-08T03:00:58.320347,2026-07-08T03:00:58.328988+00:00,121.6,5,bid,,,11614374
2026-07-08T03:00:58.323949,2026-07-08T03:00:58.333912+00:00,121.6,20,bid,,,11614375
2026-07-08T03:00:58.464097,2026-07-08T03:00:58.475052+00:00,121.4,200,ask,,,11614382
2026-07-08T03:00:58.725950,2026-07-08T03:00:58.738000+00:00,121.5,10,bid,,,11614390
2026-07-08T03:00:58.887568,2026-07-08T03:00:58.894212+00:00,121.5,42,bid,,,11614392
2026-07-08T03:00:59.116442,2026-07-08T03:00:59.128163+00:00,121.4,5,ask,,,11614398
2026-07-08T03:01:00.992842,2026-07-08T03:01:01.004811+00:00,121.5,5,bid,,,11614434
2026-07-08T03:01:01.438689,2026-07-08T03:01:01.448431+00:00,121.3,5,ask,,,11614443
2026-07-08T03:01:03.383946,2026-07-08T03:01:03.392150+00:00,121.3,5,ask,,,11614474
2026-07-08T03:01:03.748689,2026-07-08T03:01:03.758634+00:00,121.4,200,bid,,,11614483
2026-07-08T03:01:03.748689,2026-07-08T03:01:03.758634+00:00,121.4,5,bid,,,11614484
2026-07-08T03:01:04.582784,2026-07-08T03:01:04.591419+00:00,121.5,5,bid,,,11614499
2026-07-08T03:01:05.110439,2026-07-08T03:01:05.121089+00:00,121.4,5,ask,,,11614511
2026-07-08T03:01:05.726158,2026-07-08T03:01:05.734119+00:00,121.4,200,ask,,,11614515
2026-07-08T03:01:05.998209,2026-07-08T03:01:06.010868+00:00,121.6,20,bid,,,11614522
2026-07-08T03:01:06.380873,2026-07-08T03:01:06.388862+00:00,121.4,5,ask,,,11614529
2026-07-08T03:01:07.753552,2026-07-08T03:01:07.754400+00:00,121.2,5,ask,,,11614550
2026-07-08T03:01:09.102900,2026-07-08T03:01:09.113111+00:00,121.3,5,bid,,,11614565
2026-07-08T03:01:09.102900,2026-07-08T03:01:09.118332+00:00,121.3,15,bid,,,11614566
2026-07-08T03:01:09.342612,2026-07-08T03:01:09.349345+00:00,121.3,5,bid,,,11614571
2026-07-08T03:01:09.889231,2026-07-08T03:01:09.901059+00:00,121.1,5,ask,,,11614577
2026-07-08T03:01:10.571059,2026-07-08T03:01:10.578974+00:00,121.2,200,bid,,,11614590
2026-07-08T03:01:11.473757,2026-07-08T03:01:11.481133+00:00,121.2,5,bid,,,11614601
2026-07-08T03:01:11.637991,2026-07-08T03:01:11.647361+00:00,121.2,5,bid,,,11614602
2026-07-08T03:01:11.686449,2026-07-08T03:01:11.690501+00:00,121.2,3,ask,,,11614604
2026-07-08T03:01:14.268519,2026-07-08T03:01:14.276912+00:00,121.2,5,bid,,,11614634
2026-07-08T03:01:15.717844,2026-07-08T03:01:15.729669+00:00,121.2,5,ask,,,11614663
2026-07-08T03:01:17.832093,2026-07-08T03:01:17.838785+00:00,121.2,5,ask,,,11614689
2026-07-08T03:01:17.852204,2026-07-08T03:01:17.858619+00:00,121.3,200,bid,,,11614690
2026-07-08T03:01:18.211131,2026-07-08T03:01:18.222452+00:00,121.3,300,bid,,,11614695
2026-07-08T03:01:18.211131,2026-07-08T03:01:18.222452+00:00,121.3,5,bid,,,11614696
2026-07-08T03:01:18.906792,2026-07-08T03:01:18.917199+00:00,121.3,5,ask,,,11614710
2026-07-08T03:01:19.164304,2026-07-08T03:01:19.176489+00:00,121.4,20,bid,,,11614713
2026-07-08T03:01:19.436726,2026-07-08T03:01:19.446933+00:00,121.3,5,ask,,,11614718
2026-07-08T03:01:19.526649,2026-07-08T03:01:19.533725+00:00,121.3,200,ask,,,11614720
2026-07-08T03:01:20.462373,2026-07-08T03:01:20.471695+00:00,121.3,10,bid,,,11614732
2026-07-08T03:01:21.358788,2026-07-08T03:01:21.370680+00:00,121.2,200,ask,,,11614746
2026-07-08T03:01:21.358788,2026-07-08T03:01:21.370680+00:00,121.2,300,ask,,,11614747
2026-07-08T03:01:22.057282,2026-07-08T03:01:22.069057+00:00,121.2,5,ask,,,11614764
2026-07-08T03:01:22.164664,2026-07-08T03:01:22.176325+00:00,121.2,5,ask,,,11614766
2026-07-08T03:01:22.670172,2026-07-08T03:01:22.677854+00:00,121.1,5,ask,,,11614770
2026-07-08T03:01:24.344483,2026-07-08T03:01:24.353335+00:00,121.2,5,bid,,,11614793
2026-07-08T03:01:26.091171,2026-07-08T03:01:26.102271+00:00,121.1,200,ask,,,11614811
2026-07-08T03:01:26.328679,2026-07-08T03:01:26.335830+00:00,121.0,5,ask,,,11614816
2026-07-08T03:01:26.508431,2026-07-08T03:01:26.518613+00:00,120.9,10,ask,,,11614820
2026-07-08T03:01:27.040681,2026-07-08T03:01:27.050507+00:00,121.0,5,bid,,,11614827
2026-07-08T03:01:27.433732,2026-07-08T03:01:27.440659+00:00,121.0,190,bid,,,11614830
2026-07-08T03:01:27.537402,2026-07-08T03:01:27.544952+00:00,121.0,200,ask,,,11614832
2026-07-08T03:01:27.548248,2026-07-08T03:01:27.555394+00:00,121.2,5,bid,,,11614833
2026-07-08T03:01:27.548248,2026-07-08T03:01:27.560374+00:00,121.2,15,bid,,,11614834
2026-07-08T03:01:28.750844,2026-07-08T03:01:28.770147+00:00,121.0,5,ask,,,11614851
2026-07-08T03:01:28.766009,2026-07-08T03:01:28.770147+00:00,120.9,3,bid,,,11614853
2026-07-08T03:01:29.960084,2026-07-08T03:01:29.969722+00:00,120.9,200,bid,,,11614877
2026-07-08T03:01:30.247257,2026-07-08T03:01:30.258603+00:00,120.8,5,ask,,,11614879
2026-07-08T03:01:30.665092,2026-07-08T03:01:30.669013+00:00,120.8,3,ask,,,11614884
2026-07-08T03:01:30.779047,2026-07-08T03:01:30.784930+00:00,120.8,5,ask,,,11614885
2026-07-08T03:01:31.169241,2026-07-08T03:01:31.178405+00:00,120.9,5,bid,,,11614895
2026-07-08T03:01:31.308661,2026-07-08T03:01:31.320212+00:00,120.9,40,ask,,,11614898
2026-07-08T03:01:31.327168,2026-07-08T03:01:31.335761+00:00,120.9,5,ask,,,11614901
2026-07-08T03:01:31.373672,2026-07-08T03:01:31.381888+00:00,120.9,150,ask,,,11614902
2026-07-08T03:01:32.682532,2026-07-08T03:01:32.690153+00:00,120.8,5,bid,,,11614920
2026-07-08T03:01:39.242493,2026-07-08T03:01:39.258627+00:00,121.0,200,bid,,,11615018
2026-07-08T03:01:39.242493,2026-07-08T03:01:39.258627+00:00,121.0,5,bid,,,11615019
2026-07-08T03:01:39.242493,2026-07-08T03:01:39.258627+00:00,121.0,420,bid,,,11615020
2026-07-08T03:01:39.320691,2026-07-08T03:01:39.328219+00:00,121.0,5,bid,,,11615021
2026-07-08T03:01:40.904743,2026-07-08T03:01:40.912980+00:00,120.9,5,bid,,,11615052
2026-07-08T03:01:43.018063,2026-07-08T03:01:43.025001+00:00,120.9,5,bid,,,11615087
2026-07-08T03:01:43.286394,2026-07-08T03:01:43.296814+00:00,120.9,200,ask,,,11615091
2026-07-08T03:01:43.555585,2026-07-08T03:01:43.558559+00:00,121.0,5,bid,,,11615093
2026-07-08T03:01:43.562079,2026-07-08T03:01:43.569085+00:00,121.0,5,bid,,,11615094
2026-07-08T03:01:44.105117,2026-07-08T03:01:44.115544+00:00,121.0,5,bid,,,11615102
2026-07-08T03:01:44.975436,2026-07-08T03:01:44.985784+00:00,120.9,5,ask,,,11615111
2026-07-08T03:01:44.996778,2026-07-08T03:01:45.000826+00:00,120.9,3,bid,,,11615115
2026-07-08T03:01:45.179559,2026-07-08T03:01:45.191120+00:00,120.9,36,bid,,,11615121
2026-07-08T03:01:45.187215,2026-07-08T03:01:45.196329+00:00,120.9,5,bid,,,11615122
2026-07-08T03:01:45.280300,2026-07-08T03:01:45.284675+00:00,120.9,11,bid,,,11615126
2026-07-08T03:01:45.717684,2026-07-08T03:01:45.725221+00:00,120.9,69,bid,,,11615133
2026-07-08T03:01:46.050316,2026-07-08T03:01:46.058621+00:00,120.9,20,bid,,,11615135
2026-07-08T03:01:46.792919,2026-07-08T03:01:46.800271+00:00,120.8,5,ask,,,11615145
2026-07-08T03:01:48.168792,2026-07-08T03:01:48.175796+00:00,120.8,5,bid,,,11615166
2026-07-08T03:01:48.168792,2026-07-08T03:01:48.181003+00:00,120.9,195,bid,,,11615167
2026-07-08T03:01:48.360353,2026-07-08T03:01:48.368669+00:00,120.9,5,bid,,,11615172
2026-07-08T03:01:49.385461,2026-07-08T03:01:49.406370+00:00,120.8,5,bid,,,11615185
2026-07-08T03:01:49.401898,2026-07-08T03:01:49.406370+00:00,120.8,11,ask,,,11615187
2026-07-08T03:01:49.422564,2026-07-08T03:01:49.432545+00:00,120.9,5,bid,,,11615188
2026-07-08T03:01:49.762961,2026-07-08T03:01:49.770400+00:00,120.9,5,bid,,,11615196
2026-07-08T03:01:49.782599,2026-07-08T03:01:49.787229+00:00,120.9,3,ask,,,11615198
2026-07-08T03:01:49.833500,2026-07-08T03:01:49.854933+00:00,120.9,500,ask,,,11615202
2026-07-08T03:01:50.422950,2026-07-08T03:01:50.432646+00:00,120.9,117,ask,,,11615217
2026-07-08T03:01:51.701083,2026-07-08T03:01:51.710129+00:00,120.7,20,ask,,,11615232
2026-07-08T03:01:51.805203,2026-07-08T03:01:51.812167+00:00,120.8,200,bid,,,11615235
2026-07-08T03:01:52.334497,2026-07-08T03:01:52.346168+00:00,120.8,10,bid,,,11615247
2026-07-08T03:01:53.685178,2026-07-08T03:01:53.695224+00:00,120.7,5,ask,,,11615267
2026-07-08T03:01:54.227008,2026-07-08T03:01:54.235598+00:00,120.7,5,ask,,,11615275
2026-07-08T03:01:54.236315,2026-07-08T03:01:54.246008+00:00,120.8,5,ask,,,11615276
2026-07-08T03:01:54.771552,2026-07-08T03:01:54.781641+00:00,120.9,5,bid,,,11615292
2026-07-08T03:01:54.868439,2026-07-08T03:01:54.879140+00:00,120.8,5,ask,,,11615293
2026-07-08T03:01:55.389966,2026-07-08T03:01:55.399056+00:00,120.9,5,bid,,,11615296
2026-07-08T03:01:55.398482,2026-07-08T03:01:55.409442+00:00,120.8,5,ask,,,11615297
2026-07-08T03:01:55.446971,2026-07-08T03:01:55.448770+00:00,120.9,200,bid,,,11615298
2026-07-08T03:01:55.934846,2026-07-08T03:01:55.938968+00:00,120.9,3,bid,,,11615311
2026-07-08T03:01:56.439731,2026-07-08T03:01:56.451151+00:00,120.9,20,bid,,,11615317
2026-07-08T03:01:56.445539,2026-07-08T03:01:56.456415+00:00,120.9,5,bid,,,11615318
2026-07-08T03:01:57.479410,2026-07-08T03:01:57.490540+00:00,120.8,5,ask,,,11615343
2026-07-08T03:01:57.642023,2026-07-08T03:01:57.649039+00:00,120.8,195,ask,,,11615346
2026-07-08T03:01:57.698102,2026-07-08T03:01:57.702234+00:00,120.8,5,bid,,,11615350
2026-07-08T03:01:57.862357,2026-07-08T03:01:57.871428+00:00,120.8,200,bid,,,11615352
2026-07-08T03:01:58.949752,2026-07-08T03:01:58.957474+00:00,120.7,500,bid,,,11615366
2026-07-08T03:01:58.949752,2026-07-08T03:01:58.962758+00:00,120.8,5,bid,,,11615367
2026-07-08T03:01:59.082640,2026-07-08T03:01:59.092114+00:00,121.0,5,bid,,,11615369
2026-07-08T03:01:59.489018,2026-07-08T03:01:59.518129+00:00,120.9,120,ask,,,11615375
2026-07-08T03:01:59.489018,2026-07-08T03:01:59.518129+00:00,120.7,200,ask,,,11615376
2026-07-08T03:01:59.489018,2026-07-08T03:01:59.518129+00:00,120.7,5,ask,,,11615377
2026-07-08T03:01:59.513958,2026-07-08T03:01:59.518129+00:00,120.7,5,bid,,,11615379
2026-07-08T03:01:59.524581,2026-07-08T03:01:59.528699+00:00,120.7,1,bid,,,11615381
2026-07-08T03:02:00.264006,2026-07-08T03:02:00.274805+00:00,120.7,5,bid,,,11615393
2026-07-08T03:02:00.647539,2026-07-08T03:02:00.654964+00:00,120.8,5,bid,,,11615400
2026-07-08T03:02:00.701837,2026-07-08T03:02:00.712955+00:00,120.7,500,ask,,,11615401
2026-07-08T03:02:01.167897,2026-07-08T03:02:01.175917+00:00,120.7,5,ask,,,11615411
2026-07-08T03:02:01.328780,2026-07-08T03:02:01.340011+00:00,120.7,115,ask,,,11615414
2026-07-08T03:02:01.575045,2026-07-08T03:02:01.582760+00:00,120.5,200,ask,,,11615420
2026-07-08T03:02:01.594957,2026-07-08T03:02:01.599517+00:00,120.5,5,bid,,,11615422
2026-07-08T03:02:02.701824,2026-07-08T03:02:02.711177+00:00,120.5,200,bid,,,11615446
2026-07-08T03:02:02.764687,2026-07-08T03:02:02.775084+00:00,120.3,5,ask,,,11615447
2026-07-08T03:02:02.883637,2026-07-08T03:02:02.891739+00:00,120.4,5,bid,,,11615450
2026-07-08T03:02:03.301058,2026-07-08T03:02:03.310038+00:00,120.6,10,bid,,,11615460
2026-07-08T03:02:03.911038,2026-07-08T03:02:03.919953+00:00,120.5,5,bid,,,11615468
2026-07-08T03:02:04.316089,2026-07-08T03:02:04.324508+00:00,120.6,20,bid,,,11615472
2026-07-08T03:02:04.319955,2026-07-08T03:02:04.324508+00:00,120.5,19,ask,,,11615473
2026-07-08T03:02:04.367741,2026-07-08T03:02:04.376951+00:00,120.5,40,ask,,,11615474
2026-07-08T03:02:04.905332,2026-07-08T03:02:04.914327+00:00,120.5,40,ask,,,11615483
2026-07-08T03:02:05.490762,2026-07-08T03:02:05.499610+00:00,120.4,5,ask,,,11615493
2026-07-08T03:02:06.024707,2026-07-08T03:02:06.031432+00:00,120.5,5,bid,,,11615507
2026-07-08T03:02:06.335924,2026-07-08T03:02:06.347243+00:00,120.5,200,bid,,,11615519
2026-07-08T03:02:06.556046,2026-07-08T03:02:06.565061+00:00,120.3,5,ask,,,11615524
2026-07-08T03:02:07.549241,2026-07-08T03:02:07.558641+00:00,120.5,200,bid,,,11615535
2026-07-08T03:02:09.968571,2026-07-08T03:02:09.979105+00:00,120.5,200,ask,,,11615564
2026-07-08T03:02:10.303119,2026-07-08T03:02:10.313561+00:00,120.5,5,ask,,,11615574
2026-07-08T03:02:10.753734,2026-07-08T03:02:10.764868+00:00,120.4,5,ask,,,11615582
2026-07-08T03:02:10.839200,2026-07-08T03:02:10.849456+00:00,120.3,5,ask,,,11615583
2026-07-08T03:02:11.370354,2026-07-08T03:02:11.377392+00:00,120.4,5,bid,,,11615588
2026-07-08T03:02:11.898168,2026-07-08T03:02:11.909199+00:00,120.3,5,ask,,,11615602
2026-07-08T03:02:12.386442,2026-07-08T03:02:12.397099+00:00,120.3,200,ask,,,11615605
2026-07-08T03:02:12.953480,2026-07-08T03:02:12.958534+00:00,120.5,5,bid,,,11615612
2026-07-08T03:02:12.986458,2026-07-08T03:02:12.998261+00:00,120.5,20,bid,,,11615615
2026-07-08T03:02:13.371459,2026-07-08T03:02:13.379590+00:00,120.3,5,ask,,,11615621
2026-07-08T03:02:13.388118,2026-07-08T03:02:13.392155+00:00,120.2,3,bid,,,11615624
2026-07-08T03:02:13.483304,2026-07-08T03:02:13.491063+00:00,120.1,8,ask,,,11615626
2026-07-08T03:02:13.594192,2026-07-08T03:02:13.602927+00:00,120.2,200,bid,,,11615630
2026-07-08T03:02:14.648613,2026-07-08T03:02:14.658565+00:00,120.2,417,bid,,,11615641
2026-07-08T03:02:14.678522,2026-07-08T03:02:14.685434+00:00,120.3,5,bid,,,11615643
2026-07-08T03:02:14.696831,2026-07-08T03:02:14.700935+00:00,120.5,3,ask,,,11615645
2026-07-08T03:02:14.806121,2026-07-08T03:02:14.813025+00:00,120.5,200,ask,,,11615646
2026-07-08T03:02:15.068150,2026-07-08T03:02:15.076228+00:00,120.7,8,bid,,,11615650
2026-07-08T03:02:16.137122,2026-07-08T03:02:16.146153+00:00,120.5,5,ask,,,11615673
2026-07-08T03:02:16.659142,2026-07-08T03:02:16.670841+00:00,120.6,5,bid,,,11615679
2026-07-08T03:02:16.965675,2026-07-08T03:02:16.970873+00:00,120.6,14,bid,,,11615689
2026-07-08T03:02:17.195218,2026-07-08T03:02:17.203284+00:00,120.6,85,bid,,,11615691
2026-07-08T03:02:17.202150,2026-07-08T03:02:17.213768+00:00,120.6,5,bid,,,11615692
2026-07-08T03:02:18.237952,2026-07-08T03:02:18.245705+00:00,120.4,5,ask,,,11615712
2026-07-08T03:02:18.802019,2026-07-08T03:02:18.810865+00:00,120.4,5,ask,,,11615719
2026-07-08T03:02:18.810480,2026-07-08T03:02:18.821730+00:00,120.4,5,ask,,,11615720
2026-07-08T03:02:19.332487,2026-07-08T03:02:19.339187+00:00,120.4,5,ask,,,11615726
2026-07-08T03:02:19.853632,2026-07-08T03:02:19.860335+00:00,120.5,5,bid,,,11615735
2026-07-08T03:02:19.862232,2026-07-08T03:02:19.870799+00:00,120.4,5,ask,,,11615736
2026-07-08T03:02:20.384853,2026-07-08T03:02:20.391798+00:00,120.5,5,bid,,,11615739
2026-07-08T03:02:20.394742,2026-07-08T03:02:20.402288+00:00,120.4,5,ask,,,11615740
2026-07-08T03:02:20.917287,2026-07-08T03:02:20.925392+00:00,120.6,5,bid,,,11615748
2026-07-08T03:02:20.925497,2026-07-08T03:02:20.935918+00:00,120.4,5,ask,,,11615749
2026-07-08T03:02:21.259581,2026-07-08T03:02:21.263881+00:00,120.5,11,ask,,,11615756
2026-07-08T03:02:22.063163,2026-07-08T03:02:22.072811+00:00,120.5,200,ask,,,11615764
2026-07-08T03:02:22.528939,2026-07-08T03:02:22.538093+00:00,120.5,5,ask,,,11615774
2026-07-08T03:02:23.060635,2026-07-08T03:02:23.072097+00:00,120.5,5,ask,,,11615781
2026-07-08T03:02:23.069538,2026-07-08T03:02:23.077462+00:00,120.5,5,ask,,,11615782
2026-07-08T03:02:23.318501,2026-07-08T03:02:23.330329+00:00,120.5,10,ask,,,11615793
2026-07-08T03:02:23.769448,2026-07-08T03:02:23.777118+00:00,120.6,5,bid,,,11615804
2026-07-08T03:02:24.233335,2026-07-08T03:02:24.245177+00:00,120.6,5,bid,,,11615808
2026-07-08T03:02:24.510988,2026-07-08T03:02:24.515285+00:00,120.6,3,ask,,,11615815
2026-07-08T03:02:24.574358,2026-07-08T03:02:24.586024+00:00,120.6,20,ask,,,11615817
2026-07-08T03:02:25.180191,2026-07-08T03:02:25.188386+00:00,120.6,5,ask,,,11615830
2026-07-08T03:02:25.710113,2026-07-08T03:02:25.716677+00:00,120.6,5,ask,,,11615838
2026-07-08T03:02:26.261863,2026-07-08T03:02:26.269475+00:00,120.6,5,ask,,,11615848
2026-07-08T03:02:26.489566,2026-07-08T03:02:26.495890+00:00,120.6,200,ask,,,11615851
2026-07-08T03:02:26.792959,2026-07-08T03:02:26.800462+00:00,120.4,5,ask,,,11615852
2026-07-08T03:02:26.912277,2026-07-08T03:02:26.921018+00:00,120.5,5,bid,,,11615857
2026-07-08T03:02:27.507380,2026-07-08T03:02:27.514664+00:00,120.5,10,ask,,,11615873
2026-07-08T03:02:27.801504,2026-07-08T03:02:27.808502+00:00,120.6,5,bid,,,11615876
2026-07-08T03:02:27.890620,2026-07-08T03:02:27.899922+00:00,120.7,100,ask,,,11615878
2026-07-08T03:02:28.425782,2026-07-08T03:02:28.436937+00:00,120.7,25,ask,,,11615887
2026-07-08T03:02:29.115023,2026-07-08T03:02:29.136044+00:00,120.8,200,bid,,,11615900
2026-07-08T03:02:29.131528,2026-07-08T03:02:29.136044+00:00,120.8,3,ask,,,11615903
2026-07-08T03:02:29.304770,2026-07-08T03:02:29.316163+00:00,120.8,17,ask,,,11615909
2026-07-08T03:02:29.534227,2026-07-08T03:02:29.546046+00:00,120.8,10,ask,,,11615915
2026-07-08T03:02:29.622992,2026-07-08T03:02:29.627364+00:00,120.9,3,bid,,,11615921
2026-07-08T03:02:29.890989,2026-07-08T03:02:29.900842+00:00,121.0,4,bid,,,11615924
2026-07-08T03:02:29.990340,2026-07-08T03:02:30.000767+00:00,121.0,5,bid,,,11615927
2026-07-08T03:02:30.166972,2026-07-08T03:02:30.176723+00:00,121.0,5,bid,,,11615928
2026-07-08T03:02:30.432083,2026-07-08T03:02:30.441288+00:00,120.8,5,ask,,,11615936
2026-07-08T03:02:30.529215,2026-07-08T03:02:30.537048+00:00,120.7,10,ask,,,11615939
2026-07-08T03:02:30.944287,2026-07-08T03:02:30.952488+00:00,120.8,1,bid,,,11615948
2026-07-08T03:02:31.053714,2026-07-08T03:02:31.053619+00:00,120.8,5,bid,,,11615952
2026-07-08T03:02:31.747057,2026-07-08T03:02:31.758638+00:00,120.7,5,ask,,,11615964
2026-07-08T03:02:31.755034,2026-07-08T03:02:31.758638+00:00,120.7,200,bid,,,11615965
2026-07-08T03:02:32.141613,2026-07-08T03:02:32.147533+00:00,120.5,5,ask,,,11615969
2026-07-08T03:02:32.146700,2026-07-08T03:02:32.147533+00:00,120.7,5,bid,,,11615970
2026-07-08T03:02:32.670698,2026-07-08T03:02:32.681376+00:00,120.5,5,ask,,,11615978
2026-07-08T03:02:32.675748,2026-07-08T03:02:32.686673+00:00,120.7,5,bid,,,11615979
2026-07-08T03:02:32.963475,2026-07-08T03:02:32.972400+00:00,120.7,200,bid,,,11615984
2026-07-08T03:02:33.204619,2026-07-08T03:02:33.215236+00:00,120.7,5,ask,,,11615988
2026-07-08T03:02:33.216733,2026-07-08T03:02:33.225837+00:00,120.7,5,ask,,,11615990
2026-07-08T03:02:35.683541,2026-07-08T03:02:35.693593+00:00,120.8,200,bid,,,11616022
2026-07-08T03:02:35.699891,2026-07-08T03:02:35.704368+00:00,120.8,3,ask,,,11616024
2026-07-08T03:02:35.915057,2026-07-08T03:02:35.919311+00:00,121.0,3,bid,,,11616030
2026-07-08T03:02:36.272939,2026-07-08T03:02:36.281872+00:00,121.0,20,bid,,,11616036
2026-07-08T03:02:36.362098,2026-07-08T03:02:36.373942+00:00,121.0,5,bid,,,11616039
2026-07-08T03:02:36.367113,2026-07-08T03:02:36.373942+00:00,121.0,5,bid,,,11616040
2026-07-08T03:02:36.552618,2026-07-08T03:02:36.558620+00:00,121.0,7,bid,,,11616047
2026-07-08T03:02:37.655679,2026-07-08T03:02:37.676935+00:00,120.9,200,ask,,,11616064
2026-07-08T03:02:37.655679,2026-07-08T03:02:37.676935+00:00,120.9,5,ask,,,11616065
2026-07-08T03:02:37.673023,2026-07-08T03:02:37.676935+00:00,120.9,3,bid,,,11616067
2026-07-08T03:02:37.953816,2026-07-08T03:02:37.960561+00:00,120.8,5,ask,,,11616075
2026-07-08T03:02:37.983602,2026-07-08T03:02:37.988131+00:00,120.8,3,ask,,,11616077
2026-07-08T03:02:38.483431,2026-07-08T03:02:38.494359+00:00,120.9,3,bid,,,11616083
2026-07-08T03:02:40.606928,2026-07-08T03:02:40.614963+00:00,120.9,13,ask,,,11616104
2026-07-08T03:02:40.922579,2026-07-08T03:02:40.934079+00:00,120.9,187,ask,,,11616113
2026-07-08T03:02:41.240019,2026-07-08T03:02:41.249539+00:00,120.8,5,ask,,,11616116
2026-07-08T03:02:41.648288,2026-07-08T03:02:41.658624+00:00,120.7,5,ask,,,11616123
2026-07-08T03:02:42.170857,2026-07-08T03:02:42.178422+00:00,120.8,5,bid,,,11616132
2026-07-08T03:02:42.239776,2026-07-08T03:02:42.248487+00:00,120.8,195,bid,,,11616135
2026-07-08T03:02:42.239776,2026-07-08T03:02:42.248487+00:00,121.0,430,bid,,,11616136
2026-07-08T03:02:42.701809,2026-07-08T03:02:42.711587+00:00,121.0,5,bid,,,11616143
2026-07-08T03:02:43.551333,2026-07-08T03:02:43.558864+00:00,120.9,5,ask,,,11616163
2026-07-08T03:02:43.551333,2026-07-08T03:02:43.564013+00:00,120.8,200,ask,,,11616164
2026-07-08T03:02:44.287065,2026-07-08T03:02:44.365817+00:00,120.8,5,bid,,,11616174
2026-07-08T03:02:44.330222,2026-07-08T03:02:44.365817+00:00,120.8,10,bid,,,11616176
2026-07-08T03:02:44.715920,2026-07-08T03:02:44.727652+00:00,120.7,5,ask,,,11616181
2026-07-08T03:02:44.975576,2026-07-08T03:02:44.987304+00:00,120.9,5,ask,,,11616190
2026-07-08T03:02:45.173121,2026-07-08T03:02:45.181231+00:00,121.0,20,bid,,,11616194
2026-07-08T03:02:45.389032,2026-07-08T03:02:45.398163+00:00,121.0,5,bid,,,11616196
2026-07-08T03:02:45.919031,2026-07-08T03:02:45.926122+00:00,121.0,5,bid,,,11616209
2026-07-08T03:02:46.446146,2026-07-08T03:02:46.458534+00:00,120.8,5,ask,,,11616217
2026-07-08T03:02:47.488215,2026-07-08T03:02:47.497920+00:00,120.8,5,ask,,,11616227
2026-07-08T03:02:47.488215,2026-07-08T03:02:47.497920+00:00,120.7,195,ask,,,11616228
2026-07-08T03:02:47.507492,2026-07-08T03:02:47.518962+00:00,120.9,5,bid,,,11616230
2026-07-08T03:02:48.036922,2026-07-08T03:02:48.046285+00:00,120.9,5,bid,,,11616238
2026-07-08T03:02:48.791915,2026-07-08T03:02:48.798298+00:00,120.8,5,ask,,,11616254
2026-07-08T03:02:49.083925,2026-07-08T03:02:49.090759+00:00,120.6,5,ask,,,11616260
2026-07-08T03:02:49.090375,2026-07-08T03:02:49.101182+00:00,120.7,5,bid,,,11616261
2026-07-08T03:02:49.615663,2026-07-08T03:02:49.623108+00:00,120.6,5,ask,,,11616268
2026-07-08T03:02:49.620890,2026-07-08T03:02:49.628086+00:00,120.7,5,bid,,,11616269
2026-07-08T03:02:49.908696,2026-07-08T03:02:49.919608+00:00,120.7,200,bid,,,11616276
2026-07-08T03:02:50.152510,2026-07-08T03:02:50.164148+00:00,120.5,5,ask,,,11616279
2026-07-08T03:02:51.117955,2026-07-08T03:02:51.127616+00:00,120.7,200,bid,,,11616291
2026-07-08T03:02:52.327960,2026-07-08T03:02:52.339499+00:00,120.8,200,bid,,,11616305
2026-07-08T03:02:52.609096,2026-07-08T03:02:52.617667+00:00,120.8,20,bid,,,11616310
2026-07-08T03:02:55.000434,2026-07-08T03:02:55.008976+00:00,120.9,5,bid,,,11616330
2026-07-08T03:02:56.060301,2026-07-08T03:02:56.068921+00:00,120.9,5,bid,,,11616344
2026-07-08T03:02:56.427490,2026-07-08T03:02:56.435988+00:00,120.8,500,ask,,,11616353
2026-07-08T03:02:56.645484,2026-07-08T03:02:56.655819+00:00,120.8,200,ask,,,11616354
2026-07-08T03:02:56.645484,2026-07-08T03:02:56.655819+00:00,120.8,5,ask,,,11616355
2026-07-08T03:02:56.664665,2026-07-08T03:02:56.669121+00:00,120.6,5,bid,,,11616357
2026-07-08T03:02:57.117486,2026-07-08T03:02:57.126126+00:00,120.6,40,bid,,,11616364
2026-07-08T03:02:57.160394,2026-07-08T03:02:57.170151+00:00,120.6,200,bid,,,11616369
2026-07-08T03:02:57.253600,2026-07-08T03:02:57.257880+00:00,120.6,10,bid,,,11616372
2026-07-08T03:02:57.669860,2026-07-08T03:02:57.681313+00:00,120.6,40,bid,,,11616378
2026-07-08T03:02:57.931695,2026-07-08T03:02:57.942478+00:00,120.6,20,bid,,,11616383
2026-07-08T03:02:57.954417,2026-07-08T03:02:57.958557+00:00,120.8,500,bid,,,11616384
2026-07-08T03:02:57.954417,2026-07-08T03:02:57.958557+00:00,120.8,5,bid,,,11616385
2026-07-08T03:02:57.975041,2026-07-08T03:02:57.979234+00:00,120.8,5,ask,,,11616387
2026-07-08T03:02:58.444816,2026-07-08T03:02:58.458596+00:00,120.8,10,ask,,,11616397
2026-07-08T03:02:58.836137,2026-07-08T03:02:58.843647+00:00,120.8,105,ask,,,11616404
2026-07-08T03:02:59.296540,2026-07-08T03:02:59.304002+00:00,120.7,5,ask,,,11616414
2026-07-08T03:03:01.408942,2026-07-08T03:03:01.418706+00:00,120.5,40,ask,,,11616440
2026-07-08T03:03:01.418605,2026-07-08T03:03:01.428879+00:00,120.5,5,ask,,,11616442
2026-07-08T03:03:01.956650,2026-07-08T03:03:01.966803+00:00,120.5,40,ask,,,11616453
2026-07-08T03:03:01.967997,2026-07-08T03:03:01.976999+00:00,120.5,5,ask,,,11616455
2026-07-08T03:03:02.516829,2026-07-08T03:03:02.523648+00:00,120.5,40,ask,,,11616467
2026-07-08T03:03:03.259804,2026-07-08T03:03:03.269169+00:00,120.6,10,ask,,,11616479
2026-07-08T03:03:04.446671,2026-07-08T03:03:04.451719+00:00,120.7,3,ask,,,11616497
2026-07-08T03:03:04.586092,2026-07-08T03:03:04.596430+00:00,120.9,5,bid,,,11616500
2026-07-08T03:03:05.843703,2026-07-08T03:03:05.852397+00:00,120.9,200,bid,,,11616517
2026-07-08T03:03:07.777705,2026-07-08T03:03:07.784598+00:00,120.9,5,ask,,,11616544
2026-07-08T03:03:08.830841,2026-07-08T03:03:08.839640+00:00,121.0,2,bid,,,11616569
2026-07-08T03:03:08.838838,2026-07-08T03:03:08.849906+00:00,121.0,5,bid,,,11616570
2026-07-08T03:03:09.145126,2026-07-08T03:03:09.151137+00:00,120.9,200,ask,,,11616577
2026-07-08T03:03:09.368414,2026-07-08T03:03:09.384744+00:00,120.8,5,ask,,,11616584
2026-07-08T03:03:09.742804,2026-07-08T03:03:09.753541+00:00,120.8,500,ask,,,11616589
2026-07-08T03:03:09.787470,2026-07-08T03:03:09.797945+00:00,120.8,200,ask,,,11616592
2026-07-08T03:03:09.787470,2026-07-08T03:03:09.797945+00:00,120.8,5,ask,,,11616593
2026-07-08T03:03:09.895162,2026-07-08T03:03:09.904171+00:00,120.6,7,ask,,,11616595
2026-07-08T03:03:09.900092,2026-07-08T03:03:09.909406+00:00,120.8,5,bid,,,11616596
2026-07-08T03:03:10.108153,2026-07-08T03:03:10.120032+00:00,120.8,20,bid,,,11616598
2026-07-08T03:03:10.415490,2026-07-08T03:03:10.422503+00:00,120.6,5,ask,,,11616605
2026-07-08T03:03:10.421454,2026-07-08T03:03:10.433293+00:00,120.8,5,bid,,,11616606
2026-07-08T03:03:10.966940,2026-07-08T03:03:10.974154+00:00,120.7,5,ask,,,11616617
2026-07-08T03:03:11.100279,2026-07-08T03:03:11.110881+00:00,120.7,195,ask,,,11616619
2026-07-08T03:03:11.100279,2026-07-08T03:03:11.110881+00:00,120.7,5,ask,,,11616620
2026-07-08T03:03:11.485831,2026-07-08T03:03:11.493131+00:00,120.4,5,ask,,,11616624
2026-07-08T03:03:12.008751,2026-07-08T03:03:12.023937+00:00,120.7,5,bid,,,11616634
2026-07-08T03:03:14.107172,2026-07-08T03:03:14.114975+00:00,120.7,200,bid,,,11616672
2026-07-08T03:03:14.129763,2026-07-08T03:03:14.137969+00:00,120.7,5,bid,,,11616673
2026-07-08T03:03:15.029007,2026-07-08T03:03:15.048924+00:00,120.6,5,ask,,,11616684
2026-07-08T03:03:15.044762,2026-07-08T03:03:15.048924+00:00,120.4,3,bid,,,11616686
2026-07-08T03:03:15.139101,2026-07-08T03:03:15.150787+00:00,120.4,10,bid,,,11616688
2026-07-08T03:03:15.314925,2026-07-08T03:03:15.322962+00:00,120.4,200,bid,,,11616691
2026-07-08T03:03:16.220605,2026-07-08T03:03:16.228968+00:00,120.4,10,bid,,,11616705
2026-07-08T03:03:16.268787,2026-07-08T03:03:16.280188+00:00,120.4,5,bid,,,11616706
2026-07-08T03:03:16.605922,2026-07-08T03:03:16.613510+00:00,120.5,5,ask,,,11616712
2026-07-08T03:03:16.622998,2026-07-08T03:03:16.634852+00:00,120.6,5,bid,,,11616713
2026-07-08T03:03:16.798392,2026-07-08T03:03:16.805118+00:00,120.6,5,bid,,,11616717
2026-07-08T03:03:16.805690,2026-07-08T03:03:16.815802+00:00,120.6,5,bid,,,11616719
2026-07-08T03:03:16.880304,2026-07-08T03:03:16.892043+00:00,120.5,5,ask,,,11616721
2026-07-08T03:03:17.333950,2026-07-08T03:03:17.343682+00:00,120.6,5,bid,,,11616731
2026-07-08T03:03:17.556355,2026-07-08T03:03:17.568366+00:00,120.5,5,ask,,,11616733
2026-07-08T03:03:17.730873,2026-07-08T03:03:17.738265+00:00,120.6,200,bid,,,11616735
2026-07-08T03:03:18.383309,2026-07-08T03:03:18.390132+00:00,120.6,5,bid,,,11616743
2026-07-08T03:03:20.050566,2026-07-08T03:03:20.058565+00:00,120.5,5,ask,,,11616772
2026-07-08T03:03:21.016897,2026-07-08T03:03:21.028480+00:00,120.5,5,bid,,,11616784
2026-07-08T03:03:22.600798,2026-07-08T03:03:22.610274+00:00,120.4,5,ask,,,11616802
2026-07-08T03:03:22.609504,2026-07-08T03:03:22.620745+00:00,120.5,5,ask,,,11616803
2026-07-08T03:03:23.134102,2026-07-08T03:03:23.145292+00:00,120.4,5,ask,,,11616807
2026-07-08T03:03:23.685648,2026-07-08T03:03:23.695192+00:00,120.5,5,bid,,,11616817
2026-07-08T03:03:23.818926,2026-07-08T03:03:23.830118+00:00,120.4,200,ask,,,11616823
2026-07-08T03:03:25.027778,2026-07-08T03:03:25.035132+00:00,120.4,5,ask,,,11616834
2026-07-08T03:03:25.027778,2026-07-08T03:03:25.040334+00:00,120.3,195,ask,,,11616835
2026-07-08T03:03:25.525263,2026-07-08T03:03:25.533958+00:00,120.4,5,ask,,,11616840
2026-07-08T03:03:26.253802,2026-07-08T03:03:26.257998+00:00,120.3,3,bid,,,11616847
2026-07-08T03:03:26.339467,2026-07-08T03:03:26.348058+00:00,120.3,40,bid,,,11616851
2026-07-08T03:03:26.731328,2026-07-08T03:03:26.735589+00:00,120.2,3,ask,,,11616864
2026-07-08T03:03:26.875804,2026-07-08T03:03:26.884182+00:00,120.1,5,ask,,,11616867
2026-07-08T03:03:27.413069,2026-07-08T03:03:27.424422+00:00,120.1,5,ask,,,11616874
2026-07-08T03:03:27.448921,2026-07-08T03:03:27.451916+00:00,120.1,200,ask,,,11616875
2026-07-08T03:03:28.139591,2026-07-08T03:03:28.151535+00:00,120.1,10,ask,,,11616893
2026-07-08T03:03:28.465442,2026-07-08T03:03:28.474840+00:00,120.0,5,ask,,,11616894
2026-07-08T03:03:28.995722,2026-07-08T03:03:28.997875+00:00,120.0,5,ask,,,11616902
2026-07-08T03:03:29.823117,2026-07-08T03:03:29.834440+00:00,120.0,20,ask,,,11616912
2026-07-08T03:03:29.865241,2026-07-08T03:03:29.877181+00:00,120.1,5,bid,,,11616913
2026-07-08T03:03:30.055809,2026-07-08T03:03:30.057223+00:00,120.2,5,bid,,,11616916
2026-07-08T03:03:30.785925,2026-07-08T03:03:30.793648+00:00,120.1,195,ask,,,11616928
2026-07-08T03:03:31.074248,2026-07-08T03:03:31.083343+00:00,120.1,200,bid,,,11616933
2026-07-08T03:03:31.110844,2026-07-08T03:03:31.120924+00:00,119.9,5,ask,,,11616934
2026-07-08T03:03:32.713834,2026-07-08T03:03:32.722596+00:00,120.2,5,bid,,,11616953
2026-07-08T03:03:33.771070,2026-07-08T03:03:33.777560+00:00,120.0,5,ask,,,11616963
2026-07-08T03:03:34.835176,2026-07-08T03:03:34.845039+00:00,120.0,5,ask,,,11616981
2026-07-08T03:03:35.357578,2026-07-08T03:03:35.369330+00:00,120.1,5,bid,,,11616985
2026-07-08T03:03:35.367188,2026-07-08T03:03:35.374605+00:00,120.0,5,ask,,,11616986
2026-07-08T03:03:35.891160,2026-07-08T03:03:35.898075+00:00,120.1,5,bid,,,11616998
2026-07-08T03:03:35.900773,2026-07-08T03:03:35.908498+00:00,120.0,5,ask,,,11616999
2026-07-08T03:03:37.340911,2026-07-08T03:03:37.349096+00:00,120.0,5,bid,,,11617021
2026-07-08T03:03:37.515427,2026-07-08T03:03:37.523203+00:00,120.1,5,bid,,,11617024
2026-07-08T03:03:37.524790,2026-07-08T03:03:37.533583+00:00,120.0,5,ask,,,11617025
2026-07-08T03:03:38.045219,2026-07-08T03:03:38.058573+00:00,120.1,5,bid,,,11617029
2026-07-08T03:03:38.053264,2026-07-08T03:03:38.058573+00:00,120.0,5,ask,,,11617030
2026-07-08T03:03:38.343226,2026-07-08T03:03:38.352991+00:00,120.0,200,ask,,,11617034
2026-07-08T03:03:41.242777,2026-07-08T03:03:41.249464+00:00,120.1,5,bid,,,11617073
2026-07-08T03:03:41.277767,2026-07-08T03:03:41.286749+00:00,120.1,195,bid,,,11617074
2026-07-08T03:03:41.277767,2026-07-08T03:03:41.286749+00:00,120.2,5,bid,,,11617075
2026-07-08T03:03:41.993738,2026-07-08T03:03:42.004726+00:00,120.2,200,ask,,,11617090
2026-07-08T03:03:42.597505,2026-07-08T03:03:42.606834+00:00,120.1,5,ask,,,11617095
2026-07-08T03:03:42.614199,2026-07-08T03:03:42.618423+00:00,120.1,3,bid,,,11617097
2026-07-08T03:03:42.702181,2026-07-08T03:03:42.713879+00:00,120.1,10,bid,,,11617098
2026-07-08T03:03:42.841642,2026-07-08T03:03:42.848599+00:00,120.1,40,bid,,,11617101
2026-07-08T03:03:43.201702,2026-07-08T03:03:43.211259+00:00,120.1,200,bid,,,11617110
2026-07-08T03:03:43.385879,2026-07-08T03:03:43.393897+00:00,120.1,40,bid,,,11617120
2026-07-08T03:03:43.390718,2026-07-08T03:03:43.399376+00:00,120.1,5,bid,,,11617121
2026-07-08T03:03:43.469008,2026-07-08T03:03:43.481173+00:00,120.1,10,bid,,,11617122
2026-07-08T03:03:46.036791,2026-07-08T03:03:46.047154+00:00,120.1,5,ask,,,11617156
2026-07-08T03:03:47.623271,2026-07-08T03:03:47.630189+00:00,120.1,5,ask,,,11617182
2026-07-08T03:03:47.851084,2026-07-08T03:03:47.909711+00:00,120.2,200,bid,,,11617185
2026-07-08T03:03:47.851084,2026-07-08T03:03:47.909711+00:00,120.2,5,bid,,,11617186
2026-07-08T03:03:47.905145,2026-07-08T03:03:47.909711+00:00,120.2,3,ask,,,11617189
2026-07-08T03:03:47.993291,2026-07-08T03:03:48.018336+00:00,120.2,10,ask,,,11617192
2026-07-08T03:03:49.209338,2026-07-08T03:03:49.216614+00:00,120.3,5,bid,,,11617213
2026-07-08T03:03:49.255970,2026-07-08T03:03:49.258604+00:00,120.2,5,ask,,,11617215
2026-07-08T03:03:49.270601,2026-07-08T03:03:49.274691+00:00,120.2,3,bid,,,11617217
2026-07-08T03:03:49.633339,2026-07-08T03:03:49.640046+00:00,120.2,10,bid,,,11617222
2026-07-08T03:03:49.741642,2026-07-08T03:03:49.751605+00:00,120.2,45,bid,,,11617224
2026-07-08T03:03:50.255296,2026-07-08T03:03:50.264049+00:00,120.2,10,bid,,,11617236
2026-07-08T03:03:50.464637,2026-07-08T03:03:50.472665+00:00,120.1,200,ask,,,11617239
2026-07-08T03:03:50.500693,2026-07-08T03:03:50.504964+00:00,120.1,11,bid,,,11617242
2026-07-08T03:03:52.879886,2026-07-08T03:03:52.891523+00:00,120.1,200,bid,,,11617279
2026-07-08T03:03:55.298442,2026-07-08T03:03:55.309263+00:00,120.1,5,bid,,,11617313
2026-07-08T03:03:55.438597,2026-07-08T03:03:55.445719+00:00,120.2,5,bid,,,11617315
2026-07-08T03:03:55.744854,2026-07-08T03:03:55.758608+00:00,120.1,195,ask,,,11617318
2026-07-08T03:03:58.304538,2026-07-08T03:03:58.316598+00:00,120.0,20,ask,,,11617357
2026-07-08T03:03:58.736440,2026-07-08T03:03:58.748471+00:00,120.0,20,ask,,,11617360
2026-07-08T03:04:02.712011,2026-07-08T03:04:02.723721+00:00,120.0,5,ask,,,11617414
2026-07-08T03:04:04.861943,2026-07-08T03:04:04.869213+00:00,120.0,5,ask,,,11617448
2026-07-08T03:04:04.871955,2026-07-08T03:04:04.879509+00:00,120.0,5,ask,,,11617450
2026-07-08T03:04:04.990319,2026-07-08T03:04:04.999155+00:00,120.0,200,bid,,,11617454
2026-07-08T03:04:05.005657,2026-07-08T03:04:05.009722+00:00,120.1,11,ask,,,11617456
2026-07-08T03:04:05.035596,2026-07-08T03:04:05.046980+00:00,120.1,10,ask,,,11617458
2026-07-08T03:04:05.382953,2026-07-08T03:04:05.394552+00:00,120.1,10,ask,,,11617464
2026-07-08T03:04:05.938211,2026-07-08T03:04:05.947067+00:00,120.1,5,ask,,,11617478
2026-07-08T03:04:06.458678,2026-07-08T03:04:06.470149+00:00,120.2,5,bid,,,11617482
2026-07-08T03:04:06.990926,2026-07-08T03:04:07.000155+00:00,120.0,5,ask,,,11617490
2026-07-08T03:04:07.529774,2026-07-08T03:04:07.536875+00:00,120.0,5,ask,,,11617501
2026-07-08T03:04:07.595696,2026-07-08T03:04:07.607480+00:00,120.0,20,ask,,,11617503
2026-07-08T03:04:09.121491,2026-07-08T03:04:09.132594+00:00,120.0,5,ask,,,11617533
2026-07-08T03:04:09.129764,2026-07-08T03:04:09.137808+00:00,120.0,5,ask,,,11617534
2026-07-08T03:04:09.660709,2026-07-08T03:04:09.668979+00:00,120.0,5,ask,,,11617537
2026-07-08T03:04:10.221998,2026-07-08T03:04:10.230890+00:00,120.1,5,bid,,,11617549
2026-07-08T03:04:10.232475,2026-07-08T03:04:10.241520+00:00,120.0,5,ask,,,11617550
2026-07-08T03:04:10.764869,2026-07-08T03:04:10.775024+00:00,120.0,5,ask,,,11617559
2026-07-08T03:04:11.041560,2026-07-08T03:04:11.058435+00:00,120.1,200,bid,,,11617565
2026-07-08T03:04:11.054066,2026-07-08T03:04:11.058435+00:00,120.0,3,ask,,,11617567
2026-07-08T03:04:11.287081,2026-07-08T03:04:11.294433+00:00,120.0,100,ask,,,11617568
2026-07-08T03:04:11.554842,2026-07-08T03:04:11.556126+00:00,120.1,5,bid,,,11617571
2026-07-08T03:04:11.564566,2026-07-08T03:04:11.568621+00:00,120.1,3,ask,,,11617573
2026-07-08T03:04:11.670933,2026-07-08T03:04:11.681668+00:00,120.1,20,ask,,,11617578
2026-07-08T03:04:12.251868,2026-07-08T03:04:12.263837+00:00,120.1,200,ask,,,11617591
2026-07-08T03:04:12.372756,2026-07-08T03:04:12.386740+00:00,120.1,20,ask,,,11617594
2026-07-08T03:04:12.382384,2026-07-08T03:04:12.386740+00:00,120.2,3,bid,,,11617596
2026-07-08T03:04:12.886801,2026-07-08T03:04:12.893475+00:00,120.1,3,ask,,,11617604
2026-07-08T03:04:13.241324,2026-07-08T03:04:13.253031+00:00,120.1,20,ask,,,11617607
2026-07-08T03:04:14.673423,2026-07-08T03:04:14.681084+00:00,120.1,200,ask,,,11617629
2026-07-08T03:04:15.488999,2026-07-08T03:04:15.496223+00:00,120.2,5,bid,,,11617648
2026-07-08T03:04:15.527912,2026-07-08T03:04:15.538931+00:00,120.3,5,bid,,,11617650
2026-07-08T03:04:15.698661,2026-07-08T03:04:15.710379+00:00,120.2,20,ask,,,11617654
2026-07-08T03:04:16.579877,2026-07-08T03:04:16.591193+00:00,120.2,5,ask,,,11617672
2026-07-08T03:04:17.108276,2026-07-08T03:04:17.115415+00:00,120.2,5,ask,,,11617678
2026-07-08T03:04:17.648225,2026-07-08T03:04:17.659144+00:00,120.2,42,ask,,,11617687
2026-07-08T03:04:18.119971,2026-07-08T03:04:18.127744+00:00,120.3,200,bid,,,11617692
2026-07-08T03:04:18.119971,2026-07-08T03:04:18.132722+00:00,120.4,425,bid,,,11617693
2026-07-08T03:04:21.291869,2026-07-08T03:04:21.303649+00:00,120.3,5,bid,,,11617744
2026-07-08T03:04:24.360426,2026-07-08T03:04:24.370227+00:00,120.2,200,ask,,,11617797
2026-07-08T03:04:24.680206,2026-07-08T03:04:24.688665+00:00,120.2,5,ask,,,11617801
2026-07-08T03:04:24.821035,2026-07-08T03:04:24.832192+00:00,120.2,20,bid,,,11617802
2026-07-08T03:04:25.136247,2026-07-08T03:04:25.158652+00:00,120.2,5,bid,,,11617807
2026-07-08T03:04:25.670303,2026-07-08T03:04:25.681385+00:00,120.1,5,ask,,,11617815
2026-07-08T03:04:26.209218,2026-07-08T03:04:26.216736+00:00,120.3,5,bid,,,11617820
2026-07-08T03:04:26.796183,2026-07-08T03:04:26.802946+00:00,120.2,5,ask,,,11617830
2026-07-08T03:04:27.273697,2026-07-08T03:04:27.280687+00:00,120.1,5,ask,,,11617837
2026-07-08T03:04:27.296539,2026-07-08T03:04:27.306861+00:00,120.2,195,bid,,,11617838
2026-07-08T03:04:28.004078,2026-07-08T03:04:28.015214+00:00,120.2,200,ask,,,11617847
2026-07-08T03:04:29.917688,2026-07-08T03:04:29.927024+00:00,120.3,5,bid,,,11617868
2026-07-08T03:04:29.924070,2026-07-08T03:04:29.932360+00:00,120.0,200,ask,,,11617869
2026-07-08T03:04:29.949997,2026-07-08T03:04:29.954866+00:00,120.0,3,bid,,,11617872
2026-07-08T03:04:29.977779,2026-07-08T03:04:29.982662+00:00,120.0,11,bid,,,11617874
2026-07-08T03:04:30.418453,2026-07-08T03:04:30.427144+00:00,120.0,200,bid,,,11617883
2026-07-08T03:04:30.454476,2026-07-08T03:04:30.458559+00:00,120.0,100,bid,,,11617886
2026-07-08T03:04:30.463650,2026-07-08T03:04:30.470769+00:00,120.0,5,bid,,,11617888
2026-07-08T03:04:30.994187,2026-07-08T03:04:31.001694+00:00,120.0,34,bid,,,11617898
2026-07-08T03:04:30.999773,2026-07-08T03:04:31.006902+00:00,119.8,5,ask,,,11617899
2026-07-08T03:04:31.232732,2026-07-08T03:04:31.243148+00:00,120.0,5,bid,,,11617901
2026-07-08T03:04:31.250371,2026-07-08T03:04:31.254093+00:00,120.1,11,ask,,,11617904
2026-07-08T03:04:31.631242,2026-07-08T03:04:31.638959+00:00,120.1,200,ask,,,11617910
2026-07-08T03:04:32.557176,2026-07-08T03:04:32.564591+00:00,120.2,5,bid,,,11617921
2026-07-08T03:04:32.577302,2026-07-08T03:04:32.582434+00:00,120.2,3,ask,,,11617923
2026-07-08T03:04:33.693342,2026-07-08T03:04:33.710127+00:00,120.2,40,ask,,,11617939
2026-07-08T03:04:35.281049,2026-07-08T03:04:35.290430+00:00,120.1,200,ask,,,11617959
2026-07-08T03:04:36.864358,2026-07-08T03:04:36.874246+00:00,120.3,5,bid,,,11617973
2026-07-08T03:04:37.923249,2026-07-08T03:04:37.932582+00:00,120.3,5,bid,,,11617990
2026-07-08T03:04:38.453846,2026-07-08T03:04:38.455472+00:00,120.3,5,bid,,,11617996
2026-07-08T03:04:40.584640,2026-07-08T03:04:40.595047+00:00,120.3,5,bid,,,11618027
2026-07-08T03:04:41.120774,2026-07-08T03:04:41.127068+00:00,120.3,5,bid,,,11618033
2026-07-08T03:04:42.702223,2026-07-08T03:04:42.712991+00:00,120.4,5,bid,,,11618057
2026-07-08T03:04:43.065001,2026-07-08T03:04:43.075826+00:00,120.4,195,bid,,,11618061
2026-07-08T03:04:43.233442,2026-07-08T03:04:43.240646+00:00,120.4,5,ask,,,11618063
2026-07-08T03:04:44.308781,2026-07-08T03:04:44.369462+00:00,120.4,5,ask,,,11618077
2026-07-08T03:04:44.379314,2026-07-08T03:04:44.389944+00:00,120.4,5,ask,,,11618079
2026-07-08T03:04:44.710183,2026-07-08T03:04:44.721742+00:00,120.4,20,bid,,,11618081
2026-07-08T03:04:44.836601,2026-07-08T03:04:44.845575+00:00,120.3,5,ask,,,11618082
2026-07-08T03:04:44.953201,2026-07-08T03:04:44.961851+00:00,120.4,200,bid,,,11618086
2026-07-08T03:04:46.952803,2026-07-08T03:04:46.957457+00:00,120.4,5,bid,,,11618113
2026-07-08T03:04:46.997113,2026-07-08T03:04:47.003984+00:00,120.4,195,bid,,,11618114
2026-07-08T03:04:46.997113,2026-07-08T03:04:47.009263+00:00,120.4,430,bid,,,11618115
2026-07-08T03:04:47.485673,2026-07-08T03:04:47.494595+00:00,120.5,5,bid,,,11618124
2026-07-08T03:04:48.310506,2026-07-08T03:04:48.317464+00:00,120.4,200,ask,,,11618135
2026-07-08T03:04:48.310506,2026-07-08T03:04:48.333032+00:00,120.4,5,ask,,,11618136
2026-07-08T03:04:48.328947,2026-07-08T03:04:48.333032+00:00,120.3,3,bid,,,11618138
2026-07-08T03:04:49.786755,2026-07-08T03:04:49.796590+00:00,120.2,5,ask,,,11618154
2026-07-08T03:04:50.191042,2026-07-08T03:04:50.199896+00:00,120.1,5,ask,,,11618161
2026-07-08T03:04:50.307528,2026-07-08T03:04:50.319214+00:00,120.2,10,bid,,,11618167
2026-07-08T03:04:50.718061,2026-07-08T03:04:50.726995+00:00,120.2,5,bid,,,11618174
2026-07-08T03:04:51.005391,2026-07-08T03:04:51.017290+00:00,120.1,5,ask,,,11618179
2026-07-08T03:04:51.254066,2026-07-08T03:04:51.258575+00:00,120.1,5,bid,,,11618186
2026-07-08T03:04:52.216044,2026-07-08T03:04:52.223112+00:00,120.0,200,ask,,,11618205
2026-07-08T03:04:52.309344,2026-07-08T03:04:52.317674+00:00,120.0,5,ask,,,11618207
2026-07-08T03:04:53.363211,2026-07-08T03:04:53.372104+00:00,120.2,5,bid,,,11618227
2026-07-08T03:04:55.282205,2026-07-08T03:04:55.286632+00:00,120.2,11,bid,,,11618248
2026-07-08T03:04:55.483113,2026-07-08T03:04:55.492825+00:00,120.2,46,bid,,,11618253
2026-07-08T03:04:57.066517,2026-07-08T03:04:57.073980+00:00,120.1,200,ask,,,11618271
2026-07-08T03:04:58.274096,2026-07-08T03:04:58.282037+00:00,120.2,200,ask,,,11618285
2026-07-08T03:04:59.487580,2026-07-08T03:04:59.499243+00:00,120.3,200,bid,,,11618298
2026-07-08T03:05:00.162218,2026-07-08T03:05:00.170166+00:00,120.2,5,bid,,,11618308
2026-07-08T03:05:01.477478,2026-07-08T03:05:01.487062+00:00,120.4,5,bid,,,11618333
2026-07-08T03:05:01.493759,2026-07-08T03:05:01.498219+00:00,120.4,11,ask,,,11618335
2026-07-08T03:05:01.759928,2026-07-08T03:05:01.769165+00:00,120.5,5,bid,,,11618337
2026-07-08T03:05:02.791492,2026-07-08T03:05:02.803471+00:00,120.5,5,bid,,,11618346
2026-07-08T03:05:02.791492,2026-07-08T03:05:02.803471+00:00,120.6,200,bid,,,11618347
2026-07-08T03:05:02.810245,2026-07-08T03:05:02.818970+00:00,120.7,5,bid,,,11618348
2026-07-08T03:05:02.815533,2026-07-08T03:05:02.824438+00:00,120.6,5,ask,,,11618349
2026-07-08T03:05:03.331275,2026-07-08T03:05:03.338711+00:00,120.7,5,bid,,,11618359
2026-07-08T03:05:03.337195,2026-07-08T03:05:03.343986+00:00,120.6,5,ask,,,11618360
2026-07-08T03:05:03.854484,2026-07-08T03:05:03.856623+00:00,120.6,5,ask,,,11618368
2026-07-08T03:05:04.377497,2026-07-08T03:05:04.384988+00:00,120.7,5,bid,,,11618374
2026-07-08T03:05:05.542347,2026-07-08T03:05:05.551127+00:00,120.5,200,ask,,,11618398
2026-07-08T03:05:05.965065,2026-07-08T03:05:05.972569+00:00,120.5,5,ask,,,11618402
2026-07-08T03:05:06.524608,2026-07-08T03:05:06.536343+00:00,120.5,5,ask,,,11618409
2026-07-08T03:05:06.739869,2026-07-08T03:05:06.747628+00:00,120.5,20,bid,,,11618411
2026-07-08T03:05:07.584287,2026-07-08T03:05:07.594284+00:00,120.4,5,ask,,,11618425
2026-07-08T03:05:07.972334,2026-07-08T03:05:07.980788+00:00,120.5,200,bid,,,11618433
2026-07-08T03:05:08.113808,2026-07-08T03:05:08.120845+00:00,120.3,5,ask,,,11618434
2026-07-08T03:05:09.182928,2026-07-08T03:05:09.190343+00:00,120.3,5,ask,,,11618453
2026-07-08T03:05:09.187926,2026-07-08T03:05:09.195625+00:00,120.5,200,bid,,,11618454
2026-07-08T03:05:09.376155,2026-07-08T03:05:09.380359+00:00,120.5,3,ask,,,11618456
2026-07-08T03:05:09.552202,2026-07-08T03:05:09.564397+00:00,120.5,10,ask,,,11618458
2026-07-08T03:05:10.252903,2026-07-08T03:05:10.260545+00:00,120.5,5,ask,,,11618474
2026-07-08T03:05:10.400552,2026-07-08T03:05:10.407803+00:00,120.5,200,ask,,,11618479
2026-07-08T03:05:10.784264,2026-07-08T03:05:10.799686+00:00,120.6,100,ask,,,11618484
2026-07-08T03:05:11.321662,2026-07-08T03:05:11.331637+00:00,120.8,5,bid,,,11618492
2026-07-08T03:05:11.616275,2026-07-08T03:05:11.623872+00:00,120.7,5,ask,,,11618498
2026-07-08T03:05:11.616275,2026-07-08T03:05:11.629080+00:00,120.6,195,ask,,,11618499
2026-07-08T03:05:11.985033,2026-07-08T03:05:11.995007+00:00,120.7,5,ask,,,11618505
2026-07-08T03:05:12.001317,2026-07-08T03:05:12.005559+00:00,120.6,3,bid,,,11618507
2026-07-08T03:05:12.389598,2026-07-08T03:05:12.397768+00:00,120.6,40,bid,,,11618516
2026-07-08T03:05:12.402461,2026-07-08T03:05:12.413405+00:00,120.6,5,bid,,,11618519
2026-07-08T03:05:12.831036,2026-07-08T03:05:12.839766+00:00,120.4,200,ask,,,11618528
2026-07-08T03:05:12.930321,2026-07-08T03:05:12.941682+00:00,120.4,10,ask,,,11618533
2026-07-08T03:05:13.986639,2026-07-08T03:05:13.997610+00:00,120.4,5,ask,,,11618548
2026-07-08T03:05:14.045181,2026-07-08T03:05:14.058546+00:00,120.5,5,ask,,,11618552
2026-07-08T03:05:14.376994,2026-07-08T03:05:14.381159+00:00,120.4,3,ask,,,11618562
2026-07-08T03:05:14.517115,2026-07-08T03:05:14.527909+00:00,120.4,40,ask,,,11618565
2026-07-08T03:05:14.526716,2026-07-08T03:05:14.533414+00:00,120.4,10,ask,,,11618567
2026-07-08T03:05:14.612375,2026-07-08T03:05:14.622886+00:00,120.5,195,bid,,,11618571
2026-07-08T03:05:14.612375,2026-07-08T03:05:14.622886+00:00,120.5,5,bid,,,11618572
2026-07-08T03:05:15.058167,2026-07-08T03:05:15.064926+00:00,120.5,60,ask,,,11618574
2026-07-08T03:05:15.257543,2026-07-08T03:05:15.264867+00:00,120.5,200,ask,,,11618579
2026-07-08T03:05:15.931981,2026-07-08T03:05:15.940587+00:00,120.6,5,ask,,,11618592
2026-07-08T03:05:15.931981,2026-07-08T03:05:15.945568+00:00,120.3,200,ask,,,11618593
2026-07-08T03:05:15.931981,2026-07-08T03:05:15.945568+00:00,120.3,420,ask,,,11618594
2026-07-08T03:05:16.466794,2026-07-08T03:05:16.474266+00:00,120.6,5,ask,,,11618601
2026-07-08T03:05:17.241547,2026-07-08T03:05:17.250973+00:00,120.4,195,bid,,,11618613
2026-07-08T03:05:17.705465,2026-07-08T03:05:17.713064+00:00,120.5,5,bid,,,11618620
2026-07-08T03:05:18.779318,2026-07-08T03:05:18.787691+00:00,120.5,5,bid,,,11618634
2026-07-08T03:05:19.872069,2026-07-08T03:05:19.880303+00:00,120.4,500,ask,,,11618657
2026-07-08T03:05:20.405280,2026-07-08T03:05:20.413050+00:00,120.7,5,bid,,,11618668
2026-07-08T03:05:20.433943,2026-07-08T03:05:20.445477+00:00,120.6,5,ask,,,11618669
2026-07-08T03:05:20.932442,2026-07-08T03:05:20.940406+00:00,120.4,5,ask,,,11618672
2026-07-08T03:05:21.183128,2026-07-08T03:05:21.190565+00:00,120.6,5,ask,,,11618676
2026-07-08T03:05:21.462164,2026-07-08T03:05:21.469204+00:00,120.5,5,ask,,,11618679
2026-07-08T03:05:22.524666,2026-07-08T03:05:22.535956+00:00,120.7,5,ask,,,11618695
2026-07-08T03:05:23.597303,2026-07-08T03:05:23.609016+00:00,120.6,20,bid,,,11618704
2026-07-08T03:05:23.811849,2026-07-08T03:05:23.816532+00:00,120.6,3,bid,,,11618710
2026-07-08T03:05:24.116691,2026-07-08T03:05:24.126093+00:00,120.6,5,bid,,,11618718
2026-07-08T03:05:24.121325,2026-07-08T03:05:24.131551+00:00,120.6,5,bid,,,11618719
2026-07-08T03:05:24.649908,2026-07-08T03:05:24.659428+00:00,120.6,40,bid,,,11618728
2026-07-08T03:05:26.242249,2026-07-08T03:05:26.251689+00:00,120.7,5,bid,,,11618760
2026-07-08T03:05:26.777221,2026-07-08T03:05:26.784934+00:00,120.7,5,bid,,,11618769
2026-07-08T03:05:27.862656,2026-07-08T03:05:27.869237+00:00,120.7,20,bid,,,11618779
2026-07-08T03:05:28.386004,2026-07-08T03:05:28.397300+00:00,120.6,5,ask,,,11618787
2026-07-08T03:05:28.445848,2026-07-08T03:05:28.450237+00:00,120.6,3,ask,,,11618791
2026-07-08T03:05:28.575622,2026-07-08T03:05:28.585556+00:00,120.6,200,ask,,,11618793
2026-07-08T03:05:28.939086,2026-07-08T03:05:28.948997+00:00,120.7,10,bid,,,11618803
2026-07-08T03:05:29.013748,2026-07-08T03:05:29.022123+00:00,120.7,500,bid,,,11618806
2026-07-08T03:05:29.049153,2026-07-08T03:05:29.058475+00:00,120.8,5,bid,,,11618807
2026-07-08T03:05:29.467735,2026-07-08T03:05:29.474953+00:00,121.1,5,bid,,,11618812
2026-07-08T03:05:30.002080,2026-07-08T03:05:30.013362+00:00,120.9,5,ask,,,11618822
2026-07-08T03:05:30.139458,2026-07-08T03:05:30.144319+00:00,121.0,3,bid,,,11618827
2026-07-08T03:05:30.365906,2026-07-08T03:05:30.387363+00:00,121.0,197,bid,,,11618834
2026-07-08T03:05:30.383350,2026-07-08T03:05:30.387363+00:00,121.2,3,ask,,,11618836
2026-07-08T03:05:30.989734,2026-07-08T03:05:31.000408+00:00,121.2,200,ask,,,11618848
2026-07-08T03:05:31.064512,2026-07-08T03:05:31.074351+00:00,121.4,5,bid,,,11618851
2026-07-08T03:05:32.198120,2026-07-08T03:05:32.216496+00:00,121.2,5,ask,,,11618865
2026-07-08T03:05:32.212393,2026-07-08T03:05:32.216496+00:00,121.2,3,bid,,,11618867
2026-07-08T03:05:32.665580,2026-07-08T03:05:32.674518+00:00,121.2,52,bid,,,11618879
2026-07-08T03:05:32.671050,2026-07-08T03:05:32.679505+00:00,121.1,5,ask,,,11618880
2026-07-08T03:05:32.996832,2026-07-08T03:05:33.008156+00:00,121.2,140,bid,,,11618883
2026-07-08T03:05:32.996832,2026-07-08T03:05:33.008156+00:00,121.2,5,bid,,,11618884
2026-07-08T03:05:33.204941,2026-07-08T03:05:33.216568+00:00,121.5,5,bid,,,11618893
2026-07-08T03:05:33.334072,2026-07-08T03:05:33.339048+00:00,121.4,5,bid,,,11618900
2026-07-08T03:05:33.424992,2026-07-08T03:05:33.436742+00:00,121.5,10,bid,,,11618904
2026-07-08T03:05:33.743617,2026-07-08T03:05:33.758614+00:00,121.5,8,bid,,,11618910
2026-07-08T03:05:33.748282,2026-07-08T03:05:33.758614+00:00,121.5,10,bid,,,11618911
2026-07-08T03:05:34.343715,2026-07-08T03:05:34.348158+00:00,121.4,6,bid,,,11618918
2026-07-08T03:05:34.786566,2026-07-08T03:05:34.797165+00:00,121.3,5,ask,,,11618925
2026-07-08T03:05:35.317973,2026-07-08T03:05:35.326079+00:00,121.4,5,bid,,,11618935
2026-07-08T03:05:36.949533,2026-07-08T03:05:36.952284+00:00,121.3,200,ask,,,11618960
2026-07-08T03:05:39.330825,2026-07-08T03:05:39.338541+00:00,121.3,500,ask,,,11618989
2026-07-08T03:05:39.466533,2026-07-08T03:05:39.477764+00:00,121.3,125,ask,,,11618993
2026-07-08T03:05:42.199847,2026-07-08T03:05:42.208099+00:00,121.2,500,bid,,,11619018
2026-07-08T03:05:42.199847,2026-07-08T03:05:42.213077+00:00,121.2,125,bid,,,11619019
2026-07-08T03:05:42.360621,2026-07-08T03:05:42.364798+00:00,121.1,12,bid,,,11619024
2026-07-08T03:05:42.792729,2026-07-08T03:05:42.800776+00:00,121.1,10,bid,,,11619033
2026-07-08T03:05:42.875331,2026-07-08T03:05:42.879281+00:00,121.0,23,ask,,,11619039
2026-07-08T03:05:43.091637,2026-07-08T03:05:43.100511+00:00,121.2,5,bid,,,11619046
2026-07-08T03:05:43.091637,2026-07-08T03:05:43.100511+00:00,121.2,195,bid,,,11619047
2026-07-08T03:05:43.509940,2026-07-08T03:05:43.519522+00:00,120.8,5,bid,,,11619057
2026-07-08T03:05:43.576635,2026-07-08T03:05:43.584854+00:00,121.0,5,ask,,,11619061
2026-07-08T03:05:44.168185,2026-07-08T03:05:44.179766+00:00,121.1,5,bid,,,11619068
2026-07-08T03:05:44.306614,2026-07-08T03:05:44.364299+00:00,121.1,200,bid,,,11619072
2026-07-08T03:05:44.514467,2026-07-08T03:05:44.526206+00:00,121.0,5,ask,,,11619074
2026-07-08T03:05:44.702419,2026-07-08T03:05:44.708898+00:00,121.1,5,bid,,,11619078
2026-07-08T03:05:45.514548,2026-07-08T03:05:45.522357+00:00,121.1,200,bid,,,11619091
2026-07-08T03:05:46.140339,2026-07-08T03:05:46.158563+00:00,121.2,5,bid,,,11619097
2026-07-08T03:05:46.140339,2026-07-08T03:05:46.158563+00:00,121.2,500,bid,,,11619098
2026-07-08T03:05:46.580174,2026-07-08T03:05:46.591702+00:00,121.2,120,ask,,,11619102
2026-07-08T03:05:46.600630,2026-07-08T03:05:46.604594+00:00,121.2,5,bid,,,11619104
2026-07-08T03:05:47.001436,2026-07-08T03:05:47.005805+00:00,121.2,6,bid,,,11619113
2026-07-08T03:05:47.318750,2026-07-08T03:05:47.326064+00:00,121.2,5,bid,,,11619121
2026-07-08T03:05:47.465482,2026-07-08T03:05:47.469749+00:00,121.0,23,bid,,,11619124
2026-07-08T03:05:47.803552,2026-07-08T03:05:47.817830+00:00,121.0,20,bid,,,11619126
2026-07-08T03:05:48.158424,2026-07-08T03:05:48.170102+00:00,121.0,20,bid,,,11619132
2026-07-08T03:05:48.503812,2026-07-08T03:05:48.515236+00:00,121.0,9,bid,,,11619140
2026-07-08T03:05:49.159453,2026-07-08T03:05:49.169712+00:00,120.8,20,ask,,,11619146
2026-07-08T03:05:49.435514,2026-07-08T03:05:49.447008+00:00,121.0,3,bid,,,11619153
2026-07-08T03:05:49.713248,2026-07-08T03:05:49.725003+00:00,121.0,1,bid,,,11619159
2026-07-08T03:05:49.974364,2026-07-08T03:05:49.986218+00:00,121.0,1,bid,,,11619163
2026-07-08T03:05:50.006381,2026-07-08T03:05:50.018363+00:00,120.8,1,ask,,,11619164
2026-07-08T03:05:50.233001,2026-07-08T03:05:50.239794+00:00,120.8,20,ask,,,11619165
2026-07-08T03:05:52.359376,2026-07-08T03:05:52.363889+00:00,120.8,23,ask,,,11619198
2026-07-08T03:05:52.398335,2026-07-08T03:05:52.404747+00:00,120.8,20,ask,,,11619200
2026-07-08T03:05:52.663525,2026-07-08T03:05:52.675346+00:00,120.8,20,ask,,,11619203
2026-07-08T03:05:52.690075,2026-07-08T03:05:52.697606+00:00,120.9,200,bid,,,11619204
2026-07-08T03:05:52.690075,2026-07-08T03:05:52.714040+00:00,120.9,5,bid,,,11619205
2026-07-08T03:05:52.709535,2026-07-08T03:05:52.714040+00:00,120.9,11,ask,,,11619207
2026-07-08T03:05:52.936660,2026-07-08T03:05:52.948623+00:00,120.9,13,ask,,,11619214
2026-07-08T03:05:54.013324,2026-07-08T03:05:54.029677+00:00,120.9,5,ask,,,11619230
2026-07-08T03:05:54.025531,2026-07-08T03:05:54.029677+00:00,120.9,5,bid,,,11619232
2026-07-08T03:05:54.035811,2026-07-08T03:05:54.039980+00:00,120.9,6,bid,,,11619234
2026-07-08T03:05:54.608368,2026-07-08T03:05:54.619591+00:00,120.8,5,ask,,,11619244
2026-07-08T03:05:55.220079,2026-07-08T03:05:55.226553+00:00,120.9,200,bid,,,11619253
2026-07-08T03:05:55.324327,2026-07-08T03:05:55.333849+00:00,120.9,5,bid,,,11619255
2026-07-08T03:05:55.670151,2026-07-08T03:05:55.680063+00:00,121.1,10,bid,,,11619260
2026-07-08T03:05:57.641367,2026-07-08T03:05:57.647765+00:00,120.9,200,ask,,,11619291
2026-07-08T03:05:57.965533,2026-07-08T03:05:57.970251+00:00,120.9,12,bid,,,11619294
2026-07-08T03:05:58.850294,2026-07-08T03:05:58.858589+00:00,120.8,200,ask,,,11619308
2026-07-08T03:05:59.896883,2026-07-08T03:05:59.906522+00:00,120.8,5,bid,,,11619324
2026-07-08T03:06:00.060815,2026-07-08T03:06:00.067398+00:00,120.8,200,ask,,,11619327
2026-07-08T03:06:00.348408,2026-07-08T03:06:00.352333+00:00,120.9,5,bid,,,11619328
2026-07-08T03:06:00.353454,2026-07-08T03:06:00.365028+00:00,120.8,5,ask,,,11619329
2026-07-08T03:06:01.392173,2026-07-08T03:06:01.402995+00:00,120.8,5,ask,,,11619345
2026-07-08T03:06:01.401272,2026-07-08T03:06:01.408432+00:00,120.8,5,ask,,,11619346
2026-07-08T03:06:01.923389,2026-07-08T03:06:01.928855+00:00,120.9,5,bid,,,11619351
2026-07-08T03:06:01.931228,2026-07-08T03:06:01.939658+00:00,120.8,5,ask,,,11619352
2026-07-08T03:06:02.314137,2026-07-08T03:06:02.343624+00:00,120.9,195,bid,,,11619355
2026-07-08T03:06:02.338721,2026-07-08T03:06:02.343624+00:00,120.9,12,ask,,,11619357
2026-07-08T03:06:02.478601,2026-07-08T03:06:02.495108+00:00,121.0,5,bid,,,11619363
2026-07-08T03:06:02.484791,2026-07-08T03:06:02.500115+00:00,120.9,200,ask,,,11619364
2026-07-08T03:06:02.715370,2026-07-08T03:06:02.724770+00:00,120.9,10,ask,,,11619368
2026-07-08T03:06:02.943293,2026-07-08T03:06:02.958534+00:00,121.0,20,bid,,,11619370
2026-07-08T03:06:03.026266,2026-07-08T03:06:03.037916+00:00,120.9,5,ask,,,11619373
2026-07-08T03:06:03.036580,2026-07-08T03:06:03.042929+00:00,120.9,5,ask,,,11619374
2026-07-08T03:06:03.560170,2026-07-08T03:06:03.570416+00:00,121.0,5,bid,,,11619383
2026-07-08T03:06:03.568292,2026-07-08T03:06:03.575927+00:00,120.9,5,ask,,,11619384
2026-07-08T03:06:03.694161,2026-07-08T03:06:03.703975+00:00,120.9,200,ask,,,11619386
2026-07-08T03:06:04.094035,2026-07-08T03:06:04.102955+00:00,121.0,5,bid,,,11619394
2026-07-08T03:06:04.102613,2026-07-08T03:06:04.113542+00:00,120.9,5,ask,,,11619395
2026-07-08T03:06:04.633247,2026-07-08T03:06:04.642483+00:00,120.9,5,ask,,,11619400
2026-07-08T03:06:05.202176,2026-07-08T03:06:05.213746+00:00,121.0,5,bid,,,11619407
2026-07-08T03:06:05.342482,2026-07-08T03:06:05.352444+00:00,121.0,500,bid,,,11619409
2026-07-08T03:06:05.678484,2026-07-08T03:06:05.685693+00:00,120.9,5,ask,,,11619416
2026-07-08T03:06:05.825545,2026-07-08T03:06:05.846696+00:00,121.0,5,bid,,,11619417
2026-07-08T03:06:05.825545,2026-07-08T03:06:05.846696+00:00,121.1,200,bid,,,11619418
2026-07-08T03:06:05.842539,2026-07-08T03:06:05.846696+00:00,121.1,11,ask,,,11619420
2026-07-08T03:06:06.120063,2026-07-08T03:06:06.128811+00:00,121.1,200,ask,,,11619427
2026-07-08T03:06:06.273014,2026-07-08T03:06:06.284941+00:00,121.2,5,bid,,,11619429
2026-07-08T03:06:07.330087,2026-07-08T03:06:07.346026+00:00,121.1,200,bid,,,11619452
2026-07-08T03:06:08.546546,2026-07-08T03:06:08.558623+00:00,121.2,5,bid,,,11619462
2026-07-08T03:06:08.546546,2026-07-08T03:06:08.558623+00:00,121.2,195,bid,,,11619463
2026-07-08T03:06:08.843167,2026-07-08T03:06:08.850189+00:00,121.2,5,bid,,,11619468
2026-07-08T03:06:09.376309,2026-07-08T03:06:09.386503+00:00,121.0,5,ask,,,11619474
2026-07-08T03:06:09.909463,2026-07-08T03:06:09.916347+00:00,121.0,5,ask,,,11619481
2026-07-08T03:06:10.440234,2026-07-08T03:06:10.449754+00:00,121.0,5,ask,,,11619497
2026-07-08T03:06:12.320815,2026-07-08T03:06:12.332680+00:00,121.1,20,bid,,,11619512
2026-07-08T03:06:13.218071,2026-07-08T03:06:13.225514+00:00,121.0,5,bid,,,11619529
2026-07-08T03:06:13.245981,2026-07-08T03:06:13.251014+00:00,121.0,3,ask,,,11619531
2026-07-08T03:06:13.395595,2026-07-08T03:06:13.404703+00:00,121.1,200,bid,,,11619538
2026-07-08T03:06:14.405926,2026-07-08T03:06:14.414549+00:00,121.1,500,bid,,,11619550
2026-07-08T03:06:15.001906,2026-07-08T03:06:15.012734+00:00,121.0,5,bid,,,11619561
2026-07-08T03:06:15.001906,2026-07-08T03:06:15.012734+00:00,121.1,125,bid,,,11619562
2026-07-08T03:06:15.001906,2026-07-08T03:06:15.012734+00:00,121.1,200,bid,,,11619563
2026-07-08T03:06:15.175726,2026-07-08T03:06:15.182673+00:00,121.2,10,ask,,,11619571
2026-07-08T03:06:15.191581,2026-07-08T03:06:15.198644+00:00,121.2,38,ask,,,11619572
2026-07-08T03:06:15.657444,2026-07-08T03:06:15.669182+00:00,121.2,10,ask,,,11619586
2026-07-08T03:06:15.736424,2026-07-08T03:06:15.745167+00:00,121.2,40,ask,,,11619587
2026-07-08T03:06:15.748309,2026-07-08T03:06:15.758571+00:00,121.2,5,ask,,,11619589
2026-07-08T03:06:15.822504,2026-07-08T03:06:15.830694+00:00,121.2,200,ask,,,11619593
2026-07-08T03:06:16.282062,2026-07-08T03:06:16.291398+00:00,121.2,5,ask,,,11619598
2026-07-08T03:06:16.302811,2026-07-08T03:06:16.312532+00:00,121.3,5,bid,,,11619600
2026-07-08T03:06:16.355928,2026-07-08T03:06:16.364055+00:00,121.1,500,ask,,,11619602
2026-07-08T03:06:16.355928,2026-07-08T03:06:16.364055+00:00,121.1,5,ask,,,11619603
2026-07-08T03:06:16.430277,2026-07-08T03:06:16.442446+00:00,121.1,5,bid,,,11619604
2026-07-08T03:06:16.811488,2026-07-08T03:06:16.819205+00:00,120.9,5,ask,,,11619612
2026-07-08T03:06:16.815837,2026-07-08T03:06:16.824218+00:00,121.1,20,bid,,,11619613
2026-07-08T03:06:16.839835,2026-07-08T03:06:16.851083+00:00,121.1,95,bid,,,11619614
2026-07-08T03:06:17.032998,2026-07-08T03:06:17.039892+00:00,121.1,200,ask,,,11619622
2026-07-08T03:06:17.867884,2026-07-08T03:06:17.877610+00:00,121.4,5,bid,,,11619632
2026-07-08T03:06:18.241974,2026-07-08T03:06:18.249526+00:00,121.2,200,ask,,,11619640
2026-07-08T03:06:18.922157,2026-07-08T03:06:18.929703+00:00,121.4,5,bid,,,11619651
2026-07-08T03:06:19.459753,2026-07-08T03:06:19.468702+00:00,121.2,5,bid,,,11619656
2026-07-08T03:06:19.610205,2026-07-08T03:06:19.621776+00:00,121.2,5,bid,,,11619661
2026-07-08T03:06:19.989508,2026-07-08T03:06:19.997262+00:00,121.2,5,bid,,,11619668
2026-07-08T03:06:20.290059,2026-07-08T03:06:20.300450+00:00,121.2,185,bid,,,11619669
2026-07-08T03:06:20.662493,2026-07-08T03:06:20.670043+00:00,121.2,200,ask,,,11619675
2026-07-08T03:06:21.038891,2026-07-08T03:06:21.058666+00:00,121.2,40,ask,,,11619680
2026-07-08T03:06:21.048164,2026-07-08T03:06:21.058666+00:00,121.2,5,ask,,,11619682
2026-07-08T03:06:21.612495,2026-07-08T03:06:21.620883+00:00,121.1,500,ask,,,11619686
2026-07-08T03:06:21.868156,2026-07-08T03:06:21.879572+00:00,121.1,125,bid,,,11619691
2026-07-08T03:06:22.144872,2026-07-08T03:06:22.164093+00:00,121.2,12,ask,,,11619697
2026-07-08T03:06:23.898946,2026-07-08T03:06:23.910479+00:00,121.2,10,ask,,,11619715
2026-07-08T03:06:24.298317,2026-07-08T03:06:24.307010+00:00,121.3,200,ask,,,11619722
2026-07-08T03:06:25.505914,2026-07-08T03:06:25.516373+00:00,121.4,5,ask,,,11619736
2026-07-08T03:06:25.783954,2026-07-08T03:06:25.795088+00:00,121.3,10,bid,,,11619740
2026-07-08T03:06:25.950526,2026-07-08T03:06:25.958576+00:00,121.2,5,ask,,,11619743
2026-07-08T03:06:25.976619,2026-07-08T03:06:25.988244+00:00,121.3,20,bid,,,11619744
2026-07-08T03:06:28.589471,2026-07-08T03:06:28.596199+00:00,121.2,5,ask,,,11619777
2026-07-08T03:06:32.776403,2026-07-08T03:06:32.783185+00:00,121.2,5,ask,,,11619826
2026-07-08T03:06:32.827179,2026-07-08T03:06:32.833499+00:00,121.0,5,ask,,,11619827
2026-07-08T03:06:33.990227,2026-07-08T03:06:33.999298+00:00,121.1,5,ask,,,11619835
2026-07-08T03:06:33.990227,2026-07-08T03:06:33.999298+00:00,121.0,195,ask,,,11619836
2026-07-08T03:06:34.433609,2026-07-08T03:06:34.442215+00:00,121.0,5,ask,,,11619839
2026-07-08T03:06:34.690501,2026-07-08T03:06:34.702433+00:00,121.1,5,ask,,,11619844
2026-07-08T03:06:34.965402,2026-07-08T03:06:34.976672+00:00,121.1,5,ask,,,11619848
2026-07-08T03:06:35.202348,2026-07-08T03:06:35.210425+00:00,121.2,5,ask,,,11619856
2026-07-08T03:06:36.050425,2026-07-08T03:06:36.058569+00:00,121.2,195,bid,,,11619871
2026-07-08T03:06:36.252914,2026-07-08T03:06:36.264768+00:00,121.3,5,ask,,,11619874
2026-07-08T03:06:37.084135,2026-07-08T03:06:37.090898+00:00,121.3,10,ask,,,11619890
2026-07-08T03:06:38.832682,2026-07-08T03:06:38.843542+00:00,121.2,5,ask,,,11619912
2026-07-08T03:06:39.195052,2026-07-08T03:06:39.203193+00:00,121.1,5,ask,,,11619918
2026-07-08T03:06:39.200771,2026-07-08T03:06:39.208758+00:00,121.2,5,bid,,,11619919
2026-07-08T03:06:39.719247,2026-07-08T03:06:39.726606+00:00,121.1,5,ask,,,11619928
2026-07-08T03:06:39.991819,2026-07-08T03:06:39.999635+00:00,121.1,5,ask,,,11619931
2026-07-08T03:06:40.041906,2026-07-08T03:06:40.050752+00:00,121.1,200,bid,,,11619934
2026-07-08T03:06:40.245569,2026-07-08T03:06:40.252406+00:00,121.1,5,bid,,,11619937
2026-07-08T03:06:40.277226,2026-07-08T03:06:40.289412+00:00,121.1,10,bid,,,11619938
2026-07-08T03:06:40.772539,2026-07-08T03:06:40.783584+00:00,120.9,5,ask,,,11619953
2026-07-08T03:06:42.460888,2026-07-08T03:06:42.469247+00:00,121.0,5,ask,,,11619984
2026-07-08T03:06:42.619772,2026-07-08T03:06:42.627079+00:00,121.0,195,bid,,,11619987
2026-07-08T03:06:42.915847,2026-07-08T03:06:42.927615+00:00,121.0,5,ask,,,11619994
2026-07-08T03:06:43.448072,2026-07-08T03:06:43.458575+00:00,121.0,5,ask,,,11620002
2026-07-08T03:06:43.945471,2026-07-08T03:06:43.949866+00:00,121.0,5,ask,,,11620011
2026-07-08T03:06:43.999575,2026-07-08T03:06:44.007123+00:00,120.9,5,ask,,,11620013
2026-07-08T03:06:44.005181,2026-07-08T03:06:44.012595+00:00,121.0,5,bid,,,11620014
2026-07-08T03:06:44.521877,2026-07-08T03:06:44.529064+00:00,120.9,5,ask,,,11620019
2026-07-08T03:06:47.269120,2026-07-08T03:06:47.280749+00:00,120.9,10,ask,,,11620049
2026-07-08T03:06:47.312087,2026-07-08T03:06:47.319444+00:00,121.0,200,bid,,,11620050
2026-07-08T03:06:47.903648,2026-07-08T03:06:47.908166+00:00,121.1,3,ask,,,11620059
2026-07-08T03:06:48.204141,2026-07-08T03:06:48.213528+00:00,121.1,20,ask,,,11620062
2026-07-08T03:06:48.522491,2026-07-08T03:06:48.532011+00:00,121.1,200,ask,,,11620072
2026-07-08T03:06:48.559983,2026-07-08T03:06:48.571748+00:00,121.1,20,ask,,,11620074
2026-07-08T03:06:48.901559,2026-07-08T03:06:48.912968+00:00,121.1,20,ask,,,11620078
2026-07-08T03:06:49.550363,2026-07-08T03:06:49.554562+00:00,121.1,3,bid,,,11620086
2026-07-08T03:06:51.143224,2026-07-08T03:06:51.163928+00:00,121.2,20,bid,,,11620110
2026-07-08T03:06:58.195772,2026-07-08T03:06:58.203766+00:00,121.1,200,bid,,,11620184
2026-07-08T03:06:59.404904,2026-07-08T03:06:59.415172+00:00,121.0,200,ask,,,11620195
2026-07-08T03:06:59.924731,2026-07-08T03:06:59.936363+00:00,121.0,10,ask,,,11620200
2026-07-08T03:07:00.120401,2026-07-08T03:07:00.132611+00:00,121.1,20,bid,,,11620201
2026-07-08T03:07:01.634924,2026-07-08T03:07:01.643174+00:00,121.0,500,ask,,,11620226
2026-07-08T03:07:01.826797,2026-07-08T03:07:01.836969+00:00,121.0,125,ask,,,11620230
2026-07-08T03:07:02.368817,2026-07-08T03:07:02.378994+00:00,120.8,200,ask,,,11620235
2026-07-08T03:07:02.368817,2026-07-08T03:07:02.378994+00:00,120.8,5,ask,,,11620236
2026-07-08T03:07:02.408897,2026-07-08T03:07:02.420646+00:00,120.8,10,bid,,,11620237
2026-07-08T03:07:02.686223,2026-07-08T03:07:02.694099+00:00,120.6,5,ask,,,11620239
2026-07-08T03:07:04.994165,2026-07-08T03:07:05.003796+00:00,120.9,200,bid,,,11620271
2026-07-08T03:07:04.994165,2026-07-08T03:07:05.003796+00:00,120.9,425,bid,,,11620272
2026-07-08T03:07:05.170572,2026-07-08T03:07:05.174620+00:00,120.7,3,ask,,,11620277
2026-07-08T03:07:05.467603,2026-07-08T03:07:05.471988+00:00,120.8,11,ask,,,11620281
2026-07-08T03:07:05.478409,2026-07-08T03:07:05.487573+00:00,120.8,5,ask,,,11620282
2026-07-08T03:07:05.482057,2026-07-08T03:07:05.492869+00:00,120.8,6,ask,,,11620283
2026-07-08T03:07:05.885598,2026-07-08T03:07:05.896233+00:00,120.8,2,ask,,,11620289
2026-07-08T03:07:06.236322,2026-07-08T03:07:06.245993+00:00,120.8,1,ask,,,11620301
2026-07-08T03:07:06.903991,2026-07-08T03:07:06.915788+00:00,120.8,7,ask,,,11620312
2026-07-08T03:07:07.006671,2026-07-08T03:07:07.013622+00:00,120.8,20,ask,,,11620313
2026-07-08T03:07:07.248396,2026-07-08T03:07:07.260261+00:00,120.8,3,ask,,,11620318
2026-07-08T03:07:07.619500,2026-07-08T03:07:07.629672+00:00,120.8,170,ask,,,11620323
2026-07-08T03:07:07.870125,2026-07-08T03:07:07.878625+00:00,120.8,200,bid,,,11620327
2026-07-08T03:07:09.748733,2026-07-08T03:07:09.763777+00:00,120.8,20,ask,,,11620358
2026-07-08T03:07:10.680737,2026-07-08T03:07:10.688355+00:00,120.9,20,bid,,,11620364
2026-07-08T03:07:10.734102,2026-07-08T03:07:10.745733+00:00,120.8,500,ask,,,11620367
2026-07-08T03:07:11.324211,2026-07-08T03:07:11.333986+00:00,120.8,125,ask,,,11620377
2026-07-08T03:07:11.324211,2026-07-08T03:07:11.333986+00:00,120.8,200,ask,,,11620378
2026-07-08T03:07:11.552858,2026-07-08T03:07:11.553949+00:00,120.7,200,ask,,,11620382
2026-07-08T03:07:16.333715,2026-07-08T03:07:16.340162+00:00,120.7,200,bid,,,11620443
2026-07-08T03:07:18.610408,2026-07-08T03:07:18.614562+00:00,120.7,11,bid,,,11620468
2026-07-08T03:07:19.293249,2026-07-08T03:07:19.299911+00:00,120.7,5,bid,,,11620481
2026-07-08T03:07:19.427119,2026-07-08T03:07:19.446932+00:00,120.6,5,ask,,,11620483
2026-07-08T03:07:19.442716,2026-07-08T03:07:19.446932+00:00,120.6,3,bid,,,11620485
2026-07-08T03:07:19.564019,2026-07-08T03:07:19.571659+00:00,120.6,19,bid,,,11620488
2026-07-08T03:07:19.822303,2026-07-08T03:07:19.830517+00:00,120.5,5,ask,,,11620491
2026-07-08T03:07:19.827118,2026-07-08T03:07:19.835675+00:00,120.6,5,bid,,,11620492
2026-07-08T03:07:20.354773,2026-07-08T03:07:20.358600+00:00,120.5,5,ask,,,11620501
2026-07-08T03:07:20.359964,2026-07-08T03:07:20.369712+00:00,120.6,5,bid,,,11620502
2026-07-08T03:07:20.885375,2026-07-08T03:07:20.893367+00:00,120.5,5,ask,,,11620511
2026-07-08T03:07:21.080371,2026-07-08T03:07:21.087579+00:00,120.7,20,bid,,,11620516
2026-07-08T03:07:23.522580,2026-07-08T03:07:23.532213+00:00,120.6,5,ask,,,11620553
2026-07-08T03:07:24.084572,2026-07-08T03:07:24.091293+00:00,120.7,5,bid,,,11620561
2026-07-08T03:07:24.129218,2026-07-08T03:07:24.137473+00:00,120.7,5,bid,,,11620563
2026-07-08T03:07:24.205637,2026-07-08T03:07:24.213344+00:00,120.7,20,bid,,,11620568
2026-07-08T03:07:24.349939,2026-07-08T03:07:24.361523+00:00,120.7,5,bid,,,11620574
2026-07-08T03:07:24.467315,2026-07-08T03:07:24.479198+00:00,120.7,20,bid,,,11620578
2026-07-08T03:07:24.559438,2026-07-08T03:07:24.571188+00:00,120.7,5,bid,,,11620580
2026-07-08T03:07:24.618756,2026-07-08T03:07:24.627774+00:00,120.7,5,bid,,,11620583
2026-07-08T03:07:24.732681,2026-07-08T03:07:24.744578+00:00,120.8,20,bid,,,11620587
2026-07-08T03:07:25.181645,2026-07-08T03:07:25.189822+00:00,120.8,5,bid,,,11620601
2026-07-08T03:07:25.187373,2026-07-08T03:07:25.194852+00:00,120.8,5,bid,,,11620602
2026-07-08T03:07:25.714824,2026-07-08T03:07:25.722061+00:00,120.6,5,ask,,,11620609
2026-07-08T03:07:25.854589,2026-07-08T03:07:25.858620+00:00,120.7,5,ask,,,11620610
2026-07-08T03:07:26.768744,2026-07-08T03:07:26.777518+00:00,120.7,5,bid,,,11620624
2026-07-08T03:07:27.055816,2026-07-08T03:07:27.065940+00:00,120.6,5,ask,,,11620629
2026-07-08T03:07:27.307544,2026-07-08T03:07:27.315150+00:00,120.6,495,bid,,,11620639
2026-07-08T03:07:27.322665,2026-07-08T03:07:27.330826+00:00,120.6,25,ask,,,11620642
2026-07-08T03:07:27.333384,2026-07-08T03:07:27.341380+00:00,120.6,5,ask,,,11620644
2026-07-08T03:07:28.625077,2026-07-08T03:07:28.633116+00:00,120.6,200,ask,,,11620663
2026-07-08T03:07:30.477907,2026-07-08T03:07:30.485441+00:00,120.6,5,bid,,,11620688
2026-07-08T03:07:30.482501,2026-07-08T03:07:30.490471+00:00,120.6,5,bid,,,11620689
2026-07-08T03:07:30.699788,2026-07-08T03:07:30.708310+00:00,120.5,200,ask,,,11620690
2026-07-08T03:07:30.782545,2026-07-08T03:07:30.790935+00:00,120.5,5,bid,,,11620691
2026-07-08T03:07:30.786229,2026-07-08T03:07:30.806750+00:00,120.5,10,bid,,,11620692
2026-07-08T03:07:30.994557,2026-07-08T03:07:31.006429+00:00,120.5,5,bid,,,11620696
2026-07-08T03:07:31.538837,2026-07-08T03:07:31.549678+00:00,120.6,5,bid,,,11620707
2026-07-08T03:07:31.543564,2026-07-08T03:07:31.558557+00:00,120.6,5,bid,,,11620708
2026-07-08T03:07:32.072201,2026-07-08T03:07:32.083218+00:00,120.4,10,ask,,,11620719
2026-07-08T03:07:32.508179,2026-07-08T03:07:32.515794+00:00,120.5,5,ask,,,11620720
2026-07-08T03:07:32.508179,2026-07-08T03:07:32.520787+00:00,120.5,200,ask,,,11620721
2026-07-08T03:07:32.564023,2026-07-08T03:07:32.573367+00:00,120.5,295,bid,,,11620723
2026-07-08T03:07:32.615208,2026-07-08T03:07:32.622451+00:00,120.5,5,ask,,,11620726
2026-07-08T03:07:33.102185,2026-07-08T03:07:33.112952+00:00,120.6,5,ask,,,11620735
2026-07-08T03:07:33.148233,2026-07-08T03:07:33.158598+00:00,120.5,5,ask,,,11620737
2026-07-08T03:07:33.153854,2026-07-08T03:07:33.158598+00:00,120.6,5,bid,,,11620738
2026-07-08T03:07:33.294567,2026-07-08T03:07:33.305805+00:00,120.6,200,bid,,,11620741
2026-07-08T03:07:33.680490,2026-07-08T03:07:33.688108+00:00,120.5,10,ask,,,11620747
2026-07-08T03:07:33.710836,2026-07-08T03:07:33.719667+00:00,120.5,310,ask,,,11620749
2026-07-08T03:07:34.070865,2026-07-08T03:07:34.082840+00:00,120.2,5,ask,,,11620753
2026-07-08T03:07:34.070865,2026-07-08T03:07:34.082840+00:00,120.2,15,ask,,,11620754
2026-07-08T03:07:34.244843,2026-07-08T03:07:34.253112+00:00,120.2,10,ask,,,11620759
2026-07-08T03:07:34.503816,2026-07-08T03:07:34.514106+00:00,120.4,200,bid,,,11620764
2026-07-08T03:07:36.500572,2026-07-08T03:07:36.508929+00:00,120.2,200,ask,,,11620788
2026-07-08T03:07:36.500572,2026-07-08T03:07:36.508929+00:00,120.2,5,ask,,,11620789
2026-07-08T03:07:36.825612,2026-07-08T03:07:36.832768+00:00,120.0,5,ask,,,11620796
2026-07-08T03:07:36.932211,2026-07-08T03:07:36.936278+00:00,120.1,3,ask,,,11620802
2026-07-08T03:07:39.950638,2026-07-08T03:07:39.958642+00:00,120.2,5,bid,,,11620840
2026-07-08T03:07:40.479489,2026-07-08T03:07:40.489146+00:00,120.1,1,ask,,,11620847
2026-07-08T03:07:40.553809,2026-07-08T03:07:40.554942+00:00,120.1,200,ask,,,11620849
2026-07-08T03:07:42.590034,2026-07-08T03:07:42.597706+00:00,120.1,4,ask,,,11620878
2026-07-08T03:07:42.604676,2026-07-08T03:07:42.613417+00:00,120.2,20,bid,,,11620879
2026-07-08T03:07:42.982274,2026-07-08T03:07:42.990306+00:00,120.2,200,bid,,,11620882
2026-07-08T03:07:44.190430,2026-07-08T03:07:44.201740+00:00,120.2,200,bid,,,11620900
2026-07-08T03:07:46.578542,2026-07-08T03:07:46.586269+00:00,120.0,10,ask,,,11620927
2026-07-08T03:07:47.015849,2026-07-08T03:07:47.020920+00:00,120.1,200,bid,,,11620930
2026-07-08T03:07:48.659053,2026-07-08T03:07:48.670771+00:00,120.1,20,ask,,,11620957
2026-07-08T03:07:49.464756,2026-07-08T03:07:49.486649+00:00,120.1,5,ask,,,11620973
2026-07-08T03:07:49.470589,2026-07-08T03:07:49.486649+00:00,120.1,10,ask,,,11620975
2026-07-08T03:07:49.481795,2026-07-08T03:07:49.501828+00:00,120.1,34,ask,,,11620977
2026-07-08T03:07:49.533078,2026-07-08T03:07:49.544748+00:00,120.1,20,ask,,,11620980
2026-07-08T03:07:49.687446,2026-07-08T03:07:49.699227+00:00,120.1,5,ask,,,11620984
2026-07-08T03:07:49.797673,2026-07-08T03:07:49.809208+00:00,120.1,20,ask,,,11620987
2026-07-08T03:07:49.897428,2026-07-08T03:07:49.909372+00:00,120.1,5,ask,,,11620989
2026-07-08T03:07:50.080723,2026-07-08T03:07:50.092355+00:00,120.1,20,ask,,,11620993
2026-07-08T03:07:50.108926,2026-07-08T03:07:50.121182+00:00,120.1,5,ask,,,11620994
2026-07-08T03:07:50.321354,2026-07-08T03:07:50.333213+00:00,120.0,5,ask,,,11621000
2026-07-08T03:07:50.343640,2026-07-08T03:07:50.355355+00:00,120.0,3,ask,,,11621003
2026-07-08T03:07:53.888145,2026-07-08T03:07:53.895207+00:00,120.0,11,bid,,,11621053
2026-07-08T03:07:54.897012,2026-07-08T03:07:54.898873+00:00,120.0,189,bid,,,11621060
2026-07-08T03:07:56.247274,2026-07-08T03:07:56.271046+00:00,119.9,500,ask,,,11621080
2026-07-08T03:07:56.265863,2026-07-08T03:07:56.271046+00:00,119.9,12,bid,,,11621082
2026-07-08T03:07:56.370796,2026-07-08T03:07:56.382635+00:00,119.9,20,bid,,,11621084
2026-07-08T03:07:56.668896,2026-07-08T03:07:56.680758+00:00,119.9,20,bid,,,11621088
2026-07-08T03:07:56.697747,2026-07-08T03:07:56.706592+00:00,119.9,73,bid,,,11621089
2026-07-08T03:07:56.697747,2026-07-08T03:07:56.706592+00:00,119.9,200,bid,,,11621090
2026-07-08T03:07:56.720896,2026-07-08T03:07:56.733099+00:00,119.9,20,ask,,,11621091
2026-07-08T03:07:58.869448,2026-07-08T03:07:58.878248+00:00,120.1,200,bid,,,11621113
2026-07-08T03:08:00.372913,2026-07-08T03:08:00.382501+00:00,120.2,20,bid,,,11621132
2026-07-08T03:08:07.976182,2026-07-08T03:08:07.986047+00:00,120.3,5,bid,,,11621219
2026-07-08T03:08:08.418939,2026-07-08T03:08:08.430791+00:00,120.2,20,bid,,,11621222
2026-07-08T03:08:08.695669,2026-07-08T03:08:08.707525+00:00,120.2,20,bid,,,11621232
2026-07-08T03:08:08.962950,2026-07-08T03:08:08.974398+00:00,120.2,10,bid,,,11621235
2026-07-08T03:08:09.601625,2026-07-08T03:08:09.611535+00:00,120.1,200,ask,,,11621245
2026-07-08T03:08:12.240872,2026-07-08T03:08:12.249529+00:00,120.1,5,ask,,,11621278
2026-07-08T03:08:13.243861,2026-07-08T03:08:13.253225+00:00,120.2,200,bid,,,11621289
2026-07-08T03:08:13.342607,2026-07-08T03:08:13.346409+00:00,120.1,11,bid,,,11621291
2026-07-08T03:08:13.460921,2026-07-08T03:08:13.467795+00:00,120.1,3,bid,,,11621292
2026-07-08T03:08:14.452464,2026-07-08T03:08:14.458573+00:00,120.1,200,bid,,,11621307
2026-07-08T03:08:18.506318,2026-07-08T03:08:18.516903+00:00,120.1,200,bid,,,11621351
2026-07-08T03:08:19.281078,2026-07-08T03:08:19.292549+00:00,120.1,200,ask,,,11621361
2026-07-08T03:08:19.711815,2026-07-08T03:08:19.721677+00:00,120.2,500,bid,,,11621365
2026-07-08T03:08:22.515401,2026-07-08T03:08:22.520237+00:00,120.1,200,bid,,,11621397
2026-07-08T03:08:23.835699,2026-07-08T03:08:23.843333+00:00,120.2,200,ask,,,11621415
2026-07-08T03:08:24.134072,2026-07-08T03:08:24.141519+00:00,120.2,200,bid,,,11621419
2026-07-08T03:08:25.265550,2026-07-08T03:08:25.270532+00:00,120.3,11,ask,,,11621436
2026-07-08T03:08:25.354181,2026-07-08T03:08:25.364947+00:00,120.3,200,ask,,,11621439
2026-07-08T03:08:25.960991,2026-07-08T03:08:25.972805+00:00,120.5,20,bid,,,11621456
2026-07-08T03:08:27.817623,2026-07-08T03:08:27.825701+00:00,120.3,200,ask,,,11621485
2026-07-08T03:08:28.886930,2026-07-08T03:08:28.899026+00:00,120.3,20,bid,,,11621504
2026-07-08T03:08:28.996420,2026-07-08T03:08:29.005422+00:00,120.3,200,bid,,,11621506
2026-07-08T03:08:30.434428,2026-07-08T03:08:30.442545+00:00,120.5,200,bid,,,11621528
2026-07-08T03:08:33.875347,2026-07-08T03:08:33.879715+00:00,120.4,12,ask,,,11621577
2026-07-08T03:08:34.999803,2026-07-08T03:08:35.009388+00:00,120.4,20,ask,,,11621590
2026-07-08T03:08:35.072904,2026-07-08T03:08:35.080913+00:00,120.5,200,bid,,,11621592
2026-07-08T03:08:35.596601,2026-07-08T03:08:35.608295+00:00,120.3,20,ask,,,11621598
2026-07-08T03:08:36.281567,2026-07-08T03:08:36.292717+00:00,120.5,200,bid,,,11621605
2026-07-08T03:08:38.707217,2026-07-08T03:08:38.716616+00:00,120.4,200,ask,,,11621624
2026-07-08T03:08:39.091902,2026-07-08T03:08:39.101058+00:00,120.4,425,ask,,,11621631
2026-07-08T03:08:39.912174,2026-07-08T03:08:39.922000+00:00,120.3,200,bid,,,11621643
2026-07-08T03:08:40.956375,2026-07-08T03:08:40.960609+00:00,120.2,11,ask,,,11621658
2026-07-08T03:08:41.119563,2026-07-08T03:08:41.128115+00:00,120.3,200,bid,,,11621659
2026-07-08T03:08:43.549634,2026-07-08T03:08:43.558570+00:00,120.2,200,ask,,,11621686
2026-07-08T03:08:46.975486,2026-07-08T03:08:46.983282+00:00,120.4,500,ask,,,11621728
2026-07-08T03:08:47.528053,2026-07-08T03:08:47.532504+00:00,120.3,11,bid,,,11621735
2026-07-08T03:08:48.387394,2026-07-08T03:08:48.394479+00:00,120.3,200,bid,,,11621742
2026-07-08T03:08:48.819698,2026-07-08T03:08:48.828620+00:00,120.4,500,bid,,,11621755
2026-07-08T03:08:49.381956,2026-07-08T03:08:49.389023+00:00,120.4,125,ask,,,11621761
2026-07-08T03:08:50.134889,2026-07-08T03:08:50.157730+00:00,120.3,200,ask,,,11621769
2026-07-08T03:08:50.134889,2026-07-08T03:08:50.157730+00:00,120.1,5,ask,,,11621770
2026-07-08T03:08:50.152822,2026-07-08T03:08:50.157730+00:00,120.1,12,bid,,,11621772
2026-07-08T03:08:50.655761,2026-07-08T03:08:50.664647+00:00,119.9,5,ask,,,11621776
2026-07-08T03:08:50.803618,2026-07-08T03:08:50.812315+00:00,120.1,200,bid,,,11621777
2026-07-08T03:08:52.014667,2026-07-08T03:08:52.023642+00:00,120.2,200,bid,,,11621793
2026-07-08T03:08:53.223586,2026-07-08T03:08:53.232648+00:00,120.1,200,bid,,,11621804
2026-07-08T03:08:53.789506,2026-07-08T03:08:53.793707+00:00,119.9,23,ask,,,11621821
2026-07-08T03:08:54.090461,2026-07-08T03:08:54.094469+00:00,120.0,12,ask,,,11621824
2026-07-08T03:08:54.301435,2026-07-08T03:08:54.313290+00:00,120.0,10,ask,,,11621827
2026-07-08T03:08:54.372086,2026-07-08T03:08:54.383716+00:00,120.0,20,ask,,,11621829
2026-07-08T03:08:54.745317,2026-07-08T03:08:54.758603+00:00,120.0,20,ask,,,11621836
2026-07-08T03:08:55.089118,2026-07-08T03:08:55.100901+00:00,120.0,16,ask,,,11621840
2026-07-08T03:08:55.461256,2026-07-08T03:08:55.472968+00:00,120.0,5,ask,,,11621844
2026-07-08T03:08:55.818362,2026-07-08T03:08:55.829770+00:00,120.0,2,ask,,,11621851
2026-07-08T03:08:56.506057,2026-07-08T03:08:56.517981+00:00,120.0,1,ask,,,11621862
2026-07-08T03:08:56.699957,2026-07-08T03:08:56.710672+00:00,120.2,200,bid,,,11621864
2026-07-08T03:08:56.699957,2026-07-08T03:08:56.710672+00:00,120.2,425,bid,,,11621865
2026-07-08T03:08:56.871226,2026-07-08T03:08:56.880317+00:00,120.2,20,bid,,,11621867
2026-07-08T03:08:56.899750,2026-07-08T03:08:56.904521+00:00,120.1,11,ask,,,11621870
2026-07-08T03:08:57.072160,2026-07-08T03:08:57.084168+00:00,120.1,5,ask,,,11621871
2026-07-08T03:08:57.134234,2026-07-08T03:08:57.143909+00:00,120.1,2,ask,,,11621879
2026-07-08T03:08:57.246713,2026-07-08T03:08:57.258699+00:00,120.1,182,ask,,,11621882
2026-07-08T03:08:58.026765,2026-07-08T03:08:58.030999+00:00,119.9,11,bid,,,11621896
2026-07-08T03:08:58.085586,2026-07-08T03:08:58.094683+00:00,119.9,200,bid,,,11621897
2026-07-08T03:08:58.200625,2026-07-08T03:08:58.212497+00:00,119.9,10,bid,,,11621900
2026-07-08T03:08:59.311852,2026-07-08T03:08:59.319758+00:00,119.9,200,bid,,,11621913
2026-07-08T03:09:00.526118,2026-07-08T03:09:00.535335+00:00,120.0,200,bid,,,11621926
2026-07-08T03:09:01.736678,2026-07-08T03:09:01.748149+00:00,120.0,200,bid,,,11621936
2026-07-08T03:09:02.097803,2026-07-08T03:09:02.107786+00:00,119.9,500,ask,,,11621941
2026-07-08T03:09:02.690440,2026-07-08T03:09:02.699530+00:00,119.9,125,ask,,,11621956
2026-07-08T03:09:02.690440,2026-07-08T03:09:02.699530+00:00,119.9,5,ask,,,11621957
2026-07-08T03:09:02.720899,2026-07-08T03:09:02.725731+00:00,119.9,35,bid,,,11621959
2026-07-08T03:09:02.811778,2026-07-08T03:09:02.824245+00:00,119.9,15,bid,,,11621961
2026-07-08T03:09:02.947667,2026-07-08T03:09:02.958547+00:00,119.9,200,bid,,,11621964
2026-07-08T03:09:03.677096,2026-07-08T03:09:03.688805+00:00,119.6,5,ask,,,11621973
2026-07-08T03:09:04.158163,2026-07-08T03:09:04.166946+00:00,119.8,200,bid,,,11621976
2026-07-08T03:09:05.370709,2026-07-08T03:09:05.381399+00:00,119.8,200,bid,,,11621999
2026-07-08T03:09:06.586332,2026-07-08T03:09:06.597388+00:00,119.7,200,ask,,,11622014
2026-07-08T03:09:07.807659,2026-07-08T03:09:07.817689+00:00,119.7,200,ask,,,11622041
2026-07-08T03:09:08.343693,2026-07-08T03:09:08.350696+00:00,119.7,20,ask,,,11622048
2026-07-08T03:09:08.613834,2026-07-08T03:09:08.625960+00:00,119.9,20,bid,,,11622053
2026-07-08T03:09:08.880784,2026-07-08T03:09:08.891938+00:00,119.9,20,bid,,,11622058
2026-07-08T03:09:09.015387,2026-07-08T03:09:09.023031+00:00,119.7,200,ask,,,11622064
2026-07-08T03:09:09.147878,2026-07-08T03:09:09.146455+00:00,119.9,15,bid,,,11622067
2026-07-08T03:09:10.234096,2026-07-08T03:09:10.241897+00:00,119.7,5,ask,,,11622082
2026-07-08T03:09:10.234096,2026-07-08T03:09:10.247155+00:00,119.6,195,ask,,,11622083
2026-07-08T03:09:10.412756,2026-07-08T03:09:10.421540+00:00,119.6,5,ask,,,11622086
2026-07-08T03:09:11.209989,2026-07-08T03:09:11.218230+00:00,119.7,5,ask,,,11622097
2026-07-08T03:09:11.229871,2026-07-08T03:09:11.238555+00:00,119.7,9,bid,,,11622099
2026-07-08T03:09:11.233807,2026-07-08T03:09:11.238555+00:00,119.7,11,bid,,,11622100
2026-07-08T03:09:11.467025,2026-07-08T03:09:11.474941+00:00,119.5,5,ask,,,11622104
2026-07-08T03:09:11.717137,2026-07-08T03:09:11.728638+00:00,119.7,20,bid,,,11622111
2026-07-08T03:09:14.933542,2026-07-08T03:09:14.937842+00:00,119.5,3,bid,,,11622149
2026-07-08T03:09:15.071043,2026-07-08T03:09:15.078202+00:00,119.5,200,bid,,,11622151
2026-07-08T03:09:15.111135,2026-07-08T03:09:15.122647+00:00,119.5,5,bid,,,11622153
2026-07-08T03:09:15.116098,2026-07-08T03:09:15.127984+00:00,119.5,5,bid,,,11622154
2026-07-08T03:09:15.198537,2026-07-08T03:09:15.208147+00:00,119.6,10,bid,,,11622161
2026-07-08T03:09:15.642062,2026-07-08T03:09:15.649882+00:00,119.6,5,bid,,,11622166
2026-07-08T03:09:16.167789,2026-07-08T03:09:16.174901+00:00,119.4,5,ask,,,11622168
2026-07-08T03:09:17.783572,2026-07-08T03:09:17.794460+00:00,119.5,5,ask,,,11622195
2026-07-08T03:09:17.783572,2026-07-08T03:09:17.794460+00:00,119.5,200,ask,,,11622196
2026-07-08T03:09:17.801819,2026-07-08T03:09:17.810476+00:00,119.3,5,ask,,,11622197
2026-07-08T03:09:20.327011,2026-07-08T03:09:20.334156+00:00,119.4,5,ask,,,11622232
2026-07-08T03:09:20.592044,2026-07-08T03:09:20.599562+00:00,119.4,5,ask,,,11622241
2026-07-08T03:09:20.947322,2026-07-08T03:09:20.959037+00:00,119.5,20,bid,,,11622247
2026-07-08T03:09:21.548130,2026-07-08T03:09:21.554911+00:00,119.5,5,bid,,,11622255
2026-07-08T03:09:22.384044,2026-07-08T03:09:22.392384+00:00,119.5,200,bid,,,11622262
2026-07-08T03:09:23.669608,2026-07-08T03:09:23.681176+00:00,119.5,5,bid,,,11622280
2026-07-08T03:09:25.251418,2026-07-08T03:09:25.259168+00:00,119.5,5,bid,,,11622300
2026-07-08T03:09:25.738311,2026-07-08T03:09:25.749978+00:00,119.5,10,bid,,,11622307
2026-07-08T03:09:25.780808,2026-07-08T03:09:25.792521+00:00,119.5,5,bid,,,11622308
2026-07-08T03:09:26.901837,2026-07-08T03:09:26.913074+00:00,119.5,500,bid,,,11622314
2026-07-08T03:09:26.975271,2026-07-08T03:09:26.984105+00:00,119.6,200,bid,,,11622316
2026-07-08T03:09:27.020986,2026-07-08T03:09:27.032462+00:00,119.7,5,ask,,,11622319
2026-07-08T03:09:27.386584,2026-07-08T03:09:27.396919+00:00,119.8,5,bid,,,11622328
2026-07-08T03:09:27.486939,2026-07-08T03:09:27.498744+00:00,119.7,5,ask,,,11622331
2026-07-08T03:09:27.917434,2026-07-08T03:09:27.924674+00:00,119.8,5,bid,,,11622337
2026-07-08T03:09:27.922197,2026-07-08T03:09:27.930222+00:00,119.8,5,bid,,,11622338
2026-07-08T03:09:28.459183,2026-07-08T03:09:28.469188+00:00,119.8,5,bid,,,11622347
2026-07-08T03:09:29.145035,2026-07-08T03:09:29.163906+00:00,119.8,20,bid,,,11622362
2026-07-08T03:09:29.609415,2026-07-08T03:09:29.618580+00:00,119.7,5,ask,,,11622369
2026-07-08T03:09:29.609415,2026-07-08T03:09:29.618580+00:00,119.6,200,ask,,,11622370
2026-07-08T03:09:29.609415,2026-07-08T03:09:29.623798+00:00,119.6,420,ask,,,11622371
2026-07-08T03:09:30.867386,2026-07-08T03:09:30.875665+00:00,119.7,5,ask,,,11622392
2026-07-08T03:09:30.949107,2026-07-08T03:09:30.958619+00:00,119.7,5,bid,,,11622398
2026-07-08T03:09:31.103896,2026-07-08T03:09:31.113334+00:00,119.6,10,ask,,,11622402
2026-07-08T03:09:31.633092,2026-07-08T03:09:31.640543+00:00,119.7,5,bid,,,11622411
2026-07-08T03:09:31.687049,2026-07-08T03:09:31.698785+00:00,119.6,20,ask,,,11622412
2026-07-08T03:09:32.077524,2026-07-08T03:09:32.091840+00:00,119.6,200,ask,,,11622418
2026-07-08T03:09:32.162209,2026-07-08T03:09:32.170106+00:00,119.8,5,bid,,,11622421
2026-07-08T03:09:32.238594,2026-07-08T03:09:32.249180+00:00,119.7,5,ask,,,11622422
2026-07-08T03:09:32.372951,2026-07-08T03:09:32.380497+00:00,119.7,5,bid,,,11622424
2026-07-08T03:09:32.569092,2026-07-08T03:09:32.580965+00:00,119.6,20,ask,,,11622430
2026-07-08T03:09:32.688517,2026-07-08T03:09:32.697554+00:00,119.6,10,ask,,,11622431
2026-07-08T03:09:33.864437,2026-07-08T03:09:33.868598+00:00,119.7,3,bid,,,11622446
2026-07-08T03:09:33.988845,2026-07-08T03:09:34.000857+00:00,119.7,5,bid,,,11622447
2026-07-08T03:09:34.202808,2026-07-08T03:09:34.214656+00:00,119.7,5,bid,,,11622454
2026-07-08T03:09:34.224328,2026-07-08T03:09:34.236032+00:00,119.7,10,bid,,,11622456
2026-07-08T03:09:34.277148,2026-07-08T03:09:34.284890+00:00,119.7,100,bid,,,11622459
2026-07-08T03:09:34.281477,2026-07-08T03:09:34.290336+00:00,119.7,5,bid,,,11622460
2026-07-08T03:09:34.414409,2026-07-08T03:09:34.425871+00:00,119.7,5,bid,,,11622463
2026-07-08T03:09:34.493278,2026-07-08T03:09:34.504163+00:00,119.6,200,ask,,,11622465
2026-07-08T03:09:34.623379,2026-07-08T03:09:34.634860+00:00,119.7,5,bid,,,11622467
2026-07-08T03:09:34.818007,2026-07-08T03:09:34.827213+00:00,119.7,22,bid,,,11622470
2026-07-08T03:09:35.615035,2026-07-08T03:09:35.626877+00:00,119.7,10,bid,,,11622494
2026-07-08T03:09:35.858548,2026-07-08T03:09:35.870370+00:00,119.7,5,bid,,,11622496
2026-07-08T03:09:36.210423,2026-07-08T03:09:36.222052+00:00,119.5,200,ask,,,11622499
2026-07-08T03:09:36.210423,2026-07-08T03:09:36.222052+00:00,119.5,5,ask,,,11622500
2026-07-08T03:09:36.210423,2026-07-08T03:09:36.222052+00:00,119.5,420,ask,,,11622501
2026-07-08T03:09:37.363694,2026-07-08T03:09:37.375422+00:00,119.5,20,ask,,,11622522
2026-07-08T03:09:37.443274,2026-07-08T03:09:37.458562+00:00,119.5,5,ask,,,11622523
2026-07-08T03:09:37.525109,2026-07-08T03:09:37.534556+00:00,119.5,175,ask,,,11622525
2026-07-08T03:09:37.525109,2026-07-08T03:09:37.534556+00:00,119.5,450,ask,,,11622526
2026-07-08T03:09:38.116253,2026-07-08T03:09:38.122971+00:00,119.5,200,ask,,,11622537
2026-07-08T03:09:38.430588,2026-07-08T03:09:38.434920+00:00,119.6,3,ask,,,11622542
2026-07-08T03:09:39.293224,2026-07-08T03:09:39.305365+00:00,119.6,5,bid,,,11622553
2026-07-08T03:09:39.607398,2026-07-08T03:09:39.613966+00:00,119.6,5,bid,,,11622558
2026-07-08T03:09:40.537231,2026-07-08T03:09:40.544789+00:00,119.6,200,ask,,,11622571
2026-07-08T03:09:42.837070,2026-07-08T03:09:47.161921+00:00,119.7,20,ask,,,11622603
2026-07-08T03:09:43.892786,2026-07-08T03:09:47.161921+00:00,119.7,5,ask,,,11622620
2026-07-08T03:09:44.116530,2026-07-08T03:09:47.161921+00:00,119.8,20,bid,,,11622621
2026-07-08T03:09:44.947809,2026-07-08T03:09:47.161921+00:00,119.7,5,ask,,,11622636
2026-07-08T03:09:46.595213,2026-07-08T03:09:47.161921+00:00,119.7,5,bid,,,11622653
2026-07-08T03:09:47.056096,2026-07-08T03:09:47.161921+00:00,119.7,40,ask,,,11622663
2026-07-08T03:09:47.069300,2026-07-08T03:09:47.161921+00:00,119.7,5,ask,,,11622665
2026-07-08T03:09:47.599909,2026-07-08T03:09:47.607710+00:00,119.7,21,ask,,,11622671
2026-07-08T03:09:49.200526,2026-07-08T03:09:49.208035+00:00,119.6,5,ask,,,11622688
2026-07-08T03:09:49.345398,2026-07-08T03:09:49.352487+00:00,119.7,5,bid,,,11622692
2026-07-08T03:09:50.234222,2026-07-08T03:09:50.245930+00:00,119.9,10,bid,,,11622710
2026-07-08T03:09:50.241750,2026-07-08T03:09:50.250890+00:00,119.9,5,bid,,,11622711
2026-07-08T03:09:50.773901,2026-07-08T03:09:50.780498+00:00,119.9,20,bid,,,11622718
2026-07-08T03:09:52.646307,2026-07-08T03:09:52.655797+00:00,120.0,200,bid,,,11622755
2026-07-08T03:09:53.423394,2026-07-08T03:09:53.434780+00:00,119.9,5,ask,,,11622764
2026-07-08T03:09:53.774181,2026-07-08T03:09:53.780550+00:00,119.9,20,ask,,,11622773
2026-07-08T03:09:55.011563,2026-07-08T03:09:55.018218+00:00,119.9,5,ask,,,11622791
2026-07-08T03:09:55.203259,2026-07-08T03:09:55.215375+00:00,120.0,5,bid,,,11622793
2026-07-08T03:09:55.540084,2026-07-08T03:09:55.551393+00:00,120.1,10,bid,,,11622798
2026-07-08T03:09:57.216780,2026-07-08T03:09:57.226909+00:00,120.1,200,bid,,,11622819
2026-07-08T03:09:57.216780,2026-07-08T03:09:57.226909+00:00,120.1,5,bid,,,11622820
2026-07-08T03:09:57.496812,2026-07-08T03:09:57.507517+00:00,120.1,200,ask,,,11622828
2026-07-08T03:09:58.536578,2026-07-08T03:09:58.547071+00:00,120.0,5,ask,,,11622839
2026-07-08T03:09:58.709305,2026-07-08T03:09:58.716778+00:00,119.9,5,ask,,,11622846
2026-07-08T03:09:59.850968,2026-07-08T03:09:59.856931+00:00,119.9,195,ask,,,11622859
2026-07-08T03:09:59.850968,2026-07-08T03:09:59.856931+00:00,119.9,5,ask,,,11622860
2026-07-08T03:09:59.916969,2026-07-08T03:09:59.925445+00:00,119.9,200,bid,,,11622862
2026-07-08T03:10:01.894155,2026-07-08T03:10:01.905948+00:00,119.9,5,ask,,,11622889
2026-07-08T03:10:02.390468,2026-07-08T03:10:02.399340+00:00,119.9,20,ask,,,11622898
2026-07-08T03:10:02.423402,2026-07-08T03:10:02.434791+00:00,119.9,40,ask,,,11622899
2026-07-08T03:10:02.433444,2026-07-08T03:10:02.440340+00:00,119.9,5,ask,,,11622901
2026-07-08T03:10:03.553987,2026-07-08T03:10:03.558561+00:00,120.0,200,bid,,,11622919
2026-07-08T03:10:04.029672,2026-07-08T03:10:04.036932+00:00,120.0,46,ask,,,11622927
2026-07-08T03:10:05.398374,2026-07-08T03:10:05.405533+00:00,120.0,20,ask,,,11622944
2026-07-08T03:10:05.589262,2026-07-08T03:10:05.599346+00:00,120.2,5,bid,,,11622950
2026-07-08T03:10:06.128471,2026-07-08T03:10:06.139963+00:00,120.2,5,bid,,,11622960
2026-07-08T03:10:06.656125,2026-07-08T03:10:06.666755+00:00,120.2,5,bid,,,11622972
2026-07-08T03:10:07.186332,2026-07-08T03:10:07.195403+00:00,120.2,5,bid,,,11622980
2026-07-08T03:10:07.733407,2026-07-08T03:10:07.742750+00:00,120.2,200,bid,,,11622986
