timestamp,recv_time,price,volume,aggressor_side,buyer,seller,trade_id
2026-07-07T21:00:01.362217,2026-07-07T21:00:01.374042+00:00,139.1,4,ask,,,11311256
2026-07-07T21:00:02.456955,2026-07-07T21:00:02.450418+00:00,139.2,200,bid,,,11311270
2026-07-07T21:00:04.319868,2026-07-07T21:00:04.331482+00:00,139.1,20,ask,,,11311295
2026-07-07T21:00:06.010451,2026-07-07T21:00:06.020919+00:00,139.3,200,bid,,,11311313
2026-07-07T21:00:07.220544,2026-07-07T21:00:07.229557+00:00,139.3,200,bid,,,11311328
2026-07-07T21:00:08.401057,2026-07-07T21:00:08.411302+00:00,139.2,12,bid,,,11311337
2026-07-07T21:00:08.909062,2026-07-07T21:00:08.915899+00:00,139.1,500,ask,,,11311340
2026-07-07T21:00:09.032856,2026-07-07T21:00:09.040194+00:00,139.1,200,ask,,,11311341
2026-07-07T21:00:09.051273,2026-07-07T21:00:09.055935+00:00,139.1,12,bid,,,11311343
2026-07-07T21:00:10.668507,2026-07-07T21:00:10.679982+00:00,139.2,12,bid,,,11311367
2026-07-07T21:00:10.852335,2026-07-07T21:00:10.850922+00:00,139.2,200,bid,,,11311373
2026-07-07T21:00:12.526343,2026-07-07T21:00:12.535644+00:00,139.1,500,ask,,,11311389
2026-07-07T21:00:12.965303,2026-07-07T21:00:12.974378+00:00,139.1,200,ask,,,11311396
2026-07-07T21:00:12.981205,2026-07-07T21:00:12.985523+00:00,139.1,11,bid,,,11311398
2026-07-07T21:00:13.266166,2026-07-07T21:00:13.275443+00:00,139.1,200,bid,,,11311404
2026-07-07T21:00:14.274733,2026-07-07T21:00:14.281497+00:00,139.2,500,bid,,,11311414
2026-07-07T21:00:14.721960,2026-07-07T21:00:14.733731+00:00,139.3,12,bid,,,11311425
2026-07-07T21:00:15.486948,2026-07-07T21:00:15.498890+00:00,139.2,12,ask,,,11311434
2026-07-07T21:00:18.206926,2026-07-07T21:00:18.216167+00:00,139.0,20,ask,,,11311465
2026-07-07T21:00:21.293570,2026-07-07T21:00:21.305188+00:00,138.9,12,ask,,,11311494
2026-07-07T21:00:21.414937,2026-07-07T21:00:21.426952+00:00,138.9,20,ask,,,11311496
2026-07-07T21:00:24.762824,2026-07-07T21:00:24.770282+00:00,139.0,200,bid,,,11311543
2026-07-07T21:00:27.932015,2026-07-07T21:00:27.943606+00:00,139.1,20,bid,,,11311579
2026-07-07T21:00:28.601339,2026-07-07T21:00:28.613420+00:00,139.1,12,bid,,,11311586
2026-07-07T21:00:28.777119,2026-07-07T21:00:28.789296+00:00,139.1,20,bid,,,11311587
2026-07-07T21:00:29.619575,2026-07-07T21:00:29.631218+00:00,139.2,12,bid,,,11311601
2026-07-07T21:00:31.381171,2026-07-07T21:00:31.390532+00:00,139.0,12,ask,,,11311620
2026-07-07T21:00:31.428184,2026-07-07T21:00:31.436987+00:00,139.3,200,bid,,,11311622
2026-07-07T21:00:34.326577,2026-07-07T21:00:34.337590+00:00,139.4,200,bid,,,11311663
2026-07-07T21:00:34.326577,2026-07-07T21:00:34.337590+00:00,139.4,300,bid,,,11311664
2026-07-07T21:00:34.922746,2026-07-07T21:00:34.929688+00:00,139.4,325,bid,,,11311673
2026-07-07T21:00:34.956098,2026-07-07T21:00:34.959977+00:00,139.5,11,ask,,,11311677
2026-07-07T21:00:35.967959,2026-07-07T21:00:35.979506+00:00,139.7,20,bid,,,11311684
2026-07-07T21:00:36.187355,2026-07-07T21:00:36.198930+00:00,139.7,12,bid,,,11311692
2026-07-07T21:00:36.279012,2026-07-07T21:00:36.283109+00:00,139.6,11,bid,,,11311700
2026-07-07T21:00:39.200739,2026-07-07T21:00:39.208602+00:00,139.4,500,ask,,,11311739
2026-07-07T21:00:39.225058,2026-07-07T21:00:39.236685+00:00,139.3,12,ask,,,11311740
2026-07-07T21:00:39.891320,2026-07-07T21:00:39.899068+00:00,139.4,125,bid,,,11311748
2026-07-07T21:00:41.838852,2026-07-07T21:00:41.843017+00:00,139.5,11,ask,,,11311783
2026-07-07T21:00:42.523165,2026-07-07T21:00:42.534644+00:00,139.7,20,bid,,,11311796
2026-07-07T21:00:44.236277,2026-07-07T21:00:44.247703+00:00,139.6,12,bid,,,11311811
2026-07-07T21:00:44.491441,2026-07-07T21:00:44.497816+00:00,139.6,12,bid,,,11311815
2026-07-07T21:00:48.769339,2026-07-07T21:00:48.781420+00:00,139.5,12,ask,,,11311864
2026-07-07T21:00:49.585542,2026-07-07T21:00:49.592486+00:00,139.5,200,ask,,,11311873
2026-07-07T21:00:50.520954,2026-07-07T21:00:50.532577+00:00,139.6,20,bid,,,11311880
2026-07-07T21:00:51.811691,2026-07-07T21:00:51.823511+00:00,139.5,12,bid,,,11311890
2026-07-07T21:00:52.320602,2026-07-07T21:00:52.327165+00:00,139.4,12,ask,,,11311893
2026-07-07T21:00:52.323824,2026-07-07T21:00:52.327165+00:00,139.4,188,ask,,,11311894
2026-07-07T21:00:53.208740,2026-07-07T21:00:53.217097+00:00,139.4,200,bid,,,11311907
2026-07-07T21:00:55.101970,2026-07-07T21:00:55.113057+00:00,139.3,12,ask,,,11311940
2026-07-07T21:00:57.111456,2026-07-07T21:00:57.123303+00:00,139.4,20,ask,,,11311956
2026-07-07T21:00:57.382447,2026-07-07T21:00:57.390599+00:00,139.5,12,ask,,,11311966
2026-07-07T21:00:57.956965,2026-07-07T21:00:57.968965+00:00,139.6,200,bid,,,11311973
2026-07-07T21:00:57.956965,2026-07-07T21:00:57.968965+00:00,139.6,300,bid,,,11311974
2026-07-07T21:01:00.485492,2026-07-07T21:01:00.493368+00:00,139.6,200,ask,,,11312004
2026-07-07T21:01:01.451530,2026-07-07T21:01:01.458609+00:00,139.8,12,bid,,,11312011
2026-07-07T21:01:01.615335,2026-07-07T21:01:01.624059+00:00,139.6,20,ask,,,11312012
2026-07-07T21:01:02.066772,2026-07-07T21:01:02.074038+00:00,139.6,20,ask,,,11312023
2026-07-07T21:01:02.990426,2026-07-07T21:01:03.000725+00:00,139.6,20,ask,,,11312036
2026-07-07T21:01:04.010072,2026-07-07T21:01:04.021411+00:00,139.7,200,bid,,,11312052
2026-07-07T21:01:04.139494,2026-07-07T21:01:04.158800+00:00,139.7,300,ask,,,11312054
2026-07-07T21:01:04.139494,2026-07-07T21:01:04.158800+00:00,139.7,200,ask,,,11312055
2026-07-07T21:01:04.606127,2026-07-07T21:01:04.613542+00:00,139.7,125,bid,,,11312060
2026-07-07T21:01:04.988559,2026-07-07T21:01:04.997194+00:00,139.7,12,ask,,,11312067
2026-07-07T21:01:05.449986,2026-07-07T21:01:05.468679+00:00,139.9,200,bid,,,11312070
2026-07-07T21:01:05.464564,2026-07-07T21:01:05.468679+00:00,139.9,12,ask,,,11312072
2026-07-07T21:01:05.507127,2026-07-07T21:01:05.516700+00:00,139.9,12,ask,,,11312074
2026-07-07T21:01:07.158040,2026-07-07T21:01:07.169057+00:00,139.8,20,ask,,,11312085
2026-07-07T21:01:07.440992,2026-07-07T21:01:07.445446+00:00,140.0,12,bid,,,11312092
2026-07-07T21:01:07.776722,2026-07-07T21:01:07.784767+00:00,139.9,12,bid,,,11312104
2026-07-07T21:01:07.780035,2026-07-07T21:01:07.784767+00:00,139.9,11,bid,,,11312105
2026-07-07T21:01:08.072508,2026-07-07T21:01:08.079358+00:00,139.9,177,bid,,,11312110
2026-07-07T21:01:08.969636,2026-07-07T21:01:08.980893+00:00,139.9,200,ask,,,11312119
2026-07-07T21:01:09.804712,2026-07-07T21:01:09.816419+00:00,139.9,12,bid,,,11312127
2026-07-07T21:01:10.198114,2026-07-07T21:01:10.202611+00:00,139.8,3,bid,,,11312137
2026-07-07T21:01:10.694771,2026-07-07T21:01:10.701596+00:00,139.8,197,bid,,,11312144
2026-07-07T21:01:11.387259,2026-07-07T21:01:11.394072+00:00,139.9,200,ask,,,11312154
2026-07-07T21:01:14.109544,2026-07-07T21:01:14.117266+00:00,140.0,12,bid,,,11312184
2026-07-07T21:01:16.383832,2026-07-07T21:01:16.394755+00:00,140.0,12,bid,,,11312213
2026-07-07T21:01:17.248364,2026-07-07T21:01:17.259122+00:00,139.9,500,ask,,,11312226
2026-07-07T21:01:17.315410,2026-07-07T21:01:17.323567+00:00,139.9,125,bid,,,11312227
2026-07-07T21:01:17.927156,2026-07-07T21:01:17.935951+00:00,140.0,200,bid,,,11312234
2026-07-07T21:01:18.114475,2026-07-07T21:01:18.126502+00:00,140.0,20,ask,,,11312240
2026-07-07T21:01:18.404532,2026-07-07T21:01:18.416480+00:00,140.0,12,ask,,,11312245
2026-07-07T21:01:19.877889,2026-07-07T21:01:19.886256+00:00,140.0,200,ask,,,11312269
2026-07-07T21:01:20.427979,2026-07-07T21:01:20.437577+00:00,140.2,12,bid,,,11312282
2026-07-07T21:01:22.448752,2026-07-07T21:01:22.458635+00:00,140.1,12,ask,,,11312301
2026-07-07T21:01:22.501688,2026-07-07T21:01:22.513276+00:00,140.2,200,bid,,,11312303
2026-07-07T21:01:24.528748,2026-07-07T21:01:24.535258+00:00,140.2,20,bid,,,11312327
2026-07-07T21:01:26.014763,2026-07-07T21:01:26.024031+00:00,140.2,12,ask,,,11312348
2026-07-07T21:01:26.783903,2026-07-07T21:01:26.792159+00:00,140.2,12,ask,,,11312356
2026-07-07T21:01:29.588274,2026-07-07T21:01:29.599282+00:00,140.2,200,bid,,,11312392
2026-07-07T21:01:29.817743,2026-07-07T21:01:29.829085+00:00,140.0,12,ask,,,11312398
2026-07-07T21:01:30.400747,2026-07-07T21:01:30.404546+00:00,140.1,3,ask,,,11312411
2026-07-07T21:01:30.795540,2026-07-07T21:01:30.806654+00:00,140.3,200,bid,,,11312416
2026-07-07T21:01:30.981161,2026-07-07T21:01:30.993108+00:00,140.1,20,ask,,,11312418
2026-07-07T21:01:32.004447,2026-07-07T21:01:32.019243+00:00,140.3,200,bid,,,11312431
2026-07-07T21:01:33.232383,2026-07-07T21:01:33.236535+00:00,140.4,23,ask,,,11312448
2026-07-07T21:01:35.639718,2026-07-07T21:01:35.649460+00:00,140.5,200,bid,,,11312484
2026-07-07T21:01:35.956202,2026-07-07T21:01:35.960650+00:00,140.5,12,bid,,,11312488
2026-07-07T21:01:36.851417,2026-07-07T21:01:36.859533+00:00,140.5,200,bid,,,11312500
2026-07-07T21:01:39.133434,2026-07-07T21:01:39.140030+00:00,140.5,125,ask,,,11312523
2026-07-07T21:01:40.869270,2026-07-07T21:01:40.875836+00:00,140.3,200,ask,,,11312552
2026-07-07T21:01:40.919416,2026-07-07T21:01:40.926791+00:00,140.3,12,bid,,,11312553
2026-07-07T21:01:41.429307,2026-07-07T21:01:41.441167+00:00,140.1,12,ask,,,11312561
2026-07-07T21:01:44.112355,2026-07-07T21:01:44.120253+00:00,140.4,200,bid,,,11312595
2026-07-07T21:01:44.797749,2026-07-07T21:01:44.804377+00:00,140.4,500,bid,,,11312601
2026-07-07T21:01:45.190562,2026-07-07T21:01:45.199832+00:00,140.5,125,ask,,,11312605
2026-07-07T21:01:46.528550,2026-07-07T21:01:46.537037+00:00,140.3,200,bid,,,11312631
2026-07-07T21:01:47.738913,2026-07-07T21:01:47.750438+00:00,140.2,200,bid,,,11312647
2026-07-07T21:01:48.964409,2026-07-07T21:01:48.968265+00:00,140.2,12,ask,,,11312664
2026-07-07T21:01:50.156326,2026-07-07T21:01:50.163613+00:00,140.3,200,bid,,,11312684
2026-07-07T21:01:52.486627,2026-07-07T21:01:52.497709+00:00,140.2,20,ask,,,11312718
2026-07-07T21:01:56.210926,2026-07-07T21:01:56.217369+00:00,140.3,200,ask,,,11312771
2026-07-07T21:01:57.418414,2026-07-07T21:01:57.426297+00:00,140.3,200,ask,,,11312785
2026-07-07T21:01:57.938242,2026-07-07T21:01:57.941936+00:00,140.2,12,bid,,,11312799
2026-07-07T21:01:58.624251,2026-07-07T21:01:58.634482+00:00,140.2,200,bid,,,11312813
2026-07-07T21:02:04.903456,2026-07-07T21:02:04.915078+00:00,140.1,20,ask,,,11312898
2026-07-07T21:02:05.161339,2026-07-07T21:02:05.169187+00:00,140.2,200,bid,,,11312904
2026-07-07T21:02:05.197932,2026-07-07T21:02:05.202685+00:00,140.2,12,ask,,,11312907
2026-07-07T21:02:05.790101,2026-07-07T21:02:05.801434+00:00,140.2,500,ask,,,11312910
2026-07-07T21:02:06.355637,2026-07-07T21:02:06.353455+00:00,140.2,125,bid,,,11312915
2026-07-07T21:02:07.103913,2026-07-07T21:02:07.110805+00:00,140.2,200,bid,,,11312933
2026-07-07T21:02:07.664694,2026-07-07T21:02:07.668924+00:00,140.6,12,bid,,,11312939
2026-07-07T21:02:08.311015,2026-07-07T21:02:08.322452+00:00,140.4,200,ask,,,11312952
2026-07-07T21:02:08.436723,2026-07-07T21:02:08.457145+00:00,140.3,14,bid,,,11312957
2026-07-07T21:02:08.444747,2026-07-07T21:02:08.457145+00:00,140.3,12,bid,,,11312958
2026-07-07T21:02:10.872277,2026-07-07T21:02:10.876481+00:00,140.2,3,ask,,,11312995
2026-07-07T21:02:11.951487,2026-07-07T21:02:11.958609+00:00,140.3,200,bid,,,11313016
2026-07-07T21:02:13.257968,2026-07-07T21:02:13.264738+00:00,140.2,11,ask,,,11313033
2026-07-07T21:02:16.274656,2026-07-07T21:02:16.290202+00:00,140.2,200,ask,,,11313076
2026-07-07T21:02:16.794805,2026-07-07T21:02:16.802120+00:00,140.1,200,bid,,,11313084
2026-07-07T21:02:17.192497,2026-07-07T21:02:17.196380+00:00,140.0,23,ask,,,11313089
2026-07-07T21:02:17.597273,2026-07-07T21:02:17.602157+00:00,140.1,11,ask,,,11313097
2026-07-07T21:02:19.681361,2026-07-07T21:02:19.713294+00:00,140.2,200,bid,,,11313125
2026-07-07T21:02:19.709405,2026-07-07T21:02:19.713294+00:00,140.2,12,ask,,,11313128
2026-07-07T21:02:20.203345,2026-07-07T21:02:20.213989+00:00,140.2,288,ask,,,11313131
2026-07-07T21:02:20.305608,2026-07-07T21:02:20.313901+00:00,140.1,337,bid,,,11313132
2026-07-07T21:02:25.348361,2026-07-07T21:02:25.360173+00:00,140.2,20,ask,,,11313195
2026-07-07T21:02:29.401371,2026-07-07T21:02:29.408522+00:00,140.3,20,ask,,,11313253
2026-07-07T21:02:31.808316,2026-07-07T21:02:31.819109+00:00,140.3,20,ask,,,11313282
2026-07-07T21:02:32.964351,2026-07-07T21:02:32.968366+00:00,140.4,12,bid,,,11313303
2026-07-07T21:02:33.697673,2026-07-07T21:02:33.709375+00:00,140.3,20,ask,,,11313316
2026-07-07T21:02:34.670188,2026-07-07T21:02:34.681678+00:00,140.5,200,bid,,,11313330
2026-07-07T21:02:38.603712,2026-07-07T21:02:38.614041+00:00,140.6,200,ask,,,11313382
2026-07-07T21:02:39.305107,2026-07-07T21:02:39.309706+00:00,140.7,34,bid,,,11313390
2026-07-07T21:02:40.027575,2026-07-07T21:02:40.034183+00:00,140.7,11,bid,,,11313408
2026-07-07T21:02:40.533573,2026-07-07T21:02:40.545161+00:00,140.7,12,bid,,,11313413
2026-07-07T21:02:41.045458,2026-07-07T21:02:41.049737+00:00,140.6,3,bid,,,11313423
2026-07-07T21:02:41.545800,2026-07-07T21:02:41.555411+00:00,140.5,12,ask,,,11313431
2026-07-07T21:02:47.560555,2026-07-07T21:02:47.569065+00:00,140.4,500,ask,,,11313498
2026-07-07T21:02:48.378564,2026-07-07T21:02:48.386071+00:00,140.3,12,bid,,,11313510
2026-07-07T21:02:49.510280,2026-07-07T21:02:49.517374+00:00,140.3,200,bid,,,11313526
2026-07-07T21:02:50.599630,2026-07-07T21:02:50.610106+00:00,140.3,500,ask,,,11313543
2026-07-07T21:02:51.190825,2026-07-07T21:02:51.197540+00:00,140.3,125,ask,,,11313549
2026-07-07T21:02:51.190825,2026-07-07T21:02:51.202891+00:00,140.3,200,ask,,,11313550
2026-07-07T21:02:51.925793,2026-07-07T21:02:51.935508+00:00,140.2,200,bid,,,11313560
2026-07-07T21:02:54.047339,2026-07-07T21:02:54.058549+00:00,139.9,12,ask,,,11313590
2026-07-07T21:02:54.263699,2026-07-07T21:02:54.275061+00:00,140.2,20,bid,,,11313592
2026-07-07T21:02:54.344201,2026-07-07T21:02:54.358575+00:00,140.1,200,ask,,,11313594
2026-07-07T21:02:56.373163,2026-07-07T21:02:56.384211+00:00,140.2,20,ask,,,11313627
2026-07-07T21:02:56.951123,2026-07-07T21:02:56.958609+00:00,140.3,500,bid,,,11313641
2026-07-07T21:02:57.774759,2026-07-07T21:02:57.786221+00:00,140.3,20,ask,,,11313654
2026-07-07T21:02:58.871914,2026-07-07T21:02:58.883545+00:00,140.4,12,bid,,,11313667
2026-07-07T21:02:59.176775,2026-07-07T21:02:59.183215+00:00,140.4,200,bid,,,11313679
2026-07-07T21:02:59.629833,2026-07-07T21:02:59.641826+00:00,140.3,12,ask,,,11313686
2026-07-07T21:03:00.395891,2026-07-07T21:03:00.407208+00:00,140.4,200,bid,,,11313699
2026-07-07T21:03:00.876762,2026-07-07T21:03:00.884546+00:00,140.3,500,ask,,,11313703
2026-07-07T21:03:01.604378,2026-07-07T21:03:01.613410+00:00,140.3,200,bid,,,11313718
2026-07-07T21:03:01.653312,2026-07-07T21:03:01.663845+00:00,140.0,12,ask,,,11313721
2026-07-07T21:03:02.814445,2026-07-07T21:03:02.823424+00:00,140.2,200,bid,,,11313734
2026-07-07T21:03:04.668343,2026-07-07T21:03:04.672013+00:00,140.1,3,ask,,,11313762
2026-07-07T21:03:05.205418,2026-07-07T21:03:05.217049+00:00,140.1,20,ask,,,11313770
2026-07-07T21:03:05.236683,2026-07-07T21:03:05.246295+00:00,140.1,200,ask,,,11313771
2026-07-07T21:03:08.751210,2026-07-07T21:03:08.755207+00:00,140.1,500,bid,,,11313819
2026-07-07T21:03:08.776725,2026-07-07T21:03:08.792342+00:00,140.1,125,ask,,,11313821
2026-07-07T21:03:08.862847,2026-07-07T21:03:08.874173+00:00,140.1,200,bid,,,11313825
2026-07-07T21:03:10.448034,2026-07-07T21:03:10.455046+00:00,140.0,12,bid,,,11313846
2026-07-07T21:03:10.820090,2026-07-07T21:03:10.831568+00:00,140.0,20,bid,,,11313850
2026-07-07T21:03:10.993137,2026-07-07T21:03:10.997490+00:00,139.9,23,ask,,,11313854
2026-07-07T21:03:11.281691,2026-07-07T21:03:11.288390+00:00,140.0,200,bid,,,11313857
2026-07-07T21:03:15.541664,2026-07-07T21:03:15.553445+00:00,139.6,20,ask,,,11313908
2026-07-07T21:03:16.119985,2026-07-07T21:03:16.130453+00:00,139.7,200,ask,,,11313913
2026-07-07T21:03:17.327786,2026-07-07T21:03:17.334554+00:00,139.8,200,ask,,,11313926
2026-07-07T21:03:18.537698,2026-07-07T21:03:18.547068+00:00,139.9,200,ask,,,11313943
2026-07-07T21:03:19.479939,2026-07-07T21:03:19.491711+00:00,139.9,12,ask,,,11313958
2026-07-07T21:03:20.056371,2026-07-07T21:03:20.068406+00:00,140.0,20,bid,,,11313964
2026-07-07T21:03:20.976518,2026-07-07T21:03:20.981178+00:00,139.9,12,bid,,,11313976
2026-07-07T21:03:21.741559,2026-07-07T21:03:21.758548+00:00,139.9,12,bid,,,11313990
2026-07-07T21:03:23.373579,2026-07-07T21:03:23.381063+00:00,139.9,200,bid,,,11314014
2026-07-07T21:03:24.784249,2026-07-07T21:03:24.793952+00:00,139.8,12,ask,,,11314030
2026-07-07T21:03:25.810430,2026-07-07T21:03:25.819274+00:00,139.8,200,ask,,,11314041
2026-07-07T21:03:27.075089,2026-07-07T21:03:27.086572+00:00,139.9,12,bid,,,11314058
2026-07-07T21:03:29.444592,2026-07-07T21:03:29.458601+00:00,139.8,200,ask,,,11314098
2026-07-07T21:03:29.847008,2026-07-07T21:03:29.863921+00:00,139.9,12,ask,,,11314101
2026-07-07T21:03:29.976492,2026-07-07T21:03:29.980581+00:00,140.1,11,bid,,,11314105
2026-07-07T21:03:30.109206,2026-07-07T21:03:30.118717+00:00,140.1,12,bid,,,11314106
2026-07-07T21:03:30.655079,2026-07-07T21:03:30.662011+00:00,139.9,200,ask,,,11314114
2026-07-07T21:03:31.074642,2026-07-07T21:03:31.078447+00:00,140.0,3,bid,,,11314124
2026-07-07T21:03:31.366972,2026-07-07T21:03:31.378727+00:00,140.0,12,bid,,,11314130
2026-07-07T21:03:37.612222,2026-07-07T21:03:37.623148+00:00,139.8,500,ask,,,11314222
2026-07-07T21:03:37.796268,2026-07-07T21:03:37.803827+00:00,139.8,125,bid,,,11314227
2026-07-07T21:03:37.796268,2026-07-07T21:03:37.808858+00:00,139.9,200,bid,,,11314228
2026-07-07T21:03:37.911203,2026-07-07T21:03:37.922792+00:00,139.9,175,ask,,,11314233
2026-07-07T21:03:38.410453,2026-07-07T21:03:38.419877+00:00,139.9,25,bid,,,11314241
2026-07-07T21:03:39.696137,2026-07-07T21:03:39.707518+00:00,140.0,12,ask,,,11314262
2026-07-07T21:03:40.201534,2026-07-07T21:03:40.209315+00:00,140.1,12,bid,,,11314271
2026-07-07T21:03:41.585802,2026-07-07T21:03:41.593418+00:00,140.0,500,ask,,,11314284
2026-07-07T21:03:41.585802,2026-07-07T21:03:41.598663+00:00,140.0,125,ask,,,11314285
2026-07-07T21:03:42.893674,2026-07-07T21:03:42.901614+00:00,140.3,200,bid,,,11314301
2026-07-07T21:03:42.912008,2026-07-07T21:03:42.915505+00:00,140.3,3,ask,,,11314303
2026-07-07T21:03:44.227232,2026-07-07T21:03:44.231364+00:00,140.4,11,ask,,,11314326
2026-07-07T21:03:46.247067,2026-07-07T21:03:46.258738+00:00,140.2,12,ask,,,11314350
2026-07-07T21:03:47.603941,2026-07-07T21:03:47.613918+00:00,140.4,200,ask,,,11314365
2026-07-07T21:03:47.891206,2026-07-07T21:03:47.903070+00:00,140.6,20,bid,,,11314366
2026-07-07T21:03:50.046993,2026-07-07T21:03:50.064018+00:00,140.4,20,ask,,,11314392
2026-07-07T21:03:52.525931,2026-07-07T21:03:52.537669+00:00,140.5,12,bid,,,11314425
2026-07-07T21:03:52.901362,2026-07-07T21:03:52.912784+00:00,140.5,20,bid,,,11314429
2026-07-07T21:03:53.784893,2026-07-07T21:03:53.794329+00:00,140.3,12,ask,,,11314444
2026-07-07T21:03:55.233855,2026-07-07T21:03:55.237825+00:00,140.5,14,bid,,,11314468
2026-07-07T21:03:56.002274,2026-07-07T21:03:56.008616+00:00,140.5,186,bid,,,11314475
2026-07-07T21:03:57.270064,2026-07-07T21:03:57.279408+00:00,140.5,200,ask,,,11314495
2026-07-07T21:03:58.430891,2026-07-07T21:03:58.443632+00:00,140.3,20,ask,,,11314514
2026-07-07T21:03:58.624823,2026-07-07T21:03:58.634069+00:00,140.5,200,ask,,,11314518
2026-07-07T21:04:01.695230,2026-07-07T21:04:01.703904+00:00,140.6,12,bid,,,11314548
2026-07-07T21:04:02.215485,2026-07-07T21:04:02.223198+00:00,140.6,12,bid,,,11314561
2026-07-07T21:04:02.551200,2026-07-07T21:04:02.555051+00:00,140.5,200,ask,,,11314567
2026-07-07T21:04:02.723980,2026-07-07T21:04:02.732530+00:00,140.3,7,ask,,,11314575
2026-07-07T21:04:02.988917,2026-07-07T21:04:02.996167+00:00,140.3,5,ask,,,11314578
2026-07-07T21:04:03.311525,2026-07-07T21:04:03.321802+00:00,140.5,200,bid,,,11314584
2026-07-07T21:04:05.203772,2026-07-07T21:04:05.214408+00:00,140.6,200,bid,,,11314611
2026-07-07T21:04:06.943265,2026-07-07T21:04:06.958618+00:00,140.7,200,bid,,,11314632
2026-07-07T21:04:11.592572,2026-07-07T21:04:11.603972+00:00,140.6,12,ask,,,11314689
2026-07-07T21:04:13.614640,2026-07-07T21:04:13.624080+00:00,140.7,12,bid,,,11314719
2026-07-07T21:04:14.313078,2026-07-07T21:04:14.327071+00:00,140.6,20,ask,,,11314728
2026-07-07T21:04:15.437267,2026-07-07T21:04:15.444779+00:00,140.7,200,bid,,,11314748
2026-07-07T21:04:16.662565,2026-07-07T21:04:16.666428+00:00,140.7,3,ask,,,11314763
2026-07-07T21:04:17.663639,2026-07-07T21:04:17.671808+00:00,140.9,12,bid,,,11314775
2026-07-07T21:04:18.039183,2026-07-07T21:04:18.047144+00:00,140.7,20,ask,,,11314780
2026-07-07T21:04:19.132004,2026-07-07T21:04:19.143563+00:00,140.9,20,bid,,,11314794
2026-07-07T21:04:22.930646,2026-07-07T21:04:22.942166+00:00,140.9,12,bid,,,11314833
2026-07-07T21:04:24.621694,2026-07-07T21:04:24.633564+00:00,140.9,20,bid,,,11314860
2026-07-07T21:04:26.193586,2026-07-07T21:04:26.205337+00:00,140.7,12,ask,,,11314879
2026-07-07T21:04:26.867344,2026-07-07T21:04:26.877782+00:00,140.8,200,ask,,,11314891
2026-07-07T21:04:26.867344,2026-07-07T21:04:26.877782+00:00,140.7,300,ask,,,11314892
2026-07-07T21:04:27.488015,2026-07-07T21:04:27.516009+00:00,140.7,325,ask,,,11314898
2026-07-07T21:04:27.512182,2026-07-07T21:04:27.516009+00:00,140.7,3,bid,,,11314902
2026-07-07T21:04:27.558053,2026-07-07T21:04:27.565393+00:00,140.6,200,bid,,,11314904
2026-07-07T21:04:28.210059,2026-07-07T21:04:28.221498+00:00,140.6,12,bid,,,11314915
2026-07-07T21:04:28.351831,2026-07-07T21:04:28.364292+00:00,140.3,20,ask,,,11314918
2026-07-07T21:04:28.765396,2026-07-07T21:04:28.774104+00:00,140.6,200,bid,,,11314923
2026-07-07T21:04:28.830824,2026-07-07T21:04:28.842144+00:00,140.6,500,bid,,,11314925
2026-07-07T21:04:29.241664,2026-07-07T21:04:29.253276+00:00,140.8,12,bid,,,11314931
2026-07-07T21:04:30.147511,2026-07-07T21:04:30.158873+00:00,140.6,200,ask,,,11314946
2026-07-07T21:04:30.521387,2026-07-07T21:04:30.530398+00:00,140.4,12,bid,,,11314951
2026-07-07T21:04:31.187362,2026-07-07T21:04:31.196987+00:00,140.4,200,bid,,,11314961
2026-07-07T21:04:32.553151,2026-07-07T21:04:32.575230+00:00,140.6,12,bid,,,11314982
2026-07-07T21:04:33.612874,2026-07-07T21:04:33.621036+00:00,140.5,200,ask,,,11314999
2026-07-07T21:04:36.701703,2026-07-07T21:04:36.708108+00:00,140.6,200,bid,,,11315041
2026-07-07T21:04:36.842447,2026-07-07T21:04:36.849273+00:00,140.9,12,bid,,,11315044
2026-07-07T21:04:38.453074,2026-07-07T21:04:38.454162+00:00,140.5,200,ask,,,11315059
2026-07-07T21:04:40.893269,2026-07-07T21:04:40.899863+00:00,140.7,12,bid,,,11315093
2026-07-07T21:04:42.095607,2026-07-07T21:04:42.105687+00:00,140.5,200,bid,,,11315105
2026-07-07T21:04:42.571799,2026-07-07T21:04:42.583798+00:00,140.5,20,bid,,,11315110
2026-07-07T21:04:44.512407,2026-07-07T21:04:44.564498+00:00,140.6,200,bid,,,11315131
2026-07-07T21:04:45.875810,2026-07-07T21:04:45.887147+00:00,140.5,200,ask,,,11315153
2026-07-07T21:04:46.931180,2026-07-07T21:04:46.941749+00:00,140.5,200,bid,,,11315165
2026-07-07T21:04:47.184493,2026-07-07T21:04:47.191342+00:00,140.7,500,bid,,,11315167
2026-07-07T21:04:47.184493,2026-07-07T21:04:47.196860+00:00,140.7,125,bid,,,11315168
2026-07-07T21:04:47.739219,2026-07-07T21:04:47.750153+00:00,140.5,3,bid,,,11315174
2026-07-07T21:04:48.010771,2026-07-07T21:04:48.021784+00:00,140.5,3,bid,,,11315180
2026-07-07T21:04:48.274096,2026-07-07T21:04:48.284708+00:00,140.6,12,bid,,,11315187
2026-07-07T21:04:49.307940,2026-07-07T21:04:49.317384+00:00,140.5,4,bid,,,11315202
2026-07-07T21:04:49.563106,2026-07-07T21:04:49.574582+00:00,140.4,12,ask,,,11315209
2026-07-07T21:04:49.807251,2026-07-07T21:04:49.814049+00:00,140.5,496,bid,,,11315214
2026-07-07T21:04:52.435884,2026-07-07T21:04:52.444751+00:00,140.4,200,ask,,,11315255
2026-07-07T21:04:52.994381,2026-07-07T21:04:53.006219+00:00,140.4,200,bid,,,11315261
2026-07-07T21:04:55.062855,2026-07-07T21:04:55.073698+00:00,140.4,200,ask,,,11315293
2026-07-07T21:04:55.429240,2026-07-07T21:04:55.440751+00:00,140.4,200,bid,,,11315298
2026-07-07T21:04:55.883258,2026-07-07T21:04:55.895037+00:00,140.2,12,ask,,,11315310
2026-07-07T21:04:57.653306,2026-07-07T21:04:57.664887+00:00,140.4,12,ask,,,11315337
2026-07-07T21:04:57.679710,2026-07-07T21:04:57.686597+00:00,140.5,200,bid,,,11315338
2026-07-07T21:04:57.679710,2026-07-07T21:04:57.691767+00:00,140.5,425,bid,,,11315339
2026-07-07T21:04:57.784328,2026-07-07T21:04:57.792743+00:00,140.3,200,ask,,,11315340
2026-07-07T21:04:57.846271,2026-07-07T21:04:57.858591+00:00,140.3,200,bid,,,11315343
2026-07-07T21:04:58.705219,2026-07-07T21:04:58.715778+00:00,139.5,24,ask,,,11315352
2026-07-07T21:04:58.999948,2026-07-07T21:04:59.024520+00:00,140.2,500,bid,,,11315354
2026-07-07T21:04:59.020260,2026-07-07T21:04:59.024520+00:00,140.3,60,ask,,,11315357
2026-07-07T21:04:59.225523,2026-07-07T21:04:59.232776+00:00,140.3,12,ask,,,11315364
2026-07-07T21:04:59.585392,2026-07-07T21:04:59.595993+00:00,140.3,53,ask,,,11315369
2026-07-07T21:05:01.623430,2026-07-07T21:05:01.631736+00:00,140.1,200,ask,,,11315387
2026-07-07T21:05:01.637962,2026-07-07T21:05:01.641873+00:00,140.1,11,bid,,,11315390
2026-07-07T21:05:01.755037,2026-07-07T21:05:01.758859+00:00,140.1,35,bid,,,11315393
2026-07-07T21:05:02.952334,2026-07-07T21:05:02.956803+00:00,140.0,11,bid,,,11315412
2026-07-07T21:05:04.120757,2026-07-07T21:05:04.132355+00:00,139.9,20,ask,,,11315429
2026-07-07T21:05:04.246972,2026-07-07T21:05:04.258568+00:00,139.9,180,ask,,,11315432
2026-07-07T21:05:05.111564,2026-07-07T21:05:05.119993+00:00,139.8,200,bid,,,11315444
2026-07-07T21:05:05.570257,2026-07-07T21:05:05.574218+00:00,139.7,11,ask,,,11315448
2026-07-07T21:05:06.418837,2026-07-07T21:05:06.430410+00:00,139.7,11,ask,,,11315464
2026-07-07T21:05:09.502561,2026-07-07T21:05:09.524915+00:00,139.9,200,bid,,,11315494
2026-07-07T21:05:09.520217,2026-07-07T21:05:09.524915+00:00,139.9,12,ask,,,11315496
2026-07-07T21:05:09.950684,2026-07-07T21:05:09.961234+00:00,139.9,200,ask,,,11315500
2026-07-07T21:05:10.727278,2026-07-07T21:05:10.734238+00:00,139.9,12,ask,,,11315511
2026-07-07T21:05:12.127659,2026-07-07T21:05:12.137652+00:00,139.8,200,ask,,,11315524
2026-07-07T21:05:12.758773,2026-07-07T21:05:12.766146+00:00,139.7,12,ask,,,11315531
2026-07-07T21:05:13.372218,2026-07-07T21:05:13.383918+00:00,139.7,20,ask,,,11315542
2026-07-07T21:05:13.438573,2026-07-07T21:05:13.448702+00:00,139.7,168,ask,,,11315544
2026-07-07T21:05:14.103781,2026-07-07T21:05:14.115565+00:00,139.7,457,bid,,,11315551
2026-07-07T21:05:14.706884,2026-07-07T21:05:14.718538+00:00,139.8,200,bid,,,11315564
2026-07-07T21:05:14.776810,2026-07-07T21:05:14.784737+00:00,139.8,12,ask,,,11315567
2026-07-07T21:05:14.794293,2026-07-07T21:05:14.805315+00:00,139.8,200,ask,,,11315568
2026-07-07T21:05:16.553683,2026-07-07T21:05:16.568937+00:00,139.8,11,ask,,,11315590
2026-07-07T21:05:17.366331,2026-07-07T21:05:17.373201+00:00,139.9,200,bid,,,11315596
2026-07-07T21:05:19.637725,2026-07-07T21:05:19.645652+00:00,140.1,200,bid,,,11315636
2026-07-07T21:05:19.999744,2026-07-07T21:05:20.003708+00:00,140.0,11,ask,,,11315639
2026-07-07T21:05:22.494388,2026-07-07T21:05:22.506248+00:00,140.2,20,ask,,,11315669
2026-07-07T21:05:24.044780,2026-07-07T21:05:24.056983+00:00,140.3,20,bid,,,11315688
2026-07-07T21:05:24.462101,2026-07-07T21:05:24.474064+00:00,140.3,20,bid,,,11315692
2026-07-07T21:05:26.615210,2026-07-07T21:05:26.624595+00:00,140.1,200,ask,,,11315726
2026-07-07T21:05:26.909810,2026-07-07T21:05:26.919046+00:00,140.1,200,bid,,,11315729
2026-07-07T21:05:28.133826,2026-07-07T21:05:28.137521+00:00,140.1,12,ask,,,11315751
2026-07-07T21:05:29.347884,2026-07-07T21:05:29.351676+00:00,140.2,11,ask,,,11315764
2026-07-07T21:05:29.373595,2026-07-07T21:05:29.385707+00:00,140.3,20,bid,,,11315765
2026-07-07T21:05:30.226952,2026-07-07T21:05:30.231417+00:00,140.3,23,bid,,,11315784
2026-07-07T21:05:30.581906,2026-07-07T21:05:30.592804+00:00,140.2,200,ask,,,11315788
2026-07-07T21:05:31.748799,2026-07-07T21:05:31.759777+00:00,140.2,200,bid,,,11315803
2026-07-07T21:05:33.005350,2026-07-07T21:05:33.014794+00:00,140.4,12,bid,,,11315821
2026-07-07T21:05:33.528577,2026-07-07T21:05:33.537951+00:00,140.2,3,ask,,,11315829
2026-07-07T21:05:33.783528,2026-07-07T21:05:33.795352+00:00,140.4,3,bid,,,11315836
2026-07-07T21:05:34.167071,2026-07-07T21:05:34.174433+00:00,140.4,200,bid,,,11315843
2026-07-07T21:05:36.119091,2026-07-07T21:05:36.131090+00:00,140.5,20,bid,,,11315861
2026-07-07T21:05:36.823879,2026-07-07T21:05:36.833123+00:00,140.5,12,bid,,,11315874
2026-07-07T21:05:37.165531,2026-07-07T21:05:37.169894+00:00,140.4,11,bid,,,11315878
2026-07-07T21:05:39.001472,2026-07-07T21:05:39.008218+00:00,140.5,200,bid,,,11315901
2026-07-07T21:05:39.657171,2026-07-07T21:05:39.668577+00:00,140.2,20,ask,,,11315911
2026-07-07T21:05:41.417035,2026-07-07T21:05:41.426359+00:00,140.5,200,bid,,,11315935
2026-07-07T21:05:42.343690,2026-07-07T21:05:42.359883+00:00,140.2,12,ask,,,11315952
2026-07-07T21:05:42.627367,2026-07-07T21:05:42.637889+00:00,140.5,200,ask,,,11315955
2026-07-07T21:05:43.116759,2026-07-07T21:05:43.124810+00:00,140.7,12,bid,,,11315963
2026-07-07T21:05:43.857275,2026-07-07T21:05:43.861800+00:00,140.6,12,bid,,,11315970
2026-07-07T21:05:46.128545,2026-07-07T21:05:46.140342+00:00,140.5,12,ask,,,11316002
2026-07-07T21:05:47.490814,2026-07-07T21:05:47.494629+00:00,140.6,12,ask,,,11316019
2026-07-07T21:05:48.151508,2026-07-07T21:05:48.151271+00:00,140.6,12,ask,,,11316030
2026-07-07T21:05:51.578837,2026-07-07T21:05:51.582769+00:00,140.7,12,bid,,,11316068
2026-07-07T21:05:56.452208,2026-07-07T21:05:56.463789+00:00,140.6,20,ask,,,11316125
2026-07-07T21:05:58.764782,2026-07-07T21:05:58.768704+00:00,140.5,23,ask,,,11316158
2026-07-07T21:06:01.978739,2026-07-07T21:06:01.983536+00:00,140.5,12,ask,,,11316206
2026-07-07T21:06:03.224352,2026-07-07T21:06:03.231442+00:00,140.6,200,bid,,,11316222
2026-07-07T21:06:06.849218,2026-07-07T21:06:06.858572+00:00,140.5,200,bid,,,11316274
2026-07-07T21:06:09.268975,2026-07-07T21:06:09.279906+00:00,140.5,200,ask,,,11316302
2026-07-07T21:06:10.835964,2026-07-07T21:06:10.844092+00:00,140.5,20,ask,,,11316314
2026-07-07T21:06:12.439853,2026-07-07T21:06:12.448681+00:00,140.5,20,ask,,,11316328
2026-07-07T21:06:12.611333,2026-07-07T21:06:12.632270+00:00,140.5,480,ask,,,11316330
2026-07-07T21:06:12.628394,2026-07-07T21:06:12.632270+00:00,140.5,12,bid,,,11316332
2026-07-07T21:06:12.830239,2026-07-07T21:06:12.838787+00:00,140.5,133,bid,,,11316333
2026-07-07T21:06:14.041317,2026-07-07T21:06:14.048379+00:00,140.7,200,bid,,,11316352
2026-07-07T21:06:14.066021,2026-07-07T21:06:14.069849+00:00,140.7,7,ask,,,11316355
2026-07-07T21:06:14.536095,2026-07-07T21:06:14.540900+00:00,140.9,7,bid,,,11316361
2026-07-07T21:06:18.720424,2026-07-07T21:06:18.732459+00:00,140.8,20,ask,,,11316417
2026-07-07T21:06:19.158335,2026-07-07T21:06:19.169327+00:00,140.8,500,ask,,,11316422
2026-07-07T21:06:19.493281,2026-07-07T21:06:19.504597+00:00,140.8,125,bid,,,11316426
2026-07-07T21:06:19.493281,2026-07-07T21:06:19.504597+00:00,140.9,200,bid,,,11316427
2026-07-07T21:06:20.464061,2026-07-07T21:06:20.474098+00:00,141.0,200,bid,,,11316443
2026-07-07T21:06:24.352797,2026-07-07T21:06:24.358605+00:00,141.2,500,bid,,,11316486
2026-07-07T21:06:24.395236,2026-07-07T21:06:24.402251+00:00,141.2,200,bid,,,11316487
2026-07-07T21:06:27.431472,2026-07-07T21:06:27.438324+00:00,141.3,200,ask,,,11316520
2026-07-07T21:06:28.340239,2026-07-07T21:06:28.344281+00:00,141.5,12,ask,,,11316525
2026-07-07T21:06:28.645630,2026-07-07T21:06:28.658563+00:00,141.5,200,ask,,,11316533
2026-07-07T21:06:29.856709,2026-07-07T21:06:29.863788+00:00,141.5,200,ask,,,11316551
2026-07-07T21:06:33.566748,2026-07-07T21:06:33.577534+00:00,141.3,200,ask,,,11316609
2026-07-07T21:06:37.107571,2026-07-07T21:06:37.117521+00:00,141.2,200,ask,,,11316658
2026-07-07T21:06:42.345602,2026-07-07T21:06:42.357300+00:00,141.0,20,ask,,,11316727
2026-07-07T21:06:42.735370,2026-07-07T21:06:42.744477+00:00,141.0,200,ask,,,11316728
2026-07-07T21:06:45.375589,2026-07-07T21:06:45.387369+00:00,141.0,20,bid,,,11316750
2026-07-07T21:06:45.536472,2026-07-07T21:06:45.548192+00:00,141.0,180,bid,,,11316753
2026-07-07T21:06:46.844800,2026-07-07T21:06:46.858632+00:00,141.0,200,ask,,,11316768
2026-07-07T21:06:46.885127,2026-07-07T21:06:46.893172+00:00,141.2,20,bid,,,11316769
2026-07-07T21:06:48.006767,2026-07-07T21:06:48.010834+00:00,141.1,11,ask,,,11316786
2026-07-07T21:06:48.055979,2026-07-07T21:06:48.063821+00:00,141.1,200,ask,,,11316788
2026-07-07T21:06:49.201719,2026-07-07T21:06:49.205306+00:00,141.2,11,ask,,,11316806
2026-07-07T21:06:49.266795,2026-07-07T21:06:49.272979+00:00,141.2,200,ask,,,11316810
2026-07-07T21:06:49.401191,2026-07-07T21:06:49.405986+00:00,141.3,22,bid,,,11316814
2026-07-07T21:06:50.652548,2026-07-07T21:06:50.657183+00:00,141.2,12,bid,,,11316836
2026-07-07T21:06:51.944027,2026-07-07T21:06:51.952157+00:00,141.1,500,ask,,,11316861
2026-07-07T21:06:51.944027,2026-07-07T21:06:51.952157+00:00,141.0,125,ask,,,11316862
2026-07-07T21:06:51.957319,2026-07-07T21:06:51.963581+00:00,141.2,10,bid,,,11316863
2026-07-07T21:06:52.321172,2026-07-07T21:06:52.332989+00:00,141.2,20,bid,,,11316867
2026-07-07T21:06:52.613844,2026-07-07T21:06:52.617411+00:00,141.0,12,ask,,,11316872
2026-07-07T21:06:52.724769,2026-07-07T21:06:52.735346+00:00,141.0,3,ask,,,11316876
2026-07-07T21:06:52.985310,2026-07-07T21:06:52.996634+00:00,140.9,3,ask,,,11316880
2026-07-07T21:06:53.251660,2026-07-07T21:06:53.258614+00:00,141.2,200,bid,,,11316884
2026-07-07T21:06:53.275482,2026-07-07T21:06:53.280964+00:00,141.2,22,ask,,,11316886
2026-07-07T21:06:53.767045,2026-07-07T21:06:53.775144+00:00,141.2,4,ask,,,11316899
2026-07-07T21:06:55.322844,2026-07-07T21:06:55.330367+00:00,141.2,200,ask,,,11316916
2026-07-07T21:06:57.192458,2026-07-07T21:06:57.199287+00:00,141.1,200,ask,,,11316936
2026-07-07T21:06:57.210224,2026-07-07T21:06:57.214259+00:00,141.1,22,bid,,,11316938
2026-07-07T21:06:57.652306,2026-07-07T21:06:57.653489+00:00,141.1,403,bid,,,11316942
2026-07-07T21:06:58.499748,2026-07-07T21:06:58.508652+00:00,141.2,200,bid,,,11316956
2026-07-07T21:06:58.952665,2026-07-07T21:06:58.958563+00:00,141.2,200,ask,,,11316959
2026-07-07T21:06:59.823829,2026-07-07T21:06:59.827648+00:00,141.2,12,bid,,,11316977
2026-07-07T21:07:01.121105,2026-07-07T21:07:01.129465+00:00,141.1,200,ask,,,11317000
2026-07-07T21:07:01.121105,2026-07-07T21:07:01.134661+00:00,141.0,425,ask,,,11317001
2026-07-07T21:07:02.587047,2026-07-07T21:07:02.597934+00:00,141.2,200,ask,,,11317030
2026-07-07T21:07:04.799761,2026-07-07T21:07:04.811305+00:00,141.2,20,ask,,,11317058
2026-07-07T21:07:06.789433,2026-07-07T21:07:06.791709+00:00,141.2,20,ask,,,11317081
2026-07-07T21:07:11.588101,2026-07-07T21:07:11.592364+00:00,141.4,23,bid,,,11317130
2026-07-07T21:07:11.972549,2026-07-07T21:07:11.984501+00:00,141.3,20,ask,,,11317136
2026-07-07T21:07:15.931014,2026-07-07T21:07:15.938099+00:00,141.5,200,bid,,,11317190
2026-07-07T21:07:17.142169,2026-07-07T21:07:17.151172+00:00,141.5,200,bid,,,11317210
2026-07-07T21:07:21.021465,2026-07-07T21:07:21.031452+00:00,141.6,20,bid,,,11317261
2026-07-07T21:07:24.297477,2026-07-07T21:07:24.301734+00:00,141.4,12,ask,,,11317305
2026-07-07T21:07:24.415713,2026-07-07T21:07:24.427078+00:00,141.5,200,bid,,,11317306
2026-07-07T21:07:25.638483,2026-07-07T21:07:25.642285+00:00,141.5,11,ask,,,11317323
2026-07-07T21:07:26.057073,2026-07-07T21:07:26.064418+00:00,141.5,189,ask,,,11317331
2026-07-07T21:07:26.462271,2026-07-07T21:07:26.473948+00:00,141.3,20,ask,,,11317337
2026-07-07T21:07:28.045988,2026-07-07T21:07:28.053572+00:00,141.5,200,ask,,,11317365
2026-07-07T21:07:29.205952,2026-07-07T21:07:29.213658+00:00,141.6,20,bid,,,11317374
2026-07-07T21:07:30.545327,2026-07-07T21:07:30.548833+00:00,141.6,11,bid,,,11317391
2026-07-07T21:07:31.422684,2026-07-07T21:07:31.434252+00:00,141.6,20,bid,,,11317398
2026-07-07T21:07:32.618993,2026-07-07T21:07:32.622518+00:00,141.5,12,bid,,,11317414
2026-07-07T21:07:33.948977,2026-07-07T21:07:33.960553+00:00,141.5,20,bid,,,11317431
2026-07-07T21:07:34.749704,2026-07-07T21:07:34.756155+00:00,141.5,12,bid,,,11317439
2026-07-07T21:07:35.323143,2026-07-07T21:07:35.334120+00:00,141.5,200,ask,,,11317451
2026-07-07T21:07:36.267046,2026-07-07T21:07:36.273964+00:00,141.5,12,ask,,,11317465
2026-07-07T21:07:37.275479,2026-07-07T21:07:37.287081+00:00,141.6,20,bid,,,11317481
2026-07-07T21:07:39.189164,2026-07-07T21:07:39.199083+00:00,141.6,200,ask,,,11317505
2026-07-07T21:07:39.625548,2026-07-07T21:07:39.637464+00:00,141.3,20,ask,,,11317514
2026-07-07T21:07:40.281454,2026-07-07T21:07:40.293626+00:00,141.6,12,bid,,,11317526
2026-07-07T21:07:42.844959,2026-07-07T21:07:42.858559+00:00,141.4,12,ask,,,11317562
2026-07-07T21:07:46.127206,2026-07-07T21:07:46.135563+00:00,141.4,500,ask,,,11317600
2026-07-07T21:07:46.418357,2026-07-07T21:07:46.422438+00:00,141.4,12,ask,,,11317607
2026-07-07T21:07:48.635441,2026-07-07T21:07:48.643245+00:00,141.4,200,ask,,,11317637
2026-07-07T21:07:49.635625,2026-07-07T21:07:49.639636+00:00,141.4,11,ask,,,11317650
2026-07-07T21:07:49.704178,2026-07-07T21:07:49.715691+00:00,141.4,20,bid,,,11317652
2026-07-07T21:07:53.631430,2026-07-07T21:07:53.641756+00:00,141.2,200,ask,,,11317706
2026-07-07T21:07:54.493280,2026-07-07T21:07:54.500626+00:00,141.2,20,bid,,,11317717
2026-07-07T21:07:58.310108,2026-07-07T21:07:58.318473+00:00,141.2,200,ask,,,11317769
2026-07-07T21:07:58.869756,2026-07-07T21:07:58.879363+00:00,141.3,500,bid,,,11317781
2026-07-07T21:07:59.478764,2026-07-07T21:07:59.488806+00:00,141.3,125,ask,,,11317793
2026-07-07T21:07:59.516366,2026-07-07T21:07:59.523801+00:00,141.2,200,bid,,,11317796
2026-07-07T21:08:00.196425,2026-07-07T21:08:00.201005+00:00,141.1,11,bid,,,11317808
2026-07-07T21:08:00.726125,2026-07-07T21:08:00.732858+00:00,141.1,200,bid,,,11317818
2026-07-07T21:08:02.240908,2026-07-07T21:08:02.244985+00:00,141.0,34,ask,,,11317841
2026-07-07T21:08:06.784936,2026-07-07T21:08:06.791306+00:00,141.1,200,bid,,,11317897
2026-07-07T21:08:07.346189,2026-07-07T21:08:07.353551+00:00,141.0,500,ask,,,11317911
2026-07-07T21:08:07.839210,2026-07-07T21:08:07.850887+00:00,141.2,20,bid,,,11317923
2026-07-07T21:08:08.104198,2026-07-07T21:08:08.115307+00:00,140.9,200,ask,,,11317926
2026-07-07T21:08:09.415279,2026-07-07T21:08:09.426138+00:00,140.9,200,bid,,,11317945
2026-07-07T21:08:10.416654,2026-07-07T21:08:10.426994+00:00,140.9,200,ask,,,11317960
2026-07-07T21:08:13.474517,2026-07-07T21:08:13.483919+00:00,140.8,20,bid,,,11317999
2026-07-07T21:08:15.217881,2026-07-07T21:08:15.229143+00:00,140.7,200,ask,,,11318022
2026-07-07T21:08:16.465460,2026-07-07T21:08:16.481692+00:00,140.6,200,ask,,,11318035
2026-07-07T21:08:17.679606,2026-07-07T21:08:17.689681+00:00,140.6,200,ask,,,11318053
2026-07-07T21:08:18.627797,2026-07-07T21:08:18.631848+00:00,140.7,11,ask,,,11318064
2026-07-07T21:08:18.892628,2026-07-07T21:08:18.901363+00:00,140.7,200,ask,,,11318068
2026-07-07T21:08:19.488849,2026-07-07T21:08:19.495691+00:00,140.7,20,ask,,,11318077
2026-07-07T21:08:20.101107,2026-07-07T21:08:20.108281+00:00,140.7,200,ask,,,11318082
2026-07-07T21:08:21.312304,2026-07-07T21:08:21.321140+00:00,140.7,200,ask,,,11318103
2026-07-07T21:08:22.538067,2026-07-07T21:08:22.542084+00:00,140.8,12,ask,,,11318124
2026-07-07T21:08:24.556889,2026-07-07T21:08:24.566008+00:00,140.8,20,ask,,,11318145
2026-07-07T21:08:26.813352,2026-07-07T21:08:26.825292+00:00,140.8,20,ask,,,11318179
2026-07-07T21:08:27.509879,2026-07-07T21:08:27.514119+00:00,140.9,12,bid,,,11318189
2026-07-07T21:08:30.413837,2026-07-07T21:08:30.422591+00:00,140.8,200,ask,,,11318222
2026-07-07T21:08:30.856321,2026-07-07T21:08:30.868406+00:00,140.8,12,bid,,,11318226
2026-07-07T21:08:32.220354,2026-07-07T21:08:32.229842+00:00,140.6,200,ask,,,11318242
2026-07-07T21:08:34.339981,2026-07-07T21:08:34.347356+00:00,140.7,200,bid,,,11318267
2026-07-07T21:08:34.423004,2026-07-07T21:08:34.426627+00:00,140.7,12,ask,,,11318270
2026-07-07T21:08:36.967810,2026-07-07T21:08:36.976838+00:00,140.8,200,ask,,,11318306
2026-07-07T21:08:36.995182,2026-07-07T21:08:36.999088+00:00,140.8,11,bid,,,11318309
2026-07-07T21:08:38.273543,2026-07-07T21:08:38.284692+00:00,140.7,200,ask,,,11318324
2026-07-07T21:08:39.489141,2026-07-07T21:08:39.498304+00:00,140.8,200,ask,,,11318341
2026-07-07T21:08:40.220883,2026-07-07T21:08:40.225316+00:00,140.8,11,ask,,,11318361
2026-07-07T21:08:40.639690,2026-07-07T21:08:40.649765+00:00,140.9,500,bid,,,11318367
2026-07-07T21:08:40.909079,2026-07-07T21:08:40.912691+00:00,140.9,12,ask,,,11318373
2026-07-07T21:08:40.952605,2026-07-07T21:08:40.964628+00:00,141.0,20,bid,,,11318374
2026-07-07T21:08:41.414467,2026-07-07T21:08:41.426155+00:00,141.0,20,bid,,,11318384
2026-07-07T21:08:43.469239,2026-07-07T21:08:43.481046+00:00,140.9,20,ask,,,11318409
2026-07-07T21:08:44.830396,2026-07-07T21:08:44.837317+00:00,140.9,200,ask,,,11318426
2026-07-07T21:08:44.848740,2026-07-07T21:08:44.853383+00:00,140.9,12,bid,,,11318428
2026-07-07T21:08:46.537844,2026-07-07T21:08:46.541853+00:00,140.8,23,ask,,,11318456
2026-07-07T21:08:46.770531,2026-07-07T21:08:46.781283+00:00,140.8,200,ask,,,11318461
2026-07-07T21:08:47.980606,2026-07-07T21:08:47.992014+00:00,140.8,200,ask,,,11318477
2026-07-07T21:08:51.388642,2026-07-07T21:08:51.395668+00:00,141.0,200,bid,,,11318511
2026-07-07T21:08:51.607902,2026-07-07T21:08:51.618066+00:00,141.1,200,ask,,,11318514
2026-07-07T21:08:52.700936,2026-07-07T21:08:52.711518+00:00,141.1,500,ask,,,11318531
2026-07-07T21:08:52.738366,2026-07-07T21:08:52.746901+00:00,141.0,125,bid,,,11318533
2026-07-07T21:08:52.882625,2026-07-07T21:08:52.886482+00:00,141.2,11,bid,,,11318538
2026-07-07T21:08:52.892061,2026-07-07T21:08:52.896114+00:00,141.1,17,ask,,,11318540
2026-07-07T21:08:54.583994,2026-07-07T21:08:54.595137+00:00,141.1,200,bid,,,11318563
2026-07-07T21:08:56.006228,2026-07-07T21:08:56.010483+00:00,141.2,6,bid,,,11318579
2026-07-07T21:08:56.657767,2026-07-07T21:08:56.661517+00:00,141.1,11,bid,,,11318593
2026-07-07T21:08:57.673425,2026-07-07T21:08:57.680696+00:00,141.1,200,bid,,,11318606
2026-07-07T21:08:58.764499,2026-07-07T21:08:58.776475+00:00,141.1,20,bid,,,11318624
2026-07-07T21:08:59.262904,2026-07-07T21:08:59.270726+00:00,141.0,500,ask,,,11318633
2026-07-07T21:08:59.262904,2026-07-07T21:08:59.275982+00:00,141.0,125,ask,,,11318634
2026-07-07T21:09:00.572565,2026-07-07T21:09:00.582513+00:00,141.2,200,bid,,,11318646
2026-07-07T21:09:00.650522,2026-07-07T21:09:00.658636+00:00,141.2,20,ask,,,11318647
2026-07-07T21:09:05.496309,2026-07-07T21:09:05.500517+00:00,141.4,12,bid,,,11318703
2026-07-07T21:09:12.376991,2026-07-07T21:09:12.383711+00:00,141.5,200,bid,,,11318771
2026-07-07T21:09:13.451090,2026-07-07T21:09:13.458590+00:00,141.5,200,ask,,,11318790
2026-07-07T21:09:15.046994,2026-07-07T21:09:15.051986+00:00,141.3,12,ask,,,11318819
2026-07-07T21:09:15.878008,2026-07-07T21:09:15.882295+00:00,141.4,11,ask,,,11318838
2026-07-07T21:09:20.635284,2026-07-07T21:09:20.642869+00:00,141.3,20,ask,,,11318895
2026-07-07T21:09:22.859222,2026-07-07T21:09:22.861022+00:00,141.3,200,bid,,,11318935
2026-07-07T21:09:23.158803,2026-07-07T21:09:23.170397+00:00,141.4,20,ask,,,11318941
2026-07-07T21:09:24.172159,2026-07-07T21:09:24.179589+00:00,141.3,200,ask,,,11318953
2026-07-07T21:09:24.555314,2026-07-07T21:09:24.559213+00:00,141.2,6,ask,,,11318965
2026-07-07T21:09:24.854292,2026-07-07T21:09:24.858587+00:00,141.3,425,bid,,,11318968
2026-07-07T21:09:24.854292,2026-07-07T21:09:24.869036+00:00,141.3,75,bid,,,11318969
2026-07-07T21:09:25.448990,2026-07-07T21:09:25.458591+00:00,141.3,125,bid,,,11318975
2026-07-07T21:09:25.587984,2026-07-07T21:09:25.594616+00:00,141.5,200,ask,,,11318978
2026-07-07T21:09:28.117994,2026-07-07T21:09:28.127103+00:00,141.5,200,bid,,,11319021
2026-07-07T21:09:29.251193,2026-07-07T21:09:29.258612+00:00,141.5,200,ask,,,11319045
2026-07-07T21:09:29.481435,2026-07-07T21:09:29.489528+00:00,141.3,20,ask,,,11319048
2026-07-07T21:09:31.671132,2026-07-07T21:09:31.678172+00:00,141.4,200,bid,,,11319084
2026-07-07T21:09:37.744476,2026-07-07T21:09:37.752467+00:00,141.5,200,ask,,,11319154
2026-07-07T21:09:42.540038,2026-07-07T21:09:42.544640+00:00,141.6,17,bid,,,11319213
2026-07-07T21:09:43.058451,2026-07-07T21:09:43.070130+00:00,141.5,20,ask,,,11319228
2026-07-07T21:09:43.800282,2026-07-07T21:09:43.806986+00:00,141.6,200,bid,,,11319234
2026-07-07T21:09:45.138978,2026-07-07T21:09:45.145491+00:00,141.6,200,bid,,,11319254
2026-07-07T21:09:46.224564,2026-07-07T21:09:46.234986+00:00,141.6,200,ask,,,11319283
2026-07-07T21:09:47.855827,2026-07-07T21:09:47.868920+00:00,141.4,20,ask,,,11319306
2026-07-07T21:09:48.665666,2026-07-07T21:09:48.671058+00:00,141.5,11,ask,,,11319316
2026-07-07T21:09:49.093916,2026-07-07T21:09:49.100622+00:00,141.5,189,ask,,,11319318
2026-07-07T21:09:51.075428,2026-07-07T21:09:51.085668+00:00,141.4,200,ask,,,11319349
2026-07-07T21:09:53.498472,2026-07-07T21:09:53.505565+00:00,141.6,200,bid,,,11319392
2026-07-07T21:09:54.712050,2026-07-07T21:09:54.722401+00:00,141.6,200,ask,,,11319408
2026-07-07T21:09:56.339655,2026-07-07T21:09:56.354059+00:00,141.7,20,ask,,,11319427
2026-07-07T21:09:58.300376,2026-07-07T21:09:58.304670+00:00,141.6,11,bid,,,11319449
2026-07-07T21:09:58.355728,2026-07-07T21:09:58.359655+00:00,141.5,12,bid,,,11319451
2026-07-07T21:09:58.440493,2026-07-07T21:09:58.452274+00:00,141.5,20,bid,,,11319452
2026-07-07T21:09:59.592613,2026-07-07T21:09:59.600134+00:00,141.4,200,bid,,,11319471
2026-07-07T21:09:59.611326,2026-07-07T21:09:59.615274+00:00,141.4,12,ask,,,11319473
2026-07-07T21:10:02.483798,2026-07-07T21:10:02.487731+00:00,141.4,12,bid,,,11319513
2026-07-07T21:10:02.999048,2026-07-07T21:10:03.009606+00:00,141.4,20,bid,,,11319520
2026-07-07T21:10:04.026717,2026-07-07T21:10:04.034085+00:00,141.3,20,ask,,,11319541
2026-07-07T21:10:06.164666,2026-07-07T21:10:06.168896+00:00,141.3,12,ask,,,11319560
2026-07-07T21:10:06.823309,2026-07-07T21:10:06.833598+00:00,141.3,200,ask,,,11319569
2026-07-07T21:10:08.032727,2026-07-07T21:10:08.041427+00:00,141.3,200,ask,,,11319580
2026-07-07T21:10:12.714861,2026-07-07T21:10:12.719367+00:00,141.5,12,bid,,,11319644
2026-07-07T21:10:15.292355,2026-07-07T21:10:15.301356+00:00,141.4,200,bid,,,11319680
2026-07-07T21:10:15.337366,2026-07-07T21:10:15.343999+00:00,141.4,300,bid,,,11319683
2026-07-07T21:10:15.699875,2026-07-07T21:10:15.711449+00:00,141.5,325,ask,,,11319688
2026-07-07T21:10:16.649301,2026-07-07T21:10:16.655716+00:00,141.3,500,bid,,,11319700
2026-07-07T21:10:16.907536,2026-07-07T21:10:16.916604+00:00,141.3,125,ask,,,11319704
2026-07-07T21:10:17.960093,2026-07-07T21:10:17.969435+00:00,141.3,200,ask,,,11319721
2026-07-07T21:10:18.922947,2026-07-07T21:10:18.931212+00:00,141.1,200,bid,,,11319733
2026-07-07T21:10:20.140727,2026-07-07T21:10:20.152271+00:00,141.2,200,ask,,,11319749
2026-07-07T21:10:20.949310,2026-07-07T21:10:20.960918+00:00,141.0,20,ask,,,11319763
2026-07-07T21:10:21.913263,2026-07-07T21:10:21.917295+00:00,141.1,11,bid,,,11319781
2026-07-07T21:10:23.772196,2026-07-07T21:10:23.780599+00:00,141.1,200,bid,,,11319806
2026-07-07T21:10:24.683388,2026-07-07T21:10:24.688562+00:00,141.3,46,bid,,,11319813
2026-07-07T21:10:24.737236,2026-07-07T21:10:24.745285+00:00,141.1,8,ask,,,11319816
2026-07-07T21:10:24.862065,2026-07-07T21:10:24.868909+00:00,141.3,12,bid,,,11319820
2026-07-07T21:10:31.828298,2026-07-07T21:10:31.838688+00:00,141.1,12,ask,,,11319906
2026-07-07T21:10:32.873269,2026-07-07T21:10:32.885025+00:00,141.1,20,ask,,,11319914
2026-07-07T21:10:36.125382,2026-07-07T21:10:36.137494+00:00,141.1,20,ask,,,11319954
2026-07-07T21:10:37.089877,2026-07-07T21:10:37.101290+00:00,141.2,200,ask,,,11319970
2026-07-07T21:10:39.622694,2026-07-07T21:10:39.634312+00:00,141.2,12,bid,,,11320002
2026-07-07T21:10:42.862377,2026-07-07T21:10:42.869004+00:00,141.1,200,ask,,,11320048
2026-07-07T21:10:42.980793,2026-07-07T21:10:42.991463+00:00,140.9,20,ask,,,11320049
2026-07-07T21:10:43.404676,2026-07-07T21:10:43.411232+00:00,141.1,12,bid,,,11320057
2026-07-07T21:10:43.918470,2026-07-07T21:10:43.928094+00:00,140.9,12,ask,,,11320066
2026-07-07T21:10:46.178372,2026-07-07T21:10:46.190033+00:00,141.2,12,bid,,,11320102
2026-07-07T21:10:48.139552,2026-07-07T21:10:48.150602+00:00,141.0,200,bid,,,11320119
2026-07-07T21:10:50.235839,2026-07-07T21:10:50.246560+00:00,141.0,12,bid,,,11320146
2026-07-07T21:10:55.242184,2026-07-07T21:10:55.250420+00:00,140.8,200,ask,,,11320200
2026-07-07T21:10:56.450342,2026-07-07T21:10:56.458586+00:00,140.7,200,ask,,,11320209
2026-07-07T21:10:56.572031,2026-07-07T21:10:56.580025+00:00,140.7,12,ask,,,11320214
2026-07-07T21:11:00.694439,2026-07-07T21:11:00.703216+00:00,140.7,20,ask,,,11320264
2026-07-07T21:11:00.844726,2026-07-07T21:11:00.858585+00:00,140.7,12,ask,,,11320267
2026-07-07T21:11:02.874313,2026-07-07T21:11:02.884232+00:00,140.5,12,ask,,,11320290
2026-07-07T21:11:03.869254,2026-07-07T21:11:03.876108+00:00,140.6,200,bid,,,11320308
2026-07-07T21:11:03.887758,2026-07-07T21:11:03.892075+00:00,140.7,4,ask,,,11320310
2026-07-07T21:11:04.030217,2026-07-07T21:11:04.042142+00:00,140.7,20,ask,,,11320312
2026-07-07T21:11:07.139713,2026-07-07T21:11:07.147195+00:00,140.7,12,bid,,,11320347
2026-07-07T21:11:08.995210,2026-07-07T21:11:09.001760+00:00,140.6,200,bid,,,11320371
2026-07-07T21:11:08.995210,2026-07-07T21:11:09.006910+00:00,140.7,300,bid,,,11320372
2026-07-07T21:11:09.750054,2026-07-07T21:11:09.754618+00:00,140.7,200,ask,,,11320385
2026-07-07T21:11:10.441712,2026-07-07T21:11:10.458630+00:00,140.7,500,ask,,,11320391
2026-07-07T21:11:10.796122,2026-07-07T21:11:10.804560+00:00,140.7,125,bid,,,11320393
2026-07-07T21:11:11.402835,2026-07-07T21:11:11.411981+00:00,140.8,200,bid,,,11320403
2026-07-07T21:11:11.437255,2026-07-07T21:11:11.448533+00:00,141.6,12,bid,,,11320406
2026-07-07T21:11:12.163141,2026-07-07T21:11:12.174302+00:00,140.9,200,ask,,,11320417
2026-07-07T21:11:12.206076,2026-07-07T21:11:12.227973+00:00,141.1,12,bid,,,11320419
2026-07-07T21:11:12.412059,2026-07-07T21:11:12.419987+00:00,140.9,20,ask,,,11320422
2026-07-07T21:11:13.076529,2026-07-07T21:11:13.081080+00:00,141.0,12,bid,,,11320428
2026-07-07T21:11:13.393123,2026-07-07T21:11:13.397173+00:00,140.8,14,bid,,,11320434
2026-07-07T21:11:14.595731,2026-07-07T21:11:14.604266+00:00,140.7,200,ask,,,11320452
2026-07-07T21:11:17.018117,2026-07-07T21:11:17.026495+00:00,140.7,200,ask,,,11320478
2026-07-07T21:11:19.027327,2026-07-07T21:11:19.036387+00:00,140.5,12,ask,,,11320506
2026-07-07T21:11:20.504414,2026-07-07T21:11:20.514472+00:00,140.7,200,bid,,,11320531
2026-07-07T21:11:20.504414,2026-07-07T21:11:20.514472+00:00,140.7,300,bid,,,11320532
2026-07-07T21:11:20.649259,2026-07-07T21:11:20.658628+00:00,140.7,200,bid,,,11320535
2026-07-07T21:11:20.949012,2026-07-07T21:11:20.953341+00:00,140.7,12,ask,,,11320540
2026-07-07T21:11:21.050292,2026-07-07T21:11:21.059482+00:00,140.9,12,bid,,,11320544
2026-07-07T21:11:21.129848,2026-07-07T21:11:21.134225+00:00,140.8,2,ask,,,11320547
2026-07-07T21:11:22.244737,2026-07-07T21:11:22.254553+00:00,140.7,500,ask,,,11320562
2026-07-07T21:11:22.244737,2026-07-07T21:11:22.254553+00:00,140.6,125,ask,,,11320563
2026-07-07T21:11:22.739592,2026-07-07T21:11:22.748227+00:00,140.9,20,bid,,,11320568
2026-07-07T21:11:24.876272,2026-07-07T21:11:24.880005+00:00,140.8,23,ask,,,11320599
2026-07-07T21:11:25.502001,2026-07-07T21:11:25.509815+00:00,140.8,200,ask,,,11320611
2026-07-07T21:11:25.576109,2026-07-07T21:11:25.583245+00:00,140.8,12,ask,,,11320612
2026-07-07T21:11:27.975679,2026-07-07T21:11:27.980226+00:00,140.6,12,ask,,,11320640
2026-07-07T21:11:28.096506,2026-07-07T21:11:28.108361+00:00,140.6,12,ask,,,11320643
2026-07-07T21:11:29.153850,2026-07-07T21:11:29.157874+00:00,140.7,11,ask,,,11320653
2026-07-07T21:11:30.115434,2026-07-07T21:11:30.119437+00:00,140.9,23,ask,,,11320669
2026-07-07T21:11:30.121284,2026-07-07T21:11:30.135012+00:00,140.9,6,ask,,,11320670
2026-07-07T21:11:31.090321,2026-07-07T21:11:31.094342+00:00,141.0,34,bid,,,11320692
2026-07-07T21:11:31.559465,2026-07-07T21:11:31.569219+00:00,141.1,200,bid,,,11320700
2026-07-07T21:11:34.443811,2026-07-07T21:11:34.451420+00:00,141.0,20,ask,,,11320738
2026-07-07T21:11:35.203758,2026-07-07T21:11:35.207967+00:00,141.1,11,ask,,,11320751
2026-07-07T21:11:35.371796,2026-07-07T21:11:35.381675+00:00,141.1,189,ask,,,11320755
2026-07-07T21:11:35.562158,2026-07-07T21:11:35.573978+00:00,140.9,6,ask,,,11320757
2026-07-07T21:11:37.621756,2026-07-07T21:11:37.625945+00:00,141.0,11,ask,,,11320788
2026-07-07T21:11:40.048977,2026-07-07T21:11:40.053476+00:00,141.1,12,ask,,,11320819
2026-07-07T21:11:41.247456,2026-07-07T21:11:41.255910+00:00,141.2,200,ask,,,11320835
2026-07-07T21:11:43.264667,2026-07-07T21:11:43.268576+00:00,141.3,11,ask,,,11320860
2026-07-07T21:11:43.541180,2026-07-07T21:11:43.548505+00:00,141.3,500,ask,,,11320864
2026-07-07T21:11:44.136226,2026-07-07T21:11:44.145864+00:00,141.3,114,ask,,,11320875
2026-07-07T21:11:47.176000,2026-07-07T21:11:47.185035+00:00,141.2,200,bid,,,11320914
2026-07-07T21:11:47.176000,2026-07-07T21:11:47.185035+00:00,141.2,425,bid,,,11320915
2026-07-07T21:11:48.492615,2026-07-07T21:11:48.500203+00:00,141.1,200,ask,,,11320934
2026-07-07T21:11:49.801829,2026-07-07T21:11:49.808564+00:00,141.0,200,bid,,,11320957
2026-07-07T21:11:50.930966,2026-07-07T21:11:50.939306+00:00,141.0,200,ask,,,11320974
2026-07-07T21:11:53.305925,2026-07-07T21:11:53.309811+00:00,140.8,6,ask,,,11321001
2026-07-07T21:11:53.736017,2026-07-07T21:11:53.743887+00:00,140.8,200,bid,,,11321007
2026-07-07T21:12:00.634435,2026-07-07T21:12:00.642011+00:00,140.5,200,bid,,,11321088
2026-07-07T21:12:02.751054,2026-07-07T21:12:02.754778+00:00,140.5,17,bid,,,11321117
2026-07-07T21:12:02.939948,2026-07-07T21:12:02.949672+00:00,140.5,183,bid,,,11321120
2026-07-07T21:12:03.054090,2026-07-07T21:12:03.057123+00:00,140.5,200,ask,,,11321122
2026-07-07T21:12:04.266661,2026-07-07T21:12:04.273783+00:00,140.6,200,ask,,,11321137
2026-07-07T21:12:04.266661,2026-07-07T21:12:04.279353+00:00,140.4,425,ask,,,11321138
2026-07-07T21:12:06.881321,2026-07-07T21:12:06.891456+00:00,140.6,200,bid,,,11321175
2026-07-07T21:12:09.506601,2026-07-07T21:12:09.517451+00:00,140.6,200,ask,,,11321217
2026-07-07T21:12:10.315560,2026-07-07T21:12:10.322297+00:00,140.5,200,bid,,,11321225
2026-07-07T21:12:16.375644,2026-07-07T21:12:16.382760+00:00,140.7,200,ask,,,11321297
2026-07-07T21:12:21.224306,2026-07-07T21:12:21.231257+00:00,140.7,200,bid,,,11321364
2026-07-07T21:12:23.514068,2026-07-07T21:12:23.520984+00:00,140.7,12,bid,,,11321386
2026-07-07T21:12:23.664348,2026-07-07T21:12:23.668083+00:00,140.6,12,bid,,,11321392
2026-07-07T21:12:26.535005,2026-07-07T21:12:26.541994+00:00,140.6,500,bid,,,11321421
2026-07-07T21:12:26.804901,2026-07-07T21:12:26.808691+00:00,140.6,11,bid,,,11321424
2026-07-07T21:12:27.045499,2026-07-07T21:12:27.054102+00:00,140.5,11,ask,,,11321427
2026-07-07T21:12:27.130710,2026-07-07T21:12:27.140071+00:00,140.6,189,bid,,,11321430
2026-07-07T21:12:27.130710,2026-07-07T21:12:27.140071+00:00,140.7,311,bid,,,11321431
2026-07-07T21:12:27.285775,2026-07-07T21:12:27.295997+00:00,140.5,200,ask,,,11321435
2026-07-07T21:12:28.239206,2026-07-07T21:12:28.251071+00:00,140.7,20,bid,,,11321447
2026-07-07T21:12:30.261805,2026-07-07T21:12:30.273349+00:00,140.6,20,ask,,,11321479
2026-07-07T21:12:31.265176,2026-07-07T21:12:31.269244+00:00,140.6,11,ask,,,11321494
2026-07-07T21:12:32.124837,2026-07-07T21:12:32.134921+00:00,140.6,200,ask,,,11321511
2026-07-07T21:12:33.728809,2026-07-07T21:12:33.740229+00:00,140.6,20,ask,,,11321530
2026-07-07T21:12:36.208095,2026-07-07T21:12:36.218130+00:00,140.7,500,bid,,,11321553
2026-07-07T21:12:36.804360,2026-07-07T21:12:36.814780+00:00,140.7,125,bid,,,11321556
2026-07-07T21:12:36.804360,2026-07-07T21:12:36.814780+00:00,140.8,200,bid,,,11321557
2026-07-07T21:12:37.416207,2026-07-07T21:12:37.426325+00:00,140.9,500,bid,,,11321565
2026-07-07T21:12:38.038450,2026-07-07T21:12:38.048185+00:00,140.9,125,bid,,,11321577
2026-07-07T21:12:38.176654,2026-07-07T21:12:38.184479+00:00,140.9,200,ask,,,11321580
2026-07-07T21:12:39.384674,2026-07-07T21:12:39.395610+00:00,140.9,200,ask,,,11321599
2026-07-07T21:12:39.933978,2026-07-07T21:12:39.943501+00:00,141.1,11,bid,,,11321602
2026-07-07T21:12:40.189585,2026-07-07T21:12:40.201310+00:00,140.9,12,ask,,,11321609
2026-07-07T21:12:40.599296,2026-07-07T21:12:40.609959+00:00,140.9,200,ask,,,11321616
2026-07-07T21:12:41.113433,2026-07-07T21:12:41.125051+00:00,141.1,20,bid,,,11321620
2026-07-07T21:12:42.290183,2026-07-07T21:12:42.305615+00:00,141.0,500,ask,,,11321640
2026-07-07T21:12:42.290183,2026-07-07T21:12:42.305615+00:00,140.9,125,ask,,,11321641
2026-07-07T21:12:42.861528,2026-07-07T21:12:42.870164+00:00,141.1,200,bid,,,11321650
2026-07-07T21:12:43.933991,2026-07-07T21:12:43.938189+00:00,141.2,34,bid,,,11321666
2026-07-07T21:12:43.978330,2026-07-07T21:12:43.986887+00:00,141.2,12,bid,,,11321668
2026-07-07T21:12:44.235718,2026-07-07T21:12:44.245527+00:00,141.2,12,bid,,,11321674
2026-07-07T21:12:44.461668,2026-07-07T21:12:44.469302+00:00,141.1,20,ask,,,11321679
2026-07-07T21:12:46.219287,2026-07-07T21:12:46.229382+00:00,141.1,200,ask,,,11321709
2026-07-07T21:12:46.649544,2026-07-07T21:12:46.658612+00:00,141.1,200,bid,,,11321716
2026-07-07T21:12:47.295391,2026-07-07T21:12:47.301978+00:00,141.1,12,bid,,,11321728
2026-07-07T21:12:47.550730,2026-07-07T21:12:47.555302+00:00,141.2,12,ask,,,11321734
2026-07-07T21:12:47.859805,2026-07-07T21:12:47.868673+00:00,141.2,200,ask,,,11321735
2026-07-07T21:12:50.593430,2026-07-07T21:12:50.599821+00:00,141.2,12,bid,,,11321778
2026-07-07T21:12:51.500784,2026-07-07T21:12:51.509697+00:00,141.2,200,bid,,,11321797
2026-07-07T21:12:52.710863,2026-07-07T21:12:52.722378+00:00,141.2,200,ask,,,11321805
2026-07-07T21:12:52.854122,2026-07-07T21:12:52.865705+00:00,141.2,12,bid,,,11321808
2026-07-07T21:12:53.427961,2026-07-07T21:12:53.432111+00:00,141.2,12,bid,,,11321814
2026-07-07T21:12:53.798568,2026-07-07T21:12:53.810312+00:00,141.2,20,bid,,,11321822
2026-07-07T21:12:54.873670,2026-07-07T21:12:54.885246+00:00,141.2,12,bid,,,11321840
2026-07-07T21:12:56.910100,2026-07-07T21:12:56.919010+00:00,141.2,12,bid,,,11321867
2026-07-07T21:12:59.368509,2026-07-07T21:12:59.388748+00:00,141.1,200,ask,,,11321898
2026-07-07T21:12:59.385135,2026-07-07T21:12:59.388748+00:00,140.9,34,bid,,,11321900
2026-07-07T21:12:59.693116,2026-07-07T21:12:59.700068+00:00,140.7,12,ask,,,11321905
2026-07-07T21:12:59.696293,2026-07-07T21:12:59.700068+00:00,140.9,3,bid,,,11321906
2026-07-07T21:12:59.975885,2026-07-07T21:12:59.985266+00:00,140.9,200,bid,,,11321916
2026-07-07T21:13:00.205348,2026-07-07T21:13:00.216949+00:00,140.7,20,ask,,,11321917
2026-07-07T21:13:00.978659,2026-07-07T21:13:00.989594+00:00,141.1,12,bid,,,11321926
2026-07-07T21:13:01.187486,2026-07-07T21:13:01.194377+00:00,141.1,200,bid,,,11321931
2026-07-07T21:13:01.514424,2026-07-07T21:13:01.522058+00:00,140.9,6,ask,,,11321934
2026-07-07T21:13:02.397082,2026-07-07T21:13:02.406802+00:00,141.2,200,bid,,,11321941
2026-07-07T21:13:02.530809,2026-07-07T21:13:02.538867+00:00,141.2,12,bid,,,11321946
2026-07-07T21:13:03.046504,2026-07-07T21:13:03.053262+00:00,141.0,12,ask,,,11321951
2026-07-07T21:13:03.303071,2026-07-07T21:13:03.312237+00:00,141.2,12,bid,,,11321960
2026-07-07T21:13:06.088009,2026-07-07T21:13:06.096104+00:00,141.4,12,bid,,,11321998
2026-07-07T21:13:07.596257,2026-07-07T21:13:07.608056+00:00,141.4,12,bid,,,11322012
2026-07-07T21:13:08.445379,2026-07-07T21:13:08.452747+00:00,141.2,200,ask,,,11322026
2026-07-07T21:13:11.363014,2026-07-07T21:13:11.374262+00:00,141.4,20,bid,,,11322055
2026-07-07T21:13:13.891920,2026-07-07T21:13:13.903787+00:00,141.2,12,bid,,,11322092
2026-07-07T21:13:15.100874,2026-07-07T21:13:15.109205+00:00,141.1,200,ask,,,11322111
2026-07-07T21:13:16.901888,2026-07-07T21:13:16.911502+00:00,141.0,200,ask,,,11322135
2026-07-07T21:13:17.337127,2026-07-07T21:13:17.346286+00:00,141.0,20,ask,,,11322150
2026-07-07T21:13:17.725561,2026-07-07T21:13:17.736882+00:00,141.0,500,ask,,,11322154
2026-07-07T21:13:18.006535,2026-07-07T21:13:18.013966+00:00,141.0,125,bid,,,11322155
2026-07-07T21:13:18.764366,2026-07-07T21:13:18.768176+00:00,141.0,26,ask,,,11322169
2026-07-07T21:13:18.944096,2026-07-07T21:13:18.958550+00:00,141.0,12,ask,,,11322172
2026-07-07T21:13:19.222421,2026-07-07T21:13:19.230198+00:00,141.1,200,bid,,,11322174
2026-07-07T21:13:19.248377,2026-07-07T21:13:19.252883+00:00,141.1,11,ask,,,11322176
2026-07-07T21:13:19.315066,2026-07-07T21:13:19.323214+00:00,141.2,200,bid,,,11322178
2026-07-07T21:13:19.821794,2026-07-07T21:13:19.832081+00:00,141.2,425,bid,,,11322182
2026-07-07T21:13:19.864365,2026-07-07T21:13:19.868091+00:00,141.2,12,ask,,,11322186
2026-07-07T21:13:20.214728,2026-07-07T21:13:20.226379+00:00,141.2,12,ask,,,11322194
2026-07-07T21:13:21.704475,2026-07-07T21:13:21.711318+00:00,141.3,200,bid,,,11322209
2026-07-07T21:13:21.928638,2026-07-07T21:13:21.933268+00:00,141.5,35,bid,,,11322217
2026-07-07T21:13:21.995494,2026-07-07T21:13:22.006790+00:00,141.5,12,bid,,,11322218
2026-07-07T21:13:22.279591,2026-07-07T21:13:22.290608+00:00,141.5,12,bid,,,11322230
2026-07-07T21:13:23.049110,2026-07-07T21:13:23.053854+00:00,141.4,11,bid,,,11322238
2026-07-07T21:13:24.158582,2026-07-07T21:13:24.169321+00:00,141.4,200,bid,,,11322256
2026-07-07T21:13:25.913702,2026-07-07T21:13:25.924786+00:00,141.4,11,ask,,,11322282
2026-07-07T21:13:26.962372,2026-07-07T21:13:26.972094+00:00,141.4,500,ask,,,11322300
2026-07-07T21:13:27.079163,2026-07-07T21:13:27.090909+00:00,141.2,12,ask,,,11322302
2026-07-07T21:13:27.111657,2026-07-07T21:13:27.121590+00:00,141.4,125,bid,,,11322303
2026-07-07T21:13:27.593552,2026-07-07T21:13:27.602627+00:00,141.5,12,bid,,,11322312
2026-07-07T21:13:28.269739,2026-07-07T21:13:28.280290+00:00,141.4,200,bid,,,11322320
2026-07-07T21:13:30.139165,2026-07-07T21:13:30.146508+00:00,141.6,200,bid,,,11322349
2026-07-07T21:13:30.887716,2026-07-07T21:13:30.897857+00:00,141.6,200,ask,,,11322360
2026-07-07T21:13:30.887716,2026-07-07T21:13:30.897857+00:00,141.6,425,ask,,,11322361
2026-07-07T21:13:31.645183,2026-07-07T21:13:31.658618+00:00,141.9,12,bid,,,11322369
2026-07-07T21:13:32.624430,2026-07-07T21:13:32.631470+00:00,141.8,200,bid,,,11322375
2026-07-07T21:13:32.925115,2026-07-07T21:13:32.932300+00:00,141.8,4,bid,,,11322381
2026-07-07T21:13:34.817784,2026-07-07T21:13:34.824444+00:00,142.0,200,bid,,,11322403
2026-07-07T21:13:35.038518,2026-07-07T21:13:35.046972+00:00,142.0,200,ask,,,11322410
2026-07-07T21:13:37.760652,2026-07-07T21:13:37.765103+00:00,142.0,14,bid,,,11322452
2026-07-07T21:13:38.753355,2026-07-07T21:13:38.760507+00:00,141.9,200,ask,,,11322467
2026-07-07T21:13:41.422520,2026-07-07T21:13:41.433986+00:00,142.0,20,bid,,,11322504
2026-07-07T21:13:42.288896,2026-07-07T21:13:42.299593+00:00,142.0,200,bid,,,11322511
2026-07-07T21:13:42.512213,2026-07-07T21:13:42.524210+00:00,142.0,20,bid,,,11322513
2026-07-07T21:13:45.231251,2026-07-07T21:13:45.243076+00:00,142.0,20,bid,,,11322538
2026-07-07T21:13:47.932634,2026-07-07T21:13:47.942294+00:00,141.9,200,ask,,,11322580
2026-07-07T21:13:49.507563,2026-07-07T21:13:49.515358+00:00,141.9,500,ask,,,11322595
2026-07-07T21:13:49.583042,2026-07-07T21:13:49.590936+00:00,141.9,125,ask,,,11322600
2026-07-07T21:13:50.841584,2026-07-07T21:13:50.853107+00:00,141.7,20,ask,,,11322627
2026-07-07T21:13:52.001092,2026-07-07T21:13:52.014135+00:00,141.7,200,ask,,,11322644
2026-07-07T21:13:53.094240,2026-07-07T21:13:53.105817+00:00,141.7,20,ask,,,11322660
2026-07-07T21:13:53.424581,2026-07-07T21:13:53.436551+00:00,141.9,20,bid,,,11322662
2026-07-07T21:13:55.376247,2026-07-07T21:13:55.387821+00:00,141.9,20,bid,,,11322686
2026-07-07T21:13:55.623582,2026-07-07T21:13:55.634897+00:00,141.8,200,ask,,,11322690
2026-07-07T21:13:56.830285,2026-07-07T21:13:56.836857+00:00,141.8,200,bid,,,11322710
2026-07-07T21:13:58.412714,2026-07-07T21:13:58.424057+00:00,141.9,500,bid,,,11322725
2026-07-07T21:13:58.412714,2026-07-07T21:13:58.424057+00:00,141.9,125,bid,,,11322726
2026-07-07T21:13:59.216032,2026-07-07T21:13:59.224947+00:00,141.7,200,ask,,,11322734
2026-07-07T21:14:03.428077,2026-07-07T21:14:03.440151+00:00,141.7,20,bid,,,11322780
2026-07-07T21:14:04.103031,2026-07-07T21:14:04.111199+00:00,141.6,200,bid,,,11322792
2026-07-07T21:14:04.986310,2026-07-07T21:14:04.990298+00:00,141.6,3,ask,,,11322802
2026-07-07T21:14:05.695839,2026-07-07T21:14:05.706991+00:00,141.7,20,bid,,,11322818
2026-07-07T21:14:06.280256,2026-07-07T21:14:06.287196+00:00,141.7,180,bid,,,11322827
2026-07-07T21:14:06.297952,2026-07-07T21:14:06.301944+00:00,141.8,23,ask,,,11322829
2026-07-07T21:14:06.532529,2026-07-07T21:14:06.540958+00:00,141.8,200,ask,,,11322833
2026-07-07T21:14:09.411512,2026-07-07T21:14:09.423052+00:00,141.6,12,ask,,,11322878
2026-07-07T21:14:12.588500,2026-07-07T21:14:12.599832+00:00,141.8,200,bid,,,11322925
2026-07-07T21:14:12.886597,2026-07-07T21:14:12.891064+00:00,141.8,11,ask,,,11322931
2026-07-07T21:14:13.800087,2026-07-07T21:14:13.806319+00:00,141.8,200,ask,,,11322942
2026-07-07T21:14:15.187193,2026-07-07T21:14:15.198852+00:00,141.7,12,ask,,,11322956
2026-07-07T21:14:15.502726,2026-07-07T21:14:15.506666+00:00,141.9,12,ask,,,11322963
2026-07-07T21:14:16.222999,2026-07-07T21:14:16.230331+00:00,141.9,200,ask,,,11322974
2026-07-07T21:14:17.430026,2026-07-07T21:14:17.437408+00:00,141.9,200,ask,,,11322987
2026-07-07T21:14:19.976928,2026-07-07T21:14:19.984768+00:00,141.8,12,bid,,,11323024
2026-07-07T21:14:21.914891,2026-07-07T21:14:21.926762+00:00,141.8,20,bid,,,11323043
2026-07-07T21:14:23.350730,2026-07-07T21:14:23.370207+00:00,141.6,200,ask,,,11323057
2026-07-07T21:14:23.365802,2026-07-07T21:14:23.370207+00:00,141.6,12,bid,,,11323059
2026-07-07T21:14:23.485950,2026-07-07T21:14:23.494497+00:00,141.6,200,bid,,,11323060
2026-07-07T21:14:24.634859,2026-07-07T21:14:24.641747+00:00,141.6,213,bid,,,11323075
2026-07-07T21:14:24.723913,2026-07-07T21:14:24.727741+00:00,141.8,12,ask,,,11323082
2026-07-07T21:14:25.266232,2026-07-07T21:14:25.275435+00:00,141.8,12,ask,,,11323091
2026-07-07T21:14:25.977505,2026-07-07T21:14:25.984208+00:00,141.7,200,ask,,,11323098
2026-07-07T21:14:28.433357,2026-07-07T21:14:28.437531+00:00,141.6,11,ask,,,11323123
2026-07-07T21:14:29.487447,2026-07-07T21:14:29.495668+00:00,141.7,500,bid,,,11323138
2026-07-07T21:14:30.249541,2026-07-07T21:14:30.258544+00:00,141.7,20,ask,,,11323145
2026-07-07T21:14:30.688038,2026-07-07T21:14:30.699509+00:00,141.8,200,bid,,,11323151
2026-07-07T21:14:30.688038,2026-07-07T21:14:30.699509+00:00,141.8,300,bid,,,11323152
2026-07-07T21:14:31.849923,2026-07-07T21:14:31.856414+00:00,141.9,20,bid,,,11323165
2026-07-07T21:14:34.303634,2026-07-07T21:14:34.310995+00:00,141.8,20,ask,,,11323210
2026-07-07T21:14:36.070730,2026-07-07T21:14:36.082283+00:00,141.8,12,ask,,,11323227
2026-07-07T21:14:36.332992,2026-07-07T21:14:36.343653+00:00,142.0,12,bid,,,11323234
2026-07-07T21:14:37.922697,2026-07-07T21:14:37.926621+00:00,142.2,11,bid,,,11323248
2026-07-07T21:14:38.100018,2026-07-07T21:14:38.108947+00:00,142.2,12,bid,,,11323252
2026-07-07T21:14:39.291889,2026-07-07T21:14:39.297169+00:00,142.0,23,bid,,,11323269
2026-07-07T21:14:40.617507,2026-07-07T21:14:40.627509+00:00,142.0,12,bid,,,11323284
2026-07-07T21:14:41.719979,2026-07-07T21:14:41.726649+00:00,141.9,200,bid,,,11323297
2026-07-07T21:14:42.536375,2026-07-07T21:14:42.548154+00:00,142.2,20,bid,,,11323303
2026-07-07T21:14:42.900355,2026-07-07T21:14:42.908972+00:00,142.0,200,ask,,,11323310
2026-07-07T21:14:43.034572,2026-07-07T21:14:43.042021+00:00,141.8,500,ask,,,11323311
2026-07-07T21:14:43.397444,2026-07-07T21:14:43.408130+00:00,141.8,125,bid,,,11323315
2026-07-07T21:14:44.342050,2026-07-07T21:14:44.363968+00:00,142.0,200,bid,,,11323334
2026-07-07T21:14:47.737581,2026-07-07T21:14:47.747844+00:00,142.2,200,bid,,,11323386
2026-07-07T21:14:53.820842,2026-07-07T21:14:53.824321+00:00,142.1,12,bid,,,11323461
2026-07-07T21:14:54.831862,2026-07-07T21:14:54.838606+00:00,142.1,188,bid,,,11323471
2026-07-07T21:14:55.022405,2026-07-07T21:14:55.029910+00:00,142.1,200,ask,,,11323476
2026-07-07T21:14:58.664469,2026-07-07T21:14:58.674371+00:00,142.3,200,bid,,,11323526
2026-07-07T21:15:00.111809,2026-07-07T21:15:00.116999+00:00,142.4,11,bid,,,11323546
2026-07-07T21:15:01.108666,2026-07-07T21:15:01.113937+00:00,142.3,3,bid,,,11323556
2026-07-07T21:15:05.356957,2026-07-07T21:15:05.367430+00:00,142.1,200,bid,,,11323615
2026-07-07T21:15:07.981546,2026-07-07T21:15:07.988228+00:00,142.0,200,ask,,,11323644
2026-07-07T21:15:08.354243,2026-07-07T21:15:08.358596+00:00,141.9,200,bid,,,11323649
2026-07-07T21:15:10.600183,2026-07-07T21:15:10.607493+00:00,142.0,200,bid,,,11323679
2026-07-07T21:15:10.779933,2026-07-07T21:15:10.786616+00:00,142.0,200,ask,,,11323682
2026-07-07T21:15:11.559732,2026-07-07T21:15:11.567302+00:00,142.0,20,ask,,,11323697
2026-07-07T21:15:15.844697,2026-07-07T21:15:15.853847+00:00,142.1,200,bid,,,11323763
2026-07-07T21:15:18.047803,2026-07-07T21:15:18.058592+00:00,142.2,200,ask,,,11323795
2026-07-07T21:15:19.790002,2026-07-07T21:15:19.793982+00:00,142.1,3,ask,,,11323814
2026-07-07T21:15:22.036406,2026-07-07T21:15:22.045122+00:00,142.1,20,bid,,,11323842
2026-07-07T21:15:22.395954,2026-07-07T21:15:22.402510+00:00,142.1,180,bid,,,11323847
2026-07-07T21:15:22.414164,2026-07-07T21:15:22.418455+00:00,142.1,11,ask,,,11323849
2026-07-07T21:15:23.009137,2026-07-07T21:15:23.020865+00:00,142.1,12,ask,,,11323862
2026-07-07T21:15:26.343604,2026-07-07T21:15:26.347792+00:00,142.1,12,ask,,,11323901
2026-07-07T21:15:27.004064,2026-07-07T21:15:27.012233+00:00,142.1,500,ask,,,11323904
2026-07-07T21:15:27.624002,2026-07-07T21:15:27.635591+00:00,142.1,113,ask,,,11323916
2026-07-07T21:15:27.645693,2026-07-07T21:15:27.671278+00:00,142.0,200,ask,,,11323918
2026-07-07T21:15:27.666523,2026-07-07T21:15:27.671278+00:00,141.7,12,bid,,,11323920
2026-07-07T21:15:27.744807,2026-07-07T21:15:27.751205+00:00,141.7,200,bid,,,11323923
2026-07-07T21:15:28.116083,2026-07-07T21:15:28.128054+00:00,141.5,20,ask,,,11323926
2026-07-07T21:15:28.964422,2026-07-07T21:15:28.984660+00:00,141.8,200,bid,,,11323934
2026-07-07T21:15:28.980966,2026-07-07T21:15:28.984660+00:00,141.8,23,ask,,,11323937
2026-07-07T21:15:29.375510,2026-07-07T21:15:29.382299+00:00,141.8,12,ask,,,11323941
2026-07-07T21:15:31.418495,2026-07-07T21:15:31.430084+00:00,141.7,12,ask,,,11323966
2026-07-07T21:15:32.592775,2026-07-07T21:15:32.601097+00:00,141.8,200,bid,,,11323978
2026-07-07T21:15:33.817554,2026-07-07T21:15:33.821474+00:00,141.8,12,ask,,,11323997
2026-07-07T21:15:34.212106,2026-07-07T21:15:34.223214+00:00,141.8,188,ask,,,11324002
2026-07-07T21:15:35.010915,2026-07-07T21:15:35.022381+00:00,141.8,200,bid,,,11324014
2026-07-07T21:15:36.830868,2026-07-07T21:15:36.838236+00:00,141.9,200,bid,,,11324036
2026-07-07T21:15:36.830868,2026-07-07T21:15:36.843702+00:00,141.9,425,bid,,,11324037
2026-07-07T21:15:37.725959,2026-07-07T21:15:37.734119+00:00,141.8,12,ask,,,11324054
2026-07-07T21:15:38.092472,2026-07-07T21:15:38.097075+00:00,141.8,11,ask,,,11324060
2026-07-07T21:15:38.649453,2026-07-07T21:15:38.658585+00:00,141.9,200,bid,,,11324062
2026-07-07T21:15:39.741673,2026-07-07T21:15:39.758624+00:00,141.7,12,ask,,,11324076
2026-07-07T21:15:39.861341,2026-07-07T21:15:39.869558+00:00,141.9,200,bid,,,11324079
2026-07-07T21:15:40.767446,2026-07-07T21:15:40.773860+00:00,141.9,500,bid,,,11324094
2026-07-07T21:15:40.785913,2026-07-07T21:15:40.790221+00:00,142.0,23,ask,,,11324096
2026-07-07T21:15:40.936832,2026-07-07T21:15:40.947435+00:00,142.0,102,ask,,,11324097
2026-07-07T21:15:41.071712,2026-07-07T21:15:41.079498+00:00,141.9,200,bid,,,11324099
2026-07-07T21:15:41.521104,2026-07-07T21:15:41.529042+00:00,141.1,12,ask,,,11324113
2026-07-07T21:15:42.058509,2026-07-07T21:15:42.070461+00:00,141.1,12,ask,,,11324122
2026-07-07T21:15:42.284678,2026-07-07T21:15:42.296275+00:00,141.9,200,bid,,,11324129
2026-07-07T21:15:43.385187,2026-07-07T21:15:43.402295+00:00,141.9,500,bid,,,11324140
2026-07-07T21:15:43.398678,2026-07-07T21:15:43.402295+00:00,142.0,17,ask,,,11324142
2026-07-07T21:15:43.950863,2026-07-07T21:15:43.958568+00:00,142.0,108,ask,,,11324156
2026-07-07T21:15:43.950863,2026-07-07T21:15:43.958568+00:00,141.9,200,ask,,,11324157
2026-07-07T21:15:44.101233,2026-07-07T21:15:44.110700+00:00,141.0,12,ask,,,11324163
2026-07-07T21:15:44.615578,2026-07-07T21:15:44.626796+00:00,141.1,12,ask,,,11324168
2026-07-07T21:15:45.135596,2026-07-07T21:15:45.143564+00:00,141.7,12,ask,,,11324174
2026-07-07T21:15:47.314247,2026-07-07T21:15:47.325581+00:00,141.7,200,bid,,,11324209
2026-07-07T21:15:47.605457,2026-07-07T21:15:47.627430+00:00,141.8,425,ask,,,11324212
2026-07-07T21:15:47.623237,2026-07-07T21:15:47.627430+00:00,141.7,17,bid,,,11324214
2026-07-07T21:15:48.224818,2026-07-07T21:15:48.228976+00:00,141.6,12,bid,,,11324229
2026-07-07T21:15:48.334730,2026-07-07T21:15:48.344129+00:00,141.6,200,bid,,,11324232
2026-07-07T21:15:49.413063,2026-07-07T21:15:49.421853+00:00,141.5,500,ask,,,11324246
2026-07-07T21:15:49.939511,2026-07-07T21:15:49.958534+00:00,141.6,200,ask,,,11324253
2026-07-07T21:15:49.955037,2026-07-07T21:15:49.958534+00:00,141.5,11,bid,,,11324255
2026-07-07T21:15:50.752717,2026-07-07T21:15:50.756510+00:00,141.3,34,ask,,,11324272
2026-07-07T21:15:50.975040,2026-07-07T21:15:50.984769+00:00,141.3,10,ask,,,11324275
2026-07-07T21:15:51.249850,2026-07-07T21:15:51.263760+00:00,141.5,500,bid,,,11324276
2026-07-07T21:15:51.249850,2026-07-07T21:15:51.263760+00:00,141.6,125,bid,,,11324277
2026-07-07T21:15:51.985107,2026-07-07T21:15:51.989157+00:00,141.4,6,ask,,,11324293
2026-07-07T21:15:52.568583,2026-07-07T21:15:52.576071+00:00,141.4,194,ask,,,11324301
2026-07-07T21:15:52.845058,2026-07-07T21:15:52.853622+00:00,141.2,20,ask,,,11324302
2026-07-07T21:15:55.770122,2026-07-07T21:15:55.781940+00:00,141.2,20,ask,,,11324345
2026-07-07T21:15:56.816737,2026-07-07T21:15:56.823776+00:00,141.3,200,bid,,,11324363
2026-07-07T21:15:57.275623,2026-07-07T21:15:57.282819+00:00,141.2,500,ask,,,11324370
2026-07-07T21:15:58.026638,2026-07-07T21:15:58.035847+00:00,141.2,200,bid,,,11324387
2026-07-07T21:16:00.863167,2026-07-07T21:16:00.874559+00:00,140.9,20,ask,,,11324434
2026-07-07T21:16:01.773296,2026-07-07T21:16:01.784372+00:00,141.0,200,bid,,,11324449
2026-07-07T21:16:02.138224,2026-07-07T21:16:02.146103+00:00,141.0,425,ask,,,11324450
2026-07-07T21:16:02.879020,2026-07-07T21:16:02.892811+00:00,140.9,200,bid,,,11324464
2026-07-07T21:16:03.096307,2026-07-07T21:16:03.100362+00:00,140.8,6,bid,,,11324469
2026-07-07T21:16:03.464015,2026-07-07T21:16:03.468601+00:00,140.6,6,ask,,,11324482
2026-07-07T21:16:06.588154,2026-07-07T21:16:06.595604+00:00,140.9,20,bid,,,11324534
2026-07-07T21:16:07.726950,2026-07-07T21:16:07.735317+00:00,140.8,200,bid,,,11324558
2026-07-07T21:16:08.321012,2026-07-07T21:16:08.330566+00:00,140.9,500,bid,,,11324563
2026-07-07T21:16:08.432730,2026-07-07T21:16:08.444675+00:00,141.0,20,bid,,,11324564
2026-07-07T21:16:09.411001,2026-07-07T21:16:09.417609+00:00,140.9,125,ask,,,11324578
2026-07-07T21:16:10.152820,2026-07-07T21:16:10.164200+00:00,140.8,200,bid,,,11324592
2026-07-07T21:16:11.364953,2026-07-07T21:16:11.375976+00:00,140.8,200,bid,,,11324608
2026-07-07T21:16:12.575858,2026-07-07T21:16:12.585985+00:00,140.8,200,bid,,,11324620
2026-07-07T21:16:13.559618,2026-07-07T21:16:13.569068+00:00,140.8,500,bid,,,11324636
2026-07-07T21:16:13.642250,2026-07-07T21:16:13.652626+00:00,140.9,125,ask,,,11324638
2026-07-07T21:16:13.784988,2026-07-07T21:16:13.795500+00:00,140.7,200,bid,,,11324643
2026-07-07T21:16:13.922548,2026-07-07T21:16:13.934229+00:00,139.9,20,ask,,,11324646
2026-07-07T21:16:14.873054,2026-07-07T21:16:14.884805+00:00,140.7,500,bid,,,11324655
2026-07-07T21:16:15.450297,2026-07-07T21:16:15.457924+00:00,140.8,200,ask,,,11324665
2026-07-07T21:16:15.450297,2026-07-07T21:16:15.457924+00:00,140.7,125,ask,,,11324666
2026-07-07T21:16:16.144679,2026-07-07T21:16:16.164029+00:00,140.8,12,bid,,,11324677
2026-07-07T21:16:16.215852,2026-07-07T21:16:16.226553+00:00,140.5,200,bid,,,11324678
2026-07-07T21:16:17.492171,2026-07-07T21:16:17.503741+00:00,140.6,200,bid,,,11324689
2026-07-07T21:16:17.668437,2026-07-07T21:16:17.675733+00:00,140.6,12,ask,,,11324692
2026-07-07T21:16:20.112605,2026-07-07T21:16:20.134343+00:00,140.6,200,ask,,,11324732
2026-07-07T21:16:20.130294,2026-07-07T21:16:20.134343+00:00,140.6,6,bid,,,11324734
2026-07-07T21:16:22.241914,2026-07-07T21:16:22.253613+00:00,140.5,20,ask,,,11324761
2026-07-07T21:16:22.544313,2026-07-07T21:16:22.558603+00:00,140.7,20,bid,,,11324766
2026-07-07T21:16:25.559872,2026-07-07T21:16:25.563838+00:00,140.7,11,bid,,,11324813
2026-07-07T21:16:25.941939,2026-07-07T21:16:25.946440+00:00,140.6,12,bid,,,11324823
2026-07-07T21:16:28.343937,2026-07-07T21:16:28.351823+00:00,140.5,200,ask,,,11324859
2026-07-07T21:16:34.393279,2026-07-07T21:16:34.401915+00:00,140.7,200,bid,,,11324936
2026-07-07T21:16:38.219642,2026-07-07T21:16:38.224552+00:00,140.6,11,bid,,,11324979
2026-07-07T21:16:46.490561,2026-07-07T21:16:46.499000+00:00,140.7,200,bid,,,11325088
2026-07-07T21:16:49.367642,2026-07-07T21:16:49.374193+00:00,140.5,200,ask,,,11325134
2026-07-07T21:16:49.577552,2026-07-07T21:16:49.589340+00:00,140.5,12,bid,,,11325141
2026-07-07T21:16:50.308451,2026-07-07T21:16:50.316707+00:00,140.5,500,bid,,,11325153
2026-07-07T21:16:50.308451,2026-07-07T21:16:50.316707+00:00,140.6,125,bid,,,11325154
2026-07-07T21:16:51.433788,2026-07-07T21:16:51.445572+00:00,140.6,20,bid,,,11325172
2026-07-07T21:16:51.621846,2026-07-07T21:16:51.633232+00:00,140.4,200,ask,,,11325175
2026-07-07T21:16:52.530391,2026-07-07T21:16:52.541276+00:00,140.3,200,bid,,,11325188
2026-07-07T21:16:54.114683,2026-07-07T21:16:54.121211+00:00,140.6,12,bid,,,11325217
2026-07-07T21:16:54.241693,2026-07-07T21:16:54.252877+00:00,140.5,200,ask,,,11325218
2026-07-07T21:16:55.894704,2026-07-07T21:16:55.902684+00:00,140.6,12,bid,,,11325236
2026-07-07T21:16:58.209291,2026-07-07T21:16:58.214012+00:00,140.4,11,bid,,,11325274
2026-07-07T21:16:58.430994,2026-07-07T21:16:58.440645+00:00,140.3,11,ask,,,11325277
2026-07-07T21:16:58.603776,2026-07-07T21:16:58.613197+00:00,140.4,200,bid,,,11325279
2026-07-07T21:17:02.117484,2026-07-07T21:17:02.125661+00:00,140.4,200,bid,,,11325318
2026-07-07T21:17:02.941071,2026-07-07T21:17:02.958570+00:00,140.4,20,ask,,,11325329
2026-07-07T21:17:04.249206,2026-07-07T21:17:04.255970+00:00,140.6,12,bid,,,11325348
2026-07-07T21:17:04.734471,2026-07-07T21:17:04.741167+00:00,140.5,200,bid,,,11325352
2026-07-07T21:17:06.508898,2026-07-07T21:17:06.520596+00:00,140.6,12,bid,,,11325383
2026-07-07T21:17:08.666685,2026-07-07T21:17:08.676840+00:00,140.4,200,ask,,,11325419
2026-07-07T21:17:09.859355,2026-07-07T21:17:09.863827+00:00,140.4,23,bid,,,11325434
2026-07-07T21:17:10.046705,2026-07-07T21:17:10.057828+00:00,140.4,12,bid,,,11325438
2026-07-07T21:17:10.677557,2026-07-07T21:17:10.686350+00:00,140.4,200,bid,,,11325447
2026-07-07T21:17:11.053524,2026-07-07T21:17:11.065087+00:00,140.3,12,ask,,,11325450
2026-07-07T21:17:12.713504,2026-07-07T21:17:12.725132+00:00,140.4,20,bid,,,11325470
2026-07-07T21:17:12.814089,2026-07-07T21:17:12.825610+00:00,140.4,12,bid,,,11325472
2026-07-07T21:17:14.095288,2026-07-07T21:17:14.107206+00:00,140.5,12,bid,,,11325486
2026-07-07T21:17:14.442760,2026-07-07T21:17:14.450304+00:00,140.4,20,ask,,,11325491
2026-07-07T21:17:14.810804,2026-07-07T21:17:14.819995+00:00,140.4,180,ask,,,11325501
2026-07-07T21:17:16.013853,2026-07-07T21:17:16.024463+00:00,140.3,500,ask,,,11325513
2026-07-07T21:17:16.526580,2026-07-07T21:17:16.533195+00:00,140.2,200,ask,,,11325517
2026-07-07T21:17:16.545369,2026-07-07T21:17:16.549763+00:00,140.1,23,bid,,,11325519
2026-07-07T21:17:16.722881,2026-07-07T21:17:16.730280+00:00,140.1,200,bid,,,11325525
2026-07-07T21:17:17.120968,2026-07-07T21:17:17.132771+00:00,140.1,12,bid,,,11325534
2026-07-07T21:17:20.360234,2026-07-07T21:17:20.369561+00:00,140.2,200,bid,,,11325572
2026-07-07T21:17:21.171365,2026-07-07T21:17:21.182929+00:00,140.2,12,bid,,,11325587
2026-07-07T21:17:21.796824,2026-07-07T21:17:21.798361+00:00,140.1,200,ask,,,11325598
2026-07-07T21:17:22.774426,2026-07-07T21:17:22.783295+00:00,140.1,200,bid,,,11325612
2026-07-07T21:17:23.442764,2026-07-07T21:17:23.451013+00:00,140.3,12,bid,,,11325626
2026-07-07T21:17:23.984907,2026-07-07T21:17:23.993168+00:00,140.2,200,ask,,,11325636
2026-07-07T21:17:25.745170,2026-07-07T21:17:25.758634+00:00,140.3,200,bid,,,11325655
2026-07-07T21:17:26.481842,2026-07-07T21:17:26.493804+00:00,140.4,12,bid,,,11325673
2026-07-07T21:17:27.549592,2026-07-07T21:17:27.558620+00:00,140.4,9,bid,,,11325686
2026-07-07T21:17:28.860303,2026-07-07T21:17:28.869261+00:00,140.4,200,bid,,,11325707
2026-07-07T21:17:29.990446,2026-07-07T21:17:29.994215+00:00,140.3,3,bid,,,11325722
2026-07-07T21:17:33.707194,2026-07-07T21:17:33.717366+00:00,140.2,200,ask,,,11325770
2026-07-07T21:17:34.188452,2026-07-07T21:17:34.195225+00:00,140.2,425,ask,,,11325777
2026-07-07T21:17:37.337264,2026-07-07T21:17:37.346630+00:00,139.9,200,ask,,,11325815
2026-07-07T21:17:37.549759,2026-07-07T21:17:37.553453+00:00,140.0,3,ask,,,11325819
2026-07-07T21:17:38.545351,2026-07-07T21:17:38.554481+00:00,140.0,200,ask,,,11325838
2026-07-07T21:17:39.755169,2026-07-07T21:17:39.758569+00:00,140.1,200,ask,,,11325853
2026-07-07T21:17:42.812925,2026-07-07T21:17:42.821104+00:00,139.9,200,ask,,,11325882
2026-07-07T21:17:44.583336,2026-07-07T21:17:44.590931+00:00,139.9,200,bid,,,11325894
2026-07-07T21:17:44.739800,2026-07-07T21:17:44.745018+00:00,139.7,23,ask,,,11325901
2026-07-07T21:17:46.682510,2026-07-07T21:17:46.691252+00:00,139.7,12,ask,,,11325925
2026-07-07T21:17:46.999981,2026-07-07T21:17:47.002160+00:00,139.9,200,bid,,,11325930
2026-07-07T21:17:49.362329,2026-07-07T21:17:49.369214+00:00,139.8,200,ask,,,11325955
2026-07-07T21:17:49.416403,2026-07-07T21:17:49.424163+00:00,139.8,200,bid,,,11325960
2026-07-07T21:17:51.244853,2026-07-07T21:17:51.255587+00:00,140.0,12,bid,,,11325980
2026-07-07T21:17:52.988166,2026-07-07T21:17:52.998015+00:00,139.9,500,ask,,,11325999
2026-07-07T21:17:53.046472,2026-07-07T21:17:53.054218+00:00,139.9,125,ask,,,11326001
2026-07-07T21:17:53.301063,2026-07-07T21:17:53.312028+00:00,139.7,200,ask,,,11326004
2026-07-07T21:17:53.318593,2026-07-07T21:17:53.323031+00:00,139.7,23,bid,,,11326006
2026-07-07T21:17:54.253914,2026-07-07T21:17:54.262609+00:00,139.7,200,bid,,,11326023
2026-07-07T21:17:55.187696,2026-07-07T21:17:55.199486+00:00,139.6,20,ask,,,11326034
2026-07-07T21:17:57.254232,2026-07-07T21:17:57.259118+00:00,139.7,3,ask,,,11326056
2026-07-07T21:18:00.315649,2026-07-07T21:18:00.326212+00:00,139.8,200,bid,,,11326091
2026-07-07T21:18:06.426581,2026-07-07T21:18:06.433512+00:00,139.9,200,bid,,,11326167
2026-07-07T21:18:10.971462,2026-07-07T21:18:10.980186+00:00,139.9,20,bid,,,11326223
2026-07-07T21:18:18.367553,2026-07-07T21:18:18.379207+00:00,139.8,12,ask,,,11326305
2026-07-07T21:18:22.135471,2026-07-07T21:18:22.143434+00:00,139.7,200,ask,,,11326352
2026-07-07T21:18:22.726489,2026-07-07T21:18:22.730209+00:00,139.5,31,ask,,,11326361
2026-07-07T21:18:22.929523,2026-07-07T21:18:22.936081+00:00,139.5,12,ask,,,11326363
2026-07-07T21:18:23.114372,2026-07-07T21:18:23.126122+00:00,139.6,20,bid,,,11326364
2026-07-07T21:18:23.477242,2026-07-07T21:18:23.484735+00:00,139.7,200,bid,,,11326367
2026-07-07T21:18:23.496156,2026-07-07T21:18:23.499893+00:00,139.8,34,ask,,,11326369
2026-07-07T21:18:24.553293,2026-07-07T21:18:24.558553+00:00,139.8,200,ask,,,11326388
2026-07-07T21:18:24.964969,2026-07-07T21:18:24.974556+00:00,139.5,12,ask,,,11326391
2026-07-07T21:18:25.763700,2026-07-07T21:18:25.770358+00:00,139.7,200,bid,,,11326401
2026-07-07T21:18:25.837746,2026-07-07T21:18:25.841729+00:00,139.7,22,bid,,,11326403
2026-07-07T21:18:26.222349,2026-07-07T21:18:26.233795+00:00,139.8,12,bid,,,11326408
2026-07-07T21:18:27.404311,2026-07-07T21:18:27.415378+00:00,139.7,500,ask,,,11326423
2026-07-07T21:18:27.404311,2026-07-07T21:18:27.415378+00:00,139.6,125,ask,,,11326424
2026-07-07T21:18:28.189630,2026-07-07T21:18:28.200352+00:00,139.7,200,ask,,,11326434
2026-07-07T21:18:29.055776,2026-07-07T21:18:29.064760+00:00,139.9,20,bid,,,11326441
2026-07-07T21:18:31.139223,2026-07-07T21:18:31.146297+00:00,139.8,500,bid,,,11326474
2026-07-07T21:18:31.348008,2026-07-07T21:18:31.359448+00:00,139.8,200,bid,,,11326479
2026-07-07T21:18:31.825490,2026-07-07T21:18:31.834220+00:00,139.9,200,ask,,,11326490
2026-07-07T21:18:32.363623,2026-07-07T21:18:32.375081+00:00,139.8,20,ask,,,11326500
2026-07-07T21:18:33.033266,2026-07-07T21:18:33.040937+00:00,139.9,200,bid,,,11326508
2026-07-07T21:18:33.552470,2026-07-07T21:18:33.559432+00:00,139.9,425,bid,,,11326513
2026-07-07T21:18:33.966977,2026-07-07T21:18:33.975889+00:00,140.1,200,bid,,,11326520
2026-07-07T21:18:34.242903,2026-07-07T21:18:34.252128+00:00,140.1,200,ask,,,11326526
2026-07-07T21:18:35.128466,2026-07-07T21:18:35.140004+00:00,140.3,20,bid,,,11326538
2026-07-07T21:18:37.867757,2026-07-07T21:18:37.875462+00:00,140.1,200,bid,,,11326562
2026-07-07T21:18:40.288476,2026-07-07T21:18:40.298384+00:00,140.1,200,ask,,,11326594
2026-07-07T21:18:41.484769,2026-07-07T21:18:41.495007+00:00,140.2,12,bid,,,11326611
2026-07-07T21:18:44.491602,2026-07-07T21:18:44.563636+00:00,140.1,200,ask,,,11326644
2026-07-07T21:18:44.573203,2026-07-07T21:18:44.578792+00:00,140.1,12,bid,,,11326646
2026-07-07T21:18:45.781820,2026-07-07T21:18:45.789478+00:00,140.0,12,ask,,,11326663
2026-07-07T21:18:47.113142,2026-07-07T21:18:47.123018+00:00,140.1,200,bid,,,11326673
2026-07-07T21:18:47.547322,2026-07-07T21:18:47.558606+00:00,140.1,200,ask,,,11326680
2026-07-07T21:18:48.057744,2026-07-07T21:18:48.069394+00:00,140.1,12,ask,,,11326694
2026-07-07T21:18:49.618345,2026-07-07T21:18:49.627760+00:00,139.9,20,ask,,,11326709
2026-07-07T21:18:52.080612,2026-07-07T21:18:52.092192+00:00,140.2,12,bid,,,11326741
2026-07-07T21:18:53.590173,2026-07-07T21:18:53.601277+00:00,140.0,200,ask,,,11326761
2026-07-07T21:18:56.018247,2026-07-07T21:18:56.028618+00:00,140.0,200,ask,,,11326791
2026-07-07T21:18:58.436045,2026-07-07T21:18:58.444540+00:00,139.9,200,ask,,,11326812
2026-07-07T21:18:58.897401,2026-07-07T21:18:58.905898+00:00,139.9,500,ask,,,11326815
2026-07-07T21:19:01.542493,2026-07-07T21:19:01.553720+00:00,140.0,200,bid,,,11326858
2026-07-07T21:19:03.278614,2026-07-07T21:19:03.288047+00:00,139.9,200,ask,,,11326881
2026-07-07T21:19:03.444475,2026-07-07T21:19:03.458676+00:00,139.9,20,ask,,,11326884
2026-07-07T21:19:03.872373,2026-07-07T21:19:03.876153+00:00,140.1,23,bid,,,11326893
2026-07-07T21:19:03.907859,2026-07-07T21:19:03.917238+00:00,140.1,12,bid,,,11326895
2026-07-07T21:19:04.183538,2026-07-07T21:19:04.187514+00:00,139.9,14,bid,,,11326901
2026-07-07T21:19:04.422728,2026-07-07T21:19:04.429316+00:00,139.9,500,bid,,,11326905
2026-07-07T21:19:04.929439,2026-07-07T21:19:04.941226+00:00,139.9,12,bid,,,11326915
2026-07-07T21:19:05.017045,2026-07-07T21:19:05.028417+00:00,139.9,99,bid,,,11326916
2026-07-07T21:19:05.273123,2026-07-07T21:19:05.284734+00:00,140.1,20,bid,,,11326922
2026-07-07T21:19:05.704904,2026-07-07T21:19:05.712183+00:00,140.0,200,ask,,,11326929
2026-07-07T21:19:06.914634,2026-07-07T21:19:06.921233+00:00,140.0,200,ask,,,11326943
2026-07-07T21:19:09.408558,2026-07-07T21:19:09.416720+00:00,140.0,200,ask,,,11326972
2026-07-07T21:19:12.340001,2026-07-07T21:19:12.343880+00:00,140.0,3,ask,,,11327004
2026-07-07T21:19:12.793290,2026-07-07T21:19:12.800949+00:00,140.1,20,bid,,,11327017
2026-07-07T21:19:13.342822,2026-07-07T21:19:13.353204+00:00,140.0,500,ask,,,11327026
2026-07-07T21:19:13.342822,2026-07-07T21:19:13.353204+00:00,140.0,125,ask,,,11327027
2026-07-07T21:19:15.054205,2026-07-07T21:19:15.058584+00:00,140.0,20,ask,,,11327043
2026-07-07T21:19:15.962633,2026-07-07T21:19:15.969423+00:00,140.2,200,bid,,,11327060
2026-07-07T21:19:16.629882,2026-07-07T21:19:16.634479+00:00,140.3,3,bid,,,11327074
2026-07-07T21:19:17.819523,2026-07-07T21:19:17.830202+00:00,140.2,200,ask,,,11327082
2026-07-07T21:19:18.594512,2026-07-07T21:19:18.606058+00:00,140.2,500,ask,,,11327095
2026-07-07T21:19:18.961335,2026-07-07T21:19:18.969226+00:00,140.2,125,bid,,,11327101
2026-07-07T21:19:19.029852,2026-07-07T21:19:19.037968+00:00,140.4,200,ask,,,11327104
2026-07-07T21:19:19.873620,2026-07-07T21:19:19.881149+00:00,140.3,12,ask,,,11327116
2026-07-07T21:19:20.135250,2026-07-07T21:19:20.158646+00:00,140.5,12,bid,,,11327120
2026-07-07T21:19:22.876697,2026-07-07T21:19:22.880905+00:00,140.3,3,ask,,,11327161
2026-07-07T21:19:25.046592,2026-07-07T21:19:25.050195+00:00,140.4,11,ask,,,11327198
2026-07-07T21:19:25.097152,2026-07-07T21:19:25.104273+00:00,140.5,200,bid,,,11327201
2026-07-07T21:19:25.420653,2026-07-07T21:19:25.432417+00:00,140.4,12,ask,,,11327208
2026-07-07T21:19:27.515951,2026-07-07T21:19:27.525516+00:00,140.5,200,ask,,,11327235
2026-07-07T21:19:27.779300,2026-07-07T21:19:27.789770+00:00,140.5,500,ask,,,11327237
2026-07-07T21:19:27.796040,2026-07-07T21:19:27.799760+00:00,140.5,11,bid,,,11327239
2026-07-07T21:19:28.035735,2026-07-07T21:19:28.042895+00:00,140.5,114,bid,,,11327242
2026-07-07T21:19:28.233376,2026-07-07T21:19:28.242615+00:00,140.5,12,ask,,,11327249
2026-07-07T21:19:28.724763,2026-07-07T21:19:28.731915+00:00,140.6,200,ask,,,11327255
2026-07-07T21:19:29.274747,2026-07-07T21:19:29.286191+00:00,140.8,12,bid,,,11327262
2026-07-07T21:19:29.932546,2026-07-07T21:19:29.940270+00:00,140.5,200,ask,,,11327275
2026-07-07T21:19:31.141572,2026-07-07T21:19:31.148306+00:00,140.5,200,ask,,,11327287
2026-07-07T21:19:32.351076,2026-07-07T21:19:32.352941+00:00,140.5,200,ask,,,11327306
2026-07-07T21:19:32.381075,2026-07-07T21:19:32.386406+00:00,140.5,23,ask,,,11327310
2026-07-07T21:19:32.560498,2026-07-07T21:19:32.571395+00:00,140.5,12,ask,,,11327315
2026-07-07T21:19:34.323681,2026-07-07T21:19:34.334927+00:00,140.5,200,ask,,,11327342
2026-07-07T21:19:34.583052,2026-07-07T21:19:34.594757+00:00,140.3,12,ask,,,11327349
2026-07-07T21:19:34.881154,2026-07-07T21:19:34.893035+00:00,140.4,20,ask,,,11327355
2026-07-07T21:19:36.343396,2026-07-07T21:19:36.358624+00:00,140.6,12,bid,,,11327372
2026-07-07T21:19:38.249395,2026-07-07T21:19:38.260037+00:00,140.4,200,bid,,,11327388
2026-07-07T21:19:39.624589,2026-07-07T21:19:39.632793+00:00,140.6,200,bid,,,11327399
2026-07-07T21:19:39.863206,2026-07-07T21:19:39.874944+00:00,140.6,12,bid,,,11327402
2026-07-07T21:19:41.373389,2026-07-07T21:19:41.384645+00:00,140.6,20,bid,,,11327425
2026-07-07T21:19:41.864577,2026-07-07T21:19:41.868448+00:00,140.6,12,bid,,,11327433
2026-07-07T21:19:43.196671,2026-07-07T21:19:43.204672+00:00,140.5,200,ask,,,11327449
2026-07-07T21:19:43.196671,2026-07-07T21:19:43.204672+00:00,140.5,300,ask,,,11327450
2026-07-07T21:19:43.249003,2026-07-07T21:19:43.258617+00:00,140.5,200,ask,,,11327451
2026-07-07T21:19:43.506829,2026-07-07T21:19:43.528254+00:00,140.3,200,ask,,,11327453
2026-07-07T21:19:43.524165,2026-07-07T21:19:43.528254+00:00,140.2,14,bid,,,11327456
2026-07-07T21:19:43.656325,2026-07-07T21:19:43.658597+00:00,140.2,15,bid,,,11327460
2026-07-07T21:19:43.860626,2026-07-07T21:19:43.872405+00:00,140.0,20,ask,,,11327463
2026-07-07T21:19:44.453523,2026-07-07T21:19:44.464771+00:00,140.2,200,bid,,,11327478
2026-07-07T21:19:45.042538,2026-07-07T21:19:45.046627+00:00,140.2,3,ask,,,11327487
2026-07-07T21:19:45.191130,2026-07-07T21:19:45.199087+00:00,140.2,12,ask,,,11327490
2026-07-07T21:19:45.686093,2026-07-07T21:19:45.697538+00:00,140.2,200,ask,,,11327500
2026-07-07T21:19:47.200674,2026-07-07T21:19:47.212511+00:00,140.2,12,ask,,,11327519
2026-07-07T21:19:48.199202,2026-07-07T21:19:48.203534+00:00,140.2,11,ask,,,11327535
2026-07-07T21:19:49.221490,2026-07-07T21:19:49.230600+00:00,140.2,12,ask,,,11327549
2026-07-07T21:19:49.323180,2026-07-07T21:19:49.327179+00:00,140.3,12,ask,,,11327553
2026-07-07T21:19:51.732075,2026-07-07T21:19:51.741937+00:00,140.2,200,ask,,,11327586
2026-07-07T21:19:52.461666,2026-07-07T21:19:52.473337+00:00,140.3,20,bid,,,11327593
2026-07-07T21:19:52.866770,2026-07-07T21:19:52.875793+00:00,140.2,500,ask,,,11327600
2026-07-07T21:19:52.942682,2026-07-07T21:19:52.951181+00:00,140.2,125,ask,,,11327604
2026-07-07T21:19:56.581851,2026-07-07T21:19:56.585570+00:00,140.2,11,ask,,,11327646
2026-07-07T21:19:56.640931,2026-07-07T21:19:56.650057+00:00,140.2,189,ask,,,11327647
2026-07-07T21:19:57.775552,2026-07-07T21:19:57.784444+00:00,140.1,200,bid,,,11327666
2026-07-07T21:19:57.786487,2026-07-07T21:19:57.794839+00:00,139.9,12,ask,,,11327667
2026-07-07T21:19:58.780089,2026-07-07T21:19:58.791957+00:00,140.1,20,ask,,,11327678
2026-07-07T21:19:59.360507,2026-07-07T21:19:59.369318+00:00,140.1,12,ask,,,11327688
2026-07-07T21:19:59.880115,2026-07-07T21:19:59.891647+00:00,140.1,12,ask,,,11327701
2026-07-07T21:20:01.416242,2026-07-07T21:20:01.427119+00:00,140.1,200,ask,,,11327720
2026-07-07T21:20:01.976248,2026-07-07T21:20:01.985950+00:00,140.1,12,ask,,,11327732
2026-07-07T21:20:02.630016,2026-07-07T21:20:02.638332+00:00,140.1,200,ask,,,11327741
2026-07-07T21:20:04.085048,2026-07-07T21:20:04.088728+00:00,139.9,12,ask,,,11327765
2026-07-07T21:20:04.245958,2026-07-07T21:20:04.258571+00:00,139.9,12,ask,,,11327768
2026-07-07T21:20:05.812034,2026-07-07T21:20:05.835286+00:00,140.0,200,bid,,,11327794
2026-07-07T21:20:05.830369,2026-07-07T21:20:05.835286+00:00,140.0,11,ask,,,11327797
2026-07-07T21:20:08.285118,2026-07-07T21:20:08.296624+00:00,140.1,12,bid,,,11327831
2026-07-07T21:20:11.055012,2026-07-07T21:20:11.068132+00:00,140.0,200,ask,,,11327856
2026-07-07T21:20:11.064221,2026-07-07T21:20:11.068132+00:00,139.9,23,bid,,,11327858
2026-07-07T21:20:12.253734,2026-07-07T21:20:12.253762+00:00,139.9,402,bid,,,11327872
2026-07-07T21:20:12.361763,2026-07-07T21:20:12.371495+00:00,140.0,200,bid,,,11327876
2026-07-07T21:20:12.596328,2026-07-07T21:20:12.602747+00:00,140.3,12,bid,,,11327878
2026-07-07T21:20:13.529107,2026-07-07T21:20:13.540016+00:00,140.1,200,ask,,,11327894
2026-07-07T21:20:13.612330,2026-07-07T21:20:13.619950+00:00,140.3,12,bid,,,11327896
2026-07-07T21:20:13.677666,2026-07-07T21:20:13.684398+00:00,140.1,500,ask,,,11327898
2026-07-07T21:20:13.695231,2026-07-07T21:20:13.699020+00:00,140.1,23,bid,,,11327900
2026-07-07T21:20:14.619465,2026-07-07T21:20:14.625876+00:00,140.1,12,bid,,,11327914
2026-07-07T21:20:17.178617,2026-07-07T21:20:17.189736+00:00,140.1,200,ask,,,11327946
2026-07-07T21:20:18.389231,2026-07-07T21:20:18.400227+00:00,140.0,200,ask,,,11327956
2026-07-07T21:20:19.601677,2026-07-07T21:20:19.612740+00:00,140.0,200,ask,,,11327967
2026-07-07T21:20:21.552016,2026-07-07T21:20:21.563810+00:00,140.0,500,ask,,,11327986
2026-07-07T21:20:21.913792,2026-07-07T21:20:21.921227+00:00,140.0,125,bid,,,11327987
2026-07-07T21:20:22.025177,2026-07-07T21:20:22.037842+00:00,140.0,200,ask,,,11327989
2026-07-07T21:20:23.237289,2026-07-07T21:20:23.247701+00:00,140.3,200,ask,,,11328003
2026-07-07T21:20:24.450021,2026-07-07T21:20:24.458601+00:00,140.3,200,ask,,,11328020
2026-07-07T21:20:25.052434,2026-07-07T21:20:25.058947+00:00,140.3,12,ask,,,11328033
2026-07-07T21:20:25.663476,2026-07-07T21:20:25.672409+00:00,140.2,200,ask,,,11328050
2026-07-07T21:20:25.901591,2026-07-07T21:20:25.913363+00:00,140.5,20,bid,,,11328051
2026-07-07T21:20:29.059850,2026-07-07T21:20:29.069932+00:00,140.0,20,ask,,,11328098
2026-07-07T21:20:29.338612,2026-07-07T21:20:29.350379+00:00,140.0,11,ask,,,11328103
2026-07-07T21:20:31.629297,2026-07-07T21:20:31.639924+00:00,140.1,12,bid,,,11328136
2026-07-07T21:20:31.711153,2026-07-07T21:20:31.721579+00:00,140.1,200,bid,,,11328139
2026-07-07T21:20:34.375324,2026-07-07T21:20:34.385283+00:00,140.1,20,bid,,,11328163
2026-07-07T21:20:35.341645,2026-07-07T21:20:35.358577+00:00,140.1,200,bid,,,11328177
2026-07-07T21:20:37.269432,2026-07-07T21:20:37.291691+00:00,140.1,200,bid,,,11328199
2026-07-07T21:20:37.287505,2026-07-07T21:20:37.291691+00:00,140.1,12,ask,,,11328201
2026-07-07T21:20:37.428441,2026-07-07T21:20:37.435244+00:00,140.3,12,bid,,,11328202
2026-07-07T21:20:37.934631,2026-07-07T21:20:37.946271+00:00,140.2,12,bid,,,11328209
2026-07-07T21:20:43.295518,2026-07-07T21:20:43.306268+00:00,140.1,20,bid,,,11328264
2026-07-07T21:20:45.018936,2026-07-07T21:20:45.026078+00:00,139.9,200,ask,,,11328289
2026-07-07T21:20:45.047161,2026-07-07T21:20:45.053479+00:00,140.2,20,bid,,,11328290
2026-07-07T21:20:45.206784,2026-07-07T21:20:45.211756+00:00,140.0,12,bid,,,11328293
2026-07-07T21:20:46.494408,2026-07-07T21:20:46.503282+00:00,139.9,200,ask,,,11328306
2026-07-07T21:20:46.509282,2026-07-07T21:20:46.513128+00:00,139.8,14,bid,,,11328308
2026-07-07T21:20:47.438447,2026-07-07T21:20:47.450039+00:00,139.8,200,bid,,,11328323
2026-07-07T21:20:49.039832,2026-07-07T21:20:49.050142+00:00,140.0,12,bid,,,11328344
2026-07-07T21:20:50.428400,2026-07-07T21:20:50.438535+00:00,139.9,200,bid,,,11328360
2026-07-07T21:20:50.821849,2026-07-07T21:20:50.825683+00:00,139.9,3,ask,,,11328364
2026-07-07T21:20:51.058961,2026-07-07T21:20:51.070505+00:00,140.1,3,bid,,,11328370
2026-07-07T21:20:51.068141,2026-07-07T21:20:51.075766+00:00,139.9,200,ask,,,11328371
2026-07-07T21:20:52.215400,2026-07-07T21:20:52.219389+00:00,140.0,9,ask,,,11328384
2026-07-07T21:20:52.276106,2026-07-07T21:20:52.287432+00:00,140.0,200,ask,,,11328385
2026-07-07T21:20:52.325796,2026-07-07T21:20:52.333348+00:00,140.1,9,bid,,,11328386
2026-07-07T21:20:52.797088,2026-07-07T21:20:52.807741+00:00,140.1,500,bid,,,11328391
2026-07-07T21:20:53.064532,2026-07-07T21:20:53.068995+00:00,140.3,8,ask,,,11328397
2026-07-07T21:20:53.088157,2026-07-07T21:20:53.098742+00:00,140.5,8,bid,,,11328398
2026-07-07T21:20:53.484295,2026-07-07T21:20:53.491458+00:00,140.3,200,ask,,,11328406
2026-07-07T21:20:54.696494,2026-07-07T21:20:54.706643+00:00,140.1,200,ask,,,11328422
2026-07-07T21:20:55.910074,2026-07-07T21:20:55.918593+00:00,140.2,200,ask,,,11328439
2026-07-07T21:20:57.128999,2026-07-07T21:20:57.139912+00:00,140.1,200,ask,,,11328459
2026-07-07T21:20:58.341046,2026-07-07T21:20:58.351140+00:00,140.1,200,ask,,,11328469
2026-07-07T21:20:59.553228,2026-07-07T21:20:59.558590+00:00,140.1,200,ask,,,11328480
2026-07-07T21:21:01.899763,2026-07-07T21:21:01.910624+00:00,140.2,200,bid,,,11328512
2026-07-07T21:21:01.899763,2026-07-07T21:21:01.910624+00:00,140.2,300,bid,,,11328513
2026-07-07T21:21:02.218246,2026-07-07T21:21:02.226056+00:00,140.1,200,bid,,,11328518
2026-07-07T21:21:03.144522,2026-07-07T21:21:03.158739+00:00,140.1,20,ask,,,11328528
2026-07-07T21:21:03.187776,2026-07-07T21:21:03.192198+00:00,140.1,200,ask,,,11328529
2026-07-07T21:21:03.529760,2026-07-07T21:21:03.540256+00:00,140.1,500,ask,,,11328534
2026-07-07T21:21:03.692470,2026-07-07T21:21:03.701361+00:00,140.0,125,bid,,,11328535
2026-07-07T21:21:04.400443,2026-07-07T21:21:04.409829+00:00,140.1,200,ask,,,11328541
2026-07-07T21:21:04.852172,2026-07-07T21:21:04.855881+00:00,140.3,6,bid,,,11328551
2026-07-07T21:21:05.621020,2026-07-07T21:21:05.624731+00:00,140.2,11,bid,,,11328566
2026-07-07T21:21:07.437196,2026-07-07T21:21:07.444829+00:00,140.1,12,ask,,,11328588
2026-07-07T21:21:09.980113,2026-07-07T21:21:09.991930+00:00,140.2,12,ask,,,11328622
2026-07-07T21:21:10.464388,2026-07-07T21:21:10.473042+00:00,140.3,200,bid,,,11328628
2026-07-07T21:21:11.397173,2026-07-07T21:21:11.401174+00:00,140.4,23,ask,,,11328644
2026-07-07T21:21:11.497097,2026-07-07T21:21:11.507199+00:00,140.5,12,bid,,,11328646
2026-07-07T21:21:13.778449,2026-07-07T21:21:13.787415+00:00,140.2,12,ask,,,11328675
