timestamp,recv_time,price,volume,aggressor_side,buyer,seller,trade_id
2026-07-09T06:00:00.344148,2026-07-09T06:00:00.319262+00:00,119.2,90,bid,AverageAlmonds,YieldingYams,13178672
2026-07-09T06:00:00.567593,2026-07-09T06:00:00.572437+00:00,119.4,42,ask,AverageAlmonds,Xuanyu Liu,13178681
2026-07-09T06:00:00.702523,2026-07-09T06:00:00.693436+00:00,119.4,200,ask,AverageAlmonds,WavyWalnuts,13178683
2026-07-09T06:00:01.912473,2026-07-09T06:00:01.923901+00:00,119.4,200,ask,AverageAlmonds,WavyWalnuts,13178696
2026-07-09T06:00:02.429024,2026-07-09T06:00:02.439715+00:00,119.4,20,ask,AverageAlmonds,BrilliantBurritos,13178708
2026-07-09T06:00:02.560956,2026-07-09T06:00:02.569174+00:00,119.4,480,ask,AverageAlmonds,YieldingYams,13178710
2026-07-09T06:00:02.755126,2026-07-09T06:00:02.756777+00:00,119.4,145,bid,AverageAlmonds,YieldingYams,13178713
2026-07-09T06:00:03.120980,2026-07-09T06:00:03.128128+00:00,119.4,200,ask,AverageAlmonds,WavyWalnuts,13178723
2026-07-09T06:00:04.329771,2026-07-09T06:00:04.337954+00:00,119.5,200,ask,YieldingYams,WavyWalnuts,13178741
2026-07-09T06:00:05.185977,2026-07-09T06:00:05.194010+00:00,119.5,500,ask,AverageAlmonds,YieldingYams,13178748
2026-07-09T06:00:05.207138,2026-07-09T06:00:05.215160+00:00,119.5,125,bid,AverageAlmonds,YieldingYams,13178749
2026-07-09T06:00:05.540716,2026-07-09T06:00:05.558596+00:00,119.5,200,ask,AverageAlmonds,WavyWalnuts,13178754
2026-07-09T06:00:05.842194,2026-07-09T06:00:05.847013+00:00,120.2,19,bid,Xuanyu Liu,AverageAlmonds,13178762
2026-07-09T06:00:06.448260,2026-07-09T06:00:06.452797+00:00,120.1,11,bid,Xuanyu Liu,AverageAlmonds,13178771
2026-07-09T06:00:06.748739,2026-07-09T06:00:06.758609+00:00,119.8,200,ask,YieldingYams,WavyWalnuts,13178779
2026-07-09T06:00:07.034502,2026-07-09T06:00:07.038588+00:00,120.0,12,bid,Xuanyu Liu,AverageAlmonds,13178782
2026-07-09T06:00:07.964093,2026-07-09T06:00:07.974851+00:00,119.8,200,ask,YieldingYams,WavyWalnuts,13178792
2026-07-09T06:00:12.222589,2026-07-09T06:00:12.227053+00:00,119.6,46,ask,WavyWalnuts,Xuanyu Liu,13178863
2026-07-09T06:00:12.822760,2026-07-09T06:00:12.826867+00:00,119.7,3,ask,WavyWalnuts,Xuanyu Liu,13178868
2026-07-09T06:00:14.809225,2026-07-09T06:00:14.821583+00:00,119.9,20,bid,BrilliantBurritos,YieldingYams,13178893
2026-07-09T06:00:15.694130,2026-07-09T06:00:15.698230+00:00,119.8,3,bid,Xuanyu Liu,YieldingYams,13178904
2026-07-09T06:00:16.437796,2026-07-09T06:00:16.447412+00:00,119.8,200,bid,WavyWalnuts,YieldingYams,13178922
2026-07-09T06:00:17.646339,2026-07-09T06:00:17.664070+00:00,119.9,200,bid,WavyWalnuts,AverageAlmonds,13178940
2026-07-09T06:00:18.867561,2026-07-09T06:00:18.871408+00:00,119.7,3,ask,WavyWalnuts,Xuanyu Liu,13178962
2026-07-09T06:00:21.665160,2026-07-09T06:00:21.676976+00:00,119.7,20,ask,YieldingYams,BrilliantBurritos,13179002
2026-07-09T06:00:22.226024,2026-07-09T06:00:22.233402+00:00,119.8,200,bid,YieldingYams,WavyWalnuts,13179010
2026-07-09T06:00:22.484294,2026-07-09T06:00:22.496099+00:00,119.9,200,ask,YieldingYams,WavyWalnuts,13179014
2026-07-09T06:00:23.393429,2026-07-09T06:00:23.402353+00:00,119.9,225,ask,YieldingYams,AverageAlmonds,13179024
2026-07-09T06:00:23.697728,2026-07-09T06:00:23.705792+00:00,119.8,200,bid,WavyWalnuts,YieldingYams,13179029
2026-07-09T06:00:24.947211,2026-07-09T06:00:24.958565+00:00,119.7,20,ask,YieldingYams,Heero Sipayung,13179044
2026-07-09T06:00:24.969828,2026-07-09T06:00:24.981843+00:00,119.7,20,ask,YieldingYams,Heero Sipayung,13179046
2026-07-09T06:00:24.996007,2026-07-09T06:00:25.002760+00:00,119.7,20,ask,YieldingYams,Heero Sipayung,13179050
2026-07-09T06:00:25.045945,2026-07-09T06:00:25.064027+00:00,119.8,10,bid,Heero Sipayung,AverageAlmonds,13179053
2026-07-09T06:00:25.863369,2026-07-09T06:00:25.872674+00:00,119.7,20,ask,YieldingYams,Heero Sipayung,13179064
2026-07-09T06:00:25.889979,2026-07-09T06:00:25.902058+00:00,119.7,20,ask,YieldingYams,Heero Sipayung,13179066
2026-07-09T06:00:25.911580,2026-07-09T06:00:25.923472+00:00,119.7,20,ask,YieldingYams,Heero Sipayung,13179068
2026-07-09T06:00:25.966013,2026-07-09T06:00:25.977745+00:00,119.7,20,ask,YieldingYams,Heero Sipayung,13179072
2026-07-09T06:00:25.993768,2026-07-09T06:00:26.005686+00:00,119.7,20,ask,YieldingYams,Heero Sipayung,13179074
2026-07-09T06:00:26.201486,2026-07-09T06:00:26.209642+00:00,119.7,20,ask,YieldingYams,BrilliantBurritos,13179078
2026-07-09T06:00:27.610525,2026-07-09T06:00:27.618157+00:00,119.7,500,ask,YieldingYams,AverageAlmonds,13179098
2026-07-09T06:00:28.778832,2026-07-09T06:00:28.789697+00:00,119.7,200,ask,WavyWalnuts,YieldingYams,13179111
2026-07-09T06:00:29.753971,2026-07-09T06:00:29.763791+00:00,119.7,200,bid,WavyWalnuts,YieldingYams,13179118
2026-07-09T06:00:30.087317,2026-07-09T06:00:30.095342+00:00,119.7,500,bid,YieldingYams,AverageAlmonds,13179126
2026-07-09T06:00:30.645381,2026-07-09T06:00:30.658830+00:00,119.7,125,ask,YieldingYams,AverageAlmonds,13179137
2026-07-09T06:00:30.961831,2026-07-09T06:00:30.969889+00:00,119.7,200,bid,WavyWalnuts,AverageAlmonds,13179142
2026-07-09T06:00:32.174119,2026-07-09T06:00:32.190288+00:00,119.6,200,bid,WavyWalnuts,YieldingYams,13179162
2026-07-09T06:00:34.272854,2026-07-09T06:00:34.284415+00:00,119.6,500,ask,YieldingYams,AverageAlmonds,13179187
2026-07-09T06:00:34.893400,2026-07-09T06:00:34.902067+00:00,119.6,125,ask,YieldingYams,AverageAlmonds,13179202
2026-07-09T06:00:34.893400,2026-07-09T06:00:34.902067+00:00,119.6,200,ask,WavyWalnuts,AverageAlmonds,13179203
2026-07-09T06:00:50.213242,2026-07-09T06:00:50.217700+00:00,119.5,3,bid,Xuanyu Liu,WavyWalnuts,13179424
2026-07-09T06:00:50.360216,2026-07-09T06:00:50.370253+00:00,119.4,200,ask,YieldingYams,WavyWalnuts,13179433
2026-07-09T06:00:50.445395,2026-07-09T06:00:50.457115+00:00,119.6,20,bid,Heero Sipayung,YieldingYams,13179435
2026-07-09T06:00:51.102577,2026-07-09T06:00:51.106882+00:00,119.4,11,bid,Xuanyu Liu,YieldingYams,13179453
2026-07-09T06:00:51.142434,2026-07-09T06:00:51.154309+00:00,119.4,20,bid,Heero Sipayung,YieldingYams,13179455
2026-07-09T06:00:51.158246,2026-07-09T06:00:51.165075+00:00,119.4,20,bid,Heero Sipayung,YieldingYams,13179457
2026-07-09T06:00:51.194717,2026-07-09T06:00:51.205294+00:00,119.4,20,bid,Heero Sipayung,YieldingYams,13179459
2026-07-09T06:00:51.250161,2026-07-09T06:00:51.258565+00:00,119.4,20,bid,Heero Sipayung,YieldingYams,13179461
2026-07-09T06:00:51.571241,2026-07-09T06:00:51.580374+00:00,119.2,200,ask,YieldingYams,WavyWalnuts,13179465
2026-07-09T06:00:52.779967,2026-07-09T06:00:52.790417+00:00,119.2,200,ask,YieldingYams,WavyWalnuts,13179483
2026-07-09T06:00:53.429220,2026-07-09T06:00:53.434089+00:00,119.2,11,ask,YieldingYams,Xuanyu Liu,13179495
2026-07-09T06:00:55.016961,2026-07-09T06:00:55.025079+00:00,119.2,200,ask,WavyWalnuts,YieldingYams,13179520
2026-07-09T06:00:56.419090,2026-07-09T06:00:56.427276+00:00,119.1,200,ask,YieldingYams,WavyWalnuts,13179539
2026-07-09T06:00:57.680685,2026-07-09T06:00:57.689947+00:00,119.2,20,bid,Heero Sipayung,WavyWalnuts,13179566
2026-07-09T06:00:57.702605,2026-07-09T06:00:57.713172+00:00,119.2,20,bid,Heero Sipayung,WavyWalnuts,13179568
2026-07-09T06:00:57.746145,2026-07-09T06:00:57.753275+00:00,119.2,10,bid,Heero Sipayung,WavyWalnuts,13179570
2026-07-09T06:00:58.950604,2026-07-09T06:00:58.958555+00:00,119.0,20,ask,AverageAlmonds,BrilliantBurritos,13179583
2026-07-09T06:00:58.964824,2026-07-09T06:00:58.968836+00:00,119.1,11,bid,Xuanyu Liu,YieldingYams,13179585
2026-07-09T06:01:00.048774,2026-07-09T06:01:00.058647+00:00,119.1,200,bid,WavyWalnuts,YieldingYams,13179600
2026-07-09T06:01:02.880491,2026-07-09T06:01:02.890479+00:00,119.1,200,bid,YieldingYams,WavyWalnuts,13179653
2026-07-09T06:01:09.271416,2026-07-09T06:01:09.276109+00:00,119.0,11,ask,YieldingYams,Xuanyu Liu,13179734
2026-07-09T06:01:09.438546,2026-07-09T06:01:09.460649+00:00,119.2,200,bid,YieldingYams,WavyWalnuts,13179739
2026-07-09T06:01:09.456472,2026-07-09T06:01:09.460649+00:00,119.2,3,ask,YieldingYams,Xuanyu Liu,13179741
2026-07-09T06:01:09.469284,2026-07-09T06:01:09.476109+00:00,119.2,20,ask,YieldingYams,Heero Sipayung,13179742
2026-07-09T06:01:09.501232,2026-07-09T06:01:09.513295+00:00,119.2,20,ask,YieldingYams,Heero Sipayung,13179744
2026-07-09T06:01:09.576609,2026-07-09T06:01:09.588427+00:00,119.2,20,ask,YieldingYams,Heero Sipayung,13179746
2026-07-09T06:01:09.606791,2026-07-09T06:01:09.618655+00:00,119.2,20,ask,YieldingYams,Heero Sipayung,13179748
2026-07-09T06:01:09.639894,2026-07-09T06:01:09.650392+00:00,119.2,20,ask,YieldingYams,Heero Sipayung,13179750
2026-07-09T06:01:09.673861,2026-07-09T06:01:09.685631+00:00,119.2,20,ask,YieldingYams,Heero Sipayung,13179752
2026-07-09T06:01:09.695988,2026-07-09T06:01:09.707825+00:00,119.2,20,ask,YieldingYams,Heero Sipayung,13179754
2026-07-09T06:01:09.720093,2026-07-09T06:01:09.728959+00:00,119.2,200,ask,YieldingYams,WavyWalnuts,13179756
2026-07-09T06:01:09.724965,2026-07-09T06:01:09.734170+00:00,119.4,4,bid,Heero Sipayung,YieldingYams,13179757
2026-07-09T06:01:10.754061,2026-07-09T06:01:10.758557+00:00,119.1,500,ask,AverageAlmonds,YieldingYams,13179772
2026-07-09T06:01:10.928693,2026-07-09T06:01:10.936145+00:00,119.1,125,bid,WavyWalnuts,YieldingYams,13179777
2026-07-09T06:01:13.352591,2026-07-09T06:01:13.361345+00:00,119.1,200,ask,YieldingYams,WavyWalnuts,13179816
2026-07-09T06:01:14.566585,2026-07-09T06:01:14.574300+00:00,119.2,200,ask,AverageAlmonds,WavyWalnuts,13179836
2026-07-09T06:01:14.690521,2026-07-09T06:01:14.700453+00:00,119.2,300,ask,AverageAlmonds,YieldingYams,13179841
2026-07-09T06:01:14.710310,2026-07-09T06:01:14.714642+00:00,119.2,3,bid,Xuanyu Liu,YieldingYams,13179844
2026-07-09T06:01:14.744117,2026-07-09T06:01:14.756255+00:00,119.2,20,bid,Heero Sipayung,YieldingYams,13179845
2026-07-09T06:01:14.768860,2026-07-09T06:01:14.776386+00:00,119.2,20,bid,Heero Sipayung,YieldingYams,13179847
2026-07-09T06:01:14.814415,2026-07-09T06:01:14.821614+00:00,119.2,20,bid,Heero Sipayung,YieldingYams,13179849
2026-07-09T06:01:14.832231,2026-07-09T06:01:14.844329+00:00,119.0,6,ask,YieldingYams,Heero Sipayung,13179850
2026-07-09T06:01:14.847765,2026-07-09T06:01:14.854997+00:00,119.2,262,bid,AverageAlmonds,YieldingYams,13179851
2026-07-09T06:01:15.776573,2026-07-09T06:01:15.784568+00:00,119.3,200,ask,AverageAlmonds,WavyWalnuts,13179864
2026-07-09T06:01:16.995376,2026-07-09T06:01:17.000145+00:00,119.4,200,ask,YieldingYams,WavyWalnuts,13179882
2026-07-09T06:01:18.205424,2026-07-09T06:01:18.215487+00:00,119.3,200,ask,YieldingYams,WavyWalnuts,13179900
2026-07-09T06:01:19.414277,2026-07-09T06:01:19.423770+00:00,119.3,200,ask,AverageAlmonds,WavyWalnuts,13179919
2026-07-09T06:01:21.925390,2026-07-09T06:01:21.929464+00:00,119.2,17,ask,AverageAlmonds,Xuanyu Liu,13179957
2026-07-09T06:01:21.964783,2026-07-09T06:01:21.977052+00:00,119.2,20,ask,AverageAlmonds,Heero Sipayung,13179958
2026-07-09T06:01:21.991432,2026-07-09T06:01:22.003361+00:00,119.2,20,ask,AverageAlmonds,Heero Sipayung,13179960
2026-07-09T06:01:22.015825,2026-07-09T06:01:22.027756+00:00,119.3,7,bid,Heero Sipayung,YieldingYams,13179963
2026-07-09T06:01:22.879077,2026-07-09T06:01:22.890898+00:00,119.2,20,ask,YieldingYams,Heero Sipayung,13179978
2026-07-09T06:01:22.904529,2026-07-09T06:01:22.911731+00:00,119.2,20,ask,YieldingYams,Heero Sipayung,13179980
2026-07-09T06:01:22.943567,2026-07-09T06:01:22.951386+00:00,119.2,20,ask,YieldingYams,Heero Sipayung,13179982
2026-07-09T06:01:22.976859,2026-07-09T06:01:22.988751+00:00,119.2,20,ask,YieldingYams,Heero Sipayung,13179984
2026-07-09T06:01:22.999319,2026-07-09T06:01:23.011279+00:00,119.2,5,ask,YieldingYams,Heero Sipayung,13179986
2026-07-09T06:01:25.185784,2026-07-09T06:01:25.202018+00:00,119.4,200,bid,YieldingYams,WavyWalnuts,13180015
2026-07-09T06:01:25.467913,2026-07-09T06:01:25.479619+00:00,119.4,200,ask,YieldingYams,WavyWalnuts,13180026
2026-07-09T06:01:26.682673,2026-07-09T06:01:26.690354+00:00,119.4,200,ask,YieldingYams,WavyWalnuts,13180049
2026-07-09T06:01:27.892365,2026-07-09T06:01:27.901679+00:00,119.4,200,ask,YieldingYams,WavyWalnuts,13180074
2026-07-09T06:01:29.106076,2026-07-09T06:01:29.117142+00:00,119.4,200,ask,YieldingYams,WavyWalnuts,13180100
2026-07-09T06:01:33.059561,2026-07-09T06:01:33.068950+00:00,119.4,500,bid,YieldingYams,AverageAlmonds,13180161
2026-07-09T06:01:33.059561,2026-07-09T06:01:33.068950+00:00,119.5,125,bid,YieldingYams,WavyWalnuts,13180162
2026-07-09T06:01:33.956079,2026-07-09T06:01:33.958637+00:00,119.4,200,bid,WavyWalnuts,AverageAlmonds,13180174
2026-07-09T06:01:34.157733,2026-07-09T06:01:34.169887+00:00,118.7,20,ask,AverageAlmonds,BrilliantBurritos,13180176
2026-07-09T06:01:35.001964,2026-07-09T06:01:35.014158+00:00,119.2,20,ask,YieldingYams,BrilliantBurritos,13180187
2026-07-09T06:01:35.169563,2026-07-09T06:01:35.179838+00:00,119.3,200,bid,WavyWalnuts,AverageAlmonds,13180191
2026-07-09T06:01:36.082398,2026-07-09T06:01:36.089886+00:00,119.2,500,ask,YieldingYams,AverageAlmonds,13180204
2026-07-09T06:01:36.400905,2026-07-09T06:01:36.406045+00:00,119.3,12,ask,WavyWalnuts,Xuanyu Liu,13180216
2026-07-09T06:01:36.674865,2026-07-09T06:01:36.685993+00:00,119.3,188,ask,WavyWalnuts,AverageAlmonds,13180217
2026-07-09T06:01:36.674865,2026-07-09T06:01:36.685993+00:00,119.2,125,ask,YieldingYams,AverageAlmonds,13180218
2026-07-09T06:01:37.592789,2026-07-09T06:01:37.600769+00:00,119.1,200,bid,WavyWalnuts,YieldingYams,13180233
2026-07-09T06:01:38.331025,2026-07-09T06:01:38.335144+00:00,119.1,11,ask,YieldingYams,Xuanyu Liu,13180245
2026-07-09T06:01:39.624639,2026-07-09T06:01:39.631715+00:00,119.3,200,bid,YieldingYams,WavyWalnuts,13180256
2026-07-09T06:01:40.016227,2026-07-09T06:01:40.025828+00:00,119.3,200,ask,YieldingYams,WavyWalnuts,13180264
2026-07-09T06:01:40.223727,2026-07-09T06:01:40.233216+00:00,119.4,20,bid,BrilliantBurritos,AverageAlmonds,13180268
2026-07-09T06:01:40.302456,2026-07-09T06:01:40.313071+00:00,119.3,225,ask,YieldingYams,AverageAlmonds,13180269
2026-07-09T06:01:40.853728,2026-07-09T06:01:40.858018+00:00,119.3,11,bid,Xuanyu Liu,AverageAlmonds,13180284
2026-07-09T06:01:40.955862,2026-07-09T06:01:40.966416+00:00,119.1,200,ask,WavyWalnuts,YieldingYams,13180288
2026-07-09T06:01:40.974621,2026-07-09T06:01:40.978635+00:00,119.1,23,bid,Xuanyu Liu,YieldingYams,13180292
2026-07-09T06:01:41.224043,2026-07-09T06:01:41.232799+00:00,119.1,200,bid,WavyWalnuts,YieldingYams,13180296
2026-07-09T06:01:46.215988,2026-07-09T06:01:46.226516+00:00,119.3,500,bid,YieldingYams,AverageAlmonds,13180366
2026-07-09T06:01:46.215988,2026-07-09T06:01:46.226516+00:00,119.3,125,bid,YieldingYams,WavyWalnuts,13180367
2026-07-09T06:01:48.495099,2026-07-09T06:01:48.505030+00:00,119.2,200,bid,WavyWalnuts,YieldingYams,13180397
2026-07-09T06:01:52.093616,2026-07-09T06:01:52.105992+00:00,119.2,20,bid,BrilliantBurritos,WavyWalnuts,13180436
2026-07-09T06:01:55.756950,2026-07-09T06:01:55.768725+00:00,119.1,200,ask,YieldingYams,WavyWalnuts,13180487
2026-07-09T06:01:58.027792,2026-07-09T06:01:58.040693+00:00,119.2,200,ask,WavyWalnuts,YieldingYams,13180508
2026-07-09T06:01:59.033467,2026-07-09T06:01:59.045555+00:00,119.2,20,bid,BrilliantBurritos,YieldingYams,13180523
2026-07-09T06:02:03.286733,2026-07-09T06:02:03.296751+00:00,119.2,200,bid,YieldingYams,WavyWalnuts,13180594
2026-07-09T06:02:04.246501,2026-07-09T06:02:04.258553+00:00,119.2,200,ask,YieldingYams,WavyWalnuts,13180612
2026-07-09T06:02:05.460230,2026-07-09T06:02:05.470876+00:00,119.3,200,ask,YieldingYams,WavyWalnuts,13180626
2026-07-09T06:02:07.879941,2026-07-09T06:02:07.887032+00:00,119.3,200,ask,YieldingYams,WavyWalnuts,13180664
2026-07-09T06:02:10.330579,2026-07-09T06:02:10.334954+00:00,119.2,11,ask,YieldingYams,Xuanyu Liu,13180702
2026-07-09T06:02:11.212383,2026-07-09T06:02:11.216773+00:00,119.3,12,ask,YieldingYams,Xuanyu Liu,13180718
2026-07-09T06:02:12.532531,2026-07-09T06:02:12.537562+00:00,119.4,11,ask,YieldingYams,Xuanyu Liu,13180731
2026-07-09T06:02:12.625674,2026-07-09T06:02:12.630615+00:00,119.4,23,ask,YieldingYams,Xuanyu Liu,13180734
2026-07-09T06:02:13.616172,2026-07-09T06:02:13.624335+00:00,119.4,500,ask,YieldingYams,AverageAlmonds,13180739
2026-07-09T06:02:13.828937,2026-07-09T06:02:13.840845+00:00,119.4,200,ask,WavyWalnuts,YieldingYams,13180744
2026-07-09T06:02:13.934339,2026-07-09T06:02:13.945523+00:00,119.1,200,bid,WavyWalnuts,YieldingYams,13180747
2026-07-09T06:02:16.190084,2026-07-09T06:02:16.202057+00:00,119.1,20,ask,YieldingYams,BrilliantBurritos,13180774
2026-07-09T06:02:19.113404,2026-07-09T06:02:19.117893+00:00,119.0,11,ask,YieldingYams,Xuanyu Liu,13180812
2026-07-09T06:02:20.204665,2026-07-09T06:02:20.216698+00:00,119.1,20,bid,BrilliantBurritos,WavyWalnuts,13180833
2026-07-09T06:02:20.414761,2026-07-09T06:02:20.435077+00:00,119.1,180,bid,YieldingYams,WavyWalnuts,13180841
2026-07-09T06:02:23.657745,2026-07-09T06:02:23.669574+00:00,119.1,200,ask,YieldingYams,WavyWalnuts,13180880
2026-07-09T06:02:25.690435,2026-07-09T06:02:25.702435+00:00,119.2,20,bid,BrilliantBurritos,WavyWalnuts,13180909
2026-07-09T06:02:30.921920,2026-07-09T06:02:30.933286+00:00,118.9,200,bid,YieldingYams,WavyWalnuts,13180974
2026-07-09T06:02:32.135357,2026-07-09T06:02:32.146490+00:00,119.0,200,ask,YieldingYams,WavyWalnuts,13180998
2026-07-09T06:02:34.558244,2026-07-09T06:02:34.570102+00:00,119.0,200,ask,YieldingYams,WavyWalnuts,13181028
2026-07-09T06:02:36.318750,2026-07-09T06:02:36.330587+00:00,119.0,20,ask,AverageAlmonds,BrilliantBurritos,13181054
2026-07-09T06:02:37.875227,2026-07-09T06:02:37.879574+00:00,119.2,22,bid,Xuanyu Liu,YieldingYams,13181072
2026-07-09T06:02:38.191469,2026-07-09T06:02:38.199518+00:00,119.2,200,bid,WavyWalnuts,YieldingYams,13181078
2026-07-09T06:02:39.402067,2026-07-09T06:02:39.410129+00:00,119.1,200,ask,YieldingYams,WavyWalnuts,13181101
2026-07-09T06:02:40.626908,2026-07-09T06:02:40.631189+00:00,119.1,12,bid,Xuanyu Liu,WavyWalnuts,13181122
2026-07-09T06:02:41.458218,2026-07-09T06:02:41.469136+00:00,119.1,188,bid,YieldingYams,WavyWalnuts,13181148
2026-07-09T06:02:41.477397,2026-07-09T06:02:41.481363+00:00,119.3,12,ask,YieldingYams,Xuanyu Liu,13181150
2026-07-09T06:02:41.816751,2026-07-09T06:02:41.827932+00:00,119.3,200,ask,YieldingYams,WavyWalnuts,13181154
2026-07-09T06:02:43.025105,2026-07-09T06:02:43.034337+00:00,119.2,200,ask,YieldingYams,WavyWalnuts,13181165
2026-07-09T06:02:44.559115,2026-07-09T06:02:44.571578+00:00,119.2,20,bid,BrilliantBurritos,WavyWalnuts,13181184
2026-07-09T06:02:46.662559,2026-07-09T06:02:46.674090+00:00,119.1,200,ask,YieldingYams,WavyWalnuts,13181221
2026-07-09T06:02:47.868854,2026-07-09T06:02:47.878805+00:00,119.2,200,bid,WavyWalnuts,YieldingYams,13181248
2026-07-09T06:02:52.744346,2026-07-09T06:02:52.748581+00:00,119.2,12,bid,Xuanyu Liu,WavyWalnuts,13181310
2026-07-09T06:02:53.298801,2026-07-09T06:02:53.307313+00:00,119.2,188,bid,YieldingYams,WavyWalnuts,13181314
2026-07-09T06:02:56.351796,2026-07-09T06:02:56.364077+00:00,119.4,200,bid,WavyWalnuts,YieldingYams,13181355
2026-07-09T06:02:58.873276,2026-07-09T06:02:58.881968+00:00,119.4,81,ask,WavyWalnuts,Thomas Lee,13181384
2026-07-09T06:02:59.768576,2026-07-09T06:02:59.778748+00:00,119.4,20,ask,WavyWalnuts,BrilliantBurritos,13181398
2026-07-09T06:03:00.082590,2026-07-09T06:03:00.086991+00:00,119.5,11,bid,Xuanyu Liu,YieldingYams,13181405
2026-07-09T06:03:03.275794,2026-07-09T06:03:03.279922+00:00,119.7,26,bid,Xuanyu Liu,WavyWalnuts,13181453
2026-07-09T06:03:04.892261,2026-07-09T06:03:04.904488+00:00,119.6,5,bid,Thomas Lee,YieldingYams,13181474
2026-07-09T06:03:07.761146,2026-07-09T06:03:07.782333+00:00,119.7,200,bid,YieldingYams,WavyWalnuts,13181504
2026-07-09T06:03:07.777861,2026-07-09T06:03:07.782333+00:00,119.7,14,ask,YieldingYams,Xuanyu Liu,13181506
2026-07-09T06:03:07.908967,2026-07-09T06:03:07.919619+00:00,119.7,49,ask,YieldingYams,Thomas Lee,13181508
2026-07-09T06:03:09.699467,2026-07-09T06:03:09.705403+00:00,119.9,11,bid,Xuanyu Liu,WavyWalnuts,13181527
2026-07-09T06:03:10.922757,2026-07-09T06:03:10.932255+00:00,120.0,72,bid,Thomas Lee,YieldingYams,13181540
2026-07-09T06:03:12.092727,2026-07-09T06:03:12.102286+00:00,119.9,200,bid,WavyWalnuts,YieldingYams,13181557
2026-07-09T06:03:13.940041,2026-07-09T06:03:13.952328+00:00,120.0,5,bid,Thomas Lee,YieldingYams,13181577
2026-07-09T06:03:15.689565,2026-07-09T06:03:15.701068+00:00,120.0,200,ask,WavyWalnuts,YieldingYams,13181603
2026-07-09T06:03:15.733230,2026-07-09T06:03:15.744465+00:00,119.9,200,bid,WavyWalnuts,YieldingYams,13181604
2026-07-09T06:03:16.943753,2026-07-09T06:03:16.951404+00:00,119.9,200,bid,WavyWalnuts,YieldingYams,13181624
2026-07-09T06:03:16.949264,2026-07-09T06:03:16.958613+00:00,119.9,5,bid,Thomas Lee,YieldingYams,13181625
2026-07-09T06:03:19.638942,2026-07-09T06:03:19.672320+00:00,120.0,200,ask,WavyWalnuts,YieldingYams,13181659
2026-07-09T06:03:19.668182,2026-07-09T06:03:19.672320+00:00,119.8,3,bid,Xuanyu Liu,YieldingYams,13181661
2026-07-09T06:03:19.973457,2026-07-09T06:03:19.985691+00:00,119.8,5,bid,Thomas Lee,YieldingYams,13181662
2026-07-09T06:03:20.591419,2026-07-09T06:03:20.598792+00:00,119.8,200,bid,WavyWalnuts,YieldingYams,13181672
2026-07-09T06:03:23.020425,2026-07-09T06:03:23.029052+00:00,119.9,200,bid,WavyWalnuts,YieldingYams,13181707
2026-07-09T06:03:24.230869,2026-07-09T06:03:24.237626+00:00,119.8,200,ask,YieldingYams,WavyWalnuts,13181721
2026-07-09T06:03:24.335638,2026-07-09T06:03:24.347620+00:00,119.8,20,ask,YieldingYams,BrilliantBurritos,13181723
2026-07-09T06:03:25.992314,2026-07-09T06:03:26.004076+00:00,119.8,3,bid,Thomas Lee,WavyWalnuts,13181753
2026-07-09T06:03:26.211506,2026-07-09T06:03:26.219284+00:00,119.8,197,bid,YieldingYams,WavyWalnuts,13181757
2026-07-09T06:03:26.314403,2026-07-09T06:03:26.318907+00:00,119.9,14,ask,YieldingYams,Xuanyu Liu,13181759
2026-07-09T06:03:27.278291,2026-07-09T06:03:27.290532+00:00,120.0,20,bid,BrilliantBurritos,WavyWalnuts,13181776
2026-07-09T06:03:28.030559,2026-07-09T06:03:28.040443+00:00,120.0,20,bid,BrilliantBurritos,YieldingYams,13181781
2026-07-09T06:03:28.854183,2026-07-09T06:03:28.858962+00:00,120.0,6,ask,YieldingYams,Xuanyu Liu,13181797
2026-07-09T06:03:29.080662,2026-07-09T06:03:29.089555+00:00,120.0,200,ask,YieldingYams,WavyWalnuts,13181799
2026-07-09T06:03:30.301473,2026-07-09T06:03:30.305600+00:00,120.0,2,bid,Xuanyu Liu,WavyWalnuts,13181823
2026-07-09T06:03:32.780833,2026-07-09T06:03:32.788794+00:00,119.9,200,bid,YieldingYams,WavyWalnuts,13181850
2026-07-09T06:03:33.018794,2026-07-09T06:03:33.028313+00:00,119.9,20,ask,YieldingYams,BrilliantBurritos,13181853
2026-07-09T06:03:35.010949,2026-07-09T06:03:35.020153+00:00,120.0,62,ask,WavyWalnuts,Thomas Lee,13181891
2026-07-09T06:03:35.947039,2026-07-09T06:03:35.954098+00:00,120.0,200,ask,WavyWalnuts,AverageAlmonds,13181900
2026-07-09T06:03:35.947039,2026-07-09T06:03:35.959276+00:00,120.0,300,ask,YieldingYams,AverageAlmonds,13181901
2026-07-09T06:03:36.115852,2026-07-09T06:03:36.128128+00:00,120.2,20,bid,BrilliantBurritos,WavyWalnuts,13181903
2026-07-09T06:03:36.354985,2026-07-09T06:03:36.358545+00:00,120.0,200,ask,YieldingYams,WavyWalnuts,13181909
2026-07-09T06:03:36.576507,2026-07-09T06:03:36.584665+00:00,120.0,125,ask,YieldingYams,AverageAlmonds,13181918
2026-07-09T06:03:36.605781,2026-07-09T06:03:36.610463+00:00,120.0,4,bid,Xuanyu Liu,AverageAlmonds,13181921
2026-07-09T06:03:36.726319,2026-07-09T06:03:36.747461+00:00,119.8,200,ask,WavyWalnuts,YieldingYams,13181922
2026-07-09T06:03:36.743200,2026-07-09T06:03:36.747461+00:00,119.8,14,bid,Xuanyu Liu,YieldingYams,13181924
2026-07-09T06:03:38.022695,2026-07-09T06:03:38.032752+00:00,119.8,3,bid,Thomas Lee,YieldingYams,13181936
2026-07-09T06:03:38.082376,2026-07-09T06:03:38.086843+00:00,119.8,14,ask,YieldingYams,Xuanyu Liu,13181939
2026-07-09T06:03:39.350435,2026-07-09T06:03:39.360467+00:00,119.9,200,bid,YieldingYams,WavyWalnuts,13181951
2026-07-09T06:03:39.350435,2026-07-09T06:03:39.360467+00:00,119.9,425,bid,YieldingYams,AverageAlmonds,13181952
2026-07-09T06:03:39.994368,2026-07-09T06:03:40.005182+00:00,119.9,200,bid,WavyWalnuts,AverageAlmonds,13181961
2026-07-09T06:03:41.208129,2026-07-09T06:03:41.219076+00:00,119.8,200,bid,WavyWalnuts,YieldingYams,13181978
2026-07-09T06:03:42.905484,2026-07-09T06:03:42.913042+00:00,119.8,20,bid,BrilliantBurritos,YieldingYams,13182006
2026-07-09T06:03:46.074002,2026-07-09T06:03:46.085395+00:00,119.7,200,bid,WavyWalnuts,YieldingYams,13182050
2026-07-09T06:03:47.050240,2026-07-09T06:03:47.055446+00:00,119.5,2,ask,YieldingYams,Thomas Lee,13182065
2026-07-09T06:03:48.490463,2026-07-09T06:03:48.498650+00:00,119.7,200,bid,WavyWalnuts,AverageAlmonds,13182088
2026-07-09T06:03:52.493496,2026-07-09T06:03:52.502003+00:00,119.7,500,bid,YieldingYams,AverageAlmonds,13182132
2026-07-09T06:03:52.699405,2026-07-09T06:03:52.711692+00:00,119.8,20,bid,BrilliantBurritos,WavyWalnuts,13182138
2026-07-09T06:03:52.915428,2026-07-09T06:03:52.925324+00:00,119.7,125,ask,YieldingYams,AverageAlmonds,13182140
2026-07-09T06:03:52.915428,2026-07-09T06:03:52.925324+00:00,119.6,200,ask,WavyWalnuts,AverageAlmonds,13182141
2026-07-09T06:03:54.982451,2026-07-09T06:03:55.000035+00:00,119.5,20,ask,WavyWalnuts,BrilliantBurritos,13182165
2026-07-09T06:03:57.758744,2026-07-09T06:03:57.770686+00:00,119.5,500,ask,YieldingYams,AverageAlmonds,13182206
2026-07-09T06:03:57.781247,2026-07-09T06:03:57.791895+00:00,119.5,200,ask,WavyWalnuts,YieldingYams,13182207
2026-07-09T06:03:58.185526,2026-07-09T06:03:58.193959+00:00,119.4,200,bid,WavyWalnuts,YieldingYams,13182212
2026-07-09T06:04:01.104976,2026-07-09T06:04:01.109254+00:00,119.5,11,bid,Xuanyu Liu,WavyWalnuts,13182260
2026-07-09T06:04:01.822531,2026-07-09T06:04:01.830321+00:00,119.4,200,ask,YieldingYams,WavyWalnuts,13182270
2026-07-09T06:04:02.069186,2026-07-09T06:04:02.081430+00:00,119.5,89,bid,Thomas Lee,AverageAlmonds,13182276
2026-07-09T06:04:04.337380,2026-07-09T06:04:04.344432+00:00,119.5,200,bid,YieldingYams,WavyWalnuts,13182308
2026-07-09T06:04:06.527009,2026-07-09T06:04:06.531248+00:00,119.5,3,bid,Xuanyu Liu,YieldingYams,13182339
2026-07-09T06:04:10.294981,2026-07-09T06:04:10.305951+00:00,119.5,200,bid,WavyWalnuts,YieldingYams,13182386
2026-07-09T06:04:12.715869,2026-07-09T06:04:12.723105+00:00,119.6,200,bid,WavyWalnuts,YieldingYams,13182415
2026-07-09T06:04:16.053536,2026-07-09T06:04:16.057722+00:00,119.7,14,bid,Xuanyu Liu,WavyWalnuts,13182463
2026-07-09T06:04:16.083472,2026-07-09T06:04:16.094063+00:00,119.7,20,bid,Heero Sipayung,WavyWalnuts,13182466
2026-07-09T06:04:16.151842,2026-07-09T06:04:16.160616+00:00,119.7,20,bid,Heero Sipayung,WavyWalnuts,13182470
2026-07-09T06:04:16.176732,2026-07-09T06:04:16.186614+00:00,119.7,20,bid,Heero Sipayung,WavyWalnuts,13182472
2026-07-09T06:04:16.200718,2026-07-09T06:04:16.211111+00:00,119.7,20,bid,Heero Sipayung,WavyWalnuts,13182474
2026-07-09T06:04:16.241714,2026-07-09T06:04:16.253906+00:00,119.7,20,bid,Heero Sipayung,WavyWalnuts,13182476
2026-07-09T06:04:16.264273,2026-07-09T06:04:16.275144+00:00,119.7,20,bid,Heero Sipayung,WavyWalnuts,13182478
2026-07-09T06:04:16.287974,2026-07-09T06:04:16.298853+00:00,119.7,20,bid,Heero Sipayung,WavyWalnuts,13182480
2026-07-09T06:04:16.352375,2026-07-09T06:04:16.358608+00:00,119.7,200,bid,WavyWalnuts,AverageAlmonds,13182481
2026-07-09T06:04:16.917289,2026-07-09T06:04:16.929204+00:00,119.6,4,ask,YieldingYams,Heero Sipayung,13182491
2026-07-09T06:04:17.476257,2026-07-09T06:04:17.495712+00:00,119.7,500,bid,YieldingYams,AverageAlmonds,13182495
2026-07-09T06:04:17.735645,2026-07-09T06:04:17.745493+00:00,119.7,125,ask,YieldingYams,AverageAlmonds,13182500
2026-07-09T06:04:17.735645,2026-07-09T06:04:17.745493+00:00,119.7,200,ask,WavyWalnuts,AverageAlmonds,13182501
2026-07-09T06:04:18.785052,2026-07-09T06:04:18.796548+00:00,119.5,200,bid,WavyWalnuts,AverageAlmonds,13182523
2026-07-09T06:04:18.793408,2026-07-09T06:04:18.801865+00:00,119.5,300,bid,YieldingYams,AverageAlmonds,13182524
2026-07-09T06:04:19.590301,2026-07-09T06:04:19.601454+00:00,119.5,325,ask,YieldingYams,AverageAlmonds,13182535
2026-07-09T06:04:20.103925,2026-07-09T06:04:20.111681+00:00,119.4,200,ask,WavyWalnuts,YieldingYams,13182541
2026-07-09T06:04:21.411927,2026-07-09T06:04:21.420260+00:00,119.4,500,bid,YieldingYams,AverageAlmonds,13182563
2026-07-09T06:04:21.991511,2026-07-09T06:04:21.999513+00:00,119.4,125,ask,YieldingYams,AverageAlmonds,13182566
2026-07-09T06:04:22.726762,2026-07-09T06:04:22.735698+00:00,119.3,200,ask,WavyWalnuts,YieldingYams,13182572
2026-07-09T06:04:22.774393,2026-07-09T06:04:22.783123+00:00,119.1,20,bid,Heero Sipayung,YieldingYams,13182574
2026-07-09T06:04:22.797045,2026-07-09T06:04:22.807930+00:00,119.1,20,bid,Heero Sipayung,YieldingYams,13182576
2026-07-09T06:04:22.823741,2026-07-09T06:04:22.834025+00:00,119.1,20,bid,Heero Sipayung,YieldingYams,13182579
2026-07-09T06:04:22.858434,2026-07-09T06:04:22.870530+00:00,119.1,4,bid,Heero Sipayung,YieldingYams,13182581
2026-07-09T06:04:23.649722,2026-07-09T06:04:23.658559+00:00,119.1,200,bid,WavyWalnuts,YieldingYams,13182602
2026-07-09T06:04:24.882221,2026-07-09T06:04:24.886421+00:00,119.4,11,ask,WavyWalnuts,Xuanyu Liu,13182619
2026-07-09T06:04:25.603122,2026-07-09T06:04:25.607577+00:00,119.4,3,ask,WavyWalnuts,Xuanyu Liu,13182635
2026-07-09T06:04:25.666445,2026-07-09T06:04:25.678386+00:00,119.4,20,ask,WavyWalnuts,Heero Sipayung,13182636
2026-07-09T06:04:25.689806,2026-07-09T06:04:25.701073+00:00,119.4,20,ask,WavyWalnuts,Heero Sipayung,13182638
2026-07-09T06:04:25.745016,2026-07-09T06:04:25.747238+00:00,119.4,20,ask,WavyWalnuts,Heero Sipayung,13182640
2026-07-09T06:04:25.778346,2026-07-09T06:04:25.790562+00:00,119.4,20,ask,WavyWalnuts,Heero Sipayung,13182642
2026-07-09T06:04:25.811745,2026-07-09T06:04:25.819323+00:00,119.4,20,ask,WavyWalnuts,Heero Sipayung,13182644
2026-07-09T06:04:25.833524,2026-07-09T06:04:25.845206+00:00,119.4,20,ask,WavyWalnuts,Heero Sipayung,13182646
2026-07-09T06:04:25.856637,2026-07-09T06:04:25.850484+00:00,119.4,20,ask,WavyWalnuts,Heero Sipayung,13182648
2026-07-09T06:04:25.894147,2026-07-09T06:04:25.901875+00:00,119.4,20,ask,WavyWalnuts,Heero Sipayung,13182653
2026-07-09T06:04:26.507576,2026-07-09T06:04:26.517895+00:00,119.4,13,bid,Heero Sipayung,WavyWalnuts,13182662
2026-07-09T06:04:29.125886,2026-07-09T06:04:29.133174+00:00,119.4,88,bid,Thomas Lee,YieldingYams,13182700
2026-07-09T06:04:30.600033,2026-07-09T06:04:30.606957+00:00,119.4,20,ask,YieldingYams,Heero Sipayung,13182722
2026-07-09T06:04:30.644074,2026-07-09T06:04:30.663648+00:00,119.4,20,ask,YieldingYams,Heero Sipayung,13182725
2026-07-09T06:04:30.674953,2026-07-09T06:04:30.686824+00:00,119.4,13,ask,YieldingYams,Heero Sipayung,13182727
2026-07-09T06:04:30.697113,2026-07-09T06:04:30.708741+00:00,119.5,2,bid,Heero Sipayung,WavyWalnuts,13182729
2026-07-09T06:04:37.001577,2026-07-09T06:04:37.009667+00:00,119.4,200,bid,WavyWalnuts,YieldingYams,13182818
2026-07-09T06:04:37.142263,2026-07-09T06:04:37.158559+00:00,119.4,425,bid,AverageAlmonds,YieldingYams,13182821
2026-07-09T06:04:37.226511,2026-07-09T06:04:37.238273+00:00,119.5,20,ask,YieldingYams,BrilliantBurritos,13182823
2026-07-09T06:04:38.215150,2026-07-09T06:04:38.225475+00:00,119.5,200,ask,YieldingYams,WavyWalnuts,13182833
2026-07-09T06:04:39.202257,2026-07-09T06:04:39.214519+00:00,119.6,20,bid,BrilliantBurritos,YieldingYams,13182846
2026-07-09T06:04:39.437602,2026-07-09T06:04:39.448343+00:00,119.4,200,ask,YieldingYams,WavyWalnuts,13182855
2026-07-09T06:04:39.570499,2026-07-09T06:04:39.586318+00:00,119.6,20,bid,BrilliantBurritos,YieldingYams,13182857
2026-07-09T06:04:41.147734,2026-07-09T06:04:41.163645+00:00,119.5,12,bid,Thomas Lee,YieldingYams,13182880
2026-07-09T06:04:41.156605,2026-07-09T06:04:41.163645+00:00,119.4,5,ask,WavyWalnuts,Thomas Lee,13182882
2026-07-09T06:04:44.168220,2026-07-09T06:04:44.174995+00:00,119.3,18,ask,AverageAlmonds,Thomas Lee,13182917
2026-07-09T06:04:44.278078,2026-07-09T06:04:44.285214+00:00,119.3,200,ask,AverageAlmonds,WavyWalnuts,13182920
2026-07-09T06:04:46.695482,2026-07-09T06:04:46.703236+00:00,119.3,200,ask,YieldingYams,WavyWalnuts,13182961
2026-07-09T06:04:47.176080,2026-07-09T06:04:47.184759+00:00,119.5,11,bid,Thomas Lee,YieldingYams,13182968
2026-07-09T06:04:47.945634,2026-07-09T06:04:47.952353+00:00,119.3,20,ask,WavyWalnuts,BrilliantBurritos,13182987
2026-07-09T06:04:48.979828,2026-07-09T06:04:48.988886+00:00,119.3,180,ask,WavyWalnuts,YieldingYams,13183004
2026-07-09T06:04:49.272308,2026-07-09T06:04:49.286213+00:00,119.2,20,ask,WavyWalnuts,BrilliantBurritos,13183008
2026-07-09T06:04:50.289987,2026-07-09T06:04:50.301852+00:00,119.4,200,bid,YieldingYams,WavyWalnuts,13183018
2026-07-09T06:04:52.741014,2026-07-09T06:04:52.749059+00:00,119.5,200,bid,WavyWalnuts,YieldingYams,13183053
2026-07-09T06:04:57.287802,2026-07-09T06:04:57.299725+00:00,119.4,2,ask,WavyWalnuts,Heero Sipayung,13183121
2026-07-09T06:04:58.342767,2026-07-09T06:04:58.349861+00:00,119.3,20,ask,YieldingYams,BrilliantBurritos,13183132
2026-07-09T06:04:59.204822,2026-07-09T06:04:59.216287+00:00,119.3,71,ask,YieldingYams,Thomas Lee,13183154
2026-07-09T06:05:02.110640,2026-07-09T06:05:02.119313+00:00,119.5,200,ask,WavyWalnuts,YieldingYams,13183184
2026-07-09T06:05:02.212744,2026-07-09T06:05:02.224904+00:00,119.5,57,bid,Thomas Lee,YieldingYams,13183185
2026-07-09T06:05:03.422662,2026-07-09T06:05:03.432692+00:00,119.5,200,bid,YieldingYams,WavyWalnuts,13183209
2026-07-09T06:05:03.604787,2026-07-09T06:05:03.609309+00:00,119.5,3,ask,YieldingYams,Xuanyu Liu,13183212
2026-07-09T06:05:05.232308,2026-07-09T06:05:05.239448+00:00,119.4,74,ask,YieldingYams,Thomas Lee,13183242
2026-07-09T06:05:08.540929,2026-07-09T06:05:08.546055+00:00,119.4,3,bid,Xuanyu Liu,WavyWalnuts,13183279
2026-07-09T06:05:09.733900,2026-07-09T06:05:09.745261+00:00,119.2,200,ask,YieldingYams,WavyWalnuts,13183291
2026-07-09T06:05:09.927369,2026-07-09T06:05:09.931699+00:00,119.2,3,ask,YieldingYams,Xuanyu Liu,13183296
2026-07-09T06:05:11.047019,2026-07-09T06:05:11.055783+00:00,119.3,500,bid,AverageAlmonds,YieldingYams,13183317
2026-07-09T06:05:12.154127,2026-07-09T06:05:12.153953+00:00,119.2,200,ask,AverageAlmonds,WavyWalnuts,13183336
2026-07-09T06:05:12.619744,2026-07-09T06:05:12.624260+00:00,119.3,11,ask,YieldingYams,Xuanyu Liu,13183347
2026-07-09T06:05:13.364313,2026-07-09T06:05:13.374359+00:00,119.3,200,ask,YieldingYams,WavyWalnuts,13183354
2026-07-09T06:05:13.917401,2026-07-09T06:05:13.926249+00:00,119.3,500,ask,AverageAlmonds,YieldingYams,13183367
2026-07-09T06:05:14.079830,2026-07-09T06:05:14.091857+00:00,119.3,125,bid,AverageAlmonds,YieldingYams,13183369
2026-07-09T06:05:14.574544,2026-07-09T06:05:14.584920+00:00,119.3,200,ask,AverageAlmonds,WavyWalnuts,13183383
2026-07-09T06:05:15.238199,2026-07-09T06:05:15.242291+00:00,119.5,12,ask,YieldingYams,Xuanyu Liu,13183401
2026-07-09T06:05:15.785008,2026-07-09T06:05:15.793531+00:00,119.5,200,ask,YieldingYams,WavyWalnuts,13183407
2026-07-09T06:05:16.363458,2026-07-09T06:05:16.375417+00:00,119.5,20,ask,YieldingYams,BrilliantBurritos,13183417
2026-07-09T06:05:17.009497,2026-07-09T06:05:17.013790+00:00,119.6,12,bid,Xuanyu Liu,WavyWalnuts,13183431
2026-07-09T06:05:17.844686,2026-07-09T06:05:17.853585+00:00,119.6,188,bid,YieldingYams,WavyWalnuts,13183444
2026-07-09T06:05:18.504479,2026-07-09T06:05:18.512557+00:00,119.6,20,ask,YieldingYams,BrilliantBurritos,13183455
2026-07-09T06:05:19.165793,2026-07-09T06:05:19.173201+00:00,119.7,200,bid,YieldingYams,WavyWalnuts,13183468
2026-07-09T06:05:20.258260,2026-07-09T06:05:20.269885+00:00,119.7,16,ask,YieldingYams,Thomas Lee,13183480
2026-07-09T06:05:20.632577,2026-07-09T06:05:20.640671+00:00,119.6,200,ask,YieldingYams,WavyWalnuts,13183489
2026-07-09T06:05:21.808675,2026-07-09T06:05:21.813085+00:00,119.5,14,bid,Xuanyu Liu,YieldingYams,13183510
2026-07-09T06:05:21.844980,2026-07-09T06:05:21.852418+00:00,119.5,200,bid,WavyWalnuts,YieldingYams,13183513
2026-07-09T06:05:23.056461,2026-07-09T06:05:23.058636+00:00,119.5,200,bid,WavyWalnuts,YieldingYams,13183530
2026-07-09T06:05:23.465511,2026-07-09T06:05:23.470400+00:00,119.5,3,ask,YieldingYams,Xuanyu Liu,13183535
2026-07-09T06:05:25.066318,2026-07-09T06:05:25.077832+00:00,119.6,20,bid,BrilliantBurritos,WavyWalnuts,13183553
2026-07-09T06:05:27.285217,2026-07-09T06:05:27.294291+00:00,119.7,20,ask,WavyWalnuts,BrilliantBurritos,13183581
2026-07-09T06:05:28.125682,2026-07-09T06:05:28.137713+00:00,119.8,20,bid,BrilliantBurritos,YieldingYams,13183591
2026-07-09T06:05:29.122068,2026-07-09T06:05:29.131765+00:00,119.7,200,ask,YieldingYams,WavyWalnuts,13183607
2026-07-09T06:05:29.241760,2026-07-09T06:05:29.250123+00:00,119.9,20,bid,BrilliantBurritos,YieldingYams,13183608
2026-07-09T06:05:29.578707,2026-07-09T06:05:29.590744+00:00,119.7,20,ask,YieldingYams,BrilliantBurritos,13183612
2026-07-09T06:05:30.974023,2026-07-09T06:05:30.985911+00:00,119.8,200,bid,YieldingYams,WavyWalnuts,13183635
2026-07-09T06:05:31.555359,2026-07-09T06:05:31.567241+00:00,120.0,20,bid,BrilliantBurritos,YieldingYams,13183640
2026-07-09T06:05:32.281429,2026-07-09T06:05:32.295140+00:00,120.0,16,bid,Thomas Lee,YieldingYams,13183650
2026-07-09T06:05:32.310045,2026-07-09T06:05:32.321195+00:00,119.9,200,ask,WavyWalnuts,YieldingYams,13183652
2026-07-09T06:05:35.302600,2026-07-09T06:05:35.310777+00:00,120.0,56,bid,Thomas Lee,WavyWalnuts,13183687
2026-07-09T06:05:35.311893,2026-07-09T06:05:35.321408+00:00,119.9,5,ask,YieldingYams,Thomas Lee,13183689
2026-07-09T06:05:36.374236,2026-07-09T06:05:36.384694+00:00,120.1,200,bid,WavyWalnuts,AverageAlmonds,13183697
2026-07-09T06:05:38.331652,2026-07-09T06:05:38.340615+00:00,120.0,200,ask,WavyWalnuts,AverageAlmonds,13183726
2026-07-09T06:05:38.476668,2026-07-09T06:05:38.481637+00:00,120.0,3,bid,Xuanyu Liu,AverageAlmonds,13183729
2026-07-09T06:05:40.168211,2026-07-09T06:05:40.179754+00:00,120.0,200,bid,YieldingYams,WavyWalnuts,13183757
2026-07-09T06:05:40.168211,2026-07-09T06:05:40.179754+00:00,120.0,425,bid,YieldingYams,AverageAlmonds,13183758
2026-07-09T06:05:41.245749,2026-07-09T06:05:41.258574+00:00,120.0,200,bid,WavyWalnuts,AverageAlmonds,13183777
2026-07-09T06:05:43.702472,2026-07-09T06:05:43.706815+00:00,119.8,3,ask,WavyWalnuts,Xuanyu Liu,13183804
2026-07-09T06:05:43.816002,2026-07-09T06:05:43.775252+00:00,119.8,20,ask,WavyWalnuts,BrilliantBurritos,13183805
2026-07-09T06:05:44.105153,2026-07-09T06:05:44.117037+00:00,119.8,177,ask,WavyWalnuts,YieldingYams,13183810
2026-07-09T06:05:44.410236,2026-07-09T06:05:44.421580+00:00,119.5,17,ask,YieldingYams,Thomas Lee,13183812
2026-07-09T06:05:46.111900,2026-07-09T06:05:46.122920+00:00,119.7,200,bid,WavyWalnuts,YieldingYams,13183831
2026-07-09T06:05:47.326700,2026-07-09T06:05:47.335494+00:00,119.7,200,ask,YieldingYams,WavyWalnuts,13183851
2026-07-09T06:05:47.423292,2026-07-09T06:05:47.432318+00:00,119.7,35,ask,YieldingYams,Thomas Lee,13183854
2026-07-09T06:05:48.159740,2026-07-09T06:05:48.171474+00:00,119.8,20,bid,BrilliantBurritos,YieldingYams,13183866
2026-07-09T06:05:50.453015,2026-07-09T06:05:50.454893+00:00,119.8,74,bid,Thomas Lee,WavyWalnuts,13183889
2026-07-09T06:05:51.999981,2026-07-09T06:05:52.009552+00:00,119.8,200,bid,YieldingYams,WavyWalnuts,13183920
2026-07-09T06:05:53.703680,2026-07-09T06:05:53.716056+00:00,119.7,20,ask,YieldingYams,BrilliantBurritos,13183945
2026-07-09T06:05:54.641109,2026-07-09T06:05:54.645247+00:00,119.8,200,ask,WavyWalnuts,YieldingYams,13183963
2026-07-09T06:05:55.102715,2026-07-09T06:05:55.111852+00:00,119.7,20,bid,BrilliantBurritos,YieldingYams,13183974
2026-07-09T06:05:55.825218,2026-07-09T06:05:55.836660+00:00,119.7,200,bid,WavyWalnuts,YieldingYams,13183988
2026-07-09T06:05:58.583609,2026-07-09T06:05:58.591209+00:00,120.0,200,bid,YieldingYams,WavyWalnuts,13184022
2026-07-09T06:05:59.087322,2026-07-09T06:05:59.099300+00:00,120.0,20,ask,YieldingYams,BrilliantBurritos,13184027
2026-07-09T06:05:59.485033,2026-07-09T06:05:59.492550+00:00,120.0,89,ask,YieldingYams,Thomas Lee,13184031
2026-07-09T06:06:02.578809,2026-07-09T06:06:02.584227+00:00,120.0,3,bid,Xuanyu Liu,YieldingYams,13184067
2026-07-09T06:06:03.103870,2026-07-09T06:06:03.113021+00:00,120.0,200,bid,WavyWalnuts,YieldingYams,13184073
2026-07-09T06:06:04.329721,2026-07-09T06:06:04.335156+00:00,119.9,3,ask,WavyWalnuts,Xuanyu Liu,13184092
2026-07-09T06:06:05.165095,2026-07-09T06:06:05.170051+00:00,120.0,11,ask,YieldingYams,Xuanyu Liu,13184102
2026-07-09T06:06:05.501574,2026-07-09T06:06:05.513230+00:00,120.0,13,ask,YieldingYams,Thomas Lee,13184112
2026-07-09T06:06:06.465285,2026-07-09T06:06:06.475057+00:00,120.0,200,ask,WavyWalnuts,YieldingYams,13184133
2026-07-09T06:06:06.901664,2026-07-09T06:06:06.906291+00:00,120.0,11,bid,Xuanyu Liu,YieldingYams,13184143
2026-07-09T06:06:08.029387,2026-07-09T06:06:08.039705+00:00,120.0,200,bid,WavyWalnuts,YieldingYams,13184164
2026-07-09T06:06:08.511988,2026-07-09T06:06:08.520402+00:00,120.0,101,bid,Thomas Lee,YieldingYams,13184169
2026-07-09T06:06:09.508966,2026-07-09T06:06:09.521058+00:00,120.1,20,bid,BrilliantBurritos,WavyWalnuts,13184184
2026-07-09T06:06:11.762252,2026-07-09T06:06:11.766639+00:00,120.1,8,ask,YieldingYams,Xuanyu Liu,13184219
2026-07-09T06:06:11.925229,2026-07-09T06:06:11.937599+00:00,120.3,20,bid,BrilliantBurritos,WavyWalnuts,13184221
2026-07-09T06:06:13.445985,2026-07-09T06:06:13.458592+00:00,120.3,20,bid,BrilliantBurritos,WavyWalnuts,13184241
2026-07-09T06:06:14.371007,2026-07-09T06:06:14.380005+00:00,120.1,200,bid,YieldingYams,WavyWalnuts,13184249
2026-07-09T06:06:15.168229,2026-07-09T06:06:15.180375+00:00,120.3,20,bid,BrilliantBurritos,YieldingYams,13184261
2026-07-09T06:06:15.603184,2026-07-09T06:06:15.615366+00:00,120.1,20,ask,YieldingYams,BrilliantBurritos,13184266
2026-07-09T06:06:16.513062,2026-07-09T06:06:16.522097+00:00,120.2,200,bid,WavyWalnuts,YieldingYams,13184276
2026-07-09T06:06:18.766857,2026-07-09T06:06:18.779150+00:00,120.3,20,bid,BrilliantBurritos,WavyWalnuts,13184309
2026-07-09T06:06:22.256546,2026-07-09T06:06:22.250277+00:00,120.2,200,bid,YieldingYams,WavyWalnuts,13184367
2026-07-09T06:06:22.576212,2026-07-09T06:06:22.585205+00:00,120.4,200,bid,WavyWalnuts,YieldingYams,13184374
2026-07-09T06:06:23.540282,2026-07-09T06:06:23.569000+00:00,120.4,4,bid,Thomas Lee,YieldingYams,13184385
2026-07-09T06:06:23.563899,2026-07-09T06:06:23.569000+00:00,120.4,8,bid,Xuanyu Liu,YieldingYams,13184390
2026-07-09T06:06:26.778440,2026-07-09T06:06:26.816182+00:00,120.3,200,ask,WavyWalnuts,AverageAlmonds,13184437
2026-07-09T06:06:26.811293,2026-07-09T06:06:26.816182+00:00,120.3,3,bid,Xuanyu Liu,AverageAlmonds,13184442
2026-07-09T06:06:28.657913,2026-07-09T06:06:28.668901+00:00,120.2,200,bid,WavyWalnuts,YieldingYams,13184464
2026-07-09T06:06:29.805577,2026-07-09T06:06:29.819014+00:00,120.3,20,bid,BrilliantBurritos,YieldingYams,13184477
2026-07-09T06:06:30.998966,2026-07-09T06:06:31.013131+00:00,120.3,500,ask,YieldingYams,AverageAlmonds,13184486
2026-07-09T06:06:31.475652,2026-07-09T06:06:31.483153+00:00,120.2,200,ask,WavyWalnuts,YieldingYams,13184495
2026-07-09T06:06:32.788136,2026-07-09T06:06:32.796044+00:00,120.2,200,bid,YieldingYams,WavyWalnuts,13184517
2026-07-09T06:06:33.491458,2026-07-09T06:06:33.498797+00:00,120.3,200,bid,WavyWalnuts,AverageAlmonds,13184522
2026-07-09T06:06:34.042930,2026-07-09T06:06:34.058593+00:00,120.2,425,ask,YieldingYams,AverageAlmonds,13184533
2026-07-09T06:06:34.117807,2026-07-09T06:06:34.121883+00:00,120.0,14,bid,Xuanyu Liu,YieldingYams,13184535
2026-07-09T06:06:34.173489,2026-07-09T06:06:34.184326+00:00,120.0,20,bid,Heero Sipayung,YieldingYams,13184538
2026-07-09T06:06:34.195420,2026-07-09T06:06:34.206414+00:00,120.0,20,bid,Heero Sipayung,YieldingYams,13184540
2026-07-09T06:06:34.223574,2026-07-09T06:06:34.233787+00:00,120.0,20,bid,Heero Sipayung,YieldingYams,13184543
2026-07-09T06:06:34.706630,2026-07-09T06:06:34.716009+00:00,120.0,200,bid,WavyWalnuts,YieldingYams,13184551
2026-07-09T06:06:35.493596,2026-07-09T06:06:35.498566+00:00,119.9,14,ask,YieldingYams,Xuanyu Liu,13184569
2026-07-09T06:06:35.915656,2026-07-09T06:06:35.923683+00:00,120.1,200,bid,WavyWalnuts,AverageAlmonds,13184578
2026-07-09T06:06:36.252336,2026-07-09T06:06:36.254119+00:00,119.9,20,ask,YieldingYams,Heero Sipayung,13184582
2026-07-09T06:06:36.273779,2026-07-09T06:06:36.285730+00:00,119.9,20,ask,YieldingYams,Heero Sipayung,13184584
2026-07-09T06:06:36.298094,2026-07-09T06:06:36.306168+00:00,119.9,20,ask,YieldingYams,Heero Sipayung,13184586
2026-07-09T06:06:36.729414,2026-07-09T06:06:36.738169+00:00,120.0,500,bid,YieldingYams,AverageAlmonds,13184605
2026-07-09T06:06:37.044429,2026-07-09T06:06:37.055649+00:00,120.0,125,ask,YieldingYams,AverageAlmonds,13184610
2026-07-09T06:06:37.124092,2026-07-09T06:06:37.135485+00:00,119.9,200,bid,WavyWalnuts,AverageAlmonds,13184611
2026-07-09T06:06:38.333164,2026-07-09T06:06:38.342910+00:00,119.8,200,bid,WavyWalnuts,YieldingYams,13184634
2026-07-09T06:06:40.721191,2026-07-09T06:06:40.731699+00:00,119.7,200,ask,WavyWalnuts,YieldingYams,13184668
2026-07-09T06:06:41.578265,2026-07-09T06:06:41.589987+00:00,119.7,28,bid,Thomas Lee,YieldingYams,13184671
2026-07-09T06:06:41.926618,2026-07-09T06:06:41.937474+00:00,119.5,20,ask,YieldingYams,BrilliantBurritos,13184677
2026-07-09T06:06:42.033828,2026-07-09T06:06:42.041853+00:00,119.6,200,bid,YieldingYams,WavyWalnuts,13184681
2026-07-09T06:06:43.179047,2026-07-09T06:06:43.185738+00:00,119.7,200,ask,YieldingYams,WavyWalnuts,13184694
2026-07-09T06:06:46.808587,2026-07-09T06:06:46.818397+00:00,119.5,200,ask,YieldingYams,WavyWalnuts,13184737
2026-07-09T06:06:47.309616,2026-07-09T06:06:47.313688+00:00,119.5,14,bid,Xuanyu Liu,YieldingYams,13184745
2026-07-09T06:06:47.377816,2026-07-09T06:06:47.388091+00:00,119.5,20,bid,Heero Sipayung,YieldingYams,13184748
2026-07-09T06:06:47.442183,2026-07-09T06:06:47.451993+00:00,119.5,20,bid,Heero Sipayung,YieldingYams,13184751
2026-07-09T06:06:47.473850,2026-07-09T06:06:47.484414+00:00,119.5,20,bid,Heero Sipayung,YieldingYams,13184753
2026-07-09T06:06:47.498255,2026-07-09T06:06:47.510228+00:00,119.3,16,ask,WavyWalnuts,Heero Sipayung,13184755
2026-07-09T06:06:48.152675,2026-07-09T06:06:48.156918+00:00,119.4,14,ask,WavyWalnuts,Xuanyu Liu,13184770
2026-07-09T06:06:49.231726,2026-07-09T06:06:49.242797+00:00,119.5,200,bid,WavyWalnuts,YieldingYams,13184782
2026-07-09T06:06:49.947096,2026-07-09T06:06:49.959460+00:00,119.6,20,ask,YieldingYams,Heero Sipayung,13184793
2026-07-09T06:06:49.975812,2026-07-09T06:06:49.987967+00:00,119.6,20,ask,YieldingYams,Heero Sipayung,13184796
2026-07-09T06:06:49.999676,2026-07-09T06:06:50.011674+00:00,119.6,4,ask,YieldingYams,Heero Sipayung,13184798
2026-07-09T06:06:50.656987,2026-07-09T06:06:50.668894+00:00,119.6,99,ask,YieldingYams,Thomas Lee,13184805
2026-07-09T06:06:51.163767,2026-07-09T06:06:51.175017+00:00,119.7,20,bid,BrilliantBurritos,WavyWalnuts,13184815
2026-07-09T06:06:51.235905,2026-07-09T06:06:51.243822+00:00,119.7,180,bid,YieldingYams,WavyWalnuts,13184817
2026-07-09T06:06:53.670915,2026-07-09T06:06:53.683215+00:00,119.7,5,bid,Thomas Lee,AverageAlmonds,13184857
2026-07-09T06:06:53.867904,2026-07-09T06:06:53.877086+00:00,119.7,495,bid,YieldingYams,AverageAlmonds,13184858
2026-07-09T06:06:56.680660,2026-07-09T06:06:56.692637+00:00,119.7,70,bid,Thomas Lee,YieldingYams,13184894
2026-07-09T06:06:56.741831,2026-07-09T06:06:56.751223+00:00,119.6,20,ask,WavyWalnuts,BrilliantBurritos,13184897
2026-07-09T06:07:00.814367,2026-07-09T06:07:00.819182+00:00,119.5,3,ask,WavyWalnuts,Xuanyu Liu,13184950
2026-07-09T06:07:01.383367,2026-07-09T06:07:01.393295+00:00,119.6,200,bid,WavyWalnuts,YieldingYams,13184953
2026-07-09T06:07:02.610978,2026-07-09T06:07:02.615250+00:00,119.6,11,ask,WavyWalnuts,Xuanyu Liu,13184965
2026-07-09T06:07:02.716941,2026-07-09T06:07:02.726463+00:00,119.6,103,ask,WavyWalnuts,Thomas Lee,13184969
2026-07-09T06:07:04.398901,2026-07-09T06:07:04.403318+00:00,119.5,11,bid,Xuanyu Liu,YieldingYams,13184986
2026-07-09T06:07:05.730255,2026-07-09T06:07:05.742634+00:00,119.5,71,bid,Thomas Lee,YieldingYams,13185005
2026-07-09T06:07:07.000166,2026-07-09T06:07:07.006850+00:00,119.4,200,ask,WavyWalnuts,YieldingYams,13185024
2026-07-09T06:07:07.020278,2026-07-09T06:07:07.024426+00:00,119.4,3,bid,Xuanyu Liu,YieldingYams,13185025
2026-07-09T06:07:07.128766,2026-07-09T06:07:07.133047+00:00,119.2,3,ask,YieldingYams,Xuanyu Liu,13185026
2026-07-09T06:07:07.464903,2026-07-09T06:07:07.469720+00:00,119.3,11,ask,WavyWalnuts,Xuanyu Liu,13185030
2026-07-09T06:07:08.754635,2026-07-09T06:07:08.758542+00:00,119.3,70,ask,YieldingYams,Thomas Lee,13185047
2026-07-09T06:07:10.928593,2026-07-09T06:07:10.937486+00:00,119.4,200,bid,YieldingYams,WavyWalnuts,13185078
2026-07-09T06:07:11.087287,2026-07-09T06:07:11.096284+00:00,119.5,200,ask,YieldingYams,WavyWalnuts,13185080
2026-07-09T06:07:11.772418,2026-07-09T06:07:11.783338+00:00,119.5,9,ask,YieldingYams,Thomas Lee,13185089
2026-07-09T06:07:16.170682,2026-07-09T06:07:16.179107+00:00,119.4,200,bid,YieldingYams,WavyWalnuts,13185140
2026-07-09T06:07:17.143871,2026-07-09T06:07:17.153743+00:00,119.4,200,ask,YieldingYams,WavyWalnuts,13185160
2026-07-09T06:07:17.792692,2026-07-09T06:07:17.804975+00:00,119.5,2,bid,Thomas Lee,YieldingYams,13185177
2026-07-09T06:07:19.571066,2026-07-09T06:07:19.582717+00:00,119.3,200,ask,YieldingYams,WavyWalnuts,13185195
2026-07-09T06:07:21.997411,2026-07-09T06:07:22.005314+00:00,119.2,200,ask,YieldingYams,WavyWalnuts,13185235
2026-07-09T06:07:22.132957,2026-07-09T06:07:22.145064+00:00,119.2,20,ask,YieldingYams,BrilliantBurritos,13185238
2026-07-09T06:07:22.917931,2026-07-09T06:07:22.922739+00:00,119.2,11,bid,Xuanyu Liu,YieldingYams,13185248
2026-07-09T06:07:22.958596,2026-07-09T06:07:22.967319+00:00,119.2,20,bid,BrilliantBurritos,YieldingYams,13185249
2026-07-09T06:07:23.831571,2026-07-09T06:07:23.843499+00:00,119.2,1,bid,Thomas Lee,YieldingYams,13185266
2026-07-09T06:07:25.493341,2026-07-09T06:07:25.504318+00:00,119.2,200,bid,AverageAlmonds,WavyWalnuts,13185297
2026-07-09T06:07:25.493341,2026-07-09T06:07:25.504318+00:00,119.2,300,bid,AverageAlmonds,YieldingYams,13185298
2026-07-09T06:07:26.852431,2026-07-09T06:07:26.860926+00:00,119.2,200,ask,YieldingYams,WavyWalnuts,13185314
2026-07-09T06:07:28.531368,2026-07-09T06:07:28.543277+00:00,119.3,500,bid,AverageAlmonds,YieldingYams,13185351
2026-07-09T06:07:29.272348,2026-07-09T06:07:29.280454+00:00,119.3,125,bid,WavyWalnuts,YieldingYams,13185359
2026-07-09T06:07:29.303581,2026-07-09T06:07:29.321899+00:00,119.5,200,bid,YieldingYams,WavyWalnuts,13185362
2026-07-09T06:07:30.508456,2026-07-09T06:07:30.513061+00:00,119.6,3,bid,Xuanyu Liu,WavyWalnuts,13185383
2026-07-09T06:07:31.704371,2026-07-09T06:07:31.715439+00:00,119.5,200,ask,YieldingYams,WavyWalnuts,13185399
2026-07-09T06:07:37.169878,2026-07-09T06:07:37.177957+00:00,119.5,200,bid,YieldingYams,WavyWalnuts,13185452
2026-07-09T06:07:37.759018,2026-07-09T06:07:37.769358+00:00,119.7,200,ask,YieldingYams,WavyWalnuts,13185461
2026-07-09T06:07:38.206817,2026-07-09T06:07:38.215563+00:00,119.7,225,ask,YieldingYams,AverageAlmonds,13185465
2026-07-09T06:07:38.967439,2026-07-09T06:07:38.975220+00:00,119.4,200,ask,YieldingYams,WavyWalnuts,13185479
2026-07-09T06:07:39.817910,2026-07-09T06:07:39.822741+00:00,119.4,3,bid,Xuanyu Liu,YieldingYams,13185492
2026-07-09T06:07:39.846324,2026-07-09T06:07:39.858610+00:00,119.4,20,bid,Heero Sipayung,YieldingYams,13185493
2026-07-09T06:07:39.873269,2026-07-09T06:07:39.881623+00:00,119.4,20,bid,Heero Sipayung,YieldingYams,13185495
2026-07-09T06:07:39.903904,2026-07-09T06:07:39.910790+00:00,119.4,20,bid,Heero Sipayung,YieldingYams,13185499
2026-07-09T06:07:39.943466,2026-07-09T06:07:39.955376+00:00,119.4,20,bid,Heero Sipayung,YieldingYams,13185502
2026-07-09T06:07:39.965509,2026-07-09T06:07:39.976154+00:00,119.4,20,bid,Heero Sipayung,YieldingYams,13185504
2026-07-09T06:07:39.997864,2026-07-09T06:07:40.009405+00:00,119.4,20,bid,Heero Sipayung,YieldingYams,13185506
2026-07-09T06:07:40.064578,2026-07-09T06:07:40.074256+00:00,119.4,20,bid,Heero Sipayung,YieldingYams,13185508
2026-07-09T06:07:40.086887,2026-07-09T06:07:40.097575+00:00,119.4,20,bid,Heero Sipayung,YieldingYams,13185510
2026-07-09T06:07:41.101602,2026-07-09T06:07:41.109745+00:00,119.4,200,bid,YieldingYams,WavyWalnuts,13185526
2026-07-09T06:07:45.048919,2026-07-09T06:07:45.058980+00:00,119.3,200,bid,YieldingYams,WavyWalnuts,13185584
2026-07-09T06:07:46.725647,2026-07-09T06:07:46.733347+00:00,119.5,20,bid,BrilliantBurritos,WavyWalnuts,13185612
2026-07-09T06:07:48.251786,2026-07-09T06:07:48.263917+00:00,119.4,20,bid,Heero Sipayung,YieldingYams,13185641
2026-07-09T06:07:48.278834,2026-07-09T06:07:48.289780+00:00,119.4,20,bid,Heero Sipayung,YieldingYams,13185643
2026-07-09T06:07:50.307511,2026-07-09T06:07:50.315051+00:00,119.4,500,bid,AverageAlmonds,YieldingYams,13185666
2026-07-09T06:07:50.333634,2026-07-09T06:07:50.341230+00:00,119.4,200,bid,YieldingYams,WavyWalnuts,13185667
2026-07-09T06:07:51.196604,2026-07-09T06:07:51.208331+00:00,119.4,20,ask,YieldingYams,BrilliantBurritos,13185681
2026-07-09T06:07:57.922130,2026-07-09T06:07:57.933984+00:00,119.5,20,ask,WavyWalnuts,BrilliantBurritos,13185773
2026-07-09T06:07:58.351952,2026-07-09T06:07:58.358603+00:00,119.6,200,ask,YieldingYams,WavyWalnuts,13185780
2026-07-09T06:08:00.860954,2026-07-09T06:08:00.871112+00:00,119.6,200,ask,WavyWalnuts,YieldingYams,13185801
2026-07-09T06:08:02.190009,2026-07-09T06:08:02.194829+00:00,119.5,3,ask,YieldingYams,Xuanyu Liu,13185818
2026-07-09T06:08:04.510810,2026-07-09T06:08:04.522677+00:00,119.5,20,ask,YieldingYams,BrilliantBurritos,13185851
2026-07-09T06:08:07.301198,2026-07-09T06:08:07.317676+00:00,119.5,20,ask,WavyWalnuts,Heero Sipayung,13185884
2026-07-09T06:08:07.369980,2026-07-09T06:08:07.382178+00:00,119.5,20,ask,WavyWalnuts,Heero Sipayung,13185887
2026-07-09T06:08:07.405232,2026-07-09T06:08:07.417751+00:00,119.5,20,ask,WavyWalnuts,Heero Sipayung,13185889
2026-07-09T06:08:07.447057,2026-07-09T06:08:07.454074+00:00,119.5,20,ask,WavyWalnuts,Heero Sipayung,13185891
2026-07-09T06:08:07.471616,2026-07-09T06:08:07.479447+00:00,119.5,20,ask,WavyWalnuts,Heero Sipayung,13185893
2026-07-09T06:08:07.493799,2026-07-09T06:08:07.506370+00:00,119.5,20,ask,WavyWalnuts,Heero Sipayung,13185895
2026-07-09T06:08:07.516669,2026-07-09T06:08:07.533888+00:00,119.5,20,ask,WavyWalnuts,Heero Sipayung,13185897
2026-07-09T06:08:07.542097,2026-07-09T06:08:07.554079+00:00,119.5,20,ask,WavyWalnuts,Heero Sipayung,13185899
2026-07-09T06:08:07.564440,2026-07-09T06:08:07.576510+00:00,119.6,10,bid,Heero Sipayung,YieldingYams,13185901
2026-07-09T06:08:08.747090,2026-07-09T06:08:08.758637+00:00,119.5,200,bid,YieldingYams,WavyWalnuts,13185916
2026-07-09T06:08:09.537345,2026-07-09T06:08:09.549318+00:00,119.6,20,ask,YieldingYams,BrilliantBurritos,13185925
2026-07-09T06:08:11.135129,2026-07-09T06:08:11.144471+00:00,119.7,20,bid,BrilliantBurritos,YieldingYams,13185937
2026-07-09T06:08:11.386297,2026-07-09T06:08:11.394658+00:00,119.6,200,ask,WavyWalnuts,YieldingYams,13185948
2026-07-09T06:08:13.643272,2026-07-09T06:08:13.650659+00:00,119.4,20,ask,YieldingYams,Heero Sipayung,13185982
2026-07-09T06:08:13.675586,2026-07-09T06:08:13.683507+00:00,119.4,20,ask,YieldingYams,Heero Sipayung,13185985
2026-07-09T06:08:13.697088,2026-07-09T06:08:13.704410+00:00,119.4,10,ask,YieldingYams,Heero Sipayung,13185987
2026-07-09T06:08:14.110012,2026-07-09T06:08:14.118987+00:00,119.4,200,bid,WavyWalnuts,YieldingYams,13185994
2026-07-09T06:08:15.319174,2026-07-09T06:08:15.330728+00:00,119.4,200,bid,WavyWalnuts,YieldingYams,13186015
2026-07-09T06:08:16.554099,2026-07-09T06:08:16.566006+00:00,119.4,200,bid,WavyWalnuts,YieldingYams,13186036
2026-07-09T06:08:20.108479,2026-07-09T06:08:20.121034+00:00,119.2,20,ask,WavyWalnuts,BrilliantBurritos,13186088
2026-07-09T06:08:20.199135,2026-07-09T06:08:20.208946+00:00,119.4,200,bid,WavyWalnuts,YieldingYams,13186090
2026-07-09T06:08:21.425044,2026-07-09T06:08:21.429118+00:00,119.4,3,ask,WavyWalnuts,Xuanyu Liu,13186108
2026-07-09T06:08:26.614331,2026-07-09T06:08:26.621326+00:00,119.3,20,ask,YieldingYams,BrilliantBurritos,13186177
2026-07-09T06:08:27.198624,2026-07-09T06:08:27.207902+00:00,119.4,500,ask,AverageAlmonds,YieldingYams,13186185
2026-07-09T06:08:27.272034,2026-07-09T06:08:27.279700+00:00,119.4,125,bid,AverageAlmonds,YieldingYams,13186187
2026-07-09T06:08:27.482978,2026-07-09T06:08:27.491828+00:00,119.4,200,ask,AverageAlmonds,WavyWalnuts,13186192
2026-07-09T06:08:32.323461,2026-07-09T06:08:32.331831+00:00,119.5,200,ask,YieldingYams,WavyWalnuts,13186250
2026-07-09T06:08:33.599749,2026-07-09T06:08:33.619820+00:00,119.6,3,bid,Xuanyu Liu,WavyWalnuts,13186268
2026-07-09T06:08:34.743888,2026-07-09T06:08:34.758556+00:00,119.5,200,bid,WavyWalnuts,YieldingYams,13186282
2026-07-09T06:08:36.960172,2026-07-09T06:08:36.969663+00:00,119.5,200,ask,WavyWalnuts,AverageAlmonds,13186301
2026-07-09T06:08:37.160578,2026-07-09T06:08:37.170200+00:00,119.5,200,bid,WavyWalnuts,AverageAlmonds,13186307
2026-07-09T06:08:37.308237,2026-07-09T06:08:37.319643+00:00,119.5,20,bid,BrilliantBurritos,AverageAlmonds,13186311
2026-07-09T06:08:38.369157,2026-07-09T06:08:38.376050+00:00,119.4,200,bid,WavyWalnuts,AverageAlmonds,13186326
2026-07-09T06:08:41.212087,2026-07-09T06:08:41.223819+00:00,119.4,500,ask,YieldingYams,AverageAlmonds,13186366
2026-07-09T06:08:41.660911,2026-07-09T06:08:41.669779+00:00,119.4,200,ask,WavyWalnuts,YieldingYams,13186371
2026-07-09T06:08:41.999403,2026-07-09T06:08:42.006187+00:00,119.2,200,bid,WavyWalnuts,YieldingYams,13186378
2026-07-09T06:08:43.213888,2026-07-09T06:08:43.225764+00:00,119.3,200,ask,YieldingYams,WavyWalnuts,13186395
2026-07-09T06:08:44.310071,2026-07-09T06:08:44.315323+00:00,119.4,3,ask,YieldingYams,Xuanyu Liu,13186411
2026-07-09T06:08:44.422743,2026-07-09T06:08:44.431599+00:00,119.4,200,ask,YieldingYams,WavyWalnuts,13186412
2026-07-09T06:08:45.288957,2026-07-09T06:08:45.293977+00:00,119.5,3,bid,Xuanyu Liu,AverageAlmonds,13186425
2026-07-09T06:08:45.462929,2026-07-09T06:08:45.474098+00:00,119.4,422,ask,YieldingYams,AverageAlmonds,13186428
2026-07-09T06:08:45.636107,2026-07-09T06:08:45.653721+00:00,119.2,200,bid,WavyWalnuts,YieldingYams,13186432
2026-07-09T06:08:45.648458,2026-07-09T06:08:45.653721+00:00,119.2,14,bid,Xuanyu Liu,YieldingYams,13186434
2026-07-09T06:08:45.682806,2026-07-09T06:08:45.689891+00:00,119.2,20,bid,Heero Sipayung,YieldingYams,13186436
2026-07-09T06:08:45.705179,2026-07-09T06:08:45.715624+00:00,119.2,20,bid,Heero Sipayung,YieldingYams,13186438
2026-07-09T06:08:45.721493,2026-07-09T06:08:45.733801+00:00,119.0,5,ask,YieldingYams,Heero Sipayung,13186439
2026-07-09T06:08:46.850344,2026-07-09T06:08:46.849459+00:00,119.2,200,bid,WavyWalnuts,YieldingYams,13186462
2026-07-09T06:08:46.936898,2026-07-09T06:08:46.940868+00:00,119.3,11,ask,YieldingYams,Xuanyu Liu,13186464
2026-07-09T06:08:48.067993,2026-07-09T06:08:48.076741+00:00,119.3,200,ask,YieldingYams,WavyWalnuts,13186478
2026-07-09T06:08:48.473072,2026-07-09T06:08:48.482182+00:00,119.3,20,ask,YieldingYams,Heero Sipayung,13186481
2026-07-09T06:08:48.477870,2026-07-09T06:08:48.482182+00:00,119.3,3,ask,YieldingYams,Xuanyu Liu,13186482
2026-07-09T06:08:48.573082,2026-07-09T06:08:48.585287+00:00,119.3,15,ask,YieldingYams,Heero Sipayung,13186486
2026-07-09T06:08:49.278287,2026-07-09T06:08:49.286147+00:00,119.3,200,ask,YieldingYams,WavyWalnuts,13186499
2026-07-09T06:08:51.697335,2026-07-09T06:08:51.706611+00:00,119.2,200,bid,WavyWalnuts,YieldingYams,13186530
2026-07-09T06:08:54.859546,2026-07-09T06:08:54.870329+00:00,119.1,200,ask,WavyWalnuts,YieldingYams,13186565
2026-07-09T06:08:55.328720,2026-07-09T06:08:55.337904+00:00,119.0,200,bid,WavyWalnuts,YieldingYams,13186568
2026-07-09T06:08:57.496486,2026-07-09T06:08:57.501245+00:00,119.0,200,ask,WavyWalnuts,YieldingYams,13186600
2026-07-09T06:08:57.496486,2026-07-09T06:08:57.501245+00:00,118.9,425,ask,AverageAlmonds,YieldingYams,13186601
2026-07-09T06:08:57.785124,2026-07-09T06:08:57.797364+00:00,119.1,20,bid,BrilliantBurritos,WavyWalnuts,13186604
2026-07-09T06:08:59.407191,2026-07-09T06:08:59.426952+00:00,119.1,20,bid,BrilliantBurritos,YieldingYams,13186632
2026-07-09T06:08:59.421901,2026-07-09T06:08:59.426952+00:00,119.0,3,ask,AverageAlmonds,Xuanyu Liu,13186634
2026-07-09T06:09:01.390623,2026-07-09T06:09:01.400334+00:00,119.0,200,ask,YieldingYams,WavyWalnuts,13186685
2026-07-09T06:09:01.557745,2026-07-09T06:09:01.570051+00:00,119.2,20,bid,BrilliantBurritos,YieldingYams,13186687
2026-07-09T06:09:03.615770,2026-07-09T06:09:03.624821+00:00,119.1,200,bid,AverageAlmonds,WavyWalnuts,13186720
2026-07-09T06:09:03.615770,2026-07-09T06:09:03.624821+00:00,119.1,300,bid,AverageAlmonds,YieldingYams,13186721
2026-07-09T06:09:04.303976,2026-07-09T06:09:04.308591+00:00,119.0,23,ask,WavyWalnuts,Xuanyu Liu,13186739
2026-07-09T06:09:05.014212,2026-07-09T06:09:05.024922+00:00,119.1,200,bid,WavyWalnuts,YieldingYams,13186745
2026-07-09T06:09:05.448653,2026-07-09T06:09:05.452753+00:00,119.1,11,ask,AverageAlmonds,Xuanyu Liu,13186757
2026-07-09T06:09:06.224166,2026-07-09T06:09:06.234547+00:00,119.3,200,bid,WavyWalnuts,YieldingYams,13186763
2026-07-09T06:09:07.269863,2026-07-09T06:09:07.274108+00:00,119.2,12,ask,AverageAlmonds,Xuanyu Liu,13186776
2026-07-09T06:09:07.437885,2026-07-09T06:09:07.448459+00:00,119.3,200,bid,WavyWalnuts,YieldingYams,13186781
2026-07-09T06:09:08.908874,2026-07-09T06:09:08.921206+00:00,119.5,20,bid,BrilliantBurritos,YieldingYams,13186798
2026-07-09T06:09:09.295966,2026-07-09T06:09:09.304336+00:00,119.5,200,bid,YieldingYams,WavyWalnuts,13186806
2026-07-09T06:09:10.632370,2026-07-09T06:09:10.636583+00:00,119.7,46,bid,Xuanyu Liu,WavyWalnuts,13186823
2026-07-09T06:09:11.072787,2026-07-09T06:09:11.080942+00:00,119.7,200,bid,WavyWalnuts,YieldingYams,13186833
2026-07-09T06:09:13.500931,2026-07-09T06:09:13.509120+00:00,119.7,200,bid,WavyWalnuts,AverageAlmonds,13186864
2026-07-09T06:09:14.027985,2026-07-09T06:09:14.035502+00:00,119.7,20,bid,BrilliantBurritos,AverageAlmonds,13186871
2026-07-09T06:09:14.509405,2026-07-09T06:09:14.519189+00:00,119.6,500,ask,YieldingYams,AverageAlmonds,13186880
2026-07-09T06:09:14.694489,2026-07-09T06:09:14.706319+00:00,119.5,20,bid,BrilliantBurritos,YieldingYams,13186883
2026-07-09T06:09:14.717925,2026-07-09T06:09:14.728363+00:00,119.5,200,bid,WavyWalnuts,YieldingYams,13186885
2026-07-09T06:09:17.163279,2026-07-09T06:09:17.170880+00:00,119.6,500,bid,YieldingYams,AverageAlmonds,13186922
2026-07-09T06:09:20.012087,2026-07-09T06:09:20.024418+00:00,119.5,20,ask,WavyWalnuts,BrilliantBurritos,13186960
2026-07-09T06:09:25.641844,2026-07-09T06:09:25.658804+00:00,119.4,200,ask,YieldingYams,WavyWalnuts,13187047
2026-07-09T06:09:29.012292,2026-07-09T06:09:29.016967+00:00,119.5,11,ask,YieldingYams,Xuanyu Liu,13187099
2026-07-09T06:09:29.668772,2026-07-09T06:09:29.673928+00:00,119.5,23,ask,YieldingYams,Xuanyu Liu,13187108
2026-07-09T06:09:30.478674,2026-07-09T06:09:30.486655+00:00,119.5,200,ask,YieldingYams,WavyWalnuts,13187124
2026-07-09T06:09:34.591918,2026-07-09T06:09:34.600248+00:00,119.4,20,bid,BrilliantBurritos,YieldingYams,13187190
2026-07-09T06:09:36.955140,2026-07-09T06:09:36.963528+00:00,119.3,20,bid,BrilliantBurritos,YieldingYams,13187222
2026-07-09T06:09:36.958934,2026-07-09T06:09:36.963528+00:00,119.3,11,bid,Xuanyu Liu,YieldingYams,13187223
2026-07-09T06:09:37.710228,2026-07-09T06:09:37.721090+00:00,119.2,20,ask,AverageAlmonds,BrilliantBurritos,13187235
2026-07-09T06:09:40.549567,2026-07-09T06:09:40.559477+00:00,119.3,200,bid,AverageAlmonds,WavyWalnuts,13187273
2026-07-09T06:09:40.857010,2026-07-09T06:09:40.864045+00:00,119.3,300,ask,AverageAlmonds,YieldingYams,13187280
2026-07-09T06:09:41.145938,2026-07-09T06:09:41.158592+00:00,119.3,325,bid,AverageAlmonds,YieldingYams,13187289
2026-07-09T06:09:41.382381,2026-07-09T06:09:41.390272+00:00,119.4,175,ask,AverageAlmonds,WavyWalnuts,13187293
2026-07-09T06:09:41.746211,2026-07-09T06:09:41.758573+00:00,119.3,25,bid,AverageAlmonds,WavyWalnuts,13187297
2026-07-09T06:09:42.595533,2026-07-09T06:09:42.605387+00:00,119.5,200,ask,YieldingYams,WavyWalnuts,13187317
2026-07-09T06:09:43.118445,2026-07-09T06:09:43.127574+00:00,119.7,20,bid,BrilliantBurritos,YieldingYams,13187325
2026-07-09T06:09:43.872177,2026-07-09T06:09:43.876900+00:00,119.6,12,bid,Xuanyu Liu,WavyWalnuts,13187338
2026-07-09T06:09:45.930274,2026-07-09T06:09:45.942478+00:00,119.4,20,ask,YieldingYams,BrilliantBurritos,13187358
2026-07-09T06:09:48.659261,2026-07-09T06:09:48.663601+00:00,119.6,14,bid,Xuanyu Liu,WavyWalnuts,13187389
2026-07-09T06:09:51.375010,2026-07-09T06:09:51.385744+00:00,119.7,200,ask,WavyWalnuts,YieldingYams,13187425
2026-07-09T06:09:52.296844,2026-07-09T06:09:52.305228+00:00,119.7,200,bid,WavyWalnuts,YieldingYams,13187441
2026-07-09T06:09:54.722062,2026-07-09T06:09:54.729463+00:00,119.7,200,ask,YieldingYams,WavyWalnuts,13187472
2026-07-09T06:10:03.201385,2026-07-09T06:10:03.213116+00:00,120.0,200,bid,WavyWalnuts,YieldingYams,13187585
2026-07-09T06:10:04.485134,2026-07-09T06:10:04.489474+00:00,119.9,3,ask,WavyWalnuts,Xuanyu Liu,13187606
2026-07-09T06:10:05.866462,2026-07-09T06:10:05.870910+00:00,120.0,11,ask,YieldingYams,Xuanyu Liu,13187621
2026-07-09T06:10:07.159787,2026-07-09T06:10:07.170477+00:00,120.0,200,ask,WavyWalnuts,YieldingYams,13187638
2026-07-09T06:10:11.677056,2026-07-09T06:10:11.684358+00:00,120.0,200,bid,WavyWalnuts,YieldingYams,13187712
2026-07-09T06:10:15.083186,2026-07-09T06:10:15.091172+00:00,120.1,20,ask,YieldingYams,BrilliantBurritos,13187754
2026-07-09T06:10:20.338517,2026-07-09T06:10:20.348923+00:00,120.2,200,ask,WavyWalnuts,YieldingYams,13187817
2026-07-09T06:10:20.576457,2026-07-09T06:10:20.588399+00:00,120.0,20,ask,YieldingYams,BrilliantBurritos,13187819
2026-07-09T06:10:22.933408,2026-07-09T06:10:22.941066+00:00,120.1,200,bid,AverageAlmonds,WavyWalnuts,13187849
2026-07-09T06:10:22.974658,2026-07-09T06:10:22.984394+00:00,120.1,300,ask,AverageAlmonds,YieldingYams,13187850
2026-07-09T06:10:22.974658,2026-07-09T06:10:22.984394+00:00,119.9,200,ask,WavyWalnuts,YieldingYams,13187851
2026-07-09T06:10:22.996526,2026-07-09T06:10:23.000952+00:00,119.9,11,bid,Xuanyu Liu,YieldingYams,13187853
2026-07-09T06:10:23.529341,2026-07-09T06:10:23.540215+00:00,119.9,114,bid,AverageAlmonds,YieldingYams,13187867
2026-07-09T06:10:23.567473,2026-07-09T06:10:23.572532+00:00,120.1,23,ask,AverageAlmonds,Xuanyu Liu,13187869
2026-07-09T06:10:23.796255,2026-07-09T06:10:23.806801+00:00,120.1,200,ask,AverageAlmonds,WavyWalnuts,13187870
2026-07-09T06:10:25.943532,2026-07-09T06:10:25.951499+00:00,120.2,200,bid,AverageAlmonds,WavyWalnuts,13187896
2026-07-09T06:10:26.541822,2026-07-09T06:10:26.549479+00:00,120.2,325,bid,AverageAlmonds,YieldingYams,13187905
2026-07-09T06:10:26.541822,2026-07-09T06:10:26.554872+00:00,120.2,175,bid,AverageAlmonds,WavyWalnuts,13187906
2026-07-09T06:10:26.593196,2026-07-09T06:10:26.597367+00:00,120.2,12,bid,Xuanyu Liu,WavyWalnuts,13187911
2026-07-09T06:10:26.907710,2026-07-09T06:10:26.915501+00:00,120.2,13,bid,YieldingYams,WavyWalnuts,13187912
2026-07-09T06:10:27.425868,2026-07-09T06:10:27.437433+00:00,120.3,200,ask,YieldingYams,WavyWalnuts,13187919
2026-07-09T06:10:28.226069,2026-07-09T06:10:28.235693+00:00,120.3,500,ask,AverageAlmonds,YieldingYams,13187944
2026-07-09T06:10:28.380809,2026-07-09T06:10:28.391226+00:00,120.3,125,bid,AverageAlmonds,YieldingYams,13187945
2026-07-09T06:10:28.640169,2026-07-09T06:10:28.658623+00:00,120.4,200,ask,AverageAlmonds,WavyWalnuts,13187948
2026-07-09T06:10:29.849598,2026-07-09T06:10:29.858759+00:00,120.5,200,ask,YieldingYams,WavyWalnuts,13187972
2026-07-09T06:10:31.057682,2026-07-09T06:10:31.065809+00:00,120.5,200,ask,YieldingYams,WavyWalnuts,13187994
2026-07-09T06:10:32.465312,2026-07-09T06:10:32.477497+00:00,120.6,20,bid,BrilliantBurritos,YieldingYams,13188017
2026-07-09T06:10:32.919304,2026-07-09T06:10:32.924182+00:00,120.6,14,bid,Xuanyu Liu,YieldingYams,13188031
2026-07-09T06:10:36.859752,2026-07-09T06:10:36.869858+00:00,120.6,200,ask,WavyWalnuts,AverageAlmonds,13188082
2026-07-09T06:10:39.302549,2026-07-09T06:10:39.306724+00:00,120.3,14,ask,WavyWalnuts,Xuanyu Liu,13188110
2026-07-09T06:10:40.758168,2026-07-09T06:10:40.769087+00:00,120.4,200,bid,WavyWalnuts,YieldingYams,13188134
2026-07-09T06:10:41.987999,2026-07-09T06:10:41.991980+00:00,120.4,12,ask,WavyWalnuts,Xuanyu Liu,13188150
2026-07-09T06:10:45.281362,2026-07-09T06:10:45.289519+00:00,120.3,200,ask,WavyWalnuts,YieldingYams,13188195
2026-07-09T06:10:45.281362,2026-07-09T06:10:45.294881+00:00,120.1,425,ask,AverageAlmonds,YieldingYams,13188196
2026-07-09T06:10:46.593669,2026-07-09T06:10:46.603321+00:00,120.3,200,bid,YieldingYams,WavyWalnuts,13188208
2026-07-09T06:10:46.807891,2026-07-09T06:10:46.818905+00:00,120.3,200,ask,YieldingYams,WavyWalnuts,13188211
2026-07-09T06:10:48.017723,2026-07-09T06:10:48.025465+00:00,120.4,200,bid,WavyWalnuts,YieldingYams,13188229
2026-07-09T06:10:51.845572,2026-07-09T06:10:51.855283+00:00,120.4,200,ask,WavyWalnuts,YieldingYams,13188278
2026-07-09T06:10:51.911951,2026-07-09T06:10:51.916107+00:00,120.3,23,bid,Xuanyu Liu,YieldingYams,13188282
2026-07-09T06:10:52.876692,2026-07-09T06:10:52.884993+00:00,120.3,200,bid,WavyWalnuts,YieldingYams,13188303
2026-07-09T06:10:54.478849,2026-07-09T06:10:54.489957+00:00,120.4,200,ask,WavyWalnuts,YieldingYams,13188333
2026-07-09T06:10:55.020366,2026-07-09T06:10:55.031166+00:00,120.3,425,bid,AverageAlmonds,YieldingYams,13188339
2026-07-09T06:10:55.121779,2026-07-09T06:10:55.126148+00:00,120.3,23,ask,AverageAlmonds,Xuanyu Liu,13188341
2026-07-09T06:10:55.787666,2026-07-09T06:10:55.795348+00:00,120.4,200,bid,YieldingYams,WavyWalnuts,13188351
2026-07-09T06:10:55.808566,2026-07-09T06:10:55.813200+00:00,120.4,11,ask,YieldingYams,Xuanyu Liu,13188353
2026-07-09T06:10:57.952627,2026-07-09T06:10:57.960070+00:00,120.5,20,bid,BrilliantBurritos,YieldingYams,13188381
2026-07-09T06:10:58.232632,2026-07-09T06:10:58.237063+00:00,120.5,23,bid,Xuanyu Liu,YieldingYams,13188391
2026-07-09T06:10:59.792747,2026-07-09T06:10:59.804724+00:00,120.4,20,ask,WavyWalnuts,BrilliantBurritos,13188407
2026-07-09T06:11:00.181736,2026-07-09T06:11:00.194075+00:00,120.5,200,bid,WavyWalnuts,YieldingYams,13188408
2026-07-09T06:11:01.734718,2026-07-09T06:11:01.747131+00:00,120.3,20,ask,YieldingYams,BrilliantBurritos,13188425
2026-07-09T06:11:02.618440,2026-07-09T06:11:02.628231+00:00,120.3,200,ask,YieldingYams,WavyWalnuts,13188439
2026-07-09T06:11:03.703588,2026-07-09T06:11:03.708249+00:00,120.2,14,bid,Xuanyu Liu,YieldingYams,13188456
2026-07-09T06:11:04.086336,2026-07-09T06:11:04.098074+00:00,120.2,500,bid,AverageAlmonds,YieldingYams,13188459
2026-07-09T06:11:04.689840,2026-07-09T06:11:04.700018+00:00,120.1,20,ask,WavyWalnuts,BrilliantBurritos,13188467
2026-07-09T06:11:06.313074,2026-07-09T06:11:06.324629+00:00,120.3,200,ask,WavyWalnuts,YieldingYams,13188482
2026-07-09T06:11:08.085963,2026-07-09T06:11:08.097978+00:00,120.2,20,ask,WavyWalnuts,BrilliantBurritos,13188501
2026-07-09T06:11:10.283533,2026-07-09T06:11:10.293487+00:00,120.3,200,ask,WavyWalnuts,YieldingYams,13188543
2026-07-09T06:11:11.597036,2026-07-09T06:11:11.605211+00:00,120.0,200,ask,WavyWalnuts,YieldingYams,13188563
2026-07-09T06:11:11.597036,2026-07-09T06:11:11.605211+00:00,120.0,425,ask,AverageAlmonds,YieldingYams,13188564
2026-07-09T06:11:12.922302,2026-07-09T06:11:12.929721+00:00,120.1,200,bid,YieldingYams,WavyWalnuts,13188584
2026-07-09T06:11:13.515985,2026-07-09T06:11:13.527529+00:00,120.2,200,ask,YieldingYams,WavyWalnuts,13188591
2026-07-09T06:11:14.727735,2026-07-09T06:11:14.735648+00:00,120.2,200,bid,WavyWalnuts,YieldingYams,13188612
2026-07-09T06:11:15.939936,2026-07-09T06:11:15.951177+00:00,120.2,200,bid,WavyWalnuts,YieldingYams,13188635
2026-07-09T06:11:17.984389,2026-07-09T06:11:17.996472+00:00,120.0,20,ask,YieldingYams,BrilliantBurritos,13188671
2026-07-09T06:11:22.011924,2026-07-09T06:11:22.019964+00:00,120.1,200,ask,AverageAlmonds,WavyWalnuts,13188730
2026-07-09T06:11:23.436043,2026-07-09T06:11:23.444521+00:00,120.1,200,ask,WavyWalnuts,YieldingYams,13188747
2026-07-09T06:11:24.691600,2026-07-09T06:11:24.702013+00:00,120.0,200,bid,AverageAlmonds,WavyWalnuts,13188759
2026-07-09T06:11:28.067061,2026-07-09T06:11:28.076395+00:00,120.3,200,bid,WavyWalnuts,YieldingYams,13188795
2026-07-09T06:11:31.815422,2026-07-09T06:11:31.827501+00:00,120.3,20,ask,WavyWalnuts,BrilliantBurritos,13188838
2026-07-09T06:11:32.926498,2026-07-09T06:11:32.934376+00:00,120.4,200,bid,WavyWalnuts,YieldingYams,13188851
2026-07-09T06:11:34.135644,2026-07-09T06:11:34.145190+00:00,120.3,200,bid,WavyWalnuts,YieldingYams,13188871
2026-07-09T06:11:36.578582,2026-07-09T06:11:36.589998+00:00,120.3,200,ask,WavyWalnuts,YieldingYams,13188912
2026-07-09T06:11:37.787384,2026-07-09T06:11:37.799192+00:00,120.1,20,ask,YieldingYams,BrilliantBurritos,13188928
2026-07-09T06:11:37.794877,2026-07-09T06:11:37.804431+00:00,120.3,200,bid,WavyWalnuts,YieldingYams,13188929
2026-07-09T06:11:37.890538,2026-07-09T06:11:37.900696+00:00,120.4,500,bid,YieldingYams,AverageAlmonds,13188930
2026-07-09T06:11:38.008569,2026-07-09T06:11:38.020245+00:00,120.4,125,ask,YieldingYams,AverageAlmonds,13188934
2026-07-09T06:11:40.254381,2026-07-09T06:11:40.255536+00:00,120.3,200,bid,WavyWalnuts,AverageAlmonds,13188974
2026-07-09T06:11:41.473078,2026-07-09T06:11:41.482779+00:00,120.4,200,bid,WavyWalnuts,AverageAlmonds,13188990
2026-07-09T06:11:41.858425,2026-07-09T06:11:41.870109+00:00,120.4,500,bid,YieldingYams,AverageAlmonds,13188996
2026-07-09T06:11:41.905360,2026-07-09T06:11:41.917087+00:00,120.4,20,ask,YieldingYams,BrilliantBurritos,13188997
2026-07-09T06:11:42.262474,2026-07-09T06:11:42.271558+00:00,120.4,105,ask,YieldingYams,AverageAlmonds,13189001
2026-07-09T06:11:43.297258,2026-07-09T06:11:43.301443+00:00,120.4,3,bid,Xuanyu Liu,AverageAlmonds,13189028
2026-07-09T06:11:43.353327,2026-07-09T06:11:43.364797+00:00,120.4,20,bid,Heero Sipayung,AverageAlmonds,13189032
2026-07-09T06:11:43.375593,2026-07-09T06:11:43.386282+00:00,120.4,20,bid,Heero Sipayung,AverageAlmonds,13189034
2026-07-09T06:11:43.398450,2026-07-09T06:11:43.405786+00:00,120.4,20,bid,Heero Sipayung,AverageAlmonds,13189036
2026-07-09T06:11:43.440875,2026-07-09T06:11:43.448007+00:00,120.4,20,bid,Heero Sipayung,AverageAlmonds,13189039
2026-07-09T06:11:43.480226,2026-07-09T06:11:43.490551+00:00,120.3,200,ask,WavyWalnuts,AverageAlmonds,13189041
2026-07-09T06:11:43.501076,2026-07-09T06:11:43.505902+00:00,120.3,11,bid,Xuanyu Liu,AverageAlmonds,13189043
2026-07-09T06:11:44.081801,2026-07-09T06:11:44.090746+00:00,120.2,200,ask,WavyWalnuts,AverageAlmonds,13189054
2026-07-09T06:11:44.497899,2026-07-09T06:11:44.505997+00:00,120.1,20,ask,YieldingYams,BrilliantBurritos,13189061
2026-07-09T06:11:44.683718,2026-07-09T06:11:44.693663+00:00,120.1,500,ask,YieldingYams,AverageAlmonds,13189064
2026-07-09T06:11:45.276092,2026-07-09T06:11:45.286145+00:00,120.1,105,ask,YieldingYams,AverageAlmonds,13189071
2026-07-09T06:11:45.344526,2026-07-09T06:11:45.363640+00:00,120.1,20,bid,Heero Sipayung,AverageAlmonds,13189075
2026-07-09T06:11:45.371314,2026-07-09T06:11:45.379527+00:00,120.1,20,bid,Heero Sipayung,AverageAlmonds,13189077
2026-07-09T06:11:45.394657,2026-07-09T06:11:45.405423+00:00,120.1,20,bid,Heero Sipayung,AverageAlmonds,13189079
2026-07-09T06:11:45.434397,2026-07-09T06:11:45.442983+00:00,120.1,20,bid,Heero Sipayung,AverageAlmonds,13189082
2026-07-09T06:11:45.469379,2026-07-09T06:11:45.479146+00:00,120.1,20,bid,Heero Sipayung,AverageAlmonds,13189085
2026-07-09T06:11:45.737170,2026-07-09T06:11:45.747243+00:00,120.0,3,ask,WavyWalnuts,Heero Sipayung,13189097
2026-07-09T06:11:45.797241,2026-07-09T06:11:45.801707+00:00,120.0,11,ask,WavyWalnuts,Xuanyu Liu,13189099
2026-07-09T06:11:47.522640,2026-07-09T06:11:47.534481+00:00,120.1,200,bid,WavyWalnuts,AverageAlmonds,13189120
2026-07-09T06:11:48.438303,2026-07-09T06:11:48.446985+00:00,120.1,500,bid,YieldingYams,AverageAlmonds,13189130
2026-07-09T06:11:48.456110,2026-07-09T06:11:48.460078+00:00,120.1,3,ask,YieldingYams,Xuanyu Liu,13189132
2026-07-09T06:11:48.783391,2026-07-09T06:11:48.795554+00:00,120.2,20,ask,WavyWalnuts,Heero Sipayung,13189134
2026-07-09T06:11:48.847162,2026-07-09T06:11:48.863760+00:00,120.2,20,ask,WavyWalnuts,Heero Sipayung,13189136
2026-07-09T06:11:48.869040,2026-07-09T06:11:48.880682+00:00,120.3,20,bid,Heero Sipayung,YieldingYams,13189137
2026-07-09T06:11:48.925583,2026-07-09T06:11:48.932564+00:00,120.2,160,ask,WavyWalnuts,AverageAlmonds,13189139
2026-07-09T06:11:48.925583,2026-07-09T06:11:48.937850+00:00,120.1,122,ask,YieldingYams,AverageAlmonds,13189140
2026-07-09T06:11:49.561414,2026-07-09T06:11:49.566161+00:00,119.9,3,bid,Heero Sipayung,AverageAlmonds,13189152
2026-07-09T06:11:49.578424,2026-07-09T06:11:49.586695+00:00,119.9,20,bid,Heero Sipayung,AverageAlmonds,13189154
2026-07-09T06:11:49.605466,2026-07-09T06:11:49.613091+00:00,119.9,3,bid,Xuanyu Liu,AverageAlmonds,13189156
2026-07-09T06:11:49.747621,2026-07-09T06:11:49.772479+00:00,119.9,474,bid,YieldingYams,AverageAlmonds,13189162
2026-07-09T06:11:49.768401,2026-07-09T06:11:49.772479+00:00,119.9,3,ask,YieldingYams,Xuanyu Liu,13189165
2026-07-09T06:11:49.780003,2026-07-09T06:11:49.788138+00:00,119.9,20,ask,YieldingYams,Heero Sipayung,13189168
2026-07-09T06:11:49.811903,2026-07-09T06:11:49.823958+00:00,119.9,20,ask,YieldingYams,Heero Sipayung,13189170
2026-07-09T06:11:49.855529,2026-07-09T06:11:49.865837+00:00,120.1,17,bid,Heero Sipayung,YieldingYams,13189173
2026-07-09T06:11:49.943954,2026-07-09T06:11:49.954327+00:00,120.1,200,bid,WavyWalnuts,YieldingYams,13189176
2026-07-09T06:11:50.128284,2026-07-09T06:11:50.138936+00:00,119.9,108,ask,YieldingYams,AverageAlmonds,13189180
2026-07-09T06:11:51.153686,2026-07-09T06:11:51.158618+00:00,119.8,200,bid,WavyWalnuts,YieldingYams,13189201
2026-07-09T06:11:52.150499,2026-07-09T06:11:52.158568+00:00,119.6,20,ask,YieldingYams,Heero Sipayung,13189221
2026-07-09T06:11:52.173298,2026-07-09T06:11:52.185052+00:00,119.6,20,ask,YieldingYams,Heero Sipayung,13189223
2026-07-09T06:11:52.208265,2026-07-09T06:11:52.220105+00:00,119.6,20,ask,YieldingYams,Heero Sipayung,13189226
2026-07-09T06:11:52.233907,2026-07-09T06:11:52.242160+00:00,119.6,20,ask,YieldingYams,Heero Sipayung,13189228
2026-07-09T06:11:52.267966,2026-07-09T06:11:52.274577+00:00,119.6,20,ask,YieldingYams,Heero Sipayung,13189232
2026-07-09T06:11:52.298102,2026-07-09T06:11:52.310032+00:00,119.6,20,ask,YieldingYams,Heero Sipayung,13189234
2026-07-09T06:11:52.372777,2026-07-09T06:11:52.383211+00:00,119.8,200,bid,WavyWalnuts,YieldingYams,13189238
2026-07-09T06:11:52.837307,2026-07-09T06:11:52.847461+00:00,120.1,15,bid,Heero Sipayung,WavyWalnuts,13189244
2026-07-09T06:11:53.586191,2026-07-09T06:11:53.593866+00:00,119.8,200,ask,YieldingYams,WavyWalnuts,13189258
2026-07-09T06:11:57.213309,2026-07-09T06:11:57.225016+00:00,119.8,200,bid,WavyWalnuts,YieldingYams,13189315
2026-07-09T06:11:57.656171,2026-07-09T06:11:57.658635+00:00,119.8,20,ask,YieldingYams,Heero Sipayung,13189327
2026-07-09T06:11:57.678864,2026-07-09T06:11:57.690761+00:00,119.8,20,ask,YieldingYams,Heero Sipayung,13189329
2026-07-09T06:11:57.701510,2026-07-09T06:11:57.713522+00:00,119.8,20,ask,YieldingYams,Heero Sipayung,13189331
2026-07-09T06:11:57.723836,2026-07-09T06:11:57.735863+00:00,119.8,12,ask,YieldingYams,Heero Sipayung,13189333
2026-07-09T06:11:57.742346,2026-07-09T06:11:57.758557+00:00,120.0,12,bid,Heero Sipayung,YieldingYams,13189334
2026-07-09T06:11:58.468580,2026-07-09T06:11:58.480699+00:00,119.8,12,ask,YieldingYams,Heero Sipayung,13189341
2026-07-09T06:11:58.789871,2026-07-09T06:11:58.801778+00:00,119.8,20,ask,YieldingYams,BrilliantBurritos,13189349
2026-07-09T06:12:01.575606,2026-07-09T06:12:01.584213+00:00,119.8,200,ask,WavyWalnuts,YieldingYams,13189391
2026-07-09T06:12:01.575606,2026-07-09T06:12:01.589717+00:00,119.8,425,ask,AverageAlmonds,YieldingYams,13189392
2026-07-09T06:12:04.815531,2026-07-09T06:12:04.819774+00:00,119.8,3,ask,YieldingYams,Xuanyu Liu,13189434
2026-07-09T06:12:05.712183,2026-07-09T06:12:05.716406+00:00,119.9,11,ask,WavyWalnuts,Xuanyu Liu,13189446
2026-07-09T06:12:07.625237,2026-07-09T06:12:07.637191+00:00,120.1,20,bid,BrilliantBurritos,YieldingYams,13189465
2026-07-09T06:12:09.320772,2026-07-09T06:12:09.328634+00:00,120.0,200,bid,WavyWalnuts,YieldingYams,13189487
2026-07-09T06:12:11.614689,2026-07-09T06:12:11.623645+00:00,120.0,20,ask,WavyWalnuts,BrilliantBurritos,13189513
2026-07-09T06:12:13.395386,2026-07-09T06:12:13.402748+00:00,120.0,200,bid,YieldingYams,WavyWalnuts,13189539
2026-07-09T06:12:16.127553,2026-07-09T06:12:16.135455+00:00,120.0,20,ask,YieldingYams,BrilliantBurritos,13189573
2026-07-09T06:12:17.342931,2026-07-09T06:12:17.358576+00:00,120.0,200,ask,WavyWalnuts,YieldingYams,13189593
2026-07-09T06:12:17.897593,2026-07-09T06:12:17.907376+00:00,119.9,20,ask,WavyWalnuts,BrilliantBurritos,13189600
2026-07-09T06:12:19.966514,2026-07-09T06:12:19.989333+00:00,120.0,200,bid,YieldingYams,WavyWalnuts,13189626
2026-07-09T06:12:19.977003,2026-07-09T06:12:19.989333+00:00,120.2,20,bid,BrilliantBurritos,YieldingYams,13189627
2026-07-09T06:12:19.985357,2026-07-09T06:12:19.989333+00:00,120.0,12,ask,YieldingYams,Xuanyu Liu,13189629
2026-07-09T06:12:22.599380,2026-07-09T06:12:22.609551+00:00,120.1,200,ask,WavyWalnuts,YieldingYams,13189652
2026-07-09T06:12:22.631687,2026-07-09T06:12:22.641279+00:00,120.0,200,bid,WavyWalnuts,YieldingYams,13189654
2026-07-09T06:12:23.668532,2026-07-09T06:12:23.680444+00:00,120.0,20,bid,BrilliantBurritos,YieldingYams,13189671
2026-07-09T06:12:23.911799,2026-07-09T06:12:23.934861+00:00,120.1,200,bid,YieldingYams,WavyWalnuts,13189677
2026-07-09T06:12:23.930686,2026-07-09T06:12:23.934861+00:00,120.1,11,ask,YieldingYams,Xuanyu Liu,13189680
2026-07-09T06:12:25.068892,2026-07-09T06:12:25.073523+00:00,120.2,12,ask,WavyWalnuts,Xuanyu Liu,13189698
2026-07-09T06:12:25.228487,2026-07-09T06:12:25.237437+00:00,120.2,188,ask,WavyWalnuts,YieldingYams,13189703
2026-07-09T06:12:27.929059,2026-07-09T06:12:27.941078+00:00,120.2,20,bid,BrilliantBurritos,YieldingYams,13189742
2026-07-09T06:12:29.698588,2026-07-09T06:12:29.710711+00:00,120.1,20,ask,WavyWalnuts,BrilliantBurritos,13189767
2026-07-09T06:12:30.165649,2026-07-09T06:12:30.170735+00:00,120.1,11,ask,WavyWalnuts,Xuanyu Liu,13189781
2026-07-09T06:12:38.413801,2026-07-09T06:12:38.420441+00:00,120.0,200,bid,YieldingYams,WavyWalnuts,13189883
2026-07-09T06:12:39.733807,2026-07-09T06:12:39.743837+00:00,120.0,200,ask,WavyWalnuts,YieldingYams,13189903
2026-07-09T06:12:40.631365,2026-07-09T06:12:40.641950+00:00,120.0,20,bid,BrilliantBurritos,YieldingYams,13189912
2026-07-09T06:12:43.674653,2026-07-09T06:12:43.684848+00:00,120.1,200,bid,YieldingYams,WavyWalnuts,13189960
2026-07-09T06:12:46.309970,2026-07-09T06:12:46.317179+00:00,120.1,200,ask,WavyWalnuts,YieldingYams,13190018
2026-07-09T06:12:46.589164,2026-07-09T06:12:46.593485+00:00,120.1,11,bid,Xuanyu Liu,YieldingYams,13190028
2026-07-09T06:12:46.841464,2026-07-09T06:12:46.850423+00:00,120.1,200,bid,WavyWalnuts,YieldingYams,13190029
2026-07-09T06:12:48.054018,2026-07-09T06:12:48.055433+00:00,120.2,200,ask,YieldingYams,WavyWalnuts,13190046
2026-07-09T06:12:49.099306,2026-07-09T06:12:49.103810+00:00,120.2,12,bid,Xuanyu Liu,YieldingYams,13190059
2026-07-09T06:12:52.884151,2026-07-09T06:12:52.907191+00:00,120.1,200,ask,WavyWalnuts,YieldingYams,13190114
2026-07-09T06:12:52.893235,2026-07-09T06:12:52.907191+00:00,120.0,200,bid,WavyWalnuts,YieldingYams,13190115
2026-07-09T06:12:52.902992,2026-07-09T06:12:52.907191+00:00,120.0,23,bid,Xuanyu Liu,YieldingYams,13190117
2026-07-09T06:12:52.913095,2026-07-09T06:12:52.917254+00:00,120.0,14,bid,Xuanyu Liu,YieldingYams,13190119
2026-07-09T06:12:54.108165,2026-07-09T06:12:54.115710+00:00,120.0,188,bid,WavyWalnuts,YieldingYams,13190140
2026-07-09T06:12:54.197494,2026-07-09T06:12:54.206158+00:00,120.3,12,ask,WavyWalnuts,YieldingYams,13190141
2026-07-09T06:12:56.823343,2026-07-09T06:12:56.834256+00:00,120.3,200,ask,WavyWalnuts,YieldingYams,13190188
2026-07-09T06:12:57.741979,2026-07-09T06:12:57.751833+00:00,120.2,200,bid,WavyWalnuts,YieldingYams,13190197
2026-07-09T06:13:02.594242,2026-07-09T06:13:02.604277+00:00,120.3,200,ask,YieldingYams,WavyWalnuts,13190253
2026-07-09T06:13:07.170439,2026-07-09T06:13:07.182333+00:00,120.2,20,ask,YieldingYams,BrilliantBurritos,13190327
2026-07-09T06:13:08.082673,2026-07-09T06:13:08.086949+00:00,120.3,14,bid,Xuanyu Liu,YieldingYams,13190342
2026-07-09T06:13:08.144003,2026-07-09T06:13:08.155798+00:00,120.3,20,bid,Heero Sipayung,YieldingYams,13190344
2026-07-09T06:13:08.172166,2026-07-09T06:13:08.179830+00:00,120.3,20,bid,Heero Sipayung,YieldingYams,13190346
2026-07-09T06:13:08.209585,2026-07-09T06:13:08.220079+00:00,120.3,20,bid,Heero Sipayung,YieldingYams,13190348
2026-07-09T06:13:08.231566,2026-07-09T06:13:08.238459+00:00,120.3,20,bid,Heero Sipayung,YieldingYams,13190350
2026-07-09T06:13:08.294815,2026-07-09T06:13:08.305518+00:00,120.3,20,bid,Heero Sipayung,YieldingYams,13190354
2026-07-09T06:13:08.372329,2026-07-09T06:13:08.383048+00:00,120.3,20,bid,Heero Sipayung,YieldingYams,13190357
2026-07-09T06:13:08.404391,2026-07-09T06:13:08.415978+00:00,120.3,20,bid,Heero Sipayung,YieldingYams,13190362
2026-07-09T06:13:08.423825,2026-07-09T06:13:08.431581+00:00,120.2,4,ask,WavyWalnuts,Heero Sipayung,13190364
2026-07-09T06:13:08.645321,2026-07-09T06:13:08.653308+00:00,120.3,200,bid,WavyWalnuts,YieldingYams,13190368
2026-07-09T06:13:09.859064,2026-07-09T06:13:09.869412+00:00,120.3,200,ask,YieldingYams,WavyWalnuts,13190392
2026-07-09T06:13:11.298169,2026-07-09T06:13:11.311665+00:00,120.4,20,bid,BrilliantBurritos,YieldingYams,13190413
2026-07-09T06:13:11.326167,2026-07-09T06:13:11.337716+00:00,120.3,200,ask,WavyWalnuts,YieldingYams,13190414
2026-07-09T06:13:12.276995,2026-07-09T06:13:12.287831+00:00,120.3,200,bid,WavyWalnuts,YieldingYams,13190428
2026-07-09T06:13:12.654074,2026-07-09T06:13:12.658341+00:00,120.3,14,ask,YieldingYams,Xuanyu Liu,13190439
2026-07-09T06:13:13.488768,2026-07-09T06:13:13.500399+00:00,120.3,200,ask,YieldingYams,WavyWalnuts,13190445
2026-07-09T06:13:14.704781,2026-07-09T06:13:14.712874+00:00,120.3,20,ask,WavyWalnuts,Heero Sipayung,13190468
2026-07-09T06:13:14.762926,2026-07-09T06:13:14.774913+00:00,120.3,20,ask,WavyWalnuts,Heero Sipayung,13190470
2026-07-09T06:13:14.800223,2026-07-09T06:13:14.811921+00:00,120.3,20,ask,WavyWalnuts,Heero Sipayung,13190472
2026-07-09T06:13:14.842829,2026-07-09T06:13:14.850010+00:00,120.3,20,ask,WavyWalnuts,Heero Sipayung,13190474
2026-07-09T06:13:14.869170,2026-07-09T06:13:14.881248+00:00,120.3,20,ask,WavyWalnuts,Heero Sipayung,13190476
2026-07-09T06:13:14.912477,2026-07-09T06:13:14.924711+00:00,120.3,20,ask,,,13190478
2026-07-09T06:13:14.966613,2026-07-09T06:13:14.976642+00:00,120.3,16,ask,WavyWalnuts,Heero Sipayung,13190480
2026-07-09T06:13:18.328237,2026-07-09T06:13:18.334889+00:00,120.4,200,ask,YieldingYams,WavyWalnuts,13190529
2026-07-09T06:13:23.171908,2026-07-09T06:13:23.181238+00:00,120.4,200,bid,YieldingYams,WavyWalnuts,13190591
2026-07-09T06:13:23.183717,2026-07-09T06:13:23.191663+00:00,120.4,200,ask,YieldingYams,WavyWalnuts,13190592
2026-07-09T06:13:24.395189,2026-07-09T06:13:24.405691+00:00,120.4,200,ask,YieldingYams,WavyWalnuts,13190609
2026-07-09T06:13:25.805566,2026-07-09T06:13:25.812855+00:00,120.4,200,bid,YieldingYams,WavyWalnuts,13190627
2026-07-09T06:13:29.237504,2026-07-09T06:13:29.244430+00:00,120.6,200,bid,WavyWalnuts,YieldingYams,13190664
2026-07-09T06:13:30.944347,2026-07-09T06:13:30.948795+00:00,120.4,3,ask,YieldingYams,Xuanyu Liu,13190689
2026-07-09T06:13:31.075164,2026-07-09T06:13:31.079376+00:00,120.5,11,ask,YieldingYams,Xuanyu Liu,13190692
2026-07-09T06:13:34.097883,2026-07-09T06:13:34.102298+00:00,120.5,12,ask,WavyWalnuts,Xuanyu Liu,13190744
2026-07-09T06:13:34.877675,2026-07-09T06:13:34.885370+00:00,120.6,20,bid,BrilliantBurritos,YieldingYams,13190755
2026-07-09T06:13:36.325078,2026-07-09T06:13:36.329378+00:00,120.6,11,ask,YieldingYams,Xuanyu Liu,13190776
2026-07-09T06:13:36.527057,2026-07-09T06:13:36.531217+00:00,120.7,12,ask,WavyWalnuts,Xuanyu Liu,13190778
2026-07-09T06:13:38.014494,2026-07-09T06:13:38.025977+00:00,120.6,20,ask,YieldingYams,BrilliantBurritos,13190799
2026-07-09T06:13:38.940911,2026-07-09T06:13:38.950346+00:00,120.7,200,ask,WavyWalnuts,YieldingYams,13190819
2026-07-09T06:13:38.958025,2026-07-09T06:13:38.962299+00:00,120.7,12,bid,Xuanyu Liu,YieldingYams,13190821
2026-07-09T06:13:42.894878,2026-07-09T06:13:42.902736+00:00,120.6,200,bid,YieldingYams,WavyWalnuts,13190868
2026-07-09T06:13:44.214354,2026-07-09T06:13:44.225879+00:00,120.6,200,ask,WavyWalnuts,YieldingYams,13190882
2026-07-09T06:13:44.498276,2026-07-09T06:13:44.510372+00:00,120.4,20,ask,YieldingYams,BrilliantBurritos,13190890
2026-07-09T06:13:49.826057,2026-07-09T06:13:49.835969+00:00,120.5,200,ask,YieldingYams,WavyWalnuts,13190963
2026-07-09T06:13:50.821906,2026-07-09T06:13:50.826513+00:00,120.4,11,bid,Xuanyu Liu,YieldingYams,13190976
2026-07-09T06:13:51.033414,2026-07-09T06:13:51.042735+00:00,120.4,200,bid,WavyWalnuts,YieldingYams,13190978
2026-07-09T06:13:51.425252,2026-07-09T06:13:51.437582+00:00,120.4,20,bid,BrilliantBurritos,YieldingYams,13190985
2026-07-09T06:13:52.517790,2026-07-09T06:13:52.522658+00:00,120.4,12,bid,Xuanyu Liu,YieldingYams,13191004
2026-07-09T06:13:56.064415,2026-07-09T06:13:56.074315+00:00,120.3,500,ask,AverageAlmonds,YieldingYams,13191058
2026-07-09T06:13:56.064415,2026-07-09T06:13:56.074315+00:00,120.2,125,ask,WavyWalnuts,YieldingYams,13191059
2026-07-09T06:13:56.111428,2026-07-09T06:13:56.120119+00:00,120.4,200,bid,AverageAlmonds,WavyWalnuts,13191060
2026-07-09T06:13:57.089278,2026-07-09T06:13:57.099841+00:00,120.3,200,ask,AverageAlmonds,WavyWalnuts,13191073
2026-07-09T06:13:57.394995,2026-07-09T06:13:57.400318+00:00,120.7,11,bid,Xuanyu Liu,YieldingYams,13191077
2026-07-09T06:13:58.299156,2026-07-09T06:13:58.310443+00:00,120.5,200,ask,YieldingYams,WavyWalnuts,13191083
2026-07-09T06:13:58.764755,2026-07-09T06:13:58.785427+00:00,120.4,20,ask,AverageAlmonds,BrilliantBurritos,13191094
2026-07-09T06:14:00.718668,2026-07-09T06:14:00.728402+00:00,120.5,200,ask,YieldingYams,WavyWalnuts,13191118
2026-07-09T06:14:01.928408,2026-07-09T06:14:01.937672+00:00,120.5,200,ask,YieldingYams,WavyWalnuts,13191131
2026-07-09T06:14:02.648303,2026-07-09T06:14:02.652738+00:00,120.6,4,ask,YieldingYams,Xuanyu Liu,13191138
2026-07-09T06:14:03.141559,2026-07-09T06:14:03.148479+00:00,120.6,200,ask,YieldingYams,WavyWalnuts,13191152
2026-07-09T06:14:04.353613,2026-07-09T06:14:04.358536+00:00,120.4,200,ask,YieldingYams,WavyWalnuts,13191158
2026-07-09T06:14:11.505359,2026-07-09T06:14:11.509454+00:00,120.4,7,bid,Xuanyu Liu,YieldingYams,13191258
2026-07-09T06:14:17.119569,2026-07-09T06:14:17.129183+00:00,120.3,200,ask,WavyWalnuts,YieldingYams,13191333
2026-07-09T06:14:18.168743,2026-07-09T06:14:18.180483+00:00,120.1,20,ask,YieldingYams,BrilliantBurritos,13191351
2026-07-09T06:14:18.430827,2026-07-09T06:14:18.438789+00:00,120.3,200,bid,YieldingYams,WavyWalnuts,13191353
2026-07-09T06:14:21.308612,2026-07-09T06:14:21.315400+00:00,120.4,200,bid,WavyWalnuts,YieldingYams,13191400
2026-07-09T06:14:22.518850,2026-07-09T06:14:22.527730+00:00,120.4,200,bid,WavyWalnuts,YieldingYams,13191413
2026-07-09T06:14:26.350944,2026-07-09T06:14:26.358596+00:00,120.3,200,ask,WavyWalnuts,YieldingYams,13191477
2026-07-09T06:14:29.800104,2026-07-09T06:14:29.810703+00:00,120.2,200,ask,YieldingYams,WavyWalnuts,13191533
2026-07-09T06:14:31.381815,2026-07-09T06:14:31.394499+00:00,120.1,20,ask,YieldingYams,BrilliantBurritos,13191578
2026-07-09T06:14:32.914821,2026-07-09T06:14:32.923706+00:00,120.2,200,bid,YieldingYams,WavyWalnuts,13191602
2026-07-09T06:14:32.914821,2026-07-09T06:14:32.923706+00:00,120.3,425,bid,YieldingYams,AverageAlmonds,13191603
2026-07-09T06:14:33.455249,2026-07-09T06:14:33.464331+00:00,120.2,200,bid,WavyWalnuts,AverageAlmonds,13191610
2026-07-09T06:14:39.506902,2026-07-09T06:14:39.515639+00:00,120.0,200,bid,WavyWalnuts,YieldingYams,13191684
2026-07-09T06:14:41.926400,2026-07-09T06:14:41.933672+00:00,120.2,200,bid,WavyWalnuts,YieldingYams,13191714
2026-07-09T06:14:42.143378,2026-07-09T06:14:42.163282+00:00,120.1,10,ask,YieldingYams,Xuanyu Liu,13191719
2026-07-09T06:14:43.253422,2026-07-09T06:14:43.257639+00:00,120.3,10,bid,Xuanyu Liu,YieldingYams,13191741
2026-07-09T06:14:46.067595,2026-07-09T06:14:46.077424+00:00,120.3,500,bid,YieldingYams,AverageAlmonds,13191784
2026-07-09T06:14:48.192507,2026-07-09T06:14:48.200225+00:00,120.3,200,ask,WavyWalnuts,AverageAlmonds,13191811
2026-07-09T06:14:49.186825,2026-07-09T06:14:49.198584+00:00,120.2,200,bid,WavyWalnuts,YieldingYams,13191829
2026-07-09T06:14:50.072777,2026-07-09T06:14:50.077469+00:00,120.1,14,ask,YieldingYams,Xuanyu Liu,13191840
2026-07-09T06:14:53.041364,2026-07-09T06:14:53.053118+00:00,120.1,200,ask,WavyWalnuts,AverageAlmonds,13191878
2026-07-09T06:14:53.646124,2026-07-09T06:14:53.658587+00:00,120.0,500,ask,YieldingYams,AverageAlmonds,13191893
2026-07-09T06:14:54.236773,2026-07-09T06:14:54.246842+00:00,120.0,500,ask,YieldingYams,AverageAlmonds,13191904
2026-07-09T06:14:55.304771,2026-07-09T06:14:55.316577+00:00,119.9,200,ask,WavyWalnuts,YieldingYams,13191918
2026-07-09T06:14:55.428906,2026-07-09T06:14:55.436874+00:00,119.9,20,bid,BrilliantBurritos,YieldingYams,13191920
2026-07-09T06:14:55.902628,2026-07-09T06:14:55.907043+00:00,119.6,12,ask,YieldingYams,Xuanyu Liu,13191932
2026-07-09T06:14:56.449688,2026-07-09T06:14:56.458616+00:00,119.9,200,bid,WavyWalnuts,YieldingYams,13191940
2026-07-09T06:14:56.632231,2026-07-09T06:14:56.636483+00:00,119.9,34,ask,YieldingYams,Xuanyu Liu,13191944
2026-07-09T06:14:57.281026,2026-07-09T06:14:57.289757+00:00,119.9,500,ask,YieldingYams,AverageAlmonds,13191952
2026-07-09T06:14:57.924652,2026-07-09T06:14:57.936069+00:00,119.9,200,ask,WavyWalnuts,YieldingYams,13191970
2026-07-09T06:14:58.143564,2026-07-09T06:14:58.152915+00:00,119.8,20,bid,BrilliantBurritos,YieldingYams,13191972
2026-07-09T06:14:58.869014,2026-07-09T06:14:58.879376+00:00,119.8,200,bid,WavyWalnuts,YieldingYams,13191983
2026-07-09T06:14:59.068475,2026-07-09T06:14:59.072571+00:00,119.8,11,bid,Xuanyu Liu,YieldingYams,13191989
2026-07-09T06:14:59.235062,2026-07-09T06:14:59.241882+00:00,119.9,500,bid,YieldingYams,AverageAlmonds,13191991
2026-07-09T06:15:00.085423,2026-07-09T06:15:00.096125+00:00,119.9,125,ask,YieldingYams,WavyWalnuts,13192002
2026-07-09T06:15:02.511403,2026-07-09T06:15:02.522080+00:00,119.8,200,ask,YieldingYams,WavyWalnuts,13192046
2026-07-09T06:15:03.719839,2026-07-09T06:15:03.731410+00:00,119.8,200,bid,WavyWalnuts,AverageAlmonds,13192058
2026-07-09T06:15:04.931082,2026-07-09T06:15:04.939991+00:00,119.7,200,bid,WavyWalnuts,YieldingYams,13192076
2026-07-09T06:15:06.353987,2026-07-09T06:15:06.362166+00:00,119.7,200,ask,WavyWalnuts,AverageAlmonds,13192088
2026-07-09T06:15:08.561031,2026-07-09T06:15:08.569660+00:00,119.6,20,bid,BrilliantBurritos,YieldingYams,13192126
2026-07-09T06:15:08.565444,2026-07-09T06:15:08.574911+00:00,119.6,200,bid,WavyWalnuts,YieldingYams,13192127
2026-07-09T06:15:12.149248,2026-07-09T06:15:12.153768+00:00,119.7,12,bid,Xuanyu Liu,YieldingYams,13192174
2026-07-09T06:15:12.964338,2026-07-09T06:15:12.976319+00:00,119.7,20,bid,BrilliantBurritos,WavyWalnuts,13192188
2026-07-09T06:15:14.982811,2026-07-09T06:15:14.992943+00:00,119.7,200,bid,YieldingYams,WavyWalnuts,13192216
2026-07-09T06:15:15.837289,2026-07-09T06:15:15.848986+00:00,119.7,200,ask,YieldingYams,WavyWalnuts,13192229
2026-07-09T06:15:19.892018,2026-07-09T06:15:19.900983+00:00,119.7,20,bid,BrilliantBurritos,YieldingYams,13192288
2026-07-09T06:15:24.821564,2026-07-09T06:15:24.825901+00:00,119.7,23,bid,Xuanyu Liu,WavyWalnuts,13192350
2026-07-09T06:15:25.548958,2026-07-09T06:15:25.558576+00:00,119.6,200,ask,YieldingYams,WavyWalnuts,13192363
2026-07-09T06:15:30.412217,2026-07-09T06:15:30.424304+00:00,119.7,200,ask,YieldingYams,WavyWalnuts,13192438
2026-07-09T06:15:31.742024,2026-07-09T06:15:31.748954+00:00,119.6,20,bid,BrilliantBurritos,WavyWalnuts,13192462
2026-07-09T06:15:33.349831,2026-07-09T06:15:33.354630+00:00,119.5,5,bid,Xuanyu Liu,YieldingYams,13192482
2026-07-09T06:15:34.642596,2026-07-09T06:15:34.658583+00:00,119.3,200,ask,WavyWalnuts,YieldingYams,13192502
2026-07-09T06:15:35.256842,2026-07-09T06:15:35.258626+00:00,119.3,200,bid,WavyWalnuts,YieldingYams,13192508
2026-07-09T06:15:40.210964,2026-07-09T06:15:40.216162+00:00,119.6,9,bid,Xuanyu Liu,WavyWalnuts,13192578
2026-07-09T06:15:42.729563,2026-07-09T06:15:42.734729+00:00,119.5,3,bid,Xuanyu Liu,AverageAlmonds,13192614
2026-07-09T06:15:42.765522,2026-07-09T06:15:42.776184+00:00,119.5,20,bid,Heero Sipayung,AverageAlmonds,13192616
2026-07-09T06:15:42.788483,2026-07-09T06:15:42.797117+00:00,119.5,20,bid,Heero Sipayung,AverageAlmonds,13192618
2026-07-09T06:15:42.806837,2026-07-09T06:15:42.818570+00:00,119.4,2,ask,WavyWalnuts,Heero Sipayung,13192619
2026-07-09T06:15:43.368145,2026-07-09T06:15:43.372127+00:00,119.4,3,ask,WavyWalnuts,Xuanyu Liu,13192628
2026-07-09T06:15:45.190468,2026-07-09T06:15:45.198289+00:00,119.6,200,bid,YieldingYams,WavyWalnuts,13192652
2026-07-09T06:15:45.190468,2026-07-09T06:15:45.203572+00:00,119.6,425,bid,YieldingYams,AverageAlmonds,13192653
2026-07-09T06:15:46.177480,2026-07-09T06:15:46.184729+00:00,119.5,20,ask,WavyWalnuts,Heero Sipayung,13192664
2026-07-09T06:15:46.201282,2026-07-09T06:15:46.213584+00:00,119.5,18,ask,WavyWalnuts,Heero Sipayung,13192666
2026-07-09T06:15:46.506451,2026-07-09T06:15:46.515046+00:00,119.5,162,ask,WavyWalnuts,YieldingYams,13192673
2026-07-09T06:15:46.526647,2026-07-09T06:15:46.531024+00:00,119.4,3,bid,Xuanyu Liu,YieldingYams,13192675
2026-07-09T06:15:46.551290,2026-07-09T06:15:46.561864+00:00,119.4,20,bid,Heero Sipayung,YieldingYams,13192677
2026-07-09T06:15:46.578572,2026-07-09T06:15:46.587028+00:00,119.4,20,bid,Heero Sipayung,YieldingYams,13192680
2026-07-09T06:15:46.601765,2026-07-09T06:15:46.611733+00:00,119.4,20,bid,Heero Sipayung,YieldingYams,13192682
2026-07-09T06:15:46.642087,2026-07-09T06:15:46.658641+00:00,119.4,20,bid,Heero Sipayung,YieldingYams,13192684
2026-07-09T06:15:46.673321,2026-07-09T06:15:46.683876+00:00,119.4,20,bid,Heero Sipayung,YieldingYams,13192686
2026-07-09T06:15:46.695324,2026-07-09T06:15:46.706398+00:00,119.4,20,bid,Heero Sipayung,YieldingYams,13192688
2026-07-09T06:15:46.718819,2026-07-09T06:15:46.728017+00:00,119.4,20,bid,Heero Sipayung,YieldingYams,13192692
2026-07-09T06:15:46.750857,2026-07-09T06:15:46.761698+00:00,119.4,20,bid,Heero Sipayung,YieldingYams,13192694
2026-07-09T06:15:47.837528,2026-07-09T06:15:47.841881+00:00,119.4,3,ask,YieldingYams,Xuanyu Liu,13192711
2026-07-09T06:15:49.746050,2026-07-09T06:15:49.758589+00:00,119.4,20,ask,YieldingYams,Heero Sipayung,13192733
2026-07-09T06:15:49.770067,2026-07-09T06:15:49.782038+00:00,119.4,20,ask,YieldingYams,Heero Sipayung,13192735
2026-07-09T06:15:49.811307,2026-07-09T06:15:49.823565+00:00,119.4,20,ask,YieldingYams,Heero Sipayung,13192737
2026-07-09T06:15:49.870585,2026-07-09T06:15:49.882859+00:00,119.4,20,ask,YieldingYams,Heero Sipayung,13192739
2026-07-09T06:15:49.901605,2026-07-09T06:15:49.909101+00:00,119.4,20,ask,YieldingYams,Heero Sipayung,13192741
2026-07-09T06:15:49.939869,2026-07-09T06:15:49.952017+00:00,119.4,20,ask,YieldingYams,Heero Sipayung,13192743
2026-07-09T06:15:50.002858,2026-07-09T06:15:50.013259+00:00,119.4,20,ask,YieldingYams,Heero Sipayung,13192745
2026-07-09T06:15:50.078949,2026-07-09T06:15:50.087309+00:00,119.4,20,ask,YieldingYams,Heero Sipayung,13192749
2026-07-09T06:15:50.172490,2026-07-09T06:15:50.182556+00:00,119.5,10,bid,Heero Sipayung,WavyWalnuts,13192751
2026-07-09T06:15:53.059871,2026-07-09T06:15:53.069734+00:00,119.4,200,bid,YieldingYams,WavyWalnuts,13192797
2026-07-09T06:15:55.965855,2026-07-09T06:15:55.970654+00:00,119.5,3,bid,Xuanyu Liu,AverageAlmonds,13192839
2026-07-09T06:15:55.983265,2026-07-09T06:15:55.991442+00:00,119.5,20,bid,Heero Sipayung,AverageAlmonds,13192841
2026-07-09T06:15:56.011558,2026-07-09T06:15:56.020092+00:00,119.5,20,bid,Heero Sipayung,AverageAlmonds,13192843
2026-07-09T06:15:56.062552,2026-07-09T06:15:56.069923+00:00,119.4,500,ask,YieldingYams,AverageAlmonds,13192844
2026-07-09T06:15:56.146707,2026-07-09T06:15:56.158307+00:00,119.5,20,bid,Heero Sipayung,WavyWalnuts,13192847
2026-07-09T06:15:56.192782,2026-07-09T06:15:56.202275+00:00,119.5,20,bid,Heero Sipayung,WavyWalnuts,13192851
