timestamp,recv_time,price,volume,aggressor_side,buyer,seller,trade_id
2026-07-06T21:00:00.647347,2026-07-06T21:00:00.651727+00:00,153.0,6,bid,,,9954498
2026-07-06T21:00:01.090707,2026-07-06T21:00:01.101221+00:00,152.9,500,ask,,,9954505
2026-07-06T21:00:01.383834,2026-07-06T21:00:01.391260+00:00,152.9,200,ask,,,9954509
2026-07-06T21:00:03.189819,2026-07-06T21:00:03.196418+00:00,152.8,8,bid,,,9954532
2026-07-06T21:00:03.926259,2026-07-06T21:00:03.928564+00:00,152.8,20,bid,,,9954537
2026-07-06T21:00:04.164124,2026-07-06T21:00:04.168303+00:00,152.8,3,ask,,,9954544
2026-07-06T21:00:04.208965,2026-07-06T21:00:04.220295+00:00,152.9,3,bid,,,9954545
2026-07-06T21:00:05.229116,2026-07-06T21:00:05.240518+00:00,152.9,8,bid,,,9954566
2026-07-06T21:00:07.247586,2026-07-06T21:00:07.258619+00:00,152.8,8,bid,,,9954588
2026-07-06T21:00:07.982581,2026-07-06T21:00:07.990638+00:00,152.8,200,ask,,,9954595
2026-07-06T21:00:08.984639,2026-07-06T21:00:08.992355+00:00,152.8,200,bid,,,9954607
2026-07-06T21:00:09.289246,2026-07-06T21:00:09.296112+00:00,152.8,8,bid,,,9954613
2026-07-06T21:00:10.086388,2026-07-06T21:00:10.094053+00:00,153.0,16,bid,,,9954621
2026-07-06T21:00:10.600415,2026-07-06T21:00:10.607206+00:00,153.0,500,bid,,,9954627
2026-07-06T21:00:10.775301,2026-07-06T21:00:10.783453+00:00,153.0,125,ask,,,9954628
2026-07-06T21:00:11.926348,2026-07-06T21:00:11.930507+00:00,152.9,3,bid,,,9954644
2026-07-06T21:00:12.873866,2026-07-06T21:00:12.884273+00:00,152.9,8,bid,,,9954658
2026-07-06T21:00:12.994766,2026-07-06T21:00:13.006144+00:00,152.8,20,ask,,,9954659
2026-07-06T21:00:15.039877,2026-07-06T21:00:15.049535+00:00,152.9,200,bid,,,9954677
2026-07-06T21:00:15.259656,2026-07-06T21:00:15.271178+00:00,152.7,20,ask,,,9954680
2026-07-06T21:00:15.891869,2026-07-06T21:00:15.902223+00:00,152.9,8,ask,,,9954689
2026-07-06T21:00:17.139900,2026-07-06T21:00:17.147032+00:00,153.1,200,bid,,,9954708
2026-07-06T21:00:17.139900,2026-07-06T21:00:17.158827+00:00,153.1,425,bid,,,9954709
2026-07-06T21:00:17.550024,2026-07-06T21:00:17.563906+00:00,152.9,20,ask,,,9954713
2026-07-06T21:00:18.665717,2026-07-06T21:00:18.672634+00:00,153.0,200,bid,,,9954722
2026-07-06T21:00:19.874735,2026-07-06T21:00:19.884517+00:00,153.0,200,bid,,,9954742
2026-07-06T21:00:19.885904,2026-07-06T21:00:19.894986+00:00,153.0,20,bid,,,9954743
2026-07-06T21:00:19.938652,2026-07-06T21:00:19.944864+00:00,152.8,8,ask,,,9954746
2026-07-06T21:00:21.097154,2026-07-06T21:00:21.100794+00:00,153.0,3,ask,,,9954762
2026-07-06T21:00:21.196946,2026-07-06T21:00:21.208498+00:00,153.1,3,bid,,,9954764
2026-07-06T21:00:22.388402,2026-07-06T21:00:22.395050+00:00,153.0,200,ask,,,9954778
2026-07-06T21:00:23.508507,2026-07-06T21:00:23.518827+00:00,153.0,200,bid,,,9954792
2026-07-06T21:00:23.712562,2026-07-06T21:00:23.716159+00:00,152.9,11,ask,,,9954794
2026-07-06T21:00:26.216650,2026-07-06T21:00:26.224645+00:00,153.2,5,bid,,,9954819
2026-07-06T21:00:26.326632,2026-07-06T21:00:26.338025+00:00,152.9,200,ask,,,9954822
2026-07-06T21:00:28.538023,2026-07-06T21:00:28.548835+00:00,152.9,20,ask,,,9954848
2026-07-06T21:00:29.152307,2026-07-06T21:00:29.163829+00:00,152.9,20,ask,,,9954856
2026-07-06T21:00:30.287548,2026-07-06T21:00:30.294509+00:00,152.9,200,ask,,,9954870
2026-07-06T21:00:30.790483,2026-07-06T21:00:30.794273+00:00,152.7,11,bid,,,9954880
2026-07-06T21:00:31.597714,2026-07-06T21:00:31.604572+00:00,152.7,189,bid,,,9954887
2026-07-06T21:00:32.765977,2026-07-06T21:00:32.774721+00:00,153.0,8,bid,,,9954904
2026-07-06T21:00:34.225389,2026-07-06T21:00:34.227239+00:00,152.8,200,ask,,,9954924
2026-07-06T21:00:34.787808,2026-07-06T21:00:34.795775+00:00,152.8,8,bid,,,9954934
2026-07-06T21:00:38.036145,2026-07-06T21:00:38.047354+00:00,152.8,200,bid,,,9954978
2026-07-06T21:00:38.889532,2026-07-06T21:00:38.898172+00:00,153.0,8,bid,,,9954997
2026-07-06T21:00:39.147084,2026-07-06T21:00:39.163974+00:00,153.0,8,bid,,,9955003
2026-07-06T21:00:41.572036,2026-07-06T21:00:41.576122+00:00,152.9,3,bid,,,9955052
2026-07-06T21:00:41.687920,2026-07-06T21:00:41.698687+00:00,152.9,3,bid,,,9955060
2026-07-06T21:00:41.947895,2026-07-06T21:00:41.964219+00:00,152.9,3,bid,,,9955065
2026-07-06T21:00:42.891064,2026-07-06T21:00:42.902293+00:00,152.9,200,ask,,,9955079
2026-07-06T21:00:42.967529,2026-07-06T21:00:42.975257+00:00,153.1,8,bid,,,9955081
2026-07-06T21:00:44.713308,2026-07-06T21:00:44.723996+00:00,152.9,200,ask,,,9955104
2026-07-06T21:00:47.333001,2026-07-06T21:00:47.358804+00:00,153.0,200,bid,,,9955141
2026-07-06T21:00:49.917909,2026-07-06T21:00:49.924680+00:00,153.0,20,ask,,,9955168
2026-07-06T21:00:50.438908,2026-07-06T21:00:50.448483+00:00,153.1,20,ask,,,9955174
2026-07-06T21:00:55.205503,2026-07-06T21:00:55.216007+00:00,153.1,200,ask,,,9955239
2026-07-06T21:00:56.053104,2026-07-06T21:00:56.058585+00:00,152.9,8,ask,,,9955249
2026-07-06T21:01:01.050700,2026-07-06T21:01:01.064102+00:00,152.9,200,bid,,,9955293
2026-07-06T21:01:03.491740,2026-07-06T21:01:03.495616+00:00,152.9,3,ask,,,9955323
2026-07-06T21:01:04.689248,2026-07-06T21:01:04.700705+00:00,153.0,200,bid,,,9955342
2026-07-06T21:01:05.913345,2026-07-06T21:01:05.924555+00:00,153.0,200,ask,,,9955366
2026-07-06T21:01:06.330076,2026-07-06T21:01:06.341620+00:00,153.3,8,bid,,,9955374
2026-07-06T21:01:07.735448,2026-07-06T21:01:07.764478+00:00,153.1,20,bid,,,9955392
2026-07-06T21:01:08.337823,2026-07-06T21:01:08.344896+00:00,152.9,200,ask,,,9955400
2026-07-06T21:01:09.548007,2026-07-06T21:01:09.559217+00:00,152.9,200,ask,,,9955414
2026-07-06T21:01:10.105174,2026-07-06T21:01:10.111676+00:00,152.7,8,ask,,,9955421
2026-07-06T21:01:10.478472,2026-07-06T21:01:10.489911+00:00,152.7,20,ask,,,9955429
2026-07-06T21:01:10.757841,2026-07-06T21:01:10.765446+00:00,152.9,200,bid,,,9955432
2026-07-06T21:01:10.964888,2026-07-06T21:01:10.968730+00:00,152.8,11,ask,,,9955435
2026-07-06T21:01:12.881826,2026-07-06T21:01:12.889076+00:00,152.8,8,ask,,,9955461
2026-07-06T21:01:14.000512,2026-07-06T21:01:14.006776+00:00,152.8,20,ask,,,9955470
2026-07-06T21:01:14.869325,2026-07-06T21:01:14.878245+00:00,152.9,200,bid,,,9955479
2026-07-06T21:01:14.883798,2026-07-06T21:01:14.887730+00:00,152.9,12,ask,,,9955481
2026-07-06T21:01:14.969173,2026-07-06T21:01:14.976673+00:00,152.9,8,ask,,,9955485
2026-07-06T21:01:15.601705,2026-07-06T21:01:15.612836+00:00,152.9,200,ask,,,9955495
2026-07-06T21:01:17.014870,2026-07-06T21:01:17.024873+00:00,152.8,8,ask,,,9955511
2026-07-06T21:01:19.045009,2026-07-06T21:01:19.058603+00:00,152.9,8,ask,,,9955538
2026-07-06T21:01:19.082549,2026-07-06T21:01:19.093995+00:00,152.9,20,ask,,,9955539
2026-07-06T21:01:21.451598,2026-07-06T21:01:21.455611+00:00,153.0,11,ask,,,9955573
2026-07-06T21:01:21.861022,2026-07-06T21:01:21.872635+00:00,153.0,8,ask,,,9955580
2026-07-06T21:01:22.748895,2026-07-06T21:01:22.768730+00:00,153.1,200,bid,,,9955590
2026-07-06T21:01:22.774867,2026-07-06T21:01:22.778456+00:00,153.1,23,ask,,,9955593
2026-07-06T21:01:22.895820,2026-07-06T21:01:22.904028+00:00,153.1,8,ask,,,9955594
2026-07-06T21:01:23.155523,2026-07-06T21:01:23.145130+00:00,153.1,3,ask,,,9955598
2026-07-06T21:01:23.411138,2026-07-06T21:01:23.419279+00:00,153.1,8,ask,,,9955603
2026-07-06T21:01:25.281475,2026-07-06T21:01:25.288410+00:00,153.2,200,bid,,,9955630
2026-07-06T21:01:27.683718,2026-07-06T21:01:27.695407+00:00,153.0,8,ask,,,9955668
2026-07-06T21:01:31.739416,2026-07-06T21:01:31.749879+00:00,152.9,8,ask,,,9955720
2026-07-06T21:01:32.269974,2026-07-06T21:01:32.273636+00:00,153.1,8,bid,,,9955731
2026-07-06T21:01:32.517511,2026-07-06T21:01:32.527675+00:00,152.9,8,ask,,,9955733
2026-07-06T21:01:34.985530,2026-07-06T21:01:34.995526+00:00,153.1,200,bid,,,9955757
2026-07-06T21:01:35.895596,2026-07-06T21:01:35.905281+00:00,153.3,20,bid,,,9955772
2026-07-06T21:01:36.305070,2026-07-06T21:01:36.311342+00:00,153.1,8,ask,,,9955780
2026-07-06T21:01:37.425511,2026-07-06T21:01:37.429068+00:00,153.2,8,ask,,,9955799
2026-07-06T21:01:38.497178,2026-07-06T21:01:38.503203+00:00,153.2,192,ask,,,9955812
2026-07-06T21:01:38.511641,2026-07-06T21:01:38.515352+00:00,153.2,8,bid,,,9955815
2026-07-06T21:01:38.520652,2026-07-06T21:01:38.524120+00:00,153.2,38,bid,,,9955817
2026-07-06T21:01:38.871345,2026-07-06T21:01:38.880901+00:00,153.2,8,bid,,,9955823
2026-07-06T21:01:39.844895,2026-07-06T21:01:39.848868+00:00,153.1,11,bid,,,9955837
2026-07-06T21:01:41.225621,2026-07-06T21:01:41.236572+00:00,152.9,20,ask,,,9955856
2026-07-06T21:01:41.748777,2026-07-06T21:01:41.752313+00:00,152.9,23,ask,,,9955868
2026-07-06T21:01:43.735031,2026-07-06T21:01:43.742012+00:00,152.9,200,bid,,,9955892
2026-07-06T21:01:43.735031,2026-07-06T21:01:43.747016+00:00,153.0,425,bid,,,9955893
2026-07-06T21:01:44.702247,2026-07-06T21:01:44.713887+00:00,153.0,20,bid,,,9955905
2026-07-06T21:01:47.674326,2026-07-06T21:01:47.685850+00:00,152.9,500,bid,,,9955945
2026-07-06T21:01:48.181097,2026-07-06T21:01:48.192127+00:00,153.0,8,bid,,,9955955
2026-07-06T21:01:48.255010,2026-07-06T21:01:48.263793+00:00,152.9,125,ask,,,9955956
2026-07-06T21:01:48.284424,2026-07-06T21:01:48.288116+00:00,152.9,12,bid,,,9955961
2026-07-06T21:01:48.699514,2026-07-06T21:01:48.711237+00:00,152.9,8,bid,,,9955964
2026-07-06T21:01:49.003935,2026-07-06T21:01:49.007824+00:00,152.7,14,bid,,,9955969
2026-07-06T21:01:50.478592,2026-07-06T21:01:50.486154+00:00,152.6,3,bid,,,9955987
2026-07-06T21:01:50.751061,2026-07-06T21:01:50.760675+00:00,152.6,3,bid,,,9955998
2026-07-06T21:01:51.237877,2026-07-06T21:01:51.241779+00:00,152.4,26,ask,,,9956007
2026-07-06T21:01:52.767017,2026-07-06T21:01:52.774630+00:00,152.5,20,bid,,,9956027
2026-07-06T21:01:53.310268,2026-07-06T21:01:53.318786+00:00,152.5,8,bid,,,9956041
2026-07-06T21:01:54.066190,2026-07-06T21:01:54.077922+00:00,152.5,6,bid,,,9956053
2026-07-06T21:01:54.362572,2026-07-06T21:01:54.369765+00:00,152.3,200,ask,,,9956054
2026-07-06T21:01:55.551035,2026-07-06T21:01:55.558706+00:00,152.4,500,ask,,,9956069
2026-07-06T21:01:55.586353,2026-07-06T21:01:55.589960+00:00,152.3,12,bid,,,9956071
2026-07-06T21:01:56.110832,2026-07-06T21:01:56.121618+00:00,152.3,188,bid,,,9956072
2026-07-06T21:01:56.110832,2026-07-06T21:01:56.121618+00:00,152.4,125,bid,,,9956073
2026-07-06T21:01:56.857795,2026-07-06T21:01:56.869250+00:00,152.5,200,bid,,,9956085
2026-07-06T21:01:57.987555,2026-07-06T21:01:57.997926+00:00,152.5,200,ask,,,9956100
2026-07-06T21:01:58.174285,2026-07-06T21:01:58.181857+00:00,152.4,500,ask,,,9956105
2026-07-06T21:01:58.192636,2026-07-06T21:01:58.196116+00:00,152.4,14,bid,,,9956107
2026-07-06T21:01:58.522497,2026-07-06T21:01:58.529303+00:00,152.4,111,bid,,,9956111
2026-07-06T21:01:59.530059,2026-07-06T21:01:59.538332+00:00,152.3,20,ask,,,9956117
2026-07-06T21:01:59.767118,2026-07-06T21:01:59.773930+00:00,152.4,200,bid,,,9956122
2026-07-06T21:01:59.767118,2026-07-06T21:01:59.779382+00:00,152.4,300,bid,,,9956123
2026-07-06T21:02:00.364987,2026-07-06T21:02:00.373509+00:00,152.4,325,bid,,,9956135
2026-07-06T21:02:00.420886,2026-07-06T21:02:00.430826+00:00,152.6,8,bid,,,9956141
2026-07-06T21:02:00.993166,2026-07-06T21:02:00.996920+00:00,152.5,3,ask,,,9956145
2026-07-06T21:02:01.577020,2026-07-06T21:02:01.585346+00:00,152.6,192,bid,,,9956159
2026-07-06T21:02:01.594270,2026-07-06T21:02:01.597671+00:00,152.6,11,ask,,,9956161
2026-07-06T21:02:02.103964,2026-07-06T21:02:02.113815+00:00,152.6,297,ask,,,9956165
2026-07-06T21:02:02.171613,2026-07-06T21:02:02.181638+00:00,152.6,328,bid,,,9956167
2026-07-06T21:02:02.171613,2026-07-06T21:02:02.181638+00:00,152.7,172,bid,,,9956168
2026-07-06T21:02:03.745779,2026-07-06T21:02:03.757231+00:00,152.6,20,ask,,,9956198
2026-07-06T21:02:03.826831,2026-07-06T21:02:03.830608+00:00,152.8,11,bid,,,9956202
2026-07-06T21:02:04.745012,2026-07-06T21:02:04.748798+00:00,152.7,3,bid,,,9956215
2026-07-06T21:02:06.039844,2026-07-06T21:02:06.046635+00:00,152.6,500,ask,,,9956234
2026-07-06T21:02:06.457556,2026-07-06T21:02:06.469178+00:00,152.6,125,bid,,,9956239
2026-07-06T21:02:07.672226,2026-07-06T21:02:07.680711+00:00,152.6,200,ask,,,9956254
2026-07-06T21:02:09.970921,2026-07-06T21:02:09.991590+00:00,152.7,200,bid,,,9956281
2026-07-06T21:02:09.987525,2026-07-06T21:02:09.991590+00:00,152.8,3,ask,,,9956283
2026-07-06T21:02:10.089841,2026-07-06T21:02:10.101341+00:00,152.8,200,ask,,,9956284
2026-07-06T21:02:10.164332,2026-07-06T21:02:10.174383+00:00,153.1,3,bid,,,9956286
2026-07-06T21:02:13.728684,2026-07-06T21:02:13.732818+00:00,152.7,11,ask,,,9956337
2026-07-06T21:02:13.936021,2026-07-06T21:02:13.943514+00:00,152.7,8,ask,,,9956341
2026-07-06T21:02:15.451748,2026-07-06T21:02:15.460545+00:00,153.0,8,bid,,,9956363
2026-07-06T21:02:16.216650,2026-07-06T21:02:16.224123+00:00,153.0,8,bid,,,9956377
2026-07-06T21:02:17.978424,2026-07-06T21:02:17.990224+00:00,152.9,8,bid,,,9956404
2026-07-06T21:02:18.564095,2026-07-06T21:02:18.575248+00:00,152.9,200,bid,,,9956411
2026-07-06T21:02:19.095026,2026-07-06T21:02:19.106005+00:00,152.7,20,ask,,,9956417
2026-07-06T21:02:20.238790,2026-07-06T21:02:20.258754+00:00,152.8,8,ask,,,9956442
2026-07-06T21:02:24.417607,2026-07-06T21:02:24.427117+00:00,152.9,200,bid,,,9956502
2026-07-06T21:02:28.273645,2026-07-06T21:02:28.282473+00:00,153.0,200,bid,,,9956546
2026-07-06T21:02:30.694723,2026-07-06T21:02:30.701178+00:00,153.0,200,bid,,,9956576
2026-07-06T21:02:30.800040,2026-07-06T21:02:30.811310+00:00,152.8,8,ask,,,9956580
2026-07-06T21:02:31.883440,2026-07-06T21:02:31.887323+00:00,152.8,12,ask,,,9956598
2026-07-06T21:02:31.916482,2026-07-06T21:02:31.920025+00:00,152.9,11,ask,,,9956600
2026-07-06T21:02:32.104064,2026-07-06T21:02:32.111176+00:00,152.9,8,ask,,,9956603
2026-07-06T21:02:32.299648,2026-07-06T21:02:32.307084+00:00,152.9,181,ask,,,9956607
2026-07-06T21:02:32.872496,2026-07-06T21:02:32.880591+00:00,152.6,8,ask,,,9956618
2026-07-06T21:02:33.113087,2026-07-06T21:02:33.120238+00:00,152.8,200,bid,,,9956623
2026-07-06T21:02:34.156170,2026-07-06T21:02:34.158541+00:00,152.8,8,ask,,,9956639
2026-07-06T21:02:35.219239,2026-07-06T21:02:35.227359+00:00,152.9,8,ask,,,9956650
2026-07-06T21:02:36.004688,2026-07-06T21:02:36.015983+00:00,153.0,20,bid,,,9956659
2026-07-06T21:02:36.225980,2026-07-06T21:02:36.237539+00:00,152.9,8,ask,,,9956663
2026-07-06T21:02:37.946387,2026-07-06T21:02:37.969042+00:00,153.0,200,bid,,,9956681
2026-07-06T21:02:38.056644,2026-07-06T21:02:38.067997+00:00,153.0,20,bid,,,9956685
2026-07-06T21:02:40.170116,2026-07-06T21:02:40.180128+00:00,152.9,200,ask,,,9956710
2026-07-06T21:02:40.622546,2026-07-06T21:02:40.633959+00:00,152.8,20,ask,,,9956714
2026-07-06T21:02:41.271815,2026-07-06T21:02:41.279589+00:00,152.9,8,bid,,,9956727
2026-07-06T21:02:42.794753,2026-07-06T21:02:42.803493+00:00,152.9,200,bid,,,9956748
2026-07-06T21:02:43.989632,2026-07-06T21:02:43.996842+00:00,152.9,200,ask,,,9956766
2026-07-06T21:02:44.009545,2026-07-06T21:02:44.018747+00:00,153.2,20,bid,,,9956767
2026-07-06T21:02:45.590049,2026-07-06T21:02:45.601591+00:00,153.0,8,bid,,,9956799
2026-07-06T21:02:45.845903,2026-07-06T21:02:45.858600+00:00,152.8,8,ask,,,9956806
2026-07-06T21:02:49.339853,2026-07-06T21:02:49.347109+00:00,153.0,20,bid,,,9956847
2026-07-06T21:02:49.878904,2026-07-06T21:02:49.890397+00:00,153.0,8,bid,,,9956855
2026-07-06T21:02:51.897458,2026-07-06T21:02:51.908119+00:00,153.1,8,bid,,,9956879
2026-07-06T21:02:52.017723,2026-07-06T21:02:52.022162+00:00,153.0,11,bid,,,9956881
2026-07-06T21:02:53.308474,2026-07-06T21:02:53.314871+00:00,152.8,200,ask,,,9956894
2026-07-06T21:02:53.325432,2026-07-06T21:02:53.329018+00:00,152.8,23,bid,,,9956896
2026-07-06T21:02:54.165445,2026-07-06T21:02:54.177039+00:00,152.8,8,bid,,,9956910
2026-07-06T21:02:54.698745,2026-07-06T21:02:54.710414+00:00,152.7,20,ask,,,9956913
2026-07-06T21:02:57.307076,2026-07-06T21:02:57.316027+00:00,152.8,200,ask,,,9956953
2026-07-06T21:02:57.938341,2026-07-06T21:02:57.948494+00:00,152.8,8,ask,,,9956968
2026-07-06T21:02:58.515121,2026-07-06T21:02:58.522063+00:00,152.8,200,ask,,,9956970
2026-07-06T21:02:58.616095,2026-07-06T21:02:58.627722+00:00,152.7,20,ask,,,9956971
2026-07-06T21:03:02.161612,2026-07-06T21:03:02.170964+00:00,152.9,200,bid,,,9957011
2026-07-06T21:03:03.776039,2026-07-06T21:03:03.785529+00:00,152.7,200,ask,,,9957033
2026-07-06T21:03:03.776039,2026-07-06T21:03:03.785529+00:00,152.6,425,ask,,,9957034
2026-07-06T21:03:04.549405,2026-07-06T21:03:04.559958+00:00,152.6,20,ask,,,9957041
2026-07-06T21:03:04.580325,2026-07-06T21:03:04.588458+00:00,152.6,200,ask,,,9957044
2026-07-06T21:03:04.743513,2026-07-06T21:03:04.763909+00:00,152.6,8,ask,,,9957047
2026-07-06T21:03:07.764334,2026-07-06T21:03:07.767987+00:00,152.8,11,ask,,,9957095
2026-07-06T21:03:09.447770,2026-07-06T21:03:09.451829+00:00,152.9,12,ask,,,9957127
2026-07-06T21:03:10.127072,2026-07-06T21:03:10.138388+00:00,153.0,20,bid,,,9957137
2026-07-06T21:03:13.265712,2026-07-06T21:03:13.272608+00:00,153.0,8,ask,,,9957175
2026-07-06T21:03:13.557225,2026-07-06T21:03:13.561166+00:00,153.0,23,ask,,,9957181
2026-07-06T21:03:16.061778,2026-07-06T21:03:16.068683+00:00,153.1,20,bid,,,9957206
2026-07-06T21:03:16.900529,2026-07-06T21:03:16.909992+00:00,153.1,500,bid,,,9957219
2026-07-06T21:03:17.291012,2026-07-06T21:03:17.302401+00:00,153.1,8,ask,,,9957222
2026-07-06T21:03:17.919780,2026-07-06T21:03:17.926262+00:00,153.1,117,ask,,,9957229
2026-07-06T21:03:19.552533,2026-07-06T21:03:19.564016+00:00,153.3,8,bid,,,9957253
2026-07-06T21:03:20.845376,2026-07-06T21:03:20.849103+00:00,153.1,11,ask,,,9957277
2026-07-06T21:03:24.085551,2026-07-06T21:03:24.089401+00:00,153.2,8,bid,,,9957321
2026-07-06T21:03:24.164112,2026-07-06T21:03:24.175575+00:00,153.0,20,ask,,,9957323
2026-07-06T21:03:24.324824,2026-07-06T21:03:24.336341+00:00,153.0,8,ask,,,9957325
2026-07-06T21:03:26.359299,2026-07-06T21:03:26.368888+00:00,153.3,8,bid,,,9957355
2026-07-06T21:03:27.126743,2026-07-06T21:03:27.134037+00:00,153.2,20,bid,,,9957372
2026-07-06T21:03:28.813766,2026-07-06T21:03:28.821211+00:00,153.2,200,ask,,,9957398
2026-07-06T21:03:28.841893,2026-07-06T21:03:28.845675+00:00,153.4,3,bid,,,9957401
2026-07-06T21:03:30.035170,2026-07-06T21:03:30.039324+00:00,153.1,3,bid,,,9957422
2026-07-06T21:03:30.046257,2026-07-06T21:03:30.050507+00:00,153.1,8,bid,,,9957424
2026-07-06T21:03:30.155313,2026-07-06T21:03:30.158619+00:00,152.9,8,ask,,,9957427
2026-07-06T21:03:32.164459,2026-07-06T21:03:32.176013+00:00,153.2,8,bid,,,9957446
2026-07-06T21:03:33.951757,2026-07-06T21:03:33.974527+00:00,153.0,200,ask,,,9957461
2026-07-06T21:03:33.970322,2026-07-06T21:03:33.974527+00:00,152.9,1,bid,,,9957463
2026-07-06T21:03:34.864721,2026-07-06T21:03:34.875747+00:00,152.9,200,bid,,,9957472
2026-07-06T21:03:35.710683,2026-07-06T21:03:35.714564+00:00,153.0,12,ask,,,9957487
2026-07-06T21:03:35.745028,2026-07-06T21:03:35.753935+00:00,153.0,11,ask,,,9957489
2026-07-06T21:03:36.006821,2026-07-06T21:03:36.016266+00:00,153.0,3,ask,,,9957494
2026-07-06T21:03:36.267105,2026-07-06T21:03:36.277797+00:00,153.0,3,ask,,,9957501
2026-07-06T21:03:36.528074,2026-07-06T21:03:36.539074+00:00,153.0,3,ask,,,9957505
2026-07-06T21:03:36.788633,2026-07-06T21:03:36.796236+00:00,153.0,3,ask,,,9957511
2026-07-06T21:03:36.878723,2026-07-06T21:03:36.890077+00:00,153.0,20,ask,,,9957514
2026-07-06T21:03:37.048948,2026-07-06T21:03:37.054637+00:00,153.0,3,ask,,,9957518
2026-07-06T21:03:37.297214,2026-07-06T21:03:37.302200+00:00,153.1,11,ask,,,9957523
2026-07-06T21:03:37.308656,2026-07-06T21:03:37.322843+00:00,153.1,3,ask,,,9957525
2026-07-06T21:03:37.568001,2026-07-06T21:03:37.578821+00:00,153.1,3,ask,,,9957528
2026-07-06T21:03:38.585268,2026-07-06T21:03:38.596782+00:00,153.3,6,bid,,,9957549
2026-07-06T21:03:40.538011,2026-07-06T21:03:40.542374+00:00,153.1,11,bid,,,9957577
2026-07-06T21:03:40.595493,2026-07-06T21:03:40.604282+00:00,153.0,4,ask,,,9957578
2026-07-06T21:03:41.840797,2026-07-06T21:03:41.844605+00:00,153.0,12,bid,,,9957599
2026-07-06T21:03:42.127953,2026-07-06T21:03:42.139173+00:00,153.0,200,bid,,,9957603
2026-07-06T21:03:42.633322,2026-07-06T21:03:42.644950+00:00,153.0,20,bid,,,9957615
2026-07-06T21:03:42.668215,2026-07-06T21:03:42.677142+00:00,152.8,6,ask,,,9957618
2026-07-06T21:03:43.344044,2026-07-06T21:03:43.355430+00:00,153.0,200,bid,,,9957627
2026-07-06T21:03:45.783406,2026-07-06T21:03:45.787191+00:00,153.0,12,ask,,,9957670
2026-07-06T21:03:49.691344,2026-07-06T21:03:49.698133+00:00,153.0,200,ask,,,9957720
2026-07-06T21:03:50.609386,2026-07-06T21:03:50.618957+00:00,153.0,200,bid,,,9957734
2026-07-06T21:03:51.519368,2026-07-06T21:03:51.523529+00:00,153.0,11,ask,,,9957745
2026-07-06T21:03:52.314539,2026-07-06T21:03:52.322232+00:00,153.1,200,bid,,,9957758
2026-07-06T21:03:52.333562,2026-07-06T21:03:52.337227+00:00,153.1,11,ask,,,9957761
2026-07-06T21:03:54.943768,2026-07-06T21:03:54.958626+00:00,153.1,200,ask,,,9957794
2026-07-06T21:03:55.442720,2026-07-06T21:03:55.450117+00:00,153.1,200,bid,,,9957804
2026-07-06T21:03:56.256497,2026-07-06T21:03:56.258571+00:00,153.3,200,bid,,,9957821
2026-07-06T21:03:56.651783,2026-07-06T21:03:56.660525+00:00,153.3,200,ask,,,9957826
2026-07-06T21:03:57.870686,2026-07-06T21:03:57.874176+00:00,153.0,29,ask,,,9957841
2026-07-06T21:04:00.287112,2026-07-06T21:04:00.295674+00:00,153.2,200,bid,,,9957871
2026-07-06T21:04:00.760654,2026-07-06T21:04:00.771188+00:00,153.2,5,bid,,,9957877
2026-07-06T21:04:02.709088,2026-07-06T21:04:02.758615+00:00,153.2,200,ask,,,9957906
2026-07-06T21:04:03.538605,2026-07-06T21:04:03.550279+00:00,153.1,5,ask,,,9957916
2026-07-06T21:04:05.470828,2026-07-06T21:04:05.474664+00:00,153.0,6,bid,,,9957940
2026-07-06T21:04:07.335564,2026-07-06T21:04:07.339960+00:00,152.9,6,ask,,,9957964
2026-07-06T21:04:12.005416,2026-07-06T21:04:12.012719+00:00,153.1,200,ask,,,9958018
2026-07-06T21:04:12.018098,2026-07-06T21:04:12.021400+00:00,153.0,6,bid,,,9958020
2026-07-06T21:04:12.392350,2026-07-06T21:04:12.399663+00:00,153.0,200,bid,,,9958027
2026-07-06T21:04:14.813077,2026-07-06T21:04:14.820146+00:00,153.0,200,bid,,,9958053
2026-07-06T21:04:16.023575,2026-07-06T21:04:16.034975+00:00,153.0,200,bid,,,9958065
2026-07-06T21:04:19.207239,2026-07-06T21:04:19.217612+00:00,152.9,20,ask,,,9958104
2026-07-06T21:04:20.434803,2026-07-06T21:04:20.446351+00:00,152.7,20,ask,,,9958119
2026-07-06T21:04:22.493649,2026-07-06T21:04:22.504491+00:00,152.8,200,ask,,,9958149
2026-07-06T21:04:24.503357,2026-07-06T21:04:24.513385+00:00,152.8,200,bid,,,9958172
2026-07-06T21:04:24.925535,2026-07-06T21:04:24.937217+00:00,152.6,20,ask,,,9958176
2026-07-06T21:04:26.865882,2026-07-06T21:04:26.874151+00:00,152.9,200,bid,,,9958195
2026-07-06T21:04:27.469863,2026-07-06T21:04:27.479723+00:00,153.0,500,bid,,,9958200
2026-07-06T21:04:27.730588,2026-07-06T21:04:27.764248+00:00,153.0,200,bid,,,9958203
2026-07-06T21:04:29.046925,2026-07-06T21:04:29.058637+00:00,153.0,500,ask,,,9958222
2026-07-06T21:04:29.271724,2026-07-06T21:04:29.278789+00:00,152.9,125,bid,,,9958223
2026-07-06T21:04:29.419963,2026-07-06T21:04:29.424197+00:00,153.0,11,bid,,,9958227
2026-07-06T21:04:30.353731,2026-07-06T21:04:30.364055+00:00,153.0,189,bid,,,9958237
2026-07-06T21:04:30.547696,2026-07-06T21:04:30.558617+00:00,153.2,200,ask,,,9958239
2026-07-06T21:04:32.050454,2026-07-06T21:04:32.063640+00:00,153.1,20,bid,,,9958264
2026-07-06T21:04:32.584380,2026-07-06T21:04:32.588687+00:00,153.1,12,bid,,,9958277
2026-07-06T21:04:32.964316,2026-07-06T21:04:32.975376+00:00,153.1,200,bid,,,9958279
2026-07-06T21:04:35.458513,2026-07-06T21:04:35.470027+00:00,153.1,8,bid,,,9958321
2026-07-06T21:04:36.919693,2026-07-06T21:04:36.927518+00:00,153.1,200,bid,,,9958337
2026-07-06T21:04:37.809448,2026-07-06T21:04:37.864075+00:00,153.2,200,ask,,,9958351
2026-07-06T21:04:38.253364,2026-07-06T21:04:38.258298+00:00,153.1,8,bid,,,9958359
2026-07-06T21:04:38.263154,2026-07-06T21:04:38.273970+00:00,153.0,8,ask,,,9958360
2026-07-06T21:04:38.470397,2026-07-06T21:04:38.474214+00:00,153.1,14,bid,,,9958366
2026-07-06T21:04:39.527173,2026-07-06T21:04:39.538607+00:00,153.1,8,bid,,,9958381
2026-07-06T21:04:39.548486,2026-07-06T21:04:39.596248+00:00,153.0,200,ask,,,9958383
2026-07-06T21:04:39.571403,2026-07-06T21:04:39.596248+00:00,153.0,425,bid,,,9958384
2026-07-06T21:04:40.226153,2026-07-06T21:04:40.233578+00:00,153.1,200,ask,,,9958392
2026-07-06T21:04:42.181950,2026-07-06T21:04:42.185817+00:00,153.1,12,bid,,,9958414
2026-07-06T21:04:42.614813,2026-07-06T21:04:42.622595+00:00,153.1,500,bid,,,9958418
2026-07-06T21:04:43.843846,2026-07-06T21:04:43.863635+00:00,153.3,8,bid,,,9958427
2026-07-06T21:04:44.064579,2026-07-06T21:04:44.074235+00:00,153.1,20,ask,,,9958433
2026-07-06T21:04:45.863443,2026-07-06T21:04:45.873098+00:00,153.3,8,bid,,,9958459
2026-07-06T21:04:46.104942,2026-07-06T21:04:46.111325+00:00,153.3,192,bid,,,9958461
2026-07-06T21:04:49.148519,2026-07-06T21:04:49.164090+00:00,153.5,8,bid,,,9958507
2026-07-06T21:04:51.944448,2026-07-06T21:04:51.958578+00:00,153.5,8,bid,,,9958541
2026-07-06T21:04:54.972160,2026-07-06T21:04:54.983084+00:00,153.2,8,ask,,,9958574
2026-07-06T21:04:56.519909,2026-07-06T21:04:56.529738+00:00,153.1,8,ask,,,9958598
2026-07-06T21:04:58.556905,2026-07-06T21:04:58.564910+00:00,153.1,8,ask,,,9958631
2026-07-06T21:04:58.951433,2026-07-06T21:04:58.958849+00:00,153.3,200,bid,,,9958636
2026-07-06T21:04:59.249969,2026-07-06T21:04:59.250735+00:00,153.3,300,ask,,,9958640
2026-07-06T21:04:59.545444,2026-07-06T21:04:59.552680+00:00,153.3,325,bid,,,9958643
2026-07-06T21:05:00.839011,2026-07-06T21:05:00.858559+00:00,153.3,8,ask,,,9958659
2026-07-06T21:05:01.169420,2026-07-06T21:05:01.173357+00:00,153.3,12,ask,,,9958664
2026-07-06T21:05:01.187897,2026-07-06T21:05:01.199337+00:00,153.4,20,bid,,,9958666
2026-07-06T21:05:04.439019,2026-07-06T21:05:04.445781+00:00,153.3,200,ask,,,9958701
2026-07-06T21:05:04.873382,2026-07-06T21:05:04.880956+00:00,153.2,8,ask,,,9958707
2026-07-06T21:05:06.984825,2026-07-06T21:05:06.988474+00:00,153.4,22,ask,,,9958733
2026-07-06T21:05:11.111081,2026-07-06T21:05:11.118088+00:00,153.5,200,bid,,,9958787
2026-07-06T21:05:11.140595,2026-07-06T21:05:11.144577+00:00,153.7,29,ask,,,9958794
2026-07-06T21:05:11.694881,2026-07-06T21:05:11.702479+00:00,153.7,200,ask,,,9958802
2026-07-06T21:05:13.753699,2026-07-06T21:05:13.757427+00:00,153.7,6,bid,,,9958825
2026-07-06T21:05:15.370498,2026-07-06T21:05:15.374687+00:00,153.6,11,bid,,,9958858
2026-07-06T21:05:17.791810,2026-07-06T21:05:17.796300+00:00,153.5,12,bid,,,9958889
2026-07-06T21:05:18.716448,2026-07-06T21:05:18.723714+00:00,153.3,20,ask,,,9958909
2026-07-06T21:05:20.689267,2026-07-06T21:05:20.700620+00:00,153.4,20,ask,,,9958942
2026-07-06T21:05:22.624684,2026-07-06T21:05:22.635889+00:00,153.5,200,bid,,,9958967
2026-07-06T21:05:23.832967,2026-07-06T21:05:23.841448+00:00,153.6,200,ask,,,9958980
2026-07-06T21:05:25.916109,2026-07-06T21:05:25.920207+00:00,153.7,11,bid,,,9959011
2026-07-06T21:05:26.247623,2026-07-06T21:05:26.253675+00:00,153.6,200,ask,,,9959015
2026-07-06T21:05:27.456041,2026-07-06T21:05:27.458607+00:00,153.6,200,ask,,,9959029
2026-07-06T21:05:28.185251,2026-07-06T21:05:28.188776+00:00,153.7,11,ask,,,9959039
2026-07-06T21:05:28.674275,2026-07-06T21:05:28.684789+00:00,153.7,200,ask,,,9959045
2026-07-06T21:05:28.902189,2026-07-06T21:05:28.911918+00:00,153.9,20,bid,,,9959050
2026-07-06T21:05:32.298833,2026-07-06T21:05:32.305675+00:00,153.6,200,ask,,,9959087
2026-07-06T21:05:32.520413,2026-07-06T21:05:32.531812+00:00,153.9,8,bid,,,9959088
2026-07-06T21:05:32.570922,2026-07-06T21:05:32.582297+00:00,153.6,20,ask,,,9959089
2026-07-06T21:05:33.284378,2026-07-06T21:05:33.293141+00:00,153.9,8,bid,,,9959102
2026-07-06T21:05:33.436933,2026-07-06T21:05:33.440453+00:00,153.7,11,bid,,,9959107
2026-07-06T21:05:33.522907,2026-07-06T21:05:33.526532+00:00,153.6,5,bid,,,9959111
2026-07-06T21:05:33.546646,2026-07-06T21:05:33.557036+00:00,153.5,8,ask,,,9959112
2026-07-06T21:05:35.428967,2026-07-06T21:05:35.440738+00:00,153.5,20,ask,,,9959134
2026-07-06T21:05:35.951852,2026-07-06T21:05:35.958586+00:00,153.5,200,ask,,,9959137
2026-07-06T21:05:37.366987,2026-07-06T21:05:37.374437+00:00,153.5,200,bid,,,9959156
2026-07-06T21:05:37.386210,2026-07-06T21:05:37.391683+00:00,153.6,5,ask,,,9959160
2026-07-06T21:05:38.365864,2026-07-06T21:05:38.373700+00:00,153.6,200,ask,,,9959171
2026-07-06T21:05:38.832938,2026-07-06T21:05:38.842238+00:00,153.4,8,ask,,,9959177
2026-07-06T21:05:39.572031,2026-07-06T21:05:39.581027+00:00,153.5,200,bid,,,9959186
2026-07-06T21:05:39.963326,2026-07-06T21:05:39.974863+00:00,153.2,20,ask,,,9959195
2026-07-06T21:05:40.779793,2026-07-06T21:05:40.789394+00:00,153.5,200,bid,,,9959202
2026-07-06T21:05:41.700805,2026-07-06T21:05:41.708134+00:00,153.6,20,bid,,,9959209
2026-07-06T21:05:42.265680,2026-07-06T21:05:42.270252+00:00,153.6,11,bid,,,9959220
2026-07-06T21:05:44.976405,2026-07-06T21:05:44.984859+00:00,153.4,20,ask,,,9959250
2026-07-06T21:05:45.109476,2026-07-06T21:05:45.117754+00:00,153.6,8,bid,,,9959254
2026-07-06T21:05:49.247182,2026-07-06T21:05:49.251791+00:00,153.6,200,bid,,,9959302
2026-07-06T21:05:50.454995,2026-07-06T21:05:50.458581+00:00,153.6,200,bid,,,9959315
2026-07-06T21:05:51.414526,2026-07-06T21:05:51.422531+00:00,153.7,8,bid,,,9959330
2026-07-06T21:05:51.795543,2026-07-06T21:05:51.806695+00:00,153.6,200,bid,,,9959336
2026-07-06T21:05:52.421067,2026-07-06T21:05:52.432579+00:00,153.8,8,bid,,,9959348
2026-07-06T21:05:54.386694,2026-07-06T21:05:54.390584+00:00,153.7,12,bid,,,9959374
2026-07-06T21:05:54.411042,2026-07-06T21:05:54.421538+00:00,153.7,188,bid,,,9959375
2026-07-06T21:05:55.285320,2026-07-06T21:05:55.294918+00:00,153.8,200,ask,,,9959384
2026-07-06T21:05:55.707829,2026-07-06T21:05:55.719176+00:00,154.0,8,bid,,,9959389
2026-07-06T21:05:57.739553,2026-07-06T21:05:57.769115+00:00,153.8,8,bid,,,9959421
2026-07-06T21:05:59.772628,2026-07-06T21:05:59.779362+00:00,153.7,8,bid,,,9959444
2026-07-06T21:06:01.322783,2026-07-06T21:06:01.331643+00:00,153.7,8,bid,,,9959468
2026-07-06T21:06:01.911074,2026-07-06T21:06:01.921975+00:00,153.7,500,bid,,,9959478
2026-07-06T21:06:02.079666,2026-07-06T21:06:02.091441+00:00,153.5,8,ask,,,9959481
2026-07-06T21:06:02.505163,2026-07-06T21:06:02.514807+00:00,153.8,200,bid,,,9959485
2026-07-06T21:06:02.505163,2026-07-06T21:06:02.514807+00:00,153.8,300,bid,,,9959486
2026-07-06T21:06:03.109907,2026-07-06T21:06:03.117943+00:00,153.8,325,bid,,,9959491
2026-07-06T21:06:03.775657,2026-07-06T21:06:03.786947+00:00,154.0,20,ask,,,9959503
2026-07-06T21:06:04.108680,2026-07-06T21:06:04.118360+00:00,154.1,8,bid,,,9959513
2026-07-06T21:06:04.406976,2026-07-06T21:06:04.411100+00:00,154.1,37,bid,,,9959518
2026-07-06T21:06:04.635472,2026-07-06T21:06:04.644309+00:00,154.1,16,bid,,,9959520
2026-07-06T21:06:05.410395,2026-07-06T21:06:05.417998+00:00,154.1,8,bid,,,9959534
2026-07-06T21:06:09.808704,2026-07-06T21:06:09.820090+00:00,154.0,20,bid,,,9959590
2026-07-06T21:06:10.131410,2026-07-06T21:06:10.138477+00:00,154.0,180,bid,,,9959597
2026-07-06T21:06:10.166176,2026-07-06T21:06:10.170095+00:00,154.0,3,ask,,,9959601
2026-07-06T21:06:10.730260,2026-07-06T21:06:10.733544+00:00,154.1,3,bid,,,9959613
2026-07-06T21:06:10.947166,2026-07-06T21:06:10.958562+00:00,154.1,8,bid,,,9959620
2026-07-06T21:06:11.215209,2026-07-06T21:06:11.224098+00:00,154.1,8,bid,,,9959627
2026-07-06T21:06:11.594614,2026-07-06T21:06:11.601186+00:00,153.9,20,ask,,,9959635
2026-07-06T21:06:12.242934,2026-07-06T21:06:12.250852+00:00,154.1,8,bid,,,9959645
2026-07-06T21:06:13.021569,2026-07-06T21:06:13.028976+00:00,154.1,8,bid,,,9959657
2026-07-06T21:06:18.044845,2026-07-06T21:06:18.049204+00:00,153.8,3,ask,,,9959725
2026-07-06T21:06:18.875339,2026-07-06T21:06:18.887000+00:00,153.8,8,ask,,,9959733
2026-07-06T21:06:19.364282,2026-07-06T21:06:19.368021+00:00,153.9,11,ask,,,9959747
2026-07-06T21:06:24.619958,2026-07-06T21:06:24.628775+00:00,154.1,200,bid,,,9959816
2026-07-06T21:06:25.045178,2026-07-06T21:06:25.058606+00:00,154.1,20,ask,,,9959825
2026-07-06T21:06:26.736719,2026-07-06T21:06:26.748139+00:00,154.2,500,ask,,,9959847
2026-07-06T21:06:27.337990,2026-07-06T21:06:27.348947+00:00,154.1,200,ask,,,9959859
2026-07-06T21:06:27.337990,2026-07-06T21:06:27.348947+00:00,154.1,300,ask,,,9959860
2026-07-06T21:06:27.939314,2026-07-06T21:06:27.950189+00:00,154.1,325,ask,,,9959869
2026-07-06T21:06:31.546647,2026-07-06T21:06:31.558548+00:00,154.2,8,bid,,,9959914
2026-07-06T21:06:33.798081,2026-07-06T21:06:33.809115+00:00,154.2,200,ask,,,9959944
2026-07-06T21:06:34.054958,2026-07-06T21:06:34.058611+00:00,154.0,200,bid,,,9959950
2026-07-06T21:06:36.106885,2026-07-06T21:06:36.111136+00:00,154.0,35,ask,,,9959979
2026-07-06T21:06:36.321150,2026-07-06T21:06:36.330830+00:00,154.0,8,ask,,,9959981
2026-07-06T21:06:37.829479,2026-07-06T21:06:37.863944+00:00,153.9,8,ask,,,9960003
2026-07-06T21:06:39.123477,2026-07-06T21:06:39.132002+00:00,153.9,7,ask,,,9960019
2026-07-06T21:06:40.645775,2026-07-06T21:06:40.645829+00:00,154.1,200,bid,,,9960041
2026-07-06T21:06:41.918636,2026-07-06T21:06:41.929668+00:00,154.1,9,ask,,,9960053
2026-07-06T21:06:42.173336,2026-07-06T21:06:42.184940+00:00,154.1,8,ask,,,9960058
2026-07-06T21:06:44.191094,2026-07-06T21:06:44.202382+00:00,154.1,8,ask,,,9960094
2026-07-06T21:06:44.216682,2026-07-06T21:06:44.228241+00:00,154.3,20,bid,,,9960095
2026-07-06T21:06:45.710291,2026-07-06T21:06:45.721579+00:00,154.3,8,ask,,,9960123
2026-07-06T21:06:46.178687,2026-07-06T21:06:46.189230+00:00,154.3,200,ask,,,9960128
2026-07-06T21:06:46.227095,2026-07-06T21:06:46.237375+00:00,154.3,8,ask,,,9960129
2026-07-06T21:06:51.503680,2026-07-06T21:06:51.515530+00:00,154.1,8,ask,,,9960189
2026-07-06T21:06:52.529074,2026-07-06T21:06:52.537697+00:00,154.1,8,ask,,,9960213
2026-07-06T21:06:54.589981,2026-07-06T21:06:54.593515+00:00,154.1,11,ask,,,9960252
2026-07-06T21:06:54.794055,2026-07-06T21:06:54.805273+00:00,154.0,8,ask,,,9960257
2026-07-06T21:06:55.081716,2026-07-06T21:06:55.086084+00:00,154.0,11,ask,,,9960264
2026-07-06T21:06:55.332883,2026-07-06T21:06:55.344523+00:00,154.2,20,bid,,,9960273
2026-07-06T21:06:55.881881,2026-07-06T21:06:55.886652+00:00,154.1,12,ask,,,9960280
2026-07-06T21:06:56.107144,2026-07-06T21:06:56.118063+00:00,154.1,188,ask,,,9960282
2026-07-06T21:06:56.392080,2026-07-06T21:06:56.402123+00:00,154.1,437,bid,,,9960285
2026-07-06T21:06:57.010041,2026-07-06T21:06:57.013539+00:00,154.2,11,ask,,,9960306
2026-07-06T21:06:58.044570,2026-07-06T21:06:58.055961+00:00,154.2,20,ask,,,9960315
2026-07-06T21:06:58.883160,2026-07-06T21:06:58.886854+00:00,154.3,8,bid,,,9960325
2026-07-06T21:06:59.122449,2026-07-06T21:06:59.134000+00:00,154.2,8,ask,,,9960331
2026-07-06T21:06:59.911155,2026-07-06T21:06:59.914867+00:00,154.3,3,bid,,,9960342
2026-07-06T21:07:00.032921,2026-07-06T21:07:00.040111+00:00,154.3,197,bid,,,9960345
2026-07-06T21:07:00.150305,2026-07-06T21:07:00.163894+00:00,154.3,3,ask,,,9960349
2026-07-06T21:07:00.908455,2026-07-06T21:07:00.914943+00:00,154.3,5,ask,,,9960359
2026-07-06T21:07:01.920993,2026-07-06T21:07:01.929780+00:00,154.3,8,bid,,,9960370
2026-07-06T21:07:02.657325,2026-07-06T21:07:02.670366+00:00,154.3,192,bid,,,9960378
2026-07-06T21:07:04.025260,2026-07-06T21:07:04.028893+00:00,154.4,23,bid,,,9960395
2026-07-06T21:07:05.200143,2026-07-06T21:07:05.211527+00:00,154.4,8,bid,,,9960405
2026-07-06T21:07:06.588930,2026-07-06T21:07:06.597838+00:00,154.4,500,ask,,,9960425
2026-07-06T21:07:06.753623,2026-07-06T21:07:06.763956+00:00,154.4,125,bid,,,9960427
2026-07-06T21:07:07.157822,2026-07-06T21:07:07.169559+00:00,154.4,20,ask,,,9960433
2026-07-06T21:07:07.970772,2026-07-06T21:07:07.982194+00:00,154.5,200,ask,,,9960442
2026-07-06T21:07:09.184832,2026-07-06T21:07:09.193624+00:00,154.5,200,ask,,,9960462
2026-07-06T21:07:09.250974,2026-07-06T21:07:09.255015+00:00,154.5,11,bid,,,9960464
2026-07-06T21:07:09.517345,2026-07-06T21:07:09.524766+00:00,154.5,8,bid,,,9960468
2026-07-06T21:07:10.394683,2026-07-06T21:07:10.405969+00:00,154.5,200,bid,,,9960485
2026-07-06T21:07:14.000285,2026-07-06T21:07:14.004275+00:00,154.5,12,bid,,,9960528
2026-07-06T21:07:14.491448,2026-07-06T21:07:14.499503+00:00,154.5,200,ask,,,9960534
2026-07-06T21:07:14.761940,2026-07-06T21:07:14.773380+00:00,154.5,20,bid,,,9960538
2026-07-06T21:07:15.581608,2026-07-06T21:07:15.591184+00:00,154.5,8,bid,,,9960554
2026-07-06T21:07:15.723428,2026-07-06T21:07:15.734694+00:00,154.5,20,bid,,,9960557
2026-07-06T21:07:15.836234,2026-07-06T21:07:15.863630+00:00,154.6,8,bid,,,9960561
2026-07-06T21:07:17.878355,2026-07-06T21:07:17.889616+00:00,154.7,8,bid,,,9960585
2026-07-06T21:07:20.088686,2026-07-06T21:07:20.098750+00:00,154.5,200,ask,,,9960610
2026-07-06T21:07:20.335036,2026-07-06T21:07:20.338322+00:00,154.8,23,bid,,,9960615
2026-07-06T21:07:20.398306,2026-07-06T21:07:20.406066+00:00,154.8,8,bid,,,9960617
2026-07-06T21:07:20.589926,2026-07-06T21:07:20.601253+00:00,154.5,20,ask,,,9960620
2026-07-06T21:07:21.064786,2026-07-06T21:07:21.068934+00:00,154.7,11,bid,,,9960630
2026-07-06T21:07:21.163501,2026-07-06T21:07:21.170651+00:00,154.7,3,bid,,,9960633
2026-07-06T21:07:21.425637,2026-07-06T21:07:21.433814+00:00,154.7,3,bid,,,9960640
2026-07-06T21:07:21.690271,2026-07-06T21:07:21.697104+00:00,154.7,3,bid,,,9960643
2026-07-06T21:07:21.950067,2026-07-06T21:07:21.964082+00:00,154.7,3,bid,,,9960649
2026-07-06T21:07:22.210207,2026-07-06T21:07:22.219995+00:00,154.7,3,bid,,,9960656
2026-07-06T21:07:22.981155,2026-07-06T21:07:22.987450+00:00,154.7,3,bid,,,9960664
2026-07-06T21:07:23.242342,2026-07-06T21:07:23.250495+00:00,154.7,3,bid,,,9960673
2026-07-06T21:07:23.501803,2026-07-06T21:07:23.508226+00:00,154.7,3,bid,,,9960676
2026-07-06T21:07:24.270463,2026-07-06T21:07:24.279551+00:00,154.8,8,bid,,,9960685
2026-07-06T21:07:26.682890,2026-07-06T21:07:26.686379+00:00,154.8,3,bid,,,9960709
2026-07-06T21:07:26.822659,2026-07-06T21:07:26.830349+00:00,154.8,11,bid,,,9960717
2026-07-06T21:07:27.725910,2026-07-06T21:07:27.758585+00:00,154.7,20,ask,,,9960727
2026-07-06T21:07:29.788524,2026-07-06T21:07:29.797863+00:00,154.8,200,bid,,,9960753
2026-07-06T21:07:30.230064,2026-07-06T21:07:30.236721+00:00,154.8,300,bid,,,9960757
2026-07-06T21:07:30.276945,2026-07-06T21:07:30.287991+00:00,154.8,325,ask,,,9960759
2026-07-06T21:07:31.486848,2026-07-06T21:07:31.498257+00:00,154.7,200,ask,,,9960774
2026-07-06T21:07:32.861786,2026-07-06T21:07:32.869588+00:00,154.7,5,bid,,,9960790
2026-07-06T21:07:33.731121,2026-07-06T21:07:33.738227+00:00,154.5,20,ask,,,9960804
2026-07-06T21:07:35.485391,2026-07-06T21:07:35.492684+00:00,154.4,200,ask,,,9960826
2026-07-06T21:07:38.260193,2026-07-06T21:07:38.269903+00:00,154.3,200,bid,,,9960874
2026-07-06T21:07:39.156281,2026-07-06T21:07:39.167839+00:00,154.1,8,ask,,,9960885
2026-07-06T21:07:39.928689,2026-07-06T21:07:39.932622+00:00,154.2,3,ask,,,9960897
2026-07-06T21:07:40.171076,2026-07-06T21:07:40.182556+00:00,154.4,3,bid,,,9960902
2026-07-06T21:07:40.588744,2026-07-06T21:07:40.592250+00:00,154.3,5,ask,,,9960904
2026-07-06T21:07:40.676524,2026-07-06T21:07:40.685459+00:00,154.4,200,bid,,,9960905
2026-07-06T21:07:40.680278,2026-07-06T21:07:40.690900+00:00,154.4,5,bid,,,9960906
2026-07-06T21:07:41.192014,2026-07-06T21:07:41.195683+00:00,154.4,6,ask,,,9960913
2026-07-06T21:07:41.750132,2026-07-06T21:07:41.758580+00:00,154.4,20,ask,,,9960922
2026-07-06T21:07:42.206809,2026-07-06T21:07:42.216680+00:00,154.4,8,ask,,,9960930
2026-07-06T21:07:42.508148,2026-07-06T21:07:42.512528+00:00,154.5,14,bid,,,9960936
2026-07-06T21:07:42.733235,2026-07-06T21:07:42.764090+00:00,154.5,8,bid,,,9960937
2026-07-06T21:07:42.767803,2026-07-06T21:07:42.774290+00:00,154.4,20,ask,,,9960938
2026-07-06T21:07:44.257224,2026-07-06T21:07:44.268612+00:00,154.5,20,bid,,,9960959
2026-07-06T21:07:44.652358,2026-07-06T21:07:44.658559+00:00,154.4,200,ask,,,9960961
2026-07-06T21:07:45.251517,2026-07-06T21:07:45.258616+00:00,154.2,8,ask,,,9960970
2026-07-06T21:07:45.430449,2026-07-06T21:07:45.438564+00:00,154.4,20,bid,,,9960972
2026-07-06T21:07:45.779460,2026-07-06T21:07:45.784911+00:00,154.3,3,ask,,,9960976
2026-07-06T21:07:46.034479,2026-07-06T21:07:46.043651+00:00,154.4,3,bid,,,9960979
2026-07-06T21:07:46.258569,2026-07-06T21:07:46.268929+00:00,154.3,20,ask,,,9960982
2026-07-06T21:07:46.717875,2026-07-06T21:07:46.727226+00:00,154.4,200,bid,,,9960986
2026-07-06T21:07:47.542486,2026-07-06T21:07:47.553743+00:00,154.5,4,bid,,,9960994
2026-07-06T21:07:51.551084,2026-07-06T21:07:51.564005+00:00,154.5,200,bid,,,9961032
2026-07-06T21:07:51.995026,2026-07-06T21:07:51.999114+00:00,154.5,3,bid,,,9961035
2026-07-06T21:07:52.075531,2026-07-06T21:07:52.084649+00:00,154.5,422,bid,,,9961037
2026-07-06T21:07:52.766351,2026-07-06T21:07:52.774281+00:00,154.6,200,ask,,,9961053
2026-07-06T21:07:55.148438,2026-07-06T21:07:55.145918+00:00,154.7,200,bid,,,9961082
2026-07-06T21:07:56.812803,2026-07-06T21:07:56.824271+00:00,154.9,20,bid,,,9961103
2026-07-06T21:07:58.968398,2026-07-06T21:07:58.976515+00:00,154.8,20,ask,,,9961126
2026-07-06T21:08:01.513622,2026-07-06T21:08:01.525249+00:00,154.7,20,ask,,,9961164
2026-07-06T21:08:02.300049,2026-07-06T21:08:02.311371+00:00,155.0,20,bid,,,9961176
2026-07-06T21:08:04.334645,2026-07-06T21:08:04.345028+00:00,154.9,200,bid,,,9961208
2026-07-06T21:08:09.008538,2026-07-06T21:08:09.020019+00:00,155.0,20,bid,,,9961281
2026-07-06T21:08:10.971014,2026-07-06T21:08:10.980679+00:00,154.8,200,bid,,,9961313
2026-07-06T21:08:12.193977,2026-07-06T21:08:12.198109+00:00,154.7,3,ask,,,9961324
2026-07-06T21:08:14.611761,2026-07-06T21:08:14.615918+00:00,154.8,11,ask,,,9961359
2026-07-06T21:08:14.837928,2026-07-06T21:08:14.838362+00:00,154.8,189,ask,,,9961362
2026-07-06T21:08:14.971935,2026-07-06T21:08:14.983260+00:00,154.6,7,ask,,,9961364
2026-07-06T21:08:17.475296,2026-07-06T21:08:17.479331+00:00,154.8,12,ask,,,9961399
2026-07-06T21:08:18.102453,2026-07-06T21:08:18.125994+00:00,154.9,200,bid,,,9961410
2026-07-06T21:08:18.122202,2026-07-06T21:08:18.125994+00:00,154.9,11,ask,,,9961413
2026-07-06T21:08:18.248348,2026-07-06T21:08:18.259149+00:00,154.9,200,ask,,,9961415
2026-07-06T21:08:18.776162,2026-07-06T21:08:18.789224+00:00,154.9,8,ask,,,9961425
2026-07-06T21:08:20.094877,2026-07-06T21:08:20.101187+00:00,154.9,200,bid,,,9961440
2026-07-06T21:08:20.665019,2026-07-06T21:08:20.675423+00:00,155.0,200,ask,,,9961454
2026-07-06T21:08:23.095012,2026-07-06T21:08:23.105710+00:00,154.9,8,ask,,,9961486
2026-07-06T21:08:24.043535,2026-07-06T21:08:24.047262+00:00,155.0,11,bid,,,9961501
2026-07-06T21:08:24.112774,2026-07-06T21:08:24.123500+00:00,155.0,8,bid,,,9961503
2026-07-06T21:08:24.302647,2026-07-06T21:08:24.313730+00:00,155.0,200,bid,,,9961506
2026-07-06T21:08:29.282676,2026-07-06T21:08:29.292562+00:00,154.9,200,ask,,,9961558
2026-07-06T21:08:30.353852,2026-07-06T21:08:30.363798+00:00,154.9,200,bid,,,9961572
2026-07-06T21:08:31.675128,2026-07-06T21:08:31.686588+00:00,155.0,8,ask,,,9961592
2026-07-06T21:08:36.684503,2026-07-06T21:08:36.693456+00:00,155.1,8,bid,,,9961655
2026-07-06T21:08:37.158110,2026-07-06T21:08:37.169031+00:00,155.1,192,bid,,,9961664
2026-07-06T21:08:37.954211,2026-07-06T21:08:37.963883+00:00,155.4,8,bid,,,9961671
2026-07-06T21:08:38.467534,2026-07-06T21:08:38.474721+00:00,155.1,200,ask,,,9961674
2026-07-06T21:08:40.223490,2026-07-06T21:08:40.235005+00:00,155.2,8,bid,,,9961699
2026-07-06T21:08:41.241470,2026-07-06T21:08:41.248781+00:00,155.1,200,bid,,,9961709
2026-07-06T21:08:44.156456,2026-07-06T21:08:44.163639+00:00,155.3,20,bid,,,9961742
2026-07-06T21:08:44.429999,2026-07-06T21:08:44.441342+00:00,155.1,20,ask,,,9961747
2026-07-06T21:08:45.276131,2026-07-06T21:08:45.279831+00:00,155.3,23,bid,,,9961757
2026-07-06T21:08:49.717141,2026-07-06T21:08:49.726299+00:00,155.2,200,ask,,,9961821
2026-07-06T21:08:52.889913,2026-07-06T21:08:52.896051+00:00,155.3,200,bid,,,9961855
2026-07-06T21:08:53.343012,2026-07-06T21:08:53.353289+00:00,155.3,200,ask,,,9961862
2026-07-06T21:08:57.916393,2026-07-06T21:08:57.919986+00:00,155.5,3,bid,,,9961913
2026-07-06T21:09:00.317637,2026-07-06T21:09:00.329098+00:00,155.3,20,ask,,,9961951
2026-07-06T21:09:03.036713,2026-07-06T21:09:03.044037+00:00,155.3,200,ask,,,9961986
2026-07-06T21:09:04.740300,2026-07-06T21:09:04.748845+00:00,155.3,20,ask,,,9962000
2026-07-06T21:09:05.456966,2026-07-06T21:09:05.468859+00:00,155.3,200,ask,,,9962003
2026-07-06T21:09:12.542788,2026-07-06T21:09:12.558900+00:00,155.2,200,ask,,,9962088
2026-07-06T21:09:12.710653,2026-07-06T21:09:12.764510+00:00,155.1,200,bid,,,9962091
2026-07-06T21:09:15.345137,2026-07-06T21:09:15.351490+00:00,155.1,20,ask,,,9962127
2026-07-06T21:09:19.799603,2026-07-06T21:09:19.811077+00:00,155.1,20,bid,,,9962181
2026-07-06T21:09:20.673939,2026-07-06T21:09:20.677759+00:00,154.9,14,ask,,,9962196
2026-07-06T21:09:20.762280,2026-07-06T21:09:20.772776+00:00,154.9,8,ask,,,9962199
2026-07-06T21:09:21.209990,2026-07-06T21:09:21.214176+00:00,155.0,12,ask,,,9962205
2026-07-06T21:09:22.298396,2026-07-06T21:09:22.306949+00:00,155.0,8,ask,,,9962224
2026-07-06T21:09:22.408673,2026-07-06T21:09:22.417676+00:00,155.1,200,bid,,,9962228
2026-07-06T21:09:22.553747,2026-07-06T21:09:22.565385+00:00,155.1,8,bid,,,9962232
2026-07-06T21:09:23.608777,2026-07-06T21:09:23.616041+00:00,155.2,8,bid,,,9962251
2026-07-06T21:09:26.621279,2026-07-06T21:09:26.632103+00:00,155.1,8,ask,,,9962291
2026-07-06T21:09:27.250841,2026-07-06T21:09:27.263917+00:00,155.2,200,ask,,,9962295
2026-07-06T21:09:29.668153,2026-07-06T21:09:29.677818+00:00,155.2,200,ask,,,9962328
2026-07-06T21:09:29.748044,2026-07-06T21:09:29.759505+00:00,155.2,20,ask,,,9962330
2026-07-06T21:09:30.641637,2026-07-06T21:09:30.652871+00:00,155.5,8,bid,,,9962346
2026-07-06T21:09:33.292761,2026-07-06T21:09:33.299478+00:00,155.2,200,ask,,,9962374
2026-07-06T21:09:37.447914,2026-07-06T21:09:37.458586+00:00,155.1,200,ask,,,9962426
2026-07-06T21:09:38.130729,2026-07-06T21:09:38.138484+00:00,155.1,200,bid,,,9962438
2026-07-06T21:09:39.338691,2026-07-06T21:09:39.358548+00:00,155.3,200,ask,,,9962458
2026-07-06T21:09:41.180223,2026-07-06T21:09:41.191648+00:00,155.3,20,bid,,,9962478
2026-07-06T21:09:41.772488,2026-07-06T21:09:41.776453+00:00,155.1,12,bid,,,9962488
2026-07-06T21:09:43.457351,2026-07-06T21:09:43.466956+00:00,155.0,8,ask,,,9962507
2026-07-06T21:09:45.377808,2026-07-06T21:09:45.387409+00:00,155.3,200,bid,,,9962530
2026-07-06T21:09:46.500065,2026-07-06T21:09:46.511004+00:00,155.1,20,ask,,,9962543
2026-07-06T21:09:47.944206,2026-07-06T21:09:47.958637+00:00,155.3,200,bid,,,9962561
2026-07-06T21:09:47.944206,2026-07-06T21:09:47.958637+00:00,155.4,425,bid,,,9962562
2026-07-06T21:09:49.232319,2026-07-06T21:09:49.243879+00:00,155.3,8,bid,,,9962591
2026-07-06T21:09:50.108309,2026-07-06T21:09:50.116855+00:00,155.2,200,ask,,,9962599
2026-07-06T21:09:50.130405,2026-07-06T21:09:50.134095+00:00,155.2,11,bid,,,9962603
2026-07-06T21:09:50.200462,2026-07-06T21:09:50.212117+00:00,155.2,20,bid,,,9962604
2026-07-06T21:09:51.746705,2026-07-06T21:09:51.758587+00:00,155.1,8,ask,,,9962627
2026-07-06T21:09:51.944619,2026-07-06T21:09:51.952405+00:00,155.1,500,ask,,,9962629
2026-07-06T21:09:53.195668,2026-07-06T21:09:53.205532+00:00,155.0,200,ask,,,9962650
2026-07-06T21:09:53.734394,2026-07-06T21:09:53.746046+00:00,154.7,20,ask,,,9962657
2026-07-06T21:09:53.842613,2026-07-06T21:09:53.852359+00:00,155.0,200,bid,,,9962660
2026-07-06T21:09:54.032178,2026-07-06T21:09:54.042128+00:00,155.0,8,bid,,,9962661
2026-07-06T21:09:55.052901,2026-07-06T21:09:55.063577+00:00,155.1,200,bid,,,9962672
2026-07-06T21:09:56.263190,2026-07-06T21:09:56.269552+00:00,155.1,200,bid,,,9962692
2026-07-06T21:09:57.475092,2026-07-06T21:09:57.486590+00:00,155.1,200,bid,,,9962707
2026-07-06T21:09:58.686333,2026-07-06T21:09:58.696555+00:00,155.1,200,bid,,,9962725
2026-07-06T21:09:58.692339,2026-07-06T21:09:58.696555+00:00,154.9,11,ask,,,9962726
2026-07-06T21:09:59.753629,2026-07-06T21:09:59.754225+00:00,155.1,500,bid,,,9962739
2026-07-06T21:09:59.767542,2026-07-06T21:09:59.771516+00:00,155.1,23,ask,,,9962742
2026-07-06T21:09:59.822721,2026-07-06T21:09:59.835646+00:00,155.2,20,bid,,,9962743
2026-07-06T21:09:59.897088,2026-07-06T21:09:59.903667+00:00,155.2,200,bid,,,9962745
2026-07-06T21:10:01.110446,2026-07-06T21:10:01.118177+00:00,155.0,200,bid,,,9962762
2026-07-06T21:10:02.322509,2026-07-06T21:10:02.334201+00:00,155.0,200,bid,,,9962784
2026-07-06T21:10:02.827479,2026-07-06T21:10:02.858647+00:00,155.0,500,ask,,,9962790
2026-07-06T21:10:03.456106,2026-07-06T21:10:03.468969+00:00,155.0,125,ask,,,9962797
2026-07-06T21:10:03.533257,2026-07-06T21:10:03.542047+00:00,155.0,200,bid,,,9962798
2026-07-06T21:10:04.379759,2026-07-06T21:10:04.383843+00:00,155.0,11,bid,,,9962813
2026-07-06T21:10:04.747912,2026-07-06T21:10:04.753435+00:00,155.0,200,bid,,,9962817
2026-07-06T21:10:05.959546,2026-07-06T21:10:05.968983+00:00,155.0,200,bid,,,9962831
2026-07-06T21:10:06.327842,2026-07-06T21:10:06.334003+00:00,155.0,300,bid,,,9962837
2026-07-06T21:10:07.640343,2026-07-06T21:10:07.650811+00:00,155.0,200,ask,,,9962852
2026-07-06T21:10:08.306728,2026-07-06T21:10:08.310642+00:00,154.9,12,bid,,,9962862
2026-07-06T21:10:08.402223,2026-07-06T21:10:08.413872+00:00,154.9,200,bid,,,9962864
2026-07-06T21:10:08.898913,2026-07-06T21:10:08.909698+00:00,154.8,500,ask,,,9962868
2026-07-06T21:10:09.537452,2026-07-06T21:10:09.541343+00:00,154.8,11,bid,,,9962876
2026-07-06T21:10:09.619204,2026-07-06T21:10:09.629729+00:00,154.8,200,bid,,,9962880
2026-07-06T21:10:10.729971,2026-07-06T21:10:10.737096+00:00,154.7,500,ask,,,9962893
2026-07-06T21:10:11.577663,2026-07-06T21:10:11.584289+00:00,154.7,200,ask,,,9962903
2026-07-06T21:10:12.037602,2026-07-06T21:10:12.046250+00:00,154.7,200,bid,,,9962909
2026-07-06T21:10:14.466837,2026-07-06T21:10:14.478352+00:00,154.7,200,bid,,,9962940
2026-07-06T21:10:15.576757,2026-07-06T21:10:15.587752+00:00,154.6,500,ask,,,9962951
2026-07-06T21:10:16.173604,2026-07-06T21:10:16.180619+00:00,154.6,125,ask,,,9962958
2026-07-06T21:10:16.173604,2026-07-06T21:10:16.185587+00:00,154.5,200,ask,,,9962959
2026-07-06T21:10:16.822916,2026-07-06T21:10:16.833653+00:00,154.5,500,bid,,,9962973
2026-07-06T21:10:17.381584,2026-07-06T21:10:17.392930+00:00,154.6,200,ask,,,9962979
2026-07-06T21:10:17.381584,2026-07-06T21:10:17.392930+00:00,154.5,125,ask,,,9962980
2026-07-06T21:10:17.775880,2026-07-06T21:10:17.786273+00:00,153.6,8,ask,,,9962991
2026-07-06T21:10:18.092468,2026-07-06T21:10:18.101458+00:00,154.5,200,bid,,,9962993
2026-07-06T21:10:18.147629,2026-07-06T21:10:18.151336+00:00,154.2,11,ask,,,9962998
2026-07-06T21:10:19.307819,2026-07-06T21:10:19.315468+00:00,154.4,200,bid,,,9963016
2026-07-06T21:10:19.323127,2026-07-06T21:10:19.330927+00:00,154.2,8,ask,,,9963017
2026-07-06T21:10:20.532511,2026-07-06T21:10:20.536195+00:00,154.3,12,ask,,,9963033
2026-07-06T21:10:20.851291,2026-07-06T21:10:20.859448+00:00,154.5,8,bid,,,9963038
2026-07-06T21:10:21.366060,2026-07-06T21:10:21.373786+00:00,154.3,8,ask,,,9963048
2026-07-06T21:10:24.140822,2026-07-06T21:10:24.158612+00:00,154.5,200,bid,,,9963078
2026-07-06T21:10:24.166132,2026-07-06T21:10:24.174429+00:00,154.5,8,bid,,,9963079
2026-07-06T21:10:24.697403,2026-07-06T21:10:24.704895+00:00,154.4,500,bid,,,9963083
2026-07-06T21:10:24.962223,2026-07-06T21:10:24.979588+00:00,154.8,20,bid,,,9963086
2026-07-06T21:10:25.242953,2026-07-06T21:10:25.254227+00:00,154.5,125,ask,,,9963089
2026-07-06T21:10:25.352327,2026-07-06T21:10:25.358557+00:00,154.4,200,bid,,,9963092
2026-07-06T21:10:25.696896,2026-07-06T21:10:25.707478+00:00,153.6,8,ask,,,9963101
2026-07-06T21:10:27.199523,2026-07-06T21:10:27.201915+00:00,154.3,11,ask,,,9963114
2026-07-06T21:10:27.693511,2026-07-06T21:10:27.703332+00:00,154.3,189,ask,,,9963122
2026-07-06T21:10:27.706853,2026-07-06T21:10:27.758560+00:00,154.1,8,ask,,,9963123
2026-07-06T21:10:30.187789,2026-07-06T21:10:30.196460+00:00,154.2,200,ask,,,9963148
2026-07-06T21:10:31.191607,2026-07-06T21:10:31.201130+00:00,154.4,20,bid,,,9963160
2026-07-06T21:10:35.030118,2026-07-06T21:10:35.040609+00:00,154.2,200,ask,,,9963206
2026-07-06T21:10:36.287323,2026-07-06T21:10:36.298487+00:00,154.1,8,ask,,,9963225
2026-07-06T21:10:37.827973,2026-07-06T21:10:37.864366+00:00,154.2,200,bid,,,9963248
2026-07-06T21:10:38.304370,2026-07-06T21:10:38.315986+00:00,154.4,8,bid,,,9963255
2026-07-06T21:10:38.658374,2026-07-06T21:10:38.669909+00:00,154.2,200,ask,,,9963257
2026-07-06T21:10:41.076535,2026-07-06T21:10:41.086416+00:00,154.1,8,ask,,,9963281
2026-07-06T21:10:44.386438,2026-07-06T21:10:44.396505+00:00,154.1,200,ask,,,9963319
2026-07-06T21:10:47.129311,2026-07-06T21:10:47.139200+00:00,154.2,200,bid,,,9963357
2026-07-06T21:10:50.884733,2026-07-06T21:10:50.896013+00:00,154.3,8,ask,,,9963395
2026-07-06T21:10:51.275037,2026-07-06T21:10:51.284651+00:00,154.3,192,ask,,,9963404
2026-07-06T21:10:51.853899,2026-07-06T21:10:51.865415+00:00,154.3,20,bid,,,9963414
2026-07-06T21:10:52.684320,2026-07-06T21:10:52.691722+00:00,154.0,8,ask,,,9963425
2026-07-06T21:10:52.742891,2026-07-06T21:10:52.763681+00:00,154.3,20,bid,,,9963427
2026-07-06T21:10:53.184989,2026-07-06T21:10:53.191464+00:00,154.2,200,bid,,,9963430
2026-07-06T21:10:54.410091,2026-07-06T21:10:54.413621+00:00,154.1,12,ask,,,9963453
2026-07-06T21:10:57.185532,2026-07-06T21:10:57.197226+00:00,154.3,20,bid,,,9963483
2026-07-06T21:10:59.243012,2026-07-06T21:10:59.253045+00:00,154.2,200,ask,,,9963519
2026-07-06T21:10:59.246861,2026-07-06T21:10:59.253045+00:00,154.2,8,ask,,,9963520
2026-07-06T21:11:00.453090,2026-07-06T21:11:00.457672+00:00,154.3,200,ask,,,9963532
2026-07-06T21:11:03.555017,2026-07-06T21:11:03.566691+00:00,154.2,8,bid,,,9963574
2026-07-06T21:11:05.293411,2026-07-06T21:11:05.299875+00:00,154.0,200,ask,,,9963597
2026-07-06T21:11:05.381366,2026-07-06T21:11:05.385542+00:00,153.9,23,bid,,,9963600
2026-07-06T21:11:06.340392,2026-07-06T21:11:06.350955+00:00,153.9,8,bid,,,9963617
2026-07-06T21:11:06.501556,2026-07-06T21:11:06.509241+00:00,153.9,200,bid,,,9963622
2026-07-06T21:11:06.651749,2026-07-06T21:11:06.658577+00:00,153.9,20,bid,,,9963624
2026-07-06T21:11:09.871046,2026-07-06T21:11:09.881840+00:00,154.2,8,bid,,,9963663
2026-07-06T21:11:11.880386,2026-07-06T21:11:11.890208+00:00,154.1,8,bid,,,9963690
2026-07-06T21:11:12.548307,2026-07-06T21:11:12.558541+00:00,154.1,200,bid,,,9963708
2026-07-06T21:11:13.898894,2026-07-06T21:11:13.906940+00:00,154.0,8,ask,,,9963727
2026-07-06T21:11:14.982338,2026-07-06T21:11:14.992386+00:00,154.1,200,ask,,,9963740
2026-07-06T21:11:15.066310,2026-07-06T21:11:15.073889+00:00,154.3,20,bid,,,9963742
2026-07-06T21:11:16.665067,2026-07-06T21:11:16.676463+00:00,154.1,20,bid,,,9963767
2026-07-06T21:11:17.162947,2026-07-06T21:11:17.171837+00:00,154.1,180,bid,,,9963773
2026-07-06T21:11:17.399747,2026-07-06T21:11:17.410396+00:00,154.2,200,ask,,,9963777
2026-07-06T21:11:18.435325,2026-07-06T21:11:18.458588+00:00,154.4,8,bid,,,9963799
2026-07-06T21:11:20.209883,2026-07-06T21:11:20.221329+00:00,154.3,20,bid,,,9963822
2026-07-06T21:11:20.444102,2026-07-06T21:11:20.455679+00:00,154.3,8,bid,,,9963828
2026-07-06T21:11:21.116163,2026-07-06T21:11:21.119624+00:00,154.2,12,bid,,,9963835
2026-07-06T21:11:22.256040,2026-07-06T21:11:22.258560+00:00,154.2,8,bid,,,9963848
2026-07-06T21:11:22.513205,2026-07-06T21:11:22.525996+00:00,154.2,8,bid,,,9963851
2026-07-06T21:11:26.980916,2026-07-06T21:11:26.990188+00:00,154.1,500,ask,,,9963906
2026-07-06T21:11:27.244654,2026-07-06T21:11:27.248007+00:00,154.2,11,bid,,,9963911
2026-07-06T21:11:27.583500,2026-07-06T21:11:27.593735+00:00,154.1,125,ask,,,9963914
2026-07-06T21:11:27.621272,2026-07-06T21:11:27.625997+00:00,154.1,3,bid,,,9963916
2026-07-06T21:11:28.304248,2026-07-06T21:11:28.315201+00:00,154.1,200,bid,,,9963928
2026-07-06T21:11:30.032580,2026-07-06T21:11:30.040749+00:00,153.9,500,ask,,,9963943
2026-07-06T21:11:30.728167,2026-07-06T21:11:30.737286+00:00,153.9,200,bid,,,9963953
2026-07-06T21:11:31.940107,2026-07-06T21:11:31.951608+00:00,153.8,200,bid,,,9963974
2026-07-06T21:11:33.153372,2026-07-06T21:11:33.158580+00:00,153.8,200,bid,,,9963991
2026-07-06T21:11:33.458168,2026-07-06T21:11:33.469631+00:00,153.6,20,ask,,,9964001
2026-07-06T21:11:38.153707,2026-07-06T21:11:38.164135+00:00,153.8,500,bid,,,9964061
2026-07-06T21:11:38.153707,2026-07-06T21:11:38.164135+00:00,153.9,125,bid,,,9964062
2026-07-06T21:11:39.213825,2026-07-06T21:11:39.220761+00:00,153.8,200,bid,,,9964076
2026-07-06T21:11:39.399474,2026-07-06T21:11:39.410196+00:00,152.9,8,ask,,,9964080
2026-07-06T21:11:39.937519,2026-07-06T21:11:39.941249+00:00,153.5,3,ask,,,9964089
2026-07-06T21:11:41.670158,2026-07-06T21:11:41.681775+00:00,153.4,8,ask,,,9964113
2026-07-06T21:11:42.840196,2026-07-06T21:11:42.863655+00:00,153.4,200,bid,,,9964125
2026-07-06T21:11:43.468421,2026-07-06T21:11:43.479214+00:00,153.3,8,bid,,,9964136
2026-07-06T21:11:44.049509,2026-07-06T21:11:44.064107+00:00,153.3,200,bid,,,9964141
2026-07-06T21:11:45.259963,2026-07-06T21:11:45.268954+00:00,153.4,200,bid,,,9964156
2026-07-06T21:11:46.468452,2026-07-06T21:11:46.477706+00:00,153.2,200,bid,,,9964165
2026-07-06T21:11:47.679896,2026-07-06T21:11:47.688345+00:00,153.2,200,bid,,,9964186
2026-07-06T21:11:48.888227,2026-07-06T21:11:48.896801+00:00,153.1,200,bid,,,9964198
2026-07-06T21:11:49.977177,2026-07-06T21:11:49.980671+00:00,153.0,11,ask,,,9964210
2026-07-06T21:11:50.003160,2026-07-06T21:11:50.011895+00:00,153.0,500,ask,,,9964211
2026-07-06T21:11:50.096709,2026-07-06T21:11:50.105468+00:00,153.2,200,bid,,,9964213
2026-07-06T21:11:50.597782,2026-07-06T21:11:50.607765+00:00,153.0,114,ask,,,9964216
2026-07-06T21:11:51.306265,2026-07-06T21:11:51.315782+00:00,152.9,200,bid,,,9964229
2026-07-06T21:11:52.519018,2026-07-06T21:11:52.525851+00:00,152.9,200,bid,,,9964244
2026-07-06T21:11:52.601370,2026-07-06T21:11:52.605512+00:00,152.8,46,ask,,,9964247
2026-07-06T21:11:53.745950,2026-07-06T21:11:53.749501+00:00,152.9,4,ask,,,9964268
2026-07-06T21:11:53.748560,2026-07-06T21:11:53.765110+00:00,152.9,8,ask,,,9964269
2026-07-06T21:11:55.196345,2026-07-06T21:11:55.199664+00:00,153.0,500,bid,,,9964286
2026-07-06T21:11:55.710566,2026-07-06T21:11:55.714604+00:00,153.1,15,bid,,,9964296
2026-07-06T21:11:56.135276,2026-07-06T21:11:56.158579+00:00,153.0,20,ask,,,9964302
2026-07-06T21:11:57.366085,2026-07-06T21:11:57.375375+00:00,153.0,200,bid,,,9964317
2026-07-06T21:11:59.069712,2026-07-06T21:11:59.075831+00:00,152.9,6,ask,,,9964342
2026-07-06T21:11:59.789999,2026-07-06T21:11:59.799222+00:00,153.1,200,bid,,,9964350
2026-07-06T21:12:00.593961,2026-07-06T21:12:00.605449+00:00,152.9,6,ask,,,9964360
2026-07-06T21:12:01.919816,2026-07-06T21:12:01.931321+00:00,153.2,20,bid,,,9964383
2026-07-06T21:12:02.638722,2026-07-06T21:12:02.650387+00:00,153.0,8,ask,,,9964391
2026-07-06T21:12:03.060288,2026-07-06T21:12:03.071133+00:00,153.1,200,bid,,,9964395
2026-07-06T21:12:04.673623,2026-07-06T21:12:04.682036+00:00,153.2,8,ask,,,9964414
2026-07-06T21:12:06.979552,2026-07-06T21:12:06.990265+00:00,153.3,20,bid,,,9964448
2026-07-06T21:12:06.979770,2026-07-06T21:12:06.990265+00:00,153.2,8,ask,,,9964449
2026-07-06T21:12:06.991584,2026-07-06T21:12:07.000898+00:00,153.3,180,bid,,,9964450
2026-07-06T21:12:06.991584,2026-07-06T21:12:07.000898+00:00,153.4,445,bid,,,9964451
2026-07-06T21:12:07.815849,2026-07-06T21:12:07.819145+00:00,153.2,11,ask,,,9964466
2026-07-06T21:12:08.307961,2026-07-06T21:12:08.315333+00:00,153.2,200,ask,,,9964474
2026-07-06T21:12:09.043748,2026-07-06T21:12:09.050883+00:00,152.9,8,ask,,,9964485
2026-07-06T21:12:10.958203,2026-07-06T21:12:10.965025+00:00,153.1,200,ask,,,9964508
2026-07-06T21:12:11.053414,2026-07-06T21:12:11.065120+00:00,152.9,8,ask,,,9964511
2026-07-06T21:12:11.574132,2026-07-06T21:12:11.577791+00:00,152.9,11,ask,,,9964524
2026-07-06T21:12:11.905003,2026-07-06T21:12:11.908632+00:00,153.0,12,ask,,,9964529
2026-07-06T21:12:12.588903,2026-07-06T21:12:12.600360+00:00,153.0,8,ask,,,9964540
2026-07-06T21:12:13.593084,2026-07-06T21:12:13.596802+00:00,153.1,11,ask,,,9964555
2026-07-06T21:12:15.274980,2026-07-06T21:12:15.286858+00:00,153.2,20,bid,,,9964583
2026-07-06T21:12:17.125268,2026-07-06T21:12:17.136634+00:00,153.2,8,ask,,,9964613
2026-07-06T21:12:18.894079,2026-07-06T21:12:18.904038+00:00,153.2,8,ask,,,9964638
2026-07-06T21:12:22.097533,2026-07-06T21:12:22.106131+00:00,153.3,200,ask,,,9964683
2026-07-06T21:12:22.728974,2026-07-06T21:12:22.774109+00:00,153.2,500,ask,,,9964694
2026-07-06T21:12:22.770280,2026-07-06T21:12:22.774109+00:00,153.0,8,bid,,,9964696
2026-07-06T21:12:22.779675,2026-07-06T21:12:22.783469+00:00,153.0,3,bid,,,9964698
2026-07-06T21:12:22.793809,2026-07-06T21:12:22.804343+00:00,153.0,200,bid,,,9964699
2026-07-06T21:12:22.940054,2026-07-06T21:12:22.967800+00:00,152.8,8,ask,,,9964700
2026-07-06T21:12:22.964236,2026-07-06T21:12:22.967800+00:00,153.0,8,bid,,,9964702
2026-07-06T21:12:23.096606,2026-07-06T21:12:23.108173+00:00,152.8,20,ask,,,9964703
2026-07-06T21:12:23.194866,2026-07-06T21:12:23.206234+00:00,152.8,8,ask,,,9964704
2026-07-06T21:12:23.715733,2026-07-06T21:12:23.727267+00:00,152.8,8,ask,,,9964711
2026-07-06T21:12:24.005345,2026-07-06T21:12:24.016412+00:00,153.0,200,bid,,,9964715
2026-07-06T21:12:24.228779,2026-07-06T21:12:24.232673+00:00,152.9,25,ask,,,9964721
2026-07-06T21:12:25.218441,2026-07-06T21:12:25.229397+00:00,153.0,200,bid,,,9964736
2026-07-06T21:12:25.416719,2026-07-06T21:12:25.423989+00:00,153.0,20,bid,,,9964737
2026-07-06T21:12:25.742596,2026-07-06T21:12:25.751545+00:00,152.9,500,ask,,,9964742
2026-07-06T21:12:26.335326,2026-07-06T21:12:26.343885+00:00,152.9,125,ask,,,9964756
2026-07-06T21:12:26.427313,2026-07-06T21:12:26.436699+00:00,152.9,200,bid,,,9964758
2026-07-06T21:12:26.506818,2026-07-06T21:12:26.514671+00:00,152.1,4,ask,,,9964760
2026-07-06T21:12:26.898072,2026-07-06T21:12:26.909407+00:00,152.6,20,ask,,,9964767
2026-07-06T21:12:27.637716,2026-07-06T21:12:27.646807+00:00,152.9,200,bid,,,9964776
2026-07-06T21:12:28.149302,2026-07-06T21:12:28.156597+00:00,152.9,500,ask,,,9964779
2026-07-06T21:12:28.848184,2026-07-06T21:12:28.858564+00:00,153.0,200,bid,,,9964787
2026-07-06T21:12:30.599498,2026-07-06T21:12:30.606792+00:00,152.8,200,ask,,,9964811
2026-07-06T21:12:31.798145,2026-07-06T21:12:31.804890+00:00,152.7,200,ask,,,9964825
2026-07-06T21:12:31.926129,2026-07-06T21:12:31.936271+00:00,152.7,300,bid,,,9964828
2026-07-06T21:12:34.211302,2026-07-06T21:12:34.222261+00:00,152.7,500,ask,,,9964853
2026-07-06T21:12:34.835488,2026-07-06T21:12:34.843346+00:00,152.7,200,ask,,,9964862
2026-07-06T21:12:36.095848,2026-07-06T21:12:36.102575+00:00,152.7,200,bid,,,9964877
2026-07-06T21:12:36.865772,2026-07-06T21:12:36.869511+00:00,152.7,6,bid,,,9964884
2026-07-06T21:12:37.304961,2026-07-06T21:12:37.313702+00:00,152.7,200,bid,,,9964887
2026-07-06T21:12:38.494533,2026-07-06T21:12:38.504674+00:00,152.8,500,bid,,,9964903
2026-07-06T21:12:38.576430,2026-07-06T21:12:38.587992+00:00,153.0,8,bid,,,9964904
2026-07-06T21:12:39.417043,2026-07-06T21:12:39.421030+00:00,152.9,11,bid,,,9964921
2026-07-06T21:12:40.600325,2026-07-06T21:12:40.611714+00:00,152.9,8,bid,,,9964940
2026-07-06T21:12:40.959341,2026-07-06T21:12:40.963094+00:00,152.8,12,bid,,,9964946
2026-07-06T21:12:41.118439,2026-07-06T21:12:41.128181+00:00,152.8,188,bid,,,9964947
2026-07-06T21:12:42.147894,2026-07-06T21:12:42.158576+00:00,152.8,200,ask,,,9964962
2026-07-06T21:12:45.155648,2026-07-06T21:12:45.163776+00:00,153.0,8,ask,,,9965005
2026-07-06T21:12:45.784594,2026-07-06T21:12:45.795482+00:00,153.0,200,ask,,,9965014
2026-07-06T21:12:46.163006,2026-07-06T21:12:46.174455+00:00,153.1,8,bid,,,9965018
2026-07-06T21:12:46.351176,2026-07-06T21:12:46.356037+00:00,153.2,11,bid,,,9965021
2026-07-06T21:12:46.402369,2026-07-06T21:12:46.406440+00:00,153.1,11,bid,,,9965026
2026-07-06T21:12:47.006906,2026-07-06T21:12:47.010595+00:00,153.0,12,bid,,,9965038
2026-07-06T21:12:48.994184,2026-07-06T21:12:49.003939+00:00,153.0,200,bid,,,9965068
2026-07-06T21:12:49.372985,2026-07-06T21:12:49.379663+00:00,153.1,425,ask,,,9965074
2026-07-06T21:12:52.934290,2026-07-06T21:12:52.937866+00:00,152.8,200,ask,,,9965126
2026-07-06T21:12:53.749271,2026-07-06T21:12:53.758573+00:00,152.8,8,bid,,,9965142
2026-07-06T21:12:55.432322,2026-07-06T21:12:55.443620+00:00,152.6,200,ask,,,9965166
2026-07-06T21:12:55.432322,2026-07-06T21:12:55.443620+00:00,152.6,300,ask,,,9965167
2026-07-06T21:12:55.902817,2026-07-06T21:12:55.906571+00:00,152.6,46,ask,,,9965175
2026-07-06T21:12:56.639090,2026-07-06T21:12:56.650201+00:00,152.6,154,ask,,,9965179
2026-07-06T21:12:58.840401,2026-07-06T21:12:58.858563+00:00,152.4,8,ask,,,9965203
2026-07-06T21:12:59.087680,2026-07-06T21:12:59.095707+00:00,152.4,200,ask,,,9965208
2026-07-06T21:13:02.140303,2026-07-06T21:13:02.167927+00:00,152.4,200,ask,,,9965241
2026-07-06T21:13:02.164402,2026-07-06T21:13:02.167927+00:00,152.4,8,bid,,,9965243
2026-07-06T21:13:02.175606,2026-07-06T21:13:02.183513+00:00,152.2,8,ask,,,9965244
2026-07-06T21:13:03.975398,2026-07-06T21:13:03.984029+00:00,152.3,8,ask,,,9965272
2026-07-06T21:13:04.776899,2026-07-06T21:13:04.780440+00:00,152.4,8,ask,,,9965288
2026-07-06T21:13:04.913834,2026-07-06T21:13:04.925512+00:00,152.5,20,bid,,,9965289
2026-07-06T21:13:06.355095,2026-07-06T21:13:06.358589+00:00,152.4,200,ask,,,9965308
2026-07-06T21:13:11.207071,2026-07-06T21:13:11.215930+00:00,152.5,200,ask,,,9965361
2026-07-06T21:13:12.640695,2026-07-06T21:13:12.648110+00:00,152.5,200,ask,,,9965375
2026-07-06T21:13:14.297340,2026-07-06T21:13:14.308879+00:00,152.5,8,bid,,,9965396
2026-07-06T21:13:15.268893,2026-07-06T21:13:15.279869+00:00,152.4,200,ask,,,9965407
2026-07-06T21:13:15.268893,2026-07-06T21:13:15.279869+00:00,152.3,425,ask,,,9965408
2026-07-06T21:13:15.868466,2026-07-06T21:13:15.879649+00:00,152.4,20,ask,,,9965416
2026-07-06T21:13:16.574885,2026-07-06T21:13:16.582067+00:00,152.5,200,bid,,,9965423
2026-07-06T21:13:17.262828,2026-07-06T21:13:17.269751+00:00,152.5,200,ask,,,9965433
2026-07-06T21:13:19.649034,2026-07-06T21:13:19.658571+00:00,152.5,200,bid,,,9965469
2026-07-06T21:13:19.685725,2026-07-06T21:13:19.695148+00:00,152.5,200,ask,,,9965470
2026-07-06T21:13:20.249386,2026-07-06T21:13:20.258599+00:00,152.6,500,bid,,,9965475
2026-07-06T21:13:20.898829,2026-07-06T21:13:20.906063+00:00,152.6,200,ask,,,9965492
2026-07-06T21:13:21.819441,2026-07-06T21:13:21.825850+00:00,152.5,500,ask,,,9965506
2026-07-06T21:13:22.050585,2026-07-06T21:13:22.060824+00:00,152.5,125,bid,,,9965514
2026-07-06T21:13:22.596255,2026-07-06T21:13:22.607764+00:00,152.6,20,bid,,,9965524
2026-07-06T21:13:23.126835,2026-07-06T21:13:23.129077+00:00,152.6,180,bid,,,9965531
2026-07-06T21:13:23.313226,2026-07-06T21:13:23.321326+00:00,152.7,200,ask,,,9965532
2026-07-06T21:13:24.538072,2026-07-06T21:13:24.541697+00:00,152.7,23,bid,,,9965545
2026-07-06T21:13:24.971087,2026-07-06T21:13:24.978781+00:00,152.7,8,bid,,,9965553
2026-07-06T21:13:25.480795,2026-07-06T21:13:25.492366+00:00,152.6,20,ask,,,9965563
2026-07-06T21:13:25.727098,2026-07-06T21:13:25.735433+00:00,152.6,200,ask,,,9965565
2026-07-06T21:13:26.933585,2026-07-06T21:13:26.941646+00:00,152.5,200,ask,,,9965583
2026-07-06T21:13:27.076195,2026-07-06T21:13:27.079884+00:00,152.6,11,bid,,,9965587
2026-07-06T21:13:27.597837,2026-07-06T21:13:27.609393+00:00,152.6,20,bid,,,9965596
2026-07-06T21:13:30.589993,2026-07-06T21:13:30.600288+00:00,152.6,200,bid,,,9965630
2026-07-06T21:13:30.802724,2026-07-06T21:13:30.810232+00:00,152.6,7,bid,,,9965635
2026-07-06T21:13:31.307792,2026-07-06T21:13:31.319042+00:00,152.7,8,bid,,,9965644
2026-07-06T21:13:32.311818,2026-07-06T21:13:32.318724+00:00,152.5,500,ask,,,9965655
2026-07-06T21:13:32.311818,2026-07-06T21:13:32.323988+00:00,152.5,125,ask,,,9965656
2026-07-06T21:13:33.339336,2026-07-06T21:13:33.350813+00:00,152.8,8,bid,,,9965666
2026-07-06T21:13:34.225088,2026-07-06T21:13:34.233188+00:00,152.6,200,ask,,,9965685
2026-07-06T21:13:35.610114,2026-07-06T21:13:35.621472+00:00,152.6,8,bid,,,9965696
2026-07-06T21:13:36.245547,2026-07-06T21:13:36.263778+00:00,152.5,500,ask,,,9965706
2026-07-06T21:13:36.270066,2026-07-06T21:13:36.273874+00:00,152.5,12,bid,,,9965708
2026-07-06T21:13:36.606703,2026-07-06T21:13:36.614635+00:00,152.5,113,bid,,,9965711
2026-07-06T21:13:36.646618,2026-07-06T21:13:36.658562+00:00,152.5,200,ask,,,9965715
2026-07-06T21:13:37.157578,2026-07-06T21:13:37.169118+00:00,153.4,8,bid,,,9965721
2026-07-06T21:13:38.866810,2026-07-06T21:13:38.876408+00:00,152.7,200,bid,,,9965742
2026-07-06T21:13:39.058577,2026-07-06T21:13:39.069047+00:00,152.7,200,ask,,,9965746
2026-07-06T21:13:39.704939,2026-07-06T21:13:39.714169+00:00,153.0,8,bid,,,9965755
2026-07-06T21:13:40.280256,2026-07-06T21:13:40.283819+00:00,152.8,11,bid,,,9965764
2026-07-06T21:13:41.508649,2026-07-06T21:13:41.515895+00:00,152.9,200,ask,,,9965782
2026-07-06T21:13:41.714181,2026-07-06T21:13:41.725766+00:00,153.1,8,bid,,,9965789
2026-07-06T21:13:42.715833,2026-07-06T21:13:42.764239+00:00,152.9,200,ask,,,9965809
2026-07-06T21:13:43.994106,2026-07-06T21:13:44.005467+00:00,152.9,8,bid,,,9965824
2026-07-06T21:13:44.128928,2026-07-06T21:13:44.136801+00:00,152.9,192,bid,,,9965826
2026-07-06T21:13:45.276111,2026-07-06T21:13:45.283156+00:00,153.0,8,bid,,,9965837
2026-07-06T21:13:45.755921,2026-07-06T21:13:45.753433+00:00,152.9,20,ask,,,9965850
2026-07-06T21:13:46.032611,2026-07-06T21:13:46.044051+00:00,153.0,8,bid,,,9965855
2026-07-06T21:13:50.688113,2026-07-06T21:13:50.697790+00:00,153.0,200,bid,,,9965893
2026-07-06T21:13:53.611519,2026-07-06T21:13:53.619315+00:00,152.8,20,ask,,,9965927
2026-07-06T21:13:54.065838,2026-07-06T21:13:54.073608+00:00,152.8,20,ask,,,9965932
2026-07-06T21:13:55.757210,2026-07-06T21:13:55.758649+00:00,152.9,20,ask,,,9965955
2026-07-06T21:13:55.820436,2026-07-06T21:13:55.832026+00:00,153.0,8,bid,,,9965957
2026-07-06T21:13:56.022845,2026-07-06T21:13:56.033696+00:00,152.9,200,bid,,,9965961
2026-07-06T21:13:56.689146,2026-07-06T21:13:56.700860+00:00,152.9,20,bid,,,9965972
2026-07-06T21:13:57.231928,2026-07-06T21:13:57.241955+00:00,152.9,200,bid,,,9965979
2026-07-06T21:13:58.560236,2026-07-06T21:13:58.571669+00:00,153.0,200,bid,,,9965996
2026-07-06T21:13:58.622260,2026-07-06T21:13:58.633468+00:00,153.3,8,bid,,,9966000
2026-07-06T21:13:59.886245,2026-07-06T21:13:59.889811+00:00,153.1,12,bid,,,9966021
2026-07-06T21:14:03.050229,2026-07-06T21:14:03.056476+00:00,153.1,20,ask,,,9966060
2026-07-06T21:14:04.285677,2026-07-06T21:14:04.297052+00:00,153.3,8,bid,,,9966075
2026-07-06T21:14:06.920214,2026-07-06T21:14:06.931213+00:00,153.3,200,bid,,,9966105
2026-07-06T21:14:08.118742,2026-07-06T21:14:08.122492+00:00,153.4,11,bid,,,9966124
2026-07-06T21:14:09.933594,2026-07-06T21:14:09.939828+00:00,153.4,20,bid,,,9966151
2026-07-06T21:14:10.556990,2026-07-06T21:14:10.563667+00:00,153.4,200,bid,,,9966158
2026-07-06T21:14:11.121847,2026-07-06T21:14:11.125797+00:00,153.3,3,bid,,,9966163
2026-07-06T21:14:14.381323,2026-07-06T21:14:14.392763+00:00,153.1,20,ask,,,9966209
2026-07-06T21:14:17.819585,2026-07-06T21:14:17.859239+00:00,153.1,200,bid,,,9966247
2026-07-06T21:14:20.870257,2026-07-06T21:14:20.879343+00:00,153.0,200,bid,,,9966298
2026-07-06T21:14:21.443808,2026-07-06T21:14:21.440972+00:00,153.0,200,ask,,,9966310
2026-07-06T21:14:21.747835,2026-07-06T21:14:21.758613+00:00,153.2,20,bid,,,9966311
2026-07-06T21:14:22.189907,2026-07-06T21:14:22.210445+00:00,152.8,200,ask,,,9966318
2026-07-06T21:14:22.207046,2026-07-06T21:14:22.210445+00:00,152.8,14,bid,,,9966322
2026-07-06T21:14:24.528083,2026-07-06T21:14:24.531880+00:00,152.6,14,ask,,,9966361
2026-07-06T21:14:24.805783,2026-07-06T21:14:24.813407+00:00,152.8,200,bid,,,9966365
2026-07-06T21:14:24.819010,2026-07-06T21:14:24.822540+00:00,152.8,14,ask,,,9966367
2026-07-06T21:14:25.075819,2026-07-06T21:14:25.084721+00:00,152.8,200,ask,,,9966374
2026-07-06T21:14:26.190616,2026-07-06T21:14:26.202203+00:00,152.6,6,ask,,,9966381
2026-07-06T21:14:27.047326,2026-07-06T21:14:27.051039+00:00,152.8,11,bid,,,9966398
2026-07-06T21:14:27.216447,2026-07-06T21:14:27.227594+00:00,152.8,4,bid,,,9966404
2026-07-06T21:14:27.442286,2026-07-06T21:14:27.446515+00:00,152.7,3,bid,,,9966408
2026-07-06T21:14:28.487544,2026-07-06T21:14:28.499178+00:00,152.7,3,bid,,,9966421
2026-07-06T21:14:28.703296,2026-07-06T21:14:28.710345+00:00,152.7,200,bid,,,9966425
2026-07-06T21:14:32.337635,2026-07-06T21:14:32.358643+00:00,152.5,200,ask,,,9966475
2026-07-06T21:14:34.250174,2026-07-06T21:14:34.246556+00:00,152.4,20,ask,,,9966488
2026-07-06T21:14:36.600770,2026-07-06T21:14:36.611254+00:00,152.4,200,ask,,,9966516
2026-07-06T21:14:36.600770,2026-07-06T21:14:36.611254+00:00,152.4,425,ask,,,9966517
2026-07-06T21:14:37.907489,2026-07-06T21:14:37.917461+00:00,152.6,200,bid,,,9966527
2026-07-06T21:14:38.437353,2026-07-06T21:14:38.458653+00:00,152.6,200,ask,,,9966540
2026-07-06T21:14:42.072388,2026-07-06T21:14:42.080287+00:00,152.3,200,ask,,,9966592
2026-07-06T21:14:43.283247,2026-07-06T21:14:43.292703+00:00,152.5,200,ask,,,9966601
2026-07-06T21:14:44.455163,2026-07-06T21:14:44.457707+00:00,152.5,500,ask,,,9966611
2026-07-06T21:14:44.463699,2026-07-06T21:14:44.467328+00:00,152.5,3,bid,,,9966613
2026-07-06T21:14:46.915232,2026-07-06T21:14:46.924336+00:00,152.5,200,ask,,,9966640
2026-07-06T21:14:48.386653,2026-07-06T21:14:48.396780+00:00,152.5,200,bid,,,9966658
2026-07-06T21:14:49.791774,2026-07-06T21:14:49.795429+00:00,152.7,11,bid,,,9966676
2026-07-06T21:14:54.171228,2026-07-06T21:14:54.177612+00:00,152.7,200,bid,,,9966732
2026-07-06T21:14:56.277929,2026-07-06T21:14:56.285743+00:00,152.6,200,ask,,,9966763
2026-07-06T21:14:56.277929,2026-07-06T21:14:56.285743+00:00,152.5,425,ask,,,9966764
2026-07-06T21:14:56.602849,2026-07-06T21:14:56.606774+00:00,152.7,12,bid,,,9966773
2026-07-06T21:14:57.815930,2026-07-06T21:14:57.819360+00:00,152.6,11,bid,,,9966783
2026-07-06T21:15:00.218764,2026-07-06T21:15:00.230774+00:00,152.5,200,ask,,,9966823
2026-07-06T21:15:01.427479,2026-07-06T21:15:01.438905+00:00,152.5,200,ask,,,9966836
2026-07-06T21:15:01.980533,2026-07-06T21:15:01.989836+00:00,152.6,500,bid,,,9966844
2026-07-06T21:15:02.018515,2026-07-06T21:15:02.026828+00:00,152.6,20,bid,,,9966846
2026-07-06T21:15:02.578473,2026-07-06T21:15:02.587451+00:00,152.6,105,bid,,,9966853
2026-07-06T21:15:02.825478,2026-07-06T21:15:02.864152+00:00,152.7,200,bid,,,9966856
2026-07-06T21:15:03.102666,2026-07-06T21:15:03.111661+00:00,152.7,20,ask,,,9966860
2026-07-06T21:15:05.447694,2026-07-06T21:15:05.455730+00:00,152.7,200,ask,,,9966891
2026-07-06T21:15:06.090618,2026-07-06T21:15:06.098712+00:00,152.5,20,ask,,,9966901
2026-07-06T21:15:07.430568,2026-07-06T21:15:07.441105+00:00,152.7,200,bid,,,9966918
2026-07-06T21:15:07.640231,2026-07-06T21:15:07.669154+00:00,152.8,20,bid,,,9966922
2026-07-06T21:15:08.032176,2026-07-06T21:15:08.034586+00:00,152.8,500,bid,,,9966927
2026-07-06T21:15:08.843416,2026-07-06T21:15:08.847128+00:00,152.9,34,bid,,,9966943
2026-07-06T21:15:10.463182,2026-07-06T21:15:10.469680+00:00,153.0,20,bid,,,9966965
2026-07-06T21:15:11.100437,2026-07-06T21:15:11.108895+00:00,152.9,200,ask,,,9966978
2026-07-06T21:15:12.311400,2026-07-06T21:15:12.318906+00:00,152.9,200,ask,,,9966998
2026-07-06T21:15:13.315161,2026-07-06T21:15:13.321592+00:00,152.9,500,ask,,,9967007
2026-07-06T21:15:13.474677,2026-07-06T21:15:13.484958+00:00,152.9,125,bid,,,9967011
2026-07-06T21:15:16.494110,2026-07-06T21:15:16.500593+00:00,153.1,200,bid,,,9967043
2026-07-06T21:15:16.514167,2026-07-06T21:15:16.517688+00:00,153.1,11,ask,,,9967046
2026-07-06T21:15:17.161193,2026-07-06T21:15:17.169225+00:00,153.1,200,ask,,,9967057
2026-07-06T21:15:17.251015,2026-07-06T21:15:17.258672+00:00,153.1,300,ask,,,9967058
2026-07-06T21:15:17.689460,2026-07-06T21:15:17.696332+00:00,153.0,325,bid,,,9967061
2026-07-06T21:15:18.558716,2026-07-06T21:15:18.568744+00:00,153.1,200,bid,,,9967082
2026-07-06T21:15:18.574929,2026-07-06T21:15:18.578615+00:00,153.2,11,ask,,,9967084
2026-07-06T21:15:19.576215,2026-07-06T21:15:19.584522+00:00,153.2,200,ask,,,9967094
2026-07-06T21:15:20.781492,2026-07-06T21:15:20.789183+00:00,153.2,200,bid,,,9967109
2026-07-06T21:15:22.005257,2026-07-06T21:15:22.008526+00:00,153.1,12,ask,,,9967124
2026-07-06T21:15:22.056807,2026-07-06T21:15:22.068227+00:00,153.2,20,bid,,,9967125
2026-07-06T21:15:29.062807,2026-07-06T21:15:29.069980+00:00,153.1,200,bid,,,9967204
2026-07-06T21:15:29.262231,2026-07-06T21:15:29.272227+00:00,153.1,200,ask,,,9967208
2026-07-06T21:15:34.314670,2026-07-06T21:15:34.323180+00:00,152.9,200,ask,,,9967277
2026-07-06T21:15:34.328983,2026-07-06T21:15:34.332888+00:00,152.9,12,bid,,,9967279
2026-07-06T21:15:38.404540,2026-07-06T21:15:38.416144+00:00,152.6,20,ask,,,9967324
2026-07-06T21:15:40.135566,2026-07-06T21:15:40.158579+00:00,152.6,200,ask,,,9967345
2026-07-06T21:15:41.394837,2026-07-06T21:15:41.406368+00:00,152.7,20,bid,,,9967357
2026-07-06T21:15:41.906976,2026-07-06T21:15:41.913483+00:00,152.6,200,ask,,,9967362
2026-07-06T21:15:42.176677,2026-07-06T21:15:42.187672+00:00,152.6,300,bid,,,9967369
2026-07-06T21:15:43.140750,2026-07-06T21:15:43.147867+00:00,152.6,325,ask,,,9967381
2026-07-06T21:15:43.741405,2026-07-06T21:15:43.748301+00:00,152.5,200,ask,,,9967390
2026-07-06T21:15:44.968600,2026-07-06T21:15:44.975489+00:00,152.5,200,bid,,,9967404
2026-07-06T21:15:46.639509,2026-07-06T21:15:46.658867+00:00,152.6,20,bid,,,9967425
2026-07-06T21:15:46.793267,2026-07-06T21:15:46.797229+00:00,152.5,46,ask,,,9967429
2026-07-06T21:15:48.605001,2026-07-06T21:15:48.612319+00:00,152.6,200,bid,,,9967458
2026-07-06T21:15:49.953501,2026-07-06T21:15:49.957313+00:00,152.5,3,ask,,,9967475
2026-07-06T21:15:51.352516,2026-07-06T21:15:51.358640+00:00,152.7,200,ask,,,9967492
2026-07-06T21:15:52.088287,2026-07-06T21:15:52.095534+00:00,152.4,20,ask,,,9967502
2026-07-06T21:15:52.231649,2026-07-06T21:15:52.240008+00:00,152.6,200,bid,,,9967503
2026-07-06T21:15:53.973731,2026-07-06T21:15:53.983117+00:00,152.6,500,bid,,,9967520
2026-07-06T21:15:55.244297,2026-07-06T21:15:55.258655+00:00,152.6,125,ask,,,9967540
2026-07-06T21:15:55.244297,2026-07-06T21:15:55.258655+00:00,152.6,200,ask,,,9967541
2026-07-06T21:15:55.866739,2026-07-06T21:15:55.874371+00:00,152.5,200,bid,,,9967555
2026-07-06T21:15:59.220732,2026-07-06T21:15:59.227896+00:00,152.5,200,bid,,,9967600
2026-07-06T21:15:59.220732,2026-07-06T21:15:59.233359+00:00,152.6,425,bid,,,9967601
2026-07-06T21:15:59.669866,2026-07-06T21:15:59.679619+00:00,152.4,20,ask,,,9967610
2026-07-06T21:16:00.705682,2026-07-06T21:16:00.713616+00:00,152.4,180,ask,,,9967632
2026-07-06T21:16:03.143575,2026-07-06T21:16:03.158684+00:00,152.3,200,bid,,,9967669
2026-07-06T21:16:07.076952,2026-07-06T21:16:07.097857+00:00,152.1,200,ask,,,9967724
2026-07-06T21:16:07.094229,2026-07-06T21:16:07.097857+00:00,152.0,14,bid,,,9967726
2026-07-06T21:16:07.982873,2026-07-06T21:16:07.992889+00:00,152.0,200,bid,,,9967747
2026-07-06T21:16:09.206307,2026-07-06T21:16:09.209918+00:00,152.1,11,ask,,,9967766
2026-07-06T21:16:11.015292,2026-07-06T21:16:11.019080+00:00,152.2,3,ask,,,9967791
2026-07-06T21:16:14.932232,2026-07-06T21:16:14.939483+00:00,152.4,200,bid,,,9967840
2026-07-06T21:16:15.252733,2026-07-06T21:16:15.256622+00:00,152.4,200,ask,,,9967845
2026-07-06T21:16:17.454484,2026-07-06T21:16:17.458706+00:00,152.4,20,bid,,,9967864
2026-07-06T21:16:19.579810,2026-07-06T21:16:19.591474+00:00,152.4,20,ask,,,9967889
2026-07-06T21:16:23.720516,2026-07-06T21:16:23.728662+00:00,152.5,200,bid,,,9967939
2026-07-06T21:16:24.943599,2026-07-06T21:16:24.947401+00:00,152.4,3,ask,,,9967951
2026-07-06T21:16:25.408386,2026-07-06T21:16:25.419597+00:00,152.4,197,ask,,,9967956
2026-07-06T21:16:26.312691,2026-07-06T21:16:26.324145+00:00,152.3,8,ask,,,9967967
2026-07-06T21:16:27.099557,2026-07-06T21:16:27.110905+00:00,152.3,20,ask,,,9967981
2026-07-06T21:16:28.519217,2026-07-06T21:16:28.529971+00:00,152.5,200,bid,,,9968000
2026-07-06T21:16:28.519217,2026-07-06T21:16:28.529971+00:00,152.5,300,bid,,,9968001
2026-07-06T21:16:29.106926,2026-07-06T21:16:29.117579+00:00,152.5,8,bid,,,9968007
2026-07-06T21:16:30.673517,2026-07-06T21:16:30.682570+00:00,152.6,200,bid,,,9968037
2026-07-06T21:16:30.976472,2026-07-06T21:16:30.985197+00:00,152.6,200,ask,,,9968043
2026-07-06T21:16:35.256048,2026-07-06T21:16:35.258668+00:00,152.6,20,bid,,,9968084
2026-07-06T21:16:35.910356,2026-07-06T21:16:35.916833+00:00,152.6,200,bid,,,9968095
2026-07-06T21:16:36.675071,2026-07-06T21:16:36.686473+00:00,152.7,8,ask,,,9968106
2026-07-06T21:16:37.042852,2026-07-06T21:16:37.050922+00:00,152.7,200,ask,,,9968115
2026-07-06T21:16:37.224549,2026-07-06T21:16:37.233461+00:00,152.5,500,ask,,,9968119
2026-07-06T21:16:37.224549,2026-07-06T21:16:37.233461+00:00,152.4,125,ask,,,9968120
2026-07-06T21:16:38.967362,2026-07-06T21:16:38.975472+00:00,152.7,8,bid,,,9968142
2026-07-06T21:16:40.355640,2026-07-06T21:16:40.366959+00:00,152.6,20,ask,,,9968159
2026-07-06T21:16:40.581460,2026-07-06T21:16:40.585102+00:00,152.6,34,ask,,,9968165
2026-07-06T21:16:40.734669,2026-07-06T21:16:40.742605+00:00,152.6,8,ask,,,9968167
2026-07-06T21:16:42.465486,2026-07-06T21:16:42.486449+00:00,152.8,200,bid,,,9968191
2026-07-06T21:16:42.482529,2026-07-06T21:16:42.486449+00:00,152.9,18,ask,,,9968193
2026-07-06T21:16:43.118584,2026-07-06T21:16:43.122551+00:00,153.0,6,bid,,,9968203
2026-07-06T21:16:43.696949,2026-07-06T21:16:43.701371+00:00,153.0,12,bid,,,9968215
2026-07-06T21:16:45.300201,2026-07-06T21:16:45.311492+00:00,153.0,8,bid,,,9968243
2026-07-06T21:16:47.704979,2026-07-06T21:16:47.758630+00:00,153.0,200,bid,,,9968272
2026-07-06T21:16:49.424881,2026-07-06T21:16:49.428114+00:00,153.1,11,bid,,,9968301
2026-07-06T21:16:50.349940,2026-07-06T21:16:50.358949+00:00,153.0,12,bid,,,9968313
2026-07-06T21:16:50.363267,2026-07-06T21:16:50.374194+00:00,153.0,200,bid,,,9968314
2026-07-06T21:16:51.669663,2026-07-06T21:16:51.673550+00:00,152.9,11,bid,,,9968332
2026-07-06T21:16:53.992394,2026-07-06T21:16:54.000246+00:00,152.9,200,bid,,,9968360
2026-07-06T21:16:55.235271,2026-07-06T21:16:55.258616+00:00,152.8,20,ask,,,9968371
2026-07-06T21:16:56.273264,2026-07-06T21:16:56.284944+00:00,152.8,20,ask,,,9968383
2026-07-06T21:16:57.628525,2026-07-06T21:16:57.636091+00:00,152.9,200,bid,,,9968405
2026-07-06T21:16:57.671172,2026-07-06T21:16:57.682791+00:00,152.9,20,bid,,,9968406
2026-07-06T21:17:03.462419,2026-07-06T21:17:03.469470+00:00,152.7,200,ask,,,9968482
2026-07-06T21:17:03.479906,2026-07-06T21:17:03.483392+00:00,152.6,3,bid,,,9968484
2026-07-06T21:17:03.688829,2026-07-06T21:17:03.697679+00:00,152.6,200,bid,,,9968488
2026-07-06T21:17:05.896932,2026-07-06T21:17:05.900700+00:00,152.5,3,ask,,,9968522
2026-07-06T21:17:06.100942,2026-07-06T21:17:06.104612+00:00,152.6,11,ask,,,9968527
2026-07-06T21:17:06.865138,2026-07-06T21:17:06.876742+00:00,152.6,20,ask,,,9968538
2026-07-06T21:17:07.339966,2026-07-06T21:17:07.343480+00:00,152.7,12,ask,,,9968543
2026-07-06T21:17:08.497425,2026-07-06T21:17:08.506925+00:00,152.7,8,ask,,,9968561
2026-07-06T21:17:08.729701,2026-07-06T21:17:08.733958+00:00,152.8,11,ask,,,9968566
2026-07-06T21:17:11.506460,2026-07-06T21:17:11.520409+00:00,152.9,20,bid,,,9968605
2026-07-06T21:17:12.817976,2026-07-06T21:17:12.858589+00:00,152.9,8,ask,,,9968624
2026-07-06T21:17:19.434469,2026-07-06T21:17:19.441111+00:00,152.9,200,ask,,,9968700
2026-07-06T21:17:20.688874,2026-07-06T21:17:20.700226+00:00,152.8,8,ask,,,9968720
2026-07-06T21:17:24.277553,2026-07-06T21:17:24.288202+00:00,152.9,200,ask,,,9968760
2026-07-06T21:17:27.516091,2026-07-06T21:17:27.525759+00:00,153.1,8,bid,,,9968795
2026-07-06T21:17:28.400822,2026-07-06T21:17:28.416506+00:00,153.0,200,ask,,,9968803
2026-07-06T21:17:28.413231,2026-07-06T21:17:28.416506+00:00,152.9,23,bid,,,9968805
2026-07-06T21:17:28.792514,2026-07-06T21:17:28.803795+00:00,152.9,20,bid,,,9968817
2026-07-06T21:17:28.796652,2026-07-06T21:17:28.803795+00:00,152.9,8,bid,,,9968818
2026-07-06T21:17:29.114167,2026-07-06T21:17:29.125348+00:00,152.9,200,bid,,,9968823
2026-07-06T21:17:30.323814,2026-07-06T21:17:30.331119+00:00,152.9,200,bid,,,9968832
2026-07-06T21:17:33.060967,2026-07-06T21:17:33.068769+00:00,152.9,8,ask,,,9968863
2026-07-06T21:17:33.664353,2026-07-06T21:17:33.674956+00:00,152.9,192,ask,,,9968872
2026-07-06T21:17:33.732006,2026-07-06T21:17:33.736166+00:00,152.9,11,bid,,,9968874
2026-07-06T21:17:33.956776,2026-07-06T21:17:33.958564+00:00,152.9,200,bid,,,9968879
2026-07-06T21:17:34.941174,2026-07-06T21:17:34.947746+00:00,152.7,20,ask,,,9968886
2026-07-06T21:17:37.601255,2026-07-06T21:17:37.611292+00:00,153.0,20,bid,,,9968925
2026-07-06T21:17:38.116504,2026-07-06T21:17:38.124527+00:00,152.8,8,ask,,,9968929
2026-07-06T21:17:38.910527,2026-07-06T21:17:38.918679+00:00,152.9,200,bid,,,9968944
2026-07-06T21:17:39.123286,2026-07-06T21:17:39.134694+00:00,153.2,8,bid,,,9968949
2026-07-06T21:17:39.881321,2026-07-06T21:17:39.890434+00:00,153.2,20,bid,,,9968955
2026-07-06T21:17:40.164697,2026-07-06T21:17:40.174568+00:00,152.9,8,ask,,,9968963
2026-07-06T21:17:40.670110,2026-07-06T21:17:40.681350+00:00,153.1,8,bid,,,9968973
2026-07-06T21:17:42.495283,2026-07-06T21:17:42.506833+00:00,153.0,20,bid,,,9968999
2026-07-06T21:17:43.874674,2026-07-06T21:17:43.878466+00:00,152.8,42,ask,,,9969023
2026-07-06T21:17:43.947133,2026-07-06T21:17:43.955785+00:00,152.8,8,ask,,,9969025
2026-07-06T21:17:44.945653,2026-07-06T21:17:44.958565+00:00,152.9,20,ask,,,9969044
2026-07-06T21:17:46.528333,2026-07-06T21:17:46.539694+00:00,153.2,8,bid,,,9969060
2026-07-06T21:17:48.488963,2026-07-06T21:17:48.492235+00:00,153.0,8,bid,,,9969095
2026-07-06T21:17:48.538104,2026-07-06T21:17:48.549617+00:00,152.9,8,ask,,,9969096
2026-07-06T21:17:50.504611,2026-07-06T21:17:50.516261+00:00,152.9,20,ask,,,9969120
2026-07-06T21:17:50.811379,2026-07-06T21:17:50.818235+00:00,153.1,8,bid,,,9969127
2026-07-06T21:17:54.540300,2026-07-06T21:17:54.550666+00:00,153.0,200,ask,,,9969169
2026-07-06T21:17:54.853263,2026-07-06T21:17:54.858600+00:00,153.2,8,bid,,,9969177
2026-07-06T21:17:55.867199,2026-07-06T21:17:55.870576+00:00,153.1,23,bid,,,9969188
2026-07-06T21:17:55.957639,2026-07-06T21:17:55.961384+00:00,153.0,11,bid,,,9969191
2026-07-06T21:17:56.927409,2026-07-06T21:17:56.937828+00:00,153.0,500,bid,,,9969204
2026-07-06T21:17:56.975225,2026-07-06T21:17:56.979630+00:00,152.9,3,bid,,,9969210
2026-07-06T21:17:57.137727,2026-07-06T21:17:57.147321+00:00,152.9,8,bid,,,9969211
2026-07-06T21:17:57.251562,2026-07-06T21:17:57.258546+00:00,152.9,189,bid,,,9969214
2026-07-06T21:17:58.167421,2026-07-06T21:17:58.174257+00:00,153.0,200,ask,,,9969226
2026-07-06T21:17:59.376141,2026-07-06T21:17:59.384773+00:00,153.0,200,ask,,,9969240
2026-07-06T21:18:00.587517,2026-07-06T21:18:00.598813+00:00,152.9,200,ask,,,9969254
2026-07-06T21:18:01.218180,2026-07-06T21:18:01.225979+00:00,152.9,500,ask,,,9969262
2026-07-06T21:18:01.775562,2026-07-06T21:18:01.783979+00:00,152.9,125,bid,,,9969273
2026-07-06T21:18:02.524970,2026-07-06T21:18:02.535868+00:00,153.0,200,bid,,,9969283
2026-07-06T21:18:03.441231,2026-07-06T21:18:03.447366+00:00,153.0,8,ask,,,9969305
2026-07-06T21:18:03.679070,2026-07-06T21:18:03.686047+00:00,153.2,20,bid,,,9969309
2026-07-06T21:18:03.848819,2026-07-06T21:18:03.852250+00:00,153.1,3,ask,,,9969314
2026-07-06T21:18:10.404293,2026-07-06T21:18:10.415520+00:00,153.2,200,bid,,,9969398
2026-07-06T21:18:12.667209,2026-07-06T21:18:12.674772+00:00,153.3,200,bid,,,9969421
2026-07-06T21:18:12.691124,2026-07-06T21:18:12.694696+00:00,153.3,11,ask,,,9969424
2026-07-06T21:18:14.034586,2026-07-06T21:18:14.044133+00:00,153.3,8,ask,,,9969443
2026-07-06T21:18:15.906558,2026-07-06T21:18:15.915690+00:00,153.5,20,bid,,,9969465
2026-07-06T21:18:18.259487,2026-07-06T21:18:18.268924+00:00,153.3,200,bid,,,9969488
2026-07-06T21:18:18.316997,2026-07-06T21:18:18.326907+00:00,153.6,8,bid,,,9969491
2026-07-06T21:18:20.336171,2026-07-06T21:18:20.347823+00:00,153.5,8,bid,,,9969517
2026-07-06T21:18:22.234817,2026-07-06T21:18:22.263648+00:00,153.4,20,bid,,,9969543
2026-07-06T21:18:26.043328,2026-07-06T21:18:26.049719+00:00,153.3,200,ask,,,9969581
2026-07-06T21:18:26.142944,2026-07-06T21:18:26.146522+00:00,153.4,11,bid,,,9969584
2026-07-06T21:18:27.251930,2026-07-06T21:18:27.260895+00:00,153.3,200,ask,,,9969604
2026-07-06T21:18:28.461293,2026-07-06T21:18:28.468993+00:00,153.4,200,ask,,,9969618
2026-07-06T21:18:28.743128,2026-07-06T21:18:28.753366+00:00,153.4,300,ask,,,9969625
2026-07-06T21:18:30.050471,2026-07-06T21:18:30.058615+00:00,153.3,200,bid,,,9969644
2026-07-06T21:18:30.305916,2026-07-06T21:18:30.315495+00:00,153.6,20,bid,,,9969649
2026-07-06T21:18:30.613277,2026-07-06T21:18:30.624487+00:00,153.6,20,bid,,,9969651
2026-07-06T21:18:30.880569,2026-07-06T21:18:30.891541+00:00,153.4,200,ask,,,9969656
2026-07-06T21:18:31.385670,2026-07-06T21:18:31.389579+00:00,153.4,3,bid,,,9969670
2026-07-06T21:18:32.968080,2026-07-06T21:18:32.974440+00:00,153.4,20,bid,,,9969695
2026-07-06T21:18:33.398062,2026-07-06T21:18:33.405452+00:00,153.4,20,bid,,,9969702
2026-07-06T21:18:34.868895,2026-07-06T21:18:34.880151+00:00,153.3,20,ask,,,9969712
2026-07-06T21:18:39.378386,2026-07-06T21:18:39.388846+00:00,153.4,200,bid,,,9969774
2026-07-06T21:18:39.615855,2026-07-06T21:18:39.627488+00:00,153.4,20,bid,,,9969776
2026-07-06T21:18:50.264147,2026-07-06T21:18:50.267549+00:00,153.8,14,bid,,,9969904
2026-07-06T21:18:51.056465,2026-07-06T21:18:51.068698+00:00,153.8,200,bid,,,9969919
2026-07-06T21:18:52.682542,2026-07-06T21:18:52.694053+00:00,153.9,20,bid,,,9969938
2026-07-06T21:18:56.635759,2026-07-06T21:18:56.640291+00:00,153.6,11,ask,,,9969984
2026-07-06T21:18:58.764680,2026-07-06T21:18:58.768755+00:00,153.7,3,ask,,,9970016
2026-07-06T21:18:58.934536,2026-07-06T21:18:58.940796+00:00,153.7,197,ask,,,9970020
2026-07-06T21:18:59.956270,2026-07-06T21:18:59.964024+00:00,153.6,200,bid,,,9970027
2026-07-06T21:19:02.382586,2026-07-06T21:19:02.390183+00:00,153.5,200,ask,,,9970057
2026-07-06T21:19:03.591761,2026-07-06T21:19:03.600189+00:00,153.4,200,ask,,,9970072
2026-07-06T21:19:05.343075,2026-07-06T21:19:05.358664+00:00,153.5,500,bid,,,9970088
2026-07-06T21:19:05.452673,2026-07-06T21:19:05.464209+00:00,153.5,20,bid,,,9970094
2026-07-06T21:19:05.942560,2026-07-06T21:19:05.946732+00:00,153.5,200,bid,,,9970102
2026-07-06T21:19:06.804995,2026-07-06T21:19:06.815897+00:00,153.5,500,ask,,,9970114
2026-07-06T21:19:07.653872,2026-07-06T21:19:07.664429+00:00,153.5,20,bid,,,9970126
2026-07-06T21:19:12.060257,2026-07-06T21:19:12.069730+00:00,153.3,200,ask,,,9970180
2026-07-06T21:19:15.689170,2026-07-06T21:19:15.695282+00:00,153.6,200,ask,,,9970215
2026-07-06T21:19:18.299011,2026-07-06T21:19:18.308050+00:00,153.4,20,ask,,,9970245
2026-07-06T21:19:19.266703,2026-07-06T21:19:19.274328+00:00,153.6,200,bid,,,9970255
2026-07-06T21:19:21.255123,2026-07-06T21:19:21.269175+00:00,153.6,200,ask,,,9970285
2026-07-06T21:19:21.255123,2026-07-06T21:19:21.269175+00:00,153.6,425,ask,,,9970286
2026-07-06T21:19:21.892292,2026-07-06T21:19:21.899459+00:00,153.6,20,ask,,,9970293
2026-07-06T21:19:25.372241,2026-07-06T21:19:25.378570+00:00,153.6,200,ask,,,9970341
2026-07-06T21:19:27.183497,2026-07-06T21:19:27.187021+00:00,153.7,3,ask,,,9970370
2026-07-06T21:19:30.183282,2026-07-06T21:19:30.212662+00:00,153.8,200,bid,,,9970401
2026-07-06T21:19:30.208605,2026-07-06T21:19:30.212662+00:00,153.8,11,ask,,,9970403
2026-07-06T21:19:30.221779,2026-07-06T21:19:30.228352+00:00,153.8,200,ask,,,9970405
2026-07-06T21:19:31.661495,2026-07-06T21:19:31.672959+00:00,153.7,8,ask,,,9970432
2026-07-06T21:19:32.185285,2026-07-06T21:19:32.196220+00:00,153.6,8,ask,,,9970440
2026-07-06T21:19:33.061445,2026-07-06T21:19:33.069837+00:00,153.8,200,ask,,,9970449
2026-07-06T21:19:33.820807,2026-07-06T21:19:33.827471+00:00,153.8,425,bid,,,9970457
2026-07-06T21:19:34.203992,2026-07-06T21:19:34.211047+00:00,154.0,8,bid,,,9970468
2026-07-06T21:19:36.835715,2026-07-06T21:19:36.843947+00:00,153.8,500,bid,,,9970501
2026-07-06T21:19:37.694820,2026-07-06T21:19:37.698628+00:00,153.9,11,bid,,,9970514
2026-07-06T21:19:40.539287,2026-07-06T21:19:40.550736+00:00,153.9,8,bid,,,9970553
2026-07-06T21:19:40.927933,2026-07-06T21:19:40.935055+00:00,153.9,192,bid,,,9970565
2026-07-06T21:19:41.898799,2026-07-06T21:19:41.907164+00:00,154.0,20,ask,,,9970581
2026-07-06T21:19:45.929169,2026-07-06T21:19:45.936154+00:00,153.9,500,bid,,,9970641
2026-07-06T21:19:47.185315,2026-07-06T21:19:47.189172+00:00,154.2,3,bid,,,9970666
2026-07-06T21:19:47.532334,2026-07-06T21:19:47.543801+00:00,154.2,20,bid,,,9970671
2026-07-06T21:19:50.524347,2026-07-06T21:19:50.535909+00:00,154.0,20,ask,,,9970717
2026-07-06T21:19:50.795369,2026-07-06T21:19:50.805542+00:00,154.2,200,bid,,,9970718
2026-07-06T21:19:52.729937,2026-07-06T21:19:52.718062+00:00,154.1,500,ask,,,9970741
2026-07-06T21:19:53.174869,2026-07-06T21:19:53.184682+00:00,154.1,125,bid,,,9970748
2026-07-06T21:19:53.565906,2026-07-06T21:19:53.570310+00:00,154.2,14,bid,,,9970754
2026-07-06T21:19:54.038587,2026-07-06T21:19:54.047240+00:00,154.2,186,bid,,,9970760
2026-07-06T21:19:54.421316,2026-07-06T21:19:54.428839+00:00,154.3,200,ask,,,9970763
2026-07-06T21:19:58.356679,2026-07-06T21:19:58.368385+00:00,154.3,20,bid,,,9970809
2026-07-06T21:20:01.697572,2026-07-06T21:20:01.708458+00:00,154.4,200,bid,,,9970838
2026-07-06T21:20:06.540868,2026-07-06T21:20:06.549796+00:00,154.4,200,bid,,,9970901
2026-07-06T21:20:09.784582,2026-07-06T21:20:09.792615+00:00,154.4,200,ask,,,9970933
2026-07-06T21:20:10.012859,2026-07-06T21:20:10.021550+00:00,154.2,20,ask,,,9970937
2026-07-06T21:20:10.176306,2026-07-06T21:20:10.183427+00:00,154.4,200,bid,,,9970939
2026-07-06T21:20:10.789940,2026-07-06T21:20:10.801226+00:00,154.2,20,ask,,,9970946
2026-07-06T21:20:11.096465,2026-07-06T21:20:11.107536+00:00,154.3,500,bid,,,9970957
2026-07-06T21:20:11.349480,2026-07-06T21:20:11.363959+00:00,154.3,125,ask,,,9970959
2026-07-06T21:20:11.387907,2026-07-06T21:20:11.397756+00:00,154.3,200,bid,,,9970961
2026-07-06T21:20:12.598194,2026-07-06T21:20:12.604666+00:00,154.2,200,bid,,,9970976
2026-07-06T21:20:13.713212,2026-07-06T21:20:13.733851+00:00,154.2,500,bid,,,9970993
2026-07-06T21:20:13.730191,2026-07-06T21:20:13.733851+00:00,154.2,14,ask,,,9970995
2026-07-06T21:20:15.033625,2026-07-06T21:20:15.037009+00:00,154.1,200,ask,,,9971013
2026-07-06T21:20:15.150614,2026-07-06T21:20:15.154563+00:00,154.1,26,bid,,,9971016
2026-07-06T21:20:16.052920,2026-07-06T21:20:16.065385+00:00,154.1,20,bid,,,9971026
2026-07-06T21:20:21.577573,2026-07-06T21:20:21.586864+00:00,154.2,200,ask,,,9971101
2026-07-06T21:20:21.593967,2026-07-06T21:20:21.597849+00:00,154.1,11,bid,,,9971103
2026-07-06T21:20:23.469409,2026-07-06T21:20:23.483616+00:00,154.1,20,bid,,,9971123
2026-07-06T21:20:27.120516,2026-07-06T21:20:27.129556+00:00,154.2,200,bid,,,9971170
2026-07-06T21:20:28.330387,2026-07-06T21:20:28.338591+00:00,154.2,200,bid,,,9971189
2026-07-06T21:20:29.553436,2026-07-06T21:20:29.556915+00:00,154.3,23,ask,,,9971204
2026-07-06T21:20:30.111333,2026-07-06T21:20:30.119899+00:00,154.3,177,ask,,,9971208
2026-07-06T21:20:30.157022,2026-07-06T21:20:30.169133+00:00,154.1,20,ask,,,9971209
2026-07-06T21:20:30.752002,2026-07-06T21:20:30.759009+00:00,154.2,200,bid,,,9971217
2026-07-06T21:20:31.504623,2026-07-06T21:20:31.508174+00:00,154.2,23,bid,,,9971222
2026-07-06T21:20:32.064764,2026-07-06T21:20:32.071103+00:00,154.1,200,ask,,,9971229
2026-07-06T21:20:32.082259,2026-07-06T21:20:32.085793+00:00,154.0,23,bid,,,9971231
2026-07-06T21:20:34.116236,2026-07-06T21:20:34.120118+00:00,153.9,34,ask,,,9971255
2026-07-06T21:20:35.591748,2026-07-06T21:20:35.602127+00:00,154.0,200,bid,,,9971277
2026-07-06T21:20:37.297947,2026-07-06T21:20:37.304930+00:00,153.8,200,ask,,,9971301
2026-07-06T21:20:37.874816,2026-07-06T21:20:37.878710+00:00,153.6,23,ask,,,9971311
2026-07-06T21:20:37.910829,2026-07-06T21:20:37.919730+00:00,153.8,20,bid,,,9971312
2026-07-06T21:20:38.026430,2026-07-06T21:20:38.030610+00:00,153.7,3,ask,,,9971315
2026-07-06T21:20:39.596301,2026-07-06T21:20:39.607700+00:00,153.8,8,ask,,,9971333
2026-07-06T21:20:41.864184,2026-07-06T21:20:41.875096+00:00,154.0,7,bid,,,9971366
2026-07-06T21:20:42.364522,2026-07-06T21:20:42.373403+00:00,153.9,20,ask,,,9971373
2026-07-06T21:20:43.851313,2026-07-06T21:20:43.845080+00:00,154.0,200,ask,,,9971393
2026-07-06T21:20:45.915887,2026-07-06T21:20:45.922886+00:00,153.6,8,ask,,,9971423
2026-07-06T21:20:47.935342,2026-07-06T21:20:47.947052+00:00,153.6,8,ask,,,9971448
2026-07-06T21:20:49.114319,2026-07-06T21:20:49.125728+00:00,153.6,200,ask,,,9971469
2026-07-06T21:20:50.423686,2026-07-06T21:20:50.430723+00:00,153.5,200,bid,,,9971482
2026-07-06T21:20:50.530285,2026-07-06T21:20:50.534988+00:00,153.5,3,ask,,,9971487
2026-07-06T21:20:50.722539,2026-07-06T21:20:50.732578+00:00,153.5,8,ask,,,9971493
2026-07-06T21:20:51.984216,2026-07-06T21:20:51.995268+00:00,153.5,8,ask,,,9971510
2026-07-06T21:20:53.619296,2026-07-06T21:20:53.630974+00:00,153.6,20,bid,,,9971527
2026-07-06T21:20:54.254581,2026-07-06T21:20:54.258580+00:00,153.4,8,ask,,,9971536
2026-07-06T21:20:54.356109,2026-07-06T21:20:54.363598+00:00,153.6,200,bid,,,9971539
2026-07-06T21:20:54.967699,2026-07-06T21:20:54.977474+00:00,153.6,200,ask,,,9971543
2026-07-06T21:20:56.980067,2026-07-06T21:20:56.989045+00:00,153.5,200,ask,,,9971566
2026-07-06T21:20:58.596933,2026-07-06T21:20:58.605109+00:00,153.6,200,bid,,,9971589
2026-07-06T21:21:00.556840,2026-07-06T21:21:00.568928+00:00,153.6,8,ask,,,9971613
2026-07-06T21:21:01.019148,2026-07-06T21:21:01.027571+00:00,153.7,200,ask,,,9971614
2026-07-06T21:21:02.227752,2026-07-06T21:21:02.236045+00:00,153.6,200,ask,,,9971630
2026-07-06T21:21:03.533108,2026-07-06T21:21:03.540800+00:00,153.7,200,bid,,,9971646
2026-07-06T21:21:03.825984,2026-07-06T21:21:03.836661+00:00,154.0,8,bid,,,9971654
2026-07-06T21:21:04.861048,2026-07-06T21:21:04.869895+00:00,153.6,8,ask,,,9971673
2026-07-06T21:21:06.869924,2026-07-06T21:21:06.878684+00:00,153.6,8,ask,,,9971692
2026-07-06T21:21:10.726795,2026-07-06T21:21:10.733420+00:00,153.6,200,ask,,,9971743
2026-07-06T21:21:12.082624,2026-07-06T21:21:12.086008+00:00,153.6,11,ask,,,9971764
2026-07-06T21:21:12.205889,2026-07-06T21:21:12.217175+00:00,153.6,20,ask,,,9971765
2026-07-06T21:21:13.146905,2026-07-06T21:21:13.163628+00:00,153.6,200,ask,,,9971781
2026-07-06T21:21:13.398252,2026-07-06T21:21:13.409536+00:00,153.6,8,ask,,,9971785
2026-07-06T21:21:13.921215,2026-07-06T21:21:13.929747+00:00,153.8,20,bid,,,9971792
2026-07-06T21:21:15.238943,2026-07-06T21:21:15.242678+00:00,153.6,12,ask,,,9971809
2026-07-06T21:21:15.521891,2026-07-06T21:21:15.529263+00:00,153.7,200,bid,,,9971814
2026-07-06T21:21:15.521891,2026-07-06T21:21:15.534832+00:00,153.7,300,bid,,,9971815
2026-07-06T21:21:15.860472,2026-07-06T21:21:15.864926+00:00,153.6,23,ask,,,9971819
2026-07-06T21:21:16.117523,2026-07-06T21:21:16.125215+00:00,153.7,325,bid,,,9971822
2026-07-06T21:21:16.151467,2026-07-06T21:21:16.155533+00:00,153.7,11,ask,,,9971825
2026-07-06T21:21:16.682906,2026-07-06T21:21:16.702524+00:00,153.8,200,bid,,,9971835
2026-07-06T21:21:16.698622,2026-07-06T21:21:16.702524+00:00,153.8,11,ask,,,9971837
2026-07-06T21:21:16.769013,2026-07-06T21:21:16.780222+00:00,153.8,200,ask,,,9971842
2026-07-06T21:21:16.936089,2026-07-06T21:21:16.947528+00:00,153.8,8,ask,,,9971845
2026-07-06T21:21:18.483073,2026-07-06T21:21:18.489616+00:00,153.7,8,ask,,,9971862
2026-07-06T21:21:18.969874,2026-07-06T21:21:18.973862+00:00,153.8,11,bid,,,9971873
