timestamp,recv_time,price,volume,aggressor_side,buyer,seller,trade_id
2026-07-07T04:00:03.458498,2026-07-07T04:00:03.469464+00:00,163.0,200,ask,,,10321042
2026-07-07T04:00:03.555872,2026-07-07T04:00:03.563603+00:00,163.0,200,bid,,,10321043
2026-07-07T04:00:05.065253,2026-07-07T04:00:05.072343+00:00,162.8,20,ask,,,10321069
2026-07-07T04:00:06.586302,2026-07-07T04:00:06.593844+00:00,162.8,20,ask,,,10321090
2026-07-07T04:00:07.221197,2026-07-07T04:00:07.229598+00:00,162.8,20,ask,,,10321100
2026-07-07T04:00:10.327379,2026-07-07T04:00:10.344427+00:00,162.8,20,bid,,,10321144
2026-07-07T04:00:10.617054,2026-07-07T04:00:10.620698+00:00,162.6,6,ask,,,10321151
2026-07-07T04:00:10.759429,2026-07-07T04:00:10.771264+00:00,162.6,20,ask,,,10321152
2026-07-07T04:00:13.266109,2026-07-07T04:00:13.275161+00:00,162.8,200,bid,,,10321189
2026-07-07T04:00:15.316859,2026-07-07T04:00:15.328670+00:00,162.8,20,ask,,,10321225
2026-07-07T04:00:16.573363,2026-07-07T04:00:16.584366+00:00,163.1,200,bid,,,10321240
2026-07-07T04:00:19.196454,2026-07-07T04:00:19.203935+00:00,163.0,200,bid,,,10321274
2026-07-07T04:00:20.511799,2026-07-07T04:00:20.521133+00:00,163.1,500,bid,,,10321288
2026-07-07T04:00:21.074334,2026-07-07T04:00:21.083058+00:00,163.1,125,ask,,,10321294
2026-07-07T04:00:28.973358,2026-07-07T04:00:28.981019+00:00,162.8,200,bid,,,10321378
2026-07-07T04:00:34.392152,2026-07-07T04:00:34.400406+00:00,162.9,200,bid,,,10321454
2026-07-07T04:00:35.025024,2026-07-07T04:00:35.034112+00:00,163.0,200,ask,,,10321462
2026-07-07T04:00:36.201897,2026-07-07T04:00:36.213314+00:00,163.1,500,bid,,,10321472
2026-07-07T04:00:37.553483,2026-07-07T04:00:37.560678+00:00,163.2,200,bid,,,10321484
2026-07-07T04:00:39.751220,2026-07-07T04:00:39.755434+00:00,163.3,20,bid,,,10321510
2026-07-07T04:00:41.085985,2026-07-07T04:00:41.096685+00:00,163.2,200,ask,,,10321527
2026-07-07T04:00:45.396930,2026-07-07T04:00:45.400998+00:00,163.2,6,bid,,,10321587
2026-07-07T04:00:45.428095,2026-07-07T04:00:45.438468+00:00,163.2,194,bid,,,10321589
2026-07-07T04:00:45.934991,2026-07-07T04:00:45.947172+00:00,163.2,200,ask,,,10321597
2026-07-07T04:00:49.366775,2026-07-07T04:00:49.376155+00:00,163.2,200,bid,,,10321651
2026-07-07T04:00:50.004495,2026-07-07T04:00:50.016215+00:00,163.2,20,ask,,,10321662
2026-07-07T04:00:53.758261,2026-07-07T04:00:53.769698+00:00,163.4,200,bid,,,10321710
2026-07-07T04:00:54.365640,2026-07-07T04:00:54.374678+00:00,163.5,500,bid,,,10321716
2026-07-07T04:00:54.619791,2026-07-07T04:00:54.623484+00:00,163.5,6,ask,,,10321721
2026-07-07T04:00:58.065295,2026-07-07T04:00:58.069646+00:00,163.6,6,bid,,,10321783
2026-07-07T04:00:58.605228,2026-07-07T04:00:58.614491+00:00,163.6,194,bid,,,10321792
2026-07-07T04:00:59.812191,2026-07-07T04:00:59.820734+00:00,163.7,500,bid,,,10321810
2026-07-07T04:00:59.980108,2026-07-07T04:00:59.991889+00:00,163.9,20,bid,,,10321817
2026-07-07T04:01:02.485402,2026-07-07T04:01:02.496964+00:00,163.8,500,ask,,,10321853
2026-07-07T04:01:03.455520,2026-07-07T04:01:03.468740+00:00,163.8,125,bid,,,10321864
2026-07-07T04:01:04.062204,2026-07-07T04:01:04.069423+00:00,163.9,200,bid,,,10321878
2026-07-07T04:01:05.100896,2026-07-07T04:01:05.107894+00:00,163.9,500,ask,,,10321885
2026-07-07T04:01:05.255374,2026-07-07T04:01:05.263622+00:00,163.9,125,bid,,,10321886
2026-07-07T04:01:05.255374,2026-07-07T04:01:05.263622+00:00,164.0,200,bid,,,10321887
2026-07-07T04:01:05.279613,2026-07-07T04:01:05.282802+00:00,164.1,6,ask,,,10321889
2026-07-07T04:01:05.358977,2026-07-07T04:01:05.366450+00:00,164.3,6,bid,,,10321890
2026-07-07T04:01:05.840261,2026-07-07T04:01:05.852074+00:00,164.3,20,bid,,,10321903
2026-07-07T04:01:07.724828,2026-07-07T04:01:07.735419+00:00,164.2,200,ask,,,10321928
2026-07-07T04:01:08.338603,2026-07-07T04:01:08.346878+00:00,164.2,20,bid,,,10321938
2026-07-07T04:01:10.450959,2026-07-07T04:01:10.454137+00:00,164.3,20,bid,,,10321962
2026-07-07T04:01:10.876841,2026-07-07T04:01:10.885209+00:00,164.3,20,bid,,,10321969
2026-07-07T04:01:11.340822,2026-07-07T04:01:11.349963+00:00,164.3,20,bid,,,10321973
2026-07-07T04:01:12.567608,2026-07-07T04:01:12.578448+00:00,164.2,200,ask,,,10321990
2026-07-07T04:01:12.599570,2026-07-07T04:01:12.608594+00:00,164.4,20,bid,,,10321992
2026-07-07T04:01:13.870787,2026-07-07T04:01:13.874900+00:00,164.3,6,bid,,,10322010
2026-07-07T04:01:14.276268,2026-07-07T04:01:14.279514+00:00,164.2,11,bid,,,10322020
2026-07-07T04:01:14.727608,2026-07-07T04:01:14.737061+00:00,164.2,20,bid,,,10322027
2026-07-07T04:01:15.874546,2026-07-07T04:01:15.882860+00:00,164.2,20,bid,,,10322036
2026-07-07T04:01:16.200468,2026-07-07T04:01:16.208530+00:00,164.0,200,ask,,,10322039
2026-07-07T04:01:16.872469,2026-07-07T04:01:16.880670+00:00,164.3,20,bid,,,10322044
2026-07-07T04:01:18.214484,2026-07-07T04:01:18.222142+00:00,164.1,200,ask,,,10322064
2026-07-07T04:01:18.233136,2026-07-07T04:01:18.236789+00:00,164.1,23,bid,,,10322066
2026-07-07T04:01:21.042525,2026-07-07T04:01:21.048921+00:00,164.0,200,ask,,,10322105
2026-07-07T04:01:22.314694,2026-07-07T04:01:22.326250+00:00,164.0,20,ask,,,10322121
2026-07-07T04:01:23.295087,2026-07-07T04:01:23.359216+00:00,164.0,20,ask,,,10322129
2026-07-07T04:01:23.514007,2026-07-07T04:01:23.558957+00:00,164.2,20,bid,,,10322133
2026-07-07T04:01:24.785445,2026-07-07T04:01:24.789106+00:00,164.1,11,bid,,,10322148
2026-07-07T04:01:27.363659,2026-07-07T04:01:27.372009+00:00,163.9,20,ask,,,10322178
2026-07-07T04:01:28.694342,2026-07-07T04:01:28.705544+00:00,163.9,500,ask,,,10322186
2026-07-07T04:01:28.694342,2026-07-07T04:01:28.705544+00:00,163.9,125,ask,,,10322187
2026-07-07T04:01:28.788102,2026-07-07T04:01:28.799826+00:00,163.9,20,ask,,,10322188
2026-07-07T04:01:29.483932,2026-07-07T04:01:29.495337+00:00,163.9,20,ask,,,10322196
2026-07-07T04:01:29.526668,2026-07-07T04:01:29.530228+00:00,164.0,11,ask,,,10322198
2026-07-07T04:01:29.728552,2026-07-07T04:01:29.732101+00:00,164.0,11,ask,,,10322203
2026-07-07T04:01:30.544481,2026-07-07T04:01:30.547955+00:00,164.1,12,ask,,,10322214
2026-07-07T04:01:31.936956,2026-07-07T04:01:31.946250+00:00,164.1,200,bid,,,10322237
2026-07-07T04:01:33.755423,2026-07-07T04:01:33.764374+00:00,164.0,20,ask,,,10322257
2026-07-07T04:01:33.763441,2026-07-07T04:01:33.774765+00:00,164.0,20,ask,,,10322258
2026-07-07T04:01:34.312452,2026-07-07T04:01:34.322835+00:00,164.1,200,bid,,,10322263
2026-07-07T04:01:34.312452,2026-07-07T04:01:34.322835+00:00,164.1,300,bid,,,10322264
2026-07-07T04:01:34.605084,2026-07-07T04:01:34.614228+00:00,164.1,20,bid,,,10322271
2026-07-07T04:01:34.913828,2026-07-07T04:01:34.921535+00:00,164.1,305,bid,,,10322278
2026-07-07T04:01:35.250772,2026-07-07T04:01:35.252940+00:00,164.2,200,bid,,,10322284
2026-07-07T04:01:35.886124,2026-07-07T04:01:35.894414+00:00,164.3,20,ask,,,10322292
2026-07-07T04:01:36.774430,2026-07-07T04:01:36.782782+00:00,164.2,200,ask,,,10322303
2026-07-07T04:01:37.835860,2026-07-07T04:01:37.843512+00:00,164.4,20,bid,,,10322317
2026-07-07T04:01:37.884471,2026-07-07T04:01:37.887992+00:00,164.3,12,bid,,,10322320
2026-07-07T04:01:39.217701,2026-07-07T04:01:39.221729+00:00,164.2,11,bid,,,10322343
2026-07-07T04:01:40.222612,2026-07-07T04:01:40.231502+00:00,164.1,20,ask,,,10322361
2026-07-07T04:01:40.411944,2026-07-07T04:01:40.419217+00:00,164.2,200,bid,,,10322363
2026-07-07T04:01:41.619760,2026-07-07T04:01:41.628198+00:00,164.3,200,bid,,,10322374
2026-07-07T04:01:42.499188,2026-07-07T04:01:42.510921+00:00,164.4,20,bid,,,10322391
2026-07-07T04:01:42.554405,2026-07-07T04:01:42.558553+00:00,164.4,20,bid,,,10322392
2026-07-07T04:01:42.829246,2026-07-07T04:01:42.838600+00:00,164.2,200,ask,,,10322400
2026-07-07T04:01:43.129841,2026-07-07T04:01:43.141589+00:00,164.2,300,ask,,,10322404
2026-07-07T04:01:43.376789,2026-07-07T04:01:43.385618+00:00,164.2,325,bid,,,10322406
2026-07-07T04:01:44.304524,2026-07-07T04:01:44.312536+00:00,164.3,20,bid,,,10322421
2026-07-07T04:01:44.437771,2026-07-07T04:01:44.444555+00:00,164.3,180,bid,,,10322424
2026-07-07T04:01:44.459638,2026-07-07T04:01:44.463930+00:00,164.4,11,ask,,,10322426
2026-07-07T04:01:44.521093,2026-07-07T04:01:44.531973+00:00,164.7,11,bid,,,10322427
2026-07-07T04:01:46.833946,2026-07-07T04:01:46.846021+00:00,164.4,20,ask,,,10322454
2026-07-07T04:01:48.381303,2026-07-07T04:01:48.391217+00:00,164.5,200,bid,,,10322470
2026-07-07T04:01:51.004220,2026-07-07T04:01:51.010805+00:00,164.6,200,ask,,,10322513
2026-07-07T04:01:51.369408,2026-07-07T04:01:51.377857+00:00,164.6,20,bid,,,10322517
2026-07-07T04:01:51.940840,2026-07-07T04:01:51.948347+00:00,164.6,20,bid,,,10322522
2026-07-07T04:01:52.657037,2026-07-07T04:01:52.664631+00:00,164.5,20,ask,,,10322533
2026-07-07T04:01:53.629507,2026-07-07T04:01:53.640836+00:00,164.5,180,ask,,,10322547
2026-07-07T04:01:59.056876,2026-07-07T04:01:59.067585+00:00,164.4,20,ask,,,10322596
2026-07-07T04:02:00.200129,2026-07-07T04:02:00.203711+00:00,164.5,12,ask,,,10322609
2026-07-07T04:02:00.783175,2026-07-07T04:02:00.794697+00:00,164.7,20,bid,,,10322616
2026-07-07T04:02:01.185719,2026-07-07T04:02:01.195736+00:00,164.5,20,ask,,,10322624
2026-07-07T04:02:04.107979,2026-07-07T04:02:04.119905+00:00,164.8,20,bid,,,10322670
2026-07-07T04:02:06.758574,2026-07-07T04:02:06.768898+00:00,164.6,200,bid,,,10322691
2026-07-07T04:02:09.565135,2026-07-07T04:02:09.574878+00:00,164.6,20,ask,,,10322725
2026-07-07T04:02:15.267309,2026-07-07T04:02:15.278980+00:00,164.5,20,ask,,,10322791
2026-07-07T04:02:16.171877,2026-07-07T04:02:16.180699+00:00,164.5,20,ask,,,10322808
2026-07-07T04:02:19.178060,2026-07-07T04:02:19.189316+00:00,164.6,200,ask,,,10322845
2026-07-07T04:02:20.388297,2026-07-07T04:02:20.408693+00:00,164.6,200,ask,,,10322864
2026-07-07T04:02:20.430335,2026-07-07T04:02:20.434433+00:00,164.9,12,bid,,,10322870
2026-07-07T04:02:20.447687,2026-07-07T04:02:20.455778+00:00,164.9,20,bid,,,10322871
2026-07-07T04:02:21.200989,2026-07-07T04:02:21.204668+00:00,164.7,18,bid,,,10322882
2026-07-07T04:02:22.018629,2026-07-07T04:02:22.030323+00:00,164.5,20,ask,,,10322892
2026-07-07T04:02:23.588789,2026-07-07T04:02:23.592873+00:00,164.5,7,ask,,,10322909
2026-07-07T04:02:24.023998,2026-07-07T04:02:24.033276+00:00,164.5,200,ask,,,10322919
2026-07-07T04:02:24.719003,2026-07-07T04:02:24.727057+00:00,164.5,20,ask,,,10322933
2026-07-07T04:02:25.255182,2026-07-07T04:02:25.259201+00:00,164.6,11,ask,,,10322941
2026-07-07T04:02:25.912949,2026-07-07T04:02:25.924594+00:00,164.7,20,bid,,,10322949
2026-07-07T04:02:26.854338,2026-07-07T04:02:26.863811+00:00,164.8,20,bid,,,10322960
2026-07-07T04:02:27.690826,2026-07-07T04:02:27.702205+00:00,164.8,20,bid,,,10322967
2026-07-07T04:02:27.731389,2026-07-07T04:02:27.750659+00:00,164.7,200,ask,,,10322969
2026-07-07T04:02:27.747361,2026-07-07T04:02:27.750659+00:00,164.7,11,bid,,,10322971
2026-07-07T04:02:28.543186,2026-07-07T04:02:28.554965+00:00,164.7,20,bid,,,10322986
2026-07-07T04:02:29.179421,2026-07-07T04:02:29.187206+00:00,164.8,20,bid,,,10323000
2026-07-07T04:02:34.291780,2026-07-07T04:02:34.302779+00:00,164.6,200,bid,,,10323063
2026-07-07T04:02:34.323675,2026-07-07T04:02:34.327268+00:00,164.7,11,ask,,,10323066
2026-07-07T04:02:34.518447,2026-07-07T04:02:34.529622+00:00,164.9,11,bid,,,10323069
2026-07-07T04:02:34.590064,2026-07-07T04:02:34.601705+00:00,164.7,20,ask,,,10323070
2026-07-07T04:02:34.914274,2026-07-07T04:02:34.921156+00:00,164.7,200,ask,,,10323078
2026-07-07T04:02:36.641261,2026-07-07T04:02:36.648622+00:00,164.6,20,bid,,,10323099
2026-07-07T04:02:39.345201,2026-07-07T04:02:39.349037+00:00,164.7,22,bid,,,10323135
2026-07-07T04:02:39.445155,2026-07-07T04:02:39.453032+00:00,164.7,20,bid,,,10323136
2026-07-07T04:02:45.844590,2026-07-07T04:02:45.858571+00:00,164.7,20,ask,,,10323226
2026-07-07T04:02:46.058308,2026-07-07T04:02:46.070354+00:00,164.7,3,ask,,,10323227
2026-07-07T04:02:48.250755,2026-07-07T04:02:48.258616+00:00,164.9,200,bid,,,10323258
2026-07-07T04:02:49.458811,2026-07-07T04:02:49.465493+00:00,164.9,200,bid,,,10323266
2026-07-07T04:02:49.685007,2026-07-07T04:02:49.691908+00:00,164.9,20,bid,,,10323269
2026-07-07T04:02:50.670459,2026-07-07T04:02:50.677048+00:00,164.9,200,bid,,,10323279
2026-07-07T04:02:51.884184,2026-07-07T04:02:51.895333+00:00,164.8,200,bid,,,10323291
2026-07-07T04:02:55.255920,2026-07-07T04:02:55.250653+00:00,164.8,200,bid,,,10323332
2026-07-07T04:02:55.264431,2026-07-07T04:02:55.267967+00:00,164.9,11,ask,,,10323334
2026-07-07T04:02:55.455629,2026-07-07T04:02:55.464500+00:00,164.9,414,ask,,,10323338
2026-07-07T04:02:56.667015,2026-07-07T04:02:56.674290+00:00,164.8,200,ask,,,10323358
2026-07-07T04:02:56.667015,2026-07-07T04:02:56.679561+00:00,164.8,300,ask,,,10323359
2026-07-07T04:02:58.309578,2026-07-07T04:02:58.313601+00:00,164.9,11,bid,,,10323379
2026-07-07T04:02:58.431485,2026-07-07T04:02:58.464197+00:00,164.9,20,bid,,,10323380
2026-07-07T04:02:59.098333,2026-07-07T04:02:59.105315+00:00,164.8,200,ask,,,10323390
2026-07-07T04:02:59.121686,2026-07-07T04:02:59.125666+00:00,164.8,12,bid,,,10323394
2026-07-07T04:02:59.221043,2026-07-07T04:02:59.229227+00:00,164.8,288,bid,,,10323395
2026-07-07T04:02:59.691538,2026-07-07T04:02:59.698752+00:00,164.8,337,ask,,,10323404
2026-07-07T04:03:00.506531,2026-07-07T04:03:00.518416+00:00,164.8,20,bid,,,10323425
2026-07-07T04:03:01.474685,2026-07-07T04:03:01.482991+00:00,164.7,20,ask,,,10323431
2026-07-07T04:03:01.530025,2026-07-07T04:03:01.533601+00:00,164.7,12,ask,,,10323433
2026-07-07T04:03:01.565923,2026-07-07T04:03:01.575966+00:00,164.8,200,bid,,,10323434
2026-07-07T04:03:02.781230,2026-07-07T04:03:02.789240+00:00,164.8,200,bid,,,10323462
2026-07-07T04:03:03.990927,2026-07-07T04:03:03.997666+00:00,164.8,200,bid,,,10323473
2026-07-07T04:03:04.468544,2026-07-07T04:03:04.491446+00:00,164.9,500,bid,,,10323486
2026-07-07T04:03:04.487995,2026-07-07T04:03:04.491446+00:00,164.9,22,ask,,,10323489
2026-07-07T04:03:04.535777,2026-07-07T04:03:04.542807+00:00,164.9,103,ask,,,10323491
2026-07-07T04:03:06.417634,2026-07-07T04:03:06.426860+00:00,164.8,20,bid,,,10323512
2026-07-07T04:03:08.532853,2026-07-07T04:03:08.535471+00:00,164.8,12,bid,,,10323527
2026-07-07T04:03:10.969956,2026-07-07T04:03:10.973445+00:00,164.9,11,bid,,,10323555
2026-07-07T04:03:12.328753,2026-07-07T04:03:12.358663+00:00,164.9,200,bid,,,10323572
2026-07-07T04:03:12.464401,2026-07-07T04:03:12.470964+00:00,164.9,200,ask,,,10323577
2026-07-07T04:03:13.664703,2026-07-07T04:03:13.668645+00:00,164.8,11,bid,,,10323597
2026-07-07T04:03:14.949805,2026-07-07T04:03:14.958639+00:00,164.7,200,ask,,,10323616
2026-07-07T04:03:16.093419,2026-07-07T04:03:16.100386+00:00,164.6,200,bid,,,10323631
2026-07-07T04:03:17.365739,2026-07-07T04:03:17.369646+00:00,164.6,11,ask,,,10323657
2026-07-07T04:03:18.874055,2026-07-07T04:03:18.882915+00:00,164.6,200,ask,,,10323681
2026-07-07T04:03:19.722671,2026-07-07T04:03:19.731761+00:00,164.6,200,bid,,,10323694
2026-07-07T04:03:23.332430,2026-07-07T04:03:23.358676+00:00,164.5,20,ask,,,10323742
2026-07-07T04:03:24.113228,2026-07-07T04:03:24.121048+00:00,164.6,200,bid,,,10323749
2026-07-07T04:03:24.126934,2026-07-07T04:03:24.130623+00:00,164.6,11,ask,,,10323751
2026-07-07T04:03:24.877065,2026-07-07T04:03:24.888969+00:00,164.7,20,bid,,,10323755
2026-07-07T04:03:25.455507,2026-07-07T04:03:25.463781+00:00,164.6,20,ask,,,10323765
2026-07-07T04:03:27.601138,2026-07-07T04:03:27.617047+00:00,164.5,20,ask,,,10323797
2026-07-07T04:03:28.673012,2026-07-07T04:03:28.680910+00:00,164.6,20,ask,,,10323809
2026-07-07T04:03:29.234434,2026-07-07T04:03:29.263840+00:00,164.6,20,ask,,,10323815
2026-07-07T04:03:29.417868,2026-07-07T04:03:29.424407+00:00,164.6,200,ask,,,10323820
2026-07-07T04:03:29.735084,2026-07-07T04:03:29.743220+00:00,164.6,20,ask,,,10323830
2026-07-07T04:03:31.053218,2026-07-07T04:03:31.064019+00:00,164.7,20,bid,,,10323846
2026-07-07T04:03:31.187983,2026-07-07T04:03:31.197258+00:00,164.7,20,bid,,,10323849
2026-07-07T04:03:33.164395,2026-07-07T04:03:33.176923+00:00,164.5,20,ask,,,10323873
2026-07-07T04:03:33.172949,2026-07-07T04:03:33.176923+00:00,164.5,29,ask,,,10323875
2026-07-07T04:03:34.264574,2026-07-07T04:03:34.274401+00:00,164.6,200,ask,,,10323897
2026-07-07T04:03:34.623302,2026-07-07T04:03:34.626769+00:00,164.6,6,bid,,,10323904
2026-07-07T04:03:34.691439,2026-07-07T04:03:34.702501+00:00,164.4,6,ask,,,10323906
2026-07-07T04:03:37.554014,2026-07-07T04:03:37.563781+00:00,164.6,20,bid,,,10323947
2026-07-07T04:03:38.121762,2026-07-07T04:03:38.168724+00:00,164.4,20,ask,,,10323953
2026-07-07T04:03:39.110588,2026-07-07T04:03:39.120653+00:00,164.6,200,bid,,,10323968
2026-07-07T04:03:40.709877,2026-07-07T04:03:40.718746+00:00,164.6,20,ask,,,10323992
2026-07-07T04:03:41.180158,2026-07-07T04:03:41.188601+00:00,164.6,180,ask,,,10323999
2026-07-07T04:03:41.180158,2026-07-07T04:03:41.188601+00:00,164.5,445,ask,,,10324000
2026-07-07T04:03:47.595113,2026-07-07T04:03:47.602024+00:00,164.8,200,bid,,,10324063
2026-07-07T04:03:49.403890,2026-07-07T04:03:49.411123+00:00,164.8,20,ask,,,10324080
2026-07-07T04:03:50.342324,2026-07-07T04:03:50.344255+00:00,164.8,200,ask,,,10324092
2026-07-07T04:03:50.514477,2026-07-07T04:03:50.523183+00:00,164.8,20,bid,,,10324095
2026-07-07T04:03:50.751665,2026-07-07T04:03:50.763680+00:00,164.8,20,bid,,,10324103
2026-07-07T04:03:54.563791,2026-07-07T04:03:54.570288+00:00,164.9,20,ask,,,10324145
2026-07-07T04:03:55.264146,2026-07-07T04:03:55.267657+00:00,165.1,23,bid,,,10324159
2026-07-07T04:03:55.429173,2026-07-07T04:03:55.440181+00:00,165.1,20,bid,,,10324163
2026-07-07T04:03:55.650957,2026-07-07T04:03:55.659240+00:00,165.1,20,bid,,,10324167
2026-07-07T04:03:56.078307,2026-07-07T04:03:56.089710+00:00,165.2,20,bid,,,10324174
2026-07-07T04:03:58.230850,2026-07-07T04:03:58.258616+00:00,165.1,20,ask,,,10324201
2026-07-07T04:03:59.702799,2026-07-07T04:03:59.709263+00:00,165.1,200,ask,,,10324219
2026-07-07T04:04:01.304569,2026-07-07T04:04:01.316252+00:00,165.2,20,bid,,,10324238
2026-07-07T04:04:02.164141,2026-07-07T04:04:02.175045+00:00,165.2,200,bid,,,10324254
2026-07-07T04:04:06.543309,2026-07-07T04:04:06.563681+00:00,165.1,20,ask,,,10324304
2026-07-07T04:04:06.761373,2026-07-07T04:04:06.765813+00:00,165.2,20,bid,,,10324308
2026-07-07T04:04:06.964645,2026-07-07T04:04:06.975249+00:00,165.1,200,ask,,,10324311
2026-07-07T04:04:07.395394,2026-07-07T04:04:07.459288+00:00,165.3,20,bid,,,10324318
2026-07-07T04:04:07.612850,2026-07-07T04:04:07.617918+00:00,165.0,20,ask,,,10324322
2026-07-07T04:04:08.700738,2026-07-07T04:04:08.711128+00:00,165.1,200,ask,,,10324333
2026-07-07T04:04:09.767672,2026-07-07T04:04:09.779503+00:00,165.0,20,ask,,,10324349
2026-07-07T04:04:09.905434,2026-07-07T04:04:09.912476+00:00,165.0,500,ask,,,10324350
2026-07-07T04:04:11.880873,2026-07-07T04:04:11.889815+00:00,164.9,20,ask,,,10324376
2026-07-07T04:04:12.338533,2026-07-07T04:04:12.358594+00:00,164.9,500,ask,,,10324381
2026-07-07T04:04:12.935886,2026-07-07T04:04:12.943339+00:00,164.9,200,ask,,,10324389
2026-07-07T04:04:16.642273,2026-07-07T04:04:16.658638+00:00,164.9,200,bid,,,10324436
2026-07-07T04:04:17.850986,2026-07-07T04:04:17.864054+00:00,164.8,200,bid,,,10324451
2026-07-07T04:04:18.252103,2026-07-07T04:04:18.264016+00:00,164.8,20,bid,,,10324460
2026-07-07T04:04:19.060087,2026-07-07T04:04:19.070364+00:00,164.6,200,bid,,,10324470
2026-07-07T04:04:20.377585,2026-07-07T04:04:20.386336+00:00,164.6,20,bid,,,10324493
2026-07-07T04:04:21.403999,2026-07-07T04:04:21.411599+00:00,164.5,200,ask,,,10324506
2026-07-07T04:04:22.509034,2026-07-07T04:04:22.515588+00:00,164.5,20,bid,,,10324516
2026-07-07T04:04:24.205971,2026-07-07T04:04:24.217491+00:00,164.5,20,bid,,,10324537
2026-07-07T04:04:24.460568,2026-07-07T04:04:24.469108+00:00,164.5,200,bid,,,10324542
2026-07-07T04:04:24.460568,2026-07-07T04:04:24.469108+00:00,164.5,425,bid,,,10324543
2026-07-07T04:04:28.393246,2026-07-07T04:04:28.412646+00:00,164.5,200,ask,,,10324588
2026-07-07T04:04:28.409191,2026-07-07T04:04:28.412646+00:00,164.4,22,bid,,,10324590
2026-07-07T04:04:28.723749,2026-07-07T04:04:28.730783+00:00,164.4,200,bid,,,10324593
2026-07-07T04:04:29.902581,2026-07-07T04:04:29.911725+00:00,164.4,500,ask,,,10324608
2026-07-07T04:04:30.498149,2026-07-07T04:04:30.507641+00:00,164.4,125,ask,,,10324624
2026-07-07T04:04:30.498149,2026-07-07T04:04:30.507641+00:00,164.3,200,ask,,,10324625
2026-07-07T04:04:30.831044,2026-07-07T04:04:30.842730+00:00,164.3,6,bid,,,10324635
2026-07-07T04:04:31.137609,2026-07-07T04:04:31.158618+00:00,164.2,200,bid,,,10324638
2026-07-07T04:04:31.713223,2026-07-07T04:04:31.720811+00:00,164.1,500,ask,,,10324642
2026-07-07T04:04:32.306756,2026-07-07T04:04:32.314000+00:00,164.1,125,ask,,,10324651
2026-07-07T04:04:32.913291,2026-07-07T04:04:32.920631+00:00,164.0,200,ask,,,10324660
2026-07-07T04:04:33.642693,2026-07-07T04:04:33.651415+00:00,164.0,500,bid,,,10324670
2026-07-07T04:04:33.714590,2026-07-07T04:04:33.717973+00:00,164.1,11,ask,,,10324675
2026-07-07T04:04:35.971405,2026-07-07T04:04:35.979468+00:00,163.9,200,ask,,,10324706
2026-07-07T04:04:37.570284,2026-07-07T04:04:37.578078+00:00,164.1,200,bid,,,10324731
2026-07-07T04:04:39.599962,2026-07-07T04:04:39.610941+00:00,164.2,200,bid,,,10324754
2026-07-07T04:04:43.240865,2026-07-07T04:04:43.258823+00:00,164.2,200,bid,,,10324795
2026-07-07T04:04:44.419930,2026-07-07T04:04:44.429383+00:00,164.1,500,ask,,,10324813
2026-07-07T04:04:45.013615,2026-07-07T04:04:45.039356+00:00,164.1,125,ask,,,10324817
2026-07-07T04:04:45.013615,2026-07-07T04:04:45.039356+00:00,164.0,200,ask,,,10324818
2026-07-07T04:04:45.035682,2026-07-07T04:04:45.039356+00:00,164.0,11,bid,,,10324820
2026-07-07T04:04:45.621277,2026-07-07T04:04:45.630676+00:00,163.9,500,ask,,,10324830
2026-07-07T04:04:45.833871,2026-07-07T04:04:45.864035+00:00,164.0,20,ask,,,10324832
2026-07-07T04:04:46.220180,2026-07-07T04:04:46.226783+00:00,164.0,180,ask,,,10324835
2026-07-07T04:04:46.220180,2026-07-07T04:04:46.265435+00:00,163.9,125,ask,,,10324836
2026-07-07T04:04:46.260688,2026-07-07T04:04:46.265435+00:00,163.9,12,bid,,,10324840
2026-07-07T04:04:46.765503,2026-07-07T04:04:46.769862+00:00,163.8,11,bid,,,10324858
2026-07-07T04:04:49.140539,2026-07-07T04:04:49.144480+00:00,163.7,23,ask,,,10324886
2026-07-07T04:04:49.288435,2026-07-07T04:04:49.295307+00:00,163.8,200,bid,,,10324887
2026-07-07T04:04:50.341101,2026-07-07T04:04:50.363979+00:00,164.0,6,bid,,,10324908
2026-07-07T04:04:50.428078,2026-07-07T04:04:50.439914+00:00,163.7,20,ask,,,10324910
2026-07-07T04:04:50.601747,2026-07-07T04:04:50.613053+00:00,163.7,6,ask,,,10324912
2026-07-07T04:04:51.959579,2026-07-07T04:04:51.969592+00:00,164.0,20,bid,,,10324922
2026-07-07T04:04:52.135501,2026-07-07T04:04:52.158616+00:00,164.0,8,bid,,,10324923
2026-07-07T04:04:52.364084,2026-07-07T04:04:52.370489+00:00,163.8,20,ask,,,10324925
2026-07-07T04:04:54.379737,2026-07-07T04:04:54.387028+00:00,163.8,20,ask,,,10324942
2026-07-07T04:04:54.582254,2026-07-07T04:04:54.590177+00:00,163.8,180,ask,,,10324952
2026-07-07T04:04:54.600999,2026-07-07T04:04:54.605075+00:00,163.8,23,bid,,,10324954
2026-07-07T04:04:54.686301,2026-07-07T04:04:54.693590+00:00,163.8,8,bid,,,10324958
2026-07-07T04:04:55.351196,2026-07-07T04:04:55.364135+00:00,163.8,200,bid,,,10324964
2026-07-07T04:04:55.684848,2026-07-07T04:04:55.696292+00:00,163.5,20,ask,,,10324968
2026-07-07T04:04:55.702792,2026-07-07T04:04:55.711895+00:00,163.5,8,ask,,,10324971
2026-07-07T04:04:55.906391,2026-07-07T04:04:55.909937+00:00,163.7,23,ask,,,10324977
2026-07-07T04:04:55.978536,2026-07-07T04:04:55.988159+00:00,163.7,8,ask,,,10324982
2026-07-07T04:04:56.582745,2026-07-07T04:04:56.587547+00:00,163.8,11,ask,,,10324987
2026-07-07T04:04:57.199511,2026-07-07T04:04:57.206104+00:00,164.0,200,bid,,,10324996
2026-07-07T04:04:57.217966,2026-07-07T04:04:57.221858+00:00,164.0,23,ask,,,10324999
2026-07-07T04:04:58.237076,2026-07-07T04:04:58.264168+00:00,164.0,20,ask,,,10325011
2026-07-07T04:04:58.576841,2026-07-07T04:04:58.580284+00:00,164.1,34,bid,,,10325019
2026-07-07T04:04:58.639976,2026-07-07T04:04:58.658631+00:00,164.0,20,ask,,,10325020
2026-07-07T04:04:59.342140,2026-07-07T04:04:59.363976+00:00,164.2,20,bid,,,10325029
2026-07-07T04:05:00.361311,2026-07-07T04:05:00.368981+00:00,164.2,20,bid,,,10325048
2026-07-07T04:05:01.131045,2026-07-07T04:05:01.158816+00:00,164.2,200,bid,,,10325057
2026-07-07T04:05:01.404871,2026-07-07T04:05:01.412129+00:00,164.2,200,ask,,,10325061
2026-07-07T04:05:02.610932,2026-07-07T04:05:02.621438+00:00,164.2,200,bid,,,10325077
2026-07-07T04:05:03.818312,2026-07-07T04:05:03.830151+00:00,164.4,200,bid,,,10325088
2026-07-07T04:05:06.755934,2026-07-07T04:05:06.768025+00:00,164.6,20,bid,,,10325117
2026-07-07T04:05:06.818673,2026-07-07T04:05:06.830440+00:00,164.4,20,ask,,,10325119
2026-07-07T04:05:07.674355,2026-07-07T04:05:07.684383+00:00,164.5,500,bid,,,10325138
2026-07-07T04:05:07.691540,2026-07-07T04:05:07.695865+00:00,164.5,11,ask,,,10325140
2026-07-07T04:05:08.038527,2026-07-07T04:05:08.046617+00:00,164.5,114,ask,,,10325145
2026-07-07T04:05:08.069018,2026-07-07T04:05:08.072417+00:00,164.5,11,bid,,,10325148
2026-07-07T04:05:10.293748,2026-07-07T04:05:10.314369+00:00,164.4,200,ask,,,10325179
2026-07-07T04:05:10.310335,2026-07-07T04:05:10.314369+00:00,164.4,12,bid,,,10325181
2026-07-07T04:05:11.130333,2026-07-07T04:05:11.164335+00:00,164.4,200,bid,,,10325200
2026-07-07T04:05:11.285725,2026-07-07T04:05:11.289383+00:00,164.2,12,ask,,,10325209
2026-07-07T04:05:11.602247,2026-07-07T04:05:11.611412+00:00,164.4,500,bid,,,10325216
2026-07-07T04:05:11.616524,2026-07-07T04:05:11.620220+00:00,164.4,22,ask,,,10325218
2026-07-07T04:05:11.680087,2026-07-07T04:05:11.688867+00:00,164.4,103,ask,,,10325221
2026-07-07T04:05:12.919489,2026-07-07T04:05:12.927540+00:00,164.3,200,ask,,,10325234
2026-07-07T04:05:13.044827,2026-07-07T04:05:13.064118+00:00,164.0,20,ask,,,10325239
2026-07-07T04:05:15.173694,2026-07-07T04:05:15.181235+00:00,164.2,20,ask,,,10325268
2026-07-07T04:05:15.538344,2026-07-07T04:05:15.569068+00:00,164.4,200,bid,,,10325273
2026-07-07T04:05:16.508763,2026-07-07T04:05:16.520325+00:00,164.4,425,ask,,,10325281
2026-07-07T04:05:18.983196,2026-07-07T04:05:18.986749+00:00,164.2,11,bid,,,10325313
2026-07-07T04:05:19.387356,2026-07-07T04:05:19.396484+00:00,164.2,8,bid,,,10325319
2026-07-07T04:05:19.439162,2026-07-07T04:05:19.458665+00:00,164.2,20,bid,,,10325320
2026-07-07T04:05:20.754282,2026-07-07T04:05:20.763592+00:00,164.1,500,ask,,,10325330
2026-07-07T04:05:21.349506,2026-07-07T04:05:21.364248+00:00,164.0,500,ask,,,10325339
2026-07-07T04:05:21.949312,2026-07-07T04:05:21.958636+00:00,164.0,125,ask,,,10325345
2026-07-07T04:05:21.949312,2026-07-07T04:05:21.958636+00:00,164.0,200,ask,,,10325346
2026-07-07T04:05:23.318308,2026-07-07T04:05:23.326554+00:00,164.1,20,bid,,,10325366
2026-07-07T04:05:23.533775,2026-07-07T04:05:23.543818+00:00,164.1,20,bid,,,10325372
2026-07-07T04:05:25.599114,2026-07-07T04:05:25.607539+00:00,164.0,200,ask,,,10325393
2026-07-07T04:05:25.599114,2026-07-07T04:05:25.607539+00:00,164.0,300,ask,,,10325394
2026-07-07T04:05:25.765654,2026-07-07T04:05:25.777233+00:00,164.0,8,ask,,,10325399
2026-07-07T04:05:26.194388,2026-07-07T04:05:26.202496+00:00,163.9,200,ask,,,10325403
2026-07-07T04:05:26.194388,2026-07-07T04:05:26.202496+00:00,163.9,300,ask,,,10325404
2026-07-07T04:05:27.501787,2026-07-07T04:05:27.509251+00:00,163.7,20,ask,,,10325420
2026-07-07T04:05:29.980434,2026-07-07T04:05:29.992106+00:00,163.8,200,ask,,,10325451
2026-07-07T04:05:30.059943,2026-07-07T04:05:30.067831+00:00,163.5,20,ask,,,10325452
2026-07-07T04:05:30.275122,2026-07-07T04:05:30.283292+00:00,163.5,20,ask,,,10325455
2026-07-07T04:05:30.503498,2026-07-07T04:05:30.507350+00:00,163.6,11,ask,,,10325458
2026-07-07T04:05:30.627799,2026-07-07T04:05:30.639261+00:00,163.8,20,bid,,,10325461
2026-07-07T04:05:31.304128,2026-07-07T04:05:31.307646+00:00,163.8,23,ask,,,10325469
2026-07-07T04:05:32.193066,2026-07-07T04:05:32.201683+00:00,163.8,20,ask,,,10325481
2026-07-07T04:05:32.858188,2026-07-07T04:05:32.869064+00:00,163.8,500,ask,,,10325491
2026-07-07T04:05:33.374515,2026-07-07T04:05:33.377849+00:00,164.1,11,bid,,,10325499
2026-07-07T04:05:33.472041,2026-07-07T04:05:33.475887+00:00,163.9,23,bid,,,10325501
2026-07-07T04:05:33.621765,2026-07-07T04:05:33.632457+00:00,163.9,8,bid,,,10325508
2026-07-07T04:05:33.687852,2026-07-07T04:05:33.694369+00:00,163.9,20,bid,,,10325510
2026-07-07T04:05:33.910639,2026-07-07T04:05:33.919983+00:00,163.8,200,ask,,,10325511
2026-07-07T04:05:33.926731,2026-07-07T04:05:33.930371+00:00,163.6,24,bid,,,10325514
2026-07-07T04:05:34.114768,2026-07-07T04:05:34.126280+00:00,163.6,200,bid,,,10325515
2026-07-07T04:05:34.139826,2026-07-07T04:05:34.147011+00:00,163.4,8,ask,,,10325518
2026-07-07T04:05:35.235484,2026-07-07T04:05:35.239657+00:00,163.6,13,ask,,,10325533
2026-07-07T04:05:35.387955,2026-07-07T04:05:35.399160+00:00,163.8,13,bid,,,10325536
2026-07-07T04:05:37.315009,2026-07-07T04:05:37.323031+00:00,163.5,20,ask,,,10325562
2026-07-07T04:05:38.396076,2026-07-07T04:05:38.407892+00:00,163.4,20,ask,,,10325585
2026-07-07T04:05:39.751661,2026-07-07T04:05:39.755363+00:00,163.3,30,ask,,,10325601
2026-07-07T04:05:39.908318,2026-07-07T04:05:39.917862+00:00,163.3,20,ask,,,10325603
2026-07-07T04:05:40.149382,2026-07-07T04:05:40.153137+00:00,163.3,15,ask,,,10325609
2026-07-07T04:05:40.342989,2026-07-07T04:05:40.351281+00:00,163.3,20,ask,,,10325611
2026-07-07T04:05:40.556414,2026-07-07T04:05:40.564837+00:00,163.4,20,bid,,,10325619
2026-07-07T04:05:40.724254,2026-07-07T04:05:40.732163+00:00,163.4,7,bid,,,10325621
2026-07-07T04:05:41.193111,2026-07-07T04:05:41.201227+00:00,163.4,20,bid,,,10325626
2026-07-07T04:05:41.247072,2026-07-07T04:05:41.250619+00:00,163.4,7,bid,,,10325628
2026-07-07T04:05:41.490389,2026-07-07T04:05:41.502071+00:00,163.2,7,ask,,,10325631
2026-07-07T04:05:42.690233,2026-07-07T04:05:42.701275+00:00,163.3,20,bid,,,10325650
2026-07-07T04:05:42.999030,2026-07-07T04:05:43.010509+00:00,163.3,8,bid,,,10325651
2026-07-07T04:05:43.095233,2026-07-07T04:05:43.102729+00:00,163.3,172,bid,,,10325653
2026-07-07T04:05:43.822980,2026-07-07T04:05:43.826668+00:00,163.4,4,bid,,,10325664
2026-07-07T04:05:43.975451,2026-07-07T04:05:43.981962+00:00,163.3,4,ask,,,10325666
2026-07-07T04:05:46.229538,2026-07-07T04:05:46.237830+00:00,163.5,200,bid,,,10325692
2026-07-07T04:05:47.272733,2026-07-07T04:05:47.280739+00:00,163.4,8,ask,,,10325711
2026-07-07T04:05:47.396362,2026-07-07T04:05:47.404757+00:00,163.4,500,ask,,,10325712
2026-07-07T04:05:49.077090,2026-07-07T04:05:49.087791+00:00,163.4,20,ask,,,10325727
2026-07-07T04:05:49.639613,2026-07-07T04:05:49.664124+00:00,163.4,180,ask,,,10325741
2026-07-07T04:05:49.659601,2026-07-07T04:05:49.664124+00:00,163.3,12,bid,,,10325743
2026-07-07T04:05:49.860155,2026-07-07T04:05:49.870584+00:00,163.3,200,bid,,,10325745
2026-07-07T04:05:50.011706,2026-07-07T04:05:50.023406+00:00,163.0,20,ask,,,10325747
2026-07-07T04:05:52.282304,2026-07-07T04:05:52.292037+00:00,163.4,200,bid,,,10325770
2026-07-07T04:05:54.414351,2026-07-07T04:05:54.464042+00:00,163.3,20,ask,,,10325804
2026-07-07T04:05:55.050245,2026-07-07T04:05:55.064088+00:00,163.4,20,ask,,,10325812
2026-07-07T04:05:56.118327,2026-07-07T04:05:56.129017+00:00,163.6,20,bid,,,10325826
2026-07-07T04:05:56.316682,2026-07-07T04:05:56.323649+00:00,163.4,20,ask,,,10325830
2026-07-07T04:05:57.594975,2026-07-07T04:05:57.603582+00:00,163.6,20,bid,,,10325850
2026-07-07T04:05:57.824609,2026-07-07T04:05:57.833118+00:00,163.6,8,bid,,,10325853
2026-07-07T04:05:59.583539,2026-07-07T04:05:59.595360+00:00,163.3,8,ask,,,10325871
2026-07-07T04:06:00.758186,2026-07-07T04:06:00.769212+00:00,163.5,200,ask,,,10325889
2026-07-07T04:06:01.465415,2026-07-07T04:06:01.469653+00:00,163.4,11,bid,,,10325900
2026-07-07T04:06:05.559109,2026-07-07T04:06:05.569287+00:00,163.4,500,ask,,,10325959
2026-07-07T04:06:05.916099,2026-07-07T04:06:05.927052+00:00,163.4,20,ask,,,10325967
2026-07-07T04:06:06.151538,2026-07-07T04:06:06.163650+00:00,163.4,105,ask,,,10325968
2026-07-07T04:06:06.341179,2026-07-07T04:06:06.349023+00:00,163.3,20,ask,,,10325972
2026-07-07T04:06:06.764524,2026-07-07T04:06:06.781381+00:00,163.3,180,ask,,,10325977
2026-07-07T04:06:06.764524,2026-07-07T04:06:06.781381+00:00,163.2,320,ask,,,10325978
2026-07-07T04:06:07.832947,2026-07-07T04:06:07.840978+00:00,163.3,20,bid,,,10325997
2026-07-07T04:06:07.992062,2026-07-07T04:06:08.002067+00:00,163.1,200,ask,,,10326000
2026-07-07T04:06:08.019223,2026-07-07T04:06:08.028330+00:00,163.1,200,bid,,,10326001
2026-07-07T04:06:08.609493,2026-07-07T04:06:08.613414+00:00,162.8,11,ask,,,10326009
2026-07-07T04:06:09.276176,2026-07-07T04:06:09.280210+00:00,162.9,12,ask,,,10326018
2026-07-07T04:06:09.318375,2026-07-07T04:06:09.322190+00:00,163.0,11,ask,,,10326022
2026-07-07T04:06:11.337713,2026-07-07T04:06:11.341500+00:00,163.1,11,bid,,,10326041
2026-07-07T04:06:11.926692,2026-07-07T04:06:11.936425+00:00,163.1,200,bid,,,10326049
2026-07-07T04:06:12.220363,2026-07-07T04:06:12.231386+00:00,163.1,425,ask,,,10326053
2026-07-07T04:06:14.631778,2026-07-07T04:06:14.641854+00:00,163.0,200,ask,,,10326083
2026-07-07T04:06:16.339498,2026-07-07T04:06:16.358687+00:00,163.0,20,bid,,,10326106
2026-07-07T04:06:16.444160,2026-07-07T04:06:16.458747+00:00,162.9,200,ask,,,10326111
2026-07-07T04:06:16.444160,2026-07-07T04:06:16.458747+00:00,162.9,300,ask,,,10326112
2026-07-07T04:06:16.453265,2026-07-07T04:06:16.463624+00:00,163.1,8,bid,,,10326113
2026-07-07T04:06:17.035739,2026-07-07T04:06:17.042983+00:00,162.9,325,ask,,,10326121
2026-07-07T04:06:17.068575,2026-07-07T04:06:17.072219+00:00,162.8,23,bid,,,10326124
2026-07-07T04:06:17.716872,2026-07-07T04:06:17.728299+00:00,162.9,8,bid,,,10326131
2026-07-07T04:06:17.828635,2026-07-07T04:06:17.836974+00:00,162.9,20,bid,,,10326132
2026-07-07T04:06:18.473317,2026-07-07T04:06:18.484691+00:00,162.7,8,ask,,,10326146
2026-07-07T04:06:18.884009,2026-07-07T04:06:18.892774+00:00,162.7,192,ask,,,10326149
2026-07-07T04:06:18.884009,2026-07-07T04:06:18.892774+00:00,162.7,308,ask,,,10326150
2026-07-07T04:06:19.477434,2026-07-07T04:06:19.485332+00:00,162.7,317,ask,,,10326160
2026-07-07T04:06:19.477434,2026-07-07T04:06:19.490557+00:00,162.7,183,ask,,,10326161
2026-07-07T04:06:20.080272,2026-07-07T04:06:20.088825+00:00,162.7,17,ask,,,10326171
2026-07-07T04:06:20.115138,2026-07-07T04:06:20.124978+00:00,162.7,200,bid,,,10326174
2026-07-07T04:06:20.658321,2026-07-07T04:06:20.670003+00:00,162.7,20,bid,,,10326186
2026-07-07T04:06:23.846279,2026-07-07T04:06:23.858575+00:00,162.6,20,ask,,,10326228
2026-07-07T04:06:24.068113,2026-07-07T04:06:24.076736+00:00,162.8,20,bid,,,10326235
2026-07-07T04:06:24.272057,2026-07-07T04:06:24.288253+00:00,162.6,20,ask,,,10326239
2026-07-07T04:06:24.286184,2026-07-07T04:06:24.294036+00:00,162.8,8,bid,,,10326240
2026-07-07T04:06:26.566655,2026-07-07T04:06:26.577841+00:00,162.6,8,ask,,,10326278
2026-07-07T04:06:26.632776,2026-07-07T04:06:26.640951+00:00,162.6,20,ask,,,10326280
2026-07-07T04:06:27.072154,2026-07-07T04:06:27.079476+00:00,162.6,8,ask,,,10326291
2026-07-07T04:06:28.550954,2026-07-07T04:06:28.558630+00:00,162.7,20,bid,,,10326307
2026-07-07T04:06:28.596751,2026-07-07T04:06:28.606538+00:00,162.7,200,bid,,,10326308
2026-07-07T04:06:29.235729,2026-07-07T04:06:29.264474+00:00,162.9,20,bid,,,10326320
2026-07-07T04:06:31.097905,2026-07-07T04:06:31.105191+00:00,162.6,20,ask,,,10326339
2026-07-07T04:06:34.880670,2026-07-07T04:06:34.889807+00:00,162.8,20,ask,,,10326387
2026-07-07T04:06:36.854391,2026-07-07T04:06:36.864061+00:00,162.9,200,bid,,,10326416
2026-07-07T04:06:37.458352,2026-07-07T04:06:37.470151+00:00,162.9,20,ask,,,10326427
2026-07-07T04:06:43.400439,2026-07-07T04:06:43.423002+00:00,163.1,200,bid,,,10326516
2026-07-07T04:06:43.419168,2026-07-07T04:06:43.423002+00:00,163.1,11,ask,,,10326518
2026-07-07T04:06:43.842951,2026-07-07T04:06:43.863655+00:00,163.1,20,ask,,,10326527
2026-07-07T04:06:44.710324,2026-07-07T04:06:44.719327+00:00,163.0,200,ask,,,10326537
2026-07-07T04:06:45.533727,2026-07-07T04:06:45.558981+00:00,163.0,200,bid,,,10326547
2026-07-07T04:06:47.327497,2026-07-07T04:06:47.335386+00:00,163.2,200,bid,,,10326569
2026-07-07T04:06:47.347889,2026-07-07T04:06:47.351446+00:00,163.2,23,ask,,,10326572
2026-07-07T04:06:52.517785,2026-07-07T04:06:52.521430+00:00,163.4,11,bid,,,10326635
2026-07-07T04:06:52.834557,2026-07-07T04:06:52.839079+00:00,163.3,12,bid,,,10326641
2026-07-07T04:06:54.323851,2026-07-07T04:06:54.288493+00:00,163.4,20,bid,,,10326661
2026-07-07T04:06:54.477586,2026-07-07T04:06:54.564749+00:00,163.4,8,bid,,,10326665
2026-07-07T04:06:55.312736,2026-07-07T04:06:55.458787+00:00,163.1,20,ask,,,10326675
2026-07-07T04:06:57.548353,2026-07-07T04:06:57.564336+00:00,163.2,20,bid,,,10326711
2026-07-07T04:06:57.844296,2026-07-07T04:06:57.864388+00:00,163.1,200,ask,,,10326714
2026-07-07T04:07:00.760889,2026-07-07T04:07:00.768997+00:00,163.1,20,bid,,,10326775
2026-07-07T04:07:02.893099,2026-07-07T04:07:02.902725+00:00,163.2,20,bid,,,10326794
2026-07-07T04:07:03.721784,2026-07-07T04:07:03.727118+00:00,163.2,200,ask,,,10326812
2026-07-07T04:07:04.283737,2026-07-07T04:07:04.300917+00:00,163.2,20,ask,,,10326821
2026-07-07T04:07:05.227067,2026-07-07T04:07:05.270117+00:00,163.2,11,bid,,,10326838
2026-07-07T04:07:05.265725,2026-07-07T04:07:05.270117+00:00,163.2,31,bid,,,10326840
2026-07-07T04:07:05.356805,2026-07-07T04:07:05.369250+00:00,163.2,8,bid,,,10326841
2026-07-07T04:07:05.701699,2026-07-07T04:07:05.709379+00:00,163.2,150,bid,,,10326848
2026-07-07T04:07:07.127077,2026-07-07T04:07:07.136952+00:00,163.3,8,bid,,,10326867
2026-07-07T04:07:09.625889,2026-07-07T04:07:09.642647+00:00,163.3,200,bid,,,10326892
2026-07-07T04:07:09.639200,2026-07-07T04:07:09.642647+00:00,163.3,8,ask,,,10326894
2026-07-07T04:07:09.655598,2026-07-07T04:07:09.658683+00:00,163.6,8,bid,,,10326895
2026-07-07T04:07:09.988497,2026-07-07T04:07:10.000448+00:00,163.3,20,ask,,,10326899
2026-07-07T04:07:10.970385,2026-07-07T04:07:10.977769+00:00,163.3,200,bid,,,10326908
2026-07-07T04:07:11.423928,2026-07-07T04:07:11.431413+00:00,163.1,8,ask,,,10326914
2026-07-07T04:07:14.599401,2026-07-07T04:07:14.607870+00:00,163.3,200,bid,,,10326946
2026-07-07T04:07:17.667236,2026-07-07T04:07:17.675541+00:00,163.0,20,ask,,,10326988
2026-07-07T04:07:17.715140,2026-07-07T04:07:17.726201+00:00,163.0,8,ask,,,10326989
2026-07-07T04:07:17.880172,2026-07-07T04:07:17.883617+00:00,163.0,1,ask,,,10326994
2026-07-07T04:07:19.115016,2026-07-07T04:07:19.126564+00:00,163.0,20,ask,,,10327007
2026-07-07T04:07:19.724101,2026-07-07T04:07:19.735769+00:00,163.0,8,ask,,,10327017
2026-07-07T04:07:19.786326,2026-07-07T04:07:19.794600+00:00,163.0,20,ask,,,10327022
2026-07-07T04:07:20.662416,2026-07-07T04:07:20.673859+00:00,163.1,200,bid,,,10327035
2026-07-07T04:07:21.092571,2026-07-07T04:07:21.102095+00:00,163.1,20,bid,,,10327045
2026-07-07T04:07:21.237997,2026-07-07T04:07:21.248129+00:00,163.1,8,bid,,,10327048
2026-07-07T04:07:21.874326,2026-07-07T04:07:21.884836+00:00,163.3,200,bid,,,10327057
2026-07-07T04:07:22.008743,2026-07-07T04:07:22.024499+00:00,163.1,8,ask,,,10327065
2026-07-07T04:07:22.164194,2026-07-07T04:07:22.171697+00:00,163.1,20,ask,,,10327067
2026-07-07T04:07:25.786426,2026-07-07T04:07:25.798239+00:00,163.3,8,bid,,,10327111
2026-07-07T04:07:26.695215,2026-07-07T04:07:26.704409+00:00,163.1,200,ask,,,10327125
2026-07-07T04:07:26.714370,2026-07-07T04:07:26.723034+00:00,163.1,200,bid,,,10327127
2026-07-07T04:07:28.003963,2026-07-07T04:07:28.012275+00:00,163.1,200,bid,,,10327143
2026-07-07T04:07:28.082672,2026-07-07T04:07:28.094511+00:00,163.3,8,bid,,,10327146
2026-07-07T04:07:29.142623,2026-07-07T04:07:29.158615+00:00,163.1,200,ask,,,10327157
2026-07-07T04:07:30.350972,2026-07-07T04:07:30.363922+00:00,163.1,200,ask,,,10327176
2026-07-07T04:07:32.257132,2026-07-07T04:07:32.268963+00:00,163.1,20,ask,,,10327205
2026-07-07T04:07:32.367289,2026-07-07T04:07:32.374356+00:00,163.2,8,bid,,,10327206
2026-07-07T04:07:32.390420,2026-07-07T04:07:32.399059+00:00,163.2,20,bid,,,10327207
2026-07-07T04:07:33.225582,2026-07-07T04:07:33.237447+00:00,163.1,20,ask,,,10327214
2026-07-07T04:07:34.510767,2026-07-07T04:07:34.518849+00:00,163.2,20,bid,,,10327238
2026-07-07T04:07:34.646826,2026-07-07T04:07:34.654153+00:00,163.2,8,bid,,,10327240
2026-07-07T04:07:36.853624,2026-07-07T04:07:36.857664+00:00,163.1,11,ask,,,10327267
2026-07-07T04:07:36.917760,2026-07-07T04:07:36.928650+00:00,163.1,8,ask,,,10327268
2026-07-07T04:07:38.676816,2026-07-07T04:07:38.683653+00:00,163.1,8,ask,,,10327297
2026-07-07T04:07:38.806998,2026-07-07T04:07:38.817228+00:00,163.1,20,ask,,,10327300
2026-07-07T04:07:39.793429,2026-07-07T04:07:39.800508+00:00,163.1,200,ask,,,10327317
2026-07-07T04:07:40.187605,2026-07-07T04:07:40.197211+00:00,163.1,20,bid,,,10327320
2026-07-07T04:07:40.932687,2026-07-07T04:07:40.941412+00:00,163.0,20,ask,,,10327335
2026-07-07T04:07:40.949524,2026-07-07T04:07:40.951751+00:00,163.0,8,ask,,,10327336
2026-07-07T04:07:42.881128,2026-07-07T04:07:42.883437+00:00,163.1,20,ask,,,10327367
2026-07-07T04:07:42.980060,2026-07-07T04:07:42.987606+00:00,163.1,8,ask,,,10327370
2026-07-07T04:07:43.671146,2026-07-07T04:07:43.680269+00:00,163.1,200,ask,,,10327378
2026-07-07T04:07:44.988818,2026-07-07T04:07:45.068749+00:00,163.1,8,ask,,,10327394
2026-07-07T04:07:46.360040,2026-07-07T04:07:46.364169+00:00,163.1,11,ask,,,10327415
2026-07-07T04:07:48.517940,2026-07-07T04:07:48.521574+00:00,163.2,12,ask,,,10327443
2026-07-07T04:07:51.362914,2026-07-07T04:07:51.370701+00:00,163.3,20,ask,,,10327477
2026-07-07T04:07:53.338169,2026-07-07T04:07:53.363647+00:00,163.4,200,bid,,,10327501
2026-07-07T04:07:53.489866,2026-07-07T04:07:53.493179+00:00,163.3,20,ask,,,10327505
2026-07-07T04:07:53.919892,2026-07-07T04:07:53.931033+00:00,163.3,20,ask,,,10327511
2026-07-07T04:07:54.200184,2026-07-07T04:07:54.207645+00:00,163.4,500,bid,,,10327514
2026-07-07T04:07:55.139429,2026-07-07T04:07:55.146752+00:00,163.4,125,ask,,,10327525
2026-07-07T04:07:55.510388,2026-07-07T04:07:55.518567+00:00,163.3,200,ask,,,10327535
2026-07-07T04:07:55.621238,2026-07-07T04:07:55.632568+00:00,163.1,20,ask,,,10327536
2026-07-07T04:07:55.757920,2026-07-07T04:07:55.769695+00:00,163.3,200,bid,,,10327538
2026-07-07T04:07:56.946136,2026-07-07T04:07:56.958595+00:00,163.2,500,ask,,,10327550
2026-07-07T04:07:57.772453,2026-07-07T04:07:57.780350+00:00,163.2,20,ask,,,10327562
2026-07-07T04:07:58.535840,2026-07-07T04:07:58.558785+00:00,163.1,20,bid,,,10327570
2026-07-07T04:08:00.745918,2026-07-07T04:08:00.758717+00:00,162.9,200,ask,,,10327599
2026-07-07T04:08:01.800674,2026-07-07T04:08:01.809319+00:00,162.9,20,bid,,,10327620
2026-07-07T04:08:02.147473,2026-07-07T04:08:02.150938+00:00,162.7,11,ask,,,10327628
2026-07-07T04:08:02.224225,2026-07-07T04:08:02.232567+00:00,162.7,20,ask,,,10327630
2026-07-07T04:08:03.364604,2026-07-07T04:08:03.374215+00:00,162.9,200,ask,,,10327653
2026-07-07T04:08:03.708657,2026-07-07T04:08:03.716746+00:00,162.6,20,ask,,,10327664
2026-07-07T04:08:07.310947,2026-07-07T04:08:07.314564+00:00,162.8,11,bid,,,10327707
2026-07-07T04:08:09.087987,2026-07-07T04:08:09.100499+00:00,162.9,8,bid,,,10327734
2026-07-07T04:08:09.355984,2026-07-07T04:08:09.353140+00:00,162.7,8,ask,,,10327739
2026-07-07T04:08:09.924181,2026-07-07T04:08:09.927898+00:00,162.8,11,ask,,,10327754
2026-07-07T04:08:11.329656,2026-07-07T04:08:11.341248+00:00,162.9,20,bid,,,10327772
2026-07-07T04:08:12.966676,2026-07-07T04:08:12.974096+00:00,162.9,20,bid,,,10327802
2026-07-07T04:08:15.164389,2026-07-07T04:08:15.168340+00:00,162.8,11,bid,,,10327838
2026-07-07T04:08:19.045124,2026-07-07T04:08:19.052361+00:00,162.6,20,ask,,,10327886
2026-07-07T04:08:19.970051,2026-07-07T04:08:19.979729+00:00,162.7,20,ask,,,10327894
2026-07-07T04:08:21.034507,2026-07-07T04:08:21.042660+00:00,162.8,20,ask,,,10327908
2026-07-07T04:08:21.063687,2026-07-07T04:08:21.067503+00:00,163.0,12,bid,,,10327912
2026-07-07T04:08:21.243768,2026-07-07T04:08:21.255323+00:00,163.0,20,bid,,,10327913
2026-07-07T04:08:22.401393,2026-07-07T04:08:22.410949+00:00,163.0,200,bid,,,10327927
2026-07-07T04:08:22.942918,2026-07-07T04:08:22.958598+00:00,163.0,20,bid,,,10327936
2026-07-07T04:08:22.952852,2026-07-07T04:08:22.958598+00:00,163.0,8,bid,,,10327938
2026-07-07T04:08:25.612793,2026-07-07T04:08:25.619756+00:00,163.2,200,bid,,,10327971
2026-07-07T04:08:25.630758,2026-07-07T04:08:25.634420+00:00,163.3,12,ask,,,10327973
2026-07-07T04:08:26.337124,2026-07-07T04:08:26.345412+00:00,163.3,20,ask,,,10327981
2026-07-07T04:08:26.496391,2026-07-07T04:08:26.508156+00:00,163.3,8,ask,,,10327983
2026-07-07T04:08:27.409437,2026-07-07T04:08:27.412994+00:00,163.3,12,bid,,,10327999
2026-07-07T04:08:27.609486,2026-07-07T04:08:27.617392+00:00,163.3,20,bid,,,10328001
2026-07-07T04:08:27.850405,2026-07-07T04:08:27.854757+00:00,163.2,11,bid,,,10328006
2026-07-07T04:08:28.237199,2026-07-07T04:08:28.243969+00:00,163.2,20,bid,,,10328012
2026-07-07T04:08:28.424079,2026-07-07T04:08:28.435503+00:00,163.1,200,ask,,,10328013
2026-07-07T04:08:28.424079,2026-07-07T04:08:28.435503+00:00,163.1,300,ask,,,10328014
2026-07-07T04:08:29.021180,2026-07-07T04:08:29.028410+00:00,163.1,325,ask,,,10328015
2026-07-07T04:08:29.021180,2026-07-07T04:08:29.033765+00:00,163.1,175,ask,,,10328016
2026-07-07T04:08:29.272930,2026-07-07T04:08:29.279647+00:00,163.3,7,bid,,,10328023
2026-07-07T04:08:29.545911,2026-07-07T04:08:29.558638+00:00,163.1,25,ask,,,10328031
2026-07-07T04:08:30.881586,2026-07-07T04:08:30.890247+00:00,162.9,200,bid,,,10328050
2026-07-07T04:08:32.066804,2026-07-07T04:08:32.074752+00:00,162.7,500,ask,,,10328061
2026-07-07T04:08:32.089360,2026-07-07T04:08:32.100748+00:00,163.0,200,bid,,,10328062
2026-07-07T04:08:33.297418,2026-07-07T04:08:33.307037+00:00,162.7,200,bid,,,10328078
2026-07-07T04:08:34.121633,2026-07-07T04:08:34.125304+00:00,162.6,11,ask,,,10328101
2026-07-07T04:08:34.506659,2026-07-07T04:08:34.518083+00:00,162.7,200,bid,,,10328104
2026-07-07T04:08:35.713894,2026-07-07T04:08:35.723867+00:00,162.8,200,bid,,,10328122
2026-07-07T04:08:36.950308,2026-07-07T04:08:36.953900+00:00,162.6,12,ask,,,10328139
2026-07-07T04:08:37.448660,2026-07-07T04:08:37.452269+00:00,162.7,11,ask,,,10328152
2026-07-07T04:08:37.618060,2026-07-07T04:08:37.627252+00:00,162.7,7,ask,,,10328158
2026-07-07T04:08:37.807438,2026-07-07T04:08:37.814840+00:00,162.7,20,ask,,,10328162
2026-07-07T04:08:39.944951,2026-07-07T04:08:39.958586+00:00,162.7,20,ask,,,10328190
2026-07-07T04:08:45.544664,2026-07-07T04:08:45.558678+00:00,162.7,20,ask,,,10328276
2026-07-07T04:08:46.597656,2026-07-07T04:08:46.606379+00:00,162.7,180,ask,,,10328288
2026-07-07T04:08:47.825700,2026-07-07T04:08:47.836005+00:00,162.7,200,bid,,,10328302
2026-07-07T04:08:54.082447,2026-07-07T04:08:54.094065+00:00,162.8,20,bid,,,10328403
2026-07-07T04:08:54.266998,2026-07-07T04:08:54.278424+00:00,162.8,8,bid,,,10328408
2026-07-07T04:08:54.722563,2026-07-07T04:08:54.732369+00:00,162.8,20,bid,,,10328419
2026-07-07T04:08:55.100752,2026-07-07T04:08:55.110592+00:00,162.7,200,ask,,,10328432
2026-07-07T04:08:55.580560,2026-07-07T04:08:55.592158+00:00,162.8,20,bid,,,10328437
2026-07-07T04:08:56.274198,2026-07-07T04:08:56.281728+00:00,162.8,500,ask,,,10328446
2026-07-07T04:08:56.310895,2026-07-07T04:08:56.330163+00:00,162.8,125,ask,,,10328449
2026-07-07T04:08:56.326166,2026-07-07T04:08:56.330163+00:00,162.7,23,bid,,,10328453
2026-07-07T04:08:56.538393,2026-07-07T04:08:56.548428+00:00,162.4,8,ask,,,10328454
2026-07-07T04:08:57.054919,2026-07-07T04:08:57.063856+00:00,162.7,8,bid,,,10328466
2026-07-07T04:08:57.537444,2026-07-07T04:08:57.541107+00:00,162.5,22,bid,,,10328473
2026-07-07T04:08:58.386569,2026-07-07T04:08:58.393905+00:00,162.5,178,bid,,,10328496
2026-07-07T04:08:58.877880,2026-07-07T04:08:58.889776+00:00,162.6,20,bid,,,10328499
2026-07-07T04:08:59.424242,2026-07-07T04:08:59.428069+00:00,162.5,11,ask,,,10328513
2026-07-07T04:09:00.927360,2026-07-07T04:09:00.934575+00:00,162.5,10,bid,,,10328541
2026-07-07T04:09:05.411531,2026-07-07T04:09:05.420496+00:00,162.5,20,bid,,,10328595
2026-07-07T04:09:05.632241,2026-07-07T04:09:05.642691+00:00,162.5,8,bid,,,10328600
2026-07-07T04:09:05.901019,2026-07-07T04:09:05.909301+00:00,162.5,8,bid,,,10328605
2026-07-07T04:09:07.598812,2026-07-07T04:09:07.602580+00:00,162.4,11,bid,,,10328632
2026-07-07T04:09:11.819072,2026-07-07T04:09:11.826183+00:00,162.7,20,bid,,,10328689
2026-07-07T04:09:13.264411,2026-07-07T04:09:13.268067+00:00,162.6,12,bid,,,10328709
2026-07-07T04:09:14.176433,2026-07-07T04:09:14.184871+00:00,162.5,8,ask,,,10328730
2026-07-07T04:09:14.466207,2026-07-07T04:09:14.475370+00:00,162.5,200,ask,,,10328732
2026-07-07T04:09:15.194387,2026-07-07T04:09:15.205959+00:00,162.7,8,bid,,,10328743
2026-07-07T04:09:15.258629,2026-07-07T04:09:15.266648+00:00,162.7,20,bid,,,10328744
2026-07-07T04:09:16.883004,2026-07-07T04:09:16.889644+00:00,162.6,200,ask,,,10328769
2026-07-07T04:09:17.156996,2026-07-07T04:09:17.168907+00:00,162.6,20,ask,,,10328772
2026-07-07T04:09:18.217553,2026-07-07T04:09:18.226946+00:00,162.6,8,bid,,,10328791
2026-07-07T04:09:18.483316,2026-07-07T04:09:18.490073+00:00,162.6,8,bid,,,10328793
2026-07-07T04:09:19.511867,2026-07-07T04:09:19.523848+00:00,162.4,20,ask,,,10328812
2026-07-07T04:09:20.799316,2026-07-07T04:09:20.802883+00:00,162.5,11,bid,,,10328830
2026-07-07T04:09:21.007871,2026-07-07T04:09:21.014869+00:00,162.5,11,bid,,,10328834
2026-07-07T04:09:21.701761,2026-07-07T04:09:21.705530+00:00,162.4,11,ask,,,10328846
2026-07-07T04:09:21.773623,2026-07-07T04:09:21.793990+00:00,162.5,8,bid,,,10328848
2026-07-07T04:09:22.089385,2026-07-07T04:09:22.100214+00:00,162.4,489,ask,,,10328855
2026-07-07T04:09:22.278368,2026-07-07T04:09:22.286077+00:00,162.4,136,bid,,,10328856
2026-07-07T04:09:22.312662,2026-07-07T04:09:22.317145+00:00,162.5,12,ask,,,10328858
2026-07-07T04:09:22.888243,2026-07-07T04:09:22.899157+00:00,162.6,200,bid,,,10328868
2026-07-07T04:09:22.910324,2026-07-07T04:09:22.914039+00:00,162.6,11,ask,,,10328870
2026-07-07T04:09:22.930418,2026-07-07T04:09:22.940126+00:00,162.6,200,ask,,,10328871
2026-07-07T04:09:23.305221,2026-07-07T04:09:23.316348+00:00,162.6,8,ask,,,10328882
2026-07-07T04:09:23.366791,2026-07-07T04:09:23.376363+00:00,162.6,20,ask,,,10328887
2026-07-07T04:09:23.397646,2026-07-07T04:09:23.405914+00:00,162.6,61,ask,,,10328888
2026-07-07T04:09:24.223871,2026-07-07T04:09:24.231157+00:00,162.5,7,ask,,,10328900
2026-07-07T04:09:24.332299,2026-07-07T04:09:24.342310+00:00,162.5,7,ask,,,10328901
2026-07-07T04:09:24.746377,2026-07-07T04:09:24.755360+00:00,162.5,20,ask,,,10328903
2026-07-07T04:09:25.322063,2026-07-07T04:09:25.332454+00:00,162.6,500,bid,,,10328915
2026-07-07T04:09:25.711916,2026-07-07T04:09:25.719622+00:00,162.6,20,bid,,,10328919
2026-07-07T04:09:26.563928,2026-07-07T04:09:26.570707+00:00,162.6,200,ask,,,10328930
2026-07-07T04:09:27.862707,2026-07-07T04:09:27.879719+00:00,162.6,8,ask,,,10328948
2026-07-07T04:09:28.940515,2026-07-07T04:09:28.950805+00:00,162.7,200,bid,,,10328964
2026-07-07T04:09:29.382970,2026-07-07T04:09:29.389421+00:00,162.8,8,bid,,,10328970
2026-07-07T04:09:29.981128,2026-07-07T04:09:29.988380+00:00,162.7,500,ask,,,10328988
2026-07-07T04:09:30.017141,2026-07-07T04:09:30.024703+00:00,162.6,20,ask,,,10328989
2026-07-07T04:09:30.136794,2026-07-07T04:09:30.146676+00:00,162.7,125,bid,,,10328990
2026-07-07T04:09:30.156204,2026-07-07T04:09:30.168681+00:00,162.8,8,ask,,,10328992
2026-07-07T04:09:30.187165,2026-07-07T04:09:30.194538+00:00,162.8,200,ask,,,10328994
2026-07-07T04:09:30.656105,2026-07-07T04:09:30.658631+00:00,162.8,20,ask,,,10329003
2026-07-07T04:09:30.938195,2026-07-07T04:09:30.946222+00:00,162.8,8,ask,,,10329012
2026-07-07T04:09:31.398276,2026-07-07T04:09:31.405539+00:00,162.8,200,ask,,,10329017
2026-07-07T04:09:32.607259,2026-07-07T04:09:32.616252+00:00,162.9,200,ask,,,10329035
2026-07-07T04:09:32.798957,2026-07-07T04:09:32.809325+00:00,163.1,20,bid,,,10329042
2026-07-07T04:09:34.264351,2026-07-07T04:09:34.268237+00:00,162.9,11,ask,,,10329066
2026-07-07T04:09:34.388058,2026-07-07T04:09:34.410969+00:00,163.0,200,bid,,,10329070
2026-07-07T04:09:34.407347,2026-07-07T04:09:34.410969+00:00,163.0,12,ask,,,10329072
2026-07-07T04:09:34.915019,2026-07-07T04:09:34.922994+00:00,163.0,20,ask,,,10329078
2026-07-07T04:09:34.974663,2026-07-07T04:09:34.986569+00:00,163.0,8,ask,,,10329079
2026-07-07T04:09:36.855577,2026-07-07T04:09:36.864105+00:00,162.9,20,ask,,,10329105
2026-07-07T04:09:38.016624,2026-07-07T04:09:38.028617+00:00,163.0,20,ask,,,10329115
2026-07-07T04:09:42.288681,2026-07-07T04:09:42.296187+00:00,163.0,200,ask,,,10329162
2026-07-07T04:09:43.707900,2026-07-07T04:09:43.714872+00:00,163.1,20,bid,,,10329177
2026-07-07T04:09:44.396716,2026-07-07T04:09:44.400009+00:00,163.0,12,bid,,,10329192
2026-07-07T04:09:45.303093,2026-07-07T04:09:45.316310+00:00,163.0,8,bid,,,10329211
2026-07-07T04:09:45.337017,2026-07-07T04:09:45.347698+00:00,163.0,20,bid,,,10329215
2026-07-07T04:09:47.107781,2026-07-07T04:09:47.116955+00:00,162.9,8,ask,,,10329247
2026-07-07T04:09:48.992656,2026-07-07T04:09:49.000362+00:00,163.1,20,bid,,,10329279
2026-07-07T04:09:49.554948,2026-07-07T04:09:49.558616+00:00,163.1,200,bid,,,10329286
2026-07-07T04:09:49.802721,2026-07-07T04:09:49.810659+00:00,163.3,20,bid,,,10329296
2026-07-07T04:09:49.886031,2026-07-07T04:09:49.895502+00:00,163.3,8,bid,,,10329297
2026-07-07T04:09:50.938670,2026-07-07T04:09:50.948526+00:00,163.3,20,bid,,,10329313
2026-07-07T04:09:51.507430,2026-07-07T04:09:51.515817+00:00,163.3,20,bid,,,10329325
2026-07-07T04:09:53.916676,2026-07-07T04:09:53.928179+00:00,163.1,8,ask,,,10329351
2026-07-07T04:09:55.580285,2026-07-07T04:09:55.587393+00:00,163.2,200,bid,,,10329375
2026-07-07T04:09:55.927410,2026-07-07T04:09:55.939119+00:00,163.3,8,bid,,,10329380
2026-07-07T04:09:56.821197,2026-07-07T04:09:56.829417+00:00,163.2,200,ask,,,10329391
2026-07-07T04:09:57.387340,2026-07-07T04:09:57.395043+00:00,163.3,500,bid,,,10329395
2026-07-07T04:09:59.236676,2026-07-07T04:09:59.245020+00:00,163.2,200,ask,,,10329414
2026-07-07T04:09:59.628052,2026-07-07T04:09:59.637254+00:00,163.4,20,bid,,,10329420
2026-07-07T04:09:59.701515,2026-07-07T04:09:59.713215+00:00,163.4,8,bid,,,10329421
2026-07-07T04:09:59.943449,2026-07-07T04:09:59.958583+00:00,163.4,20,bid,,,10329429
2026-07-07T04:10:00.447412,2026-07-07T04:10:00.456289+00:00,163.1,200,ask,,,10329443
2026-07-07T04:10:02.759304,2026-07-07T04:10:02.770199+00:00,163.1,500,ask,,,10329480
2026-07-07T04:10:02.832466,2026-07-07T04:10:02.842140+00:00,163.1,125,bid,,,10329485
2026-07-07T04:10:02.866900,2026-07-07T04:10:02.873579+00:00,163.1,200,ask,,,10329488
2026-07-07T04:10:03.017705,2026-07-07T04:10:03.025454+00:00,164.0,20,bid,,,10329491
2026-07-07T04:10:04.014298,2026-07-07T04:10:04.021071+00:00,163.1,8,ask,,,10329513
2026-07-07T04:10:04.094009,2026-07-07T04:10:04.102491+00:00,163.1,20,ask,,,10329515
2026-07-07T04:10:04.306714,2026-07-07T04:10:04.315173+00:00,163.2,20,bid,,,10329518
2026-07-07T04:10:05.286553,2026-07-07T04:10:05.295372+00:00,163.1,200,ask,,,10329532
2026-07-07T04:10:05.550074,2026-07-07T04:10:05.558592+00:00,163.1,8,ask,,,10329537
2026-07-07T04:10:05.575377,2026-07-07T04:10:05.583901+00:00,163.1,20,ask,,,10329538
2026-07-07T04:10:06.418753,2026-07-07T04:10:06.425457+00:00,163.4,20,bid,,,10329557
2026-07-07T04:10:06.493200,2026-07-07T04:10:06.500628+00:00,163.1,200,ask,,,10329560
2026-07-07T04:10:06.556791,2026-07-07T04:10:06.568479+00:00,163.4,8,bid,,,10329563
2026-07-07T04:10:06.697574,2026-07-07T04:10:06.700805+00:00,163.2,11,bid,,,10329568
2026-07-07T04:10:08.011508,2026-07-07T04:10:08.015276+00:00,163.1,11,bid,,,10329586
2026-07-07T04:10:08.071815,2026-07-07T04:10:08.080977+00:00,163.1,8,bid,,,10329588
2026-07-07T04:10:08.563220,2026-07-07T04:10:08.571425+00:00,163.1,20,bid,,,10329592
2026-07-07T04:10:09.899692,2026-07-07T04:10:09.911373+00:00,162.9,20,ask,,,10329611
2026-07-07T04:10:11.083659,2026-07-07T04:10:11.095278+00:00,162.9,8,ask,,,10329625
2026-07-07T04:10:12.799295,2026-07-07T04:10:12.811022+00:00,163.0,20,bid,,,10329642
2026-07-07T04:10:15.433868,2026-07-07T04:10:15.445295+00:00,162.9,20,ask,,,10329672
2026-07-07T04:10:19.222423,2026-07-07T04:10:19.228955+00:00,162.9,8,ask,,,10329717
2026-07-07T04:10:22.485130,2026-07-07T04:10:22.492952+00:00,162.9,8,ask,,,10329756
2026-07-07T04:10:23.241474,2026-07-07T04:10:23.258611+00:00,163.0,8,bid,,,10329770
2026-07-07T04:10:23.735569,2026-07-07T04:10:23.747140+00:00,162.9,20,ask,,,10329776
2026-07-07T04:10:24.645173,2026-07-07T04:10:24.658533+00:00,163.0,200,bid,,,10329790
2026-07-07T04:10:27.667585,2026-07-07T04:10:27.674978+00:00,162.8,200,ask,,,10329815
2026-07-07T04:10:27.774240,2026-07-07T04:10:27.780612+00:00,162.6,20,ask,,,10329818
2026-07-07T04:10:28.989778,2026-07-07T04:10:28.993452+00:00,162.7,11,ask,,,10329838
2026-07-07T04:10:29.558362,2026-07-07T04:10:29.569964+00:00,162.7,8,ask,,,10329845
2026-07-07T04:10:29.688982,2026-07-07T04:10:29.697969+00:00,162.7,20,ask,,,10329847
2026-07-07T04:10:30.700186,2026-07-07T04:10:30.710710+00:00,162.7,200,ask,,,10329855
2026-07-07T04:10:31.808930,2026-07-07T04:10:31.816832+00:00,163.0,20,bid,,,10329872
2026-07-07T04:10:31.818479,2026-07-07T04:10:31.827185+00:00,163.0,8,bid,,,10329873
2026-07-07T04:10:32.062789,2026-07-07T04:10:32.074283+00:00,162.7,20,ask,,,10329875
2026-07-07T04:10:34.027000,2026-07-07T04:10:34.030913+00:00,162.8,11,ask,,,10329899
2026-07-07T04:10:34.213768,2026-07-07T04:10:34.221244+00:00,162.9,200,bid,,,10329904
2026-07-07T04:10:34.232902,2026-07-07T04:10:34.237058+00:00,162.9,12,ask,,,10329907
2026-07-07T04:10:34.331079,2026-07-07T04:10:34.339018+00:00,162.9,200,ask,,,10329909
2026-07-07T04:10:36.049402,2026-07-07T04:10:36.058609+00:00,162.7,20,ask,,,10329937
2026-07-07T04:10:36.103428,2026-07-07T04:10:36.115235+00:00,162.7,8,ask,,,10329938
2026-07-07T04:10:36.833435,2026-07-07T04:10:36.844681+00:00,162.9,200,bid,,,10329943
2026-07-07T04:10:39.958779,2026-07-07T04:10:39.970546+00:00,163.0,20,bid,,,10329991
2026-07-07T04:10:40.326641,2026-07-07T04:10:40.333979+00:00,162.9,20,ask,,,10329998
2026-07-07T04:10:40.400398,2026-07-07T04:10:40.409835+00:00,162.9,4,ask,,,10330005
2026-07-07T04:10:40.406114,2026-07-07T04:10:40.409835+00:00,162.9,11,ask,,,10330007
2026-07-07T04:10:40.542064,2026-07-07T04:10:40.550121+00:00,162.9,20,ask,,,10330009
2026-07-07T04:10:41.616332,2026-07-07T04:10:41.620515+00:00,163.0,6,ask,,,10330024
2026-07-07T04:10:42.074011,2026-07-07T04:10:42.081339+00:00,163.0,194,ask,,,10330032
2026-07-07T04:10:42.293567,2026-07-07T04:10:42.301396+00:00,162.7,20,ask,,,10330038
2026-07-07T04:10:45.273336,2026-07-07T04:10:45.285130+00:00,162.8,20,ask,,,10330070
2026-07-07T04:10:46.455959,2026-07-07T04:10:46.458542+00:00,162.9,200,ask,,,10330089
2026-07-07T04:10:48.324826,2026-07-07T04:10:48.336224+00:00,163.0,20,ask,,,10330107
2026-07-07T04:10:51.301391,2026-07-07T04:10:51.304979+00:00,162.8,17,bid,,,10330142
2026-07-07T04:10:52.472930,2026-07-07T04:10:52.483384+00:00,162.8,500,bid,,,10330155
2026-07-07T04:10:52.589772,2026-07-07T04:10:52.596620+00:00,162.9,200,bid,,,10330158
2026-07-07T04:10:53.715928,2026-07-07T04:10:53.727328+00:00,163.0,200,ask,,,10330175
2026-07-07T04:10:53.903621,2026-07-07T04:10:53.912063+00:00,162.9,500,ask,,,10330182
2026-07-07T04:10:54.877978,2026-07-07T04:10:54.885936+00:00,162.9,125,bid,,,10330198
2026-07-07T04:10:55.293977,2026-07-07T04:10:55.305630+00:00,163.0,20,ask,,,10330202
2026-07-07T04:10:57.831564,2026-07-07T04:10:57.840177+00:00,163.1,200,ask,,,10330234
2026-07-07T04:11:00.980225,2026-07-07T04:11:00.991073+00:00,163.2,200,bid,,,10330266
2026-07-07T04:11:01.008735,2026-07-07T04:11:01.017722+00:00,163.0,20,ask,,,10330268
2026-07-07T04:11:03.215048,2026-07-07T04:11:03.226671+00:00,163.3,20,bid,,,10330295
2026-07-07T04:11:03.322844,2026-07-07T04:11:03.334314+00:00,163.3,8,bid,,,10330301
2026-07-07T04:11:03.342767,2026-07-07T04:11:03.351641+00:00,163.3,20,bid,,,10330302
2026-07-07T04:11:05.479313,2026-07-07T04:11:05.490138+00:00,163.3,10,bid,,,10330335
2026-07-07T04:11:05.589264,2026-07-07T04:11:05.600925+00:00,163.3,8,bid,,,10330336
2026-07-07T04:11:05.694218,2026-07-07T04:11:05.702988+00:00,163.3,182,bid,,,10330339
2026-07-07T04:11:06.106202,2026-07-07T04:11:06.117628+00:00,163.3,8,ask,,,10330351
2026-07-07T04:11:06.115804,2026-07-07T04:11:06.123046+00:00,163.3,20,ask,,,10330352
2026-07-07T04:11:07.039378,2026-07-07T04:11:07.046248+00:00,163.4,200,bid,,,10330365
2026-07-07T04:11:07.042358,2026-07-07T04:11:07.046248+00:00,163.4,12,bid,,,10330366
2026-07-07T04:11:07.798267,2026-07-07T04:11:07.809849+00:00,163.1,20,ask,,,10330385
2026-07-07T04:11:08.249677,2026-07-07T04:11:08.252024+00:00,163.4,200,bid,,,10330392
2026-07-07T04:11:09.458400,2026-07-07T04:11:09.469369+00:00,163.4,200,bid,,,10330409
2026-07-07T04:11:09.734883,2026-07-07T04:11:09.742829+00:00,163.5,20,bid,,,10330414
2026-07-07T04:11:09.887885,2026-07-07T04:11:09.895315+00:00,163.5,8,bid,,,10330415
2026-07-07T04:11:10.666359,2026-07-07T04:11:10.676215+00:00,163.5,200,bid,,,10330422
2026-07-07T04:11:11.872915,2026-07-07T04:11:11.879856+00:00,163.5,200,bid,,,10330442
2026-07-07T04:11:13.078721,2026-07-07T04:11:13.089946+00:00,163.6,200,bid,,,10330455
2026-07-07T04:11:16.108203,2026-07-07T04:11:16.119259+00:00,163.6,20,bid,,,10330507
2026-07-07T04:11:16.198527,2026-07-07T04:11:16.206044+00:00,163.6,8,bid,,,10330515
2026-07-07T04:11:16.703816,2026-07-07T04:11:16.710467+00:00,163.6,8,bid,,,10330526
2026-07-07T04:11:16.747110,2026-07-07T04:11:16.755543+00:00,163.6,20,bid,,,10330528
2026-07-07T04:11:17.382598,2026-07-07T04:11:17.392945+00:00,163.6,20,bid,,,10330536
2026-07-07T04:11:17.521322,2026-07-07T04:11:17.528077+00:00,163.6,160,bid,,,10330538
2026-07-07T04:11:17.937159,2026-07-07T04:11:17.947122+00:00,163.8,200,ask,,,10330549
2026-07-07T04:11:18.359435,2026-07-07T04:11:18.363205+00:00,163.9,22,bid,,,10330561
2026-07-07T04:11:18.440714,2026-07-07T04:11:18.447671+00:00,163.9,20,bid,,,10330563
2026-07-07T04:11:18.481309,2026-07-07T04:11:18.488301+00:00,163.9,8,bid,,,10330564
2026-07-07T04:11:18.508063,2026-07-07T04:11:18.514605+00:00,163.8,265,ask,,,10330565
2026-07-07T04:11:19.169509,2026-07-07T04:11:19.172807+00:00,163.5,12,bid,,,10330578
2026-07-07T04:11:24.605206,2026-07-07T04:11:24.613546+00:00,163.4,20,ask,,,10330654
2026-07-07T04:11:24.866629,2026-07-07T04:11:24.878498+00:00,163.4,8,ask,,,10330661
2026-07-07T04:11:25.135118,2026-07-07T04:11:25.144921+00:00,163.5,8,bid,,,10330665
2026-07-07T04:11:25.395263,2026-07-07T04:11:25.415844+00:00,163.3,200,ask,,,10330669
2026-07-07T04:11:25.412413,2026-07-07T04:11:25.415844+00:00,163.3,11,bid,,,10330671
2026-07-07T04:11:25.653844,2026-07-07T04:11:25.657847+00:00,163.3,8,bid,,,10330675
2026-07-07T04:11:25.913838,2026-07-07T04:11:25.925216+00:00,163.3,3,bid,,,10330682
2026-07-07T04:11:26.175281,2026-07-07T04:11:26.185929+00:00,163.3,3,bid,,,10330685
2026-07-07T04:11:26.405847,2026-07-07T04:11:26.414977+00:00,163.3,200,bid,,,10330690
2026-07-07T04:11:26.434498,2026-07-07T04:11:26.446284+00:00,163.3,3,bid,,,10330692
2026-07-07T04:11:26.690111,2026-07-07T04:11:26.701784+00:00,163.1,8,ask,,,10330697
2026-07-07T04:11:26.921527,2026-07-07T04:11:26.931772+00:00,163.4,20,ask,,,10330701
2026-07-07T04:11:27.714676,2026-07-07T04:11:27.721490+00:00,163.4,7,ask,,,10330709
2026-07-07T04:11:27.774879,2026-07-07T04:11:27.782912+00:00,163.4,20,ask,,,10330710
2026-07-07T04:11:27.798634,2026-07-07T04:11:27.802151+00:00,163.4,11,ask,,,10330713
2026-07-07T04:11:27.848544,2026-07-07T04:11:27.851954+00:00,163.4,12,ask,,,10330715
2026-07-07T04:11:27.993556,2026-07-07T04:11:28.004906+00:00,163.5,11,bid,,,10330718
2026-07-07T04:11:28.734693,2026-07-07T04:11:28.746516+00:00,163.4,7,ask,,,10330732
2026-07-07T04:11:28.859033,2026-07-07T04:11:28.867193+00:00,163.4,20,ask,,,10330734
2026-07-07T04:11:29.142190,2026-07-07T04:11:29.158939+00:00,163.5,20,bid,,,10330737
2026-07-07T04:11:29.400563,2026-07-07T04:11:29.423043+00:00,163.5,180,bid,,,10330744
2026-07-07T04:11:29.419652,2026-07-07T04:11:29.423043+00:00,163.5,11,ask,,,10330746
2026-07-07T04:11:30.035866,2026-07-07T04:11:30.039866+00:00,163.6,11,ask,,,10330757
2026-07-07T04:11:30.043522,2026-07-07T04:11:30.055157+00:00,163.6,200,ask,,,10330758
2026-07-07T04:11:30.355017,2026-07-07T04:11:30.363895+00:00,163.6,20,ask,,,10330766
2026-07-07T04:11:30.503137,2026-07-07T04:11:30.512356+00:00,163.6,5,ask,,,10330769
2026-07-07T04:11:30.607044,2026-07-07T04:11:30.614376+00:00,163.7,500,bid,,,10330772
2026-07-07T04:11:31.013750,2026-07-07T04:11:31.022331+00:00,163.8,5,bid,,,10330781
2026-07-07T04:11:31.253079,2026-07-07T04:11:31.264007+00:00,163.6,200,ask,,,10330787
2026-07-07T04:11:31.953627,2026-07-07T04:11:31.957127+00:00,163.7,11,bid,,,10330801
2026-07-07T04:11:33.262061,2026-07-07T04:11:33.266997+00:00,163.6,11,bid,,,10330823
2026-07-07T04:11:33.315636,2026-07-07T04:11:33.326912+00:00,163.6,7,bid,,,10330826
2026-07-07T04:11:35.080308,2026-07-07T04:11:35.088387+00:00,163.4,20,ask,,,10330855
2026-07-07T04:11:35.134188,2026-07-07T04:11:35.145917+00:00,163.4,7,ask,,,10330860
2026-07-07T04:11:35.475379,2026-07-07T04:11:35.479112+00:00,163.5,11,ask,,,10330870
2026-07-07T04:11:35.649162,2026-07-07T04:11:35.658610+00:00,163.6,4,bid,,,10330873
2026-07-07T04:11:36.106841,2026-07-07T04:11:36.115623+00:00,163.5,200,ask,,,10330879
2026-07-07T04:11:36.657668,2026-07-07T04:11:36.664348+00:00,163.6,500,bid,,,10330892
2026-07-07T04:11:37.197395,2026-07-07T04:11:37.205023+00:00,163.9,20,bid,,,10330898
2026-07-07T04:11:37.316326,2026-07-07T04:11:37.324721+00:00,163.6,200,ask,,,10330903
2026-07-07T04:11:37.414127,2026-07-07T04:11:37.424603+00:00,163.9,20,bid,,,10330905
2026-07-07T04:11:37.419515,2026-07-07T04:11:37.430077+00:00,163.9,8,bid,,,10330906
2026-07-07T04:11:38.519531,2026-07-07T04:11:38.523030+00:00,163.6,23,bid,,,10330935
2026-07-07T04:11:38.528593,2026-07-07T04:11:38.538826+00:00,163.5,200,ask,,,10330937
2026-07-07T04:11:38.705337,2026-07-07T04:11:38.714490+00:00,163.6,7,bid,,,10330943
2026-07-07T04:11:39.815893,2026-07-07T04:11:39.819540+00:00,163.5,11,bid,,,10330959
2026-07-07T04:11:39.966484,2026-07-07T04:11:39.973897+00:00,163.5,3,bid,,,10330963
2026-07-07T04:11:40.177653,2026-07-07T04:11:40.189786+00:00,163.5,20,bid,,,10330966
2026-07-07T04:11:40.235914,2026-07-07T04:11:40.245181+00:00,163.5,9,bid,,,10330969
2026-07-07T04:11:40.443803,2026-07-07T04:11:40.447896+00:00,163.4,11,ask,,,10330974
2026-07-07T04:11:40.514134,2026-07-07T04:11:40.518143+00:00,163.4,23,ask,,,10330978
2026-07-07T04:11:40.638158,2026-07-07T04:11:40.649339+00:00,163.5,11,bid,,,10330981
2026-07-07T04:11:41.577307,2026-07-07T04:11:41.587630+00:00,163.6,6,bid,,,10330991
2026-07-07T04:11:42.416605,2026-07-07T04:11:42.428093+00:00,163.4,200,ask,,,10331001
2026-07-07T04:11:43.366010,2026-07-07T04:11:43.377686+00:00,163.4,200,bid,,,10331010
2026-07-07T04:11:43.454707,2026-07-07T04:11:43.458604+00:00,163.4,20,bid,,,10331014
2026-07-07T04:11:46.923839,2026-07-07T04:11:46.935633+00:00,163.3,20,ask,,,10331072
2026-07-07T04:11:47.626002,2026-07-07T04:11:47.637547+00:00,163.4,8,bid,,,10331082
2026-07-07T04:11:47.706642,2026-07-07T04:11:47.714893+00:00,163.4,20,bid,,,10331085
2026-07-07T04:11:47.881168,2026-07-07T04:11:47.893179+00:00,163.2,8,ask,,,10331087
2026-07-07T04:11:51.834471,2026-07-07T04:11:51.841715+00:00,163.1,200,bid,,,10331131
2026-07-07T04:11:53.440594,2026-07-07T04:11:53.450493+00:00,162.9,20,ask,,,10331154
2026-07-07T04:11:53.468181,2026-07-07T04:11:53.476935+00:00,162.9,8,ask,,,10331155
2026-07-07T04:11:55.534921,2026-07-07T04:11:55.542199+00:00,163.0,200,ask,,,10331184
2026-07-07T04:11:56.752513,2026-07-07T04:11:56.764392+00:00,162.7,8,ask,,,10331199
2026-07-07T04:11:56.859787,2026-07-07T04:11:56.863880+00:00,162.9,11,ask,,,10331208
2026-07-07T04:11:58.169504,2026-07-07T04:11:58.173361+00:00,163.0,12,ask,,,10331223
2026-07-07T04:11:58.274988,2026-07-07T04:11:58.284855+00:00,163.0,8,ask,,,10331226
2026-07-07T04:12:01.010711,2026-07-07T04:12:01.022429+00:00,163.2,20,bid,,,10331270
2026-07-07T04:12:01.950144,2026-07-07T04:12:01.957414+00:00,163.1,20,ask,,,10331280
2026-07-07T04:12:02.076354,2026-07-07T04:12:02.084890+00:00,163.1,8,ask,,,10331283
2026-07-07T04:12:02.083333,2026-07-07T04:12:02.090389+00:00,163.2,200,bid,,,10331284
2026-07-07T04:12:03.394673,2026-07-07T04:12:03.405839+00:00,163.1,200,ask,,,10331304
2026-07-07T04:12:03.411965,2026-07-07T04:12:03.415472+00:00,163.1,12,bid,,,10331306
2026-07-07T04:12:03.941246,2026-07-07T04:12:03.952910+00:00,163.1,200,bid,,,10331310
2026-07-07T04:12:04.676080,2026-07-07T04:12:04.687806+00:00,162.8,20,ask,,,10331321
2026-07-07T04:12:06.663739,2026-07-07T04:12:06.674533+00:00,163.3,20,ask,,,10331348
2026-07-07T04:12:06.878619,2026-07-07T04:12:06.889911+00:00,163.3,8,ask,,,10331354
2026-07-07T04:12:08.976782,2026-07-07T04:12:08.980847+00:00,163.3,12,ask,,,10331384
2026-07-07T04:12:09.891419,2026-07-07T04:12:09.903005+00:00,163.4,20,bid,,,10331406
2026-07-07T04:12:10.937107,2026-07-07T04:12:10.945587+00:00,163.3,20,ask,,,10331425
2026-07-07T04:12:11.224760,2026-07-07T04:12:11.233396+00:00,163.2,200,ask,,,10331427
2026-07-07T04:12:12.247866,2026-07-07T04:12:12.252217+00:00,163.0,8,ask,,,10331439
2026-07-07T04:12:13.013767,2026-07-07T04:12:13.021778+00:00,163.1,8,ask,,,10331454
2026-07-07T04:12:13.089514,2026-07-07T04:12:13.096813+00:00,163.1,20,ask,,,10331459
2026-07-07T04:12:13.515584,2026-07-07T04:12:13.523846+00:00,163.1,20,ask,,,10331463
2026-07-07T04:12:13.522692,2026-07-07T04:12:13.534270+00:00,163.1,8,ask,,,10331464
2026-07-07T04:12:16.076057,2026-07-07T04:12:16.084583+00:00,163.2,8,ask,,,10331495
2026-07-07T04:12:16.831368,2026-07-07T04:12:16.843904+00:00,163.2,20,ask,,,10331499
2026-07-07T04:12:17.265584,2026-07-07T04:12:17.276095+00:00,163.4,200,bid,,,10331506
2026-07-07T04:12:17.368245,2026-07-07T04:12:17.375211+00:00,163.2,20,ask,,,10331508
2026-07-07T04:12:17.840105,2026-07-07T04:12:17.843815+00:00,163.2,11,ask,,,10331515
2026-07-07T04:12:18.009944,2026-07-07T04:12:18.020323+00:00,163.4,11,bid,,,10331518
2026-07-07T04:12:24.384299,2026-07-07T04:12:24.392573+00:00,163.3,20,ask,,,10331599
2026-07-07T04:12:25.241796,2026-07-07T04:12:25.250213+00:00,163.3,6,ask,,,10331615
2026-07-07T04:12:27.860319,2026-07-07T04:12:27.872086+00:00,163.4,20,ask,,,10331647
2026-07-07T04:12:29.579284,2026-07-07T04:12:29.590249+00:00,163.3,200,ask,,,10331671
2026-07-07T04:12:30.787060,2026-07-07T04:12:30.793881+00:00,163.3,20,bid,,,10331689
2026-07-07T04:12:30.891970,2026-07-07T04:12:30.899292+00:00,163.3,200,bid,,,10331694
2026-07-07T04:12:32.201680,2026-07-07T04:12:32.208985+00:00,163.4,200,bid,,,10331713
2026-07-07T04:12:32.219513,2026-07-07T04:12:32.223378+00:00,163.4,6,ask,,,10331715
2026-07-07T04:12:34.830751,2026-07-07T04:12:34.839092+00:00,163.5,200,bid,,,10331751
2026-07-07T04:12:35.397693,2026-07-07T04:12:35.405433+00:00,163.5,425,ask,,,10331756
2026-07-07T04:12:35.422900,2026-07-07T04:12:35.431594+00:00,163.5,75,bid,,,10331760
2026-07-07T04:12:35.992887,2026-07-07T04:12:36.004323+00:00,163.5,125,ask,,,10331765
2026-07-07T04:12:36.013729,2026-07-07T04:12:36.017524+00:00,163.4,6,bid,,,10331767
2026-07-07T04:12:36.311965,2026-07-07T04:12:36.323766+00:00,163.4,8,bid,,,10331774
2026-07-07T04:12:36.322358,2026-07-07T04:12:36.328908+00:00,163.4,20,bid,,,10331775
2026-07-07T04:12:36.634093,2026-07-07T04:12:36.641661+00:00,163.4,200,bid,,,10331777
2026-07-07T04:12:37.217219,2026-07-07T04:12:37.220652+00:00,163.3,11,bid,,,10331785
2026-07-07T04:12:37.843872,2026-07-07T04:12:37.853018+00:00,163.3,200,bid,,,10331797
2026-07-07T04:12:38.343994,2026-07-07T04:12:38.354166+00:00,163.0,8,ask,,,10331809
2026-07-07T04:12:39.051935,2026-07-07T04:12:39.057651+00:00,163.1,200,bid,,,10331819
2026-07-07T04:12:39.510664,2026-07-07T04:12:39.518853+00:00,163.1,20,bid,,,10331827
2026-07-07T04:12:39.608072,2026-07-07T04:12:39.619593+00:00,163.1,8,bid,,,10331829
2026-07-07T04:12:39.972161,2026-07-07T04:12:39.983815+00:00,163.1,20,bid,,,10331839
2026-07-07T04:12:40.144579,2026-07-07T04:12:40.158647+00:00,163.1,20,bid,,,10331845
2026-07-07T04:12:40.260507,2026-07-07T04:12:40.270530+00:00,163.1,200,bid,,,10331847
2026-07-07T04:12:40.999338,2026-07-07T04:12:41.007658+00:00,162.9,20,ask,,,10331857
2026-07-07T04:12:41.123369,2026-07-07T04:12:41.135304+00:00,162.9,8,ask,,,10331859
2026-07-07T04:12:41.392843,2026-07-07T04:12:41.403952+00:00,163.1,8,bid,,,10331864
2026-07-07T04:12:41.424790,2026-07-07T04:12:41.431675+00:00,162.9,8,ask,,,10331866
2026-07-07T04:12:41.475307,2026-07-07T04:12:41.484889+00:00,163.1,200,bid,,,10331867
2026-07-07T04:12:42.687634,2026-07-07T04:12:42.696215+00:00,163.0,200,bid,,,10331888
2026-07-07T04:12:42.697791,2026-07-07T04:12:42.716131+00:00,163.0,300,bid,,,10331890
2026-07-07T04:12:42.712516,2026-07-07T04:12:42.716131+00:00,163.0,11,ask,,,10331892
2026-07-07T04:12:42.924834,2026-07-07T04:12:42.935064+00:00,163.0,8,ask,,,10331894
2026-07-07T04:12:43.248098,2026-07-07T04:12:43.252851+00:00,163.0,306,ask,,,10331899
2026-07-07T04:12:43.917393,2026-07-07T04:12:43.921291+00:00,162.9,6,ask,,,10331910
2026-07-07T04:12:44.006871,2026-07-07T04:12:44.017414+00:00,162.9,194,ask,,,10331912
2026-07-07T04:12:44.016858,2026-07-07T04:12:44.027606+00:00,162.8,6,bid,,,10331913
2026-07-07T04:12:45.115256,2026-07-07T04:12:45.126328+00:00,162.8,200,bid,,,10331928
2026-07-07T04:12:46.822143,2026-07-07T04:12:46.830567+00:00,162.7,20,ask,,,10331947
2026-07-07T04:12:48.106884,2026-07-07T04:12:48.114561+00:00,162.8,200,ask,,,10331964
2026-07-07T04:12:48.975958,2026-07-07T04:12:48.984136+00:00,162.7,18,ask,,,10331972
2026-07-07T04:12:49.314187,2026-07-07T04:12:49.321847+00:00,162.8,500,ask,,,10331976
2026-07-07T04:12:50.519607,2026-07-07T04:12:50.529500+00:00,162.8,125,ask,,,10331983
2026-07-07T04:12:50.561023,2026-07-07T04:12:50.569844+00:00,162.7,200,ask,,,10331987
2026-07-07T04:12:50.582452,2026-07-07T04:12:50.586033+00:00,162.5,6,bid,,,10331990
2026-07-07T04:12:51.178466,2026-07-07T04:12:51.188756+00:00,162.5,200,bid,,,10331993
2026-07-07T04:12:53.246189,2026-07-07T04:12:53.250384+00:00,162.6,6,ask,,,10332025
2026-07-07T04:12:54.496736,2026-07-07T04:12:54.505585+00:00,162.6,200,ask,,,10332037
2026-07-07T04:12:55.809730,2026-07-07T04:12:55.817417+00:00,162.5,200,ask,,,10332046
2026-07-07T04:13:01.042737,2026-07-07T04:13:01.051622+00:00,162.4,200,ask,,,10332118
2026-07-07T04:13:03.282600,2026-07-07T04:13:03.289305+00:00,162.5,200,bid,,,10332150
2026-07-07T04:13:08.127767,2026-07-07T04:13:08.137896+00:00,162.6,200,bid,,,10332199
2026-07-07T04:13:09.339368,2026-07-07T04:13:09.358783+00:00,162.7,200,bid,,,10332211
2026-07-07T04:13:09.913660,2026-07-07T04:13:09.922908+00:00,162.7,8,bid,,,10332219
2026-07-07T04:13:10.028062,2026-07-07T04:13:10.035119+00:00,162.7,20,bid,,,10332222
2026-07-07T04:13:10.222862,2026-07-07T04:13:10.230214+00:00,162.7,500,bid,,,10332225
2026-07-07T04:13:11.119225,2026-07-07T04:13:11.126966+00:00,162.7,125,ask,,,10332232
2026-07-07T04:13:11.534182,2026-07-07T04:13:11.559273+00:00,162.6,200,ask,,,10332239
2026-07-07T04:13:11.555052,2026-07-07T04:13:11.559273+00:00,162.6,6,bid,,,10332241
2026-07-07T04:13:11.690485,2026-07-07T04:13:11.701444+00:00,162.4,6,ask,,,10332242
2026-07-07T04:13:11.760735,2026-07-07T04:13:11.768408+00:00,162.6,200,bid,,,10332243
2026-07-07T04:13:12.193613,2026-07-07T04:13:12.202741+00:00,162.6,20,bid,,,10332249
2026-07-07T04:13:14.149320,2026-07-07T04:13:14.163619+00:00,162.7,200,bid,,,10332276
2026-07-07T04:13:14.305098,2026-07-07T04:13:14.312981+00:00,162.8,20,bid,,,10332280
2026-07-07T04:13:15.387722,2026-07-07T04:13:15.396279+00:00,162.7,200,ask,,,10332292
2026-07-07T04:13:16.236361,2026-07-07T04:13:16.245012+00:00,162.7,20,bid,,,10332307
2026-07-07T04:13:16.238907,2026-07-07T04:13:16.250262+00:00,162.7,6,bid,,,10332308
2026-07-07T04:13:16.328300,2026-07-07T04:13:16.339988+00:00,162.7,20,bid,,,10332309
2026-07-07T04:13:16.667533,2026-07-07T04:13:16.675711+00:00,162.7,20,bid,,,10332312
2026-07-07T04:13:18.888100,2026-07-07T04:13:18.891558+00:00,162.8,23,bid,,,10332337
2026-07-07T04:13:19.383089,2026-07-07T04:13:19.390298+00:00,162.8,500,bid,,,10332344
2026-07-07T04:13:19.383089,2026-07-07T04:13:19.395331+00:00,162.8,125,bid,,,10332345
2026-07-07T04:13:19.510585,2026-07-07T04:13:19.522350+00:00,162.8,20,bid,,,10332346
2026-07-07T04:13:19.594767,2026-07-07T04:13:19.598781+00:00,162.7,11,bid,,,10332349
2026-07-07T04:13:20.031638,2026-07-07T04:13:20.040102+00:00,162.7,8,bid,,,10332362
2026-07-07T04:13:20.301200,2026-07-07T04:13:20.308701+00:00,162.8,8,bid,,,10332368
2026-07-07T04:13:20.512736,2026-07-07T04:13:20.521152+00:00,162.8,20,bid,,,10332372
2026-07-07T04:13:21.362170,2026-07-07T04:13:21.370443+00:00,162.8,20,bid,,,10332380
2026-07-07T04:13:21.586944,2026-07-07T04:13:21.598202+00:00,162.8,4,bid,,,10332384
2026-07-07T04:13:22.593746,2026-07-07T04:13:22.605308+00:00,162.8,4,bid,,,10332397
2026-07-07T04:13:25.605542,2026-07-07T04:13:25.617141+00:00,162.5,8,ask,,,10332438
2026-07-07T04:13:31.141252,2026-07-07T04:13:31.149782+00:00,162.4,20,ask,,,10332512
2026-07-07T04:13:32.611339,2026-07-07T04:13:32.620138+00:00,162.5,20,ask,,,10332524
2026-07-07T04:13:33.558331,2026-07-07T04:13:33.562000+00:00,162.6,8,ask,,,10332536
2026-07-07T04:13:35.411399,2026-07-07T04:13:35.418098+00:00,162.6,20,ask,,,10332561
2026-07-07T04:13:35.624964,2026-07-07T04:13:35.635779+00:00,162.6,20,ask,,,10332563
2026-07-07T04:13:37.554900,2026-07-07T04:13:37.558486+00:00,162.5,3,ask,,,10332586
2026-07-07T04:13:39.599780,2026-07-07T04:13:39.611083+00:00,162.4,8,ask,,,10332618
2026-07-07T04:13:39.694204,2026-07-07T04:13:39.706140+00:00,162.4,20,ask,,,10332619
2026-07-07T04:13:40.404159,2026-07-07T04:13:40.414289+00:00,162.4,200,ask,,,10332626
2026-07-07T04:13:40.404159,2026-07-07T04:13:40.414289+00:00,162.4,425,ask,,,10332627
2026-07-07T04:13:40.785413,2026-07-07T04:13:40.796958+00:00,162.6,200,bid,,,10332631
2026-07-07T04:13:40.808369,2026-07-07T04:13:40.811781+00:00,162.6,23,ask,,,10332634
2026-07-07T04:13:40.825020,2026-07-07T04:13:40.832610+00:00,162.6,200,ask,,,10332635
2026-07-07T04:13:40.872368,2026-07-07T04:13:40.879307+00:00,162.6,3,ask,,,10332638
2026-07-07T04:13:41.698560,2026-07-07T04:13:41.706783+00:00,162.5,8,ask,,,10332656
2026-07-07T04:13:41.759148,2026-07-07T04:13:41.770765+00:00,162.6,20,bid,,,10332660
2026-07-07T04:13:41.838097,2026-07-07T04:13:41.848274+00:00,162.5,20,ask,,,10332663
2026-07-07T04:13:42.595815,2026-07-07T04:13:42.602608+00:00,162.6,500,bid,,,10332672
2026-07-07T04:13:43.020149,2026-07-07T04:13:43.027623+00:00,162.6,200,bid,,,10332679
2026-07-07T04:13:43.259893,2026-07-07T04:13:43.269698+00:00,162.6,5,ask,,,10332688
2026-07-07T04:13:43.324072,2026-07-07T04:13:43.331914+00:00,162.9,20,bid,,,10332689
2026-07-07T04:13:43.514933,2026-07-07T04:13:43.526628+00:00,162.9,8,bid,,,10332690
2026-07-07T04:13:45.907799,2026-07-07T04:13:45.917881+00:00,162.8,20,bid,,,10332737
2026-07-07T04:13:46.033876,2026-07-07T04:13:46.045800+00:00,162.8,8,bid,,,10332738
2026-07-07T04:13:46.842132,2026-07-07T04:13:46.850876+00:00,162.8,172,bid,,,10332744
2026-07-07T04:13:48.021058,2026-07-07T04:13:48.028457+00:00,162.8,20,ask,,,10332768
2026-07-07T04:13:48.071305,2026-07-07T04:13:48.082248+00:00,162.8,8,ask,,,10332770
2026-07-07T04:13:49.574297,2026-07-07T04:13:49.585152+00:00,162.8,200,ask,,,10332791
2026-07-07T04:13:49.852252,2026-07-07T04:13:49.858609+00:00,162.8,425,bid,,,10332795
2026-07-07T04:13:50.454386,2026-07-07T04:13:50.458599+00:00,163.0,200,bid,,,10332802
2026-07-07T04:13:50.516921,2026-07-07T04:13:50.523688+00:00,163.0,200,ask,,,10332803
2026-07-07T04:13:50.600798,2026-07-07T04:13:50.611328+00:00,163.9,8,bid,,,10332807
2026-07-07T04:13:52.307685,2026-07-07T04:13:52.317940+00:00,163.1,20,ask,,,10332838
2026-07-07T04:13:52.359421,2026-07-07T04:13:52.370286+00:00,163.1,8,ask,,,10332841
2026-07-07T04:13:53.319241,2026-07-07T04:13:53.323238+00:00,163.2,11,bid,,,10332851
2026-07-07T04:13:54.127660,2026-07-07T04:13:54.135913+00:00,163.0,3,ask,,,10332864
2026-07-07T04:13:54.389955,2026-07-07T04:13:54.400048+00:00,163.0,5,ask,,,10332875
2026-07-07T04:13:54.421946,2026-07-07T04:13:54.431277+00:00,163.0,20,ask,,,10332877
2026-07-07T04:13:56.144085,2026-07-07T04:13:56.158584+00:00,163.1,500,ask,,,10332898
2026-07-07T04:13:56.503332,2026-07-07T04:13:56.510967+00:00,163.1,125,bid,,,10332904
2026-07-07T04:13:56.548403,2026-07-07T04:13:56.552811+00:00,163.2,17,ask,,,10332906
2026-07-07T04:13:56.561738,2026-07-07T04:13:56.573549+00:00,163.2,20,ask,,,10332907
2026-07-07T04:14:00.073714,2026-07-07T04:14:00.085134+00:00,163.5,20,bid,,,10332952
2026-07-07T04:14:01.383351,2026-07-07T04:14:01.391393+00:00,163.4,200,ask,,,10332966
2026-07-07T04:14:01.383351,2026-07-07T04:14:01.391393+00:00,163.4,425,ask,,,10332967
2026-07-07T04:14:01.408414,2026-07-07T04:14:01.415194+00:00,163.4,75,ask,,,10332969
2026-07-07T04:14:01.954779,2026-07-07T04:14:01.958635+00:00,163.3,125,bid,,,10332978
2026-07-07T04:14:02.694126,2026-07-07T04:14:02.702433+00:00,163.4,200,bid,,,10332985
2026-07-07T04:14:03.829713,2026-07-07T04:14:03.839064+00:00,163.4,200,ask,,,10332998
2026-07-07T04:14:05.314159,2026-07-07T04:14:05.321711+00:00,163.5,200,bid,,,10333015
2026-07-07T04:14:05.592106,2026-07-07T04:14:05.603733+00:00,163.5,20,ask,,,10333018
2026-07-07T04:14:06.992904,2026-07-07T04:14:07.004575+00:00,163.6,20,ask,,,10333035
2026-07-07T04:14:07.461055,2026-07-07T04:14:07.469358+00:00,163.6,200,ask,,,10333041
2026-07-07T04:14:10.774620,2026-07-07T04:14:10.786583+00:00,163.6,20,ask,,,10333080
2026-07-07T04:14:14.750091,2026-07-07T04:14:14.758556+00:00,163.6,200,ask,,,10333129
2026-07-07T04:14:17.602480,2026-07-07T04:14:17.613940+00:00,163.6,20,bid,,,10333167
2026-07-07T04:14:18.662248,2026-07-07T04:14:18.670761+00:00,163.4,20,ask,,,10333184
2026-07-07T04:14:21.028460,2026-07-07T04:14:21.037316+00:00,163.5,200,ask,,,10333219
2026-07-07T04:14:22.008449,2026-07-07T04:14:22.016428+00:00,163.5,200,bid,,,10333226
2026-07-07T04:14:26.272744,2026-07-07T04:14:26.279710+00:00,163.7,200,bid,,,10333280
2026-07-07T04:14:26.860410,2026-07-07T04:14:26.869364+00:00,163.7,200,ask,,,10333287
2026-07-07T04:14:31.512814,2026-07-07T04:14:31.523441+00:00,163.5,200,ask,,,10333354
2026-07-07T04:14:37.097089,2026-07-07T04:14:37.103742+00:00,163.7,500,ask,,,10333435
2026-07-07T04:14:37.694643,2026-07-07T04:14:37.701286+00:00,163.7,125,ask,,,10333443
2026-07-07T04:14:40.005017,2026-07-07T04:14:40.016370+00:00,163.4,20,ask,,,10333479
2026-07-07T04:14:43.562827,2026-07-07T04:14:43.572234+00:00,163.6,20,bid,,,10333525
2026-07-07T04:14:48.134690,2026-07-07T04:14:48.158620+00:00,163.4,20,ask,,,10333576
2026-07-07T04:14:51.049510,2026-07-07T04:14:51.068842+00:00,163.4,200,bid,,,10333610
2026-07-07T04:14:52.025596,2026-07-07T04:14:52.037345+00:00,163.3,20,bid,,,10333620
2026-07-07T04:14:52.257478,2026-07-07T04:14:52.269043+00:00,163.3,200,bid,,,10333622
2026-07-07T04:14:53.760998,2026-07-07T04:14:53.768841+00:00,163.3,200,bid,,,10333644
2026-07-07T04:14:54.675687,2026-07-07T04:14:54.684878+00:00,163.3,200,ask,,,10333664
2026-07-07T04:14:55.312352,2026-07-07T04:14:55.323541+00:00,163.4,8,bid,,,10333678
2026-07-07T04:14:55.344156,2026-07-07T04:14:55.355502+00:00,163.4,20,bid,,,10333679
2026-07-07T04:14:55.558361,2026-07-07T04:14:55.566242+00:00,163.4,20,bid,,,10333682
2026-07-07T04:14:58.306156,2026-07-07T04:14:58.316118+00:00,163.4,200,ask,,,10333709
2026-07-07T04:14:59.069469,2026-07-07T04:14:59.081164+00:00,163.3,20,ask,,,10333719
2026-07-07T04:15:00.664413,2026-07-07T04:15:00.672600+00:00,163.6,20,bid,,,10333742
2026-07-07T04:15:00.847822,2026-07-07T04:15:00.855097+00:00,163.7,8,bid,,,10333744
2026-07-07T04:15:01.199299,2026-07-07T04:15:01.210948+00:00,163.4,20,ask,,,10333749
2026-07-07T04:15:01.762519,2026-07-07T04:15:01.772936+00:00,163.6,20,bid,,,10333762
2026-07-07T04:15:02.607085,2026-07-07T04:15:02.618945+00:00,163.5,8,ask,,,10333771
2026-07-07T04:15:03.804433,2026-07-07T04:15:03.816024+00:00,163.6,20,bid,,,10333787
2026-07-07T04:15:04.359592,2026-07-07T04:15:04.366905+00:00,163.5,200,bid,,,10333797
2026-07-07T04:15:05.574347,2026-07-07T04:15:05.585394+00:00,163.6,200,bid,,,10333823
2026-07-07T04:15:06.016320,2026-07-07T04:15:06.024536+00:00,163.2,20,ask,,,10333832
2026-07-07T04:15:06.167897,2026-07-07T04:15:06.179466+00:00,163.2,8,ask,,,10333833
2026-07-07T04:15:06.783644,2026-07-07T04:15:06.792719+00:00,163.5,200,bid,,,10333839
2026-07-07T04:15:07.215159,2026-07-07T04:15:07.227007+00:00,163.5,20,bid,,,10333840
2026-07-07T04:15:07.991770,2026-07-07T04:15:08.000234+00:00,163.5,200,bid,,,10333846
2026-07-07T04:15:08.135423,2026-07-07T04:15:08.144895+00:00,163.2,20,ask,,,10333851
2026-07-07T04:15:08.315866,2026-07-07T04:15:08.327624+00:00,163.7,20,bid,,,10333853
2026-07-07T04:15:11.372071,2026-07-07T04:15:11.383833+00:00,163.8,20,bid,,,10333894
2026-07-07T04:15:12.128858,2026-07-07T04:15:12.138640+00:00,163.7,200,ask,,,10333905
2026-07-07T04:15:12.381974,2026-07-07T04:15:12.393321+00:00,163.5,20,ask,,,10333910
2026-07-07T04:15:12.837124,2026-07-07T04:15:12.848623+00:00,163.7,200,bid,,,10333918
2026-07-07T04:15:16.276948,2026-07-07T04:15:16.287490+00:00,163.7,20,bid,,,10333957
2026-07-07T04:15:16.479532,2026-07-07T04:15:16.490247+00:00,163.6,20,bid,,,10333962
2026-07-07T04:15:18.601752,2026-07-07T04:15:18.608664+00:00,163.7,20,bid,,,10333989
2026-07-07T04:15:18.739386,2026-07-07T04:15:18.750888+00:00,163.7,8,bid,,,10333994
2026-07-07T04:15:19.989726,2026-07-07T04:15:19.998192+00:00,163.7,500,bid,,,10334012
2026-07-07T04:15:20.066277,2026-07-07T04:15:20.074529+00:00,163.7,125,ask,,,10334014
2026-07-07T04:15:20.095287,2026-07-07T04:15:20.106164+00:00,163.7,200,bid,,,10334018
2026-07-07T04:15:20.747165,2026-07-07T04:15:20.763831+00:00,163.6,20,bid,,,10334033
2026-07-07T04:15:20.763762,2026-07-07T04:15:20.774365+00:00,163.6,8,bid,,,10334034
2026-07-07T04:15:21.604099,2026-07-07T04:15:21.615568+00:00,163.6,20,ask,,,10334038
2026-07-07T04:15:22.510999,2026-07-07T04:15:22.521045+00:00,163.6,180,ask,,,10334054
2026-07-07T04:15:22.525409,2026-07-07T04:15:22.536880+00:00,163.6,200,bid,,,10334056
2026-07-07T04:15:22.605561,2026-07-07T04:15:22.614423+00:00,163.6,120,bid,,,10334060
2026-07-07T04:15:22.799043,2026-07-07T04:15:22.808294+00:00,163.8,8,bid,,,10334064
2026-07-07T04:15:23.110157,2026-07-07T04:15:23.117990+00:00,163.6,500,ask,,,10334066
2026-07-07T04:15:23.714188,2026-07-07T04:15:23.723151+00:00,163.6,5,ask,,,10334072
2026-07-07T04:15:24.373368,2026-07-07T04:15:24.384513+00:00,163.6,20,bid,,,10334076
2026-07-07T04:15:24.946251,2026-07-07T04:15:24.952628+00:00,163.6,200,bid,,,10334083
2026-07-07T04:15:27.072363,2026-07-07T04:15:27.084038+00:00,163.4,8,ask,,,10334110
2026-07-07T04:15:30.299160,2026-07-07T04:15:30.306969+00:00,163.7,20,bid,,,10334148
2026-07-07T04:15:31.007536,2026-07-07T04:15:31.016472+00:00,163.6,200,bid,,,10334157
2026-07-07T04:15:31.336475,2026-07-07T04:15:31.348164+00:00,163.6,8,bid,,,10334164
2026-07-07T04:15:31.352440,2026-07-07T04:15:31.363827+00:00,163.5,20,ask,,,10334165
2026-07-07T04:15:31.582251,2026-07-07T04:15:31.590028+00:00,163.5,500,ask,,,10334169
2026-07-07T04:15:31.594975,2026-07-07T04:15:31.606012+00:00,163.5,20,ask,,,10334170
2026-07-07T04:15:31.865166,2026-07-07T04:15:31.874985+00:00,163.2,8,ask,,,10334177
2026-07-07T04:15:32.218922,2026-07-07T04:15:32.230014+00:00,163.4,200,bid,,,10334181
2026-07-07T04:15:33.158945,2026-07-07T04:15:33.169329+00:00,163.4,8,ask,,,10334201
2026-07-07T04:15:33.993137,2026-07-07T04:15:34.002412+00:00,163.5,200,ask,,,10334207
2026-07-07T04:15:34.406858,2026-07-07T04:15:34.414650+00:00,163.5,300,bid,,,10334220
2026-07-07T04:15:34.426201,2026-07-07T04:15:34.435552+00:00,163.6,8,ask,,,10334222
2026-07-07T04:15:34.610764,2026-07-07T04:15:34.619785+00:00,163.6,317,ask,,,10334225
2026-07-07T04:15:35.658986,2026-07-07T04:15:35.670718+00:00,163.6,20,bid,,,10334245
2026-07-07T04:15:35.689950,2026-07-07T04:15:35.696677+00:00,163.6,8,bid,,,10334246
2026-07-07T04:15:36.294496,2026-07-07T04:15:36.302996+00:00,163.6,20,bid,,,10334256
2026-07-07T04:15:36.453145,2026-07-07T04:15:36.458626+00:00,163.6,8,bid,,,10334258
2026-07-07T04:15:36.958567,2026-07-07T04:15:36.970221+00:00,163.4,8,ask,,,10334271
2026-07-07T04:15:37.036687,2026-07-07T04:15:37.045818+00:00,163.4,192,ask,,,10334272
2026-07-07T04:15:37.727282,2026-07-07T04:15:37.737703+00:00,163.3,8,ask,,,10334285
2026-07-07T04:15:37.794775,2026-07-07T04:15:37.802896+00:00,163.3,20,ask,,,10334286
2026-07-07T04:15:38.263367,2026-07-07T04:15:38.274344+00:00,163.4,200,bid,,,10334287
2026-07-07T04:15:39.303959,2026-07-07T04:15:39.458631+00:00,163.3,20,ask,,,10334306
2026-07-07T04:15:40.961684,2026-07-07T04:15:40.968741+00:00,163.6,500,bid,,,10334320
2026-07-07T04:15:41.273371,2026-07-07T04:15:41.274787+00:00,163.6,125,ask,,,10334324
2026-07-07T04:15:43.465639,2026-07-07T04:15:43.477087+00:00,163.5,20,bid,,,10334347
2026-07-07T04:15:46.212065,2026-07-07T04:15:46.219917+00:00,163.4,20,ask,,,10334378
2026-07-07T04:15:48.066078,2026-07-07T04:15:48.074422+00:00,163.4,200,ask,,,10334392
2026-07-07T04:15:48.154677,2026-07-07T04:15:48.158632+00:00,163.4,20,ask,,,10334395
2026-07-07T04:15:55.247808,2026-07-07T04:15:55.258604+00:00,163.2,20,ask,,,10334491
2026-07-07T04:15:55.331049,2026-07-07T04:15:55.342260+00:00,163.3,200,bid,,,10334494
2026-07-07T04:15:58.967061,2026-07-07T04:15:58.974577+00:00,163.2,200,bid,,,10334534
2026-07-07T04:16:02.602640,2026-07-07T04:16:02.609390+00:00,162.9,200,ask,,,10334569
2026-07-07T04:16:03.809078,2026-07-07T04:16:03.819943+00:00,163.0,200,ask,,,10334580
2026-07-07T04:16:03.845909,2026-07-07T04:16:03.863969+00:00,163.2,20,bid,,,10334581
2026-07-07T04:16:05.016972,2026-07-07T04:16:05.026653+00:00,163.1,20,bid,,,10334597
2026-07-07T04:16:05.189930,2026-07-07T04:16:05.201545+00:00,163.1,8,bid,,,10334599
2026-07-07T04:16:08.671243,2026-07-07T04:16:08.682671+00:00,162.8,20,ask,,,10334644
2026-07-07T04:16:09.291814,2026-07-07T04:16:09.298598+00:00,163.0,20,bid,,,10334654
2026-07-07T04:16:10.360940,2026-07-07T04:16:10.369044+00:00,162.9,20,ask,,,10334663
2026-07-07T04:16:10.478239,2026-07-07T04:16:10.490088+00:00,162.9,8,ask,,,10334667
2026-07-07T04:16:11.146161,2026-07-07T04:16:11.164404+00:00,162.9,200,ask,,,10334677
2026-07-07T04:16:11.915690,2026-07-07T04:16:11.927495+00:00,162.7,20,ask,,,10334694
2026-07-07T04:16:12.057286,2026-07-07T04:16:12.063775+00:00,162.9,20,bid,,,10334696
2026-07-07T04:16:12.177979,2026-07-07T04:16:12.189688+00:00,162.7,20,ask,,,10334699
2026-07-07T04:16:12.595245,2026-07-07T04:16:12.607253+00:00,162.9,20,bid,,,10334710
2026-07-07T04:16:13.948908,2026-07-07T04:16:13.964130+00:00,162.8,500,bid,,,10334732
2026-07-07T04:16:15.069927,2026-07-07T04:16:15.079153+00:00,162.9,200,bid,,,10334745
2026-07-07T04:16:16.665214,2026-07-07T04:16:16.677238+00:00,163.0,20,bid,,,10334764
2026-07-07T04:16:17.117293,2026-07-07T04:16:17.128430+00:00,162.8,200,ask,,,10334768
2026-07-07T04:16:18.793430,2026-07-07T04:16:18.965545+00:00,162.9,500,bid,,,10334790
2026-07-07T04:16:18.997514,2026-07-07T04:16:19.063696+00:00,162.9,200,bid,,,10334795
2026-07-07T04:16:19.538862,2026-07-07T04:16:19.563649+00:00,163.1,200,ask,,,10334802
2026-07-07T04:16:20.746639,2026-07-07T04:16:20.764547+00:00,163.0,200,ask,,,10334812
2026-07-07T04:16:21.923893,2026-07-07T04:16:21.931483+00:00,163.1,20,ask,,,10334837
2026-07-07T04:16:24.374948,2026-07-07T04:16:24.382801+00:00,163.1,200,bid,,,10334868
2026-07-07T04:16:27.654711,2026-07-07T04:16:27.666683+00:00,163.1,20,bid,,,10334908
2026-07-07T04:16:28.191579,2026-07-07T04:16:28.198264+00:00,162.9,200,ask,,,10334917
2026-07-07T04:16:28.191579,2026-07-07T04:16:28.203262+00:00,162.8,425,ask,,,10334918
2026-07-07T04:16:29.499062,2026-07-07T04:16:29.508337+00:00,163.0,200,bid,,,10334931
2026-07-07T04:16:31.651142,2026-07-07T04:16:31.658634+00:00,163.0,200,ask,,,10334951
2026-07-07T04:16:32.401799,2026-07-07T04:16:32.409042+00:00,163.3,20,bid,,,10334964
2026-07-07T04:16:32.860269,2026-07-07T04:16:32.869236+00:00,163.0,200,ask,,,10334970
2026-07-07T04:16:34.539903,2026-07-07T04:16:34.558796+00:00,163.1,20,bid,,,10334996
2026-07-07T04:16:34.664742,2026-07-07T04:16:34.668693+00:00,163.1,17,bid,,,10335000
2026-07-07T04:16:34.675033,2026-07-07T04:16:34.684402+00:00,163.1,8,bid,,,10335002
2026-07-07T04:16:34.756727,2026-07-07T04:16:34.755650+00:00,163.2,20,bid,,,10335003
2026-07-07T04:16:34.943939,2026-07-07T04:16:34.964027+00:00,163.1,8,bid,,,10335007
2026-07-07T04:16:36.887685,2026-07-07T04:16:36.897222+00:00,163.1,20,bid,,,10335033
2026-07-07T04:16:39.991864,2026-07-07T04:16:39.998860+00:00,163.0,200,ask,,,10335074
2026-07-07T04:16:40.132821,2026-07-07T04:16:40.158638+00:00,163.0,200,bid,,,10335076
2026-07-07T04:16:41.238648,2026-07-07T04:16:41.258586+00:00,162.8,8,ask,,,10335085
2026-07-07T04:16:42.632083,2026-07-07T04:16:42.635635+00:00,163.0,11,ask,,,10335110
2026-07-07T04:16:43.058527,2026-07-07T04:16:43.069218+00:00,163.0,20,ask,,,10335119
2026-07-07T04:16:43.261284,2026-07-07T04:16:43.269650+00:00,163.0,8,ask,,,10335126
2026-07-07T04:16:44.972450,2026-07-07T04:16:44.974705+00:00,163.2,200,bid,,,10335149
2026-07-07T04:16:49.567209,2026-07-07T04:16:49.574431+00:00,163.3,20,bid,,,10335205
2026-07-07T04:16:50.300812,2026-07-07T04:16:50.308968+00:00,163.2,20,ask,,,10335219
2026-07-07T04:16:51.159916,2026-07-07T04:16:51.168154+00:00,163.2,20,ask,,,10335236
2026-07-07T04:16:51.810335,2026-07-07T04:16:51.817598+00:00,163.2,180,ask,,,10335247
2026-07-07T04:16:52.079296,2026-07-07T04:16:52.085799+00:00,163.1,445,bid,,,10335248
2026-07-07T04:16:53.708094,2026-07-07T04:16:53.715272+00:00,163.2,20,ask,,,10335265
2026-07-07T04:16:53.939715,2026-07-07T04:16:53.963787+00:00,163.5,8,bid,,,10335269
2026-07-07T04:16:54.339656,2026-07-07T04:16:54.358663+00:00,163.5,20,bid,,,10335279
2026-07-07T04:16:54.445207,2026-07-07T04:16:54.432985+00:00,163.5,8,bid,,,10335280
2026-07-07T04:16:54.722003,2026-07-07T04:16:54.733086+00:00,163.5,20,bid,,,10335284
2026-07-07T04:16:55.702674,2026-07-07T04:16:55.714174+00:00,163.2,8,ask,,,10335297
2026-07-07T04:16:56.879403,2026-07-07T04:16:56.882846+00:00,163.3,6,ask,,,10335313
2026-07-07T04:16:57.969050,2026-07-07T04:16:57.979681+00:00,163.2,20,ask,,,10335338
2026-07-07T04:17:00.970807,2026-07-07T04:17:00.981271+00:00,163.2,200,ask,,,10335372
2026-07-07T04:17:01.261047,2026-07-07T04:17:01.269299+00:00,163.1,8,ask,,,10335379
2026-07-07T04:17:01.765112,2026-07-07T04:17:01.775985+00:00,163.2,425,bid,,,10335385
2026-07-07T04:17:01.903957,2026-07-07T04:17:01.910501+00:00,163.2,75,ask,,,10335387
2026-07-07T04:17:02.276878,2026-07-07T04:17:02.286213+00:00,163.2,125,bid,,,10335395
2026-07-07T04:17:03.117847,2026-07-07T04:17:03.128263+00:00,163.3,200,ask,,,10335406
2026-07-07T04:17:04.324906,2026-07-07T04:17:04.333900+00:00,163.2,200,ask,,,10335423
2026-07-07T04:17:04.784650,2026-07-07T04:17:04.796107+00:00,163.3,500,bid,,,10335433
2026-07-07T04:17:05.534346,2026-07-07T04:17:05.558557+00:00,163.3,200,ask,,,10335441
2026-07-07T04:17:06.744172,2026-07-07T04:17:06.744391+00:00,163.3,200,ask,,,10335453
2026-07-07T04:17:07.352205,2026-07-07T04:17:07.358613+00:00,163.2,20,ask,,,10335465
2026-07-07T04:17:09.663364,2026-07-07T04:17:09.674522+00:00,163.4,20,bid,,,10335484
2026-07-07T04:17:10.171429,2026-07-07T04:17:10.174910+00:00,163.3,6,bid,,,10335491
2026-07-07T04:17:10.843142,2026-07-07T04:17:10.852977+00:00,163.3,500,bid,,,10335501
2026-07-07T04:17:11.470493,2026-07-07T04:17:11.497327+00:00,163.3,200,bid,,,10335509
2026-07-07T04:17:11.493601,2026-07-07T04:17:11.497327+00:00,163.4,6,ask,,,10335511
2026-07-07T04:17:11.594640,2026-07-07T04:17:11.604651+00:00,163.4,200,ask,,,10335512
2026-07-07T04:17:11.604615,2026-07-07T04:17:11.615376+00:00,163.5,6,bid,,,10335514
2026-07-07T04:17:12.813873,2026-07-07T04:17:12.825788+00:00,163.4,200,ask,,,10335526
2026-07-07T04:17:16.245802,2026-07-07T04:17:16.258798+00:00,163.5,20,bid,,,10335569
2026-07-07T04:17:16.300391,2026-07-07T04:17:16.311510+00:00,163.5,180,bid,,,10335570
2026-07-07T04:17:16.440446,2026-07-07T04:17:16.447593+00:00,163.5,200,ask,,,10335571
2026-07-07T04:17:16.692786,2026-07-07T04:17:16.699464+00:00,163.5,120,ask,,,10335578
2026-07-07T04:17:16.895565,2026-07-07T04:17:16.903983+00:00,163.5,500,bid,,,10335585
2026-07-07T04:17:17.525093,2026-07-07T04:17:17.536078+00:00,163.5,5,bid,,,10335591
2026-07-07T04:17:17.650313,2026-07-07T04:17:17.658627+00:00,163.5,200,ask,,,10335593
2026-07-07T04:17:18.862663,2026-07-07T04:17:18.872138+00:00,163.6,200,ask,,,10335612
2026-07-07T04:17:20.072664,2026-07-07T04:17:20.082170+00:00,163.6,200,ask,,,10335623
2026-07-07T04:17:20.547287,2026-07-07T04:17:20.558605+00:00,163.7,500,bid,,,10335629
2026-07-07T04:17:20.603310,2026-07-07T04:17:20.609511+00:00,163.7,20,bid,,,10335631
2026-07-07T04:17:20.663002,2026-07-07T04:17:20.674824+00:00,163.9,8,bid,,,10335633
2026-07-07T04:17:21.280944,2026-07-07T04:17:21.287341+00:00,163.8,200,ask,,,10335644
2026-07-07T04:17:22.188467,2026-07-07T04:17:22.196539+00:00,163.9,8,bid,,,10335659
2026-07-07T04:17:22.293350,2026-07-07T04:17:22.300293+00:00,163.9,4,bid,,,10335660
2026-07-07T04:17:22.358173,2026-07-07T04:17:22.369631+00:00,163.9,500,bid,,,10335663
2026-07-07T04:17:22.954180,2026-07-07T04:17:22.956084+00:00,163.8,200,bid,,,10335673
2026-07-07T04:17:23.693317,2026-07-07T04:17:23.701427+00:00,163.8,200,ask,,,10335680
2026-07-07T04:17:24.191410,2026-07-07T04:17:24.202749+00:00,164.0,500,bid,,,10335686
2026-07-07T04:17:24.900614,2026-07-07T04:17:24.908075+00:00,163.9,200,ask,,,10335699
2026-07-07T04:17:25.270040,2026-07-07T04:17:25.276993+00:00,163.9,8,ask,,,10335709
2026-07-07T04:17:25.294282,2026-07-07T04:17:25.302531+00:00,163.9,20,ask,,,10335710
2026-07-07T04:17:26.108888,2026-07-07T04:17:26.116557+00:00,163.9,200,ask,,,10335721
2026-07-07T04:17:26.560426,2026-07-07T04:17:26.569006+00:00,164.0,20,bid,,,10335726
2026-07-07T04:17:27.317999,2026-07-07T04:17:27.329452+00:00,164.0,200,ask,,,10335742
2026-07-07T04:17:27.433135,2026-07-07T04:17:27.458660+00:00,164.0,20,ask,,,10335745
2026-07-07T04:17:28.476529,2026-07-07T04:17:28.487296+00:00,164.0,500,ask,,,10335763
2026-07-07T04:17:29.007326,2026-07-07T04:17:29.016250+00:00,163.9,125,bid,,,10335768
2026-07-07T04:17:29.007326,2026-07-07T04:17:29.016250+00:00,164.0,200,bid,,,10335769
2026-07-07T04:17:29.552463,2026-07-07T04:17:29.564052+00:00,164.0,20,ask,,,10335789
2026-07-07T04:17:29.572969,2026-07-07T04:17:29.584770+00:00,164.0,8,ask,,,10335790
2026-07-07T04:17:31.478008,2026-07-07T04:17:31.485382+00:00,164.1,10,ask,,,10335810
2026-07-07T04:17:33.710545,2026-07-07T04:17:33.718291+00:00,164.3,200,bid,,,10335848
2026-07-07T04:17:37.639307,2026-07-07T04:17:37.647310+00:00,164.3,200,bid,,,10335888
2026-07-07T04:17:38.193269,2026-07-07T04:17:38.199554+00:00,164.4,200,ask,,,10335894
2026-07-07T04:17:38.902422,2026-07-07T04:17:38.913880+00:00,164.4,20,ask,,,10335912
2026-07-07T04:17:41.575288,2026-07-07T04:17:41.585472+00:00,164.3,200,ask,,,10335947
2026-07-07T04:17:41.819766,2026-07-07T04:17:41.826382+00:00,164.2,200,bid,,,10335950
2026-07-07T04:17:43.033028,2026-07-07T04:17:43.044601+00:00,164.2,200,bid,,,10335972
2026-07-07T04:17:47.645335,2026-07-07T04:17:47.656653+00:00,164.2,20,bid,,,10336029
