timestamp,recv_time,price,volume,aggressor_side,buyer,seller,trade_id
2026-07-09T00:00:00.043061,2026-07-09T00:00:00.029782+00:00,137.2,200,bid,WavyWalnuts,YieldingYams,12845001
2026-07-09T00:00:00.992342,2026-07-09T00:00:01.004142+00:00,137.2,20,ask,YieldingYams,BrilliantBurritos,12845020
2026-07-09T00:00:04.254777,2026-07-09T00:00:04.258571+00:00,137.5,200,ask,WavyWalnuts,YieldingYams,12845057
2026-07-09T00:00:10.968397,2026-07-09T00:00:10.975961+00:00,137.6,200,bid,WavyWalnuts,YieldingYams,12845139
2026-07-09T00:00:10.971873,2026-07-09T00:00:10.980972+00:00,137.4,20,ask,YieldingYams,BrilliantBurritos,12845140
2026-07-09T00:00:14.756484,2026-07-09T00:00:14.758611+00:00,137.6,200,ask,WavyWalnuts,YieldingYams,12845194
2026-07-09T00:00:15.807536,2026-07-09T00:00:15.816782+00:00,137.6,200,bid,WavyWalnuts,YieldingYams,12845206
2026-07-09T00:00:16.067523,2026-07-09T00:00:16.074787+00:00,137.8,200,bid,YieldingYams,WavyWalnuts,12845212
2026-07-09T00:00:19.437316,2026-07-09T00:00:19.447897+00:00,137.9,200,ask,YieldingYams,WavyWalnuts,12845252
2026-07-09T00:00:20.023276,2026-07-09T00:00:20.027423+00:00,137.9,3,bid,Xuanyu Liu,YieldingYams,12845263
2026-07-09T00:00:20.646918,2026-07-09T00:00:20.663632+00:00,137.9,200,bid,WavyWalnuts,YieldingYams,12845270
2026-07-09T00:00:20.736106,2026-07-09T00:00:20.746330+00:00,137.9,20,bid,BrilliantBurritos,YieldingYams,12845273
2026-07-09T00:00:21.340207,2026-07-09T00:00:21.344220+00:00,138.0,3,ask,YieldingYams,Xuanyu Liu,12845281
2026-07-09T00:00:26.699367,2026-07-09T00:00:26.710915+00:00,138.1,200,ask,YieldingYams,WavyWalnuts,12845338
2026-07-09T00:00:27.651614,2026-07-09T00:00:27.658316+00:00,138.1,20,ask,YieldingYams,BrilliantBurritos,12845355
2026-07-09T00:00:27.918299,2026-07-09T00:00:27.925324+00:00,138.0,200,ask,YieldingYams,WavyWalnuts,12845359
2026-07-09T00:00:32.784159,2026-07-09T00:00:32.795830+00:00,138.0,200,ask,YieldingYams,WavyWalnuts,12845425
2026-07-09T00:00:33.172602,2026-07-09T00:00:33.177222+00:00,138.0,3,bid,Xuanyu Liu,YieldingYams,12845429
2026-07-09T00:00:33.991472,2026-07-09T00:00:33.999715+00:00,137.8,200,ask,YieldingYams,WavyWalnuts,12845447
2026-07-09T00:00:34.481591,2026-07-09T00:00:34.485685+00:00,137.8,23,bid,Xuanyu Liu,YieldingYams,12845461
2026-07-09T00:00:35.795694,2026-07-09T00:00:35.852003+00:00,137.8,200,bid,YieldingYams,WavyWalnuts,12845482
2026-07-09T00:00:35.847535,2026-07-09T00:00:35.852003+00:00,137.9,12,ask,YieldingYams,Xuanyu Liu,12845484
2026-07-09T00:00:36.413382,2026-07-09T00:00:36.421486+00:00,137.9,200,ask,YieldingYams,WavyWalnuts,12845501
2026-07-09T00:00:38.888456,2026-07-09T00:00:38.895859+00:00,137.7,200,bid,WavyWalnuts,YieldingYams,12845546
2026-07-09T00:00:43.677487,2026-07-09T00:00:43.688718+00:00,137.6,200,ask,WavyWalnuts,YieldingYams,12845608
2026-07-09T00:00:43.677487,2026-07-09T00:00:43.688718+00:00,137.5,425,ask,AverageAlmonds,YieldingYams,12845609
2026-07-09T00:00:44.357756,2026-07-09T00:00:44.361910+00:00,137.6,11,ask,AverageAlmonds,Xuanyu Liu,12845630
2026-07-09T00:00:46.314973,2026-07-09T00:00:46.318947+00:00,137.7,3,ask,YieldingYams,Xuanyu Liu,12845662
2026-07-09T00:00:47.610508,2026-07-09T00:00:47.619933+00:00,137.8,200,bid,YieldingYams,WavyWalnuts,12845675
2026-07-09T00:00:47.786595,2026-07-09T00:00:47.795855+00:00,138.0,20,bid,BrilliantBurritos,YieldingYams,12845677
2026-07-09T00:00:51.549535,2026-07-09T00:00:51.558650+00:00,137.8,200,bid,YieldingYams,WavyWalnuts,12845724
2026-07-09T00:00:55.849688,2026-07-09T00:00:55.858586+00:00,137.9,200,bid,WavyWalnuts,YieldingYams,12845778
2026-07-09T00:01:06.751615,2026-07-09T00:01:06.753656+00:00,138.1,200,ask,YieldingYams,WavyWalnuts,12845929
2026-07-09T00:01:07.963939,2026-07-09T00:01:07.975035+00:00,138.2,200,ask,YieldingYams,WavyWalnuts,12845951
2026-07-09T00:01:12.799757,2026-07-09T00:01:12.807859+00:00,138.3,200,bid,WavyWalnuts,YieldingYams,12846017
2026-07-09T00:01:15.131442,2026-07-09T00:01:15.143139+00:00,138.4,20,bid,BrilliantBurritos,YieldingYams,12846043
2026-07-09T00:01:18.216691,2026-07-09T00:01:18.228374+00:00,138.3,200,ask,WavyWalnuts,AverageAlmonds,12846086
2026-07-09T00:01:19.156314,2026-07-09T00:01:19.164138+00:00,138.2,200,ask,WavyWalnuts,YieldingYams,12846100
2026-07-09T00:01:20.469524,2026-07-09T00:01:20.479905+00:00,138.1,500,bid,YieldingYams,AverageAlmonds,12846110
2026-07-09T00:01:20.650827,2026-07-09T00:01:20.650845+00:00,138.1,125,ask,YieldingYams,AverageAlmonds,12846112
2026-07-09T00:01:21.264271,2026-07-09T00:01:21.275675+00:00,138.0,200,ask,WavyWalnuts,AverageAlmonds,12846120
2026-07-09T00:01:22.493128,2026-07-09T00:01:22.501031+00:00,138.0,200,bid,WavyWalnuts,YieldingYams,12846136
2026-07-09T00:01:26.130311,2026-07-09T00:01:26.140465+00:00,137.8,200,ask,YieldingYams,WavyWalnuts,12846189
2026-07-09T00:01:27.338121,2026-07-09T00:01:27.346249+00:00,137.7,200,ask,YieldingYams,WavyWalnuts,12846205
2026-07-09T00:01:28.550246,2026-07-09T00:01:28.558620+00:00,137.7,200,ask,YieldingYams,WavyWalnuts,12846216
2026-07-09T00:01:29.645139,2026-07-09T00:01:29.652977+00:00,137.8,500,bid,YieldingYams,AverageAlmonds,12846236
2026-07-09T00:01:29.721252,2026-07-09T00:01:29.730887+00:00,137.8,125,ask,YieldingYams,AverageAlmonds,12846238
2026-07-09T00:01:30.972430,2026-07-09T00:01:30.980664+00:00,137.6,200,ask,YieldingYams,WavyWalnuts,12846259
2026-07-09T00:01:33.389326,2026-07-09T00:01:33.400390+00:00,137.6,200,bid,WavyWalnuts,YieldingYams,12846283
2026-07-09T00:01:33.468561,2026-07-09T00:01:33.480758+00:00,137.3,20,ask,YieldingYams,BrilliantBurritos,12846284
2026-07-09T00:01:33.574006,2026-07-09T00:01:33.582378+00:00,137.6,500,bid,YieldingYams,AverageAlmonds,12846286
2026-07-09T00:01:34.886646,2026-07-09T00:01:34.903179+00:00,137.6,200,ask,WavyWalnuts,YieldingYams,12846305
2026-07-09T00:01:36.215803,2026-07-09T00:01:36.225004+00:00,137.4,200,ask,WavyWalnuts,YieldingYams,12846319
2026-07-09T00:01:37.749087,2026-07-09T00:01:37.758622+00:00,137.5,20,bid,BrilliantBurritos,WavyWalnuts,12846342
2026-07-09T00:01:38.244202,2026-07-09T00:01:38.249362+00:00,137.4,3,ask,WavyWalnuts,Xuanyu Liu,12846346
2026-07-09T00:01:41.233613,2026-07-09T00:01:41.242529+00:00,137.4,500,ask,YieldingYams,AverageAlmonds,12846395
2026-07-09T00:01:41.466878,2026-07-09T00:01:41.474902+00:00,137.3,200,ask,WavyWalnuts,YieldingYams,12846399
2026-07-09T00:01:44.090709,2026-07-09T00:01:44.175923+00:00,137.3,500,bid,YieldingYams,AverageAlmonds,12846423
2026-07-09T00:01:44.171652,2026-07-09T00:01:44.175923+00:00,137.3,11,ask,YieldingYams,Xuanyu Liu,12846427
2026-07-09T00:01:44.241574,2026-07-09T00:01:44.251281+00:00,137.3,114,ask,YieldingYams,AverageAlmonds,12846429
2026-07-09T00:01:45.402619,2026-07-09T00:01:45.410193+00:00,137.2,200,ask,WavyWalnuts,YieldingYams,12846450
2026-07-09T00:01:48.044114,2026-07-09T00:01:48.047844+00:00,137.1,12,ask,YieldingYams,Xuanyu Liu,12846490
2026-07-09T00:01:49.146660,2026-07-09T00:01:49.163784+00:00,137.1,200,ask,YieldingYams,WavyWalnuts,12846502
2026-07-09T00:01:50.353564,2026-07-09T00:01:50.358599+00:00,137.0,200,bid,WavyWalnuts,YieldingYams,12846525
2026-07-09T00:01:51.560903,2026-07-09T00:01:51.574356+00:00,137.1,200,bid,WavyWalnuts,YieldingYams,12846542
2026-07-09T00:01:52.768645,2026-07-09T00:01:52.778399+00:00,137.0,200,bid,WavyWalnuts,AverageAlmonds,12846559
2026-07-09T00:01:53.975919,2026-07-09T00:01:53.985800+00:00,136.9,200,bid,WavyWalnuts,AverageAlmonds,12846573
2026-07-09T00:01:55.183297,2026-07-09T00:01:55.190127+00:00,136.9,200,bid,WavyWalnuts,YieldingYams,12846588
2026-07-09T00:01:57.605956,2026-07-09T00:01:57.617857+00:00,137.1,200,bid,WavyWalnuts,AverageAlmonds,12846629
2026-07-09T00:02:01.225104,2026-07-09T00:02:01.237965+00:00,137.2,20,bid,BrilliantBurritos,WavyWalnuts,12846665
2026-07-09T00:02:05.065198,2026-07-09T00:02:05.069477+00:00,137.1,12,bid,Xuanyu Liu,WavyWalnuts,12846698
2026-07-09T00:02:06.109622,2026-07-09T00:02:06.117182+00:00,137.0,200,ask,YieldingYams,WavyWalnuts,12846714
2026-07-09T00:02:06.419394,2026-07-09T00:02:06.422882+00:00,137.0,11,bid,Xuanyu Liu,YieldingYams,12846719
2026-07-09T00:02:06.571687,2026-07-09T00:02:06.575282+00:00,137.0,3,bid,Xuanyu Liu,YieldingYams,12846722
2026-07-09T00:02:15.767775,2026-07-09T00:02:15.775554+00:00,137.2,200,ask,WavyWalnuts,AverageAlmonds,12846842
2026-07-09T00:02:16.374903,2026-07-09T00:02:16.385554+00:00,137.1,500,ask,YieldingYams,AverageAlmonds,12846854
2026-07-09T00:02:16.887909,2026-07-09T00:02:16.910606+00:00,137.1,200,ask,WavyWalnuts,YieldingYams,12846859
2026-07-09T00:02:16.906700,2026-07-09T00:02:16.910606+00:00,136.9,26,bid,Xuanyu Liu,YieldingYams,12846862
2026-07-09T00:02:16.998253,2026-07-09T00:02:17.008980+00:00,136.9,200,bid,WavyWalnuts,YieldingYams,12846863
2026-07-09T00:02:18.211421,2026-07-09T00:02:18.220358+00:00,136.9,200,ask,YieldingYams,WavyWalnuts,12846884
2026-07-09T00:02:21.847199,2026-07-09T00:02:21.858556+00:00,136.9,200,bid,WavyWalnuts,YieldingYams,12846946
2026-07-09T00:02:26.385762,2026-07-09T00:02:26.398786+00:00,137.1,20,bid,BrilliantBurritos,WavyWalnuts,12847003
2026-07-09T00:02:28.694681,2026-07-09T00:02:28.706522+00:00,137.1,200,bid,YieldingYams,WavyWalnuts,12847027
2026-07-09T00:02:28.694681,2026-07-09T00:02:28.706522+00:00,137.1,425,bid,YieldingYams,AverageAlmonds,12847028
2026-07-09T00:02:29.103034,2026-07-09T00:02:29.111713+00:00,137.0,200,bid,WavyWalnuts,AverageAlmonds,12847038
2026-07-09T00:02:31.316990,2026-07-09T00:02:31.323843+00:00,136.9,500,bid,YieldingYams,AverageAlmonds,12847065
2026-07-09T00:02:31.484146,2026-07-09T00:02:31.491392+00:00,137.0,125,ask,YieldingYams,AverageAlmonds,12847069
2026-07-09T00:02:32.096242,2026-07-09T00:02:32.105260+00:00,136.9,200,ask,WavyWalnuts,AverageAlmonds,12847074
2026-07-09T00:02:32.731736,2026-07-09T00:02:32.743250+00:00,136.8,200,bid,WavyWalnuts,YieldingYams,12847078
2026-07-09T00:02:33.949044,2026-07-09T00:02:33.958622+00:00,136.8,500,bid,YieldingYams,AverageAlmonds,12847094
2026-07-09T00:02:33.953303,2026-07-09T00:02:33.958622+00:00,136.8,125,ask,YieldingYams,WavyWalnuts,12847095
2026-07-09T00:02:34.495736,2026-07-09T00:02:34.505591+00:00,136.6,20,ask,WavyWalnuts,BrilliantBurritos,12847105
2026-07-09T00:02:37.575188,2026-07-09T00:02:37.584673+00:00,136.7,200,bid,WavyWalnuts,AverageAlmonds,12847146
2026-07-09T00:02:38.471729,2026-07-09T00:02:38.482010+00:00,136.6,20,ask,YieldingYams,BrilliantBurritos,12847156
2026-07-09T00:02:39.190579,2026-07-09T00:02:39.201497+00:00,136.7,500,bid,YieldingYams,AverageAlmonds,12847166
2026-07-09T00:02:40.011549,2026-07-09T00:02:40.019310+00:00,136.7,125,ask,YieldingYams,WavyWalnuts,12847180
2026-07-09T00:02:44.666512,2026-07-09T00:02:44.674876+00:00,136.4,20,ask,WavyWalnuts,BrilliantBurritos,12847261
2026-07-09T00:02:44.867029,2026-07-09T00:02:44.871947+00:00,136.5,11,bid,Xuanyu Liu,WavyWalnuts,12847267
2026-07-09T00:02:45.751243,2026-07-09T00:02:45.758588+00:00,136.5,189,bid,YieldingYams,WavyWalnuts,12847279
2026-07-09T00:02:47.642372,2026-07-09T00:02:47.654103+00:00,136.5,20,ask,YieldingYams,BrilliantBurritos,12847310
2026-07-09T00:02:49.696368,2026-07-09T00:02:49.705679+00:00,136.7,200,bid,YieldingYams,WavyWalnuts,12847346
2026-07-09T00:02:49.696368,2026-07-09T00:02:49.705679+00:00,136.7,425,bid,YieldingYams,AverageAlmonds,12847347
2026-07-09T00:02:49.711507,2026-07-09T00:02:49.730997+00:00,136.7,75,bid,WavyWalnuts,AverageAlmonds,12847349
2026-07-09T00:02:49.726955,2026-07-09T00:02:49.730997+00:00,136.7,11,ask,WavyWalnuts,Xuanyu Liu,12847351
2026-07-09T00:02:50.266261,2026-07-09T00:02:50.274934+00:00,136.7,114,ask,WavyWalnuts,AverageAlmonds,12847357
2026-07-09T00:02:50.946908,2026-07-09T00:02:50.956306+00:00,136.5,20,ask,WavyWalnuts,Kaleb Liu,12847367
2026-07-09T00:02:55.184626,2026-07-09T00:02:55.196290+00:00,136.4,20,ask,WavyWalnuts,BrilliantBurritos,12847423
2026-07-09T00:03:01.597728,2026-07-09T00:03:01.609900+00:00,136.6,20,bid,BrilliantBurritos,WavyWalnuts,12847512
2026-07-09T00:03:04.134322,2026-07-09T00:03:04.158617+00:00,136.3,20,ask,YieldingYams,BrilliantBurritos,12847529
2026-07-09T00:03:04.274924,2026-07-09T00:03:04.278673+00:00,136.3,11,bid,Xuanyu Liu,WavyWalnuts,12847537
2026-07-09T00:03:05.277314,2026-07-09T00:03:05.288395+00:00,136.3,20,bid,BrilliantBurritos,WavyWalnuts,12847546
2026-07-09T00:03:05.792345,2026-07-09T00:03:05.803931+00:00,136.3,20,bid,BrilliantBurritos,YieldingYams,12847556
2026-07-09T00:03:06.690589,2026-07-09T00:03:06.697436+00:00,136.3,200,bid,WavyWalnuts,YieldingYams,12847565
2026-07-09T00:03:06.810222,2026-07-09T00:03:06.813750+00:00,136.1,11,ask,YieldingYams,Xuanyu Liu,12847567
2026-07-09T00:03:07.914865,2026-07-09T00:03:07.919571+00:00,136.2,12,ask,WavyWalnuts,Xuanyu Liu,12847587
2026-07-09T00:03:09.126394,2026-07-09T00:03:09.130701+00:00,136.3,11,ask,WavyWalnuts,Xuanyu Liu,12847606
2026-07-09T00:03:12.034333,2026-07-09T00:03:12.055944+00:00,136.4,200,bid,YieldingYams,WavyWalnuts,12847642
2026-07-09T00:03:12.052095,2026-07-09T00:03:12.055944+00:00,136.5,3,ask,YieldingYams,Xuanyu Liu,12847644
2026-07-09T00:03:12.692174,2026-07-09T00:03:12.702791+00:00,136.5,422,ask,YieldingYams,AverageAlmonds,12847655
2026-07-09T00:03:12.755259,2026-07-09T00:03:12.759724+00:00,136.3,3,bid,Xuanyu Liu,WavyWalnuts,12847657
2026-07-09T00:03:13.343930,2026-07-09T00:03:13.351310+00:00,136.3,197,bid,YieldingYams,WavyWalnuts,12847658
2026-07-09T00:03:15.112463,2026-07-09T00:03:15.127760+00:00,136.2,20,ask,YieldingYams,BrilliantBurritos,12847685
2026-07-09T00:03:15.158597,2026-07-09T00:03:15.170197+00:00,136.2,200,ask,YieldingYams,WavyWalnuts,12847686
2026-07-09T00:03:17.277978,2026-07-09T00:03:17.290237+00:00,136.0,200,ask,WavyWalnuts,YieldingYams,12847711
2026-07-09T00:03:17.576151,2026-07-09T00:03:17.582981+00:00,136.0,200,bid,WavyWalnuts,YieldingYams,12847719
2026-07-09T00:03:18.816903,2026-07-09T00:03:18.821001+00:00,136.0,3,ask,WavyWalnuts,Xuanyu Liu,12847741
2026-07-09T00:03:22.515690,2026-07-09T00:03:22.523937+00:00,136.0,200,bid,YieldingYams,WavyWalnuts,12847793
2026-07-09T00:03:23.643898,2026-07-09T00:03:23.652918+00:00,136.0,200,ask,YieldingYams,WavyWalnuts,12847806
2026-07-09T00:03:24.063457,2026-07-09T00:03:24.074595+00:00,136.0,20,bid,BrilliantBurritos,YieldingYams,12847810
2026-07-09T00:03:25.137958,2026-07-09T00:03:25.146134+00:00,135.9,200,ask,WavyWalnuts,YieldingYams,12847822
2026-07-09T00:03:26.057997,2026-07-09T00:03:26.069634+00:00,135.9,200,bid,WavyWalnuts,YieldingYams,12847838
2026-07-09T00:03:31.707109,2026-07-09T00:03:31.714191+00:00,136.0,200,bid,YieldingYams,WavyWalnuts,12847921
2026-07-09T00:03:33.315306,2026-07-09T00:03:33.326909+00:00,136.1,200,bid,WavyWalnuts,YieldingYams,12847938
2026-07-09T00:03:35.142546,2026-07-09T00:03:35.163817+00:00,136.0,20,ask,YieldingYams,BrilliantBurritos,12847964
2026-07-09T00:03:39.589099,2026-07-09T00:03:39.600339+00:00,136.2,200,bid,YieldingYams,WavyWalnuts,12848023
2026-07-09T00:03:42.221844,2026-07-09T00:03:42.232976+00:00,136.3,200,ask,WavyWalnuts,YieldingYams,12848047
2026-07-09T00:03:42.995294,2026-07-09T00:03:43.006512+00:00,136.2,200,bid,WavyWalnuts,AverageAlmonds,12848066
2026-07-09T00:03:43.531869,2026-07-09T00:03:43.540269+00:00,136.2,300,bid,YieldingYams,AverageAlmonds,12848073
2026-07-09T00:03:43.569734,2026-07-09T00:03:43.581148+00:00,136.3,325,ask,YieldingYams,AverageAlmonds,12848074
2026-07-09T00:03:44.206385,2026-07-09T00:03:44.216065+00:00,136.3,200,bid,WavyWalnuts,AverageAlmonds,12848082
2026-07-09T00:03:45.415870,2026-07-09T00:03:45.427672+00:00,136.0,200,bid,WavyWalnuts,YieldingYams,12848094
2026-07-09T00:03:47.474099,2026-07-09T00:03:47.481075+00:00,136.0,200,ask,WavyWalnuts,YieldingYams,12848113
2026-07-09T00:03:47.534933,2026-07-09T00:03:47.542556+00:00,135.8,20,ask,YieldingYams,BrilliantBurritos,12848114
2026-07-09T00:03:48.787707,2026-07-09T00:03:48.798760+00:00,135.9,200,ask,WavyWalnuts,YieldingYams,12848137
2026-07-09T00:03:49.056513,2026-07-09T00:03:49.056557+00:00,135.9,200,bid,WavyWalnuts,YieldingYams,12848147
2026-07-09T00:03:51.352489,2026-07-09T00:03:51.364538+00:00,135.9,20,bid,BrilliantBurritos,WavyWalnuts,12848175
2026-07-09T00:03:53.273605,2026-07-09T00:03:53.281921+00:00,135.9,200,bid,AverageAlmonds,WavyWalnuts,12848207
2026-07-09T00:03:53.605946,2026-07-09T00:03:53.618041+00:00,136.0,20,bid,BrilliantBurritos,YieldingYams,12848210
2026-07-09T00:03:53.907377,2026-07-09T00:03:53.915646+00:00,136.0,200,bid,WavyWalnuts,YieldingYams,12848216
2026-07-09T00:03:57.754817,2026-07-09T00:03:57.766868+00:00,135.9,20,ask,AverageAlmonds,BrilliantBurritos,12848281
2026-07-09T00:03:57.991401,2026-07-09T00:03:57.995139+00:00,136.0,3,bid,Xuanyu Liu,YieldingYams,12848283
2026-07-09T00:03:58.348747,2026-07-09T00:03:58.358619+00:00,136.0,20,bid,BrilliantBurritos,YieldingYams,12848295
2026-07-09T00:03:59.932462,2026-07-09T00:03:59.941792+00:00,136.0,200,bid,AverageAlmonds,WavyWalnuts,12848324
2026-07-09T00:03:59.932462,2026-07-09T00:03:59.941792+00:00,136.0,300,bid,AverageAlmonds,YieldingYams,12848325
2026-07-09T00:03:59.965880,2026-07-09T00:03:59.974275+00:00,136.0,200,bid,WavyWalnuts,YieldingYams,12848329
2026-07-09T00:04:00.522085,2026-07-09T00:04:00.533464+00:00,136.0,125,bid,AverageAlmonds,YieldingYams,12848337
2026-07-09T00:04:00.627112,2026-07-09T00:04:00.631055+00:00,136.1,3,ask,YieldingYams,Xuanyu Liu,12848340
2026-07-09T00:04:01.907395,2026-07-09T00:04:01.917358+00:00,136.2,200,bid,YieldingYams,WavyWalnuts,12848360
2026-07-09T00:04:02.388762,2026-07-09T00:04:02.396201+00:00,136.2,200,ask,YieldingYams,WavyWalnuts,12848368
2026-07-09T00:04:03.077491,2026-07-09T00:04:03.088497+00:00,136.4,20,bid,BrilliantBurritos,YieldingYams,12848377
2026-07-09T00:04:06.024988,2026-07-09T00:04:06.033947+00:00,136.1,200,ask,YieldingYams,WavyWalnuts,12848425
2026-07-09T00:04:07.791988,2026-07-09T00:04:07.799179+00:00,136.1,500,bid,AverageAlmonds,YieldingYams,12848444
2026-07-09T00:04:13.291544,2026-07-09T00:04:13.299250+00:00,136.2,200,bid,WavyWalnuts,YieldingYams,12848521
2026-07-09T00:04:17.664029,2026-07-09T00:04:17.674603+00:00,136.1,200,ask,WavyWalnuts,YieldingYams,12848561
2026-07-09T00:04:21.760674,2026-07-09T00:04:21.771201+00:00,136.0,200,bid,WavyWalnuts,YieldingYams,12848607
2026-07-09T00:04:23.012319,2026-07-09T00:04:23.024452+00:00,135.9,20,ask,YieldingYams,BrilliantBurritos,12848631
2026-07-09T00:04:24.225951,2026-07-09T00:04:24.247180+00:00,136.1,200,bid,YieldingYams,WavyWalnuts,12848641
2026-07-09T00:04:24.243310,2026-07-09T00:04:24.247180+00:00,136.1,3,ask,YieldingYams,Xuanyu Liu,12848644
2026-07-09T00:04:25.384285,2026-07-09T00:04:25.395207+00:00,136.1,200,ask,YieldingYams,WavyWalnuts,12848654
2026-07-09T00:04:25.884730,2026-07-09T00:04:25.888810+00:00,136.1,3,bid,Xuanyu Liu,YieldingYams,12848662
2026-07-09T00:04:26.122295,2026-07-09T00:04:26.134667+00:00,136.1,20,bid,BrilliantBurritos,YieldingYams,12848663
2026-07-09T00:04:28.172574,2026-07-09T00:04:28.183648+00:00,136.0,200,bid,YieldingYams,WavyWalnuts,12848687
2026-07-09T00:04:30.086493,2026-07-09T00:04:30.098609+00:00,135.9,20,ask,YieldingYams,BrilliantBurritos,12848712
2026-07-09T00:04:32.647654,2026-07-09T00:04:32.658612+00:00,136.0,200,bid,WavyWalnuts,YieldingYams,12848748
2026-07-09T00:04:32.946104,2026-07-09T00:04:32.958617+00:00,136.0,20,bid,BrilliantBurritos,YieldingYams,12848752
2026-07-09T00:04:35.108990,2026-07-09T00:04:35.116246+00:00,136.1,200,ask,YieldingYams,WavyWalnuts,12848778
2026-07-09T00:04:38.710136,2026-07-09T00:04:38.717281+00:00,136.2,200,bid,YieldingYams,WavyWalnuts,12848828
2026-07-09T00:04:38.729086,2026-07-09T00:04:38.733357+00:00,136.3,3,ask,YieldingYams,Xuanyu Liu,12848830
2026-07-09T00:04:39.907596,2026-07-09T00:04:39.918110+00:00,136.5,20,bid,BrilliantBurritos,YieldingYams,12848852
2026-07-09T00:04:45.283966,2026-07-09T00:04:45.294431+00:00,136.1,200,ask,WavyWalnuts,YieldingYams,12848925
2026-07-09T00:04:46.602851,2026-07-09T00:04:46.611046+00:00,136.2,200,bid,YieldingYams,WavyWalnuts,12848945
2026-07-09T00:04:46.977771,2026-07-09T00:04:46.985233+00:00,136.2,20,ask,YieldingYams,BrilliantBurritos,12848958
2026-07-09T00:04:47.182274,2026-07-09T00:04:47.194112+00:00,136.2,405,ask,YieldingYams,AverageAlmonds,12848962
2026-07-09T00:04:47.202461,2026-07-09T00:04:47.210116+00:00,136.2,95,bid,WavyWalnuts,AverageAlmonds,12848963
2026-07-09T00:04:47.780405,2026-07-09T00:04:47.787022+00:00,136.2,105,ask,WavyWalnuts,AverageAlmonds,12848970
2026-07-09T00:04:48.081406,2026-07-09T00:04:48.085206+00:00,135.8,11,ask,YieldingYams,Xuanyu Liu,12848981
2026-07-09T00:04:48.412900,2026-07-09T00:04:48.420024+00:00,136.0,200,bid,WavyWalnuts,YieldingYams,12848994
2026-07-09T00:04:49.245409,2026-07-09T00:04:49.249553+00:00,136.0,23,ask,YieldingYams,Xuanyu Liu,12849003
2026-07-09T00:04:50.430753,2026-07-09T00:04:50.437454+00:00,136.1,20,bid,BrilliantBurritos,WavyWalnuts,12849015
2026-07-09T00:04:51.191079,2026-07-09T00:04:51.194945+00:00,136.1,11,bid,Xuanyu Liu,YieldingYams,12849034
2026-07-09T00:04:51.607948,2026-07-09T00:04:51.619805+00:00,136.1,20,bid,BrilliantBurritos,YieldingYams,12849038
2026-07-09T00:04:55.804437,2026-07-09T00:04:55.815980+00:00,136.2,500,bid,YieldingYams,AverageAlmonds,12849111
2026-07-09T00:04:55.804437,2026-07-09T00:04:55.815980+00:00,136.2,125,bid,YieldingYams,WavyWalnuts,12849112
2026-07-09T00:04:55.825285,2026-07-09T00:04:55.833891+00:00,136.0,20,ask,WavyWalnuts,BrilliantBurritos,12849114
2026-07-09T00:04:57.120993,2026-07-09T00:04:57.130426+00:00,136.1,200,ask,WavyWalnuts,YieldingYams,12849126
2026-07-09T00:04:59.649372,2026-07-09T00:04:59.658548+00:00,136.1,20,ask,YieldingYams,BrilliantBurritos,12849162
2026-07-09T00:04:59.742370,2026-07-09T00:04:59.753738+00:00,136.2,500,bid,YieldingYams,AverageAlmonds,12849163
2026-07-09T00:04:59.742370,2026-07-09T00:04:59.753738+00:00,136.2,125,bid,YieldingYams,WavyWalnuts,12849164
2026-07-09T00:05:00.762148,2026-07-09T00:05:00.766662+00:00,136.2,12,bid,Xuanyu Liu,AverageAlmonds,12849193
2026-07-09T00:05:01.078731,2026-07-09T00:05:01.082716+00:00,136.1,11,bid,Xuanyu Liu,YieldingYams,12849197
2026-07-09T00:05:01.737994,2026-07-09T00:05:01.748281+00:00,136.1,200,bid,WavyWalnuts,YieldingYams,12849202
2026-07-09T00:05:01.747640,2026-07-09T00:05:01.759950+00:00,135.9,20,ask,YieldingYams,BrilliantBurritos,12849203
2026-07-09T00:05:02.413834,2026-07-09T00:05:02.425765+00:00,135.9,20,ask,YieldingYams,BrilliantBurritos,12849214
2026-07-09T00:05:04.986091,2026-07-09T00:05:04.996486+00:00,136.0,200,ask,WavyWalnuts,YieldingYams,12849241
2026-07-09T00:05:07.606414,2026-07-09T00:05:07.617779+00:00,135.9,200,ask,WavyWalnuts,YieldingYams,12849269
2026-07-09T00:05:10.227324,2026-07-09T00:05:10.236659+00:00,135.9,200,bid,YieldingYams,WavyWalnuts,12849306
2026-07-09T00:05:10.394822,2026-07-09T00:05:10.407065+00:00,135.9,20,ask,YieldingYams,BrilliantBurritos,12849308
2026-07-09T00:05:11.438670,2026-07-09T00:05:11.450180+00:00,135.9,200,ask,YieldingYams,WavyWalnuts,12849325
2026-07-09T00:05:13.855636,2026-07-09T00:05:13.858561+00:00,135.7,200,ask,YieldingYams,WavyWalnuts,12849349
2026-07-09T00:05:15.064348,2026-07-09T00:05:15.076309+00:00,135.7,200,ask,YieldingYams,WavyWalnuts,12849363
2026-07-09T00:05:15.771357,2026-07-09T00:05:15.783417+00:00,135.6,20,ask,YieldingYams,BrilliantBurritos,12849373
2026-07-09T00:05:16.286604,2026-07-09T00:05:16.290485+00:00,135.8,3,bid,Xuanyu Liu,WavyWalnuts,12849387
2026-07-09T00:05:17.499339,2026-07-09T00:05:17.507208+00:00,135.7,200,ask,YieldingYams,WavyWalnuts,12849404
2026-07-09T00:05:19.446329,2026-07-09T00:05:19.450949+00:00,135.7,3,bid,Xuanyu Liu,YieldingYams,12849437
2026-07-09T00:05:22.345451,2026-07-09T00:05:22.353326+00:00,135.6,200,ask,AverageAlmonds,WavyWalnuts,12849482
2026-07-09T00:05:22.954627,2026-07-09T00:05:22.958624+00:00,135.7,3,ask,AverageAlmonds,Xuanyu Liu,12849490
2026-07-09T00:05:23.355728,2026-07-09T00:05:23.352254+00:00,135.7,497,ask,AverageAlmonds,YieldingYams,12849501
2026-07-09T00:05:23.515719,2026-07-09T00:05:23.524154+00:00,135.7,128,bid,AverageAlmonds,YieldingYams,12849503
2026-07-09T00:05:23.553357,2026-07-09T00:05:23.563819+00:00,135.8,200,ask,AverageAlmonds,WavyWalnuts,12849504
2026-07-09T00:05:23.918271,2026-07-09T00:05:23.930009+00:00,136.5,20,bid,BrilliantBurritos,AverageAlmonds,12849510
2026-07-09T00:05:24.855211,2026-07-09T00:05:24.867338+00:00,135.9,20,bid,BrilliantBurritos,YieldingYams,12849524
2026-07-09T00:05:26.064964,2026-07-09T00:05:26.069035+00:00,135.9,3,bid,Xuanyu Liu,YieldingYams,12849548
2026-07-09T00:05:27.188361,2026-07-09T00:05:27.195954+00:00,135.8,200,ask,AverageAlmonds,WavyWalnuts,12849558
2026-07-09T00:05:27.741341,2026-07-09T00:05:27.777352+00:00,135.9,500,bid,AverageAlmonds,YieldingYams,12849573
2026-07-09T00:05:28.336280,2026-07-09T00:05:28.347242+00:00,135.9,125,bid,AverageAlmonds,YieldingYams,12849584
2026-07-09T00:05:28.595460,2026-07-09T00:05:28.602915+00:00,136.0,200,bid,YieldingYams,WavyWalnuts,12849585
2026-07-09T00:05:30.818861,2026-07-09T00:05:30.828373+00:00,136.1,200,bid,WavyWalnuts,YieldingYams,12849619
2026-07-09T00:05:34.471295,2026-07-09T00:05:34.479410+00:00,136.1,200,ask,AverageAlmonds,WavyWalnuts,12849671
2026-07-09T00:05:35.681738,2026-07-09T00:05:35.692012+00:00,136.1,200,ask,AverageAlmonds,WavyWalnuts,12849693
2026-07-09T00:05:39.090258,2026-07-09T00:05:39.093897+00:00,136.0,3,ask,YieldingYams,Xuanyu Liu,12849741
2026-07-09T00:05:44.148676,2026-07-09T00:05:44.158547+00:00,136.2,200,bid,WavyWalnuts,YieldingYams,12849828
2026-07-09T00:05:45.134829,2026-07-09T00:05:45.146883+00:00,136.1,20,ask,YieldingYams,BrilliantBurritos,12849847
2026-07-09T00:05:45.647646,2026-07-09T00:05:45.658599+00:00,136.3,20,bid,BrilliantBurritos,WavyWalnuts,12849851
2026-07-09T00:05:46.590402,2026-07-09T00:05:46.594545+00:00,136.2,3,bid,Xuanyu Liu,WavyWalnuts,12849873
2026-07-09T00:05:48.992030,2026-07-09T00:05:49.001583+00:00,136.1,200,bid,WavyWalnuts,YieldingYams,12849900
2026-07-09T00:05:54.660990,2026-07-09T00:05:54.673211+00:00,136.2,20,ask,WavyWalnuts,BrilliantBurritos,12849968
2026-07-09T00:05:54.819752,2026-07-09T00:05:54.830757+00:00,136.4,200,bid,YieldingYams,WavyWalnuts,12849970
2026-07-09T00:05:59.303622,2026-07-09T00:05:59.307889+00:00,136.2,3,ask,YieldingYams,Xuanyu Liu,12850036
2026-07-09T00:06:00.072208,2026-07-09T00:06:00.080597+00:00,136.3,200,bid,YieldingYams,WavyWalnuts,12850047
2026-07-09T00:06:01.474895,2026-07-09T00:06:01.484641+00:00,136.4,20,bid,BrilliantBurritos,WavyWalnuts,12850064
2026-07-09T00:06:04.010261,2026-07-09T00:06:04.017593+00:00,136.4,200,bid,YieldingYams,WavyWalnuts,12850099
2026-07-09T00:06:04.112497,2026-07-09T00:06:04.116507+00:00,136.4,14,ask,YieldingYams,Xuanyu Liu,12850101
2026-07-09T00:06:05.289601,2026-07-09T00:06:05.301306+00:00,136.4,20,ask,YieldingYams,BrilliantBurritos,12850117
2026-07-09T00:06:05.892616,2026-07-09T00:06:05.904456+00:00,136.3,20,ask,WavyWalnuts,BrilliantBurritos,12850126
2026-07-09T00:06:08.074880,2026-07-09T00:06:08.084823+00:00,136.3,20,ask,WavyWalnuts,BrilliantBurritos,12850166
2026-07-09T00:06:12.015815,2026-07-09T00:06:12.027575+00:00,136.2,200,ask,YieldingYams,WavyWalnuts,12850225
2026-07-09T00:06:13.225777,2026-07-09T00:06:13.237750+00:00,136.1,10,ask,Lachy Miller,WavyWalnuts,12850236
2026-07-09T00:06:13.225777,2026-07-09T00:06:13.237750+00:00,136.1,190,ask,YieldingYams,WavyWalnuts,12850237
2026-07-09T00:06:17.036500,2026-07-09T00:06:17.045481+00:00,136.1,12,ask,YieldingYams,Lachy Miller,12850302
2026-07-09T00:06:17.137706,2026-07-09T00:06:17.171521+00:00,136.3,200,bid,YieldingYams,WavyWalnuts,12850305
2026-07-09T00:06:17.167240,2026-07-09T00:06:17.171521+00:00,136.3,12,ask,YieldingYams,Xuanyu Liu,12850307
2026-07-09T00:06:19.773988,2026-07-09T00:06:19.796833+00:00,136.2,200,ask,WavyWalnuts,YieldingYams,12850348
2026-07-09T00:06:19.792438,2026-07-09T00:06:19.796833+00:00,136.2,12,bid,Xuanyu Liu,YieldingYams,12850350
2026-07-09T00:06:20.544090,2026-07-09T00:06:20.555656+00:00,136.2,20,bid,BrilliantBurritos,YieldingYams,12850364
2026-07-09T00:06:21.691175,2026-07-09T00:06:21.699293+00:00,136.3,200,bid,WavyWalnuts,YieldingYams,12850387
2026-07-09T00:06:25.379504,2026-07-09T00:06:25.387443+00:00,136.1,200,bid,WavyWalnuts,YieldingYams,12850450
2026-07-09T00:06:25.701740,2026-07-09T00:06:25.708848+00:00,135.8,20,ask,YieldingYams,BrilliantBurritos,12850457
2026-07-09T00:06:27.797171,2026-07-09T00:06:27.804116+00:00,136.0,200,bid,WavyWalnuts,YieldingYams,12850486
2026-07-09T00:06:29.426257,2026-07-09T00:06:29.430090+00:00,136.2,14,bid,Xuanyu Liu,YieldingYams,12850510
2026-07-09T00:06:31.578424,2026-07-09T00:06:31.588596+00:00,136.0,200,ask,WavyWalnuts,YieldingYams,12850542
2026-07-09T00:06:32.887106,2026-07-09T00:06:32.908639+00:00,136.0,200,bid,YieldingYams,WavyWalnuts,12850561
2026-07-09T00:06:32.904679,2026-07-09T00:06:32.908639+00:00,136.0,3,ask,YieldingYams,Xuanyu Liu,12850563
2026-07-09T00:06:36.833456,2026-07-09T00:06:36.858638+00:00,136.0,200,bid,YieldingYams,WavyWalnuts,12850621
2026-07-09T00:06:39.467792,2026-07-09T00:06:39.477181+00:00,135.9,200,ask,WavyWalnuts,YieldingYams,12850668
2026-07-09T00:06:39.483724,2026-07-09T00:06:39.487709+00:00,135.9,3,bid,Xuanyu Liu,YieldingYams,12850670
2026-07-09T00:06:46.030226,2026-07-09T00:06:46.037371+00:00,135.8,200,ask,WavyWalnuts,YieldingYams,12850770
2026-07-09T00:06:50.780581,2026-07-09T00:06:50.789858+00:00,135.7,200,bid,WavyWalnuts,YieldingYams,12850828
2026-07-09T00:06:54.418542,2026-07-09T00:06:54.425794+00:00,135.7,200,ask,YieldingYams,WavyWalnuts,12850874
2026-07-09T00:06:55.193938,2026-07-09T00:06:55.205182+00:00,135.8,500,ask,AverageAlmonds,YieldingYams,12850884
2026-07-09T00:06:55.578593,2026-07-09T00:06:55.588854+00:00,135.8,125,bid,AverageAlmonds,YieldingYams,12850891
2026-07-09T00:06:55.625944,2026-07-09T00:06:55.635407+00:00,135.8,200,ask,AverageAlmonds,WavyWalnuts,12850892
2026-07-09T00:06:55.876910,2026-07-09T00:06:55.888988+00:00,135.8,20,ask,AverageAlmonds,BrilliantBurritos,12850896
2026-07-09T00:06:56.833759,2026-07-09T00:06:56.841631+00:00,135.9,200,ask,AverageAlmonds,WavyWalnuts,12850923
2026-07-09T00:06:57.532314,2026-07-09T00:06:57.544477+00:00,135.8,20,ask,YieldingYams,BrilliantBurritos,12850938
2026-07-09T00:06:57.810477,2026-07-09T00:06:57.820409+00:00,135.8,500,ask,AverageAlmonds,YieldingYams,12850941
2026-07-09T00:06:57.847130,2026-07-09T00:06:57.850639+00:00,135.8,14,bid,Xuanyu Liu,YieldingYams,12850943
2026-07-09T00:06:58.040226,2026-07-09T00:06:58.050155+00:00,135.8,111,bid,WavyWalnuts,YieldingYams,12850944
2026-07-09T00:06:59.444530,2026-07-09T00:06:59.448660+00:00,135.9,5,ask,YieldingYams,Xuanyu Liu,12850967
2026-07-09T00:06:59.487984,2026-07-09T00:06:59.500124+00:00,136.0,20,bid,BrilliantBurritos,WavyWalnuts,12850968
2026-07-09T00:07:01.676898,2026-07-09T00:07:01.685951+00:00,135.8,200,ask,YieldingYams,WavyWalnuts,12850997
2026-07-09T00:07:02.885446,2026-07-09T00:07:02.893226+00:00,135.9,200,ask,YieldingYams,WavyWalnuts,12851008
2026-07-09T00:07:03.541771,2026-07-09T00:07:03.550296+00:00,136.1,20,bid,BrilliantBurritos,YieldingYams,12851019
2026-07-09T00:07:06.522127,2026-07-09T00:07:06.531607+00:00,136.0,200,bid,WavyWalnuts,YieldingYams,12851057
2026-07-09T00:07:09.059974,2026-07-09T00:07:09.071150+00:00,135.9,20,ask,YieldingYams,BrilliantBurritos,12851106
2026-07-09T00:07:10.185251,2026-07-09T00:07:10.189377+00:00,136.0,6,ask,WavyWalnuts,Xuanyu Liu,12851125
2026-07-09T00:07:11.375979,2026-07-09T00:07:11.387642+00:00,136.1,200,bid,WavyWalnuts,YieldingYams,12851141
2026-07-09T00:07:11.533899,2026-07-09T00:07:11.545763+00:00,136.1,20,bid,BrilliantBurritos,YieldingYams,12851147
2026-07-09T00:07:13.615584,2026-07-09T00:07:13.619544+00:00,136.1,3,ask,YieldingYams,Xuanyu Liu,12851171
2026-07-09T00:07:13.796841,2026-07-09T00:07:13.807561+00:00,136.1,200,ask,YieldingYams,WavyWalnuts,12851172
2026-07-09T00:07:14.901902,2026-07-09T00:07:14.910563+00:00,136.1,8,ask,Lachy Miller,YieldingYams,12851195
2026-07-09T00:07:16.217396,2026-07-09T00:07:16.228068+00:00,135.9,200,ask,YieldingYams,WavyWalnuts,12851216
2026-07-09T00:07:22.237703,2026-07-09T00:07:22.246596+00:00,135.8,20,bid,BrilliantBurritos,WavyWalnuts,12851323
2026-07-09T00:07:22.283346,2026-07-09T00:07:22.293448+00:00,135.7,200,ask,YieldingYams,WavyWalnuts,12851324
2026-07-09T00:07:23.507442,2026-07-09T00:07:23.511538+00:00,135.5,3,ask,WavyWalnuts,Xuanyu Liu,12851342
2026-07-09T00:07:24.644396,2026-07-09T00:07:24.664000+00:00,135.5,20,ask,WavyWalnuts,BrilliantBurritos,12851353
2026-07-09T00:07:27.909631,2026-07-09T00:07:27.914665+00:00,135.4,11,ask,YieldingYams,Xuanyu Liu,12851398
2026-07-09T00:07:29.538128,2026-07-09T00:07:29.549400+00:00,135.5,200,bid,WavyWalnuts,YieldingYams,12851415
2026-07-09T00:07:30.770246,2026-07-09T00:07:30.774066+00:00,135.5,12,ask,WavyWalnuts,Xuanyu Liu,12851435
2026-07-09T00:07:33.175678,2026-07-09T00:07:33.184831+00:00,135.4,200,bid,WavyWalnuts,YieldingYams,12851466
2026-07-09T00:07:33.273998,2026-07-09T00:07:33.280954+00:00,135.4,8,bid,YieldingYams,Lachy Miller,12851467
2026-07-09T00:07:34.586622,2026-07-09T00:07:34.594046+00:00,135.3,200,ask,WavyWalnuts,YieldingYams,12851487
2026-07-09T00:07:35.903726,2026-07-09T00:07:35.907797+00:00,135.1,11,ask,WavyWalnuts,Xuanyu Liu,12851503
2026-07-09T00:07:35.906906,2026-07-09T00:07:35.928168+00:00,135.3,200,bid,YieldingYams,WavyWalnuts,12851504
2026-07-09T00:07:35.906906,2026-07-09T00:07:35.928168+00:00,135.3,8,bid,YieldingYams,Lachy Miller,12851505
2026-07-09T00:07:35.934797,2026-07-09T00:07:35.938960+00:00,135.4,34,ask,YieldingYams,Xuanyu Liu,12851507
2026-07-09T00:07:36.804893,2026-07-09T00:07:36.813629+00:00,135.4,200,ask,YieldingYams,WavyWalnuts,12851515
2026-07-09T00:07:37.224174,2026-07-09T00:07:37.233366+00:00,135.3,8,ask,Lachy Miller,YieldingYams,12851518
2026-07-09T00:07:39.079350,2026-07-09T00:07:39.084565+00:00,135.3,22,bid,Xuanyu Liu,YieldingYams,12851554
2026-07-09T00:07:39.847037,2026-07-09T00:07:39.869757+00:00,135.2,200,ask,WavyWalnuts,YieldingYams,12851565
2026-07-09T00:07:39.847037,2026-07-09T00:07:39.869757+00:00,135.1,8,ask,Lachy Miller,YieldingYams,12851566
2026-07-09T00:07:39.865539,2026-07-09T00:07:39.869757+00:00,135.1,23,bid,Xuanyu Liu,YieldingYams,12851569
2026-07-09T00:07:40.434342,2026-07-09T00:07:40.443519+00:00,135.1,200,bid,WavyWalnuts,YieldingYams,12851575
2026-07-09T00:07:41.158599,2026-07-09T00:07:41.181319+00:00,135.1,8,bid,YieldingYams,Lachy Miller,12851582
2026-07-09T00:07:41.177138,2026-07-09T00:07:41.181319+00:00,135.2,23,ask,YieldingYams,Xuanyu Liu,12851584
2026-07-09T00:07:43.451151,2026-07-09T00:07:43.464074+00:00,135.2,200,ask,WavyWalnuts,AverageAlmonds,12851608
2026-07-09T00:07:44.084355,2026-07-09T00:07:44.095271+00:00,135.3,200,bid,WavyWalnuts,YieldingYams,12851620
2026-07-09T00:07:48.298018,2026-07-09T00:07:48.307563+00:00,135.2,500,ask,YieldingYams,AverageAlmonds,12851684
2026-07-09T00:07:48.566808,2026-07-09T00:07:48.571222+00:00,135.2,11,ask,YieldingYams,Xuanyu Liu,12851692
2026-07-09T00:07:48.895638,2026-07-09T00:07:48.905508+00:00,135.2,114,ask,YieldingYams,AverageAlmonds,12851696
2026-07-09T00:07:48.895638,2026-07-09T00:07:48.905508+00:00,135.1,200,ask,WavyWalnuts,AverageAlmonds,12851697
2026-07-09T00:07:50.964717,2026-07-09T00:07:50.975694+00:00,135.0,20,ask,YieldingYams,BrilliantBurritos,12851735
2026-07-09T00:07:53.759380,2026-07-09T00:07:53.769606+00:00,135.2,200,bid,WavyWalnuts,AverageAlmonds,12851778
2026-07-09T00:07:54.270932,2026-07-09T00:07:54.278132+00:00,135.2,300,bid,YieldingYams,AverageAlmonds,12851781
2026-07-09T00:07:54.347573,2026-07-09T00:07:54.358630+00:00,135.2,325,ask,YieldingYams,AverageAlmonds,12851782
2026-07-09T00:07:54.980784,2026-07-09T00:07:54.992315+00:00,135.0,8,bid,WavyWalnuts,Lachy Miller,12851801
2026-07-09T00:07:58.070946,2026-07-09T00:07:58.075251+00:00,135.2,23,bid,Xuanyu Liu,AverageAlmonds,12851839
2026-07-09T00:07:58.199125,2026-07-09T00:07:58.210177+00:00,135.2,477,bid,YieldingYams,AverageAlmonds,12851840
2026-07-09T00:07:58.441746,2026-07-09T00:07:58.453830+00:00,135.4,20,bid,BrilliantBurritos,WavyWalnuts,12851846
2026-07-09T00:07:58.571497,2026-07-09T00:07:58.580640+00:00,135.2,148,ask,YieldingYams,AverageAlmonds,12851851
2026-07-09T00:07:58.571497,2026-07-09T00:07:58.580640+00:00,135.2,8,ask,Lachy Miller,AverageAlmonds,12851852
2026-07-09T00:07:58.571497,2026-07-09T00:07:58.585764+00:00,135.1,200,ask,WavyWalnuts,AverageAlmonds,12851853
2026-07-09T00:07:58.604954,2026-07-09T00:07:58.608592+00:00,135.1,11,bid,Xuanyu Liu,AverageAlmonds,12851855
2026-07-09T00:07:58.624254,2026-07-09T00:07:58.634615+00:00,135.1,133,bid,WavyWalnuts,AverageAlmonds,12851856
2026-07-09T00:07:59.176460,2026-07-09T00:07:59.184771+00:00,135.1,67,ask,WavyWalnuts,AverageAlmonds,12851869
2026-07-09T00:07:59.176460,2026-07-09T00:07:59.190075+00:00,135.1,8,ask,Lachy Miller,AverageAlmonds,12851870
2026-07-09T00:07:59.508764,2026-07-09T00:07:59.517782+00:00,135.1,425,bid,YieldingYams,AverageAlmonds,12851875
2026-07-09T00:07:59.582301,2026-07-09T00:07:59.585810+00:00,135.3,45,ask,YieldingYams,Xuanyu Liu,12851879
2026-07-09T00:07:59.774100,2026-07-09T00:07:59.785108+00:00,135.3,155,ask,YieldingYams,AverageAlmonds,12851882
2026-07-09T00:07:59.835045,2026-07-09T00:07:59.844237+00:00,135.0,200,bid,WavyWalnuts,AverageAlmonds,12851885
2026-07-09T00:08:00.819866,2026-07-09T00:08:00.826752+00:00,135.0,500,bid,YieldingYams,AverageAlmonds,12851901
2026-07-09T00:08:01.007235,2026-07-09T00:08:01.015895+00:00,135.1,125,ask,YieldingYams,AverageAlmonds,12851903
2026-07-09T00:08:01.082259,2026-07-09T00:08:01.094558+00:00,134.9,20,bid,BrilliantBurritos,AverageAlmonds,12851906
2026-07-09T00:08:02.253390,2026-07-09T00:08:02.250552+00:00,134.9,200,bid,WavyWalnuts,YieldingYams,12851924
2026-07-09T00:08:02.688962,2026-07-09T00:08:02.693719+00:00,134.9,34,bid,Xuanyu Liu,YieldingYams,12851928
2026-07-09T00:08:02.848442,2026-07-09T00:08:02.852308+00:00,134.8,11,bid,Xuanyu Liu,AverageAlmonds,12851933
2026-07-09T00:08:03.442415,2026-07-09T00:08:03.451213+00:00,134.9,500,bid,YieldingYams,AverageAlmonds,12851940
2026-07-09T00:08:03.466665,2026-07-09T00:08:03.471088+00:00,135.0,11,ask,YieldingYams,Xuanyu Liu,12851942
2026-07-09T00:08:03.470397,2026-07-09T00:08:03.486728+00:00,135.0,114,ask,YieldingYams,WavyWalnuts,12851944
2026-07-09T00:08:03.559763,2026-07-09T00:08:03.566752+00:00,134.7,8,ask,WavyWalnuts,Lachy Miller,12851946
2026-07-09T00:08:03.776485,2026-07-09T00:08:03.788125+00:00,134.7,20,ask,WavyWalnuts,BrilliantBurritos,12851953
2026-07-09T00:08:04.042462,2026-07-09T00:08:04.046821+00:00,134.8,11,bid,Xuanyu Liu,AverageAlmonds,12851969
2026-07-09T00:08:04.679528,2026-07-09T00:08:04.690038+00:00,134.8,200,bid,WavyWalnuts,AverageAlmonds,12851979
2026-07-09T00:08:05.887775,2026-07-09T00:08:05.897187+00:00,134.8,200,bid,WavyWalnuts,YieldingYams,12852002
2026-07-09T00:08:07.096467,2026-07-09T00:08:07.104060+00:00,134.8,200,bid,WavyWalnuts,AverageAlmonds,12852016
2026-07-09T00:08:07.670748,2026-07-09T00:08:07.679429+00:00,134.7,500,ask,YieldingYams,AverageAlmonds,12852027
2026-07-09T00:08:08.262409,2026-07-09T00:08:08.270592+00:00,134.7,125,ask,YieldingYams,AverageAlmonds,12852034
2026-07-09T00:08:08.305013,2026-07-09T00:08:08.314488+00:00,134.7,200,bid,WavyWalnuts,AverageAlmonds,12852035
2026-07-09T00:08:09.514535,2026-07-09T00:08:09.523762+00:00,134.6,200,bid,WavyWalnuts,YieldingYams,12852055
2026-07-09T00:08:10.078746,2026-07-09T00:08:10.088867+00:00,134.6,500,ask,YieldingYams,AverageAlmonds,12852063
2026-07-09T00:08:10.675870,2026-07-09T00:08:10.707369+00:00,134.6,125,ask,YieldingYams,AverageAlmonds,12852076
2026-07-09T00:08:10.703243,2026-07-09T00:08:10.707369+00:00,134.6,12,bid,Xuanyu Liu,AverageAlmonds,12852079
2026-07-09T00:08:11.333417,2026-07-09T00:08:11.338493+00:00,134.5,11,bid,Xuanyu Liu,YieldingYams,12852086
2026-07-09T00:08:12.627928,2026-07-09T00:08:12.637888+00:00,134.4,200,ask,WavyWalnuts,YieldingYams,12852103
2026-07-09T00:08:12.644758,2026-07-09T00:08:12.648204+00:00,134.4,3,bid,Xuanyu Liu,YieldingYams,12852105
2026-07-09T00:08:16.772666,2026-07-09T00:08:16.784406+00:00,134.1,200,ask,YieldingYams,WavyWalnuts,12852167
2026-07-09T00:08:19.202439,2026-07-09T00:08:19.211868+00:00,134.1,200,ask,AverageAlmonds,WavyWalnuts,12852199
2026-07-09T00:08:20.380095,2026-07-09T00:08:20.390220+00:00,134.2,500,bid,AverageAlmonds,YieldingYams,12852220
2026-07-09T00:08:20.512612,2026-07-09T00:08:20.522061+00:00,134.2,200,bid,YieldingYams,WavyWalnuts,12852222
2026-07-09T00:08:24.447777,2026-07-09T00:08:24.458536+00:00,134.4,200,ask,WavyWalnuts,YieldingYams,12852279
2026-07-09T00:08:25.755921,2026-07-09T00:08:25.755020+00:00,134.4,200,bid,YieldingYams,WavyWalnuts,12852299
2026-07-09T00:08:26.407346,2026-07-09T00:08:26.419151+00:00,134.6,20,bid,BrilliantBurritos,YieldingYams,12852305
2026-07-09T00:08:31.002801,2026-07-09T00:08:31.013603+00:00,134.4,200,ask,WavyWalnuts,YieldingYams,12852364
2026-07-09T00:08:32.312356,2026-07-09T00:08:32.320369+00:00,134.2,200,ask,WavyWalnuts,YieldingYams,12852387
2026-07-09T00:08:32.312356,2026-07-09T00:08:32.325830+00:00,134.2,425,ask,AverageAlmonds,YieldingYams,12852388
2026-07-09T00:08:33.640391,2026-07-09T00:08:33.649976+00:00,134.4,200,bid,YieldingYams,WavyWalnuts,12852405
2026-07-09T00:08:37.592833,2026-07-09T00:08:37.596784+00:00,134.4,3,bid,Xuanyu Liu,YieldingYams,12852467
2026-07-09T00:08:38.581959,2026-07-09T00:08:38.592799+00:00,134.4,200,bid,WavyWalnuts,YieldingYams,12852488
2026-07-09T00:08:39.798743,2026-07-09T00:08:39.808127+00:00,134.5,200,bid,WavyWalnuts,YieldingYams,12852511
2026-07-09T00:08:42.079388,2026-07-09T00:08:42.089740+00:00,134.7,20,bid,BrilliantBurritos,WavyWalnuts,12852560
2026-07-09T00:08:42.302233,2026-07-09T00:08:42.306320+00:00,134.7,11,bid,Xuanyu Liu,YieldingYams,12852565
2026-07-09T00:08:44.176173,2026-07-09T00:08:44.180618+00:00,134.6,6,bid,Xuanyu Liu,YieldingYams,12852593
2026-07-09T00:08:45.516804,2026-07-09T00:08:45.520911+00:00,134.4,6,ask,YieldingYams,Xuanyu Liu,12852610
2026-07-09T00:08:50.751669,2026-07-09T00:08:50.754345+00:00,134.5,200,ask,YieldingYams,WavyWalnuts,12852665
2026-07-09T00:08:53.338210,2026-07-09T00:08:53.342117+00:00,134.6,12,bid,Xuanyu Liu,YieldingYams,12852690
2026-07-09T00:08:58.569880,2026-07-09T00:08:58.581493+00:00,134.6,200,bid,YieldingYams,WavyWalnuts,12852784
2026-07-09T00:09:01.287137,2026-07-09T00:09:01.291435+00:00,134.8,45,bid,Xuanyu Liu,WavyWalnuts,12852816
2026-07-09T00:09:02.508661,2026-07-09T00:09:02.516576+00:00,134.7,200,ask,WavyWalnuts,YieldingYams,12852844
2026-07-09T00:09:02.528378,2026-07-09T00:09:02.532666+00:00,134.7,12,bid,Xuanyu Liu,YieldingYams,12852846
2026-07-09T00:09:02.842803,2026-07-09T00:09:02.851490+00:00,134.7,200,bid,WavyWalnuts,YieldingYams,12852849
2026-07-09T00:09:03.837829,2026-07-09T00:09:03.842107+00:00,134.8,34,ask,YieldingYams,Xuanyu Liu,12852869
2026-07-09T00:09:07.781069,2026-07-09T00:09:07.785217+00:00,134.8,11,bid,Xuanyu Liu,YieldingYams,12852926
2026-07-09T00:09:08.890336,2026-07-09T00:09:08.901371+00:00,134.8,200,bid,WavyWalnuts,YieldingYams,12852946
2026-07-09T00:09:10.117834,2026-07-09T00:09:10.129399+00:00,134.7,200,ask,YieldingYams,WavyWalnuts,12852967
2026-07-09T00:09:11.341588,2026-07-09T00:09:11.345571+00:00,134.7,11,bid,Xuanyu Liu,WavyWalnuts,12852978
2026-07-09T00:09:12.686542,2026-07-09T00:09:12.696045+00:00,134.6,20,bid,BrilliantBurritos,WavyWalnuts,12853000
2026-07-09T00:09:14.965246,2026-07-09T00:09:14.974411+00:00,134.4,200,ask,YieldingYams,WavyWalnuts,12853031
2026-07-09T00:09:16.539708,2026-07-09T00:09:16.548683+00:00,134.2,20,ask,YieldingYams,BrilliantBurritos,12853049
2026-07-09T00:09:17.397612,2026-07-09T00:09:17.404564+00:00,134.3,200,ask,YieldingYams,WavyWalnuts,12853060
2026-07-09T00:09:18.290695,2026-07-09T00:09:18.295966+00:00,134.3,12,bid,Xuanyu Liu,YieldingYams,12853075
2026-07-09T00:09:18.608264,2026-07-09T00:09:18.619983+00:00,134.3,20,bid,BrilliantBurritos,YieldingYams,12853080
2026-07-09T00:09:19.816183,2026-07-09T00:09:19.826114+00:00,134.3,200,bid,WavyWalnuts,YieldingYams,12853100
2026-07-09T00:09:20.393949,2026-07-09T00:09:20.413530+00:00,134.2,12,ask,AverageAlmonds,Xuanyu Liu,12853111
2026-07-09T00:09:22.198859,2026-07-09T00:09:22.208003+00:00,134.3,200,bid,YieldingYams,WavyWalnuts,12853127
2026-07-09T00:09:22.214124,2026-07-09T00:09:22.218053+00:00,134.3,11,ask,YieldingYams,Xuanyu Liu,12853129
2026-07-09T00:09:23.512333,2026-07-09T00:09:23.521127+00:00,134.2,500,ask,AverageAlmonds,YieldingYams,12853147
2026-07-09T00:09:23.976331,2026-07-09T00:09:23.985609+00:00,134.2,125,bid,AverageAlmonds,YieldingYams,12853155
2026-07-09T00:09:24.819545,2026-07-09T00:09:24.828495+00:00,134.4,200,bid,YieldingYams,WavyWalnuts,12853171
2026-07-09T00:09:25.865916,2026-07-09T00:09:25.874112+00:00,134.4,200,ask,YieldingYams,WavyWalnuts,12853188
2026-07-09T00:09:26.140047,2026-07-09T00:09:26.147850+00:00,134.3,500,ask,AverageAlmonds,YieldingYams,12853194
2026-07-09T00:09:26.420681,2026-07-09T00:09:26.429688+00:00,134.3,125,bid,AverageAlmonds,YieldingYams,12853198
2026-07-09T00:09:27.449313,2026-07-09T00:09:27.457527+00:00,134.4,500,ask,AverageAlmonds,YieldingYams,12853207
2026-07-09T00:09:27.626138,2026-07-09T00:09:27.634506+00:00,134.4,125,bid,AverageAlmonds,YieldingYams,12853209
2026-07-09T00:09:30.068114,2026-07-09T00:09:30.074830+00:00,134.5,200,bid,YieldingYams,WavyWalnuts,12853254
2026-07-09T00:09:30.086056,2026-07-09T00:09:30.089975+00:00,134.5,11,ask,YieldingYams,Xuanyu Liu,12853256
2026-07-09T00:09:33.691198,2026-07-09T00:09:33.703025+00:00,134.5,200,bid,AverageAlmonds,WavyWalnuts,12853316
2026-07-09T00:09:33.999238,2026-07-09T00:09:34.008086+00:00,134.5,300,ask,AverageAlmonds,YieldingYams,12853325
2026-07-09T00:09:34.287057,2026-07-09T00:09:34.295075+00:00,134.5,325,bid,AverageAlmonds,YieldingYams,12853329
2026-07-09T00:09:35.305768,2026-07-09T00:09:35.326585+00:00,134.6,200,bid,YieldingYams,WavyWalnuts,12853353
2026-07-09T00:09:35.322872,2026-07-09T00:09:35.326585+00:00,134.7,23,ask,YieldingYams,Xuanyu Liu,12853355
2026-07-09T00:09:35.539591,2026-07-09T00:09:35.549395+00:00,134.7,200,ask,YieldingYams,WavyWalnuts,12853357
2026-07-09T00:09:39.323638,2026-07-09T00:09:39.327159+00:00,134.5,23,ask,WavyWalnuts,Xuanyu Liu,12853408
2026-07-09T00:09:40.798057,2026-07-09T00:09:40.810315+00:00,134.5,20,ask,WavyWalnuts,BrilliantBurritos,12853439
2026-07-09T00:09:44.523704,2026-07-09T00:09:44.533348+00:00,134.6,200,ask,WavyWalnuts,YieldingYams,12853508
2026-07-09T00:09:45.263045,2026-07-09T00:09:45.272046+00:00,134.6,200,bid,WavyWalnuts,YieldingYams,12853521
2026-07-09T00:09:46.487190,2026-07-09T00:09:46.496361+00:00,134.7,200,ask,YieldingYams,WavyWalnuts,12853532
2026-07-09T00:09:47.699573,2026-07-09T00:09:47.708335+00:00,134.6,200,ask,YieldingYams,WavyWalnuts,12853553
2026-07-09T00:09:47.924174,2026-07-09T00:09:47.936126+00:00,134.8,20,bid,BrilliantBurritos,YieldingYams,12853556
2026-07-09T00:09:48.911175,2026-07-09T00:09:48.923179+00:00,134.8,200,ask,YieldingYams,WavyWalnuts,12853567
2026-07-09T00:09:53.753262,2026-07-09T00:09:53.763761+00:00,134.5,200,ask,AverageAlmonds,WavyWalnuts,12853619
2026-07-09T00:09:57.387848,2026-07-09T00:09:57.395408+00:00,134.6,200,ask,YieldingYams,WavyWalnuts,12853676
2026-07-09T00:09:57.628325,2026-07-09T00:09:57.638890+00:00,134.6,500,ask,AverageAlmonds,YieldingYams,12853678
2026-07-09T00:09:57.902882,2026-07-09T00:09:57.917730+00:00,134.6,125,bid,AverageAlmonds,YieldingYams,12853682
2026-07-09T00:09:57.949178,2026-07-09T00:09:57.958646+00:00,134.6,20,ask,AverageAlmonds,BrilliantBurritos,12853683
2026-07-09T00:10:00.143089,2026-07-09T00:10:00.163679+00:00,134.7,20,bid,BrilliantBurritos,WavyWalnuts,12853718
2026-07-09T00:10:01.012966,2026-07-09T00:10:01.023412+00:00,134.6,200,ask,AverageAlmonds,WavyWalnuts,12853728
2026-07-09T00:10:01.513200,2026-07-09T00:10:01.517969+00:00,134.6,6,ask,AverageAlmonds,Xuanyu Liu,12853739
2026-07-09T00:10:03.449458,2026-07-09T00:10:03.453489+00:00,134.7,11,ask,WavyWalnuts,Xuanyu Liu,12853771
2026-07-09T00:10:04.651057,2026-07-09T00:10:04.654792+00:00,134.8,11,bid,Xuanyu Liu,YieldingYams,12853790
2026-07-09T00:10:05.539752,2026-07-09T00:10:05.550682+00:00,134.7,200,ask,WavyWalnuts,YieldingYams,12853804
2026-07-09T00:10:05.557262,2026-07-09T00:10:05.561190+00:00,134.7,3,bid,Xuanyu Liu,YieldingYams,12853806
2026-07-09T00:10:09.477679,2026-07-09T00:10:09.488895+00:00,134.8,200,bid,WavyWalnuts,YieldingYams,12853856
2026-07-09T00:10:11.909274,2026-07-09T00:10:11.918782+00:00,134.8,200,bid,WavyWalnuts,YieldingYams,12853893
2026-07-09T00:10:15.704943,2026-07-09T00:10:15.714154+00:00,134.9,20,bid,BrilliantBurritos,WavyWalnuts,12853946
2026-07-09T00:10:16.759974,2026-07-09T00:10:16.773475+00:00,134.8,200,ask,YieldingYams,WavyWalnuts,12853966
2026-07-09T00:10:23.893747,2026-07-09T00:10:23.902523+00:00,134.7,200,bid,YieldingYams,WavyWalnuts,12854073
2026-07-09T00:10:25.231073,2026-07-09T00:10:25.238117+00:00,134.7,200,bid,WavyWalnuts,YieldingYams,12854088
2026-07-09T00:10:26.444686,2026-07-09T00:10:26.453513+00:00,134.7,200,bid,WavyWalnuts,YieldingYams,12854110
2026-07-09T00:10:27.151662,2026-07-09T00:10:27.158576+00:00,134.6,20,ask,YieldingYams,BrilliantBurritos,12854123
2026-07-09T00:10:27.826066,2026-07-09T00:10:27.837232+00:00,134.7,200,bid,YieldingYams,WavyWalnuts,12854130
2026-07-09T00:10:28.886901,2026-07-09T00:10:28.895201+00:00,134.7,200,ask,YieldingYams,WavyWalnuts,12854151
2026-07-09T00:10:30.464285,2026-07-09T00:10:30.468729+00:00,134.5,14,bid,Xuanyu Liu,YieldingYams,12854183
2026-07-09T00:10:31.307064,2026-07-09T00:10:31.316978+00:00,134.5,200,bid,WavyWalnuts,YieldingYams,12854192
2026-07-09T00:10:31.775631,2026-07-09T00:10:31.779460+00:00,134.5,11,ask,YieldingYams,Xuanyu Liu,12854198
2026-07-09T00:10:36.967067,2026-07-09T00:10:36.978280+00:00,134.6,20,ask,YieldingYams,BrilliantBurritos,12854281
2026-07-09T00:10:38.307686,2026-07-09T00:10:38.319015+00:00,134.7,200,bid,YieldingYams,WavyWalnuts,12854293
2026-07-09T00:10:42.123582,2026-07-09T00:10:42.133313+00:00,134.7,20,ask,YieldingYams,BrilliantBurritos,12854353
2026-07-09T00:10:42.239412,2026-07-09T00:10:42.247070+00:00,134.8,200,bid,YieldingYams,WavyWalnuts,12854355
2026-07-09T00:10:48.517744,2026-07-09T00:10:48.529894+00:00,134.7,20,bid,BrilliantBurritos,WavyWalnuts,12854442
2026-07-09T00:10:48.789439,2026-07-09T00:10:48.796267+00:00,134.7,180,bid,YieldingYams,WavyWalnuts,12854444
2026-07-09T00:10:49.005531,2026-07-09T00:10:49.010549+00:00,134.7,6,ask,YieldingYams,Xuanyu Liu,12854452
2026-07-09T00:10:50.101959,2026-07-09T00:10:50.112330+00:00,134.7,500,ask,AverageAlmonds,YieldingYams,12854469
2026-07-09T00:10:50.587242,2026-07-09T00:10:50.595698+00:00,134.7,125,bid,AverageAlmonds,YieldingYams,12854473
2026-07-09T00:10:50.655928,2026-07-09T00:10:50.668834+00:00,134.7,200,ask,AverageAlmonds,WavyWalnuts,12854475
2026-07-09T00:10:51.220753,2026-07-09T00:10:51.224440+00:00,134.8,11,ask,AverageAlmonds,Xuanyu Liu,12854491
2026-07-09T00:10:51.864034,2026-07-09T00:10:51.871466+00:00,134.8,200,ask,YieldingYams,WavyWalnuts,12854503
2026-07-09T00:10:52.737325,2026-07-09T00:10:52.741120+00:00,134.9,13,bid,Xuanyu Liu,YieldingYams,12854520
2026-07-09T00:10:53.074603,2026-07-09T00:10:53.085289+00:00,134.7,200,ask,AverageAlmonds,WavyWalnuts,12854525
2026-07-09T00:10:54.298791,2026-07-09T00:10:54.310269+00:00,134.9,200,ask,YieldingYams,WavyWalnuts,12854540
2026-07-09T00:10:55.506939,2026-07-09T00:10:55.515853+00:00,134.8,200,ask,YieldingYams,WavyWalnuts,12854553
2026-07-09T00:10:57.376951,2026-07-09T00:10:57.388966+00:00,134.6,20,ask,YieldingYams,BrilliantBurritos,12854574
2026-07-09T00:10:57.854043,2026-07-09T00:10:57.865816+00:00,134.7,200,bid,AverageAlmonds,WavyWalnuts,12854585
2026-07-09T00:10:57.984727,2026-07-09T00:10:57.995506+00:00,134.7,300,ask,AverageAlmonds,YieldingYams,12854588
2026-07-09T00:10:58.450318,2026-07-09T00:10:58.458544+00:00,134.7,325,bid,AverageAlmonds,YieldingYams,12854591
2026-07-09T00:10:59.291440,2026-07-09T00:10:59.300364+00:00,135.0,200,bid,YieldingYams,WavyWalnuts,12854607
2026-07-09T00:10:59.301663,2026-07-09T00:10:59.305551+00:00,135.0,2,ask,YieldingYams,Xuanyu Liu,12854608
2026-07-09T00:11:00.336680,2026-07-09T00:11:00.347817+00:00,135.0,200,ask,YieldingYams,WavyWalnuts,12854622
2026-07-09T00:11:03.964144,2026-07-09T00:11:03.975523+00:00,134.9,200,ask,YieldingYams,WavyWalnuts,12854679
2026-07-09T00:11:05.800929,2026-07-09T00:11:05.808210+00:00,134.8,20,ask,YieldingYams,BrilliantBurritos,12854704
2026-07-09T00:11:07.162357,2026-07-09T00:11:07.173491+00:00,134.8,200,bid,YieldingYams,WavyWalnuts,12854734
2026-07-09T00:11:07.587960,2026-07-09T00:11:07.595211+00:00,134.8,200,ask,YieldingYams,WavyWalnuts,12854740
2026-07-09T00:11:14.563411,2026-07-09T00:11:14.575174+00:00,134.6,20,ask,WavyWalnuts,BrilliantBurritos,12854846
2026-07-09T00:11:16.347752,2026-07-09T00:11:16.351392+00:00,134.7,6,ask,YieldingYams,Xuanyu Liu,12854870
2026-07-09T00:11:17.259451,2026-07-09T00:11:17.266354+00:00,134.7,200,ask,YieldingYams,WavyWalnuts,12854884
2026-07-09T00:11:17.481818,2026-07-09T00:11:17.485885+00:00,134.9,6,bid,Xuanyu Liu,YieldingYams,12854889
2026-07-09T00:11:20.888327,2026-07-09T00:11:20.892288+00:00,134.7,11,ask,AverageAlmonds,Xuanyu Liu,12854938
2026-07-09T00:11:21.468416,2026-07-09T00:11:21.479505+00:00,134.8,500,bid,AverageAlmonds,YieldingYams,12854950
2026-07-09T00:11:21.604102,2026-07-09T00:11:21.629067+00:00,134.9,200,bid,YieldingYams,WavyWalnuts,12854954
2026-07-09T00:11:21.625317,2026-07-09T00:11:21.629067+00:00,135.0,35,ask,YieldingYams,Xuanyu Liu,12854958
2026-07-09T00:11:22.106140,2026-07-09T00:11:22.113236+00:00,135.0,200,ask,YieldingYams,WavyWalnuts,12854967
2026-07-09T00:11:23.067168,2026-07-09T00:11:23.079159+00:00,135.0,20,bid,BrilliantBurritos,YieldingYams,12854975
2026-07-09T00:11:23.311520,2026-07-09T00:11:23.321027+00:00,135.0,200,bid,WavyWalnuts,YieldingYams,12854979
2026-07-09T00:11:23.749789,2026-07-09T00:11:23.753920+00:00,135.0,46,bid,Xuanyu Liu,YieldingYams,12854989
2026-07-09T00:11:26.050899,2026-07-09T00:11:26.058590+00:00,134.9,20,ask,WavyWalnuts,BrilliantBurritos,12855021
2026-07-09T00:11:26.764850,2026-07-09T00:11:26.772061+00:00,134.9,20,ask,WavyWalnuts,BrilliantBurritos,12855034
2026-07-09T00:11:26.852759,2026-07-09T00:11:26.856071+00:00,134.9,160,ask,WavyWalnuts,YieldingYams,12855037
2026-07-09T00:11:28.828617,2026-07-09T00:11:28.840268+00:00,135.1,20,bid,BrilliantBurritos,YieldingYams,12855062
2026-07-09T00:11:29.374378,2026-07-09T00:11:29.384726+00:00,134.9,200,ask,YieldingYams,WavyWalnuts,12855080
2026-07-09T00:11:33.002571,2026-07-09T00:11:33.013440+00:00,135.1,200,bid,WavyWalnuts,YieldingYams,12855140
2026-07-09T00:11:33.295949,2026-07-09T00:11:33.300497+00:00,134.9,11,ask,YieldingYams,Xuanyu Liu,12855145
2026-07-09T00:11:34.237160,2026-07-09T00:11:34.241115+00:00,135.0,12,ask,WavyWalnuts,Xuanyu Liu,12855157
2026-07-09T00:11:35.391957,2026-07-09T00:11:35.401344+00:00,135.2,200,bid,AverageAlmonds,WavyWalnuts,12855167
2026-07-09T00:11:35.391957,2026-07-09T00:11:35.401344+00:00,135.2,300,bid,AverageAlmonds,YieldingYams,12855168
2026-07-09T00:11:35.451018,2026-07-09T00:11:35.455441+00:00,135.1,11,ask,WavyWalnuts,Xuanyu Liu,12855170
2026-07-09T00:11:35.986498,2026-07-09T00:11:35.998381+00:00,135.2,325,bid,AverageAlmonds,YieldingYams,12855193
2026-07-09T00:11:36.021842,2026-07-09T00:11:36.025655+00:00,135.2,12,ask,AverageAlmonds,Xuanyu Liu,12855196
2026-07-09T00:11:36.025912,2026-07-09T00:11:36.030671+00:00,135.3,200,bid,YieldingYams,WavyWalnuts,12855197
2026-07-09T00:11:36.036756,2026-07-09T00:11:36.040896+00:00,135.3,11,ask,YieldingYams,Xuanyu Liu,12855199
2026-07-09T00:11:36.465369,2026-07-09T00:11:36.469446+00:00,135.5,11,bid,Xuanyu Liu,YieldingYams,12855206
2026-07-09T00:11:37.339940,2026-07-09T00:11:37.349205+00:00,135.4,200,bid,YieldingYams,WavyWalnuts,12855226
2026-07-09T00:11:37.853432,2026-07-09T00:11:37.856730+00:00,135.4,200,ask,YieldingYams,WavyWalnuts,12855236
2026-07-09T00:11:38.652818,2026-07-09T00:11:38.660282+00:00,135.4,500,ask,AverageAlmonds,YieldingYams,12855250
2026-07-09T00:11:38.672724,2026-07-09T00:11:38.676577+00:00,135.4,12,bid,Xuanyu Liu,YieldingYams,12855253
2026-07-09T00:11:39.025402,2026-07-09T00:11:39.036329+00:00,135.4,113,bid,AverageAlmonds,YieldingYams,12855259
2026-07-09T00:11:39.061610,2026-07-09T00:11:39.069459+00:00,135.5,200,ask,AverageAlmonds,WavyWalnuts,12855260
2026-07-09T00:11:40.268655,2026-07-09T00:11:40.279346+00:00,135.7,200,ask,YieldingYams,WavyWalnuts,12855285
2026-07-09T00:11:40.361902,2026-07-09T00:11:40.370859+00:00,135.7,20,ask,YieldingYams,BrilliantBurritos,12855289
2026-07-09T00:11:45.117260,2026-07-09T00:11:45.125956+00:00,135.6,200,ask,AverageAlmonds,WavyWalnuts,12855353
2026-07-09T00:11:46.327439,2026-07-09T00:11:46.336402+00:00,135.7,200,ask,AverageAlmonds,WavyWalnuts,12855366
2026-07-09T00:11:47.535620,2026-07-09T00:11:47.543601+00:00,135.7,200,ask,YieldingYams,WavyWalnuts,12855391
2026-07-09T00:11:49.035941,2026-07-09T00:11:49.048338+00:00,135.7,20,ask,YieldingYams,BrilliantBurritos,12855415
2026-07-09T00:11:49.075227,2026-07-09T00:11:49.079692+00:00,135.8,11,bid,Xuanyu Liu,WavyWalnuts,12855417
2026-07-09T00:11:51.184025,2026-07-09T00:11:51.194796+00:00,135.7,200,ask,YieldingYams,WavyWalnuts,12855452
2026-07-09T00:11:52.411963,2026-07-09T00:11:52.416788+00:00,135.8,12,bid,Xuanyu Liu,WavyWalnuts,12855466
2026-07-09T00:11:53.085383,2026-07-09T00:11:53.094668+00:00,135.8,188,bid,YieldingYams,WavyWalnuts,12855481
2026-07-09T00:11:53.702713,2026-07-09T00:11:53.706682+00:00,136.0,11,bid,Xuanyu Liu,WavyWalnuts,12855489
2026-07-09T00:11:58.566468,2026-07-09T00:11:58.570268+00:00,136.1,3,bid,Xuanyu Liu,YieldingYams,12855565
2026-07-09T00:12:00.238477,2026-07-09T00:12:00.251463+00:00,136.1,20,bid,BrilliantBurritos,YieldingYams,12855590
2026-07-09T00:12:03.283417,2026-07-09T00:12:03.292234+00:00,136.2,200,ask,YieldingYams,WavyWalnuts,12855637
2026-07-09T00:12:04.884775,2026-07-09T00:12:04.905907+00:00,136.1,200,ask,WavyWalnuts,YieldingYams,12855662
2026-07-09T00:12:04.901616,2026-07-09T00:12:04.905907+00:00,136.1,3,bid,Xuanyu Liu,YieldingYams,12855664
2026-07-09T00:12:05.697689,2026-07-09T00:12:05.708504+00:00,136.1,200,bid,WavyWalnuts,YieldingYams,12855673
2026-07-09T00:12:07.511580,2026-07-09T00:12:07.523202+00:00,136.1,200,bid,YieldingYams,WavyWalnuts,12855700
2026-07-09T00:12:10.131655,2026-07-09T00:12:10.143283+00:00,136.2,200,ask,WavyWalnuts,YieldingYams,12855747
2026-07-09T00:12:11.282820,2026-07-09T00:12:11.286709+00:00,136.1,3,ask,WavyWalnuts,Xuanyu Liu,12855764
2026-07-09T00:12:11.762675,2026-07-09T00:12:11.767543+00:00,136.2,200,bid,WavyWalnuts,YieldingYams,12855771
2026-07-09T00:12:14.062701,2026-07-09T00:12:14.074276+00:00,136.1,200,ask,WavyWalnuts,YieldingYams,12855803
2026-07-09T00:12:14.198138,2026-07-09T00:12:14.210571+00:00,136.1,200,bid,WavyWalnuts,YieldingYams,12855806
2026-07-09T00:12:15.904274,2026-07-09T00:12:15.911357+00:00,136.2,10,bid,Kaleb Liu,YieldingYams,12855839
2026-07-09T00:12:16.650676,2026-07-09T00:12:16.664075+00:00,136.2,200,bid,WavyWalnuts,YieldingYams,12855849
2026-07-09T00:12:17.256735,2026-07-09T00:12:17.258552+00:00,136.3,20,bid,BrilliantBurritos,YieldingYams,12855860
2026-07-09T00:12:19.092286,2026-07-09T00:12:19.096217+00:00,136.3,3,ask,WavyWalnuts,Xuanyu Liu,12855906
2026-07-09T00:12:21.933406,2026-07-09T00:12:21.944666+00:00,136.4,200,ask,WavyWalnuts,YieldingYams,12855952
2026-07-09T00:12:21.933406,2026-07-09T00:12:21.944666+00:00,136.3,8,ask,Lachy Miller,YieldingYams,12855953
2026-07-09T00:12:23.171404,2026-07-09T00:12:23.179435+00:00,136.3,20,bid,BrilliantBurritos,YieldingYams,12855974
2026-07-09T00:12:23.956830,2026-07-09T00:12:23.961554+00:00,136.3,11,ask,YieldingYams,Xuanyu Liu,12855981
2026-07-09T00:12:25.895545,2026-07-09T00:12:25.902960+00:00,136.6,200,bid,YieldingYams,WavyWalnuts,12856026
2026-07-09T00:12:25.895545,2026-07-09T00:12:25.908178+00:00,136.6,8,bid,YieldingYams,Lachy Miller,12856027
2026-07-09T00:12:27.233214,2026-07-09T00:12:27.238626+00:00,136.6,11,bid,Xuanyu Liu,YieldingYams,12856049
2026-07-09T00:12:27.384289,2026-07-09T00:12:27.396185+00:00,136.6,20,bid,BrilliantBurritos,YieldingYams,12856051
2026-07-09T00:12:28.544960,2026-07-09T00:12:28.548824+00:00,136.5,3,bid,Xuanyu Liu,YieldingYams,12856062
2026-07-09T00:12:30.977438,2026-07-09T00:12:30.989368+00:00,136.4,20,ask,YieldingYams,BrilliantBurritos,12856096
2026-07-09T00:12:32.692760,2026-07-09T00:12:32.704457+00:00,136.6,20,bid,BrilliantBurritos,WavyWalnuts,12856117
2026-07-09T00:12:36.042685,2026-07-09T00:12:36.051982+00:00,136.4,200,ask,YieldingYams,WavyWalnuts,12856150
2026-07-09T00:12:37.250347,2026-07-09T00:12:37.259424+00:00,136.4,200,bid,WavyWalnuts,YieldingYams,12856162
2026-07-09T00:12:37.399257,2026-07-09T00:12:37.411347+00:00,136.4,20,bid,BrilliantBurritos,YieldingYams,12856168
2026-07-09T00:12:38.461551,2026-07-09T00:12:38.469724+00:00,136.4,200,ask,YieldingYams,WavyWalnuts,12856186
2026-07-09T00:12:42.939850,2026-07-09T00:12:42.950574+00:00,136.3,200,ask,WavyWalnuts,YieldingYams,12856243
2026-07-09T00:12:42.956701,2026-07-09T00:12:42.960518+00:00,136.3,3,bid,Xuanyu Liu,YieldingYams,12856246
2026-07-09T00:12:44.137794,2026-07-09T00:12:44.141982+00:00,136.3,8,bid,YieldingYams,Lachy Miller,12856262
2026-07-09T00:12:44.248375,2026-07-09T00:12:44.259154+00:00,136.3,200,bid,YieldingYams,WavyWalnuts,12856263
2026-07-09T00:12:44.248375,2026-07-09T00:12:44.259154+00:00,136.3,8,bid,Xuanyu Liu,YieldingYams,12856264
2026-07-09T00:12:44.502363,2026-07-09T00:12:44.510612+00:00,136.3,200,ask,YieldingYams,WavyWalnuts,12856268
2026-07-09T00:12:46.872576,2026-07-09T00:12:46.883929+00:00,136.3,200,ask,WavyWalnuts,YieldingYams,12856298
2026-07-09T00:12:46.872576,2026-07-09T00:12:46.883929+00:00,136.3,8,ask,Lachy Miller,YieldingYams,12856299
2026-07-09T00:12:48.967054,2026-07-09T00:12:48.976309+00:00,136.2,20,ask,YieldingYams,BrilliantBurritos,12856322
2026-07-09T00:12:50.702717,2026-07-09T00:12:50.706908+00:00,136.4,3,bid,Xuanyu Liu,AverageAlmonds,12856359
2026-07-09T00:12:51.174838,2026-07-09T00:12:51.178655+00:00,136.3,12,bid,Xuanyu Liu,AverageAlmonds,12856366
2026-07-09T00:12:51.890014,2026-07-09T00:12:51.902035+00:00,136.2,20,ask,YieldingYams,BrilliantBurritos,12856380
2026-07-09T00:12:52.407674,2026-07-09T00:12:52.411774+00:00,136.3,8,bid,Xuanyu Liu,YieldingYams,12856385
2026-07-09T00:12:53.002178,2026-07-09T00:12:53.011225+00:00,136.1,20,ask,YieldingYams,BrilliantBurritos,12856395
2026-07-09T00:12:54.264637,2026-07-09T00:12:54.276591+00:00,136.2,20,bid,BrilliantBurritos,WavyWalnuts,12856417
2026-07-09T00:13:00.009220,2026-07-09T00:13:00.013541+00:00,135.8,8,ask,YieldingYams,Xuanyu Liu,12856516
2026-07-09T00:13:00.252415,2026-07-09T00:13:00.256744+00:00,135.8,12,ask,YieldingYams,Xuanyu Liu,12856519
2026-07-09T00:13:02.696698,2026-07-09T00:13:02.700640+00:00,135.9,11,ask,WavyWalnuts,Xuanyu Liu,12856559
2026-07-09T00:13:02.834191,2026-07-09T00:13:02.840893+00:00,136.0,20,bid,BrilliantBurritos,YieldingYams,12856561
2026-07-09T00:13:05.186293,2026-07-09T00:13:05.198025+00:00,135.9,20,ask,WavyWalnuts,BrilliantBurritos,12856611
2026-07-09T00:13:06.339402,2026-07-09T00:13:06.343732+00:00,136.0,3,ask,WavyWalnuts,Xuanyu Liu,12856630
2026-07-09T00:13:07.527453,2026-07-09T00:13:07.535170+00:00,136.1,200,bid,WavyWalnuts,YieldingYams,12856644
2026-07-09T00:13:08.737757,2026-07-09T00:13:08.745959+00:00,136.1,200,bid,WavyWalnuts,AverageAlmonds,12856657
2026-07-09T00:13:14.552844,2026-07-09T00:13:14.556883+00:00,136.2,3,bid,Xuanyu Liu,WavyWalnuts,12856775
2026-07-09T00:13:15.921735,2026-07-09T00:13:15.933799+00:00,136.1,20,ask,WavyWalnuts,BrilliantBurritos,12856791
2026-07-09T00:13:15.994772,2026-07-09T00:13:16.001569+00:00,136.1,180,ask,WavyWalnuts,AverageAlmonds,12856793
2026-07-09T00:13:15.994772,2026-07-09T00:13:16.006803+00:00,136.1,320,ask,YieldingYams,AverageAlmonds,12856794
2026-07-09T00:13:16.587832,2026-07-09T00:13:16.599474+00:00,136.1,305,ask,YieldingYams,AverageAlmonds,12856807
2026-07-09T00:13:16.587832,2026-07-09T00:13:16.599474+00:00,136.1,195,ask,WavyWalnuts,AverageAlmonds,12856808
2026-07-09T00:13:17.031673,2026-07-09T00:13:17.056456+00:00,136.1,5,ask,WavyWalnuts,YieldingYams,12856817
2026-07-09T00:13:17.052632,2026-07-09T00:13:17.056456+00:00,136.1,11,bid,Xuanyu Liu,YieldingYams,12856819
2026-07-09T00:13:17.231473,2026-07-09T00:13:17.240523+00:00,136.1,200,bid,WavyWalnuts,YieldingYams,12856821
2026-07-09T00:13:18.341790,2026-07-09T00:13:18.349009+00:00,136.1,8,bid,YieldingYams,Lachy Miller,12856834
2026-07-09T00:13:19.609109,2026-07-09T00:13:19.619189+00:00,136.1,500,ask,YieldingYams,AverageAlmonds,12856846
2026-07-09T00:13:19.656424,2026-07-09T00:13:19.658620+00:00,136.1,200,ask,WavyWalnuts,YieldingYams,12856847
2026-07-09T00:13:19.656424,2026-07-09T00:13:19.669905+00:00,136.0,8,ask,Lachy Miller,YieldingYams,12856848
2026-07-09T00:13:20.860655,2026-07-09T00:13:20.869418+00:00,135.9,200,bid,WavyWalnuts,YieldingYams,12856870
2026-07-09T00:13:24.502663,2026-07-09T00:13:24.511339+00:00,135.9,200,bid,WavyWalnuts,YieldingYams,12856910
2026-07-09T00:13:26.883775,2026-07-09T00:13:26.891884+00:00,135.9,200,ask,WavyWalnuts,AverageAlmonds,12856940
2026-07-09T00:13:29.331053,2026-07-09T00:13:29.341481+00:00,135.8,200,ask,WavyWalnuts,AverageAlmonds,12856987
2026-07-09T00:13:29.356930,2026-07-09T00:13:29.368678+00:00,135.7,200,ask,YieldingYams,WavyWalnuts,12856988
2026-07-09T00:13:31.736677,2026-07-09T00:13:31.748431+00:00,135.7,500,ask,YieldingYams,AverageAlmonds,12857013
2026-07-09T00:13:31.774320,2026-07-09T00:13:31.785702+00:00,135.7,125,ask,YieldingYams,WavyWalnuts,12857015
2026-07-09T00:13:33.607658,2026-07-09T00:13:33.611834+00:00,135.6,11,ask,WavyWalnuts,Xuanyu Liu,12857046
2026-07-09T00:13:34.781935,2026-07-09T00:13:34.790761+00:00,135.6,500,ask,YieldingYams,AverageAlmonds,12857058
2026-07-09T00:13:35.379488,2026-07-09T00:13:35.388193+00:00,135.6,125,ask,YieldingYams,AverageAlmonds,12857069
2026-07-09T00:13:35.987655,2026-07-09T00:13:35.997091+00:00,135.5,500,ask,YieldingYams,AverageAlmonds,12857071
2026-07-09T00:13:36.583073,2026-07-09T00:13:36.594046+00:00,135.5,125,ask,YieldingYams,AverageAlmonds,12857085
2026-07-09T00:13:36.583073,2026-07-09T00:13:36.594046+00:00,135.5,200,ask,WavyWalnuts,AverageAlmonds,12857086
2026-07-09T00:13:36.583073,2026-07-09T00:13:36.594046+00:00,135.5,8,ask,Lachy Miller,AverageAlmonds,12857087
2026-07-09T00:13:36.619868,2026-07-09T00:13:36.629798+00:00,135.4,167,bid,WavyWalnuts,AverageAlmonds,12857089
2026-07-09T00:13:37.794699,2026-07-09T00:13:37.805322+00:00,135.4,33,ask,WavyWalnuts,AverageAlmonds,12857108
2026-07-09T00:13:37.831573,2026-07-09T00:13:37.840793+00:00,135.4,200,bid,WavyWalnuts,AverageAlmonds,12857111
2026-07-09T00:13:39.002767,2026-07-09T00:13:39.010566+00:00,135.3,500,ask,YieldingYams,AverageAlmonds,12857122
2026-07-09T00:13:39.631145,2026-07-09T00:13:39.639208+00:00,135.3,200,ask,WavyWalnuts,AverageAlmonds,12857132
2026-07-09T00:13:39.631145,2026-07-09T00:13:39.644205+00:00,135.3,300,ask,YieldingYams,AverageAlmonds,12857133
2026-07-09T00:13:40.232513,2026-07-09T00:13:40.241620+00:00,135.3,325,ask,YieldingYams,AverageAlmonds,12857138
2026-07-09T00:13:40.264464,2026-07-09T00:13:40.276742+00:00,135.0,8,bid,Xuanyu Liu,YieldingYams,12857139
2026-07-09T00:13:40.264464,2026-07-09T00:13:40.276742+00:00,135.3,175,bid,WavyWalnuts,AverageAlmonds,12857140
2026-07-09T00:13:40.648462,2026-07-09T00:13:40.670074+00:00,135.3,17,ask,WavyWalnuts,YieldingYams,12857146
2026-07-09T00:13:40.648462,2026-07-09T00:13:40.670074+00:00,135.2,8,ask,Lachy Miller,YieldingYams,12857147
2026-07-09T00:13:40.665824,2026-07-09T00:13:40.670074+00:00,135.0,8,bid,WavyWalnuts,Lachy Miller,12857149
2026-07-09T00:13:40.676408,2026-07-09T00:13:40.680252+00:00,135.0,15,bid,Xuanyu Liu,YieldingYams,12857151
2026-07-09T00:13:41.474233,2026-07-09T00:13:41.484933+00:00,135.0,200,bid,WavyWalnuts,YieldingYams,12857163
2026-07-09T00:13:41.976986,2026-07-09T00:13:41.981465+00:00,135.0,8,ask,YieldingYams,Xuanyu Liu,12857184
2026-07-09T00:13:41.988205,2026-07-09T00:13:41.992627+00:00,135.0,4,ask,YieldingYams,Xuanyu Liu,12857186
2026-07-09T00:13:42.247918,2026-07-09T00:13:42.251907+00:00,135.0,8,ask,YieldingYams,Xuanyu Liu,12857190
2026-07-09T00:13:43.091358,2026-07-09T00:13:43.095685+00:00,135.0,6,ask,YieldingYams,Xuanyu Liu,12857204
2026-07-09T00:13:45.106429,2026-07-09T00:13:45.113193+00:00,135.1,200,bid,WavyWalnuts,YieldingYams,12857231
2026-07-09T00:13:47.212415,2026-07-09T00:13:47.220179+00:00,135.1,200,bid,YieldingYams,WavyWalnuts,12857251
2026-07-09T00:13:47.212415,2026-07-09T00:13:47.225471+00:00,135.2,425,bid,YieldingYams,AverageAlmonds,12857252
2026-07-09T00:13:47.532913,2026-07-09T00:13:47.540191+00:00,135.1,3,bid,Kaleb Liu,WavyWalnuts,12857260
2026-07-09T00:13:48.548042,2026-07-09T00:13:48.558596+00:00,135.1,10,bid,Kaleb Liu,WavyWalnuts,12857275
2026-07-09T00:13:50.756019,2026-07-09T00:13:50.768646+00:00,135.0,20,ask,WavyWalnuts,BrilliantBurritos,12857316
2026-07-09T00:13:51.173504,2026-07-09T00:13:51.180925+00:00,135.1,200,bid,WavyWalnuts,YieldingYams,12857326
2026-07-09T00:13:51.618501,2026-07-09T00:13:51.630705+00:00,135.1,10,bid,Kaleb Liu,YieldingYams,12857333
2026-07-09T00:13:52.385569,2026-07-09T00:13:52.395123+00:00,135.1,200,bid,WavyWalnuts,YieldingYams,12857347
2026-07-09T00:13:53.647455,2026-07-09T00:13:53.658420+00:00,135.1,10,bid,Kaleb Liu,WavyWalnuts,12857373
2026-07-09T00:13:54.807998,2026-07-09T00:13:54.818296+00:00,135.0,200,ask,YieldingYams,WavyWalnuts,12857386
2026-07-09T00:14:01.709852,2026-07-09T00:14:01.714862+00:00,135.1,3,ask,YieldingYams,Xuanyu Liu,12857492
2026-07-09T00:14:06.949551,2026-07-09T00:14:06.954153+00:00,135.3,3,bid,Xuanyu Liu,YieldingYams,12857586
2026-07-09T00:14:07.866269,2026-07-09T00:14:07.879401+00:00,135.3,10,bid,Kaleb Liu,YieldingYams,12857604
2026-07-09T00:14:08.138409,2026-07-09T00:14:08.145675+00:00,135.3,200,bid,WavyWalnuts,YieldingYams,12857609
2026-07-09T00:14:09.369051,2026-07-09T00:14:09.373717+00:00,135.3,3,ask,WavyWalnuts,Xuanyu Liu,12857636
2026-07-09T00:14:11.572770,2026-07-09T00:14:11.576940+00:00,135.5,3,bid,Xuanyu Liu,WavyWalnuts,12857674
2026-07-09T00:14:11.964005,2026-07-09T00:14:11.974288+00:00,135.5,10,bid,Kaleb Liu,YieldingYams,12857683
2026-07-09T00:14:12.948360,2026-07-09T00:14:12.950541+00:00,135.3,200,ask,WavyWalnuts,AverageAlmonds,12857706
2026-07-09T00:14:13.492506,2026-07-09T00:14:13.499490+00:00,135.3,300,bid,YieldingYams,AverageAlmonds,12857719
2026-07-09T00:14:13.535281,2026-07-09T00:14:13.546863+00:00,135.3,325,ask,YieldingYams,AverageAlmonds,12857720
2026-07-09T00:14:13.996649,2026-07-09T00:14:14.011130+00:00,135.3,10,bid,Kaleb Liu,AverageAlmonds,12857726
2026-07-09T00:14:14.145144,2026-07-09T00:14:14.158590+00:00,135.2,200,ask,WavyWalnuts,AverageAlmonds,12857728
2026-07-09T00:14:14.193706,2026-07-09T00:14:14.202519+00:00,135.2,200,bid,WavyWalnuts,AverageAlmonds,12857729
2026-07-09T00:14:14.359533,2026-07-09T00:14:14.363542+00:00,135.0,3,bid,Xuanyu Liu,Lachy Miller,12857734
2026-07-09T00:14:14.822529,2026-07-09T00:14:14.826389+00:00,134.9,3,ask,YieldingYams,Xuanyu Liu,12857748
2026-07-09T00:14:15.845035,2026-07-09T00:14:15.864130+00:00,135.1,20,bid,BrilliantBurritos,YieldingYams,12857757
2026-07-09T00:14:16.029178,2026-07-09T00:14:16.040846+00:00,135.1,10,bid,Kaleb Liu,YieldingYams,12857761
2026-07-09T00:14:18.056038,2026-07-09T00:14:18.058615+00:00,135.0,10,bid,Kaleb Liu,WavyWalnuts,12857790
2026-07-09T00:14:20.047561,2026-07-09T00:14:20.058794+00:00,135.1,200,bid,YieldingYams,WavyWalnuts,12857814
2026-07-09T00:14:22.660784,2026-07-09T00:14:22.668943+00:00,135.2,200,bid,WavyWalnuts,YieldingYams,12857844
2026-07-09T00:14:23.136591,2026-07-09T00:14:23.147937+00:00,135.2,5,ask,YieldingYams,Lachy Miller,12857850
2026-07-09T00:14:23.979365,2026-07-09T00:14:23.986496+00:00,135.4,200,bid,YieldingYams,WavyWalnuts,12857870
2026-07-09T00:14:26.601642,2026-07-09T00:14:26.615321+00:00,135.3,200,ask,WavyWalnuts,YieldingYams,12857909
2026-07-09T00:14:27.413376,2026-07-09T00:14:27.417215+00:00,135.1,14,ask,YieldingYams,Xuanyu Liu,12857923
2026-07-09T00:14:27.929588,2026-07-09T00:14:27.933814+00:00,135.2,12,ask,YieldingYams,Xuanyu Liu,12857933
2026-07-09T00:14:36.549980,2026-07-09T00:14:36.558560+00:00,135.4,500,bid,AverageAlmonds,YieldingYams,12858062
2026-07-09T00:14:37.103803,2026-07-09T00:14:37.108018+00:00,135.4,11,ask,YieldingYams,Xuanyu Liu,12858066
2026-07-09T00:14:37.908592,2026-07-09T00:14:37.920734+00:00,135.4,20,ask,YieldingYams,BrilliantBurritos,12858078
2026-07-09T00:14:38.449668,2026-07-09T00:14:38.453513+00:00,135.5,12,ask,WavyWalnuts,Xuanyu Liu,12858091
2026-07-09T00:14:42.003073,2026-07-09T00:14:42.014381+00:00,135.5,200,bid,AverageAlmonds,WavyWalnuts,12858133
2026-07-09T00:14:42.003073,2026-07-09T00:14:42.014381+00:00,135.5,300,bid,AverageAlmonds,YieldingYams,12858134
2026-07-09T00:14:44.497988,2026-07-09T00:14:44.506765+00:00,135.6,200,ask,YieldingYams,WavyWalnuts,12858177
2026-07-09T00:14:44.612717,2026-07-09T00:14:44.616843+00:00,135.8,12,bid,Xuanyu Liu,YieldingYams,12858184
2026-07-09T00:14:44.971610,2026-07-09T00:14:44.975866+00:00,135.7,11,bid,Xuanyu Liu,YieldingYams,12858196
2026-07-09T00:14:45.712975,2026-07-09T00:14:45.720311+00:00,135.5,200,ask,YieldingYams,WavyWalnuts,12858201
2026-07-09T00:14:48.132889,2026-07-09T00:14:48.142120+00:00,135.5,200,ask,YieldingYams,WavyWalnuts,12858236
2026-07-09T00:14:50.554307,2026-07-09T00:14:50.558599+00:00,135.5,200,ask,YieldingYams,WavyWalnuts,12858261
2026-07-09T00:14:51.543188,2026-07-09T00:14:51.547728+00:00,135.5,23,bid,Xuanyu Liu,YieldingYams,12858277
2026-07-09T00:14:52.979368,2026-07-09T00:14:52.986640+00:00,135.4,200,ask,YieldingYams,WavyWalnuts,12858299
2026-07-09T00:14:55.414552,2026-07-09T00:14:55.418269+00:00,135.5,11,ask,WavyWalnuts,Xuanyu Liu,12858330
2026-07-09T00:14:55.459718,2026-07-09T00:14:55.469344+00:00,135.5,189,ask,WavyWalnuts,YieldingYams,12858331
2026-07-09T00:14:56.611132,2026-07-09T00:14:56.622266+00:00,135.4,200,bid,WavyWalnuts,YieldingYams,12858350
2026-07-09T00:14:56.793135,2026-07-09T00:14:56.798308+00:00,135.5,12,ask,YieldingYams,Xuanyu Liu,12858356
2026-07-09T00:14:57.131541,2026-07-09T00:14:57.139383+00:00,135.5,500,ask,YieldingYams,AverageAlmonds,12858360
2026-07-09T00:14:57.735197,2026-07-09T00:14:57.742141+00:00,135.5,113,ask,YieldingYams,AverageAlmonds,12858368
2026-07-09T00:14:59.394588,2026-07-09T00:14:59.403801+00:00,135.4,200,ask,WavyWalnuts,YieldingYams,12858392
2026-07-09T00:15:02.245899,2026-07-09T00:15:02.251347+00:00,135.4,34,ask,WavyWalnuts,Xuanyu Liu,12858439
2026-07-09T00:15:03.900058,2026-07-09T00:15:03.910233+00:00,135.5,200,bid,WavyWalnuts,AverageAlmonds,12858459
2026-07-09T00:15:11.225125,2026-07-09T00:15:11.229387+00:00,135.4,11,ask,YieldingYams,Xuanyu Liu,12858572
2026-07-09T00:15:12.389963,2026-07-09T00:15:12.399918+00:00,135.4,200,ask,YieldingYams,WavyWalnuts,12858582
2026-07-09T00:15:15.142429,2026-07-09T00:15:15.164252+00:00,135.5,200,bid,YieldingYams,WavyWalnuts,12858623
2026-07-09T00:15:16.025071,2026-07-09T00:15:16.032135+00:00,135.5,200,ask,YieldingYams,WavyWalnuts,12858640
2026-07-09T00:15:16.476116,2026-07-09T00:15:16.480036+00:00,135.5,22,bid,Xuanyu Liu,YieldingYams,12858647
2026-07-09T00:15:18.455239,2026-07-09T00:15:18.459215+00:00,135.3,23,bid,Xuanyu Liu,WavyWalnuts,12858681
2026-07-09T00:15:19.021534,2026-07-09T00:15:19.033339+00:00,135.3,20,bid,BrilliantBurritos,WavyWalnuts,12858691
2026-07-09T00:15:19.088249,2026-07-09T00:15:19.094987+00:00,135.3,157,bid,YieldingYams,WavyWalnuts,12858692
2026-07-09T00:15:26.899507,2026-07-09T00:15:26.906630+00:00,135.3,200,ask,YieldingYams,WavyWalnuts,12858815
2026-07-09T00:15:28.109092,2026-07-09T00:15:28.119213+00:00,135.3,200,ask,AverageAlmonds,WavyWalnuts,12858830
2026-07-09T00:15:28.270469,2026-07-09T00:15:28.280606+00:00,135.3,300,ask,AverageAlmonds,YieldingYams,12858836
2026-07-09T00:15:28.629126,2026-07-09T00:15:28.636396+00:00,135.2,325,bid,AverageAlmonds,YieldingYams,12858841
2026-07-09T00:15:30.710011,2026-07-09T00:15:30.713971+00:00,135.5,23,bid,Xuanyu Liu,WavyWalnuts,12858873
2026-07-09T00:15:31.740420,2026-07-09T00:15:31.750391+00:00,135.4,200,ask,YieldingYams,WavyWalnuts,12858882
2026-07-09T00:15:38.755676,2026-07-09T00:15:38.758572+00:00,135.4,200,bid,YieldingYams,WavyWalnuts,12858966
2026-07-09T00:15:40.264356,2026-07-09T00:15:40.268036+00:00,135.4,23,ask,YieldingYams,Xuanyu Liu,12858984
2026-07-09T00:15:41.379525,2026-07-09T00:15:41.406200+00:00,135.6,200,bid,YieldingYams,WavyWalnuts,12858996
2026-07-09T00:15:41.401390,2026-07-09T00:15:41.406200+00:00,135.6,23,ask,YieldingYams,Xuanyu Liu,12859000
2026-07-09T00:15:42.700167,2026-07-09T00:15:42.708679+00:00,135.6,200,ask,WavyWalnuts,YieldingYams,12859018
2026-07-09T00:15:43.365402,2026-07-09T00:15:43.369373+00:00,135.5,23,bid,Xuanyu Liu,YieldingYams,12859030
2026-07-09T00:15:43.754518,2026-07-09T00:15:43.768738+00:00,135.5,402,bid,AverageAlmonds,YieldingYams,12859033
2026-07-09T00:15:44.007410,2026-07-09T00:15:44.068826+00:00,135.7,200,bid,YieldingYams,WavyWalnuts,12859046
2026-07-09T00:15:49.910804,2026-07-09T00:15:49.922011+00:00,135.9,200,bid,WavyWalnuts,YieldingYams,12859121
2026-07-09T00:15:51.693031,2026-07-09T00:15:51.700148+00:00,135.9,20,bid,BrilliantBurritos,YieldingYams,12859145
2026-07-09T00:15:52.338727,2026-07-09T00:15:52.342662+00:00,135.8,7,ask,WavyWalnuts,Xuanyu Liu,12859156
2026-07-09T00:15:55.789559,2026-07-09T00:15:55.799192+00:00,135.9,200,bid,YieldingYams,WavyWalnuts,12859209
2026-07-09T00:15:55.953559,2026-07-09T00:15:55.964144+00:00,135.9,200,ask,YieldingYams,WavyWalnuts,12859211
2026-07-09T00:16:01.030812,2026-07-09T00:16:01.039169+00:00,135.9,200,ask,WavyWalnuts,YieldingYams,12859266
2026-07-09T00:16:03.667427,2026-07-09T00:16:03.674381+00:00,135.9,200,bid,YieldingYams,WavyWalnuts,12859303
2026-07-09T00:16:03.686087,2026-07-09T00:16:03.690211+00:00,136.0,4,ask,YieldingYams,Xuanyu Liu,12859305
2026-07-09T00:16:04.432631,2026-07-09T00:16:04.442921+00:00,136.0,200,ask,YieldingYams,WavyWalnuts,12859315
2026-07-09T00:16:04.471240,2026-07-09T00:16:04.483068+00:00,136.1,20,bid,BrilliantBurritos,AverageAlmonds,12859317
2026-07-09T00:16:08.594503,2026-07-09T00:16:08.603259+00:00,135.9,500,ask,YieldingYams,AverageAlmonds,12859369
2026-07-09T00:16:08.915357,2026-07-09T00:16:08.925082+00:00,135.9,200,ask,WavyWalnuts,YieldingYams,12859375
2026-07-09T00:16:09.271705,2026-07-09T00:16:09.281081+00:00,135.8,200,bid,WavyWalnuts,YieldingYams,12859382
2026-07-09T00:16:11.537154,2026-07-09T00:16:11.547014+00:00,135.9,200,ask,WavyWalnuts,YieldingYams,12859423
2026-07-09T00:16:13.395898,2026-07-09T00:16:13.407797+00:00,135.9,20,bid,BrilliantBurritos,YieldingYams,12859445
2026-07-09T00:16:14.194230,2026-07-09T00:16:14.198987+00:00,135.7,11,bid,Xuanyu Liu,YieldingYams,12859455
2026-07-09T00:16:14.368964,2026-07-09T00:16:14.376662+00:00,135.6,20,ask,WavyWalnuts,BrilliantBurritos,12859457
2026-07-09T00:16:15.337079,2026-07-09T00:16:15.345767+00:00,135.7,200,bid,WavyWalnuts,YieldingYams,12859473
2026-07-09T00:16:16.468799,2026-07-09T00:16:16.480231+00:00,135.8,500,ask,YieldingYams,AverageAlmonds,12859491
2026-07-09T00:16:16.802478,2026-07-09T00:16:16.812025+00:00,135.8,200,ask,WavyWalnuts,YieldingYams,12859495
2026-07-09T00:16:17.760568,2026-07-09T00:16:17.769701+00:00,135.8,200,bid,WavyWalnuts,YieldingYams,12859510
2026-07-09T00:16:18.111784,2026-07-09T00:16:18.119635+00:00,135.8,500,bid,YieldingYams,AverageAlmonds,12859521
2026-07-09T00:16:18.300554,2026-07-09T00:16:18.333512+00:00,135.8,125,ask,YieldingYams,AverageAlmonds,12859524
2026-07-09T00:16:18.328824,2026-07-09T00:16:18.333512+00:00,135.8,12,bid,Xuanyu Liu,AverageAlmonds,12859526
2026-07-09T00:16:18.927694,2026-07-09T00:16:18.931608+00:00,135.7,11,bid,Xuanyu Liu,AverageAlmonds,12859535
2026-07-09T00:16:18.971073,2026-07-09T00:16:18.981374+00:00,135.7,200,bid,WavyWalnuts,AverageAlmonds,12859537
2026-07-09T00:16:19.435186,2026-07-09T00:16:19.439277+00:00,135.6,3,bid,Xuanyu Liu,YieldingYams,12859552
2026-07-09T00:16:20.730721,2026-07-09T00:16:20.741212+00:00,135.6,500,bid,YieldingYams,AverageAlmonds,12859569
2026-07-09T00:16:21.309400,2026-07-09T00:16:21.317797+00:00,135.6,125,ask,YieldingYams,AverageAlmonds,12859573
2026-07-09T00:16:21.401575,2026-07-09T00:16:21.411684+00:00,135.6,200,bid,WavyWalnuts,AverageAlmonds,12859579
2026-07-09T00:16:22.610296,2026-07-09T00:16:22.617174+00:00,135.6,200,bid,WavyWalnuts,YieldingYams,12859601
2026-07-09T00:16:24.963404,2026-07-09T00:16:24.974417+00:00,135.5,200,ask,WavyWalnuts,AverageAlmonds,12859636
2026-07-09T00:16:25.934174,2026-07-09T00:16:25.946301+00:00,135.4,20,ask,YieldingYams,BrilliantBurritos,12859654
2026-07-09T00:16:25.973607,2026-07-09T00:16:25.984004+00:00,135.6,200,bid,YieldingYams,WavyWalnuts,12859656
2026-07-09T00:16:25.973607,2026-07-09T00:16:25.984004+00:00,135.6,425,bid,YieldingYams,AverageAlmonds,12859657
2026-07-09T00:16:28.621536,2026-07-09T00:16:28.635299+00:00,135.3,200,ask,WavyWalnuts,YieldingYams,12859702
2026-07-09T00:16:29.879475,2026-07-09T00:16:29.889866+00:00,135.3,200,bid,WavyWalnuts,YieldingYams,12859729
2026-07-09T00:16:31.238752,2026-07-09T00:16:31.249121+00:00,135.4,200,bid,YieldingYams,WavyWalnuts,12859751
2026-07-09T00:16:31.774180,2026-07-09T00:16:31.775444+00:00,135.4,20,ask,YieldingYams,BrilliantBurritos,12859764
2026-07-09T00:16:32.557252,2026-07-09T00:16:32.568987+00:00,135.4,200,ask,WavyWalnuts,YieldingYams,12859781
2026-07-09T00:16:38.348646,2026-07-09T00:16:38.358240+00:00,135.4,200,bid,WavyWalnuts,YieldingYams,12859874
2026-07-09T00:16:45.672367,2026-07-09T00:16:45.683939+00:00,135.6,200,bid,YieldingYams,WavyWalnuts,12859959
2026-07-09T00:16:46.844287,2026-07-09T00:16:46.855384+00:00,135.6,200,ask,YieldingYams,WavyWalnuts,12859972
2026-07-09T00:16:49.608025,2026-07-09T00:16:49.619464+00:00,135.6,200,ask,WavyWalnuts,YieldingYams,12860011
2026-07-09T00:16:50.480195,2026-07-09T00:16:50.487540+00:00,135.6,200,bid,WavyWalnuts,YieldingYams,12860029
2026-07-09T00:16:50.934265,2026-07-09T00:16:50.938809+00:00,135.7,3,ask,YieldingYams,Xuanyu Liu,12860040
2026-07-09T00:16:51.690526,2026-07-09T00:16:51.698732+00:00,135.7,200,ask,YieldingYams,WavyWalnuts,12860049
2026-07-09T00:16:52.215421,2026-07-09T00:16:52.224150+00:00,135.7,422,ask,YieldingYams,AverageAlmonds,12860055
2026-07-09T00:16:53.541390,2026-07-09T00:16:53.549853+00:00,135.6,200,ask,WavyWalnuts,YieldingYams,12860080
2026-07-09T00:16:54.107116,2026-07-09T00:16:54.116463+00:00,135.5,200,bid,WavyWalnuts,YieldingYams,12860091
2026-07-09T00:16:55.768267,2026-07-09T00:16:55.780447+00:00,135.7,20,bid,BrilliantBurritos,YieldingYams,12860106
2026-07-09T00:16:58.795960,2026-07-09T00:16:58.800221+00:00,135.8,3,ask,YieldingYams,Xuanyu Liu,12860161
2026-07-09T00:16:59.103692,2026-07-09T00:16:59.114763+00:00,135.8,20,ask,YieldingYams,BrilliantBurritos,12860164
2026-07-09T00:16:59.321051,2026-07-09T00:16:59.324797+00:00,136.0,6,bid,Xuanyu Liu,YieldingYams,12860169
2026-07-09T00:16:59.718521,2026-07-09T00:16:59.730507+00:00,135.8,20,ask,YieldingYams,BrilliantBurritos,12860177
2026-07-09T00:17:01.376411,2026-07-09T00:17:01.385392+00:00,136.1,200,bid,WavyWalnuts,YieldingYams,12860200
2026-07-09T00:17:02.585633,2026-07-09T00:17:02.596654+00:00,136.0,200,bid,WavyWalnuts,YieldingYams,12860217
2026-07-09T00:17:04.877252,2026-07-09T00:17:04.886815+00:00,136.0,20,bid,BrilliantBurritos,YieldingYams,12860247
2026-07-09T00:17:06.742813,2026-07-09T00:17:06.754835+00:00,136.0,20,bid,BrilliantBurritos,WavyWalnuts,12860268
2026-07-09T00:17:08.010101,2026-07-09T00:17:08.021985+00:00,135.8,200,ask,WavyWalnuts,YieldingYams,12860291
2026-07-09T00:17:08.643991,2026-07-09T00:17:08.652777+00:00,135.8,200,bid,WavyWalnuts,YieldingYams,12860302
2026-07-09T00:17:08.875007,2026-07-09T00:17:08.879465+00:00,135.6,3,ask,YieldingYams,Xuanyu Liu,12860309
2026-07-09T00:17:09.335451,2026-07-09T00:17:09.339275+00:00,135.8,23,ask,YieldingYams,Xuanyu Liu,12860322
2026-07-09T00:17:09.859020,2026-07-09T00:17:09.869337+00:00,135.8,200,ask,YieldingYams,WavyWalnuts,12860327
2026-07-09T00:17:11.082200,2026-07-09T00:17:11.086471+00:00,135.9,11,ask,WavyWalnuts,Xuanyu Liu,12860344
2026-07-09T00:17:13.252031,2026-07-09T00:17:13.254489+00:00,136.0,200,ask,WavyWalnuts,YieldingYams,12860386
2026-07-09T00:17:19.826184,2026-07-09T00:17:19.847091+00:00,135.9,200,bid,YieldingYams,WavyWalnuts,12860483
2026-07-09T00:17:19.843206,2026-07-09T00:17:19.847091+00:00,135.9,12,ask,YieldingYams,Xuanyu Liu,12860485
2026-07-09T00:17:22.454970,2026-07-09T00:17:22.453455+00:00,135.9,500,ask,AverageAlmonds,YieldingYams,12860517
2026-07-09T00:17:22.479625,2026-07-09T00:17:22.490388+00:00,135.9,125,bid,AverageAlmonds,YieldingYams,12860518
2026-07-09T00:17:22.479625,2026-07-09T00:17:22.490388+00:00,136.0,200,bid,AverageAlmonds,WavyWalnuts,12860519
2026-07-09T00:17:26.244332,2026-07-09T00:17:26.249564+00:00,136.1,11,ask,YieldingYams,Xuanyu Liu,12860566
2026-07-09T00:17:26.815700,2026-07-09T00:17:26.819719+00:00,136.2,11,ask,WavyWalnuts,Xuanyu Liu,12860580
2026-07-09T00:17:27.697551,2026-07-09T00:17:27.707399+00:00,136.4,20,bid,BrilliantBurritos,WavyWalnuts,12860589
2026-07-09T00:17:30.527918,2026-07-09T00:17:30.537099+00:00,136.1,20,ask,YieldingYams,BrilliantBurritos,12860622
2026-07-09T00:17:32.855086,2026-07-09T00:17:32.858621+00:00,136.2,200,bid,WavyWalnuts,YieldingYams,12860650
2026-07-09T00:17:36.487007,2026-07-09T00:17:36.505216+00:00,136.3,200,ask,AverageAlmonds,WavyWalnuts,12860712
2026-07-09T00:17:37.693577,2026-07-09T00:17:37.700586+00:00,136.4,200,bid,WavyWalnuts,YieldingYams,12860739
2026-07-09T00:17:38.271847,2026-07-09T00:17:38.279242+00:00,136.4,20,bid,BrilliantBurritos,YieldingYams,12860751
2026-07-09T00:17:38.852630,2026-07-09T00:17:38.859749+00:00,136.4,500,bid,AverageAlmonds,YieldingYams,12860753
2026-07-09T00:17:39.450412,2026-07-09T00:17:39.458581+00:00,136.4,105,bid,AverageAlmonds,YieldingYams,12860768
2026-07-09T00:17:39.450412,2026-07-09T00:17:39.458581+00:00,136.5,200,bid,AverageAlmonds,WavyWalnuts,12860769
2026-07-09T00:17:40.517690,2026-07-09T00:17:40.521516+00:00,136.7,22,bid,Xuanyu Liu,YieldingYams,12860788
2026-07-09T00:17:42.174726,2026-07-09T00:17:42.178702+00:00,136.5,23,bid,Xuanyu Liu,YieldingYams,12860825
2026-07-09T00:17:43.469167,2026-07-09T00:17:43.476602+00:00,136.5,200,bid,YieldingYams,WavyWalnuts,12860846
2026-07-09T00:17:44.354232,2026-07-09T00:17:44.358625+00:00,136.5,20,ask,YieldingYams,BrilliantBurritos,12860863
2026-07-09T00:17:44.784080,2026-07-09T00:17:44.792529+00:00,136.6,200,bid,YieldingYams,WavyWalnuts,12860869
2026-07-09T00:17:45.748480,2026-07-09T00:17:45.759246+00:00,136.8,20,bid,BrilliantBurritos,YieldingYams,12860880
2026-07-09T00:17:47.393970,2026-07-09T00:17:47.401944+00:00,136.7,200,bid,WavyWalnuts,YieldingYams,12860912
2026-07-09T00:17:48.609705,2026-07-09T00:17:48.617149+00:00,136.6,200,ask,YieldingYams,WavyWalnuts,12860924
2026-07-09T00:17:49.051891,2026-07-09T00:17:49.050988+00:00,136.5,20,ask,YieldingYams,BrilliantBurritos,12860937
2026-07-09T00:17:51.052544,2026-07-09T00:17:51.056983+00:00,136.7,12,bid,Xuanyu Liu,WavyWalnuts,12860961
2026-07-09T00:17:51.319305,2026-07-09T00:17:51.331377+00:00,136.7,20,bid,BrilliantBurritos,WavyWalnuts,12860966
2026-07-09T00:17:54.668458,2026-07-09T00:17:54.679586+00:00,136.6,200,ask,YieldingYams,WavyWalnuts,12861006
2026-07-09T00:18:00.564167,2026-07-09T00:18:00.574247+00:00,136.8,200,ask,WavyWalnuts,YieldingYams,12861077
2026-07-09T00:18:00.804086,2026-07-09T00:18:00.813638+00:00,136.8,20,bid,BrilliantBurritos,YieldingYams,12861083
2026-07-09T00:18:06.795481,2026-07-09T00:18:06.804122+00:00,136.8,200,ask,YieldingYams,WavyWalnuts,12861153
2026-07-09T00:18:09.842209,2026-07-09T00:18:09.854487+00:00,136.7,90,ask,WavyWalnuts,Kaleb Liu,12861184
2026-07-09T00:18:10.872970,2026-07-09T00:18:10.884985+00:00,136.7,3,ask,YieldingYams,Kaleb Liu,12861197
2026-07-09T00:18:11.908885,2026-07-09T00:18:11.921015+00:00,136.9,1,ask,WavyWalnuts,Kaleb Liu,12861216
2026-07-09T00:18:12.205383,2026-07-09T00:18:12.224864+00:00,137.0,14,bid,Xuanyu Liu,YieldingYams,12861227
2026-07-09T00:18:12.388647,2026-07-09T00:18:12.396576+00:00,136.9,199,ask,WavyWalnuts,YieldingYams,12861241
2026-07-09T00:18:13.964445,2026-07-09T00:18:13.974095+00:00,136.9,10,bid,Kaleb Liu,WavyWalnuts,12861252
2026-07-09T00:18:14.983108,2026-07-09T00:18:14.994130+00:00,136.9,10,bid,Kaleb Liu,YieldingYams,12861270
2026-07-09T00:18:15.345649,2026-07-09T00:18:15.349931+00:00,136.8,3,ask,WavyWalnuts,Xuanyu Liu,12861277
2026-07-09T00:18:15.989084,2026-07-09T00:18:16.001188+00:00,136.8,24,ask,WavyWalnuts,Kaleb Liu,12861283
2026-07-09T00:18:17.674223,2026-07-09T00:18:17.724567+00:00,137.0,200,bid,YieldingYams,WavyWalnuts,12861316
2026-07-09T00:18:17.720383,2026-07-09T00:18:17.724567+00:00,137.0,23,ask,YieldingYams,Xuanyu Liu,12861322
2026-07-09T00:18:18.048251,2026-07-09T00:18:18.058583+00:00,137.0,21,ask,YieldingYams,Kaleb Liu,12861332
2026-07-09T00:18:19.000025,2026-07-09T00:18:19.010239+00:00,137.0,200,ask,WavyWalnuts,YieldingYams,12861351
2026-07-09T00:18:19.016036,2026-07-09T00:18:19.020054+00:00,137.0,23,bid,Xuanyu Liu,YieldingYams,12861353
2026-07-09T00:18:20.124014,2026-07-09T00:18:20.134812+00:00,137.0,200,bid,WavyWalnuts,YieldingYams,12861366
2026-07-09T00:18:22.545140,2026-07-09T00:18:22.558610+00:00,137.0,200,bid,WavyWalnuts,AverageAlmonds,12861408
2026-07-09T00:18:25.596669,2026-07-09T00:18:25.608318+00:00,136.8,20,ask,WavyWalnuts,BrilliantBurritos,12861468
2026-07-09T00:18:26.203847,2026-07-09T00:18:26.211579+00:00,137.0,10,bid,Kaleb Liu,YieldingYams,12861478
2026-07-09T00:18:28.184581,2026-07-09T00:18:28.194898+00:00,136.9,200,bid,YieldingYams,WavyWalnuts,12861501
2026-07-09T00:18:28.603077,2026-07-09T00:18:28.611322+00:00,136.9,200,ask,YieldingYams,WavyWalnuts,12861507
2026-07-09T00:18:30.807733,2026-07-09T00:18:30.814975+00:00,136.9,200,ask,WavyWalnuts,YieldingYams,12861536
2026-07-09T00:18:31.116131,2026-07-09T00:18:31.120060+00:00,136.8,3,bid,Xuanyu Liu,YieldingYams,12861549
2026-07-09T00:18:32.118410,2026-07-09T00:18:32.129877+00:00,136.8,200,bid,YieldingYams,WavyWalnuts,12861558
2026-07-09T00:18:32.247885,2026-07-09T00:18:32.258877+00:00,136.9,200,ask,YieldingYams,WavyWalnuts,12861561
2026-07-09T00:18:35.357761,2026-07-09T00:18:35.369817+00:00,136.9,10,bid,Kaleb Liu,WavyWalnuts,12861607
2026-07-09T00:18:36.373317,2026-07-09T00:18:36.385107+00:00,136.8,6,bid,Kaleb Liu,WavyWalnuts,12861621
2026-07-09T00:18:37.082195,2026-07-09T00:18:37.089612+00:00,136.7,200,ask,AverageAlmonds,WavyWalnuts,12861629
2026-07-09T00:18:37.396692,2026-07-09T00:18:37.408720+00:00,136.9,10,bid,Kaleb Liu,YieldingYams,12861638
2026-07-09T00:18:38.296124,2026-07-09T00:18:38.305028+00:00,136.8,200,ask,AverageAlmonds,WavyWalnuts,12861650
2026-07-09T00:18:40.027655,2026-07-09T00:18:40.038357+00:00,136.9,200,bid,AverageAlmonds,WavyWalnuts,12861686
2026-07-09T00:18:40.027655,2026-07-09T00:18:40.038357+00:00,136.9,300,bid,AverageAlmonds,YieldingYams,12861687
2026-07-09T00:18:40.595213,2026-07-09T00:18:40.599044+00:00,136.9,14,bid,Xuanyu Liu,YieldingYams,12861697
2026-07-09T00:18:40.622809,2026-07-09T00:18:40.629799+00:00,136.9,311,bid,AverageAlmonds,YieldingYams,12861698
2026-07-09T00:18:40.721937,2026-07-09T00:18:40.730389+00:00,137.0,189,ask,AverageAlmonds,WavyWalnuts,12861704
2026-07-09T00:18:41.223534,2026-07-09T00:18:41.233041+00:00,137.0,11,bid,AverageAlmonds,WavyWalnuts,12861710
2026-07-09T00:18:41.465528,2026-07-09T00:18:41.477515+00:00,137.2,10,bid,Kaleb Liu,YieldingYams,12861717
2026-07-09T00:18:41.481593,2026-07-09T00:18:41.493290+00:00,137.2,10,bid,Kaleb Liu,YieldingYams,12861719
2026-07-09T00:18:42.521918,2026-07-09T00:18:42.533343+00:00,137.2,10,bid,Kaleb Liu,YieldingYams,12861738
2026-07-09T00:18:43.145666,2026-07-09T00:18:43.147495+00:00,137.2,200,bid,WavyWalnuts,YieldingYams,12861746
2026-07-09T00:18:43.543329,2026-07-09T00:18:43.550656+00:00,137.2,10,bid,Kaleb Liu,YieldingYams,12861749
2026-07-09T00:18:43.971684,2026-07-09T00:18:43.976420+00:00,137.2,11,ask,YieldingYams,Xuanyu Liu,12861758
2026-07-09T00:18:44.368309,2026-07-09T00:18:44.379335+00:00,137.2,200,ask,YieldingYams,WavyWalnuts,12861766
2026-07-09T00:18:44.563690,2026-07-09T00:18:44.567562+00:00,137.2,3,ask,YieldingYams,Xuanyu Liu,12861771
2026-07-09T00:18:45.559439,2026-07-09T00:18:45.570431+00:00,137.3,10,bid,Kaleb Liu,YieldingYams,12861782
2026-07-09T00:18:46.574673,2026-07-09T00:18:46.584760+00:00,137.1,60,ask,YieldingYams,Kaleb Liu,12861797
2026-07-09T00:18:46.798002,2026-07-09T00:18:46.814068+00:00,137.1,200,ask,YieldingYams,WavyWalnuts,12861802
2026-07-09T00:18:47.876556,2026-07-09T00:18:47.881011+00:00,137.3,3,bid,Xuanyu Liu,YieldingYams,12861817
2026-07-09T00:18:49.242476,2026-07-09T00:18:49.246466+00:00,137.2,11,bid,Xuanyu Liu,WavyWalnuts,12861844
2026-07-09T00:18:51.825600,2026-07-09T00:18:51.842224+00:00,137.3,200,bid,YieldingYams,WavyWalnuts,12861885
2026-07-09T00:18:52.853105,2026-07-09T00:18:52.857115+00:00,137.4,200,ask,YieldingYams,WavyWalnuts,12861903
2026-07-09T00:18:54.060169,2026-07-09T00:18:54.069261+00:00,137.3,200,ask,YieldingYams,WavyWalnuts,12861927
2026-07-09T00:18:56.431190,2026-07-09T00:18:56.436146+00:00,137.4,12,bid,Xuanyu Liu,WavyWalnuts,12861949
2026-07-09T00:18:57.699800,2026-07-09T00:18:57.707061+00:00,137.5,200,bid,WavyWalnuts,YieldingYams,12861973
2026-07-09T00:18:59.682403,2026-07-09T00:18:59.689935+00:00,137.5,200,ask,WavyWalnuts,YieldingYams,12861999
2026-07-09T00:19:00.994711,2026-07-09T00:19:01.001953+00:00,137.4,200,ask,WavyWalnuts,YieldingYams,12862017
2026-07-09T00:19:01.337486,2026-07-09T00:19:01.347463+00:00,137.4,200,bid,WavyWalnuts,YieldingYams,12862024
2026-07-09T00:19:02.546376,2026-07-09T00:19:02.553877+00:00,137.5,200,bid,WavyWalnuts,YieldingYams,12862036
2026-07-09T00:19:03.088310,2026-07-09T00:19:03.092383+00:00,137.4,12,ask,AverageAlmonds,Xuanyu Liu,12862041
2026-07-09T00:19:07.402251,2026-07-09T00:19:07.410942+00:00,137.5,200,ask,YieldingYams,WavyWalnuts,12862101
2026-07-09T00:19:08.612496,2026-07-09T00:19:08.620418+00:00,137.5,200,ask,YieldingYams,WavyWalnuts,12862114
2026-07-09T00:19:08.740762,2026-07-09T00:19:08.749992+00:00,137.7,20,bid,BrilliantBurritos,YieldingYams,12862117
2026-07-09T00:19:09.724584,2026-07-09T00:19:09.734108+00:00,137.6,20,bid,BrilliantBurritos,YieldingYams,12862135
2026-07-09T00:19:11.476420,2026-07-09T00:19:11.484503+00:00,137.6,200,ask,WavyWalnuts,YieldingYams,12862156
2026-07-09T00:19:12.238055,2026-07-09T00:19:12.249563+00:00,137.6,200,bid,WavyWalnuts,YieldingYams,12862165
2026-07-09T00:19:12.325354,2026-07-09T00:19:12.329341+00:00,137.6,46,bid,Xuanyu Liu,YieldingYams,12862174
2026-07-09T00:19:12.939490,2026-07-09T00:19:12.951808+00:00,137.4,20,ask,YieldingYams,BrilliantBurritos,12862187
2026-07-09T00:19:14.120132,2026-07-09T00:19:14.127061+00:00,137.5,200,ask,WavyWalnuts,YieldingYams,12862206
2026-07-09T00:19:14.141552,2026-07-09T00:19:14.146423+00:00,137.5,4,bid,Xuanyu Liu,YieldingYams,12862208
2026-07-09T00:19:15.870904,2026-07-09T00:19:15.879654+00:00,137.6,200,ask,YieldingYams,WavyWalnuts,12862230
2026-07-09T00:19:16.766311,2026-07-09T00:19:16.770182+00:00,137.8,15,ask,YieldingYams,Xuanyu Liu,12862241
2026-07-09T00:19:16.977163,2026-07-09T00:19:16.987069+00:00,137.8,500,ask,YieldingYams,AverageAlmonds,12862243
2026-07-09T00:19:17.080786,2026-07-09T00:19:17.089980+00:00,137.8,110,ask,YieldingYams,WavyWalnuts,12862247
2026-07-09T00:19:18.063298,2026-07-09T00:19:18.071389+00:00,137.6,200,ask,WavyWalnuts,YieldingYams,12862270
2026-07-09T00:19:18.936545,2026-07-09T00:19:18.946499+00:00,137.6,20,bid,BrilliantBurritos,YieldingYams,12862283
2026-07-09T00:19:20.680259,2026-07-09T00:19:20.711787+00:00,137.6,200,bid,YieldingYams,WavyWalnuts,12862299
2026-07-09T00:19:20.707718,2026-07-09T00:19:20.711787+00:00,137.6,12,ask,YieldingYams,Xuanyu Liu,12862302
2026-07-09T00:19:20.720187,2026-07-09T00:19:20.727465+00:00,137.6,200,ask,YieldingYams,WavyWalnuts,12862303
2026-07-09T00:19:21.930104,2026-07-09T00:19:21.938112+00:00,137.6,200,ask,YieldingYams,WavyWalnuts,12862321
2026-07-09T00:19:22.009777,2026-07-09T00:19:22.013796+00:00,137.5,23,bid,Xuanyu Liu,YieldingYams,12862324
2026-07-09T00:19:24.974608,2026-07-09T00:19:24.979474+00:00,137.3,23,ask,WavyWalnuts,Xuanyu Liu,12862368
2026-07-09T00:19:25.932794,2026-07-09T00:19:25.941146+00:00,137.5,200,bid,YieldingYams,WavyWalnuts,12862378
2026-07-09T00:19:25.947367,2026-07-09T00:19:25.951210+00:00,137.5,23,ask,YieldingYams,Xuanyu Liu,12862381
2026-07-09T00:19:26.656676,2026-07-09T00:19:26.668736+00:00,137.7,20,bid,BrilliantBurritos,YieldingYams,12862391
2026-07-09T00:19:26.773800,2026-07-09T00:19:26.784504+00:00,137.5,200,ask,YieldingYams,WavyWalnuts,12862393
2026-07-09T00:19:27.249765,2026-07-09T00:19:27.258630+00:00,137.5,500,ask,AverageAlmonds,YieldingYams,12862398
2026-07-09T00:19:27.265670,2026-07-09T00:19:27.275330+00:00,137.5,125,bid,AverageAlmonds,YieldingYams,12862399
2026-07-09T00:19:28.570576,2026-07-09T00:19:28.579657+00:00,137.7,200,bid,YieldingYams,WavyWalnuts,12862423
2026-07-09T00:19:29.196598,2026-07-09T00:19:29.205940+00:00,137.7,200,ask,YieldingYams,WavyWalnuts,12862435
2026-07-09T00:19:29.885232,2026-07-09T00:19:29.895077+00:00,137.7,500,ask,AverageAlmonds,YieldingYams,12862445
2026-07-09T00:19:30.280858,2026-07-09T00:19:30.288686+00:00,137.7,125,bid,AverageAlmonds,YieldingYams,12862448
2026-07-09T00:19:30.471521,2026-07-09T00:19:30.483307+00:00,137.8,20,bid,BrilliantBurritos,WavyWalnuts,12862454
2026-07-09T00:19:31.192203,2026-07-09T00:19:31.201479+00:00,137.8,180,bid,YieldingYams,WavyWalnuts,12862467
2026-07-09T00:19:33.925222,2026-07-09T00:19:33.934184+00:00,137.8,500,bid,AverageAlmonds,YieldingYams,12862503
2026-07-09T00:19:34.039102,2026-07-09T00:19:34.047025+00:00,137.8,125,bid,WavyWalnuts,YieldingYams,12862508
2026-07-09T00:19:34.467680,2026-07-09T00:19:34.472184+00:00,138.0,35,bid,Xuanyu Liu,WavyWalnuts,12862516
2026-07-09T00:19:35.173871,2026-07-09T00:19:35.185030+00:00,138.0,165,bid,YieldingYams,WavyWalnuts,12862527
2026-07-09T00:19:35.254975,2026-07-09T00:19:35.262339+00:00,138.0,200,ask,YieldingYams,WavyWalnuts,12862528
2026-07-09T00:19:36.623652,2026-07-09T00:19:36.635902+00:00,137.9,20,ask,WavyWalnuts,BrilliantBurritos,12862543
2026-07-09T00:19:43.051939,2026-07-09T00:19:43.062988+00:00,137.8,200,bid,YieldingYams,WavyWalnuts,12862630
2026-07-09T00:19:43.982961,2026-07-09T00:19:43.986691+00:00,137.8,23,ask,YieldingYams,Xuanyu Liu,12862637
2026-07-09T00:19:45.678568,2026-07-09T00:19:45.686917+00:00,137.9,200,bid,YieldingYams,WavyWalnuts,12862673
2026-07-09T00:19:45.697192,2026-07-09T00:19:45.701814+00:00,137.9,12,ask,YieldingYams,Xuanyu Liu,12862676
2026-07-09T00:19:46.158571,2026-07-09T00:19:46.170223+00:00,137.9,200,ask,YieldingYams,WavyWalnuts,12862682
2026-07-09T00:19:47.082722,2026-07-09T00:19:47.086362+00:00,137.9,12,bid,Xuanyu Liu,YieldingYams,12862697
2026-07-09T00:19:48.307614,2026-07-09T00:19:48.315369+00:00,137.8,200,ask,WavyWalnuts,YieldingYams,12862717
2026-07-09T00:19:48.328325,2026-07-09T00:19:48.332798+00:00,137.8,11,bid,Xuanyu Liu,YieldingYams,12862719
2026-07-09T00:19:49.558787,2026-07-09T00:19:49.568946+00:00,137.8,20,bid,BrilliantBurritos,YieldingYams,12862735
2026-07-09T00:19:50.386131,2026-07-09T00:19:50.398226+00:00,137.8,20,bid,BrilliantBurritos,YieldingYams,12862745
2026-07-09T00:19:52.227411,2026-07-09T00:19:52.238993+00:00,137.6,200,ask,AverageAlmonds,WavyWalnuts,12862778
2026-07-09T00:19:59.481462,2026-07-09T00:19:59.491990+00:00,138.0,20,bid,BrilliantBurritos,WavyWalnuts,12862890
2026-07-09T00:20:02.442066,2026-07-09T00:20:02.454301+00:00,138.0,20,bid,BrilliantBurritos,YieldingYams,12862923
2026-07-09T00:20:03.124874,2026-07-09T00:20:03.133617+00:00,137.8,200,ask,YieldingYams,WavyWalnuts,12862934
2026-07-09T00:20:04.217696,2026-07-09T00:20:04.221838+00:00,137.8,12,bid,Xuanyu Liu,AverageAlmonds,12862947
2026-07-09T00:20:05.390277,2026-07-09T00:20:05.398704+00:00,137.8,200,bid,YieldingYams,WavyWalnuts,12862964
2026-07-09T00:20:07.981431,2026-07-09T00:20:07.989143+00:00,137.8,200,ask,YieldingYams,WavyWalnuts,12863001
2026-07-09T00:20:10.675497,2026-07-09T00:20:10.683263+00:00,137.6,200,ask,WavyWalnuts,YieldingYams,12863052
2026-07-09T00:20:10.693337,2026-07-09T00:20:10.697461+00:00,137.6,11,bid,Xuanyu Liu,YieldingYams,12863053
2026-07-09T00:20:12.367287,2026-07-09T00:20:12.379138+00:00,137.5,20,ask,YieldingYams,BrilliantBurritos,12863074
