timestamp,recv_time,price,volume,aggressor_side,buyer,seller,trade_id
2026-07-06T08:00:01.236483,2026-07-06T08:00:01.216915+00:00,162.7,200,bid,YieldingYams,WavyWalnuts,9289411
2026-07-06T08:00:01.236483,2026-07-06T08:00:01.216915+00:00,162.8,425,bid,YieldingYams,AverageAlmonds,9289412
2026-07-06T08:00:03.388682,2026-07-06T08:00:03.397575+00:00,162.6,200,bid,WavyWalnuts,YieldingYams,9289441
2026-07-06T08:00:05.120172,2026-07-06T08:00:05.132238+00:00,162.5,8,ask,WavyWalnuts,Zhangyue Shen,9289469
2026-07-06T08:00:06.507312,2026-07-06T08:00:06.509046+00:00,162.6,500,bid,YieldingYams,AverageAlmonds,9289486
2026-07-06T08:00:06.561706,2026-07-06T08:00:06.568770+00:00,162.6,125,ask,YieldingYams,AverageAlmonds,9289487
2026-07-06T08:00:07.026572,2026-07-06T08:00:07.034774+00:00,162.6,200,bid,WavyWalnuts,AverageAlmonds,9289501
2026-07-06T08:00:08.238057,2026-07-06T08:00:08.244657+00:00,162.5,200,bid,WavyWalnuts,AverageAlmonds,9289521
2026-07-06T08:00:09.446755,2026-07-06T08:00:09.451799+00:00,162.3,200,bid,WavyWalnuts,YieldingYams,9289536
2026-07-06T08:00:10.461359,2026-07-06T08:00:10.468789+00:00,162.2,8,ask,YieldingYams,Zhangyue Shen,9289553
2026-07-06T08:00:10.564056,2026-07-06T08:00:10.567547+00:00,162.2,11,ask,YieldingYams,Xuanyu Liu,9289556
2026-07-06T08:00:10.669860,2026-07-06T08:00:10.673404+00:00,162.3,12,ask,WavyWalnuts,Xuanyu Liu,9289558
2026-07-06T08:00:10.733873,2026-07-06T08:00:10.743674+00:00,162.3,8,ask,WavyWalnuts,Zhangyue Shen,9289561
2026-07-06T08:00:12.757595,2026-07-06T08:00:12.768997+00:00,162.3,8,ask,YieldingYams,Zhangyue Shen,9289591
2026-07-06T08:00:13.674647,2026-07-06T08:00:13.678809+00:00,162.4,12,bid,Xuanyu Liu,WavyWalnuts,9289598
2026-07-06T08:00:14.372142,2026-07-06T08:00:14.380540+00:00,162.4,500,bid,YieldingYams,AverageAlmonds,9289602
2026-07-06T08:00:14.372142,2026-07-06T08:00:14.385761+00:00,162.4,125,bid,YieldingYams,WavyWalnuts,9289603
2026-07-06T08:00:16.807357,2026-07-06T08:00:16.818922+00:00,162.1,8,ask,YieldingYams,Zhangyue Shen,9289638
2026-07-06T08:00:18.589592,2026-07-06T08:00:18.597519+00:00,162.3,20,bid,BrilliantBurritos,AverageAlmonds,9289648
2026-07-06T08:00:19.620996,2026-07-06T08:00:19.630169+00:00,162.2,8,ask,WavyWalnuts,Zhangyue Shen,9289665
2026-07-06T08:00:20.878084,2026-07-06T08:00:20.889831+00:00,162.3,8,bid,Zhangyue Shen,YieldingYams,9289679
2026-07-06T08:00:22.240881,2026-07-06T08:00:22.248241+00:00,162.2,200,ask,WavyWalnuts,YieldingYams,9289696
2026-07-06T08:00:22.259095,2026-07-06T08:00:22.262887+00:00,162.1,11,bid,Xuanyu Liu,YieldingYams,9289698
2026-07-06T08:00:22.755717,2026-07-06T08:00:22.764400+00:00,162.1,20,bid,BrilliantBurritos,YieldingYams,9289706
2026-07-06T08:00:22.764211,2026-07-06T08:00:22.774611+00:00,162.1,200,bid,WavyWalnuts,YieldingYams,9289707
2026-07-06T08:00:23.978502,2026-07-06T08:00:23.986805+00:00,162.1,200,ask,YieldingYams,WavyWalnuts,9289724
2026-07-06T08:00:24.683539,2026-07-06T08:00:24.693433+00:00,162.1,8,ask,YieldingYams,Zhangyue Shen,9289731
2026-07-06T08:00:27.443809,2026-07-06T08:00:27.458548+00:00,162.0,8,ask,YieldingYams,Zhangyue Shen,9289751
2026-07-06T08:00:29.476927,2026-07-06T08:00:29.485546+00:00,162.1,8,ask,YieldingYams,Zhangyue Shen,9289773
2026-07-06T08:00:30.111897,2026-07-06T08:00:30.118915+00:00,162.2,200,bid,YieldingYams,WavyWalnuts,9289782
2026-07-06T08:00:30.130401,2026-07-06T08:00:30.134459+00:00,162.2,11,ask,YieldingYams,Xuanyu Liu,9289784
2026-07-06T08:00:32.750680,2026-07-06T08:00:32.758543+00:00,162.2,200,bid,YieldingYams,WavyWalnuts,9289815
2026-07-06T08:00:35.875095,2026-07-06T08:00:35.879255+00:00,162.5,23,bid,Xuanyu Liu,WavyWalnuts,9289854
2026-07-06T08:00:36.030936,2026-07-06T08:00:36.042795+00:00,162.5,8,bid,Zhangyue Shen,WavyWalnuts,9289859
2026-07-06T08:00:36.111552,2026-07-06T08:00:36.115919+00:00,162.4,11,bid,Xuanyu Liu,WavyWalnuts,9289862
2026-07-06T08:00:36.681409,2026-07-06T08:00:36.691144+00:00,162.4,189,bid,YieldingYams,WavyWalnuts,9289865
2026-07-06T08:00:36.828362,2026-07-06T08:00:36.837963+00:00,162.5,436,ask,YieldingYams,AverageAlmonds,9289869
2026-07-06T08:00:37.101855,2026-07-06T08:00:37.108824+00:00,162.1,8,ask,WavyWalnuts,Zhangyue Shen,9289872
2026-07-06T08:00:39.029992,2026-07-06T08:00:39.034143+00:00,162.3,11,ask,WavyWalnuts,Xuanyu Liu,9289898
2026-07-06T08:00:39.729263,2026-07-06T08:00:39.741109+00:00,162.4,200,bid,WavyWalnuts,AverageAlmonds,9289912
2026-07-06T08:00:41.409646,2026-07-06T08:00:41.416889+00:00,162.2,8,ask,WavyWalnuts,Zhangyue Shen,9289940
2026-07-06T08:00:42.165639,2026-07-06T08:00:42.174918+00:00,162.1,8,ask,YieldingYams,Zhangyue Shen,9289952
2026-07-06T08:00:42.193869,2026-07-06T08:00:42.197849+00:00,162.1,23,ask,YieldingYams,Xuanyu Liu,9289954
2026-07-06T08:00:43.234046,2026-07-06T08:00:43.241812+00:00,162.1,200,ask,WavyWalnuts,YieldingYams,9289962
2026-07-06T08:00:44.782770,2026-07-06T08:00:44.794706+00:00,162.1,20,bid,BrilliantBurritos,WavyWalnuts,9289991
2026-07-06T08:00:47.405237,2026-07-06T08:00:47.412688+00:00,162.1,20,bid,BrilliantBurritos,YieldingYams,9290018
2026-07-06T08:00:50.461650,2026-07-06T08:00:50.473636+00:00,162.2,8,ask,WavyWalnuts,Zhangyue Shen,9290049
2026-07-06T08:00:51.126661,2026-07-06T08:00:51.137174+00:00,162.3,200,ask,WavyWalnuts,YieldingYams,9290059
2026-07-06T08:00:54.255504,2026-07-06T08:00:54.258681+00:00,162.4,200,bid,WavyWalnuts,AverageAlmonds,9290094
2026-07-06T08:00:54.383427,2026-07-06T08:00:54.392412+00:00,162.2,500,ask,YieldingYams,AverageAlmonds,9290095
2026-07-06T08:00:55.466403,2026-07-06T08:00:55.474839+00:00,162.2,200,bid,WavyWalnuts,YieldingYams,9290107
2026-07-06T08:00:55.878186,2026-07-06T08:00:55.890498+00:00,162.2,20,bid,BrilliantBurritos,YieldingYams,9290112
2026-07-06T08:00:56.674000,2026-07-06T08:00:56.681485+00:00,162.2,200,bid,WavyWalnuts,AverageAlmonds,9290120
2026-07-06T08:00:57.883207,2026-07-06T08:00:57.892623+00:00,162.2,200,bid,WavyWalnuts,YieldingYams,9290133
2026-07-06T08:00:58.038421,2026-07-06T08:00:58.042637+00:00,162.0,12,ask,YieldingYams,Xuanyu Liu,9290136
2026-07-06T08:00:59.021606,2026-07-06T08:00:59.026645+00:00,162.1,11,ask,YieldingYams,Xuanyu Liu,9290148
2026-07-06T08:00:59.351603,2026-07-06T08:00:59.361735+00:00,162.1,5,ask,YieldingYams,Zhangyue Shen,9290157
2026-07-06T08:00:59.499777,2026-07-06T08:00:59.511989+00:00,162.1,20,ask,YieldingYams,BrilliantBurritos,9290158
2026-07-06T08:00:59.880534,2026-07-06T08:00:59.889813+00:00,162.2,8,bid,Zhangyue Shen,WavyWalnuts,9290163
2026-07-06T08:01:02.378249,2026-07-06T08:01:02.387906+00:00,162.4,20,bid,BrilliantBurritos,WavyWalnuts,9290191
2026-07-06T08:01:02.439610,2026-07-06T08:01:02.451393+00:00,162.3,8,ask,YieldingYams,Zhangyue Shen,9290194
2026-07-06T08:01:02.752976,2026-07-06T08:01:02.758571+00:00,162.3,200,ask,YieldingYams,WavyWalnuts,9290195
2026-07-06T08:01:02.871143,2026-07-06T08:01:02.880218+00:00,162.3,417,ask,YieldingYams,AverageAlmonds,9290196
2026-07-06T08:01:03.413245,2026-07-06T08:01:03.423239+00:00,162.2,20,bid,BrilliantBurritos,YieldingYams,9290204
2026-07-06T08:01:03.962949,2026-07-06T08:01:03.970887+00:00,162.2,200,bid,WavyWalnuts,YieldingYams,9290210
2026-07-06T08:01:04.229831,2026-07-06T08:01:04.241845+00:00,161.9,20,ask,YieldingYams,BrilliantBurritos,9290212
2026-07-06T08:01:05.173383,2026-07-06T08:01:05.180714+00:00,162.2,200,bid,WavyWalnuts,YieldingYams,9290226
2026-07-06T08:01:05.462014,2026-07-06T08:01:05.469498+00:00,162.2,8,bid,Zhangyue Shen,YieldingYams,9290233
2026-07-06T08:01:06.112901,2026-07-06T08:01:06.116467+00:00,162.3,11,bid,Xuanyu Liu,YieldingYams,9290248
2026-07-06T08:01:06.886281,2026-07-06T08:01:06.892999+00:00,162.2,200,ask,WavyWalnuts,YieldingYams,9290256
2026-07-06T08:01:06.904009,2026-07-06T08:01:06.907843+00:00,162.1,23,bid,Xuanyu Liu,YieldingYams,9290259
2026-07-06T08:01:07.588597,2026-07-06T08:01:07.597292+00:00,162.1,200,bid,WavyWalnuts,YieldingYams,9290274
2026-07-06T08:01:09.515177,2026-07-06T08:01:09.525411+00:00,162.1,8,ask,WavyWalnuts,Zhangyue Shen,9290300
2026-07-06T08:01:10.696638,2026-07-06T08:01:10.700419+00:00,162.3,23,bid,Xuanyu Liu,WavyWalnuts,9290319
2026-07-06T08:01:10.737303,2026-07-06T08:01:10.748894+00:00,162.2,500,ask,YieldingYams,AverageAlmonds,9290321
2026-07-06T08:01:10.778209,2026-07-06T08:01:10.789186+00:00,162.3,8,bid,Zhangyue Shen,WavyWalnuts,9290322
2026-07-06T08:01:10.887579,2026-07-06T08:01:10.891918+00:00,162.2,3,bid,Xuanyu Liu,YieldingYams,9290331
2026-07-06T08:01:11.217556,2026-07-06T08:01:11.264227+00:00,162.2,200,bid,WavyWalnuts,YieldingYams,9290336
2026-07-06T08:01:11.425875,2026-07-06T08:01:11.464052+00:00,161.9,20,ask,YieldingYams,BrilliantBurritos,9290339
2026-07-06T08:01:12.493300,2026-07-06T08:01:12.497242+00:00,162.1,14,ask,WavyWalnuts,Xuanyu Liu,9290358
2026-07-06T08:01:12.562942,2026-07-06T08:01:12.572852+00:00,162.1,8,ask,WavyWalnuts,Zhangyue Shen,9290359
2026-07-06T08:01:14.070076,2026-07-06T08:01:14.077663+00:00,162.2,8,bid,Zhangyue Shen,YieldingYams,9290377
2026-07-06T08:01:14.843627,2026-07-06T08:01:14.850515+00:00,162.2,200,bid,WavyWalnuts,AverageAlmonds,9290387
2026-07-06T08:01:17.144791,2026-07-06T08:01:17.158625+00:00,162.1,20,ask,WavyWalnuts,BrilliantBurritos,9290415
2026-07-06T08:01:20.428945,2026-07-06T08:01:20.440808+00:00,161.9,200,ask,WavyWalnuts,AverageAlmonds,9290459
2026-07-06T08:01:21.346774,2026-07-06T08:01:21.358588+00:00,161.9,500,bid,YieldingYams,AverageAlmonds,9290468
2026-07-06T08:01:23.146511,2026-07-06T08:01:23.158614+00:00,162.0,20,bid,BrilliantBurritos,WavyWalnuts,9290499
2026-07-06T08:01:26.419726,2026-07-06T08:01:26.431700+00:00,162.0,8,bid,Zhangyue Shen,YieldingYams,9290554
2026-07-06T08:01:28.162757,2026-07-06T08:01:28.174629+00:00,161.9,200,ask,YieldingYams,WavyWalnuts,9290578
2026-07-06T08:01:29.195799,2026-07-06T08:01:29.207790+00:00,162.1,20,bid,BrilliantBurritos,YieldingYams,9290595
2026-07-06T08:01:32.726182,2026-07-06T08:01:32.737102+00:00,161.8,8,bid,Zhangyue Shen,WavyWalnuts,9290639
2026-07-06T08:01:33.181760,2026-07-06T08:01:33.185721+00:00,161.7,11,bid,Xuanyu Liu,YieldingYams,9290650
2026-07-06T08:01:33.505478,2026-07-06T08:01:33.514285+00:00,161.7,8,bid,Zhangyue Shen,YieldingYams,9290659
2026-07-06T08:01:34.214790,2026-07-06T08:01:34.223487+00:00,161.7,200,bid,WavyWalnuts,YieldingYams,9290665
2026-07-06T08:01:34.274527,2026-07-06T08:01:34.282563+00:00,161.7,8,bid,Zhangyue Shen,YieldingYams,9290666
2026-07-06T08:01:36.084328,2026-07-06T08:01:36.094641+00:00,162.0,8,bid,Zhangyue Shen,WavyWalnuts,9290699
2026-07-06T08:01:37.092585,2026-07-06T08:01:37.102012+00:00,161.8,8,bid,Zhangyue Shen,WavyWalnuts,9290715
2026-07-06T08:01:37.812216,2026-07-06T08:01:37.822391+00:00,161.6,20,ask,AverageAlmonds,BrilliantBurritos,9290724
2026-07-06T08:01:41.472732,2026-07-06T08:01:41.483664+00:00,161.7,200,ask,YieldingYams,WavyWalnuts,9290774
2026-07-06T08:01:43.431346,2026-07-06T08:01:43.441928+00:00,161.7,20,bid,BrilliantBurritos,YieldingYams,9290800
2026-07-06T08:01:43.888104,2026-07-06T08:01:43.896031+00:00,161.6,200,ask,YieldingYams,WavyWalnuts,9290805
2026-07-06T08:01:45.705832,2026-07-06T08:01:45.713905+00:00,161.6,8,bid,Zhangyue Shen,YieldingYams,9290838
2026-07-06T08:01:47.489932,2026-07-06T08:01:47.496553+00:00,161.7,8,bid,Zhangyue Shen,YieldingYams,9290854
2026-07-06T08:01:47.598283,2026-07-06T08:01:47.605404+00:00,161.5,200,ask,WavyWalnuts,YieldingYams,9290856
2026-07-06T08:01:48.008372,2026-07-06T08:01:48.020318+00:00,161.5,8,bid,Zhangyue Shen,YieldingYams,9290859
2026-07-06T08:01:48.727595,2026-07-06T08:01:48.737514+00:00,161.5,200,bid,WavyWalnuts,YieldingYams,9290869
2026-07-06T08:01:51.825611,2026-07-06T08:01:51.835607+00:00,161.7,8,bid,Zhangyue Shen,YieldingYams,9290908
2026-07-06T08:01:58.150662,2026-07-06T08:01:58.158620+00:00,161.7,8,bid,Zhangyue Shen,WavyWalnuts,9290998
2026-07-06T08:01:58.392961,2026-07-06T08:01:58.402053+00:00,161.5,200,ask,YieldingYams,WavyWalnuts,9291000
2026-07-06T08:01:59.647470,2026-07-06T08:01:59.659174+00:00,161.6,20,bid,BrilliantBurritos,WavyWalnuts,9291019
2026-07-06T08:02:04.451139,2026-07-06T08:02:04.463838+00:00,161.6,8,bid,Zhangyue Shen,YieldingYams,9291079
2026-07-06T08:02:04.674107,2026-07-06T08:02:04.681094+00:00,161.4,200,ask,WavyWalnuts,YieldingYams,9291082
2026-07-06T08:02:04.693260,2026-07-06T08:02:04.697485+00:00,161.4,3,bid,Xuanyu Liu,YieldingYams,9291084
2026-07-06T08:02:05.273222,2026-07-06T08:02:05.280110+00:00,161.4,3,bid,Zhangyue Shen,YieldingYams,9291088
2026-07-06T08:02:05.536372,2026-07-06T08:02:05.547035+00:00,161.4,3,bid,Zhangyue Shen,YieldingYams,9291096
2026-07-06T08:02:05.798216,2026-07-06T08:02:05.809135+00:00,161.4,3,bid,Zhangyue Shen,YieldingYams,9291101
2026-07-06T08:02:06.560330,2026-07-06T08:02:06.569918+00:00,161.4,8,bid,Zhangyue Shen,YieldingYams,9291112
2026-07-06T08:02:08.267814,2026-07-06T08:02:08.274555+00:00,161.3,200,bid,AverageAlmonds,WavyWalnuts,9291129
2026-07-06T08:02:12.537806,2026-07-06T08:02:12.558603+00:00,161.3,500,ask,AverageAlmonds,YieldingYams,9291186
2026-07-06T08:02:13.081528,2026-07-06T08:02:13.090499+00:00,161.3,125,bid,AverageAlmonds,YieldingYams,9291202
2026-07-06T08:02:13.843025,2026-07-06T08:02:13.850633+00:00,161.4,200,bid,YieldingYams,WavyWalnuts,9291211
2026-07-06T08:02:19.175177,2026-07-06T08:02:19.185145+00:00,161.4,8,ask,YieldingYams,Zhangyue Shen,9291278
2026-07-06T08:02:20.378423,2026-07-06T08:02:20.389832+00:00,161.5,200,bid,AverageAlmonds,WavyWalnuts,9291296
2026-07-06T08:02:20.378423,2026-07-06T08:02:20.389832+00:00,161.6,300,bid,AverageAlmonds,YieldingYams,9291297
2026-07-06T08:02:21.382332,2026-07-06T08:02:21.390467+00:00,161.6,200,ask,YieldingYams,WavyWalnuts,9291318
2026-07-06T08:02:21.441703,2026-07-06T08:02:21.448446+00:00,161.6,8,ask,YieldingYams,Zhangyue Shen,9291321
2026-07-06T08:02:23.471976,2026-07-06T08:02:23.479509+00:00,161.6,8,ask,WavyWalnuts,Zhangyue Shen,9291346
2026-07-06T08:02:24.043889,2026-07-06T08:02:24.056065+00:00,161.7,20,bid,BrilliantBurritos,YieldingYams,9291354
2026-07-06T08:02:24.832161,2026-07-06T08:02:24.839269+00:00,161.6,20,bid,BrilliantBurritos,YieldingYams,9291368
2026-07-06T08:02:26.637717,2026-07-06T08:02:26.641614+00:00,161.6,3,ask,WavyWalnuts,Xuanyu Liu,9291395
2026-07-06T08:02:28.287970,2026-07-06T08:02:28.298633+00:00,161.6,200,ask,WavyWalnuts,YieldingYams,9291417
2026-07-06T08:02:28.287970,2026-07-06T08:02:28.298633+00:00,161.6,425,ask,AverageAlmonds,YieldingYams,9291418
2026-07-06T08:02:28.846216,2026-07-06T08:02:28.858582+00:00,161.7,200,bid,AverageAlmonds,WavyWalnuts,9291426
2026-07-06T08:02:29.777125,2026-07-06T08:02:29.786976+00:00,161.6,8,ask,AverageAlmonds,Zhangyue Shen,9291445
2026-07-06T08:02:29.861822,2026-07-06T08:02:29.865846+00:00,161.7,3,bid,Xuanyu Liu,WavyWalnuts,9291451
2026-07-06T08:02:30.052024,2026-07-06T08:02:30.060243+00:00,161.7,197,bid,AverageAlmonds,WavyWalnuts,9291454
2026-07-06T08:02:31.054063,2026-07-06T08:02:31.065096+00:00,161.7,200,ask,AverageAlmonds,WavyWalnuts,9291478
2026-07-06T08:02:31.324160,2026-07-06T08:02:31.336099+00:00,161.9,8,bid,Zhangyue Shen,YieldingYams,9291484
2026-07-06T08:02:32.218556,2026-07-06T08:02:32.227150+00:00,161.8,500,ask,AverageAlmonds,YieldingYams,9291498
2026-07-06T08:02:32.484566,2026-07-06T08:02:32.492032+00:00,161.7,125,bid,AverageAlmonds,YieldingYams,9291501
2026-07-06T08:02:33.475126,2026-07-06T08:02:33.479733+00:00,161.7,200,ask,AverageAlmonds,WavyWalnuts,9291508
2026-07-06T08:02:34.684325,2026-07-06T08:02:34.695540+00:00,161.8,200,ask,AverageAlmonds,WavyWalnuts,9291527
2026-07-06T08:02:35.500650,2026-07-06T08:02:35.510651+00:00,161.9,500,bid,AverageAlmonds,YieldingYams,9291543
2026-07-06T08:02:35.647033,2026-07-06T08:02:35.658584+00:00,161.9,8,bid,Zhangyue Shen,YieldingYams,9291549
2026-07-06T08:02:35.896130,2026-07-06T08:02:35.905645+00:00,161.7,200,ask,YieldingYams,WavyWalnuts,9291552
2026-07-06T08:02:36.102818,2026-07-06T08:02:36.109900+00:00,161.9,117,bid,AverageAlmonds,YieldingYams,9291555
2026-07-06T08:02:36.163310,2026-07-06T08:02:36.173939+00:00,162.0,8,ask,AverageAlmonds,Zhangyue Shen,9291557
2026-07-06T08:02:36.686705,2026-07-06T08:02:36.696220+00:00,162.0,8,ask,AverageAlmonds,Zhangyue Shen,9291566
2026-07-06T08:02:37.105055,2026-07-06T08:02:37.113698+00:00,162.0,200,ask,AverageAlmonds,WavyWalnuts,9291571
2026-07-06T08:02:38.194730,2026-07-06T08:02:38.206595+00:00,161.9,8,ask,YieldingYams,Zhangyue Shen,9291583
2026-07-06T08:02:38.317501,2026-07-06T08:02:38.326430+00:00,161.9,200,ask,YieldingYams,WavyWalnuts,9291587
2026-07-06T08:02:39.529314,2026-07-06T08:02:39.538760+00:00,162.0,200,ask,YieldingYams,WavyWalnuts,9291600
2026-07-06T08:02:39.769537,2026-07-06T08:02:39.779483+00:00,162.2,20,bid,BrilliantBurritos,YieldingYams,9291602
2026-07-06T08:02:40.537979,2026-07-06T08:02:40.544851+00:00,162.0,20,ask,AverageAlmonds,BrilliantBurritos,9291612
2026-07-06T08:02:40.738288,2026-07-06T08:02:40.745020+00:00,162.0,200,ask,AverageAlmonds,WavyWalnuts,9291614
2026-07-06T08:02:40.993002,2026-07-06T08:02:40.996954+00:00,162.1,3,ask,AverageAlmonds,Xuanyu Liu,9291620
2026-07-06T08:02:41.949154,2026-07-06T08:02:41.958580+00:00,162.1,200,ask,AverageAlmonds,WavyWalnuts,9291632
2026-07-06T08:02:42.168637,2026-07-06T08:02:42.175530+00:00,162.2,500,bid,AverageAlmonds,YieldingYams,9291635
2026-07-06T08:02:42.470241,2026-07-06T08:02:42.479753+00:00,161.9,8,ask,YieldingYams,Zhangyue Shen,9291644
2026-07-06T08:02:42.722321,2026-07-06T08:02:42.726172+00:00,162.1,23,ask,YieldingYams,Xuanyu Liu,9291650
2026-07-06T08:02:42.765211,2026-07-06T08:02:42.772625+00:00,162.4,500,bid,AverageAlmonds,YieldingYams,9291651
2026-07-06T08:02:43.162533,2026-07-06T08:02:43.170052+00:00,162.1,200,ask,YieldingYams,WavyWalnuts,9291658
2026-07-06T08:02:43.238165,2026-07-06T08:02:43.247957+00:00,162.1,8,ask,YieldingYams,Zhangyue Shen,9291661
2026-07-06T08:02:43.370270,2026-07-06T08:02:43.381970+00:00,162.4,125,bid,AverageAlmonds,YieldingYams,9291664
2026-07-06T08:02:43.401659,2026-07-06T08:02:43.406018+00:00,162.4,34,ask,AverageAlmonds,Xuanyu Liu,9291666
2026-07-06T08:02:43.507924,2026-07-06T08:02:43.515768+00:00,162.4,3,ask,AverageAlmonds,Zhangyue Shen,9291671
2026-07-06T08:02:43.780405,2026-07-06T08:02:43.791859+00:00,162.4,11,ask,AverageAlmonds,Zhangyue Shen,9291678
2026-07-06T08:02:44.049088,2026-07-06T08:02:44.064092+00:00,162.4,8,ask,AverageAlmonds,Zhangyue Shen,9291683
2026-07-06T08:02:44.375134,2026-07-06T08:02:44.383576+00:00,162.4,200,ask,AverageAlmonds,WavyWalnuts,9291690
2026-07-06T08:02:44.564461,2026-07-06T08:02:44.576180+00:00,162.4,8,ask,AverageAlmonds,Zhangyue Shen,9291696
2026-07-06T08:02:45.343909,2026-07-06T08:02:45.347729+00:00,162.4,11,bid,Xuanyu Liu,YieldingYams,9291705
2026-07-06T08:02:45.582804,2026-07-06T08:02:45.590820+00:00,162.3,200,ask,AverageAlmonds,WavyWalnuts,9291708
2026-07-06T08:02:45.612894,2026-07-06T08:02:45.617097+00:00,162.4,12,bid,Xuanyu Liu,YieldingYams,9291710
2026-07-06T08:02:46.073344,2026-07-06T08:02:46.085571+00:00,162.4,8,bid,Zhangyue Shen,YieldingYams,9291720
2026-07-06T08:02:46.791559,2026-07-06T08:02:46.802453+00:00,162.2,200,ask,AverageAlmonds,WavyWalnuts,9291731
2026-07-06T08:02:48.001471,2026-07-06T08:02:48.008612+00:00,162.4,200,ask,YieldingYams,WavyWalnuts,9291751
2026-07-06T08:02:49.210820,2026-07-06T08:02:49.222491+00:00,162.4,200,ask,YieldingYams,WavyWalnuts,9291773
2026-07-06T08:02:50.419529,2026-07-06T08:02:50.421125+00:00,162.4,200,ask,YieldingYams,WavyWalnuts,9291787
2026-07-06T08:02:50.860101,2026-07-06T08:02:50.871869+00:00,162.2,8,ask,YieldingYams,Zhangyue Shen,9291793
2026-07-06T08:02:53.078825,2026-07-06T08:02:53.089426+00:00,162.4,500,bid,AverageAlmonds,YieldingYams,9291821
2026-07-06T08:02:53.235251,2026-07-06T08:02:53.241721+00:00,162.2,20,ask,WavyWalnuts,BrilliantBurritos,9291825
2026-07-06T08:02:53.673674,2026-07-06T08:02:53.680950+00:00,162.4,200,bid,AverageAlmonds,WavyWalnuts,9291828
2026-07-06T08:02:53.673674,2026-07-06T08:02:53.686390+00:00,162.5,300,bid,AverageAlmonds,YieldingYams,9291829
2026-07-06T08:02:53.936849,2026-07-06T08:02:53.944458+00:00,162.2,8,ask,WavyWalnuts,Zhangyue Shen,9291835
2026-07-06T08:02:54.276537,2026-07-06T08:02:54.284291+00:00,162.4,200,bid,AverageAlmonds,WavyWalnuts,9291837
2026-07-06T08:02:54.276537,2026-07-06T08:02:54.289500+00:00,162.5,300,bid,AverageAlmonds,YieldingYams,9291838
2026-07-06T08:02:54.547948,2026-07-06T08:02:54.551722+00:00,162.6,34,ask,YieldingYams,Xuanyu Liu,9291843
2026-07-06T08:02:54.721798,2026-07-06T08:02:54.729609+00:00,162.6,3,ask,YieldingYams,Zhangyue Shen,9291846
2026-07-06T08:02:55.026057,2026-07-06T08:02:55.035811+00:00,162.6,5,ask,YieldingYams,Zhangyue Shen,9291853
2026-07-06T08:02:55.251411,2026-07-06T08:02:55.260260+00:00,162.6,200,ask,YieldingYams,WavyWalnuts,9291858
2026-07-06T08:02:55.871461,2026-07-06T08:02:55.879703+00:00,162.6,500,ask,AverageAlmonds,YieldingYams,9291865
2026-07-06T08:02:56.082623,2026-07-06T08:02:56.093549+00:00,162.6,125,bid,AverageAlmonds,YieldingYams,9291866
2026-07-06T08:02:56.459528,2026-07-06T08:02:56.469428+00:00,162.7,200,ask,AverageAlmonds,WavyWalnuts,9291878
2026-07-06T08:02:56.814003,2026-07-06T08:02:56.824087+00:00,162.7,3,ask,AverageAlmonds,Zhangyue Shen,9291884
2026-07-06T08:02:57.074961,2026-07-06T08:02:57.086159+00:00,162.7,3,ask,AverageAlmonds,Zhangyue Shen,9291890
2026-07-06T08:02:57.337632,2026-07-06T08:02:57.346811+00:00,163.2,6,bid,Zhangyue Shen,YieldingYams,9291895
2026-07-06T08:02:57.669127,2026-07-06T08:02:57.676031+00:00,162.9,200,ask,YieldingYams,WavyWalnuts,9291899
2026-07-06T08:02:58.308287,2026-07-06T08:02:58.312602+00:00,163.2,45,bid,Xuanyu Liu,YieldingYams,9291908
2026-07-06T08:02:58.356273,2026-07-06T08:02:58.365563+00:00,163.2,10,bid,Zhangyue Shen,YieldingYams,9291911
2026-07-06T08:02:58.509568,2026-07-06T08:02:58.513430+00:00,163.0,23,bid,Xuanyu Liu,YieldingYams,9291917
2026-07-06T08:02:58.877673,2026-07-06T08:02:58.884789+00:00,162.8,200,ask,YieldingYams,WavyWalnuts,9291925
2026-07-06T08:02:59.174548,2026-07-06T08:02:59.185601+00:00,163.0,8,bid,Zhangyue Shen,YieldingYams,9291932
2026-07-06T08:03:00.442692,2026-07-06T08:03:00.454705+00:00,162.8,8,ask,YieldingYams,Zhangyue Shen,9291949
2026-07-06T08:03:01.129462,2026-07-06T08:03:01.151533+00:00,163.0,200,bid,YieldingYams,WavyWalnuts,9291962
2026-07-06T08:03:01.146502,2026-07-06T08:03:01.151533+00:00,163.0,23,ask,YieldingYams,Xuanyu Liu,9291964
2026-07-06T08:03:01.988306,2026-07-06T08:03:01.999652+00:00,163.1,8,bid,Zhangyue Shen,WavyWalnuts,9291984
2026-07-06T08:03:03.748261,2026-07-06T08:03:03.755976+00:00,162.9,8,ask,YieldingYams,Zhangyue Shen,9292005
2026-07-06T08:03:03.939178,2026-07-06T08:03:03.951071+00:00,162.9,20,ask,YieldingYams,BrilliantBurritos,9292010
2026-07-06T08:03:08.567021,2026-07-06T08:03:08.577625+00:00,163.0,200,ask,YieldingYams,WavyWalnuts,9292062
2026-07-06T08:03:09.386907,2026-07-06T08:03:09.398862+00:00,163.1,8,bid,Zhangyue Shen,YieldingYams,9292069
2026-07-06T08:03:11.236372,2026-07-06T08:03:11.264262+00:00,163.1,200,bid,AverageAlmonds,WavyWalnuts,9292099
2026-07-06T08:03:11.920743,2026-07-06T08:03:11.932775+00:00,163.3,8,bid,Zhangyue Shen,YieldingYams,9292112
2026-07-06T08:03:15.498817,2026-07-06T08:03:15.509023+00:00,163.3,8,bid,Zhangyue Shen,YieldingYams,9292158
2026-07-06T08:03:15.830353,2026-07-06T08:03:15.840829+00:00,163.3,200,bid,WavyWalnuts,YieldingYams,9292170
2026-07-06T08:03:17.038471,2026-07-06T08:03:17.046380+00:00,163.3,200,bid,WavyWalnuts,YieldingYams,9292188
2026-07-06T08:03:18.282978,2026-07-06T08:03:18.290530+00:00,163.3,8,ask,YieldingYams,Zhangyue Shen,9292207
2026-07-06T08:03:20.308088,2026-07-06T08:03:20.337663+00:00,163.4,200,bid,AverageAlmonds,WavyWalnuts,9292225
2026-07-06T08:03:20.333542,2026-07-06T08:03:20.337663+00:00,163.4,11,ask,AverageAlmonds,Xuanyu Liu,9292227
2026-07-06T08:03:20.401904,2026-07-06T08:03:20.413832+00:00,163.4,20,ask,AverageAlmonds,BrilliantBurritos,9292229
2026-07-06T08:03:23.470215,2026-07-06T08:03:23.481154+00:00,163.3,200,ask,WavyWalnuts,YieldingYams,9292261
2026-07-06T08:03:23.613095,2026-07-06T08:03:23.623639+00:00,163.3,8,bid,Zhangyue Shen,YieldingYams,9292265
2026-07-06T08:03:24.297884,2026-07-06T08:03:24.307318+00:00,163.3,200,bid,WavyWalnuts,YieldingYams,9292275
2026-07-06T08:03:24.643126,2026-07-06T08:03:24.653000+00:00,163.2,8,ask,AverageAlmonds,Zhangyue Shen,9292283
2026-07-06T08:03:25.180503,2026-07-06T08:03:25.184184+00:00,163.3,5,ask,AverageAlmonds,Xuanyu Liu,9292290
2026-07-06T08:03:25.764782,2026-07-06T08:03:25.775063+00:00,163.4,500,bid,AverageAlmonds,YieldingYams,9292298
2026-07-06T08:03:26.923188,2026-07-06T08:03:26.932492+00:00,163.4,8,ask,AverageAlmonds,Zhangyue Shen,9292320
2026-07-06T08:03:27.178404,2026-07-06T08:03:27.187093+00:00,163.3,8,ask,YieldingYams,Zhangyue Shen,9292327
2026-07-06T08:03:30.025795,2026-07-06T08:03:30.040451+00:00,163.4,7,ask,WavyWalnuts,Xuanyu Liu,9292362
2026-07-06T08:03:31.584943,2026-07-06T08:03:31.592259+00:00,163.4,200,bid,WavyWalnuts,YieldingYams,9292388
2026-07-06T08:03:32.793310,2026-07-06T08:03:32.803592+00:00,163.3,200,bid,WavyWalnuts,YieldingYams,9292399
2026-07-06T08:03:33.227586,2026-07-06T08:03:33.236235+00:00,163.0,8,ask,YieldingYams,Zhangyue Shen,9292412
2026-07-06T08:03:34.016678,2026-07-06T08:03:34.020610+00:00,163.2,11,ask,WavyWalnuts,Xuanyu Liu,9292428
2026-07-06T08:03:35.225588,2026-07-06T08:03:35.229441+00:00,163.3,11,ask,WavyWalnuts,Xuanyu Liu,9292444
2026-07-06T08:03:35.554675,2026-07-06T08:03:35.564478+00:00,163.3,8,ask,WavyWalnuts,Zhangyue Shen,9292451
2026-07-06T08:03:37.741560,2026-07-06T08:03:37.753334+00:00,163.5,20,bid,BrilliantBurritos,YieldingYams,9292479
2026-07-06T08:03:37.886438,2026-07-06T08:03:37.895655+00:00,163.4,200,ask,WavyWalnuts,YieldingYams,9292481
2026-07-06T08:03:39.573303,2026-07-06T08:03:39.580135+00:00,163.5,8,bid,Zhangyue Shen,AverageAlmonds,9292501
2026-07-06T08:03:40.319158,2026-07-06T08:03:40.323461+00:00,163.4,11,bid,Xuanyu Liu,AverageAlmonds,9292512
2026-07-06T08:03:41.264488,2026-07-06T08:03:41.275133+00:00,163.4,200,bid,WavyWalnuts,AverageAlmonds,9292532
2026-07-06T08:03:41.527320,2026-07-06T08:03:41.531232+00:00,163.3,11,bid,Xuanyu Liu,AverageAlmonds,9292538
2026-07-06T08:03:41.580455,2026-07-06T08:03:41.589491+00:00,163.3,8,bid,Zhangyue Shen,AverageAlmonds,9292539
2026-07-06T08:03:41.598156,2026-07-06T08:03:41.608112+00:00,163.2,20,ask,YieldingYams,BrilliantBurritos,9292541
2026-07-06T08:03:42.113338,2026-07-06T08:03:42.121712+00:00,163.2,500,ask,YieldingYams,AverageAlmonds,9292543
2026-07-06T08:03:42.474425,2026-07-06T08:03:42.483394+00:00,163.5,200,bid,WavyWalnuts,YieldingYams,9292552
2026-07-06T08:03:42.713292,2026-07-06T08:03:42.720686+00:00,163.2,125,ask,YieldingYams,AverageAlmonds,9292555
2026-07-06T08:03:43.614659,2026-07-06T08:03:43.626676+00:00,163.2,8,bid,Zhangyue Shen,YieldingYams,9292564
2026-07-06T08:03:43.683664,2026-07-06T08:03:43.692067+00:00,163.2,200,bid,WavyWalnuts,YieldingYams,9292569
2026-07-06T08:03:44.893329,2026-07-06T08:03:44.901406+00:00,163.3,200,bid,WavyWalnuts,YieldingYams,9292586
2026-07-06T08:03:45.760226,2026-07-06T08:03:45.769107+00:00,163.2,500,bid,YieldingYams,AverageAlmonds,9292598
2026-07-06T08:03:46.346992,2026-07-06T08:03:46.371602+00:00,163.3,200,ask,WavyWalnuts,AverageAlmonds,9292606
2026-07-06T08:03:46.346992,2026-07-06T08:03:46.371602+00:00,163.2,125,ask,YieldingYams,AverageAlmonds,9292607
2026-07-06T08:03:46.367850,2026-07-06T08:03:46.371602+00:00,163.1,12,bid,Xuanyu Liu,AverageAlmonds,9292609
2026-07-06T08:03:47.913106,2026-07-06T08:03:47.922507+00:00,163.2,8,bid,Zhangyue Shen,AverageAlmonds,9292624
2026-07-06T08:03:49.736186,2026-07-06T08:03:49.745465+00:00,163.1,200,bid,WavyWalnuts,AverageAlmonds,9292638
2026-07-06T08:03:50.573151,2026-07-06T08:03:50.580030+00:00,163.0,500,ask,YieldingYams,AverageAlmonds,9292647
2026-07-06T08:03:50.999738,2026-07-06T08:03:51.020942+00:00,163.2,200,ask,WavyWalnuts,YieldingYams,9292656
2026-07-06T08:03:51.015886,2026-07-06T08:03:51.020942+00:00,163.0,11,bid,Xuanyu Liu,YieldingYams,9292658
2026-07-06T08:03:51.215070,2026-07-06T08:03:51.219006+00:00,162.8,23,bid,Xuanyu Liu,AverageAlmonds,9292662
2026-07-06T08:03:52.154480,2026-07-06T08:03:52.161415+00:00,162.9,200,bid,WavyWalnuts,AverageAlmonds,9292672
2026-07-06T08:03:52.198843,2026-07-06T08:03:52.210736+00:00,162.9,8,bid,Zhangyue Shen,AverageAlmonds,9292674
2026-07-06T08:03:52.310351,2026-07-06T08:03:52.317531+00:00,162.9,292,bid,YieldingYams,AverageAlmonds,9292676
2026-07-06T08:03:52.396747,2026-07-06T08:03:52.404804+00:00,162.9,333,ask,YieldingYams,AverageAlmonds,9292678
2026-07-06T08:03:53.363560,2026-07-06T08:03:53.372813+00:00,162.9,200,bid,WavyWalnuts,AverageAlmonds,9292695
2026-07-06T08:03:53.637793,2026-07-06T08:03:53.641855+00:00,162.7,3,bid,Xuanyu Liu,YieldingYams,9292700
2026-07-06T08:03:54.233307,2026-07-06T08:03:54.244982+00:00,162.7,8,bid,Zhangyue Shen,YieldingYams,9292706
2026-07-06T08:03:54.573957,2026-07-06T08:03:54.582807+00:00,162.7,200,bid,WavyWalnuts,YieldingYams,9292710
2026-07-06T08:03:55.784658,2026-07-06T08:03:55.793247+00:00,162.7,200,bid,WavyWalnuts,YieldingYams,9292731
2026-07-06T08:03:56.502339,2026-07-06T08:03:56.514434+00:00,162.9,8,bid,Zhangyue Shen,AverageAlmonds,9292741
2026-07-06T08:03:58.522049,2026-07-06T08:03:58.529880+00:00,162.8,8,bid,Zhangyue Shen,AverageAlmonds,9292769
2026-07-06T08:03:59.412012,2026-07-06T08:03:59.421504+00:00,162.8,200,bid,WavyWalnuts,AverageAlmonds,9292778
2026-07-06T08:03:59.666542,2026-07-06T08:03:59.674300+00:00,162.7,500,ask,YieldingYams,AverageAlmonds,9292781
2026-07-06T08:04:00.620951,2026-07-06T08:04:00.629557+00:00,162.6,200,bid,WavyWalnuts,YieldingYams,9292793
2026-07-06T08:04:02.080508,2026-07-06T08:04:02.089957+00:00,162.7,8,bid,Zhangyue Shen,WavyWalnuts,9292828
2026-07-06T08:04:02.802769,2026-07-06T08:04:02.812083+00:00,162.7,192,bid,YieldingYams,WavyWalnuts,9292839
2026-07-06T08:04:04.873465,2026-07-06T08:04:04.883236+00:00,162.9,8,bid,Zhangyue Shen,YieldingYams,9292863
2026-07-06T08:04:06.648312,2026-07-06T08:04:06.659236+00:00,162.8,8,bid,Zhangyue Shen,YieldingYams,9292885
2026-07-06T08:04:06.966777,2026-07-06T08:04:06.978586+00:00,162.7,20,ask,WavyWalnuts,BrilliantBurritos,9292892
2026-07-06T08:04:09.908311,2026-07-06T08:04:09.915795+00:00,162.6,20,ask,WavyWalnuts,BrilliantBurritos,9292928
2026-07-06T08:04:10.270148,2026-07-06T08:04:10.282050+00:00,162.7,20,bid,BrilliantBurritos,YieldingYams,9292935
2026-07-06T08:04:11.034968,2026-07-06T08:04:11.044091+00:00,162.7,20,bid,BrilliantBurritos,YieldingYams,9292944
2026-07-06T08:04:11.527511,2026-07-06T08:04:11.531575+00:00,162.7,200,bid,WavyWalnuts,YieldingYams,9292954
2026-07-06T08:04:18.810016,2026-07-06T08:04:18.816813+00:00,162.7,200,ask,YieldingYams,WavyWalnuts,9293045
2026-07-06T08:04:20.020946,2026-07-06T08:04:20.030646+00:00,162.7,200,ask,YieldingYams,WavyWalnuts,9293064
2026-07-06T08:04:20.051360,2026-07-06T08:04:20.058576+00:00,162.9,8,bid,Zhangyue Shen,YieldingYams,9293067
2026-07-06T08:04:21.067446,2026-07-06T08:04:21.079502+00:00,162.7,20,ask,YieldingYams,BrilliantBurritos,9293084
2026-07-06T08:04:21.365132,2026-07-06T08:04:21.374721+00:00,162.7,8,bid,Zhangyue Shen,YieldingYams,9293092
2026-07-06T08:04:22.857738,2026-07-06T08:04:22.869058+00:00,162.6,20,ask,WavyWalnuts,BrilliantBurritos,9293116
2026-07-06T08:04:25.900939,2026-07-06T08:04:25.911923+00:00,162.6,8,ask,YieldingYams,Zhangyue Shen,9293153
2026-07-06T08:04:27.684287,2026-07-06T08:04:27.694954+00:00,162.7,8,bid,Zhangyue Shen,WavyWalnuts,9293179
2026-07-06T08:04:27.712912,2026-07-06T08:04:27.720232+00:00,162.7,192,bid,YieldingYams,WavyWalnuts,9293180
2026-07-06T08:04:30.599819,2026-07-06T08:04:30.611617+00:00,162.5,20,ask,WavyWalnuts,BrilliantBurritos,9293206
2026-07-06T08:04:33.526241,2026-07-06T08:04:33.536164+00:00,162.6,3,bid,Zhangyue Shen,YieldingYams,9293247
2026-07-06T08:04:34.158585,2026-07-06T08:04:34.166987+00:00,162.6,500,bid,AverageAlmonds,YieldingYams,9293252
2026-07-06T08:04:34.269473,2026-07-06T08:04:34.277759+00:00,162.7,200,bid,YieldingYams,WavyWalnuts,9293257
2026-07-06T08:04:34.545647,2026-07-06T08:04:34.564130+00:00,162.8,8,ask,YieldingYams,Zhangyue Shen,9293266
2026-07-06T08:04:34.561321,2026-07-06T08:04:34.569139+00:00,162.8,200,ask,YieldingYams,WavyWalnuts,9293268
2026-07-06T08:04:36.593616,2026-07-06T08:04:36.601422+00:00,162.8,8,bid,Zhangyue Shen,YieldingYams,9293289
2026-07-06T08:04:36.890030,2026-07-06T08:04:36.901212+00:00,162.7,200,ask,WavyWalnuts,YieldingYams,9293300
2026-07-06T08:04:36.978473,2026-07-06T08:04:36.987982+00:00,162.7,200,bid,WavyWalnuts,YieldingYams,9293302
2026-07-06T08:04:38.189064,2026-07-06T08:04:38.197355+00:00,162.7,200,bid,WavyWalnuts,YieldingYams,9293314
2026-07-06T08:04:39.403086,2026-07-06T08:04:39.414299+00:00,162.7,200,ask,YieldingYams,WavyWalnuts,9293328
2026-07-06T08:04:45.984678,2026-07-06T08:04:45.991470+00:00,162.6,35,bid,Tanishq Panjwani,WavyWalnuts,9293412
2026-07-06T08:04:45.987690,2026-07-06T08:04:45.991470+00:00,162.6,3,bid,Xuanyu Liu,WavyWalnuts,9293413
2026-07-06T08:04:46.074371,2026-07-06T08:04:46.081108+00:00,162.6,35,bid,Tanishq Panjwani,WavyWalnuts,9293416
2026-07-06T08:04:46.162478,2026-07-06T08:04:46.174494+00:00,162.6,35,bid,Tanishq Panjwani,WavyWalnuts,9293419
2026-07-06T08:04:46.275728,2026-07-06T08:04:46.284761+00:00,162.6,35,bid,Tanishq Panjwani,WavyWalnuts,9293422
2026-07-06T08:04:46.366137,2026-07-06T08:04:46.373436+00:00,162.6,1,bid,Tanishq Panjwani,WavyWalnuts,9293426
2026-07-06T08:04:47.699669,2026-07-06T08:04:47.708769+00:00,162.4,8,ask,WavyWalnuts,Zhangyue Shen,9293447
2026-07-06T08:04:48.188004,2026-07-06T08:04:48.200352+00:00,162.6,20,bid,BrilliantBurritos,WavyWalnuts,9293452
2026-07-06T08:04:49.096873,2026-07-06T08:04:49.107169+00:00,162.5,200,bid,WavyWalnuts,YieldingYams,9293471
2026-07-06T08:04:49.230471,2026-07-06T08:04:49.238907+00:00,162.5,8,bid,Zhangyue Shen,YieldingYams,9293474
2026-07-06T08:04:53.954774,2026-07-06T08:04:53.968909+00:00,162.5,200,ask,WavyWalnuts,YieldingYams,9293528
2026-07-06T08:04:54.229564,2026-07-06T08:04:54.241844+00:00,162.5,20,bid,BrilliantBurritos,YieldingYams,9293533
2026-07-06T08:04:56.575938,2026-07-06T08:04:56.587578+00:00,162.5,200,bid,YieldingYams,WavyWalnuts,9293561
2026-07-06T08:04:57.587300,2026-07-06T08:04:57.595171+00:00,162.7,200,ask,YieldingYams,WavyWalnuts,9293576
2026-07-06T08:05:01.227790,2026-07-06T08:05:01.236092+00:00,162.6,200,bid,WavyWalnuts,YieldingYams,9293630
2026-07-06T08:05:02.071351,2026-07-06T08:05:02.083060+00:00,162.7,20,bid,BrilliantBurritos,YieldingYams,9293639
2026-07-06T08:05:03.651328,2026-07-06T08:05:03.658560+00:00,162.7,200,bid,WavyWalnuts,YieldingYams,9293654
2026-07-06T08:05:04.451811,2026-07-06T08:05:04.460565+00:00,162.5,500,ask,AverageAlmonds,YieldingYams,9293664
2026-07-06T08:05:04.862659,2026-07-06T08:05:04.870142+00:00,162.5,125,bid,WavyWalnuts,YieldingYams,9293670
2026-07-06T08:05:04.881841,2026-07-06T08:05:04.885983+00:00,162.8,3,ask,WavyWalnuts,Xuanyu Liu,9293673
2026-07-06T08:05:04.891639,2026-07-06T08:05:04.901235+00:00,162.8,35,ask,WavyWalnuts,Tanishq Panjwani,9293675
2026-07-06T08:05:04.980598,2026-07-06T08:05:04.987962+00:00,162.8,37,ask,WavyWalnuts,Tanishq Panjwani,9293678
2026-07-06T08:05:05.791999,2026-07-06T08:05:05.803732+00:00,162.7,35,ask,YieldingYams,Tanishq Panjwani,9293687
2026-07-06T08:05:05.882201,2026-07-06T08:05:05.889161+00:00,162.7,34,ask,YieldingYams,Tanishq Panjwani,9293691
2026-07-06T08:05:08.137229,2026-07-06T08:05:08.144666+00:00,162.8,42,bid,Tanishq Panjwani,YieldingYams,9293723
2026-07-06T08:05:08.163265,2026-07-06T08:05:08.167921+00:00,162.8,26,bid,Xuanyu Liu,YieldingYams,9293727
2026-07-06T08:05:08.504746,2026-07-06T08:05:08.512351+00:00,162.6,200,ask,YieldingYams,WavyWalnuts,9293734
2026-07-06T08:05:10.995685,2026-07-06T08:05:11.003281+00:00,162.7,200,bid,YieldingYams,WavyWalnuts,9293762
2026-07-06T08:05:12.138490,2026-07-06T08:05:12.158612+00:00,162.8,200,ask,YieldingYams,WavyWalnuts,9293785
2026-07-06T08:05:13.787004,2026-07-06T08:05:13.796431+00:00,162.8,20,ask,WavyWalnuts,BrilliantBurritos,9293801
2026-07-06T08:05:14.568810,2026-07-06T08:05:14.575448+00:00,162.8,2,bid,Tanishq Panjwani,WavyWalnuts,9293820
2026-07-06T08:05:16.991570,2026-07-06T08:05:16.999630+00:00,162.6,200,ask,YieldingYams,WavyWalnuts,9293852
2026-07-06T08:05:19.385561,2026-07-06T08:05:19.389987+00:00,162.6,23,ask,WavyWalnuts,Xuanyu Liu,9293882
2026-07-06T08:05:23.068597,2026-07-06T08:05:23.078742+00:00,162.6,200,bid,WavyWalnuts,YieldingYams,9293935
2026-07-06T08:05:24.132638,2026-07-06T08:05:24.136543+00:00,162.6,3,ask,YieldingYams,Xuanyu Liu,9293945
2026-07-06T08:05:25.195843,2026-07-06T08:05:25.207823+00:00,162.8,20,bid,BrilliantBurritos,YieldingYams,9293958
2026-07-06T08:05:31.661112,2026-07-06T08:05:31.669643+00:00,162.6,200,bid,AverageAlmonds,WavyWalnuts,9294032
2026-07-06T08:05:32.766705,2026-07-06T08:05:32.774871+00:00,162.6,200,ask,AverageAlmonds,WavyWalnuts,9294045
2026-07-06T08:05:34.615596,2026-07-06T08:05:34.622867+00:00,162.7,200,bid,YieldingYams,WavyWalnuts,9294069
2026-07-06T08:05:36.408808,2026-07-06T08:05:36.417500+00:00,162.7,200,ask,YieldingYams,WavyWalnuts,9294093
2026-07-06T08:05:37.622838,2026-07-06T08:05:37.632365+00:00,162.8,200,ask,YieldingYams,WavyWalnuts,9294107
2026-07-06T08:05:37.768126,2026-07-06T08:05:37.780039+00:00,162.8,20,ask,YieldingYams,BrilliantBurritos,9294110
2026-07-06T08:05:40.067916,2026-07-06T08:05:40.076475+00:00,162.9,35,ask,WavyWalnuts,Tanishq Panjwani,9294141
2026-07-06T08:05:40.160631,2026-07-06T08:05:40.170653+00:00,162.9,9,ask,WavyWalnuts,Tanishq Panjwani,9294143
2026-07-06T08:05:42.105543,2026-07-06T08:05:42.117402+00:00,162.9,8,ask,WavyWalnuts,Zhangyue Shen,9294171
2026-07-06T08:05:46.378177,2026-07-06T08:05:46.390330+00:00,162.8,8,ask,YieldingYams,Zhangyue Shen,9294221
2026-07-06T08:05:46.407868,2026-07-06T08:05:46.416560+00:00,162.9,200,bid,YieldingYams,WavyWalnuts,9294224
2026-07-06T08:05:46.424910,2026-07-06T08:05:46.428729+00:00,163.1,26,ask,YieldingYams,Xuanyu Liu,9294227
2026-07-06T08:05:47.321472,2026-07-06T08:05:47.330113+00:00,163.1,200,ask,YieldingYams,WavyWalnuts,9294243
2026-07-06T08:05:48.687774,2026-07-06T08:05:48.699904+00:00,162.9,20,ask,YieldingYams,BrilliantBurritos,9294266
2026-07-06T08:05:54.686570,2026-07-06T08:05:54.697470+00:00,163.2,8,bid,Zhangyue Shen,YieldingYams,9294327
2026-07-06T08:05:56.705296,2026-07-06T08:05:56.717333+00:00,163.1,8,bid,Zhangyue Shen,YieldingYams,9294343
2026-07-06T08:05:59.537678,2026-07-06T08:05:59.546435+00:00,163.1,200,bid,YieldingYams,WavyWalnuts,9294384
2026-07-06T08:06:01.906739,2026-07-06T08:06:01.911310+00:00,163.2,23,bid,Xuanyu Liu,YieldingYams,9294417
2026-07-06T08:06:03.746505,2026-07-06T08:06:03.758540+00:00,163.2,200,ask,WavyWalnuts,AverageAlmonds,9294441
2026-07-06T08:06:06.183997,2026-07-06T08:06:06.193374+00:00,163.1,200,ask,WavyWalnuts,AverageAlmonds,9294464
2026-07-06T08:06:07.403371,2026-07-06T08:06:07.410734+00:00,163.1,500,bid,YieldingYams,AverageAlmonds,9294482
2026-07-06T08:06:07.422187,2026-07-06T08:06:07.426369+00:00,163.1,11,ask,YieldingYams,Xuanyu Liu,9294485
2026-07-06T08:06:07.982507,2026-07-06T08:06:07.989844+00:00,163.1,114,ask,YieldingYams,AverageAlmonds,9294498
2026-07-06T08:06:08.711547,2026-07-06T08:06:08.721082+00:00,163.0,500,bid,YieldingYams,AverageAlmonds,9294506
2026-07-06T08:06:09.525661,2026-07-06T08:06:09.534134+00:00,163.0,8,ask,YieldingYams,Zhangyue Shen,9294521
2026-07-06T08:06:10.028100,2026-07-06T08:06:10.039564+00:00,163.0,200,ask,WavyWalnuts,YieldingYams,9294527
2026-07-06T08:06:10.296857,2026-07-06T08:06:10.307113+00:00,162.9,200,bid,WavyWalnuts,YieldingYams,9294531
2026-07-06T08:06:13.212231,2026-07-06T08:06:13.217225+00:00,162.8,12,ask,WavyWalnuts,Xuanyu Liu,9294569
2026-07-06T08:06:13.301075,2026-07-06T08:06:13.313166+00:00,162.8,8,ask,WavyWalnuts,Zhangyue Shen,9294572
2026-07-06T08:06:14.833671,2026-07-06T08:06:14.842769+00:00,162.7,8,ask,WavyWalnuts,Zhangyue Shen,9294589
2026-07-06T08:06:15.861878,2026-07-06T08:06:15.875451+00:00,162.7,8,ask,WavyWalnuts,Zhangyue Shen,9294598
2026-07-06T08:06:16.362223,2026-07-06T08:06:16.369123+00:00,162.8,200,bid,WavyWalnuts,YieldingYams,9294603
2026-07-06T08:06:16.588229,2026-07-06T08:06:16.592226+00:00,162.8,11,ask,YieldingYams,Xuanyu Liu,9294608
2026-07-06T08:06:17.884700,2026-07-06T08:06:17.900410+00:00,162.6,8,ask,WavyWalnuts,Zhangyue Shen,9294628
2026-07-06T08:06:21.205916,2026-07-06T08:06:21.216488+00:00,162.9,200,ask,AverageAlmonds,WavyWalnuts,9294667
2026-07-06T08:06:24.230604,2026-07-06T08:06:24.242423+00:00,163.0,20,ask,YieldingYams,BrilliantBurritos,9294707
2026-07-06T08:06:24.780761,2026-07-06T08:06:24.792734+00:00,162.9,8,ask,YieldingYams,Zhangyue Shen,9294714
2026-07-06T08:06:25.608251,2026-07-06T08:06:25.615321+00:00,163.2,20,bid,BrilliantBurritos,YieldingYams,9294721
2026-07-06T08:06:26.958622,2026-07-06T08:06:26.970703+00:00,163.1,20,bid,BrilliantBurritos,YieldingYams,9294734
2026-07-06T08:06:28.316226,2026-07-06T08:06:28.325754+00:00,163.1,8,bid,Zhangyue Shen,YieldingYams,9294755
2026-07-06T08:06:28.480762,2026-07-06T08:06:28.491986+00:00,163.1,200,bid,WavyWalnuts,YieldingYams,9294758
2026-07-06T08:06:34.947988,2026-07-06T08:06:34.958541+00:00,163.0,200,bid,YieldingYams,WavyWalnuts,9294818
2026-07-06T08:06:35.742696,2026-07-06T08:06:35.749660+00:00,163.0,200,ask,YieldingYams,WavyWalnuts,9294830
2026-07-06T08:06:36.277168,2026-07-06T08:06:36.281231+00:00,163.0,23,bid,Xuanyu Liu,YieldingYams,9294836
2026-07-06T08:06:36.889247,2026-07-06T08:06:36.901020+00:00,163.0,8,bid,Zhangyue Shen,YieldingYams,9294845
2026-07-06T08:06:39.935413,2026-07-06T08:06:39.939213+00:00,163.0,14,bid,Xuanyu Liu,YieldingYams,9294876
2026-07-06T08:06:39.943743,2026-07-06T08:06:39.954443+00:00,163.0,8,bid,Zhangyue Shen,YieldingYams,9294877
2026-07-06T08:06:40.206814,2026-07-06T08:06:40.215763+00:00,163.0,3,bid,Zhangyue Shen,YieldingYams,9294885
2026-07-06T08:06:41.233376,2026-07-06T08:06:41.244588+00:00,163.1,8,bid,Zhangyue Shen,YieldingYams,9294901
2026-07-06T08:06:43.260672,2026-07-06T08:06:43.272678+00:00,163.2,8,bid,Zhangyue Shen,WavyWalnuts,9294923
2026-07-06T08:06:44.208343,2026-07-06T08:06:44.216264+00:00,163.2,200,bid,WavyWalnuts,YieldingYams,9294936
2026-07-06T08:06:46.122231,2026-07-06T08:06:46.129286+00:00,163.2,500,bid,AverageAlmonds,YieldingYams,9294958
2026-07-06T08:06:49.049197,2026-07-06T08:06:49.058581+00:00,163.2,200,bid,WavyWalnuts,YieldingYams,9294997
2026-07-06T08:06:49.540443,2026-07-06T08:06:49.550190+00:00,163.3,5,bid,Zhangyue Shen,YieldingYams,9295008
2026-07-06T08:06:50.258989,2026-07-06T08:06:50.268986+00:00,163.3,200,bid,WavyWalnuts,YieldingYams,9295014
2026-07-06T08:06:53.513083,2026-07-06T08:06:53.525044+00:00,163.4,20,bid,BrilliantBurritos,YieldingYams,9295059
2026-07-06T08:06:53.893450,2026-07-06T08:06:53.903244+00:00,163.4,200,bid,WavyWalnuts,YieldingYams,9295064
2026-07-06T08:06:57.536026,2026-07-06T08:06:57.547627+00:00,163.4,200,ask,YieldingYams,WavyWalnuts,9295100
2026-07-06T08:06:58.582552,2026-07-06T08:06:58.586609+00:00,163.4,3,bid,Xuanyu Liu,YieldingYams,9295121
2026-07-06T08:06:58.621812,2026-07-06T08:06:58.634019+00:00,163.4,35,bid,Tanishq Panjwani,YieldingYams,9295122
2026-07-06T08:06:58.712220,2026-07-06T08:06:58.724109+00:00,163.4,35,bid,Tanishq Panjwani,YieldingYams,9295125
2026-07-06T08:06:58.743077,2026-07-06T08:06:58.749799+00:00,163.4,200,bid,WavyWalnuts,YieldingYams,9295127
2026-07-06T08:06:58.801044,2026-07-06T08:06:58.812893+00:00,163.4,31,bid,Tanishq Panjwani,YieldingYams,9295129
2026-07-06T08:06:58.892030,2026-07-06T08:06:58.902155+00:00,163.2,31,ask,AverageAlmonds,Tanishq Panjwani,9295132
2026-07-06T08:06:59.488063,2026-07-06T08:06:59.492065+00:00,163.3,3,ask,AverageAlmonds,Xuanyu Liu,9295139
2026-07-06T08:07:02.627735,2026-07-06T08:07:02.638131+00:00,163.3,20,ask,YieldingYams,BrilliantBurritos,9295176
2026-07-06T08:07:03.810090,2026-07-06T08:07:03.819348+00:00,163.5,200,bid,YieldingYams,WavyWalnuts,9295187
2026-07-06T08:07:06.431520,2026-07-06T08:07:06.438683+00:00,163.5,200,ask,WavyWalnuts,YieldingYams,9295216
2026-07-06T08:07:08.355229,2026-07-06T08:07:08.356711+00:00,163.4,20,ask,YieldingYams,BrilliantBurritos,9295242
2026-07-06T08:07:11.687814,2026-07-06T08:07:11.699208+00:00,163.4,200,ask,WavyWalnuts,YieldingYams,9295285
2026-07-06T08:07:13.284758,2026-07-06T08:07:13.293558+00:00,163.3,200,bid,WavyWalnuts,YieldingYams,9295303
2026-07-06T08:07:14.528513,2026-07-06T08:07:14.539802+00:00,163.3,35,ask,WavyWalnuts,Tanishq Panjwani,9295319
2026-07-06T08:07:14.616867,2026-07-06T08:07:14.625485+00:00,163.3,35,ask,WavyWalnuts,Tanishq Panjwani,9295321
2026-07-06T08:07:16.937924,2026-07-06T08:07:16.949081+00:00,163.4,200,ask,WavyWalnuts,YieldingYams,9295350
2026-07-06T08:07:18.140465,2026-07-06T08:07:18.147605+00:00,163.4,200,bid,WavyWalnuts,YieldingYams,9295368
2026-07-06T08:07:23.487976,2026-07-06T08:07:23.499467+00:00,163.5,200,bid,YieldingYams,WavyWalnuts,9295442
2026-07-06T08:07:25.393555,2026-07-06T08:07:25.403786+00:00,163.6,200,bid,WavyWalnuts,YieldingYams,9295464
2026-07-06T08:07:27.438933,2026-07-06T08:07:27.443148+00:00,163.5,3,ask,YieldingYams,Xuanyu Liu,9295495
2026-07-06T08:07:27.523933,2026-07-06T08:07:27.534691+00:00,163.7,20,bid,BrilliantBurritos,WavyWalnuts,9295497
2026-07-06T08:07:28.742620,2026-07-06T08:07:28.746802+00:00,163.6,11,ask,YieldingYams,Xuanyu Liu,9295509
2026-07-06T08:07:30.340745,2026-07-06T08:07:30.348909+00:00,163.6,500,ask,YieldingYams,AverageAlmonds,9295534
2026-07-06T08:07:30.935161,2026-07-06T08:07:30.946345+00:00,163.6,125,ask,YieldingYams,AverageAlmonds,9295536
2026-07-06T08:07:31.438650,2026-07-06T08:07:31.449078+00:00,163.5,200,bid,WavyWalnuts,YieldingYams,9295543
2026-07-06T08:07:33.908726,2026-07-06T08:07:33.920668+00:00,163.3,8,ask,YieldingYams,Zhangyue Shen,9295569
2026-07-06T08:07:37.481436,2026-07-06T08:07:37.491273+00:00,163.5,200,ask,YieldingYams,WavyWalnuts,9295610
2026-07-06T08:07:39.204187,2026-07-06T08:07:39.208652+00:00,163.3,200,ask,WavyWalnuts,YieldingYams,9295628
2026-07-06T08:07:39.715307,2026-07-06T08:07:39.724916+00:00,163.1,8,ask,YieldingYams,Zhangyue Shen,9295637
2026-07-06T08:07:40.233450,2026-07-06T08:07:40.244581+00:00,163.1,8,ask,YieldingYams,Zhangyue Shen,9295647
2026-07-06T08:07:40.906976,2026-07-06T08:07:40.919079+00:00,163.3,20,bid,BrilliantBurritos,WavyWalnuts,9295657
2026-07-06T08:07:41.832725,2026-07-06T08:07:41.843064+00:00,163.2,200,bid,YieldingYams,WavyWalnuts,9295672
2026-07-06T08:07:43.523994,2026-07-06T08:07:43.535794+00:00,163.3,200,bid,WavyWalnuts,YieldingYams,9295692
2026-07-06T08:07:45.163383,2026-07-06T08:07:45.171966+00:00,163.3,20,ask,WavyWalnuts,BrilliantBurritos,9295713
2026-07-06T08:07:46.539605,2026-07-06T08:07:46.551720+00:00,163.4,8,ask,YieldingYams,Zhangyue Shen,9295739
2026-07-06T08:07:47.937958,2026-07-06T08:07:47.950085+00:00,163.4,20,ask,WavyWalnuts,BrilliantBurritos,9295755
2026-07-06T08:07:49.720022,2026-07-06T08:07:49.731300+00:00,163.5,200,ask,WavyWalnuts,YieldingYams,9295786
2026-07-06T08:07:50.786861,2026-07-06T08:07:50.794063+00:00,163.5,200,bid,WavyWalnuts,YieldingYams,9295804
2026-07-06T08:07:50.815071,2026-07-06T08:07:50.826862+00:00,163.2,8,ask,YieldingYams,Zhangyue Shen,9295805
2026-07-06T08:07:52.909393,2026-07-06T08:07:52.920347+00:00,163.5,20,bid,BrilliantBurritos,WavyWalnuts,9295830
2026-07-06T08:07:53.670436,2026-07-06T08:07:53.674874+00:00,163.4,12,ask,YieldingYams,Xuanyu Liu,9295842
2026-07-06T08:07:54.631474,2026-07-06T08:07:54.642611+00:00,163.4,8,ask,YieldingYams,Zhangyue Shen,9295855
2026-07-06T08:07:56.840803,2026-07-06T08:07:56.848217+00:00,163.2,200,ask,YieldingYams,WavyWalnuts,9295886
2026-07-06T08:07:59.258767,2026-07-06T08:07:59.270638+00:00,163.3,200,ask,YieldingYams,WavyWalnuts,9295917
2026-07-06T08:08:02.833802,2026-07-06T08:08:02.844520+00:00,163.1,200,ask,WavyWalnuts,YieldingYams,9295960
2026-07-06T08:08:02.850822,2026-07-06T08:08:02.854981+00:00,163.0,8,bid,Xuanyu Liu,YieldingYams,9295962
2026-07-06T08:08:02.888515,2026-07-06T08:08:02.899518+00:00,163.0,200,bid,WavyWalnuts,YieldingYams,9295964
2026-07-06T08:08:02.957516,2026-07-06T08:08:02.965077+00:00,162.8,8,ask,YieldingYams,Zhangyue Shen,9295966
2026-07-06T08:08:03.463144,2026-07-06T08:08:03.474756+00:00,163.0,8,bid,Zhangyue Shen,YieldingYams,9295973
2026-07-06T08:08:04.100431,2026-07-06T08:08:04.111333+00:00,163.0,200,bid,WavyWalnuts,YieldingYams,9295984
2026-07-06T08:08:05.311961,2026-07-06T08:08:05.319491+00:00,163.1,200,bid,WavyWalnuts,AverageAlmonds,9296000
2026-07-06T08:08:06.523429,2026-07-06T08:08:06.531615+00:00,163.0,200,bid,WavyWalnuts,AverageAlmonds,9296014
2026-07-06T08:08:07.735126,2026-07-06T08:08:07.744046+00:00,162.9,200,bid,WavyWalnuts,YieldingYams,9296038
2026-07-06T08:08:07.763415,2026-07-06T08:08:07.775398+00:00,162.9,8,bid,Zhangyue Shen,YieldingYams,9296040
2026-07-06T08:08:10.160561,2026-07-06T08:08:10.170207+00:00,162.8,200,ask,YieldingYams,WavyWalnuts,9296063
2026-07-06T08:08:10.723449,2026-07-06T08:08:10.727935+00:00,162.8,4,bid,Xuanyu Liu,YieldingYams,9296072
2026-07-06T08:08:11.384580,2026-07-06T08:08:11.388680+00:00,162.7,11,bid,Xuanyu Liu,WavyWalnuts,9296083
2026-07-06T08:08:11.721226,2026-07-06T08:08:11.733328+00:00,162.7,20,bid,BrilliantBurritos,WavyWalnuts,9296086
2026-07-06T08:08:11.808812,2026-07-06T08:08:11.820211+00:00,162.7,8,bid,Zhangyue Shen,WavyWalnuts,9296093
2026-07-06T08:08:12.632702,2026-07-06T08:08:12.644643+00:00,162.8,20,bid,BrilliantBurritos,WavyWalnuts,9296103
2026-07-06T08:08:13.322333,2026-07-06T08:08:13.331931+00:00,162.8,180,bid,YieldingYams,WavyWalnuts,9296116
2026-07-06T08:08:13.567171,2026-07-06T08:08:13.578975+00:00,162.8,8,ask,YieldingYams,Zhangyue Shen,9296122
2026-07-06T08:08:14.491969,2026-07-06T08:08:14.504297+00:00,162.9,20,bid,BrilliantBurritos,AverageAlmonds,9296131
2026-07-06T08:08:14.520108,2026-07-06T08:08:14.530497+00:00,162.8,437,ask,YieldingYams,AverageAlmonds,9296132
2026-07-06T08:08:14.520108,2026-07-06T08:08:14.530497+00:00,162.8,63,ask,WavyWalnuts,AverageAlmonds,9296133
2026-07-06T08:08:14.636065,2026-07-06T08:08:14.643540+00:00,162.8,137,ask,WavyWalnuts,YieldingYams,9296138
2026-07-06T08:08:14.987258,2026-07-06T08:08:14.996308+00:00,162.8,200,bid,WavyWalnuts,YieldingYams,9296144
2026-07-06T08:08:15.584213,2026-07-06T08:08:15.596412+00:00,162.8,8,bid,Zhangyue Shen,YieldingYams,9296156
2026-07-06T08:08:17.256312,2026-07-06T08:08:17.254517+00:00,162.7,500,bid,YieldingYams,AverageAlmonds,9296173
2026-07-06T08:08:17.408715,2026-07-06T08:08:17.418561+00:00,162.7,125,ask,YieldingYams,WavyWalnuts,9296175
2026-07-06T08:08:18.619034,2026-07-06T08:08:18.629652+00:00,162.6,200,bid,WavyWalnuts,YieldingYams,9296192
2026-07-06T08:08:19.380666,2026-07-06T08:08:19.384958+00:00,162.5,3,bid,Xuanyu Liu,AverageAlmonds,9296202
2026-07-06T08:08:19.830343,2026-07-06T08:08:19.839193+00:00,162.5,200,bid,WavyWalnuts,AverageAlmonds,9296208
2026-07-06T08:08:19.879290,2026-07-06T08:08:19.888159+00:00,162.5,297,bid,YieldingYams,AverageAlmonds,9296211
2026-07-06T08:08:19.897100,2026-07-06T08:08:19.900880+00:00,162.6,3,ask,YieldingYams,Xuanyu Liu,9296215
2026-07-06T08:08:19.962171,2026-07-06T08:08:19.973626+00:00,162.6,325,ask,YieldingYams,AverageAlmonds,9296219
2026-07-06T08:08:20.118657,2026-07-06T08:08:20.125684+00:00,162.5,8,bid,Zhangyue Shen,AverageAlmonds,9296223
2026-07-06T08:08:20.373562,2026-07-06T08:08:20.385495+00:00,161.6,8,ask,AverageAlmonds,Zhangyue Shen,9296227
2026-07-06T08:08:21.775736,2026-07-06T08:08:21.784434+00:00,162.4,200,ask,WavyWalnuts,AverageAlmonds,9296243
2026-07-06T08:08:22.254054,2026-07-06T08:08:22.258611+00:00,162.4,200,bid,WavyWalnuts,AverageAlmonds,9296252
2026-07-06T08:08:22.407325,2026-07-06T08:08:22.419078+00:00,162.3,8,ask,YieldingYams,Zhangyue Shen,9296257
2026-07-06T08:08:22.499669,2026-07-06T08:08:22.511476+00:00,162.4,500,bid,YieldingYams,AverageAlmonds,9296258
2026-07-06T08:08:22.973914,2026-07-06T08:08:22.981696+00:00,162.4,125,ask,YieldingYams,AverageAlmonds,9296262
2026-07-06T08:08:23.467263,2026-07-06T08:08:23.477847+00:00,162.4,200,bid,WavyWalnuts,AverageAlmonds,9296271
2026-07-06T08:08:23.693387,2026-07-06T08:08:23.700169+00:00,162.4,8,bid,Zhangyue Shen,AverageAlmonds,9296278
2026-07-06T08:08:24.514770,2026-07-06T08:08:24.525182+00:00,161.9,8,ask,YieldingYams,Zhangyue Shen,9296297
2026-07-06T08:08:24.677283,2026-07-06T08:08:24.686470+00:00,162.2,200,bid,WavyWalnuts,YieldingYams,9296302
2026-07-06T08:08:25.901362,2026-07-06T08:08:25.905406+00:00,162.2,11,ask,WavyWalnuts,Xuanyu Liu,9296319
2026-07-06T08:08:28.313626,2026-07-06T08:08:28.322924+00:00,162.4,8,bid,Zhangyue Shen,YieldingYams,9296352
2026-07-06T08:08:28.433964,2026-07-06T08:08:28.442929+00:00,162.3,200,ask,WavyWalnuts,AverageAlmonds,9296354
2026-07-06T08:08:29.048206,2026-07-06T08:08:29.051928+00:00,162.2,8,bid,Xuanyu Liu,AverageAlmonds,9296366
2026-07-06T08:08:29.076135,2026-07-06T08:08:29.086720+00:00,162.0,8,ask,YieldingYams,Zhangyue Shen,9296367
2026-07-06T08:08:29.355057,2026-07-06T08:08:29.366641+00:00,162.0,20,ask,YieldingYams,BrilliantBurritos,9296373
2026-07-06T08:08:29.516429,2026-07-06T08:08:29.524495+00:00,162.2,200,bid,WavyWalnuts,AverageAlmonds,9296376
2026-07-06T08:08:30.730099,2026-07-06T08:08:30.740161+00:00,162.3,200,bid,WavyWalnuts,AverageAlmonds,9296392
2026-07-06T08:08:33.164747,2026-07-06T08:08:33.168854+00:00,162.2,8,ask,WavyWalnuts,Xuanyu Liu,9296420
2026-07-06T08:08:34.359499,2026-07-06T08:08:34.370310+00:00,162.2,200,ask,YieldingYams,WavyWalnuts,9296438
2026-07-06T08:08:34.485874,2026-07-06T08:08:34.492556+00:00,162.2,425,ask,YieldingYams,AverageAlmonds,9296440
2026-07-06T08:08:35.565130,2026-07-06T08:08:35.573858+00:00,162.2,200,bid,WavyWalnuts,AverageAlmonds,9296454
2026-07-06T08:08:36.432206,2026-07-06T08:08:36.444350+00:00,161.9,8,ask,YieldingYams,Zhangyue Shen,9296470
2026-07-06T08:08:36.777438,2026-07-06T08:08:36.783087+00:00,162.2,200,bid,WavyWalnuts,YieldingYams,9296471
2026-07-06T08:08:37.202731,2026-07-06T08:08:37.211915+00:00,162.0,8,ask,YieldingYams,Zhangyue Shen,9296480
2026-07-06T08:08:38.130506,2026-07-06T08:08:38.139339+00:00,162.1,200,ask,WavyWalnuts,AverageAlmonds,9296483
2026-07-06T08:08:38.250323,2026-07-06T08:08:38.258545+00:00,162.1,300,bid,YieldingYams,AverageAlmonds,9296486
2026-07-06T08:08:38.725543,2026-07-06T08:08:38.735819+00:00,162.1,325,ask,YieldingYams,AverageAlmonds,9296500
2026-07-06T08:08:39.193093,2026-07-06T08:08:39.202017+00:00,162.0,175,bid,WavyWalnuts,AverageAlmonds,9296508
2026-07-06T08:08:39.327078,2026-07-06T08:08:39.338937+00:00,162.1,25,ask,WavyWalnuts,AverageAlmonds,9296511
2026-07-06T08:08:39.967446,2026-07-06T08:08:39.979283+00:00,161.8,20,ask,YieldingYams,BrilliantBurritos,9296516
2026-07-06T08:08:40.142144,2026-07-06T08:08:40.146327+00:00,162.0,14,bid,Xuanyu Liu,AverageAlmonds,9296525
2026-07-06T08:08:40.226905,2026-07-06T08:08:40.238795+00:00,162.0,8,bid,Zhangyue Shen,AverageAlmonds,9296526
2026-07-06T08:08:40.318352,2026-07-06T08:08:40.327759+00:00,161.8,20,ask,YieldingYams,BrilliantBurritos,9296527
2026-07-06T08:08:40.403621,2026-07-06T08:08:40.412106+00:00,162.0,200,bid,WavyWalnuts,AverageAlmonds,9296528
2026-07-06T08:08:40.871032,2026-07-06T08:08:40.879137+00:00,162.0,500,bid,YieldingYams,AverageAlmonds,9296535
2026-07-06T08:08:41.136288,2026-07-06T08:08:41.143288+00:00,162.0,125,ask,YieldingYams,AverageAlmonds,9296539
2026-07-06T08:08:41.510466,2026-07-06T08:08:41.522509+00:00,162.0,8,bid,Zhangyue Shen,AverageAlmonds,9296550
2026-07-06T08:08:42.181776,2026-07-06T08:08:42.193720+00:00,161.9,200,ask,WavyWalnuts,YieldingYams,9296560
2026-07-06T08:08:42.559226,2026-07-06T08:08:42.570949+00:00,161.8,8,bid,Zhangyue Shen,YieldingYams,9296565
2026-07-06T08:08:42.819865,2026-07-06T08:08:42.829319+00:00,161.8,200,bid,WavyWalnuts,YieldingYams,9296568
2026-07-06T08:08:42.987063,2026-07-06T08:08:42.997413+00:00,161.6,20,ask,YieldingYams,BrilliantBurritos,9296571
2026-07-06T08:08:43.602705,2026-07-06T08:08:43.611314+00:00,161.6,8,ask,YieldingYams,Zhangyue Shen,9296582
2026-07-06T08:08:45.360589,2026-07-06T08:08:45.372675+00:00,161.7,8,ask,YieldingYams,Zhangyue Shen,9296606
2026-07-06T08:08:45.878835,2026-07-06T08:08:45.890688+00:00,161.7,8,ask,YieldingYams,Zhangyue Shen,9296611
2026-07-06T08:08:46.455110,2026-07-06T08:08:46.464171+00:00,161.8,200,ask,YieldingYams,WavyWalnuts,9296621
2026-07-06T08:08:48.725945,2026-07-06T08:08:48.737726+00:00,161.8,200,bid,YieldingYams,WavyWalnuts,9296654
2026-07-06T08:08:48.725945,2026-07-06T08:08:48.737726+00:00,161.9,425,bid,YieldingYams,AverageAlmonds,9296655
2026-07-06T08:08:49.927474,2026-07-06T08:08:49.933949+00:00,161.6,8,ask,WavyWalnuts,Zhangyue Shen,9296668
2026-07-06T08:08:51.408978,2026-07-06T08:08:51.413488+00:00,161.8,14,ask,YieldingYams,Xuanyu Liu,9296689
2026-07-06T08:08:51.471902,2026-07-06T08:08:51.481544+00:00,161.8,8,ask,YieldingYams,Zhangyue Shen,9296691
2026-07-06T08:08:51.978053,2026-07-06T08:08:51.990192+00:00,161.8,8,ask,YieldingYams,Zhangyue Shen,9296706
2026-07-06T08:08:52.663006,2026-07-06T08:08:52.674318+00:00,161.9,500,bid,YieldingYams,AverageAlmonds,9296716
2026-07-06T08:08:52.663006,2026-07-06T08:08:52.674318+00:00,162.0,125,bid,YieldingYams,WavyWalnuts,9296717
2026-07-06T08:08:52.752518,2026-07-06T08:08:52.768695+00:00,161.8,3,ask,WavyWalnuts,Zhangyue Shen,9296719
2026-07-06T08:08:53.022645,2026-07-06T08:08:53.029999+00:00,161.8,8,ask,WavyWalnuts,Zhangyue Shen,9296722
2026-07-06T08:08:53.244240,2026-07-06T08:08:53.254498+00:00,161.8,189,ask,WavyWalnuts,AverageAlmonds,9296728
2026-07-06T08:08:53.722516,2026-07-06T08:08:53.732363+00:00,161.8,200,bid,WavyWalnuts,AverageAlmonds,9296732
2026-07-06T08:08:53.973212,2026-07-06T08:08:53.982683+00:00,161.7,500,bid,YieldingYams,AverageAlmonds,9296736
2026-07-06T08:08:54.555161,2026-07-06T08:08:54.564561+00:00,161.8,8,bid,Zhangyue Shen,AverageAlmonds,9296747
2026-07-06T08:08:54.932832,2026-07-06T08:08:54.939680+00:00,161.8,200,bid,WavyWalnuts,AverageAlmonds,9296751
2026-07-06T08:08:55.698828,2026-07-06T08:08:55.702517+00:00,161.7,11,bid,Xuanyu Liu,AverageAlmonds,9296764
2026-07-06T08:08:56.070629,2026-07-06T08:08:56.079288+00:00,161.5,8,ask,YieldingYams,Zhangyue Shen,9296771
2026-07-06T08:08:56.145356,2026-07-06T08:08:56.158595+00:00,161.7,200,bid,WavyWalnuts,AverageAlmonds,9296774
2026-07-06T08:08:56.326402,2026-07-06T08:08:56.338265+00:00,161.5,8,ask,YieldingYams,Zhangyue Shen,9296777
2026-07-06T08:08:56.895538,2026-07-06T08:08:56.903807+00:00,161.5,500,ask,YieldingYams,AverageAlmonds,9296782
2026-07-06T08:08:57.370882,2026-07-06T08:08:57.374752+00:00,161.7,11,ask,WavyWalnuts,Xuanyu Liu,9296787
2026-07-06T08:08:57.490513,2026-07-06T08:08:57.500295+00:00,161.7,189,ask,WavyWalnuts,AverageAlmonds,9296788
2026-07-06T08:08:58.117487,2026-07-06T08:08:58.129081+00:00,161.2,8,ask,YieldingYams,Zhangyue Shen,9296795
2026-07-06T08:08:58.373108,2026-07-06T08:08:58.384235+00:00,161.2,8,ask,YieldingYams,Zhangyue Shen,9296800
2026-07-06T08:08:58.563705,2026-07-06T08:08:58.573016+00:00,161.5,200,bid,WavyWalnuts,YieldingYams,9296802
2026-07-06T08:09:00.892873,2026-07-06T08:09:00.897093+00:00,161.4,12,ask,WavyWalnuts,Xuanyu Liu,9296836
2026-07-06T08:09:01.749070,2026-07-06T08:09:01.758027+00:00,161.3,500,ask,YieldingYams,AverageAlmonds,9296852
2026-07-06T08:09:01.857841,2026-07-06T08:09:01.869627+00:00,161.3,200,ask,WavyWalnuts,YieldingYams,9296857
2026-07-06T08:09:01.938968,2026-07-06T08:09:01.942839+00:00,161.2,5,bid,Xuanyu Liu,YieldingYams,9296859
2026-07-06T08:09:02.186344,2026-07-06T08:09:02.196519+00:00,161.0,5,ask,YieldingYams,Zhangyue Shen,9296865
2026-07-06T08:09:02.191346,2026-07-06T08:09:02.201722+00:00,161.2,200,bid,WavyWalnuts,YieldingYams,9296866
2026-07-06T08:09:05.508981,2026-07-06T08:09:05.512701+00:00,161.1,16,ask,YieldingYams,Xuanyu Liu,9296907
2026-07-06T08:09:05.836518,2026-07-06T08:09:05.840629+00:00,161.2,12,ask,WavyWalnuts,Xuanyu Liu,9296913
2026-07-06T08:09:08.415265,2026-07-06T08:09:08.426928+00:00,161.2,200,bid,YieldingYams,WavyWalnuts,9296946
2026-07-06T08:09:11.866211,2026-07-06T08:09:11.882004+00:00,161.1,200,ask,YieldingYams,WavyWalnuts,9296995
2026-07-06T08:09:13.664407,2026-07-06T08:09:13.674191+00:00,160.9,200,ask,WavyWalnuts,YieldingYams,9297019
2026-07-06T08:09:18.124362,2026-07-06T08:09:18.128436+00:00,160.8,12,bid,Xuanyu Liu,YieldingYams,9297057
2026-07-06T08:09:19.897079,2026-07-06T08:09:19.908741+00:00,160.8,200,bid,AverageAlmonds,WavyWalnuts,9297076
2026-07-06T08:09:19.897079,2026-07-06T08:09:19.908741+00:00,160.9,300,bid,AverageAlmonds,YieldingYams,9297077
2026-07-06T08:09:20.492042,2026-07-06T08:09:20.500824+00:00,160.9,500,bid,AverageAlmonds,YieldingYams,9297083
2026-07-06T08:09:21.103594,2026-07-06T08:09:21.114469+00:00,160.9,125,bid,AverageAlmonds,YieldingYams,9297091
2026-07-06T08:09:21.103594,2026-07-06T08:09:21.114469+00:00,160.9,200,bid,AverageAlmonds,WavyWalnuts,9297092
2026-07-06T08:09:21.535466,2026-07-06T08:09:21.542685+00:00,160.9,175,ask,AverageAlmonds,WavyWalnuts,9297098
2026-07-06T08:09:21.555452,2026-07-06T08:09:21.559774+00:00,160.9,11,bid,Xuanyu Liu,WavyWalnuts,9297101
2026-07-06T08:09:21.699496,2026-07-06T08:09:21.707057+00:00,160.9,14,bid,AverageAlmonds,WavyWalnuts,9297102
2026-07-06T08:09:22.823377,2026-07-06T08:09:22.830324+00:00,160.9,500,ask,AverageAlmonds,YieldingYams,9297113
2026-07-06T08:09:22.823377,2026-07-06T08:09:22.835333+00:00,160.8,125,ask,WavyWalnuts,YieldingYams,9297114
2026-07-06T08:09:23.952329,2026-07-06T08:09:23.958614+00:00,161.0,200,ask,AverageAlmonds,WavyWalnuts,9297126
2026-07-06T08:09:24.501647,2026-07-06T08:09:24.505659+00:00,161.0,57,ask,AverageAlmonds,Xuanyu Liu,9297134
2026-07-06T08:09:25.955463,2026-07-06T08:09:25.958566+00:00,161.0,200,bid,AverageAlmonds,WavyWalnuts,9297151
2026-07-06T08:09:26.157114,2026-07-06T08:09:26.161113+00:00,161.1,12,bid,Xuanyu Liu,YieldingYams,9297156
2026-07-06T08:09:26.352834,2026-07-06T08:09:26.364915+00:00,161.0,20,ask,AverageAlmonds,BrilliantBurritos,9297160
2026-07-06T08:09:26.369298,2026-07-06T08:09:26.377425+00:00,161.0,200,ask,AverageAlmonds,WavyWalnuts,9297161
2026-07-06T08:09:27.591629,2026-07-06T08:09:27.596288+00:00,161.0,11,bid,Xuanyu Liu,WavyWalnuts,9297181
2026-07-06T08:09:28.362811,2026-07-06T08:09:28.370029+00:00,161.0,189,bid,AverageAlmonds,WavyWalnuts,9297189
2026-07-06T08:09:29.992790,2026-07-06T08:09:30.000969+00:00,161.0,200,ask,YieldingYams,WavyWalnuts,9297214
2026-07-06T08:09:33.335227,2026-07-06T08:09:33.344960+00:00,161.0,200,bid,YieldingYams,WavyWalnuts,9297266
2026-07-06T08:09:33.840195,2026-07-06T08:09:33.851010+00:00,161.1,20,bid,BrilliantBurritos,WavyWalnuts,9297272
2026-07-06T08:09:35.955739,2026-07-06T08:09:35.958534+00:00,161.1,200,bid,YieldingYams,WavyWalnuts,9297302
2026-07-06T08:09:37.258464,2026-07-06T08:09:37.265611+00:00,161.1,200,ask,YieldingYams,WavyWalnuts,9297316
2026-07-06T08:09:37.274557,2026-07-06T08:09:37.286405+00:00,160.9,500,ask,AverageAlmonds,YieldingYams,9297317
2026-07-06T08:09:37.274557,2026-07-06T08:09:37.286405+00:00,160.9,125,ask,WavyWalnuts,YieldingYams,9297318
2026-07-06T08:09:38.486548,2026-07-06T08:09:38.490397+00:00,161.1,11,bid,Xuanyu Liu,WavyWalnuts,9297331
2026-07-06T08:09:39.266513,2026-07-06T08:09:39.274230+00:00,161.1,189,bid,AverageAlmonds,WavyWalnuts,9297341
2026-07-06T08:09:39.266513,2026-07-06T08:09:39.279443+00:00,161.2,311,bid,AverageAlmonds,YieldingYams,9297342
2026-07-06T08:09:39.859750,2026-07-06T08:09:39.869883+00:00,161.2,314,bid,AverageAlmonds,YieldingYams,9297351
2026-07-06T08:09:39.859750,2026-07-06T08:09:39.869883+00:00,161.3,186,bid,AverageAlmonds,WavyWalnuts,9297352
2026-07-06T08:09:40.462207,2026-07-06T08:09:40.470481+00:00,161.3,14,bid,AverageAlmonds,WavyWalnuts,9297361
2026-07-06T08:09:40.884846,2026-07-06T08:09:40.892872+00:00,161.4,200,ask,AverageAlmonds,WavyWalnuts,9297368
2026-07-06T08:09:41.071687,2026-07-06T08:09:41.081286+00:00,161.5,500,bid,AverageAlmonds,YieldingYams,9297370
2026-07-06T08:09:42.095425,2026-07-06T08:09:42.102763+00:00,161.5,200,ask,AverageAlmonds,WavyWalnuts,9297387
2026-07-06T08:09:42.302713,2026-07-06T08:09:42.314295+00:00,161.6,500,bid,AverageAlmonds,YieldingYams,9297391
2026-07-06T08:09:42.900531,2026-07-06T08:09:42.907454+00:00,161.6,500,bid,AverageAlmonds,YieldingYams,9297397
2026-07-06T08:09:43.443358,2026-07-06T08:09:43.447576+00:00,161.6,23,bid,Xuanyu Liu,YieldingYams,9297404
2026-07-06T08:09:43.501328,2026-07-06T08:09:43.510038+00:00,161.6,102,bid,AverageAlmonds,YieldingYams,9297405
2026-07-06T08:09:43.501328,2026-07-06T08:09:43.515358+00:00,161.6,200,bid,AverageAlmonds,WavyWalnuts,9297406
2026-07-06T08:09:44.265815,2026-07-06T08:09:44.277689+00:00,161.9,20,bid,BrilliantBurritos,YieldingYams,9297423
2026-07-06T08:09:44.511809,2026-07-06T08:09:44.520932+00:00,161.7,200,ask,AverageAlmonds,WavyWalnuts,9297426
2026-07-06T08:09:45.720462,2026-07-06T08:09:45.728226+00:00,161.7,200,ask,AverageAlmonds,WavyWalnuts,9297436
2026-07-06T08:09:46.440536,2026-07-06T08:09:46.451243+00:00,161.7,500,ask,AverageAlmonds,YieldingYams,9297443
2026-07-06T08:09:46.516975,2026-07-06T08:09:46.526071+00:00,161.7,125,bid,AverageAlmonds,YieldingYams,9297444
2026-07-06T08:09:46.614015,2026-07-06T08:09:46.621696+00:00,162.6,16,bid,Zhangyue Shen,AverageAlmonds,9297448
2026-07-06T08:09:46.949054,2026-07-06T08:09:46.953632+00:00,161.8,26,bid,Xuanyu Liu,WavyWalnuts,9297457
2026-07-06T08:09:47.757070,2026-07-06T08:09:47.758690+00:00,161.8,174,bid,YieldingYams,WavyWalnuts,9297468
2026-07-06T08:09:48.928880,2026-07-06T08:09:48.940509+00:00,161.9,8,bid,Zhangyue Shen,WavyWalnuts,9297490
2026-07-06T08:09:49.448593,2026-07-06T08:09:49.460445+00:00,161.8,20,ask,YieldingYams,BrilliantBurritos,9297495
2026-07-06T08:09:49.831521,2026-07-06T08:09:49.835598+00:00,161.8,3,ask,YieldingYams,Xuanyu Liu,9297505
2026-07-06T08:09:50.561069,2026-07-06T08:09:50.569015+00:00,161.8,200,ask,YieldingYams,WavyWalnuts,9297518
2026-07-06T08:09:53.001892,2026-07-06T08:09:53.008864+00:00,161.8,500,ask,AverageAlmonds,YieldingYams,9297549
2026-07-06T08:09:53.205518,2026-07-06T08:09:53.216914+00:00,161.8,8,bid,Zhangyue Shen,YieldingYams,9297555
2026-07-06T08:09:54.311569,2026-07-06T08:09:54.319290+00:00,161.8,200,bid,YieldingYams,WavyWalnuts,9297572
2026-07-06T08:09:54.836634,2026-07-06T08:09:54.844263+00:00,162.2,20,bid,BrilliantBurritos,YieldingYams,9297580
2026-07-06T08:09:55.413265,2026-07-06T08:09:55.421879+00:00,162.0,200,ask,YieldingYams,WavyWalnuts,9297591
2026-07-06T08:09:55.681331,2026-07-06T08:09:55.685527+00:00,161.8,3,bid,Xuanyu Liu,YieldingYams,9297597
2026-07-06T08:09:56.271613,2026-07-06T08:09:56.279933+00:00,161.8,8,bid,Zhangyue Shen,YieldingYams,9297603
2026-07-06T08:09:56.622045,2026-07-06T08:09:56.629291+00:00,161.8,200,bid,WavyWalnuts,YieldingYams,9297608
2026-07-06T08:09:59.046726,2026-07-06T08:09:59.058615+00:00,161.9,200,bid,WavyWalnuts,YieldingYams,9297633
2026-07-06T08:10:00.259605,2026-07-06T08:10:00.267467+00:00,162.0,200,bid,WavyWalnuts,YieldingYams,9297646
2026-07-06T08:10:02.210896,2026-07-06T08:10:02.219369+00:00,162.1,200,ask,WavyWalnuts,YieldingYams,9297677
2026-07-06T08:10:03.337826,2026-07-06T08:10:03.344601+00:00,162.0,8,ask,WavyWalnuts,Zhangyue Shen,9297691
2026-07-06T08:10:03.910664,2026-07-06T08:10:03.915180+00:00,162.1,3,ask,WavyWalnuts,Xuanyu Liu,9297700
2026-07-06T08:10:05.861157,2026-07-06T08:10:05.872968+00:00,162.1,8,ask,WavyWalnuts,Zhangyue Shen,9297724
2026-07-06T08:10:07.381210,2026-07-06T08:10:07.392993+00:00,162.2,8,ask,WavyWalnuts,Zhangyue Shen,9297749
2026-07-06T08:10:07.448976,2026-07-06T08:10:07.454918+00:00,162.2,192,ask,WavyWalnuts,YieldingYams,9297750
2026-07-06T08:10:07.888093,2026-07-06T08:10:07.900233+00:00,162.2,8,bid,Zhangyue Shen,YieldingYams,9297762
2026-07-06T08:10:08.826871,2026-07-06T08:10:08.831706+00:00,162.0,34,ask,WavyWalnuts,Xuanyu Liu,9297774
2026-07-06T08:10:09.405399,2026-07-06T08:10:09.411914+00:00,162.0,8,ask,WavyWalnuts,Zhangyue Shen,9297785
2026-07-06T08:10:11.166443,2026-07-06T08:10:11.174669+00:00,162.1,200,ask,YieldingYams,WavyWalnuts,9297802
2026-07-06T08:10:12.379389,2026-07-06T08:10:12.388874+00:00,162.1,200,ask,YieldingYams,WavyWalnuts,9297816
2026-07-06T08:10:12.427146,2026-07-06T08:10:12.439298+00:00,162.1,8,ask,YieldingYams,Zhangyue Shen,9297817
2026-07-06T08:10:14.803413,2026-07-06T08:10:14.813283+00:00,162.0,200,ask,YieldingYams,WavyWalnuts,9297846
2026-07-06T08:10:15.034740,2026-07-06T08:10:15.044382+00:00,162.3,20,bid,BrilliantBurritos,YieldingYams,9297847
2026-07-06T08:10:16.017136,2026-07-06T08:10:16.027345+00:00,161.9,200,ask,YieldingYams,WavyWalnuts,9297861
2026-07-06T08:10:16.613596,2026-07-06T08:10:16.633768+00:00,161.9,500,ask,AverageAlmonds,YieldingYams,9297869
2026-07-06T08:10:16.629310,2026-07-06T08:10:16.633768+00:00,161.8,8,bid,Xuanyu Liu,YieldingYams,9297871
2026-07-06T08:10:16.641272,2026-07-06T08:10:16.645861+00:00,161.8,3,bid,Xuanyu Liu,YieldingYams,9297873
2026-07-06T08:10:16.715602,2026-07-06T08:10:16.724777+00:00,161.6,8,ask,WavyWalnuts,Zhangyue Shen,9297874
2026-07-06T08:10:16.785954,2026-07-06T08:10:16.793236+00:00,161.8,114,bid,AverageAlmonds,YieldingYams,9297875
2026-07-06T08:10:17.394171,2026-07-06T08:10:17.404920+00:00,162.0,200,bid,AverageAlmonds,WavyWalnuts,9297882
2026-07-06T08:10:17.571872,2026-07-06T08:10:17.583978+00:00,162.9,20,bid,BrilliantBurritos,AverageAlmonds,9297886
2026-07-06T08:10:18.440491,2026-07-06T08:10:18.448349+00:00,161.9,200,ask,AverageAlmonds,WavyWalnuts,9297897
2026-07-06T08:10:19.649956,2026-07-06T08:10:19.658615+00:00,162.0,200,ask,AverageAlmonds,WavyWalnuts,9297914
2026-07-06T08:10:20.211720,2026-07-06T08:10:20.223651+00:00,162.0,20,ask,AverageAlmonds,BrilliantBurritos,9297923
2026-07-06T08:10:20.434144,2026-07-06T08:10:20.445605+00:00,162.1,500,bid,AverageAlmonds,YieldingYams,9297924
2026-07-06T08:10:20.866199,2026-07-06T08:10:20.878022+00:00,162.1,200,ask,YieldingYams,WavyWalnuts,9297936
2026-07-06T08:10:22.094562,2026-07-06T08:10:22.098552+00:00,162.1,23,bid,Xuanyu Liu,WavyWalnuts,9297955
2026-07-06T08:10:22.785604,2026-07-06T08:10:22.794067+00:00,162.1,8,bid,Zhangyue Shen,WavyWalnuts,9297969
2026-07-06T08:10:23.287843,2026-07-06T08:10:23.295023+00:00,162.0,200,ask,YieldingYams,WavyWalnuts,9297978
2026-07-06T08:10:24.521643,2026-07-06T08:10:24.525472+00:00,162.0,3,bid,Xuanyu Liu,WavyWalnuts,9297992
2026-07-06T08:10:25.284546,2026-07-06T08:10:25.291872+00:00,162.0,197,bid,AverageAlmonds,WavyWalnuts,9298001
2026-07-06T08:10:25.305331,2026-07-06T08:10:25.309395+00:00,162.0,3,ask,AverageAlmonds,Xuanyu Liu,9298003
2026-07-06T08:10:27.074455,2026-07-06T08:10:27.086528+00:00,161.9,7,ask,YieldingYams,Zhangyue Shen,9298027
2026-07-06T08:10:27.800451,2026-07-06T08:10:27.804484+00:00,162.1,3,bid,Xuanyu Liu,WavyWalnuts,9298040
2026-07-06T08:10:27.847720,2026-07-06T08:10:27.856124+00:00,162.1,7,bid,Zhangyue Shen,WavyWalnuts,9298045
2026-07-06T08:10:29.104368,2026-07-06T08:10:29.116258+00:00,161.9,8,ask,WavyWalnuts,Zhangyue Shen,9298060
2026-07-06T08:10:29.731815,2026-07-06T08:10:29.740872+00:00,162.0,200,ask,WavyWalnuts,YieldingYams,9298063
2026-07-06T08:10:31.043442,2026-07-06T08:10:31.053916+00:00,161.9,200,ask,WavyWalnuts,YieldingYams,9298079
2026-07-06T08:10:31.043442,2026-07-06T08:10:31.053916+00:00,161.9,425,ask,AverageAlmonds,YieldingYams,9298080
2026-07-06T08:10:31.764724,2026-07-06T08:10:31.768788+00:00,162.0,3,ask,WavyWalnuts,Xuanyu Liu,9298083
2026-07-06T08:10:31.809557,2026-07-06T08:10:31.821589+00:00,162.0,20,ask,WavyWalnuts,BrilliantBurritos,9298085
2026-07-06T08:10:34.685203,2026-07-06T08:10:34.696994+00:00,162.1,8,bid,Zhangyue Shen,YieldingYams,9298122
2026-07-06T08:10:35.878560,2026-07-06T08:10:35.882835+00:00,161.9,11,ask,YieldingYams,Xuanyu Liu,9298138
2026-07-06T08:10:35.958225,2026-07-06T08:10:35.967292+00:00,161.9,8,ask,YieldingYams,Zhangyue Shen,9298139
2026-07-06T08:10:37.618548,2026-07-06T08:10:37.623332+00:00,161.9,12,ask,YieldingYams,Xuanyu Liu,9298165
2026-07-06T08:10:39.002527,2026-07-06T08:10:39.009485+00:00,162.0,200,bid,WavyWalnuts,YieldingYams,9298180
2026-07-06T08:10:39.128574,2026-07-06T08:10:39.140567+00:00,162.0,20,bid,BrilliantBurritos,YieldingYams,9298186
2026-07-06T08:10:40.228889,2026-07-06T08:10:40.233259+00:00,162.0,11,ask,WavyWalnuts,Xuanyu Liu,9298199
2026-07-06T08:10:41.537366,2026-07-06T08:10:41.541383+00:00,162.0,11,bid,Xuanyu Liu,YieldingYams,9298223
2026-07-06T08:10:41.732856,2026-07-06T08:10:41.745002+00:00,162.0,8,bid,Zhangyue Shen,YieldingYams,9298229
2026-07-06T08:10:42.631561,2026-07-06T08:10:42.643052+00:00,162.0,200,bid,WavyWalnuts,YieldingYams,9298242
2026-07-06T08:10:45.858948,2026-07-06T08:10:45.869071+00:00,162.0,500,bid,AverageAlmonds,YieldingYams,9298272
2026-07-06T08:10:46.470293,2026-07-06T08:10:46.480509+00:00,162.0,125,bid,AverageAlmonds,YieldingYams,9298282
2026-07-06T08:10:46.470293,2026-07-06T08:10:46.480509+00:00,162.1,200,bid,AverageAlmonds,WavyWalnuts,9298283
2026-07-06T08:10:46.500612,2026-07-06T08:10:46.504921+00:00,162.2,11,ask,AverageAlmonds,Xuanyu Liu,9298285
2026-07-06T08:10:46.711773,2026-07-06T08:10:46.718609+00:00,162.2,3,ask,AverageAlmonds,Zhangyue Shen,9298291
2026-07-06T08:10:46.802241,2026-07-06T08:10:46.805973+00:00,162.3,37,bid,Xuanyu Liu,YieldingYams,9298294
2026-07-06T08:10:46.975358,2026-07-06T08:10:46.985297+00:00,162.3,8,bid,Zhangyue Shen,YieldingYams,9298297
2026-07-06T08:10:47.468087,2026-07-06T08:10:47.476370+00:00,162.2,200,ask,AverageAlmonds,WavyWalnuts,9298305
2026-07-06T08:10:48.245247,2026-07-06T08:10:48.258552+00:00,162.4,8,bid,Zhangyue Shen,YieldingYams,9298310
2026-07-06T08:10:48.676545,2026-07-06T08:10:48.684271+00:00,162.2,200,ask,YieldingYams,WavyWalnuts,9298318
2026-07-06T08:10:49.883361,2026-07-06T08:10:49.891072+00:00,162.2,200,ask,YieldingYams,WavyWalnuts,9298331
2026-07-06T08:10:49.941603,2026-07-06T08:10:49.945548+00:00,162.2,3,ask,YieldingYams,Xuanyu Liu,9298335
2026-07-06T08:10:50.117237,2026-07-06T08:10:50.121321+00:00,162.3,11,ask,AverageAlmonds,Xuanyu Liu,9298338
2026-07-06T08:10:50.698852,2026-07-06T08:10:50.710088+00:00,162.4,500,bid,AverageAlmonds,YieldingYams,9298348
2026-07-06T08:10:50.977409,2026-07-06T08:10:50.989446+00:00,162.3,20,ask,YieldingYams,BrilliantBurritos,9298353
2026-07-06T08:10:51.093012,2026-07-06T08:10:51.100438+00:00,162.3,200,ask,YieldingYams,WavyWalnuts,9298356
2026-07-06T08:10:51.320276,2026-07-06T08:10:51.324182+00:00,162.4,12,ask,AverageAlmonds,Xuanyu Liu,9298360
2026-07-06T08:10:52.035166,2026-07-06T08:10:52.046550+00:00,162.4,500,ask,AverageAlmonds,YieldingYams,9298371
2026-07-06T08:10:52.299205,2026-07-06T08:10:52.308626+00:00,162.3,8,bid,Zhangyue Shen,YieldingYams,9298377
2026-07-06T08:10:52.497138,2026-07-06T08:10:52.507205+00:00,162.3,117,bid,AverageAlmonds,YieldingYams,9298381
2026-07-06T08:10:52.497138,2026-07-06T08:10:52.507205+00:00,162.3,200,bid,AverageAlmonds,WavyWalnuts,9298382
2026-07-06T08:10:52.567314,2026-07-06T08:10:52.574451+00:00,162.4,8,ask,AverageAlmonds,Zhangyue Shen,9298389
2026-07-06T08:10:53.330020,2026-07-06T08:10:53.339978+00:00,163.2,8,bid,Zhangyue Shen,AverageAlmonds,9298402
2026-07-06T08:10:53.364738,2026-07-06T08:10:53.369064+00:00,162.6,26,bid,Xuanyu Liu,YieldingYams,9298404
2026-07-06T08:10:53.511519,2026-07-06T08:10:53.518886+00:00,162.4,200,ask,YieldingYams,WavyWalnuts,9298406
2026-07-06T08:10:53.856340,2026-07-06T08:10:53.864061+00:00,162.6,3,bid,Zhangyue Shen,YieldingYams,9298409
2026-07-06T08:10:54.119828,2026-07-06T08:10:54.131538+00:00,162.6,3,bid,Zhangyue Shen,YieldingYams,9298416
2026-07-06T08:10:54.375380,2026-07-06T08:10:54.387352+00:00,162.6,8,bid,Zhangyue Shen,YieldingYams,9298421
2026-07-06T08:10:59.918935,2026-07-06T08:10:59.922408+00:00,162.4,3,ask,YieldingYams,Xuanyu Liu,9298485
2026-07-06T08:10:59.929567,2026-07-06T08:10:59.938033+00:00,162.5,3,bid,Zhangyue Shen,WavyWalnuts,9298486
2026-07-06T08:11:00.936034,2026-07-06T08:11:00.948269+00:00,162.6,8,bid,Zhangyue Shen,YieldingYams,9298499
2026-07-06T08:11:02.967604,2026-07-06T08:11:02.979183+00:00,162.6,8,bid,Zhangyue Shen,YieldingYams,9298534
2026-07-06T08:11:05.140127,2026-07-06T08:11:05.169460+00:00,162.4,200,ask,WavyWalnuts,YieldingYams,9298560
2026-07-06T08:11:05.165556,2026-07-06T08:11:05.169460+00:00,162.3,3,bid,Xuanyu Liu,YieldingYams,9298563
2026-07-06T08:11:05.550024,2026-07-06T08:11:05.563841+00:00,162.3,8,bid,Zhangyue Shen,YieldingYams,9298570
2026-07-06T08:11:05.605401,2026-07-06T08:11:05.615267+00:00,162.3,200,bid,WavyWalnuts,YieldingYams,9298571
2026-07-06T08:11:06.461586,2026-07-06T08:11:06.465656+00:00,162.2,3,ask,YieldingYams,Xuanyu Liu,9298585
2026-07-06T08:11:10.423680,2026-07-06T08:11:10.431316+00:00,162.4,8,bid,Zhangyue Shen,YieldingYams,9298650
2026-07-06T08:11:13.484253,2026-07-06T08:11:13.496215+00:00,162.3,8,ask,AverageAlmonds,Zhangyue Shen,9298685
2026-07-06T08:11:14.514457,2026-07-06T08:11:14.526224+00:00,162.3,20,ask,WavyWalnuts,BrilliantBurritos,9298698
2026-07-06T08:11:15.755217,2026-07-06T08:11:15.765640+00:00,162.3,8,ask,WavyWalnuts,Zhangyue Shen,9298716
2026-07-06T08:11:18.459565,2026-07-06T08:11:18.464142+00:00,162.2,34,ask,WavyWalnuts,Xuanyu Liu,9298746
2026-07-06T08:11:18.552875,2026-07-06T08:11:18.562494+00:00,162.3,8,bid,Zhangyue Shen,YieldingYams,9298748
2026-07-06T08:11:19.575475,2026-07-06T08:11:19.585404+00:00,162.2,200,ask,WavyWalnuts,YieldingYams,9298766
2026-07-06T08:11:20.061439,2026-07-06T08:11:20.073644+00:00,162.0,8,ask,YieldingYams,Zhangyue Shen,9298774
2026-07-06T08:11:20.129647,2026-07-06T08:11:20.139598+00:00,162.2,200,bid,WavyWalnuts,YieldingYams,9298775
2026-07-06T08:11:22.114775,2026-07-06T08:11:22.126651+00:00,162.2,8,ask,AverageAlmonds,Zhangyue Shen,9298806
2026-07-06T08:11:22.174539,2026-07-06T08:11:22.184793+00:00,162.4,500,bid,AverageAlmonds,YieldingYams,9298807
2026-07-06T08:11:22.202684,2026-07-06T08:11:22.210840+00:00,162.4,200,bid,YieldingYams,WavyWalnuts,9298811
2026-07-06T08:11:23.883838,2026-07-06T08:11:23.895578+00:00,162.3,8,ask,AverageAlmonds,Zhangyue Shen,9298831
2026-07-06T08:11:24.824492,2026-07-06T08:11:24.836058+00:00,162.5,200,bid,YieldingYams,WavyWalnuts,9298842
2026-07-06T08:11:24.843792,2026-07-06T08:11:24.848077+00:00,162.5,23,ask,YieldingYams,Xuanyu Liu,9298844
2026-07-06T08:11:25.159361,2026-07-06T08:11:25.169599+00:00,162.5,11,ask,YieldingYams,Zhangyue Shen,9298848
2026-07-06T08:11:25.419149,2026-07-06T08:11:25.429386+00:00,162.5,3,ask,YieldingYams,Zhangyue Shen,9298853
2026-07-06T08:11:25.679796,2026-07-06T08:11:25.691131+00:00,162.5,3,ask,YieldingYams,Zhangyue Shen,9298858
2026-07-06T08:11:25.952755,2026-07-06T08:11:25.959463+00:00,162.5,3,ask,YieldingYams,Zhangyue Shen,9298871
2026-07-06T08:11:26.183501,2026-07-06T08:11:26.187588+00:00,162.6,11,ask,WavyWalnuts,Xuanyu Liu,9298878
2026-07-06T08:11:27.879893,2026-07-06T08:11:27.883777+00:00,162.7,22,bid,Xuanyu Liu,YieldingYams,9298898
2026-07-06T08:11:28.211926,2026-07-06T08:11:28.219917+00:00,162.5,20,ask,WavyWalnuts,BrilliantBurritos,9298903
2026-07-06T08:11:31.020304,2026-07-06T08:11:31.024354+00:00,162.6,8,bid,Xuanyu Liu,WavyWalnuts,9298942
2026-07-06T08:11:31.287279,2026-07-06T08:11:31.298960+00:00,162.5,8,ask,YieldingYams,Zhangyue Shen,9298945
2026-07-06T08:11:32.209785,2026-07-06T08:11:32.221671+00:00,162.5,200,ask,YieldingYams,WavyWalnuts,9298954
2026-07-06T08:11:33.085714,2026-07-06T08:11:33.096425+00:00,162.5,20,ask,AverageAlmonds,BrilliantBurritos,9298972
2026-07-06T08:11:34.280301,2026-07-06T08:11:34.292053+00:00,162.6,500,bid,AverageAlmonds,YieldingYams,9298985
2026-07-06T08:11:34.876789,2026-07-06T08:11:34.885459+00:00,162.6,125,bid,AverageAlmonds,YieldingYams,9298992
2026-07-06T08:11:36.091546,2026-07-06T08:11:36.101447+00:00,162.7,500,bid,AverageAlmonds,YieldingYams,9299013
2026-07-06T08:11:37.046371,2026-07-06T08:11:37.056254+00:00,162.7,200,ask,AverageAlmonds,WavyWalnuts,9299027
2026-07-06T08:11:37.424331,2026-07-06T08:11:37.428205+00:00,162.9,27,bid,Xuanyu Liu,YieldingYams,9299032
2026-07-06T08:11:37.575334,2026-07-06T08:11:37.582649+00:00,162.9,8,bid,Zhangyue Shen,YieldingYams,9299036
2026-07-06T08:11:38.256445,2026-07-06T08:11:38.257968+00:00,162.7,200,ask,AverageAlmonds,WavyWalnuts,9299047
2026-07-06T08:11:38.341182,2026-07-06T08:11:38.348457+00:00,162.7,8,ask,AverageAlmonds,Zhangyue Shen,9299048
2026-07-06T08:11:38.847097,2026-07-06T08:11:38.858622+00:00,162.9,8,bid,Zhangyue Shen,YieldingYams,9299055
2026-07-06T08:11:39.464760,2026-07-06T08:11:39.472413+00:00,162.8,200,ask,YieldingYams,WavyWalnuts,9299064
2026-07-06T08:11:41.578641,2026-07-06T08:11:41.590990+00:00,162.8,20,bid,BrilliantBurritos,WavyWalnuts,9299089
2026-07-06T08:11:43.167590,2026-07-06T08:11:43.179656+00:00,162.8,8,bid,Zhangyue Shen,YieldingYams,9299119
2026-07-06T08:11:46.730096,2026-07-06T08:11:46.738665+00:00,162.7,200,ask,YieldingYams,WavyWalnuts,9299167
2026-07-06T08:11:46.957317,2026-07-06T08:11:46.969154+00:00,162.9,8,bid,Zhangyue Shen,YieldingYams,9299175
2026-07-06T08:11:49.739847,2026-07-06T08:11:49.750384+00:00,162.9,200,bid,YieldingYams,WavyWalnuts,9299208
2026-07-06T08:11:50.080000,2026-07-06T08:11:50.083915+00:00,163.1,14,bid,Xuanyu Liu,YieldingYams,9299213
2026-07-06T08:11:51.449167,2026-07-06T08:11:51.458574+00:00,163.0,3,bid,Zhangyue Shen,YieldingYams,9299225
2026-07-06T08:11:51.565305,2026-07-06T08:11:51.575075+00:00,163.0,200,bid,WavyWalnuts,YieldingYams,9299228
2026-07-06T08:11:51.713253,2026-07-06T08:11:51.725066+00:00,163.0,3,bid,Zhangyue Shen,YieldingYams,9299230
2026-07-06T08:11:51.986061,2026-07-06T08:11:51.995510+00:00,163.0,3,bid,Zhangyue Shen,YieldingYams,9299233
2026-07-06T08:11:52.248053,2026-07-06T08:11:52.258557+00:00,163.0,3,bid,Zhangyue Shen,YieldingYams,9299235
2026-07-06T08:11:52.508735,2026-07-06T08:11:52.516915+00:00,163.0,3,bid,Zhangyue Shen,YieldingYams,9299240
2026-07-06T08:11:52.769243,2026-07-06T08:11:52.778402+00:00,163.0,3,bid,Zhangyue Shen,YieldingYams,9299244
2026-07-06T08:11:53.064818,2026-07-06T08:11:53.074732+00:00,163.0,3,bid,Zhangyue Shen,YieldingYams,9299248
2026-07-06T08:11:53.338273,2026-07-06T08:11:53.347640+00:00,163.0,8,bid,Zhangyue Shen,YieldingYams,9299250
2026-07-06T08:11:53.984918,2026-07-06T08:11:53.994767+00:00,163.0,200,ask,YieldingYams,WavyWalnuts,9299266
2026-07-06T08:11:55.108480,2026-07-06T08:11:55.120573+00:00,163.0,8,ask,YieldingYams,Zhangyue Shen,9299276
2026-07-06T08:11:55.193827,2026-07-06T08:11:55.201001+00:00,163.0,200,ask,YieldingYams,WavyWalnuts,9299278
2026-07-06T08:11:55.485406,2026-07-06T08:11:55.495180+00:00,163.0,417,ask,YieldingYams,AverageAlmonds,9299283
2026-07-06T08:11:55.621394,2026-07-06T08:11:55.628460+00:00,163.0,8,bid,Zhangyue Shen,AverageAlmonds,9299284
2026-07-06T08:11:56.797977,2026-07-06T08:11:56.809835+00:00,162.8,20,ask,WavyWalnuts,BrilliantBurritos,9299300
2026-07-06T08:11:58.720756,2026-07-06T08:11:58.730561+00:00,162.9,20,bid,BrilliantBurritos,YieldingYams,9299321
2026-07-06T08:11:58.829917,2026-07-06T08:11:58.836934+00:00,162.9,200,bid,WavyWalnuts,YieldingYams,9299322
2026-07-06T08:12:00.038364,2026-07-06T08:12:00.048737+00:00,162.9,200,bid,WavyWalnuts,YieldingYams,9299336
2026-07-06T08:12:00.669975,2026-07-06T08:12:00.680715+00:00,162.9,8,bid,Zhangyue Shen,YieldingYams,9299340
2026-07-06T08:12:01.672740,2026-07-06T08:12:01.684593+00:00,163.0,20,bid,BrilliantBurritos,WavyWalnuts,9299355
2026-07-06T08:12:02.884039,2026-07-06T08:12:02.888391+00:00,163.0,14,ask,YieldingYams,Xuanyu Liu,9299363
2026-07-06T08:12:04.236168,2026-07-06T08:12:04.243381+00:00,162.9,8,ask,WavyWalnuts,Zhangyue Shen,9299381
2026-07-06T08:12:07.299524,2026-07-06T08:12:07.309235+00:00,163.1,200,bid,WavyWalnuts,YieldingYams,9299406
2026-07-06T08:12:12.812310,2026-07-06T08:12:12.819598+00:00,163.0,8,ask,YieldingYams,Zhangyue Shen,9299483
2026-07-06T08:12:13.347478,2026-07-06T08:12:13.358663+00:00,163.2,200,bid,YieldingYams,WavyWalnuts,9299489
2026-07-06T08:12:13.362029,2026-07-06T08:12:13.368803+00:00,163.2,200,ask,YieldingYams,WavyWalnuts,9299490
2026-07-06T08:12:14.574337,2026-07-06T08:12:14.580960+00:00,163.2,200,ask,YieldingYams,WavyWalnuts,9299507
2026-07-06T08:12:16.843564,2026-07-06T08:12:16.851765+00:00,163.1,8,bid,Zhangyue Shen,YieldingYams,9299533
2026-07-06T08:12:17.283101,2026-07-06T08:12:17.290429+00:00,163.0,200,ask,WavyWalnuts,YieldingYams,9299539
2026-07-06T08:12:18.860995,2026-07-06T08:12:18.872790+00:00,163.0,8,bid,Zhangyue Shen,YieldingYams,9299555
2026-07-06T08:12:19.904037,2026-07-06T08:12:19.914372+00:00,162.9,200,ask,WavyWalnuts,YieldingYams,9299567
2026-07-06T08:12:23.057441,2026-07-06T08:12:23.069297+00:00,162.8,200,ask,YieldingYams,WavyWalnuts,9299604
2026-07-06T08:12:25.147130,2026-07-06T08:12:25.158565+00:00,162.8,200,bid,YieldingYams,WavyWalnuts,9299623
2026-07-06T08:12:25.474336,2026-07-06T08:12:25.482298+00:00,162.8,200,ask,YieldingYams,WavyWalnuts,9299631
2026-07-06T08:12:27.448633,2026-07-06T08:12:27.458601+00:00,162.6,8,ask,YieldingYams,Zhangyue Shen,9299660
2026-07-06T08:12:27.893070,2026-07-06T08:12:27.902137+00:00,162.7,200,ask,YieldingYams,WavyWalnuts,9299666
2026-07-06T08:12:29.469661,2026-07-06T08:12:29.481553+00:00,162.6,8,ask,WavyWalnuts,Zhangyue Shen,9299692
2026-07-06T08:12:31.741561,2026-07-06T08:12:31.758545+00:00,162.5,8,ask,WavyWalnuts,Zhangyue Shen,9299719
2026-07-06T08:12:35.637644,2026-07-06T08:12:35.660413+00:00,162.7,200,bid,YieldingYams,WavyWalnuts,9299771
2026-07-06T08:12:35.656274,2026-07-06T08:12:35.660413+00:00,162.8,12,ask,YieldingYams,Xuanyu Liu,9299773
2026-07-06T08:12:36.024998,2026-07-06T08:12:36.035384+00:00,162.8,413,ask,YieldingYams,AverageAlmonds,9299778
2026-07-06T08:12:36.673236,2026-07-06T08:12:36.685234+00:00,162.7,20,ask,WavyWalnuts,BrilliantBurritos,9299782
2026-07-06T08:12:37.565228,2026-07-06T08:12:37.572649+00:00,162.8,200,bid,WavyWalnuts,YieldingYams,9299791
2026-07-06T08:12:38.050032,2026-07-06T08:12:38.058548+00:00,162.8,8,bid,Zhangyue Shen,YieldingYams,9299800
2026-07-06T08:12:39.982401,2026-07-06T08:12:39.991516+00:00,162.8,200,bid,WavyWalnuts,AverageAlmonds,9299825
2026-07-06T08:12:40.080876,2026-07-06T08:12:40.091559+00:00,162.7,8,ask,YieldingYams,Zhangyue Shen,9299829
2026-07-06T08:12:40.270944,2026-07-06T08:12:40.280175+00:00,162.7,500,ask,YieldingYams,AverageAlmonds,9299833
2026-07-06T08:12:40.280470,2026-07-06T08:12:40.290651+00:00,163.0,20,bid,BrilliantBurritos,YieldingYams,9299834
2026-07-06T08:12:40.865346,2026-07-06T08:12:40.874255+00:00,162.7,117,ask,YieldingYams,AverageAlmonds,9299842
2026-07-06T08:12:40.896699,2026-07-06T08:12:40.901754+00:00,162.6,26,bid,Xuanyu Liu,AverageAlmonds,9299844
2026-07-06T08:12:40.896927,2026-07-06T08:12:40.917306+00:00,162.6,8,bid,Zhangyue Shen,AverageAlmonds,9299845
2026-07-06T08:12:41.193576,2026-07-06T08:12:41.200890+00:00,162.6,200,bid,WavyWalnuts,AverageAlmonds,9299855
2026-07-06T08:12:41.688345,2026-07-06T08:12:41.699867+00:00,162.6,8,bid,Zhangyue Shen,YieldingYams,9299860
2026-07-06T08:12:42.401236,2026-07-06T08:12:42.408749+00:00,162.5,200,bid,WavyWalnuts,YieldingYams,9299868
2026-07-06T08:12:42.462023,2026-07-06T08:12:42.471811+00:00,162.5,3,bid,Zhangyue Shen,YieldingYams,9299870
2026-07-06T08:12:43.861111,2026-07-06T08:12:43.864655+00:00,162.4,3,ask,YieldingYams,Xuanyu Liu,9299896
2026-07-06T08:12:44.232947,2026-07-06T08:12:44.245126+00:00,162.4,8,ask,YieldingYams,Zhangyue Shen,9299904
2026-07-06T08:12:46.046506,2026-07-06T08:12:46.050398+00:00,162.5,11,ask,WavyWalnuts,Xuanyu Liu,9299921
2026-07-06T08:12:48.511024,2026-07-06T08:12:48.523150+00:00,162.5,8,ask,YieldingYams,Zhangyue Shen,9299962
2026-07-06T08:12:49.726043,2026-07-06T08:12:49.735118+00:00,162.4,20,ask,YieldingYams,BrilliantBurritos,9299986
2026-07-06T08:12:50.531617,2026-07-06T08:12:50.543668+00:00,162.3,8,ask,WavyWalnuts,Zhangyue Shen,9299995
2026-07-06T08:12:51.980361,2026-07-06T08:12:51.984502+00:00,162.4,12,ask,YieldingYams,Xuanyu Liu,9300013
2026-07-06T08:12:53.352483,2026-07-06T08:12:53.356310+00:00,162.3,11,ask,YieldingYams,Xuanyu Liu,9300033
2026-07-06T08:12:54.495350,2026-07-06T08:12:54.506320+00:00,162.4,200,bid,WavyWalnuts,YieldingYams,9300044
2026-07-06T08:12:55.321306,2026-07-06T08:12:55.325294+00:00,162.4,12,ask,YieldingYams,Xuanyu Liu,9300057
2026-07-06T08:12:56.287621,2026-07-06T08:12:56.299738+00:00,162.4,8,ask,YieldingYams,Zhangyue Shen,9300068
2026-07-06T08:12:56.932487,2026-07-06T08:12:56.936843+00:00,162.5,11,ask,WavyWalnuts,Xuanyu Liu,9300085
2026-07-06T08:12:57.968306,2026-07-06T08:12:57.976664+00:00,162.5,189,ask,WavyWalnuts,YieldingYams,9300095
2026-07-06T08:12:58.126218,2026-07-06T08:12:58.133481+00:00,162.5,200,bid,WavyWalnuts,YieldingYams,9300098
2026-07-06T08:12:59.333953,2026-07-06T08:12:59.344006+00:00,162.6,200,bid,WavyWalnuts,YieldingYams,9300112
2026-07-06T08:12:59.911433,2026-07-06T08:12:59.922854+00:00,162.4,3,ask,YieldingYams,Zhangyue Shen,9300120
2026-07-06T08:13:00.172139,2026-07-06T08:13:00.183980+00:00,162.4,3,ask,YieldingYams,Zhangyue Shen,9300123
2026-07-06T08:13:00.434493,2026-07-06T08:13:00.445062+00:00,162.4,3,ask,YieldingYams,Zhangyue Shen,9300128
2026-07-06T08:13:00.546494,2026-07-06T08:13:00.555960+00:00,162.6,200,bid,WavyWalnuts,YieldingYams,9300130
2026-07-06T08:13:00.608579,2026-07-06T08:13:00.613393+00:00,162.6,11,ask,YieldingYams,Xuanyu Liu,9300132
2026-07-06T08:13:00.696328,2026-07-06T08:13:00.706328+00:00,162.6,3,ask,YieldingYams,Zhangyue Shen,9300137
2026-07-06T08:13:00.968791,2026-07-06T08:13:00.975872+00:00,162.6,3,ask,YieldingYams,Zhangyue Shen,9300143
2026-07-06T08:13:01.229507,2026-07-06T08:13:01.240864+00:00,162.6,3,ask,YieldingYams,Zhangyue Shen,9300150
2026-07-06T08:13:01.415846,2026-07-06T08:13:01.419991+00:00,162.8,11,bid,Xuanyu Liu,WavyWalnuts,9300154
2026-07-06T08:13:01.507756,2026-07-06T08:13:01.511508+00:00,162.8,8,bid,Xuanyu Liu,WavyWalnuts,9300156
2026-07-06T08:13:01.749555,2026-07-06T08:13:01.756476+00:00,162.6,8,ask,YieldingYams,Zhangyue Shen,9300158
2026-07-06T08:13:02.787233,2026-07-06T08:13:02.792049+00:00,162.8,3,bid,Xuanyu Liu,WavyWalnuts,9300169
2026-07-06T08:13:07.026829,2026-07-06T08:13:07.038898+00:00,162.5,8,ask,YieldingYams,Zhangyue Shen,9300225
2026-07-06T08:13:07.138781,2026-07-06T08:13:07.147985+00:00,162.6,500,bid,YieldingYams,AverageAlmonds,9300227
2026-07-06T08:13:07.826866,2026-07-06T08:13:07.834910+00:00,162.6,125,ask,YieldingYams,WavyWalnuts,9300231
2026-07-06T08:13:07.846665,2026-07-06T08:13:07.851561+00:00,162.6,12,bid,Xuanyu Liu,WavyWalnuts,9300233
2026-07-06T08:13:09.571267,2026-07-06T08:13:09.581659+00:00,162.4,5,ask,WavyWalnuts,Zhangyue Shen,9300249
2026-07-06T08:13:11.076590,2026-07-06T08:13:11.083963+00:00,162.5,200,bid,YieldingYams,WavyWalnuts,9300266
2026-07-06T08:13:11.466850,2026-07-06T08:13:11.474425+00:00,162.5,200,ask,YieldingYams,WavyWalnuts,9300268
2026-07-06T08:13:13.768312,2026-07-06T08:13:13.775996+00:00,162.7,20,bid,BrilliantBurritos,YieldingYams,9300287
2026-07-06T08:13:15.497543,2026-07-06T08:13:15.501772+00:00,162.6,12,ask,YieldingYams,Xuanyu Liu,9300309
2026-07-06T08:13:17.523664,2026-07-06T08:13:17.532790+00:00,162.8,200,bid,WavyWalnuts,YieldingYams,9300332
2026-07-06T08:13:18.495526,2026-07-06T08:13:18.507857+00:00,162.6,20,ask,YieldingYams,BrilliantBurritos,9300347
2026-07-06T08:13:20.448505,2026-07-06T08:13:20.452503+00:00,162.7,22,ask,WavyWalnuts,Xuanyu Liu,9300367
2026-07-06T08:13:26.316478,2026-07-06T08:13:26.324527+00:00,162.8,20,bid,BrilliantBurritos,YieldingYams,9300440
2026-07-06T08:13:28.035492,2026-07-06T08:13:28.046942+00:00,162.6,20,ask,WavyWalnuts,BrilliantBurritos,9300468
2026-07-06T08:13:28.142295,2026-07-06T08:13:28.146381+00:00,162.7,12,ask,YieldingYams,Xuanyu Liu,9300470
2026-07-06T08:13:30.837739,2026-07-06T08:13:30.848132+00:00,162.8,200,ask,YieldingYams,WavyWalnuts,9300498
2026-07-06T08:13:37.584510,2026-07-06T08:13:37.588640+00:00,162.8,12,bid,Xuanyu Liu,YieldingYams,9300573
2026-07-06T08:13:37.672714,2026-07-06T08:13:37.684613+00:00,162.8,20,bid,BrilliantBurritos,YieldingYams,9300574
2026-07-06T08:13:39.322288,2026-07-06T08:13:39.329132+00:00,162.7,200,ask,YieldingYams,WavyWalnuts,9300593
2026-07-06T08:13:45.213488,2026-07-06T08:13:45.225287+00:00,162.7,20,bid,BrilliantBurritos,WavyWalnuts,9300659
2026-07-06T08:13:52.633445,2026-07-06T08:13:52.641340+00:00,162.6,200,bid,WavyWalnuts,YieldingYams,9300729
2026-07-06T08:13:53.865267,2026-07-06T08:13:53.870013+00:00,162.6,12,ask,WavyWalnuts,Xuanyu Liu,9300742
2026-07-06T08:13:55.676929,2026-07-06T08:13:55.687413+00:00,162.7,200,ask,WavyWalnuts,YieldingYams,9300757
2026-07-06T08:14:02.932269,2026-07-06T08:14:02.936127+00:00,162.9,23,bid,Xuanyu Liu,YieldingYams,9300843
2026-07-06T08:14:03.288185,2026-07-06T08:14:03.299962+00:00,162.9,20,bid,BrilliantBurritos,YieldingYams,9300853
2026-07-06T08:14:03.568310,2026-07-06T08:14:03.573167+00:00,162.8,11,bid,Xuanyu Liu,WavyWalnuts,9300863
2026-07-06T08:14:04.780718,2026-07-06T08:14:04.784256+00:00,162.7,12,bid,Xuanyu Liu,WavyWalnuts,9300882
2026-07-06T08:14:04.864962,2026-07-06T08:14:04.873047+00:00,162.7,188,bid,YieldingYams,WavyWalnuts,9300883
2026-07-06T08:14:05.974703,2026-07-06T08:14:05.984111+00:00,162.7,200,ask,YieldingYams,WavyWalnuts,9300893
2026-07-06T08:14:10.130876,2026-07-06T08:14:10.141955+00:00,163.1,200,bid,YieldingYams,WavyWalnuts,9300951
2026-07-06T08:14:12.829572,2026-07-06T08:14:12.841757+00:00,163.1,20,ask,WavyWalnuts,BrilliantBurritos,9300984
2026-07-06T08:14:12.995370,2026-07-06T08:14:13.007439+00:00,163.3,8,bid,Zhangyue Shen,YieldingYams,9300991
2026-07-06T08:14:14.063954,2026-07-06T08:14:14.068261+00:00,163.2,200,ask,WavyWalnuts,YieldingYams,9301008
2026-07-06T08:14:14.426906,2026-07-06T08:14:14.437198+00:00,163.2,200,bid,WavyWalnuts,YieldingYams,9301017
2026-07-06T08:14:15.597338,2026-07-06T08:14:15.604988+00:00,163.5,20,bid,BrilliantBurritos,WavyWalnuts,9301031
2026-07-06T08:14:15.653440,2026-07-06T08:14:15.657624+00:00,163.3,11,bid,Xuanyu Liu,WavyWalnuts,9301035
2026-07-06T08:14:21.304329,2026-07-06T08:14:21.311485+00:00,163.4,8,bid,Zhangyue Shen,YieldingYams,9301103
2026-07-06T08:14:22.300465,2026-07-06T08:14:22.312204+00:00,163.3,20,bid,BrilliantBurritos,AverageAlmonds,9301112
2026-07-06T08:14:24.546968,2026-07-06T08:14:24.578360+00:00,163.1,200,ask,WavyWalnuts,YieldingYams,9301141
2026-07-06T08:14:24.573708,2026-07-06T08:14:24.578360+00:00,163.1,12,bid,Xuanyu Liu,YieldingYams,9301143
2026-07-06T08:14:24.846844,2026-07-06T08:14:24.858720+00:00,163.1,8,bid,Zhangyue Shen,YieldingYams,9301149
2026-07-06T08:14:27.166478,2026-07-06T08:14:27.177164+00:00,163.0,200,ask,WavyWalnuts,YieldingYams,9301180
2026-07-06T08:14:27.735018,2026-07-06T08:14:27.743798+00:00,163.0,200,bid,WavyWalnuts,YieldingYams,9301191
2026-07-06T08:14:27.882350,2026-07-06T08:14:27.889665+00:00,163.0,8,bid,Zhangyue Shen,YieldingYams,9301195
2026-07-06T08:14:28.394729,2026-07-06T08:14:28.405689+00:00,162.7,8,ask,YieldingYams,Zhangyue Shen,9301203
2026-07-06T08:14:28.490008,2026-07-06T08:14:28.493657+00:00,162.9,23,ask,YieldingYams,Xuanyu Liu,9301205
2026-07-06T08:14:28.662895,2026-07-06T08:14:28.673970+00:00,163.2,20,bid,BrilliantBurritos,YieldingYams,9301207
2026-07-06T08:14:29.929651,2026-07-06T08:14:29.941067+00:00,162.9,8,ask,WavyWalnuts,Zhangyue Shen,9301221
2026-07-06T08:14:30.195705,2026-07-06T08:14:30.206894+00:00,163.0,8,bid,Zhangyue Shen,YieldingYams,9301223
2026-07-06T08:14:30.701853,2026-07-06T08:14:30.718783+00:00,162.8,8,ask,WavyWalnuts,Zhangyue Shen,9301232
2026-07-06T08:14:31.421228,2026-07-06T08:14:31.425352+00:00,163.1,11,bid,Xuanyu Liu,WavyWalnuts,9301238
2026-07-06T08:14:33.514031,2026-07-06T08:14:33.524106+00:00,163.0,3,ask,YieldingYams,Zhangyue Shen,9301258
2026-07-06T08:14:36.290795,2026-07-06T08:14:36.300943+00:00,163.1,8,ask,YieldingYams,Zhangyue Shen,9301299
2026-07-06T08:14:38.972015,2026-07-06T08:14:38.984563+00:00,163.3,200,bid,YieldingYams,WavyWalnuts,9301322
2026-07-06T08:14:40.677910,2026-07-06T08:14:40.689187+00:00,163.3,20,ask,YieldingYams,BrilliantBurritos,9301338
2026-07-06T08:14:41.069487,2026-07-06T08:14:41.080824+00:00,163.3,200,ask,YieldingYams,WavyWalnuts,9301345
2026-07-06T08:14:41.477756,2026-07-06T08:14:41.489578+00:00,163.6,20,bid,BrilliantBurritos,YieldingYams,9301351
2026-07-06T08:14:42.586033,2026-07-06T08:14:42.596791+00:00,163.2,5,ask,YieldingYams,Zhangyue Shen,9301363
2026-07-06T08:14:44.216282,2026-07-06T08:14:44.227742+00:00,163.2,200,bid,YieldingYams,WavyWalnuts,9301379
2026-07-06T08:14:44.233884,2026-07-06T08:14:44.237734+00:00,163.2,11,ask,YieldingYams,Xuanyu Liu,9301382
2026-07-06T08:14:45.542311,2026-07-06T08:14:45.549341+00:00,163.3,20,bid,BrilliantBurritos,WavyWalnuts,9301400
2026-07-06T08:14:46.855212,2026-07-06T08:14:46.859216+00:00,163.3,12,ask,YieldingYams,Xuanyu Liu,9301419
2026-07-06T08:14:47.249179,2026-07-06T08:14:47.253177+00:00,163.4,12,bid,Xuanyu Liu,WavyWalnuts,9301431
2026-07-06T08:14:48.149585,2026-07-06T08:14:48.158842+00:00,163.4,188,bid,YieldingYams,WavyWalnuts,9301442
2026-07-06T08:14:48.332278,2026-07-06T08:14:48.343819+00:00,163.4,200,ask,YieldingYams,WavyWalnuts,9301444
2026-07-06T08:14:50.325390,2026-07-06T08:14:50.337394+00:00,163.3,20,bid,BrilliantBurritos,YieldingYams,9301465
2026-07-06T08:14:50.405405,2026-07-06T08:14:50.414640+00:00,163.3,8,bid,Zhangyue Shen,YieldingYams,9301467
2026-07-06T08:14:50.769370,2026-07-06T08:14:50.780789+00:00,163.2,200,ask,WavyWalnuts,YieldingYams,9301475
2026-07-06T08:14:53.180784,2026-07-06T08:14:53.189627+00:00,163.2,200,ask,YieldingYams,WavyWalnuts,9301505
2026-07-06T08:14:54.413218,2026-07-06T08:14:54.417818+00:00,163.2,11,bid,Xuanyu Liu,WavyWalnuts,9301516
2026-07-06T08:14:55.608661,2026-07-06T08:14:55.619313+00:00,163.0,200,ask,YieldingYams,WavyWalnuts,9301535
2026-07-06T08:14:56.506294,2026-07-06T08:14:56.514305+00:00,163.2,8,bid,Zhangyue Shen,YieldingYams,9301544
2026-07-06T08:14:57.512894,2026-07-06T08:14:57.524835+00:00,162.9,8,ask,AverageAlmonds,Zhangyue Shen,9301556
2026-07-06T08:14:59.279558,2026-07-06T08:14:59.291367+00:00,163.0,8,bid,Zhangyue Shen,YieldingYams,9301588
2026-07-06T08:15:02.893307,2026-07-06T08:15:02.904219+00:00,163.0,200,bid,WavyWalnuts,YieldingYams,9301625
2026-07-06T08:15:04.224809,2026-07-06T08:15:04.232299+00:00,162.9,20,ask,WavyWalnuts,BrilliantBurritos,9301637
2026-07-06T08:15:06.235874,2026-07-06T08:15:06.240091+00:00,163.1,12,bid,Xuanyu Liu,YieldingYams,9301658
2026-07-06T08:15:06.497665,2026-07-06T08:15:06.501681+00:00,163.0,11,bid,Xuanyu Liu,YieldingYams,9301664
2026-07-06T08:15:07.081345,2026-07-06T08:15:07.093007+00:00,163.0,8,bid,Zhangyue Shen,YieldingYams,9301674
2026-07-06T08:15:07.792052,2026-07-06T08:15:07.795718+00:00,162.9,200,ask,WavyWalnuts,YieldingYams,9301684
2026-07-06T08:15:07.807496,2026-07-06T08:15:07.812065+00:00,162.9,3,bid,Xuanyu Liu,YieldingYams,9301686
2026-07-06T08:15:07.846731,2026-07-06T08:15:07.859090+00:00,162.9,8,bid,Zhangyue Shen,YieldingYams,9301687
2026-07-06T08:15:07.984998,2026-07-06T08:15:07.995388+00:00,162.9,414,bid,AverageAlmonds,YieldingYams,9301688
2026-07-06T08:15:09.100445,2026-07-06T08:15:09.111420+00:00,163.0,200,bid,YieldingYams,WavyWalnuts,9301701
2026-07-06T08:15:09.116490,2026-07-06T08:15:09.128048+00:00,163.3,8,bid,Zhangyue Shen,YieldingYams,9301702
2026-07-06T08:15:09.883738,2026-07-06T08:15:09.895526+00:00,163.3,8,bid,Zhangyue Shen,YieldingYams,9301717
2026-07-06T08:15:11.380223,2026-07-06T08:15:11.388655+00:00,163.1,20,bid,BrilliantBurritos,YieldingYams,9301734
2026-07-06T08:15:12.176496,2026-07-06T08:15:12.188823+00:00,163.0,8,bid,Zhangyue Shen,YieldingYams,9301748
2026-07-06T08:15:12.589435,2026-07-06T08:15:12.596759+00:00,163.0,200,bid,WavyWalnuts,YieldingYams,9301753
2026-07-06T08:15:14.665262,2026-07-06T08:15:14.669850+00:00,163.0,2,ask,AverageAlmonds,Xuanyu Liu,9301783
2026-07-06T08:15:15.033561,2026-07-06T08:15:15.038278+00:00,163.1,1,ask,WavyWalnuts,Xuanyu Liu,9301789
2026-07-06T08:15:15.665159,2026-07-06T08:15:15.675054+00:00,163.1,20,ask,WavyWalnuts,BrilliantBurritos,9301792
2026-07-06T08:15:15.673549,2026-07-06T08:15:15.680267+00:00,163.1,179,ask,WavyWalnuts,YieldingYams,9301793
2026-07-06T08:15:15.796000,2026-07-06T08:15:15.800462+00:00,163.1,3,bid,Xuanyu Liu,YieldingYams,9301797
2026-07-06T08:15:15.996255,2026-07-06T08:15:16.006987+00:00,163.1,8,bid,Zhangyue Shen,YieldingYams,9301802
2026-07-06T08:15:16.251997,2026-07-06T08:15:16.263946+00:00,163.1,8,bid,Zhangyue Shen,YieldingYams,9301808
2026-07-06T08:15:16.981192,2026-07-06T08:15:16.991898+00:00,163.2,200,bid,YieldingYams,WavyWalnuts,9301815
2026-07-06T08:15:17.269593,2026-07-06T08:15:17.281545+00:00,163.5,8,bid,Zhangyue Shen,YieldingYams,9301819
