timestamp,recv_time,price,volume,aggressor_side,buyer,seller,trade_id
2026-07-04T04:00:00.437473,2026-07-04T04:00:00.445146+00:00,138.0,20,bid,BrilliantBurritos,WavyWalnuts,6540734
2026-07-04T04:00:01.149233,2026-07-04T04:00:01.153821+00:00,138.0,3,bid,Xuanyu Liu,YieldingYams,6540745
2026-07-04T04:00:02.363375,2026-07-04T04:00:02.370371+00:00,137.9,20,ask,WavyWalnuts,BrilliantBurritos,6540762
2026-07-04T04:00:06.718690,2026-07-04T04:00:06.730199+00:00,138.2,20,bid,BrilliantBurritos,AverageAlmonds,6540816
2026-07-04T04:00:08.892567,2026-07-04T04:00:08.903267+00:00,138.1,500,bid,YieldingYams,AverageAlmonds,6540846
2026-07-04T04:00:09.671558,2026-07-04T04:00:09.679623+00:00,138.1,125,ask,YieldingYams,AverageAlmonds,6540858
2026-07-04T04:00:10.205540,2026-07-04T04:00:10.217119+00:00,138.0,200,ask,WavyWalnuts,YieldingYams,6540867
2026-07-04T04:00:11.513085,2026-07-04T04:00:11.520794+00:00,138.0,200,bid,YieldingYams,WavyWalnuts,6540883
2026-07-04T04:00:11.533022,2026-07-04T04:00:11.536490+00:00,138.0,3,ask,YieldingYams,Xuanyu Liu,6540885
2026-07-04T04:00:20.675632,2026-07-04T04:00:20.688136+00:00,138.1,200,ask,WavyWalnuts,YieldingYams,6540994
2026-07-04T04:00:21.198263,2026-07-04T04:00:21.205936+00:00,138.0,200,bid,WavyWalnuts,YieldingYams,6540998
2026-07-04T04:00:22.412462,2026-07-04T04:00:22.423389+00:00,138.1,200,ask,YieldingYams,WavyWalnuts,6541017
2026-07-04T04:00:26.072719,2026-07-04T04:00:26.079640+00:00,138.0,200,ask,YieldingYams,WavyWalnuts,6541063
2026-07-04T04:00:28.575995,2026-07-04T04:00:28.579993+00:00,138.0,3,bid,Xuanyu Liu,YieldingYams,6541093
2026-07-04T04:00:29.702875,2026-07-04T04:00:29.714402+00:00,138.0,200,bid,WavyWalnuts,YieldingYams,6541108
2026-07-04T04:00:33.809445,2026-07-04T04:00:33.816281+00:00,138.0,200,ask,WavyWalnuts,YieldingYams,6541149
2026-07-04T04:00:34.557077,2026-07-04T04:00:34.560946+00:00,137.9,11,bid,Xuanyu Liu,WavyWalnuts,6541162
2026-07-04T04:00:36.016184,2026-07-04T04:00:36.020314+00:00,137.8,11,ask,YieldingYams,Xuanyu Liu,6541187
2026-07-04T04:00:36.959814,2026-07-04T04:00:36.969839+00:00,137.8,200,ask,YieldingYams,WavyWalnuts,6541196
2026-07-04T04:00:38.166275,2026-07-04T04:00:38.173636+00:00,137.9,200,bid,WavyWalnuts,YieldingYams,6541212
2026-07-04T04:00:39.373995,2026-07-04T04:00:39.383864+00:00,137.9,200,bid,WavyWalnuts,YieldingYams,6541229
2026-07-04T04:00:39.780930,2026-07-04T04:00:39.792857+00:00,137.9,20,bid,BrilliantBurritos,YieldingYams,6541236
2026-07-04T04:00:39.944716,2026-07-04T04:00:39.958655+00:00,137.9,405,bid,AverageAlmonds,YieldingYams,6541237
2026-07-04T04:00:41.081249,2026-07-04T04:00:41.093127+00:00,138.0,20,ask,WavyWalnuts,BrilliantBurritos,6541252
2026-07-04T04:00:42.228658,2026-07-04T04:00:42.240106+00:00,138.1,20,bid,BrilliantBurritos,WavyWalnuts,6541265
2026-07-04T04:00:43.014983,2026-07-04T04:00:43.025431+00:00,138.2,200,ask,YieldingYams,WavyWalnuts,6541274
2026-07-04T04:00:45.432065,2026-07-04T04:00:45.442591+00:00,138.0,200,ask,AverageAlmonds,WavyWalnuts,6541315
2026-07-04T04:00:45.634412,2026-07-04T04:00:45.645843+00:00,138.0,300,ask,AverageAlmonds,YieldingYams,6541316
2026-07-04T04:00:45.995784,2026-07-04T04:00:46.004532+00:00,138.0,325,bid,AverageAlmonds,YieldingYams,6541322
2026-07-04T04:00:49.564671,2026-07-04T04:00:49.572041+00:00,138.0,200,ask,WavyWalnuts,YieldingYams,6541365
2026-07-04T04:00:49.582801,2026-07-04T04:00:49.586683+00:00,138.0,11,bid,Xuanyu Liu,YieldingYams,6541367
2026-07-04T04:00:50.259020,2026-07-04T04:00:50.268756+00:00,138.0,200,bid,WavyWalnuts,YieldingYams,6541378
2026-07-04T04:00:53.901322,2026-07-04T04:00:53.911649+00:00,138.0,200,bid,WavyWalnuts,YieldingYams,6541428
2026-07-04T04:00:54.467203,2026-07-04T04:00:54.475582+00:00,138.0,425,bid,AverageAlmonds,YieldingYams,6541438
2026-07-04T04:00:54.804703,2026-07-04T04:00:54.824360+00:00,138.2,200,bid,YieldingYams,WavyWalnuts,6541441
2026-07-04T04:00:54.819997,2026-07-04T04:00:54.824360+00:00,138.2,14,ask,YieldingYams,Xuanyu Liu,6541443
2026-07-04T04:00:56.246523,2026-07-04T04:00:56.265858+00:00,138.3,14,bid,Xuanyu Liu,WavyWalnuts,6541470
2026-07-04T04:00:56.897395,2026-07-04T04:00:56.904735+00:00,138.3,20,bid,BrilliantBurritos,WavyWalnuts,6541479
2026-07-04T04:00:58.124631,2026-07-04T04:00:58.128432+00:00,138.3,12,bid,Xuanyu Liu,WavyWalnuts,6541493
2026-07-04T04:01:01.377437,2026-07-04T04:01:01.397640+00:00,138.1,200,ask,WavyWalnuts,YieldingYams,6541547
2026-07-04T04:01:01.394001,2026-07-04T04:01:01.397640+00:00,138.1,23,bid,Xuanyu Liu,YieldingYams,6541549
2026-07-04T04:01:02.687786,2026-07-04T04:01:02.694934+00:00,138.2,200,bid,YieldingYams,WavyWalnuts,6541564
2026-07-04T04:01:06.645169,2026-07-04T04:01:06.649485+00:00,138.1,11,bid,Xuanyu Liu,YieldingYams,6541620
2026-07-04T04:01:07.209803,2026-07-04T04:01:07.217690+00:00,138.1,200,bid,WavyWalnuts,YieldingYams,6541630
2026-07-04T04:01:10.567358,2026-07-04T04:01:10.574343+00:00,138.1,200,ask,WavyWalnuts,YieldingYams,6541678
2026-07-04T04:01:12.064693,2026-07-04T04:01:12.075336+00:00,138.3,200,bid,WavyWalnuts,YieldingYams,6541696
2026-07-04T04:01:13.244126,2026-07-04T04:01:13.258590+00:00,138.3,20,bid,BrilliantBurritos,YieldingYams,6541716
2026-07-04T04:01:13.964268,2026-07-04T04:01:13.968103+00:00,138.3,23,bid,Xuanyu Liu,YieldingYams,6541729
2026-07-04T04:01:18.108717,2026-07-04T04:01:18.118357+00:00,138.4,200,ask,YieldingYams,WavyWalnuts,6541803
2026-07-04T04:01:22.938226,2026-07-04T04:01:22.947580+00:00,138.6,200,bid,WavyWalnuts,YieldingYams,6541854
2026-07-04T04:01:25.358177,2026-07-04T04:01:25.369860+00:00,138.6,200,bid,WavyWalnuts,YieldingYams,6541883
2026-07-04T04:01:26.572423,2026-07-04T04:01:26.585227+00:00,138.6,200,bid,WavyWalnuts,AverageAlmonds,6541904
2026-07-04T04:01:27.801225,2026-07-04T04:01:27.805121+00:00,138.5,3,bid,Xuanyu Liu,WavyWalnuts,6541919
2026-07-04T04:01:29.770669,2026-07-04T04:01:29.774444+00:00,138.3,3,ask,YieldingYams,Xuanyu Liu,6541957
2026-07-04T04:01:29.856209,2026-07-04T04:01:29.867963+00:00,138.3,20,ask,YieldingYams,BrilliantBurritos,6541958
2026-07-04T04:01:31.574666,2026-07-04T04:01:31.578443+00:00,138.4,12,ask,YieldingYams,Xuanyu Liu,6541978
2026-07-04T04:01:32.645019,2026-07-04T04:01:32.658609+00:00,138.4,200,ask,YieldingYams,WavyWalnuts,6541995
2026-07-04T04:01:35.492224,2026-07-04T04:01:35.510599+00:00,138.4,200,bid,YieldingYams,WavyWalnuts,6542029
2026-07-04T04:01:35.507125,2026-07-04T04:01:35.510599+00:00,138.4,11,ask,YieldingYams,Xuanyu Liu,6542033
2026-07-04T04:01:37.103539,2026-07-04T04:01:37.112476+00:00,138.4,20,bid,BrilliantBurritos,YieldingYams,6542054
2026-07-04T04:01:37.488793,2026-07-04T04:01:37.500294+00:00,138.4,200,bid,WavyWalnuts,YieldingYams,6542063
2026-07-04T04:01:39.279512,2026-07-04T04:01:39.284098+00:00,138.4,23,ask,WavyWalnuts,Xuanyu Liu,6542082
2026-07-04T04:01:39.920967,2026-07-04T04:01:39.924436+00:00,138.6,23,ask,WavyWalnuts,Xuanyu Liu,6542092
2026-07-04T04:01:41.116957,2026-07-04T04:01:41.123839+00:00,138.7,200,bid,WavyWalnuts,YieldingYams,6542111
2026-07-04T04:01:42.286226,2026-07-04T04:01:42.296965+00:00,138.7,500,bid,AverageAlmonds,YieldingYams,6542127
2026-07-04T04:01:42.881423,2026-07-04T04:01:42.890050+00:00,138.7,125,bid,AverageAlmonds,YieldingYams,6542139
2026-07-04T04:01:42.881423,2026-07-04T04:01:42.890050+00:00,138.7,200,bid,AverageAlmonds,WavyWalnuts,6542140
2026-07-04T04:01:43.553545,2026-07-04T04:01:43.563617+00:00,138.9,200,ask,YieldingYams,WavyWalnuts,6542147
2026-07-04T04:01:44.762440,2026-07-04T04:01:44.773893+00:00,138.9,200,ask,YieldingYams,WavyWalnuts,6542167
2026-07-04T04:01:45.969927,2026-07-04T04:01:45.978211+00:00,138.9,200,ask,YieldingYams,WavyWalnuts,6542177
2026-07-04T04:01:46.031244,2026-07-04T04:01:46.034956+00:00,138.9,12,bid,Xuanyu Liu,YieldingYams,6542182
2026-07-04T04:01:49.159043,2026-07-04T04:01:49.170837+00:00,138.8,20,ask,WavyWalnuts,BrilliantBurritos,6542221
2026-07-04T04:01:49.573337,2026-07-04T04:01:49.584947+00:00,139.0,20,bid,BrilliantBurritos,WavyWalnuts,6542223
2026-07-04T04:01:49.966347,2026-07-04T04:01:49.970002+00:00,139.0,12,ask,YieldingYams,Xuanyu Liu,6542231
2026-07-04T04:01:51.877056,2026-07-04T04:01:51.880654+00:00,139.2,12,bid,Xuanyu Liu,WavyWalnuts,6542253
2026-07-04T04:01:53.904546,2026-07-04T04:01:53.925455+00:00,139.1,200,ask,WavyWalnuts,YieldingYams,6542279
2026-07-04T04:01:53.921776,2026-07-04T04:01:53.925455+00:00,139.1,11,bid,Xuanyu Liu,YieldingYams,6542281
2026-07-04T04:01:56.530386,2026-07-04T04:01:56.538176+00:00,139.0,200,ask,WavyWalnuts,YieldingYams,6542312
2026-07-04T04:01:56.550433,2026-07-04T04:01:56.554690+00:00,139.0,12,bid,Xuanyu Liu,YieldingYams,6542316
2026-07-04T04:01:58.070082,2026-07-04T04:01:58.079620+00:00,139.0,200,bid,WavyWalnuts,YieldingYams,6542333
2026-07-04T04:01:58.089414,2026-07-04T04:01:58.101024+00:00,139.0,20,bid,BrilliantBurritos,YieldingYams,6542334
2026-07-04T04:02:00.930149,2026-07-04T04:02:00.936714+00:00,138.8,20,ask,AverageAlmonds,BrilliantBurritos,6542364
2026-07-04T04:02:02.849187,2026-07-04T04:02:02.853207+00:00,139.0,200,bid,AverageAlmonds,WavyWalnuts,6542386
2026-07-04T04:02:02.849187,2026-07-04T04:02:02.853207+00:00,139.0,300,bid,AverageAlmonds,YieldingYams,6542387
2026-07-04T04:02:03.088314,2026-07-04T04:02:03.097442+00:00,139.0,200,bid,YieldingYams,WavyWalnuts,6542391
2026-07-04T04:02:03.102916,2026-07-04T04:02:03.106289+00:00,139.2,23,ask,YieldingYams,Xuanyu Liu,6542393
2026-07-04T04:02:04.117183,2026-07-04T04:02:04.128662+00:00,139.2,200,ask,YieldingYams,WavyWalnuts,6542415
2026-07-04T04:02:04.582885,2026-07-04T04:02:04.586393+00:00,139.2,34,bid,Xuanyu Liu,YieldingYams,6542426
2026-07-04T04:02:05.712331,2026-07-04T04:02:05.719167+00:00,139.1,500,ask,AverageAlmonds,YieldingYams,6542437
2026-07-04T04:02:05.729720,2026-07-04T04:02:05.733236+00:00,139.1,11,bid,Xuanyu Liu,YieldingYams,6542439
2026-07-04T04:02:05.880124,2026-07-04T04:02:05.889083+00:00,139.1,114,bid,AverageAlmonds,YieldingYams,6542441
2026-07-04T04:02:06.537563,2026-07-04T04:02:06.547368+00:00,139.1,200,ask,AverageAlmonds,WavyWalnuts,6542456
2026-07-04T04:02:07.739785,2026-07-04T04:02:07.743514+00:00,139.2,11,ask,YieldingYams,Xuanyu Liu,6542472
2026-07-04T04:02:07.746762,2026-07-04T04:02:07.758771+00:00,139.2,200,ask,YieldingYams,WavyWalnuts,6542473
2026-07-04T04:02:08.216295,2026-07-04T04:02:08.228079+00:00,139.2,20,ask,YieldingYams,BrilliantBurritos,6542479
2026-07-04T04:02:08.333538,2026-07-04T04:02:08.337653+00:00,139.3,11,ask,AverageAlmonds,Xuanyu Liu,6542483
2026-07-04T04:02:09.503808,2026-07-04T04:02:09.511576+00:00,139.4,500,bid,AverageAlmonds,YieldingYams,6542495
2026-07-04T04:02:09.654363,2026-07-04T04:02:09.673126+00:00,139.4,200,bid,YieldingYams,WavyWalnuts,6542496
2026-07-04T04:02:09.669361,2026-07-04T04:02:09.673126+00:00,139.5,23,ask,YieldingYams,Xuanyu Liu,6542498
2026-07-04T04:02:10.163888,2026-07-04T04:02:10.175119+00:00,139.5,200,ask,YieldingYams,WavyWalnuts,6542506
2026-07-04T04:02:11.372756,2026-07-04T04:02:11.384549+00:00,139.5,200,ask,AverageAlmonds,WavyWalnuts,6542521
2026-07-04T04:02:12.581211,2026-07-04T04:02:12.588389+00:00,139.5,200,ask,YieldingYams,WavyWalnuts,6542534
2026-07-04T04:02:13.594608,2026-07-04T04:02:13.602340+00:00,139.4,500,ask,AverageAlmonds,YieldingYams,6542551
2026-07-04T04:02:13.613185,2026-07-04T04:02:13.616888+00:00,139.4,23,bid,Xuanyu Liu,YieldingYams,6542553
2026-07-04T04:02:13.808677,2026-07-04T04:02:13.817643+00:00,139.4,20,bid,BrilliantBurritos,YieldingYams,6542557
2026-07-04T04:02:14.063874,2026-07-04T04:02:14.067574+00:00,139.3,23,ask,AverageAlmonds,Xuanyu Liu,6542563
2026-07-04T04:02:14.919077,2026-07-04T04:02:14.922477+00:00,139.4,12,ask,YieldingYams,Xuanyu Liu,6542569
2026-07-04T04:02:15.002243,2026-07-04T04:02:15.013192+00:00,139.4,200,ask,YieldingYams,WavyWalnuts,6542572
2026-07-04T04:02:16.194279,2026-07-04T04:02:16.202611+00:00,139.4,20,ask,YieldingYams,BrilliantBurritos,6542596
2026-07-04T04:02:16.218403,2026-07-04T04:02:16.228881+00:00,139.3,500,ask,AverageAlmonds,YieldingYams,6542597
2026-07-04T04:02:16.777603,2026-07-04T04:02:16.778760+00:00,139.3,125,bid,AverageAlmonds,YieldingYams,6542606
2026-07-04T04:02:16.777603,2026-07-04T04:02:16.785962+00:00,139.4,200,bid,AverageAlmonds,WavyWalnuts,6542607
2026-07-04T04:02:17.426394,2026-07-04T04:02:17.434762+00:00,139.4,200,ask,AverageAlmonds,WavyWalnuts,6542618
2026-07-04T04:02:20.153788,2026-07-04T04:02:20.158620+00:00,139.5,200,bid,YieldingYams,WavyWalnuts,6542667
2026-07-04T04:02:21.555541,2026-07-04T04:02:21.562411+00:00,139.5,20,ask,AverageAlmonds,BrilliantBurritos,6542687
2026-07-04T04:02:21.606538,2026-07-04T04:02:21.613544+00:00,139.6,500,bid,AverageAlmonds,YieldingYams,6542688
2026-07-04T04:02:23.576361,2026-07-04T04:02:23.580031+00:00,139.6,14,ask,WavyWalnuts,Xuanyu Liu,6542717
2026-07-04T04:02:24.431021,2026-07-04T04:02:24.442907+00:00,139.7,20,bid,BrilliantBurritos,YieldingYams,6542729
2026-07-04T04:02:24.677388,2026-07-04T04:02:24.685102+00:00,139.7,200,bid,WavyWalnuts,YieldingYams,6542732
2026-07-04T04:02:27.098199,2026-07-04T04:02:27.105985+00:00,139.7,200,bid,WavyWalnuts,YieldingYams,6542759
2026-07-04T04:02:27.596920,2026-07-04T04:02:27.603690+00:00,139.5,20,ask,YieldingYams,BrilliantBurritos,6542764
2026-07-04T04:02:29.534905,2026-07-04T04:02:29.541348+00:00,139.8,20,bid,BrilliantBurritos,WavyWalnuts,6542787
2026-07-04T04:02:30.647242,2026-07-04T04:02:30.650426+00:00,139.8,180,bid,YieldingYams,WavyWalnuts,6542801
2026-07-04T04:02:31.962323,2026-07-04T04:02:31.970442+00:00,139.8,200,ask,WavyWalnuts,YieldingYams,6542823
2026-07-04T04:02:38.525734,2026-07-04T04:02:38.534380+00:00,139.6,500,ask,AverageAlmonds,YieldingYams,6542909
2026-07-04T04:02:38.539969,2026-07-04T04:02:38.549772+00:00,139.6,125,bid,AverageAlmonds,YieldingYams,6542911
2026-07-04T04:02:39.786093,2026-07-04T04:02:39.798070+00:00,139.8,20,ask,WavyWalnuts,BrilliantBurritos,6542923
2026-07-04T04:02:42.757760,2026-07-04T04:02:42.769396+00:00,139.7,20,bid,BrilliantBurritos,YieldingYams,6542972
2026-07-04T04:02:46.496901,2026-07-04T04:02:46.500541+00:00,139.7,3,ask,WavyWalnuts,Xuanyu Liu,6543040
2026-07-04T04:02:52.053497,2026-07-04T04:02:52.059033+00:00,139.7,1,bid,Xuanyu Liu,WavyWalnuts,6543138
2026-07-04T04:02:58.197566,2026-07-04T04:02:58.208415+00:00,139.6,200,ask,WavyWalnuts,YieldingYams,6543228
2026-07-04T04:02:58.325983,2026-07-04T04:02:58.330004+00:00,139.6,2,bid,Xuanyu Liu,YieldingYams,6543233
2026-07-04T04:02:58.589648,2026-07-04T04:02:58.600575+00:00,139.6,200,bid,WavyWalnuts,YieldingYams,6543242
2026-07-04T04:03:02.125733,2026-07-04T04:03:02.136422+00:00,139.8,200,bid,YieldingYams,WavyWalnuts,6543289
2026-07-04T04:03:02.220463,2026-07-04T04:03:02.230335+00:00,139.9,200,ask,YieldingYams,WavyWalnuts,6543293
2026-07-04T04:03:03.429883,2026-07-04T04:03:03.440612+00:00,139.9,200,ask,YieldingYams,WavyWalnuts,6543312
2026-07-04T04:03:03.463986,2026-07-04T04:03:03.467608+00:00,139.8,14,bid,Xuanyu Liu,YieldingYams,6543314
2026-07-04T04:03:04.635581,2026-07-04T04:03:04.644340+00:00,139.8,200,bid,WavyWalnuts,YieldingYams,6543338
2026-07-04T04:03:07.194133,2026-07-04T04:03:07.205788+00:00,139.9,20,bid,BrilliantBurritos,WavyWalnuts,6543377
2026-07-04T04:03:07.875321,2026-07-04T04:03:07.878968+00:00,139.9,12,bid,Xuanyu Liu,WavyWalnuts,6543392
2026-07-04T04:03:09.981351,2026-07-04T04:03:09.992892+00:00,140.0,20,bid,BrilliantBurritos,YieldingYams,6543420
2026-07-04T04:03:11.901695,2026-07-04T04:03:11.908526+00:00,139.9,200,bid,WavyWalnuts,YieldingYams,6543446
2026-07-04T04:03:14.160780,2026-07-04T04:03:14.172319+00:00,139.9,20,bid,BrilliantBurritos,YieldingYams,6543472
2026-07-04T04:03:14.266772,2026-07-04T04:03:14.274119+00:00,139.9,500,bid,AverageAlmonds,YieldingYams,6543474
2026-07-04T04:03:15.477585,2026-07-04T04:03:15.487454+00:00,139.9,200,bid,AverageAlmonds,WavyWalnuts,6543497
2026-07-04T04:03:15.503107,2026-07-04T04:03:15.506897+00:00,139.9,12,ask,AverageAlmonds,Xuanyu Liu,6543499
2026-07-04T04:03:15.520075,2026-07-04T04:03:15.523654+00:00,139.9,11,ask,AverageAlmonds,Xuanyu Liu,6543502
2026-07-04T04:03:15.528036,2026-07-04T04:03:15.539292+00:00,139.9,200,ask,AverageAlmonds,WavyWalnuts,6543503
2026-07-04T04:03:20.328048,2026-07-04T04:03:20.336796+00:00,140.1,500,bid,AverageAlmonds,YieldingYams,6543568
2026-07-04T04:03:20.926517,2026-07-04T04:03:20.934825+00:00,140.1,500,bid,AverageAlmonds,YieldingYams,6543581
2026-07-04T04:03:21.530125,2026-07-04T04:03:21.563026+00:00,140.1,125,bid,AverageAlmonds,YieldingYams,6543586
2026-07-04T04:03:21.558944,2026-07-04T04:03:21.563026+00:00,140.1,3,ask,AverageAlmonds,Xuanyu Liu,6543588
2026-07-04T04:03:24.003502,2026-07-04T04:03:24.014746+00:00,140.3,200,ask,YieldingYams,WavyWalnuts,6543619
2026-07-04T04:03:30.659595,2026-07-04T04:03:30.667741+00:00,140.2,20,bid,BrilliantBurritos,WavyWalnuts,6543705
2026-07-04T04:03:32.305135,2026-07-04T04:03:32.314454+00:00,140.1,200,ask,WavyWalnuts,YieldingYams,6543733
2026-07-04T04:03:32.305135,2026-07-04T04:03:32.314454+00:00,140.0,425,ask,AverageAlmonds,YieldingYams,6543734
2026-07-04T04:03:34.878152,2026-07-04T04:03:34.882190+00:00,140.2,200,bid,AverageAlmonds,WavyWalnuts,6543756
2026-07-04T04:03:34.900505,2026-07-04T04:03:34.908423+00:00,140.2,200,ask,AverageAlmonds,WavyWalnuts,6543757
2026-07-04T04:03:36.082924,2026-07-04T04:03:36.086338+00:00,140.3,500,bid,AverageAlmonds,YieldingYams,6543777
2026-07-04T04:03:36.107486,2026-07-04T04:03:36.118142+00:00,140.1,200,ask,YieldingYams,WavyWalnuts,6543779
2026-07-04T04:03:37.314748,2026-07-04T04:03:37.322151+00:00,140.4,200,ask,YieldingYams,WavyWalnuts,6543795
2026-07-04T04:03:37.606558,2026-07-04T04:03:37.610858+00:00,140.6,3,bid,Xuanyu Liu,YieldingYams,6543800
2026-07-04T04:03:38.523147,2026-07-04T04:03:38.531264+00:00,140.4,200,ask,YieldingYams,WavyWalnuts,6543810
2026-07-04T04:03:38.863055,2026-07-04T04:03:38.874202+00:00,140.4,500,ask,AverageAlmonds,YieldingYams,6543813
2026-07-04T04:03:38.881657,2026-07-04T04:03:38.885348+00:00,140.4,23,bid,Xuanyu Liu,YieldingYams,6543816
2026-07-04T04:03:39.091606,2026-07-04T04:03:39.100254+00:00,140.4,102,bid,AverageAlmonds,YieldingYams,6543817
2026-07-04T04:03:39.730462,2026-07-04T04:03:39.739618+00:00,140.5,200,ask,AverageAlmonds,WavyWalnuts,6543823
2026-07-04T04:03:40.186188,2026-07-04T04:03:40.189805+00:00,140.6,23,bid,Xuanyu Liu,YieldingYams,6543839
2026-07-04T04:03:41.486352,2026-07-04T04:03:41.504751+00:00,140.5,500,ask,AverageAlmonds,YieldingYams,6543857
2026-07-04T04:03:41.525995,2026-07-04T04:03:41.536661+00:00,140.5,125,bid,AverageAlmonds,YieldingYams,6543860
2026-07-04T04:03:42.658184,2026-07-04T04:03:42.661838+00:00,140.5,35,ask,AverageAlmonds,Xuanyu Liu,6543882
2026-07-04T04:03:42.794983,2026-07-04T04:03:42.804264+00:00,140.6,200,bid,YieldingYams,WavyWalnuts,6543889
2026-07-04T04:03:42.809938,2026-07-04T04:03:42.813526+00:00,140.6,11,ask,YieldingYams,Xuanyu Liu,6543891
2026-07-04T04:03:43.592770,2026-07-04T04:03:43.604186+00:00,140.6,20,ask,YieldingYams,BrilliantBurritos,6543904
2026-07-04T04:03:44.599514,2026-07-04T04:03:44.606439+00:00,140.7,200,bid,WavyWalnuts,YieldingYams,6543925
2026-07-04T04:03:46.726592,2026-07-04T04:03:46.734880+00:00,140.7,200,bid,YieldingYams,WavyWalnuts,6543948
2026-07-04T04:03:47.019136,2026-07-04T04:03:47.029310+00:00,140.7,200,ask,YieldingYams,WavyWalnuts,6543953
2026-07-04T04:03:48.058175,2026-07-04T04:03:48.061697+00:00,140.6,11,bid,Xuanyu Liu,YieldingYams,6543966
2026-07-04T04:03:48.226855,2026-07-04T04:03:48.237262+00:00,140.6,200,bid,WavyWalnuts,YieldingYams,6543970
2026-07-04T04:03:50.642797,2026-07-04T04:03:50.654157+00:00,140.7,200,bid,WavyWalnuts,YieldingYams,6544009
2026-07-04T04:03:51.850657,2026-07-04T04:03:51.858659+00:00,140.7,200,bid,WavyWalnuts,YieldingYams,6544024
2026-07-04T04:03:51.987349,2026-07-04T04:03:51.990959+00:00,140.7,11,ask,YieldingYams,Xuanyu Liu,6544026
2026-07-04T04:03:53.096326,2026-07-04T04:03:53.100818+00:00,140.8,11,bid,Xuanyu Liu,WavyWalnuts,6544045
2026-07-04T04:03:54.296832,2026-07-04T04:03:54.304846+00:00,140.7,200,ask,YieldingYams,WavyWalnuts,6544061
2026-07-04T04:03:55.506056,2026-07-04T04:03:55.517284+00:00,140.8,200,ask,YieldingYams,WavyWalnuts,6544083
2026-07-04T04:03:56.713683,2026-07-04T04:03:56.723946+00:00,140.7,200,bid,WavyWalnuts,YieldingYams,6544099
2026-07-04T04:04:02.899707,2026-07-04T04:04:02.903615+00:00,140.9,12,bid,Xuanyu Liu,YieldingYams,6544179
2026-07-04T04:04:03.926596,2026-07-04T04:04:03.934035+00:00,140.9,20,bid,BrilliantBurritos,WavyWalnuts,6544189
2026-07-04T04:04:07.608191,2026-07-04T04:04:07.615470+00:00,140.9,200,ask,YieldingYams,WavyWalnuts,6544242
2026-07-04T04:04:07.942611,2026-07-04T04:04:07.946072+00:00,140.9,11,bid,Xuanyu Liu,YieldingYams,6544253
2026-07-04T04:04:09.053300,2026-07-04T04:04:09.057833+00:00,140.8,12,bid,Xuanyu Liu,YieldingYams,6544263
2026-07-04T04:04:10.024415,2026-07-04T04:04:10.032618+00:00,140.8,200,bid,WavyWalnuts,YieldingYams,6544283
2026-07-04T04:04:11.154630,2026-07-04T04:04:11.158434+00:00,140.7,12,ask,YieldingYams,Xuanyu Liu,6544290
2026-07-04T04:04:12.973149,2026-07-04T04:04:12.980239+00:00,140.8,200,bid,YieldingYams,WavyWalnuts,6544315
2026-07-04T04:04:13.652543,2026-07-04T04:04:13.658541+00:00,141.0,200,ask,YieldingYams,WavyWalnuts,6544329
2026-07-04T04:04:14.863963,2026-07-04T04:04:14.870682+00:00,140.9,200,ask,YieldingYams,WavyWalnuts,6544351
2026-07-04T04:04:17.280068,2026-07-04T04:04:17.291225+00:00,140.9,200,ask,YieldingYams,WavyWalnuts,6544382
2026-07-04T04:04:19.534433,2026-07-04T04:04:19.544642+00:00,141.1,20,bid,BrilliantBurritos,WavyWalnuts,6544403
2026-07-04T04:04:19.694930,2026-07-04T04:04:19.701384+00:00,141.0,200,bid,WavyWalnuts,AverageAlmonds,6544406
2026-07-04T04:04:21.469360,2026-07-04T04:04:21.488462+00:00,140.8,200,ask,WavyWalnuts,AverageAlmonds,6544429
2026-07-04T04:04:21.484918,2026-07-04T04:04:21.488462+00:00,140.8,12,bid,Xuanyu Liu,AverageAlmonds,6544431
2026-07-04T04:04:22.069070,2026-07-04T04:04:22.080715+00:00,140.7,500,ask,YieldingYams,AverageAlmonds,6544438
2026-07-04T04:04:22.156912,2026-07-04T04:04:22.163639+00:00,140.8,200,ask,WavyWalnuts,YieldingYams,6544444
2026-07-04T04:04:22.174228,2026-07-04T04:04:22.177800+00:00,140.7,11,bid,Xuanyu Liu,YieldingYams,6544446
2026-07-04T04:04:23.321685,2026-07-04T04:04:23.330280+00:00,140.7,200,bid,WavyWalnuts,YieldingYams,6544455
2026-07-04T04:04:24.531914,2026-07-04T04:04:24.539149+00:00,140.7,200,bid,WavyWalnuts,YieldingYams,6544471
2026-07-04T04:04:25.708377,2026-07-04T04:04:25.718209+00:00,140.6,500,ask,YieldingYams,AverageAlmonds,6544489
2026-07-04T04:04:25.740045,2026-07-04T04:04:25.748442+00:00,140.8,200,bid,WavyWalnuts,YieldingYams,6544490
2026-07-04T04:04:26.302574,2026-07-04T04:04:26.310998+00:00,140.6,500,ask,YieldingYams,AverageAlmonds,6544496
2026-07-04T04:04:26.904895,2026-07-04T04:04:26.913038+00:00,140.6,125,ask,YieldingYams,AverageAlmonds,6544501
2026-07-04T04:04:26.934152,2026-07-04T04:04:26.937647+00:00,140.6,11,bid,Xuanyu Liu,AverageAlmonds,6544503
2026-07-04T04:04:26.948544,2026-07-04T04:04:26.958112+00:00,140.6,200,bid,WavyWalnuts,AverageAlmonds,6544504
2026-07-04T04:04:27.426707,2026-07-04T04:04:27.430196+00:00,140.5,12,bid,Xuanyu Liu,YieldingYams,6544510
2026-07-04T04:04:28.156926,2026-07-04T04:04:28.169115+00:00,140.5,200,bid,WavyWalnuts,YieldingYams,6544519
2026-07-04T04:04:29.364749,2026-07-04T04:04:29.374491+00:00,140.5,200,bid,WavyWalnuts,AverageAlmonds,6544538
2026-07-04T04:04:30.041937,2026-07-04T04:04:30.052053+00:00,140.4,500,bid,YieldingYams,AverageAlmonds,6544546
2026-07-04T04:04:30.149168,2026-07-04T04:04:30.152858+00:00,140.4,34,ask,YieldingYams,Xuanyu Liu,6544548
2026-07-04T04:04:30.545391,2026-07-04T04:04:30.554103+00:00,140.4,91,ask,YieldingYams,AverageAlmonds,6544550
2026-07-04T04:04:30.572466,2026-07-04T04:04:30.580324+00:00,140.4,200,bid,WavyWalnuts,AverageAlmonds,6544555
2026-07-04T04:04:31.779900,2026-07-04T04:04:31.790425+00:00,140.2,200,bid,WavyWalnuts,YieldingYams,6544576
2026-07-04T04:04:32.988043,2026-07-04T04:04:32.995816+00:00,140.4,200,bid,WavyWalnuts,YieldingYams,6544592
2026-07-04T04:04:34.195524,2026-07-04T04:04:34.206408+00:00,140.5,200,bid,WavyWalnuts,YieldingYams,6544608
2026-07-04T04:04:35.290170,2026-07-04T04:04:35.293840+00:00,140.4,500,bid,YieldingYams,AverageAlmonds,6544624
2026-07-04T04:04:36.637302,2026-07-04T04:04:36.654411+00:00,140.2,200,bid,WavyWalnuts,YieldingYams,6544646
2026-07-04T04:04:36.650748,2026-07-04T04:04:36.654411+00:00,140.2,34,bid,Xuanyu Liu,YieldingYams,6544648
2026-07-04T04:04:37.845657,2026-07-04T04:04:37.850065+00:00,140.2,200,bid,WavyWalnuts,YieldingYams,6544669
2026-07-04T04:04:39.265492,2026-07-04T04:04:39.269776+00:00,140.3,23,ask,YieldingYams,Xuanyu Liu,6544691
2026-07-04T04:04:39.633922,2026-07-04T04:04:39.637352+00:00,140.3,11,ask,YieldingYams,Xuanyu Liu,6544702
2026-07-04T04:04:40.260188,2026-07-04T04:04:40.266863+00:00,140.3,200,ask,YieldingYams,WavyWalnuts,6544707
2026-07-04T04:04:45.964933,2026-07-04T04:04:45.969225+00:00,140.1,12,ask,WavyWalnuts,Xuanyu Liu,6544788
2026-07-04T04:04:47.144752,2026-07-04T04:04:47.158596+00:00,140.1,20,ask,AverageAlmonds,BrilliantBurritos,6544802
2026-07-04T04:04:48.750233,2026-07-04T04:04:48.761391+00:00,140.1,200,bid,WavyWalnuts,YieldingYams,6544830
2026-07-04T04:04:51.176878,2026-07-04T04:04:51.188225+00:00,140.0,200,bid,WavyWalnuts,YieldingYams,6544872
2026-07-04T04:04:52.279396,2026-07-04T04:04:52.283282+00:00,139.9,11,ask,AverageAlmonds,Xuanyu Liu,6544880
2026-07-04T04:04:52.385977,2026-07-04T04:04:52.395532+00:00,139.9,200,bid,WavyWalnuts,YieldingYams,6544881
2026-07-04T04:04:52.929707,2026-07-04T04:04:52.936794+00:00,139.9,425,bid,AverageAlmonds,YieldingYams,6544890
2026-07-04T04:04:55.002851,2026-07-04T04:04:55.006396+00:00,140.1,23,ask,YieldingYams,Xuanyu Liu,6544907
2026-07-04T04:04:55.396152,2026-07-04T04:04:55.399768+00:00,140.2,23,bid,Xuanyu Liu,WavyWalnuts,6544910
2026-07-04T04:05:01.345657,2026-07-04T04:05:01.358591+00:00,140.1,20,bid,BrilliantBurritos,WavyWalnuts,6544999
2026-07-04T04:05:03.217567,2026-07-04T04:05:03.225324+00:00,140.1,500,bid,AverageAlmonds,YieldingYams,6545024
2026-07-04T04:05:03.813125,2026-07-04T04:05:03.822272+00:00,140.1,125,bid,AverageAlmonds,YieldingYams,6545030
2026-07-04T04:05:03.813125,2026-07-04T04:05:03.822272+00:00,140.2,200,bid,AverageAlmonds,WavyWalnuts,6545031
2026-07-04T04:05:03.840173,2026-07-04T04:05:03.843979+00:00,140.2,23,ask,AverageAlmonds,Xuanyu Liu,6545033
2026-07-04T04:05:04.100945,2026-07-04T04:05:04.112499+00:00,141.0,20,bid,BrilliantBurritos,AverageAlmonds,6545039
2026-07-04T04:05:04.424324,2026-07-04T04:05:04.430712+00:00,140.3,500,bid,AverageAlmonds,YieldingYams,6545046
2026-07-04T04:05:05.019606,2026-07-04T04:05:05.028457+00:00,140.2,200,bid,AverageAlmonds,WavyWalnuts,6545056
2026-07-04T04:05:05.019606,2026-07-04T04:05:05.028457+00:00,140.3,125,bid,AverageAlmonds,YieldingYams,6545057
2026-07-04T04:05:05.050377,2026-07-04T04:05:05.054358+00:00,140.3,3,ask,AverageAlmonds,Xuanyu Liu,6545060
2026-07-04T04:05:05.676269,2026-07-04T04:05:05.685047+00:00,140.3,200,ask,YieldingYams,WavyWalnuts,6545069
2026-07-04T04:05:06.887996,2026-07-04T04:05:06.895457+00:00,140.2,200,ask,YieldingYams,WavyWalnuts,6545087
2026-07-04T04:05:11.133675,2026-07-04T04:05:11.145310+00:00,140.4,20,bid,BrilliantBurritos,YieldingYams,6545154
2026-07-04T04:05:12.963485,2026-07-04T04:05:12.974893+00:00,140.4,200,bid,WavyWalnuts,YieldingYams,6545175
2026-07-04T04:05:13.335890,2026-07-04T04:05:13.345996+00:00,140.1,20,ask,AverageAlmonds,BrilliantBurritos,6545179
2026-07-04T04:05:14.172209,2026-07-04T04:05:14.180855+00:00,140.3,200,bid,WavyWalnuts,YieldingYams,6545189
2026-07-04T04:05:14.653649,2026-07-04T04:05:14.657041+00:00,140.3,3,ask,YieldingYams,Xuanyu Liu,6545197
2026-07-04T04:05:17.258498,2026-07-04T04:05:17.265184+00:00,140.4,200,bid,YieldingYams,WavyWalnuts,6545231
2026-07-04T04:05:17.275450,2026-07-04T04:05:17.278908+00:00,140.4,11,ask,YieldingYams,Xuanyu Liu,6545233
2026-07-04T04:05:21.424862,2026-07-04T04:05:21.432588+00:00,140.3,200,bid,WavyWalnuts,YieldingYams,6545299
2026-07-04T04:05:26.273782,2026-07-04T04:05:26.284667+00:00,140.3,200,ask,YieldingYams,WavyWalnuts,6545354
2026-07-04T04:05:28.607132,2026-07-04T04:05:28.619104+00:00,140.4,20,bid,BrilliantBurritos,YieldingYams,6545382
2026-07-04T04:05:30.324356,2026-07-04T04:05:30.335986+00:00,140.4,20,bid,BrilliantBurritos,YieldingYams,6545404
2026-07-04T04:05:31.074843,2026-07-04T04:05:31.085642+00:00,140.3,200,ask,WavyWalnuts,AverageAlmonds,6545416
2026-07-04T04:05:32.878872,2026-07-04T04:05:32.888466+00:00,140.2,200,ask,WavyWalnuts,AverageAlmonds,6545439
2026-07-04T04:05:34.417104,2026-07-04T04:05:34.428562+00:00,140.1,20,bid,BrilliantBurritos,WavyWalnuts,6545458
2026-07-04T04:05:34.738866,2026-07-04T04:05:34.746428+00:00,140.1,200,bid,WavyWalnuts,YieldingYams,6545468
2026-07-04T04:05:36.611630,2026-07-04T04:05:36.615041+00:00,140.1,14,bid,Xuanyu Liu,AverageAlmonds,6545490
2026-07-04T04:05:38.236203,2026-07-04T04:05:38.246221+00:00,140.1,200,bid,YieldingYams,WavyWalnuts,6545507
2026-07-04T04:05:38.236203,2026-07-04T04:05:38.246221+00:00,140.1,425,bid,YieldingYams,AverageAlmonds,6545508
2026-07-04T04:05:38.236431,2026-07-04T04:05:38.258844+00:00,140.1,20,bid,BrilliantBurritos,AverageAlmonds,6545509
2026-07-04T04:05:39.593429,2026-07-04T04:05:39.602448+00:00,140.0,200,bid,WavyWalnuts,AverageAlmonds,6545532
2026-07-04T04:05:40.143820,2026-07-04T04:05:40.152606+00:00,139.9,500,ask,YieldingYams,AverageAlmonds,6545543
2026-07-04T04:05:40.735747,2026-07-04T04:05:40.739585+00:00,139.9,125,ask,YieldingYams,AverageAlmonds,6545545
2026-07-04T04:05:40.804040,2026-07-04T04:05:40.811992+00:00,139.8,200,bid,WavyWalnuts,AverageAlmonds,6545549
2026-07-04T04:05:42.012300,2026-07-04T04:05:42.022598+00:00,139.8,200,bid,WavyWalnuts,YieldingYams,6545572
2026-07-04T04:05:42.840627,2026-07-04T04:05:42.847863+00:00,139.7,20,ask,YieldingYams,BrilliantBurritos,6545584
2026-07-04T04:05:43.502158,2026-07-04T04:05:43.508938+00:00,139.8,200,ask,WavyWalnuts,YieldingYams,6545594
2026-07-04T04:05:44.425146,2026-07-04T04:05:44.435950+00:00,139.7,200,bid,WavyWalnuts,YieldingYams,6545613
2026-07-04T04:05:45.633337,2026-07-04T04:05:45.641414+00:00,139.8,200,bid,WavyWalnuts,AverageAlmonds,6545628
2026-07-04T04:05:46.841175,2026-07-04T04:05:46.849056+00:00,139.8,200,bid,WavyWalnuts,YieldingYams,6545644
2026-07-04T04:05:48.625191,2026-07-04T04:05:48.634480+00:00,139.7,200,ask,WavyWalnuts,AverageAlmonds,6545668
2026-07-04T04:05:50.062980,2026-07-04T04:05:50.070613+00:00,139.5,200,ask,WavyWalnuts,YieldingYams,6545684
2026-07-04T04:05:50.081487,2026-07-04T04:05:50.084906+00:00,139.5,14,bid,Xuanyu Liu,YieldingYams,6545686
2026-07-04T04:05:50.465257,2026-07-04T04:05:50.474191+00:00,139.5,200,bid,WavyWalnuts,YieldingYams,6545693
2026-07-04T04:05:57.726118,2026-07-04T04:05:57.734214+00:00,139.5,200,bid,WavyWalnuts,YieldingYams,6545778
2026-07-04T04:06:00.000360,2026-07-04T04:06:00.012134+00:00,139.5,20,bid,BrilliantBurritos,YieldingYams,6545808
2026-07-04T04:06:01.319348,2026-07-04T04:06:01.326160+00:00,139.4,200,bid,AverageAlmonds,WavyWalnuts,6545826
2026-07-04T04:06:01.871802,2026-07-04T04:06:01.881857+00:00,139.4,300,ask,AverageAlmonds,YieldingYams,6545831
2026-07-04T04:06:01.871802,2026-07-04T04:06:01.881857+00:00,139.4,200,ask,WavyWalnuts,YieldingYams,6545832
2026-07-04T04:06:02.551719,2026-07-04T04:06:02.570128+00:00,139.4,125,bid,WavyWalnuts,YieldingYams,6545842
2026-07-04T04:06:02.565942,2026-07-04T04:06:02.570128+00:00,139.6,14,ask,WavyWalnuts,Xuanyu Liu,6545844
2026-07-04T04:06:03.760307,2026-07-04T04:06:03.769962+00:00,139.7,200,bid,WavyWalnuts,YieldingYams,6545860
2026-07-04T04:06:07.246394,2026-07-04T04:06:07.258623+00:00,139.5,20,ask,WavyWalnuts,BrilliantBurritos,6545904
2026-07-04T04:06:08.423801,2026-07-04T04:06:08.432785+00:00,139.7,200,bid,YieldingYams,WavyWalnuts,6545924
2026-07-04T04:06:09.744647,2026-07-04T04:06:09.754466+00:00,139.6,200,ask,WavyWalnuts,YieldingYams,6545942
2026-07-04T04:06:11.074274,2026-07-04T04:06:11.082019+00:00,139.4,200,bid,YieldingYams,WavyWalnuts,6545961
2026-07-04T04:06:14.132869,2026-07-04T04:06:14.158642+00:00,139.4,20,ask,WavyWalnuts,BrilliantBurritos,6546000
2026-07-04T04:06:14.707517,2026-07-04T04:06:14.717625+00:00,139.6,200,bid,WavyWalnuts,YieldingYams,6546006
2026-07-04T04:06:15.240539,2026-07-04T04:06:15.258650+00:00,139.5,500,ask,YieldingYams,AverageAlmonds,6546015
2026-07-04T04:06:16.441128,2026-07-04T04:06:16.447442+00:00,139.4,200,ask,WavyWalnuts,AverageAlmonds,6546028
2026-07-04T04:06:18.963933,2026-07-04T04:06:18.968120+00:00,139.3,3,ask,WavyWalnuts,Xuanyu Liu,6546054
2026-07-04T04:06:19.566304,2026-07-04T04:06:19.576005+00:00,139.4,200,bid,WavyWalnuts,YieldingYams,6546063
2026-07-04T04:06:20.774510,2026-07-04T04:06:20.785821+00:00,139.3,200,bid,WavyWalnuts,YieldingYams,6546074
2026-07-04T04:06:24.162387,2026-07-04T04:06:24.169366+00:00,139.4,200,bid,YieldingYams,WavyWalnuts,6546121
2026-07-04T04:06:24.399272,2026-07-04T04:06:24.406854+00:00,139.4,200,ask,YieldingYams,WavyWalnuts,6546126
2026-07-04T04:06:27.206544,2026-07-04T04:06:27.210021+00:00,139.2,23,ask,YieldingYams,Xuanyu Liu,6546162
2026-07-04T04:06:31.659738,2026-07-04T04:06:31.666340+00:00,139.2,200,bid,WavyWalnuts,YieldingYams,6546228
2026-07-04T04:06:33.328362,2026-07-04T04:06:33.331510+00:00,139.2,11,ask,YieldingYams,Xuanyu Liu,6546245
2026-07-04T04:06:33.649232,2026-07-04T04:06:33.658598+00:00,139.2,20,ask,YieldingYams,BrilliantBurritos,6546250
2026-07-04T04:06:35.294998,2026-07-04T04:06:35.305455+00:00,139.2,200,ask,YieldingYams,WavyWalnuts,6546261
2026-07-04T04:06:36.172562,2026-07-04T04:06:36.184290+00:00,139.2,20,ask,YieldingYams,BrilliantBurritos,6546269
2026-07-04T04:06:37.038280,2026-07-04T04:06:37.050129+00:00,139.3,200,ask,WavyWalnuts,AverageAlmonds,6546280
2026-07-04T04:06:37.248416,2026-07-04T04:06:37.258628+00:00,139.3,300,bid,YieldingYams,AverageAlmonds,6546284
2026-07-04T04:06:38.863224,2026-07-04T04:06:38.866313+00:00,139.3,11,bid,Xuanyu Liu,AverageAlmonds,6546310
2026-07-04T04:06:39.868829,2026-07-04T04:06:39.872129+00:00,139.3,500,bid,YieldingYams,AverageAlmonds,6546316
2026-07-04T04:06:39.868829,2026-07-04T04:06:39.872129+00:00,139.4,125,bid,YieldingYams,WavyWalnuts,6546317
2026-07-04T04:06:40.069746,2026-07-04T04:06:40.079261+00:00,139.2,20,ask,WavyWalnuts,BrilliantBurritos,6546319
2026-07-04T04:06:42.309341,2026-07-04T04:06:42.317442+00:00,139.0,20,ask,YieldingYams,BrilliantBurritos,6546356
2026-07-04T04:06:44.372778,2026-07-04T04:06:44.384333+00:00,139.1,20,bid,BrilliantBurritos,YieldingYams,6546376
2026-07-04T04:06:45.134370,2026-07-04T04:06:45.142657+00:00,139.0,200,ask,WavyWalnuts,YieldingYams,6546388
2026-07-04T04:06:46.202270,2026-07-04T04:06:46.209881+00:00,138.9,200,bid,WavyWalnuts,YieldingYams,6546399
2026-07-04T04:06:47.414421,2026-07-04T04:06:47.425408+00:00,139.1,200,ask,YieldingYams,WavyWalnuts,6546411
2026-07-04T04:06:49.072475,2026-07-04T04:06:49.084230+00:00,139.1,200,bid,YieldingYams,WavyWalnuts,6546431
2026-07-04T04:06:49.827137,2026-07-04T04:06:49.835618+00:00,139.2,200,ask,YieldingYams,WavyWalnuts,6546452
2026-07-04T04:06:51.032163,2026-07-04T04:06:51.041761+00:00,139.2,200,bid,WavyWalnuts,YieldingYams,6546467
2026-07-04T04:06:52.242890,2026-07-04T04:06:52.249798+00:00,139.2,200,ask,YieldingYams,WavyWalnuts,6546483
2026-07-04T04:06:52.424168,2026-07-04T04:06:52.436091+00:00,139.2,20,ask,YieldingYams,BrilliantBurritos,6546486
2026-07-04T04:06:55.896874,2026-07-04T04:06:55.900991+00:00,138.8,12,bid,Xuanyu Liu,WavyWalnuts,6546535
2026-07-04T04:06:56.951877,2026-07-04T04:06:56.966128+00:00,138.8,188,bid,YieldingYams,WavyWalnuts,6546551
2026-07-04T04:06:57.081975,2026-07-04T04:06:57.093464+00:00,138.8,200,ask,YieldingYams,WavyWalnuts,6546555
2026-07-04T04:06:59.567682,2026-07-04T04:06:59.574594+00:00,138.9,200,bid,YieldingYams,WavyWalnuts,6546580
2026-07-04T04:07:03.265236,2026-07-04T04:07:03.268701+00:00,138.7,12,ask,YieldingYams,Xuanyu Liu,6546630
2026-07-04T04:07:04.839994,2026-07-04T04:07:04.843358+00:00,138.8,11,ask,YieldingYams,Xuanyu Liu,6546654
2026-07-04T04:07:05.540782,2026-07-04T04:07:05.558767+00:00,138.8,200,ask,YieldingYams,WavyWalnuts,6546669
2026-07-04T04:07:10.069912,2026-07-04T04:07:10.085017+00:00,138.8,200,ask,WavyWalnuts,YieldingYams,6546747
2026-07-04T04:07:10.081575,2026-07-04T04:07:10.085017+00:00,138.8,11,bid,Xuanyu Liu,YieldingYams,6546749
2026-07-04T04:07:10.369221,2026-07-04T04:07:10.379433+00:00,138.8,200,bid,WavyWalnuts,YieldingYams,6546758
2026-07-04T04:07:11.582172,2026-07-04T04:07:11.593348+00:00,139.0,200,bid,WavyWalnuts,YieldingYams,6546781
2026-07-04T04:07:12.795480,2026-07-04T04:07:12.805569+00:00,139.0,200,ask,YieldingYams,WavyWalnuts,6546803
2026-07-04T04:07:13.505297,2026-07-04T04:07:13.516698+00:00,139.0,20,ask,YieldingYams,BrilliantBurritos,6546813
2026-07-04T04:07:14.005349,2026-07-04T04:07:14.011657+00:00,138.8,200,ask,YieldingYams,WavyWalnuts,6546820
2026-07-04T04:07:14.607611,2026-07-04T04:07:14.611491+00:00,139.1,23,bid,Xuanyu Liu,YieldingYams,6546826
2026-07-04T04:07:15.211559,2026-07-04T04:07:15.219968+00:00,138.8,200,ask,YieldingYams,WavyWalnuts,6546834
2026-07-04T04:07:15.326269,2026-07-04T04:07:15.330770+00:00,138.8,3,bid,Xuanyu Liu,YieldingYams,6546836
2026-07-04T04:07:21.272140,2026-07-04T04:07:21.280829+00:00,138.9,200,bid,WavyWalnuts,YieldingYams,6546913
2026-07-04T04:07:24.248577,2026-07-04T04:07:24.258568+00:00,138.8,200,ask,WavyWalnuts,AverageAlmonds,6546953
2026-07-04T04:07:24.567302,2026-07-04T04:07:24.578971+00:00,138.8,20,bid,BrilliantBurritos,AverageAlmonds,6546957
2026-07-04T04:07:24.900124,2026-07-04T04:07:24.909077+00:00,138.8,200,bid,WavyWalnuts,AverageAlmonds,6546964
2026-07-04T04:07:30.482224,2026-07-04T04:07:30.485798+00:00,138.9,3,bid,Xuanyu Liu,WavyWalnuts,6547042
2026-07-04T04:07:30.975213,2026-07-04T04:07:30.979012+00:00,138.8,11,bid,Xuanyu Liu,WavyWalnuts,6547048
2026-07-04T04:07:34.601295,2026-07-04T04:07:34.612919+00:00,138.6,20,ask,YieldingYams,BrilliantBurritos,6547101
2026-07-04T04:07:36.984827,2026-07-04T04:07:37.019608+00:00,138.5,200,ask,WavyWalnuts,AverageAlmonds,6547134
2026-07-04T04:07:36.984827,2026-07-04T04:07:37.019608+00:00,138.5,300,ask,YieldingYams,AverageAlmonds,6547135
2026-07-04T04:07:37.579710,2026-07-04T04:07:37.586904+00:00,138.5,325,ask,YieldingYams,AverageAlmonds,6547140
2026-07-04T04:07:37.579710,2026-07-04T04:07:37.592204+00:00,138.5,175,ask,WavyWalnuts,AverageAlmonds,6547141
2026-07-04T04:07:37.606035,2026-07-04T04:07:37.612860+00:00,138.5,25,ask,WavyWalnuts,YieldingYams,6547142
2026-07-04T04:07:37.629452,2026-07-04T04:07:37.633341+00:00,138.4,12,bid,Xuanyu Liu,YieldingYams,6547145
2026-07-04T04:07:38.218382,2026-07-04T04:07:38.229754+00:00,138.4,200,bid,WavyWalnuts,YieldingYams,6547156
2026-07-04T04:07:39.215166,2026-07-04T04:07:39.226631+00:00,138.1,20,ask,YieldingYams,BrilliantBurritos,6547170
2026-07-04T04:07:39.996635,2026-07-04T04:07:40.009575+00:00,138.3,200,ask,WavyWalnuts,AverageAlmonds,6547182
2026-07-04T04:07:40.633346,2026-07-04T04:07:40.643984+00:00,138.2,200,bid,WavyWalnuts,YieldingYams,6547198
2026-07-04T04:07:41.755966,2026-07-04T04:07:41.767356+00:00,138.3,20,bid,BrilliantBurritos,YieldingYams,6547213
2026-07-04T04:07:41.859405,2026-07-04T04:07:41.862696+00:00,138.2,12,ask,WavyWalnuts,Xuanyu Liu,6547215
2026-07-04T04:07:44.346748,2026-07-04T04:07:44.350685+00:00,138.4,12,bid,Xuanyu Liu,YieldingYams,6547254
2026-07-04T04:07:45.512016,2026-07-04T04:07:45.523511+00:00,138.4,200,ask,WavyWalnuts,YieldingYams,6547271
2026-07-04T04:07:46.821576,2026-07-04T04:07:46.829000+00:00,138.4,200,bid,YieldingYams,WavyWalnuts,6547283
2026-07-04T04:07:47.262928,2026-07-04T04:07:47.270002+00:00,138.4,425,ask,YieldingYams,AverageAlmonds,6547291
2026-07-04T04:07:49.141597,2026-07-04T04:07:49.149801+00:00,138.3,200,bid,WavyWalnuts,YieldingYams,6547310
2026-07-04T04:07:49.306388,2026-07-04T04:07:49.318157+00:00,138.3,20,bid,BrilliantBurritos,YieldingYams,6547313
2026-07-04T04:07:50.664271,2026-07-04T04:07:50.667976+00:00,138.4,11,bid,Xuanyu Liu,YieldingYams,6547330
2026-07-04T04:07:50.743293,2026-07-04T04:07:50.752168+00:00,138.4,500,bid,YieldingYams,AverageAlmonds,6547332
2026-07-04T04:07:50.743293,2026-07-04T04:07:50.752168+00:00,138.5,125,bid,YieldingYams,WavyWalnuts,6547333
2026-07-04T04:07:50.899255,2026-07-04T04:07:50.909797+00:00,138.3,200,ask,WavyWalnuts,AverageAlmonds,6547337
2026-07-04T04:07:50.917229,2026-07-04T04:07:50.920341+00:00,138.3,12,bid,Xuanyu Liu,AverageAlmonds,6547340
2026-07-04T04:07:52.771549,2026-07-04T04:07:52.780324+00:00,138.3,200,bid,WavyWalnuts,AverageAlmonds,6547375
2026-07-04T04:07:54.672845,2026-07-04T04:07:54.680468+00:00,138.3,500,bid,YieldingYams,AverageAlmonds,6547399
2026-07-04T04:07:55.762063,2026-07-04T04:07:55.769020+00:00,138.3,125,ask,YieldingYams,AverageAlmonds,6547417
2026-07-04T04:07:55.762063,2026-07-04T04:07:55.774274+00:00,138.3,200,ask,WavyWalnuts,AverageAlmonds,6547418
2026-07-04T04:07:55.994682,2026-07-04T04:07:55.998388+00:00,138.2,11,bid,Xuanyu Liu,YieldingYams,6547425
2026-07-04T04:07:57.308552,2026-07-04T04:07:57.312400+00:00,138.1,11,bid,Xuanyu Liu,YieldingYams,6547446
2026-07-04T04:07:57.620411,2026-07-04T04:07:57.631968+00:00,138.1,20,bid,BrilliantBurritos,YieldingYams,6547450
2026-07-04T04:08:01.234696,2026-07-04T04:08:01.243806+00:00,138.0,200,ask,WavyWalnuts,YieldingYams,6547498
2026-07-04T04:08:01.250182,2026-07-04T04:08:01.258621+00:00,138.0,200,bid,WavyWalnuts,YieldingYams,6547501
2026-07-04T04:08:02.129806,2026-07-04T04:08:02.134018+00:00,137.8,22,ask,YieldingYams,Xuanyu Liu,6547514
2026-07-04T04:08:09.109680,2026-07-04T04:08:09.117817+00:00,137.9,200,bid,YieldingYams,WavyWalnuts,6547593
2026-07-04T04:08:10.423124,2026-07-04T04:08:10.432670+00:00,137.9,200,ask,WavyWalnuts,YieldingYams,6547610
2026-07-04T04:08:13.041415,2026-07-04T04:08:13.050780+00:00,138.0,200,bid,YieldingYams,WavyWalnuts,6547652
2026-07-04T04:08:14.422273,2026-07-04T04:08:14.429535+00:00,137.9,20,ask,WavyWalnuts,BrilliantBurritos,6547673
2026-07-04T04:08:15.658344,2026-07-04T04:08:15.670046+00:00,138.0,200,bid,YieldingYams,WavyWalnuts,6547694
2026-07-04T04:08:15.768863,2026-07-04T04:08:15.776581+00:00,138.0,200,ask,YieldingYams,WavyWalnuts,6547696
2026-07-04T04:08:18.145266,2026-07-04T04:08:18.158632+00:00,138.0,200,ask,WavyWalnuts,AverageAlmonds,6547719
2026-07-04T04:08:18.181863,2026-07-04T04:08:18.193326+00:00,137.9,200,ask,YieldingYams,WavyWalnuts,6547720
2026-07-04T04:08:18.916515,2026-07-04T04:08:18.925617+00:00,137.8,20,ask,YieldingYams,BrilliantBurritos,6547737
2026-07-04T04:08:20.614550,2026-07-04T04:08:20.622150+00:00,137.9,200,ask,YieldingYams,WavyWalnuts,6547759
2026-07-04T04:08:21.963288,2026-07-04T04:08:21.975073+00:00,137.9,20,ask,WavyWalnuts,BrilliantBurritos,6547781
2026-07-04T04:08:27.485607,2026-07-04T04:08:27.496098+00:00,137.9,200,ask,WavyWalnuts,YieldingYams,6547861
2026-07-04T04:08:28.183846,2026-07-04T04:08:28.190483+00:00,137.8,20,bid,BrilliantBurritos,WavyWalnuts,6547865
2026-07-04T04:08:28.796270,2026-07-04T04:08:28.803710+00:00,137.8,180,bid,YieldingYams,WavyWalnuts,6547873
2026-07-04T04:08:29.086601,2026-07-04T04:08:29.093846+00:00,137.8,200,ask,YieldingYams,WavyWalnuts,6547882
2026-07-04T04:08:32.759477,2026-07-04T04:08:32.772608+00:00,138.0,12,ask,WavyWalnuts,Xuanyu Liu,6547933
2026-07-04T04:08:35.150764,2026-07-04T04:08:35.158596+00:00,138.2,200,bid,WavyWalnuts,YieldingYams,6547972
2026-07-04T04:08:35.374404,2026-07-04T04:08:35.381255+00:00,138.2,500,bid,YieldingYams,AverageAlmonds,6547974
2026-07-04T04:08:35.699882,2026-07-04T04:08:35.708184+00:00,138.2,125,ask,YieldingYams,AverageAlmonds,6547979
2026-07-04T04:08:36.362148,2026-07-04T04:08:36.371371+00:00,138.2,200,bid,WavyWalnuts,AverageAlmonds,6547991
2026-07-04T04:08:37.035357,2026-07-04T04:08:37.046864+00:00,137.9,20,ask,YieldingYams,BrilliantBurritos,6548005
2026-07-04T04:08:38.743600,2026-07-04T04:08:38.754919+00:00,138.0,200,ask,WavyWalnuts,AverageAlmonds,6548027
2026-07-04T04:08:38.743600,2026-07-04T04:08:38.754919+00:00,138.0,300,ask,YieldingYams,AverageAlmonds,6548028
2026-07-04T04:08:39.340345,2026-07-04T04:08:39.350045+00:00,138.0,500,ask,YieldingYams,AverageAlmonds,6548038
2026-07-04T04:08:39.941082,2026-07-04T04:08:39.950629+00:00,138.0,125,ask,YieldingYams,AverageAlmonds,6548046
2026-07-04T04:08:40.092248,2026-07-04T04:08:40.095787+00:00,137.9,34,ask,WavyWalnuts,Xuanyu Liu,6548052
2026-07-04T04:08:40.555322,2026-07-04T04:08:40.563897+00:00,137.9,166,ask,WavyWalnuts,AverageAlmonds,6548057
2026-07-04T04:08:41.197145,2026-07-04T04:08:41.206446+00:00,137.8,200,bid,WavyWalnuts,YieldingYams,6548067
2026-07-04T04:08:42.408994,2026-07-04T04:08:42.415601+00:00,137.8,200,ask,YieldingYams,WavyWalnuts,6548080
2026-07-04T04:08:43.251089,2026-07-04T04:08:43.254298+00:00,137.9,11,bid,Xuanyu Liu,YieldingYams,6548088
2026-07-04T04:08:43.635401,2026-07-04T04:08:43.639462+00:00,137.8,12,bid,Xuanyu Liu,WavyWalnuts,6548099
2026-07-04T04:08:44.041212,2026-07-04T04:08:44.048258+00:00,137.8,20,bid,BrilliantBurritos,WavyWalnuts,6548102
2026-07-04T04:08:46.055139,2026-07-04T04:08:46.058544+00:00,137.9,200,bid,WavyWalnuts,YieldingYams,6548136
2026-07-04T04:08:46.413546,2026-07-04T04:08:46.417043+00:00,137.7,12,ask,YieldingYams,Xuanyu Liu,6548140
2026-07-04T04:08:47.182632,2026-07-04T04:08:47.186186+00:00,137.9,14,ask,YieldingYams,Xuanyu Liu,6548151
2026-07-04T04:08:47.659341,2026-07-04T04:08:47.671192+00:00,137.9,20,ask,YieldingYams,BrilliantBurritos,6548156
2026-07-04T04:08:47.681624,2026-07-04T04:08:47.685495+00:00,138.0,3,bid,Xuanyu Liu,WavyWalnuts,6548158
2026-07-04T04:08:49.818625,2026-07-04T04:08:49.822643+00:00,138.0,11,bid,Xuanyu Liu,YieldingYams,6548180
2026-07-04T04:08:55.072908,2026-07-04T04:08:55.080064+00:00,138.0,500,ask,YieldingYams,AverageAlmonds,6548245
2026-07-04T04:08:55.696469,2026-07-04T04:08:55.706764+00:00,138.0,125,ask,YieldingYams,AverageAlmonds,6548255
2026-07-04T04:08:56.362801,2026-07-04T04:08:56.373768+00:00,137.9,200,ask,WavyWalnuts,YieldingYams,6548267
2026-07-04T04:08:56.379277,2026-07-04T04:08:56.382693+00:00,137.8,12,bid,Xuanyu Liu,YieldingYams,6548271
2026-07-04T04:08:56.953027,2026-07-04T04:08:56.954581+00:00,137.8,200,bid,WavyWalnuts,YieldingYams,6548284
2026-07-04T04:09:04.237186,2026-07-04T04:09:04.254748+00:00,137.7,200,ask,WavyWalnuts,YieldingYams,6548378
2026-07-04T04:09:04.251220,2026-07-04T04:09:04.254748+00:00,137.6,11,bid,Xuanyu Liu,YieldingYams,6548381
2026-07-04T04:09:10.797358,2026-07-04T04:09:10.806644+00:00,137.7,200,bid,YieldingYams,WavyWalnuts,6548454
2026-07-04T04:09:11.723999,2026-07-04T04:09:11.727920+00:00,137.7,23,ask,YieldingYams,Xuanyu Liu,6548480
2026-07-04T04:09:12.113632,2026-07-04T04:09:12.163646+00:00,137.7,200,ask,WavyWalnuts,YieldingYams,6548484
2026-07-04T04:09:12.699969,2026-07-04T04:09:12.709374+00:00,137.6,200,bid,WavyWalnuts,YieldingYams,6548491
2026-07-04T04:09:12.981287,2026-07-04T04:09:12.984476+00:00,137.6,12,bid,Xuanyu Liu,YieldingYams,6548495
2026-07-04T04:09:14.408458,2026-07-04T04:09:14.417732+00:00,137.7,20,bid,BrilliantBurritos,YieldingYams,6548519
2026-07-04T04:09:15.122494,2026-07-04T04:09:15.134428+00:00,137.6,200,ask,YieldingYams,WavyWalnuts,6548530
2026-07-04T04:09:17.481956,2026-07-04T04:09:17.493023+00:00,137.6,500,ask,YieldingYams,AverageAlmonds,6548559
2026-07-04T04:09:17.548216,2026-07-04T04:09:17.554487+00:00,137.6,125,ask,YieldingYams,WavyWalnuts,6548561
2026-07-04T04:09:20.015032,2026-07-04T04:09:20.021933+00:00,137.4,200,ask,WavyWalnuts,YieldingYams,6548595
2026-07-04T04:09:24.376752,2026-07-04T04:09:24.380416+00:00,137.3,12,ask,WavyWalnuts,Xuanyu Liu,6548658
2026-07-04T04:09:27.541925,2026-07-04T04:09:27.545682+00:00,137.3,11,ask,WavyWalnuts,Xuanyu Liu,6548695
2026-07-04T04:09:27.920430,2026-07-04T04:09:27.929761+00:00,137.3,189,ask,WavyWalnuts,YieldingYams,6548700
2026-07-04T04:09:29.055236,2026-07-04T04:09:29.063578+00:00,137.3,20,bid,BrilliantBurritos,YieldingYams,6548710
2026-07-04T04:09:29.245337,2026-07-04T04:09:29.248770+00:00,137.2,3,ask,YieldingYams,Xuanyu Liu,6548718
2026-07-04T04:09:29.650257,2026-07-04T04:09:29.663757+00:00,137.2,200,ask,YieldingYams,WavyWalnuts,6548720
2026-07-04T04:09:34.495767,2026-07-04T04:09:34.505468+00:00,137.3,200,bid,WavyWalnuts,YieldingYams,6548784
2026-07-04T04:09:34.946333,2026-07-04T04:09:34.952640+00:00,137.3,20,bid,BrilliantBurritos,YieldingYams,6548790
2026-07-04T04:09:35.786568,2026-07-04T04:09:35.794810+00:00,137.3,200,bid,YieldingYams,WavyWalnuts,6548798
2026-07-04T04:09:35.800338,2026-07-04T04:09:35.803844+00:00,137.3,26,ask,YieldingYams,Xuanyu Liu,6548801
2026-07-04T04:09:36.919891,2026-07-04T04:09:36.930995+00:00,137.3,200,ask,YieldingYams,WavyWalnuts,6548815
2026-07-04T04:09:40.492244,2026-07-04T04:09:40.502990+00:00,137.1,20,ask,WavyWalnuts,BrilliantBurritos,6548852
2026-07-04T04:09:47.821831,2026-07-04T04:09:47.828600+00:00,136.9,200,ask,YieldingYams,WavyWalnuts,6548963
2026-07-04T04:09:52.816335,2026-07-04T04:09:52.824004+00:00,136.9,200,bid,YieldingYams,WavyWalnuts,6549023
2026-07-04T04:09:53.889585,2026-07-04T04:09:53.900083+00:00,136.9,200,ask,YieldingYams,WavyWalnuts,6549048
2026-07-04T04:09:54.138895,2026-07-04T04:09:54.142063+00:00,137.0,11,ask,YieldingYams,Xuanyu Liu,6549052
2026-07-04T04:09:55.006858,2026-07-04T04:09:55.017132+00:00,137.0,500,ask,YieldingYams,AverageAlmonds,6549067
2026-07-04T04:09:55.099086,2026-07-04T04:09:55.106120+00:00,137.0,114,ask,YieldingYams,WavyWalnuts,6549069
2026-07-04T04:09:58.728702,2026-07-04T04:09:58.740370+00:00,136.7,200,ask,YieldingYams,WavyWalnuts,6549121
2026-07-04T04:10:00.241482,2026-07-04T04:10:00.258610+00:00,136.6,20,ask,YieldingYams,BrilliantBurritos,6549146
2026-07-04T04:10:00.709941,2026-07-04T04:10:00.721004+00:00,136.7,200,bid,YieldingYams,WavyWalnuts,6549153
2026-07-04T04:10:02.337873,2026-07-04T04:10:02.341338+00:00,136.7,23,ask,YieldingYams,Xuanyu Liu,6549173
2026-07-04T04:10:03.335449,2026-07-04T04:10:03.354133+00:00,136.8,200,bid,YieldingYams,WavyWalnuts,6549180
2026-07-04T04:10:03.350039,2026-07-04T04:10:03.354133+00:00,136.8,11,ask,YieldingYams,Xuanyu Liu,6549182
2026-07-04T04:10:05.181484,2026-07-04T04:10:05.193388+00:00,136.8,20,ask,YieldingYams,BrilliantBurritos,6549204
2026-07-04T04:10:07.264200,2026-07-04T04:10:07.274127+00:00,136.8,200,ask,WavyWalnuts,YieldingYams,6549231
2026-07-04T04:10:08.402919,2026-07-04T04:10:08.409622+00:00,136.8,200,bid,WavyWalnuts,YieldingYams,6549245
2026-07-04T04:10:09.878468,2026-07-04T04:10:09.885713+00:00,136.8,200,ask,WavyWalnuts,YieldingYams,6549266
2026-07-04T04:10:10.803536,2026-07-04T04:10:10.814932+00:00,136.6,20,ask,YieldingYams,BrilliantBurritos,6549275
2026-07-04T04:10:10.840770,2026-07-04T04:10:10.843956+00:00,136.7,11,bid,Xuanyu Liu,WavyWalnuts,6549280
2026-07-04T04:10:13.247606,2026-07-04T04:10:13.254091+00:00,136.8,200,bid,WavyWalnuts,YieldingYams,6549307
2026-07-04T04:10:14.468559,2026-07-04T04:10:14.472096+00:00,136.8,11,ask,WavyWalnuts,Xuanyu Liu,6549329
2026-07-04T04:10:17.759292,2026-07-04T04:10:17.762614+00:00,136.9,11,bid,Xuanyu Liu,YieldingYams,6549359
2026-07-04T04:10:18.081554,2026-07-04T04:10:18.090937+00:00,136.9,200,bid,WavyWalnuts,YieldingYams,6549370
2026-07-04T04:10:21.264118,2026-07-04T04:10:21.268072+00:00,136.9,11,bid,Xuanyu Liu,YieldingYams,6549410
2026-07-04T04:10:21.715923,2026-07-04T04:10:21.719571+00:00,136.8,12,bid,Xuanyu Liu,WavyWalnuts,6549419
2026-07-04T04:10:22.267662,2026-07-04T04:10:22.275367+00:00,136.8,20,bid,BrilliantBurritos,WavyWalnuts,6549421
2026-07-04T04:10:22.993422,2026-07-04T04:10:23.004255+00:00,136.8,200,bid,YieldingYams,WavyWalnuts,6549435
2026-07-04T04:10:24.117655,2026-07-04T04:10:24.125730+00:00,136.8,200,ask,YieldingYams,WavyWalnuts,6549451
2026-07-04T04:10:24.308159,2026-07-04T04:10:24.315860+00:00,136.7,500,ask,AverageAlmonds,YieldingYams,6549454
2026-07-04T04:10:24.326334,2026-07-04T04:10:24.329709+00:00,136.7,11,bid,Xuanyu Liu,YieldingYams,6549456
2026-07-04T04:10:25.269475,2026-07-04T04:10:25.280415+00:00,136.7,114,bid,AverageAlmonds,YieldingYams,6549468
2026-07-04T04:10:25.616553,2026-07-04T04:10:25.623001+00:00,136.8,200,bid,YieldingYams,WavyWalnuts,6549474
2026-07-04T04:10:25.634419,2026-07-04T04:10:25.637847+00:00,136.9,11,ask,YieldingYams,Xuanyu Liu,6549476
2026-07-04T04:10:27.642386,2026-07-04T04:10:27.646109+00:00,137.0,23,bid,Xuanyu Liu,WavyWalnuts,6549522
2026-07-04T04:10:27.737718,2026-07-04T04:10:27.747358+00:00,136.9,200,ask,YieldingYams,WavyWalnuts,6549525
2026-07-04T04:10:28.945004,2026-07-04T04:10:28.958563+00:00,137.0,200,ask,YieldingYams,WavyWalnuts,6549542
2026-07-04T04:10:32.567295,2026-07-04T04:10:32.576661+00:00,137.0,200,ask,AverageAlmonds,WavyWalnuts,6549590
2026-07-04T04:10:33.755476,2026-07-04T04:10:33.758555+00:00,137.1,500,bid,AverageAlmonds,YieldingYams,6549608
2026-07-04T04:10:33.964627,2026-07-04T04:10:33.968897+00:00,137.1,14,bid,Xuanyu Liu,YieldingYams,6549614
2026-07-04T04:10:34.792786,2026-07-04T04:10:34.801735+00:00,137.1,200,bid,YieldingYams,WavyWalnuts,6549622
2026-07-04T04:10:34.985709,2026-07-04T04:10:34.995430+00:00,137.3,200,ask,YieldingYams,WavyWalnuts,6549627
2026-07-04T04:10:40.039989,2026-07-04T04:10:40.048728+00:00,137.3,200,bid,YieldingYams,WavyWalnuts,6549696
2026-07-04T04:10:41.045374,2026-07-04T04:10:41.058634+00:00,137.4,200,ask,YieldingYams,WavyWalnuts,6549711
2026-07-04T04:10:42.251619,2026-07-04T04:10:42.258537+00:00,137.4,200,bid,WavyWalnuts,YieldingYams,6549738
2026-07-04T04:10:45.290465,2026-07-04T04:10:45.301055+00:00,137.4,200,ask,WavyWalnuts,YieldingYams,6549779
2026-07-04T04:10:45.306382,2026-07-04T04:10:45.309802+00:00,137.4,3,bid,Xuanyu Liu,YieldingYams,6549783
2026-07-04T04:10:45.886729,2026-07-04T04:10:45.896229+00:00,137.4,200,bid,WavyWalnuts,YieldingYams,6549789
2026-07-04T04:10:46.625938,2026-07-04T04:10:46.629285+00:00,137.4,3,ask,YieldingYams,Xuanyu Liu,6549799
2026-07-04T04:10:47.688381,2026-07-04T04:10:47.701220+00:00,137.4,20,ask,YieldingYams,BrilliantBurritos,6549811
2026-07-04T04:10:48.301182,2026-07-04T04:10:48.307622+00:00,137.6,200,bid,WavyWalnuts,YieldingYams,6549824
2026-07-04T04:10:49.497555,2026-07-04T04:10:49.508667+00:00,137.5,20,ask,YieldingYams,BrilliantBurritos,6549844
2026-07-04T04:10:53.172027,2026-07-04T04:10:53.179299+00:00,137.4,200,ask,YieldingYams,WavyWalnuts,6549887
2026-07-04T04:10:56.801910,2026-07-04T04:10:56.810753+00:00,137.4,200,ask,YieldingYams,WavyWalnuts,6549940
2026-07-04T04:10:58.013531,2026-07-04T04:10:58.022667+00:00,137.4,200,ask,YieldingYams,WavyWalnuts,6549955
2026-07-04T04:10:59.221963,2026-07-04T04:10:59.231467+00:00,137.5,200,ask,YieldingYams,WavyWalnuts,6549974
2026-07-04T04:11:01.016393,2026-07-04T04:11:01.025349+00:00,137.5,200,bid,YieldingYams,WavyWalnuts,6550013
2026-07-04T04:11:10.214944,2026-07-04T04:11:10.222084+00:00,137.6,200,bid,YieldingYams,WavyWalnuts,6550138
2026-07-04T04:11:11.768085,2026-07-04T04:11:11.779844+00:00,137.5,20,ask,WavyWalnuts,BrilliantBurritos,6550159
2026-07-04T04:11:11.921465,2026-07-04T04:11:11.925655+00:00,137.5,14,ask,WavyWalnuts,Xuanyu Liu,6550164
2026-07-04T04:11:14.924703,2026-07-04T04:11:14.931857+00:00,137.6,200,ask,WavyWalnuts,AverageAlmonds,6550202
2026-07-04T04:11:14.924703,2026-07-04T04:11:14.937129+00:00,137.6,300,ask,YieldingYams,AverageAlmonds,6550203
2026-07-04T04:11:15.063085,2026-07-04T04:11:15.075016+00:00,137.6,20,ask,YieldingYams,BrilliantBurritos,6550205
2026-07-04T04:11:15.474015,2026-07-04T04:11:15.477089+00:00,137.6,11,bid,Xuanyu Liu,YieldingYams,6550212
2026-07-04T04:11:16.127928,2026-07-04T04:11:16.146236+00:00,137.5,200,ask,WavyWalnuts,AverageAlmonds,6550219
2026-07-04T04:11:16.143132,2026-07-04T04:11:16.146236+00:00,137.5,3,bid,Xuanyu Liu,AverageAlmonds,6550222
2026-07-04T04:11:20.723745,2026-07-04T04:11:20.727223+00:00,137.4,3,ask,YieldingYams,Xuanyu Liu,6550293
2026-07-04T04:11:21.409491,2026-07-04T04:11:21.413248+00:00,137.4,11,ask,YieldingYams,Xuanyu Liu,6550298
2026-07-04T04:11:21.576599,2026-07-04T04:11:21.583971+00:00,137.4,500,ask,YieldingYams,AverageAlmonds,6550304
2026-07-04T04:11:22.018229,2026-07-04T04:11:22.027803+00:00,137.3,200,ask,WavyWalnuts,YieldingYams,6550312
2026-07-04T04:11:22.785636,2026-07-04T04:11:22.793923+00:00,137.2,200,ask,WavyWalnuts,AverageAlmonds,6550323
2026-07-04T04:11:23.245519,2026-07-04T04:11:23.250739+00:00,137.0,20,ask,YieldingYams,BrilliantBurritos,6550328
2026-07-04T04:11:23.328680,2026-07-04T04:11:23.336576+00:00,137.2,300,bid,YieldingYams,AverageAlmonds,6550331
2026-07-04T04:11:23.377346,2026-07-04T04:11:23.385703+00:00,137.2,325,ask,YieldingYams,AverageAlmonds,6550333
2026-07-04T04:11:24.636815,2026-07-04T04:11:24.645723+00:00,136.9,200,ask,WavyWalnuts,YieldingYams,6550358
2026-07-04T04:11:30.646466,2026-07-04T04:11:30.664199+00:00,136.8,200,ask,WavyWalnuts,AverageAlmonds,6550442
2026-07-04T04:11:30.646466,2026-07-04T04:11:30.664199+00:00,136.8,300,ask,YieldingYams,AverageAlmonds,6550443
2026-07-04T04:11:31.912082,2026-07-04T04:11:31.919091+00:00,136.8,200,bid,WavyWalnuts,AverageAlmonds,6550467
2026-07-04T04:11:32.204063,2026-07-04T04:11:32.208334+00:00,136.7,12,ask,YieldingYams,Xuanyu Liu,6550469
2026-07-04T04:11:35.125588,2026-07-04T04:11:35.143800+00:00,136.8,200,bid,YieldingYams,WavyWalnuts,6550510
2026-07-04T04:11:35.140605,2026-07-04T04:11:35.143800+00:00,136.9,11,ask,YieldingYams,Xuanyu Liu,6550513
2026-07-04T04:11:35.541437,2026-07-04T04:11:35.550372+00:00,136.9,200,ask,YieldingYams,WavyWalnuts,6550517
2026-07-04T04:11:38.469501,2026-07-04T04:11:38.481038+00:00,136.8,20,ask,YieldingYams,BrilliantBurritos,6550554
2026-07-04T04:11:41.135951,2026-07-04T04:11:41.147814+00:00,136.7,20,ask,YieldingYams,BrilliantBurritos,6550599
2026-07-04T04:11:43.345899,2026-07-04T04:11:43.358533+00:00,136.8,500,ask,YieldingYams,AverageAlmonds,6550621
2026-07-04T04:11:44.996932,2026-07-04T04:11:45.008570+00:00,136.9,20,bid,BrilliantBurritos,WavyWalnuts,6550653
2026-07-04T04:11:46.448683,2026-07-04T04:11:46.445288+00:00,136.6,200,ask,YieldingYams,WavyWalnuts,6550674
2026-07-04T04:11:47.658216,2026-07-04T04:11:47.668963+00:00,136.5,200,ask,YieldingYams,WavyWalnuts,6550695
2026-07-04T04:11:49.564425,2026-07-04T04:11:49.571654+00:00,136.4,200,ask,WavyWalnuts,YieldingYams,6550727
2026-07-04T04:11:49.909605,2026-07-04T04:11:49.913172+00:00,136.2,23,ask,YieldingYams,Xuanyu Liu,6550736
2026-07-04T04:11:50.876757,2026-07-04T04:11:50.886838+00:00,136.5,200,bid,YieldingYams,WavyWalnuts,6550744
2026-07-04T04:11:50.892837,2026-07-04T04:11:50.896736+00:00,136.5,27,ask,YieldingYams,Xuanyu Liu,6550746
2026-07-04T04:11:51.759646,2026-07-04T04:11:51.771357+00:00,136.7,20,bid,BrilliantBurritos,YieldingYams,6550760
2026-07-04T04:11:53.003970,2026-07-04T04:11:53.007421+00:00,136.7,16,bid,Xuanyu Liu,YieldingYams,6550774
2026-07-04T04:11:53.501479,2026-07-04T04:11:53.509233+00:00,136.5,200,ask,WavyWalnuts,YieldingYams,6550786
2026-07-04T04:11:53.519812,2026-07-04T04:11:53.523509+00:00,136.5,22,bid,Xuanyu Liu,YieldingYams,6550788
2026-07-04T04:11:53.695982,2026-07-04T04:11:53.703872+00:00,136.5,200,bid,WavyWalnuts,YieldingYams,6550793
2026-07-04T04:11:59.601179,2026-07-04T04:11:59.613038+00:00,136.4,20,ask,WavyWalnuts,BrilliantBurritos,6550879
2026-07-04T04:11:59.685021,2026-07-04T04:11:59.692213+00:00,136.5,500,bid,AverageAlmonds,YieldingYams,6550880
2026-07-04T04:12:00.802758,2026-07-04T04:12:00.814410+00:00,136.6,20,bid,BrilliantBurritos,WavyWalnuts,6550895
2026-07-04T04:12:00.943629,2026-07-04T04:12:00.958592+00:00,136.5,200,ask,YieldingYams,WavyWalnuts,6550898
2026-07-04T04:12:05.132993,2026-07-04T04:12:05.140887+00:00,136.6,200,bid,AverageAlmonds,WavyWalnuts,6550951
2026-07-04T04:12:05.304532,2026-07-04T04:12:05.315369+00:00,136.6,300,ask,AverageAlmonds,YieldingYams,6550959
2026-07-04T04:12:05.730011,2026-07-04T04:12:05.738043+00:00,136.6,325,bid,AverageAlmonds,YieldingYams,6550967
2026-07-04T04:12:06.980432,2026-07-04T04:12:06.990656+00:00,136.8,200,bid,WavyWalnuts,YieldingYams,6550992
2026-07-04T04:12:07.313274,2026-07-04T04:12:07.324847+00:00,136.7,20,ask,AverageAlmonds,BrilliantBurritos,6550995
2026-07-04T04:12:08.190916,2026-07-04T04:12:08.201646+00:00,136.8,200,ask,AverageAlmonds,WavyWalnuts,6551008
2026-07-04T04:12:09.398432,2026-07-04T04:12:09.406209+00:00,136.9,200,ask,AverageAlmonds,WavyWalnuts,6551029
2026-07-04T04:12:09.983855,2026-07-04T04:12:09.993086+00:00,137.0,500,bid,AverageAlmonds,YieldingYams,6551036
2026-07-04T04:12:10.609249,2026-07-04T04:12:10.617108+00:00,137.2,200,ask,YieldingYams,WavyWalnuts,6551051
2026-07-04T04:12:11.820131,2026-07-04T04:12:11.827764+00:00,137.2,200,ask,YieldingYams,WavyWalnuts,6551065
2026-07-04T04:12:12.399494,2026-07-04T04:12:12.408280+00:00,137.1,500,bid,AverageAlmonds,YieldingYams,6551077
2026-07-04T04:12:12.985988,2026-07-04T04:12:12.995454+00:00,137.1,125,bid,AverageAlmonds,YieldingYams,6551087
2026-07-04T04:12:13.031054,2026-07-04T04:12:13.037749+00:00,137.2,200,ask,AverageAlmonds,WavyWalnuts,6551092
2026-07-04T04:12:15.180298,2026-07-04T04:12:15.184206+00:00,137.3,46,bid,Xuanyu Liu,WavyWalnuts,6551120
2026-07-04T04:12:16.663561,2026-07-04T04:12:16.674306+00:00,137.4,200,bid,WavyWalnuts,YieldingYams,6551137
2026-07-04T04:12:19.747437,2026-07-04T04:12:19.754014+00:00,137.4,200,ask,WavyWalnuts,YieldingYams,6551176
2026-07-04T04:12:20.296613,2026-07-04T04:12:20.306801+00:00,137.4,200,bid,WavyWalnuts,YieldingYams,6551182
2026-07-04T04:12:21.515822,2026-07-04T04:12:21.527239+00:00,137.5,200,ask,YieldingYams,WavyWalnuts,6551193
2026-07-04T04:12:21.565491,2026-07-04T04:12:21.569132+00:00,137.6,3,bid,Xuanyu Liu,AverageAlmonds,6551196
2026-07-04T04:12:22.738856,2026-07-04T04:12:22.742260+00:00,137.5,3,bid,Xuanyu Liu,WavyWalnuts,6551210
2026-07-04T04:12:24.736732,2026-07-04T04:12:24.740371+00:00,137.3,3,ask,WavyWalnuts,Xuanyu Liu,6551235
2026-07-04T04:12:24.999049,2026-07-04T04:12:25.006533+00:00,137.3,197,ask,WavyWalnuts,YieldingYams,6551240
2026-07-04T04:12:25.446517,2026-07-04T04:12:25.463881+00:00,137.2,20,ask,AverageAlmonds,BrilliantBurritos,6551245
2026-07-04T04:12:26.295554,2026-07-04T04:12:26.305653+00:00,137.3,428,bid,AverageAlmonds,YieldingYams,6551251
2026-07-04T04:12:26.311872,2026-07-04T04:12:26.321846+00:00,137.4,200,bid,YieldingYams,WavyWalnuts,6551252
2026-07-04T04:12:27.892534,2026-07-04T04:12:27.905621+00:00,137.5,14,ask,WavyWalnuts,Xuanyu Liu,6551273
2026-07-04T04:12:28.938132,2026-07-04T04:12:28.947089+00:00,137.5,500,ask,AverageAlmonds,YieldingYams,6551289
2026-07-04T04:12:28.938132,2026-07-04T04:12:28.947089+00:00,137.5,125,ask,WavyWalnuts,YieldingYams,6551290
2026-07-04T04:12:35.517688,2026-07-04T04:12:35.526385+00:00,137.7,200,ask,WavyWalnuts,YieldingYams,6551395
2026-07-04T04:12:36.026205,2026-07-04T04:12:36.035155+00:00,137.7,200,bid,WavyWalnuts,YieldingYams,6551401
2026-07-04T04:12:36.844615,2026-07-04T04:12:36.848141+00:00,137.8,12,ask,YieldingYams,Xuanyu Liu,6551413
2026-07-04T04:12:38.138035,2026-07-04T04:12:38.147126+00:00,137.9,500,bid,YieldingYams,AverageAlmonds,6551431
2026-07-04T04:12:38.441398,2026-07-04T04:12:38.448106+00:00,138.0,200,bid,WavyWalnuts,AverageAlmonds,6551438
2026-07-04T04:12:39.004963,2026-07-04T04:12:39.011365+00:00,137.9,125,ask,YieldingYams,AverageAlmonds,6551444
2026-07-04T04:12:39.653973,2026-07-04T04:12:39.668930+00:00,137.8,200,bid,WavyWalnuts,AverageAlmonds,6551459
2026-07-04T04:12:40.236244,2026-07-04T04:12:40.246213+00:00,137.7,500,ask,YieldingYams,AverageAlmonds,6551466
2026-07-04T04:12:40.781072,2026-07-04T04:12:40.785063+00:00,137.6,23,bid,Xuanyu Liu,YieldingYams,6551480
2026-07-04T04:12:40.861892,2026-07-04T04:12:40.870270+00:00,137.6,200,bid,WavyWalnuts,YieldingYams,6551482
2026-07-04T04:12:42.653737,2026-07-04T04:12:42.657497+00:00,137.6,200,ask,WavyWalnuts,AverageAlmonds,6551506
2026-07-04T04:12:43.393507,2026-07-04T04:12:43.401968+00:00,137.6,200,bid,YieldingYams,WavyWalnuts,6551518
2026-07-04T04:12:43.393507,2026-07-04T04:12:43.401968+00:00,137.7,425,bid,YieldingYams,AverageAlmonds,6551519
2026-07-04T04:12:44.043210,2026-07-04T04:12:44.058636+00:00,137.4,20,ask,WavyWalnuts,BrilliantBurritos,6551527
2026-07-04T04:12:44.341047,2026-07-04T04:12:44.349092+00:00,137.4,20,ask,WavyWalnuts,BrilliantBurritos,6551530
2026-07-04T04:12:44.703198,2026-07-04T04:12:44.712753+00:00,137.7,200,bid,YieldingYams,WavyWalnuts,6551535
2026-07-04T04:12:46.820458,2026-07-04T04:12:46.824113+00:00,137.7,3,bid,Xuanyu Liu,YieldingYams,6551564
2026-07-04T04:12:52.577170,2026-07-04T04:12:52.588879+00:00,137.4,200,ask,WavyWalnuts,YieldingYams,6551649
2026-07-04T04:12:55.393584,2026-07-04T04:12:55.399972+00:00,137.3,200,ask,YieldingYams,WavyWalnuts,6551694
2026-07-04T04:12:55.667299,2026-07-04T04:12:55.678915+00:00,137.3,20,ask,YieldingYams,BrilliantBurritos,6551697
2026-07-04T04:13:00.442687,2026-07-04T04:13:00.464038+00:00,137.1,200,bid,YieldingYams,WavyWalnuts,6551758
2026-07-04T04:13:01.429552,2026-07-04T04:13:01.437581+00:00,137.2,200,ask,YieldingYams,WavyWalnuts,6551774
2026-07-04T04:13:01.757686,2026-07-04T04:13:01.768991+00:00,137.2,500,ask,AverageAlmonds,YieldingYams,6551780
2026-07-04T04:13:01.995147,2026-07-04T04:13:02.003617+00:00,137.2,125,bid,AverageAlmonds,YieldingYams,6551787
2026-07-04T04:13:02.636587,2026-07-04T04:13:02.647142+00:00,137.2,200,ask,AverageAlmonds,WavyWalnuts,6551794
2026-07-04T04:13:03.063408,2026-07-04T04:13:03.074448+00:00,137.2,300,ask,AverageAlmonds,YieldingYams,6551804
2026-07-04T04:13:03.082385,2026-07-04T04:13:03.086253+00:00,137.2,37,bid,Xuanyu Liu,YieldingYams,6551806
2026-07-04T04:13:03.197993,2026-07-04T04:13:03.207113+00:00,137.2,288,bid,AverageAlmonds,YieldingYams,6551809
2026-07-04T04:13:04.371066,2026-07-04T04:13:04.382758+00:00,137.3,200,bid,YieldingYams,WavyWalnuts,6551829
2026-07-04T04:13:05.070572,2026-07-04T04:13:05.080296+00:00,137.4,200,ask,YieldingYams,WavyWalnuts,6551845
2026-07-04T04:13:05.842515,2026-07-04T04:13:05.846317+00:00,137.3,23,ask,AverageAlmonds,Xuanyu Liu,6551863
2026-07-04T04:13:08.715806,2026-07-04T04:13:08.719204+00:00,137.4,11,ask,WavyWalnuts,Xuanyu Liu,6551916
2026-07-04T04:13:09.619379,2026-07-04T04:13:09.630540+00:00,137.4,189,ask,WavyWalnuts,YieldingYams,6551928
2026-07-04T04:13:09.917343,2026-07-04T04:13:09.924486+00:00,137.3,200,bid,WavyWalnuts,YieldingYams,6551936
2026-07-04T04:13:12.169443,2026-07-04T04:13:12.173248+00:00,137.3,3,ask,YieldingYams,Xuanyu Liu,6551966
2026-07-04T04:13:13.556324,2026-07-04T04:13:13.564874+00:00,137.4,200,bid,YieldingYams,WavyWalnuts,6551989
2026-07-04T04:13:14.792570,2026-07-04T04:13:14.800708+00:00,137.4,200,ask,YieldingYams,WavyWalnuts,6552009
2026-07-04T04:13:15.120757,2026-07-04T04:13:15.132367+00:00,137.5,20,bid,BrilliantBurritos,YieldingYams,6552013
2026-07-04T04:13:16.003129,2026-07-04T04:13:16.012673+00:00,137.2,200,ask,YieldingYams,WavyWalnuts,6552026
2026-07-04T04:13:16.189970,2026-07-04T04:13:16.193641+00:00,137.3,3,bid,Xuanyu Liu,YieldingYams,6552029
2026-07-04T04:13:17.229728,2026-07-04T04:13:17.233434+00:00,137.2,11,bid,Xuanyu Liu,WavyWalnuts,6552039
2026-07-04T04:13:18.526451,2026-07-04T04:13:18.530339+00:00,137.1,11,ask,AverageAlmonds,Xuanyu Liu,6552059
2026-07-04T04:13:19.254180,2026-07-04T04:13:19.258614+00:00,137.1,20,ask,WavyWalnuts,BrilliantBurritos,6552070
2026-07-04T04:13:20.104461,2026-07-04T04:13:20.113468+00:00,137.1,500,ask,AverageAlmonds,YieldingYams,6552082
2026-07-04T04:13:20.848178,2026-07-04T04:13:20.858617+00:00,137.1,125,bid,WavyWalnuts,YieldingYams,6552093
2026-07-04T04:13:21.482721,2026-07-04T04:13:21.494278+00:00,137.1,20,ask,WavyWalnuts,BrilliantBurritos,6552098
2026-07-04T04:13:23.603835,2026-07-04T04:13:23.615375+00:00,137.3,20,bid,BrilliantBurritos,YieldingYams,6552128
2026-07-04T04:13:24.049416,2026-07-04T04:13:24.053158+00:00,137.2,11,bid,Xuanyu Liu,YieldingYams,6552133
2026-07-04T04:13:24.627249,2026-07-04T04:13:24.635753+00:00,137.2,20,bid,BrilliantBurritos,YieldingYams,6552138
2026-07-04T04:13:29.068138,2026-07-04T04:13:29.079781+00:00,137.2,20,bid,BrilliantBurritos,WavyWalnuts,6552208
2026-07-04T04:13:31.884133,2026-07-04T04:13:31.892923+00:00,137.1,200,bid,YieldingYams,WavyWalnuts,6552238
2026-07-04T04:13:32.935530,2026-07-04T04:13:32.944887+00:00,137.1,200,ask,YieldingYams,WavyWalnuts,6552250
2026-07-04T04:13:33.298624,2026-07-04T04:13:33.310216+00:00,137.0,20,ask,YieldingYams,BrilliantBurritos,6552259
2026-07-04T04:13:36.911574,2026-07-04T04:13:36.920079+00:00,137.1,20,ask,WavyWalnuts,BrilliantBurritos,6552307
2026-07-04T04:13:38.984577,2026-07-04T04:13:38.992122+00:00,137.1,200,bid,WavyWalnuts,YieldingYams,6552336
2026-07-04T04:13:41.075288,2026-07-04T04:13:41.081923+00:00,137.0,200,ask,WavyWalnuts,YieldingYams,6552364
2026-07-04T04:13:42.384265,2026-07-04T04:13:42.393555+00:00,136.9,200,ask,WavyWalnuts,YieldingYams,6552377
2026-07-04T04:13:43.837649,2026-07-04T04:13:43.841239+00:00,136.8,11,ask,YieldingYams,Xuanyu Liu,6552402
2026-07-04T04:13:45.014565,2026-07-04T04:13:45.017722+00:00,136.9,3,ask,YieldingYams,Xuanyu Liu,6552415
2026-07-04T04:13:46.526280,2026-07-04T04:13:46.538031+00:00,137.2,20,bid,BrilliantBurritos,WavyWalnuts,6552436
2026-07-04T04:13:47.636318,2026-07-04T04:13:47.639894+00:00,137.1,3,bid,Xuanyu Liu,YieldingYams,6552446
2026-07-04T04:13:47.719642,2026-07-04T04:13:47.729197+00:00,137.1,20,bid,BrilliantBurritos,YieldingYams,6552448
2026-07-04T04:13:48.396535,2026-07-04T04:13:48.408496+00:00,137.0,20,ask,WavyWalnuts,BrilliantBurritos,6552452
2026-07-04T04:13:51.343700,2026-07-04T04:13:51.355264+00:00,137.3,20,bid,BrilliantBurritos,YieldingYams,6552498
2026-07-04T04:13:51.618470,2026-07-04T04:13:51.628225+00:00,137.2,500,ask,YieldingYams,AverageAlmonds,6552502
2026-07-04T04:13:52.284006,2026-07-04T04:13:52.301603+00:00,137.2,125,ask,YieldingYams,WavyWalnuts,6552512
2026-07-04T04:13:52.298048,2026-07-04T04:13:52.301603+00:00,137.1,7,bid,Xuanyu Liu,WavyWalnuts,6552514
2026-07-04T04:13:52.660391,2026-07-04T04:13:52.672035+00:00,137.1,20,bid,BrilliantBurritos,WavyWalnuts,6552519
2026-07-04T04:13:53.495149,2026-07-04T04:13:53.503873+00:00,137.0,200,bid,WavyWalnuts,YieldingYams,6552535
2026-07-04T04:13:55.662188,2026-07-04T04:13:55.673766+00:00,137.1,20,bid,BrilliantBurritos,WavyWalnuts,6552569
2026-07-04T04:13:55.909992,2026-07-04T04:13:55.919251+00:00,137.0,200,ask,YieldingYams,WavyWalnuts,6552574
2026-07-04T04:13:56.824850,2026-07-04T04:13:56.828329+00:00,137.0,4,bid,Xuanyu Liu,YieldingYams,6552587
2026-07-04T04:13:58.324532,2026-07-04T04:13:58.335522+00:00,136.9,200,ask,YieldingYams,WavyWalnuts,6552609
2026-07-04T04:13:59.989010,2026-07-04T04:14:00.000384+00:00,136.8,20,ask,YieldingYams,BrilliantBurritos,6552627
2026-07-04T04:14:03.472788,2026-07-04T04:14:03.484295+00:00,136.7,20,ask,WavyWalnuts,BrilliantBurritos,6552674
2026-07-04T04:14:04.387767,2026-07-04T04:14:04.395791+00:00,136.9,200,bid,WavyWalnuts,YieldingYams,6552690
2026-07-04T04:14:04.674863,2026-07-04T04:14:04.683363+00:00,136.9,500,bid,YieldingYams,AverageAlmonds,6552696
2026-07-04T04:14:05.597660,2026-07-04T04:14:05.605453+00:00,136.9,125,ask,YieldingYams,WavyWalnuts,6552710
2026-07-04T04:14:06.012362,2026-07-04T04:14:06.016171+00:00,136.8,12,bid,Xuanyu Liu,YieldingYams,6552719
2026-07-04T04:14:08.036299,2026-07-04T04:14:08.043813+00:00,136.8,200,bid,WavyWalnuts,YieldingYams,6552740
2026-07-04T04:14:11.696325,2026-07-04T04:14:11.699761+00:00,136.8,11,bid,Xuanyu Liu,WavyWalnuts,6552784
2026-07-04T04:14:12.542974,2026-07-04T04:14:12.550681+00:00,136.8,189,bid,YieldingYams,WavyWalnuts,6552794
2026-07-04T04:14:12.893392,2026-07-04T04:14:12.901505+00:00,136.8,200,ask,YieldingYams,WavyWalnuts,6552810
2026-07-04T04:14:13.685568,2026-07-04T04:14:13.697359+00:00,137.0,20,bid,BrilliantBurritos,AverageAlmonds,6552818
2026-07-04T04:14:14.105518,2026-07-04T04:14:14.117051+00:00,136.7,200,ask,YieldingYams,WavyWalnuts,6552829
2026-07-04T04:14:15.311289,2026-07-04T04:14:15.319261+00:00,136.7,200,bid,WavyWalnuts,YieldingYams,6552842
2026-07-04T04:14:16.495967,2026-07-04T04:14:16.499158+00:00,136.7,7,ask,YieldingYams,Xuanyu Liu,6552857
2026-07-04T04:14:16.731671,2026-07-04T04:14:16.736238+00:00,136.7,4,ask,YieldingYams,Xuanyu Liu,6552862
2026-07-04T04:14:22.584049,2026-07-04T04:14:22.599935+00:00,136.8,200,ask,YieldingYams,WavyWalnuts,6552940
2026-07-04T04:14:24.032015,2026-07-04T04:14:24.043760+00:00,136.8,20,bid,BrilliantBurritos,YieldingYams,6552960
2026-07-04T04:14:25.673105,2026-07-04T04:14:25.676260+00:00,136.7,12,ask,YieldingYams,Xuanyu Liu,6552981
2026-07-04T04:14:27.644248,2026-07-04T04:14:27.658575+00:00,136.5,20,ask,YieldingYams,BrilliantBurritos,6553008
2026-07-04T04:14:28.045247,2026-07-04T04:14:28.053160+00:00,136.7,20,bid,BrilliantBurritos,YieldingYams,6553012
2026-07-04T04:14:28.108220,2026-07-04T04:14:28.111953+00:00,136.5,14,ask,YieldingYams,Xuanyu Liu,6553017
2026-07-04T04:14:28.637584,2026-07-04T04:14:28.647700+00:00,136.6,200,bid,WavyWalnuts,YieldingYams,6553030
2026-07-04T04:14:29.609972,2026-07-04T04:14:29.613466+00:00,136.6,3,ask,YieldingYams,Xuanyu Liu,6553047
2026-07-04T04:14:29.846646,2026-07-04T04:14:29.858586+00:00,136.6,200,ask,YieldingYams,WavyWalnuts,6553049
2026-07-04T04:14:30.335508,2026-07-04T04:14:30.343978+00:00,136.6,20,ask,YieldingYams,BrilliantBurritos,6553052
2026-07-04T04:14:31.054308,2026-07-04T04:14:31.058593+00:00,136.4,200,ask,YieldingYams,WavyWalnuts,6553065
2026-07-04T04:14:32.784064,2026-07-04T04:14:32.786526+00:00,136.4,500,bid,AverageAlmonds,YieldingYams,6553089
2026-07-04T04:14:33.378531,2026-07-04T04:14:33.388122+00:00,136.4,125,bid,AverageAlmonds,YieldingYams,6553097
2026-07-04T04:14:33.471794,2026-07-04T04:14:33.479661+00:00,136.4,200,ask,AverageAlmonds,WavyWalnuts,6553101
2026-07-04T04:14:34.681383,2026-07-04T04:14:34.692571+00:00,136.5,200,ask,YieldingYams,WavyWalnuts,6553120
2026-07-04T04:14:40.440572,2026-07-04T04:14:40.446934+00:00,136.5,20,ask,YieldingYams,BrilliantBurritos,6553173
2026-07-04T04:14:42.704765,2026-07-04T04:14:42.714421+00:00,136.6,200,bid,YieldingYams,WavyWalnuts,6553201
2026-07-04T04:14:42.704765,2026-07-04T04:14:42.714421+00:00,136.7,425,bid,YieldingYams,AverageAlmonds,6553202
2026-07-04T04:14:45.332629,2026-07-04T04:14:45.341079+00:00,136.5,200,ask,WavyWalnuts,YieldingYams,6553228
2026-07-04T04:14:47.081559,2026-07-04T04:14:47.085753+00:00,136.3,11,ask,WavyWalnuts,Xuanyu Liu,6553251
2026-07-04T04:14:50.441550,2026-07-04T04:14:50.452310+00:00,136.3,200,ask,YieldingYams,WavyWalnuts,6553299
2026-07-04T04:14:53.414026,2026-07-04T04:14:53.418005+00:00,136.1,46,ask,WavyWalnuts,Xuanyu Liu,6553343
2026-07-04T04:14:57.738771,2026-07-04T04:14:57.742184+00:00,135.9,11,bid,Xuanyu Liu,WavyWalnuts,6553409
2026-07-04T04:14:58.937475,2026-07-04T04:14:58.947278+00:00,135.8,200,ask,AverageAlmonds,WavyWalnuts,6553425
2026-07-04T04:15:02.073081,2026-07-04T04:15:02.082924+00:00,135.8,20,ask,YieldingYams,BrilliantBurritos,6553459
2026-07-04T04:15:03.651004,2026-07-04T04:15:03.655474+00:00,135.9,200,bid,AverageAlmonds,WavyWalnuts,6553473
2026-07-04T04:15:05.609764,2026-07-04T04:15:05.621203+00:00,135.9,20,ask,WavyWalnuts,BrilliantBurritos,6553497
2026-07-04T04:15:06.100070,2026-07-04T04:15:06.103674+00:00,136.1,46,bid,Xuanyu Liu,WavyWalnuts,6553503
2026-07-04T04:15:07.737771,2026-07-04T04:15:07.741223+00:00,136.0,3,bid,Xuanyu Liu,YieldingYams,6553532
2026-07-04T04:15:09.841191,2026-07-04T04:15:09.847621+00:00,136.0,200,bid,WavyWalnuts,YieldingYams,6553564
2026-07-04T04:15:11.063680,2026-07-04T04:15:11.067240+00:00,136.1,14,ask,WavyWalnuts,Xuanyu Liu,6553582
2026-07-04T04:15:15.503997,2026-07-04T04:15:15.507624+00:00,136.4,14,bid,Xuanyu Liu,YieldingYams,6553634
2026-07-04T04:15:15.610150,2026-07-04T04:15:15.619582+00:00,136.4,20,bid,BrilliantBurritos,YieldingYams,6553636
2026-07-04T04:15:15.885096,2026-07-04T04:15:15.892775+00:00,136.4,200,bid,WavyWalnuts,YieldingYams,6553644
2026-07-04T04:15:20.717534,2026-07-04T04:15:20.728325+00:00,136.4,200,ask,YieldingYams,WavyWalnuts,6553706
2026-07-04T04:15:23.000377,2026-07-04T04:15:23.012084+00:00,136.5,20,bid,BrilliantBurritos,WavyWalnuts,6553735
2026-07-04T04:15:23.129157,2026-07-04T04:15:23.132722+00:00,136.5,3,bid,Xuanyu Liu,WavyWalnuts,6553741
2026-07-04T04:15:23.501806,2026-07-04T04:15:23.505211+00:00,136.4,11,bid,Xuanyu Liu,YieldingYams,6553749
2026-07-04T04:15:24.792088,2026-07-04T04:15:24.801912+00:00,136.2,200,ask,WavyWalnuts,YieldingYams,6553766
2026-07-04T04:15:24.822187,2026-07-04T04:15:24.833817+00:00,136.2,20,bid,BrilliantBurritos,YieldingYams,6553767
2026-07-04T04:15:24.840527,2026-07-04T04:15:24.849353+00:00,136.2,405,bid,AverageAlmonds,YieldingYams,6553769
2026-07-04T04:15:27.406756,2026-07-04T04:15:27.415855+00:00,136.3,200,ask,WavyWalnuts,YieldingYams,6553810
2026-07-04T04:15:28.150317,2026-07-04T04:15:28.153741+00:00,136.3,12,bid,Xuanyu Liu,YieldingYams,6553816
2026-07-04T04:15:28.456574,2026-07-04T04:15:28.464279+00:00,136.3,413,bid,AverageAlmonds,YieldingYams,6553818
2026-07-04T04:15:31.600538,2026-07-04T04:15:31.610525+00:00,136.5,200,ask,YieldingYams,WavyWalnuts,6553858
2026-07-04T04:15:32.807982,2026-07-04T04:15:32.817714+00:00,136.6,200,ask,YieldingYams,WavyWalnuts,6553875
2026-07-04T04:15:37.714449,2026-07-04T04:15:37.717869+00:00,136.7,12,ask,WavyWalnuts,Xuanyu Liu,6553932
2026-07-04T04:15:40.080910,2026-07-04T04:15:40.091118+00:00,136.8,200,bid,WavyWalnuts,AverageAlmonds,6553958
2026-07-04T04:15:41.290034,2026-07-04T04:15:41.297660+00:00,136.8,200,bid,WavyWalnuts,AverageAlmonds,6553974
2026-07-04T04:15:41.867659,2026-07-04T04:15:41.875518+00:00,136.9,500,bid,YieldingYams,AverageAlmonds,6553986
2026-07-04T04:15:41.905497,2026-07-04T04:15:41.909654+00:00,137.0,14,ask,YieldingYams,Xuanyu Liu,6553989
2026-07-04T04:15:42.399824,2026-07-04T04:15:42.409081+00:00,137.0,111,ask,YieldingYams,AverageAlmonds,6553995
2026-07-04T04:15:42.499314,2026-07-04T04:15:42.508608+00:00,136.9,200,bid,WavyWalnuts,AverageAlmonds,6554000
2026-07-04T04:15:47.351599,2026-07-04T04:15:47.362709+00:00,136.7,200,ask,YieldingYams,WavyWalnuts,6554065
2026-07-04T04:15:50.980311,2026-07-04T04:15:50.986815+00:00,136.6,200,ask,YieldingYams,WavyWalnuts,6554110
2026-07-04T04:15:52.190928,2026-07-04T04:15:52.201538+00:00,136.4,200,ask,YieldingYams,WavyWalnuts,6554123
2026-07-04T04:15:53.403369,2026-07-04T04:15:53.414810+00:00,136.4,200,ask,YieldingYams,WavyWalnuts,6554148
2026-07-04T04:15:53.909342,2026-07-04T04:15:53.920582+00:00,136.3,500,bid,AverageAlmonds,YieldingYams,6554157
2026-07-04T04:15:56.374650,2026-07-04T04:15:56.385900+00:00,136.3,20,ask,YieldingYams,BrilliantBurritos,6554189
2026-07-04T04:15:57.031464,2026-07-04T04:15:57.038745+00:00,136.3,200,ask,YieldingYams,WavyWalnuts,6554194
2026-07-04T04:15:57.578736,2026-07-04T04:15:57.590278+00:00,136.4,500,ask,AverageAlmonds,YieldingYams,6554200
2026-07-04T04:15:58.122724,2026-07-04T04:15:58.132457+00:00,136.3,125,bid,AverageAlmonds,YieldingYams,6554211
2026-07-04T04:15:58.240031,2026-07-04T04:15:58.247506+00:00,136.4,200,ask,AverageAlmonds,WavyWalnuts,6554214
2026-07-04T04:16:00.567117,2026-07-04T04:16:00.574524+00:00,136.3,500,bid,AverageAlmonds,YieldingYams,6554264
2026-07-04T04:16:01.163867,2026-07-04T04:16:01.170312+00:00,136.3,125,bid,AverageAlmonds,YieldingYams,6554270
2026-07-04T04:16:01.163867,2026-07-04T04:16:01.175897+00:00,136.3,200,bid,AverageAlmonds,WavyWalnuts,6554271
2026-07-04T04:16:01.786964,2026-07-04T04:16:01.790159+00:00,136.4,3,ask,AverageAlmonds,Xuanyu Liu,6554281
2026-07-04T04:16:01.870257,2026-07-04T04:16:01.878428+00:00,136.4,200,ask,AverageAlmonds,WavyWalnuts,6554284
2026-07-04T04:16:02.401896,2026-07-04T04:16:02.405283+00:00,136.5,11,ask,AverageAlmonds,Xuanyu Liu,6554296
2026-07-04T04:16:03.079538,2026-07-04T04:16:03.088252+00:00,136.4,200,ask,YieldingYams,WavyWalnuts,6554304
2026-07-04T04:16:04.137686,2026-07-04T04:16:04.147460+00:00,136.5,500,ask,AverageAlmonds,YieldingYams,6554313
2026-07-04T04:16:04.176674,2026-07-04T04:16:04.183698+00:00,136.5,125,bid,AverageAlmonds,YieldingYams,6554316
2026-07-04T04:16:04.288547,2026-07-04T04:16:04.299973+00:00,136.5,200,ask,AverageAlmonds,WavyWalnuts,6554320
2026-07-04T04:16:05.467619,2026-07-04T04:16:05.470940+00:00,136.7,12,ask,YieldingYams,Xuanyu Liu,6554334
2026-07-04T04:16:05.496954,2026-07-04T04:16:05.505630+00:00,136.7,200,ask,YieldingYams,WavyWalnuts,6554335
2026-07-04T04:16:11.984402,2026-07-04T04:16:12.005195+00:00,136.6,200,ask,WavyWalnuts,YieldingYams,6554431
2026-07-04T04:16:12.001919,2026-07-04T04:16:12.005195+00:00,136.6,12,bid,Xuanyu Liu,YieldingYams,6554433
2026-07-04T04:16:12.763051,2026-07-04T04:16:12.771445+00:00,136.6,200,bid,WavyWalnuts,YieldingYams,6554445
2026-07-04T04:16:13.983466,2026-07-04T04:16:13.991516+00:00,136.7,200,ask,YieldingYams,WavyWalnuts,6554463
2026-07-04T04:16:14.009299,2026-07-04T04:16:14.020849+00:00,136.7,20,ask,YieldingYams,BrilliantBurritos,6554465
2026-07-04T04:16:15.196044,2026-07-04T04:16:15.206689+00:00,136.6,200,ask,YieldingYams,WavyWalnuts,6554481
2026-07-04T04:16:15.663627,2026-07-04T04:16:15.696557+00:00,136.9,14,bid,Xuanyu Liu,YieldingYams,6554491
2026-07-04T04:16:16.403249,2026-07-04T04:16:16.412572+00:00,136.7,200,ask,YieldingYams,WavyWalnuts,6554501
2026-07-04T04:16:18.527714,2026-07-04T04:16:18.535175+00:00,136.9,200,bid,YieldingYams,WavyWalnuts,6554537
2026-07-04T04:16:20.029273,2026-07-04T04:16:20.037247+00:00,136.9,200,bid,WavyWalnuts,YieldingYams,6554555
2026-07-04T04:16:22.850106,2026-07-04T04:16:22.858626+00:00,136.8,20,bid,BrilliantBurritos,WavyWalnuts,6554582
2026-07-04T04:16:25.426962,2026-07-04T04:16:25.438473+00:00,136.8,20,bid,BrilliantBurritos,WavyWalnuts,6554619
2026-07-04T04:16:29.029612,2026-07-04T04:16:29.041023+00:00,136.8,200,ask,WavyWalnuts,YieldingYams,6554675
2026-07-04T04:16:30.547679,2026-07-04T04:16:30.563836+00:00,136.7,20,ask,WavyWalnuts,BrilliantBurritos,6554694
2026-07-04T04:16:31.658609,2026-07-04T04:16:31.669947+00:00,136.8,200,ask,WavyWalnuts,YieldingYams,6554703
2026-07-04T04:16:33.343500,2026-07-04T04:16:33.350570+00:00,136.7,200,bid,WavyWalnuts,YieldingYams,6554721
2026-07-04T04:16:34.626289,2026-07-04T04:16:34.629415+00:00,136.6,3,ask,YieldingYams,Xuanyu Liu,6554742
2026-07-04T04:16:40.601473,2026-07-04T04:16:40.612650+00:00,136.7,200,bid,WavyWalnuts,YieldingYams,6554825
2026-07-04T04:16:41.808722,2026-07-04T04:16:41.817501+00:00,136.6,200,bid,WavyWalnuts,YieldingYams,6554839
2026-07-04T04:16:42.145888,2026-07-04T04:16:42.149010+00:00,136.5,11,ask,YieldingYams,Xuanyu Liu,6554847
2026-07-04T04:16:43.030680,2026-07-04T04:16:43.034127+00:00,136.6,12,ask,WavyWalnuts,Xuanyu Liu,6554862
2026-07-04T04:16:44.111831,2026-07-04T04:16:44.119545+00:00,136.7,12,bid,Xuanyu Liu,AverageAlmonds,6554872
2026-07-04T04:16:45.461288,2026-07-04T04:16:45.468374+00:00,136.7,200,bid,WavyWalnuts,YieldingYams,6554900
2026-07-04T04:16:52.725831,2026-07-04T04:16:52.729356+00:00,136.5,12,ask,WavyWalnuts,Xuanyu Liu,6554993
2026-07-04T04:16:53.606483,2026-07-04T04:16:53.610253+00:00,136.5,11,ask,WavyWalnuts,Xuanyu Liu,6555009
2026-07-04T04:16:53.899801,2026-07-04T04:16:53.910853+00:00,136.5,20,ask,WavyWalnuts,BrilliantBurritos,6555014
2026-07-04T04:16:57.870213,2026-07-04T04:16:57.878645+00:00,136.4,200,ask,WavyWalnuts,YieldingYams,6555060
2026-07-04T04:17:01.184412,2026-07-04T04:17:01.192870+00:00,136.5,200,bid,WavyWalnuts,YieldingYams,6555102
2026-07-04T04:17:01.803811,2026-07-04T04:17:01.815586+00:00,136.3,20,ask,YieldingYams,BrilliantBurritos,6555111
2026-07-04T04:17:03.153826,2026-07-04T04:17:03.164095+00:00,136.5,200,ask,WavyWalnuts,YieldingYams,6555126
2026-07-04T04:17:03.153826,2026-07-04T04:17:03.164095+00:00,136.4,425,ask,AverageAlmonds,YieldingYams,6555127
2026-07-04T04:17:03.624116,2026-07-04T04:17:03.628238+00:00,136.5,11,bid,Xuanyu Liu,WavyWalnuts,6555136
2026-07-04T04:17:04.461691,2026-07-04T04:17:04.470141+00:00,136.5,189,bid,YieldingYams,WavyWalnuts,6555145
2026-07-04T04:17:05.211407,2026-07-04T04:17:05.223024+00:00,136.7,20,bid,BrilliantBurritos,WavyWalnuts,6555151
2026-07-04T04:17:06.539902,2026-07-04T04:17:06.548635+00:00,136.7,500,bid,AverageAlmonds,YieldingYams,6555175
2026-07-04T04:17:07.235018,2026-07-04T04:17:07.241819+00:00,136.8,200,bid,WavyWalnuts,YieldingYams,6555184
2026-07-04T04:17:09.278685,2026-07-04T04:17:09.289983+00:00,137.0,20,bid,BrilliantBurritos,YieldingYams,6555212
2026-07-04T04:17:14.268272,2026-07-04T04:17:14.279883+00:00,136.9,20,ask,YieldingYams,BrilliantBurritos,6555281
2026-07-04T04:17:17.526646,2026-07-04T04:17:17.535029+00:00,137.1,20,bid,BrilliantBurritos,YieldingYams,6555322
2026-07-04T04:17:17.573830,2026-07-04T04:17:17.581232+00:00,136.9,200,ask,WavyWalnuts,YieldingYams,6555324
2026-07-04T04:17:18.915715,2026-07-04T04:17:18.919797+00:00,136.8,11,ask,WavyWalnuts,Xuanyu Liu,6555339
2026-07-04T04:17:19.338739,2026-07-04T04:17:19.348716+00:00,136.9,200,bid,WavyWalnuts,YieldingYams,6555351
2026-07-04T04:17:22.963161,2026-07-04T04:17:22.974022+00:00,137.0,200,bid,WavyWalnuts,YieldingYams,6555410
2026-07-04T04:17:24.910822,2026-07-04T04:17:24.922596+00:00,136.8,20,ask,YieldingYams,BrilliantBurritos,6555434
2026-07-04T04:17:25.383595,2026-07-04T04:17:25.390458+00:00,136.8,200,ask,YieldingYams,WavyWalnuts,6555440
2026-07-04T04:17:26.590223,2026-07-04T04:17:26.598570+00:00,136.8,200,ask,AverageAlmonds,WavyWalnuts,6555456
2026-07-04T04:17:33.829305,2026-07-04T04:17:33.840386+00:00,136.8,200,ask,AverageAlmonds,WavyWalnuts,6555565
2026-07-04T04:17:39.250362,2026-07-04T04:17:39.258577+00:00,136.8,20,ask,YieldingYams,BrilliantBurritos,6555650
2026-07-04T04:17:39.898052,2026-07-04T04:17:39.909964+00:00,136.9,12,ask,WavyWalnuts,Xuanyu Liu,6555660
2026-07-04T04:17:41.086957,2026-07-04T04:17:41.098076+00:00,137.0,200,bid,WavyWalnuts,AverageAlmonds,6555680
2026-07-04T04:17:42.268523,2026-07-04T04:17:42.279957+00:00,136.8,500,ask,YieldingYams,AverageAlmonds,6555693
2026-07-04T04:17:42.500778,2026-07-04T04:17:42.507239+00:00,136.9,200,ask,WavyWalnuts,YieldingYams,6555700
2026-07-04T04:17:43.504313,2026-07-04T04:17:43.515886+00:00,136.7,200,bid,WavyWalnuts,YieldingYams,6555715
2026-07-04T04:17:43.584523,2026-07-04T04:17:43.595956+00:00,136.5,20,ask,YieldingYams,BrilliantBurritos,6555716
2026-07-04T04:17:44.239441,2026-07-04T04:17:44.243438+00:00,136.5,11,ask,YieldingYams,Xuanyu Liu,6555730
2026-07-04T04:17:44.726315,2026-07-04T04:17:44.729722+00:00,136.6,11,ask,WavyWalnuts,Xuanyu Liu,6555740
2026-07-04T04:17:45.120438,2026-07-04T04:17:45.126850+00:00,136.6,189,ask,WavyWalnuts,YieldingYams,6555744
2026-07-04T04:17:50.370751,2026-07-04T04:17:50.380623+00:00,136.5,200,bid,YieldingYams,WavyWalnuts,6555822
2026-07-04T04:17:50.569802,2026-07-04T04:17:50.573648+00:00,136.5,23,ask,YieldingYams,Xuanyu Liu,6555829
2026-07-04T04:17:51.984991,2026-07-04T04:17:51.997704+00:00,136.6,200,bid,WavyWalnuts,YieldingYams,6555853
2026-07-04T04:17:54.308083,2026-07-04T04:17:54.333641+00:00,136.6,200,ask,WavyWalnuts,YieldingYams,6555884
2026-07-04T04:17:54.329636,2026-07-04T04:17:54.333641+00:00,136.6,11,bid,Xuanyu Liu,YieldingYams,6555886
2026-07-04T04:17:54.392739,2026-07-04T04:17:54.399486+00:00,136.4,20,ask,AverageAlmonds,BrilliantBurritos,6555888
2026-07-04T04:17:56.838014,2026-07-04T04:17:56.841629+00:00,136.6,12,bid,Xuanyu Liu,YieldingYams,6555920
2026-07-04T04:17:59.259475,2026-07-04T04:17:59.279603+00:00,136.5,200,ask,YieldingYams,WavyWalnuts,6555957
2026-07-04T04:18:04.803154,2026-07-04T04:18:04.825801+00:00,136.5,200,ask,WavyWalnuts,YieldingYams,6556020
2026-07-04T04:18:04.822254,2026-07-04T04:18:04.825801+00:00,136.4,22,bid,Xuanyu Liu,YieldingYams,6556023
2026-07-04T04:18:05.854564,2026-07-04T04:18:05.857055+00:00,136.4,403,bid,AverageAlmonds,YieldingYams,6556031
2026-07-04T04:18:06.108333,2026-07-04T04:18:06.118435+00:00,136.5,200,bid,YieldingYams,WavyWalnuts,6556032
2026-07-04T04:18:06.538987,2026-07-04T04:18:06.550232+00:00,136.6,200,ask,YieldingYams,WavyWalnuts,6556043
2026-07-04T04:18:07.747657,2026-07-04T04:18:07.758864+00:00,136.6,200,bid,WavyWalnuts,YieldingYams,6556053
2026-07-04T04:18:09.541672,2026-07-04T04:18:09.545201+00:00,136.5,11,ask,WavyWalnuts,Xuanyu Liu,6556086
2026-07-04T04:18:11.342782,2026-07-04T04:18:11.350592+00:00,136.6,200,bid,YieldingYams,WavyWalnuts,6556116
2026-07-04T04:18:11.381586,2026-07-04T04:18:11.393009+00:00,136.6,200,ask,YieldingYams,WavyWalnuts,6556118
2026-07-04T04:18:11.622414,2026-07-04T04:18:11.633932+00:00,136.6,20,ask,YieldingYams,BrilliantBurritos,6556124
2026-07-04T04:18:12.652275,2026-07-04T04:18:12.659002+00:00,136.5,200,ask,WavyWalnuts,YieldingYams,6556137
2026-07-04T04:18:12.670446,2026-07-04T04:18:12.673793+00:00,136.5,11,bid,Xuanyu Liu,YieldingYams,6556139
2026-07-04T04:18:15.265982,2026-07-04T04:18:15.274263+00:00,136.6,200,bid,YieldingYams,WavyWalnuts,6556175
2026-07-04T04:18:17.897756,2026-07-04T04:18:17.901866+00:00,136.7,11,ask,YieldingYams,Xuanyu Liu,6556207
2026-07-04T04:18:19.011329,2026-07-04T04:18:19.015156+00:00,136.7,40,ask,YieldingYams,Xuanyu Liu,6556217
2026-07-04T04:18:19.218513,2026-07-04T04:18:19.225540+00:00,136.8,200,bid,YieldingYams,WavyWalnuts,6556219
2026-07-04T04:18:21.068436,2026-07-04T04:18:21.076447+00:00,136.9,200,bid,WavyWalnuts,YieldingYams,6556247
2026-07-04T04:18:23.169378,2026-07-04T04:18:23.173193+00:00,136.9,6,bid,Xuanyu Liu,YieldingYams,6556280
2026-07-04T04:18:23.501616,2026-07-04T04:18:23.511585+00:00,136.9,200,bid,WavyWalnuts,YieldingYams,6556284
2026-07-04T04:18:25.929258,2026-07-04T04:18:25.938276+00:00,136.9,200,bid,WavyWalnuts,YieldingYams,6556328
2026-07-04T04:18:28.450153,2026-07-04T04:18:28.453765+00:00,137.0,11,bid,Xuanyu Liu,WavyWalnuts,6556359
2026-07-04T04:18:32.937234,2026-07-04T04:18:32.940670+00:00,137.0,12,bid,Xuanyu Liu,YieldingYams,6556421
2026-07-04T04:18:35.610166,2026-07-04T04:18:35.621672+00:00,137.0,200,bid,WavyWalnuts,YieldingYams,6556454
2026-07-04T04:18:36.819012,2026-07-04T04:18:36.830098+00:00,137.0,200,bid,WavyWalnuts,YieldingYams,6556482
2026-07-04T04:18:41.608080,2026-07-04T04:18:41.611574+00:00,136.8,11,bid,Xuanyu Liu,YieldingYams,6556537
2026-07-04T04:18:42.832310,2026-07-04T04:18:42.839685+00:00,136.8,20,bid,BrilliantBurritos,YieldingYams,6556554
2026-07-04T04:18:42.858876,2026-07-04T04:18:42.870510+00:00,136.8,200,bid,WavyWalnuts,YieldingYams,6556555
2026-07-04T04:18:45.592999,2026-07-04T04:18:45.597647+00:00,136.9,11,bid,Xuanyu Liu,YieldingYams,6556619
2026-07-04T04:18:47.462337,2026-07-04T04:18:47.474044+00:00,136.9,20,bid,BrilliantBurritos,YieldingYams,6556649
2026-07-04T04:18:47.690591,2026-07-04T04:18:47.699130+00:00,136.9,200,bid,WavyWalnuts,YieldingYams,6556655
2026-07-04T04:18:50.390135,2026-07-04T04:18:50.401615+00:00,137.0,20,bid,BrilliantBurritos,WavyWalnuts,6556690
2026-07-04T04:18:52.521353,2026-07-04T04:18:52.532976+00:00,137.0,200,bid,WavyWalnuts,YieldingYams,6556719
2026-07-04T04:18:53.728760,2026-07-04T04:18:53.740120+00:00,137.0,200,bid,WavyWalnuts,YieldingYams,6556728
2026-07-04T04:18:57.367135,2026-07-04T04:18:57.373203+00:00,137.2,200,ask,YieldingYams,WavyWalnuts,6556771
2026-07-04T04:18:58.659740,2026-07-04T04:18:58.669536+00:00,137.2,200,ask,WavyWalnuts,YieldingYams,6556783
2026-07-04T04:18:58.676817,2026-07-04T04:18:58.680449+00:00,137.2,23,bid,Xuanyu Liu,YieldingYams,6556786
2026-07-04T04:18:59.782271,2026-07-04T04:18:59.793740+00:00,137.2,200,bid,WavyWalnuts,YieldingYams,6556795
2026-07-04T04:19:00.089228,2026-07-04T04:19:00.093067+00:00,137.4,12,bid,Xuanyu Liu,WavyWalnuts,6556802
2026-07-04T04:19:01.018631,2026-07-04T04:19:01.022708+00:00,137.2,14,bid,Xuanyu Liu,WavyWalnuts,6556820
2026-07-04T04:19:02.589641,2026-07-04T04:19:02.599170+00:00,137.3,200,bid,YieldingYams,WavyWalnuts,6556848
2026-07-04T04:19:03.903065,2026-07-04T04:19:03.912220+00:00,137.4,200,bid,YieldingYams,WavyWalnuts,6556867
2026-07-04T04:19:04.583180,2026-07-04T04:19:04.590956+00:00,137.4,425,ask,YieldingYams,AverageAlmonds,6556876
2026-07-04T04:19:06.649002,2026-07-04T04:19:06.658577+00:00,137.4,20,bid,BrilliantBurritos,WavyWalnuts,6556903
2026-07-04T04:19:11.761776,2026-07-04T04:19:11.768782+00:00,137.3,200,bid,YieldingYams,WavyWalnuts,6556966
2026-07-04T04:19:11.761776,2026-07-04T04:19:11.774254+00:00,137.3,425,bid,YieldingYams,AverageAlmonds,6556967
2026-07-04T04:19:15.871252,2026-07-04T04:19:15.883093+00:00,137.2,20,ask,WavyWalnuts,BrilliantBurritos,6557007
2026-07-04T04:19:18.512887,2026-07-04T04:19:18.521891+00:00,137.3,200,ask,WavyWalnuts,AverageAlmonds,6557035
2026-07-04T04:19:20.966528,2026-07-04T04:19:20.974076+00:00,137.3,500,bid,YieldingYams,AverageAlmonds,6557065
2026-07-04T04:19:20.984599,2026-07-04T04:19:20.988020+00:00,137.3,3,ask,YieldingYams,Xuanyu Liu,6557069
2026-07-04T04:19:21.550966,2026-07-04T04:19:21.563887+00:00,137.3,122,ask,YieldingYams,AverageAlmonds,6557075
2026-07-04T04:19:21.550966,2026-07-04T04:19:21.563887+00:00,137.2,200,ask,WavyWalnuts,AverageAlmonds,6557076
2026-07-04T04:19:23.592723,2026-07-04T04:19:23.601902+00:00,137.2,200,bid,YieldingYams,WavyWalnuts,6557105
2026-07-04T04:19:23.592723,2026-07-04T04:19:23.601902+00:00,137.2,425,bid,YieldingYams,AverageAlmonds,6557106
2026-07-04T04:19:24.004380,2026-07-04T04:19:24.012236+00:00,137.1,200,bid,WavyWalnuts,AverageAlmonds,6557113
2026-07-04T04:19:25.217679,2026-07-04T04:19:25.225285+00:00,137.0,200,ask,YieldingYams,WavyWalnuts,6557121
2026-07-04T04:19:27.521524,2026-07-04T04:19:27.528073+00:00,137.1,200,bid,YieldingYams,WavyWalnuts,6557147
2026-07-04T04:19:27.636723,2026-07-04T04:19:27.645647+00:00,137.1,200,ask,YieldingYams,WavyWalnuts,6557148
2026-07-04T04:19:30.752228,2026-07-04T04:19:30.763858+00:00,137.0,20,ask,WavyWalnuts,BrilliantBurritos,6557187
2026-07-04T04:19:31.252668,2026-07-04T04:19:31.254789+00:00,137.0,180,ask,WavyWalnuts,AverageAlmonds,6557192
2026-07-04T04:19:31.252668,2026-07-04T04:19:31.254789+00:00,137.0,320,ask,YieldingYams,AverageAlmonds,6557193
2026-07-04T04:19:31.776020,2026-07-04T04:19:31.779550+00:00,136.9,11,ask,YieldingYams,Xuanyu Liu,6557205
2026-07-04T04:19:31.850106,2026-07-04T04:19:31.857023+00:00,136.9,500,ask,YieldingYams,AverageAlmonds,6557207
2026-07-04T04:19:32.474464,2026-07-04T04:19:32.484761+00:00,136.9,114,ask,YieldingYams,WavyWalnuts,6557220
2026-07-04T04:19:32.777921,2026-07-04T04:19:32.784881+00:00,136.7,86,bid,YieldingYams,WavyWalnuts,6557226
2026-07-04T04:19:33.672405,2026-07-04T04:19:33.679899+00:00,136.8,20,ask,YieldingYams,BrilliantBurritos,6557238
2026-07-04T04:19:33.682508,2026-07-04T04:19:33.690602+00:00,136.8,200,ask,YieldingYams,WavyWalnuts,6557239
2026-07-04T04:19:34.891019,2026-07-04T04:19:34.894207+00:00,136.9,200,ask,YieldingYams,WavyWalnuts,6557250
2026-07-04T04:19:38.047801,2026-07-04T04:19:38.063629+00:00,136.8,200,ask,WavyWalnuts,YieldingYams,6557299
2026-07-04T04:19:38.544956,2026-07-04T04:19:38.548852+00:00,136.7,23,ask,WavyWalnuts,Xuanyu Liu,6557304
2026-07-04T04:19:42.174997,2026-07-04T04:19:42.183259+00:00,136.8,200,bid,WavyWalnuts,YieldingYams,6557351
2026-07-04T04:19:43.062971,2026-07-04T04:19:43.074695+00:00,136.8,20,bid,BrilliantBurritos,YieldingYams,6557359
2026-07-04T04:19:43.313531,2026-07-04T04:19:43.317033+00:00,136.8,23,ask,YieldingYams,Xuanyu Liu,6557365
2026-07-04T04:19:47.023721,2026-07-04T04:19:47.034650+00:00,137.0,200,bid,WavyWalnuts,YieldingYams,6557411
2026-07-04T04:19:51.193764,2026-07-04T04:19:51.204797+00:00,136.7,200,ask,WavyWalnuts,YieldingYams,6557464
2026-07-04T04:19:51.859149,2026-07-04T04:19:51.870583+00:00,136.7,200,bid,WavyWalnuts,YieldingYams,6557475
2026-07-04T04:19:53.822766,2026-07-04T04:19:53.832151+00:00,136.7,200,ask,WavyWalnuts,YieldingYams,6557510
2026-07-04T04:19:55.135095,2026-07-04T04:19:55.143640+00:00,136.8,200,bid,YieldingYams,WavyWalnuts,6557526
2026-07-04T04:19:55.558003,2026-07-04T04:19:55.569610+00:00,136.8,20,ask,YieldingYams,BrilliantBurritos,6557534
2026-07-04T04:19:56.698570,2026-07-04T04:19:56.707773+00:00,136.7,200,ask,YieldingYams,WavyWalnuts,6557549
2026-07-04T04:19:57.059986,2026-07-04T04:19:57.063844+00:00,136.9,23,bid,Xuanyu Liu,YieldingYams,6557558
2026-07-04T04:19:57.926231,2026-07-04T04:19:57.930102+00:00,136.8,11,bid,Xuanyu Liu,WavyWalnuts,6557563
2026-07-04T04:19:59.119371,2026-07-04T04:19:59.127243+00:00,136.7,200,ask,YieldingYams,WavyWalnuts,6557582
2026-07-04T04:20:03.004300,2026-07-04T04:20:03.012133+00:00,136.6,200,bid,YieldingYams,WavyWalnuts,6557623
2026-07-04T04:20:03.437600,2026-07-04T04:20:03.441304+00:00,136.6,11,ask,YieldingYams,Xuanyu Liu,6557634
2026-07-04T04:20:13.977889,2026-07-04T04:20:13.985633+00:00,136.6,20,bid,BrilliantBurritos,WavyWalnuts,6557774
2026-07-04T04:20:17.573996,2026-07-04T04:20:17.582793+00:00,136.5,20,bid,BrilliantBurritos,WavyWalnuts,6557810
2026-07-04T04:20:20.945152,2026-07-04T04:20:20.948712+00:00,136.4,11,bid,Xuanyu Liu,WavyWalnuts,6557863
2026-07-04T04:20:21.344285,2026-07-04T04:20:21.351323+00:00,136.4,189,bid,YieldingYams,WavyWalnuts,6557866
2026-07-04T04:20:22.142876,2026-07-04T04:20:22.152410+00:00,136.5,200,ask,YieldingYams,WavyWalnuts,6557879
2026-07-04T04:20:23.349316,2026-07-04T04:20:23.358036+00:00,136.4,200,ask,YieldingYams,WavyWalnuts,6557896
2026-07-04T04:20:24.558055,2026-07-04T04:20:24.564467+00:00,136.4,200,ask,YieldingYams,WavyWalnuts,6557907
2026-07-04T04:20:25.745357,2026-07-04T04:20:25.758609+00:00,136.2,20,ask,WavyWalnuts,BrilliantBurritos,6557925
2026-07-04T04:20:28.686988,2026-07-04T04:20:28.690339+00:00,136.5,12,bid,Xuanyu Liu,YieldingYams,6557968
2026-07-04T04:20:30.608648,2026-07-04T04:20:30.619286+00:00,136.5,200,ask,YieldingYams,WavyWalnuts,6557998
2026-07-04T04:20:34.241144,2026-07-04T04:20:34.250615+00:00,136.6,200,ask,YieldingYams,WavyWalnuts,6558045
2026-07-04T04:20:40.288460,2026-07-04T04:20:40.295105+00:00,136.6,200,bid,WavyWalnuts,YieldingYams,6558111
2026-07-04T04:20:42.329692,2026-07-04T04:20:42.343426+00:00,136.7,200,ask,WavyWalnuts,YieldingYams,6558150
2026-07-04T04:20:42.711431,2026-07-04T04:20:42.721121+00:00,136.5,200,bid,WavyWalnuts,YieldingYams,6558155
2026-07-04T04:20:43.921792,2026-07-04T04:20:43.931382+00:00,136.7,200,bid,WavyWalnuts,YieldingYams,6558172
2026-07-04T04:20:44.592879,2026-07-04T04:20:44.596739+00:00,136.5,12,ask,YieldingYams,Xuanyu Liu,6558180
2026-07-04T04:20:44.963979,2026-07-04T04:20:44.967345+00:00,136.6,11,ask,YieldingYams,Xuanyu Liu,6558186
2026-07-04T04:20:46.268204,2026-07-04T04:20:46.275148+00:00,136.7,200,bid,YieldingYams,WavyWalnuts,6558203
2026-07-04T04:20:46.286481,2026-07-04T04:20:46.290385+00:00,136.7,12,ask,YieldingYams,Xuanyu Liu,6558205
2026-07-04T04:20:46.313982,2026-07-04T04:20:46.321572+00:00,136.7,413,ask,YieldingYams,AverageAlmonds,6558206
2026-07-04T04:20:47.702293,2026-07-04T04:20:47.706034+00:00,136.7,12,bid,Xuanyu Liu,YieldingYams,6558221
2026-07-04T04:20:48.904588,2026-07-04T04:20:48.907949+00:00,136.6,11,bid,Xuanyu Liu,YieldingYams,6558249
2026-07-04T04:20:50.203061,2026-07-04T04:20:50.210767+00:00,136.5,200,ask,WavyWalnuts,YieldingYams,6558264
2026-07-04T04:20:50.224819,2026-07-04T04:20:50.228665+00:00,136.5,12,bid,Xuanyu Liu,YieldingYams,6558268
2026-07-04T04:20:51.114292,2026-07-04T04:20:51.126217+00:00,136.2,20,ask,YieldingYams,BrilliantBurritos,6558281
2026-07-04T04:20:52.395384,2026-07-04T04:20:52.405683+00:00,136.5,200,bid,WavyWalnuts,YieldingYams,6558302
2026-07-04T04:20:54.078190,2026-07-04T04:20:54.081997+00:00,136.6,14,bid,Xuanyu Liu,YieldingYams,6558326
2026-07-04T04:20:58.445936,2026-07-04T04:20:58.458603+00:00,136.4,200,ask,YieldingYams,WavyWalnuts,6558382
2026-07-04T04:21:00.691562,2026-07-04T04:21:00.700968+00:00,136.2,200,ask,WavyWalnuts,YieldingYams,6558415
2026-07-04T04:21:02.087451,2026-07-04T04:21:02.090964+00:00,136.1,3,bid,Xuanyu Liu,WavyWalnuts,6558433
2026-07-04T04:21:03.559179,2026-07-04T04:21:03.570511+00:00,135.9,20,ask,WavyWalnuts,BrilliantBurritos,6558450
2026-07-04T04:21:05.707768,2026-07-04T04:21:05.716742+00:00,135.9,200,ask,YieldingYams,WavyWalnuts,6558473
2026-07-04T04:21:08.123124,2026-07-04T04:21:08.132949+00:00,135.8,200,ask,YieldingYams,WavyWalnuts,6558510
2026-07-04T04:21:11.180132,2026-07-04T04:21:11.183549+00:00,135.9,3,ask,YieldingYams,Xuanyu Liu,6558555
2026-07-04T04:21:11.744972,2026-07-04T04:21:11.751592+00:00,135.9,200,ask,YieldingYams,WavyWalnuts,6558561
2026-07-04T04:21:15.356402,2026-07-04T04:21:15.353693+00:00,135.9,500,bid,AverageAlmonds,YieldingYams,6558615
2026-07-04T04:21:15.957464,2026-07-04T04:21:15.948483+00:00,135.9,125,bid,AverageAlmonds,YieldingYams,6558621
2026-07-04T04:21:16.058590,2026-07-04T04:21:16.065163+00:00,136.1,20,bid,BrilliantBurritos,WavyWalnuts,6558625
