timestamp,recv_time,price,volume,aggressor_side,buyer,seller,trade_id
2026-07-07T00:00:01.799121,2026-07-07T00:00:01.809655+00:00,155.4,200,bid,,,10105013
2026-07-07T00:00:02.011286,2026-07-07T00:00:02.020389+00:00,155.5,200,ask,,,10105016
2026-07-07T00:00:13.489565,2026-07-07T00:00:13.493377+00:00,155.6,14,ask,,,10105165
2026-07-07T00:00:14.134997,2026-07-07T00:00:14.138626+00:00,155.7,12,ask,,,10105177
2026-07-07T00:00:16.552593,2026-07-07T00:00:16.556164+00:00,155.7,12,bid,,,10105210
2026-07-07T00:00:18.349760,2026-07-07T00:00:18.358647+00:00,155.6,20,bid,,,10105242
2026-07-07T00:00:18.954111,2026-07-07T00:00:18.957522+00:00,155.5,200,ask,,,10105246
2026-07-07T00:00:20.155208,2026-07-07T00:00:20.163911+00:00,155.6,500,ask,,,10105265
2026-07-07T00:00:20.728345,2026-07-07T00:00:20.737076+00:00,155.6,125,bid,,,10105272
2026-07-07T00:00:20.728345,2026-07-07T00:00:20.737076+00:00,155.6,200,bid,,,10105273
2026-07-07T00:00:22.586589,2026-07-07T00:00:22.602849+00:00,155.7,200,ask,,,10105307
2026-07-07T00:00:22.773432,2026-07-07T00:00:22.782122+00:00,155.7,500,ask,,,10105311
2026-07-07T00:00:23.138289,2026-07-07T00:00:23.163670+00:00,155.7,125,bid,,,10105316
2026-07-07T00:00:23.170274,2026-07-07T00:00:23.174221+00:00,155.7,23,ask,,,10105319
2026-07-07T00:00:26.587839,2026-07-07T00:00:26.599709+00:00,155.6,20,ask,,,10105356
2026-07-07T00:00:28.025359,2026-07-07T00:00:28.068785+00:00,155.7,200,ask,,,10105377
2026-07-07T00:00:28.078181,2026-07-07T00:00:28.082443+00:00,155.6,23,bid,,,10105380
2026-07-07T00:00:28.657016,2026-07-07T00:00:28.669112+00:00,155.6,200,bid,,,10105388
2026-07-07T00:00:29.868259,2026-07-07T00:00:29.876675+00:00,155.6,200,ask,,,10105400
2026-07-07T00:00:32.108013,2026-07-07T00:00:32.115947+00:00,155.6,200,bid,,,10105427
2026-07-07T00:00:32.127042,2026-07-07T00:00:32.130757+00:00,155.7,12,ask,,,10105429
2026-07-07T00:00:32.288844,2026-07-07T00:00:32.300478+00:00,155.7,200,ask,,,10105430
2026-07-07T00:00:35.812339,2026-07-07T00:00:35.816058+00:00,155.6,11,ask,,,10105468
2026-07-07T00:00:35.906112,2026-07-07T00:00:35.909961+00:00,155.7,12,ask,,,10105471
2026-07-07T00:00:37.136178,2026-07-07T00:00:37.146889+00:00,155.8,200,bid,,,10105480
2026-07-07T00:00:37.369653,2026-07-07T00:00:37.373489+00:00,155.8,11,ask,,,10105485
2026-07-07T00:00:38.940312,2026-07-07T00:00:38.944340+00:00,155.9,11,bid,,,10105508
2026-07-07T00:00:40.791006,2026-07-07T00:00:40.794891+00:00,155.8,12,bid,,,10105526
2026-07-07T00:00:41.291052,2026-07-07T00:00:41.300064+00:00,155.8,188,bid,,,10105532
2026-07-07T00:00:42.945377,2026-07-07T00:00:42.963729+00:00,155.7,20,ask,,,10105565
2026-07-07T00:00:45.610270,2026-07-07T00:00:45.620087+00:00,156.0,200,bid,,,10105601
2026-07-07T00:00:48.469796,2026-07-07T00:00:48.473669+00:00,156.0,23,bid,,,10105643
2026-07-07T00:00:49.957263,2026-07-07T00:00:49.961279+00:00,156.0,11,bid,,,10105661
2026-07-07T00:00:50.452631,2026-07-07T00:00:50.457893+00:00,156.0,200,bid,,,10105675
2026-07-07T00:00:51.791921,2026-07-07T00:00:51.802819+00:00,156.0,200,ask,,,10105688
2026-07-07T00:00:52.868949,2026-07-07T00:00:52.877195+00:00,156.0,200,bid,,,10105706
2026-07-07T00:00:53.102371,2026-07-07T00:00:53.110075+00:00,156.0,500,bid,,,10105709
2026-07-07T00:00:53.415406,2026-07-07T00:00:53.426042+00:00,156.0,125,ask,,,10105712
2026-07-07T00:00:54.076546,2026-07-07T00:00:54.087925+00:00,155.9,200,bid,,,10105720
2026-07-07T00:00:55.288515,2026-07-07T00:00:55.296742+00:00,155.9,200,bid,,,10105733
2026-07-07T00:00:55.641598,2026-07-07T00:00:55.653564+00:00,155.9,20,bid,,,10105736
2026-07-07T00:00:57.033764,2026-07-07T00:00:57.045499+00:00,155.8,200,ask,,,10105755
2026-07-07T00:00:57.705893,2026-07-07T00:00:57.715591+00:00,155.8,200,bid,,,10105765
2026-07-07T00:00:58.365823,2026-07-07T00:00:58.369519+00:00,155.8,11,ask,,,10105775
2026-07-07T00:00:59.659955,2026-07-07T00:00:59.668767+00:00,156.0,200,bid,,,10105789
2026-07-07T00:00:59.659955,2026-07-07T00:00:59.668767+00:00,156.0,425,bid,,,10105790
2026-07-07T00:01:00.970643,2026-07-07T00:01:00.977677+00:00,155.7,200,ask,,,10105805
2026-07-07T00:01:01.332272,2026-07-07T00:01:01.339929+00:00,155.7,200,bid,,,10105812
2026-07-07T00:01:02.656309,2026-07-07T00:01:02.660295+00:00,155.8,23,ask,,,10105835
2026-07-07T00:01:03.610886,2026-07-07T00:01:03.615000+00:00,155.9,12,ask,,,10105853
2026-07-07T00:01:03.787179,2026-07-07T00:01:03.794572+00:00,156.0,20,bid,,,10105855
2026-07-07T00:01:07.395213,2026-07-07T00:01:07.404026+00:00,155.8,200,ask,,,10105895
2026-07-07T00:01:12.838875,2026-07-07T00:01:12.846149+00:00,155.6,200,bid,,,10105980
2026-07-07T00:01:12.865630,2026-07-07T00:01:12.869972+00:00,155.6,11,ask,,,10105982
2026-07-07T00:01:16.775246,2026-07-07T00:01:16.783859+00:00,155.5,200,ask,,,10106030
2026-07-07T00:01:18.640400,2026-07-07T00:01:18.652000+00:00,155.6,20,bid,,,10106053
2026-07-07T00:01:19.160731,2026-07-07T00:01:19.172237+00:00,155.5,20,ask,,,10106067
2026-07-07T00:01:19.976800,2026-07-07T00:01:19.988721+00:00,155.6,20,bid,,,10106082
2026-07-07T00:01:20.738750,2026-07-07T00:01:20.746784+00:00,155.6,200,ask,,,10106097
2026-07-07T00:01:23.358459,2026-07-07T00:01:23.368675+00:00,155.6,200,ask,,,10106131
2026-07-07T00:01:27.306467,2026-07-07T00:01:27.310119+00:00,155.5,11,bid,,,10106177
2026-07-07T00:01:28.000228,2026-07-07T00:01:27.998001+00:00,155.5,200,bid,,,10106185
2026-07-07T00:01:31.590305,2026-07-07T00:01:31.597316+00:00,155.4,200,ask,,,10106234
2026-07-07T00:01:31.590305,2026-07-07T00:01:31.602561+00:00,155.4,300,ask,,,10106235
2026-07-07T00:01:32.187629,2026-07-07T00:01:32.196873+00:00,155.4,325,ask,,,10106241
2026-07-07T00:01:32.187629,2026-07-07T00:01:32.196873+00:00,155.4,175,ask,,,10106242
2026-07-07T00:01:32.529942,2026-07-07T00:01:32.548346+00:00,155.4,25,ask,,,10106248
2026-07-07T00:01:32.544922,2026-07-07T00:01:32.548346+00:00,155.4,12,bid,,,10106250
2026-07-07T00:01:32.804908,2026-07-07T00:01:32.809246+00:00,155.3,11,bid,,,10106254
2026-07-07T00:01:34.053885,2026-07-07T00:01:34.063967+00:00,155.3,200,bid,,,10106278
2026-07-07T00:01:35.266912,2026-07-07T00:01:35.273688+00:00,155.3,200,bid,,,10106289
2026-07-07T00:01:36.987009,2026-07-07T00:01:36.998901+00:00,155.3,20,bid,,,10106317
2026-07-07T00:01:37.281280,2026-07-07T00:01:37.293277+00:00,155.2,20,ask,,,10106324
2026-07-07T00:01:37.400916,2026-07-07T00:01:37.404593+00:00,155.3,12,bid,,,10106327
2026-07-07T00:01:38.848253,2026-07-07T00:01:38.869196+00:00,155.2,200,ask,,,10106344
2026-07-07T00:01:38.848253,2026-07-07T00:01:38.869196+00:00,155.2,300,ask,,,10106345
2026-07-07T00:01:40.319997,2026-07-07T00:01:40.331795+00:00,155.2,20,bid,,,10106371
2026-07-07T00:01:40.653757,2026-07-07T00:01:40.658611+00:00,155.1,200,ask,,,10106378
2026-07-07T00:01:41.717294,2026-07-07T00:01:41.725651+00:00,155.1,500,bid,,,10106393
2026-07-07T00:01:41.717294,2026-07-07T00:01:41.725651+00:00,155.1,125,bid,,,10106394
2026-07-07T00:01:43.031671,2026-07-07T00:01:43.000769+00:00,155.1,200,ask,,,10106410
2026-07-07T00:01:43.774636,2026-07-07T00:01:43.778313+00:00,155.0,12,ask,,,10106423
2026-07-07T00:01:44.961402,2026-07-07T00:01:44.971128+00:00,155.1,200,bid,,,10106438
2026-07-07T00:01:48.281181,2026-07-07T00:01:48.288247+00:00,155.0,200,ask,,,10106471
2026-07-07T00:01:48.639934,2026-07-07T00:01:48.643379+00:00,154.8,11,ask,,,10106478
2026-07-07T00:01:49.596446,2026-07-07T00:01:49.603458+00:00,154.8,189,ask,,,10106489
2026-07-07T00:01:49.802141,2026-07-07T00:01:49.809660+00:00,154.7,200,bid,,,10106496
2026-07-07T00:01:50.922648,2026-07-07T00:01:50.926257+00:00,154.6,12,ask,,,10106504
2026-07-07T00:01:51.026731,2026-07-07T00:01:51.030251+00:00,154.7,11,ask,,,10106508
2026-07-07T00:01:52.270618,2026-07-07T00:01:52.274934+00:00,154.7,11,bid,,,10106530
2026-07-07T00:01:53.455757,2026-07-07T00:01:53.463600+00:00,154.6,200,ask,,,10106543
2026-07-07T00:01:54.971346,2026-07-07T00:01:54.974609+00:00,154.5,11,ask,,,10106558
2026-07-07T00:01:56.175752,2026-07-07T00:01:56.193862+00:00,154.6,200,bid,,,10106575
2026-07-07T00:01:56.190140,2026-07-07T00:01:56.193862+00:00,154.6,11,ask,,,10106577
2026-07-07T00:01:57.084748,2026-07-07T00:01:57.091786+00:00,154.6,200,ask,,,10106592
2026-07-07T00:02:00.152080,2026-07-07T00:02:00.164041+00:00,154.4,200,ask,,,10106651
2026-07-07T00:02:01.919414,2026-07-07T00:02:01.926930+00:00,154.4,200,ask,,,10106677
2026-07-07T00:02:02.759284,2026-07-07T00:02:02.770952+00:00,154.3,20,ask,,,10106695
2026-07-07T00:02:02.787363,2026-07-07T00:02:02.791729+00:00,154.6,12,ask,,,10106697
2026-07-07T00:02:03.128318,2026-07-07T00:02:03.135349+00:00,154.6,200,ask,,,10106706
2026-07-07T00:02:07.966463,2026-07-07T00:02:07.974267+00:00,154.7,200,ask,,,10106775
2026-07-07T00:02:08.069482,2026-07-07T00:02:08.072943+00:00,154.6,12,bid,,,10106778
2026-07-07T00:02:10.677989,2026-07-07T00:02:10.690553+00:00,154.6,20,bid,,,10106819
2026-07-07T00:02:11.967323,2026-07-07T00:02:11.978046+00:00,154.5,200,ask,,,10106831
2026-07-07T00:02:12.796408,2026-07-07T00:02:12.806360+00:00,154.5,200,bid,,,10106847
2026-07-07T00:02:15.210298,2026-07-07T00:02:15.217532+00:00,154.7,200,bid,,,10106889
2026-07-07T00:02:17.627358,2026-07-07T00:02:17.635601+00:00,154.7,200,bid,,,10106925
2026-07-07T00:02:19.092652,2026-07-07T00:02:19.101950+00:00,154.7,20,bid,,,10106940
2026-07-07T00:02:20.218448,2026-07-07T00:02:20.221831+00:00,154.7,22,bid,,,10106955
2026-07-07T00:02:23.773789,2026-07-07T00:02:23.797944+00:00,154.7,200,ask,,,10106995
2026-07-07T00:02:23.793621,2026-07-07T00:02:23.797944+00:00,154.7,12,bid,,,10106998
2026-07-07T00:02:25.771876,2026-07-07T00:02:25.778529+00:00,154.6,20,ask,,,10107021
2026-07-07T00:02:27.700925,2026-07-07T00:02:27.710705+00:00,154.6,500,ask,,,10107052
2026-07-07T00:02:27.700925,2026-07-07T00:02:27.710705+00:00,154.6,125,ask,,,10107053
2026-07-07T00:02:29.009658,2026-07-07T00:02:29.020456+00:00,154.8,500,ask,,,10107063
2026-07-07T00:02:30.727971,2026-07-07T00:02:30.736493+00:00,155.0,20,bid,,,10107084
2026-07-07T00:02:34.102623,2026-07-07T00:02:34.114413+00:00,154.7,20,ask,,,10107125
2026-07-07T00:02:36.865332,2026-07-07T00:02:36.873762+00:00,154.8,200,bid,,,10107147
2026-07-07T00:02:40.313133,2026-07-07T00:02:40.323054+00:00,154.9,20,bid,,,10107192
2026-07-07T00:02:42.133494,2026-07-07T00:02:42.158828+00:00,154.9,200,bid,,,10107212
2026-07-07T00:02:43.060692,2026-07-07T00:02:43.068737+00:00,154.9,200,ask,,,10107226
2026-07-07T00:02:43.444147,2026-07-07T00:02:43.458611+00:00,154.7,500,ask,,,10107231
2026-07-07T00:02:44.266910,2026-07-07T00:02:44.275555+00:00,154.7,125,bid,,,10107251
2026-07-07T00:02:44.753733,2026-07-07T00:02:44.758549+00:00,154.9,75,ask,,,10107256
2026-07-07T00:02:45.475703,2026-07-07T00:02:45.483670+00:00,154.9,200,bid,,,10107264
2026-07-07T00:02:46.033255,2026-07-07T00:02:46.055753+00:00,154.9,350,bid,,,10107276
2026-07-07T00:02:46.051898,2026-07-07T00:02:46.055753+00:00,154.9,12,ask,,,10107278
2026-07-07T00:02:46.060300,2026-07-07T00:02:46.070969+00:00,155.1,200,bid,,,10107279
2026-07-07T00:02:46.077640,2026-07-07T00:02:46.081299+00:00,155.1,22,ask,,,10107281
2026-07-07T00:02:47.377717,2026-07-07T00:02:47.387398+00:00,155.1,500,ask,,,10107308
2026-07-07T00:02:50.239423,2026-07-07T00:02:50.250154+00:00,155.2,20,ask,,,10107345
2026-07-07T00:02:50.310127,2026-07-07T00:02:50.319553+00:00,155.2,200,ask,,,10107348
2026-07-07T00:02:53.932284,2026-07-07T00:02:53.953643+00:00,155.4,200,bid,,,10107386
2026-07-07T00:02:53.950076,2026-07-07T00:02:53.953643+00:00,155.5,12,ask,,,10107389
2026-07-07T00:02:54.504771,2026-07-07T00:02:54.514357+00:00,155.5,413,ask,,,10107393
2026-07-07T00:02:55.247171,2026-07-07T00:02:55.274456+00:00,155.4,200,ask,,,10107405
2026-07-07T00:02:55.270536,2026-07-07T00:02:55.274456+00:00,155.2,34,bid,,,10107407
2026-07-07T00:02:56.362876,2026-07-07T00:02:56.374274+00:00,155.2,200,bid,,,10107417
2026-07-07T00:02:56.600031,2026-07-07T00:02:56.603736+00:00,155.2,11,ask,,,10107425
2026-07-07T00:02:58.270062,2026-07-07T00:02:58.273806+00:00,155.1,23,ask,,,10107444
2026-07-07T00:03:02.432854,2026-07-07T00:03:02.441646+00:00,155.3,200,bid,,,10107492
2026-07-07T00:03:03.397769,2026-07-07T00:03:03.409429+00:00,155.2,20,ask,,,10107506
2026-07-07T00:03:04.442259,2026-07-07T00:03:04.449493+00:00,155.3,500,bid,,,10107528
2026-07-07T00:03:04.442259,2026-07-07T00:03:04.458748+00:00,155.5,125,bid,,,10107529
2026-07-07T00:03:06.067705,2026-07-07T00:03:06.076521+00:00,155.4,200,bid,,,10107550
2026-07-07T00:03:07.281946,2026-07-07T00:03:07.290700+00:00,155.4,200,bid,,,10107571
2026-07-07T00:03:08.490057,2026-07-07T00:03:08.499622+00:00,155.3,200,bid,,,10107580
2026-07-07T00:03:09.703485,2026-07-07T00:03:09.712091+00:00,155.7,200,bid,,,10107599
2026-07-07T00:03:10.917239,2026-07-07T00:03:10.924222+00:00,155.3,200,bid,,,10107616
2026-07-07T00:03:11.035940,2026-07-07T00:03:11.039623+00:00,155.3,6,ask,,,10107619
2026-07-07T00:03:12.128517,2026-07-07T00:03:12.138442+00:00,155.5,200,bid,,,10107638
2026-07-07T00:03:13.356041,2026-07-07T00:03:13.359646+00:00,155.5,5,ask,,,10107657
2026-07-07T00:03:14.034820,2026-07-07T00:03:14.038561+00:00,155.6,11,bid,,,10107665
2026-07-07T00:03:18.883597,2026-07-07T00:03:18.887067+00:00,155.5,12,bid,,,10107722
2026-07-07T00:03:20.370009,2026-07-07T00:03:20.373915+00:00,155.7,11,bid,,,10107745
2026-07-07T00:03:20.609951,2026-07-07T00:03:20.620136+00:00,155.5,200,ask,,,10107750
2026-07-07T00:03:24.179165,2026-07-07T00:03:24.190216+00:00,155.7,20,bid,,,10107787
2026-07-07T00:03:29.850267,2026-07-07T00:03:29.854019+00:00,155.7,11,bid,,,10107859
2026-07-07T00:03:30.887727,2026-07-07T00:03:30.896791+00:00,155.6,20,ask,,,10107876
2026-07-07T00:03:32.711522,2026-07-07T00:03:32.720447+00:00,155.8,200,bid,,,10107891
2026-07-07T00:03:32.717121,2026-07-07T00:03:32.725630+00:00,155.6,20,ask,,,10107892
2026-07-07T00:03:33.923382,2026-07-07T00:03:33.933115+00:00,155.7,200,bid,,,10107905
2026-07-07T00:03:34.460767,2026-07-07T00:03:34.474618+00:00,155.5,20,ask,,,10107913
2026-07-07T00:03:35.132787,2026-07-07T00:03:35.145098+00:00,155.7,200,bid,,,10107922
2026-07-07T00:03:35.615681,2026-07-07T00:03:35.626311+00:00,155.5,20,ask,,,10107931
2026-07-07T00:03:36.341488,2026-07-07T00:03:36.352217+00:00,155.8,200,bid,,,10107946
2026-07-07T00:03:39.303961,2026-07-07T00:03:39.312510+00:00,155.8,200,ask,,,10107986
2026-07-07T00:03:39.390521,2026-07-07T00:03:39.394104+00:00,155.8,49,bid,,,10107996
2026-07-07T00:03:39.987590,2026-07-07T00:03:39.998272+00:00,155.8,200,bid,,,10108005
2026-07-07T00:03:41.197408,2026-07-07T00:03:41.205140+00:00,155.7,200,bid,,,10108019
2026-07-07T00:03:41.278523,2026-07-07T00:03:41.289519+00:00,155.6,20,ask,,,10108020
2026-07-07T00:03:43.767348,2026-07-07T00:03:43.775069+00:00,155.6,200,ask,,,10108053
2026-07-07T00:03:44.827984,2026-07-07T00:03:44.838610+00:00,155.6,200,bid,,,10108064
2026-07-07T00:03:45.193422,2026-07-07T00:03:45.205182+00:00,155.6,20,ask,,,10108071
2026-07-07T00:03:46.038138,2026-07-07T00:03:46.063822+00:00,155.6,200,ask,,,10108080
2026-07-07T00:03:50.628351,2026-07-07T00:03:50.640227+00:00,155.6,20,bid,,,10108142
2026-07-07T00:03:53.217013,2026-07-07T00:03:53.226950+00:00,155.3,20,ask,,,10108181
2026-07-07T00:03:53.302600,2026-07-07T00:03:53.311083+00:00,155.4,200,bid,,,10108183
2026-07-07T00:03:53.805762,2026-07-07T00:03:53.813529+00:00,155.4,425,bid,,,10108190
2026-07-07T00:03:54.514271,2026-07-07T00:03:54.525538+00:00,155.6,200,ask,,,10108203
2026-07-07T00:03:55.574962,2026-07-07T00:03:55.582643+00:00,155.6,500,ask,,,10108209
2026-07-07T00:03:55.633590,2026-07-07T00:03:55.643112+00:00,155.6,125,bid,,,10108211
2026-07-07T00:03:56.881710,2026-07-07T00:03:56.890791+00:00,155.7,200,bid,,,10108234
2026-07-07T00:03:58.942407,2026-07-07T00:03:58.958563+00:00,155.9,20,bid,,,10108266
2026-07-07T00:04:00.567246,2026-07-07T00:04:00.575942+00:00,155.9,200,bid,,,10108292
2026-07-07T00:04:03.096586,2026-07-07T00:04:03.108334+00:00,155.7,20,ask,,,10108325
2026-07-07T00:04:06.065195,2026-07-07T00:04:06.074475+00:00,156.0,200,bid,,,10108372
2026-07-07T00:04:06.753372,2026-07-07T00:04:06.758586+00:00,156.2,20,bid,,,10108376
2026-07-07T00:04:08.692249,2026-07-07T00:04:08.702993+00:00,156.1,200,ask,,,10108402
2026-07-07T00:04:09.276099,2026-07-07T00:04:09.287832+00:00,156.0,20,ask,,,10108408
2026-07-07T00:04:12.624797,2026-07-07T00:04:12.632251+00:00,156.1,200,bid,,,10108458
2026-07-07T00:04:12.667792,2026-07-07T00:04:12.674611+00:00,156.1,200,ask,,,10108459
2026-07-07T00:04:15.052242,2026-07-07T00:04:15.060617+00:00,156.1,20,bid,,,10108491
2026-07-07T00:04:15.085482,2026-07-07T00:04:15.093874+00:00,156.1,200,bid,,,10108492
2026-07-07T00:04:15.269919,2026-07-07T00:04:15.274136+00:00,156.2,3,ask,,,10108498
2026-07-07T00:04:16.562091,2026-07-07T00:04:16.569426+00:00,156.4,200,bid,,,10108515
2026-07-07T00:04:19.932644,2026-07-07T00:04:19.942282+00:00,156.5,200,bid,,,10108557
2026-07-07T00:04:20.530409,2026-07-07T00:04:20.533997+00:00,156.4,34,ask,,,10108567
2026-07-07T00:04:21.165469,2026-07-07T00:04:21.168995+00:00,156.5,12,ask,,,10108576
2026-07-07T00:04:23.489068,2026-07-07T00:04:23.495944+00:00,156.5,200,ask,,,10108615
2026-07-07T00:04:23.624712,2026-07-07T00:04:23.628854+00:00,156.5,12,bid,,,10108621
2026-07-07T00:04:24.088220,2026-07-07T00:04:24.097666+00:00,156.4,500,ask,,,10108626
2026-07-07T00:04:24.440592,2026-07-07T00:04:24.462740+00:00,156.4,200,ask,,,10108632
2026-07-07T00:04:24.459537,2026-07-07T00:04:24.462740+00:00,156.4,11,bid,,,10108634
2026-07-07T00:04:25.750803,2026-07-07T00:04:25.758584+00:00,156.4,500,bid,,,10108661
2026-07-07T00:04:25.918095,2026-07-07T00:04:25.924851+00:00,156.4,125,ask,,,10108664
2026-07-07T00:04:26.522416,2026-07-07T00:04:26.532886+00:00,156.3,200,ask,,,10108666
2026-07-07T00:04:27.075784,2026-07-07T00:04:27.080119+00:00,156.1,45,ask,,,10108674
2026-07-07T00:04:27.207931,2026-07-07T00:04:27.217890+00:00,156.3,200,bid,,,10108678
2026-07-07T00:04:28.418248,2026-07-07T00:04:28.425289+00:00,156.3,200,bid,,,10108703
2026-07-07T00:04:29.629529,2026-07-07T00:04:29.636552+00:00,156.3,200,bid,,,10108717
2026-07-07T00:04:29.699482,2026-07-07T00:04:29.703470+00:00,156.4,25,ask,,,10108722
2026-07-07T00:04:29.994487,2026-07-07T00:04:29.997778+00:00,156.5,36,bid,,,10108727
2026-07-07T00:04:30.996222,2026-07-07T00:04:31.002889+00:00,156.5,500,bid,,,10108739
2026-07-07T00:04:30.996222,2026-07-07T00:04:31.008395+00:00,156.5,125,bid,,,10108740
2026-07-07T00:04:32.320620,2026-07-07T00:04:32.324180+00:00,156.4,11,bid,,,10108760
2026-07-07T00:04:33.621007,2026-07-07T00:04:33.628458+00:00,156.3,200,ask,,,10108783
2026-07-07T00:04:33.639439,2026-07-07T00:04:33.643437+00:00,156.2,12,bid,,,10108785
2026-07-07T00:04:34.083069,2026-07-07T00:04:34.094200+00:00,156.0,20,ask,,,10108793
2026-07-07T00:04:34.474137,2026-07-07T00:04:34.484889+00:00,156.2,200,bid,,,10108798
2026-07-07T00:04:35.686199,2026-07-07T00:04:35.695347+00:00,156.3,200,ask,,,10108815
2026-07-07T00:04:42.808532,2026-07-07T00:04:42.828669+00:00,155.9,200,ask,,,10108910
2026-07-07T00:04:42.824858,2026-07-07T00:04:42.828669+00:00,155.9,23,bid,,,10108912
2026-07-07T00:04:45.371083,2026-07-07T00:04:45.382693+00:00,155.9,200,bid,,,10108938
2026-07-07T00:04:46.746122,2026-07-07T00:04:46.758566+00:00,155.9,200,ask,,,10108958
2026-07-07T00:04:47.099486,2026-07-07T00:04:47.111152+00:00,155.9,425,bid,,,10108959
2026-07-07T00:04:47.791416,2026-07-07T00:04:47.798255+00:00,156.0,200,ask,,,10108972
2026-07-07T00:04:48.075577,2026-07-07T00:04:48.079354+00:00,156.1,1,ask,,,10108975
2026-07-07T00:04:48.545952,2026-07-07T00:04:48.564028+00:00,156.1,20,ask,,,10108985
2026-07-07T00:04:49.001255,2026-07-07T00:04:49.009282+00:00,156.1,200,ask,,,10108995
2026-07-07T00:04:50.228467,2026-07-07T00:04:50.232215+00:00,156.1,12,bid,,,10109016
2026-07-07T00:04:51.349365,2026-07-07T00:04:51.355759+00:00,156.1,188,bid,,,10109030
2026-07-07T00:04:52.169545,2026-07-07T00:04:52.173667+00:00,156.1,11,ask,,,10109048
2026-07-07T00:04:52.625642,2026-07-07T00:04:52.634142+00:00,156.1,200,ask,,,10109052
2026-07-07T00:04:53.286047,2026-07-07T00:04:53.297649+00:00,156.1,500,ask,,,10109064
2026-07-07T00:04:56.250043,2026-07-07T00:04:56.260248+00:00,156.1,200,ask,,,10109101
2026-07-07T00:04:58.483423,2026-07-07T00:04:58.487739+00:00,156.0,23,ask,,,10109138
2026-07-07T00:04:59.843420,2026-07-07T00:04:59.867198+00:00,156.2,200,bid,,,10109161
2026-07-07T00:04:59.863734,2026-07-07T00:04:59.867198+00:00,156.2,23,ask,,,10109163
2026-07-07T00:05:01.648920,2026-07-07T00:05:01.654149+00:00,156.3,23,bid,,,10109179
2026-07-07T00:05:02.303237,2026-07-07T00:05:02.310759+00:00,156.3,200,bid,,,10109188
2026-07-07T00:05:04.238620,2026-07-07T00:05:04.258655+00:00,156.4,20,bid,,,10109210
2026-07-07T00:05:07.702416,2026-07-07T00:05:07.713492+00:00,156.4,200,bid,,,10109254
2026-07-07T00:05:07.732061,2026-07-07T00:05:07.735234+00:00,156.4,12,ask,,,10109258
2026-07-07T00:05:09.021754,2026-07-07T00:05:09.040364+00:00,156.4,200,ask,,,10109276
2026-07-07T00:05:09.036434,2026-07-07T00:05:09.040364+00:00,156.3,12,bid,,,10109278
2026-07-07T00:05:09.561581,2026-07-07T00:05:09.569559+00:00,156.3,200,bid,,,10109282
2026-07-07T00:05:10.775865,2026-07-07T00:05:10.784641+00:00,156.4,200,ask,,,10109295
2026-07-07T00:05:11.659913,2026-07-07T00:05:11.663407+00:00,156.5,11,bid,,,10109304
2026-07-07T00:05:12.002486,2026-07-07T00:05:12.005995+00:00,156.3,23,bid,,,10109306
2026-07-07T00:05:12.956194,2026-07-07T00:05:12.963677+00:00,156.3,177,bid,,,10109318
2026-07-07T00:05:13.195028,2026-07-07T00:05:13.202330+00:00,156.3,200,ask,,,10109321
2026-07-07T00:05:17.437280,2026-07-07T00:05:17.444033+00:00,156.5,20,bid,,,10109389
2026-07-07T00:05:17.465075,2026-07-07T00:05:17.468667+00:00,156.4,11,ask,,,10109392
2026-07-07T00:05:17.999503,2026-07-07T00:05:18.006497+00:00,156.4,500,ask,,,10109406
2026-07-07T00:05:18.236564,2026-07-07T00:05:18.243632+00:00,156.2,200,ask,,,10109408
2026-07-07T00:05:26.965317,2026-07-07T00:05:26.969479+00:00,156.1,12,ask,,,10109520
2026-07-07T00:05:27.745153,2026-07-07T00:05:27.749411+00:00,156.2,11,ask,,,10109532
2026-07-07T00:05:28.937915,2026-07-07T00:05:28.944251+00:00,156.2,200,ask,,,10109554
2026-07-07T00:05:31.364013,2026-07-07T00:05:31.372919+00:00,156.2,200,bid,,,10109575
2026-07-07T00:05:32.539785,2026-07-07T00:05:32.546880+00:00,156.2,425,ask,,,10109586
2026-07-07T00:05:33.294063,2026-07-07T00:05:33.297566+00:00,155.9,23,ask,,,10109602
2026-07-07T00:05:34.823508,2026-07-07T00:05:34.827195+00:00,155.9,11,ask,,,10109627
2026-07-07T00:05:35.301198,2026-07-07T00:05:35.304908+00:00,156.0,12,ask,,,10109630
2026-07-07T00:05:35.447313,2026-07-07T00:05:35.463934+00:00,156.1,20,bid,,,10109635
2026-07-07T00:05:36.964341,2026-07-07T00:05:36.975990+00:00,155.9,20,ask,,,10109660
2026-07-07T00:05:39.210348,2026-07-07T00:05:39.222606+00:00,156.1,500,bid,,,10109694
2026-07-07T00:05:39.789440,2026-07-07T00:05:39.800014+00:00,156.1,125,ask,,,10109699
2026-07-07T00:05:40.395578,2026-07-07T00:05:40.402148+00:00,156.0,200,ask,,,10109710
2026-07-07T00:05:42.254428,2026-07-07T00:05:42.263979+00:00,156.0,200,ask,,,10109734
2026-07-07T00:05:42.774472,2026-07-07T00:05:42.778265+00:00,156.0,11,ask,,,10109743
2026-07-07T00:05:43.138786,2026-07-07T00:05:43.136475+00:00,156.1,500,bid,,,10109749
2026-07-07T00:05:43.166135,2026-07-07T00:05:43.169274+00:00,156.1,6,ask,,,10109752
2026-07-07T00:05:43.403595,2026-07-07T00:05:43.411414+00:00,156.1,119,ask,,,10109756
2026-07-07T00:05:45.885341,2026-07-07T00:05:45.896595+00:00,155.9,200,bid,,,10109789
2026-07-07T00:05:46.749542,2026-07-07T00:05:46.758604+00:00,155.9,20,bid,,,10109795
2026-07-07T00:05:48.304701,2026-07-07T00:05:48.312360+00:00,156.0,200,bid,,,10109809
2026-07-07T00:05:48.414166,2026-07-07T00:05:48.425895+00:00,156.2,20,bid,,,10109810
2026-07-07T00:05:50.890131,2026-07-07T00:05:50.901770+00:00,156.3,20,bid,,,10109835
2026-07-07T00:05:53.147904,2026-07-07T00:05:53.164019+00:00,156.3,200,bid,,,10109863
2026-07-07T00:05:54.359124,2026-07-07T00:05:54.370560+00:00,156.4,200,bid,,,10109877
2026-07-07T00:05:56.261404,2026-07-07T00:05:56.268952+00:00,156.3,200,ask,,,10109896
2026-07-07T00:05:56.279644,2026-07-07T00:05:56.283661+00:00,156.3,6,bid,,,10109898
2026-07-07T00:05:56.774372,2026-07-07T00:05:56.784312+00:00,156.3,200,bid,,,10109905
2026-07-07T00:05:57.982221,2026-07-07T00:05:57.991788+00:00,156.3,200,bid,,,10109923
2026-07-07T00:06:00.059176,2026-07-07T00:06:00.063004+00:00,156.3,23,bid,,,10109948
2026-07-07T00:06:02.837162,2026-07-07T00:06:02.858599+00:00,156.4,200,ask,,,10109986
2026-07-07T00:06:05.236868,2026-07-07T00:06:05.259167+00:00,156.4,11,bid,,,10110015
2026-07-07T00:06:06.384084,2026-07-07T00:06:06.388337+00:00,156.5,11,bid,,,10110038
2026-07-07T00:06:07.033341,2026-07-07T00:06:07.037870+00:00,156.4,200,ask,,,10110048
2026-07-07T00:06:07.033341,2026-07-07T00:06:07.037870+00:00,156.3,300,ask,,,10110049
2026-07-07T00:06:07.629280,2026-07-07T00:06:07.672120+00:00,156.3,325,ask,,,10110058
2026-07-07T00:06:07.668351,2026-07-07T00:06:07.672120+00:00,156.3,175,bid,,,10110060
2026-07-07T00:06:08.076975,2026-07-07T00:06:08.097438+00:00,156.3,25,ask,,,10110064
2026-07-07T00:06:08.093470,2026-07-07T00:06:08.097438+00:00,156.1,19,bid,,,10110066
2026-07-07T00:06:08.885825,2026-07-07T00:06:08.892855+00:00,156.1,200,bid,,,10110078
2026-07-07T00:06:10.093826,2026-07-07T00:06:10.104385+00:00,156.1,200,bid,,,10110095
2026-07-07T00:06:12.027524,2026-07-07T00:06:12.031288+00:00,156.2,7,ask,,,10110122
2026-07-07T00:06:12.511722,2026-07-07T00:06:12.521600+00:00,156.2,200,ask,,,10110126
2026-07-07T00:06:13.718930,2026-07-07T00:06:13.730588+00:00,156.2,200,ask,,,10110146
2026-07-07T00:06:14.478892,2026-07-07T00:06:14.490779+00:00,156.2,20,ask,,,10110155
2026-07-07T00:06:18.571149,2026-07-07T00:06:18.593403+00:00,156.2,200,ask,,,10110216
2026-07-07T00:06:18.589948,2026-07-07T00:06:18.593403+00:00,156.1,11,bid,,,10110220
2026-07-07T00:06:19.796803,2026-07-07T00:06:19.812533+00:00,156.1,200,bid,,,10110235
2026-07-07T00:06:22.234596,2026-07-07T00:06:22.238501+00:00,156.3,12,bid,,,10110270
2026-07-07T00:06:25.131442,2026-07-07T00:06:25.136624+00:00,156.3,200,bid,,,10110311
2026-07-07T00:06:25.203185,2026-07-07T00:06:25.213821+00:00,156.3,425,ask,,,10110313
2026-07-07T00:06:25.396755,2026-07-07T00:06:25.400411+00:00,156.3,14,bid,,,10110318
2026-07-07T00:06:26.410076,2026-07-07T00:06:26.419525+00:00,156.2,200,ask,,,10110331
2026-07-07T00:06:27.063332,2026-07-07T00:06:27.074398+00:00,156.2,200,bid,,,10110342
2026-07-07T00:06:28.253193,2026-07-07T00:06:28.257918+00:00,156.1,500,ask,,,10110363
2026-07-07T00:06:28.848271,2026-07-07T00:06:28.853733+00:00,156.2,200,ask,,,10110369
2026-07-07T00:06:28.848271,2026-07-07T00:06:28.853733+00:00,156.1,125,ask,,,10110370
2026-07-07T00:06:29.048315,2026-07-07T00:06:29.057644+00:00,156.1,20,bid,,,10110378
2026-07-07T00:06:30.694697,2026-07-07T00:06:30.704561+00:00,156.1,200,bid,,,10110398
2026-07-07T00:06:32.995257,2026-07-07T00:06:33.003346+00:00,156.1,500,bid,,,10110427
2026-07-07T00:06:33.088256,2026-07-07T00:06:33.097284+00:00,156.1,125,ask,,,10110430
2026-07-07T00:06:35.621484,2026-07-07T00:06:35.664318+00:00,155.9,200,bid,,,10110460
2026-07-07T00:06:36.113463,2026-07-07T00:06:36.120850+00:00,155.9,425,ask,,,10110465
2026-07-07T00:06:37.954825,2026-07-07T00:06:37.963650+00:00,155.8,200,bid,,,10110487
2026-07-07T00:06:38.095747,2026-07-07T00:06:38.099193+00:00,155.6,3,ask,,,10110489
2026-07-07T00:06:39.181504,2026-07-07T00:06:39.184997+00:00,155.8,23,ask,,,10110501
2026-07-07T00:06:39.557658,2026-07-07T00:06:39.565346+00:00,155.8,177,ask,,,10110503
2026-07-07T00:06:40.865829,2026-07-07T00:06:40.872753+00:00,155.8,200,bid,,,10110527
2026-07-07T00:06:40.886473,2026-07-07T00:06:40.890415+00:00,155.8,11,ask,,,10110530
2026-07-07T00:06:41.588689,2026-07-07T00:06:41.595981+00:00,155.8,200,ask,,,10110539
2026-07-07T00:06:46.126964,2026-07-07T00:06:46.145842+00:00,155.8,200,bid,,,10110589
2026-07-07T00:06:46.142271,2026-07-07T00:06:46.145842+00:00,155.8,12,ask,,,10110591
2026-07-07T00:06:46.439664,2026-07-07T00:06:46.447029+00:00,155.8,200,ask,,,10110593
2026-07-07T00:06:47.645984,2026-07-07T00:06:47.658592+00:00,155.6,200,bid,,,10110611
2026-07-07T00:06:49.222734,2026-07-07T00:06:49.227166+00:00,155.7,22,ask,,,10110625
2026-07-07T00:06:49.433557,2026-07-07T00:06:49.444011+00:00,155.7,178,ask,,,10110627
2026-07-07T00:06:57.140035,2026-07-07T00:06:57.158665+00:00,155.6,20,ask,,,10110720
2026-07-07T00:06:59.250825,2026-07-07T00:06:59.251910+00:00,155.7,200,ask,,,10110746
2026-07-07T00:06:59.263774,2026-07-07T00:06:59.267343+00:00,155.7,11,bid,,,10110748
2026-07-07T00:07:00.560416,2026-07-07T00:07:00.568916+00:00,155.7,200,bid,,,10110764
2026-07-07T00:07:02.211126,2026-07-07T00:07:02.220621+00:00,155.7,200,ask,,,10110788
2026-07-07T00:07:03.108819,2026-07-07T00:07:03.120515+00:00,155.9,20,bid,,,10110798
2026-07-07T00:07:04.632261,2026-07-07T00:07:04.642880+00:00,155.8,200,bid,,,10110823
2026-07-07T00:07:07.056898,2026-07-07T00:07:07.058606+00:00,155.8,200,ask,,,10110849
2026-07-07T00:07:10.044730,2026-07-07T00:07:10.053335+00:00,155.8,500,ask,,,10110889
2026-07-07T00:07:10.641057,2026-07-07T00:07:10.658836+00:00,155.8,125,ask,,,10110900
2026-07-07T00:07:11.155332,2026-07-07T00:07:11.158634+00:00,155.7,20,ask,,,10110904
2026-07-07T00:07:14.564636,2026-07-07T00:07:14.568778+00:00,155.6,23,ask,,,10110956
2026-07-07T00:07:14.984125,2026-07-07T00:07:14.995318+00:00,155.6,200,ask,,,10110963
2026-07-07T00:07:16.293711,2026-07-07T00:07:16.300362+00:00,155.5,200,bid,,,10110981
2026-07-07T00:07:16.311133,2026-07-07T00:07:16.314949+00:00,155.5,11,ask,,,10110983
2026-07-07T00:07:16.748944,2026-07-07T00:07:16.758678+00:00,155.5,200,ask,,,10110988
2026-07-07T00:07:24.024427,2026-07-07T00:07:24.028380+00:00,155.5,2,bid,,,10111071
2026-07-07T00:07:27.516817,2026-07-07T00:07:27.528616+00:00,155.7,20,bid,,,10111116
2026-07-07T00:07:28.113623,2026-07-07T00:07:28.118321+00:00,155.6,200,bid,,,10111121
2026-07-07T00:07:28.876450,2026-07-07T00:07:28.884601+00:00,155.6,200,ask,,,10111133
2026-07-07T00:07:29.450200,2026-07-07T00:07:29.453815+00:00,155.6,21,bid,,,10111143
2026-07-07T00:07:30.084791,2026-07-07T00:07:30.093176+00:00,155.6,200,bid,,,10111155
2026-07-07T00:07:31.299043,2026-07-07T00:07:31.308579+00:00,155.6,200,ask,,,10111171
2026-07-07T00:07:33.358597,2026-07-07T00:07:33.368966+00:00,155.8,200,bid,,,10111202
2026-07-07T00:07:33.539257,2026-07-07T00:07:33.543089+00:00,156.0,11,bid,,,10111208
2026-07-07T00:07:33.717113,2026-07-07T00:07:33.725513+00:00,155.8,200,ask,,,10111210
2026-07-07T00:07:34.694271,2026-07-07T00:07:34.698018+00:00,155.8,23,bid,,,10111229
2026-07-07T00:07:34.922914,2026-07-07T00:07:34.933345+00:00,155.8,200,bid,,,10111236
2026-07-07T00:07:35.991080,2026-07-07T00:07:35.994931+00:00,155.7,12,ask,,,10111251
2026-07-07T00:07:37.346929,2026-07-07T00:07:37.358631+00:00,155.7,200,ask,,,10111272
2026-07-07T00:07:38.556765,2026-07-07T00:07:38.563614+00:00,155.7,200,ask,,,10111284
2026-07-07T00:07:39.764299,2026-07-07T00:07:39.772924+00:00,155.5,200,ask,,,10111302
2026-07-07T00:07:42.898390,2026-07-07T00:07:42.906902+00:00,155.6,20,bid,,,10111341
2026-07-07T00:07:43.075030,2026-07-07T00:07:43.078819+00:00,155.4,22,ask,,,10111343
2026-07-07T00:07:45.148394,2026-07-07T00:07:45.158571+00:00,155.4,200,ask,,,10111366
2026-07-07T00:07:45.148394,2026-07-07T00:07:45.158571+00:00,155.4,425,ask,,,10111367
2026-07-07T00:07:46.196506,2026-07-07T00:07:46.208287+00:00,155.5,20,bid,,,10111384
2026-07-07T00:07:46.360691,2026-07-07T00:07:46.369328+00:00,155.5,180,bid,,,10111385
2026-07-07T00:07:47.033412,2026-07-07T00:07:47.043716+00:00,155.5,200,ask,,,10111398
2026-07-07T00:07:47.570235,2026-07-07T00:07:47.579750+00:00,155.6,500,bid,,,10111404
2026-07-07T00:07:48.775267,2026-07-07T00:07:48.786972+00:00,155.7,500,bid,,,10111422
2026-07-07T00:07:49.072734,2026-07-07T00:07:49.079634+00:00,155.7,200,bid,,,10111429
2026-07-07T00:07:49.090022,2026-07-07T00:07:49.093678+00:00,155.8,11,ask,,,10111431
2026-07-07T00:07:49.341223,2026-07-07T00:07:49.345027+00:00,156.1,45,bid,,,10111434
2026-07-07T00:07:49.463835,2026-07-07T00:07:49.467491+00:00,156.0,5,bid,,,10111437
2026-07-07T00:07:49.612911,2026-07-07T00:07:49.624572+00:00,156.0,20,bid,,,10111441
2026-07-07T00:07:50.661895,2026-07-07T00:07:50.668782+00:00,155.9,200,bid,,,10111461
2026-07-07T00:07:53.083400,2026-07-07T00:07:53.094018+00:00,156.0,200,bid,,,10111499
2026-07-07T00:07:54.295698,2026-07-07T00:07:54.307515+00:00,156.0,200,bid,,,10111511
2026-07-07T00:07:55.521448,2026-07-07T00:07:55.525213+00:00,156.0,5,ask,,,10111538
2026-07-07T00:07:56.930245,2026-07-07T00:07:56.951288+00:00,156.2,200,bid,,,10111556
2026-07-07T00:07:56.947392,2026-07-07T00:07:56.951288+00:00,156.2,8,ask,,,10111558
2026-07-07T00:07:57.159700,2026-07-07T00:07:57.169147+00:00,156.2,20,ask,,,10111562
2026-07-07T00:07:57.927482,2026-07-07T00:07:57.937878+00:00,156.2,200,ask,,,10111575
2026-07-07T00:07:58.267059,2026-07-07T00:07:58.270225+00:00,156.2,8,bid,,,10111581
2026-07-07T00:07:58.958758,2026-07-07T00:07:58.970356+00:00,156.0,20,ask,,,10111591
2026-07-07T00:08:00.884069,2026-07-07T00:08:00.892923+00:00,156.1,500,bid,,,10111619
2026-07-07T00:08:01.483115,2026-07-07T00:08:01.490448+00:00,156.1,125,bid,,,10111628
2026-07-07T00:08:01.483115,2026-07-07T00:08:01.495904+00:00,156.2,200,bid,,,10111629
2026-07-07T00:08:03.314845,2026-07-07T00:08:03.318756+00:00,156.3,12,ask,,,10111659
2026-07-07T00:08:03.483531,2026-07-07T00:08:03.504481+00:00,156.4,200,bid,,,10111664
2026-07-07T00:08:03.500213,2026-07-07T00:08:03.504481+00:00,156.4,11,ask,,,10111666
2026-07-07T00:08:08.821882,2026-07-07T00:08:08.832097+00:00,156.7,200,bid,,,10111738
2026-07-07T00:08:13.435501,2026-07-07T00:08:13.444879+00:00,156.8,20,bid,,,10111800
2026-07-07T00:08:15.274861,2026-07-07T00:08:15.279021+00:00,156.8,11,ask,,,10111822
2026-07-07T00:08:15.652871,2026-07-07T00:08:15.658613+00:00,156.9,20,bid,,,10111829
2026-07-07T00:08:16.082296,2026-07-07T00:08:16.093241+00:00,156.8,200,ask,,,10111835
2026-07-07T00:08:19.181304,2026-07-07T00:08:19.188410+00:00,156.8,200,bid,,,10111879
2026-07-07T00:08:19.409557,2026-07-07T00:08:19.421185+00:00,156.8,20,ask,,,10111880
2026-07-07T00:08:20.916595,2026-07-07T00:08:20.927323+00:00,156.7,200,ask,,,10111897
2026-07-07T00:08:22.124771,2026-07-07T00:08:22.130812+00:00,156.7,200,ask,,,10111905
2026-07-07T00:08:24.415668,2026-07-07T00:08:24.426590+00:00,156.8,200,bid,,,10111937
2026-07-07T00:08:29.648227,2026-07-07T00:08:29.658609+00:00,156.8,200,bid,,,10111994
2026-07-07T00:08:29.648227,2026-07-07T00:08:29.658609+00:00,156.9,425,bid,,,10111995
2026-07-07T00:08:32.989395,2026-07-07T00:08:33.058579+00:00,156.5,200,bid,,,10112039
2026-07-07T00:08:33.620049,2026-07-07T00:08:33.624049+00:00,156.4,11,bid,,,10112050
2026-07-07T00:08:34.208743,2026-07-07T00:08:34.221710+00:00,156.4,200,bid,,,10112056
2026-07-07T00:08:35.418162,2026-07-07T00:08:35.429263+00:00,156.4,200,bid,,,10112074
2026-07-07T00:08:39.623061,2026-07-07T00:08:39.627226+00:00,156.5,200,ask,,,10112130
2026-07-07T00:08:40.192234,2026-07-07T00:08:40.203879+00:00,156.5,20,bid,,,10112138
2026-07-07T00:08:45.397139,2026-07-07T00:08:45.406699+00:00,156.3,200,ask,,,10112219
2026-07-07T00:08:48.014723,2026-07-07T00:08:48.059068+00:00,156.5,200,bid,,,10112260
2026-07-07T00:08:48.741041,2026-07-07T00:08:48.758605+00:00,156.5,200,ask,,,10112272
2026-07-07T00:08:49.491021,2026-07-07T00:08:49.494553+00:00,156.9,11,bid,,,10112287
2026-07-07T00:08:49.962152,2026-07-07T00:08:49.966412+00:00,156.7,23,bid,,,10112293
2026-07-07T00:08:51.153175,2026-07-07T00:08:51.157200+00:00,156.7,20,bid,,,10112312
2026-07-07T00:08:51.161899,2026-07-07T00:08:51.168678+00:00,156.6,200,ask,,,10112313
2026-07-07T00:08:52.388011,2026-07-07T00:08:52.395364+00:00,156.7,200,ask,,,10112324
2026-07-07T00:08:57.292403,2026-07-07T00:08:57.296592+00:00,156.5,11,ask,,,10112395
2026-07-07T00:08:58.512139,2026-07-07T00:08:58.529082+00:00,156.6,500,bid,,,10112413
2026-07-07T00:08:58.525603,2026-07-07T00:08:58.529082+00:00,156.6,12,ask,,,10112415
2026-07-07T00:08:59.455208,2026-07-07T00:08:59.463991+00:00,156.6,20,ask,,,10112426
2026-07-07T00:09:01.425543,2026-07-07T00:09:01.436004+00:00,156.4,200,ask,,,10112452
2026-07-07T00:09:02.034520,2026-07-07T00:09:02.045594+00:00,156.3,500,ask,,,10112463
2026-07-07T00:09:02.445858,2026-07-07T00:09:02.453522+00:00,156.3,200,ask,,,10112468
2026-07-07T00:09:03.251416,2026-07-07T00:09:03.255168+00:00,156.2,12,bid,,,10112483
2026-07-07T00:09:03.280650,2026-07-07T00:09:03.289366+00:00,156.2,200,bid,,,10112484
2026-07-07T00:09:04.695851,2026-07-07T00:09:04.703785+00:00,156.1,20,ask,,,10112505
2026-07-07T00:09:09.164241,2026-07-07T00:09:09.175682+00:00,156.1,20,ask,,,10112581
2026-07-07T00:09:12.945325,2026-07-07T00:09:12.963907+00:00,156.2,200,bid,,,10112631
2026-07-07T00:09:14.145646,2026-07-07T00:09:14.164093+00:00,156.2,425,ask,,,10112648
2026-07-07T00:09:17.810766,2026-07-07T00:09:17.820327+00:00,156.1,200,bid,,,10112686
2026-07-07T00:09:19.041330,2026-07-07T00:09:19.053172+00:00,156.1,20,bid,,,10112700
2026-07-07T00:09:19.735732,2026-07-07T00:09:19.747271+00:00,156.1,20,bid,,,10112712
2026-07-07T00:09:21.435376,2026-07-07T00:09:21.444841+00:00,156.0,200,bid,,,10112731
2026-07-07T00:09:22.064746,2026-07-07T00:09:22.076416+00:00,156.0,20,bid,,,10112740
2026-07-07T00:09:23.238195,2026-07-07T00:09:23.248305+00:00,156.0,200,ask,,,10112758
2026-07-07T00:09:25.906126,2026-07-07T00:09:25.917754+00:00,155.8,20,ask,,,10112801
2026-07-07T00:09:27.482388,2026-07-07T00:09:27.489887+00:00,156.0,200,ask,,,10112813
2026-07-07T00:09:28.701493,2026-07-07T00:09:28.711016+00:00,156.1,20,bid,,,10112838
2026-07-07T00:09:32.598408,2026-07-07T00:09:32.609618+00:00,156.0,200,ask,,,10112889
2026-07-07T00:09:46.917487,2026-07-07T00:09:46.921226+00:00,156.0,12,ask,,,10113086
2026-07-07T00:09:48.302607,2026-07-07T00:09:48.312533+00:00,156.0,500,ask,,,10113095
2026-07-07T00:09:48.302607,2026-07-07T00:09:48.312533+00:00,156.0,125,ask,,,10113096
2026-07-07T00:09:50.917499,2026-07-07T00:09:50.927712+00:00,156.2,200,bid,,,10113131
2026-07-07T00:09:50.930962,2026-07-07T00:09:50.934981+00:00,156.2,11,ask,,,10113132
2026-07-07T00:09:51.750083,2026-07-07T00:09:51.758590+00:00,156.2,200,ask,,,10113144
2026-07-07T00:09:52.722647,2026-07-07T00:09:52.727294+00:00,156.2,11,bid,,,10113158
2026-07-07T00:09:52.960305,2026-07-07T00:09:52.969495+00:00,156.1,200,ask,,,10113160
2026-07-07T00:09:54.114384,2026-07-07T00:09:54.122019+00:00,156.2,500,bid,,,10113167
2026-07-07T00:09:54.712745,2026-07-07T00:09:54.716529+00:00,156.2,125,bid,,,10113173
2026-07-07T00:09:54.841365,2026-07-07T00:09:54.850118+00:00,156.3,200,bid,,,10113177
2026-07-07T00:09:56.612751,2026-07-07T00:09:56.616247+00:00,156.4,12,bid,,,10113214
2026-07-07T00:09:59.019383,2026-07-07T00:09:59.027184+00:00,156.3,200,ask,,,10113242
2026-07-07T00:10:01.497715,2026-07-07T00:10:01.510450+00:00,156.3,11,bid,,,10113269
2026-07-07T00:10:02.679273,2026-07-07T00:10:02.690592+00:00,156.2,200,ask,,,10113285
2026-07-07T00:10:02.730966,2026-07-07T00:10:02.734543+00:00,156.2,12,bid,,,10113288
2026-07-07T00:10:03.184493,2026-07-07T00:10:03.194903+00:00,156.2,500,bid,,,10113294
2026-07-07T00:10:03.779310,2026-07-07T00:10:03.788149+00:00,156.2,113,bid,,,10113299
2026-07-07T00:10:03.887074,2026-07-07T00:10:03.894557+00:00,156.3,200,ask,,,10113302
2026-07-07T00:10:06.327522,2026-07-07T00:10:06.334677+00:00,156.2,200,ask,,,10113333
2026-07-07T00:10:08.745985,2026-07-07T00:10:08.756397+00:00,156.3,200,ask,,,10113363
2026-07-07T00:10:08.768156,2026-07-07T00:10:08.777176+00:00,156.3,20,ask,,,10113367
2026-07-07T00:10:09.665143,2026-07-07T00:10:09.677022+00:00,156.4,20,bid,,,10113383
2026-07-07T00:10:09.967318,2026-07-07T00:10:09.971037+00:00,156.4,14,bid,,,10113389
2026-07-07T00:10:11.873933,2026-07-07T00:10:11.881396+00:00,156.3,200,bid,,,10113417
2026-07-07T00:10:14.787402,2026-07-07T00:10:14.796244+00:00,156.1,200,ask,,,10113459
2026-07-07T00:10:15.998815,2026-07-07T00:10:16.006606+00:00,156.2,200,ask,,,10113475
2026-07-07T00:10:17.083082,2026-07-07T00:10:17.093878+00:00,156.2,20,ask,,,10113489
2026-07-07T00:10:17.135626,2026-07-07T00:10:17.146348+00:00,156.3,500,bid,,,10113491
2026-07-07T00:10:17.731595,2026-07-07T00:10:17.741984+00:00,156.3,125,bid,,,10113497
2026-07-07T00:10:17.731595,2026-07-07T00:10:17.741984+00:00,156.3,200,bid,,,10113498
2026-07-07T00:10:18.417922,2026-07-07T00:10:18.425436+00:00,156.4,200,ask,,,10113507
2026-07-07T00:10:18.441409,2026-07-07T00:10:18.445060+00:00,156.5,3,bid,,,10113509
2026-07-07T00:10:19.627220,2026-07-07T00:10:19.633864+00:00,156.4,200,ask,,,10113526
2026-07-07T00:10:20.148111,2026-07-07T00:10:20.163990+00:00,156.5,500,bid,,,10113531
2026-07-07T00:10:20.835109,2026-07-07T00:10:20.846571+00:00,156.4,200,ask,,,10113539
2026-07-07T00:10:21.275887,2026-07-07T00:10:21.279679+00:00,156.5,3,ask,,,10113545
2026-07-07T00:10:22.045831,2026-07-07T00:10:22.058608+00:00,156.5,200,ask,,,10113565
2026-07-07T00:10:23.255811,2026-07-07T00:10:23.266649+00:00,156.5,200,ask,,,10113575
2026-07-07T00:10:23.661196,2026-07-07T00:10:23.669786+00:00,156.5,300,ask,,,10113583
2026-07-07T00:10:25.604398,2026-07-07T00:10:25.614168+00:00,156.4,200,bid,,,10113602
2026-07-07T00:10:27.111506,2026-07-07T00:10:27.123318+00:00,156.4,20,ask,,,10113620
2026-07-07T00:10:27.588569,2026-07-07T00:10:27.598123+00:00,156.4,500,ask,,,10113626
2026-07-07T00:10:28.899230,2026-07-07T00:10:28.908861+00:00,156.6,200,bid,,,10113650
2026-07-07T00:10:30.210761,2026-07-07T00:10:30.221816+00:00,156.5,200,ask,,,10113662
2026-07-07T00:10:30.513063,2026-07-07T00:10:30.521281+00:00,156.5,200,bid,,,10113670
2026-07-07T00:10:35.367251,2026-07-07T00:10:35.374253+00:00,156.7,200,bid,,,10113737
2026-07-07T00:10:35.442781,2026-07-07T00:10:35.451553+00:00,156.8,500,bid,,,10113739
2026-07-07T00:10:35.914603,2026-07-07T00:10:35.925416+00:00,156.8,125,ask,,,10113747
2026-07-07T00:10:39.370217,2026-07-07T00:10:39.379840+00:00,156.7,200,ask,,,10113780
2026-07-07T00:10:41.422819,2026-07-07T00:10:41.434468+00:00,156.5,200,ask,,,10113803
2026-07-07T00:10:42.632429,2026-07-07T00:10:42.639478+00:00,156.5,200,ask,,,10113814
2026-07-07T00:10:43.367038,2026-07-07T00:10:43.371084+00:00,156.5,3,bid,,,10113823
2026-07-07T00:10:44.603888,2026-07-07T00:10:44.611264+00:00,156.4,200,ask,,,10113835
2026-07-07T00:10:44.622050,2026-07-07T00:10:44.625714+00:00,156.4,11,bid,,,10113837
2026-07-07T00:10:52.910442,2026-07-07T00:10:52.914262+00:00,156.3,11,ask,,,10113959
2026-07-07T00:10:56.392862,2026-07-07T00:10:56.397360+00:00,156.3,3,ask,,,10114008
2026-07-07T00:10:57.699783,2026-07-07T00:10:57.706346+00:00,156.5,200,bid,,,10114025
2026-07-07T00:10:58.298854,2026-07-07T00:10:58.313426+00:00,156.7,20,bid,,,10114030
2026-07-07T00:10:58.367184,2026-07-07T00:10:58.375191+00:00,156.5,200,ask,,,10114034
2026-07-07T00:11:06.875252,2026-07-07T00:11:06.886691+00:00,156.3,20,ask,,,10114135
2026-07-07T00:11:14.319934,2026-07-07T00:11:14.327854+00:00,156.3,20,ask,,,10114239
2026-07-07T00:11:15.854387,2026-07-07T00:11:15.858905+00:00,156.5,3,ask,,,10114258
2026-07-07T00:11:16.442103,2026-07-07T00:11:16.458590+00:00,156.6,200,bid,,,10114265
2026-07-07T00:11:16.442103,2026-07-07T00:11:16.458590+00:00,156.6,300,bid,,,10114266
2026-07-07T00:11:18.976086,2026-07-07T00:11:18.985808+00:00,156.7,200,bid,,,10114302
2026-07-07T00:11:22.621994,2026-07-07T00:11:22.629911+00:00,156.7,200,ask,,,10114355
2026-07-07T00:11:23.821583,2026-07-07T00:11:23.838221+00:00,156.6,200,bid,,,10114367
2026-07-07T00:11:25.531265,2026-07-07T00:11:25.539983+00:00,156.8,200,bid,,,10114393
2026-07-07T00:11:25.531265,2026-07-07T00:11:25.539983+00:00,156.8,300,bid,,,10114394
2026-07-07T00:11:26.127234,2026-07-07T00:11:26.137901+00:00,156.8,325,bid,,,10114403
2026-07-07T00:11:26.768253,2026-07-07T00:11:26.779984+00:00,157.0,20,bid,,,10114413
2026-07-07T00:11:29.069252,2026-07-07T00:11:29.072921+00:00,157.0,3,bid,,,10114445
2026-07-07T00:11:31.798873,2026-07-07T00:11:31.808766+00:00,156.9,200,ask,,,10114477
2026-07-07T00:11:32.289919,2026-07-07T00:11:32.298438+00:00,156.8,200,bid,,,10114484
2026-07-07T00:11:34.712284,2026-07-07T00:11:34.721246+00:00,156.9,200,bid,,,10114515
2026-07-07T00:11:35.923055,2026-07-07T00:11:35.933992+00:00,156.9,200,bid,,,10114532
2026-07-07T00:11:38.192837,2026-07-07T00:11:38.201941+00:00,156.8,20,ask,,,10114562
2026-07-07T00:11:40.672848,2026-07-07T00:11:40.685875+00:00,156.8,20,ask,,,10114599
2026-07-07T00:11:40.779370,2026-07-07T00:11:40.782791+00:00,157.0,14,ask,,,10114602
2026-07-07T00:11:42.291713,2026-07-07T00:11:42.301836+00:00,157.0,200,ask,,,10114622
2026-07-07T00:11:46.045135,2026-07-07T00:11:46.056712+00:00,157.1,20,bid,,,10114677
2026-07-07T00:11:48.849346,2026-07-07T00:11:48.858559+00:00,157.1,200,bid,,,10114709
2026-07-07T00:11:48.970082,2026-07-07T00:11:48.981812+00:00,157.2,20,ask,,,10114711
2026-07-07T00:11:49.248640,2026-07-07T00:11:49.258651+00:00,157.2,200,ask,,,10114715
2026-07-07T00:11:50.854196,2026-07-07T00:11:50.858612+00:00,157.0,20,ask,,,10114739
2026-07-07T00:11:51.942658,2026-07-07T00:11:51.954434+00:00,157.2,20,bid,,,10114758
2026-07-07T00:11:52.996838,2026-07-07T00:11:53.000750+00:00,157.0,12,ask,,,10114773
2026-07-07T00:11:55.396543,2026-07-07T00:11:55.407509+00:00,157.1,200,bid,,,10114805
2026-07-07T00:11:55.412747,2026-07-07T00:11:55.416524+00:00,157.1,11,ask,,,10114807
2026-07-07T00:11:57.720032,2026-07-07T00:11:57.729871+00:00,157.1,200,ask,,,10114841
2026-07-07T00:11:58.388911,2026-07-07T00:11:58.400779+00:00,157.3,20,bid,,,10114846
2026-07-07T00:12:01.100246,2026-07-07T00:12:01.107262+00:00,157.3,20,bid,,,10114884
2026-07-07T00:12:04.987382,2026-07-07T00:12:04.998333+00:00,157.3,200,bid,,,10114931
2026-07-07T00:12:08.612741,2026-07-07T00:12:08.621868+00:00,157.3,200,bid,,,10114975
2026-07-07T00:12:09.693333,2026-07-07T00:12:09.705174+00:00,157.3,20,bid,,,10114987
2026-07-07T00:12:11.108210,2026-07-07T00:12:11.117800+00:00,157.1,200,ask,,,10115007
2026-07-07T00:12:12.236258,2026-07-07T00:12:12.245344+00:00,157.0,200,bid,,,10115026
2026-07-07T00:12:16.344533,2026-07-07T00:12:16.369770+00:00,156.9,200,ask,,,10115074
2026-07-07T00:12:16.366227,2026-07-07T00:12:16.369770+00:00,156.9,11,bid,,,10115077
2026-07-07T00:12:24.034409,2026-07-07T00:12:24.058656+00:00,156.8,20,bid,,,10115177
2026-07-07T00:12:24.223287,2026-07-07T00:12:24.227649+00:00,156.7,12,bid,,,10115181
2026-07-07T00:12:27.790457,2026-07-07T00:12:27.794229+00:00,156.8,11,bid,,,10115222
2026-07-07T00:12:28.129871,2026-07-07T00:12:28.124452+00:00,156.5,200,ask,,,10115225
2026-07-07T00:12:28.165918,2026-07-07T00:12:28.170241+00:00,156.5,3,bid,,,10115227
2026-07-07T00:12:31.625362,2026-07-07T00:12:31.632086+00:00,156.4,200,ask,,,10115275
2026-07-07T00:12:32.058438,2026-07-07T00:12:32.069074+00:00,156.3,500,ask,,,10115278
2026-07-07T00:12:32.119028,2026-07-07T00:12:32.125872+00:00,156.3,125,bid,,,10115279
2026-07-07T00:12:33.367988,2026-07-07T00:12:33.377423+00:00,156.5,200,bid,,,10115293
2026-07-07T00:12:34.203812,2026-07-07T00:12:34.215324+00:00,156.7,20,bid,,,10115305
2026-07-07T00:12:34.679440,2026-07-07T00:12:34.700304+00:00,156.5,200,ask,,,10115310
2026-07-07T00:12:34.696362,2026-07-07T00:12:34.700304+00:00,156.5,14,bid,,,10115312
2026-07-07T00:12:35.255803,2026-07-07T00:12:35.258626+00:00,156.5,200,bid,,,10115318
2026-07-07T00:12:37.331382,2026-07-07T00:12:37.334924+00:00,156.4,11,ask,,,10115347
2026-07-07T00:12:37.693699,2026-07-07T00:12:37.697195+00:00,156.5,3,ask,,,10115351
2026-07-07T00:12:38.430043,2026-07-07T00:12:38.441936+00:00,156.6,20,bid,,,10115369
2026-07-07T00:12:38.890403,2026-07-07T00:12:38.900666+00:00,156.6,200,bid,,,10115372
2026-07-07T00:12:40.113925,2026-07-07T00:12:40.124781+00:00,156.5,200,ask,,,10115389
2026-07-07T00:12:40.722647,2026-07-07T00:12:40.730002+00:00,156.7,20,bid,,,10115402
2026-07-07T00:12:41.322175,2026-07-07T00:12:41.330191+00:00,156.5,200,ask,,,10115407
2026-07-07T00:12:42.177163,2026-07-07T00:12:42.188382+00:00,156.8,20,bid,,,10115419
2026-07-07T00:12:42.533787,2026-07-07T00:12:42.543809+00:00,156.6,200,ask,,,10115421
2026-07-07T00:12:49.138360,2026-07-07T00:12:49.141851+00:00,156.6,3,ask,,,10115493
2026-07-07T00:12:50.444453,2026-07-07T00:12:50.447925+00:00,156.7,11,ask,,,10115505
2026-07-07T00:12:52.727012,2026-07-07T00:12:52.738020+00:00,156.7,20,ask,,,10115538
2026-07-07T00:13:00.713109,2026-07-07T00:13:00.723904+00:00,156.8,200,ask,,,10115649
2026-07-07T00:13:02.216061,2026-07-07T00:13:02.226491+00:00,156.7,200,bid,,,10115662
2026-07-07T00:13:06.324283,2026-07-07T00:13:06.335718+00:00,157.2,20,bid,,,10115725
2026-07-07T00:13:08.260653,2026-07-07T00:13:08.269475+00:00,157.2,20,bid,,,10115745
2026-07-07T00:13:11.392832,2026-07-07T00:13:11.396125+00:00,157.2,12,ask,,,10115780
2026-07-07T00:13:15.633427,2026-07-07T00:13:15.645225+00:00,157.1,20,ask,,,10115819
2026-07-07T00:13:17.920960,2026-07-07T00:13:17.931717+00:00,157.2,200,bid,,,10115840
2026-07-07T00:13:21.664075,2026-07-07T00:13:21.667839+00:00,157.1,11,ask,,,10115884
2026-07-07T00:13:21.847864,2026-07-07T00:13:21.855896+00:00,157.1,189,ask,,,10115893
2026-07-07T00:13:23.739910,2026-07-07T00:13:23.751090+00:00,157.1,20,bid,,,10115918
2026-07-07T00:13:25.616042,2026-07-07T00:13:25.627754+00:00,157.1,20,bid,,,10115943
2026-07-07T00:13:30.974757,2026-07-07T00:13:30.978644+00:00,157.0,12,ask,,,10116007
2026-07-07T00:13:31.747464,2026-07-07T00:13:31.759073+00:00,157.0,20,ask,,,10116022
2026-07-07T00:13:33.370796,2026-07-07T00:13:33.381872+00:00,157.1,200,bid,,,10116044
2026-07-07T00:13:34.716065,2026-07-07T00:13:34.727605+00:00,157.2,20,bid,,,10116065
2026-07-07T00:13:35.578249,2026-07-07T00:13:35.589712+00:00,157.2,20,bid,,,10116077
2026-07-07T00:13:35.792271,2026-07-07T00:13:35.799708+00:00,157.2,200,bid,,,10116084
2026-07-07T00:13:39.441626,2026-07-07T00:13:39.448476+00:00,157.3,200,bid,,,10116125
2026-07-07T00:13:40.650622,2026-07-07T00:13:40.664073+00:00,157.2,200,bid,,,10116143
2026-07-07T00:13:41.476196,2026-07-07T00:13:41.494102+00:00,157.2,500,bid,,,10116152
2026-07-07T00:13:41.734692,2026-07-07T00:13:41.745461+00:00,157.2,125,ask,,,10116156
2026-07-07T00:13:41.750717,2026-07-07T00:13:41.753824+00:00,157.1,12,bid,,,10116158
2026-07-07T00:13:41.864668,2026-07-07T00:13:41.874757+00:00,157.1,200,bid,,,10116161
2026-07-07T00:13:42.986519,2026-07-07T00:13:42.996413+00:00,157.0,500,ask,,,10116178
2026-07-07T00:13:43.579415,2026-07-07T00:13:43.588161+00:00,157.1,200,ask,,,10116186
2026-07-07T00:13:43.579415,2026-07-07T00:13:43.588161+00:00,157.0,125,ask,,,10116187
2026-07-07T00:13:44.108713,2026-07-07T00:13:44.112418+00:00,156.8,34,ask,,,10116202
2026-07-07T00:13:44.294378,2026-07-07T00:13:44.298001+00:00,156.9,12,ask,,,10116205
2026-07-07T00:13:44.794362,2026-07-07T00:13:44.805287+00:00,156.9,188,ask,,,10116208
2026-07-07T00:13:45.164798,2026-07-07T00:13:45.168691+00:00,156.9,46,bid,,,10116215
2026-07-07T00:13:46.697373,2026-07-07T00:13:46.704429+00:00,156.8,200,ask,,,10116238
2026-07-07T00:13:50.643652,2026-07-07T00:13:50.658577+00:00,157.0,200,bid,,,10116285
2026-07-07T00:13:51.525331,2026-07-07T00:13:51.533567+00:00,157.0,200,ask,,,10116294
2026-07-07T00:13:53.978993,2026-07-07T00:13:53.990376+00:00,157.0,20,ask,,,10116318
2026-07-07T00:13:55.880070,2026-07-07T00:13:55.888953+00:00,157.2,200,bid,,,10116346
2026-07-07T00:14:02.407715,2026-07-07T00:14:02.416546+00:00,157.3,200,ask,,,10116408
2026-07-07T00:14:04.823369,2026-07-07T00:14:04.832643+00:00,157.3,200,ask,,,10116436
2026-07-07T00:14:05.997715,2026-07-07T00:14:06.001459+00:00,157.2,34,ask,,,10116454
2026-07-07T00:14:07.251359,2026-07-07T00:14:07.255610+00:00,157.3,12,ask,,,10116478
2026-07-07T00:14:08.464094,2026-07-07T00:14:08.467694+00:00,157.4,11,ask,,,10116493
2026-07-07T00:14:08.966844,2026-07-07T00:14:08.976146+00:00,157.4,189,ask,,,10116498
2026-07-07T00:14:12.085415,2026-07-07T00:14:12.092032+00:00,157.4,200,ask,,,10116538
2026-07-07T00:14:14.200776,2026-07-07T00:14:14.208005+00:00,157.4,200,bid,,,10116567
2026-07-07T00:14:15.477600,2026-07-07T00:14:15.481265+00:00,157.4,6,ask,,,10116584
2026-07-07T00:14:16.157033,2026-07-07T00:14:16.158564+00:00,157.3,20,ask,,,10116592
2026-07-07T00:14:16.776422,2026-07-07T00:14:16.780019+00:00,157.4,6,bid,,,10116601
2026-07-07T00:14:16.818479,2026-07-07T00:14:16.829756+00:00,157.3,180,ask,,,10116602
2026-07-07T00:14:19.362304,2026-07-07T00:14:19.369048+00:00,157.4,200,bid,,,10116630
2026-07-07T00:14:23.001544,2026-07-07T00:14:23.058622+00:00,157.4,200,ask,,,10116674
2026-07-07T00:14:23.012018,2026-07-07T00:14:23.069090+00:00,157.4,20,ask,,,10116675
2026-07-07T00:14:24.211509,2026-07-07T00:14:24.219097+00:00,157.5,200,ask,,,10116692
2026-07-07T00:14:24.691919,2026-07-07T00:14:24.695484+00:00,157.4,11,bid,,,10116698
2026-07-07T00:14:25.989639,2026-07-07T00:14:26.009654+00:00,157.3,200,ask,,,10116718
2026-07-07T00:14:26.006103,2026-07-07T00:14:26.009654+00:00,157.3,12,bid,,,10116720
2026-07-07T00:14:27.286505,2026-07-07T00:14:27.298327+00:00,157.1,20,ask,,,10116736
2026-07-07T00:14:29.369611,2026-07-07T00:14:29.373385+00:00,157.3,11,bid,,,10116768
2026-07-07T00:14:30.262568,2026-07-07T00:14:30.269371+00:00,157.2,200,ask,,,10116779
2026-07-07T00:14:30.784170,2026-07-07T00:14:30.794988+00:00,157.2,425,ask,,,10116784
2026-07-07T00:14:30.837848,2026-07-07T00:14:30.841288+00:00,157.2,11,bid,,,10116788
2026-07-07T00:14:31.238819,2026-07-07T00:14:31.242520+00:00,157.1,12,bid,,,10116793
2026-07-07T00:14:31.467869,2026-07-07T00:14:31.474174+00:00,157.1,200,bid,,,10116794
2026-07-07T00:14:34.422534,2026-07-07T00:14:34.433937+00:00,157.0,500,ask,,,10116834
2026-07-07T00:14:35.097486,2026-07-07T00:14:35.105523+00:00,157.1,200,bid,,,10116840
2026-07-07T00:14:36.833849,2026-07-07T00:14:36.841390+00:00,156.9,200,ask,,,10116867
2026-07-07T00:14:37.119012,2026-07-07T00:14:37.130917+00:00,156.9,20,bid,,,10116872
2026-07-07T00:14:40.139285,2026-07-07T00:14:40.146847+00:00,156.9,20,ask,,,10116906
2026-07-07T00:14:42.998742,2026-07-07T00:14:43.058643+00:00,156.9,200,bid,,,10116950
2026-07-07T00:14:43.931903,2026-07-07T00:14:43.935499+00:00,156.9,23,ask,,,10116966
2026-07-07T00:14:47.723171,2026-07-07T00:14:47.730944+00:00,156.9,500,bid,,,10117015
2026-07-07T00:14:48.320044,2026-07-07T00:14:48.328744+00:00,156.9,200,bid,,,10117027
2026-07-07T00:14:49.559866,2026-07-07T00:14:49.566806+00:00,157.0,200,bid,,,10117044
2026-07-07T00:14:53.478735,2026-07-07T00:14:53.497472+00:00,156.8,200,ask,,,10117090
2026-07-07T00:14:53.494238,2026-07-07T00:14:53.497472+00:00,156.8,11,bid,,,10117092
2026-07-07T00:14:53.674187,2026-07-07T00:14:53.685761+00:00,156.7,20,ask,,,10117096
2026-07-07T00:14:54.907142,2026-07-07T00:14:54.915870+00:00,156.6,20,ask,,,10117106
2026-07-07T00:14:55.614705,2026-07-07T00:14:55.621534+00:00,156.8,500,bid,,,10117122
2026-07-07T00:14:56.207414,2026-07-07T00:14:56.215977+00:00,156.9,200,bid,,,10117128
2026-07-07T00:14:57.435542,2026-07-07T00:14:57.444063+00:00,156.9,500,ask,,,10117141
2026-07-07T00:14:58.017719,2026-07-07T00:14:58.069554+00:00,156.9,125,bid,,,10117155
2026-07-07T00:14:58.017719,2026-07-07T00:14:58.069554+00:00,157.0,200,bid,,,10117156
2026-07-07T00:15:00.056486,2026-07-07T00:15:00.058555+00:00,157.0,500,ask,,,10117185
2026-07-07T00:15:00.056486,2026-07-07T00:15:00.069497+00:00,156.9,125,ask,,,10117186
2026-07-07T00:15:00.538863,2026-07-07T00:15:00.542443+00:00,157.0,12,bid,,,10117193
2026-07-07T00:15:02.690827,2026-07-07T00:15:02.699261+00:00,157.1,500,ask,,,10117223
2026-07-07T00:15:02.863464,2026-07-07T00:15:02.869783+00:00,157.0,125,bid,,,10117227
2026-07-07T00:15:03.811967,2026-07-07T00:15:03.823658+00:00,157.2,20,bid,,,10117239
2026-07-07T00:15:04.075756,2026-07-07T00:15:04.083796+00:00,157.2,180,bid,,,10117241
2026-07-07T00:15:06.021425,2026-07-07T00:15:06.025102+00:00,157.3,23,bid,,,10117265
2026-07-07T00:15:06.616392,2026-07-07T00:15:06.626951+00:00,157.2,500,ask,,,10117278
2026-07-07T00:15:06.616392,2026-07-07T00:15:06.626951+00:00,157.2,125,ask,,,10117279
2026-07-07T00:15:11.330515,2026-07-07T00:15:11.339736+00:00,157.4,200,bid,,,10117335
2026-07-07T00:15:11.330515,2026-07-07T00:15:11.339736+00:00,157.4,300,bid,,,10117336
2026-07-07T00:15:11.928001,2026-07-07T00:15:11.937201+00:00,157.4,200,bid,,,10117350
2026-07-07T00:15:13.859856,2026-07-07T00:15:13.863452+00:00,157.4,11,bid,,,10117370
2026-07-07T00:15:14.471085,2026-07-07T00:15:14.478498+00:00,157.4,189,bid,,,10117377
2026-07-07T00:15:15.052971,2026-07-07T00:15:15.058555+00:00,157.5,200,ask,,,10117382
2026-07-07T00:15:18.250006,2026-07-07T00:15:18.261768+00:00,157.3,20,ask,,,10117426
2026-07-07T00:15:19.388518,2026-07-07T00:15:19.398245+00:00,157.2,20,ask,,,10117442
2026-07-07T00:15:19.898152,2026-07-07T00:15:19.904792+00:00,157.1,200,ask,,,10117446
2026-07-07T00:15:20.331263,2026-07-07T00:15:20.358629+00:00,157.1,20,ask,,,10117447
2026-07-07T00:15:21.632699,2026-07-07T00:15:21.641297+00:00,157.2,500,bid,,,10117459
2026-07-07T00:15:22.229321,2026-07-07T00:15:22.240154+00:00,157.2,125,bid,,,10117463
2026-07-07T00:15:22.229321,2026-07-07T00:15:22.240154+00:00,157.2,200,bid,,,10117464
2026-07-07T00:15:24.044823,2026-07-07T00:15:24.058608+00:00,157.4,500,bid,,,10117487
2026-07-07T00:15:24.640633,2026-07-07T00:15:24.651077+00:00,157.4,125,bid,,,10117493
2026-07-07T00:15:24.640633,2026-07-07T00:15:24.651077+00:00,157.5,200,bid,,,10117494
2026-07-07T00:15:24.669768,2026-07-07T00:15:24.673692+00:00,157.5,11,ask,,,10117496
2026-07-07T00:15:24.739100,2026-07-07T00:15:24.746015+00:00,157.5,164,ask,,,10117497
2026-07-07T00:15:24.937143,2026-07-07T00:15:24.947300+00:00,157.5,36,bid,,,10117499
2026-07-07T00:15:27.162625,2026-07-07T00:15:27.169672+00:00,157.5,200,ask,,,10117526
2026-07-07T00:15:29.472632,2026-07-07T00:15:29.476264+00:00,157.6,11,bid,,,10117548
2026-07-07T00:15:29.495065,2026-07-07T00:15:29.507356+00:00,157.6,189,bid,,,10117549
2026-07-07T00:15:30.103671,2026-07-07T00:15:30.112161+00:00,157.7,500,bid,,,10117556
2026-07-07T00:15:30.173315,2026-07-07T00:15:30.180168+00:00,157.8,200,bid,,,10117560
2026-07-07T00:15:31.334332,2026-07-07T00:15:31.338441+00:00,157.9,3,bid,,,10117570
2026-07-07T00:15:32.587385,2026-07-07T00:15:32.595010+00:00,158.0,20,bid,,,10117590
2026-07-07T00:15:32.796063,2026-07-07T00:15:32.803407+00:00,158.0,200,bid,,,10117591
2026-07-07T00:15:33.218188,2026-07-07T00:15:33.229661+00:00,158.1,200,ask,,,10117596
2026-07-07T00:15:34.357140,2026-07-07T00:15:34.365364+00:00,158.1,20,bid,,,10117602
2026-07-07T00:15:35.050544,2026-07-07T00:15:35.065083+00:00,158.1,20,bid,,,10117615
2026-07-07T00:15:39.355034,2026-07-07T00:15:39.358472+00:00,158.1,3,ask,,,10117670
2026-07-07T00:15:40.479185,2026-07-07T00:15:40.488942+00:00,158.1,200,ask,,,10117688
2026-07-07T00:15:41.687076,2026-07-07T00:15:41.700323+00:00,158.0,200,ask,,,10117701
2026-07-07T00:15:45.423155,2026-07-07T00:15:45.434882+00:00,157.9,20,bid,,,10117747
2026-07-07T00:15:48.501510,2026-07-07T00:15:48.512445+00:00,157.8,200,bid,,,10117781
2026-07-07T00:15:50.713386,2026-07-07T00:15:50.725123+00:00,157.7,20,ask,,,10117816
2026-07-07T00:15:52.618810,2026-07-07T00:15:52.622969+00:00,157.9,3,bid,,,10117847
2026-07-07T00:16:02.277207,2026-07-07T00:16:02.284696+00:00,157.8,200,bid,,,10117979
2026-07-07T00:16:03.487549,2026-07-07T00:16:03.496376+00:00,157.8,200,ask,,,10117993
2026-07-07T00:16:05.563702,2026-07-07T00:16:05.570401+00:00,157.8,200,bid,,,10118016
2026-07-07T00:16:05.904218,2026-07-07T00:16:05.911271+00:00,157.8,200,ask,,,10118018
2026-07-07T00:16:07.112315,2026-07-07T00:16:07.120048+00:00,157.6,200,ask,,,10118036
2026-07-07T00:16:09.391440,2026-07-07T00:16:09.395394+00:00,157.5,37,ask,,,10118064
2026-07-07T00:16:11.304879,2026-07-07T00:16:11.309085+00:00,157.6,12,ask,,,10118078
2026-07-07T00:16:12.115071,2026-07-07T00:16:12.121929+00:00,157.6,200,bid,,,10118093
2026-07-07T00:16:12.132524,2026-07-07T00:16:12.136228+00:00,157.7,1,ask,,,10118095
2026-07-07T00:16:12.516174,2026-07-07T00:16:12.519571+00:00,157.9,1,bid,,,10118100
2026-07-07T00:16:13.161427,2026-07-07T00:16:13.169434+00:00,157.7,200,ask,,,10118108
2026-07-07T00:16:13.426434,2026-07-07T00:16:13.436503+00:00,157.6,500,ask,,,10118111
2026-07-07T00:16:13.442196,2026-07-07T00:16:13.445598+00:00,157.6,35,bid,,,10118113
2026-07-07T00:16:13.688265,2026-07-07T00:16:13.696282+00:00,157.6,90,bid,,,10118120
2026-07-07T00:16:13.843637,2026-07-07T00:16:13.847424+00:00,157.6,35,ask,,,10118127
2026-07-07T00:16:14.732465,2026-07-07T00:16:14.750581+00:00,157.7,200,bid,,,10118139
2026-07-07T00:16:14.747010,2026-07-07T00:16:14.750581+00:00,157.8,1,ask,,,10118141
2026-07-07T00:16:20.989667,2026-07-07T00:16:21.003089+00:00,158.0,20,bid,,,10118219
2026-07-07T00:16:21.995684,2026-07-07T00:16:22.000031+00:00,158.0,1,bid,,,10118236
2026-07-07T00:16:22.594222,2026-07-07T00:16:22.600647+00:00,158.0,200,bid,,,10118245
2026-07-07T00:16:25.164708,2026-07-07T00:16:25.168645+00:00,158.0,12,bid,,,10118279
2026-07-07T00:16:25.271913,2026-07-07T00:16:25.278500+00:00,157.9,200,ask,,,10118282
2026-07-07T00:16:26.526600,2026-07-07T00:16:26.534012+00:00,158.0,200,bid,,,10118301
2026-07-07T00:16:27.693516,2026-07-07T00:16:27.703614+00:00,158.0,200,ask,,,10118312
2026-07-07T00:16:31.495714,2026-07-07T00:16:31.499264+00:00,158.0,23,bid,,,10118360
2026-07-07T00:16:32.559374,2026-07-07T00:16:32.563088+00:00,157.9,11,bid,,,10118369
2026-07-07T00:16:34.320124,2026-07-07T00:16:34.326718+00:00,157.8,500,ask,,,10118390
2026-07-07T00:16:34.425723,2026-07-07T00:16:34.429516+00:00,157.7,3,bid,,,10118393
2026-07-07T00:16:36.173665,2026-07-07T00:16:36.184119+00:00,157.7,20,bid,,,10118417
2026-07-07T00:16:38.333310,2026-07-07T00:16:38.344867+00:00,157.6,200,bid,,,10118442
2026-07-07T00:16:38.596945,2026-07-07T00:16:38.604406+00:00,157.7,200,ask,,,10118447
2026-07-07T00:16:44.650702,2026-07-07T00:16:44.658548+00:00,157.9,200,bid,,,10118526
2026-07-07T00:16:45.860699,2026-07-07T00:16:45.868484+00:00,157.8,200,bid,,,10118544
2026-07-07T00:16:49.100689,2026-07-07T00:16:49.112367+00:00,157.6,20,ask,,,10118588
2026-07-07T00:16:50.159433,2026-07-07T00:16:50.162715+00:00,157.8,14,ask,,,10118601
2026-07-07T00:16:56.182205,2026-07-07T00:16:56.194006+00:00,158.0,20,bid,,,10118678
2026-07-07T00:16:57.968211,2026-07-07T00:16:57.978060+00:00,157.8,200,ask,,,10118707
2026-07-07T00:17:00.384684,2026-07-07T00:17:00.391617+00:00,157.8,200,bid,,,10118744
2026-07-07T00:17:02.819355,2026-07-07T00:17:02.822853+00:00,157.8,12,ask,,,10118770
2026-07-07T00:17:03.270896,2026-07-07T00:17:03.274823+00:00,157.9,11,ask,,,10118776
2026-07-07T00:17:05.768072,2026-07-07T00:17:05.779414+00:00,158.1,20,bid,,,10118808
2026-07-07T00:17:07.196665,2026-07-07T00:17:07.203404+00:00,158.0,200,ask,,,10118827
2026-07-07T00:17:11.272516,2026-07-07T00:17:11.279523+00:00,157.9,200,ask,,,10118877
2026-07-07T00:17:11.829613,2026-07-07T00:17:11.841033+00:00,158.2,20,bid,,,10118884
2026-07-07T00:17:14.897154,2026-07-07T00:17:14.905707+00:00,158.0,200,bid,,,10118926
2026-07-07T00:17:18.981607,2026-07-07T00:17:18.984805+00:00,157.9,46,ask,,,10118981
2026-07-07T00:17:19.058549,2026-07-07T00:17:19.069341+00:00,158.0,200,bid,,,10118983
2026-07-07T00:17:19.058549,2026-07-07T00:17:19.069341+00:00,158.0,300,bid,,,10118984
2026-07-07T00:17:19.655971,2026-07-07T00:17:19.658546+00:00,158.0,325,bid,,,10118995
2026-07-07T00:17:19.681677,2026-07-07T00:17:19.685094+00:00,158.0,11,ask,,,10118997
2026-07-07T00:17:19.722888,2026-07-07T00:17:19.730452+00:00,158.0,164,ask,,,10118998
2026-07-07T00:17:20.288004,2026-07-07T00:17:20.296205+00:00,157.9,36,bid,,,10119004
2026-07-07T00:17:20.930846,2026-07-07T00:17:20.941666+00:00,158.0,200,ask,,,10119010
2026-07-07T00:17:23.409501,2026-07-07T00:17:23.413243+00:00,158.0,11,bid,,,10119046
2026-07-07T00:17:23.867769,2026-07-07T00:17:23.879631+00:00,158.0,20,bid,,,10119053
2026-07-07T00:17:24.215654,2026-07-07T00:17:24.221993+00:00,158.0,169,bid,,,10119060
2026-07-07T00:17:28.176471,2026-07-07T00:17:28.184879+00:00,158.0,200,ask,,,10119114
2026-07-07T00:17:28.183952,2026-07-07T00:17:28.199953+00:00,158.0,200,bid,,,10119115
2026-07-07T00:17:28.196434,2026-07-07T00:17:28.199953+00:00,158.0,12,bid,,,10119118
2026-07-07T00:17:29.408645,2026-07-07T00:17:29.412468+00:00,157.9,12,ask,,,10119136
2026-07-07T00:17:31.815635,2026-07-07T00:17:31.825040+00:00,158.1,200,bid,,,10119159
2026-07-07T00:17:33.814563,2026-07-07T00:17:33.826124+00:00,158.1,20,ask,,,10119185
2026-07-07T00:17:35.421980,2026-07-07T00:17:35.429948+00:00,158.1,200,ask,,,10119199
2026-07-07T00:17:35.421980,2026-07-07T00:17:35.429948+00:00,158.1,300,ask,,,10119200
2026-07-07T00:17:36.018837,2026-07-07T00:17:36.026102+00:00,158.1,325,ask,,,10119214
2026-07-07T00:17:36.018837,2026-07-07T00:17:36.031344+00:00,158.0,175,ask,,,10119215
2026-07-07T00:17:36.643307,2026-07-07T00:17:36.647605+00:00,157.9,12,bid,,,10119223
2026-07-07T00:17:36.672089,2026-07-07T00:17:36.678411+00:00,157.9,200,bid,,,10119224
2026-07-07T00:17:37.151364,2026-07-07T00:17:37.163632+00:00,157.8,20,ask,,,10119230
2026-07-07T00:17:37.233839,2026-07-07T00:17:37.244300+00:00,157.8,500,ask,,,10119233
2026-07-07T00:17:37.394206,2026-07-07T00:17:37.397871+00:00,157.7,11,bid,,,10119237
2026-07-07T00:17:37.881511,2026-07-07T00:17:37.888714+00:00,157.7,200,bid,,,10119246
2026-07-07T00:17:39.091425,2026-07-07T00:17:39.100040+00:00,157.7,200,bid,,,10119255
2026-07-07T00:17:39.277490,2026-07-07T00:17:39.281771+00:00,157.5,11,ask,,,10119258
2026-07-07T00:17:40.019859,2026-07-07T00:17:40.023479+00:00,157.7,23,ask,,,10119274
2026-07-07T00:17:40.320237,2026-07-07T00:17:40.324374+00:00,157.8,6,ask,,,10119278
2026-07-07T00:17:43.281312,2026-07-07T00:17:43.288093+00:00,157.8,200,ask,,,10119315
2026-07-07T00:17:43.300148,2026-07-07T00:17:43.303716+00:00,157.8,6,bid,,,10119318
2026-07-07T00:17:43.792923,2026-07-07T00:17:43.800313+00:00,157.8,20,bid,,,10119326
2026-07-07T00:17:44.337519,2026-07-07T00:17:44.341671+00:00,157.7,6,ask,,,10119334
2026-07-07T00:17:47.574071,2026-07-07T00:17:47.583853+00:00,157.7,200,bid,,,10119393
2026-07-07T00:17:49.993963,2026-07-07T00:17:50.000957+00:00,157.8,200,bid,,,10119422
2026-07-07T00:17:51.218099,2026-07-07T00:17:51.226432+00:00,157.8,200,ask,,,10119438
2026-07-07T00:17:53.165464,2026-07-07T00:17:53.169475+00:00,157.9,6,bid,,,10119471
2026-07-07T00:17:54.017822,2026-07-07T00:17:54.029564+00:00,157.9,20,bid,,,10119484
2026-07-07T00:17:54.838668,2026-07-07T00:17:54.846432+00:00,157.9,200,bid,,,10119494
2026-07-07T00:17:57.253852,2026-07-07T00:17:57.263807+00:00,158.0,200,bid,,,10119526
2026-07-07T00:17:58.481625,2026-07-07T00:17:58.485320+00:00,158.1,6,ask,,,10119540
2026-07-07T00:18:02.320056,2026-07-07T00:18:02.331891+00:00,158.1,20,ask,,,10119593
2026-07-07T00:18:03.290704,2026-07-07T00:18:03.299323+00:00,158.1,180,ask,,,10119605
2026-07-07T00:18:03.290704,2026-07-07T00:18:03.299323+00:00,158.1,320,ask,,,10119606
2026-07-07T00:18:03.308390,2026-07-07T00:18:03.315086+00:00,158.1,200,ask,,,10119607
2026-07-07T00:18:03.390430,2026-07-07T00:18:03.401851+00:00,158.1,20,ask,,,10119608
2026-07-07T00:18:03.611728,2026-07-07T00:18:03.615397+00:00,157.9,29,bid,,,10119611
2026-07-07T00:18:04.516513,2026-07-07T00:18:04.526005+00:00,157.9,200,bid,,,10119621
2026-07-07T00:18:05.734491,2026-07-07T00:18:05.741761+00:00,157.9,200,bid,,,10119643
2026-07-07T00:18:06.508697,2026-07-07T00:18:06.512392+00:00,157.8,23,ask,,,10119656
2026-07-07T00:18:06.945208,2026-07-07T00:18:06.941143+00:00,158.0,200,bid,,,10119661
2026-07-07T00:18:07.541603,2026-07-07T00:18:07.544947+00:00,157.9,6,ask,,,10119672
2026-07-07T00:18:08.174716,2026-07-07T00:18:08.178166+00:00,158.0,6,bid,,,10119681
2026-07-07T00:18:09.763933,2026-07-07T00:18:09.775708+00:00,157.8,20,ask,,,10119703
2026-07-07T00:18:10.591100,2026-07-07T00:18:10.599116+00:00,157.9,200,ask,,,10119715
2026-07-07T00:18:14.067419,2026-07-07T00:18:14.074410+00:00,157.8,200,ask,,,10119756
2026-07-07T00:18:14.085390,2026-07-07T00:18:14.089021+00:00,157.8,11,bid,,,10119758
2026-07-07T00:18:14.218899,2026-07-07T00:18:14.225693+00:00,157.8,200,bid,,,10119760
2026-07-07T00:18:15.432807,2026-07-07T00:18:15.458819+00:00,157.8,200,ask,,,10119775
2026-07-07T00:18:16.641448,2026-07-07T00:18:16.663986+00:00,157.8,200,ask,,,10119790
2026-07-07T00:18:17.177475,2026-07-07T00:18:17.181343+00:00,158.0,12,bid,,,10119793
2026-07-07T00:18:17.848791,2026-07-07T00:18:17.869107+00:00,157.8,200,ask,,,10119812
2026-07-07T00:18:18.065063,2026-07-07T00:18:18.068787+00:00,157.8,22,bid,,,10119818
2026-07-07T00:18:19.322614,2026-07-07T00:18:19.326340+00:00,157.7,11,ask,,,10119837
2026-07-07T00:18:20.165979,2026-07-07T00:18:20.177378+00:00,157.8,20,bid,,,10119856
2026-07-07T00:18:20.266948,2026-07-07T00:18:20.274797+00:00,157.7,200,ask,,,10119858
2026-07-07T00:18:23.245741,2026-07-07T00:18:23.249918+00:00,157.7,11,bid,,,10119899
2026-07-07T00:18:25.315908,2026-07-07T00:18:25.327356+00:00,157.5,20,ask,,,10119937
2026-07-07T00:18:30.467091,2026-07-07T00:18:30.478866+00:00,157.6,20,ask,,,10120004
2026-07-07T00:18:31.770214,2026-07-07T00:18:31.773608+00:00,157.7,12,bid,,,10120026
2026-07-07T00:18:32.406135,2026-07-07T00:18:32.422974+00:00,157.5,200,ask,,,10120035
2026-07-07T00:18:32.419284,2026-07-07T00:18:32.422974+00:00,157.5,23,bid,,,10120037
2026-07-07T00:18:37.270579,2026-07-07T00:18:37.274240+00:00,157.5,12,ask,,,10120102
2026-07-07T00:18:38.964588,2026-07-07T00:18:38.968263+00:00,157.5,12,bid,,,10120122
2026-07-07T00:18:39.676727,2026-07-07T00:18:39.685118+00:00,157.5,200,bid,,,10120129
2026-07-07T00:18:40.249356,2026-07-07T00:18:40.252834+00:00,157.4,11,bid,,,10120140
2026-07-07T00:18:40.265698,2026-07-07T00:18:40.273747+00:00,157.4,489,bid,,,10120143
2026-07-07T00:18:40.831516,2026-07-07T00:18:40.842744+00:00,157.6,136,ask,,,10120152
2026-07-07T00:18:42.882692,2026-07-07T00:18:42.890375+00:00,157.4,200,bid,,,10120177
2026-07-07T00:18:47.040492,2026-07-07T00:18:47.064003+00:00,157.4,20,bid,,,10120238
2026-07-07T00:18:47.596496,2026-07-07T00:18:47.600117+00:00,157.4,3,bid,,,10120251
2026-07-07T00:18:53.005754,2026-07-07T00:18:53.001131+00:00,157.4,200,bid,,,10120329
2026-07-07T00:18:54.215602,2026-07-07T00:18:54.222158+00:00,157.4,200,bid,,,10120340
2026-07-07T00:18:55.426105,2026-07-07T00:18:55.434105+00:00,157.5,200,bid,,,10120355
2026-07-07T00:18:56.629038,2026-07-07T00:18:56.640812+00:00,157.4,20,ask,,,10120366
2026-07-07T00:19:02.531055,2026-07-07T00:19:02.540772+00:00,157.4,200,ask,,,10120447
2026-07-07T00:19:02.694210,2026-07-07T00:19:02.703732+00:00,157.3,200,bid,,,10120452
2026-07-07T00:19:05.181400,2026-07-07T00:19:05.191897+00:00,157.3,200,bid,,,10120494
2026-07-07T00:19:07.912360,2026-07-07T00:19:07.923972+00:00,157.3,20,ask,,,10120528
2026-07-07T00:19:15.674390,2026-07-07T00:19:15.677561+00:00,157.5,3,bid,,,10120622
2026-07-07T00:19:18.277511,2026-07-07T00:19:18.284211+00:00,157.4,200,bid,,,10120646
2026-07-07T00:19:18.396945,2026-07-07T00:19:18.406997+00:00,157.4,200,ask,,,10120648
2026-07-07T00:19:19.607540,2026-07-07T00:19:19.614293+00:00,157.2,200,ask,,,10120669
2026-07-07T00:19:20.033620,2026-07-07T00:19:20.045481+00:00,157.2,20,ask,,,10120670
2026-07-07T00:19:23.516964,2026-07-07T00:19:23.524188+00:00,157.3,200,ask,,,10120712
2026-07-07T00:19:25.590296,2026-07-07T00:19:25.593757+00:00,157.2,3,ask,,,10120731
2026-07-07T00:19:26.135155,2026-07-07T00:19:26.144753+00:00,157.1,200,ask,,,10120748
2026-07-07T00:19:30.513956,2026-07-07T00:19:30.525127+00:00,157.1,200,ask,,,10120804
2026-07-07T00:19:31.373933,2026-07-07T00:19:31.384819+00:00,157.2,500,ask,,,10120817
2026-07-07T00:19:31.673326,2026-07-07T00:19:31.680017+00:00,157.2,125,bid,,,10120819
2026-07-07T00:19:31.722733,2026-07-07T00:19:31.733177+00:00,157.2,200,ask,,,10120822
2026-07-07T00:19:32.930071,2026-07-07T00:19:32.938274+00:00,157.3,200,ask,,,10120837
2026-07-07T00:19:34.146489,2026-07-07T00:19:34.164276+00:00,157.4,200,ask,,,10120856
2026-07-07T00:19:35.355464,2026-07-07T00:19:35.365007+00:00,157.4,200,ask,,,10120867
2026-07-07T00:19:36.568509,2026-07-07T00:19:36.578746+00:00,157.4,200,ask,,,10120877
2026-07-07T00:19:37.136156,2026-07-07T00:19:37.143507+00:00,157.3,20,ask,,,10120879
2026-07-07T00:19:37.778932,2026-07-07T00:19:37.786745+00:00,157.3,200,ask,,,10120894
2026-07-07T00:19:38.331647,2026-07-07T00:19:38.340081+00:00,157.4,500,bid,,,10120899
2026-07-07T00:19:39.238979,2026-07-07T00:19:39.250802+00:00,157.4,20,bid,,,10120914
2026-07-07T00:19:39.537940,2026-07-07T00:19:39.545871+00:00,157.4,180,bid,,,10120915
2026-07-07T00:19:40.531200,2026-07-07T00:19:40.538612+00:00,157.5,500,ask,,,10120932
2026-07-07T00:19:42.571037,2026-07-07T00:19:42.577605+00:00,157.6,200,bid,,,10120966
2026-07-07T00:19:42.617398,2026-07-07T00:19:42.627245+00:00,157.6,200,ask,,,10120967
2026-07-07T00:19:45.766382,2026-07-07T00:19:45.777086+00:00,157.6,200,ask,,,10121008
2026-07-07T00:19:46.939221,2026-07-07T00:19:46.950840+00:00,157.4,20,ask,,,10121029
2026-07-07T00:19:47.452824,2026-07-07T00:19:47.458590+00:00,157.6,200,bid,,,10121032
2026-07-07T00:19:51.002432,2026-07-07T00:19:51.048875+00:00,157.6,200,ask,,,10121080
2026-07-07T00:19:51.045209,2026-07-07T00:19:51.048875+00:00,157.5,3,bid,,,10121083
2026-07-07T00:19:53.630877,2026-07-07T00:19:53.634149+00:00,157.4,11,bid,,,10121118
2026-07-07T00:19:54.929333,2026-07-07T00:19:54.938244+00:00,157.3,200,ask,,,10121132
2026-07-07T00:19:55.920532,2026-07-07T00:19:55.931208+00:00,157.3,200,bid,,,10121142
2026-07-07T00:19:56.250343,2026-07-07T00:19:56.253962+00:00,157.2,11,ask,,,10121151
2026-07-07T00:19:56.778832,2026-07-07T00:19:56.790822+00:00,157.2,20,ask,,,10121157
2026-07-07T00:19:57.549714,2026-07-07T00:19:57.558604+00:00,157.2,200,ask,,,10121171
2026-07-07T00:20:00.530725,2026-07-07T00:20:00.542709+00:00,157.1,20,ask,,,10121221
2026-07-07T00:20:03.180226,2026-07-07T00:20:03.189054+00:00,157.3,200,bid,,,10121264
2026-07-07T00:20:06.183159,2026-07-07T00:20:06.190660+00:00,157.2,200,bid,,,10121308
2026-07-07T00:20:06.204428,2026-07-07T00:20:06.208190+00:00,157.2,3,ask,,,10121310
2026-07-07T00:20:06.480115,2026-07-07T00:20:06.498590+00:00,157.3,20,bid,,,10121320
2026-07-07T00:20:06.711235,2026-07-07T00:20:06.722437+00:00,157.2,297,ask,,,10121324
2026-07-07T00:20:06.778345,2026-07-07T00:20:06.787965+00:00,157.1,328,bid,,,10121326
2026-07-07T00:20:06.867184,2026-07-07T00:20:06.878130+00:00,157.2,172,ask,,,10121330
2026-07-07T00:20:10.424898,2026-07-07T00:20:10.431325+00:00,157.2,200,bid,,,10121369
2026-07-07T00:20:10.424898,2026-07-07T00:20:10.436774+00:00,157.2,300,bid,,,10121370
2026-07-07T00:20:11.024333,2026-07-07T00:20:11.032298+00:00,157.1,500,bid,,,10121376
2026-07-07T00:20:11.625951,2026-07-07T00:20:11.632585+00:00,157.1,125,bid,,,10121387
2026-07-07T00:20:11.625951,2026-07-07T00:20:11.637613+00:00,157.2,200,bid,,,10121388
2026-07-07T00:20:11.665174,2026-07-07T00:20:11.668571+00:00,157.2,14,ask,,,10121394
2026-07-07T00:20:11.937660,2026-07-07T00:20:11.956268+00:00,157.3,200,bid,,,10121397
2026-07-07T00:20:11.952315,2026-07-07T00:20:11.956268+00:00,157.3,12,ask,,,10121399
2026-07-07T00:20:12.248176,2026-07-07T00:20:12.251530+00:00,157.4,11,ask,,,10121405
2026-07-07T00:20:12.920324,2026-07-07T00:20:12.930217+00:00,157.3,200,ask,,,10121427
2026-07-07T00:20:13.065932,2026-07-07T00:20:13.069581+00:00,157.5,11,bid,,,10121431
2026-07-07T00:20:13.077905,2026-07-07T00:20:13.085276+00:00,157.5,20,bid,,,10121432
2026-07-07T00:20:14.575262,2026-07-07T00:20:14.578834+00:00,157.4,12,bid,,,10121452
2026-07-07T00:20:15.338747,2026-07-07T00:20:15.349646+00:00,157.4,200,bid,,,10121464
2026-07-07T00:20:15.888396,2026-07-07T00:20:15.892825+00:00,157.3,11,bid,,,10121471
2026-07-07T00:20:16.550708,2026-07-07T00:20:16.551169+00:00,157.3,200,bid,,,10121481
2026-07-07T00:20:19.795405,2026-07-07T00:20:19.804821+00:00,157.2,200,ask,,,10121522
2026-07-07T00:20:19.795405,2026-07-07T00:20:19.804821+00:00,157.2,425,ask,,,10121523
2026-07-07T00:20:21.388781,2026-07-07T00:20:21.396137+00:00,157.2,200,bid,,,10121547
2026-07-07T00:20:21.904244,2026-07-07T00:20:21.914673+00:00,157.2,425,bid,,,10121551
2026-07-07T00:20:22.206002,2026-07-07T00:20:22.217632+00:00,157.2,20,ask,,,10121559
2026-07-07T00:20:22.598957,2026-07-07T00:20:22.606334+00:00,157.4,200,ask,,,10121563
2026-07-07T00:20:24.960835,2026-07-07T00:20:24.969315+00:00,157.5,20,bid,,,10121596
2026-07-07T00:20:25.037069,2026-07-07T00:20:25.040610+00:00,157.4,3,bid,,,10121600
2026-07-07T00:20:25.062565,2026-07-07T00:20:25.069390+00:00,157.4,197,bid,,,10121601
2026-07-07T00:20:26.232071,2026-07-07T00:20:26.242835+00:00,157.4,200,ask,,,10121616
2026-07-07T00:20:29.863756,2026-07-07T00:20:29.872032+00:00,157.3,200,ask,,,10121657
2026-07-07T00:20:30.424069,2026-07-07T00:20:30.435692+00:00,157.4,20,ask,,,10121672
2026-07-07T00:20:31.075626,2026-07-07T00:20:31.085103+00:00,157.4,200,ask,,,10121682
2026-07-07T00:20:32.287015,2026-07-07T00:20:32.294424+00:00,157.4,200,ask,,,10121702
2026-07-07T00:20:33.498833,2026-07-07T00:20:33.509174+00:00,157.4,200,ask,,,10121718
2026-07-07T00:20:34.709806,2026-07-07T00:20:34.719268+00:00,157.5,200,ask,,,10121730
2026-07-07T00:20:35.564280,2026-07-07T00:20:35.567813+00:00,157.7,3,ask,,,10121743
2026-07-07T00:20:35.921489,2026-07-07T00:20:35.931373+00:00,157.7,200,ask,,,10121744
2026-07-07T00:20:37.130486,2026-07-07T00:20:37.141778+00:00,157.7,200,ask,,,10121761
2026-07-07T00:20:38.352470,2026-07-07T00:20:38.356210+00:00,157.8,3,bid,,,10121777
2026-07-07T00:20:40.736971,2026-07-07T00:20:40.748781+00:00,157.8,20,bid,,,10121812
2026-07-07T00:20:40.751958,2026-07-07T00:20:40.758630+00:00,157.7,200,ask,,,10121813
2026-07-07T00:20:41.960039,2026-07-07T00:20:41.967271+00:00,157.8,200,ask,,,10121823
2026-07-07T00:20:48.001993,2026-07-07T00:20:48.058656+00:00,157.9,200,bid,,,10121899
2026-07-07T00:20:51.047509,2026-07-07T00:20:51.051113+00:00,157.7,26,ask,,,10121942
2026-07-07T00:20:51.631192,2026-07-07T00:20:51.639423+00:00,158.0,200,bid,,,10121946
2026-07-07T00:20:52.864332,2026-07-07T00:20:52.867940+00:00,157.9,23,ask,,,10121966
2026-07-07T00:20:58.898533,2026-07-07T00:20:58.907004+00:00,158.0,200,bid,,,10122049
2026-07-07T00:21:00.109440,2026-07-07T00:21:00.120983+00:00,158.1,200,bid,,,10122057
2026-07-07T00:21:03.685476,2026-07-07T00:21:03.695108+00:00,158.1,500,bid,,,10122109
2026-07-07T00:21:03.719159,2026-07-07T00:21:03.722656+00:00,158.0,22,ask,,,10122112
2026-07-07T00:21:04.411071,2026-07-07T00:21:04.420057+00:00,158.1,200,bid,,,10122121
2026-07-07T00:21:04.425993,2026-07-07T00:21:04.429702+00:00,158.1,12,ask,,,10122123
2026-07-07T00:21:04.961923,2026-07-07T00:21:04.965824+00:00,158.2,11,ask,,,10122132
2026-07-07T00:21:05.721100,2026-07-07T00:21:05.728344+00:00,158.2,189,ask,,,10122144
2026-07-07T00:21:06.827309,2026-07-07T00:21:06.831192+00:00,158.2,23,bid,,,10122169
2026-07-07T00:21:08.353554,2026-07-07T00:21:08.357548+00:00,158.1,11,bid,,,10122192
2026-07-07T00:21:08.575589,2026-07-07T00:21:08.583508+00:00,158.1,200,bid,,,10122196
2026-07-07T00:21:09.787982,2026-07-07T00:21:09.799474+00:00,158.0,200,ask,,,10122217
2026-07-07T00:21:10.995572,2026-07-07T00:21:11.007061+00:00,158.0,200,ask,,,10122238
2026-07-07T00:21:11.189101,2026-07-07T00:21:11.200745+00:00,158.2,20,bid,,,10122242
2026-07-07T00:21:12.205330,2026-07-07T00:21:12.213776+00:00,158.0,200,ask,,,10122248
2026-07-07T00:21:12.774802,2026-07-07T00:21:12.782601+00:00,158.0,500,bid,,,10122249
2026-07-07T00:21:13.370677,2026-07-07T00:21:13.379720+00:00,158.0,125,bid,,,10122258
2026-07-07T00:21:13.413372,2026-07-07T00:21:13.423625+00:00,158.0,200,ask,,,10122262
2026-07-07T00:21:16.315146,2026-07-07T00:21:16.319284+00:00,158.1,23,bid,,,10122300
2026-07-07T00:21:19.701605,2026-07-07T00:21:19.713321+00:00,158.1,20,bid,,,10122344
2026-07-07T00:21:20.116757,2026-07-07T00:21:20.123609+00:00,158.0,500,ask,,,10122350
2026-07-07T00:21:20.116757,2026-07-07T00:21:20.128807+00:00,157.9,125,ask,,,10122351
2026-07-07T00:21:22.708704,2026-07-07T00:21:22.720207+00:00,158.0,20,ask,,,10122385
2026-07-07T00:21:23.147544,2026-07-07T00:21:23.163834+00:00,158.0,20,ask,,,10122388
2026-07-07T00:21:25.798069,2026-07-07T00:21:25.801685+00:00,158.0,34,bid,,,10122422
2026-07-07T00:21:26.038652,2026-07-07T00:21:26.050243+00:00,158.0,20,bid,,,10122426
2026-07-07T00:21:26.669479,2026-07-07T00:21:26.677332+00:00,158.0,146,bid,,,10122435
2026-07-07T00:21:27.980114,2026-07-07T00:21:27.987116+00:00,158.1,200,ask,,,10122447
2026-07-07T00:21:29.185862,2026-07-07T00:21:29.189373+00:00,158.0,11,ask,,,10122466
2026-07-07T00:21:29.300620,2026-07-07T00:21:29.304121+00:00,158.1,12,ask,,,10122469
2026-07-07T00:21:30.490446,2026-07-07T00:21:30.499082+00:00,158.1,20,ask,,,10122483
2026-07-07T00:21:31.598813,2026-07-07T00:21:31.605141+00:00,158.1,200,ask,,,10122494
2026-07-07T00:21:38.888950,2026-07-07T00:21:38.892947+00:00,158.1,12,bid,,,10122589
2026-07-07T00:21:39.767269,2026-07-07T00:21:39.774308+00:00,158.1,188,bid,,,10122601
2026-07-07T00:21:40.082985,2026-07-07T00:21:40.101460+00:00,158.1,200,ask,,,10122608
2026-07-07T00:21:40.492978,2026-07-07T00:21:40.504821+00:00,158.4,20,bid,,,10122615
2026-07-07T00:21:42.398408,2026-07-07T00:21:42.402164+00:00,158.2,23,ask,,,10122639
2026-07-07T00:21:43.710519,2026-07-07T00:21:43.719633+00:00,158.2,200,ask,,,10122651
2026-07-07T00:21:45.006701,2026-07-07T00:21:45.017236+00:00,158.2,200,ask,,,10122671
2026-07-07T00:21:46.700469,2026-07-07T00:21:46.713211+00:00,158.1,20,ask,,,10122692
2026-07-07T00:21:48.788130,2026-07-07T00:21:48.797903+00:00,158.0,20,ask,,,10122716
2026-07-07T00:21:50.248592,2026-07-07T00:21:50.263990+00:00,157.9,200,ask,,,10122732
2026-07-07T00:21:50.938837,2026-07-07T00:21:50.946187+00:00,157.9,425,bid,,,10122742
2026-07-07T00:21:54.187634,2026-07-07T00:21:54.195254+00:00,157.8,200,ask,,,10122786
2026-07-07T00:21:54.324363,2026-07-07T00:21:54.327542+00:00,157.7,12,ask,,,10122788
2026-07-07T00:21:54.982739,2026-07-07T00:21:54.993472+00:00,157.7,20,ask,,,10122795
2026-07-07T00:21:58.114486,2026-07-07T00:21:58.158586+00:00,157.6,200,ask,,,10122834
2026-07-07T00:21:58.114486,2026-07-07T00:21:58.158586+00:00,157.6,425,ask,,,10122835
2026-07-07T00:21:58.730017,2026-07-07T00:21:58.734267+00:00,157.7,11,ask,,,10122844
2026-07-07T00:21:59.445324,2026-07-07T00:21:59.468945+00:00,157.8,200,bid,,,10122859
2026-07-07T00:21:59.464742,2026-07-07T00:21:59.468945+00:00,157.8,11,ask,,,10122861
2026-07-07T00:22:04.294326,2026-07-07T00:22:04.306065+00:00,157.8,200,ask,,,10122922
2026-07-07T00:22:06.677363,2026-07-07T00:22:06.684469+00:00,157.8,500,bid,,,10122948
2026-07-07T00:22:06.708632,2026-07-07T00:22:06.716126+00:00,157.8,125,bid,,,10122949
2026-07-07T00:22:07.920434,2026-07-07T00:22:07.931232+00:00,157.9,200,ask,,,10122967
2026-07-07T00:22:09.129391,2026-07-07T00:22:09.140856+00:00,157.7,200,ask,,,10122980
2026-07-07T00:22:10.336101,2026-07-07T00:22:10.343771+00:00,157.8,200,ask,,,10122998
2026-07-07T00:22:13.863752,2026-07-07T00:22:13.866992+00:00,157.9,11,bid,,,10123044
2026-07-07T00:22:13.946496,2026-07-07T00:22:13.957258+00:00,157.7,20,ask,,,10123047
2026-07-07T00:22:15.168209,2026-07-07T00:22:15.179866+00:00,157.9,200,bid,,,10123066
2026-07-07T00:22:16.377754,2026-07-07T00:22:16.385385+00:00,157.9,200,bid,,,10123076
2026-07-07T00:22:18.803920,2026-07-07T00:22:18.813477+00:00,157.8,200,ask,,,10123101
2026-07-07T00:22:19.308481,2026-07-07T00:22:19.320285+00:00,158.1,20,bid,,,10123110
2026-07-07T00:22:19.586049,2026-07-07T00:22:19.590136+00:00,158.1,23,bid,,,10123122
2026-07-07T00:22:20.013488,2026-07-07T00:22:20.028048+00:00,157.8,200,ask,,,10123128
2026-07-07T00:22:20.415951,2026-07-07T00:22:20.419992+00:00,157.9,23,bid,,,10123140
2026-07-07T00:22:20.937792,2026-07-07T00:22:20.949273+00:00,157.8,20,ask,,,10123147
2026-07-07T00:22:22.799959,2026-07-07T00:22:22.804172+00:00,157.8,12,ask,,,10123187
2026-07-07T00:22:23.204763,2026-07-07T00:22:23.216744+00:00,157.8,20,ask,,,10123193
2026-07-07T00:22:23.656604,2026-07-07T00:22:23.657620+00:00,157.8,200,ask,,,10123195
2026-07-07T00:22:25.435323,2026-07-07T00:22:25.442181+00:00,157.9,500,bid,,,10123215
2026-07-07T00:22:28.258186,2026-07-07T00:22:28.268956+00:00,158.0,200,bid,,,10123261
2026-07-07T00:22:28.493946,2026-07-07T00:22:28.502470+00:00,158.1,200,ask,,,10123263
2026-07-07T00:22:29.137428,2026-07-07T00:22:29.141230+00:00,158.3,12,bid,,,10123273
2026-07-07T00:22:29.580398,2026-07-07T00:22:29.583557+00:00,158.0,14,bid,,,10123282
2026-07-07T00:22:29.701469,2026-07-07T00:22:29.710512+00:00,158.0,200,bid,,,10123284
2026-07-07T00:22:32.296450,2026-07-07T00:22:32.300432+00:00,157.9,3,ask,,,10123312
2026-07-07T00:22:33.645119,2026-07-07T00:22:33.658594+00:00,158.1,20,bid,,,10123334
2026-07-07T00:22:34.452334,2026-07-07T00:22:34.463851+00:00,157.9,20,ask,,,10123340
2026-07-07T00:22:38.621089,2026-07-07T00:22:38.624855+00:00,157.9,23,ask,,,10123392
2026-07-07T00:22:40.338491,2026-07-07T00:22:40.348009+00:00,158.0,20,ask,,,10123413
2026-07-07T00:22:44.247761,2026-07-07T00:22:44.251286+00:00,158.1,11,ask,,,10123472
2026-07-07T00:22:46.637708,2026-07-07T00:22:46.641235+00:00,158.3,12,ask,,,10123501
2026-07-07T00:22:46.653200,2026-07-07T00:22:46.658558+00:00,158.3,200,ask,,,10123502
2026-07-07T00:22:50.254619,2026-07-07T00:22:50.263657+00:00,158.4,500,ask,,,10123558
2026-07-07T00:22:51.237343,2026-07-07T00:22:51.241060+00:00,158.5,12,bid,,,10123571
2026-07-07T00:22:51.881493,2026-07-07T00:22:51.885757+00:00,158.4,11,bid,,,10123578
2026-07-07T00:22:53.178465,2026-07-07T00:22:53.181655+00:00,158.3,12,bid,,,10123600
2026-07-07T00:22:55.280716,2026-07-07T00:22:55.289813+00:00,158.1,20,ask,,,10123622
2026-07-07T00:22:57.548728,2026-07-07T00:22:57.558634+00:00,158.2,200,bid,,,10123650
2026-07-07T00:23:01.068587,2026-07-07T00:23:01.079325+00:00,158.3,200,bid,,,10123699
2026-07-07T00:23:01.068587,2026-07-07T00:23:01.079325+00:00,158.3,425,bid,,,10123700
2026-07-07T00:23:02.392752,2026-07-07T00:23:02.400574+00:00,158.4,200,bid,,,10123721
2026-07-07T00:23:03.603555,2026-07-07T00:23:03.610450+00:00,158.2,200,bid,,,10123732
2026-07-07T00:23:03.923119,2026-07-07T00:23:03.926849+00:00,158.3,11,bid,,,10123739
2026-07-07T00:23:04.814337,2026-07-07T00:23:04.825676+00:00,158.3,200,bid,,,10123744
2026-07-07T00:23:05.996160,2026-07-07T00:23:06.003395+00:00,158.2,500,ask,,,10123759
2026-07-07T00:23:06.592951,2026-07-07T00:23:06.600609+00:00,158.1,500,ask,,,10123771
2026-07-07T00:23:07.641728,2026-07-07T00:23:07.648501+00:00,158.0,200,ask,,,10123786
2026-07-07T00:23:07.664467,2026-07-07T00:23:07.667841+00:00,158.0,3,bid,,,10123788
2026-07-07T00:23:08.445755,2026-07-07T00:23:08.458707+00:00,158.0,200,bid,,,10123796
2026-07-07T00:23:09.658663,2026-07-07T00:23:09.665355+00:00,158.0,200,bid,,,10123815
2026-07-07T00:23:11.689187,2026-07-07T00:23:11.706256+00:00,157.8,20,ask,,,10123845
2026-07-07T00:23:12.077667,2026-07-07T00:23:12.088932+00:00,157.9,200,bid,,,10123849
2026-07-07T00:23:13.287004,2026-07-07T00:23:13.294611+00:00,157.9,200,bid,,,10123868
2026-07-07T00:23:13.463991,2026-07-07T00:23:13.467507+00:00,157.7,3,ask,,,10123871
2026-07-07T00:23:14.206937,2026-07-07T00:23:14.210604+00:00,157.8,11,ask,,,10123880
2026-07-07T00:23:14.496317,2026-07-07T00:23:14.505480+00:00,158.0,200,bid,,,10123882
2026-07-07T00:23:15.592346,2026-07-07T00:23:15.604121+00:00,157.8,20,ask,,,10123895
2026-07-07T00:23:15.720353,2026-07-07T00:23:15.723746+00:00,157.9,12,ask,,,10123901
2026-07-07T00:23:16.271269,2026-07-07T00:23:16.279668+00:00,157.9,188,ask,,,10123904
2026-07-07T00:23:18.170830,2026-07-07T00:23:18.174529+00:00,157.7,23,bid,,,10123926
2026-07-07T00:23:19.428816,2026-07-07T00:23:19.435401+00:00,157.7,200,bid,,,10123933
2026-07-07T00:23:22.948184,2026-07-07T00:23:22.952032+00:00,157.8,23,ask,,,10123970
2026-07-07T00:23:23.374938,2026-07-07T00:23:23.378739+00:00,157.9,11,ask,,,10123980
2026-07-07T00:23:24.183770,2026-07-07T00:23:24.195306+00:00,157.9,200,ask,,,10123996
2026-07-07T00:23:26.604064,2026-07-07T00:23:26.612843+00:00,157.9,200,bid,,,10124023
2026-07-07T00:23:27.811152,2026-07-07T00:23:27.821317+00:00,157.7,200,bid,,,10124047
2026-07-07T00:23:29.279028,2026-07-07T00:23:29.282658+00:00,157.9,11,bid,,,10124064
2026-07-07T00:23:30.232504,2026-07-07T00:23:30.242396+00:00,157.8,200,bid,,,10124078
2026-07-07T00:23:31.441076,2026-07-07T00:23:31.450491+00:00,157.7,200,bid,,,10124092
2026-07-07T00:23:31.610198,2026-07-07T00:23:31.619228+00:00,157.7,20,bid,,,10124094
2026-07-07T00:23:32.651048,2026-07-07T00:23:32.654072+00:00,157.7,200,bid,,,10124108
2026-07-07T00:23:33.859000,2026-07-07T00:23:33.870417+00:00,157.7,200,bid,,,10124122
2026-07-07T00:23:35.066132,2026-07-07T00:23:35.075781+00:00,157.7,200,bid,,,10124136
2026-07-07T00:23:35.853624,2026-07-07T00:23:35.865197+00:00,157.5,20,ask,,,10124148
2026-07-07T00:23:36.134951,2026-07-07T00:23:36.146493+00:00,157.8,20,bid,,,10124150
2026-07-07T00:23:46.184710,2026-07-07T00:23:46.193123+00:00,157.5,20,bid,,,10124274
2026-07-07T00:23:53.241930,2026-07-07T00:23:53.250262+00:00,157.3,200,ask,,,10124359
2026-07-07T00:23:54.538828,2026-07-07T00:23:54.542474+00:00,157.4,12,bid,,,10124371
2026-07-07T00:23:55.066773,2026-07-07T00:23:55.079251+00:00,157.4,20,bid,,,10124382
2026-07-07T00:23:56.119070,2026-07-07T00:23:56.122880+00:00,157.3,11,bid,,,10124389
2026-07-07T00:23:56.885106,2026-07-07T00:23:56.892900+00:00,157.3,200,bid,,,10124397
2026-07-07T00:23:58.092498,2026-07-07T00:23:58.102321+00:00,157.3,200,bid,,,10124418
2026-07-07T00:24:00.864710,2026-07-07T00:24:00.868292+00:00,157.5,3,bid,,,10124456
2026-07-07T00:24:01.737643,2026-07-07T00:24:01.741932+00:00,157.3,14,bid,,,10124472
2026-07-07T00:24:02.646932,2026-07-07T00:24:02.663649+00:00,157.3,186,bid,,,10124488
2026-07-07T00:24:02.932352,2026-07-07T00:24:02.941633+00:00,157.3,200,ask,,,10124492
2026-07-07T00:24:04.126646,2026-07-07T00:24:04.137283+00:00,157.1,20,ask,,,10124507
2026-07-07T00:24:08.358478,2026-07-07T00:24:08.369233+00:00,157.2,20,ask,,,10124557
2026-07-07T00:24:11.816291,2026-07-07T00:24:11.826327+00:00,157.4,200,ask,,,10124597
2026-07-07T00:24:13.124951,2026-07-07T00:24:13.164066+00:00,157.4,200,bid,,,10124609
2026-07-07T00:24:13.569752,2026-07-07T00:24:13.573276+00:00,157.7,12,bid,,,10124617
2026-07-07T00:24:13.829129,2026-07-07T00:24:13.838701+00:00,157.5,200,ask,,,10124621
2026-07-07T00:24:14.916864,2026-07-07T00:24:14.928494+00:00,157.3,20,ask,,,10124637
2026-07-07T00:24:15.423775,2026-07-07T00:24:15.435255+00:00,157.4,20,ask,,,10124642
2026-07-07T00:24:15.758518,2026-07-07T00:24:15.769886+00:00,157.4,180,ask,,,10124646
2026-07-07T00:24:17.425681,2026-07-07T00:24:17.433028+00:00,157.3,200,ask,,,10124669
2026-07-07T00:24:17.448678,2026-07-07T00:24:17.458621+00:00,157.3,200,bid,,,10124670
2026-07-07T00:24:19.258823,2026-07-07T00:24:19.269191+00:00,157.3,200,ask,,,10124695
2026-07-07T00:24:19.686043,2026-07-07T00:24:19.692924+00:00,157.3,300,bid,,,10124706
2026-07-07T00:24:19.703563,2026-07-07T00:24:19.706873+00:00,157.4,12,ask,,,10124708
2026-07-07T00:24:19.856074,2026-07-07T00:24:19.858567+00:00,157.4,313,ask,,,10124709
2026-07-07T00:24:19.876730,2026-07-07T00:24:19.884743+00:00,157.3,187,bid,,,10124711
2026-07-07T00:24:20.455932,2026-07-07T00:24:20.463630+00:00,157.4,13,ask,,,10124718
2026-07-07T00:24:22.273162,2026-07-07T00:24:22.284851+00:00,157.3,200,ask,,,10124743
2026-07-07T00:24:23.064080,2026-07-07T00:24:23.067298+00:00,157.2,14,ask,,,10124757
2026-07-07T00:24:24.706376,2026-07-07T00:24:24.717859+00:00,157.1,200,ask,,,10124779
2026-07-07T00:24:24.706376,2026-07-07T00:24:24.717859+00:00,157.1,300,ask,,,10124780
2026-07-07T00:24:25.304696,2026-07-07T00:24:25.312064+00:00,157.1,500,ask,,,10124784
2026-07-07T00:24:25.907100,2026-07-07T00:24:25.914056+00:00,157.1,125,ask,,,10124792
2026-07-07T00:24:27.143899,2026-07-07T00:24:27.151858+00:00,156.9,200,bid,,,10124810
2026-07-07T00:24:28.327399,2026-07-07T00:24:28.337425+00:00,156.9,500,ask,,,10124821
2026-07-07T00:24:30.785285,2026-07-07T00:24:30.795263+00:00,156.9,200,bid,,,10124858
2026-07-07T00:24:31.365801,2026-07-07T00:24:31.374586+00:00,156.8,500,ask,,,10124865
2026-07-07T00:24:31.833689,2026-07-07T00:24:31.845501+00:00,156.8,20,bid,,,10124872
2026-07-07T00:24:31.998462,2026-07-07T00:24:32.009983+00:00,156.8,200,bid,,,10124877
2026-07-07T00:24:34.078121,2026-07-07T00:24:34.088454+00:00,156.7,200,ask,,,10124899
2026-07-07T00:24:34.327253,2026-07-07T00:24:34.336927+00:00,156.7,20,bid,,,10124902
2026-07-07T00:24:36.829365,2026-07-07T00:24:36.836394+00:00,156.7,20,bid,,,10124938
2026-07-07T00:24:40.618765,2026-07-07T00:24:40.627004+00:00,156.8,200,bid,,,10124983
2026-07-07T00:24:40.618765,2026-07-07T00:24:40.627004+00:00,156.9,425,bid,,,10124984
2026-07-07T00:24:44.590618,2026-07-07T00:24:44.602290+00:00,156.8,20,bid,,,10125039
2026-07-07T00:24:46.340004,2026-07-07T00:24:46.343236+00:00,156.8,14,bid,,,10125066
2026-07-07T00:24:47.158736,2026-07-07T00:24:47.168781+00:00,156.7,200,ask,,,10125072
2026-07-07T00:24:47.173937,2026-07-07T00:24:47.177084+00:00,156.7,12,bid,,,10125074
2026-07-07T00:24:47.739845,2026-07-07T00:24:47.758604+00:00,156.7,200,bid,,,10125088
2026-07-07T00:24:48.939483,2026-07-07T00:24:48.958626+00:00,156.8,20,bid,,,10125111
2026-07-07T00:24:51.539424,2026-07-07T00:24:51.543106+00:00,156.7,23,bid,,,10125139
2026-07-07T00:24:52.593460,2026-07-07T00:24:52.597691+00:00,156.6,11,bid,,,10125146
2026-07-07T00:24:53.699954,2026-07-07T00:24:53.719772+00:00,156.6,189,bid,,,10125159
2026-07-07T00:24:53.715943,2026-07-07T00:24:53.719772+00:00,156.8,11,ask,,,10125161
2026-07-07T00:24:53.789478,2026-07-07T00:24:53.797658+00:00,156.8,200,ask,,,10125163
2026-07-07T00:24:55.037719,2026-07-07T00:24:55.044042+00:00,156.7,200,bid,,,10125185
2026-07-07T00:24:56.742400,2026-07-07T00:24:56.758853+00:00,156.6,20,ask,,,10125199
2026-07-07T00:24:57.863829,2026-07-07T00:24:57.867262+00:00,156.6,12,ask,,,10125217
2026-07-07T00:24:58.667957,2026-07-07T00:24:58.671605+00:00,156.7,11,ask,,,10125232
2026-07-07T00:24:58.691851,2026-07-07T00:24:58.703238+00:00,156.7,20,ask,,,10125233
2026-07-07T00:24:58.989632,2026-07-07T00:24:58.998727+00:00,156.7,169,ask,,,10125236
2026-07-07T00:24:59.856356,2026-07-07T00:24:59.865542+00:00,156.6,200,bid,,,10125248
2026-07-07T00:25:03.458066,2026-07-07T00:25:03.469008+00:00,156.6,200,ask,,,10125295
2026-07-07T00:25:03.458066,2026-07-07T00:25:03.469008+00:00,156.6,300,ask,,,10125296
2026-07-07T00:25:04.053790,2026-07-07T00:25:04.069196+00:00,156.6,325,ask,,,10125302
2026-07-07T00:25:04.074956,2026-07-07T00:25:04.078475+00:00,156.6,11,bid,,,10125303
2026-07-07T00:25:04.237779,2026-07-07T00:25:04.253924+00:00,156.5,200,ask,,,10125308
2026-07-07T00:25:04.689081,2026-07-07T00:25:04.695728+00:00,156.4,200,bid,,,10125319
2026-07-07T00:25:06.316966,2026-07-07T00:25:06.328732+00:00,156.4,20,ask,,,10125337
2026-07-07T00:25:07.108634,2026-07-07T00:25:07.115437+00:00,156.5,200,ask,,,10125346
2026-07-07T00:25:08.317195,2026-07-07T00:25:08.326429+00:00,156.3,200,ask,,,10125362
2026-07-07T00:25:11.937180,2026-07-07T00:25:11.936593+00:00,156.4,200,bid,,,10125399
2026-07-07T00:25:13.620919,2026-07-07T00:25:13.624124+00:00,156.4,23,bid,,,10125418
2026-07-07T00:25:14.438511,2026-07-07T00:25:14.450377+00:00,156.4,20,bid,,,10125425
2026-07-07T00:25:16.056606,2026-07-07T00:25:16.060357+00:00,156.3,11,bid,,,10125449
2026-07-07T00:25:16.794551,2026-07-07T00:25:16.801521+00:00,156.1,200,ask,,,10125455
2026-07-07T00:25:17.323565,2026-07-07T00:25:17.330635+00:00,156.1,20,ask,,,10125465
2026-07-07T00:25:20.005519,2026-07-07T00:25:20.014365+00:00,156.1,200,bid,,,10125502
2026-07-07T00:25:21.175686,2026-07-07T00:25:21.179196+00:00,156.1,11,ask,,,10125519
2026-07-07T00:25:21.314237,2026-07-07T00:25:21.321896+00:00,156.2,200,bid,,,10125523
2026-07-07T00:25:21.332871,2026-07-07T00:25:21.336819+00:00,156.2,11,ask,,,10125525
2026-07-07T00:25:22.843952,2026-07-07T00:25:22.869061+00:00,156.2,200,bid,,,10125543
2026-07-07T00:25:23.945925,2026-07-07T00:25:23.949403+00:00,156.2,23,ask,,,10125568
2026-07-07T00:25:24.069145,2026-07-07T00:25:24.072740+00:00,156.3,12,ask,,,10125572
2026-07-07T00:25:25.273309,2026-07-07T00:25:25.284845+00:00,156.4,200,bid,,,10125588
2026-07-07T00:25:25.281750,2026-07-07T00:25:25.290066+00:00,156.4,20,bid,,,10125590
2026-07-07T00:25:31.807696,2026-07-07T00:25:31.818013+00:00,156.3,200,ask,,,10125665
2026-07-07T00:25:32.539381,2026-07-07T00:25:32.564235+00:00,156.3,200,bid,,,10125677
2026-07-07T00:25:34.438263,2026-07-07T00:25:34.468791+00:00,156.3,200,bid,,,10125707
2026-07-07T00:25:34.464745,2026-07-07T00:25:34.468791+00:00,156.3,11,ask,,,10125709
2026-07-07T00:25:35.960825,2026-07-07T00:25:35.970591+00:00,156.5,20,bid,,,10125725
2026-07-07T00:25:36.166986,2026-07-07T00:25:36.178197+00:00,156.5,200,bid,,,10125729
2026-07-07T00:25:37.074406,2026-07-07T00:25:37.078028+00:00,156.5,3,ask,,,10125747
2026-07-07T00:25:42.185952,2026-07-07T00:25:42.193641+00:00,156.4,500,ask,,,10125800
2026-07-07T00:25:42.302230,2026-07-07T00:25:42.310227+00:00,156.5,200,ask,,,10125802
2026-07-07T00:25:43.813102,2026-07-07T00:25:43.824702+00:00,156.5,20,bid,,,10125818
2026-07-07T00:25:44.637379,2026-07-07T00:25:44.648893+00:00,156.5,200,bid,,,10125824
2026-07-07T00:25:50.697773,2026-07-07T00:25:50.707052+00:00,156.6,200,bid,,,10125894
2026-07-07T00:25:57.339668,2026-07-07T00:25:57.352316+00:00,156.3,20,bid,,,10125966
2026-07-07T00:25:59.181845,2026-07-07T00:25:59.191928+00:00,156.3,200,ask,,,10125992
2026-07-07T00:26:05.222426,2026-07-07T00:26:05.229137+00:00,156.4,200,bid,,,10126065
2026-07-07T00:26:05.279134,2026-07-07T00:26:05.290816+00:00,156.1,20,ask,,,10126066
2026-07-07T00:26:06.875095,2026-07-07T00:26:06.886815+00:00,156.2,20,ask,,,10126083
2026-07-07T00:26:10.061951,2026-07-07T00:26:10.078595+00:00,156.3,200,ask,,,10126130
2026-07-07T00:26:13.675138,2026-07-07T00:26:13.682914+00:00,156.2,500,bid,,,10126175
2026-07-07T00:26:16.118671,2026-07-07T00:26:16.127777+00:00,156.3,200,bid,,,10126211
2026-07-07T00:26:19.378061,2026-07-07T00:26:19.389039+00:00,156.1,20,ask,,,10126266
2026-07-07T00:26:21.634498,2026-07-07T00:26:21.638229+00:00,156.1,3,ask,,,10126290
2026-07-07T00:26:23.251425,2026-07-07T00:26:23.255792+00:00,156.1,23,ask,,,10126310
2026-07-07T00:26:23.380902,2026-07-07T00:26:23.390114+00:00,156.1,200,ask,,,10126312
2026-07-07T00:26:24.270334,2026-07-07T00:26:24.282488+00:00,156.2,20,bid,,,10126326
2026-07-07T00:26:25.807437,2026-07-07T00:26:25.816991+00:00,156.0,200,ask,,,10126342
2026-07-07T00:26:28.227600,2026-07-07T00:26:28.234198+00:00,156.0,200,ask,,,10126370
2026-07-07T00:26:29.443479,2026-07-07T00:26:29.458587+00:00,155.9,200,ask,,,10126384
2026-07-07T00:26:30.650358,2026-07-07T00:26:30.654534+00:00,156.0,200,ask,,,10126401
2026-07-07T00:26:30.779503,2026-07-07T00:26:30.786891+00:00,156.0,300,ask,,,10126402
2026-07-07T00:26:31.202078,2026-07-07T00:26:31.210980+00:00,156.0,325,bid,,,10126406
2026-07-07T00:26:32.084778,2026-07-07T00:26:32.103151+00:00,156.1,200,bid,,,10126420
2026-07-07T00:26:32.099463,2026-07-07T00:26:32.103151+00:00,156.1,11,ask,,,10126422
2026-07-07T00:26:34.859811,2026-07-07T00:26:34.869902+00:00,156.1,500,bid,,,10126451
2026-07-07T00:26:35.908071,2026-07-07T00:26:35.911752+00:00,156.0,23,ask,,,10126466
2026-07-07T00:26:36.083559,2026-07-07T00:26:36.087495+00:00,156.1,11,ask,,,10126471
2026-07-07T00:26:39.015262,2026-07-07T00:26:39.019010+00:00,156.3,11,bid,,,10126505
