timestamp,recv_time,price,volume,aggressor_side,buyer,seller,trade_id
2026-07-05T10:00:00.583825,2026-07-05T10:00:00.583570+00:00,140.9,500,bid,AverageAlmonds,YieldingYams,8171537
2026-07-05T10:00:01.225407,2026-07-05T10:00:01.236427+00:00,140.9,200,bid,AverageAlmonds,WavyWalnuts,8171544
2026-07-05T10:00:08.529875,2026-07-05T10:00:08.534270+00:00,141.1,11,bid,Xuanyu Liu,YieldingYams,8171671
2026-07-05T10:00:10.786185,2026-07-05T10:00:10.797588+00:00,141.1,200,bid,WavyWalnuts,YieldingYams,8171702
2026-07-05T10:00:15.635791,2026-07-05T10:00:15.645127+00:00,141.2,200,ask,YieldingYams,WavyWalnuts,8171772
2026-07-05T10:00:17.705575,2026-07-05T10:00:17.713345+00:00,141.3,200,bid,YieldingYams,WavyWalnuts,8171804
2026-07-05T10:00:20.347962,2026-07-05T10:00:20.358338+00:00,141.3,200,ask,WavyWalnuts,YieldingYams,8171846
2026-07-05T10:00:21.784641,2026-07-05T10:00:21.794247+00:00,141.1,200,bid,AverageAlmonds,WavyWalnuts,8171862
2026-07-05T10:00:22.579948,2026-07-05T10:00:22.587738+00:00,141.3,20,bid,BrilliantBurritos,YieldingYams,8171878
2026-07-05T10:00:23.595970,2026-07-05T10:00:23.607917+00:00,141.2,500,bid,AverageAlmonds,YieldingYams,8171898
2026-07-05T10:00:24.296022,2026-07-05T10:00:24.300534+00:00,141.3,23,ask,YieldingYams,Xuanyu Liu,8171910
2026-07-05T10:00:28.964368,2026-07-05T10:00:28.968194+00:00,141.3,12,bid,Xuanyu Liu,WavyWalnuts,8171973
2026-07-05T10:00:29.534952,2026-07-05T10:00:29.545243+00:00,141.3,188,bid,YieldingYams,WavyWalnuts,8171988
2026-07-05T10:00:30.896664,2026-07-05T10:00:30.908733+00:00,141.2,20,ask,WavyWalnuts,BrilliantBurritos,8172010
2026-07-05T10:00:32.189857,2026-07-05T10:00:32.200431+00:00,141.3,200,ask,WavyWalnuts,YieldingYams,8172038
2026-07-05T10:00:41.192100,2026-07-05T10:00:41.196691+00:00,141.4,34,bid,Xuanyu Liu,WavyWalnuts,8172180
2026-07-05T10:00:42.735601,2026-07-05T10:00:42.739852+00:00,141.3,3,bid,Xuanyu Liu,YieldingYams,8172205
2026-07-05T10:00:42.741560,2026-07-05T10:00:42.755490+00:00,141.3,20,bid,Yashwanth Madan,YieldingYams,8172206
2026-07-05T10:00:44.138126,2026-07-05T10:00:44.150070+00:00,141.5,10,bid,Yashwanth Madan,WavyWalnuts,8172224
2026-07-05T10:00:45.880196,2026-07-05T10:00:45.890135+00:00,141.5,200,bid,WavyWalnuts,YieldingYams,8172244
2026-07-05T10:00:49.525798,2026-07-05T10:00:49.537575+00:00,141.6,200,ask,YieldingYams,WavyWalnuts,8172309
2026-07-05T10:00:51.916544,2026-07-05T10:00:51.925724+00:00,141.5,200,bid,YieldingYams,WavyWalnuts,8172345
2026-07-05T10:00:53.157608,2026-07-05T10:00:53.169616+00:00,141.8,200,bid,WavyWalnuts,YieldingYams,8172365
2026-07-05T10:00:54.540916,2026-07-05T10:00:54.548221+00:00,141.7,200,ask,WavyWalnuts,YieldingYams,8172383
2026-07-05T10:00:54.698175,2026-07-05T10:00:54.710375+00:00,141.7,20,bid,Yashwanth Madan,YieldingYams,8172385
2026-07-05T10:00:54.957659,2026-07-05T10:00:54.969331+00:00,141.7,20,bid,Yashwanth Madan,YieldingYams,8172388
2026-07-05T10:00:55.464173,2026-07-05T10:00:55.467997+00:00,141.5,14,ask,YieldingYams,Xuanyu Liu,8172401
2026-07-05T10:00:55.577912,2026-07-05T10:00:55.587408+00:00,141.7,200,bid,WavyWalnuts,YieldingYams,8172404
2026-07-05T10:00:55.629149,2026-07-05T10:00:55.636151+00:00,141.5,10,ask,YieldingYams,Yashwanth Madan,8172408
2026-07-05T10:00:57.191343,2026-07-05T10:00:57.195441+00:00,141.6,12,ask,YieldingYams,Xuanyu Liu,8172433
2026-07-05T10:00:58.003014,2026-07-05T10:00:58.013389+00:00,141.6,200,ask,YieldingYams,WavyWalnuts,8172450
2026-07-05T10:01:01.523516,2026-07-05T10:01:01.535281+00:00,141.5,20,bid,BrilliantBurritos,YieldingYams,8172497
2026-07-05T10:01:01.775589,2026-07-05T10:01:01.780538+00:00,141.5,23,bid,Xuanyu Liu,YieldingYams,8172500
2026-07-05T10:01:03.103492,2026-07-05T10:01:03.113727+00:00,141.5,20,ask,WavyWalnuts,BrilliantBurritos,8172519
2026-07-05T10:01:03.766540,2026-07-05T10:01:03.775139+00:00,141.5,180,ask,WavyWalnuts,YieldingYams,8172530
2026-07-05T10:01:05.280570,2026-07-05T10:01:05.289918+00:00,141.5,200,ask,YieldingYams,WavyWalnuts,8172550
2026-07-05T10:01:05.976799,2026-07-05T10:01:05.985825+00:00,141.7,20,bid,BrilliantBurritos,YieldingYams,8172562
2026-07-05T10:01:08.924059,2026-07-05T10:01:08.935598+00:00,141.4,200,ask,YieldingYams,WavyWalnuts,8172604
2026-07-05T10:01:10.657984,2026-07-05T10:01:10.667477+00:00,141.5,20,bid,BrilliantBurritos,WavyWalnuts,8172636
2026-07-05T10:01:12.825491,2026-07-05T10:01:12.830804+00:00,141.4,3,bid,Xuanyu Liu,YieldingYams,8172671
2026-07-05T10:01:12.917305,2026-07-05T10:01:12.929473+00:00,141.4,5,bid,Yashwanth Madan,YieldingYams,8172673
2026-07-05T10:01:13.779789,2026-07-05T10:01:13.788626+00:00,141.4,200,ask,YieldingYams,WavyWalnuts,8172690
2026-07-05T10:01:16.021884,2026-07-05T10:01:16.029731+00:00,141.6,20,bid,BrilliantBurritos,WavyWalnuts,8172720
2026-07-05T10:01:17.404862,2026-07-05T10:01:17.411736+00:00,141.5,200,ask,YieldingYams,WavyWalnuts,8172754
2026-07-05T10:01:17.754647,2026-07-05T10:01:17.758613+00:00,141.7,10,bid,Yashwanth Madan,YieldingYams,8172761
2026-07-05T10:01:18.264960,2026-07-05T10:01:18.269145+00:00,141.5,14,bid,Xuanyu Liu,YieldingYams,8172768
2026-07-05T10:01:18.450588,2026-07-05T10:01:18.458615+00:00,141.5,20,bid,Yashwanth Madan,YieldingYams,8172773
2026-07-05T10:01:18.512675,2026-07-05T10:01:18.522664+00:00,141.3,20,ask,YieldingYams,Yashwanth Madan,8172776
2026-07-05T10:01:18.616932,2026-07-05T10:01:18.625562+00:00,141.3,200,ask,YieldingYams,WavyWalnuts,8172781
2026-07-05T10:01:19.826273,2026-07-05T10:01:19.834511+00:00,141.2,200,ask,YieldingYams,WavyWalnuts,8172795
2026-07-05T10:01:20.531540,2026-07-05T10:01:20.546696+00:00,141.5,10,bid,Yashwanth Madan,YieldingYams,8172804
2026-07-05T10:01:20.898276,2026-07-05T10:01:20.902281+00:00,141.3,11,ask,YieldingYams,Xuanyu Liu,8172807
2026-07-05T10:01:22.250725,2026-07-05T10:01:22.253044+00:00,141.3,200,ask,YieldingYams,WavyWalnuts,8172826
2026-07-05T10:01:25.886774,2026-07-05T10:01:25.895414+00:00,141.3,200,ask,YieldingYams,WavyWalnuts,8172884
2026-07-05T10:01:26.851447,2026-07-05T10:01:26.863598+00:00,141.4,10,bid,Yashwanth Madan,YieldingYams,8172900
2026-07-05T10:01:27.107487,2026-07-05T10:01:27.111850+00:00,141.4,23,bid,Xuanyu Liu,YieldingYams,8172902
2026-07-05T10:01:27.198624,2026-07-05T10:01:27.210580+00:00,141.4,20,bid,Yashwanth Madan,WavyWalnuts,8172903
2026-07-05T10:01:27.574716,2026-07-05T10:01:27.586931+00:00,141.4,20,bid,Yashwanth Madan,WavyWalnuts,8172910
2026-07-05T10:01:27.957140,2026-07-05T10:01:27.963961+00:00,141.4,20,bid,Yashwanth Madan,YieldingYams,8172919
2026-07-05T10:01:28.314446,2026-07-05T10:01:28.324336+00:00,141.3,200,ask,AverageAlmonds,WavyWalnuts,8172923
2026-07-05T10:01:28.330980,2026-07-05T10:01:28.342749+00:00,141.4,3,bid,Yashwanth Madan,YieldingYams,8172924
2026-07-05T10:01:35.596939,2026-07-05T10:01:35.604207+00:00,141.3,200,bid,WavyWalnuts,YieldingYams,8173020
2026-07-05T10:01:36.959546,2026-07-05T10:01:36.966244+00:00,141.3,10,ask,YieldingYams,Yashwanth Madan,8173041
2026-07-05T10:01:38.042517,2026-07-05T10:01:38.046801+00:00,141.4,12,ask,WavyWalnuts,Xuanyu Liu,8173059
2026-07-05T10:01:40.652994,2026-07-05T10:01:40.656846+00:00,141.3,12,bid,Xuanyu Liu,YieldingYams,8173101
2026-07-05T10:01:40.994889,2026-07-05T10:01:41.003286+00:00,141.3,4,bid,Yashwanth Madan,YieldingYams,8173107
2026-07-05T10:01:41.371720,2026-07-05T10:01:41.384075+00:00,141.3,2,bid,Yashwanth Madan,YieldingYams,8173115
2026-07-05T10:01:41.755334,2026-07-05T10:01:41.767251+00:00,141.3,1,bid,Yashwanth Madan,YieldingYams,8173128
2026-07-05T10:01:41.799246,2026-07-05T10:01:41.811274+00:00,141.2,1,ask,WavyWalnuts,Yashwanth Madan,8173129
2026-07-05T10:01:43.004270,2026-07-05T10:01:43.009444+00:00,141.3,26,ask,WavyWalnuts,Xuanyu Liu,8173157
2026-07-05T10:01:43.278832,2026-07-05T10:01:43.287966+00:00,141.3,174,ask,WavyWalnuts,YieldingYams,8173164
2026-07-05T10:01:44.784535,2026-07-05T10:01:44.796463+00:00,141.2,20,ask,YieldingYams,Yashwanth Madan,8173198
2026-07-05T10:01:45.041865,2026-07-05T10:01:45.058643+00:00,141.2,20,ask,YieldingYams,Yashwanth Madan,8173202
2026-07-05T10:01:45.310373,2026-07-05T10:01:45.318369+00:00,141.2,20,ask,YieldingYams,Yashwanth Madan,8173206
2026-07-05T10:01:45.567020,2026-07-05T10:01:45.578932+00:00,141.2,9,ask,YieldingYams,Yashwanth Madan,8173209
2026-07-05T10:01:46.584871,2026-07-05T10:01:46.589405+00:00,141.1,3,bid,Xuanyu Liu,WavyWalnuts,8173235
2026-07-05T10:01:47.208205,2026-07-05T10:01:47.214957+00:00,141.1,197,bid,YieldingYams,WavyWalnuts,8173246
2026-07-05T10:01:48.158123,2026-07-05T10:01:48.170110+00:00,141.1,20,ask,YieldingYams,BrilliantBurritos,8173252
2026-07-05T10:01:52.456019,2026-07-05T10:01:52.463596+00:00,141.1,200,bid,YieldingYams,WavyWalnuts,8173309
2026-07-05T10:01:52.509320,2026-07-05T10:01:52.513945+00:00,141.1,3,ask,YieldingYams,Xuanyu Liu,8173311
2026-07-05T10:01:52.627648,2026-07-05T10:01:52.634618+00:00,141.1,10,ask,YieldingYams,Yashwanth Madan,8173314
2026-07-05T10:01:53.769137,2026-07-05T10:01:53.779528+00:00,141.1,200,ask,WavyWalnuts,YieldingYams,8173335
2026-07-05T10:01:54.999787,2026-07-05T10:01:55.011640+00:00,141.1,200,bid,WavyWalnuts,YieldingYams,8173350
2026-07-05T10:01:57.942256,2026-07-05T10:01:57.958630+00:00,141.2,20,bid,BrilliantBurritos,YieldingYams,8173411
2026-07-05T10:01:58.693080,2026-07-05T10:01:58.700953+00:00,141.2,200,bid,WavyWalnuts,YieldingYams,8173421
2026-07-05T10:02:00.661448,2026-07-05T10:02:00.671636+00:00,140.9,10,ask,YieldingYams,Yashwanth Madan,8173441
2026-07-05T10:02:03.592529,2026-07-05T10:02:03.608764+00:00,140.9,20,ask,WavyWalnuts,Yashwanth Madan,8173474
2026-07-05T10:02:03.603943,2026-07-05T10:02:03.608764+00:00,140.9,3,ask,WavyWalnuts,Xuanyu Liu,8173476
2026-07-05T10:02:03.642820,2026-07-05T10:02:03.654753+00:00,140.9,20,ask,WavyWalnuts,BrilliantBurritos,8173478
2026-07-05T10:02:03.903913,2026-07-05T10:02:03.915925+00:00,140.9,20,ask,WavyWalnuts,Yashwanth Madan,8173481
2026-07-05T10:02:04.163390,2026-07-05T10:02:04.174959+00:00,140.9,8,ask,WavyWalnuts,Yashwanth Madan,8173484
2026-07-05T10:02:04.419478,2026-07-05T10:02:04.431048+00:00,140.9,4,ask,WavyWalnuts,Yashwanth Madan,8173488
2026-07-05T10:02:04.793831,2026-07-05T10:02:04.804369+00:00,141.1,200,bid,WavyWalnuts,YieldingYams,8173497
2026-07-05T10:02:05.897056,2026-07-05T10:02:05.908638+00:00,141.0,3,ask,YieldingYams,Yashwanth Madan,8173519
2026-07-05T10:02:06.296669,2026-07-05T10:02:06.304852+00:00,141.0,1,ask,YieldingYams,Yashwanth Madan,8173526
2026-07-05T10:02:07.228615,2026-07-05T10:02:07.233556+00:00,141.1,11,ask,WavyWalnuts,Xuanyu Liu,8173542
2026-07-05T10:02:07.360267,2026-07-05T10:02:07.372310+00:00,141.1,6,ask,WavyWalnuts,Yashwanth Madan,8173546
2026-07-05T10:02:07.614894,2026-07-05T10:02:07.626735+00:00,141.1,2,ask,WavyWalnuts,Yashwanth Madan,8173552
2026-07-05T10:02:07.872852,2026-07-05T10:02:07.884934+00:00,141.1,1,ask,WavyWalnuts,Yashwanth Madan,8173555
2026-07-05T10:02:08.189258,2026-07-05T10:02:08.200559+00:00,141.1,180,ask,WavyWalnuts,YieldingYams,8173562
2026-07-05T10:02:08.189258,2026-07-05T10:02:08.200559+00:00,141.0,445,ask,AverageAlmonds,YieldingYams,8173563
2026-07-05T10:02:09.525500,2026-07-05T10:02:09.537482+00:00,141.2,20,bid,BrilliantBurritos,WavyWalnuts,8173575
2026-07-05T10:02:10.130941,2026-07-05T10:02:10.143585+00:00,141.3,20,bid,BrilliantBurritos,YieldingYams,8173584
2026-07-05T10:02:10.811245,2026-07-05T10:02:10.818580+00:00,141.3,200,bid,YieldingYams,WavyWalnuts,8173593
2026-07-05T10:02:11.577082,2026-07-05T10:02:11.659363+00:00,141.3,12,ask,YieldingYams,Xuanyu Liu,8173603
2026-07-05T10:02:12.619798,2026-07-05T10:02:12.631687+00:00,141.2,20,ask,WavyWalnuts,BrilliantBurritos,8173615
2026-07-05T10:02:13.339114,2026-07-05T10:02:13.351166+00:00,141.2,10,ask,WavyWalnuts,Yashwanth Madan,8173627
2026-07-05T10:02:13.433652,2026-07-05T10:02:13.444586+00:00,141.2,190,ask,WavyWalnuts,YieldingYams,8173628
2026-07-05T10:02:13.581068,2026-07-05T10:02:13.593285+00:00,141.1,10,bid,Yashwanth Madan,YieldingYams,8173630
2026-07-05T10:02:13.782569,2026-07-05T10:02:13.790634+00:00,141.1,425,bid,AverageAlmonds,YieldingYams,8173637
2026-07-05T10:02:17.358137,2026-07-05T10:02:17.369055+00:00,141.3,200,ask,WavyWalnuts,YieldingYams,8173697
2026-07-05T10:02:17.837584,2026-07-05T10:02:17.841721+00:00,141.1,11,ask,YieldingYams,Xuanyu Liu,8173709
2026-07-05T10:02:18.138744,2026-07-05T10:02:18.142961+00:00,141.2,12,ask,WavyWalnuts,Xuanyu Liu,8173717
2026-07-05T10:02:19.346273,2026-07-05T10:02:19.350932+00:00,141.3,11,ask,WavyWalnuts,Xuanyu Liu,8173735
2026-07-05T10:02:19.439459,2026-07-05T10:02:19.458640+00:00,141.3,10,ask,WavyWalnuts,Yashwanth Madan,8173738
2026-07-05T10:02:20.002901,2026-07-05T10:02:20.010156+00:00,141.3,179,ask,WavyWalnuts,YieldingYams,8173747
2026-07-05T10:02:20.809594,2026-07-05T10:02:20.820810+00:00,141.3,20,ask,AverageAlmonds,BrilliantBurritos,8173757
2026-07-05T10:02:21.096349,2026-07-05T10:02:21.116507+00:00,141.5,10,bid,Yashwanth Madan,WavyWalnuts,8173761
2026-07-05T10:02:21.316703,2026-07-05T10:02:21.325660+00:00,141.5,190,bid,YieldingYams,WavyWalnuts,8173769
2026-07-05T10:02:26.596834,2026-07-05T10:02:26.606979+00:00,141.6,200,ask,YieldingYams,WavyWalnuts,8173848
2026-07-05T10:02:27.808326,2026-07-05T10:02:27.818292+00:00,141.6,200,ask,YieldingYams,WavyWalnuts,8173859
2026-07-05T10:02:27.902550,2026-07-05T10:02:27.906630+00:00,141.6,23,bid,Xuanyu Liu,YieldingYams,8173864
2026-07-05T10:02:29.021249,2026-07-05T10:02:29.030610+00:00,141.6,200,bid,WavyWalnuts,YieldingYams,8173885
2026-07-05T10:02:34.400961,2026-07-05T10:02:34.408978+00:00,141.4,200,ask,WavyWalnuts,AverageAlmonds,8173974
2026-07-05T10:02:34.421363,2026-07-05T10:02:34.425509+00:00,141.4,11,bid,Xuanyu Liu,AverageAlmonds,8173976
2026-07-05T10:02:35.771917,2026-07-05T10:02:35.792611+00:00,141.2,200,ask,WavyWalnuts,YieldingYams,8173997
2026-07-05T10:02:35.788471,2026-07-05T10:02:35.792611+00:00,141.1,23,bid,Xuanyu Liu,YieldingYams,8173999
2026-07-05T10:02:36.290170,2026-07-05T10:02:36.298827+00:00,141.1,200,bid,WavyWalnuts,YieldingYams,8174006
2026-07-05T10:02:37.501458,2026-07-05T10:02:37.509394+00:00,141.0,200,ask,YieldingYams,WavyWalnuts,8174028
2026-07-05T10:02:38.684937,2026-07-05T10:02:38.696707+00:00,141.1,20,bid,BrilliantBurritos,YieldingYams,8174047
2026-07-05T10:02:39.856497,2026-07-05T10:02:39.858621+00:00,141.1,20,bid,BrilliantBurritos,YieldingYams,8174067
2026-07-05T10:02:43.215057,2026-07-05T10:02:43.218783+00:00,140.8,23,ask,YieldingYams,Xuanyu Liu,8174118
2026-07-05T10:02:43.575232,2026-07-05T10:02:43.578865+00:00,140.9,11,ask,WavyWalnuts,Xuanyu Liu,8174127
2026-07-05T10:02:44.785738,2026-07-05T10:02:44.789788+00:00,141.0,12,ask,WavyWalnuts,Xuanyu Liu,8174143
2026-07-05T10:02:45.694161,2026-07-05T10:02:45.711285+00:00,141.0,20,ask,WavyWalnuts,BrilliantBurritos,8174159
2026-07-05T10:02:50.839065,2026-07-05T10:02:50.845960+00:00,141.2,200,bid,WavyWalnuts,YieldingYams,8174236
2026-07-05T10:02:52.048445,2026-07-05T10:02:52.058578+00:00,141.1,200,bid,WavyWalnuts,YieldingYams,8174259
2026-07-05T10:02:53.257609,2026-07-05T10:02:53.266328+00:00,141.3,200,bid,WavyWalnuts,YieldingYams,8174282
2026-07-05T10:02:54.484400,2026-07-05T10:02:54.489336+00:00,141.3,11,ask,WavyWalnuts,Xuanyu Liu,8174310
2026-07-05T10:02:55.870435,2026-07-05T10:02:55.875181+00:00,141.4,34,bid,Xuanyu Liu,YieldingYams,8174328
2026-07-05T10:02:58.148146,2026-07-05T10:02:58.167646+00:00,141.3,200,ask,WavyWalnuts,YieldingYams,8174365
2026-07-05T10:02:58.163885,2026-07-05T10:02:58.167646+00:00,141.2,12,bid,Xuanyu Liu,YieldingYams,8174367
2026-07-05T10:02:59.023727,2026-07-05T10:02:59.027753+00:00,141.0,12,ask,YieldingYams,Xuanyu Liu,8174381
2026-07-05T10:02:59.303064,2026-07-05T10:02:59.311797+00:00,141.2,200,bid,WavyWalnuts,YieldingYams,8174383
2026-07-05T10:02:59.473883,2026-07-05T10:02:59.477964+00:00,141.1,11,ask,YieldingYams,Xuanyu Liu,8174386
2026-07-05T10:03:01.182014,2026-07-05T10:03:01.199515+00:00,141.2,20,bid,BrilliantBurritos,YieldingYams,8174414
2026-07-05T10:03:02.955841,2026-07-05T10:03:02.960155+00:00,141.1,11,bid,Xuanyu Liu,WavyWalnuts,8174432
2026-07-05T10:03:06.566496,2026-07-05T10:03:06.577272+00:00,141.0,200,ask,YieldingYams,WavyWalnuts,8174485
2026-07-05T10:03:08.465191,2026-07-05T10:03:08.469414+00:00,141.1,12,bid,Xuanyu Liu,YieldingYams,8174514
2026-07-05T10:03:08.988654,2026-07-05T10:03:08.997402+00:00,140.9,200,ask,YieldingYams,WavyWalnuts,8174521
2026-07-05T10:03:10.215551,2026-07-05T10:03:10.235358+00:00,141.0,11,bid,Xuanyu Liu,WavyWalnuts,8174537
2026-07-05T10:03:10.343764,2026-07-05T10:03:10.352992+00:00,141.0,9,bid,Yashwanth Madan,WavyWalnuts,8174540
2026-07-05T10:03:11.276299,2026-07-05T10:03:11.286610+00:00,141.0,180,bid,YieldingYams,WavyWalnuts,8174555
2026-07-05T10:03:12.615300,2026-07-05T10:03:12.625637+00:00,141.0,200,ask,AverageAlmonds,WavyWalnuts,8174573
2026-07-05T10:03:14.116220,2026-07-05T10:03:14.123983+00:00,141.0,20,ask,AverageAlmonds,BrilliantBurritos,8174600
2026-07-05T10:03:18.805735,2026-07-05T10:03:18.818046+00:00,141.1,20,ask,WavyWalnuts,BrilliantBurritos,8174662
2026-07-05T10:03:19.508975,2026-07-05T10:03:19.513678+00:00,141.2,3,bid,Xuanyu Liu,YieldingYams,8174680
2026-07-05T10:03:19.525193,2026-07-05T10:03:19.534147+00:00,141.2,20,bid,Yashwanth Madan,YieldingYams,8174681
2026-07-05T10:03:19.807752,2026-07-05T10:03:19.814588+00:00,141.2,20,bid,Yashwanth Madan,YieldingYams,8174691
2026-07-05T10:03:20.068487,2026-07-05T10:03:20.075227+00:00,141.2,20,bid,Yashwanth Madan,YieldingYams,8174695
2026-07-05T10:03:20.322918,2026-07-05T10:03:20.329831+00:00,141.2,6,bid,Yashwanth Madan,YieldingYams,8174704
2026-07-05T10:03:22.823308,2026-07-05T10:03:22.833326+00:00,141.3,500,bid,AverageAlmonds,YieldingYams,8174729
2026-07-05T10:03:22.884274,2026-07-05T10:03:22.896175+00:00,141.3,10,bid,Yashwanth Madan,YieldingYams,8174733
2026-07-05T10:03:23.077099,2026-07-05T10:03:23.086464+00:00,141.3,200,bid,YieldingYams,WavyWalnuts,8174738
2026-07-05T10:03:24.930658,2026-07-05T10:03:24.937859+00:00,141.2,20,bid,BrilliantBurritos,WavyWalnuts,8174759
2026-07-05T10:03:25.005543,2026-07-05T10:03:25.017817+00:00,141.2,10,bid,Yashwanth Madan,WavyWalnuts,8174765
2026-07-05T10:03:25.835964,2026-07-05T10:03:25.847571+00:00,141.2,170,bid,AverageAlmonds,WavyWalnuts,8174775
2026-07-05T10:03:25.835964,2026-07-05T10:03:25.847571+00:00,141.2,330,bid,AverageAlmonds,YieldingYams,8174776
2026-07-05T10:03:26.430532,2026-07-05T10:03:26.438425+00:00,141.2,295,bid,AverageAlmonds,YieldingYams,8174780
2026-07-05T10:03:26.430532,2026-07-05T10:03:26.443418+00:00,141.2,200,bid,AverageAlmonds,WavyWalnuts,8174781
2026-07-05T10:03:27.137067,2026-07-05T10:03:27.147003+00:00,141.4,200,ask,YieldingYams,WavyWalnuts,8174792
2026-07-05T10:03:27.308234,2026-07-05T10:03:27.317621+00:00,141.7,20,bid,BrilliantBurritos,YieldingYams,8174800
2026-07-05T10:03:28.874866,2026-07-05T10:03:28.886566+00:00,141.4,200,bid,AverageAlmonds,WavyWalnuts,8174827
2026-07-05T10:03:29.483522,2026-07-05T10:03:29.490388+00:00,141.5,500,bid,AverageAlmonds,YieldingYams,8174835
2026-07-05T10:03:30.096130,2026-07-05T10:03:30.104887+00:00,141.5,200,bid,AverageAlmonds,WavyWalnuts,8174850
2026-07-05T10:03:30.685293,2026-07-05T10:03:30.695906+00:00,141.6,500,bid,AverageAlmonds,YieldingYams,8174855
2026-07-05T10:03:30.947995,2026-07-05T10:03:30.958595+00:00,141.6,200,bid,YieldingYams,WavyWalnuts,8174865
2026-07-05T10:03:31.026770,2026-07-05T10:03:31.048488+00:00,141.7,20,ask,YieldingYams,Yashwanth Madan,8174870
2026-07-05T10:03:32.259574,2026-07-05T10:03:32.271199+00:00,141.8,200,bid,YieldingYams,WavyWalnuts,8174891
2026-07-05T10:03:33.038395,2026-07-05T10:03:33.050411+00:00,141.8,20,ask,YieldingYams,BrilliantBurritos,8174904
2026-07-05T10:03:33.576059,2026-07-05T10:03:33.586259+00:00,141.7,200,ask,WavyWalnuts,YieldingYams,8174919
2026-07-05T10:03:33.769166,2026-07-05T10:03:33.773818+00:00,141.7,3,bid,Xuanyu Liu,YieldingYams,8174928
2026-07-05T10:03:34.383906,2026-07-05T10:03:34.390867+00:00,141.7,200,bid,WavyWalnuts,YieldingYams,8174931
2026-07-05T10:03:34.666344,2026-07-05T10:03:34.677994+00:00,141.6,20,ask,AverageAlmonds,BrilliantBurritos,8174933
2026-07-05T10:03:37.521472,2026-07-05T10:03:37.532736+00:00,142.0,200,bid,YieldingYams,WavyWalnuts,8174969
2026-07-05T10:03:37.542479,2026-07-05T10:03:37.558939+00:00,142.0,3,ask,YieldingYams,Xuanyu Liu,8174971
2026-07-05T10:03:38.872733,2026-07-05T10:03:38.884487+00:00,142.0,20,ask,WavyWalnuts,BrilliantBurritos,8174991
2026-07-05T10:03:40.164213,2026-07-05T10:03:40.167995+00:00,142.0,3,bid,Xuanyu Liu,YieldingYams,8175014
2026-07-05T10:03:41.653348,2026-07-05T10:03:41.653933+00:00,142.0,200,bid,WavyWalnuts,YieldingYams,8175035
2026-07-05T10:03:42.444393,2026-07-05T10:03:42.451229+00:00,142.0,10,bid,Yashwanth Madan,YieldingYams,8175049
2026-07-05T10:03:42.880390,2026-07-05T10:03:42.890289+00:00,142.1,20,bid,BrilliantBurritos,YieldingYams,8175056
2026-07-05T10:03:44.475042,2026-07-05T10:03:44.486733+00:00,141.8,20,ask,YieldingYams,BrilliantBurritos,8175075
2026-07-05T10:03:46.732425,2026-07-05T10:03:46.736762+00:00,141.9,3,ask,YieldingYams,Xuanyu Liu,8175104
2026-07-05T10:03:46.763077,2026-07-05T10:03:46.774657+00:00,141.9,10,ask,YieldingYams,Yashwanth Madan,8175106
2026-07-05T10:03:50.165542,2026-07-05T10:03:50.177274+00:00,141.9,200,ask,YieldingYams,WavyWalnuts,8175153
2026-07-05T10:03:51.374956,2026-07-05T10:03:51.386574+00:00,141.8,200,ask,YieldingYams,WavyWalnuts,8175169
2026-07-05T10:03:52.585830,2026-07-05T10:03:52.592897+00:00,141.7,200,bid,WavyWalnuts,YieldingYams,8175189
2026-07-05T10:03:53.797718,2026-07-05T10:03:53.806913+00:00,141.6,200,bid,WavyWalnuts,YieldingYams,8175201
2026-07-05T10:03:54.661248,2026-07-05T10:03:54.673328+00:00,141.4,10,ask,YieldingYams,Yashwanth Madan,8175212
2026-07-05T10:03:55.008468,2026-07-05T10:03:55.019893+00:00,141.6,200,bid,WavyWalnuts,YieldingYams,8175216
2026-07-05T10:03:56.237067,2026-07-05T10:03:56.241023+00:00,141.5,3,ask,WavyWalnuts,Xuanyu Liu,8175232
2026-07-05T10:03:56.900899,2026-07-05T10:03:56.912559+00:00,141.5,10,ask,WavyWalnuts,Yashwanth Madan,8175249
2026-07-05T10:03:59.264859,2026-07-05T10:03:59.277571+00:00,141.7,10,bid,Yashwanth Madan,YieldingYams,8175284
2026-07-05T10:03:59.830382,2026-07-05T10:03:59.839404+00:00,141.6,200,ask,WavyWalnuts,YieldingYams,8175296
2026-07-05T10:04:02.287700,2026-07-05T10:04:02.299414+00:00,141.7,200,bid,WavyWalnuts,YieldingYams,8175333
2026-07-05T10:04:04.036075,2026-07-05T10:04:04.047686+00:00,141.5,200,ask,WavyWalnuts,AverageAlmonds,8175366
2026-07-05T10:04:04.207254,2026-07-05T10:04:04.219613+00:00,141.5,10,bid,Yashwanth Madan,AverageAlmonds,8175371
2026-07-05T10:04:05.924796,2026-07-05T10:04:05.931569+00:00,141.5,200,bid,WavyWalnuts,AverageAlmonds,8175395
2026-07-05T10:04:07.135721,2026-07-05T10:04:07.143618+00:00,141.5,200,bid,WavyWalnuts,AverageAlmonds,8175414
2026-07-05T10:04:07.879609,2026-07-05T10:04:07.891420+00:00,141.4,10,ask,YieldingYams,Yashwanth Madan,8175427
2026-07-05T10:04:09.016315,2026-07-05T10:04:09.023147+00:00,141.4,20,ask,WavyWalnuts,BrilliantBurritos,8175445
2026-07-05T10:04:11.432316,2026-07-05T10:04:11.464154+00:00,141.6,20,bid,BrilliantBurritos,YieldingYams,8175478
2026-07-05T10:04:11.645380,2026-07-05T10:04:11.663672+00:00,141.5,200,ask,WavyWalnuts,YieldingYams,8175482
2026-07-05T10:04:11.916792,2026-07-05T10:04:11.920993+00:00,141.5,3,bid,Xuanyu Liu,YieldingYams,8175486
2026-07-05T10:04:11.993739,2026-07-05T10:04:12.000624+00:00,141.5,200,bid,WavyWalnuts,YieldingYams,8175487
2026-07-05T10:04:13.210509,2026-07-05T10:04:13.218197+00:00,141.5,200,ask,YieldingYams,WavyWalnuts,8175505
2026-07-05T10:04:15.643631,2026-07-05T10:04:15.651262+00:00,141.5,200,ask,YieldingYams,WavyWalnuts,8175531
2026-07-05T10:04:18.067921,2026-07-05T10:04:18.079436+00:00,141.7,200,bid,WavyWalnuts,YieldingYams,8175564
2026-07-05T10:04:18.209297,2026-07-05T10:04:18.218126+00:00,141.8,500,bid,YieldingYams,AverageAlmonds,8175568
2026-07-05T10:04:18.537655,2026-07-05T10:04:18.545229+00:00,141.8,125,ask,YieldingYams,AverageAlmonds,8175571
2026-07-05T10:04:19.524079,2026-07-05T10:04:19.535992+00:00,141.6,200,ask,WavyWalnuts,YieldingYams,8175589
2026-07-05T10:04:19.690176,2026-07-05T10:04:19.699865+00:00,141.6,10,bid,Yashwanth Madan,YieldingYams,8175594
2026-07-05T10:04:20.489046,2026-07-05T10:04:20.498475+00:00,141.6,200,bid,WavyWalnuts,YieldingYams,8175600
2026-07-05T10:04:21.276141,2026-07-05T10:04:21.288463+00:00,141.6,20,ask,YieldingYams,BrilliantBurritos,8175616
2026-07-05T10:04:22.019515,2026-07-05T10:04:22.031509+00:00,141.6,10,ask,YieldingYams,Yashwanth Madan,8175631
2026-07-05T10:04:22.155024,2026-07-05T10:04:22.157199+00:00,141.7,200,bid,YieldingYams,WavyWalnuts,8175634
2026-07-05T10:04:22.910722,2026-07-05T10:04:22.920940+00:00,141.8,200,ask,YieldingYams,WavyWalnuts,8175646
2026-07-05T10:04:24.999787,2026-07-05T10:04:25.011384+00:00,141.7,10,bid,Yashwanth Madan,YieldingYams,8175675
2026-07-05T10:04:26.113846,2026-07-05T10:04:26.123801+00:00,141.6,200,ask,WavyWalnuts,YieldingYams,8175691
2026-07-05T10:04:28.958219,2026-07-05T10:04:28.969846+00:00,141.6,200,ask,YieldingYams,WavyWalnuts,8175732
2026-07-05T10:04:30.858493,2026-07-05T10:04:30.870522+00:00,141.6,20,bid,BrilliantBurritos,YieldingYams,8175763
2026-07-05T10:04:31.376630,2026-07-05T10:04:31.387036+00:00,141.6,200,bid,WavyWalnuts,YieldingYams,8175766
2026-07-05T10:04:33.450715,2026-07-05T10:04:33.463647+00:00,141.6,20,bid,BrilliantBurritos,WavyWalnuts,8175790
2026-07-05T10:04:33.805588,2026-07-05T10:04:33.814104+00:00,141.5,200,ask,YieldingYams,WavyWalnuts,8175795
2026-07-05T10:04:33.999815,2026-07-05T10:04:34.010399+00:00,141.5,20,ask,YieldingYams,BrilliantBurritos,8175807
2026-07-05T10:04:35.338264,2026-07-05T10:04:35.347514+00:00,141.4,200,bid,YieldingYams,WavyWalnuts,8175825
2026-07-05T10:04:37.465375,2026-07-05T10:04:37.469650+00:00,141.5,3,ask,WavyWalnuts,Xuanyu Liu,8175850
2026-07-05T10:04:37.776532,2026-07-05T10:04:37.788203+00:00,141.5,20,ask,WavyWalnuts,Yashwanth Madan,8175860
2026-07-05T10:04:37.971706,2026-07-05T10:04:37.980786+00:00,141.5,177,ask,WavyWalnuts,YieldingYams,8175863
2026-07-05T10:04:39.289181,2026-07-05T10:04:39.299578+00:00,141.6,20,bid,BrilliantBurritos,YieldingYams,8175888
2026-07-05T10:04:41.082569,2026-07-05T10:04:41.090478+00:00,141.5,200,bid,WavyWalnuts,YieldingYams,8175911
2026-07-05T10:04:42.073725,2026-07-05T10:04:42.086397+00:00,141.4,20,ask,YieldingYams,BrilliantBurritos,8175918
2026-07-05T10:04:48.525102,2026-07-05T10:04:48.532742+00:00,141.3,200,ask,WavyWalnuts,YieldingYams,8176031
2026-07-05T10:04:48.545180,2026-07-05T10:04:48.551246+00:00,141.2,3,bid,Xuanyu Liu,YieldingYams,8176033
2026-07-05T10:04:49.585634,2026-07-05T10:04:49.597117+00:00,141.2,200,bid,WavyWalnuts,YieldingYams,8176039
2026-07-05T10:04:49.832237,2026-07-05T10:04:49.841795+00:00,141.2,20,bid,BrilliantBurritos,YieldingYams,8176044
2026-07-05T10:04:49.878743,2026-07-05T10:04:49.882915+00:00,141.4,3,ask,YieldingYams,Xuanyu Liu,8176046
2026-07-05T10:04:51.147289,2026-07-05T10:04:51.149620+00:00,141.5,200,bid,YieldingYams,WavyWalnuts,8176067
2026-07-05T10:04:51.170083,2026-07-05T10:04:51.174424+00:00,141.5,11,ask,YieldingYams,Xuanyu Liu,8176069
2026-07-05T10:04:51.362737,2026-07-05T10:04:51.366497+00:00,141.6,5,bid,Xuanyu Liu,AverageAlmonds,8176074
2026-07-05T10:04:52.986970,2026-07-05T10:04:52.991652+00:00,141.5,12,bid,Xuanyu Liu,YieldingYams,8176098
2026-07-05T10:04:53.083767,2026-07-05T10:04:53.090786+00:00,141.5,20,bid,Yashwanth Madan,YieldingYams,8176099
2026-07-05T10:04:53.669686,2026-07-05T10:04:53.680254+00:00,141.5,10,bid,Yashwanth Madan,YieldingYams,8176106
2026-07-05T10:04:56.453227,2026-07-05T10:04:56.475552+00:00,141.3,20,ask,WavyWalnuts,BrilliantBurritos,8176145
2026-07-05T10:04:58.059449,2026-07-05T10:04:58.069120+00:00,141.5,200,bid,WavyWalnuts,YieldingYams,8176180
2026-07-05T10:05:00.840337,2026-07-05T10:05:00.858647+00:00,141.5,20,bid,BrilliantBurritos,AverageAlmonds,8176217
2026-07-05T10:05:02.541769,2026-07-05T10:05:02.546707+00:00,141.3,3,ask,WavyWalnuts,Xuanyu Liu,8176242
2026-07-05T10:05:02.699828,2026-07-05T10:05:02.707774+00:00,141.3,10,ask,WavyWalnuts,Yashwanth Madan,8176246
2026-07-05T10:05:03.041548,2026-07-05T10:05:03.058584+00:00,141.5,20,bid,BrilliantBurritos,YieldingYams,8176254
2026-07-05T10:05:06.277897,2026-07-05T10:05:06.294072+00:00,141.5,20,bid,BrilliantBurritos,WavyWalnuts,8176289
2026-07-05T10:05:07.726054,2026-07-05T10:05:07.736860+00:00,141.3,200,ask,YieldingYams,WavyWalnuts,8176315
2026-07-05T10:05:08.933448,2026-07-05T10:05:08.941391+00:00,141.4,200,ask,YieldingYams,WavyWalnuts,8176329
2026-07-05T10:05:11.998664,2026-07-05T10:05:12.011112+00:00,141.6,20,bid,BrilliantBurritos,YieldingYams,8176373
2026-07-05T10:05:13.592230,2026-07-05T10:05:13.602436+00:00,141.6,200,bid,YieldingYams,WavyWalnuts,8176396
2026-07-05T10:05:13.819928,2026-07-05T10:05:13.830490+00:00,141.6,10,ask,YieldingYams,Yashwanth Madan,8176404
2026-07-05T10:05:14.845626,2026-07-05T10:05:14.858630+00:00,141.6,415,ask,YieldingYams,AverageAlmonds,8176417
2026-07-05T10:05:14.853812,2026-07-05T10:05:14.858630+00:00,141.6,20,bid,BrilliantBurritos,AverageAlmonds,8176418
2026-07-05T10:05:16.089400,2026-07-05T10:05:16.100116+00:00,141.5,200,ask,WavyWalnuts,AverageAlmonds,8176439
2026-07-05T10:05:16.681924,2026-07-05T10:05:16.690457+00:00,141.4,200,ask,WavyWalnuts,AverageAlmonds,8176449
2026-07-05T10:05:17.468601,2026-07-05T10:05:17.480631+00:00,141.5,20,bid,BrilliantBurritos,YieldingYams,8176462
2026-07-05T10:05:18.612929,2026-07-05T10:05:18.623707+00:00,141.5,200,bid,WavyWalnuts,YieldingYams,8176477
2026-07-05T10:05:20.163268,2026-07-05T10:05:20.175226+00:00,141.5,200,ask,WavyWalnuts,YieldingYams,8176503
2026-07-05T10:05:21.041418,2026-07-05T10:05:21.048565+00:00,141.5,200,bid,WavyWalnuts,YieldingYams,8176514
2026-07-05T10:05:24.674261,2026-07-05T10:05:24.684653+00:00,141.5,200,ask,YieldingYams,WavyWalnuts,8176568
2026-07-05T10:05:27.094972,2026-07-05T10:05:27.102752+00:00,141.6,200,bid,WavyWalnuts,YieldingYams,8176600
2026-07-05T10:05:27.132192,2026-07-05T10:05:27.143868+00:00,141.3,20,ask,YieldingYams,BrilliantBurritos,8176601
2026-07-05T10:05:30.675299,2026-07-05T10:05:30.682202+00:00,141.4,200,ask,WavyWalnuts,YieldingYams,8176666
2026-07-05T10:05:30.724148,2026-07-05T10:05:30.734154+00:00,141.4,200,bid,WavyWalnuts,YieldingYams,8176667
2026-07-05T10:05:31.988420,2026-07-05T10:05:31.997348+00:00,141.5,200,bid,YieldingYams,WavyWalnuts,8176683
2026-07-05T10:05:32.009792,2026-07-05T10:05:32.015637+00:00,141.5,3,ask,YieldingYams,Xuanyu Liu,8176685
2026-07-05T10:05:34.624788,2026-07-05T10:05:34.634817+00:00,141.4,200,ask,WavyWalnuts,YieldingYams,8176720
2026-07-05T10:05:37.352101,2026-07-05T10:05:37.356955+00:00,141.3,34,ask,WavyWalnuts,Xuanyu Liu,8176764
2026-07-05T10:05:37.559999,2026-07-05T10:05:37.572084+00:00,141.3,20,ask,WavyWalnuts,Yashwanth Madan,8176766
2026-07-05T10:05:37.941617,2026-07-05T10:05:37.953753+00:00,141.3,20,ask,WavyWalnuts,Yashwanth Madan,8176768
2026-07-05T10:05:39.121890,2026-07-05T10:05:39.134175+00:00,141.1,10,ask,WavyWalnuts,Yashwanth Madan,8176795
2026-07-05T10:05:39.903790,2026-07-05T10:05:39.912428+00:00,141.2,200,bid,YieldingYams,WavyWalnuts,8176813
2026-07-05T10:05:40.072917,2026-07-05T10:05:40.081123+00:00,141.3,10,ask,YieldingYams,Yashwanth Madan,8176817
2026-07-05T10:05:40.405596,2026-07-05T10:05:40.413430+00:00,141.3,200,ask,YieldingYams,WavyWalnuts,8176823
2026-07-05T10:05:41.244685,2026-07-05T10:05:41.248703+00:00,141.3,11,bid,Xuanyu Liu,YieldingYams,8176841
2026-07-05T10:05:41.330703,2026-07-05T10:05:41.342524+00:00,141.3,10,bid,Yashwanth Madan,YieldingYams,8176843
2026-07-05T10:05:43.674361,2026-07-05T10:05:43.678642+00:00,141.3,23,ask,WavyWalnuts,Xuanyu Liu,8176872
2026-07-05T10:05:43.854199,2026-07-05T10:05:43.863609+00:00,141.3,177,ask,WavyWalnuts,YieldingYams,8176874
2026-07-05T10:05:44.031234,2026-07-05T10:05:44.040107+00:00,141.3,200,bid,WavyWalnuts,YieldingYams,8176879
2026-07-05T10:05:45.415208,2026-07-05T10:05:45.427214+00:00,141.3,4,ask,YieldingYams,Yashwanth Madan,8176895
2026-07-05T10:05:45.790697,2026-07-05T10:05:45.802791+00:00,141.3,6,ask,YieldingYams,Yashwanth Madan,8176900
2026-07-05T10:05:46.496015,2026-07-05T10:05:46.500971+00:00,141.4,11,ask,WavyWalnuts,Xuanyu Liu,8176915
2026-07-05T10:05:47.520510,2026-07-05T10:05:47.532473+00:00,141.4,20,ask,WavyWalnuts,BrilliantBurritos,8176928
2026-07-05T10:05:47.908500,2026-07-05T10:05:47.920135+00:00,141.4,20,bid,BrilliantBurritos,YieldingYams,8176936
2026-07-05T10:05:48.227314,2026-07-05T10:05:48.234295+00:00,141.3,20,ask,WavyWalnuts,BrilliantBurritos,8176943
2026-07-05T10:05:51.311160,2026-07-05T10:05:51.320000+00:00,141.1,200,ask,YieldingYams,WavyWalnuts,8176983
2026-07-05T10:05:51.894995,2026-07-05T10:05:51.907518+00:00,141.2,20,bid,BrilliantBurritos,YieldingYams,8176995
2026-07-05T10:05:54.820220,2026-07-05T10:05:54.830418+00:00,141.0,500,bid,AverageAlmonds,YieldingYams,8177038
2026-07-05T10:05:55.406412,2026-07-05T10:05:55.415328+00:00,141.0,125,bid,AverageAlmonds,YieldingYams,8177048
2026-07-05T10:05:56.622610,2026-07-05T10:05:56.631436+00:00,141.2,500,bid,AverageAlmonds,YieldingYams,8177064
2026-07-05T10:05:56.987569,2026-07-05T10:05:57.012388+00:00,141.2,200,bid,YieldingYams,WavyWalnuts,8177067
2026-07-05T10:05:57.008497,2026-07-05T10:05:57.012388+00:00,141.3,23,ask,YieldingYams,Xuanyu Liu,8177071
2026-07-05T10:05:57.377486,2026-07-05T10:05:57.385205+00:00,141.3,200,ask,YieldingYams,WavyWalnuts,8177077
2026-07-05T10:06:00.266261,2026-07-05T10:06:00.274947+00:00,141.4,500,bid,AverageAlmonds,YieldingYams,8177119
2026-07-05T10:06:00.935031,2026-07-05T10:06:00.943623+00:00,141.4,200,bid,YieldingYams,WavyWalnuts,8177127
2026-07-05T10:06:01.022286,2026-07-05T10:06:01.030208+00:00,141.5,200,ask,YieldingYams,WavyWalnuts,8177129
2026-07-05T10:06:01.042066,2026-07-05T10:06:01.046557+00:00,141.5,11,ask,YieldingYams,Xuanyu Liu,8177131
2026-07-05T10:06:02.233654,2026-07-05T10:06:02.244708+00:00,141.5,200,ask,YieldingYams,WavyWalnuts,8177150
2026-07-05T10:06:02.253110,2026-07-05T10:06:02.258600+00:00,141.4,500,ask,AverageAlmonds,YieldingYams,8177151
2026-07-05T10:06:02.668369,2026-07-05T10:06:02.679886+00:00,141.4,125,bid,AverageAlmonds,YieldingYams,8177159
2026-07-05T10:06:04.892250,2026-07-05T10:06:04.896504+00:00,141.6,6,ask,YieldingYams,Xuanyu Liu,8177195
2026-07-05T10:06:05.815359,2026-07-05T10:06:05.819184+00:00,141.8,17,bid,Xuanyu Liu,WavyWalnuts,8177215
2026-07-05T10:06:05.873124,2026-07-05T10:06:05.883518+00:00,141.6,200,ask,YieldingYams,WavyWalnuts,8177219
2026-07-05T10:06:06.210612,2026-07-05T10:06:06.214380+00:00,141.7,12,bid,Xuanyu Liu,YieldingYams,8177223
2026-07-05T10:06:12.754907,2026-07-05T10:06:12.753070+00:00,141.4,500,ask,AverageAlmonds,YieldingYams,8177327
2026-07-05T10:06:12.764704,2026-07-05T10:06:12.769364+00:00,141.4,11,bid,Xuanyu Liu,YieldingYams,8177329
2026-07-05T10:06:12.975786,2026-07-05T10:06:12.987667+00:00,141.4,114,bid,AverageAlmonds,YieldingYams,8177331
2026-07-05T10:06:14.061843,2026-07-05T10:06:14.071063+00:00,141.6,200,bid,YieldingYams,WavyWalnuts,8177348
2026-07-05T10:06:16.686286,2026-07-05T10:06:16.697218+00:00,141.7,200,bid,YieldingYams,WavyWalnuts,8177391
2026-07-05T10:06:18.409562,2026-07-05T10:06:18.414107+00:00,141.9,11,bid,Xuanyu Liu,WavyWalnuts,8177416
2026-07-05T10:06:22.827814,2026-07-05T10:06:22.834637+00:00,141.9,200,bid,WavyWalnuts,YieldingYams,8177477
2026-07-05T10:06:25.418921,2026-07-05T10:06:25.427542+00:00,141.9,20,bid,BrilliantBurritos,AverageAlmonds,8177506
2026-07-05T10:06:26.910809,2026-07-05T10:06:26.920762+00:00,141.8,200,ask,WavyWalnuts,AverageAlmonds,8177525
2026-07-05T10:06:27.676697,2026-07-05T10:06:27.685145+00:00,141.8,200,bid,WavyWalnuts,AverageAlmonds,8177530
2026-07-05T10:06:27.692503,2026-07-05T10:06:27.704211+00:00,141.7,20,ask,YieldingYams,BrilliantBurritos,8177531
2026-07-05T10:06:28.890878,2026-07-05T10:06:28.902254+00:00,141.8,200,bid,WavyWalnuts,YieldingYams,8177542
2026-07-05T10:06:30.100357,2026-07-05T10:06:30.108754+00:00,141.9,200,bid,WavyWalnuts,YieldingYams,8177558
2026-07-05T10:06:31.310329,2026-07-05T10:06:31.322076+00:00,141.9,200,bid,WavyWalnuts,AverageAlmonds,8177584
2026-07-05T10:06:32.361470,2026-07-05T10:06:32.369006+00:00,141.7,500,ask,YieldingYams,AverageAlmonds,8177602
2026-07-05T10:06:32.958803,2026-07-05T10:06:32.970850+00:00,141.7,200,ask,WavyWalnuts,AverageAlmonds,8177614
2026-07-05T10:06:33.571081,2026-07-05T10:06:33.580319+00:00,141.6,500,ask,YieldingYams,AverageAlmonds,8177623
2026-07-05T10:06:33.726633,2026-07-05T10:06:33.743259+00:00,141.7,200,bid,WavyWalnuts,YieldingYams,8177627
2026-07-05T10:06:34.184254,2026-07-05T10:06:34.195021+00:00,141.5,500,ask,YieldingYams,AverageAlmonds,8177634
2026-07-05T10:06:34.793183,2026-07-05T10:06:34.800841+00:00,141.5,125,ask,YieldingYams,AverageAlmonds,8177639
2026-07-05T10:06:34.936314,2026-07-05T10:06:34.947007+00:00,141.5,200,bid,WavyWalnuts,AverageAlmonds,8177641
2026-07-05T10:06:35.045713,2026-07-05T10:06:35.050512+00:00,141.3,23,bid,Xuanyu Liu,YieldingYams,8177648
2026-07-05T10:06:36.151074,2026-07-05T10:06:36.158548+00:00,141.3,200,bid,WavyWalnuts,YieldingYams,8177665
2026-07-05T10:06:37.365745,2026-07-05T10:06:37.376368+00:00,141.4,200,bid,WavyWalnuts,YieldingYams,8177676
2026-07-05T10:06:37.513260,2026-07-05T10:06:37.517589+00:00,141.2,23,ask,YieldingYams,Xuanyu Liu,8177683
2026-07-05T10:06:38.967590,2026-07-05T10:06:38.971627+00:00,141.3,11,ask,YieldingYams,Xuanyu Liu,8177710
2026-07-05T10:06:41.571944,2026-07-05T10:06:41.579480+00:00,141.3,200,bid,YieldingYams,WavyWalnuts,8177752
2026-07-05T10:06:43.358017,2026-07-05T10:06:43.369783+00:00,141.3,20,ask,WavyWalnuts,BrilliantBurritos,8177774
2026-07-05T10:06:44.655164,2026-07-05T10:06:44.659350+00:00,141.4,11,ask,WavyWalnuts,Xuanyu Liu,8177802
2026-07-05T10:06:46.811817,2026-07-05T10:06:46.820315+00:00,141.4,200,bid,YieldingYams,WavyWalnuts,8177829
2026-07-05T10:06:54.722394,2026-07-05T10:06:54.734581+00:00,141.3,20,ask,YieldingYams,BrilliantBurritos,8177935
2026-07-05T10:06:55.554838,2026-07-05T10:06:55.558617+00:00,141.3,200,ask,YieldingYams,WavyWalnuts,8177945
2026-07-05T10:06:57.972928,2026-07-05T10:06:57.984576+00:00,141.3,200,ask,YieldingYams,WavyWalnuts,8177972
2026-07-05T10:06:59.182881,2026-07-05T10:06:59.190393+00:00,141.4,200,ask,YieldingYams,WavyWalnuts,8178000
2026-07-05T10:07:00.390646,2026-07-05T10:07:00.401883+00:00,141.3,200,ask,YieldingYams,WavyWalnuts,8178013
2026-07-05T10:07:01.273270,2026-07-05T10:07:01.285060+00:00,141.1,20,ask,YieldingYams,BrilliantBurritos,8178026
2026-07-05T10:07:01.645029,2026-07-05T10:07:01.649732+00:00,141.2,22,bid,Xuanyu Liu,WavyWalnuts,8178037
2026-07-05T10:07:03.865347,2026-07-05T10:07:03.874547+00:00,141.2,200,bid,YieldingYams,WavyWalnuts,8178062
2026-07-05T10:07:03.908152,2026-07-05T10:07:03.916599+00:00,141.6,20,bid,BrilliantBurritos,YieldingYams,8178063
2026-07-05T10:07:04.024566,2026-07-05T10:07:04.031744+00:00,141.4,200,ask,YieldingYams,WavyWalnuts,8178065
2026-07-05T10:07:04.783284,2026-07-05T10:07:04.792990+00:00,141.4,20,ask,YieldingYams,BrilliantBurritos,8178078
2026-07-05T10:07:05.238421,2026-07-05T10:07:05.246963+00:00,141.1,200,ask,YieldingYams,WavyWalnuts,8178086
2026-07-05T10:07:05.536844,2026-07-05T10:07:05.548804+00:00,141.3,20,bid,BrilliantBurritos,YieldingYams,8178094
2026-07-05T10:07:06.451487,2026-07-05T10:07:06.463684+00:00,141.1,200,ask,YieldingYams,WavyWalnuts,8178105
2026-07-05T10:07:07.673306,2026-07-05T10:07:07.677492+00:00,141.1,12,bid,Xuanyu Liu,WavyWalnuts,8178120
2026-07-05T10:07:10.418500,2026-07-05T10:07:10.426188+00:00,141.1,200,bid,YieldingYams,WavyWalnuts,8178158
2026-07-05T10:07:11.286597,2026-07-05T10:07:11.293481+00:00,141.1,200,ask,YieldingYams,WavyWalnuts,8178166
2026-07-05T10:07:12.497360,2026-07-05T10:07:12.509317+00:00,141.0,200,ask,AverageAlmonds,WavyWalnuts,8178188
2026-07-05T10:07:12.973927,2026-07-05T10:07:12.986038+00:00,141.2,20,bid,BrilliantBurritos,YieldingYams,8178195
2026-07-05T10:07:14.371468,2026-07-05T10:07:14.382391+00:00,140.9,200,ask,WavyWalnuts,YieldingYams,8178210
2026-07-05T10:07:14.748789,2026-07-05T10:07:14.760055+00:00,140.9,425,bid,AverageAlmonds,YieldingYams,8178213
2026-07-05T10:07:14.914191,2026-07-05T10:07:14.921398+00:00,140.9,75,ask,AverageAlmonds,WavyWalnuts,8178216
2026-07-05T10:07:15.339505,2026-07-05T10:07:15.346722+00:00,140.9,125,bid,AverageAlmonds,WavyWalnuts,8178227
2026-07-05T10:07:15.695426,2026-07-05T10:07:15.700203+00:00,141.2,23,ask,YieldingYams,Xuanyu Liu,8178230
2026-07-05T10:07:16.128165,2026-07-05T10:07:16.135709+00:00,141.2,200,ask,YieldingYams,WavyWalnuts,8178233
2026-07-05T10:07:17.009845,2026-07-05T10:07:17.014616+00:00,141.3,11,ask,YieldingYams,Xuanyu Liu,8178247
2026-07-05T10:07:17.221589,2026-07-05T10:07:17.231508+00:00,141.3,20,ask,YieldingYams,BrilliantBurritos,8178257
2026-07-05T10:07:17.340312,2026-07-05T10:07:17.347037+00:00,141.3,200,ask,YieldingYams,WavyWalnuts,8178258
2026-07-05T10:07:18.599473,2026-07-05T10:07:18.603861+00:00,141.3,57,bid,Xuanyu Liu,YieldingYams,8178280
2026-07-05T10:07:19.000666,2026-07-05T10:07:19.012009+00:00,141.1,20,ask,WavyWalnuts,BrilliantBurritos,8178287
2026-07-05T10:07:23.554091,2026-07-05T10:07:23.562159+00:00,141.3,200,ask,WavyWalnuts,YieldingYams,8178351
2026-07-05T10:07:24.600912,2026-07-05T10:07:24.609754+00:00,141.1,200,bid,WavyWalnuts,YieldingYams,8178362
2026-07-05T10:07:26.177864,2026-07-05T10:07:26.188193+00:00,141.1,200,ask,WavyWalnuts,YieldingYams,8178396
2026-07-05T10:07:27.486051,2026-07-05T10:07:27.493754+00:00,141.1,200,bid,YieldingYams,WavyWalnuts,8178421
2026-07-05T10:07:27.504722,2026-07-05T10:07:27.508761+00:00,141.2,23,ask,YieldingYams,Xuanyu Liu,8178423
2026-07-05T10:07:28.218539,2026-07-05T10:07:28.230626+00:00,141.2,20,ask,YieldingYams,BrilliantBurritos,8178433
2026-07-05T10:07:31.310495,2026-07-05T10:07:31.314187+00:00,141.0,23,ask,YieldingYams,Xuanyu Liu,8178478
2026-07-05T10:07:31.857354,2026-07-05T10:07:31.864351+00:00,141.2,200,bid,WavyWalnuts,YieldingYams,8178486
2026-07-05T10:07:34.850927,2026-07-05T10:07:34.860516+00:00,141.3,20,bid,BrilliantBurritos,WavyWalnuts,8178532
2026-07-05T10:07:41.582904,2026-07-05T10:07:41.587366+00:00,141.1,11,ask,WavyWalnuts,Xuanyu Liu,8178621
2026-07-05T10:07:42.784653,2026-07-05T10:07:42.793363+00:00,141.0,200,ask,YieldingYams,WavyWalnuts,8178643
2026-07-05T10:07:44.014832,2026-07-05T10:07:44.018969+00:00,141.0,11,bid,Xuanyu Liu,WavyWalnuts,8178660
2026-07-05T10:07:45.222001,2026-07-05T10:07:45.230905+00:00,140.9,200,ask,YieldingYams,WavyWalnuts,8178684
2026-07-05T10:07:45.664711,2026-07-05T10:07:45.668924+00:00,140.9,11,ask,YieldingYams,Xuanyu Liu,8178693
2026-07-05T10:07:48.848341,2026-07-05T10:07:48.856586+00:00,141.1,200,ask,YieldingYams,WavyWalnuts,8178741
2026-07-05T10:07:49.814915,2026-07-05T10:07:49.819132+00:00,141.2,12,ask,YieldingYams,Xuanyu Liu,8178758
2026-07-05T10:07:51.113393,2026-07-05T10:07:51.122449+00:00,141.3,200,bid,YieldingYams,WavyWalnuts,8178773
2026-07-05T10:07:55.064845,2026-07-05T10:07:55.069057+00:00,141.3,11,ask,YieldingYams,Xuanyu Liu,8178831
2026-07-05T10:07:57.336801,2026-07-05T10:07:57.344707+00:00,141.3,200,ask,YieldingYams,WavyWalnuts,8178872
2026-07-05T10:07:58.550660,2026-07-05T10:07:58.553379+00:00,141.2,200,ask,YieldingYams,WavyWalnuts,8178896
2026-07-05T10:07:58.999435,2026-07-05T10:07:59.006586+00:00,141.3,500,ask,AverageAlmonds,YieldingYams,8178909
2026-07-05T10:08:01.616548,2026-07-05T10:08:01.625735+00:00,141.3,200,bid,YieldingYams,WavyWalnuts,8178936
2026-07-05T10:08:02.897992,2026-07-05T10:08:02.902220+00:00,141.5,11,bid,Xuanyu Liu,WavyWalnuts,8178950
2026-07-05T10:08:02.950968,2026-07-05T10:08:02.954983+00:00,141.4,12,bid,Xuanyu Liu,YieldingYams,8178952
2026-07-05T10:08:05.842154,2026-07-05T10:08:05.845868+00:00,141.3,11,bid,Xuanyu Liu,WavyWalnuts,8178988
2026-07-05T10:08:06.771952,2026-07-05T10:08:06.782464+00:00,141.2,20,ask,YieldingYams,BrilliantBurritos,8178998
2026-07-05T10:08:09.764852,2026-07-05T10:08:09.776918+00:00,141.0,20,ask,AverageAlmonds,BrilliantBurritos,8179047
2026-07-05T10:08:11.676566,2026-07-05T10:08:11.683681+00:00,141.1,500,bid,AverageAlmonds,YieldingYams,8179091
2026-07-05T10:08:12.106682,2026-07-05T10:08:12.114066+00:00,141.0,200,bid,YieldingYams,WavyWalnuts,8179097
2026-07-05T10:08:13.102266,2026-07-05T10:08:13.109367+00:00,141.2,200,ask,AverageAlmonds,WavyWalnuts,8179105
2026-07-05T10:08:13.490245,2026-07-05T10:08:13.497003+00:00,141.3,500,bid,AverageAlmonds,YieldingYams,8179117
2026-07-05T10:08:14.081377,2026-07-05T10:08:14.089640+00:00,141.3,125,bid,AverageAlmonds,YieldingYams,8179132
2026-07-05T10:08:14.313462,2026-07-05T10:08:14.324934+00:00,141.3,200,ask,AverageAlmonds,WavyWalnuts,8179134
2026-07-05T10:08:15.271759,2026-07-05T10:08:15.283208+00:00,141.6,20,bid,BrilliantBurritos,YieldingYams,8179156
2026-07-05T10:08:15.523693,2026-07-05T10:08:15.530736+00:00,141.4,200,ask,YieldingYams,WavyWalnuts,8179161
2026-07-05T10:08:16.048969,2026-07-05T10:08:16.058609+00:00,141.3,500,ask,AverageAlmonds,YieldingYams,8179173
2026-07-05T10:08:17.102060,2026-07-05T10:08:17.109609+00:00,141.3,125,bid,AverageAlmonds,YieldingYams,8179182
2026-07-05T10:08:17.102060,2026-07-05T10:08:17.114800+00:00,141.3,200,bid,AverageAlmonds,WavyWalnuts,8179183
2026-07-05T10:08:17.956685,2026-07-05T10:08:17.958556+00:00,141.4,200,ask,YieldingYams,WavyWalnuts,8179201
2026-07-05T10:08:19.178902,2026-07-05T10:08:19.184047+00:00,141.5,11,bid,Xuanyu Liu,WavyWalnuts,8179215
2026-07-05T10:08:19.764678,2026-07-05T10:08:19.776887+00:00,141.4,20,ask,YieldingYams,BrilliantBurritos,8179227
2026-07-05T10:08:25.230353,2026-07-05T10:08:25.241119+00:00,141.4,200,bid,WavyWalnuts,YieldingYams,8179314
2026-07-05T10:08:26.440454,2026-07-05T10:08:26.448475+00:00,141.4,200,bid,WavyWalnuts,YieldingYams,8179332
2026-07-05T10:08:30.278223,2026-07-05T10:08:30.288734+00:00,141.5,20,bid,BrilliantBurritos,YieldingYams,8179395
2026-07-05T10:08:30.497630,2026-07-05T10:08:30.502360+00:00,141.4,12,bid,Xuanyu Liu,YieldingYams,8179403
2026-07-05T10:08:31.282568,2026-07-05T10:08:31.292573+00:00,141.4,200,bid,WavyWalnuts,YieldingYams,8179410
2026-07-05T10:08:33.191478,2026-07-05T10:08:33.203474+00:00,141.4,20,ask,YieldingYams,BrilliantBurritos,8179439
2026-07-05T10:08:34.428885,2026-07-05T10:08:34.432955+00:00,141.5,12,ask,YieldingYams,Xuanyu Liu,8179458
2026-07-05T10:08:34.522067,2026-07-05T10:08:34.526483+00:00,141.6,23,bid,Xuanyu Liu,WavyWalnuts,8179463
2026-07-05T10:08:38.912417,2026-07-05T10:08:38.920559+00:00,141.6,500,ask,YieldingYams,AverageAlmonds,8179512
2026-07-05T10:08:39.528174,2026-07-05T10:08:39.535062+00:00,141.6,125,ask,YieldingYams,AverageAlmonds,8179522
2026-07-05T10:08:39.549270,2026-07-05T10:08:39.555608+00:00,141.6,20,bid,BrilliantBurritos,AverageAlmonds,8179523
2026-07-05T10:08:39.652829,2026-07-05T10:08:39.660915+00:00,141.5,200,ask,WavyWalnuts,YieldingYams,8179526
2026-07-05T10:08:39.751305,2026-07-05T10:08:39.758725+00:00,141.5,200,bid,WavyWalnuts,YieldingYams,8179527
2026-07-05T10:08:40.843351,2026-07-05T10:08:40.847982+00:00,141.5,23,bid,Xuanyu Liu,YieldingYams,8179541
2026-07-05T10:08:40.964754,2026-07-05T10:08:40.975087+00:00,141.5,200,bid,WavyWalnuts,YieldingYams,8179542
2026-07-05T10:08:40.977410,2026-07-05T10:08:40.985318+00:00,141.5,500,bid,YieldingYams,AverageAlmonds,8179543
2026-07-05T10:08:41.319606,2026-07-05T10:08:41.329660+00:00,141.6,125,ask,YieldingYams,AverageAlmonds,8179548
2026-07-05T10:08:42.178401,2026-07-05T10:08:42.185711+00:00,141.5,200,bid,WavyWalnuts,AverageAlmonds,8179555
2026-07-05T10:08:43.390686,2026-07-05T10:08:43.399653+00:00,141.5,200,bid,WavyWalnuts,YieldingYams,8179569
2026-07-05T10:08:43.614157,2026-07-05T10:08:43.618229+00:00,141.4,3,bid,Xuanyu Liu,YieldingYams,8179583
2026-07-05T10:08:44.603504,2026-07-05T10:08:44.613969+00:00,141.4,200,bid,WavyWalnuts,YieldingYams,8179588
2026-07-05T10:08:47.381826,2026-07-05T10:08:47.390927+00:00,141.3,200,ask,WavyWalnuts,AverageAlmonds,8179634
2026-07-05T10:08:48.836558,2026-07-05T10:08:48.848298+00:00,141.2,200,bid,YieldingYams,WavyWalnuts,8179650
2026-07-05T10:08:49.821937,2026-07-05T10:08:49.829621+00:00,141.2,425,ask,YieldingYams,AverageAlmonds,8179664
2026-07-05T10:08:51.460167,2026-07-05T10:08:51.469068+00:00,141.1,200,ask,WavyWalnuts,YieldingYams,8179689
2026-07-05T10:08:53.092106,2026-07-05T10:08:53.103230+00:00,141.1,200,bid,WavyWalnuts,YieldingYams,8179712
2026-07-05T10:08:57.949252,2026-07-05T10:08:57.958586+00:00,141.2,200,bid,WavyWalnuts,YieldingYams,8179790
2026-07-05T10:08:59.162149,2026-07-05T10:08:59.169787+00:00,141.2,200,bid,WavyWalnuts,YieldingYams,8179801
2026-07-05T10:09:00.375240,2026-07-05T10:09:00.383311+00:00,141.2,200,bid,WavyWalnuts,YieldingYams,8179820
2026-07-05T10:09:01.603288,2026-07-05T10:09:01.607477+00:00,141.3,3,ask,WavyWalnuts,Xuanyu Liu,8179839
2026-07-05T10:09:02.545494,2026-07-05T10:09:02.553174+00:00,141.3,197,ask,WavyWalnuts,AverageAlmonds,8179857
2026-07-05T10:09:02.545494,2026-07-05T10:09:02.558185+00:00,141.3,303,ask,YieldingYams,AverageAlmonds,8179858
2026-07-05T10:09:03.144772,2026-07-05T10:09:03.158619+00:00,141.3,322,ask,YieldingYams,AverageAlmonds,8179863
2026-07-05T10:09:03.290558,2026-07-05T10:09:03.297779+00:00,141.2,200,ask,WavyWalnuts,YieldingYams,8179867
2026-07-05T10:09:03.309410,2026-07-05T10:09:03.313628+00:00,141.1,3,bid,Xuanyu Liu,YieldingYams,8179869
2026-07-05T10:09:06.434329,2026-07-05T10:09:06.444972+00:00,141.2,200,bid,WavyWalnuts,YieldingYams,8179913
2026-07-05T10:09:13.769634,2026-07-05T10:09:13.780488+00:00,141.1,500,bid,YieldingYams,AverageAlmonds,8180017
2026-07-05T10:09:13.769634,2026-07-05T10:09:13.780488+00:00,141.1,125,bid,YieldingYams,WavyWalnuts,8180018
2026-07-05T10:09:15.160365,2026-07-05T10:09:15.172371+00:00,141.1,20,bid,BrilliantBurritos,YieldingYams,8180039
2026-07-05T10:09:17.057266,2026-07-05T10:09:17.068869+00:00,141.0,200,ask,WavyWalnuts,AverageAlmonds,8180056
2026-07-05T10:09:20.995943,2026-07-05T10:09:21.004228+00:00,140.9,200,ask,YieldingYams,WavyWalnuts,8180103
2026-07-05T10:09:22.205320,2026-07-05T10:09:22.215484+00:00,140.9,200,ask,YieldingYams,WavyWalnuts,8180122
2026-07-05T10:09:23.413471,2026-07-05T10:09:23.420947+00:00,140.8,200,ask,YieldingYams,WavyWalnuts,8180139
2026-07-05T10:09:25.832802,2026-07-05T10:09:25.840352+00:00,140.7,200,ask,YieldingYams,WavyWalnuts,8180178
2026-07-05T10:09:28.225230,2026-07-05T10:09:28.229494+00:00,140.9,3,ask,YieldingYams,Xuanyu Liu,8180208
2026-07-05T10:09:28.259558,2026-07-05T10:09:28.268417+00:00,140.9,200,ask,YieldingYams,WavyWalnuts,8180210
2026-07-05T10:09:33.114384,2026-07-05T10:09:33.126816+00:00,140.9,200,ask,YieldingYams,WavyWalnuts,8180283
2026-07-05T10:09:34.757916,2026-07-05T10:09:34.768945+00:00,140.9,20,ask,WavyWalnuts,BrilliantBurritos,8180315
2026-07-05T10:09:35.836732,2026-07-05T10:09:35.844592+00:00,140.9,200,ask,WavyWalnuts,AverageAlmonds,8180330
2026-07-05T10:09:35.846673,2026-07-05T10:09:35.854983+00:00,140.9,20,bid,BrilliantBurritos,AverageAlmonds,8180331
2026-07-05T10:09:36.745414,2026-07-05T10:09:36.752267+00:00,140.9,200,bid,WavyWalnuts,YieldingYams,8180341
2026-07-05T10:09:37.958782,2026-07-05T10:09:37.965544+00:00,140.8,200,bid,WavyWalnuts,AverageAlmonds,8180369
2026-07-05T10:09:40.992440,2026-07-05T10:09:40.997148+00:00,140.9,3,bid,Xuanyu Liu,YieldingYams,8180419
2026-07-05T10:09:41.356527,2026-07-05T10:09:41.364861+00:00,140.8,500,bid,YieldingYams,AverageAlmonds,8180426
2026-07-05T10:09:41.880171,2026-07-05T10:09:41.890949+00:00,140.8,125,ask,YieldingYams,AverageAlmonds,8180434
2026-07-05T10:09:42.672599,2026-07-05T10:09:42.680616+00:00,140.7,200,ask,WavyWalnuts,YieldingYams,8180444
2026-07-05T10:09:42.693558,2026-07-05T10:09:42.697688+00:00,140.6,3,bid,Xuanyu Liu,YieldingYams,8180447
2026-07-05T10:09:42.808708,2026-07-05T10:09:42.816442+00:00,140.6,200,bid,WavyWalnuts,YieldingYams,8180448
2026-07-05T10:09:45.298361,2026-07-05T10:09:45.307776+00:00,140.7,200,bid,YieldingYams,WavyWalnuts,8180482
2026-07-05T10:09:45.315345,2026-07-05T10:09:45.319708+00:00,140.8,3,ask,YieldingYams,Xuanyu Liu,8180484
2026-07-05T10:09:45.532721,2026-07-05T10:09:45.541100+00:00,140.8,422,ask,YieldingYams,AverageAlmonds,8180489
2026-07-05T10:09:47.795691,2026-07-05T10:09:47.807800+00:00,140.6,20,ask,YieldingYams,BrilliantBurritos,8180512
2026-07-05T10:09:51.008929,2026-07-05T10:09:51.016124+00:00,140.9,20,bid,BrilliantBurritos,WavyWalnuts,8180565
2026-07-05T10:10:01.099058,2026-07-05T10:10:01.106248+00:00,141.2,500,bid,YieldingYams,AverageAlmonds,8180696
2026-07-05T10:10:01.180364,2026-07-05T10:10:01.192043+00:00,141.3,20,bid,BrilliantBurritos,WavyWalnuts,8180697
2026-07-05T10:10:01.291691,2026-07-05T10:10:01.299807+00:00,141.2,125,ask,YieldingYams,AverageAlmonds,8180699
2026-07-05T10:10:02.413479,2026-07-05T10:10:02.422410+00:00,141.1,200,ask,WavyWalnuts,YieldingYams,8180718
2026-07-05T10:10:02.429683,2026-07-05T10:10:02.434647+00:00,141.0,14,bid,Xuanyu Liu,YieldingYams,8180720
2026-07-05T10:10:06.364070,2026-07-05T10:10:06.367730+00:00,140.8,11,ask,YieldingYams,Xuanyu Liu,8180775
2026-07-05T10:10:07.065462,2026-07-05T10:10:07.074337+00:00,140.8,200,ask,YieldingYams,WavyWalnuts,8180786
2026-07-05T10:10:14.338533,2026-07-05T10:10:14.346914+00:00,140.7,200,bid,WavyWalnuts,YieldingYams,8180906
2026-07-05T10:10:15.800882,2026-07-05T10:10:15.810872+00:00,140.7,200,ask,WavyWalnuts,AverageAlmonds,8180937
2026-07-05T10:10:15.844255,2026-07-05T10:10:15.848735+00:00,140.6,3,ask,YieldingYams,Xuanyu Liu,8180942
2026-07-05T10:10:16.756737,2026-07-05T10:10:16.768690+00:00,140.7,200,bid,WavyWalnuts,AverageAlmonds,8180956
2026-07-05T10:10:18.462188,2026-07-05T10:10:18.474330+00:00,140.7,20,bid,BrilliantBurritos,AverageAlmonds,8180981
2026-07-05T10:10:21.599006,2026-07-05T10:10:21.605819+00:00,140.6,200,bid,WavyWalnuts,YieldingYams,8181013
2026-07-05T10:10:22.168463,2026-07-05T10:10:22.172652+00:00,140.4,14,ask,YieldingYams,Xuanyu Liu,8181027
2026-07-05T10:10:22.807462,2026-07-05T10:10:22.819181+00:00,140.6,200,bid,WavyWalnuts,YieldingYams,8181033
2026-07-05T10:10:23.448826,2026-07-05T10:10:23.453640+00:00,140.5,12,ask,YieldingYams,Xuanyu Liu,8181048
2026-07-05T10:10:24.018914,2026-07-05T10:10:24.028361+00:00,140.6,200,bid,WavyWalnuts,AverageAlmonds,8181057
2026-07-05T10:10:27.391928,2026-07-05T10:10:27.396541+00:00,140.5,11,ask,YieldingYams,Xuanyu Liu,8181101
2026-07-05T10:10:33.564151,2026-07-05T10:10:33.567956+00:00,140.5,12,ask,YieldingYams,Xuanyu Liu,8181197
2026-07-05T10:10:34.930378,2026-07-05T10:10:34.939375+00:00,140.5,200,ask,YieldingYams,WavyWalnuts,8181219
2026-07-05T10:10:36.617222,2026-07-05T10:10:36.626224+00:00,140.4,200,ask,WavyWalnuts,YieldingYams,8181243
2026-07-05T10:10:37.346313,2026-07-05T10:10:37.355002+00:00,140.4,200,bid,WavyWalnuts,YieldingYams,8181252
2026-07-05T10:10:38.017162,2026-07-05T10:10:38.021607+00:00,140.3,11,ask,YieldingYams,Xuanyu Liu,8181272
2026-07-05T10:10:40.543500,2026-07-05T10:10:40.550371+00:00,140.3,200,bid,YieldingYams,WavyWalnuts,8181308
2026-07-05T10:10:40.992517,2026-07-05T10:10:40.999438+00:00,140.3,200,ask,YieldingYams,WavyWalnuts,8181317
2026-07-05T10:10:41.882634,2026-07-05T10:10:41.887281+00:00,140.3,11,bid,Xuanyu Liu,YieldingYams,8181336
2026-07-05T10:10:43.180425,2026-07-05T10:10:43.191319+00:00,140.2,200,ask,WavyWalnuts,YieldingYams,8181360
2026-07-05T10:10:43.180425,2026-07-05T10:10:43.191319+00:00,140.2,425,ask,AverageAlmonds,YieldingYams,8181361
2026-07-05T10:10:43.814943,2026-07-05T10:10:43.827606+00:00,140.2,20,ask,WavyWalnuts,BrilliantBurritos,8181372
2026-07-05T10:10:44.637816,2026-07-05T10:10:44.641558+00:00,140.3,11,ask,WavyWalnuts,Xuanyu Liu,8181388
2026-07-05T10:10:47.039742,2026-07-05T10:10:47.049197+00:00,140.3,200,ask,AverageAlmonds,WavyWalnuts,8181420
2026-07-05T10:10:47.124585,2026-07-05T10:10:47.133499+00:00,140.3,300,ask,AverageAlmonds,YieldingYams,8181423
2026-07-05T10:10:47.249961,2026-07-05T10:10:47.258581+00:00,140.3,325,bid,AverageAlmonds,YieldingYams,8181426
2026-07-05T10:10:48.264360,2026-07-05T10:10:48.268358+00:00,140.5,11,bid,Xuanyu Liu,WavyWalnuts,8181451
2026-07-05T10:10:49.458524,2026-07-05T10:10:49.470308+00:00,140.4,200,ask,AverageAlmonds,WavyWalnuts,8181472
2026-07-05T10:10:50.671722,2026-07-05T10:10:50.676273+00:00,140.3,22,ask,WavyWalnuts,Xuanyu Liu,8181492
2026-07-05T10:10:50.685374,2026-07-05T10:10:50.689400+00:00,140.3,12,ask,WavyWalnuts,Xuanyu Liu,8181494
2026-07-05T10:10:51.081104,2026-07-05T10:10:51.092972+00:00,140.4,20,bid,BrilliantBurritos,YieldingYams,8181499
2026-07-05T10:10:51.876070,2026-07-05T10:10:51.882990+00:00,140.4,200,bid,WavyWalnuts,YieldingYams,8181512
2026-07-05T10:10:52.274562,2026-07-05T10:10:52.283032+00:00,140.4,20,bid,BrilliantBurritos,YieldingYams,8181518
2026-07-05T10:10:52.766241,2026-07-05T10:10:52.778374+00:00,140.5,20,bid,BrilliantBurritos,YieldingYams,8181527
2026-07-05T10:10:53.691581,2026-07-05T10:10:53.695597+00:00,140.4,11,ask,YieldingYams,Xuanyu Liu,8181543
2026-07-05T10:10:53.784172,2026-07-05T10:10:53.788278+00:00,140.5,11,bid,Xuanyu Liu,WavyWalnuts,8181547
2026-07-05T10:10:57.920472,2026-07-05T10:10:57.931820+00:00,140.6,200,ask,YieldingYams,WavyWalnuts,8181610
2026-07-05T10:10:58.961678,2026-07-05T10:10:58.966897+00:00,140.5,23,bid,Xuanyu Liu,YieldingYams,8181625
2026-07-05T10:11:00.169223,2026-07-05T10:11:00.173884+00:00,140.4,23,ask,WavyWalnuts,Xuanyu Liu,8181640
2026-07-05T10:11:00.345269,2026-07-05T10:11:00.352509+00:00,140.5,200,bid,WavyWalnuts,YieldingYams,8181647
2026-07-05T10:11:01.554509,2026-07-05T10:11:01.564017+00:00,140.5,200,bid,WavyWalnuts,YieldingYams,8181665
2026-07-05T10:11:02.762845,2026-07-05T10:11:02.772226+00:00,140.6,200,bid,WavyWalnuts,YieldingYams,8181680
2026-07-05T10:11:02.900301,2026-07-05T10:11:02.904782+00:00,140.6,17,ask,YieldingYams,Xuanyu Liu,8181686
2026-07-05T10:11:03.620039,2026-07-05T10:11:03.627695+00:00,140.6,500,ask,YieldingYams,AverageAlmonds,8181698
2026-07-05T10:11:04.196593,2026-07-05T10:11:04.241027+00:00,140.7,200,ask,WavyWalnuts,YieldingYams,8181707
2026-07-05T10:11:04.236770,2026-07-05T10:11:04.241027+00:00,140.4,29,bid,Xuanyu Liu,YieldingYams,8181709
2026-07-05T10:11:05.180748,2026-07-05T10:11:05.187698+00:00,140.4,200,bid,WavyWalnuts,YieldingYams,8181725
2026-07-05T10:11:06.389673,2026-07-05T10:11:06.399122+00:00,140.6,200,bid,WavyWalnuts,YieldingYams,8181750
2026-07-05T10:11:07.533393,2026-07-05T10:11:07.543597+00:00,140.4,20,ask,YieldingYams,BrilliantBurritos,8181771
2026-07-05T10:11:07.617705,2026-07-05T10:11:07.622401+00:00,140.5,12,ask,WavyWalnuts,Xuanyu Liu,8181777
2026-07-05T10:11:09.064429,2026-07-05T10:11:09.074274+00:00,140.5,500,ask,YieldingYams,AverageAlmonds,8181801
2026-07-05T10:11:09.460787,2026-07-05T10:11:09.470522+00:00,140.5,200,ask,WavyWalnuts,YieldingYams,8181805
2026-07-05T10:11:09.817920,2026-07-05T10:11:09.830298+00:00,140.2,20,ask,YieldingYams,BrilliantBurritos,8181808
2026-07-05T10:11:10.271413,2026-07-05T10:11:10.299705+00:00,140.4,200,ask,WavyWalnuts,AverageAlmonds,8181816
2026-07-05T10:11:10.295365,2026-07-05T10:11:10.299705+00:00,140.4,12,bid,Xuanyu Liu,AverageAlmonds,8181818
2026-07-05T10:11:10.771187,2026-07-05T10:11:10.781755+00:00,140.4,288,bid,YieldingYams,AverageAlmonds,8181824
2026-07-05T10:11:10.865077,2026-07-05T10:11:10.874697+00:00,140.4,337,ask,YieldingYams,AverageAlmonds,8181827
2026-07-05T10:11:12.764964,2026-07-05T10:11:12.769040+00:00,140.3,11,bid,Xuanyu Liu,YieldingYams,8181856
2026-07-05T10:11:13.667822,2026-07-05T10:11:13.672084+00:00,140.1,23,bid,Xuanyu Liu,WavyWalnuts,8181869
2026-07-05T10:11:14.726647,2026-07-05T10:11:14.735172+00:00,140.1,177,bid,YieldingYams,WavyWalnuts,8181883
2026-07-05T10:11:15.118597,2026-07-05T10:11:15.129510+00:00,140.2,448,ask,YieldingYams,AverageAlmonds,8181895
2026-07-05T10:11:17.269098,2026-07-05T10:11:17.279320+00:00,140.2,200,bid,WavyWalnuts,YieldingYams,8181925
2026-07-05T10:11:19.154172,2026-07-05T10:11:19.158921+00:00,140.1,23,ask,WavyWalnuts,Xuanyu Liu,8181953
2026-07-05T10:11:19.684748,2026-07-05T10:11:19.692701+00:00,140.2,200,bid,WavyWalnuts,AverageAlmonds,8181964
2026-07-05T10:11:22.624250,2026-07-05T10:11:22.634575+00:00,140.3,200,bid,YieldingYams,WavyWalnuts,8181995
2026-07-05T10:11:22.624250,2026-07-05T10:11:22.634575+00:00,140.3,425,bid,YieldingYams,AverageAlmonds,8181996
2026-07-05T10:11:26.818059,2026-07-05T10:11:26.825187+00:00,140.0,20,ask,WavyWalnuts,BrilliantBurritos,8182053
2026-07-05T10:11:28.610235,2026-07-05T10:11:28.614560+00:00,140.1,11,bid,Xuanyu Liu,WavyWalnuts,8182077
2026-07-05T10:11:30.497225,2026-07-05T10:11:30.518772+00:00,140.0,200,ask,WavyWalnuts,YieldingYams,8182104
2026-07-05T10:11:30.514766,2026-07-05T10:11:30.518772+00:00,139.9,23,bid,Xuanyu Liu,YieldingYams,8182106
2026-07-05T10:11:30.580495,2026-07-05T10:11:30.592011+00:00,139.9,200,bid,WavyWalnuts,YieldingYams,8182112
2026-07-05T10:11:31.747992,2026-07-05T10:11:31.756918+00:00,139.7,20,ask,YieldingYams,BrilliantBurritos,8182127
2026-07-05T10:11:31.792695,2026-07-05T10:11:31.804487+00:00,139.9,200,bid,WavyWalnuts,YieldingYams,8182129
2026-07-05T10:11:35.755467,2026-07-05T10:11:35.757378+00:00,140.0,500,bid,YieldingYams,AverageAlmonds,8182178
2026-07-05T10:11:36.039153,2026-07-05T10:11:36.051484+00:00,140.0,20,ask,YieldingYams,BrilliantBurritos,8182182
2026-07-05T10:11:36.275445,2026-07-05T10:11:36.297310+00:00,140.0,105,ask,YieldingYams,AverageAlmonds,8182183
2026-07-05T10:11:37.066874,2026-07-05T10:11:37.074218+00:00,139.9,200,ask,WavyWalnuts,YieldingYams,8182199
2026-07-05T10:11:38.396504,2026-07-05T10:11:38.401234+00:00,139.8,12,bid,Xuanyu Liu,YieldingYams,8182222
2026-07-05T10:11:40.281054,2026-07-05T10:11:40.288467+00:00,139.7,200,ask,YieldingYams,WavyWalnuts,8182246
2026-07-05T10:11:41.509959,2026-07-05T10:11:41.515527+00:00,139.7,11,bid,Xuanyu Liu,WavyWalnuts,8182269
2026-07-05T10:11:42.702844,2026-07-05T10:11:42.711242+00:00,139.6,200,ask,YieldingYams,WavyWalnuts,8182279
2026-07-05T10:11:47.542008,2026-07-05T10:11:47.551435+00:00,139.6,200,ask,YieldingYams,WavyWalnuts,8182342
2026-07-05T10:11:49.594319,2026-07-05T10:11:49.599339+00:00,139.8,3,bid,Xuanyu Liu,YieldingYams,8182379
2026-07-05T10:11:50.242702,2026-07-05T10:11:50.254155+00:00,139.7,200,ask,WavyWalnuts,YieldingYams,8182389
2026-07-05T10:11:51.174224,2026-07-05T10:11:51.182793+00:00,139.7,200,bid,WavyWalnuts,YieldingYams,8182393
2026-07-05T10:11:55.297380,2026-07-05T10:11:55.309622+00:00,139.8,20,bid,BrilliantBurritos,YieldingYams,8182461
2026-07-05T10:11:55.494135,2026-07-05T10:11:55.505655+00:00,139.6,200,ask,WavyWalnuts,YieldingYams,8182464
2026-07-05T10:11:55.511875,2026-07-05T10:11:55.525645+00:00,139.6,14,bid,Xuanyu Liu,YieldingYams,8182468
2026-07-05T10:11:56.407726,2026-07-05T10:11:56.415947+00:00,139.5,20,ask,WavyWalnuts,BrilliantBurritos,8182483
2026-07-05T10:11:57.140953,2026-07-05T10:11:57.145438+00:00,139.5,11,ask,WavyWalnuts,Xuanyu Liu,8182490
2026-07-05T10:11:58.447806,2026-07-05T10:11:58.458614+00:00,139.6,200,bid,WavyWalnuts,YieldingYams,8182505
2026-07-05T10:11:59.425567,2026-07-05T10:11:59.433684+00:00,139.5,500,bid,YieldingYams,AverageAlmonds,8182521
2026-07-05T10:11:59.888126,2026-07-05T10:11:59.895471+00:00,139.6,200,ask,WavyWalnuts,AverageAlmonds,8182530
2026-07-05T10:11:59.888126,2026-07-05T10:11:59.923074+00:00,139.5,125,ask,YieldingYams,AverageAlmonds,8182531
2026-07-05T10:11:59.918470,2026-07-05T10:11:59.923074+00:00,139.4,7,bid,Xuanyu Liu,AverageAlmonds,8182534
2026-07-05T10:12:00.870068,2026-07-05T10:12:00.879177+00:00,139.4,200,bid,WavyWalnuts,YieldingYams,8182541
2026-07-05T10:12:01.787279,2026-07-05T10:12:01.799399+00:00,139.1,20,ask,YieldingYams,BrilliantBurritos,8182552
2026-07-05T10:12:02.081546,2026-07-05T10:12:02.092472+00:00,139.5,200,bid,WavyWalnuts,YieldingYams,8182557
2026-07-05T10:12:03.294063,2026-07-05T10:12:03.303041+00:00,139.5,200,bid,WavyWalnuts,YieldingYams,8182570
2026-07-05T10:12:04.667454,2026-07-05T10:12:04.693438+00:00,139.6,200,ask,WavyWalnuts,YieldingYams,8182592
2026-07-05T10:12:04.689404,2026-07-05T10:12:04.693438+00:00,139.6,4,bid,Xuanyu Liu,YieldingYams,8182597
2026-07-05T10:12:05.713900,2026-07-05T10:12:05.725167+00:00,139.6,200,bid,WavyWalnuts,YieldingYams,8182611
2026-07-05T10:12:07.056395,2026-07-05T10:12:07.057889+00:00,139.5,20,ask,YieldingYams,BrilliantBurritos,8182644
2026-07-05T10:12:11.400332,2026-07-05T10:12:11.410974+00:00,139.7,200,ask,WavyWalnuts,AverageAlmonds,8182709
2026-07-05T10:12:11.787950,2026-07-05T10:12:11.859680+00:00,139.7,12,bid,Xuanyu Liu,AverageAlmonds,8182719
2026-07-05T10:12:12.008571,2026-07-05T10:12:12.027931+00:00,139.6,500,ask,YieldingYams,AverageAlmonds,8182724
2026-07-05T10:12:12.528432,2026-07-05T10:12:12.538163+00:00,139.6,200,ask,WavyWalnuts,YieldingYams,8182733
2026-07-05T10:12:12.544467,2026-07-05T10:12:12.558857+00:00,139.5,23,bid,Xuanyu Liu,YieldingYams,8182735
2026-07-05T10:12:14.095929,2026-07-05T10:12:14.105350+00:00,139.6,20,bid,BrilliantBurritos,WavyWalnuts,8182764
2026-07-05T10:12:15.350311,2026-07-05T10:12:15.358617+00:00,139.6,20,bid,BrilliantBurritos,AverageAlmonds,8182781
2026-07-05T10:12:16.493945,2026-07-05T10:12:16.502654+00:00,139.4,200,ask,WavyWalnuts,YieldingYams,8182795
2026-07-05T10:12:16.508818,2026-07-05T10:12:16.512815+00:00,139.4,11,bid,Xuanyu Liu,YieldingYams,8182797
2026-07-05T10:12:16.633235,2026-07-05T10:12:16.642286+00:00,139.4,200,bid,WavyWalnuts,YieldingYams,8182803
2026-07-05T10:12:17.646210,2026-07-05T10:12:17.652697+00:00,139.4,20,bid,BrilliantBurritos,YieldingYams,8182828
2026-07-05T10:12:19.060692,2026-07-05T10:12:19.069128+00:00,139.4,200,ask,YieldingYams,WavyWalnuts,8182850
2026-07-05T10:12:19.257866,2026-07-05T10:12:19.269504+00:00,139.4,500,ask,YieldingYams,AverageAlmonds,8182855
2026-07-05T10:12:21.489480,2026-07-05T10:12:21.500496+00:00,139.4,200,bid,WavyWalnuts,YieldingYams,8182889
2026-07-05T10:12:23.084358,2026-07-05T10:12:23.088497+00:00,139.4,11,ask,YieldingYams,Xuanyu Liu,8182917
2026-07-05T10:12:28.866716,2026-07-05T10:12:28.878959+00:00,139.3,20,ask,YieldingYams,BrilliantBurritos,8183006
2026-07-05T10:12:30.993950,2026-07-05T10:12:31.001444+00:00,139.4,500,bid,YieldingYams,AverageAlmonds,8183039
2026-07-05T10:12:31.654400,2026-07-05T10:12:31.666585+00:00,139.5,20,bid,BrilliantBurritos,AverageAlmonds,8183054
2026-07-05T10:12:33.660164,2026-07-05T10:12:33.667724+00:00,139.4,200,bid,WavyWalnuts,AverageAlmonds,8183085
2026-07-05T10:12:35.630741,2026-07-05T10:12:35.640719+00:00,139.4,200,ask,WavyWalnuts,AverageAlmonds,8183115
2026-07-05T10:12:36.078675,2026-07-05T10:12:36.090585+00:00,139.4,200,bid,WavyWalnuts,AverageAlmonds,8183124
2026-07-05T10:12:41.573974,2026-07-05T10:12:41.586429+00:00,139.5,20,bid,BrilliantBurritos,WavyWalnuts,8183204
2026-07-05T10:12:42.877715,2026-07-05T10:12:42.891284+00:00,139.7,20,bid,BrilliantBurritos,WavyWalnuts,8183226
2026-07-05T10:12:47.117372,2026-07-05T10:12:47.124171+00:00,139.5,500,ask,YieldingYams,AverageAlmonds,8183298
2026-07-05T10:12:47.710433,2026-07-05T10:12:47.721546+00:00,139.5,125,ask,YieldingYams,AverageAlmonds,8183303
2026-07-05T10:12:48.070598,2026-07-05T10:12:48.079678+00:00,139.4,200,ask,WavyWalnuts,YieldingYams,8183311
2026-07-05T10:12:48.168141,2026-07-05T10:12:48.176154+00:00,139.4,200,bid,WavyWalnuts,YieldingYams,8183314
2026-07-05T10:12:51.011667,2026-07-05T10:12:51.016066+00:00,139.3,12,ask,YieldingYams,Xuanyu Liu,8183350
2026-07-05T10:12:53.322428,2026-07-05T10:12:53.332038+00:00,139.4,200,bid,YieldingYams,WavyWalnuts,8183379
2026-07-05T10:12:53.338223,2026-07-05T10:12:53.342260+00:00,139.4,11,ask,YieldingYams,Xuanyu Liu,8183381
2026-07-05T10:12:57.260766,2026-07-05T10:12:57.268907+00:00,139.4,500,bid,YieldingYams,AverageAlmonds,8183435
2026-07-05T10:12:57.342160,2026-07-05T10:12:57.346995+00:00,139.4,26,ask,YieldingYams,Xuanyu Liu,8183439
2026-07-05T10:12:57.415467,2026-07-05T10:12:57.426748+00:00,139.4,99,ask,YieldingYams,AverageAlmonds,8183442
2026-07-05T10:12:57.867556,2026-07-05T10:12:57.874451+00:00,139.4,200,bid,WavyWalnuts,AverageAlmonds,8183446
2026-07-05T10:12:59.075534,2026-07-05T10:12:59.085331+00:00,139.4,200,bid,WavyWalnuts,YieldingYams,8183461
2026-07-05T10:13:00.284147,2026-07-05T10:13:00.288418+00:00,139.3,200,bid,WavyWalnuts,YieldingYams,8183484
2026-07-05T10:13:02.720631,2026-07-05T10:13:02.732393+00:00,139.5,20,bid,BrilliantBurritos,AverageAlmonds,8183516
2026-07-05T10:13:05.175250,2026-07-05T10:13:05.179419+00:00,139.4,3,bid,Xuanyu Liu,YieldingYams,8183555
2026-07-05T10:13:07.564644,2026-07-05T10:13:07.571859+00:00,139.4,200,bid,WavyWalnuts,YieldingYams,8183595
2026-07-05T10:13:08.335822,2026-07-05T10:13:08.345579+00:00,139.3,500,ask,YieldingYams,AverageAlmonds,8183605
2026-07-05T10:13:08.927479,2026-07-05T10:13:08.934584+00:00,139.3,125,ask,YieldingYams,AverageAlmonds,8183614
2026-07-05T10:13:08.927479,2026-07-05T10:13:08.939601+00:00,139.2,200,ask,WavyWalnuts,AverageAlmonds,8183615
2026-07-05T10:13:08.954539,2026-07-05T10:13:08.958962+00:00,139.2,11,bid,Xuanyu Liu,AverageAlmonds,8183617
2026-07-05T10:13:10.410496,2026-07-05T10:13:10.418950+00:00,139.0,200,ask,WavyWalnuts,YieldingYams,8183631
2026-07-05T10:13:10.686386,2026-07-05T10:13:10.695099+00:00,139.0,20,bid,BrilliantBurritos,YieldingYams,8183635
2026-07-05T10:13:13.626025,2026-07-05T10:13:13.630116+00:00,139.0,11,ask,WavyWalnuts,Xuanyu Liu,8183685
2026-07-05T10:13:15.157856,2026-07-05T10:13:15.165395+00:00,139.1,20,bid,BrilliantBurritos,AverageAlmonds,8183703
2026-07-05T10:13:16.029961,2026-07-05T10:13:16.037119+00:00,139.1,200,bid,WavyWalnuts,AverageAlmonds,8183715
2026-07-05T10:13:16.195747,2026-07-05T10:13:16.205405+00:00,139.0,500,ask,YieldingYams,AverageAlmonds,8183716
2026-07-05T10:13:16.219675,2026-07-05T10:13:16.231509+00:00,139.3,20,bid,BrilliantBurritos,YieldingYams,8183718
2026-07-05T10:13:16.788441,2026-07-05T10:13:16.798719+00:00,139.0,125,ask,YieldingYams,AverageAlmonds,8183729
2026-07-05T10:13:17.242713,2026-07-05T10:13:17.252438+00:00,138.9,200,bid,WavyWalnuts,AverageAlmonds,8183734
2026-07-05T10:13:18.452929,2026-07-05T10:13:18.458612+00:00,138.7,200,bid,WavyWalnuts,YieldingYams,8183759
2026-07-05T10:13:19.515336,2026-07-05T10:13:19.519827+00:00,138.5,3,ask,YieldingYams,Xuanyu Liu,8183773
2026-07-05T10:13:19.665746,2026-07-05T10:13:19.677619+00:00,138.8,200,bid,WavyWalnuts,AverageAlmonds,8183776
2026-07-05T10:13:20.921909,2026-07-05T10:13:20.930876+00:00,138.9,500,bid,YieldingYams,AverageAlmonds,8183802
2026-07-05T10:13:22.668396,2026-07-05T10:13:22.675796+00:00,138.8,20,ask,WavyWalnuts,BrilliantBurritos,8183837
2026-07-05T10:13:23.196244,2026-07-05T10:13:23.205052+00:00,138.8,20,ask,WavyWalnuts,BrilliantBurritos,8183845
2026-07-05T10:13:24.902932,2026-07-05T10:13:24.911454+00:00,138.7,20,ask,WavyWalnuts,BrilliantBurritos,8183869
2026-07-05T10:13:28.163266,2026-07-05T10:13:28.170235+00:00,138.8,200,ask,YieldingYams,WavyWalnuts,8183911
2026-07-05T10:13:29.152244,2026-07-05T10:13:29.164838+00:00,138.7,20,ask,YieldingYams,BrilliantBurritos,8183923
2026-07-05T10:13:31.792738,2026-07-05T10:13:31.802590+00:00,138.8,200,ask,YieldingYams,WavyWalnuts,8183959
2026-07-05T10:13:33.016798,2026-07-05T10:13:33.020949+00:00,138.9,3,ask,WavyWalnuts,Xuanyu Liu,8183978
2026-07-05T10:13:33.551123,2026-07-05T10:13:33.558346+00:00,138.9,20,ask,WavyWalnuts,BrilliantBurritos,8183986
2026-07-05T10:13:33.747631,2026-07-05T10:13:33.755445+00:00,138.9,177,ask,WavyWalnuts,AverageAlmonds,8183992
2026-07-05T10:13:35.429397,2026-07-05T10:13:35.440425+00:00,138.8,200,ask,YieldingYams,WavyWalnuts,8184010
2026-07-05T10:13:36.249495,2026-07-05T10:13:36.256110+00:00,138.6,20,ask,WavyWalnuts,BrilliantBurritos,8184022
2026-07-05T10:13:40.772546,2026-07-05T10:13:40.779548+00:00,138.7,200,ask,WavyWalnuts,YieldingYams,8184089
2026-07-05T10:13:40.800124,2026-07-05T10:13:40.805434+00:00,138.7,3,bid,Xuanyu Liu,YieldingYams,8184093
2026-07-05T10:13:41.004131,2026-07-05T10:13:41.011957+00:00,138.7,422,bid,AverageAlmonds,YieldingYams,8184094
2026-07-05T10:13:42.081831,2026-07-05T10:13:42.090650+00:00,138.8,200,bid,YieldingYams,WavyWalnuts,8184109
2026-07-05T10:13:46.047204,2026-07-05T10:13:46.058594+00:00,138.9,200,bid,YieldingYams,WavyWalnuts,8184154
2026-07-05T10:13:47.121841,2026-07-05T10:13:47.134174+00:00,139.1,20,bid,BrilliantBurritos,YieldingYams,8184176
2026-07-05T10:13:47.543623,2026-07-05T10:13:47.552287+00:00,139.0,200,bid,WavyWalnuts,YieldingYams,8184180
2026-07-05T10:13:48.754794,2026-07-05T10:13:48.757106+00:00,139.0,200,bid,WavyWalnuts,YieldingYams,8184206
2026-07-05T10:13:49.964962,2026-07-05T10:13:49.974477+00:00,139.0,200,bid,WavyWalnuts,YieldingYams,8184222
2026-07-05T10:13:51.923140,2026-07-05T10:13:51.931540+00:00,139.1,200,ask,WavyWalnuts,AverageAlmonds,8184249
2026-07-05T10:13:51.923140,2026-07-05T10:13:51.936812+00:00,139.1,300,ask,YieldingYams,AverageAlmonds,8184250
2026-07-05T10:13:52.518032,2026-07-05T10:13:52.525334+00:00,139.1,325,ask,YieldingYams,AverageAlmonds,8184262
2026-07-05T10:13:52.542624,2026-07-05T10:13:52.547141+00:00,139.1,3,bid,Xuanyu Liu,AverageAlmonds,8184264
2026-07-05T10:13:52.659752,2026-07-05T10:13:52.667439+00:00,139.0,200,ask,WavyWalnuts,YieldingYams,8184267
2026-07-05T10:13:52.679607,2026-07-05T10:13:52.683907+00:00,139.0,11,bid,Xuanyu Liu,YieldingYams,8184269
2026-07-05T10:13:57.382396,2026-07-05T10:13:57.391041+00:00,138.7,500,ask,YieldingYams,AverageAlmonds,8184336
2026-07-05T10:13:57.936199,2026-07-05T10:13:57.940257+00:00,138.8,12,bid,Xuanyu Liu,YieldingYams,8184348
2026-07-05T10:13:57.980248,2026-07-05T10:13:57.988093+00:00,138.7,200,ask,WavyWalnuts,AverageAlmonds,8184352
2026-07-05T10:13:58.002556,2026-07-05T10:13:58.006892+00:00,138.7,11,bid,Xuanyu Liu,AverageAlmonds,8184354
2026-07-05T10:13:58.422495,2026-07-05T10:13:58.435955+00:00,138.7,200,bid,WavyWalnuts,AverageAlmonds,8184360
2026-07-05T10:13:58.591840,2026-07-05T10:13:58.601108+00:00,138.6,500,ask,YieldingYams,AverageAlmonds,8184361
2026-07-05T10:13:59.257522,2026-07-05T10:13:59.261915+00:00,138.6,12,bid,Xuanyu Liu,YieldingYams,8184371
2026-07-05T10:13:59.631628,2026-07-05T10:13:59.640903+00:00,138.6,200,bid,WavyWalnuts,YieldingYams,8184374
2026-07-05T10:14:00.632556,2026-07-05T10:14:00.636650+00:00,138.3,12,ask,YieldingYams,Xuanyu Liu,8184389
2026-07-05T10:14:00.840449,2026-07-05T10:14:00.847442+00:00,138.5,200,bid,WavyWalnuts,YieldingYams,8184392
2026-07-05T10:14:02.050813,2026-07-05T10:14:02.058582+00:00,138.4,200,bid,WavyWalnuts,YieldingYams,8184406
2026-07-05T10:14:03.278317,2026-07-05T10:14:03.282858+00:00,138.4,11,ask,WavyWalnuts,Xuanyu Liu,8184438
2026-07-05T10:14:03.801203,2026-07-05T10:14:03.806369+00:00,138.4,12,ask,WavyWalnuts,Xuanyu Liu,8184442
2026-07-05T10:14:09.095532,2026-07-05T10:14:09.100041+00:00,138.3,11,ask,YieldingYams,Xuanyu Liu,8184524
2026-07-05T10:14:11.971519,2026-07-05T10:14:11.983922+00:00,138.4,20,bid,BrilliantBurritos,YieldingYams,8184577
2026-07-05T10:14:13.299501,2026-07-05T10:14:13.303721+00:00,138.3,3,ask,WavyWalnuts,Xuanyu Liu,8184605
2026-07-05T10:14:17.822734,2026-07-05T10:14:17.831299+00:00,138.5,200,bid,WavyWalnuts,YieldingYams,8184675
2026-07-05T10:14:20.243704,2026-07-05T10:14:20.258632+00:00,138.5,200,ask,YieldingYams,WavyWalnuts,8184708
2026-07-05T10:14:21.454708,2026-07-05T10:14:21.462392+00:00,138.5,200,ask,YieldingYams,WavyWalnuts,8184736
2026-07-05T10:14:22.842520,2026-07-05T10:14:22.850794+00:00,138.4,200,ask,WavyWalnuts,YieldingYams,8184753
2026-07-05T10:14:25.464651,2026-07-05T10:14:25.476150+00:00,138.4,200,bid,YieldingYams,WavyWalnuts,8184780
2026-07-05T10:14:25.483305,2026-07-05T10:14:25.488557+00:00,138.4,3,ask,YieldingYams,Xuanyu Liu,8184782
2026-07-05T10:14:27.517062,2026-07-05T10:14:27.524235+00:00,138.4,200,bid,WavyWalnuts,YieldingYams,8184812
2026-07-05T10:14:28.191515,2026-07-05T10:14:28.203437+00:00,138.3,20,bid,BrilliantBurritos,YieldingYams,8184824
2026-07-05T10:14:29.126156,2026-07-05T10:14:29.130698+00:00,138.1,34,ask,YieldingYams,Xuanyu Liu,8184842
2026-07-05T10:14:29.402000,2026-07-05T10:14:29.413065+00:00,138.1,500,ask,AverageAlmonds,YieldingYams,8184849
2026-07-05T10:14:29.440217,2026-07-05T10:14:29.451822+00:00,138.1,125,bid,AverageAlmonds,YieldingYams,8184850
2026-07-05T10:14:29.764735,2026-07-05T10:14:29.777206+00:00,138.1,20,ask,AverageAlmonds,BrilliantBurritos,8184852
2026-07-05T10:14:30.681302,2026-07-05T10:14:30.685867+00:00,138.2,12,ask,AverageAlmonds,Xuanyu Liu,8184861
2026-07-05T10:14:32.020370,2026-07-05T10:14:32.027701+00:00,138.4,200,bid,YieldingYams,WavyWalnuts,8184875
2026-07-05T10:14:32.287172,2026-07-05T10:14:32.291381+00:00,138.6,12,bid,Xuanyu Liu,YieldingYams,8184886
2026-07-05T10:14:33.419333,2026-07-05T10:14:33.431617+00:00,138.6,20,bid,BrilliantBurritos,YieldingYams,8184907
2026-07-05T10:14:33.589501,2026-07-05T10:14:33.593660+00:00,138.5,11,bid,Xuanyu Liu,WavyWalnuts,8184913
2026-07-05T10:14:35.449576,2026-07-05T10:14:35.453907+00:00,138.4,11,ask,AverageAlmonds,Xuanyu Liu,8184949
2026-07-05T10:14:37.210920,2026-07-05T10:14:37.221888+00:00,138.4,20,bid,BrilliantBurritos,WavyWalnuts,8184975
2026-07-05T10:14:37.279344,2026-07-05T10:14:37.287628+00:00,138.4,180,bid,YieldingYams,WavyWalnuts,8184978
2026-07-05T10:14:37.426666,2026-07-05T10:14:37.434124+00:00,138.5,12,ask,YieldingYams,Xuanyu Liu,8184981
2026-07-05T10:14:38.418999,2026-07-05T10:14:38.426739+00:00,138.5,200,ask,YieldingYams,WavyWalnuts,8185002
2026-07-05T10:14:38.599761,2026-07-05T10:14:38.609431+00:00,138.4,500,ask,AverageAlmonds,YieldingYams,8185003
2026-07-05T10:14:38.615240,2026-07-05T10:14:38.619001+00:00,138.4,46,bid,Xuanyu Liu,YieldingYams,8185005
2026-07-05T10:14:42.056180,2026-07-05T10:14:42.058630+00:00,138.5,200,ask,YieldingYams,WavyWalnuts,8185066
2026-07-05T10:14:43.265491,2026-07-05T10:14:43.272998+00:00,138.5,200,ask,YieldingYams,WavyWalnuts,8185084
2026-07-05T10:14:50.557521,2026-07-05T10:14:50.569135+00:00,138.5,20,ask,YieldingYams,BrilliantBurritos,8185195
2026-07-05T10:14:51.703208,2026-07-05T10:14:51.710225+00:00,138.6,200,bid,YieldingYams,WavyWalnuts,8185207
2026-07-05T10:14:51.734500,2026-07-05T10:14:51.741223+00:00,138.6,200,ask,YieldingYams,WavyWalnuts,8185209
2026-07-05T10:14:52.154783,2026-07-05T10:14:52.166718+00:00,138.9,20,bid,BrilliantBurritos,YieldingYams,8185213
2026-07-05T10:14:52.649982,2026-07-05T10:14:52.658561+00:00,138.9,20,bid,BrilliantBurritos,YieldingYams,8185220
2026-07-05T10:14:54.326316,2026-07-05T10:14:54.334901+00:00,138.8,200,bid,YieldingYams,WavyWalnuts,8185244
2026-07-05T10:14:56.949993,2026-07-05T10:14:56.958590+00:00,138.8,200,bid,YieldingYams,WavyWalnuts,8185281
2026-07-05T10:14:58.264755,2026-07-05T10:14:58.275888+00:00,138.8,200,ask,WavyWalnuts,YieldingYams,8185301
2026-07-05T10:15:00.209447,2026-07-05T10:15:00.216197+00:00,138.8,200,ask,YieldingYams,WavyWalnuts,8185335
2026-07-05T10:15:06.257078,2026-07-05T10:15:06.269003+00:00,139.0,200,bid,WavyWalnuts,YieldingYams,8185431
2026-07-05T10:15:07.466377,2026-07-05T10:15:07.470423+00:00,138.9,11,ask,YieldingYams,Xuanyu Liu,8185451
2026-07-05T10:15:07.491976,2026-07-05T10:15:07.496365+00:00,139.0,12,ask,WavyWalnuts,Xuanyu Liu,8185453
2026-07-05T10:15:08.747127,2026-07-05T10:15:08.758542+00:00,138.9,200,ask,WavyWalnuts,YieldingYams,8185473
2026-07-05T10:15:09.563755,2026-07-05T10:15:09.576036+00:00,138.7,20,ask,YieldingYams,BrilliantBurritos,8185481
2026-07-05T10:15:15.955235,2026-07-05T10:15:15.963954+00:00,138.7,200,bid,WavyWalnuts,YieldingYams,8185570
2026-07-05T10:15:16.605244,2026-07-05T10:15:16.609761+00:00,138.5,23,ask,AverageAlmonds,Xuanyu Liu,8185575
2026-07-05T10:15:16.650320,2026-07-05T10:15:16.654733+00:00,138.7,22,ask,YieldingYams,Xuanyu Liu,8185579
2026-07-05T10:15:19.252728,2026-07-05T10:15:19.258579+00:00,138.8,200,bid,YieldingYams,WavyWalnuts,8185618
2026-07-05T10:15:19.275392,2026-07-05T10:15:19.279902+00:00,138.8,12,ask,YieldingYams,Xuanyu Liu,8185620
2026-07-05T10:15:19.594415,2026-07-05T10:15:19.605313+00:00,138.8,200,ask,YieldingYams,WavyWalnuts,8185626
2026-07-05T10:15:20.581183,2026-07-05T10:15:20.584974+00:00,138.8,23,bid,Xuanyu Liu,YieldingYams,8185638
2026-07-05T10:15:22.940960,2026-07-05T10:15:22.945177+00:00,138.5,11,ask,YieldingYams,Xuanyu Liu,8185676
2026-07-05T10:15:24.541761,2026-07-05T10:15:24.552354+00:00,138.6,200,bid,AverageAlmonds,WavyWalnuts,8185701
2026-07-05T10:15:24.541761,2026-07-05T10:15:24.552354+00:00,138.6,300,bid,AverageAlmonds,YieldingYams,8185702
2026-07-05T10:15:25.138746,2026-07-05T10:15:25.150503+00:00,138.6,325,bid,AverageAlmonds,YieldingYams,8185708
2026-07-05T10:15:25.170349,2026-07-05T10:15:25.174898+00:00,138.7,23,ask,AverageAlmonds,Xuanyu Liu,8185711
2026-07-05T10:15:25.663048,2026-07-05T10:15:25.670118+00:00,138.7,152,ask,AverageAlmonds,WavyWalnuts,8185715
2026-07-05T10:15:25.744146,2026-07-05T10:15:25.758614+00:00,138.7,48,bid,AverageAlmonds,WavyWalnuts,8185717
2026-07-05T10:15:26.106975,2026-07-05T10:15:26.111279+00:00,138.9,11,bid,Xuanyu Liu,YieldingYams,8185722
2026-07-05T10:15:26.870890,2026-07-05T10:15:26.880194+00:00,138.8,200,ask,AverageAlmonds,WavyWalnuts,8185729
2026-07-05T10:15:27.132560,2026-07-05T10:15:27.141629+00:00,138.8,500,ask,AverageAlmonds,YieldingYams,8185733
2026-07-05T10:15:27.148257,2026-07-05T10:15:27.152408+00:00,138.8,12,bid,Xuanyu Liu,YieldingYams,8185735
2026-07-05T10:15:27.578268,2026-07-05T10:15:27.589055+00:00,138.8,113,bid,AverageAlmonds,YieldingYams,8185745
2026-07-05T10:15:28.078813,2026-07-05T10:15:28.089686+00:00,138.8,200,ask,AverageAlmonds,WavyWalnuts,8185754
2026-07-05T10:15:28.465579,2026-07-05T10:15:28.470525+00:00,139.1,11,bid,Xuanyu Liu,YieldingYams,8185764
2026-07-05T10:15:29.307090,2026-07-05T10:15:29.311847+00:00,139.0,11,bid,Xuanyu Liu,WavyWalnuts,8185779
2026-07-05T10:15:29.391816,2026-07-05T10:15:29.401268+00:00,139.0,189,bid,AverageAlmonds,WavyWalnuts,8185780
2026-07-05T10:15:32.379971,2026-07-05T10:15:32.390498+00:00,139.0,200,bid,YieldingYams,WavyWalnuts,8185823
2026-07-05T10:15:36.754652,2026-07-05T10:15:36.766897+00:00,139.2,20,bid,BrilliantBurritos,YieldingYams,8185895
2026-07-05T10:15:37.781067,2026-07-05T10:15:37.792137+00:00,139.0,200,ask,YieldingYams,WavyWalnuts,8185914
2026-07-05T10:15:38.976228,2026-07-05T10:15:38.981707+00:00,138.9,35,bid,Xuanyu Liu,YieldingYams,8185941
2026-07-05T10:15:38.994178,2026-07-05T10:15:39.002436+00:00,138.9,200,bid,WavyWalnuts,YieldingYams,8185943
2026-07-05T10:15:40.204474,2026-07-05T10:15:40.212031+00:00,138.9,200,bid,WavyWalnuts,YieldingYams,8185962
2026-07-05T10:15:42.629104,2026-07-05T10:15:42.639340+00:00,138.9,200,ask,YieldingYams,WavyWalnuts,8185999
2026-07-05T10:15:46.478085,2026-07-05T10:15:46.490138+00:00,138.9,20,bid,BrilliantBurritos,YieldingYams,8186050
2026-07-05T10:15:49.840783,2026-07-05T10:15:49.858606+00:00,139.0,20,bid,BrilliantBurritos,WavyWalnuts,8186109
2026-07-05T10:15:51.933908,2026-07-05T10:15:51.943322+00:00,139.0,20,bid,BrilliantBurritos,WavyWalnuts,8186139
2026-07-05T10:15:52.394630,2026-07-05T10:15:52.405618+00:00,139.0,200,bid,AverageAlmonds,WavyWalnuts,8186147
2026-07-05T10:15:54.733444,2026-07-05T10:15:54.742180+00:00,138.9,500,ask,AverageAlmonds,YieldingYams,8186188
2026-07-05T10:15:54.803308,2026-07-05T10:15:54.814435+00:00,138.9,125,bid,AverageAlmonds,YieldingYams,8186190
2026-07-05T10:15:56.042989,2026-07-05T10:15:56.051003+00:00,139.0,200,bid,YieldingYams,WavyWalnuts,8186208
2026-07-05T10:15:57.735669,2026-07-05T10:15:57.740339+00:00,139.1,14,bid,Xuanyu Liu,WavyWalnuts,8186233
2026-07-05T10:15:58.197215,2026-07-05T10:15:58.209202+00:00,138.9,20,ask,WavyWalnuts,BrilliantBurritos,8186237
2026-07-05T10:15:58.394370,2026-07-05T10:15:58.401975+00:00,139.1,200,bid,WavyWalnuts,YieldingYams,8186239
2026-07-05T10:16:00.829284,2026-07-05T10:16:00.840341+00:00,139.1,200,ask,YieldingYams,WavyWalnuts,8186278
2026-07-05T10:16:02.046356,2026-07-05T10:16:02.063893+00:00,139.1,200,ask,YieldingYams,WavyWalnuts,8186296
2026-07-05T10:16:04.125380,2026-07-05T10:16:04.129826+00:00,139.2,3,ask,WavyWalnuts,Xuanyu Liu,8186339
2026-07-05T10:16:11.859628,2026-07-05T10:16:11.869160+00:00,139.3,200,bid,WavyWalnuts,YieldingYams,8186438
2026-07-05T10:16:13.075248,2026-07-05T10:16:13.087332+00:00,139.3,200,bid,WavyWalnuts,YieldingYams,8186454
2026-07-05T10:16:14.216485,2026-07-05T10:16:14.221648+00:00,139.3,11,ask,AverageAlmonds,Xuanyu Liu,8186469
2026-07-05T10:16:14.287420,2026-07-05T10:16:14.295842+00:00,139.4,200,bid,WavyWalnuts,YieldingYams,8186470
2026-07-05T10:16:15.807239,2026-07-05T10:16:15.811935+00:00,139.4,12,ask,YieldingYams,Xuanyu Liu,8186494
2026-07-05T10:16:17.941892,2026-07-05T10:16:17.945749+00:00,139.3,12,bid,Xuanyu Liu,WavyWalnuts,8186516
2026-07-05T10:16:19.032935,2026-07-05T10:16:19.041136+00:00,139.3,188,bid,AverageAlmonds,WavyWalnuts,8186533
2026-07-05T10:16:19.192796,2026-07-05T10:16:19.204595+00:00,139.3,20,ask,AverageAlmonds,BrilliantBurritos,8186537
2026-07-05T10:16:20.235312,2026-07-05T10:16:20.245941+00:00,139.4,200,bid,AverageAlmonds,WavyWalnuts,8186551
2026-07-05T10:16:20.235312,2026-07-05T10:16:20.245941+00:00,139.4,300,bid,AverageAlmonds,YieldingYams,8186552
2026-07-05T10:16:20.831616,2026-07-05T10:16:20.842647+00:00,139.4,325,bid,AverageAlmonds,YieldingYams,8186564
2026-07-05T10:16:20.831616,2026-07-05T10:16:20.842647+00:00,139.4,175,bid,AverageAlmonds,WavyWalnuts,8186565
2026-07-05T10:16:21.042384,2026-07-05T10:16:21.069221+00:00,139.4,25,bid,YieldingYams,WavyWalnuts,8186567
2026-07-05T10:16:21.065015,2026-07-05T10:16:21.069221+00:00,139.5,35,ask,YieldingYams,Xuanyu Liu,8186571
2026-07-05T10:16:21.669247,2026-07-05T10:16:21.681755+00:00,139.6,20,bid,BrilliantBurritos,WavyWalnuts,8186581
2026-07-05T10:16:23.697303,2026-07-05T10:16:23.704850+00:00,139.6,200,bid,YieldingYams,WavyWalnuts,8186601
2026-07-05T10:16:23.969983,2026-07-05T10:16:23.979936+00:00,139.6,200,ask,YieldingYams,WavyWalnuts,8186613
2026-07-05T10:16:27.871089,2026-07-05T10:16:27.882891+00:00,139.6,20,ask,WavyWalnuts,BrilliantBurritos,8186677
2026-07-05T10:16:28.536958,2026-07-05T10:16:28.549230+00:00,139.6,20,ask,WavyWalnuts,BrilliantBurritos,8186685
2026-07-05T10:16:31.593471,2026-07-05T10:16:31.604307+00:00,139.7,20,ask,WavyWalnuts,BrilliantBurritos,8186755
2026-07-05T10:16:32.536406,2026-07-05T10:16:32.541324+00:00,139.9,12,bid,Xuanyu Liu,YieldingYams,8186770
2026-07-05T10:16:34.213216,2026-07-05T10:16:34.222577+00:00,139.9,200,bid,YieldingYams,WavyWalnuts,8186791
2026-07-05T10:16:34.881387,2026-07-05T10:16:34.892068+00:00,139.9,200,ask,YieldingYams,WavyWalnuts,8186800
2026-07-05T10:16:35.559924,2026-07-05T10:16:35.564032+00:00,139.9,11,bid,Xuanyu Liu,YieldingYams,8186808
2026-07-05T10:16:36.532915,2026-07-05T10:16:36.541947+00:00,139.9,20,bid,BrilliantBurritos,YieldingYams,8186822
2026-07-05T10:16:38.165274,2026-07-05T10:16:38.174925+00:00,139.9,200,bid,YieldingYams,WavyWalnuts,8186845
2026-07-05T10:16:38.512095,2026-07-05T10:16:38.522847+00:00,139.9,200,ask,YieldingYams,WavyWalnuts,8186852
2026-07-05T10:16:43.870144,2026-07-05T10:16:43.880528+00:00,139.8,20,ask,WavyWalnuts,BrilliantBurritos,8186935
2026-07-05T10:16:47.526937,2026-07-05T10:16:47.538931+00:00,139.7,20,ask,YieldingYams,BrilliantBurritos,8187011
2026-07-05T10:16:48.216118,2026-07-05T10:16:48.227083+00:00,139.7,200,ask,YieldingYams,WavyWalnuts,8187020
2026-07-05T10:16:54.282797,2026-07-05T10:16:54.289877+00:00,139.6,200,bid,WavyWalnuts,YieldingYams,8187086
2026-07-05T10:16:55.509888,2026-07-05T10:16:55.515293+00:00,139.7,11,ask,WavyWalnuts,Xuanyu Liu,8187101
2026-07-05T10:16:56.618025,2026-07-05T10:16:56.626097+00:00,139.7,189,ask,WavyWalnuts,YieldingYams,8187120
2026-07-05T10:16:57.934946,2026-07-05T10:16:57.946451+00:00,139.6,200,bid,YieldingYams,WavyWalnuts,8187144
2026-07-05T10:17:01.514107,2026-07-05T10:17:01.521533+00:00,139.8,20,bid,BrilliantBurritos,WavyWalnuts,8187192
2026-07-05T10:17:04.354328,2026-07-05T10:17:04.366434+00:00,139.6,20,ask,YieldingYams,BrilliantBurritos,8187228
2026-07-05T10:17:08.534301,2026-07-05T10:17:08.544241+00:00,139.7,500,ask,AverageAlmonds,YieldingYams,8187274
2026-07-05T10:17:08.640264,2026-07-05T10:17:08.651978+00:00,139.6,125,bid,AverageAlmonds,YieldingYams,8187280
2026-07-05T10:17:08.682434,2026-07-05T10:17:08.690331+00:00,139.8,20,bid,BrilliantBurritos,WavyWalnuts,8187284
2026-07-05T10:17:09.511985,2026-07-05T10:17:09.516507+00:00,139.7,11,bid,Xuanyu Liu,WavyWalnuts,8187299
2026-07-05T10:17:09.872424,2026-07-05T10:17:09.879881+00:00,139.7,189,bid,YieldingYams,WavyWalnuts,8187303
2026-07-05T10:17:12.443045,2026-07-05T10:17:12.464074+00:00,139.9,200,bid,WavyWalnuts,YieldingYams,8187350
2026-07-05T10:17:14.162408,2026-07-05T10:17:14.174623+00:00,140.1,20,bid,BrilliantBurritos,WavyWalnuts,8187379
2026-07-05T10:17:16.179296,2026-07-05T10:17:16.191216+00:00,140.0,20,ask,WavyWalnuts,BrilliantBurritos,8187410
2026-07-05T10:17:16.453212,2026-07-05T10:17:16.473271+00:00,140.0,180,ask,WavyWalnuts,YieldingYams,8187417
2026-07-05T10:17:16.468536,2026-07-05T10:17:16.473271+00:00,139.9,23,bid,Xuanyu Liu,YieldingYams,8187419
2026-07-05T10:17:17.140844,2026-07-05T10:17:17.148186+00:00,139.9,422,bid,AverageAlmonds,YieldingYams,8187430
2026-07-05T10:17:20.397093,2026-07-05T10:17:20.405352+00:00,140.2,200,bid,YieldingYams,WavyWalnuts,8187467
2026-07-05T10:17:20.919139,2026-07-05T10:17:20.929989+00:00,140.2,200,ask,YieldingYams,WavyWalnuts,8187477
2026-07-05T10:17:21.731931,2026-07-05T10:17:21.735727+00:00,140.1,3,bid,Xuanyu Liu,YieldingYams,8187484
2026-07-05T10:17:23.243219,2026-07-05T10:17:23.247874+00:00,140.0,3,ask,WavyWalnuts,Xuanyu Liu,8187507
2026-07-05T10:17:25.771827,2026-07-05T10:17:25.780012+00:00,140.0,200,ask,YieldingYams,WavyWalnuts,8187542
2026-07-05T10:17:31.826200,2026-07-05T10:17:31.834363+00:00,140.0,200,bid,WavyWalnuts,YieldingYams,8187622
2026-07-05T10:17:33.466300,2026-07-05T10:17:33.474538+00:00,140.0,500,bid,AverageAlmonds,YieldingYams,8187650
2026-07-05T10:17:33.517412,2026-07-05T10:17:33.521491+00:00,140.0,11,ask,YieldingYams,Xuanyu Liu,8187653
2026-07-05T10:17:34.056392,2026-07-05T10:17:34.120335+00:00,140.1,200,bid,AverageAlmonds,WavyWalnuts,8187660
2026-07-05T10:17:34.116094,2026-07-05T10:17:34.120335+00:00,140.1,12,ask,AverageAlmonds,Xuanyu Liu,8187664
2026-07-05T10:17:34.811247,2026-07-05T10:17:34.818345+00:00,140.2,200,bid,YieldingYams,WavyWalnuts,8187676
2026-07-05T10:17:34.831806,2026-07-05T10:17:34.836451+00:00,140.3,23,ask,YieldingYams,Xuanyu Liu,8187678
2026-07-05T10:17:35.461290,2026-07-05T10:17:35.469984+00:00,140.3,200,ask,YieldingYams,WavyWalnuts,8187686
2026-07-05T10:17:35.948533,2026-07-05T10:17:35.953661+00:00,140.5,35,bid,Xuanyu Liu,YieldingYams,8187699
2026-07-05T10:17:36.142151,2026-07-05T10:17:36.146949+00:00,140.2,14,bid,Xuanyu Liu,YieldingYams,8187704
2026-07-05T10:17:36.668952,2026-07-05T10:17:36.677050+00:00,140.2,200,bid,WavyWalnuts,YieldingYams,8187718
2026-07-05T10:17:37.878645,2026-07-05T10:17:37.888229+00:00,140.3,200,bid,WavyWalnuts,YieldingYams,8187737
2026-07-05T10:17:38.147789,2026-07-05T10:17:38.155023+00:00,140.3,20,bid,BrilliantBurritos,YieldingYams,8187744
2026-07-05T10:17:42.264605,2026-07-05T10:17:42.268848+00:00,140.1,3,ask,WavyWalnuts,Xuanyu Liu,8187794
2026-07-05T10:17:44.262055,2026-07-05T10:17:44.274038+00:00,140.2,20,bid,BrilliantBurritos,YieldingYams,8187820
2026-07-05T10:17:45.157209,2026-07-05T10:17:45.169130+00:00,140.2,200,bid,WavyWalnuts,YieldingYams,8187828
2026-07-05T10:17:45.392213,2026-07-05T10:17:45.404590+00:00,140.2,20,bid,BrilliantBurritos,AverageAlmonds,8187832
2026-07-05T10:17:46.369260,2026-07-05T10:17:46.380742+00:00,140.2,200,bid,WavyWalnuts,YieldingYams,8187838
2026-07-05T10:17:46.635284,2026-07-05T10:17:46.642721+00:00,140.2,500,bid,YieldingYams,AverageAlmonds,8187842
2026-07-05T10:17:46.654181,2026-07-05T10:17:46.658577+00:00,140.2,11,ask,YieldingYams,Xuanyu Liu,8187844
2026-07-05T10:17:50.022520,2026-07-05T10:17:50.030608+00:00,140.2,200,bid,WavyWalnuts,YieldingYams,8187890
2026-07-05T10:17:55.818082,2026-07-05T10:17:55.825167+00:00,140.1,200,bid,YieldingYams,WavyWalnuts,8187984
2026-07-05T10:17:56.770274,2026-07-05T10:17:56.782521+00:00,140.1,20,ask,YieldingYams,BrilliantBurritos,8187999
2026-07-05T10:17:57.135745,2026-07-05T10:17:57.146865+00:00,140.3,20,bid,BrilliantBurritos,YieldingYams,8188002
2026-07-05T10:17:58.022929,2026-07-05T10:17:58.028012+00:00,140.3,11,bid,Xuanyu Liu,YieldingYams,8188017
2026-07-05T10:17:58.465160,2026-07-05T10:17:58.469249+00:00,140.2,3,bid,Xuanyu Liu,YieldingYams,8188020
2026-07-05T10:18:01.498300,2026-07-05T10:18:01.508850+00:00,140.1,20,bid,BrilliantBurritos,WavyWalnuts,8188065
2026-07-05T10:18:02.386507,2026-07-05T10:18:02.398162+00:00,140.1,200,bid,YieldingYams,WavyWalnuts,8188082
2026-07-05T10:18:03.365494,2026-07-05T10:18:03.377110+00:00,140.1,200,ask,YieldingYams,WavyWalnuts,8188092
2026-07-05T10:18:07.008137,2026-07-05T10:18:07.017237+00:00,140.0,200,ask,YieldingYams,WavyWalnuts,8188135
2026-07-05T10:18:08.789243,2026-07-05T10:18:08.801302+00:00,140.1,20,ask,YieldingYams,BrilliantBurritos,8188158
2026-07-05T10:18:09.442225,2026-07-05T10:18:09.446802+00:00,140.2,3,ask,WavyWalnuts,Xuanyu Liu,8188173
2026-07-05T10:18:10.263621,2026-07-05T10:18:10.274552+00:00,140.2,197,ask,WavyWalnuts,YieldingYams,8188186
2026-07-05T10:18:15.491606,2026-07-05T10:18:15.501477+00:00,140.2,200,ask,YieldingYams,WavyWalnuts,8188244
2026-07-05T10:18:15.522883,2026-07-05T10:18:15.527193+00:00,140.2,3,bid,Xuanyu Liu,YieldingYams,8188246
2026-07-05T10:18:18.126678,2026-07-05T10:18:18.135979+00:00,140.0,200,ask,WavyWalnuts,YieldingYams,8188291
2026-07-05T10:18:21.555119,2026-07-05T10:18:21.570184+00:00,139.7,200,ask,YieldingYams,WavyWalnuts,8188334
2026-07-05T10:18:22.067584,2026-07-05T10:18:22.077608+00:00,139.7,500,ask,AverageAlmonds,YieldingYams,8188340
2026-07-05T10:18:22.531116,2026-07-05T10:18:22.541096+00:00,139.7,125,bid,AverageAlmonds,YieldingYams,8188350
2026-07-05T10:18:22.768077,2026-07-05T10:18:22.775854+00:00,139.7,200,ask,AverageAlmonds,WavyWalnuts,8188358
2026-07-05T10:18:23.022425,2026-07-05T10:18:23.034502+00:00,139.7,20,ask,AverageAlmonds,BrilliantBurritos,8188365
2026-07-05T10:18:23.979348,2026-07-05T10:18:23.986535+00:00,139.9,200,ask,YieldingYams,WavyWalnuts,8188379
2026-07-05T10:18:25.191385,2026-07-05T10:18:25.200407+00:00,139.8,200,ask,YieldingYams,WavyWalnuts,8188396
2026-07-05T10:18:28.678118,2026-07-05T10:18:28.682638+00:00,139.8,3,ask,AverageAlmonds,Xuanyu Liu,8188446
2026-07-05T10:18:30.048575,2026-07-05T10:18:30.058592+00:00,139.8,200,ask,AverageAlmonds,WavyWalnuts,8188469
2026-07-05T10:18:31.258568,2026-07-05T10:18:31.266315+00:00,139.8,200,ask,YieldingYams,WavyWalnuts,8188493
2026-07-05T10:18:32.471772,2026-07-05T10:18:32.480605+00:00,139.7,200,ask,YieldingYams,WavyWalnuts,8188507
2026-07-05T10:18:36.105938,2026-07-05T10:18:36.113166+00:00,139.8,200,bid,WavyWalnuts,YieldingYams,8188551
2026-07-05T10:18:36.681835,2026-07-05T10:18:36.693908+00:00,140.0,20,bid,BrilliantBurritos,YieldingYams,8188556
2026-07-05T10:18:37.314664,2026-07-05T10:18:37.324426+00:00,140.0,200,bid,WavyWalnuts,YieldingYams,8188564
2026-07-05T10:18:42.543391,2026-07-05T10:18:42.553285+00:00,139.9,500,bid,AverageAlmonds,YieldingYams,8188619
2026-07-05T10:18:43.388023,2026-07-05T10:18:43.397520+00:00,139.9,200,ask,YieldingYams,WavyWalnuts,8188630
2026-07-05T10:18:44.599011,2026-07-05T10:18:44.605999+00:00,139.9,200,ask,AverageAlmonds,WavyWalnuts,8188658
2026-07-05T10:18:46.971694,2026-07-05T10:18:46.984338+00:00,139.9,20,ask,AverageAlmonds,BrilliantBurritos,8188690
2026-07-05T10:18:48.239246,2026-07-05T10:18:48.250593+00:00,140.1,200,bid,WavyWalnuts,YieldingYams,8188721
2026-07-05T10:18:49.453835,2026-07-05T10:18:49.463644+00:00,140.1,200,ask,YieldingYams,WavyWalnuts,8188733
2026-07-05T10:18:52.358697,2026-07-05T10:18:52.362471+00:00,140.1,11,ask,YieldingYams,Xuanyu Liu,8188781
2026-07-05T10:18:53.079773,2026-07-05T10:18:53.090395+00:00,140.1,200,ask,YieldingYams,WavyWalnuts,8188786
2026-07-05T10:18:57.667786,2026-07-05T10:18:57.679608+00:00,140.1,200,bid,AverageAlmonds,WavyWalnuts,8188867
2026-07-05T10:18:57.667786,2026-07-05T10:18:57.679608+00:00,140.1,300,bid,AverageAlmonds,YieldingYams,8188868
2026-07-05T10:18:58.248988,2026-07-05T10:18:58.253555+00:00,140.0,23,ask,WavyWalnuts,Xuanyu Liu,8188883
2026-07-05T10:18:58.261101,2026-07-05T10:18:58.269207+00:00,140.1,325,bid,AverageAlmonds,YieldingYams,8188884
2026-07-05T10:18:58.290755,2026-07-05T10:18:58.294974+00:00,140.1,12,ask,AverageAlmonds,Xuanyu Liu,8188886
2026-07-05T10:19:00.218404,2026-07-05T10:19:00.241055+00:00,140.3,200,bid,YieldingYams,WavyWalnuts,8188913
2026-07-05T10:19:00.235940,2026-07-05T10:19:00.241055+00:00,140.3,22,ask,YieldingYams,Xuanyu Liu,8188915
2026-07-05T10:19:01.549291,2026-07-05T10:19:01.553533+00:00,140.4,11,bid,Xuanyu Liu,YieldingYams,8188946
2026-07-05T10:19:01.575816,2026-07-05T10:19:01.579663+00:00,140.3,11,bid,Xuanyu Liu,WavyWalnuts,8188948
2026-07-05T10:19:02.775181,2026-07-05T10:19:02.784998+00:00,140.2,200,ask,YieldingYams,WavyWalnuts,8188965
2026-07-05T10:19:02.849104,2026-07-05T10:19:02.869610+00:00,140.2,500,ask,AverageAlmonds,YieldingYams,8188967
2026-07-05T10:19:02.865030,2026-07-05T10:19:02.869610+00:00,140.1,23,bid,Xuanyu Liu,YieldingYams,8188969
2026-07-05T10:19:03.114185,2026-07-05T10:19:03.124740+00:00,140.1,102,bid,AverageAlmonds,YieldingYams,8188975
2026-07-05T10:19:06.801838,2026-07-05T10:19:06.806064+00:00,140.1,11,ask,AverageAlmonds,Xuanyu Liu,8189035
2026-07-05T10:19:07.367267,2026-07-05T10:19:07.374514+00:00,140.2,200,bid,AverageAlmonds,WavyWalnuts,8189044
2026-07-05T10:19:07.395238,2026-07-05T10:19:07.399546+00:00,140.2,12,ask,AverageAlmonds,Xuanyu Liu,8189047
2026-07-05T10:19:07.733581,2026-07-05T10:19:07.737734+00:00,140.2,11,ask,AverageAlmonds,Xuanyu Liu,8189057
2026-07-05T10:19:08.823666,2026-07-05T10:19:08.832525+00:00,140.3,200,bid,WavyWalnuts,YieldingYams,8189072
2026-07-05T10:19:09.435225,2026-07-05T10:19:09.439493+00:00,140.3,11,ask,YieldingYams,Xuanyu Liu,8189079
2026-07-05T10:19:09.725143,2026-07-05T10:19:09.736469+00:00,140.3,20,ask,YieldingYams,BrilliantBurritos,8189084
2026-07-05T10:19:10.726189,2026-07-05T10:19:10.736705+00:00,140.4,200,bid,YieldingYams,WavyWalnuts,8189100
2026-07-05T10:19:10.749210,2026-07-05T10:19:10.754089+00:00,140.4,12,ask,YieldingYams,Xuanyu Liu,8189102
2026-07-05T10:19:12.725458,2026-07-05T10:19:12.737865+00:00,140.5,20,bid,BrilliantBurritos,YieldingYams,8189134
2026-07-05T10:19:14.666698,2026-07-05T10:19:14.674882+00:00,140.4,200,ask,WavyWalnuts,YieldingYams,8189157
2026-07-05T10:19:15.977625,2026-07-05T10:19:15.988917+00:00,140.3,200,ask,WavyWalnuts,YieldingYams,8189183
2026-07-05T10:19:16.075227,2026-07-05T10:19:16.082361+00:00,140.3,200,bid,WavyWalnuts,YieldingYams,8189187
2026-07-05T10:19:17.285032,2026-07-05T10:19:17.292482+00:00,140.3,200,bid,WavyWalnuts,YieldingYams,8189203
2026-07-05T10:19:17.309285,2026-07-05T10:19:17.313379+00:00,140.4,11,ask,YieldingYams,Xuanyu Liu,8189205
2026-07-05T10:19:21.254372,2026-07-05T10:19:21.258295+00:00,140.5,11,bid,Xuanyu Liu,YieldingYams,8189261
2026-07-05T10:19:28.958498,2026-07-05T10:19:28.962756+00:00,140.6,12,bid,Xuanyu Liu,YieldingYams,8189384
2026-07-05T10:19:29.123475,2026-07-05T10:19:29.133244+00:00,140.5,200,ask,WavyWalnuts,YieldingYams,8189390
2026-07-05T10:19:29.123475,2026-07-05T10:19:29.133244+00:00,140.4,425,ask,AverageAlmonds,YieldingYams,8189391
2026-07-05T10:19:31.585833,2026-07-05T10:19:31.596088+00:00,140.6,125,bid,AverageAlmonds,YieldingYams,8189429
2026-07-05T10:19:32.137450,2026-07-05T10:19:32.141749+00:00,140.7,11,bid,Xuanyu Liu,WavyWalnuts,8189442
2026-07-05T10:19:34.381843,2026-07-05T10:19:34.386118+00:00,140.6,11,bid,Xuanyu Liu,YieldingYams,8189487
2026-07-05T10:19:35.204756,2026-07-05T10:19:35.215455+00:00,140.6,500,bid,AverageAlmonds,YieldingYams,8189499
2026-07-05T10:19:35.679027,2026-07-05T10:19:35.688952+00:00,140.7,200,bid,YieldingYams,WavyWalnuts,8189514
2026-07-05T10:19:37.788230,2026-07-05T10:19:37.800419+00:00,140.8,20,bid,BrilliantBurritos,WavyWalnuts,8189548
2026-07-05T10:19:40.331607,2026-07-05T10:19:40.335995+00:00,140.8,12,bid,Xuanyu Liu,WavyWalnuts,8189593
2026-07-05T10:19:41.524613,2026-07-05T10:19:41.535980+00:00,140.7,200,ask,YieldingYams,WavyWalnuts,8189610
2026-07-05T10:19:48.349964,2026-07-05T10:19:48.358578+00:00,140.8,20,ask,WavyWalnuts,BrilliantBurritos,8189701
2026-07-05T10:19:48.795720,2026-07-05T10:19:48.806286+00:00,140.8,200,bid,WavyWalnuts,YieldingYams,8189709
2026-07-05T10:19:51.417763,2026-07-05T10:19:51.427122+00:00,140.7,200,ask,WavyWalnuts,YieldingYams,8189752
