timestamp,recv_time,price,volume,aggressor_side,buyer,seller,trade_id
2026-07-15T21:00:00.308358,2026-07-15T21:00:00.324878+00:00,65.8,2,ask,,,5440968
2026-07-15T21:00:00.315033,2026-07-15T21:00:00.324878+00:00,65.8,10,ask,,,5440969
2026-07-15T21:00:00.568952,2026-07-15T21:00:00.578393+00:00,65.9,26,bid,,,5440970
2026-07-15T21:00:00.568952,2026-07-15T21:00:00.578393+00:00,65.9,26,bid,,,5440971
2026-07-15T21:00:00.578229,2026-07-15T21:00:00.589024+00:00,65.9,54,ask,,,5440972
2026-07-15T21:00:00.709314,2026-07-15T21:00:00.715093+00:00,65.9,94,ask,,,5440973
2026-07-15T21:00:01.346930,2026-07-15T21:00:01.377423+00:00,65.9,2,bid,,,5440981
2026-07-15T21:00:01.354218,2026-07-15T21:00:01.377423+00:00,65.8,20,ask,,,5440982
2026-07-15T21:00:01.782980,2026-07-15T21:00:01.792444+00:00,65.9,200,bid,,,5440987
2026-07-15T21:00:03.410978,2026-07-15T21:00:03.426965+00:00,65.9,20,bid,,,5441013
2026-07-15T21:00:03.950001,2026-07-15T21:00:03.959681+00:00,65.9,20,bid,,,5441027
2026-07-15T21:00:04.213624,2026-07-15T21:00:04.221897+00:00,65.9,200,bid,,,5441030
2026-07-15T21:00:04.580269,2026-07-15T21:00:04.594521+00:00,65.9,20,bid,,,5441040
2026-07-15T21:00:05.425536,2026-07-15T21:00:05.427539+00:00,65.9,200,ask,,,5441052
2026-07-15T21:00:05.988245,2026-07-15T21:00:05.997133+00:00,65.9,80,ask,,,5441063
2026-07-15T21:00:05.988245,2026-07-15T21:00:05.997133+00:00,65.8,200,ask,,,5441064
2026-07-15T21:00:05.988245,2026-07-15T21:00:05.997133+00:00,65.8,345,ask,,,5441065
2026-07-15T21:00:06.251111,2026-07-15T21:00:06.259093+00:00,66.1,20,bid,,,5441071
2026-07-15T21:00:07.095431,2026-07-15T21:00:07.101657+00:00,65.8,26,bid,,,5441079
2026-07-15T21:00:07.272947,2026-07-15T21:00:07.280659+00:00,65.8,38,bid,,,5441084
2026-07-15T21:00:07.300054,2026-07-15T21:00:07.301952+00:00,65.8,136,bid,,,5441085
2026-07-15T21:00:07.300054,2026-07-15T21:00:07.312526+00:00,65.8,80,bid,,,5441086
2026-07-15T21:00:07.970235,2026-07-15T21:00:07.975580+00:00,65.9,20,ask,,,5441101
2026-07-15T21:00:08.614623,2026-07-15T21:00:08.619453+00:00,66.0,200,bid,,,5441107
2026-07-15T21:00:08.614623,2026-07-15T21:00:08.619453+00:00,66.0,20,bid,,,5441108
2026-07-15T21:00:11.475466,2026-07-15T21:00:11.477679+00:00,66.1,20,bid,,,5441147
2026-07-15T21:00:11.475466,2026-07-15T21:00:11.488222+00:00,66.1,180,bid,,,5441148
2026-07-15T21:00:15.181988,2026-07-15T21:00:15.188570+00:00,65.9,200,ask,,,5441190
2026-07-15T21:00:15.181988,2026-07-15T21:00:15.188570+00:00,65.8,425,ask,,,5441191
2026-07-15T21:00:16.295372,2026-07-15T21:00:16.305956+00:00,65.8,20,ask,,,5441202
2026-07-15T21:00:16.491513,2026-07-15T21:00:16.495452+00:00,66.0,6,bid,,,5441208
2026-07-15T21:00:16.491513,2026-07-15T21:00:16.495452+00:00,66.0,200,bid,,,5441209
2026-07-15T21:00:16.510597,2026-07-15T21:00:16.515771+00:00,66.0,25,ask,,,5441212
2026-07-15T21:00:16.593297,2026-07-15T21:00:16.598545+00:00,66.0,53,ask,,,5441217
2026-07-15T21:00:16.608777,2026-07-15T21:00:16.620128+00:00,66.0,25,ask,,,5441219
2026-07-15T21:00:16.614725,2026-07-15T21:00:16.620128+00:00,66.0,100,ask,,,5441220
2026-07-15T21:00:16.687660,2026-07-15T21:00:16.694475+00:00,66.0,3,ask,,,5441225
2026-07-15T21:00:16.691047,2026-07-15T21:00:16.694475+00:00,66.0,2,ask,,,5441226
2026-07-15T21:00:17.716723,2026-07-15T21:00:17.721214+00:00,66.1,2,bid,,,5441238
2026-07-15T21:00:18.740090,2026-07-15T21:00:18.752231+00:00,66.0,2,bid,,,5441259
2026-07-15T21:00:18.745956,2026-07-15T21:00:18.752231+00:00,65.9,10,ask,,,5441260
2026-07-15T21:00:19.776196,2026-07-15T21:00:19.786618+00:00,66.0,2,bid,,,5441277
2026-07-15T21:00:20.798292,2026-07-15T21:00:20.804598+00:00,66.0,2,bid,,,5441292
2026-07-15T21:00:21.827523,2026-07-15T21:00:21.833215+00:00,66.1,2,bid,,,5441316
2026-07-15T21:00:21.832804,2026-07-15T21:00:21.843871+00:00,66.0,10,ask,,,5441317
2026-07-15T21:00:22.325962,2026-07-15T21:00:22.327928+00:00,66.0,20,ask,,,5441322
2026-07-15T21:00:22.855843,2026-07-15T21:00:22.863436+00:00,66.1,2,bid,,,5441339
2026-07-15T21:00:23.600225,2026-07-15T21:00:23.612194+00:00,66.0,200,ask,,,5441355
2026-07-15T21:00:23.911578,2026-07-15T21:00:23.916908+00:00,66.1,2,bid,,,5441358
2026-07-15T21:00:24.816893,2026-07-15T21:00:24.825851+00:00,66.0,200,ask,,,5441377
2026-07-15T21:00:24.936486,2026-07-15T21:00:24.941489+00:00,66.1,2,bid,,,5441380
2026-07-15T21:00:25.964095,2026-07-15T21:00:25.971623+00:00,66.1,2,bid,,,5441401
2026-07-15T21:00:26.983925,2026-07-15T21:00:26.985807+00:00,66.1,2,bid,,,5441415
2026-07-15T21:00:28.005388,2026-07-15T21:00:28.011841+00:00,66.1,2,bid,,,5441434
2026-07-15T21:00:28.467397,2026-07-15T21:00:28.477134+00:00,66.1,200,bid,,,5441441
2026-07-15T21:00:29.040431,2026-07-15T21:00:29.046457+00:00,65.9,2,ask,,,5441447
2026-07-15T21:00:30.066602,2026-07-15T21:00:30.078174+00:00,66.0,2,ask,,,5441461
2026-07-15T21:00:30.889041,2026-07-15T21:00:30.891988+00:00,66.1,62,bid,,,5441471
2026-07-15T21:00:30.889041,2026-07-15T21:00:30.902580+00:00,66.1,138,bid,,,5441472
2026-07-15T21:00:30.988332,2026-07-15T21:00:30.997799+00:00,66.1,25,ask,,,5441474
2026-07-15T21:00:31.016955,2026-07-15T21:00:31.018977+00:00,66.1,29,ask,,,5441478
2026-07-15T21:00:31.020993,2026-07-15T21:00:31.029552+00:00,66.1,65,ask,,,5441479
2026-07-15T21:00:31.053058,2026-07-15T21:00:31.061424+00:00,66.1,29,ask,,,5441483
2026-07-15T21:00:31.072721,2026-07-15T21:00:31.082822+00:00,66.1,29,ask,,,5441486
2026-07-15T21:00:31.081086,2026-07-15T21:00:31.082822+00:00,66.1,25,ask,,,5441488
2026-07-15T21:00:31.092226,2026-07-15T21:00:31.104901+00:00,66.1,7,ask,,,5441491
2026-07-15T21:00:31.103045,2026-07-15T21:00:31.104901+00:00,66.1,25,ask,,,5441492
2026-07-15T21:00:31.133196,2026-07-15T21:00:31.137141+00:00,66.1,2,ask,,,5441497
2026-07-15T21:00:31.250250,2026-07-15T21:00:31.253623+00:00,66.1,5,ask,,,5441501
2026-07-15T21:00:31.480220,2026-07-15T21:00:31.486719+00:00,66.1,20,ask,,,5441512
2026-07-15T21:00:32.106695,2026-07-15T21:00:32.117970+00:00,66.1,200,ask,,,5441522
2026-07-15T21:00:32.210078,2026-07-15T21:00:32.218219+00:00,66.2,2,bid,,,5441524
2026-07-15T21:00:32.218763,2026-07-15T21:00:32.228852+00:00,66.1,10,ask,,,5441526
2026-07-15T21:00:33.253032,2026-07-15T21:00:33.263117+00:00,66.1,2,ask,,,5441542
2026-07-15T21:00:33.610063,2026-07-15T21:00:33.614071+00:00,66.1,62,ask,,,5441546
2026-07-15T21:00:33.610063,2026-07-15T21:00:33.614071+00:00,66.1,200,ask,,,5441547
2026-07-15T21:00:33.610063,2026-07-15T21:00:33.645568+00:00,66.1,16,ask,,,5441548
2026-07-15T21:00:33.623888,2026-07-15T21:00:33.645568+00:00,66.1,18,bid,,,5441549
2026-07-15T21:00:34.277159,2026-07-15T21:00:34.280849+00:00,66.1,2,bid,,,5441563
2026-07-15T21:00:34.839302,2026-07-15T21:00:34.847643+00:00,66.1,20,bid,,,5441573
2026-07-15T21:00:35.306015,2026-07-15T21:00:35.313075+00:00,66.0,2,ask,,,5441583
2026-07-15T21:00:36.249629,2026-07-15T21:00:36.252694+00:00,66.1,38,bid,,,5441600
2026-07-15T21:00:36.249629,2026-07-15T21:00:36.263300+00:00,66.1,200,bid,,,5441601
2026-07-15T21:00:36.249629,2026-07-15T21:00:36.263300+00:00,66.1,387,bid,,,5441602
2026-07-15T21:00:36.340611,2026-07-15T21:00:36.347356+00:00,66.0,2,ask,,,5441604
2026-07-15T21:00:36.949627,2026-07-15T21:00:36.955917+00:00,66.2,200,bid,,,5441612
2026-07-15T21:00:37.372509,2026-07-15T21:00:37.375105+00:00,65.7,2,ask,,,5441619
2026-07-15T21:00:38.165736,2026-07-15T21:00:38.174811+00:00,66.0,200,bid,,,5441629
2026-07-15T21:00:38.454708,2026-07-15T21:00:38.458566+00:00,65.8,2,ask,,,5441634
2026-07-15T21:00:38.878128,2026-07-15T21:00:38.887121+00:00,66.0,25,ask,,,5441637
2026-07-15T21:00:38.906643,2026-07-15T21:00:38.908425+00:00,66.0,9,ask,,,5441643
2026-07-15T21:00:38.921045,2026-07-15T21:00:38.929577+00:00,66.0,9,ask,,,5441645
2026-07-15T21:00:38.998641,2026-07-15T21:00:39.003267+00:00,66.0,11,ask,,,5441647
2026-07-15T21:00:39.141266,2026-07-15T21:00:39.151102+00:00,66.0,25,ask,,,5441648
2026-07-15T21:00:39.284129,2026-07-15T21:00:39.287358+00:00,66.0,3,ask,,,5441653
2026-07-15T21:00:39.488773,2026-07-15T21:00:39.497581+00:00,66.0,25,ask,,,5441658
2026-07-15T21:00:39.505370,2026-07-15T21:00:39.508126+00:00,66.0,2,ask,,,5441661
2026-07-15T21:00:40.199723,2026-07-15T21:00:40.215860+00:00,66.1,25,ask,,,5441671
2026-07-15T21:00:40.212525,2026-07-15T21:00:40.215860+00:00,66.1,28,ask,,,5441672
2026-07-15T21:00:40.288219,2026-07-15T21:00:40.290035+00:00,66.1,10,ask,,,5441675
2026-07-15T21:00:40.445167,2026-07-15T21:00:40.447509+00:00,66.1,65,ask,,,5441678
2026-07-15T21:00:40.530633,2026-07-15T21:00:40.542143+00:00,66.1,2,ask,,,5441680
2026-07-15T21:00:40.609761,2026-07-15T21:00:40.616050+00:00,66.2,23,bid,,,5441682
2026-07-15T21:00:40.609761,2026-07-15T21:00:40.616050+00:00,66.3,177,bid,,,5441683
2026-07-15T21:00:40.943466,2026-07-15T21:00:40.953082+00:00,66.3,25,bid,,,5441688
2026-07-15T21:00:40.966146,2026-07-15T21:00:40.974451+00:00,66.1,9,ask,,,5441692
2026-07-15T21:00:41.493609,2026-07-15T21:00:41.499765+00:00,66.3,500,bid,,,5441696
2026-07-15T21:00:41.549001,2026-07-15T21:00:41.552724+00:00,66.4,2,bid,,,5441698
2026-07-15T21:00:41.829821,2026-07-15T21:00:41.838961+00:00,66.3,125,ask,,,5441704
2026-07-15T21:00:41.829821,2026-07-15T21:00:41.838961+00:00,66.3,61,ask,,,5441705
2026-07-15T21:00:41.829821,2026-07-15T21:00:41.838961+00:00,66.3,14,ask,,,5441706
2026-07-15T21:00:42.053253,2026-07-15T21:00:42.061178+00:00,66.3,6,ask,,,5441709
2026-07-15T21:00:42.053253,2026-07-15T21:00:42.061178+00:00,66.3,10,ask,,,5441710
2026-07-15T21:00:42.077201,2026-07-15T21:00:42.082392+00:00,66.2,60,bid,,,5441712
2026-07-15T21:00:42.570848,2026-07-15T21:00:42.577378+00:00,66.2,2,bid,,,5441720
2026-07-15T21:00:42.578239,2026-07-15T21:00:42.587917+00:00,66.2,10,bid,,,5441721
2026-07-15T21:00:44.616465,2026-07-15T21:00:44.618209+00:00,66.2,10,bid,,,5441746
2026-07-15T21:00:44.623388,2026-07-15T21:00:44.628789+00:00,66.0,2,ask,,,5441747
2026-07-15T21:00:45.472799,2026-07-15T21:00:45.481471+00:00,66.1,16,ask,,,5441768
2026-07-15T21:00:45.491720,2026-07-15T21:00:45.502495+00:00,66.1,200,ask,,,5441771
2026-07-15T21:00:45.492070,2026-07-15T21:00:45.502495+00:00,66.1,12,ask,,,5441772
2026-07-15T21:00:45.595449,2026-07-15T21:00:45.597091+00:00,66.1,10,ask,,,5441774
2026-07-15T21:00:45.642667,2026-07-15T21:00:45.650838+00:00,66.1,25,ask,,,5441780
2026-07-15T21:00:45.659517,2026-07-15T21:00:45.661510+00:00,66.1,2,ask,,,5441783
2026-07-15T21:00:46.676906,2026-07-15T21:00:46.680573+00:00,66.2,2,bid,,,5441796
2026-07-15T21:00:46.746540,2026-07-15T21:00:46.754496+00:00,66.1,200,ask,,,5441799
2026-07-15T21:00:47.186057,2026-07-15T21:00:47.188136+00:00,66.1,25,bid,,,5441808
2026-07-15T21:00:47.278968,2026-07-15T21:00:47.283219+00:00,66.1,25,bid,,,5441810
2026-07-15T21:00:47.374369,2026-07-15T21:00:47.378017+00:00,66.1,25,bid,,,5441814
2026-07-15T21:00:47.703580,2026-07-15T21:00:47.713414+00:00,66.1,49,bid,,,5441821
2026-07-15T21:00:47.717076,2026-07-15T21:00:47.723975+00:00,66.1,2,bid,,,5441824
2026-07-15T21:00:47.914854,2026-07-15T21:00:47.923287+00:00,66.0,200,ask,,,5441829
2026-07-15T21:00:48.735033,2026-07-15T21:00:48.744654+00:00,66.1,2,bid,,,5441854
2026-07-15T21:00:49.762586,2026-07-15T21:00:49.795370+00:00,66.1,2,bid,,,5441866
2026-07-15T21:00:50.698110,2026-07-15T21:00:50.702974+00:00,66.0,200,ask,,,5441878
2026-07-15T21:00:50.698110,2026-07-15T21:00:50.702974+00:00,66.0,10,ask,,,5441879
2026-07-15T21:00:50.789159,2026-07-15T21:00:50.797934+00:00,66.0,2,bid,,,5441884
2026-07-15T21:00:51.814433,2026-07-15T21:00:51.818668+00:00,66.0,2,bid,,,5441899
2026-07-15T21:00:52.761911,2026-07-15T21:00:52.765315+00:00,66.0,200,bid,,,5441917
2026-07-15T21:00:52.840581,2026-07-15T21:00:52.849297+00:00,66.0,2,bid,,,5441918
2026-07-15T21:00:53.322500,2026-07-15T21:00:53.332828+00:00,66.0,10,bid,,,5441923
2026-07-15T21:00:53.858093,2026-07-15T21:00:53.859768+00:00,66.1,2,bid,,,5441930
2026-07-15T21:00:54.637872,2026-07-15T21:00:54.648808+00:00,66.0,200,ask,,,5441946
2026-07-15T21:00:54.637872,2026-07-15T21:00:54.648808+00:00,66.0,10,ask,,,5441947
2026-07-15T21:00:54.878849,2026-07-15T21:00:54.880566+00:00,66.0,2,bid,,,5441949
2026-07-15T21:00:55.182837,2026-07-15T21:00:55.185660+00:00,66.0,200,bid,,,5441952
2026-07-15T21:00:55.903901,2026-07-15T21:00:55.910558+00:00,66.0,2,bid,,,5441960
2026-07-15T21:00:55.958546,2026-07-15T21:00:55.963190+00:00,66.0,10,bid,,,5441962
2026-07-15T21:00:56.404270,2026-07-15T21:00:56.405717+00:00,66.1,200,ask,,,5441971
2026-07-15T21:00:56.925586,2026-07-15T21:00:56.936936+00:00,66.2,2,bid,,,5441983
2026-07-15T21:00:56.931604,2026-07-15T21:00:56.936936+00:00,66.2,10,bid,,,5441984
2026-07-15T21:00:57.318029,2026-07-15T21:00:57.327165+00:00,66.1,10,ask,,,5441992
2026-07-15T21:00:57.611045,2026-07-15T21:00:57.620820+00:00,66.0,200,bid,,,5441998
2026-07-15T21:00:57.985982,2026-07-15T21:00:57.989464+00:00,66.0,2,bid,,,5442004
2026-07-15T21:00:58.827455,2026-07-15T21:00:58.831241+00:00,66.1,200,bid,,,5442019
2026-07-15T21:00:59.069304,2026-07-15T21:00:59.074615+00:00,66.1,2,bid,,,5442022
2026-07-15T21:00:59.478370,2026-07-15T21:00:59.484558+00:00,65.9,20,ask,,,5442028
2026-07-15T21:01:00.052848,2026-07-15T21:01:00.063465+00:00,66.1,10,bid,,,5442034
2026-07-15T21:01:00.052848,2026-07-15T21:01:00.063465+00:00,66.2,190,bid,,,5442035
2026-07-15T21:01:00.099979,2026-07-15T21:01:00.105891+00:00,66.0,2,ask,,,5442037
2026-07-15T21:01:01.119747,2026-07-15T21:01:01.126548+00:00,66.0,2,ask,,,5442047
2026-07-15T21:01:01.145919,2026-07-15T21:01:01.147772+00:00,66.0,2,ask,,,5442050
2026-07-15T21:01:02.170838,2026-07-15T21:01:02.178343+00:00,66.1,2,ask,,,5442064
2026-07-15T21:01:03.200842,2026-07-15T21:01:03.211034+00:00,66.1,2,ask,,,5442081
2026-07-15T21:01:04.236740,2026-07-15T21:01:04.241354+00:00,66.2,2,bid,,,5442092
2026-07-15T21:01:05.230542,2026-07-15T21:01:05.242251+00:00,66.2,200,bid,,,5442110
2026-07-15T21:01:05.261629,2026-07-15T21:01:05.263415+00:00,66.2,2,ask,,,5442112
2026-07-15T21:01:06.116838,2026-07-15T21:01:06.125520+00:00,66.2,200,ask,,,5442130
2026-07-15T21:01:06.338191,2026-07-15T21:01:06.347362+00:00,66.2,2,ask,,,5442135
2026-07-15T21:01:06.550738,2026-07-15T21:01:06.557776+00:00,66.1,20,bid,,,5442137
2026-07-15T21:01:07.363336,2026-07-15T21:01:07.375126+00:00,66.1,8,bid,,,5442149
2026-07-15T21:01:07.395041,2026-07-15T21:01:07.407229+00:00,66.1,2,bid,,,5442152
2026-07-15T21:01:07.856549,2026-07-15T21:01:07.859546+00:00,66.1,200,bid,,,5442160
2026-07-15T21:01:08.415665,2026-07-15T21:01:08.418167+00:00,66.2,2,ask,,,5442176
2026-07-15T21:01:08.428833,2026-07-15T21:01:08.439290+00:00,66.2,2,ask,,,5442178
2026-07-15T21:01:08.537018,2026-07-15T21:01:08.543382+00:00,66.2,200,ask,,,5442180
2026-07-15T21:01:08.935808,2026-07-15T21:01:08.944150+00:00,66.2,20,ask,,,5442186
2026-07-15T21:01:09.451298,2026-07-15T21:01:09.459839+00:00,66.1,2,bid,,,5442196
2026-07-15T21:01:09.746754,2026-07-15T21:01:09.753495+00:00,66.1,200,bid,,,5442200
2026-07-15T21:01:10.489829,2026-07-15T21:01:10.500109+00:00,65.9,2,ask,,,5442214
2026-07-15T21:01:10.499014,2026-07-15T21:01:10.510699+00:00,66.1,10,bid,,,5442215
2026-07-15T21:01:10.956208,2026-07-15T21:01:10.967950+00:00,66.2,200,bid,,,5442229
2026-07-15T21:01:11.527504,2026-07-15T21:01:11.535858+00:00,66.1,2,ask,,,5442235
2026-07-15T21:01:11.673900,2026-07-15T21:01:11.685018+00:00,66.1,10,ask,,,5442238
2026-07-15T21:01:11.840950,2026-07-15T21:01:11.843591+00:00,66.2,73,ask,,,5442241
2026-07-15T21:01:12.129109,2026-07-15T21:01:12.138703+00:00,66.2,20,ask,,,5442244
2026-07-15T21:01:12.556398,2026-07-15T21:01:12.558378+00:00,66.2,2,ask,,,5442252
2026-07-15T21:01:13.133443,2026-07-15T21:01:13.137150+00:00,66.2,80,ask,,,5442261
2026-07-15T21:01:13.133443,2026-07-15T21:01:13.147685+00:00,66.1,200,ask,,,5442262
2026-07-15T21:01:13.581031,2026-07-15T21:01:13.589780+00:00,66.0,2,ask,,,5442272
2026-07-15T21:01:13.586246,2026-07-15T21:01:13.589780+00:00,66.0,10,ask,,,5442273
2026-07-15T21:01:14.446192,2026-07-15T21:01:14.458685+00:00,66.2,200,bid,,,5442283
2026-07-15T21:01:14.468804,2026-07-15T21:01:14.479829+00:00,66.3,12,ask,,,5442286
2026-07-15T21:01:14.501856,2026-07-15T21:01:14.511360+00:00,66.3,25,ask,,,5442289
2026-07-15T21:01:14.518691,2026-07-15T21:01:14.521931+00:00,66.3,54,ask,,,5442293
2026-07-15T21:01:14.584929,2026-07-15T21:01:14.595559+00:00,66.3,200,ask,,,5442295
2026-07-15T21:01:14.602001,2026-07-15T21:01:14.606089+00:00,66.3,25,ask,,,5442296
2026-07-15T21:01:14.610080,2026-07-15T21:01:14.616642+00:00,66.3,25,ask,,,5442298
2026-07-15T21:01:14.626685,2026-07-15T21:01:14.637744+00:00,66.4,2,bid,,,5442301
2026-07-15T21:01:15.645880,2026-07-15T21:01:15.657096+00:00,66.4,2,bid,,,5442311
2026-07-15T21:01:15.767976,2026-07-15T21:01:15.772722+00:00,66.3,10,ask,,,5442315
2026-07-15T21:01:15.767976,2026-07-15T21:01:15.772722+00:00,66.2,200,ask,,,5442316
2026-07-15T21:01:15.790571,2026-07-15T21:01:15.799576+00:00,66.2,200,bid,,,5442318
2026-07-15T21:01:16.664657,2026-07-15T21:01:16.673411+00:00,66.2,2,bid,,,5442331
2026-07-15T21:01:17.000943,2026-07-15T21:01:17.012258+00:00,66.2,200,bid,,,5442333
2026-07-15T21:01:17.079618,2026-07-15T21:01:17.085958+00:00,66.2,36,bid,,,5442336
2026-07-15T21:01:17.693130,2026-07-15T21:01:17.697469+00:00,66.2,2,ask,,,5442347
2026-07-15T21:01:18.124241,2026-07-15T21:01:18.134559+00:00,66.3,7,bid,,,5442354
2026-07-15T21:01:18.215127,2026-07-15T21:01:18.218547+00:00,66.2,200,ask,,,5442356
2026-07-15T21:01:18.335445,2026-07-15T21:01:18.345304+00:00,66.3,7,bid,,,5442358
2026-07-15T21:01:18.451993,2026-07-15T21:01:18.462654+00:00,66.2,2,ask,,,5442361
2026-07-15T21:01:18.711651,2026-07-15T21:01:18.714420+00:00,66.2,2,bid,,,5442366
2026-07-15T21:01:19.715101,2026-07-15T21:01:19.717823+00:00,66.2,20,bid,,,5442381
2026-07-15T21:01:20.632504,2026-07-15T21:01:20.643093+00:00,66.2,2,bid,,,5442395
2026-07-15T21:01:20.648108,2026-07-15T21:01:20.653658+00:00,66.2,22,ask,,,5442397
2026-07-15T21:01:20.742398,2026-07-15T21:01:20.748610+00:00,66.2,25,ask,,,5442403
2026-07-15T21:01:20.758413,2026-07-15T21:01:20.769794+00:00,66.2,2,ask,,,5442406
2026-07-15T21:01:21.088254,2026-07-15T21:01:21.098126+00:00,66.2,149,ask,,,5442411
2026-07-15T21:01:21.088254,2026-07-15T21:01:21.098126+00:00,66.2,44,ask,,,5442412
2026-07-15T21:01:21.088254,2026-07-15T21:01:21.098126+00:00,66.2,10,ask,,,5442413
2026-07-15T21:01:21.088254,2026-07-15T21:01:21.098126+00:00,66.2,36,ask,,,5442414
2026-07-15T21:01:21.088254,2026-07-15T21:01:21.098126+00:00,66.0,386,ask,,,5442415
2026-07-15T21:01:21.783582,2026-07-15T21:01:21.785988+00:00,66.0,2,ask,,,5442425
2026-07-15T21:01:21.866069,2026-07-15T21:01:21.870989+00:00,66.2,9,ask,,,5442428
2026-07-15T21:01:21.880331,2026-07-15T21:01:21.881740+00:00,66.2,9,ask,,,5442431
2026-07-15T21:01:21.894659,2026-07-15T21:01:21.903133+00:00,66.2,9,ask,,,5442433
2026-07-15T21:01:21.908909,2026-07-15T21:01:21.913815+00:00,66.2,9,ask,,,5442435
2026-07-15T21:01:22.409273,2026-07-15T21:01:22.420968+00:00,66.3,200,bid,,,5442444
2026-07-15T21:01:22.409273,2026-07-15T21:01:22.420968+00:00,66.3,10,bid,,,5442445
2026-07-15T21:01:22.427977,2026-07-15T21:01:22.431623+00:00,66.3,22,ask,,,5442446
2026-07-15T21:01:22.808889,2026-07-15T21:01:22.820783+00:00,66.3,2,ask,,,5442455
2026-07-15T21:01:23.725271,2026-07-15T21:01:23.731456+00:00,66.3,200,ask,,,5442464
2026-07-15T21:01:23.725271,2026-07-15T21:01:23.731456+00:00,66.3,10,ask,,,5442465
2026-07-15T21:01:23.827765,2026-07-15T21:01:23.836559+00:00,66.3,2,bid,,,5442467
2026-07-15T21:01:24.174335,2026-07-15T21:01:24.183701+00:00,66.1,20,ask,,,5442474
2026-07-15T21:01:24.259293,2026-07-15T21:01:24.268002+00:00,66.3,200,bid,,,5442477
2026-07-15T21:01:24.857217,2026-07-15T21:01:24.866969+00:00,66.1,2,ask,,,5442487
2026-07-15T21:01:25.037636,2026-07-15T21:01:25.052442+00:00,66.3,10,bid,,,5442491
2026-07-15T21:01:25.037636,2026-07-15T21:01:25.052442+00:00,66.4,500,bid,,,5442492
2026-07-15T21:01:25.047211,2026-07-15T21:01:25.063062+00:00,66.4,25,ask,,,5442494
2026-07-15T21:01:25.074431,2026-07-15T21:01:25.084320+00:00,66.4,90,ask,,,5442495
2026-07-15T21:01:25.876582,2026-07-15T21:01:25.887549+00:00,66.3,25,ask,,,5442508
2026-07-15T21:01:25.895995,2026-07-15T21:01:25.898117+00:00,66.3,2,ask,,,5442511
2026-07-15T21:01:26.006005,2026-07-15T21:01:26.014116+00:00,66.3,36,ask,,,5442513
2026-07-15T21:01:26.139855,2026-07-15T21:01:26.150604+00:00,66.3,26,ask,,,5442517
2026-07-15T21:01:26.358215,2026-07-15T21:01:26.361609+00:00,66.3,111,ask,,,5442522
2026-07-15T21:01:26.358215,2026-07-15T21:01:26.372244+00:00,66.3,80,ask,,,5442523
2026-07-15T21:01:26.358215,2026-07-15T21:01:26.372244+00:00,66.0,434,ask,,,5442524
2026-07-15T21:01:26.922490,2026-07-15T21:01:26.933258+00:00,66.1,2,ask,,,5442535
2026-07-15T21:01:27.955744,2026-07-15T21:01:27.965476+00:00,66.1,2,ask,,,5442547
2026-07-15T21:01:28.401552,2026-07-15T21:01:28.412645+00:00,66.1,5,ask,,,5442554
2026-07-15T21:01:28.483603,2026-07-15T21:01:28.494431+00:00,66.2,23,bid,,,5442557
2026-07-15T21:01:28.483603,2026-07-15T21:01:28.494431+00:00,66.2,2,bid,,,5442558
2026-07-15T21:01:28.586644,2026-07-15T21:01:28.589383+00:00,66.2,25,bid,,,5442563
2026-07-15T21:01:28.675798,2026-07-15T21:01:28.684573+00:00,66.2,14,bid,,,5442567
2026-07-15T21:01:28.682150,2026-07-15T21:01:28.695200+00:00,66.2,25,bid,,,5442568
2026-07-15T21:01:28.988065,2026-07-15T21:01:29.001742+00:00,66.2,2,bid,,,5442577
2026-07-15T21:01:30.021504,2026-07-15T21:01:30.024686+00:00,66.2,2,bid,,,5442589
2026-07-15T21:01:30.314800,2026-07-15T21:01:30.320185+00:00,66.1,200,ask,,,5442593
2026-07-15T21:01:30.314800,2026-07-15T21:01:30.320185+00:00,66.1,61,ask,,,5442594
2026-07-15T21:01:30.336939,2026-07-15T21:01:30.341362+00:00,66.0,200,ask,,,5442595
2026-07-15T21:01:31.047857,2026-07-15T21:01:31.055934+00:00,66.1,95,bid,,,5442608
2026-07-15T21:01:31.552345,2026-07-15T21:01:31.564066+00:00,66.1,200,bid,,,5442617
2026-07-15T21:01:31.676954,2026-07-15T21:01:31.683513+00:00,66.2,25,ask,,,5442624
2026-07-15T21:01:31.698192,2026-07-15T21:01:31.704856+00:00,66.3,16,bid,,,5442626
2026-07-15T21:01:31.792392,2026-07-15T21:01:31.801754+00:00,66.2,25,ask,,,5442632
2026-07-15T21:01:31.796411,2026-07-15T21:01:31.801754+00:00,66.2,30,ask,,,5442633
2026-07-15T21:01:31.889901,2026-07-15T21:01:31.892171+00:00,66.2,25,ask,,,5442638
2026-07-15T21:01:31.980758,2026-07-15T21:01:31.986897+00:00,66.2,16,ask,,,5442641
2026-07-15T21:01:32.014305,2026-07-15T21:01:32.018492+00:00,66.2,28,ask,,,5442645
2026-07-15T21:01:32.080596,2026-07-15T21:01:32.092113+00:00,66.2,50,ask,,,5442646
2026-07-15T21:01:32.114498,2026-07-15T21:01:32.123787+00:00,66.2,15,ask,,,5442648
2026-07-15T21:01:32.769148,2026-07-15T21:01:32.775262+00:00,66.2,200,ask,,,5442654
2026-07-15T21:01:32.978428,2026-07-15T21:01:32.986950+00:00,66.2,20,ask,,,5442659
2026-07-15T21:01:33.927842,2026-07-15T21:01:33.938239+00:00,66.1,3,ask,,,5442673
2026-07-15T21:01:33.977251,2026-07-15T21:01:33.980222+00:00,66.2,200,bid,,,5442674
2026-07-15T21:01:34.291175,2026-07-15T21:01:34.295910+00:00,66.2,61,bid,,,5442677
2026-07-15T21:01:34.313470,2026-07-15T21:01:34.317124+00:00,66.2,20,ask,,,5442678
2026-07-15T21:01:34.328732,2026-07-15T21:01:34.338306+00:00,66.2,29,ask,,,5442679
2026-07-15T21:01:34.891202,2026-07-15T21:01:34.903306+00:00,66.3,25,bid,,,5442696
2026-07-15T21:01:34.910281,2026-07-15T21:01:34.913943+00:00,66.2,19,ask,,,5442698
2026-07-15T21:01:34.943031,2026-07-15T21:01:34.945902+00:00,66.2,5,ask,,,5442700
2026-07-15T21:01:34.996806,2026-07-15T21:01:34.998668+00:00,66.3,25,bid,,,5442703
2026-07-15T21:01:35.090802,2026-07-15T21:01:35.095407+00:00,66.3,25,bid,,,5442709
2026-07-15T21:01:35.131916,2026-07-15T21:01:35.137458+00:00,66.3,50,bid,,,5442711
2026-07-15T21:01:35.144915,2026-07-15T21:01:35.148147+00:00,66.3,28,bid,,,5442714
2026-07-15T21:01:35.190354,2026-07-15T21:01:35.201027+00:00,66.3,19,bid,,,5442717
2026-07-15T21:01:35.206633,2026-07-15T21:01:35.211582+00:00,66.2,17,ask,,,5442719
2026-07-15T21:01:35.579916,2026-07-15T21:01:35.590644+00:00,66.3,20,bid,,,5442723
2026-07-15T21:01:37.214282,2026-07-15T21:01:37.218286+00:00,66.2,2,ask,,,5442757
2026-07-15T21:01:37.222324,2026-07-15T21:01:37.229036+00:00,66.2,10,ask,,,5442758
2026-07-15T21:01:37.616010,2026-07-15T21:01:37.617711+00:00,66.2,49,ask,,,5442760
2026-07-15T21:01:37.616010,2026-07-15T21:01:37.628262+00:00,66.2,20,ask,,,5442761
2026-07-15T21:01:37.946784,2026-07-15T21:01:37.955600+00:00,66.1,20,ask,,,5442767
2026-07-15T21:01:38.255065,2026-07-15T21:01:38.260218+00:00,66.1,2,ask,,,5442773
2026-07-15T21:01:38.260439,2026-07-15T21:01:38.270878+00:00,66.1,10,ask,,,5442774
2026-07-15T21:01:38.405099,2026-07-15T21:01:38.419192+00:00,66.1,6,ask,,,5442781
2026-07-15T21:01:38.828751,2026-07-15T21:01:38.839706+00:00,66.2,10,bid,,,5442788
2026-07-15T21:01:38.903047,2026-07-15T21:01:38.913463+00:00,66.2,25,ask,,,5442790
2026-07-15T21:01:39.022674,2026-07-15T21:01:39.029854+00:00,66.2,8,ask,,,5442792
2026-07-15T21:01:39.283574,2026-07-15T21:01:39.293282+00:00,66.2,25,ask,,,5442798
2026-07-15T21:01:39.300203,2026-07-15T21:01:39.303935+00:00,66.2,2,ask,,,5442801
2026-07-15T21:01:39.366138,2026-07-15T21:01:39.377773+00:00,66.2,20,ask,,,5442802
2026-07-15T21:01:40.047603,2026-07-15T21:01:40.054470+00:00,66.2,8,ask,,,5442818
2026-07-15T21:01:40.319519,2026-07-15T21:01:40.328584+00:00,66.2,2,ask,,,5442827
2026-07-15T21:01:40.865480,2026-07-15T21:01:40.867690+00:00,66.2,200,ask,,,5442832
2026-07-15T21:01:40.865480,2026-07-15T21:01:40.878306+00:00,66.2,20,ask,,,5442833
2026-07-15T21:01:41.249285,2026-07-15T21:01:41.259929+00:00,66.2,200,bid,,,5442852
2026-07-15T21:01:41.340759,2026-07-15T21:01:41.344213+00:00,66.1,2,ask,,,5442853
2026-07-15T21:01:42.461679,2026-07-15T21:01:42.467038+00:00,66.3,200,bid,,,5442868
2026-07-15T21:01:45.909022,2026-07-15T21:01:45.911229+00:00,66.3,20,bid,,,5442910
2026-07-15T21:01:47.309583,2026-07-15T21:01:47.316423+00:00,66.2,200,ask,,,5442925
2026-07-15T21:01:47.458600,2026-07-15T21:01:47.463795+00:00,66.4,20,bid,,,5442927
2026-07-15T21:01:47.616144,2026-07-15T21:01:47.623392+00:00,66.2,49,ask,,,5442935
2026-07-15T21:01:47.623068,2026-07-15T21:01:47.634224+00:00,66.2,20,ask,,,5442936
2026-07-15T21:01:47.666968,2026-07-15T21:01:47.677056+00:00,66.2,30,ask,,,5442939
2026-07-15T21:01:48.247974,2026-07-15T21:01:48.255978+00:00,66.2,20,ask,,,5442953
2026-07-15T21:01:48.435185,2026-07-15T21:01:48.444790+00:00,66.2,25,ask,,,5442957
2026-07-15T21:01:48.714161,2026-07-15T21:01:48.715916+00:00,66.3,10,ask,,,5442964
2026-07-15T21:01:49.897567,2026-07-15T21:01:49.907313+00:00,66.3,80,ask,,,5442981
2026-07-15T21:01:49.897567,2026-07-15T21:01:49.907313+00:00,66.3,20,ask,,,5442982
2026-07-15T21:01:50.825051,2026-07-15T21:01:50.830365+00:00,66.2,10,ask,,,5443001
2026-07-15T21:01:51.048944,2026-07-15T21:01:51.053940+00:00,66.2,20,ask,,,5443004
2026-07-15T21:01:51.048944,2026-07-15T21:01:51.053940+00:00,66.2,10,ask,,,5443005
2026-07-15T21:01:51.152769,2026-07-15T21:01:51.160700+00:00,66.2,40,ask,,,5443007
2026-07-15T21:01:51.388880,2026-07-15T21:01:51.392350+00:00,66.2,20,ask,,,5443012
2026-07-15T21:01:51.487412,2026-07-15T21:01:51.497233+00:00,66.2,20,ask,,,5443013
2026-07-15T21:01:51.963778,2026-07-15T21:01:51.971287+00:00,66.2,2,ask,,,5443024
2026-07-15T21:01:51.997351,2026-07-15T21:01:52.003090+00:00,66.2,20,ask,,,5443025
2026-07-15T21:01:52.609703,2026-07-15T21:01:52.621274+00:00,66.2,20,ask,,,5443039
2026-07-15T21:01:52.662849,2026-07-15T21:01:52.674497+00:00,66.2,10,ask,,,5443044
2026-07-15T21:01:52.676315,2026-07-15T21:01:52.692275+00:00,66.3,61,bid,,,5443045
2026-07-15T21:01:52.676315,2026-07-15T21:01:52.692275+00:00,66.3,500,bid,,,5443046
2026-07-15T21:01:52.937555,2026-07-15T21:01:52.944628+00:00,66.3,64,ask,,,5443060
2026-07-15T21:01:52.937555,2026-07-15T21:01:52.944628+00:00,66.3,80,ask,,,5443061
2026-07-15T21:01:53.993234,2026-07-15T21:01:53.994927+00:00,66.1,200,ask,,,5443076
2026-07-15T21:01:53.993234,2026-07-15T21:01:54.013338+00:00,66.1,20,ask,,,5443077
2026-07-15T21:01:54.051007,2026-07-15T21:01:54.055803+00:00,66.1,25,bid,,,5443081
2026-07-15T21:01:54.160160,2026-07-15T21:01:54.172396+00:00,66.1,25,bid,,,5443083
2026-07-15T21:01:54.173897,2026-07-15T21:01:54.183076+00:00,66.1,10,bid,,,5443084
2026-07-15T21:01:54.572769,2026-07-15T21:01:54.582580+00:00,66.1,100,bid,,,5443090
2026-07-15T21:01:54.588808,2026-07-15T21:01:54.593145+00:00,66.0,2,ask,,,5443092
2026-07-15T21:01:55.305751,2026-07-15T21:01:55.310393+00:00,66.1,200,bid,,,5443099
2026-07-15T21:01:55.618832,2026-07-15T21:01:55.627178+00:00,66.1,2,ask,,,5443106
2026-07-15T21:01:55.796000,2026-07-15T21:01:55.806608+00:00,66.1,200,ask,,,5443109
2026-07-15T21:01:55.871201,2026-07-15T21:01:55.880499+00:00,66.1,25,ask,,,5443112
2026-07-15T21:01:55.964877,2026-07-15T21:01:55.975674+00:00,66.1,25,ask,,,5443115
2026-07-15T21:01:55.988917,2026-07-15T21:01:55.996814+00:00,66.3,25,bid,,,5443118
2026-07-15T21:01:55.992743,2026-07-15T21:01:55.996814+00:00,66.1,21,ask,,,5443119
2026-07-15T21:01:56.622958,2026-07-15T21:01:56.630971+00:00,66.1,23,ask,,,5443132
2026-07-15T21:01:56.622958,2026-07-15T21:01:56.630971+00:00,66.1,20,ask,,,5443133
2026-07-15T21:01:56.654575,2026-07-15T21:01:56.662917+00:00,66.0,2,ask,,,5443136
2026-07-15T21:01:57.198759,2026-07-15T21:01:57.203334+00:00,66.0,25,ask,,,5443140
2026-07-15T21:01:57.540996,2026-07-15T21:01:57.547407+00:00,66.0,31,ask,,,5443146
2026-07-15T21:01:57.635172,2026-07-15T21:01:57.639528+00:00,66.0,20,ask,,,5443148
2026-07-15T21:01:57.676729,2026-07-15T21:01:57.682231+00:00,66.0,25,ask,,,5443150
2026-07-15T21:01:57.689204,2026-07-15T21:01:57.692859+00:00,66.0,2,ask,,,5443152
2026-07-15T21:01:57.844281,2026-07-15T21:01:57.847188+00:00,66.0,38,ask,,,5443159
2026-07-15T21:01:57.944056,2026-07-15T21:01:57.952754+00:00,66.0,59,ask,,,5443160
2026-07-15T21:01:57.944056,2026-07-15T21:01:57.952754+00:00,66.0,80,ask,,,5443161
2026-07-15T21:01:58.215714,2026-07-15T21:01:58.226826+00:00,66.0,200,bid,,,5443166
2026-07-15T21:01:58.707661,2026-07-15T21:01:58.713205+00:00,65.9,2,ask,,,5443172
2026-07-15T21:01:59.294816,2026-07-15T21:01:59.306970+00:00,66.2,32,ask,,,5443191
2026-07-15T21:01:59.306666,2026-07-15T21:01:59.317773+00:00,66.2,11,ask,,,5443193
2026-07-15T21:01:59.351473,2026-07-15T21:01:59.360762+00:00,66.2,14,ask,,,5443195
2026-07-15T21:01:59.443767,2026-07-15T21:01:59.455966+00:00,66.2,200,ask,,,5443199
2026-07-15T21:01:59.533162,2026-07-15T21:01:59.540644+00:00,66.2,20,ask,,,5443200
2026-07-15T21:01:59.740955,2026-07-15T21:01:59.745407+00:00,66.2,11,ask,,,5443209
2026-07-15T21:01:59.753153,2026-07-15T21:01:59.756107+00:00,66.2,2,ask,,,5443211
2026-07-15T21:02:00.146781,2026-07-15T21:02:00.155590+00:00,66.2,20,ask,,,5443219
2026-07-15T21:02:00.201461,2026-07-15T21:02:00.208583+00:00,66.2,315,ask,,,5443222
2026-07-15T21:02:00.201461,2026-07-15T21:02:00.208583+00:00,66.2,67,ask,,,5443223
2026-07-15T21:02:00.201461,2026-07-15T21:02:00.208583+00:00,66.2,13,ask,,,5443224
2026-07-15T21:02:00.340935,2026-07-15T21:02:00.346436+00:00,66.2,25,bid,,,5443229
2026-07-15T21:02:00.434464,2026-07-15T21:02:00.440881+00:00,66.2,25,bid,,,5443231
2026-07-15T21:02:00.583254,2026-07-15T21:02:00.587266+00:00,66.1,23,bid,,,5443234
2026-07-15T21:02:00.834339,2026-07-15T21:02:00.839692+00:00,66.1,2,bid,,,5443240
2026-07-15T21:02:01.868229,2026-07-15T21:02:01.873893+00:00,66.1,46,bid,,,5443250
2026-07-15T21:02:01.897977,2026-07-15T21:02:01.905580+00:00,66.1,2,bid,,,5443253
2026-07-15T21:02:02.931645,2026-07-15T21:02:02.939335+00:00,66.0,2,ask,,,5443275
2026-07-15T21:02:03.090947,2026-07-15T21:02:03.097071+00:00,66.0,200,ask,,,5443276
2026-07-15T21:02:03.527256,2026-07-15T21:02:03.529462+00:00,66.0,21,ask,,,5443294
2026-07-15T21:02:03.546060,2026-07-15T21:02:03.550600+00:00,66.0,13,ask,,,5443298
2026-07-15T21:02:03.574926,2026-07-15T21:02:03.582210+00:00,66.0,25,ask,,,5443299
2026-07-15T21:02:03.616200,2026-07-15T21:02:03.624549+00:00,66.0,21,ask,,,5443302
2026-07-15T21:02:03.685194,2026-07-15T21:02:03.687347+00:00,66.0,25,ask,,,5443303
2026-07-15T21:02:03.962628,2026-07-15T21:02:03.972434+00:00,66.0,25,ask,,,5443307
2026-07-15T21:02:03.982246,2026-07-15T21:02:03.993693+00:00,66.0,2,ask,,,5443312
2026-07-15T21:02:03.988638,2026-07-15T21:02:03.993693+00:00,66.0,21,ask,,,5443313
2026-07-15T21:02:04.309745,2026-07-15T21:02:04.319654+00:00,66.1,200,bid,,,5443317
2026-07-15T21:02:04.545646,2026-07-15T21:02:04.560580+00:00,66.1,500,bid,,,5443324
2026-07-15T21:02:04.573482,2026-07-15T21:02:04.581878+00:00,66.1,48,ask,,,5443327
2026-07-15T21:02:05.000645,2026-07-15T21:02:05.003415+00:00,66.1,2,ask,,,5443335
2026-07-15T21:02:05.049683,2026-07-15T21:02:05.076194+00:00,66.1,75,ask,,,5443340
2026-07-15T21:02:05.049683,2026-07-15T21:02:05.076194+00:00,66.1,80,ask,,,5443341
2026-07-15T21:02:05.049683,2026-07-15T21:02:05.076194+00:00,66.1,20,ask,,,5443342
2026-07-15T21:02:05.860134,2026-07-15T21:02:05.885153+00:00,65.8,200,ask,,,5443352
2026-07-15T21:02:05.860134,2026-07-15T21:02:05.885153+00:00,65.8,23,ask,,,5443353
2026-07-15T21:02:06.019408,2026-07-15T21:02:06.023362+00:00,65.7,2,ask,,,5443358
2026-07-15T21:02:06.730017,2026-07-15T21:02:06.739945+00:00,65.8,200,bid,,,5443367
2026-07-15T21:02:07.046504,2026-07-15T21:02:07.057176+00:00,65.8,31,bid,,,5443372
2026-07-15T21:02:07.058824,2026-07-15T21:02:07.067711+00:00,65.7,2,ask,,,5443374
2026-07-15T21:02:08.091758,2026-07-15T21:02:08.096591+00:00,65.7,2,ask,,,5443384
2026-07-15T21:02:09.127498,2026-07-15T21:02:09.137668+00:00,65.8,2,bid,,,5443405
2026-07-15T21:02:10.164180,2026-07-15T21:02:10.167469+00:00,65.7,25,ask,,,5443412
2026-07-15T21:02:10.174836,2026-07-15T21:02:10.178080+00:00,65.7,2,ask,,,5443414
2026-07-15T21:02:10.426313,2026-07-15T21:02:10.430161+00:00,65.7,20,ask,,,5443419
2026-07-15T21:02:11.040182,2026-07-15T21:02:11.050630+00:00,65.7,12,ask,,,5443427
2026-07-15T21:02:11.150061,2026-07-15T21:02:11.157356+00:00,65.7,188,ask,,,5443430
2026-07-15T21:02:11.150061,2026-07-15T21:02:11.157356+00:00,65.6,437,ask,,,5443431
2026-07-15T21:02:11.192783,2026-07-15T21:02:11.199578+00:00,65.6,2,ask,,,5443432
2026-07-15T21:02:12.211599,2026-07-15T21:02:12.218998+00:00,65.7,25,ask,,,5443451
2026-07-15T21:02:12.231035,2026-07-15T21:02:12.240154+00:00,65.7,2,ask,,,5443455
2026-07-15T21:02:13.250756,2026-07-15T21:02:13.258917+00:00,65.7,2,ask,,,5443475
2026-07-15T21:02:14.040795,2026-07-15T21:02:14.048524+00:00,65.7,20,ask,,,5443485
2026-07-15T21:02:14.040795,2026-07-15T21:02:14.048524+00:00,65.7,180,ask,,,5443486
2026-07-15T21:02:14.273451,2026-07-15T21:02:14.281589+00:00,65.7,2,ask,,,5443493
2026-07-15T21:02:15.083703,2026-07-15T21:02:15.091139+00:00,65.7,20,ask,,,5443503
2026-07-15T21:02:15.292528,2026-07-15T21:02:15.301967+00:00,65.6,2,ask,,,5443508
2026-07-15T21:02:16.197251,2026-07-15T21:02:16.206938+00:00,65.6,13,ask,,,5443523
2026-07-15T21:02:16.208138,2026-07-15T21:02:16.217602+00:00,65.6,25,ask,,,5443524
2026-07-15T21:02:16.251658,2026-07-15T21:02:16.259907+00:00,65.6,28,ask,,,5443527
2026-07-15T21:02:16.314299,2026-07-15T21:02:16.323060+00:00,65.6,45,ask,,,5443529
2026-07-15T21:02:16.324013,2026-07-15T21:02:16.333578+00:00,65.6,13,ask,,,5443531
2026-07-15T21:02:16.362457,2026-07-15T21:02:16.365041+00:00,65.6,2,ask,,,5443532
2026-07-15T21:02:16.478641,2026-07-15T21:02:16.482470+00:00,65.6,200,ask,,,5443534
2026-07-15T21:02:17.380778,2026-07-15T21:02:17.387240+00:00,65.6,2,ask,,,5443546
2026-07-15T21:02:17.702861,2026-07-15T21:02:17.712410+00:00,65.7,23,bid,,,5443549
2026-07-15T21:02:17.702861,2026-07-15T21:02:17.712410+00:00,65.7,200,bid,,,5443550
2026-07-15T21:02:18.393043,2026-07-15T21:02:18.395426+00:00,65.9,20,bid,,,5443566
2026-07-15T21:02:18.404704,2026-07-15T21:02:18.416733+00:00,65.7,2,ask,,,5443567
2026-07-15T21:02:18.908949,2026-07-15T21:02:18.911511+00:00,65.7,200,ask,,,5443581
2026-07-15T21:02:19.025843,2026-07-15T21:02:19.027998+00:00,65.7,78,ask,,,5443584
2026-07-15T21:02:19.025843,2026-07-15T21:02:19.038570+00:00,65.7,20,ask,,,5443585
2026-07-15T21:02:19.025843,2026-07-15T21:02:19.038570+00:00,65.6,28,ask,,,5443586
2026-07-15T21:02:19.025843,2026-07-15T21:02:19.038570+00:00,65.6,499,ask,,,5443587
2026-07-15T21:02:19.428879,2026-07-15T21:02:19.438808+00:00,66.0,2,bid,,,5443596
2026-07-15T21:02:20.167315,2026-07-15T21:02:20.170424+00:00,65.7,200,bid,,,5443607
2026-07-15T21:02:20.362204,2026-07-15T21:02:20.370378+00:00,65.8,32,ask,,,5443615
2026-07-15T21:02:20.419433,2026-07-15T21:02:20.423016+00:00,65.8,10,ask,,,5443617
2026-07-15T21:02:20.454935,2026-07-15T21:02:20.465300+00:00,66.0,68,bid,,,5443620
2026-07-15T21:02:20.466873,2026-07-15T21:02:20.475867+00:00,65.8,2,ask,,,5443622
2026-07-15T21:02:21.325741,2026-07-15T21:02:21.328207+00:00,65.8,200,ask,,,5443641
2026-07-15T21:02:21.485086,2026-07-15T21:02:21.487218+00:00,65.8,2,ask,,,5443647
2026-07-15T21:02:22.501658,2026-07-15T21:02:22.506043+00:00,65.8,2,ask,,,5443659
2026-07-15T21:02:22.536076,2026-07-15T21:02:22.537772+00:00,65.8,200,ask,,,5443661
2026-07-15T21:02:23.521415,2026-07-15T21:02:23.524975+00:00,65.7,2,ask,,,5443679
2026-07-15T21:02:23.761420,2026-07-15T21:02:23.788828+00:00,65.8,14,bid,,,5443681
2026-07-15T21:02:24.412451,2026-07-15T21:02:24.415119+00:00,65.8,186,bid,,,5443698
2026-07-15T21:02:24.412451,2026-07-15T21:02:24.425845+00:00,65.8,314,bid,,,5443699
2026-07-15T21:02:24.542748,2026-07-15T21:02:24.547718+00:00,65.7,2,ask,,,5443705
2026-07-15T21:02:24.957116,2026-07-15T21:02:24.959535+00:00,65.8,200,bid,,,5443713
2026-07-15T21:02:25.005563,2026-07-15T21:02:25.016324+00:00,65.8,111,bid,,,5443714
2026-07-15T21:02:25.034672,2026-07-15T21:02:25.037565+00:00,65.8,40,ask,,,5443715
2026-07-15T21:02:25.567104,2026-07-15T21:02:25.574681+00:00,65.8,2,ask,,,5443724
2026-07-15T21:02:25.583930,2026-07-15T21:02:25.603826+00:00,66.0,200,bid,,,5443725
2026-07-15T21:02:25.616063,2026-07-15T21:02:25.625820+00:00,66.0,10,ask,,,5443729
2026-07-15T21:02:25.706959,2026-07-15T21:02:25.711788+00:00,66.0,20,ask,,,5443736
2026-07-15T21:02:26.165824,2026-07-15T21:02:26.175066+00:00,66.0,200,ask,,,5443743
2026-07-15T21:02:26.588433,2026-07-15T21:02:26.590980+00:00,66.0,25,ask,,,5443750
2026-07-15T21:02:26.600074,2026-07-15T21:02:26.601555+00:00,66.0,2,ask,,,5443752
2026-07-15T21:02:26.761395,2026-07-15T21:02:26.769774+00:00,66.0,20,ask,,,5443755
2026-07-15T21:02:26.912852,2026-07-15T21:02:26.918371+00:00,66.0,80,ask,,,5443761
2026-07-15T21:02:27.618320,2026-07-15T21:02:27.627245+00:00,65.8,2,ask,,,5443778
2026-07-15T21:02:28.646695,2026-07-15T21:02:28.658182+00:00,66.0,25,ask,,,5443801
2026-07-15T21:02:28.650813,2026-07-15T21:02:28.658182+00:00,66.0,20,ask,,,5443802
2026-07-15T21:02:28.707675,2026-07-15T21:02:28.711334+00:00,66.0,2,ask,,,5443808
2026-07-15T21:02:29.726201,2026-07-15T21:02:29.729239+00:00,66.0,2,ask,,,5443827
2026-07-15T21:02:29.804773,2026-07-15T21:02:29.813361+00:00,66.2,200,bid,,,5443829
2026-07-15T21:02:30.748488,2026-07-15T21:02:30.750149+00:00,66.1,2,bid,,,5443836
2026-07-15T21:02:30.757319,2026-07-15T21:02:30.760719+00:00,66.1,10,bid,,,5443838
2026-07-15T21:02:31.027374,2026-07-15T21:02:31.034537+00:00,66.1,200,bid,,,5443843
2026-07-15T21:02:31.781116,2026-07-15T21:02:31.789528+00:00,66.0,2,ask,,,5443858
2026-07-15T21:02:32.237961,2026-07-15T21:02:32.243299+00:00,66.0,15,ask,,,5443869
2026-07-15T21:02:32.237961,2026-07-15T21:02:32.243299+00:00,66.0,20,ask,,,5443870
2026-07-15T21:02:32.806541,2026-07-15T21:02:32.815287+00:00,65.9,2,ask,,,5443877
2026-07-15T21:02:34.845187,2026-07-15T21:02:34.856607+00:00,66.0,2,bid,,,5443903
2026-07-15T21:02:34.852223,2026-07-15T21:02:34.856607+00:00,66.0,10,bid,,,5443904
2026-07-15T21:02:34.907178,2026-07-15T21:02:34.909480+00:00,66.0,25,bid,,,5443906
2026-07-15T21:02:35.000918,2026-07-15T21:02:35.006348+00:00,66.0,25,bid,,,5443913
2026-07-15T21:02:35.061985,2026-07-15T21:02:35.070614+00:00,66.0,14,bid,,,5443916
2026-07-15T21:02:35.103202,2026-07-15T21:02:35.113098+00:00,66.0,25,bid,,,5443918
2026-07-15T21:02:35.874416,2026-07-15T21:02:35.879978+00:00,66.0,200,bid,,,5443928
2026-07-15T21:02:35.890580,2026-07-15T21:02:35.901090+00:00,66.0,2,bid,,,5443931
2026-07-15T21:02:36.149122,2026-07-15T21:02:36.155256+00:00,66.1,200,bid,,,5443936
2026-07-15T21:02:36.153267,2026-07-15T21:02:36.155256+00:00,66.1,45,ask,,,5443937
2026-07-15T21:02:36.797861,2026-07-15T21:02:36.809193+00:00,66.2,20,bid,,,5443953
2026-07-15T21:02:36.919055,2026-07-15T21:02:36.924313+00:00,66.2,5,bid,,,5443955
2026-07-15T21:02:36.924939,2026-07-15T21:02:36.934893+00:00,66.2,5,bid,,,5443956
2026-07-15T21:02:36.930886,2026-07-15T21:02:36.934893+00:00,66.1,2,ask,,,5443957
2026-07-15T21:02:37.085859,2026-07-15T21:02:37.088115+00:00,66.1,200,ask,,,5443964
2026-07-15T21:02:37.469346,2026-07-15T21:02:37.476751+00:00,66.1,44,ask,,,5443965
2026-07-15T21:02:37.469346,2026-07-15T21:02:37.476751+00:00,66.1,80,ask,,,5443966
2026-07-15T21:02:37.469346,2026-07-15T21:02:37.476751+00:00,66.1,20,ask,,,5443967
2026-07-15T21:02:37.948041,2026-07-15T21:02:37.950592+00:00,66.0,40,bid,,,5443974
2026-07-15T21:02:37.966058,2026-07-15T21:02:37.971632+00:00,66.0,2,bid,,,5443977
2026-07-15T21:02:38.995670,2026-07-15T21:02:39.001872+00:00,66.0,2,bid,,,5443997
2026-07-15T21:02:39.508210,2026-07-15T21:02:39.515396+00:00,66.0,200,bid,,,5443999
2026-07-15T21:02:40.025451,2026-07-15T21:02:40.037237+00:00,66.0,2,bid,,,5444009
2026-07-15T21:02:41.047668,2026-07-15T21:02:41.050229+00:00,66.1,2,bid,,,5444024
2026-07-15T21:02:41.052961,2026-07-15T21:02:41.060870+00:00,66.1,10,bid,,,5444025
2026-07-15T21:02:41.945477,2026-07-15T21:02:41.956776+00:00,66.1,200,ask,,,5444047
2026-07-15T21:02:42.071928,2026-07-15T21:02:42.082388+00:00,66.1,2,ask,,,5444051
2026-07-15T21:02:42.739324,2026-07-15T21:02:42.742541+00:00,66.1,10,ask,,,5444066
2026-07-15T21:02:43.099329,2026-07-15T21:02:43.101799+00:00,66.1,2,bid,,,5444072
2026-07-15T21:02:43.104347,2026-07-15T21:02:43.112436+00:00,66.1,10,bid,,,5444073
2026-07-15T21:02:43.158124,2026-07-15T21:02:43.165967+00:00,66.1,200,bid,,,5444075
2026-07-15T21:02:44.123359,2026-07-15T21:02:44.133930+00:00,66.0,2,ask,,,5444088
2026-07-15T21:02:45.149726,2026-07-15T21:02:45.160997+00:00,66.0,2,ask,,,5444099
2026-07-15T21:02:45.369726,2026-07-15T21:02:45.385155+00:00,66.0,200,ask,,,5444108
2026-07-15T21:02:45.369726,2026-07-15T21:02:45.385155+00:00,65.9,425,ask,,,5444109
2026-07-15T21:02:52.819388,2026-07-15T21:02:52.822748+00:00,66.1,20,bid,,,5444213
2026-07-15T21:02:53.234001,2026-07-15T21:02:53.236039+00:00,66.0,200,ask,,,5444218
2026-07-15T21:02:54.050585,2026-07-15T21:02:54.059383+00:00,66.0,200,bid,,,5444226
2026-07-15T21:02:54.200903,2026-07-15T21:02:54.207264+00:00,66.0,25,bid,,,5444232
2026-07-15T21:02:54.279274,2026-07-15T21:02:54.280794+00:00,66.0,14,bid,,,5444238
2026-07-15T21:02:54.296160,2026-07-15T21:02:54.301916+00:00,66.0,25,bid,,,5444241
2026-07-15T21:02:54.302179,2026-07-15T21:02:54.312509+00:00,66.0,25,bid,,,5444242
2026-07-15T21:02:54.462676,2026-07-15T21:02:54.470050+00:00,66.0,19,bid,,,5444247
2026-07-15T21:02:55.857870,2026-07-15T21:02:55.895982+00:00,66.2,44,bid,,,5444272
2026-07-15T21:02:55.857870,2026-07-15T21:02:55.895982+00:00,66.2,200,bid,,,5444273
2026-07-15T21:02:55.857870,2026-07-15T21:02:55.895982+00:00,66.2,36,bid,,,5444274
2026-07-15T21:02:55.879338,2026-07-15T21:02:55.895982+00:00,66.2,26,ask,,,5444276
2026-07-15T21:02:56.334377,2026-07-15T21:02:56.337204+00:00,66.2,49,ask,,,5444294
2026-07-15T21:02:56.346714,2026-07-15T21:02:56.358778+00:00,66.3,2,bid,,,5444296
2026-07-15T21:02:56.487700,2026-07-15T21:02:56.497813+00:00,66.2,200,ask,,,5444297
2026-07-15T21:02:57.187437,2026-07-15T21:02:57.190081+00:00,66.2,80,ask,,,5444305
2026-07-15T21:02:57.187437,2026-07-15T21:02:57.206515+00:00,66.2,10,ask,,,5444306
2026-07-15T21:02:57.187437,2026-07-15T21:02:57.206515+00:00,66.1,200,ask,,,5444307
2026-07-15T21:02:57.205799,2026-07-15T21:02:57.217090+00:00,66.1,25,bid,,,5444309
2026-07-15T21:02:57.245035,2026-07-15T21:02:57.248977+00:00,66.1,30,bid,,,5444314
2026-07-15T21:02:57.255835,2026-07-15T21:02:57.259559+00:00,66.1,45,bid,,,5444315
2026-07-15T21:02:57.370136,2026-07-15T21:02:57.375353+00:00,66.1,2,bid,,,5444319
2026-07-15T21:02:57.386680,2026-07-15T21:02:57.396510+00:00,65.9,10,ask,,,5444320
2026-07-15T21:02:57.693554,2026-07-15T21:02:57.698036+00:00,66.1,200,bid,,,5444329
2026-07-15T21:02:58.430190,2026-07-15T21:02:58.435414+00:00,65.9,2,ask,,,5444337
2026-07-15T21:02:58.516892,2026-07-15T21:02:58.530511+00:00,66.1,80,bid,,,5444339
2026-07-15T21:02:58.527109,2026-07-15T21:02:58.530511+00:00,66.1,20,ask,,,5444340
2026-07-15T21:02:58.545891,2026-07-15T21:02:58.551677+00:00,66.1,38,ask,,,5444343
2026-07-15T21:02:58.904380,2026-07-15T21:02:58.909456+00:00,66.2,200,bid,,,5444346
2026-07-15T21:02:59.454872,2026-07-15T21:02:59.458622+00:00,66.2,2,bid,,,5444357
2026-07-15T21:03:00.131069,2026-07-15T21:03:00.142259+00:00,66.1,80,ask,,,5444374
2026-07-15T21:03:00.481116,2026-07-15T21:03:00.491974+00:00,66.1,2,bid,,,5444380
2026-07-15T21:03:00.518639,2026-07-15T21:03:00.523631+00:00,66.1,45,bid,,,5444383
2026-07-15T21:03:00.854246,2026-07-15T21:03:00.861208+00:00,66.1,6,bid,,,5444389
2026-07-15T21:03:01.037134,2026-07-15T21:03:01.045735+00:00,66.1,20,bid,,,5444392
2026-07-15T21:03:01.143303,2026-07-15T21:03:01.169658+00:00,66.1,47,bid,,,5444393
2026-07-15T21:03:01.143303,2026-07-15T21:03:01.169658+00:00,66.1,70,bid,,,5444394
2026-07-15T21:03:01.177285,2026-07-15T21:03:01.180475+00:00,66.1,10,ask,,,5444398
2026-07-15T21:03:01.502408,2026-07-15T21:03:01.506601+00:00,66.2,2,bid,,,5444401
2026-07-15T21:03:02.458937,2026-07-15T21:03:02.486839+00:00,66.2,198,bid,,,5444411
2026-07-15T21:03:02.458937,2026-07-15T21:03:02.486839+00:00,66.2,20,bid,,,5444412
2026-07-15T21:03:02.521846,2026-07-15T21:03:02.529104+00:00,66.3,2,bid,,,5444417
2026-07-15T21:03:03.548741,2026-07-15T21:03:03.551013+00:00,66.3,20,bid,,,5444441
2026-07-15T21:03:03.553908,2026-07-15T21:03:03.561529+00:00,66.3,25,bid,,,5444442
2026-07-15T21:03:03.561188,2026-07-15T21:03:03.572028+00:00,66.3,2,bid,,,5444443
2026-07-15T21:03:03.857171,2026-07-15T21:03:03.866657+00:00,66.1,200,ask,,,5444451
2026-07-15T21:03:03.870423,2026-07-15T21:03:03.877227+00:00,66.1,300,ask,,,5444452
2026-07-15T21:03:03.870423,2026-07-15T21:03:03.877227+00:00,66.1,42,ask,,,5444453
2026-07-15T21:03:04.404199,2026-07-15T21:03:04.414870+00:00,66.1,283,bid,,,5444461
2026-07-15T21:03:04.404199,2026-07-15T21:03:04.414870+00:00,66.1,20,bid,,,5444462
2026-07-15T21:03:04.580577,2026-07-15T21:03:04.584055+00:00,66.2,2,bid,,,5444464
2026-07-15T21:03:05.068764,2026-07-15T21:03:05.078376+00:00,66.1,80,ask,,,5444474
2026-07-15T21:03:05.068764,2026-07-15T21:03:05.078376+00:00,66.1,120,ask,,,5444475
2026-07-15T21:03:05.651918,2026-07-15T21:03:05.660003+00:00,66.4,2,bid,,,5444482
2026-07-15T21:03:06.304457,2026-07-15T21:03:06.312332+00:00,66.3,200,ask,,,5444491
2026-07-15T21:03:06.675607,2026-07-15T21:03:06.678419+00:00,66.2,2,bid,,,5444501
2026-07-15T21:03:06.886738,2026-07-15T21:03:06.892207+00:00,66.2,31,bid,,,5444506
2026-07-15T21:03:06.965710,2026-07-15T21:03:06.976776+00:00,66.2,15,bid,,,5444509
2026-07-15T21:03:07.323206,2026-07-15T21:03:07.334372+00:00,66.2,30,bid,,,5444515
2026-07-15T21:03:07.699800,2026-07-15T21:03:07.703240+00:00,66.2,43,bid,,,5444518
2026-07-15T21:03:07.706554,2026-07-15T21:03:07.713791+00:00,66.2,2,bid,,,5444519
2026-07-15T21:03:07.951852,2026-07-15T21:03:07.956092+00:00,66.2,20,bid,,,5444520
2026-07-15T21:03:07.951852,2026-07-15T21:03:07.956092+00:00,66.2,10,bid,,,5444521
2026-07-15T21:03:08.567416,2026-07-15T21:03:08.577718+00:00,66.2,14,bid,,,5444526
2026-07-15T21:03:08.733211,2026-07-15T21:03:08.735781+00:00,66.2,2,bid,,,5444532
2026-07-15T21:03:09.116372,2026-07-15T21:03:09.134569+00:00,66.1,19,ask,,,5444536
2026-07-15T21:03:09.116372,2026-07-15T21:03:09.134569+00:00,66.1,500,ask,,,5444537
2026-07-15T21:03:09.173038,2026-07-15T21:03:09.176844+00:00,66.1,14,bid,,,5444540
2026-07-15T21:03:09.950893,2026-07-15T21:03:09.953033+00:00,66.0,4,ask,,,5444558
2026-07-15T21:03:09.950893,2026-07-15T21:03:09.963603+00:00,66.0,196,ask,,,5444559
2026-07-15T21:03:10.433388,2026-07-15T21:03:10.464697+00:00,66.1,80,bid,,,5444566
2026-07-15T21:03:10.433388,2026-07-15T21:03:10.464697+00:00,66.1,20,bid,,,5444567
2026-07-15T21:03:10.433388,2026-07-15T21:03:10.464697+00:00,66.2,30,bid,,,5444568
2026-07-15T21:03:10.505510,2026-07-15T21:03:10.507832+00:00,66.2,25,ask,,,5444574
2026-07-15T21:03:10.564538,2026-07-15T21:03:10.571379+00:00,66.2,3,ask,,,5444577
2026-07-15T21:03:10.762159,2026-07-15T21:03:10.771840+00:00,66.2,80,ask,,,5444580
2026-07-15T21:03:10.781583,2026-07-15T21:03:10.793286+00:00,66.3,2,bid,,,5444584
2026-07-15T21:03:11.165339,2026-07-15T21:03:11.175543+00:00,66.2,200,ask,,,5444591
2026-07-15T21:03:11.759221,2026-07-15T21:03:11.774495+00:00,66.0,500,ask,,,5444596
2026-07-15T21:03:11.803995,2026-07-15T21:03:11.806173+00:00,66.0,2,bid,,,5444598
2026-07-15T21:03:11.809232,2026-07-15T21:03:11.816694+00:00,65.9,10,ask,,,5444599
2026-07-15T21:03:12.273587,2026-07-15T21:03:12.280848+00:00,66.0,123,bid,,,5444613
2026-07-15T21:03:12.273587,2026-07-15T21:03:12.280848+00:00,66.0,65,bid,,,5444614
2026-07-15T21:03:12.383528,2026-07-15T21:03:12.386405+00:00,66.0,200,ask,,,5444617
2026-07-15T21:03:12.833139,2026-07-15T21:03:12.840680+00:00,66.3,2,bid,,,5444622
2026-07-15T21:03:13.595058,2026-07-15T21:03:13.605027+00:00,66.3,200,ask,,,5444638
2026-07-15T21:03:13.634258,2026-07-15T21:03:13.636740+00:00,66.4,20,bid,,,5444641
2026-07-15T21:03:13.837448,2026-07-15T21:03:13.847135+00:00,66.4,50,bid,,,5444643
2026-07-15T21:03:13.864099,2026-07-15T21:03:13.868081+00:00,66.4,4,bid,,,5444644
2026-07-15T21:03:13.881579,2026-07-15T21:03:13.889233+00:00,66.4,2,bid,,,5444648
2026-07-15T21:03:13.936095,2026-07-15T21:03:13.941685+00:00,66.4,50,bid,,,5444650
2026-07-15T21:03:14.152920,2026-07-15T21:03:14.163031+00:00,66.4,4,bid,,,5444657
2026-07-15T21:03:14.804253,2026-07-15T21:03:14.809515+00:00,66.1,200,ask,,,5444667
2026-07-15T21:03:14.901099,2026-07-15T21:03:14.912734+00:00,66.3,2,bid,,,5444669
2026-07-15T21:03:15.701551,2026-07-15T21:03:15.713196+00:00,66.1,42,ask,,,5444676
2026-07-15T21:03:15.701551,2026-07-15T21:03:15.713196+00:00,66.1,500,ask,,,5444677
2026-07-15T21:03:15.895134,2026-07-15T21:03:15.903161+00:00,66.1,83,bid,,,5444680
2026-07-15T21:03:15.895134,2026-07-15T21:03:15.903161+00:00,66.1,75,bid,,,5444681
2026-07-15T21:03:15.895134,2026-07-15T21:03:15.903161+00:00,66.1,5,bid,,,5444682
2026-07-15T21:03:15.936850,2026-07-15T21:03:15.945732+00:00,66.3,2,bid,,,5444683
2026-07-15T21:03:16.015918,2026-07-15T21:03:16.019662+00:00,66.1,200,ask,,,5444686
2026-07-15T21:03:16.963926,2026-07-15T21:03:16.965600+00:00,66.1,2,ask,,,5444703
2026-07-15T21:03:17.232387,2026-07-15T21:03:17.238961+00:00,66.3,200,ask,,,5444710
2026-07-15T21:03:17.918540,2026-07-15T21:03:17.928674+00:00,66.3,37,ask,,,5444726
2026-07-15T21:03:17.982249,2026-07-15T21:03:17.991582+00:00,66.3,4,ask,,,5444727
2026-07-15T21:03:18.002909,2026-07-15T21:03:18.012907+00:00,66.3,2,ask,,,5444730
2026-07-15T21:03:18.445096,2026-07-15T21:03:18.446595+00:00,66.3,200,ask,,,5444739
2026-07-15T21:03:19.038063,2026-07-15T21:03:19.046946+00:00,66.3,2,ask,,,5444750
2026-07-15T21:03:19.656619,2026-07-15T21:03:19.662405+00:00,66.3,200,ask,,,5444759
2026-07-15T21:03:19.743937,2026-07-15T21:03:19.748025+00:00,66.3,25,bid,,,5444762
2026-07-15T21:03:19.935495,2026-07-15T21:03:19.938000+00:00,66.3,6,bid,,,5444772
2026-07-15T21:03:20.020588,2026-07-15T21:03:20.022253+00:00,66.3,20,bid,,,5444774
2026-07-15T21:03:20.057475,2026-07-15T21:03:20.064920+00:00,66.3,4,bid,,,5444775
2026-07-15T21:03:20.069802,2026-07-15T21:03:20.075561+00:00,66.3,2,bid,,,5444777
2026-07-15T21:03:20.629063,2026-07-15T21:03:20.636020+00:00,66.3,16,bid,,,5444787
2026-07-15T21:03:20.868691,2026-07-15T21:03:20.875270+00:00,66.2,200,ask,,,5444793
2026-07-15T21:03:21.013265,2026-07-15T21:03:21.029268+00:00,66.2,500,ask,,,5444797
2026-07-15T21:03:21.020118,2026-07-15T21:03:21.029268+00:00,66.1,3,bid,,,5444798
2026-07-15T21:03:21.087299,2026-07-15T21:03:21.092713+00:00,66.1,2,bid,,,5444804
2026-07-15T21:03:21.104260,2026-07-15T21:03:21.113805+00:00,66.1,5,bid,,,5444805
2026-07-15T21:03:21.349189,2026-07-15T21:03:21.357512+00:00,66.1,115,bid,,,5444812
2026-07-15T21:03:21.349189,2026-07-15T21:03:21.357512+00:00,66.1,20,bid,,,5444813
2026-07-15T21:03:21.349189,2026-07-15T21:03:21.357512+00:00,66.2,30,bid,,,5444814
2026-07-15T21:03:22.105978,2026-07-15T21:03:22.108861+00:00,66.4,2,bid,,,5444829
2026-07-15T21:03:22.803335,2026-07-15T21:03:22.815354+00:00,66.3,25,ask,,,5444835
2026-07-15T21:03:22.872213,2026-07-15T21:03:22.878460+00:00,66.3,3,ask,,,5444838
2026-07-15T21:03:22.962425,2026-07-15T21:03:22.972905+00:00,66.3,6,ask,,,5444844
2026-07-15T21:03:23.130184,2026-07-15T21:03:23.143538+00:00,66.3,6,ask,,,5444852
2026-07-15T21:03:23.151443,2026-07-15T21:03:23.154116+00:00,66.3,2,ask,,,5444855
2026-07-15T21:03:23.637039,2026-07-15T21:03:23.639093+00:00,66.3,200,ask,,,5444867
2026-07-15T21:03:23.797001,2026-07-15T21:03:23.807319+00:00,66.3,425,bid,,,5444868
2026-07-15T21:03:23.797001,2026-07-15T21:03:23.807319+00:00,66.3,42,bid,,,5444869
2026-07-15T21:03:24.177310,2026-07-15T21:03:24.180334+00:00,66.3,2,ask,,,5444879
2026-07-15T21:03:24.946263,2026-07-15T21:03:24.953457+00:00,66.4,200,bid,,,5444889
2026-07-15T21:03:24.946263,2026-07-15T21:03:24.953457+00:00,66.4,20,bid,,,5444890
2026-07-15T21:03:24.946263,2026-07-15T21:03:24.953457+00:00,66.5,20,bid,,,5444891
2026-07-15T21:03:24.982412,2026-07-15T21:03:24.985284+00:00,66.5,26,ask,,,5444893
2026-07-15T21:03:25.106302,2026-07-15T21:03:25.112500+00:00,66.6,3,bid,,,5444897
2026-07-15T21:03:25.243548,2026-07-15T21:03:25.250608+00:00,66.5,2,ask,,,5444904
2026-07-15T21:03:25.704162,2026-07-15T21:03:25.707186+00:00,66.5,200,ask,,,5444911
2026-07-15T21:03:26.276905,2026-07-15T21:03:26.293926+00:00,66.3,2,bid,,,5444923
2026-07-15T21:03:26.356642,2026-07-15T21:03:26.367836+00:00,66.3,33,bid,,,5444929
2026-07-15T21:03:26.912535,2026-07-15T21:03:26.921139+00:00,66.3,200,bid,,,5444940
2026-07-15T21:03:27.295422,2026-07-15T21:03:27.300299+00:00,66.3,4,bid,,,5444947
2026-07-15T21:03:27.307485,2026-07-15T21:03:27.310862+00:00,66.3,2,bid,,,5444950
2026-07-15T21:03:28.121881,2026-07-15T21:03:28.129723+00:00,66.4,200,bid,,,5444964
2026-07-15T21:03:28.326329,2026-07-15T21:03:28.329696+00:00,66.4,2,bid,,,5444968
2026-07-15T21:03:29.334227,2026-07-15T21:03:29.346148+00:00,66.4,200,bid,,,5444987
2026-07-15T21:03:29.348803,2026-07-15T21:03:29.357072+00:00,66.3,4,ask,,,5444988
2026-07-15T21:03:29.393246,2026-07-15T21:03:29.400569+00:00,66.3,2,ask,,,5444991
2026-07-15T21:03:30.425634,2026-07-15T21:03:30.433416+00:00,66.3,2,ask,,,5445006
2026-07-15T21:03:30.603945,2026-07-15T21:03:30.615607+00:00,66.4,25,ask,,,5445015
2026-07-15T21:03:30.698310,2026-07-15T21:03:30.710692+00:00,66.4,25,ask,,,5445017
2026-07-15T21:03:30.777166,2026-07-15T21:03:30.784227+00:00,66.4,14,ask,,,5445022
2026-07-15T21:03:31.459363,2026-07-15T21:03:31.462176+00:00,66.5,2,bid,,,5445030
2026-07-15T21:03:32.186616,2026-07-15T21:03:32.197284+00:00,66.5,20,bid,,,5445041
2026-07-15T21:03:32.486695,2026-07-15T21:03:32.495965+00:00,66.5,2,bid,,,5445050
2026-07-15T21:03:32.504232,2026-07-15T21:03:32.506597+00:00,66.5,2,bid,,,5445053
2026-07-15T21:03:32.899227,2026-07-15T21:03:32.913896+00:00,66.4,25,bid,,,5445064
2026-07-15T21:03:32.936064,2026-07-15T21:03:32.945730+00:00,66.4,48,bid,,,5445068
2026-07-15T21:03:32.970480,2026-07-15T21:03:32.977467+00:00,66.4,31,bid,,,5445070
2026-07-15T21:03:32.994331,2026-07-15T21:03:32.998630+00:00,66.4,6,bid,,,5445072
2026-07-15T21:03:33.312747,2026-07-15T21:03:33.316325+00:00,66.4,8,bid,,,5445081
2026-07-15T21:03:33.526956,2026-07-15T21:03:33.529262+00:00,66.4,2,bid,,,5445084
2026-07-15T21:03:33.533781,2026-07-15T21:03:33.539781+00:00,66.4,10,bid,,,5445085
2026-07-15T21:03:33.600519,2026-07-15T21:03:33.602658+00:00,66.4,27,bid,,,5445088
2026-07-15T21:03:34.151263,2026-07-15T21:03:34.160644+00:00,66.4,200,bid,,,5445094
2026-07-15T21:03:34.151263,2026-07-15T21:03:34.160644+00:00,66.4,80,bid,,,5445095
2026-07-15T21:03:34.151263,2026-07-15T21:03:34.160644+00:00,66.4,345,bid,,,5445096
2026-07-15T21:03:34.188164,2026-07-15T21:03:34.192154+00:00,66.4,155,bid,,,5445097
2026-07-15T21:03:34.553755,2026-07-15T21:03:34.562417+00:00,66.4,14,ask,,,5445105
2026-07-15T21:03:34.567953,2026-07-15T21:03:34.573116+00:00,66.5,2,bid,,,5445107
2026-07-15T21:03:35.320662,2026-07-15T21:03:35.332539+00:00,66.4,31,ask,,,5445113
2026-07-15T21:03:35.320662,2026-07-15T21:03:35.332539+00:00,66.4,62,ask,,,5445114
2026-07-15T21:03:35.467831,2026-07-15T21:03:35.470656+00:00,66.1,200,ask,,,5445118
2026-07-15T21:03:35.494794,2026-07-15T21:03:35.515957+00:00,66.1,25,bid,,,5445123
2026-07-15T21:03:35.597201,2026-07-15T21:03:35.601224+00:00,66.1,25,bid,,,5445127
2026-07-15T21:03:35.611977,2026-07-15T21:03:35.622677+00:00,66.1,25,bid,,,5445131
2026-07-15T21:03:35.616825,2026-07-15T21:03:35.622677+00:00,66.1,2,bid,,,5445132
2026-07-15T21:03:35.634159,2026-07-15T21:03:35.643948+00:00,66.1,2,bid,,,5445135
2026-07-15T21:03:35.658586,2026-07-15T21:03:35.665109+00:00,66.1,27,bid,,,5445137
2026-07-15T21:03:35.766644,2026-07-15T21:03:35.770801+00:00,66.1,14,bid,,,5445145
2026-07-15T21:03:35.872637,2026-07-15T21:03:35.876872+00:00,66.1,20,bid,,,5445148
2026-07-15T21:03:35.914731,2026-07-15T21:03:35.919227+00:00,66.1,285,bid,,,5445151
2026-07-15T21:03:36.657016,2026-07-15T21:03:36.659511+00:00,66.2,2,bid,,,5445159
2026-07-15T21:03:37.674973,2026-07-15T21:03:37.684065+00:00,66.1,31,ask,,,5445180
2026-07-15T21:03:37.686527,2026-07-15T21:03:37.694831+00:00,66.2,1,bid,,,5445182
2026-07-15T21:03:37.718244,2026-07-15T21:03:37.745203+00:00,66.2,197,bid,,,5445183
2026-07-15T21:03:37.718244,2026-07-15T21:03:37.745203+00:00,66.2,20,bid,,,5445184
2026-07-15T21:03:37.970659,2026-07-15T21:03:37.972509+00:00,66.2,20,ask,,,5445196
2026-07-15T21:03:38.090656,2026-07-15T21:03:38.094214+00:00,66.2,263,ask,,,5445202
2026-07-15T21:03:38.090656,2026-07-15T21:03:38.094214+00:00,66.2,19,ask,,,5445203
2026-07-15T21:03:38.173480,2026-07-15T21:03:38.178578+00:00,66.2,20,bid,,,5445204
2026-07-15T21:03:38.422937,2026-07-15T21:03:38.428283+00:00,66.1,25,ask,,,5445208
2026-07-15T21:03:38.714179,2026-07-15T21:03:38.723976+00:00,66.1,1,ask,,,5445213
2026-07-15T21:03:38.733738,2026-07-15T21:03:38.745278+00:00,66.1,2,ask,,,5445216
2026-07-15T21:03:39.019727,2026-07-15T21:03:39.029952+00:00,66.1,6,ask,,,5445218
2026-07-15T21:03:39.036033,2026-07-15T21:03:39.040643+00:00,66.1,200,ask,,,5445219
2026-07-15T21:03:39.402528,2026-07-15T21:03:39.405999+00:00,66.2,61,bid,,,5445230
2026-07-15T21:03:39.402528,2026-07-15T21:03:39.405999+00:00,66.2,10,bid,,,5445231
2026-07-15T21:03:39.436923,2026-07-15T21:03:39.445769+00:00,66.2,20,ask,,,5445235
2026-07-15T21:03:39.446481,2026-07-15T21:03:39.456406+00:00,66.2,63,ask,,,5445237
2026-07-15T21:03:39.484384,2026-07-15T21:03:39.488010+00:00,66.2,25,ask,,,5445238
2026-07-15T21:03:39.566814,2026-07-15T21:03:39.572973+00:00,66.2,2,ask,,,5445242
2026-07-15T21:03:39.581978,2026-07-15T21:03:39.583565+00:00,66.2,25,ask,,,5445245
2026-07-15T21:03:39.587944,2026-07-15T21:03:39.594122+00:00,66.2,41,ask,,,5445246
2026-07-15T21:03:39.605265,2026-07-15T21:03:39.615470+00:00,66.4,25,bid,,,5445249
2026-07-15T21:03:40.248471,2026-07-15T21:03:40.252917+00:00,66.2,200,ask,,,5445258
2026-07-15T21:03:40.719683,2026-07-15T21:03:40.725057+00:00,66.2,80,ask,,,5445264
2026-07-15T21:03:41.759572,2026-07-15T21:03:41.761800+00:00,66.2,2,bid,,,5445278
2026-07-15T21:03:41.781516,2026-07-15T21:03:41.782970+00:00,66.2,2,bid,,,5445281
2026-07-15T21:03:42.809467,2026-07-15T21:03:42.817369+00:00,66.2,2,ask,,,5445297
2026-07-15T21:03:43.834682,2026-07-15T21:03:43.839200+00:00,66.3,2,ask,,,5445309
2026-07-15T21:03:43.903949,2026-07-15T21:03:43.912906+00:00,66.4,200,bid,,,5445310
2026-07-15T21:03:44.852577,2026-07-15T21:03:44.859794+00:00,66.3,2,ask,,,5445324
2026-07-15T21:03:45.875930,2026-07-15T21:03:45.879139+00:00,66.3,2,ask,,,5445341
2026-07-15T21:03:46.348127,2026-07-15T21:03:46.355029+00:00,66.4,200,bid,,,5445350
2026-07-15T21:03:46.902593,2026-07-15T21:03:46.909847+00:00,66.4,4,bid,,,5445366
2026-07-15T21:03:46.917208,2026-07-15T21:03:46.920689+00:00,66.4,2,bid,,,5445368
2026-07-15T21:03:47.294769,2026-07-15T21:03:47.302831+00:00,66.4,500,bid,,,5445371
2026-07-15T21:03:47.294769,2026-07-15T21:03:47.302831+00:00,66.5,125,bid,,,5445372
2026-07-15T21:03:47.942540,2026-07-15T21:03:47.946378+00:00,66.4,2,bid,,,5445378
2026-07-15T21:03:48.786962,2026-07-15T21:03:48.794236+00:00,66.4,200,bid,,,5445400
2026-07-15T21:03:48.978361,2026-07-15T21:03:48.986435+00:00,66.4,2,bid,,,5445403
2026-07-15T21:03:50.004514,2026-07-15T21:03:50.007049+00:00,66.4,2,bid,,,5445420
2026-07-15T21:03:50.008456,2026-07-15T21:03:50.017734+00:00,66.3,200,ask,,,5445421
2026-07-15T21:03:51.056560,2026-07-15T21:03:51.061067+00:00,66.4,2,bid,,,5445443
2026-07-15T21:03:51.064347,2026-07-15T21:03:51.071862+00:00,66.4,10,bid,,,5445444
2026-07-15T21:03:51.222537,2026-07-15T21:03:51.230916+00:00,66.3,200,ask,,,5445447
2026-07-15T21:03:51.292920,2026-07-15T21:03:51.317155+00:00,66.3,2,ask,,,5445448
2026-07-15T21:03:51.324847,2026-07-15T21:03:51.338842+00:00,66.2,25,bid,,,5445452
2026-07-15T21:03:51.400765,2026-07-15T21:03:51.403009+00:00,66.2,68,bid,,,5445458
2026-07-15T21:03:51.418643,2026-07-15T21:03:51.424329+00:00,66.2,37,bid,,,5445459
2026-07-15T21:03:51.569157,2026-07-15T21:03:51.572161+00:00,66.2,20,bid,,,5445462
2026-07-15T21:03:52.431259,2026-07-15T21:03:52.438537+00:00,66.2,200,bid,,,5445476
2026-07-15T21:03:52.604445,2026-07-15T21:03:52.606402+00:00,66.2,10,bid,,,5445477
2026-07-15T21:03:53.143135,2026-07-15T21:03:53.151449+00:00,66.2,18,ask,,,5445486
2026-07-15T21:03:54.863373,2026-07-15T21:03:54.870543+00:00,66.2,59,ask,,,5445504
2026-07-15T21:03:54.985286,2026-07-15T21:03:54.997850+00:00,66.2,13,bid,,,5445507
2026-07-15T21:03:55.058707,2026-07-15T21:03:55.085092+00:00,66.2,6,bid,,,5445509
2026-07-15T21:03:55.193644,2026-07-15T21:03:55.196427+00:00,66.2,25,bid,,,5445513
2026-07-15T21:03:55.203406,2026-07-15T21:03:55.285474+00:00,66.1,1,ask,,,5445514
2026-07-15T21:03:56.228023,2026-07-15T21:03:56.233517+00:00,66.1,25,bid,,,5445532
2026-07-15T21:03:56.244426,2026-07-15T21:03:56.254768+00:00,66.1,2,bid,,,5445534
2026-07-15T21:03:56.551816,2026-07-15T21:03:56.559193+00:00,66.0,25,bid,,,5445537
2026-07-15T21:03:57.269090,2026-07-15T21:03:57.278479+00:00,66.0,25,bid,,,5445551
2026-07-15T21:03:57.282955,2026-07-15T21:03:57.289099+00:00,66.0,2,bid,,,5445553
2026-07-15T21:03:57.296107,2026-07-15T21:03:57.299819+00:00,66.0,200,bid,,,5445554
2026-07-15T21:03:57.323183,2026-07-15T21:03:57.331795+00:00,66.0,20,bid,,,5445556
2026-07-15T21:03:57.616627,2026-07-15T21:03:57.627938+00:00,65.9,25,ask,,,5445563
2026-07-15T21:03:57.638138,2026-07-15T21:03:57.649109+00:00,66.0,25,bid,,,5445566
2026-07-15T21:03:57.856791,2026-07-15T21:03:57.861166+00:00,66.0,29,bid,,,5445567
2026-07-15T21:03:58.320331,2026-07-15T21:03:58.328840+00:00,66.0,2,ask,,,5445574
2026-07-15T21:03:59.073745,2026-07-15T21:03:59.078701+00:00,66.0,20,ask,,,5445592
2026-07-15T21:03:59.343408,2026-07-15T21:03:59.345174+00:00,65.9,2,ask,,,5445599
2026-07-15T21:03:59.348909,2026-07-15T21:03:59.356018+00:00,65.9,10,ask,,,5445600
2026-07-15T21:04:00.374743,2026-07-15T21:04:00.377730+00:00,65.9,2,ask,,,5445607
2026-07-15T21:04:00.496149,2026-07-15T21:04:00.498015+00:00,65.9,14,ask,,,5445614
2026-07-15T21:04:00.496149,2026-07-15T21:04:00.514544+00:00,65.9,500,ask,,,5445615
2026-07-15T21:04:00.717734,2026-07-15T21:04:00.753974+00:00,65.9,111,bid,,,5445619
2026-07-15T21:04:00.717734,2026-07-15T21:04:00.753974+00:00,65.9,80,bid,,,5445620
2026-07-15T21:04:00.780347,2026-07-15T21:04:00.786193+00:00,65.9,25,ask,,,5445625
2026-07-15T21:04:01.091907,2026-07-15T21:04:01.102780+00:00,65.9,6,ask,,,5445638
2026-07-15T21:04:01.400711,2026-07-15T21:04:01.407819+00:00,65.9,2,ask,,,5445640
2026-07-15T21:04:01.807148,2026-07-15T21:04:01.817844+00:00,66.0,20,bid,,,5445645
2026-07-15T21:04:01.837137,2026-07-15T21:04:01.838952+00:00,66.0,25,ask,,,5445648
2026-07-15T21:04:01.963017,2026-07-15T21:04:01.976700+00:00,66.0,25,ask,,,5445650
2026-07-15T21:04:01.997264,2026-07-15T21:04:02.008625+00:00,66.0,51,ask,,,5445652
2026-07-15T21:04:02.424550,2026-07-15T21:04:02.433987+00:00,66.0,2,ask,,,5445658
2026-07-15T21:04:03.460417,2026-07-15T21:04:03.465396+00:00,66.0,2,ask,,,5445674
2026-07-15T21:04:06.842231,2026-07-15T21:04:06.847940+00:00,66.0,20,ask,,,5445716
2026-07-15T21:04:06.997018,2026-07-15T21:04:07.006619+00:00,66.0,58,ask,,,5445718
2026-07-15T21:04:06.997018,2026-07-15T21:04:07.006619+00:00,66.0,142,ask,,,5445719
2026-07-15T21:04:09.240557,2026-07-15T21:04:09.243188+00:00,65.9,20,ask,,,5445757
2026-07-15T21:04:09.746292,2026-07-15T21:04:09.756848+00:00,65.9,480,ask,,,5445765
2026-07-15T21:04:09.746292,2026-07-15T21:04:09.756848+00:00,65.8,145,ask,,,5445766
2026-07-15T21:04:10.637321,2026-07-15T21:04:10.647150+00:00,65.9,200,ask,,,5445783
2026-07-15T21:04:11.447809,2026-07-15T21:04:11.454810+00:00,66.2,20,bid,,,5445791
2026-07-15T21:04:11.865276,2026-07-15T21:04:11.877868+00:00,66.0,200,ask,,,5445794
2026-07-15T21:04:13.076895,2026-07-15T21:04:13.085299+00:00,66.0,200,ask,,,5445820
2026-07-15T21:04:14.283552,2026-07-15T21:04:14.294578+00:00,66.0,200,bid,,,5445840
2026-07-15T21:04:14.687084,2026-07-15T21:04:14.696852+00:00,65.9,2,ask,,,5445847
2026-07-15T21:04:14.697871,2026-07-15T21:04:14.707421+00:00,65.9,10,ask,,,5445848
2026-07-15T21:04:15.018379,2026-07-15T21:04:15.023573+00:00,66.0,32,bid,,,5445853
2026-07-15T21:04:15.496563,2026-07-15T21:04:15.498242+00:00,66.1,200,ask,,,5445859
2026-07-15T21:04:15.731796,2026-07-15T21:04:15.740636+00:00,66.1,2,ask,,,5445862
2026-07-15T21:04:16.338705,2026-07-15T21:04:16.344726+00:00,66.0,200,ask,,,5445874
2026-07-15T21:04:16.761622,2026-07-15T21:04:16.768265+00:00,65.9,2,ask,,,5445883
2026-07-15T21:04:16.766924,2026-07-15T21:04:16.778957+00:00,65.9,6,ask,,,5445884
2026-07-15T21:04:16.772351,2026-07-15T21:04:16.778957+00:00,65.9,4,ask,,,5445885
2026-07-15T21:04:17.273725,2026-07-15T21:04:17.281393+00:00,66.0,20,bid,,,5445897
2026-07-15T21:04:17.801120,2026-07-15T21:04:17.806548+00:00,66.0,2,bid,,,5445902
2026-07-15T21:04:18.823120,2026-07-15T21:04:18.832192+00:00,65.9,2,ask,,,5445914
2026-07-15T21:04:18.829470,2026-07-15T21:04:18.832192+00:00,65.9,10,ask,,,5445915
2026-07-15T21:04:19.856299,2026-07-15T21:04:19.867816+00:00,66.0,2,bid,,,5445929
2026-07-15T21:04:20.875927,2026-07-15T21:04:20.881647+00:00,66.0,2,bid,,,5445949
2026-07-15T21:04:21.457100,2026-07-15T21:04:21.462777+00:00,65.9,4,ask,,,5445957
2026-07-15T21:04:22.768644,2026-07-15T21:04:22.779730+00:00,66.0,4,bid,,,5445979
2026-07-15T21:04:22.768644,2026-07-15T21:04:22.779730+00:00,66.0,8,bid,,,5445980
2026-07-15T21:04:22.928078,2026-07-15T21:04:22.937903+00:00,66.1,200,bid,,,5445983
2026-07-15T21:04:22.928078,2026-07-15T21:04:22.937903+00:00,66.1,40,bid,,,5445984
2026-07-15T21:04:22.954675,2026-07-15T21:04:22.958989+00:00,66.1,25,ask,,,5445987
2026-07-15T21:04:22.964188,2026-07-15T21:04:22.969571+00:00,66.1,11,ask,,,5445989
2026-07-15T21:04:22.994580,2026-07-15T21:04:23.001167+00:00,66.1,25,ask,,,5445990
2026-07-15T21:04:23.089553,2026-07-15T21:04:23.095958+00:00,66.1,25,ask,,,5445993
2026-07-15T21:04:23.440871,2026-07-15T21:04:23.442789+00:00,66.1,20,ask,,,5445995
2026-07-15T21:04:23.988026,2026-07-15T21:04:23.997985+00:00,66.1,200,ask,,,5446005
2026-07-15T21:04:24.252107,2026-07-15T21:04:24.291619+00:00,66.1,80,ask,,,5446010
2026-07-15T21:04:24.252107,2026-07-15T21:04:24.291619+00:00,66.1,20,ask,,,5446011
2026-07-15T21:04:24.252107,2026-07-15T21:04:24.291619+00:00,66.0,200,ask,,,5446012
2026-07-15T21:04:24.969425,2026-07-15T21:04:24.977702+00:00,65.9,2,ask,,,5446031
2026-07-15T21:04:24.977882,2026-07-15T21:04:24.988375+00:00,65.9,10,ask,,,5446032
2026-07-15T21:04:25.200075,2026-07-15T21:04:25.210113+00:00,66.0,200,bid,,,5446037
2026-07-15T21:04:25.567277,2026-07-15T21:04:25.569292+00:00,66.0,34,bid,,,5446040
2026-07-15T21:04:25.567277,2026-07-15T21:04:25.589517+00:00,66.2,200,bid,,,5446041
2026-07-15T21:04:25.579640,2026-07-15T21:04:25.589517+00:00,66.2,34,ask,,,5446042
2026-07-15T21:04:25.594446,2026-07-15T21:04:25.600302+00:00,66.2,25,ask,,,5446044
2026-07-15T21:04:25.613402,2026-07-15T21:04:25.621649+00:00,66.2,63,ask,,,5446047
2026-07-15T21:04:25.625390,2026-07-15T21:04:25.632254+00:00,66.2,17,ask,,,5446049
2026-07-15T21:04:25.965646,2026-07-15T21:04:25.969776+00:00,66.2,20,ask,,,5446057
2026-07-15T21:04:26.003482,2026-07-15T21:04:26.012097+00:00,66.2,25,ask,,,5446059
2026-07-15T21:04:26.026099,2026-07-15T21:04:26.033358+00:00,66.2,2,ask,,,5446063
2026-07-15T21:04:26.751156,2026-07-15T21:04:26.760698+00:00,66.2,205,ask,,,5446073
2026-07-15T21:04:26.751156,2026-07-15T21:04:26.760698+00:00,66.2,34,ask,,,5446074
2026-07-15T21:04:26.751156,2026-07-15T21:04:26.760698+00:00,66.2,80,ask,,,5446075
2026-07-15T21:04:26.751156,2026-07-15T21:04:26.760698+00:00,66.2,20,ask,,,5446076
2026-07-15T21:04:26.889998,2026-07-15T21:04:26.904670+00:00,66.1,200,ask,,,5446077
2026-07-15T21:04:26.919760,2026-07-15T21:04:26.926228+00:00,65.9,49,bid,,,5446083
2026-07-15T21:04:27.050405,2026-07-15T21:04:27.056526+00:00,65.9,15,bid,,,5446085
2026-07-15T21:04:27.054932,2026-07-15T21:04:27.067273+00:00,65.9,25,bid,,,5446086
2026-07-15T21:04:27.078226,2026-07-15T21:04:27.088761+00:00,65.9,2,bid,,,5446091
2026-07-15T21:04:27.110989,2026-07-15T21:04:27.120827+00:00,65.9,24,bid,,,5446093
2026-07-15T21:04:27.153613,2026-07-15T21:04:27.163220+00:00,65.9,25,bid,,,5446096
2026-07-15T21:04:27.248899,2026-07-15T21:04:27.259671+00:00,65.9,25,bid,,,5446099
2026-07-15T21:04:27.631114,2026-07-15T21:04:27.639844+00:00,65.9,200,bid,,,5446103
2026-07-15T21:04:28.122593,2026-07-15T21:04:28.127308+00:00,65.9,2,bid,,,5446112
2026-07-15T21:04:28.201773,2026-07-15T21:04:28.211544+00:00,65.9,80,bid,,,5446113
2026-07-15T21:04:28.201773,2026-07-15T21:04:28.211544+00:00,65.9,10,bid,,,5446114
2026-07-15T21:04:29.147246,2026-07-15T21:04:29.154329+00:00,66.0,4,ask,,,5446130
2026-07-15T21:04:29.167791,2026-07-15T21:04:29.175538+00:00,66.0,2,ask,,,5446134
2026-07-15T21:04:30.056938,2026-07-15T21:04:30.064633+00:00,66.1,200,bid,,,5446151
2026-07-15T21:04:30.186532,2026-07-15T21:04:30.191256+00:00,66.0,2,ask,,,5446152
2026-07-15T21:04:30.288134,2026-07-15T21:04:30.296612+00:00,66.1,20,bid,,,5446154
2026-07-15T21:04:30.737265,2026-07-15T21:04:30.747921+00:00,66.1,20,bid,,,5446169
2026-07-15T21:04:31.154842,2026-07-15T21:04:31.163733+00:00,66.1,17,bid,,,5446178
2026-07-15T21:04:31.210780,2026-07-15T21:04:31.218049+00:00,66.0,2,ask,,,5446181
2026-07-15T21:04:32.235262,2026-07-15T21:04:32.238404+00:00,66.0,2,ask,,,5446199
2026-07-15T21:04:32.670909,2026-07-15T21:04:32.675294+00:00,66.1,41,ask,,,5446207
2026-07-15T21:04:33.087757,2026-07-15T21:04:33.091815+00:00,66.1,23,ask,,,5446217
2026-07-15T21:04:33.256218,2026-07-15T21:04:33.261251+00:00,66.1,2,ask,,,5446221
2026-07-15T21:04:33.264054,2026-07-15T21:04:33.271780+00:00,66.1,10,ask,,,5446222
2026-07-15T21:04:33.283064,2026-07-15T21:04:33.292962+00:00,66.2,20,bid,,,5446223
2026-07-15T21:04:34.283721,2026-07-15T21:04:34.296186+00:00,66.2,20,bid,,,5446248
2026-07-15T21:04:34.297224,2026-07-15T21:04:34.306876+00:00,66.2,18,bid,,,5446250
2026-07-15T21:04:34.308694,2026-07-15T21:04:34.317440+00:00,66.1,2,ask,,,5446252
2026-07-15T21:04:34.325709,2026-07-15T21:04:34.327994+00:00,66.1,10,ask,,,5446253
2026-07-15T21:04:34.898111,2026-07-15T21:04:34.902938+00:00,66.2,200,bid,,,5446261
2026-07-15T21:04:35.333396,2026-07-15T21:04:35.344609+00:00,66.1,2,ask,,,5446270
2026-07-15T21:04:36.115051,2026-07-15T21:04:36.125370+00:00,66.2,200,bid,,,5446275
2026-07-15T21:04:36.356593,2026-07-15T21:04:36.368481+00:00,66.1,2,ask,,,5446277
2026-07-15T21:04:37.344824,2026-07-15T21:04:37.352986+00:00,66.2,200,bid,,,5446295
2026-07-15T21:04:37.377970,2026-07-15T21:04:37.384852+00:00,66.1,2,ask,,,5446296
2026-07-15T21:04:37.386622,2026-07-15T21:04:37.395686+00:00,66.1,10,ask,,,5446297
2026-07-15T21:04:38.414172,2026-07-15T21:04:38.416317+00:00,66.2,2,bid,,,5446320
2026-07-15T21:04:38.735264,2026-07-15T21:04:38.742248+00:00,66.2,4,bid,,,5446324
2026-07-15T21:04:38.804234,2026-07-15T21:04:38.815942+00:00,66.2,20,ask,,,5446325
2026-07-15T21:04:39.221873,2026-07-15T21:04:39.228262+00:00,66.2,10,ask,,,5446332
2026-07-15T21:04:39.487337,2026-07-15T21:04:39.503409+00:00,66.2,2,ask,,,5446338
2026-07-15T21:04:39.501295,2026-07-15T21:04:39.503409+00:00,66.2,10,ask,,,5446339
2026-07-15T21:04:39.601147,2026-07-15T21:04:39.608641+00:00,66.3,20,bid,,,5446341
2026-07-15T21:04:39.767776,2026-07-15T21:04:39.772393+00:00,66.3,200,bid,,,5446348
2026-07-15T21:04:40.528475,2026-07-15T21:04:40.531065+00:00,66.2,2,ask,,,5446361
2026-07-15T21:04:41.552687,2026-07-15T21:04:41.554189+00:00,66.2,2,ask,,,5446382
2026-07-15T21:04:41.569074,2026-07-15T21:04:41.575282+00:00,66.2,1,ask,,,5446383
2026-07-15T21:04:42.189852,2026-07-15T21:04:42.195160+00:00,66.3,200,bid,,,5446397
2026-07-15T21:04:42.571240,2026-07-15T21:04:42.574996+00:00,66.3,32,bid,,,5446405
2026-07-15T21:04:42.585077,2026-07-15T21:04:42.596257+00:00,66.3,2,bid,,,5446407
2026-07-15T21:04:42.720093,2026-07-15T21:04:42.722576+00:00,66.3,500,bid,,,5446409
2026-07-15T21:04:43.121907,2026-07-15T21:04:43.133974+00:00,66.3,125,ask,,,5446424
2026-07-15T21:04:43.121907,2026-07-15T21:04:43.133974+00:00,66.3,1,ask,,,5446425
2026-07-15T21:04:43.158648,2026-07-15T21:04:43.165772+00:00,66.3,1,bid,,,5446426
2026-07-15T21:04:43.175219,2026-07-15T21:04:43.187019+00:00,66.3,10,bid,,,5446428
2026-07-15T21:04:44.036077,2026-07-15T21:04:44.047753+00:00,66.2,200,ask,,,5446442
2026-07-15T21:04:44.612658,2026-07-15T21:04:44.617194+00:00,66.2,200,bid,,,5446454
2026-07-15T21:04:45.304284,2026-07-15T21:04:45.310526+00:00,66.0,25,ask,,,5446466
2026-07-15T21:04:45.391389,2026-07-15T21:04:45.395600+00:00,66.1,20,ask,,,5446474
2026-07-15T21:04:45.395547,2026-07-15T21:04:45.406268+00:00,66.1,43,ask,,,5446475
2026-07-15T21:04:45.400800,2026-07-15T21:04:45.406268+00:00,66.2,23,bid,,,5446476
2026-07-15T21:04:46.952201,2026-07-15T21:04:46.962607+00:00,66.1,20,ask,,,5446494
2026-07-15T21:04:47.976783,2026-07-15T21:04:47.992633+00:00,66.1,200,ask,,,5446510
2026-07-15T21:04:47.976783,2026-07-15T21:04:47.992633+00:00,66.1,20,ask,,,5446511
2026-07-15T21:04:49.291322,2026-07-15T21:04:49.299910+00:00,66.1,37,bid,,,5446524
2026-07-15T21:04:49.291322,2026-07-15T21:04:49.299910+00:00,66.1,200,bid,,,5446525
2026-07-15T21:04:53.110597,2026-07-15T21:04:53.114366+00:00,66.1,200,bid,,,5446578
2026-07-15T21:04:54.551188,2026-07-15T21:04:54.559178+00:00,66.1,200,bid,,,5446594
2026-07-15T21:04:55.532598,2026-07-15T21:04:55.539322+00:00,66.3,200,bid,,,5446612
2026-07-15T21:04:56.743823,2026-07-15T21:04:56.748612+00:00,66.2,200,bid,,,5446627
2026-07-15T21:04:57.963583,2026-07-15T21:04:57.970779+00:00,66.2,200,bid,,,5446644
2026-07-15T21:04:59.874433,2026-07-15T21:04:59.879372+00:00,66.2,2,bid,,,5446671
2026-07-15T21:04:59.880332,2026-07-15T21:04:59.889945+00:00,66.2,10,bid,,,5446672
2026-07-15T21:05:00.800894,2026-07-15T21:05:00.808690+00:00,66.2,20,bid,,,5446685
2026-07-15T21:05:00.881023,2026-07-15T21:05:00.883484+00:00,66.2,25,bid,,,5446689
2026-07-15T21:05:00.912920,2026-07-15T21:05:00.915229+00:00,66.2,2,bid,,,5446693
2026-07-15T21:05:01.125436,2026-07-15T21:05:01.150453+00:00,66.1,200,ask,,,5446696
2026-07-15T21:05:01.125436,2026-07-15T21:05:01.150453+00:00,66.1,61,ask,,,5446697
2026-07-15T21:05:01.125436,2026-07-15T21:05:01.150453+00:00,66.1,10,ask,,,5446698
2026-07-15T21:05:01.192745,2026-07-15T21:05:01.203916+00:00,66.0,5,bid,,,5446705
2026-07-15T21:05:01.221376,2026-07-15T21:05:01.225239+00:00,66.0,25,bid,,,5446707
2026-07-15T21:05:01.234874,2026-07-15T21:05:01.246901+00:00,65.9,5,ask,,,5446709
2026-07-15T21:05:01.944008,2026-07-15T21:05:01.954456+00:00,66.0,2,bid,,,5446727
2026-07-15T21:05:01.949272,2026-07-15T21:05:01.954456+00:00,66.0,10,bid,,,5446728
2026-07-15T21:05:02.967578,2026-07-15T21:05:02.971636+00:00,66.0,2,ask,,,5446744
2026-07-15T21:05:03.887700,2026-07-15T21:05:03.898155+00:00,66.0,25,bid,,,5446760
2026-07-15T21:05:03.900438,2026-07-15T21:05:03.908719+00:00,66.0,8,bid,,,5446762
2026-07-15T21:05:03.996131,2026-07-15T21:05:04.004065+00:00,66.0,25,bid,,,5446765
2026-07-15T21:05:04.003701,2026-07-15T21:05:04.014688+00:00,65.9,2,ask,,,5446766
2026-07-15T21:05:04.037789,2026-07-15T21:05:04.046779+00:00,66.0,200,bid,,,5446767
2026-07-15T21:05:04.224541,2026-07-15T21:05:04.227926+00:00,66.0,25,bid,,,5446771
2026-07-15T21:05:04.266550,2026-07-15T21:05:04.271260+00:00,66.0,342,bid,,,5446775
2026-07-15T21:05:04.266550,2026-07-15T21:05:04.271260+00:00,66.0,10,bid,,,5446776
2026-07-15T21:05:05.031962,2026-07-15T21:05:05.042116+00:00,66.1,2,bid,,,5446789
2026-07-15T21:05:05.128695,2026-07-15T21:05:05.142013+00:00,66.1,198,bid,,,5446791
2026-07-15T21:05:05.204661,2026-07-15T21:05:05.215451+00:00,66.2,20,ask,,,5446793
2026-07-15T21:05:05.225899,2026-07-15T21:05:05.236571+00:00,66.2,5,ask,,,5446796
2026-07-15T21:05:05.253375,2026-07-15T21:05:05.257683+00:00,66.2,200,ask,,,5446799
2026-07-15T21:05:06.053849,2026-07-15T21:05:06.057298+00:00,66.2,2,ask,,,5446813
2026-07-15T21:05:06.465575,2026-07-15T21:05:06.468564+00:00,66.1,200,bid,,,5446819
2026-07-15T21:05:07.096699,2026-07-15T21:05:07.103190+00:00,66.1,2,bid,,,5446832
2026-07-15T21:05:07.688808,2026-07-15T21:05:07.694404+00:00,66.0,200,ask,,,5446838
2026-07-15T21:05:08.120693,2026-07-15T21:05:08.127320+00:00,66.1,2,bid,,,5446845
2026-07-15T21:05:08.900585,2026-07-15T21:05:08.910264+00:00,66.0,42,ask,,,5446859
2026-07-15T21:05:08.900585,2026-07-15T21:05:08.910264+00:00,66.0,158,ask,,,5446860
2026-07-15T21:05:09.072815,2026-07-15T21:05:09.079137+00:00,65.9,500,ask,,,5446866
2026-07-15T21:05:09.072815,2026-07-15T21:05:09.079137+00:00,65.8,125,ask,,,5446867
2026-07-15T21:05:09.155161,2026-07-15T21:05:09.164025+00:00,66.1,1,bid,,,5446870
2026-07-15T21:05:09.160399,2026-07-15T21:05:09.164025+00:00,66.1,1,bid,,,5446871
2026-07-15T21:05:10.179138,2026-07-15T21:05:10.189985+00:00,65.9,2,ask,,,5446892
2026-07-15T21:05:10.193592,2026-07-15T21:05:10.200640+00:00,66.0,64,bid,,,5446893
2026-07-15T21:05:10.383100,2026-07-15T21:05:10.391900+00:00,66.0,136,bid,,,5446897
2026-07-15T21:05:11.198689,2026-07-15T21:05:11.208459+00:00,66.0,2,ask,,,5446911
2026-07-15T21:05:12.217629,2026-07-15T21:05:12.227670+00:00,66.0,2,ask,,,5446927
2026-07-15T21:05:12.540006,2026-07-15T21:05:12.545073+00:00,66.0,200,ask,,,5446928
2026-07-15T21:05:13.015935,2026-07-15T21:05:13.020751+00:00,66.0,2,ask,,,5446935
2026-07-15T21:05:14.250471,2026-07-15T21:05:14.258652+00:00,65.8,47,ask,,,5446956
2026-07-15T21:05:14.606995,2026-07-15T21:05:14.621381+00:00,66.0,20,bid,,,5446963
2026-07-15T21:05:14.961637,2026-07-15T21:05:14.968349+00:00,65.8,200,ask,,,5446966
2026-07-15T21:05:16.171234,2026-07-15T21:05:16.181713+00:00,65.8,200,bid,,,5446982
2026-07-15T21:05:16.595141,2026-07-15T21:05:16.605682+00:00,65.8,20,bid,,,5446984
2026-07-15T21:05:16.949388,2026-07-15T21:05:16.953650+00:00,65.8,42,bid,,,5446986
2026-07-15T21:05:16.957387,2026-07-15T21:05:16.964216+00:00,65.8,10,ask,,,5446987
2026-07-15T21:05:17.059940,2026-07-15T21:05:17.070734+00:00,65.8,20,ask,,,5446988
2026-07-15T21:05:17.385718,2026-07-15T21:05:17.395845+00:00,65.8,200,ask,,,5446992
2026-07-15T21:05:18.264851,2026-07-15T21:05:18.275502+00:00,65.8,10,ask,,,5447012
2026-07-15T21:05:18.264851,2026-07-15T21:05:18.275502+00:00,65.7,500,ask,,,5447013
2026-07-15T21:05:18.348804,2026-07-15T21:05:18.359806+00:00,65.6,2,ask,,,5447014
2026-07-15T21:05:18.361337,2026-07-15T21:05:18.370503+00:00,65.6,10,ask,,,5447015
2026-07-15T21:05:18.594232,2026-07-15T21:05:18.602720+00:00,65.7,115,bid,,,5447019
2026-07-15T21:05:19.574663,2026-07-15T21:05:19.583423+00:00,66.0,200,bid,,,5447039
2026-07-15T21:05:19.580409,2026-07-15T21:05:19.583423+00:00,66.0,25,ask,,,5447040
2026-07-15T21:05:19.747566,2026-07-15T21:05:19.751375+00:00,66.0,25,ask,,,5447044
2026-07-15T21:05:19.780417,2026-07-15T21:05:19.783486+00:00,66.0,2,ask,,,5447047
2026-07-15T21:05:19.808032,2026-07-15T21:05:19.815244+00:00,66.0,200,ask,,,5447048
2026-07-15T21:05:20.805135,2026-07-15T21:05:20.812933+00:00,66.1,2,bid,,,5447068
2026-07-15T21:05:21.649055,2026-07-15T21:05:21.651347+00:00,66.0,14,bid,,,5447081
2026-07-15T21:05:21.874917,2026-07-15T21:05:21.880552+00:00,66.0,3,bid,,,5447093
2026-07-15T21:05:21.879137,2026-07-15T21:05:21.880552+00:00,66.0,14,bid,,,5447094
2026-07-15T21:05:21.890254,2026-07-15T21:05:21.901723+00:00,66.0,2,bid,,,5447096
2026-07-15T21:05:22.234768,2026-07-15T21:05:22.238395+00:00,66.0,200,bid,,,5447101
2026-07-15T21:05:22.939603,2026-07-15T21:05:22.942458+00:00,66.0,6,bid,,,5447108
2026-07-15T21:05:22.954999,2026-07-15T21:05:22.963657+00:00,66.0,2,bid,,,5447110
2026-07-15T21:05:23.444115,2026-07-15T21:05:23.447212+00:00,66.0,200,bid,,,5447122
2026-07-15T21:05:23.535696,2026-07-15T21:05:23.552401+00:00,66.1,25,ask,,,5447127
2026-07-15T21:05:23.594826,2026-07-15T21:05:23.604623+00:00,66.1,37,ask,,,5447133
2026-07-15T21:05:23.634305,2026-07-15T21:05:23.636238+00:00,66.1,25,ask,,,5447134
2026-07-15T21:05:23.726123,2026-07-15T21:05:23.731383+00:00,66.1,25,ask,,,5447138
2026-07-15T21:05:23.820850,2026-07-15T21:05:23.832026+00:00,66.1,25,ask,,,5447143
2026-07-15T21:05:23.988003,2026-07-15T21:05:23.991762+00:00,66.1,2,ask,,,5447146
2026-07-15T21:05:24.660589,2026-07-15T21:05:24.663025+00:00,66.1,200,ask,,,5447154
2026-07-15T21:05:26.147163,2026-07-15T21:05:26.155276+00:00,66.1,200,bid,,,5447182
2026-07-15T21:05:26.147163,2026-07-15T21:05:26.155276+00:00,66.1,74,bid,,,5447183
2026-07-15T21:05:26.503335,2026-07-15T21:05:26.514693+00:00,66.3,9,bid,,,5447187
2026-07-15T21:05:26.721482,2026-07-15T21:05:26.727690+00:00,66.2,25,bid,,,5447194
2026-07-15T21:05:26.748153,2026-07-15T21:05:26.759837+00:00,66.2,14,bid,,,5447196
2026-07-15T21:05:26.982383,2026-07-15T21:05:26.990160+00:00,66.2,25,bid,,,5447202
2026-07-15T21:05:27.012442,2026-07-15T21:05:27.022367+00:00,66.2,2,bid,,,5447205
2026-07-15T21:05:27.018039,2026-07-15T21:05:27.022367+00:00,66.1,10,ask,,,5447206
2026-07-15T21:05:27.080555,2026-07-15T21:05:27.082510+00:00,66.2,25,bid,,,5447208
2026-07-15T21:05:27.095102,2026-07-15T21:05:27.103869+00:00,66.1,200,ask,,,5447210
2026-07-15T21:05:28.042529,2026-07-15T21:05:28.047019+00:00,66.2,2,bid,,,5447226
2026-07-15T21:05:28.161412,2026-07-15T21:05:28.172933+00:00,66.0,28,ask,,,5447228
2026-07-15T21:05:29.071569,2026-07-15T21:05:29.080278+00:00,66.1,2,bid,,,5447237
2026-07-15T21:05:29.524425,2026-07-15T21:05:29.533817+00:00,66.0,200,ask,,,5447246
2026-07-15T21:05:30.110762,2026-07-15T21:05:30.122911+00:00,66.0,74,ask,,,5447258
2026-07-15T21:05:30.141582,2026-07-15T21:05:30.144286+00:00,66.0,2,bid,,,5447259
2026-07-15T21:05:30.147199,2026-07-15T21:05:30.154976+00:00,65.8,10,ask,,,5447260
2026-07-15T21:05:31.165524,2026-07-15T21:05:31.174472+00:00,66.0,2,bid,,,5447274
2026-07-15T21:05:31.961745,2026-07-15T21:05:31.971975+00:00,66.1,200,bid,,,5447282
2026-07-15T21:05:32.201164,2026-07-15T21:05:32.206754+00:00,65.9,2,ask,,,5447291
2026-07-15T21:05:32.824838,2026-07-15T21:05:32.834438+00:00,66.0,24,ask,,,5447303
2026-07-15T21:05:32.950729,2026-07-15T21:05:32.960634+00:00,66.0,25,ask,,,5447308
2026-07-15T21:05:33.031681,2026-07-15T21:05:33.033901+00:00,66.0,10,ask,,,5447310
2026-07-15T21:05:33.045663,2026-07-15T21:05:33.054974+00:00,66.0,25,ask,,,5447311
2026-07-15T21:05:33.223927,2026-07-15T21:05:33.233696+00:00,66.0,2,ask,,,5447319
2026-07-15T21:05:34.256349,2026-07-15T21:05:34.268117+00:00,65.9,2,ask,,,5447327
2026-07-15T21:05:35.294133,2026-07-15T21:05:35.305844+00:00,65.9,2,ask,,,5447354
2026-07-15T21:05:35.600332,2026-07-15T21:05:35.607466+00:00,66.0,200,bid,,,5447360
2026-07-15T21:05:36.322849,2026-07-15T21:05:36.325033+00:00,66.0,2,bid,,,5447379
2026-07-15T21:05:37.350302,2026-07-15T21:05:37.357480+00:00,66.0,2,ask,,,5447398
2026-07-15T21:05:38.022357,2026-07-15T21:05:38.033264+00:00,66.1,38,bid,,,5447406
2026-07-15T21:05:38.032316,2026-07-15T21:05:38.044086+00:00,66.1,25,ask,,,5447407
2026-07-15T21:05:38.381569,2026-07-15T21:05:38.391858+00:00,66.2,2,bid,,,5447411
2026-07-15T21:05:39.265726,2026-07-15T21:05:39.277225+00:00,66.1,200,ask,,,5447438
2026-07-15T21:05:39.417195,2026-07-15T21:05:39.425326+00:00,66.1,2,bid,,,5447441
2026-07-15T21:05:39.422236,2026-07-15T21:05:39.425326+00:00,66.0,10,ask,,,5447442
2026-07-15T21:05:40.446609,2026-07-15T21:05:40.453765+00:00,66.1,2,bid,,,5447460
2026-07-15T21:05:40.477149,2026-07-15T21:05:40.485391+00:00,66.1,200,bid,,,5447462
2026-07-15T21:05:41.474984,2026-07-15T21:05:41.485165+00:00,66.2,2,bid,,,5447484
2026-07-15T21:05:41.689433,2026-07-15T21:05:41.699121+00:00,66.0,200,ask,,,5447492
2026-07-15T21:05:42.501092,2026-07-15T21:05:42.511910+00:00,66.3,2,bid,,,5447501
2026-07-15T21:05:42.901783,2026-07-15T21:05:42.911707+00:00,66.1,200,ask,,,5447508
2026-07-15T21:05:43.520657,2026-07-15T21:05:43.529414+00:00,66.1,2,bid,,,5447523
2026-07-15T21:05:44.550985,2026-07-15T21:05:44.557332+00:00,66.1,2,bid,,,5447548
2026-07-15T21:05:44.608085,2026-07-15T21:05:44.616193+00:00,66.1,200,bid,,,5447552
2026-07-15T21:05:45.338684,2026-07-15T21:05:45.344935+00:00,66.1,20,ask,,,5447567
2026-07-15T21:05:45.589559,2026-07-15T21:05:45.609536+00:00,66.1,25,ask,,,5447576
2026-07-15T21:05:45.628699,2026-07-15T21:05:45.631005+00:00,66.1,2,ask,,,5447583
2026-07-15T21:05:45.922253,2026-07-15T21:05:45.927045+00:00,66.0,200,ask,,,5447590
2026-07-15T21:05:46.221790,2026-07-15T21:05:46.223367+00:00,65.9,20,ask,,,5447596
2026-07-15T21:05:46.687611,2026-07-15T21:05:46.689432+00:00,66.0,2,bid,,,5447609
2026-07-15T21:05:47.709018,2026-07-15T21:05:47.714665+00:00,66.1,2,bid,,,5447628
2026-07-15T21:05:47.761553,2026-07-15T21:05:47.768019+00:00,66.0,200,ask,,,5447631
2026-07-15T21:05:48.734756,2026-07-15T21:05:48.745964+00:00,65.9,2,ask,,,5447652
2026-07-15T21:05:48.973310,2026-07-15T21:05:48.977186+00:00,66.0,200,bid,,,5447660
2026-07-15T21:05:49.756851,2026-07-15T21:05:49.760415+00:00,65.9,2,ask,,,5447675
2026-07-15T21:05:50.424401,2026-07-15T21:05:50.430444+00:00,66.0,20,ask,,,5447683
2026-07-15T21:05:50.775181,2026-07-15T21:05:50.786677+00:00,66.0,25,ask,,,5447685
2026-07-15T21:05:50.793649,2026-07-15T21:05:50.797280+00:00,66.0,2,ask,,,5447688
2026-07-15T21:05:51.038790,2026-07-15T21:05:51.040865+00:00,66.0,20,ask,,,5447692
2026-07-15T21:05:51.654852,2026-07-15T21:05:51.664141+00:00,66.0,20,ask,,,5447702
2026-07-15T21:05:52.325744,2026-07-15T21:05:52.327842+00:00,66.1,25,bid,,,5447713
2026-07-15T21:05:52.420413,2026-07-15T21:05:52.423269+00:00,66.1,25,bid,,,5447717
2026-07-15T21:05:52.613348,2026-07-15T21:05:52.622952+00:00,66.0,200,ask,,,5447720
2026-07-15T21:05:52.837520,2026-07-15T21:05:52.844757+00:00,66.1,2,bid,,,5447722
2026-07-15T21:05:53.824358,2026-07-15T21:05:53.836318+00:00,66.1,200,ask,,,5447743
2026-07-15T21:05:53.824358,2026-07-15T21:05:53.836318+00:00,66.0,38,ask,,,5447744
2026-07-15T21:05:53.824358,2026-07-15T21:05:53.836318+00:00,66.0,387,ask,,,5447745
2026-07-15T21:05:53.865812,2026-07-15T21:05:53.867933+00:00,66.2,2,bid,,,5447746
2026-07-15T21:05:53.871934,2026-07-15T21:05:53.878469+00:00,66.2,10,bid,,,5447747
2026-07-15T21:05:54.899076,2026-07-15T21:05:54.911057+00:00,66.2,2,bid,,,5447760
2026-07-15T21:05:55.161999,2026-07-15T21:05:55.178057+00:00,66.1,200,bid,,,5447763
2026-07-15T21:05:55.233402,2026-07-15T21:05:55.241481+00:00,66.2,28,ask,,,5447767
2026-07-15T21:05:55.241194,2026-07-15T21:05:55.252206+00:00,66.2,25,ask,,,5447768
2026-07-15T21:05:55.334782,2026-07-15T21:05:55.336779+00:00,66.2,25,ask,,,5447770
2026-07-15T21:05:55.470981,2026-07-15T21:05:55.473838+00:00,66.2,30,ask,,,5447775
2026-07-15T21:05:55.881417,2026-07-15T21:05:55.884087+00:00,66.3,11,bid,,,5447789
2026-07-15T21:05:56.073854,2026-07-15T21:05:56.083906+00:00,66.3,20,bid,,,5447792
2026-07-15T21:05:56.248273,2026-07-15T21:05:56.252766+00:00,66.3,200,bid,,,5447795
2026-07-15T21:05:57.472998,2026-07-15T21:05:57.476438+00:00,66.2,200,ask,,,5447802
2026-07-15T21:05:57.791614,2026-07-15T21:05:57.793148+00:00,66.2,20,ask,,,5447809
2026-07-15T21:05:57.837585,2026-07-15T21:05:57.841236+00:00,66.2,14,bid,,,5447811
2026-07-15T21:05:58.241399,2026-07-15T21:05:58.253608+00:00,66.2,25,bid,,,5447820
2026-07-15T21:05:58.278882,2026-07-15T21:05:58.285384+00:00,66.2,14,bid,,,5447822
2026-07-15T21:05:58.687324,2026-07-15T21:05:58.696423+00:00,66.1,200,ask,,,5447824
2026-07-15T21:05:59.878004,2026-07-15T21:05:59.888280+00:00,66.3,23,bid,,,5447841
2026-07-15T21:06:00.041535,2026-07-15T21:06:00.049323+00:00,66.3,2,bid,,,5447849
2026-07-15T21:06:00.048263,2026-07-15T21:06:00.060274+00:00,66.3,10,bid,,,5447850
2026-07-15T21:06:00.886504,2026-07-15T21:06:00.894916+00:00,66.2,20,bid,,,5447863
2026-07-15T21:06:01.075385,2026-07-15T21:06:01.083921+00:00,66.2,25,bid,,,5447865
2026-07-15T21:06:01.081263,2026-07-15T21:06:01.083921+00:00,66.1,2,ask,,,5447866
2026-07-15T21:06:01.126196,2026-07-15T21:06:01.137348+00:00,66.2,200,bid,,,5447868
2026-07-15T21:06:01.205955,2026-07-15T21:06:01.212874+00:00,66.2,25,bid,,,5447869
2026-07-15T21:06:02.110193,2026-07-15T21:06:02.121610+00:00,66.4,2,bid,,,5447884
2026-07-15T21:06:02.115966,2026-07-15T21:06:02.121610+00:00,66.4,10,bid,,,5447885
2026-07-15T21:06:03.150171,2026-07-15T21:06:03.154986+00:00,66.2,2,ask,,,5447903
2026-07-15T21:06:03.554371,2026-07-15T21:06:03.566356+00:00,66.3,10,bid,,,5447911
2026-07-15T21:06:03.554371,2026-07-15T21:06:03.566356+00:00,66.3,190,bid,,,5447912
2026-07-15T21:06:04.172323,2026-07-15T21:06:04.177809+00:00,66.3,2,bid,,,5447928
2026-07-15T21:06:04.186647,2026-07-15T21:06:04.188459+00:00,66.3,10,bid,,,5447930
2026-07-15T21:06:04.774068,2026-07-15T21:06:04.779707+00:00,66.3,200,ask,,,5447937
2026-07-15T21:06:04.811927,2026-07-15T21:06:04.822439+00:00,66.3,425,ask,,,5447938
2026-07-15T21:06:04.811927,2026-07-15T21:06:04.822439+00:00,66.3,20,ask,,,5447939
2026-07-15T21:06:04.811927,2026-07-15T21:06:04.822439+00:00,66.3,10,ask,,,5447940
2026-07-15T21:06:04.828588,2026-07-15T21:06:04.843866+00:00,66.3,25,bid,,,5447942
2026-07-15T21:06:04.967458,2026-07-15T21:06:04.970646+00:00,66.3,14,bid,,,5447949
2026-07-15T21:06:05.102454,2026-07-15T21:06:05.108202+00:00,66.3,6,bid,,,5447954
2026-07-15T21:06:05.268621,2026-07-15T21:06:05.278060+00:00,66.4,2,bid,,,5447958
2026-07-15T21:06:05.275556,2026-07-15T21:06:05.278060+00:00,66.4,10,bid,,,5447959
2026-07-15T21:06:05.981646,2026-07-15T21:06:05.985414+00:00,66.2,200,bid,,,5447968
2026-07-15T21:06:06.177590,2026-07-15T21:06:06.186685+00:00,66.2,20,bid,,,5447976
2026-07-15T21:06:06.296919,2026-07-15T21:06:06.302006+00:00,66.2,2,bid,,,5447977
2026-07-15T21:06:06.302799,2026-07-15T21:06:06.312530+00:00,66.2,10,bid,,,5447978
2026-07-15T21:06:06.395171,2026-07-15T21:06:06.407809+00:00,66.2,26,bid,,,5447984
2026-07-15T21:06:07.191820,2026-07-15T21:06:07.199557+00:00,66.2,200,bid,,,5447996
2026-07-15T21:06:07.324328,2026-07-15T21:06:07.326592+00:00,66.2,2,bid,,,5447998
2026-07-15T21:06:07.331928,2026-07-15T21:06:07.337174+00:00,66.2,10,bid,,,5447999
2026-07-15T21:06:07.456603,2026-07-15T21:06:07.464143+00:00,66.1,20,ask,,,5448001
2026-07-15T21:06:08.353722,2026-07-15T21:06:08.358928+00:00,66.3,2,bid,,,5448020
2026-07-15T21:06:08.360988,2026-07-15T21:06:08.369656+00:00,66.3,10,bid,,,5448021
2026-07-15T21:06:09.397461,2026-07-15T21:06:09.406367+00:00,66.2,2,ask,,,5448031
2026-07-15T21:06:09.827950,2026-07-15T21:06:09.838825+00:00,66.3,20,bid,,,5448037
2026-07-15T21:06:10.424122,2026-07-15T21:06:10.432625+00:00,66.2,2,ask,,,5448046
2026-07-15T21:06:10.926347,2026-07-15T21:06:10.930417+00:00,66.3,36,ask,,,5448056
2026-07-15T21:06:11.499661,2026-07-15T21:06:11.509344+00:00,66.3,2,ask,,,5448063
2026-07-15T21:06:12.153599,2026-07-15T21:06:12.161705+00:00,66.3,200,ask,,,5448076
2026-07-15T21:06:12.162908,2026-07-15T21:06:12.172288+00:00,66.3,20,ask,,,5448078
2026-07-15T21:06:12.246860,2026-07-15T21:06:12.256878+00:00,66.3,42,ask,,,5448084
2026-07-15T21:06:12.280253,2026-07-15T21:06:12.289292+00:00,66.3,20,bid,,,5448087
2026-07-15T21:06:12.305838,2026-07-15T21:06:12.310626+00:00,66.3,25,bid,,,5448088
2026-07-15T21:06:12.336746,2026-07-15T21:06:12.342560+00:00,66.3,6,bid,,,5448092
2026-07-15T21:06:12.518479,2026-07-15T21:06:12.522116+00:00,66.3,4,bid,,,5448096
2026-07-15T21:06:12.535414,2026-07-15T21:06:12.543348+00:00,66.3,2,bid,,,5448099
2026-07-15T21:06:13.565159,2026-07-15T21:06:13.567173+00:00,66.3,6,bid,,,5448109
2026-07-15T21:06:14.583875,2026-07-15T21:06:14.595476+00:00,66.3,200,ask,,,5448131
2026-07-15T21:06:14.595577,2026-07-15T21:06:14.606157+00:00,66.4,2,bid,,,5448132
2026-07-15T21:06:14.601230,2026-07-15T21:06:14.606157+00:00,66.4,10,bid,,,5448133
2026-07-15T21:06:14.886494,2026-07-15T21:06:14.895043+00:00,66.3,10,ask,,,5448140
2026-07-15T21:06:15.636805,2026-07-15T21:06:15.641568+00:00,66.1,2,ask,,,5448145
2026-07-15T21:06:16.669869,2026-07-15T21:06:16.677988+00:00,66.2,2,ask,,,5448156
2026-07-15T21:06:18.724395,2026-07-15T21:06:18.734330+00:00,66.2,2,ask,,,5448180
2026-07-15T21:06:18.730332,2026-07-15T21:06:18.734330+00:00,66.2,10,ask,,,5448181
2026-07-15T21:06:19.754004,2026-07-15T21:06:19.756119+00:00,66.3,2,bid,,,5448192
2026-07-15T21:06:20.658916,2026-07-15T21:06:20.663587+00:00,66.3,200,bid,,,5448205
2026-07-15T21:06:20.781142,2026-07-15T21:06:20.789943+00:00,66.3,10,bid,,,5448209
2026-07-15T21:06:20.787699,2026-07-15T21:06:20.789943+00:00,66.1,10,ask,,,5448210
2026-07-15T21:06:21.492227,2026-07-15T21:06:21.495785+00:00,66.4,200,bid,,,5448226
2026-07-15T21:06:21.553413,2026-07-15T21:06:21.569581+00:00,66.5,25,ask,,,5448230
2026-07-15T21:06:21.629828,2026-07-15T21:06:21.632778+00:00,66.5,10,ask,,,5448233
2026-07-15T21:06:21.821213,2026-07-15T21:06:21.823426+00:00,66.5,25,ask,,,5448235
2026-07-15T21:06:21.835342,2026-07-15T21:06:21.844611+00:00,66.6,2,bid,,,5448236
2026-07-15T21:06:21.880790,2026-07-15T21:06:21.887029+00:00,66.5,200,ask,,,5448237
2026-07-15T21:06:22.627224,2026-07-15T21:06:22.636034+00:00,66.5,20,ask,,,5448249
2026-07-15T21:06:22.862978,2026-07-15T21:06:22.866751+00:00,66.4,2,bid,,,5448252
2026-07-15T21:06:23.092884,2026-07-15T21:06:23.099070+00:00,66.3,200,ask,,,5448258
2026-07-15T21:06:23.129021,2026-07-15T21:06:23.130723+00:00,66.4,20,bid,,,5448259
2026-07-15T21:06:23.888005,2026-07-15T21:06:23.898961+00:00,66.4,2,bid,,,5448269
2026-07-15T21:06:23.893399,2026-07-15T21:06:23.898961+00:00,66.4,10,bid,,,5448270
2026-07-15T21:06:24.918975,2026-07-15T21:06:24.921916+00:00,66.4,2,bid,,,5448284
2026-07-15T21:06:25.949330,2026-07-15T21:06:25.953035+00:00,66.4,2,bid,,,5448302
2026-07-15T21:06:25.957415,2026-07-15T21:06:25.963641+00:00,66.4,10,bid,,,5448303
2026-07-15T21:06:26.745910,2026-07-15T21:06:26.754145+00:00,66.3,10,ask,,,5448309
2026-07-15T21:06:26.745910,2026-07-15T21:06:26.754145+00:00,66.3,190,ask,,,5448310
2026-07-15T21:06:26.976817,2026-07-15T21:06:26.986053+00:00,66.5,2,bid,,,5448314
2026-07-15T21:06:27.287870,2026-07-15T21:06:27.294238+00:00,66.5,20,bid,,,5448320
2026-07-15T21:06:27.995194,2026-07-15T21:06:28.003221+00:00,66.4,2,bid,,,5448334
2026-07-15T21:06:28.066924,2026-07-15T21:06:28.076965+00:00,66.4,198,bid,,,5448336
2026-07-15T21:06:28.066924,2026-07-15T21:06:28.076965+00:00,66.4,30,bid,,,5448337
2026-07-15T21:06:29.050536,2026-07-15T21:06:29.058681+00:00,66.6,2,bid,,,5448355
2026-07-15T21:06:29.384662,2026-07-15T21:06:29.386579+00:00,66.4,200,ask,,,5448358
2026-07-15T21:06:29.384662,2026-07-15T21:06:29.397378+00:00,66.3,425,ask,,,5448359
2026-07-15T21:06:30.068772,2026-07-15T21:06:30.072029+00:00,66.5,2,bid,,,5448370
2026-07-15T21:06:31.088537,2026-07-15T21:06:31.095567+00:00,66.4,2,bid,,,5448385
2026-07-15T21:06:31.215852,2026-07-15T21:06:31.222001+00:00,66.4,26,bid,,,5448387
2026-07-15T21:06:31.510050,2026-07-15T21:06:31.518378+00:00,66.4,20,bid,,,5448393
2026-07-15T21:06:32.111847,2026-07-15T21:06:32.121229+00:00,66.5,2,bid,,,5448402
2026-07-15T21:06:32.808146,2026-07-15T21:06:32.814841+00:00,66.4,200,ask,,,5448412
2026-07-15T21:06:33.137498,2026-07-15T21:06:33.141052+00:00,66.5,2,bid,,,5448419
2026-07-15T21:06:33.640256,2026-07-15T21:06:33.647660+00:00,66.5,16,bid,,,5448431
2026-07-15T21:06:34.156039,2026-07-15T21:06:34.159397+00:00,66.5,2,bid,,,5448446
2026-07-15T21:06:35.175756,2026-07-15T21:06:35.184068+00:00,66.5,2,bid,,,5448456
2026-07-15T21:06:35.720306,2026-07-15T21:06:35.722781+00:00,66.4,1,ask,,,5448468
2026-07-15T21:06:35.720306,2026-07-15T21:06:35.733691+00:00,66.4,19,ask,,,5448469
2026-07-15T21:06:35.950917,2026-07-15T21:06:35.955823+00:00,66.5,200,bid,,,5448478
2026-07-15T21:06:36.193871,2026-07-15T21:06:36.198015+00:00,66.5,23,ask,,,5448480
2026-07-15T21:06:36.210450,2026-07-15T21:06:36.219252+00:00,66.5,2,ask,,,5448483
2026-07-15T21:06:37.228795,2026-07-15T21:06:37.240586+00:00,66.6,2,bid,,,5448503
2026-07-15T21:06:37.274840,2026-07-15T21:06:37.283051+00:00,66.5,200,ask,,,5448505
2026-07-15T21:06:37.274840,2026-07-15T21:06:37.283051+00:00,66.5,10,ask,,,5448506
2026-07-15T21:06:38.266189,2026-07-15T21:06:38.272426+00:00,66.5,2,bid,,,5448523
2026-07-15T21:06:39.295436,2026-07-15T21:06:39.304710+00:00,66.5,2,bid,,,5448544
2026-07-15T21:06:40.090758,2026-07-15T21:06:40.101512+00:00,66.4,200,ask,,,5448560
2026-07-15T21:06:40.320992,2026-07-15T21:06:40.325100+00:00,66.6,1,bid,,,5448562
2026-07-15T21:06:44.935645,2026-07-15T21:06:44.941842+00:00,66.3,200,ask,,,5448638
2026-07-15T21:06:45.185488,2026-07-15T21:06:45.194643+00:00,66.3,500,ask,,,5448643
2026-07-15T21:06:45.390331,2026-07-15T21:06:45.395982+00:00,66.3,125,bid,,,5448644
2026-07-15T21:06:46.028092,2026-07-15T21:06:46.040848+00:00,66.8,10,bid,,,5448656
2026-07-15T21:06:46.028092,2026-07-15T21:06:46.040848+00:00,66.8,10,bid,,,5448657
2026-07-15T21:06:46.151802,2026-07-15T21:06:46.156701+00:00,66.4,200,ask,,,5448658
2026-07-15T21:06:47.364214,2026-07-15T21:06:47.370472+00:00,66.6,200,ask,,,5448675
2026-07-15T21:06:47.402404,2026-07-15T21:06:47.412677+00:00,66.6,6,ask,,,5448678
2026-07-15T21:06:47.522226,2026-07-15T21:06:47.528161+00:00,66.6,5,ask,,,5448679
2026-07-15T21:06:48.576717,2026-07-15T21:06:48.585721+00:00,66.6,200,ask,,,5448691
2026-07-15T21:06:49.181539,2026-07-15T21:06:49.206932+00:00,66.6,10,ask,,,5448701
2026-07-15T21:06:49.808280,2026-07-15T21:06:49.817924+00:00,66.5,25,bid,,,5448714
2026-07-15T21:06:49.901317,2026-07-15T21:06:49.913072+00:00,66.5,25,bid,,,5448718
2026-07-15T21:06:50.251151,2026-07-15T21:06:50.260602+00:00,66.5,150,bid,,,5448722
2026-07-15T21:06:50.498954,2026-07-15T21:06:50.504035+00:00,66.5,350,ask,,,5448724
2026-07-15T21:06:50.498954,2026-07-15T21:06:50.504035+00:00,66.5,41,ask,,,5448725
2026-07-15T21:06:50.514218,2026-07-15T21:06:50.528988+00:00,66.4,15,bid,,,5448730
2026-07-15T21:06:50.599404,2026-07-15T21:06:50.603884+00:00,66.4,50,bid,,,5448736
2026-07-15T21:06:50.611464,2026-07-15T21:06:50.614906+00:00,66.4,2,bid,,,5448738
2026-07-15T21:06:50.844068,2026-07-15T21:06:50.845770+00:00,66.4,167,bid,,,5448740
2026-07-15T21:06:50.997254,2026-07-15T21:06:51.004849+00:00,66.5,200,ask,,,5448742
2026-07-15T21:06:52.206508,2026-07-15T21:06:52.217437+00:00,66.5,200,ask,,,5448761
2026-07-15T21:06:52.630804,2026-07-15T21:06:52.639569+00:00,66.5,2,ask,,,5448766
