timestamp,recv_time,price,volume,aggressor_side,buyer,seller,trade_id
2026-07-07T11:00:01.801015,2026-07-07T11:00:01.805196+00:00,150.1,12,ask,,,10757218
2026-07-07T11:00:02.144575,2026-07-07T11:00:02.157138+00:00,150.1,20,ask,,,10757229
2026-07-07T11:00:03.158916,2026-07-07T11:00:03.165295+00:00,150.2,10,bid,,,10757243
2026-07-07T11:00:03.178416,2026-07-07T11:00:03.183439+00:00,150.2,11,ask,,,10757245
2026-07-07T11:00:04.585945,2026-07-07T11:00:04.590156+00:00,150.3,11,bid,,,10757276
2026-07-07T11:00:04.747216,2026-07-07T11:00:04.758749+00:00,150.3,12,bid,,,10757279
2026-07-07T11:00:05.504451,2026-07-07T11:00:05.513254+00:00,150.3,12,bid,,,10757295
2026-07-07T11:00:07.265853,2026-07-07T11:00:07.274108+00:00,150.2,10,ask,,,10757324
2026-07-07T11:00:09.227766,2026-07-07T11:00:09.234581+00:00,150.2,200,bid,,,10757353
2026-07-07T11:00:09.658834,2026-07-07T11:00:09.683332+00:00,150.2,10,bid,,,10757363
2026-07-07T11:00:09.679322,2026-07-07T11:00:09.683332+00:00,150.2,11,ask,,,10757366
2026-07-07T11:00:11.664637,2026-07-07T11:00:11.674212+00:00,150.3,200,bid,,,10757390
2026-07-07T11:00:11.801095,2026-07-07T11:00:11.808237+00:00,150.2,10,ask,,,10757394
2026-07-07T11:00:12.057065,2026-07-07T11:00:12.055231+00:00,150.0,4,ask,,,10757400
2026-07-07T11:00:12.876441,2026-07-07T11:00:12.885335+00:00,150.3,10,bid,,,10757405
2026-07-07T11:00:13.317109,2026-07-07T11:00:13.324694+00:00,150.4,12,bid,,,10757412
2026-07-07T11:00:13.605938,2026-07-07T11:00:13.613284+00:00,150.3,190,ask,,,10757416
2026-07-07T11:00:13.605938,2026-07-07T11:00:13.618487+00:00,150.3,10,ask,,,10757417
2026-07-07T11:00:14.920047,2026-07-07T11:00:14.929814+00:00,150.4,200,bid,,,10757430
2026-07-07T11:00:14.920047,2026-07-07T11:00:14.935131+00:00,150.4,10,bid,,,10757431
2026-07-07T11:00:14.920047,2026-07-07T11:00:14.935131+00:00,150.4,415,bid,,,10757432
2026-07-07T11:00:16.067658,2026-07-07T11:00:16.075237+00:00,150.3,200,ask,,,10757444
2026-07-07T11:00:16.067658,2026-07-07T11:00:16.105988+00:00,150.3,10,ask,,,10757445
2026-07-07T11:00:16.101750,2026-07-07T11:00:16.105988+00:00,150.2,11,bid,,,10757449
2026-07-07T11:00:16.171762,2026-07-07T11:00:16.183414+00:00,150.2,4,bid,,,10757453
2026-07-07T11:00:16.234990,2026-07-07T11:00:16.244306+00:00,150.2,275,bid,,,10757458
2026-07-07T11:00:16.377007,2026-07-07T11:00:16.388690+00:00,150.2,4,ask,,,10757460
2026-07-07T11:00:16.502430,2026-07-07T11:00:16.513023+00:00,150.3,10,bid,,,10757462
2026-07-07T11:00:16.502430,2026-07-07T11:00:16.513023+00:00,150.4,190,bid,,,10757463
2026-07-07T11:00:18.120749,2026-07-07T11:00:18.132261+00:00,150.3,12,bid,,,10757486
2026-07-07T11:00:19.716317,2026-07-07T11:00:19.724201+00:00,150.2,10,ask,,,10757516
2026-07-07T11:00:20.954067,2026-07-07T11:00:20.965914+00:00,150.1,20,ask,,,10757536
2026-07-07T11:00:22.410145,2026-07-07T11:00:22.422000+00:00,150.0,12,ask,,,10757558
2026-07-07T11:00:22.572662,2026-07-07T11:00:22.581480+00:00,150.1,200,bid,,,10757563
2026-07-07T11:00:22.844816,2026-07-07T11:00:22.849157+00:00,150.0,10,ask,,,10757572
2026-07-07T11:00:23.792526,2026-07-07T11:00:23.803153+00:00,150.0,200,ask,,,10757583
2026-07-07T11:00:24.475736,2026-07-07T11:00:24.484914+00:00,149.9,12,ask,,,10757601
2026-07-07T11:00:25.019538,2026-07-07T11:00:25.023612+00:00,150.0,1,ask,,,10757610
2026-07-07T11:00:28.638439,2026-07-07T11:00:28.646538+00:00,150.1,200,bid,,,10757664
2026-07-07T11:00:28.666326,2026-07-07T11:00:28.677835+00:00,149.9,20,ask,,,10757668
2026-07-07T11:00:29.851318,2026-07-07T11:00:29.858608+00:00,149.9,200,bid,,,10757682
2026-07-07T11:00:30.019127,2026-07-07T11:00:30.028289+00:00,149.8,500,ask,,,10757685
2026-07-07T11:00:30.617740,2026-07-07T11:00:30.627702+00:00,149.8,125,ask,,,10757699
2026-07-07T11:00:30.702200,2026-07-07T11:00:30.721293+00:00,149.7,10,ask,,,10757700
2026-07-07T11:00:30.717043,2026-07-07T11:00:30.721293+00:00,149.6,11,bid,,,10757702
2026-07-07T11:00:30.778258,2026-07-07T11:00:30.785155+00:00,149.3,12,ask,,,10757707
2026-07-07T11:00:30.854119,2026-07-07T11:00:30.858586+00:00,149.6,20,bid,,,10757709
2026-07-07T11:00:31.059720,2026-07-07T11:00:31.069127+00:00,149.6,200,bid,,,10757713
2026-07-07T11:00:32.270923,2026-07-07T11:00:32.279285+00:00,149.6,10,bid,,,10757730
2026-07-07T11:00:32.294845,2026-07-07T11:00:32.299327+00:00,149.7,10,ask,,,10757733
2026-07-07T11:00:32.308050,2026-07-07T11:00:32.312323+00:00,149.7,1,ask,,,10757736
2026-07-07T11:00:32.430137,2026-07-07T11:00:32.441380+00:00,149.7,179,ask,,,10757738
2026-07-07T11:00:33.068902,2026-07-07T11:00:33.080274+00:00,149.5,11,ask,,,10757751
2026-07-07T11:00:33.137295,2026-07-07T11:00:33.142373+00:00,149.5,34,ask,,,10757755
2026-07-07T11:00:33.152495,2026-07-07T11:00:33.163135+00:00,149.5,20,ask,,,10757756
2026-07-07T11:00:33.343734,2026-07-07T11:00:33.354388+00:00,149.5,10,ask,,,10757759
2026-07-07T11:00:33.343734,2026-07-07T11:00:33.354388+00:00,149.5,2,ask,,,10757760
2026-07-07T11:00:33.591270,2026-07-07T11:00:33.598325+00:00,149.5,10,ask,,,10757766
2026-07-07T11:00:35.138977,2026-07-07T11:00:35.146381+00:00,149.5,20,ask,,,10757794
2026-07-07T11:00:35.365704,2026-07-07T11:00:35.370394+00:00,149.5,12,ask,,,10757796
2026-07-07T11:00:35.956858,2026-07-07T11:00:35.964094+00:00,149.6,10,bid,,,10757804
2026-07-07T11:00:35.975566,2026-07-07T11:00:35.980576+00:00,149.6,12,ask,,,10757806
2026-07-07T11:00:35.995842,2026-07-07T11:00:36.006543+00:00,149.6,25,ask,,,10757807
2026-07-07T11:00:36.217810,2026-07-07T11:00:36.229329+00:00,149.6,25,ask,,,10757812
2026-07-07T11:00:36.226876,2026-07-07T11:00:36.234826+00:00,149.7,15,bid,,,10757814
2026-07-07T11:00:39.564754,2026-07-07T11:00:39.575539+00:00,149.6,200,ask,,,10757866
2026-07-07T11:00:40.774341,2026-07-07T11:00:40.785602+00:00,149.5,10,ask,,,10757884
2026-07-07T11:00:40.792556,2026-07-07T11:00:40.797092+00:00,149.5,12,bid,,,10757886
2026-07-07T11:00:41.264750,2026-07-07T11:00:41.276136+00:00,149.5,178,bid,,,10757893
2026-07-07T11:00:41.264750,2026-07-07T11:00:41.276136+00:00,149.5,10,bid,,,10757894
2026-07-07T11:00:41.983207,2026-07-07T11:00:41.991805+00:00,149.5,200,ask,,,10757903
2026-07-07T11:00:42.976967,2026-07-07T11:00:42.988891+00:00,149.6,12,bid,,,10757919
2026-07-07T11:00:43.192603,2026-07-07T11:00:43.199324+00:00,149.4,200,ask,,,10757925
2026-07-07T11:00:43.242667,2026-07-07T11:00:43.254293+00:00,149.4,12,ask,,,10757927
2026-07-07T11:00:43.629656,2026-07-07T11:00:43.640235+00:00,149.4,20,ask,,,10757938
2026-07-07T11:00:45.782462,2026-07-07T11:00:45.791358+00:00,149.2,12,ask,,,10757971
2026-07-07T11:00:47.783675,2026-07-07T11:00:47.790979+00:00,149.2,20,ask,,,10758007
2026-07-07T11:00:48.706253,2026-07-07T11:00:48.715205+00:00,149.2,20,ask,,,10758020
2026-07-07T11:00:49.158289,2026-07-07T11:00:49.171234+00:00,149.4,10,ask,,,10758023
2026-07-07T11:00:49.167282,2026-07-07T11:00:49.171234+00:00,149.4,23,ask,,,10758025
2026-07-07T11:00:49.303317,2026-07-07T11:00:49.312240+00:00,149.4,25,ask,,,10758032
2026-07-07T11:00:49.331206,2026-07-07T11:00:49.338426+00:00,149.4,12,ask,,,10758035
2026-07-07T11:00:49.505111,2026-07-07T11:00:49.509925+00:00,149.4,6,ask,,,10758042
2026-07-07T11:00:49.526092,2026-07-07T11:00:49.533827+00:00,149.4,25,ask,,,10758043
2026-07-07T11:00:49.539415,2026-07-07T11:00:49.549207+00:00,149.5,1,bid,,,10758045
2026-07-07T11:00:49.763228,2026-07-07T11:00:49.774738+00:00,149.4,25,ask,,,10758052
2026-07-07T11:00:50.014501,2026-07-07T11:00:50.023218+00:00,149.4,1,ask,,,10758057
2026-07-07T11:00:50.364879,2026-07-07T11:00:50.376219+00:00,149.4,12,ask,,,10758061
2026-07-07T11:00:52.088327,2026-07-07T11:00:52.092439+00:00,149.4,29,bid,,,10758092
2026-07-07T11:00:52.776790,2026-07-07T11:00:52.785014+00:00,149.4,20,bid,,,10758104
2026-07-07T11:00:53.991731,2026-07-07T11:00:54.002864+00:00,149.4,20,bid,,,10758120
2026-07-07T11:00:54.156284,2026-07-07T11:00:54.163976+00:00,149.4,11,bid,,,10758128
2026-07-07T11:00:54.210618,2026-07-07T11:00:54.217708+00:00,149.4,20,bid,,,10758130
2026-07-07T11:00:58.177720,2026-07-07T11:00:58.184332+00:00,149.4,12,ask,,,10758187
2026-07-07T11:00:59.656323,2026-07-07T11:00:59.657621+00:00,149.5,10,bid,,,10758212
2026-07-07T11:01:00.160891,2026-07-07T11:01:00.169087+00:00,149.7,10,bid,,,10758218
2026-07-07T11:01:00.179382,2026-07-07T11:01:00.183743+00:00,149.7,12,ask,,,10758221
2026-07-07T11:01:00.250094,2026-07-07T11:01:00.259263+00:00,149.7,25,ask,,,10758224
2026-07-07T11:01:00.287169,2026-07-07T11:01:00.291008+00:00,149.7,10,ask,,,10758229
2026-07-07T11:01:00.362480,2026-07-07T11:01:00.374073+00:00,149.7,20,ask,,,10758232
2026-07-07T11:01:00.474625,2026-07-07T11:01:00.485671+00:00,149.7,15,ask,,,10758234
2026-07-07T11:01:01.631936,2026-07-07T11:01:01.636050+00:00,149.8,8,bid,,,10758261
2026-07-07T11:01:01.706563,2026-07-07T11:01:01.716067+00:00,149.8,12,bid,,,10758263
2026-07-07T11:01:01.744369,2026-07-07T11:01:01.756318+00:00,149.8,20,bid,,,10758264
2026-07-07T11:01:02.101984,2026-07-07T11:01:02.106534+00:00,149.8,2,bid,,,10758273
2026-07-07T11:01:02.370148,2026-07-07T11:01:02.379771+00:00,149.7,10,ask,,,10758277
2026-07-07T11:01:03.468685,2026-07-07T11:01:03.480450+00:00,149.8,20,bid,,,10758296
2026-07-07T11:01:03.483495,2026-07-07T11:01:03.490728+00:00,149.8,12,bid,,,10758297
2026-07-07T11:01:03.812060,2026-07-07T11:01:03.816316+00:00,149.7,12,bid,,,10758303
2026-07-07T11:01:06.752903,2026-07-07T11:01:06.753669+00:00,149.5,10,ask,,,10758357
2026-07-07T11:01:10.087278,2026-07-07T11:01:10.099240+00:00,149.7,10,bid,,,10758410
2026-07-07T11:01:11.446657,2026-07-07T11:01:11.458567+00:00,149.7,200,ask,,,10758431
2026-07-07T11:01:13.029883,2026-07-07T11:01:13.036548+00:00,149.7,10,bid,,,10758461
2026-07-07T11:01:13.045240,2026-07-07T11:01:13.052410+00:00,149.8,10,bid,,,10758462
2026-07-07T11:01:13.488022,2026-07-07T11:01:13.499575+00:00,149.7,200,ask,,,10758470
2026-07-07T11:01:13.912648,2026-07-07T11:01:13.923350+00:00,149.7,20,ask,,,10758479
2026-07-07T11:01:14.069799,2026-07-07T11:01:14.090219+00:00,149.7,480,ask,,,10758480
2026-07-07T11:01:14.069799,2026-07-07T11:01:14.090219+00:00,149.7,10,ask,,,10758481
2026-07-07T11:01:14.086297,2026-07-07T11:01:14.090219+00:00,149.5,11,bid,,,10758483
2026-07-07T11:01:14.226861,2026-07-07T11:01:14.238564+00:00,149.5,124,bid,,,10758487
2026-07-07T11:01:14.268109,2026-07-07T11:01:14.279445+00:00,149.8,10,ask,,,10758490
2026-07-07T11:01:14.291210,2026-07-07T11:01:14.295617+00:00,149.8,23,ask,,,10758493
2026-07-07T11:01:14.331086,2026-07-07T11:01:14.340020+00:00,149.8,23,ask,,,10758495
2026-07-07T11:01:14.489637,2026-07-07T11:01:14.499766+00:00,149.8,20,ask,,,10758497
2026-07-07T11:01:14.499698,2026-07-07T11:01:14.510488+00:00,149.8,20,ask,,,10758499
2026-07-07T11:01:14.610509,2026-07-07T11:01:14.614581+00:00,150.1,10,ask,,,10758501
2026-07-07T11:01:14.698242,2026-07-07T11:01:14.705247+00:00,149.8,200,ask,,,10758505
2026-07-07T11:01:14.931060,2026-07-07T11:01:14.934940+00:00,150.0,7,ask,,,10758507
2026-07-07T11:01:15.381067,2026-07-07T11:01:15.387700+00:00,150.1,10,ask,,,10758521
2026-07-07T11:01:15.585896,2026-07-07T11:01:15.590280+00:00,149.9,6,bid,,,10758528
2026-07-07T11:01:15.613582,2026-07-07T11:01:15.617584+00:00,149.9,1,bid,,,10758531
2026-07-07T11:01:15.907195,2026-07-07T11:01:15.918532+00:00,149.7,200,ask,,,10758536
2026-07-07T11:01:16.708975,2026-07-07T11:01:16.713687+00:00,149.8,10,bid,,,10758548
2026-07-07T11:01:17.225466,2026-07-07T11:01:17.234789+00:00,149.8,20,bid,,,10758558
2026-07-07T11:01:17.361164,2026-07-07T11:01:17.370692+00:00,149.8,11,bid,,,10758562
2026-07-07T11:01:17.450511,2026-07-07T11:01:17.454901+00:00,149.8,38,bid,,,10758569
2026-07-07T11:01:17.450717,2026-07-07T11:01:17.470586+00:00,149.8,25,bid,,,10758570
2026-07-07T11:01:17.457252,2026-07-07T11:01:17.470586+00:00,149.8,20,bid,,,10758571
2026-07-07T11:01:19.311035,2026-07-07T11:01:19.320363+00:00,149.7,200,ask,,,10758592
2026-07-07T11:01:19.311035,2026-07-07T11:01:19.320363+00:00,149.6,10,ask,,,10758593
2026-07-07T11:01:19.424610,2026-07-07T11:01:19.431638+00:00,149.6,20,bid,,,10758598
2026-07-07T11:01:19.528860,2026-07-07T11:01:19.539028+00:00,149.6,200,bid,,,10758601
2026-07-07T11:01:19.694060,2026-07-07T11:01:19.701037+00:00,149.6,195,bid,,,10758604
2026-07-07T11:01:19.694060,2026-07-07T11:01:19.706612+00:00,149.6,10,bid,,,10758605
2026-07-07T11:01:20.630998,2026-07-07T11:01:20.635352+00:00,149.8,10,ask,,,10758624
2026-07-07T11:01:20.739833,2026-07-07T11:01:20.748236+00:00,149.9,10,bid,,,10758625
2026-07-07T11:01:20.758831,2026-07-07T11:01:20.762580+00:00,149.9,10,ask,,,10758628
2026-07-07T11:01:20.764725,2026-07-07T11:01:20.768707+00:00,149.9,6,ask,,,10758629
2026-07-07T11:01:21.914741,2026-07-07T11:01:21.926289+00:00,149.9,12,ask,,,10758658
2026-07-07T11:01:21.987584,2026-07-07T11:01:21.993003+00:00,149.9,10,bid,,,10758662
2026-07-07T11:01:23.178974,2026-07-07T11:01:23.188393+00:00,149.8,200,ask,,,10758675
2026-07-07T11:01:23.675205,2026-07-07T11:01:23.687123+00:00,150.0,12,bid,,,10758693
2026-07-07T11:01:23.750312,2026-07-07T11:01:23.753902+00:00,150.0,20,bid,,,10758699
2026-07-07T11:01:23.786160,2026-07-07T11:01:23.790495+00:00,150.0,22,bid,,,10758701
2026-07-07T11:01:24.179098,2026-07-07T11:01:24.187382+00:00,150.0,20,bid,,,10758711
2026-07-07T11:01:24.739352,2026-07-07T11:01:24.748604+00:00,149.8,10,ask,,,10758719
2026-07-07T11:01:25.705819,2026-07-07T11:01:25.713414+00:00,149.9,20,bid,,,10758733
2026-07-07T11:01:25.737001,2026-07-07T11:01:25.745379+00:00,149.9,12,bid,,,10758735
2026-07-07T11:01:26.392563,2026-07-07T11:01:26.403237+00:00,149.9,10,bid,,,10758747
2026-07-07T11:01:26.585011,2026-07-07T11:01:26.596942+00:00,150.0,20,bid,,,10758750
2026-07-07T11:01:28.020534,2026-07-07T11:01:28.032112+00:00,149.9,12,bid,,,10758767
2026-07-07T11:01:28.043199,2026-07-07T11:01:28.053672+00:00,149.8,10,ask,,,10758770
2026-07-07T11:01:28.112046,2026-07-07T11:01:28.121857+00:00,149.8,25,bid,,,10758772
2026-07-07T11:01:28.122431,2026-07-07T11:01:28.132682+00:00,149.7,15,ask,,,10758773
2026-07-07T11:01:29.837150,2026-07-07T11:01:29.844809+00:00,149.8,200,bid,,,10758808
2026-07-07T11:01:30.476660,2026-07-07T11:01:30.488228+00:00,149.8,200,ask,,,10758821
2026-07-07T11:01:31.164896,2026-07-07T11:01:31.174505+00:00,149.8,25,bid,,,10758836
2026-07-07T11:01:31.390473,2026-07-07T11:01:31.398166+00:00,149.8,10,bid,,,10758843
2026-07-07T11:01:32.897945,2026-07-07T11:01:32.904261+00:00,149.8,200,bid,,,10758859
2026-07-07T11:01:34.314178,2026-07-07T11:01:34.325927+00:00,149.8,12,bid,,,10758876
2026-07-07T11:01:34.547179,2026-07-07T11:01:34.558592+00:00,149.7,20,ask,,,10758889
2026-07-07T11:01:35.317625,2026-07-07T11:01:35.324608+00:00,149.8,200,bid,,,10758897
2026-07-07T11:01:38.158651,2026-07-07T11:01:38.170552+00:00,149.8,12,bid,,,10758960
2026-07-07T11:01:38.381407,2026-07-07T11:01:38.386744+00:00,149.8,2,bid,,,10758968
2026-07-07T11:01:38.414949,2026-07-07T11:01:38.427052+00:00,149.8,12,bid,,,10758969
2026-07-07T11:01:39.037127,2026-07-07T11:01:39.041521+00:00,149.8,10,bid,,,10758978
2026-07-07T11:01:40.390954,2026-07-07T11:01:40.402944+00:00,149.8,20,bid,,,10758992
2026-07-07T11:01:42.140550,2026-07-07T11:01:42.158551+00:00,149.7,10,ask,,,10759024
2026-07-07T11:01:44.929804,2026-07-07T11:01:44.934096+00:00,149.6,10,ask,,,10759069
2026-07-07T11:01:49.909425,2026-07-07T11:01:49.921340+00:00,149.4,20,ask,,,10759162
2026-07-07T11:01:51.231962,2026-07-07T11:01:51.243760+00:00,149.5,12,ask,,,10759184
2026-07-07T11:01:52.135586,2026-07-07T11:01:52.142559+00:00,149.6,200,bid,,,10759203
2026-07-07T11:01:52.135586,2026-07-07T11:01:52.147840+00:00,149.6,10,bid,,,10759204
2026-07-07T11:01:53.256269,2026-07-07T11:01:53.258624+00:00,149.6,12,ask,,,10759219
2026-07-07T11:01:53.266167,2026-07-07T11:01:53.274497+00:00,149.6,20,ask,,,10759220
2026-07-07T11:01:53.504179,2026-07-07T11:01:53.508242+00:00,149.7,10,ask,,,10759224
2026-07-07T11:01:57.113201,2026-07-07T11:01:57.123853+00:00,149.5,10,ask,,,10759274
2026-07-07T11:01:57.130598,2026-07-07T11:01:57.135224+00:00,149.5,10,bid,,,10759276
2026-07-07T11:01:57.548206,2026-07-07T11:01:57.561823+00:00,149.5,12,bid,,,10759295
2026-07-07T11:01:57.977996,2026-07-07T11:01:57.989818+00:00,149.4,20,ask,,,10759301
2026-07-07T11:01:58.304775,2026-07-07T11:01:58.312470+00:00,149.4,12,ask,,,10759307
2026-07-07T11:01:58.324758,2026-07-07T11:01:58.335451+00:00,149.4,200,ask,,,10759308
2026-07-07T11:01:59.532186,2026-07-07T11:01:59.540724+00:00,149.5,200,bid,,,10759331
2026-07-07T11:02:00.333253,2026-07-07T11:02:00.345094+00:00,149.3,12,ask,,,10759345
2026-07-07T11:02:01.716081,2026-07-07T11:02:01.724252+00:00,149.3,20,ask,,,10759375
2026-07-07T11:02:01.863824,2026-07-07T11:02:01.870165+00:00,149.3,12,ask,,,10759377
2026-07-07T11:02:01.942630,2026-07-07T11:02:01.946723+00:00,149.3,10,ask,,,10759379
2026-07-07T11:02:02.261336,2026-07-07T11:02:02.265390+00:00,149.3,2,ask,,,10759389
2026-07-07T11:02:04.377724,2026-07-07T11:02:04.384692+00:00,149.3,200,bid,,,10759433
2026-07-07T11:02:06.572195,2026-07-07T11:02:06.583939+00:00,149.2,200,ask,,,10759478
2026-07-07T11:02:07.885077,2026-07-07T11:02:07.894212+00:00,149.2,10,bid,,,10759496
2026-07-07T11:02:07.885077,2026-07-07T11:02:07.894212+00:00,149.3,200,bid,,,10759497
2026-07-07T11:02:07.905448,2026-07-07T11:02:07.909625+00:00,149.3,11,ask,,,10759499
2026-07-07T11:02:09.672391,2026-07-07T11:02:09.683866+00:00,149.3,12,ask,,,10759535
2026-07-07T11:02:09.783170,2026-07-07T11:02:09.794595+00:00,149.3,20,ask,,,10759539
2026-07-07T11:02:10.182146,2026-07-07T11:02:10.191897+00:00,149.5,12,bid,,,10759556
2026-07-07T11:02:11.824008,2026-07-07T11:02:11.835258+00:00,149.3,200,ask,,,10759582
2026-07-07T11:02:11.824008,2026-07-07T11:02:11.835258+00:00,149.2,10,ask,,,10759583
2026-07-07T11:02:11.824008,2026-07-07T11:02:11.835258+00:00,149.2,415,ask,,,10759584
2026-07-07T11:02:13.138044,2026-07-07T11:02:13.146050+00:00,149.4,200,bid,,,10759612
2026-07-07T11:02:13.138044,2026-07-07T11:02:13.146050+00:00,149.4,10,bid,,,10759613
2026-07-07T11:02:14.068992,2026-07-07T11:02:14.079228+00:00,149.4,200,ask,,,10759626
2026-07-07T11:02:14.364575,2026-07-07T11:02:14.372684+00:00,149.4,20,ask,,,10759635
2026-07-07T11:02:14.408128,2026-07-07T11:02:14.413029+00:00,149.4,10,ask,,,10759637
2026-07-07T11:02:14.452467,2026-07-07T11:02:14.463244+00:00,149.3,10,ask,,,10759638
2026-07-07T11:02:14.717282,2026-07-07T11:02:14.724533+00:00,149.2,12,ask,,,10759647
2026-07-07T11:02:14.797725,2026-07-07T11:02:14.807853+00:00,149.3,500,bid,,,10759651
2026-07-07T11:02:15.275473,2026-07-07T11:02:15.299542+00:00,149.3,115,bid,,,10759656
2026-07-07T11:02:15.275473,2026-07-07T11:02:15.299542+00:00,149.3,10,bid,,,10759657
2026-07-07T11:02:15.295483,2026-07-07T11:02:15.299542+00:00,149.5,1,ask,,,10759660
2026-07-07T11:02:15.683847,2026-07-07T11:02:15.695629+00:00,149.5,20,ask,,,10759673
2026-07-07T11:02:15.741350,2026-07-07T11:02:15.753196+00:00,149.5,12,ask,,,10759676
2026-07-07T11:02:17.757065,2026-07-07T11:02:17.764684+00:00,149.5,12,bid,,,10759717
2026-07-07T11:02:22.664766,2026-07-07T11:02:22.674099+00:00,149.5,200,bid,,,10759798
2026-07-07T11:02:22.664766,2026-07-07T11:02:22.674099+00:00,149.5,10,bid,,,10759799
2026-07-07T11:02:23.265554,2026-07-07T11:02:23.274306+00:00,149.6,500,bid,,,10759807
2026-07-07T11:02:24.938493,2026-07-07T11:02:24.944900+00:00,149.6,200,bid,,,10759829
2026-07-07T11:02:24.938493,2026-07-07T11:02:24.950404+00:00,149.6,10,bid,,,10759830
2026-07-07T11:02:27.562265,2026-07-07T11:02:27.568656+00:00,149.7,200,bid,,,10759872
2026-07-07T11:02:28.088531,2026-07-07T11:02:28.100655+00:00,149.7,12,ask,,,10759879
2026-07-07T11:02:28.587672,2026-07-07T11:02:28.598072+00:00,149.7,200,ask,,,10759884
2026-07-07T11:02:28.873267,2026-07-07T11:02:28.880213+00:00,149.6,10,ask,,,10759889
2026-07-07T11:02:30.974767,2026-07-07T11:02:30.986487+00:00,149.6,44,bid,,,10759931
2026-07-07T11:02:31.016684,2026-07-07T11:02:31.023735+00:00,149.6,200,bid,,,10759933
2026-07-07T11:02:31.235944,2026-07-07T11:02:31.250655+00:00,149.6,20,bid,,,10759939
2026-07-07T11:02:31.370000,2026-07-07T11:02:31.381904+00:00,149.6,12,bid,,,10759944
2026-07-07T11:02:34.415764,2026-07-07T11:02:34.422817+00:00,149.9,12,bid,,,10760000
2026-07-07T11:02:34.651863,2026-07-07T11:02:34.655136+00:00,149.8,200,ask,,,10760003
2026-07-07T11:02:35.328654,2026-07-07T11:02:35.340595+00:00,149.8,20,ask,,,10760013
2026-07-07T11:02:35.673925,2026-07-07T11:02:35.685752+00:00,149.8,12,ask,,,10760020
2026-07-07T11:02:37.079512,2026-07-07T11:02:37.090906+00:00,149.9,200,ask,,,10760041
2026-07-07T11:02:37.342444,2026-07-07T11:02:37.351269+00:00,149.9,20,ask,,,10760050
2026-07-07T11:02:39.030762,2026-07-07T11:02:39.037496+00:00,149.9,425,ask,,,10760075
2026-07-07T11:02:39.682884,2026-07-07T11:02:39.693355+00:00,149.7,20,bid,,,10760088
2026-07-07T11:02:39.712095,2026-07-07T11:02:39.723923+00:00,149.7,12,bid,,,10760089
2026-07-07T11:02:42.004666,2026-07-07T11:02:42.021646+00:00,149.8,200,bid,,,10760129
2026-07-07T11:02:42.847450,2026-07-07T11:02:42.854612+00:00,150.0,20,bid,,,10760138
2026-07-07T11:02:43.253276,2026-07-07T11:02:43.256852+00:00,149.8,12,ask,,,10760147
2026-07-07T11:02:45.040331,2026-07-07T11:02:45.051475+00:00,149.9,12,bid,,,10760173
2026-07-07T11:02:47.281520,2026-07-07T11:02:47.289999+00:00,149.9,20,bid,,,10760216
2026-07-07T11:02:47.599722,2026-07-07T11:02:47.611327+00:00,149.7,12,ask,,,10760227
2026-07-07T11:02:49.637620,2026-07-07T11:02:49.649285+00:00,149.9,12,bid,,,10760256
2026-07-07T11:02:52.519358,2026-07-07T11:02:52.535963+00:00,149.8,20,ask,,,10760304
2026-07-07T11:02:54.051039,2026-07-07T11:02:54.062178+00:00,149.9,200,bid,,,10760329
2026-07-07T11:02:54.466803,2026-07-07T11:02:54.476509+00:00,149.8,12,ask,,,10760330
2026-07-07T11:02:57.053740,2026-07-07T11:02:57.058570+00:00,149.8,20,ask,,,10760363
2026-07-07T11:02:57.767689,2026-07-07T11:02:57.774365+00:00,149.7,200,ask,,,10760376
2026-07-07T11:02:59.271420,2026-07-07T11:02:59.282703+00:00,149.6,12,ask,,,10760405
2026-07-07T11:03:00.417402,2026-07-07T11:03:00.421566+00:00,149.7,12,ask,,,10760417
2026-07-07T11:03:01.729310,2026-07-07T11:03:01.733843+00:00,149.8,11,ask,,,10760443
2026-07-07T11:03:01.810236,2026-07-07T11:03:01.816635+00:00,149.8,25,ask,,,10760446
2026-07-07T11:03:01.825820,2026-07-07T11:03:01.837639+00:00,150.0,7,bid,,,10760449
2026-07-07T11:03:01.890087,2026-07-07T11:03:01.894790+00:00,150.0,23,bid,,,10760452
2026-07-07T11:03:02.283859,2026-07-07T11:03:02.294477+00:00,149.8,19,ask,,,10760459
2026-07-07T11:03:02.933513,2026-07-07T11:03:02.943118+00:00,149.9,20,bid,,,10760468
2026-07-07T11:03:03.025535,2026-07-07T11:03:03.033242+00:00,149.9,180,bid,,,10760469
2026-07-07T11:03:03.062932,2026-07-07T11:03:03.074977+00:00,150.1,12,bid,,,10760470
2026-07-07T11:03:05.084941,2026-07-07T11:03:05.106074+00:00,150.0,12,bid,,,10760501
2026-07-07T11:03:05.133022,2026-07-07T11:03:05.140210+00:00,150.0,20,bid,,,10760502
2026-07-07T11:03:06.147372,2026-07-07T11:03:06.152602+00:00,149.9,200,ask,,,10760517
2026-07-07T11:03:07.698268,2026-07-07T11:03:07.710418+00:00,149.8,20,ask,,,10760537
2026-07-07T11:03:08.586277,2026-07-07T11:03:08.590463+00:00,149.9,11,bid,,,10760552
2026-07-07T11:03:08.679847,2026-07-07T11:03:08.688987+00:00,149.9,25,bid,,,10760556
2026-07-07T11:03:08.900797,2026-07-07T11:03:08.910282+00:00,149.9,25,bid,,,10760560
2026-07-07T11:03:08.905608,2026-07-07T11:03:08.915307+00:00,149.8,8,ask,,,10760561
2026-07-07T11:03:09.794647,2026-07-07T11:03:09.803454+00:00,149.8,200,ask,,,10760577
2026-07-07T11:03:10.947346,2026-07-07T11:03:10.958635+00:00,150.0,20,bid,,,10760601
2026-07-07T11:03:13.624906,2026-07-07T11:03:13.636851+00:00,150.1,12,bid,,,10760652
2026-07-07T11:03:15.003794,2026-07-07T11:03:15.010407+00:00,149.7,20,ask,,,10760669
2026-07-07T11:03:15.650166,2026-07-07T11:03:15.658621+00:00,150.0,20,bid,,,10760688
2026-07-07T11:03:16.491271,2026-07-07T11:03:16.495501+00:00,149.9,23,bid,,,10760703
2026-07-07T11:03:16.512558,2026-07-07T11:03:16.521219+00:00,149.9,15,bid,,,10760705
2026-07-07T11:03:16.650364,2026-07-07T11:03:16.658580+00:00,149.9,12,bid,,,10760708
2026-07-07T11:03:17.201381,2026-07-07T11:03:17.210627+00:00,149.9,12,bid,,,10760718
2026-07-07T11:03:17.969643,2026-07-07T11:03:17.980216+00:00,150.0,12,bid,,,10760736
2026-07-07T11:03:20.006686,2026-07-07T11:03:20.015891+00:00,149.9,12,bid,,,10760773
2026-07-07T11:03:23.140553,2026-07-07T11:03:23.144251+00:00,149.7,11,bid,,,10760818
2026-07-07T11:03:26.358982,2026-07-07T11:03:26.369076+00:00,149.5,12,ask,,,10760850
2026-07-07T11:03:28.006355,2026-07-07T11:03:28.010894+00:00,149.6,11,ask,,,10760884
2026-07-07T11:03:28.801916,2026-07-07T11:03:28.813960+00:00,149.6,20,ask,,,10760895
2026-07-07T11:03:29.317396,2026-07-07T11:03:29.328708+00:00,149.7,200,bid,,,10760904
2026-07-07T11:03:29.336201,2026-07-07T11:03:29.340231+00:00,149.7,12,ask,,,10760906
2026-07-07T11:03:32.629103,2026-07-07T11:03:32.640817+00:00,149.9,12,bid,,,10760952
2026-07-07T11:03:36.473255,2026-07-07T11:03:36.480604+00:00,149.7,200,bid,,,10761006
2026-07-07T11:03:36.894306,2026-07-07T11:03:36.906106+00:00,149.6,12,ask,,,10761020
2026-07-07T11:03:41.122756,2026-07-07T11:03:41.130607+00:00,149.6,20,ask,,,10761090
2026-07-07T11:03:41.169241,2026-07-07T11:03:41.179334+00:00,149.6,180,ask,,,10761091
2026-07-07T11:03:41.433359,2026-07-07T11:03:41.445000+00:00,149.5,12,ask,,,10761099
2026-07-07T11:03:42.012551,2026-07-07T11:03:42.021391+00:00,149.6,445,bid,,,10761102
2026-07-07T11:03:42.612340,2026-07-07T11:03:42.619231+00:00,149.7,200,bid,,,10761113
2026-07-07T11:03:42.640440,2026-07-07T11:03:42.644828+00:00,149.7,11,ask,,,10761115
2026-07-07T11:03:43.520957,2026-07-07T11:03:43.534452+00:00,149.6,12,ask,,,10761137
2026-07-07T11:03:45.059491,2026-07-07T11:03:45.069328+00:00,149.7,200,bid,,,10761158
2026-07-07T11:03:50.994194,2026-07-07T11:03:51.002239+00:00,150.0,200,bid,,,10761263
2026-07-07T11:03:51.016001,2026-07-07T11:03:51.023237+00:00,150.0,20,bid,,,10761264
2026-07-07T11:03:52.825315,2026-07-07T11:03:52.834249+00:00,149.9,12,ask,,,10761288
2026-07-07T11:03:53.893405,2026-07-07T11:03:53.900497+00:00,149.9,20,ask,,,10761306
2026-07-07T11:03:54.812930,2026-07-07T11:03:54.825554+00:00,149.9,20,ask,,,10761329
2026-07-07T11:03:55.826281,2026-07-07T11:03:55.835933+00:00,150.0,200,bid,,,10761340
2026-07-07T11:03:58.043503,2026-07-07T11:03:58.058620+00:00,150.0,20,ask,,,10761376
2026-07-07T11:03:58.714406,2026-07-07T11:03:58.726447+00:00,150.0,20,ask,,,10761387
2026-07-07T11:04:00.214551,2026-07-07T11:04:00.224557+00:00,149.9,20,ask,,,10761421
2026-07-07T11:04:00.799679,2026-07-07T11:04:00.808807+00:00,149.9,12,ask,,,10761424
2026-07-07T11:04:02.356170,2026-07-07T11:04:02.363805+00:00,150.0,20,ask,,,10761455
2026-07-07T11:04:03.491220,2026-07-07T11:04:03.501587+00:00,150.1,200,ask,,,10761478
2026-07-07T11:04:04.406358,2026-07-07T11:04:04.414375+00:00,150.0,12,ask,,,10761488
2026-07-07T11:04:04.813614,2026-07-07T11:04:04.817698+00:00,150.1,11,ask,,,10761500
2026-07-07T11:04:04.975436,2026-07-07T11:04:04.983362+00:00,150.1,25,ask,,,10761506
2026-07-07T11:04:05.201241,2026-07-07T11:04:05.209611+00:00,150.1,25,ask,,,10761513
2026-07-07T11:04:05.426713,2026-07-07T11:04:05.433439+00:00,150.1,25,ask,,,10761520
2026-07-07T11:04:05.659700,2026-07-07T11:04:05.669760+00:00,150.1,25,ask,,,10761523
2026-07-07T11:04:05.669151,2026-07-07T11:04:05.680356+00:00,150.2,11,bid,,,10761525
2026-07-07T11:04:06.108930,2026-07-07T11:04:06.117219+00:00,150.2,189,bid,,,10761529
2026-07-07T11:04:06.716291,2026-07-07T11:04:06.727929+00:00,150.2,200,ask,,,10761539
2026-07-07T11:04:06.936833,2026-07-07T11:04:06.945310+00:00,150.3,12,bid,,,10761547
2026-07-07T11:04:07.928285,2026-07-07T11:04:07.938007+00:00,150.1,20,ask,,,10761556
2026-07-07T11:04:08.563252,2026-07-07T11:04:08.570167+00:00,150.2,20,bid,,,10761567
2026-07-07T11:04:08.718910,2026-07-07T11:04:08.726887+00:00,150.2,12,bid,,,10761571
2026-07-07T11:04:10.741117,2026-07-07T11:04:10.758566+00:00,150.3,12,bid,,,10761609
2026-07-07T11:04:11.348460,2026-07-07T11:04:11.358361+00:00,150.1,200,ask,,,10761625
2026-07-07T11:04:11.758828,2026-07-07T11:04:11.770821+00:00,150.1,12,bid,,,10761635
2026-07-07T11:04:11.816582,2026-07-07T11:04:11.823862+00:00,150.1,20,bid,,,10761636
2026-07-07T11:04:13.990141,2026-07-07T11:04:13.996620+00:00,150.2,200,bid,,,10761677
2026-07-07T11:04:14.765574,2026-07-07T11:04:14.769919+00:00,150.2,11,bid,,,10761688
2026-07-07T11:04:15.027780,2026-07-07T11:04:15.038746+00:00,150.0,12,ask,,,10761696
2026-07-07T11:04:15.205191,2026-07-07T11:04:15.215851+00:00,150.2,200,bid,,,10761700
2026-07-07T11:04:16.382138,2026-07-07T11:04:16.391905+00:00,150.3,20,bid,,,10761727
2026-07-07T11:04:16.562762,2026-07-07T11:04:16.569478+00:00,150.3,12,bid,,,10761731
2026-07-07T11:04:20.531107,2026-07-07T11:04:20.538119+00:00,150.1,200,ask,,,10761796
2026-07-07T11:04:20.549261,2026-07-07T11:04:20.553328+00:00,150.0,11,bid,,,10761798
2026-07-07T11:04:21.753886,2026-07-07T11:04:21.765908+00:00,150.0,20,bid,,,10761813
2026-07-07T11:04:23.156812,2026-07-07T11:04:23.163946+00:00,150.0,200,ask,,,10761835
2026-07-07T11:04:23.693980,2026-07-07T11:04:23.702991+00:00,149.8,200,bid,,,10761847
2026-07-07T11:04:23.762516,2026-07-07T11:04:23.774142+00:00,149.6,20,ask,,,10761848
2026-07-07T11:04:24.259896,2026-07-07T11:04:24.264771+00:00,149.8,12,bid,,,10761857
2026-07-07T11:04:24.354974,2026-07-07T11:04:24.363679+00:00,149.8,25,bid,,,10761860
2026-07-07T11:04:24.361649,2026-07-07T11:04:24.369235+00:00,149.8,20,bid,,,10761862
2026-07-07T11:04:24.377921,2026-07-07T11:04:24.384809+00:00,149.8,12,bid,,,10761863
2026-07-07T11:04:25.661865,2026-07-07T11:04:25.671746+00:00,149.9,12,bid,,,10761895
2026-07-07T11:04:25.697583,2026-07-07T11:04:25.708703+00:00,149.9,20,bid,,,10761901
2026-07-07T11:04:26.130063,2026-07-07T11:04:26.140966+00:00,149.8,25,bid,,,10761906
2026-07-07T11:04:26.353000,2026-07-07T11:04:26.364343+00:00,149.8,25,bid,,,10761909
2026-07-07T11:04:26.359788,2026-07-07T11:04:26.369541+00:00,149.6,12,ask,,,10761911
2026-07-07T11:04:27.329027,2026-07-07T11:04:27.337721+00:00,149.7,200,ask,,,10761917
2026-07-07T11:04:28.005312,2026-07-07T11:04:28.017298+00:00,149.9,20,bid,,,10761925
2026-07-07T11:04:31.028300,2026-07-07T11:04:31.035210+00:00,149.7,200,bid,,,10761965
2026-07-07T11:04:32.170692,2026-07-07T11:04:32.177404+00:00,149.8,200,ask,,,10761980
2026-07-07T11:04:33.597066,2026-07-07T11:04:33.608032+00:00,149.8,20,bid,,,10761997
2026-07-07T11:04:33.657228,2026-07-07T11:04:33.658651+00:00,149.8,180,bid,,,10761999
2026-07-07T11:04:33.978942,2026-07-07T11:04:33.988329+00:00,150.0,12,bid,,,10762002
2026-07-07T11:04:36.003814,2026-07-07T11:04:36.011772+00:00,150.0,12,bid,,,10762036
2026-07-07T11:04:36.454391,2026-07-07T11:04:36.458583+00:00,150.1,20,bid,,,10762051
2026-07-07T11:04:37.141725,2026-07-07T11:04:37.158801+00:00,150.0,500,ask,,,10762064
2026-07-07T11:04:37.829818,2026-07-07T11:04:37.837484+00:00,150.1,12,bid,,,10762075
2026-07-07T11:04:39.431576,2026-07-07T11:04:39.440139+00:00,149.9,200,ask,,,10762095
2026-07-07T11:04:40.206702,2026-07-07T11:04:40.218308+00:00,150.0,500,bid,,,10762106
2026-07-07T11:04:40.640702,2026-07-07T11:04:40.647715+00:00,150.0,125,ask,,,10762116
2026-07-07T11:04:40.661684,2026-07-07T11:04:40.666442+00:00,149.8,23,bid,,,10762118
2026-07-07T11:04:40.741540,2026-07-07T11:04:40.752208+00:00,149.8,25,bid,,,10762120
2026-07-07T11:04:40.963907,2026-07-07T11:04:40.974045+00:00,149.8,1,bid,,,10762129
2026-07-07T11:04:41.672716,2026-07-07T11:04:41.684053+00:00,149.7,4,bid,,,10762139
2026-07-07T11:04:41.948681,2026-07-07T11:04:41.958564+00:00,149.7,9,bid,,,10762147
2026-07-07T11:04:42.460028,2026-07-07T11:04:42.471846+00:00,149.6,12,ask,,,10762153
2026-07-07T11:04:42.826808,2026-07-07T11:04:42.837357+00:00,149.6,188,ask,,,10762160
2026-07-07T11:04:43.338922,2026-07-07T11:04:43.343789+00:00,149.4,35,ask,,,10762175
2026-07-07T11:04:44.152641,2026-07-07T11:04:44.157236+00:00,149.5,11,ask,,,10762195
2026-07-07T11:04:44.542991,2026-07-07T11:04:44.554580+00:00,149.5,20,ask,,,10762205
2026-07-07T11:04:46.690796,2026-07-07T11:04:46.699782+00:00,149.6,200,bid,,,10762239
2026-07-07T11:04:46.763887,2026-07-07T11:04:46.770658+00:00,149.5,8,ask,,,10762242
2026-07-07T11:04:46.882161,2026-07-07T11:04:46.892866+00:00,149.7,20,bid,,,10762244
2026-07-07T11:04:48.523653,2026-07-07T11:04:48.533601+00:00,149.7,8,bid,,,10762269
2026-07-07T11:04:52.188607,2026-07-07T11:04:52.199348+00:00,149.8,20,bid,,,10762323
2026-07-07T11:04:52.313185,2026-07-07T11:04:52.320287+00:00,149.7,12,ask,,,10762328
2026-07-07T11:04:52.348484,2026-07-07T11:04:52.358569+00:00,149.7,20,ask,,,10762329
2026-07-07T11:04:53.331478,2026-07-07T11:04:53.339332+00:00,149.8,200,bid,,,10762335
2026-07-07T11:04:54.102482,2026-07-07T11:04:54.113351+00:00,149.9,200,ask,,,10762350
2026-07-07T11:04:57.116126,2026-07-07T11:04:57.127932+00:00,149.6,12,ask,,,10762397
2026-07-07T11:04:58.126015,2026-07-07T11:04:58.137716+00:00,149.7,12,bid,,,10762420
2026-07-07T11:04:58.600451,2026-07-07T11:04:58.607230+00:00,149.7,188,bid,,,10762426
2026-07-07T11:04:58.600451,2026-07-07T11:04:58.612453+00:00,149.7,437,bid,,,10762427
2026-07-07T11:04:59.158123,2026-07-07T11:04:59.169474+00:00,149.4,12,ask,,,10762437
2026-07-07T11:04:59.442310,2026-07-07T11:04:59.450622+00:00,149.4,20,ask,,,10762444
2026-07-07T11:05:00.456498,2026-07-07T11:05:00.457584+00:00,149.6,10,bid,,,10762462
2026-07-07T11:05:00.962540,2026-07-07T11:05:00.974255+00:00,149.5,12,ask,,,10762468
2026-07-07T11:05:01.238966,2026-07-07T11:05:01.248284+00:00,149.5,200,bid,,,10762471
2026-07-07T11:05:03.867733,2026-07-07T11:05:03.879401+00:00,149.4,200,ask,,,10762515
2026-07-07T11:05:04.865108,2026-07-07T11:05:04.874325+00:00,149.4,200,bid,,,10762523
2026-07-07T11:05:05.753881,2026-07-07T11:05:05.758611+00:00,149.3,12,ask,,,10762539
2026-07-07T11:05:07.734639,2026-07-07T11:05:07.741777+00:00,149.4,20,bid,,,10762572
2026-07-07T11:05:09.701860,2026-07-07T11:05:09.709250+00:00,149.4,200,bid,,,10762599
2026-07-07T11:05:11.535232,2026-07-07T11:05:11.546928+00:00,149.3,12,ask,,,10762632
2026-07-07T11:05:14.198145,2026-07-07T11:05:14.208407+00:00,149.4,20,ask,,,10762669
2026-07-07T11:05:14.317838,2026-07-07T11:05:14.324634+00:00,149.4,12,ask,,,10762670
2026-07-07T11:05:15.086360,2026-07-07T11:05:15.095837+00:00,149.6,12,bid,,,10762681
2026-07-07T11:05:18.478024,2026-07-07T11:05:18.489646+00:00,149.5,20,ask,,,10762743
2026-07-07T11:05:18.871449,2026-07-07T11:05:18.879191+00:00,149.5,12,ask,,,10762753
2026-07-07T11:05:19.400045,2026-07-07T11:05:19.406995+00:00,149.7,200,bid,,,10762763
2026-07-07T11:05:21.379828,2026-07-07T11:05:21.387692+00:00,149.6,200,ask,,,10762800
2026-07-07T11:05:23.532887,2026-07-07T11:05:23.552924+00:00,149.5,200,ask,,,10762829
2026-07-07T11:05:23.548578,2026-07-07T11:05:23.552924+00:00,149.5,11,bid,,,10762832
2026-07-07T11:05:24.908597,2026-07-07T11:05:24.920286+00:00,149.4,12,ask,,,10762852
2026-07-07T11:05:26.683099,2026-07-07T11:05:26.687584+00:00,149.5,11,ask,,,10762871
2026-07-07T11:05:27.349571,2026-07-07T11:05:27.358618+00:00,149.7,20,bid,,,10762893
2026-07-07T11:05:27.495806,2026-07-07T11:05:27.500551+00:00,149.6,11,ask,,,10762896
2026-07-07T11:05:27.660476,2026-07-07T11:05:27.669794+00:00,149.6,25,ask,,,10762897
2026-07-07T11:05:29.087118,2026-07-07T11:05:29.093994+00:00,149.7,200,bid,,,10762925
2026-07-07T11:05:30.298255,2026-07-07T11:05:30.307616+00:00,149.7,200,bid,,,10762944
2026-07-07T11:05:30.806511,2026-07-07T11:05:30.810444+00:00,149.7,22,bid,,,10762952
2026-07-07T11:05:30.948045,2026-07-07T11:05:30.958563+00:00,149.7,12,bid,,,10762957
2026-07-07T11:05:31.508294,2026-07-07T11:05:31.518639+00:00,149.7,200,ask,,,10762971
2026-07-07T11:05:33.217213,2026-07-07T11:05:33.229045+00:00,149.6,12,ask,,,10762993
2026-07-07T11:05:34.766664,2026-07-07T11:05:34.774388+00:00,149.7,12,bid,,,10763013
2026-07-07T11:05:35.523381,2026-07-07T11:05:35.535156+00:00,149.5,12,ask,,,10763036
2026-07-07T11:05:37.542178,2026-07-07T11:05:37.551321+00:00,149.4,12,ask,,,10763081
2026-07-07T11:05:39.570377,2026-07-07T11:05:39.579653+00:00,149.6,12,bid,,,10763113
2026-07-07T11:05:40.644946,2026-07-07T11:05:40.663818+00:00,149.5,200,ask,,,10763125
2026-07-07T11:05:41.228553,2026-07-07T11:05:41.239022+00:00,149.5,200,bid,,,10763136
2026-07-07T11:05:41.580739,2026-07-07T11:05:41.592828+00:00,149.3,12,ask,,,10763142
2026-07-07T11:05:43.653408,2026-07-07T11:05:43.658624+00:00,149.5,200,ask,,,10763184
2026-07-07T11:05:43.873813,2026-07-07T11:05:43.888425+00:00,149.5,12,ask,,,10763189
2026-07-07T11:05:44.859832,2026-07-07T11:05:44.869356+00:00,149.5,200,bid,,,10763198
2026-07-07T11:05:45.966090,2026-07-07T11:05:45.971047+00:00,149.5,22,ask,,,10763218
2026-07-07T11:05:46.053627,2026-07-07T11:05:46.064575+00:00,149.5,25,ask,,,10763219
2026-07-07T11:05:46.277479,2026-07-07T11:05:46.288359+00:00,149.5,25,ask,,,10763221
2026-07-07T11:05:46.287439,2026-07-07T11:05:46.299078+00:00,149.6,22,bid,,,10763223
2026-07-07T11:05:47.280358,2026-07-07T11:05:47.290276+00:00,149.7,200,bid,,,10763240
2026-07-07T11:05:49.221469,2026-07-07T11:05:49.230724+00:00,149.5,500,ask,,,10763258
2026-07-07T11:05:49.700705,2026-07-07T11:05:49.710476+00:00,149.5,125,ask,,,10763265
2026-07-07T11:05:51.001072,2026-07-07T11:05:51.012079+00:00,149.3,12,ask,,,10763292
2026-07-07T11:05:53.233050,2026-07-07T11:05:53.243791+00:00,149.2,25,ask,,,10763334
2026-07-07T11:05:53.333492,2026-07-07T11:05:53.340964+00:00,149.4,200,bid,,,10763339
2026-07-07T11:05:53.486674,2026-07-07T11:05:53.495222+00:00,149.2,25,ask,,,10763343
2026-07-07T11:05:53.708270,2026-07-07T11:05:53.719472+00:00,149.2,17,ask,,,10763349
2026-07-07T11:05:54.564527,2026-07-07T11:05:54.568825+00:00,149.3,12,ask,,,10763366
2026-07-07T11:05:55.137107,2026-07-07T11:05:55.145981+00:00,149.3,188,ask,,,10763373
2026-07-07T11:05:55.749042,2026-07-07T11:05:55.752124+00:00,149.3,200,bid,,,10763381
2026-07-07T11:05:56.448833,2026-07-07T11:05:56.475926+00:00,149.3,500,bid,,,10763396
2026-07-07T11:05:57.113795,2026-07-07T11:05:57.124908+00:00,149.3,125,ask,,,10763416
2026-07-07T11:05:57.113795,2026-07-07T11:05:57.124908+00:00,149.3,200,ask,,,10763417
2026-07-07T11:05:57.690230,2026-07-07T11:05:57.701708+00:00,149.3,20,bid,,,10763423
2026-07-07T11:05:57.801687,2026-07-07T11:05:57.813111+00:00,149.4,12,bid,,,10763428
2026-07-07T11:05:58.368979,2026-07-07T11:05:58.379454+00:00,149.3,20,ask,,,10763436
2026-07-07T11:05:58.819716,2026-07-07T11:05:58.829506+00:00,149.3,12,ask,,,10763448
2026-07-07T11:05:58.933822,2026-07-07T11:05:58.943960+00:00,149.3,168,ask,,,10763449
2026-07-07T11:05:59.377082,2026-07-07T11:05:59.385572+00:00,149.2,200,bid,,,10763454
2026-07-07T11:06:01.700946,2026-07-07T11:06:01.710962+00:00,149.2,200,ask,,,10763486
2026-07-07T11:06:07.491898,2026-07-07T11:06:07.496667+00:00,148.9,11,ask,,,10763593
2026-07-07T11:06:09.225739,2026-07-07T11:06:09.232787+00:00,149.0,200,bid,,,10763614
2026-07-07T11:06:09.278860,2026-07-07T11:06:09.289206+00:00,149.0,6,ask,,,10763617
2026-07-07T11:06:10.305993,2026-07-07T11:06:10.313268+00:00,149.0,200,ask,,,10763636
2026-07-07T11:06:11.479657,2026-07-07T11:06:11.490569+00:00,149.1,20,ask,,,10763654
2026-07-07T11:06:11.514276,2026-07-07T11:06:11.522828+00:00,149.1,200,ask,,,10763655
2026-07-07T11:06:15.882009,2026-07-07T11:06:15.891009+00:00,149.1,500,bid,,,10763727
2026-07-07T11:06:16.164466,2026-07-07T11:06:16.175726+00:00,149.1,200,bid,,,10763735
2026-07-07T11:06:16.348460,2026-07-07T11:06:16.358602+00:00,149.2,200,ask,,,10763737
2026-07-07T11:06:16.996198,2026-07-07T11:06:17.007879+00:00,149.2,20,ask,,,10763746
2026-07-07T11:06:17.482071,2026-07-07T11:06:17.489913+00:00,149.1,500,ask,,,10763757
2026-07-07T11:06:17.555335,2026-07-07T11:06:17.556040+00:00,149.1,125,bid,,,10763760
2026-07-07T11:06:18.773940,2026-07-07T11:06:18.784856+00:00,149.1,200,ask,,,10763778
2026-07-07T11:06:22.542663,2026-07-07T11:06:22.554077+00:00,149.2,500,bid,,,10763837
2026-07-07T11:06:25.781967,2026-07-07T11:06:25.791316+00:00,149.3,20,bid,,,10763883
2026-07-07T11:06:27.915698,2026-07-07T11:06:27.927295+00:00,149.2,20,bid,,,10763909
2026-07-07T11:06:29.686580,2026-07-07T11:06:29.696204+00:00,149.0,200,ask,,,10763941
2026-07-07T11:06:32.483811,2026-07-07T11:06:32.495375+00:00,149.2,12,bid,,,10763980
2026-07-07T11:06:34.560889,2026-07-07T11:06:34.565029+00:00,149.0,6,bid,,,10764002
2026-07-07T11:06:35.261872,2026-07-07T11:06:35.270991+00:00,149.0,194,bid,,,10764021
2026-07-07T11:06:35.745616,2026-07-07T11:06:35.758560+00:00,149.0,200,ask,,,10764026
2026-07-07T11:06:37.253941,2026-07-07T11:06:37.258622+00:00,149.1,200,ask,,,10764055
2026-07-07T11:06:37.332584,2026-07-07T11:06:37.336919+00:00,149.1,11,bid,,,10764058
2026-07-07T11:06:38.159491,2026-07-07T11:06:38.169577+00:00,149.1,200,bid,,,10764069
2026-07-07T11:06:39.653490,2026-07-07T11:06:39.660671+00:00,149.2,20,bid,,,10764099
2026-07-07T11:06:40.792310,2026-07-07T11:06:40.804182+00:00,149.1,12,ask,,,10764115
2026-07-07T11:06:43.624003,2026-07-07T11:06:43.635966+00:00,149.3,20,bid,,,10764173
2026-07-07T11:06:43.815683,2026-07-07T11:06:43.825536+00:00,149.3,12,bid,,,10764177
2026-07-07T11:06:44.231097,2026-07-07T11:06:44.235368+00:00,149.2,12,bid,,,10764181
2026-07-07T11:06:47.089292,2026-07-07T11:06:47.096913+00:00,149.0,12,ask,,,10764238
2026-07-07T11:06:49.060482,2026-07-07T11:06:49.069428+00:00,149.0,200,ask,,,10764279
2026-07-07T11:06:51.425820,2026-07-07T11:06:51.437629+00:00,149.0,20,bid,,,10764328
2026-07-07T11:06:54.400650,2026-07-07T11:06:54.412111+00:00,148.9,200,ask,,,10764372
2026-07-07T11:06:55.100317,2026-07-07T11:06:55.113261+00:00,148.9,200,bid,,,10764386
2026-07-07T11:06:56.375502,2026-07-07T11:06:56.379776+00:00,148.8,23,ask,,,10764399
2026-07-07T11:06:56.395877,2026-07-07T11:06:56.406298+00:00,148.8,20,ask,,,10764400
2026-07-07T11:06:59.340119,2026-07-07T11:06:59.349821+00:00,148.8,20,bid,,,10764453
2026-07-07T11:06:59.457932,2026-07-07T11:06:59.469712+00:00,148.8,12,bid,,,10764456
2026-07-07T11:06:59.999742,2026-07-07T11:07:00.008169+00:00,148.9,20,bid,,,10764471
2026-07-07T11:07:04.047293,2026-07-07T11:07:04.058569+00:00,148.9,12,bid,,,10764544
2026-07-07T11:07:04.105364,2026-07-07T11:07:04.114575+00:00,148.9,20,bid,,,10764546
2026-07-07T11:07:05.808674,2026-07-07T11:07:05.813907+00:00,148.9,11,bid,,,10764588
2026-07-07T11:07:06.259875,2026-07-07T11:07:06.267597+00:00,149.0,20,bid,,,10764602
2026-07-07T11:07:08.323487,2026-07-07T11:07:08.335108+00:00,148.9,12,bid,,,10764629
2026-07-07T11:07:08.416193,2026-07-07T11:07:08.422630+00:00,148.9,20,bid,,,10764630
2026-07-07T11:07:08.850094,2026-07-07T11:07:08.854291+00:00,148.8,12,bid,,,10764637
2026-07-07T11:07:09.197432,2026-07-07T11:07:09.205244+00:00,148.8,500,bid,,,10764647
2026-07-07T11:07:09.638191,2026-07-07T11:07:09.646485+00:00,148.8,113,bid,,,10764648
2026-07-07T11:07:10.583984,2026-07-07T11:07:10.595288+00:00,148.9,12,ask,,,10764667
2026-07-07T11:07:12.194430,2026-07-07T11:07:12.198998+00:00,149.0,30,bid,,,10764690
2026-07-07T11:07:12.334445,2026-07-07T11:07:12.341974+00:00,149.0,20,bid,,,10764691
2026-07-07T11:07:13.435631,2026-07-07T11:07:13.443215+00:00,149.0,20,bid,,,10764708
2026-07-07T11:07:14.091692,2026-07-07T11:07:14.101866+00:00,149.0,180,bid,,,10764726
2026-07-07T11:07:14.423246,2026-07-07T11:07:14.432295+00:00,149.0,20,ask,,,10764729
2026-07-07T11:07:14.476884,2026-07-07T11:07:14.485808+00:00,149.0,200,ask,,,10764731
2026-07-07T11:07:16.898354,2026-07-07T11:07:16.905354+00:00,148.9,20,ask,,,10764773
2026-07-07T11:07:19.223776,2026-07-07T11:07:19.235914+00:00,148.8,12,ask,,,10764805
2026-07-07T11:07:19.498636,2026-07-07T11:07:19.503666+00:00,149.0,12,bid,,,10764820
2026-07-07T11:07:20.661387,2026-07-07T11:07:20.670525+00:00,148.9,200,ask,,,10764839
2026-07-07T11:07:21.010487,2026-07-07T11:07:21.019762+00:00,148.9,20,bid,,,10764850
2026-07-07T11:07:21.660745,2026-07-07T11:07:21.668990+00:00,148.9,25,bid,,,10764860
2026-07-07T11:07:21.733980,2026-07-07T11:07:21.741094+00:00,148.9,200,bid,,,10764861
2026-07-07T11:07:21.784255,2026-07-07T11:07:21.791263+00:00,148.9,12,bid,,,10764863
2026-07-07T11:07:21.884081,2026-07-07T11:07:21.892206+00:00,148.9,25,bid,,,10764865
2026-07-07T11:07:21.974597,2026-07-07T11:07:21.995935+00:00,149.1,200,bid,,,10764866
2026-07-07T11:07:21.991522,2026-07-07T11:07:21.995935+00:00,149.1,8,ask,,,10764868
2026-07-07T11:07:22.101483,2026-07-07T11:07:22.112369+00:00,149.2,8,bid,,,10764871
2026-07-07T11:07:22.528111,2026-07-07T11:07:22.537427+00:00,149.1,417,ask,,,10764872
2026-07-07T11:07:23.327540,2026-07-07T11:07:23.339346+00:00,149.0,12,bid,,,10764885
2026-07-07T11:07:24.153517,2026-07-07T11:07:24.163915+00:00,149.0,200,bid,,,10764905
2026-07-07T11:07:24.894650,2026-07-07T11:07:24.904600+00:00,149.1,3,bid,,,10764922
2026-07-07T11:07:25.158209,2026-07-07T11:07:25.169018+00:00,149.1,12,bid,,,10764931
2026-07-07T11:07:25.365596,2026-07-07T11:07:25.376533+00:00,149.1,200,bid,,,10764937
2026-07-07T11:07:29.001535,2026-07-07T11:07:29.011581+00:00,149.0,200,ask,,,10764990
2026-07-07T11:07:29.209086,2026-07-07T11:07:29.220436+00:00,149.3,12,bid,,,10764992
2026-07-07T11:07:29.466382,2026-07-07T11:07:29.477225+00:00,149.3,12,bid,,,10765003
2026-07-07T11:07:29.872782,2026-07-07T11:07:29.877423+00:00,149.1,23,bid,,,10765015
2026-07-07T11:07:29.929046,2026-07-07T11:07:29.937132+00:00,149.1,2,bid,,,10765022
2026-07-07T11:07:29.980516,2026-07-07T11:07:29.989664+00:00,149.1,3,bid,,,10765024
2026-07-07T11:07:30.241230,2026-07-07T11:07:30.248497+00:00,149.1,3,bid,,,10765027
2026-07-07T11:07:30.503275,2026-07-07T11:07:30.515077+00:00,149.1,3,bid,,,10765030
2026-07-07T11:07:30.767509,2026-07-07T11:07:30.776001+00:00,149.1,3,bid,,,10765041
2026-07-07T11:07:31.028615,2026-07-07T11:07:31.038296+00:00,149.1,3,bid,,,10765046
2026-07-07T11:07:33.271886,2026-07-07T11:07:33.283765+00:00,149.0,20,ask,,,10765075
2026-07-07T11:07:34.054395,2026-07-07T11:07:34.065875+00:00,149.2,12,bid,,,10765089
2026-07-07T11:07:34.399870,2026-07-07T11:07:34.407041+00:00,149.2,4,bid,,,10765095
2026-07-07T11:07:34.573275,2026-07-07T11:07:34.582354+00:00,149.2,3,bid,,,10765100
2026-07-07T11:07:34.845567,2026-07-07T11:07:34.858600+00:00,149.2,3,bid,,,10765105
2026-07-07T11:07:35.205891,2026-07-07T11:07:35.217691+00:00,149.1,4,ask,,,10765114
2026-07-07T11:07:35.371344,2026-07-07T11:07:35.382993+00:00,149.3,4,bid,,,10765121
2026-07-07T11:07:35.884045,2026-07-07T11:07:35.894528+00:00,149.3,6,bid,,,10765126
2026-07-07T11:07:36.277555,2026-07-07T11:07:36.286770+00:00,149.3,200,bid,,,10765133
2026-07-07T11:07:37.459328,2026-07-07T11:07:37.463575+00:00,149.3,12,bid,,,10765152
2026-07-07T11:07:38.696544,2026-07-07T11:07:38.707798+00:00,149.4,200,bid,,,10765165
2026-07-07T11:07:39.906641,2026-07-07T11:07:39.915025+00:00,149.4,200,bid,,,10765181
2026-07-07T11:07:41.120380,2026-07-07T11:07:41.130143+00:00,149.4,200,bid,,,10765203
2026-07-07T11:07:41.298513,2026-07-07T11:07:41.306048+00:00,149.3,500,ask,,,10765206
2026-07-07T11:07:41.682498,2026-07-07T11:07:41.686528+00:00,149.2,11,bid,,,10765223
2026-07-07T11:07:42.329034,2026-07-07T11:07:42.339844+00:00,149.2,200,bid,,,10765235
2026-07-07T11:07:43.106698,2026-07-07T11:07:43.113743+00:00,149.1,500,ask,,,10765252
2026-07-07T11:07:43.701568,2026-07-07T11:07:43.712789+00:00,149.1,125,ask,,,10765257
2026-07-07T11:07:43.701568,2026-07-07T11:07:43.712789+00:00,149.1,200,ask,,,10765258
2026-07-07T11:07:44.744216,2026-07-07T11:07:44.750856+00:00,149.0,200,bid,,,10765273
2026-07-07T11:07:45.240853,2026-07-07T11:07:45.252728+00:00,148.7,20,ask,,,10765280
2026-07-07T11:07:45.968572,2026-07-07T11:07:45.973586+00:00,148.9,11,ask,,,10765297
2026-07-07T11:07:46.520589,2026-07-07T11:07:46.532332+00:00,148.9,20,ask,,,10765309
2026-07-07T11:07:47.029080,2026-07-07T11:07:47.036567+00:00,149.1,20,bid,,,10765323
2026-07-07T11:07:48.380591,2026-07-07T11:07:48.390619+00:00,148.9,200,ask,,,10765355
2026-07-07T11:07:48.426086,2026-07-07T11:07:48.437591+00:00,149.1,20,bid,,,10765356
2026-07-07T11:07:48.730668,2026-07-07T11:07:48.742389+00:00,148.9,12,ask,,,10765367
2026-07-07T11:07:49.778476,2026-07-07T11:07:49.789897+00:00,148.9,3,bid,,,10765381
2026-07-07T11:07:50.058247,2026-07-07T11:07:50.066876+00:00,148.9,3,bid,,,10765388
2026-07-07T11:07:50.671467,2026-07-07T11:07:50.682834+00:00,148.7,20,ask,,,10765399
2026-07-07T11:07:50.815536,2026-07-07T11:07:50.819828+00:00,148.8,12,ask,,,10765405
2026-07-07T11:07:50.834183,2026-07-07T11:07:50.845663+00:00,148.8,11,ask,,,10765406
2026-07-07T11:07:53.682980,2026-07-07T11:07:53.689714+00:00,148.9,20,bid,,,10765462
2026-07-07T11:07:54.288637,2026-07-07T11:07:54.306271+00:00,148.9,20,bid,,,10765466
2026-07-07T11:07:55.119940,2026-07-07T11:07:55.124125+00:00,148.7,11,ask,,,10765485
2026-07-07T11:07:56.509627,2026-07-07T11:07:56.513528+00:00,148.7,12,ask,,,10765512
2026-07-07T11:07:56.865786,2026-07-07T11:07:56.869842+00:00,148.8,11,ask,,,10765516
2026-07-07T11:07:57.040139,2026-07-07T11:07:57.047699+00:00,148.8,20,ask,,,10765521
2026-07-07T11:07:57.140772,2026-07-07T11:07:57.147858+00:00,148.8,12,ask,,,10765523
2026-07-07T11:07:59.178688,2026-07-07T11:07:59.189528+00:00,148.7,12,ask,,,10765556
2026-07-07T11:07:59.272259,2026-07-07T11:07:59.282822+00:00,148.8,200,bid,,,10765558
2026-07-07T11:08:00.030485,2026-07-07T11:08:00.035378+00:00,148.9,11,ask,,,10765568
2026-07-07T11:08:00.644511,2026-07-07T11:08:00.658572+00:00,149.0,20,bid,,,10765575
2026-07-07T11:08:00.715982,2026-07-07T11:08:00.724502+00:00,148.9,12,ask,,,10765577
2026-07-07T11:08:01.518911,2026-07-07T11:08:01.530904+00:00,148.9,20,bid,,,10765590
2026-07-07T11:08:02.900162,2026-07-07T11:08:02.906865+00:00,148.9,200,bid,,,10765607
2026-07-07T11:08:03.340188,2026-07-07T11:08:03.347820+00:00,148.7,20,ask,,,10765627
2026-07-07T11:08:03.477636,2026-07-07T11:08:03.485353+00:00,148.7,20,ask,,,10765629
2026-07-07T11:08:03.489415,2026-07-07T11:08:03.501125+00:00,148.7,12,ask,,,10765630
2026-07-07T11:08:05.274513,2026-07-07T11:08:05.281514+00:00,149.0,200,bid,,,10765655
2026-07-07T11:08:05.317403,2026-07-07T11:08:05.329091+00:00,149.0,200,ask,,,10765657
2026-07-07T11:08:05.487751,2026-07-07T11:08:05.499411+00:00,149.0,20,ask,,,10765662
2026-07-07T11:08:07.527174,2026-07-07T11:08:07.538007+00:00,148.9,12,ask,,,10765695
2026-07-07T11:08:07.737233,2026-07-07T11:08:07.746814+00:00,149.0,200,bid,,,10765698
2026-07-07T11:08:08.540202,2026-07-07T11:08:08.548858+00:00,149.0,500,ask,,,10765704
2026-07-07T11:08:08.949350,2026-07-07T11:08:08.958577+00:00,149.0,125,ask,,,10765713
2026-07-07T11:08:08.974626,2026-07-07T11:08:08.978598+00:00,148.9,11,bid,,,10765715
2026-07-07T11:08:09.096763,2026-07-07T11:08:09.107478+00:00,148.7,11,ask,,,10765717
2026-07-07T11:08:09.224133,2026-07-07T11:08:09.228679+00:00,148.8,11,ask,,,10765720
2026-07-07T11:08:09.318920,2026-07-07T11:08:09.326997+00:00,148.8,24,ask,,,10765724
2026-07-07T11:08:09.788038,2026-07-07T11:08:09.795140+00:00,148.9,20,bid,,,10765735
2026-07-07T11:08:10.382595,2026-07-07T11:08:10.389867+00:00,148.8,90,ask,,,10765745
2026-07-07T11:08:10.382595,2026-07-07T11:08:10.394870+00:00,148.8,200,ask,,,10765746
2026-07-07T11:08:11.741226,2026-07-07T11:08:11.747775+00:00,148.6,20,ask,,,10765770
2026-07-07T11:08:11.867326,2026-07-07T11:08:11.876157+00:00,148.6,12,ask,,,10765777
2026-07-07T11:08:13.867581,2026-07-07T11:08:13.879770+00:00,148.6,20,bid,,,10765817
2026-07-07T11:08:13.930406,2026-07-07T11:08:13.937261+00:00,148.5,20,ask,,,10765818
2026-07-07T11:08:15.389918,2026-07-07T11:08:15.401580+00:00,148.6,12,bid,,,10765851
2026-07-07T11:08:16.113874,2026-07-07T11:08:16.121907+00:00,148.4,20,ask,,,10765866
2026-07-07T11:08:17.557433,2026-07-07T11:08:17.566758+00:00,148.6,20,bid,,,10765888
2026-07-07T11:08:17.631279,2026-07-07T11:08:17.640374+00:00,148.5,500,ask,,,10765890
2026-07-07T11:08:17.965517,2026-07-07T11:08:17.976623+00:00,148.6,20,bid,,,10765894
2026-07-07T11:08:18.076823,2026-07-07T11:08:18.083875+00:00,148.5,20,ask,,,10765898
2026-07-07T11:08:18.151289,2026-07-07T11:08:18.163930+00:00,148.5,12,ask,,,10765903
2026-07-07T11:08:18.229219,2026-07-07T11:08:18.238433+00:00,148.5,93,ask,,,10765905
2026-07-07T11:08:18.381896,2026-07-07T11:08:18.389586+00:00,148.4,200,ask,,,10765911
2026-07-07T11:08:18.739329,2026-07-07T11:08:18.750021+00:00,148.2,20,ask,,,10765916
2026-07-07T11:08:22.044914,2026-07-07T11:08:22.052639+00:00,148.5,20,bid,,,10765974
2026-07-07T11:08:22.433976,2026-07-07T11:08:22.441293+00:00,148.3,20,ask,,,10765983
2026-07-07T11:08:24.462348,2026-07-07T11:08:24.474046+00:00,148.3,12,ask,,,10766018
2026-07-07T11:08:27.557327,2026-07-07T11:08:27.568761+00:00,148.4,200,bid,,,10766067
2026-07-07T11:08:27.557327,2026-07-07T11:08:27.568761+00:00,148.4,425,bid,,,10766068
2026-07-07T11:08:28.324398,2026-07-07T11:08:28.329263+00:00,148.3,12,ask,,,10766088
2026-07-07T11:08:28.461177,2026-07-07T11:08:28.472345+00:00,148.3,25,ask,,,10766092
2026-07-07T11:08:28.683181,2026-07-07T11:08:28.689816+00:00,148.3,4,ask,,,10766102
2026-07-07T11:08:29.254413,2026-07-07T11:08:29.266361+00:00,148.3,5,ask,,,10766122
2026-07-07T11:08:29.539667,2026-07-07T11:08:29.543792+00:00,148.4,11,ask,,,10766127
2026-07-07T11:08:30.196285,2026-07-07T11:08:30.204731+00:00,148.4,189,ask,,,10766133
2026-07-07T11:08:31.244299,2026-07-07T11:08:31.248335+00:00,148.4,11,bid,,,10766151
2026-07-07T11:08:32.864807,2026-07-07T11:08:32.875144+00:00,148.3,20,ask,,,10766179
2026-07-07T11:08:35.034153,2026-07-07T11:08:35.046078+00:00,148.5,12,bid,,,10766214
2026-07-07T11:08:37.580282,2026-07-07T11:08:37.585380+00:00,148.5,12,bid,,,10766268
2026-07-07T11:08:38.065268,2026-07-07T11:08:38.085731+00:00,148.3,200,ask,,,10766272
2026-07-07T11:08:38.081879,2026-07-07T11:08:38.085731+00:00,148.3,22,bid,,,10766274
2026-07-07T11:08:38.132789,2026-07-07T11:08:38.141114+00:00,148.3,25,bid,,,10766276
2026-07-07T11:08:38.307285,2026-07-07T11:08:38.315444+00:00,148.3,12,bid,,,10766282
2026-07-07T11:08:38.354648,2026-07-07T11:08:38.356718+00:00,148.3,25,bid,,,10766285
2026-07-07T11:08:38.578115,2026-07-07T11:08:38.588968+00:00,148.3,25,bid,,,10766291
2026-07-07T11:08:38.834312,2026-07-07T11:08:38.844268+00:00,148.3,25,bid,,,10766293
2026-07-07T11:08:39.055568,2026-07-07T11:08:39.069018+00:00,148.3,25,bid,,,10766296
2026-07-07T11:08:39.060740,2026-07-07T11:08:39.069018+00:00,148.0,21,ask,,,10766297
2026-07-07T11:08:39.502662,2026-07-07T11:08:39.506832+00:00,148.2,22,ask,,,10766306
2026-07-07T11:08:41.005372,2026-07-07T11:08:41.017216+00:00,148.4,20,bid,,,10766342
2026-07-07T11:08:41.193423,2026-07-07T11:08:41.202027+00:00,148.1,20,ask,,,10766348
2026-07-07T11:08:41.341864,2026-07-07T11:08:41.348689+00:00,148.1,12,ask,,,10766352
2026-07-07T11:08:41.408826,2026-07-07T11:08:41.416372+00:00,148.1,20,ask,,,10766354
2026-07-07T11:08:41.999133,2026-07-07T11:08:42.008699+00:00,148.3,200,bid,,,10766361
2026-07-07T11:08:42.015852,2026-07-07T11:08:42.020567+00:00,148.3,12,ask,,,10766363
2026-07-07T11:08:42.075004,2026-07-07T11:08:42.084480+00:00,148.5,20,bid,,,10766366
2026-07-07T11:08:42.093304,2026-07-07T11:08:42.100032+00:00,148.3,25,ask,,,10766367
2026-07-07T11:08:42.322058,2026-07-07T11:08:42.331403+00:00,148.3,25,ask,,,10766374
2026-07-07T11:08:42.552661,2026-07-07T11:08:42.559744+00:00,148.3,14,ask,,,10766380
2026-07-07T11:08:42.850425,2026-07-07T11:08:42.858556+00:00,148.3,200,ask,,,10766385
2026-07-07T11:08:42.861513,2026-07-07T11:08:42.873251+00:00,148.3,10,ask,,,10766386
2026-07-07T11:08:44.621142,2026-07-07T11:08:44.628292+00:00,148.5,10,bid,,,10766425
2026-07-07T11:08:45.273452,2026-07-07T11:08:45.281806+00:00,148.4,200,bid,,,10766428
2026-07-07T11:08:47.250201,2026-07-07T11:08:47.261263+00:00,148.3,200,ask,,,10766469
2026-07-07T11:08:49.868289,2026-07-07T11:08:49.879601+00:00,148.3,200,ask,,,10766512
2026-07-07T11:08:50.161167,2026-07-07T11:08:50.169472+00:00,148.1,12,ask,,,10766520
2026-07-07T11:08:51.177906,2026-07-07T11:08:51.186408+00:00,148.3,200,bid,,,10766538
2026-07-07T11:08:51.195637,2026-07-07T11:08:51.200750+00:00,148.4,11,ask,,,10766540
2026-07-07T11:08:51.344973,2026-07-07T11:08:51.358587+00:00,148.4,200,ask,,,10766542
2026-07-07T11:08:52.921180,2026-07-07T11:08:52.932950+00:00,148.4,20,bid,,,10766571
2026-07-07T11:08:53.457982,2026-07-07T11:08:53.462045+00:00,148.4,18,bid,,,10766581
2026-07-07T11:08:53.500379,2026-07-07T11:08:53.506824+00:00,148.4,20,bid,,,10766582
2026-07-07T11:08:53.687785,2026-07-07T11:08:53.697538+00:00,148.4,12,bid,,,10766589
2026-07-07T11:08:53.933592,2026-07-07T11:08:53.944615+00:00,148.4,20,bid,,,10766596
2026-07-07T11:08:54.083308,2026-07-07T11:08:54.094998+00:00,148.3,20,ask,,,10766602
2026-07-07T11:08:54.582448,2026-07-07T11:08:54.589956+00:00,148.3,500,ask,,,10766607
2026-07-07T11:08:56.421548,2026-07-07T11:08:56.423789+00:00,148.2,200,ask,,,10766631
2026-07-07T11:08:56.442058,2026-07-07T11:08:56.446644+00:00,148.0,5,bid,,,10766633
2026-07-07T11:08:56.500780,2026-07-07T11:08:56.508303+00:00,147.8,5,ask,,,10766635
2026-07-07T11:08:57.394160,2026-07-07T11:08:57.405103+00:00,148.0,200,bid,,,10766640
2026-07-07T11:08:58.618164,2026-07-07T11:08:58.622416+00:00,148.2,12,ask,,,10766663
2026-07-07T11:08:58.728835,2026-07-07T11:08:58.739810+00:00,148.2,25,ask,,,10766664
2026-07-07T11:08:58.832779,2026-07-07T11:08:58.840305+00:00,148.2,163,ask,,,10766667
2026-07-07T11:08:59.039043,2026-07-07T11:08:59.046249+00:00,148.2,337,bid,,,10766676
2026-07-07T11:08:59.057230,2026-07-07T11:08:59.061080+00:00,148.3,11,ask,,,10766678
2026-07-07T11:08:59.174233,2026-07-07T11:08:59.181863+00:00,148.3,15,ask,,,10766685
2026-07-07T11:08:59.428103,2026-07-07T11:08:59.434972+00:00,148.3,262,ask,,,10766694
2026-07-07T11:09:00.336439,2026-07-07T11:09:00.347925+00:00,148.2,12,bid,,,10766709
2026-07-07T11:09:00.485042,2026-07-07T11:09:00.493851+00:00,148.2,20,bid,,,10766710
2026-07-07T11:09:01.157449,2026-07-07T11:09:01.169190+00:00,148.0,20,ask,,,10766721
2026-07-07T11:09:02.621758,2026-07-07T11:09:02.631883+00:00,148.2,12,bid,,,10766741
2026-07-07T11:09:02.974599,2026-07-07T11:09:02.995668+00:00,148.0,200,ask,,,10766751
2026-07-07T11:09:02.991059,2026-07-07T11:09:02.995668+00:00,148.0,23,bid,,,10766753
2026-07-07T11:09:03.451409,2026-07-07T11:09:03.455015+00:00,148.0,200,bid,,,10766766
2026-07-07T11:09:03.761587,2026-07-07T11:09:03.769258+00:00,148.0,20,bid,,,10766774
2026-07-07T11:09:04.644021,2026-07-07T11:09:04.650602+00:00,148.2,11,bid,,,10766789
2026-07-07T11:09:08.291593,2026-07-07T11:09:08.302334+00:00,148.2,200,ask,,,10766848
2026-07-07T11:09:09.438410,2026-07-07T11:09:09.450160+00:00,148.4,12,bid,,,10766868
2026-07-07T11:09:09.500116,2026-07-07T11:09:09.507806+00:00,148.2,200,ask,,,10766874
2026-07-07T11:09:09.551247,2026-07-07T11:09:09.555481+00:00,148.2,11,bid,,,10766877
2026-07-07T11:09:09.615103,2026-07-07T11:09:09.622227+00:00,148.0,20,ask,,,10766880
2026-07-07T11:09:09.959636,2026-07-07T11:09:09.971392+00:00,148.2,12,bid,,,10766889
2026-07-07T11:09:10.896121,2026-07-07T11:09:10.904471+00:00,148.2,20,bid,,,10766905
2026-07-07T11:09:11.556312,2026-07-07T11:09:11.563838+00:00,148.2,20,bid,,,10766915
2026-07-07T11:09:14.976891,2026-07-07T11:09:14.984414+00:00,148.0,12,ask,,,10766956
2026-07-07T11:09:15.318859,2026-07-07T11:09:15.330913+00:00,148.0,20,ask,,,10766968
2026-07-07T11:09:16.777621,2026-07-07T11:09:16.788545+00:00,148.3,200,bid,,,10766988
2026-07-07T11:09:20.248270,2026-07-07T11:09:20.254767+00:00,148.3,20,bid,,,10767056
2026-07-07T11:09:21.969327,2026-07-07T11:09:21.980905+00:00,148.0,20,ask,,,10767083
2026-07-07T11:09:25.611410,2026-07-07T11:09:25.619156+00:00,148.2,20,bid,,,10767140
2026-07-07T11:09:32.075105,2026-07-07T11:09:32.082377+00:00,148.3,20,bid,,,10767219
2026-07-07T11:09:32.518195,2026-07-07T11:09:32.525192+00:00,148.3,12,bid,,,10767227
2026-07-07T11:09:32.738161,2026-07-07T11:09:32.748020+00:00,148.3,20,bid,,,10767232
2026-07-07T11:09:33.063953,2026-07-07T11:09:33.074183+00:00,148.3,12,bid,,,10767236
2026-07-07T11:09:33.191450,2026-07-07T11:09:33.195416+00:00,148.2,11,bid,,,10767243
2026-07-07T11:09:33.391077,2026-07-07T11:09:33.402068+00:00,148.2,25,bid,,,10767251
2026-07-07T11:09:33.602410,2026-07-07T11:09:33.609517+00:00,148.2,12,bid,,,10767255
2026-07-07T11:09:33.617785,2026-07-07T11:09:33.625344+00:00,148.2,25,bid,,,10767257
2026-07-07T11:09:33.840485,2026-07-07T11:09:33.847154+00:00,148.2,10,bid,,,10767259
2026-07-07T11:09:33.845086,2026-07-07T11:09:33.852360+00:00,148.1,2,ask,,,10767260
2026-07-07T11:09:35.809069,2026-07-07T11:09:35.817076+00:00,148.1,200,bid,,,10767289
2026-07-07T11:09:37.124959,2026-07-07T11:09:37.147471+00:00,148.2,200,bid,,,10767304
2026-07-07T11:09:37.142617,2026-07-07T11:09:37.147471+00:00,148.2,11,ask,,,10767306
2026-07-07T11:09:37.362736,2026-07-07T11:09:37.372939+00:00,148.2,200,ask,,,10767308
2026-07-07T11:09:37.917119,2026-07-07T11:09:37.928826+00:00,148.4,12,bid,,,10767314
2026-07-07T11:09:38.445157,2026-07-07T11:09:38.466741+00:00,148.0,200,ask,,,10767324
2026-07-07T11:09:38.462950,2026-07-07T11:09:38.466741+00:00,148.0,34,bid,,,10767326
2026-07-07T11:09:38.566906,2026-07-07T11:09:38.574474+00:00,148.0,200,bid,,,10767328
2026-07-07T11:09:38.620239,2026-07-07T11:09:38.627855+00:00,148.0,2,bid,,,10767330
2026-07-07T11:09:38.687693,2026-07-07T11:09:38.697583+00:00,148.0,12,bid,,,10767333
2026-07-07T11:09:39.767809,2026-07-07T11:09:39.772377+00:00,148.0,11,ask,,,10767349
2026-07-07T11:09:39.793433,2026-07-07T11:09:39.797420+00:00,148.1,1,ask,,,10767351
2026-07-07T11:09:39.996186,2026-07-07T11:09:40.005954+00:00,148.2,12,bid,,,10767353
2026-07-07T11:09:40.212600,2026-07-07T11:09:40.221911+00:00,148.2,20,bid,,,10767361
2026-07-07T11:09:40.501896,2026-07-07T11:09:40.509963+00:00,148.1,12,ask,,,10767370
2026-07-07T11:09:40.522441,2026-07-07T11:09:40.528598+00:00,148.1,20,ask,,,10767371
2026-07-07T11:09:40.926718,2026-07-07T11:09:40.931319+00:00,148.1,22,ask,,,10767377
2026-07-07T11:09:40.985871,2026-07-07T11:09:40.993045+00:00,148.2,200,bid,,,10767381
2026-07-07T11:09:42.194768,2026-07-07T11:09:42.205819+00:00,148.3,200,bid,,,10767391
2026-07-07T11:09:42.408637,2026-07-07T11:09:42.439324+00:00,148.4,125,ask,,,10767395
2026-07-07T11:09:43.377569,2026-07-07T11:09:43.389411+00:00,148.4,20,bid,,,10767420
2026-07-07T11:09:43.404764,2026-07-07T11:09:43.413769+00:00,148.4,200,bid,,,10767421
2026-07-07T11:09:44.319163,2026-07-07T11:09:44.328774+00:00,148.1,12,ask,,,10767441
2026-07-07T11:09:44.406228,2026-07-07T11:09:44.415906+00:00,148.1,20,ask,,,10767443
2026-07-07T11:09:44.619127,2026-07-07T11:09:44.626683+00:00,148.3,200,bid,,,10767444
2026-07-07T11:09:44.671742,2026-07-07T11:09:44.680259+00:00,148.1,20,ask,,,10767448
2026-07-07T11:09:44.834332,2026-07-07T11:09:44.849823+00:00,148.1,12,ask,,,10767449
2026-07-07T11:09:44.855676,2026-07-07T11:09:44.858579+00:00,148.1,20,ask,,,10767452
2026-07-07T11:09:48.462710,2026-07-07T11:09:48.474258+00:00,148.4,500,ask,,,10767506
2026-07-07T11:09:48.893486,2026-07-07T11:09:48.905276+00:00,148.4,12,ask,,,10767516
2026-07-07T11:09:48.953864,2026-07-07T11:09:48.964437+00:00,148.4,20,ask,,,10767517
2026-07-07T11:09:48.957943,2026-07-07T11:09:48.969439+00:00,148.4,180,ask,,,10767518
2026-07-07T11:09:49.173444,2026-07-07T11:09:49.183270+00:00,148.0,20,ask,,,10767522
2026-07-07T11:09:49.467076,2026-07-07T11:09:49.476058+00:00,148.3,200,bid,,,10767524
2026-07-07T11:09:50.678074,2026-07-07T11:09:50.689702+00:00,148.3,200,ask,,,10767552
2026-07-07T11:09:51.122736,2026-07-07T11:09:51.130499+00:00,148.3,20,ask,,,10767559
2026-07-07T11:09:51.178710,2026-07-07T11:09:51.190262+00:00,148.3,12,ask,,,10767561
2026-07-07T11:09:54.454341,2026-07-07T11:09:54.458606+00:00,148.4,12,bid,,,10767620
2026-07-07T11:09:58.172586,2026-07-07T11:09:58.179784+00:00,148.1,200,ask,,,10767671
2026-07-07T11:09:59.481717,2026-07-07T11:09:59.488644+00:00,148.1,200,bid,,,10767697
2026-07-07T11:09:59.500817,2026-07-07T11:09:59.505314+00:00,148.1,23,ask,,,10767699
2026-07-07T11:09:59.520211,2026-07-07T11:09:59.528060+00:00,148.1,25,ask,,,10767700
2026-07-07T11:09:59.530557,2026-07-07T11:09:59.538529+00:00,148.1,20,ask,,,10767702
2026-07-07T11:09:59.551782,2026-07-07T11:09:59.559334+00:00,148.1,12,ask,,,10767703
2026-07-07T11:09:59.747572,2026-07-07T11:09:59.758845+00:00,148.1,25,ask,,,10767708
2026-07-07T11:09:59.757631,2026-07-07T11:09:59.769375+00:00,148.3,14,bid,,,10767710
2026-07-07T11:10:00.005196,2026-07-07T11:10:00.012854+00:00,148.1,24,ask,,,10767714
2026-07-07T11:10:00.919927,2026-07-07T11:10:00.931921+00:00,148.1,20,bid,,,10767721
2026-07-07T11:10:01.584697,2026-07-07T11:10:01.594901+00:00,148.1,200,bid,,,10767737
2026-07-07T11:10:01.862169,2026-07-07T11:10:01.868965+00:00,147.8,12,ask,,,10767739
2026-07-07T11:10:02.803454,2026-07-07T11:10:02.814653+00:00,148.0,200,bid,,,10767753
2026-07-07T11:10:03.144246,2026-07-07T11:10:03.154516+00:00,147.7,12,ask,,,10767756
2026-07-07T11:10:03.660581,2026-07-07T11:10:03.669208+00:00,148.1,12,bid,,,10767766
2026-07-07T11:10:04.742297,2026-07-07T11:10:04.752630+00:00,148.0,200,ask,,,10767776
2026-07-07T11:10:05.433575,2026-07-07T11:10:05.440930+00:00,147.9,200,ask,,,10767783
2026-07-07T11:10:06.040171,2026-07-07T11:10:06.047484+00:00,147.8,500,ask,,,10767800
2026-07-07T11:10:06.441248,2026-07-07T11:10:06.452627+00:00,147.9,200,bid,,,10767810
2026-07-07T11:10:06.460686,2026-07-07T11:10:06.468771+00:00,147.7,20,ask,,,10767811
2026-07-07T11:10:06.710092,2026-07-07T11:10:06.719747+00:00,147.9,12,bid,,,10767817
2026-07-07T11:10:06.725060,2026-07-07T11:10:06.735170+00:00,147.9,20,bid,,,10767819
2026-07-07T11:10:07.258792,2026-07-07T11:10:07.262578+00:00,147.8,12,bid,,,10767829
2026-07-07T11:10:07.377328,2026-07-07T11:10:07.386006+00:00,147.8,488,bid,,,10767830
2026-07-07T11:10:07.590145,2026-07-07T11:10:07.597872+00:00,148.2,20,bid,,,10767834
2026-07-07T11:10:07.803719,2026-07-07T11:10:07.814737+00:00,148.1,20,bid,,,10767841
2026-07-07T11:10:07.837776,2026-07-07T11:10:07.846031+00:00,147.9,137,ask,,,10767842
2026-07-07T11:10:07.995484,2026-07-07T11:10:08.007281+00:00,147.9,12,bid,,,10767844
2026-07-07T11:10:08.452104,2026-07-07T11:10:08.462896+00:00,147.8,200,ask,,,10767849
2026-07-07T11:10:08.513848,2026-07-07T11:10:08.525289+00:00,147.8,11,bid,,,10767853
2026-07-07T11:10:09.022440,2026-07-07T11:10:09.031193+00:00,147.6,20,ask,,,10767861
2026-07-07T11:10:09.961556,2026-07-07T11:10:09.968416+00:00,147.8,20,bid,,,10767877
2026-07-07T11:10:10.087100,2026-07-07T11:10:10.096272+00:00,147.8,11,bid,,,10767878
2026-07-07T11:10:10.261359,2026-07-07T11:10:10.269824+00:00,147.7,200,ask,,,10767880
2026-07-07T11:10:13.369423,2026-07-07T11:10:13.376539+00:00,147.7,12,ask,,,10767936
2026-07-07T11:10:15.106956,2026-07-07T11:10:15.113737+00:00,147.9,200,ask,,,10767965
2026-07-07T11:10:15.271934,2026-07-07T11:10:15.283801+00:00,147.9,20,bid,,,10767972
2026-07-07T11:10:16.562230,2026-07-07T11:10:16.569013+00:00,147.9,200,bid,,,10767993
2026-07-07T11:10:16.562230,2026-07-07T11:10:16.574213+00:00,147.9,425,bid,,,10767994
2026-07-07T11:10:16.988351,2026-07-07T11:10:16.992921+00:00,147.8,11,bid,,,10768005
2026-07-07T11:10:17.873169,2026-07-07T11:10:17.882212+00:00,147.8,500,bid,,,10768022
2026-07-07T11:10:18.141965,2026-07-07T11:10:18.158581+00:00,147.9,125,ask,,,10768027
2026-07-07T11:10:18.391158,2026-07-07T11:10:18.399646+00:00,147.8,20,bid,,,10768031
2026-07-07T11:10:18.425495,2026-07-07T11:10:18.438652+00:00,147.8,12,bid,,,10768032
2026-07-07T11:10:18.683901,2026-07-07T11:10:18.690665+00:00,147.7,12,ask,,,10768036
2026-07-07T11:10:19.734898,2026-07-07T11:10:19.741447+00:00,147.8,200,bid,,,10768054
2026-07-07T11:10:23.115143,2026-07-07T11:10:23.126998+00:00,147.8,500,bid,,,10768108
2026-07-07T11:10:23.590735,2026-07-07T11:10:23.599030+00:00,147.8,125,ask,,,10768115
2026-07-07T11:10:23.590735,2026-07-07T11:10:23.599030+00:00,147.8,200,ask,,,10768116
2026-07-07T11:10:24.265344,2026-07-07T11:10:24.274292+00:00,147.8,5,bid,,,10768130
2026-07-07T11:10:24.585590,2026-07-07T11:10:24.596277+00:00,147.6,200,bid,,,10768138
2026-07-07T11:10:25.021924,2026-07-07T11:10:25.033930+00:00,147.3,12,ask,,,10768144
2026-07-07T11:10:25.226356,2026-07-07T11:10:25.231349+00:00,147.3,23,ask,,,10768147
2026-07-07T11:10:25.350514,2026-07-07T11:10:25.358587+00:00,147.3,25,ask,,,10768149
2026-07-07T11:10:25.576945,2026-07-07T11:10:25.585608+00:00,147.3,25,ask,,,10768161
2026-07-07T11:10:25.756652,2026-07-07T11:10:25.760566+00:00,147.4,11,ask,,,10768165
2026-07-07T11:10:25.800512,2026-07-07T11:10:25.816280+00:00,147.5,25,ask,,,10768166
2026-07-07T11:10:25.812453,2026-07-07T11:10:25.816280+00:00,147.5,6,ask,,,10768169
2026-07-07T11:10:26.030932,2026-07-07T11:10:26.047664+00:00,147.5,5,ask,,,10768170
2026-07-07T11:10:26.610997,2026-07-07T11:10:26.618862+00:00,147.5,164,ask,,,10768178
2026-07-07T11:10:27.004371,2026-07-07T11:10:27.012739+00:00,147.5,200,bid,,,10768193
2026-07-07T11:10:28.420413,2026-07-07T11:10:28.427042+00:00,147.3,200,ask,,,10768211
2026-07-07T11:10:28.420413,2026-07-07T11:10:28.432261+00:00,147.3,300,ask,,,10768212
2026-07-07T11:10:29.051196,2026-07-07T11:10:29.068680+00:00,147.3,12,ask,,,10768220
2026-07-07T11:10:29.649677,2026-07-07T11:10:29.658138+00:00,147.3,313,ask,,,10768235
2026-07-07T11:10:29.649677,2026-07-07T11:10:29.658138+00:00,147.3,187,ask,,,10768236
2026-07-07T11:10:29.676268,2026-07-07T11:10:29.683362+00:00,147.3,13,ask,,,10768237
2026-07-07T11:10:29.694337,2026-07-07T11:10:29.698363+00:00,147.1,12,bid,,,10768239
2026-07-07T11:10:29.704042,2026-07-07T11:10:29.707897+00:00,147.1,5,bid,,,10768241
2026-07-07T11:10:29.827272,2026-07-07T11:10:29.834523+00:00,146.8,12,ask,,,10768242
2026-07-07T11:10:30.633347,2026-07-07T11:10:30.643624+00:00,147.1,200,bid,,,10768247
2026-07-07T11:10:32.369978,2026-07-07T11:10:32.381695+00:00,147.3,20,bid,,,10768278
2026-07-07T11:10:35.478625,2026-07-07T11:10:35.487107+00:00,146.9,12,ask,,,10768340
2026-07-07T11:10:36.619569,2026-07-07T11:10:36.631381+00:00,147.0,20,ask,,,10768362
2026-07-07T11:10:36.736372,2026-07-07T11:10:36.748140+00:00,147.1,12,bid,,,10768363
2026-07-07T11:10:36.744233,2026-07-07T11:10:36.753208+00:00,147.1,20,bid,,,10768364
2026-07-07T11:10:37.879883,2026-07-07T11:10:37.884624+00:00,146.9,11,ask,,,10768376
2026-07-07T11:10:37.917230,2026-07-07T11:10:37.922306+00:00,147.0,6,ask,,,10768378
2026-07-07T11:10:38.002844,2026-07-07T11:10:38.011915+00:00,147.0,12,ask,,,10768383
2026-07-07T11:10:38.030180,2026-07-07T11:10:38.040814+00:00,147.0,20,ask,,,10768384
2026-07-07T11:10:38.258534,2026-07-07T11:10:38.270292+00:00,147.1,12,bid,,,10768393
2026-07-07T11:10:43.837371,2026-07-07T11:10:43.849370+00:00,147.1,12,bid,,,10768488
2026-07-07T11:10:44.165455,2026-07-07T11:10:44.174157+00:00,147.1,200,bid,,,10768497
2026-07-07T11:10:44.165455,2026-07-07T11:10:44.174157+00:00,147.1,300,bid,,,10768498
2026-07-07T11:10:44.757714,2026-07-07T11:10:44.769334+00:00,147.1,325,bid,,,10768502
2026-07-07T11:10:45.262262,2026-07-07T11:10:45.272491+00:00,147.2,20,bid,,,10768507
2026-07-07T11:10:46.108693,2026-07-07T11:10:46.113914+00:00,147.2,6,bid,,,10768519
2026-07-07T11:10:48.126436,2026-07-07T11:10:48.138010+00:00,147.4,12,bid,,,10768547
2026-07-07T11:10:49.277074,2026-07-07T11:10:49.280872+00:00,147.4,11,bid,,,10768567
2026-07-07T11:10:49.390207,2026-07-07T11:10:49.398126+00:00,147.3,12,ask,,,10768569
2026-07-07T11:10:49.878324,2026-07-07T11:10:49.889667+00:00,147.5,20,bid,,,10768578
2026-07-07T11:10:49.896565,2026-07-07T11:10:49.908454+00:00,147.5,12,bid,,,10768579
2026-07-07T11:10:50.093096,2026-07-07T11:10:50.101201+00:00,147.5,20,bid,,,10768584
2026-07-07T11:10:51.617424,2026-07-07T11:10:51.628869+00:00,147.6,20,bid,,,10768600
2026-07-07T11:10:52.170046,2026-07-07T11:10:52.181654+00:00,147.5,12,bid,,,10768607
2026-07-07T11:10:52.257217,2026-07-07T11:10:52.265077+00:00,147.5,20,bid,,,10768609
2026-07-07T11:10:54.386274,2026-07-07T11:10:54.395494+00:00,147.5,20,bid,,,10768648
2026-07-07T11:10:54.598891,2026-07-07T11:10:54.606803+00:00,147.3,200,ask,,,10768654
2026-07-07T11:10:54.613075,2026-07-07T11:10:54.617215+00:00,147.3,23,bid,,,10768657
2026-07-07T11:10:56.462062,2026-07-07T11:10:56.470503+00:00,147.3,12,bid,,,10768688
2026-07-07T11:10:56.542713,2026-07-07T11:10:56.551708+00:00,147.3,20,bid,,,10768691
2026-07-07T11:10:58.502702,2026-07-07T11:10:58.510227+00:00,147.3,12,bid,,,10768725
2026-07-07T11:11:00.650659,2026-07-07T11:11:00.663640+00:00,147.3,20,bid,,,10768751
2026-07-07T11:11:00.764064,2026-07-07T11:11:00.775420+00:00,147.3,12,bid,,,10768754
2026-07-07T11:11:02.151386,2026-07-07T11:11:02.147172+00:00,147.4,200,bid,,,10768784
2026-07-07T11:11:03.783307,2026-07-07T11:11:03.793345+00:00,147.3,200,ask,,,10768806
2026-07-07T11:11:03.799241,2026-07-07T11:11:03.803068+00:00,147.3,11,bid,,,10768808
2026-07-07T11:11:03.921548,2026-07-07T11:11:03.931529+00:00,147.3,25,bid,,,10768810
2026-07-07T11:11:04.168348,2026-07-07T11:11:04.180000+00:00,147.3,25,bid,,,10768817
2026-07-07T11:11:04.396354,2026-07-07T11:11:04.405316+00:00,147.3,25,bid,,,10768828
2026-07-07T11:11:04.570006,2026-07-07T11:11:04.578846+00:00,147.3,200,bid,,,10768829
2026-07-07T11:11:04.618531,2026-07-07T11:11:04.629936+00:00,147.3,5,bid,,,10768831
2026-07-07T11:11:05.782172,2026-07-07T11:11:05.789425+00:00,147.3,200,ask,,,10768843
2026-07-07T11:11:08.206390,2026-07-07T11:11:08.213575+00:00,147.2,200,ask,,,10768873
2026-07-07T11:11:08.411783,2026-07-07T11:11:08.423274+00:00,147.2,20,ask,,,10768877
2026-07-07T11:11:09.222615,2026-07-07T11:11:09.234409+00:00,147.3,20,ask,,,10768892
2026-07-07T11:11:09.325930,2026-07-07T11:11:09.337839+00:00,147.3,11,ask,,,10768893
2026-07-07T11:11:09.417530,2026-07-07T11:11:09.428203+00:00,147.3,200,ask,,,10768894
2026-07-07T11:11:11.343037,2026-07-07T11:11:11.354837+00:00,147.4,12,bid,,,10768921
2026-07-07T11:11:14.259853,2026-07-07T11:11:14.271034+00:00,147.2,200,ask,,,10768971
2026-07-07T11:11:15.471988,2026-07-07T11:11:15.480341+00:00,147.3,200,ask,,,10768990
2026-07-07T11:11:16.761673,2026-07-07T11:11:16.769708+00:00,147.5,20,bid,,,10769009
2026-07-07T11:11:16.922261,2026-07-07T11:11:16.926439+00:00,147.4,12,bid,,,10769015
2026-07-07T11:11:17.734827,2026-07-07T11:11:17.746417+00:00,147.3,20,ask,,,10769022
2026-07-07T11:11:19.003665,2026-07-07T11:11:19.009946+00:00,147.3,12,ask,,,10769043
2026-07-07T11:11:19.540006,2026-07-07T11:11:19.554218+00:00,147.3,200,ask,,,10769051
2026-07-07T11:11:21.632876,2026-07-07T11:11:21.639726+00:00,147.1,20,ask,,,10769076
2026-07-07T11:11:25.158589,2026-07-07T11:11:25.169011+00:00,147.2,200,bid,,,10769128
2026-07-07T11:11:30.076585,2026-07-07T11:11:30.084533+00:00,147.4,200,bid,,,10769214
2026-07-07T11:11:32.363836,2026-07-07T11:11:32.375634+00:00,147.4,20,ask,,,10769250
2026-07-07T11:11:32.436771,2026-07-07T11:11:32.447322+00:00,147.4,200,ask,,,10769251
2026-07-07T11:11:32.482147,2026-07-07T11:11:32.490199+00:00,147.4,12,ask,,,10769252
2026-07-07T11:11:33.497711,2026-07-07T11:11:33.506430+00:00,147.3,12,bid,,,10769274
2026-07-07T11:11:34.862168,2026-07-07T11:11:34.869010+00:00,147.3,200,bid,,,10769284
2026-07-07T11:11:36.073349,2026-07-07T11:11:36.084456+00:00,147.2,200,bid,,,10769310
2026-07-07T11:11:36.641479,2026-07-07T11:11:36.651573+00:00,147.2,500,bid,,,10769323
2026-07-07T11:11:36.865206,2026-07-07T11:11:36.874513+00:00,147.2,125,ask,,,10769334
2026-07-07T11:11:37.282674,2026-07-07T11:11:37.286493+00:00,147.1,200,bid,,,10769346
2026-07-07T11:11:38.010923,2026-07-07T11:11:38.015502+00:00,146.8,22,ask,,,10769360
2026-07-07T11:11:38.492854,2026-07-07T11:11:38.502125+00:00,147.0,200,bid,,,10769362
2026-07-07T11:11:38.906203,2026-07-07T11:11:38.916765+00:00,146.8,20,ask,,,10769366
2026-07-07T11:11:39.322507,2026-07-07T11:11:39.326218+00:00,146.9,12,ask,,,10769382
2026-07-07T11:11:39.333590,2026-07-07T11:11:39.341770+00:00,146.9,25,ask,,,10769383
2026-07-07T11:11:39.343304,2026-07-07T11:11:39.352232+00:00,147.0,9,bid,,,10769385
2026-07-07T11:11:39.703115,2026-07-07T11:11:39.711703+00:00,147.0,200,bid,,,10769390
2026-07-07T11:11:39.786614,2026-07-07T11:11:39.797414+00:00,147.0,20,bid,,,10769395
2026-07-07T11:11:40.861566,2026-07-07T11:11:40.868506+00:00,146.8,20,ask,,,10769411
2026-07-07T11:11:40.916291,2026-07-07T11:11:40.925284+00:00,147.1,200,bid,,,10769412
2026-07-07T11:11:41.137968,2026-07-07T11:11:41.141882+00:00,147.0,12,bid,,,10769418
2026-07-07T11:11:42.121188,2026-07-07T11:11:42.131484+00:00,146.7,12,ask,,,10769425
2026-07-07T11:11:42.126910,2026-07-07T11:11:42.136739+00:00,147.0,200,bid,,,10769426
2026-07-07T11:11:43.138504,2026-07-07T11:11:43.145350+00:00,146.7,12,ask,,,10769445
2026-07-07T11:11:43.335544,2026-07-07T11:11:43.342517+00:00,146.8,200,bid,,,10769454
2026-07-07T11:11:44.170942,2026-07-07T11:11:44.179357+00:00,146.6,12,ask,,,10769480
2026-07-07T11:11:44.558366,2026-07-07T11:11:44.569801+00:00,146.9,200,bid,,,10769487
2026-07-07T11:11:45.183033,2026-07-07T11:11:45.193913+00:00,146.6,20,ask,,,10769497
2026-07-07T11:11:45.768936,2026-07-07T11:11:45.777555+00:00,146.9,200,bid,,,10769506
2026-07-07T11:11:45.875439,2026-07-07T11:11:45.879817+00:00,146.9,23,ask,,,10769508
2026-07-07T11:11:45.982499,2026-07-07T11:11:45.990347+00:00,146.9,12,ask,,,10769510
2026-07-07T11:11:46.042579,2026-07-07T11:11:46.053633+00:00,146.9,25,ask,,,10769513
2026-07-07T11:11:46.265178,2026-07-07T11:11:46.276624+00:00,146.9,25,ask,,,10769521
2026-07-07T11:11:46.491292,2026-07-07T11:11:46.498809+00:00,146.9,25,ask,,,10769527
2026-07-07T11:11:46.502781,2026-07-07T11:11:46.509370+00:00,147.1,5,bid,,,10769529
2026-07-07T11:11:46.979710,2026-07-07T11:11:46.988743+00:00,147.0,200,bid,,,10769543
2026-07-07T11:11:47.277445,2026-07-07T11:11:47.284954+00:00,146.8,12,ask,,,10769554
2026-07-07T11:11:47.392185,2026-07-07T11:11:47.398490+00:00,146.8,20,ask,,,10769557
2026-07-07T11:11:47.465068,2026-07-07T11:11:47.469273+00:00,147.0,23,bid,,,10769562
2026-07-07T11:11:47.532175,2026-07-07T11:11:47.544049+00:00,147.0,12,bid,,,10769563
2026-07-07T11:11:47.808439,2026-07-07T11:11:47.812103+00:00,146.9,11,bid,,,10769575
2026-07-07T11:11:48.188478,2026-07-07T11:11:48.203072+00:00,146.9,200,bid,,,10769580
2026-07-07T11:11:49.334587,2026-07-07T11:11:49.341340+00:00,146.7,12,ask,,,10769593
2026-07-07T11:11:49.396925,2026-07-07T11:11:49.405891+00:00,146.9,200,bid,,,10769594
2026-07-07T11:11:50.613816,2026-07-07T11:11:50.624364+00:00,146.9,200,bid,,,10769613
2026-07-07T11:11:51.125297,2026-07-07T11:11:51.129527+00:00,146.8,11,ask,,,10769634
2026-07-07T11:11:51.488150,2026-07-07T11:11:51.496083+00:00,146.8,20,ask,,,10769642
2026-07-07T11:11:51.608085,2026-07-07T11:11:51.619856+00:00,146.8,12,ask,,,10769643
2026-07-07T11:11:52.438910,2026-07-07T11:11:52.443154+00:00,146.9,12,ask,,,10769652
2026-07-07T11:11:52.569054,2026-07-07T11:11:52.576275+00:00,146.9,14,ask,,,10769657
2026-07-07T11:11:53.670846,2026-07-07T11:11:53.679756+00:00,146.9,12,ask,,,10769677
2026-07-07T11:11:53.736243,2026-07-07T11:11:53.744837+00:00,147.0,500,bid,,,10769678
2026-07-07T11:11:53.736243,2026-07-07T11:11:53.744837+00:00,147.1,125,bid,,,10769679
2026-07-07T11:11:54.943160,2026-07-07T11:11:54.958558+00:00,147.0,12,ask,,,10769695
2026-07-07T11:11:55.912309,2026-07-07T11:11:55.924050+00:00,146.9,20,ask,,,10769699
2026-07-07T11:11:56.668351,2026-07-07T11:11:56.679635+00:00,147.1,200,bid,,,10769713
2026-07-07T11:11:57.715995,2026-07-07T11:11:57.727452+00:00,146.8,12,ask,,,10769731
2026-07-07T11:11:57.892426,2026-07-07T11:11:57.896953+00:00,146.9,11,ask,,,10769735
2026-07-07T11:11:59.013044,2026-07-07T11:11:59.022056+00:00,147.0,500,bid,,,10769754
2026-07-07T11:11:59.028202,2026-07-07T11:11:59.032686+00:00,147.0,6,ask,,,10769756
2026-07-07T11:11:59.272254,2026-07-07T11:11:59.281386+00:00,147.0,119,ask,,,10769759
2026-07-07T11:11:59.986993,2026-07-07T11:11:59.994619+00:00,146.9,12,ask,,,10769771
2026-07-07T11:12:02.930065,2026-07-07T11:12:02.937138+00:00,146.8,500,ask,,,10769822
2026-07-07T11:12:03.937153,2026-07-07T11:12:03.944669+00:00,146.8,200,bid,,,10769832
2026-07-07T11:12:04.533883,2026-07-07T11:12:04.545731+00:00,146.8,12,bid,,,10769852
2026-07-07T11:12:07.565338,2026-07-07T11:12:07.576856+00:00,146.7,200,ask,,,10769907
2026-07-07T11:12:08.326579,2026-07-07T11:12:08.336314+00:00,146.6,12,ask,,,10769920
2026-07-07T11:12:12.619692,2026-07-07T11:12:12.629965+00:00,146.8,10,ask,,,10769990
2026-07-07T11:12:16.033983,2026-07-07T11:12:16.040575+00:00,146.8,200,bid,,,10770046
2026-07-07T11:12:18.451885,2026-07-07T11:12:18.463762+00:00,146.6,200,ask,,,10770088
2026-07-07T11:12:19.660326,2026-07-07T11:12:19.668938+00:00,146.6,200,ask,,,10770106
2026-07-07T11:12:21.345023,2026-07-07T11:12:21.355166+00:00,146.7,200,bid,,,10770133
2026-07-07T11:12:23.284969,2026-07-07T11:12:23.295218+00:00,146.7,200,ask,,,10770154
2026-07-07T11:12:27.218790,2026-07-07T11:12:27.229227+00:00,146.8,12,bid,,,10770205
2026-07-07T11:12:28.735425,2026-07-07T11:12:28.747263+00:00,146.7,12,ask,,,10770233
2026-07-07T11:12:31.533433,2026-07-07T11:12:31.542301+00:00,146.8,12,bid,,,10770282
2026-07-07T11:12:31.867310,2026-07-07T11:12:31.877116+00:00,146.7,200,bid,,,10770287
2026-07-07T11:12:33.551718,2026-07-07T11:12:33.558548+00:00,146.8,20,bid,,,10770323
2026-07-07T11:12:38.720994,2026-07-07T11:12:38.732820+00:00,146.4,20,ask,,,10770401
2026-07-07T11:12:39.027184,2026-07-07T11:12:39.037573+00:00,146.5,200,bid,,,10770405
2026-07-07T11:12:39.858454,2026-07-07T11:12:39.870051+00:00,146.6,12,bid,,,10770425
2026-07-07T11:12:40.238092,2026-07-07T11:12:40.258588+00:00,146.4,200,ask,,,10770428
2026-07-07T11:12:42.418836,2026-07-07T11:12:42.423422+00:00,146.5,6,bid,,,10770461
2026-07-07T11:12:43.867402,2026-07-07T11:12:43.874246+00:00,146.5,200,bid,,,10770479
2026-07-07T11:12:44.566844,2026-07-07T11:12:44.575364+00:00,146.5,20,bid,,,10770495
2026-07-07T11:12:45.210870,2026-07-07T11:12:45.217599+00:00,146.5,20,ask,,,10770500
2026-07-07T11:12:47.598451,2026-07-07T11:12:47.602690+00:00,146.7,11,bid,,,10770542
2026-07-07T11:12:47.654970,2026-07-07T11:12:47.678001+00:00,146.6,200,ask,,,10770544
2026-07-07T11:12:47.673744,2026-07-07T11:12:47.678001+00:00,146.6,12,bid,,,10770547
2026-07-07T11:12:53.120438,2026-07-07T11:12:53.129046+00:00,146.6,20,bid,,,10770616
2026-07-07T11:12:54.693667,2026-07-07T11:12:54.705165+00:00,146.6,20,bid,,,10770650
2026-07-07T11:12:56.856764,2026-07-07T11:12:56.864136+00:00,146.6,20,bid,,,10770694
2026-07-07T11:13:01.167524,2026-07-07T11:13:01.175040+00:00,146.7,20,bid,,,10770755
2026-07-07T11:13:03.778271,2026-07-07T11:13:03.785118+00:00,146.6,12,bid,,,10770793
2026-07-07T11:13:04.453038,2026-07-07T11:13:04.464416+00:00,146.6,200,bid,,,10770808
2026-07-07T11:13:04.671987,2026-07-07T11:13:04.679269+00:00,146.5,500,ask,,,10770810
2026-07-07T11:13:05.665722,2026-07-07T11:13:05.674454+00:00,146.5,200,bid,,,10770821
2026-07-07T11:13:06.350503,2026-07-07T11:13:06.358391+00:00,146.2,20,ask,,,10770830
2026-07-07T11:13:06.877886,2026-07-07T11:13:06.894344+00:00,146.5,200,bid,,,10770841
2026-07-07T11:13:07.333565,2026-07-07T11:13:07.342056+00:00,146.4,500,bid,,,10770853
2026-07-07T11:13:07.382820,2026-07-07T11:13:07.386777+00:00,146.4,12,ask,,,10770858
2026-07-07T11:13:07.439002,2026-07-07T11:13:07.446416+00:00,146.7,20,bid,,,10770862
2026-07-07T11:13:07.617337,2026-07-07T11:13:07.626816+00:00,146.7,12,bid,,,10770868
2026-07-07T11:13:07.707380,2026-07-07T11:13:07.714381+00:00,146.4,113,ask,,,10770871
2026-07-07T11:13:08.087657,2026-07-07T11:13:08.097393+00:00,146.3,200,bid,,,10770879
2026-07-07T11:13:08.149323,2026-07-07T11:13:08.144597+00:00,146.3,12,bid,,,10770883
2026-07-07T11:13:08.678649,2026-07-07T11:13:08.682933+00:00,146.2,12,bid,,,10770896
2026-07-07T11:13:08.767983,2026-07-07T11:13:08.778018+00:00,145.9,20,ask,,,10770899
2026-07-07T11:13:09.303538,2026-07-07T11:13:09.315238+00:00,146.2,200,bid,,,10770909
2026-07-07T11:13:09.611568,2026-07-07T11:13:09.618959+00:00,146.2,20,bid,,,10770917
2026-07-07T11:13:10.169828,2026-07-07T11:13:10.180641+00:00,146.0,12,bid,,,10770928
2026-07-07T11:13:10.490001,2026-07-07T11:13:10.499772+00:00,146.0,20,bid,,,10770930
2026-07-07T11:13:10.515959,2026-07-07T11:13:10.524935+00:00,146.0,200,bid,,,10770931
2026-07-07T11:13:11.695931,2026-07-07T11:13:11.703650+00:00,146.2,12,bid,,,10770950
2026-07-07T11:13:11.728171,2026-07-07T11:13:11.736165+00:00,146.2,200,bid,,,10770951
2026-07-07T11:13:12.975124,2026-07-07T11:13:12.983228+00:00,146.4,12,bid,,,10770977
2026-07-07T11:13:13.733644,2026-07-07T11:13:13.741726+00:00,146.4,12,bid,,,10770989
2026-07-07T11:13:13.777514,2026-07-07T11:13:13.784813+00:00,146.3,200,ask,,,10770990
2026-07-07T11:13:13.810354,2026-07-07T11:13:13.814549+00:00,146.3,11,bid,,,10770995
2026-07-07T11:13:13.925661,2026-07-07T11:13:13.933620+00:00,146.3,25,bid,,,10770998
2026-07-07T11:13:14.126733,2026-07-07T11:13:14.138548+00:00,146.3,20,bid,,,10771004
2026-07-07T11:13:14.148026,2026-07-07T11:13:14.168986+00:00,146.3,25,bid,,,10771006
2026-07-07T11:13:14.395921,2026-07-07T11:13:14.405864+00:00,146.3,25,bid,,,10771012
2026-07-07T11:13:14.618873,2026-07-07T11:13:14.628090+00:00,146.3,25,bid,,,10771019
2026-07-07T11:13:15.219253,2026-07-07T11:13:15.227476+00:00,146.3,150,bid,,,10771028
2026-07-07T11:13:15.219253,2026-07-07T11:13:15.227476+00:00,146.3,475,bid,,,10771029
2026-07-07T11:13:16.014612,2026-07-07T11:13:16.022774+00:00,146.4,12,bid,,,10771047
2026-07-07T11:13:17.283360,2026-07-07T11:13:17.295314+00:00,146.2,10,bid,,,10771070
2026-07-07T11:13:18.986816,2026-07-07T11:13:18.998507+00:00,146.2,200,bid,,,10771089
2026-07-07T11:13:19.225350,2026-07-07T11:13:19.233722+00:00,146.1,500,ask,,,10771094
2026-07-07T11:13:19.829886,2026-07-07T11:13:19.841671+00:00,146.1,125,ask,,,10771105
2026-07-07T11:13:20.432413,2026-07-07T11:13:20.438728+00:00,146.0,200,ask,,,10771112
2026-07-07T11:13:20.459898,2026-07-07T11:13:20.470402+00:00,146.0,300,bid,,,10771116
2026-07-07T11:13:21.024226,2026-07-07T11:13:21.032429+00:00,146.0,325,ask,,,10771123
2026-07-07T11:13:21.176798,2026-07-07T11:13:21.184442+00:00,146.0,4,bid,,,10771126
2026-07-07T11:13:21.390496,2026-07-07T11:13:21.399363+00:00,146.0,4,bid,,,10771132
2026-07-07T11:13:21.405414,2026-07-07T11:13:21.414749+00:00,146.0,167,bid,,,10771133
2026-07-07T11:13:21.596183,2026-07-07T11:13:21.605445+00:00,146.0,8,ask,,,10771137
2026-07-07T11:13:21.778570,2026-07-07T11:13:21.787619+00:00,146.0,25,ask,,,10771146
2026-07-07T11:13:21.793895,2026-07-07T11:13:21.797975+00:00,145.9,11,bid,,,10771148
2026-07-07T11:13:22.481549,2026-07-07T11:13:22.486194+00:00,145.7,11,ask,,,10771153
2026-07-07T11:13:22.620370,2026-07-07T11:13:22.629511+00:00,145.9,200,bid,,,10771154
2026-07-07T11:13:23.107416,2026-07-07T11:13:23.111489+00:00,145.8,11,ask,,,10771168
2026-07-07T11:13:23.849498,2026-07-07T11:13:23.854454+00:00,145.9,12,ask,,,10771173
2026-07-07T11:13:24.363404,2026-07-07T11:13:24.374375+00:00,145.9,12,ask,,,10771187
2026-07-07T11:13:24.405058,2026-07-07T11:13:24.412450+00:00,145.9,176,ask,,,10771190
2026-07-07T11:13:24.484259,2026-07-07T11:13:24.495775+00:00,145.7,20,ask,,,10771191
2026-07-07T11:13:28.662305,2026-07-07T11:13:28.678902+00:00,146.0,12,bid,,,10771258
2026-07-07T11:13:28.674628,2026-07-07T11:13:28.684223+00:00,145.9,200,ask,,,10771259
2026-07-07T11:13:28.749903,2026-07-07T11:13:28.754260+00:00,146.0,12,bid,,,10771265
2026-07-07T11:13:32.280806,2026-07-07T11:13:32.288444+00:00,146.1,200,bid,,,10771320
2026-07-07T11:13:32.885284,2026-07-07T11:13:32.894773+00:00,146.1,20,ask,,,10771335
2026-07-07T11:13:32.935515,2026-07-07T11:13:32.945117+00:00,146.1,12,ask,,,10771337
2026-07-07T11:13:34.907140,2026-07-07T11:13:34.916106+00:00,146.2,200,ask,,,10771371
2026-07-07T11:13:35.037074,2026-07-07T11:13:35.048743+00:00,146.0,20,ask,,,10771373
2026-07-07T11:13:35.931390,2026-07-07T11:13:35.939932+00:00,146.2,200,bid,,,10771391
2026-07-07T11:13:36.217250,2026-07-07T11:13:36.225340+00:00,146.2,500,bid,,,10771395
2026-07-07T11:13:36.231553,2026-07-07T11:13:36.235622+00:00,146.5,12,ask,,,10771397
2026-07-07T11:13:36.778363,2026-07-07T11:13:36.787882+00:00,146.5,113,ask,,,10771403
2026-07-07T11:13:36.812262,2026-07-07T11:13:36.816348+00:00,146.3,12,bid,,,10771406
2026-07-07T11:13:36.989892,2026-07-07T11:13:36.996537+00:00,145.5,12,ask,,,10771411
2026-07-07T11:13:37.017095,2026-07-07T11:13:37.026693+00:00,145.5,20,ask,,,10771412
2026-07-07T11:13:38.836788,2026-07-07T11:13:38.845525+00:00,146.2,200,ask,,,10771445
2026-07-07T11:13:38.897985,2026-07-07T11:13:38.909423+00:00,146.2,20,bid,,,10771449
2026-07-07T11:13:39.156934,2026-07-07T11:13:39.168990+00:00,146.0,20,ask,,,10771458
2026-07-07T11:13:39.279163,2026-07-07T11:13:39.287277+00:00,146.0,12,ask,,,10771463
2026-07-07T11:13:39.559568,2026-07-07T11:13:39.569083+00:00,146.2,200,bid,,,10771467
2026-07-07T11:13:40.767873,2026-07-07T11:13:40.777427+00:00,146.3,200,bid,,,10771487
2026-07-07T11:13:41.445113,2026-07-07T11:13:41.458794+00:00,146.1,20,ask,,,10771491
2026-07-07T11:13:41.470397,2026-07-07T11:13:41.474891+00:00,146.3,23,ask,,,10771493
2026-07-07T11:13:41.519996,2026-07-07T11:13:41.530536+00:00,146.3,25,ask,,,10771494
2026-07-07T11:13:41.550980,2026-07-07T11:13:41.561708+00:00,146.3,12,ask,,,10771497
2026-07-07T11:13:41.603742,2026-07-07T11:13:41.615186+00:00,146.3,500,ask,,,10771498
2026-07-07T11:13:41.742558,2026-07-07T11:13:41.749655+00:00,146.3,25,ask,,,10771501
2026-07-07T11:13:41.964598,2026-07-07T11:13:41.975785+00:00,146.3,25,ask,,,10771503
2026-07-07T11:13:41.975757,2026-07-07T11:13:41.986286+00:00,146.5,12,bid,,,10771505
2026-07-07T11:13:41.981754,2026-07-07T11:13:41.991517+00:00,146.3,15,ask,,,10771506
2026-07-07T11:13:42.315667,2026-07-07T11:13:42.326151+00:00,146.3,12,bid,,,10771510
2026-07-07T11:13:42.440487,2026-07-07T11:13:42.450630+00:00,146.3,20,bid,,,10771511
2026-07-07T11:13:42.770483,2026-07-07T11:13:42.777306+00:00,146.1,200,ask,,,10771522
2026-07-07T11:13:44.565378,2026-07-07T11:13:44.569480+00:00,146.1,23,bid,,,10771545
2026-07-07T11:13:44.591184,2026-07-07T11:13:44.599014+00:00,146.0,12,ask,,,10771546
2026-07-07T11:13:45.034940,2026-07-07T11:13:45.041898+00:00,146.1,20,bid,,,10771563
2026-07-07T11:13:45.097281,2026-07-07T11:13:45.109081+00:00,146.1,12,bid,,,10771565
2026-07-07T11:13:46.708154,2026-07-07T11:13:46.718867+00:00,146.2,500,bid,,,10771584
2026-07-07T11:13:47.051297,2026-07-07T11:13:47.057288+00:00,146.2,125,ask,,,10771590
2026-07-07T11:13:47.051297,2026-07-07T11:13:47.057288+00:00,146.1,200,ask,,,10771591
2026-07-07T11:13:47.392752,2026-07-07T11:13:47.401020+00:00,146.1,12,bid,,,10771604
2026-07-07T11:13:47.683783,2026-07-07T11:13:47.688491+00:00,146.0,11,bid,,,10771607
2026-07-07T11:13:48.030478,2026-07-07T11:13:48.035009+00:00,145.9,11,ask,,,10771616
2026-07-07T11:13:48.047464,2026-07-07T11:13:48.051392+00:00,145.9,12,ask,,,10771618
2026-07-07T11:13:48.167464,2026-07-07T11:13:48.175374+00:00,146.0,12,bid,,,10771620
2026-07-07T11:13:49.334643,2026-07-07T11:13:49.344893+00:00,145.9,200,ask,,,10771640
2026-07-07T11:13:49.915378,2026-07-07T11:13:49.924429+00:00,145.9,20,bid,,,10771656
2026-07-07T11:13:50.965168,2026-07-07T11:13:50.970254+00:00,145.9,30,bid,,,10771671
2026-07-07T11:13:51.076779,2026-07-07T11:13:51.084613+00:00,145.9,20,bid,,,10771673
2026-07-07T11:13:52.177384,2026-07-07T11:13:52.186635+00:00,145.9,20,bid,,,10771704
2026-07-07T11:13:53.268194,2026-07-07T11:13:53.277582+00:00,145.7,200,ask,,,10771721
2026-07-07T11:13:53.855983,2026-07-07T11:13:53.857441+00:00,145.7,20,bid,,,10771731
2026-07-07T11:13:56.096144,2026-07-07T11:13:56.107605+00:00,145.8,12,bid,,,10771761
2026-07-07T11:13:56.352041,2026-07-07T11:13:56.363879+00:00,145.6,12,ask,,,10771772
2026-07-07T11:13:57.721025,2026-07-07T11:13:57.732611+00:00,145.7,200,bid,,,10771790
2026-07-07T11:13:58.932561,2026-07-07T11:13:58.941450+00:00,145.7,200,bid,,,10771808
2026-07-07T11:14:00.142830,2026-07-07T11:14:00.154389+00:00,145.8,200,bid,,,10771823
2026-07-07T11:14:01.151292,2026-07-07T11:14:01.155881+00:00,145.5,4,bid,,,10771839
2026-07-07T11:14:01.182204,2026-07-07T11:14:01.192244+00:00,145.5,25,bid,,,10771843
2026-07-07T11:14:01.354585,2026-07-07T11:14:01.358561+00:00,145.5,200,bid,,,10771847
2026-07-07T11:14:01.387212,2026-07-07T11:14:01.396962+00:00,145.5,15,bid,,,10771852
2026-07-07T11:14:01.404735,2026-07-07T11:14:01.412624+00:00,145.5,25,bid,,,10771854
2026-07-07T11:14:01.641434,2026-07-07T11:14:01.652881+00:00,145.5,25,bid,,,10771860
2026-07-07T11:14:03.633194,2026-07-07T11:14:03.637593+00:00,145.5,11,ask,,,10771907
2026-07-07T11:14:03.781021,2026-07-07T11:14:03.790711+00:00,145.6,200,bid,,,10771910
2026-07-07T11:14:04.991247,2026-07-07T11:14:05.000300+00:00,145.6,200,bid,,,10771920
2026-07-07T11:14:08.639081,2026-07-07T11:14:08.649020+00:00,145.6,200,ask,,,10771971
2026-07-07T11:14:09.864568,2026-07-07T11:14:09.868449+00:00,145.6,23,bid,,,10771987
2026-07-07T11:14:11.077169,2026-07-07T11:14:11.081404+00:00,145.5,11,bid,,,10772009
2026-07-07T11:14:11.161077,2026-07-07T11:14:11.170030+00:00,145.5,4,bid,,,10772012
2026-07-07T11:14:11.370677,2026-07-07T11:14:11.377702+00:00,145.5,4,bid,,,10772017
2026-07-07T11:14:11.579663,2026-07-07T11:14:11.589749+00:00,145.5,4,bid,,,10772022
2026-07-07T11:14:11.620264,2026-07-07T11:14:11.626890+00:00,145.5,177,bid,,,10772023
2026-07-07T11:14:14.390053,2026-07-07T11:14:14.401521+00:00,145.5,4,ask,,,10772061
2026-07-07T11:14:14.599797,2026-07-07T11:14:14.611810+00:00,145.5,4,ask,,,10772064
2026-07-07T11:14:14.696679,2026-07-07T11:14:14.703851+00:00,145.5,200,ask,,,10772067
2026-07-07T11:14:14.813473,2026-07-07T11:14:14.825411+00:00,145.5,4,ask,,,10772070
2026-07-07T11:14:16.231787,2026-07-07T11:14:16.242458+00:00,145.6,4,bid,,,10772099
2026-07-07T11:14:16.445718,2026-07-07T11:14:16.458580+00:00,145.6,4,bid,,,10772102
2026-07-07T11:14:16.657034,2026-07-07T11:14:16.658574+00:00,145.6,4,bid,,,10772106
2026-07-07T11:14:16.868105,2026-07-07T11:14:16.879701+00:00,145.6,4,bid,,,10772114
2026-07-07T11:14:17.009738,2026-07-07T11:14:17.019238+00:00,145.4,20,ask,,,10772115
2026-07-07T11:14:17.080536,2026-07-07T11:14:17.090278+00:00,145.6,4,bid,,,10772118
2026-07-07T11:14:17.133191,2026-07-07T11:14:17.138061+00:00,145.5,12,bid,,,10772120
2026-07-07T11:14:17.292795,2026-07-07T11:14:17.303295+00:00,145.5,4,bid,,,10772125
2026-07-07T11:14:17.503732,2026-07-07T11:14:17.512937+00:00,145.5,4,bid,,,10772131
2026-07-07T11:14:17.714129,2026-07-07T11:14:17.725549+00:00,145.5,4,bid,,,10772136
2026-07-07T11:14:17.924528,2026-07-07T11:14:17.935856+00:00,145.5,4,bid,,,10772143
2026-07-07T11:14:18.140002,2026-07-07T11:14:18.158579+00:00,145.5,4,bid,,,10772147
2026-07-07T11:14:18.323594,2026-07-07T11:14:18.331839+00:00,145.4,200,ask,,,10772152
2026-07-07T11:14:18.754407,2026-07-07T11:14:18.758583+00:00,145.5,4,bid,,,10772156
2026-07-07T11:14:18.965447,2026-07-07T11:14:18.976348+00:00,145.5,4,bid,,,10772158
2026-07-07T11:14:19.178983,2026-07-07T11:14:19.187771+00:00,145.5,4,bid,,,10772160
2026-07-07T11:14:19.547642,2026-07-07T11:14:19.558537+00:00,145.3,20,ask,,,10772168
2026-07-07T11:14:19.588881,2026-07-07T11:14:19.599811+00:00,145.4,4,bid,,,10772170
2026-07-07T11:14:19.811610,2026-07-07T11:14:19.823315+00:00,145.4,4,bid,,,10772175
2026-07-07T11:14:20.022003,2026-07-07T11:14:20.029043+00:00,145.4,4,bid,,,10772180
2026-07-07T11:14:20.233037,2026-07-07T11:14:20.243959+00:00,145.4,4,bid,,,10772184
2026-07-07T11:14:20.443789,2026-07-07T11:14:20.453907+00:00,145.4,4,bid,,,10772188
2026-07-07T11:14:20.655301,2026-07-07T11:14:20.658570+00:00,145.4,4,bid,,,10772193
2026-07-07T11:14:20.865454,2026-07-07T11:14:20.872450+00:00,145.4,4,bid,,,10772198
2026-07-07T11:14:21.075398,2026-07-07T11:14:21.084395+00:00,145.4,4,bid,,,10772204
2026-07-07T11:14:21.285833,2026-07-07T11:14:21.297135+00:00,145.4,4,bid,,,10772209
2026-07-07T11:14:22.135399,2026-07-07T11:14:22.144201+00:00,145.4,200,bid,,,10772223
2026-07-07T11:14:26.873875,2026-07-07T11:14:26.885471+00:00,145.5,20,bid,,,10772306
2026-07-07T11:14:27.059573,2026-07-07T11:14:27.069107+00:00,145.4,500,ask,,,10772311
2026-07-07T11:14:28.701381,2026-07-07T11:14:28.710057+00:00,145.3,200,ask,,,10772335
2026-07-07T11:14:28.716504,2026-07-07T11:14:28.720616+00:00,145.2,11,bid,,,10772337
2026-07-07T11:14:28.912539,2026-07-07T11:14:28.921189+00:00,145.2,4,bid,,,10772344
2026-07-07T11:14:29.117455,2026-07-07T11:14:29.129237+00:00,145.0,4,ask,,,10772346
2026-07-07T11:14:29.328701,2026-07-07T11:14:29.337186+00:00,145.1,8,ask,,,10772353
2026-07-07T11:14:29.538156,2026-07-07T11:14:29.549704+00:00,145.1,8,ask,,,10772359
2026-07-07T11:14:29.748103,2026-07-07T11:14:29.758546+00:00,145.1,8,ask,,,10772362
2026-07-07T11:14:29.960069,2026-07-07T11:14:29.971666+00:00,145.1,8,ask,,,10772367
2026-07-07T11:14:30.170468,2026-07-07T11:14:30.182124+00:00,145.1,8,ask,,,10772373
2026-07-07T11:14:30.383028,2026-07-07T11:14:30.399811+00:00,145.1,8,ask,,,10772379
2026-07-07T11:14:30.602468,2026-07-07T11:14:30.614579+00:00,145.1,2,ask,,,10772386
2026-07-07T11:14:31.017566,2026-07-07T11:14:31.025612+00:00,145.1,8,ask,,,10772391
2026-07-07T11:14:31.228530,2026-07-07T11:14:31.235857+00:00,145.1,8,ask,,,10772394
2026-07-07T11:14:31.439104,2026-07-07T11:14:31.445763+00:00,145.1,8,ask,,,10772399
2026-07-07T11:14:31.651478,2026-07-07T11:14:31.668990+00:00,145.1,8,ask,,,10772408
2026-07-07T11:14:31.861833,2026-07-07T11:14:31.872286+00:00,145.1,6,ask,,,10772418
2026-07-07T11:14:32.288165,2026-07-07T11:14:32.299899+00:00,145.3,4,bid,,,10772426
2026-07-07T11:14:32.533397,2026-07-07T11:14:32.542500+00:00,145.3,4,bid,,,10772431
2026-07-07T11:14:32.746851,2026-07-07T11:14:32.758592+00:00,145.3,4,bid,,,10772436
2026-07-07T11:14:32.958245,2026-07-07T11:14:32.969463+00:00,145.3,4,bid,,,10772438
2026-07-07T11:14:33.169977,2026-07-07T11:14:33.179110+00:00,145.3,4,bid,,,10772446
2026-07-07T11:14:33.379589,2026-07-07T11:14:33.390193+00:00,145.3,4,bid,,,10772455
2026-07-07T11:14:33.589143,2026-07-07T11:14:33.595610+00:00,145.3,4,bid,,,10772462
2026-07-07T11:14:33.798382,2026-07-07T11:14:33.807959+00:00,145.3,4,bid,,,10772467
2026-07-07T11:14:33.981905,2026-07-07T11:14:33.992422+00:00,145.3,496,bid,,,10772472
2026-07-07T11:14:33.981905,2026-07-07T11:14:33.992422+00:00,145.4,129,bid,,,10772473
2026-07-07T11:14:34.010580,2026-07-07T11:14:34.018410+00:00,145.4,4,bid,,,10772478
2026-07-07T11:14:35.290694,2026-07-07T11:14:35.294564+00:00,145.1,11,ask,,,10772495
2026-07-07T11:14:35.418946,2026-07-07T11:14:35.429928+00:00,145.1,12,ask,,,10772498
2026-07-07T11:14:35.628778,2026-07-07T11:14:35.640667+00:00,145.1,12,ask,,,10772504
2026-07-07T11:14:35.841280,2026-07-07T11:14:35.858576+00:00,145.1,12,ask,,,10772508
2026-07-07T11:14:36.175153,2026-07-07T11:14:36.186814+00:00,145.1,20,ask,,,10772517
2026-07-07T11:14:36.503282,2026-07-07T11:14:36.507420+00:00,145.2,3,ask,,,10772522
2026-07-07T11:14:36.610564,2026-07-07T11:14:36.619288+00:00,145.2,197,ask,,,10772523
2026-07-07T11:14:37.485986,2026-07-07T11:14:37.493367+00:00,145.2,20,bid,,,10772535
2026-07-07T11:14:39.235572,2026-07-07T11:14:39.242316+00:00,145.0,200,ask,,,10772560
2026-07-07T11:14:39.256685,2026-07-07T11:14:39.260986+00:00,144.9,3,bid,,,10772562
2026-07-07T11:14:42.216430,2026-07-07T11:14:42.220280+00:00,144.9,12,ask,,,10772623
2026-07-07T11:14:42.540584,2026-07-07T11:14:42.547159+00:00,144.9,200,ask,,,10772626
2026-07-07T11:14:43.171912,2026-07-07T11:14:43.179794+00:00,144.9,500,ask,,,10772633
2026-07-07T11:14:43.415672,2026-07-07T11:14:43.426530+00:00,144.9,125,bid,,,10772642
2026-07-07T11:14:44.480771,2026-07-07T11:14:44.491075+00:00,145.0,200,bid,,,10772664
