timestamp,recv_time,price,volume,aggressor_side,buyer,seller,trade_id
2026-07-03T17:00:00.910068,2026-07-03T17:00:00.918187+00:00,115.6,200,ask,,,5985002
2026-07-03T17:00:01.874668,2026-07-03T17:00:01.905736+00:00,115.7,48,ask,,,5985021
2026-07-03T17:00:02.120148,2026-07-03T17:00:02.158651+00:00,115.7,200,ask,,,5985025
2026-07-03T17:00:03.331101,2026-07-03T17:00:03.363653+00:00,115.6,200,bid,,,5985035
2026-07-03T17:00:04.830321,2026-07-03T17:00:04.840801+00:00,115.5,49,ask,,,5985058
2026-07-03T17:00:04.901823,2026-07-03T17:00:04.918897+00:00,115.5,20,ask,,,5985060
2026-07-03T17:00:05.045688,2026-07-03T17:00:05.040490+00:00,115.5,50,ask,,,5985062
2026-07-03T17:00:16.667187,2026-07-03T17:00:16.675322+00:00,115.5,200,ask,,,5985222
2026-07-03T17:00:18.306112,2026-07-03T17:00:18.325988+00:00,115.3,200,ask,,,5985243
2026-07-03T17:00:18.567976,2026-07-03T17:00:18.589856+00:00,115.1,20,ask,,,5985253
2026-07-03T17:00:18.586312,2026-07-03T17:00:18.616020+00:00,115.3,43,bid,,,5985255
2026-07-03T17:00:20.925700,2026-07-03T17:00:20.931820+00:00,115.3,200,ask,,,5985284
2026-07-03T17:00:21.492011,2026-07-03T17:00:21.498803+00:00,115.1,200,bid,,,5985293
2026-07-03T17:00:23.049153,2026-07-03T17:00:23.059014+00:00,115.1,47,ask,,,5985317
2026-07-03T17:00:25.166236,2026-07-03T17:00:25.170459+00:00,115.2,3,ask,,,5985340
2026-07-03T17:00:27.545587,2026-07-03T17:00:27.563655+00:00,115.4,200,bid,,,5985367
2026-07-03T17:00:28.762418,2026-07-03T17:00:28.764587+00:00,115.4,200,bid,,,5985390
2026-07-03T17:00:29.978999,2026-07-03T17:00:29.995856+00:00,115.4,200,ask,,,5985405
2026-07-03T17:00:32.400718,2026-07-03T17:00:32.438006+00:00,115.6,200,bid,,,5985437
2026-07-03T17:00:36.032915,2026-07-03T17:00:36.037082+00:00,115.8,200,bid,,,5985479
2026-07-03T17:00:37.239538,2026-07-03T17:00:37.258652+00:00,115.8,200,bid,,,5985494
2026-07-03T17:00:38.451131,2026-07-03T17:00:38.459012+00:00,115.8,200,bid,,,5985510
2026-07-03T17:00:39.284738,2026-07-03T17:00:39.295298+00:00,115.8,500,bid,,,5985519
2026-07-03T17:00:39.610750,2026-07-03T17:00:39.618947+00:00,115.8,125,ask,,,5985520
2026-07-03T17:00:39.660463,2026-07-03T17:00:39.681069+00:00,115.8,200,bid,,,5985522
2026-07-03T17:00:47.136826,2026-07-03T17:00:47.146849+00:00,115.8,200,bid,,,5985631
2026-07-03T17:00:47.837577,2026-07-03T17:00:47.844338+00:00,115.8,20,ask,,,5985641
2026-07-03T17:00:48.465413,2026-07-03T17:00:48.469834+00:00,115.8,3,bid,,,5985651
2026-07-03T17:00:51.782370,2026-07-03T17:00:51.804935+00:00,115.6,200,ask,,,5985692
2026-07-03T17:00:52.990983,2026-07-03T17:00:53.018487+00:00,115.7,200,ask,,,5985703
2026-07-03T17:00:54.998060,2026-07-03T17:00:55.008693+00:00,115.7,200,ask,,,5985726
2026-07-03T17:00:54.998060,2026-07-03T17:00:55.008693+00:00,115.5,425,ask,,,5985727
2026-07-03T17:00:58.057750,2026-07-03T17:00:58.069500+00:00,115.6,20,ask,,,5985762
2026-07-03T17:00:58.922035,2026-07-03T17:00:58.946746+00:00,115.7,200,bid,,,5985769
2026-07-03T17:01:02.704018,2026-07-03T17:01:02.736318+00:00,115.8,20,ask,,,5985822
2026-07-03T17:01:04.161673,2026-07-03T17:01:04.195761+00:00,115.8,200,bid,,,5985845
2026-07-03T17:01:04.161673,2026-07-03T17:01:04.195761+00:00,116.0,425,bid,,,5985846
2026-07-03T17:01:06.797535,2026-07-03T17:01:06.801470+00:00,115.7,3,ask,,,5985882
2026-07-03T17:01:10.533098,2026-07-03T17:01:10.537509+00:00,115.7,11,ask,,,5985935
2026-07-03T17:01:10.610163,2026-07-03T17:01:10.619099+00:00,115.8,20,bid,,,5985936
2026-07-03T17:01:10.712323,2026-07-03T17:01:10.769194+00:00,115.8,180,bid,,,5985937
2026-07-03T17:01:10.765106,2026-07-03T17:01:10.769194+00:00,115.8,12,ask,,,5985940
2026-07-03T17:01:11.182548,2026-07-03T17:01:11.190134+00:00,115.8,200,ask,,,5985947
2026-07-03T17:01:12.211377,2026-07-03T17:01:12.223049+00:00,115.6,20,ask,,,5985969
2026-07-03T17:01:12.387716,2026-07-03T17:01:12.398864+00:00,115.7,200,bid,,,5985972
2026-07-03T17:01:13.671949,2026-07-03T17:01:13.683531+00:00,115.5,20,ask,,,5985989
2026-07-03T17:01:19.885368,2026-07-03T17:01:19.894944+00:00,115.8,200,bid,,,5986080
2026-07-03T17:01:20.841528,2026-07-03T17:01:20.847495+00:00,115.8,200,ask,,,5986100
2026-07-03T17:01:22.416558,2026-07-03T17:01:22.418269+00:00,115.8,20,bid,,,5986124
2026-07-03T17:01:23.125044,2026-07-03T17:01:23.129322+00:00,115.8,23,bid,,,5986136
2026-07-03T17:01:23.263936,2026-07-03T17:01:23.301043+00:00,115.8,200,bid,,,5986141
2026-07-03T17:01:24.440006,2026-07-03T17:01:24.464392+00:00,115.8,500,ask,,,5986152
2026-07-03T17:01:24.473707,2026-07-03T17:01:24.477209+00:00,115.8,125,ask,,,5986153
2026-07-03T17:01:25.732963,2026-07-03T17:01:25.758649+00:00,115.8,20,bid,,,5986166
2026-07-03T17:01:29.672452,2026-07-03T17:01:29.680510+00:00,115.8,20,bid,,,5986210
2026-07-03T17:01:30.548972,2026-07-03T17:01:30.569856+00:00,115.7,200,ask,,,5986224
2026-07-03T17:01:31.756545,2026-07-03T17:01:31.784929+00:00,115.7,200,bid,,,5986241
2026-07-03T17:01:37.805539,2026-07-03T17:01:37.821083+00:00,115.9,200,bid,,,5986340
2026-07-03T17:01:39.030360,2026-07-03T17:01:39.033857+00:00,115.8,23,ask,,,5986354
2026-07-03T17:01:40.833183,2026-07-03T17:01:40.858582+00:00,115.8,200,ask,,,5986374
2026-07-03T17:01:43.859605,2026-07-03T17:01:43.868726+00:00,116.0,200,bid,,,5986405
2026-07-03T17:01:45.751217,2026-07-03T17:01:45.751326+00:00,115.8,20,ask,,,5986430
2026-07-03T17:01:46.281747,2026-07-03T17:01:46.299821+00:00,115.9,200,ask,,,5986432
2026-07-03T17:01:47.154208,2026-07-03T17:01:47.158653+00:00,115.9,20,ask,,,5986445
2026-07-03T17:01:48.477804,2026-07-03T17:01:48.481336+00:00,115.9,23,ask,,,5986467
2026-07-03T17:01:48.651221,2026-07-03T17:01:48.669349+00:00,115.9,177,ask,,,5986468
2026-07-03T17:01:48.693665,2026-07-03T17:01:48.700089+00:00,115.9,200,bid,,,5986469
2026-07-03T17:01:52.613344,2026-07-03T17:01:52.623514+00:00,115.8,500,bid,,,5986523
2026-07-03T17:01:53.545703,2026-07-03T17:01:53.549752+00:00,115.8,11,ask,,,5986540
2026-07-03T17:01:53.763779,2026-07-03T17:01:53.775459+00:00,115.9,20,bid,,,5986543
2026-07-03T17:01:55.232016,2026-07-03T17:01:55.249108+00:00,115.8,500,bid,,,5986559
2026-07-03T17:01:55.245294,2026-07-03T17:01:55.249108+00:00,115.8,11,ask,,,5986561
2026-07-03T17:01:55.302349,2026-07-03T17:01:55.316021+00:00,115.8,114,ask,,,5986563
2026-07-03T17:01:55.302349,2026-07-03T17:01:55.316021+00:00,115.7,200,ask,,,5986564
2026-07-03T17:01:57.860145,2026-07-03T17:01:57.871318+00:00,115.5,200,ask,,,5986603
2026-07-03T17:01:58.376623,2026-07-03T17:01:58.388011+00:00,115.4,200,bid,,,5986610
2026-07-03T17:01:59.195210,2026-07-03T17:01:59.198812+00:00,115.5,12,ask,,,5986625
2026-07-03T17:02:00.474885,2026-07-03T17:02:00.493374+00:00,115.7,200,bid,,,5986650
2026-07-03T17:02:00.499728,2026-07-03T17:02:00.504138+00:00,115.7,17,ask,,,5986652
2026-07-03T17:02:00.793474,2026-07-03T17:02:00.817185+00:00,115.7,200,ask,,,5986656
2026-07-03T17:02:03.790280,2026-07-03T17:02:03.800926+00:00,115.5,20,ask,,,5986701
2026-07-03T17:02:05.735664,2026-07-03T17:02:05.740014+00:00,115.5,500,ask,,,5986723
2026-07-03T17:02:05.735664,2026-07-03T17:02:05.740014+00:00,115.5,125,ask,,,5986724
2026-07-03T17:02:06.843207,2026-07-03T17:02:06.874454+00:00,115.6,200,ask,,,5986738
2026-07-03T17:02:08.055758,2026-07-03T17:02:08.064432+00:00,115.6,200,ask,,,5986761
2026-07-03T17:02:08.353019,2026-07-03T17:02:08.358553+00:00,115.6,300,ask,,,5986763
2026-07-03T17:02:08.606797,2026-07-03T17:02:08.615962+00:00,115.6,325,bid,,,5986764
2026-07-03T17:02:09.266186,2026-07-03T17:02:09.274322+00:00,115.7,200,ask,,,5986770
2026-07-03T17:02:09.818105,2026-07-03T17:02:09.828669+00:00,115.8,500,bid,,,5986780
2026-07-03T17:02:10.413597,2026-07-03T17:02:10.420847+00:00,115.8,125,bid,,,5986789
2026-07-03T17:02:10.473642,2026-07-03T17:02:10.484764+00:00,115.8,200,ask,,,5986791
2026-07-03T17:02:11.681853,2026-07-03T17:02:11.691926+00:00,116.0,200,ask,,,5986810
2026-07-03T17:02:12.860826,2026-07-03T17:02:12.920820+00:00,116.0,500,bid,,,5986826
2026-07-03T17:02:13.453578,2026-07-03T17:02:13.469061+00:00,116.0,125,bid,,,5986832
2026-07-03T17:02:13.601201,2026-07-03T17:02:13.610592+00:00,116.1,200,bid,,,5986836
2026-07-03T17:02:14.108493,2026-07-03T17:02:14.117485+00:00,116.2,200,ask,,,5986846
2026-07-03T17:02:15.317100,2026-07-03T17:02:15.319116+00:00,116.2,200,ask,,,5986859
2026-07-03T17:02:18.745830,2026-07-03T17:02:18.773804+00:00,116.1,20,ask,,,5986911
2026-07-03T17:02:21.371529,2026-07-03T17:02:21.397140+00:00,116.3,200,bid,,,5986932
2026-07-03T17:02:26.851198,2026-07-03T17:02:26.863866+00:00,116.4,20,bid,,,5987010
2026-07-03T17:02:31.927639,2026-07-03T17:02:31.944875+00:00,116.1,200,ask,,,5987057
2026-07-03T17:02:33.531771,2026-07-03T17:02:33.564286+00:00,116.1,200,bid,,,5987074
2026-07-03T17:02:35.525698,2026-07-03T17:02:35.547493+00:00,116.2,20,bid,,,5987097
2026-07-03T17:02:35.887409,2026-07-03T17:02:35.905804+00:00,116.1,200,ask,,,5987104
2026-07-03T17:02:35.902146,2026-07-03T17:02:35.905804+00:00,116.1,6,bid,,,5987106
2026-07-03T17:02:37.214059,2026-07-03T17:02:37.218016+00:00,116.0,11,bid,,,5987119
2026-07-03T17:02:39.585016,2026-07-03T17:02:39.606927+00:00,116.0,200,bid,,,5987152
2026-07-03T17:02:42.199861,2026-07-03T17:02:42.203904+00:00,116.1,12,bid,,,5987191
2026-07-03T17:02:45.347678,2026-07-03T17:02:45.351981+00:00,116.2,11,bid,,,5987238
2026-07-03T17:02:46.853569,2026-07-03T17:02:46.864146+00:00,116.1,200,ask,,,5987247
2026-07-03T17:02:50.002614,2026-07-03T17:02:50.024871+00:00,116.2,20,bid,,,5987294
2026-07-03T17:02:50.307620,2026-07-03T17:02:50.314013+00:00,116.2,180,bid,,,5987301
2026-07-03T17:02:51.641044,2026-07-03T17:02:51.648129+00:00,116.1,200,ask,,,5987321
2026-07-03T17:02:51.641044,2026-07-03T17:02:51.648129+00:00,116.1,425,ask,,,5987322
2026-07-03T17:02:51.701115,2026-07-03T17:02:51.729316+00:00,116.1,75,ask,,,5987327
2026-07-03T17:02:51.738469,2026-07-03T17:02:51.746094+00:00,116.0,60,bid,,,5987329
2026-07-03T17:02:52.207010,2026-07-03T17:02:52.211390+00:00,116.0,65,bid,,,5987338
2026-07-03T17:02:52.909032,2026-07-03T17:02:52.916310+00:00,116.1,200,ask,,,5987344
2026-07-03T17:02:54.115435,2026-07-03T17:02:54.119411+00:00,116.3,200,ask,,,5987360
2026-07-03T17:02:55.582443,2026-07-03T17:02:55.586376+00:00,116.3,3,ask,,,5987379
2026-07-03T17:03:02.562555,2026-07-03T17:03:02.584651+00:00,116.0,200,ask,,,5987469
2026-07-03T17:03:03.116149,2026-07-03T17:03:03.151371+00:00,116.1,500,bid,,,5987476
2026-07-03T17:03:03.469574,2026-07-03T17:03:03.473581+00:00,116.1,11,ask,,,5987482
2026-07-03T17:03:06.182530,2026-07-03T17:03:06.205533+00:00,116.0,200,bid,,,5987524
2026-07-03T17:03:08.602315,2026-07-03T17:03:08.612595+00:00,116.0,200,bid,,,5987556
2026-07-03T17:03:12.198864,2026-07-03T17:03:12.258634+00:00,116.1,200,bid,,,5987603
2026-07-03T17:03:12.235626,2026-07-03T17:03:12.258634+00:00,116.1,200,ask,,,5987607
2026-07-03T17:03:13.865159,2026-07-03T17:03:13.868971+00:00,116.3,14,bid,,,5987627
2026-07-03T17:03:14.646353,2026-07-03T17:03:14.646192+00:00,116.3,50,bid,,,5987639
2026-07-03T17:03:14.658262,2026-07-03T17:03:14.689837+00:00,116.2,200,ask,,,5987640
2026-07-03T17:03:15.081008,2026-07-03T17:03:15.092186+00:00,116.2,44,ask,,,5987651
2026-07-03T17:03:15.233783,2026-07-03T17:03:15.253785+00:00,116.3,500,ask,,,5987652
2026-07-03T17:03:16.421287,2026-07-03T17:03:16.446226+00:00,116.3,125,bid,,,5987662
2026-07-03T17:03:16.550433,2026-07-03T17:03:16.558642+00:00,116.4,200,bid,,,5987667
2026-07-03T17:03:16.773464,2026-07-03T17:03:16.800831+00:00,116.5,6,ask,,,5987672
2026-07-03T17:03:16.939883,2026-07-03T17:03:16.946021+00:00,116.5,20,ask,,,5987676
2026-07-03T17:03:17.080630,2026-07-03T17:03:17.090160+00:00,116.5,200,ask,,,5987681
2026-07-03T17:03:18.712443,2026-07-03T17:03:18.719087+00:00,116.4,20,bid,,,5987698
2026-07-03T17:03:19.497543,2026-07-03T17:03:19.530528+00:00,116.5,200,bid,,,5987710
2026-07-03T17:03:20.710759,2026-07-03T17:03:20.717238+00:00,116.4,200,ask,,,5987729
2026-07-03T17:03:23.470495,2026-07-03T17:03:23.497235+00:00,116.2,20,ask,,,5987756
2026-07-03T17:03:26.568233,2026-07-03T17:03:26.572504+00:00,116.2,3,ask,,,5987795
2026-07-03T17:03:29.644157,2026-07-03T17:03:29.658580+00:00,116.3,200,bid,,,5987833
2026-07-03T17:03:31.492937,2026-07-03T17:03:31.496670+00:00,116.2,11,ask,,,5987862
2026-07-03T17:03:31.590829,2026-07-03T17:03:31.622611+00:00,116.3,200,bid,,,5987865
2026-07-03T17:03:32.798883,2026-07-03T17:03:32.823388+00:00,116.2,200,bid,,,5987884
2026-07-03T17:03:34.007851,2026-07-03T17:03:34.038975+00:00,116.3,200,bid,,,5987901
2026-07-03T17:03:34.664306,2026-07-03T17:03:34.668250+00:00,116.1,12,ask,,,5987911
2026-07-03T17:03:35.231611,2026-07-03T17:03:35.235918+00:00,116.2,11,ask,,,5987919
2026-07-03T17:03:38.223125,2026-07-03T17:03:38.239895+00:00,116.3,500,bid,,,5987975
2026-07-03T17:03:38.840162,2026-07-03T17:03:38.873848+00:00,116.4,200,bid,,,5987984
2026-07-03T17:03:38.870186,2026-07-03T17:03:38.873848+00:00,116.5,23,ask,,,5987987
2026-07-03T17:03:40.151545,2026-07-03T17:03:40.157589+00:00,116.5,200,ask,,,5988001
2026-07-03T17:03:40.164426,2026-07-03T17:03:40.168395+00:00,116.5,11,bid,,,5988003
2026-07-03T17:03:41.316329,2026-07-03T17:03:41.320535+00:00,116.4,12,bid,,,5988026
2026-07-03T17:03:41.461179,2026-07-03T17:03:41.471747+00:00,116.4,188,bid,,,5988027
2026-07-03T17:03:42.492808,2026-07-03T17:03:42.548495+00:00,116.5,200,ask,,,5988036
2026-07-03T17:03:43.699270,2026-07-03T17:03:43.722007+00:00,116.4,200,bid,,,5988061
2026-07-03T17:03:43.771961,2026-07-03T17:03:43.783335+00:00,116.2,20,ask,,,5988062
2026-07-03T17:03:46.712844,2026-07-03T17:03:46.740855+00:00,116.3,200,ask,,,5988091
2026-07-03T17:03:46.736619,2026-07-03T17:03:46.740855+00:00,116.3,23,bid,,,5988095
2026-07-03T17:03:48.543564,2026-07-03T17:03:48.548388+00:00,116.2,200,ask,,,5988121
2026-07-03T17:03:51.849935,2026-07-03T17:03:51.854284+00:00,116.1,12,ask,,,5988163
2026-07-03T17:03:52.731224,2026-07-03T17:03:52.734778+00:00,116.2,500,bid,,,5988182
2026-07-03T17:03:53.253923,2026-07-03T17:03:53.255325+00:00,116.2,200,bid,,,5988190
2026-07-03T17:03:53.264698,2026-07-03T17:03:53.268352+00:00,116.2,11,ask,,,5988192
2026-07-03T17:03:53.938761,2026-07-03T17:03:53.986632+00:00,116.3,200,bid,,,5988198
2026-07-03T17:03:53.982647,2026-07-03T17:03:53.986632+00:00,116.3,12,ask,,,5988201
2026-07-03T17:03:54.599028,2026-07-03T17:03:54.607311+00:00,116.3,200,ask,,,5988213
2026-07-03T17:03:59.468167,2026-07-03T17:03:59.477467+00:00,116.3,200,ask,,,5988276
2026-07-03T17:04:00.297126,2026-07-03T17:04:00.308824+00:00,116.3,20,ask,,,5988289
2026-07-03T17:04:01.227305,2026-07-03T17:04:01.236995+00:00,116.3,500,bid,,,5988297
2026-07-03T17:04:01.826716,2026-07-03T17:04:01.858558+00:00,116.3,125,bid,,,5988307
2026-07-03T17:04:01.826716,2026-07-03T17:04:01.858558+00:00,116.4,200,bid,,,5988308
2026-07-03T17:04:02.742593,2026-07-03T17:04:02.749001+00:00,116.4,20,ask,,,5988319
2026-07-03T17:04:03.861789,2026-07-03T17:04:03.873306+00:00,116.4,20,bid,,,5988338
2026-07-03T17:04:04.296201,2026-07-03T17:04:04.305878+00:00,116.4,200,bid,,,5988341
2026-07-03T17:04:04.495355,2026-07-03T17:04:04.499975+00:00,116.3,11,ask,,,5988349
2026-07-03T17:04:04.848925,2026-07-03T17:04:04.900720+00:00,116.4,405,bid,,,5988355
2026-07-03T17:04:04.877775,2026-07-03T17:04:04.900720+00:00,116.4,11,ask,,,5988358
2026-07-03T17:04:05.464514,2026-07-03T17:04:05.468307+00:00,116.5,12,ask,,,5988373
2026-07-03T17:04:05.504328,2026-07-03T17:04:05.512444+00:00,116.5,200,ask,,,5988374
2026-07-03T17:04:06.000122,2026-07-03T17:04:06.007609+00:00,116.5,20,ask,,,5988381
2026-07-03T17:04:06.381162,2026-07-03T17:04:06.409022+00:00,116.4,500,ask,,,5988389
2026-07-03T17:04:06.668178,2026-07-03T17:04:06.680793+00:00,116.4,125,bid,,,5988393
2026-07-03T17:04:06.726423,2026-07-03T17:04:06.734093+00:00,116.5,200,ask,,,5988398
2026-07-03T17:04:07.723397,2026-07-03T17:04:07.727668+00:00,116.6,57,bid,,,5988418
2026-07-03T17:04:07.935668,2026-07-03T17:04:07.958648+00:00,116.5,200,ask,,,5988419
2026-07-03T17:04:09.165699,2026-07-03T17:04:09.169527+00:00,116.5,12,bid,,,5988439
2026-07-03T17:04:10.006761,2026-07-03T17:04:10.018539+00:00,116.4,20,ask,,,5988449
2026-07-03T17:04:10.311690,2026-07-03T17:04:10.335355+00:00,116.4,500,ask,,,5988450
2026-07-03T17:04:10.350584,2026-07-03T17:04:10.369044+00:00,116.4,125,bid,,,5988451
2026-07-03T17:04:10.820866,2026-07-03T17:04:10.825043+00:00,116.4,12,ask,,,5988461
2026-07-03T17:04:10.942466,2026-07-03T17:04:10.946163+00:00,116.5,11,ask,,,5988468
2026-07-03T17:04:11.495749,2026-07-03T17:04:11.503397+00:00,116.6,200,bid,,,5988477
2026-07-03T17:04:11.522750,2026-07-03T17:04:11.526650+00:00,116.6,12,ask,,,5988480
2026-07-03T17:04:11.563601,2026-07-03T17:04:11.583786+00:00,116.6,200,ask,,,5988481
2026-07-03T17:04:11.919915,2026-07-03T17:04:11.941830+00:00,116.7,20,bid,,,5988483
2026-07-03T17:04:12.927013,2026-07-03T17:04:12.933755+00:00,116.7,200,bid,,,5988498
2026-07-03T17:04:12.940586,2026-07-03T17:04:12.945151+00:00,116.7,11,ask,,,5988500
2026-07-03T17:04:13.976124,2026-07-03T17:04:13.991201+00:00,116.7,200,ask,,,5988515
2026-07-03T17:04:14.239438,2026-07-03T17:04:14.249559+00:00,116.6,500,ask,,,5988517
2026-07-03T17:04:14.259783,2026-07-03T17:04:14.264635+00:00,116.6,23,bid,,,5988520
2026-07-03T17:04:14.525607,2026-07-03T17:04:14.528538+00:00,116.6,102,bid,,,5988521
2026-07-03T17:04:15.547317,2026-07-03T17:04:15.574242+00:00,116.7,500,ask,,,5988533
2026-07-03T17:04:15.730181,2026-07-03T17:04:15.741336+00:00,116.7,125,bid,,,5988535
2026-07-03T17:04:15.730181,2026-07-03T17:04:15.741336+00:00,116.8,200,bid,,,5988536
2026-07-03T17:04:15.785381,2026-07-03T17:04:15.789188+00:00,116.8,12,ask,,,5988541
2026-07-03T17:04:16.880519,2026-07-03T17:04:16.884363+00:00,116.9,11,ask,,,5988556
2026-07-03T17:04:17.113505,2026-07-03T17:04:17.130226+00:00,116.9,20,ask,,,5988558
2026-07-03T17:04:17.595834,2026-07-03T17:04:17.596877+00:00,116.9,200,ask,,,5988566
2026-07-03T17:04:19.683033,2026-07-03T17:04:19.688476+00:00,117.0,20,bid,,,5988594
2026-07-03T17:04:20.805029,2026-07-03T17:04:20.815072+00:00,116.9,200,ask,,,5988614
2026-07-03T17:04:21.216006,2026-07-03T17:04:21.235911+00:00,116.9,200,bid,,,5988620
2026-07-03T17:04:22.425615,2026-07-03T17:04:22.443769+00:00,116.9,200,ask,,,5988635
2026-07-03T17:04:23.634263,2026-07-03T17:04:23.638312+00:00,116.9,200,ask,,,5988650
2026-07-03T17:04:24.680570,2026-07-03T17:04:24.692326+00:00,117.1,20,bid,,,5988656
2026-07-03T17:04:29.993046,2026-07-03T17:04:30.019540+00:00,117.0,20,bid,,,5988719
2026-07-03T17:04:30.906025,2026-07-03T17:04:30.964788+00:00,117.0,200,bid,,,5988733
2026-07-03T17:04:35.228844,2026-07-03T17:04:35.258535+00:00,117.1,200,bid,,,5988790
2026-07-03T17:04:35.228844,2026-07-03T17:04:35.258535+00:00,117.2,425,bid,,,5988791
2026-07-03T17:04:35.751580,2026-07-03T17:04:35.759290+00:00,117.1,11,ask,,,5988800
2026-07-03T17:04:36.540384,2026-07-03T17:04:36.559464+00:00,117.1,189,ask,,,5988811
2026-07-03T17:04:36.555481,2026-07-03T17:04:36.559464+00:00,117.1,11,bid,,,5988813
2026-07-03T17:04:37.847324,2026-07-03T17:04:37.859471+00:00,117.2,200,bid,,,5988836
2026-07-03T17:04:39.384035,2026-07-03T17:04:39.395445+00:00,117.1,200,ask,,,5988860
2026-07-03T17:04:40.927045,2026-07-03T17:04:40.939066+00:00,117.2,20,ask,,,5988877
2026-07-03T17:04:42.048629,2026-07-03T17:04:42.058638+00:00,117.1,20,ask,,,5988887
2026-07-03T17:04:43.110963,2026-07-03T17:04:43.114795+00:00,117.2,11,bid,,,5988909
2026-07-03T17:04:44.575839,2026-07-03T17:04:44.587382+00:00,117.2,20,bid,,,5988939
2026-07-03T17:04:45.622537,2026-07-03T17:04:45.626408+00:00,117.1,11,ask,,,5988961
2026-07-03T17:04:46.662147,2026-07-03T17:04:46.680349+00:00,117.2,200,bid,,,5988975
2026-07-03T17:04:47.526367,2026-07-03T17:04:47.544792+00:00,117.3,20,bid,,,5988984
2026-07-03T17:04:48.329521,2026-07-03T17:04:48.340083+00:00,117.2,200,bid,,,5988991
2026-07-03T17:04:48.329521,2026-07-03T17:04:48.340083+00:00,117.3,425,bid,,,5988992
2026-07-03T17:04:52.284802,2026-07-03T17:04:52.301271+00:00,117.1,200,ask,,,5989046
2026-07-03T17:04:52.712931,2026-07-03T17:04:52.738403+00:00,117.0,200,bid,,,5989053
2026-07-03T17:04:53.715715,2026-07-03T17:04:53.720136+00:00,117.1,11,ask,,,5989073
2026-07-03T17:04:54.477457,2026-07-03T17:04:54.536886+00:00,117.1,500,ask,,,5989078
2026-07-03T17:04:55.128935,2026-07-03T17:04:55.139526+00:00,117.0,200,bid,,,5989093
2026-07-03T17:04:58.284724,2026-07-03T17:04:58.288399+00:00,116.9,12,ask,,,5989129
2026-07-03T17:04:58.761603,2026-07-03T17:04:58.797633+00:00,116.9,200,ask,,,5989131
2026-07-03T17:04:58.864363,2026-07-03T17:04:58.867822+00:00,117.0,11,ask,,,5989135
2026-07-03T17:04:59.971331,2026-07-03T17:04:59.975966+00:00,117.0,200,ask,,,5989149
2026-07-03T17:05:04.178851,2026-07-03T17:05:04.214058+00:00,116.9,500,ask,,,5989192
2026-07-03T17:05:04.206789,2026-07-03T17:05:04.214058+00:00,117.0,20,bid,,,5989194
2026-07-03T17:05:12.033936,2026-07-03T17:05:12.064501+00:00,116.9,500,ask,,,5989286
2026-07-03T17:05:12.086016,2026-07-03T17:05:12.095872+00:00,116.9,125,ask,,,5989287
2026-07-03T17:05:13.297173,2026-07-03T17:05:13.337896+00:00,116.9,200,bid,,,5989297
2026-07-03T17:05:14.508355,2026-07-03T17:05:14.516773+00:00,116.8,200,bid,,,5989315
2026-07-03T17:05:15.715733,2026-07-03T17:05:15.739196+00:00,116.9,200,bid,,,5989336
2026-07-03T17:05:20.351972,2026-07-03T17:05:20.356317+00:00,117.0,11,bid,,,5989396
2026-07-03T17:05:21.765092,2026-07-03T17:05:21.774896+00:00,117.0,200,bid,,,5989412
2026-07-03T17:05:22.365790,2026-07-03T17:05:22.369733+00:00,116.9,12,bid,,,5989419
2026-07-03T17:05:22.940428,2026-07-03T17:05:22.958653+00:00,116.8,500,ask,,,5989432
2026-07-03T17:05:22.972278,2026-07-03T17:05:23.000342+00:00,117.0,200,bid,,,5989436
2026-07-03T17:05:23.533777,2026-07-03T17:05:23.542416+00:00,116.8,125,ask,,,5989439
2026-07-03T17:05:23.768213,2026-07-03T17:05:23.777114+00:00,116.7,375,bid,,,5989443
2026-07-03T17:05:24.138634,2026-07-03T17:05:24.158696+00:00,116.7,250,ask,,,5989448
2026-07-03T17:05:24.179290,2026-07-03T17:05:24.198548+00:00,116.7,200,bid,,,5989449
2026-07-03T17:05:24.783110,2026-07-03T17:05:24.787074+00:00,116.6,11,bid,,,5989459
2026-07-03T17:05:25.391555,2026-07-03T17:05:25.401518+00:00,116.6,200,bid,,,5989475
2026-07-03T17:05:26.602780,2026-07-03T17:05:26.613945+00:00,116.6,200,bid,,,5989495
2026-07-03T17:05:26.731972,2026-07-03T17:05:26.736624+00:00,116.4,11,ask,,,5989500
2026-07-03T17:05:27.709709,2026-07-03T17:05:27.713487+00:00,116.5,12,ask,,,5989517
2026-07-03T17:05:27.813699,2026-07-03T17:05:27.815876+00:00,116.6,200,bid,,,5989519
2026-07-03T17:05:28.385051,2026-07-03T17:05:28.392793+00:00,116.5,500,ask,,,5989523
2026-07-03T17:05:28.981127,2026-07-03T17:05:29.001767+00:00,116.5,113,ask,,,5989529
2026-07-03T17:05:29.008703,2026-07-03T17:05:29.012300+00:00,116.4,23,bid,,,5989531
2026-07-03T17:05:29.021678,2026-07-03T17:05:29.058631+00:00,116.4,200,bid,,,5989533
2026-07-03T17:05:30.229152,2026-07-03T17:05:30.232991+00:00,116.4,200,bid,,,5989554
2026-07-03T17:05:32.013276,2026-07-03T17:05:32.036959+00:00,116.6,20,bid,,,5989584
2026-07-03T17:05:35.092853,2026-07-03T17:05:35.100072+00:00,116.4,200,ask,,,5989623
2026-07-03T17:05:43.437505,2026-07-03T17:05:43.458833+00:00,116.4,200,bid,,,5989747
2026-07-03T17:05:43.437505,2026-07-03T17:05:43.458833+00:00,116.4,425,bid,,,5989748
2026-07-03T17:05:43.554520,2026-07-03T17:05:43.564060+00:00,116.4,200,bid,,,5989753
2026-07-03T17:05:44.764175,2026-07-03T17:05:44.796031+00:00,116.3,200,bid,,,5989764
2026-07-03T17:05:45.972623,2026-07-03T17:05:45.981736+00:00,116.3,200,bid,,,5989774
2026-07-03T17:05:46.058900,2026-07-03T17:05:46.081149+00:00,116.3,500,bid,,,5989778
2026-07-03T17:05:46.076504,2026-07-03T17:05:46.081149+00:00,116.4,11,ask,,,5989780
2026-07-03T17:05:46.547549,2026-07-03T17:05:46.564374+00:00,116.4,114,ask,,,5989790
2026-07-03T17:05:47.180278,2026-07-03T17:05:47.190668+00:00,116.3,200,bid,,,5989794
2026-07-03T17:05:47.390714,2026-07-03T17:05:47.394780+00:00,116.1,22,bid,,,5989797
2026-07-03T17:05:48.387325,2026-07-03T17:05:48.401102+00:00,116.1,200,bid,,,5989809
2026-07-03T17:05:48.683156,2026-07-03T17:05:48.716889+00:00,116.2,500,bid,,,5989818
2026-07-03T17:05:48.956887,2026-07-03T17:05:48.963593+00:00,116.2,125,ask,,,5989822
2026-07-03T17:05:49.550586,2026-07-03T17:05:49.555564+00:00,115.5,20,ask,,,5989828
2026-07-03T17:05:49.618275,2026-07-03T17:05:49.659153+00:00,116.2,200,bid,,,5989829
2026-07-03T17:05:49.993080,2026-07-03T17:05:50.018785+00:00,116.2,300,bid,,,5989842
2026-07-03T17:05:50.194939,2026-07-03T17:05:50.258557+00:00,116.2,325,ask,,,5989846
2026-07-03T17:05:50.830585,2026-07-03T17:05:50.838548+00:00,116.2,200,bid,,,5989861
2026-07-03T17:05:52.045042,2026-07-03T17:05:52.059442+00:00,116.2,200,bid,,,5989873
2026-07-03T17:05:52.630609,2026-07-03T17:05:52.669045+00:00,116.2,500,bid,,,5989880
2026-07-03T17:05:52.664752,2026-07-03T17:05:52.669045+00:00,116.2,11,ask,,,5989883
2026-07-03T17:05:53.208844,2026-07-03T17:05:53.231069+00:00,116.2,114,ask,,,5989893
2026-07-03T17:05:53.253780,2026-07-03T17:05:53.285614+00:00,116.2,200,bid,,,5989898
2026-07-03T17:05:54.460084,2026-07-03T17:05:54.496107+00:00,116.1,200,bid,,,5989908
2026-07-03T17:05:55.145645,2026-07-03T17:05:55.149873+00:00,116.1,11,bid,,,5989919
2026-07-03T17:05:55.668508,2026-07-03T17:05:55.701242+00:00,116.1,200,ask,,,5989930
2026-07-03T17:05:58.349201,2026-07-03T17:05:58.354406+00:00,116.2,12,bid,,,5989972
2026-07-03T17:05:59.771824,2026-07-03T17:05:59.798765+00:00,116.1,20,ask,,,5989993
2026-07-03T17:05:59.881603,2026-07-03T17:05:59.893410+00:00,116.1,500,ask,,,5989997
2026-07-03T17:06:00.476247,2026-07-03T17:06:00.499736+00:00,116.1,105,ask,,,5990002
2026-07-03T17:06:00.476247,2026-07-03T17:06:00.499736+00:00,116.1,200,ask,,,5990003
2026-07-03T17:06:00.495922,2026-07-03T17:06:00.499736+00:00,116.1,23,bid,,,5990005
2026-07-03T17:06:00.518397,2026-07-03T17:06:00.536461+00:00,116.0,200,bid,,,5990006
2026-07-03T17:06:00.532708,2026-07-03T17:06:00.536461+00:00,116.0,11,bid,,,5990008
2026-07-03T17:06:01.375176,2026-07-03T17:06:01.402599+00:00,115.8,20,ask,,,5990016
2026-07-03T17:06:01.728071,2026-07-03T17:06:01.758678+00:00,116.0,200,bid,,,5990020
2026-07-03T17:06:02.016512,2026-07-03T17:06:02.040910+00:00,115.9,20,ask,,,5990025
2026-07-03T17:06:05.360754,2026-07-03T17:06:05.374427+00:00,115.8,200,ask,,,5990054
2026-07-03T17:06:07.787282,2026-07-03T17:06:07.796795+00:00,115.8,200,bid,,,5990072
2026-07-03T17:06:11.013302,2026-07-03T17:06:11.021680+00:00,115.7,200,ask,,,5990114
2026-07-03T17:06:11.422805,2026-07-03T17:06:11.458624+00:00,115.6,200,bid,,,5990118
2026-07-03T17:06:12.822853,2026-07-03T17:06:12.827029+00:00,115.7,23,ask,,,5990134
2026-07-03T17:06:14.145633,2026-07-03T17:06:14.156908+00:00,115.7,20,ask,,,5990156
2026-07-03T17:06:14.948976,2026-07-03T17:06:14.979635+00:00,115.7,180,ask,,,5990167
2026-07-03T17:06:19.914327,2026-07-03T17:06:19.925091+00:00,115.7,200,bid,,,5990238
2026-07-03T17:06:20.523532,2026-07-03T17:06:20.538228+00:00,115.6,34,ask,,,5990251
2026-07-03T17:06:21.165501,2026-07-03T17:06:21.169589+00:00,115.7,11,ask,,,5990257
2026-07-03T17:06:21.969609,2026-07-03T17:06:21.977683+00:00,115.9,20,bid,,,5990272
2026-07-03T17:06:22.365088,2026-07-03T17:06:22.369277+00:00,115.8,5,ask,,,5990280
2026-07-03T17:06:24.138243,2026-07-03T17:06:24.158560+00:00,115.8,200,ask,,,5990305
2026-07-03T17:06:24.896901,2026-07-03T17:06:24.900959+00:00,115.8,20,bid,,,5990313
2026-07-03T17:06:26.866582,2026-07-03T17:06:26.870696+00:00,115.7,7,ask,,,5990349
2026-07-03T17:06:28.390618,2026-07-03T17:06:28.400503+00:00,115.6,200,ask,,,5990376
2026-07-03T17:06:30.812372,2026-07-03T17:06:30.833385+00:00,115.4,200,ask,,,5990401
2026-07-03T17:06:32.011908,2026-07-03T17:06:32.019557+00:00,115.4,500,ask,,,5990419
2026-07-03T17:06:32.021178,2026-07-03T17:06:32.033945+00:00,115.3,125,bid,,,5990420
2026-07-03T17:06:33.241581,2026-07-03T17:06:33.254624+00:00,115.5,200,ask,,,5990438
2026-07-03T17:06:33.250099,2026-07-03T17:06:33.254624+00:00,115.5,11,ask,,,5990440
2026-07-03T17:06:33.365215,2026-07-03T17:06:33.369743+00:00,115.7,6,ask,,,5990443
2026-07-03T17:06:34.450288,2026-07-03T17:06:34.463929+00:00,115.7,200,ask,,,5990453
2026-07-03T17:06:35.658984,2026-07-03T17:06:35.669027+00:00,115.8,200,ask,,,5990471
2026-07-03T17:06:36.865734,2026-07-03T17:06:36.895145+00:00,115.7,200,ask,,,5990494
2026-07-03T17:06:38.073679,2026-07-03T17:06:38.084934+00:00,115.6,200,ask,,,5990502
2026-07-03T17:06:42.501605,2026-07-03T17:06:42.511917+00:00,115.7,200,bid,,,5990556
2026-07-03T17:06:42.955483,2026-07-03T17:06:42.958601+00:00,115.7,200,ask,,,5990564
2026-07-03T17:06:43.000072,2026-07-03T17:06:43.010528+00:00,115.9,20,bid,,,5990566
2026-07-03T17:06:43.864102,2026-07-03T17:06:43.867646+00:00,115.8,6,bid,,,5990577
2026-07-03T17:06:44.167531,2026-07-03T17:06:44.186300+00:00,115.6,200,ask,,,5990584
2026-07-03T17:06:45.145631,2026-07-03T17:06:45.149543+00:00,115.7,11,bid,,,5990596
2026-07-03T17:06:45.375805,2026-07-03T17:06:45.383372+00:00,115.7,200,bid,,,5990603
2026-07-03T17:06:45.684597,2026-07-03T17:06:45.696192+00:00,115.5,20,ask,,,5990606
2026-07-03T17:06:46.450936,2026-07-03T17:06:46.455095+00:00,115.5,23,bid,,,5990620
2026-07-03T17:06:46.590842,2026-07-03T17:06:46.598348+00:00,115.5,200,bid,,,5990624
2026-07-03T17:06:47.750658,2026-07-03T17:06:47.728480+00:00,115.4,20,ask,,,5990636
2026-07-03T17:06:47.802547,2026-07-03T17:06:47.809547+00:00,115.5,200,bid,,,5990637
2026-07-03T17:06:48.303611,2026-07-03T17:06:48.311285+00:00,115.5,425,bid,,,5990645
2026-07-03T17:06:49.053783,2026-07-03T17:06:49.063855+00:00,115.6,200,bid,,,5990654
2026-07-03T17:06:54.256370,2026-07-03T17:06:54.258615+00:00,115.9,20,bid,,,5990720
2026-07-03T17:06:54.306406,2026-07-03T17:06:54.324031+00:00,115.8,200,ask,,,5990722
2026-07-03T17:06:54.893441,2026-07-03T17:06:54.920927+00:00,115.7,20,ask,,,5990730
2026-07-03T17:06:55.564775,2026-07-03T17:06:55.574264+00:00,115.8,425,bid,,,5990740
2026-07-03T17:06:55.564775,2026-07-03T17:06:55.574264+00:00,115.8,75,bid,,,5990741
2026-07-03T17:06:55.619745,2026-07-03T17:06:55.648287+00:00,115.8,125,bid,,,5990743
2026-07-03T17:06:55.644351,2026-07-03T17:06:55.648287+00:00,115.9,11,ask,,,5990745
2026-07-03T17:06:58.438055,2026-07-03T17:06:58.442090+00:00,116.1,22,bid,,,5990799
2026-07-03T17:06:59.893517,2026-07-03T17:06:59.898870+00:00,116.1,200,ask,,,5990819
2026-07-03T17:07:00.184772,2026-07-03T17:07:00.196086+00:00,116.3,20,bid,,,5990829
2026-07-03T17:07:02.172185,2026-07-03T17:07:02.179419+00:00,116.1,200,bid,,,5990857
2026-07-03T17:07:02.252649,2026-07-03T17:07:02.254627+00:00,116.1,425,ask,,,5990858
2026-07-03T17:07:03.487119,2026-07-03T17:07:03.496524+00:00,115.9,200,ask,,,5990878
2026-07-03T17:07:05.594699,2026-07-03T17:07:05.606225+00:00,115.9,20,bid,,,5990905
2026-07-03T17:07:06.163959,2026-07-03T17:07:06.175497+00:00,115.7,20,ask,,,5990911
2026-07-03T17:07:08.729058,2026-07-03T17:07:08.764158+00:00,115.7,200,ask,,,5990956
2026-07-03T17:07:09.579108,2026-07-03T17:07:09.586650+00:00,115.7,200,bid,,,5990970
2026-07-03T17:07:10.783872,2026-07-03T17:07:10.798123+00:00,115.8,20,bid,,,5990985
2026-07-03T17:07:15.183132,2026-07-03T17:07:15.194544+00:00,115.6,20,bid,,,5991054
2026-07-03T17:07:15.637571,2026-07-03T17:07:15.659318+00:00,115.5,200,ask,,,5991061
2026-07-03T17:07:16.844930,2026-07-03T17:07:16.874209+00:00,115.5,200,ask,,,5991079
2026-07-03T17:07:17.440011,2026-07-03T17:07:17.443493+00:00,115.7,12,bid,,,5991091
2026-07-03T17:07:17.917939,2026-07-03T17:07:17.938602+00:00,115.6,500,ask,,,5991101
2026-07-03T17:07:17.934315,2026-07-03T17:07:17.938602+00:00,115.6,11,bid,,,5991103
2026-07-03T17:07:17.958656,2026-07-03T17:07:17.994764+00:00,115.6,114,bid,,,5991104
2026-07-03T17:07:19.224880,2026-07-03T17:07:19.234489+00:00,115.7,200,bid,,,5991127
2026-07-03T17:07:21.275993,2026-07-03T17:07:21.287706+00:00,115.7,20,bid,,,5991150
2026-07-03T17:07:24.614158,2026-07-03T17:07:24.620494+00:00,115.8,200,bid,,,5991206
2026-07-03T17:07:25.313521,2026-07-03T17:07:25.320529+00:00,115.8,200,ask,,,5991220
2026-07-03T17:07:25.542852,2026-07-03T17:07:25.546841+00:00,115.9,12,bid,,,5991224
2026-07-03T17:07:25.677313,2026-07-03T17:07:25.680477+00:00,115.9,50,bid,,,5991228
2026-07-03T17:07:25.708835,2026-07-03T17:07:25.712817+00:00,115.9,11,bid,,,5991230
2026-07-03T17:07:25.892991,2026-07-03T17:07:25.903224+00:00,115.9,11,ask,,,5991234
2026-07-03T17:07:26.523988,2026-07-03T17:07:26.530934+00:00,115.9,200,ask,,,5991240
2026-07-03T17:07:26.875400,2026-07-03T17:07:26.879655+00:00,116.1,3,bid,,,5991247
2026-07-03T17:07:27.321897,2026-07-03T17:07:27.343821+00:00,116.0,20,bid,,,5991256
2026-07-03T17:07:27.733539,2026-07-03T17:07:27.748501+00:00,115.9,200,ask,,,5991261
2026-07-03T17:07:30.083240,2026-07-03T17:07:30.111121+00:00,116.0,20,ask,,,5991291
2026-07-03T17:07:31.373170,2026-07-03T17:07:31.391034+00:00,116.0,200,ask,,,5991313
2026-07-03T17:07:31.868814,2026-07-03T17:07:31.895697+00:00,116.1,500,bid,,,5991320
2026-07-03T17:07:32.583810,2026-07-03T17:07:32.594098+00:00,116.1,200,ask,,,5991332
2026-07-03T17:07:34.978615,2026-07-03T17:07:34.990634+00:00,116.1,200,bid,,,5991364
2026-07-03T17:07:36.293969,2026-07-03T17:07:36.300726+00:00,116.2,200,ask,,,5991382
2026-07-03T17:07:38.775046,2026-07-03T17:07:38.786493+00:00,116.2,20,bid,,,5991408
2026-07-03T17:07:40.593709,2026-07-03T17:07:40.619914+00:00,116.2,39,ask,,,5991432
2026-07-03T17:07:42.848641,2026-07-03T17:07:42.858576+00:00,116.4,200,bid,,,5991472
2026-07-03T17:07:46.624288,2026-07-03T17:07:46.645147+00:00,116.6,20,bid,,,5991532
2026-07-03T17:07:50.734143,2026-07-03T17:07:50.764580+00:00,116.4,200,ask,,,5991583
2026-07-03T17:07:51.155825,2026-07-03T17:07:51.158551+00:00,116.5,20,bid,,,5991588
2026-07-03T17:07:56.541012,2026-07-03T17:07:56.552451+00:00,116.4,20,ask,,,5991659
2026-07-03T17:07:57.928259,2026-07-03T17:07:57.936548+00:00,116.4,200,ask,,,5991676
2026-07-03T17:07:57.928259,2026-07-03T17:07:57.936548+00:00,116.4,300,ask,,,5991677
2026-07-03T17:07:58.585260,2026-07-03T17:07:58.595003+00:00,116.4,200,ask,,,5991686
2026-07-03T17:07:59.892895,2026-07-03T17:07:59.899932+00:00,116.4,200,bid,,,5991700
2026-07-03T17:08:00.432665,2026-07-03T17:08:00.440863+00:00,116.5,200,ask,,,5991709
2026-07-03T17:08:05.376601,2026-07-03T17:08:05.398240+00:00,116.4,20,ask,,,5991787
2026-07-03T17:08:07.757138,2026-07-03T17:08:07.763735+00:00,116.3,200,ask,,,5991817
2026-07-03T17:08:07.774710,2026-07-03T17:08:07.778447+00:00,116.3,3,bid,,,5991820
2026-07-03T17:08:08.890307,2026-07-03T17:08:08.899860+00:00,116.3,200,bid,,,5991839
2026-07-03T17:08:09.078989,2026-07-03T17:08:09.083675+00:00,116.2,3,ask,,,5991842
2026-07-03T17:08:09.905514,2026-07-03T17:08:09.912156+00:00,116.2,20,ask,,,5991855
2026-07-03T17:08:10.403344,2026-07-03T17:08:10.414993+00:00,116.3,20,bid,,,5991871
2026-07-03T17:08:11.988507,2026-07-03T17:08:11.994692+00:00,116.3,20,bid,,,5991889
2026-07-03T17:08:14.566505,2026-07-03T17:08:14.578120+00:00,116.1,20,ask,,,5991918
2026-07-03T17:08:14.933190,2026-07-03T17:08:14.940829+00:00,116.3,200,bid,,,5991919
2026-07-03T17:08:16.141492,2026-07-03T17:08:16.164138+00:00,116.3,200,ask,,,5991936
2026-07-03T17:08:16.860796,2026-07-03T17:08:16.868733+00:00,116.5,43,bid,,,5991951
2026-07-03T17:08:17.488568,2026-07-03T17:08:17.493126+00:00,116.4,3,bid,,,5991965
2026-07-03T17:08:17.510969,2026-07-03T17:08:17.524875+00:00,116.4,147,bid,,,5991968
2026-07-03T17:08:19.455968,2026-07-03T17:08:19.467263+00:00,116.3,20,ask,,,5991988
2026-07-03T17:08:20.857692,2026-07-03T17:08:20.879102+00:00,116.4,200,bid,,,5992004
2026-07-03T17:08:20.885760,2026-07-03T17:08:20.889934+00:00,116.4,3,ask,,,5992006
2026-07-03T17:08:21.891973,2026-07-03T17:08:21.914814+00:00,116.4,20,ask,,,5992029
2026-07-03T17:08:22.185064,2026-07-03T17:08:22.197624+00:00,116.4,200,ask,,,5992031
2026-07-03T17:08:23.393064,2026-07-03T17:08:23.411665+00:00,116.4,200,bid,,,5992041
2026-07-03T17:08:25.106534,2026-07-03T17:08:25.128855+00:00,116.5,20,bid,,,5992072
2026-07-03T17:08:29.244897,2026-07-03T17:08:29.251500+00:00,116.3,20,ask,,,5992125
2026-07-03T17:08:29.434718,2026-07-03T17:08:29.457252+00:00,116.3,200,ask,,,5992128
2026-07-03T17:08:32.533943,2026-07-03T17:08:32.545327+00:00,116.3,20,ask,,,5992172
2026-07-03T17:08:32.663778,2026-07-03T17:08:32.670227+00:00,116.3,180,ask,,,5992173
2026-07-03T17:08:33.323783,2026-07-03T17:08:33.328136+00:00,116.3,3,bid,,,5992195
2026-07-03T17:08:33.973690,2026-07-03T17:08:34.007533+00:00,116.4,200,bid,,,5992199
2026-07-03T17:08:34.005083,2026-07-03T17:08:34.007533+00:00,116.5,3,ask,,,5992201
2026-07-03T17:08:34.275731,2026-07-03T17:08:34.284849+00:00,116.5,200,ask,,,5992214
2026-07-03T17:08:35.219080,2026-07-03T17:08:35.225783+00:00,116.7,20,bid,,,5992232
2026-07-03T17:08:35.283900,2026-07-03T17:08:35.310618+00:00,116.2,200,ask,,,5992235
2026-07-03T17:08:35.283900,2026-07-03T17:08:35.310618+00:00,116.2,425,ask,,,5992236
2026-07-03T17:08:36.691008,2026-07-03T17:08:36.721902+00:00,116.4,200,ask,,,5992259
2026-07-03T17:08:39.215179,2026-07-03T17:08:39.240479+00:00,116.5,200,bid,,,5992291
2026-07-03T17:08:40.242941,2026-07-03T17:08:40.246685+00:00,116.7,20,bid,,,5992306
2026-07-03T17:08:40.319227,2026-07-03T17:08:40.326297+00:00,116.5,200,ask,,,5992308
2026-07-03T17:08:40.564301,2026-07-03T17:08:40.567745+00:00,116.5,14,bid,,,5992312
2026-07-03T17:08:41.008743,2026-07-03T17:08:41.015221+00:00,116.5,20,bid,,,5992319
2026-07-03T17:08:42.748397,2026-07-03T17:08:42.776432+00:00,116.4,200,ask,,,5992337
2026-07-03T17:08:47.583345,2026-07-03T17:08:47.591283+00:00,116.4,200,ask,,,5992397
2026-07-03T17:08:52.177407,2026-07-03T17:08:52.187677+00:00,116.3,20,ask,,,5992466
2026-07-03T17:08:56.974159,2026-07-03T17:08:56.999830+00:00,116.4,20,bid,,,5992539
2026-07-03T17:08:57.280670,2026-07-03T17:08:57.310530+00:00,116.4,200,bid,,,5992543
2026-07-03T17:08:57.593188,2026-07-03T17:08:57.597803+00:00,116.3,11,ask,,,5992549
2026-07-03T17:09:01.814721,2026-07-03T17:09:01.819019+00:00,116.3,3,ask,,,5992600
2026-07-03T17:09:02.811809,2026-07-03T17:09:02.822885+00:00,116.3,200,ask,,,5992616
2026-07-03T17:09:04.542087,2026-07-03T17:09:04.576075+00:00,116.2,200,bid,,,5992644
2026-07-03T17:09:05.757287,2026-07-03T17:09:05.753147+00:00,116.2,200,ask,,,5992669
2026-07-03T17:09:06.702954,2026-07-03T17:09:06.714124+00:00,116.2,48,ask,,,5992684
2026-07-03T17:09:08.051898,2026-07-03T17:09:08.078116+00:00,116.2,200,bid,,,5992701
2026-07-03T17:09:10.603051,2026-07-03T17:09:10.631848+00:00,116.2,200,ask,,,5992742
2026-07-03T17:09:11.140648,2026-07-03T17:09:11.147889+00:00,116.2,48,bid,,,5992748
2026-07-03T17:09:13.023211,2026-07-03T17:09:13.043920+00:00,115.9,200,ask,,,5992772
2026-07-03T17:09:14.265088,2026-07-03T17:09:14.269415+00:00,115.9,3,bid,,,5992790
2026-07-03T17:09:17.291495,2026-07-03T17:09:17.297706+00:00,116.0,20,bid,,,5992836
2026-07-03T17:09:17.857203,2026-07-03T17:09:17.858618+00:00,115.9,200,ask,,,5992842
2026-07-03T17:09:20.278293,2026-07-03T17:09:20.307882+00:00,115.9,200,ask,,,5992883
2026-07-03T17:09:21.485102,2026-07-03T17:09:21.494161+00:00,115.8,200,ask,,,5992898
2026-07-03T17:09:25.953198,2026-07-03T17:09:25.963814+00:00,115.7,20,ask,,,5992953
2026-07-03T17:09:26.414884,2026-07-03T17:09:26.427409+00:00,115.8,200,ask,,,5992955
2026-07-03T17:09:29.321954,2026-07-03T17:09:29.331529+00:00,115.8,500,bid,,,5992997
2026-07-03T17:09:29.962240,2026-07-03T17:09:29.983592+00:00,115.7,200,ask,,,5993005
2026-07-03T17:09:30.318923,2026-07-03T17:09:30.322878+00:00,115.7,3,ask,,,5993010
2026-07-03T17:09:30.471200,2026-07-03T17:09:30.478614+00:00,115.9,147,ask,,,5993013
2026-07-03T17:09:31.172721,2026-07-03T17:09:31.202845+00:00,115.9,200,ask,,,5993022
2026-07-03T17:09:34.900528,2026-07-03T17:09:34.910788+00:00,115.9,20,ask,,,5993065
2026-07-03T17:09:35.580587,2026-07-03T17:09:35.589794+00:00,115.9,200,ask,,,5993077
2026-07-03T17:09:36.024856,2026-07-03T17:09:36.064090+00:00,115.9,200,bid,,,5993082
2026-07-03T17:09:37.049976,2026-07-03T17:09:37.058592+00:00,116.0,50,ask,,,5993101
2026-07-03T17:09:37.236806,2026-07-03T17:09:37.258637+00:00,116.0,200,ask,,,5993102
2026-07-03T17:09:39.679438,2026-07-03T17:09:39.690893+00:00,116.0,20,ask,,,5993129
2026-07-03T17:09:40.275535,2026-07-03T17:09:40.289989+00:00,116.1,20,bid,,,5993141
2026-07-03T17:09:40.621831,2026-07-03T17:09:40.629040+00:00,116.1,50,bid,,,5993145
2026-07-03T17:09:40.854296,2026-07-03T17:09:40.859406+00:00,116.1,130,bid,,,5993146
2026-07-03T17:09:41.254269,2026-07-03T17:09:41.261089+00:00,116.1,20,ask,,,5993151
2026-07-03T17:09:42.085310,2026-07-03T17:09:42.091883+00:00,116.2,200,bid,,,5993164
2026-07-03T17:09:42.180399,2026-07-03T17:09:42.190924+00:00,116.2,300,bid,,,5993165
2026-07-03T17:09:42.632919,2026-07-03T17:09:42.640306+00:00,116.2,325,ask,,,5993169
2026-07-03T17:09:43.295902,2026-07-03T17:09:43.327612+00:00,116.2,200,bid,,,5993184
2026-07-03T17:09:46.170329,2026-07-03T17:09:46.182025+00:00,116.1,20,bid,,,5993224
2026-07-03T17:09:48.726256,2026-07-03T17:09:48.765215+00:00,116.1,200,bid,,,5993265
2026-07-03T17:09:48.929708,2026-07-03T17:09:48.969790+00:00,116.1,53,ask,,,5993270
2026-07-03T17:09:49.353525,2026-07-03T17:09:49.358564+00:00,116.1,200,ask,,,5993278
2026-07-03T17:09:51.350203,2026-07-03T17:09:51.358261+00:00,116.0,200,ask,,,5993305
2026-07-03T17:09:53.971858,2026-07-03T17:09:53.982917+00:00,116.0,200,ask,,,5993343
2026-07-03T17:09:54.190971,2026-07-03T17:09:54.213817+00:00,116.0,200,bid,,,5993349
2026-07-03T17:09:55.281413,2026-07-03T17:09:55.307369+00:00,116.1,500,bid,,,5993363
2026-07-03T17:09:55.367824,2026-07-03T17:09:55.374681+00:00,116.1,125,ask,,,5993365
2026-07-03T17:09:56.000863,2026-07-03T17:09:56.009665+00:00,116.1,20,bid,,,5993375
2026-07-03T17:09:56.299848,2026-07-03T17:09:56.323465+00:00,115.9,20,ask,,,5993380
2026-07-03T17:09:57.168156,2026-07-03T17:09:57.179364+00:00,116.0,200,ask,,,5993388
2026-07-03T17:09:57.817847,2026-07-03T17:09:57.821521+00:00,116.0,200,bid,,,5993403
2026-07-03T17:10:00.239479,2026-07-03T17:10:00.246999+00:00,115.9,200,bid,,,5993428
2026-07-03T17:10:01.455261,2026-07-03T17:10:01.458549+00:00,115.7,20,ask,,,5993447
2026-07-03T17:10:03.142357,2026-07-03T17:10:03.158584+00:00,115.8,500,bid,,,5993462
2026-07-03T17:10:03.142357,2026-07-03T17:10:03.158584+00:00,115.8,125,bid,,,5993463
2026-07-03T17:10:04.450188,2026-07-03T17:10:04.456037+00:00,115.7,200,ask,,,5993475
2026-07-03T17:10:05.083361,2026-07-03T17:10:05.119106+00:00,115.7,200,bid,,,5993483
2026-07-03T17:10:05.130709,2026-07-03T17:10:05.135227+00:00,115.5,3,ask,,,5993485
2026-07-03T17:10:05.791222,2026-07-03T17:10:05.795084+00:00,115.7,23,ask,,,5993495
2026-07-03T17:10:09.934704,2026-07-03T17:10:09.941324+00:00,115.7,200,ask,,,5993557
2026-07-03T17:10:11.163924,2026-07-03T17:10:11.167676+00:00,115.7,5,bid,,,5993571
2026-07-03T17:10:13.650717,2026-07-03T17:10:13.655669+00:00,115.5,200,ask,,,5993615
2026-07-03T17:10:18.362998,2026-07-03T17:10:18.398629+00:00,115.5,200,bid,,,5993685
2026-07-03T17:10:18.362998,2026-07-03T17:10:18.398629+00:00,115.5,300,bid,,,5993686
2026-07-03T17:10:20.851652,2026-07-03T17:10:20.858580+00:00,115.5,200,ask,,,5993718
2026-07-03T17:10:22.058933,2026-07-03T17:10:22.073978+00:00,115.5,200,ask,,,5993735
2026-07-03T17:10:23.276362,2026-07-03T17:10:23.305612+00:00,115.5,200,ask,,,5993753
2026-07-03T17:10:25.176728,2026-07-03T17:10:25.188041+00:00,115.6,20,bid,,,5993791
2026-07-03T17:10:26.923503,2026-07-03T17:10:26.932966+00:00,115.5,200,ask,,,5993805
2026-07-03T17:10:28.122771,2026-07-03T17:10:28.126642+00:00,115.6,7,bid,,,5993823
2026-07-03T17:10:29.346059,2026-07-03T17:10:29.358567+00:00,115.6,200,bid,,,5993844
2026-07-03T17:10:30.558463,2026-07-03T17:10:30.572478+00:00,115.6,200,bid,,,5993854
2026-07-03T17:10:32.025553,2026-07-03T17:10:32.040638+00:00,115.6,200,bid,,,5993871
2026-07-03T17:10:32.977618,2026-07-03T17:10:32.979413+00:00,115.7,200,ask,,,5993889
2026-07-03T17:10:33.565417,2026-07-03T17:10:33.568963+00:00,115.9,11,bid,,,5993900
2026-07-03T17:10:34.226858,2026-07-03T17:10:34.231759+00:00,115.8,3,bid,,,5993908
2026-07-03T17:10:36.612590,2026-07-03T17:10:36.623747+00:00,115.8,200,ask,,,5993943
2026-07-03T17:10:37.821485,2026-07-03T17:10:37.828366+00:00,115.7,200,ask,,,5993960
2026-07-03T17:10:43.888206,2026-07-03T17:10:43.902810+00:00,115.7,200,bid,,,5994040
2026-07-03T17:10:45.096410,2026-07-03T17:10:45.101823+00:00,115.7,200,bid,,,5994052
2026-07-03T17:10:47.228265,2026-07-03T17:10:47.233234+00:00,115.8,20,ask,,,5994081
2026-07-03T17:10:47.779900,2026-07-03T17:10:47.786411+00:00,115.8,200,ask,,,5994086
2026-07-03T17:10:48.717237,2026-07-03T17:10:48.747497+00:00,115.8,200,bid,,,5994104
2026-07-03T17:10:49.352970,2026-07-03T17:10:49.392083+00:00,115.8,20,bid,,,5994113
2026-07-03T17:10:53.598512,2026-07-03T17:10:53.625626+00:00,115.7,20,ask,,,5994159
2026-07-03T17:10:54.769202,2026-07-03T17:10:54.777679+00:00,115.7,200,ask,,,5994169
2026-07-03T17:10:55.285416,2026-07-03T17:10:55.292528+00:00,115.8,500,bid,,,5994174
2026-07-03T17:10:55.747322,2026-07-03T17:10:55.751288+00:00,115.9,3,ask,,,5994178
2026-07-03T17:10:55.979693,2026-07-03T17:10:55.987549+00:00,115.9,200,ask,,,5994180
2026-07-03T17:10:58.854548,2026-07-03T17:10:58.858222+00:00,116.0,3,bid,,,5994217
2026-07-03T17:10:59.973025,2026-07-03T17:10:59.980861+00:00,116.0,20,bid,,,5994233
2026-07-03T17:11:00.917460,2026-07-03T17:11:00.920860+00:00,116.0,94,bid,,,5994252
2026-07-03T17:11:02.025553,2026-07-03T17:11:02.053032+00:00,116.0,200,bid,,,5994270
2026-07-03T17:11:03.054855,2026-07-03T17:11:03.058568+00:00,115.8,50,ask,,,5994282
2026-07-03T17:11:04.469378,2026-07-03T17:11:04.512077+00:00,115.9,200,bid,,,5994303
2026-07-03T17:11:04.952654,2026-07-03T17:11:04.958592+00:00,115.9,44,ask,,,5994310
2026-07-03T17:11:06.139516,2026-07-03T17:11:06.149098+00:00,116.0,200,ask,,,5994322
2026-07-03T17:11:06.891010,2026-07-03T17:11:06.919839+00:00,115.9,200,bid,,,5994335
2026-07-03T17:11:08.105061,2026-07-03T17:11:08.118201+00:00,116.0,200,ask,,,5994353
2026-07-03T17:11:08.629831,2026-07-03T17:11:08.639062+00:00,116.2,20,bid,,,5994363
2026-07-03T17:11:10.531246,2026-07-03T17:11:10.534825+00:00,116.0,3,bid,,,5994392
2026-07-03T17:11:10.554175,2026-07-03T17:11:10.581451+00:00,116.0,97,bid,,,5994394
2026-07-03T17:11:11.390079,2026-07-03T17:11:11.425952+00:00,116.0,100,bid,,,5994406
2026-07-03T17:11:14.013712,2026-07-03T17:11:14.021633+00:00,116.2,200,bid,,,5994446
2026-07-03T17:11:14.013712,2026-07-03T17:11:14.021633+00:00,116.2,425,bid,,,5994447
2026-07-03T17:11:14.977602,2026-07-03T17:11:14.984496+00:00,116.1,20,ask,,,5994462
2026-07-03T17:11:15.327866,2026-07-03T17:11:15.368505+00:00,116.1,180,ask,,,5994467
2026-07-03T17:11:15.364681,2026-07-03T17:11:15.368505+00:00,115.9,23,bid,,,5994469
2026-07-03T17:11:15.443303,2026-07-03T17:11:15.449998+00:00,115.9,86,bid,,,5994472
2026-07-03T17:11:15.663453,2026-07-03T17:11:15.671358+00:00,115.9,17,bid,,,5994480
2026-07-03T17:11:17.906248,2026-07-03T17:11:17.910542+00:00,115.9,26,ask,,,5994509
2026-07-03T17:11:18.966282,2026-07-03T17:11:18.973225+00:00,115.9,200,ask,,,5994523
2026-07-03T17:11:20.172487,2026-07-03T17:11:20.176748+00:00,116.0,200,bid,,,5994538
2026-07-03T17:11:21.380108,2026-07-03T17:11:21.389450+00:00,116.0,200,bid,,,5994555
2026-07-03T17:11:21.950999,2026-07-03T17:11:21.959359+00:00,116.2,20,bid,,,5994562
2026-07-03T17:11:23.794857,2026-07-03T17:11:23.801598+00:00,115.9,200,ask,,,5994590
2026-07-03T17:11:24.419184,2026-07-03T17:11:24.428461+00:00,116.1,20,bid,,,5994598
2026-07-03T17:11:24.555386,2026-07-03T17:11:24.559217+00:00,116.0,3,bid,,,5994604
2026-07-03T17:11:25.002440,2026-07-03T17:11:25.005583+00:00,115.8,200,ask,,,5994612
2026-07-03T17:11:25.852572,2026-07-03T17:11:25.856402+00:00,115.9,11,bid,,,5994627
2026-07-03T17:11:27.158003,2026-07-03T17:11:27.163080+00:00,115.8,12,bid,,,5994644
2026-07-03T17:11:29.760821,2026-07-03T17:11:29.771427+00:00,115.8,200,bid,,,5994687
2026-07-03T17:11:31.074593,2026-07-03T17:11:31.084848+00:00,115.8,200,ask,,,5994699
2026-07-03T17:11:32.289926,2026-07-03T17:11:32.293798+00:00,115.8,200,bid,,,5994720
2026-07-03T17:11:33.730780,2026-07-03T17:11:33.740449+00:00,115.8,200,ask,,,5994739
2026-07-03T17:11:37.124981,2026-07-03T17:11:37.136073+00:00,115.8,200,ask,,,5994789
2026-07-03T17:11:38.995211,2026-07-03T17:11:38.998710+00:00,115.8,11,bid,,,5994824
2026-07-03T17:11:40.016586,2026-07-03T17:11:40.020396+00:00,115.8,12,bid,,,5994840
2026-07-03T17:11:41.605687,2026-07-03T17:11:41.642454+00:00,115.8,200,ask,,,5994861
2026-07-03T17:11:41.958978,2026-07-03T17:11:41.986607+00:00,115.8,200,bid,,,5994867
2026-07-03T17:11:44.226412,2026-07-03T17:11:44.233365+00:00,116.0,200,bid,,,5994905
2026-07-03T17:11:44.226412,2026-07-03T17:11:44.238405+00:00,116.0,425,bid,,,5994906
2026-07-03T17:11:45.572026,2026-07-03T17:11:45.580203+00:00,115.8,200,ask,,,5994919
2026-07-03T17:11:45.620802,2026-07-03T17:11:45.648878+00:00,115.8,200,bid,,,5994924
2026-07-03T17:11:46.832078,2026-07-03T17:11:46.858575+00:00,115.8,200,bid,,,5994949
2026-07-03T17:11:46.885367,2026-07-03T17:11:46.898428+00:00,116.0,500,bid,,,5994951
2026-07-03T17:11:46.885367,2026-07-03T17:11:46.898428+00:00,116.0,125,bid,,,5994952
2026-07-03T17:11:48.043182,2026-07-03T17:11:48.050228+00:00,115.9,200,bid,,,5994968
2026-07-03T17:11:48.215536,2026-07-03T17:11:48.219018+00:00,115.7,23,ask,,,5994974
2026-07-03T17:11:49.253955,2026-07-03T17:11:49.258666+00:00,115.8,200,bid,,,5994998
2026-07-03T17:11:49.509946,2026-07-03T17:11:49.516582+00:00,115.8,300,bid,,,5995001
2026-07-03T17:11:49.532610,2026-07-03T17:11:49.536757+00:00,115.8,12,ask,,,5995005
2026-07-03T17:11:49.887417,2026-07-03T17:11:49.898651+00:00,115.9,20,bid,,,5995012
2026-07-03T17:11:50.825424,2026-07-03T17:11:50.858621+00:00,115.6,200,ask,,,5995028
2026-07-03T17:11:54.805075,2026-07-03T17:11:54.814123+00:00,115.8,200,bid,,,5995082
2026-07-03T17:11:54.805075,2026-07-03T17:11:54.814123+00:00,115.9,425,bid,,,5995083
2026-07-03T17:11:55.324345,2026-07-03T17:11:55.328384+00:00,115.7,11,ask,,,5995088
2026-07-03T17:11:57.726403,2026-07-03T17:11:57.757565+00:00,115.8,200,bid,,,5995118
2026-07-03T17:11:58.918405,2026-07-03T17:11:58.936474+00:00,115.9,20,bid,,,5995138
2026-07-03T17:12:01.379483,2026-07-03T17:12:01.389101+00:00,115.8,200,bid,,,5995178
2026-07-03T17:12:01.653394,2026-07-03T17:12:01.658608+00:00,115.8,20,bid,,,5995180
2026-07-03T17:12:02.592830,2026-07-03T17:12:02.600869+00:00,115.7,200,bid,,,5995192
2026-07-03T17:12:05.013236,2026-07-03T17:12:05.044405+00:00,115.8,200,bid,,,5995223
2026-07-03T17:12:05.568930,2026-07-03T17:12:05.596867+00:00,115.7,500,ask,,,5995228
2026-07-03T17:12:06.165424,2026-07-03T17:12:06.168855+00:00,115.7,125,ask,,,5995236
2026-07-03T17:12:06.224509,2026-07-03T17:12:06.233664+00:00,115.7,200,bid,,,5995238
2026-07-03T17:12:07.434690,2026-07-03T17:12:07.452754+00:00,115.7,200,bid,,,5995259
2026-07-03T17:12:07.923822,2026-07-03T17:12:07.927906+00:00,115.5,11,bid,,,5995267
2026-07-03T17:12:08.554638,2026-07-03T17:12:08.559096+00:00,115.3,14,ask,,,5995281
2026-07-03T17:12:08.645370,2026-07-03T17:12:08.670513+00:00,115.5,200,bid,,,5995283
2026-07-03T17:12:09.325699,2026-07-03T17:12:09.335898+00:00,115.5,40,ask,,,5995300
2026-07-03T17:12:12.067936,2026-07-03T17:12:12.074530+00:00,115.8,20,bid,,,5995345
2026-07-03T17:12:13.152799,2026-07-03T17:12:13.191090+00:00,115.7,200,ask,,,5995362
2026-07-03T17:12:13.522176,2026-07-03T17:12:13.533199+00:00,115.7,20,bid,,,5995367
2026-07-03T17:12:15.770600,2026-07-03T17:12:15.779503+00:00,115.7,200,ask,,,5995403
2026-07-03T17:12:16.765186,2026-07-03T17:12:16.769050+00:00,115.7,40,bid,,,5995419
2026-07-03T17:12:17.118377,2026-07-03T17:12:17.140310+00:00,115.7,200,bid,,,5995426
2026-07-03T17:12:18.328950,2026-07-03T17:12:18.358551+00:00,115.7,200,bid,,,5995441
2026-07-03T17:12:19.872048,2026-07-03T17:12:19.880398+00:00,115.7,46,ask,,,5995465
2026-07-03T17:12:20.480738,2026-07-03T17:12:20.502533+00:00,115.7,20,ask,,,5995469
2026-07-03T17:12:21.902035,2026-07-03T17:12:21.938774+00:00,115.7,200,ask,,,5995488
2026-07-03T17:12:23.669660,2026-07-03T17:12:23.673678+00:00,115.6,3,bid,,,5995511
2026-07-03T17:12:23.704253,2026-07-03T17:12:23.710300+00:00,115.6,46,bid,,,5995513
2026-07-03T17:12:24.399733,2026-07-03T17:12:24.408504+00:00,115.6,200,bid,,,5995521
2026-07-03T17:12:24.989732,2026-07-03T17:12:25.017427+00:00,115.7,105,ask,,,5995532
2026-07-03T17:12:25.417009,2026-07-03T17:12:25.424790+00:00,115.8,20,bid,,,5995536
2026-07-03T17:12:25.614655,2026-07-03T17:12:25.622328+00:00,115.7,200,ask,,,5995543
2026-07-03T17:12:28.041471,2026-07-03T17:12:28.049753+00:00,115.8,200,bid,,,5995569
2026-07-03T17:12:28.192151,2026-07-03T17:12:28.223060+00:00,115.8,102,bid,,,5995571
2026-07-03T17:12:29.474791,2026-07-03T17:12:29.486405+00:00,115.7,50,ask,,,5995586
2026-07-03T17:12:30.210667,2026-07-03T17:12:30.229330+00:00,115.7,150,ask,,,5995598
2026-07-03T17:12:30.756986,2026-07-03T17:12:30.758607+00:00,115.6,40,ask,,,5995612
2026-07-03T17:12:32.849727,2026-07-03T17:12:32.854037+00:00,115.7,3,ask,,,5995646
2026-07-03T17:12:32.900789,2026-07-03T17:12:32.911316+00:00,115.7,200,ask,,,5995647
2026-07-03T17:12:33.096963,2026-07-03T17:12:33.102383+00:00,115.7,20,ask,,,5995649
2026-07-03T17:12:34.155877,2026-07-03T17:12:34.167801+00:00,115.6,200,ask,,,5995675
2026-07-03T17:12:34.173809,2026-07-03T17:12:34.177784+00:00,115.6,14,bid,,,5995677
2026-07-03T17:12:34.356536,2026-07-03T17:12:34.358565+00:00,115.6,93,bid,,,5995682
2026-07-03T17:12:35.316177,2026-07-03T17:12:35.326536+00:00,115.6,200,bid,,,5995704
2026-07-03T17:12:37.027614,2026-07-03T17:12:37.031880+00:00,115.6,14,ask,,,5995724
2026-07-03T17:12:38.086119,2026-07-03T17:12:38.120812+00:00,115.7,500,bid,,,5995748
2026-07-03T17:12:38.086119,2026-07-03T17:12:38.120812+00:00,115.7,125,bid,,,5995749
2026-07-03T17:12:39.397841,2026-07-03T17:12:39.423825+00:00,115.5,200,ask,,,5995767
2026-07-03T17:12:39.430247,2026-07-03T17:12:39.434066+00:00,115.5,3,bid,,,5995769
2026-07-03T17:12:40.168097,2026-07-03T17:12:40.172799+00:00,115.4,11,bid,,,5995775
2026-07-03T17:12:40.716082,2026-07-03T17:12:40.723051+00:00,115.4,189,bid,,,5995781
2026-07-03T17:12:42.027118,2026-07-03T17:12:42.052659+00:00,115.5,200,bid,,,5995800
2026-07-03T17:12:46.133487,2026-07-03T17:12:46.158656+00:00,115.5,200,ask,,,5995845
2026-07-03T17:12:46.133487,2026-07-03T17:12:46.158656+00:00,115.5,300,ask,,,5995846
2026-07-03T17:12:46.255835,2026-07-03T17:12:46.258641+00:00,115.7,20,bid,,,5995852
2026-07-03T17:12:46.725223,2026-07-03T17:12:46.732916+00:00,115.5,325,ask,,,5995863
2026-07-03T17:12:46.725223,2026-07-03T17:12:46.738167+00:00,115.5,175,ask,,,5995864
2026-07-03T17:12:47.273417,2026-07-03T17:12:47.283866+00:00,115.5,25,ask,,,5995874
2026-07-03T17:12:47.388695,2026-07-03T17:12:47.397785+00:00,115.3,200,bid,,,5995876
2026-07-03T17:12:47.572285,2026-07-03T17:12:47.579648+00:00,115.1,20,ask,,,5995879
2026-07-03T17:12:49.649956,2026-07-03T17:12:49.661365+00:00,115.3,20,ask,,,5995911
2026-07-03T17:12:49.678209,2026-07-03T17:12:49.682078+00:00,115.3,14,ask,,,5995914
2026-07-03T17:12:49.703568,2026-07-03T17:12:49.712863+00:00,115.3,136,ask,,,5995916
2026-07-03T17:12:49.893911,2026-07-03T17:12:49.901262+00:00,115.4,500,bid,,,5995918
2026-07-03T17:12:49.893911,2026-07-03T17:12:49.906289+00:00,115.4,125,bid,,,5995919
2026-07-03T17:12:50.906176,2026-07-03T17:12:50.927615+00:00,115.4,20,bid,,,5995922
2026-07-03T17:12:51.207098,2026-07-03T17:12:51.233378+00:00,115.1,200,ask,,,5995935
2026-07-03T17:12:53.823769,2026-07-03T17:12:53.832070+00:00,115.0,200,bid,,,5995973
2026-07-03T17:12:55.489097,2026-07-03T17:12:55.506181+00:00,115.2,46,bid,,,5995988
2026-07-03T17:12:57.179653,2026-07-03T17:12:57.204009+00:00,115.1,47,bid,,,5996014
2026-07-03T17:12:58.255670,2026-07-03T17:12:58.295205+00:00,114.9,20,ask,,,5996031
2026-07-03T17:13:00.709473,2026-07-03T17:13:00.717798+00:00,115.0,200,ask,,,5996059
2026-07-03T17:13:04.186056,2026-07-03T17:13:04.214192+00:00,115.0,20,ask,,,5996097
2026-07-03T17:13:04.896060,2026-07-03T17:13:04.903949+00:00,115.1,200,bid,,,5996106
2026-07-03T17:13:05.232737,2026-07-03T17:13:05.235026+00:00,115.1,50,ask,,,5996114
2026-07-03T17:13:05.551490,2026-07-03T17:13:05.585695+00:00,115.1,200,ask,,,5996121
2026-07-03T17:13:05.662672,2026-07-03T17:13:05.669091+00:00,115.1,300,ask,,,5996123
2026-07-03T17:13:06.128131,2026-07-03T17:13:06.149464+00:00,115.1,325,bid,,,5996127
2026-07-03T17:13:10.386398,2026-07-03T17:13:10.396361+00:00,115.2,200,bid,,,5996185
2026-07-03T17:13:12.149964,2026-07-03T17:13:12.158608+00:00,115.3,20,ask,,,5996215
2026-07-03T17:13:13.518735,2026-07-03T17:13:13.530054+00:00,115.3,200,bid,,,5996233
2026-07-03T17:13:13.518735,2026-07-03T17:13:13.530054+00:00,115.3,425,bid,,,5996234
2026-07-03T17:13:14.810945,2026-07-03T17:13:14.815743+00:00,115.3,20,bid,,,5996250
2026-07-03T17:13:14.833444,2026-07-03T17:13:14.858601+00:00,115.2,200,ask,,,5996251
2026-07-03T17:13:15.232221,2026-07-03T17:13:15.239609+00:00,115.2,200,bid,,,5996256
2026-07-03T17:13:17.449886,2026-07-03T17:13:17.476960+00:00,115.2,500,bid,,,5996291
2026-07-03T17:13:17.449886,2026-07-03T17:13:17.476960+00:00,115.3,125,bid,,,5996292
2026-07-03T17:13:17.653667,2026-07-03T17:13:17.658628+00:00,115.2,200,bid,,,5996294
2026-07-03T17:13:18.796650,2026-07-03T17:13:18.800649+00:00,115.0,14,bid,,,5996310
2026-07-03T17:13:18.861834,2026-07-03T17:13:18.871544+00:00,115.0,200,bid,,,5996313
2026-07-03T17:13:18.882951,2026-07-03T17:13:18.892979+00:00,115.0,93,bid,,,5996316
2026-07-03T17:13:19.863990,2026-07-03T17:13:19.867416+00:00,114.8,14,ask,,,5996335
2026-07-03T17:13:20.071137,2026-07-03T17:13:20.118248+00:00,115.1,200,bid,,,5996340
2026-07-03T17:13:24.000098,2026-07-03T17:13:24.010368+00:00,115.1,200,bid,,,5996399
2026-07-03T17:13:24.486521,2026-07-03T17:13:24.490187+00:00,115.2,3,bid,,,5996412
2026-07-03T17:13:25.311198,2026-07-03T17:13:25.351298+00:00,115.0,200,ask,,,5996424
2026-07-03T17:13:25.347312,2026-07-03T17:13:25.351298+00:00,115.0,23,bid,,,5996426
2026-07-03T17:13:27.702729,2026-07-03T17:13:27.706595+00:00,115.0,12,ask,,,5996460
2026-07-03T17:13:27.939900,2026-07-03T17:13:27.946869+00:00,115.0,200,ask,,,5996463
2026-07-03T17:13:28.544932,2026-07-03T17:13:28.554351+00:00,115.0,200,bid,,,5996472
2026-07-03T17:13:31.873561,2026-07-03T17:13:31.887102+00:00,114.9,200,ask,,,5996508
2026-07-03T17:13:33.382326,2026-07-03T17:13:33.391017+00:00,114.8,200,ask,,,5996534
2026-07-03T17:13:34.008005,2026-07-03T17:13:34.012485+00:00,114.8,11,ask,,,5996544
2026-07-03T17:13:34.840756,2026-07-03T17:13:34.852446+00:00,114.8,50,ask,,,5996559
2026-07-03T17:13:35.823087,2026-07-03T17:13:35.832141+00:00,114.9,200,bid,,,5996568
2026-07-03T17:13:35.898081,2026-07-03T17:13:35.931642+00:00,114.8,1,bid,,,5996573
2026-07-03T17:13:39.127625,2026-07-03T17:13:39.133710+00:00,114.8,20,bid,,,5996620
2026-07-03T17:13:43.107586,2026-07-03T17:13:43.135448+00:00,114.7,200,bid,,,5996661
2026-07-03T17:13:43.290073,2026-07-03T17:13:43.296750+00:00,114.5,50,ask,,,5996663
2026-07-03T17:13:44.266217,2026-07-03T17:13:44.270341+00:00,114.6,3,ask,,,5996679
2026-07-03T17:13:45.010209,2026-07-03T17:13:45.030293+00:00,114.6,200,ask,,,5996696
2026-07-03T17:13:45.010209,2026-07-03T17:13:45.030293+00:00,114.6,425,ask,,,5996697
2026-07-03T17:13:45.397813,2026-07-03T17:13:45.409103+00:00,114.6,50,ask,,,5996700
2026-07-03T17:13:45.878500,2026-07-03T17:13:45.889931+00:00,114.5,20,ask,,,5996703
2026-07-03T17:13:46.316962,2026-07-03T17:13:46.351345+00:00,114.7,200,bid,,,5996708
2026-07-03T17:13:46.347547,2026-07-03T17:13:46.351345+00:00,114.9,3,ask,,,5996711
2026-07-03T17:13:46.458114,2026-07-03T17:13:46.469309+00:00,114.9,51,ask,,,5996715
2026-07-03T17:13:46.594613,2026-07-03T17:13:46.599202+00:00,115.1,3,bid,,,5996718
2026-07-03T17:13:46.744455,2026-07-03T17:13:46.748318+00:00,115.0,3,bid,,,5996725
2026-07-03T17:13:46.888139,2026-07-03T17:13:46.915026+00:00,115.0,44,bid,,,5996729
2026-07-03T17:13:47.529111,2026-07-03T17:13:47.532024+00:00,114.9,44,ask,,,5996739
2026-07-03T17:13:47.946779,2026-07-03T17:13:47.958574+00:00,115.0,42,bid,,,5996746
2026-07-03T17:13:49.638758,2026-07-03T17:13:49.646219+00:00,114.8,35,ask,,,5996772
2026-07-03T17:13:50.248200,2026-07-03T17:13:50.249672+00:00,114.9,200,bid,,,5996776
2026-07-03T17:13:50.264282,2026-07-03T17:13:50.268008+00:00,114.9,3,ask,,,5996778
2026-07-03T17:13:50.358509,2026-07-03T17:13:50.387418+00:00,114.9,200,ask,,,5996780
2026-07-03T17:13:50.439671,2026-07-03T17:13:50.446449+00:00,115.0,20,bid,,,5996781
2026-07-03T17:13:52.798915,2026-07-03T17:13:52.805548+00:00,114.9,200,bid,,,5996814
2026-07-03T17:13:53.073981,2026-07-03T17:13:53.081268+00:00,114.8,7,ask,,,5996818
2026-07-03T17:13:55.525396,2026-07-03T17:13:55.548020+00:00,114.8,200,ask,,,5996848
2026-07-03T17:13:55.525396,2026-07-03T17:13:55.553348+00:00,114.7,425,ask,,,5996849
2026-07-03T17:13:55.588742,2026-07-03T17:13:55.595009+00:00,115.0,20,bid,,,5996850
2026-07-03T17:13:56.834378,2026-07-03T17:13:56.881945+00:00,114.9,200,bid,,,5996867
2026-07-03T17:13:56.876944,2026-07-03T17:13:56.881945+00:00,114.9,3,ask,,,5996871
2026-07-03T17:13:58.852489,2026-07-03T17:13:58.863872+00:00,115.0,200,bid,,,5996898
2026-07-03T17:14:01.272612,2026-07-03T17:14:01.309054+00:00,115.0,200,bid,,,5996940
2026-07-03T17:14:02.465795,2026-07-03T17:14:02.470004+00:00,115.0,34,ask,,,5996957
2026-07-03T17:14:06.120931,2026-07-03T17:14:06.131782+00:00,115.0,200,ask,,,5997012
2026-07-03T17:14:09.254447,2026-07-03T17:14:09.265840+00:00,115.0,20,ask,,,5997049
2026-07-03T17:14:09.755814,2026-07-03T17:14:09.758566+00:00,115.0,200,ask,,,5997057
2026-07-03T17:14:10.962777,2026-07-03T17:14:10.985456+00:00,115.0,200,bid,,,5997077
2026-07-03T17:14:13.862674,2026-07-03T17:14:13.869590+00:00,115.0,200,ask,,,5997124
2026-07-03T17:14:15.171396,2026-07-03T17:14:15.194588+00:00,115.0,200,bid,,,5997147
2026-07-03T17:14:16.145971,2026-07-03T17:14:16.157374+00:00,115.2,20,bid,,,5997161
2026-07-03T17:14:17.787988,2026-07-03T17:14:17.795319+00:00,115.0,200,bid,,,5997188
2026-07-03T17:14:18.212891,2026-07-03T17:14:18.228781+00:00,115.1,200,ask,,,5997192
2026-07-03T17:14:20.439321,2026-07-03T17:14:20.443588+00:00,115.1,11,bid,,,5997227
2026-07-03T17:14:20.628204,2026-07-03T17:14:20.639658+00:00,115.1,200,bid,,,5997229
2026-07-03T17:14:22.126376,2026-07-03T17:14:22.144980+00:00,115.3,20,bid,,,5997245
2026-07-03T17:14:22.459909,2026-07-03T17:14:22.485256+00:00,115.2,20,bid,,,5997253
2026-07-03T17:14:25.461227,2026-07-03T17:14:25.469019+00:00,115.3,200,bid,,,5997298
2026-07-03T17:14:25.464728,2026-07-03T17:14:25.484471+00:00,115.1,20,ask,,,5997299
2026-07-03T17:14:25.642332,2026-07-03T17:14:25.684422+00:00,115.3,500,bid,,,5997302
2026-07-03T17:14:26.030445,2026-07-03T17:14:26.055685+00:00,115.3,125,ask,,,5997304
2026-07-03T17:14:26.645679,2026-07-03T17:14:26.649443+00:00,115.2,12,bid,,,5997318
2026-07-03T17:14:26.948847,2026-07-03T17:14:26.956083+00:00,115.2,488,bid,,,5997322
2026-07-03T17:14:27.228843,2026-07-03T17:14:27.264274+00:00,115.2,137,ask,,,5997328
2026-07-03T17:14:27.878891,2026-07-03T17:14:27.922124+00:00,115.2,200,bid,,,5997340
2026-07-03T17:14:28.516395,2026-07-03T17:14:28.533194+00:00,115.2,20,bid,,,5997350
2026-07-03T17:14:29.040196,2026-07-03T17:14:29.053665+00:00,115.1,500,ask,,,5997356
2026-07-03T17:14:29.566444,2026-07-03T17:14:29.585538+00:00,115.1,200,ask,,,5997359
2026-07-03T17:14:29.581712,2026-07-03T17:14:29.585538+00:00,115.0,14,bid,,,5997361
2026-07-03T17:14:30.290947,2026-07-03T17:14:30.317842+00:00,115.0,200,bid,,,5997367
2026-07-03T17:14:30.794168,2026-07-03T17:14:30.809642+00:00,114.8,20,ask,,,5997374
2026-07-03T17:14:31.501212,2026-07-03T17:14:31.510309+00:00,115.0,500,ask,,,5997388
2026-07-03T17:14:32.078571,2026-07-03T17:14:32.085449+00:00,115.1,200,ask,,,5997394
2026-07-03T17:14:32.730597,2026-07-03T17:14:32.739316+00:00,114.9,200,bid,,,5997407
2026-07-03T17:14:33.475566,2026-07-03T17:14:33.487286+00:00,114.7,20,ask,,,5997419
2026-07-03T17:14:36.070336,2026-07-03T17:14:36.079811+00:00,114.9,50,bid,,,5997446
2026-07-03T17:14:40.314825,2026-07-03T17:14:40.349382+00:00,114.7,50,bid,,,5997505
2026-07-03T17:14:40.355540,2026-07-03T17:14:40.359456+00:00,114.7,3,bid,,,5997507
2026-07-03T17:14:40.559181,2026-07-03T17:14:40.566671+00:00,114.7,100,bid,,,5997509
2026-07-03T17:14:43.621225,2026-07-03T17:14:43.623813+00:00,114.6,200,bid,,,5997546
2026-07-03T17:14:46.626554,2026-07-03T17:14:46.637721+00:00,114.7,200,bid,,,5997589
2026-07-03T17:14:46.654380,2026-07-03T17:14:46.658250+00:00,114.7,3,ask,,,5997596
2026-07-03T17:14:46.774292,2026-07-03T17:14:46.805973+00:00,114.7,150,ask,,,5997598
2026-07-03T17:14:46.988544,2026-07-03T17:14:47.018699+00:00,114.7,44,ask,,,5997600
2026-07-03T17:14:47.536933,2026-07-03T17:14:47.558594+00:00,114.8,20,bid,,,5997611
2026-07-03T17:14:49.672904,2026-07-03T17:14:49.682550+00:00,114.6,200,bid,,,5997640
2026-07-03T17:14:50.882248,2026-07-03T17:14:50.911055+00:00,114.8,200,bid,,,5997659
2026-07-03T17:14:52.669650,2026-07-03T17:14:52.677028+00:00,114.9,20,bid,,,5997686
2026-07-03T17:14:53.187616,2026-07-03T17:14:53.197712+00:00,114.9,180,bid,,,5997697
2026-07-03T17:14:53.300700,2026-07-03T17:14:53.311630+00:00,114.9,200,ask,,,5997702
2026-07-03T17:14:56.852069,2026-07-03T17:14:56.858602+00:00,114.8,20,bid,,,5997749
2026-07-03T17:14:57.135864,2026-07-03T17:14:57.146748+00:00,114.8,200,bid,,,5997758
2026-07-03T17:14:58.480948,2026-07-03T17:14:58.484897+00:00,114.8,3,bid,,,5997774
2026-07-03T17:14:58.599689,2026-07-03T17:14:58.603909+00:00,114.8,97,bid,,,5997778
2026-07-03T17:14:59.341016,2026-07-03T17:14:59.358549+00:00,114.8,200,bid,,,5997786
2026-07-03T17:14:59.451699,2026-07-03T17:14:59.474940+00:00,114.8,97,bid,,,5997788
2026-07-03T17:15:06.298827,2026-07-03T17:15:06.305233+00:00,115.0,200,bid,,,5997877
2026-07-03T17:15:06.656561,2026-07-03T17:15:06.658620+00:00,115.1,200,ask,,,5997883
2026-07-03T17:15:08.820866,2026-07-03T17:15:08.825067+00:00,115.2,23,bid,,,5997913
2026-07-03T17:15:09.078117,2026-07-03T17:15:09.104352+00:00,115.1,200,ask,,,5997919
2026-07-03T17:15:10.317974,2026-07-03T17:15:10.322263+00:00,115.1,11,bid,,,5997935
2026-07-03T17:15:11.494579,2026-07-03T17:15:11.506224+00:00,115.0,200,ask,,,5997962
2026-07-03T17:15:13.265391,2026-07-03T17:15:13.269217+00:00,115.1,11,ask,,,5997984
2026-07-03T17:15:14.160602,2026-07-03T17:15:14.189809+00:00,115.1,500,ask,,,5997996
2026-07-03T17:15:14.160602,2026-07-03T17:15:14.189809+00:00,115.1,125,ask,,,5997997
2026-07-03T17:15:15.467019,2026-07-03T17:15:15.472160+00:00,115.2,200,bid,,,5998020
2026-07-03T17:15:16.325423,2026-07-03T17:15:16.333912+00:00,115.2,200,ask,,,5998040
2026-07-03T17:15:16.778312,2026-07-03T17:15:16.808016+00:00,115.1,500,ask,,,5998044
2026-07-03T17:15:16.859710,2026-07-03T17:15:16.901503+00:00,115.1,125,bid,,,5998046
2026-07-03T17:15:17.577584,2026-07-03T17:15:17.582199+00:00,115.2,12,ask,,,5998063
2026-07-03T17:15:23.123350,2026-07-03T17:15:23.129737+00:00,115.4,20,bid,,,5998148
2026-07-03T17:15:24.647594,2026-07-03T17:15:24.668361+00:00,115.4,200,bid,,,5998169
2026-07-03T17:15:24.664398,2026-07-03T17:15:24.668361+00:00,115.5,11,ask,,,5998171
2026-07-03T17:15:24.793353,2026-07-03T17:15:24.816800+00:00,115.5,200,ask,,,5998173
2026-07-03T17:15:27.875520,2026-07-03T17:15:27.912589+00:00,115.3,35,ask,,,5998208
2026-07-03T17:15:28.416991,2026-07-03T17:15:28.435397+00:00,115.3,200,ask,,,5998211
2026-07-03T17:15:28.602023,2026-07-03T17:15:28.603695+00:00,115.3,300,ask,,,5998213
2026-07-03T17:15:28.960066,2026-07-03T17:15:29.008280+00:00,115.3,325,bid,,,5998222
2026-07-03T17:15:29.624003,2026-07-03T17:15:29.632766+00:00,115.4,200,ask,,,5998230
2026-07-03T17:15:31.219352,2026-07-03T17:15:31.226642+00:00,115.4,200,bid,,,5998250
2026-07-03T17:15:32.529305,2026-07-03T17:15:32.536284+00:00,115.4,200,ask,,,5998272
2026-07-03T17:15:33.254666,2026-07-03T17:15:33.254234+00:00,115.4,200,bid,,,5998278
2026-07-03T17:15:34.227093,2026-07-03T17:15:34.231051+00:00,115.3,3,ask,,,5998301
2026-07-03T17:15:34.271361,2026-07-03T17:15:34.290158+00:00,115.3,147,ask,,,5998303
2026-07-03T17:15:35.118966,2026-07-03T17:15:35.121415+00:00,115.5,50,bid,,,5998313
2026-07-03T17:15:35.155482,2026-07-03T17:15:35.158820+00:00,115.3,200,ask,,,5998314
2026-07-03T17:15:35.673258,2026-07-03T17:15:35.688895+00:00,115.3,200,bid,,,5998318
2026-07-03T17:15:36.665073,2026-07-03T17:15:36.676634+00:00,115.5,20,bid,,,5998337
2026-07-03T17:15:36.887631,2026-07-03T17:15:36.895949+00:00,115.4,200,ask,,,5998341
2026-07-03T17:15:39.307869,2026-07-03T17:15:39.333200+00:00,115.4,200,ask,,,5998379
2026-07-03T17:15:39.335895,2026-07-03T17:15:39.343417+00:00,115.6,50,bid,,,5998380
2026-07-03T17:15:41.456535,2026-07-03T17:15:41.465375+00:00,115.5,50,bid,,,5998409
2026-07-03T17:15:41.735920,2026-07-03T17:15:41.757488+00:00,115.3,200,ask,,,5998414
2026-07-03T17:15:42.556980,2026-07-03T17:15:42.565256+00:00,115.5,32,bid,,,5998424
2026-07-03T17:15:43.047761,2026-07-03T17:15:43.058589+00:00,115.3,200,ask,,,5998432
2026-07-03T17:15:44.151372,2026-07-03T17:15:44.158628+00:00,115.3,200,bid,,,5998445
2026-07-03T17:15:46.577106,2026-07-03T17:15:46.593233+00:00,115.5,200,bid,,,5998483
2026-07-03T17:15:47.767007,2026-07-03T17:15:47.816547+00:00,115.5,50,ask,,,5998506
2026-07-03T17:15:48.995036,2026-07-03T17:15:49.005397+00:00,115.6,200,bid,,,5998513
2026-07-03T17:15:50.076978,2026-07-03T17:15:50.083933+00:00,115.5,50,ask,,,5998522
2026-07-03T17:15:56.260443,2026-07-03T17:15:56.289504+00:00,115.6,200,bid,,,5998614
2026-07-03T17:15:58.677347,2026-07-03T17:15:58.680333+00:00,115.6,200,bid,,,5998651
2026-07-03T17:15:59.493649,2026-07-03T17:15:59.505277+00:00,115.8,20,bid,,,5998665
2026-07-03T17:16:03.520238,2026-07-03T17:16:03.527284+00:00,115.7,200,ask,,,5998715
2026-07-03T17:16:04.299363,2026-07-03T17:16:04.305917+00:00,115.7,47,bid,,,5998728
2026-07-03T17:16:05.324326,2026-07-03T17:16:05.326228+00:00,115.6,500,ask,,,5998741
2026-07-03T17:16:05.870573,2026-07-03T17:16:05.910898+00:00,115.6,125,bid,,,5998751
2026-07-03T17:16:05.870573,2026-07-03T17:16:05.910898+00:00,115.7,200,bid,,,5998752
2026-07-03T17:16:06.000808,2026-07-03T17:16:06.031232+00:00,115.7,87,ask,,,5998754
2026-07-03T17:16:06.843553,2026-07-03T17:16:06.851142+00:00,115.7,50,ask,,,5998763
2026-07-03T17:16:07.882382,2026-07-03T17:16:07.900373+00:00,115.7,20,ask,,,5998772
2026-07-03T17:16:08.106958,2026-07-03T17:16:08.118459+00:00,115.8,10,ask,,,5998776
2026-07-03T17:16:09.268930,2026-07-03T17:16:09.277380+00:00,115.8,20,ask,,,5998791
2026-07-03T17:16:09.548472,2026-07-03T17:16:09.558853+00:00,116.0,20,bid,,,5998797
2026-07-03T17:16:10.555430,2026-07-03T17:16:10.558595+00:00,115.9,200,bid,,,5998807
2026-07-03T17:16:14.514994,2026-07-03T17:16:14.531598+00:00,116.0,20,ask,,,5998862
2026-07-03T17:16:18.045488,2026-07-03T17:16:18.058599+00:00,116.0,200,bid,,,5998920
2026-07-03T17:16:18.542308,2026-07-03T17:16:18.546795+00:00,116.0,26,ask,,,5998931
2026-07-03T17:16:19.255599,2026-07-03T17:16:19.264257+00:00,116.0,200,ask,,,5998942
2026-07-03T17:16:20.463727,2026-07-03T17:16:20.474910+00:00,116.0,200,ask,,,5998963
2026-07-03T17:16:21.654163,2026-07-03T17:16:21.659042+00:00,116.1,12,bid,,,5998979
2026-07-03T17:16:21.669997,2026-07-03T17:16:21.685131+00:00,115.9,200,ask,,,5998981
2026-07-03T17:16:22.387280,2026-07-03T17:16:22.390830+00:00,116.0,11,bid,,,5998990
2026-07-03T17:16:24.855248,2026-07-03T17:16:24.859050+00:00,115.9,11,ask,,,5999032
2026-07-03T17:16:26.521298,2026-07-03T17:16:26.544921+00:00,115.9,200,ask,,,5999054
2026-07-03T17:16:27.733305,2026-07-03T17:16:27.758667+00:00,115.8,200,ask,,,5999066
2026-07-03T17:16:28.919963,2026-07-03T17:16:28.975006+00:00,115.8,500,ask,,,5999089
2026-07-03T17:16:28.970961,2026-07-03T17:16:28.975006+00:00,115.8,14,bid,,,5999092
2026-07-03T17:16:29.273880,2026-07-03T17:16:29.281991+00:00,115.7,20,ask,,,5999097
2026-07-03T17:16:30.094629,2026-07-03T17:16:30.140497+00:00,115.8,111,bid,,,5999115
2026-07-03T17:16:30.225728,2026-07-03T17:16:30.238588+00:00,115.9,200,bid,,,5999120
2026-07-03T17:16:30.235023,2026-07-03T17:16:30.238588+00:00,115.9,3,ask,,,5999122
2026-07-03T17:16:31.361205,2026-07-03T17:16:31.369205+00:00,115.9,200,ask,,,5999132
2026-07-03T17:16:31.542038,2026-07-03T17:16:31.551847+00:00,115.8,500,ask,,,5999138
2026-07-03T17:16:31.916586,2026-07-03T17:16:31.941924+00:00,115.8,125,bid,,,5999142
2026-07-03T17:16:33.805937,2026-07-03T17:16:33.810057+00:00,116.0,11,ask,,,5999172
2026-07-03T17:16:34.160143,2026-07-03T17:16:34.184576+00:00,116.0,189,ask,,,5999178
2026-07-03T17:16:36.193254,2026-07-03T17:16:36.219186+00:00,116.0,200,ask,,,5999204
2026-07-03T17:16:36.845286,2026-07-03T17:16:36.849552+00:00,116.0,11,bid,,,5999220
2026-07-03T17:16:37.404406,2026-07-03T17:16:37.440964+00:00,116.0,200,bid,,,5999226
2026-07-03T17:16:43.461768,2026-07-03T17:16:43.490242+00:00,116.0,200,ask,,,5999297
2026-07-03T17:16:45.910689,2026-07-03T17:16:45.925818+00:00,116.0,200,ask,,,5999329
2026-07-03T17:16:45.996526,2026-07-03T17:16:46.007253+00:00,116.0,500,ask,,,5999332
2026-07-03T17:16:46.041560,2026-07-03T17:16:46.052783+00:00,115.8,20,ask,,,5999333
2026-07-03T17:16:46.451406,2026-07-03T17:16:46.457436+00:00,116.0,125,bid,,,5999337
2026-07-03T17:16:47.127120,2026-07-03T17:16:47.158610+00:00,116.0,200,ask,,,5999345
2026-07-03T17:16:47.335532,2026-07-03T17:16:47.339534+00:00,116.2,11,ask,,,5999349
2026-07-03T17:16:48.341836,2026-07-03T17:16:48.358672+00:00,116.2,200,ask,,,5999361
2026-07-03T17:16:49.564090,2026-07-03T17:16:49.567601+00:00,116.2,11,bid,,,5999380
2026-07-03T17:16:50.699870,2026-07-03T17:16:50.709571+00:00,116.2,189,bid,,,5999402
2026-07-03T17:16:50.699870,2026-07-03T17:16:50.709571+00:00,116.2,311,bid,,,5999403
2026-07-03T17:16:50.754733,2026-07-03T17:16:50.764394+00:00,116.2,200,bid,,,5999404
2026-07-03T17:16:52.551412,2026-07-03T17:16:52.584725+00:00,116.4,200,bid,,,5999425
2026-07-03T17:16:53.866569,2026-07-03T17:16:53.886005+00:00,116.5,200,ask,,,5999452
2026-07-03T17:16:54.378615,2026-07-03T17:16:54.387670+00:00,116.5,200,bid,,,5999465
2026-07-03T17:16:59.110312,2026-07-03T17:16:59.120969+00:00,116.5,200,ask,,,5999534
2026-07-03T17:16:59.211592,2026-07-03T17:16:59.231969+00:00,116.5,200,bid,,,5999535
2026-07-03T17:17:01.635200,2026-07-03T17:17:01.644036+00:00,116.5,200,ask,,,5999579
2026-07-03T17:17:01.850024,2026-07-03T17:17:01.858603+00:00,116.3,20,ask,,,5999582
2026-07-03T17:17:09.143740,2026-07-03T17:17:09.147886+00:00,116.6,3,bid,,,5999696
2026-07-03T17:17:10.787202,2026-07-03T17:17:10.812386+00:00,116.6,20,bid,,,5999716
2026-07-03T17:17:13.547541,2026-07-03T17:17:13.554079+00:00,116.4,200,ask,,,5999750
2026-07-03T17:17:13.741901,2026-07-03T17:17:13.745110+00:00,116.4,200,bid,,,5999757
2026-07-03T17:17:14.875708,2026-07-03T17:17:14.879936+00:00,116.5,14,ask,,,5999772
2026-07-03T17:17:15.806724,2026-07-03T17:17:15.838494+00:00,116.5,20,ask,,,5999783
2026-07-03T17:17:18.653360,2026-07-03T17:17:18.657622+00:00,116.6,11,bid,,,5999816
2026-07-03T17:17:18.812418,2026-07-03T17:17:18.816233+00:00,116.5,3,bid,,,5999821
2026-07-03T17:17:19.722743,2026-07-03T17:17:19.729410+00:00,116.4,20,ask,,,5999832
2026-07-03T17:17:21.441899,2026-07-03T17:17:21.454832+00:00,116.3,500,ask,,,5999864
2026-07-03T17:17:21.441899,2026-07-03T17:17:21.454832+00:00,116.3,125,ask,,,5999865
2026-07-03T17:17:22.750495,2026-07-03T17:17:22.758551+00:00,116.4,200,bid,,,5999879
2026-07-03T17:17:23.435199,2026-07-03T17:17:23.457438+00:00,116.5,200,ask,,,5999891
2026-07-03T17:17:27.988371,2026-07-03T17:17:27.990316+00:00,116.6,200,ask,,,5999963
2026-07-03T17:17:28.152324,2026-07-03T17:17:28.150335+00:00,116.6,20,bid,,,5999965
2026-07-03T17:17:28.271081,2026-07-03T17:17:28.281329+00:00,116.6,200,bid,,,5999967
2026-07-03T17:17:31.911849,2026-07-03T17:17:31.921180+00:00,116.8,200,bid,,,6000020
2026-07-03T17:17:33.236425,2026-07-03T17:17:33.241318+00:00,116.8,500,bid,,,6000034
2026-07-03T17:17:33.700896,2026-07-03T17:17:33.711805+00:00,116.8,125,ask,,,6000037
2026-07-03T17:17:35.555812,2026-07-03T17:17:35.558588+00:00,116.7,200,bid,,,6000060
2026-07-03T17:17:35.855821,2026-07-03T17:17:35.856883+00:00,116.8,500,bid,,,6000065
2026-07-03T17:17:36.109164,2026-07-03T17:17:36.118051+00:00,116.8,125,ask,,,6000067
2026-07-03T17:17:36.763806,2026-07-03T17:17:36.790102+00:00,116.8,200,bid,,,6000079
2026-07-03T17:17:37.436962,2026-07-03T17:17:37.445262+00:00,116.6,20,ask,,,6000088
2026-07-03T17:17:38.556039,2026-07-03T17:17:38.569241+00:00,116.7,200,ask,,,6000107
2026-07-03T17:17:38.556039,2026-07-03T17:17:38.569241+00:00,116.7,300,ask,,,6000108
2026-07-03T17:17:39.765401,2026-07-03T17:17:39.806723+00:00,116.7,325,ask,,,6000122
2026-07-03T17:17:39.794078,2026-07-03T17:17:39.806723+00:00,116.6,200,ask,,,6000124
2026-07-03T17:17:41.958532,2026-07-03T17:17:41.969712+00:00,116.6,20,ask,,,6000158
2026-07-03T17:17:44.025149,2026-07-03T17:17:44.054251+00:00,116.6,200,bid,,,6000190
2026-07-03T17:17:45.627263,2026-07-03T17:17:45.631242+00:00,116.5,3,ask,,,6000219
2026-07-03T17:17:46.693509,2026-07-03T17:17:46.706480+00:00,116.7,20,bid,,,6000235
2026-07-03T17:17:47.723365,2026-07-03T17:17:47.727858+00:00,116.6,11,ask,,,6000257
2026-07-03T17:17:50.311352,2026-07-03T17:17:50.315686+00:00,116.6,23,ask,,,6000284
2026-07-03T17:17:51.592924,2026-07-03T17:17:51.600123+00:00,116.8,200,bid,,,6000303
2026-07-03T17:17:51.613313,2026-07-03T17:17:51.617422+00:00,116.9,27,ask,,,6000307
2026-07-03T17:17:52.539097,2026-07-03T17:17:52.549270+00:00,116.9,200,ask,,,6000321
2026-07-03T17:17:52.911433,2026-07-03T17:17:52.931657+00:00,116.7,200,ask,,,6000326
2026-07-03T17:17:52.927319,2026-07-03T17:17:52.931657+00:00,116.7,15,bid,,,6000328
2026-07-03T17:17:53.743621,2026-07-03T17:17:53.754850+00:00,116.7,200,bid,,,6000343
2026-07-03T17:17:56.844848,2026-07-03T17:17:56.869698+00:00,116.8,200,bid,,,6000382
2026-07-03T17:17:56.865909,2026-07-03T17:17:56.869698+00:00,116.8,11,ask,,,6000386
2026-07-03T17:17:57.385509,2026-07-03T17:17:57.413196+00:00,116.8,200,ask,,,6000394
2026-07-03T17:17:59.471849,2026-07-03T17:17:59.483326+00:00,116.6,200,ask,,,6000417
2026-07-03T17:17:59.799554,2026-07-03T17:17:59.808290+00:00,116.6,200,bid,,,6000421
2026-07-03T17:18:00.587200,2026-07-03T17:18:00.598962+00:00,116.5,20,ask,,,6000435
2026-07-03T17:18:02.108169,2026-07-03T17:18:02.112090+00:00,116.7,11,ask,,,6000450
2026-07-03T17:18:03.405042,2026-07-03T17:18:03.432923+00:00,116.7,200,ask,,,6000463
2026-07-03T17:18:03.462538,2026-07-03T17:18:03.467098+00:00,116.7,22,bid,,,6000466
2026-07-03T17:18:06.143955,2026-07-03T17:18:06.148678+00:00,116.6,22,ask,,,6000501
2026-07-03T17:18:08.319022,2026-07-03T17:18:08.323078+00:00,116.7,12,ask,,,6000539
2026-07-03T17:18:09.424620,2026-07-03T17:18:09.439011+00:00,116.8,500,bid,,,6000551
2026-07-03T17:18:09.962726,2026-07-03T17:18:09.991804+00:00,116.7,200,bid,,,6000560
2026-07-03T17:18:10.685725,2026-07-03T17:18:10.692787+00:00,116.8,200,ask,,,6000568
2026-07-03T17:18:11.274795,2026-07-03T17:18:11.283571+00:00,116.8,500,ask,,,6000576
2026-07-03T17:18:11.894431,2026-07-03T17:18:11.920253+00:00,116.7,200,ask,,,6000585
2026-07-03T17:18:12.437631,2026-07-03T17:18:12.503152+00:00,116.8,125,bid,,,6000594
2026-07-03T17:18:13.105922,2026-07-03T17:18:13.110474+00:00,117.0,200,ask,,,6000601
2026-07-03T17:18:15.534294,2026-07-03T17:18:15.558555+00:00,116.9,20,ask,,,6000626
2026-07-03T17:18:16.690768,2026-07-03T17:18:16.715843+00:00,116.9,20,ask,,,6000643
2026-07-03T17:18:19.144034,2026-07-03T17:18:19.152928+00:00,117.0,200,ask,,,6000674
2026-07-03T17:18:20.361159,2026-07-03T17:18:20.368413+00:00,117.0,200,bid,,,6000689
2026-07-03T17:18:21.574688,2026-07-03T17:18:21.583895+00:00,117.1,200,ask,,,6000710
2026-07-03T17:18:22.782080,2026-07-03T17:18:22.784375+00:00,116.9,200,ask,,,6000726
2026-07-03T17:18:23.829826,2026-07-03T17:18:23.841148+00:00,117.0,20,bid,,,6000740
2026-07-03T17:18:27.024279,2026-07-03T17:18:27.058588+00:00,116.9,500,ask,,,6000780
2026-07-03T17:18:27.024279,2026-07-03T17:18:27.058588+00:00,116.8,125,ask,,,6000781
2026-07-03T17:18:27.577015,2026-07-03T17:18:27.616231+00:00,117.0,200,bid,,,6000784
2026-07-03T17:18:28.820201,2026-07-03T17:18:28.827066+00:00,117.0,200,ask,,,6000800
2026-07-03T17:18:30.288270,2026-07-03T17:18:30.313009+00:00,117.0,20,ask,,,6000828
2026-07-03T17:18:32.961542,2026-07-03T17:18:32.987088+00:00,117.3,20,bid,,,6000864
2026-07-03T17:18:34.562892,2026-07-03T17:18:34.567208+00:00,117.3,34,bid,,,6000887
2026-07-03T17:18:34.866853,2026-07-03T17:18:34.874947+00:00,117.3,200,bid,,,6000894
2026-07-03T17:18:40.907562,2026-07-03T17:18:40.928749+00:00,117.5,200,ask,,,6000970
2026-07-03T17:18:40.907562,2026-07-03T17:18:40.928749+00:00,117.5,300,ask,,,6000971
2026-07-03T17:18:42.158163,2026-07-03T17:18:42.174832+00:00,117.5,200,ask,,,6000986
2026-07-03T17:18:42.801626,2026-07-03T17:18:42.805355+00:00,117.5,12,bid,,,6000996
2026-07-03T17:18:43.369670,2026-07-03T17:18:43.379451+00:00,117.5,200,bid,,,6001005
2026-07-03T17:18:46.696296,2026-07-03T17:18:46.730775+00:00,117.5,200,bid,,,6001054
2026-07-03T17:18:46.696296,2026-07-03T17:18:46.730775+00:00,117.6,425,bid,,,6001055
2026-07-03T17:18:47.205477,2026-07-03T17:18:47.209568+00:00,117.5,34,bid,,,6001062
2026-07-03T17:18:48.203337,2026-07-03T17:18:48.231227+00:00,117.5,200,bid,,,6001068
2026-07-03T17:18:49.385114,2026-07-03T17:18:49.407506+00:00,117.4,500,ask,,,6001083
2026-07-03T17:18:49.415591,2026-07-03T17:18:49.424073+00:00,117.4,125,ask,,,6001085
2026-07-03T17:18:50.634439,2026-07-03T17:18:50.647905+00:00,117.3,200,ask,,,6001102
2026-07-03T17:18:53.251871,2026-07-03T17:18:53.258426+00:00,117.2,200,ask,,,6001148
2026-07-03T17:18:53.539147,2026-07-03T17:18:53.542634+00:00,117.1,3,bid,,,6001153
2026-07-03T17:18:54.975652,2026-07-03T17:18:54.987080+00:00,117.0,20,ask,,,6001172
2026-07-03T17:18:57.291675,2026-07-03T17:18:57.298239+00:00,117.0,20,ask,,,6001214
2026-07-03T17:18:58.493613,2026-07-03T17:18:58.500432+00:00,117.0,200,ask,,,6001232
2026-07-03T17:18:59.802199,2026-07-03T17:18:59.808720+00:00,117.1,200,bid,,,6001259
2026-07-03T17:18:59.890146,2026-07-03T17:18:59.893573+00:00,117.1,37,ask,,,6001263
2026-07-03T17:19:01.167280,2026-07-03T17:19:01.178657+00:00,117.0,20,ask,,,6001281
2026-07-03T17:19:01.515051,2026-07-03T17:19:01.544647+00:00,117.0,200,ask,,,6001284
2026-07-03T17:19:03.002038,2026-07-03T17:19:03.006404+00:00,117.0,23,bid,,,6001309
2026-07-03T17:19:03.976386,2026-07-03T17:19:03.980443+00:00,116.9,11,bid,,,6001322
2026-07-03T17:19:07.579583,2026-07-03T17:19:07.583547+00:00,116.9,11,ask,,,6001371
2026-07-03T17:19:07.863119,2026-07-03T17:19:07.872714+00:00,116.9,20,ask,,,6001376
2026-07-03T17:19:08.775624,2026-07-03T17:19:08.785363+00:00,117.0,200,bid,,,6001393
2026-07-03T17:19:09.738856,2026-07-03T17:19:09.751163+00:00,117.1,20,bid,,,6001409
2026-07-03T17:19:13.622494,2026-07-03T17:19:13.650081+00:00,117.0,200,ask,,,6001467
2026-07-03T17:19:14.190591,2026-07-03T17:19:14.194585+00:00,117.1,11,bid,,,6001473
2026-07-03T17:19:14.811132,2026-07-03T17:19:14.818721+00:00,117.0,500,ask,,,6001481
2026-07-03T17:19:14.838671,2026-07-03T17:19:14.845037+00:00,117.0,125,ask,,,6001485
2026-07-03T17:19:14.857404,2026-07-03T17:19:14.861331+00:00,116.9,3,bid,,,6001487
2026-07-03T17:19:16.049372,2026-07-03T17:19:16.079898+00:00,116.9,200,bid,,,6001509
2026-07-03T17:19:16.669961,2026-07-03T17:19:16.681597+00:00,116.7,20,ask,,,6001523
2026-07-03T17:19:18.164477,2026-07-03T17:19:18.175594+00:00,116.8,200,ask,,,6001539
2026-07-03T17:19:22.038671,2026-07-03T17:19:22.042498+00:00,116.8,3,bid,,,6001590
2026-07-03T17:19:22.097620,2026-07-03T17:19:22.124871+00:00,116.6,200,bid,,,6001592
2026-07-03T17:19:25.709954,2026-07-03T17:19:25.716371+00:00,116.6,200,bid,,,6001644
2026-07-03T17:19:26.060453,2026-07-03T17:19:26.064335+00:00,116.6,3,ask,,,6001652
2026-07-03T17:19:26.937304,2026-07-03T17:19:26.958580+00:00,116.6,200,ask,,,6001662
2026-07-03T17:19:29.356043,2026-07-03T17:19:29.363587+00:00,116.7,200,bid,,,6001692
2026-07-03T17:19:30.562185,2026-07-03T17:19:30.569275+00:00,116.6,200,bid,,,6001705
2026-07-03T17:19:32.595908,2026-07-03T17:19:32.605754+00:00,116.6,200,bid,,,6001733
2026-07-03T17:19:32.595908,2026-07-03T17:19:32.605754+00:00,116.6,425,bid,,,6001734
2026-07-03T17:19:32.996139,2026-07-03T17:19:33.013802+00:00,116.5,200,bid,,,6001743
2026-07-03T17:19:34.208328,2026-07-03T17:19:34.214731+00:00,116.5,200,bid,,,6001761
2026-07-03T17:19:35.419590,2026-07-03T17:19:35.441398+00:00,116.4,200,bid,,,6001773
2026-07-03T17:19:36.533008,2026-07-03T17:19:36.557888+00:00,116.4,500,bid,,,6001790
2026-07-03T17:19:36.584191,2026-07-03T17:19:36.632271+00:00,116.4,125,ask,,,6001791
2026-07-03T17:19:36.631126,2026-07-03T17:19:36.638878+00:00,116.4,200,bid,,,6001794
2026-07-03T17:19:37.886192,2026-07-03T17:19:37.891007+00:00,116.2,26,ask,,,6001816
2026-07-03T17:19:38.512775,2026-07-03T17:19:38.524184+00:00,116.4,20,bid,,,6001818
2026-07-03T17:19:40.284941,2026-07-03T17:19:40.312157+00:00,116.2,200,ask,,,6001841
2026-07-03T17:19:41.506729,2026-07-03T17:19:41.510392+00:00,116.2,12,bid,,,6001855
2026-07-03T17:19:43.120152,2026-07-03T17:19:43.124215+00:00,116.1,11,bid,,,6001890
2026-07-03T17:19:43.917352,2026-07-03T17:19:43.926360+00:00,116.1,200,bid,,,6001902
2026-07-03T17:19:44.424661,2026-07-03T17:19:44.428496+00:00,116.1,11,ask,,,6001911
2026-07-03T17:19:44.815012,2026-07-03T17:19:44.826965+00:00,116.1,20,ask,,,6001919
2026-07-03T17:19:45.746530,2026-07-03T17:19:45.750516+00:00,116.2,12,ask,,,6001931
2026-07-03T17:19:46.346324,2026-07-03T17:19:46.354729+00:00,116.2,200,ask,,,6001934
2026-07-03T17:19:47.320441,2026-07-03T17:19:47.323885+00:00,116.3,12,bid,,,6001956
2026-07-03T17:19:47.590029,2026-07-03T17:19:47.593442+00:00,116.2,11,bid,,,6001963
2026-07-03T17:19:48.380709,2026-07-03T17:19:48.384809+00:00,116.1,3,bid,,,6001975
2026-07-03T17:19:50.526593,2026-07-03T17:19:50.530451+00:00,116.0,3,ask,,,6001993
2026-07-03T17:19:50.979615,2026-07-03T17:19:51.006504+00:00,116.0,197,ask,,,6001999
2026-07-03T17:19:51.073536,2026-07-03T17:19:51.084956+00:00,116.0,20,bid,,,6002000
2026-07-03T17:19:54.749769,2026-07-03T17:19:54.758612+00:00,116.0,500,bid,,,6002040
2026-07-03T17:19:56.009846,2026-07-03T17:19:56.042962+00:00,116.0,200,ask,,,6002055
2026-07-03T17:20:00.839629,2026-07-03T17:20:00.872170+00:00,116.0,200,ask,,,6002120
2026-07-03T17:20:01.405267,2026-07-03T17:20:01.413212+00:00,116.1,500,bid,,,6002127
2026-07-03T17:20:02.049613,2026-07-03T17:20:02.051987+00:00,116.2,200,ask,,,6002137
2026-07-03T17:20:04.466268,2026-07-03T17:20:04.472372+00:00,116.2,200,bid,,,6002163
2026-07-03T17:20:04.954807,2026-07-03T17:20:04.980027+00:00,116.2,20,bid,,,6002168
2026-07-03T17:20:06.711212,2026-07-03T17:20:06.739292+00:00,116.2,200,bid,,,6002201
2026-07-03T17:20:07.468720,2026-07-03T17:20:07.474644+00:00,116.3,20,bid,,,6002209
2026-07-03T17:20:08.088022,2026-07-03T17:20:08.096597+00:00,116.2,200,bid,,,6002228
2026-07-03T17:20:10.522443,2026-07-03T17:20:10.534124+00:00,116.2,200,bid,,,6002260
2026-07-03T17:20:11.737864,2026-07-03T17:20:11.768114+00:00,116.2,200,ask,,,6002278
2026-07-03T17:20:11.963470,2026-07-03T17:20:11.991155+00:00,116.3,500,bid,,,6002282
2026-07-03T17:20:12.307734,2026-07-03T17:20:12.311827+00:00,116.3,125,ask,,,6002284
2026-07-03T17:20:13.277921,2026-07-03T17:20:13.285377+00:00,116.1,200,ask,,,6002306
2026-07-03T17:20:16.207810,2026-07-03T17:20:16.229249+00:00,116.1,20,ask,,,6002346
2026-07-03T17:20:17.403377,2026-07-03T17:20:17.407378+00:00,116.2,3,bid,,,6002367
2026-07-03T17:20:18.717891,2026-07-03T17:20:18.729557+00:00,116.0,20,ask,,,6002386
2026-07-03T17:20:20.242930,2026-07-03T17:20:20.258595+00:00,116.0,200,ask,,,6002406
2026-07-03T17:20:21.456799,2026-07-03T17:20:21.471609+00:00,116.0,200,ask,,,6002424
2026-07-03T17:20:26.392473,2026-07-03T17:20:26.398594+00:00,116.0,200,ask,,,6002482
2026-07-03T17:20:26.410225,2026-07-03T17:20:26.414269+00:00,116.0,3,bid,,,6002484
2026-07-03T17:20:27.250621,2026-07-03T17:20:27.258618+00:00,116.0,20,bid,,,6002493
2026-07-03T17:20:27.515865,2026-07-03T17:20:27.522852+00:00,116.0,200,bid,,,6002500
2026-07-03T17:20:28.761730,2026-07-03T17:20:28.767874+00:00,116.0,20,ask,,,6002518
2026-07-03T17:20:29.937562,2026-07-03T17:20:29.950747+00:00,116.1,200,ask,,,6002534
2026-07-03T17:20:31.148187,2026-07-03T17:20:31.158573+00:00,116.0,200,bid,,,6002551
2026-07-03T17:20:31.596176,2026-07-03T17:20:31.616570+00:00,115.9,20,ask,,,6002554
2026-07-03T17:20:32.295892,2026-07-03T17:20:32.299663+00:00,115.9,11,bid,,,6002562
2026-07-03T17:20:32.355014,2026-07-03T17:20:32.371814+00:00,115.9,200,bid,,,6002563
2026-07-03T17:20:34.254417,2026-07-03T17:20:34.279165+00:00,115.9,500,bid,,,6002591
2026-07-03T17:20:34.254417,2026-07-03T17:20:34.279165+00:00,116.0,125,bid,,,6002592
2026-07-03T17:20:35.976223,2026-07-03T17:20:35.984477+00:00,115.9,200,bid,,,6002612
2026-07-03T17:20:37.965981,2026-07-03T17:20:37.971506+00:00,116.0,11,ask,,,6002637
2026-07-03T17:20:38.338341,2026-07-03T17:20:38.347971+00:00,116.0,500,ask,,,6002643
2026-07-03T17:20:38.933205,2026-07-03T17:20:38.951430+00:00,116.0,125,ask,,,6002652
2026-07-03T17:20:39.975073,2026-07-03T17:20:39.983459+00:00,116.0,20,bid,,,6002663
2026-07-03T17:20:40.801396,2026-07-03T17:20:40.831543+00:00,116.0,500,bid,,,6002675
2026-07-03T17:20:40.821508,2026-07-03T17:20:40.837129+00:00,116.0,125,ask,,,6002678
2026-07-03T17:20:42.113250,2026-07-03T17:20:42.140188+00:00,115.8,200,ask,,,6002699
2026-07-03T17:20:43.635940,2026-07-03T17:20:43.642616+00:00,115.9,20,bid,,,6002719
2026-07-03T17:20:44.278945,2026-07-03T17:20:44.282928+00:00,115.7,3,ask,,,6002726
2026-07-03T17:20:44.739595,2026-07-03T17:20:44.758645+00:00,115.8,200,bid,,,6002736
2026-07-03T17:20:48.685856,2026-07-03T17:20:48.718565+00:00,115.7,200,ask,,,6002788
2026-07-03T17:20:48.714754,2026-07-03T17:20:48.718565+00:00,115.7,14,bid,,,6002790
2026-07-03T17:20:51.307673,2026-07-03T17:20:51.333585+00:00,115.6,200,bid,,,6002837
2026-07-03T17:20:51.329659,2026-07-03T17:20:51.333585+00:00,115.6,11,ask,,,6002840
2026-07-03T17:20:52.622996,2026-07-03T17:20:52.645014+00:00,115.7,200,bid,,,6002854
2026-07-03T17:20:52.640723,2026-07-03T17:20:52.645014+00:00,115.7,3,ask,,,6002856
2026-07-03T17:20:53.936924,2026-07-03T17:20:53.943842+00:00,115.7,200,ask,,,6002874
2026-07-03T17:20:55.328787,2026-07-03T17:20:55.358607+00:00,115.7,200,ask,,,6002891
2026-07-03T17:20:59.178417,2026-07-03T17:20:59.198477+00:00,115.6,200,bid,,,6002946
2026-07-03T17:21:00.493163,2026-07-03T17:21:00.518531+00:00,115.4,200,ask,,,6002964
2026-07-03T17:21:01.391081,2026-07-03T17:21:01.400340+00:00,115.4,200,bid,,,6002975
2026-07-03T17:21:02.460111,2026-07-03T17:21:02.476713+00:00,115.4,20,bid,,,6002989
2026-07-03T17:21:02.602272,2026-07-03T17:21:02.634502+00:00,115.4,200,bid,,,6002993
2026-07-03T17:21:08.374585,2026-07-03T17:21:08.378423+00:00,115.4,3,ask,,,6003075
2026-07-03T17:21:08.664444,2026-07-03T17:21:08.669574+00:00,115.4,200,ask,,,6003079
2026-07-03T17:21:11.082640,2026-07-03T17:21:11.090213+00:00,115.4,200,bid,,,6003117
2026-07-03T17:21:12.298204,2026-07-03T17:21:12.326173+00:00,115.5,200,bid,,,6003129
2026-07-03T17:21:12.806764,2026-07-03T17:21:12.810806+00:00,115.3,23,ask,,,6003138
2026-07-03T17:21:13.163404,2026-07-03T17:21:13.175087+00:00,115.3,20,ask,,,6003144
2026-07-03T17:21:13.514497,2026-07-03T17:21:13.519135+00:00,115.4,11,ask,,,6003149
2026-07-03T17:21:14.919098,2026-07-03T17:21:14.931288+00:00,115.4,200,ask,,,6003169
2026-07-03T17:21:15.719511,2026-07-03T17:21:15.728770+00:00,115.2,20,ask,,,6003184
2026-07-03T17:21:15.936279,2026-07-03T17:21:15.940323+00:00,115.4,11,bid,,,6003189
2026-07-03T17:21:18.849499,2026-07-03T17:21:18.858600+00:00,115.4,200,bid,,,6003227
2026-07-03T17:21:19.578621,2026-07-03T17:21:19.602917+00:00,115.4,200,ask,,,6003239
2026-07-03T17:21:22.777335,2026-07-03T17:21:22.781448+00:00,115.5,500,bid,,,6003276
2026-07-03T17:21:23.148134,2026-07-03T17:21:23.158565+00:00,115.5,125,ask,,,6003283
2026-07-03T17:21:23.212949,2026-07-03T17:21:23.244344+00:00,115.5,200,bid,,,6003288
2026-07-03T17:21:23.949758,2026-07-03T17:21:23.958615+00:00,115.5,20,bid,,,6003292
2026-07-03T17:21:24.422832,2026-07-03T17:21:24.431490+00:00,115.5,200,bid,,,6003298
2026-07-03T17:21:25.636152,2026-07-03T17:21:25.653000+00:00,115.4,200,bid,,,6003314
2026-07-03T17:21:26.844071,2026-07-03T17:21:26.858571+00:00,115.4,200,bid,,,6003329
2026-07-03T17:21:27.999996,2026-07-03T17:21:28.010011+00:00,115.3,500,ask,,,6003340
2026-07-03T17:21:28.054694,2026-07-03T17:21:28.063946+00:00,115.2,200,bid,,,6003341
2026-07-03T17:21:30.645723,2026-07-03T17:21:30.669056+00:00,115.1,200,ask,,,6003368
2026-07-03T17:21:31.630811,2026-07-03T17:21:31.634508+00:00,115.0,12,bid,,,6003384
2026-07-03T17:21:36.543006,2026-07-03T17:21:36.546802+00:00,114.7,12,ask,,,6003455
2026-07-03T17:21:40.146685,2026-07-03T17:21:40.154730+00:00,114.7,20,ask,,,6003493
2026-07-03T17:21:42.591313,2026-07-03T17:21:42.592754+00:00,114.6,200,ask,,,6003513
2026-07-03T17:21:47.704072,2026-07-03T17:21:47.712215+00:00,114.2,200,ask,,,6003572
2026-07-03T17:21:48.806280,2026-07-03T17:21:48.813030+00:00,114.2,20,bid,,,6003593
2026-07-03T17:21:54.354837,2026-07-03T17:21:54.366152+00:00,114.2,20,bid,,,6003679
2026-07-03T17:21:55.515191,2026-07-03T17:21:55.546092+00:00,114.1,20,ask,,,6003696
2026-07-03T17:21:55.915983,2026-07-03T17:21:55.923319+00:00,114.2,200,bid,,,6003703
2026-07-03T17:21:56.130616,2026-07-03T17:21:56.141864+00:00,114.0,20,ask,,,6003706
2026-07-03T17:21:57.127004,2026-07-03T17:21:57.137024+00:00,114.1,200,bid,,,6003724
2026-07-03T17:21:58.607963,2026-07-03T17:21:58.614166+00:00,114.3,20,bid,,,6003742
2026-07-03T17:21:59.549457,2026-07-03T17:21:59.563950+00:00,114.2,200,bid,,,6003758
2026-07-03T17:22:00.229043,2026-07-03T17:22:00.233144+00:00,114.2,23,bid,,,6003769
2026-07-03T17:22:00.757108,2026-07-03T17:22:00.758609+00:00,114.2,200,bid,,,6003778
2026-07-03T17:22:02.130213,2026-07-03T17:22:02.147550+00:00,114.3,200,ask,,,6003800
2026-07-03T17:22:04.786185,2026-07-03T17:22:04.789727+00:00,114.1,3,bid,,,6003834
2026-07-03T17:22:06.068864,2026-07-03T17:22:06.096838+00:00,114.0,500,ask,,,6003850
2026-07-03T17:22:06.068864,2026-07-03T17:22:06.096838+00:00,114.0,125,ask,,,6003851
2026-07-03T17:22:06.813381,2026-07-03T17:22:06.822617+00:00,113.9,200,ask,,,6003863
2026-07-03T17:22:08.021614,2026-07-03T17:22:08.048105+00:00,114.1,200,ask,,,6003879
2026-07-03T17:22:15.285289,2026-07-03T17:22:15.307657+00:00,114.1,200,ask,,,6003985
2026-07-03T17:22:17.636747,2026-07-03T17:22:17.643659+00:00,114.1,500,bid,,,6004015
2026-07-03T17:22:17.702237,2026-07-03T17:22:17.725685+00:00,114.1,125,bid,,,6004017
2026-07-03T17:22:17.891479,2026-07-03T17:22:17.895059+00:00,114.3,3,ask,,,6004022
2026-07-03T17:22:18.265473,2026-07-03T17:22:18.284825+00:00,114.3,20,ask,,,6004026
2026-07-03T17:22:20.129159,2026-07-03T17:22:20.141980+00:00,114.3,200,ask,,,6004047
2026-07-03T17:22:21.335963,2026-07-03T17:22:21.358612+00:00,114.3,200,ask,,,6004065
2026-07-03T17:22:22.541546,2026-07-03T17:22:22.547991+00:00,114.3,200,bid,,,6004082
2026-07-03T17:22:23.750549,2026-07-03T17:22:23.758544+00:00,114.4,200,ask,,,6004097
2026-07-03T17:22:25.744541,2026-07-03T17:22:25.750770+00:00,114.4,200,bid,,,6004122
2026-07-03T17:22:26.162445,2026-07-03T17:22:26.169176+00:00,114.4,200,ask,,,6004131
2026-07-03T17:22:27.371474,2026-07-03T17:22:27.374279+00:00,114.3,200,bid,,,6004142
2026-07-03T17:22:30.998173,2026-07-03T17:22:31.012455+00:00,114.2,200,ask,,,6004193
2026-07-03T17:22:30.998173,2026-07-03T17:22:31.012455+00:00,114.2,425,ask,,,6004194
2026-07-03T17:22:31.883655,2026-07-03T17:22:31.895121+00:00,114.4,20,bid,,,6004206
2026-07-03T17:22:32.307203,2026-07-03T17:22:32.334943+00:00,114.2,200,bid,,,6004213
2026-07-03T17:22:33.429128,2026-07-03T17:22:33.453202+00:00,114.3,200,ask,,,6004228
2026-07-03T17:22:34.638918,2026-07-03T17:22:34.646186+00:00,114.1,200,ask,,,6004241
2026-07-03T17:22:35.792176,2026-07-03T17:22:35.797233+00:00,114.2,500,bid,,,6004252
2026-07-03T17:22:36.241994,2026-07-03T17:22:36.253187+00:00,114.2,200,bid,,,6004261
2026-07-03T17:22:38.866830,2026-07-03T17:22:38.895098+00:00,114.2,200,ask,,,6004303
2026-07-03T17:22:38.866830,2026-07-03T17:22:38.895098+00:00,114.1,425,ask,,,6004304
2026-07-03T17:22:41.428851,2026-07-03T17:22:41.433537+00:00,114.4,3,bid,,,6004339
2026-07-03T17:22:44.331323,2026-07-03T17:22:44.352629+00:00,114.5,200,bid,,,6004379
2026-07-03T17:22:45.479364,2026-07-03T17:22:45.483231+00:00,114.5,3,ask,,,6004396
2026-07-03T17:22:45.538939,2026-07-03T17:22:45.547468+00:00,114.5,200,ask,,,6004398
2026-07-03T17:22:50.397309,2026-07-03T17:22:50.419008+00:00,114.5,20,ask,,,6004469
2026-07-03T17:22:50.931994,2026-07-03T17:22:50.936211+00:00,114.5,34,ask,,,6004478
2026-07-03T17:22:56.437613,2026-07-03T17:22:56.458626+00:00,114.5,200,bid,,,6004557
2026-07-03T17:23:00.064990,2026-07-03T17:23:00.096173+00:00,114.7,200,bid,,,6004604
2026-07-03T17:23:01.278753,2026-07-03T17:23:01.335198+00:00,114.6,200,ask,,,6004614
2026-07-03T17:23:02.495411,2026-07-03T17:23:02.530678+00:00,114.6,200,ask,,,6004628
2026-07-03T17:23:03.795234,2026-07-03T17:23:03.802171+00:00,114.6,200,ask,,,6004644
2026-07-03T17:23:05.881037,2026-07-03T17:23:05.887606+00:00,114.6,20,bid,,,6004673
2026-07-03T17:23:09.035414,2026-07-03T17:23:09.044766+00:00,114.5,200,ask,,,6004716
2026-07-03T17:23:09.753546,2026-07-03T17:23:09.753369+00:00,114.4,200,bid,,,6004738
2026-07-03T17:23:16.135772,2026-07-03T17:23:16.139807+00:00,114.6,11,bid,,,6004825
2026-07-03T17:23:18.039488,2026-07-03T17:23:18.061338+00:00,114.5,20,ask,,,6004853
2026-07-03T17:23:19.450523,2026-07-03T17:23:19.479665+00:00,114.6,200,bid,,,6004872
2026-07-03T17:23:20.661533,2026-07-03T17:23:20.674582+00:00,114.6,200,bid,,,6004893
2026-07-03T17:23:22.140449,2026-07-03T17:23:22.158589+00:00,114.8,500,bid,,,6004903
2026-07-03T17:23:22.140449,2026-07-03T17:23:22.158589+00:00,114.8,125,bid,,,6004904
2026-07-03T17:23:23.127483,2026-07-03T17:23:23.131384+00:00,114.7,12,bid,,,6004924
2026-07-03T17:23:23.723589,2026-07-03T17:23:23.745114+00:00,114.7,20,bid,,,6004936
2026-07-03T17:23:24.295358,2026-07-03T17:23:24.321139+00:00,114.6,200,ask,,,6004942
2026-07-03T17:23:25.506842,2026-07-03T17:23:25.515828+00:00,114.6,200,ask,,,6004958
2026-07-03T17:23:26.634073,2026-07-03T17:23:26.645307+00:00,114.6,500,ask,,,6004971
2026-07-03T17:23:26.715390,2026-07-03T17:23:26.717883+00:00,114.6,125,ask,,,6004973
2026-07-03T17:23:27.380184,2026-07-03T17:23:27.400888+00:00,114.4,200,ask,,,6004985
2026-07-03T17:23:27.397025,2026-07-03T17:23:27.400888+00:00,114.2,14,bid,,,6004988
2026-07-03T17:23:27.922843,2026-07-03T17:23:27.955189+00:00,114.2,200,bid,,,6004998
2026-07-03T17:23:30.154109,2026-07-03T17:23:30.158624+00:00,114.3,20,ask,,,6005031
2026-07-03T17:23:31.561467,2026-07-03T17:23:31.584589+00:00,114.3,200,ask,,,6005051
2026-07-03T17:23:36.571761,2026-07-03T17:23:36.588219+00:00,114.3,200,ask,,,6005105
2026-07-03T17:23:40.033022,2026-07-03T17:23:40.058614+00:00,114.3,200,ask,,,6005171
2026-07-03T17:23:44.619658,2026-07-03T17:23:44.623563+00:00,114.2,3,bid,,,6005238
2026-07-03T17:23:46.006421,2026-07-03T17:23:46.045565+00:00,114.0,20,ask,,,6005255
2026-07-03T17:23:46.108977,2026-07-03T17:23:46.112447+00:00,114.1,11,bid,,,6005257
2026-07-03T17:23:47.057299,2026-07-03T17:23:47.058569+00:00,114.1,189,bid,,,6005270
2026-07-03T17:23:47.287116,2026-07-03T17:23:47.293726+00:00,114.1,200,ask,,,6005275
