timestamp,recv_time,price,volume,aggressor_side,buyer,seller,trade_id
2026-07-04T07:00:00.313093,2026-07-04T07:00:00.344607+00:00,152.7,200,bid,WavyWalnuts,AverageAlmonds,6696051
2026-07-04T07:00:01.481966,2026-07-04T07:00:01.495074+00:00,152.3,20,ask,YieldingYams,BrilliantBurritos,6696079
2026-07-04T07:00:01.521057,2026-07-04T07:00:01.519591+00:00,152.6,200,bid,WavyWalnuts,YieldingYams,6696081
2026-07-04T07:00:03.311876,2026-07-04T07:00:03.322981+00:00,152.4,20,ask,WavyWalnuts,BrilliantBurritos,6696105
2026-07-04T07:00:03.931464,2026-07-04T07:00:03.941836+00:00,152.6,20,bid,BrilliantBurritos,AverageAlmonds,6696114
2026-07-04T07:00:05.936147,2026-07-04T07:00:05.943428+00:00,152.5,200,bid,YieldingYams,WavyWalnuts,6696140
2026-07-04T07:00:06.919561,2026-07-04T07:00:06.930367+00:00,152.5,425,ask,YieldingYams,AverageAlmonds,6696145
2026-07-04T07:00:06.928852,2026-07-04T07:00:06.935607+00:00,152.5,20,bid,BrilliantBurritos,AverageAlmonds,6696146
2026-07-04T07:00:07.252498,2026-07-04T07:00:07.258679+00:00,152.4,200,ask,WavyWalnuts,YieldingYams,6696151
2026-07-04T07:00:07.592672,2026-07-04T07:00:07.603576+00:00,152.3,200,bid,WavyWalnuts,YieldingYams,6696160
2026-07-04T07:00:08.032012,2026-07-04T07:00:08.038782+00:00,152.1,2,ask,YieldingYams,Kaleb Liu,6696167
2026-07-04T07:00:11.176600,2026-07-04T07:00:11.185284+00:00,152.4,200,ask,WavyWalnuts,YieldingYams,6696226
2026-07-04T07:00:11.217407,2026-07-04T07:00:11.227028+00:00,152.4,200,bid,WavyWalnuts,YieldingYams,6696228
2026-07-04T07:00:12.426606,2026-07-04T07:00:12.433599+00:00,152.4,200,bid,WavyWalnuts,YieldingYams,6696247
2026-07-04T07:00:12.970818,2026-07-04T07:00:12.979794+00:00,152.5,500,ask,YieldingYams,AverageAlmonds,6696250
2026-07-04T07:00:13.640348,2026-07-04T07:00:13.656514+00:00,152.5,125,ask,YieldingYams,WavyWalnuts,6696261
2026-07-04T07:00:16.079863,2026-07-04T07:00:16.083490+00:00,152.3,11,bid,Xuanyu Liu,WavyWalnuts,6696301
2026-07-04T07:00:16.414015,2026-07-04T07:00:16.422882+00:00,152.3,189,bid,YieldingYams,WavyWalnuts,6696311
2026-07-04T07:00:16.444762,2026-07-04T07:00:16.449150+00:00,152.3,23,ask,YieldingYams,Xuanyu Liu,6696314
2026-07-04T07:00:16.625272,2026-07-04T07:00:16.632831+00:00,152.3,413,ask,YieldingYams,AverageAlmonds,6696316
2026-07-04T07:00:17.047166,2026-07-04T07:00:17.055163+00:00,152.3,2,bid,Kaleb Liu,AverageAlmonds,6696326
2026-07-04T07:00:20.373447,2026-07-04T07:00:20.377248+00:00,152.2,12,bid,Xuanyu Liu,YieldingYams,6696372
2026-07-04T07:00:20.925708,2026-07-04T07:00:20.929580+00:00,152.1,11,bid,Xuanyu Liu,WavyWalnuts,6696385
2026-07-04T07:00:21.677293,2026-07-04T07:00:21.680726+00:00,152.0,3,bid,Xuanyu Liu,YieldingYams,6696394
2026-07-04T07:00:22.120887,2026-07-04T07:00:22.131253+00:00,152.0,200,bid,WavyWalnuts,YieldingYams,6696396
2026-07-04T07:00:22.629073,2026-07-04T07:00:22.637505+00:00,152.0,50,bid,Alan Niu,YieldingYams,6696402
2026-07-04T07:00:22.842601,2026-07-04T07:00:22.858618+00:00,151.8,50,ask,YieldingYams,Alan Niu,6696409
2026-07-04T07:00:23.062955,2026-07-04T07:00:23.069530+00:00,151.8,2,ask,YieldingYams,Kaleb Liu,6696414
2026-07-04T07:00:23.331740,2026-07-04T07:00:23.343215+00:00,152.0,200,bid,WavyWalnuts,YieldingYams,6696420
2026-07-04T07:00:24.288266,2026-07-04T07:00:24.291791+00:00,151.9,3,ask,YieldingYams,Xuanyu Liu,6696438
2026-07-04T07:00:26.076593,2026-07-04T07:00:26.085479+00:00,152.1,2,bid,Kaleb Liu,YieldingYams,6696477
2026-07-04T07:00:26.997122,2026-07-04T07:00:27.001254+00:00,152.0,3,bid,Xuanyu Liu,WavyWalnuts,6696494
2026-07-04T07:00:29.325485,2026-07-04T07:00:29.336329+00:00,152.0,500,bid,AverageAlmonds,YieldingYams,6696531
2026-07-04T07:00:30.527921,2026-07-04T07:00:30.535114+00:00,152.1,200,bid,AverageAlmonds,WavyWalnuts,6696545
2026-07-04T07:00:31.481629,2026-07-04T07:00:31.493321+00:00,152.1,20,ask,YieldingYams,BrilliantBurritos,6696559
2026-07-04T07:00:32.091190,2026-07-04T07:00:32.097997+00:00,152.3,23,bid,Kaleb Liu,WavyWalnuts,6696570
2026-07-04T07:00:34.680472,2026-07-04T07:00:34.690719+00:00,152.4,20,bid,BrilliantBurritos,YieldingYams,6696604
2026-07-04T07:00:37.879888,2026-07-04T07:00:37.888826+00:00,152.4,200,ask,YieldingYams,WavyWalnuts,6696641
2026-07-04T07:00:39.449060,2026-07-04T07:00:39.458566+00:00,152.4,49,bid,Alan Niu,WavyWalnuts,6696660
2026-07-04T07:00:39.988363,2026-07-04T07:00:39.995920+00:00,152.4,151,bid,YieldingYams,WavyWalnuts,6696671
2026-07-04T07:00:41.296420,2026-07-04T07:00:41.306628+00:00,152.5,200,bid,YieldingYams,WavyWalnuts,6696685
2026-07-04T07:00:41.503118,2026-07-04T07:00:41.513850+00:00,152.6,200,ask,YieldingYams,WavyWalnuts,6696692
2026-07-04T07:00:41.904141,2026-07-04T07:00:41.915891+00:00,152.6,20,ask,YieldingYams,BrilliantBurritos,6696695
2026-07-04T07:00:42.657494,2026-07-04T07:00:42.661111+00:00,152.5,3,bid,Xuanyu Liu,YieldingYams,6696708
2026-07-04T07:00:42.727795,2026-07-04T07:00:42.731513+00:00,152.4,11,bid,Xuanyu Liu,WavyWalnuts,6696712
2026-07-04T07:00:42.736215,2026-07-04T07:00:42.747218+00:00,152.4,97,bid,Chester Au,WavyWalnuts,6696713
2026-07-04T07:00:42.821637,2026-07-04T07:00:42.829598+00:00,152.4,92,bid,Alan Niu,WavyWalnuts,6696715
2026-07-04T07:00:44.316207,2026-07-04T07:00:44.322936+00:00,152.3,48,ask,WavyWalnuts,Alan Niu,6696744
2026-07-04T07:00:44.912763,2026-07-04T07:00:44.917428+00:00,152.3,14,ask,WavyWalnuts,Xuanyu Liu,6696757
2026-07-04T07:00:44.952224,2026-07-04T07:00:44.958537+00:00,152.3,93,ask,WavyWalnuts,Alan Niu,6696759
2026-07-04T07:00:46.538975,2026-07-04T07:00:46.549526+00:00,152.4,200,bid,YieldingYams,WavyWalnuts,6696791
2026-07-04T07:00:47.113663,2026-07-04T07:00:47.121730+00:00,152.4,25,ask,YieldingYams,Kaleb Liu,6696801
2026-07-04T07:00:47.540212,2026-07-04T07:00:47.551793+00:00,152.4,200,ask,YieldingYams,WavyWalnuts,6696806
2026-07-04T07:00:50.126919,2026-07-04T07:00:50.134799+00:00,152.5,12,bid,Kaleb Liu,WavyWalnuts,6696832
2026-07-04T07:00:51.769966,2026-07-04T07:00:51.780060+00:00,152.5,200,bid,YieldingYams,WavyWalnuts,6696856
2026-07-04T07:00:55.205496,2026-07-04T07:00:55.212229+00:00,152.5,20,ask,WavyWalnuts,BrilliantBurritos,6696899
2026-07-04T07:00:57.009389,2026-07-04T07:00:57.016466+00:00,152.7,200,bid,YieldingYams,WavyWalnuts,6696921
2026-07-04T07:01:00.936075,2026-07-04T07:01:00.944977+00:00,152.6,200,ask,WavyWalnuts,YieldingYams,6696978
2026-07-04T07:01:03.554978,2026-07-04T07:01:03.564108+00:00,152.6,200,ask,WavyWalnuts,YieldingYams,6697023
2026-07-04T07:01:04.474650,2026-07-04T07:01:04.485337+00:00,152.6,200,bid,WavyWalnuts,YieldingYams,6697030
2026-07-04T07:01:04.878665,2026-07-04T07:01:04.882274+00:00,152.7,3,ask,YieldingYams,Xuanyu Liu,6697038
2026-07-04T07:01:04.881324,2026-07-04T07:01:04.897565+00:00,152.7,97,ask,YieldingYams,Chester Au,6697039
2026-07-04T07:01:06.172069,2026-07-04T07:01:06.179755+00:00,152.8,200,bid,YieldingYams,WavyWalnuts,6697064
2026-07-04T07:01:06.190339,2026-07-04T07:01:06.194192+00:00,152.8,11,ask,YieldingYams,Xuanyu Liu,6697066
2026-07-04T07:01:06.262846,2026-07-04T07:01:06.272036+00:00,152.8,414,ask,YieldingYams,AverageAlmonds,6697067
2026-07-04T07:01:07.165381,2026-07-04T07:01:07.169858+00:00,152.9,11,bid,Xuanyu Liu,AverageAlmonds,6697080
2026-07-04T07:01:07.483530,2026-07-04T07:01:07.500780+00:00,152.8,200,ask,WavyWalnuts,YieldingYams,6697088
2026-07-04T07:01:07.497265,2026-07-04T07:01:07.500780+00:00,152.5,6,bid,Xuanyu Liu,YieldingYams,6697091
2026-07-04T07:01:07.540425,2026-07-04T07:01:07.551112+00:00,152.5,83,bid,Alan Niu,YieldingYams,6697095
2026-07-04T07:01:08.101646,2026-07-04T07:01:08.111392+00:00,152.5,200,bid,WavyWalnuts,YieldingYams,6697114
2026-07-04T07:01:08.154433,2026-07-04T07:01:08.156164+00:00,152.5,64,bid,Kaleb Liu,YieldingYams,6697116
2026-07-04T07:01:08.495402,2026-07-04T07:01:08.506964+00:00,152.5,20,bid,BrilliantBurritos,YieldingYams,6697122
2026-07-04T07:01:09.012408,2026-07-04T07:01:09.020124+00:00,152.5,60,ask,YieldingYams,Alan Niu,6697137
2026-07-04T07:01:10.216368,2026-07-04T07:01:10.220025+00:00,152.5,17,ask,WavyWalnuts,Xuanyu Liu,6697160
2026-07-04T07:01:10.275834,2026-07-04T07:01:10.284006+00:00,152.5,23,ask,WavyWalnuts,Alan Niu,6697161
2026-07-04T07:01:10.533210,2026-07-04T07:01:10.543259+00:00,152.6,200,bid,WavyWalnuts,YieldingYams,6697163
2026-07-04T07:01:11.164423,2026-07-04T07:01:11.171786+00:00,152.3,1,ask,YieldingYams,Kaleb Liu,6697171
2026-07-04T07:01:14.180294,2026-07-04T07:01:14.189056+00:00,152.5,13,ask,YieldingYams,Kaleb Liu,6697221
2026-07-04T07:01:15.370940,2026-07-04T07:01:15.374200+00:00,152.6,12,ask,YieldingYams,Xuanyu Liu,6697234
2026-07-04T07:01:18.678074,2026-07-04T07:01:18.689962+00:00,152.7,20,bid,BrilliantBurritos,WavyWalnuts,6697286
2026-07-04T07:01:19.024559,2026-07-04T07:01:19.031929+00:00,152.6,200,ask,YieldingYams,WavyWalnuts,6697287
2026-07-04T07:01:20.196925,2026-07-04T07:01:20.208255+00:00,152.7,14,bid,Kaleb Liu,YieldingYams,6697311
2026-07-04T07:01:21.926340,2026-07-04T07:01:21.935934+00:00,152.5,200,ask,WavyWalnuts,YieldingYams,6697337
2026-07-04T07:01:25.064986,2026-07-04T07:01:25.074258+00:00,152.4,200,bid,WavyWalnuts,YieldingYams,6697382
2026-07-04T07:01:26.500268,2026-07-04T07:01:26.509498+00:00,152.5,20,bid,BrilliantBurritos,WavyWalnuts,6697398
2026-07-04T07:01:27.167429,2026-07-04T07:01:27.179358+00:00,152.3,20,ask,YieldingYams,BrilliantBurritos,6697406
2026-07-04T07:01:28.703808,2026-07-04T07:01:28.707677+00:00,152.3,12,bid,Xuanyu Liu,WavyWalnuts,6697435
2026-07-04T07:01:29.148921,2026-07-04T07:01:29.152940+00:00,152.3,11,bid,Xuanyu Liu,WavyWalnuts,6697445
2026-07-04T07:01:29.214756,2026-07-04T07:01:29.221302+00:00,152.3,6,bid,Kaleb Liu,WavyWalnuts,6697448
2026-07-04T07:01:31.107228,2026-07-04T07:01:31.117275+00:00,152.2,200,ask,YieldingYams,WavyWalnuts,6697483
2026-07-04T07:01:32.315373,2026-07-04T07:01:32.321975+00:00,152.2,200,ask,YieldingYams,WavyWalnuts,6697502
2026-07-04T07:01:32.459976,2026-07-04T07:01:32.463969+00:00,152.3,3,bid,Xuanyu Liu,YieldingYams,6697506
2026-07-04T07:01:33.719469,2026-07-04T07:01:33.730124+00:00,152.1,200,ask,WavyWalnuts,YieldingYams,6697534
2026-07-04T07:01:35.027184,2026-07-04T07:01:35.034547+00:00,152.1,200,bid,YieldingYams,WavyWalnuts,6697552
2026-07-04T07:01:38.489358,2026-07-04T07:01:38.496814+00:00,152.2,47,bid,Alan Niu,YieldingYams,6697618
2026-07-04T07:01:48.078271,2026-07-04T07:01:48.085277+00:00,152.0,200,ask,AverageAlmonds,WavyWalnuts,6697745
2026-07-04T07:01:50.726392,2026-07-04T07:01:50.737704+00:00,152.0,500,ask,AverageAlmonds,YieldingYams,6697799
2026-07-04T07:01:50.726392,2026-07-04T07:01:50.737704+00:00,152.0,125,ask,WavyWalnuts,YieldingYams,6697800
2026-07-04T07:01:50.977929,2026-07-04T07:01:50.988693+00:00,152.0,47,ask,WavyWalnuts,Alan Niu,6697803
2026-07-04T07:01:51.131656,2026-07-04T07:01:51.143260+00:00,152.0,20,ask,WavyWalnuts,BrilliantBurritos,6697807
2026-07-04T07:01:51.702752,2026-07-04T07:01:51.710633+00:00,152.1,200,ask,AverageAlmonds,WavyWalnuts,6697809
2026-07-04T07:01:52.910667,2026-07-04T07:01:52.922052+00:00,152.1,200,ask,YieldingYams,WavyWalnuts,6697824
2026-07-04T07:01:54.655198,2026-07-04T07:01:54.663604+00:00,152.1,200,bid,YieldingYams,WavyWalnuts,6697853
2026-07-04T07:01:55.335709,2026-07-04T07:01:55.343438+00:00,152.2,200,ask,YieldingYams,WavyWalnuts,6697875
2026-07-04T07:01:56.252442,2026-07-04T07:01:56.262886+00:00,152.0,6,ask,WavyWalnuts,Kaleb Liu,6697889
2026-07-04T07:01:57.755990,2026-07-04T07:01:57.764306+00:00,152.3,200,bid,WavyWalnuts,YieldingYams,6697911
2026-07-04T07:01:58.965154,2026-07-04T07:01:58.974440+00:00,152.3,200,ask,YieldingYams,WavyWalnuts,6697927
2026-07-04T07:01:59.157772,2026-07-04T07:01:59.169171+00:00,152.3,20,ask,YieldingYams,BrilliantBurritos,6697930
2026-07-04T07:01:59.649215,2026-07-04T07:01:59.653489+00:00,152.3,20,ask,YieldingYams,BrilliantBurritos,6697938
2026-07-04T07:02:00.126198,2026-07-04T07:02:00.132973+00:00,152.3,500,bid,AverageAlmonds,YieldingYams,6697942
2026-07-04T07:02:00.721254,2026-07-04T07:02:00.730697+00:00,152.3,125,bid,AverageAlmonds,YieldingYams,6697951
2026-07-04T07:02:01.194021,2026-07-04T07:02:01.203700+00:00,152.4,200,bid,YieldingYams,WavyWalnuts,6697962
2026-07-04T07:02:01.385852,2026-07-04T07:02:01.394139+00:00,152.5,200,ask,YieldingYams,WavyWalnuts,6697966
2026-07-04T07:02:02.596773,2026-07-04T07:02:02.603386+00:00,152.4,200,ask,AverageAlmonds,WavyWalnuts,6697982
2026-07-04T07:02:03.804625,2026-07-04T07:02:03.811828+00:00,152.4,200,ask,AverageAlmonds,WavyWalnuts,6697999
2026-07-04T07:02:04.045743,2026-07-04T07:02:04.053946+00:00,152.6,50,bid,Alan Niu,YieldingYams,6698007
2026-07-04T07:02:05.016795,2026-07-04T07:02:05.028006+00:00,152.5,200,ask,AverageAlmonds,WavyWalnuts,6698025
2026-07-04T07:02:05.120682,2026-07-04T07:02:05.139945+00:00,152.5,300,ask,AverageAlmonds,YieldingYams,6698027
2026-07-04T07:02:05.136080,2026-07-04T07:02:05.139945+00:00,152.5,3,bid,Xuanyu Liu,YieldingYams,6698029
2026-07-04T07:02:05.314882,2026-07-04T07:02:05.324243+00:00,152.5,97,bid,Alan Niu,YieldingYams,6698032
2026-07-04T07:02:05.567564,2026-07-04T07:02:05.583792+00:00,152.5,225,bid,AverageAlmonds,YieldingYams,6698037
2026-07-04T07:02:06.224071,2026-07-04T07:02:06.233160+00:00,152.5,200,ask,AverageAlmonds,WavyWalnuts,6698050
2026-07-04T07:02:07.431218,2026-07-04T07:02:07.440645+00:00,152.5,200,ask,YieldingYams,WavyWalnuts,6698065
2026-07-04T07:02:08.276455,2026-07-04T07:02:08.287889+00:00,152.4,1,ask,YieldingYams,Kaleb Liu,6698077
2026-07-04T07:02:11.065007,2026-07-04T07:02:11.074577+00:00,152.8,200,bid,WavyWalnuts,YieldingYams,6698129
2026-07-04T07:02:14.291730,2026-07-04T07:02:14.301102+00:00,152.7,1,bid,Kaleb Liu,WavyWalnuts,6698161
2026-07-04T07:02:14.703984,2026-07-04T07:02:14.714805+00:00,152.6,200,ask,YieldingYams,WavyWalnuts,6698169
2026-07-04T07:02:15.299269,2026-07-04T07:02:15.324131+00:00,152.8,20,bid,BrilliantBurritos,YieldingYams,6698177
2026-07-04T07:02:15.929156,2026-07-04T07:02:15.933051+00:00,152.5,11,bid,Xuanyu Liu,WavyWalnuts,6698192
2026-07-04T07:02:15.935477,2026-07-04T07:02:15.948567+00:00,152.5,99,bid,Chester Au,WavyWalnuts,6698193
2026-07-04T07:02:16.131693,2026-07-04T07:02:16.142218+00:00,152.5,53,bid,Alan Niu,WavyWalnuts,6698196
2026-07-04T07:02:16.547564,2026-07-04T07:02:16.555157+00:00,152.4,3,ask,YieldingYams,Alan Niu,6698203
2026-07-04T07:02:16.565006,2026-07-04T07:02:16.576396+00:00,152.4,20,ask,YieldingYams,BrilliantBurritos,6698204
2026-07-04T07:02:16.648086,2026-07-04T07:02:16.652445+00:00,152.4,14,ask,YieldingYams,Xuanyu Liu,6698206
2026-07-04T07:02:16.898536,2026-07-04T07:02:16.906587+00:00,152.5,37,bid,YieldingYams,WavyWalnuts,6698208
2026-07-04T07:02:16.975646,2026-07-04T07:02:16.985177+00:00,152.5,147,ask,YieldingYams,Alan Niu,6698210
2026-07-04T07:02:20.092675,2026-07-04T07:02:20.163929+00:00,152.6,500,bid,AverageAlmonds,YieldingYams,6698255
2026-07-04T07:02:21.728400,2026-07-04T07:02:21.739843+00:00,152.6,20,ask,AverageAlmonds,BrilliantBurritos,6698266
2026-07-04T07:02:23.173881,2026-07-04T07:02:23.185010+00:00,152.7,20,bid,BrilliantBurritos,WavyWalnuts,6698291
2026-07-04T07:02:23.183022,2026-07-04T07:02:23.190426+00:00,152.7,200,bid,WavyWalnuts,YieldingYams,6698292
2026-07-04T07:02:25.020697,2026-07-04T07:02:25.030595+00:00,152.6,50,ask,WavyWalnuts,Alan Niu,6698316
2026-07-04T07:02:26.067085,2026-07-04T07:02:26.075014+00:00,152.7,500,ask,AverageAlmonds,YieldingYams,6698342
2026-07-04T07:02:26.067085,2026-07-04T07:02:26.075014+00:00,152.7,125,ask,WavyWalnuts,YieldingYams,6698343
2026-07-04T07:02:29.494057,2026-07-04T07:02:29.497895+00:00,152.7,3,ask,AverageAlmonds,Xuanyu Liu,6698406
2026-07-04T07:02:29.500204,2026-07-04T07:02:29.513153+00:00,152.7,97,ask,AverageAlmonds,Chester Au,6698407
2026-07-04T07:02:29.997039,2026-07-04T07:02:30.004382+00:00,152.8,200,bid,YieldingYams,WavyWalnuts,6698411
2026-07-04T07:02:30.013940,2026-07-04T07:02:30.025548+00:00,152.8,2,ask,YieldingYams,Chester Au,6698414
2026-07-04T07:02:31.840100,2026-07-04T07:02:31.852032+00:00,152.9,20,ask,AverageAlmonds,BrilliantBurritos,6698449
2026-07-04T07:02:34.078208,2026-07-04T07:02:34.085128+00:00,153.0,200,ask,YieldingYams,WavyWalnuts,6698485
2026-07-04T07:02:35.565235,2026-07-04T07:02:35.568762+00:00,153.1,3,bid,Xuanyu Liu,YieldingYams,6698502
2026-07-04T07:02:36.454336,2026-07-04T07:02:36.451457+00:00,153.1,500,bid,AverageAlmonds,YieldingYams,6698519
2026-07-04T07:02:36.497719,2026-07-04T07:02:36.507169+00:00,153.1,122,bid,WavyWalnuts,YieldingYams,6698522
2026-07-04T07:02:37.712386,2026-07-04T07:02:37.720266+00:00,153.2,200,ask,AverageAlmonds,WavyWalnuts,6698541
2026-07-04T07:02:38.787834,2026-07-04T07:02:38.799505+00:00,153.3,20,bid,BrilliantBurritos,YieldingYams,6698553
2026-07-04T07:02:38.923209,2026-07-04T07:02:38.933507+00:00,153.1,200,ask,AverageAlmonds,WavyWalnuts,6698557
2026-07-04T07:02:39.748757,2026-07-04T07:02:39.758543+00:00,153.2,47,bid,Alan Niu,YieldingYams,6698569
2026-07-04T07:02:40.092446,2026-07-04T07:02:40.103861+00:00,153.2,500,bid,AverageAlmonds,YieldingYams,6698572
2026-07-04T07:02:40.130359,2026-07-04T07:02:40.140635+00:00,152.9,200,ask,YieldingYams,WavyWalnuts,6698574
2026-07-04T07:02:41.339592,2026-07-04T07:02:41.349717+00:00,153.2,200,ask,AverageAlmonds,WavyWalnuts,6698594
2026-07-04T07:02:41.860826,2026-07-04T07:02:41.868955+00:00,153.4,50,bid,Alan Niu,YieldingYams,6698605
2026-07-04T07:02:42.548283,2026-07-04T07:02:42.558534+00:00,153.2,200,ask,AverageAlmonds,WavyWalnuts,6698611
2026-07-04T07:02:43.758457,2026-07-04T07:02:43.769923+00:00,153.3,200,ask,YieldingYams,WavyWalnuts,6698630
2026-07-04T07:02:46.087973,2026-07-04T07:02:46.097344+00:00,153.3,50,ask,AverageAlmonds,Alan Niu,6698663
2026-07-04T07:02:46.153041,2026-07-04T07:02:46.168672+00:00,153.4,200,bid,AverageAlmonds,WavyWalnuts,6698665
2026-07-04T07:02:46.153041,2026-07-04T07:02:46.168672+00:00,153.4,300,bid,AverageAlmonds,YieldingYams,6698666
2026-07-04T07:02:47.064286,2026-07-04T07:02:47.074256+00:00,153.2,200,ask,WavyWalnuts,YieldingYams,6698680
2026-07-04T07:02:47.064286,2026-07-04T07:02:47.074256+00:00,153.2,425,ask,AverageAlmonds,YieldingYams,6698681
2026-07-04T07:02:48.372467,2026-07-04T07:02:48.380707+00:00,153.4,200,bid,YieldingYams,WavyWalnuts,6698701
2026-07-04T07:02:50.028303,2026-07-04T07:02:50.040224+00:00,153.6,20,bid,BrilliantBurritos,YieldingYams,6698718
2026-07-04T07:02:53.459967,2026-07-04T07:02:53.469068+00:00,153.6,200,bid,WavyWalnuts,YieldingYams,6698764
2026-07-04T07:02:54.572243,2026-07-04T07:02:54.584383+00:00,153.5,20,ask,AverageAlmonds,BrilliantBurritos,6698782
2026-07-04T07:02:54.798436,2026-07-04T07:02:54.808962+00:00,153.5,10,ask,AverageAlmonds,Alan Niu,6698788
2026-07-04T07:02:55.818161,2026-07-04T07:02:55.825278+00:00,153.6,200,bid,AverageAlmonds,WavyWalnuts,6698803
2026-07-04T07:02:55.864879,2026-07-04T07:02:55.874836+00:00,153.6,37,ask,AverageAlmonds,Alan Niu,6698806
2026-07-04T07:02:57.835300,2026-07-04T07:02:57.846830+00:00,154.0,20,bid,BrilliantBurritos,WavyWalnuts,6698835
2026-07-04T07:03:01.516979,2026-07-04T07:03:01.525367+00:00,153.8,200,ask,WavyWalnuts,YieldingYams,6698887
2026-07-04T07:03:01.669273,2026-07-04T07:03:01.676054+00:00,153.8,20,bid,BrilliantBurritos,YieldingYams,6698892
2026-07-04T07:03:03.129751,2026-07-04T07:03:03.136432+00:00,153.8,200,bid,WavyWalnuts,YieldingYams,6698911
2026-07-04T07:03:04.312727,2026-07-04T07:03:04.319670+00:00,153.8,500,bid,AverageAlmonds,YieldingYams,6698926
2026-07-04T07:03:04.344365,2026-07-04T07:03:04.351137+00:00,153.8,125,bid,WavyWalnuts,YieldingYams,6698927
2026-07-04T07:03:05.451788,2026-07-04T07:03:05.457727+00:00,153.9,75,ask,WavyWalnuts,YieldingYams,6698942
2026-07-04T07:03:05.451788,2026-07-04T07:03:05.457727+00:00,153.9,500,ask,AverageAlmonds,YieldingYams,6698943
2026-07-04T07:03:05.511116,2026-07-04T07:03:05.520409+00:00,153.9,50,bid,AverageAlmonds,YieldingYams,6698944
2026-07-04T07:03:06.732753,2026-07-04T07:03:06.742479+00:00,154.0,200,bid,AverageAlmonds,WavyWalnuts,6698961
2026-07-04T07:03:06.776941,2026-07-04T07:03:06.790978+00:00,154.1,200,ask,YieldingYams,WavyWalnuts,6698963
2026-07-04T07:03:06.787371,2026-07-04T07:03:06.790978+00:00,154.1,3,ask,YieldingYams,Xuanyu Liu,6698965
2026-07-04T07:03:10.980795,2026-07-04T07:03:10.996924+00:00,154.3,20,bid,BrilliantBurritos,YieldingYams,6699020
2026-07-04T07:03:12.822906,2026-07-04T07:03:12.829931+00:00,154.2,200,ask,AverageAlmonds,WavyWalnuts,6699038
2026-07-04T07:03:13.338773,2026-07-04T07:03:13.347287+00:00,154.2,20,ask,AverageAlmonds,BrilliantBurritos,6699045
2026-07-04T07:03:14.004240,2026-07-04T07:03:14.008191+00:00,154.3,11,ask,AverageAlmonds,Xuanyu Liu,6699061
2026-07-04T07:03:14.031218,2026-07-04T07:03:14.039579+00:00,154.3,200,ask,AverageAlmonds,WavyWalnuts,6699062
2026-07-04T07:03:14.588237,2026-07-04T07:03:14.596671+00:00,154.4,500,bid,AverageAlmonds,YieldingYams,6699067
2026-07-04T07:03:14.629833,2026-07-04T07:03:14.633628+00:00,154.4,12,ask,YieldingYams,Xuanyu Liu,6699071
2026-07-04T07:03:15.368346,2026-07-04T07:03:15.376269+00:00,154.5,20,bid,BrilliantBurritos,WavyWalnuts,6699081
2026-07-04T07:03:15.917025,2026-07-04T07:03:15.924625+00:00,154.5,180,bid,YieldingYams,WavyWalnuts,6699088
2026-07-04T07:03:15.934666,2026-07-04T07:03:15.937856+00:00,154.5,11,ask,YieldingYams,Xuanyu Liu,6699090
2026-07-04T07:03:16.443155,2026-07-04T07:03:16.451726+00:00,154.5,200,ask,YieldingYams,WavyWalnuts,6699095
2026-07-04T07:03:17.283209,2026-07-04T07:03:17.294840+00:00,154.5,20,ask,AverageAlmonds,BrilliantBurritos,6699105
2026-07-04T07:03:17.656436,2026-07-04T07:03:17.658610+00:00,154.5,200,ask,AverageAlmonds,WavyWalnuts,6699113
2026-07-04T07:03:17.866499,2026-07-04T07:03:17.878168+00:00,154.5,20,ask,AverageAlmonds,BrilliantBurritos,6699118
2026-07-04T07:03:20.073666,2026-07-04T07:03:20.080710+00:00,154.6,200,ask,YieldingYams,WavyWalnuts,6699141
2026-07-04T07:03:21.211580,2026-07-04T07:03:21.222986+00:00,154.5,20,ask,AverageAlmonds,BrilliantBurritos,6699160
2026-07-04T07:03:22.548008,2026-07-04T07:03:22.552169+00:00,154.6,11,bid,Xuanyu Liu,YieldingYams,6699193
2026-07-04T07:03:26.144278,2026-07-04T07:03:26.151429+00:00,154.6,200,ask,YieldingYams,WavyWalnuts,6699248
2026-07-04T07:03:26.470134,2026-07-04T07:03:26.473732+00:00,154.7,12,bid,Xuanyu Liu,YieldingYams,6699253
2026-07-04T07:03:29.094528,2026-07-04T07:03:29.098245+00:00,154.6,11,bid,Xuanyu Liu,YieldingYams,6699294
2026-07-04T07:03:29.858927,2026-07-04T07:03:29.870319+00:00,154.5,20,ask,WavyWalnuts,BrilliantBurritos,6699302
2026-07-04T07:03:30.390073,2026-07-04T07:03:30.400224+00:00,154.5,180,ask,WavyWalnuts,YieldingYams,6699308
2026-07-04T07:03:35.850971,2026-07-04T07:03:35.854423+00:00,154.7,11,ask,WavyWalnuts,Xuanyu Liu,6699370
2026-07-04T07:03:36.941174,2026-07-04T07:03:36.952588+00:00,154.7,189,ask,WavyWalnuts,YieldingYams,6699384
2026-07-04T07:03:38.248785,2026-07-04T07:03:38.258577+00:00,154.7,200,bid,YieldingYams,WavyWalnuts,6699397
2026-07-04T07:03:42.181014,2026-07-04T07:03:42.190978+00:00,154.8,200,ask,WavyWalnuts,YieldingYams,6699444
2026-07-04T07:03:43.096023,2026-07-04T07:03:43.107885+00:00,154.8,20,bid,BrilliantBurritos,YieldingYams,6699456
2026-07-04T07:03:44.802254,2026-07-04T07:03:44.813525+00:00,154.8,200,bid,YieldingYams,WavyWalnuts,6699494
2026-07-04T07:03:45.500463,2026-07-04T07:03:45.509255+00:00,154.8,20,ask,YieldingYams,BrilliantBurritos,6699502
2026-07-04T07:03:46.766790,2026-07-04T07:03:46.775350+00:00,154.9,200,bid,WavyWalnuts,AverageAlmonds,6699518
2026-07-04T07:03:47.431906,2026-07-04T07:03:47.440819+00:00,154.9,500,bid,YieldingYams,AverageAlmonds,6699524
2026-07-04T07:03:48.746329,2026-07-04T07:03:48.756064+00:00,154.7,200,ask,WavyWalnuts,YieldingYams,6699544
2026-07-04T07:03:48.764749,2026-07-04T07:03:48.768252+00:00,154.7,11,bid,Xuanyu Liu,YieldingYams,6699546
2026-07-04T07:03:49.190447,2026-07-04T07:03:49.201438+00:00,154.7,200,bid,WavyWalnuts,YieldingYams,6699557
2026-07-04T07:03:49.607418,2026-07-04T07:03:49.614497+00:00,154.5,20,ask,YieldingYams,BrilliantBurritos,6699563
2026-07-04T07:03:52.657342,2026-07-04T07:03:52.667144+00:00,154.7,20,ask,WavyWalnuts,BrilliantBurritos,6699618
2026-07-04T07:03:52.672190,2026-07-04T07:03:52.682954+00:00,154.7,180,ask,WavyWalnuts,YieldingYams,6699619
2026-07-04T07:03:55.256142,2026-07-04T07:03:55.258599+00:00,154.7,200,bid,WavyWalnuts,AverageAlmonds,6699658
2026-07-04T07:03:55.761925,2026-07-04T07:03:55.769040+00:00,154.6,500,ask,YieldingYams,AverageAlmonds,6699670
2026-07-04T07:03:56.466038,2026-07-04T07:03:56.474477+00:00,154.7,200,bid,WavyWalnuts,AverageAlmonds,6699676
2026-07-04T07:03:57.673942,2026-07-04T07:03:57.680208+00:00,154.5,200,bid,WavyWalnuts,YieldingYams,6699698
2026-07-04T07:03:58.882362,2026-07-04T07:03:58.891865+00:00,154.4,200,bid,WavyWalnuts,YieldingYams,6699718
2026-07-04T07:04:01.300721,2026-07-04T07:04:01.311943+00:00,154.4,200,bid,WavyWalnuts,YieldingYams,6699764
2026-07-04T07:04:03.721080,2026-07-04T07:04:03.732140+00:00,154.3,200,ask,YieldingYams,WavyWalnuts,6699789
2026-07-04T07:04:04.960301,2026-07-04T07:04:04.970687+00:00,154.5,20,bid,BrilliantBurritos,YieldingYams,6699804
2026-07-04T07:04:07.354722,2026-07-04T07:04:07.365243+00:00,154.4,200,bid,WavyWalnuts,YieldingYams,6699837
2026-07-04T07:04:08.054205,2026-07-04T07:04:08.058647+00:00,154.4,20,bid,BrilliantBurritos,YieldingYams,6699848
2026-07-04T07:04:09.710684,2026-07-04T07:04:09.714386+00:00,154.4,9,ask,YieldingYams,Xuanyu Liu,6699872
2026-07-04T07:04:10.084696,2026-07-04T07:04:10.094286+00:00,154.5,20,bid,BrilliantBurritos,WavyWalnuts,6699879
2026-07-04T07:04:10.511931,2026-07-04T07:04:10.515575+00:00,154.4,14,ask,YieldingYams,Xuanyu Liu,6699886
2026-07-04T07:04:12.316883,2026-07-04T07:04:12.335080+00:00,154.5,200,bid,YieldingYams,WavyWalnuts,6699911
2026-07-04T07:04:12.331848,2026-07-04T07:04:12.335080+00:00,154.5,11,ask,YieldingYams,Xuanyu Liu,6699913
2026-07-04T07:04:13.824041,2026-07-04T07:04:13.832082+00:00,154.5,20,ask,WavyWalnuts,BrilliantBurritos,6699925
2026-07-04T07:04:17.599625,2026-07-04T07:04:17.610774+00:00,154.5,200,bid,YieldingYams,WavyWalnuts,6699974
2026-07-04T07:04:18.246945,2026-07-04T07:04:18.258595+00:00,154.6,200,ask,YieldingYams,WavyWalnuts,6699984
2026-07-04T07:04:25.466268,2026-07-04T07:04:25.474217+00:00,154.4,200,ask,WavyWalnuts,YieldingYams,6700088
2026-07-04T07:04:25.506386,2026-07-04T07:04:25.516325+00:00,154.4,200,bid,WavyWalnuts,YieldingYams,6700089
2026-07-04T07:04:26.716571,2026-07-04T07:04:26.769390+00:00,154.4,200,bid,WavyWalnuts,YieldingYams,6700097
2026-07-04T07:04:26.863992,2026-07-04T07:04:26.867296+00:00,154.4,12,ask,YieldingYams,Xuanyu Liu,6700102
2026-07-04T07:04:27.970581,2026-07-04T07:04:27.974256+00:00,154.5,11,ask,WavyWalnuts,Xuanyu Liu,6700120
2026-07-04T07:04:30.363559,2026-07-04T07:04:30.366812+00:00,154.6,11,bid,Xuanyu Liu,WavyWalnuts,6700147
2026-07-04T07:04:35.737558,2026-07-04T07:04:35.758835+00:00,154.4,20,ask,YieldingYams,BrilliantBurritos,6700216
2026-07-04T07:04:38.557414,2026-07-04T07:04:38.569148+00:00,154.5,200,bid,YieldingYams,WavyWalnuts,6700260
2026-07-04T07:04:38.816362,2026-07-04T07:04:38.828123+00:00,154.5,200,ask,YieldingYams,WavyWalnuts,6700268
2026-07-04T07:04:39.888705,2026-07-04T07:04:39.892268+00:00,154.4,12,bid,Xuanyu Liu,YieldingYams,6700290
2026-07-04T07:04:40.074726,2026-07-04T07:04:40.086335+00:00,154.3,20,ask,WavyWalnuts,BrilliantBurritos,6700294
2026-07-04T07:04:43.834739,2026-07-04T07:04:43.837955+00:00,154.4,11,bid,Xuanyu Liu,YieldingYams,6700338
2026-07-04T07:04:46.445654,2026-07-04T07:04:46.458678+00:00,154.4,200,ask,WavyWalnuts,YieldingYams,6700372
2026-07-04T07:04:50.918862,2026-07-04T07:04:50.926832+00:00,154.4,200,ask,YieldingYams,WavyWalnuts,6700442
2026-07-04T07:04:51.545132,2026-07-04T07:04:51.563658+00:00,154.4,20,ask,YieldingYams,BrilliantBurritos,6700452
2026-07-04T07:04:54.763722,2026-07-04T07:04:54.766906+00:00,154.6,12,bid,Xuanyu Liu,YieldingYams,6700488
2026-07-04T07:04:56.942413,2026-07-04T07:04:56.942552+00:00,154.5,500,ask,AverageAlmonds,YieldingYams,6700524
2026-07-04T07:04:56.970333,2026-07-04T07:04:56.973859+00:00,154.5,11,bid,Xuanyu Liu,YieldingYams,6700528
2026-07-04T07:04:56.979640,2026-07-04T07:04:56.989130+00:00,154.5,114,bid,WavyWalnuts,YieldingYams,6700529
2026-07-04T07:04:57.863275,2026-07-04T07:04:57.875075+00:00,154.7,20,bid,BrilliantBurritos,WavyWalnuts,6700544
2026-07-04T07:04:58.193418,2026-07-04T07:04:58.204465+00:00,154.6,200,ask,AverageAlmonds,WavyWalnuts,6700551
2026-07-04T07:04:58.265991,2026-07-04T07:04:58.269767+00:00,154.7,11,ask,YieldingYams,Xuanyu Liu,6700558
2026-07-04T07:04:59.404523,2026-07-04T07:04:59.414831+00:00,154.7,200,ask,YieldingYams,WavyWalnuts,6700575
2026-07-04T07:05:07.396565,2026-07-04T07:05:07.399962+00:00,154.8,17,bid,Xuanyu Liu,YieldingYams,6700700
2026-07-04T07:05:07.861273,2026-07-04T07:05:07.869002+00:00,154.7,200,ask,YieldingYams,WavyWalnuts,6700707
2026-07-04T07:05:09.599984,2026-07-04T07:05:09.607832+00:00,154.8,500,bid,AverageAlmonds,YieldingYams,6700732
2026-07-04T07:05:10.196182,2026-07-04T07:05:10.205016+00:00,154.8,200,bid,AverageAlmonds,WavyWalnuts,6700741
2026-07-04T07:05:10.280970,2026-07-04T07:05:10.290297+00:00,154.8,200,ask,AverageAlmonds,WavyWalnuts,6700745
2026-07-04T07:05:10.907153,2026-07-04T07:05:10.918802+00:00,154.9,20,bid,BrilliantBurritos,YieldingYams,6700752
2026-07-04T07:05:12.042493,2026-07-04T07:05:12.078804+00:00,154.9,200,bid,AverageAlmonds,WavyWalnuts,6700773
2026-07-04T07:05:12.075068,2026-07-04T07:05:12.078804+00:00,154.9,3,ask,AverageAlmonds,Xuanyu Liu,6700777
2026-07-04T07:05:12.695735,2026-07-04T07:05:12.706309+00:00,154.8,200,ask,AverageAlmonds,WavyWalnuts,6700786
2026-07-04T07:05:15.074533,2026-07-04T07:05:15.084822+00:00,155.1,20,bid,BrilliantBurritos,WavyWalnuts,6700815
2026-07-04T07:05:15.336786,2026-07-04T07:05:15.340686+00:00,155.2,3,ask,YieldingYams,Xuanyu Liu,6700823
2026-07-04T07:05:24.810511,2026-07-04T07:05:24.820980+00:00,155.3,200,bid,WavyWalnuts,YieldingYams,6700951
2026-07-04T07:05:29.810999,2026-07-04T07:05:29.814533+00:00,155.3,3,bid,Xuanyu Liu,YieldingYams,6701020
2026-07-04T07:05:30.871215,2026-07-04T07:05:30.879593+00:00,155.3,200,bid,WavyWalnuts,YieldingYams,6701043
2026-07-04T07:05:33.285283,2026-07-04T07:05:33.292684+00:00,155.6,200,bid,WavyWalnuts,YieldingYams,6701077
2026-07-04T07:05:33.829455,2026-07-04T07:05:33.834818+00:00,155.5,500,ask,YieldingYams,AverageAlmonds,6701080
2026-07-04T07:05:34.425931,2026-07-04T07:05:34.433020+00:00,155.5,125,ask,YieldingYams,AverageAlmonds,6701093
2026-07-04T07:05:34.492309,2026-07-04T07:05:34.499137+00:00,155.5,200,bid,WavyWalnuts,AverageAlmonds,6701098
2026-07-04T07:05:35.700097,2026-07-04T07:05:35.698477+00:00,155.4,200,bid,WavyWalnuts,YieldingYams,6701127
2026-07-04T07:05:37.476497,2026-07-04T07:05:37.484856+00:00,155.4,200,ask,WavyWalnuts,AverageAlmonds,6701150
2026-07-04T07:05:38.114740,2026-07-04T07:05:38.158710+00:00,155.4,200,bid,WavyWalnuts,AverageAlmonds,6701163
2026-07-04T07:05:38.902681,2026-07-04T07:05:38.914327+00:00,155.3,500,bid,YieldingYams,AverageAlmonds,6701170
2026-07-04T07:05:39.273162,2026-07-04T07:05:39.280433+00:00,155.3,125,ask,YieldingYams,AverageAlmonds,6701174
2026-07-04T07:05:40.213908,2026-07-04T07:05:40.229634+00:00,155.2,200,ask,WavyWalnuts,YieldingYams,6701186
2026-07-04T07:05:40.226483,2026-07-04T07:05:40.229634+00:00,155.2,3,bid,Xuanyu Liu,YieldingYams,6701188
2026-07-04T07:05:40.393259,2026-07-04T07:05:40.464258+00:00,155.2,97,bid,Alan Niu,YieldingYams,6701190
2026-07-04T07:05:40.542511,2026-07-04T07:05:40.564692+00:00,155.2,200,bid,WavyWalnuts,YieldingYams,6701192
2026-07-04T07:05:41.520368,2026-07-04T07:05:41.530700+00:00,155.3,500,bid,YieldingYams,AverageAlmonds,6701211
2026-07-04T07:05:41.520368,2026-07-04T07:05:41.530700+00:00,155.5,125,bid,YieldingYams,WavyWalnuts,6701212
2026-07-04T07:05:42.269937,2026-07-04T07:05:42.273727+00:00,155.1,3,ask,WavyWalnuts,Xuanyu Liu,6701224
2026-07-04T07:05:42.293219,2026-07-04T07:05:42.299784+00:00,155.1,97,ask,WavyWalnuts,Alan Niu,6701226
2026-07-04T07:05:42.831352,2026-07-04T07:05:42.863680+00:00,155.3,200,bid,YieldingYams,WavyWalnuts,6701230
2026-07-04T07:05:42.831352,2026-07-04T07:05:42.863680+00:00,155.3,425,bid,YieldingYams,AverageAlmonds,6701231
2026-07-04T07:05:42.961213,2026-07-04T07:05:42.968765+00:00,155.2,200,bid,WavyWalnuts,AverageAlmonds,6701232
2026-07-04T07:05:46.360449,2026-07-04T07:05:46.368856+00:00,155.2,20,bid,BrilliantBurritos,WavyWalnuts,6701287
2026-07-04T07:05:48.069349,2026-07-04T07:05:48.076318+00:00,155.0,200,bid,YieldingYams,WavyWalnuts,6701307
2026-07-04T07:05:50.226741,2026-07-04T07:05:50.233273+00:00,155.0,200,bid,WavyWalnuts,YieldingYams,6701342
2026-07-04T07:05:51.447346,2026-07-04T07:05:51.449953+00:00,155.0,20,bid,BrilliantBurritos,WavyWalnuts,6701354
2026-07-04T07:05:53.855229,2026-07-04T07:05:53.868708+00:00,155.1,200,bid,WavyWalnuts,YieldingYams,6701392
2026-07-04T07:05:55.081296,2026-07-04T07:05:55.084840+00:00,155.1,3,ask,WavyWalnuts,Xuanyu Liu,6701411
2026-07-04T07:05:55.715794,2026-07-04T07:05:55.724873+00:00,155.2,20,bid,BrilliantBurritos,YieldingYams,6701427
2026-07-04T07:05:55.957659,2026-07-04T07:05:55.969280+00:00,155.1,197,ask,WavyWalnuts,YieldingYams,6701433
2026-07-04T07:05:57.945280,2026-07-04T07:05:57.958652+00:00,155.0,20,ask,WavyWalnuts,BrilliantBurritos,6701465
2026-07-04T07:05:58.002740,2026-07-04T07:05:58.006976+00:00,155.2,3,bid,Xuanyu Liu,YieldingYams,6701467
2026-07-04T07:06:00.384054,2026-07-04T07:06:00.392000+00:00,155.1,20,bid,BrilliantBurritos,YieldingYams,6701507
2026-07-04T07:06:07.778992,2026-07-04T07:06:07.787007+00:00,154.7,200,bid,YieldingYams,WavyWalnuts,6701610
2026-07-04T07:06:08.379764,2026-07-04T07:06:08.389869+00:00,154.7,200,ask,YieldingYams,WavyWalnuts,6701621
2026-07-04T07:06:15.634035,2026-07-04T07:06:15.642925+00:00,154.6,200,ask,WavyWalnuts,YieldingYams,6701715
2026-07-04T07:06:15.634035,2026-07-04T07:06:15.642925+00:00,154.6,425,ask,AverageAlmonds,YieldingYams,6701716
2026-07-04T07:06:16.863971,2026-07-04T07:06:16.875185+00:00,154.6,200,ask,AverageAlmonds,WavyWalnuts,6701738
2026-07-04T07:06:19.244484,2026-07-04T07:06:19.251543+00:00,154.7,200,bid,AverageAlmonds,WavyWalnuts,6701780
2026-07-04T07:06:19.282296,2026-07-04T07:06:19.290935+00:00,154.7,200,ask,AverageAlmonds,WavyWalnuts,6701782
2026-07-04T07:06:19.569959,2026-07-04T07:06:19.579992+00:00,154.7,100,ask,AverageAlmonds,YieldingYams,6701785
2026-07-04T07:06:19.839293,2026-07-04T07:06:19.848880+00:00,154.7,500,bid,AverageAlmonds,YieldingYams,6701786
2026-07-04T07:06:20.478565,2026-07-04T07:06:20.497607+00:00,154.6,14,ask,AverageAlmonds,Xuanyu Liu,6701798
2026-07-04T07:06:20.825132,2026-07-04T07:06:20.837063+00:00,154.7,20,bid,BrilliantBurritos,YieldingYams,6701801
2026-07-04T07:06:20.880299,2026-07-04T07:06:20.888226+00:00,154.8,200,bid,YieldingYams,WavyWalnuts,6701802
2026-07-04T07:06:20.899243,2026-07-04T07:06:20.902932+00:00,154.9,35,ask,YieldingYams,Xuanyu Liu,6701805
2026-07-04T07:06:23.173008,2026-07-04T07:06:23.184407+00:00,155.0,20,bid,BrilliantBurritos,YieldingYams,6701839
2026-07-04T07:06:26.763763,2026-07-04T07:06:26.766943+00:00,155.0,23,bid,Xuanyu Liu,YieldingYams,6701885
2026-07-04T07:06:27.444936,2026-07-04T07:06:27.446596+00:00,154.9,200,ask,WavyWalnuts,YieldingYams,6701896
2026-07-04T07:06:27.468742,2026-07-04T07:06:27.472437+00:00,154.9,12,bid,Xuanyu Liu,YieldingYams,6701898
2026-07-04T07:06:28.851158,2026-07-04T07:06:28.857527+00:00,154.7,20,ask,WavyWalnuts,BrilliantBurritos,6701920
2026-07-04T07:06:34.002639,2026-07-04T07:06:34.010284+00:00,154.8,200,ask,WavyWalnuts,YieldingYams,6701993
2026-07-04T07:06:35.031734,2026-07-04T07:06:35.041772+00:00,154.8,200,bid,WavyWalnuts,YieldingYams,6702009
2026-07-04T07:06:37.453672,2026-07-04T07:06:37.463612+00:00,154.9,200,bid,WavyWalnuts,YieldingYams,6702035
2026-07-04T07:06:39.253131,2026-07-04T07:06:39.264146+00:00,154.8,200,ask,WavyWalnuts,YieldingYams,6702063
2026-07-04T07:06:55.607257,2026-07-04T07:06:55.614809+00:00,155.1,200,ask,YieldingYams,WavyWalnuts,6702289
2026-07-04T07:06:57.637280,2026-07-04T07:06:57.648897+00:00,155.1,20,bid,BrilliantBurritos,WavyWalnuts,6702313
2026-07-04T07:07:00.607380,2026-07-04T07:07:00.619147+00:00,154.9,20,ask,WavyWalnuts,BrilliantBurritos,6702356
2026-07-04T07:07:00.916813,2026-07-04T07:07:00.928251+00:00,155.1,20,bid,BrilliantBurritos,YieldingYams,6702359
2026-07-04T07:07:01.657115,2026-07-04T07:07:01.665161+00:00,155.1,200,bid,WavyWalnuts,AverageAlmonds,6702370
2026-07-04T07:07:02.868289,2026-07-04T07:07:02.879835+00:00,155.1,200,bid,WavyWalnuts,AverageAlmonds,6702388
2026-07-04T07:07:04.078694,2026-07-04T07:07:04.086165+00:00,155.0,200,bid,WavyWalnuts,AverageAlmonds,6702404
2026-07-04T07:07:04.874114,2026-07-04T07:07:04.885703+00:00,154.8,20,ask,YieldingYams,BrilliantBurritos,6702411
2026-07-04T07:07:06.495975,2026-07-04T07:07:06.504233+00:00,155.1,200,bid,WavyWalnuts,YieldingYams,6702437
2026-07-04T07:07:07.674383,2026-07-04T07:07:07.685798+00:00,155.0,500,ask,YieldingYams,AverageAlmonds,6702449
2026-07-04T07:07:08.005963,2026-07-04T07:07:08.015197+00:00,155.0,20,ask,YieldingYams,BrilliantBurritos,6702457
2026-07-04T07:07:08.263825,2026-07-04T07:07:08.282510+00:00,154.9,200,ask,WavyWalnuts,AverageAlmonds,6702459
2026-07-04T07:07:08.279358,2026-07-04T07:07:08.282510+00:00,154.9,11,bid,Xuanyu Liu,AverageAlmonds,6702461
2026-07-04T07:07:09.489212,2026-07-04T07:07:09.492715+00:00,154.8,3,bid,Xuanyu Liu,AverageAlmonds,6702478
2026-07-04T07:07:09.709164,2026-07-04T07:07:09.719664+00:00,154.8,20,bid,BrilliantBurritos,AverageAlmonds,6702482
2026-07-04T07:07:10.917074,2026-07-04T07:07:10.921595+00:00,154.7,3,ask,WavyWalnuts,Xuanyu Liu,6702498
2026-07-04T07:07:12.381177,2026-07-04T07:07:12.392592+00:00,154.9,20,bid,BrilliantBurritos,AverageAlmonds,6702518
2026-07-04T07:07:13.331982,2026-07-04T07:07:13.338910+00:00,154.8,200,bid,YieldingYams,WavyWalnuts,6702537
2026-07-04T07:07:13.350197,2026-07-04T07:07:13.358904+00:00,154.8,11,ask,YieldingYams,Xuanyu Liu,6702539
2026-07-04T07:07:16.163759,2026-07-04T07:07:16.175019+00:00,154.8,200,bid,WavyWalnuts,YieldingYams,6702577
2026-07-04T07:07:17.242482,2026-07-04T07:07:17.246145+00:00,154.5,23,ask,YieldingYams,Xuanyu Liu,6702593
2026-07-04T07:07:17.386418,2026-07-04T07:07:17.389689+00:00,154.7,23,ask,WavyWalnuts,Xuanyu Liu,6702598
2026-07-04T07:07:20.350802,2026-07-04T07:07:20.354755+00:00,154.7,11,bid,Xuanyu Liu,YieldingYams,6702632
2026-07-04T07:07:23.460455,2026-07-04T07:07:23.468995+00:00,154.7,200,bid,WavyWalnuts,YieldingYams,6702678
2026-07-04T07:07:29.878664,2026-07-04T07:07:29.883432+00:00,154.5,11,ask,YieldingYams,Xuanyu Liu,6702745
2026-07-04T07:07:31.931861,2026-07-04T07:07:31.943667+00:00,154.5,200,ask,YieldingYams,WavyWalnuts,6702780
2026-07-04T07:07:33.362343,2026-07-04T07:07:33.368912+00:00,154.5,20,ask,AverageAlmonds,BrilliantBurritos,6702796
2026-07-04T07:07:34.321874,2026-07-04T07:07:34.369621+00:00,154.5,500,ask,AverageAlmonds,YieldingYams,6702810
2026-07-04T07:07:34.321874,2026-07-04T07:07:34.369621+00:00,154.4,125,ask,WavyWalnuts,YieldingYams,6702811
2026-07-04T07:07:35.631476,2026-07-04T07:07:35.639237+00:00,154.6,200,bid,YieldingYams,WavyWalnuts,6702822
2026-07-04T07:07:36.762601,2026-07-04T07:07:36.770011+00:00,154.7,200,ask,YieldingYams,WavyWalnuts,6702833
2026-07-04T07:07:39.180475,2026-07-04T07:07:39.191357+00:00,154.6,200,bid,WavyWalnuts,YieldingYams,6702859
2026-07-04T07:07:39.585063,2026-07-04T07:07:39.588686+00:00,154.5,23,ask,YieldingYams,Xuanyu Liu,6702868
2026-07-04T07:07:41.058666,2026-07-04T07:07:41.070189+00:00,154.5,20,ask,WavyWalnuts,BrilliantBurritos,6702891
2026-07-04T07:07:42.809464,2026-07-04T07:07:42.819956+00:00,154.6,200,bid,WavyWalnuts,YieldingYams,6702915
2026-07-04T07:07:44.821341,2026-07-04T07:07:44.829547+00:00,154.6,200,ask,WavyWalnuts,YieldingYams,6702945
2026-07-04T07:07:45.690500,2026-07-04T07:07:45.695295+00:00,154.5,17,ask,WavyWalnuts,Xuanyu Liu,6702960
2026-07-04T07:07:46.436837,2026-07-04T07:07:46.458605+00:00,154.5,200,ask,YieldingYams,WavyWalnuts,6702971
2026-07-04T07:07:51.375322,2026-07-04T07:07:51.384320+00:00,154.5,200,bid,YieldingYams,WavyWalnuts,6703055
2026-07-04T07:07:52.151009,2026-07-04T07:07:52.163665+00:00,154.5,20,ask,YieldingYams,BrilliantBurritos,6703068
2026-07-04T07:07:59.718270,2026-07-04T07:07:59.727231+00:00,154.2,500,ask,YieldingYams,AverageAlmonds,6703166
2026-07-04T07:07:59.770410,2026-07-04T07:07:59.779629+00:00,154.2,125,ask,YieldingYams,WavyWalnuts,6703168
2026-07-04T07:08:07.035426,2026-07-04T07:08:07.042234+00:00,154.1,200,bid,WavyWalnuts,YieldingYams,6703276
2026-07-04T07:08:08.433650,2026-07-04T07:08:08.443009+00:00,154.1,200,ask,WavyWalnuts,YieldingYams,6703310
2026-07-04T07:08:09.455491,2026-07-04T07:08:09.464795+00:00,154.1,200,bid,WavyWalnuts,YieldingYams,6703324
2026-07-04T07:08:11.047568,2026-07-04T07:08:11.054427+00:00,154.2,200,bid,YieldingYams,WavyWalnuts,6703341
2026-07-04T07:08:11.047568,2026-07-04T07:08:11.059635+00:00,154.3,425,bid,YieldingYams,AverageAlmonds,6703342
2026-07-04T07:08:14.078670,2026-07-04T07:08:14.090472+00:00,154.2,20,bid,BrilliantBurritos,WavyWalnuts,6703374
2026-07-04T07:08:17.964115,2026-07-04T07:08:17.969654+00:00,154.0,6,bid,Xuanyu Liu,WavyWalnuts,6703425
2026-07-04T07:08:20.315472,2026-07-04T07:08:20.323405+00:00,154.0,200,bid,AverageAlmonds,WavyWalnuts,6703452
2026-07-04T07:08:21.566387,2026-07-04T07:08:21.574262+00:00,154.0,200,ask,WavyWalnuts,YieldingYams,6703479
2026-07-04T07:08:21.566387,2026-07-04T07:08:21.579247+00:00,154.0,425,ask,AverageAlmonds,YieldingYams,6703480
2026-07-04T07:08:22.874835,2026-07-04T07:08:22.884341+00:00,154.1,200,bid,YieldingYams,WavyWalnuts,6703495
2026-07-04T07:08:23.640708,2026-07-04T07:08:23.644292+00:00,154.3,23,bid,Xuanyu Liu,YieldingYams,6703502
2026-07-04T07:08:24.001143,2026-07-04T07:08:24.009519+00:00,154.1,200,ask,YieldingYams,WavyWalnuts,6703510
2026-07-04T07:08:24.206019,2026-07-04T07:08:24.209625+00:00,154.1,22,bid,Xuanyu Liu,YieldingYams,6703513
2026-07-04T07:08:25.207728,2026-07-04T07:08:25.216368+00:00,154.1,200,bid,WavyWalnuts,YieldingYams,6703529
2026-07-04T07:08:26.854264,2026-07-04T07:08:26.857734+00:00,154.0,11,ask,WavyWalnuts,Xuanyu Liu,6703549
2026-07-04T07:08:28.118383,2026-07-04T07:08:28.126004+00:00,154.0,500,ask,AverageAlmonds,YieldingYams,6703562
2026-07-04T07:08:28.167081,2026-07-04T07:08:28.177028+00:00,154.0,125,bid,AverageAlmonds,YieldingYams,6703563
2026-07-04T07:08:28.798477,2026-07-04T07:08:28.801963+00:00,154.1,11,ask,AverageAlmonds,Xuanyu Liu,6703570
2026-07-04T07:08:30.647262,2026-07-04T07:08:30.658613+00:00,154.1,20,ask,YieldingYams,BrilliantBurritos,6703591
2026-07-04T07:08:31.015433,2026-07-04T07:08:31.027192+00:00,154.3,20,bid,BrilliantBurritos,YieldingYams,6703599
2026-07-04T07:08:32.469700,2026-07-04T07:08:32.479872+00:00,154.3,200,bid,WavyWalnuts,YieldingYams,6703629
2026-07-04T07:08:34.670709,2026-07-04T07:08:34.679506+00:00,154.4,200,ask,WavyWalnuts,YieldingYams,6703656
2026-07-04T07:08:37.334550,2026-07-04T07:08:37.338493+00:00,154.4,11,bid,Xuanyu Liu,WavyWalnuts,6703697
2026-07-04T07:08:37.353048,2026-07-04T07:08:37.364696+00:00,154.4,20,bid,BrilliantBurritos,WavyWalnuts,6703698
2026-07-04T07:08:39.923285,2026-07-04T07:08:39.929897+00:00,154.5,200,bid,YieldingYams,WavyWalnuts,6703732
2026-07-04T07:08:40.949794,2026-07-04T07:08:40.957513+00:00,154.5,200,ask,YieldingYams,WavyWalnuts,6703753
2026-07-04T07:08:42.159248,2026-07-04T07:08:42.167070+00:00,154.4,200,ask,YieldingYams,WavyWalnuts,6703767
2026-07-04T07:08:45.779994,2026-07-04T07:08:45.786635+00:00,154.4,200,ask,YieldingYams,WavyWalnuts,6703817
2026-07-04T07:08:49.105273,2026-07-04T07:08:49.112017+00:00,154.5,200,bid,YieldingYams,WavyWalnuts,6703856
2026-07-04T07:08:49.179626,2026-07-04T07:08:49.183939+00:00,154.5,11,ask,YieldingYams,Xuanyu Liu,6703858
2026-07-04T07:08:53.049652,2026-07-04T07:08:53.058572+00:00,154.6,200,bid,WavyWalnuts,AverageAlmonds,6703927
2026-07-04T07:08:54.258227,2026-07-04T07:08:54.269371+00:00,154.5,200,bid,WavyWalnuts,YieldingYams,6703942
2026-07-04T07:08:56.676571,2026-07-04T07:08:56.685017+00:00,154.7,200,bid,WavyWalnuts,YieldingYams,6703983
2026-07-04T07:08:57.714742,2026-07-04T07:08:57.726229+00:00,154.4,20,ask,YieldingYams,BrilliantBurritos,6704005
2026-07-04T07:08:57.898430,2026-07-04T07:08:57.901844+00:00,154.6,12,ask,WavyWalnuts,Xuanyu Liu,6704008
2026-07-04T07:08:58.292448,2026-07-04T07:08:58.298804+00:00,154.6,188,ask,WavyWalnuts,YieldingYams,6704010
2026-07-04T07:08:59.106921,2026-07-04T07:08:59.110512+00:00,154.5,11,ask,WavyWalnuts,Xuanyu Liu,6704026
2026-07-04T07:08:59.613835,2026-07-04T07:08:59.617288+00:00,154.6,6,ask,YieldingYams,Xuanyu Liu,6704031
2026-07-04T07:09:01.593529,2026-07-04T07:09:01.598670+00:00,154.7,17,bid,Xuanyu Liu,WavyWalnuts,6704071
2026-07-04T07:09:03.396206,2026-07-04T07:09:03.407870+00:00,154.7,20,bid,BrilliantBurritos,YieldingYams,6704104
2026-07-04T07:09:07.444183,2026-07-04T07:09:07.464129+00:00,154.8,200,bid,YieldingYams,WavyWalnuts,6704173
2026-07-04T07:09:11.291845,2026-07-04T07:09:11.295643+00:00,155.0,12,bid,Xuanyu Liu,YieldingYams,6704242
2026-07-04T07:09:11.414740,2026-07-04T07:09:11.423720+00:00,154.9,200,ask,WavyWalnuts,YieldingYams,6704243
2026-07-04T07:09:11.430257,2026-07-04T07:09:11.433868+00:00,154.9,11,bid,Xuanyu Liu,YieldingYams,6704246
2026-07-04T07:09:14.264301,2026-07-04T07:09:14.268114+00:00,155.0,11,bid,Xuanyu Liu,YieldingYams,6704279
2026-07-04T07:09:18.842693,2026-07-04T07:09:18.854403+00:00,155.1,20,bid,BrilliantBurritos,YieldingYams,6704318
2026-07-04T07:09:20.939820,2026-07-04T07:09:20.951514+00:00,155.0,200,ask,YieldingYams,WavyWalnuts,6704347
2026-07-04T07:09:22.150887,2026-07-04T07:09:22.158634+00:00,155.0,200,ask,YieldingYams,WavyWalnuts,6704365
2026-07-04T07:09:23.358787,2026-07-04T07:09:23.370138+00:00,154.9,200,ask,YieldingYams,WavyWalnuts,6704376
2026-07-04T07:09:23.434091,2026-07-04T07:09:23.443394+00:00,155.2,20,bid,BrilliantBurritos,YieldingYams,6704377
2026-07-04T07:09:25.776148,2026-07-04T07:09:25.785604+00:00,154.9,200,ask,YieldingYams,WavyWalnuts,6704408
2026-07-04T07:09:26.905324,2026-07-04T07:09:26.912101+00:00,154.9,20,ask,YieldingYams,BrilliantBurritos,6704422
2026-07-04T07:09:28.189975,2026-07-04T07:09:28.198045+00:00,154.8,200,ask,YieldingYams,WavyWalnuts,6704444
2026-07-04T07:09:31.088135,2026-07-04T07:09:31.098943+00:00,154.8,200,bid,YieldingYams,WavyWalnuts,6704483
2026-07-04T07:09:40.693683,2026-07-04T07:09:40.705376+00:00,154.5,20,ask,AverageAlmonds,BrilliantBurritos,6704629
2026-07-04T07:09:41.530522,2026-07-04T07:09:41.534159+00:00,154.6,12,bid,Xuanyu Liu,WavyWalnuts,6704640
2026-07-04T07:09:42.894847,2026-07-04T07:09:42.902824+00:00,154.5,200,bid,YieldingYams,WavyWalnuts,6704659
2026-07-04T07:09:46.130425,2026-07-04T07:09:46.142199+00:00,154.7,20,bid,BrilliantBurritos,WavyWalnuts,6704709
2026-07-04T07:09:46.823345,2026-07-04T07:09:46.833377+00:00,154.6,200,ask,WavyWalnuts,YieldingYams,6704712
2026-07-04T07:09:47.553099,2026-07-04T07:09:47.558565+00:00,154.6,200,bid,WavyWalnuts,YieldingYams,6704719
2026-07-04T07:09:48.774820,2026-07-04T07:09:48.784976+00:00,154.7,200,ask,YieldingYams,WavyWalnuts,6704738
2026-07-04T07:09:49.463904,2026-07-04T07:09:49.467271+00:00,154.7,23,bid,Xuanyu Liu,YieldingYams,6704753
2026-07-04T07:09:52.405027,2026-07-04T07:09:52.413878+00:00,154.7,200,bid,WavyWalnuts,YieldingYams,6704799
2026-07-04T07:09:52.538764,2026-07-04T07:09:52.548494+00:00,154.7,20,bid,BrilliantBurritos,YieldingYams,6704803
2026-07-04T07:09:53.614667,2026-07-04T07:09:53.623627+00:00,154.7,200,bid,WavyWalnuts,YieldingYams,6704819
2026-07-04T07:09:58.618446,2026-07-04T07:09:58.627015+00:00,154.5,200,bid,YieldingYams,WavyWalnuts,6704883
2026-07-04T07:09:59.936166,2026-07-04T07:09:59.955177+00:00,154.4,200,ask,WavyWalnuts,YieldingYams,6704905
2026-07-04T07:09:59.951412,2026-07-04T07:09:59.955177+00:00,154.3,11,bid,Xuanyu Liu,YieldingYams,6704907
2026-07-04T07:10:00.391846,2026-07-04T07:10:00.398585+00:00,154.3,20,bid,BrilliantBurritos,YieldingYams,6704914
2026-07-04T07:10:00.741822,2026-07-04T07:10:00.758584+00:00,154.0,20,ask,YieldingYams,BrilliantBurritos,6704919
2026-07-04T07:10:00.876793,2026-07-04T07:10:00.885656+00:00,154.3,200,bid,WavyWalnuts,YieldingYams,6704920
2026-07-04T07:10:02.088335,2026-07-04T07:10:02.095179+00:00,154.3,200,bid,WavyWalnuts,YieldingYams,6704939
2026-07-04T07:10:02.518492,2026-07-04T07:10:02.530177+00:00,154.1,20,ask,YieldingYams,BrilliantBurritos,6704948
2026-07-04T07:10:06.935198,2026-07-04T07:10:06.946395+00:00,154.0,200,ask,YieldingYams,WavyWalnuts,6705033
2026-07-04T07:10:07.622293,2026-07-04T07:10:07.634018+00:00,154.0,20,ask,YieldingYams,BrilliantBurritos,6705049
2026-07-04T07:10:12.988160,2026-07-04T07:10:12.996757+00:00,153.9,200,ask,YieldingYams,WavyWalnuts,6705114
2026-07-04T07:10:13.063549,2026-07-04T07:10:13.067077+00:00,153.9,3,bid,Xuanyu Liu,YieldingYams,6705117
2026-07-04T07:10:17.829811,2026-07-04T07:10:17.841100+00:00,153.8,200,ask,YieldingYams,WavyWalnuts,6705183
2026-07-04T07:10:20.895730,2026-07-04T07:10:20.903349+00:00,153.8,200,bid,YieldingYams,WavyWalnuts,6705215
2026-07-04T07:10:22.670989,2026-07-04T07:10:22.678756+00:00,154.0,200,bid,WavyWalnuts,YieldingYams,6705245
2026-07-04T07:10:25.086495,2026-07-04T07:10:25.093117+00:00,154.1,200,bid,WavyWalnuts,YieldingYams,6705276
2026-07-04T07:10:27.989031,2026-07-04T07:10:27.997516+00:00,154.1,50,bid,Alan Niu,YieldingYams,6705317
2026-07-04T07:10:30.493111,2026-07-04T07:10:30.504668+00:00,154.0,200,ask,WavyWalnuts,AverageAlmonds,6705348
2026-07-04T07:10:30.493111,2026-07-04T07:10:30.504668+00:00,153.9,300,ask,YieldingYams,AverageAlmonds,6705349
2026-07-04T07:10:31.068921,2026-07-04T07:10:31.077120+00:00,153.9,325,ask,YieldingYams,AverageAlmonds,6705356
2026-07-04T07:10:31.127732,2026-07-04T07:10:31.137096+00:00,153.9,175,bid,WavyWalnuts,AverageAlmonds,6705360
2026-07-04T07:10:31.375311,2026-07-04T07:10:31.381946+00:00,153.9,25,ask,WavyWalnuts,YieldingYams,6705362
2026-07-04T07:10:32.688799,2026-07-04T07:10:32.695962+00:00,153.7,200,ask,WavyWalnuts,YieldingYams,6705376
2026-07-04T07:10:32.705713,2026-07-04T07:10:32.709228+00:00,153.6,26,bid,Xuanyu Liu,YieldingYams,6705378
2026-07-04T07:10:32.712207,2026-07-04T07:10:32.724789+00:00,153.6,50,bid,Chester Au,YieldingYams,6705379
2026-07-04T07:10:33.542157,2026-07-04T07:10:33.553064+00:00,153.6,200,bid,WavyWalnuts,YieldingYams,6705390
2026-07-04T07:10:33.686847,2026-07-04T07:10:33.698569+00:00,153.6,20,bid,BrilliantBurritos,YieldingYams,6705392
2026-07-04T07:10:34.009918,2026-07-04T07:10:34.013518+00:00,153.5,26,ask,YieldingYams,Xuanyu Liu,6705402
2026-07-04T07:10:34.358602,2026-07-04T07:10:34.369977+00:00,153.5,50,ask,YieldingYams,Alan Niu,6705411
2026-07-04T07:10:35.954745,2026-07-04T07:10:35.956186+00:00,153.7,200,bid,WavyWalnuts,YieldingYams,6705433
2026-07-04T07:10:36.285414,2026-07-04T07:10:36.296867+00:00,153.4,20,ask,YieldingYams,BrilliantBurritos,6705439
2026-07-04T07:10:37.962306,2026-07-04T07:10:37.970365+00:00,153.5,200,ask,WavyWalnuts,YieldingYams,6705466
2026-07-04T07:10:39.272779,2026-07-04T07:10:39.283061+00:00,153.5,200,bid,YieldingYams,WavyWalnuts,6705476
2026-07-04T07:10:44.456268,2026-07-04T07:10:44.464059+00:00,153.3,200,ask,YieldingYams,WavyWalnuts,6705561
2026-07-04T07:10:45.421116,2026-07-04T07:10:45.432858+00:00,153.4,20,bid,BrilliantBurritos,YieldingYams,6705571
2026-07-04T07:10:45.663422,2026-07-04T07:10:45.676237+00:00,153.2,200,ask,YieldingYams,WavyWalnuts,6705579
2026-07-04T07:10:46.027165,2026-07-04T07:10:46.033746+00:00,153.2,50,ask,YieldingYams,Chester Au,6705585
2026-07-04T07:10:46.030108,2026-07-04T07:10:46.033746+00:00,153.2,3,ask,YieldingYams,Xuanyu Liu,6705586
2026-07-04T07:10:46.880903,2026-07-04T07:10:46.884568+00:00,153.3,11,ask,WavyWalnuts,Xuanyu Liu,6705602
2026-07-04T07:10:48.483856,2026-07-04T07:10:48.491862+00:00,153.4,20,ask,YieldingYams,BrilliantBurritos,6705625
2026-07-04T07:10:48.488704,2026-07-04T07:10:48.491862+00:00,153.4,12,ask,YieldingYams,Xuanyu Liu,6705627
2026-07-04T07:10:49.138007,2026-07-04T07:10:49.141630+00:00,153.5,12,bid,Xuanyu Liu,WavyWalnuts,6705636
2026-07-04T07:10:49.285604,2026-07-04T07:10:49.296463+00:00,153.4,200,ask,YieldingYams,WavyWalnuts,6705642
2026-07-04T07:10:51.711213,2026-07-04T07:10:51.715260+00:00,153.4,11,bid,Xuanyu Liu,WavyWalnuts,6705683
2026-07-04T07:10:55.331140,2026-07-04T07:10:55.341507+00:00,153.3,200,ask,YieldingYams,WavyWalnuts,6705735
2026-07-04T07:10:56.538526,2026-07-04T07:10:56.558615+00:00,153.2,200,ask,YieldingYams,WavyWalnuts,6705755
2026-07-04T07:10:58.681619,2026-07-04T07:10:58.691796+00:00,153.3,20,bid,BrilliantBurritos,WavyWalnuts,6705782
2026-07-04T07:11:04.095194,2026-07-04T07:11:04.102071+00:00,153.4,20,bid,BrilliantBurritos,YieldingYams,6705854
2026-07-04T07:11:07.048785,2026-07-04T07:11:07.069197+00:00,153.3,20,bid,BrilliantBurritos,WavyWalnuts,6705887
2026-07-04T07:11:08.637577,2026-07-04T07:11:08.669238+00:00,153.2,200,ask,YieldingYams,WavyWalnuts,6705911
2026-07-04T07:11:09.844726,2026-07-04T07:11:09.864049+00:00,153.2,200,ask,YieldingYams,WavyWalnuts,6705938
2026-07-04T07:11:10.053631,2026-07-04T07:11:10.051209+00:00,153.4,20,bid,BrilliantBurritos,YieldingYams,6705943
2026-07-04T07:11:14.427475,2026-07-04T07:11:14.431172+00:00,153.4,6,bid,Xuanyu Liu,YieldingYams,6706001
2026-07-04T07:11:14.576711,2026-07-04T07:11:14.585886+00:00,153.4,44,bid,Alan Niu,YieldingYams,6706003
2026-07-04T07:11:14.685613,2026-07-04T07:11:14.695527+00:00,153.4,200,bid,WavyWalnuts,YieldingYams,6706005
2026-07-04T07:11:19.527865,2026-07-04T07:11:19.537442+00:00,153.5,200,bid,WavyWalnuts,YieldingYams,6706066
2026-07-04T07:11:21.961692,2026-07-04T07:11:21.970046+00:00,153.4,200,ask,YieldingYams,WavyWalnuts,6706099
2026-07-04T07:11:23.979627,2026-07-04T07:11:23.982835+00:00,153.4,3,ask,YieldingYams,Xuanyu Liu,6706127
2026-07-04T07:11:26.773031,2026-07-04T07:11:26.779629+00:00,153.3,200,ask,WavyWalnuts,AverageAlmonds,6706170
2026-07-04T07:11:28.016744,2026-07-04T07:11:28.027737+00:00,153.2,200,ask,YieldingYams,WavyWalnuts,6706191
2026-07-04T07:11:33.292799,2026-07-04T07:11:33.304059+00:00,152.9,1,ask,AverageAlmonds,Kaleb Liu,6706274
2026-07-04T07:11:35.130188,2026-07-04T07:11:35.137984+00:00,153.2,49,bid,Alan Niu,YieldingYams,6706304
2026-07-04T07:11:35.277032,2026-07-04T07:11:35.287974+00:00,153.2,200,bid,WavyWalnuts,YieldingYams,6706307
2026-07-04T07:11:35.506813,2026-07-04T07:11:35.518485+00:00,153.2,20,bid,BrilliantBurritos,YieldingYams,6706312
2026-07-04T07:11:35.556565,2026-07-04T07:11:35.568960+00:00,153.2,50,bid,Alan Niu,YieldingYams,6706314
2026-07-04T07:11:37.535829,2026-07-04T07:11:37.547252+00:00,153.4,20,bid,BrilliantBurritos,WavyWalnuts,6706335
2026-07-04T07:11:38.316228,2026-07-04T07:11:38.327549+00:00,153.3,200,bid,YieldingYams,WavyWalnuts,6706349
2026-07-04T07:11:38.476009,2026-07-04T07:11:38.494458+00:00,153.7,20,bid,BrilliantBurritos,YieldingYams,6706353
2026-07-04T07:11:39.308308,2026-07-04T07:11:39.315028+00:00,153.5,1,bid,Kaleb Liu,WavyWalnuts,6706362
2026-07-04T07:11:39.346643,2026-07-04T07:11:39.353524+00:00,153.4,1,ask,YieldingYams,Alan Niu,6706363
2026-07-04T07:11:43.798984,2026-07-04T07:11:43.808015+00:00,153.3,142,ask,WavyWalnuts,Alan Niu,6706438
2026-07-04T07:11:45.652036,2026-07-04T07:11:45.658587+00:00,153.5,24,bid,Alan Niu,YieldingYams,6706467
2026-07-04T07:11:46.075253,2026-07-04T07:11:46.082539+00:00,153.5,50,bid,Alan Niu,YieldingYams,6706471
2026-07-04T07:11:46.205897,2026-07-04T07:11:46.217609+00:00,153.4,200,ask,YieldingYams,WavyWalnuts,6706473
2026-07-04T07:11:46.435763,2026-07-04T07:11:46.442739+00:00,153.4,6,ask,YieldingYams,Kaleb Liu,6706477
2026-07-04T07:11:46.455874,2026-07-04T07:11:46.455436+00:00,153.4,20,ask,YieldingYams,BrilliantBurritos,6706478
2026-07-04T07:11:47.415336,2026-07-04T07:11:47.422076+00:00,153.4,200,ask,YieldingYams,WavyWalnuts,6706488
2026-07-04T07:11:47.464914,2026-07-04T07:11:47.476519+00:00,153.6,20,bid,BrilliantBurritos,YieldingYams,6706490
2026-07-04T07:11:48.201158,2026-07-04T07:11:48.212504+00:00,153.5,50,bid,Alan Niu,YieldingYams,6706508
2026-07-04T07:11:54.792333,2026-07-04T07:11:54.803710+00:00,153.3,20,bid,BrilliantBurritos,WavyWalnuts,6706577
2026-07-04T07:11:55.369056,2026-07-04T07:11:55.379540+00:00,153.3,180,bid,YieldingYams,WavyWalnuts,6706588
2026-07-04T07:11:55.438642,2026-07-04T07:11:55.446814+00:00,153.3,50,ask,YieldingYams,Alan Niu,6706590
2026-07-04T07:11:55.454797,2026-07-04T07:11:55.452116+00:00,153.3,8,ask,YieldingYams,Kaleb Liu,6706592
2026-07-04T07:11:55.893299,2026-07-04T07:11:55.903650+00:00,153.3,200,ask,YieldingYams,WavyWalnuts,6706601
2026-07-04T07:11:56.034145,2026-07-04T07:11:56.046087+00:00,153.3,20,ask,YieldingYams,BrilliantBurritos,6706604
2026-07-04T07:11:56.073098,2026-07-04T07:11:56.082271+00:00,153.5,45,bid,Alan Niu,YieldingYams,6706606
2026-07-04T07:11:56.695259,2026-07-04T07:11:56.698785+00:00,153.2,14,bid,Xuanyu Liu,YieldingYams,6706623
2026-07-04T07:11:56.701110,2026-07-04T07:11:56.714032+00:00,153.2,105,bid,Chester Au,YieldingYams,6706625
2026-07-04T07:11:56.713506,2026-07-04T07:11:56.724936+00:00,153.2,6,bid,Alan Niu,YieldingYams,6706628
2026-07-04T07:11:58.770610,2026-07-04T07:11:58.774466+00:00,153.2,14,ask,YieldingYams,Xuanyu Liu,6706664
2026-07-04T07:12:00.742016,2026-07-04T07:12:00.749941+00:00,153.3,200,bid,WavyWalnuts,YieldingYams,6706701
2026-07-04T07:12:02.463174,2026-07-04T07:12:02.473990+00:00,153.3,500,bid,AverageAlmonds,YieldingYams,6706730
2026-07-04T07:12:02.492926,2026-07-04T07:12:02.497526+00:00,153.3,14,bid,Kaleb Liu,YieldingYams,6706734
2026-07-04T07:12:03.093282,2026-07-04T07:12:03.103588+00:00,153.3,111,bid,AverageAlmonds,YieldingYams,6706751
2026-07-04T07:12:03.093282,2026-07-04T07:12:03.103588+00:00,153.3,200,bid,AverageAlmonds,WavyWalnuts,6706752
2026-07-04T07:12:03.494420,2026-07-04T07:12:03.501357+00:00,153.5,42,bid,Alan Niu,WavyWalnuts,6706759
2026-07-04T07:12:03.504262,2026-07-04T07:12:03.511715+00:00,153.4,1,ask,YieldingYams,Kaleb Liu,6706761
2026-07-04T07:12:04.376464,2026-07-04T07:12:04.384391+00:00,153.4,200,ask,YieldingYams,WavyWalnuts,6706775
2026-07-04T07:12:04.514374,2026-07-04T07:12:04.521113+00:00,153.4,5,ask,YieldingYams,Kaleb Liu,6706777
2026-07-04T07:12:04.592030,2026-07-04T07:12:04.598938+00:00,153.7,5,bid,Alan Niu,YieldingYams,6706778
2026-07-04T07:12:05.610764,2026-07-04T07:12:05.622244+00:00,153.5,20,bid,BrilliantBurritos,WavyWalnuts,6706801
2026-07-04T07:12:11.398049,2026-07-04T07:12:11.409151+00:00,153.3,43,ask,YieldingYams,Alan Niu,6706893
2026-07-04T07:12:14.066201,2026-07-04T07:12:14.076528+00:00,153.2,200,ask,YieldingYams,WavyWalnuts,6706931
2026-07-04T07:12:14.534763,2026-07-04T07:12:14.543357+00:00,153.4,6,bid,Kaleb Liu,YieldingYams,6706938
2026-07-04T07:12:14.547695,2026-07-04T07:12:14.559026+00:00,153.2,6,ask,YieldingYams,Alan Niu,6706939
2026-07-04T07:12:15.036890,2026-07-04T07:12:15.044700+00:00,153.2,500,ask,AverageAlmonds,YieldingYams,6706947
2026-07-04T07:12:15.194198,2026-07-04T07:12:15.203864+00:00,153.2,125,bid,AverageAlmonds,YieldingYams,6706948
2026-07-04T07:12:15.276820,2026-07-04T07:12:15.283816+00:00,153.3,200,ask,AverageAlmonds,WavyWalnuts,6706951
2026-07-04T07:12:15.392747,2026-07-04T07:12:15.403534+00:00,153.3,123,ask,AverageAlmonds,Alan Niu,6706953
2026-07-04T07:12:16.490275,2026-07-04T07:12:16.498374+00:00,153.3,200,ask,YieldingYams,WavyWalnuts,6706974
2026-07-04T07:12:17.638540,2026-07-04T07:12:17.646237+00:00,153.4,27,ask,AverageAlmonds,Chester Au,6706986
2026-07-04T07:12:17.654822,2026-07-04T07:12:17.658547+00:00,153.4,473,ask,AverageAlmonds,YieldingYams,6706988
2026-07-04T07:12:17.721658,2026-07-04T07:12:17.725459+00:00,153.4,3,bid,Xuanyu Liu,YieldingYams,6706992
2026-07-04T07:12:17.881181,2026-07-04T07:12:17.892220+00:00,153.4,47,bid,Alan Niu,YieldingYams,6706995
2026-07-04T07:12:18.210084,2026-07-04T07:12:18.218693+00:00,153.4,102,bid,AverageAlmonds,YieldingYams,6707000
2026-07-04T07:12:18.210084,2026-07-04T07:12:18.218693+00:00,153.4,200,bid,AverageAlmonds,WavyWalnuts,6707001
2026-07-04T07:12:18.236128,2026-07-04T07:12:18.239672+00:00,153.5,3,ask,AverageAlmonds,Xuanyu Liu,6707003
2026-07-04T07:12:18.308609,2026-07-04T07:12:18.316470+00:00,153.5,47,ask,AverageAlmonds,Alan Niu,6707007
2026-07-04T07:12:20.028301,2026-07-04T07:12:20.038690+00:00,153.6,200,bid,AverageAlmonds,WavyWalnuts,6707028
2026-07-04T07:12:20.028301,2026-07-04T07:12:20.038690+00:00,153.6,300,bid,AverageAlmonds,YieldingYams,6707029
2026-07-04T07:12:20.622243,2026-07-04T07:12:20.630170+00:00,153.6,200,bid,AverageAlmonds,WavyWalnuts,6707036
2026-07-04T07:12:20.643531,2026-07-04T07:12:20.658565+00:00,153.6,20,ask,AverageAlmonds,BrilliantBurritos,6707037
2026-07-04T07:12:20.654037,2026-07-04T07:12:20.658565+00:00,153.6,8,ask,AverageAlmonds,Chester Au,6707039
2026-07-04T07:12:22.494927,2026-07-04T07:12:22.506082+00:00,153.8,70,ask,AverageAlmonds,Chester Au,6707074
2026-07-04T07:12:22.531683,2026-07-04T07:12:22.540173+00:00,153.8,200,ask,AverageAlmonds,WavyWalnuts,6707076
2026-07-04T07:12:22.553148,2026-07-04T07:12:22.564195+00:00,153.8,1,ask,AverageAlmonds,Kaleb Liu,6707078
2026-07-04T07:12:23.740746,2026-07-04T07:12:23.751804+00:00,153.8,200,ask,AverageAlmonds,WavyWalnuts,6707095
2026-07-04T07:12:24.203657,2026-07-04T07:12:24.210045+00:00,153.8,300,ask,AverageAlmonds,YieldingYams,6707097
2026-07-04T07:12:24.271834,2026-07-04T07:12:24.281300+00:00,153.8,325,bid,AverageAlmonds,YieldingYams,6707098
2026-07-04T07:12:24.564463,2026-07-04T07:12:24.575515+00:00,154.7,1,bid,Kaleb Liu,AverageAlmonds,6707103
2026-07-04T07:12:24.950923,2026-07-04T07:12:24.958604+00:00,153.8,200,ask,AverageAlmonds,WavyWalnuts,6707110
2026-07-04T07:12:26.159868,2026-07-04T07:12:26.171656+00:00,153.8,200,ask,YieldingYams,WavyWalnuts,6707131
2026-07-04T07:12:28.582350,2026-07-04T07:12:28.592815+00:00,153.9,1,bid,Kaleb Liu,YieldingYams,6707161
2026-07-04T07:12:29.725514,2026-07-04T07:12:29.734867+00:00,153.8,500,bid,AverageAlmonds,YieldingYams,6707172
2026-07-04T07:12:30.593386,2026-07-04T07:12:30.600765+00:00,153.7,2,ask,AverageAlmonds,Kaleb Liu,6707187
2026-07-04T07:12:30.999181,2026-07-04T07:12:31.006973+00:00,153.8,200,ask,YieldingYams,WavyWalnuts,6707195
2026-07-04T07:12:31.146989,2026-07-04T07:12:31.158610+00:00,153.8,20,ask,YieldingYams,BrilliantBurritos,6707196
2026-07-04T07:12:31.604831,2026-07-04T07:12:31.611685+00:00,154.0,1,bid,Kaleb Liu,YieldingYams,6707203
2026-07-04T07:12:33.421199,2026-07-04T07:12:33.464769+00:00,153.9,200,bid,WavyWalnuts,YieldingYams,6707230
2026-07-04T07:12:34.474297,2026-07-04T07:12:34.482372+00:00,153.9,40,bid,Alan Niu,YieldingYams,6707244
2026-07-04T07:12:34.616620,2026-07-04T07:12:34.624471+00:00,153.8,1,ask,AverageAlmonds,Kaleb Liu,6707248
2026-07-04T07:12:34.628881,2026-07-04T07:12:34.639834+00:00,153.9,200,bid,WavyWalnuts,YieldingYams,6707251
2026-07-04T07:12:34.686446,2026-07-04T07:12:34.694175+00:00,153.9,1,bid,Alan Niu,YieldingYams,6707253
2026-07-04T07:12:35.627125,2026-07-04T07:12:35.634031+00:00,154.2,2,bid,Kaleb Liu,WavyWalnuts,6707260
2026-07-04T07:12:35.736019,2026-07-04T07:12:35.758582+00:00,154.0,2,ask,YieldingYams,Alan Niu,6707261
2026-07-04T07:12:37.335578,2026-07-04T07:12:37.358641+00:00,154.1,200,ask,WavyWalnuts,YieldingYams,6707289
2026-07-04T07:12:37.638944,2026-07-04T07:12:37.658721+00:00,153.9,1,ask,YieldingYams,Kaleb Liu,6707298
2026-07-04T07:12:37.643834,2026-07-04T07:12:37.658721+00:00,154.1,1,bid,Alan Niu,YieldingYams,6707299
2026-07-04T07:12:38.275198,2026-07-04T07:12:38.286175+00:00,154.1,44,bid,Alan Niu,YieldingYams,6707310
2026-07-04T07:12:39.650283,2026-07-04T07:12:39.658583+00:00,154.4,6,bid,Kaleb Liu,YieldingYams,6707333
2026-07-04T07:12:39.966322,2026-07-04T07:12:39.974316+00:00,154.3,84,ask,YieldingYams,Alan Niu,6707338
2026-07-04T07:12:40.664811,2026-07-04T07:12:40.673954+00:00,154.3,7,ask,YieldingYams,Kaleb Liu,6707350
2026-07-04T07:12:41.888371,2026-07-04T07:12:41.896806+00:00,154.5,200,bid,WavyWalnuts,YieldingYams,6707377
2026-07-04T07:12:43.677557,2026-07-04T07:12:43.684884+00:00,154.6,2,bid,Kaleb Liu,YieldingYams,6707396
2026-07-04T07:12:46.693090,2026-07-04T07:12:46.702349+00:00,154.5,5,bid,Kaleb Liu,AverageAlmonds,6707424
2026-07-04T07:12:49.481533,2026-07-04T07:12:49.492395+00:00,154.4,42,bid,Alan Niu,WavyWalnuts,6707476
2026-07-04T07:12:49.705995,2026-07-04T07:12:49.712603+00:00,154.2,7,ask,WavyWalnuts,Kaleb Liu,6707483
2026-07-04T07:12:50.484236,2026-07-04T07:12:50.490909+00:00,154.3,200,ask,WavyWalnuts,YieldingYams,6707498
2026-07-04T07:12:51.399209,2026-07-04T07:12:51.407308+00:00,154.3,50,bid,Alan Niu,YieldingYams,6707518
2026-07-04T07:12:51.568618,2026-07-04T07:12:51.575237+00:00,154.3,200,bid,WavyWalnuts,YieldingYams,6707523
2026-07-04T07:12:52.142466,2026-07-04T07:12:52.158718+00:00,154.5,20,bid,BrilliantBurritos,YieldingYams,6707528
2026-07-04T07:12:52.662759,2026-07-04T07:12:52.665034+00:00,154.3,92,ask,YieldingYams,Alan Niu,6707533
2026-07-04T07:12:52.777171,2026-07-04T07:12:52.785572+00:00,154.3,200,ask,YieldingYams,WavyWalnuts,6707534
2026-07-04T07:12:54.857845,2026-07-04T07:12:54.861432+00:00,154.2,20,ask,YieldingYams,BrilliantBurritos,6707563
2026-07-04T07:12:55.765249,2026-07-04T07:12:55.774976+00:00,154.3,200,bid,YieldingYams,WavyWalnuts,6707579
2026-07-04T07:12:56.397354,2026-07-04T07:12:56.404532+00:00,154.3,200,ask,YieldingYams,WavyWalnuts,6707584
2026-07-04T07:12:56.721834,2026-07-04T07:12:56.730455+00:00,154.6,7,bid,Kaleb Liu,YieldingYams,6707594
2026-07-04T07:12:57.849976,2026-07-04T07:12:57.864013+00:00,154.3,92,bid,Alan Niu,YieldingYams,6707612
2026-07-04T07:12:58.738529,2026-07-04T07:12:58.763866+00:00,154.2,7,ask,WavyWalnuts,Kaleb Liu,6707626
2026-07-04T07:13:00.879988,2026-07-04T07:13:00.890125+00:00,154.3,20,ask,WavyWalnuts,BrilliantBurritos,6707648
2026-07-04T07:13:01.752164,2026-07-04T07:13:01.758579+00:00,154.5,2,bid,Kaleb Liu,YieldingYams,6707661
2026-07-04T07:13:02.762801,2026-07-04T07:13:02.769600+00:00,154.3,7,ask,YieldingYams,Kaleb Liu,6707679
2026-07-04T07:13:04.980396,2026-07-04T07:13:04.991961+00:00,154.5,20,bid,BrilliantBurritos,YieldingYams,6707707
2026-07-04T07:13:06.278305,2026-07-04T07:13:06.288870+00:00,154.3,200,ask,WavyWalnuts,YieldingYams,6707726
2026-07-04T07:13:06.776899,2026-07-04T07:13:06.783712+00:00,154.3,6,bid,Kaleb Liu,YieldingYams,6707737
2026-07-04T07:13:07.300225,2026-07-04T07:13:07.311241+00:00,154.3,200,bid,WavyWalnuts,YieldingYams,6707745
2026-07-04T07:13:07.787100,2026-07-04T07:13:07.794120+00:00,154.5,1,bid,Kaleb Liu,YieldingYams,6707754
2026-07-04T07:13:09.723404,2026-07-04T07:13:09.735251+00:00,154.3,200,ask,YieldingYams,WavyWalnuts,6707788
2026-07-04T07:13:10.798650,2026-07-04T07:13:10.806125+00:00,154.4,5,bid,Kaleb Liu,YieldingYams,6707800
2026-07-04T07:13:11.637307,2026-07-04T07:13:11.664211+00:00,154.4,92,ask,YieldingYams,Alan Niu,6707819
2026-07-04T07:13:11.807897,2026-07-04T07:13:11.814874+00:00,154.4,6,ask,YieldingYams,Kaleb Liu,6707822
2026-07-04T07:13:11.980851,2026-07-04T07:13:11.989820+00:00,154.4,20,ask,YieldingYams,BrilliantBurritos,6707825
2026-07-04T07:13:14.551529,2026-07-04T07:13:14.558546+00:00,154.3,200,ask,YieldingYams,WavyWalnuts,6707861
2026-07-04T07:13:14.820621,2026-07-04T07:13:14.827652+00:00,154.3,6,ask,YieldingYams,Kaleb Liu,6707869
2026-07-04T07:13:16.832705,2026-07-04T07:13:16.838491+00:00,154.4,12,bid,Kaleb Liu,WavyWalnuts,6707911
2026-07-04T07:13:18.844092,2026-07-04T07:13:18.863620+00:00,154.2,6,ask,YieldingYams,Kaleb Liu,6707935
2026-07-04T07:13:19.396017,2026-07-04T07:13:19.405998+00:00,154.3,200,bid,YieldingYams,WavyWalnuts,6707942
2026-07-04T07:13:19.854025,2026-07-04T07:13:19.858578+00:00,154.4,1,ask,YieldingYams,Kaleb Liu,6707946
2026-07-04T07:13:20.600697,2026-07-04T07:13:20.608414+00:00,154.4,200,ask,YieldingYams,WavyWalnuts,6707957
2026-07-04T07:13:20.864019,2026-07-04T07:13:20.870753+00:00,154.3,2,bid,Kaleb Liu,YieldingYams,6707963
2026-07-04T07:13:21.823536,2026-07-04T07:13:21.827125+00:00,154.2,3,ask,WavyWalnuts,Xuanyu Liu,6707983
2026-07-04T07:13:21.875157,2026-07-04T07:13:21.881951+00:00,154.2,7,ask,WavyWalnuts,Kaleb Liu,6707985
2026-07-04T07:13:22.018100,2026-07-04T07:13:22.025601+00:00,154.2,190,ask,WavyWalnuts,YieldingYams,6707987
2026-07-04T07:13:23.014247,2026-07-04T07:13:23.023816+00:00,154.2,200,bid,WavyWalnuts,YieldingYams,6708001
2026-07-04T07:13:25.228800,2026-07-04T07:13:25.241352+00:00,154.1,20,ask,WavyWalnuts,BrilliantBurritos,6708025
2026-07-04T07:13:25.943744,2026-07-04T07:13:25.958607+00:00,154.2,200,ask,WavyWalnuts,YieldingYams,6708041
2026-07-04T07:13:26.633352,2026-07-04T07:13:26.658686+00:00,154.2,200,bid,WavyWalnuts,YieldingYams,6708053
2026-07-04T07:13:27.263756,2026-07-04T07:13:27.267771+00:00,154.3,11,ask,YieldingYams,Xuanyu Liu,6708062
2026-07-04T07:13:27.551363,2026-07-04T07:13:27.555108+00:00,154.3,12,ask,YieldingYams,Xuanyu Liu,6708070
2026-07-04T07:13:27.846272,2026-07-04T07:13:27.869701+00:00,154.3,200,ask,YieldingYams,WavyWalnuts,6708074
2026-07-04T07:13:27.892585,2026-07-04T07:13:27.904123+00:00,154.3,21,ask,YieldingYams,Kaleb Liu,6708076
2026-07-04T07:13:30.273168,2026-07-04T07:13:30.284847+00:00,154.3,200,ask,YieldingYams,WavyWalnuts,6708111
2026-07-04T07:13:32.713130,2026-07-04T07:13:32.716730+00:00,154.4,11,ask,WavyWalnuts,Xuanyu Liu,6708143
2026-07-04T07:13:32.908520,2026-07-04T07:13:32.920060+00:00,154.4,21,ask,WavyWalnuts,Kaleb Liu,6708148
2026-07-04T07:13:33.257370,2026-07-04T07:13:33.269455+00:00,154.4,168,ask,WavyWalnuts,AverageAlmonds,6708156
2026-07-04T07:13:35.108528,2026-07-04T07:13:35.121491+00:00,154.4,200,bid,WavyWalnuts,AverageAlmonds,6708171
2026-07-04T07:13:37.530995,2026-07-04T07:13:37.538347+00:00,154.4,200,bid,WavyWalnuts,AverageAlmonds,6708202
2026-07-04T07:13:38.077094,2026-07-04T07:13:38.088966+00:00,154.3,20,ask,YieldingYams,BrilliantBurritos,6708215
2026-07-04T07:13:38.774393,2026-07-04T07:13:38.778044+00:00,154.4,12,ask,WavyWalnuts,Xuanyu Liu,6708225
2026-07-04T07:13:38.927041,2026-07-04T07:13:38.935573+00:00,154.4,28,ask,WavyWalnuts,Kaleb Liu,6708229
2026-07-04T07:13:41.604907,2026-07-04T07:13:41.616521+00:00,154.1,20,ask,YieldingYams,BrilliantBurritos,6708261
2026-07-04T07:13:42.371820,2026-07-04T07:13:42.380250+00:00,154.3,200,bid,WavyWalnuts,AverageAlmonds,6708270
2026-07-04T07:13:43.579160,2026-07-04T07:13:43.588578+00:00,154.3,200,bid,WavyWalnuts,YieldingYams,6708292
2026-07-04T07:13:44.786819,2026-07-04T07:13:44.796591+00:00,154.1,200,bid,WavyWalnuts,YieldingYams,6708304
2026-07-04T07:13:46.946311,2026-07-04T07:13:46.958613+00:00,154.2,12,bid,Kaleb Liu,WavyWalnuts,6708338
2026-07-04T07:13:49.638325,2026-07-04T07:13:49.649563+00:00,154.0,200,bid,WavyWalnuts,YieldingYams,6708382
2026-07-04T07:13:50.848485,2026-07-04T07:13:50.858554+00:00,154.0,200,bid,WavyWalnuts,YieldingYams,6708400
2026-07-04T07:13:52.059031,2026-07-04T07:13:52.069268+00:00,154.0,200,bid,WavyWalnuts,YieldingYams,6708419
2026-07-04T07:13:54.490434,2026-07-04T07:13:54.494120+00:00,154.0,12,bid,Xuanyu Liu,WavyWalnuts,6708462
2026-07-04T07:13:59.326352,2026-07-04T07:13:59.332825+00:00,153.8,200,ask,AverageAlmonds,WavyWalnuts,6708517
2026-07-04T07:14:00.534277,2026-07-04T07:14:00.541907+00:00,153.9,200,ask,AverageAlmonds,WavyWalnuts,6708531
2026-07-04T07:14:01.009227,2026-07-04T07:14:00.998505+00:00,153.9,20,ask,AverageAlmonds,BrilliantBurritos,6708536
2026-07-04T07:14:01.743544,2026-07-04T07:14:01.763788+00:00,153.9,200,ask,AverageAlmonds,WavyWalnuts,6708547
2026-07-04T07:14:02.304981,2026-07-04T07:14:02.316420+00:00,154.0,500,bid,AverageAlmonds,YieldingYams,6708556
2026-07-04T07:14:02.690561,2026-07-04T07:14:02.694322+00:00,154.0,12,ask,YieldingYams,Xuanyu Liu,6708563
2026-07-04T07:14:02.952620,2026-07-04T07:14:02.963871+00:00,154.0,200,ask,YieldingYams,WavyWalnuts,6708565
2026-07-04T07:14:02.983738,2026-07-04T07:14:02.994961+00:00,154.0,25,ask,YieldingYams,Kaleb Liu,6708567
2026-07-04T07:14:03.535196,2026-07-04T07:14:03.539204+00:00,154.1,11,ask,AverageAlmonds,Xuanyu Liu,6708579
2026-07-04T07:14:03.996400,2026-07-04T07:14:04.007160+00:00,154.1,489,ask,AverageAlmonds,YieldingYams,6708586
2026-07-04T07:14:04.007633,2026-07-04T07:14:04.017590+00:00,153.7,2,ask,YieldingYams,Kaleb Liu,6708589
2026-07-04T07:14:04.131899,2026-07-04T07:14:04.134823+00:00,154.0,136,bid,AverageAlmonds,YieldingYams,6708590
2026-07-04T07:14:04.163437,2026-07-04T07:14:04.174345+00:00,154.1,200,ask,AverageAlmonds,WavyWalnuts,6708591
2026-07-04T07:14:05.013299,2026-07-04T07:14:05.025020+00:00,154.1,2,ask,AverageAlmonds,Kaleb Liu,6708608
2026-07-04T07:14:05.342887,2026-07-04T07:14:05.361188+00:00,154.2,500,bid,AverageAlmonds,YieldingYams,6708611
2026-07-04T07:14:05.357543,2026-07-04T07:14:05.361188+00:00,154.2,50,bid,Xuanyu Liu,YieldingYams,6708612
2026-07-04T07:14:05.375212,2026-07-04T07:14:05.391571+00:00,154.0,200,ask,YieldingYams,WavyWalnuts,6708614
2026-07-04T07:14:05.941038,2026-07-04T07:14:05.978127+00:00,154.2,75,bid,AverageAlmonds,YieldingYams,6708622
2026-07-04T07:14:05.974221,2026-07-04T07:14:05.978127+00:00,154.3,16,ask,AverageAlmonds,Xuanyu Liu,6708625
2026-07-04T07:14:06.585411,2026-07-04T07:14:06.595596+00:00,154.3,200,ask,AverageAlmonds,WavyWalnuts,6708632
2026-07-04T07:14:08.497618,2026-07-04T07:14:08.501638+00:00,154.3,11,ask,AverageAlmonds,Xuanyu Liu,6708670
2026-07-04T07:14:08.961982,2026-07-04T07:14:08.970888+00:00,154.4,500,bid,AverageAlmonds,YieldingYams,6708675
2026-07-04T07:14:09.558194,2026-07-04T07:14:09.569664+00:00,154.4,500,bid,AverageAlmonds,YieldingYams,6708680
2026-07-04T07:14:10.115681,2026-07-04T07:14:10.127536+00:00,154.4,20,bid,BrilliantBurritos,YieldingYams,6708689
2026-07-04T07:14:10.183397,2026-07-04T07:14:10.190311+00:00,154.4,105,bid,AverageAlmonds,YieldingYams,6708692
2026-07-04T07:14:10.183397,2026-07-04T07:14:10.195547+00:00,154.5,200,bid,AverageAlmonds,WavyWalnuts,6708693
2026-07-04T07:14:10.213692,2026-07-04T07:14:10.217166+00:00,154.6,34,ask,AverageAlmonds,Xuanyu Liu,6708697
2026-07-04T07:14:10.795206,2026-07-04T07:14:10.802199+00:00,154.7,200,bid,AverageAlmonds,WavyWalnuts,6708704
2026-07-04T07:14:10.795206,2026-07-04T07:14:10.807733+00:00,154.7,300,bid,AverageAlmonds,YieldingYams,6708705
2026-07-04T07:14:11.031437,2026-07-04T07:14:11.063659+00:00,154.5,19,ask,YieldingYams,Kaleb Liu,6708710
2026-07-04T07:14:11.391092,2026-07-04T07:14:11.398591+00:00,154.7,325,bid,AverageAlmonds,YieldingYams,6708720
2026-07-04T07:14:11.422329,2026-07-04T07:14:11.426685+00:00,154.8,23,ask,AverageAlmonds,Xuanyu Liu,6708723
2026-07-04T07:14:11.427664,2026-07-04T07:14:11.442305+00:00,154.8,152,ask,AverageAlmonds,WavyWalnuts,6708724
2026-07-04T07:14:11.608220,2026-07-04T07:14:11.611844+00:00,154.8,23,bid,Xuanyu Liu,WavyWalnuts,6708727
2026-07-04T07:14:11.990390,2026-07-04T07:14:12.068492+00:00,154.8,25,bid,AverageAlmonds,WavyWalnuts,6708730
2026-07-04T07:14:12.042898,2026-07-04T07:14:12.068492+00:00,154.8,1,ask,AverageAlmonds,Kaleb Liu,6708733
2026-07-04T07:14:12.601297,2026-07-04T07:14:12.608969+00:00,154.9,500,bid,AverageAlmonds,YieldingYams,6708746
2026-07-04T07:14:13.172923,2026-07-04T07:14:13.181869+00:00,154.9,200,bid,YieldingYams,WavyWalnuts,6708754
2026-07-04T07:14:13.181112,2026-07-04T07:14:13.192483+00:00,155.3,20,bid,BrilliantBurritos,YieldingYams,6708755
2026-07-04T07:14:13.842609,2026-07-04T07:14:13.864352+00:00,155.0,200,ask,YieldingYams,WavyWalnuts,6708766
2026-07-04T07:14:14.927803,2026-07-04T07:14:14.931155+00:00,155.2,22,bid,Xuanyu Liu,YieldingYams,6708789
2026-07-04T07:14:15.049259,2026-07-04T07:14:15.053623+00:00,154.9,200,ask,YieldingYams,WavyWalnuts,6708792
2026-07-04T07:14:15.055763,2026-07-04T07:14:15.063893+00:00,155.2,2,bid,Kaleb Liu,YieldingYams,6708794
2026-07-04T07:14:16.066001,2026-07-04T07:14:16.067559+00:00,155.0,2,ask,YieldingYams,Kaleb Liu,6708818
2026-07-04T07:14:16.272708,2026-07-04T07:14:16.280394+00:00,155.0,200,ask,YieldingYams,WavyWalnuts,6708823
2026-07-04T07:14:17.483028,2026-07-04T07:14:17.491295+00:00,154.9,200,ask,YieldingYams,WavyWalnuts,6708850
2026-07-04T07:14:21.063442,2026-07-04T07:14:21.074445+00:00,155.1,500,bid,AverageAlmonds,YieldingYams,6708898
2026-07-04T07:14:22.435174,2026-07-04T07:14:22.441523+00:00,155.2,200,ask,WavyWalnuts,YieldingYams,6708924
2026-07-04T07:14:23.558156,2026-07-04T07:14:23.564618+00:00,155.2,200,bid,WavyWalnuts,YieldingYams,6708930
2026-07-04T07:14:24.780025,2026-07-04T07:14:24.788814+00:00,155.2,200,ask,AverageAlmonds,WavyWalnuts,6708948
2026-07-04T07:14:25.994029,2026-07-04T07:14:25.997775+00:00,155.2,200,ask,AverageAlmonds,WavyWalnuts,6708963
2026-07-04T07:14:32.060984,2026-07-04T07:14:32.069609+00:00,155.5,200,bid,WavyWalnuts,YieldingYams,6709046
2026-07-04T07:14:33.822047,2026-07-04T07:14:33.825832+00:00,155.5,46,bid,Xuanyu Liu,YieldingYams,6709072
2026-07-04T07:14:34.096300,2026-07-04T07:14:34.103528+00:00,155.5,26,bid,Kaleb Liu,YieldingYams,6709078
2026-07-04T07:14:34.100291,2026-07-04T07:14:34.108814+00:00,155.4,2,ask,WavyWalnuts,Kaleb Liu,6709079
2026-07-04T07:14:35.105805,2026-07-04T07:14:35.117550+00:00,155.5,2,ask,AverageAlmonds,Kaleb Liu,6709095
2026-07-04T07:14:35.569131,2026-07-04T07:14:35.577825+00:00,155.5,498,ask,AverageAlmonds,YieldingYams,6709096
2026-07-04T07:14:35.569131,2026-07-04T07:14:35.577825+00:00,155.3,127,ask,WavyWalnuts,YieldingYams,6709097
2026-07-04T07:14:36.112777,2026-07-04T07:14:36.159242+00:00,155.4,2,ask,AverageAlmonds,Kaleb Liu,6709114
2026-07-04T07:14:36.216183,2026-07-04T07:14:36.258639+00:00,155.6,200,bid,AverageAlmonds,WavyWalnuts,6709119
2026-07-04T07:14:36.881296,2026-07-04T07:14:36.891078+00:00,155.6,500,ask,AverageAlmonds,YieldingYams,6709124
2026-07-04T07:14:36.893297,2026-07-04T07:14:36.901702+00:00,155.5,125,bid,WavyWalnuts,YieldingYams,6709125
2026-07-04T07:14:37.124460,2026-07-04T07:14:37.131551+00:00,155.9,6,bid,Kaleb Liu,WavyWalnuts,6709132
2026-07-04T07:14:37.128680,2026-07-04T07:14:37.136960+00:00,155.6,2,ask,WavyWalnuts,Kaleb Liu,6709133
2026-07-04T07:14:38.116411,2026-07-04T07:14:38.119991+00:00,155.7,3,bid,Xuanyu Liu,WavyWalnuts,6709147
2026-07-04T07:14:38.141033,2026-07-04T07:14:38.151098+00:00,155.7,25,bid,Kaleb Liu,WavyWalnuts,6709150
2026-07-04T07:14:38.146645,2026-07-04T07:14:38.156567+00:00,155.6,2,ask,AverageAlmonds,Kaleb Liu,6709151
2026-07-04T07:14:38.192236,2026-07-04T07:14:38.199120+00:00,155.7,172,bid,YieldingYams,WavyWalnuts,6709155
2026-07-04T07:14:39.152401,2026-07-04T07:14:39.164110+00:00,155.7,2,ask,YieldingYams,Kaleb Liu,6709174
2026-07-04T07:14:40.159784,2026-07-04T07:14:40.168996+00:00,155.6,2,ask,WavyWalnuts,Kaleb Liu,6709196
2026-07-04T07:14:41.165133,2026-07-04T07:14:41.174248+00:00,155.6,2,ask,YieldingYams,Kaleb Liu,6709212
2026-07-04T07:14:41.723368,2026-07-04T07:14:41.734224+00:00,155.6,200,ask,YieldingYams,WavyWalnuts,6709223
2026-07-04T07:14:42.171995,2026-07-04T07:14:42.181975+00:00,155.5,2,ask,AverageAlmonds,Kaleb Liu,6709231
2026-07-04T07:14:43.177882,2026-07-04T07:14:43.189581+00:00,155.5,2,ask,YieldingYams,Kaleb Liu,6709246
2026-07-04T07:14:43.439285,2026-07-04T07:14:43.463895+00:00,155.5,500,ask,AverageAlmonds,YieldingYams,6709253
2026-07-04T07:14:43.439285,2026-07-04T07:14:43.463895+00:00,155.4,125,ask,WavyWalnuts,YieldingYams,6709254
2026-07-04T07:14:44.183746,2026-07-04T07:14:44.195382+00:00,155.5,2,ask,AverageAlmonds,Kaleb Liu,6709264
2026-07-04T07:14:44.682310,2026-07-04T07:14:44.689709+00:00,155.6,200,bid,AverageAlmonds,WavyWalnuts,6709269
2026-07-04T07:14:45.886246,2026-07-04T07:14:45.894915+00:00,155.7,500,bid,AverageAlmonds,YieldingYams,6709281
2026-07-04T07:14:46.070912,2026-07-04T07:14:46.082666+00:00,155.7,200,bid,YieldingYams,WavyWalnuts,6709285
2026-07-04T07:14:46.201501,2026-07-04T07:14:46.204826+00:00,156.1,1,bid,Kaleb Liu,YieldingYams,6709288
2026-07-04T07:14:46.552353,2026-07-04T07:14:46.557956+00:00,155.8,200,ask,YieldingYams,WavyWalnuts,6709299
2026-07-04T07:14:47.080637,2026-07-04T07:14:47.092242+00:00,155.8,20,ask,YieldingYams,BrilliantBurritos,6709305
2026-07-04T07:14:48.700200,2026-07-04T07:14:48.708035+00:00,155.9,200,ask,WavyWalnuts,YieldingYams,6709327
2026-07-04T07:14:52.620465,2026-07-04T07:14:52.628446+00:00,156.0,20,bid,BrilliantBurritos,WavyWalnuts,6709376
2026-07-04T07:14:52.827744,2026-07-04T07:14:52.831323+00:00,155.8,3,ask,AverageAlmonds,Xuanyu Liu,6709382
2026-07-04T07:14:53.196411,2026-07-04T07:14:53.200264+00:00,155.9,4,ask,AverageAlmonds,Xuanyu Liu,6709391
2026-07-04T07:14:53.220239,2026-07-04T07:14:53.231545+00:00,155.9,36,ask,AverageAlmonds,Kaleb Liu,6709394
2026-07-04T07:14:53.769678,2026-07-04T07:14:53.776975+00:00,156.0,180,bid,AverageAlmonds,WavyWalnuts,6709403
2026-07-04T07:14:53.769678,2026-07-04T07:14:53.782282+00:00,156.0,320,bid,AverageAlmonds,YieldingYams,6709404
2026-07-04T07:14:53.795199,2026-07-04T07:14:53.805048+00:00,156.0,200,bid,WavyWalnuts,YieldingYams,6709406
2026-07-04T07:14:56.232807,2026-07-04T07:14:56.239673+00:00,156.3,7,bid,Kaleb Liu,YieldingYams,6709448
2026-07-04T07:14:58.184305,2026-07-04T07:14:58.194414+00:00,156.4,20,bid,BrilliantBurritos,WavyWalnuts,6709476
2026-07-04T07:14:59.150404,2026-07-04T07:14:59.153815+00:00,156.2,19,ask,YieldingYams,Xuanyu Liu,6709489
2026-07-04T07:14:59.245773,2026-07-04T07:14:59.252428+00:00,156.3,6,bid,Kaleb Liu,WavyWalnuts,6709494
2026-07-04T07:15:00.255824,2026-07-04T07:15:00.263939+00:00,156.2,13,ask,YieldingYams,Kaleb Liu,6709508
2026-07-04T07:15:02.849100,2026-07-04T07:15:02.851324+00:00,156.4,20,bid,BrilliantBurritos,YieldingYams,6709540
2026-07-04T07:15:03.273094,2026-07-04T07:15:03.281900+00:00,156.4,7,bid,Kaleb Liu,YieldingYams,6709549
2026-07-04T07:15:04.436813,2026-07-04T07:15:04.470507+00:00,156.3,200,ask,WavyWalnuts,YieldingYams,6709564
2026-07-04T07:15:04.466914,2026-07-04T07:15:04.470507+00:00,156.2,12,bid,Xuanyu Liu,YieldingYams,6709568
2026-07-04T07:15:05.287075,2026-07-04T07:15:05.294619+00:00,156.2,12,bid,Kaleb Liu,YieldingYams,6709577
2026-07-04T07:15:05.422642,2026-07-04T07:15:05.426238+00:00,156.2,11,bid,Xuanyu Liu,YieldingYams,6709579
2026-07-04T07:15:07.093348,2026-07-04T07:15:07.103091+00:00,156.0,20,ask,WavyWalnuts,BrilliantBurritos,6709605
2026-07-04T07:15:07.298419,2026-07-04T07:15:07.304866+00:00,156.0,18,ask,YieldingYams,Kaleb Liu,6709610
2026-07-04T07:15:08.308433,2026-07-04T07:15:08.316036+00:00,156.0,1,ask,YieldingYams,Kaleb Liu,6709622
2026-07-04T07:15:08.361137,2026-07-04T07:15:08.369391+00:00,156.1,200,ask,WavyWalnuts,YieldingYams,6709624
2026-07-04T07:15:08.888435,2026-07-04T07:15:08.899336+00:00,156.1,425,bid,AverageAlmonds,YieldingYams,6709630
2026-07-04T07:15:09.535534,2026-07-04T07:15:09.539252+00:00,156.2,11,ask,WavyWalnuts,Xuanyu Liu,6709641
2026-07-04T07:15:09.614535,2026-07-04T07:15:09.623615+00:00,156.4,20,bid,BrilliantBurritos,WavyWalnuts,6709642
2026-07-04T07:15:11.346631,2026-07-04T07:15:11.358542+00:00,156.3,2,bid,Kaleb Liu,YieldingYams,6709659
2026-07-04T07:15:11.958273,2026-07-04T07:15:11.969526+00:00,156.3,200,bid,WavyWalnuts,YieldingYams,6709670
2026-07-04T07:15:12.358438,2026-07-04T07:15:12.369896+00:00,156.2,2,ask,YieldingYams,Kaleb Liu,6709681
2026-07-04T07:15:13.368664,2026-07-04T07:15:13.375213+00:00,156.4,2,bid,Kaleb Liu,WavyWalnuts,6709693
2026-07-04T07:15:14.393088,2026-07-04T07:15:14.397125+00:00,156.3,12,ask,WavyWalnuts,Xuanyu Liu,6709710
2026-07-04T07:15:15.028851,2026-07-04T07:15:15.032600+00:00,156.4,12,bid,Xuanyu Liu,YieldingYams,6709721
2026-07-04T07:15:15.379579,2026-07-04T07:15:15.387497+00:00,156.4,17,bid,Kaleb Liu,YieldingYams,6709728
2026-07-04T07:15:16.223282,2026-07-04T07:15:16.234994+00:00,156.3,200,ask,WavyWalnuts,YieldingYams,6709746
2026-07-04T07:15:16.241351,2026-07-04T07:15:16.244893+00:00,156.3,11,bid,Xuanyu Liu,YieldingYams,6709749
2026-07-04T07:15:16.389170,2026-07-04T07:15:16.398234+00:00,156.3,7,bid,Kaleb Liu,YieldingYams,6709751
2026-07-04T07:15:17.115704,2026-07-04T07:15:17.127382+00:00,156.2,20,ask,WavyWalnuts,BrilliantBurritos,6709758
2026-07-04T07:15:18.111596,2026-07-04T07:15:18.123096+00:00,156.3,20,ask,WavyWalnuts,BrilliantBurritos,6709779
2026-07-04T07:15:18.401634,2026-07-04T07:15:18.413017+00:00,156.3,2,ask,WavyWalnuts,Kaleb Liu,6709787
2026-07-04T07:15:25.285104,2026-07-04T07:15:25.289064+00:00,156.3,11,ask,WavyWalnuts,Xuanyu Liu,6709869
2026-07-04T07:15:25.409997,2026-07-04T07:15:25.419789+00:00,156.3,189,ask,WavyWalnuts,YieldingYams,6709871
2026-07-04T07:15:26.477517,2026-07-04T07:15:26.486801+00:00,156.3,200,bid,WavyWalnuts,YieldingYams,6709889
2026-07-04T07:15:28.917777,2026-07-04T07:15:28.925638+00:00,156.4,200,ask,YieldingYams,WavyWalnuts,6709926
2026-07-04T07:15:30.129102,2026-07-04T07:15:30.139575+00:00,156.4,200,ask,YieldingYams,WavyWalnuts,6709946
2026-07-04T07:15:30.787319,2026-07-04T07:15:30.791214+00:00,156.4,23,ask,YieldingYams,Xuanyu Liu,6709971
2026-07-04T07:15:31.336601,2026-07-04T07:15:31.344768+00:00,156.4,200,ask,YieldingYams,WavyWalnuts,6709979
2026-07-04T07:15:32.543927,2026-07-04T07:15:32.546702+00:00,156.4,200,ask,AverageAlmonds,WavyWalnuts,6710001
2026-07-04T07:15:33.128793,2026-07-04T07:15:33.132342+00:00,156.5,12,ask,AverageAlmonds,Xuanyu Liu,6710008
2026-07-04T07:15:33.750854,2026-07-04T07:15:33.764041+00:00,156.5,200,ask,YieldingYams,WavyWalnuts,6710018
2026-07-04T07:15:34.704610,2026-07-04T07:15:34.712953+00:00,156.5,20,ask,AverageAlmonds,BrilliantBurritos,6710039
2026-07-04T07:15:34.953490,2026-07-04T07:15:34.958628+00:00,156.7,500,bid,AverageAlmonds,YieldingYams,6710043
2026-07-04T07:15:34.985892,2026-07-04T07:15:34.995730+00:00,156.4,200,ask,YieldingYams,WavyWalnuts,6710045
2026-07-04T07:15:35.548084,2026-07-04T07:15:35.558578+00:00,156.7,125,bid,AverageAlmonds,YieldingYams,6710051
2026-07-04T07:15:36.194271,2026-07-04T07:15:36.201604+00:00,156.7,200,ask,YieldingYams,WavyWalnuts,6710063
2026-07-04T07:15:37.218481,2026-07-04T07:15:37.230633+00:00,156.7,500,ask,AverageAlmonds,YieldingYams,6710089
2026-07-04T07:15:37.356602,2026-07-04T07:15:37.364367+00:00,156.7,125,bid,AverageAlmonds,YieldingYams,6710093
2026-07-04T07:15:37.400875,2026-07-04T07:15:37.408895+00:00,156.7,200,ask,AverageAlmonds,WavyWalnuts,6710094
2026-07-04T07:15:39.865112,2026-07-04T07:15:39.869005+00:00,156.9,11,ask,YieldingYams,Xuanyu Liu,6710139
2026-07-04T07:15:40.435757,2026-07-04T07:15:40.445703+00:00,157.0,12,bid,Kaleb Liu,WavyWalnuts,6710151
2026-07-04T07:15:41.447344,2026-07-04T07:15:41.458639+00:00,157.0,13,bid,Kaleb Liu,WavyWalnuts,6710169
2026-07-04T07:15:41.970320,2026-07-04T07:15:41.981668+00:00,157.0,20,bid,BrilliantBurritos,WavyWalnuts,6710178
2026-07-04T07:15:42.485149,2026-07-04T07:15:42.488266+00:00,156.9,11,bid,Xuanyu Liu,YieldingYams,6710189
2026-07-04T07:15:44.595045,2026-07-04T07:15:44.606704+00:00,156.7,20,ask,AverageAlmonds,BrilliantBurritos,6710225
2026-07-04T07:15:45.230078,2026-07-04T07:15:45.239693+00:00,156.8,200,bid,AverageAlmonds,WavyWalnuts,6710234
2026-07-04T07:15:45.230078,2026-07-04T07:15:45.239693+00:00,156.8,300,bid,AverageAlmonds,YieldingYams,6710235
2026-07-04T07:15:45.821427,2026-07-04T07:15:45.830179+00:00,156.8,325,bid,AverageAlmonds,YieldingYams,6710252
2026-07-04T07:15:46.399779,2026-07-04T07:15:46.418095+00:00,156.9,200,bid,YieldingYams,WavyWalnuts,6710259
2026-07-04T07:15:46.414806,2026-07-04T07:15:46.418095+00:00,157.0,11,ask,YieldingYams,Xuanyu Liu,6710261
2026-07-04T07:15:46.462155,2026-07-04T07:15:46.469383+00:00,157.0,49,ask,YieldingYams,Kaleb Liu,6710263
2026-07-04T07:15:46.465816,2026-07-04T07:15:46.474998+00:00,157.2,2,bid,Kaleb Liu,YieldingYams,6710264
2026-07-04T07:15:46.555851,2026-07-04T07:15:46.559102+00:00,157.2,11,bid,Xuanyu Liu,YieldingYams,6710266
2026-07-04T07:15:47.086334,2026-07-04T07:15:47.090091+00:00,157.1,12,bid,Xuanyu Liu,WavyWalnuts,6710280
2026-07-04T07:15:47.476126,2026-07-04T07:15:47.487998+00:00,157.1,5,bid,Kaleb Liu,WavyWalnuts,6710285
2026-07-04T07:15:47.480277,2026-07-04T07:15:47.487998+00:00,157.1,2,bid,Kaleb Liu,WavyWalnuts,6710286
2026-07-04T07:15:47.729304,2026-07-04T07:15:47.732931+00:00,157.0,11,bid,Xuanyu Liu,YieldingYams,6710291
2026-07-04T07:15:48.197422,2026-07-04T07:15:48.208908+00:00,156.8,20,ask,WavyWalnuts,BrilliantBurritos,6710297
2026-07-04T07:15:48.285184,2026-07-04T07:15:48.295722+00:00,157.0,200,bid,WavyWalnuts,YieldingYams,6710302
2026-07-04T07:15:48.492518,2026-07-04T07:15:48.501568+00:00,157.0,4,bid,Kaleb Liu,YieldingYams,6710308
2026-07-04T07:15:48.496486,2026-07-04T07:15:48.506796+00:00,157.0,1,bid,Kaleb Liu,YieldingYams,6710309
2026-07-04T07:15:49.769406,2026-07-04T07:15:49.773078+00:00,156.8,11,ask,YieldingYams,Xuanyu Liu,6710329
2026-07-04T07:15:51.293761,2026-07-04T07:15:51.297295+00:00,156.9,12,ask,AverageAlmonds,Xuanyu Liu,6710359
2026-07-04T07:15:53.512593,2026-07-04T07:15:53.524276+00:00,156.9,12,bid,Kaleb Liu,YieldingYams,6710401
2026-07-04T07:15:54.198485,2026-07-04T07:15:54.210339+00:00,156.8,20,ask,WavyWalnuts,BrilliantBurritos,6710412
2026-07-04T07:15:54.341554,2026-07-04T07:15:54.349108+00:00,156.9,200,bid,WavyWalnuts,YieldingYams,6710420
2026-07-04T07:15:54.924644,2026-07-04T07:15:54.936411+00:00,156.9,425,bid,AverageAlmonds,YieldingYams,6710430
2026-07-04T07:15:56.157710,2026-07-04T07:15:56.161203+00:00,157.0,11,ask,AverageAlmonds,Xuanyu Liu,6710448
2026-07-04T07:15:59.355447,2026-07-04T07:15:59.365214+00:00,157.0,20,ask,YieldingYams,BrilliantBurritos,6710497
2026-07-04T07:16:02.329460,2026-07-04T07:16:02.341489+00:00,157.2,20,ask,YieldingYams,BrilliantBurritos,6710544
2026-07-04T07:16:05.250408,2026-07-04T07:16:05.258577+00:00,157.2,200,ask,YieldingYams,WavyWalnuts,6710585
2026-07-04T07:16:05.527621,2026-07-04T07:16:05.531038+00:00,157.5,11,bid,Xuanyu Liu,YieldingYams,6710589
2026-07-04T07:16:06.074796,2026-07-04T07:16:06.078748+00:00,157.3,23,bid,Xuanyu Liu,YieldingYams,6710598
2026-07-04T07:16:06.464088,2026-07-04T07:16:06.474238+00:00,157.1,200,ask,YieldingYams,WavyWalnuts,6710601
2026-07-04T07:16:07.374952,2026-07-04T07:16:07.378473+00:00,157.2,12,bid,Xuanyu Liu,YieldingYams,6710621
2026-07-04T07:16:07.631561,2026-07-04T07:16:07.642252+00:00,157.2,500,bid,AverageAlmonds,YieldingYams,6710625
2026-07-04T07:16:08.222296,2026-07-04T07:16:08.231530+00:00,157.2,113,bid,AverageAlmonds,YieldingYams,6710632
2026-07-04T07:16:08.222296,2026-07-04T07:16:08.231530+00:00,157.2,200,bid,AverageAlmonds,WavyWalnuts,6710633
2026-07-04T07:16:08.879677,2026-07-04T07:16:08.891449+00:00,157.3,200,ask,YieldingYams,WavyWalnuts,6710640
2026-07-04T07:16:10.100879,2026-07-04T07:16:10.104453+00:00,157.3,11,bid,Xuanyu Liu,WavyWalnuts,6710662
2026-07-04T07:16:10.645245,2026-07-04T07:16:10.658692+00:00,157.3,189,bid,AverageAlmonds,WavyWalnuts,6710669
2026-07-04T07:16:11.308197,2026-07-04T07:16:11.316842+00:00,157.3,200,ask,AverageAlmonds,WavyWalnuts,6710678
2026-07-04T07:16:12.515306,2026-07-04T07:16:12.524961+00:00,157.4,200,ask,AverageAlmonds,WavyWalnuts,6710694
2026-07-04T07:16:12.608094,2026-07-04T07:16:12.615059+00:00,157.4,300,ask,AverageAlmonds,YieldingYams,6710697
2026-07-04T07:16:13.068972,2026-07-04T07:16:13.077119+00:00,157.3,325,bid,AverageAlmonds,YieldingYams,6710703
2026-07-04T07:16:13.916589,2026-07-04T07:16:13.945995+00:00,157.5,200,bid,YieldingYams,WavyWalnuts,6710728
2026-07-04T07:16:13.942032,2026-07-04T07:16:13.945995+00:00,157.6,23,ask,YieldingYams,Xuanyu Liu,6710734
2026-07-04T07:16:14.928017,2026-07-04T07:16:14.935898+00:00,157.6,200,ask,YieldingYams,WavyWalnuts,6710743
2026-07-04T07:16:15.254726,2026-07-04T07:16:15.258173+00:00,157.7,23,bid,Xuanyu Liu,YieldingYams,6710750
2026-07-04T07:16:15.499617,2026-07-04T07:16:15.509024+00:00,157.7,20,bid,BrilliantBurritos,YieldingYams,6710753
2026-07-04T07:16:17.366300,2026-07-04T07:16:17.369779+00:00,157.6,3,bid,Xuanyu Liu,WavyWalnuts,6710783
2026-07-04T07:16:17.862244,2026-07-04T07:16:17.869391+00:00,157.6,197,bid,YieldingYams,WavyWalnuts,6710790
2026-07-04T07:16:18.554515,2026-07-04T07:16:18.558561+00:00,157.6,200,ask,YieldingYams,WavyWalnuts,6710809
2026-07-04T07:16:19.763335,2026-07-04T07:16:19.774516+00:00,157.5,200,ask,AverageAlmonds,WavyWalnuts,6710827
2026-07-04T07:16:20.971044,2026-07-04T07:16:20.979791+00:00,157.6,200,ask,YieldingYams,WavyWalnuts,6710844
2026-07-04T07:16:23.093038,2026-07-04T07:16:23.104600+00:00,157.6,20,bid,BrilliantBurritos,YieldingYams,6710871
2026-07-04T07:16:23.124501,2026-07-04T07:16:23.131853+00:00,157.5,500,ask,AverageAlmonds,YieldingYams,6710872
2026-07-04T07:16:23.124501,2026-07-04T07:16:23.137174+00:00,157.4,125,ask,WavyWalnuts,YieldingYams,6710873
2026-07-04T07:16:24.431866,2026-07-04T07:16:24.443227+00:00,157.5,200,bid,YieldingYams,WavyWalnuts,6710892
2026-07-04T07:16:24.637260,2026-07-04T07:16:24.644279+00:00,157.6,200,ask,YieldingYams,WavyWalnuts,6710903
2026-07-04T07:16:25.741891,2026-07-04T07:16:25.748692+00:00,157.3,200,ask,WavyWalnuts,YieldingYams,6710920
2026-07-04T07:16:25.801070,2026-07-04T07:16:25.810277+00:00,157.3,425,bid,AverageAlmonds,YieldingYams,6710924
2026-07-04T07:16:27.063242,2026-07-04T07:16:27.069899+00:00,157.5,200,bid,YieldingYams,WavyWalnuts,6710935
2026-07-04T07:16:27.367880,2026-07-04T07:16:27.379691+00:00,157.6,20,ask,YieldingYams,BrilliantBurritos,6710938
2026-07-04T07:16:28.267074,2026-07-04T07:16:28.275802+00:00,157.6,200,ask,YieldingYams,WavyWalnuts,6710952
2026-07-04T07:16:29.474745,2026-07-04T07:16:29.482566+00:00,157.5,200,ask,AverageAlmonds,WavyWalnuts,6710959
2026-07-04T07:16:29.691686,2026-07-04T07:16:29.700680+00:00,157.5,300,ask,AverageAlmonds,YieldingYams,6710963
2026-07-04T07:16:30.035065,2026-07-04T07:16:35.394328+00:00,157.5,325,bid,AverageAlmonds,YieldingYams,6710970
2026-07-04T07:16:30.689497,2026-07-04T07:16:35.394328+00:00,157.6,200,ask,AverageAlmonds,WavyWalnuts,6710977
2026-07-04T07:16:31.897103,2026-07-04T07:16:35.394328+00:00,157.7,200,ask,YieldingYams,WavyWalnuts,6710999
2026-07-04T07:16:33.104167,2026-07-04T07:16:35.394328+00:00,157.7,200,ask,AverageAlmonds,WavyWalnuts,6711018
2026-07-04T07:16:37.547426,2026-07-04T07:16:37.558827+00:00,157.8,200,ask,WavyWalnuts,YieldingYams,6711064
2026-07-04T07:16:37.941175,2026-07-04T07:16:37.950038+00:00,157.8,200,bid,WavyWalnuts,YieldingYams,6711072
2026-07-04T07:16:40.167397,2026-07-04T07:16:40.175967+00:00,157.8,200,ask,WavyWalnuts,YieldingYams,6711104
2026-07-04T07:16:40.378388,2026-07-04T07:16:40.382063+00:00,157.7,3,ask,WavyWalnuts,Xuanyu Liu,6711108
2026-07-04T07:16:41.587294,2026-07-04T07:16:41.591378+00:00,157.8,11,ask,WavyWalnuts,Xuanyu Liu,6711125
2026-07-04T07:16:42.884906,2026-07-04T07:16:42.896588+00:00,157.9,20,bid,BrilliantBurritos,WavyWalnuts,6711144
2026-07-04T07:16:43.351868,2026-07-04T07:16:43.380349+00:00,157.9,180,bid,AverageAlmonds,WavyWalnuts,6711145
2026-07-04T07:16:43.377053,2026-07-04T07:16:43.380349+00:00,157.9,12,ask,AverageAlmonds,Xuanyu Liu,6711148
2026-07-04T07:16:43.472432,2026-07-04T07:16:43.475876+00:00,158.0,12,bid,Xuanyu Liu,YieldingYams,6711151
2026-07-04T07:16:44.002594,2026-07-04T07:16:44.013812+00:00,157.9,200,ask,AverageAlmonds,WavyWalnuts,6711164
2026-07-04T07:16:44.102595,2026-07-04T07:16:44.122862+00:00,157.9,300,ask,AverageAlmonds,YieldingYams,6711165
2026-07-04T07:16:44.119569,2026-07-04T07:16:44.122862+00:00,157.8,14,bid,Xuanyu Liu,YieldingYams,6711167
2026-07-04T07:16:45.161555,2026-07-04T07:16:45.170149+00:00,157.8,311,bid,AverageAlmonds,YieldingYams,6711181
2026-07-04T07:16:46.425690,2026-07-04T07:16:46.432558+00:00,158.0,200,ask,YieldingYams,WavyWalnuts,6711195
2026-07-04T07:16:48.196728,2026-07-04T07:16:48.205053+00:00,158.1,200,bid,AverageAlmonds,WavyWalnuts,6711219
2026-07-04T07:16:48.196728,2026-07-04T07:16:48.205053+00:00,158.1,300,bid,AverageAlmonds,YieldingYams,6711220
2026-07-04T07:16:48.838613,2026-07-04T07:16:48.847394+00:00,158.1,200,bid,WavyWalnuts,YieldingYams,6711232
2026-07-04T07:16:53.257137,2026-07-04T07:16:53.264125+00:00,158.1,200,bid,YieldingYams,WavyWalnuts,6711294
2026-07-04T07:16:54.566538,2026-07-04T07:16:54.577080+00:00,158.1,500,ask,AverageAlmonds,YieldingYams,6711309
2026-07-04T07:16:54.844714,2026-07-04T07:16:54.852698+00:00,158.1,125,bid,AverageAlmonds,YieldingYams,6711312
2026-07-04T07:16:55.873504,2026-07-04T07:16:55.884872+00:00,158.1,500,ask,AverageAlmonds,YieldingYams,6711337
2026-07-04T07:16:56.051438,2026-07-04T07:16:56.058600+00:00,158.1,125,bid,AverageAlmonds,YieldingYams,6711338
2026-07-04T07:16:56.228622,2026-07-04T07:16:56.232309+00:00,158.1,3,ask,AverageAlmonds,Xuanyu Liu,6711343
2026-07-04T07:16:57.179660,2026-07-04T07:16:57.187571+00:00,158.2,200,bid,YieldingYams,WavyWalnuts,6711354
2026-07-04T07:16:57.193588,2026-07-04T07:16:57.197584+00:00,158.3,23,ask,YieldingYams,Xuanyu Liu,6711356
2026-07-04T07:16:57.305328,2026-07-04T07:16:57.313900+00:00,158.3,200,ask,YieldingYams,WavyWalnuts,6711362
2026-07-04T07:16:58.186615,2026-07-04T07:16:58.193612+00:00,158.3,20,ask,YieldingYams,BrilliantBurritos,6711380
2026-07-04T07:16:58.517203,2026-07-04T07:16:58.523993+00:00,158.2,200,ask,YieldingYams,WavyWalnuts,6711390
2026-07-04T07:16:59.326129,2026-07-04T07:16:59.329851+00:00,158.5,12,bid,Xuanyu Liu,YieldingYams,6711403
2026-07-04T07:16:59.727597,2026-07-04T07:16:59.736861+00:00,158.2,200,ask,YieldingYams,WavyWalnuts,6711408
2026-07-04T07:16:59.822335,2026-07-04T07:16:59.826057+00:00,158.3,14,bid,Xuanyu Liu,YieldingYams,6711411
2026-07-04T07:17:01.332413,2026-07-04T07:17:01.339570+00:00,158.2,20,ask,AverageAlmonds,BrilliantBurritos,6711435
2026-07-04T07:17:02.551207,2026-07-04T07:17:02.554920+00:00,158.2,3,ask,WavyWalnuts,Xuanyu Liu,6711453
2026-07-04T07:17:02.874455,2026-07-04T07:17:02.885979+00:00,158.3,20,bid,BrilliantBurritos,YieldingYams,6711456
2026-07-04T07:17:03.355423,2026-07-04T07:17:03.363612+00:00,158.3,200,bid,WavyWalnuts,YieldingYams,6711468
2026-07-04T07:17:06.385618,2026-07-04T07:17:06.395404+00:00,158.3,200,ask,WavyWalnuts,YieldingYams,6711507
2026-07-04T07:17:07.697820,2026-07-04T07:17:07.708507+00:00,158.3,200,bid,YieldingYams,WavyWalnuts,6711536
2026-07-04T07:17:08.207627,2026-07-04T07:17:08.216622+00:00,158.4,200,ask,YieldingYams,WavyWalnuts,6711543
2026-07-04T07:17:10.593501,2026-07-04T07:17:10.605975+00:00,158.4,20,bid,BrilliantBurritos,WavyWalnuts,6711583
2026-07-04T07:17:15.587875,2026-07-04T07:17:15.597522+00:00,158.5,200,bid,YieldingYams,WavyWalnuts,6711637
2026-07-04T07:17:16.706167,2026-07-04T07:17:16.715008+00:00,158.5,200,ask,YieldingYams,WavyWalnuts,6711657
2026-07-04T07:17:17.412130,2026-07-04T07:17:17.423937+00:00,158.4,20,bid,BrilliantBurritos,YieldingYams,6711672
2026-07-04T07:17:21.516733,2026-07-04T07:17:21.520596+00:00,158.1,11,ask,WavyWalnuts,Xuanyu Liu,6711752
2026-07-04T07:17:21.552426,2026-07-04T07:17:21.556343+00:00,158.3,23,ask,WavyWalnuts,Xuanyu Liu,6711755
2026-07-04T07:17:23.445418,2026-07-04T07:17:23.469053+00:00,158.3,200,ask,WavyWalnuts,YieldingYams,6711782
2026-07-04T07:17:26.062984,2026-07-04T07:17:26.073928+00:00,158.2,500,ask,AverageAlmonds,YieldingYams,6711820
2026-07-04T07:17:26.743565,2026-07-04T07:17:26.758771+00:00,158.1,20,ask,AverageAlmonds,BrilliantBurritos,6711834
2026-07-04T07:17:27.583852,2026-07-04T07:17:27.591829+00:00,158.3,200,ask,YieldingYams,WavyWalnuts,6711850
2026-07-04T07:17:32.045967,2026-07-04T07:17:32.052233+00:00,158.3,25,ask,YieldingYams,Kaleb Liu,6711905
2026-07-04T07:17:39.048878,2026-07-04T07:17:39.058505+00:00,158.6,500,ask,YieldingYams,AverageAlmonds,6712007
2026-07-04T07:17:40.444330,2026-07-04T07:17:40.448730+00:00,158.5,34,bid,Xuanyu Liu,WavyWalnuts,6712032
2026-07-04T07:17:43.292434,2026-07-04T07:17:43.299279+00:00,158.4,200,ask,WavyWalnuts,AverageAlmonds,6712063
2026-07-04T07:17:43.292434,2026-07-04T07:17:43.304528+00:00,158.4,300,ask,YieldingYams,AverageAlmonds,6712064
2026-07-04T07:17:43.888239,2026-07-04T07:17:43.896740+00:00,158.4,325,ask,YieldingYams,AverageAlmonds,6712070
2026-07-04T07:17:43.888239,2026-07-04T07:17:43.896740+00:00,158.3,175,ask,WavyWalnuts,AverageAlmonds,6712071
2026-07-04T07:17:44.493148,2026-07-04T07:17:44.501021+00:00,158.3,25,ask,WavyWalnuts,AverageAlmonds,6712085
2026-07-04T07:17:44.517210,2026-07-04T07:17:44.521252+00:00,158.3,3,bid,Xuanyu Liu,AverageAlmonds,6712087
2026-07-04T07:17:45.779621,2026-07-04T07:17:45.786557+00:00,158.3,200,ask,WavyWalnuts,YieldingYams,6712098
2026-07-04T07:17:46.949939,2026-07-04T07:17:46.959063+00:00,158.2,200,bid,WavyWalnuts,YieldingYams,6712116
2026-07-04T07:17:47.107040,2026-07-04T07:17:47.110528+00:00,158.2,3,ask,YieldingYams,Xuanyu Liu,6712118
2026-07-04T07:17:48.141831,2026-07-04T07:17:48.149930+00:00,158.2,500,ask,YieldingYams,AverageAlmonds,6712127
2026-07-04T07:17:48.406791,2026-07-04T07:17:48.413346+00:00,158.1,200,ask,WavyWalnuts,YieldingYams,6712130
