timestamp,recv_time,price,volume,aggressor_side,buyer,seller,trade_id
2026-07-14T23:00:03.342506,2026-07-14T23:00:03.346895+00:00,66.2,200,bid,WavyWalnuts,YieldingYams,3824822
2026-07-14T23:00:04.539619,2026-07-14T23:00:04.555033+00:00,66.3,200,bid,YieldingYams,WavyWalnuts,3824839
2026-07-14T23:00:05.851337,2026-07-14T23:00:05.870649+00:00,66.3,200,ask,WavyWalnuts,YieldingYams,3824861
2026-07-14T23:00:08.182778,2026-07-14T23:00:08.186520+00:00,66.3,200,bid,WavyWalnuts,YieldingYams,3824888
2026-07-14T23:00:09.392088,2026-07-14T23:00:09.394847+00:00,66.3,200,ask,YieldingYams,WavyWalnuts,3824903
2026-07-14T23:00:11.086963,2026-07-14T23:00:11.102477+00:00,66.3,18,ask,Sze-Yong Ng,YieldingYams,3824923
2026-07-14T23:00:11.086963,2026-07-14T23:00:11.102477+00:00,66.3,200,ask,WavyWalnuts,YieldingYams,3824924
2026-07-14T23:00:11.813551,2026-07-14T23:00:11.817354+00:00,66.2,200,bid,WavyWalnuts,YieldingYams,3824938
2026-07-14T23:00:13.032357,2026-07-14T23:00:13.034189+00:00,66.3,200,ask,YieldingYams,WavyWalnuts,3824950
2026-07-14T23:00:15.052574,2026-07-14T23:00:15.060352+00:00,66.1,200,ask,WavyWalnuts,YieldingYams,3824982
2026-07-14T23:00:15.052574,2026-07-14T23:00:15.060352+00:00,66.0,425,ask,AverageAlmonds,YieldingYams,3824983
2026-07-14T23:00:16.362474,2026-07-14T23:00:16.374489+00:00,66.1,200,bid,YieldingYams,WavyWalnuts,3824995
2026-07-14T23:00:16.372387,2026-07-14T23:00:16.374489+00:00,66.1,20,ask,YieldingYams,BrilliantBurritos,3824996
2026-07-14T23:00:20.296358,2026-07-14T23:00:20.305571+00:00,66.3,200,ask,WavyWalnuts,YieldingYams,3825057
2026-07-14T23:00:22.708301,2026-07-14T23:00:22.715319+00:00,66.3,200,bid,WavyWalnuts,YieldingYams,3825082
2026-07-14T23:00:25.153808,2026-07-14T23:00:25.157693+00:00,66.2,21,ask,Sze-Yong Ng,WavyWalnuts,3825117
2026-07-14T23:00:25.153808,2026-07-14T23:00:25.157693+00:00,66.2,179,ask,YieldingYams,WavyWalnuts,3825118
2026-07-14T23:00:25.200957,2026-07-14T23:00:25.211230+00:00,66.2,20,ask,YieldingYams,BrilliantBurritos,3825121
2026-07-14T23:00:28.155774,2026-07-14T23:00:28.158572+00:00,66.3,200,bid,YieldingYams,WavyWalnuts,3825172
2026-07-14T23:00:28.791221,2026-07-14T23:00:28.802961+00:00,66.5,200,bid,WavyWalnuts,YieldingYams,3825181
2026-07-14T23:00:29.270424,2026-07-14T23:00:29.276635+00:00,66.3,20,ask,YieldingYams,BrilliantBurritos,3825187
2026-07-14T23:00:30.004215,2026-07-14T23:00:30.009523+00:00,66.3,200,bid,WavyWalnuts,YieldingYams,3825201
2026-07-14T23:00:30.867584,2026-07-14T23:00:30.876716+00:00,66.5,20,bid,BrilliantBurritos,AverageAlmonds,3825214
2026-07-14T23:00:31.182863,2026-07-14T23:00:31.186969+00:00,66.4,500,ask,YieldingYams,AverageAlmonds,3825215
2026-07-14T23:00:31.213950,2026-07-14T23:00:31.219306+00:00,66.6,200,bid,WavyWalnuts,YieldingYams,3825217
2026-07-14T23:00:31.777793,2026-07-14T23:00:31.780249+00:00,66.4,125,ask,YieldingYams,AverageAlmonds,3825231
2026-07-14T23:00:32.084053,2026-07-14T23:00:32.093474+00:00,66.4,375,bid,YieldingYams,AverageAlmonds,3825238
2026-07-14T23:00:32.383218,2026-07-14T23:00:32.392011+00:00,66.4,250,ask,YieldingYams,AverageAlmonds,3825239
2026-07-14T23:00:32.383218,2026-07-14T23:00:32.392011+00:00,66.4,61,ask,Sze-Yong Ng,AverageAlmonds,3825240
2026-07-14T23:00:32.423210,2026-07-14T23:00:32.435128+00:00,66.4,189,bid,WavyWalnuts,AverageAlmonds,3825241
2026-07-14T23:00:32.498739,2026-07-14T23:00:32.509757+00:00,66.4,11,ask,WavyWalnuts,BrilliantBurritos,3825242
2026-07-14T23:00:33.631814,2026-07-14T23:00:33.643100+00:00,66.2,200,bid,WavyWalnuts,YieldingYams,3825262
2026-07-14T23:00:34.289635,2026-07-14T23:00:34.292943+00:00,66.0,20,ask,YieldingYams,BrilliantBurritos,3825274
2026-07-14T23:00:34.841062,2026-07-14T23:00:34.853032+00:00,66.3,200,bid,WavyWalnuts,YieldingYams,3825279
2026-07-14T23:00:36.054119,2026-07-14T23:00:36.062009+00:00,66.3,200,ask,YieldingYams,WavyWalnuts,3825299
2026-07-14T23:00:36.074371,2026-07-14T23:00:36.083618+00:00,66.3,20,ask,YieldingYams,BrilliantBurritos,3825302
2026-07-14T23:00:37.265510,2026-07-14T23:00:37.275080+00:00,66.3,200,ask,YieldingYams,WavyWalnuts,3825322
2026-07-14T23:00:38.476013,2026-07-14T23:00:38.482322+00:00,66.2,200,ask,YieldingYams,WavyWalnuts,3825346
2026-07-14T23:00:39.681796,2026-07-14T23:00:39.691409+00:00,66.1,200,bid,WavyWalnuts,YieldingYams,3825370
2026-07-14T23:00:39.764144,2026-07-14T23:00:39.766646+00:00,66.0,20,ask,Sze-Yong Ng,BrilliantBurritos,3825372
2026-07-14T23:00:42.116124,2026-07-14T23:00:42.121619+00:00,66.3,200,ask,YieldingYams,WavyWalnuts,3825406
2026-07-14T23:00:42.596115,2026-07-14T23:00:42.601555+00:00,66.4,500,bid,YieldingYams,AverageAlmonds,3825413
2026-07-14T23:00:42.695639,2026-07-14T23:00:42.700820+00:00,66.4,125,ask,YieldingYams,AverageAlmonds,3825417
2026-07-14T23:00:42.695639,2026-07-14T23:00:42.700820+00:00,66.4,28,ask,Sze-Yong Ng,AverageAlmonds,3825418
2026-07-14T23:00:43.939406,2026-07-14T23:00:43.946188+00:00,66.1,200,ask,WavyWalnuts,YieldingYams,3825433
2026-07-14T23:00:43.939406,2026-07-14T23:00:43.946188+00:00,66.0,425,ask,AverageAlmonds,YieldingYams,3825434
2026-07-14T23:00:44.473210,2026-07-14T23:00:44.481975+00:00,66.2,25,bid,Dinh Nguyen,WavyWalnuts,3825442
2026-07-14T23:00:46.560001,2026-07-14T23:00:46.562481+00:00,66.2,200,bid,YieldingYams,WavyWalnuts,3825466
2026-07-14T23:00:48.980255,2026-07-14T23:00:48.986062+00:00,66.2,25,bid,Dinh Nguyen,YieldingYams,3825488
2026-07-14T23:00:52.500051,2026-07-14T23:00:52.512806+00:00,66.4,25,bid,Dinh Nguyen,WavyWalnuts,3825519
2026-07-14T23:00:53.007278,2026-07-14T23:00:53.010813+00:00,66.3,200,ask,YieldingYams,WavyWalnuts,3825524
2026-07-14T23:00:54.017134,2026-07-14T23:00:54.021144+00:00,66.4,25,bid,Dinh Nguyen,YieldingYams,3825545
2026-07-14T23:00:54.216144,2026-07-14T23:00:54.218444+00:00,66.3,13,ask,Sze-Yong Ng,WavyWalnuts,3825547
2026-07-14T23:00:55.751397,2026-07-14T23:00:55.770720+00:00,66.3,200,ask,WavyWalnuts,YieldingYams,3825564
2026-07-14T23:00:55.751397,2026-07-14T23:00:55.770720+00:00,66.3,13,ask,Sze-Yong Ng,YieldingYams,3825565
2026-07-14T23:00:56.644575,2026-07-14T23:00:56.654531+00:00,66.3,200,bid,WavyWalnuts,YieldingYams,3825580
2026-07-14T23:00:57.059435,2026-07-14T23:00:57.067905+00:00,66.4,200,bid,YieldingYams,WavyWalnuts,3825594
2026-07-14T23:00:57.059435,2026-07-14T23:00:57.067905+00:00,66.5,425,bid,YieldingYams,AverageAlmonds,3825595
2026-07-14T23:00:57.787212,2026-07-14T23:00:57.797994+00:00,66.6,2,bid,Dinh Nguyen,AverageAlmonds,3825601
2026-07-14T23:00:59.551147,2026-07-14T23:00:59.559546+00:00,66.5,2,bid,Dinh Nguyen,YieldingYams,3825628
2026-07-14T23:01:01.061168,2026-07-14T23:01:01.064187+00:00,66.5,25,bid,Dinh Nguyen,AverageAlmonds,3825641
2026-07-14T23:01:01.325154,2026-07-14T23:01:01.332358+00:00,66.5,2,bid,Dinh Nguyen,AverageAlmonds,3825647
2026-07-14T23:01:01.488163,2026-07-14T23:01:01.492628+00:00,66.5,200,bid,WavyWalnuts,YieldingYams,3825650
2026-07-14T23:01:02.324157,2026-07-14T23:01:02.337221+00:00,66.5,500,bid,YieldingYams,AverageAlmonds,3825667
2026-07-14T23:01:02.580171,2026-07-14T23:01:02.583776+00:00,66.6,2,bid,Dinh Nguyen,WavyWalnuts,3825670
2026-07-14T23:01:02.668117,2026-07-14T23:01:02.680664+00:00,66.5,125,ask,YieldingYams,AverageAlmonds,3825671
2026-07-14T23:01:03.843097,2026-07-14T23:01:03.848544+00:00,66.3,2,bid,Dinh Nguyen,YieldingYams,3825691
2026-07-14T23:01:03.905213,2026-07-14T23:01:03.913560+00:00,66.3,200,bid,WavyWalnuts,YieldingYams,3825693
2026-07-14T23:01:05.097780,2026-07-14T23:01:05.107361+00:00,66.5,2,bid,Dinh Nguyen,WavyWalnuts,3825708
2026-07-14T23:01:05.559678,2026-07-14T23:01:05.569042+00:00,66.3,20,ask,YieldingYams,BrilliantBurritos,3825713
2026-07-14T23:01:06.350607,2026-07-14T23:01:06.356380+00:00,66.4,2,bid,Dinh Nguyen,WavyWalnuts,3825726
2026-07-14T23:01:07.545041,2026-07-14T23:01:07.557818+00:00,66.5,200,bid,WavyWalnuts,YieldingYams,3825751
2026-07-14T23:01:07.611187,2026-07-14T23:01:07.623151+00:00,66.5,2,bid,Dinh Nguyen,YieldingYams,3825752
2026-07-14T23:01:08.869144,2026-07-14T23:01:08.872241+00:00,66.4,2,bid,Dinh Nguyen,WavyWalnuts,3825775
2026-07-14T23:01:08.872128,2026-07-14T23:01:08.883322+00:00,66.4,198,bid,YieldingYams,WavyWalnuts,3825776
2026-07-14T23:01:10.129230,2026-07-14T23:01:10.132403+00:00,66.5,2,bid,Dinh Nguyen,WavyWalnuts,3825789
2026-07-14T23:01:11.382617,2026-07-14T23:01:11.395094+00:00,66.4,2,bid,Dinh Nguyen,YieldingYams,3825813
2026-07-14T23:01:12.691058,2026-07-14T23:01:12.699340+00:00,66.3,2,bid,Dinh Nguyen,WavyWalnuts,3825830
2026-07-14T23:01:12.801619,2026-07-14T23:01:12.807104+00:00,66.3,198,bid,YieldingYams,WavyWalnuts,3825832
2026-07-14T23:01:13.945190,2026-07-14T23:01:13.957725+00:00,66.4,2,bid,Dinh Nguyen,YieldingYams,3825850
2026-07-14T23:01:15.205198,2026-07-14T23:01:15.209438+00:00,66.3,2,bid,Dinh Nguyen,WavyWalnuts,3825867
2026-07-14T23:01:15.428204,2026-07-14T23:01:15.431346+00:00,66.3,198,bid,YieldingYams,WavyWalnuts,3825869
2026-07-14T23:01:16.023978,2026-07-14T23:01:16.036389+00:00,66.4,200,ask,YieldingYams,WavyWalnuts,3825881
2026-07-14T23:01:16.461260,2026-07-14T23:01:16.466107+00:00,66.5,2,bid,Dinh Nguyen,YieldingYams,3825889
2026-07-14T23:01:17.231590,2026-07-14T23:01:17.234593+00:00,66.3,200,ask,YieldingYams,WavyWalnuts,3825898
2026-07-14T23:01:17.725211,2026-07-14T23:01:17.731571+00:00,66.4,2,bid,Dinh Nguyen,YieldingYams,3825903
2026-07-14T23:01:18.982397,2026-07-14T23:01:18.984885+00:00,66.2,2,bid,Dinh Nguyen,WavyWalnuts,3825918
2026-07-14T23:01:19.375195,2026-07-14T23:01:19.384149+00:00,66.1,200,ask,WavyWalnuts,YieldingYams,3825926
2026-07-14T23:01:19.375195,2026-07-14T23:01:19.384149+00:00,66.1,425,ask,AverageAlmonds,YieldingYams,3825927
2026-07-14T23:01:19.643192,2026-07-14T23:01:19.651958+00:00,66.2,198,bid,AverageAlmonds,WavyWalnuts,3825929
2026-07-14T23:01:19.643192,2026-07-14T23:01:19.651958+00:00,66.2,13,bid,AverageAlmonds,Sze-Yong Ng,3825930
2026-07-14T23:01:20.261740,2026-07-14T23:01:20.272424+00:00,66.3,2,bid,Dinh Nguyen,WavyWalnuts,3825938
2026-07-14T23:01:20.684394,2026-07-14T23:01:20.693124+00:00,66.3,198,bid,YieldingYams,WavyWalnuts,3825949
2026-07-14T23:01:20.684394,2026-07-14T23:01:20.693124+00:00,66.3,61,bid,YieldingYams,Sze-Yong Ng,3825950
2026-07-14T23:01:20.877449,2026-07-14T23:01:20.888719+00:00,66.4,200,ask,YieldingYams,WavyWalnuts,3825952
2026-07-14T23:01:21.517520,2026-07-14T23:01:21.525178+00:00,66.4,25,ask,YieldingYams,Dinh Nguyen,3825959
2026-07-14T23:01:22.001426,2026-07-14T23:01:22.004506+00:00,66.2,200,ask,WavyWalnuts,YieldingYams,3825966
2026-07-14T23:01:22.001426,2026-07-14T23:01:22.015598+00:00,66.2,425,ask,AverageAlmonds,YieldingYams,3825967
2026-07-14T23:01:22.020198,2026-07-14T23:01:22.026686+00:00,66.6,2,bid,Dinh Nguyen,Sze-Yong Ng,3825968
2026-07-14T23:01:23.272600,2026-07-14T23:01:23.283405+00:00,66.3,2,bid,Dinh Nguyen,WavyWalnuts,3825986
2026-07-14T23:01:23.289840,2026-07-14T23:01:23.294480+00:00,66.2,200,ask,AverageAlmonds,WavyWalnuts,3825988
2026-07-14T23:01:23.309680,2026-07-14T23:01:23.316263+00:00,66.3,59,bid,YieldingYams,Sze-Yong Ng,3825989
2026-07-14T23:01:24.501269,2026-07-14T23:01:24.503478+00:00,66.4,200,ask,YieldingYams,WavyWalnuts,3826004
2026-07-14T23:01:24.526230,2026-07-14T23:01:24.535907+00:00,66.6,2,bid,Dinh Nguyen,YieldingYams,3826007
2026-07-14T23:01:24.630779,2026-07-14T23:01:24.652067+00:00,66.4,61,ask,Sze-Yong Ng,YieldingYams,3826012
2026-07-14T23:01:25.779205,2026-07-14T23:01:25.785997+00:00,66.3,2,bid,Dinh Nguyen,WavyWalnuts,3826033
2026-07-14T23:01:25.893797,2026-07-14T23:01:25.904302+00:00,66.2,20,ask,YieldingYams,BrilliantBurritos,3826034
2026-07-14T23:01:28.566714,2026-07-14T23:01:28.568751+00:00,66.3,200,ask,WavyWalnuts,YieldingYams,3826075
2026-07-14T23:01:28.566714,2026-07-14T23:01:28.579733+00:00,66.3,39,ask,Sze-Yong Ng,YieldingYams,3826076
2026-07-14T23:01:29.358505,2026-07-14T23:01:29.361551+00:00,66.3,200,bid,WavyWalnuts,YieldingYams,3826084
2026-07-14T23:01:29.879228,2026-07-14T23:01:29.881450+00:00,66.4,200,bid,YieldingYams,WavyWalnuts,3826093
2026-07-14T23:01:29.996529,2026-07-14T23:01:30.002882+00:00,66.6,5,bid,Lam Anh Pham,YieldingYams,3826097
2026-07-14T23:01:30.570284,2026-07-14T23:01:30.579032+00:00,66.4,200,ask,YieldingYams,WavyWalnuts,3826102
2026-07-14T23:01:31.782146,2026-07-14T23:01:31.792747+00:00,66.4,200,bid,WavyWalnuts,YieldingYams,3826130
2026-07-14T23:01:32.539565,2026-07-14T23:01:32.550654+00:00,66.3,2,bid,Dinh Nguyen,YieldingYams,3826141
2026-07-14T23:01:32.991800,2026-07-14T23:01:32.994051+00:00,66.3,200,bid,WavyWalnuts,YieldingYams,3826150
2026-07-14T23:01:33.796161,2026-07-14T23:01:33.801571+00:00,66.3,2,bid,Dinh Nguyen,YieldingYams,3826156
2026-07-14T23:01:34.202920,2026-07-14T23:01:34.212511+00:00,66.3,200,bid,WavyWalnuts,YieldingYams,3826166
2026-07-14T23:01:35.051854,2026-07-14T23:01:35.061411+00:00,66.3,2,bid,Dinh Nguyen,YieldingYams,3826184
2026-07-14T23:01:36.312565,2026-07-14T23:01:36.314972+00:00,66.4,2,bid,Dinh Nguyen,WavyWalnuts,3826193
2026-07-14T23:01:36.472045,2026-07-14T23:01:36.478423+00:00,66.3,80,ask,Kelvin Chan,YieldingYams,3826196
2026-07-14T23:01:37.214378,2026-07-14T23:01:37.217336+00:00,66.3,500,bid,AverageAlmonds,YieldingYams,3826201
2026-07-14T23:01:37.571117,2026-07-14T23:01:37.573287+00:00,66.3,2,bid,Dinh Nguyen,YieldingYams,3826206
2026-07-14T23:01:37.781908,2026-07-14T23:01:37.790840+00:00,66.4,200,bid,YieldingYams,WavyWalnuts,3826212
2026-07-14T23:01:38.514148,2026-07-14T23:01:38.524736+00:00,66.5,20,bid,BrilliantBurritos,YieldingYams,3826224
2026-07-14T23:01:38.834132,2026-07-14T23:01:38.839690+00:00,66.5,2,bid,Dinh Nguyen,YieldingYams,3826230
2026-07-14T23:01:39.052145,2026-07-14T23:01:39.055715+00:00,66.4,200,ask,YieldingYams,WavyWalnuts,3826238
2026-07-14T23:01:40.259824,2026-07-14T23:01:40.262860+00:00,66.4,200,bid,WavyWalnuts,YieldingYams,3826249
2026-07-14T23:01:40.409493,2026-07-14T23:01:40.413301+00:00,66.4,39,bid,YieldingYams,Sze-Yong Ng,3826251
2026-07-14T23:01:40.409493,2026-07-14T23:01:40.413301+00:00,66.4,80,bid,YieldingYams,Kelvin Chan,3826252
2026-07-14T23:01:41.358105,2026-07-14T23:01:41.369547+00:00,66.4,25,ask,YieldingYams,Dinh Nguyen,3826266
2026-07-14T23:01:41.627353,2026-07-14T23:01:41.639528+00:00,66.5,20,bid,BrilliantBurritos,YieldingYams,3826271
2026-07-14T23:01:41.876138,2026-07-14T23:01:41.887792+00:00,66.5,2,bid,Dinh Nguyen,Sze-Yong Ng,3826274
2026-07-14T23:01:43.134133,2026-07-14T23:01:43.145897+00:00,66.6,2,bid,Dinh Nguyen,AverageAlmonds,3826297
2026-07-14T23:01:43.907828,2026-07-14T23:01:43.917300+00:00,66.5,200,ask,YieldingYams,WavyWalnuts,3826311
2026-07-14T23:01:44.391148,2026-07-14T23:01:44.396101+00:00,66.7,2,bid,Dinh Nguyen,AverageAlmonds,3826312
2026-07-14T23:01:45.116049,2026-07-14T23:01:45.125963+00:00,66.6,200,ask,YieldingYams,WavyWalnuts,3826321
2026-07-14T23:01:45.648118,2026-07-14T23:01:45.650158+00:00,66.7,2,bid,Dinh Nguyen,Kelvin Chan,3826327
2026-07-14T23:01:45.668015,2026-07-14T23:01:45.671647+00:00,66.6,2,ask,Sze-Yong Ng,YieldingYams,3826329
2026-07-14T23:01:46.916400,2026-07-14T23:01:46.926656+00:00,66.6,2,bid,Dinh Nguyen,YieldingYams,3826342
2026-07-14T23:01:46.975781,2026-07-14T23:01:46.980544+00:00,66.6,10,bid,YieldingYams,Kelvin Chan,3826344
2026-07-14T23:01:46.975781,2026-07-14T23:01:46.980544+00:00,66.6,200,bid,YieldingYams,WavyWalnuts,3826345
2026-07-14T23:01:46.975781,2026-07-14T23:01:46.991268+00:00,66.6,12,bid,YieldingYams,Kelvin Chan,3826346
2026-07-14T23:01:46.984382,2026-07-14T23:01:46.991268+00:00,66.6,66,ask,YieldingYams,Kelvin Chan,3826347
2026-07-14T23:01:48.174131,2026-07-14T23:01:48.179927+00:00,66.6,25,ask,YieldingYams,Dinh Nguyen,3826361
2026-07-14T23:01:48.290438,2026-07-14T23:01:48.297062+00:00,66.6,200,ask,WavyWalnuts,YieldingYams,3826362
2026-07-14T23:01:48.730222,2026-07-14T23:01:48.734713+00:00,66.4,2,bid,Dinh Nguyen,YieldingYams,3826370
2026-07-14T23:01:48.737015,2026-07-14T23:01:48.745495+00:00,66.4,200,bid,WavyWalnuts,YieldingYams,3826371
2026-07-14T23:01:49.598998,2026-07-14T23:01:49.612682+00:00,66.4,61,bid,YieldingYams,Sze-Yong Ng,3826380
2026-07-14T23:01:49.951058,2026-07-14T23:01:49.955010+00:00,66.4,200,ask,YieldingYams,WavyWalnuts,3826386
2026-07-14T23:01:49.991146,2026-07-14T23:01:49.997318+00:00,66.4,25,ask,YieldingYams,Dinh Nguyen,3826387
2026-07-14T23:01:51.768460,2026-07-14T23:01:51.786363+00:00,66.2,25,ask,YieldingYams,Dinh Nguyen,3826413
2026-07-14T23:01:52.292182,2026-07-14T23:01:52.297106+00:00,66.3,2,bid,Dinh Nguyen,WavyWalnuts,3826428
2026-07-14T23:01:52.344726,2026-07-14T23:01:52.350283+00:00,66.3,198,bid,AverageAlmonds,WavyWalnuts,3826429
2026-07-14T23:01:52.344726,2026-07-14T23:01:52.350283+00:00,66.3,13,bid,AverageAlmonds,Sze-Yong Ng,3826430
2026-07-14T23:01:52.344726,2026-07-14T23:01:52.350283+00:00,66.3,289,bid,AverageAlmonds,YieldingYams,3826431
2026-07-14T23:01:52.941210,2026-07-14T23:01:52.952869+00:00,66.3,336,bid,AverageAlmonds,YieldingYams,3826442
2026-07-14T23:01:53.566835,2026-07-14T23:01:53.570500+00:00,66.4,2,bid,Dinh Nguyen,WavyWalnuts,3826455
2026-07-14T23:01:54.839687,2026-07-14T23:01:54.859597+00:00,66.5,200,bid,YieldingYams,WavyWalnuts,3826470
2026-07-14T23:01:56.010542,2026-07-14T23:01:56.018914+00:00,66.5,200,ask,YieldingYams,WavyWalnuts,3826486
2026-07-14T23:01:56.087577,2026-07-14T23:01:56.094389+00:00,66.5,25,ask,YieldingYams,Dinh Nguyen,3826487
2026-07-14T23:01:56.152267,2026-07-14T23:01:56.159566+00:00,66.3,500,ask,AverageAlmonds,YieldingYams,3826488
2026-07-14T23:01:56.152267,2026-07-14T23:01:56.159566+00:00,66.3,125,ask,WavyWalnuts,YieldingYams,3826489
2026-07-14T23:01:56.646119,2026-07-14T23:01:56.653956+00:00,66.7,2,bid,Dinh Nguyen,AverageAlmonds,3826496
2026-07-14T23:01:57.463955,2026-07-14T23:01:57.469448+00:00,66.4,200,ask,WavyWalnuts,YieldingYams,3826509
2026-07-14T23:01:57.463955,2026-07-14T23:01:57.469448+00:00,66.4,13,ask,Sze-Yong Ng,YieldingYams,3826510
2026-07-14T23:01:57.902437,2026-07-14T23:01:57.908122+00:00,66.4,2,bid,Dinh Nguyen,YieldingYams,3826514
2026-07-14T23:01:58.425535,2026-07-14T23:01:58.433252+00:00,66.3,200,ask,YieldingYams,WavyWalnuts,3826527
2026-07-14T23:01:59.161158,2026-07-14T23:01:59.164386+00:00,66.5,2,bid,Dinh Nguyen,YieldingYams,3826543
2026-07-14T23:01:59.633921,2026-07-14T23:01:59.637211+00:00,66.4,200,ask,YieldingYams,WavyWalnuts,3826550
2026-07-14T23:02:00.425130,2026-07-14T23:02:00.430315+00:00,66.6,2,bid,Dinh Nguyen,YieldingYams,3826557
2026-07-14T23:02:00.644148,2026-07-14T23:02:00.654729+00:00,66.6,20,bid,BrilliantBurritos,YieldingYams,3826561
2026-07-14T23:02:01.397118,2026-07-14T23:02:01.406250+00:00,66.4,61,ask,Sze-Yong Ng,YieldingYams,3826572
2026-07-14T23:02:01.397118,2026-07-14T23:02:01.406250+00:00,66.4,80,ask,Kelvin Chan,YieldingYams,3826573
2026-07-14T23:02:01.682183,2026-07-14T23:02:01.686504+00:00,66.4,2,bid,Dinh Nguyen,YieldingYams,3826580
2026-07-14T23:02:02.721483,2026-07-14T23:02:02.733123+00:00,66.4,200,bid,YieldingYams,WavyWalnuts,3826598
2026-07-14T23:02:02.947127,2026-07-14T23:02:02.955991+00:00,66.7,2,bid,Dinh Nguyen,YieldingYams,3826604
2026-07-14T23:02:04.207973,2026-07-14T23:02:04.213542+00:00,66.6,2,bid,Dinh Nguyen,WavyWalnuts,3826629
2026-07-14T23:02:05.342417,2026-07-14T23:02:05.346562+00:00,66.5,200,bid,YieldingYams,WavyWalnuts,3826654
2026-07-14T23:02:05.462181,2026-07-14T23:02:05.474796+00:00,66.6,2,bid,Dinh Nguyen,YieldingYams,3826656
2026-07-14T23:02:05.695907,2026-07-14T23:02:05.699867+00:00,66.6,200,bid,WavyWalnuts,YieldingYams,3826658
2026-07-14T23:02:06.243022,2026-07-14T23:02:06.245107+00:00,66.5,20,ask,YieldingYams,BrilliantBurritos,3826670
2026-07-14T23:02:06.726067,2026-07-14T23:02:06.732994+00:00,66.7,2,bid,Dinh Nguyen,YieldingYams,3826680
2026-07-14T23:02:07.986161,2026-07-14T23:02:07.995080+00:00,66.7,2,bid,Dinh Nguyen,Kelvin Chan,3826700
2026-07-14T23:02:08.117502,2026-07-14T23:02:08.123525+00:00,66.7,58,bid,WavyWalnuts,Kelvin Chan,3826701
2026-07-14T23:02:08.117502,2026-07-14T23:02:08.123525+00:00,66.7,142,bid,WavyWalnuts,YieldingYams,3826702
2026-07-14T23:02:09.247177,2026-07-14T23:02:09.258121+00:00,66.7,2,bid,Dinh Nguyen,YieldingYams,3826717
2026-07-14T23:02:09.335146,2026-07-14T23:02:09.343532+00:00,66.6,200,ask,YieldingYams,WavyWalnuts,3826720
2026-07-14T23:02:10.526541,2026-07-14T23:02:10.530516+00:00,66.8,2,bid,Dinh Nguyen,YieldingYams,3826739
2026-07-14T23:02:10.587526,2026-07-14T23:02:10.594092+00:00,66.7,200,ask,WavyWalnuts,YieldingYams,3826742
2026-07-14T23:02:11.783159,2026-07-14T23:02:11.790730+00:00,66.7,2,bid,Dinh Nguyen,YieldingYams,3826755
2026-07-14T23:02:12.932885,2026-07-14T23:02:12.940180+00:00,66.7,500,ask,YieldingYams,AverageAlmonds,3826767
2026-07-14T23:02:12.958765,2026-07-14T23:02:12.961370+00:00,66.7,125,ask,YieldingYams,WavyWalnuts,3826768
2026-07-14T23:02:13.044194,2026-07-14T23:02:13.055993+00:00,66.6,2,bid,Dinh Nguyen,WavyWalnuts,3826770
2026-07-14T23:02:14.183548,2026-07-14T23:02:14.195040+00:00,66.5,200,bid,WavyWalnuts,YieldingYams,3826790
2026-07-14T23:02:14.815637,2026-07-14T23:02:14.822722+00:00,66.6,2,bid,Dinh Nguyen,WavyWalnuts,3826798
2026-07-14T23:02:15.819031,2026-07-14T23:02:15.835508+00:00,66.5,200,bid,YieldingYams,WavyWalnuts,3826806
2026-07-14T23:02:16.074711,2026-07-14T23:02:16.078138+00:00,66.7,2,bid,Dinh Nguyen,YieldingYams,3826817
2026-07-14T23:02:16.602017,2026-07-14T23:02:16.607882+00:00,66.6,200,ask,YieldingYams,WavyWalnuts,3826824
2026-07-14T23:02:18.321571,2026-07-14T23:02:18.327610+00:00,66.4,20,ask,YieldingYams,BrilliantBurritos,3826847
2026-07-14T23:02:19.017280,2026-07-14T23:02:19.024570+00:00,66.5,200,bid,WavyWalnuts,YieldingYams,3826855
2026-07-14T23:02:20.241036,2026-07-14T23:02:20.242796+00:00,66.5,200,bid,WavyWalnuts,YieldingYams,3826867
2026-07-14T23:02:21.838188,2026-07-14T23:02:21.843222+00:00,66.6,2,bid,Dinh Nguyen,YieldingYams,3826888
2026-07-14T23:02:22.658217,2026-07-14T23:02:22.660548+00:00,66.5,61,ask,Sze-Yong Ng,WavyWalnuts,3826906
2026-07-14T23:02:22.658217,2026-07-14T23:02:22.671568+00:00,66.5,139,ask,YieldingYams,WavyWalnuts,3826907
2026-07-14T23:02:23.095149,2026-07-14T23:02:23.107089+00:00,66.6,2,bid,Dinh Nguyen,YieldingYams,3826913
2026-07-14T23:02:24.604194,2026-07-14T23:02:24.615391+00:00,66.5,25,bid,Dinh Nguyen,YieldingYams,3826938
2026-07-14T23:02:24.858174,2026-07-14T23:02:24.870627+00:00,66.5,2,bid,Dinh Nguyen,YieldingYams,3826942
2026-07-14T23:02:25.002286,2026-07-14T23:02:25.007927+00:00,66.3,80,ask,Kelvin Chan,YieldingYams,3826944
2026-07-14T23:02:25.002286,2026-07-14T23:02:25.007927+00:00,66.3,200,ask,WavyWalnuts,YieldingYams,3826945
2026-07-14T23:02:25.002286,2026-07-14T23:02:25.007927+00:00,66.3,345,ask,AverageAlmonds,YieldingYams,3826946
2026-07-14T23:02:26.372185,2026-07-14T23:02:26.376549+00:00,66.4,25,bid,Dinh Nguyen,WavyWalnuts,3826965
2026-07-14T23:02:26.626171,2026-07-14T23:02:26.633548+00:00,66.4,2,bid,Dinh Nguyen,WavyWalnuts,3826967
2026-07-14T23:02:26.944370,2026-07-14T23:02:26.956210+00:00,66.4,20,bid,BrilliantBurritos,WavyWalnuts,3826972
2026-07-14T23:02:27.625470,2026-07-14T23:02:27.628581+00:00,66.4,200,bid,YieldingYams,WavyWalnuts,3826981
2026-07-14T23:02:27.880166,2026-07-14T23:02:27.887092+00:00,66.6,2,bid,Dinh Nguyen,YieldingYams,3826984
2026-07-14T23:02:28.286413,2026-07-14T23:02:28.296419+00:00,66.6,20,bid,BrilliantBurritos,YieldingYams,3826993
2026-07-14T23:02:29.138150,2026-07-14T23:02:29.149944+00:00,66.6,2,bid,Dinh Nguyen,Kelvin Chan,3827002
2026-07-14T23:02:30.328058,2026-07-14T23:02:30.338401+00:00,66.6,18,bid,BrilliantBurritos,Kelvin Chan,3827025
2026-07-14T23:02:30.328058,2026-07-14T23:02:30.338401+00:00,66.6,2,bid,BrilliantBurritos,YieldingYams,3827026
2026-07-14T23:02:30.653178,2026-07-14T23:02:30.655508+00:00,66.6,25,bid,Dinh Nguyen,YieldingYams,3827037
2026-07-14T23:02:30.909171,2026-07-14T23:02:30.921326+00:00,66.6,2,bid,Dinh Nguyen,YieldingYams,3827042
2026-07-14T23:02:31.131661,2026-07-14T23:02:31.134239+00:00,66.5,13,ask,Sze-Yong Ng,WavyWalnuts,3827046
2026-07-14T23:02:31.131661,2026-07-14T23:02:31.144952+00:00,66.4,187,ask,YieldingYams,WavyWalnuts,3827047
2026-07-14T23:02:31.571393,2026-07-14T23:02:31.583463+00:00,66.4,9,ask,Sze-Yong Ng,YieldingYams,3827055
2026-07-14T23:02:31.571393,2026-07-14T23:02:31.583463+00:00,66.4,80,ask,Kelvin Chan,YieldingYams,3827056
2026-07-14T23:02:32.163184,2026-07-14T23:02:32.171200+00:00,66.4,2,bid,Dinh Nguyen,YieldingYams,3827063
2026-07-14T23:02:32.358532,2026-07-14T23:02:32.364191+00:00,66.4,200,bid,WavyWalnuts,YieldingYams,3827069
2026-07-14T23:02:32.884084,2026-07-14T23:02:32.894180+00:00,66.5,200,bid,YieldingYams,WavyWalnuts,3827076
2026-07-14T23:02:33.569571,2026-07-14T23:02:33.580938+00:00,66.5,200,ask,YieldingYams,WavyWalnuts,3827085
2026-07-14T23:02:34.206566,2026-07-14T23:02:34.217196+00:00,66.5,17,ask,Sze-Yong Ng,YieldingYams,3827095
2026-07-14T23:02:35.520741,2026-07-14T23:02:35.525346+00:00,66.5,200,bid,YieldingYams,WavyWalnuts,3827118
2026-07-14T23:02:36.835771,2026-07-14T23:02:36.837408+00:00,66.5,200,ask,WavyWalnuts,YieldingYams,3827132
2026-07-14T23:02:38.583950,2026-07-14T23:02:38.589744+00:00,66.5,20,ask,YieldingYams,BrilliantBurritos,3827155
2026-07-14T23:02:42.037258,2026-07-14T23:02:42.044864+00:00,66.6,80,bid,WavyWalnuts,Kelvin Chan,3827192
2026-07-14T23:02:42.037258,2026-07-14T23:02:42.044864+00:00,66.6,120,bid,WavyWalnuts,YieldingYams,3827193
2026-07-14T23:02:46.877611,2026-07-14T23:02:46.887911+00:00,66.5,17,bid,WavyWalnuts,Sze-Yong Ng,3827271
2026-07-14T23:02:46.877611,2026-07-14T23:02:46.887911+00:00,66.6,183,bid,WavyWalnuts,YieldingYams,3827272
2026-07-14T23:02:48.635463,2026-07-14T23:02:48.646503+00:00,66.4,80,ask,Kelvin Chan,YieldingYams,3827293
2026-07-14T23:02:48.635463,2026-07-14T23:02:48.646503+00:00,66.4,200,ask,WavyWalnuts,YieldingYams,3827294
2026-07-14T23:02:49.265839,2026-07-14T23:02:49.270775+00:00,66.4,345,bid,AverageAlmonds,YieldingYams,3827304
2026-07-14T23:02:49.300632,2026-07-14T23:02:49.302947+00:00,66.4,155,ask,AverageAlmonds,WavyWalnuts,3827307
2026-07-14T23:02:49.944141,2026-07-14T23:02:49.953077+00:00,66.4,45,bid,YieldingYams,WavyWalnuts,3827311
2026-07-14T23:02:50.519520,2026-07-14T23:02:50.530288+00:00,66.4,200,ask,YieldingYams,WavyWalnuts,3827319
2026-07-14T23:02:52.937988,2026-07-14T23:02:52.939890+00:00,66.4,200,ask,YieldingYams,WavyWalnuts,3827357
2026-07-14T23:02:53.885617,2026-07-14T23:02:53.901146+00:00,66.4,500,ask,AverageAlmonds,YieldingYams,3827374
2026-07-14T23:02:54.109697,2026-07-14T23:02:54.113626+00:00,66.4,125,bid,AverageAlmonds,YieldingYams,3827380
2026-07-14T23:02:54.718353,2026-07-14T23:02:54.730171+00:00,66.5,200,bid,AverageAlmonds,WavyWalnuts,3827385
2026-07-14T23:02:55.355830,2026-07-14T23:02:55.370153+00:00,66.6,200,ask,YieldingYams,WavyWalnuts,3827400
2026-07-14T23:02:55.380980,2026-07-14T23:02:55.391946+00:00,66.6,20,ask,YieldingYams,BrilliantBurritos,3827403
2026-07-14T23:02:56.573404,2026-07-14T23:02:56.581500+00:00,66.6,17,ask,Sze-Yong Ng,WavyWalnuts,3827425
2026-07-14T23:03:04.391839,2026-07-14T23:03:04.415118+00:00,66.7,200,bid,YieldingYams,WavyWalnuts,3827523
2026-07-14T23:03:05.735568,2026-07-14T23:03:05.760853+00:00,66.7,200,ask,WavyWalnuts,YieldingYams,3827542
2026-07-14T23:03:07.469682,2026-07-14T23:03:07.475932+00:00,66.7,200,bid,WavyWalnuts,YieldingYams,3827567
2026-07-14T23:03:07.756369,2026-07-14T23:03:07.763843+00:00,66.7,20,bid,BrilliantBurritos,YieldingYams,3827571
2026-07-14T23:03:08.685927,2026-07-14T23:03:08.697252+00:00,66.8,200,ask,YieldingYams,WavyWalnuts,3827581
2026-07-14T23:03:10.239309,2026-07-14T23:03:10.244787+00:00,66.9,20,bid,BrilliantBurritos,Sze-Yong Ng,3827602
2026-07-14T23:03:10.970619,2026-07-14T23:03:10.974426+00:00,66.8,200,ask,WavyWalnuts,YieldingYams,3827617
2026-07-14T23:03:11.100423,2026-07-14T23:03:11.111495+00:00,66.8,200,bid,WavyWalnuts,YieldingYams,3827622
2026-07-14T23:03:11.457415,2026-07-14T23:03:11.459502+00:00,66.8,20,bid,BrilliantBurritos,YieldingYams,3827625
2026-07-14T23:03:12.304993,2026-07-14T23:03:12.306947+00:00,66.8,80,bid,YieldingYams,Kelvin Chan,3827636
2026-07-14T23:03:12.304993,2026-07-14T23:03:12.317490+00:00,66.8,6,bid,YieldingYams,Sze-Yong Ng,3827637
2026-07-14T23:03:12.314685,2026-07-14T23:03:12.317490+00:00,66.8,200,ask,YieldingYams,WavyWalnuts,3827638
2026-07-14T23:03:12.592202,2026-07-14T23:03:12.601691+00:00,66.8,20,ask,YieldingYams,BrilliantBurritos,3827640
2026-07-14T23:03:15.036367,2026-07-14T23:03:15.043578+00:00,66.8,20,bid,BrilliantBurritos,Kelvin Chan,3827677
2026-07-14T23:03:17.167926,2026-07-14T23:03:17.179932+00:00,66.6,80,ask,Kelvin Chan,WavyWalnuts,3827702
2026-07-14T23:03:17.167926,2026-07-14T23:03:17.179932+00:00,66.6,120,ask,YieldingYams,WavyWalnuts,3827703
2026-07-14T23:03:18.378977,2026-07-14T23:03:18.386756+00:00,66.6,200,ask,YieldingYams,WavyWalnuts,3827717
2026-07-14T23:03:19.586117,2026-07-14T23:03:19.594225+00:00,66.7,200,bid,WavyWalnuts,YieldingYams,3827728
2026-07-14T23:03:20.191297,2026-07-14T23:03:20.195475+00:00,66.7,13,bid,YieldingYams,Sze-Yong Ng,3827740
2026-07-14T23:03:20.191297,2026-07-14T23:03:20.195475+00:00,66.7,60,bid,YieldingYams,Kelvin Chan,3827741
2026-07-14T23:03:20.191297,2026-07-14T23:03:20.211382+00:00,66.7,20,bid,YieldingYams,Kelvin Chan,3827742
2026-07-14T23:03:20.806813,2026-07-14T23:03:20.812137+00:00,66.7,200,ask,YieldingYams,WavyWalnuts,3827756
2026-07-14T23:03:22.826677,2026-07-14T23:03:22.832320+00:00,66.8,31,bid,YieldingYams,Sze-Yong Ng,3827780
2026-07-14T23:03:22.826677,2026-07-14T23:03:22.832320+00:00,66.8,200,bid,YieldingYams,WavyWalnuts,3827781
2026-07-14T23:03:23.218419,2026-07-14T23:03:23.223637+00:00,66.9,200,bid,WavyWalnuts,AverageAlmonds,3827786
2026-07-14T23:03:23.329015,2026-07-14T23:03:23.339898+00:00,66.9,20,bid,BrilliantBurritos,AverageAlmonds,3827790
2026-07-14T23:03:27.895625,2026-07-14T23:03:27.906853+00:00,66.9,5,bid,Lam Anh Pham,Kelvin Chan,3827863
2026-07-14T23:03:30.493054,2026-07-14T23:03:30.496347+00:00,66.9,200,bid,WavyWalnuts,YieldingYams,3827900
2026-07-14T23:03:30.692945,2026-07-14T23:03:30.705940+00:00,66.9,10,bid,YieldingYams,Kelvin Chan,3827903
2026-07-14T23:03:30.911752,2026-07-14T23:03:30.916841+00:00,66.9,5,ask,YieldingYams,Lam Anh Pham,3827906
2026-07-14T23:03:31.925569,2026-07-14T23:03:31.929683+00:00,66.9,8,ask,YieldingYams,Lam Anh Pham,3827926
2026-07-14T23:03:32.291137,2026-07-14T23:03:32.300424+00:00,66.9,200,ask,WavyWalnuts,AverageAlmonds,3827931
2026-07-14T23:03:33.870299,2026-07-14T23:03:33.873351+00:00,66.9,20,bid,BrilliantBurritos,Sze-Yong Ng,3827952
2026-07-14T23:03:35.947464,2026-07-14T23:03:35.956575+00:00,66.8,200,ask,WavyWalnuts,YieldingYams,3827971
2026-07-14T23:03:39.002337,2026-07-14T23:03:39.010882+00:00,66.7,4,bid,Lam Anh Pham,YieldingYams,3828026
2026-07-14T23:03:39.347376,2026-07-14T23:03:39.352178+00:00,66.6,20,ask,AverageAlmonds,BrilliantBurritos,3828035
2026-07-14T23:03:39.877357,2026-07-14T23:03:39.880606+00:00,66.6,500,ask,AverageAlmonds,YieldingYams,3828046
2026-07-14T23:03:40.150980,2026-07-14T23:03:40.158549+00:00,66.6,125,bid,AverageAlmonds,YieldingYams,3828048
2026-07-14T23:03:40.150980,2026-07-14T23:03:40.158549+00:00,66.6,10,bid,AverageAlmonds,Sze-Yong Ng,3828049
2026-07-14T23:03:40.194241,2026-07-14T23:03:40.202031+00:00,66.6,200,ask,AverageAlmonds,WavyWalnuts,3828052
2026-07-14T23:03:41.403638,2026-07-14T23:03:41.415543+00:00,66.8,200,ask,YieldingYams,WavyWalnuts,3828083
2026-07-14T23:03:41.414527,2026-07-14T23:03:41.426531+00:00,67.0,20,bid,BrilliantBurritos,YieldingYams,3828084
2026-07-14T23:03:42.612229,2026-07-14T23:03:42.617952+00:00,66.9,200,bid,WavyWalnuts,YieldingYams,3828109
2026-07-14T23:03:43.092422,2026-07-14T23:03:43.097387+00:00,66.9,1,bid,Lam Anh Pham,YieldingYams,3828116
2026-07-14T23:03:44.229312,2026-07-14T23:03:44.232923+00:00,66.9,20,bid,BrilliantBurritos,WavyWalnuts,3828135
2026-07-14T23:03:45.115453,2026-07-14T23:03:45.120455+00:00,66.9,500,bid,YieldingYams,AverageAlmonds,3828145
2026-07-14T23:03:45.115453,2026-07-14T23:03:45.120455+00:00,66.9,125,bid,YieldingYams,WavyWalnuts,3828146
2026-07-14T23:03:46.109278,2026-07-14T23:03:46.117458+00:00,66.8,5,ask,Sze-Yong Ng,Lam Anh Pham,3828155
2026-07-14T23:03:46.247747,2026-07-14T23:03:46.258618+00:00,66.8,37,ask,Sze-Yong Ng,WavyWalnuts,3828158
2026-07-14T23:03:46.427120,2026-07-14T23:03:46.430971+00:00,66.6,200,ask,WavyWalnuts,YieldingYams,3828163
2026-07-14T23:03:46.427120,2026-07-14T23:03:46.430971+00:00,66.6,80,ask,Kelvin Chan,YieldingYams,3828164
2026-07-14T23:03:46.427120,2026-07-14T23:03:46.441729+00:00,66.5,345,ask,AverageAlmonds,YieldingYams,3828165
2026-07-14T23:03:47.455628,2026-07-14T23:03:47.466324+00:00,66.6,200,ask,AverageAlmonds,WavyWalnuts,3828177
2026-07-14T23:03:50.363646,2026-07-14T23:03:50.372121+00:00,66.7,200,bid,YieldingYams,WavyWalnuts,3828208
2026-07-14T23:03:50.363646,2026-07-14T23:03:50.372121+00:00,66.7,80,bid,YieldingYams,Kelvin Chan,3828209
2026-07-14T23:03:51.096532,2026-07-14T23:03:51.100692+00:00,66.8,200,bid,WavyWalnuts,YieldingYams,3828216
2026-07-14T23:03:51.132501,2026-07-14T23:03:51.143032+00:00,66.8,4,bid,Lam Anh Pham,YieldingYams,3828217
2026-07-14T23:03:51.170437,2026-07-14T23:03:51.174695+00:00,66.8,20,bid,BrilliantBurritos,YieldingYams,3828221
2026-07-14T23:03:51.693202,2026-07-14T23:03:51.696012+00:00,66.6,500,ask,AverageAlmonds,YieldingYams,3828229
2026-07-14T23:03:52.188661,2026-07-14T23:03:52.201706+00:00,66.6,4,bid,Lam Anh Pham,YieldingYams,3828238
2026-07-14T23:03:52.265111,2026-07-14T23:03:52.267899+00:00,66.6,121,bid,AverageAlmonds,YieldingYams,3828244
2026-07-14T23:03:53.000626,2026-07-14T23:03:53.017905+00:00,66.8,200,bid,YieldingYams,WavyWalnuts,3828249
2026-07-14T23:03:53.202232,2026-07-14T23:03:53.212662+00:00,66.8,8,ask,YieldingYams,Lam Anh Pham,3828256
2026-07-14T23:03:54.721041,2026-07-14T23:03:54.726991+00:00,66.8,19,ask,Sze-Yong Ng,WavyWalnuts,3828281
2026-07-14T23:03:57.224111,2026-07-14T23:03:57.229126+00:00,66.9,5,bid,Lam Anh Pham,YieldingYams,3828305
2026-07-14T23:03:59.877930,2026-07-14T23:03:59.886275+00:00,66.8,20,ask,Kelvin Chan,BrilliantBurritos,3828338
2026-07-14T23:04:00.242392,2026-07-14T23:04:00.245164+00:00,66.9,3,bid,Lam Anh Pham,WavyWalnuts,3828343
2026-07-14T23:04:00.776420,2026-07-14T23:04:00.779085+00:00,66.8,60,ask,Kelvin Chan,WavyWalnuts,3828359
2026-07-14T23:04:00.776420,2026-07-14T23:04:00.789773+00:00,66.8,140,ask,YieldingYams,WavyWalnuts,3828360
2026-07-14T23:04:01.255664,2026-07-14T23:04:01.264187+00:00,66.9,5,ask,YieldingYams,Lam Anh Pham,3828364
2026-07-14T23:04:01.988516,2026-07-14T23:04:01.998764+00:00,66.9,200,ask,YieldingYams,WavyWalnuts,3828373
2026-07-14T23:04:02.268325,2026-07-14T23:04:02.274670+00:00,66.8,2,bid,Lam Anh Pham,YieldingYams,3828375
2026-07-14T23:04:03.194313,2026-07-14T23:04:03.196192+00:00,66.8,200,bid,WavyWalnuts,YieldingYams,3828390
2026-07-14T23:04:03.283750,2026-07-14T23:04:03.291433+00:00,66.7,2,ask,AverageAlmonds,Lam Anh Pham,3828394
2026-07-14T23:04:04.303246,2026-07-14T23:04:04.307579+00:00,67.0,5,bid,Lam Anh Pham,WavyWalnuts,3828410
2026-07-14T23:04:04.792623,2026-07-14T23:04:04.799304+00:00,66.9,200,ask,WavyWalnuts,YieldingYams,3828417
2026-07-14T23:04:05.317464,2026-07-14T23:04:05.320703+00:00,66.8,4,ask,AverageAlmonds,Lam Anh Pham,3828431
2026-07-14T23:04:06.103006,2026-07-14T23:04:06.110328+00:00,67.0,200,bid,YieldingYams,WavyWalnuts,3828440
2026-07-14T23:04:06.831274,2026-07-14T23:04:06.838097+00:00,67.0,20,ask,YieldingYams,BrilliantBurritos,3828450
2026-07-14T23:04:10.043849,2026-07-14T23:04:10.055426+00:00,66.9,200,ask,WavyWalnuts,YieldingYams,3828502
2026-07-14T23:04:10.043849,2026-07-14T23:04:10.055426+00:00,66.9,425,ask,AverageAlmonds,YieldingYams,3828503
2026-07-14T23:04:10.444472,2026-07-14T23:04:10.450163+00:00,67.0,61,bid,AverageAlmonds,Sze-Yong Ng,3828506
2026-07-14T23:04:10.467491,2026-07-14T23:04:10.471840+00:00,67.0,200,ask,AverageAlmonds,WavyWalnuts,3828507
2026-07-14T23:04:10.748723,2026-07-14T23:04:10.760379+00:00,67.0,20,ask,AverageAlmonds,BrilliantBurritos,3828509
2026-07-14T23:04:11.675108,2026-07-14T23:04:11.682741+00:00,67.3,200,ask,YieldingYams,WavyWalnuts,3828520
2026-07-14T23:04:12.882712,2026-07-14T23:04:12.893215+00:00,67.1,200,ask,YieldingYams,WavyWalnuts,3828541
2026-07-14T23:04:13.390186,2026-07-14T23:04:13.397111+00:00,67.2,1,bid,Lam Anh Pham,YieldingYams,3828543
2026-07-14T23:04:13.413673,2026-07-14T23:04:13.419153+00:00,67.2,20,bid,BrilliantBurritos,YieldingYams,3828545
2026-07-14T23:04:13.972754,2026-07-14T23:04:13.987909+00:00,67.1,42,ask,Sze-Yong Ng,YieldingYams,3828551
2026-07-14T23:04:14.088251,2026-07-14T23:04:14.097388+00:00,67.1,200,bid,WavyWalnuts,YieldingYams,3828554
2026-07-14T23:04:15.340798,2026-07-14T23:04:15.345076+00:00,67.1,200,ask,YieldingYams,WavyWalnuts,3828568
2026-07-14T23:04:16.550899,2026-07-14T23:04:16.553064+00:00,67.1,200,ask,YieldingYams,WavyWalnuts,3828589
2026-07-14T23:04:16.593250,2026-07-14T23:04:16.597360+00:00,67.1,10,ask,Kelvin Chan,YieldingYams,3828593
2026-07-14T23:04:16.593250,2026-07-14T23:04:16.597360+00:00,67.1,7,ask,Sze-Yong Ng,YieldingYams,3828594
2026-07-14T23:04:17.108346,2026-07-14T23:04:17.117980+00:00,67.1,500,bid,AverageAlmonds,YieldingYams,3828599
2026-07-14T23:04:17.406805,2026-07-14T23:04:17.412429+00:00,67.1,8,bid,Lam Anh Pham,YieldingYams,3828605
2026-07-14T23:04:17.428364,2026-07-14T23:04:17.434549+00:00,67.1,20,bid,BrilliantBurritos,YieldingYams,3828609
2026-07-14T23:04:17.903245,2026-07-14T23:04:17.933395+00:00,67.1,200,bid,YieldingYams,WavyWalnuts,3828617
2026-07-14T23:04:18.423005,2026-07-14T23:04:18.434312+00:00,67.2,9,ask,YieldingYams,Lam Anh Pham,3828628
2026-07-14T23:04:18.540871,2026-07-14T23:04:18.544454+00:00,67.2,20,ask,YieldingYams,BrilliantBurritos,3828632
2026-07-14T23:04:18.965242,2026-07-14T23:04:18.971187+00:00,67.2,200,ask,YieldingYams,WavyWalnuts,3828643
2026-07-14T23:04:21.833069,2026-07-14T23:04:21.844788+00:00,67.1,500,ask,AverageAlmonds,YieldingYams,3828687
2026-07-14T23:04:21.946065,2026-07-14T23:04:21.953977+00:00,67.1,125,bid,AverageAlmonds,YieldingYams,3828691
2026-07-14T23:04:21.946065,2026-07-14T23:04:21.953977+00:00,67.1,13,bid,AverageAlmonds,Sze-Yong Ng,3828692
2026-07-14T23:04:22.168127,2026-07-14T23:04:22.175871+00:00,67.1,20,ask,AverageAlmonds,BrilliantBurritos,3828702
2026-07-14T23:04:23.139579,2026-07-14T23:04:23.179911+00:00,67.3,200,bid,YieldingYams,WavyWalnuts,3828719
2026-07-14T23:04:23.795353,2026-07-14T23:04:23.805338+00:00,67.5,200,bid,WavyWalnuts,YieldingYams,3828729
2026-07-14T23:04:25.004001,2026-07-14T23:04:25.005981+00:00,67.5,80,bid,WavyWalnuts,Kelvin Chan,3828745
2026-07-14T23:04:25.004001,2026-07-14T23:04:25.016725+00:00,67.5,120,bid,WavyWalnuts,YieldingYams,3828746
2026-07-14T23:04:25.427451,2026-07-14T23:04:25.433521+00:00,67.5,20,bid,BrilliantBurritos,YieldingYams,3828748
2026-07-14T23:04:25.773166,2026-07-14T23:04:25.784634+00:00,67.5,10,bid,BrilliantBurritos,Kelvin Chan,3828755
2026-07-14T23:04:25.773166,2026-07-14T23:04:25.784634+00:00,67.5,10,bid,BrilliantBurritos,AverageAlmonds,3828756
2026-07-14T23:04:26.216932,2026-07-14T23:04:26.224972+00:00,67.3,80,ask,Kelvin Chan,WavyWalnuts,3828773
2026-07-14T23:04:26.216932,2026-07-14T23:04:26.224972+00:00,67.3,120,ask,YieldingYams,WavyWalnuts,3828774
2026-07-14T23:04:27.434269,2026-07-14T23:04:27.445650+00:00,67.3,200,bid,WavyWalnuts,YieldingYams,3828796
2026-07-14T23:04:28.380425,2026-07-14T23:04:28.386915+00:00,67.1,10,ask,AverageAlmonds,BrilliantBurritos,3828807
2026-07-14T23:04:28.380425,2026-07-14T23:04:28.386915+00:00,67.1,10,ask,Kelvin Chan,BrilliantBurritos,3828808
2026-07-14T23:04:28.387524,2026-07-14T23:04:28.398009+00:00,67.3,45,bid,YieldingYams,Kelvin Chan,3828809
2026-07-14T23:04:28.387524,2026-07-14T23:04:28.398009+00:00,67.4,200,bid,YieldingYams,WavyWalnuts,3828810
2026-07-14T23:04:28.643891,2026-07-14T23:04:28.649460+00:00,67.4,200,ask,YieldingYams,WavyWalnuts,3828817
2026-07-14T23:04:29.704790,2026-07-14T23:04:29.711123+00:00,67.3,200,ask,WavyWalnuts,YieldingYams,3828835
2026-07-14T23:04:32.115327,2026-07-14T23:04:32.124834+00:00,67.4,20,bid,BrilliantBurritos,YieldingYams,3828856
2026-07-14T23:04:32.354566,2026-07-14T23:04:32.361587+00:00,67.3,200,bid,YieldingYams,WavyWalnuts,3828859
2026-07-14T23:04:34.982537,2026-07-14T23:04:34.986980+00:00,67.4,200,ask,WavyWalnuts,YieldingYams,3828894
2026-07-14T23:04:36.295469,2026-07-14T23:04:36.300057+00:00,67.4,200,bid,YieldingYams,WavyWalnuts,3828915
2026-07-14T23:04:36.475898,2026-07-14T23:04:36.483943+00:00,67.5,425,ask,YieldingYams,AverageAlmonds,3828916
2026-07-14T23:04:37.606572,2026-07-14T23:04:37.612785+00:00,67.5,200,ask,WavyWalnuts,YieldingYams,3828944
2026-07-14T23:04:38.319407,2026-07-14T23:04:38.323376+00:00,67.5,200,bid,WavyWalnuts,YieldingYams,3828955
2026-07-14T23:04:39.539122,2026-07-14T23:04:39.546319+00:00,67.5,200,ask,YieldingYams,WavyWalnuts,3828971
2026-07-14T23:04:40.749170,2026-07-14T23:04:40.758643+00:00,67.6,55,bid,WavyWalnuts,Sze-Yong Ng,3828997
2026-07-14T23:04:40.749170,2026-07-14T23:04:40.758643+00:00,67.6,145,bid,WavyWalnuts,YieldingYams,3828998
2026-07-14T23:04:41.332374,2026-07-14T23:04:41.335220+00:00,67.5,500,ask,YieldingYams,AverageAlmonds,3829008
2026-07-14T23:04:41.960813,2026-07-14T23:04:41.970757+00:00,67.5,200,bid,WavyWalnuts,YieldingYams,3829015
2026-07-14T23:04:43.169533,2026-07-14T23:04:43.182002+00:00,67.4,200,bid,WavyWalnuts,YieldingYams,3829038
2026-07-14T23:04:46.377487,2026-07-14T23:04:46.386703+00:00,67.5,20,bid,BrilliantBurritos,YieldingYams,3829076
2026-07-14T23:04:46.810114,2026-07-14T23:04:46.833495+00:00,67.4,19,ask,Sze-Yong Ng,WavyWalnuts,3829087
2026-07-14T23:04:47.933773,2026-07-14T23:04:47.944247+00:00,67.3,20,ask,YieldingYams,BrilliantBurritos,3829112
2026-07-14T23:04:48.118490,2026-07-14T23:04:48.127251+00:00,67.3,80,ask,Kelvin Chan,YieldingYams,3829114
2026-07-14T23:04:50.661523,2026-07-14T23:04:50.664143+00:00,67.2,20,ask,YieldingYams,BrilliantBurritos,3829141
2026-07-14T23:04:50.738572,2026-07-14T23:04:50.750254+00:00,67.3,200,bid,YieldingYams,WavyWalnuts,3829142
2026-07-14T23:04:53.365513,2026-07-14T23:04:53.376424+00:00,67.4,80,bid,YieldingYams,Kelvin Chan,3829162
2026-07-14T23:04:53.365513,2026-07-14T23:04:53.376424+00:00,67.4,200,bid,YieldingYams,WavyWalnuts,3829163
2026-07-14T23:04:53.549034,2026-07-14T23:04:53.558593+00:00,67.6,20,bid,BrilliantBurritos,YieldingYams,3829168
2026-07-14T23:04:56.533226,2026-07-14T23:04:56.538380+00:00,67.3,1,ask,YieldingYams,Lam Anh Pham,3829215
2026-07-14T23:04:56.738277,2026-07-14T23:04:56.740947+00:00,67.3,25,ask,YieldingYams,Dinh Nguyen,3829218
2026-07-14T23:04:56.869766,2026-07-14T23:04:56.879194+00:00,67.4,20,bid,BrilliantBurritos,Sze-Yong Ng,3829219
2026-07-14T23:04:57.592694,2026-07-14T23:04:57.600094+00:00,67.3,3,ask,WavyWalnuts,Lam Anh Pham,3829241
2026-07-14T23:04:57.699260,2026-07-14T23:04:57.707295+00:00,67.4,18,bid,WavyWalnuts,Sze-Yong Ng,3829248
2026-07-14T23:04:57.699260,2026-07-14T23:04:57.707295+00:00,67.4,182,bid,WavyWalnuts,YieldingYams,3829249
2026-07-14T23:04:58.255915,2026-07-14T23:04:58.261416+00:00,67.2,25,ask,YieldingYams,Dinh Nguyen,3829258
2026-07-14T23:04:58.623631,2026-07-14T23:04:58.646149+00:00,67.4,80,bid,YieldingYams,Kelvin Chan,3829270
2026-07-14T23:04:58.623631,2026-07-14T23:04:58.646149+00:00,67.4,23,bid,YieldingYams,Sze-Yong Ng,3829271
2026-07-14T23:04:59.609633,2026-07-14T23:04:59.620284+00:00,67.4,5,ask,YieldingYams,Lam Anh Pham,3829288
2026-07-14T23:04:59.764861,2026-07-14T23:04:59.769707+00:00,67.4,25,ask,YieldingYams,Dinh Nguyen,3829290
2026-07-14T23:04:59.938131,2026-07-14T23:04:59.940928+00:00,67.4,200,ask,WavyWalnuts,YieldingYams,3829291
2026-07-14T23:04:59.938131,2026-07-14T23:04:59.957020+00:00,67.4,80,ask,Kelvin Chan,YieldingYams,3829292
2026-07-14T23:05:00.120112,2026-07-14T23:05:00.130333+00:00,67.3,200,bid,WavyWalnuts,YieldingYams,3829295
2026-07-14T23:05:00.268875,2026-07-14T23:05:00.281155+00:00,67.3,2,bid,Dinh Nguyen,YieldingYams,3829296
2026-07-14T23:05:00.625310,2026-07-14T23:05:00.631596+00:00,67.3,13,bid,Lam Anh Pham,YieldingYams,3829302
2026-07-14T23:05:01.250846,2026-07-14T23:05:01.262486+00:00,67.3,13,bid,YieldingYams,Sze-Yong Ng,3829317
2026-07-14T23:05:01.330870,2026-07-14T23:05:01.337901+00:00,67.3,200,ask,YieldingYams,WavyWalnuts,3829319
2026-07-14T23:05:01.560777,2026-07-14T23:05:01.572407+00:00,67.3,20,ask,YieldingYams,BrilliantBurritos,3829322
2026-07-14T23:05:01.645645,2026-07-14T23:05:01.648070+00:00,67.3,4,ask,YieldingYams,Lam Anh Pham,3829324
2026-07-14T23:05:02.539428,2026-07-14T23:05:02.541345+00:00,67.3,200,ask,YieldingYams,WavyWalnuts,3829338
2026-07-14T23:05:02.659590,2026-07-14T23:05:02.671595+00:00,67.1,4,ask,WavyWalnuts,Lam Anh Pham,3829340
2026-07-14T23:05:03.295871,2026-07-14T23:05:03.297817+00:00,67.1,2,ask,WavyWalnuts,Dinh Nguyen,3829347
2026-07-14T23:05:04.551110,2026-07-14T23:05:04.558901+00:00,67.2,25,ask,WavyWalnuts,Dinh Nguyen,3829368
2026-07-14T23:05:04.690446,2026-07-14T23:05:04.698443+00:00,67.2,5,ask,WavyWalnuts,Lam Anh Pham,3829376
2026-07-14T23:05:05.062871,2026-07-14T23:05:05.072488+00:00,67.2,2,ask,WavyWalnuts,Dinh Nguyen,3829385
2026-07-14T23:05:06.326656,2026-07-14T23:05:06.333199+00:00,67.2,25,ask,WavyWalnuts,Dinh Nguyen,3829405
2026-07-14T23:05:06.704470,2026-07-14T23:05:06.709993+00:00,67.3,8,bid,Lam Anh Pham,Sze-Yong Ng,3829412
2026-07-14T23:05:07.378438,2026-07-14T23:05:07.385605+00:00,67.2,200,ask,YieldingYams,WavyWalnuts,3829424
2026-07-14T23:05:07.717824,2026-07-14T23:05:07.725853+00:00,67.4,1,bid,Lam Anh Pham,YieldingYams,3829427
2026-07-14T23:05:08.730799,2026-07-14T23:05:08.732584+00:00,67.3,1,ask,WavyWalnuts,Lam Anh Pham,3829442
2026-07-14T23:05:09.110069,2026-07-14T23:05:09.116034+00:00,67.4,80,bid,YieldingYams,Kelvin Chan,3829451
2026-07-14T23:05:09.400580,2026-07-14T23:05:09.405111+00:00,67.4,25,ask,YieldingYams,Dinh Nguyen,3829461
2026-07-14T23:05:09.743662,2026-07-14T23:05:09.746487+00:00,67.5,2,bid,Dinh Nguyen,YieldingYams,3829465
2026-07-14T23:05:09.804179,2026-07-14T23:05:09.811515+00:00,67.4,200,ask,YieldingYams,WavyWalnuts,3829467
2026-07-14T23:05:09.907177,2026-07-14T23:05:09.916852+00:00,67.5,2,bid,Lam Anh Pham,WavyWalnuts,3829468
2026-07-14T23:05:10.755686,2026-07-14T23:05:10.762687+00:00,67.3,8,bid,Lam Anh Pham,YieldingYams,3829478
2026-07-14T23:05:11.020238,2026-07-14T23:05:11.030531+00:00,67.3,200,bid,WavyWalnuts,YieldingYams,3829484
2026-07-14T23:05:11.161875,2026-07-14T23:05:11.170299+00:00,67.3,2,bid,Dinh Nguyen,YieldingYams,3829486
2026-07-14T23:05:11.770782,2026-07-14T23:05:11.773886+00:00,67.3,10,ask,YieldingYams,Lam Anh Pham,3829498
2026-07-14T23:05:12.239833,2026-07-14T23:05:12.244131+00:00,67.3,200,ask,YieldingYams,WavyWalnuts,3829500
2026-07-14T23:05:12.429891,2026-07-14T23:05:12.436402+00:00,67.3,25,ask,YieldingYams,Dinh Nguyen,3829504
2026-07-14T23:05:13.448530,2026-07-14T23:05:13.455062+00:00,67.3,200,bid,WavyWalnuts,YieldingYams,3829524
2026-07-14T23:05:13.797753,2026-07-14T23:05:13.800648+00:00,67.3,2,bid,Lam Anh Pham,YieldingYams,3829532
2026-07-14T23:05:15.458180,2026-07-14T23:05:15.461381+00:00,67.3,2,bid,Dinh Nguyen,YieldingYams,3829566
2026-07-14T23:05:16.711929,2026-07-14T23:05:16.721875+00:00,67.3,2,bid,Dinh Nguyen,YieldingYams,3829581
2026-07-14T23:05:17.816818,2026-07-14T23:05:17.821225+00:00,67.2,2,ask,YieldingYams,Lam Anh Pham,3829603
2026-07-14T23:05:17.963868,2026-07-14T23:05:17.970811+00:00,67.3,2,bid,Dinh Nguyen,WavyWalnuts,3829606
2026-07-14T23:05:18.279517,2026-07-14T23:05:18.281403+00:00,67.3,198,bid,YieldingYams,WavyWalnuts,3829610
2026-07-14T23:05:18.890577,2026-07-14T23:05:18.899866+00:00,67.3,3,ask,YieldingYams,Lam Anh Pham,3829620
2026-07-14T23:05:19.215876,2026-07-14T23:05:19.218053+00:00,67.4,2,bid,Dinh Nguyen,WavyWalnuts,3829629
2026-07-14T23:05:19.589705,2026-07-14T23:05:19.602942+00:00,67.4,200,bid,YieldingYams,WavyWalnuts,3829640
2026-07-14T23:05:19.904519,2026-07-14T23:05:19.912360+00:00,67.5,4,bid,Lam Anh Pham,AverageAlmonds,3829647
2026-07-14T23:05:20.962280,2026-07-14T23:05:20.969932+00:00,67.4,20,ask,Sze-Yong Ng,BrilliantBurritos,3829664
2026-07-14T23:05:22.209450,2026-07-14T23:05:22.215832+00:00,67.5,500,bid,YieldingYams,AverageAlmonds,3829690
2026-07-14T23:05:22.209450,2026-07-14T23:05:22.215832+00:00,67.5,125,bid,YieldingYams,WavyWalnuts,3829691
2026-07-14T23:05:22.984870,2026-07-14T23:05:22.992852+00:00,67.5,2,bid,Dinh Nguyen,WavyWalnuts,3829700
2026-07-14T23:05:23.523925,2026-07-14T23:05:23.530236+00:00,67.4,1,ask,Sze-Yong Ng,YieldingYams,3829705
2026-07-14T23:05:23.523925,2026-07-14T23:05:23.530236+00:00,67.3,200,ask,WavyWalnuts,YieldingYams,3829706
2026-07-14T23:05:23.523925,2026-07-14T23:05:23.530236+00:00,67.2,424,ask,AverageAlmonds,YieldingYams,3829707
2026-07-14T23:05:24.240924,2026-07-14T23:05:24.250312+00:00,67.5,2,bid,Dinh Nguyen,WavyWalnuts,3829718
2026-07-14T23:05:24.834662,2026-07-14T23:05:24.841255+00:00,67.3,200,bid,YieldingYams,WavyWalnuts,3829727
2026-07-14T23:05:25.525845,2026-07-14T23:05:25.538372+00:00,67.5,2,bid,Dinh Nguyen,AverageAlmonds,3829738
2026-07-14T23:05:26.044964,2026-07-14T23:05:26.050492+00:00,67.4,20,ask,YieldingYams,BrilliantBurritos,3829747
2026-07-14T23:05:26.122435,2026-07-14T23:05:26.125287+00:00,67.4,405,ask,YieldingYams,AverageAlmonds,3829749
2026-07-14T23:05:26.122435,2026-07-14T23:05:26.136061+00:00,67.4,50,ask,Sze-Yong Ng,AverageAlmonds,3829750
2026-07-14T23:05:26.784792,2026-07-14T23:05:26.799812+00:00,67.4,2,bid,Dinh Nguyen,YieldingYams,3829761
2026-07-14T23:05:27.454002,2026-07-14T23:05:27.455871+00:00,67.3,200,ask,WavyWalnuts,YieldingYams,3829771
2026-07-14T23:05:27.960378,2026-07-14T23:05:27.968928+00:00,67.2,200,bid,WavyWalnuts,YieldingYams,3829777
2026-07-14T23:05:28.036910,2026-07-14T23:05:28.042771+00:00,67.2,2,bid,Dinh Nguyen,YieldingYams,3829780
2026-07-14T23:05:28.821674,2026-07-14T23:05:28.833347+00:00,67.2,20,ask,YieldingYams,BrilliantBurritos,3829789
2026-07-14T23:05:29.002031,2026-07-14T23:05:29.004447+00:00,67.2,1,ask,YieldingYams,Lam Anh Pham,3829791
2026-07-14T23:05:30.017254,2026-07-14T23:05:30.024642+00:00,67.3,3,ask,WavyWalnuts,Lam Anh Pham,3829805
2026-07-14T23:05:30.079091,2026-07-14T23:05:30.089748+00:00,67.3,197,ask,WavyWalnuts,YieldingYams,3829807
2026-07-14T23:05:30.377260,2026-07-14T23:05:30.380213+00:00,67.1,200,ask,YieldingYams,WavyWalnuts,3829814
2026-07-14T23:05:30.557922,2026-07-14T23:05:30.561771+00:00,67.3,2,bid,Dinh Nguyen,YieldingYams,3829815
2026-07-14T23:05:31.031929,2026-07-14T23:05:31.042236+00:00,67.1,12,ask,YieldingYams,Lam Anh Pham,3829826
2026-07-14T23:05:31.369300,2026-07-14T23:05:31.372374+00:00,67.1,20,ask,YieldingYams,BrilliantBurritos,3829834
2026-07-14T23:05:31.583522,2026-07-14T23:05:31.587685+00:00,67.2,200,bid,WavyWalnuts,YieldingYams,3829837
2026-07-14T23:05:31.820964,2026-07-14T23:05:31.833684+00:00,67.2,2,bid,Dinh Nguyen,YieldingYams,3829839
2026-07-14T23:05:32.475606,2026-07-14T23:05:32.486556+00:00,67.1,20,ask,YieldingYams,BrilliantBurritos,3829853
2026-07-14T23:05:32.699729,2026-07-14T23:05:32.710010+00:00,67.2,50,bid,YieldingYams,Sze-Yong Ng,3829861
2026-07-14T23:05:33.074908,2026-07-14T23:05:33.080941+00:00,67.3,2,bid,Dinh Nguyen,YieldingYams,3829869
2026-07-14T23:05:34.029825,2026-07-14T23:05:34.040618+00:00,67.2,47,ask,Sze-Yong Ng,WavyWalnuts,3829891
2026-07-14T23:05:34.329911,2026-07-14T23:05:34.336983+00:00,67.1,2,bid,Dinh Nguyen,WavyWalnuts,3829893
2026-07-14T23:05:35.094961,2026-07-14T23:05:35.099431+00:00,67.1,16,bid,Lam Anh Pham,WavyWalnuts,3829903
2026-07-14T23:05:35.349939,2026-07-14T23:05:35.357724+00:00,67.1,200,ask,WavyWalnuts,YieldingYams,3829910
2026-07-14T23:05:35.349939,2026-07-14T23:05:35.357724+00:00,67.1,14,ask,Sze-Yong Ng,YieldingYams,3829911
2026-07-14T23:05:35.584880,2026-07-14T23:05:35.594986+00:00,67.1,2,bid,Dinh Nguyen,YieldingYams,3829914
2026-07-14T23:05:36.415535,2026-07-14T23:05:36.451087+00:00,67.1,409,bid,AverageAlmonds,YieldingYams,3829929
2026-07-14T23:05:36.663072,2026-07-14T23:05:36.678477+00:00,67.3,200,bid,YieldingYams,WavyWalnuts,3829937
2026-07-14T23:05:36.837936,2026-07-14T23:05:36.848170+00:00,67.5,2,bid,Dinh Nguyen,AverageAlmonds,3829941
2026-07-14T23:05:37.625970,2026-07-14T23:05:37.637604+00:00,67.4,425,ask,YieldingYams,AverageAlmonds,3829948
2026-07-14T23:05:37.975438,2026-07-14T23:05:37.987114+00:00,67.1,200,ask,WavyWalnuts,YieldingYams,3829952
2026-07-14T23:05:37.975438,2026-07-14T23:05:37.987114+00:00,67.1,80,ask,Kelvin Chan,YieldingYams,3829953
2026-07-14T23:05:38.097918,2026-07-14T23:05:38.104624+00:00,67.1,2,bid,Dinh Nguyen,YieldingYams,3829956
2026-07-14T23:05:38.110730,2026-07-14T23:05:38.115334+00:00,67.1,1,bid,Lam Anh Pham,YieldingYams,3829957
2026-07-14T23:05:38.865738,2026-07-14T23:05:38.877883+00:00,67.1,200,bid,WavyWalnuts,YieldingYams,3829968
2026-07-14T23:05:39.870832,2026-07-14T23:05:39.879177+00:00,67.2,2,bid,Dinh Nguyen,WavyWalnuts,3829976
2026-07-14T23:05:40.079575,2026-07-14T23:05:40.091558+00:00,67.1,200,ask,YieldingYams,WavyWalnuts,3829979
2026-07-14T23:05:40.127351,2026-07-14T23:05:40.134490+00:00,67.1,1,ask,YieldingYams,Lam Anh Pham,3829982
2026-07-14T23:05:41.141732,2026-07-14T23:05:41.148115+00:00,67.2,1,bid,Lam Anh Pham,YieldingYams,3829998
2026-07-14T23:05:41.394057,2026-07-14T23:05:41.397666+00:00,67.2,25,bid,Dinh Nguyen,YieldingYams,3830000
2026-07-14T23:05:41.654435,2026-07-14T23:05:41.658805+00:00,67.2,2,bid,Dinh Nguyen,YieldingYams,3830010
2026-07-14T23:05:41.834437,2026-07-14T23:05:41.837695+00:00,67.2,20,bid,BrilliantBurritos,YieldingYams,3830015
2026-07-14T23:05:43.174938,2026-07-14T23:05:43.178061+00:00,67.2,25,bid,Dinh Nguyen,Kelvin Chan,3830031
2026-07-14T23:05:43.193699,2026-07-14T23:05:43.199664+00:00,67.2,8,bid,Lam Anh Pham,Kelvin Chan,3830033
2026-07-14T23:05:43.215404,2026-07-14T23:05:43.226539+00:00,67.1,42,ask,Sze-Yong Ng,YieldingYams,3830036
2026-07-14T23:05:43.440938,2026-07-14T23:05:43.452489+00:00,67.1,2,bid,Dinh Nguyen,YieldingYams,3830041
2026-07-14T23:05:44.007771,2026-07-14T23:05:44.010588+00:00,67.0,20,ask,WavyWalnuts,BrilliantBurritos,3830043
2026-07-14T23:05:44.207124,2026-07-14T23:05:44.213593+00:00,67.1,7,bid,Lam Anh Pham,YieldingYams,3830045
2026-07-14T23:05:44.694915,2026-07-14T23:05:44.697501+00:00,67.1,2,bid,Dinh Nguyen,WavyWalnuts,3830053
2026-07-14T23:05:44.914009,2026-07-14T23:05:44.921272+00:00,67.1,200,bid,WavyWalnuts,YieldingYams,3830058
2026-07-14T23:05:45.952428,2026-07-14T23:05:45.961097+00:00,67.2,2,bid,Dinh Nguyen,YieldingYams,3830070
2026-07-14T23:05:46.210484,2026-07-14T23:05:46.219326+00:00,67.0,20,ask,YieldingYams,BrilliantBurritos,3830078
2026-07-14T23:05:47.209292,2026-07-14T23:05:47.220234+00:00,67.1,2,bid,Dinh Nguyen,WavyWalnuts,3830090
2026-07-14T23:05:48.455398,2026-07-14T23:05:48.459588+00:00,67.1,200,bid,YieldingYams,WavyWalnuts,3830107
2026-07-14T23:05:48.462953,2026-07-14T23:05:48.470331+00:00,67.3,2,bid,Dinh Nguyen,YieldingYams,3830108
2026-07-14T23:05:48.567616,2026-07-14T23:05:48.578688+00:00,67.1,200,ask,YieldingYams,WavyWalnuts,3830110
2026-07-14T23:05:49.717241,2026-07-14T23:05:49.729548+00:00,67.3,2,bid,Dinh Nguyen,YieldingYams,3830125
2026-07-14T23:05:49.777772,2026-07-14T23:05:49.789972+00:00,67.2,200,ask,WavyWalnuts,YieldingYams,3830130
2026-07-14T23:05:49.777772,2026-07-14T23:05:49.789972+00:00,67.0,80,ask,Kelvin Chan,YieldingYams,3830131
2026-07-14T23:05:49.777772,2026-07-14T23:05:49.789972+00:00,66.9,345,ask,AverageAlmonds,YieldingYams,3830132
2026-07-14T23:05:50.287804,2026-07-14T23:05:50.295501+00:00,66.9,17,ask,AverageAlmonds,Lam Anh Pham,3830139
2026-07-14T23:05:50.983907,2026-07-14T23:05:51.011276+00:00,67.3,2,bid,Dinh Nguyen,AverageAlmonds,3830155
2026-07-14T23:05:51.304651,2026-07-14T23:05:51.312985+00:00,67.2,1,bid,Lam Anh Pham,WavyWalnuts,3830162
2026-07-14T23:05:52.239942,2026-07-14T23:05:52.246083+00:00,67.2,2,bid,Dinh Nguyen,YieldingYams,3830177
2026-07-14T23:05:52.396290,2026-07-14T23:05:52.406640+00:00,67.2,200,bid,YieldingYams,WavyWalnuts,3830178
2026-07-14T23:05:53.407460,2026-07-14T23:05:53.409960+00:00,67.2,200,ask,YieldingYams,WavyWalnuts,3830192
2026-07-14T23:05:53.493937,2026-07-14T23:05:53.505765+00:00,67.3,2,bid,Dinh Nguyen,AverageAlmonds,3830195
2026-07-14T23:05:54.757972,2026-07-14T23:05:54.765138+00:00,67.2,2,bid,Dinh Nguyen,YieldingYams,3830217
2026-07-14T23:05:56.012908,2026-07-14T23:05:56.018891+00:00,67.2,1,bid,Dinh Nguyen,Kelvin Chan,3830231
2026-07-14T23:05:57.646512,2026-07-14T23:05:57.658074+00:00,67.1,200,bid,YieldingYams,WavyWalnuts,3830257
2026-07-14T23:05:57.646512,2026-07-14T23:05:57.658074+00:00,67.2,425,bid,YieldingYams,AverageAlmonds,3830258
2026-07-14T23:05:58.240776,2026-07-14T23:05:58.242977+00:00,67.1,200,bid,WavyWalnuts,AverageAlmonds,3830266
2026-07-14T23:05:59.272952,2026-07-14T23:05:59.276111+00:00,67.0,25,ask,YieldingYams,Dinh Nguyen,3830284
2026-07-14T23:05:59.325654,2026-07-14T23:05:59.329213+00:00,67.0,1,ask,YieldingYams,Lam Anh Pham,3830285
2026-07-14T23:05:59.439634,2026-07-14T23:05:59.445877+00:00,67.0,500,ask,YieldingYams,AverageAlmonds,3830288
2026-07-14T23:06:00.032516,2026-07-14T23:06:00.038627+00:00,67.0,99,ask,YieldingYams,AverageAlmonds,3830303
2026-07-14T23:06:00.269615,2026-07-14T23:06:00.280714+00:00,66.9,200,ask,WavyWalnuts,YieldingYams,3830310
2026-07-14T23:06:00.343080,2026-07-14T23:06:00.355070+00:00,66.7,3,ask,YieldingYams,Lam Anh Pham,3830312
2026-07-14T23:06:00.657114,2026-07-14T23:06:00.666575+00:00,66.8,200,bid,WavyWalnuts,YieldingYams,3830316
2026-07-14T23:06:01.577834,2026-07-14T23:06:01.585596+00:00,66.8,80,bid,YieldingYams,Sze-Yong Ng,3830337
2026-07-14T23:06:01.577834,2026-07-14T23:06:01.585596+00:00,67.0,500,bid,YieldingYams,AverageAlmonds,3830338
2026-07-14T23:06:01.845230,2026-07-14T23:06:01.854427+00:00,67.0,45,ask,YieldingYams,AverageAlmonds,3830342
2026-07-14T23:06:02.390490,2026-07-14T23:06:02.392876+00:00,66.9,12,ask,WavyWalnuts,Lam Anh Pham,3830352
2026-07-14T23:06:02.893517,2026-07-14T23:06:02.896787+00:00,66.9,188,ask,WavyWalnuts,YieldingYams,3830359
2026-07-14T23:06:02.893517,2026-07-14T23:06:02.896787+00:00,66.9,50,ask,Sze-Yong Ng,YieldingYams,3830360
2026-07-14T23:06:03.076516,2026-07-14T23:06:03.078502+00:00,66.9,200,bid,WavyWalnuts,YieldingYams,3830365
2026-07-14T23:06:04.202709,2026-07-14T23:06:04.269759+00:00,67.0,200,bid,YieldingYams,WavyWalnuts,3830382
2026-07-14T23:06:04.202709,2026-07-14T23:06:04.269759+00:00,67.0,425,bid,YieldingYams,AverageAlmonds,3830383
2026-07-14T23:06:04.413048,2026-07-14T23:06:04.418957+00:00,66.9,9,ask,WavyWalnuts,Lam Anh Pham,3830384
2026-07-14T23:06:05.500721,2026-07-14T23:06:05.504163+00:00,66.9,191,ask,WavyWalnuts,AverageAlmonds,3830401
2026-07-14T23:06:05.532980,2026-07-14T23:06:05.551841+00:00,66.7,200,ask,WavyWalnuts,YieldingYams,3830403
2026-07-14T23:06:06.737228,2026-07-14T23:06:06.748043+00:00,66.7,200,bid,WavyWalnuts,YieldingYams,3830423
2026-07-14T23:06:07.950336,2026-07-14T23:06:07.952202+00:00,66.8,20,bid,BrilliantBurritos,YieldingYams,3830442
2026-07-14T23:06:08.792969,2026-07-14T23:06:08.802060+00:00,66.6,25,ask,WavyWalnuts,Dinh Nguyen,3830459
2026-07-14T23:06:10.302955,2026-07-14T23:06:10.309981+00:00,66.6,25,ask,WavyWalnuts,Dinh Nguyen,3830472
2026-07-14T23:06:11.579972,2026-07-14T23:06:11.606268+00:00,66.7,73,bid,WavyWalnuts,Sze-Yong Ng,3830496
2026-07-14T23:06:12.794453,2026-07-14T23:06:12.796773+00:00,66.7,200,ask,YieldingYams,WavyWalnuts,3830514
2026-07-14T23:06:14.801170,2026-07-14T23:06:14.806098+00:00,66.7,20,ask,WavyWalnuts,BrilliantBurritos,3830535
2026-07-14T23:06:15.503936,2026-07-14T23:06:15.507350+00:00,66.6,11,ask,YieldingYams,Lam Anh Pham,3830542
2026-07-14T23:06:16.421720,2026-07-14T23:06:16.429613+00:00,66.7,200,ask,YieldingYams,WavyWalnuts,3830555
2026-07-14T23:06:16.826998,2026-07-14T23:06:16.830581+00:00,66.7,25,ask,YieldingYams,Dinh Nguyen,3830560
2026-07-14T23:06:17.330039,2026-07-14T23:06:17.333158+00:00,66.6,200,ask,WavyWalnuts,YieldingYams,3830570
2026-07-14T23:06:17.330039,2026-07-14T23:06:17.344258+00:00,66.6,425,ask,AverageAlmonds,YieldingYams,3830571
2026-07-14T23:06:18.519052,2026-07-14T23:06:18.529324+00:00,66.9,4,bid,Lam Anh Pham,WavyWalnuts,3830590
2026-07-14T23:06:20.535226,2026-07-14T23:06:20.546708+00:00,66.8,32,bid,Lam Anh Pham,YieldingYams,3830616
2026-07-14T23:06:21.260597,2026-07-14T23:06:21.270794+00:00,66.7,61,ask,Sze-Yong Ng,YieldingYams,3830633
2026-07-14T23:06:22.572605,2026-07-14T23:06:22.577724+00:00,66.6,500,ask,AverageAlmonds,YieldingYams,3830654
2026-07-14T23:06:22.572605,2026-07-14T23:06:22.577724+00:00,66.6,125,ask,WavyWalnuts,YieldingYams,3830655
2026-07-14T23:06:22.671364,2026-07-14T23:06:22.674536+00:00,66.8,20,bid,BrilliantBurritos,WavyWalnuts,3830656
2026-07-14T23:06:23.881399,2026-07-14T23:06:23.910517+00:00,66.8,200,bid,YieldingYams,WavyWalnuts,3830674
2026-07-14T23:06:24.885539,2026-07-14T23:06:24.890146+00:00,66.8,200,ask,YieldingYams,WavyWalnuts,3830694
2026-07-14T23:06:25.748590,2026-07-14T23:06:25.761071+00:00,66.7,20,ask,YieldingYams,BrilliantBurritos,3830703
2026-07-14T23:06:26.091546,2026-07-14T23:06:26.101042+00:00,66.9,200,bid,WavyWalnuts,YieldingYams,3830708
2026-07-14T23:06:29.785331,2026-07-14T23:06:29.793059+00:00,66.7,20,ask,YieldingYams,BrilliantBurritos,3830763
2026-07-14T23:06:30.440432,2026-07-14T23:06:30.451890+00:00,66.7,200,ask,WavyWalnuts,YieldingYams,3830776
2026-07-14T23:06:30.440432,2026-07-14T23:06:30.451890+00:00,66.7,425,ask,AverageAlmonds,YieldingYams,3830777
2026-07-14T23:06:31.748833,2026-07-14T23:06:31.752167+00:00,66.8,53,bid,YieldingYams,Sze-Yong Ng,3830802
2026-07-14T23:06:31.748833,2026-07-14T23:06:31.752167+00:00,66.9,200,bid,YieldingYams,WavyWalnuts,3830803
2026-07-14T23:06:32.601465,2026-07-14T23:06:32.612817+00:00,66.9,1,ask,YieldingYams,Lam Anh Pham,3830808
2026-07-14T23:06:33.063598,2026-07-14T23:06:33.070609+00:00,67.0,80,bid,YieldingYams,Kelvin Chan,3830818
2026-07-14T23:06:33.063598,2026-07-14T23:06:33.070609+00:00,67.0,200,bid,YieldingYams,WavyWalnuts,3830819
2026-07-14T23:06:33.063598,2026-07-14T23:06:33.070609+00:00,67.0,345,bid,YieldingYams,AverageAlmonds,3830820
2026-07-14T23:06:33.374016,2026-07-14T23:06:33.378280+00:00,67.0,12,bid,WavyWalnuts,Kelvin Chan,3830824
2026-07-14T23:06:33.374016,2026-07-14T23:06:33.378280+00:00,67.0,188,bid,WavyWalnuts,AverageAlmonds,3830825
2026-07-14T23:06:33.614138,2026-07-14T23:06:33.622168+00:00,67.0,5,bid,Lam Anh Pham,AverageAlmonds,3830827
2026-07-14T23:06:34.627951,2026-07-14T23:06:34.632762+00:00,66.8,4,ask,YieldingYams,Lam Anh Pham,3830839
2026-07-14T23:06:35.803834,2026-07-14T23:06:35.812898+00:00,66.9,200,bid,WavyWalnuts,YieldingYams,3830862
2026-07-14T23:06:37.016157,2026-07-14T23:06:37.028981+00:00,66.9,200,bid,WavyWalnuts,YieldingYams,3830877
2026-07-14T23:06:37.510688,2026-07-14T23:06:37.513009+00:00,66.7,20,ask,Kelvin Chan,BrilliantBurritos,3830880
2026-07-14T23:06:38.226341,2026-07-14T23:06:38.232176+00:00,66.9,200,bid,WavyWalnuts,YieldingYams,3830899
2026-07-14T23:06:39.437125,2026-07-14T23:06:39.447618+00:00,66.9,200,bid,WavyWalnuts,YieldingYams,3830927
2026-07-14T23:06:42.233604,2026-07-14T23:06:42.236032+00:00,66.7,60,ask,Kelvin Chan,YieldingYams,3830966
2026-07-14T23:06:42.233604,2026-07-14T23:06:42.246863+00:00,66.7,200,ask,WavyWalnuts,YieldingYams,3830967
2026-07-14T23:06:42.233604,2026-07-14T23:06:42.246863+00:00,66.7,20,ask,Kelvin Chan,YieldingYams,3830968
2026-07-14T23:06:43.546480,2026-07-14T23:06:43.551382+00:00,66.7,200,bid,YieldingYams,WavyWalnuts,3830990
2026-07-14T23:06:43.701453,2026-07-14T23:06:43.712809+00:00,66.8,4,ask,YieldingYams,Lam Anh Pham,3830994
2026-07-14T23:06:44.278435,2026-07-14T23:06:44.280561+00:00,66.8,200,ask,YieldingYams,WavyWalnuts,3831002
2026-07-14T23:06:45.079934,2026-07-14T23:06:45.090864+00:00,66.6,20,ask,WavyWalnuts,BrilliantBurritos,3831015
2026-07-14T23:06:45.488130,2026-07-14T23:06:45.492732+00:00,66.7,200,bid,WavyWalnuts,YieldingYams,3831020
2026-07-14T23:06:46.698528,2026-07-14T23:06:46.709712+00:00,66.7,8,bid,WavyWalnuts,Sze-Yong Ng,3831032
2026-07-14T23:06:46.719811,2026-07-14T23:06:46.730923+00:00,66.7,5,ask,WavyWalnuts,Lam Anh Pham,3831033
2026-07-14T23:06:47.474618,2026-07-14T23:06:47.486564+00:00,66.8,80,bid,YieldingYams,Kelvin Chan,3831046
2026-07-14T23:06:47.908167,2026-07-14T23:06:47.914270+00:00,66.9,200,bid,WavyWalnuts,YieldingYams,3831054
2026-07-14T23:06:49.698427,2026-07-14T23:06:49.709755+00:00,66.8,500,ask,YieldingYams,AverageAlmonds,3831081
2026-07-14T23:06:50.098166,2026-07-14T23:06:50.112410+00:00,66.8,200,ask,WavyWalnuts,YieldingYams,3831089
2026-07-14T23:06:50.098166,2026-07-14T23:06:50.112410+00:00,66.8,80,ask,Kelvin Chan,YieldingYams,3831090
2026-07-14T23:06:50.328940,2026-07-14T23:06:50.340373+00:00,66.6,200,bid,WavyWalnuts,YieldingYams,3831095
2026-07-14T23:06:51.537440,2026-07-14T23:06:51.547568+00:00,66.7,200,bid,WavyWalnuts,YieldingYams,3831106
2026-07-14T23:06:52.751085,2026-07-14T23:06:52.761208+00:00,66.7,80,bid,YieldingYams,Kelvin Chan,3831125
2026-07-14T23:06:52.751085,2026-07-14T23:06:52.761208+00:00,66.8,500,bid,YieldingYams,AverageAlmonds,3831126
2026-07-14T23:06:53.333267,2026-07-14T23:06:53.342202+00:00,66.8,45,ask,YieldingYams,AverageAlmonds,3831132
2026-07-14T23:06:53.964885,2026-07-14T23:06:53.969637+00:00,66.8,28,bid,WavyWalnuts,Kelvin Chan,3831142
2026-07-14T23:06:53.964885,2026-07-14T23:06:53.969637+00:00,66.8,172,bid,WavyWalnuts,AverageAlmonds,3831143
2026-07-14T23:06:55.178707,2026-07-14T23:06:55.186343+00:00,66.6,200,bid,WavyWalnuts,YieldingYams,3831162
2026-07-14T23:06:56.388043,2026-07-14T23:06:56.391974+00:00,66.7,200,bid,WavyWalnuts,YieldingYams,3831177
2026-07-14T23:06:57.596065,2026-07-14T23:06:57.599868+00:00,66.7,200,bid,WavyWalnuts,YieldingYams,3831196
2026-07-14T23:06:57.805722,2026-07-14T23:06:57.813330+00:00,66.7,13,bid,Lam Anh Pham,YieldingYams,3831197
2026-07-14T23:07:00.015519,2026-07-14T23:07:00.021281+00:00,66.7,200,bid,WavyWalnuts,YieldingYams,3831227
2026-07-14T23:07:01.227627,2026-07-14T23:07:01.238072+00:00,66.8,200,bid,WavyWalnuts,YieldingYams,3831246
2026-07-14T23:07:02.437255,2026-07-14T23:07:02.440592+00:00,66.7,200,bid,WavyWalnuts,YieldingYams,3831259
2026-07-14T23:07:03.646100,2026-07-14T23:07:03.658019+00:00,66.8,200,bid,WavyWalnuts,YieldingYams,3831274
2026-07-14T23:07:04.855006,2026-07-14T23:07:04.864137+00:00,66.7,200,bid,WavyWalnuts,YieldingYams,3831293
2026-07-14T23:07:06.325171,2026-07-14T23:07:06.333191+00:00,66.7,20,ask,WavyWalnuts,BrilliantBurritos,3831307
2026-07-14T23:07:06.832995,2026-07-14T23:07:06.838987+00:00,66.7,4,ask,WavyWalnuts,Lam Anh Pham,3831316
2026-07-14T23:07:07.862613,2026-07-14T23:07:07.873451+00:00,66.8,1,ask,WavyWalnuts,Lam Anh Pham,3831325
2026-07-14T23:07:08.289945,2026-07-14T23:07:08.298877+00:00,66.8,20,ask,WavyWalnuts,BrilliantBurritos,3831334
2026-07-14T23:07:08.898863,2026-07-14T23:07:08.905901+00:00,66.9,1,bid,Lam Anh Pham,YieldingYams,3831337
2026-07-14T23:07:09.755193,2026-07-14T23:07:09.766769+00:00,66.9,200,bid,WavyWalnuts,YieldingYams,3831348
2026-07-14T23:07:09.915080,2026-07-14T23:07:09.927852+00:00,66.9,1,ask,YieldingYams,Lam Anh Pham,3831351
2026-07-14T23:07:10.967067,2026-07-14T23:07:10.970608+00:00,66.9,200,ask,YieldingYams,WavyWalnuts,3831369
2026-07-14T23:07:11.991797,2026-07-14T23:07:12.000385+00:00,66.8,1,bid,Lam Anh Pham,YieldingYams,3831388
2026-07-14T23:07:12.179845,2026-07-14T23:07:12.181906+00:00,66.7,200,ask,AverageAlmonds,WavyWalnuts,3831393
2026-07-14T23:07:12.410511,2026-07-14T23:07:12.414669+00:00,66.7,300,ask,AverageAlmonds,YieldingYams,3831394
2026-07-14T23:07:12.688699,2026-07-14T23:07:12.693345+00:00,66.7,325,bid,AverageAlmonds,YieldingYams,3831400
2026-07-14T23:07:13.008522,2026-07-14T23:07:13.013781+00:00,66.8,1,ask,AverageAlmonds,Lam Anh Pham,3831405
2026-07-14T23:07:13.720112,2026-07-14T23:07:13.726592+00:00,67.1,200,bid,YieldingYams,WavyWalnuts,3831423
2026-07-14T23:07:13.720112,2026-07-14T23:07:13.726592+00:00,67.3,425,bid,YieldingYams,AverageAlmonds,3831424
2026-07-14T23:07:14.021525,2026-07-14T23:07:14.029094+00:00,66.9,2,ask,WavyWalnuts,Lam Anh Pham,3831431
2026-07-14T23:07:15.038309,2026-07-14T23:07:15.050626+00:00,66.9,1,ask,WavyWalnuts,Lam Anh Pham,3831446
2026-07-14T23:07:16.050439,2026-07-14T23:07:16.058863+00:00,66.9,5,ask,YieldingYams,Lam Anh Pham,3831462
2026-07-14T23:07:16.874401,2026-07-14T23:07:16.881928+00:00,67.0,20,bid,BrilliantBurritos,YieldingYams,3831470
2026-07-14T23:07:17.011189,2026-07-14T23:07:17.020866+00:00,67.0,200,bid,WavyWalnuts,YieldingYams,3831472
2026-07-14T23:07:18.094311,2026-07-14T23:07:18.099929+00:00,67.1,9,bid,Lam Anh Pham,WavyWalnuts,3831489
2026-07-14T23:07:18.220866,2026-07-14T23:07:18.226585+00:00,66.9,200,ask,YieldingYams,WavyWalnuts,3831493
2026-07-14T23:07:18.342563,2026-07-14T23:07:18.352821+00:00,67.1,20,bid,BrilliantBurritos,YieldingYams,3831495
2026-07-14T23:07:18.981083,2026-07-14T23:07:18.985356+00:00,66.9,64,ask,Kelvin Chan,YieldingYams,3831501
2026-07-14T23:07:18.981083,2026-07-14T23:07:18.985356+00:00,66.9,16,ask,Kelvin Chan,YieldingYams,3831502
2026-07-14T23:07:20.108276,2026-07-14T23:07:20.113987+00:00,66.8,1,ask,YieldingYams,Lam Anh Pham,3831515
2026-07-14T23:07:20.552560,2026-07-14T23:07:20.556357+00:00,66.9,500,bid,AverageAlmonds,YieldingYams,3831522
2026-07-14T23:07:20.642762,2026-07-14T23:07:20.651956+00:00,66.9,125,bid,WavyWalnuts,YieldingYams,3831527
2026-07-14T23:07:21.122624,2026-07-14T23:07:21.128703+00:00,66.9,3,ask,WavyWalnuts,Lam Anh Pham,3831535
2026-07-14T23:07:21.606506,2026-07-14T23:07:21.616974+00:00,66.9,72,ask,WavyWalnuts,YieldingYams,3831548
2026-07-14T23:07:21.852627,2026-07-14T23:07:21.860024+00:00,66.9,200,bid,WavyWalnuts,YieldingYams,3831550
2026-07-14T23:07:22.354893,2026-07-14T23:07:22.358653+00:00,66.9,20,bid,BrilliantBurritos,YieldingYams,3831553
2026-07-14T23:07:23.061749,2026-07-14T23:07:23.069125+00:00,67.0,200,bid,WavyWalnuts,YieldingYams,3831564
2026-07-14T23:07:24.275260,2026-07-14T23:07:24.284273+00:00,67.0,200,bid,WavyWalnuts,YieldingYams,3831580
2026-07-14T23:07:25.142812,2026-07-14T23:07:25.147116+00:00,66.9,5,ask,YieldingYams,Lam Anh Pham,3831594
2026-07-14T23:07:25.485885,2026-07-14T23:07:25.496312+00:00,67.0,200,bid,WavyWalnuts,YieldingYams,3831602
2026-07-14T23:07:25.538505,2026-07-14T23:07:25.555378+00:00,67.0,13,bid,YieldingYams,Sze-Yong Ng,3831603
2026-07-14T23:07:26.156765,2026-07-14T23:07:26.160239+00:00,67.1,16,ask,YieldingYams,Lam Anh Pham,3831609
2026-07-14T23:07:27.825067,2026-07-14T23:07:27.836383+00:00,67.1,200,ask,YieldingYams,WavyWalnuts,3831632
2026-07-14T23:07:27.825067,2026-07-14T23:07:27.836383+00:00,67.1,300,ask,YieldingYams,AverageAlmonds,3831633
2026-07-14T23:07:27.903008,2026-07-14T23:07:27.911021+00:00,67.1,200,ask,WavyWalnuts,AverageAlmonds,3831634
2026-07-14T23:07:28.160610,2026-07-14T23:07:28.170968+00:00,67.1,28,ask,Kelvin Chan,YieldingYams,3831639
2026-07-14T23:07:28.160610,2026-07-14T23:07:28.170968+00:00,67.0,200,ask,WavyWalnuts,YieldingYams,3831640
2026-07-14T23:07:28.171719,2026-07-14T23:07:28.181643+00:00,66.8,5,bid,Lam Anh Pham,YieldingYams,3831642
2026-07-14T23:07:29.106798,2026-07-14T23:07:29.117737+00:00,66.8,200,bid,WavyWalnuts,YieldingYams,3831654
2026-07-14T23:07:29.183056,2026-07-14T23:07:29.192679+00:00,66.7,5,ask,YieldingYams,Lam Anh Pham,3831655
2026-07-14T23:07:29.471424,2026-07-14T23:07:29.486988+00:00,66.8,8,bid,YieldingYams,Sze-Yong Ng,3831658
2026-07-14T23:07:30.783195,2026-07-14T23:07:30.794295+00:00,67.0,200,ask,WavyWalnuts,YieldingYams,3831680
2026-07-14T23:07:32.202268,2026-07-14T23:07:32.210590+00:00,66.9,11,ask,YieldingYams,Lam Anh Pham,3831703
2026-07-14T23:07:33.408190,2026-07-14T23:07:33.416015+00:00,66.9,200,ask,WavyWalnuts,YieldingYams,3831724
2026-07-14T23:07:35.162904,2026-07-14T23:07:35.173100+00:00,66.9,200,ask,YieldingYams,WavyWalnuts,3831755
2026-07-14T23:07:36.373039,2026-07-14T23:07:36.375445+00:00,66.7,200,ask,YieldingYams,WavyWalnuts,3831763
2026-07-14T23:07:37.335327,2026-07-14T23:07:37.337504+00:00,66.7,500,ask,AverageAlmonds,YieldingYams,3831779
2026-07-14T23:07:37.503683,2026-07-14T23:07:37.515197+00:00,66.7,125,bid,AverageAlmonds,YieldingYams,3831784
2026-07-14T23:07:38.642538,2026-07-14T23:07:38.644807+00:00,66.8,200,bid,YieldingYams,WavyWalnuts,3831797
2026-07-14T23:07:38.741470,2026-07-14T23:07:38.751991+00:00,66.8,20,ask,YieldingYams,BrilliantBurritos,3831798
2026-07-14T23:07:39.225225,2026-07-14T23:07:39.227932+00:00,66.9,37,bid,Lam Anh Pham,WavyWalnuts,3831805
2026-07-14T23:07:40.244379,2026-07-14T23:07:40.251699+00:00,66.6,17,ask,AverageAlmonds,Lam Anh Pham,3831819
2026-07-14T23:07:42.259320,2026-07-14T23:07:42.262733+00:00,66.7,9,ask,YieldingYams,Lam Anh Pham,3831844
2026-07-14T23:07:42.427299,2026-07-14T23:07:42.432619+00:00,66.7,200,ask,YieldingYams,WavyWalnuts,3831850
2026-07-14T23:07:43.887960,2026-07-14T23:07:43.893938+00:00,66.8,18,bid,YieldingYams,Sze-Yong Ng,3831868
2026-07-14T23:07:43.887960,2026-07-14T23:07:43.893938+00:00,66.9,200,bid,YieldingYams,WavyWalnuts,3831869
2026-07-14T23:07:46.520699,2026-07-14T23:07:46.525075+00:00,66.9,200,bid,YieldingYams,WavyWalnuts,3831906
2026-07-14T23:07:47.260481,2026-07-14T23:07:47.271588+00:00,66.9,200,ask,YieldingYams,WavyWalnuts,3831916
2026-07-14T23:07:48.470951,2026-07-14T23:07:48.482838+00:00,66.7,200,ask,YieldingYams,WavyWalnuts,3831938
2026-07-14T23:07:49.162037,2026-07-14T23:07:49.172776+00:00,66.7,18,ask,Sze-Yong Ng,YieldingYams,3831956
2026-07-14T23:07:49.162037,2026-07-14T23:07:49.172776+00:00,66.7,500,ask,AverageAlmonds,YieldingYams,3831957
2026-07-14T23:07:49.603316,2026-07-14T23:07:49.607219+00:00,66.7,107,bid,AverageAlmonds,YieldingYams,3831965
2026-07-14T23:07:50.470306,2026-07-14T23:07:50.475326+00:00,66.8,200,bid,YieldingYams,WavyWalnuts,3831974
2026-07-14T23:07:50.890439,2026-07-14T23:07:50.893963+00:00,66.8,200,ask,YieldingYams,WavyWalnuts,3831980
2026-07-14T23:07:51.783432,2026-07-14T23:07:51.795954+00:00,66.8,8,ask,Sze-Yong Ng,YieldingYams,3831993
2026-07-14T23:07:51.783432,2026-07-14T23:07:51.795954+00:00,66.8,500,ask,AverageAlmonds,YieldingYams,3831994
2026-07-14T23:07:51.783432,2026-07-14T23:07:51.795954+00:00,66.6,117,ask,WavyWalnuts,YieldingYams,3831995
2026-07-14T23:07:52.109782,2026-07-14T23:07:52.119471+00:00,66.8,200,ask,AverageAlmonds,WavyWalnuts,3832002
2026-07-14T23:07:52.298643,2026-07-14T23:07:52.303009+00:00,66.8,24,ask,AverageAlmonds,Lam Anh Pham,3832003
2026-07-14T23:07:52.342492,2026-07-14T23:07:52.346680+00:00,66.8,20,ask,AverageAlmonds,BrilliantBurritos,3832005
2026-07-14T23:07:53.319031,2026-07-14T23:07:53.325232+00:00,66.8,200,ask,YieldingYams,WavyWalnuts,3832021
2026-07-14T23:07:54.409179,2026-07-14T23:07:54.416921+00:00,66.9,500,ask,AverageAlmonds,YieldingYams,3832035
2026-07-14T23:07:54.530163,2026-07-14T23:07:54.534496+00:00,66.8,200,ask,YieldingYams,WavyWalnuts,3832037
2026-07-14T23:07:55.740346,2026-07-14T23:07:55.760533+00:00,67.0,200,ask,YieldingYams,WavyWalnuts,3832061
2026-07-14T23:07:56.315790,2026-07-14T23:07:56.317919+00:00,67.1,4,bid,Lam Anh Pham,YieldingYams,3832072
2026-07-14T23:07:56.952313,2026-07-14T23:07:56.954024+00:00,67.0,200,ask,YieldingYams,WavyWalnuts,3832083
2026-07-14T23:07:57.028259,2026-07-14T23:07:57.044750+00:00,66.8,500,ask,AverageAlmonds,YieldingYams,3832085
2026-07-14T23:07:57.471586,2026-07-14T23:07:57.479547+00:00,66.8,125,bid,AverageAlmonds,YieldingYams,3832089
2026-07-14T23:07:58.401765,2026-07-14T23:07:58.406432+00:00,66.9,19,ask,WavyWalnuts,Lam Anh Pham,3832106
2026-07-14T23:07:59.649413,2026-07-14T23:07:59.655846+00:00,67.0,200,ask,WavyWalnuts,YieldingYams,3832133
2026-07-14T23:07:59.649413,2026-07-14T23:07:59.655846+00:00,67.0,36,ask,Sze-Yong Ng,YieldingYams,3832134
2026-07-14T23:08:00.576478,2026-07-14T23:08:00.583712+00:00,67.0,200,bid,WavyWalnuts,YieldingYams,3832145
2026-07-14T23:08:01.418072,2026-07-14T23:08:01.426653+00:00,67.1,9,bid,Lam Anh Pham,YieldingYams,3832159
2026-07-14T23:08:02.430370,2026-07-14T23:08:02.441717+00:00,67.0,10,bid,Lam Anh Pham,WavyWalnuts,3832174
2026-07-14T23:08:03.499232,2026-07-14T23:08:03.506872+00:00,66.9,13,bid,Lam Anh Pham,WavyWalnuts,3832183
2026-07-14T23:08:03.577620,2026-07-14T23:08:03.581701+00:00,66.9,187,bid,YieldingYams,WavyWalnuts,3832188
2026-07-14T23:08:05.414361,2026-07-14T23:08:05.419117+00:00,67.0,200,bid,WavyWalnuts,YieldingYams,3832216
2026-07-14T23:08:06.623098,2026-07-14T23:08:06.634243+00:00,66.9,200,bid,WavyWalnuts,YieldingYams,3832233
2026-07-14T23:08:07.169739,2026-07-14T23:08:07.178719+00:00,66.9,425,bid,AverageAlmonds,YieldingYams,3832237
2026-07-14T23:08:10.519251,2026-07-14T23:08:10.527977+00:00,67.0,32,bid,Lam Anh Pham,WavyWalnuts,3832280
2026-07-14T23:08:11.462564,2026-07-14T23:08:11.469792+00:00,66.9,38,ask,Sze-Yong Ng,WavyWalnuts,3832294
2026-07-14T23:08:11.462564,2026-07-14T23:08:11.469792+00:00,66.8,162,ask,YieldingYams,WavyWalnuts,3832295
2026-07-14T23:08:12.680670,2026-07-14T23:08:12.687946+00:00,67.0,200,bid,WavyWalnuts,YieldingYams,3832319
2026-07-14T23:08:12.909096,2026-07-14T23:08:12.918282+00:00,66.9,20,bid,BrilliantBurritos,YieldingYams,3832322
2026-07-14T23:08:13.889140,2026-07-14T23:08:13.893797+00:00,66.9,200,bid,WavyWalnuts,YieldingYams,3832335
2026-07-14T23:08:18.755697,2026-07-14T23:08:18.760391+00:00,66.9,27,ask,Sze-Yong Ng,WavyWalnuts,3832412
2026-07-14T23:08:18.755697,2026-07-14T23:08:18.760391+00:00,66.8,173,ask,YieldingYams,WavyWalnuts,3832413
2026-07-14T23:08:19.965405,2026-07-14T23:08:19.974261+00:00,66.9,200,ask,YieldingYams,WavyWalnuts,3832429
2026-07-14T23:08:23.232859,2026-07-14T23:08:23.240937+00:00,67.0,80,bid,YieldingYams,Kelvin Chan,3832469
2026-07-14T23:08:23.232859,2026-07-14T23:08:23.240937+00:00,67.0,200,bid,YieldingYams,WavyWalnuts,3832470
2026-07-14T23:08:23.594858,2026-07-14T23:08:23.605475+00:00,67.0,200,ask,YieldingYams,WavyWalnuts,3832478
2026-07-14T23:08:25.600329,2026-07-14T23:08:25.607446+00:00,66.9,1,bid,Lam Anh Pham,WavyWalnuts,3832511
2026-07-14T23:08:25.848100,2026-07-14T23:08:25.852272+00:00,66.9,25,bid,Dinh Nguyen,WavyWalnuts,3832514
2026-07-14T23:08:25.854620,2026-07-14T23:08:25.862936+00:00,66.9,174,bid,YieldingYams,WavyWalnuts,3832515
2026-07-14T23:08:26.010539,2026-07-14T23:08:26.012471+00:00,67.0,200,ask,YieldingYams,WavyWalnuts,3832517
2026-07-14T23:08:26.617708,2026-07-14T23:08:26.627831+00:00,67.0,2,ask,YieldingYams,Lam Anh Pham,3832524
2026-07-14T23:08:27.173013,2026-07-14T23:08:27.184851+00:00,67.0,15,ask,Sze-Yong Ng,YieldingYams,3832542
2026-07-14T23:08:27.173013,2026-07-14T23:08:27.184851+00:00,66.7,200,ask,WavyWalnuts,YieldingYams,3832543
2026-07-14T23:08:27.173013,2026-07-14T23:08:27.184851+00:00,66.7,410,ask,AverageAlmonds,YieldingYams,3832544
2026-07-14T23:08:28.427211,2026-07-14T23:08:28.441439+00:00,67.0,28,bid,WavyWalnuts,Kelvin Chan,3832557
2026-07-14T23:08:28.715098,2026-07-14T23:08:28.723114+00:00,67.1,1,bid,Lam Anh Pham,AverageAlmonds,3832562
2026-07-14T23:08:30.849004,2026-07-14T23:08:30.858179+00:00,67.1,42,bid,WavyWalnuts,Sze-Yong Ng,3832593
2026-07-14T23:08:30.849004,2026-07-14T23:08:30.858179+00:00,67.1,158,bid,WavyWalnuts,YieldingYams,3832594
2026-07-14T23:08:31.100569,2026-07-14T23:08:31.111484+00:00,67.1,500,bid,YieldingYams,AverageAlmonds,3832597
2026-07-14T23:08:31.100569,2026-07-14T23:08:31.111484+00:00,67.2,125,bid,YieldingYams,WavyWalnuts,3832598
2026-07-14T23:08:31.730901,2026-07-14T23:08:31.733310+00:00,67.0,1,bid,Lam Anh Pham,AverageAlmonds,3832606
2026-07-14T23:08:32.057932,2026-07-14T23:08:32.063491+00:00,67.0,200,bid,WavyWalnuts,AverageAlmonds,3832612
2026-07-14T23:08:32.362195,2026-07-14T23:08:32.364829+00:00,67.0,25,bid,Dinh Nguyen,AverageAlmonds,3832618
2026-07-14T23:08:32.412484,2026-07-14T23:08:32.418135+00:00,67.0,275,bid,YieldingYams,AverageAlmonds,3832620
2026-07-14T23:08:32.743402,2026-07-14T23:08:32.747760+00:00,67.0,1,ask,YieldingYams,Lam Anh Pham,3832633
2026-07-14T23:08:33.725938,2026-07-14T23:08:33.747588+00:00,67.0,42,ask,Sze-Yong Ng,YieldingYams,3832640
2026-07-14T23:08:33.725938,2026-07-14T23:08:33.747588+00:00,67.0,200,ask,WavyWalnuts,YieldingYams,3832641
2026-07-14T23:08:33.800642,2026-07-14T23:08:33.811560+00:00,67.0,1,bid,Lam Anh Pham,YieldingYams,3832646
2026-07-14T23:08:34.898684,2026-07-14T23:08:34.909556+00:00,66.8,5,ask,YieldingYams,Lam Anh Pham,3832667
2026-07-14T23:08:35.037107,2026-07-14T23:08:35.046943+00:00,66.9,200,bid,YieldingYams,WavyWalnuts,3832673
2026-07-14T23:08:35.037107,2026-07-14T23:08:35.046943+00:00,67.1,425,bid,YieldingYams,AverageAlmonds,3832674
2026-07-14T23:08:35.911595,2026-07-14T23:08:35.916824+00:00,66.8,12,ask,Kelvin Chan,Lam Anh Pham,3832690
2026-07-14T23:08:36.713211,2026-07-14T23:08:36.724774+00:00,67.0,20,bid,BrilliantBurritos,WavyWalnuts,3832706
2026-07-14T23:08:40.287894,2026-07-14T23:08:40.306094+00:00,66.9,200,ask,WavyWalnuts,YieldingYams,3832767
2026-07-14T23:08:40.894129,2026-07-14T23:08:40.902747+00:00,66.8,25,bid,Lam Anh Pham,WavyWalnuts,3832775
2026-07-14T23:08:40.932808,2026-07-14T23:08:40.945200+00:00,66.8,25,bid,Dinh Nguyen,WavyWalnuts,3832776
2026-07-14T23:08:41.596761,2026-07-14T23:08:41.599975+00:00,66.8,150,bid,YieldingYams,WavyWalnuts,3832788
2026-07-14T23:08:41.728219,2026-07-14T23:08:41.737529+00:00,66.9,200,ask,YieldingYams,WavyWalnuts,3832793
2026-07-14T23:08:42.907897,2026-07-14T23:08:42.919362+00:00,66.9,32,ask,Sze-Yong Ng,YieldingYams,3832813
2026-07-14T23:08:42.907897,2026-07-14T23:08:42.919362+00:00,66.8,200,ask,WavyWalnuts,YieldingYams,3832814
2026-07-14T23:08:42.932244,2026-07-14T23:08:42.941044+00:00,66.8,200,bid,WavyWalnuts,YieldingYams,3832815
2026-07-14T23:08:42.989983,2026-07-14T23:08:42.995336+00:00,66.7,13,ask,YieldingYams,Lam Anh Pham,3832816
2026-07-14T23:08:44.143552,2026-07-14T23:08:44.153980+00:00,66.7,200,ask,YieldingYams,WavyWalnuts,3832826
2026-07-14T23:08:45.004243,2026-07-14T23:08:45.014482+00:00,67.0,4,bid,Lam Anh Pham,YieldingYams,3832851
2026-07-14T23:08:46.559526,2026-07-14T23:08:46.570715+00:00,66.9,200,ask,YieldingYams,WavyWalnuts,3832878
2026-07-14T23:08:47.016759,2026-07-14T23:08:47.024752+00:00,67.0,4,bid,Lam Anh Pham,Sze-Yong Ng,3832885
2026-07-14T23:08:47.402172,2026-07-14T23:08:47.408797+00:00,67.0,9,bid,Dinh Nguyen,Sze-Yong Ng,3832899
2026-07-14T23:08:47.657157,2026-07-14T23:08:47.660955+00:00,67.1,2,bid,Dinh Nguyen,YieldingYams,3832906
2026-07-14T23:08:47.774006,2026-07-14T23:08:47.784035+00:00,66.9,200,ask,YieldingYams,WavyWalnuts,3832912
2026-07-14T23:08:48.148947,2026-07-14T23:08:48.154738+00:00,66.9,80,ask,Kelvin Chan,YieldingYams,3832920
2026-07-14T23:08:48.982392,2026-07-14T23:08:48.992351+00:00,66.7,200,ask,YieldingYams,WavyWalnuts,3832934
2026-07-14T23:08:49.157215,2026-07-14T23:08:49.161009+00:00,66.9,25,bid,Dinh Nguyen,YieldingYams,3832935
2026-07-14T23:08:50.191185,2026-07-14T23:08:50.198268+00:00,66.7,13,ask,Sze-Yong Ng,WavyWalnuts,3832948
2026-07-14T23:08:50.668123,2026-07-14T23:08:50.675775+00:00,66.6,2,ask,YieldingYams,Dinh Nguyen,3832955
2026-07-14T23:08:51.033238,2026-07-14T23:08:51.040272+00:00,66.7,5,bid,Lam Anh Pham,WavyWalnuts,3832961
2026-07-14T23:08:51.963410,2026-07-14T23:08:51.973541+00:00,66.6,2,ask,YieldingYams,Dinh Nguyen,3832977
2026-07-14T23:08:53.472152,2026-07-14T23:08:53.481754+00:00,66.7,25,bid,Dinh Nguyen,WavyWalnuts,3832998
2026-07-14T23:08:55.023717,2026-07-14T23:08:55.031225+00:00,66.7,80,bid,WavyWalnuts,Kelvin Chan,3833021
2026-07-14T23:08:55.023717,2026-07-14T23:08:55.031225+00:00,66.7,120,bid,WavyWalnuts,YieldingYams,3833022
2026-07-14T23:08:55.257114,2026-07-14T23:08:55.259276+00:00,66.7,25,bid,Dinh Nguyen,YieldingYams,3833027
2026-07-14T23:08:56.091286,2026-07-14T23:08:56.093833+00:00,66.6,9,ask,AverageAlmonds,Lam Anh Pham,3833040
2026-07-14T23:08:56.234725,2026-07-14T23:08:56.239111+00:00,66.7,200,bid,WavyWalnuts,YieldingYams,3833045
2026-07-14T23:08:56.766149,2026-07-14T23:08:56.771055+00:00,66.6,1,ask,AverageAlmonds,Dinh Nguyen,3833052
2026-07-14T23:08:57.315793,2026-07-14T23:08:57.331534+00:00,66.7,13,bid,YieldingYams,Sze-Yong Ng,3833058
2026-07-14T23:08:58.638954,2026-07-14T23:08:58.642866+00:00,66.7,52,ask,Kelvin Chan,YieldingYams,3833081
2026-07-14T23:08:58.638954,2026-07-14T23:08:58.653899+00:00,66.7,28,ask,Kelvin Chan,YieldingYams,3833082
2026-07-14T23:08:59.863002,2026-07-14T23:08:59.868489+00:00,66.6,200,ask,YieldingYams,WavyWalnuts,3833101
2026-07-14T23:09:01.071118,2026-07-14T23:09:01.073217+00:00,66.6,200,ask,YieldingYams,WavyWalnuts,3833116
2026-07-14T23:09:02.280051,2026-07-14T23:09:02.289163+00:00,66.6,4,ask,Kelvin Chan,WavyWalnuts,3833135
2026-07-14T23:09:02.280051,2026-07-14T23:09:02.289163+00:00,66.6,196,ask,YieldingYams,WavyWalnuts,3833136
2026-07-14T23:09:02.550927,2026-07-14T23:09:02.558439+00:00,66.7,20,bid,BrilliantBurritos,Sze-Yong Ng,3833141
2026-07-14T23:09:03.489999,2026-07-14T23:09:03.491889+00:00,66.5,200,ask,YieldingYams,WavyWalnuts,3833157
2026-07-14T23:09:03.881659,2026-07-14T23:09:03.888754+00:00,66.5,500,ask,AverageAlmonds,YieldingYams,3833160
2026-07-14T23:09:03.881659,2026-07-14T23:09:03.888754+00:00,66.4,125,ask,WavyWalnuts,YieldingYams,3833161
2026-07-14T23:09:04.411887,2026-07-14T23:09:04.417802+00:00,66.7,3,bid,BrilliantBurritos,Sze-Yong Ng,3833163
2026-07-14T23:09:05.189380,2026-07-14T23:09:05.193947+00:00,66.6,200,bid,YieldingYams,WavyWalnuts,3833175
2026-07-14T23:09:05.910445,2026-07-14T23:09:05.920323+00:00,66.6,200,ask,YieldingYams,WavyWalnuts,3833188
2026-07-14T23:09:07.116943,2026-07-14T23:09:07.121813+00:00,66.7,200,bid,WavyWalnuts,YieldingYams,3833195
2026-07-14T23:09:09.135780,2026-07-14T23:09:09.149788+00:00,66.7,38,bid,YieldingYams,Sze-Yong Ng,3833226
2026-07-14T23:09:09.135780,2026-07-14T23:09:09.149788+00:00,66.7,80,bid,YieldingYams,Kelvin Chan,3833227
2026-07-14T23:09:09.135780,2026-07-14T23:09:09.149788+00:00,66.8,200,bid,YieldingYams,WavyWalnuts,3833228
2026-07-14T23:09:09.198920,2026-07-14T23:09:09.208334+00:00,66.8,9,ask,YieldingYams,Lam Anh Pham,3833232
2026-07-14T23:09:09.535481,2026-07-14T23:09:09.544889+00:00,66.8,200,ask,YieldingYams,WavyWalnuts,3833240
2026-07-14T23:09:10.030182,2026-07-14T23:09:10.039386+00:00,66.8,25,ask,YieldingYams,Dinh Nguyen,3833253
2026-07-14T23:09:10.533165,2026-07-14T23:09:10.543960+00:00,66.7,2,bid,Dinh Nguyen,YieldingYams,3833260
2026-07-14T23:09:10.741345,2026-07-14T23:09:10.743784+00:00,66.7,200,bid,WavyWalnuts,YieldingYams,3833261
2026-07-14T23:09:11.795434,2026-07-14T23:09:11.797101+00:00,66.7,2,bid,Dinh Nguyen,Sze-Yong Ng,3833274
2026-07-14T23:09:11.975394,2026-07-14T23:09:11.987443+00:00,66.7,59,bid,WavyWalnuts,Sze-Yong Ng,3833275
2026-07-14T23:09:11.975394,2026-07-14T23:09:11.987443+00:00,66.7,141,bid,WavyWalnuts,YieldingYams,3833276
2026-07-14T23:09:13.049133,2026-07-14T23:09:13.056759+00:00,66.7,2,bid,Dinh Nguyen,YieldingYams,3833291
2026-07-14T23:09:13.191207,2026-07-14T23:09:13.196558+00:00,66.7,200,ask,YieldingYams,WavyWalnuts,3833293
2026-07-14T23:09:14.408317,2026-07-14T23:09:14.415008+00:00,66.7,200,ask,YieldingYams,WavyWalnuts,3833310
2026-07-14T23:09:15.574679,2026-07-14T23:09:15.594432+00:00,66.9,2,bid,Dinh Nguyen,Kelvin Chan,3833325
2026-07-14T23:09:16.218884,2026-07-14T23:09:16.227346+00:00,66.8,9,bid,Lam Anh Pham,WavyWalnuts,3833340
2026-07-14T23:09:16.840141,2026-07-14T23:09:16.846701+00:00,66.8,2,bid,Dinh Nguyen,YieldingYams,3833347
2026-07-14T23:09:18.093118,2026-07-14T23:09:18.098105+00:00,66.8,2,bid,Dinh Nguyen,YieldingYams,3833355
2026-07-14T23:09:18.329626,2026-07-14T23:09:18.332984+00:00,66.7,61,ask,Sze-Yong Ng,YieldingYams,3833357
2026-07-14T23:09:19.349157,2026-07-14T23:09:19.353300+00:00,66.7,2,bid,Dinh Nguyen,YieldingYams,3833372
2026-07-14T23:09:19.639189,2026-07-14T23:09:19.645620+00:00,66.6,500,ask,AverageAlmonds,YieldingYams,3833376
2026-07-14T23:09:19.639189,2026-07-14T23:09:19.645620+00:00,66.6,125,ask,WavyWalnuts,YieldingYams,3833377
2026-07-14T23:09:20.603189,2026-07-14T23:09:20.605809+00:00,67.0,2,bid,Dinh Nguyen,WavyWalnuts,3833387
2026-07-14T23:09:21.859237,2026-07-14T23:09:21.863456+00:00,67.0,2,bid,Dinh Nguyen,YieldingYams,3833409
2026-07-14T23:09:22.261550,2026-07-14T23:09:22.274297+00:00,66.9,200,ask,WavyWalnuts,YieldingYams,3833412
2026-07-14T23:09:22.314769,2026-07-14T23:09:22.318469+00:00,66.9,1,bid,Lam Anh Pham,YieldingYams,3833416
2026-07-14T23:09:22.876340,2026-07-14T23:09:22.884078+00:00,66.9,200,bid,WavyWalnuts,YieldingYams,3833425
2026-07-14T23:09:23.469182,2026-07-14T23:09:23.477385+00:00,66.9,25,bid,Dinh Nguyen,YieldingYams,3833432
2026-07-14T23:09:23.720232,2026-07-14T23:09:23.730934+00:00,67.0,2,bid,Dinh Nguyen,WavyWalnuts,3833436
2026-07-14T23:09:24.088531,2026-07-14T23:09:24.092178+00:00,66.9,200,ask,YieldingYams,WavyWalnuts,3833441
2026-07-14T23:09:24.401068,2026-07-14T23:09:24.411667+00:00,66.9,1,ask,YieldingYams,Lam Anh Pham,3833444
2026-07-14T23:09:24.975184,2026-07-14T23:09:24.986385+00:00,67.0,2,bid,Dinh Nguyen,AverageAlmonds,3833451
2026-07-14T23:09:25.296004,2026-07-14T23:09:25.303463+00:00,66.9,42,ask,Sze-Yong Ng,WavyWalnuts,3833453
2026-07-14T23:09:25.296004,2026-07-14T23:09:25.303463+00:00,66.9,158,ask,YieldingYams,WavyWalnuts,3833454
2026-07-14T23:09:26.240151,2026-07-14T23:09:26.248347+00:00,67.1,1,bid,Dinh Nguyen,AverageAlmonds,3833473
2026-07-14T23:09:26.507845,2026-07-14T23:09:26.517790+00:00,66.9,80,ask,Kelvin Chan,WavyWalnuts,3833477
2026-07-14T23:09:26.507845,2026-07-14T23:09:26.517790+00:00,66.9,120,ask,YieldingYams,WavyWalnuts,3833478
2026-07-14T23:09:27.717603,2026-07-14T23:09:27.725455+00:00,66.8,200,ask,YieldingYams,WavyWalnuts,3833499
2026-07-14T23:09:28.421467,2026-07-14T23:09:28.433691+00:00,67.0,1,bid,Lam Anh Pham,YieldingYams,3833506
2026-07-14T23:09:28.927787,2026-07-14T23:09:28.938769+00:00,66.8,200,ask,YieldingYams,WavyWalnuts,3833517
2026-07-14T23:09:30.492542,2026-07-14T23:09:30.499937+00:00,66.7,15,bid,Lam Anh Pham,YieldingYams,3833540
2026-07-14T23:09:32.524961,2026-07-14T23:09:32.533114+00:00,66.8,9,bid,Lam Anh Pham,WavyWalnuts,3833571
2026-07-14T23:09:32.768965,2026-07-14T23:09:32.784170+00:00,66.8,200,bid,YieldingYams,WavyWalnuts,3833575
2026-07-14T23:09:34.084409,2026-07-14T23:09:34.086057+00:00,66.9,41,ask,Sze-Yong Ng,YieldingYams,3833603
2026-07-14T23:09:34.603465,2026-07-14T23:09:34.607579+00:00,66.9,21,bid,Lam Anh Pham,YieldingYams,3833618
2026-07-14T23:09:34.984796,2026-07-14T23:09:34.987096+00:00,66.8,200,ask,YieldingYams,WavyWalnuts,3833625
2026-07-14T23:09:35.037361,2026-07-14T23:09:35.040312+00:00,66.9,20,bid,BrilliantBurritos,YieldingYams,3833627
2026-07-14T23:09:35.394809,2026-07-14T23:09:35.398249+00:00,66.8,17,ask,Sze-Yong Ng,YieldingYams,3833629
2026-07-14T23:09:36.191220,2026-07-14T23:09:36.200397+00:00,66.8,200,bid,WavyWalnuts,YieldingYams,3833640
2026-07-14T23:09:37.966109,2026-07-14T23:09:37.975955+00:00,66.8,200,bid,AverageAlmonds,WavyWalnuts,3833662
2026-07-14T23:09:38.019873,2026-07-14T23:09:38.028965+00:00,66.8,300,ask,AverageAlmonds,YieldingYams,3833665
2026-07-14T23:09:38.564614,2026-07-14T23:09:38.575878+00:00,66.8,325,bid,AverageAlmonds,YieldingYams,3833671
2026-07-14T23:09:38.610884,2026-07-14T23:09:38.614118+00:00,66.8,175,ask,AverageAlmonds,WavyWalnuts,3833675
2026-07-14T23:09:39.164567,2026-07-14T23:09:39.171314+00:00,66.8,25,bid,AverageAlmonds,WavyWalnuts,3833682
2026-07-14T23:09:42.412416,2026-07-14T23:09:42.420200+00:00,66.8,20,bid,BrilliantBurritos,YieldingYams,3833718
2026-07-14T23:09:43.260642,2026-07-14T23:09:43.263930+00:00,66.7,200,ask,WavyWalnuts,YieldingYams,3833727
2026-07-14T23:09:43.260642,2026-07-14T23:09:43.274551+00:00,66.7,425,ask,AverageAlmonds,YieldingYams,3833728
2026-07-14T23:09:44.524887,2026-07-14T23:09:44.531019+00:00,66.9,20,bid,BrilliantBurritos,WavyWalnuts,3833747
2026-07-14T23:09:44.662875,2026-07-14T23:09:44.664770+00:00,66.8,200,ask,YieldingYams,WavyWalnuts,3833752
2026-07-14T23:09:47.093265,2026-07-14T23:09:47.100029+00:00,66.8,200,bid,WavyWalnuts,YieldingYams,3833775
2026-07-14T23:09:48.699287,2026-07-14T23:09:48.702189+00:00,66.8,17,bid,Lam Anh Pham,Sze-Yong Ng,3833795
2026-07-14T23:09:48.699287,2026-07-14T23:09:48.712938+00:00,66.8,18,bid,Lam Anh Pham,WavyWalnuts,3833796
2026-07-14T23:09:50.716828,2026-07-14T23:09:50.720666+00:00,66.7,18,ask,WavyWalnuts,Lam Anh Pham,3833821
2026-07-14T23:09:51.134668,2026-07-14T23:09:51.143351+00:00,66.8,200,bid,YieldingYams,WavyWalnuts,3833828
2026-07-14T23:09:51.735163,2026-07-14T23:09:51.746952+00:00,66.8,8,ask,YieldingYams,Lam Anh Pham,3833833
2026-07-14T23:09:51.932517,2026-07-14T23:09:51.937269+00:00,66.9,200,bid,WavyWalnuts,YieldingYams,3833842
2026-07-14T23:09:52.486426,2026-07-14T23:09:52.489009+00:00,66.9,500,bid,AverageAlmonds,YieldingYams,3833853
2026-07-14T23:09:53.077836,2026-07-14T23:09:53.101854+00:00,66.9,125,bid,AverageAlmonds,YieldingYams,3833861
2026-07-14T23:09:53.142060,2026-07-14T23:09:53.144129+00:00,66.9,200,ask,AverageAlmonds,WavyWalnuts,3833863
2026-07-14T23:09:53.796773,2026-07-14T23:09:53.805214+00:00,67.0,10,ask,YieldingYams,Lam Anh Pham,3833884
2026-07-14T23:09:54.354411,2026-07-14T23:09:54.365001+00:00,67.0,200,ask,YieldingYams,WavyWalnuts,3833897
2026-07-14T23:09:54.817953,2026-07-14T23:09:54.829867+00:00,67.0,13,ask,YieldingYams,Lam Anh Pham,3833903
2026-07-14T23:09:55.005516,2026-07-14T23:09:55.009218+00:00,67.2,20,bid,BrilliantBurritos,YieldingYams,3833908
2026-07-14T23:09:55.562045,2026-07-14T23:09:55.570426+00:00,67.0,200,ask,YieldingYams,WavyWalnuts,3833919
2026-07-14T23:09:57.983336,2026-07-14T23:09:57.987011+00:00,66.9,200,ask,AverageAlmonds,WavyWalnuts,3833949
2026-07-14T23:09:58.534738,2026-07-14T23:09:58.546482+00:00,67.0,500,bid,AverageAlmonds,YieldingYams,3833961
2026-07-14T23:09:58.977381,2026-07-14T23:09:58.989162+00:00,66.8,20,ask,YieldingYams,BrilliantBurritos,3833969
2026-07-14T23:09:59.009836,2026-07-14T23:09:59.020950+00:00,67.0,22,bid,YieldingYams,Sze-Yong Ng,3833971
2026-07-14T23:09:59.192534,2026-07-14T23:09:59.200605+00:00,67.0,200,ask,YieldingYams,WavyWalnuts,3833973
2026-07-14T23:10:00.322150,2026-07-14T23:10:00.333357+00:00,67.0,500,ask,AverageAlmonds,YieldingYams,3833990
2026-07-14T23:10:00.365296,2026-07-14T23:10:00.375845+00:00,66.9,125,bid,AverageAlmonds,YieldingYams,3833991
2026-07-14T23:10:02.474447,2026-07-14T23:10:02.480239+00:00,67.2,20,bid,BrilliantBurritos,WavyWalnuts,3834016
2026-07-14T23:10:02.822389,2026-07-14T23:10:02.828282+00:00,67.2,200,bid,WavyWalnuts,YieldingYams,3834019
2026-07-14T23:10:04.248924,2026-07-14T23:10:04.259421+00:00,67.3,80,bid,YieldingYams,Kelvin Chan,3834038
2026-07-14T23:10:04.248924,2026-07-14T23:10:04.259421+00:00,67.3,500,bid,YieldingYams,AverageAlmonds,3834039
2026-07-14T23:10:04.248924,2026-07-14T23:10:04.259421+00:00,67.3,45,bid,YieldingYams,WavyWalnuts,3834040
2026-07-14T23:10:04.890947,2026-07-14T23:10:04.895480+00:00,67.2,32,ask,WavyWalnuts,Lam Anh Pham,3834051
2026-07-14T23:10:05.562095,2026-07-14T23:10:05.564620+00:00,67.2,200,ask,WavyWalnuts,YieldingYams,3834060
2026-07-14T23:10:05.903236,2026-07-14T23:10:05.912915+00:00,67.0,4,ask,YieldingYams,Lam Anh Pham,3834067
2026-07-14T23:10:06.644270,2026-07-14T23:10:06.653733+00:00,67.0,25,ask,YieldingYams,Dinh Nguyen,3834073
2026-07-14T23:10:07.041701,2026-07-14T23:10:07.043793+00:00,66.9,20,ask,WavyWalnuts,BrilliantBurritos,3834079
2026-07-14T23:10:07.660330,2026-07-14T23:10:07.666912+00:00,66.9,200,ask,YieldingYams,WavyWalnuts,3834089
2026-07-14T23:10:08.182480,2026-07-14T23:10:08.208927+00:00,66.9,80,ask,Kelvin Chan,YieldingYams,3834101
2026-07-14T23:10:08.182480,2026-07-14T23:10:08.208927+00:00,66.9,500,ask,AverageAlmonds,YieldingYams,3834102
2026-07-14T23:10:08.226971,2026-07-14T23:10:08.230318+00:00,66.9,45,bid,AverageAlmonds,YieldingYams,3834108
2026-07-14T23:10:08.226971,2026-07-14T23:10:08.240961+00:00,66.9,42,bid,AverageAlmonds,Sze-Yong Ng,3834109
2026-07-14T23:10:12.124423,2026-07-14T23:10:12.138361+00:00,66.9,200,ask,WavyWalnuts,YieldingYams,3834159
2026-07-14T23:10:12.124423,2026-07-14T23:10:12.138361+00:00,66.9,425,ask,AverageAlmonds,YieldingYams,3834160
2026-07-14T23:10:13.159682,2026-07-14T23:10:13.167652+00:00,66.9,25,ask,WavyWalnuts,Dinh Nguyen,3834177
2026-07-14T23:10:13.712387,2026-07-14T23:10:13.728943+00:00,67.1,80,bid,WavyWalnuts,Sze-Yong Ng,3834188
2026-07-14T23:10:13.994723,2026-07-14T23:10:14.002212+00:00,67.1,7,ask,WavyWalnuts,Lam Anh Pham,3834194
2026-07-14T23:10:14.675686,2026-07-14T23:10:14.679192+00:00,67.1,25,ask,WavyWalnuts,Dinh Nguyen,3834207
2026-07-14T23:10:14.742280,2026-07-14T23:10:14.753126+00:00,67.1,88,ask,WavyWalnuts,YieldingYams,3834208
2026-07-14T23:10:16.129959,2026-07-14T23:10:16.140595+00:00,67.1,21,bid,WavyWalnuts,Sze-Yong Ng,3834227
2026-07-14T23:10:16.129959,2026-07-14T23:10:16.140595+00:00,67.1,179,bid,WavyWalnuts,YieldingYams,3834228
2026-07-14T23:10:18.012397,2026-07-14T23:10:18.024121+00:00,67.2,12,bid,Lam Anh Pham,WavyWalnuts,3834255
2026-07-14T23:10:18.681554,2026-07-14T23:10:18.689783+00:00,67.2,80,ask,YieldingYams,Kelvin Chan,3834261
2026-07-14T23:10:19.090770,2026-07-14T23:10:19.101924+00:00,67.2,10,ask,YieldingYams,Lam Anh Pham,3834263
2026-07-14T23:10:19.246787,2026-07-14T23:10:19.250027+00:00,67.2,25,ask,YieldingYams,Dinh Nguyen,3834267
2026-07-14T23:10:19.774096,2026-07-14T23:10:19.776187+00:00,67.2,200,ask,YieldingYams,WavyWalnuts,3834279
2026-07-14T23:10:20.817727,2026-07-14T23:10:20.827570+00:00,67.0,25,ask,WavyWalnuts,Dinh Nguyen,3834290
2026-07-14T23:10:21.312369,2026-07-14T23:10:21.324055+00:00,67.1,200,ask,WavyWalnuts,YieldingYams,3834297
2026-07-14T23:10:22.331977,2026-07-14T23:10:22.334969+00:00,67.0,25,ask,WavyWalnuts,Dinh Nguyen,3834314
2026-07-14T23:10:22.626440,2026-07-14T23:10:22.630946+00:00,67.0,175,ask,WavyWalnuts,YieldingYams,3834320
2026-07-14T23:10:23.842735,2026-07-14T23:10:23.853283+00:00,66.9,25,ask,YieldingYams,Dinh Nguyen,3834339
2026-07-14T23:10:25.246754,2026-07-14T23:10:25.256387+00:00,67.0,50,ask,Kelvin Chan,YieldingYams,3834356
2026-07-14T23:10:25.246754,2026-07-14T23:10:25.256387+00:00,67.0,200,ask,WavyWalnuts,YieldingYams,3834357
2026-07-14T23:10:25.246754,2026-07-14T23:10:25.256387+00:00,67.0,30,ask,Kelvin Chan,YieldingYams,3834358
2026-07-14T23:10:25.826267,2026-07-14T23:10:25.834832+00:00,67.0,200,bid,WavyWalnuts,YieldingYams,3834362
2026-07-14T23:10:26.557120,2026-07-14T23:10:26.560123+00:00,67.1,200,bid,YieldingYams,WavyWalnuts,3834370
2026-07-14T23:10:26.557120,2026-07-14T23:10:26.570760+00:00,67.2,425,bid,YieldingYams,AverageAlmonds,3834371
2026-07-14T23:10:26.790666,2026-07-14T23:10:26.801763+00:00,67.2,20,bid,BrilliantBurritos,AverageAlmonds,3834375
2026-07-14T23:10:27.868460,2026-07-14T23:10:27.879406+00:00,67.0,200,ask,WavyWalnuts,YieldingYams,3834387
2026-07-14T23:10:27.868460,2026-07-14T23:10:27.879406+00:00,66.8,425,ask,AverageAlmonds,YieldingYams,3834388
2026-07-14T23:10:29.178235,2026-07-14T23:10:29.193202+00:00,67.2,50,bid,YieldingYams,Kelvin Chan,3834404
2026-07-14T23:10:29.178235,2026-07-14T23:10:29.193202+00:00,67.2,200,bid,YieldingYams,WavyWalnuts,3834405
2026-07-14T23:10:29.178235,2026-07-14T23:10:29.193202+00:00,67.2,30,bid,YieldingYams,Kelvin Chan,3834406
2026-07-14T23:10:30.055986,2026-07-14T23:10:30.067163+00:00,67.2,345,ask,YieldingYams,AverageAlmonds,3834419
2026-07-14T23:10:30.097845,2026-07-14T23:10:30.109348+00:00,67.1,20,ask,WavyWalnuts,BrilliantBurritos,3834421
2026-07-14T23:10:30.119743,2026-07-14T23:10:30.130460+00:00,67.1,7,ask,WavyWalnuts,Lam Anh Pham,3834423
2026-07-14T23:10:30.493046,2026-07-14T23:10:30.497987+00:00,67.1,173,ask,WavyWalnuts,YieldingYams,3834426
2026-07-14T23:10:30.671417,2026-07-14T23:10:30.677438+00:00,67.0,200,bid,WavyWalnuts,YieldingYams,3834428
2026-07-14T23:10:31.879376,2026-07-14T23:10:31.890592+00:00,67.0,18,bid,WavyWalnuts,Sze-Yong Ng,3834436
2026-07-14T23:10:31.879376,2026-07-14T23:10:31.890592+00:00,67.0,182,bid,WavyWalnuts,YieldingYams,3834437
2026-07-14T23:10:33.089815,2026-07-14T23:10:33.099099+00:00,67.0,200,bid,WavyWalnuts,YieldingYams,3834451
2026-07-14T23:10:35.207261,2026-07-14T23:10:35.216455+00:00,67.0,9,ask,YieldingYams,Lam Anh Pham,3834471
2026-07-14T23:10:35.518269,2026-07-14T23:10:35.523678+00:00,67.0,200,ask,YieldingYams,WavyWalnuts,3834478
2026-07-14T23:10:35.734046,2026-07-14T23:10:35.735965+00:00,67.0,80,ask,Kelvin Chan,YieldingYams,3834481
2026-07-14T23:10:35.734046,2026-07-14T23:10:35.746624+00:00,67.0,500,ask,AverageAlmonds,YieldingYams,3834482
2026-07-14T23:10:36.096560,2026-07-14T23:10:36.107075+00:00,66.9,45,bid,AverageAlmonds,YieldingYams,3834489
2026-07-14T23:10:39.150266,2026-07-14T23:10:39.155346+00:00,67.1,200,bid,WavyWalnuts,YieldingYams,3834536
2026-07-14T23:10:40.983598,2026-07-14T23:10:40.997914+00:00,67.2,200,ask,WavyWalnuts,YieldingYams,3834570
2026-07-14T23:10:42.293774,2026-07-14T23:10:42.297814+00:00,67.3,200,bid,YieldingYams,WavyWalnuts,3834582
