timestamp,recv_time,price,volume,aggressor_side,buyer,seller,trade_id
2026-07-04T05:00:02.026721,2026-07-04T05:00:02.037640+00:00,146.1,20,ask,YieldingYams,BrilliantBurritos,6592391
2026-07-04T05:00:03.596348,2026-07-04T05:00:03.604506+00:00,146.3,200,bid,YieldingYams,WavyWalnuts,6592404
2026-07-04T05:00:07.282082,2026-07-04T05:00:07.289146+00:00,146.5,200,ask,YieldingYams,WavyWalnuts,6592452
2026-07-04T05:00:08.505780,2026-07-04T05:00:08.509255+00:00,146.6,12,bid,Xuanyu Liu,WavyWalnuts,6592471
2026-07-04T05:00:08.832483,2026-07-04T05:00:08.840456+00:00,146.6,188,bid,YieldingYams,WavyWalnuts,6592476
2026-07-04T05:00:10.297872,2026-07-04T05:00:10.308351+00:00,146.7,10,bid,BrilliantBurritos,Richard Zhang,6592494
2026-07-04T05:00:11.450609,2026-07-04T05:00:11.458855+00:00,146.7,200,bid,YieldingYams,WavyWalnuts,6592516
2026-07-04T05:00:14.558624,2026-07-04T05:00:14.570234+00:00,146.6,200,bid,WavyWalnuts,YieldingYams,6592557
2026-07-04T05:00:17.540598,2026-07-04T05:00:17.551976+00:00,146.4,500,ask,YieldingYams,AverageAlmonds,6592592
2026-07-04T05:00:18.011209,2026-07-04T05:00:18.019617+00:00,146.4,200,ask,WavyWalnuts,YieldingYams,6592601
2026-07-04T05:00:23.263749,2026-07-04T05:00:23.274491+00:00,146.3,200,ask,WavyWalnuts,YieldingYams,6592672
2026-07-04T05:00:24.247858,2026-07-04T05:00:24.268316+00:00,146.3,200,bid,WavyWalnuts,YieldingYams,6592683
2026-07-04T05:00:26.668597,2026-07-04T05:00:26.679645+00:00,146.5,200,bid,WavyWalnuts,YieldingYams,6592720
2026-07-04T05:00:27.470479,2026-07-04T05:00:27.474232+00:00,146.5,14,bid,Xuanyu Liu,AverageAlmonds,6592732
2026-07-04T05:00:27.877024,2026-07-04T05:00:27.887691+00:00,146.4,200,bid,WavyWalnuts,AverageAlmonds,6592734
2026-07-04T05:00:29.855455,2026-07-04T05:00:29.857108+00:00,146.3,200,ask,WavyWalnuts,YieldingYams,6592766
2026-07-04T05:00:36.288949,2026-07-04T05:00:36.297998+00:00,146.5,500,ask,YieldingYams,AverageAlmonds,6592839
2026-07-04T05:00:36.420814,2026-07-04T05:00:36.432389+00:00,146.5,200,ask,WavyWalnuts,YieldingYams,6592842
2026-07-04T05:00:39.197657,2026-07-04T05:00:39.206153+00:00,146.3,20,ask,WavyWalnuts,BrilliantBurritos,6592877
2026-07-04T05:00:39.903050,2026-07-04T05:00:39.913206+00:00,146.3,180,ask,WavyWalnuts,AverageAlmonds,6592879
2026-07-04T05:00:39.903050,2026-07-04T05:00:39.913206+00:00,146.3,320,ask,YieldingYams,AverageAlmonds,6592880
2026-07-04T05:00:41.633929,2026-07-04T05:00:41.645907+00:00,146.3,20,ask,WavyWalnuts,BrilliantBurritos,6592899
2026-07-04T05:00:42.339964,2026-07-04T05:00:42.351442+00:00,146.3,180,ask,WavyWalnuts,AverageAlmonds,6592911
2026-07-04T05:00:42.339964,2026-07-04T05:00:42.351442+00:00,146.3,320,ask,YieldingYams,AverageAlmonds,6592912
2026-07-04T05:00:42.433583,2026-07-04T05:00:42.444997+00:00,146.4,20,bid,BrilliantBurritos,WavyWalnuts,6592915
2026-07-04T05:00:42.935858,2026-07-04T05:00:42.944129+00:00,146.3,305,ask,YieldingYams,AverageAlmonds,6592919
2026-07-04T05:00:43.544852,2026-07-04T05:00:43.558939+00:00,146.1,200,ask,WavyWalnuts,AverageAlmonds,6592932
2026-07-04T05:00:43.544852,2026-07-04T05:00:43.564341+00:00,146.1,300,ask,YieldingYams,AverageAlmonds,6592933
2026-07-04T05:00:44.821714,2026-07-04T05:00:44.828866+00:00,146.1,200,bid,WavyWalnuts,YieldingYams,6592947
2026-07-04T05:00:49.675685,2026-07-04T05:00:49.683757+00:00,146.2,200,bid,WavyWalnuts,YieldingYams,6593014
2026-07-04T05:00:53.329565,2026-07-04T05:00:53.341059+00:00,146.4,20,ask,WavyWalnuts,BrilliantBurritos,6593067
2026-07-04T05:00:57.594056,2026-07-04T05:00:57.605920+00:00,146.3,20,ask,WavyWalnuts,BrilliantBurritos,6593124
2026-07-04T05:00:59.173584,2026-07-04T05:00:59.177718+00:00,146.4,14,ask,YieldingYams,Xuanyu Liu,6593144
2026-07-04T05:01:00.581323,2026-07-04T05:01:00.590084+00:00,146.5,200,bid,WavyWalnuts,YieldingYams,6593162
2026-07-04T05:01:00.753605,2026-07-04T05:01:00.761976+00:00,146.2,20,ask,YieldingYams,BrilliantBurritos,6593166
2026-07-04T05:01:05.277154,2026-07-04T05:01:05.284584+00:00,146.4,200,ask,WavyWalnuts,YieldingYams,6593229
2026-07-04T05:01:05.505859,2026-07-04T05:01:05.509659+00:00,146.2,12,ask,YieldingYams,Xuanyu Liu,6593236
2026-07-04T05:01:06.603478,2026-07-04T05:01:06.606906+00:00,146.3,11,ask,YieldingYams,Xuanyu Liu,6593254
2026-07-04T05:01:07.848796,2026-07-04T05:01:07.856337+00:00,146.3,200,ask,YieldingYams,WavyWalnuts,6593277
2026-07-04T05:01:07.912450,2026-07-04T05:01:07.916875+00:00,146.4,12,ask,YieldingYams,Xuanyu Liu,6593282
2026-07-04T05:01:10.536891,2026-07-04T05:01:10.545544+00:00,146.5,200,bid,YieldingYams,WavyWalnuts,6593315
2026-07-04T05:01:11.340444,2026-07-04T05:01:11.352227+00:00,146.6,20,bid,BrilliantBurritos,AverageAlmonds,6593331
2026-07-04T05:01:11.472594,2026-07-04T05:01:11.482028+00:00,146.5,200,ask,YieldingYams,WavyWalnuts,6593336
2026-07-04T05:01:15.009325,2026-07-04T05:01:15.020979+00:00,146.5,200,ask,WavyWalnuts,AverageAlmonds,6593376
2026-07-04T05:01:15.009325,2026-07-04T05:01:15.020979+00:00,146.5,300,ask,YieldingYams,AverageAlmonds,6593377
2026-07-04T05:01:15.405198,2026-07-04T05:01:15.408765+00:00,146.6,12,bid,Xuanyu Liu,WavyWalnuts,6593386
2026-07-04T05:01:15.606079,2026-07-04T05:01:15.613045+00:00,146.5,325,ask,YieldingYams,AverageAlmonds,6593390
2026-07-04T05:01:15.627273,2026-07-04T05:01:15.630932+00:00,146.5,11,bid,Xuanyu Liu,AverageAlmonds,6593393
2026-07-04T05:01:16.324026,2026-07-04T05:01:16.335942+00:00,146.5,20,bid,BrilliantBurritos,YieldingYams,6593399
2026-07-04T05:01:19.940542,2026-07-04T05:01:19.950610+00:00,146.4,200,bid,WavyWalnuts,YieldingYams,6593447
2026-07-04T05:01:24.997410,2026-07-04T05:01:25.001436+00:00,146.4,12,bid,Xuanyu Liu,YieldingYams,6593528
2026-07-04T05:01:28.402392,2026-07-04T05:01:28.409154+00:00,146.3,200,ask,YieldingYams,WavyWalnuts,6593579
2026-07-04T05:01:30.272834,2026-07-04T05:01:30.284677+00:00,146.4,20,bid,BrilliantBurritos,WavyWalnuts,6593604
2026-07-04T05:01:30.766273,2026-07-04T05:01:30.769697+00:00,146.4,14,bid,Xuanyu Liu,WavyWalnuts,6593608
2026-07-04T05:01:34.383104,2026-07-04T05:01:34.392794+00:00,146.3,20,ask,WavyWalnuts,BrilliantBurritos,6593658
2026-07-04T05:01:36.867010,2026-07-04T05:01:36.877273+00:00,146.4,200,bid,WavyWalnuts,YieldingYams,6593684
2026-07-04T05:01:37.064097,2026-07-04T05:01:37.067781+00:00,146.4,3,bid,Xuanyu Liu,YieldingYams,6593691
2026-07-04T05:01:38.076610,2026-07-04T05:01:38.088309+00:00,146.4,200,bid,WavyWalnuts,YieldingYams,6593700
2026-07-04T05:01:38.668758,2026-07-04T05:01:38.675560+00:00,146.5,20,bid,BrilliantBurritos,AverageAlmonds,6593711
2026-07-04T05:01:39.222572,2026-07-04T05:01:39.230233+00:00,146.4,500,ask,YieldingYams,AverageAlmonds,6593719
2026-07-04T05:01:39.442476,2026-07-04T05:01:39.458550+00:00,146.3,200,ask,WavyWalnuts,YieldingYams,6593728
2026-07-04T05:01:39.467380,2026-07-04T05:01:39.470969+00:00,146.2,23,bid,Xuanyu Liu,YieldingYams,6593732
2026-07-04T05:01:40.505132,2026-07-04T05:01:40.512010+00:00,146.2,200,bid,WavyWalnuts,YieldingYams,6593749
2026-07-04T05:01:41.716256,2026-07-04T05:01:41.727759+00:00,146.2,200,bid,WavyWalnuts,YieldingYams,6593765
2026-07-04T05:01:43.366105,2026-07-04T05:01:43.374571+00:00,146.3,500,bid,YieldingYams,AverageAlmonds,6593784
2026-07-04T05:01:43.366105,2026-07-04T05:01:43.374571+00:00,146.3,125,bid,YieldingYams,WavyWalnuts,6593785
2026-07-04T05:01:44.034806,2026-07-04T05:01:44.046462+00:00,146.3,20,bid,BrilliantBurritos,WavyWalnuts,6593793
2026-07-04T05:01:44.081162,2026-07-04T05:01:44.084810+00:00,146.2,11,bid,Xuanyu Liu,AverageAlmonds,6593796
2026-07-04T05:01:44.136402,2026-07-04T05:01:44.143801+00:00,146.2,200,bid,WavyWalnuts,AverageAlmonds,6593797
2026-07-04T05:01:45.274419,2026-07-04T05:01:45.285301+00:00,146.2,500,ask,YieldingYams,AverageAlmonds,6593809
2026-07-04T05:01:45.494356,2026-07-04T05:01:45.506266+00:00,146.2,20,ask,YieldingYams,BrilliantBurritos,6593814
2026-07-04T05:01:45.886918,2026-07-04T05:01:45.895295+00:00,146.2,105,ask,YieldingYams,AverageAlmonds,6593820
2026-07-04T05:01:45.886918,2026-07-04T05:01:45.900316+00:00,146.2,200,ask,WavyWalnuts,AverageAlmonds,6593821
2026-07-04T05:01:46.001391,2026-07-04T05:01:46.006094+00:00,146.1,12,bid,Xuanyu Liu,YieldingYams,6593825
2026-07-04T05:01:46.550963,2026-07-04T05:01:46.558573+00:00,146.1,200,bid,WavyWalnuts,YieldingYams,6593834
2026-07-04T05:01:52.923877,2026-07-04T05:01:52.931127+00:00,146.0,20,ask,WavyWalnuts,BrilliantBurritos,6593919
2026-07-04T05:01:53.859830,2026-07-04T05:01:53.870034+00:00,146.0,200,ask,WavyWalnuts,YieldingYams,6593934
2026-07-04T05:01:55.017400,2026-07-04T05:01:55.025575+00:00,146.0,200,bid,WavyWalnuts,YieldingYams,6593947
2026-07-04T05:01:56.091961,2026-07-04T05:01:56.095751+00:00,145.9,12,ask,YieldingYams,Xuanyu Liu,6593965
2026-07-04T05:01:56.490454,2026-07-04T05:01:56.493870+00:00,146.0,11,ask,YieldingYams,Xuanyu Liu,6593977
2026-07-04T05:01:57.791616,2026-07-04T05:01:57.811605+00:00,146.1,200,bid,YieldingYams,WavyWalnuts,6593995
2026-07-04T05:01:57.807665,2026-07-04T05:01:57.811605+00:00,146.1,12,ask,YieldingYams,Xuanyu Liu,6593997
2026-07-04T05:01:58.667551,2026-07-04T05:01:58.678976+00:00,146.1,200,ask,YieldingYams,WavyWalnuts,6594009
2026-07-04T05:01:59.876263,2026-07-04T05:01:59.883491+00:00,146.0,200,bid,WavyWalnuts,YieldingYams,6594020
2026-07-04T05:02:02.435897,2026-07-04T05:02:02.440378+00:00,145.9,11,ask,WavyWalnuts,Xuanyu Liu,6594056
2026-07-04T05:02:02.508420,2026-07-04T05:02:02.517523+00:00,145.9,20,ask,WavyWalnuts,BrilliantBurritos,6594057
2026-07-04T05:02:03.080345,2026-07-04T05:02:03.084895+00:00,146.0,3,ask,YieldingYams,Xuanyu Liu,6594065
2026-07-04T05:02:08.555787,2026-07-04T05:02:08.567745+00:00,146.1,20,bid,BrilliantBurritos,WavyWalnuts,6594143
2026-07-04T05:02:10.765218,2026-07-04T05:02:10.776241+00:00,146.0,200,ask,YieldingYams,WavyWalnuts,6594175
2026-07-04T05:02:11.462663,2026-07-04T05:02:11.474432+00:00,146.1,20,bid,BrilliantBurritos,AverageAlmonds,6594184
2026-07-04T05:02:11.959987,2026-07-04T05:02:11.963956+00:00,146.0,3,ask,YieldingYams,Xuanyu Liu,6594200
2026-07-04T05:02:13.565640,2026-07-04T05:02:13.572068+00:00,146.1,200,bid,YieldingYams,WavyWalnuts,6594220
2026-07-04T05:02:13.586914,2026-07-04T05:02:13.590417+00:00,146.1,11,ask,YieldingYams,Xuanyu Liu,6594224
2026-07-04T05:02:13.728401,2026-07-04T05:02:13.735717+00:00,146.1,414,ask,YieldingYams,AverageAlmonds,6594226
2026-07-04T05:02:15.080797,2026-07-04T05:02:15.084436+00:00,146.0,11,bid,Xuanyu Liu,YieldingYams,6594253
2026-07-04T05:02:17.507004,2026-07-04T05:02:17.514828+00:00,146.0,200,ask,WavyWalnuts,YieldingYams,6594290
2026-07-04T05:02:18.815383,2026-07-04T05:02:18.823138+00:00,146.0,200,bid,YieldingYams,WavyWalnuts,6594307
2026-07-04T05:02:22.764524,2026-07-04T05:02:22.768551+00:00,145.9,3,bid,Xuanyu Liu,YieldingYams,6594350
2026-07-04T05:02:24.293819,2026-07-04T05:02:24.305635+00:00,145.9,20,bid,BrilliantBurritos,YieldingYams,6594366
2026-07-04T05:02:28.132332,2026-07-04T05:02:28.144000+00:00,145.6,20,ask,AverageAlmonds,BrilliantBurritos,6594409
2026-07-04T05:02:30.625318,2026-07-04T05:02:30.643722+00:00,145.6,200,ask,WavyWalnuts,YieldingYams,6594446
2026-07-04T05:02:30.639904,2026-07-04T05:02:30.643722+00:00,145.6,3,bid,Xuanyu Liu,YieldingYams,6594448
2026-07-04T05:02:30.673528,2026-07-04T05:02:30.680130+00:00,145.6,422,bid,AverageAlmonds,YieldingYams,6594449
2026-07-04T05:02:30.913323,2026-07-04T05:02:30.916853+00:00,145.6,3,ask,AverageAlmonds,Xuanyu Liu,6594452
2026-07-04T05:02:31.369160,2026-07-04T05:02:31.379771+00:00,145.7,200,ask,AverageAlmonds,WavyWalnuts,6594456
2026-07-04T05:02:32.472621,2026-07-04T05:02:32.482730+00:00,145.7,125,bid,AverageAlmonds,YieldingYams,6594469
2026-07-04T05:02:32.494762,2026-07-04T05:02:32.497973+00:00,146.0,14,ask,AverageAlmonds,Xuanyu Liu,6594471
2026-07-04T05:02:32.577727,2026-07-04T05:02:32.591016+00:00,146.0,200,ask,AverageAlmonds,WavyWalnuts,6594473
2026-07-04T05:02:33.791196,2026-07-04T05:02:33.800472+00:00,145.9,200,ask,YieldingYams,WavyWalnuts,6594495
2026-07-04T05:02:34.025503,2026-07-04T05:02:34.029424+00:00,146.1,11,bid,Xuanyu Liu,YieldingYams,6594499
2026-07-04T05:02:34.483251,2026-07-04T05:02:34.486879+00:00,146.1,3,bid,Xuanyu Liu,YieldingYams,6594511
2026-07-04T05:02:35.000390,2026-07-04T05:02:35.007257+00:00,145.9,200,ask,AverageAlmonds,WavyWalnuts,6594522
2026-07-04T05:02:35.868521,2026-07-04T05:02:35.879413+00:00,145.9,500,ask,AverageAlmonds,YieldingYams,6594547
2026-07-04T05:02:36.119654,2026-07-04T05:02:36.126503+00:00,145.9,125,bid,AverageAlmonds,YieldingYams,6594550
2026-07-04T05:02:36.211850,2026-07-04T05:02:36.221121+00:00,145.9,200,ask,AverageAlmonds,WavyWalnuts,6594552
2026-07-04T05:02:37.421535,2026-07-04T05:02:37.431594+00:00,146.0,10,ask,Richard Zhang,WavyWalnuts,6594571
2026-07-04T05:02:37.421535,2026-07-04T05:02:37.431594+00:00,146.0,190,ask,AverageAlmonds,WavyWalnuts,6594572
2026-07-04T05:02:37.933852,2026-07-04T05:02:37.945047+00:00,146.1,500,bid,AverageAlmonds,YieldingYams,6594583
2026-07-04T05:02:38.279400,2026-07-04T05:02:38.287266+00:00,146.1,65,bid,Richard Zhang,YieldingYams,6594595
2026-07-04T05:02:38.313418,2026-07-04T05:02:38.316811+00:00,146.1,3,bid,Xuanyu Liu,YieldingYams,6594598
2026-07-04T05:02:38.527195,2026-07-04T05:02:38.536150+00:00,146.1,10,bid,AverageAlmonds,Richard Zhang,6594607
2026-07-04T05:02:38.630702,2026-07-04T05:02:38.640450+00:00,146.1,200,ask,AverageAlmonds,WavyWalnuts,6594610
2026-07-04T05:02:39.791373,2026-07-04T05:02:39.802385+00:00,146.2,500,ask,AverageAlmonds,YieldingYams,6594632
2026-07-04T05:02:39.840324,2026-07-04T05:02:39.851646+00:00,146.0,200,ask,YieldingYams,WavyWalnuts,6594637
2026-07-04T05:02:40.333457,2026-07-04T05:02:40.344166+00:00,146.2,125,bid,AverageAlmonds,YieldingYams,6594642
2026-07-04T05:02:40.333457,2026-07-04T05:02:40.344166+00:00,146.2,10,bid,AverageAlmonds,Richard Zhang,6594643
2026-07-04T05:02:40.421487,2026-07-04T05:02:40.424715+00:00,146.2,3,ask,AverageAlmonds,Xuanyu Liu,6594645
2026-07-04T05:02:40.792413,2026-07-04T05:02:40.803012+00:00,146.2,20,ask,AverageAlmonds,BrilliantBurritos,6594654
2026-07-04T05:02:41.053352,2026-07-04T05:02:41.064862+00:00,146.2,200,ask,AverageAlmonds,WavyWalnuts,6594661
2026-07-04T05:02:42.263378,2026-07-04T05:02:42.274700+00:00,146.2,200,ask,YieldingYams,WavyWalnuts,6594683
2026-07-04T05:02:44.361588,2026-07-04T05:02:44.369008+00:00,146.4,13,bid,Richard Zhang,YieldingYams,6594712
2026-07-04T05:02:44.524109,2026-07-04T05:02:44.535837+00:00,146.2,20,ask,WavyWalnuts,BrilliantBurritos,6594716
2026-07-04T05:02:50.284015,2026-07-04T05:02:50.299517+00:00,146.3,10,ask,Richard Zhang,YieldingYams,6594794
2026-07-04T05:02:50.284015,2026-07-04T05:02:50.299517+00:00,146.3,500,ask,AverageAlmonds,YieldingYams,6594795
2026-07-04T05:02:50.486583,2026-07-04T05:02:50.494263+00:00,146.2,3,ask,WavyWalnuts,Richard Zhang,6594798
2026-07-04T05:02:50.628324,2026-07-04T05:02:50.639290+00:00,146.3,115,bid,AverageAlmonds,YieldingYams,6594800
2026-07-04T05:02:50.628324,2026-07-04T05:02:50.639290+00:00,146.3,10,bid,AverageAlmonds,Richard Zhang,6594801
2026-07-04T05:02:52.259110,2026-07-04T05:02:52.271096+00:00,146.4,20,bid,BrilliantBurritos,WavyWalnuts,6594818
2026-07-04T05:02:52.936732,2026-07-04T05:02:52.948067+00:00,146.4,20,bid,BrilliantBurritos,WavyWalnuts,6594831
2026-07-04T05:02:54.214901,2026-07-04T05:02:54.233751+00:00,146.4,10,bid,YieldingYams,Richard Zhang,6594852
2026-07-04T05:02:54.214901,2026-07-04T05:02:54.233751+00:00,146.4,200,bid,YieldingYams,WavyWalnuts,6594853
2026-07-04T05:02:54.361953,2026-07-04T05:02:54.369062+00:00,146.4,200,ask,YieldingYams,WavyWalnuts,6594858
2026-07-04T05:02:56.565093,2026-07-04T05:02:56.571595+00:00,146.5,20,bid,Richard Zhang,YieldingYams,6594895
2026-07-04T05:02:56.782971,2026-07-04T05:02:56.790897+00:00,146.3,200,ask,YieldingYams,WavyWalnuts,6594903
2026-07-04T05:02:56.843123,2026-07-04T05:02:56.851343+00:00,146.3,10,ask,Richard Zhang,YieldingYams,6594908
2026-07-04T05:02:58.493335,2026-07-04T05:02:58.502942+00:00,146.2,500,bid,AverageAlmonds,YieldingYams,6594929
2026-07-04T05:02:59.090687,2026-07-04T05:02:59.094108+00:00,146.2,125,bid,AverageAlmonds,YieldingYams,6594937
2026-07-04T05:02:59.090687,2026-07-04T05:02:59.094108+00:00,146.2,10,bid,AverageAlmonds,Richard Zhang,6594938
2026-07-04T05:02:59.090687,2026-07-04T05:02:59.105635+00:00,146.3,200,bid,AverageAlmonds,WavyWalnuts,6594939
2026-07-04T05:03:00.409778,2026-07-04T05:03:00.416498+00:00,146.3,200,ask,YieldingYams,WavyWalnuts,6594961
2026-07-04T05:03:00.774256,2026-07-04T05:03:00.782196+00:00,146.3,10,ask,Richard Zhang,YieldingYams,6594971
2026-07-04T05:03:02.655915,2026-07-04T05:03:02.658611+00:00,146.2,10,ask,YieldingYams,Richard Zhang,6594991
2026-07-04T05:03:03.395875,2026-07-04T05:03:03.404464+00:00,146.3,10,bid,YieldingYams,Richard Zhang,6595006
2026-07-04T05:03:03.395875,2026-07-04T05:03:03.404464+00:00,146.3,200,bid,YieldingYams,WavyWalnuts,6595007
2026-07-04T05:03:03.415444,2026-07-04T05:03:03.419065+00:00,146.3,3,ask,YieldingYams,Xuanyu Liu,6595009
2026-07-04T05:03:04.693580,2026-07-04T05:03:04.702300+00:00,146.3,15,ask,YieldingYams,Richard Zhang,6595020
2026-07-04T05:03:04.716666,2026-07-04T05:03:04.723009+00:00,146.3,10,bid,Richard Zhang,YieldingYams,6595022
2026-07-04T05:03:06.987056,2026-07-04T05:03:06.995711+00:00,146.2,500,bid,AverageAlmonds,YieldingYams,6595057
2026-07-04T05:03:07.578848,2026-07-04T05:03:07.587817+00:00,146.2,10,bid,AverageAlmonds,Richard Zhang,6595068
2026-07-04T05:03:07.670858,2026-07-04T05:03:07.673018+00:00,146.2,200,ask,AverageAlmonds,WavyWalnuts,6595072
2026-07-04T05:03:08.184768,2026-07-04T05:03:08.195566+00:00,146.3,500,bid,AverageAlmonds,YieldingYams,6595079
2026-07-04T05:03:08.661212,2026-07-04T05:03:08.664808+00:00,146.5,10,ask,YieldingYams,Xuanyu Liu,6595086
2026-07-04T05:03:08.669993,2026-07-04T05:03:08.673259+00:00,146.5,13,ask,YieldingYams,Xuanyu Liu,6595088
2026-07-04T05:03:08.764390,2026-07-04T05:03:08.772057+00:00,146.5,25,ask,YieldingYams,Richard Zhang,6595089
2026-07-04T05:03:08.825305,2026-07-04T05:03:08.828606+00:00,146.5,10,ask,YieldingYams,Xuanyu Liu,6595092
2026-07-04T05:03:10.848884,2026-07-04T05:03:10.852458+00:00,146.6,10,bid,Xuanyu Liu,WavyWalnuts,6595129
2026-07-04T05:03:13.904454,2026-07-04T05:03:13.911240+00:00,146.6,200,ask,WavyWalnuts,YieldingYams,6595168
2026-07-04T05:03:14.919786,2026-07-04T05:03:14.940659+00:00,146.6,200,bid,WavyWalnuts,YieldingYams,6595190
2026-07-04T05:03:15.230147,2026-07-04T05:03:15.234651+00:00,146.6,10,ask,YieldingYams,Xuanyu Liu,6595196
2026-07-04T05:03:17.860548,2026-07-04T05:03:17.869115+00:00,146.7,200,bid,AverageAlmonds,WavyWalnuts,6595231
2026-07-04T05:03:18.317870,2026-07-04T05:03:18.321323+00:00,146.8,10,bid,Xuanyu Liu,Richard Zhang,6595239
2026-07-04T05:03:18.564980,2026-07-04T05:03:18.568392+00:00,146.7,12,bid,Xuanyu Liu,WavyWalnuts,6595242
2026-07-04T05:03:20.457435,2026-07-04T05:03:20.469128+00:00,146.7,10,bid,YieldingYams,Richard Zhang,6595276
2026-07-04T05:03:20.457435,2026-07-04T05:03:20.469128+00:00,146.8,200,bid,YieldingYams,WavyWalnuts,6595277
2026-07-04T05:03:20.975719,2026-07-04T05:03:20.983003+00:00,146.8,200,ask,YieldingYams,WavyWalnuts,6595278
2026-07-04T05:03:22.185229,2026-07-04T05:03:22.196468+00:00,146.8,10,ask,Richard Zhang,WavyWalnuts,6595289
2026-07-04T05:03:22.970428,2026-07-04T05:03:22.980914+00:00,146.7,92,ask,YieldingYams,Chester Au,6595306
2026-07-04T05:03:25.005960,2026-07-04T05:03:25.012590+00:00,146.8,10,bid,Xuanyu Liu,WavyWalnuts,6595340
2026-07-04T05:03:25.039881,2026-07-04T05:03:25.043784+00:00,146.8,10,bid,Richard Zhang,WavyWalnuts,6595343
2026-07-04T05:03:27.030746,2026-07-04T05:03:27.043530+00:00,146.8,10,bid,Richard Zhang,YieldingYams,6595374
2026-07-04T05:03:27.030746,2026-07-04T05:03:27.043530+00:00,146.8,190,bid,WavyWalnuts,YieldingYams,6595375
2026-07-04T05:03:27.047607,2026-07-04T05:03:27.059231+00:00,146.8,10,bid,WavyWalnuts,Richard Zhang,6595377
2026-07-04T05:03:27.075803,2026-07-04T05:03:27.079259+00:00,146.7,1,bid,Xuanyu Liu,Richard Zhang,6595380
2026-07-04T05:03:27.084136,2026-07-04T05:03:27.087427+00:00,146.7,3,bid,Xuanyu Liu,Richard Zhang,6595382
2026-07-04T05:03:28.330870,2026-07-04T05:03:28.347250+00:00,146.7,6,bid,YieldingYams,Richard Zhang,6595395
2026-07-04T05:03:29.081844,2026-07-04T05:03:29.088385+00:00,146.9,10,bid,Richard Zhang,WavyWalnuts,6595410
2026-07-04T05:03:30.658040,2026-07-04T05:03:30.668973+00:00,146.9,10,bid,WavyWalnuts,Richard Zhang,6595423
2026-07-04T05:03:31.114675,2026-07-04T05:03:31.124477+00:00,147.0,10,bid,Richard Zhang,AverageAlmonds,6595428
2026-07-04T05:03:34.817695,2026-07-04T05:03:34.826250+00:00,147.0,500,ask,YieldingYams,AverageAlmonds,6595477
2026-07-04T05:03:36.651604,2026-07-04T05:03:36.656897+00:00,146.9,10,ask,Richard Zhang,AverageAlmonds,6595503
2026-07-04T05:03:37.929180,2026-07-04T05:03:37.936787+00:00,146.9,10,bid,WavyWalnuts,Richard Zhang,6595527
2026-07-04T05:03:37.929180,2026-07-04T05:03:37.941948+00:00,146.9,190,bid,WavyWalnuts,AverageAlmonds,6595528
2026-07-04T05:03:38.822761,2026-07-04T05:03:38.826483+00:00,146.9,3,ask,YieldingYams,Xuanyu Liu,6595540
2026-07-04T05:03:39.663442,2026-07-04T05:03:39.674354+00:00,146.9,500,ask,YieldingYams,AverageAlmonds,6595553
2026-07-04T05:03:40.119701,2026-07-04T05:03:40.132183+00:00,146.9,10,ask,Richard Zhang,YieldingYams,6595561
2026-07-04T05:03:40.119701,2026-07-04T05:03:40.132183+00:00,146.8,200,ask,WavyWalnuts,YieldingYams,6595562
2026-07-04T05:03:40.347860,2026-07-04T05:03:40.359640+00:00,146.7,200,bid,WavyWalnuts,YieldingYams,6595568
2026-07-04T05:03:41.558130,2026-07-04T05:03:41.569995+00:00,146.6,10,bid,WavyWalnuts,Richard Zhang,6595581
2026-07-04T05:03:41.558130,2026-07-04T05:03:41.569995+00:00,146.8,190,bid,WavyWalnuts,YieldingYams,6595582
2026-07-04T05:03:42.754077,2026-07-04T05:03:42.757645+00:00,146.6,10,ask,YieldingYams,Xuanyu Liu,6595607
2026-07-04T05:03:42.768110,2026-07-04T05:03:42.778404+00:00,146.8,200,bid,WavyWalnuts,YieldingYams,6595608
2026-07-04T05:03:43.291101,2026-07-04T05:03:43.295248+00:00,146.6,1,ask,YieldingYams,Xuanyu Liu,6595616
2026-07-04T05:03:43.656655,2026-07-04T05:03:43.660480+00:00,146.6,12,ask,YieldingYams,Xuanyu Liu,6595628
2026-07-04T05:03:43.977487,2026-07-04T05:03:43.985866+00:00,146.8,200,bid,WavyWalnuts,YieldingYams,6595633
2026-07-04T05:03:45.189671,2026-07-04T05:03:45.197229+00:00,146.8,10,bid,WavyWalnuts,Richard Zhang,6595654
2026-07-04T05:03:45.189671,2026-07-04T05:03:45.202602+00:00,146.8,190,bid,WavyWalnuts,YieldingYams,6595655
2026-07-04T05:03:45.316271,2026-07-04T05:03:45.320542+00:00,146.6,10,ask,YieldingYams,Xuanyu Liu,6595660
2026-07-04T05:03:46.400852,2026-07-04T05:03:46.409930+00:00,146.7,200,bid,WavyWalnuts,YieldingYams,6595673
2026-07-04T05:03:46.450547,2026-07-04T05:03:46.463892+00:00,146.6,10,ask,Richard Zhang,BrilliantBurritos,6595675
2026-07-04T05:03:47.611869,2026-07-04T05:03:47.619540+00:00,146.6,10,bid,WavyWalnuts,Richard Zhang,6595693
2026-07-04T05:03:48.011515,2026-07-04T05:03:48.014984+00:00,146.7,1,ask,YieldingYams,Xuanyu Liu,6595700
2026-07-04T05:03:49.320898,2026-07-04T05:03:49.324320+00:00,146.8,9,ask,YieldingYams,Xuanyu Liu,6595720
2026-07-04T05:03:49.397291,2026-07-04T05:03:49.400952+00:00,146.8,3,ask,YieldingYams,Xuanyu Liu,6595723
2026-07-04T05:03:50.037637,2026-07-04T05:03:50.044516+00:00,146.8,200,ask,YieldingYams,WavyWalnuts,6595731
2026-07-04T05:03:51.177571,2026-07-04T05:03:51.185051+00:00,146.8,10,ask,Richard Zhang,AverageAlmonds,6595744
2026-07-04T05:03:52.456030,2026-07-04T05:03:52.464022+00:00,146.8,10,bid,WavyWalnuts,Richard Zhang,6595766
2026-07-04T05:03:52.456030,2026-07-04T05:03:52.464022+00:00,146.8,190,bid,WavyWalnuts,AverageAlmonds,6595767
2026-07-04T05:03:53.239622,2026-07-04T05:03:53.248023+00:00,146.8,500,bid,YieldingYams,AverageAlmonds,6595776
2026-07-04T05:03:53.584087,2026-07-04T05:03:53.591730+00:00,146.8,125,ask,YieldingYams,AverageAlmonds,6595778
2026-07-04T05:03:53.584087,2026-07-04T05:03:53.612015+00:00,146.8,10,ask,Richard Zhang,AverageAlmonds,6595779
2026-07-04T05:03:53.608547,2026-07-04T05:03:53.612015+00:00,146.7,10,bid,Xuanyu Liu,AverageAlmonds,6595781
2026-07-04T05:03:53.666002,2026-07-04T05:03:53.675549+00:00,146.7,200,bid,WavyWalnuts,AverageAlmonds,6595782
2026-07-04T05:03:54.303321,2026-07-04T05:03:54.314881+00:00,146.8,20,bid,BrilliantBurritos,AverageAlmonds,6595791
2026-07-04T05:03:57.314655,2026-07-04T05:03:57.317949+00:00,146.7,10,ask,WavyWalnuts,Xuanyu Liu,6595829
2026-07-04T05:03:57.520454,2026-07-04T05:03:57.523699+00:00,146.7,10,ask,WavyWalnuts,Xuanyu Liu,6595831
2026-07-04T05:03:58.511554,2026-07-04T05:03:58.513615+00:00,146.8,10,bid,WavyWalnuts,Richard Zhang,6595845
2026-07-04T05:03:58.511554,2026-07-04T05:03:58.524727+00:00,146.8,190,bid,WavyWalnuts,YieldingYams,6595846
2026-07-04T05:03:59.721354,2026-07-04T05:03:59.729440+00:00,146.7,10,bid,WavyWalnuts,Richard Zhang,6595865
2026-07-04T05:04:03.093808,2026-07-04T05:04:03.102037+00:00,146.7,20,bid,BrilliantBurritos,AverageAlmonds,6595907
2026-07-04T05:04:04.556469,2026-07-04T05:04:04.557850+00:00,146.7,10,bid,WavyWalnuts,Richard Zhang,6595925
2026-07-04T05:04:04.556469,2026-07-04T05:04:04.569439+00:00,146.7,190,bid,WavyWalnuts,AverageAlmonds,6595926
2026-07-04T05:04:05.768256,2026-07-04T05:04:05.779131+00:00,146.7,200,bid,WavyWalnuts,YieldingYams,6595942
2026-07-04T05:04:07.452132,2026-07-04T05:04:07.463662+00:00,146.6,20,ask,WavyWalnuts,BrilliantBurritos,6595970
2026-07-04T05:04:07.641177,2026-07-04T05:04:07.644849+00:00,146.6,1,ask,WavyWalnuts,Xuanyu Liu,6595975
2026-07-04T05:04:09.869754,2026-07-04T05:04:09.878940+00:00,146.7,20,bid,BrilliantBurritos,AverageAlmonds,6596011
2026-07-04T05:04:10.615320,2026-07-04T05:04:10.623392+00:00,146.7,10,bid,WavyWalnuts,Richard Zhang,6596025
2026-07-04T05:04:10.615320,2026-07-04T05:04:10.623392+00:00,146.7,190,bid,WavyWalnuts,AverageAlmonds,6596026
2026-07-04T05:04:11.754639,2026-07-04T05:04:11.764670+00:00,146.6,500,ask,YieldingYams,AverageAlmonds,6596039
2026-07-04T05:04:12.350440,2026-07-04T05:04:12.356399+00:00,146.6,125,ask,YieldingYams,AverageAlmonds,6596050
2026-07-04T05:04:12.350440,2026-07-04T05:04:12.356399+00:00,146.6,10,ask,Richard Zhang,AverageAlmonds,6596051
2026-07-04T05:04:12.350440,2026-07-04T05:04:12.356399+00:00,146.6,200,ask,WavyWalnuts,AverageAlmonds,6596052
2026-07-04T05:04:12.407511,2026-07-04T05:04:12.411065+00:00,146.6,10,bid,Xuanyu Liu,AverageAlmonds,6596057
2026-07-04T05:04:14.235039,2026-07-04T05:04:14.254590+00:00,146.5,200,ask,WavyWalnuts,YieldingYams,6596094
2026-07-04T05:04:15.331236,2026-07-04T05:04:15.334833+00:00,146.4,21,ask,WavyWalnuts,Xuanyu Liu,6596113
2026-07-04T05:04:15.424107,2026-07-04T05:04:15.432908+00:00,146.5,20,bid,BrilliantBurritos,YieldingYams,6596117
2026-07-04T05:04:16.855922,2026-07-04T05:04:16.857317+00:00,146.6,500,bid,YieldingYams,AverageAlmonds,6596143
2026-07-04T05:04:16.855922,2026-07-04T05:04:16.863851+00:00,146.6,125,bid,YieldingYams,WavyWalnuts,6596144
2026-07-04T05:04:22.065451,2026-07-04T05:04:22.074839+00:00,146.8,20,bid,BrilliantBurritos,YieldingYams,6596224
2026-07-04T05:04:22.719539,2026-07-04T05:04:22.722836+00:00,146.7,11,bid,Xuanyu Liu,WavyWalnuts,6596234
2026-07-04T05:04:23.225731,2026-07-04T05:04:23.237250+00:00,146.7,20,bid,BrilliantBurritos,WavyWalnuts,6596242
2026-07-04T05:04:23.936403,2026-07-04T05:04:23.940098+00:00,146.7,10,bid,Xuanyu Liu,YieldingYams,6596251
2026-07-04T05:04:24.735519,2026-07-04T05:04:24.739607+00:00,146.6,1,bid,Xuanyu Liu,YieldingYams,6596262
2026-07-04T05:04:24.761024,2026-07-04T05:04:24.765464+00:00,146.6,12,bid,Xuanyu Liu,YieldingYams,6596264
2026-07-04T05:04:25.944053,2026-07-04T05:04:25.953710+00:00,146.6,5,bid,Richard Zhang,YieldingYams,6596280
2026-07-04T05:04:25.982158,2026-07-04T05:04:25.986506+00:00,146.6,10,bid,Xuanyu Liu,YieldingYams,6596283
2026-07-04T05:04:27.348732,2026-07-04T05:04:27.354873+00:00,146.5,10,ask,Richard Zhang,YieldingYams,6596309
2026-07-04T05:04:27.348732,2026-07-04T05:04:27.354873+00:00,146.5,200,ask,WavyWalnuts,YieldingYams,6596310
2026-07-04T05:04:27.366421,2026-07-04T05:04:27.370595+00:00,146.5,1,bid,Xuanyu Liu,YieldingYams,6596312
2026-07-04T05:04:27.973914,2026-07-04T05:04:27.977709+00:00,146.4,23,ask,WavyWalnuts,Xuanyu Liu,6596323
2026-07-04T05:04:28.008998,2026-07-04T05:04:28.012978+00:00,146.4,10,ask,WavyWalnuts,Xuanyu Liu,6596325
2026-07-04T05:04:28.660960,2026-07-04T05:04:28.670583+00:00,146.5,10,bid,YieldingYams,Richard Zhang,6596329
2026-07-04T05:04:28.676148,2026-07-04T05:04:28.687974+00:00,146.5,1,ask,YieldingYams,Xuanyu Liu,6596332
2026-07-04T05:04:29.314569,2026-07-04T05:04:29.324970+00:00,146.6,200,bid,AverageAlmonds,WavyWalnuts,6596346
2026-07-04T05:04:29.338629,2026-07-04T05:04:29.342775+00:00,146.6,11,ask,AverageAlmonds,Xuanyu Liu,6596349
2026-07-04T05:04:30.028423,2026-07-04T05:04:30.032420+00:00,146.6,10,ask,WavyWalnuts,Xuanyu Liu,6596365
2026-07-04T05:04:31.161488,2026-07-04T05:04:31.164745+00:00,146.8,10,bid,Xuanyu Liu,YieldingYams,6596380
2026-07-04T05:04:31.315603,2026-07-04T05:04:31.318754+00:00,146.7,11,bid,Xuanyu Liu,YieldingYams,6596391
2026-07-04T05:04:32.047609,2026-07-04T05:04:32.051335+00:00,146.7,10,bid,Xuanyu Liu,YieldingYams,6596405
2026-07-04T05:04:32.390504,2026-07-04T05:04:32.401182+00:00,146.7,200,bid,WavyWalnuts,YieldingYams,6596413
2026-07-04T05:04:34.076547,2026-07-04T05:04:34.080457+00:00,146.7,1,bid,Xuanyu Liu,Richard Zhang,6596435
2026-07-04T05:04:37.857999,2026-07-04T05:04:37.869781+00:00,146.6,200,ask,WavyWalnuts,YieldingYams,6596489
2026-07-04T05:04:38.103928,2026-07-04T05:04:38.112812+00:00,146.6,1,bid,Richard Zhang,YieldingYams,6596497
2026-07-04T05:04:38.139037,2026-07-04T05:04:38.143244+00:00,146.6,10,bid,Xuanyu Liu,YieldingYams,6596500
2026-07-04T05:04:40.164259,2026-07-04T05:04:40.168247+00:00,146.6,2,bid,Xuanyu Liu,YieldingYams,6596533
2026-07-04T05:04:40.483263,2026-07-04T05:04:40.491430+00:00,146.5,200,ask,WavyWalnuts,YieldingYams,6596541
2026-07-04T05:04:40.483263,2026-07-04T05:04:40.491430+00:00,146.5,10,ask,Richard Zhang,YieldingYams,6596542
2026-07-04T05:04:40.503932,2026-07-04T05:04:40.507420+00:00,146.5,8,bid,Xuanyu Liu,YieldingYams,6596544
2026-07-04T05:04:40.621596,2026-07-04T05:04:40.625663+00:00,146.3,8,ask,AverageAlmonds,Xuanyu Liu,6596549
2026-07-04T05:04:42.076064,2026-07-04T05:04:42.080410+00:00,146.5,12,ask,WavyWalnuts,Xuanyu Liu,6596580
2026-07-04T05:04:42.192315,2026-07-04T05:04:42.195805+00:00,146.5,10,ask,WavyWalnuts,Xuanyu Liu,6596584
2026-07-04T05:04:42.493253,2026-07-04T05:04:42.500084+00:00,146.5,20,ask,WavyWalnuts,BrilliantBurritos,6596589
2026-07-04T05:04:44.205899,2026-07-04T05:04:44.209924+00:00,146.6,10,bid,Xuanyu Liu,Richard Zhang,6596615
2026-07-04T05:04:44.506932,2026-07-04T05:04:44.510766+00:00,146.6,10,bid,Xuanyu Liu,WavyWalnuts,6596621
2026-07-04T05:04:45.700165,2026-07-04T05:04:45.711169+00:00,146.5,10,ask,Richard Zhang,WavyWalnuts,6596637
2026-07-04T05:04:45.700165,2026-07-04T05:04:45.711169+00:00,146.5,190,ask,YieldingYams,WavyWalnuts,6596638
2026-07-04T05:04:45.747809,2026-07-04T05:04:45.751865+00:00,146.5,2,bid,Xuanyu Liu,YieldingYams,6596640
2026-07-04T05:04:46.247365,2026-07-04T05:04:46.251270+00:00,146.5,10,bid,Xuanyu Liu,YieldingYams,6596643
2026-07-04T05:04:52.976353,2026-07-04T05:04:52.979609+00:00,146.5,10,ask,WavyWalnuts,Xuanyu Liu,6596737
2026-07-04T05:04:53.863127,2026-07-04T05:04:53.870199+00:00,146.6,10,bid,BrilliantBurritos,Richard Zhang,6596752
2026-07-04T05:04:54.186366,2026-07-04T05:04:54.190395+00:00,146.6,10,ask,WavyWalnuts,Xuanyu Liu,6596757
2026-07-04T05:04:54.382515,2026-07-04T05:04:54.386259+00:00,146.6,2,ask,WavyWalnuts,Xuanyu Liu,6596761
2026-07-04T05:04:55.381864,2026-07-04T05:04:55.391058+00:00,146.8,10,bid,WavyWalnuts,Richard Zhang,6596786
2026-07-04T05:04:55.381864,2026-07-04T05:04:55.391058+00:00,146.8,190,bid,WavyWalnuts,YieldingYams,6596787
2026-07-04T05:04:56.592031,2026-07-04T05:04:56.600688+00:00,146.7,200,bid,WavyWalnuts,YieldingYams,6596800
2026-07-04T05:04:59.605656,2026-07-04T05:04:59.609126+00:00,146.7,10,ask,Richard Zhang,Xuanyu Liu,6596846
2026-07-04T05:05:01.454321,2026-07-04T05:05:01.464365+00:00,146.6,10,ask,Richard Zhang,YieldingYams,6596866
2026-07-04T05:05:01.454321,2026-07-04T05:05:01.464365+00:00,146.5,500,ask,AverageAlmonds,YieldingYams,6596867
2026-07-04T05:05:01.454321,2026-07-04T05:05:01.464365+00:00,146.5,115,ask,WavyWalnuts,YieldingYams,6596868
2026-07-04T05:05:04.078043,2026-07-04T05:05:04.087070+00:00,146.6,10,ask,Richard Zhang,YieldingYams,6596914
2026-07-04T05:05:04.078043,2026-07-04T05:05:04.087070+00:00,146.6,200,ask,WavyWalnuts,YieldingYams,6596915
2026-07-04T05:05:05.930456,2026-07-04T05:05:05.934193+00:00,146.5,12,ask,YieldingYams,Xuanyu Liu,6596934
2026-07-04T05:05:06.522356,2026-07-04T05:05:06.530384+00:00,146.5,20,ask,YieldingYams,Richard Zhang,6596947
2026-07-04T05:05:06.725903,2026-07-04T05:05:06.729080+00:00,146.6,12,ask,YieldingYams,Xuanyu Liu,6596958
2026-07-04T05:05:08.020917,2026-07-04T05:05:08.030227+00:00,146.7,10,bid,YieldingYams,Richard Zhang,6596988
2026-07-04T05:05:08.020917,2026-07-04T05:05:08.030227+00:00,146.7,200,bid,YieldingYams,WavyWalnuts,6596989
2026-07-04T05:05:08.041011,2026-07-04T05:05:08.044577+00:00,146.7,11,ask,YieldingYams,Xuanyu Liu,6596992
2026-07-04T05:05:08.560473,2026-07-04T05:05:08.568950+00:00,146.7,15,ask,YieldingYams,Richard Zhang,6596999
2026-07-04T05:05:08.736131,2026-07-04T05:05:08.743613+00:00,146.7,200,ask,YieldingYams,WavyWalnuts,6597003
2026-07-04T05:05:12.849212,2026-07-04T05:05:12.857832+00:00,146.8,20,bid,BrilliantBurritos,YieldingYams,6597060
2026-07-04T05:05:14.585490,2026-07-04T05:05:14.592934+00:00,146.8,200,bid,YieldingYams,WavyWalnuts,6597086
2026-07-04T05:05:14.603967,2026-07-04T05:05:14.607467+00:00,146.8,6,ask,YieldingYams,Xuanyu Liu,6597088
2026-07-04T05:05:17.228279,2026-07-04T05:05:17.232034+00:00,146.8,6,bid,Xuanyu Liu,YieldingYams,6597120
2026-07-04T05:05:18.340343,2026-07-04T05:05:18.350364+00:00,146.8,500,bid,AverageAlmonds,YieldingYams,6597136
2026-07-04T05:05:18.422530,2026-07-04T05:05:18.430478+00:00,146.8,119,bid,WavyWalnuts,YieldingYams,6597137
2026-07-04T05:05:18.818407,2026-07-04T05:05:18.830037+00:00,147.0,20,bid,BrilliantBurritos,WavyWalnuts,6597141
2026-07-04T05:05:19.632867,2026-07-04T05:05:19.644514+00:00,146.9,200,ask,YieldingYams,WavyWalnuts,6597150
2026-07-04T05:05:19.834426,2026-07-04T05:05:19.842417+00:00,146.9,10,ask,Richard Zhang,YieldingYams,6597153
2026-07-04T05:05:19.834426,2026-07-04T05:05:19.842417+00:00,146.9,500,ask,AverageAlmonds,YieldingYams,6597154
2026-07-04T05:05:19.853196,2026-07-04T05:05:19.856688+00:00,146.9,11,bid,Xuanyu Liu,YieldingYams,6597156
2026-07-04T05:05:20.175982,2026-07-04T05:05:20.185522+00:00,146.9,104,bid,AverageAlmonds,YieldingYams,6597166
2026-07-04T05:05:20.840170,2026-07-04T05:05:20.848429+00:00,147.1,200,ask,AverageAlmonds,WavyWalnuts,6597185
2026-07-04T05:05:21.408111,2026-07-04T05:05:21.417636+00:00,147.2,20,bid,BrilliantBurritos,YieldingYams,6597193
2026-07-04T05:05:22.592230,2026-07-04T05:05:22.600665+00:00,147.1,200,bid,AverageAlmonds,WavyWalnuts,6597215
2026-07-04T05:05:24.400770,2026-07-04T05:05:24.403716+00:00,147.2,10,bid,AverageAlmonds,Richard Zhang,6597233
2026-07-04T05:05:25.627903,2026-07-04T05:05:25.635239+00:00,147.3,200,bid,AverageAlmonds,WavyWalnuts,6597254
2026-07-04T05:05:25.627903,2026-07-04T05:05:25.640145+00:00,147.3,300,bid,AverageAlmonds,YieldingYams,6597255
2026-07-04T05:05:25.664626,2026-07-04T05:05:25.674387+00:00,147.3,200,bid,WavyWalnuts,YieldingYams,6597256
2026-07-04T05:05:26.221990,2026-07-04T05:05:26.231611+00:00,147.3,125,bid,AverageAlmonds,YieldingYams,6597262
2026-07-04T05:05:27.699019,2026-07-04T05:05:27.722158+00:00,147.5,200,bid,YieldingYams,WavyWalnuts,6597283
2026-07-04T05:05:27.717881,2026-07-04T05:05:27.722158+00:00,147.6,17,ask,YieldingYams,Xuanyu Liu,6597286
2026-07-04T05:05:28.088289,2026-07-04T05:05:28.096993+00:00,147.6,200,ask,YieldingYams,WavyWalnuts,6597290
2026-07-04T05:05:29.014425,2026-07-04T05:05:29.022712+00:00,147.6,10,ask,Richard Zhang,YieldingYams,6597299
2026-07-04T05:05:29.032435,2026-07-04T05:05:29.036069+00:00,147.5,10,bid,Xuanyu Liu,YieldingYams,6597304
2026-07-04T05:05:29.041594,2026-07-04T05:05:29.045235+00:00,147.5,7,bid,Xuanyu Liu,YieldingYams,6597306
2026-07-04T05:05:29.296826,2026-07-04T05:05:29.305062+00:00,147.5,200,bid,WavyWalnuts,YieldingYams,6597313
2026-07-04T05:05:30.940531,2026-07-04T05:05:30.952521+00:00,147.6,20,bid,BrilliantBurritos,WavyWalnuts,6597336
2026-07-04T05:05:31.224625,2026-07-04T05:05:31.228286+00:00,147.4,17,ask,YieldingYams,Xuanyu Liu,6597349
2026-07-04T05:05:31.631569,2026-07-04T05:05:31.639611+00:00,147.6,180,bid,YieldingYams,WavyWalnuts,6597355
2026-07-04T05:05:31.631569,2026-07-04T05:05:31.644840+00:00,147.6,10,bid,YieldingYams,Richard Zhang,6597356
2026-07-04T05:05:34.153748,2026-07-04T05:05:34.164027+00:00,147.7,200,bid,WavyWalnuts,YieldingYams,6597402
2026-07-04T05:05:34.874069,2026-07-04T05:05:34.877614+00:00,147.8,6,bid,Xuanyu Liu,YieldingYams,6597410
2026-07-04T05:05:37.607794,2026-07-04T05:05:37.619684+00:00,147.8,20,bid,BrilliantBurritos,WavyWalnuts,6597450
2026-07-04T05:05:38.909244,2026-07-04T05:05:38.912753+00:00,147.7,6,ask,WavyWalnuts,Xuanyu Liu,6597473
2026-07-04T05:05:40.667196,2026-07-04T05:05:40.671565+00:00,147.9,6,bid,Xuanyu Liu,YieldingYams,6597511
2026-07-04T05:05:42.122193,2026-07-04T05:05:42.143998+00:00,147.8,10,ask,Richard Zhang,YieldingYams,6597543
2026-07-04T05:05:42.122193,2026-07-04T05:05:42.143998+00:00,147.8,200,ask,WavyWalnuts,YieldingYams,6597544
2026-07-04T05:05:42.140458,2026-07-04T05:05:42.143998+00:00,147.8,11,bid,Xuanyu Liu,YieldingYams,6597548
2026-07-04T05:05:42.606650,2026-07-04T05:05:42.618106+00:00,147.8,20,bid,BrilliantBurritos,YieldingYams,6597550
2026-07-04T05:05:43.798862,2026-07-04T05:05:43.806843+00:00,147.8,10,bid,AverageAlmonds,Richard Zhang,6597572
2026-07-04T05:05:43.851281,2026-07-04T05:05:43.858690+00:00,147.8,200,ask,AverageAlmonds,WavyWalnuts,6597578
2026-07-04T05:05:45.608813,2026-07-04T05:05:45.616939+00:00,147.8,200,bid,AverageAlmonds,WavyWalnuts,6597603
2026-07-04T05:05:46.993881,2026-07-04T05:05:46.997824+00:00,147.9,23,bid,Xuanyu Liu,YieldingYams,6597632
2026-07-04T05:05:49.893031,2026-07-04T05:05:49.904726+00:00,147.7,10,ask,Richard Zhang,WavyWalnuts,6597678
2026-07-04T05:05:49.977696,2026-07-04T05:05:49.985459+00:00,147.7,190,bid,YieldingYams,WavyWalnuts,6597679
2026-07-04T05:05:51.292334,2026-07-04T05:05:51.299966+00:00,147.7,10,ask,Richard Zhang,YieldingYams,6597701
2026-07-04T05:05:51.292334,2026-07-04T05:05:51.299966+00:00,147.7,200,ask,WavyWalnuts,YieldingYams,6597702
2026-07-04T05:05:51.310720,2026-07-04T05:05:51.313979+00:00,147.7,10,bid,Xuanyu Liu,YieldingYams,6597704
2026-07-04T05:05:55.937045,2026-07-04T05:05:55.944078+00:00,148.0,10,bid,WavyWalnuts,Richard Zhang,6597787
2026-07-04T05:05:55.937045,2026-07-04T05:05:55.949363+00:00,148.1,190,bid,WavyWalnuts,YieldingYams,6597788
2026-07-04T05:05:56.482026,2026-07-04T05:05:56.485835+00:00,148.1,1,bid,Xuanyu Liu,YieldingYams,6597797
2026-07-04T05:06:00.789389,2026-07-04T05:06:00.792947+00:00,148.1,12,bid,Xuanyu Liu,WavyWalnuts,6597874
2026-07-04T05:06:01.175793,2026-07-04T05:06:01.182577+00:00,148.1,15,bid,Richard Zhang,WavyWalnuts,6597882
2026-07-04T05:06:01.208630,2026-07-04T05:06:01.212251+00:00,148.1,10,bid,Xuanyu Liu,WavyWalnuts,6597885
2026-07-04T05:06:05.252832,2026-07-04T05:06:05.269279+00:00,148.1,20,bid,BrilliantBurritos,WavyWalnuts,6597930
2026-07-04T05:06:05.264972,2026-07-04T05:06:05.269279+00:00,148.1,1,bid,Xuanyu Liu,WavyWalnuts,6597932
2026-07-04T05:06:05.643520,2026-07-04T05:06:05.652459+00:00,148.0,200,ask,YieldingYams,WavyWalnuts,6597939
2026-07-04T05:06:06.406748,2026-07-04T05:06:06.414938+00:00,148.0,10,ask,YieldingYams,BrilliantBurritos,6597950
2026-07-04T05:06:06.406748,2026-07-04T05:06:06.420314+00:00,148.0,10,ask,Richard Zhang,BrilliantBurritos,6597951
2026-07-04T05:06:07.382869,2026-07-04T05:06:07.394073+00:00,148.0,500,ask,YieldingYams,AverageAlmonds,6597971
2026-07-04T05:06:08.010503,2026-07-04T05:06:08.020636+00:00,148.0,125,ask,YieldingYams,AverageAlmonds,6597983
2026-07-04T05:06:08.010503,2026-07-04T05:06:08.020636+00:00,148.0,10,ask,Richard Zhang,AverageAlmonds,6597984
2026-07-04T05:06:08.030501,2026-07-04T05:06:08.034231+00:00,147.9,10,bid,Xuanyu Liu,AverageAlmonds,6597987
2026-07-04T05:06:08.070239,2026-07-04T05:06:08.081110+00:00,147.9,200,bid,WavyWalnuts,AverageAlmonds,6597988
2026-07-04T05:06:09.245730,2026-07-04T05:06:09.249383+00:00,147.8,2,bid,Xuanyu Liu,AverageAlmonds,6598015
2026-07-04T05:06:09.280388,2026-07-04T05:06:09.287872+00:00,147.8,200,bid,WavyWalnuts,AverageAlmonds,6598018
2026-07-04T05:06:09.295027,2026-07-04T05:06:09.304036+00:00,147.8,5,bid,Richard Zhang,AverageAlmonds,6598022
2026-07-04T05:06:09.324380,2026-07-04T05:06:09.327561+00:00,147.8,10,bid,Xuanyu Liu,AverageAlmonds,6598025
2026-07-04T05:06:10.490384,2026-07-04T05:06:10.497155+00:00,147.8,10,bid,WavyWalnuts,Richard Zhang,6598037
2026-07-04T05:06:10.490384,2026-07-04T05:06:10.502754+00:00,147.8,190,bid,WavyWalnuts,YieldingYams,6598038
2026-07-04T05:06:10.961771,2026-07-04T05:06:10.969072+00:00,147.8,500,bid,YieldingYams,AverageAlmonds,6598044
2026-07-04T05:06:10.979821,2026-07-04T05:06:10.983320+00:00,147.8,10,ask,YieldingYams,Xuanyu Liu,6598047
2026-07-04T05:06:11.024387,2026-07-04T05:06:11.033141+00:00,147.8,115,ask,YieldingYams,AverageAlmonds,6598050
2026-07-04T05:06:12.914137,2026-07-04T05:06:12.922885+00:00,147.7,10,bid,WavyWalnuts,Richard Zhang,6598070
2026-07-04T05:06:12.914137,2026-07-04T05:06:12.922885+00:00,147.7,190,bid,WavyWalnuts,YieldingYams,6598071
2026-07-04T05:06:14.125188,2026-07-04T05:06:14.132677+00:00,147.6,10,bid,WavyWalnuts,Richard Zhang,6598085
2026-07-04T05:06:14.904701,2026-07-04T05:06:14.915789+00:00,147.6,190,ask,WavyWalnuts,YieldingYams,6598093
2026-07-04T05:06:15.374063,2026-07-04T05:06:15.383507+00:00,147.6,30,bid,Richard Zhang,YieldingYams,6598101
2026-07-04T05:06:15.593887,2026-07-04T05:06:15.601951+00:00,147.6,20,bid,BrilliantBurritos,YieldingYams,6598104
2026-07-04T05:06:15.873076,2026-07-04T05:06:15.879939+00:00,147.5,200,ask,WavyWalnuts,AverageAlmonds,6598111
2026-07-04T05:06:15.873076,2026-07-04T05:06:15.884961+00:00,147.5,10,ask,Richard Zhang,AverageAlmonds,6598112
2026-07-04T05:06:15.891733,2026-07-04T05:06:15.895268+00:00,147.5,11,bid,Xuanyu Liu,AverageAlmonds,6598115
2026-07-04T05:06:16.214079,2026-07-04T05:06:16.224501+00:00,147.5,279,bid,YieldingYams,AverageAlmonds,6598123
2026-07-04T05:06:16.469545,2026-07-04T05:06:16.477753+00:00,147.5,346,ask,YieldingYams,AverageAlmonds,6598126
2026-07-04T05:06:16.797302,2026-07-04T05:06:16.809280+00:00,147.3,20,ask,WavyWalnuts,BrilliantBurritos,6598129
2026-07-04T05:06:17.527932,2026-07-04T05:06:17.537849+00:00,147.3,180,ask,WavyWalnuts,YieldingYams,6598144
2026-07-04T05:06:17.527932,2026-07-04T05:06:17.537849+00:00,147.3,10,ask,Richard Zhang,YieldingYams,6598145
2026-07-04T05:06:17.544502,2026-07-04T05:06:17.548240+00:00,147.1,6,bid,Xuanyu Liu,YieldingYams,6598149
2026-07-04T05:06:17.750347,2026-07-04T05:06:17.749582+00:00,147.1,200,bid,WavyWalnuts,YieldingYams,6598151
2026-07-04T05:06:18.703129,2026-07-04T05:06:18.706392+00:00,146.9,3,ask,YieldingYams,Xuanyu Liu,6598172
2026-07-04T05:06:20.158138,2026-07-04T05:06:20.190562+00:00,147.1,200,bid,YieldingYams,WavyWalnuts,6598188
2026-07-04T05:06:20.158138,2026-07-04T05:06:20.190562+00:00,147.1,10,bid,YieldingYams,Richard Zhang,6598189
2026-07-04T05:06:20.177274,2026-07-04T05:06:20.190562+00:00,147.1,200,ask,YieldingYams,WavyWalnuts,6598190
2026-07-04T05:06:20.187013,2026-07-04T05:06:20.190562+00:00,147.1,3,ask,YieldingYams,Xuanyu Liu,6598192
2026-07-04T05:06:21.474918,2026-07-04T05:06:21.486011+00:00,147.2,200,ask,WavyWalnuts,YieldingYams,6598209
2026-07-04T05:06:21.474918,2026-07-04T05:06:21.486011+00:00,147.2,10,ask,Richard Zhang,YieldingYams,6598210
2026-07-04T05:06:22.588655,2026-07-04T05:06:22.599727+00:00,147.1,200,bid,WavyWalnuts,YieldingYams,6598232
2026-07-04T05:06:24.104348,2026-07-04T05:06:24.123455+00:00,147.1,10,ask,Richard Zhang,YieldingYams,6598257
2026-07-04T05:06:24.119888,2026-07-04T05:06:24.123455+00:00,147.1,3,bid,Xuanyu Liu,YieldingYams,6598259
2026-07-04T05:06:25.505127,2026-07-04T05:06:25.516337+00:00,147.0,20,bid,Richard Zhang,WavyWalnuts,6598278
2026-07-04T05:06:26.221158,2026-07-04T05:06:26.231516+00:00,147.0,10,bid,WavyWalnuts,Richard Zhang,6598293
2026-07-04T05:06:26.221158,2026-07-04T05:06:26.231516+00:00,147.1,190,bid,WavyWalnuts,YieldingYams,6598294
2026-07-04T05:06:28.638001,2026-07-04T05:06:28.645483+00:00,147.1,200,bid,WavyWalnuts,YieldingYams,6598319
2026-07-04T05:06:30.482795,2026-07-04T05:06:30.494439+00:00,147.0,20,ask,YieldingYams,BrilliantBurritos,6598344
2026-07-04T05:06:31.056870,2026-07-04T05:06:31.057607+00:00,147.1,200,ask,YieldingYams,WavyWalnuts,6598346
2026-07-04T05:06:31.970122,2026-07-04T05:06:31.990447+00:00,147.2,10,ask,Richard Zhang,YieldingYams,6598360
2026-07-04T05:06:34.584896,2026-07-04T05:06:34.593383+00:00,147.1,200,bid,YieldingYams,WavyWalnuts,6598398
2026-07-04T05:06:34.584896,2026-07-04T05:06:34.593383+00:00,147.1,10,bid,YieldingYams,Richard Zhang,6598399
2026-07-04T05:06:35.905719,2026-07-04T05:06:35.914597+00:00,147.2,10,ask,Richard Zhang,YieldingYams,6598420
2026-07-04T05:06:38.728277,2026-07-04T05:06:38.739178+00:00,147.2,10,bid,BrilliantBurritos,Richard Zhang,6598452
2026-07-04T05:06:38.728277,2026-07-04T05:06:38.739178+00:00,147.2,10,bid,BrilliantBurritos,YieldingYams,6598453
2026-07-04T05:06:39.259776,2026-07-04T05:06:39.271691+00:00,147.2,20,bid,BrilliantBurritos,YieldingYams,6598460
2026-07-04T05:06:39.637705,2026-07-04T05:06:39.649583+00:00,147.1,20,ask,WavyWalnuts,BrilliantBurritos,6598467
2026-07-04T05:06:39.829606,2026-07-04T05:06:39.840595+00:00,147.1,180,ask,WavyWalnuts,YieldingYams,6598470
2026-07-04T05:06:39.829606,2026-07-04T05:06:39.840595+00:00,147.1,10,ask,Richard Zhang,YieldingYams,6598471
2026-07-04T05:06:40.834912,2026-07-04T05:06:40.838766+00:00,146.9,3,ask,WavyWalnuts,Xuanyu Liu,6598488
2026-07-04T05:06:41.764110,2026-07-04T05:06:41.773851+00:00,146.9,25,ask,WavyWalnuts,Richard Zhang,6598498
2026-07-04T05:06:42.447173,2026-07-04T05:06:42.464155+00:00,146.9,10,ask,Richard Zhang,YieldingYams,6598507
2026-07-04T05:06:42.447173,2026-07-04T05:06:42.464155+00:00,146.9,200,ask,WavyWalnuts,YieldingYams,6598508
2026-07-04T05:06:44.361115,2026-07-04T05:06:44.369217+00:00,146.9,200,bid,WavyWalnuts,YieldingYams,6598527
2026-07-04T05:06:47.152182,2026-07-04T05:06:47.155994+00:00,146.9,23,ask,YieldingYams,Xuanyu Liu,6598576
2026-07-04T05:06:47.851283,2026-07-04T05:06:47.854459+00:00,146.8,10,ask,WavyWalnuts,Richard Zhang,6598580
2026-07-04T05:06:48.299307,2026-07-04T05:06:48.310889+00:00,146.8,20,ask,YieldingYams,BrilliantBurritos,6598584
2026-07-04T05:06:50.461163,2026-07-04T05:06:50.465694+00:00,146.9,12,bid,Xuanyu Liu,WavyWalnuts,6598616
2026-07-04T05:06:51.607050,2026-07-04T05:06:51.618771+00:00,146.9,188,bid,YieldingYams,WavyWalnuts,6598627
2026-07-04T05:06:51.646790,2026-07-04T05:06:51.658588+00:00,146.9,200,ask,YieldingYams,WavyWalnuts,6598628
2026-07-04T05:06:52.922889,2026-07-04T05:06:52.934008+00:00,147.0,10,ask,Richard Zhang,YieldingYams,6598649
2026-07-04T05:06:55.542929,2026-07-04T05:06:55.567939+00:00,146.9,200,bid,YieldingYams,WavyWalnuts,6598682
2026-07-04T05:06:58.166351,2026-07-04T05:06:58.175136+00:00,147.1,200,bid,YieldingYams,WavyWalnuts,6598714
2026-07-04T05:06:58.166351,2026-07-04T05:06:58.175136+00:00,147.1,10,bid,YieldingYams,Richard Zhang,6598715
2026-07-04T05:06:58.921269,2026-07-04T05:06:58.930916+00:00,147.1,200,ask,YieldingYams,WavyWalnuts,6598721
2026-07-04T05:07:00.348726,2026-07-04T05:07:00.356880+00:00,147.0,20,ask,YieldingYams,BrilliantBurritos,6598744
2026-07-04T05:07:01.336551,2026-07-04T05:07:01.344112+00:00,147.2,10,bid,WavyWalnuts,Richard Zhang,6598755
2026-07-04T05:07:01.354992,2026-07-04T05:07:01.358607+00:00,147.2,10,ask,WavyWalnuts,Xuanyu Liu,6598757
2026-07-04T05:07:02.065585,2026-07-04T05:07:02.069309+00:00,147.2,2,ask,WavyWalnuts,Xuanyu Liu,6598774
2026-07-04T05:07:03.423108,2026-07-04T05:07:03.433695+00:00,147.3,10,bid,YieldingYams,Richard Zhang,6598797
2026-07-04T05:07:04.053611,2026-07-04T05:07:04.058602+00:00,147.3,5,ask,YieldingYams,Richard Zhang,6598802
2026-07-04T05:07:04.090777,2026-07-04T05:07:04.094047+00:00,147.3,10,ask,YieldingYams,Xuanyu Liu,6598805
2026-07-04T05:07:10.180748,2026-07-04T05:07:10.184559+00:00,147.4,10,bid,Xuanyu Liu,YieldingYams,6598897
2026-07-04T05:07:12.213103,2026-07-04T05:07:12.223128+00:00,147.2,200,ask,YieldingYams,WavyWalnuts,6598922
2026-07-04T05:07:12.409387,2026-07-04T05:07:12.412625+00:00,147.4,12,bid,Xuanyu Liu,YieldingYams,6598926
2026-07-04T05:07:12.617361,2026-07-04T05:07:12.629640+00:00,147.3,11,bid,Xuanyu Liu,YieldingYams,6598930
2026-07-04T05:07:15.245179,2026-07-04T05:07:15.248822+00:00,147.2,3,bid,Xuanyu Liu,YieldingYams,6598973
2026-07-04T05:07:15.850707,2026-07-04T05:07:15.858604+00:00,147.2,200,bid,WavyWalnuts,YieldingYams,6598979
2026-07-04T05:07:17.059389,2026-07-04T05:07:17.069353+00:00,147.2,10,bid,WavyWalnuts,Richard Zhang,6599001
2026-07-04T05:07:18.288621,2026-07-04T05:07:18.292535+00:00,147.3,3,ask,WavyWalnuts,Xuanyu Liu,6599021
2026-07-04T05:07:18.313852,2026-07-04T05:07:18.318151+00:00,147.3,10,ask,WavyWalnuts,Xuanyu Liu,6599023
2026-07-04T05:07:19.485134,2026-07-04T05:07:19.491579+00:00,147.4,10,bid,WavyWalnuts,Richard Zhang,6599043
2026-07-04T05:07:19.485134,2026-07-04T05:07:19.497332+00:00,147.4,190,bid,WavyWalnuts,YieldingYams,6599044
2026-07-04T05:07:20.314001,2026-07-04T05:07:20.323069+00:00,147.4,20,bid,Richard Zhang,YieldingYams,6599055
2026-07-04T05:07:20.343980,2026-07-04T05:07:20.347314+00:00,147.3,10,bid,Xuanyu Liu,Richard Zhang,6599058
2026-07-04T05:07:22.664940,2026-07-04T05:07:22.676769+00:00,147.2,20,ask,WavyWalnuts,BrilliantBurritos,6599084
2026-07-04T05:07:27.330912,2026-07-04T05:07:27.342080+00:00,147.6,10,bid,BrilliantBurritos,WavyWalnuts,6599151
2026-07-04T05:07:27.330912,2026-07-04T05:07:27.342080+00:00,147.6,10,bid,BrilliantBurritos,Richard Zhang,6599152
2026-07-04T05:07:27.982209,2026-07-04T05:07:27.992039+00:00,147.6,200,bid,WavyWalnuts,YieldingYams,6599164
2026-07-04T05:07:28.090756,2026-07-04T05:07:28.102198+00:00,147.6,20,bid,BrilliantBurritos,YieldingYams,6599165
2026-07-04T05:07:30.468164,2026-07-04T05:07:30.478958+00:00,147.8,20,bid,Richard Zhang,YieldingYams,6599188
2026-07-04T05:07:31.378510,2026-07-04T05:07:31.382094+00:00,147.7,3,bid,Xuanyu Liu,YieldingYams,6599203
2026-07-04T05:07:31.612200,2026-07-04T05:07:31.623797+00:00,147.7,200,bid,WavyWalnuts,YieldingYams,6599207
2026-07-04T05:07:32.150320,2026-07-04T05:07:32.173892+00:00,147.6,10,ask,Richard Zhang,AverageAlmonds,6599216
2026-07-04T05:07:32.169949,2026-07-04T05:07:32.173892+00:00,147.6,3,bid,Xuanyu Liu,AverageAlmonds,6599218
2026-07-04T05:07:32.502863,2026-07-04T05:07:32.510242+00:00,147.6,40,bid,Richard Zhang,AverageAlmonds,6599228
2026-07-04T05:07:32.823763,2026-07-04T05:07:32.831510+00:00,147.6,10,bid,WavyWalnuts,Richard Zhang,6599233
2026-07-04T05:07:33.602374,2026-07-04T05:07:33.611343+00:00,147.6,190,ask,WavyWalnuts,YieldingYams,6599243
2026-07-04T05:07:34.624892,2026-07-04T05:07:34.628798+00:00,147.5,3,ask,Richard Zhang,Xuanyu Liu,6599258
2026-07-04T05:07:35.246991,2026-07-04T05:07:35.253950+00:00,147.6,200,ask,YieldingYams,WavyWalnuts,6599270
2026-07-04T05:07:38.890990,2026-07-04T05:07:38.894544+00:00,147.6,3,bid,Xuanyu Liu,WavyWalnuts,6599331
2026-07-04T05:07:41.479149,2026-07-04T05:07:41.485886+00:00,147.6,500,bid,YieldingYams,AverageAlmonds,6599374
2026-07-04T05:07:41.496511,2026-07-04T05:07:41.500136+00:00,147.6,3,ask,YieldingYams,Xuanyu Liu,6599376
2026-07-04T05:07:41.849722,2026-07-04T05:07:41.858623+00:00,147.6,122,ask,YieldingYams,AverageAlmonds,6599381
2026-07-04T05:07:42.792808,2026-07-04T05:07:42.803097+00:00,147.5,7,ask,Richard Zhang,YieldingYams,6599391
2026-07-04T05:07:44.106530,2026-07-04T05:07:44.122024+00:00,147.4,200,ask,WavyWalnuts,YieldingYams,6599406
2026-07-04T05:07:47.348970,2026-07-04T05:07:47.357173+00:00,147.4,200,ask,YieldingYams,WavyWalnuts,6599451
2026-07-04T05:07:49.893950,2026-07-04T05:07:49.903336+00:00,147.2,20,ask,WavyWalnuts,BrilliantBurritos,6599487
2026-07-04T05:07:52.484853,2026-07-04T05:07:52.496841+00:00,147.2,20,ask,WavyWalnuts,BrilliantBurritos,6599531
2026-07-04T05:07:54.600526,2026-07-04T05:07:54.608587+00:00,147.2,200,ask,WavyWalnuts,YieldingYams,6599560
2026-07-04T05:07:56.744813,2026-07-04T05:07:56.748057+00:00,147.0,3,ask,WavyWalnuts,Xuanyu Liu,6599595
2026-07-04T05:08:01.901185,2026-07-04T05:08:01.911016+00:00,147.0,200,bid,WavyWalnuts,YieldingYams,6599667
2026-07-04T05:08:02.402481,2026-07-04T05:08:02.410940+00:00,147.0,20,bid,BrilliantBurritos,YieldingYams,6599669
2026-07-04T05:08:02.928321,2026-07-04T05:08:02.938195+00:00,146.9,20,bid,BrilliantBurritos,YieldingYams,6599679
2026-07-04T05:08:03.108756,2026-07-04T05:08:03.119412+00:00,146.9,200,bid,WavyWalnuts,YieldingYams,6599686
2026-07-04T05:08:05.110899,2026-07-04T05:08:05.136334+00:00,146.9,200,ask,WavyWalnuts,YieldingYams,6599708
2026-07-04T05:08:05.110899,2026-07-04T05:08:05.136334+00:00,146.8,425,ask,AverageAlmonds,YieldingYams,6599709
2026-07-04T05:08:06.089141,2026-07-04T05:08:06.093083+00:00,147.0,11,ask,AverageAlmonds,Xuanyu Liu,6599722
2026-07-04T05:08:06.733248,2026-07-04T05:08:06.740880+00:00,147.0,200,ask,AverageAlmonds,WavyWalnuts,6599731
2026-07-04T05:08:09.405007,2026-07-04T05:08:09.408638+00:00,146.8,12,ask,AverageAlmonds,Xuanyu Liu,6599768
2026-07-04T05:08:10.319879,2026-07-04T05:08:10.323604+00:00,146.9,11,ask,AverageAlmonds,Xuanyu Liu,6599782
2026-07-04T05:08:10.367135,2026-07-04T05:08:10.375783+00:00,146.9,489,ask,AverageAlmonds,YieldingYams,6599786
2026-07-04T05:08:10.367135,2026-07-04T05:08:10.375783+00:00,146.9,136,ask,WavyWalnuts,YieldingYams,6599787
2026-07-04T05:08:11.802467,2026-07-04T05:08:11.808853+00:00,147.1,20,bid,BrilliantBurritos,WavyWalnuts,6599801
2026-07-04T05:08:12.784068,2026-07-04T05:08:12.791156+00:00,147.0,200,ask,AverageAlmonds,WavyWalnuts,6599815
2026-07-04T05:08:13.989550,2026-07-04T05:08:13.998689+00:00,147.3,20,bid,BrilliantBurritos,YieldingYams,6599836
2026-07-04T05:08:14.292851,2026-07-04T05:08:14.303568+00:00,147.2,500,ask,AverageAlmonds,YieldingYams,6599839
2026-07-04T05:08:14.518779,2026-07-04T05:08:14.526851+00:00,147.1,125,bid,AverageAlmonds,YieldingYams,6599840
2026-07-04T05:08:14.769882,2026-07-04T05:08:14.777320+00:00,147.2,20,ask,AverageAlmonds,BrilliantBurritos,6599844
2026-07-04T05:08:15.206598,2026-07-04T05:08:15.215770+00:00,147.2,200,ask,AverageAlmonds,WavyWalnuts,6599854
2026-07-04T05:08:16.413729,2026-07-04T05:08:16.421682+00:00,147.3,200,ask,AverageAlmonds,WavyWalnuts,6599866
2026-07-04T05:08:17.621648,2026-07-04T05:08:17.632233+00:00,147.4,200,ask,YieldingYams,WavyWalnuts,6599889
2026-07-04T05:08:18.828470,2026-07-04T05:08:18.836938+00:00,147.2,200,ask,YieldingYams,WavyWalnuts,6599908
2026-07-04T05:08:22.013624,2026-07-04T05:08:22.017362+00:00,147.2,11,bid,Xuanyu Liu,YieldingYams,6599949
2026-07-04T05:08:24.773406,2026-07-04T05:08:24.785163+00:00,147.1,200,ask,WavyWalnuts,YieldingYams,6599986
2026-07-04T05:08:24.773406,2026-07-04T05:08:24.785163+00:00,147.1,425,ask,AverageAlmonds,YieldingYams,6599987
2026-07-04T05:08:28.363623,2026-07-04T05:08:28.375518+00:00,147.1,20,bid,BrilliantBurritos,WavyWalnuts,6600036
2026-07-04T05:08:35.797014,2026-07-04T05:08:35.800732+00:00,147.3,11,ask,WavyWalnuts,Xuanyu Liu,6600140
2026-07-04T05:08:39.186245,2026-07-04T05:08:39.198619+00:00,147.4,200,bid,YieldingYams,WavyWalnuts,6600198
2026-07-04T05:08:39.425677,2026-07-04T05:08:39.432626+00:00,147.4,200,ask,YieldingYams,WavyWalnuts,6600205
2026-07-04T05:08:44.797766,2026-07-04T05:08:44.806025+00:00,147.3,500,bid,AverageAlmonds,YieldingYams,6600287
2026-07-04T05:08:45.425242,2026-07-04T05:08:45.432811+00:00,147.3,125,bid,AverageAlmonds,YieldingYams,6600296
2026-07-04T05:08:45.735334,2026-07-04T05:08:45.745234+00:00,147.4,200,bid,YieldingYams,WavyWalnuts,6600299
2026-07-04T05:08:46.674487,2026-07-04T05:08:46.684791+00:00,147.4,200,ask,YieldingYams,WavyWalnuts,6600309
2026-07-04T05:08:47.400103,2026-07-04T05:08:47.404324+00:00,147.2,23,ask,YieldingYams,Xuanyu Liu,6600325
2026-07-04T05:08:51.481556,2026-07-04T05:08:51.488949+00:00,147.3,500,bid,AverageAlmonds,YieldingYams,6600374
2026-07-04T05:08:51.541745,2026-07-04T05:08:51.545274+00:00,147.2,11,bid,Xuanyu Liu,WavyWalnuts,6600380
2026-07-04T05:08:52.077221,2026-07-04T05:08:52.086725+00:00,147.2,189,bid,AverageAlmonds,WavyWalnuts,6600389
2026-07-04T05:08:52.077221,2026-07-04T05:08:52.086725+00:00,147.3,125,bid,AverageAlmonds,YieldingYams,6600390
2026-07-04T05:08:52.114844,2026-07-04T05:08:52.118667+00:00,147.4,11,ask,AverageAlmonds,Xuanyu Liu,6600393
2026-07-04T05:08:52.308020,2026-07-04T05:08:52.312199+00:00,147.5,11,ask,YieldingYams,Xuanyu Liu,6600395
2026-07-04T05:08:52.735631,2026-07-04T05:08:52.743647+00:00,147.5,200,ask,YieldingYams,WavyWalnuts,6600400
2026-07-04T05:08:53.888939,2026-07-04T05:08:53.895501+00:00,147.6,500,bid,AverageAlmonds,YieldingYams,6600418
2026-07-04T05:08:53.944924,2026-07-04T05:08:53.956414+00:00,147.4,200,ask,YieldingYams,WavyWalnuts,6600421
2026-07-04T05:08:54.487955,2026-07-04T05:08:54.495619+00:00,147.6,125,bid,AverageAlmonds,YieldingYams,6600432
2026-07-04T05:08:55.156037,2026-07-04T05:08:55.165577+00:00,147.6,200,ask,AverageAlmonds,WavyWalnuts,6600434
2026-07-04T05:08:56.365416,2026-07-04T05:08:56.373119+00:00,147.7,200,ask,YieldingYams,WavyWalnuts,6600451
2026-07-04T05:08:57.352574,2026-07-04T05:08:57.358573+00:00,147.7,20,ask,YieldingYams,BrilliantBurritos,6600462
2026-07-04T05:09:00.181458,2026-07-04T05:09:00.191852+00:00,147.7,200,bid,YieldingYams,WavyWalnuts,6600500
2026-07-04T05:09:01.208442,2026-07-04T05:09:01.219989+00:00,147.7,200,ask,YieldingYams,WavyWalnuts,6600521
2026-07-04T05:09:02.419266,2026-07-04T05:09:02.425837+00:00,147.7,200,ask,AverageAlmonds,WavyWalnuts,6600529
2026-07-04T05:09:02.811566,2026-07-04T05:09:02.818452+00:00,147.7,300,ask,AverageAlmonds,YieldingYams,6600536
2026-07-04T05:09:04.198128,2026-07-04T05:09:04.205775+00:00,147.7,200,bid,AverageAlmonds,WavyWalnuts,6600554
2026-07-04T05:09:06.364950,2026-07-04T05:09:06.369439+00:00,147.7,11,bid,Xuanyu Liu,WavyWalnuts,6600587
2026-07-04T05:09:07.391928,2026-07-04T05:09:07.403872+00:00,147.7,20,bid,BrilliantBurritos,YieldingYams,6600599
2026-07-04T05:09:08.465246,2026-07-04T05:09:08.475608+00:00,147.6,200,ask,YieldingYams,WavyWalnuts,6600618
2026-07-04T05:09:12.092924,2026-07-04T05:09:12.103558+00:00,147.8,200,bid,WavyWalnuts,YieldingYams,6600666
2026-07-04T05:09:14.650113,2026-07-04T05:09:14.653647+00:00,147.8,200,ask,WavyWalnuts,YieldingYams,6600715
2026-07-04T05:09:15.722738,2026-07-04T05:09:15.731188+00:00,147.8,200,bid,WavyWalnuts,YieldingYams,6600728
2026-07-04T05:09:15.862702,2026-07-04T05:09:15.866828+00:00,147.8,46,bid,Xuanyu Liu,YieldingYams,6600732
2026-07-04T05:09:15.973339,2026-07-04T05:09:15.977013+00:00,148.0,12,ask,YieldingYams,Xuanyu Liu,6600734
2026-07-04T05:09:16.163567,2026-07-04T05:09:16.175425+00:00,148.1,20,bid,BrilliantBurritos,WavyWalnuts,6600737
2026-07-04T05:09:17.391248,2026-07-04T05:09:17.397929+00:00,148.0,20,ask,YieldingYams,BrilliantBurritos,6600755
2026-07-04T05:09:19.023559,2026-07-04T05:09:19.027259+00:00,148.2,12,bid,Xuanyu Liu,WavyWalnuts,6600777
2026-07-04T05:09:19.363227,2026-07-04T05:09:19.373771+00:00,148.1,200,ask,YieldingYams,WavyWalnuts,6600784
2026-07-04T05:09:20.768163,2026-07-04T05:09:20.776609+00:00,148.2,20,bid,BrilliantBurritos,WavyWalnuts,6600799
2026-07-04T05:09:21.208772,2026-07-04T05:09:21.218210+00:00,148.2,180,bid,YieldingYams,WavyWalnuts,6600809
2026-07-04T05:09:25.982177,2026-07-04T05:09:25.989553+00:00,148.3,200,bid,AverageAlmonds,WavyWalnuts,6600865
2026-07-04T05:09:26.000757,2026-07-04T05:09:26.004325+00:00,148.3,12,ask,AverageAlmonds,Xuanyu Liu,6600867
2026-07-04T05:09:26.626024,2026-07-04T05:09:26.634391+00:00,148.3,200,ask,AverageAlmonds,WavyWalnuts,6600874
2026-07-04T05:09:28.824920,2026-07-04T05:09:28.836401+00:00,148.2,20,ask,AverageAlmonds,BrilliantBurritos,6600907
2026-07-04T05:09:30.247811,2026-07-04T05:09:30.255858+00:00,148.3,200,bid,WavyWalnuts,YieldingYams,6600921
2026-07-04T05:09:31.358624,2026-07-04T05:09:31.370383+00:00,148.3,20,bid,BrilliantBurritos,YieldingYams,6600943
2026-07-04T05:09:31.431839,2026-07-04T05:09:31.441784+00:00,148.3,500,bid,AverageAlmonds,YieldingYams,6600944
2026-07-04T05:09:31.673333,2026-07-04T05:09:31.677081+00:00,148.3,12,bid,Xuanyu Liu,YieldingYams,6600949
2026-07-04T05:09:32.633115,2026-07-04T05:09:32.640507+00:00,148.4,200,bid,AverageAlmonds,WavyWalnuts,6600957
2026-07-04T05:09:35.305424,2026-07-04T05:09:35.316774+00:00,148.5,20,ask,YieldingYams,BrilliantBurritos,6600986
2026-07-04T05:09:36.877506,2026-07-04T05:09:36.884540+00:00,148.6,200,bid,AverageAlmonds,WavyWalnuts,6601004
2026-07-04T05:09:38.333588,2026-07-04T05:09:38.345355+00:00,148.6,20,ask,AverageAlmonds,BrilliantBurritos,6601027
2026-07-04T05:09:41.154196,2026-07-04T05:09:41.158654+00:00,148.7,200,bid,WavyWalnuts,YieldingYams,6601056
2026-07-04T05:09:42.362465,2026-07-04T05:09:42.369073+00:00,148.7,200,bid,WavyWalnuts,YieldingYams,6601067
2026-07-04T05:09:43.467295,2026-07-04T05:09:43.479287+00:00,148.7,20,bid,BrilliantBurritos,YieldingYams,6601072
2026-07-04T05:09:46.109195,2026-07-04T05:09:46.119498+00:00,148.6,200,ask,WavyWalnuts,YieldingYams,6601100
2026-07-04T05:09:47.207475,2026-07-04T05:09:47.215313+00:00,148.6,200,bid,WavyWalnuts,YieldingYams,6601117
2026-07-04T05:09:50.966515,2026-07-04T05:09:50.978369+00:00,148.7,20,ask,WavyWalnuts,BrilliantBurritos,6601180
2026-07-04T05:09:51.363882,2026-07-04T05:09:51.370902+00:00,148.7,180,ask,WavyWalnuts,YieldingYams,6601181
2026-07-04T05:09:55.168182,2026-07-04T05:09:55.180001+00:00,148.5,20,ask,WavyWalnuts,BrilliantBurritos,6601226
2026-07-04T05:09:59.343009,2026-07-04T05:09:59.346431+00:00,148.4,11,bid,Xuanyu Liu,WavyWalnuts,6601280
2026-07-04T05:09:59.621327,2026-07-04T05:09:59.632869+00:00,148.4,20,bid,BrilliantBurritos,WavyWalnuts,6601284
2026-07-04T05:10:01.871369,2026-07-04T05:10:01.880386+00:00,148.3,200,bid,YieldingYams,WavyWalnuts,6601310
2026-07-04T05:10:02.961862,2026-07-04T05:10:02.969094+00:00,148.3,200,ask,YieldingYams,WavyWalnuts,6601325
2026-07-04T05:10:04.170976,2026-07-04T05:10:04.178125+00:00,148.2,200,ask,YieldingYams,WavyWalnuts,6601343
2026-07-04T05:10:06.507400,2026-07-04T05:10:06.510769+00:00,148.2,34,ask,YieldingYams,Xuanyu Liu,6601368
2026-07-04T05:10:07.122583,2026-07-04T05:10:07.132608+00:00,148.3,200,bid,YieldingYams,WavyWalnuts,6601379
2026-07-04T05:10:07.754412,2026-07-04T05:10:07.764335+00:00,148.3,425,ask,YieldingYams,AverageAlmonds,6601386
2026-07-04T05:10:08.435895,2026-07-04T05:10:08.446803+00:00,148.2,200,ask,WavyWalnuts,YieldingYams,6601393
2026-07-04T05:10:09.001539,2026-07-04T05:10:09.010619+00:00,148.1,200,bid,WavyWalnuts,YieldingYams,6601402
2026-07-04T05:10:11.060881,2026-07-04T05:10:11.069766+00:00,148.1,200,ask,WavyWalnuts,YieldingYams,6601426
2026-07-04T05:10:13.835640,2026-07-04T05:10:13.843453+00:00,148.1,200,bid,WavyWalnuts,YieldingYams,6601464
2026-07-04T05:10:16.273486,2026-07-04T05:10:16.284937+00:00,148.0,200,ask,YieldingYams,WavyWalnuts,6601504
2026-07-04T05:10:17.654635,2026-07-04T05:10:17.654825+00:00,148.0,200,bid,YieldingYams,WavyWalnuts,6601522
2026-07-04T05:10:22.326675,2026-07-04T05:10:22.334107+00:00,148.0,200,ask,YieldingYams,WavyWalnuts,6601583
2026-07-04T05:10:22.730166,2026-07-04T05:10:22.733919+00:00,148.0,12,ask,YieldingYams,Xuanyu Liu,6601586
2026-07-04T05:10:24.224860,2026-07-04T05:10:24.244566+00:00,148.0,200,bid,YieldingYams,WavyWalnuts,6601605
2026-07-04T05:10:24.241067,2026-07-04T05:10:24.244566+00:00,148.2,22,ask,YieldingYams,Xuanyu Liu,6601607
2026-07-04T05:10:24.744533,2026-07-04T05:10:24.751660+00:00,148.2,200,ask,YieldingYams,WavyWalnuts,6601613
2026-07-04T05:10:27.157145,2026-07-04T05:10:27.156407+00:00,148.1,200,bid,WavyWalnuts,YieldingYams,6601640
2026-07-04T05:10:28.942502,2026-07-04T05:10:28.950543+00:00,148.0,500,bid,AverageAlmonds,YieldingYams,6601662
2026-07-04T05:10:29.538308,2026-07-04T05:10:29.545122+00:00,148.1,200,bid,AverageAlmonds,WavyWalnuts,6601675
2026-07-04T05:10:29.538308,2026-07-04T05:10:29.550142+00:00,148.1,300,bid,AverageAlmonds,YieldingYams,6601676
2026-07-04T05:10:30.140101,2026-07-04T05:10:30.148595+00:00,148.1,325,bid,AverageAlmonds,YieldingYams,6601678
2026-07-04T05:10:30.140101,2026-07-04T05:10:30.148595+00:00,148.3,175,bid,AverageAlmonds,WavyWalnuts,6601679
2026-07-04T05:10:30.741865,2026-07-04T05:10:30.750799+00:00,148.3,25,bid,AverageAlmonds,WavyWalnuts,6601690
2026-07-04T05:10:30.766589,2026-07-04T05:10:30.770051+00:00,148.3,29,ask,AverageAlmonds,Xuanyu Liu,6601692
2026-07-04T05:10:30.790007,2026-07-04T05:10:30.801636+00:00,148.3,446,ask,AverageAlmonds,YieldingYams,6601693
2026-07-04T05:10:31.344028,2026-07-04T05:10:31.348793+00:00,148.3,179,bid,AverageAlmonds,YieldingYams,6601698
2026-07-04T05:10:31.344028,2026-07-04T05:10:31.348793+00:00,148.4,200,bid,AverageAlmonds,WavyWalnuts,6601699
2026-07-04T05:10:32.002699,2026-07-04T05:10:32.006398+00:00,148.4,40,bid,Xuanyu Liu,WavyWalnuts,6601713
2026-07-04T05:10:32.097862,2026-07-04T05:10:32.106481+00:00,148.4,160,bid,YieldingYams,WavyWalnuts,6601714
2026-07-04T05:10:35.025250,2026-07-04T05:10:35.028994+00:00,148.3,40,ask,WavyWalnuts,Xuanyu Liu,6601765
2026-07-04T05:10:36.554857,2026-07-04T05:10:36.563683+00:00,148.2,20,ask,WavyWalnuts,BrilliantBurritos,6601783
2026-07-04T05:10:41.286446,2026-07-04T05:10:41.296170+00:00,148.2,200,ask,WavyWalnuts,YieldingYams,6601857
2026-07-04T05:10:41.286446,2026-07-04T05:10:41.296170+00:00,148.1,425,ask,AverageAlmonds,YieldingYams,6601858
2026-07-04T05:10:41.701925,2026-07-04T05:10:41.706013+00:00,148.4,6,bid,Xuanyu Liu,WavyWalnuts,6601861
2026-07-04T05:10:45.322649,2026-07-04T05:10:45.329666+00:00,148.2,200,ask,YieldingYams,WavyWalnuts,6601908
2026-07-04T05:10:51.375289,2026-07-04T05:10:51.385866+00:00,148.2,200,bid,WavyWalnuts,YieldingYams,6601988
2026-07-04T05:10:52.585343,2026-07-04T05:10:52.596150+00:00,148.1,200,bid,WavyWalnuts,YieldingYams,6602007
2026-07-04T05:10:56.165464,2026-07-04T05:10:56.175686+00:00,148.2,200,bid,AverageAlmonds,WavyWalnuts,6602049
2026-07-04T05:10:56.165464,2026-07-04T05:10:56.175686+00:00,148.2,300,bid,AverageAlmonds,YieldingYams,6602050
2026-07-04T05:10:56.759286,2026-07-04T05:10:56.769402+00:00,148.1,200,bid,AverageAlmonds,WavyWalnuts,6602055
2026-07-04T05:10:56.759286,2026-07-04T05:10:56.769402+00:00,148.2,300,bid,AverageAlmonds,YieldingYams,6602056
2026-07-04T05:10:57.044726,2026-07-04T05:10:57.048255+00:00,148.3,6,ask,YieldingYams,Xuanyu Liu,6602064
2026-07-04T05:10:57.425835,2026-07-04T05:10:57.436946+00:00,148.3,200,ask,YieldingYams,WavyWalnuts,6602068
2026-07-04T05:10:58.373003,2026-07-04T05:10:58.376734+00:00,148.4,17,bid,Xuanyu Liu,YieldingYams,6602093
2026-07-04T05:10:58.708984,2026-07-04T05:10:58.720766+00:00,148.4,20,bid,BrilliantBurritos,YieldingYams,6602096
2026-07-04T05:11:00.702879,2026-07-04T05:11:00.712270+00:00,148.4,20,bid,BrilliantBurritos,WavyWalnuts,6602112
2026-07-04T05:11:07.528388,2026-07-04T05:11:07.538065+00:00,148.4,200,ask,WavyWalnuts,YieldingYams,6602198
2026-07-04T05:11:07.543704,2026-07-04T05:11:07.547439+00:00,148.3,12,bid,Xuanyu Liu,YieldingYams,6602200
2026-07-04T05:11:07.665147,2026-07-04T05:11:07.674646+00:00,148.3,413,bid,AverageAlmonds,YieldingYams,6602201
2026-07-04T05:11:08.843871,2026-07-04T05:11:08.863797+00:00,148.6,20,bid,BrilliantBurritos,WavyWalnuts,6602223
2026-07-04T05:11:11.467013,2026-07-04T05:11:11.478251+00:00,148.5,200,bid,YieldingYams,WavyWalnuts,6602245
2026-07-04T05:11:12.945112,2026-07-04T05:11:12.949029+00:00,148.6,11,bid,Xuanyu Liu,WavyWalnuts,6602262
2026-07-04T05:11:13.117466,2026-07-04T05:11:13.124858+00:00,148.6,189,bid,AverageAlmonds,WavyWalnuts,6602264
2026-07-04T05:11:13.161967,2026-07-04T05:11:13.168880+00:00,148.6,200,ask,AverageAlmonds,WavyWalnuts,6602265
2026-07-04T05:11:14.326632,2026-07-04T05:11:14.336449+00:00,148.7,500,bid,AverageAlmonds,YieldingYams,6602282
2026-07-04T05:11:14.917955,2026-07-04T05:11:14.927488+00:00,148.7,125,bid,AverageAlmonds,YieldingYams,6602294
2026-07-04T05:11:15.399264,2026-07-04T05:11:15.407043+00:00,148.8,200,bid,YieldingYams,WavyWalnuts,6602303
2026-07-04T05:11:15.578731,2026-07-04T05:11:15.589139+00:00,148.8,200,ask,YieldingYams,WavyWalnuts,6602308
2026-07-04T05:11:16.757349,2026-07-04T05:11:16.764032+00:00,148.9,500,bid,AverageAlmonds,YieldingYams,6602325
2026-07-04T05:11:17.351395,2026-07-04T05:11:17.354919+00:00,148.8,200,bid,AverageAlmonds,WavyWalnuts,6602335
2026-07-04T05:11:17.351395,2026-07-04T05:11:17.354919+00:00,148.9,125,bid,AverageAlmonds,YieldingYams,6602336
2026-07-04T05:11:19.278096,2026-07-04T05:11:19.281216+00:00,148.9,11,bid,Xuanyu Liu,WavyWalnuts,6602357
2026-07-04T05:11:24.051834,2026-07-04T05:11:24.058669+00:00,148.8,10,ask,Richard Zhang,WavyWalnuts,6602419
2026-07-04T05:11:24.051834,2026-07-04T05:11:24.058669+00:00,148.8,190,ask,YieldingYams,WavyWalnuts,6602420
2026-07-04T05:11:24.619381,2026-07-04T05:11:24.626566+00:00,148.9,10,bid,AverageAlmonds,Richard Zhang,6602431
2026-07-04T05:11:24.871756,2026-07-04T05:11:24.879197+00:00,148.9,4,ask,AverageAlmonds,Richard Zhang,6602437
2026-07-04T05:11:25.217710,2026-07-04T05:11:25.229545+00:00,149.0,500,bid,AverageAlmonds,YieldingYams,6602444
2026-07-04T05:11:25.260622,2026-07-04T05:11:25.268902+00:00,148.9,10,ask,Richard Zhang,WavyWalnuts,6602446
2026-07-04T05:11:25.651434,2026-07-04T05:11:25.655672+00:00,148.8,11,ask,YieldingYams,Xuanyu Liu,6602451
2026-07-04T05:11:25.812295,2026-07-04T05:11:25.821320+00:00,148.9,190,bid,AverageAlmonds,WavyWalnuts,6602454
2026-07-04T05:11:25.812295,2026-07-04T05:11:25.821320+00:00,149.0,125,bid,AverageAlmonds,YieldingYams,6602455
2026-07-04T05:11:25.812295,2026-07-04T05:11:25.826626+00:00,149.0,10,bid,AverageAlmonds,Richard Zhang,6602456
2026-07-04T05:11:25.840972,2026-07-04T05:11:25.844612+00:00,149.1,34,ask,AverageAlmonds,Xuanyu Liu,6602458
2026-07-04T05:11:25.891592,2026-07-04T05:11:25.902842+00:00,149.1,141,ask,AverageAlmonds,YieldingYams,6602462
2026-07-04T05:11:25.945614,2026-07-04T05:11:25.949380+00:00,149.1,34,bid,Xuanyu Liu,YieldingYams,6602465
2026-07-04T05:11:26.414115,2026-07-04T05:11:26.423940+00:00,149.1,450,bid,AverageAlmonds,YieldingYams,6602470
2026-07-04T05:11:26.466923,2026-07-04T05:11:26.496324+00:00,149.1,50,ask,AverageAlmonds,WavyWalnuts,6602472
2026-07-04T05:11:26.492496,2026-07-04T05:11:26.496324+00:00,149.0,11,bid,Xuanyu Liu,WavyWalnuts,6602477
2026-07-04T05:11:26.694011,2026-07-04T05:11:26.705660+00:00,148.9,20,ask,YieldingYams,BrilliantBurritos,6602478
2026-07-04T05:11:26.929401,2026-07-04T05:11:26.933164+00:00,149.0,10,bid,Xuanyu Liu,WavyWalnuts,6602481
2026-07-04T05:11:27.019308,2026-07-04T05:11:27.026646+00:00,149.0,129,bid,AverageAlmonds,WavyWalnuts,6602482
2026-07-04T05:11:27.019308,2026-07-04T05:11:27.031675+00:00,149.0,10,bid,AverageAlmonds,Richard Zhang,6602483
2026-07-04T05:11:27.213104,2026-07-04T05:11:27.216632+00:00,149.4,10,ask,YieldingYams,Xuanyu Liu,6602489
2026-07-04T05:11:27.675066,2026-07-04T05:11:27.682612+00:00,149.4,200,ask,YieldingYams,WavyWalnuts,6602501
2026-07-04T05:11:28.886462,2026-07-04T05:11:28.894406+00:00,149.3,200,ask,YieldingYams,WavyWalnuts,6602528
2026-07-04T05:11:30.108695,2026-07-04T05:11:30.117069+00:00,149.3,10,ask,Richard Zhang,WavyWalnuts,6602557
2026-07-04T05:11:30.108695,2026-07-04T05:11:30.122362+00:00,149.3,190,ask,YieldingYams,WavyWalnuts,6602558
2026-07-04T05:11:31.741183,2026-07-04T05:11:31.752689+00:00,149.4,20,bid,BrilliantBurritos,WavyWalnuts,6602578
2026-07-04T05:11:32.977202,2026-07-04T05:11:32.988689+00:00,149.3,13,ask,YieldingYams,Richard Zhang,6602596
2026-07-04T05:11:33.014209,2026-07-04T05:11:33.017887+00:00,149.3,10,ask,YieldingYams,Xuanyu Liu,6602599
2026-07-04T05:11:33.741889,2026-07-04T05:11:33.749038+00:00,149.3,200,ask,YieldingYams,WavyWalnuts,6602610
2026-07-04T05:11:35.037666,2026-07-04T05:11:35.041148+00:00,149.3,1,ask,WavyWalnuts,Xuanyu Liu,6602631
2026-07-04T05:11:37.682419,2026-07-04T05:11:37.698937+00:00,149.4,200,bid,YieldingYams,WavyWalnuts,6602663
2026-07-04T05:11:37.695779,2026-07-04T05:11:37.698937+00:00,149.4,10,ask,YieldingYams,Xuanyu Liu,6602665
2026-07-04T05:11:38.585440,2026-07-04T05:11:38.597213+00:00,149.4,200,ask,YieldingYams,WavyWalnuts,6602677
2026-07-04T05:11:43.114210,2026-07-04T05:11:43.120998+00:00,149.3,10,ask,YieldingYams,Richard Zhang,6602743
2026-07-04T05:11:43.152550,2026-07-04T05:11:43.156155+00:00,149.3,1,ask,YieldingYams,Xuanyu Liu,6602747
2026-07-04T05:11:47.054745,2026-07-04T05:11:47.068694+00:00,149.5,10,bid,WavyWalnuts,Richard Zhang,6602808
2026-07-04T05:11:47.054745,2026-07-04T05:11:47.068694+00:00,149.5,190,bid,WavyWalnuts,YieldingYams,6602809
2026-07-04T05:11:47.777131,2026-07-04T05:11:47.780892+00:00,149.3,12,ask,YieldingYams,Xuanyu Liu,6602820
2026-07-04T05:11:48.173735,2026-07-04T05:11:48.182730+00:00,149.5,10,bid,YieldingYams,Richard Zhang,6602826
2026-07-04T05:11:48.193695,2026-07-04T05:11:48.197433+00:00,149.5,17,ask,YieldingYams,Xuanyu Liu,6602829
2026-07-04T05:11:48.264712,2026-07-04T05:11:48.275864+00:00,149.5,200,ask,YieldingYams,WavyWalnuts,6602832
2026-07-04T05:11:49.201419,2026-07-04T05:11:49.210597+00:00,149.5,53,ask,YieldingYams,Richard Zhang,6602842
2026-07-04T05:11:51.278293,2026-07-04T05:11:51.281745+00:00,149.6,6,bid,Xuanyu Liu,WavyWalnuts,6602886
2026-07-04T05:11:51.886770,2026-07-04T05:11:51.897230+00:00,149.3,200,ask,YieldingYams,WavyWalnuts,6602894
2026-07-04T05:11:52.126850,2026-07-04T05:11:52.130299+00:00,149.5,4,bid,Xuanyu Liu,YieldingYams,6602898
2026-07-04T05:11:53.107299,2026-07-04T05:11:53.110781+00:00,149.4,7,bid,Xuanyu Liu,WavyWalnuts,6602914
2026-07-04T05:11:54.101779,2026-07-04T05:11:54.106938+00:00,149.3,10,ask,Richard Zhang,Xuanyu Liu,6602934
2026-07-04T05:11:54.101779,2026-07-04T05:11:54.106938+00:00,149.3,1,ask,AverageAlmonds,Xuanyu Liu,6602935
2026-07-04T05:11:54.271035,2026-07-04T05:11:54.281883+00:00,149.4,193,bid,AverageAlmonds,WavyWalnuts,6602936
2026-07-04T05:11:54.309321,2026-07-04T05:11:54.313328+00:00,149.4,6,ask,AverageAlmonds,Xuanyu Liu,6602939
2026-07-04T05:11:54.873013,2026-07-04T05:11:54.880190+00:00,149.5,200,bid,AverageAlmonds,WavyWalnuts,6602946
2026-07-04T05:11:55.307262,2026-07-04T05:11:55.315966+00:00,149.5,10,ask,AverageAlmonds,Richard Zhang,6602960
2026-07-04T05:12:01.297837,2026-07-04T05:12:01.304710+00:00,149.5,10,ask,Richard Zhang,YieldingYams,6603040
2026-07-04T05:12:01.297837,2026-07-04T05:12:01.310028+00:00,149.5,500,ask,AverageAlmonds,YieldingYams,6603041
2026-07-04T05:12:01.521974,2026-07-04T05:12:01.529452+00:00,149.5,115,bid,AverageAlmonds,YieldingYams,6603045
2026-07-04T05:12:01.521974,2026-07-04T05:12:01.534688+00:00,149.5,10,bid,AverageAlmonds,Richard Zhang,6603046
2026-07-04T05:12:03.917510,2026-07-04T05:12:03.928769+00:00,149.9,200,bid,YieldingYams,WavyWalnuts,6603071
2026-07-04T05:12:05.775079,2026-07-04T05:12:05.783159+00:00,150.0,500,bid,AverageAlmonds,YieldingYams,6603104
2026-07-04T05:12:07.859097,2026-07-04T05:12:07.868864+00:00,150.0,200,bid,YieldingYams,WavyWalnuts,6603134
2026-07-04T05:12:09.864753,2026-07-04T05:12:09.868539+00:00,150.1,6,bid,Xuanyu Liu,WavyWalnuts,6603172
2026-07-04T05:12:13.111664,2026-07-04T05:12:13.118795+00:00,150.1,10,ask,Richard Zhang,YieldingYams,6603220
2026-07-04T05:12:13.111664,2026-07-04T05:12:13.132889+00:00,150.1,500,ask,AverageAlmonds,YieldingYams,6603221
2026-07-04T05:12:13.129377,2026-07-04T05:12:13.132889+00:00,150.1,11,bid,Xuanyu Liu,YieldingYams,6603223
2026-07-04T05:12:13.628471,2026-07-04T05:12:13.637232+00:00,150.1,104,bid,AverageAlmonds,YieldingYams,6603230
2026-07-04T05:12:13.628471,2026-07-04T05:12:13.637232+00:00,150.1,10,bid,AverageAlmonds,Richard Zhang,6603231
2026-07-04T05:12:16.100109,2026-07-04T05:12:16.108290+00:00,150.1,10,ask,Richard Zhang,WavyWalnuts,6603270
2026-07-04T05:12:16.100109,2026-07-04T05:12:16.108290+00:00,150.1,190,ask,YieldingYams,WavyWalnuts,6603271
2026-07-04T05:12:17.072835,2026-07-04T05:12:17.076285+00:00,150.2,12,bid,Xuanyu Liu,YieldingYams,6603294
2026-07-04T05:12:17.312442,2026-07-04T05:12:17.320798+00:00,150.1,200,ask,AverageAlmonds,WavyWalnuts,6603298
2026-07-04T05:12:17.554059,2026-07-04T05:12:17.562082+00:00,150.2,17,bid,Richard Zhang,YieldingYams,6603302
2026-07-04T05:12:17.588653,2026-07-04T05:12:17.592078+00:00,150.2,10,bid,Xuanyu Liu,YieldingYams,6603305
2026-07-04T05:12:17.883594,2026-07-04T05:12:17.891862+00:00,150.2,500,bid,AverageAlmonds,YieldingYams,6603313
2026-07-04T05:12:18.481168,2026-07-04T05:12:18.489139+00:00,150.2,10,bid,AverageAlmonds,Richard Zhang,6603323
2026-07-04T05:12:18.520119,2026-07-04T05:12:18.531044+00:00,150.3,200,ask,AverageAlmonds,WavyWalnuts,6603326
2026-07-04T05:12:19.090148,2026-07-04T05:12:19.101596+00:00,150.4,500,bid,AverageAlmonds,YieldingYams,6603335
2026-07-04T05:12:19.349605,2026-07-04T05:12:19.353856+00:00,150.4,1,bid,Xuanyu Liu,YieldingYams,6603339
2026-07-04T05:12:19.494672,2026-07-04T05:12:19.506470+00:00,150.4,20,bid,BrilliantBurritos,YieldingYams,6603340
2026-07-04T05:12:19.589200,2026-07-04T05:12:19.597530+00:00,150.4,32,bid,Richard Zhang,YieldingYams,6603342
2026-07-04T05:12:19.619143,2026-07-04T05:12:19.622836+00:00,150.3,10,bid,Xuanyu Liu,Richard Zhang,6603345
2026-07-04T05:12:19.731401,2026-07-04T05:12:19.743026+00:00,150.5,200,ask,YieldingYams,WavyWalnuts,6603347
2026-07-04T05:12:20.940863,2026-07-04T05:12:20.951874+00:00,150.5,200,ask,YieldingYams,WavyWalnuts,6603359
2026-07-04T05:12:21.577089,2026-07-04T05:12:21.584133+00:00,150.5,20,bid,BrilliantBurritos,YieldingYams,6603370
2026-07-04T05:12:22.312668,2026-07-04T05:12:22.316128+00:00,150.4,1,bid,Xuanyu Liu,YieldingYams,6603380
2026-07-04T05:12:27.588094,2026-07-04T05:12:27.595609+00:00,150.3,10,ask,Richard Zhang,YieldingYams,6603443
2026-07-04T05:12:27.588094,2026-07-04T05:12:27.601187+00:00,150.3,500,ask,AverageAlmonds,YieldingYams,6603444
2026-07-04T05:12:27.588094,2026-07-04T05:12:27.601187+00:00,150.2,115,ask,WavyWalnuts,YieldingYams,6603445
2026-07-04T05:12:27.734275,2026-07-04T05:12:27.745742+00:00,150.2,20,ask,WavyWalnuts,BrilliantBurritos,6603449
2026-07-04T05:12:31.084128,2026-07-04T05:12:31.095056+00:00,150.3,10,ask,Richard Zhang,BrilliantBurritos,6603498
2026-07-04T05:12:31.084128,2026-07-04T05:12:31.095056+00:00,150.3,10,ask,YieldingYams,BrilliantBurritos,6603499
2026-07-04T05:12:32.820736,2026-07-04T05:12:32.828361+00:00,150.5,10,bid,YieldingYams,Richard Zhang,6603521
2026-07-04T05:12:33.828115,2026-07-04T05:12:33.839843+00:00,150.7,20,bid,BrilliantBurritos,WavyWalnuts,6603534
2026-07-04T05:12:35.226972,2026-07-04T05:12:35.230386+00:00,150.6,23,bid,Xuanyu Liu,YieldingYams,6603558
2026-07-04T05:12:35.789711,2026-07-04T05:12:35.797518+00:00,150.6,39,bid,Richard Zhang,YieldingYams,6603563
2026-07-04T05:12:36.788335,2026-07-04T05:12:36.795580+00:00,150.6,10,bid,YieldingYams,Richard Zhang,6603582
2026-07-04T05:12:38.099893,2026-07-04T05:12:38.108497+00:00,150.7,10,bid,YieldingYams,Richard Zhang,6603604
2026-07-04T05:12:38.099893,2026-07-04T05:12:38.108497+00:00,150.7,200,bid,YieldingYams,WavyWalnuts,6603605
2026-07-04T05:12:41.873598,2026-07-04T05:12:41.882151+00:00,150.8,4,bid,Richard Zhang,AverageAlmonds,6603646
2026-07-04T05:12:41.908343,2026-07-04T05:12:41.912048+00:00,150.8,10,bid,Xuanyu Liu,AverageAlmonds,6603649
2026-07-04T05:12:42.105662,2026-07-04T05:12:42.112536+00:00,150.7,200,ask,WavyWalnuts,AverageAlmonds,6603651
2026-07-04T05:12:42.105662,2026-07-04T05:12:42.117822+00:00,150.7,10,ask,Richard Zhang,AverageAlmonds,6603652
2026-07-04T05:12:42.105662,2026-07-04T05:12:42.117822+00:00,150.7,290,ask,YieldingYams,AverageAlmonds,6603653
2026-07-04T05:12:42.701927,2026-07-04T05:12:42.709528+00:00,150.7,335,ask,YieldingYams,AverageAlmonds,6603662
2026-07-04T05:12:42.720500,2026-07-04T05:12:42.723985+00:00,150.7,2,bid,Xuanyu Liu,AverageAlmonds,6603665
2026-07-04T05:12:43.925899,2026-07-04T05:12:43.935919+00:00,150.7,10,bid,Xuanyu Liu,YieldingYams,6603678
2026-07-04T05:12:43.989456,2026-07-04T05:12:43.993542+00:00,150.7,10,bid,Richard Zhang,YieldingYams,6603683
2026-07-04T05:12:45.974217,2026-07-04T05:12:45.984752+00:00,150.7,2,bid,Richard Zhang,YieldingYams,6603708
2026-07-04T05:12:46.372248,2026-07-04T05:12:46.380827+00:00,150.7,200,bid,WavyWalnuts,YieldingYams,6603715
2026-07-04T05:12:47.446889,2026-07-04T05:12:47.463977+00:00,150.7,10,bid,BrilliantBurritos,Richard Zhang,6603733
2026-07-04T05:12:47.446889,2026-07-04T05:12:47.463977+00:00,150.7,10,bid,BrilliantBurritos,YieldingYams,6603734
2026-07-04T05:12:47.585288,2026-07-04T05:12:47.595943+00:00,150.7,200,bid,WavyWalnuts,YieldingYams,6603738
2026-07-04T05:12:47.824056,2026-07-04T05:12:47.827955+00:00,150.7,4,bid,Xuanyu Liu,YieldingYams,6603745
2026-07-04T05:12:48.006568,2026-07-04T05:12:48.015070+00:00,150.7,8,bid,Richard Zhang,YieldingYams,6603747
2026-07-04T05:12:48.572459,2026-07-04T05:12:48.580259+00:00,150.7,10,bid,YieldingYams,Richard Zhang,6603755
2026-07-04T05:12:49.966392,2026-07-04T05:12:49.974774+00:00,150.8,500,ask,YieldingYams,AverageAlmonds,6603774
2026-07-04T05:12:50.037584,2026-07-04T05:12:50.048567+00:00,150.9,10,bid,Richard Zhang,WavyWalnuts,6603776
2026-07-04T05:12:51.173310,2026-07-04T05:12:51.180460+00:00,150.8,125,ask,YieldingYams,AverageAlmonds,6603798
2026-07-04T05:12:51.173310,2026-07-04T05:12:51.185964+00:00,150.8,10,ask,Richard Zhang,AverageAlmonds,6603799
2026-07-04T05:12:51.193962,2026-07-04T05:12:51.201436+00:00,150.6,200,ask,WavyWalnuts,YieldingYams,6603800
2026-07-04T05:12:51.206989,2026-07-04T05:12:51.217279+00:00,150.5,200,bid,WavyWalnuts,YieldingYams,6603801
2026-07-04T05:12:51.913548,2026-07-04T05:12:51.925295+00:00,150.5,20,bid,BrilliantBurritos,YieldingYams,6603809
2026-07-04T05:12:52.502198,2026-07-04T05:12:52.510204+00:00,150.5,10,bid,YieldingYams,Richard Zhang,6603819
2026-07-04T05:12:52.502198,2026-07-04T05:12:52.510204+00:00,150.6,200,bid,YieldingYams,WavyWalnuts,6603820
2026-07-04T05:12:55.798773,2026-07-04T05:12:55.807637+00:00,150.6,20,bid,BrilliantBurritos,WavyWalnuts,6603870
2026-07-04T05:12:56.020052,2026-07-04T05:12:56.028789+00:00,150.5,10,ask,Richard Zhang,AverageAlmonds,6603873
2026-07-04T05:12:56.428325,2026-07-04T05:12:56.436233+00:00,150.5,490,bid,YieldingYams,AverageAlmonds,6603879
2026-07-04T05:12:56.428325,2026-07-04T05:12:56.436233+00:00,150.5,10,bid,YieldingYams,Richard Zhang,6603880
2026-07-04T05:12:56.617166,2026-07-04T05:12:56.626365+00:00,150.5,125,ask,YieldingYams,AverageAlmonds,6603882
2026-07-04T05:12:56.617166,2026-07-04T05:12:56.626365+00:00,150.4,200,ask,WavyWalnuts,AverageAlmonds,6603883
2026-07-04T05:12:56.617166,2026-07-04T05:12:56.631348+00:00,150.4,10,ask,Richard Zhang,AverageAlmonds,6603884
2026-07-04T05:12:56.644065,2026-07-04T05:12:56.648218+00:00,150.3,14,bid,Xuanyu Liu,AverageAlmonds,6603887
2026-07-04T05:12:56.677600,2026-07-04T05:12:56.684822+00:00,150.3,64,bid,Chester Au,AverageAlmonds,6603889
2026-07-04T05:12:57.249589,2026-07-04T05:12:57.264112+00:00,150.3,200,bid,WavyWalnuts,AverageAlmonds,6603895
2026-07-04T05:12:57.752065,2026-07-04T05:12:57.755694+00:00,150.1,11,ask,YieldingYams,Xuanyu Liu,6603898
2026-07-04T05:12:57.799872,2026-07-04T05:12:57.803290+00:00,150.1,3,ask,YieldingYams,Xuanyu Liu,6603900
2026-07-04T05:12:58.123431,2026-07-04T05:12:58.135169+00:00,150.1,2,ask,YieldingYams,Richard Zhang,6603904
2026-07-04T05:12:58.138564,2026-07-04T05:12:58.145677+00:00,150.2,10,ask,Richard Zhang,Chester Au,6603906
2026-07-04T05:12:58.472955,2026-07-04T05:12:58.479758+00:00,150.2,54,ask,WavyWalnuts,Chester Au,6603915
2026-07-04T05:13:00.165203,2026-07-04T05:13:00.172878+00:00,150.2,10,ask,YieldingYams,Richard Zhang,6603937
2026-07-04T05:13:00.360646,2026-07-04T05:13:00.368290+00:00,150.4,200,bid,YieldingYams,WavyWalnuts,6603943
2026-07-04T05:13:00.360646,2026-07-04T05:13:00.373264+00:00,150.4,10,bid,YieldingYams,Richard Zhang,6603944
2026-07-04T05:13:00.360646,2026-07-04T05:13:00.373264+00:00,150.4,415,bid,YieldingYams,AverageAlmonds,6603945
2026-07-04T05:13:01.555269,2026-07-04T05:13:01.558760+00:00,150.2,10,ask,Richard Zhang,BrilliantBurritos,6603961
2026-07-04T05:13:01.555269,2026-07-04T05:13:01.558760+00:00,150.2,10,ask,WavyWalnuts,BrilliantBurritos,6603962
2026-07-04T05:13:02.075032,2026-07-04T05:13:02.084928+00:00,150.3,500,ask,YieldingYams,AverageAlmonds,6603967
2026-07-04T05:13:02.387249,2026-07-04T05:13:02.395890+00:00,150.4,20,bid,BrilliantBurritos,WavyWalnuts,6603974
2026-07-04T05:13:02.680076,2026-07-04T05:13:02.691707+00:00,150.4,20,bid,BrilliantBurritos,WavyWalnuts,6603982
2026-07-04T05:13:02.982249,2026-07-04T05:13:03.000977+00:00,150.3,10,ask,Richard Zhang,YieldingYams,6603985
2026-07-04T05:13:02.997546,2026-07-04T05:13:03.000977+00:00,150.2,3,bid,Xuanyu Liu,YieldingYams,6603987
2026-07-04T05:13:03.217183,2026-07-04T05:13:03.226745+00:00,150.2,25,bid,Alan Tran,YieldingYams,6603990
2026-07-04T05:13:03.323707,2026-07-04T05:13:03.334200+00:00,150.2,200,bid,WavyWalnuts,YieldingYams,6603992
2026-07-04T05:13:04.223841,2026-07-04T05:13:04.232993+00:00,150.0,9,ask,YieldingYams,Richard Zhang,6604007
2026-07-04T05:13:04.556024,2026-07-04T05:13:04.559366+00:00,150.1,3,ask,WavyWalnuts,Xuanyu Liu,6604016
2026-07-04T05:13:06.263171,2026-07-04T05:13:06.271005+00:00,150.1,1,ask,YieldingYams,Richard Zhang,6604038
2026-07-04T05:13:06.959263,2026-07-04T05:13:06.969372+00:00,150.1,10,ask,Richard Zhang,WavyWalnuts,6604052
2026-07-04T05:13:08.229818,2026-07-04T05:13:08.236904+00:00,149.9,2,ask,YieldingYams,Alan Tran,6604063
2026-07-04T05:13:08.297375,2026-07-04T05:13:08.307610+00:00,149.9,9,ask,YieldingYams,Richard Zhang,6604065
2026-07-04T05:13:08.670121,2026-07-04T05:13:08.679663+00:00,149.9,20,ask,YieldingYams,BrilliantBurritos,6604073
2026-07-04T05:13:09.381846,2026-07-04T05:13:09.393160+00:00,150.0,10,bid,WavyWalnuts,Richard Zhang,6604080
2026-07-04T05:13:10.339447,2026-07-04T05:13:10.349721+00:00,150.1,8,bid,Richard Zhang,YieldingYams,6604094
2026-07-04T05:13:10.861646,2026-07-04T05:13:10.870419+00:00,150.0,10,ask,Richard Zhang,YieldingYams,6604100
2026-07-04T05:13:10.861646,2026-07-04T05:13:10.870419+00:00,150.0,200,ask,WavyWalnuts,YieldingYams,6604101
2026-07-04T05:13:12.387465,2026-07-04T05:13:12.395311+00:00,149.9,9,ask,WavyWalnuts,Richard Zhang,6604118
2026-07-04T05:13:12.845897,2026-07-04T05:13:12.852400+00:00,149.9,20,ask,WavyWalnuts,BrilliantBurritos,6604125
2026-07-04T05:13:13.239874,2026-07-04T05:13:13.251770+00:00,149.9,2,ask,YieldingYams,Alan Tran,6604137
2026-07-04T05:13:18.249746,2026-07-04T05:13:18.261603+00:00,149.9,10,ask,Richard Zhang,Alan Tran,6604198
2026-07-04T05:13:18.249746,2026-07-04T05:13:18.261603+00:00,149.9,15,ask,WavyWalnuts,Alan Tran,6604199
2026-07-04T05:13:18.260348,2026-07-04T05:13:18.266820+00:00,150.0,2,bid,Alan Tran,Richard Zhang,6604201
2026-07-04T05:13:18.464989,2026-07-04T05:13:18.474442+00:00,149.9,8,ask,WavyWalnuts,Richard Zhang,6604208
2026-07-04T05:13:19.072539,2026-07-04T05:13:19.083088+00:00,150.0,200,bid,WavyWalnuts,YieldingYams,6604221
2026-07-04T05:13:22.343738,2026-07-04T05:13:22.355705+00:00,149.9,10,ask,Richard Zhang,BrilliantBurritos,6604263
2026-07-04T05:13:22.521837,2026-07-04T05:13:22.529220+00:00,149.8,10,ask,YieldingYams,Richard Zhang,6604268
2026-07-04T05:13:24.113039,2026-07-04T05:13:24.124977+00:00,150.1,10,bid,BrilliantBurritos,Richard Zhang,6604294
2026-07-04T05:13:24.113039,2026-07-04T05:13:24.124977+00:00,150.1,10,bid,BrilliantBurritos,WavyWalnuts,6604295
2026-07-04T05:13:24.575781,2026-07-04T05:13:24.579275+00:00,149.9,3,ask,YieldingYams,Xuanyu Liu,6604307
2026-07-04T05:13:26.309172,2026-07-04T05:13:26.314641+00:00,149.9,10,ask,Richard Zhang,Xuanyu Liu,6604336
2026-07-04T05:13:26.309172,2026-07-04T05:13:26.314641+00:00,149.9,1,ask,WavyWalnuts,Xuanyu Liu,6604337
2026-07-04T05:13:26.576317,2026-07-04T05:13:26.587079+00:00,149.9,2,ask,YieldingYams,Richard Zhang,6604338
2026-07-04T05:13:26.591031,2026-07-04T05:13:26.602558+00:00,150.0,200,bid,YieldingYams,WavyWalnuts,6604340
2026-07-04T05:13:26.594245,2026-07-04T05:13:26.602558+00:00,150.0,10,ask,YieldingYams,Richard Zhang,6604341
2026-07-04T05:13:26.608140,2026-07-04T05:13:26.612091+00:00,150.0,12,ask,YieldingYams,Xuanyu Liu,6604343
2026-07-04T05:13:28.757947,2026-07-04T05:13:28.769396+00:00,150.2,200,bid,WavyWalnuts,YieldingYams,6604372
2026-07-04T05:13:32.158701,2026-07-04T05:13:32.162216+00:00,150.3,10,bid,Xuanyu Liu,Richard Zhang,6604417
2026-07-04T05:13:32.400862,2026-07-04T05:13:32.404760+00:00,150.2,13,bid,Xuanyu Liu,WavyWalnuts,6604424
2026-07-04T05:13:32.667345,2026-07-04T05:13:32.676345+00:00,150.2,19,bid,Richard Zhang,WavyWalnuts,6604426
2026-07-04T05:13:32.705036,2026-07-04T05:13:32.708126+00:00,150.2,3,bid,Xuanyu Liu,WavyWalnuts,6604430
2026-07-04T05:13:34.478675,2026-07-04T05:13:34.489526+00:00,150.2,10,bid,YieldingYams,Richard Zhang,6604453
2026-07-04T05:13:34.478675,2026-07-04T05:13:34.489526+00:00,150.2,200,bid,YieldingYams,WavyWalnuts,6604454
2026-07-04T05:13:35.319735,2026-07-04T05:13:35.323298+00:00,150.2,14,ask,YieldingYams,Xuanyu Liu,6604468
2026-07-04T05:13:35.882858,2026-07-04T05:13:35.894539+00:00,150.3,20,bid,BrilliantBurritos,WavyWalnuts,6604475
2026-07-04T05:13:36.013204,2026-07-04T05:13:36.021317+00:00,150.2,10,ask,Richard Zhang,WavyWalnuts,6604476
2026-07-04T05:13:36.585463,2026-07-04T05:13:36.593246+00:00,150.2,190,bid,AverageAlmonds,WavyWalnuts,6604482
2026-07-04T05:13:37.208678,2026-07-04T05:13:37.212457+00:00,150.3,12,ask,AverageAlmonds,Xuanyu Liu,6604486
2026-07-04T05:13:37.222992,2026-07-04T05:13:37.233323+00:00,150.3,200,ask,AverageAlmonds,WavyWalnuts,6604487
2026-07-04T05:13:38.397926,2026-07-04T05:13:38.431028+00:00,150.4,10,bid,AverageAlmonds,Richard Zhang,6604501
2026-07-04T05:13:38.427207,2026-07-04T05:13:38.431028+00:00,150.4,10,ask,AverageAlmonds,Xuanyu Liu,6604503
2026-07-04T05:13:38.440958,2026-07-04T05:13:38.452094+00:00,150.4,200,ask,AverageAlmonds,WavyWalnuts,6604504
2026-07-04T05:13:38.548376,2026-07-04T05:13:38.560314+00:00,150.5,20,bid,BrilliantBurritos,YieldingYams,6604505
2026-07-04T05:13:38.994330,2026-07-04T05:13:39.001832+00:00,150.5,500,bid,AverageAlmonds,YieldingYams,6604514
2026-07-04T05:13:39.592720,2026-07-04T05:13:39.595457+00:00,150.5,105,bid,AverageAlmonds,YieldingYams,6604522
2026-07-04T05:13:39.592720,2026-07-04T05:13:39.595457+00:00,150.5,10,bid,AverageAlmonds,Richard Zhang,6604523
2026-07-04T05:13:39.650583,2026-07-04T05:13:39.658622+00:00,150.6,200,ask,AverageAlmonds,WavyWalnuts,6604526
2026-07-04T05:13:40.786666,2026-07-04T05:13:40.790310+00:00,150.7,1,ask,YieldingYams,Xuanyu Liu,6604542
2026-07-04T05:13:41.048785,2026-07-04T05:13:41.068010+00:00,150.8,200,bid,YieldingYams,WavyWalnuts,6604545
2026-07-04T05:13:41.048785,2026-07-04T05:13:41.068010+00:00,150.9,10,bid,YieldingYams,Richard Zhang,6604546
2026-07-04T05:13:41.064392,2026-07-04T05:13:41.068010+00:00,150.9,9,ask,YieldingYams,Xuanyu Liu,6604548
2026-07-04T05:13:41.075624,2026-07-04T05:13:41.079360+00:00,150.9,3,ask,YieldingYams,Xuanyu Liu,6604550
2026-07-04T05:13:41.649280,2026-07-04T05:13:41.653021+00:00,151.1,23,bid,Xuanyu Liu,YieldingYams,6604561
2026-07-04T05:13:42.378808,2026-07-04T05:13:42.382556+00:00,150.9,23,bid,Xuanyu Liu,YieldingYams,6604569
2026-07-04T05:13:42.788195,2026-07-04T05:13:42.799275+00:00,150.9,30,bid,Richard Zhang,YieldingYams,6604576
2026-07-04T05:13:42.825374,2026-07-04T05:13:42.829518+00:00,150.9,3,bid,Xuanyu Liu,YieldingYams,6604580
2026-07-04T05:13:44.495114,2026-07-04T05:13:44.503853+00:00,150.9,10,bid,WavyWalnuts,Richard Zhang,6604613
2026-07-04T05:13:44.810827,2026-07-04T05:13:44.814792+00:00,150.9,3,ask,WavyWalnuts,Xuanyu Liu,6604626
2026-07-04T05:13:44.851168,2026-07-04T05:13:44.855220+00:00,150.9,10,ask,WavyWalnuts,Xuanyu Liu,6604628
2026-07-04T05:13:46.911473,2026-07-04T05:13:46.914961+00:00,150.9,1,ask,Richard Zhang,Xuanyu Liu,6604654
2026-07-04T05:13:48.133078,2026-07-04T05:13:48.141450+00:00,151.0,200,bid,WavyWalnuts,YieldingYams,6604667
2026-07-04T05:13:48.910569,2026-07-04T05:13:48.918155+00:00,151.0,5,bid,Richard Zhang,YieldingYams,6604682
2026-07-04T05:13:50.224034,2026-07-04T05:13:50.227227+00:00,150.9,11,bid,Xuanyu Liu,YieldingYams,6604700
2026-07-04T05:13:51.520013,2026-07-04T05:13:51.526726+00:00,150.8,200,ask,WavyWalnuts,YieldingYams,6604711
2026-07-04T05:13:51.520013,2026-07-04T05:13:51.540536+00:00,150.8,10,ask,Richard Zhang,YieldingYams,6604712
2026-07-04T05:13:51.536864,2026-07-04T05:13:51.540536+00:00,150.8,3,bid,Xuanyu Liu,YieldingYams,6604715
2026-07-04T05:13:52.988016,2026-07-04T05:13:52.998037+00:00,150.7,3,ask,YieldingYams,Richard Zhang,6604732
2026-07-04T05:13:58.351868,2026-07-04T05:13:58.363629+00:00,150.7,20,ask,YieldingYams,BrilliantBurritos,6604816
2026-07-04T05:13:59.033624,2026-07-04T05:13:59.041441+00:00,150.7,200,ask,YieldingYams,WavyWalnuts,6604827
2026-07-04T05:13:59.407429,2026-07-04T05:13:59.418869+00:00,150.9,10,bid,BrilliantBurritos,YieldingYams,6604832
2026-07-04T05:13:59.407429,2026-07-04T05:13:59.418869+00:00,150.9,10,bid,BrilliantBurritos,Richard Zhang,6604833
2026-07-04T05:14:00.244148,2026-07-04T05:14:00.258572+00:00,150.7,10,ask,Richard Zhang,WavyWalnuts,6604851
2026-07-04T05:14:00.244148,2026-07-04T05:14:00.258572+00:00,150.6,190,ask,YieldingYams,WavyWalnuts,6604852
2026-07-04T05:14:01.453238,2026-07-04T05:14:01.464123+00:00,150.7,10,ask,Richard Zhang,WavyWalnuts,6604871
2026-07-04T05:14:01.453238,2026-07-04T05:14:01.464123+00:00,150.7,190,ask,AverageAlmonds,WavyWalnuts,6604872
2026-07-04T05:14:02.026781,2026-07-04T05:14:02.033412+00:00,150.8,10,bid,YieldingYams,Richard Zhang,6604880
2026-07-04T05:14:03.348877,2026-07-04T05:14:03.352595+00:00,150.9,3,ask,YieldingYams,Xuanyu Liu,6604896
2026-07-04T05:14:06.299414,2026-07-04T05:14:06.307685+00:00,150.9,10,ask,Richard Zhang,WavyWalnuts,6604938
2026-07-04T05:14:06.695706,2026-07-04T05:14:06.702516+00:00,150.7,20,ask,YieldingYams,BrilliantBurritos,6604941
2026-07-04T05:14:07.173373,2026-07-04T05:14:07.182646+00:00,150.7,10,ask,YieldingYams,Richard Zhang,6604948
2026-07-04T05:14:08.716731,2026-07-04T05:14:08.726435+00:00,150.9,10,bid,WavyWalnuts,Richard Zhang,6604970
2026-07-04T05:14:08.716731,2026-07-04T05:14:08.726435+00:00,150.9,190,bid,WavyWalnuts,YieldingYams,6604971
2026-07-04T05:14:09.896166,2026-07-04T05:14:09.899833+00:00,150.8,10,ask,YieldingYams,Xuanyu Liu,6604986
2026-07-04T05:14:12.499188,2026-07-04T05:14:12.505552+00:00,150.9,200,bid,YieldingYams,WavyWalnuts,6605034
2026-07-04T05:14:13.214617,2026-07-04T05:14:13.225874+00:00,150.9,20,ask,YieldingYams,BrilliantBurritos,6605045
2026-07-04T05:14:13.274477,2026-07-04T05:14:13.278141+00:00,151.0,1,ask,Richard Zhang,Xuanyu Liu,6605048
2026-07-04T05:14:13.547800,2026-07-04T05:14:13.559039+00:00,151.0,9,ask,Richard Zhang,WavyWalnuts,6605050
2026-07-04T05:14:13.547800,2026-07-04T05:14:13.559039+00:00,150.9,191,ask,YieldingYams,WavyWalnuts,6605051
2026-07-04T05:14:14.755477,2026-07-04T05:14:14.763571+00:00,150.9,200,bid,WavyWalnuts,YieldingYams,6605085
2026-07-04T05:14:15.330641,2026-07-04T05:14:15.334520+00:00,150.8,10,bid,WavyWalnuts,Richard Zhang,6605093
2026-07-04T05:14:15.913512,2026-07-04T05:14:15.920969+00:00,150.8,500,bid,AverageAlmonds,YieldingYams,6605100
2026-07-04T05:14:15.962640,2026-07-04T05:14:15.969882+00:00,150.8,115,bid,WavyWalnuts,YieldingYams,6605102
2026-07-04T05:14:15.962640,2026-07-04T05:14:15.975407+00:00,150.8,10,bid,Xuanyu Liu,YieldingYams,6605103
2026-07-04T05:14:20.021606,2026-07-04T05:14:20.030272+00:00,151.2,10,bid,BrilliantBurritos,Richard Zhang,6605168
2026-07-04T05:14:22.754243,2026-07-04T05:14:22.757418+00:00,151.2,1,bid,Xuanyu Liu,Richard Zhang,6605205
2026-07-04T05:14:23.411189,2026-07-04T05:14:23.422266+00:00,151.2,18,bid,Richard Zhang,WavyWalnuts,6605210
2026-07-04T05:14:27.142494,2026-07-04T05:14:27.154437+00:00,151.1,10,ask,Richard Zhang,BrilliantBurritos,6605256
2026-07-04T05:14:27.142494,2026-07-04T05:14:27.154437+00:00,151.1,10,ask,WavyWalnuts,BrilliantBurritos,6605257
2026-07-04T05:14:29.078741,2026-07-04T05:14:29.082258+00:00,151.2,3,bid,Xuanyu Liu,Richard Zhang,6605286
2026-07-04T05:14:29.518019,2026-07-04T05:14:29.533917+00:00,151.2,2,bid,Richard Zhang,YieldingYams,6605291
2026-07-04T05:14:29.570468,2026-07-04T05:14:29.578644+00:00,151.0,200,ask,WavyWalnuts,YieldingYams,6605295
2026-07-04T05:14:29.570468,2026-07-04T05:14:29.578644+00:00,151.0,10,ask,Richard Zhang,YieldingYams,6605296
2026-07-04T05:14:29.586792,2026-07-04T05:14:29.590491+00:00,151.0,14,bid,Xuanyu Liu,YieldingYams,6605299
2026-07-04T05:14:29.590405,2026-07-04T05:14:29.605956+00:00,151.0,155,bid,Chester Au,YieldingYams,6605300
2026-07-04T05:14:31.551986,2026-07-04T05:14:31.558544+00:00,150.9,4,ask,WavyWalnuts,Richard Zhang,6605328
2026-07-04T05:14:31.699409,2026-07-04T05:14:31.709869+00:00,151.1,10,bid,WavyWalnuts,Richard Zhang,6605331
2026-07-04T05:14:31.711025,2026-07-04T05:14:31.714359+00:00,151.1,10,ask,WavyWalnuts,Xuanyu Liu,6605332
2026-07-04T05:14:32.191593,2026-07-04T05:14:32.202804+00:00,151.1,180,ask,WavyWalnuts,YieldingYams,6605335
2026-07-04T05:14:33.587402,2026-07-04T05:14:33.599136+00:00,151.2,1,bid,Richard Zhang,WavyWalnuts,6605356
2026-07-04T05:14:34.805759,2026-07-04T05:14:34.821788+00:00,151.1,200,bid,YieldingYams,WavyWalnuts,6605379
2026-07-04T05:14:34.805759,2026-07-04T05:14:34.821788+00:00,151.2,10,bid,YieldingYams,Richard Zhang,6605380
2026-07-04T05:14:34.818261,2026-07-04T05:14:34.821788+00:00,151.2,4,ask,YieldingYams,Xuanyu Liu,6605381
2026-07-04T05:14:35.620942,2026-07-04T05:14:35.630012+00:00,151.3,9,bid,Richard Zhang,WavyWalnuts,6605397
2026-07-04T05:14:37.653324,2026-07-04T05:14:37.662247+00:00,151.3,3,bid,Richard Zhang,WavyWalnuts,6605425
2026-07-04T05:14:40.046302,2026-07-04T05:14:40.051832+00:00,151.2,200,bid,YieldingYams,WavyWalnuts,6605462
2026-07-04T05:14:40.046302,2026-07-04T05:14:40.051832+00:00,151.2,10,bid,YieldingYams,Richard Zhang,6605463
2026-07-04T05:14:41.362920,2026-07-04T05:14:41.371639+00:00,151.0,10,ask,Richard Zhang,YieldingYams,6605483
2026-07-04T05:14:41.362920,2026-07-04T05:14:41.371639+00:00,151.0,200,ask,WavyWalnuts,YieldingYams,6605484
2026-07-04T05:14:41.796919,2026-07-04T05:14:41.808628+00:00,150.8,20,ask,WavyWalnuts,BrilliantBurritos,6605489
2026-07-04T05:14:42.674028,2026-07-04T05:14:42.684916+00:00,151.0,10,bid,YieldingYams,Richard Zhang,6605498
2026-07-04T05:14:43.807306,2026-07-04T05:14:43.816581+00:00,151.0,10,ask,YieldingYams,Chester Au,6605522
2026-07-04T05:14:47.440100,2026-07-04T05:14:47.458558+00:00,151.1,10,ask,WavyWalnuts,Chester Au,6605575
2026-07-04T05:14:47.843469,2026-07-04T05:14:47.850784+00:00,151.1,10,ask,WavyWalnuts,Chester Au,6605581
2026-07-04T05:14:49.849048,2026-07-04T05:14:49.858197+00:00,151.2,5,bid,Richard Zhang,YieldingYams,6605613
2026-07-04T05:14:50.537487,2026-07-04T05:14:50.547617+00:00,151.1,200,ask,WavyWalnuts,YieldingYams,6605624
2026-07-04T05:14:50.537487,2026-07-04T05:14:50.547617+00:00,151.1,10,ask,Richard Zhang,YieldingYams,6605625
2026-07-04T05:14:51.294219,2026-07-04T05:14:51.297882+00:00,150.9,3,ask,YieldingYams,Xuanyu Liu,6605641
2026-07-04T05:14:51.298602,2026-07-04T05:14:51.313345+00:00,150.9,50,ask,YieldingYams,Chester Au,6605642
2026-07-04T05:14:51.847141,2026-07-04T05:14:51.862569+00:00,151.1,200,bid,YieldingYams,WavyWalnuts,6605647
2026-07-04T05:14:51.863086,2026-07-04T05:14:51.877862+00:00,151.1,75,ask,YieldingYams,Chester Au,6605650
2026-07-04T05:14:51.888130,2026-07-04T05:14:51.894641+00:00,151.1,4,ask,YieldingYams,Richard Zhang,6605651
2026-07-04T05:14:51.909919,2026-07-04T05:14:51.913121+00:00,151.2,10,ask,Richard Zhang,Xuanyu Liu,6605655
2026-07-04T05:14:51.933252,2026-07-04T05:14:51.936434+00:00,151.1,1,ask,YieldingYams,Xuanyu Liu,6605657
2026-07-04T05:14:54.696852,2026-07-04T05:14:54.706118+00:00,151.1,10,ask,Richard Zhang,WavyWalnuts,6605694
2026-07-04T05:14:54.696852,2026-07-04T05:14:54.706118+00:00,151.1,190,ask,YieldingYams,WavyWalnuts,6605695
2026-07-04T05:14:55.938034,2026-07-04T05:14:55.948461+00:00,151.0,20,ask,YieldingYams,Richard Zhang,6605711
2026-07-04T05:14:57.190912,2026-07-04T05:14:57.202364+00:00,151.1,10,ask,WavyWalnuts,BrilliantBurritos,6605738
