timestamp,recv_time,price,volume,aggressor_side,buyer,seller,trade_id
2026-06-29T10:00:00.698349,2026-06-29T00:00:01.144387+00:00,99.1,200,bid,,,11765612
2026-06-29T10:00:01.910196,2026-06-29T00:00:02.354244+00:00,99.1,200,ask,,,11765632
2026-06-29T10:00:01.930352,2026-06-29T00:00:02.376244+00:00,99.3,20,bid,,,11765633
2026-06-29T10:00:04.664202,2026-06-29T00:00:05.114814+00:00,99.2,200,bid,,,11765686
2026-06-29T10:00:05.543059,2026-06-29T00:00:05.994814+00:00,99.3,200,ask,,,11765699
2026-06-29T10:00:09.130819,2026-06-29T00:00:09.578933+00:00,99.3,500,ask,,,11765772
2026-06-29T10:00:09.750606,2026-06-29T00:00:10.194933+00:00,99.3,125,ask,,,11765780
2026-06-29T10:00:09.750606,2026-06-29T00:00:10.205923+00:00,99.3,200,ask,,,11765781
2026-06-29T10:00:10.384361,2026-06-29T00:00:10.832933+00:00,99.1,200,bid,,,11765796
2026-06-29T10:00:11.597739,2026-06-29T00:00:12.042932+00:00,99.1,200,bid,,,11765817
2026-06-29T10:00:12.811296,2026-06-29T00:00:13.264038+00:00,99.2,200,ask,,,11765846
2026-06-29T10:00:14.021747,2026-06-29T00:00:14.474037+00:00,99.3,200,bid,,,11765867
2026-06-29T10:00:14.583941,2026-06-29T00:00:15.035037+00:00,99.2,500,ask,,,11765878
2026-06-29T10:00:16.455440,2026-06-29T00:00:16.904947+00:00,99.2,200,bid,,,11765930
2026-06-29T10:00:17.666111,2026-06-29T00:00:18.114087+00:00,99.1,200,bid,,,11765961
2026-06-29T10:00:18.374475,2026-06-29T00:00:18.828620+00:00,99.1,20,ask,,,11765987
2026-06-29T10:00:21.293091,2026-06-29T00:00:21.744008+00:00,99.1,200,bid,,,11766053
2026-06-29T10:00:23.710115,2026-06-29T00:00:24.163134+00:00,99.0,1,ask,,,11766091
2026-06-29T10:00:23.710115,2026-06-29T00:00:24.163134+00:00,99.0,199,ask,,,11766092
2026-06-29T10:00:24.358158,2026-06-29T00:00:24.812143+00:00,98.9,6,ask,,,11766105
2026-06-29T10:00:24.358158,2026-06-29T00:00:24.812143+00:00,98.9,500,ask,,,11766106
2026-06-29T10:00:24.916779,2026-06-29T00:00:25.362143+00:00,98.9,119,bid,,,11766114
2026-06-29T10:00:26.126076,2026-06-29T00:00:26.571713+00:00,99.0,200,ask,,,11766141
2026-06-29T10:00:27.335464,2026-06-29T00:00:27.781704+00:00,99.1,200,ask,,,11766164
2026-06-29T10:00:33.407473,2026-06-29T00:00:33.863002+00:00,98.9,5,ask,,,11766268
2026-06-29T10:00:33.407473,2026-06-29T00:00:33.863002+00:00,98.9,195,ask,,,11766269
2026-06-29T10:00:33.977399,2026-06-29T00:00:34.423994+00:00,98.9,500,bid,,,11766291
2026-06-29T10:00:34.573034,2026-06-29T00:00:35.018002+00:00,98.9,125,bid,,,11766295
2026-06-29T10:00:38.250761,2026-06-29T00:00:38.702243+00:00,99.3,3,bid,,,11766355
2026-06-29T10:00:38.250761,2026-06-29T00:00:38.702243+00:00,99.3,197,bid,,,11766356
2026-06-29T10:00:38.777209,2026-06-29T00:00:39.230244+00:00,99.2,11,bid,,,11766366
2026-06-29T10:00:39.459510,2026-06-29T00:00:39.912252+00:00,99.4,10,bid,,,11766381
2026-06-29T10:00:39.459510,2026-06-29T00:00:39.912252+00:00,99.4,190,bid,,,11766382
2026-06-29T10:00:41.402883,2026-06-29T00:00:41.848252+00:00,99.5,9,bid,,,11766417
2026-06-29T10:00:41.402883,2026-06-29T00:00:41.848252+00:00,99.5,200,bid,,,11766418
2026-06-29T10:00:41.402883,2026-06-29T00:00:41.859252+00:00,99.5,416,bid,,,11766419
2026-06-29T10:00:41.877487,2026-06-29T00:00:42.332252+00:00,99.4,9,bid,,,11766423
2026-06-29T10:00:42.716167,2026-06-29T00:00:43.167519+00:00,99.4,191,ask,,,11766438
2026-06-29T10:00:43.086578,2026-06-29T00:00:43.541519+00:00,99.4,200,bid,,,11766448
2026-06-29T10:00:44.297701,2026-06-29T00:00:44.751053+00:00,99.4,200,ask,,,11766475
2026-06-29T10:00:44.863398,2026-06-29T00:00:45.312054+00:00,99.4,425,ask,,,11766485
2026-06-29T10:00:45.334322,2026-06-29T00:00:45.785053+00:00,99.2,200,ask,,,11766491
2026-06-29T10:00:45.502591,2026-06-29T00:00:45.950053+00:00,99.2,200,bid,,,11766499
2026-06-29T10:00:50.568487,2026-06-29T00:00:51.019895+00:00,99.3,200,bid,,,11766602
2026-06-29T10:00:51.878740,2026-06-29T00:00:52.328428+00:00,99.3,200,ask,,,11766618
2026-06-29T10:00:52.375506,2026-06-29T00:00:52.823420+00:00,99.2,20,bid,,,11766637
2026-06-29T10:00:53.194834,2026-06-29T00:00:53.658520+00:00,99.1,1,ask,,,11766657
2026-06-29T10:00:53.194834,2026-06-29T00:00:53.658520+00:00,99.1,200,ask,,,11766658
2026-06-29T10:00:55.198030,2026-06-29T00:00:55.649520+00:00,99.2,200,bid,,,11766702
2026-06-29T10:00:55.814212,2026-06-29T00:00:56.265076+00:00,99.1,2,ask,,,11766711
2026-06-29T10:00:56.404467,2026-06-29T00:00:56.859075+00:00,99.0,200,bid,,,11766722
2026-06-29T10:00:57.611988,2026-06-29T00:00:58.057716+00:00,99.1,200,bid,,,11766750
2026-06-29T10:00:58.824940,2026-06-29T00:00:59.278716+00:00,99.2,200,bid,,,11766770
2026-06-29T10:01:00.042612,2026-06-29T00:01:00.488716+00:00,99.2,200,bid,,,11766789
2026-06-29T10:01:04.395956,2026-06-29T00:01:04.842874+00:00,99.3,20,ask,,,11766830
2026-06-29T10:01:07.324242,2026-06-29T00:01:07.778894+00:00,99.4,200,bid,,,11766874
2026-06-29T10:01:08.532481,2026-06-29T00:01:08.986981+00:00,99.3,200,ask,,,11766897
2026-06-29T10:01:09.739881,2026-06-29T00:01:10.185981+00:00,99.3,200,ask,,,11766914
2026-06-29T10:01:10.929146,2026-06-29T00:01:11.373981+00:00,99.4,500,bid,,,11766935
2026-06-29T10:01:11.548697,2026-06-29T00:01:12.000981+00:00,99.4,200,bid,,,11766947
2026-06-29T10:01:11.548697,2026-06-29T00:01:12.000981+00:00,99.5,8,bid,,,11766948
2026-06-29T10:01:12.228770,2026-06-29T00:01:12.682981+00:00,99.5,200,ask,,,11766954
2026-06-29T10:01:15.862943,2026-06-29T00:01:16.310205+00:00,99.3,200,ask,,,11766997
2026-06-29T10:01:17.074804,2026-06-29T00:01:17.520204+00:00,99.3,200,ask,,,11767004
2026-06-29T10:01:18.285114,2026-06-29T00:01:18.730341+00:00,99.2,200,ask,,,11767023
2026-06-29T10:01:23.339013,2026-06-29T00:01:23.788634+00:00,99.2,200,bid,,,11767106
2026-06-29T10:01:25.964178,2026-06-29T00:01:26.417712+00:00,99.1,1,ask,,,11767164
2026-06-29T10:01:25.964178,2026-06-29T00:01:26.417712+00:00,99.1,200,ask,,,11767165
2026-06-29T10:01:25.964178,2026-06-29T00:01:26.417712+00:00,99.0,424,ask,,,11767166
2026-06-29T10:01:27.292392,2026-06-29T00:01:27.737734+00:00,99.2,200,bid,,,11767192
2026-06-29T10:01:30.398531,2026-06-29T00:01:30.850381+00:00,99.1,2,ask,,,11767251
2026-06-29T10:01:30.398531,2026-06-29T00:01:30.850381+00:00,99.1,198,ask,,,11767252
2026-06-29T10:01:31.227738,2026-06-29T00:01:31.675382+00:00,99.1,500,ask,,,11767266
2026-06-29T10:01:31.227738,2026-06-29T00:01:31.675382+00:00,99.1,2,ask,,,11767267
2026-06-29T10:01:31.511307,2026-06-29T00:01:31.961381+00:00,99.1,123,bid,,,11767275
2026-06-29T10:01:31.550487,2026-06-29T00:01:32.005381+00:00,99.4,7,bid,,,11767276
2026-06-29T10:01:31.610267,2026-06-29T00:01:32.071381+00:00,99.1,200,ask,,,11767282
2026-06-29T10:01:32.819957,2026-06-29T00:01:33.269935+00:00,99.2,200,ask,,,11767309
2026-06-29T10:01:34.032350,2026-06-29T00:01:34.479944+00:00,99.2,200,ask,,,11767338
2026-06-29T10:01:35.245100,2026-06-29T00:01:35.689935+00:00,99.2,200,ask,,,11767365
2026-06-29T10:01:35.737656,2026-06-29T00:01:36.183834+00:00,99.2,20,ask,,,11767366
2026-06-29T10:01:37.677561,2026-06-29T00:01:38.129542+00:00,99.2,200,ask,,,11767418
2026-06-29T10:01:40.443713,2026-06-29T00:01:40.890542+00:00,99.4,1,bid,,,11767474
2026-06-29T10:01:41.311791,2026-06-29T00:01:41.759542+00:00,99.4,200,ask,,,11767486
2026-06-29T10:01:42.517717,2026-06-29T00:01:42.969542+00:00,99.4,200,bid,,,11767508
2026-06-29T10:01:48.570201,2026-06-29T00:01:49.016030+00:00,99.4,200,bid,,,11767622
2026-06-29T10:01:49.777673,2026-06-29T00:01:50.226022+00:00,99.5,1,bid,,,11767645
2026-06-29T10:01:49.777673,2026-06-29T00:01:50.226022+00:00,99.5,199,bid,,,11767646
2026-06-29T10:01:50.987144,2026-06-29T00:01:51.436022+00:00,99.5,1,bid,,,11767678
2026-06-29T10:01:50.987144,2026-06-29T00:01:51.436022+00:00,99.6,199,bid,,,11767679
2026-06-29T10:01:52.195539,2026-06-29T00:01:52.646030+00:00,99.5,2,bid,,,11767707
2026-06-29T10:01:52.195539,2026-06-29T00:01:52.646030+00:00,99.6,198,bid,,,11767708
2026-06-29T10:01:52.247475,2026-06-29T00:01:52.701030+00:00,99.6,500,bid,,,11767712
2026-06-29T10:01:52.715108,2026-06-29T00:01:53.163155+00:00,99.7,125,ask,,,11767729
2026-06-29T10:01:55.738132,2026-06-29T00:01:56.187287+00:00,99.5,200,ask,,,11767800
2026-06-29T10:01:55.738132,2026-06-29T00:01:56.187287+00:00,99.5,300,ask,,,11767801
2026-06-29T10:01:56.928181,2026-06-29T00:01:57.375278+00:00,99.4,200,ask,,,11767827
2026-06-29T10:01:56.928181,2026-06-29T00:01:57.375278+00:00,99.4,300,ask,,,11767828
2026-06-29T10:01:57.034582,2026-06-29T00:01:57.485287+00:00,99.4,200,ask,,,11767834
2026-06-29T10:02:00.103461,2026-06-29T00:02:00.553526+00:00,99.3,200,bid,,,11767893
2026-06-29T10:02:00.103461,2026-06-29T00:02:00.553526+00:00,99.3,425,bid,,,11767894
2026-06-29T10:02:00.661718,2026-06-29T00:02:01.114060+00:00,99.3,200,bid,,,11767903
2026-06-29T10:02:01.187288,2026-06-29T00:02:01.642060+00:00,99.2,6,ask,,,11767909
2026-06-29T10:02:01.413242,2026-06-29T00:02:01.862060+00:00,99.2,494,bid,,,11767917
2026-06-29T10:02:01.782100,2026-06-29T00:02:02.236060+00:00,99.3,131,ask,,,11767922
2026-06-29T10:02:01.782100,2026-06-29T00:02:02.236060+00:00,99.2,6,ask,,,11767923
2026-06-29T10:02:01.867553,2026-06-29T00:02:02.313060+00:00,99.1,200,bid,,,11767931
2026-06-29T10:02:03.074741,2026-06-29T00:02:03.525148+00:00,99.1,200,bid,,,11767950
2026-06-29T10:02:07.240246,2026-06-29T00:02:07.693263+00:00,99.0,6,ask,,,11768020
2026-06-29T10:02:07.821721,2026-06-29T00:02:08.275514+00:00,99.0,20,bid,,,11768026
2026-06-29T10:02:07.842648,2026-06-29T00:02:08.297514+00:00,98.9,500,ask,,,11768027
2026-06-29T10:02:07.969815,2026-06-29T00:02:08.418514+00:00,98.9,200,ask,,,11768036
2026-06-29T10:02:07.972539,2026-06-29T00:02:08.418514+00:00,98.8,9,bid,,,11768037
2026-06-29T10:02:09.279088,2026-06-29T00:02:09.727505+00:00,98.9,500,bid,,,11768056
2026-06-29T10:02:09.279088,2026-06-29T00:02:09.727505+00:00,98.9,125,bid,,,11768057
2026-06-29T10:02:10.590586,2026-06-29T00:02:11.036350+00:00,98.7,6,ask,,,11768079
2026-06-29T10:02:10.590586,2026-06-29T00:02:11.036350+00:00,98.6,200,ask,,,11768080
2026-06-29T10:02:13.213020,2026-06-29T00:02:13.664472+00:00,98.7,200,bid,,,11768133
2026-06-29T10:02:13.955412,2026-06-29T00:02:14.401472+00:00,98.7,200,ask,,,11768149
2026-06-29T10:02:14.352087,2026-06-29T00:02:14.797472+00:00,98.9,20,bid,,,11768153
2026-06-29T10:02:17.582917,2026-06-29T00:02:18.031037+00:00,98.6,1,ask,,,11768224
2026-06-29T10:02:17.582917,2026-06-29T00:02:18.031037+00:00,98.6,199,ask,,,11768225
2026-06-29T10:02:19.783020,2026-06-29T00:02:20.230388+00:00,98.5,9,ask,,,11768273
2026-06-29T10:02:21.762183,2026-06-29T00:02:22.221388+00:00,98.5,500,bid,,,11768326
2026-06-29T10:02:23.636987,2026-06-29T00:02:24.090631+00:00,98.7,200,bid,,,11768354
2026-06-29T10:02:23.717005,2026-06-29T00:02:24.167632+00:00,98.8,8,bid,,,11768357
2026-06-29T10:02:26.061848,2026-06-29T00:02:26.510072+00:00,98.8,200,ask,,,11768401
2026-06-29T10:02:27.270030,2026-06-29T00:02:27.720072+00:00,98.8,200,ask,,,11768427
2026-06-29T10:02:27.398543,2026-06-29T00:02:27.852072+00:00,98.9,1,bid,,,11768431
2026-06-29T10:02:28.966377,2026-06-29T00:02:29.413190+00:00,98.8,200,ask,,,11768466
2026-06-29T10:02:30.180175,2026-06-29T00:02:30.634190+00:00,98.8,20,bid,,,11768484
2026-06-29T10:02:30.907546,2026-06-29T00:02:31.360190+00:00,98.8,200,bid,,,11768500
2026-06-29T10:02:31.442795,2026-06-29T00:02:31.888190+00:00,98.6,6,ask,,,11768504
2026-06-29T10:02:31.442795,2026-06-29T00:02:31.899190+00:00,98.6,14,ask,,,11768505
2026-06-29T10:02:32.912538,2026-06-29T00:02:33.361240+00:00,98.8,200,ask,,,11768526
2026-06-29T10:02:33.332164,2026-06-29T00:02:33.779241+00:00,98.8,200,bid,,,11768534
2026-06-29T10:02:34.459576,2026-06-29T00:02:34.912240+00:00,98.8,20,ask,,,11768546
2026-06-29T10:02:35.537307,2026-06-29T00:02:35.990249+00:00,98.8,200,ask,,,11768566
2026-06-29T10:02:36.846544,2026-06-29T00:02:37.298830+00:00,98.8,200,bid,,,11768591
2026-06-29T10:02:36.846544,2026-06-29T00:02:37.298830+00:00,98.9,6,bid,,,11768592
2026-06-29T10:02:39.135529,2026-06-29T00:02:39.585525+00:00,98.9,20,ask,,,11768645
2026-06-29T10:02:40.598742,2026-06-29T00:02:41.048525+00:00,99.0,10,bid,,,11768668
2026-06-29T10:02:40.598742,2026-06-29T00:02:41.048525+00:00,99.0,190,bid,,,11768669
2026-06-29T10:02:41.163906,2026-06-29T00:02:41.609058+00:00,99.1,500,ask,,,11768678
2026-06-29T10:02:41.758340,2026-06-29T00:02:42.203059+00:00,99.1,125,ask,,,11768692
2026-06-29T10:02:44.629213,2026-06-29T00:02:45.074158+00:00,98.8,20,ask,,,11768746
2026-06-29T10:02:46.547701,2026-06-29T00:02:46.998689+00:00,98.9,200,bid,,,11768775
2026-06-29T10:02:49.629637,2026-06-29T00:02:50.077973+00:00,98.9,200,ask,,,11768832
2026-06-29T10:02:50.232362,2026-06-29T00:02:50.682964+00:00,98.8,500,ask,,,11768848
2026-06-29T10:02:50.831906,2026-06-29T00:02:51.287972+00:00,98.9,200,ask,,,11768854
2026-06-29T10:02:51.286402,2026-06-29T00:02:51.738972+00:00,98.6,2,ask,,,11768861
2026-06-29T10:02:51.474103,2026-06-29T00:02:51.925973+00:00,98.6,200,bid,,,11768863
2026-06-29T10:02:51.484671,2026-06-29T00:02:51.936972+00:00,98.6,25,bid,,,11768865
2026-06-29T10:02:51.694854,2026-06-29T00:02:52.145973+00:00,98.6,25,bid,,,11768868
2026-06-29T10:02:51.904153,2026-06-29T00:02:52.354972+00:00,98.6,25,bid,,,11768878
2026-06-29T10:02:52.112265,2026-06-29T00:02:52.563972+00:00,98.6,25,bid,,,11768883
2026-06-29T10:02:52.323658,2026-06-29T00:02:52.772972+00:00,98.6,25,bid,,,11768885
2026-06-29T10:02:52.533488,2026-06-29T00:02:52.981973+00:00,98.6,25,bid,,,11768888
2026-06-29T10:02:52.869582,2026-06-29T00:02:53.323081+00:00,98.7,200,ask,,,11768893
2026-06-29T10:02:52.938827,2026-06-29T00:02:53.389081+00:00,98.7,25,ask,,,11768897
2026-06-29T10:02:53.150310,2026-06-29T00:02:53.598080+00:00,98.7,7,ask,,,11768906
2026-06-29T10:02:54.585896,2026-06-29T00:02:55.039081+00:00,98.6,20,ask,,,11768932
2026-06-29T10:02:55.231641,2026-06-29T00:02:55.677101+00:00,98.7,200,bid,,,11768942
2026-06-29T10:03:01.181210,2026-06-29T00:03:01.627357+00:00,98.7,200,bid,,,11769057
2026-06-29T10:03:03.602161,2026-06-29T00:03:04.058444+00:00,98.8,200,bid,,,11769096
2026-06-29T10:03:04.812639,2026-06-29T00:03:05.268437+00:00,98.6,200,bid,,,11769113
2026-06-29T10:03:05.583713,2026-06-29T00:03:06.038445+00:00,98.4,25,ask,,,11769127
2026-06-29T10:03:05.786380,2026-06-29T00:03:06.235996+00:00,98.7,20,ask,,,11769132
2026-06-29T10:03:05.792347,2026-06-29T00:03:06.246996+00:00,98.7,25,ask,,,11769133
2026-06-29T10:03:06.009744,2026-06-29T00:03:06.455996+00:00,98.7,25,ask,,,11769140
2026-06-29T10:03:06.231324,2026-06-29T00:03:06.686996+00:00,98.7,25,ask,,,11769147
2026-06-29T10:03:07.234552,2026-06-29T00:03:07.688016+00:00,98.7,200,ask,,,11769171
2026-06-29T10:03:08.391831,2026-06-29T00:03:08.842275+00:00,98.7,500,ask,,,11769187
2026-06-29T10:03:08.990926,2026-06-29T00:03:09.436286+00:00,98.7,125,ask,,,11769197
2026-06-29T10:03:09.639350,2026-06-29T00:03:10.085294+00:00,98.6,1,ask,,,11769217
2026-06-29T10:03:09.639350,2026-06-29T00:03:10.096294+00:00,98.6,200,ask,,,11769218
2026-06-29T10:03:10.879149,2026-06-29T00:03:11.329285+00:00,98.6,200,bid,,,11769237
2026-06-29T10:03:10.948653,2026-06-29T00:03:11.395285+00:00,98.6,500,bid,,,11769239
2026-06-29T10:03:11.425127,2026-06-29T00:03:11.879294+00:00,98.6,125,ask,,,11769246
2026-06-29T10:03:11.850215,2026-06-29T00:03:12.296833+00:00,98.5,8,ask,,,11769256
2026-06-29T10:03:12.262536,2026-06-29T00:03:12.714833+00:00,98.6,200,ask,,,11769269
2026-06-29T10:03:12.462247,2026-06-29T00:03:12.912833+00:00,98.5,8,ask,,,11769272
2026-06-29T10:03:16.278702,2026-06-29T00:03:16.728844+00:00,98.5,2,ask,,,11769337
2026-06-29T10:03:17.859400,2026-06-29T00:03:18.311107+00:00,98.5,20,ask,,,11769367
2026-06-29T10:03:19.378341,2026-06-29T00:03:19.829107+00:00,98.5,200,ask,,,11769396
2026-06-29T10:03:20.132807,2026-06-29T00:03:20.588107+00:00,98.6,500,bid,,,11769406
2026-06-29T10:03:20.495442,2026-06-29T00:03:20.951107+00:00,98.7,125,ask,,,11769410
2026-06-29T10:03:21.049206,2026-06-29T00:03:21.501108+00:00,98.5,20,bid,,,11769415
2026-06-29T10:03:21.441013,2026-06-29T00:03:21.897107+00:00,98.5,180,bid,,,11769426
2026-06-29T10:03:22.307066,2026-06-29T00:03:22.755107+00:00,98.5,445,ask,,,11769437
2026-06-29T10:03:23.008784,2026-06-29T00:03:23.457889+00:00,98.4,20,ask,,,11769447
2026-06-29T10:03:24.064409,2026-06-29T00:03:24.513889+00:00,98.4,200,ask,,,11769455
2026-06-29T10:03:26.635905,2026-06-29T00:03:27.087471+00:00,98.4,12,bid,,,11769495
2026-06-29T10:03:26.691371,2026-06-29T00:03:27.142470+00:00,98.4,188,ask,,,11769500
2026-06-29T10:03:30.270177,2026-06-29T00:03:30.716623+00:00,98.4,200,bid,,,11769557
2026-06-29T10:03:37.181295,2026-06-29T00:03:37.634017+00:00,98.3,200,bid,,,11769666
2026-06-29T10:03:37.540848,2026-06-29T00:03:37.997025+00:00,98.4,200,ask,,,11769685
2026-06-29T10:03:38.746983,2026-06-29T00:03:39.194785+00:00,98.4,200,bid,,,11769705
2026-06-29T10:03:42.384444,2026-06-29T00:03:42.835805+00:00,98.4,200,bid,,,11769774
2026-06-29T10:03:43.746026,2026-06-29T00:03:44.199440+00:00,98.5,2,bid,,,11769791
2026-06-29T10:03:43.746026,2026-06-29T00:03:44.199440+00:00,98.5,200,bid,,,11769792
2026-06-29T10:03:45.060347,2026-06-29T00:03:45.508441+00:00,98.4,200,ask,,,11769830
2026-06-29T10:03:46.017695,2026-06-29T00:03:46.465472+00:00,98.4,200,bid,,,11769862
2026-06-29T10:03:48.434581,2026-06-29T00:03:48.884718+00:00,98.5,200,bid,,,11769921
2026-06-29T10:03:50.245230,2026-06-29T00:03:50.699718+00:00,98.6,6,bid,,,11769954
2026-06-29T10:03:50.245230,2026-06-29T00:03:50.699718+00:00,98.6,14,bid,,,11769955
2026-06-29T10:03:51.612210,2026-06-29T00:03:52.063718+00:00,98.5,6,bid,,,11769980
2026-06-29T10:03:51.612210,2026-06-29T00:03:52.074718+00:00,98.5,500,bid,,,11769981
2026-06-29T10:03:51.979828,2026-06-29T00:03:52.426718+00:00,98.5,119,ask,,,11769983
2026-06-29T10:03:52.929564,2026-06-29T00:03:53.383822+00:00,98.4,200,ask,,,11770001
2026-06-29T10:03:56.870213,2026-06-29T00:03:57.321431+00:00,98.5,200,bid,,,11770076
2026-06-29T10:03:56.903945,2026-06-29T00:03:57.354431+00:00,98.5,200,ask,,,11770077
2026-06-29T10:03:58.184984,2026-06-29T00:03:58.641115+00:00,98.5,200,ask,,,11770103
2026-06-29T10:04:00.531780,2026-06-29T00:04:00.984107+00:00,98.4,200,bid,,,11770135
2026-06-29T10:04:02.118051,2026-06-29T00:04:02.568116+00:00,98.5,500,bid,,,11770158
2026-06-29T10:04:02.118051,2026-06-29T00:04:02.568116+00:00,98.6,4,bid,,,11770159
2026-06-29T10:04:02.118051,2026-06-29T00:04:02.568116+00:00,98.6,121,bid,,,11770160
2026-06-29T10:04:02.272717,2026-06-29T00:04:02.722136+00:00,98.4,200,ask,,,11770163
2026-06-29T10:04:02.949980,2026-06-29T00:04:03.403267+00:00,98.5,10,bid,,,11770182
2026-06-29T10:04:02.949980,2026-06-29T00:04:03.403267+00:00,98.5,190,bid,,,11770183
2026-06-29T10:04:04.161791,2026-06-29T00:04:04.613277+00:00,98.4,200,bid,,,11770218
2026-06-29T10:04:05.341543,2026-06-29T00:04:05.790602+00:00,98.5,5,bid,,,11770244
2026-06-29T10:04:05.341543,2026-06-29T00:04:05.790602+00:00,98.5,15,bid,,,11770245
2026-06-29T10:04:05.371443,2026-06-29T00:04:05.823603+00:00,98.5,200,bid,,,11770246
2026-06-29T10:04:15.269085,2026-06-29T00:04:15.721902+00:00,98.5,3,bid,,,11770443
2026-06-29T10:04:15.269085,2026-06-29T00:04:15.721902+00:00,98.6,500,bid,,,11770444
2026-06-29T10:04:15.269085,2026-06-29T00:04:15.721902+00:00,98.6,122,bid,,,11770445
2026-06-29T10:04:16.582820,2026-06-29T00:04:17.030475+00:00,98.4,200,ask,,,11770464
2026-06-29T10:04:18.697680,2026-06-29T00:04:19.152162+00:00,98.5,200,bid,,,11770508
2026-06-29T10:04:18.728973,2026-06-29T00:04:19.174163+00:00,98.5,20,bid,,,11770509
2026-06-29T10:04:19.906348,2026-06-29T00:04:20.362163+00:00,98.6,2,bid,,,11770543
2026-06-29T10:04:20.517036,2026-06-29T00:04:20.967163+00:00,98.6,198,ask,,,11770561
2026-06-29T10:04:21.626834,2026-06-29T00:04:22.078163+00:00,98.6,25,bid,,,11770589
2026-06-29T10:04:22.259606,2026-06-29T00:04:22.705163+00:00,98.6,500,ask,,,11770600
2026-06-29T10:04:23.239243,2026-06-29T00:04:23.694272+00:00,98.6,25,bid,,,11770621
2026-06-29T10:04:23.539582,2026-06-29T00:04:23.991272+00:00,98.6,200,bid,,,11770628
2026-06-29T10:04:25.305404,2026-06-29T00:04:25.760797+00:00,98.5,200,ask,,,11770663
2026-06-29T10:04:25.784484,2026-06-29T00:04:26.232497+00:00,98.5,300,bid,,,11770679
2026-06-29T10:04:25.902075,2026-06-29T00:04:26.353497+00:00,98.5,325,ask,,,11770681
2026-06-29T10:04:33.205529,2026-06-29T00:04:33.654881+00:00,98.2,1,ask,,,11770834
2026-06-29T10:04:33.666837,2026-06-29T00:04:34.116881+00:00,98.1,2,bid,,,11770849
2026-06-29T10:04:34.165853,2026-06-29T00:04:34.611881+00:00,98.1,20,bid,,,11770864
2026-06-29T10:04:34.473460,2026-06-29T00:04:34.918882+00:00,97.9,25,ask,,,11770867
2026-06-29T10:04:34.496486,2026-06-29T00:04:34.951881+00:00,97.9,20,ask,,,11770869
2026-06-29T10:04:34.686488,2026-06-29T00:04:35.139000+00:00,97.9,25,ask,,,11770870
2026-06-29T10:04:37.624609,2026-06-29T00:04:38.075465+00:00,98.1,1,ask,,,11770935
2026-06-29T10:04:38.048684,2026-06-29T00:04:38.504017+00:00,98.1,200,bid,,,11770945
2026-06-29T10:04:39.256175,2026-06-29T00:04:39.703017+00:00,98.2,200,ask,,,11770965
2026-06-29T10:04:41.677766,2026-06-29T00:04:42.134038+00:00,98.1,200,ask,,,11771005
2026-06-29T10:04:42.910544,2026-06-29T00:04:43.365145+00:00,98.1,200,ask,,,11771030
2026-06-29T10:04:43.474462,2026-06-29T00:04:43.926145+00:00,98.1,425,bid,,,11771038
2026-06-29T10:04:44.217330,2026-06-29T00:04:44.663166+00:00,98.3,200,bid,,,11771055
2026-06-29T10:04:50.168625,2026-06-29T00:04:50.623330+00:00,98.5,1,bid,,,11771156
2026-06-29T10:04:53.340705,2026-06-29T00:04:53.790903+00:00,98.7,25,bid,,,11771206
2026-06-29T10:04:53.394036,2026-06-29T00:04:53.845903+00:00,98.7,200,bid,,,11771207
2026-06-29T10:04:53.802523,2026-06-29T00:04:54.252894+00:00,98.9,200,bid,,,11771218
2026-06-29T10:04:54.876970,2026-06-29T00:04:55.330436+00:00,98.8,20,ask,,,11771252
2026-06-29T10:04:55.011874,2026-06-29T00:04:55.462436+00:00,98.9,200,bid,,,11771257
2026-06-29T10:04:56.221377,2026-06-29T00:04:56.672162+00:00,98.9,200,bid,,,11771278
2026-06-29T10:04:58.659744,2026-06-29T00:04:59.113277+00:00,99.0,200,bid,,,11771317
2026-06-29T10:04:58.664604,2026-06-29T00:04:59.113277+00:00,99.0,20,bid,,,11771318
2026-06-29T10:04:59.421338,2026-06-29T00:04:59.872298+00:00,99.0,1,bid,,,11771330
2026-06-29T10:04:59.579745,2026-06-29T00:05:00.026297+00:00,99.1,49,bid,,,11771333
2026-06-29T10:04:59.765554,2026-06-29T00:05:00.213297+00:00,99.1,25,bid,,,11771344
2026-06-29T10:04:59.833565,2026-06-29T00:05:00.279289+00:00,99.0,75,bid,,,11771346
2026-06-29T10:04:59.949931,2026-06-29T00:05:00.400289+00:00,99.0,425,bid,,,11771351
2026-06-29T10:05:00.199131,2026-06-29T00:05:00.653288+00:00,99.1,20,bid,,,11771358
2026-06-29T10:05:03.499653,2026-06-29T00:05:03.952045+00:00,99.0,200,bid,,,11771424
2026-06-29T10:05:05.703451,2026-06-29T00:05:06.151610+00:00,99.1,75,bid,,,11771461
2026-06-29T10:05:05.785890,2026-06-29T00:05:06.239610+00:00,99.1,25,bid,,,11771463
2026-06-29T10:05:05.996634,2026-06-29T00:05:06.448601+00:00,99.1,25,bid,,,11771470
2026-06-29T10:05:06.206969,2026-06-29T00:05:06.657610+00:00,99.1,25,bid,,,11771475
2026-06-29T10:05:06.421235,2026-06-29T00:05:06.866610+00:00,99.1,20,bid,,,11771476
2026-06-29T10:05:07.018847,2026-06-29T00:05:07.471610+00:00,99.0,2,bid,,,11771484
2026-06-29T10:05:07.229205,2026-06-29T00:05:07.680610+00:00,99.0,2,bid,,,11771492
2026-06-29T10:05:07.229205,2026-06-29T00:05:07.680610+00:00,99.0,23,bid,,,11771493
2026-06-29T10:05:07.440404,2026-06-29T00:05:07.889631+00:00,99.0,25,bid,,,11771495
2026-06-29T10:05:10.462067,2026-06-29T00:05:10.916208+00:00,98.9,200,ask,,,11771558
2026-06-29T10:05:10.683649,2026-06-29T00:05:11.136208+00:00,98.7,20,ask,,,11771563
2026-06-29T10:05:13.084424,2026-06-29T00:05:13.532163+00:00,98.8,200,ask,,,11771613
2026-06-29T10:05:13.459590,2026-06-29T00:05:13.906164+00:00,98.8,5,bid,,,11771624
2026-06-29T10:05:13.870259,2026-06-29T00:05:14.324163+00:00,98.8,5,bid,,,11771630
2026-06-29T10:05:14.481181,2026-06-29T00:05:14.929164+00:00,98.7,5,bid,,,11771655
2026-06-29T10:05:14.856014,2026-06-29T00:05:15.303155+00:00,98.6,10,ask,,,11771659
2026-06-29T10:05:14.856014,2026-06-29T00:05:15.303155+00:00,98.6,10,ask,,,11771660
2026-06-29T10:05:15.287114,2026-06-29T00:05:15.743164+00:00,98.6,25,ask,,,11771671
2026-06-29T10:05:15.499237,2026-06-29T00:05:15.952155+00:00,98.6,25,ask,,,11771680
2026-06-29T10:05:15.714230,2026-06-29T00:05:16.160691+00:00,98.6,6,ask,,,11771688
2026-06-29T10:05:15.714230,2026-06-29T00:05:16.171690+00:00,98.6,19,ask,,,11771689
2026-06-29T10:05:15.924628,2026-06-29T00:05:16.380700+00:00,98.6,25,ask,,,11771691
2026-06-29T10:05:16.135746,2026-06-29T00:05:16.589699+00:00,98.6,25,ask,,,11771697
2026-06-29T10:05:16.349494,2026-06-29T00:05:16.798700+00:00,98.6,25,ask,,,11771702
2026-06-29T10:05:16.817555,2026-06-29T00:05:17.271700+00:00,98.7,200,bid,,,11771716
2026-06-29T10:05:20.953396,2026-06-29T00:05:21.406482+00:00,98.7,200,bid,,,11771790
2026-06-29T10:05:21.768936,2026-06-29T00:05:22.220482+00:00,98.8,25,ask,,,11771802
2026-06-29T10:05:23.579963,2026-06-29T00:05:24.035039+00:00,98.8,200,ask,,,11771843
2026-06-29T10:05:24.890035,2026-06-29T00:05:25.344039+00:00,98.9,200,bid,,,11771874
2026-06-29T10:05:25.333795,2026-06-29T00:05:25.784039+00:00,98.9,200,ask,,,11771877
2026-06-29T10:05:26.539464,2026-06-29T00:05:26.993606+00:00,98.8,200,bid,,,11771902
2026-06-29T10:05:27.915707,2026-06-29T00:05:28.367308+00:00,98.8,150,ask,,,11771940
2026-06-29T10:05:28.834927,2026-06-29T00:05:29.291308+00:00,98.8,50,ask,,,11771954
2026-06-29T10:05:28.962340,2026-06-29T00:05:29.412308+00:00,98.8,200,bid,,,11771960
2026-06-29T10:05:34.080871,2026-06-29T00:05:34.538418+00:00,98.8,200,bid,,,11772070
2026-06-29T10:05:36.223171,2026-06-29T00:05:36.672441+00:00,98.9,50,ask,,,11772123
2026-06-29T10:05:39.829416,2026-06-29T00:05:40.279116+00:00,99.0,200,bid,,,11772183
2026-06-29T10:05:40.638843,2026-06-29T00:05:41.093116+00:00,99.1,200,bid,,,11772189
2026-06-29T10:05:40.638843,2026-06-29T00:05:41.093116+00:00,99.1,425,bid,,,11772190
2026-06-29T10:05:41.414703,2026-06-29T00:05:41.863116+00:00,98.8,8,ask,,,11772201
2026-06-29T10:05:42.244828,2026-06-29T00:05:42.699116+00:00,98.9,200,bid,,,11772216
2026-06-29T10:05:43.440896,2026-06-29T00:05:43.897582+00:00,98.9,500,ask,,,11772248
2026-06-29T10:05:43.465148,2026-06-29T00:05:43.919582+00:00,99.0,5,bid,,,11772250
2026-06-29T10:05:44.566772,2026-06-29T00:05:45.019582+00:00,98.9,200,ask,,,11772261
2026-06-29T10:05:44.669187,2026-06-29T00:05:45.118582+00:00,98.8,200,bid,,,11772264
2026-06-29T10:05:49.841599,2026-06-29T00:05:50.287691+00:00,98.7,2,ask,,,11772360
2026-06-29T10:05:51.115694,2026-06-29T00:05:51.563712+00:00,98.7,10,ask,,,11772381
2026-06-29T10:05:52.668730,2026-06-29T00:05:53.125289+00:00,98.6,8,ask,,,11772404
2026-06-29T10:05:52.668730,2026-06-29T00:05:53.125289+00:00,98.6,12,ask,,,11772405
2026-06-29T10:05:53.146133,2026-06-29T00:05:53.597713+00:00,98.7,200,bid,,,11772408
2026-06-29T10:05:53.659576,2026-06-29T00:05:54.114713+00:00,98.6,3,ask,,,11772419
2026-06-29T10:05:54.354870,2026-06-29T00:05:54.807712+00:00,98.7,200,ask,,,11772430
2026-06-29T10:05:55.070583,2026-06-29T00:05:55.522703+00:00,98.6,2,ask,,,11772449
2026-06-29T10:05:57.981892,2026-06-29T00:05:58.436477+00:00,98.8,200,bid,,,11772509
2026-06-29T10:05:59.874775,2026-06-29T00:06:00.327993+00:00,98.9,20,bid,,,11772551
2026-06-29T10:06:02.843726,2026-06-29T00:06:03.296532+00:00,98.8,200,ask,,,11772605
2026-06-29T10:06:03.814590,2026-06-29T00:06:04.264522+00:00,98.6,1,ask,,,11772614
2026-06-29T10:06:03.814590,2026-06-29T00:06:04.264522+00:00,98.6,19,ask,,,11772615
2026-06-29T10:06:04.248502,2026-06-29T00:06:04.704552+00:00,98.6,2,ask,,,11772627
2026-06-29T10:06:04.248502,2026-06-29T00:06:04.704552+00:00,98.6,200,ask,,,11772628
2026-06-29T10:06:06.870090,2026-06-29T00:06:07.321671+00:00,98.7,200,bid,,,11772676
2026-06-29T10:06:07.681724,2026-06-29T00:06:08.134350+00:00,98.7,200,ask,,,11772693
2026-06-29T10:06:12.521468,2026-06-29T00:06:12.973905+00:00,98.7,200,bid,,,11772782
2026-06-29T10:06:13.733572,2026-06-29T00:06:14.183031+00:00,98.7,200,bid,,,11772805
2026-06-29T10:06:14.302028,2026-06-29T00:06:14.755031+00:00,98.7,425,bid,,,11772813
2026-06-29T10:06:14.736324,2026-06-29T00:06:15.184030+00:00,98.8,7,bid,,,11772825
2026-06-29T10:06:16.154762,2026-06-29T00:06:16.602614+00:00,98.8,200,ask,,,11772851
2026-06-29T10:06:16.712711,2026-06-29T00:06:17.163147+00:00,98.9,9,bid,,,11772853
2026-06-29T10:06:18.665102,2026-06-29T00:06:19.119389+00:00,98.8,200,bid,,,11772898
2026-06-29T10:06:24.651218,2026-06-29T00:06:25.105191+00:00,98.9,200,bid,,,11773008
2026-06-29T10:06:27.139339,2026-06-29T00:06:27.590725+00:00,98.7,1,ask,,,11773064
2026-06-29T10:06:27.949689,2026-06-29T00:06:28.403926+00:00,98.7,3,ask,,,11773081
2026-06-29T10:06:28.284512,2026-06-29T00:06:28.733926+00:00,98.7,200,ask,,,11773087
2026-06-29T10:06:29.434605,2026-06-29T00:06:29.888926+00:00,98.7,500,bid,,,11773108
2026-06-29T10:06:30.027241,2026-06-29T00:06:30.482926+00:00,98.7,125,bid,,,11773119
2026-06-29T10:06:30.027241,2026-06-29T00:06:30.482926+00:00,98.7,200,bid,,,11773120
2026-06-29T10:06:30.648970,2026-06-29T00:06:31.098926+00:00,98.9,20,bid,,,11773136
2026-06-29T10:06:31.795520,2026-06-29T00:06:32.253926+00:00,98.8,200,bid,,,11773147
2026-06-29T10:06:31.927366,2026-06-29T00:06:32.374926+00:00,98.8,200,ask,,,11773154
2026-06-29T10:06:33.118473,2026-06-29T00:06:33.572438+00:00,98.8,500,ask,,,11773175
2026-06-29T10:06:33.134708,2026-06-29T00:06:33.583438+00:00,98.7,125,bid,,,11773176
2026-06-29T10:06:34.351841,2026-06-29T00:06:34.804438+00:00,98.8,200,ask,,,11773197
2026-06-29T10:06:35.560079,2026-06-29T00:06:36.014438+00:00,98.9,200,ask,,,11773220
2026-06-29T10:06:36.592858,2026-06-29T00:06:37.047527+00:00,99.0,2,bid,,,11773243
2026-06-29T10:06:36.592858,2026-06-29T00:06:37.047527+00:00,99.0,18,bid,,,11773244
2026-06-29T10:06:36.693728,2026-06-29T00:06:37.146518+00:00,99.0,500,bid,,,11773249
2026-06-29T10:06:37.049412,2026-06-29T00:06:37.498518+00:00,98.9,200,bid,,,11773260
2026-06-29T10:06:37.974890,2026-06-29T00:06:38.421298+00:00,99.1,200,ask,,,11773274
2026-06-29T10:06:39.345519,2026-06-29T00:06:39.796298+00:00,99.1,20,bid,,,11773303
2026-06-29T10:06:40.395663,2026-06-29T00:06:40.852297+00:00,99.0,200,ask,,,11773315
2026-06-29T10:06:41.011729,2026-06-29T00:06:41.468317+00:00,98.9,500,ask,,,11773338
2026-06-29T10:06:41.537852,2026-06-29T00:06:41.985308+00:00,98.9,125,bid,,,11773349
2026-06-29T10:06:41.557993,2026-06-29T00:06:42.007317+00:00,98.9,20,ask,,,11773350
2026-06-29T10:06:42.318796,2026-06-29T00:06:42.766308+00:00,99.1,2,bid,,,11773367
2026-06-29T10:06:43.634901,2026-06-29T00:06:44.085378+00:00,99.1,200,ask,,,11773385
2026-06-29T10:06:45.247011,2026-06-29T00:06:45.702398+00:00,99.1,200,bid,,,11773408
2026-06-29T10:06:47.084933,2026-06-29T00:06:47.538913+00:00,99.1,20,bid,,,11773430
2026-06-29T10:06:47.674623,2026-06-29T00:06:48.120606+00:00,99.0,200,bid,,,11773439
2026-06-29T10:06:48.895004,2026-06-29T00:06:49.352606+00:00,99.0,200,bid,,,11773457
2026-06-29T10:06:51.308834,2026-06-29T00:06:51.761606+00:00,99.0,200,bid,,,11773500
2026-06-29T10:06:54.134134,2026-06-29T00:06:54.588247+00:00,98.9,200,ask,,,11773563
2026-06-29T10:06:55.442962,2026-06-29T00:06:55.897238+00:00,98.9,500,bid,,,11773602
2026-06-29T10:06:55.442962,2026-06-29T00:06:55.897238+00:00,99.0,125,bid,,,11773603
2026-06-29T10:06:56.700629,2026-06-29T00:06:57.150789+00:00,98.8,6,ask,,,11773629
2026-06-29T10:06:56.700629,2026-06-29T00:06:57.150789+00:00,98.8,200,ask,,,11773630
2026-06-29T10:06:57.353267,2026-06-29T00:06:57.799809+00:00,98.9,200,bid,,,11773651
2026-06-29T10:06:58.062914,2026-06-29T00:06:58.514076+00:00,98.8,500,bid,,,11773666
2026-06-29T10:06:58.500654,2026-06-29T00:06:58.954077+00:00,98.9,125,ask,,,11773672
2026-06-29T10:06:58.561794,2026-06-29T00:06:59.009076+00:00,98.8,200,bid,,,11773674
2026-06-29T10:06:59.375054,2026-06-29T00:06:59.823077+00:00,98.7,8,ask,,,11773684
2026-06-29T10:06:59.770873,2026-06-29T00:07:00.219068+00:00,98.5,200,bid,,,11773693
2026-06-29T10:07:00.976448,2026-06-29T00:07:01.429096+00:00,98.8,200,bid,,,11773710
2026-06-29T10:07:02.183271,2026-06-29T00:07:02.639096+00:00,98.7,200,bid,,,11773740
2026-06-29T10:07:03.392725,2026-06-29T00:07:03.848648+00:00,98.6,1,ask,,,11773756
2026-06-29T10:07:03.392725,2026-06-29T00:07:03.848648+00:00,98.5,199,ask,,,11773757
2026-06-29T10:07:04.141797,2026-06-29T00:07:04.596639+00:00,98.5,20,ask,,,11773765
2026-06-29T10:07:04.623829,2026-06-29T00:07:05.080648+00:00,98.4,500,ask,,,11773781
2026-06-29T10:07:04.623829,2026-06-29T00:07:05.080648+00:00,98.4,125,ask,,,11773782
2026-06-29T10:07:05.811766,2026-06-29T00:07:06.268292+00:00,98.5,2,ask,,,11773807
2026-06-29T10:07:05.932827,2026-06-29T00:07:06.389293+00:00,98.5,198,bid,,,11773808
2026-06-29T10:07:07.019848,2026-06-29T00:07:07.467293+00:00,98.8,200,ask,,,11773830
2026-06-29T10:07:09.446035,2026-06-29T00:07:09.897104+00:00,98.8,200,bid,,,11773871
2026-06-29T10:07:14.306285,2026-06-29T00:07:14.758368+00:00,98.9,7,bid,,,11773951
2026-06-29T10:07:14.306285,2026-06-29T00:07:14.758368+00:00,98.9,193,bid,,,11773952
2026-06-29T10:07:17.935886,2026-06-29T00:07:18.386973+00:00,98.9,8,bid,,,11774021
2026-06-29T10:07:17.935886,2026-06-29T00:07:18.386973+00:00,98.9,192,bid,,,11774022
2026-06-29T10:07:19.056454,2026-06-29T00:07:19.518202+00:00,98.8,500,bid,,,11774052
2026-06-29T10:07:19.145002,2026-06-29T00:07:19.595190+00:00,98.9,8,bid,,,11774055
2026-06-29T10:07:19.145002,2026-06-29T00:07:19.595190+00:00,98.9,192,bid,,,11774056
2026-06-29T10:07:20.354441,2026-06-29T00:07:20.804200+00:00,98.9,7,bid,,,11774076
2026-06-29T10:07:20.354441,2026-06-29T00:07:20.804200+00:00,98.9,193,bid,,,11774077
2026-06-29T10:07:21.566808,2026-06-29T00:07:22.025210+00:00,98.8,200,bid,,,11774113
2026-06-29T10:07:23.985303,2026-06-29T00:07:24.432731+00:00,98.7,200,ask,,,11774153
2026-06-29T10:07:25.193518,2026-06-29T00:07:25.652731+00:00,98.7,200,ask,,,11774177
2026-06-29T10:07:27.891671,2026-06-29T00:07:28.343362+00:00,98.8,20,bid,,,11774222
2026-06-29T10:07:28.225270,2026-06-29T00:07:28.673362+00:00,98.7,200,ask,,,11774233
2026-06-29T10:07:28.820267,2026-06-29T00:07:29.267353+00:00,98.7,200,bid,,,11774238
2026-06-29T10:07:28.980002,2026-06-29T00:07:29.432362+00:00,98.7,20,bid,,,11774241
2026-06-29T10:07:32.159324,2026-06-29T00:07:32.610891+00:00,98.9,7,bid,,,11774307
2026-06-29T10:07:32.159324,2026-06-29T00:07:32.610891+00:00,98.9,500,bid,,,11774308
2026-06-29T10:07:33.475037,2026-06-29T00:07:33.930438+00:00,98.9,200,ask,,,11774333
2026-06-29T10:07:34.784378,2026-06-29T00:07:35.237945+00:00,98.8,200,bid,,,11774364
2026-06-29T10:07:36.095373,2026-06-29T00:07:36.557492+00:00,98.9,500,bid,,,11774387
2026-06-29T10:07:36.095373,2026-06-29T00:07:36.557492+00:00,98.9,3,bid,,,11774388
2026-06-29T10:07:36.095373,2026-06-29T00:07:36.557492+00:00,99.0,122,bid,,,11774389
2026-06-29T10:07:38.521878,2026-06-29T00:07:38.976671+00:00,98.6,7,ask,,,11774434
2026-06-29T10:07:38.521878,2026-06-29T00:07:38.976671+00:00,98.6,193,ask,,,11774435
2026-06-29T10:07:40.034972,2026-06-29T00:07:40.483691+00:00,98.6,200,ask,,,11774471
2026-06-29T10:07:40.034972,2026-06-29T00:07:40.483691+00:00,98.4,425,ask,,,11774472
2026-06-29T10:07:40.938660,2026-06-29T00:07:41.385682+00:00,98.6,4,ask,,,11774497
2026-06-29T10:07:41.346116,2026-06-29T00:07:41.792691+00:00,98.5,196,bid,,,11774506
2026-06-29T10:07:42.149502,2026-06-29T00:07:42.606205+00:00,98.5,200,ask,,,11774523
2026-06-29T10:07:43.355464,2026-06-29T00:07:43.814957+00:00,98.6,200,bid,,,11774548
2026-06-29T10:07:45.278436,2026-06-29T00:07:45.728977+00:00,98.6,200,ask,,,11774590
2026-06-29T10:07:45.783640,2026-06-29T00:07:46.234532+00:00,98.4,200,ask,,,11774603
2026-06-29T10:07:49.225833,2026-06-29T00:07:49.675466+00:00,98.4,200,ask,,,11774668
2026-06-29T10:07:49.225833,2026-06-29T00:07:49.675466+00:00,98.4,3,ask,,,11774669
2026-06-29T10:07:49.225833,2026-06-29T00:07:49.675466+00:00,98.3,422,ask,,,11774670
2026-06-29T10:07:51.348306,2026-06-29T00:07:51.797356+00:00,98.4,2,ask,,,11774714
2026-06-29T10:07:53.156603,2026-06-29T00:07:53.612141+00:00,98.4,1,ask,,,11774757
2026-06-29T10:07:53.156603,2026-06-29T00:07:53.612141+00:00,98.3,500,ask,,,11774758
2026-06-29T10:07:53.156603,2026-06-29T00:07:53.612141+00:00,98.3,124,ask,,,11774759
2026-06-29T10:07:54.259740,2026-06-29T00:07:54.710859+00:00,98.4,4,ask,,,11774779
2026-06-29T10:07:54.259740,2026-06-29T00:07:54.710859+00:00,98.4,196,ask,,,11774780
2026-06-29T10:07:54.820590,2026-06-29T00:07:55.271884+00:00,98.5,20,ask,,,11774789
2026-06-29T10:07:55.775872,2026-06-29T00:07:56.227977+00:00,98.6,200,bid,,,11774808
2026-06-29T10:08:00.307667,2026-06-29T00:08:00.757134+00:00,98.4,1,ask,,,11774903
2026-06-29T10:08:00.307667,2026-06-29T00:08:00.757134+00:00,98.4,199,ask,,,11774904
2026-06-29T10:08:01.463670,2026-06-29T00:08:01.911648+00:00,98.5,500,bid,,,11774919
2026-06-29T10:08:01.515835,2026-06-29T00:08:01.966648+00:00,98.4,8,ask,,,11774923
2026-06-29T10:08:01.515835,2026-06-29T00:08:01.966648+00:00,98.3,192,ask,,,11774924
2026-06-29T10:08:02.089481,2026-06-29T00:08:02.538639+00:00,98.5,125,bid,,,11774933
2026-06-29T10:08:02.726353,2026-06-29T00:08:03.176205+00:00,98.5,200,ask,,,11774946
2026-06-29T10:08:02.729557,2026-06-29T00:08:03.187205+00:00,98.7,20,bid,,,11774947
2026-06-29T10:08:04.952063,2026-06-29T00:08:05.409225+00:00,98.6,200,bid,,,11774998
2026-06-29T10:08:05.147918,2026-06-29T00:08:05.596216+00:00,98.6,200,ask,,,11775005
2026-06-29T10:08:05.834586,2026-06-29T00:08:06.288320+00:00,98.6,20,ask,,,11775015
2026-06-29T10:08:06.263568,2026-06-29T00:08:06.717311+00:00,98.5,500,ask,,,11775027
2026-06-29T10:08:06.263568,2026-06-29T00:08:06.717311+00:00,98.4,3,ask,,,11775028
2026-06-29T10:08:06.263568,2026-06-29T00:08:06.717311+00:00,98.4,122,ask,,,11775029
2026-06-29T10:08:08.158789,2026-06-29T00:08:08.619868+00:00,98.6,200,bid,,,11775073
2026-06-29T10:08:08.378804,2026-06-29T00:08:08.828987+00:00,98.7,20,bid,,,11775075
2026-06-29T10:08:08.882041,2026-06-29T00:08:09.334877+00:00,98.6,200,bid,,,11775085
2026-06-29T10:08:11.477713,2026-06-29T00:08:11.930987+00:00,98.7,20,ask,,,11775140
2026-06-29T10:08:11.503744,2026-06-29T00:08:11.952986+00:00,98.7,180,ask,,,11775141
2026-06-29T10:08:13.764270,2026-06-29T00:08:14.217346+00:00,98.5,20,ask,,,11775202
2026-06-29T10:08:16.759678,2026-06-29T00:08:17.208422+00:00,98.5,200,ask,,,11775268
2026-06-29T10:08:16.759678,2026-06-29T00:08:17.219422+00:00,98.4,4,ask,,,11775269
2026-06-29T10:08:17.272178,2026-06-29T00:08:17.725412+00:00,98.4,200,bid,,,11775280
2026-06-29T10:08:19.700762,2026-06-29T00:08:20.153987+00:00,98.4,200,ask,,,11775317
2026-06-29T10:08:20.915389,2026-06-29T00:08:21.363987+00:00,98.6,200,ask,,,11775345
2026-06-29T10:08:21.430228,2026-06-29T00:08:21.880978+00:00,98.6,20,ask,,,11775351
2026-06-29T10:08:23.309364,2026-06-29T00:08:23.761110+00:00,98.5,200,ask,,,11775395
2026-06-29T10:08:23.336465,2026-06-29T00:08:23.783110+00:00,98.5,200,bid,,,11775396
2026-06-29T10:08:24.616726,2026-06-29T00:08:25.069624+00:00,98.5,200,bid,,,11775409
2026-06-29T10:08:27.238904,2026-06-29T00:08:27.687172+00:00,98.6,200,bid,,,11775451
2026-06-29T10:08:35.109977,2026-06-29T00:08:35.561002+00:00,98.6,200,ask,,,11775594
2026-06-29T10:08:35.129945,2026-06-29T00:08:35.583001+00:00,98.4,49,bid,,,11775596
2026-06-29T10:08:35.441514,2026-06-29T00:08:35.891001+00:00,98.4,200,bid,,,11775607
2026-06-29T10:08:35.953296,2026-06-29T00:08:36.408024+00:00,98.3,6,ask,,,11775616
2026-06-29T10:08:35.953296,2026-06-29T00:08:36.408024+00:00,98.3,14,ask,,,11775617
2026-06-29T10:08:37.516769,2026-06-29T00:08:37.969558+00:00,98.5,20,ask,,,11775653
2026-06-29T10:08:39.066745,2026-06-29T00:08:39.520082+00:00,98.6,200,bid,,,11775685
2026-06-29T10:08:39.091171,2026-06-29T00:08:39.542082+00:00,98.6,200,ask,,,11775688
2026-06-29T10:08:40.302000,2026-06-29T00:08:40.752082+00:00,98.6,200,ask,,,11775711
2026-06-29T10:08:41.511901,2026-06-29T00:08:41.962082+00:00,98.5,200,bid,,,11775731
2026-06-29T10:08:43.933321,2026-06-29T00:08:44.380541+00:00,98.3,6,ask,,,11775780
2026-06-29T10:08:43.933321,2026-06-29T00:08:44.391541+00:00,98.3,194,ask,,,11775781
2026-06-29T10:08:44.311934,2026-06-29T00:08:44.764659+00:00,98.3,500,ask,,,11775797
2026-06-29T10:08:44.311934,2026-06-29T00:08:44.764659+00:00,98.3,7,ask,,,11775798
2026-06-29T10:08:45.142765,2026-06-29T00:08:45.589660+00:00,98.2,200,ask,,,11775809
2026-06-29T10:08:47.228091,2026-06-29T00:08:47.679101+00:00,98.4,25,bid,,,11775848
2026-06-29T10:08:47.439384,2026-06-29T00:08:47.888101+00:00,98.4,25,bid,,,11775850
2026-06-29T10:08:47.649705,2026-06-29T00:08:48.097180+00:00,98.4,25,bid,,,11775856
2026-06-29T10:08:47.858204,2026-06-29T00:08:48.306192+00:00,98.4,25,bid,,,11775863
2026-06-29T10:08:48.068205,2026-06-29T00:08:48.515192+00:00,98.4,25,bid,,,11775865
2026-06-29T10:08:48.243824,2026-06-29T00:08:48.691191+00:00,98.4,125,bid,,,11775870
2026-06-29T10:08:51.202637,2026-06-29T00:08:51.659706+00:00,98.5,200,bid,,,11775916
2026-06-29T10:08:51.414484,2026-06-29T00:08:51.868715+00:00,98.3,2,ask,,,11775922
2026-06-29T10:08:51.414484,2026-06-29T00:08:51.868715+00:00,98.3,18,ask,,,11775923
2026-06-29T10:08:53.623030,2026-06-29T00:08:54.078207+00:00,98.4,200,bid,,,11775967
2026-06-29T10:08:54.928854,2026-06-29T00:08:55.375228+00:00,98.4,20,ask,,,11775989
2026-06-29T10:08:56.040320,2026-06-29T00:08:56.497267+00:00,98.4,200,ask,,,11776015
2026-06-29T10:08:59.668828,2026-06-29T00:09:00.125880+00:00,98.5,200,bid,,,11776073
2026-06-29T10:09:00.895832,2026-06-29T00:09:01.346901+00:00,98.4,25,ask,,,11776094
2026-06-29T10:09:01.106458,2026-06-29T00:09:01.555892+00:00,98.4,25,ask,,,11776097
2026-06-29T10:09:01.315749,2026-06-29T00:09:01.764892+00:00,98.4,25,ask,,,11776104
2026-06-29T10:09:01.523958,2026-06-29T00:09:01.973901+00:00,98.4,25,ask,,,11776111
2026-06-29T10:09:02.936167,2026-06-29T00:09:03.391558+00:00,98.4,25,ask,,,11776154
2026-06-29T10:09:03.299795,2026-06-29T00:09:03.754558+00:00,98.5,200,bid,,,11776162
2026-06-29T10:09:06.600830,2026-06-29T00:09:07.054121+00:00,98.4,200,ask,,,11776237
2026-06-29T10:09:07.913580,2026-06-29T00:09:08.361146+00:00,98.3,200,ask,,,11776283
2026-06-29T10:09:07.913580,2026-06-29T00:09:08.372146+00:00,98.2,5,ask,,,11776284
2026-06-29T10:09:07.913580,2026-06-29T00:09:08.372146+00:00,98.2,420,ask,,,11776285
2026-06-29T10:09:09.223042,2026-06-29T00:09:09.670147+00:00,98.3,200,bid,,,11776315
2026-06-29T10:09:09.271582,2026-06-29T00:09:09.725147+00:00,98.3,49,ask,,,11776316
2026-06-29T10:09:10.400071,2026-06-29T00:09:10.847166+00:00,98.4,20,bid,,,11776337
2026-06-29T10:09:10.534534,2026-06-29T00:09:10.990175+00:00,98.3,500,ask,,,11776342
2026-06-29T10:09:10.550405,2026-06-29T00:09:11.001175+00:00,98.3,125,bid,,,11776345
2026-06-29T10:09:11.840190,2026-06-29T00:09:12.288175+00:00,98.4,200,bid,,,11776380
2026-06-29T10:09:14.183594,2026-06-29T00:09:14.640433+00:00,98.4,200,ask,,,11776435
2026-06-29T10:09:17.094477,2026-06-29T00:09:17.544002+00:00,98.2,2,ask,,,11776501
2026-06-29T10:09:17.094477,2026-06-29T00:09:17.544002+00:00,98.2,500,ask,,,11776502
2026-06-29T10:09:17.094477,2026-06-29T00:09:17.555002+00:00,98.2,123,ask,,,11776503
2026-06-29T10:09:18.989568,2026-06-29T00:09:19.445605+00:00,98.3,20,bid,,,11776536
2026-06-29T10:09:19.025509,2026-06-29T00:09:19.478605+00:00,98.3,200,bid,,,11776541
2026-06-29T10:09:20.236014,2026-06-29T00:09:20.688650+00:00,98.3,200,ask,,,11776565
2026-06-29T10:09:23.882860,2026-06-29T00:09:24.329645+00:00,98.2,3,ask,,,11776635
2026-06-29T10:09:23.882860,2026-06-29T00:09:24.340645+00:00,98.2,197,ask,,,11776636
2026-06-29T10:09:26.274947,2026-06-29T00:09:26.726153+00:00,98.3,200,bid,,,11776682
2026-06-29T10:09:28.726208,2026-06-29T00:09:29.176365+00:00,98.3,200,bid,,,11776744
2026-06-29T10:09:29.935250,2026-06-29T00:09:30.397483+00:00,98.3,200,bid,,,11776769
2026-06-29T10:09:30.213569,2026-06-29T00:09:30.661373+00:00,98.1,2,ask,,,11776777
2026-06-29T10:09:31.147509,2026-06-29T00:09:31.596364+00:00,98.1,200,bid,,,11776806
2026-06-29T10:09:32.362182,2026-06-29T00:09:32.817373+00:00,98.2,200,ask,,,11776839
2026-06-29T10:09:33.577038,2026-06-29T00:09:34.027479+00:00,98.1,1,ask,,,11776871
2026-06-29T10:09:34.174692,2026-06-29T00:09:34.632488+00:00,98.1,199,bid,,,11776881
2026-06-29T10:09:34.789483,2026-06-29T00:09:35.237479+00:00,98.1,200,ask,,,11776896
2026-06-29T10:09:37.155576,2026-06-29T00:09:37.612542+00:00,98.1,500,bid,,,11776938
2026-06-29T10:09:37.749972,2026-06-29T00:09:38.205083+00:00,98.1,125,bid,,,11776948
2026-06-29T10:09:37.749972,2026-06-29T00:09:38.205083+00:00,98.1,200,bid,,,11776949
2026-06-29T10:09:38.425935,2026-06-29T00:09:38.876083+00:00,98.2,200,ask,,,11776964
2026-06-29T10:09:39.634659,2026-06-29T00:09:40.085607+00:00,98.2,200,ask,,,11776990
2026-06-29T10:09:40.790645,2026-06-29T00:09:41.240607+00:00,98.2,500,bid,,,11777015
2026-06-29T10:09:40.840837,2026-06-29T00:09:41.295608+00:00,98.2,125,bid,,,11777018
2026-06-29T10:09:44.664882,2026-06-29T00:09:45.112728+00:00,98.2,200,bid,,,11777097
2026-06-29T10:09:44.664882,2026-06-29T00:09:45.123729+00:00,98.3,10,bid,,,11777098
2026-06-29T10:09:45.694254,2026-06-29T00:09:46.146280+00:00,98.3,200,ask,,,11777112
2026-06-29T10:09:46.902647,2026-06-29T00:09:47.356308+00:00,98.2,200,bid,,,11777139
2026-06-29T10:09:48.114183,2026-06-29T00:09:48.565674+00:00,98.2,200,ask,,,11777151
2026-06-29T10:09:49.321931,2026-06-29T00:09:49.774674+00:00,98.2,200,bid,,,11777171
2026-06-29T10:09:52.951673,2026-06-29T00:09:53.402570+00:00,98.3,200,ask,,,11777233
2026-06-29T10:09:53.448771,2026-06-29T00:09:53.896579+00:00,98.3,20,ask,,,11777246
2026-06-29T10:09:56.465098,2026-06-29T00:09:56.921155+00:00,98.2,200,ask,,,11777301
2026-06-29T10:09:56.481821,2026-06-29T00:09:56.932155+00:00,98.1,5,bid,,,11777303
2026-06-29T10:09:56.579194,2026-06-29T00:09:57.031156+00:00,98.1,200,bid,,,11777305
2026-06-29T10:09:57.799525,2026-06-29T00:09:58.250178+00:00,98.0,1,ask,,,11777332
2026-06-29T10:09:57.799525,2026-06-29T00:09:58.250178+00:00,98.0,199,ask,,,11777333
2026-06-29T10:09:59.086576,2026-06-29T00:09:59.536693+00:00,98.2,200,bid,,,11777362
2026-06-29T10:10:01.712479,2026-06-29T00:10:02.164216+00:00,98.1,200,ask,,,11777419
2026-06-29T10:10:02.706576,2026-06-29T00:10:03.162914+00:00,98.0,7,ask,,,11777435
2026-06-29T10:10:03.022561,2026-06-29T00:10:03.470905+00:00,98.1,500,bid,,,11777444
2026-06-29T10:10:03.022561,2026-06-29T00:10:03.470905+00:00,98.1,125,bid,,,11777445
2026-06-29T10:10:04.335889,2026-06-29T00:10:04.790915+00:00,98.0,5,ask,,,11777473
2026-06-29T10:10:04.474399,2026-06-29T00:10:04.922914+00:00,98.0,25,bid,,,11777480
2026-06-29T10:10:04.682253,2026-06-29T00:10:05.131914+00:00,98.0,25,bid,,,11777485
2026-06-29T10:10:04.895705,2026-06-29T00:10:05.351905+00:00,98.0,25,bid,,,11777491
2026-06-29T10:10:05.104945,2026-06-29T00:10:05.560905+00:00,98.0,25,bid,,,11777504
2026-06-29T10:10:05.314619,2026-06-29T00:10:05.769914+00:00,98.0,4,bid,,,11777511
2026-06-29T10:10:06.483591,2026-06-29T00:10:06.935498+00:00,98.1,20,bid,,,11777539
2026-06-29T10:10:08.128428,2026-06-29T00:10:08.584561+00:00,98.0,25,bid,,,11777573
2026-06-29T10:10:08.338920,2026-06-29T00:10:08.793561+00:00,98.0,25,bid,,,11777578
2026-06-29T10:10:08.549546,2026-06-29T00:10:09.002570+00:00,98.0,25,bid,,,11777580
2026-06-29T10:10:09.260797,2026-06-29T00:10:09.717570+00:00,97.9,20,ask,,,11777597
2026-06-29T10:10:09.887038,2026-06-29T00:10:10.344570+00:00,97.9,200,ask,,,11777608
2026-06-29T10:10:09.920766,2026-06-29T00:10:10.377570+00:00,97.9,150,bid,,,11777612
2026-06-29T10:10:13.525771,2026-06-29T00:10:13.984260+00:00,97.9,200,bid,,,11777698
2026-06-29T10:10:13.552718,2026-06-29T00:10:14.006260+00:00,97.9,200,ask,,,11777701
2026-06-29T10:10:14.762320,2026-06-29T00:10:15.216260+00:00,97.9,200,ask,,,11777734
2026-06-29T10:10:15.988873,2026-06-29T00:10:16.437280+00:00,97.9,45,bid,,,11777760
2026-06-29T10:10:16.150422,2026-06-29T00:10:16.602271+00:00,97.8,2,ask,,,11777767
2026-06-29T10:10:16.150422,2026-06-29T00:10:16.602271+00:00,97.7,200,ask,,,11777768
2026-06-29T10:10:17.180325,2026-06-29T00:10:17.636272+00:00,97.7,200,bid,,,11777786
2026-06-29T10:10:22.048335,2026-06-29T00:10:22.505646+00:00,97.7,1,ask,,,11777882
2026-06-29T10:10:22.048335,2026-06-29T00:10:22.505646+00:00,97.6,199,ask,,,11777883
2026-06-29T10:10:24.465385,2026-06-29T00:10:24.913492+00:00,97.7,200,bid,,,11777921
2026-06-29T10:10:25.191773,2026-06-29T00:10:25.639501+00:00,97.7,1,bid,,,11777932
2026-06-29T10:10:25.675423,2026-06-29T00:10:26.123170+00:00,97.8,200,ask,,,11777940
2026-06-29T10:10:26.821652,2026-06-29T00:10:27.278171+00:00,97.8,500,ask,,,11777970
2026-06-29T10:10:26.884225,2026-06-29T00:10:27.333171+00:00,97.8,125,ask,,,11777973
2026-06-29T10:10:28.407828,2026-06-29T00:10:28.861234+00:00,97.7,6,bid,,,11777996
2026-06-29T10:10:33.212536,2026-06-29T00:10:33.668336+00:00,97.5,1,ask,,,11778070
2026-06-29T10:10:33.212536,2026-06-29T00:10:33.668336+00:00,97.4,200,ask,,,11778071
2026-06-29T10:10:34.244776,2026-06-29T00:10:34.701454+00:00,97.3,20,ask,,,11778091
2026-06-29T10:10:34.522458,2026-06-29T00:10:34.976336+00:00,97.4,200,bid,,,11778098
2026-06-29T10:10:35.365181,2026-06-29T00:10:35.823335+00:00,97.5,200,ask,,,11778115
2026-06-29T10:10:37.226139,2026-06-29T00:10:37.680390+00:00,97.7,20,bid,,,11778160
2026-06-29T10:10:38.457529,2026-06-29T00:10:38.911926+00:00,97.6,200,bid,,,11778180
2026-06-29T10:10:38.605454,2026-06-29T00:10:39.054451+00:00,97.6,20,ask,,,11778185
2026-06-29T10:10:39.037274,2026-06-29T00:10:39.494547+00:00,97.7,8,bid,,,11778192
2026-06-29T10:10:40.225404,2026-06-29T00:10:40.680459+00:00,97.5,200,ask,,,11778214
2026-06-29T10:10:40.650892,2026-06-29T00:10:41.098471+00:00,97.7,6,bid,,,11778225
2026-06-29T10:10:40.938914,2026-06-29T00:10:41.388470+00:00,97.7,20,bid,,,11778232
2026-06-29T10:10:42.646674,2026-06-29T00:10:43.103047+00:00,97.5,200,ask,,,11778262
2026-06-29T10:10:42.688987,2026-06-29T00:10:43.147047+00:00,97.5,20,ask,,,11778267
2026-06-29T10:10:46.513623,2026-06-29T00:10:46.962601+00:00,97.4,1,ask,,,11778334
2026-06-29T10:10:46.513623,2026-06-29T00:10:46.962601+00:00,97.4,19,ask,,,11778335
2026-06-29T10:10:47.653392,2026-06-29T00:10:48.105684+00:00,97.4,1,ask,,,11778358
2026-06-29T10:10:48.710650,2026-06-29T00:10:49.160684+00:00,97.4,200,bid,,,11778373
2026-06-29T10:10:52.646516,2026-06-29T00:10:53.097267+00:00,97.5,20,bid,,,11778449
2026-06-29T10:10:54.492803,2026-06-29T00:10:54.945267+00:00,97.3,1,ask,,,11778482
2026-06-29T10:10:54.492803,2026-06-29T00:10:54.945267+00:00,97.3,19,ask,,,11778483
2026-06-29T10:10:56.496857,2026-06-29T00:10:56.946823+00:00,97.3,200,bid,,,11778516
2026-06-29T10:10:58.401112,2026-06-29T00:10:58.859541+00:00,97.3,200,ask,,,11778551
2026-06-29T10:10:59.066158,2026-06-29T00:10:59.519532+00:00,97.2,20,ask,,,11778562
2026-06-29T10:11:00.822289,2026-06-29T00:11:01.279532+00:00,97.4,200,ask,,,11778599
2026-06-29T10:11:00.894205,2026-06-29T00:11:01.345532+00:00,97.4,25,ask,,,11778601
2026-06-29T10:11:01.103108,2026-06-29T00:11:01.554532+00:00,97.4,25,ask,,,11778603
2026-06-29T10:11:01.312069,2026-06-29T00:11:01.763541+00:00,97.4,25,ask,,,11778607
2026-06-29T10:11:01.521900,2026-06-29T00:11:01.972541+00:00,97.4,25,ask,,,11778611
2026-06-29T10:11:01.737257,2026-06-29T00:11:02.192541+00:00,97.4,8,ask,,,11778621
2026-06-29T10:11:02.089088,2026-06-29T00:11:02.544531+00:00,97.4,200,ask,,,11778626
2026-06-29T10:11:03.244012,2026-06-29T00:11:03.698233+00:00,97.3,200,ask,,,11778645
2026-06-29T10:11:03.285739,2026-06-29T00:11:03.742233+00:00,97.4,20,bid,,,11778646
2026-06-29T10:11:05.657594,2026-06-29T00:11:06.106299+00:00,97.3,200,ask,,,11778683
2026-06-29T10:11:06.955707,2026-06-29T00:11:07.404289+00:00,97.3,25,ask,,,11778715
2026-06-29T10:11:07.165526,2026-06-29T00:11:07.613298+00:00,97.3,21,ask,,,11778719
2026-06-29T10:11:07.327927,2026-06-29T00:11:07.778298+00:00,97.3,454,ask,,,11778724
2026-06-29T10:11:07.396086,2026-06-29T00:11:07.844299+00:00,97.3,171,bid,,,11778727
2026-06-29T10:11:08.777734,2026-06-29T00:11:09.229837+00:00,97.4,3,ask,,,11778753
2026-06-29T10:11:09.317573,2026-06-29T00:11:09.768351+00:00,97.5,20,bid,,,11778763
2026-06-29T10:11:09.944456,2026-06-29T00:11:10.395351+00:00,97.5,180,bid,,,11778768
2026-06-29T10:11:11.261666,2026-06-29T00:11:11.715351+00:00,97.4,200,ask,,,11778789
2026-06-29T10:11:11.400694,2026-06-29T00:11:11.858351+00:00,97.4,25,bid,,,11778792
2026-06-29T10:11:11.609361,2026-06-29T00:11:12.067351+00:00,97.4,25,bid,,,11778800
2026-06-29T10:11:11.817453,2026-06-29T00:11:12.265351+00:00,97.4,25,bid,,,11778807
2026-06-29T10:11:12.027708,2026-06-29T00:11:12.485343+00:00,97.4,25,bid,,,11778810
2026-06-29T10:11:12.239889,2026-06-29T00:11:12.694461+00:00,97.4,3,bid,,,11778812
2026-06-29T10:11:13.883399,2026-06-29T00:11:14.332463+00:00,97.3,200,bid,,,11778855
2026-06-29T10:11:14.139005,2026-06-29T00:11:14.595968+00:00,97.3,200,ask,,,11778863
2026-06-29T10:11:15.200088,2026-06-29T00:11:15.651968+00:00,97.2,1,ask,,,11778890
2026-06-29T10:11:15.200088,2026-06-29T00:11:15.651968+00:00,97.2,500,ask,,,11778891
2026-06-29T10:11:15.257232,2026-06-29T00:11:15.717967+00:00,97.2,124,bid,,,11778895
2026-06-29T10:11:16.523755,2026-06-29T00:11:16.982047+00:00,97.4,200,bid,,,11778920
2026-06-29T10:11:16.567554,2026-06-29T00:11:17.015047+00:00,97.5,200,ask,,,11778924
2026-06-29T10:11:16.651990,2026-06-29T00:11:17.103047+00:00,97.5,25,ask,,,11778927
2026-06-29T10:11:16.863596,2026-06-29T00:11:17.312048+00:00,97.5,25,ask,,,11778933
2026-06-29T10:11:17.074668,2026-06-29T00:11:17.532047+00:00,97.5,25,ask,,,11778935
2026-06-29T10:11:17.777402,2026-06-29T00:11:18.235089+00:00,97.5,150,ask,,,11778959
2026-06-29T10:11:19.986034,2026-06-29T00:11:20.435199+00:00,97.4,20,bid,,,11779000
2026-06-29T10:11:20.199464,2026-06-29T00:11:20.655080+00:00,97.4,200,bid,,,11779009
2026-06-29T10:11:21.411363,2026-06-29T00:11:21.865089+00:00,97.3,200,ask,,,11779025
2026-06-29T10:11:23.834612,2026-06-29T00:11:24.293469+00:00,97.4,200,bid,,,11779085
2026-06-29T10:11:24.375479,2026-06-29T00:11:24.832359+00:00,97.4,20,bid,,,11779100
2026-06-29T10:11:24.497535,2026-06-29T00:11:24.953359+00:00,97.4,25,ask,,,11779105
2026-06-29T10:11:24.708657,2026-06-29T00:11:25.162359+00:00,97.4,25,ask,,,11779117
2026-06-29T10:11:24.917776,2026-06-29T00:11:25.371359+00:00,97.4,4,ask,,,11779124
2026-06-29T10:11:25.364100,2026-06-29T00:11:25.822350+00:00,97.4,200,ask,,,11779140
2026-06-29T10:11:25.703821,2026-06-29T00:11:26.151910+00:00,97.3,200,ask,,,11779145
2026-06-29T10:11:26.258382,2026-06-29T00:11:26.712424+00:00,97.3,200,bid,,,11779157
2026-06-29T10:11:29.888147,2026-06-29T00:11:30.342099+00:00,97.4,200,ask,,,11779218
2026-06-29T10:11:31.096838,2026-06-29T00:11:31.551990+00:00,97.3,200,ask,,,11779249
2026-06-29T10:11:33.580480,2026-06-29T00:11:34.037020+00:00,97.4,200,bid,,,11779302
2026-06-29T10:11:36.202317,2026-06-29T00:11:36.654786+00:00,97.5,9,bid,,,11779362
2026-06-29T10:11:36.586697,2026-06-29T00:11:37.039786+00:00,97.5,20,ask,,,11779372
2026-06-29T10:11:37.166124,2026-06-29T00:11:37.622786+00:00,97.5,200,ask,,,11779384
2026-06-29T10:11:39.586019,2026-06-29T00:11:40.041772+00:00,97.6,4,bid,,,11779434
2026-06-29T10:11:39.586019,2026-06-29T00:11:40.041772+00:00,97.6,196,bid,,,11779435
2026-06-29T10:11:40.145143,2026-06-29T00:11:40.602772+00:00,97.5,4,bid,,,11779443
2026-06-29T10:11:40.145143,2026-06-29T00:11:40.602772+00:00,97.5,500,bid,,,11779444
2026-06-29T10:11:40.710351,2026-06-29T00:11:41.163763+00:00,97.6,121,ask,,,11779451
2026-06-29T10:11:40.795659,2026-06-29T00:11:41.251763+00:00,97.6,200,bid,,,11779457
2026-06-29T10:11:42.006581,2026-06-29T00:11:42.459881+00:00,97.5,4,bid,,,11779470
2026-06-29T10:11:42.006581,2026-06-29T00:11:42.459881+00:00,97.5,196,bid,,,11779471
2026-06-29T10:11:43.214286,2026-06-29T00:11:43.669386+00:00,97.5,2,bid,,,11779489
2026-06-29T10:11:43.214286,2026-06-29T00:11:43.669386+00:00,97.6,198,bid,,,11779490
2026-06-29T10:11:44.790641,2026-06-29T00:11:45.242378+00:00,97.6,20,bid,,,11779523
2026-06-29T10:11:45.543715,2026-06-29T00:11:46.001496+00:00,97.4,200,ask,,,11779538
2026-06-29T10:11:45.543715,2026-06-29T00:11:46.001496+00:00,97.4,300,ask,,,11779539
2026-06-29T10:11:46.165887,2026-06-29T00:11:46.616917+00:00,97.4,325,ask,,,11779546
2026-06-29T10:11:46.711469,2026-06-29T00:11:47.166422+00:00,97.3,200,ask,,,11779559
2026-06-29T10:11:47.310125,2026-06-29T00:11:47.760430+00:00,97.3,20,bid,,,11779567
2026-06-29T10:11:49.253533,2026-06-29T00:11:49.706990+00:00,97.3,200,bid,,,11779610
2026-06-29T10:11:50.140702,2026-06-29T00:11:50.597991+00:00,97.2,20,ask,,,11779628
2026-06-29T10:11:50.641812,2026-06-29T00:11:51.092991+00:00,97.3,200,ask,,,11779643
2026-06-29T10:11:50.646265,2026-06-29T00:11:51.103991+00:00,97.3,50,bid,,,11779645
2026-06-29T10:11:50.778162,2026-06-29T00:11:51.235985+00:00,97.3,25,bid,,,11779649
2026-06-29T10:11:51.019425,2026-06-29T00:11:51.477991+00:00,97.3,25,bid,,,11779653
2026-06-29T10:11:51.947924,2026-06-29T00:11:52.401991+00:00,97.3,200,bid,,,11779675
2026-06-29T10:11:54.094526,2026-06-29T00:11:54.556192+00:00,97.3,200,ask,,,11779725
2026-06-29T10:11:57.187558,2026-06-29T00:11:57.645972+00:00,97.3,200,bid,,,11779786
2026-06-29T10:11:58.921346,2026-06-29T00:11:59.372520+00:00,97.4,200,bid,,,11779815
2026-06-29T10:12:00.170771,2026-06-29T00:12:00.626521+00:00,97.5,2,bid,,,11779845
2026-06-29T10:12:00.170771,2026-06-29T00:12:00.626521+00:00,97.5,48,bid,,,11779846
2026-06-29T10:12:02.505834,2026-06-29T00:12:02.958528+00:00,97.5,200,ask,,,11779879
2026-06-29T10:12:02.655488,2026-06-29T00:12:03.111134+00:00,97.5,20,bid,,,11779882
2026-06-29T10:12:03.280264,2026-06-29T00:12:03.738133+00:00,97.5,20,bid,,,11779895
2026-06-29T10:12:03.706573,2026-06-29T00:12:04.156134+00:00,97.4,500,ask,,,11779905
2026-06-29T10:12:03.720644,2026-06-29T00:12:04.178134+00:00,97.4,20,ask,,,11779906
2026-06-29T10:12:03.737234,2026-06-29T00:12:04.189134+00:00,97.4,200,ask,,,11779907
2026-06-29T10:12:03.756421,2026-06-29T00:12:04.211134+00:00,97.2,200,bid,,,11779912
2026-06-29T10:12:05.044234,2026-06-29T00:12:05.498137+00:00,97.2,200,bid,,,11779943
2026-06-29T10:12:12.927084,2026-06-29T00:12:13.382337+00:00,97.4,4,bid,,,11780097
2026-06-29T10:12:13.458138,2026-06-29T00:12:13.910403+00:00,97.4,200,ask,,,11780109
2026-06-29T10:12:16.863213,2026-06-29T00:12:17.319912+00:00,97.4,500,bid,,,11780170
2026-06-29T10:12:17.049128,2026-06-29T00:12:17.506904+00:00,97.4,125,ask,,,11780171
2026-06-29T10:12:17.049128,2026-06-29T00:12:17.506904+00:00,97.3,200,ask,,,11780172
2026-06-29T10:12:17.076757,2026-06-29T00:12:17.528903+00:00,97.3,25,bid,,,11780175
2026-06-29T10:12:17.287876,2026-06-29T00:12:17.737903+00:00,97.3,25,bid,,,11780181
2026-06-29T10:12:17.498959,2026-06-29T00:12:17.957912+00:00,97.3,25,bid,,,11780183
2026-06-29T10:12:17.656062,2026-06-29T00:12:18.111098+00:00,97.2,200,ask,,,11780184
2026-06-29T10:12:17.685370,2026-06-29T00:12:18.133098+00:00,97.2,75,bid,,,11780191
2026-06-29T10:12:18.174191,2026-06-29T00:12:18.627648+00:00,97.2,225,bid,,,11780210
2026-06-29T10:12:19.492667,2026-06-29T00:12:19.945648+00:00,97.2,200,ask,,,11780239
2026-06-29T10:12:20.713030,2026-06-29T00:12:21.165779+00:00,97.2,200,bid,,,11780262
2026-06-29T10:12:20.799186,2026-06-29T00:12:21.253779+00:00,97.3,500,bid,,,11780263
2026-06-29T10:12:20.799186,2026-06-29T00:12:21.253779+00:00,97.3,125,bid,,,11780264
2026-06-29T10:12:23.140151,2026-06-29T00:12:23.596339+00:00,97.1,200,ask,,,11780319
2026-06-29T10:12:24.353682,2026-06-29T00:12:24.806330+00:00,97.1,200,ask,,,11780343
2026-06-29T10:12:24.925967,2026-06-29T00:12:25.388449+00:00,97.1,1,ask,,,11780348
2026-06-29T10:12:25.923013,2026-06-29T00:12:26.376812+00:00,97.2,25,bid,,,11780362
2026-06-29T10:12:26.145718,2026-06-29T00:12:26.596812+00:00,97.2,25,bid,,,11780370
2026-06-29T10:12:28.494512,2026-06-29T00:12:28.950260+00:00,97.3,6,bid,,,11780407
2026-06-29T10:12:28.494512,2026-06-29T00:12:28.950260+00:00,97.3,14,bid,,,11780408
2026-06-29T10:12:29.785069,2026-06-29T00:12:30.237260+00:00,97.2,25,bid,,,11780447
2026-06-29T10:12:29.966585,2026-06-29T00:12:30.424260+00:00,97.2,475,bid,,,11780448
2026-06-29T10:12:30.361340,2026-06-29T00:12:30.819769+00:00,97.2,150,ask,,,11780451
2026-06-29T10:12:32.821590,2026-06-29T00:12:33.272308+00:00,97.2,200,bid,,,11780503
2026-06-29T10:12:35.247846,2026-06-29T00:12:35.703329+00:00,97.2,200,bid,,,11780556
2026-06-29T10:12:38.068136,2026-06-29T00:12:38.518822+00:00,97.1,20,bid,,,11780611
2026-06-29T10:12:38.880811,2026-06-29T00:12:39.332704+00:00,97.0,5,ask,,,11780629
2026-06-29T10:12:39.171120,2026-06-29T00:12:39.629713+00:00,97.0,195,bid,,,11780641
2026-06-29T10:12:40.091352,2026-06-29T00:12:40.542733+00:00,97.1,200,bid,,,11780666
2026-06-29T10:12:40.099668,2026-06-29T00:12:40.553733+00:00,97.1,20,bid,,,11780667
2026-06-29T10:12:41.297599,2026-06-29T00:12:41.752733+00:00,97.1,200,bid,,,11780686
2026-06-29T10:12:42.505848,2026-06-29T00:12:42.961243+00:00,97.2,200,bid,,,11780708
2026-06-29T10:12:43.182598,2026-06-29T00:12:43.631020+00:00,97.1,25,ask,,,11780720
2026-06-29T10:12:43.397300,2026-06-29T00:12:43.851021+00:00,97.1,25,ask,,,11780727
2026-06-29T10:12:43.607121,2026-06-29T00:12:44.059421+00:00,97.1,25,ask,,,11780736
2026-06-29T10:12:43.816678,2026-06-29T00:12:44.268420+00:00,97.1,25,ask,,,11780744
2026-06-29T10:12:44.029148,2026-06-29T00:12:44.477421+00:00,97.1,25,ask,,,11780750
2026-06-29T10:12:44.237919,2026-06-29T00:12:44.696539+00:00,97.1,25,ask,,,11780755
2026-06-29T10:12:45.053195,2026-06-29T00:12:45.510539+00:00,97.1,25,bid,,,11780776
2026-06-29T10:12:45.263458,2026-06-29T00:12:45.719430+00:00,97.1,25,bid,,,11780778
2026-06-29T10:12:47.057566,2026-06-29T00:12:47.511977+00:00,97.1,200,ask,,,11780819
2026-06-29T10:12:47.339739,2026-06-29T00:12:47.797976+00:00,97.1,200,bid,,,11780822
2026-06-29T10:12:48.473495,2026-06-29T00:12:48.929184+00:00,97.1,25,ask,,,11780837
2026-06-29T10:12:48.683118,2026-06-29T00:12:49.138189+00:00,97.1,25,ask,,,11780846
2026-06-29T10:12:48.893690,2026-06-29T00:12:49.347198+00:00,97.1,25,ask,,,11780849
2026-06-29T10:12:49.676680,2026-06-29T00:12:50.128198+00:00,97.2,200,bid,,,11780858
2026-06-29T10:12:49.676680,2026-06-29T00:12:50.128198+00:00,97.2,425,bid,,,11780859
2026-06-29T10:12:50.992614,2026-06-29T00:12:51.448307+00:00,97.1,200,ask,,,11780882
2026-06-29T10:12:52.193359,2026-06-29T00:12:52.647268+00:00,97.0,200,bid,,,11780895
2026-06-29T10:12:53.409606,2026-06-29T00:12:53.867149+00:00,97.2,200,bid,,,11780917
2026-06-29T10:12:54.623016,2026-06-29T00:12:55.080669+00:00,97.2,200,bid,,,11780947
2026-06-29T10:12:54.717110,2026-06-29T00:12:55.168660+00:00,97.0,3,ask,,,11780950
2026-06-29T10:12:54.921661,2026-06-29T00:12:55.377669+00:00,97.2,500,bid,,,11780959
2026-06-29T10:12:55.188602,2026-06-29T00:12:55.641669+00:00,97.2,125,ask,,,11780967
2026-06-29T10:12:56.232524,2026-06-29T00:12:56.686341+00:00,97.1,200,ask,,,11780985
2026-06-29T10:12:57.041656,2026-06-29T00:12:57.500231+00:00,97.0,200,bid,,,11780999
2026-06-29T10:12:57.607921,2026-06-29T00:12:58.061231+00:00,97.1,500,ask,,,11781018
2026-06-29T10:12:58.851823,2026-06-29T00:12:59.302780+00:00,97.1,200,ask,,,11781043
2026-06-29T10:12:59.461947,2026-06-29T00:12:59.918789+00:00,96.9,200,bid,,,11781056
2026-06-29T10:13:00.400996,2026-06-29T00:13:00.853308+00:00,97.2,20,bid,,,11781084
2026-06-29T10:13:00.670664,2026-06-29T00:13:01.128308+00:00,97.1,200,bid,,,11781093
2026-06-29T10:13:01.468484,2026-06-29T00:13:01.920308+00:00,97.1,500,bid,,,11781111
2026-06-29T10:13:01.481898,2026-06-29T00:13:01.931308+00:00,97.1,125,ask,,,11781113
2026-06-29T10:13:01.879978,2026-06-29T00:13:02.338300+00:00,97.1,200,bid,,,11781125
2026-06-29T10:13:03.086447,2026-06-29T00:13:03.535960+00:00,96.9,200,bid,,,11781137
2026-06-29T10:13:03.548752,2026-06-29T00:13:04.008079+00:00,96.9,25,bid,,,11781153
2026-06-29T10:13:03.759493,2026-06-29T00:13:04.216969+00:00,96.9,25,bid,,,11781157
2026-06-29T10:13:04.293144,2026-06-29T00:13:04.744969+00:00,96.9,200,bid,,,11781169
2026-06-29T10:13:04.308553,2026-06-29T00:13:04.766969+00:00,96.7,4,ask,,,11781172
2026-06-29T10:13:04.308553,2026-06-29T00:13:04.777969+00:00,96.7,16,ask,,,11781173
2026-06-29T10:13:06.724246,2026-06-29T00:13:07.175508+00:00,96.9,200,bid,,,11781214
2026-06-29T10:13:07.936889,2026-06-29T00:13:08.395599+00:00,96.9,200,bid,,,11781238
2026-06-29T10:13:09.504734,2026-06-29T00:13:09.957608+00:00,96.8,20,ask,,,11781272
2026-06-29T10:13:09.776743,2026-06-29T00:13:10.232608+00:00,96.8,25,ask,,,11781276
2026-06-29T10:13:09.993941,2026-06-29T00:13:10.452612+00:00,96.8,25,ask,,,11781280
2026-06-29T10:13:11.999092,2026-06-29T00:13:12.452130+00:00,96.8,200,ask,,,11781307
2026-06-29T10:13:12.793852,2026-06-29T00:13:13.253175+00:00,96.8,200,bid,,,11781320
2026-06-29T10:13:13.309352,2026-06-29T00:13:13.758056+00:00,97.0,200,bid,,,11781334
2026-06-29T10:13:13.309352,2026-06-29T00:13:13.769056+00:00,97.1,1,bid,,,11781335
2026-06-29T10:13:13.309352,2026-06-29T00:13:13.769056+00:00,97.1,424,bid,,,11781336
2026-06-29T10:13:14.624232,2026-06-29T00:13:15.078078+00:00,96.9,200,bid,,,11781362
2026-06-29T10:13:15.212785,2026-06-29T00:13:15.661069+00:00,96.9,200,ask,,,11781372
2026-06-29T10:13:16.424392,2026-06-29T00:13:16.881640+00:00,96.7,6,ask,,,11781396
2026-06-29T10:13:16.424392,2026-06-29T00:13:16.881640+00:00,96.7,194,ask,,,11781397
2026-06-29T10:13:23.059094,2026-06-29T00:13:23.510169+00:00,96.6,5,ask,,,11781506
2026-06-29T10:13:23.059094,2026-06-29T00:13:23.510169+00:00,96.6,15,ask,,,11781507
2026-06-29T10:13:23.796728,2026-06-29T00:13:24.247169+00:00,96.7,200,bid,,,11781521
2026-06-29T10:13:25.117808,2026-06-29T00:13:25.578168+00:00,96.7,200,ask,,,11781549
2026-06-29T10:13:26.093662,2026-06-29T00:13:26.545727+00:00,96.6,8,ask,,,11781573
2026-06-29T10:13:26.428194,2026-06-29T00:13:26.886718+00:00,96.6,192,bid,,,11781579
2026-06-29T10:13:26.446051,2026-06-29T00:13:26.897718+00:00,96.8,75,ask,,,11781582
2026-06-29T10:13:27.300545,2026-06-29T00:13:27.755747+00:00,96.8,200,ask,,,11781591
2026-06-29T10:13:29.725740,2026-06-29T00:13:30.174381+00:00,96.7,200,ask,,,11781635
2026-06-29T10:13:30.952701,2026-06-29T00:13:31.406380+00:00,96.8,200,ask,,,11781660
2026-06-29T10:13:32.161280,2026-06-29T00:13:32.616381+00:00,96.8,200,bid,,,11781687
2026-06-29T10:13:35.601392,2026-06-29T00:13:36.057868+00:00,96.7,200,bid,,,11781755
2026-06-29T10:13:35.787420,2026-06-29T00:13:36.244002+00:00,96.7,200,ask,,,11781761
2026-06-29T10:13:40.844359,2026-06-29T00:13:41.303045+00:00,96.8,8,bid,,,11781836
2026-06-29T10:13:40.844359,2026-06-29T00:13:41.303045+00:00,96.8,200,bid,,,11781837
2026-06-29T10:13:41.067531,2026-06-29T00:13:41.523045+00:00,96.8,6,ask,,,11781844
2026-06-29T10:13:41.477160,2026-06-29T00:13:41.930036+00:00,96.8,4,ask,,,11781851
2026-06-29T10:13:42.289451,2026-06-29T00:13:42.744045+00:00,96.7,4,ask,,,11781869
2026-06-29T10:13:44.783890,2026-06-29T00:13:45.240269+00:00,96.8,200,bid,,,11781909
2026-06-29T10:13:45.466224,2026-06-29T00:13:45.922150+00:00,96.9,8,bid,,,11781926
2026-06-29T10:13:46.098181,2026-06-29T00:13:46.548693+00:00,96.9,192,ask,,,11781938
2026-06-29T10:13:47.409330,2026-06-29T00:13:47.868693+00:00,96.8,200,bid,,,11781962
2026-06-29T10:13:47.905598,2026-06-29T00:13:48.362484+00:00,96.9,200,ask,,,11781969
2026-06-29T10:13:51.349245,2026-06-29T00:13:51.803497+00:00,96.6,200,bid,,,11782035
2026-06-29T10:13:53.996274,2026-06-29T00:13:54.451290+00:00,96.6,200,ask,,,11782082
2026-06-29T10:13:54.531484,2026-06-29T00:13:54.989180+00:00,96.6,425,bid,,,11782085
2026-06-29T10:13:55.205344,2026-06-29T00:13:55.660180+00:00,96.5,1,ask,,,11782102
2026-06-29T10:13:55.205344,2026-06-29T00:13:55.660180+00:00,96.5,199,ask,,,11782103
2026-06-29T10:13:55.303247,2026-06-29T00:13:55.759180+00:00,96.8,11,bid,,,11782105
2026-06-29T10:13:56.705061,2026-06-29T00:13:57.155734+00:00,96.9,10,bid,,,11782127
2026-06-29T10:13:56.705061,2026-06-29T00:13:57.155734+00:00,96.9,10,bid,,,11782128
2026-06-29T10:13:59.236574,2026-06-29T00:13:59.696241+00:00,96.8,200,bid,,,11782185
2026-06-29T10:13:59.236574,2026-06-29T00:13:59.696241+00:00,96.9,9,bid,,,11782186
2026-06-29T10:14:00.052547,2026-06-29T00:14:00.510251+00:00,96.9,200,ask,,,11782201
2026-06-29T10:14:01.258087,2026-06-29T00:14:01.709261+00:00,96.8,200,bid,,,11782228
2026-06-29T10:14:02.464475,2026-06-29T00:14:02.918779+00:00,96.8,200,bid,,,11782245
2026-06-29T10:14:03.128420,2026-06-29T00:14:03.577422+00:00,96.8,20,bid,,,11782254
2026-06-29T10:14:05.797144,2026-06-29T00:14:06.249994+00:00,96.7,200,ask,,,11782296
2026-06-29T10:14:06.439421,2026-06-29T00:14:06.898004+00:00,96.5,1,ask,,,11782307
2026-06-29T10:14:06.439421,2026-06-29T00:14:06.898004+00:00,96.5,19,ask,,,11782308
2026-06-29T10:14:08.165977,2026-06-29T00:14:08.614142+00:00,96.6,20,bid,,,11782335
2026-06-29T10:14:08.501356,2026-06-29T00:14:08.955143+00:00,96.6,200,bid,,,11782337
2026-06-29T10:14:09.709376,2026-06-29T00:14:10.165143+00:00,96.6,200,bid,,,11782363
2026-06-29T10:14:10.919777,2026-06-29T00:14:11.374143+00:00,96.7,200,ask,,,11782377
2026-06-29T10:14:11.040417,2026-06-29T00:14:11.495134+00:00,96.8,5,bid,,,11782380
2026-06-29T10:14:11.491734,2026-06-29T00:14:11.946143+00:00,96.9,500,ask,,,11782386
2026-06-29T10:14:12.128506,2026-06-29T00:14:12.582771+00:00,96.9,120,ask,,,11782401
2026-06-29T10:14:13.662561,2026-06-29T00:14:14.121706+00:00,96.7,200,ask,,,11782426
2026-06-29T10:14:14.496922,2026-06-29T00:14:14.946706+00:00,96.6,425,bid,,,11782447
2026-06-29T10:14:15.762728,2026-06-29T00:14:16.211314+00:00,96.8,200,ask,,,11782463
2026-06-29T10:14:16.967801,2026-06-29T00:14:17.420317+00:00,96.9,9,bid,,,11782491
2026-06-29T10:14:19.943980,2026-06-29T00:14:20.401010+00:00,96.9,500,bid,,,11782559
2026-06-29T10:14:20.182791,2026-06-29T00:14:20.632010+00:00,96.9,20,bid,,,11782566
2026-06-29T10:14:20.215795,2026-06-29T00:14:20.665010+00:00,96.9,200,bid,,,11782567
2026-06-29T10:14:20.215795,2026-06-29T00:14:20.676010+00:00,97.0,3,bid,,,11782568
2026-06-29T10:14:20.590859,2026-06-29T00:14:21.050010+00:00,97.2,200,ask,,,11782578
2026-06-29T10:14:21.801478,2026-06-29T00:14:22.260010+00:00,97.2,200,ask,,,11782597
2026-06-29T10:14:23.008469,2026-06-29T00:14:23.457693+00:00,97.1,200,ask,,,11782628
2026-06-29T10:14:30.715693,2026-06-29T00:14:31.166359+00:00,97.1,200,ask,,,11782764
2026-06-29T10:14:32.025081,2026-06-29T00:14:32.485359+00:00,97.2,1,bid,,,11782794
2026-06-29T10:14:32.025081,2026-06-29T00:14:32.485359+00:00,97.2,200,bid,,,11782795
2026-06-29T10:14:33.343584,2026-06-29T00:14:33.793472+00:00,97.2,200,ask,,,11782811
2026-06-29T10:14:33.883694,2026-06-29T00:14:34.332480+00:00,96.9,7,ask,,,11782820
2026-06-29T10:14:33.883694,2026-06-29T00:14:34.343472+00:00,96.9,13,ask,,,11782821
2026-06-29T10:14:33.919025,2026-06-29T00:14:34.376480+00:00,97.1,200,bid,,,11782826
2026-06-29T10:14:35.203421,2026-06-29T00:14:35.663471+00:00,97.3,1,bid,,,11782859
2026-06-29T10:14:35.203421,2026-06-29T00:14:35.663471+00:00,97.3,199,bid,,,11782860
2026-06-29T10:14:35.209797,2026-06-29T00:14:35.663471+00:00,97.3,25,bid,,,11782861
2026-06-29T10:14:35.619276,2026-06-29T00:14:36.069290+00:00,97.2,9,bid,,,11782870
2026-06-29T10:14:35.959872,2026-06-29T00:14:36.410418+00:00,97.3,200,bid,,,11782873
2026-06-29T10:14:36.341408,2026-06-29T00:14:36.795299+00:00,97.3,200,ask,,,11782880
2026-06-29T10:14:36.708169,2026-06-29T00:14:37.158299+00:00,97.4,7,bid,,,11782892
2026-06-29T10:14:36.708169,2026-06-29T00:14:37.169299+00:00,97.4,13,bid,,,11782893
2026-06-29T10:14:37.279320,2026-06-29T00:14:37.730299+00:00,97.1,200,ask,,,11782900
2026-06-29T10:14:37.431022,2026-06-29T00:14:37.884299+00:00,97.1,25,bid,,,11782908
2026-06-29T10:14:41.649094,2026-06-29T00:14:42.105723+00:00,97.2,25,bid,,,11782997
2026-06-29T10:14:41.857980,2026-06-29T00:14:42.314613+00:00,97.2,25,bid,,,11783003
2026-06-29T10:14:42.067455,2026-06-29T00:14:42.523613+00:00,97.2,25,bid,,,11783011
2026-06-29T10:14:42.276871,2026-06-29T00:14:42.732613+00:00,97.2,25,bid,,,11783017
2026-06-29T10:14:42.488643,2026-06-29T00:14:42.941604+00:00,97.3,25,bid,,,11783021
2026-06-29T10:14:43.062687,2026-06-29T00:14:43.512283+00:00,97.1,20,ask,,,11783031
2026-06-29T10:14:43.500473,2026-06-29T00:14:43.952294+00:00,97.2,16,bid,,,11783042
2026-06-29T10:14:43.611352,2026-06-29T00:14:44.062293+00:00,97.2,200,bid,,,11783048
2026-06-29T10:14:45.128726,2026-06-29T00:14:45.580302+00:00,97.3,1,bid,,,11783080
2026-06-29T10:14:46.186955,2026-06-29T00:14:46.635381+00:00,97.3,20,ask,,,11783095
2026-06-29T10:14:46.437986,2026-06-29T00:14:46.888372+00:00,97.3,200,ask,,,11783103
2026-06-29T10:14:47.241509,2026-06-29T00:14:47.691381+00:00,97.3,200,bid,,,11783120
2026-06-29T10:14:47.743746,2026-06-29T00:14:48.197267+00:00,97.4,500,bid,,,11783133
2026-06-29T10:14:47.800014,2026-06-29T00:14:48.252267+00:00,97.4,125,ask,,,11783134
2026-06-29T10:14:49.067489,2026-06-29T00:14:49.527267+00:00,97.3,200,ask,,,11783167
2026-06-29T10:14:49.660628,2026-06-29T00:14:50.110157+00:00,97.2,200,bid,,,11783176
2026-06-29T10:14:50.377394,2026-06-29T00:14:50.836149+00:00,97.4,500,bid,,,11783187
2026-06-29T10:14:50.377394,2026-06-29T00:14:50.836149+00:00,97.5,125,bid,,,11783188
2026-06-29T10:14:50.872470,2026-06-29T00:14:51.329676+00:00,97.3,200,bid,,,11783194
2026-06-29T10:14:50.963717,2026-06-29T00:14:51.417676+00:00,97.3,10,bid,,,11783198
2026-06-29T10:14:52.083334,2026-06-29T00:14:52.539676+00:00,97.3,1,bid,,,11783218
2026-06-29T10:14:52.083334,2026-06-29T00:14:52.539676+00:00,97.3,199,bid,,,11783219
2026-06-29T10:14:52.628536,2026-06-29T00:14:53.078667+00:00,97.2,500,ask,,,11783233
2026-06-29T10:14:52.998818,2026-06-29T00:14:53.451448+00:00,97.1,11,ask,,,11783241
2026-06-29T10:14:53.295055,2026-06-29T00:14:53.748449+00:00,97.1,200,bid,,,11783245
2026-06-29T10:14:54.506656,2026-06-29T00:14:54.958448+00:00,97.1,200,ask,,,11783261
2026-06-29T10:14:56.866917,2026-06-29T00:14:57.322766+00:00,97.1,200,ask,,,11783307
2026-06-29T10:14:59.916807,2026-06-29T00:15:00.368158+00:00,97.0,6,ask,,,11783362
2026-06-29T10:14:59.916807,2026-06-29T00:15:00.368158+00:00,97.0,494,ask,,,11783363
2026-06-29T10:15:00.513936,2026-06-29T00:15:00.973149+00:00,97.0,131,ask,,,11783375
2026-06-29T10:15:00.513936,2026-06-29T00:15:00.973149+00:00,97.0,6,ask,,,11783376
2026-06-29T10:15:00.792260,2026-06-29T00:15:01.248149+00:00,97.0,20,bid,,,11783385
2026-06-29T10:15:00.871650,2026-06-29T00:15:01.325149+00:00,96.9,200,ask,,,11783388
2026-06-29T10:15:04.173162,2026-06-29T00:15:04.624470+00:00,97.0,200,bid,,,11783441
2026-06-29T10:15:05.381774,2026-06-29T00:15:05.833988+00:00,97.0,200,ask,,,11783463
2026-06-29T10:15:07.429271,2026-06-29T00:15:07.879556+00:00,96.8,200,ask,,,11783487
2026-06-29T10:15:07.797828,2026-06-29T00:15:08.253669+00:00,96.8,200,bid,,,11783491
2026-06-29T10:15:10.052081,2026-06-29T00:15:10.508668+00:00,96.8,200,ask,,,11783526
2026-06-29T10:15:11.363719,2026-06-29T00:15:11.817690+00:00,96.7,200,bid,,,11783535
2026-06-29T10:15:11.363719,2026-06-29T00:15:11.817690+00:00,97.0,425,bid,,,11783536
2026-06-29T10:15:16.613216,2026-06-29T00:15:17.063989+00:00,96.7,200,bid,,,11783629
2026-06-29T10:15:16.613216,2026-06-29T00:15:17.063989+00:00,96.8,10,bid,,,11783630
2026-06-29T10:15:18.719621,2026-06-29T00:15:19.174230+00:00,96.9,9,bid,,,11783669
2026-06-29T10:15:18.719621,2026-06-29T00:15:19.174230+00:00,96.9,191,bid,,,11783670
2026-06-29T10:15:19.935497,2026-06-29T00:15:20.394631+00:00,96.9,10,bid,,,11783700
2026-06-29T10:15:21.151193,2026-06-29T00:15:21.604631+00:00,97.0,7,bid,,,11783714
2026-06-29T10:15:21.151193,2026-06-29T00:15:21.604631+00:00,97.1,193,bid,,,11783715
2026-06-29T10:15:21.391875,2026-06-29T00:15:21.846639+00:00,97.1,20,bid,,,11783716
2026-06-29T10:15:22.782026,2026-06-29T00:15:23.242141+00:00,97.0,25,ask,,,11783751
2026-06-29T10:15:22.991580,2026-06-29T00:15:23.451132+00:00,97.0,25,ask,,,11783754
2026-06-29T10:15:23.200910,2026-06-29T00:15:23.660132+00:00,97.0,25,ask,,,11783759
2026-06-29T10:15:23.410542,2026-06-29T00:15:23.869132+00:00,97.0,25,ask,,,11783763
2026-06-29T10:15:25.081510,2026-06-29T00:15:25.530145+00:00,97.2,20,bid,,,11783792
2026-06-29T10:15:27.111406,2026-06-29T00:15:27.563247+00:00,97.1,200,bid,,,11783837
2026-06-29T10:15:27.210482,2026-06-29T00:15:27.662247+00:00,97.1,200,ask,,,11783844
2026-06-29T10:15:29.436218,2026-06-29T00:15:29.894496+00:00,97.1,25,bid,,,11783888
2026-06-29T10:15:29.628175,2026-06-29T00:15:30.081496+00:00,97.1,200,bid,,,11783892
2026-06-29T10:15:29.646785,2026-06-29T00:15:30.103496+00:00,97.1,25,bid,,,11783895
2026-06-29T10:15:30.256435,2026-06-29T00:15:30.708488+00:00,97.1,1,bid,,,11783908
2026-06-29T10:15:30.837630,2026-06-29T00:15:31.291488+00:00,97.2,200,bid,,,11783916
2026-06-29T10:15:32.366370,2026-06-29T00:15:32.819020+00:00,97.3,1,bid,,,11783939
2026-06-29T10:15:36.301625,2026-06-29T00:15:36.764604+00:00,97.4,1,bid,,,11784017
2026-06-29T10:15:36.898943,2026-06-29T00:15:37.358604+00:00,97.4,200,ask,,,11784026
2026-06-29T10:15:38.107329,2026-06-29T00:15:38.556163+00:00,97.4,200,ask,,,11784057
2026-06-29T10:15:40.530411,2026-06-29T00:15:40.984053+00:00,97.3,200,ask,,,11784091
2026-06-29T10:15:42.860605,2026-06-29T00:15:43.315321+00:00,97.3,200,ask,,,11784133
2026-06-29T10:15:42.946779,2026-06-29T00:15:43.403321+00:00,97.3,200,bid,,,11784138
2026-06-29T10:15:43.835405,2026-06-29T00:15:44.294326+00:00,97.3,20,bid,,,11784149
2026-06-29T10:15:44.172338,2026-06-29T00:15:44.624325+00:00,97.4,500,bid,,,11784165
2026-06-29T10:15:44.172338,2026-06-29T00:15:44.624325+00:00,97.4,125,bid,,,11784166
2026-06-29T10:15:44.797223,2026-06-29T00:15:45.251334+00:00,97.2,146,ask,,,11784176
2026-06-29T10:15:45.490986,2026-06-29T00:15:45.944334+00:00,97.3,25,ask,,,11784193
2026-06-29T10:15:45.698865,2026-06-29T00:15:46.152880+00:00,97.3,25,ask,,,11784196
2026-06-29T10:15:45.932053,2026-06-29T00:15:46.383871+00:00,97.3,3,ask,,,11784199
2026-06-29T10:15:46.590833,2026-06-29T00:15:47.043890+00:00,97.4,200,bid,,,11784215
2026-06-29T10:15:48.370304,2026-06-29T00:15:48.824994+00:00,97.3,20,ask,,,11784248
2026-06-29T10:15:49.009303,2026-06-29T00:15:49.463006+00:00,97.3,200,ask,,,11784267
2026-06-29T10:15:49.525136,2026-06-29T00:15:49.979997+00:00,97.4,20,bid,,,11784272
2026-06-29T10:15:51.556884,2026-06-29T00:15:52.014997+00:00,97.3,25,ask,,,11784317
2026-06-29T10:15:51.768720,2026-06-29T00:15:52.224006+00:00,97.3,25,ask,,,11784325
2026-06-29T10:15:51.978698,2026-06-29T00:15:52.433006+00:00,97.3,150,ask,,,11784327
2026-06-29T10:15:52.057493,2026-06-29T00:15:52.510006+00:00,97.3,350,bid,,,11784331
2026-06-29T10:15:52.190896,2026-06-29T00:15:52.642006+00:00,97.3,25,ask,,,11784332
2026-06-29T10:15:52.574538,2026-06-29T00:15:53.026998+00:00,97.3,250,ask,,,11784343
2026-06-29T10:15:52.639271,2026-06-29T00:15:53.091573+00:00,97.3,200,bid,,,11784347
2026-06-29T10:15:53.366827,2026-06-29T00:15:53.817582+00:00,97.1,4,ask,,,11784362
2026-06-29T10:15:53.851403,2026-06-29T00:15:54.301102+00:00,97.1,200,bid,,,11784370
2026-06-29T10:15:54.725976,2026-06-29T00:15:55.181092+00:00,97.2,54,ask,,,11784389
2026-06-29T10:15:55.633578,2026-06-29T00:15:56.093637+00:00,97.2,6,ask,,,11784404
2026-06-29T10:15:57.307223,2026-06-29T00:15:57.765649+00:00,97.2,200,ask,,,11784425
2026-06-29T10:15:57.479194,2026-06-29T00:15:57.930648+00:00,97.1,200,bid,,,11784427
2026-06-29T10:15:58.619931,2026-06-29T00:15:59.074743+00:00,97.3,200,bid,,,11784447
2026-06-29T10:15:58.619931,2026-06-29T00:15:59.074743+00:00,97.3,425,bid,,,11784448
2026-06-29T10:15:58.685790,2026-06-29T00:15:59.140743+00:00,97.2,200,bid,,,11784450
2026-06-29T10:15:59.104131,2026-06-29T00:15:59.558743+00:00,97.2,20,bid,,,11784457
2026-06-29T10:15:59.894978,2026-06-29T00:16:00.350752+00:00,97.1,200,bid,,,11784471
2026-06-29T10:15:59.956353,2026-06-29T00:16:00.416752+00:00,97.0,3,ask,,,11784472
2026-06-29T10:16:01.103859,2026-06-29T00:16:01.560752+00:00,97.0,200,bid,,,11784488
2026-06-29T10:16:02.311324,2026-06-29T00:16:02.770752+00:00,97.0,200,bid,,,11784508
2026-06-29T10:16:03.774341,2026-06-29T00:16:04.231700+00:00,97.1,200,bid,,,11784538
2026-06-29T10:16:04.701986,2026-06-29T00:16:05.155700+00:00,97.0,20,ask,,,11784553
2026-06-29T10:16:06.499004,2026-06-29T00:16:06.948278+00:00,97.0,200,ask,,,11784595
2026-06-29T10:16:06.668113,2026-06-29T00:16:07.124277+00:00,97.0,25,bid,,,11784600
2026-06-29T10:16:06.878098,2026-06-29T00:16:07.333276+00:00,97.0,25,bid,,,11784604
2026-06-29T10:16:07.087412,2026-06-29T00:16:07.542276+00:00,97.0,9,bid,,,11784609
2026-06-29T10:16:07.147651,2026-06-29T00:16:07.597285+00:00,97.0,200,bid,,,11784613
2026-06-29T10:16:09.121478,2026-06-29T00:16:09.576179+00:00,97.1,500,bid,,,11784660
2026-06-29T10:16:10.148885,2026-06-29T00:16:10.600074+00:00,97.1,125,ask,,,11784677
2026-06-29T10:16:10.148885,2026-06-29T00:16:10.600074+00:00,97.1,200,ask,,,11784678
2026-06-29T10:16:10.307374,2026-06-29T00:16:10.765082+00:00,97.1,25,bid,,,11784686
2026-06-29T10:16:10.435875,2026-06-29T00:16:10.886082+00:00,96.9,3,ask,,,11784689
2026-06-29T10:16:10.517199,2026-06-29T00:16:10.974082+00:00,96.9,25,bid,,,11784693
2026-06-29T10:16:10.726902,2026-06-29T00:16:11.183073+00:00,96.9,25,bid,,,11784695
2026-06-29T10:16:10.774237,2026-06-29T00:16:11.227073+00:00,96.9,200,bid,,,11784696
2026-06-29T10:16:10.812078,2026-06-29T00:16:11.271073+00:00,96.8,9,ask,,,11784697
2026-06-29T10:16:10.935737,2026-06-29T00:16:11.392082+00:00,96.9,25,bid,,,11784701
2026-06-29T10:16:12.822971,2026-06-29T00:16:13.282613+00:00,97.1,20,bid,,,11784745
2026-06-29T10:16:13.198689,2026-06-29T00:16:13.656622+00:00,97.0,200,ask,,,11784753
2026-06-29T10:16:13.646010,2026-06-29T00:16:14.096622+00:00,97.0,20,bid,,,11784761
2026-06-29T10:16:14.400659,2026-06-29T00:16:14.855659+00:00,96.9,500,ask,,,11784780
2026-06-29T10:16:15.689731,2026-06-29T00:16:16.142217+00:00,96.9,200,ask,,,11784808
2026-06-29T10:16:15.689731,2026-06-29T00:16:16.142217+00:00,96.8,4,ask,,,11784809
2026-06-29T10:16:16.144960,2026-06-29T00:16:16.603631+00:00,96.8,20,bid,,,11784816
2026-06-29T10:16:16.866603,2026-06-29T00:16:17.318631+00:00,96.6,15,ask,,,11784836
2026-06-29T10:16:16.896047,2026-06-29T00:16:17.351631+00:00,96.6,15,ask,,,11784839
2026-06-29T10:16:16.926415,2026-06-29T00:16:17.384631+00:00,96.6,15,ask,,,11784841
2026-06-29T10:16:16.959722,2026-06-29T00:16:17.417631+00:00,96.7,10,ask,,,11784843
2026-06-29T10:16:16.959722,2026-06-29T00:16:17.417631+00:00,96.6,5,ask,,,11784844
2026-06-29T10:16:16.991753,2026-06-29T00:16:17.450632+00:00,96.6,15,ask,,,11784846
2026-06-29T10:16:17.000243,2026-06-29T00:16:17.450632+00:00,96.8,200,bid,,,11784847
2026-06-29T10:16:17.000243,2026-06-29T00:16:17.450632+00:00,96.9,425,bid,,,11784848
2026-06-29T10:16:17.022237,2026-06-29T00:16:17.472632+00:00,96.6,10,ask,,,11784850
2026-06-29T10:16:17.144032,2026-06-29T00:16:17.593632+00:00,96.8,10,ask,,,11784851
2026-06-29T10:16:17.306697,2026-06-29T00:16:17.758640+00:00,96.9,20,bid,,,11784854
2026-06-29T10:16:18.068527,2026-06-29T00:16:18.528268+00:00,96.9,200,bid,,,11784868
2026-06-29T10:16:18.317315,2026-06-29T00:16:18.770268+00:00,96.8,6,ask,,,11784876
2026-06-29T10:16:19.276412,2026-06-29T00:16:19.727277+00:00,96.8,200,bid,,,11784896
2026-06-29T10:16:23.461954,2026-06-29T00:16:23.916555+00:00,96.7,500,ask,,,11784961
2026-06-29T10:16:25.552422,2026-06-29T00:16:26.006564+00:00,96.6,20,ask,,,11784997
2026-06-29T10:16:26.213288,2026-06-29T00:16:26.666134+00:00,96.7,200,bid,,,11785015
2026-06-29T10:16:26.213288,2026-06-29T00:16:26.666134+00:00,96.9,425,bid,,,11785016
2026-06-29T10:16:26.532996,2026-06-29T00:16:26.985143+00:00,96.8,20,ask,,,11785020
2026-06-29T10:16:26.568394,2026-06-29T00:16:27.018143+00:00,96.8,25,ask,,,11785024
2026-06-29T10:16:26.778276,2026-06-29T00:16:27.238143+00:00,96.8,25,ask,,,11785031
2026-06-29T10:16:26.919327,2026-06-29T00:16:27.370143+00:00,96.9,20,bid,,,11785037
2026-06-29T10:16:26.986701,2026-06-29T00:16:27.436143+00:00,96.8,25,ask,,,11785038
2026-06-29T10:16:27.112472,2026-06-29T00:16:27.568134+00:00,96.8,105,ask,,,11785043
2026-06-29T10:16:28.837535,2026-06-29T00:16:29.294376+00:00,96.6,1,ask,,,11785058
2026-06-29T10:16:28.837535,2026-06-29T00:16:29.294376+00:00,96.6,200,ask,,,11785059
2026-06-29T10:16:30.179570,2026-06-29T00:16:30.636367+00:00,96.5,1,ask,,,11785083
2026-06-29T10:16:30.179570,2026-06-29T00:16:30.636367+00:00,96.4,199,ask,,,11785084
2026-06-29T10:16:31.390653,2026-06-29T00:16:31.846486+00:00,96.4,200,ask,,,11785106
2026-06-29T10:16:31.486931,2026-06-29T00:16:31.945367+00:00,96.5,3,ask,,,11785111
2026-06-29T10:16:32.408366,2026-06-29T00:16:32.858377+00:00,96.1,25,ask,,,11785132
2026-06-29T10:16:32.597584,2026-06-29T00:16:33.056367+00:00,96.3,200,bid,,,11785137
2026-06-29T10:16:32.617287,2026-06-29T00:16:33.067368+00:00,96.1,25,ask,,,11785140
2026-06-29T10:16:32.803453,2026-06-29T00:16:33.264905+00:00,96.4,85,ask,,,11785143
2026-06-29T10:16:32.826428,2026-06-29T00:16:33.275906+00:00,96.4,15,ask,,,11785145
2026-06-29T10:16:33.812138,2026-06-29T00:16:34.265914+00:00,96.4,200,ask,,,11785168
2026-06-29T10:16:34.113977,2026-06-29T00:16:34.562927+00:00,96.4,1,ask,,,11785174
2026-06-29T10:16:35.019454,2026-06-29T00:16:35.475926+00:00,96.3,200,bid,,,11785186
2026-06-29T10:16:38.648520,2026-06-29T00:16:39.104253+00:00,96.1,25,ask,,,11785260
2026-06-29T10:16:39.879832,2026-06-29T00:16:40.335264+00:00,96.1,200,ask,,,11785275
2026-06-29T10:16:40.595075,2026-06-29T00:16:41.050272+00:00,96.3,20,bid,,,11785285
2026-06-29T10:16:40.682052,2026-06-29T00:16:41.138273+00:00,96.1,500,ask,,,11785286
2026-06-29T10:16:41.018828,2026-06-29T00:16:41.468272+00:00,96.0,125,bid,,,11785289
2026-06-29T10:16:41.090766,2026-06-29T00:16:41.545272+00:00,96.2,200,ask,,,11785293
2026-06-29T10:16:42.300496,2026-06-29T00:16:42.754599+00:00,96.3,200,ask,,,11785303
2026-06-29T10:16:47.147755,2026-06-29T00:16:47.605327+00:00,96.2,200,ask,,,11785376
2026-06-29T10:16:48.354667,2026-06-29T00:16:48.814563+00:00,96.2,200,ask,,,11785391
2026-06-29T10:16:50.087541,2026-06-29T00:16:50.541583+00:00,96.1,20,ask,,,11785427
2026-06-29T10:16:50.772890,2026-06-29T00:16:51.234583+00:00,96.2,200,bid,,,11785444
2026-06-29T10:16:51.985788,2026-06-29T00:16:52.444117+00:00,96.2,200,ask,,,11785464
2026-06-29T10:16:55.096433,2026-06-29T00:16:55.557253+00:00,96.2,200,ask,,,11785523
2026-06-29T10:16:55.112744,2026-06-29T00:16:55.568253+00:00,96.0,25,bid,,,11785529
2026-06-29T10:16:55.119131,2026-06-29T00:16:55.568253+00:00,96.0,75,bid,,,11785530
2026-06-29T10:16:55.611213,2026-06-29T00:16:56.073774+00:00,96.0,200,bid,,,11785532
2026-06-29T10:16:55.634669,2026-06-29T00:16:56.084775+00:00,96.0,20,bid,,,11785533
2026-06-29T10:16:56.167030,2026-06-29T00:16:56.623783+00:00,96.0,105,bid,,,11785548
2026-06-29T10:16:56.408085,2026-06-29T00:16:56.865774+00:00,96.2,200,bid,,,11785554
2026-06-29T10:16:56.823625,2026-06-29T00:16:57.283783+00:00,96.2,200,ask,,,11785562
2026-06-29T10:16:57.488659,2026-06-29T00:16:57.943802+00:00,96.3,125,bid,,,11785583
2026-06-29T10:16:57.527161,2026-06-29T00:16:57.987802+00:00,96.3,20,bid,,,11785587
2026-06-29T10:16:59.037713,2026-06-29T00:16:59.492906+00:00,96.1,200,ask,,,11785604
2026-06-29T10:17:00.345610,2026-06-29T00:17:00.801906+00:00,96.2,200,bid,,,11785625
2026-06-29T10:17:00.447999,2026-06-29T00:17:00.900906+00:00,96.2,200,ask,,,11785631
2026-06-29T10:17:01.666708,2026-06-29T00:17:02.121906+00:00,96.1,200,ask,,,11785662
2026-06-29T10:17:01.744265,2026-06-29T00:17:02.198906+00:00,96.1,25,bid,,,11785665
2026-06-29T10:17:01.953013,2026-06-29T00:17:02.407906+00:00,96.1,25,bid,,,11785668
2026-06-29T10:17:02.162235,2026-06-29T00:17:02.616906+00:00,96.1,25,bid,,,11785673
2026-06-29T10:17:02.372182,2026-06-29T00:17:02.825906+00:00,96.1,25,bid,,,11785680
2026-06-29T10:17:02.905851,2026-06-29T00:17:03.364049+00:00,96.1,20,bid,,,11785701
2026-06-29T10:17:02.982322,2026-06-29T00:17:03.441049+00:00,96.1,200,bid,,,11785702
2026-06-29T10:17:08.930593,2026-06-29T00:17:09.390406+00:00,96.1,200,ask,,,11785801
2026-06-29T10:17:12.148875,2026-06-29T00:17:12.602926+00:00,96.1,200,ask,,,11785860
2026-06-29T10:17:12.737499,2026-06-29T00:17:13.196131+00:00,96.1,20,bid,,,11785869
2026-06-29T10:17:13.404599,2026-06-29T00:17:13.856131+00:00,96.1,25,bid,,,11785887
2026-06-29T10:17:14.763110,2026-06-29T00:17:15.220131+00:00,96.0,20,ask,,,11785907
2026-06-29T10:17:16.089059,2026-06-29T00:17:16.539677+00:00,95.9,1,ask,,,11785936
2026-06-29T10:17:16.089059,2026-06-29T00:17:16.550678+00:00,95.9,200,ask,,,11785937
2026-06-29T10:17:16.089059,2026-06-29T00:17:16.550678+00:00,95.9,424,ask,,,11785938
2026-06-29T10:17:16.754153,2026-06-29T00:17:17.210679+00:00,96.0,200,bid,,,11785948
2026-06-29T10:17:19.823246,2026-06-29T00:17:20.279825+00:00,96.0,200,ask,,,11786002
2026-06-29T10:17:22.241510,2026-06-29T00:17:22.699358+00:00,96.2,11,bid,,,11786051
2026-06-29T10:17:22.241510,2026-06-29T00:17:22.699358+00:00,96.2,189,bid,,,11786052
2026-06-29T10:17:22.830439,2026-06-29T00:17:23.281993+00:00,96.2,1,bid,,,11786063
2026-06-29T10:17:23.461479,2026-06-29T00:17:23.919993+00:00,96.2,200,bid,,,11786073
2026-06-29T10:17:23.841921,2026-06-29T00:17:24.293993+00:00,96.2,3,bid,,,11786078
2026-06-29T10:17:24.452281,2026-06-29T00:17:24.910013+00:00,96.2,3,bid,,,11786089
2026-06-29T10:17:24.662710,2026-06-29T00:17:25.119013+00:00,96.2,2,bid,,,11786094
2026-06-29T10:17:24.662710,2026-06-29T00:17:25.119013+00:00,96.2,1,bid,,,11786095
2026-06-29T10:17:24.874590,2026-06-29T00:17:25.328012+00:00,96.2,3,bid,,,11786102
2026-06-29T10:17:27.900337,2026-06-29T00:17:28.350870+00:00,96.2,200,bid,,,11786151
2026-06-29T10:17:27.900337,2026-06-29T00:17:28.361870+00:00,96.3,8,bid,,,11786152
2026-06-29T10:17:27.900337,2026-06-29T00:17:28.361870+00:00,96.3,417,bid,,,11786153
2026-06-29T10:17:29.506923,2026-06-29T00:17:29.956890+00:00,96.2,200,bid,,,11786178
2026-06-29T10:17:30.717346,2026-06-29T00:17:31.166890+00:00,96.2,200,bid,,,11786200
2026-06-29T10:17:34.500338,2026-06-29T00:17:34.951005+00:00,96.1,3,bid,,,11786264
2026-06-29T10:17:35.110702,2026-06-29T00:17:35.566996+00:00,96.1,2,bid,,,11786267
2026-06-29T10:17:35.776467,2026-06-29T00:17:36.226211+00:00,96.1,200,bid,,,11786277
2026-06-29T10:17:37.093443,2026-06-29T00:17:37.546220+00:00,96.2,200,ask,,,11786312
2026-06-29T10:17:38.003846,2026-06-29T00:17:38.458449+00:00,96.1,200,bid,,,11786329
2026-06-29T10:17:39.710438,2026-06-29T00:17:40.172983+00:00,96.2,500,bid,,,11786373
2026-06-29T10:17:39.710438,2026-06-29T00:17:40.172983+00:00,96.2,125,bid,,,11786374
2026-06-29T10:17:41.634680,2026-06-29T00:17:42.086983+00:00,96.1,200,bid,,,11786417
2026-06-29T10:17:42.332262,2026-06-29T00:17:42.790983+00:00,96.2,500,bid,,,11786433
2026-06-29T10:17:42.341498,2026-06-29T00:17:42.801983+00:00,96.2,125,ask,,,11786434
2026-06-29T10:17:42.861641,2026-06-29T00:17:43.319100+00:00,96.1,12,ask,,,11786445
2026-06-29T10:17:42.891586,2026-06-29T00:17:43.341100+00:00,96.1,12,ask,,,11786447
2026-06-29T10:17:42.921037,2026-06-29T00:17:43.374100+00:00,96.1,12,ask,,,11786450
2026-06-29T10:17:42.929071,2026-06-29T00:17:43.385100+00:00,96.1,25,ask,,,11786451
2026-06-29T10:17:42.950431,2026-06-29T00:17:43.407100+00:00,96.1,12,ask,,,11786455
2026-06-29T10:17:42.979899,2026-06-29T00:17:43.440100+00:00,96.1,12,ask,,,11786458
2026-06-29T10:17:43.642807,2026-06-29T00:17:44.100100+00:00,96.1,115,ask,,,11786472
2026-06-29T10:17:43.642807,2026-06-29T00:17:44.100100+00:00,95.9,3,ask,,,11786473
2026-06-29T10:17:43.655165,2026-06-29T00:17:44.111100+00:00,95.9,25,bid,,,11786474
2026-06-29T10:17:43.750157,2026-06-29T00:17:44.210100+00:00,95.9,2,bid,,,11786476
2026-06-29T10:17:43.958725,2026-06-29T00:17:44.408093+00:00,95.9,2,bid,,,11786482
2026-06-29T10:17:44.056244,2026-06-29T00:17:44.507100+00:00,95.9,200,bid,,,11786488
2026-06-29T10:17:46.263334,2026-06-29T00:17:46.717023+00:00,96.1,200,bid,,,11786536
2026-06-29T10:17:47.574807,2026-06-29T00:17:48.026044+00:00,96.1,200,ask,,,11786557
2026-06-29T10:17:48.021783,2026-06-29T00:17:48.476304+00:00,96.1,20,bid,,,11786567
2026-06-29T10:17:48.896548,2026-06-29T00:17:49.356304+00:00,96.1,200,bid,,,11786582
2026-06-29T10:17:50.192731,2026-06-29T00:17:50.643304+00:00,96.1,500,bid,,,11786603
2026-06-29T10:17:50.661619,2026-06-29T00:17:51.116324+00:00,96.1,125,ask,,,11786620
2026-06-29T10:17:51.271529,2026-06-29T00:17:51.721324+00:00,96.0,200,ask,,,11786631
2026-06-29T10:17:51.375627,2026-06-29T00:17:51.831315+00:00,95.8,6,ask,,,11786638
2026-06-29T10:17:51.375627,2026-06-29T00:17:51.831315+00:00,95.8,19,ask,,,11786639
2026-06-29T10:17:51.407716,2026-06-29T00:17:51.864315+00:00,95.9,11,ask,,,11786641
2026-06-29T10:17:51.446162,2026-06-29T00:17:51.908315+00:00,96.0,20,bid,,,11786644
2026-06-29T10:17:51.478347,2026-06-29T00:17:51.930315+00:00,95.9,10,ask,,,11786645
2026-06-29T10:17:51.558644,2026-06-29T00:17:52.018315+00:00,95.9,9,ask,,,11786648
2026-06-29T10:17:51.587925,2026-06-29T00:17:52.040324+00:00,95.8,25,ask,,,11786650
2026-06-29T10:17:51.796251,2026-06-29T00:17:52.249325+00:00,95.8,25,ask,,,11786653
2026-06-29T10:17:51.900291,2026-06-29T00:17:52.359324+00:00,95.9,7,ask,,,11786658
2026-06-29T10:17:52.005067,2026-06-29T00:17:52.458324+00:00,95.8,25,ask,,,11786662
2026-06-29T10:17:52.064597,2026-06-29T00:17:52.524324+00:00,95.9,3,ask,,,11786666
2026-06-29T10:17:52.214004,2026-06-29T00:17:52.667324+00:00,95.9,3,ask,,,11786670
2026-06-29T10:17:54.974127,2026-06-29T00:17:55.425979+00:00,95.9,2,ask,,,11786738
2026-06-29T10:17:54.974127,2026-06-29T00:17:55.425979+00:00,95.9,198,ask,,,11786739
2026-06-29T10:17:57.632506,2026-06-29T00:17:58.087176+00:00,95.9,25,ask,,,11786791
2026-06-29T10:17:57.841221,2026-06-29T00:17:58.295339+00:00,95.9,25,ask,,,11786794
2026-06-29T10:17:58.598839,2026-06-29T00:17:59.054338+00:00,95.8,1,ask,,,11786805
2026-06-29T10:17:59.808122,2026-06-29T00:18:00.264338+00:00,95.7,1,ask,,,11786832
2026-06-29T10:17:59.808122,2026-06-29T00:18:00.264338+00:00,95.7,199,ask,,,11786833
2026-06-29T10:18:01.397993,2026-06-29T00:18:01.848339+00:00,95.7,1,ask,,,11786856
2026-06-29T10:18:02.228899,2026-06-29T00:18:02.684338+00:00,95.7,2,ask,,,11786878
2026-06-29T10:18:02.262481,2026-06-29T00:18:02.717338+00:00,95.7,25,bid,,,11786880
2026-06-29T10:18:02.472330,2026-06-29T00:18:02.926339+00:00,95.7,25,bid,,,11786885
2026-06-29T10:18:02.681408,2026-06-29T00:18:03.134582+00:00,95.7,25,bid,,,11786891
2026-06-29T10:18:02.893537,2026-06-29T00:18:03.343583+00:00,95.7,25,bid,,,11786898
2026-06-29T10:18:03.103243,2026-06-29T00:18:03.563582+00:00,95.7,25,bid,,,11786904
2026-06-29T10:18:03.312135,2026-06-29T00:18:03.761582+00:00,95.7,25,bid,,,11786907
2026-06-29T10:18:03.436790,2026-06-29T00:18:03.893582+00:00,95.7,200,bid,,,11786908
2026-06-29T10:18:04.117861,2026-06-29T00:18:04.575583+00:00,95.6,1,ask,,,11786926
2026-06-29T10:18:04.117861,2026-06-29T00:18:04.575583+00:00,95.6,24,ask,,,11786927
2026-06-29T10:18:04.327793,2026-06-29T00:18:04.784583+00:00,95.6,23,ask,,,11786933
2026-06-29T10:18:04.530255,2026-06-29T00:18:04.982582+00:00,95.6,20,ask,,,11786937
2026-06-29T10:18:04.645710,2026-06-29T00:18:05.103582+00:00,95.7,200,ask,,,11786943
2026-06-29T10:18:07.244507,2026-06-29T00:18:07.699622+00:00,95.7,200,bid,,,11786975
2026-06-29T10:18:08.272331,2026-06-29T00:18:08.721863+00:00,95.7,200,ask,,,11786997
2026-06-29T10:18:13.110075,2026-06-29T00:18:13.561051+00:00,95.8,200,bid,,,11787088
2026-06-29T10:18:13.507166,2026-06-29T00:18:13.968051+00:00,95.6,1,ask,,,11787098
2026-06-29T10:18:13.507166,2026-06-29T00:18:13.968051+00:00,95.6,19,ask,,,11787099
2026-06-29T10:18:13.756884,2026-06-29T00:18:14.210062+00:00,95.7,25,ask,,,11787109
2026-06-29T10:18:13.967053,2026-06-29T00:18:14.419071+00:00,95.7,25,ask,,,11787112
2026-06-29T10:18:14.176726,2026-06-29T00:18:14.628071+00:00,95.7,25,ask,,,11787116
2026-06-29T10:18:14.386843,2026-06-29T00:18:14.837071+00:00,95.8,22,ask,,,11787121
2026-06-29T10:18:14.729394,2026-06-29T00:18:15.189071+00:00,95.8,20,ask,,,11787130
2026-06-29T10:18:15.123836,2026-06-29T00:18:15.574071+00:00,95.8,158,ask,,,11787141
2026-06-29T10:18:18.512053,2026-06-29T00:18:18.969913+00:00,95.7,500,bid,,,11787200
2026-06-29T10:18:19.055331,2026-06-29T00:18:19.519933+00:00,95.7,200,bid,,,11787209
2026-06-29T10:18:19.169290,2026-06-29T00:18:19.618933+00:00,95.8,200,ask,,,11787215
2026-06-29T10:18:20.393058,2026-06-29T00:18:20.852924+00:00,95.8,200,ask,,,11787240
2026-06-29T10:18:22.822054,2026-06-29T00:18:23.282458+00:00,95.8,200,ask,,,11787299
2026-06-29T10:18:22.968378,2026-06-29T00:18:23.425459+00:00,95.8,20,ask,,,11787304
2026-06-29T10:18:23.005750,2026-06-29T00:18:23.469459+00:00,95.7,500,ask,,,11787306
2026-06-29T10:18:23.016460,2026-06-29T00:18:23.469459+00:00,95.7,25,bid,,,11787309
2026-06-29T10:18:23.226506,2026-06-29T00:18:23.678468+00:00,95.7,25,bid,,,11787315
2026-06-29T10:18:23.345264,2026-06-29T00:18:23.810468+00:00,95.7,75,bid,,,11787316
2026-06-29T10:18:29.200973,2026-06-29T00:18:29.660397+00:00,95.9,2,bid,,,11787428
2026-06-29T10:18:29.200973,2026-06-29T00:18:29.660397+00:00,95.9,148,bid,,,11787429
2026-06-29T10:18:31.279596,2026-06-29T00:18:31.738930+00:00,96.0,200,bid,,,11787463
2026-06-29T10:18:33.473061,2026-06-29T00:18:33.928009+00:00,95.9,200,ask,,,11787499
2026-06-29T10:18:33.473061,2026-06-29T00:18:33.928009+00:00,95.9,425,ask,,,11787500
2026-06-29T10:18:33.552082,2026-06-29T00:18:34.005017+00:00,95.9,20,ask,,,11787501
2026-06-29T10:18:34.778522,2026-06-29T00:18:35.237029+00:00,96.0,8,bid,,,11787529
2026-06-29T10:18:34.778522,2026-06-29T00:18:35.237029+00:00,96.0,200,bid,,,11787530
2026-06-29T10:18:34.869729,2026-06-29T00:18:35.325029+00:00,96.1,25,ask,,,11787532
2026-06-29T10:18:34.913649,2026-06-29T00:18:35.369029+00:00,96.1,200,ask,,,11787535
2026-06-29T10:18:35.079329,2026-06-29T00:18:35.534021+00:00,96.1,25,ask,,,11787540
2026-06-29T10:18:35.294658,2026-06-29T00:18:35.754028+00:00,96.1,25,ask,,,11787544
2026-06-29T10:18:36.107826,2026-06-29T00:18:36.567600+00:00,95.9,500,ask,,,11787565
2026-06-29T10:18:36.126717,2026-06-29T00:18:36.578601+00:00,95.9,125,bid,,,11787568
2026-06-29T10:18:36.153290,2026-06-29T00:18:36.611600+00:00,96.1,50,bid,,,11787570
2026-06-29T10:18:36.313508,2026-06-29T00:18:36.765600+00:00,96.1,25,bid,,,11787573
2026-06-29T10:18:36.522145,2026-06-29T00:18:36.974600+00:00,96.1,25,bid,,,11787576
2026-06-29T10:18:37.918173,2026-06-29T00:18:38.370109+00:00,96.0,20,ask,,,11787617
2026-06-29T10:18:38.723185,2026-06-29T00:18:39.173110+00:00,96.1,200,bid,,,11787634
2026-06-29T10:18:38.755607,2026-06-29T00:18:39.206110+00:00,96.1,200,ask,,,11787638
2026-06-29T10:18:40.035698,2026-06-29T00:18:40.493109+00:00,96.0,200,ask,,,11787668
2026-06-29T10:18:42.184756,2026-06-29T00:18:42.636643+00:00,95.8,200,ask,,,11787698
2026-06-29T10:18:43.392743,2026-06-29T00:18:43.856760+00:00,95.9,200,ask,,,11787718
2026-06-29T10:18:47.018904,2026-06-29T00:18:47.475312+00:00,95.7,1,ask,,,11787797
2026-06-29T10:18:47.018904,2026-06-29T00:18:47.475312+00:00,95.7,199,ask,,,11787798
2026-06-29T10:18:49.229432,2026-06-29T00:18:49.686010+00:00,95.8,200,bid,,,11787820
2026-06-29T10:18:49.434990,2026-06-29T00:18:49.895028+00:00,95.9,200,bid,,,11787823
2026-06-29T10:18:50.647383,2026-06-29T00:18:51.105029+00:00,95.9,200,bid,,,11787841
2026-06-29T10:18:53.198292,2026-06-29T00:18:53.656152+00:00,95.9,14,bid,,,11787872
2026-06-29T10:18:54.325933,2026-06-29T00:18:54.778144+00:00,95.9,200,ask,,,11787889
2026-06-29T10:18:55.532324,2026-06-29T00:18:55.988172+00:00,95.8,200,bid,,,11787913
2026-06-29T10:18:55.679317,2026-06-29T00:18:56.130725+00:00,95.7,20,ask,,,11787923
2026-06-29T10:18:56.765116,2026-06-29T00:18:57.219725+00:00,95.9,200,ask,,,11787933
2026-06-29T10:18:57.973518,2026-06-29T00:18:58.428381+00:00,95.9,200,bid,,,11787957
2026-06-29T10:18:59.749691,2026-06-29T00:19:00.199381+00:00,95.8,200,ask,,,11787985
2026-06-29T10:19:00.852332,2026-06-29T00:19:01.310381+00:00,95.8,50,bid,,,11788011
2026-06-29T10:19:00.976290,2026-06-29T00:19:01.431381+00:00,95.8,25,bid,,,11788017
2026-06-29T10:19:01.187207,2026-06-29T00:19:01.640381+00:00,95.8,25,bid,,,11788020
2026-06-29T10:19:01.402669,2026-06-29T00:19:01.860381+00:00,95.8,25,bid,,,11788023
2026-06-29T10:19:01.611969,2026-06-29T00:19:02.069381+00:00,95.8,25,bid,,,11788031
2026-06-29T10:19:01.822429,2026-06-29T00:19:02.278381+00:00,95.8,25,bid,,,11788035
2026-06-29T10:19:02.366626,2026-06-29T00:19:02.817381+00:00,95.7,200,ask,,,11788052
2026-06-29T10:19:02.806225,2026-06-29T00:19:03.257510+00:00,95.7,200,bid,,,11788071
2026-06-29T10:19:05.227086,2026-06-29T00:19:05.688530+00:00,95.9,200,bid,,,11788122
2026-06-29T10:19:06.439008,2026-06-29T00:19:06.897621+00:00,95.9,200,ask,,,11788148
2026-06-29T10:19:13.694431,2026-06-29T00:19:14.145455+00:00,95.8,200,ask,,,11788274
2026-06-29T10:19:18.109836,2026-06-29T00:19:18.566276+00:00,95.7,200,ask,,,11788330
