timestamp,recv_time,price,volume,aggressor_side,buyer,seller,trade_id
2026-07-01T06:00:00.152276,2026-07-01T06:00:00.171676+00:00,86.9,200,bid,WavyWalnuts,YieldingYams,1784045
2026-07-01T06:00:02.567417,2026-07-01T06:00:02.572214+00:00,86.9,200,ask,YieldingYams,WavyWalnuts,1784084
2026-07-01T06:00:03.787925,2026-07-01T06:00:03.809690+00:00,86.9,200,ask,YieldingYams,WavyWalnuts,1784133
2026-07-01T06:00:06.205387,2026-07-01T06:00:06.214602+00:00,86.8,1,ask,Kelvin Chan,WavyWalnuts,1784188
2026-07-01T06:00:06.205387,2026-07-01T06:00:06.214602+00:00,86.8,199,ask,YieldingYams,WavyWalnuts,1784189
2026-07-01T06:00:15.970053,2026-07-01T06:00:15.981556+00:00,86.8,1,ask,Kelvin Chan,Zijun Feng,1784409
2026-07-01T06:00:15.970053,2026-07-01T06:00:15.981556+00:00,86.8,9,ask,YieldingYams,Zijun Feng,1784410
2026-07-01T06:00:17.093277,2026-07-01T06:00:17.094887+00:00,86.8,200,ask,YieldingYams,WavyWalnuts,1784436
2026-07-01T06:00:17.247137,2026-07-01T06:00:17.249703+00:00,86.8,1,ask,Kelvin Chan,YieldingYams,1784438
2026-07-01T06:00:17.498962,2026-07-01T06:00:17.507363+00:00,86.8,500,bid,AverageAlmonds,YieldingYams,1784446
2026-07-01T06:00:18.096509,2026-07-01T06:00:18.169154+00:00,86.8,124,bid,AverageAlmonds,YieldingYams,1784461
2026-07-01T06:00:18.554503,2026-07-01T06:00:18.570384+00:00,86.9,200,bid,YieldingYams,WavyWalnuts,1784474
2026-07-01T06:00:18.562038,2026-07-01T06:00:18.570384+00:00,86.9,3,ask,YieldingYams,Xuanyu Liu,1784475
2026-07-01T06:00:19.307283,2026-07-01T06:00:19.311563+00:00,87.1,20,bid,BrilliantBurritos,YieldingYams,1784485
2026-07-01T06:00:20.062586,2026-07-01T06:00:20.073260+00:00,86.8,10,ask,WavyWalnuts,Zijun Feng,1784504
2026-07-01T06:00:20.714411,2026-07-01T06:00:20.723567+00:00,86.9,200,bid,WavyWalnuts,YieldingYams,1784521
2026-07-01T06:00:20.899433,2026-07-01T06:00:20.907743+00:00,86.8,7,ask,AverageAlmonds,Xuanyu Liu,1784529
2026-07-01T06:00:21.078792,2026-07-01T06:00:21.082679+00:00,86.8,10,ask,AverageAlmonds,Zijun Feng,1784534
2026-07-01T06:00:24.342651,2026-07-01T06:00:24.352594+00:00,86.9,200,ask,YieldingYams,WavyWalnuts,1784621
2026-07-01T06:00:25.548363,2026-07-01T06:00:25.558149+00:00,87.0,200,bid,WavyWalnuts,YieldingYams,1784645
2026-07-01T06:00:26.683472,2026-07-01T06:00:26.692117+00:00,87.0,10,ask,YieldingYams,Zijun Feng,1784671
2026-07-01T06:00:26.758958,2026-07-01T06:00:26.764890+00:00,87.0,200,ask,YieldingYams,WavyWalnuts,1784674
2026-07-01T06:00:28.717707,2026-07-01T06:00:28.719625+00:00,86.8,10,ask,YieldingYams,Zijun Feng,1784723
2026-07-01T06:00:29.396886,2026-07-01T06:00:29.403626+00:00,87.0,20,bid,BrilliantBurritos,YieldingYams,1784743
2026-07-01T06:00:30.371619,2026-07-01T06:00:30.381954+00:00,87.0,200,bid,YieldingYams,WavyWalnuts,1784765
2026-07-01T06:00:30.371619,2026-07-01T06:00:30.381954+00:00,87.1,2,bid,YieldingYams,Kelvin Chan,1784766
2026-07-01T06:00:30.391050,2026-07-01T06:00:30.402823+00:00,87.1,200,ask,YieldingYams,WavyWalnuts,1784769
2026-07-01T06:00:30.755859,2026-07-01T06:00:30.762159+00:00,87.1,10,ask,YieldingYams,Zijun Feng,1784777
2026-07-01T06:00:31.270029,2026-07-01T06:00:31.280993+00:00,87.1,10,ask,YieldingYams,Zijun Feng,1784797
2026-07-01T06:00:31.692624,2026-07-01T06:00:31.704455+00:00,87.0,200,ask,WavyWalnuts,YieldingYams,1784807
2026-07-01T06:00:32.795585,2026-07-01T06:00:32.801620+00:00,86.9,10,ask,YieldingYams,Zijun Feng,1784827
2026-07-01T06:00:34.837727,2026-07-01T06:00:34.847088+00:00,87.1,10,ask,YieldingYams,Zijun Feng,1784872
2026-07-01T06:00:35.628759,2026-07-01T06:00:35.631578+00:00,87.2,4,bid,YieldingYams,Kelvin Chan,1784890
2026-07-01T06:00:35.628759,2026-07-01T06:00:35.631578+00:00,87.3,500,bid,YieldingYams,AverageAlmonds,1784891
2026-07-01T06:00:35.628759,2026-07-01T06:00:35.641929+00:00,87.3,121,bid,YieldingYams,WavyWalnuts,1784892
2026-07-01T06:00:36.944312,2026-07-01T06:00:36.969037+00:00,87.2,200,ask,WavyWalnuts,YieldingYams,1784922
2026-07-01T06:00:38.872754,2026-07-01T06:00:38.874984+00:00,86.9,4,ask,Kelvin Chan,WavyWalnuts,1784968
2026-07-01T06:00:38.872754,2026-07-01T06:00:38.885437+00:00,86.9,196,ask,YieldingYams,WavyWalnuts,1784969
2026-07-01T06:00:38.917876,2026-07-01T06:00:38.926965+00:00,87.0,10,bid,Zijun Feng,YieldingYams,1784970
2026-07-01T06:00:39.382219,2026-07-01T06:00:39.393345+00:00,87.0,20,bid,BrilliantBurritos,YieldingYams,1784983
2026-07-01T06:00:41.296597,2026-07-01T06:00:41.304885+00:00,86.9,200,bid,WavyWalnuts,YieldingYams,1785025
2026-07-01T06:00:44.813608,2026-07-01T06:00:44.821688+00:00,87.0,200,ask,WavyWalnuts,YieldingYams,1785078
2026-07-01T06:00:44.925475,2026-07-01T06:00:44.936083+00:00,87.0,200,bid,WavyWalnuts,YieldingYams,1785082
2026-07-01T06:00:48.743626,2026-07-01T06:00:48.754128+00:00,87.1,200,bid,YieldingYams,WavyWalnuts,1785170
2026-07-01T06:00:49.657488,2026-07-01T06:00:49.661394+00:00,87.1,9,ask,YieldingYams,Zijun Feng,1785192
2026-07-01T06:00:51.689447,2026-07-01T06:00:51.697582+00:00,87.1,9,bid,Zijun Feng,YieldingYams,1785222
2026-07-01T06:00:52.201058,2026-07-01T06:00:52.205122+00:00,87.1,200,bid,WavyWalnuts,YieldingYams,1785240
2026-07-01T06:00:53.727357,2026-07-01T06:00:53.738151+00:00,87.2,2,bid,Zijun Feng,Kelvin Chan,1785270
2026-07-01T06:00:53.727357,2026-07-01T06:00:53.738151+00:00,87.2,8,bid,Zijun Feng,YieldingYams,1785271
2026-07-01T06:00:55.753137,2026-07-01T06:00:55.755768+00:00,87.2,3,bid,Zijun Feng,Kelvin Chan,1785318
2026-07-01T06:00:55.753137,2026-07-01T06:00:55.755768+00:00,87.2,7,bid,Zijun Feng,WavyWalnuts,1785319
2026-07-01T06:00:56.626901,2026-07-01T06:00:56.650904+00:00,87.1,200,ask,WavyWalnuts,YieldingYams,1785342
2026-07-01T06:00:56.639460,2026-07-01T06:00:56.650904+00:00,87.1,7,bid,Xuanyu Liu,YieldingYams,1785343
2026-07-01T06:00:57.058953,2026-07-01T06:00:57.070330+00:00,87.0,3,bid,Xuanyu Liu,WavyWalnuts,1785352
2026-07-01T06:00:57.936318,2026-07-01T06:00:57.938475+00:00,87.0,197,bid,YieldingYams,WavyWalnuts,1785371
2026-07-01T06:00:58.256753,2026-07-01T06:00:58.267830+00:00,87.1,200,ask,YieldingYams,WavyWalnuts,1785375
2026-07-01T06:00:58.292146,2026-07-01T06:00:58.298859+00:00,87.2,10,bid,Zijun Feng,AverageAlmonds,1785377
2026-07-01T06:00:59.465339,2026-07-01T06:00:59.471902+00:00,87.2,1,bid,WavyWalnuts,Kelvin Chan,1785417
2026-07-01T06:00:59.465339,2026-07-01T06:00:59.471902+00:00,87.2,199,bid,WavyWalnuts,YieldingYams,1785418
2026-07-01T06:01:01.735846,2026-07-01T06:01:01.741191+00:00,87.1,500,ask,YieldingYams,AverageAlmonds,1785462
2026-07-01T06:01:01.875799,2026-07-01T06:01:01.886985+00:00,87.1,200,ask,WavyWalnuts,YieldingYams,1785469
2026-07-01T06:01:03.185901,2026-07-01T06:01:03.191708+00:00,87.0,200,bid,YieldingYams,WavyWalnuts,1785498
2026-07-01T06:01:03.240525,2026-07-01T06:01:03.243428+00:00,87.2,2,bid,BrilliantBurritos,Kelvin Chan,1785499
2026-07-01T06:01:03.240525,2026-07-01T06:01:03.253784+00:00,87.2,18,bid,BrilliantBurritos,AverageAlmonds,1785500
2026-07-01T06:01:04.390978,2026-07-01T06:01:04.398751+00:00,87.1,10,ask,YieldingYams,Zijun Feng,1785517
2026-07-01T06:01:04.497079,2026-07-01T06:01:04.501937+00:00,87.1,200,ask,WavyWalnuts,YieldingYams,1785520
2026-07-01T06:01:05.516419,2026-07-01T06:01:05.523645+00:00,86.9,200,bid,WavyWalnuts,YieldingYams,1785538
2026-07-01T06:01:06.422771,2026-07-01T06:01:06.432935+00:00,87.0,10,bid,Zijun Feng,YieldingYams,1785567
2026-07-01T06:01:07.937777,2026-07-01T06:01:07.940385+00:00,87.0,200,bid,WavyWalnuts,YieldingYams,1785597
2026-07-01T06:01:07.946687,2026-07-01T06:01:07.950797+00:00,87.0,10,bid,Zijun Feng,YieldingYams,1785598
2026-07-01T06:01:09.148256,2026-07-01T06:01:09.149924+00:00,87.0,200,ask,YieldingYams,WavyWalnuts,1785621
2026-07-01T06:01:10.362154,2026-07-01T06:01:10.367745+00:00,87.0,200,bid,WavyWalnuts,YieldingYams,1785643
2026-07-01T06:01:10.498961,2026-07-01T06:01:10.500954+00:00,87.0,10,bid,Zijun Feng,YieldingYams,1785649
2026-07-01T06:01:11.049392,2026-07-01T06:01:11.058093+00:00,87.1,200,bid,YieldingYams,WavyWalnuts,1785667
2026-07-01T06:01:13.690390,2026-07-01T06:01:13.698700+00:00,87.0,3,bid,Xuanyu Liu,YieldingYams,1785731
2026-07-01T06:01:13.743837,2026-07-01T06:01:13.750570+00:00,87.0,7,bid,Eric Deng,YieldingYams,1785735
2026-07-01T06:01:13.992752,2026-07-01T06:01:13.998986+00:00,87.0,200,bid,WavyWalnuts,YieldingYams,1785740
2026-07-01T06:01:14.701426,2026-07-01T06:01:14.711601+00:00,86.8,1,ask,Kelvin Chan,Xuanyu Liu,1785753
2026-07-01T06:01:14.701426,2026-07-01T06:01:14.711601+00:00,86.8,2,ask,YieldingYams,Xuanyu Liu,1785754
2026-07-01T06:01:14.927909,2026-07-01T06:01:14.937550+00:00,86.9,7,ask,Kelvin Chan,Eric Deng,1785760
2026-07-01T06:01:16.309535,2026-07-01T06:01:16.321367+00:00,87.0,200,bid,YieldingYams,WavyWalnuts,1785792
2026-07-01T06:01:16.412621,2026-07-01T06:01:16.414402+00:00,87.1,200,bid,WavyWalnuts,AverageAlmonds,1785793
2026-07-01T06:01:16.858610,2026-07-01T06:01:16.868561+00:00,87.0,425,ask,YieldingYams,AverageAlmonds,1785803
2026-07-01T06:01:17.621398,2026-07-01T06:01:17.630597+00:00,86.8,7,ask,Kelvin Chan,YieldingYams,1785817
2026-07-01T06:01:17.628111,2026-07-01T06:01:17.630597+00:00,86.7,200,bid,WavyWalnuts,YieldingYams,1785818
2026-07-01T06:01:18.838653,2026-07-01T06:01:18.841384+00:00,86.7,200,bid,WavyWalnuts,YieldingYams,1785839
2026-07-01T06:01:20.051337,2026-07-01T06:01:20.063058+00:00,86.7,200,ask,YieldingYams,WavyWalnuts,1785870
2026-07-01T06:01:21.258329,2026-07-01T06:01:21.270153+00:00,86.7,200,ask,YieldingYams,WavyWalnuts,1785893
2026-07-01T06:01:21.615678,2026-07-01T06:01:21.620140+00:00,86.8,20,bid,BrilliantBurritos,YieldingYams,1785906
2026-07-01T06:01:23.683784,2026-07-01T06:01:23.685478+00:00,86.7,5,ask,Kelvin Chan,WavyWalnuts,1785951
2026-07-01T06:01:24.897605,2026-07-01T06:01:24.906527+00:00,86.6,6,ask,Kelvin Chan,WavyWalnuts,1785983
2026-07-01T06:01:24.897605,2026-07-01T06:01:24.906527+00:00,86.5,194,ask,YieldingYams,WavyWalnuts,1785984
2026-07-01T06:01:26.106897,2026-07-01T06:01:26.118051+00:00,86.5,200,ask,AverageAlmonds,WavyWalnuts,1786006
2026-07-01T06:01:26.390796,2026-07-01T06:01:26.395046+00:00,86.5,10,ask,AverageAlmonds,Eric Deng,1786016
2026-07-01T06:01:27.316574,2026-07-01T06:01:27.319762+00:00,86.6,200,ask,AverageAlmonds,WavyWalnuts,1786048
2026-07-01T06:01:28.141966,2026-07-01T06:01:28.150457+00:00,86.6,500,ask,AverageAlmonds,YieldingYams,1786058
2026-07-01T06:01:28.343708,2026-07-01T06:01:28.345720+00:00,86.6,125,bid,AverageAlmonds,YieldingYams,1786064
2026-07-01T06:01:29.448868,2026-07-01T06:01:29.468786+00:00,86.7,200,bid,YieldingYams,WavyWalnuts,1786094
2026-07-01T06:01:29.460908,2026-07-01T06:01:29.468786+00:00,86.9,3,ask,YieldingYams,Xuanyu Liu,1786095
2026-07-01T06:01:29.731678,2026-07-01T06:01:29.735480+00:00,86.9,200,ask,YieldingYams,WavyWalnuts,1786108
2026-07-01T06:01:30.940408,2026-07-01T06:01:30.943658+00:00,86.7,200,ask,AverageAlmonds,WavyWalnuts,1786128
2026-07-01T06:01:32.150130,2026-07-01T06:01:32.153173+00:00,86.7,200,ask,AverageAlmonds,WavyWalnuts,1786172
2026-07-01T06:01:33.805634,2026-07-01T06:01:33.810045+00:00,86.8,200,bid,AverageAlmonds,WavyWalnuts,1786218
2026-07-01T06:01:33.805634,2026-07-01T06:01:33.810045+00:00,86.8,300,bid,AverageAlmonds,YieldingYams,1786219
2026-07-01T06:01:34.404237,2026-07-01T06:01:34.408016+00:00,86.8,325,bid,AverageAlmonds,YieldingYams,1786239
2026-07-01T06:01:34.725489,2026-07-01T06:01:34.736076+00:00,86.9,200,bid,YieldingYams,WavyWalnuts,1786242
2026-07-01T06:01:36.274927,2026-07-01T06:01:36.279985+00:00,86.9,10,ask,WavyWalnuts,Zijun Feng,1786272
2026-07-01T06:01:36.788734,2026-07-01T06:01:36.875369+00:00,87.0,3,bid,Xuanyu Liu,Kelvin Chan,1786290
2026-07-01T06:01:44.281809,2026-07-01T06:01:44.284131+00:00,86.9,20,ask,YieldingYams,BrilliantBurritos,1786468
2026-07-01T06:01:44.414338,2026-07-01T06:01:44.417947+00:00,86.9,10,ask,YieldingYams,Zijun Feng,1786471
2026-07-01T06:01:45.254593,2026-07-01T06:01:45.259589+00:00,86.9,500,ask,AverageAlmonds,YieldingYams,1786484
2026-07-01T06:01:45.303400,2026-07-01T06:01:45.311384+00:00,86.9,125,bid,AverageAlmonds,YieldingYams,1786486
2026-07-01T06:01:46.562231,2026-07-01T06:01:46.565232+00:00,87.0,1,bid,YieldingYams,Kelvin Chan,1786520
2026-07-01T06:01:46.562231,2026-07-01T06:01:46.565232+00:00,87.0,200,bid,YieldingYams,WavyWalnuts,1786521
2026-07-01T06:01:46.705040,2026-07-01T06:01:46.708650+00:00,87.1,8,bid,WavyWalnuts,Kelvin Chan,1786525
2026-07-01T06:01:46.705040,2026-07-01T06:01:46.708650+00:00,87.2,192,bid,WavyWalnuts,YieldingYams,1786526
2026-07-01T06:01:47.446548,2026-07-01T06:01:47.455396+00:00,87.2,20,bid,BrilliantBurritos,YieldingYams,1786531
2026-07-01T06:01:48.484033,2026-07-01T06:01:48.492894+00:00,87.1,2,bid,Zijun Feng,Kelvin Chan,1786562
2026-07-01T06:01:48.484033,2026-07-01T06:01:48.492894+00:00,87.1,8,bid,Zijun Feng,YieldingYams,1786563
2026-07-01T06:01:50.330602,2026-07-01T06:01:50.342185+00:00,87.1,200,bid,WavyWalnuts,YieldingYams,1786604
2026-07-01T06:01:51.460196,2026-07-01T06:01:51.462945+00:00,87.2,20,bid,BrilliantBurritos,WavyWalnuts,1786624
2026-07-01T06:01:51.542093,2026-07-01T06:01:51.545231+00:00,87.1,200,ask,YieldingYams,WavyWalnuts,1786626
2026-07-01T06:01:52.524797,2026-07-01T06:01:52.530001+00:00,87.1,10,bid,Zijun Feng,YieldingYams,1786636
2026-07-01T06:01:54.386212,2026-07-01T06:01:54.389177+00:00,87.0,500,bid,AverageAlmonds,YieldingYams,1786672
2026-07-01T06:01:54.440391,2026-07-01T06:01:54.451686+00:00,87.0,200,bid,YieldingYams,WavyWalnuts,1786674
2026-07-01T06:01:55.169197,2026-07-01T06:01:55.180393+00:00,87.2,200,ask,YieldingYams,WavyWalnuts,1786687
2026-07-01T06:01:55.756183,2026-07-01T06:01:55.773280+00:00,87.1,70,ask,Kelvin Chan,YieldingYams,1786697
2026-07-01T06:01:55.767722,2026-07-01T06:01:55.773280+00:00,87.1,14,bid,Xuanyu Liu,YieldingYams,1786699
2026-07-01T06:01:55.775510,2026-07-01T06:01:55.783658+00:00,87.1,150,bid,Chester Au,YieldingYams,1786700
2026-07-01T06:01:55.785518,2026-07-01T06:01:55.793877+00:00,87.1,10,bid,Eric Deng,YieldingYams,1786701
2026-07-01T06:01:57.326630,2026-07-01T06:01:57.337602+00:00,87.2,8,bid,Eric Deng,WavyWalnuts,1786721
2026-07-01T06:01:58.986942,2026-07-01T06:01:58.996964+00:00,87.0,10,ask,AverageAlmonds,Xuanyu Liu,1786756
2026-07-01T06:02:00.010439,2026-07-01T06:02:00.021180+00:00,87.1,20,bid,BrilliantBurritos,WavyWalnuts,1786777
2026-07-01T06:02:00.020105,2026-07-01T06:02:00.031610+00:00,87.0,200,ask,YieldingYams,WavyWalnuts,1786778
2026-07-01T06:02:02.308821,2026-07-01T06:02:02.317070+00:00,87.0,200,bid,YieldingYams,WavyWalnuts,1786835
2026-07-01T06:02:03.626009,2026-07-01T06:02:03.637418+00:00,87.0,200,ask,WavyWalnuts,YieldingYams,1786858
2026-07-01T06:02:05.628515,2026-07-01T06:02:05.639708+00:00,87.1,10,bid,Zijun Feng,WavyWalnuts,1786899
2026-07-01T06:02:08.872221,2026-07-01T06:02:08.881334+00:00,87.3,6,bid,YieldingYams,Kelvin Chan,1786973
2026-07-01T06:02:10.183846,2026-07-01T06:02:10.192146+00:00,87.4,9,bid,YieldingYams,Kelvin Chan,1787003
2026-07-01T06:02:10.183846,2026-07-01T06:02:10.192146+00:00,87.4,200,bid,YieldingYams,WavyWalnuts,1787004
2026-07-01T06:02:10.602318,2026-07-01T06:02:10.611758+00:00,87.5,3,bid,Xuanyu Liu,Kelvin Chan,1787007
2026-07-01T06:02:10.894737,2026-07-01T06:02:10.898418+00:00,87.4,200,ask,YieldingYams,WavyWalnuts,1787015
2026-07-01T06:02:11.280405,2026-07-01T06:02:11.286915+00:00,87.5,5,bid,BrilliantBurritos,Kelvin Chan,1787019
2026-07-01T06:02:11.704921,2026-07-01T06:02:11.716334+00:00,87.6,10,bid,Zijun Feng,AverageAlmonds,1787025
2026-07-01T06:02:12.103951,2026-07-01T06:02:12.115238+00:00,87.5,200,ask,YieldingYams,WavyWalnuts,1787037
2026-07-01T06:02:12.538953,2026-07-01T06:02:12.544999+00:00,87.5,425,ask,YieldingYams,AverageAlmonds,1787044
2026-07-01T06:02:12.570827,2026-07-01T06:02:12.575734+00:00,87.5,1,bid,Eric Deng,AverageAlmonds,1787045
2026-07-01T06:02:12.668664,2026-07-01T06:02:12.678044+00:00,87.5,17,bid,Eric Deng,AverageAlmonds,1787047
2026-07-01T06:02:12.812855,2026-07-01T06:02:12.830747+00:00,87.3,200,ask,WavyWalnuts,YieldingYams,1787053
2026-07-01T06:02:12.822532,2026-07-01T06:02:12.830747+00:00,87.3,23,bid,Xuanyu Liu,YieldingYams,1787055
2026-07-01T06:02:12.829823,2026-07-01T06:02:12.841098+00:00,87.3,50,bid,Chester Au,YieldingYams,1787057
2026-07-01T06:02:13.308009,2026-07-01T06:02:13.311178+00:00,87.3,200,bid,WavyWalnuts,YieldingYams,1787067
2026-07-01T06:02:14.129514,2026-07-01T06:02:14.140515+00:00,87.3,6,bid,YieldingYams,Kelvin Chan,1787094
2026-07-01T06:02:14.237588,2026-07-01T06:02:14.242966+00:00,87.5,10,bid,Zijun Feng,AverageAlmonds,1787096
2026-07-01T06:02:14.515142,2026-07-01T06:02:14.519761+00:00,87.4,200,bid,WavyWalnuts,AverageAlmonds,1787105
2026-07-01T06:02:14.695532,2026-07-01T06:02:14.704106+00:00,87.3,2,ask,YieldingYams,Xuanyu Liu,1787113
2026-07-01T06:02:14.797245,2026-07-01T06:02:14.806946+00:00,87.3,10,ask,YieldingYams,Xuanyu Liu,1787115
2026-07-01T06:02:15.631521,2026-07-01T06:02:15.637487+00:00,87.2,20,ask,YieldingYams,BrilliantBurritos,1787142
2026-07-01T06:02:18.060704,2026-07-01T06:02:18.069882+00:00,87.4,6,bid,YieldingYams,Kelvin Chan,1787193
2026-07-01T06:02:18.060704,2026-07-01T06:02:18.069882+00:00,87.4,200,bid,YieldingYams,WavyWalnuts,1787194
2026-07-01T06:02:18.060704,2026-07-01T06:02:18.069882+00:00,87.5,419,bid,YieldingYams,AverageAlmonds,1787195
2026-07-01T06:02:18.144086,2026-07-01T06:02:18.152399+00:00,87.5,81,bid,WavyWalnuts,AverageAlmonds,1787198
2026-07-01T06:02:18.584193,2026-07-01T06:02:18.595406+00:00,87.5,119,ask,WavyWalnuts,AverageAlmonds,1787214
2026-07-01T06:02:19.352959,2026-07-01T06:02:19.359310+00:00,87.4,10,bid,WavyWalnuts,Kelvin Chan,1787236
2026-07-01T06:02:19.352959,2026-07-01T06:02:19.359310+00:00,87.5,190,bid,WavyWalnuts,AverageAlmonds,1787237
2026-07-01T06:02:20.567955,2026-07-01T06:02:20.578249+00:00,87.4,10,bid,WavyWalnuts,Kelvin Chan,1787257
2026-07-01T06:02:20.567955,2026-07-01T06:02:20.578249+00:00,87.4,190,bid,WavyWalnuts,AverageAlmonds,1787258
2026-07-01T06:02:20.998696,2026-07-01T06:02:21.007853+00:00,87.4,1,bid,Harry North,AverageAlmonds,1787265
2026-07-01T06:02:22.000165,2026-07-01T06:02:22.002123+00:00,87.4,10,bid,YieldingYams,Kelvin Chan,1787289
2026-07-01T06:02:22.307164,2026-07-01T06:02:22.309849+00:00,87.5,10,bid,Zijun Feng,WavyWalnuts,1787292
2026-07-01T06:02:22.595941,2026-07-01T06:02:22.606987+00:00,87.5,74,bid,Eric Deng,WavyWalnuts,1787298
2026-07-01T06:02:24.015316,2026-07-01T06:02:24.024358+00:00,87.5,1,bid,Harry North,Kelvin Chan,1787332
2026-07-01T06:02:24.207053,2026-07-01T06:02:24.209752+00:00,87.4,200,ask,YieldingYams,WavyWalnuts,1787338
2026-07-01T06:02:25.934359,2026-07-01T06:02:25.940873+00:00,87.4,200,ask,WavyWalnuts,YieldingYams,1787375
2026-07-01T06:02:30.061589,2026-07-01T06:02:30.064069+00:00,87.4,1,bid,Harry North,YieldingYams,1787464
2026-07-01T06:02:30.254962,2026-07-01T06:02:30.259737+00:00,87.4,200,bid,WavyWalnuts,YieldingYams,1787468
2026-07-01T06:02:31.206002,2026-07-01T06:02:31.211571+00:00,87.3,20,ask,YieldingYams,BrilliantBurritos,1787487
2026-07-01T06:02:31.464789,2026-07-01T06:02:31.468220+00:00,87.5,7,bid,WavyWalnuts,Kelvin Chan,1787496
2026-07-01T06:02:31.464789,2026-07-01T06:02:31.468220+00:00,87.5,193,bid,WavyWalnuts,YieldingYams,1787497
2026-07-01T06:02:38.738261,2026-07-01T06:02:38.769160+00:00,87.4,200,bid,WavyWalnuts,YieldingYams,1787643
2026-07-01T06:02:39.803339,2026-07-01T06:02:39.822188+00:00,87.3,11,ask,AverageAlmonds,Xuanyu Liu,1787654
2026-07-01T06:02:40.081012,2026-07-01T06:02:40.089906+00:00,87.3,3,ask,AverageAlmonds,Xuanyu Liu,1787672
2026-07-01T06:02:40.347481,2026-07-01T06:02:40.358078+00:00,87.3,486,ask,AverageAlmonds,YieldingYams,1787681
2026-07-01T06:02:40.378644,2026-07-01T06:02:40.388949+00:00,87.3,139,bid,AverageAlmonds,YieldingYams,1787682
2026-07-01T06:02:40.378644,2026-07-01T06:02:40.388949+00:00,87.4,200,bid,AverageAlmonds,WavyWalnuts,1787683
2026-07-01T06:02:40.463152,2026-07-01T06:02:40.471515+00:00,87.4,100,ask,AverageAlmonds,Eric Deng,1787687
2026-07-01T06:02:40.565677,2026-07-01T06:02:40.574084+00:00,87.4,10,ask,AverageAlmonds,Eric Deng,1787689
2026-07-01T06:02:41.164102,2026-07-01T06:02:41.170516+00:00,87.4,200,ask,AverageAlmonds,WavyWalnuts,1787707
2026-07-01T06:02:41.487195,2026-07-01T06:02:41.498585+00:00,87.4,10,ask,AverageAlmonds,Zijun Feng,1787716
2026-07-01T06:02:42.079141,2026-07-01T06:02:42.081550+00:00,87.4,1,ask,AverageAlmonds,Harry North,1787726
2026-07-01T06:02:42.371362,2026-07-01T06:02:42.379309+00:00,87.5,4,bid,WavyWalnuts,Kelvin Chan,1787738
2026-07-01T06:02:42.371362,2026-07-01T06:02:42.379309+00:00,87.5,196,bid,WavyWalnuts,YieldingYams,1787739
2026-07-01T06:02:43.582923,2026-07-01T06:02:43.589753+00:00,87.5,4,bid,WavyWalnuts,Kelvin Chan,1787768
2026-07-01T06:02:43.582923,2026-07-01T06:02:43.589753+00:00,87.6,196,bid,WavyWalnuts,YieldingYams,1787769
2026-07-01T06:02:43.699660,2026-07-01T06:02:43.705106+00:00,87.4,20,ask,YieldingYams,BrilliantBurritos,1787777
2026-07-01T06:02:44.794714,2026-07-01T06:02:44.805825+00:00,87.5,200,bid,WavyWalnuts,YieldingYams,1787802
2026-07-01T06:02:46.001694,2026-07-01T06:02:46.003937+00:00,87.5,4,bid,WavyWalnuts,Kelvin Chan,1787825
2026-07-01T06:02:46.001694,2026-07-01T06:02:46.014317+00:00,87.5,196,bid,WavyWalnuts,YieldingYams,1787826
2026-07-01T06:02:47.212273,2026-07-01T06:02:47.224143+00:00,87.5,3,bid,WavyWalnuts,Kelvin Chan,1787859
2026-07-01T06:02:47.229689,2026-07-01T06:02:47.234588+00:00,87.5,100,ask,WavyWalnuts,Chester Au,1787861
2026-07-01T06:02:52.763763,2026-07-01T06:02:52.773618+00:00,87.5,100,ask,WavyWalnuts,Chester Au,1787986
2026-07-01T06:02:52.835545,2026-07-01T06:02:52.845202+00:00,87.5,10,ask,WavyWalnuts,Eric Deng,1787988
2026-07-01T06:02:53.274558,2026-07-01T06:02:53.286012+00:00,87.5,200,ask,YieldingYams,WavyWalnuts,1788006
2026-07-01T06:02:54.755042,2026-07-01T06:02:54.766082+00:00,87.4,200,ask,WavyWalnuts,YieldingYams,1788044
2026-07-01T06:02:55.689683,2026-07-01T06:02:55.698951+00:00,87.4,200,bid,WavyWalnuts,YieldingYams,1788077
2026-07-01T06:02:56.062553,2026-07-01T06:02:56.076357+00:00,87.6,200,bid,YieldingYams,WavyWalnuts,1788083
2026-07-01T06:02:56.068874,2026-07-01T06:02:56.076357+00:00,87.6,10,ask,YieldingYams,Xuanyu Liu,1788084
2026-07-01T06:02:56.294881,2026-07-01T06:02:56.302548+00:00,87.7,20,bid,BrilliantBurritos,AverageAlmonds,1788091
2026-07-01T06:02:56.903066,2026-07-01T06:02:56.908810+00:00,87.6,200,ask,YieldingYams,WavyWalnuts,1788101
2026-07-01T06:02:57.106670,2026-07-01T06:02:57.114334+00:00,87.6,1,ask,YieldingYams,Harry North,1788104
2026-07-01T06:02:58.110607,2026-07-01T06:02:58.114745+00:00,87.4,200,ask,YieldingYams,WavyWalnuts,1788136
2026-07-01T06:02:58.704182,2026-07-01T06:02:58.714530+00:00,87.4,10,bid,Xuanyu Liu,YieldingYams,1788152
2026-07-01T06:03:00.356266,2026-07-01T06:03:00.365127+00:00,87.3,500,bid,AverageAlmonds,YieldingYams,1788168
2026-07-01T06:03:00.557726,2026-07-01T06:03:00.560234+00:00,87.2,2,ask,Kelvin Chan,WavyWalnuts,1788171
2026-07-01T06:03:00.951107,2026-07-01T06:03:00.959392+00:00,87.2,198,bid,AverageAlmonds,WavyWalnuts,1788181
2026-07-01T06:03:01.766826,2026-07-01T06:03:01.768680+00:00,87.3,200,ask,YieldingYams,WavyWalnuts,1788196
2026-07-01T06:03:02.976095,2026-07-01T06:03:02.978571+00:00,87.3,8,ask,Kelvin Chan,WavyWalnuts,1788226
2026-07-01T06:03:02.976095,2026-07-01T06:03:02.988924+00:00,87.2,192,ask,YieldingYams,WavyWalnuts,1788227
2026-07-01T06:03:04.185955,2026-07-01T06:03:04.189561+00:00,87.2,200,ask,YieldingYams,WavyWalnuts,1788267
2026-07-01T06:03:04.748268,2026-07-01T06:03:04.754293+00:00,87.2,10,ask,YieldingYams,Zijun Feng,1788278
2026-07-01T06:03:05.257522,2026-07-01T06:03:05.265899+00:00,87.2,10,ask,AverageAlmonds,Zijun Feng,1788287
2026-07-01T06:03:05.394069,2026-07-01T06:03:05.399047+00:00,87.2,200,ask,AverageAlmonds,WavyWalnuts,1788291
2026-07-01T06:03:06.601346,2026-07-01T06:03:06.605771+00:00,87.2,7,ask,Kelvin Chan,WavyWalnuts,1788315
2026-07-01T06:03:06.601346,2026-07-01T06:03:06.605771+00:00,87.2,193,ask,AverageAlmonds,WavyWalnuts,1788316
2026-07-01T06:03:06.778229,2026-07-01T06:03:06.789931+00:00,87.2,10,ask,AverageAlmonds,Zijun Feng,1788319
2026-07-01T06:03:07.019418,2026-07-01T06:03:07.024991+00:00,87.3,500,bid,AverageAlmonds,YieldingYams,1788321
2026-07-01T06:03:07.616375,2026-07-01T06:03:07.618757+00:00,87.3,125,bid,AverageAlmonds,YieldingYams,1788333
2026-07-01T06:03:07.655095,2026-07-01T06:03:07.672409+00:00,87.3,3,ask,AverageAlmonds,Xuanyu Liu,1788334
2026-07-01T06:03:07.811934,2026-07-01T06:03:07.816367+00:00,87.3,200,ask,AverageAlmonds,WavyWalnuts,1788338
2026-07-01T06:03:07.856862,2026-07-01T06:03:07.876771+00:00,87.5,6,bid,YieldingYams,Kelvin Chan,1788339
2026-07-01T06:03:07.868507,2026-07-01T06:03:07.876771+00:00,87.5,7,ask,YieldingYams,Xuanyu Liu,1788341
2026-07-01T06:03:09.024658,2026-07-01T06:03:09.028055+00:00,87.5,200,ask,YieldingYams,WavyWalnuts,1788375
2026-07-01T06:03:10.665622,2026-07-01T06:03:10.670270+00:00,87.5,5,bid,AverageAlmonds,Kelvin Chan,1788407
2026-07-01T06:03:10.665622,2026-07-01T06:03:10.670270+00:00,87.5,495,bid,AverageAlmonds,YieldingYams,1788408
2026-07-01T06:03:11.808789,2026-07-01T06:03:11.820310+00:00,87.5,200,bid,YieldingYams,WavyWalnuts,1788444
2026-07-01T06:03:12.164989,2026-07-01T06:03:12.168992+00:00,87.8,2,ask,YieldingYams,Harry North,1788453
2026-07-01T06:03:12.649729,2026-07-01T06:03:12.651895+00:00,87.8,200,ask,YieldingYams,WavyWalnuts,1788465
2026-07-01T06:03:13.437926,2026-07-01T06:03:13.443659+00:00,87.7,10,ask,YieldingYams,Zijun Feng,1788478
2026-07-01T06:03:13.857979,2026-07-01T06:03:13.865272+00:00,87.7,200,ask,YieldingYams,WavyWalnuts,1788494
2026-07-01T06:03:15.179936,2026-07-01T06:03:15.181582+00:00,87.5,1,ask,YieldingYams,Harry North,1788536
2026-07-01T06:03:18.192002,2026-07-01T06:03:18.203190+00:00,87.5,1,ask,YieldingYams,Harry North,1788584
2026-07-01T06:03:18.359920,2026-07-01T06:03:18.367210+00:00,87.6,200,bid,YieldingYams,WavyWalnuts,1788589
2026-07-01T06:03:19.562663,2026-07-01T06:03:19.566455+00:00,87.6,10,ask,YieldingYams,Zijun Feng,1788624
2026-07-01T06:03:19.900850,2026-07-01T06:03:19.905754+00:00,87.6,200,ask,YieldingYams,WavyWalnuts,1788629
2026-07-01T06:03:21.204293,2026-07-01T06:03:21.207657+00:00,87.6,1,ask,YieldingYams,Harry North,1788660
2026-07-01T06:03:21.601575,2026-07-01T06:03:21.607937+00:00,87.6,10,ask,YieldingYams,Zijun Feng,1788669
2026-07-01T06:03:23.129197,2026-07-01T06:03:23.137380+00:00,87.6,10,ask,YieldingYams,Zijun Feng,1788695
2026-07-01T06:03:23.526104,2026-07-01T06:03:23.537014+00:00,87.7,4,bid,WavyWalnuts,Kelvin Chan,1788708
2026-07-01T06:03:23.526104,2026-07-01T06:03:23.537014+00:00,87.7,196,bid,WavyWalnuts,AverageAlmonds,1788709
2026-07-01T06:03:23.624807,2026-07-01T06:03:23.629245+00:00,87.7,304,bid,YieldingYams,AverageAlmonds,1788710
2026-07-01T06:03:24.266548,2026-07-01T06:03:24.275620+00:00,87.7,1,ask,YieldingYams,Harry North,1788725
2026-07-01T06:03:24.652498,2026-07-01T06:03:24.655086+00:00,87.7,10,ask,YieldingYams,Zijun Feng,1788739
2026-07-01T06:03:24.739112,2026-07-01T06:03:24.747589+00:00,87.7,200,ask,YieldingYams,WavyWalnuts,1788745
2026-07-01T06:03:25.665607,2026-07-01T06:03:25.670159+00:00,87.5,10,ask,WavyWalnuts,Zijun Feng,1788758
2026-07-01T06:03:27.281486,2026-07-01T06:03:27.288575+00:00,87.5,1,ask,WavyWalnuts,Harry North,1788785
2026-07-01T06:03:28.756801,2026-07-01T06:03:28.764345+00:00,87.7,10,ask,WavyWalnuts,Zijun Feng,1788818
2026-07-01T06:03:29.576071,2026-07-01T06:03:29.584577+00:00,87.8,2,bid,WavyWalnuts,Kelvin Chan,1788833
2026-07-01T06:03:29.576071,2026-07-01T06:03:29.584577+00:00,87.8,198,bid,WavyWalnuts,YieldingYams,1788834
2026-07-01T06:03:29.775060,2026-07-01T06:03:29.778943+00:00,87.7,10,ask,YieldingYams,Zijun Feng,1788846
2026-07-01T06:03:30.177169,2026-07-01T06:03:30.188547+00:00,87.8,500,bid,YieldingYams,AverageAlmonds,1788850
2026-07-01T06:03:30.295020,2026-07-01T06:03:30.301407+00:00,87.8,1,ask,YieldingYams,Harry North,1788853
2026-07-01T06:03:30.632627,2026-07-01T06:03:30.639175+00:00,87.8,124,ask,YieldingYams,AverageAlmonds,1788858
2026-07-01T06:03:31.488405,2026-07-01T06:03:31.499224+00:00,87.7,200,ask,WavyWalnuts,YieldingYams,1788888
2026-07-01T06:03:31.974047,2026-07-01T06:03:31.980136+00:00,87.6,20,bid,BrilliantBurritos,YieldingYams,1788898
2026-07-01T06:03:31.994271,2026-07-01T06:03:32.000676+00:00,87.6,200,bid,WavyWalnuts,YieldingYams,1788902
2026-07-01T06:03:32.319880,2026-07-01T06:03:32.328662+00:00,87.6,10,bid,Zijun Feng,YieldingYams,1788914
2026-07-01T06:03:33.215294,2026-07-01T06:03:33.220775+00:00,87.7,200,ask,YieldingYams,WavyWalnuts,1788937
2026-07-01T06:03:33.364826,2026-07-01T06:03:33.374297+00:00,87.7,1,ask,YieldingYams,Harry North,1788940
2026-07-01T06:03:34.359517,2026-07-01T06:03:34.367953+00:00,87.7,10,bid,Zijun Feng,YieldingYams,1788962
2026-07-01T06:03:35.412550,2026-07-01T06:03:35.422045+00:00,87.6,200,bid,YieldingYams,WavyWalnuts,1788985
2026-07-01T06:03:36.379935,2026-07-01T06:03:36.384890+00:00,87.6,1,ask,YieldingYams,Harry North,1789010
2026-07-01T06:03:36.392246,2026-07-01T06:03:36.395120+00:00,87.7,10,bid,Zijun Feng,YieldingYams,1789013
2026-07-01T06:03:36.727051,2026-07-01T06:03:36.732685+00:00,87.5,200,ask,WavyWalnuts,YieldingYams,1789018
2026-07-01T06:03:37.898205,2026-07-01T06:03:37.900264+00:00,87.5,425,bid,AverageAlmonds,YieldingYams,1789045
2026-07-01T06:03:37.898205,2026-07-01T06:03:37.958675+00:00,87.5,75,bid,AverageAlmonds,WavyWalnuts,1789046
2026-07-01T06:03:38.034067,2026-07-01T06:03:38.069075+00:00,87.5,125,bid,YieldingYams,WavyWalnuts,1789050
2026-07-01T06:03:38.045610,2026-07-01T06:03:38.069075+00:00,87.7,200,ask,YieldingYams,WavyWalnuts,1789051
2026-07-01T06:03:38.437921,2026-07-01T06:03:38.443081+00:00,87.9,3,bid,Zijun Feng,Kelvin Chan,1789063
2026-07-01T06:03:38.437921,2026-07-01T06:03:38.443081+00:00,87.9,7,bid,Zijun Feng,YieldingYams,1789064
2026-07-01T06:03:38.484820,2026-07-01T06:03:38.494349+00:00,87.9,20,bid,BrilliantBurritos,YieldingYams,1789065
2026-07-01T06:03:39.253514,2026-07-01T06:03:39.263744+00:00,87.8,10,bid,WavyWalnuts,Kelvin Chan,1789079
2026-07-01T06:03:39.349580,2026-07-01T06:03:39.356801+00:00,87.8,190,ask,WavyWalnuts,YieldingYams,1789086
2026-07-01T06:03:39.391412,2026-07-01T06:03:39.397979+00:00,87.5,10,ask,AverageAlmonds,Harry North,1789090
2026-07-01T06:03:40.465097,2026-07-01T06:03:40.468331+00:00,87.7,200,bid,WavyWalnuts,YieldingYams,1789122
2026-07-01T06:03:40.469746,2026-07-01T06:03:40.478706+00:00,87.7,10,bid,Zijun Feng,YieldingYams,1789123
2026-07-01T06:03:41.673620,2026-07-01T06:03:41.676701+00:00,87.8,4,bid,WavyWalnuts,Kelvin Chan,1789140
2026-07-01T06:03:41.673620,2026-07-01T06:03:41.686965+00:00,87.8,196,bid,WavyWalnuts,YieldingYams,1789141
2026-07-01T06:03:42.469941,2026-07-01T06:03:42.476883+00:00,87.7,1,ask,YieldingYams,Harry North,1789165
2026-07-01T06:03:42.480689,2026-07-01T06:03:42.487161+00:00,87.8,3,bid,BrilliantBurritos,Kelvin Chan,1789167
2026-07-01T06:03:43.283953,2026-07-01T06:03:43.286422+00:00,87.9,20,bid,BrilliantBurritos,WavyWalnuts,1789186
2026-07-01T06:03:43.379531,2026-07-01T06:03:43.388097+00:00,87.9,10,bid,Xuanyu Liu,WavyWalnuts,1789188
2026-07-01T06:03:44.100401,2026-07-01T06:03:44.105496+00:00,87.8,200,ask,YieldingYams,WavyWalnuts,1789208
2026-07-01T06:03:44.532077,2026-07-01T06:03:44.534993+00:00,87.9,3,bid,Zijun Feng,Kelvin Chan,1789220
2026-07-01T06:03:45.043351,2026-07-01T06:03:45.046748+00:00,87.9,7,bid,Zijun Feng,YieldingYams,1789230
2026-07-01T06:03:45.716881,2026-07-01T06:03:45.723515+00:00,87.8,20,ask,WavyWalnuts,BrilliantBurritos,1789252
2026-07-01T06:03:46.514418,2026-07-01T06:03:46.525378+00:00,87.9,4,bid,WavyWalnuts,Kelvin Chan,1789279
2026-07-01T06:03:46.514418,2026-07-01T06:03:46.525378+00:00,87.9,196,bid,WavyWalnuts,YieldingYams,1789280
2026-07-01T06:03:48.531900,2026-07-01T06:03:48.533798+00:00,88.0,200,bid,YieldingYams,WavyWalnuts,1789324
2026-07-01T06:03:48.531900,2026-07-01T06:03:48.544085+00:00,88.0,3,bid,YieldingYams,Kelvin Chan,1789325
2026-07-01T06:03:50.143322,2026-07-01T06:03:50.146442+00:00,88.1,200,bid,WavyWalnuts,YieldingYams,1789363
2026-07-01T06:03:51.152269,2026-07-01T06:03:51.153919+00:00,88.0,1,bid,YieldingYams,Kelvin Chan,1789384
2026-07-01T06:03:52.741318,2026-07-01T06:03:52.749360+00:00,88.2,20,bid,BrilliantBurritos,AverageAlmonds,1789429
2026-07-01T06:03:53.794298,2026-07-01T06:03:53.799810+00:00,88.1,200,ask,YieldingYams,WavyWalnuts,1789451
2026-07-01T06:03:54.493969,2026-07-01T06:03:54.499574+00:00,88.1,1,ask,YieldingYams,Harry North,1789458
2026-07-01T06:03:55.005335,2026-07-01T06:03:55.013421+00:00,88.1,200,ask,YieldingYams,WavyWalnuts,1789472
2026-07-01T06:03:55.216504,2026-07-01T06:03:55.218800+00:00,87.9,10,ask,WavyWalnuts,Zijun Feng,1789474
2026-07-01T06:03:56.212260,2026-07-01T06:03:56.214654+00:00,88.1,200,bid,WavyWalnuts,YieldingYams,1789487
2026-07-01T06:03:56.309178,2026-07-01T06:03:56.317444+00:00,87.9,20,ask,YieldingYams,BrilliantBurritos,1789489
2026-07-01T06:03:56.393507,2026-07-01T06:03:56.411045+00:00,88.2,500,bid,YieldingYams,AverageAlmonds,1789491
2026-07-01T06:03:56.400521,2026-07-01T06:03:56.411045+00:00,88.2,10,ask,YieldingYams,Xuanyu Liu,1789492
2026-07-01T06:03:56.694646,2026-07-01T06:03:56.698675+00:00,88.2,115,ask,YieldingYams,AverageAlmonds,1789495
2026-07-01T06:03:57.508205,2026-07-01T06:03:57.513196+00:00,88.0,1,ask,WavyWalnuts,Harry North,1789515
2026-07-01T06:03:59.294409,2026-07-01T06:03:59.303613+00:00,88.0,10,ask,WavyWalnuts,Zijun Feng,1789560
2026-07-01T06:04:00.561023,2026-07-01T06:04:00.568380+00:00,88.0,2,ask,WavyWalnuts,Harry North,1789599
2026-07-01T06:04:00.845774,2026-07-01T06:04:00.847501+00:00,88.0,10,ask,WavyWalnuts,Zijun Feng,1789605
2026-07-01T06:04:01.649485,2026-07-01T06:04:01.653758+00:00,88.1,200,bid,YieldingYams,WavyWalnuts,1789621
2026-07-01T06:04:01.649485,2026-07-01T06:04:01.653758+00:00,88.2,425,bid,YieldingYams,AverageAlmonds,1789622
2026-07-01T06:04:02.301644,2026-07-01T06:04:02.312400+00:00,88.2,200,bid,WavyWalnuts,AverageAlmonds,1789630
2026-07-01T06:04:03.574811,2026-07-01T06:04:03.578270+00:00,88.1,1,ask,WavyWalnuts,Harry North,1789651
2026-07-01T06:04:03.884023,2026-07-01T06:04:03.888364+00:00,88.1,10,ask,WavyWalnuts,Zijun Feng,1789666
2026-07-01T06:04:05.576165,2026-07-01T06:04:05.577885+00:00,88.2,500,bid,YieldingYams,AverageAlmonds,1789695
2026-07-01T06:04:05.755238,2026-07-01T06:04:05.763458+00:00,88.2,125,ask,YieldingYams,AverageAlmonds,1789697
2026-07-01T06:04:06.595454,2026-07-01T06:04:06.598390+00:00,88.0,1,ask,WavyWalnuts,Harry North,1789713
2026-07-01T06:04:06.886441,2026-07-01T06:04:06.896966+00:00,88.0,199,ask,WavyWalnuts,YieldingYams,1789721
2026-07-01T06:04:08.972663,2026-07-01T06:04:08.979234+00:00,87.8,6,ask,Kelvin Chan,Zijun Feng,1789768
2026-07-01T06:04:09.490943,2026-07-01T06:04:09.493985+00:00,87.8,4,ask,Kelvin Chan,Zijun Feng,1789781
2026-07-01T06:04:09.609924,2026-07-01T06:04:09.617414+00:00,87.8,1,ask,Kelvin Chan,Harry North,1789783
2026-07-01T06:04:10.812767,2026-07-01T06:04:10.818472+00:00,87.8,6,ask,Kelvin Chan,YieldingYams,1789819
2026-07-01T06:04:10.812767,2026-07-01T06:04:10.818472+00:00,87.8,200,ask,WavyWalnuts,YieldingYams,1789820
2026-07-01T06:04:11.584632,2026-07-01T06:04:11.592847+00:00,87.8,20,bid,BrilliantBurritos,YieldingYams,1789843
2026-07-01T06:04:12.394392,2026-07-01T06:04:12.406291+00:00,87.9,20,bid,BrilliantBurritos,WavyWalnuts,1789859
2026-07-01T06:04:12.671923,2026-07-01T06:04:12.683692+00:00,87.8,1,ask,YieldingYams,Harry North,1789865
2026-07-01T06:04:14.169728,2026-07-01T06:04:14.178746+00:00,87.8,4,ask,Kelvin Chan,Zijun Feng,1789889
2026-07-01T06:04:14.169728,2026-07-01T06:04:14.178746+00:00,87.8,6,ask,WavyWalnuts,Zijun Feng,1789890
2026-07-01T06:04:15.684731,2026-07-01T06:04:15.687082+00:00,87.8,1,ask,WavyWalnuts,Harry North,1789935
2026-07-01T06:04:15.698022,2026-07-01T06:04:15.707786+00:00,87.8,10,ask,WavyWalnuts,Zijun Feng,1789937
2026-07-01T06:04:16.085216,2026-07-01T06:04:16.089266+00:00,87.8,189,ask,WavyWalnuts,YieldingYams,1789943
2026-07-01T06:04:17.395818,2026-07-01T06:04:17.402634+00:00,87.8,200,bid,YieldingYams,WavyWalnuts,1789973
2026-07-01T06:04:17.462994,2026-07-01T06:04:17.464691+00:00,87.8,1,ask,YieldingYams,Harry North,1789974
2026-07-01T06:04:18.058389,2026-07-01T06:04:18.064143+00:00,87.8,200,ask,YieldingYams,WavyWalnuts,1789996
2026-07-01T06:04:20.016013,2026-07-01T06:04:20.022924+00:00,87.7,3,ask,Kelvin Chan,YieldingYams,1790037
2026-07-01T06:04:21.326251,2026-07-01T06:04:21.333353+00:00,87.6,2,ask,Kelvin Chan,YieldingYams,1790062
2026-07-01T06:04:21.326251,2026-07-01T06:04:21.333353+00:00,87.6,200,ask,WavyWalnuts,YieldingYams,1790063
2026-07-01T06:04:21.326251,2026-07-01T06:04:21.333353+00:00,87.6,423,ask,AverageAlmonds,YieldingYams,1790064
2026-07-01T06:04:22.480378,2026-07-01T06:04:22.488317+00:00,87.6,10,ask,AverageAlmonds,Harry North,1790093
2026-07-01T06:04:22.635999,2026-07-01T06:04:22.642813+00:00,87.7,200,bid,YieldingYams,WavyWalnuts,1790097
2026-07-01T06:04:22.774544,2026-07-01T06:04:22.777602+00:00,87.9,8,bid,Zijun Feng,Kelvin Chan,1790103
2026-07-01T06:04:22.774544,2026-07-01T06:04:22.787986+00:00,87.9,2,bid,Zijun Feng,YieldingYams,1790104
2026-07-01T06:04:24.795841,2026-07-01T06:04:24.803189+00:00,87.6,4,ask,Kelvin Chan,BrilliantBurritos,1790158
2026-07-01T06:04:24.795841,2026-07-01T06:04:24.803189+00:00,87.6,16,ask,YieldingYams,BrilliantBurritos,1790159
2026-07-01T06:04:24.801916,2026-07-01T06:04:24.813532+00:00,87.7,10,bid,Zijun Feng,WavyWalnuts,1790160
2026-07-01T06:04:25.258468,2026-07-01T06:04:25.267869+00:00,87.7,190,bid,YieldingYams,WavyWalnuts,1790174
2026-07-01T06:04:25.307380,2026-07-01T06:04:25.309008+00:00,87.8,200,ask,YieldingYams,WavyWalnuts,1790176
2026-07-01T06:04:27.373363,2026-07-01T06:04:27.379326+00:00,87.7,10,ask,WavyWalnuts,Zijun Feng,1790216
2026-07-01T06:04:27.728748,2026-07-01T06:04:27.739210+00:00,87.8,200,bid,WavyWalnuts,YieldingYams,1790233
2026-07-01T06:04:28.905285,2026-07-01T06:04:28.910965+00:00,87.9,10,bid,Zijun Feng,YieldingYams,1790264
2026-07-01T06:04:29.196785,2026-07-01T06:04:29.199041+00:00,87.8,200,bid,YieldingYams,WavyWalnuts,1790272
2026-07-01T06:04:29.415244,2026-07-01T06:04:29.425855+00:00,87.9,10,bid,Zijun Feng,AverageAlmonds,1790275
2026-07-01T06:04:29.731232,2026-07-01T06:04:29.733806+00:00,87.8,20,ask,YieldingYams,BrilliantBurritos,1790282
2026-07-01T06:04:31.355130,2026-07-01T06:04:31.360784+00:00,87.9,200,bid,WavyWalnuts,YieldingYams,1790323
2026-07-01T06:04:32.566138,2026-07-01T06:04:32.577495+00:00,87.9,200,ask,YieldingYams,WavyWalnuts,1790346
2026-07-01T06:04:34.836122,2026-07-01T06:04:34.838381+00:00,87.9,200,ask,WavyWalnuts,AverageAlmonds,1790404
2026-07-01T06:04:34.836122,2026-07-01T06:04:34.848815+00:00,87.9,300,ask,YieldingYams,AverageAlmonds,1790405
2026-07-01T06:04:34.988807,2026-07-01T06:04:34.993515+00:00,87.9,200,ask,YieldingYams,WavyWalnuts,1790417
2026-07-01T06:04:35.425640,2026-07-01T06:04:35.427277+00:00,87.9,125,ask,YieldingYams,AverageAlmonds,1790431
2026-07-01T06:04:35.439802,2026-07-01T06:04:35.454172+00:00,87.9,1,bid,Xuanyu Liu,AverageAlmonds,1790432
2026-07-01T06:04:35.506232,2026-07-01T06:04:35.516732+00:00,87.9,10,bid,Zijun Feng,AverageAlmonds,1790439
2026-07-01T06:04:36.194493,2026-07-01T06:04:36.269562+00:00,87.9,200,bid,WavyWalnuts,YieldingYams,1790458
2026-07-01T06:04:37.055928,2026-07-01T06:04:37.064012+00:00,88.0,1,bid,YieldingYams,Kelvin Chan,1790473
2026-07-01T06:04:37.055928,2026-07-01T06:04:37.064012+00:00,88.0,200,bid,YieldingYams,WavyWalnuts,1790474
2026-07-01T06:04:37.055928,2026-07-01T06:04:37.064012+00:00,88.0,424,bid,YieldingYams,AverageAlmonds,1790475
2026-07-01T06:04:39.699238,2026-07-01T06:04:39.710695+00:00,87.8,200,bid,YieldingYams,WavyWalnuts,1790542
2026-07-01T06:04:39.815711,2026-07-01T06:04:39.824226+00:00,87.9,1,ask,WavyWalnuts,Xuanyu Liu,1790548
2026-07-01T06:04:43.129081,2026-07-01T06:04:43.137755+00:00,88.0,3,bid,Zijun Feng,Kelvin Chan,1790614
2026-07-01T06:04:43.129081,2026-07-01T06:04:43.137755+00:00,88.0,7,bid,Zijun Feng,WavyWalnuts,1790615
2026-07-01T06:04:44.642752,2026-07-01T06:04:44.650477+00:00,87.9,200,ask,YieldingYams,WavyWalnuts,1790655
2026-07-01T06:04:47.727330,2026-07-01T06:04:47.730198+00:00,87.9,10,ask,WavyWalnuts,Zijun Feng,1790712
2026-07-01T06:04:48.234910,2026-07-01T06:04:48.242697+00:00,87.9,10,ask,WavyWalnuts,Zijun Feng,1790716
2026-07-01T06:04:48.280598,2026-07-01T06:04:48.283823+00:00,88.0,200,bid,WavyWalnuts,YieldingYams,1790719
2026-07-01T06:04:50.176978,2026-07-01T06:04:50.184871+00:00,88.1,1,bid,YieldingYams,Kelvin Chan,1790759
2026-07-01T06:04:50.284436,2026-07-01T06:04:50.297971+00:00,88.1,10,ask,YieldingYams,Zijun Feng,1790760
2026-07-01T06:04:50.370987,2026-07-01T06:04:50.380107+00:00,88.2,20,bid,BrilliantBurritos,WavyWalnuts,1790762
2026-07-01T06:04:50.556009,2026-07-01T06:04:50.564623+00:00,88.1,500,ask,YieldingYams,AverageAlmonds,1790764
2026-07-01T06:04:50.705296,2026-07-01T06:04:50.708040+00:00,88.1,114,ask,YieldingYams,WavyWalnuts,1790771
2026-07-01T06:04:51.913540,2026-07-01T06:04:51.919243+00:00,88.0,200,bid,WavyWalnuts,YieldingYams,1790798
2026-07-01T06:04:57.236282,2026-07-01T06:04:57.243646+00:00,87.9,200,ask,WavyWalnuts,AverageAlmonds,1790893
2026-07-01T06:04:58.399906,2026-07-01T06:04:58.408950+00:00,87.9,10,bid,Zijun Feng,AverageAlmonds,1790910
2026-07-01T06:04:59.165515,2026-07-01T06:04:59.171280+00:00,88.0,200,bid,WavyWalnuts,YieldingYams,1790934
2026-07-01T06:04:59.932673,2026-07-01T06:04:59.939262+00:00,87.8,6,ask,Kelvin Chan,Zijun Feng,1790950
2026-07-01T06:04:59.932673,2026-07-01T06:04:59.939262+00:00,87.8,4,ask,YieldingYams,Zijun Feng,1790951
2026-07-01T06:05:01.463418,2026-07-01T06:05:01.465318+00:00,87.9,10,ask,WavyWalnuts,Zijun Feng,1790994
2026-07-01T06:05:01.974325,2026-07-01T06:05:01.979383+00:00,88.0,500,bid,YieldingYams,AverageAlmonds,1791000
2026-07-01T06:05:01.974325,2026-07-01T06:05:01.979383+00:00,88.0,125,bid,YieldingYams,WavyWalnuts,1791001
2026-07-01T06:05:02.764627,2026-07-01T06:05:02.768720+00:00,88.0,20,bid,BrilliantBurritos,WavyWalnuts,1791012
2026-07-01T06:05:03.315335,2026-07-01T06:05:03.324127+00:00,87.8,4,ask,Kelvin Chan,YieldingYams,1791042
2026-07-01T06:05:03.315335,2026-07-01T06:05:03.324127+00:00,87.8,200,ask,WavyWalnuts,YieldingYams,1791043
2026-07-01T06:05:03.995105,2026-07-01T06:05:04.005659+00:00,87.8,200,bid,WavyWalnuts,YieldingYams,1791062
2026-07-01T06:05:05.037124,2026-07-01T06:05:05.044110+00:00,87.9,10,bid,Zijun Feng,AverageAlmonds,1791080
2026-07-01T06:05:07.251625,2026-07-01T06:05:07.259496+00:00,87.7,3,ask,Kelvin Chan,YieldingYams,1791143
2026-07-01T06:05:07.251625,2026-07-01T06:05:07.259496+00:00,87.6,200,ask,WavyWalnuts,YieldingYams,1791144
2026-07-01T06:05:11.124423,2026-07-01T06:05:11.132644+00:00,87.7,10,bid,Zijun Feng,YieldingYams,1791246
2026-07-01T06:05:13.156039,2026-07-01T06:05:13.166673+00:00,87.7,10,bid,Zijun Feng,WavyWalnuts,1791287
2026-07-01T06:05:13.794025,2026-07-01T06:05:13.804449+00:00,87.7,500,bid,YieldingYams,AverageAlmonds,1791306
2026-07-01T06:05:14.160528,2026-07-01T06:05:14.165041+00:00,87.7,125,ask,YieldingYams,AverageAlmonds,1791308
2026-07-01T06:05:15.105442,2026-07-01T06:05:15.110427+00:00,87.6,200,ask,WavyWalnuts,YieldingYams,1791325
2026-07-01T06:05:17.748227,2026-07-01T06:05:17.752699+00:00,87.6,10,bid,Zijun Feng,AverageAlmonds,1791375
2026-07-01T06:05:19.727438,2026-07-01T06:05:19.737599+00:00,87.4,1,ask,Kelvin Chan,WavyWalnuts,1791410
2026-07-01T06:05:19.727438,2026-07-01T06:05:19.737599+00:00,87.4,199,ask,YieldingYams,WavyWalnuts,1791411
2026-07-01T06:05:19.776608,2026-07-01T06:05:19.779155+00:00,87.4,10,ask,YieldingYams,Zijun Feng,1791413
2026-07-01T06:05:20.792402,2026-07-01T06:05:20.799464+00:00,87.2,10,ask,WavyWalnuts,Zijun Feng,1791445
2026-07-01T06:05:22.962070,2026-07-01T06:05:22.963917+00:00,87.4,200,bid,YieldingYams,WavyWalnuts,1791497
2026-07-01T06:05:23.357367,2026-07-01T06:05:23.368433+00:00,87.4,200,ask,YieldingYams,WavyWalnuts,1791511
2026-07-01T06:05:24.274754,2026-07-01T06:05:24.280402+00:00,87.4,1,ask,Kelvin Chan,YieldingYams,1791523
2026-07-01T06:05:24.274754,2026-07-01T06:05:24.280402+00:00,87.3,200,ask,WavyWalnuts,YieldingYams,1791524
2026-07-01T06:05:24.836306,2026-07-01T06:05:24.845654+00:00,87.2,10,bid,Zijun Feng,WavyWalnuts,1791545
2026-07-01T06:05:26.912634,2026-07-01T06:05:26.915718+00:00,87.2,200,bid,YieldingYams,WavyWalnuts,1791584
2026-07-01T06:05:28.200807,2026-07-01T06:05:28.210474+00:00,87.3,200,ask,YieldingYams,WavyWalnuts,1791613
2026-07-01T06:05:30.615466,2026-07-01T06:05:30.622676+00:00,87.3,200,bid,WavyWalnuts,YieldingYams,1791670
2026-07-01T06:05:33.473209,2026-07-01T06:05:33.474844+00:00,87.2,1,ask,Kelvin Chan,YieldingYams,1791727
2026-07-01T06:05:33.473209,2026-07-01T06:05:33.485162+00:00,87.2,200,ask,WavyWalnuts,YieldingYams,1791728
2026-07-01T06:05:35.032021,2026-07-01T06:05:35.069077+00:00,87.3,20,bid,BrilliantBurritos,WavyWalnuts,1791759
2026-07-01T06:05:35.295958,2026-07-01T06:05:35.305595+00:00,87.3,20,bid,BrilliantBurritos,WavyWalnuts,1791764
2026-07-01T06:05:35.450060,2026-07-01T06:05:35.459888+00:00,87.3,200,bid,WavyWalnuts,YieldingYams,1791768
2026-07-01T06:05:36.107779,2026-07-01T06:05:36.114491+00:00,87.3,500,bid,YieldingYams,AverageAlmonds,1791785
2026-07-01T06:05:36.583254,2026-07-01T06:05:36.585210+00:00,87.3,125,ask,YieldingYams,AverageAlmonds,1791793
2026-07-01T06:05:37.171471,2026-07-01T06:05:37.179533+00:00,87.2,20,bid,BrilliantBurritos,WavyWalnuts,1791800
2026-07-01T06:05:37.424071,2026-07-01T06:05:37.435806+00:00,87.2,180,bid,YieldingYams,WavyWalnuts,1791809
2026-07-01T06:05:39.079981,2026-07-01T06:05:39.082220+00:00,87.4,200,bid,WavyWalnuts,YieldingYams,1791849
2026-07-01T06:05:39.668010,2026-07-01T06:05:39.681772+00:00,87.2,20,ask,YieldingYams,BrilliantBurritos,1791863
2026-07-01T06:05:41.354011,2026-07-01T06:05:41.359256+00:00,87.4,500,bid,YieldingYams,AverageAlmonds,1791890
2026-07-01T06:05:41.354011,2026-07-01T06:05:41.359256+00:00,87.5,9,bid,YieldingYams,Kelvin Chan,1791891
2026-07-01T06:05:41.354011,2026-07-01T06:05:41.359256+00:00,87.5,116,bid,YieldingYams,WavyWalnuts,1791892
2026-07-01T06:05:41.433926,2026-07-01T06:05:41.442826+00:00,87.3,200,ask,WavyWalnuts,AverageAlmonds,1791894
2026-07-01T06:05:41.512860,2026-07-01T06:05:41.515871+00:00,87.2,20,ask,WavyWalnuts,BrilliantBurritos,1791898
2026-07-01T06:05:42.665378,2026-07-01T06:05:42.673773+00:00,87.2,180,ask,WavyWalnuts,YieldingYams,1791926
2026-07-01T06:05:42.686264,2026-07-01T06:05:42.694616+00:00,87.2,10,bid,Zijun Feng,YieldingYams,1791927
2026-07-01T06:05:43.974874,2026-07-01T06:05:43.985014+00:00,87.2,200,bid,YieldingYams,WavyWalnuts,1791962
2026-07-01T06:05:45.961216,2026-07-01T06:05:45.964818+00:00,87.1,1,ask,WavyWalnuts,Harry North,1792014
2026-07-01T06:05:46.348884,2026-07-01T06:05:46.356631+00:00,87.2,200,bid,WavyWalnuts,YieldingYams,1792022
2026-07-01T06:05:47.257753,2026-07-01T06:05:47.260219+00:00,87.3,10,bid,Zijun Feng,YieldingYams,1792035
2026-07-01T06:05:49.042400,2026-07-01T06:05:49.044259+00:00,87.2,20,ask,YieldingYams,BrilliantBurritos,1792076
2026-07-01T06:05:49.222673,2026-07-01T06:05:49.229887+00:00,87.3,500,bid,YieldingYams,AverageAlmonds,1792080
2026-07-01T06:05:49.222673,2026-07-01T06:05:49.229887+00:00,87.4,10,bid,YieldingYams,Kelvin Chan,1792081
2026-07-01T06:05:49.222673,2026-07-01T06:05:49.229887+00:00,87.4,115,bid,YieldingYams,WavyWalnuts,1792082
2026-07-01T06:05:49.331829,2026-07-01T06:05:49.369029+00:00,87.3,10,bid,Zijun Feng,AverageAlmonds,1792084
2026-07-01T06:05:51.840858,2026-07-01T06:05:51.848574+00:00,87.2,200,ask,WavyWalnuts,YieldingYams,1792135
2026-07-01T06:05:52.453229,2026-07-01T06:05:52.454747+00:00,87.2,200,bid,WavyWalnuts,YieldingYams,1792156
2026-07-01T06:05:53.149757,2026-07-01T06:05:53.151507+00:00,87.4,9,bid,YieldingYams,Kelvin Chan,1792170
2026-07-01T06:05:53.149757,2026-07-01T06:05:53.161741+00:00,87.4,200,bid,YieldingYams,WavyWalnuts,1792171
2026-07-01T06:05:53.149757,2026-07-01T06:05:53.161741+00:00,87.4,416,bid,YieldingYams,AverageAlmonds,1792172
2026-07-01T06:05:54.876050,2026-07-01T06:05:54.887036+00:00,87.2,200,ask,YieldingYams,WavyWalnuts,1792216
2026-07-01T16:37:15.415478,2026-07-01T06:37:16.794455+00:00,83.1,200,ask,YieldingYams,WavyWalnuts,1835130
2026-07-01T16:37:15.797557,2026-07-01T06:37:17.124455+00:00,83.1,10,ask,YieldingYams,Zijun Feng,1835132
2026-07-01T16:37:16.308415,2026-07-01T06:37:17.641455+00:00,83.1,10,ask,YieldingYams,Zijun Feng,1835148
2026-07-01T16:37:16.625162,2026-07-01T06:37:17.960455+00:00,83.1,200,ask,YieldingYams,WavyWalnuts,1835172
2026-07-01T16:37:17.323630,2026-07-01T06:37:18.652808+00:00,83.0,10,ask,YieldingYams,Zijun Feng,1835187
2026-07-01T16:37:19.042162,2026-07-01T06:37:20.379819+00:00,83.1,200,bid,WavyWalnuts,YieldingYams,1835223
2026-07-01T16:37:19.748712,2026-07-01T06:37:21.083829+00:00,83.0,1,ask,YieldingYams,Jayden Shi,1835235
2026-07-01T16:37:19.857924,2026-07-01T06:37:21.193829+00:00,83.2,1,bid,Zijun Feng,Kelvin Chan,1835241
2026-07-01T16:37:20.364622,2026-07-01T06:37:21.699346+00:00,83.2,10,bid,Zijun Feng,YieldingYams,1835255
2026-07-01T16:37:22.452593,2026-07-01T06:37:23.788622+00:00,83.2,4,bid,BrilliantBurritos,Kelvin Chan,1835296
2026-07-01T16:37:22.452593,2026-07-01T06:37:23.788622+00:00,83.2,16,bid,BrilliantBurritos,WavyWalnuts,1835297
2026-07-01T16:37:23.888574,2026-07-01T06:37:25.217611+00:00,83.0,200,ask,YieldingYams,WavyWalnuts,1835338
2026-07-01T16:37:24.442229,2026-07-01T06:37:25.767611+00:00,83.2,4,bid,Zijun Feng,Kelvin Chan,1835346
2026-07-01T16:37:24.442229,2026-07-01T06:37:25.778611+00:00,83.2,5,bid,Zijun Feng,YieldingYams,1835347
2026-07-01T16:37:25.100666,2026-07-01T06:37:26.427168+00:00,82.9,6,ask,Kelvin Chan,WavyWalnuts,1835357
2026-07-01T16:37:25.100843,2026-07-01T06:37:26.438168+00:00,82.9,194,bid,YieldingYams,WavyWalnuts,1835358
2026-07-01T16:37:25.832378,2026-07-01T06:37:27.164235+00:00,82.9,20,ask,YieldingYams,BrilliantBurritos,1835376
2026-07-01T16:37:26.310753,2026-07-01T06:37:27.636750+00:00,83.0,200,bid,WavyWalnuts,YieldingYams,1835396
2026-07-01T16:37:26.421349,2026-07-01T06:37:27.757749+00:00,82.9,10,ask,Kelvin Chan,YieldingYams,1835397
2026-07-01T16:37:27.521191,2026-07-01T06:37:28.856334+00:00,82.9,200,bid,WavyWalnuts,YieldingYams,1835425
2026-07-01T16:37:29.050735,2026-07-01T06:37:30.385761+00:00,82.9,200,ask,WavyWalnuts,YieldingYams,1835461
2026-07-01T16:37:29.050735,2026-07-01T06:37:30.385761+00:00,82.8,2,ask,Kelvin Chan,YieldingYams,1835462
2026-07-01T16:37:29.050735,2026-07-01T06:37:30.385761+00:00,82.8,423,ask,AverageAlmonds,YieldingYams,1835463
2026-07-01T16:37:30.470689,2026-07-01T06:37:31.804774+00:00,82.9,200,bid,AverageAlmonds,WavyWalnuts,1835493
2026-07-01T16:37:31.151443,2026-07-01T06:37:32.486292+00:00,82.9,200,ask,AverageAlmonds,WavyWalnuts,1835513
2026-07-01T16:37:31.284073,2026-07-01T06:37:32.618290+00:00,82.9,1,ask,AverageAlmonds,Jayden Shi,1835516
2026-07-01T16:37:31.739678,2026-07-01T06:37:33.068303+00:00,83.0,20,ask,YieldingYams,BrilliantBurritos,1835520
2026-07-01T16:37:32.358280,2026-07-01T06:37:33.684304+00:00,83.0,200,ask,YieldingYams,WavyWalnuts,1835530
2026-07-01T16:37:33.182167,2026-07-01T06:37:34.509316+00:00,83.0,1,ask,YieldingYams,Jayden Shi,1835544
2026-07-01T16:37:33.566490,2026-07-01T06:37:34.894316+00:00,83.0,200,ask,YieldingYams,WavyWalnuts,1835552
2026-07-01T16:37:33.937055,2026-07-01T06:37:35.267831+00:00,83.0,1,ask,YieldingYams,Jayden Shi,1835564
2026-07-01T16:37:34.771947,2026-07-01T06:37:36.102930+00:00,82.9,200,bid,WavyWalnuts,YieldingYams,1835577
2026-07-01T16:37:35.324146,2026-07-01T06:37:36.652929+00:00,82.9,425,bid,AverageAlmonds,YieldingYams,1835590
2026-07-01T16:37:35.985024,2026-07-01T06:37:37.312929+00:00,82.9,200,ask,YieldingYams,WavyWalnuts,1835603
2026-07-01T16:37:36.958516,2026-07-01T06:37:38.291476+00:00,82.9,500,ask,AverageAlmonds,YieldingYams,1835623
2026-07-01T16:37:37.122504,2026-07-01T06:37:38.456490+00:00,82.9,125,bid,AverageAlmonds,YieldingYams,1835626
2026-07-01T16:37:38.401508,2026-07-01T06:37:39.732488+00:00,83.1,200,bid,WavyWalnuts,YieldingYams,1835662
2026-07-01T16:37:39.635161,2026-07-01T06:37:40.964015+00:00,83.2,1,bid,YieldingYams,Kelvin Chan,1835677
2026-07-01T16:37:39.638810,2026-07-01T06:37:40.964015+00:00,83.3,200,ask,YieldingYams,WavyWalnuts,1835678
2026-07-01T16:37:40.846012,2026-07-01T06:37:42.173291+00:00,83.3,200,ask,YieldingYams,WavyWalnuts,1835697
2026-07-01T16:37:41.301590,2026-07-01T06:37:42.635291+00:00,83.1,10,ask,WavyWalnuts,Zijun Feng,1835706
2026-07-01T16:37:43.208861,2026-07-01T06:37:44.538413+00:00,83.0,20,ask,WavyWalnuts,BrilliantBurritos,1835734
2026-07-01T16:37:43.340128,2026-07-01T06:37:44.670413+00:00,83.2,1,bid,Zijun Feng,Kelvin Chan,1835735
2026-07-01T16:37:43.340128,2026-07-01T06:37:44.670413+00:00,83.2,9,bid,Zijun Feng,YieldingYams,1835736
2026-07-01T16:37:46.199670,2026-07-01T06:37:47.529497+00:00,83.2,1,bid,YieldingYams,Kelvin Chan,1835788
2026-07-01T16:37:46.199670,2026-07-01T06:37:47.529497+00:00,83.3,200,bid,YieldingYams,WavyWalnuts,1835789
2026-07-01T16:37:46.406127,2026-07-01T06:37:47.738497+00:00,83.4,10,bid,Zijun Feng,YieldingYams,1835799
2026-07-01T16:37:46.895201,2026-07-01T06:37:48.232875+00:00,83.3,200,ask,YieldingYams,WavyWalnuts,1835805
2026-07-01T16:37:48.049838,2026-07-01T06:37:49.387902+00:00,83.1,20,ask,YieldingYams,BrilliantBurritos,1835829
2026-07-01T16:37:48.823472,2026-07-01T06:37:50.157904+00:00,83.2,200,bid,YieldingYams,WavyWalnuts,1835849
2026-07-01T16:37:51.449245,2026-07-01T06:37:52.775903+00:00,83.1,200,ask,WavyWalnuts,YieldingYams,1835905
2026-07-01T16:37:52.292906,2026-07-01T06:37:53.622820+00:00,83.1,425,bid,AverageAlmonds,YieldingYams,1835921
2026-07-01T16:37:52.292906,2026-07-01T06:37:53.622820+00:00,83.1,75,bid,AverageAlmonds,WavyWalnuts,1835922
2026-07-01T16:37:52.754742,2026-07-01T06:37:54.084820+00:00,83.1,125,bid,YieldingYams,WavyWalnuts,1835930
2026-07-01T16:37:52.957176,2026-07-01T06:37:54.293896+00:00,83.2,200,ask,YieldingYams,WavyWalnuts,1835933
2026-07-01T16:37:54.401611,2026-07-01T06:37:55.734894+00:00,83.2,20,ask,YieldingYams,BrilliantBurritos,1835959
2026-07-01T16:37:54.571296,2026-07-01T06:37:55.899894+00:00,83.2,10,ask,YieldingYams,Zijun Feng,1835965
2026-07-01T16:37:56.105642,2026-07-01T06:37:57.438945+00:00,83.2,10,ask,WavyWalnuts,Zijun Feng,1835988
2026-07-01T16:37:56.768104,2026-07-01T06:37:58.098113+00:00,83.2,20,bid,BrilliantBurritos,WavyWalnuts,1836003
2026-07-01T16:37:58.019918,2026-07-01T06:37:59.352113+00:00,83.2,200,bid,YieldingYams,WavyWalnuts,1836042
2026-07-01T16:37:59.336727,2026-07-01T06:38:00.672126+00:00,83.2,200,ask,WavyWalnuts,YieldingYams,1836074
2026-07-01T16:38:00.178695,2026-07-01T06:38:01.511682+00:00,83.1,20,bid,BrilliantBurritos,YieldingYams,1836083
2026-07-01T16:38:00.643894,2026-07-01T06:38:01.973684+00:00,83.1,200,bid,YieldingYams,WavyWalnuts,1836089
2026-07-01T16:38:01.992747,2026-07-01T06:38:03.325770+00:00,83.1,200,ask,WavyWalnuts,YieldingYams,1836117
2026-07-01T16:38:02.439207,2026-07-01T06:38:03.765771+00:00,83.0,1,ask,Kelvin Chan,Jayden Shi,1836130
2026-07-01T16:38:02.636024,2026-07-01T06:38:03.963769+00:00,83.0,6,ask,Kelvin Chan,WavyWalnuts,1836135
2026-07-01T16:38:04.881401,2026-07-01T06:38:06.217279+00:00,82.9,1,ask,Kelvin Chan,Jayden Shi,1836175
2026-07-01T16:38:05.051178,2026-07-01T06:38:06.382279+00:00,82.9,7,ask,Kelvin Chan,WavyWalnuts,1836187
2026-07-01T16:38:05.051178,2026-07-01T06:38:06.382279+00:00,82.9,193,ask,YieldingYams,WavyWalnuts,1836188
2026-07-01T16:38:05.939157,2026-07-01T06:38:07.273278+00:00,83.0,1,ask,Kelvin Chan,Jayden Shi,1836201
2026-07-01T16:38:06.262397,2026-07-01T06:38:07.592278+00:00,83.0,8,ask,Kelvin Chan,WavyWalnuts,1836213
2026-07-01T16:38:06.400451,2026-07-01T06:38:07.735279+00:00,83.0,20,bid,BrilliantBurritos,WavyWalnuts,1836220
2026-07-01T16:38:06.906695,2026-07-01T06:38:08.241279+00:00,82.9,1,ask,YieldingYams,Jayden Shi,1836230
2026-07-01T16:38:07.472004,2026-07-01T06:38:08.801806+00:00,82.9,7,ask,Kelvin Chan,WavyWalnuts,1836238
2026-07-01T16:38:07.472004,2026-07-01T06:38:08.801806+00:00,82.9,193,ask,YieldingYams,WavyWalnuts,1836239
2026-07-01T16:38:08.039227,2026-07-01T06:38:09.373806+00:00,82.9,1,ask,YieldingYams,Jayden Shi,1836255
2026-07-01T16:38:08.539753,2026-07-01T06:38:09.868324+00:00,82.9,5,ask,Kelvin Chan,YieldingYams,1836268
2026-07-01T16:38:08.691201,2026-07-01T06:38:10.022324+00:00,82.9,200,bid,WavyWalnuts,YieldingYams,1836269
2026-07-01T16:38:09.338568,2026-07-01T06:38:10.671324+00:00,82.9,20,bid,BrilliantBurritos,YieldingYams,1836281
2026-07-01T16:38:10.903106,2026-07-01T06:38:12.232850+00:00,82.9,10,ask,WavyWalnuts,Zijun Feng,1836304
2026-07-01T16:38:11.116876,2026-07-01T06:38:12.452851+00:00,82.8,200,ask,YieldingYams,WavyWalnuts,1836308
2026-07-01T16:38:12.328733,2026-07-01T06:38:13.662379+00:00,82.9,1,ask,Kelvin Chan,WavyWalnuts,1836325
2026-07-01T16:38:12.328733,2026-07-01T06:38:13.662379+00:00,82.8,199,ask,YieldingYams,WavyWalnuts,1836326
2026-07-01T16:38:13.041624,2026-07-01T06:38:14.369380+00:00,82.9,20,bid,BrilliantBurritos,YieldingYams,1836344
2026-07-01T16:38:13.351160,2026-07-01T06:38:14.677195+00:00,82.9,20,bid,BrilliantBurritos,YieldingYams,1836348
2026-07-01T16:38:13.538250,2026-07-01T06:38:14.864195+00:00,82.8,1,ask,Kelvin Chan,WavyWalnuts,1836352
2026-07-01T16:38:13.814412,2026-07-01T06:38:15.150194+00:00,82.8,199,bid,YieldingYams,WavyWalnuts,1836359
2026-07-01T16:38:14.746791,2026-07-01T06:38:16.073727+00:00,82.9,200,bid,WavyWalnuts,YieldingYams,1836379
2026-07-01T16:38:17.168367,2026-07-01T06:38:18.504293+00:00,82.9,200,ask,YieldingYams,WavyWalnuts,1836417
2026-07-01T16:38:18.374705,2026-07-01T06:38:19.702809+00:00,82.9,200,bid,WavyWalnuts,YieldingYams,1836440
2026-07-01T16:38:20.799535,2026-07-01T06:38:22.133429+00:00,82.8,6,ask,Kelvin Chan,WavyWalnuts,1836487
2026-07-01T16:38:20.799535,2026-07-01T06:38:22.133429+00:00,82.8,194,ask,YieldingYams,WavyWalnuts,1836488
2026-07-01T16:38:20.914327,2026-07-01T06:38:22.243428+00:00,82.8,20,ask,YieldingYams,BrilliantBurritos,1836492
2026-07-01T16:38:24.774905,2026-07-01T06:38:26.103516+00:00,82.8,20,bid,BrilliantBurritos,YieldingYams,1836595
2026-07-01T16:38:25.623785,2026-07-01T06:38:26.950517+00:00,82.9,200,bid,YieldingYams,WavyWalnuts,1836610
2026-07-01T16:38:28.249659,2026-07-01T06:38:29.577643+00:00,82.9,200,ask,WavyWalnuts,YieldingYams,1836656
2026-07-01T16:38:32.901553,2026-07-01T06:38:34.230233+00:00,83.0,10,bid,WavyWalnuts,Kelvin Chan,1836732
2026-07-01T16:38:32.901553,2026-07-01T06:38:34.230233+00:00,83.0,190,bid,WavyWalnuts,AverageAlmonds,1836733
2026-07-01T16:38:34.102182,2026-07-01T06:38:35.428749+00:00,82.9,10,bid,Zijun Feng,YieldingYams,1836762
2026-07-01T16:38:34.110775,2026-07-01T06:38:35.439749+00:00,82.9,200,bid,WavyWalnuts,YieldingYams,1836763
2026-07-01T16:38:35.319966,2026-07-01T06:38:36.649880+00:00,82.9,200,bid,WavyWalnuts,YieldingYams,1836784
2026-07-01T16:38:36.141578,2026-07-01T06:38:37.474398+00:00,82.7,1,ask,Kelvin Chan,Zijun Feng,1836799
2026-07-01T16:38:36.141578,2026-07-01T06:38:37.474398+00:00,82.7,9,ask,YieldingYams,Zijun Feng,1836800
2026-07-01T16:38:36.530406,2026-07-01T06:38:37.881397+00:00,82.9,200,bid,WavyWalnuts,YieldingYams,1836809
2026-07-01T16:38:37.442555,2026-07-01T06:38:38.771589+00:00,83.0,2,bid,YieldingYams,Kelvin Chan,1836823
2026-07-01T16:38:37.740752,2026-07-01T06:38:39.068589+00:00,83.0,200,ask,YieldingYams,WavyWalnuts,1836829
2026-07-01T16:38:44.012237,2026-07-01T06:38:45.340102+00:00,82.9,200,ask,WavyWalnuts,YieldingYams,1836944
2026-07-01T16:38:45.008188,2026-07-01T06:38:46.340651+00:00,82.9,200,bid,WavyWalnuts,YieldingYams,1836954
2026-07-01T16:38:46.632904,2026-07-01T06:38:47.967692+00:00,83.0,200,bid,YieldingYams,WavyWalnuts,1836976
2026-07-01T16:38:47.949433,2026-07-01T06:38:49.276431+00:00,82.9,200,ask,WavyWalnuts,YieldingYams,1837013
2026-07-01T16:38:49.659744,2026-07-01T06:38:50.991949+00:00,82.8,20,ask,YieldingYams,BrilliantBurritos,1837041
2026-07-01T16:38:51.889713,2026-07-01T06:38:53.223552+00:00,82.7,5,ask,Kelvin Chan,YieldingYams,1837091
2026-07-01T16:38:51.889713,2026-07-01T06:38:53.223552+00:00,82.7,200,ask,WavyWalnuts,YieldingYams,1837092
2026-07-01T16:38:51.889713,2026-07-01T06:38:53.223552+00:00,82.7,420,ask,AverageAlmonds,YieldingYams,1837093
2026-07-01T16:38:52.242519,2026-07-01T06:38:53.575552+00:00,82.9,20,bid,BrilliantBurritos,WavyWalnuts,1837105
2026-07-01T16:38:54.699734,2026-07-01T06:38:56.038337+00:00,82.8,200,ask,YieldingYams,WavyWalnuts,1837154
2026-07-01T16:38:58.335900,2026-07-01T06:38:59.668402+00:00,83.0,200,bid,WavyWalnuts,YieldingYams,1837224
2026-07-01T16:38:58.488126,2026-07-01T06:38:59.822404+00:00,83.1,2,bid,YieldingYams,Kelvin Chan,1837235
2026-07-01T16:38:58.488126,2026-07-01T06:38:59.822404+00:00,83.1,500,bid,YieldingYams,AverageAlmonds,1837236
2026-07-01T16:38:58.488126,2026-07-01T06:38:59.822404+00:00,83.1,123,bid,YieldingYams,WavyWalnuts,1837237
2026-07-01T16:38:59.547900,2026-07-01T06:39:00.877919+00:00,83.0,6,bid,WavyWalnuts,Kelvin Chan,1837270
2026-07-01T16:38:59.547900,2026-07-01T06:39:00.877919+00:00,83.1,194,bid,WavyWalnuts,AverageAlmonds,1837271
2026-07-01T16:39:00.758101,2026-07-01T06:39:02.087434+00:00,83.0,200,bid,WavyWalnuts,YieldingYams,1837290
2026-07-01T16:39:01.107952,2026-07-01T06:39:02.439434+00:00,83.0,7,bid,YieldingYams,Kelvin Chan,1837293
2026-07-01T16:39:02.419195,2026-07-01T06:39:03.747763+00:00,83.1,6,bid,YieldingYams,Kelvin Chan,1837312
2026-07-01T16:39:02.419195,2026-07-01T06:39:03.747763+00:00,83.1,500,bid,YieldingYams,AverageAlmonds,1837313
2026-07-01T16:39:02.500211,2026-07-01T06:39:03.835763+00:00,83.1,119,ask,YieldingYams,AverageAlmonds,1837315
2026-07-01T16:39:04.386309,2026-07-01T06:39:05.717763+00:00,83.1,200,bid,WavyWalnuts,YieldingYams,1837358
2026-07-01T16:39:06.059473,2026-07-01T06:39:07.387908+00:00,83.1,20,bid,BrilliantBurritos,AverageAlmonds,1837389
2026-07-01T16:39:06.804862,2026-07-01T06:39:08.146298+00:00,83.1,200,bid,WavyWalnuts,YieldingYams,1837398
2026-07-01T16:39:07.681392,2026-07-01T06:39:09.015312+00:00,83.1,500,bid,YieldingYams,AverageAlmonds,1837411
2026-07-01T16:39:07.950147,2026-07-01T06:39:09.279313+00:00,83.2,125,ask,YieldingYams,AverageAlmonds,1837415
2026-07-01T16:39:08.018625,2026-07-01T06:39:09.345313+00:00,83.1,200,bid,WavyWalnuts,AverageAlmonds,1837416
2026-07-01T16:39:09.235578,2026-07-01T06:39:10.566311+00:00,83.0,200,bid,WavyWalnuts,YieldingYams,1837436
2026-07-01T16:39:10.442755,2026-07-01T06:39:11.776322+00:00,83.0,200,bid,WavyWalnuts,YieldingYams,1837453
2026-07-01T16:39:11.630938,2026-07-01T06:39:12.967323+00:00,83.1,1,bid,YieldingYams,Kelvin Chan,1837487
2026-07-01T16:39:11.630938,2026-07-01T06:39:12.967323+00:00,83.1,500,bid,YieldingYams,AverageAlmonds,1837488
2026-07-01T16:39:11.651091,2026-07-01T06:39:12.989597+00:00,83.1,124,ask,YieldingYams,WavyWalnuts,1837490
2026-07-01T16:39:12.701065,2026-07-01T06:39:14.034597+00:00,83.0,20,bid,BrilliantBurritos,WavyWalnuts,1837516
2026-07-01T16:39:12.951789,2026-07-01T06:39:14.287596+00:00,83.0,200,ask,WavyWalnuts,YieldingYams,1837522
2026-07-01T16:39:14.064924,2026-07-01T06:39:15.398619+00:00,82.9,200,bid,WavyWalnuts,YieldingYams,1837548
2026-07-01T16:39:15.276170,2026-07-01T06:39:16.606981+00:00,83.0,200,bid,WavyWalnuts,YieldingYams,1837574
2026-07-01T16:39:17.942189,2026-07-01T06:39:19.269088+00:00,83.0,20,ask,YieldingYams,BrilliantBurritos,1837626
2026-07-01T16:39:18.495888,2026-07-01T06:39:19.830099+00:00,83.1,4,bid,Zijun Feng,Kelvin Chan,1837637
2026-07-01T16:39:19.006181,2026-07-01T06:39:20.335130+00:00,83.1,3,bid,Zijun Feng,WavyWalnuts,1837651
2026-07-01T16:39:19.006181,2026-07-01T06:39:20.335130+00:00,83.1,3,bid,Zijun Feng,Kelvin Chan,1837652
2026-07-01T16:39:19.516284,2026-07-01T06:39:20.852130+00:00,83.1,197,bid,YieldingYams,WavyWalnuts,1837656
2026-07-01T16:39:20.131329,2026-07-01T06:39:21.457130+00:00,83.1,200,ask,YieldingYams,WavyWalnuts,1837673
2026-07-01T16:39:21.340722,2026-07-01T06:39:22.667140+00:00,83.0,200,bid,WavyWalnuts,YieldingYams,1837693
2026-07-01T16:39:22.913972,2026-07-01T06:39:24.239776+00:00,83.0,20,ask,WavyWalnuts,BrilliantBurritos,1837737
2026-07-01T16:39:26.091137,2026-07-01T06:39:27.419967+00:00,83.2,1,bid,Zijun Feng,Kelvin Chan,1837810
2026-07-01T16:39:26.091137,2026-07-01T06:39:27.419967+00:00,83.2,9,bid,Zijun Feng,WavyWalnuts,1837811
2026-07-01T16:39:27.405317,2026-07-01T06:39:28.739373+00:00,83.0,200,ask,YieldingYams,WavyWalnuts,1837841
2026-07-01T16:39:28.900510,2026-07-01T06:39:30.234910+00:00,83.1,20,bid,BrilliantBurritos,AverageAlmonds,1837868
2026-07-01T16:39:30.372232,2026-07-01T06:39:31.708437+00:00,83.0,500,ask,YieldingYams,AverageAlmonds,1837901
2026-07-01T16:39:30.967793,2026-07-01T06:39:32.301953+00:00,83.0,125,ask,YieldingYams,AverageAlmonds,1837911
2026-07-01T16:39:31.028011,2026-07-01T06:39:32.356953+00:00,82.9,4,ask,Kelvin Chan,WavyWalnuts,1837913
2026-07-01T16:39:32.238520,2026-07-01T06:39:33.566156+00:00,82.8,200,ask,YieldingYams,WavyWalnuts,1837939
2026-07-01T16:39:32.631008,2026-07-01T06:39:33.973156+00:00,82.8,12,ask,Kelvin Chan,YieldingYams,1837948
2026-07-01T16:39:33.207278,2026-07-01T06:39:34.534157+00:00,82.7,10,ask,WavyWalnuts,Zijun Feng,1837972
2026-07-01T16:39:33.444780,2026-07-01T06:39:34.776155+00:00,82.8,200,bid,WavyWalnuts,YieldingYams,1837973
2026-07-01T16:39:34.654483,2026-07-01T06:39:35.986157+00:00,82.8,200,ask,YieldingYams,WavyWalnuts,1837997
2026-07-01T16:39:35.741358,2026-07-01T06:39:37.074740+00:00,82.7,10,ask,YieldingYams,Zijun Feng,1838015
2026-07-01T16:39:35.861275,2026-07-01T06:39:37.195741+00:00,82.9,200,bid,WavyWalnuts,YieldingYams,1838018
2026-07-01T16:39:37.068679,2026-07-01T06:39:38.394892+00:00,82.9,200,bid,WavyWalnuts,AverageAlmonds,1838038
2026-07-01T16:39:37.527457,2026-07-01T06:39:38.867892+00:00,82.8,2,ask,Kelvin Chan,BrilliantBurritos,1838045
2026-07-01T16:39:37.527457,2026-07-01T06:39:38.867892+00:00,82.8,18,ask,YieldingYams,BrilliantBurritos,1838046
2026-07-01T16:39:40.488569,2026-07-01T06:39:41.814933+00:00,82.7,200,ask,WavyWalnuts,YieldingYams,1838102
2026-07-01T16:39:41.811706,2026-07-01T06:39:43.144849+00:00,82.7,10,bid,Zijun Feng,WavyWalnuts,1838122
2026-07-01T16:39:41.902543,2026-07-01T06:39:43.232849+00:00,82.7,200,bid,WavyWalnuts,AverageAlmonds,1838125
2026-07-01T16:39:44.324980,2026-07-01T06:39:45.652395+00:00,82.7,200,bid,WavyWalnuts,YieldingYams,1838188
2026-07-01T16:39:45.743695,2026-07-01T06:39:47.081948+00:00,82.6,200,ask,WavyWalnuts,YieldingYams,1838222
2026-07-01T16:39:45.746641,2026-07-01T06:39:47.081948+00:00,82.6,1,bid,Kelvin Chan,YieldingYams,1838223
2026-07-01T16:39:45.869770,2026-07-01T06:39:47.202948+00:00,82.6,10,bid,Zijun Feng,YieldingYams,1838226
2026-07-01T16:39:47.065022,2026-07-01T06:39:48.399848+00:00,82.6,200,bid,YieldingYams,WavyWalnuts,1838241
2026-07-01T16:39:47.291043,2026-07-01T06:39:48.619849+00:00,82.8,20,bid,BrilliantBurritos,AverageAlmonds,1838246
2026-07-01T16:39:49.174017,2026-07-01T06:39:50.500859+00:00,82.7,200,bid,WavyWalnuts,YieldingYams,1838275
2026-07-01T16:39:49.832550,2026-07-01T06:39:51.160859+00:00,82.7,20,ask,YieldingYams,BrilliantBurritos,1838285
2026-07-01T16:39:50.990142,2026-07-01T06:39:52.315858+00:00,82.8,200,bid,YieldingYams,WavyWalnuts,1838308
2026-07-01T16:39:51.861122,2026-07-01T06:39:53.194029+00:00,82.9,20,bid,BrilliantBurritos,WavyWalnuts,1838334
2026-07-01T16:39:52.813930,2026-07-01T06:39:54.151029+00:00,82.8,200,bid,WavyWalnuts,YieldingYams,1838357
2026-07-01T16:39:55.657122,2026-07-01T06:39:56.988600+00:00,82.7,10,bid,Zijun Feng,YieldingYams,1838412
2026-07-01T16:39:56.166038,2026-07-01T06:39:57.494598+00:00,82.7,10,bid,Zijun Feng,YieldingYams,1838426
2026-07-01T16:39:56.176558,2026-07-01T06:39:57.505599+00:00,82.6,1,ask,Kelvin Chan,BrilliantBurritos,1838427
2026-07-01T16:39:56.447457,2026-07-01T06:39:57.780597+00:00,82.6,10,ask,Kelvin Chan,WavyWalnuts,1838429
2026-07-01T16:39:58.873981,2026-07-01T06:40:00.210063+00:00,82.5,8,ask,Kelvin Chan,YieldingYams,1838478
2026-07-01T16:39:58.873981,2026-07-01T06:40:00.210063+00:00,82.5,500,ask,AverageAlmonds,YieldingYams,1838479
2026-07-01T16:39:58.881656,2026-07-01T06:40:00.210063+00:00,82.4,117,bid,WavyWalnuts,YieldingYams,1838480
2026-07-01T16:40:00.042283,2026-07-01T06:40:01.375105+00:00,82.6,20,ask,WavyWalnuts,BrilliantBurritos,1838505
2026-07-01T16:40:00.777249,2026-07-01T06:40:02.112106+00:00,82.7,20,bid,BrilliantBurritos,YieldingYams,1838522
2026-07-01T16:40:00.886273,2026-07-01T06:40:02.222106+00:00,82.7,100,bid,Eric Deng,YieldingYams,1838523
2026-07-01T16:40:01.764141,2026-07-01T06:40:03.100498+00:00,82.6,1,ask,WavyWalnuts,Jayden Shi,1838546
2026-07-01T16:40:02.262027,2026-07-01T06:40:03.595184+00:00,82.6,10,ask,WavyWalnuts,Zijun Feng,1838556
2026-07-01T16:40:03.752237,2026-07-01T06:40:05.079702+00:00,82.7,200,bid,WavyWalnuts,YieldingYams,1838584
2026-07-01T16:40:03.855860,2026-07-01T06:40:05.189701+00:00,82.5,1,ask,Kelvin Chan,Jayden Shi,1838590
2026-07-01T16:40:04.970150,2026-07-01T06:40:06.299275+00:00,82.7,200,bid,WavyWalnuts,YieldingYams,1838631
2026-07-01T16:40:05.223716,2026-07-01T06:40:06.552275+00:00,82.5,1,ask,Kelvin Chan,Jayden Shi,1838640
2026-07-01T16:40:06.178703,2026-07-01T06:40:07.509275+00:00,82.7,200,bid,WavyWalnuts,YieldingYams,1838659
2026-07-01T16:40:06.255987,2026-07-01T06:40:07.586275+00:00,82.5,1,ask,Kelvin Chan,Jayden Shi,1838660
2026-07-01T16:40:06.339932,2026-07-01T06:40:07.674274+00:00,82.7,1,bid,Zijun Feng,YieldingYams,1838662
2026-07-01T16:40:07.386436,2026-07-01T06:40:08.718234+00:00,82.6,200,bid,WavyWalnuts,YieldingYams,1838687
2026-07-01T16:40:08.595119,2026-07-01T06:40:09.928234+00:00,82.7,200,bid,WavyWalnuts,YieldingYams,1838711
2026-07-01T16:40:08.930330,2026-07-01T06:40:10.258235+00:00,82.5,1,ask,Kelvin Chan,Zijun Feng,1838723
2026-07-01T16:40:08.930330,2026-07-01T06:40:10.258235+00:00,82.5,9,ask,YieldingYams,Zijun Feng,1838724
2026-07-01T16:40:09.668930,2026-07-01T06:40:10.995248+00:00,82.8,1,bid,BrilliantBurritos,Kelvin Chan,1838739
2026-07-01T16:40:09.668930,2026-07-01T06:40:11.006248+00:00,82.8,19,bid,BrilliantBurritos,YieldingYams,1838740
2026-07-01T16:40:09.806684,2026-07-01T06:40:11.138248+00:00,82.6,200,ask,YieldingYams,WavyWalnuts,1838744
2026-07-01T16:40:11.991414,2026-07-01T06:40:13.326801+00:00,82.6,200,ask,WavyWalnuts,YieldingYams,1838789
2026-07-01T16:40:13.028912,2026-07-01T06:40:14.360800+00:00,82.6,9,bid,Zijun Feng,YieldingYams,1838803
2026-07-01T16:40:15.936639,2026-07-01T06:40:17.263422+00:00,82.8,2,bid,YieldingYams,Kelvin Chan,1838876
2026-07-01T16:40:15.936639,2026-07-01T06:40:17.274422+00:00,82.8,500,bid,YieldingYams,AverageAlmonds,1838877
2026-07-01T16:40:16.389364,2026-07-01T06:40:17.724939+00:00,82.8,123,ask,YieldingYams,AverageAlmonds,1838886
2026-07-01T16:40:17.249810,2026-07-01T06:40:18.582654+00:00,82.7,200,ask,WavyWalnuts,YieldingYams,1838909
2026-07-01T16:40:18.633108,2026-07-01T06:40:19.968109+00:00,82.6,10,bid,Zijun Feng,YieldingYams,1838943
2026-07-01T16:40:19.473231,2026-07-01T06:40:20.803630+00:00,82.6,200,bid,WavyWalnuts,YieldingYams,1838954
2026-07-01T16:40:21.777668,2026-07-01T06:40:23.113146+00:00,82.5,1,ask,Kelvin Chan,BrilliantBurritos,1838999
2026-07-01T16:40:21.777668,2026-07-01T06:40:23.113146+00:00,82.5,19,ask,WavyWalnuts,BrilliantBurritos,1839000
2026-07-01T16:40:22.493613,2026-07-01T06:40:23.827738+00:00,82.5,200,ask,WavyWalnuts,YieldingYams,1839017
2026-07-01T16:40:23.713252,2026-07-01T06:40:25.049166+00:00,82.5,10,bid,Zijun Feng,YieldingYams,1839034
2026-07-01T16:40:24.319484,2026-07-01T06:40:25.654166+00:00,82.5,200,bid,WavyWalnuts,YieldingYams,1839051
2026-07-01T16:40:25.529323,2026-07-01T06:40:26.862794+00:00,82.6,200,ask,YieldingYams,WavyWalnuts,1839084
2026-07-01T16:40:26.740623,2026-07-01T06:40:28.071683+00:00,82.4,6,ask,Kelvin Chan,WavyWalnuts,1839106
2026-07-01T16:40:26.740623,2026-07-01T06:40:28.071683+00:00,82.4,194,ask,YieldingYams,WavyWalnuts,1839107
2026-07-01T16:40:27.072497,2026-07-01T06:40:28.401683+00:00,82.4,20,ask,YieldingYams,BrilliantBurritos,1839112
2026-07-01T16:40:27.951715,2026-07-01T06:40:29.292208+00:00,82.4,200,ask,YieldingYams,WavyWalnuts,1839122
2026-07-01T16:40:28.295441,2026-07-01T06:40:29.622208+00:00,82.6,10,bid,Zijun Feng,YieldingYams,1839131
2026-07-01T16:40:30.335879,2026-07-01T06:40:31.668210+00:00,82.5,10,bid,Zijun Feng,WavyWalnuts,1839171
2026-07-01T16:40:30.349067,2026-07-01T06:40:31.679208+00:00,82.5,190,bid,YieldingYams,WavyWalnuts,1839172
2026-07-01T16:40:34.282076,2026-07-01T06:40:35.616439+00:00,82.6,200,bid,YieldingYams,WavyWalnuts,1839265
2026-07-01T16:40:36.941459,2026-07-01T06:40:38.277517+00:00,82.6,10,ask,WavyWalnuts,Zijun Feng,1839318
2026-07-01T16:40:37.825552,2026-07-01T06:40:39.157529+00:00,82.7,2,bid,BrilliantBurritos,Kelvin Chan,1839342
2026-07-01T16:40:37.825552,2026-07-01T06:40:39.157529+00:00,82.7,18,bid,BrilliantBurritos,YieldingYams,1839343
2026-07-01T16:40:38.470170,2026-07-01T06:40:39.806529+00:00,82.6,10,ask,WavyWalnuts,Zijun Feng,1839355
2026-07-01T16:40:40.993459,2026-07-01T06:40:42.324386+00:00,82.6,20,ask,YieldingYams,BrilliantBurritos,1839422
2026-07-01T16:40:41.267024,2026-07-01T06:40:42.599387+00:00,82.6,200,ask,YieldingYams,WavyWalnuts,1839427
2026-07-01T16:40:41.557743,2026-07-01T06:40:42.885385+00:00,82.6,20,ask,YieldingYams,BrilliantBurritos,1839436
2026-07-01T16:40:42.165470,2026-07-01T06:40:43.501030+00:00,82.5,500,ask,AverageAlmonds,YieldingYams,1839444
2026-07-01T16:40:42.282249,2026-07-01T06:40:43.611029+00:00,82.5,20,bid,BrilliantBurritos,YieldingYams,1839447
2026-07-01T16:40:42.397109,2026-07-01T06:40:43.732030+00:00,82.5,105,bid,AverageAlmonds,YieldingYams,1839451
2026-07-01T16:40:42.479113,2026-07-01T06:40:43.809030+00:00,82.5,200,ask,AverageAlmonds,WavyWalnuts,1839455
2026-07-01T16:40:43.028251,2026-07-01T06:40:44.358649+00:00,82.6,10,ask,AverageAlmonds,Zijun Feng,1839470
2026-07-01T16:40:43.471098,2026-07-01T06:40:44.798661+00:00,82.7,1,bid,YieldingYams,Kelvin Chan,1839476
2026-07-01T16:40:43.688433,2026-07-01T06:40:45.018660+00:00,82.7,200,ask,YieldingYams,WavyWalnuts,1839484
2026-07-01T16:40:43.708107,2026-07-01T06:40:45.040661+00:00,82.7,20,ask,YieldingYams,BrilliantBurritos,1839485
2026-07-01T16:40:44.896266,2026-07-01T06:40:46.228661+00:00,82.6,200,ask,YieldingYams,WavyWalnuts,1839529
2026-07-01T16:40:45.059316,2026-07-01T06:40:46.392848+00:00,82.6,10,ask,YieldingYams,Zijun Feng,1839535
2026-07-01T16:40:47.406040,2026-07-01T06:40:48.734502+00:00,82.6,200,bid,YieldingYams,WavyWalnuts,1839576
2026-07-01T16:40:47.927500,2026-07-01T06:40:49.262503+00:00,82.7,20,bid,BrilliantBurritos,YieldingYams,1839583
2026-07-01T16:40:50.027755,2026-07-01T06:40:51.363045+00:00,82.5,200,ask,WavyWalnuts,YieldingYams,1839618
2026-07-01T16:40:50.027755,2026-07-01T06:40:51.363045+00:00,82.4,1,ask,Kelvin Chan,YieldingYams,1839619
2026-07-01T16:40:50.027755,2026-07-01T06:40:51.363045+00:00,82.4,424,ask,AverageAlmonds,YieldingYams,1839620
2026-07-01T16:40:52.646516,2026-07-01T06:40:53.982317+00:00,82.6,200,bid,YieldingYams,WavyWalnuts,1839651
2026-07-01T16:40:55.264330,2026-07-01T06:40:56.599547+00:00,82.7,10,bid,Zijun Feng,AverageAlmonds,1839710
2026-07-01T16:40:59.447190,2026-07-01T06:41:00.777394+00:00,82.6,200,bid,WavyWalnuts,YieldingYams,1839795
2026-07-01T16:40:59.897244,2026-07-01T06:41:01.228395+00:00,82.6,10,bid,Zijun Feng,YieldingYams,1839807
2026-07-01T16:41:00.657585,2026-07-01T06:41:01.987394+00:00,82.7,200,bid,WavyWalnuts,YieldingYams,1839821
2026-07-01T16:41:01.819242,2026-07-01T06:41:03.152827+00:00,82.7,500,bid,YieldingYams,AverageAlmonds,1839847
2026-07-01T16:41:01.869505,2026-07-01T06:41:03.196827+00:00,82.7,125,ask,YieldingYams,WavyWalnuts,1839850
2026-07-01T16:41:02.470170,2026-07-01T06:41:03.801343+00:00,82.6,20,ask,WavyWalnuts,BrilliantBurritos,1839861
2026-07-01T16:41:02.948832,2026-07-01T06:41:04.285344+00:00,82.6,10,ask,WavyWalnuts,Zijun Feng,1839871
2026-07-01T16:41:03.128958,2026-07-01T06:41:04.461343+00:00,82.6,200,ask,WavyWalnuts,YieldingYams,1839875
2026-07-01T16:41:03.970896,2026-07-01T06:41:05.297343+00:00,82.5,10,bid,Zijun Feng,YieldingYams,1839888
2026-07-01T16:41:04.282394,2026-07-01T06:41:05.616343+00:00,82.5,200,bid,WavyWalnuts,YieldingYams,1839891
2026-07-01T16:41:05.491918,2026-07-01T06:41:06.825878+00:00,82.6,200,ask,YieldingYams,WavyWalnuts,1839907
2026-07-01T16:41:06.015575,2026-07-01T06:41:07.343878+00:00,82.4,2,ask,Kelvin Chan,Zijun Feng,1839917
2026-07-01T16:41:06.015575,2026-07-01T06:41:07.343878+00:00,82.4,8,ask,WavyWalnuts,Zijun Feng,1839918
2026-07-01T16:41:06.698873,2026-07-01T06:41:08.034811+00:00,82.6,200,bid,WavyWalnuts,YieldingYams,1839927
2026-07-01T16:41:07.551419,2026-07-01T06:41:08.881825+00:00,82.6,10,ask,YieldingYams,Zijun Feng,1839953
2026-07-01T16:41:07.972891,2026-07-01T06:41:09.310824+00:00,82.6,200,ask,YieldingYams,WavyWalnuts,1839956
2026-07-01T16:41:09.682599,2026-07-01T06:41:11.019204+00:00,82.4,200,ask,WavyWalnuts,YieldingYams,1839982
2026-07-01T16:41:10.401106,2026-07-01T06:41:11.733203+00:00,82.4,20,bid,BrilliantBurritos,YieldingYams,1839996
2026-07-01T16:41:11.600168,2026-07-01T06:41:12.933760+00:00,82.3,200,ask,YieldingYams,WavyWalnuts,1840016
2026-07-01T16:41:12.312548,2026-07-01T06:41:13.648760+00:00,82.4,500,ask,AverageAlmonds,YieldingYams,1840028
2026-07-01T16:41:12.673587,2026-07-01T06:41:14.000760+00:00,82.2,125,bid,AverageAlmonds,YieldingYams,1840041
2026-07-01T16:41:12.815798,2026-07-01T06:41:14.143761+00:00,82.4,200,ask,AverageAlmonds,WavyWalnuts,1840049
2026-07-01T16:41:13.621653,2026-07-01T06:41:14.957275+00:00,82.4,51,ask,Kelvin Chan,YieldingYams,1840055
2026-07-01T16:41:13.621653,2026-07-01T06:41:14.957275+00:00,82.4,500,ask,AverageAlmonds,YieldingYams,1840056
2026-07-01T16:41:13.882972,2026-07-01T06:41:15.221275+00:00,82.3,74,bid,AverageAlmonds,YieldingYams,1840061
2026-07-01T16:41:14.929350,2026-07-01T06:41:16.258862+00:00,82.5,200,bid,YieldingYams,WavyWalnuts,1840075
2026-07-01T16:41:16.254433,2026-07-01T06:41:17.589076+00:00,82.5,200,ask,WavyWalnuts,YieldingYams,1840093
2026-07-01T16:41:16.439830,2026-07-01T06:41:17.776075+00:00,82.5,200,bid,WavyWalnuts,YieldingYams,1840095
2026-07-01T16:41:17.648663,2026-07-01T06:41:18.985316+00:00,82.5,200,ask,YieldingYams,WavyWalnuts,1840118
2026-07-01T16:41:20.075140,2026-07-01T06:41:21.404710+00:00,82.6,200,bid,WavyWalnuts,YieldingYams,1840161
2026-07-01T16:41:20.794717,2026-07-01T06:41:22.130711+00:00,82.7,6,bid,Zijun Feng,Kelvin Chan,1840174
2026-07-01T16:41:20.794717,2026-07-01T06:41:22.130711+00:00,82.7,4,bid,Zijun Feng,YieldingYams,1840175
2026-07-01T16:41:21.292450,2026-07-01T06:41:22.625709+00:00,82.6,200,ask,YieldingYams,WavyWalnuts,1840191
2026-07-01T16:41:24.115040,2026-07-01T06:41:25.452087+00:00,82.6,200,ask,WavyWalnuts,YieldingYams,1840248
2026-07-01T16:41:25.423726,2026-07-01T06:41:26.760178+00:00,82.6,10,bid,Zijun Feng,YieldingYams,1840277
2026-07-01T16:41:26.746242,2026-07-01T06:41:28.079710+00:00,82.5,200,ask,WavyWalnuts,YieldingYams,1840305
2026-07-01T16:41:26.746242,2026-07-01T06:41:28.079710+00:00,82.5,425,ask,AverageAlmonds,YieldingYams,1840306
2026-07-01T16:41:27.806245,2026-07-01T06:41:29.135723+00:00,82.5,200,bid,AverageAlmonds,WavyWalnuts,1840327
2026-07-01T16:41:28.560679,2026-07-01T06:41:29.894722+00:00,82.5,200,ask,YieldingYams,WavyWalnuts,1840350
2026-07-01T16:41:29.490632,2026-07-01T06:41:30.818722+00:00,82.5,10,ask,YieldingYams,Zijun Feng,1840364
2026-07-01T16:41:30.678520,2026-07-01T06:41:32.008103+00:00,82.5,200,ask,WavyWalnuts,YieldingYams,1840397
2026-07-01T16:41:30.975184,2026-07-01T06:41:32.304624+00:00,82.5,200,bid,WavyWalnuts,YieldingYams,1840405
2026-07-01T16:41:33.048086,2026-07-01T06:41:34.375763+00:00,82.5,10,ask,YieldingYams,Zijun Feng,1840451
2026-07-01T16:41:35.575952,2026-07-01T06:41:36.904235+00:00,82.6,3,bid,Zijun Feng,Kelvin Chan,1840504
2026-07-01T16:41:36.087112,2026-07-01T06:41:37.421246+00:00,82.6,7,bid,Zijun Feng,YieldingYams,1840521
2026-07-01T16:41:37.023797,2026-07-01T06:41:38.354445+00:00,82.6,200,bid,WavyWalnuts,YieldingYams,1840539
2026-07-01T16:41:37.230424,2026-07-01T06:41:38.563445+00:00,82.6,2,bid,YieldingYams,Kelvin Chan,1840546
2026-07-01T16:41:39.312476,2026-07-01T06:41:40.642472+00:00,82.7,500,ask,YieldingYams,AverageAlmonds,1840589
2026-07-01T16:41:39.678656,2026-07-01T06:41:41.005472+00:00,82.8,2,bid,Zijun Feng,Kelvin Chan,1840606
2026-07-01T16:41:39.856142,2026-07-01T06:41:41.192473+00:00,82.7,200,ask,WavyWalnuts,YieldingYams,1840608
2026-07-01T16:41:40.189970,2026-07-01T06:41:41.522144+00:00,82.7,8,bid,Zijun Feng,YieldingYams,1840618
2026-07-01T16:41:41.166742,2026-07-01T06:41:42.500823+00:00,82.6,500,bid,YieldingYams,AverageAlmonds,1840644
2026-07-01T16:41:41.166742,2026-07-01T06:41:42.500823+00:00,82.7,125,bid,YieldingYams,WavyWalnuts,1840645
2026-07-01T16:41:42.931839,2026-07-01T06:41:44.271413+00:00,82.6,20,bid,BrilliantBurritos,WavyWalnuts,1840690
2026-07-01T16:41:44.285264,2026-07-01T06:41:45.612648+00:00,82.5,10,ask,YieldingYams,Zijun Feng,1840714
2026-07-01T16:41:46.339670,2026-07-01T06:41:47.668727+00:00,82.5,10,ask,YieldingYams,Zijun Feng,1840746
2026-07-01T16:41:46.411537,2026-07-01T06:41:47.745727+00:00,82.6,200,bid,YieldingYams,WavyWalnuts,1840748
2026-07-01T16:41:46.411537,2026-07-01T06:41:47.745727+00:00,82.7,425,bid,YieldingYams,AverageAlmonds,1840749
2026-07-01T16:41:47.363598,2026-07-01T06:41:48.693082+00:00,82.6,10,bid,Zijun Feng,WavyWalnuts,1840768
2026-07-01T16:41:51.546970,2026-07-01T06:41:52.882838+00:00,82.4,1,ask,Kelvin Chan,WavyWalnuts,1840840
2026-07-01T16:41:51.546970,2026-07-01T06:41:52.882838+00:00,82.4,199,ask,YieldingYams,WavyWalnuts,1840841
2026-07-01T16:41:51.627615,2026-07-01T06:41:52.959848+00:00,82.6,20,bid,BrilliantBurritos,YieldingYams,1840845
2026-07-01T16:41:52.512011,2026-07-01T06:41:53.839364+00:00,82.3,10,ask,YieldingYams,Zijun Feng,1840857
2026-07-01T16:41:54.281650,2026-07-01T06:41:55.610866+00:00,82.4,200,ask,WavyWalnuts,YieldingYams,1840889
2026-07-01T16:41:55.592602,2026-07-01T06:41:56.919456+00:00,82.5,200,bid,YieldingYams,WavyWalnuts,1840920
2026-07-01T16:41:55.682265,2026-07-01T06:41:57.018456+00:00,82.5,50,ask,YieldingYams,Eric Deng,1840926
2026-07-01T16:41:55.876633,2026-07-01T06:41:57.205455+00:00,82.5,50,ask,YieldingYams,Eric Deng,1840931
2026-07-01T16:41:56.393476,2026-07-01T06:41:57.722471+00:00,82.6,200,bid,WavyWalnuts,YieldingYams,1840939
2026-07-01T16:41:56.605767,2026-07-01T06:41:57.942471+00:00,82.5,10,ask,YieldingYams,Zijun Feng,1840948
2026-07-01T16:42:00.839766,2026-07-01T06:42:02.175588+00:00,82.4,200,bid,YieldingYams,WavyWalnuts,1841054
2026-07-01T16:42:01.236156,2026-07-01T06:42:02.571598+00:00,82.4,200,ask,YieldingYams,WavyWalnuts,1841061
2026-07-01T16:42:03.718651,2026-07-01T06:42:05.045943+00:00,82.3,10,ask,AverageAlmonds,Zijun Feng,1841115
2026-07-01T16:42:04.869268,2026-07-01T06:42:06.199750+00:00,82.4,200,bid,WavyWalnuts,YieldingYams,1841133
2026-07-01T16:42:06.080580,2026-07-01T06:42:07.408851+00:00,82.4,200,bid,WavyWalnuts,YieldingYams,1841154
2026-07-01T16:42:06.086979,2026-07-01T06:42:07.419853+00:00,82.5,9,bid,YieldingYams,Kelvin Chan,1841155
2026-07-01T16:42:09.708082,2026-07-01T06:42:11.037966+00:00,82.6,9,bid,WavyWalnuts,Kelvin Chan,1841228
2026-07-01T16:42:09.708082,2026-07-01T06:42:11.048966+00:00,82.6,191,bid,WavyWalnuts,YieldingYams,1841229
2026-07-01T16:42:10.880728,2026-07-01T06:42:12.214482+00:00,82.5,20,ask,YieldingYams,BrilliantBurritos,1841254
2026-07-01T16:42:10.918074,2026-07-01T06:42:12.247482+00:00,82.6,6,bid,WavyWalnuts,Kelvin Chan,1841255
2026-07-01T16:42:12.127014,2026-07-01T06:42:13.456296+00:00,82.7,3,bid,WavyWalnuts,Kelvin Chan,1841276
2026-07-01T16:42:12.127014,2026-07-01T06:42:13.456296+00:00,82.7,197,bid,WavyWalnuts,YieldingYams,1841277
2026-07-01T16:42:13.336975,2026-07-01T06:42:14.665810+00:00,82.7,200,bid,WavyWalnuts,YieldingYams,1841301
2026-07-01T16:42:14.550553,2026-07-01T06:42:15.879682+00:00,82.8,200,bid,WavyWalnuts,YieldingYams,1841333
2026-07-01T16:42:17.539460,2026-07-01T06:42:18.875783+00:00,82.7,10,ask,YieldingYams,Zijun Feng,1841393
2026-07-01T16:42:18.074547,2026-07-01T06:42:19.403781+00:00,82.8,200,bid,AverageAlmonds,WavyWalnuts,1841403
2026-07-01T16:42:18.074547,2026-07-01T06:42:19.403781+00:00,82.8,2,bid,AverageAlmonds,Kelvin Chan,1841404
2026-07-01T16:42:18.074547,2026-07-01T06:42:19.414781+00:00,82.8,298,bid,AverageAlmonds,YieldingYams,1841405
2026-07-01T16:42:18.180429,2026-07-01T06:42:19.513782+00:00,82.8,200,bid,WavyWalnuts,YieldingYams,1841411
2026-07-01T16:42:19.196482,2026-07-01T06:42:20.523782+00:00,82.8,6,bid,YieldingYams,Kelvin Chan,1841420
2026-07-01T16:42:19.389080,2026-07-01T06:42:20.721782+00:00,83.0,200,ask,YieldingYams,WavyWalnuts,1841425
2026-07-01T16:42:19.647573,2026-07-01T06:42:20.974783+00:00,83.0,20,ask,YieldingYams,BrilliantBurritos,1841435
2026-07-01T16:42:23.135395,2026-07-01T06:42:24.471424+00:00,82.8,200,ask,WavyWalnuts,YieldingYams,1841500
2026-07-01T16:42:24.240038,2026-07-01T06:42:25.571425+00:00,82.8,200,bid,WavyWalnuts,YieldingYams,1841535
2026-07-01T16:42:24.444720,2026-07-01T06:42:25.780425+00:00,82.8,5,bid,YieldingYams,Kelvin Chan,1841543
2026-07-01T16:42:24.444720,2026-07-01T06:42:25.780425+00:00,83.0,200,bid,YieldingYams,WavyWalnuts,1841544
2026-07-01T16:42:25.450516,2026-07-01T06:42:26.781121+00:00,83.1,200,ask,YieldingYams,WavyWalnuts,1841566
2026-07-01T16:42:26.659611,2026-07-01T06:42:27.990189+00:00,83.0,6,bid,WavyWalnuts,Kelvin Chan,1841598
2026-07-01T16:42:27.066643,2026-07-01T06:42:28.397189+00:00,83.0,194,ask,WavyWalnuts,YieldingYams,1841604
2026-07-01T16:42:27.868617,2026-07-01T06:42:29.199717+00:00,82.9,5,bid,WavyWalnuts,Kelvin Chan,1841619
2026-07-01T16:42:29.091876,2026-07-01T06:42:30.421718+00:00,83.0,5,bid,WavyWalnuts,Kelvin Chan,1841652
2026-07-01T16:42:30.305963,2026-07-01T06:42:31.642234+00:00,83.0,200,ask,YieldingYams,WavyWalnuts,1841680
2026-07-01T16:42:32.325812,2026-07-01T06:42:33.654362+00:00,82.9,200,ask,WavyWalnuts,YieldingYams,1841719
2026-07-01T16:42:32.718371,2026-07-01T06:42:34.050377+00:00,82.9,200,bid,WavyWalnuts,YieldingYams,1841733
2026-07-01T16:42:33.635856,2026-07-01T06:42:34.963421+00:00,83.1,7,bid,YieldingYams,Kelvin Chan,1841747
2026-07-01T16:42:33.635856,2026-07-01T06:42:34.974420+00:00,83.1,200,bid,YieldingYams,WavyWalnuts,1841748
2026-07-01T16:42:35.034804,2026-07-01T06:42:36.370475+00:00,83.1,20,bid,BrilliantBurritos,YieldingYams,1841789
2026-07-01T16:42:35.135629,2026-07-01T06:42:36.468989+00:00,83.1,200,bid,WavyWalnuts,YieldingYams,1841793
2026-07-01T16:42:36.343848,2026-07-01T06:42:37.678023+00:00,83.0,200,bid,WavyWalnuts,YieldingYams,1841814
2026-07-01T16:42:37.553110,2026-07-01T06:42:38.888023+00:00,83.0,200,bid,WavyWalnuts,YieldingYams,1841830
2026-07-01T16:42:38.763604,2026-07-01T06:42:40.097538+00:00,83.1,200,ask,YieldingYams,WavyWalnuts,1841862
2026-07-01T16:42:40.206694,2026-07-01T06:42:41.537572+00:00,83.1,200,ask,WavyWalnuts,YieldingYams,1841881
2026-07-01T16:42:42.392679,2026-07-01T06:42:43.726638+00:00,83.1,1,ask,WavyWalnuts,Jayden Shi,1841923
2026-07-01T16:42:43.593618,2026-07-01T06:42:44.924676+00:00,83.2,1,bid,WavyWalnuts,Kelvin Chan,1841942
2026-07-01T16:42:43.630529,2026-07-01T06:42:44.957676+00:00,83.3,20,bid,BrilliantBurritos,YieldingYams,1841943
2026-07-01T16:42:44.726391,2026-07-01T06:42:46.058700+00:00,83.2,199,ask,WavyWalnuts,AverageAlmonds,1841959
2026-07-01T16:42:44.726391,2026-07-01T06:42:46.068938+00:00,83.2,301,ask,YieldingYams,AverageAlmonds,1841960
2026-07-01T16:42:46.020714,2026-07-01T06:42:47.355948+00:00,83.2,200,bid,WavyWalnuts,AverageAlmonds,1841994
2026-07-01T16:42:47.406557,2026-07-01T06:42:48.741228+00:00,83.1,1,ask,YieldingYams,Jayden Shi,1842021
2026-07-01T16:42:48.446283,2026-07-01T06:42:49.775244+00:00,83.2,3,bid,WavyWalnuts,Kelvin Chan,1842045
2026-07-01T16:42:48.446283,2026-07-01T06:42:49.775244+00:00,83.2,197,bid,WavyWalnuts,YieldingYams,1842046
2026-07-01T16:42:49.657437,2026-07-01T06:42:50.984760+00:00,83.2,4,bid,WavyWalnuts,Kelvin Chan,1842074
2026-07-01T16:42:49.657437,2026-07-01T06:42:50.995759+00:00,83.2,196,bid,WavyWalnuts,YieldingYams,1842075
2026-07-01T16:42:50.867071,2026-07-01T06:42:52.194799+00:00,83.1,200,bid,WavyWalnuts,YieldingYams,1842094
2026-07-01T16:42:51.997909,2026-07-01T06:42:53.337638+00:00,83.3,200,bid,YieldingYams,WavyWalnuts,1842125
2026-07-01T16:42:51.997909,2026-07-01T06:42:53.337638+00:00,83.3,425,bid,YieldingYams,AverageAlmonds,1842126
2026-07-01T16:42:52.421280,2026-07-01T06:42:53.756155+00:00,83.2,1,ask,WavyWalnuts,Jayden Shi,1842142
2026-07-01T16:42:53.280607,2026-07-01T06:42:54.614154+00:00,83.3,7,bid,WavyWalnuts,Kelvin Chan,1842153
2026-07-01T16:42:53.280607,2026-07-01T06:42:54.614154+00:00,83.3,193,bid,WavyWalnuts,AverageAlmonds,1842154
2026-07-01T16:42:55.796711,2026-07-01T06:42:57.133171+00:00,83.1,20,ask,YieldingYams,BrilliantBurritos,1842227
2026-07-01T16:42:57.236057,2026-07-01T06:42:58.573724+00:00,83.3,3,bid,YieldingYams,Kelvin Chan,1842260
2026-07-01T16:42:57.236057,2026-07-01T06:42:58.573724+00:00,83.3,500,bid,YieldingYams,AverageAlmonds,1842261
2026-07-01T16:42:57.236057,2026-07-01T06:42:58.573724+00:00,83.3,122,bid,YieldingYams,WavyWalnuts,1842262
2026-07-01T16:42:57.443363,2026-07-01T06:42:58.771725+00:00,83.1,1,ask,WavyWalnuts,Jayden Shi,1842268
2026-07-01T16:42:58.549929,2026-07-01T06:42:59.893725+00:00,83.2,200,ask,WavyWalnuts,YieldingYams,1842282
2026-07-01T16:42:59.332972,2026-07-01T06:43:00.663239+00:00,83.2,200,bid,WavyWalnuts,YieldingYams,1842303
2026-07-01T16:42:59.891884,2026-07-01T06:43:01.224240+00:00,83.3,200,bid,YieldingYams,WavyWalnuts,1842310
2026-07-01T16:42:59.891884,2026-07-01T06:43:01.224240+00:00,83.3,5,bid,YieldingYams,Kelvin Chan,1842311
2026-07-01T16:42:59.891884,2026-07-01T06:43:01.224240+00:00,83.3,420,bid,YieldingYams,AverageAlmonds,1842312
2026-07-01T16:43:01.209733,2026-07-01T06:43:02.543638+00:00,83.3,500,bid,YieldingYams,AverageAlmonds,1842345
2026-07-01T16:43:01.670697,2026-07-01T06:43:03.005287+00:00,83.3,125,ask,YieldingYams,AverageAlmonds,1842354
2026-07-01T16:43:02.531544,2026-07-01T06:43:03.863288+00:00,83.1,200,ask,WavyWalnuts,YieldingYams,1842375
2026-07-01T16:43:05.148836,2026-07-01T06:43:06.481847+00:00,83.1,200,bid,YieldingYams,WavyWalnuts,1842434
2026-07-01T16:43:08.460517,2026-07-01T06:43:09.791531+00:00,83.2,10,bid,Zijun Feng,YieldingYams,1842497
2026-07-01T16:43:08.936501,2026-07-01T06:43:10.264531+00:00,83.1,200,ask,WavyWalnuts,AverageAlmonds,1842508
2026-07-01T16:43:09.012651,2026-07-01T06:43:10.341531+00:00,83.0,200,ask,YieldingYams,WavyWalnuts,1842510
2026-07-01T16:43:09.087258,2026-07-01T06:43:10.418532+00:00,82.9,5,ask,Kelvin Chan,YieldingYams,1842513
2026-07-01T16:43:09.087258,2026-07-01T06:43:10.418532+00:00,82.8,200,ask,WavyWalnuts,YieldingYams,1842514
2026-07-01T16:43:10.221890,2026-07-01T06:43:11.551058+00:00,82.8,200,bid,WavyWalnuts,YieldingYams,1842533
2026-07-01T16:43:10.499238,2026-07-01T06:43:11.837068+00:00,83.0,10,bid,Zijun Feng,WavyWalnuts,1842545
2026-07-01T16:43:11.437653,2026-07-01T06:43:12.772068+00:00,82.9,6,ask,Kelvin Chan,WavyWalnuts,1842563
2026-07-01T16:43:11.437653,2026-07-01T06:43:12.772068+00:00,82.8,194,ask,YieldingYams,WavyWalnuts,1842564
2026-07-01T16:43:12.647799,2026-07-01T06:43:13.981173+00:00,82.8,200,bid,WavyWalnuts,YieldingYams,1842596
2026-07-01T16:43:14.571415,2026-07-01T06:43:15.905690+00:00,82.9,10,bid,Zijun Feng,WavyWalnuts,1842644
2026-07-01T16:43:16.274831,2026-07-01T06:43:17.609802+00:00,82.6,200,ask,YieldingYams,WavyWalnuts,1842676
2026-07-01T16:43:16.949701,2026-07-01T06:43:18.279361+00:00,82.7,500,ask,AverageAlmonds,YieldingYams,1842685
2026-07-01T16:43:17.482711,2026-07-01T06:43:18.818361+00:00,82.6,200,ask,AverageAlmonds,WavyWalnuts,1842695
2026-07-01T16:43:22.190855,2026-07-01T06:43:23.524828+00:00,82.6,500,ask,AverageAlmonds,YieldingYams,1842783
2026-07-01T16:43:22.190855,2026-07-01T06:43:23.524828+00:00,82.5,125,ask,WavyWalnuts,YieldingYams,1842784
2026-07-01T16:43:22.267972,2026-07-01T06:43:23.601828+00:00,82.7,20,bid,BrilliantBurritos,WavyWalnuts,1842786
2026-07-01T16:43:22.319486,2026-07-01T06:43:23.656827+00:00,82.6,200,ask,AverageAlmonds,WavyWalnuts,1842789
2026-07-01T16:43:23.527012,2026-07-01T06:43:24.866348+00:00,82.7,200,ask,YieldingYams,WavyWalnuts,1842811
2026-07-01T16:43:24.736895,2026-07-01T06:43:26.076374+00:00,82.7,200,ask,YieldingYams,WavyWalnuts,1842840
2026-07-01T16:43:24.831650,2026-07-01T06:43:26.163976+00:00,82.7,10,ask,Kelvin Chan,YieldingYams,1842845
2026-07-01T16:43:24.831650,2026-07-01T06:43:26.163976+00:00,82.6,500,ask,AverageAlmonds,YieldingYams,1842846
2026-07-01T16:43:25.270290,2026-07-01T06:43:26.603975+00:00,82.5,115,bid,AverageAlmonds,YieldingYams,1842855
2026-07-01T16:43:26.143323,2026-07-01T06:43:27.472989+00:00,82.6,9,ask,Kelvin Chan,YieldingYams,1842866
2026-07-01T16:43:26.143323,2026-07-01T06:43:27.483988+00:00,82.6,500,ask,AverageAlmonds,YieldingYams,1842867
2026-07-01T16:43:26.143323,2026-07-01T06:43:27.483988+00:00,82.6,116,ask,WavyWalnuts,YieldingYams,1842868
2026-07-01T16:43:28.359566,2026-07-01T06:43:29.694989+00:00,82.9,5,bid,WavyWalnuts,Kelvin Chan,1842911
2026-07-01T16:43:28.359566,2026-07-01T06:43:29.694989+00:00,82.9,195,bid,WavyWalnuts,YieldingYams,1842912
2026-07-01T16:43:30.781350,2026-07-01T06:43:32.113539+00:00,82.9,9,bid,WavyWalnuts,Kelvin Chan,1842980
2026-07-01T16:43:33.897337,2026-07-01T06:43:35.227270+00:00,82.9,10,ask,YieldingYams,Zijun Feng,1843048
2026-07-01T16:43:34.407947,2026-07-01T06:43:35.744270+00:00,83.0,4,bid,WavyWalnuts,Kelvin Chan,1843051
2026-07-01T16:43:34.407947,2026-07-01T06:43:35.744270+00:00,83.0,196,bid,WavyWalnuts,YieldingYams,1843052
2026-07-01T16:43:36.420254,2026-07-01T06:43:37.756314+00:00,82.9,10,ask,WavyWalnuts,Zijun Feng,1843089
2026-07-01T16:43:36.634272,2026-07-01T06:43:37.965315+00:00,83.0,8,bid,YieldingYams,Kelvin Chan,1843099
2026-07-01T16:43:38.967454,2026-07-01T06:43:40.296313+00:00,83.0,10,bid,Zijun Feng,WavyWalnuts,1843138
2026-07-01T16:43:39.401975,2026-07-01T06:43:40.736313+00:00,82.9,20,ask,YieldingYams,BrilliantBurritos,1843149
2026-07-01T16:43:40.580084,2026-07-01T06:43:41.913828+00:00,83.0,200,bid,YieldingYams,WavyWalnuts,1843165
2026-07-01T16:43:41.670967,2026-07-01T06:43:43.001659+00:00,83.0,200,ask,YieldingYams,WavyWalnuts,1843198
2026-07-01T16:43:41.897941,2026-07-01T06:43:43.232659+00:00,82.9,200,ask,WavyWalnuts,YieldingYams,1843204
2026-07-01T16:43:44.072541,2026-07-01T06:43:45.399173+00:00,83.0,10,bid,Zijun Feng,WavyWalnuts,1843261
2026-07-01T16:43:44.087430,2026-07-01T06:43:45.421173+00:00,83.0,200,bid,WavyWalnuts,YieldingYams,1843262
2026-07-01T16:43:45.822374,2026-07-01T06:43:47.158329+00:00,83.1,1,bid,YieldingYams,Kelvin Chan,1843297
2026-07-01T16:43:45.822374,2026-07-01T06:43:47.158329+00:00,83.1,500,bid,YieldingYams,AverageAlmonds,1843298
2026-07-01T16:43:45.822374,2026-07-01T06:43:47.158329+00:00,83.1,124,bid,YieldingYams,WavyWalnuts,1843299
2026-07-01T16:43:46.517523,2026-07-01T06:43:47.851330+00:00,83.0,200,bid,WavyWalnuts,AverageAlmonds,1843314
2026-07-01T16:43:48.446087,2026-07-01T06:43:49.775290+00:00,83.0,200,bid,WavyWalnuts,AverageAlmonds,1843343
2026-07-01T16:43:48.446087,2026-07-01T06:43:49.775290+00:00,83.0,425,bid,YieldingYams,AverageAlmonds,1843344
2026-07-01T16:43:48.627144,2026-07-01T06:43:49.962290+00:00,83.0,10,bid,Zijun Feng,AverageAlmonds,1843349
2026-07-01T16:43:48.945605,2026-07-01T06:43:50.281301+00:00,83.0,200,bid,YieldingYams,WavyWalnuts,1843354
2026-07-01T16:43:50.646858,2026-07-01T06:43:51.975324+00:00,82.9,10,bid,Zijun Feng,YieldingYams,1843404
2026-07-01T16:43:52.697331,2026-07-01T06:43:54.031354+00:00,82.9,10,bid,Zijun Feng,AverageAlmonds,1843441
2026-07-01T16:43:52.806432,2026-07-01T06:43:54.141353+00:00,82.8,20,ask,YieldingYams,BrilliantBurritos,1843442
2026-07-01T16:43:53.686545,2026-07-01T06:43:55.020870+00:00,82.8,200,ask,WavyWalnuts,YieldingYams,1843458
2026-07-01T16:43:54.756230,2026-07-01T06:43:56.087939+00:00,82.8,10,bid,Zijun Feng,YieldingYams,1843480
2026-07-01T16:43:56.282001,2026-07-01T06:43:57.616940+00:00,82.7,200,ask,YieldingYams,WavyWalnuts,1843514
2026-07-01T16:43:58.924473,2026-07-01T06:44:00.256457+00:00,82.7,200,bid,YieldingYams,WavyWalnuts,1843542
2026-07-01T16:44:00.236703,2026-07-01T06:44:01.565470+00:00,82.7,200,ask,WavyWalnuts,YieldingYams,1843566
2026-07-01T16:44:01.115305,2026-07-01T06:44:02.445827+00:00,82.6,200,ask,YieldingYams,WavyWalnuts,1843580
2026-07-01T16:44:03.536320,2026-07-01T06:44:04.867370+00:00,82.8,5,bid,WavyWalnuts,Kelvin Chan,1843616
2026-07-01T16:44:05.311715,2026-07-01T06:44:06.649018+00:00,82.9,20,bid,BrilliantBurritos,YieldingYams,1843648
2026-07-01T16:44:05.919155,2026-07-01T06:44:07.253535+00:00,82.7,10,ask,WavyWalnuts,Zijun Feng,1843661
2026-07-01T16:44:09.417387,2026-07-01T06:44:10.751535+00:00,82.6,200,ask,WavyWalnuts,YieldingYams,1843732
2026-07-01T16:44:10.497967,2026-07-01T06:44:11.829547+00:00,82.5,1,ask,Kelvin Chan,Zijun Feng,1843750
2026-07-01T16:44:10.497967,2026-07-01T06:44:11.829547+00:00,82.5,9,ask,WavyWalnuts,Zijun Feng,1843751
2026-07-01T16:44:10.810494,2026-07-01T06:44:12.137547+00:00,82.5,10,ask,Kelvin Chan,WavyWalnuts,1843762
2026-07-01T16:44:10.810494,2026-07-01T06:44:12.148547+00:00,82.5,190,ask,YieldingYams,WavyWalnuts,1843763
2026-07-01T16:44:12.023204,2026-07-01T06:44:13.358143+00:00,82.5,200,ask,YieldingYams,WavyWalnuts,1843784
2026-07-01T16:44:12.038976,2026-07-01T06:44:13.369143+00:00,82.5,11,ask,Kelvin Chan,YieldingYams,1843785
2026-07-01T16:44:13.349429,2026-07-01T06:44:14.680603+00:00,82.4,3,ask,Kelvin Chan,YieldingYams,1843819
2026-07-01T16:44:13.349429,2026-07-01T06:44:14.680603+00:00,82.4,200,ask,WavyWalnuts,YieldingYams,1843820
2026-07-01T16:44:14.058955,2026-07-01T06:44:15.394633+00:00,82.4,10,bid,Zijun Feng,YieldingYams,1843836
2026-07-01T16:44:14.659332,2026-07-01T06:44:15.988634+00:00,82.4,200,bid,YieldingYams,WavyWalnuts,1843845
2026-07-01T16:44:18.584893,2026-07-01T06:44:19.914605+00:00,82.4,10,ask,Kelvin Chan,YieldingYams,1843935
2026-07-01T16:44:18.584893,2026-07-01T06:44:19.914605+00:00,82.4,200,ask,WavyWalnuts,YieldingYams,1843936
2026-07-01T16:44:20.202641,2026-07-01T06:44:21.542605+00:00,82.5,10,bid,Zijun Feng,WavyWalnuts,1843989
2026-07-01T16:44:20.486421,2026-07-01T06:44:21.817605+00:00,82.4,200,ask,YieldingYams,WavyWalnuts,1843995
2026-07-01T16:44:21.820108,2026-07-01T06:44:23.147751+00:00,82.5,20,bid,BrilliantBurritos,WavyWalnuts,1844024
2026-07-01T16:44:22.244357,2026-07-01T06:44:23.576762+00:00,82.4,10,ask,YieldingYams,Zijun Feng,1844035
2026-07-01T16:44:23.838425,2026-07-01T06:44:25.181808+00:00,82.5,200,bid,YieldingYams,WavyWalnuts,1844074
2026-07-01T16:44:23.988006,2026-07-01T06:44:25.324808+00:00,82.5,425,ask,YieldingYams,AverageAlmonds,1844075
2026-07-01T16:44:25.147266,2026-07-01T06:44:26.479353+00:00,82.4,200,ask,WavyWalnuts,YieldingYams,1844107
2026-07-01T16:44:25.147266,2026-07-01T06:44:26.479353+00:00,82.3,2,ask,Kelvin Chan,YieldingYams,1844108
2026-07-01T16:44:25.313051,2026-07-01T06:44:26.644353+00:00,82.3,10,bid,Zijun Feng,YieldingYams,1844111
2026-07-01T16:44:26.864129,2026-07-01T06:44:28.194419+00:00,82.4,20,bid,BrilliantBurritos,YieldingYams,1844143
2026-07-01T16:44:28.972205,2026-07-01T06:44:30.306419+00:00,82.4,200,bid,WavyWalnuts,YieldingYams,1844184
2026-07-01T16:44:31.711699,2026-07-01T06:44:33.043331+00:00,82.4,500,bid,YieldingYams,AverageAlmonds,1844236
2026-07-01T16:44:31.871594,2026-07-01T06:44:33.208356+00:00,82.4,125,ask,YieldingYams,AverageAlmonds,1844242
2026-07-01T16:44:33.022795,2026-07-01T06:44:34.352356+00:00,82.3,200,ask,WavyWalnuts,YieldingYams,1844265
2026-07-01T16:44:34.332536,2026-07-01T06:44:35.662367+00:00,82.3,200,bid,YieldingYams,WavyWalnuts,1844301
2026-07-01T16:44:34.332536,2026-07-01T06:44:35.662367+00:00,82.3,425,bid,YieldingYams,AverageAlmonds,1844302
2026-07-01T16:44:34.681801,2026-07-01T06:44:36.014387+00:00,82.2,1,ask,Kelvin Chan,BrilliantBurritos,1844310
2026-07-01T16:44:34.681801,2026-07-01T06:44:36.014387+00:00,82.2,19,ask,WavyWalnuts,BrilliantBurritos,1844311
2026-07-01T16:44:34.890554,2026-07-01T06:44:36.222221+00:00,82.2,181,ask,WavyWalnuts,AverageAlmonds,1844327
2026-07-01T16:44:34.943832,2026-07-01T06:44:36.277221+00:00,82.2,10,bid,Zijun Feng,AverageAlmonds,1844330
2026-07-01T16:44:35.020447,2026-07-01T06:44:36.354223+00:00,82.2,200,bid,WavyWalnuts,AverageAlmonds,1844334
2026-07-01T16:44:36.958882,2026-07-01T06:44:38.299702+00:00,82.2,200,bid,YieldingYams,WavyWalnuts,1844370
2026-07-01T16:44:37.442474,2026-07-01T06:44:38.772702+00:00,82.2,200,ask,YieldingYams,WavyWalnuts,1844388
