timestamp,recv_time,price,volume,aggressor_side,buyer,seller,trade_id
2026-07-01T18:00:01.554687,2026-07-01T18:00:01.568915+00:00,84.4,200,ask,YieldingYams,WavyWalnuts,2738805
2026-07-01T18:00:01.635835,2026-07-01T18:00:01.647223+00:00,84.6,20,bid,BrilliantBurritos,YieldingYams,2738808
2026-07-01T18:00:03.186740,2026-07-01T18:00:03.195561+00:00,84.3,200,ask,WavyWalnuts,YieldingYams,2738842
2026-07-01T18:00:08.824378,2026-07-01T18:00:08.831150+00:00,84.4,200,bid,WavyWalnuts,YieldingYams,2738965
2026-07-01T18:00:09.664625,2026-07-01T18:00:09.676016+00:00,84.4,20,bid,BrilliantBurritos,YieldingYams,2738986
2026-07-01T18:00:12.151058,2026-07-01T18:00:12.158537+00:00,84.4,20,bid,BrilliantBurritos,YieldingYams,2739051
2026-07-01T18:00:16.291448,2026-07-01T18:00:16.301299+00:00,84.2,200,bid,YieldingYams,WavyWalnuts,2739122
2026-07-01T18:00:17.195313,2026-07-01T18:00:17.206366+00:00,84.4,50,bid,Chester Au,YieldingYams,2739147
2026-07-01T18:00:17.202286,2026-07-01T18:00:17.206366+00:00,84.4,14,bid,Xuanyu Liu,YieldingYams,2739149
2026-07-01T18:00:18.090559,2026-07-01T18:00:18.095164+00:00,84.3,5,ask,WavyWalnuts,Xuanyu Liu,2739163
2026-07-01T18:00:18.096343,2026-07-01T18:00:18.100695+00:00,84.3,5,ask,WavyWalnuts,Xuanyu Liu,2739164
2026-07-01T18:00:21.541911,2026-07-01T18:00:21.545027+00:00,84.2,200,ask,WavyWalnuts,YieldingYams,2739235
2026-07-01T18:00:23.348951,2026-07-01T18:00:23.369223+00:00,84.1,1,ask,Kelvin Chan,WavyWalnuts,2739269
2026-07-01T18:00:23.348951,2026-07-01T18:00:23.369223+00:00,84.1,199,ask,YieldingYams,WavyWalnuts,2739270
2026-07-01T18:00:23.410697,2026-07-01T18:00:23.417474+00:00,84.2,20,bid,BrilliantBurritos,YieldingYams,2739274
2026-07-01T18:00:25.468919,2026-07-01T18:00:25.478706+00:00,84.1,200,ask,WavyWalnuts,YieldingYams,2739322
2026-07-01T18:00:29.790942,2026-07-01T18:00:29.794600+00:00,84.2,22,bid,Xuanyu Liu,WavyWalnuts,2739401
2026-07-01T18:00:30.212338,2026-07-01T18:00:30.220874+00:00,84.2,20,bid,BrilliantBurritos,WavyWalnuts,2739408
2026-07-01T18:00:30.614019,2026-07-01T18:00:30.621719+00:00,84.2,200,bid,WavyWalnuts,YieldingYams,2739420
2026-07-01T18:00:33.031752,2026-07-01T18:00:33.058643+00:00,84.2,200,ask,YieldingYams,WavyWalnuts,2739466
2026-07-01T18:00:34.238695,2026-07-01T18:00:34.264232+00:00,84.3,2,bid,WavyWalnuts,Kelvin Chan,2739502
2026-07-01T18:00:34.238695,2026-07-01T18:00:34.264232+00:00,84.3,198,bid,WavyWalnuts,YieldingYams,2739503
2026-07-01T18:00:34.649050,2026-07-01T18:00:34.658571+00:00,84.3,500,bid,YieldingYams,AverageAlmonds,2739512
2026-07-01T18:00:34.784358,2026-07-01T18:00:34.791346+00:00,84.3,125,ask,YieldingYams,AverageAlmonds,2739515
2026-07-01T18:00:35.958911,2026-07-01T18:00:35.970328+00:00,84.1,200,ask,WavyWalnuts,YieldingYams,2739536
2026-07-01T18:00:36.258218,2026-07-01T18:00:36.269829+00:00,84.1,20,bid,BrilliantBurritos,YieldingYams,2739547
2026-07-01T18:00:36.664775,2026-07-01T18:00:36.674296+00:00,84.1,200,bid,WavyWalnuts,YieldingYams,2739555
2026-07-01T18:00:40.311346,2026-07-01T18:00:40.319185+00:00,84.1,200,bid,WavyWalnuts,YieldingYams,2739620
2026-07-01T18:00:41.522856,2026-07-01T18:00:41.529242+00:00,84.1,200,bid,WavyWalnuts,YieldingYams,2739658
2026-07-01T18:00:42.494655,2026-07-01T18:00:42.498026+00:00,84.0,4,ask,Kelvin Chan,Xuanyu Liu,2739671
2026-07-01T18:00:42.524117,2026-07-01T18:00:42.527370+00:00,84.2,22,ask,YieldingYams,Xuanyu Liu,2739675
2026-07-01T18:00:43.948176,2026-07-01T18:00:43.964416+00:00,84.2,200,ask,YieldingYams,WavyWalnuts,2739709
2026-07-01T18:00:45.154619,2026-07-01T18:00:45.163616+00:00,84.2,200,bid,WavyWalnuts,YieldingYams,2739726
2026-07-01T18:00:45.535604,2026-07-01T18:00:45.544154+00:00,84.2,20,bid,BrilliantBurritos,YieldingYams,2739739
2026-07-01T18:00:49.992336,2026-07-01T18:00:50.001857+00:00,84.1,200,ask,YieldingYams,WavyWalnuts,2739836
2026-07-01T18:00:51.200576,2026-07-01T18:00:51.208426+00:00,84.1,200,ask,YieldingYams,WavyWalnuts,2739866
2026-07-01T18:00:53.430402,2026-07-01T18:00:53.442023+00:00,84.2,20,bid,BrilliantBurritos,AverageAlmonds,2739914
2026-07-01T18:00:53.613259,2026-07-01T18:00:53.621370+00:00,84.2,200,bid,WavyWalnuts,YieldingYams,2739918
2026-07-01T18:00:54.803917,2026-07-01T18:00:54.811958+00:00,84.1,500,ask,YieldingYams,AverageAlmonds,2739954
2026-07-01T18:00:55.393899,2026-07-01T18:00:55.401794+00:00,84.1,125,ask,YieldingYams,AverageAlmonds,2739964
2026-07-01T18:00:55.393899,2026-07-01T18:00:55.440795+00:00,84.1,200,ask,WavyWalnuts,AverageAlmonds,2739965
2026-07-01T18:00:55.437281,2026-07-01T18:00:55.440795+00:00,84.1,14,bid,Xuanyu Liu,AverageAlmonds,2739973
2026-07-01T18:00:56.582632,2026-07-01T18:00:56.593907+00:00,84.1,20,bid,BrilliantBurritos,YieldingYams,2739997
2026-07-01T18:00:57.276057,2026-07-01T18:00:57.280084+00:00,84.0,12,bid,Xuanyu Liu,WavyWalnuts,2740014
2026-07-01T18:00:58.081747,2026-07-01T18:00:58.093453+00:00,84.0,20,bid,BrilliantBurritos,WavyWalnuts,2740034
2026-07-01T18:00:58.235253,2026-07-01T18:00:58.243379+00:00,84.0,168,bid,YieldingYams,WavyWalnuts,2740043
2026-07-01T18:00:59.017115,2026-07-01T18:00:59.028535+00:00,84.0,457,ask,YieldingYams,AverageAlmonds,2740057
2026-07-01T18:00:59.017115,2026-07-01T18:00:59.028535+00:00,84.0,43,ask,WavyWalnuts,AverageAlmonds,2740058
2026-07-01T18:00:59.256295,2026-07-01T18:00:59.263689+00:00,84.0,20,ask,WavyWalnuts,BrilliantBurritos,2740061
2026-07-01T18:00:59.559668,2026-07-01T18:00:59.569281+00:00,84.0,137,ask,WavyWalnuts,YieldingYams,2740074
2026-07-01T18:00:59.559668,2026-07-01T18:00:59.569281+00:00,83.9,3,ask,Kelvin Chan,YieldingYams,2740075
2026-07-01T18:00:59.679195,2026-07-01T18:00:59.690914+00:00,83.9,200,bid,WavyWalnuts,YieldingYams,2740080
2026-07-01T18:01:00.086825,2026-07-01T18:01:00.098215+00:00,83.9,20,bid,BrilliantBurritos,YieldingYams,2740091
2026-07-01T18:01:03.306975,2026-07-01T18:01:03.318032+00:00,83.8,1,ask,Kelvin Chan,WavyWalnuts,2740144
2026-07-01T18:01:05.731439,2026-07-01T18:01:05.764432+00:00,83.7,200,ask,AverageAlmonds,WavyWalnuts,2740198
2026-07-01T18:01:06.361489,2026-07-01T18:01:06.369001+00:00,83.8,20,bid,BrilliantBurritos,YieldingYams,2740214
2026-07-01T18:01:08.159781,2026-07-01T18:01:08.169468+00:00,83.7,200,ask,YieldingYams,WavyWalnuts,2740250
2026-07-01T18:01:10.574700,2026-07-01T18:01:10.581082+00:00,83.7,3,ask,Kelvin Chan,WavyWalnuts,2740282
2026-07-01T18:01:10.991096,2026-07-01T18:01:11.002548+00:00,83.7,20,bid,BrilliantBurritos,WavyWalnuts,2740289
2026-07-01T18:01:14.020507,2026-07-01T18:01:14.040383+00:00,83.7,200,bid,YieldingYams,WavyWalnuts,2740355
2026-07-01T18:01:14.036586,2026-07-01T18:01:14.040383+00:00,83.7,12,ask,YieldingYams,Xuanyu Liu,2740357
2026-07-01T18:01:16.639462,2026-07-01T18:01:16.658859+00:00,83.6,200,ask,WavyWalnuts,YieldingYams,2740403
2026-07-01T18:01:16.639462,2026-07-01T18:01:16.658859+00:00,83.6,3,ask,Kelvin Chan,YieldingYams,2740404
2026-07-01T18:01:17.872622,2026-07-01T18:01:17.880437+00:00,83.5,200,ask,YieldingYams,WavyWalnuts,2740427
2026-07-01T18:01:17.949217,2026-07-01T18:01:17.964053+00:00,83.5,3,ask,Kelvin Chan,YieldingYams,2740430
2026-07-01T18:01:20.313578,2026-07-01T18:01:20.317159+00:00,83.5,11,ask,YieldingYams,Xuanyu Liu,2740482
2026-07-01T18:01:20.578677,2026-07-01T18:01:20.588799+00:00,83.5,1,ask,Kelvin Chan,YieldingYams,2740487
2026-07-01T18:01:22.726672,2026-07-01T18:01:22.738276+00:00,83.5,200,ask,YieldingYams,WavyWalnuts,2740525
2026-07-01T18:01:23.664403,2026-07-01T18:01:23.669823+00:00,83.4,3,ask,Kelvin Chan,Xuanyu Liu,2740538
2026-07-01T18:01:23.933408,2026-07-01T18:01:23.941875+00:00,83.5,200,bid,WavyWalnuts,YieldingYams,2740542
2026-07-01T18:01:25.822047,2026-07-01T18:01:25.832800+00:00,83.6,200,bid,YieldingYams,WavyWalnuts,2740579
2026-07-01T18:01:25.843689,2026-07-01T18:01:25.864445+00:00,83.6,147,ask,YieldingYams,Chester Au,2740582
2026-07-01T18:01:26.348859,2026-07-01T18:01:26.364084+00:00,83.6,200,ask,YieldingYams,WavyWalnuts,2740595
2026-07-01T18:01:27.154173,2026-07-01T18:01:27.169253+00:00,83.5,147,bid,Chester Au,YieldingYams,2740614
2026-07-01T18:01:27.165002,2026-07-01T18:01:27.169253+00:00,83.5,14,bid,Xuanyu Liu,YieldingYams,2740616
2026-07-01T18:01:27.555177,2026-07-01T18:01:27.564052+00:00,83.5,200,bid,WavyWalnuts,YieldingYams,2740622
2026-07-01T18:01:28.764320,2026-07-01T18:01:28.773969+00:00,83.5,200,ask,YieldingYams,WavyWalnuts,2740642
2026-07-01T18:01:29.749150,2026-07-01T18:01:29.764223+00:00,83.4,2,ask,Kelvin Chan,YieldingYams,2740671
2026-07-01T18:01:29.749150,2026-07-01T18:01:29.764223+00:00,83.4,500,ask,AverageAlmonds,YieldingYams,2740672
2026-07-01T18:01:29.901997,2026-07-01T18:01:29.908816+00:00,83.4,123,bid,AverageAlmonds,YieldingYams,2740676
2026-07-01T18:01:29.990990,2026-07-01T18:01:29.994324+00:00,83.4,14,ask,AverageAlmonds,Xuanyu Liu,2740679
2026-07-01T18:01:31.056102,2026-07-01T18:01:31.058587+00:00,83.5,200,bid,YieldingYams,WavyWalnuts,2740700
2026-07-01T18:01:31.185665,2026-07-01T18:01:31.195874+00:00,83.6,200,ask,YieldingYams,WavyWalnuts,2740702
2026-07-01T18:01:31.398803,2026-07-01T18:01:31.405565+00:00,83.7,2,bid,BrilliantBurritos,Kelvin Chan,2740703
2026-07-01T18:01:33.607817,2026-07-01T18:01:33.617183+00:00,83.6,200,bid,WavyWalnuts,YieldingYams,2740749
2026-07-01T18:01:34.832446,2026-07-01T18:01:34.842370+00:00,83.7,200,ask,YieldingYams,WavyWalnuts,2740770
2026-07-01T18:01:36.353476,2026-07-01T18:01:36.358595+00:00,83.6,150,ask,WavyWalnuts,Chester Au,2740801
2026-07-01T18:01:37.667198,2026-07-01T18:01:37.675854+00:00,83.6,500,ask,AverageAlmonds,YieldingYams,2740828
2026-07-01T18:01:37.667198,2026-07-01T18:01:37.675854+00:00,83.6,125,ask,WavyWalnuts,YieldingYams,2740829
2026-07-01T18:01:39.680693,2026-07-01T18:01:39.690948+00:00,83.7,200,ask,YieldingYams,WavyWalnuts,2740877
2026-07-01T18:01:43.309953,2026-07-01T18:01:43.320481+00:00,83.8,5,bid,WavyWalnuts,Kelvin Chan,2740956
2026-07-01T18:01:43.309953,2026-07-01T18:01:43.320481+00:00,83.8,195,bid,WavyWalnuts,YieldingYams,2740957
2026-07-01T18:01:44.221651,2026-07-01T18:01:44.227950+00:00,83.8,10,bid,YieldingYams,Kelvin Chan,2740970
2026-07-01T18:01:44.246699,2026-07-01T18:01:44.264022+00:00,83.9,5,ask,YieldingYams,Chester Au,2740974
2026-07-01T18:01:44.525266,2026-07-01T18:01:44.531698+00:00,83.9,200,ask,YieldingYams,WavyWalnuts,2740976
2026-07-01T18:01:44.558153,2026-07-01T18:01:44.569036+00:00,84.0,20,bid,BrilliantBurritos,AverageAlmonds,2740977
2026-07-01T18:01:45.071763,2026-07-01T18:01:45.079535+00:00,83.9,410,ask,YieldingYams,AverageAlmonds,2740987
2026-07-01T18:01:46.846837,2026-07-01T18:01:46.863981+00:00,83.7,200,ask,WavyWalnuts,YieldingYams,2741022
2026-07-01T18:01:46.889625,2026-07-01T18:01:46.900708+00:00,83.6,78,bid,Chester Au,YieldingYams,2741024
2026-07-01T18:01:46.938057,2026-07-01T18:01:46.963631+00:00,83.6,200,bid,WavyWalnuts,YieldingYams,2741025
2026-07-01T18:01:47.472529,2026-07-01T18:01:47.479723+00:00,83.6,147,bid,AverageAlmonds,YieldingYams,2741040
2026-07-01T18:01:48.149036,2026-07-01T18:01:48.142569+00:00,83.6,200,ask,AverageAlmonds,WavyWalnuts,2741054
2026-07-01T18:01:49.475391,2026-07-01T18:01:49.484470+00:00,83.6,500,ask,AverageAlmonds,YieldingYams,2741082
2026-07-01T18:01:49.475391,2026-07-01T18:01:49.484470+00:00,83.6,125,ask,WavyWalnuts,YieldingYams,2741083
2026-07-01T18:01:49.506069,2026-07-01T18:01:49.517376+00:00,83.7,20,bid,BrilliantBurritos,WavyWalnuts,2741084
2026-07-01T18:01:50.784386,2026-07-01T18:01:50.791192+00:00,83.7,200,bid,YieldingYams,WavyWalnuts,2741114
2026-07-01T18:01:50.784386,2026-07-01T18:01:50.796734+00:00,83.8,8,bid,YieldingYams,Kelvin Chan,2741115
2026-07-01T18:01:51.773789,2026-07-01T18:01:51.777911+00:00,83.9,200,ask,YieldingYams,WavyWalnuts,2741135
2026-07-01T18:01:52.124249,2026-07-01T18:01:52.127545+00:00,83.8,3,bid,Xuanyu Liu,YieldingYams,2741148
2026-07-01T18:01:53.407030,2026-07-01T18:01:53.427104+00:00,83.7,200,ask,WavyWalnuts,YieldingYams,2741172
2026-07-01T18:01:53.423627,2026-07-01T18:01:53.427104+00:00,83.7,11,bid,Xuanyu Liu,YieldingYams,2741174
2026-07-01T18:01:53.426237,2026-07-01T18:01:53.447798+00:00,83.7,90,bid,Chester Au,YieldingYams,2741175
2026-07-01T18:01:54.717036,2026-07-01T18:01:54.723968+00:00,83.6,200,bid,YieldingYams,WavyWalnuts,2741194
2026-07-01T18:01:55.293407,2026-07-01T18:01:55.297104+00:00,83.6,14,ask,YieldingYams,Xuanyu Liu,2741208
2026-07-01T18:01:55.401203,2026-07-01T18:01:55.410832+00:00,83.6,200,ask,YieldingYams,WavyWalnuts,2741212
2026-07-01T18:01:56.608620,2026-07-01T18:01:56.618565+00:00,83.6,200,ask,AverageAlmonds,WavyWalnuts,2741234
2026-07-01T18:01:57.832525,2026-07-01T18:01:57.858575+00:00,83.6,200,ask,AverageAlmonds,WavyWalnuts,2741255
2026-07-01T18:01:59.042282,2026-07-01T18:01:59.058660+00:00,83.6,200,ask,YieldingYams,WavyWalnuts,2741279
2026-07-01T18:02:00.258494,2026-07-01T18:02:00.270079+00:00,83.6,200,ask,AverageAlmonds,WavyWalnuts,2741302
2026-07-01T18:02:01.433223,2026-07-01T18:02:01.443900+00:00,83.6,500,bid,AverageAlmonds,YieldingYams,2741327
2026-07-01T18:02:02.022975,2026-07-01T18:02:02.033005+00:00,83.6,125,bid,AverageAlmonds,YieldingYams,2741344
2026-07-01T18:02:02.022975,2026-07-01T18:02:02.033005+00:00,83.6,200,bid,AverageAlmonds,WavyWalnuts,2741345
2026-07-01T18:02:02.585168,2026-07-01T18:02:02.608698+00:00,83.8,4,bid,YieldingYams,Kelvin Chan,2741368
2026-07-01T18:02:02.604765,2026-07-01T18:02:02.608698+00:00,83.9,3,ask,YieldingYams,Xuanyu Liu,2741370
2026-07-01T18:02:02.607882,2026-07-01T18:02:02.624278+00:00,83.9,100,ask,YieldingYams,Chester Au,2741371
2026-07-01T18:02:02.675741,2026-07-01T18:02:02.685059+00:00,83.9,200,ask,YieldingYams,WavyWalnuts,2741372
2026-07-01T18:02:03.725011,2026-07-01T18:02:03.732321+00:00,83.9,4,ask,YieldingYams,Chester Au,2741389
2026-07-01T18:02:03.882829,2026-07-01T18:02:03.890099+00:00,83.9,200,ask,YieldingYams,WavyWalnuts,2741392
2026-07-01T18:02:04.218629,2026-07-01T18:02:04.226380+00:00,83.7,20,bid,BrilliantBurritos,YieldingYams,2741397
2026-07-01T18:02:04.439464,2026-07-01T18:02:04.448494+00:00,83.7,500,bid,AverageAlmonds,YieldingYams,2741398
2026-07-01T18:02:04.534623,2026-07-01T18:02:04.543542+00:00,83.7,3,bid,Xuanyu Liu,YieldingYams,2741404
2026-07-01T18:02:04.765588,2026-07-01T18:02:04.769452+00:00,83.7,3,bid,Xuanyu Liu,YieldingYams,2741415
2026-07-01T18:02:05.035702,2026-07-01T18:02:05.044327+00:00,83.7,99,bid,AverageAlmonds,YieldingYams,2741420
2026-07-01T18:02:05.218210,2026-07-01T18:02:05.227463+00:00,83.8,6,bid,YieldingYams,Kelvin Chan,2741425
2026-07-01T18:02:05.218210,2026-07-01T18:02:05.227463+00:00,83.8,200,bid,YieldingYams,WavyWalnuts,2741426
2026-07-01T18:02:05.575264,2026-07-01T18:02:05.583665+00:00,83.9,20,ask,YieldingYams,BrilliantBurritos,2741429
2026-07-01T18:02:06.302249,2026-07-01T18:02:06.310976+00:00,83.9,200,ask,YieldingYams,WavyWalnuts,2741453
2026-07-01T18:02:09.155931,2026-07-01T18:02:09.168915+00:00,83.7,200,ask,WavyWalnuts,YieldingYams,2741515
2026-07-01T18:02:09.936821,2026-07-01T18:02:09.958642+00:00,83.7,200,bid,WavyWalnuts,YieldingYams,2741526
2026-07-01T18:02:11.782234,2026-07-01T18:02:11.816148+00:00,83.8,200,bid,YieldingYams,WavyWalnuts,2741563
2026-07-01T18:02:11.811775,2026-07-01T18:02:11.816148+00:00,83.9,3,ask,YieldingYams,Xuanyu Liu,2741565
2026-07-01T18:02:13.091303,2026-07-01T18:02:13.099378+00:00,84.0,5,bid,YieldingYams,Kelvin Chan,2741582
2026-07-01T18:02:13.091303,2026-07-01T18:02:13.099378+00:00,84.0,200,bid,YieldingYams,WavyWalnuts,2741583
2026-07-01T18:02:14.407933,2026-07-01T18:02:14.414441+00:00,84.0,200,ask,WavyWalnuts,YieldingYams,2741602
2026-07-01T18:02:15.715289,2026-07-01T18:02:15.725242+00:00,83.9,4,bid,YieldingYams,Kelvin Chan,2741623
2026-07-01T18:02:15.715289,2026-07-01T18:02:15.725242+00:00,84.0,200,bid,YieldingYams,WavyWalnuts,2741624
2026-07-01T18:02:16.921811,2026-07-01T18:02:16.933306+00:00,84.0,20,ask,YieldingYams,BrilliantBurritos,2741648
2026-07-01T18:02:18.415267,2026-07-01T18:02:18.423711+00:00,84.0,200,bid,WavyWalnuts,YieldingYams,2741665
2026-07-01T18:02:20.991352,2026-07-01T18:02:21.001643+00:00,83.9,200,bid,YieldingYams,WavyWalnuts,2741709
2026-07-01T18:02:22.048734,2026-07-01T18:02:22.058606+00:00,84.0,200,bid,WavyWalnuts,YieldingYams,2741728
2026-07-01T18:02:23.275625,2026-07-01T18:02:23.279446+00:00,84.0,3,ask,WavyWalnuts,Xuanyu Liu,2741756
2026-07-01T18:02:24.933819,2026-07-01T18:02:24.941096+00:00,84.1,200,ask,WavyWalnuts,YieldingYams,2741796
2026-07-01T18:02:25.673517,2026-07-01T18:02:25.684596+00:00,84.1,200,bid,WavyWalnuts,YieldingYams,2741804
2026-07-01T18:02:27.575755,2026-07-01T18:02:27.583121+00:00,84.1,200,ask,WavyWalnuts,YieldingYams,2741825
2026-07-01T18:02:28.887057,2026-07-01T18:02:28.896566+00:00,84.1,200,bid,YieldingYams,WavyWalnuts,2741853
2026-07-01T18:02:30.203260,2026-07-01T18:02:30.210752+00:00,84.0,200,ask,WavyWalnuts,YieldingYams,2741882
2026-07-01T18:02:30.500351,2026-07-01T18:02:30.506758+00:00,83.9,200,bid,WavyWalnuts,YieldingYams,2741884
2026-07-01T18:02:30.511157,2026-07-01T18:02:30.522642+00:00,83.7,10,ask,Kelvin Chan,BrilliantBurritos,2741885
2026-07-01T18:02:30.511157,2026-07-01T18:02:30.522642+00:00,83.7,10,ask,YieldingYams,BrilliantBurritos,2741886
2026-07-01T18:02:32.935715,2026-07-01T18:02:32.946101+00:00,84.0,200,bid,WavyWalnuts,YieldingYams,2741932
2026-07-01T18:02:39.013669,2026-07-01T18:02:39.024285+00:00,84.0,200,bid,WavyWalnuts,YieldingYams,2742049
2026-07-01T18:02:39.819561,2026-07-01T18:02:39.827498+00:00,84.1,20,bid,BrilliantBurritos,YieldingYams,2742068
2026-07-01T18:02:40.703830,2026-07-01T18:02:40.711588+00:00,84.0,200,ask,WavyWalnuts,YieldingYams,2742081
2026-07-01T18:02:41.449143,2026-07-01T18:02:41.469126+00:00,83.9,200,ask,YieldingYams,WavyWalnuts,2742100
2026-07-01T18:02:41.973938,2026-07-01T18:02:41.981455+00:00,84.0,425,bid,AverageAlmonds,YieldingYams,2742109
2026-07-01T18:02:42.669822,2026-07-01T18:02:42.679423+00:00,84.0,200,ask,YieldingYams,WavyWalnuts,2742121
2026-07-01T18:02:43.324192,2026-07-01T18:02:43.331082+00:00,84.0,500,ask,AverageAlmonds,YieldingYams,2742139
2026-07-01T18:02:43.875609,2026-07-01T18:02:43.886664+00:00,84.0,125,bid,WavyWalnuts,YieldingYams,2742145
2026-07-01T18:02:44.630965,2026-07-01T18:02:44.653130+00:00,84.1,200,bid,YieldingYams,WavyWalnuts,2742168
2026-07-01T18:02:44.648960,2026-07-01T18:02:44.653130+00:00,84.1,2,ask,YieldingYams,Xuanyu Liu,2742170
2026-07-01T18:02:49.088706,2026-07-01T18:02:49.091963+00:00,84.1,5,bid,Xuanyu Liu,YieldingYams,2742250
2026-07-01T18:02:49.937334,2026-07-01T18:02:49.964357+00:00,84.1,200,bid,WavyWalnuts,YieldingYams,2742281
2026-07-01T18:02:55.141070,2026-07-01T18:02:55.150455+00:00,84.0,200,bid,YieldingYams,WavyWalnuts,2742380
2026-07-01T18:02:55.189050,2026-07-01T18:02:55.192745+00:00,84.0,14,ask,YieldingYams,Xuanyu Liu,2742383
2026-07-01T18:02:56.004647,2026-07-01T18:02:56.009018+00:00,84.1,12,ask,WavyWalnuts,Xuanyu Liu,2742403
2026-07-01T18:02:57.201038,2026-07-01T18:02:57.208719+00:00,84.2,1,bid,WavyWalnuts,Kelvin Chan,2742425
2026-07-01T18:02:57.201038,2026-07-01T18:02:57.213704+00:00,84.2,199,bid,WavyWalnuts,YieldingYams,2742426
2026-07-01T18:02:58.410735,2026-07-01T18:02:58.419701+00:00,84.2,7,bid,WavyWalnuts,Kelvin Chan,2742451
2026-07-01T18:02:59.268965,2026-07-01T18:02:59.280206+00:00,84.3,6,bid,BrilliantBurritos,Kelvin Chan,2742467
2026-07-01T18:03:04.309264,2026-07-01T18:03:04.315959+00:00,84.3,3,bid,YieldingYams,Kelvin Chan,2742572
2026-07-01T18:03:04.309264,2026-07-01T18:03:04.320944+00:00,84.3,500,bid,YieldingYams,AverageAlmonds,2742573
2026-07-01T18:03:04.376963,2026-07-01T18:03:04.386089+00:00,84.3,122,ask,YieldingYams,AverageAlmonds,2742574
2026-07-01T18:03:04.376963,2026-07-01T18:03:04.386089+00:00,84.2,200,ask,WavyWalnuts,AverageAlmonds,2742575
2026-07-01T18:03:06.933469,2026-07-01T18:03:06.942129+00:00,84.3,3,bid,YieldingYams,Kelvin Chan,2742618
2026-07-01T18:03:06.933469,2026-07-01T18:03:06.942129+00:00,84.3,500,bid,YieldingYams,AverageAlmonds,2742619
2026-07-01T18:03:06.933469,2026-07-01T18:03:06.947574+00:00,84.3,122,bid,YieldingYams,WavyWalnuts,2742620
2026-07-01T18:03:08.250862,2026-07-01T18:03:08.253994+00:00,84.2,200,ask,WavyWalnuts,YieldingYams,2742662
2026-07-01T18:03:16.126081,2026-07-01T18:03:16.132626+00:00,84.1,200,ask,WavyWalnuts,YieldingYams,2742800
2026-07-01T18:03:16.596811,2026-07-01T18:03:16.599682+00:00,84.1,200,bid,WavyWalnuts,YieldingYams,2742810
2026-07-01T18:03:17.807836,2026-07-01T18:03:17.818732+00:00,84.3,5,bid,WavyWalnuts,Kelvin Chan,2742828
2026-07-01T18:03:20.058946,2026-07-01T18:03:20.068969+00:00,84.3,200,ask,WavyWalnuts,YieldingYams,2742873
2026-07-01T18:03:20.226475,2026-07-01T18:03:20.235993+00:00,84.2,200,bid,WavyWalnuts,YieldingYams,2742877
2026-07-01T18:03:21.471094,2026-07-01T18:03:21.482495+00:00,84.2,20,ask,WavyWalnuts,BrilliantBurritos,2742909
2026-07-01T18:03:22.644005,2026-07-01T18:03:22.664107+00:00,84.3,3,bid,WavyWalnuts,Kelvin Chan,2742943
2026-07-01T18:03:22.644005,2026-07-01T18:03:22.664107+00:00,84.3,197,bid,WavyWalnuts,YieldingYams,2742944
2026-07-01T18:03:23.856905,2026-07-01T18:03:23.868689+00:00,84.3,10,bid,WavyWalnuts,Kelvin Chan,2742963
2026-07-01T18:03:27.490095,2026-07-01T18:03:27.497178+00:00,84.2,200,bid,WavyWalnuts,YieldingYams,2743037
2026-07-01T18:03:28.175610,2026-07-01T18:03:28.187058+00:00,84.1,20,ask,YieldingYams,BrilliantBurritos,2743046
2026-07-01T18:03:29.250524,2026-07-01T18:03:29.258590+00:00,84.2,200,ask,WavyWalnuts,YieldingYams,2743087
2026-07-01T18:03:29.907561,2026-07-01T18:03:29.917003+00:00,84.1,200,bid,WavyWalnuts,YieldingYams,2743099
2026-07-01T18:03:29.933093,2026-07-01T18:03:29.937033+00:00,84.1,12,bid,Xuanyu Liu,YieldingYams,2743101
2026-07-01T18:03:33.287526,2026-07-01T18:03:33.298887+00:00,84.1,20,bid,BrilliantBurritos,YieldingYams,2743185
2026-07-01T18:03:33.364185,2026-07-01T18:03:33.368075+00:00,84.1,14,bid,Xuanyu Liu,YieldingYams,2743188
2026-07-01T18:03:33.885312,2026-07-01T18:03:33.896746+00:00,84.0,1,ask,Kelvin Chan,BrilliantBurritos,2743195
2026-07-01T18:03:33.885312,2026-07-01T18:03:33.896746+00:00,84.0,19,ask,AverageAlmonds,BrilliantBurritos,2743196
2026-07-01T18:03:34.770621,2026-07-01T18:03:34.779070+00:00,84.2,200,bid,WavyWalnuts,YieldingYams,2743206
2026-07-01T18:03:35.789908,2026-07-01T18:03:35.798419+00:00,84.3,200,bid,YieldingYams,WavyWalnuts,2743235
2026-07-01T18:03:35.981946,2026-07-01T18:03:35.989998+00:00,84.3,200,ask,YieldingYams,WavyWalnuts,2743237
2026-07-01T18:03:45.661035,2026-07-01T18:03:45.671619+00:00,84.0,4,ask,Kelvin Chan,BrilliantBurritos,2743421
2026-07-01T18:03:45.661035,2026-07-01T18:03:45.671619+00:00,84.0,16,ask,YieldingYams,BrilliantBurritos,2743422
2026-07-01T18:03:46.096614,2026-07-01T18:03:46.100771+00:00,84.0,3,ask,YieldingYams,Xuanyu Liu,2743437
2026-07-01T18:03:46.316916,2026-07-01T18:03:46.326285+00:00,84.0,200,ask,WavyWalnuts,YieldingYams,2743440
2026-07-01T18:03:46.316916,2026-07-01T18:03:46.326285+00:00,84.0,6,ask,Kelvin Chan,YieldingYams,2743441
2026-07-01T18:03:46.755407,2026-07-01T18:03:46.763756+00:00,84.0,419,bid,AverageAlmonds,YieldingYams,2743449
2026-07-01T18:03:50.247574,2026-07-01T18:03:50.247541+00:00,84.0,200,bid,YieldingYams,WavyWalnuts,2743522
2026-07-01T18:03:50.502857,2026-07-01T18:03:50.513088+00:00,84.0,200,ask,YieldingYams,WavyWalnuts,2743532
2026-07-01T18:03:51.562736,2026-07-01T18:03:51.569987+00:00,83.9,4,ask,Kelvin Chan,YieldingYams,2743552
2026-07-01T18:03:51.562736,2026-07-01T18:03:51.574998+00:00,83.9,500,ask,AverageAlmonds,YieldingYams,2743553
2026-07-01T18:03:51.595748,2026-07-01T18:03:51.601956+00:00,83.9,121,bid,AverageAlmonds,YieldingYams,2743554
2026-07-01T18:03:52.135097,2026-07-01T18:03:52.139047+00:00,84.0,11,ask,WavyWalnuts,Xuanyu Liu,2743566
2026-07-01T18:03:52.871752,2026-07-01T18:03:52.879232+00:00,84.1,200,bid,YieldingYams,WavyWalnuts,2743586
2026-07-01T18:03:52.891027,2026-07-01T18:03:52.894821+00:00,84.1,12,ask,YieldingYams,Xuanyu Liu,2743588
2026-07-01T18:03:54.183828,2026-07-01T18:03:54.193296+00:00,84.1,200,ask,WavyWalnuts,YieldingYams,2743617
2026-07-01T18:03:55.491096,2026-07-01T18:03:55.497888+00:00,84.0,200,bid,YieldingYams,WavyWalnuts,2743642
2026-07-01T18:03:55.589521,2026-07-01T18:03:55.594525+00:00,84.1,23,ask,YieldingYams,Xuanyu Liu,2743645
2026-07-01T18:03:59.415393,2026-07-01T18:03:59.425718+00:00,84.1,200,bid,YieldingYams,WavyWalnuts,2743733
2026-07-01T18:04:00.172164,2026-07-01T18:04:00.180920+00:00,84.1,200,ask,YieldingYams,WavyWalnuts,2743748
2026-07-01T18:04:07.276841,2026-07-01T18:04:07.284151+00:00,84.2,3,bid,YieldingYams,Kelvin Chan,2743887
2026-07-01T18:04:07.276841,2026-07-01T18:04:07.284151+00:00,84.2,200,bid,YieldingYams,WavyWalnuts,2743888
2026-07-01T18:04:07.431158,2026-07-01T18:04:07.442075+00:00,84.2,200,ask,YieldingYams,WavyWalnuts,2743893
2026-07-01T18:04:07.972418,2026-07-01T18:04:07.976301+00:00,84.3,12,bid,Xuanyu Liu,AverageAlmonds,2743899
2026-07-01T18:04:09.853920,2026-07-01T18:04:09.863906+00:00,84.3,2,bid,WavyWalnuts,Kelvin Chan,2743933
2026-07-01T18:04:09.853920,2026-07-01T18:04:09.863906+00:00,84.3,198,bid,WavyWalnuts,YieldingYams,2743934
2026-07-01T18:04:11.062474,2026-07-01T18:04:11.069113+00:00,84.4,200,bid,WavyWalnuts,AverageAlmonds,2743963
2026-07-01T18:04:11.401909,2026-07-01T18:04:11.405424+00:00,84.3,2,bid,Xuanyu Liu,Kelvin Chan,2743969
2026-07-01T18:04:11.410735,2026-07-01T18:04:11.414266+00:00,84.4,35,bid,Xuanyu Liu,AverageAlmonds,2743971
2026-07-01T18:04:12.270449,2026-07-01T18:04:12.279242+00:00,84.3,2,bid,WavyWalnuts,Kelvin Chan,2743986
2026-07-01T18:04:13.570634,2026-07-01T18:04:13.574533+00:00,84.3,1,ask,WavyWalnuts,Xuanyu Liu,2744029
2026-07-01T18:04:13.845641,2026-07-01T18:04:13.863867+00:00,84.3,199,ask,WavyWalnuts,YieldingYams,2744033
2026-07-01T18:04:15.159759,2026-07-01T18:04:15.169274+00:00,84.2,200,ask,WavyWalnuts,YieldingYams,2744059
2026-07-01T18:04:18.939345,2026-07-01T18:04:18.948497+00:00,84.1,20,bid,BrilliantBurritos,YieldingYams,2744131
2026-07-01T18:04:19.379744,2026-07-01T18:04:19.391358+00:00,84.0,3,ask,Kelvin Chan,BrilliantBurritos,2744139
2026-07-01T18:04:19.379744,2026-07-01T18:04:19.391358+00:00,84.0,17,ask,AverageAlmonds,BrilliantBurritos,2744140
2026-07-01T18:04:20.563856,2026-07-01T18:04:20.567172+00:00,84.1,1,bid,Xuanyu Liu,WavyWalnuts,2744160
2026-07-01T18:04:21.713624,2026-07-01T18:04:21.724740+00:00,84.0,2,ask,Kelvin Chan,YieldingYams,2744191
2026-07-01T18:04:21.713624,2026-07-01T18:04:21.724740+00:00,83.9,200,ask,WavyWalnuts,YieldingYams,2744192
2026-07-01T18:04:21.713624,2026-07-01T18:04:21.724740+00:00,83.9,423,ask,AverageAlmonds,YieldingYams,2744193
2026-07-01T18:04:21.960762,2026-07-01T18:04:21.968930+00:00,84.0,4,ask,Kelvin Chan,WavyWalnuts,2744202
2026-07-01T18:04:21.960762,2026-07-01T18:04:21.968930+00:00,84.0,196,ask,AverageAlmonds,WavyWalnuts,2744203
2026-07-01T18:04:23.085836,2026-07-01T18:04:23.095111+00:00,84.1,500,bid,AverageAlmonds,YieldingYams,2744222
2026-07-01T18:04:23.362999,2026-07-01T18:04:23.374399+00:00,84.0,20,ask,WavyWalnuts,BrilliantBurritos,2744229
2026-07-01T18:04:23.679132,2026-07-01T18:04:23.688486+00:00,84.1,125,bid,AverageAlmonds,YieldingYams,2744232
2026-07-01T18:04:23.837720,2026-07-01T18:04:23.858566+00:00,84.1,20,ask,AverageAlmonds,BrilliantBurritos,2744238
2026-07-01T18:04:24.065458,2026-07-01T18:04:24.069607+00:00,84.2,14,bid,Xuanyu Liu,WavyWalnuts,2744249
2026-07-01T18:04:24.069223,2026-07-01T18:04:24.084885+00:00,84.2,36,bid,Chester Au,WavyWalnuts,2744250
2026-07-01T18:04:24.294190,2026-07-01T18:04:24.300652+00:00,84.2,150,bid,AverageAlmonds,WavyWalnuts,2744262
2026-07-01T18:04:24.381355,2026-07-01T18:04:24.390379+00:00,84.2,200,ask,AverageAlmonds,WavyWalnuts,2744267
2026-07-01T18:04:25.646775,2026-07-01T18:04:25.658608+00:00,84.2,500,ask,AverageAlmonds,YieldingYams,2744288
2026-07-01T18:04:26.095402,2026-07-01T18:04:26.102743+00:00,84.2,125,bid,AverageAlmonds,YieldingYams,2744295
2026-07-01T18:04:26.803552,2026-07-01T18:04:26.814839+00:00,84.2,200,ask,AverageAlmonds,WavyWalnuts,2744315
2026-07-01T18:04:26.954606,2026-07-01T18:04:26.958564+00:00,84.3,1,bid,YieldingYams,Kelvin Chan,2744321
2026-07-01T18:04:28.011784,2026-07-01T18:04:28.020316+00:00,84.3,200,ask,YieldingYams,WavyWalnuts,2744345
2026-07-01T18:04:28.269842,2026-07-01T18:04:28.280386+00:00,84.3,500,ask,AverageAlmonds,YieldingYams,2744349
2026-07-01T18:04:29.138331,2026-07-01T18:04:29.146196+00:00,84.3,125,bid,AverageAlmonds,YieldingYams,2744370
2026-07-01T18:04:29.220139,2026-07-01T18:04:29.228677+00:00,84.3,200,ask,AverageAlmonds,WavyWalnuts,2744373
2026-07-01T18:04:29.576269,2026-07-01T18:04:29.584536+00:00,84.4,2,bid,YieldingYams,Kelvin Chan,2744384
2026-07-01T18:04:29.590797,2026-07-01T18:04:29.594248+00:00,84.5,14,ask,YieldingYams,Xuanyu Liu,2744386
2026-07-01T18:04:30.429221,2026-07-01T18:04:30.435985+00:00,84.5,200,ask,YieldingYams,WavyWalnuts,2744408
2026-07-01T18:04:31.638919,2026-07-01T18:04:31.645684+00:00,84.3,200,ask,YieldingYams,WavyWalnuts,2744433
2026-07-01T18:04:32.205096,2026-07-01T18:04:32.214506+00:00,84.4,500,ask,AverageAlmonds,YieldingYams,2744443
2026-07-01T18:04:32.220724,2026-07-01T18:04:32.224362+00:00,84.3,3,bid,Xuanyu Liu,YieldingYams,2744445
2026-07-01T18:04:32.775201,2026-07-01T18:04:32.781794+00:00,84.3,122,bid,AverageAlmonds,YieldingYams,2744454
2026-07-01T18:04:32.848209,2026-07-01T18:04:32.864005+00:00,84.4,200,ask,AverageAlmonds,WavyWalnuts,2744455
2026-07-01T18:04:33.310523,2026-07-01T18:04:33.321989+00:00,84.4,20,ask,AverageAlmonds,BrilliantBurritos,2744461
2026-07-01T18:04:34.057178,2026-07-01T18:04:34.064387+00:00,84.4,200,ask,YieldingYams,WavyWalnuts,2744489
2026-07-01T18:04:34.837282,2026-07-01T18:04:34.840760+00:00,84.4,11,bid,Xuanyu Liu,YieldingYams,2744509
2026-07-01T18:04:34.839858,2026-07-01T18:04:34.856039+00:00,84.4,150,bid,Chester Au,YieldingYams,2744510
2026-07-01T18:04:36.698226,2026-07-01T18:04:36.701804+00:00,84.3,14,ask,YieldingYams,Xuanyu Liu,2744543
2026-07-01T18:04:36.702788,2026-07-01T18:04:36.717094+00:00,84.3,46,ask,YieldingYams,Chester Au,2744544
2026-07-01T18:04:38.500943,2026-07-01T18:04:38.508701+00:00,84.3,20,ask,YieldingYams,BrilliantBurritos,2744585
2026-07-01T18:04:38.829220,2026-07-01T18:04:38.839696+00:00,84.4,200,bid,AverageAlmonds,WavyWalnuts,2744593
2026-07-01T18:04:40.081168,2026-07-01T18:04:40.090310+00:00,84.4,200,ask,WavyWalnuts,YieldingYams,2744621
2026-07-01T18:04:40.081168,2026-07-01T18:04:40.090310+00:00,84.4,425,ask,AverageAlmonds,YieldingYams,2744622
2026-07-01T18:04:40.095660,2026-07-01T18:04:40.106129+00:00,84.4,75,ask,AverageAlmonds,WavyWalnuts,2744623
2026-07-01T18:04:40.565686,2026-07-01T18:04:40.577126+00:00,84.2,1,ask,Kelvin Chan,BrilliantBurritos,2744630
2026-07-01T18:04:40.565686,2026-07-01T18:04:40.577126+00:00,84.2,19,ask,YieldingYams,BrilliantBurritos,2744631
2026-07-01T18:04:40.631479,2026-07-01T18:04:40.642259+00:00,84.3,125,bid,AverageAlmonds,WavyWalnuts,2744633
2026-07-01T18:04:41.302807,2026-07-01T18:04:41.313479+00:00,84.4,200,ask,AverageAlmonds,WavyWalnuts,2744645
2026-07-01T18:04:41.391349,2026-07-01T18:04:41.403738+00:00,84.5,4,bid,YieldingYams,Kelvin Chan,2744648
2026-07-01T18:04:43.728916,2026-07-01T18:04:43.738442+00:00,84.6,5,bid,WavyWalnuts,Kelvin Chan,2744701
2026-07-01T18:04:43.728916,2026-07-01T18:04:43.738442+00:00,84.6,195,bid,WavyWalnuts,YieldingYams,2744702
2026-07-01T18:04:44.939200,2026-07-01T18:04:44.958589+00:00,84.7,5,bid,WavyWalnuts,Kelvin Chan,2744726
2026-07-01T18:04:44.959386,2026-07-01T18:04:44.968971+00:00,84.7,14,ask,WavyWalnuts,Chester Au,2744729
2026-07-01T18:04:45.331335,2026-07-01T18:04:45.339584+00:00,84.7,181,ask,WavyWalnuts,YieldingYams,2744742
2026-07-01T18:04:47.952465,2026-07-01T18:04:47.973014+00:00,84.6,6,bid,YieldingYams,Kelvin Chan,2744799
2026-07-01T18:04:47.952465,2026-07-01T18:04:47.973014+00:00,84.7,200,bid,YieldingYams,WavyWalnuts,2744800
2026-07-01T18:04:47.969517,2026-07-01T18:04:47.973014+00:00,84.8,3,ask,YieldingYams,Xuanyu Liu,2744805
2026-07-01T18:04:47.972190,2026-07-01T18:04:47.988761+00:00,84.8,126,ask,YieldingYams,Chester Au,2744806
2026-07-01T18:04:48.570521,2026-07-01T18:04:48.579781+00:00,84.8,200,ask,YieldingYams,WavyWalnuts,2744821
2026-07-01T18:04:49.271982,2026-07-01T18:04:49.292707+00:00,84.6,200,ask,WavyWalnuts,YieldingYams,2744844
2026-07-01T18:04:49.276253,2026-07-01T18:04:49.292707+00:00,84.5,20,ask,WavyWalnuts,BrilliantBurritos,2744845
2026-07-01T18:04:49.288576,2026-07-01T18:04:49.292707+00:00,84.6,3,bid,Xuanyu Liu,YieldingYams,2744847
2026-07-01T18:04:49.297210,2026-07-01T18:04:49.301324+00:00,84.6,26,bid,Xuanyu Liu,YieldingYams,2744849
2026-07-01T18:04:49.301393,2026-07-01T18:04:49.316902+00:00,84.6,147,bid,Chester Au,YieldingYams,2744850
2026-07-01T18:04:51.893467,2026-07-01T18:04:51.900297+00:00,84.7,1,bid,YieldingYams,Kelvin Chan,2744898
2026-07-01T18:04:51.893467,2026-07-01T18:04:51.905551+00:00,84.7,200,bid,YieldingYams,WavyWalnuts,2744899
2026-07-01T18:04:52.511548,2026-07-01T18:04:52.515411+00:00,84.8,26,ask,YieldingYams,Xuanyu Liu,2744908
2026-07-01T18:04:54.533515,2026-07-01T18:04:54.558593+00:00,84.8,200,ask,WavyWalnuts,YieldingYams,2744953
2026-07-01T18:04:55.843731,2026-07-01T18:04:55.864099+00:00,84.9,2,bid,YieldingYams,Kelvin Chan,2744990
2026-07-01T18:04:55.843731,2026-07-01T18:04:55.864099+00:00,84.9,200,bid,YieldingYams,WavyWalnuts,2744991
2026-07-01T18:04:56.371997,2026-07-01T18:04:56.379771+00:00,84.9,423,ask,YieldingYams,AverageAlmonds,2745000
2026-07-01T18:04:57.157566,2026-07-01T18:04:57.169065+00:00,84.8,200,ask,WavyWalnuts,YieldingYams,2745018
2026-07-01T18:04:58.243368,2026-07-01T18:04:58.247409+00:00,84.8,200,bid,WavyWalnuts,YieldingYams,2745033
2026-07-01T18:04:58.468977,2026-07-01T18:04:58.478741+00:00,84.8,1,bid,YieldingYams,Kelvin Chan,2745034
2026-07-01T18:04:58.562212,2026-07-01T18:04:58.573513+00:00,84.8,100,ask,YieldingYams,Chester Au,2745036
2026-07-01T18:05:00.660460,2026-07-01T18:05:00.669120+00:00,84.8,200,ask,YieldingYams,WavyWalnuts,2745068
2026-07-01T18:05:01.867389,2026-07-01T18:05:01.875515+00:00,84.8,200,ask,YieldingYams,WavyWalnuts,2745099
2026-07-01T18:05:02.427344,2026-07-01T18:05:02.435500+00:00,84.9,1,bid,YieldingYams,Kelvin Chan,2745105
2026-07-01T18:05:02.491463,2026-07-01T18:05:02.501029+00:00,84.9,47,ask,YieldingYams,Chester Au,2745111
2026-07-01T18:05:04.301246,2026-07-01T18:05:04.312516+00:00,84.9,200,ask,YieldingYams,WavyWalnuts,2745147
2026-07-01T18:05:05.057462,2026-07-01T18:05:05.077737+00:00,85.0,2,bid,YieldingYams,Kelvin Chan,2745154
2026-07-01T18:05:05.074084,2026-07-01T18:05:05.077737+00:00,85.0,2,ask,YieldingYams,Xuanyu Liu,2745157
2026-07-01T18:05:05.516236,2026-07-01T18:05:05.526466+00:00,85.0,200,ask,YieldingYams,WavyWalnuts,2745159
2026-07-01T18:05:05.616352,2026-07-01T18:05:05.619822+00:00,85.0,1,ask,YieldingYams,Xuanyu Liu,2745167
2026-07-01T18:05:07.682975,2026-07-01T18:05:07.691544+00:00,84.9,200,ask,WavyWalnuts,YieldingYams,2745211
2026-07-01T18:05:10.306664,2026-07-01T18:05:10.314675+00:00,84.9,200,bid,YieldingYams,WavyWalnuts,2745263
2026-07-01T18:05:12.790641,2026-07-01T18:05:12.797362+00:00,85.1,1,bid,WavyWalnuts,Kelvin Chan,2745309
2026-07-01T18:05:12.790641,2026-07-01T18:05:12.802363+00:00,85.1,199,bid,WavyWalnuts,YieldingYams,2745310
2026-07-01T18:05:14.004026,2026-07-01T18:05:14.011487+00:00,85.1,200,ask,YieldingYams,WavyWalnuts,2745334
2026-07-01T18:05:14.330282,2026-07-01T18:05:14.334270+00:00,85.0,3,bid,Xuanyu Liu,YieldingYams,2745341
2026-07-01T18:05:15.209802,2026-07-01T18:05:15.219209+00:00,85.0,200,bid,WavyWalnuts,YieldingYams,2745356
2026-07-01T18:05:16.854296,2026-07-01T18:05:16.847571+00:00,85.1,1,bid,YieldingYams,Kelvin Chan,2745385
2026-07-01T18:05:16.854296,2026-07-01T18:05:16.847571+00:00,85.1,200,bid,YieldingYams,WavyWalnuts,2745386
2026-07-01T18:05:17.626306,2026-07-01T18:05:17.634667+00:00,85.1,200,ask,YieldingYams,WavyWalnuts,2745401
2026-07-01T18:05:18.214063,2026-07-01T18:05:18.218063+00:00,85.1,3,bid,Xuanyu Liu,YieldingYams,2745414
2026-07-01T18:05:18.832945,2026-07-01T18:05:18.841968+00:00,85.1,200,bid,WavyWalnuts,YieldingYams,2745424
2026-07-01T18:05:20.780933,2026-07-01T18:05:20.791914+00:00,85.1,200,bid,YieldingYams,WavyWalnuts,2745465
2026-07-01T18:05:20.780933,2026-07-01T18:05:20.791914+00:00,85.2,425,bid,YieldingYams,AverageAlmonds,2745466
2026-07-01T18:05:21.270696,2026-07-01T18:05:21.274498+00:00,85.0,3,ask,WavyWalnuts,Xuanyu Liu,2745471
2026-07-01T18:05:22.096225,2026-07-01T18:05:22.106581+00:00,85.0,197,ask,WavyWalnuts,YieldingYams,2745478
2026-07-01T18:05:22.410109,2026-07-01T18:05:22.421527+00:00,84.8,8,ask,Kelvin Chan,BrilliantBurritos,2745488
2026-07-01T18:05:22.410109,2026-07-01T18:05:22.421527+00:00,84.8,12,ask,AverageAlmonds,BrilliantBurritos,2745489
2026-07-01T18:05:22.463176,2026-07-01T18:05:22.474541+00:00,84.9,200,bid,WavyWalnuts,YieldingYams,2745490
2026-07-01T18:05:26.028374,2026-07-01T18:05:26.037633+00:00,84.9,200,bid,YieldingYams,WavyWalnuts,2745559
2026-07-01T18:05:27.032160,2026-07-01T18:05:27.036010+00:00,84.9,3,ask,YieldingYams,Xuanyu Liu,2745583
2026-07-01T18:05:28.651332,2026-07-01T18:05:28.668865+00:00,84.9,200,ask,WavyWalnuts,YieldingYams,2745629
2026-07-01T18:05:32.161082,2026-07-01T18:05:32.169155+00:00,84.9,20,bid,BrilliantBurritos,YieldingYams,2745694
2026-07-01T18:05:33.901384,2026-07-01T18:05:33.905705+00:00,84.9,11,ask,YieldingYams,Xuanyu Liu,2745724
2026-07-01T18:05:34.585231,2026-07-01T18:05:34.594980+00:00,84.9,200,ask,YieldingYams,WavyWalnuts,2745740
2026-07-01T18:05:35.203379,2026-07-01T18:05:35.211274+00:00,84.8,2,ask,Kelvin Chan,YieldingYams,2745755
2026-07-01T18:05:35.203379,2026-07-01T18:05:35.211274+00:00,84.7,200,ask,WavyWalnuts,YieldingYams,2745756
2026-07-01T18:05:35.203379,2026-07-01T18:05:35.216251+00:00,84.7,423,ask,AverageAlmonds,YieldingYams,2745757
2026-07-01T18:05:37.015544,2026-07-01T18:05:37.022821+00:00,84.8,200,ask,YieldingYams,WavyWalnuts,2745781
2026-07-01T18:05:39.703253,2026-07-01T18:05:39.706721+00:00,84.8,7,ask,Kelvin Chan,Xuanyu Liu,2745823
2026-07-01T18:05:39.712037,2026-07-01T18:05:39.715740+00:00,84.7,5,ask,YieldingYams,Xuanyu Liu,2745825
2026-07-01T18:05:39.801382,2026-07-01T18:05:39.804959+00:00,84.8,6,ask,Kelvin Chan,Xuanyu Liu,2745827
2026-07-01T18:05:40.441665,2026-07-01T18:05:40.458568+00:00,84.7,200,ask,WavyWalnuts,YieldingYams,2745841
2026-07-01T18:05:40.441665,2026-07-01T18:05:40.458568+00:00,84.7,6,ask,Kelvin Chan,YieldingYams,2745842
2026-07-01T18:05:41.806515,2026-07-01T18:05:41.815528+00:00,84.7,200,bid,AverageAlmonds,WavyWalnuts,2745876
2026-07-01T18:05:41.806515,2026-07-01T18:05:41.815528+00:00,84.7,300,bid,AverageAlmonds,YieldingYams,2745877
2026-07-01T18:05:42.135824,2026-07-01T18:05:42.143400+00:00,84.6,2,ask,Kelvin Chan,BrilliantBurritos,2745893
2026-07-01T18:05:43.016252,2026-07-01T18:05:43.026504+00:00,84.7,325,bid,AverageAlmonds,YieldingYams,2745905
2026-07-01T18:05:43.016252,2026-07-01T18:05:43.026504+00:00,84.7,175,bid,AverageAlmonds,WavyWalnuts,2745906
2026-07-01T18:05:43.171805,2026-07-01T18:05:43.176332+00:00,84.7,17,ask,WavyWalnuts,Xuanyu Liu,2745911
2026-07-01T18:05:44.295826,2026-07-01T18:05:44.299456+00:00,84.8,11,ask,WavyWalnuts,Xuanyu Liu,2745931
2026-07-01T18:05:44.392944,2026-07-01T18:05:44.404009+00:00,84.8,189,ask,WavyWalnuts,YieldingYams,2745934
2026-07-01T18:05:45.704467,2026-07-01T18:05:45.714435+00:00,84.7,500,ask,AverageAlmonds,YieldingYams,2745959
2026-07-01T18:05:45.704467,2026-07-01T18:05:45.714435+00:00,84.7,125,ask,WavyWalnuts,YieldingYams,2745960
2026-07-01T18:05:47.014683,2026-07-01T18:05:47.036694+00:00,84.9,200,bid,YieldingYams,WavyWalnuts,2745988
2026-07-01T18:05:47.014683,2026-07-01T18:05:47.036694+00:00,85.0,5,bid,YieldingYams,Kelvin Chan,2745989
2026-07-01T18:05:47.032054,2026-07-01T18:05:47.036694+00:00,85.0,11,ask,YieldingYams,Xuanyu Liu,2745991
2026-07-01T18:05:47.652298,2026-07-01T18:05:47.658542+00:00,85.1,11,bid,BrilliantBurritos,Kelvin Chan,2745998
2026-07-01T18:05:56.190096,2026-07-01T18:05:56.200290+00:00,84.8,200,ask,WavyWalnuts,YieldingYams,2746157
2026-07-01T18:05:56.190096,2026-07-01T18:05:56.200290+00:00,84.8,425,ask,AverageAlmonds,YieldingYams,2746158
2026-07-01T18:05:56.377989,2026-07-01T18:05:56.386639+00:00,84.8,200,ask,AverageAlmonds,WavyWalnuts,2746159
2026-07-01T18:05:57.589306,2026-07-01T18:05:57.599960+00:00,84.8,200,ask,YieldingYams,WavyWalnuts,2746177
2026-07-01T18:05:58.815130,2026-07-01T18:05:58.825659+00:00,84.8,500,ask,AverageAlmonds,YieldingYams,2746205
2026-07-01T18:05:58.922535,2026-07-01T18:05:58.926190+00:00,84.8,11,bid,Xuanyu Liu,YieldingYams,2746208
2026-07-01T18:05:59.354444,2026-07-01T18:05:59.357186+00:00,84.8,114,bid,AverageAlmonds,YieldingYams,2746212
2026-07-01T18:05:59.354444,2026-07-01T18:05:59.357186+00:00,84.9,200,bid,AverageAlmonds,WavyWalnuts,2746213
2026-07-01T18:06:00.122108,2026-07-01T18:06:00.130420+00:00,85.0,200,bid,YieldingYams,WavyWalnuts,2746236
2026-07-01T18:06:00.122108,2026-07-01T18:06:00.145746+00:00,85.1,1,bid,YieldingYams,Kelvin Chan,2746237
2026-07-01T18:06:00.141838,2026-07-01T18:06:00.145746+00:00,85.1,23,ask,YieldingYams,Xuanyu Liu,2746239
2026-07-01T18:06:01.436093,2026-07-01T18:06:01.458754+00:00,85.2,200,bid,YieldingYams,WavyWalnuts,2746259
2026-07-01T18:06:01.452569,2026-07-01T18:06:01.458754+00:00,85.2,11,ask,YieldingYams,Xuanyu Liu,2746261
2026-07-01T18:06:02.079895,2026-07-01T18:06:02.083476+00:00,85.3,3,bid,Xuanyu Liu,Kelvin Chan,2746276
2026-07-01T18:06:02.089053,2026-07-01T18:06:02.092550+00:00,85.4,8,bid,Xuanyu Liu,YieldingYams,2746278
2026-07-01T18:06:02.425663,2026-07-01T18:06:02.433487+00:00,85.2,200,ask,YieldingYams,WavyWalnuts,2746291
2026-07-01T18:06:02.747181,2026-07-01T18:06:02.753815+00:00,85.0,500,ask,AverageAlmonds,YieldingYams,2746297
2026-07-01T18:06:02.747181,2026-07-01T18:06:02.753815+00:00,85.0,125,ask,WavyWalnuts,YieldingYams,2746298
2026-07-01T18:06:02.774091,2026-07-01T18:06:02.777575+00:00,85.3,7,bid,Xuanyu Liu,Kelvin Chan,2746300
2026-07-01T18:06:03.301497,2026-07-01T18:06:03.305230+00:00,85.2,6,bid,Xuanyu Liu,Kelvin Chan,2746310
2026-07-01T18:06:03.430410,2026-07-01T18:06:03.433997+00:00,85.2,6,bid,Xuanyu Liu,Kelvin Chan,2746313
2026-07-01T18:06:03.671249,2026-07-01T18:06:03.675541+00:00,85.2,4,bid,Xuanyu Liu,WavyWalnuts,2746320
2026-07-01T18:06:04.053961,2026-07-01T18:06:04.058657+00:00,85.2,196,bid,YieldingYams,WavyWalnuts,2746331
2026-07-01T18:06:04.053961,2026-07-01T18:06:04.058657+00:00,85.2,4,bid,YieldingYams,Kelvin Chan,2746332
2026-07-01T18:06:05.372641,2026-07-01T18:06:05.393069+00:00,85.2,200,ask,WavyWalnuts,YieldingYams,2746353
2026-07-01T18:06:05.388613,2026-07-01T18:06:05.393069+00:00,85.2,11,bid,Xuanyu Liu,YieldingYams,2746355
2026-07-01T18:06:05.594627,2026-07-01T18:06:05.602495+00:00,85.2,20,bid,BrilliantBurritos,YieldingYams,2746364
2026-07-01T18:06:06.690024,2026-07-01T18:06:06.700750+00:00,85.3,6,bid,YieldingYams,Kelvin Chan,2746391
2026-07-01T18:06:06.690024,2026-07-01T18:06:06.700750+00:00,85.3,200,bid,YieldingYams,WavyWalnuts,2746392
2026-07-01T18:06:07.260179,2026-07-01T18:06:07.270151+00:00,85.3,200,ask,YieldingYams,WavyWalnuts,2746404
2026-07-01T18:06:08.004452,2026-07-01T18:06:08.011024+00:00,85.2,200,ask,WavyWalnuts,YieldingYams,2746417
2026-07-01T18:06:08.467584,2026-07-01T18:06:08.474421+00:00,85.2,200,bid,WavyWalnuts,YieldingYams,2746424
2026-07-01T18:06:10.891557,2026-07-01T18:06:10.900517+00:00,85.2,200,ask,YieldingYams,WavyWalnuts,2746474
2026-07-01T18:06:10.897966,2026-07-01T18:06:10.905504+00:00,85.2,20,ask,YieldingYams,BrilliantBurritos,2746475
2026-07-01T18:06:11.965011,2026-07-01T18:06:11.968983+00:00,85.2,23,bid,Xuanyu Liu,YieldingYams,2746494
2026-07-01T18:06:13.311866,2026-07-01T18:06:13.321228+00:00,85.1,200,ask,YieldingYams,WavyWalnuts,2746504
2026-07-01T18:06:15.866764,2026-07-01T18:06:15.874285+00:00,85.1,200,bid,YieldingYams,WavyWalnuts,2746542
2026-07-01T18:06:16.962812,2026-07-01T18:06:16.974291+00:00,85.1,200,ask,YieldingYams,WavyWalnuts,2746571
2026-07-01T18:06:17.178616,2026-07-01T18:06:17.189929+00:00,85.0,200,ask,WavyWalnuts,YieldingYams,2746575
2026-07-01T18:06:17.196121,2026-07-01T18:06:17.199661+00:00,84.9,12,bid,Xuanyu Liu,YieldingYams,2746577
2026-07-01T18:06:17.964041,2026-07-01T18:06:17.967441+00:00,84.8,12,ask,YieldingYams,Xuanyu Liu,2746593
2026-07-01T18:06:18.174676,2026-07-01T18:06:18.185897+00:00,84.9,200,bid,WavyWalnuts,YieldingYams,2746604
2026-07-01T18:06:18.498863,2026-07-01T18:06:18.502061+00:00,85.0,23,ask,YieldingYams,Xuanyu Liu,2746615
2026-07-01T18:06:19.241256,2026-07-01T18:06:19.258635+00:00,85.0,20,ask,YieldingYams,BrilliantBurritos,2746629
2026-07-01T18:06:19.793546,2026-07-01T18:06:19.801297+00:00,85.1,200,bid,YieldingYams,WavyWalnuts,2746640
2026-07-01T18:06:19.808415,2026-07-01T18:06:19.812102+00:00,85.1,11,ask,YieldingYams,Xuanyu Liu,2746643
2026-07-01T18:06:20.593798,2026-07-01T18:06:20.605185+00:00,85.1,200,ask,YieldingYams,WavyWalnuts,2746656
2026-07-01T18:06:20.784117,2026-07-01T18:06:20.787880+00:00,85.2,11,bid,Xuanyu Liu,YieldingYams,2746663
2026-07-01T18:06:21.065103,2026-07-01T18:06:21.068868+00:00,85.2,23,bid,Xuanyu Liu,YieldingYams,2746668
2026-07-01T18:06:21.107706,2026-07-01T18:06:21.116217+00:00,85.0,3,ask,Kelvin Chan,YieldingYams,2746669
2026-07-01T18:06:21.122701,2026-07-01T18:06:21.126293+00:00,85.0,23,bid,Xuanyu Liu,YieldingYams,2746671
2026-07-01T18:06:21.799935,2026-07-01T18:06:21.807924+00:00,85.0,200,bid,WavyWalnuts,YieldingYams,2746684
2026-07-01T18:06:22.416682,2026-07-01T18:06:22.423298+00:00,84.9,3,ask,Kelvin Chan,YieldingYams,2746693
2026-07-01T18:06:22.465747,2026-07-01T18:06:22.469473+00:00,84.9,3,bid,Xuanyu Liu,YieldingYams,2746696
2026-07-01T18:06:23.012918,2026-07-01T18:06:23.021176+00:00,84.9,200,bid,WavyWalnuts,YieldingYams,2746707
2026-07-01T18:06:24.221432,2026-07-01T18:06:24.228815+00:00,84.9,200,bid,WavyWalnuts,YieldingYams,2746737
2026-07-01T18:06:24.275143,2026-07-01T18:06:24.278486+00:00,84.8,3,ask,Kelvin Chan,Xuanyu Liu,2746742
2026-07-01T18:06:24.783141,2026-07-01T18:06:24.790283+00:00,84.9,425,bid,AverageAlmonds,YieldingYams,2746749
2026-07-01T18:06:24.804505,2026-07-01T18:06:24.807871+00:00,84.9,11,ask,AverageAlmonds,Xuanyu Liu,2746751
2026-07-01T18:06:25.046160,2026-07-01T18:06:25.049767+00:00,85.0,12,ask,YieldingYams,Xuanyu Liu,2746758
2026-07-01T18:06:25.430389,2026-07-01T18:06:25.441699+00:00,85.0,200,ask,YieldingYams,WavyWalnuts,2746770
2026-07-01T18:06:26.638374,2026-07-01T18:06:26.658634+00:00,84.9,200,ask,YieldingYams,WavyWalnuts,2746799
2026-07-01T18:06:27.392084,2026-07-01T18:06:27.396038+00:00,85.1,12,bid,Xuanyu Liu,YieldingYams,2746811
2026-07-01T18:06:27.663770,2026-07-01T18:06:27.667035+00:00,84.9,14,bid,Xuanyu Liu,YieldingYams,2746816
2026-07-01T18:06:27.823009,2026-07-01T18:06:27.829408+00:00,84.9,500,bid,AverageAlmonds,YieldingYams,2746818
2026-07-01T18:06:30.283965,2026-07-01T18:06:30.290643+00:00,84.8,1,ask,Kelvin Chan,WavyWalnuts,2746858
2026-07-01T18:06:30.283965,2026-07-01T18:06:30.295890+00:00,84.8,199,ask,AverageAlmonds,WavyWalnuts,2746859
2026-07-01T18:06:30.772058,2026-07-01T18:06:30.783563+00:00,84.9,8,ask,Kelvin Chan,BrilliantBurritos,2746863
2026-07-01T18:06:31.492389,2026-07-01T18:06:31.498940+00:00,84.9,8,ask,Kelvin Chan,WavyWalnuts,2746884
2026-07-01T18:06:31.492389,2026-07-01T18:06:31.504159+00:00,84.9,192,ask,AverageAlmonds,WavyWalnuts,2746885
2026-07-01T18:06:33.147293,2026-07-01T18:06:33.158549+00:00,85.0,20,bid,BrilliantBurritos,YieldingYams,2746919
2026-07-01T18:06:34.210420,2026-07-01T18:06:34.219045+00:00,84.9,8,ask,Kelvin Chan,YieldingYams,2746936
2026-07-01T18:06:34.210420,2026-07-01T18:06:34.219045+00:00,84.9,200,ask,WavyWalnuts,YieldingYams,2746937
2026-07-01T18:06:35.119564,2026-07-01T18:06:35.130510+00:00,84.9,200,bid,WavyWalnuts,YieldingYams,2746957
2026-07-01T18:06:36.345642,2026-07-01T18:06:36.368702+00:00,85.0,200,ask,YieldingYams,WavyWalnuts,2746981
2026-07-01T18:06:36.869994,2026-07-01T18:06:36.873541+00:00,85.0,3,bid,Xuanyu Liu,YieldingYams,2746993
2026-07-01T18:06:38.141327,2026-07-01T18:06:38.158788+00:00,84.9,200,ask,WavyWalnuts,YieldingYams,2747015
2026-07-01T18:06:38.141327,2026-07-01T18:06:38.158788+00:00,84.9,425,ask,AverageAlmonds,YieldingYams,2747016
2026-07-01T18:06:38.270932,2026-07-01T18:06:38.282378+00:00,84.9,20,ask,AverageAlmonds,BrilliantBurritos,2747023
2026-07-01T18:06:39.976129,2026-07-01T18:06:39.984847+00:00,85.0,200,ask,YieldingYams,WavyWalnuts,2747056
2026-07-01T18:06:41.144740,2026-07-01T18:06:41.164079+00:00,85.0,500,bid,AverageAlmonds,YieldingYams,2747085
2026-07-01T18:06:41.740454,2026-07-01T18:06:41.748393+00:00,85.0,125,bid,AverageAlmonds,YieldingYams,2747096
2026-07-01T18:06:42.065099,2026-07-01T18:06:42.073939+00:00,85.1,200,bid,YieldingYams,WavyWalnuts,2747101
2026-07-01T18:06:44.047232,2026-07-01T18:06:44.064134+00:00,85.2,20,bid,BrilliantBurritos,YieldingYams,2747148
2026-07-01T18:06:44.685085,2026-07-01T18:06:44.703591+00:00,85.0,200,ask,WavyWalnuts,YieldingYams,2747160
2026-07-01T18:06:44.699494,2026-07-01T18:06:44.703591+00:00,85.0,23,bid,Xuanyu Liu,YieldingYams,2747162
2026-07-01T18:06:44.702685,2026-07-01T18:06:44.718829+00:00,85.0,150,bid,Chester Au,YieldingYams,2747163
2026-07-01T18:06:44.731096,2026-07-01T18:06:44.739894+00:00,85.0,50,bid,Chester Au,YieldingYams,2747165
2026-07-01T18:06:44.822929,2026-07-01T18:06:44.834010+00:00,85.0,200,bid,WavyWalnuts,YieldingYams,2747167
2026-07-01T18:06:46.012822,2026-07-01T18:06:46.019641+00:00,85.2,2,bid,YieldingYams,Kelvin Chan,2747181
2026-07-01T18:06:46.026031,2026-07-01T18:06:46.029760+00:00,85.2,1,ask,YieldingYams,Xuanyu Liu,2747182
2026-07-01T18:06:46.031813,2026-07-01T18:06:46.035683+00:00,85.2,1,ask,YieldingYams,Xuanyu Liu,2747183
2026-07-01T18:06:46.037626,2026-07-01T18:06:46.050435+00:00,85.2,200,ask,YieldingYams,WavyWalnuts,2747184
2026-07-01T18:06:46.046651,2026-07-01T18:06:46.050435+00:00,85.2,1,ask,YieldingYams,Xuanyu Liu,2747186
2026-07-01T18:06:46.066885,2026-07-01T18:06:46.070547+00:00,85.2,1,ask,YieldingYams,Xuanyu Liu,2747187
2026-07-01T18:06:46.071570,2026-07-01T18:06:46.075211+00:00,85.2,1,ask,YieldingYams,Xuanyu Liu,2747188
2026-07-01T18:06:46.081769,2026-07-01T18:06:46.085564+00:00,85.2,1,ask,YieldingYams,Xuanyu Liu,2747192
2026-07-01T18:06:46.409878,2026-07-01T18:06:46.413883+00:00,85.2,17,ask,YieldingYams,Xuanyu Liu,2747199
2026-07-01T18:06:48.631962,2026-07-01T18:06:48.639820+00:00,85.3,1,bid,YieldingYams,Kelvin Chan,2747253
2026-07-01T18:06:48.631962,2026-07-01T18:06:48.639820+00:00,85.3,500,bid,YieldingYams,AverageAlmonds,2747254
2026-07-01T18:06:48.631962,2026-07-01T18:06:48.645037+00:00,85.3,124,bid,YieldingYams,WavyWalnuts,2747255
2026-07-01T18:06:52.098707,2026-07-01T18:06:52.105905+00:00,85.3,1,bid,WavyWalnuts,Kelvin Chan,2747323
2026-07-01T18:06:52.098707,2026-07-01T18:06:52.105905+00:00,85.3,199,bid,WavyWalnuts,YieldingYams,2747324
2026-07-01T18:06:54.461655,2026-07-01T18:06:54.469093+00:00,85.3,500,ask,YieldingYams,AverageAlmonds,2747376
2026-07-01T18:06:55.057977,2026-07-01T18:06:55.069456+00:00,85.3,125,ask,YieldingYams,AverageAlmonds,2747386
2026-07-01T18:06:55.187124,2026-07-01T18:06:55.196711+00:00,85.2,200,ask,WavyWalnuts,YieldingYams,2747393
2026-07-01T18:06:56.944683,2026-07-01T18:06:56.958727+00:00,85.2,200,bid,WavyWalnuts,YieldingYams,2747423
2026-07-01T18:06:58.153201,2026-07-01T18:06:58.163912+00:00,85.1,200,bid,WavyWalnuts,YieldingYams,2747452
2026-07-01T18:07:00.568603,2026-07-01T18:07:00.576325+00:00,85.1,200,bid,WavyWalnuts,YieldingYams,2747495
2026-07-01T18:07:01.775761,2026-07-01T18:07:01.784529+00:00,85.1,200,bid,WavyWalnuts,YieldingYams,2747522
2026-07-01T18:07:03.059531,2026-07-01T18:07:03.066449+00:00,85.1,200,bid,YieldingYams,WavyWalnuts,2747547
2026-07-01T18:07:04.203329,2026-07-01T18:07:04.213596+00:00,85.1,200,ask,YieldingYams,WavyWalnuts,2747556
2026-07-01T18:07:04.371650,2026-07-01T18:07:04.378319+00:00,85.0,3,ask,Kelvin Chan,YieldingYams,2747561
2026-07-01T18:07:04.371650,2026-07-01T18:07:04.383498+00:00,84.9,200,ask,WavyWalnuts,YieldingYams,2747562
2026-07-01T18:07:04.748583,2026-07-01T18:07:04.763790+00:00,84.9,422,bid,AverageAlmonds,YieldingYams,2747568
2026-07-01T18:07:05.678449,2026-07-01T18:07:05.684844+00:00,85.0,200,bid,YieldingYams,WavyWalnuts,2747590
2026-07-01T18:07:06.621545,2026-07-01T18:07:06.628685+00:00,85.2,200,ask,YieldingYams,WavyWalnuts,2747605
2026-07-01T18:07:09.619192,2026-07-01T18:07:09.640796+00:00,85.3,500,bid,YieldingYams,AverageAlmonds,2747672
2026-07-01T18:07:09.637102,2026-07-01T18:07:09.640796+00:00,85.3,3,ask,YieldingYams,Xuanyu Liu,2747674
2026-07-01T18:07:10.934093,2026-07-01T18:07:10.942728+00:00,85.3,200,ask,WavyWalnuts,YieldingYams,2747692
2026-07-01T18:07:13.558021,2026-07-01T18:07:13.564624+00:00,85.3,200,bid,YieldingYams,WavyWalnuts,2747748
2026-07-01T18:07:13.558021,2026-07-01T18:07:13.569666+00:00,85.4,1,bid,YieldingYams,Kelvin Chan,2747749
2026-07-01T18:07:13.558021,2026-07-01T18:07:13.569666+00:00,85.4,424,bid,YieldingYams,AverageAlmonds,2747750
2026-07-01T18:07:14.870511,2026-07-01T18:07:14.879144+00:00,85.3,200,ask,WavyWalnuts,YieldingYams,2747765
2026-07-01T18:07:16.182580,2026-07-01T18:07:16.192023+00:00,85.2,200,ask,WavyWalnuts,YieldingYams,2747805
2026-07-01T18:07:16.282301,2026-07-01T18:07:16.290333+00:00,85.2,200,bid,WavyWalnuts,YieldingYams,2747811
2026-07-01T18:07:18.444343,2026-07-01T18:07:18.458598+00:00,85.2,20,bid,BrilliantBurritos,YieldingYams,2747851
2026-07-01T18:07:19.936064,2026-07-01T18:07:19.941909+00:00,85.1,200,ask,YieldingYams,WavyWalnuts,2747884
2026-07-01T18:07:20.942414,2026-07-01T18:07:20.958586+00:00,85.0,1,ask,Kelvin Chan,Chester Au,2747903
2026-07-01T18:07:20.942414,2026-07-01T18:07:20.958586+00:00,85.0,99,ask,YieldingYams,Chester Au,2747904
2026-07-01T18:07:21.224127,2026-07-01T18:07:21.228312+00:00,85.0,14,ask,YieldingYams,Xuanyu Liu,2747913
2026-07-01T18:07:21.227432,2026-07-01T18:07:21.243583+00:00,85.0,100,ask,YieldingYams,Chester Au,2747914
2026-07-01T18:07:21.426862,2026-07-01T18:07:21.437766+00:00,85.0,4,ask,Kelvin Chan,YieldingYams,2747923
2026-07-01T18:07:22.354074,2026-07-01T18:07:22.368674+00:00,85.0,200,bid,WavyWalnuts,YieldingYams,2747935
2026-07-01T18:07:24.045004,2026-07-01T18:07:24.064031+00:00,85.1,200,bid,YieldingYams,WavyWalnuts,2747987
2026-07-01T18:07:24.772252,2026-07-01T18:07:24.779668+00:00,85.1,200,ask,YieldingYams,WavyWalnuts,2747995
2026-07-01T18:07:25.374672,2026-07-01T18:07:25.378345+00:00,85.0,3,bid,Xuanyu Liu,YieldingYams,2748010
2026-07-01T18:07:25.514596,2026-07-01T18:07:25.525964+00:00,84.9,5,ask,Kelvin Chan,BrilliantBurritos,2748014
2026-07-01T18:07:25.514596,2026-07-01T18:07:25.525964+00:00,84.9,15,ask,WavyWalnuts,BrilliantBurritos,2748015
2026-07-01T18:07:25.978305,2026-07-01T18:07:25.984655+00:00,85.0,200,bid,WavyWalnuts,YieldingYams,2748028
2026-07-01T18:07:27.978822,2026-07-01T18:07:27.988357+00:00,84.9,200,ask,WavyWalnuts,YieldingYams,2748072
2026-07-01T18:07:29.287644,2026-07-01T18:07:29.294752+00:00,84.9,200,bid,YieldingYams,WavyWalnuts,2748090
2026-07-01T18:07:32.028958,2026-07-01T18:07:32.058668+00:00,84.9,200,ask,AverageAlmonds,WavyWalnuts,2748145
2026-07-01T18:07:33.215018,2026-07-01T18:07:33.223522+00:00,84.9,4,ask,Kelvin Chan,YieldingYams,2748181
2026-07-01T18:07:33.215018,2026-07-01T18:07:33.223522+00:00,84.9,500,ask,AverageAlmonds,YieldingYams,2748182
2026-07-01T18:07:33.597892,2026-07-01T18:07:33.601783+00:00,84.7,3,ask,WavyWalnuts,Xuanyu Liu,2748187
2026-07-01T18:07:33.777798,2026-07-01T18:07:33.787346+00:00,84.8,121,bid,AverageAlmonds,YieldingYams,2748191
2026-07-01T18:07:33.777798,2026-07-01T18:07:33.787346+00:00,84.9,200,bid,AverageAlmonds,WavyWalnuts,2748192
2026-07-01T18:07:33.807232,2026-07-01T18:07:33.811005+00:00,84.9,23,ask,AverageAlmonds,Xuanyu Liu,2748195
2026-07-01T18:07:34.446242,2026-07-01T18:07:34.468685+00:00,84.9,200,ask,AverageAlmonds,WavyWalnuts,2748213
2026-07-01T18:07:34.537179,2026-07-01T18:07:34.540858+00:00,85.1,23,ask,YieldingYams,Xuanyu Liu,2748215
2026-07-01T18:07:35.657997,2026-07-01T18:07:35.669218+00:00,85.1,200,ask,YieldingYams,WavyWalnuts,2748235
2026-07-01T18:07:36.866115,2026-07-01T18:07:36.874443+00:00,85.0,200,ask,YieldingYams,WavyWalnuts,2748261
2026-07-01T18:07:38.451270,2026-07-01T18:07:38.463963+00:00,85.1,200,bid,YieldingYams,WavyWalnuts,2748294
2026-07-01T18:07:39.780467,2026-07-01T18:07:39.784145+00:00,85.1,3,bid,Xuanyu Liu,YieldingYams,2748308
2026-07-01T18:07:40.498541,2026-07-01T18:07:40.507162+00:00,85.1,200,bid,WavyWalnuts,YieldingYams,2748329
2026-07-01T18:07:43.406142,2026-07-01T18:07:43.417625+00:00,85.2,3,bid,BrilliantBurritos,Kelvin Chan,2748374
2026-07-01T18:07:43.406142,2026-07-01T18:07:43.417625+00:00,85.2,17,bid,BrilliantBurritos,WavyWalnuts,2748375
2026-07-01T18:07:47.131937,2026-07-01T18:07:47.137910+00:00,85.2,500,bid,AverageAlmonds,YieldingYams,2748463
2026-07-01T18:07:47.655314,2026-07-01T18:07:47.657353+00:00,85.3,200,bid,YieldingYams,WavyWalnuts,2748480
2026-07-01T18:07:47.655314,2026-07-01T18:07:47.657353+00:00,85.3,8,bid,YieldingYams,Kelvin Chan,2748481
2026-07-01T18:07:47.674951,2026-07-01T18:07:47.679559+00:00,85.3,14,ask,YieldingYams,Xuanyu Liu,2748483
2026-07-01T18:07:52.625264,2026-07-01T18:07:52.664727+00:00,85.3,200,ask,YieldingYams,WavyWalnuts,2748590
2026-07-01T18:07:55.530316,2026-07-01T18:07:55.541924+00:00,85.4,3,bid,YieldingYams,Kelvin Chan,2748634
2026-07-01T18:07:55.530316,2026-07-01T18:07:55.541924+00:00,85.4,200,bid,YieldingYams,WavyWalnuts,2748635
2026-07-01T18:07:55.972221,2026-07-01T18:07:55.975768+00:00,85.5,9,bid,Xuanyu Liu,Kelvin Chan,2748644
2026-07-01T18:07:56.346896,2026-07-01T18:07:56.351016+00:00,85.5,2,bid,Xuanyu Liu,Kelvin Chan,2748652
2026-07-01T18:07:57.521623,2026-07-01T18:07:57.532875+00:00,85.4,20,ask,YieldingYams,BrilliantBurritos,2748677
2026-07-01T18:07:58.150714,2026-07-01T18:07:58.158570+00:00,85.4,200,ask,WavyWalnuts,YieldingYams,2748692
2026-07-01T18:07:58.150714,2026-07-01T18:07:58.158570+00:00,85.4,425,ask,AverageAlmonds,YieldingYams,2748693
2026-07-01T18:07:58.692269,2026-07-01T18:07:58.696122+00:00,85.4,11,bid,Xuanyu Liu,WavyWalnuts,2748711
2026-07-01T18:07:59.458402,2026-07-01T18:07:59.469911+00:00,85.4,189,bid,YieldingYams,WavyWalnuts,2748726
2026-07-01T18:08:05.171956,2026-07-01T18:08:05.175251+00:00,85.4,23,bid,Xuanyu Liu,WavyWalnuts,2748831
2026-07-01T18:08:07.200200,2026-07-01T18:08:07.210018+00:00,85.5,2,bid,WavyWalnuts,Kelvin Chan,2748862
2026-07-01T18:08:08.705844,2026-07-01T18:08:08.709935+00:00,85.4,12,bid,Xuanyu Liu,YieldingYams,2748886
2026-07-01T18:08:09.446877,2026-07-01T18:08:09.447785+00:00,85.3,7,ask,Kelvin Chan,BrilliantBurritos,2748900
2026-07-01T18:08:09.446877,2026-07-01T18:08:09.447785+00:00,85.3,13,ask,WavyWalnuts,BrilliantBurritos,2748901
2026-07-01T18:08:10.859137,2026-07-01T18:08:10.869183+00:00,85.4,200,bid,WavyWalnuts,YieldingYams,2748930
2026-07-01T18:08:11.676100,2026-07-01T18:08:11.687530+00:00,85.4,20,bid,BrilliantBurritos,YieldingYams,2748948
2026-07-01T18:08:11.830041,2026-07-01T18:08:11.833931+00:00,85.4,14,bid,Xuanyu Liu,YieldingYams,2748955
2026-07-01T18:08:13.458327,2026-07-01T18:08:13.469932+00:00,85.3,20,ask,WavyWalnuts,BrilliantBurritos,2748990
2026-07-01T18:08:13.923640,2026-07-01T18:08:13.934403+00:00,85.3,180,ask,WavyWalnuts,YieldingYams,2749006
2026-07-01T18:08:15.699127,2026-07-01T18:08:15.706449+00:00,85.3,200,ask,YieldingYams,WavyWalnuts,2749038
2026-07-01T18:08:16.905516,2026-07-01T18:08:16.912843+00:00,85.3,200,bid,WavyWalnuts,YieldingYams,2749062
2026-07-01T18:08:19.164076,2026-07-01T18:08:19.174767+00:00,85.2,1,ask,Kelvin Chan,YieldingYams,2749112
2026-07-01T18:08:19.164076,2026-07-01T18:08:19.174767+00:00,85.2,200,ask,WavyWalnuts,YieldingYams,2749113
2026-07-01T18:08:19.164076,2026-07-01T18:08:19.174767+00:00,85.2,424,ask,AverageAlmonds,YieldingYams,2749114
2026-07-01T18:08:20.473162,2026-07-01T18:08:20.481959+00:00,85.3,200,bid,YieldingYams,WavyWalnuts,2749134
2026-07-01T18:08:20.538894,2026-07-01T18:08:20.548481+00:00,85.5,200,ask,YieldingYams,WavyWalnuts,2749139
2026-07-01T18:08:20.997117,2026-07-01T18:08:21.008684+00:00,85.6,5,bid,BrilliantBurritos,Kelvin Chan,2749141
2026-07-01T18:08:21.794928,2026-07-01T18:08:21.809000+00:00,85.6,6,bid,YieldingYams,Kelvin Chan,2749161
2026-07-01T18:08:21.794928,2026-07-01T18:08:21.809000+00:00,85.6,200,bid,YieldingYams,WavyWalnuts,2749162
2026-07-01T18:08:22.850277,2026-07-01T18:08:22.858554+00:00,85.6,419,ask,YieldingYams,AverageAlmonds,2749178
2026-07-01T18:08:23.112630,2026-07-01T18:08:23.122841+00:00,85.5,200,ask,WavyWalnuts,YieldingYams,2749186
2026-07-01T18:08:24.167107,2026-07-01T18:08:24.174340+00:00,85.4,200,bid,WavyWalnuts,YieldingYams,2749209
2026-07-01T18:08:25.377863,2026-07-01T18:08:25.384692+00:00,85.5,200,ask,YieldingYams,WavyWalnuts,2749238
2026-07-01T18:08:26.589531,2026-07-01T18:08:26.600118+00:00,85.5,200,ask,YieldingYams,WavyWalnuts,2749279
2026-07-01T18:08:27.591043,2026-07-01T18:08:27.602583+00:00,85.5,150,bid,Chester Au,YieldingYams,2749292
2026-07-01T18:08:29.014136,2026-07-01T18:08:29.022208+00:00,85.5,20,bid,BrilliantBurritos,YieldingYams,2749315
2026-07-01T18:08:33.978427,2026-07-01T18:08:33.985219+00:00,85.8,20,bid,BrilliantBurritos,YieldingYams,2749423
2026-07-01T18:08:37.482558,2026-07-01T18:08:37.490192+00:00,85.8,200,bid,WavyWalnuts,YieldingYams,2749496
2026-07-01T18:08:40.328133,2026-07-01T18:08:40.332622+00:00,85.7,3,ask,WavyWalnuts,Xuanyu Liu,2749555
2026-07-01T18:08:40.331789,2026-07-01T18:08:40.347878+00:00,85.7,145,ask,WavyWalnuts,Chester Au,2749556
2026-07-01T18:08:41.119645,2026-07-01T18:08:41.131040+00:00,85.9,200,bid,WavyWalnuts,YieldingYams,2749576
2026-07-01T18:08:42.834940,2026-07-01T18:08:42.837565+00:00,85.9,1,bid,YieldingYams,Kelvin Chan,2749607
2026-07-01T18:08:42.834940,2026-07-01T18:08:42.837565+00:00,85.9,500,bid,YieldingYams,AverageAlmonds,2749608
2026-07-01T18:08:43.413663,2026-07-01T18:08:43.420459+00:00,85.9,124,ask,YieldingYams,AverageAlmonds,2749621
2026-07-01T18:08:43.413663,2026-07-01T18:08:43.425435+00:00,85.8,200,ask,WavyWalnuts,AverageAlmonds,2749622
2026-07-01T18:08:44.755790,2026-07-01T18:08:44.763870+00:00,85.8,200,ask,YieldingYams,WavyWalnuts,2749648
2026-07-01T18:08:45.100755,2026-07-01T18:08:45.107804+00:00,85.9,20,bid,BrilliantBurritos,AverageAlmonds,2749654
2026-07-01T18:08:46.661997,2026-07-01T18:08:46.669240+00:00,85.7,5,ask,WavyWalnuts,Chester Au,2749688
2026-07-01T18:08:46.768651,2026-07-01T18:08:46.778974+00:00,85.7,195,ask,WavyWalnuts,YieldingYams,2749691
2026-07-01T18:08:47.922420,2026-07-01T18:08:47.933853+00:00,85.7,20,bid,BrilliantBurritos,YieldingYams,2749714
2026-07-01T18:08:49.390198,2026-07-01T18:08:49.396881+00:00,85.8,200,bid,YieldingYams,WavyWalnuts,2749731
2026-07-01T18:08:49.390198,2026-07-01T18:08:49.402124+00:00,85.9,6,bid,YieldingYams,Kelvin Chan,2749732
2026-07-01T18:08:49.390198,2026-07-01T18:08:49.402124+00:00,85.9,419,bid,YieldingYams,AverageAlmonds,2749733
2026-07-01T18:08:54.423230,2026-07-01T18:08:54.431432+00:00,85.7,200,bid,WavyWalnuts,AverageAlmonds,2749840
2026-07-01T18:08:55.649179,2026-07-01T18:08:55.653633+00:00,85.7,11,ask,WavyWalnuts,Xuanyu Liu,2749860
2026-07-01T18:08:56.135880,2026-07-01T18:08:56.146286+00:00,85.7,189,ask,WavyWalnuts,AverageAlmonds,2749871
2026-07-01T18:08:56.135880,2026-07-01T18:08:56.146286+00:00,85.7,311,ask,YieldingYams,AverageAlmonds,2749872
2026-07-01T18:08:56.729422,2026-07-01T18:08:56.738024+00:00,85.7,314,ask,YieldingYams,AverageAlmonds,2749892
2026-07-01T18:08:57.252764,2026-07-01T18:08:57.263894+00:00,85.6,1,ask,Kelvin Chan,YieldingYams,2749907
2026-07-01T18:08:57.252764,2026-07-01T18:08:57.263894+00:00,85.5,200,ask,WavyWalnuts,YieldingYams,2749908
2026-07-01T18:08:57.686944,2026-07-01T18:08:57.698708+00:00,85.4,20,bid,BrilliantBurritos,YieldingYams,2749912
2026-07-01T18:08:58.046495,2026-07-01T18:08:58.058617+00:00,85.4,200,bid,WavyWalnuts,YieldingYams,2749921
2026-07-01T18:08:59.261189,2026-07-01T18:08:59.269096+00:00,85.5,200,bid,WavyWalnuts,YieldingYams,2749947
2026-07-01T18:08:59.333514,2026-07-01T18:08:59.337458+00:00,85.4,9,ask,Kelvin Chan,Xuanyu Liu,2749952
2026-07-01T18:08:59.343012,2026-07-01T18:08:59.346919+00:00,85.3,26,ask,YieldingYams,Xuanyu Liu,2749954
2026-07-01T18:08:59.498785,2026-07-01T18:08:59.502365+00:00,85.4,10,ask,Kelvin Chan,Xuanyu Liu,2749956
2026-07-01T18:08:59.539444,2026-07-01T18:08:59.543015+00:00,85.4,1,ask,Kelvin Chan,Xuanyu Liu,2749959
2026-07-01T18:08:59.897106,2026-07-01T18:08:59.900522+00:00,85.7,34,ask,YieldingYams,Xuanyu Liu,2749967
2026-07-01T18:09:00.474589,2026-07-01T18:09:00.484554+00:00,85.7,200,ask,YieldingYams,WavyWalnuts,2749982
2026-07-01T18:09:01.685597,2026-07-01T18:09:01.692289+00:00,85.6,200,bid,WavyWalnuts,YieldingYams,2750009
2026-07-01T18:09:02.226926,2026-07-01T18:09:02.230749+00:00,85.6,34,bid,Xuanyu Liu,YieldingYams,2750020
2026-07-01T18:09:02.925063,2026-07-01T18:09:02.928750+00:00,85.7,2,bid,Xuanyu Liu,WavyWalnuts,2750035
2026-07-01T18:09:03.815967,2026-07-01T18:09:03.827067+00:00,85.7,198,bid,YieldingYams,WavyWalnuts,2750064
2026-07-01T18:09:07.763881,2026-07-01T18:09:07.774262+00:00,85.9,1,bid,WavyWalnuts,Kelvin Chan,2750139
2026-07-01T18:09:07.763881,2026-07-01T18:09:07.774262+00:00,85.9,199,bid,WavyWalnuts,YieldingYams,2750140
2026-07-01T18:09:09.096938,2026-07-01T18:09:09.106260+00:00,85.8,200,ask,WavyWalnuts,YieldingYams,2750174
2026-07-01T18:09:09.112037,2026-07-01T18:09:09.115828+00:00,85.8,9,bid,Xuanyu Liu,YieldingYams,2750176
2026-07-01T18:09:11.722275,2026-07-01T18:09:11.728864+00:00,85.7,200,ask,WavyWalnuts,YieldingYams,2750216
2026-07-01T18:09:11.934429,2026-07-01T18:09:11.938232+00:00,85.7,12,bid,Xuanyu Liu,YieldingYams,2750218
2026-07-01T18:09:12.602588,2026-07-01T18:09:12.609797+00:00,85.7,200,bid,WavyWalnuts,YieldingYams,2750227
2026-07-01T18:09:14.343481,2026-07-01T18:09:14.358595+00:00,85.8,200,bid,YieldingYams,WavyWalnuts,2750264
2026-07-01T18:09:15.021872,2026-07-01T18:09:15.029772+00:00,85.8,200,ask,YieldingYams,WavyWalnuts,2750275
2026-07-01T18:09:15.660278,2026-07-01T18:09:15.669897+00:00,85.6,6,ask,Kelvin Chan,YieldingYams,2750294
2026-07-01T18:09:15.660278,2026-07-01T18:09:15.669897+00:00,85.6,200,ask,WavyWalnuts,YieldingYams,2750295
2026-07-01T18:09:15.660278,2026-07-01T18:09:15.669897+00:00,85.6,419,ask,AverageAlmonds,YieldingYams,2750296
2026-07-01T18:09:17.981880,2026-07-01T18:09:17.985194+00:00,85.8,11,bid,Xuanyu Liu,WavyWalnuts,2750351
2026-07-01T18:09:18.275829,2026-07-01T18:09:18.285143+00:00,85.8,189,bid,YieldingYams,WavyWalnuts,2750355
2026-07-01T18:09:21.060257,2026-07-01T18:09:21.068989+00:00,85.8,200,ask,YieldingYams,WavyWalnuts,2750401
2026-07-01T18:09:23.527471,2026-07-01T18:09:23.536971+00:00,85.8,200,ask,WavyWalnuts,YieldingYams,2750465
2026-07-01T18:09:23.543732,2026-07-01T18:09:23.547361+00:00,85.8,11,bid,Xuanyu Liu,YieldingYams,2750467
2026-07-01T18:09:24.696988,2026-07-01T18:09:24.705934+00:00,85.8,200,bid,WavyWalnuts,YieldingYams,2750497
2026-07-01T18:09:24.864164,2026-07-01T18:09:24.867421+00:00,85.8,22,ask,YieldingYams,Xuanyu Liu,2750509
2026-07-01T18:09:27.742053,2026-07-01T18:09:27.747064+00:00,85.9,3,bid,Xuanyu Liu,Kelvin Chan,2750567
2026-07-01T18:09:27.742053,2026-07-01T18:09:27.747064+00:00,85.9,8,bid,Xuanyu Liu,WavyWalnuts,2750568
2026-07-01T18:09:28.742786,2026-07-01T18:09:28.763966+00:00,85.9,20,bid,BrilliantBurritos,WavyWalnuts,2750585
2026-07-01T18:09:30.274210,2026-07-01T18:09:30.285655+00:00,85.9,20,bid,BrilliantBurritos,WavyWalnuts,2750621
2026-07-01T18:09:30.754858,2026-07-01T18:09:30.768669+00:00,85.8,200,ask,YieldingYams,WavyWalnuts,2750631
2026-07-01T18:09:32.010399,2026-07-01T18:09:32.021880+00:00,85.8,20,ask,YieldingYams,BrilliantBurritos,2750664
2026-07-01T18:09:32.718937,2026-07-01T18:09:32.728004+00:00,85.9,200,bid,YieldingYams,WavyWalnuts,2750676
2026-07-01T18:09:34.034881,2026-07-01T18:09:34.046032+00:00,86.0,3,bid,YieldingYams,Kelvin Chan,2750703
2026-07-01T18:09:34.034881,2026-07-01T18:09:34.046032+00:00,86.0,200,bid,YieldingYams,WavyWalnuts,2750704
2026-07-01T18:09:34.266801,2026-07-01T18:09:34.274169+00:00,86.0,422,ask,YieldingYams,AverageAlmonds,2750709
2026-07-01T18:09:35.594197,2026-07-01T18:09:35.605139+00:00,85.9,200,bid,WavyWalnuts,YieldingYams,2750753
2026-07-01T18:09:37.002566,2026-07-01T18:09:37.006761+00:00,85.9,11,ask,YieldingYams,Xuanyu Liu,2750773
2026-07-01T18:09:37.089476,2026-07-01T18:09:37.100889+00:00,85.9,20,ask,YieldingYams,BrilliantBurritos,2750774
2026-07-01T18:09:37.971490,2026-07-01T18:09:37.979358+00:00,85.8,200,ask,WavyWalnuts,YieldingYams,2750789
2026-07-01T18:09:40.438116,2026-07-01T18:09:40.445917+00:00,85.6,1,ask,Kelvin Chan,WavyWalnuts,2750833
2026-07-01T18:09:40.438116,2026-07-01T18:09:40.458820+00:00,85.6,199,ask,YieldingYams,WavyWalnuts,2750834
2026-07-01T18:09:41.647672,2026-07-01T18:09:41.650119+00:00,85.6,200,bid,WavyWalnuts,YieldingYams,2750860
2026-07-01T18:09:43.221378,2026-07-01T18:09:43.232449+00:00,85.6,200,ask,WavyWalnuts,YieldingYams,2750895
2026-07-01T18:09:43.221378,2026-07-01T18:09:43.232449+00:00,85.6,1,ask,Kelvin Chan,YieldingYams,2750896
2026-07-01T18:09:44.046651,2026-07-01T18:09:44.058615+00:00,85.6,20,bid,BrilliantBurritos,YieldingYams,2750910
2026-07-01T18:09:44.075306,2026-07-01T18:09:44.083057+00:00,85.6,200,bid,WavyWalnuts,YieldingYams,2750914
2026-07-01T18:09:44.595425,2026-07-01T18:09:44.599737+00:00,85.7,12,ask,YieldingYams,Xuanyu Liu,2750933
2026-07-01T18:09:45.296703,2026-07-01T18:09:45.304116+00:00,85.7,200,ask,YieldingYams,WavyWalnuts,2750939
2026-07-01T18:09:46.503908,2026-07-01T18:09:46.512940+00:00,85.7,200,bid,WavyWalnuts,YieldingYams,2750967
2026-07-01T18:09:48.465064,2026-07-01T18:09:48.471747+00:00,85.8,200,bid,YieldingYams,WavyWalnuts,2751007
2026-07-01T18:09:48.483593,2026-07-01T18:09:48.487586+00:00,85.8,11,ask,YieldingYams,Xuanyu Liu,2751010
2026-07-01T18:09:48.928058,2026-07-01T18:09:48.937065+00:00,85.9,200,bid,WavyWalnuts,YieldingYams,2751016
2026-07-01T18:09:50.165263,2026-07-01T18:09:50.168980+00:00,85.9,11,ask,WavyWalnuts,Xuanyu Liu,2751032
2026-07-01T18:09:52.560524,2026-07-01T18:09:52.569988+00:00,85.9,200,ask,YieldingYams,WavyWalnuts,2751072
2026-07-01T18:09:53.117117,2026-07-01T18:09:53.121004+00:00,85.9,12,ask,YieldingYams,Xuanyu Liu,2751085
2026-07-01T18:09:53.766542,2026-07-01T18:09:53.775537+00:00,85.9,200,bid,WavyWalnuts,YieldingYams,2751100
2026-07-01T18:09:55.023670,2026-07-01T18:09:55.034563+00:00,85.8,200,ask,WavyWalnuts,YieldingYams,2751120
2026-07-01T18:09:56.180453,2026-07-01T18:09:56.190683+00:00,85.8,200,bid,WavyWalnuts,YieldingYams,2751154
2026-07-01T18:09:57.390684,2026-07-01T18:09:57.399610+00:00,85.9,200,bid,WavyWalnuts,YieldingYams,2751173
2026-07-01T18:09:57.654850,2026-07-01T18:09:57.658592+00:00,85.8,11,ask,YieldingYams,Xuanyu Liu,2751184
2026-07-01T18:09:59.819680,2026-07-01T18:09:59.828951+00:00,85.8,200,ask,YieldingYams,WavyWalnuts,2751225
2026-07-01T18:10:01.032235,2026-07-01T18:10:01.042064+00:00,85.7,4,ask,Kelvin Chan,WavyWalnuts,2751245
2026-07-01T18:10:01.032235,2026-07-01T18:10:01.042064+00:00,85.7,196,ask,YieldingYams,WavyWalnuts,2751246
2026-07-01T18:10:02.889021,2026-07-01T18:10:02.899715+00:00,85.7,11,ask,Kelvin Chan,YieldingYams,2751281
2026-07-01T18:10:03.151331,2026-07-01T18:10:03.158593+00:00,85.6,20,ask,WavyWalnuts,BrilliantBurritos,2751289
2026-07-01T18:10:04.671408,2026-07-01T18:10:04.680141+00:00,85.7,200,bid,WavyWalnuts,YieldingYams,2751311
2026-07-01T18:10:05.924936,2026-07-01T18:10:05.936151+00:00,85.7,20,bid,BrilliantBurritos,YieldingYams,2751330
2026-07-01T18:10:07.096929,2026-07-01T18:10:07.103839+00:00,85.7,200,bid,WavyWalnuts,YieldingYams,2751356
2026-07-01T18:10:08.314957,2026-07-01T18:10:08.325927+00:00,85.9,200,ask,YieldingYams,WavyWalnuts,2751385
2026-07-01T18:10:09.401723,2026-07-01T18:10:09.409767+00:00,85.9,425,ask,YieldingYams,AverageAlmonds,2751396
2026-07-01T18:10:10.745542,2026-07-01T18:10:10.749179+00:00,85.7,11,bid,Xuanyu Liu,WavyWalnuts,2751423
2026-07-01T18:10:12.127671,2026-07-01T18:10:12.133713+00:00,85.6,6,ask,Kelvin Chan,Xuanyu Liu,2751443
2026-07-01T18:10:12.127671,2026-07-01T18:10:12.133713+00:00,85.6,11,ask,YieldingYams,Xuanyu Liu,2751444
2026-07-01T18:10:13.162576,2026-07-01T18:10:13.173931+00:00,85.6,200,ask,YieldingYams,WavyWalnuts,2751461
2026-07-01T18:10:16.000343,2026-07-01T18:10:16.009602+00:00,85.8,500,bid,YieldingYams,AverageAlmonds,2751512
2026-07-01T18:10:16.000343,2026-07-01T18:10:16.009602+00:00,85.8,125,bid,YieldingYams,WavyWalnuts,2751513
2026-07-01T18:10:16.674997,2026-07-01T18:10:16.678667+00:00,85.7,6,bid,Xuanyu Liu,AverageAlmonds,2751520
2026-07-01T18:10:16.789257,2026-07-01T18:10:16.800488+00:00,85.7,200,bid,WavyWalnuts,AverageAlmonds,2751523
2026-07-01T18:10:17.324169,2026-07-01T18:10:17.327869+00:00,85.5,23,bid,Xuanyu Liu,YieldingYams,2751530
2026-07-01T18:10:17.998557,2026-07-01T18:10:18.007806+00:00,85.5,200,bid,WavyWalnuts,YieldingYams,2751537
2026-07-01T18:10:18.627656,2026-07-01T18:10:18.647451+00:00,85.6,500,bid,YieldingYams,AverageAlmonds,2751549
2026-07-01T18:10:18.643419,2026-07-01T18:10:18.647451+00:00,85.6,23,ask,YieldingYams,Xuanyu Liu,2751551
2026-07-01T18:10:19.090710,2026-07-01T18:10:19.101500+00:00,85.6,102,ask,YieldingYams,AverageAlmonds,2751555
2026-07-01T18:10:19.209847,2026-07-01T18:10:19.221487+00:00,85.6,200,bid,WavyWalnuts,AverageAlmonds,2751557
2026-07-01T18:10:20.418561,2026-07-01T18:10:20.428963+00:00,85.5,200,bid,WavyWalnuts,YieldingYams,2751577
2026-07-01T18:10:21.633106,2026-07-01T18:10:21.641567+00:00,85.4,200,ask,YieldingYams,WavyWalnuts,2751597
2026-07-01T18:10:22.576086,2026-07-01T18:10:22.580562+00:00,85.5,11,bid,Xuanyu Liu,YieldingYams,2751614
2026-07-01T18:10:24.051445,2026-07-01T18:10:24.058587+00:00,85.4,200,ask,YieldingYams,WavyWalnuts,2751632
2026-07-01T18:10:25.183307,2026-07-01T18:10:25.184940+00:00,85.3,200,ask,WavyWalnuts,YieldingYams,2751661
2026-07-01T18:10:25.201586,2026-07-01T18:10:25.205295+00:00,85.3,12,bid,Xuanyu Liu,YieldingYams,2751663
2026-07-01T18:10:26.490890,2026-07-01T18:10:26.501747+00:00,85.3,200,bid,YieldingYams,WavyWalnuts,2751679
2026-07-01T18:10:29.110864,2026-07-01T18:10:29.130538+00:00,85.4,200,bid,YieldingYams,WavyWalnuts,2751726
2026-07-01T18:10:29.126978,2026-07-01T18:10:29.130538+00:00,85.4,12,ask,YieldingYams,Xuanyu Liu,2751728
2026-07-01T18:10:30.100164,2026-07-01T18:10:30.109118+00:00,85.5,4,bid,WavyWalnuts,Kelvin Chan,2751742
2026-07-01T18:10:30.421286,2026-07-01T18:10:30.430432+00:00,85.5,196,ask,WavyWalnuts,YieldingYams,2751748
2026-07-01T18:10:32.534773,2026-07-01T18:10:32.541406+00:00,85.4,200,ask,YieldingYams,WavyWalnuts,2751792
2026-07-01T18:10:36.975322,2026-07-01T18:10:36.986200+00:00,85.5,200,ask,WavyWalnuts,YieldingYams,2751902
2026-07-01T18:10:37.365767,2026-07-01T18:10:37.375151+00:00,85.5,200,bid,WavyWalnuts,YieldingYams,2751915
2026-07-01T18:10:38.301466,2026-07-01T18:10:38.311928+00:00,85.6,8,bid,YieldingYams,Kelvin Chan,2751930
2026-07-01T18:10:38.575823,2026-07-01T18:10:38.583585+00:00,85.6,200,ask,YieldingYams,WavyWalnuts,2751933
2026-07-01T18:10:40.988751,2026-07-01T18:10:40.997004+00:00,85.6,7,bid,WavyWalnuts,Kelvin Chan,2751974
2026-07-01T18:10:48.264555,2026-07-01T18:10:48.275445+00:00,85.6,200,ask,YieldingYams,WavyWalnuts,2752121
2026-07-01T18:10:48.861243,2026-07-01T18:10:48.868745+00:00,85.6,20,bid,BrilliantBurritos,YieldingYams,2752144
2026-07-01T18:10:50.120589,2026-07-01T18:10:50.128456+00:00,85.6,200,bid,YieldingYams,WavyWalnuts,2752177
2026-07-01T18:10:50.120589,2026-07-01T18:10:50.133709+00:00,85.6,425,bid,YieldingYams,AverageAlmonds,2752178
2026-07-01T18:10:50.676313,2026-07-01T18:10:50.684953+00:00,85.6,200,bid,WavyWalnuts,AverageAlmonds,2752182
2026-07-01T18:10:51.884963,2026-07-01T18:10:51.895682+00:00,85.6,200,bid,WavyWalnuts,YieldingYams,2752212
2026-07-01T18:10:53.093798,2026-07-01T18:10:53.102196+00:00,85.6,200,bid,WavyWalnuts,YieldingYams,2752241
2026-07-01T18:10:53.954337,2026-07-01T18:10:53.968682+00:00,85.4,1,ask,Kelvin Chan,BrilliantBurritos,2752256
2026-07-01T18:10:53.954337,2026-07-01T18:10:53.968682+00:00,85.4,19,ask,YieldingYams,BrilliantBurritos,2752257
2026-07-01T18:10:55.377247,2026-07-01T18:10:55.388530+00:00,85.5,200,ask,WavyWalnuts,YieldingYams,2752292
2026-07-01T18:10:55.420327,2026-07-01T18:10:55.426461+00:00,85.4,425,bid,AverageAlmonds,YieldingYams,2752294
2026-07-01T18:10:56.684820,2026-07-01T18:10:56.693091+00:00,85.5,200,bid,YieldingYams,WavyWalnuts,2752317
2026-07-01T18:10:56.730195,2026-07-01T18:10:56.738754+00:00,85.6,200,ask,YieldingYams,WavyWalnuts,2752319
2026-07-01T18:10:57.940418,2026-07-01T18:10:57.958578+00:00,85.6,200,ask,YieldingYams,WavyWalnuts,2752342
2026-07-01T18:11:04.010048,2026-07-01T18:11:04.019137+00:00,85.7,2,bid,WavyWalnuts,Kelvin Chan,2752450
2026-07-01T18:11:04.010048,2026-07-01T18:11:04.019137+00:00,85.8,198,bid,WavyWalnuts,YieldingYams,2752451
2026-07-01T18:11:05.227903,2026-07-01T18:11:05.234616+00:00,85.9,200,bid,WavyWalnuts,AverageAlmonds,2752483
2026-07-01T18:11:05.929188,2026-07-01T18:11:05.933630+00:00,85.9,3,bid,Xuanyu Liu,Kelvin Chan,2752492
2026-07-01T18:11:05.929188,2026-07-01T18:11:05.933630+00:00,85.9,20,bid,Xuanyu Liu,AverageAlmonds,2752493
2026-07-01T18:11:06.438461,2026-07-01T18:11:06.447026+00:00,85.9,200,bid,WavyWalnuts,AverageAlmonds,2752501
2026-07-01T18:11:07.178478,2026-07-01T18:11:07.189700+00:00,85.9,2,bid,YieldingYams,Kelvin Chan,2752517
2026-07-01T18:11:07.178478,2026-07-01T18:11:07.189700+00:00,85.9,500,bid,YieldingYams,AverageAlmonds,2752518
2026-07-01T18:11:07.527127,2026-07-01T18:11:07.540684+00:00,85.9,123,ask,YieldingYams,AverageAlmonds,2752520
2026-07-01T18:11:08.494521,2026-07-01T18:11:08.501851+00:00,85.8,200,ask,WavyWalnuts,YieldingYams,2752542
2026-07-01T18:11:08.548682,2026-07-01T18:11:08.559602+00:00,85.8,11,bid,Xuanyu Liu,YieldingYams,2752545
2026-07-01T18:11:10.068446,2026-07-01T18:11:10.078492+00:00,85.7,200,bid,WavyWalnuts,YieldingYams,2752572
2026-07-01T18:11:13.516320,2026-07-01T18:11:13.526449+00:00,85.7,20,ask,YieldingYams,BrilliantBurritos,2752630
2026-07-01T18:11:13.696743,2026-07-01T18:11:13.705331+00:00,85.9,200,bid,WavyWalnuts,YieldingYams,2752641
2026-07-01T18:11:14.904639,2026-07-01T18:11:14.914123+00:00,85.9,200,bid,WavyWalnuts,YieldingYams,2752655
2026-07-01T18:11:15.044202,2026-07-01T18:11:15.048471+00:00,85.9,1,bid,YieldingYams,Kelvin Chan,2752664
2026-07-01T18:11:15.044202,2026-07-01T18:11:15.048471+00:00,85.9,500,bid,YieldingYams,AverageAlmonds,2752665
2026-07-01T18:11:15.391102,2026-07-01T18:11:15.400258+00:00,85.9,124,ask,YieldingYams,AverageAlmonds,2752670
2026-07-01T18:11:16.132575,2026-07-01T18:11:16.136202+00:00,85.8,12,bid,Xuanyu Liu,WavyWalnuts,2752683
2026-07-01T18:11:16.374873,2026-07-01T18:11:16.378228+00:00,85.7,11,bid,Xuanyu Liu,YieldingYams,2752688
2026-07-01T18:11:17.669399,2026-07-01T18:11:17.677050+00:00,85.6,11,ask,Kelvin Chan,YieldingYams,2752718
2026-07-01T18:11:17.687853,2026-07-01T18:11:17.691678+00:00,85.6,12,bid,Xuanyu Liu,YieldingYams,2752720
2026-07-01T18:11:18.537864,2026-07-01T18:11:18.544278+00:00,85.6,200,bid,WavyWalnuts,YieldingYams,2752746
2026-07-01T18:11:18.649219,2026-07-01T18:11:18.652960+00:00,85.5,8,ask,Kelvin Chan,Xuanyu Liu,2752751
2026-07-01T18:11:18.658300,2026-07-01T18:11:18.662116+00:00,85.4,15,ask,YieldingYams,Xuanyu Liu,2752753
2026-07-01T18:11:19.001039,2026-07-01T18:11:19.004384+00:00,85.5,12,ask,YieldingYams,Xuanyu Liu,2752761
2026-07-01T18:11:19.194112,2026-07-01T18:11:19.205415+00:00,85.5,20,ask,YieldingYams,BrilliantBurritos,2752765
2026-07-01T18:11:20.958503,2026-07-01T18:11:20.969721+00:00,85.5,8,ask,Kelvin Chan,WavyWalnuts,2752808
2026-07-01T18:11:21.772526,2026-07-01T18:11:21.783786+00:00,85.4,10,ask,Kelvin Chan,BrilliantBurritos,2752814
2026-07-01T18:11:22.082884,2026-07-01T18:11:22.086642+00:00,85.5,4,bid,Xuanyu Liu,WavyWalnuts,2752823
2026-07-01T18:11:22.168329,2026-07-01T18:11:22.177857+00:00,85.4,9,ask,Kelvin Chan,WavyWalnuts,2752829
2026-07-01T18:11:22.183542,2026-07-01T18:11:22.187155+00:00,85.4,8,bid,Xuanyu Liu,WavyWalnuts,2752831
2026-07-01T18:11:22.915904,2026-07-01T18:11:22.922921+00:00,85.4,183,bid,YieldingYams,WavyWalnuts,2752842
2026-07-01T18:11:24.522304,2026-07-01T18:11:24.525703+00:00,85.6,11,bid,Xuanyu Liu,YieldingYams,2752879
2026-07-01T18:11:26.860728,2026-07-01T18:11:26.868937+00:00,85.6,200,ask,WavyWalnuts,YieldingYams,2752913
2026-07-01T18:11:26.874996,2026-07-01T18:11:26.878862+00:00,85.5,12,bid,Xuanyu Liu,YieldingYams,2752915
2026-07-01T18:11:27.000112,2026-07-01T18:11:27.008330+00:00,85.5,200,bid,WavyWalnuts,YieldingYams,2752919
2026-07-01T18:11:29.485055,2026-07-01T18:11:29.492400+00:00,85.5,200,ask,WavyWalnuts,YieldingYams,2752962
2026-07-01T18:11:32.107831,2026-07-01T18:11:32.115596+00:00,85.5,200,bid,YieldingYams,WavyWalnuts,2753014
2026-07-01T18:11:34.255668,2026-07-01T18:11:34.258587+00:00,85.6,200,bid,WavyWalnuts,YieldingYams,2753053
2026-07-01T18:11:35.486873,2026-07-01T18:11:35.493498+00:00,85.6,200,bid,WavyWalnuts,YieldingYams,2753077
2026-07-01T18:11:36.074631,2026-07-01T18:11:36.078568+00:00,85.6,12,ask,YieldingYams,Xuanyu Liu,2753089
2026-07-01T18:11:36.162182,2026-07-01T18:11:36.169510+00:00,85.6,20,ask,YieldingYams,BrilliantBurritos,2753090
2026-07-01T18:11:38.311877,2026-07-01T18:11:38.323570+00:00,85.5,20,ask,YieldingYams,BrilliantBurritos,2753120
2026-07-01T18:11:40.332985,2026-07-01T18:11:40.340046+00:00,85.6,200,bid,WavyWalnuts,YieldingYams,2753161
2026-07-01T18:11:40.797780,2026-07-01T18:11:40.802070+00:00,85.5,11,ask,YieldingYams,Xuanyu Liu,2753169
2026-07-01T18:11:41.296494,2026-07-01T18:11:41.300515+00:00,85.6,12,ask,YieldingYams,Xuanyu Liu,2753181
2026-07-01T18:11:43.894521,2026-07-01T18:11:43.907834+00:00,85.5,200,ask,WavyWalnuts,YieldingYams,2753217
2026-07-01T18:11:43.894521,2026-07-01T18:11:43.907834+00:00,85.5,425,ask,AverageAlmonds,YieldingYams,2753218
2026-07-01T18:11:43.903976,2026-07-01T18:11:43.907834+00:00,85.6,12,bid,Xuanyu Liu,WavyWalnuts,2753220
2026-07-01T18:11:47.615258,2026-07-01T18:11:47.624945+00:00,85.7,2,bid,WavyWalnuts,Kelvin Chan,2753300
2026-07-01T18:11:47.615258,2026-07-01T18:11:47.624945+00:00,85.7,198,bid,WavyWalnuts,YieldingYams,2753301
2026-07-01T18:11:48.824965,2026-07-01T18:11:48.833545+00:00,85.6,200,bid,WavyWalnuts,YieldingYams,2753332
2026-07-01T18:11:50.439863,2026-07-01T18:11:50.448469+00:00,85.5,500,ask,AverageAlmonds,YieldingYams,2753353
2026-07-01T18:11:50.439863,2026-07-01T18:11:50.448469+00:00,85.5,125,ask,WavyWalnuts,YieldingYams,2753354
2026-07-01T18:11:51.259328,2026-07-01T18:11:51.269291+00:00,85.5,200,ask,AverageAlmonds,WavyWalnuts,2753370
2026-07-01T18:11:53.390715,2026-07-01T18:11:53.396023+00:00,85.7,3,bid,Xuanyu Liu,Kelvin Chan,2753412
2026-07-01T18:11:53.390715,2026-07-01T18:11:53.396023+00:00,85.7,31,bid,Xuanyu Liu,WavyWalnuts,2753413
2026-07-01T18:11:54.374624,2026-07-01T18:11:54.394423+00:00,85.6,200,ask,WavyWalnuts,YieldingYams,2753431
2026-07-01T18:11:54.390825,2026-07-01T18:11:54.394423+00:00,85.6,3,bid,Xuanyu Liu,YieldingYams,2753433
2026-07-01T18:11:54.891486,2026-07-01T18:11:54.901458+00:00,85.4,1,ask,Kelvin Chan,WavyWalnuts,2753444
2026-07-01T18:11:54.891486,2026-07-01T18:11:54.901458+00:00,85.4,199,ask,YieldingYams,WavyWalnuts,2753445
2026-07-01T18:11:56.102322,2026-07-01T18:11:56.109914+00:00,85.6,200,ask,YieldingYams,WavyWalnuts,2753467
2026-07-01T18:11:57.310925,2026-07-01T18:11:57.318234+00:00,85.5,200,ask,YieldingYams,WavyWalnuts,2753479
2026-07-01T18:11:58.535933,2026-07-01T18:11:58.544167+00:00,85.5,200,ask,YieldingYams,WavyWalnuts,2753504
2026-07-01T18:11:59.622900,2026-07-01T18:11:59.633293+00:00,85.4,5,ask,Kelvin Chan,YieldingYams,2753523
2026-07-01T18:11:59.742782,2026-07-01T18:11:59.746542+00:00,85.4,200,bid,WavyWalnuts,YieldingYams,2753525
2026-07-01T18:12:00.958079,2026-07-01T18:12:00.969302+00:00,85.5,200,bid,WavyWalnuts,YieldingYams,2753561
2026-07-01T18:12:00.997041,2026-07-01T18:12:01.008697+00:00,85.3,20,ask,AverageAlmonds,BrilliantBurritos,2753562
2026-07-01T18:12:02.169124,2026-07-01T18:12:02.178454+00:00,85.5,200,bid,WavyWalnuts,YieldingYams,2753585
2026-07-01T18:12:03.378666,2026-07-01T18:12:03.387396+00:00,85.6,200,bid,WavyWalnuts,YieldingYams,2753611
2026-07-01T18:12:03.560913,2026-07-01T18:12:03.570633+00:00,85.7,2,bid,YieldingYams,Kelvin Chan,2753617
2026-07-01T18:12:03.560913,2026-07-01T18:12:03.570633+00:00,85.7,500,bid,YieldingYams,AverageAlmonds,2753618
2026-07-01T18:12:03.576329,2026-07-01T18:12:03.579893+00:00,85.7,1,ask,YieldingYams,Xuanyu Liu,2753621
2026-07-01T18:12:03.823164,2026-07-01T18:12:03.834061+00:00,85.7,122,ask,YieldingYams,AverageAlmonds,2753622
2026-07-01T18:12:06.035853,2026-07-01T18:12:06.039809+00:00,85.5,1,bid,Xuanyu Liu,YieldingYams,2753665
2026-07-01T18:12:07.015883,2026-07-01T18:12:07.024458+00:00,85.4,3,ask,Kelvin Chan,WavyWalnuts,2753677
2026-07-01T18:12:08.074511,2026-07-01T18:12:08.084638+00:00,85.4,197,bid,AverageAlmonds,WavyWalnuts,2753696
2026-07-01T18:12:08.074511,2026-07-01T18:12:08.084638+00:00,85.4,303,bid,AverageAlmonds,YieldingYams,2753697
2026-07-01T18:12:09.552654,2026-07-01T18:12:09.564295+00:00,85.5,20,bid,BrilliantBurritos,WavyWalnuts,2753737
2026-07-01T18:12:10.123646,2026-07-01T18:12:10.130642+00:00,85.5,180,bid,YieldingYams,WavyWalnuts,2753757
2026-07-01T18:12:10.123646,2026-07-01T18:12:10.136090+00:00,85.6,3,bid,YieldingYams,Kelvin Chan,2753758
2026-07-01T18:12:10.641069,2026-07-01T18:12:10.658534+00:00,85.6,200,ask,YieldingYams,WavyWalnuts,2753764
2026-07-01T18:12:11.689973,2026-07-01T18:12:11.697511+00:00,85.4,500,bid,AverageAlmonds,YieldingYams,2753781
2026-07-01T18:12:11.846717,2026-07-01T18:12:11.858567+00:00,85.4,125,bid,WavyWalnuts,YieldingYams,2753784
2026-07-01T18:12:12.747691,2026-07-01T18:12:12.758570+00:00,85.6,200,bid,YieldingYams,WavyWalnuts,2753804
2026-07-01T18:12:12.747691,2026-07-01T18:12:12.758570+00:00,85.7,2,bid,YieldingYams,Kelvin Chan,2753805
2026-07-01T18:12:13.059877,2026-07-01T18:12:13.069157+00:00,85.8,200,ask,YieldingYams,WavyWalnuts,2753811
2026-07-01T18:12:13.527333,2026-07-01T18:12:13.535627+00:00,85.8,223,ask,YieldingYams,AverageAlmonds,2753814
2026-07-01T18:12:16.202667,2026-07-01T18:12:16.213391+00:00,85.3,6,ask,Kelvin Chan,BrilliantBurritos,2753876
2026-07-01T18:12:16.202667,2026-07-01T18:12:16.213391+00:00,85.3,14,ask,YieldingYams,BrilliantBurritos,2753877
2026-07-01T18:12:16.698333,2026-07-01T18:12:16.707663+00:00,85.3,8,ask,Kelvin Chan,YieldingYams,2753893
2026-07-01T18:12:16.698333,2026-07-01T18:12:16.707663+00:00,85.2,500,ask,AverageAlmonds,YieldingYams,2753894
2026-07-01T18:12:16.715031,2026-07-01T18:12:16.726795+00:00,85.2,117,bid,WavyWalnuts,YieldingYams,2753896
2026-07-01T18:12:17.930157,2026-07-01T18:12:17.938732+00:00,85.3,6,ask,Kelvin Chan,WavyWalnuts,2753915
2026-07-01T18:12:18.006541,2026-07-01T18:12:18.014222+00:00,85.3,194,bid,YieldingYams,WavyWalnuts,2753918
2026-07-01T18:12:19.142627,2026-07-01T18:12:19.158561+00:00,85.4,200,ask,YieldingYams,WavyWalnuts,2753938
2026-07-01T18:12:19.341936,2026-07-01T18:12:19.348481+00:00,85.3,3,ask,Kelvin Chan,YieldingYams,2753945
2026-07-01T18:12:19.884760,2026-07-01T18:12:19.896313+00:00,85.3,20,bid,BrilliantBurritos,YieldingYams,2753956
2026-07-01T18:12:20.352079,2026-07-01T18:12:20.364102+00:00,85.3,200,bid,WavyWalnuts,YieldingYams,2753962
2026-07-01T18:12:21.561892,2026-07-01T18:12:21.570296+00:00,85.2,200,bid,WavyWalnuts,YieldingYams,2753992
2026-07-01T18:12:22.779634,2026-07-01T18:12:22.790758+00:00,85.2,200,ask,YieldingYams,WavyWalnuts,2754013
2026-07-01T18:12:24.596988,2026-07-01T18:12:24.606924+00:00,85.1,1,ask,Kelvin Chan,YieldingYams,2754051
2026-07-01T18:12:24.596988,2026-07-01T18:12:24.606924+00:00,85.1,200,ask,WavyWalnuts,YieldingYams,2754052
2026-07-01T18:12:28.540526,2026-07-01T18:12:28.548481+00:00,85.1,200,ask,WavyWalnuts,YieldingYams,2754133
2026-07-01T18:12:28.540526,2026-07-01T18:12:28.548481+00:00,85.1,425,ask,AverageAlmonds,YieldingYams,2754134
2026-07-01T18:12:29.882187,2026-07-01T18:12:29.889870+00:00,85.2,200,bid,YieldingYams,WavyWalnuts,2754160
2026-07-01T18:12:30.042825,2026-07-01T18:12:30.058586+00:00,85.4,200,ask,YieldingYams,WavyWalnuts,2754164
2026-07-01T18:12:30.817459,2026-07-01T18:12:30.828808+00:00,85.5,8,bid,BrilliantBurritos,Kelvin Chan,2754179
2026-07-01T18:12:31.262488,2026-07-01T18:12:31.273409+00:00,85.3,4,bid,Chester Au,WavyWalnuts,2754188
2026-07-01T18:12:31.269923,2026-07-01T18:12:31.273409+00:00,85.3,3,bid,Xuanyu Liu,WavyWalnuts,2754190
2026-07-01T18:12:37.323641,2026-07-01T18:12:37.333429+00:00,85.2,200,ask,AverageAlmonds,WavyWalnuts,2754304
2026-07-01T18:12:37.775121,2026-07-01T18:12:37.784421+00:00,85.2,500,ask,AverageAlmonds,YieldingYams,2754313
2026-07-01T18:12:37.775121,2026-07-01T18:12:37.784421+00:00,85.1,9,ask,Kelvin Chan,YieldingYams,2754314
2026-07-01T18:12:37.788488,2026-07-01T18:12:37.791912+00:00,85.1,23,bid,Xuanyu Liu,YieldingYams,2754317
2026-07-01T18:12:37.792928,2026-07-01T18:12:37.807153+00:00,85.1,93,bid,Chester Au,YieldingYams,2754318
2026-07-01T18:12:38.803096,2026-07-01T18:12:38.814595+00:00,85.3,20,bid,BrilliantBurritos,WavyWalnuts,2754330
2026-07-01T18:12:39.552191,2026-07-01T18:12:39.569054+00:00,85.3,180,bid,AverageAlmonds,WavyWalnuts,2754337
2026-07-01T18:12:39.552191,2026-07-01T18:12:39.569054+00:00,85.3,320,bid,AverageAlmonds,YieldingYams,2754338
2026-07-01T18:12:40.949026,2026-07-01T18:12:40.963752+00:00,85.3,200,ask,YieldingYams,WavyWalnuts,2754370
2026-07-01T18:12:43.016070,2026-07-01T18:12:43.027137+00:00,85.2,200,ask,WavyWalnuts,YieldingYams,2754414
2026-07-01T18:12:43.026387,2026-07-01T18:12:43.037820+00:00,85.2,7,bid,Chester Au,YieldingYams,2754417
2026-07-01T18:12:43.055972,2026-07-01T18:12:43.051887+00:00,85.2,96,bid,Chester Au,YieldingYams,2754419
2026-07-01T18:12:43.796926,2026-07-01T18:12:43.804143+00:00,85.2,322,bid,AverageAlmonds,YieldingYams,2754427
2026-07-01T18:12:44.093498,2026-07-01T18:12:44.097139+00:00,85.2,26,ask,AverageAlmonds,Xuanyu Liu,2754442
2026-07-01T18:12:44.322814,2026-07-01T18:12:44.331552+00:00,85.3,200,bid,YieldingYams,WavyWalnuts,2754449
2026-07-01T18:12:44.568814,2026-07-01T18:12:44.577995+00:00,85.3,200,ask,YieldingYams,WavyWalnuts,2754454
2026-07-01T18:12:45.777943,2026-07-01T18:12:45.784510+00:00,85.3,200,bid,WavyWalnuts,YieldingYams,2754479
2026-07-01T18:12:46.987747,2026-07-01T18:12:46.998357+00:00,85.3,200,ask,YieldingYams,WavyWalnuts,2754501
2026-07-01T18:12:49.563540,2026-07-01T18:12:49.572510+00:00,85.3,200,bid,YieldingYams,WavyWalnuts,2754570
2026-07-01T18:12:52.188935,2026-07-01T18:12:52.198049+00:00,85.2,200,ask,WavyWalnuts,YieldingYams,2754635
2026-07-01T18:12:53.181976,2026-07-01T18:12:53.188467+00:00,85.1,3,ask,Kelvin Chan,Chester Au,2754655
2026-07-01T18:12:53.181976,2026-07-01T18:12:53.193790+00:00,85.1,97,ask,AverageAlmonds,Chester Au,2754656
2026-07-01T18:12:54.947547,2026-07-01T18:12:54.958534+00:00,85.2,20,ask,YieldingYams,BrilliantBurritos,2754708
2026-07-01T18:12:55.459792,2026-07-01T18:12:55.469655+00:00,85.2,200,ask,YieldingYams,WavyWalnuts,2754717
2026-07-01T18:12:56.771996,2026-07-01T18:12:56.775825+00:00,85.3,3,bid,Xuanyu Liu,YieldingYams,2754753
2026-07-01T18:12:57.457352,2026-07-01T18:12:57.464018+00:00,85.2,200,ask,WavyWalnuts,YieldingYams,2754764
2026-07-01T18:12:57.477582,2026-07-01T18:12:57.484271+00:00,85.2,100,bid,Chester Au,YieldingYams,2754771
2026-07-01T18:12:57.480648,2026-07-01T18:12:57.484271+00:00,85.2,11,bid,Xuanyu Liu,YieldingYams,2754772
2026-07-01T18:12:58.780580,2026-07-01T18:12:58.788782+00:00,85.2,200,bid,YieldingYams,WavyWalnuts,2754805
2026-07-01T18:12:59.086668,2026-07-01T18:12:59.095704+00:00,85.2,200,ask,YieldingYams,WavyWalnuts,2754814
2026-07-01T18:13:02.729624,2026-07-01T18:13:02.740474+00:00,85.2,200,bid,WavyWalnuts,YieldingYams,2754905
2026-07-01T18:13:04.035275,2026-07-01T18:13:04.042423+00:00,85.2,200,bid,YieldingYams,WavyWalnuts,2754937
2026-07-01T18:13:04.035275,2026-07-01T18:13:04.058594+00:00,85.3,3,bid,YieldingYams,Kelvin Chan,2754938
2026-07-01T18:13:04.035275,2026-07-01T18:13:04.058594+00:00,85.3,422,bid,YieldingYams,AverageAlmonds,2754939
2026-07-01T18:13:05.631617,2026-07-01T18:13:05.642976+00:00,85.2,20,bid,BrilliantBurritos,WavyWalnuts,2754969
2026-07-01T18:13:05.830485,2026-07-01T18:13:05.835828+00:00,85.0,4,ask,Kelvin Chan,Xuanyu Liu,2754977
2026-07-01T18:13:05.830485,2026-07-01T18:13:05.835828+00:00,85.0,7,ask,WavyWalnuts,Xuanyu Liu,2754978
2026-07-01T18:13:07.323448,2026-07-01T18:13:07.333317+00:00,85.2,20,bid,BrilliantBurritos,WavyWalnuts,2754994
2026-07-01T18:13:07.579934,2026-07-01T18:13:07.589357+00:00,85.2,200,bid,WavyWalnuts,YieldingYams,2754997
2026-07-01T18:13:07.995407,2026-07-01T18:13:07.999096+00:00,85.2,3,ask,YieldingYams,Xuanyu Liu,2755013
2026-07-01T18:13:08.017482,2026-07-01T18:13:08.025144+00:00,85.2,500,ask,YieldingYams,AverageAlmonds,2755014
2026-07-01T18:13:08.606891,2026-07-01T18:13:08.615150+00:00,85.2,122,ask,YieldingYams,AverageAlmonds,2755022
2026-07-01T18:13:09.292796,2026-07-01T18:13:09.302542+00:00,85.0,5,ask,Kelvin Chan,YieldingYams,2755033
2026-07-01T18:13:09.292796,2026-07-01T18:13:09.302542+00:00,84.9,200,ask,WavyWalnuts,YieldingYams,2755034
2026-07-01T18:13:09.338648,2026-07-01T18:13:09.344295+00:00,84.9,3,bid,Xuanyu Liu,YieldingYams,2755038
2026-07-01T18:13:09.430359,2026-07-01T18:13:09.434228+00:00,84.8,3,ask,YieldingYams,Xuanyu Liu,2755041
2026-07-01T18:13:11.916374,2026-07-01T18:13:11.922553+00:00,84.9,200,ask,WavyWalnuts,YieldingYams,2755083
2026-07-01T18:13:13.224514,2026-07-01T18:13:13.232387+00:00,85.0,200,bid,YieldingYams,WavyWalnuts,2755104
2026-07-01T18:13:13.240211,2026-07-01T18:13:13.243816+00:00,85.1,14,ask,YieldingYams,Xuanyu Liu,2755107
2026-07-01T18:13:13.243978,2026-07-01T18:13:13.263989+00:00,85.1,80,ask,YieldingYams,Chester Au,2755108
2026-07-01T18:13:13.272159,2026-07-01T18:13:13.278314+00:00,85.1,120,ask,YieldingYams,Chester Au,2755110
2026-07-01T18:13:13.635548,2026-07-01T18:13:13.644896+00:00,85.1,200,ask,YieldingYams,WavyWalnuts,2755112
2026-07-01T18:13:14.537725,2026-07-01T18:13:14.547872+00:00,84.9,200,ask,WavyWalnuts,YieldingYams,2755122
2026-07-01T18:13:14.840331,2026-07-01T18:13:14.847465+00:00,84.9,200,bid,WavyWalnuts,YieldingYams,2755125
2026-07-01T18:13:15.702889,2026-07-01T18:13:15.706403+00:00,84.9,14,bid,Xuanyu Liu,YieldingYams,2755141
2026-07-01T18:13:17.261693,2026-07-01T18:13:17.269227+00:00,85.1,200,ask,YieldingYams,WavyWalnuts,2755170
2026-07-01T18:13:18.490232,2026-07-01T18:13:18.493916+00:00,85.1,3,bid,Xuanyu Liu,WavyWalnuts,2755202
2026-07-01T18:13:18.934542,2026-07-01T18:13:18.938565+00:00,85.0,3,ask,YieldingYams,Xuanyu Liu,2755213
2026-07-01T18:13:19.548752,2026-07-01T18:13:19.564075+00:00,85.1,20,bid,BrilliantBurritos,WavyWalnuts,2755224
2026-07-01T18:13:21.092400,2026-07-01T18:13:21.099290+00:00,85.0,6,ask,Kelvin Chan,YieldingYams,2755259
2026-07-01T18:13:21.092400,2026-07-01T18:13:21.104536+00:00,85.0,500,ask,AverageAlmonds,YieldingYams,2755260
2026-07-01T18:13:21.092400,2026-07-01T18:13:21.104536+00:00,85.0,119,ask,WavyWalnuts,YieldingYams,2755261
2026-07-01T18:13:21.329121,2026-07-01T18:13:21.337860+00:00,85.1,200,bid,AverageAlmonds,WavyWalnuts,2755264
2026-07-01T18:13:22.402072,2026-07-01T18:13:22.408883+00:00,85.2,200,bid,YieldingYams,WavyWalnuts,2755290
2026-07-01T18:13:23.312292,2026-07-01T18:13:23.321594+00:00,85.3,17,bid,WavyWalnuts,Kelvin Chan,2755301
2026-07-01T18:13:24.529019,2026-07-01T18:13:24.537641+00:00,85.3,200,ask,YieldingYams,WavyWalnuts,2755327
2026-07-01T18:13:26.944104,2026-07-01T18:13:26.951772+00:00,85.4,4,bid,WavyWalnuts,Kelvin Chan,2755383
2026-07-01T18:13:26.944104,2026-07-01T18:13:26.958542+00:00,85.4,196,bid,WavyWalnuts,YieldingYams,2755384
2026-07-01T18:13:28.364012,2026-07-01T18:13:28.367586+00:00,85.4,3,bid,YieldingYams,Kelvin Chan,2755413
2026-07-01T18:13:28.959559,2026-07-01T18:13:28.968974+00:00,85.4,3,bid,Xuanyu Liu,Kelvin Chan,2755422
2026-07-01T18:13:28.959559,2026-07-01T18:13:28.968974+00:00,85.4,200,bid,YieldingYams,WavyWalnuts,2755423
2026-07-01T18:13:30.583045,2026-07-01T18:13:30.593644+00:00,85.4,200,ask,YieldingYams,WavyWalnuts,2755446
2026-07-01T18:13:32.022018,2026-07-01T18:13:32.033666+00:00,85.5,3,bid,BrilliantBurritos,Kelvin Chan,2755465
2026-07-01T18:13:32.022018,2026-07-01T18:13:32.033666+00:00,85.5,17,bid,BrilliantBurritos,YieldingYams,2755466
2026-07-01T18:13:34.214370,2026-07-01T18:13:34.268714+00:00,85.4,200,ask,YieldingYams,WavyWalnuts,2755503
2026-07-01T18:13:34.872054,2026-07-01T18:13:34.880455+00:00,85.4,20,ask,YieldingYams,BrilliantBurritos,2755506
2026-07-01T18:13:35.421946,2026-07-01T18:13:35.429418+00:00,85.5,7,bid,WavyWalnuts,Kelvin Chan,2755514
2026-07-01T18:13:35.516380,2026-07-01T18:13:35.524872+00:00,85.5,193,ask,WavyWalnuts,YieldingYams,2755515
2026-07-01T18:13:36.631895,2026-07-01T18:13:36.640472+00:00,85.5,200,bid,WavyWalnuts,YieldingYams,2755533
2026-07-01T18:13:37.841779,2026-07-01T18:13:37.845885+00:00,85.6,6,bid,WavyWalnuts,Kelvin Chan,2755561
2026-07-01T18:13:39.451893,2026-07-01T18:13:39.464048+00:00,85.6,200,ask,WavyWalnuts,YieldingYams,2755592
2026-07-01T18:13:40.260606,2026-07-01T18:13:40.269023+00:00,85.6,200,bid,WavyWalnuts,YieldingYams,2755613
2026-07-01T18:13:40.764615,2026-07-01T18:13:40.775091+00:00,85.7,3,bid,YieldingYams,Kelvin Chan,2755626
2026-07-01T18:13:40.764615,2026-07-01T18:13:40.775091+00:00,85.8,200,bid,YieldingYams,WavyWalnuts,2755627
2026-07-01T18:13:41.091379,2026-07-01T18:13:41.101233+00:00,85.9,50,bid,Chester Au,AverageAlmonds,2755634
2026-07-01T18:13:41.097126,2026-07-01T18:13:41.101233+00:00,85.9,46,bid,Xuanyu Liu,AverageAlmonds,2755635
2026-07-01T18:13:41.472089,2026-07-01T18:13:41.480986+00:00,85.8,200,ask,YieldingYams,WavyWalnuts,2755639
2026-07-01T18:13:44.518827,2026-07-01T18:13:44.530274+00:00,85.7,20,bid,BrilliantBurritos,WavyWalnuts,2755701
2026-07-01T18:13:45.097176,2026-07-01T18:13:45.104063+00:00,85.6,200,ask,YieldingYams,WavyWalnuts,2755714
2026-07-01T18:13:46.307356,2026-07-01T18:13:46.317467+00:00,85.6,200,ask,YieldingYams,WavyWalnuts,2755742
2026-07-01T18:13:51.143876,2026-07-01T18:13:51.158606+00:00,85.6,200,bid,WavyWalnuts,YieldingYams,2755835
2026-07-01T18:13:51.259627,2026-07-01T18:13:51.263766+00:00,85.7,46,ask,YieldingYams,Xuanyu Liu,2755837
2026-07-01T18:13:52.356568,2026-07-01T18:13:52.368939+00:00,85.7,200,ask,YieldingYams,WavyWalnuts,2755855
2026-07-01T18:13:53.565062,2026-07-01T18:13:53.572132+00:00,85.7,200,ask,YieldingYams,WavyWalnuts,2755877
2026-07-01T18:13:54.772661,2026-07-01T18:13:54.780244+00:00,85.7,200,ask,YieldingYams,WavyWalnuts,2755908
2026-07-01T18:13:56.498987,2026-07-01T18:13:56.505575+00:00,85.6,200,ask,WavyWalnuts,YieldingYams,2755939
2026-07-01T18:13:57.062430,2026-07-01T18:13:57.069341+00:00,85.6,425,bid,AverageAlmonds,YieldingYams,2755953
2026-07-01T18:13:57.094448,2026-07-01T18:13:57.098340+00:00,85.6,3,ask,AverageAlmonds,Xuanyu Liu,2755957
2026-07-01T18:13:57.198145,2026-07-01T18:13:57.208884+00:00,85.6,72,ask,AverageAlmonds,WavyWalnuts,2755958
2026-07-01T18:13:57.655290,2026-07-01T18:13:57.658588+00:00,85.6,128,bid,AverageAlmonds,WavyWalnuts,2755968
2026-07-01T18:13:57.805258,2026-07-01T18:13:57.828931+00:00,85.8,2,bid,YieldingYams,Kelvin Chan,2755974
2026-07-01T18:13:57.824638,2026-07-01T18:13:57.828931+00:00,85.9,3,ask,YieldingYams,Xuanyu Liu,2755977
2026-07-01T18:13:57.828124,2026-07-01T18:13:57.844190+00:00,85.9,50,ask,YieldingYams,Chester Au,2755978
2026-07-01T18:13:58.408319,2026-07-01T18:13:58.418816+00:00,85.9,200,ask,YieldingYams,WavyWalnuts,2755984
2026-07-01T18:13:58.821261,2026-07-01T18:13:58.828761+00:00,86.0,7,bid,BrilliantBurritos,Kelvin Chan,2755994
2026-07-01T18:13:59.617383,2026-07-01T18:13:59.628878+00:00,85.7,200,ask,YieldingYams,WavyWalnuts,2756008
2026-07-01T18:14:00.116221,2026-07-01T18:14:00.125133+00:00,85.7,20,ask,YieldingYams,BrilliantBurritos,2756022
2026-07-01T18:14:02.183429,2026-07-01T18:14:02.194812+00:00,85.7,20,ask,YieldingYams,BrilliantBurritos,2756063
2026-07-01T18:14:03.057769,2026-07-01T18:14:03.068983+00:00,85.7,200,ask,WavyWalnuts,YieldingYams,2756084
2026-07-01T18:14:04.365657,2026-07-01T18:14:04.374036+00:00,85.7,200,bid,YieldingYams,WavyWalnuts,2756115
2026-07-01T18:14:04.381798,2026-07-01T18:14:04.385386+00:00,85.7,11,ask,YieldingYams,Xuanyu Liu,2756117
2026-07-01T18:14:05.030009,2026-07-01T18:14:05.041674+00:00,85.8,1,bid,BrilliantBurritos,Kelvin Chan,2756136
2026-07-01T18:14:05.030009,2026-07-01T18:14:05.041674+00:00,85.8,19,bid,BrilliantBurritos,YieldingYams,2756137
2026-07-01T18:14:05.661902,2026-07-01T18:14:05.669065+00:00,85.7,200,ask,YieldingYams,WavyWalnuts,2756145
